  <div class='ocr_page' id='page_1' title='image "/cluster/home/n/w/nwhite01/storage/ocr_20150623/130/hvd.32044073502387/564.png"; bbox 0 0 4032 6210; ppageno 0'>
   <div class='ocr_carea' id='block_1_1' title="bbox 400 273 539 342">
    <p class='ocr_par' dir='ltr' id='par_1_1' title="bbox 400 273 539 342">
     <span class='ocr_line' id='line_1_1' title="bbox 400 273 539 342; baseline 0.007 -1"><span class='ocrx_word' id='word_1_1' title='bbox 400 273 539 342; x_wconf 75' lang='grc'><strong>1113</strong></span> 
     </span>
    </p>
   </div>
   <div class='ocr_carea' id='block_1_2' title="bbox 1353 267 2725 333">
    <p class='ocr_par' dir='ltr' id='par_1_2' title="bbox 1353 267 2725 333">
     <span class='ocr_line' id='line_1_2' title="bbox 1353 267 2725 333; baseline 0.001 -2"><span class='ocrx_word' id='word_1_2' title='bbox 1353 270 1732 332; x_wconf 75' lang='lat' dir='ltr'><strong>PANOPLIA</strong></span> <span class='ocrx_word' id='word_1_3' title='bbox 1770 268 2232 332; x_wconf 78' lang='lat' dir='ltr'><strong>DOGMATICA.</strong></span> <span class='ocrx_word' id='word_1_4' title='bbox 2269 293 2340 304; x_wconf 90' lang='lat'><strong>—</strong></span> <span class='ocrx_word' id='word_1_5' title='bbox 2376 267 2523 332; x_wconf 81' lang='grc' dir='ltr'><strong>ΤΙΤ.</strong></span> <span class='ocrx_word' id='word_1_6' title='bbox 2566 270 2725 333; x_wconf 82' lang='grc' dir='ltr'>ΧΧΙ.</span> 
     </span>
    </p>
   </div>
   <div class='ocr_carea' id='block_1_3' title="bbox 3510 265 3648 332">
    <p class='ocr_par' dir='ltr' id='par_1_3' title="bbox 3510 265 3648 332">
     <span class='ocr_line' id='line_1_3' title="bbox 3510 265 3648 332; baseline -0.014 -1"><span class='ocrx_word' id='word_1_7' title='bbox 3510 265 3648 332; x_wconf 72' lang='grc'><strong>1114</strong></span> 
     </span>
    </p>
   </div>
   <div class='ocr_carea' id='block_1_4' title="bbox 392 382 1963 462">
    <p class='ocr_par' dir='ltr' id='par_1_4' title="bbox 392 382 1963 462">
     <span class='ocr_line' id='line_1_4' title="bbox 392 382 1963 462; baseline -0.006 -17"><span class='ocrx_word' id='word_1_8' title='bbox 392 393 564 462; x_wconf 71' lang='grc' dir='ltr'>τιραν</span> <span class='ocrx_word' id='word_1_9' title='bbox 595 388 897 444; x_wconf 77' lang='grc' dir='ltr'>διάστασιν.</span> <span class='ocrx_word' id='word_1_10' title='bbox 935 384 1026 439; x_wconf 82' lang='grc' dir='ltr'><strong>Ἐν</strong></span> <span class='ocrx_word' id='word_1_11' title='bbox 1051 383 1230 439; x_wconf 77' lang='grc' dir='ltr'>οὐδενὶ</span> <span class='ocrx_word' id='word_1_12' title='bbox 1258 384 1368 452; x_wconf 75' lang='grc' dir='ltr'><strong>γάρ</strong></span> <span class='ocrx_word' id='word_1_13' title='bbox 1398 382 1543 454; x_wconf 78' lang='grc' dir='ltr'>ἄλλῳ</span> <span class='ocrx_word' id='word_1_14' title='bbox 1568 384 1871 454; x_wconf 82' lang='grc' dir='ltr'>καθέστηκε</span> <span class='ocrx_word' id='word_1_15' title='bbox 1911 384 1963 436; x_wconf 74' lang='grc' dir='ltr'><strong>τὸ</strong></span> 
     </span>
    </p>
   </div>
   <div class='ocr_carea' id='block_1_5' title="bbox 2063 382 3648 462">
    <p class='ocr_par' dir='ltr' id='par_1_5' title="bbox 2074 383 3648 454">
     <span class='ocr_line' id='line_1_5' title="bbox 2074 383 3648 454; baseline -0.001 -15"><span class='ocrx_word' id='word_1_16' title='bbox 2074 383 2240 446; x_wconf 84' lang='lat' dir='ltr'><strong>sistit,</strong></span> <span class='ocrx_word' id='word_1_17' title='bbox 2265 383 2371 437; x_wconf 84' lang='lat' dir='ltr'><strong>nisi</strong></span> <span class='ocrx_word' id='word_1_18' title='bbox 2403 384 2452 436; x_wconf 93' lang='lat' dir='ltr'><strong>in</strong></span> <span class='ocrx_word' id='word_1_19' title='bbox 2480 397 2544 435; x_wconf 90' lang='lat' dir='ltr'><strong>eo</strong></span> <span class='ocrx_word' id='word_1_20' title='bbox 2564 383 2901 449; x_wconf 87' lang='lat' dir='ltr'><strong>discrimine,</strong></span> <span class='ocrx_word' id='word_1_21' title='bbox 2927 383 3069 454; x_wconf 85' lang='lat' dir='ltr'><strong>quod</strong></span> <span class='ocrx_word' id='word_1_22' title='bbox 3098 392 3182 439; x_wconf 89' lang='lat' dir='ltr'><strong>est</strong></span> <span class='ocrx_word' id='word_1_23' title='bbox 3211 383 3356 438; x_wconf 90' lang='lat' dir='ltr'><strong>inter</strong></span> <span class='ocrx_word' id='word_1_24' title='bbox 3398 385 3648 439; x_wconf 76' lang='lat' dir='ltr'><strong>volunta-</strong></span> 
     </span>
    </p>
   </div>
   <div class='ocr_carea' id='block_1_6' title="bbox 394 474 1971 550">
    <p class='ocr_par' dir='ltr' id='par_1_6' title="bbox 394 474 1971 550">
     <span class='ocr_line' id='line_1_6' title="bbox 394 474 1971 550; baseline -0.006 -14"><span class='ocrx_word' id='word_1_25' title='bbox 394 482 592 544; x_wconf 80' lang='grc' dir='ltr'>κακὸν,</span> <span class='ocrx_word' id='word_1_26' title='bbox 622 481 672 532; x_wconf 83' lang='grc' dir='ltr'><strong>εί</strong></span> <span class='ocrx_word' id='word_1_27' title='bbox 711 479 785 550; x_wconf 79' lang='grc' dir='ltr'>μὴ</span> <span class='ocrx_word' id='word_1_28' title='bbox 814 478 976 547; x_wconf 88' lang='grc' dir='ltr'>μόνον</span> <span class='ocrx_word' id='word_1_29' title='bbox 1007 476 1065 529; x_wconf 86' lang='grc' dir='ltr'><strong>ἐν</strong></span> <span class='ocrx_word' id='word_1_30' title='bbox 1084 478 1151 545; x_wconf 82' lang='grc' dir='ltr'>τῇ</span> <span class='ocrx_word' id='word_1_31' title='bbox 1190 474 1325 545; x_wconf 87' lang='grc' dir='ltr'>πρὸς</span> <span class='ocrx_word' id='word_1_32' title='bbox 1363 475 1425 528; x_wconf 87' lang='grc' dir='ltr'><strong>τὸ</strong></span> <span class='ocrx_word' id='word_1_33' title='bbox 1449 474 1593 527; x_wconf 85' lang='grc' dir='ltr'>θεῖον</span> <span class='ocrx_word' id='word_1_34' title='bbox 1619 474 1833 545; x_wconf 81' lang='grc' dir='ltr'>θέλημα</span> <span class='ocrx_word' id='word_1_35' title='bbox 1853 476 1971 527; x_wconf 84' lang='grc' dir='ltr'>δια-</span> 
     </span>
    </p>
   </div>
   <div class='ocr_carea' id='block_1_7' title="bbox 395 563 1973 645">
    <p class='ocr_par' dir='ltr' id='par_1_7' title="bbox 395 563 1973 645">
     <span class='ocr_line' id='line_1_7' title="bbox 395 563 1973 645; baseline -0.005 -17"><span class='ocrx_word' id='word_1_36' title='bbox 395 575 543 645; x_wconf 74' lang='grc' dir='ltr'>φορᾷ</span> <span class='ocrx_word' id='word_1_37' title='bbox 578 571 675 626; x_wconf 87' lang='grc' dir='ltr'><strong>τοῦ</strong></span> <span class='ocrx_word' id='word_1_38' title='bbox 718 571 859 625; x_wconf 87' lang='grc' dir='ltr'>κατά</span> <span class='ocrx_word' id='word_1_39' title='bbox 892 568 1121 640; x_wconf 84' lang='grc' dir='ltr'>γνώμην</span> <span class='ocrx_word' id='word_1_40' title='bbox 1156 568 1429 639; x_wconf 79' lang='grc' dir='ltr'><strong>ἡμετέρου</strong></span> <span class='ocrx_word' id='word_1_41' title='bbox 1460 567 1794 639; x_wconf 85' lang='grc' dir='ltr'>θελήματος,</span> <span class='ocrx_word' id='word_1_42' title='bbox 1828 563 1973 641; x_wconf 78' lang='grc' dir='ltr'>ᾗτινι</span> 
     </span>
    </p>
   </div>
   <div class='ocr_carea' id='block_1_8' title="bbox 395 662 1973 734">
    <p class='ocr_par' dir='ltr' id='par_1_8' title="bbox 395 662 1973 734">
     <span class='ocr_line' id='line_1_8' title="bbox 395 662 1973 734; baseline -0.006 -12"><span class='ocrx_word' id='word_1_43' title='bbox 395 668 616 728; x_wconf 79' lang='grc' dir='ltr'>πάντως</span> <span class='ocrx_word' id='word_1_44' title='bbox 668 664 1021 734; x_wconf 80' lang='grc' dir='ltr'><strong>ἀντικειμένη</strong></span> <span class='ocrx_word' id='word_1_45' title='bbox 1082 664 1467 729; x_wconf 79' lang='grc' dir='ltr'><strong>συνεισάγεται</strong></span> <span class='ocrx_word' id='word_1_46' title='bbox 1528 662 1787 732; x_wconf 77' lang='grc' dir='ltr'>ποσότης,</span> <span class='ocrx_word' id='word_1_47' title='bbox 1822 664 1973 714; x_wconf 81' lang='grc' dir='ltr'>καὶό</span> 
     </span>
    </p>
   </div>
   <div class='ocr_carea' id='block_1_9' title="bbox 393 738 1972 828">
    <p class='ocr_par' dir='ltr' id='par_1_9' title="bbox 393 738 1972 828">
     <span class='ocr_line' id='line_1_9' title="bbox 393 738 1972 828; baseline -0.006 -15"><span class='ocrx_word' id='word_1_48' title='bbox 393 759 602 828; x_wconf 82' lang='grc' dir='ltr'>ταύτης</span> <span class='ocrx_word' id='word_1_49' title='bbox 644 756 944 827; x_wconf 90' lang='grc' dir='ltr'>δηλωτικὸς</span> <span class='ocrx_word' id='word_1_50' title='bbox 994 738 1233 824; x_wconf 61' lang='grc' dir='ltr'>ἀριθμὸς</span> <span class='ocrx_word' id='word_1_51' title='bbox 1273 753 1493 815; x_wconf 73' lang='grc' dir='ltr'>δεικνὺς</span> <span class='ocrx_word' id='word_1_52' title='bbox 1529 754 1662 823; x_wconf 80' lang='grc' dir='ltr'>ἡμῖν</span> <span class='ocrx_word' id='word_1_53' title='bbox 1711 753 1845 821; x_wconf 88' lang='grc' dir='ltr'>πρὸς</span> <span class='ocrx_word' id='word_1_54' title='bbox 1880 750 1972 804; x_wconf 87' lang='grc' dir='ltr'><strong>τὸν</strong></span> 
     </span>
    </p>
   </div>
   <div class='ocr_carea' id='block_1_10' title="bbox 394 839 1973 920">
    <p class='ocr_par' dir='ltr' id='par_1_10' title="bbox 394 839 1973 920">
     <span class='ocr_line' id='line_1_10' title="bbox 394 839 1973 920; baseline -0.006 -15"><span class='ocrx_word' id='word_1_55' title='bbox 394 852 531 905; x_wconf 86' lang='grc' dir='ltr'>Θεὸν</span> <span class='ocrx_word' id='word_1_56' title='bbox 554 849 649 903; x_wconf 91' lang='grc' dir='ltr'><strong>τοῦ</strong></span> <span class='ocrx_word' id='word_1_57' title='bbox 674 845 958 920; x_wconf 89' lang='grc' dir='ltr'>γνωμικοῦ</span> <span class='ocrx_word' id='word_1_58' title='bbox 991 845 1299 917; x_wconf 76' lang='grc' dir='ltr'><strong>θελήματος</strong></span> <span class='ocrx_word' id='word_1_59' title='bbox 1336 845 1708 899; x_wconf 72' lang='grc' dir='ltr'>ἁντιπάθειαν.</span> <span class='ocrx_word' id='word_1_60' title='bbox 1747 839 1842 907; x_wconf 77' lang='grc' dir='ltr'>Εἷς</span> <span class='ocrx_word' id='word_1_61' title='bbox 1878 840 1973 899; x_wconf 80' lang='grc' dir='ltr'><strong>οῦν</strong></span> 
     </span>
    </p>
   </div>
   <div class='ocr_carea' id='block_1_11' title="bbox 396 936 1972 1013">
    <p class='ocr_par' dir='ltr' id='par_1_11' title="bbox 396 936 1972 1013">
     <span class='ocr_line' id='line_1_11' title="bbox 396 936 1972 1013; baseline -0.004 -16"><span class='ocrx_word' id='word_1_62' title='bbox 396 943 680 1013; x_wconf 78' lang='grc' dir='ltr'>Νεστορίῳ</span> <span class='ocrx_word' id='word_1_63' title='bbox 709 958 767 995; x_wconf 83' lang='grc' dir='ltr'><strong>τε</strong></span> <span class='ocrx_word' id='word_1_64' title='bbox 800 940 896 993; x_wconf 74' lang='grc' dir='ltr'>καὶ</span> <span class='ocrx_word' id='word_1_65' title='bbox 927 938 1152 1009; x_wconf 76' lang='grc' dir='ltr'>Σευήρῳ</span> <span class='ocrx_word' id='word_1_66' title='bbox 1181 940 1311 1007; x_wconf 76' lang='grc' dir='ltr'><strong>περὶ</strong></span> <span class='ocrx_word' id='word_1_67' title='bbox 1342 936 1439 989; x_wconf 87' lang='grc' dir='ltr'><strong>τοῦ</strong></span> <span class='ocrx_word' id='word_1_68' title='bbox 1475 938 1759 990; x_wconf 80' lang='grc' dir='ltr'>δυσσεόεἰν</span> <span class='ocrx_word' id='word_1_69' title='bbox 1790 938 1972 1005; x_wconf 83' lang='grc' dir='ltr'>ὑπάρ-</span> 
     </span>
    </p>
   </div>
   <div class='ocr_carea' id='block_1_12' title="bbox 396 1026 1971 1102">
    <p class='ocr_par' dir='ltr' id='par_1_12' title="bbox 396 1026 1971 1102">
     <span class='ocr_line' id='line_1_12' title="bbox 396 1026 1971 1102; baseline -0.004 -17"><span class='ocrx_word' id='word_1_70' title='bbox 396 1051 487 1102; x_wconf 85' lang='grc' dir='ltr'>χει</span> <span class='ocrx_word' id='word_1_71' title='bbox 521 1031 750 1096; x_wconf 86' lang='grc' dir='ltr'>σκοπὸς,</span> <span class='ocrx_word' id='word_1_72' title='bbox 794 1030 896 1083; x_wconf 74' lang='grc' dir='ltr'>κᾶν</span> <span class='ocrx_word' id='word_1_73' title='bbox 955 1031 983 1082; x_wconf 94' lang='lat'><strong>6</strong></span> <span class='ocrx_word' id='word_1_74' title='bbox 1024 1028 1225 1097; x_wconf 83' lang='grc' dir='ltr'><strong>τρόπος</strong></span> <span class='ocrx_word' id='word_1_75' title='bbox 1283 1026 1567 1095; x_wconf 71' lang='grc' dir='ltr'>διάφορος.</span> <span class='ocrx_word' id='word_1_76' title='bbox 1609 1028 1666 1080; x_wconf 88' lang='lat'><strong>&#39;0</strong></span> <span class='ocrx_word' id='word_1_77' title='bbox 1718 1028 1817 1097; x_wconf 78' lang='grc' dir='ltr'>μὲν</span> <span class='ocrx_word' id='word_1_78' title='bbox 1861 1028 1971 1097; x_wconf 86' lang='grc' dir='ltr'><strong>γάρ</strong></span> 
     </span>
    </p>
   </div>
   <div class='ocr_carea' id='block_1_13' title="bbox 391 1119 1971 1196">
    <p class='ocr_par' dir='ltr' id='par_1_13' title="bbox 391 1119 1971 1196">
     <span class='ocr_line' id='line_1_13' title="bbox 391 1119 1971 1196; baseline -0.004 -19"><span class='ocrx_word' id='word_1_79' title='bbox 391 1126 483 1179; x_wconf 82' lang='grc' dir='ltr'><strong>διὰ</strong></span> <span class='ocrx_word' id='word_1_80' title='bbox 516 1127 616 1193; x_wconf 82' lang='grc' dir='ltr'>τὴν</span> <span class='ocrx_word' id='word_1_81' title='bbox 650 1124 915 1196; x_wconf 81' lang='grc' dir='ltr'>σύγχυσιν</span> <span class='ocrx_word' id='word_1_82' title='bbox 949 1121 1168 1191; x_wconf 81' lang='grc' dir='ltr'>φεύγων</span> <span class='ocrx_word' id='word_1_83' title='bbox 1199 1120 1297 1189; x_wconf 83' lang='grc' dir='ltr'>τὴν</span> <span class='ocrx_word' id='word_1_84' title='bbox 1339 1119 1459 1172; x_wconf 78' lang='grc' dir='ltr'>καθ’</span> <span class='ocrx_word' id='word_1_85' title='bbox 1504 1120 1805 1171; x_wconf 72' lang='grc' dir='ltr'>ὑπόστασιν</span> <span class='ocrx_word' id='word_1_86' title='bbox 1837 1120 1971 1171; x_wconf 72' lang='grc' dir='ltr'>ἐνωο</span> 
     </span>
    </p>
   </div>
   <div class='ocr_carea' id='block_1_14' title="bbox 394 1211 1970 1284">
    <p class='ocr_par' dir='ltr' id='par_1_14' title="bbox 394 1211 1970 1284">
     <span class='ocr_line' id='line_1_14' title="bbox 394 1211 1970 1284; baseline -0.004 -14"><span class='ocrx_word' id='word_1_87' title='bbox 394 1236 504 1283; x_wconf 88' lang='grc' dir='ltr'>σιν,</span> <span class='ocrx_word' id='word_1_88' title='bbox 535 1216 635 1284; x_wconf 77' lang='grc' dir='ltr'>τὴν</span> <span class='ocrx_word' id='word_1_89' title='bbox 687 1215 920 1283; x_wconf 87' lang='grc' dir='ltr'>οὑσιὼδη</span> <span class='ocrx_word' id='word_1_90' title='bbox 979 1212 1246 1282; x_wconf 71' lang='grc' dir='ltr'>διαφορὰν</span> <span class='ocrx_word' id='word_1_91' title='bbox 1297 1213 1661 1282; x_wconf 74' lang='grc' dir='ltr'>προσωπικὴν</span> <span class='ocrx_word' id='word_1_92' title='bbox 1703 1211 1970 1281; x_wconf 80' lang='grc' dir='ltr'>διαίρεσιν</span> 
     </span>
    </p>
   </div>
   <div class='ocr_carea' id='block_1_15' title="bbox 396 1303 1970 1377">
    <p class='ocr_par' dir='ltr' id='par_1_15' title="bbox 396 1303 1970 1377">
     <span class='ocr_line' id='line_1_15' title="bbox 396 1303 1970 1377; baseline -0.003 -17"><span class='ocrx_word' id='word_1_93' title='bbox 396 1309 665 1360; x_wconf 84' lang='grc' dir='ltr'>ποιεῖται⁶</span> <span class='ocrx_word' id='word_1_94' title='bbox 694 1307 723 1357; x_wconf 97' lang='lat'><strong>6</strong></span> <span class='ocrx_word' id='word_1_95' title='bbox 777 1306 835 1359; x_wconf 82' lang='grc' dir='ltr'><strong>δέ</strong></span> <span class='ocrx_word' id='word_1_96' title='bbox 863 1305 952 1359; x_wconf 76' lang='grc' dir='ltr'><strong>διά</strong></span> <span class='ocrx_word' id='word_1_97' title='bbox 987 1306 1085 1375; x_wconf 76' lang='grc' dir='ltr'>τὴν</span> <span class='ocrx_word' id='word_1_98' title='bbox 1143 1304 1409 1373; x_wconf 79' lang='grc' dir='ltr'>διαίρεσιν</span> <span class='ocrx_word' id='word_1_99' title='bbox 1462 1303 1563 1375; x_wconf 82' lang='grc' dir='ltr'>τὴν</span> <span class='ocrx_word' id='word_1_100' title='bbox 1624 1304 1857 1374; x_wconf 83' lang='grc' dir='ltr'>οὑσιώδη</span> <span class='ocrx_word' id='word_1_101' title='bbox 1894 1306 1970 1377; x_wconf 81' lang='grc' dir='ltr'>μὴ</span> 
     </span>
    </p>
   </div>
   <div class='ocr_carea' id='block_1_16' title="bbox 391 1394 1969 1465">
    <p class='ocr_par' dir='ltr' id='par_1_16' title="bbox 391 1394 1969 1465">
     <span class='ocr_line' id='line_1_16' title="bbox 391 1394 1969 1465; baseline 0.001 -17"><span class='ocrx_word' id='word_1_102' title='bbox 391 1395 874 1464; x_wconf 72' lang='grc' dir='ltr'>λέγωνδιαφοράν,</span> <span class='ocrx_word' id='word_1_103' title='bbox 923 1396 1026 1465; x_wconf 79' lang='grc' dir='ltr'>τὴν</span> <span class='ocrx_word' id='word_1_104' title='bbox 1062 1394 1185 1447; x_wconf 80' lang='grc' dir='ltr'>καθ’</span> <span class='ocrx_word' id='word_1_105' title='bbox 1229 1394 1531 1447; x_wconf 78' lang='grc' dir='ltr'>ὑπόστασιν</span> <span class='ocrx_word' id='word_1_106' title='bbox 1574 1395 1768 1448; x_wconf 80' lang='grc' dir='ltr'>ἕνωσιν</span> <span class='ocrx_word' id='word_1_107' title='bbox 1808 1412 1969 1463; x_wconf 83' lang='grc' dir='ltr'>φυσι-</span> 
     </span>
    </p>
   </div>
   <div class='ocr_carea' id='block_1_17' title="bbox 387 1485 1969 1559">
    <p class='ocr_par' dir='ltr' id='par_1_17' title="bbox 387 1485 1969 1559">
     <span class='ocr_line' id='line_1_17' title="bbox 387 1485 1969 1559; baseline 0.003 -21"><span class='ocrx_word' id='word_1_108' title='bbox 387 1485 497 1555; x_wconf 78' lang='grc' dir='ltr'>κὴν</span> <span class='ocrx_word' id='word_1_109' title='bbox 548 1486 843 1553; x_wconf 72' lang='grc' dir='ltr'><strong>ἐργάζεται</strong></span> <span class='ocrx_word' id='word_1_110' title='bbox 894 1488 1186 1556; x_wconf 81' lang='grc' dir='ltr'>σύγχυσιν,</span> <span class='ocrx_word' id='word_1_111' title='bbox 1232 1488 1355 1540; x_wconf 81' lang='grc' dir='ltr'>δέον</span> <span class='ocrx_word' id='word_1_112' title='bbox 1406 1490 1542 1557; x_wconf 88' lang='grc' dir='ltr'>μήτε</span> <span class='ocrx_word' id='word_1_113' title='bbox 1577 1489 1844 1559; x_wconf 85' lang='grc' dir='ltr'>σύγχυσιν</span> <span class='ocrx_word' id='word_1_114' title='bbox 1876 1490 1969 1543; x_wconf 78' lang='grc' dir='ltr'>ἐπὶ</span> 
     </span>
    </p>
   </div>
   <div class='ocr_carea' id='block_1_18' title="bbox 390 1577 1969 1647">
    <p class='ocr_par' dir='ltr' id='par_1_18' title="bbox 390 1577 1969 1647">
     <span class='ocr_line' id='line_1_18' title="bbox 390 1577 1969 1647; baseline 0.003 -17"><span class='ocrx_word' id='word_1_115' title='bbox 390 1578 657 1645; x_wconf 79' lang='grc' dir='ltr'>Χριστοῦ,</span> <span class='ocrx_word' id='word_1_116' title='bbox 689 1577 826 1647; x_wconf 90' lang='grc' dir='ltr'>μήτε</span> <span class='ocrx_word' id='word_1_117' title='bbox 857 1577 1147 1647; x_wconf 81' lang='grc' dir='ltr'>διαίρεσιν,</span> <span class='ocrx_word' id='word_1_118' title='bbox 1193 1578 1309 1633; x_wconf 81' lang='grc' dir='ltr'>ἀλλ’</span> <span class='ocrx_word' id='word_1_119' title='bbox 1338 1580 1533 1633; x_wconf 84' lang='grc' dir='ltr'>ἐνωσιν</span> <span class='ocrx_word' id='word_1_120' title='bbox 1572 1582 1680 1632; x_wconf 86' lang='grc' dir='ltr'><strong>τῶν</strong></span> <span class='ocrx_word' id='word_1_121' title='bbox 1712 1581 1834 1634; x_wconf 86' lang='grc' dir='ltr'>κατ’</span> <span class='ocrx_word' id='word_1_122' title='bbox 1874 1582 1969 1634; x_wconf 88' lang='grc' dir='ltr'>οὑ-</span> 
     </span>
    </p>
   </div>
   <div class='ocr_carea' id='block_1_19' title="bbox 392 1666 1966 1737">
    <p class='ocr_par' dir='ltr' id='par_1_19' title="bbox 392 1666 1966 1737">
     <span class='ocr_line' id='line_1_19' title="bbox 392 1666 1966 1737; baseline 0.006 -20"><span class='ocrx_word' id='word_1_123' title='bbox 392 1666 519 1719; x_wconf 90' lang='grc' dir='ltr'>σίαν</span> <span class='ocrx_word' id='word_1_124' title='bbox 545 1668 942 1737; x_wconf 80' lang='grc' dir='ltr'>διαφερόντων,</span> <span class='ocrx_word' id='word_1_125' title='bbox 966 1669 1060 1722; x_wconf 80' lang='grc' dir='ltr'>καὶ</span> <span class='ocrx_word' id='word_1_126' title='bbox 1092 1669 1357 1737; x_wconf 72' lang='grc' dir='ltr'>διαφορὰν</span> <span class='ocrx_word' id='word_1_127' title='bbox 1390 1670 1496 1723; x_wconf 84' lang='grc' dir='ltr'><strong>τῶν</strong></span> <span class='ocrx_word' id='word_1_128' title='bbox 1518 1672 1641 1723; x_wconf 81' lang='grc' dir='ltr'>καθ’</span> <span class='ocrx_word' id='word_1_129' title='bbox 1666 1673 1966 1726; x_wconf 79' lang='grc' dir='ltr'>ὑπόστασιν</span> 
     </span>
    </p>
   </div>
   <div class='ocr_carea' id='block_1_20' title="bbox 390 1757 1966 1833">
    <p class='ocr_par' dir='ltr' id='par_1_20' title="bbox 390 1757 1966 1833">
     <span class='ocr_line' id='line_1_20' title="bbox 390 1757 1966 1833; baseline 0.003 -22"><span class='ocrx_word' id='word_1_130' title='bbox 390 1757 693 1827; x_wconf 69' lang='grc' dir='ltr'><strong>⁴ίλνωμένων</strong></span> <span class='ocrx_word' id='word_1_131' title='bbox 716 1758 1026 1827; x_wconf 80' lang='grc' dir='ltr'>ὁμολογεῖν,</span> <span class='ocrx_word' id='word_1_132' title='bbox 1060 1761 1146 1812; x_wconf 81' lang='grc' dir='ltr'><strong>ἴνα</strong></span> <span class='ocrx_word' id='word_1_133' title='bbox 1178 1763 1275 1813; x_wconf 68' lang='grc' dir='ltr'>καὶ</span> <span class='ocrx_word' id='word_1_134' title='bbox 1312 1761 1423 1812; x_wconf 87' lang='grc' dir='ltr'><strong>τῶν</strong></span> <span class='ocrx_word' id='word_1_135' title='bbox 1465 1763 1665 1814; x_wconf 78' lang='grc' dir='ltr'>οὐσιῶν</span> <span class='ocrx_word' id='word_1_136' title='bbox 1714 1766 1742 1815; x_wconf 87' lang='lat'><strong>6</strong></span> <span class='ocrx_word' id='word_1_137' title='bbox 1785 1764 1966 1833; x_wconf 81' lang='grc' dir='ltr'>λόγος,</span> 
     </span>
    </p>
   </div>
   <div class='ocr_carea' id='block_1_21' title="bbox 388 1848 1960 1926">
    <p class='ocr_par' dir='ltr' id='par_1_21' title="bbox 388 1848 1960 1926">
     <span class='ocr_line' id='line_1_21' title="bbox 388 1848 1960 1926; baseline 0.006 -25"><span class='ocrx_word' id='word_1_138' title='bbox 388 1851 487 1904; x_wconf 82' lang='grc' dir='ltr'>καὶ</span> <span class='ocrx_word' id='word_1_139' title='bbox 509 1851 607 1920; x_wconf 82' lang='grc' dir='ltr'>τῆς</span> <span class='ocrx_word' id='word_1_140' title='bbox 629 1848 877 1915; x_wconf 82' lang='grc' dir='ltr'>ἐνὼσεως</span> <span class='ocrx_word' id='word_1_141' title='bbox 907 1853 935 1904; x_wconf 85' lang='grc'>6</span> <span class='ocrx_word' id='word_1_142' title='bbox 958 1854 1157 1921; x_wconf 84' lang='grc' dir='ltr'>τρόπος</span> <span class='ocrx_word' id='word_1_143' title='bbox 1191 1853 1437 1915; x_wconf 78' lang='grc' dir='ltr'>εὐσεϐῶς</span> <span class='ocrx_word' id='word_1_144' title='bbox 1487 1857 1960 1926; x_wconf 80' lang='grc' dir='ltr'>καταγγέλληται·</span> 
     </span>
    </p>
   </div>
   <div class='ocr_carea' id='block_1_22' title="bbox 386 1933 1966 2013">
    <p class='ocr_par' dir='ltr' id='par_1_22' title="bbox 386 1933 1966 2013">
     <span class='ocr_line' id='line_1_22' title="bbox 386 1933 1966 2013; baseline 0.006 -24"><span class='ocrx_word' id='word_1_145' title='bbox 386 1933 467 1991; x_wconf 76' lang='grc' dir='ltr'>ὧν</span> <span class='ocrx_word' id='word_1_146' title='bbox 511 1940 680 2009; x_wconf 71' lang='grc' dir='ltr'>ἄμφω</span> <span class='ocrx_word' id='word_1_147' title='bbox 722 1941 1139 2011; x_wconf 80' lang='grc' dir='ltr'>διαρῤαγέντες,</span> <span class='ocrx_word' id='word_1_148' title='bbox 1170 1945 1197 1995; x_wconf 84' lang='lat'><strong>6</strong></span> <span class='ocrx_word' id='word_1_149' title='bbox 1246 1945 1348 2013; x_wconf 75' lang='grc' dir='ltr'>μὲν</span> <span class='ocrx_word' id='word_1_150' title='bbox 1378 1943 1477 2012; x_wconf 81' lang='grc' dir='ltr'>τὴν</span> <span class='ocrx_word' id='word_1_151' title='bbox 1512 1943 1621 1995; x_wconf 86' lang='grc' dir='ltr'><strong>τῶν</strong></span> <span class='ocrx_word' id='word_1_152' title='bbox 1663 1945 1966 2013; x_wconf 86' lang='grc' dir='ltr'>γνωμικῶν</span> 
     </span>
    </p>
   </div>
   <div class='ocr_carea' id='block_1_23' title="bbox 392 2029 1966 2103">
    <p class='ocr_par' dir='ltr' id='par_1_23' title="bbox 392 2029 1966 2103">
     <span class='ocr_line' id='line_1_23' title="bbox 392 2029 1966 2103; baseline 0.006 -21"><span class='ocrx_word' id='word_1_153' title='bbox 392 2029 577 2099; x_wconf 80' lang='grc' dir='ltr'>μόνων</span> <span class='ocrx_word' id='word_1_154' title='bbox 632 2033 938 2102; x_wconf 83' lang='grc' dir='ltr'>ποιοτήτων</span> <span class='ocrx_word' id='word_1_155' title='bbox 993 2035 1212 2099; x_wconf 76' lang='grc' dir='ltr'>ἕνωσιν,</span> <span class='ocrx_word' id='word_1_156' title='bbox 1260 2036 1288 2087; x_wconf 81' lang='lat'><strong>6</strong></span> <span class='ocrx_word' id='word_1_157' title='bbox 1336 2035 1391 2087; x_wconf 85' lang='grc' dir='ltr'>δὲ</span> <span class='ocrx_word' id='word_1_158' title='bbox 1420 2035 1519 2103; x_wconf 76' lang='grc' dir='ltr'>τὴν</span> <span class='ocrx_word' id='word_1_159' title='bbox 1557 2034 1669 2088; x_wconf 88' lang='grc' dir='ltr'><strong>τῶν</strong></span> <span class='ocrx_word' id='word_1_160' title='bbox 1719 2036 1966 2103; x_wconf 80' lang='grc' dir='ltr'>φυσικῶν</span> 
     </span>
    </p>
   </div>
   <div class='ocr_carea' id='block_1_24' title="bbox 392 2121 1961 2196">
    <p class='ocr_par' dir='ltr' id='par_1_24' title="bbox 392 2121 1961 2196">
     <span class='ocr_line' id='line_1_24' title="bbox 392 2121 1961 2196; baseline 0.003 -23"><span class='ocrx_word' id='word_1_161' title='bbox 392 2121 576 2189; x_wconf 87' lang='grc' dir='ltr'>μόνων</span> <span class='ocrx_word' id='word_1_162' title='bbox 634 2121 775 2189; x_wconf 79' lang='grc' dir='ltr'>μετὰ</span> <span class='ocrx_word' id='word_1_163' title='bbox 830 2124 929 2192; x_wconf 76' lang='grc' dir='ltr'>τὴν</span> <span class='ocrx_word' id='word_1_164' title='bbox 981 2123 1182 2178; x_wconf 74' lang='grc' dir='ltr'>ἕνωσιν</span> <span class='ocrx_word' id='word_1_165' title='bbox 1255 2122 1606 2193; x_wconf 83' lang='grc' dir='ltr'>ἐπικυρώσας</span> <span class='ocrx_word' id='word_1_166' title='bbox 1668 2125 1961 2196; x_wconf 71' lang='grc' dir='ltr'>διαφορὰν,</span> 
     </span>
    </p>
   </div>
   <div class='ocr_carea' id='block_1_25' title="bbox 384 2214 1964 2286">
    <p class='ocr_par' dir='ltr' id='par_1_25' title="bbox 384 2214 1964 2286">
     <span class='ocr_line' id='line_1_25' title="bbox 384 2214 1964 2286; baseline 0.003 -17"><span class='ocrx_word' id='word_1_167' title='bbox 384 2214 558 2284; x_wconf 72' lang='grc' dir='ltr'>ἄμφω</span> <span class='ocrx_word' id='word_1_168' title='bbox 584 2215 686 2285; x_wconf 82' lang='grc' dir='ltr'>τῆς</span> <span class='ocrx_word' id='word_1_169' title='bbox 738 2215 850 2268; x_wconf 84' lang='grc' dir='ltr'><strong>τῶν</strong></span> <span class='ocrx_word' id='word_1_170' title='bbox 901 2217 1245 2286; x_wconf 81' lang='grc' dir='ltr'>πραγμάτων</span> <span class='ocrx_word' id='word_1_171' title='bbox 1287 2216 1550 2286; x_wconf 78' lang='grc' dir='ltr'><strong>ἀληθείας</strong></span> <span class='ocrx_word' id='word_1_172' title='bbox 1595 2216 1904 2283; x_wconf 82' lang='grc' dir='ltr'>ἀπέπεσαν,</span> <span class='ocrx_word' id='word_1_173' title='bbox 1935 2222 1964 2273; x_wconf 89' lang='lat'><strong>6</strong></span> 
     </span>
    </p>
   </div>
   <div class='ocr_carea' id='block_1_26' title="bbox 2078 473 3655 543">
    <p class='ocr_par' dir='ltr' id='par_1_26' title="bbox 2078 473 3655 543">
     <span class='ocr_line' id='line_1_26' title="bbox 2078 473 3655 543; baseline 0.001 -16"><span class='ocrx_word' id='word_1_174' title='bbox 2078 486 2181 528; x_wconf 90' lang='lat' dir='ltr'><strong>tem</strong></span> <span class='ocrx_word' id='word_1_175' title='bbox 2222 473 2317 527; x_wconf 90' lang='lat' dir='ltr'><strong>Dei</strong></span> <span class='ocrx_word' id='word_1_176' title='bbox 2369 474 2773 529; x_wconf 82' lang='lat' dir='ltr'><strong>etvoiuntatem</strong></span> <span class='ocrx_word' id='word_1_177' title='bbox 2816 485 3081 531; x_wconf 85' lang='lat' dir='ltr'><strong>nostram.</strong></span> <span class='ocrx_word' id='word_1_178' title='bbox 3112 473 3229 541; x_wconf 85' lang='lat' dir='ltr'><strong>Quo</strong></span> <span class='ocrx_word' id='word_1_179' title='bbox 3290 475 3502 543; x_wconf 86' lang='lat' dir='ltr'><strong>quidem</strong></span> <span class='ocrx_word' id='word_1_180' title='bbox 3524 491 3655 529; x_wconf 75' lang='lat' dir='ltr'><strong>ron-</strong></span> 
     </span>
    </p>
   </div>
   <div class='ocr_carea' id='block_1_27' title="bbox 2080 568 3651 636">
    <p class='ocr_par' dir='ltr' id='par_1_27' title="bbox 2080 568 3651 636">
     <span class='ocr_line' id='line_1_27' title="bbox 2080 568 3651 636; baseline 0.003 -17"><span class='ocrx_word' id='word_1_181' title='bbox 2080 568 2241 621; x_wconf 84' lang='lat' dir='ltr'><strong>traria</strong></span> <span class='ocrx_word' id='word_1_182' title='bbox 2276 582 2497 635; x_wconf 88' lang='lat' dir='ltr'><strong>prorsus</strong></span> <span class='ocrx_word' id='word_1_183' title='bbox 2526 571 2800 636; x_wconf 89' lang='lat' dir='ltr'><strong>quantitas</strong></span> <span class='ocrx_word' id='word_1_184' title='bbox 2821 569 3188 633; x_wconf 90' lang='lat' dir='ltr'><strong>constituitur,</strong></span> <span class='ocrx_word' id='word_1_185' title='bbox 3221 577 3275 622; x_wconf 93' lang='lat' dir='ltr'><strong>et</strong></span> <span class='ocrx_word' id='word_1_186' title='bbox 3299 568 3440 622; x_wconf 87' lang='lat' dir='ltr'><strong>illius</strong></span> <span class='ocrx_word' id='word_1_187' title='bbox 3487 569 3651 623; x_wconf 67' lang='lat' dir='ltr'><strong>inde:</strong></span> 
     </span>
    </p>
   </div>
   <div class='ocr_carea' id='block_1_28' title="bbox 2076 659 3653 725">
    <p class='ocr_par' dir='ltr' id='par_1_28' title="bbox 2076 659 3653 725">
     <span class='ocr_line' id='line_1_28' title="bbox 2076 659 3653 725; baseline -0.001 -11"><span class='ocrx_word' id='word_1_188' title='bbox 2076 674 2359 723; x_wconf 86' lang='lat' dir='ltr'><strong>numerus,</strong></span> <span class='ocrx_word' id='word_1_189' title='bbox 2396 662 2485 725; x_wconf 87' lang='lat' dir='ltr'><strong>qui</strong></span> <span class='ocrx_word' id='word_1_190' title='bbox 2524 660 2679 714; x_wconf 90' lang='lat' dir='ltr'><strong>nobis</strong></span> <span class='ocrx_word' id='word_1_191' title='bbox 2706 660 2942 714; x_wconf 86' lang='lat' dir='ltr'><strong>ostendit</strong></span> <span class='ocrx_word' id='word_1_192' title='bbox 2968 661 3263 715; x_wconf 82' lang='lat' dir='ltr'><strong>voluntatis</strong></span> <span class='ocrx_word' id='word_1_193' title='bbox 3287 676 3315 714; x_wconf 88' lang='lat' dir='ltr'><strong>a</strong></span> <span class='ocrx_word' id='word_1_194' title='bbox 3371 659 3485 714; x_wconf 91' lang='lat' dir='ltr'><strong>Deo</strong></span> <span class='ocrx_word' id='word_1_195' title='bbox 3542 660 3653 713; x_wconf 84' lang='lat' dir='ltr'><strong>dis-</strong></span> 
     </span>
    </p>
   </div>
   <div class='ocr_carea' id='block_1_29' title="bbox 2075 750 3653 827">
    <p class='ocr_par' dir='ltr' id='par_1_29' title="bbox 2075 750 3653 827">
     <span class='ocr_line' id='line_1_29' title="bbox 2075 750 3653 827; baseline 0.001 -23"><span class='ocrx_word' id='word_1_196' title='bbox 2075 752 2352 819; x_wconf 85' lang='lat' dir='ltr'><strong>crepantis</strong></span> <span class='ocrx_word' id='word_1_197' title='bbox 2382 750 2783 806; x_wconf 84' lang='lat' dir='ltr'><strong>diversitatem.</strong></span> <span class='ocrx_word' id='word_1_198' title='bbox 2830 752 2977 805; x_wconf 85' lang='lat' dir='ltr'><strong>Idem</strong></span> <span class='ocrx_word' id='word_1_199' title='bbox 3006 751 3171 820; x_wconf 71' lang='lat' dir='ltr'><strong>igitur</strong></span> <span class='ocrx_word' id='word_1_200' title='bbox 3204 751 3455 807; x_wconf 81' lang='lat' dir='ltr'><strong>Nestorio</strong></span> <span class='ocrx_word' id='word_1_201' title='bbox 3475 752 3653 827; x_wconf 77' lang='lat' dir='ltr'><strong>etSe-</strong></span> 
     </span>
    </p>
   </div>
   <div class='ocr_carea' id='block_1_30' title="bbox 2078 843 3647 913">
    <p class='ocr_par' dir='ltr' id='par_1_30' title="bbox 2078 843 3647 913">
     <span class='ocr_line' id='line_1_30' title="bbox 2078 843 3647 913; baseline 0.003 -22"><span class='ocrx_word' id='word_1_202' title='bbox 2078 857 2208 897; x_wconf 84' lang='lat' dir='ltr'><strong>vero</strong></span> <span class='ocrx_word' id='word_1_203' title='bbox 2267 848 2332 897; x_wconf 78' lang='lat' dir='ltr'><strong>att</strong></span> <span class='ocrx_word' id='word_1_204' title='bbox 2383 843 2716 911; x_wconf 80' lang='lat' dir='ltr'><strong>impietatem</strong></span> <span class='ocrx_word' id='word_1_205' title='bbox 2776 845 3113 913; x_wconf 87' lang='lat' dir='ltr'><strong>propositum</strong></span> <span class='ocrx_word' id='word_1_206' title='bbox 3162 855 3266 907; x_wconf 79' lang='lat' dir='ltr'><strong>est,</strong></span> <span class='ocrx_word' id='word_1_207' title='bbox 3340 846 3448 898; x_wconf 65' lang='lat' dir='ltr'><strong>{cet</strong></span> <span class='ocrx_word' id='word_1_208' title='bbox 3508 845 3647 899; x_wconf 83' lang='lat' dir='ltr'><strong>ratio</strong></span> 
     </span>
    </p>
   </div>
   <div class='ocr_carea' id='block_1_31' title="bbox 2079 920 3735 1000">
    <p class='ocr_par' dir='ltr' id='par_1_31' title="bbox 2079 920 3735 1000">
     <span class='ocr_line' id='line_1_31' title="bbox 2079 920 3735 1000; baseline 0.001 -14"><span class='ocrx_word' id='word_1_209' title='bbox 2079 935 2290 991; x_wconf 82' lang='lat' dir='ltr'><strong>diversa</strong></span> <span class='ocrx_word' id='word_1_210' title='bbox 2325 938 2418 992; x_wconf 90' lang='lat' dir='ltr'><strong>sit.</strong></span> <span class='ocrx_word' id='word_1_211' title='bbox 2444 937 2537 991; x_wconf 92' lang='lat' dir='ltr'><strong>llle</strong></span> <span class='ocrx_word' id='word_1_212' title='bbox 2575 937 2718 992; x_wconf 91' lang='lat' dir='ltr'><strong>enim</strong></span> <span class='ocrx_word' id='word_1_213' title='bbox 2748 936 2873 991; x_wconf 90' lang='lat' dir='ltr'><strong>dum</strong></span> <span class='ocrx_word' id='word_1_214' title='bbox 2909 936 3290 991; x_wconf 80' lang='lat' dir='ltr'><strong>confusionem</strong></span> <span class='ocrx_word' id='word_1_215' title='bbox 3345 937 3504 1000; x_wconf 80' lang='lat' dir='ltr'><strong>vitat,</strong></span> <span class='ocrx_word' id='word_1_216' title='bbox 3568 950 3649 991; x_wconf 79' lang='lat' dir='ltr'><strong>sic</strong></span> <span class='ocrx_word' id='word_1_217' title='bbox 3730 920 3735 923; x_wconf 3' lang='lat'><strong>6</strong></span> 
     </span>
    </p>
   </div>
   <div class='ocr_carea' id='block_1_32' title="bbox 2074 1026 3651 1101">
    <p class='ocr_par' dir='ltr' id='par_1_32' title="bbox 2074 1026 3651 1101">
     <span class='ocr_line' id='line_1_32' title="bbox 2074 1026 3651 1101; baseline -0.002 -19"><span class='ocrx_word' id='word_1_218' title='bbox 2074 1031 2263 1101; x_wconf 73' lang='lat' dir='ltr'><strong>eﬂ‘iigit</strong></span> <span class='ocrx_word' id='word_1_219' title='bbox 2289 1031 2552 1084; x_wconf 89' lang='lat' dir='ltr'><strong>unitatem</strong></span> <span class='ocrx_word' id='word_1_220' title='bbox 2586 1042 2858 1097; x_wconf 63' lang='lat' dir='ltr'><strong>personae,</strong></span> <span class='ocrx_word' id='word_1_221' title='bbox 2884 1039 2940 1081; x_wconf 93' lang='lat' dir='ltr'><strong>ut</strong></span> <span class='ocrx_word' id='word_1_222' title='bbox 2999 1044 3096 1098; x_wconf 89' lang='lat' dir='ltr'><strong>pro</strong></span> <span class='ocrx_word' id='word_1_223' title='bbox 3136 1026 3465 1082; x_wconf 67' lang='lat' dir='ltr'><strong>differentia</strong></span> <span class='ocrx_word' id='word_1_224' title='bbox 3502 1039 3651 1081; x_wconf 86' lang='lat' dir='ltr'><strong>natu-</strong></span> 
     </span>
    </p>
   </div>
   <div class='ocr_carea' id='block_1_33' title="bbox 2077 1108 3675 1189">
    <p class='ocr_par' dir='ltr' id='par_1_33' title="bbox 2077 1108 3675 1189">
     <span class='ocr_line' id='line_1_33' title="bbox 2077 1108 3675 1189; baseline -0.003 -17"><span class='ocrx_word' id='word_1_225' title='bbox 2077 1121 2171 1172; x_wconf 88' lang='lat' dir='ltr'><strong>rali</strong></span> <span class='ocrx_word' id='word_1_226' title='bbox 2204 1135 2445 1189; x_wconf 73' lang='lat' dir='ltr'><strong>personae</strong></span> <span class='ocrx_word' id='word_1_227' title='bbox 2473 1119 2793 1173; x_wconf 85' lang='lat' dir='ltr'><strong>divisionem</strong></span> <span class='ocrx_word' id='word_1_228' title='bbox 2851 1119 3175 1172; x_wconf 88' lang='lat' dir='ltr'><strong>constituat.</strong></span> <span class='ocrx_word' id='word_1_229' title='bbox 3215 1117 3311 1172; x_wconf 81' lang='lat' dir='ltr'><strong>Hic</strong></span> <span class='ocrx_word' id='word_1_230' title='bbox 3352 1108 3479 1170; x_wconf 87' lang='lat' dir='ltr'><strong>vero</strong></span> <span class='ocrx_word' id='word_1_231' title='bbox 3523 1116 3675 1169; x_wconf 80' lang='lat' dir='ltr'><strong>dum&#39;</strong></span> 
     </span>
    </p>
   </div>
   <div class='ocr_carea' id='block_1_34' title="bbox 2074 1208 3654 1275">
    <p class='ocr_par' dir='ltr' id='par_1_34' title="bbox 2074 1208 3654 1275">
     <span class='ocr_line' id='line_1_34' title="bbox 2074 1208 3654 1275; baseline -0.003 -11"><span class='ocrx_word' id='word_1_232' title='bbox 2074 1213 2393 1266; x_wconf 76' lang='lat' dir='ltr'><strong>divisionem</strong></span> <span class='ocrx_word' id='word_1_233' title='bbox 2451 1211 2708 1274; x_wconf 87' lang='lat' dir='ltr'><strong>declinat,</strong></span> <span class='ocrx_word' id='word_1_234' title='bbox 2746 1210 2816 1265; x_wconf 89' lang='lat' dir='ltr'><strong>ita</strong></span> <span class='ocrx_word' id='word_1_235' title='bbox 2840 1220 3047 1263; x_wconf 71' lang='lat' dir='ltr'><strong>natura:</strong></span> <span class='ocrx_word' id='word_1_236' title='bbox 3071 1219 3232 1275; x_wconf 80' lang='lat' dir='ltr'><strong>negat</strong></span> <span class='ocrx_word' id='word_1_237' title='bbox 3292 1208 3654 1262; x_wconf 68' lang='lat' dir='ltr'><strong>differentiam</strong></span> 
     </span>
    </p>
   </div>
   <div class='ocr_carea' id='block_1_35' title="bbox 2074 1301 3657 1375">
    <p class='ocr_par' dir='ltr' id='par_1_35' title="bbox 2074 1301 3657 1375">
     <span class='ocr_line' id='line_1_35' title="bbox 2074 1301 3657 1375; baseline -0.003 -17"><span class='ocrx_word' id='word_1_238' title='bbox 2074 1308 2125 1359; x_wconf 91' lang='lat' dir='ltr'><strong>in</strong></span> <span class='ocrx_word' id='word_1_239' title='bbox 2160 1321 2403 1374; x_wconf 77' lang='lat' dir='ltr'><strong>personae</strong></span> <span class='ocrx_word' id='word_1_240' title='bbox 2466 1305 2937 1375; x_wconf 84' lang='lat' dir='ltr'><strong>coniunctionem,</strong></span> <span class='ocrx_word' id='word_1_241' title='bbox 2992 1312 3050 1356; x_wconf 94' lang='lat' dir='ltr'><strong>ut</strong></span> <span class='ocrx_word' id='word_1_242' title='bbox 3106 1302 3407 1356; x_wconf 87' lang='lat' dir='ltr'><strong>naturalem</strong></span> <span class='ocrx_word' id='word_1_243' title='bbox 3458 1301 3657 1354; x_wconf 88' lang='lat' dir='ltr'><strong>etliciat</strong></span> 
     </span>
    </p>
   </div>
   <div class='ocr_carea' id='block_1_36' title="bbox 2074 1392 3651 1456">
    <p class='ocr_par' dir='ltr' id='par_1_36' title="bbox 2074 1392 3651 1456">
     <span class='ocr_line' id='line_1_36' title="bbox 2074 1392 3651 1456; baseline -0.006 -2"><span class='ocrx_word' id='word_1_244' title='bbox 2074 1398 2472 1454; x_wconf 77' lang='lat' dir='ltr'><strong>confusionem.</strong></span> <span class='ocrx_word' id='word_1_245' title='bbox 2526 1397 2659 1451; x_wconf 87' lang='lat' dir='ltr'><strong>Cum</strong></span> <span class='ocrx_word' id='word_1_246' title='bbox 2686 1411 2786 1450; x_wconf 91' lang='lat' dir='ltr'><strong>nec</strong></span> <span class='ocrx_word' id='word_1_247' title='bbox 2838 1394 3087 1450; x_wconf 82' lang='lat' dir='ltr'><strong>confusio</strong></span> <span class='ocrx_word' id='word_1_248' title='bbox 3139 1394 3192 1447; x_wconf 92' lang='lat' dir='ltr'><strong>in</strong></span> <span class='ocrx_word' id='word_1_249' title='bbox 3248 1392 3487 1456; x_wconf 79' lang='lat' dir='ltr'><strong>Christo,</strong></span> <span class='ocrx_word' id='word_1_250' title='bbox 3550 1406 3651 1445; x_wconf 90' lang='lat' dir='ltr'><strong>nec</strong></span> 
     </span>
    </p>
   </div>
   <div class='ocr_carea' id='block_1_37' title="bbox 2077 1483 3650 1557">
    <p class='ocr_par' dir='ltr' id='par_1_37' title="bbox 2077 1483 3650 1557">
     <span class='ocr_line' id='line_1_37' title="bbox 2077 1483 3650 1557; baseline -0.007 -12"><span class='ocrx_word' id='word_1_251' title='bbox 2077 1493 2299 1557; x_wconf 88' lang='lat' dir='ltr'><strong>divisio,</strong></span> <span class='ocrx_word' id='word_1_252' title='bbox 2335 1489 2431 1544; x_wconf 88' lang='lat' dir='ltr'><strong>sed</strong></span> <span class='ocrx_word' id='word_1_253' title='bbox 2462 1488 2698 1543; x_wconf 88' lang='lat' dir='ltr'><strong>essentia</strong></span> <span class='ocrx_word' id='word_1_254' title='bbox 2730 1485 3091 1542; x_wconf 80' lang='lat' dir='ltr'><strong>diﬂ&#39;erentium</strong></span> <span class='ocrx_word' id='word_1_255' title='bbox 3134 1484 3471 1557; x_wconf 80' lang='lat' dir='ltr'><strong>coniunctio,</strong></span> <span class='ocrx_word' id='word_1_256' title='bbox 3508 1490 3563 1535; x_wconf 88' lang='lat' dir='ltr'><strong>et</strong></span> <span class='ocrx_word' id='word_1_257' title='bbox 3598 1483 3650 1535; x_wconf 91' lang='lat' dir='ltr'><strong>in</strong></span> 
     </span>
    </p>
   </div>
   <div class='ocr_carea' id='block_1_38' title="bbox 2074 1576 3648 1653">
    <p class='ocr_par' dir='ltr' id='par_1_38' title="bbox 2074 1576 3648 1653">
     <span class='ocr_line' id='line_1_38' title="bbox 2074 1576 3648 1653; baseline -0.008 -15"><span class='ocrx_word' id='word_1_258' title='bbox 2074 1599 2301 1653; x_wconf 87' lang='lat' dir='ltr'><strong>persona</strong></span> <span class='ocrx_word' id='word_1_259' title='bbox 2327 1582 2741 1651; x_wconf 71' lang='lat' dir='ltr'><strong>coniunctorum</strong></span> <span class='ocrx_word' id='word_1_260' title='bbox 2788 1577 3099 1632; x_wconf 80' lang='lat' dir='ltr'><strong>differentia</strong></span> <span class='ocrx_word' id='word_1_261' title='bbox 3148 1580 3220 1631; x_wconf 93' lang='lat' dir='ltr'><strong>sit</strong></span> <span class='ocrx_word' id='word_1_262' title='bbox 3272 1576 3593 1630; x_wconf 83' lang='lat' dir='ltr'><strong>confitenda</strong></span> <span class='ocrx_word' id='word_1_263' title='bbox 3633 1590 3648 1626; x_wconf 85' lang='lat'><strong>:</strong></span> 
     </span>
    </p>
   </div>
   <div class='ocr_carea' id='block_1_39' title="bbox 2074 1658 3723 1739">
    <p class='ocr_par' dir='ltr' id='par_1_39' title="bbox 2074 1658 3723 1739">
     <span class='ocr_line' id='line_1_39' title="bbox 2074 1658 3723 1739; baseline -0.001 -14"><span class='ocrx_word' id='word_1_264' title='bbox 2074 1686 2130 1727; x_wconf 85' lang='grc' dir='ltr'><strong>ιιι</strong></span> <span class='ocrx_word' id='word_1_265' title='bbox 2155 1684 2208 1729; x_wconf 87' lang='lat' dir='ltr'><strong>et</strong></span> <span class='ocrx_word' id='word_1_266' title='bbox 2239 1684 2563 1729; x_wconf 82' lang='lat' dir='ltr'><strong>naturarum</strong></span> <span class='ocrx_word' id='word_1_267' title='bbox 2595 1673 2758 1737; x_wconf 88' lang='lat' dir='ltr'><strong>ratio,</strong></span> <span class='ocrx_word' id='word_1_268' title='bbox 2783 1682 2837 1726; x_wconf 93' lang='lat' dir='ltr'><strong>et</strong></span> <span class='ocrx_word' id='word_1_269' title='bbox 2868 1669 3268 1739; x_wconf 84' lang='lat' dir='ltr'><strong>coniunctionis</strong></span> <span class='ocrx_word' id='word_1_270' title='bbox 3311 1658 3509 1721; x_wconf 83' lang='lat' dir='ltr'><strong>modus</strong></span> <span class='ocrx_word' id='word_1_271' title='bbox 3562 1668 3648 1736; x_wconf 87' lang='lat' dir='ltr'><strong>pie</strong></span> <span class='ocrx_word' id='word_1_272' title='bbox 3720 1720 3723 1723; x_wconf 72' lang='grc'><strong>,</strong></span> 
     </span>
    </p>
   </div>
   <div class='ocr_carea' id='block_1_40' title="bbox 2077 1756 3651 1831">
    <p class='ocr_par' dir='ltr' id='par_1_40' title="bbox 2077 1756 3651 1831">
     <span class='ocr_line' id='line_1_40' title="bbox 2077 1756 3651 1831; baseline -0.004 -16"><span class='ocrx_word' id='word_1_273' title='bbox 2077 1765 2478 1831; x_wconf 89' lang='lat' dir='ltr'><strong>pronuntietur.</strong></span> <span class='ocrx_word' id='word_1_274' title='bbox 2504 1762 2746 1828; x_wconf 86' lang='lat' dir='ltr'><strong>Quorum</strong></span> <span class='ocrx_word' id='word_1_275' title='bbox 2782 1760 3190 1826; x_wconf 85' lang='lat' dir='ltr'><strong>illiutrumque</strong></span> <span class='ocrx_word' id='word_1_276' title='bbox 3248 1756 3651 1827; x_wconf 84' lang='lat' dir='ltr'><strong>perfregerunt,</strong></span> 
     </span>
    </p>
   </div>
   <div class='ocr_carea' id='block_1_41' title="bbox 2076 1838 3654 1922">
    <p class='ocr_par' dir='ltr' id='par_1_41' title="bbox 2076 1838 3654 1922">
     <span class='ocr_line' id='line_1_41' title="bbox 2076 1838 3654 1922; baseline -0.008 -14"><span class='ocrx_word' id='word_1_277' title='bbox 2076 1855 2202 1909; x_wconf 91' lang='lat' dir='ltr'><strong>dum</strong></span> <span class='ocrx_word' id='word_1_278' title='bbox 2236 1870 2373 1908; x_wconf 85' lang='lat' dir='ltr'><strong>unus</strong></span> <span class='ocrx_word' id='word_1_279' title='bbox 2402 1854 2726 1922; x_wconf 89' lang='lat' dir='ltr'><strong>qualitatum</strong></span> <span class='ocrx_word' id='word_1_280' title='bbox 2756 1851 2809 1905; x_wconf 94' lang='lat' dir='ltr'><strong>in</strong></span> <span class='ocrx_word' id='word_1_281' title='bbox 2869 1849 3141 1905; x_wconf 68' lang='lat' dir='ltr'><strong>Sententia</strong></span> <span class='ocrx_word' id='word_1_282' title='bbox 3179 1838 3395 1901; x_wconf 11' lang='lat' dir='ltr'><strong>tantum}</strong></span> <span class='ocrx_word' id='word_1_283' title='bbox 3422 1845 3654 1913; x_wconf 86' lang='lat' dir='ltr'><strong>coniun-</strong></span> 
     </span>
    </p>
   </div>
   <div class='ocr_carea' id='block_1_42' title="bbox 2075 1938 3653 2009">
    <p class='ocr_par' dir='ltr' id='par_1_42' title="bbox 2075 1938 3653 2009">
     <span class='ocr_line' id='line_1_42' title="bbox 2075 1938 3653 2009; baseline -0.008 -8"><span class='ocrx_word' id='word_1_284' title='bbox 2075 1948 2336 2009; x_wconf 86' lang='lat' dir='ltr'><strong>ctionem,</strong></span> <span class='ocrx_word' id='word_1_285' title='bbox 2364 1945 2499 1999; x_wconf 90' lang='lat' dir='ltr'><strong>alter</strong></span> <span class='ocrx_word' id='word_1_286' title='bbox 2530 1944 2854 1999; x_wconf 86' lang='lat' dir='ltr'><strong>naturalium</strong></span> <span class='ocrx_word' id='word_1_287' title='bbox 2880 1940 3254 1997; x_wconf 90' lang='lat' dir='ltr'><strong>tantummodo</strong></span> <span class='ocrx_word' id='word_1_288' title='bbox 3282 1947 3405 2009; x_wconf 74' lang='lat' dir='ltr'><strong>pOst</strong></span> <span class='ocrx_word' id='word_1_289' title='bbox 3427 1938 3653 2006; x_wconf 91' lang='lat' dir='ltr'><strong>coniun-</strong></span> 
     </span>
    </p>
   </div>
   <div class='ocr_carea' id='block_1_43' title="bbox 2072 2034 3647 2104">
    <p class='ocr_par' dir='ltr' id='par_1_43' title="bbox 2072 2034 3647 2104">
     <span class='ocr_line' id='line_1_43' title="bbox 2072 2034 3647 2104; baseline -0.006 -11"><span class='ocrx_word' id='word_1_290' title='bbox 2072 2040 2308 2093; x_wconf 87' lang='lat' dir='ltr'><strong>ctionem</strong></span> <span class='ocrx_word' id='word_1_291' title='bbox 2333 2036 2695 2094; x_wconf 71' lang='lat' dir='ltr'><strong>differentiam</strong></span> <span class='ocrx_word' id='word_1_292' title='bbox 2722 2035 2942 2091; x_wconf 87' lang='lat' dir='ltr'><strong>asserit.</strong></span> <span class='ocrx_word' id='word_1_293' title='bbox 2987 2036 3169 2104; x_wconf 82' lang='lat' dir='ltr'><strong>Atque</strong></span> <span class='ocrx_word' id='word_1_294' title='bbox 3203 2034 3276 2087; x_wconf 90' lang='lat' dir='ltr'><strong>ita</strong></span> <span class='ocrx_word' id='word_1_295' title='bbox 3308 2034 3470 2086; x_wconf 91' lang='lat' dir='ltr'><strong>ambo</strong></span> <span class='ocrx_word' id='word_1_296' title='bbox 3498 2045 3525 2081; x_wconf 94' lang='lat' dir='ltr'><strong>a</strong></span> <span class='ocrx_word' id='word_1_297' title='bbox 3555 2045 3647 2083; x_wconf 86' lang='lat' dir='ltr'><strong>ve-</strong></span> 
     </span>
    </p>
   </div>
   <div class='ocr_carea' id='block_1_44' title="bbox 2072 2124 3648 2196">
    <p class='ocr_par' dir='ltr' id='par_1_44' title="bbox 2072 2124 3648 2196">
     <span class='ocr_line' id='line_1_44' title="bbox 2072 2124 3648 2196; baseline -0.005 -11"><span class='ocrx_word' id='word_1_298' title='bbox 2072 2141 2232 2185; x_wconf 79' lang='lat' dir='ltr'><strong>ritate</strong></span> <span class='ocrx_word' id='word_1_299' title='bbox 2252 2130 2596 2195; x_wconf 78' lang='lat' dir='ltr'><strong>exciderunt,</strong></span> <span class='ocrx_word' id='word_1_300' title='bbox 2629 2130 2755 2184; x_wconf 90' lang='lat' dir='ltr'><strong>dum</strong></span> <span class='ocrx_word' id='word_1_301' title='bbox 2805 2143 2948 2183; x_wconf 90' lang='lat' dir='ltr'><strong>unus</strong></span> <span class='ocrx_word' id='word_1_302' title='bbox 2995 2125 3239 2196; x_wconf 81' lang='lat' dir='ltr'><strong>mysterii</strong></span> <span class='ocrx_word' id='word_1_303' title='bbox 3298 2124 3648 2190; x_wconf 84' lang='lat' dir='ltr'><strong>divisionem,</strong></span> 
     </span>
    </p>
   </div>
   <div class='ocr_carea' id='block_1_45' title="bbox 2071 2220 3221 2291">
    <p class='ocr_par' dir='ltr' id='par_1_45' title="bbox 2071 2220 3221 2291">
     <span class='ocr_line' id='line_1_45' title="bbox 2071 2220 3221 2291; baseline -0.003 -12"><span class='ocrx_word' id='word_1_304' title='bbox 2071 2225 2211 2280; x_wconf 90' lang='lat' dir='ltr'><strong>alter</strong></span> <span class='ocrx_word' id='word_1_305' title='bbox 2231 2226 2607 2280; x_wconf 79' lang='lat' dir='ltr'><strong>confusionem</strong></span> <span class='ocrx_word' id='word_1_306' title='bbox 2632 2224 2897 2279; x_wconf 79' lang='lat' dir='ltr'><strong>audacter</strong></span> <span class='ocrx_word' id='word_1_307' title='bbox 2938 2220 3221 2291; x_wconf 72' lang='lat' dir='ltr'><strong>diiudicat.</strong></span> 
     </span>
    </p>
   </div>
   <div class='ocr_carea' id='block_1_46' title="bbox 393 2304 2449 2389">
    <p class='ocr_par' dir='ltr' id='par_1_46' title="bbox 393 2304 2449 2389">
     <span class='ocr_line' id='line_1_46' title="bbox 393 2304 2449 2389; baseline 0.009 -34"><span class='ocrx_word' id='word_1_308' title='bbox 393 2306 495 2375; x_wconf 71' lang='grc' dir='ltr'>μιν</span> <span class='ocrx_word' id='word_1_309' title='bbox 510 2304 799 2376; x_wconf 81' lang='grc' dir='ltr'>διαίρεσιν,</span> <span class='ocrx_word' id='word_1_310' title='bbox 817 2309 844 2360; x_wconf 88' lang='lat'><strong>6</strong></span> <span class='ocrx_word' id='word_1_311' title='bbox 863 2307 920 2361; x_wconf 74' lang='grc' dir='ltr'><strong>δέ</strong></span> <span class='ocrx_word' id='word_1_312' title='bbox 939 2306 1204 2378; x_wconf 84' lang='grc' dir='ltr'>σύγχυσιν</span> <span class='ocrx_word' id='word_1_313' title='bbox 1221 2308 1315 2362; x_wconf 84' lang='grc' dir='ltr'><strong>τοῦ</strong></span> <span class='ocrx_word' id='word_1_314' title='bbox 1341 2310 1647 2380; x_wconf 75' lang='grc' dir='ltr'>μυστηρίου</span> <span class='ocrx_word' id='word_1_315' title='bbox 1665 2311 1957 2384; x_wconf 76' lang='grc' dir='ltr'>τολμηρῶς</span> <span class='ocrx_word' id='word_1_316' title='bbox 1998 2320 2449 2389; x_wconf 83' lang='grc' dir='ltr'>κατακρίναντες.</span> 
     </span>
    </p>
   </div>
   <div class='ocr_carea' id='block_1_47' title="bbox 390 2426 1961 2555">
    <p class='ocr_par' dir='ltr' id='par_1_47' title="bbox 390 2426 1961 2555">
     <span class='ocr_line' id='line_1_47' title="bbox 390 2426 1961 2555; baseline 0.005 -74"><span class='ocrx_word' id='word_1_317' title='bbox 390 2426 506 2481; x_wconf 82' lang='grc' dir='ltr'>Τοῦ</span> <span class='ocrx_word' id='word_1_318' title='bbox 533 2428 721 2483; x_wconf 83' lang='grc' dir='ltr'>αὑτοῦ</span> <span class='ocrx_word' id='word_1_319' title='bbox 747 2429 815 2482; x_wconf 78' lang='grc' dir='ltr'><strong>ἐκ</strong></span> <span class='ocrx_word' id='word_1_320' title='bbox 846 2428 955 2483; x_wconf 85' lang='grc' dir='ltr'><strong>τοῦ</strong></span> <span class='ocrx_word' id='word_1_321' title='bbox 978 2431 1120 2485; x_wconf 79' lang='grc' dir='ltr'>ἴσου</span> <span class='ocrx_word' id='word_1_322' title='bbox 1148 2430 1252 2555; x_wconf 50' lang='grc' dir='ltr'>τιῆς</span> <span class='ocrx_word' id='word_1_323' title='bbox 1278 2432 1426 2499; x_wconf 84' lang='grc' dir='ltr'>πρὸς</span> <span class='ocrx_word' id='word_1_324' title='bbox 1461 2432 1805 2501; x_wconf 76' lang='grc' dir='ltr'>Νίκανδρον</span> <span class='ocrx_word' id='word_1_325' title='bbox 1835 2436 1961 2489; x_wconf 84' lang='grc' dir='ltr'>ἐπι-</span> 
     </span>
     <span class='ocr_line' id='line_1_48' title="bbox 1046 2516 1296 2555; baseline 0 0"><span class='ocrx_word' id='word_1_326' title='bbox 1046 2516 1157 2555; x_wconf 82' lang='grc' dir='ltr'>στο</span> <span class='ocrx_word' id='word_1_327' title='bbox 1202 2522 1296 2555; x_wconf 77' lang='lat' dir='ltr'><strong>nc.</strong></span> 
     </span>
    </p>
   </div>
   <div class='ocr_carea' id='block_1_48' title="bbox 1046 2516 1296 2568">
    <p class='ocr_par' dir='ltr' id='par_1_48' title="bbox 1046 2516 1296 2568">
     <span class='ocr_line' id='line_1_49' title="bbox 1046 2516 1296 2568; baseline 0.008 -13"><span class='ocrx_word' id='word_1_328' title='bbox 1046 2516 1296 2568; x_wconf 72' lang='grc' dir='ltr'>στολης.</span> 
     </span>
    </p>
   </div>
   <div class='ocr_carea' id='block_1_49' title="bbox 455 2589 1964 2661">
    <p class='ocr_par' dir='ltr' id='par_1_49' title="bbox 455 2589 1964 2661">
     <span class='ocr_line' id='line_1_50' title="bbox 455 2589 1964 2661; baseline 0.003 -19"><span class='ocrx_word' id='word_1_329' title='bbox 455 2591 589 2643; x_wconf 82' lang='grc' dir='ltr'>Οὑδέ</span> <span class='ocrx_word' id='word_1_330' title='bbox 638 2592 749 2659; x_wconf 69' lang='grc' dir='ltr'>γὰρ</span> <span class='ocrx_word' id='word_1_331' title='bbox 809 2591 910 2661; x_wconf 82' lang='grc' dir='ltr'>τὴν</span> <span class='ocrx_word' id='word_1_332' title='bbox 966 2589 1117 2643; x_wconf 84' lang='grc' dir='ltr'>θείαν</span> <span class='ocrx_word' id='word_1_333' title='bbox 1179 2591 1341 2659; x_wconf 73' lang='grc' dir='ltr'>φύσιν</span> <span class='ocrx_word' id='word_1_334' title='bbox 1393 2592 1489 2646; x_wconf 70' lang='lat' dir='ltr'><strong>xui.</strong></span> <span class='ocrx_word' id='word_1_335' title='bbox 1542 2592 1803 2646; x_wconf 80' lang='grc' dir='ltr'>ἃκτιστον</span> <span class='ocrx_word' id='word_1_336' title='bbox 1834 2593 1964 2647; x_wconf 83' lang='grc' dir='ltr'><strong>ἀνύ-</strong></span> 
     </span>
    </p>
   </div>
   <div class='ocr_carea' id='block_1_50' title="bbox 378 2682 1962 2758">
    <p class='ocr_par' dir='ltr' id='par_1_50' title="bbox 378 2682 1962 2758">
     <span class='ocr_line' id='line_1_51' title="bbox 378 2682 1962 2758; baseline -0.001 -19"><span class='ocrx_word' id='word_1_337' title='bbox 378 2684 631 2752; x_wconf 77' lang='grc' dir='ltr'>παρκτόν</span> <span class='ocrx_word' id='word_1_338' title='bbox 670 2694 740 2736; x_wconf 73' lang='grc' dir='ltr'><strong>’τε</strong></span> <span class='ocrx_word' id='word_1_339' title='bbox 794 2687 886 2736; x_wconf 72' lang='grc' dir='ltr'>καὶ</span> <span class='ocrx_word' id='word_1_340' title='bbox 933 2682 1196 2752; x_wconf 79' lang='grc' dir='ltr'>ἁθέλητον</span> <span class='ocrx_word' id='word_1_341' title='bbox 1244 2684 1669 2758; x_wconf 74' lang='grc' dir='ltr'>ἥάνενέργητον</span> <span class='ocrx_word' id='word_1_342' title='bbox 1715 2685 1962 2757; x_wconf 85' lang='grc' dir='ltr'>καθορῶ-</span> 
     </span>
    </p>
   </div>
   <div class='ocr_carea' id='block_1_51' title="bbox 383 2774 1960 2849">
    <p class='ocr_par' dir='ltr' id='par_1_51' title="bbox 383 2774 1960 2849">
     <span class='ocr_line' id='line_1_52' title="bbox 383 2774 1960 2849; baseline 0.002 -19"><span class='ocrx_word' id='word_1_343' title='bbox 383 2794 508 2849; x_wconf 80' lang='grc' dir='ltr'>μεν·</span> <span class='ocrx_word' id='word_1_344' title='bbox 542 2774 666 2830; x_wconf 74' lang='grc' dir='ltr'>οὔτε</span> <span class='ocrx_word' id='word_1_345' title='bbox 703 2775 810 2846; x_wconf 71' lang='grc' dir='ltr'>μὴν</span> <span class='ocrx_word' id='word_1_346' title='bbox 865 2776 965 2845; x_wconf 79' lang='grc' dir='ltr'>τὴν</span> <span class='ocrx_word' id='word_1_347' title='bbox 992 2776 1218 2847; x_wconf 84' lang='grc' dir='ltr'>κτιστὴν</span> <span class='ocrx_word' id='word_1_348' title='bbox 1265 2777 1386 2829; x_wconf 81' lang='grc' dir='ltr'>καθ’</span> <span class='ocrx_word' id='word_1_349' title='bbox 1420 2779 1567 2847; x_wconf 80' lang='grc' dir='ltr'>ἡμᾶς</span> <span class='ocrx_word' id='word_1_350' title='bbox 1594 2780 1697 2832; x_wconf 80' lang='grc' dir='ltr'><strong>καὶ</strong></span> <span class='ocrx_word' id='word_1_351' title='bbox 1750 2779 1960 2849; x_wconf 84' lang='grc' dir='ltr'>ἀνθρω-</span> 
     </span>
    </p>
   </div>
   <div class='ocr_carea' id='block_1_52' title="bbox 379 2867 1958 2940">
    <p class='ocr_par' dir='ltr' id='par_1_52' title="bbox 379 2867 1958 2940">
     <span class='ocr_line' id='line_1_53' title="bbox 379 2867 1958 2940; baseline -0.001 -17"><span class='ocrx_word' id='word_1_352' title='bbox 379 2871 546 2940; x_wconf 84' lang='grc' dir='ltr'>πίνην</span> <span class='ocrx_word' id='word_1_353' title='bbox 577 2869 765 2923; x_wconf 89' lang='grc' dir='ltr'>οὑσίαν</span> <span class='ocrx_word' id='word_1_354' title='bbox 800 2867 1150 2939; x_wconf 78' lang='grc' dir='ltr'>ἀνύπαρκτόν</span> <span class='ocrx_word' id='word_1_355' title='bbox 1176 2886 1236 2921; x_wconf 87' lang='grc' dir='ltr'><strong>τε</strong></span> <span class='ocrx_word' id='word_1_356' title='bbox 1267 2870 1363 2921; x_wconf 78' lang='grc' dir='ltr'>καὶ</span> <span class='ocrx_word' id='word_1_357' title='bbox 1413 2869 1679 2939; x_wconf 87' lang='grc' dir='ltr'>άθέλητον</span> <span class='ocrx_word' id='word_1_358' title='bbox 1730 2871 1763 2940; x_wconf 82' lang='grc' dir='ltr'>ἢ</span> <span class='ocrx_word' id='word_1_359' title='bbox 1801 2873 1958 2924; x_wconf 87' lang='grc' dir='ltr'>ἀνεν-</span> 
     </span>
    </p>
   </div>
   <div class='ocr_carea' id='block_1_53' title="bbox 378 2959 1954 3034">
    <p class='ocr_par' dir='ltr' id='par_1_53' title="bbox 378 2959 1954 3034">
     <span class='ocr_line' id='line_1_54' title="bbox 378 2959 1954 3034; baseline 0 -19"><span class='ocrx_word' id='word_1_360' title='bbox 378 2965 613 3034; x_wconf 82' lang='grc' dir='ltr'>έργητον</span> <span class='ocrx_word' id='word_1_361' title='bbox 637 2959 1096 3030; x_wconf 81' lang='grc' dir='ltr'>ἐπιγινώσκομεν.</span> <span class='ocrx_word' id='word_1_362' title='bbox 1118 2962 1226 3015; x_wconf 77' lang='grc' dir='ltr'><strong>Καὶ</strong></span> <span class='ocrx_word' id='word_1_363' title='bbox 1244 2963 1289 3012; x_wconf 78' lang='grc' dir='ltr'>εἰ</span> <span class='ocrx_word' id='word_1_364' title='bbox 1312 2961 1584 3031; x_wconf 82' lang='grc' dir='ltr'>μηδεμίαν</span> <span class='ocrx_word' id='word_1_365' title='bbox 1600 2962 1808 3015; x_wconf 83' lang='grc' dir='ltr'>τούτων</span> <span class='ocrx_word' id='word_1_366' title='bbox 1827 2963 1954 3033; x_wconf 75' lang='grc' dir='ltr'>ἔρη-</span> 
     </span>
    </p>
   </div>
   <div class='ocr_carea' id='block_1_54' title="bbox 383 3047 1963 3126">
    <p class='ocr_par' dir='ltr' id='par_1_54' title="bbox 383 3050 1961 3126">
     <span class='ocr_line' id='line_1_55' title="bbox 383 3050 1961 3126; baseline -0.002 -19"><span class='ocrx_word' id='word_1_367' title='bbox 383 3070 488 3126; x_wconf 87' lang='grc' dir='ltr'><strong>μον</strong></span> <span class='ocrx_word' id='word_1_368' title='bbox 533 3051 878 3121; x_wconf 72' lang='grc' dir='ltr'>ἐπιστάμεθα</span> <span class='ocrx_word' id='word_1_369' title='bbox 924 3050 1164 3121; x_wconf 80' lang='grc' dir='ltr'>φυσικῆς</span> <span class='ocrx_word' id='word_1_370' title='bbox 1217 3050 1529 3122; x_wconf 73' lang='grc' dir='ltr'>ὑπάρξεως,</span> <span class='ocrx_word' id='word_1_371' title='bbox 1576 3051 1847 3121; x_wconf 79' lang='grc' dir='ltr'>θελήσεώς</span> <span class='ocrx_word' id='word_1_372' title='bbox 1901 3068 1961 3104; x_wconf 83' lang='grc' dir='ltr'><strong>τε</strong></span> 
     </span>
    </p>
   </div>
   <div class='ocr_carea' id='block_1_55' title="bbox 2063 3047 3431 3126">
    <p class='ocr_par' dir='ltr' id='par_1_55' title="bbox 2063 3047 3431 3119">
     <span class='ocr_line' id='line_1_56' title="bbox 2063 3047 3431 3119; baseline 0.001 -16"><span class='ocrx_word' id='word_1_373' title='bbox 2063 3059 2115 3104; x_wconf 91' lang='lat' dir='ltr'><strong>et</strong></span> <span class='ocrx_word' id='word_1_374' title='bbox 2187 3047 2467 3104; x_wconf 82' lang='lat' dir='ltr'><strong>voluntate</strong></span> <span class='ocrx_word' id='word_1_375' title='bbox 2540 3049 2655 3103; x_wconf 88' lang='lat' dir='ltr'><strong>sive</strong></span> <span class='ocrx_word' id='word_1_376' title='bbox 2736 3050 3055 3119; x_wconf 83' lang='lat' dir='ltr'><strong>operatione</strong></span> <span class='ocrx_word' id='word_1_377' title='bbox 3132 3059 3431 3105; x_wconf 90' lang='lat' dir='ltr'><strong>carentem.</strong></span> 
     </span>
    </p>
   </div>
   <div class='ocr_carea' id='block_1_56' title="bbox 380 3140 1959 3213">
    <p class='ocr_par' dir='ltr' id='par_1_56' title="bbox 380 3140 1959 3213">
     <span class='ocr_line' id='line_1_57' title="bbox 380 3140 1959 3213; baseline -0.002 -15"><span class='ocrx_word' id='word_1_378' title='bbox 380 3143 481 3198; x_wconf 73' lang='grc' dir='ltr'>καὶ</span> <span class='ocrx_word' id='word_1_379' title='bbox 507 3143 812 3213; x_wconf 74' lang='grc' dir='ltr'>ἐνεργείας,</span> <span class='ocrx_word' id='word_1_380' title='bbox 835 3145 901 3197; x_wconf 81' lang='grc' dir='ltr'><strong>ἐκ</strong></span> <span class='ocrx_word' id='word_1_381' title='bbox 932 3140 1144 3196; x_wconf 81' lang='grc' dir='ltr'>τούτων</span> <span class='ocrx_word' id='word_1_382' title='bbox 1185 3141 1263 3207; x_wconf 85' lang='grc' dir='ltr'><strong>δέ,</strong></span> <span class='ocrx_word' id='word_1_383' title='bbox 1309 3141 1465 3204; x_wconf 81' lang='grc' dir='ltr'>θείας</span> <span class='ocrx_word' id='word_1_384' title='bbox 1496 3142 1711 3213; x_wconf 80' lang='grc' dir='ltr'>φύσεως</span> <span class='ocrx_word' id='word_1_385' title='bbox 1741 3142 1839 3196; x_wconf 71' lang='grc' dir='ltr'>καὶ</span> <span class='ocrx_word' id='word_1_386' title='bbox 1866 3143 1959 3195; x_wconf 84' lang='grc' dir='ltr'>άν-</span> 
     </span>
    </p>
   </div>
   <div class='ocr_carea' id='block_1_57' title="bbox 382 3232 1960 3305">
    <p class='ocr_par' dir='ltr' id='par_1_57' title="bbox 382 3232 1960 3305">
     <span class='ocr_line' id='line_1_58' title="bbox 382 3232 1960 3305; baseline 0.002 -19"><span class='ocrx_word' id='word_1_387' title='bbox 382 3232 662 3305; x_wconf 87' lang='grc' dir='ltr'>θρωπίνης</span> <span class='ocrx_word' id='word_1_388' title='bbox 698 3234 915 3302; x_wconf 86' lang='grc' dir='ltr'>φύσεως</span> <span class='ocrx_word' id='word_1_389' title='bbox 956 3234 1122 3302; x_wconf 82' lang='grc' dir='ltr'>λέγω,</span> <span class='ocrx_word' id='word_1_390' title='bbox 1150 3235 1246 3289; x_wconf 75' lang='grc' dir='ltr'>καὶ</span> <span class='ocrx_word' id='word_1_391' title='bbox 1272 3237 1329 3289; x_wconf 85' lang='grc' dir='ltr'><strong>ἐν</strong></span> <span class='ocrx_word' id='word_1_392' title='bbox 1356 3236 1606 3303; x_wconf 83' lang='grc' dir='ltr'>ταύταις,</span> <span class='ocrx_word' id='word_1_393' title='bbox 1635 3239 1727 3291; x_wconf 72' lang='grc' dir='ltr'>καὶ</span> <span class='ocrx_word' id='word_1_394' title='bbox 1753 3236 1960 3290; x_wconf 82' lang='grc' dir='ltr'>τούτων</span> 
     </span>
    </p>
   </div>
   <div class='ocr_carea' id='block_1_58' title="bbox 381 3323 1960 3401">
    <p class='ocr_par' dir='ltr' id='par_1_58' title="bbox 381 3323 1960 3401">
     <span class='ocr_line' id='line_1_59' title="bbox 381 3323 1960 3401; baseline 0.004 -26"><span class='ocrx_word' id='word_1_395' title='bbox 381 3323 681 3388; x_wconf 86' lang='grc' dir='ltr'>ὑπόστασίς</span> <span class='ocrx_word' id='word_1_396' title='bbox 727 3328 842 3379; x_wconf 89' lang='grc' dir='ltr'>ἐστι</span> <span class='ocrx_word' id='word_1_397' title='bbox 876 3326 997 3379; x_wconf 82' lang='grc' dir='ltr'>κατ’</span> <span class='ocrx_word' id='word_1_398' title='bbox 1028 3327 1289 3398; x_wconf 82' lang='grc' dir='ltr'>ἀλήθειαν</span> <span class='ocrx_word' id='word_1_399' title='bbox 1328 3329 1357 3381; x_wconf 90' lang='grc' dir='ltr'>ὁ</span> <span class='ocrx_word' id='word_1_400' title='bbox 1402 3324 1485 3391; x_wconf 70' lang='grc' dir='ltr'>εἷς</span> <span class='ocrx_word' id='word_1_401' title='bbox 1514 3331 1610 3383; x_wconf 74' lang='grc' dir='ltr'><strong>καὶ</strong></span> <span class='ocrx_word' id='word_1_402' title='bbox 1645 3330 1801 3401; x_wconf 85' lang='grc' dir='ltr'>μόνος</span> <span class='ocrx_word' id='word_1_403' title='bbox 1828 3330 1960 3401; x_wconf 82' lang='grc' dir='ltr'><strong>Χρι⁶</strong></span> 
     </span>
    </p>
   </div>
   <div class='ocr_carea' id='block_1_59' title="bbox 382 3413 1959 3491">
    <p class='ocr_par' dir='ltr' id='par_1_59' title="bbox 382 3413 1959 3491">
     <span class='ocr_line' id='line_1_60' title="bbox 382 3413 1959 3491; baseline 0.004 -24"><span class='ocrx_word' id='word_1_404' title='bbox 382 3413 506 3478; x_wconf 84' lang='grc' dir='ltr'>στὸς</span> <span class='ocrx_word' id='word_1_405' title='bbox 530 3417 624 3468; x_wconf 80' lang='grc' dir='ltr'><strong>καὶ</strong></span> <span class='ocrx_word' id='word_1_406' title='bbox 654 3416 800 3479; x_wconf 82' lang='grc' dir='ltr'>Υἱὸς,</span> <span class='ocrx_word' id='word_1_407' title='bbox 842 3417 979 3481; x_wconf 87' lang='grc' dir='ltr'>πῶς,</span> <span class='ocrx_word' id='word_1_408' title='bbox 1028 3418 1184 3489; x_wconf 73' lang='grc' dir='ltr'>εἴπερ</span> <span class='ocrx_word' id='word_1_409' title='bbox 1229 3420 1388 3487; x_wconf 82' lang='grc' dir='ltr'>φύσει</span> <span class='ocrx_word' id='word_1_410' title='bbox 1435 3421 1639 3491; x_wconf 83' lang='grc' dir='ltr'>κυρίως</span> <span class='ocrx_word' id='word_1_411' title='bbox 1681 3421 1834 3485; x_wconf 86' lang='grc' dir='ltr'>Θεὸς,</span> <span class='ocrx_word' id='word_1_412' title='bbox 1866 3420 1959 3476; x_wconf 77' lang='grc' dir='ltr'>καὶ</span> 
     </span>
    </p>
   </div>
   <div class='ocr_carea' id='block_1_60' title="bbox 379 3506 1959 3582">
    <p class='ocr_par' dir='ltr' id='par_1_60' title="bbox 379 3506 1959 3582">
     <span class='ocr_line' id='line_1_61' title="bbox 379 3506 1959 3582; baseline 0.006 -24"><span class='ocrx_word' id='word_1_413' title='bbox 379 3506 543 3574; x_wconf 79' lang='grc' dir='ltr'>φύσει</span> <span class='ocrx_word' id='word_1_414' title='bbox 577 3507 782 3579; x_wconf 85' lang='grc' dir='ltr'>κυρίως</span> <span class='ocrx_word' id='word_1_415' title='bbox 825 3508 1113 3580; x_wconf 80' lang='grc' dir='ltr'>ἄνθρωπος</span> <span class='ocrx_word' id='word_1_416' title='bbox 1143 3512 1171 3564; x_wconf 88' lang='lat'><strong>6</strong></span> <span class='ocrx_word' id='word_1_417' title='bbox 1198 3511 1382 3579; x_wconf 86' lang='grc' dir='ltr'>αὑτὸς,</span> <span class='ocrx_word' id='word_1_418' title='bbox 1408 3512 1529 3582; x_wconf 80' lang='grc' dir='ltr'>οὑχὶ</span> <span class='ocrx_word' id='word_1_419' title='bbox 1573 3513 1669 3565; x_wconf 74' lang='grc' dir='ltr'>καὶ</span> <span class='ocrx_word' id='word_1_420' title='bbox 1698 3513 1840 3566; x_wconf 85' lang='grc' dir='ltr'>θεῖον</span> <span class='ocrx_word' id='word_1_421' title='bbox 1868 3512 1959 3567; x_wconf 82' lang='grc' dir='ltr'>θέ-</span> 
     </span>
    </p>
   </div>
   <div class='ocr_carea' id='block_1_61' title="bbox 378 3596 1961 3674">
    <p class='ocr_par' dir='ltr' id='par_1_61' title="bbox 378 3596 1961 3674">
     <span class='ocr_line' id='line_1_62' title="bbox 378 3596 1961 3674; baseline 0.006 -26"><span class='ocrx_word' id='word_1_422' title='bbox 378 3596 531 3666; x_wconf 84' lang='grc' dir='ltr'>λημα</span> <span class='ocrx_word' id='word_1_423' title='bbox 581 3597 674 3650; x_wconf 75' lang='grc' dir='ltr'>καὶ</span> <span class='ocrx_word' id='word_1_424' title='bbox 724 3599 1009 3667; x_wconf 81' lang='grc' dir='ltr'>ἐνέργειαν</span> <span class='ocrx_word' id='word_1_425' title='bbox 1041 3602 1203 3670; x_wconf 82' lang='grc' dir='ltr'>φύσει</span> <span class='ocrx_word' id='word_1_426' title='bbox 1242 3604 1468 3674; x_wconf 86' lang='grc' dir='ltr'>κυρίως,</span> <span class='ocrx_word' id='word_1_427' title='bbox 1499 3604 1597 3656; x_wconf 76' lang='grc' dir='ltr'>καὶ</span> <span class='ocrx_word' id='word_1_428' title='bbox 1624 3602 1961 3674; x_wconf 84' lang='grc' dir='ltr'>ἀνθρώπινον</span> 
     </span>
    </p>
   </div>
   <div class='ocr_carea' id='block_1_62' title="bbox 378 3688 1958 3765">
    <p class='ocr_par' dir='ltr' id='par_1_62' title="bbox 378 3688 1958 3765">
     <span class='ocr_line' id='line_1_63' title="bbox 378 3688 1958 3765; baseline 0.004 -25"><span class='ocrx_word' id='word_1_429' title='bbox 378 3688 611 3758; x_wconf 86' lang='grc' dir='ltr'>θέλημα,</span> <span class='ocrx_word' id='word_1_430' title='bbox 639 3692 735 3744; x_wconf 77' lang='grc' dir='ltr'>καὶ</span> <span class='ocrx_word' id='word_1_431' title='bbox 761 3691 1042 3761; x_wconf 78' lang='grc' dir='ltr'>ἐνέργειαν</span> <span class='ocrx_word' id='word_1_432' title='bbox 1073 3693 1231 3763; x_wconf 83' lang='grc' dir='ltr'>φύσει</span> <span class='ocrx_word' id='word_1_433' title='bbox 1262 3695 1471 3765; x_wconf 88' lang='grc' dir='ltr'>κυρίως</span> <span class='ocrx_word' id='word_1_434' title='bbox 1496 3690 1630 3764; x_wconf 72' lang='grc' dir='ltr'>εἶχε,</span> <span class='ocrx_word' id='word_1_435' title='bbox 1663 3694 1958 3765; x_wconf 85' lang='grc' dir='ltr'>μηδετέρου</span> 
     </span>
    </p>
   </div>
   <div class='ocr_carea' id='block_1_63' title="bbox 377 3776 1961 3854">
    <p class='ocr_par' dir='ltr' id='par_1_63' title="bbox 377 3776 1961 3854">
     <span class='ocr_line' id='line_1_64' title="bbox 377 3776 1961 3854; baseline 0.005 -24"><span class='ocrx_word' id='word_1_436' title='bbox 377 3777 583 3831; x_wconf 84' lang='grc' dir='ltr'>τούτων</span> <span class='ocrx_word' id='word_1_437' title='bbox 622 3780 763 3835; x_wconf 82' lang='grc' dir='ltr'>κατὰ</span> <span class='ocrx_word' id='word_1_438' title='bbox 803 3780 966 3849; x_wconf 79' lang='grc' dir='ltr'>φύσιν</span> <span class='ocrx_word' id='word_1_439' title='bbox 1000 3780 1073 3834; x_wconf 85' lang='grc' dir='ltr'><strong>ῶν</strong></span> <span class='ocrx_word' id='word_1_440' title='bbox 1115 3782 1358 3853; x_wconf 81' lang='grc' dir='ltr'>ἐλλιπὴς,</span> <span class='ocrx_word' id='word_1_441' title='bbox 1389 3782 1457 3837; x_wconf 85' lang='grc' dir='ltr'>δι’</span> <span class='ocrx_word' id='word_1_442' title='bbox 1484 3776 1558 3836; x_wconf 84' lang='grc' dir='ltr'>ὧν</span> <span class='ocrx_word' id='word_1_443' title='bbox 1608 3784 1961 3854; x_wconf 87' lang='grc' dir='ltr'>ἐπαληθεὺων</span> 
     </span>
    </p>
   </div>
   <div class='ocr_carea' id='block_1_64' title="bbox 375 3871 1962 3943">
    <p class='ocr_par' dir='ltr' id='par_1_64' title="bbox 375 3871 1962 3943">
     <span class='ocr_line' id='line_1_65' title="bbox 375 3871 1962 3943; baseline 0.004 -21"><span class='ocrx_word' id='word_1_444' title='bbox 375 3872 491 3933; x_wconf 82' lang='grc' dir='ltr'>τοῖς</span> <span class='ocrx_word' id='word_1_445' title='bbox 525 3871 816 3941; x_wconf 86' lang='grc' dir='ltr'>πράγμασι</span> <span class='ocrx_word' id='word_1_446' title='bbox 847 3873 915 3927; x_wconf 73' lang='grc' dir='ltr'>τὰ</span> <span class='ocrx_word' id='word_1_447' title='bbox 948 3873 1208 3943; x_wconf 85' lang='grc' dir='ltr'>ὀνόματα,</span> <span class='ocrx_word' id='word_1_448' title='bbox 1238 3873 1335 3929; x_wconf 63' lang='grc' dir='ltr'><strong>καὶ¹</strong></span> <span class='ocrx_word' id='word_1_449' title='bbox 1365 3873 1577 3938; x_wconf 85' lang='grc' dir='ltr'>τούτοις</span> <span class='ocrx_word' id='word_1_450' title='bbox 1636 3873 1794 3939; x_wconf 85' lang='grc' dir='ltr'>αὑθις</span> <span class='ocrx_word' id='word_1_451' title='bbox 1842 3877 1962 3929; x_wconf 88' lang='grc' dir='ltr'>ἐπι-</span> 
     </span>
    </p>
   </div>
   <div class='ocr_carea' id='block_1_65' title="bbox 374 3961 1959 4036">
    <p class='ocr_par' dir='ltr' id='par_1_65' title="bbox 374 3961 1959 4036">
     <span class='ocr_line' id='line_1_66' title="bbox 374 3961 1959 4036; baseline 0.004 -24"><span class='ocrx_word' id='word_1_452' title='bbox 374 3961 563 4031; x_wconf 82' lang='grc' dir='ltr'>κυρῶν</span> <span class='ocrx_word' id='word_1_453' title='bbox 593 3963 662 4015; x_wconf 81' lang='grc' dir='ltr'><strong>τά</strong></span> <span class='ocrx_word' id='word_1_454' title='bbox 683 3962 1007 4034; x_wconf 81' lang='grc' dir='ltr'>πράγματα,</span> <span class='ocrx_word' id='word_1_455' title='bbox 1040 3964 1323 4034; x_wconf 84' lang='grc' dir='ltr'>προδήλως</span> <span class='ocrx_word' id='word_1_456' title='bbox 1349 3966 1377 4018; x_wconf 87' lang='grc' dir='ltr'><strong>ὁ</strong></span> <span class='ocrx_word' id='word_1_457' title='bbox 1408 3964 1570 4028; x_wconf 88' lang='grc' dir='ltr'>αὑτὸς</span> <span class='ocrx_word' id='word_1_458' title='bbox 1612 3965 1959 4036; x_wconf 75' lang='grc' dir='ltr'>ἐγνωρίζετο,</span> 
     </span>
    </p>
   </div>
   <div class='ocr_carea' id='block_1_66' title="bbox 373 4053 1952 4128">
    <p class='ocr_par' dir='ltr' id='par_1_66' title="bbox 373 4053 1952 4128">
     <span class='ocr_line' id='line_1_67' title="bbox 373 4053 1952 4128; baseline 0.004 -23"><span class='ocrx_word' id='word_1_459' title='bbox 373 4053 447 4109; x_wconf 84' lang='grc' dir='ltr'><strong>τά</strong></span> <span class='ocrx_word' id='word_1_460' title='bbox 489 4071 548 4108; x_wconf 89' lang='grc' dir='ltr'><strong>τε</strong></span> <span class='ocrx_word' id='word_1_461' title='bbox 606 4053 726 4107; x_wconf 87' lang='grc' dir='ltr'>θεῖα</span> <span class='ocrx_word' id='word_1_462' title='bbox 744 4056 839 4108; x_wconf 74' lang='grc' dir='ltr'>καὶ</span> <span class='ocrx_word' id='word_1_463' title='bbox 869 4054 1186 4124; x_wconf 85' lang='grc' dir='ltr'>ἀνθρώπινα</span> <span class='ocrx_word' id='word_1_464' title='bbox 1220 4056 1467 4126; x_wconf 76' lang='grc' dir='ltr'>φυσικῶς</span> <span class='ocrx_word' id='word_1_465' title='bbox 1494 4056 1636 4128; x_wconf 72' lang='grc' dir='ltr'>ἔχων</span> <span class='ocrx_word' id='word_1_466' title='bbox 1658 4056 1753 4110; x_wconf 73' lang='grc' dir='ltr'>καὶ</span> <span class='ocrx_word' id='word_1_467' title='bbox 1783 4058 1952 4113; x_wconf 80' lang='grc' dir='ltr'>θέλων</span> 
     </span>
    </p>
   </div>
   <div class='ocr_carea' id='block_1_67' title="bbox 374 4143 1959 4217">
    <p class='ocr_par' dir='ltr' id='par_1_67' title="bbox 374 4143 1959 4217">
     <span class='ocr_line' id='line_1_68' title="bbox 374 4143 1959 4217; baseline 0.007 -20"><span class='ocrx_word' id='word_1_468' title='bbox 374 4146 471 4198; x_wconf 83' lang='grc' dir='ltr'>καὶ</span> <span class='ocrx_word' id='word_1_469' title='bbox 497 4145 758 4214; x_wconf 84' lang='grc' dir='ltr'>ἐνεργῶν,</span> <span class='ocrx_word' id='word_1_470' title='bbox 801 4149 911 4200; x_wconf 85' lang='grc' dir='ltr'><strong>κάκ</strong></span> <span class='ocrx_word' id='word_1_471' title='bbox 941 4146 1131 4201; x_wconf 82' lang='grc' dir='ltr'>τούτου</span> <span class='ocrx_word' id='word_1_472' title='bbox 1171 4148 1240 4202; x_wconf 76' lang='grc' dir='ltr'>τὰ</span> <span class='ocrx_word' id='word_1_473' title='bbox 1278 4150 1335 4217; x_wconf 83' lang='grc' dir='ltr'>ἐξ</span> <span class='ocrx_word' id='word_1_474' title='bbox 1374 4143 1469 4213; x_wconf 83' lang='grc' dir='ltr'>ὧν,</span> <span class='ocrx_word' id='word_1_475' title='bbox 1498 4153 1592 4206; x_wconf 77' lang='grc' dir='ltr'>καὶ</span> <span class='ocrx_word' id='word_1_476' title='bbox 1642 4154 1699 4206; x_wconf 87' lang='grc' dir='ltr'><strong>ἐν</strong></span> <span class='ocrx_word' id='word_1_477' title='bbox 1727 4149 1830 4217; x_wconf 79' lang='grc' dir='ltr'>οἷς,</span> <span class='ocrx_word' id='word_1_478' title='bbox 1864 4154 1959 4208; x_wconf 70' lang='grc' dir='ltr'>καὶ</span> 
     </span>
    </p>
   </div>
   <div class='ocr_carea' id='block_1_68' title="bbox 375 4236 1959 4313">
    <p class='ocr_par' dir='ltr' id='par_1_68' title="bbox 375 4236 1959 4313">
     <span class='ocr_line' id='line_1_69' title="bbox 375 4236 1959 4313; baseline 0.006 -25"><span class='ocrx_word' id='word_1_479' title='bbox 375 4236 521 4307; x_wconf 76' lang='grc' dir='ltr'>ἅπερ</span> <span class='ocrx_word' id='word_1_480' title='bbox 577 4236 815 4306; x_wconf 82' lang='grc' dir='ltr'>ὑπῆρχε,</span> <span class='ocrx_word' id='word_1_481' title='bbox 858 4236 1287 4307; x_wconf 83' lang='grc' dir='ltr'>πιστευόμενος;</span> <span class='ocrx_word' id='word_1_482' title='bbox 1341 4239 1515 4305; x_wconf 71' lang='grc' dir='ltr'>Ἐπεὶ,</span> <span class='ocrx_word' id='word_1_483' title='bbox 1573 4241 1669 4295; x_wconf 85' lang='grc' dir='ltr'><strong>τοῦ</strong></span> <span class='ocrx_word' id='word_1_484' title='bbox 1728 4244 1959 4313; x_wconf 76' lang='grc' dir='ltr'>φυσικοῦ</span> 
     </span>
    </p>
   </div>
   <div class='ocr_carea' id='block_1_69' title="bbox 374 4327 2039 4427">
    <p class='ocr_par' dir='ltr' id='par_1_69' title="bbox 374 4327 2039 4427">
     <span class='ocr_line' id='line_1_70' title="bbox 374 4327 2039 4427; baseline 0.007 -48"><span class='ocrx_word' id='word_1_485' title='bbox 374 4327 679 4399; x_wconf 79' lang='grc' dir='ltr'>θελήματος</span> <span class='ocrx_word' id='word_1_486' title='bbox 722 4328 816 4381; x_wconf 82' lang='grc' dir='ltr'>καὶ</span> <span class='ocrx_word' id='word_1_487' title='bbox 861 4329 960 4399; x_wconf 84' lang='grc' dir='ltr'>τῆς</span> <span class='ocrx_word' id='word_1_488' title='bbox 1000 4329 1289 4394; x_wconf 86' lang='grc' dir='ltr'>οὑσιώδους</span> <span class='ocrx_word' id='word_1_489' title='bbox 1318 4333 1599 4403; x_wconf 86' lang='grc' dir='ltr'>ἐνεργείας</span> <span class='ocrx_word' id='word_1_490' title='bbox 1637 4336 1962 4407; x_wconf 61' lang='grc' dir='ltr'>ἀναιρουμέ-</span> <span class='ocrx_word' id='word_1_491' title='bbox 1986 4328 2039 4427; x_wconf 56' lang='grc' dir='ltr'>ὑ</span> 
     </span>
    </p>
   </div>
   <div class='ocr_carea' id='block_1_70' title="bbox 372 4420 1961 4495">
    <p class='ocr_par' dir='ltr' id='par_1_70' title="bbox 372 4420 1961 4495">
     <span class='ocr_line' id='line_1_71' title="bbox 372 4420 1961 4495; baseline 0.005 -21"><span class='ocrx_word' id='word_1_492' title='bbox 372 4438 502 4486; x_wconf 89' lang='grc' dir='ltr'>νων,</span> <span class='ocrx_word' id='word_1_493' title='bbox 552 4421 653 4491; x_wconf 84' lang='grc' dir='ltr'>τῆς</span> <span class='ocrx_word' id='word_1_494' title='bbox 686 4438 744 4474; x_wconf 91' lang='grc' dir='ltr'>τε</span> <span class='ocrx_word' id='word_1_495' title='bbox 788 4420 938 4485; x_wconf 86' lang='grc' dir='ltr'>θείας</span> <span class='ocrx_word' id='word_1_496' title='bbox 979 4422 1071 4475; x_wconf 69' lang='grc' dir='ltr'><strong>καὶ</strong></span> <span class='ocrx_word' id='word_1_497' title='bbox 1117 4423 1468 4495; x_wconf 77' lang='grc' dir='ltr'>ἀνθρωπίνης</span> <span class='ocrx_word' id='word_1_498' title='bbox 1510 4426 1722 4493; x_wconf 90' lang='grc' dir='ltr'>οὑσίας,</span> <span class='ocrx_word' id='word_1_499' title='bbox 1752 4428 1844 4481; x_wconf 88' lang='grc' dir='ltr'><strong>τοῦ</strong></span> <span class='ocrx_word' id='word_1_500' title='bbox 1897 4430 1961 4483; x_wconf 84' lang='grc' dir='ltr'><strong>ἐκ</strong></span> 
     </span>
    </p>
   </div>
   <div class='ocr_carea' id='block_1_71' title="bbox 371 4513 1961 4591">
    <p class='ocr_par' dir='ltr' id='par_1_71' title="bbox 371 4513 1961 4591">
     <span class='ocr_line' id='line_1_72' title="bbox 371 4513 1961 4591; baseline 0.005 -25"><span class='ocrx_word' id='word_1_501' title='bbox 371 4513 580 4567; x_wconf 77' lang='grc' dir='ltr'>τούτων</span> <span class='ocrx_word' id='word_1_502' title='bbox 614 4513 709 4566; x_wconf 70' lang='grc' dir='ltr'>καὶ</span> <span class='ocrx_word' id='word_1_503' title='bbox 747 4513 953 4576; x_wconf 78' lang='grc' dir='ltr'>ταύτας</span> <span class='ocrx_word' id='word_1_504' title='bbox 990 4514 1142 4575; x_wconf 78' lang='grc' dir='ltr'>ὄντος</span> <span class='ocrx_word' id='word_1_505' title='bbox 1192 4517 1285 4569; x_wconf 65' lang='grc' dir='ltr'><strong>καίΙ</strong></span> <span class='ocrx_word' id='word_1_506' title='bbox 1333 4514 1599 4581; x_wconf 81' lang='grc' dir='ltr'>σώζοντος</span> <span class='ocrx_word' id='word_1_507' title='bbox 1642 4519 1785 4572; x_wconf 81' lang='grc' dir='ltr'>κατὰ</span> <span class='ocrx_word' id='word_1_508' title='bbox 1833 4520 1961 4591; x_wconf 89' lang='grc' dir='ltr'>μίαν</span> 
     </span>
    </p>
   </div>
   <div class='ocr_carea' id='block_1_72' title="bbox 373 4604 1961 4679">
    <p class='ocr_par' dir='ltr' id='par_1_72' title="bbox 373 4604 1961 4679">
     <span class='ocr_line' id='line_1_73' title="bbox 373 4604 1961 4679; baseline 0.005 -22"><span class='ocrx_word' id='word_1_509' title='bbox 373 4604 696 4669; x_wconf 81' lang='grc' dir='ltr'>ὑπόστασιν,</span> <span class='ocrx_word' id='word_1_510' title='bbox 724 4606 840 4668; x_wconf 84' lang='grc' dir='ltr'><strong>πῶς</strong></span> <span class='ocrx_word' id='word_1_511' title='bbox 870 4605 999 4670; x_wconf 84' lang='grc' dir='ltr'>Θεὸς</span> <span class='ocrx_word' id='word_1_512' title='bbox 1046 4607 1078 4678; x_wconf 79' lang='grc' dir='ltr'>ἢ</span> <span class='ocrx_word' id='word_1_513' title='bbox 1129 4605 1414 4679; x_wconf 82' lang='grc' dir='ltr'>ἄνθρωπος</span> <span class='ocrx_word' id='word_1_514' title='bbox 1471 4609 1626 4662; x_wconf 78' lang='grc' dir='ltr'>ἔσται</span> <span class='ocrx_word' id='word_1_515' title='bbox 1657 4627 1671 4675; x_wconf 91' lang='grc'>;</span> <span class='ocrx_word' id='word_1_516' title='bbox 1706 4612 1801 4664; x_wconf 76' lang='grc' dir='ltr'>καὶ</span> <span class='ocrx_word' id='word_1_517' title='bbox 1843 4612 1961 4675; x_wconf 90' lang='grc' dir='ltr'><strong>πῶς</strong></span> 
     </span>
    </p>
   </div>
   <div class='ocr_carea' id='block_1_73' title="bbox 369 4693 1957 4770">
    <p class='ocr_par' dir='ltr' id='par_1_73' title="bbox 369 4693 1957 4770">
     <span class='ocr_line' id='line_1_74' title="bbox 369 4693 1957 4770; baseline 0.005 -24"><span class='ocrx_word' id='word_1_518' title='bbox 369 4693 550 4757; x_wconf 86' lang='grc' dir='ltr'>τοῦτο,</span> <span class='ocrx_word' id='word_1_519' title='bbox 598 4694 631 4763; x_wconf 85' lang='grc' dir='ltr'>ἢ</span> <span class='ocrx_word' id='word_1_520' title='bbox 684 4695 860 4747; x_wconf 83' lang='grc' dir='ltr'>ἐκεῖνο</span> <span class='ocrx_word' id='word_1_521' title='bbox 902 4695 1024 4747; x_wconf 86' lang='grc' dir='ltr'>κατ’</span> <span class='ocrx_word' id='word_1_522' title='bbox 1054 4695 1242 4750; x_wconf 83' lang='grc' dir='ltr'>οὑσίαν</span> <span class='ocrx_word' id='word_1_523' title='bbox 1293 4697 1555 4768; x_wconf 82' lang='grc' dir='ltr'>ὑπάρχων</span> <span class='ocrx_word' id='word_1_524' title='bbox 1588 4699 1957 4770; x_wconf 81' lang='grc' dir='ltr'>δειχθήσεται,</span> 
     </span>
    </p>
   </div>
   <div class='ocr_carea' id='block_1_74' title="bbox 375 4784 1956 4862">
    <p class='ocr_par' dir='ltr' id='par_1_74' title="bbox 375 4784 1956 4862">
     <span class='ocr_line' id='line_1_75' title="bbox 375 4784 1956 4862; baseline 0.007 -27"><span class='ocrx_word' id='word_1_525' title='bbox 375 4785 453 4855; x_wconf 82' lang='grc' dir='ltr'>μὴ</span> <span class='ocrx_word' id='word_1_526' title='bbox 486 4784 674 4847; x_wconf 74' lang='grc' dir='ltr'>σώζων</span> <span class='ocrx_word' id='word_1_527' title='bbox 703 4786 969 4857; x_wconf 78' lang='grc' dir='ltr'>ἑκατέρας</span> <span class='ocrx_word' id='word_1_528' title='bbox 991 4785 1205 4854; x_wconf 76' lang='grc' dir='ltr'>φύσεως</span> <span class='ocrx_word' id='word_1_529' title='bbox 1237 4788 1539 4853; x_wconf 86' lang='grc' dir='ltr'>ἀνελλιπῶς</span> <span class='ocrx_word' id='word_1_530' title='bbox 1561 4790 1661 4861; x_wconf 83' lang='grc' dir='ltr'><strong>τὴν</strong></span> <span class='ocrx_word' id='word_1_531' title='bbox 1696 4791 1956 4862; x_wconf 82' lang='grc' dir='ltr'>ἰδιότητα,</span> 
     </span>
    </p>
   </div>
   <div class='ocr_carea' id='block_1_75' title="bbox 372 4878 1959 4954">
    <p class='ocr_par' dir='ltr' id='par_1_75' title="bbox 372 4878 1959 4954">
     <span class='ocr_line' id='line_1_76' title="bbox 372 4878 1959 4954; baseline 0.006 -25"><span class='ocrx_word' id='word_1_532' title='bbox 372 4878 558 4947; x_wconf 83' lang='grc' dir='ltr'>πάσης</span> <span class='ocrx_word' id='word_1_533' title='bbox 612 4878 891 4948; x_wconf 81' lang='grc' dir='ltr'>ἁμαρτίας</span> <span class='ocrx_word' id='word_1_534' title='bbox 931 4880 1134 4951; x_wconf 85' lang='grc' dir='ltr'>χωρίς;</span> <span class='ocrx_word' id='word_1_535' title='bbox 1188 4880 1262 4933; x_wconf 86' lang='grc' dir='ltr'>Τὸ</span> <span class='ocrx_word' id='word_1_536' title='bbox 1309 4881 1416 4952; x_wconf 80' lang='grc' dir='ltr'><strong>γὰρ</strong></span> <span class='ocrx_word' id='word_1_537' title='bbox 1460 4882 1571 4935; x_wconf 88' lang='grc' dir='ltr'><strong>τῶν</strong></span> <span class='ocrx_word' id='word_1_538' title='bbox 1612 4882 1755 4938; x_wconf 82' lang='grc' dir='ltr'>κατά</span> <span class='ocrx_word' id='word_1_539' title='bbox 1797 4884 1959 4954; x_wconf 81' lang='grc' dir='ltr'>φύσιν</span> 
     </span>
    </p>
   </div>
   <div class='ocr_carea' id='block_1_76' title="bbox 370 4968 1959 5046">
    <p class='ocr_par' dir='ltr' id='par_1_76' title="bbox 370 4968 1959 5046">
     <span class='ocr_line' id='line_1_77' title="bbox 370 4968 1959 5046; baseline 0.006 -25"><span class='ocrx_word' id='word_1_540' title='bbox 370 4968 593 5039; x_wconf 84' lang='grc' dir='ltr'>ἐκστᾷν,</span> <span class='ocrx_word' id='word_1_541' title='bbox 622 4970 726 5023; x_wconf 75' lang='grc' dir='ltr'>κᾶν</span> <span class='ocrx_word' id='word_1_542' title='bbox 753 4971 851 5038; x_wconf 83' lang='grc' dir='ltr'>τῆς</span> <span class='ocrx_word' id='word_1_543' title='bbox 875 4969 979 5034; x_wconf 78' lang='grc' dir='ltr'><strong>ἔξω</strong></span> <span class='ocrx_word' id='word_1_544' title='bbox 1008 4973 1105 5039; x_wconf 79' lang='grc' dir='ltr'><strong>τῆς</strong></span> <span class='ocrx_word' id='word_1_545' title='bbox 1130 4972 1321 5036; x_wconf 86' lang='grc' dir='ltr'>οὑσίας</span> <span class='ocrx_word' id='word_1_546' title='bbox 1343 4974 1656 5043; x_wconf 85' lang='grc' dir='ltr'>γεγένηται,</span> <span class='ocrx_word' id='word_1_547' title='bbox 1686 4975 1959 5046; x_wconf 87' lang='grc' dir='ltr'>μηδεμίαν</span> 
     </span>
    </p>
   </div>
   <div class='ocr_carea' id='block_1_77' title="bbox 373 5059 1959 5139">
    <p class='ocr_par' dir='ltr' id='par_1_77' title="bbox 373 5059 1959 5139">
     <span class='ocr_line' id='line_1_78' title="bbox 373 5059 1959 5139; baseline 0.006 -27"><span class='ocrx_word' id='word_1_548' title='bbox 373 5059 610 5131; x_wconf 79' lang='grc' dir='ltr'>ὕπαρξιν</span> <span class='ocrx_word' id='word_1_549' title='bbox 660 5062 812 5132; x_wconf 73' lang='grc' dir='ltr'><strong>ἕχον⁸</strong></span> <span class='ocrx_word' id='word_1_550' title='bbox 860 5063 942 5115; x_wconf 86' lang='grc' dir='ltr'>ὃτι</span> <span class='ocrx_word' id='word_1_551' title='bbox 1000 5062 1133 5134; x_wconf 86' lang='grc' dir='ltr'><strong>μηδέ</strong></span> <span class='ocrx_word' id='word_1_552' title='bbox 1164 5062 1380 5133; x_wconf 84' lang='grc' dir='ltr'>κίνησιν</span> <span class='ocrx_word' id='word_1_553' title='bbox 1414 5068 1671 5137; x_wconf 81' lang='grc' dir='ltr'>φυσικήν.</span> <span class='ocrx_word' id='word_1_554' title='bbox 1709 5086 1727 5119; x_wconf 82' lang='grc' dir='ltr'><strong>ι</strong></span> <span class='ocrx_word' id='word_1_555' title='bbox 1750 5067 1824 5121; x_wconf 89' lang='grc' dir='ltr'>Τὸ</span> <span class='ocrx_word' id='word_1_556' title='bbox 1850 5068 1959 5139; x_wconf 85' lang='grc' dir='ltr'><strong>γάρ</strong></span> 
     </span>
    </p>
   </div>
   <div class='ocr_carea' id='block_1_78' title="bbox 374 5148 1960 5229">
    <p class='ocr_par' dir='ltr' id='par_1_78' title="bbox 374 5148 1960 5229">
     <span class='ocr_line' id='line_1_79' title="bbox 374 5148 1960 5229; baseline 0.005 -24"><span class='ocrx_word' id='word_1_557' title='bbox 374 5151 648 5223; x_wconf 80' lang='grc' dir='ltr'>μηδεμίαν</span> <span class='ocrx_word' id='word_1_558' title='bbox 684 5152 898 5223; x_wconf 83' lang='grc' dir='ltr'>κίνησιν</span> <span class='ocrx_word' id='word_1_559' title='bbox 942 5154 1085 5224; x_wconf 78' lang='grc' dir='ltr'>ἕχον,</span> <span class='ocrx_word' id='word_1_560' title='bbox 1111 5173 1129 5206; x_wconf 77' lang='grc' dir='ltr'><strong>ι</strong></span> <span class='ocrx_word' id='word_1_561' title='bbox 1242 5173 1408 5226; x_wconf 81' lang='grc' dir='ltr'>φησιν</span> <span class='ocrx_word' id='word_1_562' title='bbox 1450 5157 1480 5209; x_wconf 88' lang='lat'><strong>6</strong></span> <span class='ocrx_word' id='word_1_563' title='bbox 1511 5156 1833 5229; x_wconf 73' lang='grc' dir='ltr'>θεοφάντωρ</span> <span class='ocrx_word' id='word_1_564' title='bbox 1864 5159 1960 5213; x_wconf 74' lang='grc' dir='ltr'><strong>καὶ</strong></span> 
     </span>
    </p>
   </div>
   <div class='ocr_carea' id='block_1_79' title="bbox 375 5243 1955 5314">
    <p class='ocr_par' dir='ltr' id='par_1_79' title="bbox 375 5243 1955 5314">
     <span class='ocr_line' id='line_1_80' title="bbox 375 5243 1955 5314; baseline 0.006 -19"><span class='ocrx_word' id='word_1_565' title='bbox 375 5243 551 5314; x_wconf 82' lang='grc' dir='ltr'>μέγας</span> <span class='ocrx_word' id='word_1_566' title='bbox 580 5243 736 5312; x_wconf 80' lang='grc' dir='ltr'>ἆγιος</span> <span class='ocrx_word' id='word_1_567' title='bbox 766 5245 1040 5309; x_wconf 78' lang='grc' dir='ltr'>Διονύσιος</span> <span class='ocrx_word' id='word_1_568' title='bbox 1062 5246 1128 5311; x_wconf 75' lang='grc'><strong>⁸⁸,</strong></span> <span class='ocrx_word' id='word_1_569' title='bbox 1157 5266 1174 5297; x_wconf 77' lang='grc' dir='ltr'><strong>ι</strong></span> <span class='ocrx_word' id='word_1_570' title='bbox 1201 5245 1324 5299; x_wconf 85' lang='grc' dir='ltr'>οῦτε</span> <span class='ocrx_word' id='word_1_571' title='bbox 1356 5246 1522 5312; x_wconf 76' lang='grc' dir='ltr'>ἔστιν,</span> <span class='ocrx_word' id='word_1_572' title='bbox 1566 5247 1690 5303; x_wconf 79' lang='grc' dir='ltr'>οὕτε</span> <span class='ocrx_word' id='word_1_573' title='bbox 1706 5249 1758 5303; x_wconf 89' lang='grc' dir='ltr'><strong>τί</strong></span> <span class='ocrx_word' id='word_1_574' title='bbox 1787 5251 1955 5304; x_wconf 77' lang='grc' dir='ltr'>ἐστιν’</span> 
     </span>
    </p>
   </div>
   <div class='ocr_carea' id='block_1_80' title="bbox 371 5332 1957 5402">
    <p class='ocr_par' dir='ltr' id='par_1_80' title="bbox 371 5332 1957 5402">
     <span class='ocr_line' id='line_1_81' title="bbox 371 5332 1957 5402; baseline 0.006 -17"><span class='ocrx_word' id='word_1_575' title='bbox 371 5332 495 5385; x_wconf 77' lang='grc' dir='ltr'>οὔτε</span> <span class='ocrx_word' id='word_1_576' title='bbox 545 5333 661 5387; x_wconf 78' lang='grc' dir='ltr'>ἐστι</span> <span class='ocrx_word' id='word_1_577' title='bbox 714 5351 799 5398; x_wconf 91' lang='grc' dir='ltr'><strong>τις</strong></span> <span class='ocrx_word' id='word_1_578' title='bbox 842 5334 1009 5388; x_wconf 86' lang='grc' dir='ltr'>αὑτοῦ</span> <span class='ocrx_word' id='word_1_579' title='bbox 1062 5336 1341 5400; x_wconf 89' lang='grc' dir='ltr'>παντελῶς</span> <span class='ocrx_word' id='word_1_580' title='bbox 1374 5337 1544 5402; x_wconf 88' lang='grc' dir='ltr'>θέσις.</span> <span class='ocrx_word' id='word_1_581' title='bbox 1590 5358 1610 5391; x_wconf 75' lang='grc' dir='ltr'><strong>ι</strong></span> <span class='ocrx_word' id='word_1_582' title='bbox 1737 5340 1837 5394; x_wconf 89' lang='grc' dir='ltr'>Διά</span> <span class='ocrx_word' id='word_1_583' title='bbox 1876 5357 1957 5394; x_wconf 88' lang='grc' dir='ltr'><strong>τοι</strong></span> 
     </span>
    </p>
   </div>
   <div class='ocr_carea' id='block_1_81' title="bbox 371 5425 1956 5501">
    <p class='ocr_par' dir='ltr' id='par_1_81' title="bbox 371 5425 1956 5501">
     <span class='ocr_line' id='line_1_82' title="bbox 371 5425 1956 5501; baseline 0.005 -22"><span class='ocrx_word' id='word_1_584' title='bbox 371 5425 533 5480; x_wconf 82' lang='grc' dir='ltr'>τοῦτο</span> <span class='ocrx_word' id='word_1_585' title='bbox 579 5426 679 5489; x_wconf 78' lang='grc' dir='ltr'>τὰς</span> <span class='ocrx_word' id='word_1_586' title='bbox 726 5425 968 5498; x_wconf 83' lang='grc' dir='ltr'>Χριστοῦ</span> <span class='ocrx_word' id='word_1_587' title='bbox 1009 5425 1103 5480; x_wconf 89' lang='grc' dir='ltr'><strong>τοῦ</strong></span> <span class='ocrx_word' id='word_1_588' title='bbox 1146 5426 1281 5481; x_wconf 88' lang='grc' dir='ltr'>Θεοῦ</span> <span class='ocrx_word' id='word_1_589' title='bbox 1328 5428 1519 5497; x_wconf 76' lang='grc' dir='ltr'>φύσεις</span> <span class='ocrx_word' id='word_1_590' title='bbox 1560 5431 1956 5501; x_wconf 86' lang='grc' dir='ltr'>ὁμολογοῦντας</span> 
     </span>
    </p>
   </div>
   <div class='ocr_carea' id='block_1_82' title="bbox 370 5518 1959 5595">
    <p class='ocr_par' dir='ltr' id='par_1_82' title="bbox 370 5518 1959 5595">
     <span class='ocr_line' id='line_1_83' title="bbox 370 5518 1959 5595; baseline 0.004 -25"><span class='ocrx_word' id='word_1_591' title='bbox 370 5520 543 5589; x_wconf 79' lang='grc' dir='ltr'>ἡμᾶς,</span> <span class='ocrx_word' id='word_1_592' title='bbox 574 5519 674 5591; x_wconf 78' lang='grc' dir='ltr'>τὴν</span> <span class='ocrx_word' id='word_1_593' title='bbox 705 5518 857 5573; x_wconf 90' lang='grc' dir='ltr'>θείαν</span> <span class='ocrx_word' id='word_1_594' title='bbox 892 5520 1039 5591; x_wconf 71' lang='grc' dir='ltr'>φημι</span> <span class='ocrx_word' id='word_1_595' title='bbox 1072 5521 1169 5575; x_wconf 73' lang='grc' dir='ltr'>καὶ</span> <span class='ocrx_word' id='word_1_596' title='bbox 1207 5520 1306 5593; x_wconf 82' lang='grc' dir='ltr'>τὴν</span> <span class='ocrx_word' id='word_1_597' title='bbox 1342 5521 1465 5575; x_wconf 84' lang='grc' dir='ltr'>καθ’</span> <span class='ocrx_word' id='word_1_598' title='bbox 1495 5524 1647 5595; x_wconf 79' lang='grc' dir='ltr'>ἡμᾶς</span> <span class='ocrx_word' id='word_1_599' title='bbox 1684 5524 1959 5595; x_wconf 84' lang='grc' dir='ltr'>ἀνθρωπί-</span> 
     </span>
    </p>
   </div>
   <div class='ocr_carea' id='block_1_83' title="bbox 371 5612 1959 5687">
    <p class='ocr_par' dir='ltr' id='par_1_83' title="bbox 371 5612 1959 5687">
     <span class='ocr_line' id='line_1_84' title="bbox 371 5612 1959 5687; baseline 0.006 -24"><span class='ocrx_word' id='word_1_600' title='bbox 371 5626 493 5682; x_wconf 91' lang='grc' dir='ltr'>νην,</span> <span class='ocrx_word' id='word_1_601' title='bbox 523 5612 661 5684; x_wconf 89' lang='grc' dir='ltr'>πρὸς</span> <span class='ocrx_word' id='word_1_602' title='bbox 712 5612 936 5683; x_wconf 80' lang='grc' dir='ltr'>βεϐαίαν</span> <span class='ocrx_word' id='word_1_603' title='bbox 981 5613 1079 5685; x_wconf 82' lang='grc' dir='ltr'>τῆς</span> <span class='ocrx_word' id='word_1_604' title='bbox 1106 5632 1163 5667; x_wconf 86' lang='grc' dir='ltr'><strong>τε</strong></span> <span class='ocrx_word' id='word_1_605' title='bbox 1195 5614 1399 5668; x_wconf 77' lang='grc' dir='ltr'>τούτων</span> <span class='ocrx_word' id='word_1_606' title='bbox 1428 5615 1719 5687; x_wconf 79' lang='grc' dir='ltr'>ὑπάρξεως</span> <span class='ocrx_word' id='word_1_607' title='bbox 1755 5618 1959 5672; x_wconf 86' lang='grc' dir='ltr'>πίστω-</span> 
     </span>
    </p>
   </div>
   <div class='ocr_carea' id='block_1_84' title="bbox 376 5706 1955 5783">
    <p class='ocr_par' dir='ltr' id='par_1_84' title="bbox 376 5706 1955 5783">
     <span class='ocr_line' id='line_1_85' title="bbox 376 5706 1955 5783; baseline 0.006 -28"><span class='ocrx_word' id='word_1_608' title='bbox 376 5719 481 5769; x_wconf 82' lang='grc' dir='ltr'>σιν,</span> <span class='ocrx_word' id='word_1_609' title='bbox 514 5707 609 5759; x_wconf 76' lang='grc' dir='ltr'>καὶ</span> <span class='ocrx_word' id='word_1_610' title='bbox 645 5706 747 5777; x_wconf 76' lang='grc' dir='ltr'><strong>τῆς</strong></span> <span class='ocrx_word' id='word_1_611' title='bbox 772 5706 931 5779; x_wconf 80' lang='grc' dir='ltr'>ἡμῶν</span> <span class='ocrx_word' id='word_1_612' title='bbox 965 5708 1094 5777; x_wconf 74' lang='grc' dir='ltr'>περὶ</span> <span class='ocrx_word' id='word_1_613' title='bbox 1129 5708 1312 5764; x_wconf 86' lang='grc' dir='ltr'>αὑτῶν</span> <span class='ocrx_word' id='word_1_614' title='bbox 1357 5707 1643 5779; x_wconf 76' lang='grc' dir='ltr'>ὁμολογίας</span> <span class='ocrx_word' id='word_1_615' title='bbox 1677 5710 1955 5783; x_wconf 77' lang='grc' dir='ltr'>ἀλήθειαν,</span> 
     </span>
    </p>
   </div>
   <div class='ocr_carea' id='block_1_85' title="bbox 2285 2431 3409 2507">
    <p class='ocr_par' dir='ltr' id='par_1_85' title="bbox 2285 2431 3409 2507">
     <span class='ocr_line' id='line_1_86' title="bbox 2285 2431 3409 2507; baseline -0.004 -15"><span class='ocrx_word' id='word_1_616' title='bbox 2285 2438 2539 2507; x_wconf 71' lang='lat' dir='ltr'><strong>Ejusdem</strong></span> <span class='ocrx_word' id='word_1_617' title='bbox 2572 2453 2638 2492; x_wconf 74' lang='lat' dir='ltr'><strong>ea:</strong></span> <span class='ocrx_word' id='word_1_618' title='bbox 2668 2434 2891 2507; x_wconf 78' lang='lat' dir='ltr'><strong>epistola</strong></span> <span class='ocrx_word' id='word_1_619' title='bbox 2942 2435 3012 2489; x_wconf 83' lang='lat' dir='ltr'><strong>ad</strong></span> <span class='ocrx_word' id='word_1_620' title='bbox 3052 2431 3409 2489; x_wconf 83' lang='lat' dir='ltr'><strong>Nicandrum.</strong></span> 
     </span>
    </p>
   </div>
   <div class='ocr_carea' id='block_1_86' title="bbox 2134 2579 3639 2653">
    <p class='ocr_par' dir='ltr' id='par_1_86' title="bbox 2134 2579 3639 2653">
     <span class='ocr_line' id='line_1_87' title="bbox 2134 2579 3639 2653; baseline 0.009 -20"><span class='ocrx_word' id='word_1_621' title='bbox 2134 2579 2321 2653; x_wconf 85' lang='lat' dir='ltr'><strong>Neque</strong></span> <span class='ocrx_word' id='word_1_622' title='bbox 2393 2583 2633 2637; x_wconf 83' lang='lat' dir='ltr'><strong>divinam</strong></span> <span class='ocrx_word' id='word_1_623' title='bbox 2710 2596 2762 2640; x_wconf 90' lang='lat' dir='ltr'><strong>et</strong></span> <span class='ocrx_word' id='word_1_624' title='bbox 2843 2586 3141 2642; x_wconf 76' lang='lat' dir='ltr'><strong>increatam</strong></span> <span class='ocrx_word' id='word_1_625' title='bbox 3218 2600 3466 2644; x_wconf 87' lang='lat' dir='ltr'><strong>naturam</strong></span> <span class='ocrx_word' id='word_1_626' title='bbox 3527 2604 3639 2646; x_wconf 86' lang='lat' dir='ltr'><strong>non</strong></span> 
     </span>
    </p>
   </div>
   <div class='ocr_carea' id='block_1_87' title="bbox 2060 2676 3641 2753">
    <p class='ocr_par' dir='ltr' id='par_1_87' title="bbox 2060 2676 3641 2753">
     <span class='ocr_line' id='line_1_88' title="bbox 2060 2676 3641 2753; baseline 0.008 -26"><span class='ocrx_word' id='word_1_627' title='bbox 2060 2689 2188 2730; x_wconf 85' lang='lat' dir='ltr'><strong>vere</strong></span> <span class='ocrx_word' id='word_1_628' title='bbox 2276 2676 2629 2732; x_wconf 77' lang='lat' dir='ltr'><strong>exsislentem</strong></span> <span class='ocrx_word' id='word_1_629' title='bbox 2707 2679 2994 2748; x_wconf 83' lang='lat' dir='ltr'><strong>videmus,</strong></span> <span class='ocrx_word' id='word_1_630' title='bbox 3083 2681 3489 2753; x_wconf 80' lang='lat' dir='ltr'><strong>voluntatisque</strong></span> <span class='ocrx_word' id='word_1_631' title='bbox 3574 2699 3641 2739; x_wconf 84' lang='lat' dir='ltr'><strong>ac</strong></span> 
     </span>
    </p>
   </div>
   <div class='ocr_carea' id='block_1_88' title="bbox 2066 2769 3641 2842">
    <p class='ocr_par' dir='ltr' id='par_1_88' title="bbox 2066 2769 3641 2842">
     <span class='ocr_line' id='line_1_89' title="bbox 2066 2769 3641 2842; baseline 0.003 -18"><span class='ocrx_word' id='word_1_632' title='bbox 2066 2769 2399 2839; x_wconf 84' lang='lat' dir='ltr'><strong>Operationis</strong></span> <span class='ocrx_word' id='word_1_633' title='bbox 2458 2784 2770 2840; x_wconf 82' lang='lat' dir='ltr'><strong>expertem;</strong></span> <span class='ocrx_word' id='word_1_634' title='bbox 2850 2781 2905 2826; x_wconf 91' lang='lat' dir='ltr'><strong>at</strong></span> <span class='ocrx_word' id='word_1_635' title='bbox 2967 2787 3146 2842; x_wconf 91' lang='lat' dir='ltr'><strong>neque</strong></span> <span class='ocrx_word' id='word_1_636' title='bbox 3213 2790 3406 2831; x_wconf 83' lang='lat' dir='ltr'><strong>rursus</strong></span> <span class='ocrx_word' id='word_1_637' title='bbox 3482 2790 3641 2830; x_wconf 86' lang='lat' dir='ltr'><strong>crea-</strong></span> 
     </span>
    </p>
   </div>
   <div class='ocr_carea' id='block_1_89' title="bbox 2066 2863 3642 2932">
    <p class='ocr_par' dir='ltr' id='par_1_89' title="bbox 2066 2863 3642 2932">
     <span class='ocr_line' id='line_1_90' title="bbox 2066 2863 3642 2932; baseline 0.003 -17"><span class='ocrx_word' id='word_1_638' title='bbox 2066 2873 2176 2918; x_wconf 95' lang='lat' dir='ltr'><strong>tam</strong></span> <span class='ocrx_word' id='word_1_639' title='bbox 2261 2863 2420 2917; x_wconf 87' lang='lat' dir='ltr'><strong>nobis</strong></span> <span class='ocrx_word' id='word_1_640' title='bbox 2486 2864 2719 2918; x_wconf 84' lang='lat' dir='ltr'><strong>similem</strong></span> <span class='ocrx_word' id='word_1_641' title='bbox 2789 2873 2951 2932; x_wconf 90' lang='lat' dir='ltr'><strong>atque</strong></span> <span class='ocrx_word' id='word_1_642' title='bbox 3017 2864 3308 2919; x_wconf 85' lang='lat' dir='ltr'><strong>humanam</strong></span> <span class='ocrx_word' id='word_1_643' title='bbox 3382 2867 3642 2921; x_wconf 64' lang='lat' dir='ltr'><strong>substau.</strong></span> 
     </span>
    </p>
   </div>
   <div class='ocr_carea' id='block_1_90' title="bbox 2065 2957 3643 3027">
    <p class='ocr_par' dir='ltr' id='par_1_90' title="bbox 2065 2957 3643 3027">
     <span class='ocr_line' id='line_1_91' title="bbox 2065 2957 3643 3027; baseline 0.005 -20"><span class='ocrx_word' id='word_1_644' title='bbox 2065 2957 2233 3021; x_wconf 84' lang='lat' dir='ltr'><strong>tiam,</strong></span> <span class='ocrx_word' id='word_1_645' title='bbox 2314 2957 2484 3024; x_wconf 88' lang='lat' dir='ltr'><strong>ipsam</strong></span> <span class='ocrx_word' id='word_1_646' title='bbox 2563 2971 2668 3010; x_wconf 93' lang='lat' dir='ltr'><strong>nou</strong></span> <span class='ocrx_word' id='word_1_647' title='bbox 2740 2972 2866 3011; x_wconf 88' lang='lat' dir='ltr'><strong>vere</strong></span> <span class='ocrx_word' id='word_1_648' title='bbox 2944 2959 3295 3013; x_wconf 81' lang='lat' dir='ltr'><strong>exsistentem</strong></span> <span class='ocrx_word' id='word_1_649' title='bbox 3367 2960 3643 3027; x_wconf 85' lang='lat' dir='ltr'><strong>novimus,</strong></span> 
     </span>
    </p>
   </div>
   <div class='ocr_carea' id='block_1_91' title="bbox 3542 3050 3640 3105">
    <p class='ocr_par' dir='ltr' id='par_1_91' title="bbox 3542 3050 3640 3105">
     <span class='ocr_line' id='line_1_92' title="bbox 3542 3050 3640 3105; baseline 0 0"><span class='ocrx_word' id='word_1_650' title='bbox 3542 3050 3640 3105; x_wconf 89' lang='lat' dir='ltr'><strong>Sin</strong></span> 
     </span>
    </p>
   </div>
   <div class='ocr_carea' id='block_1_92' title="bbox 2062 3140 3644 3198">
    <p class='ocr_par' dir='ltr' id='par_1_92' title="bbox 2062 3140 3644 3198">
     <span class='ocr_line' id='line_1_93' title="bbox 2062 3140 3644 3198; baseline 0.001 -3"><span class='ocrx_word' id='word_1_651' title='bbox 2062 3151 2246 3197; x_wconf 86' lang='lat' dir='ltr'><strong>autem</strong></span> <span class='ocrx_word' id='word_1_652' title='bbox 2334 3150 2589 3197; x_wconf 88' lang='lat' dir='ltr'><strong>neutram</strong></span> <span class='ocrx_word' id='word_1_653' title='bbox 2676 3140 2834 3197; x_wconf 79' lang='lat' dir='ltr'><strong>defici</strong></span> <span class='ocrx_word' id='word_1_654' title='bbox 2910 3143 3119 3197; x_wconf 86' lang='lat' dir='ltr'><strong>scimus</strong></span> <span class='ocrx_word' id='word_1_655' title='bbox 3197 3156 3323 3198; x_wconf 85' lang='lat' dir='ltr'><strong>vera</strong></span> <span class='ocrx_word' id='word_1_656' title='bbox 3406 3142 3644 3198; x_wconf 85' lang='lat' dir='ltr'><strong>naturali</strong></span> 
     </span>
    </p>
   </div>
   <div class='ocr_carea' id='block_1_93' title="bbox 2055 3237 3643 3303">
    <p class='ocr_par' dir='ltr' id='par_1_93' title="bbox 2055 3237 3643 3303">
     <span class='ocr_line' id='line_1_94' title="bbox 2055 3237 3643 3303; baseline -0.003 -11"><span class='ocrx_word' id='word_1_657' title='bbox 2055 3237 2374 3293; x_wconf 79' lang='lat' dir='ltr'><strong>exsistentia</strong></span> <span class='ocrx_word' id='word_1_658' title='bbox 2399 3253 2463 3293; x_wconf 88' lang='lat' dir='ltr'><strong>ac</strong></span> <span class='ocrx_word' id='word_1_659' title='bbox 2490 3238 2823 3303; x_wconf 84' lang='lat' dir='ltr'><strong>substantia,</strong></span> <span class='ocrx_word' id='word_1_660' title='bbox 2865 3253 3083 3293; x_wconf 88' lang='lat' dir='ltr'><strong>necnon</strong></span> <span class='ocrx_word' id='word_1_661' title='bbox 3108 3239 3394 3291; x_wconf 82' lang='lat' dir='ltr'><strong>voluntate</strong></span> <span class='ocrx_word' id='word_1_662' title='bbox 3420 3250 3484 3290; x_wconf 93' lang='lat' dir='ltr'><strong>ac</strong></span> <span class='ocrx_word' id='word_1_663' title='bbox 3511 3250 3643 3303; x_wconf 92' lang='lat' dir='ltr'><strong>ope-</strong></span> 
     </span>
    </p>
   </div>
   <div class='ocr_carea' id='block_1_94' title="bbox 2057 3327 3641 3401">
    <p class='ocr_par' dir='ltr' id='par_1_94' title="bbox 2057 3327 3641 3401">
     <span class='ocr_line' id='line_1_95' title="bbox 2057 3327 3641 3401; baseline -0.002 -18"><span class='ocrx_word' id='word_1_664' title='bbox 2057 3329 2298 3395; x_wconf 86' lang='lat' dir='ltr'><strong>ratione;</strong></span> <span class='ocrx_word' id='word_1_665' title='bbox 2341 3336 2505 3398; x_wconf 87' lang='lat' dir='ltr'><strong>atque</strong></span> <span class='ocrx_word' id='word_1_666' title='bbox 2550 3343 2618 3383; x_wconf 81' lang='lat' dir='ltr'><strong>ex</strong></span> <span class='ocrx_word' id='word_1_667' title='bbox 2656 3329 2744 3384; x_wconf 90' lang='lat' dir='ltr'><strong>his</strong></span> <span class='ocrx_word' id='word_1_668' title='bbox 2791 3330 2999 3401; x_wconf 90' lang='lat' dir='ltr'><strong>(divina</strong></span> <span class='ocrx_word' id='word_1_669' title='bbox 3041 3328 3254 3384; x_wconf 86' lang='lat' dir='ltr'><strong>scilicet</strong></span> <span class='ocrx_word' id='word_1_670' title='bbox 3292 3327 3641 3395; x_wconf 88' lang='lat' dir='ltr'><strong>humanaque</strong></span> 
     </span>
    </p>
   </div>
   <div class='ocr_carea' id='block_1_95' title="bbox 2056 3420 3638 3491">
    <p class='ocr_par' dir='ltr' id='par_1_95' title="bbox 2056 3420 3638 3491">
     <span class='ocr_line' id='line_1_96' title="bbox 2056 3420 3638 3491; baseline -0.003 -14"><span class='ocrx_word' id='word_1_671' title='bbox 2056 3422 2271 3491; x_wconf 88' lang='lat' dir='ltr'><strong>natura)</strong></span> <span class='ocrx_word' id='word_1_672' title='bbox 2311 3429 2367 3475; x_wconf 91' lang='lat' dir='ltr'><strong>et</strong></span> <span class='ocrx_word' id='word_1_673' title='bbox 2404 3421 2461 3474; x_wconf 90' lang='lat' dir='ltr'><strong>in</strong></span> <span class='ocrx_word' id='word_1_674' title='bbox 2501 3420 2609 3485; x_wconf 90' lang='lat' dir='ltr'><strong>his,</strong></span> <span class='ocrx_word' id='word_1_675' title='bbox 2642 3430 2807 3491; x_wconf 85' lang='lat' dir='ltr'><strong>atque</strong></span> <span class='ocrx_word' id='word_1_676' title='bbox 2848 3421 3045 3475; x_wconf 89' lang='lat' dir='ltr'><strong>harum</strong></span> <span class='ocrx_word' id='word_1_677' title='bbox 3082 3435 3215 3475; x_wconf 84' lang='lat' dir='ltr'><strong>vere</strong></span> <span class='ocrx_word' id='word_1_678' title='bbox 3262 3435 3497 3490; x_wconf 88' lang='lat' dir='ltr'><strong>persona</strong></span> <span class='ocrx_word' id='word_1_679' title='bbox 3532 3428 3638 3483; x_wconf 91' lang='lat' dir='ltr'><strong>est,</strong></span> 
     </span>
    </p>
   </div>
   <div class='ocr_carea' id='block_1_96' title="bbox 2059 3510 3638 3581">
    <p class='ocr_par' dir='ltr' id='par_1_96' title="bbox 2059 3510 3638 3581">
     <span class='ocr_line' id='line_1_97' title="bbox 2059 3510 3638 3581; baseline -0.001 -15"><span class='ocrx_word' id='word_1_680' title='bbox 2059 3528 2205 3566; x_wconf 93' lang='lat' dir='ltr'><strong>unus</strong></span> <span class='ocrx_word' id='word_1_681' title='bbox 2252 3527 2317 3565; x_wconf 93' lang='lat' dir='ltr'><strong>ac</strong></span> <span class='ocrx_word' id='word_1_682' title='bbox 2362 3512 2514 3565; x_wconf 85' lang='lat' dir='ltr'><strong>solus</strong></span> <span class='ocrx_word' id='word_1_683' title='bbox 2563 3511 2820 3566; x_wconf 87' lang='lat' dir='ltr'><strong>Christus</strong></span> <span class='ocrx_word' id='word_1_684' title='bbox 2869 3522 3032 3581; x_wconf 89' lang='lat' dir='ltr'><strong>atque</strong></span> <span class='ocrx_word' id='word_1_685' title='bbox 3076 3512 3281 3576; x_wconf 90' lang='lat' dir='ltr'><strong>Filius;</strong></span> <span class='ocrx_word' id='word_1_686' title='bbox 3331 3510 3638 3580; x_wconf 91' lang='lat' dir='ltr'><strong>quomodo,</strong></span> 
     </span>
    </p>
   </div>
   <div class='ocr_carea' id='block_1_97' title="bbox 2054 3600 3639 3670">
    <p class='ocr_par' dir='ltr' id='par_1_97' title="bbox 2054 3600 3639 3670">
     <span class='ocr_line' id='line_1_98' title="bbox 2054 3600 3639 3670; baseline 0 -15"><span class='ocrx_word' id='word_1_687' title='bbox 2054 3616 2120 3655; x_wconf 86' lang='lat' dir='ltr'><strong>ac</strong></span> <span class='ocrx_word' id='word_1_688' title='bbox 2150 3615 2274 3654; x_wconf 92' lang='lat' dir='ltr'><strong>cum</strong></span> <span class='ocrx_word' id='word_1_689' title='bbox 2306 3608 2503 3653; x_wconf 89' lang='lat' dir='ltr'><strong>natura</strong></span> <span class='ocrx_word' id='word_1_690' title='bbox 2538 3600 2760 3669; x_wconf 87' lang='lat' dir='ltr'><strong>proprie</strong></span> <span class='ocrx_word' id='word_1_691' title='bbox 2793 3601 2956 3665; x_wconf 91' lang='lat' dir='ltr'><strong>Deus,</strong></span> <span class='ocrx_word' id='word_1_692' title='bbox 2984 3601 3244 3669; x_wconf 89' lang='lat' dir='ltr'><strong>idemque</strong></span> <span class='ocrx_word' id='word_1_693' title='bbox 3281 3610 3475 3655; x_wconf 90' lang='lat' dir='ltr'><strong>natura</strong></span> <span class='ocrx_word' id='word_1_694' title='bbox 3508 3617 3639 3670; x_wconf 88' lang='lat' dir='ltr'><strong>pro-</strong></span> 
     </span>
    </p>
   </div>
   <div class='ocr_carea' id='block_1_98' title="bbox 2054 3689 3639 3762">
    <p class='ocr_par' dir='ltr' id='par_1_98' title="bbox 2054 3689 3639 3762">
     <span class='ocr_line' id='line_1_99' title="bbox 2054 3689 3639 3762; baseline 0 -17"><span class='ocrx_word' id='word_1_695' title='bbox 2054 3692 2174 3762; x_wconf 93' lang='lat' dir='ltr'><strong>prie</strong></span> <span class='ocrx_word' id='word_1_696' title='bbox 2202 3692 2368 3745; x_wconf 89' lang='lat' dir='ltr'><strong>homo</strong></span> <span class='ocrx_word' id='word_1_697' title='bbox 2393 3698 2562 3753; x_wconf 88' lang='lat' dir='ltr'><strong>esset,</strong></span> <span class='ocrx_word' id='word_1_698' title='bbox 2588 3705 2699 3744; x_wconf 90' lang='lat' dir='ltr'><strong>non</strong></span> <span class='ocrx_word' id='word_1_699' title='bbox 2732 3690 2897 3744; x_wconf 91' lang='lat' dir='ltr'><strong>etiam</strong></span> <span class='ocrx_word' id='word_1_700' title='bbox 2926 3689 3169 3744; x_wconf 90' lang='lat' dir='ltr'><strong>divinam</strong></span> <span class='ocrx_word' id='word_1_701' title='bbox 3194 3698 3391 3742; x_wconf 90' lang='lat' dir='ltr'><strong>natura</strong></span> <span class='ocrx_word' id='word_1_702' title='bbox 3414 3691 3639 3759; x_wconf 89' lang='lat' dir='ltr'><strong>proprie</strong></span> 
     </span>
    </p>
   </div>
   <div class='ocr_carea' id='block_1_99' title="bbox 2054 3780 3635 3849">
    <p class='ocr_par' dir='ltr' id='par_1_99' title="bbox 2054 3780 3635 3849">
     <span class='ocr_line' id='line_1_100' title="bbox 2054 3780 3635 3849; baseline -0.001 -14"><span class='ocrx_word' id='word_1_703' title='bbox 2054 3783 2396 3836; x_wconf 86' lang='lat' dir='ltr'><strong>voluntatem</strong></span> <span class='ocrx_word' id='word_1_704' title='bbox 2439 3788 2495 3835; x_wconf 92' lang='lat' dir='ltr'><strong>ct</strong></span> <span class='ocrx_word' id='word_1_705' title='bbox 2540 3780 2951 3849; x_wconf 89' lang='lat' dir='ltr'><strong>operationem,</strong></span> <span class='ocrx_word' id='word_1_706' title='bbox 2990 3780 3397 3849; x_wconf 91' lang='lat' dir='ltr'><strong>humanamque</strong></span> <span class='ocrx_word' id='word_1_707' title='bbox 3440 3788 3635 3835; x_wconf 90' lang='lat' dir='ltr'><strong>natura</strong></span> 
     </span>
    </p>
   </div>
   <div class='ocr_carea' id='block_1_100' title="bbox 2054 3870 3637 3944">
    <p class='ocr_par' dir='ltr' id='par_1_100' title="bbox 2054 3870 3637 3944">
     <span class='ocr_line' id='line_1_101' title="bbox 2054 3870 3637 3944; baseline -0.001 -18"><span class='ocrx_word' id='word_1_708' title='bbox 2054 3872 2275 3944; x_wconf 89' lang='lat' dir='ltr'><strong>proprie</strong></span> <span class='ocrx_word' id='word_1_709' title='bbox 2296 3872 2636 3927; x_wconf 85' lang='lat' dir='ltr'><strong>voluntatem</strong></span> <span class='ocrx_word' id='word_1_710' title='bbox 2665 3880 2721 3926; x_wconf 92' lang='lat' dir='ltr'><strong>et</strong></span> <span class='ocrx_word' id='word_1_711' title='bbox 2750 3871 3125 3940; x_wconf 88' lang='lat' dir='ltr'><strong>operationem</strong></span> <span class='ocrx_word' id='word_1_712' title='bbox 3150 3870 3412 3936; x_wconf 90' lang='lat' dir='ltr'><strong>habebat,</strong></span> <span class='ocrx_word' id='word_1_713' title='bbox 3436 3880 3637 3926; x_wconf 91' lang='lat' dir='ltr'><strong>neutro</strong></span> 
     </span>
    </p>
   </div>
   <div class='ocr_carea' id='block_1_101' title="bbox 2054 3962 3638 4033">
    <p class='ocr_par' dir='ltr' id='par_1_101' title="bbox 2054 3962 3638 4033">
     <span class='ocr_line' id='line_1_102' title="bbox 2054 3962 3638 4033; baseline -0.001 -14"><span class='ocrx_word' id='word_1_714' title='bbox 2054 3965 2253 4020; x_wconf 88' lang='lat' dir='ltr'><strong>borum</strong></span> <span class='ocrx_word' id='word_1_715' title='bbox 2286 3974 2483 4019; x_wconf 88' lang='lat' dir='ltr'><strong>natura</strong></span> <span class='ocrx_word' id='word_1_716' title='bbox 2517 3980 2745 4030; x_wconf 88' lang='lat' dir='ltr'><strong>carens;</strong></span> <span class='ocrx_word' id='word_1_717' title='bbox 2780 3963 3003 4033; x_wconf 89' lang='lat' dir='ltr'><strong>quibus,</strong></span> <span class='ocrx_word' id='word_1_718' title='bbox 3031 3962 3285 4018; x_wconf 84' lang='lat' dir='ltr'><strong>faciendo</strong></span> <span class='ocrx_word' id='word_1_719' title='bbox 3320 3973 3383 4017; x_wconf 92' lang='lat' dir='ltr'><strong>ut</strong></span> <span class='ocrx_word' id='word_1_720' title='bbox 3415 3964 3638 4019; x_wconf 89' lang='lat' dir='ltr'><strong>nomina</strong></span> 
     </span>
    </p>
   </div>
   <div class='ocr_carea' id='block_1_102' title="bbox 2054 4055 3637 4126">
    <p class='ocr_par' dir='ltr' id='par_1_102' title="bbox 2054 4055 3637 4126">
     <span class='ocr_line' id='line_1_103' title="bbox 2054 4055 3637 4126; baseline -0.002 -14"><span class='ocrx_word' id='word_1_721' title='bbox 2054 4056 2223 4113; x_wconf 87' lang='lat' dir='ltr'><strong>rebus</strong></span> <span class='ocrx_word' id='word_1_722' title='bbox 2264 4072 2396 4113; x_wconf 88' lang='lat' dir='ltr'><strong>vere</strong></span> <span class='ocrx_word' id='word_1_723' title='bbox 2436 4057 2824 4120; x_wconf 88' lang='lat' dir='ltr'><strong>convenirent,</strong></span> <span class='ocrx_word' id='word_1_724' title='bbox 2855 4065 3020 4126; x_wconf 85' lang='lat' dir='ltr'><strong>atque</strong></span> <span class='ocrx_word' id='word_1_725' title='bbox 3063 4055 3150 4108; x_wconf 89' lang='lat' dir='ltr'><strong>his</strong></span> <span class='ocrx_word' id='word_1_726' title='bbox 3186 4070 3382 4109; x_wconf 91' lang='lat' dir='ltr'><strong>rursus</strong></span> <span class='ocrx_word' id='word_1_727' title='bbox 3417 4056 3637 4109; x_wconf 88' lang='lat' dir='ltr'><strong>easdem</strong></span> 
     </span>
    </p>
   </div>
   <div class='ocr_carea' id='block_1_103' title="bbox 2054 4145 3637 4216">
    <p class='ocr_par' dir='ltr' id='par_1_103' title="bbox 2054 4145 3637 4216">
     <span class='ocr_line' id='line_1_104' title="bbox 2054 4145 3637 4216; baseline -0.003 -12"><span class='ocrx_word' id='word_1_728' title='bbox 2054 4148 2376 4213; x_wconf 88' lang='lat' dir='ltr'><strong>astruendo,</strong></span> <span class='ocrx_word' id='word_1_729' title='bbox 2411 4147 2703 4202; x_wconf 81' lang='lat' dir='ltr'><strong>manifeste</strong></span> <span class='ocrx_word' id='word_1_730' title='bbox 2748 4147 2893 4201; x_wconf 89' lang='lat' dir='ltr'><strong>idem</strong></span> <span class='ocrx_word' id='word_1_731' title='bbox 2939 4146 3077 4216; x_wconf 89' lang='lat' dir='ltr'><strong>ipse,</strong></span> <span class='ocrx_word' id='word_1_732' title='bbox 3116 4160 3240 4199; x_wconf 91' lang='lat' dir='ltr'><strong>cum</strong></span> <span class='ocrx_word' id='word_1_733' title='bbox 3286 4145 3475 4199; x_wconf 86' lang='lat' dir='ltr'><strong>divina</strong></span> <span class='ocrx_word' id='word_1_734' title='bbox 3525 4153 3637 4199; x_wconf 91' lang='lat' dir='ltr'><strong>tum</strong></span> 
     </span>
    </p>
   </div>
   <div class='ocr_carea' id='block_1_104' title="bbox 2055 4238 3641 4308">
    <p class='ocr_par' dir='ltr' id='par_1_104' title="bbox 2055 4238 3641 4308">
     <span class='ocr_line' id='line_1_105' title="bbox 2055 4238 3641 4308; baseline -0.001 -15"><span class='ocrx_word' id='word_1_735' title='bbox 2055 4240 2295 4294; x_wconf 82' lang='lat' dir='ltr'><strong>humana</strong></span> <span class='ocrx_word' id='word_1_736' title='bbox 2327 4238 2659 4295; x_wconf 86' lang='lat' dir='ltr'><strong>naturaliter</strong></span> <span class='ocrx_word' id='word_1_737' title='bbox 2691 4239 2930 4303; x_wconf 88' lang='lat' dir='ltr'><strong>habens,</strong></span> <span class='ocrx_word' id='word_1_738' title='bbox 2958 4240 3261 4307; x_wconf 87' lang='lat' dir='ltr'><strong>volensque</strong></span> <span class='ocrx_word' id='word_1_739' title='bbox 3302 4253 3366 4292; x_wconf 90' lang='lat' dir='ltr'><strong>ac</strong></span> <span class='ocrx_word' id='word_1_740' title='bbox 3405 4253 3641 4308; x_wconf 89' lang='lat' dir='ltr'><strong>operans</strong></span> 
     </span>
    </p>
   </div>
   <div class='ocr_carea' id='block_1_105' title="bbox 2056 4329 3639 4400">
    <p class='ocr_par' dir='ltr' id='par_1_105' title="bbox 2056 4329 3639 4400">
     <span class='ocr_line' id='line_1_106' title="bbox 2056 4329 3639 4400; baseline -0.002 -16"><span class='ocrx_word' id='word_1_741' title='bbox 2056 4330 2416 4394; x_wconf 90' lang='lat' dir='ltr'><strong>noscebatur;</strong></span> <span class='ocrx_word' id='word_1_742' title='bbox 2453 4343 2515 4384; x_wconf 91' lang='lat' dir='ltr'><strong>ac</strong></span> <span class='ocrx_word' id='word_1_743' title='bbox 2544 4329 2638 4400; x_wconf 91' lang='lat' dir='ltr'><strong>qui</strong></span> <span class='ocrx_word' id='word_1_744' title='bbox 2674 4330 2823 4392; x_wconf 90' lang='lat' dir='ltr'><strong>inde,</strong></span> <span class='ocrx_word' id='word_1_745' title='bbox 2852 4345 2937 4394; x_wconf 90' lang='lat' dir='ltr'><strong>ea,</strong></span> <span class='ocrx_word' id='word_1_746' title='bbox 2965 4346 3030 4384; x_wconf 81' lang='lat' dir='ltr'><strong>ex</strong></span> <span class='ocrx_word' id='word_1_747' title='bbox 3074 4330 3301 4398; x_wconf 90' lang='lat' dir='ltr'><strong>quibus,</strong></span> <span class='ocrx_word' id='word_1_748' title='bbox 3332 4336 3389 4384; x_wconf 90' lang='lat' dir='ltr'><strong>et</strong></span> <span class='ocrx_word' id='word_1_749' title='bbox 3422 4329 3476 4383; x_wconf 92' lang='lat' dir='ltr'><strong>in</strong></span> <span class='ocrx_word' id='word_1_750' title='bbox 3512 4329 3605 4399; x_wconf 91' lang='lat' dir='ltr'><strong>qui</strong></span> <span class='ocrx_word' id='word_1_751' title='bbox 3626 4359 3639 4369; x_wconf 89' lang='lat'><strong>-</strong></span> 
     </span>
    </p>
   </div>
   <div class='ocr_carea' id='block_1_106' title="bbox 2055 4420 3641 4491">
    <p class='ocr_par' dir='ltr' id='par_1_106' title="bbox 2055 4420 3641 4491">
     <span class='ocr_line' id='line_1_107' title="bbox 2055 4420 3641 4491; baseline -0.001 -14"><span class='ocrx_word' id='word_1_752' title='bbox 2055 4422 2180 4487; x_wconf 90' lang='lat' dir='ltr'><strong>bus,</strong></span> <span class='ocrx_word' id='word_1_753' title='bbox 2207 4431 2263 4477; x_wconf 89' lang='lat' dir='ltr'><strong>et</strong></span> <span class='ocrx_word' id='word_1_754' title='bbox 2291 4437 2413 4491; x_wconf 62' lang='lat' dir='ltr'><strong>qua;</strong></span> <span class='ocrx_word' id='word_1_755' title='bbox 2444 4430 2581 4486; x_wconf 86' lang='lat' dir='ltr'><strong>erat,</strong></span> <span class='ocrx_word' id='word_1_756' title='bbox 2612 4421 2960 4476; x_wconf 90' lang='lat' dir='ltr'><strong>crederetur.</strong></span> <span class='ocrx_word' id='word_1_757' title='bbox 2991 4421 3241 4476; x_wconf 87' lang='lat' dir='ltr'><strong>Naturali</strong></span> <span class='ocrx_word' id='word_1_758' title='bbox 3268 4420 3417 4476; x_wconf 91' lang='lat' dir='ltr'><strong>enim</strong></span> <span class='ocrx_word' id='word_1_759' title='bbox 3443 4422 3641 4475; x_wconf 89' lang='lat' dir='ltr'><strong>volun-</strong></span> 
     </span>
    </p>
   </div>
   <div class='ocr_carea' id='block_1_107' title="bbox 2056 4511 3643 4583">
    <p class='ocr_par' dir='ltr' id='par_1_107' title="bbox 2056 4511 3643 4583">
     <span class='ocr_line' id='line_1_108' title="bbox 2056 4511 3643 4583; baseline -0.001 -16"><span class='ocrx_word' id='word_1_760' title='bbox 2056 4522 2166 4567; x_wconf 88' lang='lat' dir='ltr'><strong>tate</strong></span> <span class='ocrx_word' id='word_1_761' title='bbox 2208 4527 2273 4567; x_wconf 92' lang='lat' dir='ltr'><strong>ac</strong></span> <span class='ocrx_word' id='word_1_762' title='bbox 2310 4511 2591 4566; x_wconf 90' lang='lat' dir='ltr'><strong>cssentiali</strong></span> <span class='ocrx_word' id='word_1_763' title='bbox 2631 4512 2952 4582; x_wconf 90' lang='lat' dir='ltr'><strong>operatione</strong></span> <span class='ocrx_word' id='word_1_764' title='bbox 2987 4513 3238 4577; x_wconf 86' lang='lat' dir='ltr'><strong>sublatis,</strong></span> <span class='ocrx_word' id='word_1_765' title='bbox 3269 4515 3410 4583; x_wconf 88' lang='lat' dir='ltr'><strong>eius,</strong></span> <span class='ocrx_word' id='word_1_766' title='bbox 3440 4513 3537 4582; x_wconf 89' lang='lat' dir='ltr'><strong>qui</strong></span> <span class='ocrx_word' id='word_1_767' title='bbox 3577 4528 3643 4567; x_wconf 84' lang='lat' dir='ltr'><strong>cx</strong></span> 
     </span>
    </p>
   </div>
   <div class='ocr_carea' id='block_1_108' title="bbox 2055 4604 3645 4676">
    <p class='ocr_par' dir='ltr' id='par_1_108' title="bbox 2055 4604 3645 4676">
     <span class='ocr_line' id='line_1_109' title="bbox 2055 4604 3645 4676; baseline 0 -17"><span class='ocrx_word' id='word_1_768' title='bbox 2055 4605 2163 4670; x_wconf 89' lang='lat' dir='ltr'><strong>bis,</strong></span> <span class='ocrx_word' id='word_1_769' title='bbox 2189 4620 2252 4659; x_wconf 90' lang='lat' dir='ltr'><strong>ac</strong></span> <span class='ocrx_word' id='word_1_770' title='bbox 2281 4604 2363 4659; x_wconf 73' lang='lat' dir='ltr'><strong>hae</strong></span> <span class='ocrx_word' id='word_1_771' title='bbox 2392 4614 2495 4668; x_wconf 89' lang='lat' dir='ltr'><strong>est,</strong></span> <span class='ocrx_word' id='word_1_772' title='bbox 2523 4612 2817 4675; x_wconf 88' lang='lat' dir='ltr'><strong>servatque</strong></span> <span class='ocrx_word' id='word_1_773' title='bbox 2851 4606 2906 4659; x_wconf 92' lang='lat' dir='ltr'><strong>in</strong></span> <span class='ocrx_word' id='word_1_774' title='bbox 2939 4622 3048 4661; x_wconf 93' lang='lat' dir='ltr'><strong>una</strong></span> <span class='ocrx_word' id='word_1_775' title='bbox 3079 4622 3338 4675; x_wconf 88' lang='lat' dir='ltr'><strong>persona.</strong></span> <span class='ocrx_word' id='word_1_776' title='bbox 3366 4606 3645 4676; x_wconf 90' lang='lat' dir='ltr'><strong>quomodo</strong></span> 
     </span>
    </p>
   </div>
   <div class='ocr_carea' id='block_1_109' title="bbox 2055 4694 3646 4765">
    <p class='ocr_par' dir='ltr' id='par_1_109' title="bbox 2055 4694 3646 4765">
     <span class='ocr_line' id='line_1_110' title="bbox 2055 4694 3646 4765; baseline -0.003 -12"><span class='ocrx_word' id='word_1_777' title='bbox 2055 4698 2202 4753; x_wconf 91' lang='lat' dir='ltr'><strong>Deus</strong></span> <span class='ocrx_word' id='word_1_778' title='bbox 2224 4704 2279 4750; x_wconf 92' lang='lat' dir='ltr'><strong>ct</strong></span> <span class='ocrx_word' id='word_1_779' title='bbox 2302 4696 2468 4750; x_wconf 91' lang='lat' dir='ltr'><strong>homo</strong></span> <span class='ocrx_word' id='word_1_780' title='bbox 2491 4696 2713 4752; x_wconf 87' lang='lat' dir='ltr'><strong>futurus</strong></span> <span class='ocrx_word' id='word_1_781' title='bbox 2737 4698 2855 4752; x_wconf 87' lang='lat' dir='ltr'><strong>est?</strong></span> <span class='ocrx_word' id='word_1_782' title='bbox 2878 4697 2955 4751; x_wconf 87' lang='lat' dir='ltr'><strong>Ac</strong></span> <span class='ocrx_word' id='word_1_783' title='bbox 2978 4696 3256 4765; x_wconf 90' lang='lat' dir='ltr'><strong>quomodo</strong></span> <span class='ocrx_word' id='word_1_784' title='bbox 3281 4696 3387 4748; x_wconf 92' lang='lat' dir='ltr'><strong>hoc</strong></span> <span class='ocrx_word' id='word_1_785' title='bbox 3439 4694 3646 4749; x_wconf 91' lang='lat' dir='ltr'><strong>illudvo</strong></span> 
     </span>
    </p>
   </div>
   <div class='ocr_carea' id='block_1_110' title="bbox 2056 4788 3648 4859">
    <p class='ocr_par' dir='ltr' id='par_1_110' title="bbox 2056 4788 3648 4859">
     <span class='ocr_line' id='line_1_111' title="bbox 2056 4788 3648 4859; baseline -0.005 -12"><span class='ocrx_word' id='word_1_786' title='bbox 2056 4793 2428 4849; x_wconf 87' lang='lat' dir='ltr'><strong>essentialiter</strong></span> <span class='ocrx_word' id='word_1_787' title='bbox 2468 4807 2592 4849; x_wconf 88' lang='lat' dir='ltr'><strong>esse</strong></span> <span class='ocrx_word' id='word_1_788' title='bbox 2634 4790 3059 4853; x_wconf 89' lang='lat' dir='ltr'><strong>monstrabitur,</strong></span> <span class='ocrx_word' id='word_1_789' title='bbox 3085 4789 3180 4859; x_wconf 91' lang='lat' dir='ltr'><strong>qui</strong></span> <span class='ocrx_word' id='word_1_790' title='bbox 3220 4788 3511 4855; x_wconf 86' lang='lat' dir='ltr'><strong>utriusque</strong></span> <span class='ocrx_word' id='word_1_791' title='bbox 3550 4802 3648 4840; x_wconf 77' lang='lat' dir='ltr'><strong>na-</strong></span> 
     </span>
    </p>
   </div>
   <div class='ocr_carea' id='block_1_111' title="bbox 2058 4878 3645 4954">
    <p class='ocr_par' dir='ltr' id='par_1_111' title="bbox 2058 4878 3645 4954">
     <span class='ocr_line' id='line_1_112' title="bbox 2058 4878 3645 4954; baseline -0.003 -18"><span class='ocrx_word' id='word_1_792' title='bbox 2058 4890 2195 4937; x_wconf 71' lang='lat' dir='ltr'><strong>tum</strong></span> <span class='ocrx_word' id='word_1_793' title='bbox 2220 4883 2642 4954; x_wconf 89' lang='lat' dir='ltr'><strong>proprietatem,</strong></span> <span class='ocrx_word' id='word_1_794' title='bbox 2669 4882 2879 4951; x_wconf 89' lang='lat' dir='ltr'><strong>absque</strong></span> <span class='ocrx_word' id='word_1_795' title='bbox 2908 4879 3057 4935; x_wconf 90' lang='lat' dir='ltr'><strong>omni</strong></span> <span class='ocrx_word' id='word_1_796' title='bbox 3085 4885 3332 4949; x_wconf 91' lang='lat' dir='ltr'><strong>peccato,</strong></span> <span class='ocrx_word' id='word_1_797' title='bbox 3357 4878 3645 4932; x_wconf 84' lang='lat' dir='ltr'><strong>indefecti-</strong></span> 
     </span>
    </p>
   </div>
   <div class='ocr_carea' id='block_1_112' title="bbox 2055 4970 3643 5039">
    <p class='ocr_par' dir='ltr' id='par_1_112' title="bbox 2055 4970 3643 5039">
     <span class='ocr_line' id='line_1_113' title="bbox 2055 4970 3643 5039; baseline -0.004 -10"><span class='ocrx_word' id='word_1_798' title='bbox 2055 4973 2241 5029; x_wconf 88' lang='lat' dir='ltr'><strong>biliter</strong></span> <span class='ocrx_word' id='word_1_799' title='bbox 2263 4990 2375 5029; x_wconf 91' lang='lat' dir='ltr'><strong>non</strong></span> <span class='ocrx_word' id='word_1_800' title='bbox 2408 4973 2631 5029; x_wconf 87' lang='lat' dir='ltr'><strong>servet?</strong></span> <span class='ocrx_word' id='word_1_801' title='bbox 2652 4973 2808 5039; x_wconf 88' lang='lat' dir='ltr'><strong>Quod</strong></span> <span class='ocrx_word' id='word_1_802' title='bbox 2837 4972 2982 5027; x_wconf 90' lang='lat' dir='ltr'><strong>enim</strong></span> <span class='ocrx_word' id='word_1_803' title='bbox 3012 4970 3253 5026; x_wconf 80' lang='lat' dir='ltr'><strong>excessit</strong></span> <span class='ocrx_word' id='word_1_804' title='bbox 3277 4970 3344 5024; x_wconf 93' lang='lat' dir='ltr'><strong>iis</strong></span> <span class='ocrx_word' id='word_1_805' title='bbox 3369 4985 3489 5039; x_wconf 72' lang='lat' dir='ltr'><strong>qua:</strong></span> <span class='ocrx_word' id='word_1_806' title='bbox 3515 4978 3643 5024; x_wconf 90' lang='lat' dir='ltr'><strong>sunt</strong></span> 
     </span>
    </p>
   </div>
   <div class='ocr_carea' id='block_1_113' title="bbox 2056 5061 3638 5135">
    <p class='ocr_par' dir='ltr' id='par_1_113' title="bbox 2056 5061 3638 5135">
     <span class='ocr_line' id='line_1_114' title="bbox 2056 5061 3638 5135; baseline -0.004 -15"><span class='ocrx_word' id='word_1_807' title='bbox 2056 5080 2126 5120; x_wconf 80' lang='lat' dir='ltr'><strong>ex</strong></span> <span class='ocrx_word' id='word_1_808' title='bbox 2166 5074 2387 5128; x_wconf 89' lang='lat' dir='ltr'><strong>natura,</strong></span> <span class='ocrx_word' id='word_1_809' title='bbox 2420 5065 2491 5120; x_wconf 89' lang='lat' dir='ltr'><strong>ab</strong></span> <span class='ocrx_word' id='word_1_810' title='bbox 2532 5066 2650 5135; x_wconf 88' lang='lat' dir='ltr'><strong>ipsa</strong></span> <span class='ocrx_word' id='word_1_811' title='bbox 2686 5079 2909 5135; x_wconf 90' lang='lat' dir='ltr'><strong>quoque</strong></span> <span class='ocrx_word' id='word_1_812' title='bbox 2952 5063 3215 5126; x_wconf 89' lang='lat' dir='ltr'><strong>essentia,</strong></span> <span class='ocrx_word' id='word_1_813' title='bbox 3248 5062 3454 5116; x_wconf 88' lang='lat' dir='ltr'><strong>nullam</strong></span> <span class='ocrx_word' id='word_1_814' title='bbox 3494 5061 3638 5115; x_wconf 66' lang='lat' dir='ltr'><strong>exsi-</strong></span> 
     </span>
    </p>
   </div>
   <div class='ocr_carea' id='block_1_114' title="bbox 2056 5150 3640 5221">
    <p class='ocr_par' dir='ltr' id='par_1_114' title="bbox 2056 5150 3640 5221">
     <span class='ocr_line' id='line_1_115' title="bbox 2056 5150 3640 5221; baseline -0.006 -10"><span class='ocrx_word' id='word_1_815' title='bbox 2056 5154 2313 5211; x_wconf 84' lang='lat' dir='ltr'><strong>stentiam</strong></span> <span class='ocrx_word' id='word_1_816' title='bbox 2351 5153 2564 5208; x_wconf 89' lang='lat' dir='ltr'><strong>habens</strong></span> <span class='ocrx_word' id='word_1_817' title='bbox 2597 5168 2661 5207; x_wconf 90' lang='lat' dir='ltr'><strong>ac</strong></span> <span class='ocrx_word' id='word_1_818' title='bbox 2694 5151 3057 5208; x_wconf 88' lang='lat' dir='ltr'><strong>substantiam</strong></span> <span class='ocrx_word' id='word_1_819' title='bbox 3096 5150 3273 5221; x_wconf 90' lang='lat' dir='ltr'><strong>(quod</strong></span> <span class='ocrx_word' id='word_1_820' title='bbox 3310 5165 3487 5218; x_wconf 89' lang='lat' dir='ltr'><strong>neque</strong></span> <span class='ocrx_word' id='word_1_821' title='bbox 3521 5164 3640 5202; x_wconf 89' lang='lat' dir='ltr'><strong>mo-</strong></span> 
     </span>
    </p>
   </div>
   <div class='ocr_carea' id='block_1_115' title="bbox 2057 5240 3635 5313">
    <p class='ocr_par' dir='ltr' id='par_1_115' title="bbox 2057 5240 3635 5313">
     <span class='ocr_line' id='line_1_116' title="bbox 2057 5240 3635 5313; baseline -0.004 -14"><span class='ocrx_word' id='word_1_822' title='bbox 2057 5243 2194 5313; x_wconf 91' lang='lat' dir='ltr'><strong>tum)</strong></span> <span class='ocrx_word' id='word_1_823' title='bbox 2225 5252 2520 5299; x_wconf 78' lang='lat' dir='ltr'><strong>extraneos</strong></span> <span class='ocrx_word' id='word_1_824' title='bbox 2543 5242 2722 5297; x_wconf 91' lang='lat' dir='ltr'><strong>factus</strong></span> <span class='ocrx_word' id='word_1_825' title='bbox 2749 5251 2854 5298; x_wconf 93' lang='lat' dir='ltr'><strong>est.</strong></span> <span class='ocrx_word' id='word_1_826' title='bbox 2883 5243 3019 5297; x_wconf 88' lang='lat' dir='ltr'><strong>Nam</strong></span> <span class='ocrx_word' id='word_1_827' title='bbox 3048 5250 3110 5295; x_wconf 91' lang='lat' dir='ltr'><strong>ut</strong></span> <span class='ocrx_word' id='word_1_828' title='bbox 3136 5240 3312 5294; x_wconf 79' lang='lat' dir='ltr'><strong>divini</strong></span> <span class='ocrx_word' id='word_1_829' title='bbox 3342 5240 3635 5310; x_wconf 81' lang='lat' dir='ltr'><strong>magnique</strong></span> 
     </span>
    </p>
   </div>
   <div class='ocr_carea' id='block_1_116' title="bbox 2058 5330 3629 5405">
    <p class='ocr_par' dir='ltr' id='par_1_116' title="bbox 2058 5330 3629 5405">
     <span class='ocr_line' id='line_1_117' title="bbox 2058 5330 3629 5405; baseline -0.004 -14"><span class='ocrx_word' id='word_1_830' title='bbox 2058 5335 2301 5391; x_wconf 89' lang='lat' dir='ltr'><strong>doctoris</strong></span> <span class='ocrx_word' id='word_1_831' title='bbox 2334 5335 2479 5390; x_wconf 78' lang='lat' dir='ltr'><strong>beati</strong></span> <span class='ocrx_word' id='word_1_832' title='bbox 2518 5334 2760 5405; x_wconf 79' lang='lat' dir='ltr'><strong>Dionysii</strong></span> <span class='ocrx_word' id='word_1_833' title='bbox 2792 5333 3065 5390; x_wconf 90' lang='lat' dir='ltr'><strong>sententia</strong></span> <span class='ocrx_word' id='word_1_834' title='bbox 3099 5340 3184 5386; x_wconf 90' lang='lat' dir='ltr'><strong>est</strong></span> <span class='ocrx_word' id='word_1_835' title='bbox 3213 5349 3227 5385; x_wconf 90' lang='lat'>:</span> <span class='ocrx_word' id='word_1_836' title='bbox 3266 5351 3284 5383; x_wconf 81' lang='grc' dir='ltr'><strong>ι</strong></span> <span class='ocrx_word' id='word_1_837' title='bbox 3318 5330 3474 5398; x_wconf 87' lang='lat' dir='ltr'><strong>Quod</strong></span> <span class='ocrx_word' id='word_1_838' title='bbox 3511 5332 3629 5385; x_wconf 87' lang='lat' dir='ltr'><strong>nul-</strong></span> 
     </span>
    </p>
   </div>
   <div class='ocr_carea' id='block_1_117' title="bbox 2058 5422 3641 5494">
    <p class='ocr_par' dir='ltr' id='par_1_117' title="bbox 2058 5422 3641 5494">
     <span class='ocr_line' id='line_1_118' title="bbox 2058 5422 3641 5494; baseline -0.003 -12"><span class='ocrx_word' id='word_1_839' title='bbox 2058 5427 2169 5482; x_wconf 90' lang='lat' dir='ltr'><strong>lum</strong></span> <span class='ocrx_word' id='word_1_840' title='bbox 2193 5425 2362 5480; x_wconf 91' lang='lat' dir='ltr'><strong>habet</strong></span> <span class='ocrx_word' id='word_1_841' title='bbox 2387 5431 2618 5487; x_wconf 88' lang='lat' dir='ltr'><strong>motum,</strong></span> <span class='ocrx_word' id='word_1_842' title='bbox 2640 5440 2819 5494; x_wconf 88' lang='lat' dir='ltr'><strong>neque</strong></span> <span class='ocrx_word' id='word_1_843' title='bbox 2842 5431 2947 5488; x_wconf 91' lang='lat' dir='ltr'><strong>est,</strong></span> <span class='ocrx_word' id='word_1_844' title='bbox 2969 5438 3148 5493; x_wconf 86' lang='lat' dir='ltr'><strong>neque</strong></span> <span class='ocrx_word' id='word_1_845' title='bbox 3176 5422 3386 5492; x_wconf 88' lang='lat' dir='ltr'><strong>aliquid</strong></span> <span class='ocrx_word' id='word_1_846' title='bbox 3410 5432 3515 5486; x_wconf 91' lang='lat' dir='ltr'><strong>est,</strong></span> <span class='ocrx_word' id='word_1_847' title='bbox 3539 5438 3641 5477; x_wconf 88' lang='lat' dir='ltr'><strong>nec</strong></span> 
     </span>
    </p>
   </div>
   <div class='ocr_carea' id='block_1_118' title="bbox 2059 5514 3640 5589">
    <p class='ocr_par' dir='ltr' id='par_1_118' title="bbox 2059 5514 3640 5589">
     <span class='ocr_line' id='line_1_119' title="bbox 2059 5514 3640 5589; baseline -0.002 -16"><span class='ocrx_word' id='word_1_848' title='bbox 2059 5519 2168 5574; x_wconf 92' lang='lat' dir='ltr'><strong>ulla</strong></span> <span class='ocrx_word' id='word_1_849' title='bbox 2198 5532 2432 5589; x_wconf 90' lang='lat' dir='ltr'><strong>prorsus</strong></span> <span class='ocrx_word' id='word_1_850' title='bbox 2457 5517 2576 5588; x_wconf 88' lang='lat' dir='ltr'><strong>eius</strong></span> <span class='ocrx_word' id='word_1_851' title='bbox 2600 5515 2888 5571; x_wconf 76' lang='lat' dir='ltr'><strong>afﬁrmatio</strong></span> <span class='ocrx_word' id='word_1_852' title='bbox 2916 5523 3019 5570; x_wconf 89' lang='lat' dir='ltr'><strong>est.</strong></span> <span class='ocrx_word' id='word_1_853' title='bbox 3050 5534 3069 5567; x_wconf 72' lang='grc' dir='ltr'><strong>ι</strong></span> <span class='ocrx_word' id='word_1_854' title='bbox 3098 5515 3290 5586; x_wconf 80' lang='lat' dir='ltr'><strong>Igitur,</strong></span> <span class='ocrx_word' id='word_1_855' title='bbox 3315 5515 3409 5585; x_wconf 90' lang='lat' dir='ltr'><strong>qui</strong></span> <span class='ocrx_word' id='word_1_856' title='bbox 3436 5514 3640 5570; x_wconf 90' lang='lat' dir='ltr'><strong>Christi</strong></span> 
     </span>
    </p>
   </div>
   <div class='ocr_carea' id='block_1_119' title="bbox 2060 5603 3641 5681">
    <p class='ocr_par' dir='ltr' id='par_1_119' title="bbox 2060 5603 3641 5681">
     <span class='ocr_line' id='line_1_120' title="bbox 2060 5603 3641 5681; baseline -0.004 -15"><span class='ocrx_word' id='word_1_857' title='bbox 2060 5612 2155 5666; x_wconf 90' lang='lat' dir='ltr'><strong>Dei</strong></span> <span class='ocrx_word' id='word_1_858' title='bbox 2191 5619 2416 5665; x_wconf 87' lang='lat' dir='ltr'><strong>naturas</strong></span> <span class='ocrx_word' id='word_1_859' title='bbox 2452 5610 2588 5681; x_wconf 93' lang='lat' dir='ltr'><strong>(tum</strong></span> <span class='ocrx_word' id='word_1_860' title='bbox 2627 5609 2837 5664; x_wconf 85' lang='lat' dir='ltr'><strong>scilicet</strong></span> <span class='ocrx_word' id='word_1_861' title='bbox 2867 5607 3139 5672; x_wconf 90' lang='lat' dir='ltr'><strong>divinam,</strong></span> <span class='ocrx_word' id='word_1_862' title='bbox 3168 5614 3283 5660; x_wconf 92' lang='lat' dir='ltr'><strong>tum</strong></span> <span class='ocrx_word' id='word_1_863' title='bbox 3316 5621 3437 5675; x_wconf 68' lang='lat' dir='ltr'><strong>qua:</strong></span> <span class='ocrx_word' id='word_1_864' title='bbox 3468 5603 3641 5660; x_wconf 88' lang='lat' dir='ltr'><strong>nostri</strong></span> 
     </span>
    </p>
   </div>
   <div class='ocr_carea' id='block_1_120' title="bbox 2062 5696 3641 5773">
    <p class='ocr_par' dir='ltr' id='par_1_120' title="bbox 2062 5696 3641 5773">
     <span class='ocr_line' id='line_1_121' title="bbox 2062 5696 3641 5773; baseline -0.005 -14"><span class='ocrx_word' id='word_1_865' title='bbox 2062 5703 2259 5760; x_wconf 90' lang='lat' dir='ltr'><strong>similis</strong></span> <span class='ocrx_word' id='word_1_866' title='bbox 2287 5710 2392 5769; x_wconf 87' lang='lat' dir='ltr'><strong>est,</strong></span> <span class='ocrx_word' id='word_1_867' title='bbox 2418 5700 2738 5773; x_wconf 89' lang='lat' dir='ltr'><strong>humanam)</strong></span> <span class='ocrx_word' id='word_1_868' title='bbox 2772 5698 3154 5767; x_wconf 84' lang='lat' dir='ltr'><strong>confiteamur,</strong></span> <span class='ocrx_word' id='word_1_869' title='bbox 3182 5697 3249 5754; x_wconf 89' lang='lat' dir='ltr'><strong>ad</strong></span> <span class='ocrx_word' id='word_1_870' title='bbox 3279 5712 3466 5754; x_wconf 84' lang='lat' dir='ltr'><strong>earum</strong></span> <span class='ocrx_word' id='word_1_871' title='bbox 3494 5696 3641 5753; x_wconf 72' lang='lat' dir='ltr'><strong>exsi-</strong></span> 
     </span>
    </p>
   </div>
  </div>
