4032 6210
478 277 619 345 1115

1747 275 1951 350 EUTll
1963 273 2127 333 YMII
2165 267 2528 333 ZIGABENI

3591 265 3772 330 1116

472 411 690 468 stentia:
732 415 939 466 certam
979 405 1332 463 astruendam
1377 404 1570 468 fidem,
1606 419 1902 474 veramque
1948 418 2050 458 no-

2157 402 2252 457 καὶ
2283 402 2349 457 τά
2390 399 2598 472 φυσικά
2621 397 2832 454 τούτων
2865 395 3173 470 ίσαρίθμως
3218 395 3301 449 δεῖ
3340 396 3559 460 πάντως
3607 415 3780 468 πρε-

473 515 641 562 stram
675 502 743 557 de
777 501 886 556 illis
918 499 1344 562 confessionem,
1378 496 1602 550 omnino
1634 511 1854 566 quoque
1887 504 2049 549 natu-

475 597 618 651 rales
653 595 894 665 ipsarum
929 593 1050 662 pari
1084 605 1315 645 numero
1345 590 1659 644 voluntates
1691 590 2050 659 profiteamur

438 704 702 761 .nccesse
748 699 862 750 est.
911 684 1252 752 totidemque
1299 682 1622 740 essentiales
1670 682 2049 753 operationes;

371 775 410 828 ῖῗ
474 797 580 842 nec
611 782 806 852 harum
843 777 1050 848 aliquid
1084 793 1313 848 prorsus
1346 777 1662 832 minuamus
1729 785 1825 830 aut
1883 792 2051 847 nege-

439 880 716 939 l~mus,'e'o
753 880 1040 943 praetextu,
1070 871 1312 940 hincque
1354 869 1514 924 nobis
1548 869 1736 924 fucum
1767 868 2052 934 facientes,

477 965 731 1041 quodin
776 979 1009 1034 persona
1061 963 1327 1018 divinitus
1376 963 1542 1016 uniue
1589 962 1732 1029 sint;
1781 977 1905 1016 cum
1955 977 2057 1016 nos

472 1047 705 1114 minime
737 1055 923 1114 lateat.
953 1068 1076 1123 quae
1115 1051 1168 1104 in
1210 1067 1442 1120 persona
1478 1051 1609 1106 unio
1639 1061 1743 1114 est,
1770 1052 1904 1106 nihil
1949 1051 2056 1106 illis

410 1173 414 1176 ν
476 1163 599 1218 quae
631 1147 904 1202 naturalia
939 1152 1096 1209 sunt,
1132 1143 1213 1196 uti
1253 1159 1354 1198 nec
1395 1144 1606 1198 naturis
1641 1144 1774 1212 ipsis
1807 1143 2057 1209 officere;

479 1219 698 1293 tametsi
726 1239 815 1292 illa
839 1238 893 1294 vi
924 1254 1042 1316 sua,
1067 1238 1232 1292 unius
1259 1251 1509 1306 persona:
1537 1235 1772 1294 ratione.
1805 1235 1860 1288 in
1887 1251 2058 1290 unum

477 1346 572 1387 eas
605 1340 764 1402 cogat
805 1329 980 1401 (haud
1023 1338 1202 1384 tamen
1241 1327 1476 1391 eximat,
1513 1326 1646 1395 quin
1687 1334 1898 1380 natura)
1943 1327 2062 1401 ipsa

479 1425 693 1480 ratione
713 1422 836 1478 dua:
877 1419 1195 1488 exsistant),
1246 1419 1323 1474 uti
1373 1418 1540 1472 etiam
1588 1417 1869 1473 naturales
1913 1417 2061 1488 ipsas

478 1503 866 1584 proprietates,
895 1525 1086 1566 earum
1124 1511 1268 1563 inter
1296 1524 1355 1563 se
1385 1507 1696 1562 cohaesione
1724 1522 1787 1560 ac
1818 1507 2062 1561 necessi-

434 1661 442 1668 ,
483 1601 694 1666 tudine,
719 1600 882 1654 unius
911 1615 1102 1654 rursus
1129 1613 1355 1668 prorsus
1382 1613 1528 1651 nexu
1558 1597 1888 1668 astringens,
1918 1613 2059 1651 neu-

481 1705 732 1763 tramque
780 1692 897 1747 sine
941 1692 1142 1754 altera,
1177 1687 1400 1744 extrave
1442 1689 1674 1744 alterius
1717 1690 2060 1744 communio-

2159 493 2374 547 σϐεύειν
2403 492 2705 563 θελήματα,
2739 489 2830 543 καὶ
2859 488 2962 551 τὰς
2991 486 3268 552 οὑσιώδεις
3301 488 3574 553 τοσαύτας
3603 492 3783 559 luep-

2157 585 2318 656 γείας
2358 587 2670 656 ὁμολογεῖνο
2713 584 2809 636 καὶ
2855 582 3022 653 μηδὲν
3061 580 3242 634 αὐτῶν
3281 581 3553 651 προφάσει
3587 580 3786 649 δῆθεν

2158 681 2255 752 τῆς
2286 680 2408 735 καθ’
2439 680 2734 733 ὑπόστασιν
2763 679 2914 743 θείας
2937 678 3184 742 ὲνώσεως
3211 677 3562 749 ἀπομειοῦνῆ
3587 678 3696 742 ἐξα
3707 695 3787 748 ρ-

2159 773 2370 826 νεῖσθαι
2409 772 2472 826 τὸ
2517 771 2765 826 σύνολονο
2804 770 3196 840 γινώσκοντας,
3241 768 3318 833 ὼς
3355 771 3387 839 ἠ
3429 767 3554 822 καθ’
3621 770 3792 822 ὑπό-

2163 882 2358 927 στασιν,
2379 866 2574 928 ἓνωσις
2599 865 2750 918 οὐδὲν
2785 863 3173 935 παραϐλάπτει
3198 863 3309 915 τῶν
3336 860 3615 930 φυσικῶν,
3652 879 3783 914 κει-

2163 959 2340 1029 θάπερ
2375 957 2496 1010 οὐδὲ
2523 956 2624 1020 τὰς
2648 957 2841 1025 φύσεις
2871 955 3042 1019 αὐτάς
3062 971 3076 986 ο
3115 957 3165 1008 εί
3205 954 3302 1008 καὶ
3325 953 3536 1017 ταύτας
3578 955 3668 1014 είς
3709 952 3786 1004 ἓν

2164 1049 2286 1116 ἄγει
2323 1048 2390 1102 δι’
2418 1049 2615 1117 ἑαυτῆς
2658 1048 2799 1101 κατὰ
2833 1047 2930 1117 τὴν
2975 1047 3104 1117 μίαν
3144 1045 3442 1100 ὑπόστασιν
3468 1063 3481 1075 °
3514 1045 3620 1098 τοῦ
3645 1046 3782 1110 δύο,

2163 1140 2242 1212 τῷ
2270 1140 2485 1211 φυσικῷ
2527 1138 2671 1210 λόγῳ
2709 1139 2980 1208 ὑπάρχειν
3011 1137 3262 1208 οὐδαμῶς
3294 1137 3566 1203 ἐξιστῶσα
3591 1153 3608 1168 ·
3647 1136 3782 1190 ὥσ-

2163 1249 2268 1302 περ
2319 1227 2412 1285 οὖν
2461 1231 2638 1284 καύτά
2680 1229 2744 1301 δὴ
2789 1229 2938 1296 λέγω
2991 1229 3058 1282 τὰ
3107 1228 3312 1298 φυσικὰ
3362 1226 3666 1297 ἰδιώματα,
3702 1229 3784 1298 τῇ

2163 1321 2300 1393 πρὸς
2349 1321 2554 1390 ἄλληλα
2599 1321 2846 1391 συμφυῖᾳ
2882 1319 3056 1372 διόλου
3109 1319 3270 1372 πάλιν
3322 1318 3612 1381 ὲνίζουσα,
3666 1319 3788 1371 καὶ

2167 1412 2462 1483 μηδέτερον
2507 1411 2600 1464 τοῦ
2652 1411 2842 1482 ἐτέρου
2891 1410 3152 1483 χωρὶς,ἢ
3202 1410 3302 1481 τῆς
3342 1411 3570 1480 θατέρου
3619 1410 3790 1481 «pb;

2166 1503 2392 1574 θάτερον
2429 1503 2712 1565 κοινωνίας
2760 1503 2937 1566 ἐκτὸς,
2986 1501 3130 1555 κατά
3169 1501 3259 1554 τὸν
3308 1501 3415 1553 τῶν
3459 1502 3792 1570 Ῥωμαίων

2170 1595 2361 1650 πάπαν
2426 1594 2671 1665 ἀοίδιμον
2727 1592 2933 1647 Λέοντα
3004 1591 3329 1663 θεωρεῖσθαι
3462 1593 3790 1646 καθοτιοῦν

2169 1687 2549 1760 συγχωροῦσα,
2594 1687 2694 1757 τὴν
2737 1685 2944 1755 τούτων
2990 1683 3223 1753 οὑσιώδη
3253 1686 3348 1737 καὶ
3378 1685 3628 1754 φυσικὴν
3663 1685 3787 1737 οὑκ

445 1821 449 1826 η
480 1797 627 1845 nem,
660 1783 773 1836 ullo
804 1781 988 1845 modo,
1017 1781 1097 1834 uti
1135 1779 1474 1833 clarissimus
1512 1779 1666 1833 urbis
1703 1780 1888 1834 Romae
1921 1796 2051 1850 papa

2167 1783 2408 1852 ἀμαυροῖ
2438 1778 2738 1842 παντελῶς,
2771 1777 2905 1831 ἀλλά
2934 1777 3157 1840 τελείως
3188 1776 3445 1845 φυλάττει
3461 1777 3786 1848 διαφοράν⁴

480 1872 806 1944 Leoscntit,
847 1871 1088 1942 spectari
1145 1873 1360 1938 sitiens,
1427 1873 1774 1929 essentialem
1841 1889 1906 1930 ac
1964 1890 2062 1930 na-

482 1959 713 2022 turalem
741 1977 928 2020 earum
976 1963 1391 2018 distinctionem
1426 1981 1532 2018 non
1595 1968 1824 2035 prors'us
1853 1965 2055 2031 abolet,

478 2053 577 2112 sed
598 2053 838 2124 perfecte
872 2063 1077 2109 servat.
1114 2053 1399 2109 Servando
1430 2055 1575 2109 enim
1634 2064 1917 2122 servatur;
1969 2071 2055 2122 ac,

481 2161 585 2216 qua
619 2152 840 2214 praestat
884 2145 1238 2207 incolumem,
1295 2146 1413 2216 ipsa
1487 2146 1784 2206 incolumis
1829 2157 2056 2217 perstat.

481 2237 757 2291 llactenus
779 2233 921 2289 enim
953 2233 1240 2290 manifeste
1268 2245 1449 2290 exstat
1476 2253 1658 2290 rerum
1683 2237 1832 2302 unio,
1881 2253 2059 2305 quan-

2161 1871 2242 1941 τῷ
2275 1872 2386 1940 γὰρ
2425 1871 2724 1940 φυλάττειν
2775 1870 3130 1939 φυλάττεται,
3191 1874 3285 1924 καὶ
3327 1871 3405 1942 τῷ
3445 1879 3777 1944 συντηρεῖν

2173 1964 2543 2031 συντηρείται.
2568 1963 2749 2032 Μέχρι
2781 1964 2886 2033 γὰρ
2919 1963 3041 2016 τότε
3078 1965 3269 2032 σαφῶς
3305 1964 3502 2028 ἕνωσις
3561 1986 3778 2037 πραγ-

2169 2055 2353 2125 μάτων
2383 2054 2674 2120 ὲστὶν,ἔως
2706 2054 2771 2108 ἂν
2803 2057 2834 2126 ἡ
2864 2057 3073 2111 τούτων
3119 2056 3357 2129 σώζηται
3388 2065 3594 2130 φυσικὴ
3638 2062 3773 2114 δια-

2168 2145 2331 2213 φορά’
2381 2146 2507 2202 ἐπεὶ
2559 2145 2762 2215 ταύτης
2807 2148 3194 2218 παυσαμένης,
3255 2147 3483 2202 παύεται
3528 2153 3782 2216 πάντως

2169 2240 2426 2308 κάκείνη,
2464 2243 2529 2312 τῇ
2566 2243 2830 2314 συγχύσει
2861 2243 3085 2306 τελείως
3114 2245 3494 2312 ἀφανισθεῖσα.

455 2330 573 2409 diu
603 2329 898 2383 incolumis
940 2337 1025 2384 est
1056 2330 1328 2386 naturalis
1368 2344 1558 2384 earum
1604 2329 1909 2384 distinctio.
1939 2329 2074 2385 Nam
2105 2333 2208 2387 hac
2232 2343 2503 2401 cessante,
2558 2344 2742 2391 cessat
2780 2334 3007 2390 omnino
3037 2345 3091 2390 et
3125 2336 3238 2401 illa,
3263 2336 3605 2392 confusionis
3627 2339 3782 2396 labe

484 2455 710 2510 prorsus
734 2437 956 2493 abolita.

547 2531 690 2592 Cum
738 2534 862 2593 hac.
906 2535 1090 2606 itaque
1143 2536 1371 2608 (nempe
1420 2540 1586 2611 unio)
1634 2542 1842 2596 nullam
1891 2542 2059 2598 rebus

474 2622 658 2684 labem
685 2624 908 2691 inferat,
935 2642 1039 2684 nec
1071 2627 1286 2685 illarum
1319 2629 1727 2687 distinctionem
1757 2633 2057 2704 quidquam

472 2713 668 2780 laedat,
710 2716 808 2777 sed
857 2719 1202 2779 solummodo
1247 2722 1657 2779 accommodate
1701 2723 1769 2777 ad
1817 2726 2060 2790 nominis

472 2808 968 2884 nuncupationem,
995 2826 1116 2880 quae
1150 2826 1216 2869 ea
1246 2814 1596 2882 copulantur,
1621 2815 1833 2872 unitate
1867 2827 2053 2888 cogat;

470 2899 697 2954 omnino
731 2916 1071 2972 prorsusque
1098 2903 1252 2957 nullo
1279 2903 1593 2962 desiderato
1619 2915 1782 2977 atque
1815 2908 2057 2976 perfecte

464 2985 526 3044 in
567 3003 632 3042 ea
661 2989 972 3068 incolumia
1015 3003 1167 3058 sunt,
1197 3010 1319 3064 quae
1359 3005 1560 3052 natura
1599 2996 1858 3054 distincta
1903 3009 2054 3065 sunt,

465 3093 536 3132 ne
565 3080 656 3134 vel
691 3080 977 3140 minimam
1011 3082 1140 3138 inde
1175 3086 1517 3145 eversionem
1554 3103 1618 3146 ac
1647 3090 2052 3158 confusionem,

467 3167 524 3222 in
564 3169 698 3238 ipsis
737 3173 994 3232 essentiis
1040 3188 1137 3228 seu
1183 3175 1418 3238 naturis,
1459 3177 1522 3232 in.
1557 3178 1958 3247 voluntatibus,
1999 3183 2055 3244 in

466 3261 907 3328 operationibus,
931 3263 1113 3320 ullove
1140 3265 1247 3319 alio
1275 3267 1422 3335 quod
1450 3277 1663 3338 spectet
1684 3270 1750 3331 ad
1776 3280 2052 3341 naturam,

468 3367 648 3420 passa.
677 3352 926 3419 Quonam
958 3354 1125 3426 igitur
1148 3356 1312 3410 modo
1341 3355 1470 3428 (qua
1499 3359 1732 3416 honesta
1757 3377 1888 3418 voce
1919 3380 2054 3422 con-

472 3443 702 3498 vcstiam
743 3445 954 3515 nescio)
992 3445 1181 3516 probae
1226 3447 1426 3504 mentis
1471 3464 1584 3508 suae
1624 3466 1687 3508 ac
1726 3455 2054 3514 verecunda:

472 3535 748 3601 velamen,
790 3536 936 3596 hanc
969 3537 1192 3607 quidam
1229 3549 1558 3609 praetexunt,
1586 3558 1650 3600 ac.
1680 3543 1922 3604 Verbum
1965 3546 2052 3603 in—

471 3636 756 3684 earnatum
791 3638 990 3688 natura
1023 3630 1326 3687 voluntatis
1358 3649 1555 3704 expers
1588 3651 1652 3692 ac
1684 3638 2049 3707 operationis,

471 3726 660 3771 nostra
693 3727 892 3778 natura
928 3719 1004 3791 (id
1039 3729 1143 3784 est,
1174 3721 1456 3794 humana).
1471 3733 1752 3791 asserunt;
1791 3735 2050 3796 tanquam

469 3822 601 3871 vere
654 3809 894 3873 inanima
941 3827 1005 3871 ac
1049 3823 1271 3869 carente
1318 3816 1566 3880 ratione,
1611 3833 1732 3886 quae
1777 3832 1844 3874 ex
1891 3818 2053 3878 nobis

471 3909 753 3968 assumpta
799 3900 855 3958 in
897 3917 964 3957 eo
1009 3902 1320 3964 substantia
1346 3914 1450 3966 est.
1477 3905 1630 3973 Quod
1663 3908 1810 3968 enim
1853 3925 2051 3980 opera-

472 3992 638 4054 tionis
655 4008 719 4051 ac
734 4002 918 4052 motus
933 4009 1131 4065 expers
1159 4002 1264 4060 est,
1290 3995 1451 4066 plane
1469 3998 1634 4054 etiam
1657 3997 1898 4060 inanimo
1932 4009 2048 4066 est;

469 4083 726 4152 quodque
773 4086 926 4143 nulla
977 4087 1209 4147 rationis
1252 4088 1536 4144 voluntate
1589 4091 1879 4160 praeditum
1928 4102 2047 4157 est,

466 4176 644 4246 palam
691 4177 859 4234 etiam
910 4178 1123 4238 ratione
1171 4189 1467 4252 menteque
1511 4190 1682 4239 caret.
1722 4183 1818 4242 Sin
1865 4183 2049 4242 autem

468 4265 675 4334 absque
720 4268 808 4322 liis
855 4277 1052 4324 natura
1092 4280 1211 4328 erat
1252 4271 1599 4334 incarnatum
1641 4273 1904 4339 Verbum,
1941 4291 2048 4346 qua

468 4354 859 4418 commercium
882 4358 1170 4412 nobiscum
1194 4359 1416 4426 inierat,
1439 4378 1675 4432 quonam
1696 4365 1860 4422 etiam
1884 4366 2048 4424 modo

466 4442 725 4500 credetur
764 4443 1043 4501 hominem
1082 4448 1262 4517 ipsum
1301 4452 1732 4520 exstitisseiQui
1768 4470 1901 4510 vero
1936 4472 2046 4516 non

465 4535 672 4605 potius,
705 4535 890 4590 divina
920 4537 1260 4596 demutatum
1291 4550 1505 4610 natura,
1533 4561 1598 4600 ea
1631 4562 1851 4618 quoque
1886 4564 2046 4603 mon-

467 4626 732 4681 strabitur
785 4629 968 4684 carnis
1023 4630 1312 4690 affectibus
1365 4633 1598 4690 invitum
1652 4639 2048 4696 succubuisse?

463 4719 807 4784 Naturalium
847 4721 994 4774 enim
1055 4721 1506 4793 interemptione,
1544 4725 1709 4788 Arius
1758 4727 2045 4799 Apollina-

465 4811 692 4881 riusque
713 4850 728 4875 ,
759 4811 852 4866 tali
895 4810 950 4865 in
983 4811 1163 4881 ipsum
1187 4811 1304 4868 acie
1330 4814 1745 4883 impressionem
1772 4817 2042 4882 fecerunt.

463 4901 619 4956 Alter
657 4901 805 4956 enim
846 4902 1048 4968 anima,
1085 4902 1224 4956 alter
1262 4903 1472 4960 ratione
1511 4904 1833 4960 destitutum
1875 4909 2043 4981 (quod

459 5003 545 5048 est
577 4993 918 5064 operationis
945 5010 1142 5064 expers
1171 5010 1235 5049 ac
1260 4995 1582 5067 voluntatis)
1613 4997 1868 5069 professi,
1893 5017 2046 5057 crea-

460 5089 639 5136 turam
674 5091 838 5152 atque
864 5083 1131 5138 facturam
1164 5083 1342 5153 ipsum
1371 5087 1672 5143 secundum
1701 5105 1758 5144 se
1790 5090 2042 5162 blasphe-

459 5182 700 5228 niarunt.
727 5173 968 5244 Uterque
998 5175 1145 5229 enim
1173 5175 1523 5246 Unigenitum
1556 5188 1752 5235 natura
1783 5181 2042 5244 divinita-

458 5267 529 5320 tis
562 5267 868 5336 patibilcm,
897 5285 1006 5324 non
1038 5269 1220 5328 carnis
1253 5278 1469 5336 natura,
1497 5271 1784 5340 dixerunt;
1823 5278 2036 5334 tametsi

2228 2541 2449 2613 Ταύτης
2481 2540 2796 2613 τοιγαροῦν,
2832 2540 2980 2610 λέγω
3021 2539 3077 2593 δὲ
3111 2539 3213 2608 τῆς
3255 2539 3518 2607 ὲνώσεως,
3559 2545 3624 2598 οὑ
3660 2544 3774 2598 λυα-

2158 2636 2494 2706 μαινομένης
2521 2635 2633 2697 τοῖς
2665 2632 3008 2705 πράγμασιν,
3056 2633 3177 2686 οὐδὲ
3206 2636 3272 2705 τῇ
3316 2634 3514 2688 τούτων
3555 2635 3776 2706 διαρρο-

2162 2726 2266 2796 ρᾷ,
2301 2724 2438 2780 ἀλλά
2486 2724 2644 2795 μόνον
2696 2726 2763 2794 τῇ
2807 2709 3002 2794 κλήσει
3045 2723 3336 2794 προσφυῶς
3388 2725 3769 2798 ἑνοποιούσης

2156 2814 2224 2866 τά
2256 2813 2377 2868 κατ’
2403 2813 2596 2883 αὐτὴν,
2623 2812 2730 2866 εἰσὶ
2760 2813 2990 2866 πάντοτε
3086 2814 3181 2866 καὶ
3205 2814 3422 2878 πάντως
3448 2817 3766 2884 ἀμειώτως

2156 2907 2212 2959 ὲν
2246 2907 2383 2976 αὐτῇ
2427 2907 2518 2959 ml.
2559 2904 2781 2968 τελείως
2814 2905 3121 2975 σωζόμενα,
3153 2905 3224 2957 τά
3252 2907 3392 2958 κατὰ
3425 2907 3590 2975 φύσιν
3622 2909 3760 2962 διά-

2158 3014 2321 3068 φορα,
2360 2996 2459 3066 τὴν
2490 2993 2709 3049 οῐανοῦν
2741 2996 3103 3067 παρατροπὴν
3121 2997 3180 3048 ού
3208 2998 3448 3050 παθόντα
3485 3001 3582 3050 καὶ
3614 3002 3756 3070 σύγε

2085 3121 2136 3176 G
2156 3104 2312 3159 χυσιν
2330 3104 2342 3117 ·
2363 3089 2461 3146 οὐκ
2485 3089 2541 3139 ὲν
2563 3085 2773 3149 οὐσίαις
2802 3087 3083 3152 αὐταῖς,οὑ
3111 3087 3429 3158 θελήμασιν,
3453 3090 3552 3142 οὐκ
3585 3093 3756 3161 ἐνερ-

2156 3177 2353 3248 γείαις.
2382 3179 2483 3231 οὐκ
2511 3177 2656 3248 ἄλλῳ
2682 3177 2790 3230 τινὶ
2819 3177 3055 3247 φυσικῷ,
3105 3177 3227 3241 Πῶς
3258 3175 3350 3232 οὖν
3379 3181 3758 3252 ἐπικάλυμμα

2153 3269 2255 3338 τῆς
2289 3270 2443 3336 ἰδίας,
2480 3269 2579 3322 οὐκ
2609 3264 2712 3322 οἶδ’
2743 3271 2892 3332 ὅπως
2927 3268 3190 3339 εὐφήμως
3225 3272 3417 3336 εἰπεῖν,
3467 3272 3758 3343 καλοφρο-

2157 3361 2321 3431 σύνης
2373 3359 2470 3432 (ρ),
2528 3361 2734 3431 ταύτην
2791 3362 2935 3424 τινὲς
2984 3360 3446 3432 προφασίζονταιο
3502 3365 3605 3416 καὶ
3655 3366 3755 3416 τὸν

2156 3454 2510 3525 σαρκωθέντα
2540 3455 2713 3522 Λόγον
2744 3453 3006 3519 ἀθέλητον
3039 3453 3221 3522 φύσει,
3251 3456 3344 3507 καὶ
3371 3455 3750 3526 ἀνενέργητον

2152 3545 2231 3615 τῷ
2257 3545 2378 3598 καθ’
2415 3547 2581 3617 ἡμᾶς,
2610 3548 2777 3618 ἤγουν
2805 3545 2882 3616 τῷ
2924 3543 3273 3616 ἀνθρωπίνῳ,
3305 3547 3434 3616 φασί
3459 3564 3471 3576 ⁸
3506 3545 3606 3598 ἀτε
3645 3565 3749 3599 κυ-

2157 3637 2286 3708 ρίως
2325 3637 2536 3708 ἀψύχου
2576 3637 2672 3691 καὶ
2703 3636 2899 3705 ἀλόγου
2942 3636 3043 3706 τῆς
3072 3637 3129 3706 ἐξ
3173 3638 3330 3706 ἡμῶν
3362 3636 3747 3708 προσληφθεί-

2154 3744 2255 3798 σης
2294 3727 2482 3792 οὐσίας
2518 3728 2576 3780 ὲν
2627 3725 2778 3796 αὐτῷ
2819 3725 3217 3794 τυγχανούσης.
3259 3725 3332 3776 Τὸ
3361 3725 3467 3793 γὰρ
3505 3726 3749 3794 ἀνενέρ-

2151 3835 2338 3890 γητον,
2379 3817 2638 3888 ἀκίνητόν
2673 3835 2734 3870 τε
2779 3818 2874 3870 καὶ
2901 3816 3108 3886 ἄψυχον
3140 3815 3422 3886 προδήλως
3446 3815 3564 3867 ἐστί
3591 3832 3608 3846 ·
3649 3817 3749 3870 καὶ

2148 3909 2212 3963 τὸ
2248 3909 2518 3980 μηδεμίαν
2538 3908 2763 3981 λογικὴν
2790 3909 3008 3978 θέλησιν
3032 3907 3174 3977 ἔχον,
3203 3907 3392 3973 ἄλογον
3421 3906 3615 3974 σαφῶς
3648 3907 3748 3961 καὶ

2151 4001 2398 4070 ἀνόητον.
2433 4000 2545 4054 Καὶ
2585 4003 2634 4053 εί
2689 4001 2894 4054 τούτων
2929 4001 3096 4071 χωρὶς
3127 4001 3265 4053 κατά
3297 3998 3454 4068 φύσιν
3485 3999 3748 4070 ὑπῆρχεν

2149 4092 2178 4145 ὁ
2213 4090 2520 4163 σαρκωθεὶς
2562 4091 2734 4160 Λόγος
2776 4093 2836 4144 τὸ
2888 4092 3010 4145 καθ’
3042 4093 3215 4161 ἡμᾶς,
3246 4091 3364 4154 πῶς
3399 4091 3479 4143 ὅτι
3511 4093 3612 4144 καὶ
3644 4091 3749 4145 ἆν-

2151 4179 2373 4254 θρωπος
2408 4183 2600 4250 γέγονε
2648 4181 3100 4251 πιστευθήσεται;
3133 4181 3248 4244 πῶς
3278 4181 3334 4234 δὲ
3365 4181 3566 4251 μᾶλλον
3615 4183 3747 4252 οὑχὶ

2148 4275 2382 4346 τραπεὶς
2403 4273 2500 4346 τὴν
2536 4273 2686 4328 θείαν
2718 4275 2903 4344 φύσιν,
2931 4275 3028 4328 καὶ
3057 4276 3260 4348 σαρκὸς
3305 4273 3533 4327 πάθεσιν
3559 4275 3744 4330 ἀκου-

2151 4365 2282 4429 σίως
2305 4363 2593 4422 ὑποπεσὼν
2615 4363 2963 4434 δειχθήσεται
2990 4365 3109 4418 κατ’
3137 4365 3339 4434 αύτήν;
3371 4364 3451 4434 Τῇ
3482 4366 3592 4435 γὰρ
3629 4367 3745 4421 τῶν

2082 4495 2125 4549 D
2153 4455 2399 4525 φυσικῶν
2444 4456 2744 4527 ἀναιρέσει,
2779 4456 2878 4528 τὴν
2911 4457 3020 4509 τῶν
3064 4455 3320 4509 τοιούτων
3363 4455 3741 4530 καταδρομὴν,

2156 4546 2376 4618 ’Δρειός
2410 4564 2470 4600 τε
2507 4548 2601 4600 καὶ
2639 4547 3015 4618 ’Λπολινάριος
3045 4547 3167 4600 κατ’
3220 4547 3388 4600 αὐτοῦ
3422 4549 3740 4617 πεποιήκα-

2156 4657 2262 4695 σιν.
2304 4641 2363 4696 '0
2399 4640 2500 4712 μὲν
2532 4641 2663 4712 γὰρ,
2697 4641 2940 4714 ἄψυχον..
2981 4643 3010 4694 ὁ
3049 4641 3126 4706 δὲ,
3180 4641 3408 4709 ἄλογον,
3455 4642 3596 4713 ὅπερ
3645 4646 3742 4697 ἀν·
3821 4654 3828 4682 ι

2157 4731 2451 4802 ενέργητόν
2491 4733 2608 4786 ἔστι
2644 4735 2738 4786 καὶ
2771 4733 3054 4802 ἁθέλητον,
3086 4733 3251 4786 αὐτὸν
3280 4734 3740 4803 δογματίσαντες,

2151 4825 2360 4893 κτίσμα
2406 4822 2596 4876 τοῦτον
2627 4824 2722 4878 καὶ⁸
2754 4825 2965 4896 ποίημα
2997 4825 3120 4878 καθ’
3153 4825 3348 4877 ἑαυτὸν
3371 4825 3740 4895 εϐλασφήμη-

2153 4930 2274 4968 σαν.
2318 4913 2612 4987 Ἐχάτερος
2659 4914 2769 4986 γὰρ
2822 4915 3068 4987 παθητὸν
3116 4916 3277 4986 φύσει
3314 4916 3594 4985 θεότητος,
3621 4915 3739 4970 ἀλλ’

2152 5007 2211 5060 οὐ
2246 5007 2407 5077 φύσει
2439 5007 2642 5080 σαρκὸς
2667 5003 2820 5063 εἷπον
2843 5009 2934 5062 τὸν
2960 5009 3270 5080 Μονογενῆ·
3303 5009 3405 5063 κᾶν
3449 5010 3742 5062 Ἀπολινά-

2153 5116 2271 5170 ριος
2320 5099 2402 5154 ἔτι
2440 5101 2563 5155 κατ’
2592 5100 2848 5156 ἀσέϐειαν
2891 5101 3341 5171 δαψιλευόμενος,
3391 5102 3489 5154 καὶ
3525 5101 3740 5154 τελείαν

2150 5190 2251 5262 τὴν
2291 5192 2370 5256 εις
2404 5193 2583 5264 σάρκα
2610 5193 2919 5264 μεταϐολὴν
2951 5193 3072 5247 κατ’
3095 5192 3372 5247 ἔκπτωσιν
3403 5195 3499 5247 καὶ
3528 5195 3741 5266 τροπὴν

2149 5283 2249 5353 τῆς
2282 5283 2446 5343 αὐτοῦ
2470 5285 2723 5355 θεότητος
2752 5285 3088 5355 ἀπεφήνατο.

463 5367 664 5436 majori
699 5365 880 5424 adhuc
905 5366 1191 5437 impietate
1211 5365 1932 5442 Apollinarius,perfectam
1959 5385 2174 5442 quoque
2230 5373 2285 5428 in
2317 5389 2536 5435 carnem
2585 5377 3028 5444 conversionem,
3067 5375 3243 5448 ipsius
3273 5375 3586 5441 divinitatis
3629 5394 3731 5436 oc-

463 5469 593 5509 casu
630 5469 695 5510 ac
724 5459 1028 5509 mutatione
1061 5455 1265 5514 sanxit.

531 5543 722 5612 Operae
751 5546 988 5614 pretium
1025 5547 1212 5617 igitur,
1253 5553 1309 5600 ut
1343 5544 1546 5616 quibus
1575 5547 1936 5606 constitutum
1965 5552 2036 5606 sit

469 5633 721 5702 pietatem
737 5635 941 5702 colere,
973 5637 1378 5696 confessionem
1405 5639 1671 5710 ejusmodi
1698 5651 2036 5706 evertamus,

463 5730 890 5798 sanctorumque
918 5725 1140 5784 Patrum
1169 5729 1478 5786 doctrinam
1521 5739 1848 5800 teneamus;
1879 5741 2043 5808 atque

2226 5549 2346 5622 Χρὴ
2377 5551 2673 5624 τοιγαροῦν
2718 5549 3080 5616 εὑσεϐοῦντας
3115 5554 3286 5623 ἡμᾶς,
3334 5555 3438 5623 τὴν
3470 5557 3730 5626 τοιαύτην

2149 5640 2442 5711 ὁμολογίαν
2470 5643 2792 5712 διώσασθαι,
2854 5643 2950 5699 καὶ
2981 5643 3080 5715 τὴν
3113 5645 3220 5696 τῶν
3261 5644 3432 5713 ἁγίων
3465 5647 3607 5699 ΙΙατέ
3619 5665 3727 5717 ρων

2152 5736 2444 5805 κρατύνειν
2488 5736 2864 5792 διδασκαλίαν
2923 5736 3142 5798 καὶδύο
3174 5734 3388 5808 φυσικαὶ
3445 5738 3728 5811 θελήματα
