  <div class='ocr_page' id='page_1' title='image "/cluster/home/n/w/nwhite01/storage/ocr_20150623/130/hvd.32044073502387/566.png"; bbox 0 0 4020 6214; ppageno 0'>
   <div class='ocr_carea' id='block_1_1' title="bbox 317 240 456 305">
    <p class='ocr_par' dir='ltr' id='par_1_1' title="bbox 317 240 456 305">
     <span class='ocr_line' id='line_1_1' title="bbox 317 240 456 305; baseline 0.007 -1"><span class='ocrx_word' id='word_1_1' title='bbox 317 240 456 305; x_wconf 75' lang='grc'><strong>1117</strong></span> 
     </span>
    </p>
   </div>
   <div class='ocr_carea' id='block_1_2' title="bbox 1241 254 2584 328">
    <p class='ocr_par' dir='ltr' id='par_1_2' title="bbox 1241 254 2584 328">
     <span class='ocr_line' id='line_1_2' title="bbox 1241 254 2584 328; baseline 0.01 -13"><span class='ocrx_word' id='word_1_2' title='bbox 1241 255 1615 316; x_wconf 75' lang='lat' dir='ltr'><strong>PANOPLH</strong></span> <span class='ocrx_word' id='word_1_3' title='bbox 1653 254 2112 322; x_wconf 77' lang='lat' dir='ltr'><strong>DOGMATlCA.</strong></span> <span class='ocrx_word' id='word_1_4' title='bbox 2147 285 2218 295; x_wconf 93' lang='grc'><strong>-·-</strong></span> <span class='ocrx_word' id='word_1_5' title='bbox 2245 261 2393 326; x_wconf 84' lang='grc' dir='ltr'><strong>ΤΙΤ.</strong></span> <span class='ocrx_word' id='word_1_6' title='bbox 2425 265 2584 328; x_wconf 55' lang='lat' dir='ltr'><strong>XXI.</strong></span> 
     </span>
    </p>
   </div>
   <div class='ocr_carea' id='block_1_3' title="bbox 3430 279 3572 348">
    <p class='ocr_par' dir='ltr' id='par_1_3' title="bbox 3430 279 3572 348">
     <span class='ocr_line' id='line_1_3' title="bbox 3430 279 3572 348; baseline 0.021 -3"><span class='ocrx_word' id='word_1_7' title='bbox 3430 279 3572 348; x_wconf 88' lang='lat'><strong>1118</strong></span> 
     </span>
    </p>
   </div>
   <div class='ocr_carea' id='block_1_4' title="bbox 299 382 1891 480">
    <p class='ocr_par' dir='ltr' id='par_1_4' title="bbox 299 382 1891 466">
     <span class='ocr_line' id='line_1_4' title="bbox 299 382 1891 466; baseline 0.014 -32"><span class='ocrx_word' id='word_1_8' title='bbox 299 383 426 436; x_wconf 84' lang='grc' dir='ltr'>κατ’</span> <span class='ocrx_word' id='word_1_9' title='bbox 464 382 684 448; x_wconf 79' lang='grc' dir='ltr'>αὐτοὺς,</span> <span class='ocrx_word' id='word_1_10' title='bbox 728 387 826 440; x_wconf 76' lang='grc' dir='ltr'>καὶ</span> <span class='ocrx_word' id='word_1_11' title='bbox 866 387 1150 455; x_wconf 72' lang='grc' dir='ltr'>οὐσιῶδεις</span> <span class='ocrx_word' id='word_1_12' title='bbox 1183 393 1488 466; x_wconf 76' lang='grc' dir='ltr'><strong>ἐνεργείας,</strong></span> <span class='ocrx_word' id='word_1_13' title='bbox 1525 396 1618 450; x_wconf 77' lang='grc' dir='ltr'>ἐπὶ</span> <span class='ocrx_word' id='word_1_14' title='bbox 1666 399 1760 453; x_wconf 84' lang='grc' dir='ltr'>τοῦ</span> <span class='ocrx_word' id='word_1_15' title='bbox 1790 403 1891 456; x_wconf 79' lang='grc' dir='ltr'><strong>αὐ-</strong></span> 
     </span>
    </p>
   </div>
   <div class='ocr_carea' id='block_1_5' title="bbox 1990 382 3570 480">
    <p class='ocr_par' dir='ltr' id='par_1_5' title="bbox 1991 407 3570 480">
     <span class='ocr_line' id='line_1_5' title="bbox 1991 407 3570 480; baseline 0.007 -16"><span class='ocrx_word' id='word_1_16' title='bbox 1991 407 2129 464; x_wconf 88' lang='lat' dir='ltr'><strong>duas</strong></span> <span class='ocrx_word' id='word_1_17' title='bbox 2161 409 2445 465; x_wconf 72' lang='lat' dir='ltr'><strong>naturales</strong></span> <span class='ocrx_word' id='word_1_18' title='bbox 2467 409 2800 480; x_wconf 70' lang='lat' dir='ltr'><strong>voluntates,</strong></span> <span class='ocrx_word' id='word_1_19' title='bbox 2825 427 2895 468; x_wconf 80' lang='lat' dir='ltr'><strong>ex</strong></span> <span class='ocrx_word' id='word_1_20' title='bbox 2922 428 3118 470; x_wconf 90' lang='lat' dir='ltr'><strong>eorum</strong></span> <span class='ocrx_word' id='word_1_21' title='bbox 3147 424 3332 472; x_wconf 86' lang='lat' dir='ltr'><strong>mente</strong></span> <span class='ocrx_word' id='word_1_22' title='bbox 3356 431 3418 472; x_wconf 90' lang='lat' dir='ltr'><strong>ac</strong></span> <span class='ocrx_word' id='word_1_23' title='bbox 3441 434 3570 474; x_wconf 89' lang='lat' dir='ltr'><strong>sen-</strong></span> 
     </span>
    </p>
   </div>
   <div class='ocr_carea' id='block_1_6' title="bbox 299 476 1894 564">
    <p class='ocr_par' dir='ltr' id='par_1_6' title="bbox 299 476 1894 564">
     <span class='ocr_line' id='line_1_6' title="bbox 299 476 1894 564; baseline 0.016 -37"><span class='ocrx_word' id='word_1_24' title='bbox 299 476 394 528; x_wconf 81' lang='grc' dir='ltr'><strong>τοῦ</strong></span> <span class='ocrx_word' id='word_1_25' title='bbox 429 477 525 531; x_wconf 75' lang='grc' dir='ltr'>καὶ</span> <span class='ocrx_word' id='word_1_26' title='bbox 553 477 672 542; x_wconf 73' lang='grc' dir='ltr'>ἑνὸς</span> <span class='ocrx_word' id='word_1_27' title='bbox 698 479 1003 552; x_wconf 72' lang='grc' dir='ltr'>ὁμολογεῖν.</span> <span class='ocrx_word' id='word_1_28' title='bbox 1036 483 1100 537; x_wconf 77' lang='lat' dir='ltr'><strong>Et</strong></span> <span class='ocrx_word' id='word_1_29' title='bbox 1132 484 1242 556; x_wconf 81' lang='grc' dir='ltr'>γὰρ</span> <span class='ocrx_word' id='word_1_30' title='bbox 1267 485 1328 541; x_wconf 84' lang='grc' dir='ltr'><strong>ἒν</strong></span> <span class='ocrx_word' id='word_1_31' title='bbox 1351 487 1441 540; x_wconf 81' lang='grc' dir='ltr'><strong>ἐπ’</strong></span> <span class='ocrx_word' id='word_1_32' title='bbox 1476 488 1642 544; x_wconf 74' lang='grc' dir='ltr'>αὐτοῦ</span> <span class='ocrx_word' id='word_1_33' title='bbox 1680 490 1894 564; x_wconf 84' lang='grc' dir='ltr'>θέλημα</span> 
     </span>
    </p>
   </div>
   <div class='ocr_carea' id='block_1_7' title="bbox 301 567 1892 656">
    <p class='ocr_par' dir='ltr' id='par_1_7' title="bbox 301 567 1892 656">
     <span class='ocr_line' id='line_1_7' title="bbox 301 567 1892 656; baseline 0.014 -37"><span class='ocrx_word' id='word_1_34' title='bbox 301 568 399 620; x_wconf 75' lang='grc' dir='ltr'>καὶ</span> <span class='ocrx_word' id='word_1_35' title='bbox 423 567 558 638; x_wconf 86' lang='grc' dir='ltr'>μίαν</span> <span class='ocrx_word' id='word_1_36' title='bbox 598 570 883 642; x_wconf 73' lang='grc' dir='ltr'><strong>ἐνέργειαν</strong></span> <span class='ocrx_word' id='word_1_37' title='bbox 922 573 1199 646; x_wconf 73' lang='grc' dir='ltr'>εἴποιμεν,</span> <span class='ocrx_word' id='word_1_38' title='bbox 1222 578 1466 649; x_wconf 83' lang='grc' dir='ltr'>ἢτοῦτον</span> <span class='ocrx_word' id='word_1_39' title='bbox 1491 581 1592 637; x_wconf 79' lang='grc' dir='ltr'><strong>οὐκ</strong></span> <span class='ocrx_word' id='word_1_40' title='bbox 1627 583 1758 639; x_wconf 76' lang='grc' dir='ltr'>ὄντα</span> <span class='ocrx_word' id='word_1_41' title='bbox 1788 587 1892 656; x_wconf 79' lang='grc' dir='ltr'><strong>φύ-</strong></span> 
     </span>
    </p>
   </div>
   <div class='ocr_carea' id='block_1_8' title="bbox 303 659 1890 745">
    <p class='ocr_par' dir='ltr' id='par_1_8' title="bbox 303 659 1890 745">
     <span class='ocr_line' id='line_1_8' title="bbox 303 659 1890 745; baseline 0.013 -35"><span class='ocrx_word' id='word_1_42' title='bbox 303 674 385 711; x_wconf 88' lang='grc' dir='ltr'><strong>σει</strong></span> <span class='ocrx_word' id='word_1_43' title='bbox 417 660 514 713; x_wconf 73' lang='grc' dir='ltr'><strong>καὶ</strong></span> <span class='ocrx_word' id='word_1_44' title='bbox 538 659 851 732; x_wconf 78' lang='grc' dir='ltr'>ἄνθρωπον,</span> <span class='ocrx_word' id='word_1_45' title='bbox 873 663 1011 722; x_wconf 69' lang='grc' dir='ltr'><strong>ἀλλὰ</strong></span> <span class='ocrx_word' id='word_1_46' title='bbox 1046 666 1209 738; x_wconf 87' lang='grc' dir='ltr'>μόνον</span> <span class='ocrx_word' id='word_1_47' title='bbox 1247 669 1382 723; x_wconf 85' lang='grc' dir='ltr'>Θεόν</span> <span class='ocrx_word' id='word_1_48' title='bbox 1403 686 1417 700; x_wconf 86' lang='grc'>·</span> <span class='ocrx_word' id='word_1_49' title='bbox 1452 672 1488 745; x_wconf 85' lang='grc' dir='ltr'><strong>ἢ</strong></span> <span class='ocrx_word' id='word_1_50' title='bbox 1528 673 1691 744; x_wconf 78' lang='grc' dir='ltr'>φύσει</span> <span class='ocrx_word' id='word_1_51' title='bbox 1727 677 1890 745; x_wconf 75' lang='grc' dir='ltr'>μόνον</span> 
     </span>
    </p>
   </div>
   <div class='ocr_carea' id='block_1_9' title="bbox 299 753 1892 836">
    <p class='ocr_par' dir='ltr' id='par_1_9' title="bbox 299 753 1892 836">
     <span class='ocr_line' id='line_1_9' title="bbox 299 753 1892 836; baseline 0.011 -30"><span class='ocrx_word' id='word_1_52' title='bbox 299 753 612 824; x_wconf 75' lang='grc' dir='ltr'>ἄνθρωπον,</span> <span class='ocrx_word' id='word_1_53' title='bbox 651 757 748 809; x_wconf 75' lang='grc' dir='ltr'>καὶ</span> <span class='ocrx_word' id='word_1_54' title='bbox 773 757 836 809; x_wconf 87' lang='grc' dir='ltr'><strong>οὐ</strong></span> <span class='ocrx_word' id='word_1_55' title='bbox 865 757 998 812; x_wconf 86' lang='grc' dir='ltr'>Θεόν</span> <span class='ocrx_word' id='word_1_56' title='bbox 1023 776 1037 790; x_wconf 90' lang='grc'><strong>·</strong></span> <span class='ocrx_word' id='word_1_57' title='bbox 1079 758 1114 832; x_wconf 73' lang='grc' dir='ltr'>ἢ</span> <span class='ocrx_word' id='word_1_58' title='bbox 1146 760 1268 816; x_wconf 72' lang='grc' dir='ltr'>οὔτε</span> <span class='ocrx_word' id='word_1_59' title='bbox 1299 763 1584 836; x_wconf 82' lang='grc' dir='ltr'>ἄνθρωπον</span> <span class='ocrx_word' id='word_1_60' title='bbox 1607 766 1732 823; x_wconf 74' lang='grc' dir='ltr'>οὔτε</span> <span class='ocrx_word' id='word_1_61' title='bbox 1757 769 1892 823; x_wconf 77' lang='grc' dir='ltr'>Θεὸν</span> 
     </span>
    </p>
   </div>
   <div class='ocr_carea' id='block_1_10' title="bbox 301 847 1892 933">
    <p class='ocr_par' dir='ltr' id='par_1_10' title="bbox 301 847 1892 933">
     <span class='ocr_line' id='line_1_10' title="bbox 301 847 1892 933; baseline 0.011 -35"><span class='ocrx_word' id='word_1_62' title='bbox 301 847 494 916; x_wconf 82' lang='grc' dir='ltr'>σαφῶς</span> <span class='ocrx_word' id='word_1_63' title='bbox 530 847 956 922; x_wconf 74' lang='grc' dir='ltr'>δογματίσομεν.</span> <span class='ocrx_word' id='word_1_64' title='bbox 987 847 1132 916; x_wconf 73' lang='grc' dir='ltr'>υἷον,</span> <span class='ocrx_word' id='word_1_65' title='bbox 1166 857 1215 909; x_wconf 84' lang='grc' dir='ltr'><strong>εί</strong></span> <span class='ocrx_word' id='word_1_66' title='bbox 1249 857 1350 925; x_wconf 77' lang='grc' dir='ltr'>μὲν</span> <span class='ocrx_word' id='word_1_67' title='bbox 1381 859 1608 926; x_wconf 75' lang='grc' dir='ltr'>φυσικὸν</span> <span class='ocrx_word' id='word_1_68' title='bbox 1634 861 1696 915; x_wconf 82' lang='grc' dir='ltr'><strong>τὸ</strong></span> <span class='ocrx_word' id='word_1_69' title='bbox 1733 861 1892 933; x_wconf 79' lang='grc' dir='ltr'>θέλη-</span> 
     </span>
    </p>
   </div>
   <div class='ocr_carea' id='block_1_11' title="bbox 303 937 1891 1022">
    <p class='ocr_par' dir='ltr' id='par_1_11' title="bbox 303 937 1891 1022">
     <span class='ocr_line' id='line_1_11' title="bbox 303 937 1891 1022; baseline 0.012 -34"><span class='ocrx_word' id='word_1_70' title='bbox 303 952 380 1005; x_wconf 87' lang='grc' dir='ltr'><strong>μα</strong></span> <span class='ocrx_word' id='word_1_71' title='bbox 407 937 572 1007; x_wconf 85' lang='grc' dir='ltr'>τυχὸν</span> <span class='ocrx_word' id='word_1_72' title='bbox 616 939 888 1011; x_wconf 72' lang='grc' dir='ltr'>εἴποιμεν,</span> <span class='ocrx_word' id='word_1_73' title='bbox 939 941 971 1012; x_wconf 82' lang='grc' dir='ltr'>ἢ</span> <span class='ocrx_word' id='word_1_74' title='bbox 1020 941 1164 996; x_wconf 86' lang='grc' dir='ltr'>θεῖον</span> <span class='ocrx_word' id='word_1_75' title='bbox 1204 947 1507 1019; x_wconf 83' lang='grc' dir='ltr'>πάντως,ῆ</span> <span class='ocrx_word' id='word_1_76' title='bbox 1548 950 1891 1022; x_wconf 80' lang='grc' dir='ltr'>ἀνθρώπινον</span> 
     </span>
    </p>
   </div>
   <div class='ocr_carea' id='block_1_12' title="bbox 304 1027 1890 1112">
    <p class='ocr_par' dir='ltr' id='par_1_12' title="bbox 304 1027 1890 1112">
     <span class='ocr_line' id='line_1_12' title="bbox 304 1027 1890 1112; baseline 0.013 -34"><span class='ocrx_word' id='word_1_77' title='bbox 304 1027 465 1082; x_wconf 76' lang='grc' dir='ltr'>τοῦτό</span> <span class='ocrx_word' id='word_1_78' title='bbox 507 1031 644 1082; x_wconf 81' lang='grc' dir='ltr'>ἐστι·</span> <span class='ocrx_word' id='word_1_79' title='bbox 677 1031 771 1084; x_wconf 79' lang='grc' dir='ltr'><strong>καὶ</strong></span> <span class='ocrx_word' id='word_1_80' title='bbox 811 1033 860 1084; x_wconf 73' lang='grc' dir='ltr'><strong>εί</strong></span> <span class='ocrx_word' id='word_1_81' title='bbox 909 1033 1073 1098; x_wconf 82' lang='grc' dir='ltr'>θεῖον,</span> <span class='ocrx_word' id='word_1_82' title='bbox 1107 1035 1175 1088; x_wconf 85' lang='grc' dir='ltr'><strong>τὰ</strong></span> <span class='ocrx_word' id='word_1_83' title='bbox 1201 1035 1323 1090; x_wconf 86' lang='grc' dir='ltr'>θεῖα</span> <span class='ocrx_word' id='word_1_84' title='bbox 1367 1041 1487 1094; x_wconf 80' lang='grc' dir='ltr'>κατ’</span> <span class='ocrx_word' id='word_1_85' title='bbox 1513 1040 1646 1094; x_wconf 83' lang='grc' dir='ltr'>αὐτὸ</span> <span class='ocrx_word' id='word_1_86' title='bbox 1674 1041 1890 1112; x_wconf 74' lang='grc' dir='ltr'>θελήσει</span> 
     </span>
    </p>
   </div>
   <div class='ocr_carea' id='block_1_13' title="bbox 301 1119 1889 1206">
    <p class='ocr_par' dir='ltr' id='par_1_13' title="bbox 301 1119 1889 1206">
     <span class='ocr_line' id='line_1_13' title="bbox 301 1119 1889 1206; baseline 0.011 -36"><span class='ocrx_word' id='word_1_87' title='bbox 301 1119 552 1187; x_wconf 77' lang='grc' dir='ltr'><strong>φυσικῶς</strong></span> <span class='ocrx_word' id='word_1_88' title='bbox 596 1123 624 1173; x_wconf 87' lang='grc' dir='ltr'><strong>ὁ</strong></span> <span class='ocrx_word' id='word_1_89' title='bbox 662 1121 834 1192; x_wconf 83' lang='grc' dir='ltr'><strong>Λόγος</strong></span> <span class='ocrx_word' id='word_1_90' title='bbox 860 1141 876 1156; x_wconf 76' lang='grc' dir='ltr'><strong>ο</strong></span> <span class='ocrx_word' id='word_1_91' title='bbox 917 1124 1052 1178; x_wconf 82' lang='grc' dir='ltr'>Θεὸν</span> <span class='ocrx_word' id='word_1_92' title='bbox 1093 1127 1252 1196; x_wconf 82' lang='grc' dir='ltr'>φύσει</span> <span class='ocrx_word' id='word_1_93' title='bbox 1295 1130 1458 1200; x_wconf 76' lang='grc' dir='ltr'>μόνον</span> <span class='ocrx_word' id='word_1_94' title='bbox 1501 1133 1595 1188; x_wconf 80' lang='grc' dir='ltr'><strong>καὶ</strong></span> <span class='ocrx_word' id='word_1_95' title='bbox 1627 1134 1889 1206; x_wconf 83' lang='grc' dir='ltr'>συνθελη-</span> 
     </span>
    </p>
   </div>
   <div class='ocr_carea' id='block_1_14' title="bbox 301 1211 1886 1289">
    <p class='ocr_par' dir='ltr' id='par_1_14' title="bbox 301 1211 1886 1289">
     <span class='ocr_line' id='line_1_14' title="bbox 301 1211 1886 1289; baseline 0.013 -26"><span class='ocrx_word' id='word_1_96' title='bbox 301 1211 402 1282; x_wconf 76' lang='grc' dir='ltr'>τὴν</span> <span class='ocrx_word' id='word_1_97' title='bbox 448 1211 528 1282; x_wconf 83' lang='grc' dir='ltr'><strong>τῷ</strong></span> <span class='ocrx_word' id='word_1_98' title='bbox 572 1213 689 1284; x_wconf 87' lang='grc' dir='ltr'>ίδίῳ</span> <span class='ocrx_word' id='word_1_99' title='bbox 722 1216 1010 1287; x_wconf 86' lang='grc' dir='ltr'>γεννήτορι</span> <span class='ocrx_word' id='word_1_100' title='bbox 1057 1219 1272 1284; x_wconf 85' lang='grc' dir='ltr'>δεικνὺς</span> <span class='ocrx_word' id='word_1_101' title='bbox 1299 1223 1517 1289; x_wconf 78' lang='grc' dir='ltr'>ἑαυτὸν,</span> <span class='ocrx_word' id='word_1_102' title='bbox 1552 1227 1648 1280; x_wconf 74' lang='lat' dir='ltr'><strong>ml.</strong></span> <span class='ocrx_word' id='word_1_103' title='bbox 1672 1227 1772 1282; x_wconf 81' lang='grc' dir='ltr'><strong>οὐκ</strong></span> <span class='ocrx_word' id='word_1_104' title='bbox 1799 1228 1886 1282; x_wconf 82' lang='grc' dir='ltr'><strong>ἇν-</strong></span> 
     </span>
    </p>
   </div>
   <div class='ocr_carea' id='block_1_15' title="bbox 301 1303 1886 1382">
    <p class='ocr_par' dir='ltr' id='par_1_15' title="bbox 301 1303 1886 1382">
     <span class='ocr_line' id='line_1_15' title="bbox 301 1303 1886 1382; baseline 0.011 -27"><span class='ocrx_word' id='word_1_105' title='bbox 301 1303 524 1374; x_wconf 85' lang='grc' dir='ltr'>θρωπον</span> <span class='ocrx_word' id='word_1_106' title='bbox 543 1321 556 1336; x_wconf 90' lang='grc'><strong>·</strong></span> <span class='ocrx_word' id='word_1_107' title='bbox 595 1305 656 1358; x_wconf 84' lang='grc' dir='ltr'><strong>οὐ</strong></span> <span class='ocrx_word' id='word_1_108' title='bbox 699 1307 808 1378; x_wconf 83' lang='grc' dir='ltr'><strong>γάρ</strong></span> <span class='ocrx_word' id='word_1_109' title='bbox 843 1309 1058 1378; x_wconf 83' lang='grc' dir='ltr'>πέφυκε</span> <span class='ocrx_word' id='word_1_110' title='bbox 1079 1310 1169 1365; x_wconf 80' lang='grc' dir='ltr'><strong>διὰ</strong></span> <span class='ocrx_word' id='word_1_111' title='bbox 1190 1312 1282 1365; x_wconf 82' lang='grc' dir='ltr'>τοῦ</span> <span class='ocrx_word' id='word_1_112' title='bbox 1308 1315 1470 1382; x_wconf 80' lang='grc' dir='ltr'>φύσει</span> <span class='ocrx_word' id='word_1_113' title='bbox 1501 1315 1668 1382; x_wconf 80' lang='grc' dir='ltr'>θείου,</span> <span class='ocrx_word' id='word_1_114' title='bbox 1698 1319 1760 1372; x_wconf 75' lang='grc' dir='ltr'><strong>τὸ</strong></span> <span class='ocrx_word' id='word_1_115' title='bbox 1785 1318 1886 1372; x_wconf 70' lang='grc' dir='ltr'><strong>ἀνι·</strong></span> 
     </span>
    </p>
   </div>
   <div class='ocr_carea' id='block_1_16' title="bbox 301 1395 1888 1481">
    <p class='ocr_par' dir='ltr' id='par_1_16' title="bbox 301 1395 1888 1481">
     <span class='ocr_line' id='line_1_16' title="bbox 301 1395 1888 1481; baseline 0.011 -32"><span class='ocrx_word' id='word_1_116' title='bbox 301 1395 577 1468; x_wconf 82' lang='grc' dir='ltr'>θρὼπινον</span> <span class='ocrx_word' id='word_1_117' title='bbox 619 1398 779 1466; x_wconf 84' lang='grc' dir='ltr'>φύσει</span> <span class='ocrx_word' id='word_1_118' title='bbox 828 1403 1339 1474; x_wconf 74' lang='grc' dir='ltr'>χαρακτηρίζεσθαι</span> <span class='ocrx_word' id='word_1_119' title='bbox 1363 1425 1376 1438; x_wconf 75' lang='grc'><strong><em>⁸</em></strong></span> <span class='ocrx_word' id='word_1_120' title='bbox 1414 1406 1606 1481; x_wconf 83' lang='grc' dir='ltr'>ὥσπερ</span> <span class='ocrx_word' id='word_1_121' title='bbox 1649 1411 1771 1466; x_wconf 79' lang='grc' dir='ltr'>οὐδὲ</span> <span class='ocrx_word' id='word_1_122' title='bbox 1799 1412 1888 1466; x_wconf 84' lang='grc' dir='ltr'><strong>διὰ</strong></span> 
     </span>
    </p>
   </div>
   <div class='ocr_carea' id='block_1_17' title="bbox 298 1488 1889 1564">
    <p class='ocr_par' dir='ltr' id='par_1_17' title="bbox 298 1488 1889 1564">
     <span class='ocr_line' id='line_1_17' title="bbox 298 1488 1889 1564; baseline 0.011 -24"><span class='ocrx_word' id='word_1_123' title='bbox 298 1488 395 1541; x_wconf 78' lang='grc' dir='ltr'>τοῦ</span> <span class='ocrx_word' id='word_1_124' title='bbox 435 1488 558 1543; x_wconf 83' lang='grc' dir='ltr'>κατ’</span> <span class='ocrx_word' id='word_1_125' title='bbox 604 1490 796 1544; x_wconf 86' lang='grc' dir='ltr'>οὐσίαν</span> <span class='ocrx_word' id='word_1_126' title='bbox 842 1491 1215 1564; x_wconf 83' lang='grc' dir='ltr'><strong>ἀνθρωπίνου,</strong></span> <span class='ocrx_word' id='word_1_127' title='bbox 1248 1498 1309 1550; x_wconf 84' lang='grc' dir='ltr'>τὸ</span> <span class='ocrx_word' id='word_1_128' title='bbox 1353 1499 1474 1554; x_wconf 82' lang='grc' dir='ltr'>κατ’</span> <span class='ocrx_word' id='word_1_129' title='bbox 1513 1501 1699 1554; x_wconf 84' lang='grc' dir='ltr'>οὐσίαν</span> <span class='ocrx_word' id='word_1_130' title='bbox 1745 1502 1889 1558; x_wconf 86' lang='grc' dir='ltr'>θεῖον</span> 
     </span>
    </p>
   </div>
   <div class='ocr_carea' id='block_1_18' title="bbox 300 1577 1891 1663">
    <p class='ocr_par' dir='ltr' id='par_1_18' title="bbox 300 1577 1891 1663">
     <span class='ocr_line' id='line_1_18' title="bbox 300 1577 1891 1663; baseline 0.012 -33"><span class='ocrx_word' id='word_1_131' title='bbox 300 1577 694 1650; x_wconf 80' lang='grc' dir='ltr'>γνωρίζεσθαι.</span> <span class='ocrx_word' id='word_1_132' title='bbox 719 1580 894 1635; x_wconf 82' lang='grc' dir='ltr'>Τοῦτο</span> <span class='ocrx_word' id='word_1_133' title='bbox 921 1582 1006 1648; x_wconf 86' lang='grc' dir='ltr'><strong>δὲ,</strong></span> <span class='ocrx_word' id='word_1_134' title='bbox 1035 1586 1131 1638; x_wconf 82' lang='grc' dir='ltr'><strong>καὶ</strong></span> <span class='ocrx_word' id='word_1_135' title='bbox 1162 1587 1210 1639; x_wconf 87' lang='grc' dir='ltr'><strong>εί</strong></span> <span class='ocrx_word' id='word_1_136' title='bbox 1239 1587 1580 1662; x_wconf 84' lang='grc' dir='ltr'>ἀνθρώπινον</span> <span class='ocrx_word' id='word_1_137' title='bbox 1607 1593 1800 1663; x_wconf 79' lang='grc' dir='ltr'>ιρῶμεν</span> <span class='ocrx_word' id='word_1_138' title='bbox 1826 1596 1891 1650; x_wconf 80' lang='grc' dir='ltr'>τὸ</span> 
     </span>
    </p>
   </div>
   <div class='ocr_carea' id='block_1_19' title="bbox 304 1670 1886 1756">
    <p class='ocr_par' dir='ltr' id='par_1_19' title="bbox 304 1670 1886 1756">
     <span class='ocr_line' id='line_1_19' title="bbox 304 1670 1886 1756; baseline 0.013 -34"><span class='ocrx_word' id='word_1_139' title='bbox 304 1670 520 1743; x_wconf 74' lang='grc' dir='ltr'>θέλημα</span> <span class='ocrx_word' id='word_1_140' title='bbox 572 1673 758 1741; x_wconf 80' lang='grc' dir='ltr'>φύσει,</span> <span class='ocrx_word' id='word_1_141' title='bbox 812 1675 954 1728; x_wconf 82' lang='grc' dir='ltr'>κατὰ</span> <span class='ocrx_word' id='word_1_142' title='bbox 996 1675 1058 1729; x_wconf 87' lang='grc' dir='ltr'><strong>τὸ</strong></span> <span class='ocrx_word' id='word_1_143' title='bbox 1097 1677 1394 1734; x_wconf 81' lang='grc' dir='ltr'>ἀκόλουθον</span> <span class='ocrx_word' id='word_1_144' title='bbox 1460 1684 1886 1756; x_wconf 79' lang='grc' dir='ltr'><strong>συναχθήσεται.</strong></span> 
     </span>
    </p>
   </div>
   <div class='ocr_carea' id='block_1_20' title="bbox 1987 501 3572 580">
    <p class='ocr_par' dir='ltr' id='par_1_20' title="bbox 1987 501 3572 580">
     <span class='ocr_line' id='line_1_20' title="bbox 1987 501 3572 580; baseline 0.006 -25"><span class='ocrx_word' id='word_1_145' title='bbox 1987 501 2180 567; x_wconf 82' lang='lat' dir='ltr'><strong>tentia,</strong></span> <span class='ocrx_word' id='word_1_146' title='bbox 2208 503 2639 576; x_wconf 85' lang='lat' dir='ltr'><strong>essentialesque</strong></span> <span class='ocrx_word' id='word_1_147' title='bbox 2668 507 3018 575; x_wconf 88' lang='lat' dir='ltr'><strong>operationes</strong></span> <span class='ocrx_word' id='word_1_148' title='bbox 3049 509 3106 562; x_wconf 91' lang='lat' dir='ltr'><strong>in</strong></span> <span class='ocrx_word' id='word_1_149' title='bbox 3128 524 3240 564; x_wconf 87' lang='lat' dir='ltr'><strong>uno</strong></span> <span class='ocrx_word' id='word_1_150' title='bbox 3265 510 3572 580; x_wconf 85' lang='lat' dir='ltr'><strong>eodemque</strong></span> 
     </span>
    </p>
   </div>
   <div class='ocr_carea' id='block_1_21' title="bbox 1988 591 3574 666">
    <p class='ocr_par' dir='ltr' id='par_1_21' title="bbox 1988 591 3574 666">
     <span class='ocr_line' id='line_1_21' title="bbox 1988 591 3574 666; baseline 0.007 -20"><span class='ocrx_word' id='word_1_151' title='bbox 1988 591 2353 650; x_wconf 73' lang='lat' dir='ltr'><strong>conﬁteantur</strong></span> <span class='ocrx_word' id='word_1_152' title='bbox 2392 610 2458 651; x_wconf 90' lang='lat' dir='ltr'><strong>ac</strong></span> <span class='ocrx_word' id='word_1_153' title='bbox 2498 595 2874 654; x_wconf 83' lang='lat' dir='ltr'><strong>admittamus.</strong></span> <span class='ocrx_word' id='word_1_154' title='bbox 2911 600 3082 666; x_wconf 87' lang='lat' dir='ltr'><strong>Nam,</strong></span> <span class='ocrx_word' id='word_1_155' title='bbox 3115 602 3161 657; x_wconf 91' lang='lat' dir='ltr'><strong>si</strong></span> <span class='ocrx_word' id='word_1_156' title='bbox 3206 618 3373 656; x_wconf 87' lang='lat' dir='ltr'><strong>unam</strong></span> <span class='ocrx_word' id='word_1_157' title='bbox 3413 604 3470 656; x_wconf 88' lang='lat' dir='ltr'><strong>in</strong></span> <span class='ocrx_word' id='word_1_158' title='bbox 3505 619 3574 657; x_wconf 89' lang='lat' dir='ltr'><strong>eo</strong></span> 
     </span>
    </p>
   </div>
   <div class='ocr_carea' id='block_1_22' title="bbox 1988 685 3572 761">
    <p class='ocr_par' dir='ltr' id='par_1_22' title="bbox 1988 685 3572 761">
     <span class='ocr_line' id='line_1_22' title="bbox 1988 685 3572 761; baseline 0.006 -22"><span class='ocrx_word' id='word_1_159' title='bbox 1988 685 2333 742; x_wconf 74' lang='lat' dir='ltr'><strong>voluntatem</strong></span> <span class='ocrx_word' id='word_1_160' title='bbox 2515 705 2793 761; x_wconf 86' lang='lat' dir='ltr'><strong>unamque</strong></span> <span class='ocrx_word' id='word_1_161' title='bbox 2835 693 3210 761; x_wconf 79' lang='lat' dir='ltr'><strong>operationem</strong></span> <span class='ocrx_word' id='word_1_162' title='bbox 3251 695 3572 761; x_wconf 82' lang='lat' dir='ltr'><strong>dixerimus,</strong></span> 
     </span>
    </p>
   </div>
   <div class='ocr_carea' id='block_1_23' title="bbox 1988 780 3608 853">
    <p class='ocr_par' dir='ltr' id='par_1_23' title="bbox 1988 780 3608 853">
     <span class='ocr_line' id='line_1_23' title="bbox 1988 780 3608 853; baseline 0.007 -22"><span class='ocrx_word' id='word_1_163' title='bbox 1988 786 2087 832; x_wconf 91' lang='lat' dir='ltr'><strong>aut</strong></span> <span class='ocrx_word' id='word_1_164' title='bbox 2128 792 2259 832; x_wconf 90' lang='lat' dir='ltr'><strong>cum</strong></span> <span class='ocrx_word' id='word_1_165' title='bbox 2304 793 2418 836; x_wconf 87' lang='lat' dir='ltr'><strong>non</strong></span> <span class='ocrx_word' id='word_1_166' title='bbox 2464 780 2633 836; x_wconf 89' lang='lat' dir='ltr'><strong>etiam</strong></span> <span class='ocrx_word' id='word_1_167' title='bbox 2677 792 2868 838; x_wconf 88' lang='lat' dir='ltr'><strong>natura</strong></span> <span class='ocrx_word' id='word_1_168' title='bbox 2911 784 3224 853; x_wconf 82' lang='lat' dir='ltr'><strong>hominem,</strong></span> <span class='ocrx_word' id='word_1_169' title='bbox 3258 787 3355 842; x_wconf 87' lang='lat' dir='ltr'><strong>sed</strong></span> <span class='ocrx_word' id='word_1_170' title='bbox 3393 789 3608 846; x_wconf 60' lang='lat' dir='ltr'><strong>.solum‘</strong></span> 
     </span>
    </p>
   </div>
   <div class='ocr_carea' id='block_1_24' title="bbox 1990 869 3604 955">
    <p class='ocr_par' dir='ltr' id='par_1_24' title="bbox 1990 869 3604 955">
     <span class='ocr_line' id='line_1_24' title="bbox 1990 869 3604 955; baseline 0.009 -32"><span class='ocrx_word' id='word_1_171' title='bbox 1990 869 2188 936; x_wconf 87' lang='lat' dir='ltr'><strong>Deum,</strong></span> <span class='ocrx_word' id='word_1_172' title='bbox 2215 880 2312 926; x_wconf 92' lang='lat' dir='ltr'><strong>aut</strong></span> <span class='ocrx_word' id='word_1_173' title='bbox 2339 881 2538 927; x_wconf 88' lang='lat' dir='ltr'><strong>natura</strong></span> <span class='ocrx_word' id='word_1_174' title='bbox 2566 883 2779 930; x_wconf 89' lang='lat' dir='ltr'><strong>tantum</strong></span> <span class='ocrx_word' id='word_1_175' title='bbox 2813 876 3116 942; x_wconf 87' lang='lat' dir='ltr'><strong>hominem,</strong></span> <span class='ocrx_word' id='word_1_176' title='bbox 3144 888 3198 934; x_wconf 90' lang='lat' dir='ltr'><strong>et</strong></span> <span class='ocrx_word' id='word_1_177' title='bbox 3227 895 3339 934; x_wconf 85' lang='lat' dir='ltr'><strong>non</strong></span> <span class='ocrx_word' id='word_1_178' title='bbox 3364 874 3572 955; x_wconf 84' lang='lat' dir='ltr'><strong>Deum;</strong></span> <span class='ocrx_word' id='word_1_179' title='bbox 3602 922 3604 924; x_wconf 56' lang='grc' dir='ltr'><strong>τ</strong></span> 
     </span>
    </p>
   </div>
   <div class='ocr_carea' id='block_1_25' title="bbox 1990 962 3575 1040">
    <p class='ocr_par' dir='ltr' id='par_1_25' title="bbox 1990 962 3575 1040">
     <span class='ocr_line' id='line_1_25' title="bbox 1990 962 3575 1040; baseline 0.008 -26"><span class='ocrx_word' id='word_1_180' title='bbox 1990 968 2088 1014; x_wconf 90' lang='lat' dir='ltr'><strong>aut</strong></span> <span class='ocrx_word' id='word_1_181' title='bbox 2136 975 2318 1032; x_wconf 91' lang='lat' dir='ltr'><strong>neque</strong></span> <span class='ocrx_word' id='word_1_182' title='bbox 2373 962 2693 1030; x_wconf 85' lang='lat' dir='ltr'><strong>hominem,</strong></span> <span class='ocrx_word' id='word_1_183' title='bbox 2743 981 2922 1036; x_wconf 82' lang='lat' dir='ltr'><strong>neque</strong></span> <span class='ocrx_word' id='word_1_184' title='bbox 2972 968 3145 1023; x_wconf 90' lang='lat' dir='ltr'><strong>Deum</strong></span> <span class='ocrx_word' id='word_1_185' title='bbox 3195 985 3350 1036; x_wconf 84' lang='lat' dir='ltr'><strong>esse,</strong></span> <span class='ocrx_word' id='word_1_186' title='bbox 3393 973 3575 1040; x_wconf 81' lang='lat' dir='ltr'><strong>palam</strong></span> 
     </span>
    </p>
   </div>
   <div class='ocr_carea' id='block_1_26' title="bbox 1989 1052 3757 1127">
    <p class='ocr_par' dir='ltr' id='par_1_26' title="bbox 1989 1052 3757 1127">
     <span class='ocr_line' id='line_1_26' title="bbox 1989 1052 3757 1127; baseline 0.008 -22"><span class='ocrx_word' id='word_1_187' title='bbox 1989 1052 2394 1122; x_wconf 85' lang='lat' dir='ltr'><strong>proﬁtebimur.</strong></span> <span class='ocrx_word' id='word_1_188' title='bbox 2433 1055 2593 1120; x_wconf 87' lang='lat' dir='ltr'><strong>Puta,</strong></span> <span class='ocrx_word' id='word_1_189' title='bbox 2627 1056 2672 1110; x_wconf 88' lang='lat' dir='ltr'><strong>si</strong></span> <span class='ocrx_word' id='word_1_190' title='bbox 2711 1059 3020 1114; x_wconf 81' lang='lat' dir='ltr'><strong>naturalem</strong></span> <span class='ocrx_word' id='word_1_191' title='bbox 3057 1061 3198 1117; x_wconf 79' lang='lat' dir='ltr'><strong>forte</strong></span> <span class='ocrx_word' id='word_1_192' title='bbox 3236 1063 3573 1118; x_wconf 78' lang='lat' dir='ltr'><strong>voluntatem</strong></span> <span class='ocrx_word' id='word_1_193' title='bbox 3676 1070 3697 1127; x_wconf 59' lang='lat' dir='ltr'><em>f</em></span> <span class='ocrx_word' id='word_1_194' title='bbox 3725 1063 3757 1078; x_wconf 67' lang='grc'><strong><em>³</em></strong></span> 
     </span>
    </p>
   </div>
   <div class='ocr_carea' id='block_1_27' title="bbox 1989 1143 3646 1221">
    <p class='ocr_par' dir='ltr' id='par_1_27' title="bbox 1989 1143 3646 1221">
     <span class='ocr_line' id='line_1_27' title="bbox 1989 1143 3646 1221; baseline 0.009 -25"><span class='ocrx_word' id='word_1_195' title='bbox 1989 1143 2314 1211; x_wconf 80' lang='lat' dir='ltr'><strong>dixerimus,</strong></span> <span class='ocrx_word' id='word_1_196' title='bbox 2334 1145 2450 1202; x_wconf 66' lang='lat' dir='ltr'><strong>haec</strong></span> <span class='ocrx_word' id='word_1_197' title='bbox 2478 1155 2573 1201; x_wconf 90' lang='lat' dir='ltr'><strong>aut</strong></span> <span class='ocrx_word' id='word_1_198' title='bbox 2595 1147 2783 1202; x_wconf 86' lang='lat' dir='ltr'><strong>divina</strong></span> <span class='ocrx_word' id='word_1_199' title='bbox 2815 1165 3044 1220; x_wconf 86' lang='lat' dir='ltr'><strong>prorsus</strong></span> <span class='ocrx_word' id='word_1_200' title='bbox 3067 1161 3172 1216; x_wconf 88' lang='lat' dir='ltr'><strong>est,</strong></span> <span class='ocrx_word' id='word_1_201' title='bbox 3193 1163 3288 1208; x_wconf 87' lang='lat' dir='ltr'><strong>aut</strong></span> <span class='ocrx_word' id='word_1_202' title='bbox 3312 1155 3572 1221; x_wconf 81' lang='lat' dir='ltr'><strong>humana.</strong></span> <span class='ocrx_word' id='word_1_203' title='bbox 3643 1151 3646 1154; x_wconf 73' lang='grc'><em>’</em></span> 
     </span>
    </p>
   </div>
   <div class='ocr_carea' id='block_1_28' title="bbox 1989 1234 3570 1312">
    <p class='ocr_par' dir='ltr' id='par_1_28' title="bbox 1989 1234 3570 1312">
     <span class='ocr_line' id='line_1_28' title="bbox 1989 1234 3570 1312; baseline 0.006 -21"><span class='ocrx_word' id='word_1_204' title='bbox 1989 1234 2046 1291; x_wconf 90' lang='lat' dir='ltr'><strong>Si</strong></span> <span class='ocrx_word' id='word_1_205' title='bbox 2071 1235 2277 1302; x_wconf 88' lang='lat' dir='ltr'><strong>divina,</strong></span> <span class='ocrx_word' id='word_1_206' title='bbox 2297 1252 2363 1292; x_wconf 89' lang='lat' dir='ltr'><strong>ea</strong></span> <span class='ocrx_word' id='word_1_207' title='bbox 2385 1238 2626 1293; x_wconf 87' lang='lat' dir='ltr'><strong>Verbum</strong></span> <span class='ocrx_word' id='word_1_208' title='bbox 2655 1250 2853 1296; x_wconf 89' lang='lat' dir='ltr'><strong>natura</strong></span> <span class='ocrx_word' id='word_1_209' title='bbox 2878 1242 3027 1298; x_wconf 84' lang='lat' dir='ltr'><strong>volet</strong></span> <span class='ocrx_word' id='word_1_210' title='bbox 3050 1260 3172 1312; x_wconf 63' lang='lat' dir='ltr'><strong>qua:</strong></span> <span class='ocrx_word' id='word_1_211' title='bbox 3204 1254 3334 1300; x_wconf 85' lang='lat' dir='ltr'><strong>sunt</strong></span> <span class='ocrx_word' id='word_1_212' title='bbox 3358 1245 3570 1311; x_wconf 83' lang='lat' dir='ltr'><strong>divina;</strong></span> 
     </span>
    </p>
   </div>
   <div class='ocr_carea' id='block_1_29' title="bbox 1985 1330 3573 1407">
    <p class='ocr_par' dir='ltr' id='par_1_29' title="bbox 1985 1330 3573 1407">
     <span class='ocr_line' id='line_1_29' title="bbox 1985 1330 3573 1407; baseline 0.007 -25"><span class='ocrx_word' id='word_1_213' title='bbox 1985 1342 2047 1382; x_wconf 87' lang='lat' dir='ltr'><strong>se</strong></span> <span class='ocrx_word' id='word_1_214' title='bbox 2093 1335 2294 1383; x_wconf 83' lang='lat' dir='ltr'><strong>natura</strong></span> <span class='ocrx_word' id='word_1_215' title='bbox 2348 1330 2562 1396; x_wconf 84' lang='lat' dir='ltr'><strong>Deum,</strong></span> <span class='ocrx_word' id='word_1_216' title='bbox 2609 1331 2916 1404; x_wconf 80' lang='lat' dir='ltr'><strong>eademque</strong></span> <span class='ocrx_word' id='word_1_217' title='bbox 2965 1349 3030 1388; x_wconf 88' lang='lat' dir='ltr'><strong>ac</strong></span> <span class='ocrx_word' id='word_1_218' title='bbox 3076 1336 3236 1391; x_wconf 84' lang='lat' dir='ltr'><strong>Pater</strong></span> <span class='ocrx_word' id='word_1_219' title='bbox 3283 1339 3573 1407; x_wconf 67' lang='lat' dir='ltr'><strong>prmditum</strong></span> 
     </span>
    </p>
   </div>
   <div class='ocr_carea' id='block_1_30' title="bbox 1986 1411 3578 1490">
    <p class='ocr_par' dir='ltr' id='par_1_30' title="bbox 1986 1411 3578 1490">
     <span class='ocr_line' id='line_1_30' title="bbox 1986 1411 3578 1490; baseline 0.008 -18"><span class='ocrx_word' id='word_1_220' title='bbox 1986 1420 2291 1487; x_wconf 82' lang='lat' dir='ltr'><strong>voluntate,</strong></span> <span class='ocrx_word' id='word_1_221' title='bbox 2316 1420 2664 1478; x_wconf 79' lang='lat' dir='ltr'><strong>solummodo</strong></span> <span class='ocrx_word' id='word_1_222' title='bbox 2690 1423 3020 1490; x_wconf 87' lang='lat' dir='ltr'><strong>ostendens;</strong></span> <span class='ocrx_word' id='word_1_223' title='bbox 3053 1411 3170 1480; x_wconf 23' lang='lat' dir='ltr'><strong>non.</strong></span> <span class='ocrx_word' id='word_1_224' title='bbox 3191 1436 3377 1482; x_wconf 84' lang='lat' dir='ltr'><strong>autem</strong></span> <span class='ocrx_word' id='word_1_225' title='bbox 3401 1429 3578 1484; x_wconf 88' lang='lat' dir='ltr'><strong>homi-</strong></span> 
     </span>
    </p>
   </div>
   <div class='ocr_carea' id='block_1_31' title="bbox 1987 1508 3575 1582">
    <p class='ocr_par' dir='ltr' id='par_1_31' title="bbox 1987 1508 3575 1582">
     <span class='ocr_line' id='line_1_31' title="bbox 1987 1508 3575 1582; baseline 0.004 -21"><span class='ocrx_word' id='word_1_226' title='bbox 1987 1523 2135 1561; x_wconf 90' lang='lat' dir='ltr'><strong>nem.</strong></span> <span class='ocrx_word' id='word_1_227' title='bbox 2165 1508 2284 1562; x_wconf 87' lang='lat' dir='ltr'><strong>Non</strong></span> <span class='ocrx_word' id='word_1_228' title='bbox 2321 1509 2468 1564; x_wconf 90' lang='lat' dir='ltr'><strong>enim</strong></span> <span class='ocrx_word' id='word_1_229' title='bbox 2501 1525 2588 1566; x_wconf 88' lang='lat' dir='ltr'><strong>res</strong></span> <span class='ocrx_word' id='word_1_230' title='bbox 2621 1511 2850 1580; x_wconf 87' lang='lat' dir='ltr'><strong>patitur,</strong></span> <span class='ocrx_word' id='word_1_231' title='bbox 2880 1521 2941 1565; x_wconf 89' lang='lat' dir='ltr'><strong>ut</strong></span> <span class='ocrx_word' id='word_1_232' title='bbox 2971 1513 3119 1582; x_wconf 89' lang='lat' dir='ltr'><strong>quod</strong></span> <span class='ocrx_word' id='word_1_233' title='bbox 3153 1524 3350 1568; x_wconf 89' lang='lat' dir='ltr'><strong>natura</strong></span> <span class='ocrx_word' id='word_1_234' title='bbox 3379 1515 3575 1570; x_wconf 89' lang='lat' dir='ltr'><strong>huma-</strong></span> 
     </span>
    </p>
   </div>
   <div class='ocr_carea' id='block_1_32' title="bbox 1986 1600 3577 1672">
    <p class='ocr_par' dir='ltr' id='par_1_32' title="bbox 1986 1600 3577 1672">
     <span class='ocr_line' id='line_1_32' title="bbox 1986 1600 3577 1672; baseline 0.005 -22"><span class='ocrx_word' id='word_1_235' title='bbox 1986 1611 2118 1650; x_wconf 89' lang='lat' dir='ltr'><strong>num</strong></span> <span class='ocrx_word' id='word_1_236' title='bbox 2151 1607 2256 1662; x_wconf 91' lang='lat' dir='ltr'><strong>est,</strong></span> <span class='ocrx_word' id='word_1_237' title='bbox 2284 1605 2415 1652; x_wconf 89' lang='lat' dir='ltr'><strong>nota</strong></span> <span class='ocrx_word' id='word_1_238' title='bbox 2448 1600 2521 1654; x_wconf 86' lang='lat' dir='ltr'><strong>sit</strong></span> <span class='ocrx_word' id='word_1_239' title='bbox 2547 1615 2611 1655; x_wconf 90' lang='lat' dir='ltr'><strong>ac</strong></span> <span class='ocrx_word' id='word_1_240' title='bbox 2646 1601 2860 1672; x_wconf 79' lang='lat' dir='ltr'><strong>insigne</strong></span> <span class='ocrx_word' id='word_1_241' title='bbox 2908 1603 3029 1672; x_wconf 84' lang='lat' dir='ltr'><strong>ejus</strong></span> <span class='ocrx_word' id='word_1_242' title='bbox 3079 1603 3228 1671; x_wconf 84' lang='lat' dir='ltr'><strong>quod</strong></span> <span class='ocrx_word' id='word_1_243' title='bbox 3263 1612 3348 1659; x_wconf 88' lang='lat' dir='ltr'><strong>est</strong></span> <span class='ocrx_word' id='word_1_244' title='bbox 3378 1601 3577 1660; x_wconf 77' lang='lat' dir='ltr'><strong>natura</strong></span> 
     </span>
    </p>
   </div>
   <div class='ocr_carea' id='block_1_33' title="bbox 1987 1687 3627 1763">
    <p class='ocr_par' dir='ltr' id='par_1_33' title="bbox 1987 1687 3627 1763">
     <span class='ocr_line' id='line_1_33' title="bbox 1987 1687 3627 1763; baseline 0.003 -20"><span class='ocrx_word' id='word_1_245' title='bbox 1987 1687 2269 1744; x_wconf 85' lang='lat' dir='ltr'><strong>divinum:</strong></span> <span class='ocrx_word' id='word_1_246' title='bbox 2315 1691 2394 1744; x_wconf 91' lang='lat' dir='ltr'><strong>uti</strong></span> <span class='ocrx_word' id='word_1_247' title='bbox 2435 1706 2634 1760; x_wconf 83' lang='lat' dir='ltr'><strong>neque,</strong></span> <span class='ocrx_word' id='word_1_248' title='bbox 2666 1700 2729 1746; x_wconf 85' lang='lat' dir='ltr'><strong>ut</strong></span> <span class='ocrx_word' id='word_1_249' title='bbox 2767 1691 2912 1763; x_wconf 84' lang='lat' dir='ltr'><strong>quod</strong></span> <span class='ocrx_word' id='word_1_250' title='bbox 2952 1691 3202 1746; x_wconf 86' lang='lat' dir='ltr'><strong>divinum</strong></span> <span class='ocrx_word' id='word_1_251' title='bbox 3245 1701 3480 1763; x_wconf 6' lang='lat' dir='ltr'><strong>est,gper</strong></span> <span class='ocrx_word' id='word_1_252' title='bbox 3522 1695 3575 1749; x_wconf 85' lang='lat' dir='ltr'><strong>id</strong></span> <span class='ocrx_word' id='word_1_253' title='bbox 3625 1719 3627 1722; x_wconf 34' lang='grc'><em>⁴</em></span> 
     </span>
    </p>
   </div>
   <div class='ocr_carea' id='block_1_34' title="bbox 301 1746 1891 1862">
    <p class='ocr_par' dir='ltr' id='par_1_34' title="bbox 301 1746 1886 1843">
     <span class='ocr_line' id='line_1_34' title="bbox 301 1746 1886 1843; baseline 0.011 -28"><span class='ocrx_word' id='word_1_254' title='bbox 301 1759 364 1815; x_wconf 73' lang='lat' dir='ltr'><strong>Ei</strong></span> <span class='ocrx_word' id='word_1_255' title='bbox 401 1759 458 1813; x_wconf 82' lang='grc' dir='ltr'>δὲ</span> <span class='ocrx_word' id='word_1_256' title='bbox 502 1760 887 1828; x_wconf 79' lang='grc' dir='ltr'>ὑποστατικδν,</span> <span class='ocrx_word' id='word_1_257' title='bbox 932 1764 1034 1836; x_wconf 81' lang='grc' dir='ltr'>τῆς</span> <span class='ocrx_word' id='word_1_258' title='bbox 1076 1767 1242 1820; x_wconf 81' lang='grc' dir='ltr'>αὐτοῦ</span> <span class='ocrx_word' id='word_1_259' title='bbox 1300 1770 1470 1842; x_wconf 77' lang='grc' dir='ltr'>μόνης</span> <span class='ocrx_word' id='word_1_260' title='bbox 1535 1746 1886 1843; x_wconf 72' lang='grc' dir='ltr'>ὑποστάσεως</span> 
     </span>
    </p>
   </div>
   <div class='ocr_carea' id='block_1_35' title="bbox 1990 1746 3642 1862">
    <p class='ocr_par' dir='ltr' id='par_1_35' title="bbox 1990 1777 3642 1862">
     <span class='ocr_line' id='line_1_35' title="bbox 1990 1777 3642 1862; baseline 0.005 -31"><span class='ocrx_word' id='word_1_261' title='bbox 1990 1777 2135 1846; x_wconf 89' lang='lat' dir='ltr'><strong>quod</strong></span> <span class='ocrx_word' id='word_1_262' title='bbox 2173 1787 2260 1832; x_wconf 91' lang='lat' dir='ltr'><strong>est</strong></span> <span class='ocrx_word' id='word_1_263' title='bbox 2298 1781 2668 1837; x_wconf 85' lang='lat' dir='ltr'><strong>essentialiter</strong></span> <span class='ocrx_word' id='word_1_264' title='bbox 2705 1781 3009 1836; x_wconf 87' lang='lat' dir='ltr'><strong>humanum</strong></span> <span class='ocrx_word' id='word_1_265' title='bbox 3049 1794 3428 1854; x_wconf 80' lang='lat' dir='ltr'><strong>cognoscatur.</strong></span> <span class='ocrx_word' id='word_1_266' title='bbox 3462 1785 3577 1840; x_wconf 78' lang='lat' dir='ltr'><strong>Hoc</strong></span> <span class='ocrx_word' id='word_1_267' title='bbox 3613 1816 3642 1862; x_wconf 16' lang='lat' dir='ltr'><strong>tv</strong></span> 
     </span>
    </p>
   </div>
   <div class='ocr_carea' id='block_1_36' title="bbox 301 1848 1890 1924">
    <p class='ocr_par' dir='ltr' id='par_1_36' title="bbox 301 1848 1890 1924">
     <span class='ocr_line' id='line_1_36' title="bbox 301 1848 1890 1924; baseline 0.014 -23"><span class='ocrx_word' id='word_1_268' title='bbox 301 1848 460 1904; x_wconf 70' lang='grc' dir='ltr'>ἔσται</span> <span class='ocrx_word' id='word_1_269' title='bbox 518 1855 1048 1924; x_wconf 63' lang='grc' dir='ltr'>χαρακτηριστικὼ·</span> <span class='ocrx_word' id='word_1_270' title='bbox 1099 1858 1198 1910; x_wconf 78' lang='grc' dir='ltr'>καὶ</span> <span class='ocrx_word' id='word_1_271' title='bbox 1243 1858 1431 1914; x_wconf 67' lang='grc' dir='ltr'>οὔποτ’</span> <span class='ocrx_word' id='word_1_272' title='bbox 1485 1861 1554 1917; x_wconf 73' lang='grc' dir='ltr'>ἂν</span> <span class='ocrx_word' id='word_1_273' title='bbox 1592 1866 1714 1922; x_wconf 80' lang='grc' dir='ltr'>κατ’</span> <span class='ocrx_word' id='word_1_274' title='bbox 1755 1868 1890 1923; x_wconf 76' lang='grc' dir='ltr'>αὐτὸ</span> 
     </span>
    </p>
   </div>
   <div class='ocr_carea' id='block_1_37' title="bbox 303 1943 1888 2028">
    <p class='ocr_par' dir='ltr' id='par_1_37' title="bbox 303 1943 1888 2028">
     <span class='ocr_line' id='line_1_37' title="bbox 303 1943 1888 2028; baseline 0.012 -32"><span class='ocrx_word' id='word_1_275' title='bbox 303 1943 614 2017; x_wconf 82' lang='grc' dir='ltr'>κοινωνήσῃ</span> <span class='ocrx_word' id='word_1_276' title='bbox 665 1945 844 2016; x_wconf 78' lang='grc' dir='ltr'>Πατρὶ</span> <span class='ocrx_word' id='word_1_277' title='bbox 889 1946 986 2000; x_wconf 74' lang='grc' dir='ltr'>καὶ</span> <span class='ocrx_word' id='word_1_278' title='bbox 1035 1947 1198 2018; x_wconf 74' lang='grc' dir='ltr'>ἡμῖν·</span> <span class='ocrx_word' id='word_1_279' title='bbox 1234 1951 1344 2005; x_wconf 88' lang='grc' dir='ltr'><strong>τῶν</strong></span> <span class='ocrx_word' id='word_1_280' title='bbox 1378 1953 1488 2024; x_wconf 78' lang='grc' dir='ltr'>γὰρ</span> <span class='ocrx_word' id='word_1_281' title='bbox 1532 1955 1718 2028; x_wconf 77' lang='grc' dir='ltr'>ἄκρων</span> <span class='ocrx_word' id='word_1_282' title='bbox 1751 1961 1888 2020; x_wconf 77' lang='grc' dir='ltr'>ὑπο-</span> 
     </span>
    </p>
   </div>
   <div class='ocr_carea' id='block_1_38' title="bbox 302 2036 1886 2115">
    <p class='ocr_par' dir='ltr' id='par_1_38' title="bbox 302 2036 1886 2115">
     <span class='ocr_line' id='line_1_38' title="bbox 302 2036 1886 2115; baseline 0.013 -27"><span class='ocrx_word' id='word_1_283' title='bbox 302 2037 497 2090; x_wconf 79' lang='grc' dir='ltr'>στάσει</span> <span class='ocrx_word' id='word_1_284' title='bbox 554 2036 928 2092; x_wconf 75' lang='grc' dir='ltr'><strong>διαστέλλεται</strong></span> <span class='ocrx_word' id='word_1_285' title='bbox 977 2042 1076 2094; x_wconf 77' lang='grc' dir='ltr'><strong>καὶ</strong></span> <span class='ocrx_word' id='word_1_286' title='bbox 1122 2043 1439 2115; x_wconf 70' lang='grc' dir='ltr'><strong>χωρίζεται.</strong></span> <span class='ocrx_word' id='word_1_287' title='bbox 1497 2047 1580 2103; x_wconf 78' lang='grc' dir='ltr'><strong>Τὰ</strong></span> <span class='ocrx_word' id='word_1_288' title='bbox 1629 2050 1774 2108; x_wconf 82' lang='grc' dir='ltr'>αὐτὰ</span> <span class='ocrx_word' id='word_1_289' title='bbox 1827 2053 1886 2107; x_wconf 84' lang='grc' dir='ltr'>δὲ</span> 
     </span>
    </p>
   </div>
   <div class='ocr_carea' id='block_1_39' title="bbox 300 2128 1478 2202">
    <p class='ocr_par' dir='ltr' id='par_1_39' title="bbox 300 2128 1478 2202">
     <span class='ocr_line' id='line_1_39' title="bbox 300 2128 1478 2202; baseline 0.011 -21"><span class='ocrx_word' id='word_1_290' title='bbox 300 2128 468 2184; x_wconf 85' lang='grc' dir='ltr'>πάλιν</span> <span class='ocrx_word' id='word_1_291' title='bbox 496 2129 740 2198; x_wconf 71' lang='grc' dir='ltr'>καὶπερὶ</span> <span class='ocrx_word' id='word_1_292' title='bbox 775 2131 1070 2202; x_wconf 76' lang='grc' dir='ltr'>ἐνεργειῶν</span> <span class='ocrx_word' id='word_1_293' title='bbox 1101 2134 1249 2188; x_wconf 79' lang='grc' dir='ltr'>εστιν</span> <span class='ocrx_word' id='word_1_294' title='bbox 1281 2135 1478 2194; x_wconf 73' lang='grc' dir='ltr'>εἰπεῖνῖ</span> 
     </span>
    </p>
   </div>
   <div class='ocr_carea' id='block_1_40' title="bbox 1985 1864 3574 1954">
    <p class='ocr_par' dir='ltr' id='par_1_40' title="bbox 1985 1864 3574 1954">
     <span class='ocr_line' id='line_1_40' title="bbox 1985 1864 3574 1954; baseline 0.006 -32"><span class='ocrx_word' id='word_1_295' title='bbox 1985 1883 2119 1924; x_wconf 83' lang='lat' dir='ltr'><strong>vero</strong></span> <span class='ocrx_word' id='word_1_296' title='bbox 2146 1870 2326 1940; x_wconf 83' lang='lat' dir='ltr'><strong>ipsum</strong></span> <span class='ocrx_word' id='word_1_297' title='bbox 2351 1882 2756 1942; x_wconf 82' lang='lat' dir='ltr'><strong>consequenter</strong></span> <span class='ocrx_word' id='word_1_298' title='bbox 2779 1872 2893 1939; x_wconf 84' lang='lat' dir='ltr'><strong>ﬁat,</strong></span> <span class='ocrx_word' id='word_1_299' title='bbox 2913 1873 2958 1928; x_wconf 92' lang='lat' dir='ltr'><strong>si</strong></span> <span class='ocrx_word' id='word_1_300' title='bbox 2985 1881 3043 1929; x_wconf 92' lang='lat' dir='ltr'><strong>et</strong></span> <span class='ocrx_word' id='word_1_301' title='bbox 3061 1883 3264 1954; x_wconf 83' lang='lat' dir='ltr'><strong>natura</strong></span> <span class='ocrx_word' id='word_1_302' title='bbox 3280 1864 3574 1931; x_wconf 85' lang='lat' dir='ltr'><strong>humanam</strong></span> 
     </span>
    </p>
   </div>
   <div class='ocr_carea' id='block_1_41' title="bbox 1985 1964 3574 2036">
    <p class='ocr_par' dir='ltr' id='par_1_41' title="bbox 1985 1964 3574 2036">
     <span class='ocr_line' id='line_1_41' title="bbox 1985 1964 3574 2036; baseline 0.006 -20"><span class='ocrx_word' id='word_1_303' title='bbox 1985 1964 2324 2023; x_wconf 77' lang='lat' dir='ltr'><strong>voluntatem</strong></span> <span class='ocrx_word' id='word_1_304' title='bbox 2349 1966 2674 2021; x_wconf 75' lang='lat' dir='ltr'><strong>dixerimus.</strong></span> <span class='ocrx_word' id='word_1_305' title='bbox 2700 1965 2798 2020; x_wconf 88' lang='lat' dir='ltr'><strong>Sin</strong></span> <span class='ocrx_word' id='word_1_306' title='bbox 2831 1976 3019 2022; x_wconf 88' lang='lat' dir='ltr'><strong>autem</strong></span> <span class='ocrx_word' id='word_1_307' title='bbox 3048 1969 3391 2036; x_wconf 88' lang='lat' dir='ltr'><strong>personalcm</strong></span> <span class='ocrx_word' id='word_1_308' title='bbox 3421 1969 3574 2026; x_wconf 87' lang='lat' dir='ltr'><strong>dica-</strong></span> 
     </span>
    </p>
   </div>
   <div class='ocr_carea' id='block_1_42' title="bbox 1985 2051 3576 2132">
    <p class='ocr_par' dir='ltr' id='par_1_42' title="bbox 1985 2051 3576 2132">
     <span class='ocr_line' id='line_1_42' title="bbox 1985 2051 3576 2132; baseline 0.006 -24"><span class='ocrx_word' id='word_1_309' title='bbox 1985 2051 2141 2120; x_wconf 55' lang='lat' dir='ltr'><strong>mus‘;</strong></span> <span class='ocrx_word' id='word_1_310' title='bbox 2191 2057 2316 2126; x_wconf 82' lang='lat' dir='ltr'><strong>ejus</strong></span> <span class='ocrx_word' id='word_1_311' title='bbox 2352 2055 2622 2112; x_wconf 81' lang='lat' dir='ltr'><strong>duntaxat</strong></span> <span class='ocrx_word' id='word_1_312' title='bbox 2667 2072 2920 2126; x_wconf 70' lang='lat' dir='ltr'><strong>personae</strong></span> <span class='ocrx_word' id='word_1_313' title='bbox 2965 2066 3097 2113; x_wconf 85' lang='lat' dir='ltr'><strong>nota</strong></span> <span class='ocrx_word' id='word_1_314' title='bbox 3148 2067 3315 2130; x_wconf 87' lang='lat' dir='ltr'><strong>atque</strong></span> <span class='ocrx_word' id='word_1_315' title='bbox 3363 2061 3576 2132; x_wconf 80' lang='lat' dir='ltr'><strong>insigne</strong></span> 
     </span>
    </p>
   </div>
   <div class='ocr_carea' id='block_1_43' title="bbox 1985 2147 3579 2222">
    <p class='ocr_par' dir='ltr' id='par_1_43' title="bbox 1985 2147 3579 2222">
     <span class='ocr_line' id='line_1_43' title="bbox 1985 2147 3579 2222; baseline 0.006 -23"><span class='ocrx_word' id='word_1_316' title='bbox 1985 2147 2126 2211; x_wconf 88' lang='lat' dir='ltr'><strong>erit;</strong></span> <span class='ocrx_word' id='word_1_317' title='bbox 2167 2163 2270 2202; x_wconf 89' lang='lat' dir='ltr'><strong>nec</strong></span> <span class='ocrx_word' id='word_1_318' title='bbox 2307 2148 2615 2203; x_wconf 87' lang='lat' dir='ltr'><strong>secundum</strong></span> <span class='ocrx_word' id='word_1_319' title='bbox 2651 2164 2772 2203; x_wconf 87' lang='lat' dir='ltr'><strong>eam</strong></span> <span class='ocrx_word' id='word_1_320' title='bbox 2816 2165 2942 2204; x_wconf 89' lang='lat' dir='ltr'><strong>cum</strong></span> <span class='ocrx_word' id='word_1_321' title='bbox 2986 2151 3147 2206; x_wconf 86' lang='lat' dir='ltr'><strong>Patre</strong></span> <span class='ocrx_word' id='word_1_322' title='bbox 3185 2163 3349 2222; x_wconf 90' lang='lat' dir='ltr'><strong>atque</strong></span> <span class='ocrx_word' id='word_1_323' title='bbox 3389 2155 3579 2209; x_wconf 89' lang='lat' dir='ltr'><strong>nobis-</strong></span> 
     </span>
    </p>
   </div>
   <div class='ocr_carea' id='block_1_44' title="bbox 299 2218 3580 2312">
    <p class='ocr_par' dir='ltr' id='par_1_44' title="bbox 299 2218 3580 2312">
     <span class='ocr_line' id='line_1_44' title="bbox 299 2218 3580 2312; baseline 0.007 -40"><span class='ocrx_word' id='word_1_324' title='bbox 299 2233 429 2274; x_wconf 76' lang='lat' dir='ltr'><strong>cum</strong></span> <span class='ocrx_word' id='word_1_325' title='bbox 473 2218 777 2290; x_wconf 80' lang='lat' dir='ltr'><strong>quidquam</strong></span> <span class='ocrx_word' id='word_1_326' title='bbox 829 2223 1286 2280; x_wconf 75' lang='lat' dir='ltr'><strong>communicabit.</strong></span> <span class='ocrx_word' id='word_1_327' title='bbox 1334 2226 1576 2287; x_wconf 88' lang='lat' dir='ltr'><strong>Persona</strong></span> <span class='ocrx_word' id='word_1_328' title='bbox 1625 2229 1774 2286; x_wconf 90' lang='lat' dir='ltr'><strong>enim</strong></span> <span class='ocrx_word' id='word_1_329' title='bbox 1823 2230 1892 2286; x_wconf 89' lang='lat' dir='ltr'><strong>ah</strong></span> <span class='ocrx_word' id='word_1_330' title='bbox 1928 2233 2193 2290; x_wconf 83' lang='lat' dir='ltr'><strong>extremis</strong></span> <span class='ocrx_word' id='word_1_331' title='bbox 2252 2234 2590 2294; x_wconf 88' lang='lat' dir='ltr'><strong>discernitur</strong></span> <span class='ocrx_word' id='word_1_332' title='bbox 2617 2251 2682 2292; x_wconf 89' lang='lat' dir='ltr'><strong>ac</strong></span> <span class='ocrx_word' id='word_1_333' title='bbox 2711 2237 3038 2310; x_wconf 87' lang='lat' dir='ltr'><strong>sejungitur.</strong></span> <span class='ocrx_word' id='word_1_334' title='bbox 3099 2239 3230 2306; x_wconf 75' lang='lat' dir='ltr'><strong>Qua:</strong></span> <span class='ocrx_word' id='word_1_335' title='bbox 3259 2218 3378 2312; x_wconf 80' lang='lat' dir='ltr'><strong>ipsa</strong></span> <span class='ocrx_word' id='word_1_336' title='bbox 3413 2243 3580 2298; x_wconf 90' lang='lat' dir='ltr'><strong>etiam</strong></span> 
     </span>
    </p>
   </div>
   <div class='ocr_carea' id='block_1_45' title="bbox 298 2309 1254 2380">
    <p class='ocr_par' dir='ltr' id='par_1_45' title="bbox 298 2309 1254 2380">
     <span class='ocr_line' id='line_1_45' title="bbox 298 2309 1254 2380; baseline 0.004 -14"><span class='ocrx_word' id='word_1_337' title='bbox 298 2309 370 2371; x_wconf 79' lang='lat' dir='ltr'><strong>de</strong></span> <span class='ocrx_word' id='word_1_338' title='bbox 399 2311 820 2380; x_wconf 75' lang='lat' dir='ltr'><strong>operationibus</strong></span> <span class='ocrx_word' id='word_1_339' title='bbox 839 2313 1077 2374; x_wconf 77' lang='lat' dir='ltr'><strong>dicenda</strong></span> <span class='ocrx_word' id='word_1_340' title='bbox 1103 2324 1254 2370; x_wconf 84' lang='lat' dir='ltr'><strong>sunt.</strong></span> 
     </span>
    </p>
   </div>
   <div class='ocr_carea' id='block_1_46' title="bbox 390 2409 1889 2484">
    <p class='ocr_par' dir='ltr' id='par_1_46' title="bbox 390 2409 1889 2484">
     <span class='ocr_line' id='line_1_46' title="bbox 390 2409 1889 2484; baseline 0.004 -22"><span class='ocrx_word' id='word_1_341' title='bbox 390 2410 530 2462; x_wconf 82' lang='grc' dir='ltr'><strong>Ἀλλ’</strong></span> <span class='ocrx_word' id='word_1_342' title='bbox 559 2411 621 2462; x_wconf 82' lang='grc' dir='ltr'><strong>οὐ</strong></span> <span class='ocrx_word' id='word_1_343' title='bbox 652 2409 744 2463; x_wconf 83' lang='grc' dir='ltr'><strong>διὰ</strong></span> <span class='ocrx_word' id='word_1_344' title='bbox 763 2409 946 2475; x_wconf 72' lang='grc' dir='ltr'>τοῦτο,</span> <span class='ocrx_word' id='word_1_345' title='bbox 981 2409 1063 2481; x_wconf 56' lang='grc' dir='ltr'><strong>μὴ,</strong></span> <span class='ocrx_word' id='word_1_346' title='bbox 1088 2409 1324 2481; x_wconf 73' lang='grc' dir='ltr'>γένοιτο,</span> <span class='ocrx_word' id='word_1_347' title='bbox 1351 2409 1452 2474; x_wconf 86' lang='grc' dir='ltr'>τὰς</span> <span class='ocrx_word' id='word_1_348' title='bbox 1479 2410 1588 2467; x_wconf 87' lang='grc' dir='ltr'><strong>τῶν</strong></span> <span class='ocrx_word' id='word_1_349' title='bbox 1610 2412 1889 2484; x_wconf 76' lang='grc' dir='ltr'>θεοφόρων</span> 
     </span>
    </p>
   </div>
   <div class='ocr_carea' id='block_1_47' title="bbox 298 2501 1892 2578">
    <p class='ocr_par' dir='ltr' id='par_1_47' title="bbox 298 2501 1892 2578">
     <span class='ocr_line' id='line_1_47' title="bbox 298 2501 1892 2578; baseline 0.003 -22"><span class='ocrx_word' id='word_1_350' title='bbox 298 2502 568 2574; x_wconf 80' lang='grc' dir='ltr'>Πατέρων</span> <span class='ocrx_word' id='word_1_351' title='bbox 604 2501 737 2574; x_wconf 73' lang='grc' dir='ltr'>περὶ</span> <span class='ocrx_word' id='word_1_352' title='bbox 771 2502 978 2566; x_wconf 84' lang='grc' dir='ltr'>αὐτῶν,</span> <span class='ocrx_word' id='word_1_353' title='bbox 1028 2504 1176 2574; x_wconf 70' lang='grc' dir='ltr'><strong>φημὶ</strong></span> <span class='ocrx_word' id='word_1_354' title='bbox 1209 2502 1321 2556; x_wconf 84' lang='grc' dir='ltr'><strong>τῶν</strong></span> <span class='ocrx_word' id='word_1_355' title='bbox 1370 2504 1684 2575; x_wconf 74' lang='grc' dir='ltr'>ἐνεργειῶν,</span> <span class='ocrx_word' id='word_1_356' title='bbox 1727 2524 1892 2578; x_wconf 83' lang='grc' dir='ltr'>μονα-</span> 
     </span>
    </p>
   </div>
   <div class='ocr_carea' id='block_1_48' title="bbox 297 2594 1889 2668">
    <p class='ocr_par' dir='ltr' id='par_1_48' title="bbox 297 2594 1889 2668">
     <span class='ocr_line' id='line_1_48' title="bbox 297 2594 1889 2668; baseline 0.002 -20"><span class='ocrx_word' id='word_1_357' title='bbox 297 2595 458 2658; x_wconf 70' lang='grc' dir='ltr'>δικὰς</span> <span class='ocrx_word' id='word_1_358' title='bbox 487 2594 888 2666; x_wconf 77' lang='grc' dir='ltr'>ὲξαρνούμεθα,</span> <span class='ocrx_word' id='word_1_359' title='bbox 917 2595 1017 2667; x_wconf 74' lang='grc' dir='ltr'>τήν</span> <span class='ocrx_word' id='word_1_360' title='bbox 1051 2612 1112 2648; x_wconf 83' lang='grc' dir='ltr'><strong>τε</strong></span> <span class='ocrx_word' id='word_1_361' title='bbox 1146 2594 1243 2648; x_wconf 80' lang='grc' dir='ltr'>τοῦ</span> <span class='ocrx_word' id='word_1_362' title='bbox 1273 2595 1560 2666; x_wconf 70' lang='grc' dir='ltr'>λεχθέντος</span> <span class='ocrx_word' id='word_1_363' title='bbox 1591 2597 1889 2668; x_wconf 64' lang='grc' dir='ltr'>θεοφάντοο</span> 
     </span>
    </p>
   </div>
   <div class='ocr_carea' id='block_1_49' title="bbox 307 2686 1892 2761">
    <p class='ocr_par' dir='ltr' id='par_1_49' title="bbox 307 2686 1892 2761">
     <span class='ocr_line' id='line_1_49' title="bbox 307 2686 1892 2761; baseline 0.003 -21"><span class='ocrx_word' id='word_1_364' title='bbox 307 2704 402 2758; x_wconf 85' lang='grc' dir='ltr'>ρος</span> <span class='ocrx_word' id='word_1_365' title='bbox 455 2686 617 2756; x_wconf 84' lang='grc' dir='ltr'>ἁγίου</span> <span class='ocrx_word' id='word_1_366' title='bbox 671 2687 950 2742; x_wconf 81' lang='grc' dir='ltr'>Διονυσίου</span> <span class='ocrx_word' id='word_1_367' title='bbox 1065 2705 1085 2740; x_wconf 75' lang='grc' dir='ltr'><strong>ι</strong></span> <span class='ocrx_word' id='word_1_368' title='bbox 1129 2687 1465 2759; x_wconf 77' lang='grc' dir='ltr'>Θεανδρικὴν</span> <span class='ocrx_word' id='word_1_369' title='bbox 1530 2689 1836 2761; x_wconf 75' lang='grc' dir='ltr'>ἐνέργειαν,</span> <span class='ocrx_word' id='word_1_370' title='bbox 1865 2709 1892 2744; x_wconf 68' lang='grc' dir='ltr'><strong>ι</strong></span> 
     </span>
    </p>
   </div>
   <div class='ocr_carea' id='block_1_50' title="bbox 301 2775 1894 2851">
    <p class='ocr_par' dir='ltr' id='par_1_50' title="bbox 301 2775 1894 2851">
     <span class='ocr_line' id='line_1_50' title="bbox 301 2775 1894 2851; baseline 0.002 -22"><span class='ocrx_word' id='word_1_371' title='bbox 301 2777 400 2830; x_wconf 76' lang='grc' dir='ltr'><strong>καὶ</strong></span> <span class='ocrx_word' id='word_1_372' title='bbox 443 2776 542 2845; x_wconf 84' lang='grc' dir='ltr'>τὴν</span> <span class='ocrx_word' id='word_1_373' title='bbox 590 2775 863 2847; x_wconf 72' lang='grc' dir='ltr'>Κυρίλλου</span> <span class='ocrx_word' id='word_1_374' title='bbox 915 2775 1010 2830; x_wconf 75' lang='grc' dir='ltr'>τοῦ</span> <span class='ocrx_word' id='word_1_375' title='bbox 1061 2776 1232 2845; x_wconf 82' lang='grc' dir='ltr'>σοφοῦ</span> <span class='ocrx_word' id='word_1_376' title='bbox 1282 2795 1302 2830; x_wconf 81' lang='grc' dir='ltr'><strong>ι</strong></span> <span class='ocrx_word' id='word_1_377' title='bbox 1328 2777 1462 2848; x_wconf 82' lang='grc' dir='ltr'>μίαν</span> <span class='ocrx_word' id='word_1_378' title='bbox 1511 2795 1570 2833; x_wconf 77' lang='grc' dir='ltr'><strong>τε</strong></span> <span class='ocrx_word' id='word_1_379' title='bbox 1619 2781 1718 2836; x_wconf 74' lang='grc' dir='ltr'>καὶ</span> <span class='ocrx_word' id='word_1_380' title='bbox 1762 2797 1894 2851; x_wconf 87' lang='grc' dir='ltr'>συγ-</span> 
     </span>
    </p>
   </div>
   <div class='ocr_carea' id='block_1_51' title="bbox 301 2867 1894 2942">
    <p class='ocr_par' dir='ltr' id='par_1_51' title="bbox 301 2867 1894 2942">
     <span class='ocr_line' id='line_1_51' title="bbox 301 2867 1894 2942; baseline 0.004 -20"><span class='ocrx_word' id='word_1_381' title='bbox 301 2867 445 2938; x_wconf 80' lang='grc' dir='ltr'>γενῆ</span> <span class='ocrx_word' id='word_1_382' title='bbox 490 2869 559 2922; x_wconf 89' lang='grc' dir='ltr'>δι’</span> <span class='ocrx_word' id='word_1_383' title='bbox 589 2869 794 2938; x_wconf 80' lang='grc' dir='ltr'>ἀμφοῖν</span> <span class='ocrx_word' id='word_1_384' title='bbox 840 2867 1288 2940; x_wconf 72' lang='grc' dir='ltr'>ὲπιδεδειγμὲνην</span> <span class='ocrx_word' id='word_1_385' title='bbox 1324 2871 1629 2942; x_wconf 71' lang='grc' dir='ltr'>ἐνέργειαν.</span> <span class='ocrx_word' id='word_1_386' title='bbox 1668 2890 1688 2924; x_wconf 73' lang='grc' dir='ltr'><strong>ι</strong></span> <span class='ocrx_word' id='word_1_387' title='bbox 1711 2867 1894 2936; x_wconf 24' lang='grc' dir='ltr'>,Δῦται</span> 
     </span>
    </p>
   </div>
   <div class='ocr_carea' id='block_1_52' title="bbox 306 2957 1898 3036">
    <p class='ocr_par' dir='ltr' id='par_1_52' title="bbox 306 2957 1898 3036">
     <span class='ocr_line' id='line_1_52' title="bbox 306 2957 1898 3036; baseline 0.004 -25"><span class='ocrx_word' id='word_1_388' title='bbox 306 2959 412 3029; x_wconf 84' lang='grc' dir='ltr'>μὲν</span> <span class='ocrx_word' id='word_1_389' title='bbox 443 2959 552 3036; x_wconf 83' lang='grc' dir='ltr'>γὰρ</span> <span class='ocrx_word' id='word_1_390' title='bbox 581 2959 671 3012; x_wconf 75' lang='grc' dir='ltr'><strong>διὰ</strong></span> <span class='ocrx_word' id='word_1_391' title='bbox 695 2957 792 3028; x_wconf 80' lang='grc' dir='ltr'>τὴν</span> <span class='ocrx_word' id='word_1_392' title='bbox 823 2959 1040 3024; x_wconf 71' lang='grc' dir='ltr'>ἕνωσιν,</span> <span class='ocrx_word' id='word_1_393' title='bbox 1067 2961 1162 3016; x_wconf 78' lang='grc' dir='ltr'><strong>καὶ</strong></span> <span class='ocrx_word' id='word_1_394' title='bbox 1199 2960 1302 3032; x_wconf 87' lang='grc' dir='ltr'>τὴν</span> <span class='ocrx_word' id='word_1_395' title='bbox 1343 2961 1481 3033; x_wconf 77' lang='grc' dir='ltr'>πρὸς</span> <span class='ocrx_word' id='word_1_396' title='bbox 1529 2962 1766 3034; x_wconf 71' lang='grc' dir='ltr'><strong>ἀλλήλας</strong></span> <span class='ocrx_word' id='word_1_397' title='bbox 1810 2965 1898 3018; x_wconf 62' lang='grc' dir='ltr'><strong>διε</strong></span> 
     </span>
    </p>
   </div>
   <div class='ocr_carea' id='block_1_53' title="bbox 2056 2420 3604 2494">
    <p class='ocr_par' dir='ltr' id='par_1_53' title="bbox 2056 2420 3604 2494">
     <span class='ocr_line' id='line_1_53' title="bbox 2056 2420 3604 2494; baseline 0.002 -19"><span class='ocrx_word' id='word_1_398' title='bbox 2056 2421 2124 2475; x_wconf 85' lang='lat' dir='ltr'><strong>At</strong></span> <span class='ocrx_word' id='word_1_399' title='bbox 2150 2435 2262 2476; x_wconf 90' lang='lat' dir='ltr'><strong>non</strong></span> <span class='ocrx_word' id='word_1_400' title='bbox 2289 2429 2586 2491; x_wconf 85' lang='lat' dir='ltr'><strong>propterea</strong></span> <span class='ocrx_word' id='word_1_401' title='bbox 2615 2420 2827 2494; x_wconf 82' lang='lat' dir='ltr'><strong>(apage)</strong></span> <span class='ocrx_word' id='word_1_402' title='bbox 2857 2420 3178 2482; x_wconf 84' lang='lat' dir='ltr'><strong>divinorum</strong></span> <span class='ocrx_word' id='word_1_403' title='bbox 3206 2422 3432 2477; x_wconf 88' lang='lat' dir='ltr'><strong>Patrum</strong></span> <span class='ocrx_word' id='word_1_404' title='bbox 3460 2422 3604 2478; x_wconf 80' lang='lat' dir='ltr'><strong>sin—.</strong></span> 
     </span>
    </p>
   </div>
   <div class='ocr_carea' id='block_1_54' title="bbox 1988 2513 3578 2583">
    <p class='ocr_par' dir='ltr' id='par_1_54' title="bbox 1988 2513 3578 2583">
     <span class='ocr_line' id='line_1_54' title="bbox 1988 2513 3578 2583; baseline 0 -15"><span class='ocrx_word' id='word_1_405' title='bbox 1988 2514 2210 2583; x_wconf 85' lang='lat' dir='ltr'><strong>gulares</strong></span> <span class='ocrx_word' id='word_1_406' title='bbox 2243 2513 2313 2568; x_wconf 90' lang='lat' dir='ltr'><strong>de</strong></span> <span class='ocrx_word' id='word_1_407' title='bbox 2346 2513 2434 2568; x_wconf 88' lang='lat' dir='ltr'><strong>his</strong></span> <span class='ocrx_word' id='word_1_408' title='bbox 2464 2528 2630 2567; x_wconf 83' lang='lat' dir='ltr'><strong>voces</strong></span> <span class='ocrx_word' id='word_1_409' title='bbox 2664 2514 2744 2583; x_wconf 84' lang='lat' dir='ltr'><strong>(id</strong></span> <span class='ocrx_word' id='word_1_410' title='bbox 2779 2522 2883 2577; x_wconf 89' lang='lat' dir='ltr'><strong>est,</strong></span> <span class='ocrx_word' id='word_1_411' title='bbox 2908 2513 3345 2583; x_wconf 87' lang='lat' dir='ltr'><strong>operationibus)</strong></span> <span class='ocrx_word' id='word_1_412' title='bbox 3381 2529 3578 2583; x_wconf 87' lang='lat' dir='ltr'><strong>nempe</strong></span> 
     </span>
    </p>
   </div>
   <div class='ocr_carea' id='block_1_55' title="bbox 1988 2605 3579 2675">
    <p class='ocr_par' dir='ltr' id='par_1_55' title="bbox 1988 2605 3579 2675">
     <span class='ocr_line' id='line_1_55' title="bbox 1988 2605 3579 2675; baseline 0 -17"><span class='ocrx_word' id='word_1_413' title='bbox 1988 2621 2158 2660; x_wconf 84' lang='lat' dir='ltr'><strong>unum</strong></span> <span class='ocrx_word' id='word_1_414' title='bbox 2202 2605 2336 2674; x_wconf 91' lang='lat' dir='ltr'><strong>quid</strong></span> <span class='ocrx_word' id='word_1_415' title='bbox 2378 2605 2752 2675; x_wconf 84' lang='lat' dir='ltr'><strong>signiﬁcantes</strong></span> <span class='ocrx_word' id='word_1_416' title='bbox 2790 2605 3176 2674; x_wconf 86' lang='lat' dir='ltr'><strong>repudiamus;</strong></span> <span class='ocrx_word' id='word_1_417' title='bbox 3223 2615 3338 2660; x_wconf 89' lang='lat' dir='ltr'><strong>tum</strong></span> <span class='ocrx_word' id='word_1_418' title='bbox 3380 2620 3579 2674; x_wconf 89' lang='lat' dir='ltr'><strong>nempe</strong></span> 
     </span>
    </p>
   </div>
   <div class='ocr_carea' id='block_1_56' title="bbox 1985 2693 3578 2766">
    <p class='ocr_par' dir='ltr' id='par_1_56' title="bbox 1985 2693 3578 2766">
     <span class='ocr_line' id='line_1_56' title="bbox 1985 2693 3578 2766; baseline -0.001 -17"><span class='ocrx_word' id='word_1_419' title='bbox 1985 2695 2128 2764; x_wconf 85' lang='lat' dir='ltr'><strong>ejus,</strong></span> <span class='ocrx_word' id='word_1_420' title='bbox 2155 2695 2316 2766; x_wconf 82' lang='lat' dir='ltr'><strong>cujus</strong></span> <span class='ocrx_word' id='word_1_421' title='bbox 2341 2693 2483 2750; x_wconf 86' lang='lat' dir='ltr'><strong>facta</strong></span> <span class='ocrx_word' id='word_1_422' title='bbox 2511 2694 2720 2750; x_wconf 88' lang='lat' dir='ltr'><strong>mentio</strong></span> <span class='ocrx_word' id='word_1_423' title='bbox 2747 2703 2853 2759; x_wconf 87' lang='lat' dir='ltr'><strong>est,</strong></span> <span class='ocrx_word' id='word_1_424' title='bbox 2878 2695 3055 2748; x_wconf 87' lang='lat' dir='ltr'><strong>divini</strong></span> <span class='ocrx_word' id='word_1_425' title='bbox 3086 2696 3404 2766; x_wconf 86' lang='lat' dir='ltr'><strong>interpretis</strong></span> <span class='ocrx_word' id='word_1_426' title='bbox 3431 2695 3578 2750; x_wconf 87' lang='lat' dir='ltr'><strong>beati</strong></span> 
     </span>
    </p>
   </div>
   <div class='ocr_carea' id='block_1_57' title="bbox 1983 2787 3572 2859">
    <p class='ocr_par' dir='ltr' id='par_1_57' title="bbox 1983 2787 3572 2859">
     <span class='ocr_line' id='line_1_57' title="bbox 1983 2787 3572 2859; baseline -0.003 -15"><span class='ocrx_word' id='word_1_427' title='bbox 1983 2788 2230 2859; x_wconf 86' lang='lat' dir='ltr'><strong>Dionysii</strong></span> <span class='ocrx_word' id='word_1_428' title='bbox 2273 2807 2291 2839; x_wconf 82' lang='grc' dir='ltr'><strong>ι</strong></span> <span class='ocrx_word' id='word_1_429' title='bbox 2328 2787 2645 2844; x_wconf 85' lang='lat' dir='ltr'><strong>Deivirilem</strong></span> <span class='ocrx_word' id='word_1_430' title='bbox 2676 2788 3081 2857; x_wconf 85' lang='lat' dir='ltr'><strong>operationem,</strong></span> <span class='ocrx_word' id='word_1_431' title='bbox 3121 2807 3139 2839; x_wconf 73' lang='grc' dir='ltr'><strong>ι</strong></span> <span class='ocrx_word' id='word_1_432' title='bbox 3199 2797 3314 2847; x_wconf 90' lang='lat' dir='ltr'><strong>tum</strong></span> <span class='ocrx_word' id='word_1_433' title='bbox 3351 2787 3572 2856; x_wconf 88' lang='lat' dir='ltr'><strong>sapien-</strong></span> 
     </span>
    </p>
   </div>
   <div class='ocr_carea' id='block_1_58' title="bbox 1984 2876 3573 2948">
    <p class='ocr_par' dir='ltr' id='par_1_58' title="bbox 1984 2876 3573 2948">
     <span class='ocr_line' id='line_1_58' title="bbox 1984 2876 3573 2948; baseline -0.003 -16"><span class='ocrx_word' id='word_1_434' title='bbox 1984 2877 2184 2937; x_wconf 78' lang='lat' dir='ltr'><strong>tissimi</strong></span> <span class='ocrx_word' id='word_1_435' title='bbox 2226 2876 2451 2948; x_wconf 84' lang='lat' dir='ltr'><strong>Cyrilli,</strong></span> <span class='ocrx_word' id='word_1_436' title='bbox 2501 2896 2519 2930; x_wconf 89' lang='grc'><strong>‹</strong></span> <span class='ocrx_word' id='word_1_437' title='bbox 2577 2877 2750 2934; x_wconf 85' lang='lat' dir='ltr'><strong>Unam</strong></span> <span class='ocrx_word' id='word_1_438' title='bbox 2801 2886 2969 2947; x_wconf 86' lang='lat' dir='ltr'><strong>atque</strong></span> <span class='ocrx_word' id='word_1_439' title='bbox 3003 2876 3234 2937; x_wconf 75' lang='lat' dir='ltr'><strong>&#39;ailinem</strong></span> <span class='ocrx_word' id='word_1_440' title='bbox 3286 2877 3573 2946; x_wconf 86' lang='lat' dir='ltr'><strong>utriusque</strong></span> 
     </span>
    </p>
   </div>
   <div class='ocr_carea' id='block_1_59' title="bbox 1983 2968 3573 3038">
    <p class='ocr_par' dir='ltr' id='par_1_59' title="bbox 1983 2968 3573 3038">
     <span class='ocr_line' id='line_1_59' title="bbox 1983 2968 3573 3038; baseline -0.004 -12"><span class='ocrx_word' id='word_1_441' title='bbox 1983 2985 2216 3027; x_wconf 85' lang='lat' dir='ltr'><strong>munere</strong></span> <span class='ocrx_word' id='word_1_442' title='bbox 2245 2969 2453 3028; x_wconf 76' lang='lat' dir='ltr'><strong>etﬁtam</strong></span> <span class='ocrx_word' id='word_1_443' title='bbox 2485 2969 2888 3038; x_wconf 83' lang='lat' dir='ltr'><strong>operationem.</strong></span> <span class='ocrx_word' id='word_1_444' title='bbox 2926 2988 2943 3020; x_wconf 69' lang='grc' dir='ltr'><strong>ι</strong></span> <span class='ocrx_word' id='word_1_445' title='bbox 2991 2969 3099 3024; x_wconf 88' lang='lat' dir='ltr'><strong>Has</strong></span> <span class='ocrx_word' id='word_1_446' title='bbox 3137 2969 3285 3027; x_wconf 82' lang='lat' dir='ltr'><strong>enim</strong></span> <span class='ocrx_word' id='word_1_447' title='bbox 3324 2968 3403 3021; x_wconf 88' lang='lat' dir='ltr'><strong>illi</strong></span> <span class='ocrx_word' id='word_1_448' title='bbox 3441 2984 3573 3036; x_wconf 86' lang='lat' dir='ltr'><strong>pro-</strong></span> 
     </span>
    </p>
   </div>
   <div class='ocr_carea' id='block_1_60' title="bbox 303 3053 1891 3133">
    <p class='ocr_par' dir='ltr' id='par_1_60' title="bbox 303 3053 1891 3133">
     <span class='ocr_line' id='line_1_60' title="bbox 303 3053 1891 3133; baseline 0.005 -28"><span class='ocrx_word' id='word_1_449' title='bbox 303 3054 433 3107; x_wconf 87' lang='grc' dir='ltr'>ὀλου</span> <span class='ocrx_word' id='word_1_450' title='bbox 476 3053 588 3109; x_wconf 90' lang='grc' dir='ltr'><strong>τῶν</strong></span> <span class='ocrx_word' id='word_1_451' title='bbox 637 3055 888 3123; x_wconf 80' lang='grc' dir='ltr'>φυσικῶν</span> <span class='ocrx_word' id='word_1_452' title='bbox 946 3055 1245 3126; x_wconf 82' lang='grc' dir='ltr'>ἐνεργειῶν</span> <span class='ocrx_word' id='word_1_453' title='bbox 1304 3058 1600 3127; x_wconf 76' lang='grc' dir='ltr'><strong>συμφυΐαν,</strong></span> <span class='ocrx_word' id='word_1_454' title='bbox 1650 3059 1891 3133; x_wconf 72' lang='grc' dir='ltr'>εὐσεϐῶς</span> 
     </span>
    </p>
   </div>
   <div class='ocr_carea' id='block_1_61' title="bbox 1990 3053 3575 3133">
    <p class='ocr_par' dir='ltr' id='par_1_61' title="bbox 1990 3061 3575 3133">
     <span class='ocr_line' id='line_1_61' title="bbox 1990 3061 3575 3133; baseline -0.001 -16"><span class='ocrx_word' id='word_1_455' title='bbox 1990 3071 2107 3133; x_wconf 89' lang='lat' dir='ltr'><strong>pter</strong></span> <span class='ocrx_word' id='word_1_456' title='bbox 2132 3062 2419 3126; x_wconf 74' lang='lat' dir='ltr'><strong>unionem,</strong></span> <span class='ocrx_word' id='word_1_457' title='bbox 2447 3062 2898 3132; x_wconf 85' lang='lat' dir='ltr'><strong>naturaliumque</strong></span> <span class='ocrx_word' id='word_1_458' title='bbox 2929 3061 3312 3130; x_wconf 86' lang='lat' dir='ltr'><strong>operationum</strong></span> <span class='ocrx_word' id='word_1_459' title='bbox 3345 3061 3488 3113; x_wconf 89' lang='lat' dir='ltr'><strong>inter</strong></span> <span class='ocrx_word' id='word_1_460' title='bbox 3516 3075 3575 3115; x_wconf 89' lang='lat' dir='ltr'><strong>se</strong></span> 
     </span>
    </p>
   </div>
   <div class='ocr_carea' id='block_1_62' title="bbox 306 3132 1891 3223">
    <p class='ocr_par' dir='ltr' id='par_1_62' title="bbox 306 3132 1891 3220">
     <span class='ocr_line' id='line_1_62' title="bbox 306 3132 1891 3220; baseline 0.001 -19"><span class='ocrx_word' id='word_1_461' title='bbox 306 3145 497 3208; x_wconf 78' lang='grc' dir='ltr'>αὐτοῖς</span> <span class='ocrx_word' id='word_1_462' title='bbox 540 3144 964 3216; x_wconf 76' lang='grc' dir='ltr'>ἐκηρύχθησαν·</span> <span class='ocrx_word' id='word_1_463' title='bbox 990 3145 1182 3216; x_wconf 82' lang='grc' dir='ltr'>ὥσπερ</span> <span class='ocrx_word' id='word_1_464' title='bbox 1214 3146 1310 3199; x_wconf 76' lang='grc' dir='ltr'>καὶ</span> <span class='ocrx_word' id='word_1_465' title='bbox 1352 3148 1408 3200; x_wconf 87' lang='grc' dir='ltr'><strong>αί</strong></span> <span class='ocrx_word' id='word_1_466' title='bbox 1441 3148 1644 3212; x_wconf 78' lang='grc' dir='ltr'>δυῖκαὶ,</span> <span class='ocrx_word' id='word_1_467' title='bbox 1663 3132 1772 3204; x_wconf 43' lang='grc' dir='ltr'>’διὰ</span> <span class='ocrx_word' id='word_1_468' title='bbox 1794 3147 1891 3220; x_wconf 70' lang='grc' dir='ltr'>τὴν</span> 
     </span>
    </p>
   </div>
   <div class='ocr_carea' id='block_1_63' title="bbox 1990 3132 3575 3223">
    <p class='ocr_par' dir='ltr' id='par_1_63' title="bbox 1990 3132 3575 3223">
     <span class='ocr_line' id='line_1_63' title="bbox 1990 3132 3575 3223; baseline -0.002 -17"><span class='ocrx_word' id='word_1_469' title='bbox 1990 3132 2214 3223; x_wconf 84' lang='lat' dir='ltr'><strong>prorsus</strong></span> <span class='ocrx_word' id='word_1_470' title='bbox 2251 3151 2410 3222; x_wconf 85' lang='lat' dir='ltr'><strong>quasi</strong></span> <span class='ocrx_word' id='word_1_471' title='bbox 2453 3163 2656 3208; x_wconf 85' lang='lat' dir='ltr'><strong>natura</strong></span> <span class='ocrx_word' id='word_1_472' title='bbox 2697 3163 3007 3210; x_wconf 86' lang='lat' dir='ltr'><strong>consertam</strong></span> <span class='ocrx_word' id='word_1_473' title='bbox 3052 3152 3451 3216; x_wconf 80' lang='lat' dir='ltr'><strong>cohaesionem,</strong></span> <span class='ocrx_word' id='word_1_474' title='bbox 3485 3151 3575 3220; x_wconf 91' lang='lat' dir='ltr'><strong>pie</strong></span> 
     </span>
    </p>
   </div>
   <div class='ocr_carea' id='block_1_64' title="bbox 306 3236 1891 3313">
    <p class='ocr_par' dir='ltr' id='par_1_64' title="bbox 306 3236 1891 3312">
     <span class='ocr_line' id='line_1_64' title="bbox 306 3236 1891 3312; baseline 0.004 -21"><span class='ocrx_word' id='word_1_475' title='bbox 306 3236 546 3308; x_wconf 72' lang='grc' dir='ltr'>οὐσιὼδη</span> <span class='ocrx_word' id='word_1_476' title='bbox 621 3238 717 3290; x_wconf 77' lang='grc' dir='ltr'><strong>καὶ</strong></span> <span class='ocrx_word' id='word_1_477' title='bbox 787 3237 1024 3308; x_wconf 78' lang='grc' dir='ltr'>φυσικὴν</span> <span class='ocrx_word' id='word_1_478' title='bbox 1100 3237 1305 3292; x_wconf 86' lang='grc' dir='ltr'>τούτων</span> <span class='ocrx_word' id='word_1_479' title='bbox 1365 3239 1652 3312; x_wconf 75' lang='grc' dir='ltr'>διαφοράν.</span> <span class='ocrx_word' id='word_1_480' title='bbox 1693 3241 1756 3294; x_wconf 87' lang='grc' dir='ltr'>Ἡ</span> <span class='ocrx_word' id='word_1_481' title='bbox 1785 3239 1891 3312; x_wconf 82' lang='grc' dir='ltr'>γὰρ</span> 
     </span>
    </p>
   </div>
   <div class='ocr_carea' id='block_1_65' title="bbox 1990 3236 3576 3313">
    <p class='ocr_par' dir='ltr' id='par_1_65' title="bbox 1990 3241 3576 3313">
     <span class='ocr_line' id='line_1_65' title="bbox 1990 3241 3576 3313; baseline -0.001 -15"><span class='ocrx_word' id='word_1_482' title='bbox 1990 3241 2395 3312; x_wconf 66' lang='lat' dir='ltr'><strong>praedicarunt;</strong></span> <span class='ocrx_word' id='word_1_483' title='bbox 2445 3243 2526 3298; x_wconf 90' lang='lat' dir='ltr'><strong>uti</strong></span> <span class='ocrx_word' id='word_1_484' title='bbox 2577 3253 2636 3297; x_wconf 88' lang='lat' dir='ltr'><strong>et</strong></span> <span class='ocrx_word' id='word_1_485' title='bbox 2686 3243 2936 3313; x_wconf 75' lang='lat' dir='ltr'><strong>duplices</strong></span> <span class='ocrx_word' id='word_1_486' title='bbox 2991 3243 3144 3313; x_wconf 81' lang='lat' dir='ltr'><strong>(quae</strong></span> <span class='ocrx_word' id='word_1_487' title='bbox 3203 3243 3414 3297; x_wconf 85' lang='lat' dir='ltr'><strong>scilicet</strong></span> <span class='ocrx_word' id='word_1_488' title='bbox 3466 3242 3576 3296; x_wconf 89' lang='lat' dir='ltr'><strong>duo</strong></span> 
     </span>
    </p>
   </div>
   <div class='ocr_carea' id='block_1_66' title="bbox 311 3325 1891 3407">
    <p class='ocr_par' dir='ltr' id='par_1_66' title="bbox 311 3325 1890 3402">
     <span class='ocr_line' id='line_1_66' title="bbox 311 3325 1890 3402; baseline 0.001 -18"><span class='ocrx_word' id='word_1_489' title='bbox 311 3325 646 3396; x_wconf 71' lang='grc' dir='ltr'>Θεανδρικὴ</span> <span class='ocrx_word' id='word_1_490' title='bbox 690 3329 789 3398; x_wconf 79' lang='grc' dir='ltr'>τῆς</span> <span class='ocrx_word' id='word_1_491' title='bbox 831 3328 981 3392; x_wconf 86' lang='grc' dir='ltr'>θείας</span> <span class='ocrx_word' id='word_1_492' title='bbox 1023 3329 1162 3398; x_wconf 77' lang='grc' dir='ltr'>ὁμοῦ</span> <span class='ocrx_word' id='word_1_493' title='bbox 1196 3330 1293 3383; x_wconf 76' lang='grc' dir='ltr'>καὶ</span> <span class='ocrx_word' id='word_1_494' title='bbox 1315 3330 1578 3401; x_wconf 79' lang='grc' dir='ltr'>ἀνδρικῆς</span> <span class='ocrx_word' id='word_1_495' title='bbox 1602 3331 1890 3402; x_wconf 71' lang='grc' dir='ltr'>ἐνεργείας</span> 
     </span>
    </p>
   </div>
   <div class='ocr_carea' id='block_1_67' title="bbox 1990 3325 3574 3407">
    <p class='ocr_par' dir='ltr' id='par_1_67' title="bbox 1990 3335 3574 3407">
     <span class='ocr_line' id='line_1_67' title="bbox 1990 3335 3574 3407; baseline -0.003 -17"><span class='ocrx_word' id='word_1_496' title='bbox 1990 3335 2332 3407; x_wconf 78' lang='lat' dir='ltr'><strong>signiﬁcant)</strong></span> <span class='ocrx_word' id='word_1_497' title='bbox 2390 3335 2462 3392; x_wconf 91' lang='lat' dir='ltr'><strong>ob</strong></span> <span class='ocrx_word' id='word_1_498' title='bbox 2515 3336 2870 3396; x_wconf 74' lang='lat' dir='ltr'><strong>essentialem</strong></span> <span class='ocrx_word' id='word_1_499' title='bbox 2919 3352 2984 3391; x_wconf 89' lang='lat' dir='ltr'><strong>ac</strong></span> <span class='ocrx_word' id='word_1_500' title='bbox 3033 3336 3339 3397; x_wconf 87' lang='lat' dir='ltr'><strong>naturalem</strong></span> <span class='ocrx_word' id='word_1_501' title='bbox 3387 3349 3574 3389; x_wconf 85' lang='lat' dir='ltr'><strong>earum</strong></span> 
     </span>
    </p>
   </div>
   <div class='ocr_carea' id='block_1_68' title="bbox 309 3419 1891 3495">
    <p class='ocr_par' dir='ltr' id='par_1_68' title="bbox 309 3419 1891 3495">
     <span class='ocr_line' id='line_1_68' title="bbox 309 3419 1891 3495; baseline 0.002 -19"><span class='ocrx_word' id='word_1_502' title='bbox 309 3419 556 3491; x_wconf 76' lang='grc' dir='ltr'>ὑπάρχει</span> <span class='ocrx_word' id='word_1_503' title='bbox 608 3419 927 3492; x_wconf 78' lang='grc' dir='ltr'>περίληψις.</span> <span class='ocrx_word' id='word_1_504' title='bbox 976 3421 1332 3492; x_wconf 79' lang='grc' dir='ltr'>Κατάλληλον</span> <span class='ocrx_word' id='word_1_505' title='bbox 1381 3422 1492 3495; x_wconf 85' lang='grc' dir='ltr'>γὰρ</span> <span class='ocrx_word' id='word_1_506' title='bbox 1520 3423 1891 3490; x_wconf 59' lang='lat' dir='ltr'><strong>assecuta;</strong></span> 
     </span>
    </p>
   </div>
   <div class='ocr_carea' id='block_1_69' title="bbox 1990 3419 3577 3495">
    <p class='ocr_par' dir='ltr' id='par_1_69' title="bbox 1990 3428 3577 3489">
     <span class='ocr_line' id='line_1_69' title="bbox 1990 3428 3577 3489; baseline -0.002 -4"><span class='ocrx_word' id='word_1_507' title='bbox 1990 3429 2418 3488; x_wconf 85' lang='lat' dir='ltr'><strong>distinctionem.</strong></span> <span class='ocrx_word' id='word_1_508' title='bbox 2475 3430 2593 3484; x_wconf 78' lang='lat' dir='ltr'><strong>Vox</strong></span> <span class='ocrx_word' id='word_1_509' title='bbox 2635 3431 2783 3489; x_wconf 83' lang='lat' dir='ltr'><strong>enim</strong></span> <span class='ocrx_word' id='word_1_510' title='bbox 2826 3430 3090 3488; x_wconf 69' lang='lat' dir='ltr'><strong>Deiviritis</strong></span> <span class='ocrx_word' id='word_1_511' title='bbox 3130 3429 3370 3487; x_wconf 81' lang='lat' dir='ltr'><strong>divinam</strong></span> <span class='ocrx_word' id='word_1_512' title='bbox 3411 3428 3577 3486; x_wconf 87' lang='lat' dir='ltr'><strong>simul</strong></span> 
     </span>
    </p>
   </div>
   <div class='ocr_carea' id='block_1_70' title="bbox 305 3515 1891 3591">
    <p class='ocr_par' dir='ltr' id='par_1_70' title="bbox 305 3515 1891 3588">
     <span class='ocr_line' id='line_1_70' title="bbox 305 3515 1891 3588; baseline -0.002 -16"><span class='ocrx_word' id='word_1_513' title='bbox 305 3517 606 3586; x_wconf 73' lang='grc' dir='ltr'>ἐπινοήσας</span> <span class='ocrx_word' id='word_1_514' title='bbox 632 3515 839 3586; x_wconf 70' lang='grc' dir='ltr'>φωνὴν,</span> <span class='ocrx_word' id='word_1_515' title='bbox 890 3515 1279 3586; x_wconf 74' lang='grc' dir='ltr'>ἑκατέραν,ὡς</span> <span class='ocrx_word' id='word_1_516' title='bbox 1315 3515 1477 3586; x_wconf 72' lang='grc' dir='ltr'>ἔφην,</span> <span class='ocrx_word' id='word_1_517' title='bbox 1527 3519 1594 3587; x_wconf 71' lang='grc' dir='ltr'>τῇ</span> <span class='ocrx_word' id='word_1_518' title='bbox 1642 3517 1891 3588; x_wconf 77' lang='grc' dir='ltr'>προφορᾷ</span> 
     </span>
    </p>
   </div>
   <div class='ocr_carea' id='block_1_71' title="bbox 1990 3515 3575 3591">
    <p class='ocr_par' dir='ltr' id='par_1_71' title="bbox 1990 3518 3575 3591">
     <span class='ocr_line' id='line_1_71' title="bbox 1990 3518 3575 3591; baseline -0.004 -12"><span class='ocrx_word' id='word_1_519' title='bbox 1990 3520 2394 3589; x_wconf 82' lang='lat' dir='ltr'><strong>humanamque</strong></span> <span class='ocrx_word' id='word_1_520' title='bbox 2459 3522 2837 3590; x_wconf 80' lang='lat' dir='ltr'><strong>operationem</strong></span> <span class='ocrx_word' id='word_1_521' title='bbox 2898 3520 3306 3591; x_wconf 81' lang='lat' dir='ltr'><strong>complectitur.</strong></span> <span class='ocrx_word' id='word_1_522' title='bbox 3360 3518 3575 3575; x_wconf 89' lang='lat' dir='ltr'><strong>Conve-</strong></span> 
     </span>
    </p>
   </div>
   <div class='ocr_carea' id='block_1_72' title="bbox 309 3605 1893 3678">
    <p class='ocr_par' dir='ltr' id='par_1_72' title="bbox 309 3605 1893 3678">
     <span class='ocr_line' id='line_1_72' title="bbox 309 3605 1893 3678; baseline 0.002 -19"><span class='ocrx_word' id='word_1_523' title='bbox 309 3605 829 3677; x_wconf 80' lang='grc' dir='ltr'>συλλαμὸάνουσαν,</span> <span class='ocrx_word' id='word_1_524' title='bbox 856 3607 956 3662; x_wconf 71' lang='grc' dir='ltr'>καὶ,</span> <span class='ocrx_word' id='word_1_525' title='bbox 989 3606 1196 3677; x_wconf 65' lang='grc' dir='ltr'>ταύτην</span> <span class='ocrx_word' id='word_1_526' title='bbox 1223 3606 1524 3677; x_wconf 80' lang='grc' dir='ltr'>μοναδικῶς</span> <span class='ocrx_word' id='word_1_527' title='bbox 1547 3609 1893 3678; x_wconf 65' lang='grc' dir='ltr'>ἐκφωνήσας,</span> 
     </span>
    </p>
   </div>
   <div class='ocr_carea' id='block_1_73' title="bbox 303 3697 1893 3770">
    <p class='ocr_par' dir='ltr' id='par_1_73' title="bbox 303 3697 1893 3770">
     <span class='ocr_line' id='line_1_73' title="bbox 303 3697 1893 3770; baseline 0.003 -19"><span class='ocrx_word' id='word_1_528' title='bbox 303 3699 412 3770; x_wconf 74' lang='grc' dir='ltr'><strong>τὴν</strong></span> <span class='ocrx_word' id='word_1_529' title='bbox 441 3698 659 3770; x_wconf 76' lang='grc' dir='ltr'>διπλῆν,</span> <span class='ocrx_word' id='word_1_530' title='bbox 697 3699 796 3757; x_wconf 72' lang='grc' dir='ltr'>τοῦ</span> <span class='ocrx_word' id='word_1_531' title='bbox 823 3698 1014 3752; x_wconf 79' lang='grc' dir='ltr'>διπλοῦ</span> <span class='ocrx_word' id='word_1_532' title='bbox 1045 3699 1146 3769; x_wconf 78' lang='grc' dir='ltr'><strong>τὴν</strong></span> <span class='ocrx_word' id='word_1_533' title='bbox 1177 3697 1364 3768; x_wconf 80' lang='grc' dir='ltr'>φύσιν,</span> <span class='ocrx_word' id='word_1_534' title='bbox 1393 3698 1681 3769; x_wconf 77' lang='grc' dir='ltr'>ἐνέργειαν</span> <span class='ocrx_word' id='word_1_535' title='bbox 1733 3715 1893 3769; x_wconf 77' lang='grc' dir='ltr'>περι·</span> 
     </span>
    </p>
   </div>
   <div class='ocr_carea' id='block_1_74' title="bbox 309 3789 1102 3863">
    <p class='ocr_par' dir='ltr' id='par_1_74' title="bbox 309 3789 1102 3863">
     <span class='ocr_line' id='line_1_74' title="bbox 309 3789 1102 3863; baseline 0.006 -20"><span class='ocrx_word' id='word_1_536' title='bbox 309 3789 648 3861; x_wconf 70' lang='grc' dir='ltr'>φραπαῶς</span> <span class='ocrx_word' id='word_1_537' title='bbox 692 3790 1102 3863; x_wconf 66' lang='grc' dir='ltr'>παρεδήλωσεν.</span> 
     </span>
    </p>
   </div>
   <div class='ocr_carea' id='block_1_75' title="bbox 374 4066 1892 4142">
    <p class='ocr_par' dir='ltr' id='par_1_75' title="bbox 374 4066 1892 4142">
     <span class='ocr_line' id='line_1_75' title="bbox 374 4066 1892 4142; baseline -0.009 -16"><span class='ocrx_word' id='word_1_538' title='bbox 374 4071 488 4130; x_wconf 75' lang='grc' dir='ltr'>Καὶ</span> <span class='ocrx_word' id='word_1_539' title='bbox 515 4071 548 4142; x_wconf 79' lang='grc' dir='ltr'>ἡ</span> <span class='ocrx_word' id='word_1_540' title='bbox 571 4069 843 4142; x_wconf 75' lang='grc' dir='ltr'>Κυρίλλου</span> <span class='ocrx_word' id='word_1_541' title='bbox 873 4067 932 4122; x_wconf 82' lang='grc' dir='ltr'>δὲ</span> <span class='ocrx_word' id='word_1_542' title='bbox 965 4070 1062 4123; x_wconf 77' lang='grc' dir='ltr'>τοῦ</span> <span class='ocrx_word' id='word_1_543' title='bbox 1092 4066 1268 4137; x_wconf 74' lang='grc' dir='ltr'>σοφοῦ</span> <span class='ocrx_word' id='word_1_544' title='bbox 1311 4084 1334 4119; x_wconf 70' lang='grc' dir='ltr'><strong>ο</strong></span> <span class='ocrx_word' id='word_1_545' title='bbox 1369 4066 1470 4136; x_wconf 77' lang='grc' dir='ltr'><strong>μία</strong></span> <span class='ocrx_word' id='word_1_546' title='bbox 1515 4083 1576 4122; x_wconf 84' lang='grc' dir='ltr'><strong>τε</strong></span> <span class='ocrx_word' id='word_1_547' title='bbox 1621 4069 1717 4128; x_wconf 66' lang='grc' dir='ltr'><strong>καὶ</strong></span> <span class='ocrx_word' id='word_1_548' title='bbox 1753 4085 1892 4138; x_wconf 76' lang='grc' dir='ltr'>συγ-</span> 
     </span>
    </p>
   </div>
   <div class='ocr_carea' id='block_1_76' title="bbox 299 4157 1892 4235">
    <p class='ocr_par' dir='ltr' id='par_1_76' title="bbox 299 4157 1892 4235">
     <span class='ocr_line' id='line_1_76' title="bbox 299 4157 1892 4235; baseline -0.002 -17"><span class='ocrx_word' id='word_1_549' title='bbox 299 4164 466 4235; x_wconf 80' lang='grc' dir='ltr'>γενὴς</span> <span class='ocrx_word' id='word_1_550' title='bbox 507 4163 576 4216; x_wconf 78' lang='grc' dir='ltr'>δι’</span> <span class='ocrx_word' id='word_1_551' title='bbox 604 4165 809 4233; x_wconf 80' lang='grc' dir='ltr'>ἀμφοῖν</span> <span class='ocrx_word' id='word_1_552' title='bbox 843 4161 1260 4232; x_wconf 75' lang='grc' dir='ltr'>ὲπιδεδειγμένη</span> <span class='ocrx_word' id='word_1_553' title='bbox 1297 4157 1572 4229; x_wconf 75' lang='grc' dir='ltr'>ἐνέργεια,</span> <span class='ocrx_word' id='word_1_554' title='bbox 1595 4178 1616 4212; x_wconf 76' lang='grc' dir='ltr'><strong>ι</strong></span> <span class='ocrx_word' id='word_1_555' title='bbox 1653 4161 1753 4232; x_wconf 81' lang='grc' dir='ltr'>τῆς</span> <span class='ocrx_word' id='word_1_556' title='bbox 1790 4157 1892 4220; x_wconf 69' lang='grc' dir='ltr'>τοῦ</span> 
     </span>
    </p>
   </div>
   <div class='ocr_carea' id='block_1_77' title="bbox 300 4249 1891 4327">
    <p class='ocr_par' dir='ltr' id='par_1_77' title="bbox 300 4249 1891 4327">
     <span class='ocr_line' id='line_1_77' title="bbox 300 4249 1891 4327; baseline -0.001 -18"><span class='ocrx_word' id='word_1_557' title='bbox 300 4255 542 4327; x_wconf 81' lang='grc' dir='ltr'>μεγάλου</span> <span class='ocrx_word' id='word_1_558' title='bbox 571 4256 768 4310; x_wconf 67' lang='grc' dir='ltr'>τούτου</span> <span class='ocrx_word' id='word_1_559' title='bbox 790 4253 1006 4324; x_wconf 59' lang='lat' dir='ltr'><strong>Harpe;</strong></span> <span class='ocrx_word' id='word_1_560' title='bbox 1035 4252 1304 4326; x_wconf 74' lang='grc' dir='ltr'>μεγίστης</span> <span class='ocrx_word' id='word_1_561' title='bbox 1325 4249 1512 4321; x_wconf 78' lang='grc' dir='ltr'>ἔχεται</span> <span class='ocrx_word' id='word_1_562' title='bbox 1637 4253 1891 4316; x_wconf 85' lang='grc' dir='ltr'>διανοίας.</span> 
     </span>
    </p>
   </div>
   <div class='ocr_carea' id='block_1_78' title="bbox 297 4342 1891 4418">
    <p class='ocr_par' dir='ltr' id='par_1_78' title="bbox 297 4342 1891 4418">
     <span class='ocr_line' id='line_1_78' title="bbox 297 4342 1891 4418; baseline -0.002 -19"><span class='ocrx_word' id='word_1_563' title='bbox 297 4347 413 4418; x_wconf 84' lang='grc' dir='ltr'><strong>Τὴν</strong></span> <span class='ocrx_word' id='word_1_564' title='bbox 446 4346 555 4418; x_wconf 81' lang='grc' dir='ltr'>γὰρ</span> <span class='ocrx_word' id='word_1_565' title='bbox 604 4345 716 4400; x_wconf 84' lang='grc' dir='ltr'><strong>τῶν</strong></span> <span class='ocrx_word' id='word_1_566' title='bbox 760 4343 1010 4415; x_wconf 79' lang='grc' dir='ltr'>φυσικῶν</span> <span class='ocrx_word' id='word_1_567' title='bbox 1063 4342 1355 4413; x_wconf 69' lang='grc' dir='ltr'>ἐνεργειῶν</span> <span class='ocrx_word' id='word_1_568' title='bbox 1380 4343 1584 4406; x_wconf 77' lang='grc' dir='ltr'>καύτὸς</span> <span class='ocrx_word' id='word_1_569' title='bbox 1614 4343 1891 4412; x_wconf 73' lang='grc' dir='ltr'>συμφυΐαν</span> 
     </span>
    </p>
   </div>
   <div class='ocr_carea' id='block_1_79' title="bbox 297 4432 1890 4506">
    <p class='ocr_par' dir='ltr' id='par_1_79' title="bbox 297 4432 1890 4506">
     <span class='ocr_line' id='line_1_79' title="bbox 297 4432 1890 4506; baseline -0.003 -15"><span class='ocrx_word' id='word_1_570' title='bbox 297 4437 396 4491; x_wconf 72' lang='grc' dir='ltr'><strong>καὶ</strong></span> <span class='ocrx_word' id='word_1_571' title='bbox 437 4437 634 4490; x_wconf 72' lang='grc' dir='ltr'>ἕνωσιν</span> <span class='ocrx_word' id='word_1_572' title='bbox 665 4436 734 4490; x_wconf 86' lang='grc' dir='ltr'>δι’</span> <span class='ocrx_word' id='word_1_573' title='bbox 773 4435 944 4506; x_wconf 79' lang='grc' dir='ltr'>αὐτῆς</span> <span class='ocrx_word' id='word_1_574' title='bbox 991 4432 1321 4491; x_wconf 71' lang='grc' dir='ltr'>ἑκκαιδεύει.</span> <span class='ocrx_word' id='word_1_575' title='bbox 1361 4432 1541 4486; x_wconf 80' lang='grc' dir='ltr'>Θέλων</span> <span class='ocrx_word' id='word_1_576' title='bbox 1584 4432 1694 4504; x_wconf 87' lang='grc' dir='ltr'>γὰρ</span> <span class='ocrx_word' id='word_1_577' title='bbox 1722 4433 1890 4498; x_wconf 76' lang='grc' dir='ltr'>δεῖξαι</span> 
     </span>
    </p>
   </div>
   <div class='ocr_carea' id='block_1_80' title="bbox 298 4517 1889 4596">
    <p class='ocr_par' dir='ltr' id='par_1_80' title="bbox 298 4517 1889 4596">
     <span class='ocr_line' id='line_1_80' title="bbox 298 4517 1889 4596; baseline -0.004 -15"><span class='ocrx_word' id='word_1_578' title='bbox 298 4529 395 4582; x_wconf 69' lang='grc' dir='ltr'><strong>καὶ</strong></span> <span class='ocrx_word' id='word_1_579' title='bbox 424 4529 452 4581; x_wconf 87' lang='grc' dir='ltr'>ὁ</span> <span class='ocrx_word' id='word_1_580' title='bbox 481 4525 842 4596; x_wconf 76' lang='grc' dir='ltr'>πανεύφημος</span> <span class='ocrx_word' id='word_1_581' title='bbox 889 4517 1047 4588; x_wconf 71' lang='grc' dir='ltr'>οὗτος</span> <span class='ocrx_word' id='word_1_582' title='bbox 1091 4524 1254 4596; x_wconf 69' lang='grc' dir='ltr'>ἀνὴρ,</span> <span class='ocrx_word' id='word_1_583' title='bbox 1285 4523 1363 4587; x_wconf 80' lang='grc' dir='ltr'>ὡς</span> <span class='ocrx_word' id='word_1_584' title='bbox 1393 4523 1432 4593; x_wconf 76' lang='grc' dir='ltr'><strong>ἢ</strong></span> <span class='ocrx_word' id='word_1_585' title='bbox 1462 4541 1523 4578; x_wconf 88' lang='grc' dir='ltr'><strong>τε</strong></span> <span class='ocrx_word' id='word_1_586' title='bbox 1560 4521 1699 4593; x_wconf 81' lang='grc' dir='ltr'>σὰρξ</span> <span class='ocrx_word' id='word_1_587' title='bbox 1737 4523 1889 4588; x_wconf 83' lang='grc' dir='ltr'>Θεὸς,</span> 
     </span>
    </p>
   </div>
   <div class='ocr_carea' id='block_1_81' title="bbox 296 4613 1891 4690">
    <p class='ocr_par' dir='ltr' id='par_1_81' title="bbox 296 4613 1891 4690">
     <span class='ocr_line' id='line_1_81' title="bbox 296 4613 1891 4690; baseline -0.005 -17"><span class='ocrx_word' id='word_1_588' title='bbox 296 4619 398 4674; x_wconf 76' lang='grc' dir='ltr'>καὶ</span> <span class='ocrx_word' id='word_1_589' title='bbox 437 4621 470 4690; x_wconf 77' lang='grc' dir='ltr'>ἡ</span> <span class='ocrx_word' id='word_1_590' title='bbox 513 4618 636 4672; x_wconf 80' lang='grc' dir='ltr'>κατ’</span> <span class='ocrx_word' id='word_1_591' title='bbox 673 4617 846 4688; x_wconf 79' lang='grc' dir='ltr'>αὐτὴν</span> <span class='ocrx_word' id='word_1_592' title='bbox 873 4615 1141 4686; x_wconf 77' lang='grc' dir='ltr'>οὐσιώδης</span> <span class='ocrx_word' id='word_1_593' title='bbox 1179 4615 1452 4685; x_wconf 77' lang='grc' dir='ltr'>ἐνέργεια,</span> <span class='ocrx_word' id='word_1_594' title='bbox 1481 4613 1602 4667; x_wconf 87' lang='grc' dir='ltr'>θεία</span> <span class='ocrx_word' id='word_1_595' title='bbox 1646 4616 1712 4685; x_wconf 81' lang='grc' dir='ltr'>τῇ</span> <span class='ocrx_word' id='word_1_596' title='bbox 1753 4613 1891 4685; x_wconf 80' lang='grc' dir='ltr'>πρὸς</span> 
     </span>
    </p>
   </div>
   <div class='ocr_carea' id='block_1_82' title="bbox 296 4705 1892 4782">
    <p class='ocr_par' dir='ltr' id='par_1_82' title="bbox 296 4705 1892 4782">
     <span class='ocr_line' id='line_1_82' title="bbox 296 4705 1892 4782; baseline -0.002 -19"><span class='ocrx_word' id='word_1_597' title='bbox 296 4712 365 4782; x_wconf 72' lang='grc' dir='ltr'>τῇ</span> <span class='ocrx_word' id='word_1_598' title='bbox 403 4709 565 4780; x_wconf 80' lang='grc' dir='ltr'>φύσει</span> <span class='ocrx_word' id='word_1_599' title='bbox 607 4707 740 4763; x_wconf 76' lang='grc' dir='ltr'>Θεὸν</span> <span class='ocrx_word' id='word_1_600' title='bbox 785 4707 962 4777; x_wconf 84' lang='grc' dir='ltr'>Λόγον</span> <span class='ocrx_word' id='word_1_601' title='bbox 1001 4706 1194 4760; x_wconf 79' lang='grc' dir='ltr'>ἐνώσει</span> <span class='ocrx_word' id='word_1_602' title='bbox 1241 4706 1539 4776; x_wconf 83' lang='grc' dir='ltr'>γεγένηται</span> <span class='ocrx_word' id='word_1_603' title='bbox 1614 4745 1630 4770; x_wconf 96' lang='grc'><strong>,</strong></span> <span class='ocrx_word' id='word_1_604' title='bbox 1681 4706 1776 4758; x_wconf 79' lang='grc' dir='ltr'><strong>καὶ</strong></span> <span class='ocrx_word' id='word_1_605' title='bbox 1822 4705 1892 4760; x_wconf 79' lang='grc' dir='ltr'>τὰ</span> 
     </span>
    </p>
   </div>
   <div class='ocr_carea' id='block_1_83' title="bbox 299 4792 1891 4873">
    <p class='ocr_par' dir='ltr' id='par_1_83' title="bbox 299 4792 1891 4873">
     <span class='ocr_line' id='line_1_83' title="bbox 299 4792 1891 4873; baseline -0.004 -18"><span class='ocrx_word' id='word_1_606' title='bbox 299 4801 446 4872; x_wconf 75' lang='grc' dir='ltr'>ὑπὲρ</span> <span class='ocrx_word' id='word_1_607' title='bbox 477 4801 766 4873; x_wconf 73' lang='grc' dir='ltr'>ἄνθρωπον</span> <span class='ocrx_word' id='word_1_608' title='bbox 801 4802 1043 4872; x_wconf 69' lang='grc' dir='ltr'>ἐνήργει,</span> <span class='ocrx_word' id='word_1_609' title='bbox 1073 4799 1148 4871; x_wconf 78' lang='grc' dir='ltr'>μὴ</span> <span class='ocrx_word' id='word_1_610' title='bbox 1195 4800 1442 4852; x_wconf 82' lang='grc' dir='ltr'>ὲκστᾶσα</span> <span class='ocrx_word' id='word_1_611' title='bbox 1479 4797 1692 4863; x_wconf 74' lang='grc' dir='ltr'>τούτου,</span> <span class='ocrx_word' id='word_1_612' title='bbox 1722 4792 1891 4868; x_wconf 70' lang='grc' dir='ltr'>οὗπερ</span> 
     </span>
    </p>
   </div>
   <div class='ocr_carea' id='block_1_84' title="bbox 296 4887 1887 4964">
    <p class='ocr_par' dir='ltr' id='par_1_84' title="bbox 296 4887 1887 4964">
     <span class='ocr_line' id='line_1_84' title="bbox 296 4887 1887 4964; baseline 0 -21"><span class='ocrx_word' id='word_1_613' title='bbox 296 4887 370 4964; x_wconf 76' lang='grc' dir='ltr'>ἦν</span> <span class='ocrx_word' id='word_1_614' title='bbox 399 4893 542 4947; x_wconf 71' lang='grc' dir='ltr'>κατὰ</span> <span class='ocrx_word' id='word_1_615' title='bbox 584 4891 750 4962; x_wconf 80' lang='grc' dir='ltr'>φύσιν</span> <span class='ocrx_word' id='word_1_616' title='bbox 773 4907 788 4922; x_wconf 83' lang='lat'><strong><em>°</em></strong></span> <span class='ocrx_word' id='word_1_617' title='bbox 820 4890 1012 4964; x_wconf 77' lang='grc' dir='ltr'>ὥσπερ</span> <span class='ocrx_word' id='word_1_618' title='bbox 1055 4887 1148 4946; x_wconf 75' lang='grc' dir='ltr'>οὖν</span> <span class='ocrx_word' id='word_1_619' title='bbox 1193 4893 1293 4946; x_wconf 78' lang='grc' dir='ltr'>καὶ</span> <span class='ocrx_word' id='word_1_620' title='bbox 1337 4890 1501 4954; x_wconf 83' lang='grc' dir='ltr'>αὐτὸς</span> <span class='ocrx_word' id='word_1_621' title='bbox 1532 4893 1562 4944; x_wconf 87' lang='grc' dir='ltr'>ὁ</span> <span class='ocrx_word' id='word_1_622' title='bbox 1597 4889 1772 4960; x_wconf 73' lang='grc' dir='ltr'>Λόγος</span> <span class='ocrx_word' id='word_1_623' title='bbox 1819 4893 1887 4963; x_wconf 72' lang='grc' dir='ltr'>τῇ</span> 
     </span>
    </p>
   </div>
   <div class='ocr_carea' id='block_1_85' title="bbox 296 4979 1889 5053">
    <p class='ocr_par' dir='ltr' id='par_1_85' title="bbox 296 4979 1889 5053">
     <span class='ocr_line' id='line_1_85' title="bbox 296 4979 1889 5053; baseline -0.004 -17"><span class='ocrx_word' id='word_1_624' title='bbox 296 4983 506 5052; x_wconf 65' lang='grc' dir='ltr'>ταύτης</span> <span class='ocrx_word' id='word_1_625' title='bbox 539 4981 843 5053; x_wconf 76' lang='grc' dir='ltr'>προσλήψει</span> <span class='ocrx_word' id='word_1_626' title='bbox 865 4981 932 5036; x_wconf 82' lang='grc' dir='ltr'>δι’</span> <span class='ocrx_word' id='word_1_627' title='bbox 961 4984 1109 5053; x_wconf 63' lang='grc' dir='ltr'>ἡμᾶς</span> <span class='ocrx_word' id='word_1_628' title='bbox 1137 4981 1404 5044; x_wconf 73' lang='grc' dir='ltr'>ἑκουσίως</span> <span class='ocrx_word' id='word_1_629' title='bbox 1426 4981 1652 5050; x_wconf 87' lang='grc' dir='ltr'>γέγονεν</span> <span class='ocrx_word' id='word_1_630' title='bbox 1675 4979 1889 5051; x_wconf 42' lang='grc' dir='ltr'>ἀνθρωε</span> 
     </span>
    </p>
   </div>
   <div class='ocr_carea' id='block_1_86' title="bbox 297 5072 1890 5145">
    <p class='ocr_par' dir='ltr' id='par_1_86' title="bbox 297 5072 1890 5145">
     <span class='ocr_line' id='line_1_86' title="bbox 297 5072 1890 5145; baseline -0.003 -15"><span class='ocrx_word' id='word_1_631' title='bbox 297 5093 423 5141; x_wconf 79' lang='grc' dir='ltr'>πος,</span> <span class='ocrx_word' id='word_1_632' title='bbox 458 5075 532 5132; x_wconf 82' lang='grc' dir='ltr'>τὰ</span> <span class='ocrx_word' id='word_1_633' title='bbox 572 5075 719 5132; x_wconf 75' lang='grc' dir='ltr'>κατὰ</span> <span class='ocrx_word' id='word_1_634' title='bbox 755 5074 1047 5143; x_wconf 75' lang='grc' dir='ltr'>ἄνθρωπον</span> <span class='ocrx_word' id='word_1_635' title='bbox 1089 5072 1364 5145; x_wconf 71' lang='grc' dir='ltr'>ἐνεργῶν·</span> <span class='ocrx_word' id='word_1_636' title='bbox 1391 5072 1596 5144; x_wconf 86' lang='grc' dir='ltr'>καίπερ</span> <span class='ocrx_word' id='word_1_637' title='bbox 1628 5072 1890 5144; x_wconf 80' lang='grc' dir='ltr'>ὑπάρχων</span> 
     </span>
    </p>
   </div>
   <div class='ocr_carea' id='block_1_87' title="bbox 298 5151 1930 5237">
    <p class='ocr_par' dir='ltr' id='par_1_87' title="bbox 298 5151 1930 5237">
     <span class='ocr_line' id='line_1_87' title="bbox 298 5151 1930 5237; baseline -0.002 -17"><span class='ocrx_word' id='word_1_638' title='bbox 298 5166 464 5237; x_wconf 78' lang='grc' dir='ltr'>φύσει</span> <span class='ocrx_word' id='word_1_639' title='bbox 484 5164 638 5230; x_wconf 84' lang='grc' dir='ltr'>Θεὸς,</span> <span class='ocrx_word' id='word_1_640' title='bbox 671 5163 984 5237; x_wconf 78' lang='grc' dir='ltr'>διαγορεύει</span> <span class='ocrx_word' id='word_1_641' title='bbox 1017 5161 1228 5229; x_wconf 79' lang='grc' dir='ltr'>τοῦτον,</span> <span class='ocrx_word' id='word_1_642' title='bbox 1267 5163 1342 5234; x_wconf 76' lang='grc' dir='ltr'>μὴ</span> <span class='ocrx_word' id='word_1_643' title='bbox 1366 5161 1690 5235; x_wconf 77' lang='grc' dir='ltr'>παντουργῷ</span> <span class='ocrx_word' id='word_1_644' title='bbox 1716 5179 1890 5232; x_wconf 85' lang='grc' dir='ltr'>προσ·</span> <span class='ocrx_word' id='word_1_645' title='bbox 1920 5151 1930 5160; x_wconf 79' lang='grc'><em>’</em></span> 
     </span>
    </p>
   </div>
   <div class='ocr_carea' id='block_1_88' title="bbox 296 5253 1891 5328">
    <p class='ocr_par' dir='ltr' id='par_1_88' title="bbox 296 5253 1891 5328">
     <span class='ocr_line' id='line_1_88' title="bbox 296 5253 1891 5328; baseline -0.002 -16"><span class='ocrx_word' id='word_1_646' title='bbox 296 5258 543 5328; x_wconf 77' lang='grc' dir='ltr'>τάγματι</span> <span class='ocrx_word' id='word_1_647' title='bbox 583 5256 748 5326; x_wconf 79' lang='grc' dir='ltr'>μόνον</span> <span class='ocrx_word' id='word_1_648' title='bbox 796 5255 982 5314; x_wconf 75' lang='grc' dir='ltr'>ἰᾶσθαι</span> <span class='ocrx_word' id='word_1_649' title='bbox 1023 5257 1120 5310; x_wconf 73' lang='grc' dir='ltr'>καὶ</span> <span class='ocrx_word' id='word_1_650' title='bbox 1166 5254 1478 5320; x_wconf 75' lang='grc' dir='ltr'>ζωοποιεῖν,</span> <span class='ocrx_word' id='word_1_651' title='bbox 1523 5255 1598 5320; x_wconf 74' lang='grc' dir='ltr'><strong>ὡς</strong></span> <span class='ocrx_word' id='word_1_652' title='bbox 1647 5255 1725 5326; x_wconf 83' lang='grc' dir='ltr'>μὴ</span> <span class='ocrx_word' id='word_1_653' title='bbox 1756 5253 1891 5309; x_wconf 83' lang='grc' dir='ltr'>Θεὸν</span> 
     </span>
    </p>
   </div>
   <div class='ocr_carea' id='block_1_89' title="bbox 296 5346 1891 5420">
    <p class='ocr_par' dir='ltr' id='par_1_89' title="bbox 296 5346 1891 5420">
     <span class='ocr_line' id='line_1_89' title="bbox 296 5346 1891 5420; baseline -0.002 -15"><span class='ocrx_word' id='word_1_654' title='bbox 296 5351 430 5405; x_wconf 70' lang='grc' dir='ltr'>ὄντα</span> <span class='ocrx_word' id='word_1_655' title='bbox 469 5350 708 5420; x_wconf 83' lang='grc' dir='ltr'>γυμνόν·</span> <span class='ocrx_word' id='word_1_656' title='bbox 760 5349 900 5404; x_wconf 78' lang='grc' dir='ltr'>ἀλλὰ</span> <span class='ocrx_word' id='word_1_657' title='bbox 950 5348 1276 5420; x_wconf 87' lang='grc' dir='ltr'>συνεργάτιν</span> <span class='ocrx_word' id='word_1_658' title='bbox 1318 5346 1512 5420; x_wconf 83' lang='grc' dir='ltr'>ὥσπερ</span> <span class='ocrx_word' id='word_1_659' title='bbox 1547 5349 1693 5416; x_wconf 83' lang='grc' dir='ltr'>τινὰ,</span> <span class='ocrx_word' id='word_1_660' title='bbox 1752 5349 1891 5420; x_wconf 71' lang='grc' dir='ltr'>πρὸς</span> 
     </span>
    </p>
   </div>
   <div class='ocr_carea' id='block_1_90' title="bbox 295 5440 1891 5512">
    <p class='ocr_par' dir='ltr' id='par_1_90' title="bbox 295 5440 1891 5512">
     <span class='ocr_line' id='line_1_90' title="bbox 295 5440 1891 5512; baseline -0.001 -15"><span class='ocrx_word' id='word_1_661' title='bbox 295 5442 460 5497; x_wconf 82' lang='grc' dir='ltr'>τοῦτο</span> <span class='ocrx_word' id='word_1_662' title='bbox 495 5442 561 5512; x_wconf 82' lang='grc' dir='ltr'>δὴ</span> <span class='ocrx_word' id='word_1_663' title='bbox 606 5441 865 5512; x_wconf 82' lang='grc' dir='ltr'>μάλιστα,</span> <span class='ocrx_word' id='word_1_664' title='bbox 909 5442 1012 5512; x_wconf 83' lang='grc' dir='ltr'>τὴν</span> <span class='ocrx_word' id='word_1_665' title='bbox 1047 5441 1213 5510; x_wconf 80' lang='grc' dir='ltr'>ἁγίαν</span> <span class='ocrx_word' id='word_1_666' title='bbox 1259 5440 1427 5498; x_wconf 75' lang='grc' dir='ltr'>αὐτοῦ</span> <span class='ocrx_word' id='word_1_667' title='bbox 1457 5441 1635 5512; x_wconf 67' lang='grc' dir='ltr'>σάρκα</span> <span class='ocrx_word' id='word_1_668' title='bbox 1675 5441 1891 5511; x_wconf 70' lang='grc' dir='ltr'>λαμῦάν-</span> 
     </span>
    </p>
   </div>
   <div class='ocr_carea' id='block_1_91' title="bbox 296 5531 1890 5606">
    <p class='ocr_par' dir='ltr' id='par_1_91' title="bbox 296 5531 1890 5606">
     <span class='ocr_line' id='line_1_91' title="bbox 296 5531 1890 5606; baseline -0.001 -18"><span class='ocrx_word' id='word_1_669' title='bbox 296 5551 412 5588; x_wconf 86' lang='grc' dir='ltr'>νειν</span> <span class='ocrx_word' id='word_1_670' title='bbox 460 5533 782 5602; x_wconf 68' lang='grc' dir='ltr'>ἐπείγεσθαι</span> <span class='ocrx_word' id='word_1_671' title='bbox 807 5549 821 5563; x_wconf 93' lang='grc'><strong>·</strong></span> <span class='ocrx_word' id='word_1_672' title='bbox 855 5535 951 5587; x_wconf 77' lang='grc' dir='ltr'>καὶ</span> <span class='ocrx_word' id='word_1_673' title='bbox 990 5532 1280 5597; x_wconf 79' lang='grc' dir='ltr'>ζωοποιεῖν</span> <span class='ocrx_word' id='word_1_674' title='bbox 1310 5533 1407 5586; x_wconf 77' lang='grc' dir='ltr'><strong>καὶ</strong></span> <span class='ocrx_word' id='word_1_675' title='bbox 1450 5531 1778 5606; x_wconf 82' lang='grc' dir='ltr'>θεραπεύειν</span> <span class='ocrx_word' id='word_1_676' title='bbox 1823 5533 1890 5586; x_wconf 85' lang='grc' dir='ltr'>δι’</span> 
     </span>
    </p>
   </div>
   <div class='ocr_carea' id='block_1_92' title="bbox 298 5624 1891 5697">
    <p class='ocr_par' dir='ltr' id='par_1_92' title="bbox 298 5624 1891 5697">
     <span class='ocr_line' id='line_1_92' title="bbox 298 5624 1891 5697; baseline -0.003 -15"><span class='ocrx_word' id='word_1_677' title='bbox 298 5628 474 5696; x_wconf 73' lang='grc' dir='ltr'>αὐτῆς</span> <span class='ocrx_word' id='word_1_678' title='bbox 497 5627 592 5681; x_wconf 75' lang='grc' dir='ltr'><strong>καὶ</strong></span> <span class='ocrx_word' id='word_1_679' title='bbox 619 5627 720 5695; x_wconf 82' lang='grc' dir='ltr'><strong>τῆς</strong></span> <span class='ocrx_word' id='word_1_680' title='bbox 750 5626 872 5680; x_wconf 83' lang='grc' dir='ltr'>κατ’</span> <span class='ocrx_word' id='word_1_681' title='bbox 901 5625 1070 5697; x_wconf 76' lang='grc' dir='ltr'>αὐτὴν</span> <span class='ocrx_word' id='word_1_682' title='bbox 1094 5624 1238 5695; x_wconf 76' lang='grc' dir='ltr'>ἁφῆς</span> <span class='ocrx_word' id='word_1_683' title='bbox 1277 5628 1371 5679; x_wconf 75' lang='grc' dir='ltr'><strong>καὶ</strong></span> <span class='ocrx_word' id='word_1_684' title='bbox 1397 5625 1614 5695; x_wconf 75' lang='grc' dir='ltr'>φωνῆς’</span> <span class='ocrx_word' id='word_1_685' title='bbox 1648 5626 1735 5680; x_wconf 86' lang='grc' dir='ltr'>ἴνα</span> <span class='ocrx_word' id='word_1_686' title='bbox 1759 5624 1891 5678; x_wconf 80' lang='grc' dir='ltr'>ταύ-</span> 
     </span>
    </p>
   </div>
   <div class='ocr_carea' id='block_1_93' title="bbox 299 5717 1886 5792">
    <p class='ocr_par' dir='ltr' id='par_1_93' title="bbox 299 5717 1886 5792">
     <span class='ocr_line' id='line_1_93' title="bbox 299 5717 1886 5792; baseline -0.003 -16"><span class='ocrx_word' id='word_1_687' title='bbox 299 5736 400 5790; x_wconf 57' lang='grc' dir='ltr'>τῃ</span> <span class='ocrx_word' id='word_1_688' title='bbox 433 5718 660 5792; x_wconf 68' lang='grc' dir='ltr'>δεικνύῃ</span> <span class='ocrx_word' id='word_1_689' title='bbox 691 5717 978 5784; x_wconf 77' lang='grc' dir='ltr'>ζωοποιεῖν</span> <span class='ocrx_word' id='word_1_690' title='bbox 1027 5718 1360 5790; x_wconf 71' lang='grc' dir='ltr'>δυναμένην,</span> <span class='ocrx_word' id='word_1_691' title='bbox 1397 5717 1488 5774; x_wconf 62' lang='grc' dir='ltr'><strong>διὰ</strong></span> <span class='ocrx_word' id='word_1_692' title='bbox 1523 5718 1582 5774; x_wconf 79' lang='grc' dir='ltr'><strong>τὸ</strong></span> <span class='ocrx_word' id='word_1_693' title='bbox 1620 5717 1754 5788; x_wconf 78' lang='grc' dir='ltr'>πρὸς</span> <span class='ocrx_word' id='word_1_694' title='bbox 1787 5719 1886 5772; x_wconf 78' lang='grc' dir='ltr'><strong>αὺ-</strong></span> 
     </span>
    </p>
   </div>
   <div class='ocr_carea' id='block_1_94' title="bbox 1986 3610 3577 3679">
    <p class='ocr_par' dir='ltr' id='par_1_94' title="bbox 1986 3610 3577 3679">
     <span class='ocr_line' id='line_1_94' title="bbox 1986 3610 3577 3679; baseline -0.001 -15"><span class='ocrx_word' id='word_1_695' title='bbox 1986 3610 2231 3664; x_wconf 90' lang='lat' dir='ltr'><strong>nientem</strong></span> <span class='ocrx_word' id='word_1_696' title='bbox 2289 3610 2442 3666; x_wconf 82' lang='lat' dir='ltr'><strong>enim</strong></span> <span class='ocrx_word' id='word_1_697' title='bbox 2503 3610 2700 3664; x_wconf 77' lang='lat' dir='ltr'><strong>doctor</strong></span> <span class='ocrx_word' id='word_1_698' title='bbox 2762 3619 3108 3667; x_wconf 73' lang='lat' dir='ltr'><strong>commentus</strong></span> <span class='ocrx_word' id='word_1_699' title='bbox 3166 3625 3392 3674; x_wconf 86' lang='lat' dir='ltr'><strong>vocem,</strong></span> <span class='ocrx_word' id='word_1_700' title='bbox 3454 3625 3577 3679; x_wconf 83' lang='lat' dir='ltr'><strong>quae</strong></span> 
     </span>
    </p>
   </div>
   <div class='ocr_carea' id='block_1_95' title="bbox 1984 3699 3577 3771">
    <p class='ocr_par' dir='ltr' id='par_1_95' title="bbox 1984 3699 3577 3771">
     <span class='ocr_line' id='line_1_95' title="bbox 1984 3699 3577 3771; baseline 0.001 -16"><span class='ocrx_word' id='word_1_701' title='bbox 1984 3709 2278 3770; x_wconf 82' lang='lat' dir='ltr'><strong>utramque</strong></span> <span class='ocrx_word' id='word_1_702' title='bbox 2322 3699 2738 3769; x_wconf 83' lang='lat' dir='ltr'><strong>operationem,</strong></span> <span class='ocrx_word' id='word_1_703' title='bbox 2775 3701 2853 3756; x_wconf 87' lang='lat' dir='ltr'><strong>uti</strong></span> <span class='ocrx_word' id='word_1_704' title='bbox 2907 3701 3186 3766; x_wconf 83' lang='lat' dir='ltr'><strong>dicebam,</strong></span> <span class='ocrx_word' id='word_1_705' title='bbox 3223 3701 3577 3771; x_wconf 87' lang='lat' dir='ltr'><strong>singulariter</strong></span> 
     </span>
    </p>
   </div>
   <div class='ocr_carea' id='block_1_96' title="bbox 1984 3791 3573 3867">
    <p class='ocr_par' dir='ltr' id='par_1_96' title="bbox 1984 3791 3573 3867">
     <span class='ocr_line' id='line_1_96' title="bbox 1984 3791 3573 3867; baseline 0.001 -22"><span class='ocrx_word' id='word_1_706' title='bbox 1984 3791 2196 3864; x_wconf 84' lang='lat' dir='ltr'><strong>prolata</strong></span> <span class='ocrx_word' id='word_1_707' title='bbox 2257 3791 2753 3861; x_wconf 80' lang='lat' dir='ltr'><strong>complecteretur,</strong></span> <span class='ocrx_word' id='word_1_708' title='bbox 2811 3793 3090 3867; x_wconf 84' lang='lat' dir='ltr'><strong>duplicem</strong></span> <span class='ocrx_word' id='word_1_709' title='bbox 3152 3791 3573 3863; x_wconf 88' lang='lat' dir='ltr'><strong>operationem,</strong></span> 
     </span>
    </p>
   </div>
   <div class='ocr_carea' id='block_1_97' title="bbox 1985 3880 3575 3956">
    <p class='ocr_par' dir='ltr' id='par_1_97' title="bbox 1985 3880 3575 3956">
     <span class='ocr_line' id='line_1_97' title="bbox 1985 3880 3575 3956; baseline -0.002 -16"><span class='ocrx_word' id='word_1_710' title='bbox 1985 3882 2108 3952; x_wconf 84' lang='lat' dir='ltr'><strong>ejus</strong></span> <span class='ocrx_word' id='word_1_711' title='bbox 2135 3880 2232 3954; x_wconf 88' lang='lat' dir='ltr'><strong>qui</strong></span> <span class='ocrx_word' id='word_1_712' title='bbox 2258 3881 2465 3952; x_wconf 84' lang='lat' dir='ltr'><strong>duplex</strong></span> <span class='ocrx_word' id='word_1_713' title='bbox 2493 3889 2690 3939; x_wconf 82' lang='lat' dir='ltr'><strong>natura</strong></span> <span class='ocrx_word' id='word_1_714' title='bbox 2722 3883 2817 3948; x_wconf 88' lang='lat' dir='ltr'><strong>sit,</strong></span> <span class='ocrx_word' id='word_1_715' title='bbox 2841 3884 3335 3942; x_wconf 84' lang='lat' dir='ltr'><strong>circumlocutione</strong></span> <span class='ocrx_word' id='word_1_716' title='bbox 3362 3883 3575 3956; x_wconf 77' lang='lat' dir='ltr'><strong>signiti-</strong></span> 
     </span>
    </p>
   </div>
   <div class='ocr_carea' id='block_1_98' title="bbox 1986 3968 2150 4030">
    <p class='ocr_par' dir='ltr' id='par_1_98' title="bbox 1986 3968 2150 4030">
     <span class='ocr_line' id='line_1_98' title="bbox 1986 3968 2150 4030; baseline -0.006 -7"><span class='ocrx_word' id='word_1_717' title='bbox 1986 3968 2150 4030; x_wconf 77' lang='lat' dir='ltr'><strong>cavit.</strong></span> 
     </span>
    </p>
   </div>
   <div class='ocr_carea' id='block_1_99' title="bbox 2063 4061 3578 4140">
    <p class='ocr_par' dir='ltr' id='par_1_99' title="bbox 2063 4061 3578 4140">
     <span class='ocr_line' id='line_1_99' title="bbox 2063 4061 3578 4140; baseline 0.003 -23"><span class='ocrx_word' id='word_1_718' title='bbox 2063 4061 2171 4118; x_wconf 87' lang='lat' dir='ltr'><strong>Sed</strong></span> <span class='ocrx_word' id='word_1_719' title='bbox 2203 4070 2261 4118; x_wconf 92' lang='lat' dir='ltr'><strong>et</strong></span> <span class='ocrx_word' id='word_1_720' title='bbox 2290 4061 2385 4122; x_wconf 84' lang='lat' dir='ltr'><strong>illa</strong></span> <span class='ocrx_word' id='word_1_721' title='bbox 2417 4063 2813 4134; x_wconf 85' lang='lat' dir='ltr'><strong>sapientissimi</strong></span> <span class='ocrx_word' id='word_1_722' title='bbox 2841 4063 3031 4140; x_wconf 73' lang='lat' dir='ltr'><strong>Cyrilli</strong></span> <span class='ocrx_word' id='word_1_723' title='bbox 3063 4081 3079 4122; x_wconf 85' lang='lat'><strong>:</strong></span> <span class='ocrx_word' id='word_1_724' title='bbox 3120 4082 3138 4116; x_wconf 78' lang='grc' dir='ltr'><strong>ι</strong></span> <span class='ocrx_word' id='word_1_725' title='bbox 3169 4064 3290 4121; x_wconf 88' lang='lat' dir='ltr'><strong>Una</strong></span> <span class='ocrx_word' id='word_1_726' title='bbox 3319 4073 3378 4120; x_wconf 91' lang='lat' dir='ltr'><strong>et</strong></span> <span class='ocrx_word' id='word_1_727' title='bbox 3401 4065 3578 4122; x_wconf 83' lang='lat' dir='ltr'><strong>allinis</strong></span> 
     </span>
    </p>
   </div>
   <div class='ocr_carea' id='block_1_100' title="bbox 1992 4156 3578 4230">
    <p class='ocr_par' dir='ltr' id='par_1_100' title="bbox 1992 4156 3578 4230">
     <span class='ocr_line' id='line_1_100' title="bbox 1992 4156 3578 4230; baseline 0.001 -16"><span class='ocrx_word' id='word_1_728' title='bbox 1992 4156 2284 4226; x_wconf 84' lang='lat' dir='ltr'><strong>utriusque</strong></span> <span class='ocrx_word' id='word_1_729' title='bbox 2335 4171 2567 4213; x_wconf 89' lang='lat' dir='ltr'><strong>munere</strong></span> <span class='ocrx_word' id='word_1_730' title='bbox 2610 4157 2760 4213; x_wconf 89' lang='lat' dir='ltr'><strong>edita</strong></span> <span class='ocrx_word' id='word_1_731' title='bbox 2804 4159 3090 4228; x_wconf 81' lang='lat' dir='ltr'><strong>operatio,</strong></span> <span class='ocrx_word' id='word_1_732' title='bbox 3123 4177 3144 4210; x_wconf 76' lang='grc' dir='ltr'><strong>ι</strong></span> <span class='ocrx_word' id='word_1_733' title='bbox 3192 4159 3375 4230; x_wconf 87' lang='lat' dir='ltr'><strong>magni</strong></span> <span class='ocrx_word' id='word_1_734' title='bbox 3411 4160 3578 4230; x_wconf 85' lang='lat' dir='ltr'><strong>hujus</strong></span> 
     </span>
    </p>
   </div>
   <div class='ocr_carea' id='block_1_101' title="bbox 1989 4248 3578 4321">
    <p class='ocr_par' dir='ltr' id='par_1_101' title="bbox 1989 4248 3578 4321">
     <span class='ocr_line' id='line_1_101' title="bbox 1989 4248 3578 4321; baseline 0.003 -17"><span class='ocrx_word' id='word_1_735' title='bbox 1989 4248 2171 4304; x_wconf 90' lang='lat' dir='ltr'><strong>Patris</strong></span> <span class='ocrx_word' id='word_1_736' title='bbox 2197 4248 2448 4304; x_wconf 81' lang='lat' dir='ltr'><strong>maximae</strong></span> <span class='ocrx_word' id='word_1_737' title='bbox 2475 4248 2851 4321; x_wconf 60' lang='lat' dir='ltr'><strong>intelligentia</strong></span> <span class='ocrx_word' id='word_1_738' title='bbox 2877 4251 3128 4320; x_wconf 80' lang='lat' dir='ltr'><strong>proxima</strong></span> <span class='ocrx_word' id='word_1_739' title='bbox 3158 4258 3264 4305; x_wconf 90' lang='lat' dir='ltr'><strong>est.</strong></span> <span class='ocrx_word' id='word_1_740' title='bbox 3290 4250 3425 4306; x_wconf 86' lang='lat' dir='ltr'><strong>Nam</strong></span> <span class='ocrx_word' id='word_1_741' title='bbox 3461 4251 3578 4321; x_wconf 84' lang='lat' dir='ltr'><strong>ipse</strong></span> 
     </span>
    </p>
   </div>
   <div class='ocr_carea' id='block_1_102' title="bbox 1991 4341 3578 4413">
    <p class='ocr_par' dir='ltr' id='par_1_102' title="bbox 1991 4341 3578 4413">
     <span class='ocr_line' id='line_1_102' title="bbox 1991 4341 3578 4413; baseline 0.002 -19"><span class='ocrx_word' id='word_1_742' title='bbox 1991 4355 2213 4412; x_wconf 88' lang='lat' dir='ltr'><strong>quoque</strong></span> <span class='ocrx_word' id='word_1_743' title='bbox 2261 4356 2531 4397; x_wconf 89' lang='lat' dir='ltr'><strong>summam</strong></span> <span class='ocrx_word' id='word_1_744' title='bbox 2571 4341 2865 4412; x_wconf 89' lang='lat' dir='ltr'><strong>quamdam</strong></span> <span class='ocrx_word' id='word_1_745' title='bbox 2915 4343 3253 4400; x_wconf 81' lang='lat' dir='ltr'><strong>naturalium</strong></span> <span class='ocrx_word' id='word_1_746' title='bbox 3299 4343 3578 4413; x_wconf 83' lang='lat' dir='ltr'><strong>Operatio—</strong></span> 
     </span>
    </p>
   </div>
   <div class='ocr_carea' id='block_1_103' title="bbox 1925 4433 3578 4523">
    <p class='ocr_par' dir='ltr' id='par_1_103' title="bbox 1925 4433 3578 4523">
     <span class='ocr_line' id='line_1_103' title="bbox 1925 4433 3578 4523; baseline -0.001 -34"><span class='ocrx_word' id='word_1_747' title='bbox 1925 4471 1966 4523; x_wconf 76' lang='grc' dir='ltr'>υ</span> <span class='ocrx_word' id='word_1_748' title='bbox 1989 4448 2146 4498; x_wconf 77' lang='lat' dir='ltr'><strong>num,</strong></span> <span class='ocrx_word' id='word_1_749' title='bbox 2175 4433 2541 4489; x_wconf 72' lang='lat' dir='ltr'><strong>cohzesionem</strong></span> <span class='ocrx_word' id='word_1_750' title='bbox 2568 4447 2632 4488; x_wconf 81' lang='lat' dir='ltr'><strong>ac</strong></span> <span class='ocrx_word' id='word_1_751' title='bbox 2659 4433 2920 4488; x_wconf 91' lang='lat' dir='ltr'><strong>unionem</strong></span> <span class='ocrx_word' id='word_1_752' title='bbox 2943 4449 3042 4506; x_wconf 83' lang='lat' dir='ltr'><strong>per</strong></span> <span class='ocrx_word' id='word_1_753' title='bbox 3064 4433 3212 4492; x_wconf 88' lang='lat' dir='ltr'><strong>illam</strong></span> <span class='ocrx_word' id='word_1_754' title='bbox 3237 4433 3418 4489; x_wconf 88' lang='lat' dir='ltr'><strong>docet.</strong></span> <span class='ocrx_word' id='word_1_755' title='bbox 3441 4433 3578 4488; x_wconf 88' lang='lat' dir='ltr'><strong>Cum</strong></span> 
     </span>
    </p>
   </div>
   <div class='ocr_carea' id='block_1_104' title="bbox 1991 4522 3578 4590">
    <p class='ocr_par' dir='ltr' id='par_1_104' title="bbox 1991 4522 3578 4590">
     <span class='ocr_line' id='line_1_104' title="bbox 1991 4522 3578 4590; baseline 0.002 -12"><span class='ocrx_word' id='word_1_756' title='bbox 1991 4523 2140 4578; x_wconf 82' lang='lat' dir='ltr'><strong>enim</strong></span> <span class='ocrx_word' id='word_1_757' title='bbox 2169 4523 2337 4579; x_wconf 86' lang='lat' dir='ltr'><strong>etiam</strong></span> <span class='ocrx_word' id='word_1_758' title='bbox 2365 4523 2486 4580; x_wconf 88' lang='lat' dir='ltr'><strong>viro</strong></span> <span class='ocrx_word' id='word_1_759' title='bbox 2519 4522 2650 4579; x_wconf 88' lang='lat' dir='ltr'><strong>huic</strong></span> <span class='ocrx_word' id='word_1_760' title='bbox 2675 4523 2985 4580; x_wconf 86' lang='lat' dir='ltr'><strong>clarissimo</strong></span> <span class='ocrx_word' id='word_1_761' title='bbox 3011 4526 3376 4583; x_wconf 80' lang='lat' dir='ltr'><strong>constitutum</strong></span> <span class='ocrx_word' id='word_1_762' title='bbox 3411 4539 3578 4590; x_wconf 87' lang='lat' dir='ltr'><strong>esset,</strong></span> 
     </span>
    </p>
   </div>
   <div class='ocr_carea' id='block_1_105' title="bbox 1993 4614 3579 4689">
    <p class='ocr_par' dir='ltr' id='par_1_105' title="bbox 1993 4614 3579 4689">
     <span class='ocr_line' id='line_1_105' title="bbox 1993 4614 3579 4689; baseline 0.001 -19"><span class='ocrx_word' id='word_1_763' title='bbox 1993 4623 2056 4670; x_wconf 90' lang='lat' dir='ltr'><strong>ut</strong></span> <span class='ocrx_word' id='word_1_764' title='bbox 2099 4614 2428 4677; x_wconf 73' lang='lat' dir='ltr'><strong>ostenderet</strong></span> <span class='ocrx_word' id='word_1_765' title='bbox 2460 4631 2683 4670; x_wconf 86' lang='lat' dir='ltr'><strong>carnem</strong></span> <span class='ocrx_word' id='word_1_766' title='bbox 2729 4617 2924 4680; x_wconf 86' lang='lat' dir='ltr'><strong>Deum,</strong></span> <span class='ocrx_word' id='word_1_767' title='bbox 2960 4618 3191 4689; x_wconf 81' lang='lat' dir='ltr'><strong>ejusque</strong></span> <span class='ocrx_word' id='word_1_768' title='bbox 3231 4619 3579 4674; x_wconf 85' lang='lat' dir='ltr'><strong>essentialem</strong></span> 
     </span>
    </p>
   </div>
   <div class='ocr_carea' id='block_1_106' title="bbox 1994 4708 3580 4779">
    <p class='ocr_par' dir='ltr' id='par_1_106' title="bbox 1994 4708 3580 4779">
     <span class='ocr_line' id='line_1_106' title="bbox 1994 4708 3580 4779; baseline 0.001 -17"><span class='ocrx_word' id='word_1_769' title='bbox 1994 4708 2396 4779; x_wconf 84' lang='lat' dir='ltr'><strong>operationem,</strong></span> <span class='ocrx_word' id='word_1_770' title='bbox 2423 4708 2632 4763; x_wconf 87' lang='lat' dir='ltr'><strong>unione</strong></span> <span class='ocrx_word' id='word_1_771' title='bbox 2666 4725 2792 4766; x_wconf 87' lang='lat' dir='ltr'><strong>cum</strong></span> <span class='ocrx_word' id='word_1_772' title='bbox 2825 4710 3012 4765; x_wconf 85' lang='lat' dir='ltr'><strong>Verbo</strong></span> <span class='ocrx_word' id='word_1_773' title='bbox 3040 4719 3236 4766; x_wconf 86' lang='lat' dir='ltr'><strong>natura</strong></span> <span class='ocrx_word' id='word_1_774' title='bbox 3271 4711 3404 4775; x_wconf 90' lang='lat' dir='ltr'><strong>Deo,</strong></span> <span class='ocrx_word' id='word_1_775' title='bbox 3435 4710 3580 4764; x_wconf 82' lang='lat' dir='ltr'><strong>divi—</strong></span> 
     </span>
    </p>
   </div>
   <div class='ocr_carea' id='block_1_107' title="bbox 1993 4798 3581 4872">
    <p class='ocr_par' dir='ltr' id='par_1_107' title="bbox 1993 4798 3581 4872">
     <span class='ocr_line' id='line_1_107' title="bbox 1993 4798 3581 4872; baseline 0.001 -16"><span class='ocrx_word' id='word_1_776' title='bbox 1993 4815 2124 4856; x_wconf 76' lang='lat' dir='ltr'><strong>nam</strong></span> <span class='ocrx_word' id='word_1_777' title='bbox 2169 4798 2370 4855; x_wconf 80' lang='lat' dir='ltr'><strong>factam</strong></span> <span class='ocrx_word' id='word_1_778' title='bbox 2414 4816 2569 4866; x_wconf 90' lang='lat' dir='ltr'><strong>esse,</strong></span> <span class='ocrx_word' id='word_1_779' title='bbox 2615 4802 2937 4872; x_wconf 80' lang='lat' dir='ltr'><strong>majoraque</strong></span> <span class='ocrx_word' id='word_1_780' title='bbox 2984 4817 3149 4872; x_wconf 84' lang='lat' dir='ltr'><strong>quam</strong></span> <span class='ocrx_word' id='word_1_781' title='bbox 3195 4816 3295 4871; x_wconf 85' lang='lat' dir='ltr'><strong>pro</strong></span> <span class='ocrx_word' id='word_1_782' title='bbox 3340 4801 3581 4857; x_wconf 87' lang='lat' dir='ltr'><strong>hominis</strong></span> 
     </span>
    </p>
   </div>
   <div class='ocr_carea' id='block_1_108' title="bbox 1993 4890 3578 4962">
    <p class='ocr_par' dir='ltr' id='par_1_108' title="bbox 1993 4890 3578 4962">
     <span class='ocr_line' id='line_1_108' title="bbox 1993 4890 3578 4962; baseline 0.001 -17"><span class='ocrx_word' id='word_1_783' title='bbox 1993 4891 2209 4946; x_wconf 88' lang='lat' dir='ltr'><strong>ratione</strong></span> <span class='ocrx_word' id='word_1_784' title='bbox 2230 4907 2354 4947; x_wconf 86' lang='lat' dir='ltr'><strong>esse</strong></span> <span class='ocrx_word' id='word_1_785' title='bbox 2378 4900 2686 4962; x_wconf 86' lang='lat' dir='ltr'><strong>operatam,</strong></span> <span class='ocrx_word' id='word_1_786' title='bbox 2711 4908 2838 4948; x_wconf 86' lang='lat' dir='ltr'><strong>cum</strong></span> <span class='ocrx_word' id='word_1_787' title='bbox 2865 4891 2936 4947; x_wconf 87' lang='lat' dir='ltr'><strong>ab</strong></span> <span class='ocrx_word' id='word_1_788' title='bbox 2957 4906 3024 4949; x_wconf 88' lang='lat' dir='ltr'><strong>eo</strong></span> <span class='ocrx_word' id='word_1_789' title='bbox 3050 4890 3198 4960; x_wconf 86' lang='lat' dir='ltr'><strong>quod</strong></span> <span class='ocrx_word' id='word_1_790' title='bbox 3220 4901 3342 4945; x_wconf 87' lang='lat' dir='ltr'><strong>erat</strong></span> <span class='ocrx_word' id='word_1_791' title='bbox 3360 4900 3578 4956; x_wconf 87' lang='lat' dir='ltr'><strong>natura,</strong></span> 
     </span>
    </p>
   </div>
   <div class='ocr_carea' id='block_1_109' title="bbox 1991 4982 3577 5052">
    <p class='ocr_par' dir='ltr' id='par_1_109' title="bbox 1991 4982 3577 5052">
     <span class='ocr_line' id='line_1_109' title="bbox 1991 4982 3577 5052; baseline 0 -14"><span class='ocrx_word' id='word_1_792' title='bbox 1991 4983 2221 5040; x_wconf 75' lang='lat' dir='ltr'><strong>minime</strong></span> <span class='ocrx_word' id='word_1_793' title='bbox 2263 4985 2620 5048; x_wconf 84' lang='lat' dir='ltr'><strong>excessisset,</strong></span> <span class='ocrx_word' id='word_1_794' title='bbox 2663 4984 2742 5038; x_wconf 92' lang='lat' dir='ltr'><strong>uti</strong></span> <span class='ocrx_word' id='word_1_795' title='bbox 2781 4984 2954 5038; x_wconf 82' lang='lat' dir='ltr'><strong>etiam</strong></span> <span class='ocrx_word' id='word_1_796' title='bbox 2988 4982 3170 5052; x_wconf 85' lang='lat' dir='ltr'><strong>ipsum</strong></span> <span class='ocrx_word' id='word_1_797' title='bbox 3209 4982 3482 5047; x_wconf 80' lang='lat' dir='ltr'><strong>Verbum,</strong></span> <span class='ocrx_word' id='word_1_798' title='bbox 3515 4999 3577 5038; x_wconf 86' lang='lat' dir='ltr'><strong>ea</strong></span> 
     </span>
    </p>
   </div>
   <div class='ocr_carea' id='block_1_110' title="bbox 1990 5073 3577 5146">
    <p class='ocr_par' dir='ltr' id='par_1_110' title="bbox 1990 5073 3577 5146">
     <span class='ocr_line' id='line_1_110' title="bbox 1990 5073 3577 5146; baseline -0.003 -17"><span class='ocrx_word' id='word_1_799' title='bbox 1990 5085 2220 5146; x_wconf 89' lang='lat' dir='ltr'><strong>propter</strong></span> <span class='ocrx_word' id='word_1_800' title='bbox 2265 5090 2370 5130; x_wconf 89' lang='lat' dir='ltr'><strong>nos</strong></span> <span class='ocrx_word' id='word_1_801' title='bbox 2415 5083 2610 5145; x_wconf 85' lang='lat' dir='ltr'><strong>sponte</strong></span> <span class='ocrx_word' id='word_1_802' title='bbox 2653 5083 2966 5144; x_wconf 80' lang='lat' dir='ltr'><strong>assumpta,</strong></span> <span class='ocrx_word' id='word_1_803' title='bbox 3002 5073 3170 5130; x_wconf 86' lang='lat' dir='ltr'><strong>homo</strong></span> <span class='ocrx_word' id='word_1_804' title='bbox 3212 5073 3414 5128; x_wconf 86' lang='lat' dir='ltr'><strong>factum</strong></span> <span class='ocrx_word' id='word_1_805' title='bbox 3463 5081 3577 5135; x_wconf 90' lang='lat' dir='ltr'><strong>est,</strong></span> 
     </span>
    </p>
   </div>
   <div class='ocr_carea' id='block_1_111' title="bbox 1991 5163 3576 5236">
    <p class='ocr_par' dir='ltr' id='par_1_111' title="bbox 1991 5163 3576 5236">
     <span class='ocr_line' id='line_1_111' title="bbox 1991 5163 3576 5236; baseline -0.001 -16"><span class='ocrx_word' id='word_1_806' title='bbox 1991 5165 2234 5222; x_wconf 87' lang='lat' dir='ltr'><strong>humana</strong></span> <span class='ocrx_word' id='word_1_807' title='bbox 2286 5180 2556 5234; x_wconf 82' lang='lat' dir='ltr'><strong>cperans,</strong></span> <span class='ocrx_word' id='word_1_808' title='bbox 2609 5180 2930 5236; x_wconf 75' lang='lat' dir='ltr'><strong>quanquam</strong></span> <span class='ocrx_word' id='word_1_809' title='bbox 2981 5173 3102 5218; x_wconf 87' lang='lat' dir='ltr'><strong>erat</strong></span> <span class='ocrx_word' id='word_1_810' title='bbox 3150 5163 3297 5218; x_wconf 87' lang='lat' dir='ltr'><strong>Deus</strong></span> <span class='ocrx_word' id='word_1_811' title='bbox 3347 5173 3576 5229; x_wconf 84' lang='lat' dir='ltr'><strong>natura;</strong></span> 
     </span>
    </p>
   </div>
   <div class='ocr_carea' id='block_1_112' title="bbox 1991 5256 3578 5329">
    <p class='ocr_par' dir='ltr' id='par_1_112' title="bbox 1991 5256 3578 5329">
     <span class='ocr_line' id='line_1_112' title="bbox 1991 5256 3578 5329; baseline -0.002 -14"><span class='ocrx_word' id='word_1_812' title='bbox 1991 5259 2173 5329; x_wconf 84' lang='lat' dir='ltr'><strong>ipsum</strong></span> <span class='ocrx_word' id='word_1_813' title='bbox 2222 5259 2414 5326; x_wconf 86' lang='lat' dir='ltr'><strong>docet,</strong></span> <span class='ocrx_word' id='word_1_814' title='bbox 2458 5259 2666 5316; x_wconf 83' lang='lat' dir='ltr'><strong>nedum</strong></span> <span class='ocrx_word' id='word_1_815' title='bbox 2711 5259 2962 5329; x_wconf 64' lang='lat' dir='ltr'><strong>iussione</strong></span> <span class='ocrx_word' id='word_1_816' title='bbox 3005 5259 3254 5318; x_wconf 74' lang='lat' dir='ltr'><strong>omnium</strong></span> <span class='ocrx_word' id='word_1_817' title='bbox 3301 5256 3578 5312; x_wconf 76' lang='lat' dir='ltr'><strong>ell‘cetrice</strong></span> 
     </span>
    </p>
   </div>
   <div class='ocr_carea' id='block_1_113' title="bbox 1991 5349 3581 5420">
    <p class='ocr_par' dir='ltr' id='par_1_113' title="bbox 1991 5349 3581 5420">
     <span class='ocr_line' id='line_1_113' title="bbox 1991 5349 3581 5420; baseline -0.001 -14"><span class='ocrx_word' id='word_1_818' title='bbox 1991 5367 2187 5407; x_wconf 88' lang='lat' dir='ltr'><strong>curare</strong></span> <span class='ocrx_word' id='word_1_819' title='bbox 2229 5366 2293 5407; x_wconf 92' lang='lat' dir='ltr'><strong>ac</strong></span> <span class='ocrx_word' id='word_1_820' title='bbox 2335 5351 2503 5407; x_wconf 88' lang='lat' dir='ltr'><strong>vitam</strong></span> <span class='ocrx_word' id='word_1_821' title='bbox 2553 5351 2832 5416; x_wconf 86' lang='lat' dir='ltr'><strong>tribuere;</strong></span> <span class='ocrx_word' id='word_1_822' title='bbox 2880 5359 2942 5404; x_wconf 93' lang='lat' dir='ltr'><strong>ut</strong></span> <span class='ocrx_word' id='word_1_823' title='bbox 2981 5351 3076 5420; x_wconf 91' lang='lat' dir='ltr'><strong>qui</strong></span> <span class='ocrx_word' id='word_1_824' title='bbox 3124 5365 3235 5404; x_wconf 90' lang='lat' dir='ltr'><strong>non</strong></span> <span class='ocrx_word' id='word_1_825' title='bbox 3281 5349 3354 5404; x_wconf 88' lang='lat' dir='ltr'><strong>sit</strong></span> <span class='ocrx_word' id='word_1_826' title='bbox 3399 5349 3581 5406; x_wconf 83' lang='lat' dir='ltr'><strong>nudus</strong></span> 
     </span>
    </p>
   </div>
   <div class='ocr_carea' id='block_1_114' title="bbox 1991 5441 3580 5516">
    <p class='ocr_par' dir='ltr' id='par_1_114' title="bbox 1991 5441 3580 5516">
     <span class='ocr_line' id='line_1_114' title="bbox 1991 5441 3580 5516; baseline -0.004 -16"><span class='ocrx_word' id='word_1_827' title='bbox 1991 5444 2162 5509; x_wconf 90' lang='lat' dir='ltr'><strong>Deus,</strong></span> <span class='ocrx_word' id='word_1_828' title='bbox 2186 5443 2290 5503; x_wconf 82' lang='lat' dir='ltr'><strong>sed</strong></span> <span class='ocrx_word' id='word_1_829' title='bbox 2312 5443 2465 5500; x_wconf 89' lang='lat' dir='ltr'><strong>velut</strong></span> <span class='ocrx_word' id='word_1_830' title='bbox 2487 5443 2673 5516; x_wconf 88' lang='lat' dir='ltr'><strong>operis</strong></span> <span class='ocrx_word' id='word_1_831' title='bbox 2699 5441 2927 5505; x_wconf 80' lang='lat' dir='ltr'><strong>sociam,</strong></span> <span class='ocrx_word' id='word_1_832' title='bbox 2955 5441 3022 5496; x_wconf 86' lang='lat' dir='ltr'><strong>ad</strong></span> <span class='ocrx_word' id='word_1_833' title='bbox 3053 5442 3158 5500; x_wconf 89' lang='lat' dir='ltr'><strong>hoc</strong></span> <span class='ocrx_word' id='word_1_834' title='bbox 3184 5441 3422 5499; x_wconf 83' lang='lat' dir='ltr'><strong>maxime</strong></span> <span class='ocrx_word' id='word_1_835' title='bbox 3448 5456 3580 5495; x_wconf 90' lang='lat' dir='ltr'><strong>san-</strong></span> 
     </span>
    </p>
   </div>
   <div class='ocr_carea' id='block_1_115' title="bbox 1993 5535 3576 5604">
    <p class='ocr_par' dir='ltr' id='par_1_115' title="bbox 1993 5535 3576 5604">
     <span class='ocr_line' id='line_1_115' title="bbox 1993 5535 3576 5604; baseline -0.003 -13"><span class='ocrx_word' id='word_1_836' title='bbox 1993 5543 2142 5591; x_wconf 82' lang='lat' dir='ltr'><strong>ctam</strong></span> <span class='ocrx_word' id='word_1_837' title='bbox 2177 5550 2402 5590; x_wconf 72' lang='lat' dir='ltr'><strong>carnem</strong></span> <span class='ocrx_word' id='word_1_838' title='bbox 2435 5551 2592 5591; x_wconf 81' lang='lat' dir='ltr'><strong>suam</strong></span> <span class='ocrx_word' id='word_1_839' title='bbox 2629 5535 2824 5593; x_wconf 71' lang='lat' dir='ltr'><strong>sedulo</strong></span> <span class='ocrx_word' id='word_1_840' title='bbox 2857 5535 3154 5601; x_wconf 66' lang='lat' dir='ltr'><strong>adhibere;</strong></span> <span class='ocrx_word' id='word_1_841' title='bbox 3195 5549 3402 5604; x_wconf 74' lang='lat' dir='ltr'><strong>perque</strong></span> <span class='ocrx_word' id='word_1_842' title='bbox 3433 5549 3576 5598; x_wconf 86' lang='lat' dir='ltr'><strong>eam,</strong></span> 
     </span>
    </p>
   </div>
   <div class='ocr_carea' id='block_1_116' title="bbox 1991 5626 3580 5698">
    <p class='ocr_par' dir='ltr' id='par_1_116' title="bbox 1991 5626 3580 5698">
     <span class='ocr_line' id='line_1_116' title="bbox 1991 5626 3580 5698; baseline -0.003 -15"><span class='ocrx_word' id='word_1_843' title='bbox 1991 5629 2220 5698; x_wconf 87' lang='lat' dir='ltr'><strong>ejusque</strong></span> <span class='ocrx_word' id='word_1_844' title='bbox 2264 5636 2413 5682; x_wconf 84' lang='lat' dir='ltr'><strong>tactu</strong></span> <span class='ocrx_word' id='word_1_845' title='bbox 2456 5638 2511 5682; x_wconf 86' lang='lat' dir='ltr'><strong>et</strong></span> <span class='ocrx_word' id='word_1_846' title='bbox 2549 5644 2686 5683; x_wconf 86' lang='lat' dir='ltr'><strong>voce</strong></span> <span class='ocrx_word' id='word_1_847' title='bbox 2728 5626 3013 5682; x_wconf 78' lang='lat' dir='ltr'><strong>viviﬁcare</strong></span> <span class='ocrx_word' id='word_1_848' title='bbox 3057 5636 3224 5697; x_wconf 89' lang='lat' dir='ltr'><strong>atque</strong></span> <span class='ocrx_word' id='word_1_849' title='bbox 3264 5639 3482 5690; x_wconf 79' lang='lat' dir='ltr'><strong>curare,</strong></span> <span class='ocrx_word' id='word_1_850' title='bbox 3516 5632 3580 5680; x_wconf 91' lang='lat' dir='ltr'><strong>ut</strong></span> 
     </span>
    </p>
   </div>
   <div class='ocr_carea' id='block_1_117' title="bbox 1991 5717 3579 5792">
    <p class='ocr_par' dir='ltr' id='par_1_117' title="bbox 1991 5717 3579 5792">
     <span class='ocr_line' id='line_1_117' title="bbox 1991 5717 3579 5792; baseline -0.001 -16"><span class='ocrx_word' id='word_1_851' title='bbox 1991 5733 2113 5782; x_wconf 72' lang='lat' dir='ltr'><strong>eam</strong></span> <span class='ocrx_word' id='word_1_852' title='bbox 2139 5720 2395 5778; x_wconf 83' lang='lat' dir='ltr'><strong>ostendat</strong></span> <span class='ocrx_word' id='word_1_853' title='bbox 2419 5719 2734 5782; x_wconf 63' lang='lat' dir='ltr'><strong>vivitisandi</strong></span> <span class='ocrx_word' id='word_1_854' title='bbox 2754 5718 2810 5778; x_wconf 81' lang='lat' dir='ltr'><strong>vi</strong></span> <span class='ocrx_word' id='word_1_855' title='bbox 2839 5718 3158 5792; x_wconf 70' lang='lat' dir='ltr'><strong>praeditam;</strong></span> <span class='ocrx_word' id='word_1_856' title='bbox 3185 5719 3393 5782; x_wconf 80' lang='lat' dir='ltr'><strong>idcirco</strong></span> <span class='ocrx_word' id='word_1_857' title='bbox 3415 5717 3579 5782; x_wconf 73' lang='lat' dir='ltr'><strong>nimi-</strong></span> 
     </span>
    </p>
   </div>
  </div>
