4020 6214
516 299 654 365 1119

1717 279 2100 342 ΕΠΤΗΥΜΙὶ
2139 280 2504 342 ZlGABENI

3649 278 3679 341 1
3694 280 3798 343 1‘20

511 445 631 482 rum
661 427 810 498 quod
844 441 1016 481 unum
1049 439 1177 480 cum
1209 438 1274 478 ea
1308 438 1406 492 per
1439 419 1701 474 unionem
1732 418 1938 474 factum
1972 427 2088 485 est;

2194 414 2282 485 τὴν
2323 414 2381 466 ἐν
2433 414 2499 483 τῇ
2549 409 2742 464 ὲνώσει
2785 409 3078 479 γενέσθαι·
3111 411 3208 462 καὶ
3261 407 3428 461 αὑτοῦ
3463 408 3558 462 τοῦ
3617 410 3792 479 φύσει

510 537 746 591 vereque
774 535 837 574 ac
865 519 1092 589 proprie
1121 516 1295 586 ipsius
1323 524 1520 568 natura
1547 511 1763 566 cunctis
1787 512 1955 566 vitam
1985 511 2094 566 lar-

425 657 430 662 .
508 613 729 683 gientis.
762 627 873 665 non
922 610 1147 664 alterius
1195 621 1324 661 caro
1369 615 1471 661 est.
1507 604 1877 672 Quamobrem
1927 603 2091 659 etiam

510 719 675 758 unam
719 717 896 767 suam,
932 702 1163 771 ejusque
1207 699 1434 767 (sancta:
1475 697 1688 752 scilicet
1729 695 1913 751 carnis
1934 695 2090 764 sum),

389 839 394 844 .
418 811 424 818 π
511 804 677 864 atque
711 791 928 847 amnem
957 791 1248 860 utriusque
1279 805 1509 844 munere
1538 789 1654 844 edit
1683 789 2091 859 operationem;

441 904 462 926 υ
511 879 958 951 unani'quidem,
992 881 1225 945 unione;
1268 894 1462 934 rursus
1499 896 1651 946 vero,
1684 880 1940 951 partibus
1977 880 2093 934 alli-

509 988 636 1028 nem
659 960 1120 1041 ;'I'qu':e-videlicct
1159 979 1271 1024 tum
1308 970 1362 1024 in
1393 971 1640 1041 jussione
1673 970 1921 1024 omnium
1957 971 2094 1026 eire‘

485 1055 703 1142 -ctrjcé_,-
725 1062 846 1130 Itum
881 1062 938 1115 in
971 1069 1174 1116 sanctae
1205 1061 1390 1115 carnis
1440 1070 1697 1115 contactu
1732 1061 1923 1115 eadem
1978 1062 2094 1131 ipsa

512 1140 801 1209 exsisteret
843 1171 856 1206 :
902 1155 1190 1222 utriusque
1234 1154 1382 1208 enim
1431 1169 1695 1218 munere,
1739 1153 1981 1209 Verbum
2035 1162 2095 1206 ιιι

513 1246 678 1312 Deus,
704 1245 846 1299 hanc
872 1245 1017 1299 clare
1046 1245 1369 1310 exhibebat;
1403 1259 1601 1314 nempe
1632 1244 1952 1308 ostendens,
1985 1260 2093 1313 qua

514 1355 614 1408 per
660 1352 781 1391 eam
837 1352 1055 1406 quoque
1111 1336 1276 1390 vitam
1336 1336 1648 1400 tribuebat,
1701 1337 1873 1406 ipsam
1931 1339 2096 1390 etiam

515 1442 751 1496 prorsus
787 1411 1058 1493 viviﬁcam
1105 1425 1378 1490 evasisse;
1428 1424 1509 1478 uti
1553 1424 1718 1478 etiam
1769 1424 1909 1493 ignis
1953 1424 2099 1479 ferro

515 1517 775 1614 adurrgls,
808 1516 1017 1570 unione
1049 1532 1173 1569 cum
1217 1515 1357 1584 ipso,
1392 1514 1600 1569 ferrum
1643 1524 1866 1584 przestat
1905 1515 2098 1568 urendi

428 1608 569 1684 .Jvi
611 1602 904 1684 praeditum
951 1624 964 1660 :
1012 1607 1086 1660 ita
1126 1602 1386 1663 nimirum
1429 1615 1489 1660 ut
1529 1607 1675 1660 ustio
1716 1607 1918 1660 nedum
1960 1606 2100 1677 ignis

516 1707 716 1752 natura
752 1698 845 1762 sit,
876 1697 971 1753 sed
998 1698 1258 1767 etipsius
1289 1697 1440 1765 ferri,
1473 1714 1580 1768 qua
1613 1699 1691 1752 illi
1723 1699 1937 1752 unitum
1968 1708 2052 1752 est
2083 1716 2098 1753 :

502 1789 817 1859 divinaque
868 1796 1086 1844 rursus
1115 1788 1400 1859 patrandis
1449 1790 1732 1843 miraculis

518 1881 786 1951 operatio,
808 1896 919 1934 non
950 1881 1123 1950 ipsius
1151 1872 1328 1935 solum
1352 1882 1424 1935 sit
1453 1891 1678 1951 propter
1705 1889 1981 1944 naturam,
2007 1880 2100 1934 sed

519 1984 578 2029 et
616 1956 819 2029 sancta:
865 1973 1038 2043 ipsius
1079 1973 1279 2036 carnis,
1314 1972 1384 2027 ob
1426 1972 1771 2042 personalem
1813 1972 1934 2041 ejus
1978 1986 2103 2025 cum

523 2065 638 2135 ipsa
672 2063 953 2129 unionem.
981 2062 1097 2116 Sibi
1139 2063 1286 2116 enim
1328 2062 1383 2116 in
1427 2061 1651 2125 divinis,
1679 2060 1862 2129 operis
1899 2061 2101 2115 sociam

521 2172 640 2210 eam
668 2154 986 2218 adhibebat,
1011 2154 1090 2208 uti
1116 2155 1352 2224 loquitur
1385 2153 1660 2223 magister,
1688 2152 1832 2206 haud
1859 2168 2018 2206 secus
2041 2167 2099 2206 ac

520 2246 704 2300 anima
744 2260 952 2314 corpus
985 2244 1231 2307 adhibet,
1263 2252 1324 2297 ut
1364 2259 1534 2313 opera
1573 2257 1670 2297 sua
1711 2241 1944 2311 expleat.
1979 2241 2104 2297 llzec

460 2373 464 2376 -
521 2336 688 2406 igitur
733 2350 841 2389 una
880 2341 967 2389 est
1009 2349 1073 2388 ac
1117 2333 1295 2388 atlinis
1339 2332 1630 2401 utriusque
1680 2345 1908 2384 munere
1952 2329 2102 2384 edita

519 2425 804 2496 operatio,
850 2441 973 2495 quae
1021 2425 1354 2479 naturalium
1403 2422 1790 2493 operationum
1840 2419 2100 2475 unionem

517 2517 824 2583 declarans,
854 2516 1057 2570 diversi
1091 2532 1185 2570 eas
1216 2514 1431 2585 generis
1463 2514 1731 2583 duasque,
1761 2511 1907 2564 haud
1941 2525 2102 2565 secus

515 2630 580 2671 ac
608 2613 774 2670 etiam
803 2613 1085 2682 Deivirilis
1109 2612 1376 2682 Operatio,
1402 2613 1453 2666 vi
1503 2627 1600 2666 sua
1627 2627 1657 2666 a
1683 2626 1850 2680 seque
1875 2608 2096 2678 proprie

513 2707 815 2780 signiﬁcet;
847 2706 994 2776 quod
1024 2705 1092 2759 ad
1119 2705 1312 2759 ambas
1343 2705 1618 2760 referatur
1643 2711 1849 2774 partes,
1873 2717 1940 2755 ex
1971 2699 2096 2770 qui-

517 2801 623 2856 bus
649 2807 708 2855 et
731 2799 787 2853 in
813 2798 1018 2868 quibus
1045 2813 1216 2851 unum
1247 2812 1310 2851 ac
1341 2797 1613 2867 singulare
1640 2795 1881 2850 Verbum
1915 2792 2097 2846 incar-

516 2901 708 2946 natum
736 2889 1063 2954 exsistebat;
1097 2897 1416 2958 spectetque
1445 2888 1513 2942 ad
1541 2897 1861 2957 utramque;
1893 2885 2097 2940 utrius-

517 3000 625 3054 que
671 2983 884 3037 scilicet
922 2996 1155 3036 munere
1197 2981 1380 3047 edita;
1428 2989 1545 3035 tum
1589 2995 1790 3049 nempe
1830 2977 2096 3048 jussionis

517 3073 764 3128 omnium
789 3071 1106 3134 eii'ectricis,
1137 3079 1252 3123 tum
1283 3080 1566 3124 contactus
1597 3077 1797 3124 sancta:
1821 3067 2020 3121 carnis.

1934 1790 2099 1845 Verbi
2127 1754 2164 1806 Β

2185 502 2580 573 ζωογονοῦντος
2618 502 2686 555 τὰ
2740 500 3059 572 σύμπαντα,
3091 499 3188 553 καὶ
3237 501 3338 571 οὑχ
3369 500 3558 573 ἕτερον
3597 503 3792 574 σάρκα

2185 595 2390 667 κυρίως
2432 594 2721 664 ὑπάρχειν.
2769 593 2863 645 Διὸ
2901 591 3000 645 καὶ
3045 592 3178 662 μίαν
3219 592 3386 644 αὑτοῦ
3431 595 3526 646 καὶ
3582 595 3790 665 αὑτῆς,

2185 687 2330 759 φημὶ
2351 686 2454 756 τῆς
2483 685 2645 754 ἁγίας
2678 683 2879 756 σαρκὸς
2909 683 3007 736 καὶ
3042 683 3285 752 συγγενῆ
3327 683 3396 737 δι’
3419 685 3636 754 ἀμφοῖν
3672 689 3794 740 ἐπι.

2184 779 2422 831 δεικνύει
2461 775 2778 846 ἐνέργειαν·
2815 775 2947 846 μίαν
3000 775 3122 845 μὲν,
3155 776 3223 845 τῇ
3269 773 3498 827 ὲνὼσειο
3537 780 3790 850 συγγενῆ

2185 870 2242 924 δὲ
2277 870 2458 934 πάλιν,
2491 871 2604 932 τοῖς
2637 868 2889 939 μέρεσιν·
2921 867 2999 931 ὡς
3038 866 3138 938 τὴν
3187 868 3362 936 αὑτὴν
3397 863 3594 930 οὖσαν,
3640 870 3701 922 ἔν
3727 888 3786 923 τε

2187 959 2513 1031 παντουργῷ
2559 959 2970 1030 προστάγματι,
3027 960 3125 1010 καὶ
3171 957 3283 1028 ἀφῇ
3325 958 3427 1028 τῆς
3453 959 3630 1026 ἁγίας
3663 977 3790 1032 σαρ-

2187 1052 2311 1116 κόςο
2340 1052 2409 1104 δι’
2454 1051 2658 1121 ἀμφοῖν
2699 1049 2829 1120 γὰρ,
2851 1048 2927 1113 ὡς
2965 1048 3123 1112 Θεὸς.
3147 1049 3176 1101 ὁ
3204 1048 3399 1117 Λόγος,
3430 1049 3651 1120 ταύτην
3689 1069 3786 1104 σα-

2188 1143 2304 1213 φῶς
2356 1142 2735 1196 ἐπεδείκνυτο·
2777 1141 2994 1203 δεικνὺς
3036 1139 3116 1210 τῷ
3163 1141 3259 1193 καὶ
3314 1140 3382 1192 δι’
3433 1141 3616 1211 αὐτῆς
3648 1143 3787 1204 ζωο-

2190 1237 2389 1297 ποιεῖν,
2433 1235 2509 1298 ὼς
2552 1234 2648 1287 καὶ
2686 1232 2826 1303 αὑτὴ
2883 1233 3112 1302 γέγονεν
3161 1233 3229 1286 δι’
3287 1233 3413 1285 ὅλου
3471 1233 3785 1298 ζωοποιόςο

2189 1326 2441 1397 καθάπερ
2471 1325 2565 1378 καὶ
2596 1322 2708 1394 πῦρ
2735 1322 2826 1376 διὰ
2857 1323 3077 1394 σιδήρου
3117 1327 3292 1388 καῖον,
3323 1323 3515 1377 ὲνώσει
3546 1327 3619 1396 τῇ
3655 1325 3788 1394 12.09);

2191 1417 2354 1472 αὑτὸν
2400 1415 2696 1469 καυστικὸν
2751 1415 3047 1482 ἀποφαίνει
3092 1415 3186 1468 τὸν
3250 1415 3502 1487 σίδηρον·
3532 1415 3618 1478 ὡς
3649 1411 3786 1469 εἶναι

2191 1508 2377 1562 λοιπὸν
2414 1507 2502 1560 διὰ
2545 1506 2704 1560 τοῦτο
2747 1507 2822 1577 μὴ
2858 1506 2953 1559 τοῦ
2995 1507 3167 1578 πυρὸς
3207 1507 3351 1561 κατά
3400 1507 3572 1576 φύσιν
3620 1509 3784 1578 μόνον

2192 1601 2290 1670 τὴν
2321 1600 2538 1664 καῦσιν,
2567 1599 2704 1652 ἀλλὰ
2742 1597 2947 1652 καύτοῦ
2992 1598 3086 1652 τοῦ
3135 1599 3356 1670 σιδήρου
3386 1600 3475 1652 διὰ
3516 1601 3626 1671 τὴν
3651 1601 3784 1654 ’ἑνωο

2194 1708 2302 1743 σιν·
2340 1691 2436 1745 καὶ
2466 1690 2567 1762 τὴν
2593 1692 2652 1746 ὲν
2681 1693 2794 1754 τοῖς
2824 1690 3070 1761 θαύμασι
3117 1690 3270 1744 Θείαν
3313 1691 3411 1745 τοῦ
3448 1692 3638 1756 Λόγου
3677 1695 3782 1746 πά-

2195 1783 2276 1835 λιν
2319 1782 2628 1854 ἐνέργειαν,
2671 1783 2748 1852 μὴ
2801 1781 2896 1835 τοῦ
2945 1781 3115 1834 αὑτοῦ
3155 1782 3319 1852 μόνον
3359 1782 3449 1836 διά
3485 1783 3598 1854 τὴν
3627 1784 3785 1852 φύσιν

2195 1874 2484 1945 ὑπάρχειν,
2530 1873 2668 1927 ἀλλὰ
2706 1873 2916 1942 καὺτῆς
2961 1873 3062 1943 τῆς
3097 1873 3260 1941 ἁγίας
3297 1875 3525 1944 σαρκὸς,
3561 1875 3657 1928 διὰ
3691 1877 3783 1946 τὴν

2196 1966 2332 2036 πρὸς
2353 1966 2525 2033 αὑτὴν
2557 1964 2680 2018 καθ’
2717 1965 3015 2018 ὑπόστασιν
3044 1965 3240 2018 ἕνωσιν
3265 1981 3279 1994 ·
3311 1966 3653 2037 συνεργάτιν
3681 1968 3781 2038 γὰρ

2195 2057 2390 2112 ἑαυτοῦ
2417 2058 2621 2129 ταύτην
2651 2060 2709 2112 ὲν
2732 2061 2844 2122 τοῖς
2869 2058 3036 2121 Θείοις
3071 2057 3522 2128 παρελάμϐανεν,
3623 2077 3782 2130 φησιν

2195 2151 2224 2203 ὑ
2261 2149 2604 2214 διδάσκαλος,
2634 2149 2825 2220 ὥσπερ
2853 2150 2946 2203 καὶ
2973 2150 3120 2220 ψυχὴ
3151 2151 3212 2202 τὸ
3250 2151 3382 2204 ἴδιον
3431 2149 3629 2220 σῶμα,
3657 2150 3785 2220 πρὸς

2195 2243 2294 2313 τὴν
2334 2241 2445 2295 τῶν
2493 2241 2712 2295 οἰκείων
2761 2241 2940 2314 ἔργων
2981 2241 3355 2311 ἐκπλήρωσιν,
3390 2241 3547 2312 Αὕτη
3584 2241 3778 2312 γοῦνὴ

2200 2332 2298 2403 μία
2349 2333 2442 2385 καὶ
2482 2333 2753 2403 συγγενὴς
2795 2331 2862 2385 δι’
2903 2333 3108 2401 ἀμφοῖν
3151 2331 3575 2403 ὲπιδεδειγμένη
3632 2333 3780 2404 ἐνέρ-

2196 2441 2342 2493 γεια,
2381 2421 2491 2476 τῶν
2523 2425 2665 2477 κατά
2715 2425 2878 2492 φύσιν
2921 2424 3217 2496 ἐνεργειῶν
3245 2423 3484 2494 δηλοῦσα
3523 2425 3630 2495 τὴν
3659 2425 3779 2478 ἕνω-

2199 2532 2314 2568 σιν·
2349 2515 2411 2568 τὸ
2445 2517 2758 2586 ἐτερογενὲς
2790 2515 2998 2570 τούτων
3027 2517 3122 2570 καὶ
3156 2515 3360 2579 δυῖκδν,
3389 2516 3655 2587 καθάπερ
3685 2519 3773 2570 καὶ

2199 2609 2232 2676 ἡ
2265 2605 2578 2678 Θεανδρικὴ
2613 2605 2884 2676 ἐνέργεια,
2920 2604 2986 2658 δι’
3016 2607 3219 2678 ἑαυτῆς
3253 2608 3459 2677 κυρίως
3487 2609 3774 2678 σημαίνειο

2196 2695 2274 2764 τῷ
2303 2695 2441 2766 πρὸς
2465 2697 2633 2765 ἄμφω
2660 2695 2728 2747 τὰ
2761 2693 2928 2765 μέρη,
2964 2693 3077 2747 τῶν
3110 2695 3171 2759 ἐξ
3196 2687 3272 2749 ὧν
3310 2696 3405 2748 καὶ
3437 2695 3498 2747 ὲν
3532 2690 3622 2759 οἷς
3650 2698 3678 2749 ὁ
3702 2693 3774 2762 ei;

2199 2785 2292 2838 καὶ
2338 2783 2499 2854 μόνος
2529 2784 2860 2856 ὲγνωρίζετο
2893 2785 3317 2856 σεσαρκωμένος
3343 2786 3541 2854 Λόγος,
3577 2788 3770 2855 ﬁve-ee-

2200 2872 2432 2947 ρεσθαιο
2479 2874 2577 2928 καὶ⁹
2611 2875 2940 2946 ἀμφοτέρων
2983 2875 3275 2947 ὑπάρχειν,
3315 2874 3393 2940 ὡς
3444 2877 3514 2930 δι’
3549 2880 3768 2948 ἀμφοῖν,

2195 2967 2292 3021 τοῦ
2319 2985 2380 3020 τε
2411 2967 2755 3038 παντουργοῦ
2781 2969 3228 3038 προστάγματος,
3257 2969 3354 3023 καὶ⁵
3384 2969 3486 3038 τῆς
3510 2969 3662 3039 ἁφῆς
3682 2971 3771 3040 τῆς

2197 3061 2363 3130 ἁγίας
2388 3059 2591 3131 σαρκὸς
2625 3045 3063 3130 ὲπιδεδειγμέντί.

585 3163 666 3216 Ne
694 3177 858 3231 quem
877 3175 1008 3214 vero
1032 3174 1264 3229 prorsus
1294 3175 1398 3213 vox
1421 3160 1689 3228 συγγενὴς
1714 3157 1850 3228 (sive
1881 3155 2093 3209 aliincm

2267 3154 2342 3207 Οὑ
2371 3154 2454 3207 δεῖ
2490 3153 2545 3206 δὲ
2588 3153 2668 3223 τῷ
2717 3154 2969 3220 συγγενεῖ
3007 3151 3312 3217 ξενίζεσθαι
3343 3153 3650 3218 παντελῶς
3685 3154 3769 3208 ἐπί

517 3255 635 3310 sive
693 3261 978 3323 cognatam
1026 3265 1089 3305 ac
1137 3249 1296 3319 quasi
1357 3249 1604 3320 ejusdem
1653 3248 1871 3320 generis
1920 3247 2092 3312 dicas)

517 3345 672 3416 quasi
718 3343 881 3414 paulo
909 3341 1236 3396 insolentior
1264 3341 1527 3396 olTendat.
1562 3341 1914 3410 Usurparunt
1945 3338 2094 3392 enim

518 3434 695 3490 sancti
755 3435 968 3498 Patres,
1023 3441 1139 3487 tum
1193 3431 1249 3487 in
1283 3431 1352 3486 iis
1381 3447 1503 3501 quae
1555 3431 1802 3503 ejusdem
1841 3431 2095 3485 essentia:

519 3534 669 3590 sunt,
713 3532 828 3578 tum
857 3540 978 3594 quae
1016 3523 1268 3578 diversae.
1297 3523 1479 3577 Testis
1527 3537 1757 3592 magnus
1797 3521 2095 3591 Gregorius

519 3616 855 3686 Theologus,
890 3614 1021 3669 dum
1071 3615 1126 3668 in
1161 3613 1279 3669 hazc
1315 3613 1484 3668 verba
1524 3613 1591 3667 de
1626 3613 1807 3667 anima
1848 3611 2091 3678 disserit,

523 3709 580 3762 in
613 3707 868 3763 Oratione
914 3707 1122 3776 funebri
1153 3705 1210 3760 in
1261 3707 1485 3760 fratrem
1540 3721 1701 3760 suum
1749 3705 2090 3759 Ctesarium:

518 3801 648 3856 Post
673 3816 806 3854 vero
832 3799 998 3854 etiam
1025 3799 1328 3869 aliquanto,
1363 3813 1490 3852 cum
1525 3807 1812 3868 cognatam
1845 3812 2090 3860 carnem,

517 3903 754 3958 quacum
801 3887 1179 3958 philosophata
1235 3887 1478 3943 coelestia
1509 3896 1613 3953 est,
1647 3887 1940 3958 receperit,
1973 3887 2093 3954 Quo

519 3978 991 4049 loco‘Gregorius,
1025 3995 1248 4034 carnem
1287 3978 1473 4033 animo
1503 3988 1813 4050 cognatam,
1845 3994 1942 4034 seu
1974 3979 2092 4034 alli-

516 4086 667 4136 nem,
701 4072 937 4136 vocavit,
987 4087 1099 4125 non
1153 4071 1368 4126 ratione
1415 4081 1658 4137 naturae,
1719 4071 1815 4126 sed
1851 4070 2091 4125 unionis.

519 4163 847 4233 Rursusque
880 4162 1132 4218 Oratione
1166 4164 1222 4216 in
1259 4173 1448 4218 sancta
1489 4163 1691 4218 lumina
1724 4163 1791 4218 de
1813 4163 2094 4232 unigenito

517 4253 657 4308 Filio
680 4252 922 4307 docens:
953 4271 971 4304 ι
1012 4252 1108 4308 Cui
1133 4261 1180 4306 et
1201 4262 1454 4323 cognatus
1486 4252 1716 4324 Spiritus
1741 4255 2093 4307 testimonium

519 4344 839 4414 perhibebat.
878 4363 896 4394 ι
962 4343 1082 4410 Quo
1133 4345 1257 4400 loco
1313 4355 1636 4415 cognatum,
1710 4361 1819 4400 non
1880 4345 2094 4400 ratione

2193 3263 2256 3299 τε
2299 3246 2408 3316 γὰρ
2441 3246 2746 3317 ὀμοουσίων
2789 3246 2884 3298 καὶ⁸
2934 3245 3290 3316 ἑτεροουσίων
3348 3244 3610 3299 λέλεκται
3667 3249 3770 3308 τοῖς

2197 3336 2372 3406 ἁγίοις
2401 3338 2649 3408 Πατράσι
2671 3337 2734 3390 τὸ
2766 3336 3047 3405 συγγενές·
3081 3337 3177 3389 καὶ
3213 3337 3422 3408 μάρτυς
3451 3338 3483 3390 ὁ
3517 3338 3768 3405 Θεολόγος

2197 3428 2291 3482 καὶ
2324 3428 2496 3499 μέγας
2533 3428 2855 3499 Γρηγόριος,
2904 3429 3034 3495 περὶ
3089 3427 3269 3498 ψυχῆς
3309 3429 3488 3497 λέγων
3517 3430 3693 3492 οὕτως
3717 3432 3765 3482 ἐν

2193 3520 2274 3590 τῷ
2291 3521 2366 3583 είς
2389 3521 2686 3591 Καισάριον
2715 3519 2807 3573 τὸν
2835 3519 3001 3572 αὐτοῦ
3013 3518 3239 3588 ἀδελφὸν
3254 3519 3580 3589 Ἐπιταφίφ
3601 3522 3762 3587 λόγῳ,

2195 3613 2408 3684 Μικρὸν
2474 3612 2532 3666 δὲ
2616 3611 2844 3682 ὕστερον
2921 3614 3016 3664 καὶ
3085 3611 3150 3664 τὸ
3220 3611 3484 3680 συγγενὲς
3557 3610 3764 3681 σαρκίον

2194 3704 2568 3769 ἀπολαϐοῦσα,
2623 3697 2668 3772 ᾧ
2725 3704 2792 3757 τὰ
2847 3703 3058 3757 ἐκεῖθεν
3281 3700 3760 3771 συνεφιλοσόφησε*

2207 3797 2474 3852 Ἐνταῦθα
2501 3795 2592 3850 διὰ
2613 3797 2712 3868 τὴν
2741 3796 2958 3861 ἕνωσιν,
2990 3795 3105 3848 ἀλλ’
3125 3796 3189 3849 οὑ
3211 3795 3313 3867 τὴν
3345 3794 3510 3863 φύσιν
3537 3789 3760 3860 συγγενῆ

2193 3889 2260 3957 τῇ
2301 3887 2446 3958 ψυχῇ
2476 3885 2575 3956 τὴν
2604 3887 2782 3958 σάρκα
2807 3885 3078 3955 κέκληκεν
3103 3886 3133 3935 ι’·
3167 3883 3510 3946 διδάσκαλος.
3541 3883 3653 3936 Καὶ
3675 3879 3762 3933 πά·

2194 3977 2297 4041 λιν,
2315 3977 2418 4031 Ἑν
2446 3974 2525 4042 τῷ
2548 3979 2653 4042 Εὶς
2685 3977 2756 4030 τὰ
2777 3976 2962 4046 φῶτα,
2989 3977 3116 4051 περὶ
3163 3975 3258 4030 τοῦ
3296 3975 3622 4047 μονογενοῦς
3647 3970 3761 4026 Υῑοῦ

2195 4068 2486 4132 διδάσκων,
2526 4067 2701 4138 φησί·
2742 4067 2854 4122 Καί
2896 4072 2929 4123 ό
2969 4068 3087 4124 ὑπὸ
3133 4068 3241 4123 τοῦ
3269 4066 3612 4137 συγγενοῦς
3637 4079 3762 4134 μαρ-

2194 4163 2558 4230 τυρούμενος
2595 4163 2962 4231 Πνεύματος.
3128 4161 3242 4214 Νῦν
3290 4161 3352 4214 τὸ
3386 4161 3650 4228 συγγενὲς
3689 4156 3763 4208 διέι

2194 4255 2293 4324 τὴν
2319 4253 2500 4322 φύσιν,
2531 4254 2647 4308 ἀλλ’
2675 4255 2738 4307 οὑ
2766 4255 2864 4324 τὴν
2885 4256 3078 4308 ἕνωσιν
3108 4254 3344 4324 εἴρηκεν.
3378 4252 3554 4314 Αὐτὸς
3573 4251 3631 4304 δὲ
3663 4247 3762 4302 Κύ-

2197 4344 2378 4416 ριλλος
2401 4347 2429 4398 ό
2464 4344 2626 4414 σοφὸς
2673 4346 2813 4398 κάπὶ
2845 4347 2912 4417 τῇ
2943 4345 3100 4416 οὐσίᾳ
3145 4344 3238 4397 καὶ
3261 4342 3562 4396 ὑποστάσει
3588 4339 3761 4409 διῃρη-

519 4434 746 4489 unionis
777 4435 937 4499 dixit,
967 4435 1065 4490 sed
1096 4437 1309 4490 ratione
1339 4446 1571 4491 naturae.
1598 4437 1742 4502 Quin
1771 4443 1828 4491 et
1856 4435 1973 4506 ipse
2003 4451 2094 4490 sa-

2199 4441 2376 4510 μένων
2396 4440 2455 4494 τὸ
2483 4439 2743 4508 συγγενὲς
2765 4439 3208 4510 ἀπαρατηρήτως
3235 4436 3534 4506 λαμϐάνει·
3558 4434 3652 4488 καὶ
3677 4432 3760 4482 si-

519 4526 901 4598 pientissimus
935 4525 1209 4597 Cyrillus,
1243 4535 1359 4580 tum
1395 4527 1463 4581 de
1510 4528 1677 4582 rebus
1705 4528 1946 4583 essentia
1994 4542 2091 4581 seu

518 4627 716 4672 natura
736 4658 751 4684 ,
805 4626 921 4672 tum
951 4633 1188 4688 persona
1221 4617 1478 4673 discretis
1502 4659 1516 4684 ,
1548 4620 1702 4674 nullo
1749 4619 2090 4684 discriminc,

520 4709 735 4779 cognati
776 4723 964 4764 vocem
995 4716 1158 4778 atque
1178 4707 1356 4764 afﬁnis
1380 4719 1642 4780 usurpat;
1680 4719 1842 4779 atque
1875 4711 1990 4764 hzec
2017 4710 2095 4764 ait

517 4797 947 4855 Commentariis
977 4801 1093 4855 suis
1121 4799 1177 4854 in
1207 4801 1436 4856 Joannis
1469 4802 1846 4872 Evangelium,
1898 4803 1966 4856 de
1991 4817 2092 4856 cu-

519 4887 755 4955 ratione,
791 4905 913 4960 qua:
955 4900 1041 4946 est
1067 4908 1166 4962 per
1201 4892 1449 4946 divinum
1482 4893 1772 4962 baptisma,
1814 4911 1832 4944 ‹
1861 4893 2094 4962 Utrique

517 4977 924 5046 quodammodo
948 4981 1094 5035 aﬂini
1123 4991 1178 5036 et
1210 4983 1407 5037 amica.
1442 4982 1651 5052 Spiritu
1697 4982 1843 5037 enim
1885 4983 2092 5037 sancti-

517 5068 645 5123 ticat
689 5069 932 5126 hominis
971 5073 1266 5142 spiritum;
1299 5090 1440 5144 aqua
1483 5090 1617 5128 vero
1650 5091 1870 5146 corpus.
1911 5095 1929 5126 ι
1963 5077 2094 5142 Quae

519 5175 653 5214 vero
678 5177 742 5216 ac
769 5163 950 5231 qualis
980 5163 1214 5219 afﬁnitas
1247 5181 1345 5220 seu
1374 5166 1628 5237 cognatio
1657 5167 1896 5238 Spiritus
1918 5169 2092 5224 sancti

2195 4531 2252 4583 δε
2296 4531 2444 4599 λέγει
2493 4531 2584 4583 τὸν
2637 4528 3032 4600 εὑαγγελιστὴν
3093 4527 3348 4596 Ἰωάννην
3395 4521 3762 4596 ὑπομνηματί·

2197 4622 2306 4687 ζων
2359 4624 2423 4688 ³³,
2477 4623 2606 4692 περὶ
2656 4622 2757 4692 τῆς
2797 4623 2938 4675 κατά
2982 4621 3044 4674 τὸ
3095 4621 3241 4674 θεῖον
3283 4619 3574 4690 βάπτισμα
3615 4617 3760 4685 Θερσ-

2196 4716 2386 4781 πείας,
2426 4734 2444 4766 σ
2481 4715 2768 4783 Συγγενῶς
2795 4733 2911 4778 πως
2942 4714 3170 4785 ὲχοὺσης
3197 4713 3335 4783 πρὸς
3364 4713 3534 4781 άμῖςω
3558 4709 3665 4763 τῶν
3687 4706 3760 4757 δε-

2195 4804 2541 4877 δηλωμένων.
2569 4805 2850 4875 Πνεὺματι
2873 4806 2990 4874 ’μὲν
3025 4804 3137 4875 γὰρ
3170 4801 3394 4870 ἁγιάζει
3426 4800 3523 4854 τοῦ
3564 4794 3760 4866 ἀνθρὼ-

2196 4917 2299 4953 που
2329 4900 2391 4952 τὸ
2415 4898 2651 4970 πνεῦμα·
2686 4899 2840 4952 ὕδατι
2868 4899 2926 4953 δὲ
2956 4894 3047 4963 αὖ,
3077 4898 3137 4952 τὸ
3165 4897 3348 4968 σῶμα.
3385 4914 3404 4947 ι
3447 4896 3546 4954 Τίς
3580 4894 3657 4956 δὲ,
3678 4889 3758 4941 καὶ

2197 4989 2326 5042 ποία
2360 4989 2652 5058 συγγένεια
2700 4988 3020 5059 Πνεὺματος
3073 4988 3232 5057 ἁγίου
3268 4987 3370 5041 καὶ
3411 4986 3602 5048 ὕδατος
3631 4978 3758 5035 κατὰ

2196 5099 2254 5134 τε
2296 5082 2484 5135 οὐσίαν
2534 5081 2916 5152 ἥὺπόστασιν,
2969 5081 3104 5154 πρὸς
3148 5080 3210 5133 τὸ
3247 5081 3515 5152 ἡμέτερον
3555 5074 3756 5145 πνεῦμα

2199 5174 2291 5227 καὶ
2319 5173 2512 5244 σῶμα;
2548 5175 2596 5227 εί
2625 5173 2720 5227 καὶ⁸
2762 5173 2832 5228 τά
2873 5174 3106 5244 μάλιστα
3159 5175 3303 5228 κατά
3334 5173 3496 5244 χάριν
3532 5172 3658 5242 ἡμῖν
3679 5165 3759 5218 καὶ

519 5267 577 5311 et
617 5271 795 5327 aquae,
837 5257 954 5312 sive
998 5255 1293 5312 essentiam
1342 5268 1408 5310 ac
1453 5261 1704 5309 naturam
1733 5262 1966 5324 spectes,
2006 5255 2120 5311 sive
2148 5261 2558 5319 subsietentiam
2622 5281 3028 5340 personamque
3061 5283 3186 5325 cum
3219 5268 3419 5340 spiritu
3465 5279 3652 5326 nostro
3705 5277 3756 5318 ac

521 5359 773 5414 corpore.

521 5455 773 5526 Ejusdem
793 5471 857 5510 ex
884 5453 1108 5522 epistola
1132 5451 1202 5506 ad
1220 5447 1552 5526 Nicandrum
1576 5450 1736 5521 Cypri
1788 5451 2094 5526 epitogium

588 5539 636 5580 et
668 5528 735 5580 ad
763 5521 1040 5596 prwlectos
1073 5539 1256 5580 eorum
1309 5524 1400 5593 qui
1427 5523 1728 5578 solitariam
1789 5523 1843 5575 in
1907 5521 2099 5578 Sicilia

591 5599 754 5650 vitam
791 5596 1010 5667 degunt.

595 5705 749 5761 Unde
775 5720 966 5764 natura
1001 5711 1192 5778 Deum,
1227 5707 1593 5779 eamdemque
1650 5723 1780 5765 vero
1846 5725 1911 5764 ac
1969 5725 2097 5779 pro-

2211 5459 2331 5538 Τοῦ⁸
2351 5461 2542 5538 αὑτοῦ
2562 5463 2630 5517 ἐκ
2657 5463 2765 5534 τῆς
2787 5465 3121 5538 ἐπιστολῆς
3139 5467 3249 5538 τῆς
3277 5469 3429 5536 πρὸς
3447 5467 3756 5538 Νίκανδρον

2273 5532 2381 5583 τὸν
2403 5534 2688 5610 Κύπριον,
2713 5532 2808 5610 καί
2838 5537 2982 5603 τοὺς
3020 5532 3171 5594 κατὰ
3193 5532 3481 5594 Σικελίαν
3519 5532 3753 5610 dravi!“

2274 5617 2443 5670 γους,
2476 5606 2577 5658 καί
2603 5605 3002 5674 μονάζοντας.

2270 5715 2434 5771 Φύσει
2465 5717 2599 5771 Θεὸν
2649 5719 2742 5772 καὶ
2768 5718 3059 5792 ἄνθρωπον
3079 5722 3170 5776 τὸν
3196 5723 3362 5778 αὑτὸν
3409 5723 3629 5796 κυρίως,
3665 5720 3745 5784 οὑξ
