4020 6214
310 274 438 340 11³21

1298 285 1676 351 PANOPLIA
1710 289 2257 357 DOGMATICA.-
2288 296 2440 363 TIT.
2471 300 2626 370 XXI.

3452 313 3588 381 “‘22

311 388 583 498 ἑτέρωθεν
634 389 764 446 ὄντα
800 394 1274 470 διαγινώσκομεν,
1327 403 1363 472 ἢ
1407 405 1473 458 ἐκ
1524 406 1636 460 τῶν
1697 406 1895 472 θεϊκῶς

2004 409 2119 479 prie
2161 410 2485 481 hominem,
2543 432 2648 472 non
2698 418 2921 476 aliunde
2964 436 3127 492 quam
3188 439 3256 479 ex
3336 429 3587 498 proprie-

307 482 431 552 ἅμα
456 484 553 537 καὶ
591 484 959 556 ἀνθρωπικῶς
994 492 1512 562 χαρακτηριζόντων
1539 496 1737 567 αὐτὸν,
1795 499 1899 570 ἑμ-

314 577 502 642 φύτων
537 575 872 644 wantdi
924 581 1027 651 τῆς
1075 598 1135 635 τε
1195 583 1378 653 θείας,
1444 588 1520 653 ὡς
1565 590 1742 659 ἔφην,
1811 590 1901 646 θι-

317 664 533 733 λήσεως
589 667 689 719 καὶ
726 669 1046 740 ἐνεργείας,
1107 673 1205 727 καὶ
1263 676 1363 745 τῆς
1404 678 1757 750 άνθρωπικῆς
1805 682 1900 736 τοῦ

320 754 492 808 αὐτοῦ
518 754 796 826 θελήσεως
833 760 927 813 καὶ
971 760 1278 831 ἐνεργείας·
1310 761 1419 831 αἷς,
1471 771 1568 822 καὶ
1621 769 1695 824 δι’
1716 764 1812 836 ὧν,
1836 756 1847 773 ’
1871 772 1901 826 δ

318 841 391 917 ἦν
425 849 520 900 καὶ
566 849 794 917 γέγονεν
827 851 1239 924 ἑπισφραγίζευ
1294 858 1740 932 θαυμαωυργῶν
1797 866 1899 936 μὲν

315 937 467 1009 ὑπὲρ
494 940 647 1008 ἡμᾶς
674 939 751 1006 ὥς
791 942 925 1008 Θεὸς
958 945 1247 1011 ἑκουσίως⁸
1282 948 1510 1020 πάσχων
1547 951 1606 1006 δὲ
1649 952 1719 1008 δι’
1748 957 1899 1026 ἡμᾶς

310 1033 340 1085 ὀ
372 1034 534 1097 αὐτὸς
577 1036 838 1100 ἑκουσίως
887 1037 964 1102 ὡς
1018 1040 1306 1111 ἄνθρωπος
1344 1057 1359 1072 ⁸
1414 1043 1491 1109 ὡς
1530 1048 1631 1099 οὐκ
1674 1043 1803 1099 ἄλλο
1844 1061 1898 1098 τι

312 1127 469 1196 παρὰ
497 1127 608 1180 τῶν
637 1127 697 1192 ἐξ
721 1122 818 1193 ὧν,
852 1131 912 1185 ὲν
943 1125 1025 1195 οἷς
1054 1150 1114 1187 τε
1151 1135 1248 1189 καὶ
1277 1137 1422 1208 ἆπερ
1470 1139 1589 1191 ἐστὶ
1633 1139 1899 1210 γνωριζό-

314 1234 496 1287 μενος.
525 1213 634 1273 οἶόν
661 1238 713 1273 τι
750 1222 908 1276 νόθον
956 1225 1052 1277 καὶ
1102 1226 1445 1298 μεταίχμιον,
1497 1229 1665 1300 ἤγουν
1715 1230 1898 1300 τρίτον

311 1310 685 1382 ἀποτέλεσμα,
738 1314 878 1368 κατὰ
928 1315 1029 1386 τὴν
1078 1318 1189 1371 τῶν
1237 1319 1478 1389 ἡμιόνων
1527 1321 1847 1391 παράδειξιν
1879 1339 1895 1355 ο

310 1400 387 1464 ὡς
427 1404 460 1473 ὴ
499 1404 610 1456 τῶν
640 1405 942 1475 κενολόγων
975 1409 1019 1440 ⁸¹
1056 1410 1354 1481 αἱρετικῶν
1387 1412 1767 1482 μυθοπλαστία
1811 1432 1897 1468 τε·

317 1495 619 1564 pet-oleret,
652 1496 747 1549 τοῦ
770 1498 1032 1561 εὐσεϐοῦς
1065 1501 1444 1572 άποσφαλεῖσα
1463 1505 1572 1558 τῶν
1595 1506 1767 1574 ἁγίων
1794 1508 1897 1560 Πα-

297 1582 502 1651 ,τέρων
531 1585 892 1657 κηρύγματος
920 1589 1035 1643 ἀλλ’
1057 1592 1198 1645 αὐτὰ
1222 1593 1344 1646 κατ’
1385 1594 1645 1667 ἀλήθειαν
1693 1597 1899 1666 κυρίως

296 1673 412 1735 ὢν,
472 1676 541 1729 τὰ
598 1677 656 1744 ἐξ
702 1673 798 1742 ὧν,
849 1682 946 1734 καὶ
994 1682 1052 1735 ὲν
1102 1679 1187 1747 οἷς
1219 1690 1334 1737 κατ’
1367 1685 1627 1756 ἀλήθειαν
1692 1688 1898 1758 κυρίως

311 1765 484 1820 ἑστίν.
526 1767 621 1822 Ἐκ
651 1767 904 1840 θεότητος
932 1772 1041 1844 γὰρ
1070 1776 1166 1828 καὶ
1204 1777 1640 1846 ἀνθρωπότητος,
1691 1781 1787 1832 καὶ
1841 1781 1898 1834 ἐν

314 1856 530 1930 Θεότητι
572 1861 669 1914 καὶ
703 1863 1083 1934 ἀνθρωπότητι
1110 1867 1253 1920 κατὰ
1275 1868 1436 1936 φύσιν
1463 1862 1747 1941 ὑπάρχων⁶
1767 1871 1899 1935 Θεὸς

315 1948 480 2018 φύσει
524 1953 621 2006 καὶ
667 1953 955 2025 ἄνθρωπός
1003 1959 1152 2011 ἐστιν
1178 1960 1208 2011 ό
1233 1960 1469 2031 Χριστός
1500 1978 1515 1994 ·
1549 1963 1644 2015 καὶ
1673 1961 1803 2015 ἄλλο
1836 1962 1899 2016 τὸ

312 2045 583 2116 παράπαν
610 2047 785 2104 οὐδέν.

385 2215 500 2269 Καὶ
550 2216 687 2283 πῶς,
735 2217 890 2286 φασὶ,
944 2218 1214 2289 Κύριλλος
1255 2221 1285 2273 ό
1336 2220 1501 2291 σοφὸς
1544 2221 1722 2292 μέσην
1770 2220 1899 2275 τινὰ

311 2305 468 2370 τάξιν
496 2307 608 2361 τῶν
632 2309 729 2362 ἐπὶ
767 2310 1010 2380 Χριστοῦ
1042 2311 1238 2380 φωνῶν
1293 2311 1605 2383 διαγορεύει
1658 2315 1897 2384 φρονεῖν,

306 2397 521 2451 οὑτωσὶ
573 2400 712 2469 πρὸς
754 2401 1007 2457 Ἀκάκιον
1045 2404 1314 2474 γράφων·
1358 2421 1378 2455 ι
1423 2404 1491 2456 Δί
1520 2404 1620 2474 μὲν
1641 2405 1752 2473 γάρ
1793 2404 1900 2458 είσι

311 2489 427 2544 τῶν
473 2490 667 2559 φωνῶν
705 2493 790 2546 ὅτι
819 2493 1061 2562 μάλιστα
1113 2494 1448 2565 Θεοπρεπεῐς
1474 2511 1489 2526 ο
1542 2495 1599 2548 αἱ
1641 2494 1720 2561 δὲ,
1757 2495 1901 2551 οὔτω

310 2580 483 2636 πάλιν
511 2582 1003 2656 άνθρωποπρεπεϊς
1029 2603 1043 2618 ·
1065 2587 1122 2639 αἱ
1146 2586 1204 2640 δὲ
1228 2586 1402 2657 μέσην
1423 2586 1545 2641 τινὰ
1572 2587 1726 2653 τάξιν
1745 2588 1902 2660 ἔχου-

312 2690 395 2727 σι.
502 2675 615 2729 Καὶ
670 2676 725 2728 τί
784 2677 944 2731 τοῦτο
998 2678 1366 2750 συμὸαλείταί
1417 2684 1538 2735 ποτ’
1566 2681 1636 2735 ἂν
1667 2682 1903 2745 ἐκείνοις

313 2764 455 2835 πρὸς
484 2768 584 2838 τὴν
603 2769 812 2822 οἰκείαν
828 2768 1100 2841 ὑπόληψιν
1126 2788 1142 2838 ;
1178 2789 1197 2822 ι
1227 2772 1302 2825 Οὐ
1332 2772 1442 2845 γὰρ
1465 2776 1532 2828 ὲκ
1567 2775 1899 2845 μεταδολῆς.

2003 501 2215 559 tatibus
2261 514 2456 562 natura
2550 508 2778 579 insitis,
2857 513 3059 581 quibus
3150 516 3336 573 divina
3419 521 3587 578 simul

2008 590 2363 664 humanaque
2410 597 2626 652 ratione
2679 599 3022 672 insigniatur
3074 606 3210 672 (tum
3259 606 3470 663 scilicet
3516 626 3585 665 ex
3689 670 3696 678 ,

2007 683 2218 752 divina,
2248 696 2309 740 ιιι
2337 688 2474 752 dixi,
2535 691 2817 750 voluntate
2851 703 2905 750 et
2958 698 3295 771 operatione,
3343 708 3456 754 tum
3513 717 3582 755 ex

2010 775 2248 831 humana
2280 779 2525 848 ejusdem
2551 783 2836 839 voluntate
2873 795 2929 841 et
2983 791 3326 858 operatione)
3385 778 3597 861 digno-4
3668 831 3672 836 η
3712 796 3719 801 ”

2006 869 2256 937 scimus;
2307 871 2510 940 quibus
2554 890 2619 930 ac
2673 891 2770 946 per
2817 892 2974 948 quas.
3026 883 3171 948 quod
3227 888 3348 939 erat
3373 879 3583 949 factus?
3628 864 3668 883 γ’

2006 975 2114 1030 quc
2154 969 2268 1027 est,
2345 962 2654 1035 obsignat;
2699 968 2869 1027 edens
2930 979 3154 1040 sponte
3206 972 3577 1045 miraculalut

2002 1047 2175 1113 Deus,
2249 1046 2604 1118 humanaque
2671 1048 2881 1119 majore
2949 1057 3273 1119 potestate;
3322 1042 3584 1124 idet;qu
3628 1070 3645 1128 νζ
3684 1074 3685 1077 η
3722 1042 3778 1091 ις.

1999 1145 2196 1207 Sponte
2220 1136 2453 1207 patiens,
2487 1146 2549 1191 ut
2569 1137 2759 1202 homo,
2787 1137 2961 1192 nostri
2998 1154 3162 1194 causa
3192 1157 3205 1192 :
3240 1140 3587 1213 velutgnimii‘e
3666 1210 3669 1213 Ἴ

2001 1240 2124 1279 rum
2153 1226 2246 1295 qui
2272 1241 2382 1280 non
2416 1226 2564 1281 aliud
2599 1228 2754 1296 quid,
2781 1237 2983 1298 praeter
3012 1243 3075 1283 ea
3106 1229 3411 1298 exquibus
3437 1238 3491 1284 et
3526 1230 3583 1285 in
3656 1216 3657 1219 η

2005 1317 2210 1386 quibus
2238 1332 2302 1371 ac
2324 1333 2447 1387 quae
2472 1318 2708 1382 exsistit,
2721 1334 2843 1374 esse
2874 1323 3157 1382 noscatur,
3186 1334 3285 1374 ceu
3307 1320 3421 1376 fere
3447 1321 3582 1391 quid

2001 1409 2252 1478 spurium
2298 1410 2651 1480 mediumque
2685 1410 2760 1479 (id
2810 1419 2914 1471 est.
2944 1412 3168 1467 tertium
3210 1411 3343 1481 quid
3386 1426 3452 1466 ac
3481 1426 3601 1483 ιι.ηοί

2002 1513 2131 1568 ccps
2181 1500 2458 1554 mulorum
2520 1498 2714 1568 instar)
2769 1500 3032 1565 effectus,
3084 1509 3145 1555 ut
3192 1501 3582 1571 limreticorUm

2001 1605 2136 1645 vana
2166 1590 2510 1660 loquentium
2547 1590 2803 1651 fabulosa
2830 1590 3155 1660 loquacitas,
3192 1605 3222 1644 ει
3263 1579 3601 1673 ειιιιοιῦιυιπ

1998 1676 2223 1732 Patrum
2266 1677 2355 1746 pia
2382 1670 2773 1747 praedicatione
2796 1672 2977 1744 devia,
3004 1688 3313 1739 monstrose
3350 1670 3601 1749 commi-f
3635 1677 3643 1719 ἶ
3686 1680 3691 1683 ⁷

1998 1768 2262 1835 niscitur;
2428 1769 2535 1824 sed
2576 1770 2668 1824 illa
2698 1769 2815 1840 ipsa
2840 1785 3054 1833 revera
3078 1772 3302 1840 prOprie
3329 1771 3587 1845 exsistat,

1997 1873 2066 1914 ex
2093 1859 2299 1929 quibus
2335 1867 2392 1916 et
2424 1861 2481 1916 in
2511 1860 2714 1930 quibus
2749 1876 2943 1915 revera
2974 1861 3194 1931 proprie
3225 1869 3329 1916 est.
3362 1862 3441 1917 Ex
3467 1848 3587 1916 dei:-
3618 1848 3623 1852 ’

2001 1960 2111 2007 tate
2137 1952 2287 2007 enim
2312 1959 2370 2007 et
2395 1951 2763 2015 humanitate,
2791 1960 2954 2020 atque
2982 1951 3038 2004 in
3069 1950 3274 2006 deitate
3305 1958 3361 2005 et
3384 1948 3584 2006 huma-

1999 2042 2172 2096 nitate
2199 2049 2397 2097 natura
2431 2042 2723 2106 exsistens,
2755 2042 2899 2095 Deus
2934 2049 3129 2095 natura
3162 2048 3219 2098 et
3249 2041 3437 2108 homo,
3479 2055 3585 2097 nec

1997 2149 2232 2205 prorsus
2262 2134 2565 2204 quidquam
2593 2132 2765 2198 aliud,
2792 2131 3050 2188 Christus
3083 2140 3187 2188 est.
3378 2184 3383 2188 ,

2069 2227 2140 2282 Et
2181 2225 2480 2296 quomodo,
2524 2225 2809 2295 inquiunt,
2861 2224 3303 2295 sapientissimus
3348 2212 3586 2297 Cyrillus

2000 2320 2245 2376 medium
2278 2316 2572 2388 quemdam
2617 2315 2870 2371 ordinem
2918 2330 3114 2371 vocum
3165 2316 3229 2377 in,
3263 2315 3487 2372 Christo
3522 2332 3585 2372 se

1990 2413 2205 2468 sentire
2242 2409 2552 2482 proﬁtetur,
2579 2409 2635 2464 in
2679 2409 2798 2464 haec
2833 2408 3005 2463 verba
3046 2408 3115 2463 ad
3157 2408 3410 2465 Acacium
3445 2410 3587 2465 scri-
3700 2400 3703 2401 ⁷

1999 2503 2138 2559 hens
2174 2519 2187 2556 :
2226 2521 2244 2554 ι
2284 2501 2435 2556 lnter
2462 2514 2647 2563 voces,
2671 2513 2794 2569 quae
2819 2497 3040 2554 Christo
3064 2498 3407 2566 tribuuntur,
3438 2516 3589 2571 quae-

2001 2595 2126 2651 dam
2159 2593 2435 2651 divinitati
2458 2593 2807 2664 potissimum
2836 2592 3205 2659 conveniunt;
3237 2592 3359 2647 alia:
3399 2604 3585 2648 autem

1994 2688 2176 2758 magis
2218 2686 2287 2741 ad
2336 2684 2737 2741 humanitatem
2786 2686 3070 2756 pertinent
3114 2702 3128 2739 :
3173 2686 3294 2742 aliae
3347 2685 3587 2756 denique

2000 2779 2159 2850 quasi
2204 2777 2445 2833 medium
2475 2775 2768 2847 quemdam
2797 2776 3048 2831 ordinem
3081 2776 3353 2832 obtinent.
3393 2795 3413 2829 ι
3442 2775 3586 2843 Quid

313 2856 348 2929 ἢ
379 2858 653 2930 ἀποϐολῆς
671 2860 783 2914 τῶν
809 2862 1017 2932 ἄκρων,
1046 2860 1304 2935 Θεότητός
1338 2883 1484 2936 φημι
1515 2864 1613 2920 τοῦ
1650 2867 1894 2939 Χριστοῦ

2004 2884 2135 2924 vero
2166 2868 2273 2923 hoc
2313 2859 2575 2938 unquam,
2603 2881 2715 2937 quo
2741 2880 2899 2922 suam
2940 2875 3202 2921 tueantur
3242 2867 3586 2938 opinionem,

310 2950 412 3004 καὶ
442 2952 956 3026 άνθρωπότητοςοῆ
987 2953 1141 3017 Θείας
1165 2953 1262 3009 τοῦ
1292 2955 1460 3010 αὐτοῦ
1489 2957 1586 3011 καὶ
1613 2956 1898 3028 ἀνθρωπί-

310 3060 415 3114 νης
438 3043 714 3117 θελήσεως
753 3048 849 3100 καὶ
874 3047 1182 3122 ἐνεργείας,
1207 3047 1397 3119 ἕτερόν
1423 3066 1478 3103 τι
1508 3051 1702 3120 μέσον,
1726 3050 1898 3122 ἦγουν

308 3137 648 3208 μεταίχμιον
710 3119 1082 3211 ἀποτέΐεσμα,
1144 3143 1420 3216 μηδετέρᾳ
1465 3142 1632 3212 φύσει
1693 3119 1804 3198 τιῦν
1839 3142 1900 3208 ἐξ

308 3224 392 3284 ὧν
425 3230 543 3283 ἐστι
580 3231 875 3285 κοινωνοῦν
895 3248 909 3262 '
937 3232 969 3302 ἢ
1004 3232 1186 3298 πάλιν,
1217 3235 1501 3307 ἐνέργειάν
1528 3253 1652 3291 τινα
1699 3237 1895 3291 σύνθε-

306 3339 408 3377 τον
453 3322 583 3378 ὄντα
630 3322 767 3384 κατ’,
804 3326 1042 3391 αὐτοὺς,
1080 3325 1113 3397 ἢ
1169 3327 1366 3397 ἔχοντα
1401 3328 1790 3400 ’παραδίδωσιν
1840 3332 1899 3384 ὲν

305 3415 530 3479 τούτοις
551 3417 686 3488 ἡμῖν
714 3416 742 3468 ό
770 3415 1118 3483 διδάσκαλος,
1147 3418 1261 3472 ἀλλ’
1288 3414 1373 3473 ὅτι
1424 3419 1601 3474 ταῦτα
1650 3420 1752 3491 μὲν
1795 3438 1897 3474 κυ-

321 3507 455 3579 ρίως
488 3507 627 3572 ἐστὶ,
655 3507 725 3560 τά
748 3506 807 3571 ἐξ
828 3500 903 3561 ὧν
929 3510 1078 3562 ἐστιν
1107 3525 1123 3540 υ
1159 3509 1220 3563 οὐ
1258 3511 1606 3582 διηρημένως
1636 3512 1693 3566 δὲ
1725 3511 1900 3567 ταῦτα

311 3597 753 3668 κατονομάζεται
788 3613 804 3628 ’
836 3598 974 3668 ὁμοῦ
1000 3600 1078 3666 δὲ,
1110 3601 1206 3653 καὶ
1234 3602 1291 3653 ὲν
1318 3601 1505 3672 ταυτῷ
1529 3603 1739 3657 τούτων
1765 3605 1898 3657 ἐκά-

306 3705 496 3758 τερον,
524 3688 602 3752 ὠς
627 3684 709 3751 εἷς
735 3686 810 3741 ὢν
838 3689 933 3741 καὶ
958 3690 1119 3758 μόνος
1148 3691 1176 3742 ό
1204 3691 1463 3762 Χριστός.
1489 3692 1600 3759 Καὶ
1628 3696 1898 3764 μαρτυρεῖ

308 3781 448 3854 περὶ
474 3778 682 3834 τούτων
709 3779 873 3842 αὐτὸς
897 3779 1486 3850 ὑπαραπολογούμενος
1524 3781 1636 3837 τῶν
1677 3783 1899 3838 Ἀνατο-

308 3873 485 3928 λικῶν
506 3872 844 3936 ἐπισκόπων,
877 3872 973 3926 καὶ
990 3871 1217 3942 γράφων
1238 3871 1377 3943 πρὸς
1406 3873 1660 3928 Ἀκάκιον
1702 3874 1895 3942 οὕτως,

314 3986 337 4020 ι
369 3967 434 4022 Οἱ
458 3965 515 4019 δέ
540 3982 603 4035 γε
643 3964 785 4019 κατὰ
828 3965 930 4035 τὴν
967 3963 1296 4035 Ἀντιόχειαν
1348 3965 1588 4036 ἀδελφοὶ,
1616 3966 1898 4038 μερίζουσι

313 4059 418 4132 μὲν
441 4057 563 4113 κατ’
592 4058 783 4113 οὐδένα
813 4059 1020 4130 τρόπον
1050 4058 1123 4111 τὰ
1149 4056 1406 4129 ἡνωμένα
1441 4074 1455 4087 ⁸
1491 4056 1823 4130 διαιρεῖσθαι
1842 4059 1901 4113 δὲ

313 4151 480 4222 μόναι
508 4150 864 4205 διατείνονται
896 4150 995 4213 τὰς
1025 4149 1120 4203 ἐπὶ
1133 4150 1226 4204 τοῦ
1250 4150 1458 4223 Κυρίου
1488 4151 1671 4220 φωνάς
1696 4168 1710 4183 ·
1769 4152 1903 4222 πρέ-

2000 2961 2109 3016 illis
2143 2960 2470 3016 contulerit?
2493 2959 2614 3015 Non
2637 2961 2786 3016 enim
2820 2975 2886 3015 ex
2928 2960 3258 3026 mutatione,
3283 2968 3381 3015 aut
3416 2976 3587 3031 repu-

1998 3054 2093 3108 dio
2120 3068 2184 3108 ac
2211 3054 2509 3109 amissione
2543 3062 2916 3109 extremorum
2959 3053 3167 3110 Christi
3200 3052 3435 3126 (scilicet
3464 3053 3587 3109 dei-

2000 3143 2129 3198 tatis
2162 3159 2226 3198 ac
2262 3143 2643 3208 humanitatis,
2671 3143 2789 3198 sive
2818 3144 3024 3199 divinae
3052 3146 3176 3215 ejus
3203 3153 3368 3214 atque
3391 3143 3591 3199 huma-

1998 3250 2084 3291 nae
2111 3236 2411 3290 voluntatis
2440 3249 2507 3291 ac
2537 3234 2897 3307 operationis)
2942 3235 3092 3291 aliud
3137 3235 3272 3306 quid
3316 3235 3586 3302 medium,

1998 3328 2114 3383 sive
2148 3328 2497 3400 interjectum
2536 3328 2818 3395 ell‘ectum,
2852 3343 2980 3384 cum
3014 3337 3209 3384 neutra
3243 3328 3481 3399 partium
3519 3343 3590 3384 ex

1998 3419 2202 3489 quibus
2247 3429 2367 3485 est,
2419 3420 2956 3488 communicantem;
3009 3432 3107 3475 aut
3151 3419 3249 3491 qui
3293 3434 3490 3475 rursus
3530 3419 3588 3475 in

1998 3525 2191 3565 eorum
2226 3511 2522 3575 sententia,
2570 3512 2821 3581 operatio
2852 3511 3105 3580 quaedam
3147 3511 3451 3581 composita
3491 3509 3586 3577 sit,

1998 3602 2087 3656 vel
2129 3616 2193 3655 ea
2224 3601 2524 3670 praeditus;
2561 3600 2766 3670 quibus
2798 3600 2878 3655 sic
2910 3601 3178 3670 loquitur,
3213 3602 3379 3656 nobis
3418 3600 3590 3656 tradit

1999 3691 2266 3763 Cyrillns;
2304 3690 2421 3756 sed,
2460 3705 2582 3746 esse
2626 3706 2755 3746 eum
2801 3706 2955 3756 vere,
2999 3706 3085 3757 ea,
3128 3706 3196 3746 ex
3236 3692 3438 3761 quibus
3468 3699 3584 3759 est;

1999 3780 2149 3837 haud
2181 3788 2358 3834 tamen
2401 3794 2467 3835 ea
2500 3779 2732 3835 seorsim
2764 3779 3069 3850 divisisque
3098 3781 3348 3850 partibus
3373 3781 3582 3848 vocari,

2001 3873 2096 3930 sed
2139 3872 2304 3929 simul
2338 3880 2595 3942 utraque,
2623 3879 2686 3926 ut
2710 3871 2806 3941 qui
2836 3887 2981 3927 unus
3012 3870 3266 3928 Christus
3295 3887 3360 3926 ac
3393 3872 3585 3942 singu-

2000 3963 2133 4018 laris
2161 3962 2253 4017 sit.
2285 3960 2545 4016 Testatur
2575 3960 2693 4021 hmc
2726 3962 2864 4030 ipse,
2895 3976 3020 4015 cum
3053 3962 3351 4017 orientales
3372 3960 3588 4030 episco-

2000 4069 2103 4125 pos
2132 4051 2457 4117 det‘endens,
2503 4051 2560 4107 in
2593 4051 2711 4107 haec
2751 4051 2920 4106 verba
2965 4050 3035 4106 ad
3067 4051 3328 4106 Acacium
3368 4048 3594 4106 scribit:

2008 4164 2029 4199 ι
2060 4145 2133 4201 At
2162 4160 2296 4200 vero
2327 4143 2656 4199 Antiocheni
2691 4143 2908 4208 fratres,
2940 4158 3065 4213 quae
3094 4142 3315 4212 quidem
3351 4142 3497 4198 inter
3525 4157 3587 4199 se

311 4257 441 4295 πειν
464 4257 524 4293 τε
553 4239 651 4304 τὰς
677 4240 778 4311 μὲν
806 4242 873 4310 τῇ
902 4239 1120 4310 θεότητι
1150 4238 1320 4294 αὐτοῦ
1341 4279 1357 4303 ,
1385 4239 1484 4303 τὰς
1519 4239 1574 4293 δὲ
1611 4242 1678 4311 τῇ
1730 4241 1897 4296 αὐτοῦ

2004 4237 2159 4294 unita
2185 4243 2336 4302 sunt,
2358 4236 2513 4292 nullo
2535 4244 2698 4306 pacto
2719 4234 3036 4290 distrahunt
3064 4252 3077 4288 :
3107 4234 3203 4290 sed
3227 4234 3375 4289 solas
3396 4248 3583 4299 voces,

311 4328 479 4383 πάλιν
508 4327 909 4400 άνθρωπότητι.
937 4326 1070 4390 Θεὸς
1107 4327 1218 4397 γάρ
1242 4327 1392 4381 ἐστιν
1419 4330 1449 4382 ό
1474 4327 1637 4392 αὐτὸς
1673 4329 1768 4382 καὶ
1802 4328 1897 4383 ἆν-

313 4417 534 4488 θρωπος
566 4435 581 4449 θ
611 4412 752 4469 εἶναι
794 4415 851 4470 δέ
885 4432 1017 4485 φασι
1051 4416 1145 4469 καὶ
1188 4416 1380 4487 ἑτέρας
1427 4417 1895 4488 κοινοποιηθείσας

311 4509 517 4581 τρόπον
550 4507 695 4576 τινὰ,
728 4508 821 4562 καὶ
844 4502 956 4562 οἷον
985 4508 1069 4561 ἐπ’
1094 4509 1262 4579 ἄμφω
1286 4508 1589 4578 βλεπούσας
1617 4525 1629 4538 ·
1663 4510 1894 4579 θεότητα

313 4603 415 4658 καὶ
468 4602 866 4675 ἁνθρωπότητα
906 4601 1051 4670 λέγω
1085 4618 1098 4633 ⁸
1121 4599 1232 4658 οἷόν
1258 4602 1312 4655 τί
1348 4619 1512 4673 φημι,
1543 4603 1599 4656 αί
1643 4602 1742 4673 μὲν
1785 4604 1893 4675 γάρ

311 4696 422 4748 είσι
450 4693 558 4748 τῶν
585 4694 777 4763 φωνῶν
818 4695 900 4748 ὅτι
940 4693 1175 4765 μάλιστα
1210 4693 1556 4766 θεοπρεπείς,
1584 4695 1639 4748 αἱ
1668 4695 1725 4749 δὲ
1754 4693 1898 4749 οὕτω

317 4784 487 4838 πάλιν
540 4783 1036 4857 ἀνθρωποπρεπεῖς
1065 4799 1080 4815 ·
1131 4785 1186 4838 αἱ
1227 4783 1282 4836 δὲ
1345 4783 1517 4855 μέσην
1574 4784 1695 4837 τινα
1746 4781 1900 4848 τάξιν

312 4878 558 4949 ἔχουσιν,
643 4877 1038 4947 ὲμφανίζουσαι
1063 4875 1152 4930 τὸν
1180 4876 1307 4929 Υἱὸν
1331 4874 1426 4930 τοῦ
1451 4876 1585 4930 Θεοῦ
1609 4877 1742 4931 Θεὸν
1770 4876 1900 4931 ὄντα

310 4970 412 5024 καὶ
437 4967 725 5040 ἄνθρωπον
753 4967 889 5039 ὁμοῦ
918 4985 978 5022 τε
1007 4967 1103 5022 καὶ
1140 4971 1198 5022 ὲν
1238 4967 1441 5038 ταύτῷ.
1482 4986 1501 5019 ι
1536 4967 1744 5040 δέδειχε
1784 4952 1898 5023 τοι·

314 5056 522 5129 γαροῦν
583 5059 714 5129 ἡμῖν
744 5058 772 5110 ό
807 5057 1125 5122 διδάσκαλος
1146 5098 1161 5123 ,
1196 5058 1367 5129 μέσην
1403 5058 1556 5126 τάξιν
1599 5055 1741 5115 εἶναι
1790 5078 1902 5130 φωο

311 5150 469 5214 νῶν,
530 5152 627 5222 οὐχ
686 5151 872 5223 ἕτερόν
919 5168 973 5205 τι
1034 5151 1125 5203 τὸν
1183 5150 1419 5222 Χριστὸν
1471 5147 1645 5215 εἶναι,
1698 5170 1898 5223 σημαι-

310 5242 545 5308 νουσῶν,
580 5243 728 5315 παρὰ
758 5244 825 5298 τὰ
853 5244 911 5310 ἐξ
931 5236 1026 5310 ὧν,
1054 5244 1113 5298 ὲν
1140 5237 1223 5307 οἷς
1244 5260 1303 5296 τε
1333 5244 1428 5297 καὶ
1459 5245 1603 5316 ἅπερ
1627 5246 1799 5309 ἐστὶν,
1826 5245 1902 5311 ὥς

312 5351 465 5399 τινες
490 5333 850 5407 ὑπειλήφασιν
874 5352 888 5365 ·
915 5334 1051 5388 ἀλλὰ
1069 5333 1161 5390 τὸν
1189 5332 1323 5388 Θεὸν
1344 5334 1477 5404 ὁμοῦ
1503 5336 1595 5388 xui.
1615 5335 1901 5406 ἄνθρωπον

313 5433 412 5486 τὸν
443 5430 606 5486 αὑτὸν
633 5431 776 5485 κατὰ
827 5430 992 5501 φύσιν
1042 5430 1332 5501 ὑπάρχειν.
1366 5428 1476 5487 Καὶ
1527 5427 1901 5500 παρακομίζει

324 5526 467 5596 πρὸς
497 5522 770 5589 ἀπόδειξιν
794 5524 1002 5579 τούτων
1023 5524 1123 5585 τὰς
1144 5521 1540 5587 θεοπνεύστους
1555 5519 1781 5593 Γραφὰς
1810 5520 1901 5574 οὐ·

317 5614 458 5672 τωσὶ
495 5618 739 5686 φάσκων.
776 5635 795 5670 ι
821 5617 988 5670 Ὅταν
1020 5615 1120 5684 μὲν
1135 5614 1216 5685 τῷ
1230 5614 1483 5684 Φιλίππῳ
1506 5613 1662 5685 λέγῃ,
1686 5611 1903 5669 Τοσοῦ-

320 5726 429 5764 τον
444 5710 668 5779 χρόνον
678 5709 806 5778 μεθ’
827 5706 994 5778 ὑμῶν
1008 5710 1148 5777 ειμι,
1163 5709 1263 5764 καὶ
1282 5710 1396 5764 οὐκ
1415 5705 1683 5776 ἔγνωκάς
1696 5722 1790 5775 με,
1803 5705 1902 5760 Φί-

2002 4346 2126 4402 quae
2148 4330 2217 4386 de
2242 4328 2469 4385 Christo
2498 4327 2782 4393 dicuntur,
2818 4326 3188 4382 secernendas
3207 4325 3583 4392 contendunt;

2003 4431 2169 4490 atque
2201 4419 2341 4475 alias
2372 4417 2596 4489 quidem
2641 4416 2763 4487 ejus
2790 4415 3089 4479 divinitati,
3122 4416 3259 4471 alias
3290 4432 3426 4472 vero
3466 4416 3589 4487 ejus

2004 4523 2199 4564 rursus
2247 4506 2577 4563 humanitati
2607 4519 2932 4575 congruere.
2978 4503 3128 4558 Idem
3165 4504 3314 4558 enim
3358 4503 3504 4558 Deus
3531 4510 3590 4557 et

2003 4600 2172 4655 homo
2210 4606 2314 4654 est.
2345 4596 2570 4654 Addunt
2592 4596 2956 4651 nihilominus
3000 4593 3268 4665 quasdam
3299 4608 3420 4648 esse
3451 4607 3590 4662 quo-

2005 4690 2299 4747 dammodo
2341 4703 2684 4751 communes,
2719 4696 2775 4742 et
2803 4687 2956 4741 velut
2983 4685 3052 4740 ad
3094 4693 3383 4753 utramque
3425 4685 3590 4737 natu-

2003 4799 2121 4840 ram
2136 4790 2468 4853 spectantes,
2486 4779 2831 4835 divinitatem
2853 4778 3063 4833 scilicet
3084 4785 3142 4833 et
3164 4774 3584 4830 humanitatem.

2002 4874 2161 4943 Quod
2189 4875 2335 4939 dico,
2362 4872 2631 4946 ejusmodi
2662 4878 2769 4926 est.
2800 4869 2951 4924 Inter
2987 4883 3174 4929 voces,
3204 4880 3327 4935 quae.
3364 4864 3588 4920 Christo

2001 4969 2346 5030 tribuuntur,
2388 4964 2637 5036 quaedam
2667 4958 2946 5016 divinitati
2992 4956 3339 5027 potissimum
3382 4968 3587 5009 conve-

2003 5061 2195 5127 niunt;
2244 5058 2366 5115 aliae
2413 5066 2597 5112 autem
2647 5053 2820 5123 magis
2865 5051 2936 5106 ad
2983 5048 3381 5103 humanitatem
3415 5045 3587 5116 perti-

2005 5162 2179 5210 nent:
2209 5151 2328 5206 alia:
2369 5148 2609 5217 denique
2641 5146 2799 5215 quasi
2831 5143 3028 5199 medim
3054 5149 3204 5207 sunt,
3237 5155 3359 5210 quae
3388 5139 3587 5194 Filium

2002 5244 2133 5308 Dei,
2170 5243 2341 5297 Deum
2390 5248 2447 5295 et
2492 5238 2771 5293 hominem
2820 5235 2985 5291 simul
3032 5246 3150 5288 esse
3202 5231 3507 5287 declarent.
3560 5248 3580 5282 ι

2003 5333 2257 5390 Ostendit
2313 5331 2483 5403 igitur
2530 5329 2692 5384 nobis
2744 5327 2836 5382 ille
2889 5339 3012 5381 esse
3063 5323 3299 5379 mediam
3352 5321 3605 5391 classem

2024 5438 2243 5484 vocum,
2284 5435 2390 5474 non
2425 5434 2546 5491 qua
2582 5419 2891 5491 signiﬁcent
2923 5431 3045 5472 esse
3094 5412 3377 5470 Christum
3439 5414 3590 5470 aliud

2022 5514 2178 5589 quid.
2203 5523 2398 5586 praeter
2424 5514 2514 5569 illa
2547 5528 2612 5568 ex
2634 5511 2851 5581 quibus,
2875 5516 2930 5561 et
2970 5506 3025 5560 in
3086 5504 3309 5574 quibus.
3356 5522 3422 5563 ac
3468 5521 3592 5576 quat

2023 5620 2129 5673 est,
2157 5617 2215 5662 ut
2239 5605 2458 5677 quidam
2481 5603 2687 5672 Opinati
2707 5607 2857 5665 sunt;
2876 5598 2970 5654 sed
3001 5612 3122 5671 quae
3137 5598 3388 5653 eumdem
3415 5597 3581 5654 Deum

2023 5720 2144 5761 esse
2176 5711 2344 5772 atque
2373 5700 2648 5755 hominem
2686 5702 2879 5750 natura
2906 5693 3217 5752 ostendant.
3237 5691 3445 5765 Hisque
3469 5707 3594 5763 pro-
