4032 6210
515 294 650 360 1127

1767 297 2151 359 EUTHYMII
2190 298 2555 361 ZIGABENI

3644 294 3806 361 1128

518 435 702 492 caret;
734 441 836 483 nec
864 428 971 482 ulla
1003 441 1228 496 prorsus
1258 426 1374 495 ejus
1404 422 1460 479 in
1492 424 1660 477 rebus
1688 424 1771 479 vis
1804 435 2093 495 motusque

2202 431 2460 503 ριστικδν,
2495 431 2630 485 ἀλλὰ
2665 429 2962 502 προσώπου
3003 430 3213 500 κυρίως
3245 429 3342 484 καὶ
3392 428 3787 492 ὑποστάσεως.

518 528 621 572 est.
657 519 782 573 Haec
820 536 985 589 porro
1029 520 1200 573 libera
1231 516 1557 587 arbitriique
1589 518 1852 588 appetitio
1893 528 1997 582 est,
2037 519 2094 573 in

521 618 815 678 utrumque
860 608 1133 664 declinare
1178 618 1469 678 prmstans;
1508 610 1664 679 cujus
1711 609 1953 663 muneris
1986 618 2091 674 est,

521 716 631 754 non
671 711 730 755 ut
763 710 1035 767 naturam,
1072 702 1167 758 sed
1212 712 1273 757 ut
1310 718 1599 773 personam
1647 718 1712 756 ac
1759 702 2094 773 hypostasim

506 794 740 861 proprie
789 794 1083 848 discernat.
1134 794 1247 860 Qua
1294 811 1352 849 re
1393 805 1713 865 perspecta,
1752 794 1962 849 divisus
2006 795 2097 850 ille

468 902 471 903 ν
523 883 870 953 hominiSquc
914 885 1092 940 cultor
1133 886 1452 950 Nestorius,
1500 886 1669 940 animi
1714 886 2096 949 voluntatum,

434 1004 437 1007 ν
522 989 620 1033 seu
663 977 1061 1048 sententiarum
1108 978 1363 1033 unionem
1396 978 1560 1048 impie
1602 978 1808 1041 docuit,
1839 986 1900 1033 ut
1928 979 2100 1033 altera

485 1092 488 1097 η
523 1064 748 1142 alteram
795 1070 1201 1125 subsistentiam
1244 1087 1641 1141 personamque
1674 1080 1965 1138 astrueret,
1995 1088 2101 1126 nu-

524 1152 734 1228 dusque
774 1161 848 1215 illi
884 1163 1047 1215 homo
1076 1171 1382 1227 constaret;
1430 1180 1624 1232 nempe
1656 1163 1823 1217 animi
1867 1163 2101 1233 quadam

525 1250 803 1304 voluntate
852 1268 913 1305 ac
958 1254 1247 1316 sententia,
1299 1261 1559 1321 motuque
1604 1254 1779 1307 libero
1830 1254 1885 1307 in
1932 1255 2102 1309 Deum

525 1339 785 1403 Verbum,
815 1342 893 1393 uti
925 1342 1039 1411 ipse
1066 1342 1328 1411 loquitur,
1359 1342 1587 1396 conﬂata
1617 1344 1852 1410 unione;
1878 1359 1945 1397 ex
1975 1359 2102 1412 qua,

525 1433 773 1485 eamdem
825 1434 1036 1486 consilii
1090 1449 1152 1488 ac
1203 1434 1500 1489 voluntatis
1552 1434 1840 1498 rationem,
1891 1451 1987 1489 seu
2025 1438 2106 1506 (ut

2195 522 2304 575 Καὶ
2326 520 2487 575 τοῦτό
2526 538 2591 590 γε
2628 520 2881 589 διαγνοὺς
2913 521 2942 573 ὁ
2991 517 3321 589 διῃρημένος
3358 517 3454 570 καὶ
3482 516 3793 587 ἀνθρωπο-

2194 614 2404 686 λάτρης
2432 613 2752 683 Νεστόριος,
2785 610 3021 681 γνωμῶν
3050 611 3246 665 ἕνωσιν
3290 609 3501 674 ἀσεϐῶς
3539 610 3795 681 ἐδογμά-

2196 722 2346 759 τισεν
2371 720 2387 737 ⁸
2428 704 2496 757 ἶν’
2528 703 2800 772 ἑκατέραν
2842 700 2906 754 δι’
2934 700 3202 771 ἑκατέρας
3244 699 3545 753 ὑπόστασιν
3577 700 3796 753 ἐπικυ-

2203 797 2374 869 ρώσῃ,
2403 797 2497 851 καὶ
2524 798 2553 850 ὁ
2594 794 2750 865 ψιλὸς
2796 794 3083 863 ἄνθρωπος
3115 791 3265 862 αὑτῷ
3293 791 3534 863 τηρηθῇ,
3575 793 3797 862 γνώμῃ

2198 891 2306 943 τινὶ
2336 890 2429 943 καὶ
2459 888 2767 959 αὐθαιρέτῳ
2793 886 3008 955 κινήσει
3031 887 3095 955 τῇ
3125 884 3263 955 πρὸς
3291 884 3381 937 τὸν
3413 882 3549 936 Θεὸν
3576 884 3795 951 Λόγον,

2200 981 2275 1043 ὡς
2309 980 2469 1042 αὑτός
2504 995 2658 1048 φησι,
2692 976 2794 1047 τὴν
2821 977 3016 1029 ἕνωσιν
3056 974 3446 1044 ποιησάμενος,
3481 973 3543 1037 ἐξ
3584 967 3657 1044 ἧς
3686 975 3798 1027 καὶ
3874 1032 3879 1035 _

2200 1072 2298 1143 τὴν
2324 1069 2711 1124 ταυτοόουλίαν
2738 1067 3075 1137 συνίστησιν,
3111 1065 3144 1136 ἢ
3190 1064 3571 1129 πολυϐουλίαν,
3600 1067 3796 1117 είπεῖν
3866 1080 3867 1083 ‘

2202 1164 2564 1231 οἰκειότερον·
2595 1162 2705 1230 ὅσῳ
2744 1159 2839 1212 καὶ
2886 1157 3007 1210 καθ’
3059 1156 3295 1227 ἑκάστην
3341 1154 3437 1209 τοῦ
3497 1156 3795 1225 γνωμικοῦ

2205 1254 2511 1324 θελήματος
2553 1252 2790 1322 κίνησιν,
2840 1251 2982 1303 κατά
3012 1248 3177 1319 μέρος
3217 1248 3282 1302 ὲκ
3311 1248 3423 1300 τῶν
3444 1248 3662 1302 ἀτελῶν
3694 1248 3796 1301 ἐπὶ

2205 1347 2274 1399 τά
2310 1345 2500 1414 ὲντελῆ
2542 1347 2665 1398 κατ’
2697 1343 2859 1397 αὑτὸν
2894 1344 3053 1401 ῐεται,
3112 1341 3390 1411 φερομένη
3421 1357 3482 1393 τε
3512 1340 3611 1394 καὶ
3653 1357 3798 1408 προ-

2208 1436 2484 1489 κύπτουσα
2506 1453 2520 1467 ⁸
2555 1434 2670 1489 ἀλλ’
2705 1434 2804 1486 οὑκ
2844 1433 2903 1497 ἐξ
2928 1433 3100 1501 αὑτῆς
3124 1434 3222 1500 τῆς
3263 1430 3547 1500 ἀφράστου
3584 1428 3799 1497 συλλή-

527 1522 713 1583 verius
746 1525 1027 1594 magisque
1060 1526 1280 1595 proprie
1327 1526 1541 1596 loquar)
1580 1526 1959 1596 multiplicem,
1994 1536 2103 1581 sta-

2207 1528 2374 1598 ψεως,
2401 1528 2529 1599 ὅλης
2562 1526 2780 1589 τελείως
2809 1524 2950 1595 μετὰ
2977 1525 3086 1577 τῶν
3110 1524 3279 1592 αὐτῆς
3310 1524 3587 1584 ἁπάντων,
3645 1519 3801 1591 πρὸς

438 1646 443 1650 -
530 1613 660 1676 tuit;
712 1624 914 1682 quanto
980 1616 1144 1669 etiam
1215 1616 1445 1686 singulis
1495 1618 1759 1686 paulatim
1809 1618 2103 1673 voluntatis

2209 1620 2338 1691 ὃλην
2376 1621 2471 1672 καὶ
2496 1618 2565 1671 τὰ
2604 1618 2724 1671 κατ’
2754 1616 2922 1686 αὐτὴν
2955 1615 3190 1677 ἅπαντα,
3220 1613 3319 1686 τὴν
3361 1612 3643 1683 ἡμετέραν
3688 1611 3803 1679 φύε

435 1758 441 1765 ,
529 1706 696 1758 animi
750 1707 1021 1771 motibus,
1068 1724 1133 1777 ex
1184 1708 1517 1777 imperfectis
1564 1710 1630 1762 ad
1677 1709 1939 1778 perfecta,
1988 1719 2103 1764 ten-

2212 1727 2297 1763 σιν
2337 1713 2436 1779 τῆς
2467 1708 2559 1762 τοῦ
2614 1708 2787 1774 Λόγου
2824 1706 3098 1777 θεότητος,
3147 1705 3269 1760 καθ’
3313 1704 3614 1757 ὑπόστασιν
3655 1704 3801 1770 μίαν

466 1822 470 1827 -
526 1796 710 1851 dendo
755 1814 817 1851 ac
865 1794 1223 1867 proliciendo,
1273 1809 1332 1852 ut
1366 1800 1455 1854 ille
1502 1802 1778 1869 opinatur,
1826 1803 2103 1870 procedit;

2217 1800 2311 1853 καὶ
2335 1798 2432 1869 τὴν
2466 1798 2635 1866 αὐτὴν
2660 1796 2974 1863 ὲνωθείσης.

532 1907 639 1944 non
675 1892 830 1960 quasi
863 1909 928 1946 ex
976 1894 1113 1962 ipsa,
1184 1894 1349 1948 nullis
1408 1895 1590 1950 verbis
1627 1895 1932 1965 explicabili
1980 1893 2360 1962 conceptione,
2403 1898 2515 1946 tota
2563 1889 2805 1959 perfecte
2849 1903 2973 1942 cum
3021 1886 3133 1940 suis
3176 1884 3455 1973 omnibus,
3492 1897 3620 1937 cum
3680 1889 3797 1934 tota

530 1985 755 2052 ejusque
802 1986 1057 2039 omnibus
1107 1994 1303 2039 natura
1352 1992 1533 2039 nostra
1571 2027 1586 2052 ,
1636 2001 1805 2055 penes
1846 2002 2007 2039 unam
2035 1986 2393 2054 eamdemque
2456 1981 2865 2039 subsistentiam
2917 1993 2982 2032 ac
3044 1991 3369 2047 personam,
3402 1972 3577 2028 Verbi
3608 1972 3798 2027 deitas

534 2074 686 2130 unita
731 2077 820 2129 sit.

603 2166 671 2223 Ut
712 2168 911 2238 igitur,
948 2185 1111 2238 quem
1148 2170 1297 2233 dixi,
1348 2170 1688 2232 monachus,
1742 2180 1856 2224 tum
1902 2182 2112 2225 natura}

534 2259 924 2329 perfectionem
973 2260 1029 2313 in
1080 2262 1192 2314 Deo
1240 2261 1522 2315 iucarnalo
1572 2270 1762 2315 exacte
1812 2269 2109 2325 statueret,

534 2360 652 2405 tum
685 2350 1129 2405 contrarietatem
1161 2352 1499 2417 excluderet;
1536 2352 1772 2405 naturali
1804 2352 1859 2405 in
1890 2368 1956 2405 eo
1983 2367 2111 2405 con-

536 2451 728 2504 stituta
773 2448 1075 2511 voluntate,
1109 2445 1457 2501 arbitrariam
1490 2445 1798 2515 dispunxit;
1831 2452 1890 2497 ut
1935 2458 2113 2513 neque

536 2537 790 2591 divisioni
822 2537 1023 2601 locum,
1054 2538 1398 2590 voluntatum
1443 2536 1497 2588 in
1535 2550 1601 2589 eo
1628 2535 1907 2596 conﬂictu,
1937 2533 2112 2599 daret,

536 2645 713 2697 neque
751 2628 965 2682 inanem
1018 2629 1254 2696 speciem
1298 2628 1609 2695 nudamque
1654 2626 1970 2696 imaginem,
2016 2641 2116 2693 per

535 2720 835 2773 absentiam
879 2720 1025 2772 illius
1053 2727 1373 2772 arcesseret.
1402 2720 1495 2773 Sin
1525 2726 1707 2771 autem
1734 2716 1857 2786 quis
1887 2714 2113 2769 forsitan

536 2806 787 2868 atiirmet,
817 2805 932 2859 fieri
977 2821 1086 2859 non
1121 2822 1279 2873 posse
1313 2815 1371 2858 ut
1402 2806 1562 2859 aliter
1587 2805 1708 2858 duae
1737 2804 1793 2857 in
1823 2819 1889 2858 eo
1922 2803 2113 2857 dican-

538 2904 627 2945 tur
662 2894 991 2953 voluntates,
1028 2909 1187 2961 quam
1218 2910 1317 2962 per
1341 2894 1784 2948 contrarietatem
1815 2908 1911 2947 seu
1940 2907 2115 2961 oppo-

534 2984 824 3049 sitionem;
869 2984 1140 3052 siquidem
1187 2985 1259 3038 ita
1311 2985 1598 3055 intelligat,
1646 2993 1705 3038 ut
1750 2984 2116 3039 essentialiter

2296 2169 2385 2231 Ὠς
2419 2166 2485 2221 ἂν
2519 2165 2699 2218 τοίνυν
2726 2164 2819 2217 καὶ
2851 2163 2912 2216 τὸ
2946 2161 3158 2224 ἐντελὲς
3185 2156 3523 2231 δωκριὸὠσῃ
3554 2158 3658 2227 τῆς
3690 2156 3802 2225 φύ-

2218 2277 2355 2321 σεως
2396 2258 2490 2310 ἐπὶ
2526 2256 2620 2309 τοῦ
2659 2254 3038 2325 σαρκωθέντος
3066 2252 3224 2316 Θεοῦ,
3261 2252 3354 2306 καὶ
3383 2251 3445 2303 τὸ
3472 2249 3801 2318 ἀντικείμε·

2214 2368 2303 2404 νον
2330 2349 2591 2421 διαρρίψῃ
2637 2350 2664 2401 ό
2698 2346 2908 2417 λεχθεὶς
2962 2344 3225 2415 μοναχός’
3287 2343 3348 2396 τὸ
3404 2342 3503 2408 μὲν
3558 2338 3805 2411 φυσικὸν

2208 2445 2408 2517 ὥρισεν
2442 2444 2529 2496 ἐπ’
2556 2443 2723 2497 αὑτοῦ
2750 2459 2766 2476 ⁸
2818 2442 2880 2497 τὸ
2907 2441 2967 2494 δὲ
3010 2442 3288 2513 γνωμικὸν
3324 2443 3660 2516 ἀποδιώρισε
3704 2447 3798 2500 Θέ-

2208 2539 2376 2609 λημα,
2416 2537 2554 2607 μήτε
2587 2539 2655 2607 τῇ
2683 2536 2947 2606 διαιρέσει
2994 2535 3179 2607 χώραν
3204 2535 3325 2598 δοὺς
3348 2535 3426 2606 τῷ
3458 2540 3794 2603 στασιάζειν

2208 2630 2263 2680 ἑν
2294 2627 2490 2697 τούτῳ,
2546 2628 2687 2696 μήτε
2721 2629 2786 2697 τῇ
2823 2626 3096 2698 φαντασίᾳ
3149 2627 3527 2696 παρείσδυσιν,
3572 2628 3653 2697 τῷ
3713 2630 3792 2698 μὴ

2208 2719 2471 2789 ὑπάρχειν
2501 2719 2696 2771 έκεῖνο.
2734 2718 2795 2770 Εί
2819 2718 2875 2770 δέ
2899 2736 2982 2780 τις
3007 2716 3170 2787 τυχὸν
3205 2717 3568 2787 ἰσχυρίζεται,
3606 2719 3688 2788 μὴ
3721 2720 3792 2772 ἂν

2206 2809 2380 2872 ἄλλως
2409 2807 2495 2861 ἐπ’
2527 2805 2691 2860 αὑτοῦ
2717 2806 2964 2867 δυνατὸν,
3008 2806 3041 2876 ἢ
3082 2806 3204 2859 κατ’
3240 2806 3560 2859 ἐναντίωσιν
3596 2808 3669 2860 τὰ
3694 2809 3794 2862 δύο

2208 2898 2487 2969 θελήματα
2518 2896 2806 2964 λέγεσθαι·
2847 2896 2895 2947 εί
2936 2895 3034 2964 μὲν
3065 2893 3139 2957 ὡς
3171 2894 3292 2947 κατ’
3313 2893 3501 2947 οὑσίαν
3523 2894 3788 2966 διάφορα,

2206 2990 2360 3057 κάγὼ
2377 2989 2625 3058 δέχομαι,
2658 2989 2705 3039 εί
2736 2985 2793 3039 δὲ
2817 2986 2892 3048 ὡς
2917 2985 3290 3055 ἀντικείμενα,
3319 2985 3526 3055 ψευδὴς
3550 2988 3581 3037 ό
3598 2985 3787 3054 λόγος.

535 3074 780 3127 diversas
810 3083 974 3143 atque
1020 3075 1307 3129 distinctas
1352 3078 1504 3141 velit,
1537 3093 1639 3130 nec
1682 3092 1782 3146 ego
1828 3091 1946 3129 eam
1987 3075 2103 3129 infi-

2207 3082 2279 3134 Οὑ
2316 3080 2424 3149 γὰρ
2455 3079 2508 3131 εί
2530 3098 2583 3131 τι
2613 3077 2868 3147 διάφορον
2897 3078 3116 3138 πάντως
3161 3077 3256 3128 καὶ
3279 3076 3685 3145 ἀντικείμενον.
3710 3076 3785 3128 Τδ

534 3166 679 3230 cias;
716 3167 800 3219 sin
848 3176 1029 3219 autem
1078 3166 1385 3219 contrarias
1429 3174 1485 3219 et
1514 3182 1635 3235 qua:
1665 3167 1809 3219 inter
1856 3181 1914 3221 se
1948 3166 2113 3221 dissi-

534 3257 718 3320 deant,
755 3256 949 3310 falsum
992 3265 1075 3310 est
1105 3257 1249 3325 quod
1292 3257 1517 3310 dicitur.
1550 3257 1670 3310 Non
1701 3258 1849 3311 enim
1891 3259 1937 3312 si
1979 3259 2113 3328 quid

533 3346 853 3400 distinctum
883 3363 945 3400 ac
974 3347 1274 3411 diversum,
1309 3348 1533 3403 omnino
1561 3350 1726 3402 etiam
1775 3351 2113 3404 contrarium

531 3448 617 3491 est
660 3446 823 3506 atque
871 3438 1181 3492 adversum.
1214 3440 1522 3493 Adversum
1567 3441 1837 3510 siquidem
1873 3457 1935 3496 ac
1980 3458 2113 3496 con-

534 3529 788 3594 trarium,
845 3530 1013 3583 animi
1060 3531 1360 3584 voluntatis
1413 3541 1515 3596 est,
1571 3548 1634 3587 ac
1689 3533 1903 3587 arbitrii
1951 3536 2114 3588 aliter

532 3636 695 3687 quam
723 3636 787 3674 ex
814 3622 1025 3675 ratione
1047 3622 1211 3685 moti;
1237 3622 1517 3676 diversum
1552 3639 1684 3677 vero
1729 3640 1824 3677 seu
2030 3625 2113 3680 di-

532 3710 815 3777 stinctum,
846 3722 1075 3776 naturas,
1105 3728 1226 3781 qua)
1257 3713 1467 3768 ratione
1512 3724 1754 3785 regatur,
1785 3731 1925 3784 opus
1964 3716 2110 3769 exsi-

531 3804 627 3855 stit
654 3821 666 3856 :
694 3813 859 3873 atque
901 3805 1132 3857 alterum
1166 3805 1412 3873 quidem,
1450 3815 1700 3859 naturam
1737 3821 1917 3875 pugna
1957 3821 2110 3859 com-

2206 3172 2314 3242 γὰρ
2344 3170 2738 3241 ἀντικείμενον,
2774 3170 2999 3239 γνώμης
3027 3168 3349 3239 παραλόγως
3373 3167 3579 3239 δηλαδὴ
3603 3186 3786 3222 κινου-

2212 3264 2377 3335 μένης
2402 3280 2414 3292 ·
2450 3263 2513 3315 τὸ
2540 3262 2597 3315 δὲ
2633 3261 2931 3331 διάφορον(
2961 3258 3177 3328 φύσεως
3206 3258 3353 3328 λόγῳ
3392 3260 3785 3331 κρατουμένης

2207 3358 2367 3427 ἔργον
2394 3356 2733 3425 καθέστηκε⁹
2766 3354 2861 3405 καὶ
2888 3353 2948 3405 τὸ
2991 3352 3090 3422 μὲν
3114 3350 3330 3421 φύσεως
3366 3352 3780 3417 στασιαστικόν,

2206 3448 2266 3500 τὸ
2290 3448 2345 3500 δὲ
2378 3446 2661 3517 προδήλως
2714 3443 3062 3498 συστατικόν.
3104 3440 3351 3513 Διαφορά
3391 3441 3788 3511 τοιγτοιγαροῦν

2204 3536 2493 3608 οὑσιώδης,
2525 3538 2605 3598 είς
2635 3534 2895 3588 σύστασιν
2912 3533 3018 3586 τῶν
3043 3534 3103 3584 ἐν
3131 3534 3197 3601 τῇ
3227 3532 3390 3600 φύσει
3434 3532 3782 3600 πραγμάτων

2207 3630 2376 3689 ἐστὶν,
2407 3630 2468 3681 οὐ
2504 3627 2577 3697 μὴ
2626 3625 2965 3687 ἐναντίωσις,
3014 3621 3197 3695 [ἀλλὰ]
3247 3620 3388 3691 πρὸς
3428 3619 3528 3689 τὴν
3575 3621 3780 3672 τούτων

2205 3719 2466 3772 διάλυσιν.
2503 3717 2574 3770 Οὑ
2614 3716 2720 3788 γὰρ
2760 3714 2873 3785 ἔχει
2903 3716 2935 3784 ἠ
2964 3714 3126 3782 φύσις
3154 3712 3216 3765 τὸ
3248 3711 3399 3784 παρά
3422 3709 3588 3779 φύσιν
3612 3726 3629 3740 ο
3664 3709 3780 3763 οὐδὲ

2206 3806 2363 3873 λόγος
2393 3806 2570 3869 οὐδεὶς
2598 3805 2693 3857 τοῦ
2728 3804 3138 3866 στασιάζοντος.

536 3889 735 3953 mittit;
779 3889 1016 3940 alterum
1054 3904 1173 3941 eam
1221 3890 1399 3956 palam
1449 3891 1648 3943 coutlat
1683 3904 1746 3943 ac
1797 3888 2104 3943 constituit.
2142 3893 2463 3949 Essentialis
2490 3895 2672 3966 itaque
2715 3898 3021 3955 diﬂ‘erentia
3070 3919 3133 3959 ac
3174 3902 3478 3968 distinctio,
3547 3920 3617 3960 eo
3680 3916 3780 3972 eSt,

536 3989 593 4032 ut
623 3995 708 4033 res
734 3978 787 4032 in
814 3990 1009 4035 natura
1071 3982 1372 4035 consistant
1414 3981 1631 4049 sintque
1691 3981 2027 4049 incolumes;
2064 4000 2172 4038 non
2210 3988 2289 4041 sic
2324 3991 2708 4058 contrarietas,
2740 3994 2835 4048 sed
2866 4001 2928 4047 ut
2964 3995 3332 4051 dissolvantur
3370 4012 3434 4052 ac
3479 3998 3781 4055 intereant.

530 4069 651 4124 Non
699 4071 847 4124 enim
890 4072 1055 4126 habet
1104 4081 1295 4126 natura
1345 4073 1491 4141 quod
1542 4083 1753 4127 naturae
1796 4074 2103 4130 rationibus
2139 4077 2426 4134 adversum
2470 4090 2583 4149 est;
2612 4098 2716 4139 nec
2776 4088 2896 4158 ejus
2921 4088 3067 4158 quod
3098 4090 3463 4145 tumultuatur
3521 4106 3587 4146 ac
3618 4091 3783 4149 dissi-

530 4159 642 4223 det,
672 4161 780 4216 ulla
811 4162 865 4214 in
898 4162 1061 4215 rebus
1088 4161 1224 4215 ratio
1249 4172 1350 4215 est.

604 4251 891 4313 Praeterea,
923 4252 968 4305 si
994 4251 1115 4305 dua:
1141 4250 1453 4304 voluntates
1476 4250 1700 4304 omnino
1725 4251 2014 4305 contraria:
2039 4265 2101 4304 ac

528 4344 793 4413 opposita:
817 4350 963 4405 sunt,
985 4343 1129 4396 unde
1154 4351 1237 4396 est
1263 4352 1321 4396 ut
1350 4357 1450 4396 ncc
1483 4343 1534 4395 in
1565 4341 1785 4405 animis,
1816 4352 2011 4396 natura
2037 4359 2101 4399 ac

2280 4248 2493 4311 ’Δλλως
2530 4265 2613 4314 τε,
2655 4248 2704 4300 εί
2734 4248 2803 4301 τὰ
2836 4247 2931 4301 δύο
2960 4248 3241 4317 θελήματα
3290 4249 3509 4311 πάντως
3559 4251 3783 4305 ἐναντία

2204 4340 2300 4393 καὶ
2338 4341 2710 4411 ἀντικείμενα,
2750 4339 2870 4403 πῶς
2921 4340 3013 4392 ἐπί
3057 4358 3118 4393 τε
3167 4341 3275 4393 τῶν
3308 4340 3468 4408 φύσει
3508 4344 3603 4395 καὶ
3645 4344 3780 4396 ὑποο

528 4450 760 4505 persona
794 4433 1066 4498 discretis,
1105 4434 1158 4487 id
1186 4436 1409 4488 omnino
1442 4451 1505 4488 ac
1534 4449 1759 4504 prorsus
1784 4434 2101 4504 contingat?

2206 4434 2391 4487 στάσει
2418 4433 2765 4504 διῃρημένων
2794 4432 3050 4499 λογικῶν,
3091 4433 3151 4485 οὑ
3180 4432 3337 4484 τοῦτο
3368 4434 3549 4504 πάντη
3583 4452 3643 4486 τε
3686 4437 3780 4487 καὶ

531 4528 644 4581 Etsi
694 4526 840 4579 enim
890 4526 1190 4580 arbitraria:
1245 4526 1522 4594 animique
1586 4526 1895 4579 voluntates
1948 4538 2099 4593 sunt,

528 4618 855 4688 quandoque
907 4618 1013 4671 illis
1061 4618 1455 4682 consentimus,
1499 4618 1719 4688 Dcoque
1763 4627 1819 4673 et
1871 4620 2099 4688 angelis,

532 4710 743 4778 ipsique
773 4708 866 4762 alii
896 4708 1045 4773 aliis;
1082 4723 1183 4761 nec
1227 4708 1431 4761 idcirco
1468 4710 1576 4779 jam
1606 4710 1849 4763 animum
1893 4710 1976 4764 sui
2006 4725 2099 4762 ar-

528 4801 770 4863 bitrum,
837 4800 1062 4871 ejusque
1121 4800 1455 4851 voluntatem
1522 4799 1821 4855 amisimus.
1890 4800 2099 4854 Horum

524 4894 670 4947 enim
707 4892 750 4945 si
776 4893 1046 4961 jacturam
1081 4891 1418 4954 fecissemus,
1450 4889 1641 4957 utique
1669 4890 1831 4943 etiam
1870 4905 2103 4945 concor-

527 4983 630 5036 diae
674 4998 795 5036 cum
828 4982 984 5047 aliis;
1031 4981 1275 5050 quandiu
1308 4981 1455 5035 enim
1500 4980 1649 5034 illius
1678 4990 1958 5050 compotes
2001 4998 2097 5036 su-

526 5090 668 5139 mus,
705 5075 871 5129 etiam
917 5074 1019 5127 alia
1064 5090 1184 5142 qua:
1228 5072 1464 5126 volentis
1512 5072 1678 5125 animi
1729 5081 1857 5126 sunt
1904 5075 2097 5142 suique

526 5166 741 5232 arbitri,
785 5175 1053 5219 tenemus.
1089 5167 1225 5220 Cum
1274 5164 1388 5218 haec
1424 5164 1592 5233 igitur
1636 5165 1716 5219 sic
1745 5180 1803 5218 se
1836 5165 2094 5232 habeant,

525 5272 627 5312 nec
672 5272 899 5325 usquam
937 5272 1115 5327 pugna
1169 5263 1465 5325 appareat,
1523 5255 1736 5309 tametsi
1793 5254 2097 5310 arbitraria:

524 5348 854 5408 voluntates,
914 5345 1232 5399 exsistentia
1289 5353 1453 5412 atque
1506 5358 1739 5396 numero
1795 5344 2097 5398 incolumes

524 5438 650 5499 sint,
685 5450 792 5505 qua
830 5435 1241 5490 necessitudine
1269 5434 1435 5489 animi
1467 5434 1639 5487 amice
1679 5434 2094 5502 consociantur;

420 5527 428 5534 ’
524 5542 615 5593 qui
648 5528 727 5589 tit,
764 5534 824 5578 ut
857 5527 914 5579 in
945 5542 1053 5580 uno
1090 5527 1395 5596 eodemque
1440 5528 1551 5581 Deo
1574 5526 1754 5581 Verbo
1789 5527 2094 5592 incarnato,

525 5627 587 5665 ac
618 5612 859 5681 perfecte
892 5616 1066 5670 nostri
1098 5630 1262 5671 causa
1304 5615 1449 5670 facto
1483 5616 1723 5679 homine,
1758 5624 1877 5685 quae
1918 5615 1969 5669 ei
2002 5630 2092 5669 es-

525 5704 827 5761 sentialiter
858 5715 1053 5765 natura
1082 5709 1395 5765 voluntates
1427 5708 1634 5776 insunt,
1671 5706 2095 5765 centuriatiim

2203 4526 2421 4588 πάντως
2437 4526 2744 4595 συμϐαίνει.
2766 4523 3098 4593 Συννεύομεν
3118 4524 3229 4593 γὰρ
3256 4524 3402 4577 ἐστιν
3429 4526 3519 4577 ὅτε
3542 4527 3777 4592 τούτοις,

2203 4617 2379 4671 καίτοι
2413 4618 2712 4685 γνωμικοῖς
2744 4611 2888 4681 οὖσι,
2929 4616 3020 4667 καὶ
3057 4613 3198 4685 Θεῷ,
3231 4620 3326 4668 καὶ
3366 4616 3647 4685 ἀγγέλοις,
3682 4621 3778 4671 καὶ

2202 4708 2473 4777 ἀλλήλοις,
2526 4706 2639 4759 ἀλλ’
2692 4707 2754 4759 οὑ
2789 4706 2879 4758 διὰ
2907 4705 3065 4759 τοῦτο
3092 4705 3195 4773 τῆς
3247 4704 3471 4774 γνώμης
3517 4708 3644 4778 ἤδη,
3683 4711 3779 4762 καὶ

2202 4800 2294 4853 τοῦ
2333 4799 2454 4851 κατ’
2487 4799 2660 4868 αὐτὴν
2691 4796 3019 4867 θελήματος,
3055 4797 3539 4867 διαπεπτώκαμεν.
3572 4801 3638 4853 Et
3667 4800 3777 4871 γὰρ

2199 4890 2429 4954 τούτων,
2464 4892 2559 4943 καὶ
2598 4892 2695 4961 τῆς
2731 4891 2865 4960 πρὸς
2896 4891 3025 4952 τοὺς
3048 4888 3239 4952 ἄλλους
3280 4890 3526 4960 δηλονότι
3554 4894 3779 4946 συννεύ-

2202 5000 2362 5046 σεως,
2403 4982 2562 5053 εἴπερ
2618 4981 2724 5043 ἕως
2770 4980 2978 5050 ταύτην
3027 4980 3247 5051 ἔχομεν,
3303 4982 3397 5034 καὶ
3436 4982 3550 5035 τῶν
3599 4984 3777 5038 ἀλλων

2199 5073 2495 5144 γνωμικῶν
2550 5072 2915 5143 ἀντεχόμεθα.
2961 5072 3023 5125 Εἰ
3052 5070 3148 5124 οὑν
3186 5071 3419 5125 ἐνταῦθα
3460 5071 3645 5137 τοῦτο,
3682 5076 3778 5127 καὶ

2191 5163 2451 5233 ,οὐδαμῶς
2494 5163 2773 5229 ἀντίταξις
2832 5163 3157 5233 καθορᾶται,
3213 5162 3391 5215 καίτοι
3448 5164 3779 5231 σωζομένων

2202 5255 2434 5326 ὑπάρξει
2471 5270 2531 5306 τε
2572 5254 2666 5307 καὶ
2693 5252 2913 5324 ἀριθμῷ
2963 5253 3072 5306 τῶν
3102 5253 3397 5323 γνωμικῶν
3427 5252 3775 5323 θελημάτων,

2198 5350 2295 5399 καὶ
2318 5345 2415 5416 τὴν
2450 5342 2673 5413 φιλικὴν
2712 5344 2769 5395 ὲν
2823 5343 3007 5413 σχέσει
3039 5342 3316 5397 διάθεσιν·
3365 5342 3484 5405 πῶς
3542 5345 3639 5395 ἐπὶ
3685 5342 3774 5397 τοῦ

2197 5436 2361 5488 αὑτοῦ
2380 5435 2475 5488 καὶ
2500 5433 2618 5499 ένδς
2646 5433 3026 5505 σαρκωθέντος
3047 5432 3181 5486 Θεοῦ
3204 5433 3397 5502 Λόγου,
3427 5433 3525 5487 καὶ
3552 5434 3773 5494 τελείως

2196 5523 2263 5577 δι’
2305 5527 2449 5595 ἡμᾶς
2481 5526 3023 5597 ὲνανθρωπήσαντες,
3060 5526 3120 5577 ὲν
3162 5527 3276 5588 τοῖς
3321 5525 3571 5593 φυσικῶς
3604 5541 3771 5598 προσ-

2197 5614 2348 5668 οὖσιν
2370 5614 2518 5683 αὑτῷ
2546 5617 2666 5668 κατ’
2695 5616 2887 5669 οὐσίαν
2918 5614 3573 5686 θελήμασιν,ὲναντίυῖσις
3597 5618 3763 5669 ἔσται.

2184 5705 2322 5772 ,Πῶς
2347 5706 2405 5763 δὲ
2439 5706 2611 5759 ταῦτα
2640 5724 2804 5777 φασιν
2845 5707 3086 5774 ἐναντία,
3120 5705 3189 5759 δι’
3218 5707 3378 5760 αὐτόν
3404 5724 3467 5775 γε
3501 5707 3596 5760 τὸν
3616 5707 3767 5780 ἀριθο
