4020 6214
370 297 511 365 1129

1312 269 1687 364 PANO’PLrA
1732 303 2192 367 poenarum.
2231 329 2303 343 —
2339 305 2486 368 TIT.
2530 305 2685 366 xxr.

3476 303 3618 370 U30

374 438 495 508 μὸν,
529 434 562 506 ἢ
616 432 809 509 καίδι*
831 431 966 488 αὐτὸ
996 431 1050 486 τὸ
1082 432 1368 503 ὑπάρχειν.
1402 432 1463 485 Εἰ
1495 432 1594 503 μὲν
1638 432 1725 487 διὰ
1764 433 1930 488 τοῦτο

2044 440 2206 502 atque
2231 432 2553 489 discordes?
2579 431 2698 500 Quo
2728 440 2910 488 autem
2938 431 3102 488 modo
3129 435 3615 511 contrariasasse-

370 527 467 581 καὶ
499 528 596 595 τήν
624 522 785 593 φύσιν
808 522 1038 575 ἀνέλωσι
1071 521 1169 590 τῆς
1197 520 1423 590 σαρκὸς,
1451 522 1840 593 ἀντικειμένην
1866 524 1930 594 τᾷ

2045 533 2194 587 runt,
2246 525 2464 579 numeri
2502 527 2735 591 ratione,
2782 541 2852 579 an
2886 534 2943 580 et
2988 526 3102 595 ipsa
3147 527 3510 583 exsistentia?
3538 529 3618 585 Ac

369 615 531 687 Λόγῳ
552 615 641 669 διὰ
669 614 770 684 τὴν
793 612 1050 684 ὓπαρξιν.
1084 610 1272 681 Πολλῷ
1301 611 1411 681 γὰρ
1465 612 1836 684 ἰσχυρότερον,
1867 614 1942 678 ὡς

370 709 537 760 πᾶσιν
565 702 808 773 εύδη).ον,
841 704 920 766 εἰς
948 700 1070 754 ἀντί
1079 700 1248 767 ταξιν,
1269 700 1331 753 τὸ
1361 700 1743 771 ὑποκείμενον,
1773 703 1866 756 τοῦ
1886 704 1942 756 ὲν

369 796 717 866 ὑποκειμένῳ
744 791 1101 863 καθέστηκεν.
1130 792 1191 844 Εἰ
1209 792 1264 845 δὲ
1280 791 1368 845 διὰ
1391 791 1550 862 μόνον
1570 790 1661 844 τὸν
1684 792 1937 862 ἀριθμὸν,

367 887 464 940 καὶ
492 883 679 939 τούτου
713 884 811 946 τὰς
835 881 1028 951 φύσεις
1057 883 1300 953 ἐρήμους
1352 883 1648 953 ποιήσωσι,
1675 883 1771 936 καὶ
1804 883 1938 953 μηδὲ

369 976 503 1048 μίαν
535 975 717 1030 αὐτῶν
747 973 1189 1044 ἀριθμείτωσαν;
1239 973 1716 1044 παραιτείσθωσαν
1755 975 1811 1028 δὲ
1844 977 1937 1030 καὶ

367 1066 532 1121 πάλιν
566 1066 730 1119 αὐτὸν
763 1065 852 1118 διὰ
907 1064 1008 1134 τὴν
1054 1063 1224 1135 αὐτὴν
1256 1065 1457 1129 αἰτίαν,
1514 1065 1653 1119 κάπὶ
1695 1065 1805 1119 τῶν
1836 1068 1935 1139 τῆς

368 1156 500 1226 μιᾶς
536 1155 630 1209 καὶ
657 1155 895 1226 ἀνάρχου
943 1153 1200 1224 θεότητος
1234 1152 1405 1225 τριῶν
1447 1155 1819 1221 ύποστάσεων,
1848 1157 1935 1211 ἵνα

369 1245 447 1317 μὴ
473 1246 700 1316 κάκείνη
731 1244 1000 1317 στασιάζῃ
1033 1245 1171 1315 πρὸς
1196 1245 1419 1317 ἑαυτήν,
1467 1245 1585 1300 ἀλλ’
1630 1246 1831 1302 ἄτοπόν
1868 1265 1932 1317 γε

364 1336 445 1407 τῷ
478 1336 646 1407 μηδὲν
683 1337 795 1390 ὄντι
821 1335 883 1390 τὸ
914 1334 1134 1390 σύνολον
1166 1376 1183 1402 ,
1288 1337 1388 1389 οὐκ
1435 1337 1613 1399 ούσία,
1654 1340 1713 1391 ού
1758 1339 1930 1406 ποιὸν,

363 1431 466 1483 οὐκ
496 1428 624 1483 ἄλλο
650 1445 701 1481 τι
723 1427 831 1481 τῶν
854 1426 1043 1493 ὄντων,
1080 1427 1231 1499 ἰσχὺν
1260 1428 1529 1497 τοσαύτην
1556 1430 1927 1501 ἀποκληροῦν

362 1517 711 1590 ἀτοπώτερον
734 1518 812 1583 δὲ,
853 1517 949 1572 καὶ
976 1518 1073 1586 τὴν
1106 1517 1342 1588 ὓπαρξιν
1372 1518 1542 1589 αὐτὴν
1572 1517 1666 1573 τοῦ
1698 1519 1930 1590 φυσικοῦ

365 1608 670 1680 θελήματος
701 1606 1003 1672 αἰτιᾶσθαι,
1039 1606 1337 1661 κάντεῦθεν
1381 1609 1483 1679 τήν
1526 1608 1803 1681 ἀναίρεσιν
1833 1611 1928 1664 αύο

360 1700 459 1754 τοῦ
503 1698 958 1764 κατασκευάζειν.
1004 1698 1117 1751 Καὶ
1152 1698 1347 1760 ταῦτα,
1374 1698 1487 1753 τῶν
1537 1699 1717 1753 ἄλλων
1762 1701 1820 1753 ὲν
1862 1703 1928 1771 τῇ

2042 613 2315 683 siquidem
2355 613 2515 667 bane
2545 628 2765 668 causam
2812 603 3217 687 dicung'etiam
3246 616 3429 671 carnis
3458 628 3619 671 natu-

2046 718 2179 766 ram,
2206 718 2273 758 eo
2306 703 2453 772 quod
2476 703 2709 761 exsistit.
2735 703 2916 758 Verbo
2956 703 3338 759 adversantem
3381 710 3619 762 sustule-

2045 793 2175 847 rint.
2209 794 2390 865 Longe
2425 793 2570 847 enim
2604 793 2687 863 (ut
2718 793 2893 847 cuivis
2929 794 3273 863 exploratum
3302 790 3633 867 est)-‘rnajor_
3672 866 3673 869 η

2042 881 2303 935 contrarii
2350 881 2435 936 vis
2477 882 2534 936 in
2564 897 2668 945 eo,
2718 882 2865 951 quod
2916 883 3094 952 ipsum
3140 884 3614 959 subjectumgest,
3701 940 3735 945 _

2042 989 2206 1043 quam
2235 974 2381 1044 quod
2410 975 2462 1028 in
2491 974 2738 1043 subjecto
2764 975 3143 1029 exsistentiam
3170 968 3366 1051 habet,
3387 960 3482 1032 Sin
3520 972 3623 1035 au?
3666 1025 3671 1029 .
3700 998 3705 1003 ⁴
3735 992 3749 1005 ‘~
3776 1007 3781 1012 ι

2044 1074 2151 1119 tem
2187 1066 2303 1119 sola
2336 1063 2552 1119 numeri
2597 1066 2738 1119 ratio
2765 1064 2950 1131 olIicit,
2979 1065 3124 1134 hanc
3158 1075 3229 1121 ret-
3249 1054 3463 1129 naturis
3494 1056 3615 1128 adi—
3644 1096 3665 1141 ~-

2045 1165 2217 1220 mant,
2262 1165 2624 1225 neutramque
2658 1171 2850 1225 eorum
2882 1156 2956 1209 iin
2990 1172 3249 1212 numeros
3278 1158 3527 1227 ponant:
3552 1174 3621 1213 ac

2045 1262 2240 1303 rursus
2288 1247 2466 1316 ipsum
2512 1248 2583 1303 ob
2624 1247 2872 1303 eamdem
2908 1263 3149 1312 causam,
3195 1265 3299 1304 nec
3338 1251 3393 1305 in
3440 1251 3619 1306 tribus

2046 1339 2209 1394 unius
2247 1347 2573 1411 teternaeque
2602 1340 2829 1395 Deitatis
2863 1340 3135 1410 personis,
3168 1357 3237 1396 ne
3271 1350 3329 1395 et
3370 1341 3459 1396 illa
3500 1341 3618 1411 ipsa

2041 1445 2229 1486 secum
2260 1429 2543 1495 dissideat,
2574 1430 2886 1485 admittant.
2919 1433 2988 1485 At
3022 1446 3153 1485 sane
3185 1432 3507 1494 absurdum,
3537 1432 3615 1496 ei,

2040 1520 2136 1591 qui
2166 1519 2306 1577 nihil
2338 1535 2564 1589 prorsus
2588 1520 2680 1586 sit,
2712 1535 2823 1574 non
2861 1521 3186 1585 substantia,
3219 1537 3329 1576 non
3356 1522 3612 1593 qualitas,

2041 1627 2150 1666 non
2194 1610 2343 1665 aliud
2375 1611 2507 1680 quid
2539 1626 2732 1667 eorum
2762 1611 2965 1680 quibus
2999 1627 3201 1666 rerum
3239 1628 3439 1684 genera
3479 1597 3629 1667 ceri?

2038 1710 2252 1765 seritur,
2283 1703 2393 1758 vim
2424 1709 2627 1757 tantam
2652 1701 2961 1778 ascribere;
2996 1702 3266 1773 longeque
3293 1704 3612 1763 absurdius.
3648 1694 3663 1773 ί

357 1788 520 1859 φύσει
549 1787 865 1860 πρωτίστην
900 1781 1069 1840 οῦσαν
1093 1785 1338 1856 φυτικῶν
1366 1785 1678 1856 ἰδιωμάτων
1708 1785 1805 1839 καί
1844 1803 1930 1838 κι⁴

2040 1791 2214 1860 ipsam
2245 1790 2505 1845 naturalis
2541 1790 2836 1847 voluntatis
2854 1780 3246 1861 'exsisIEntiam
3298 1807 3360 1847 ac
3412 1788 3636 1849 verita-I-

359 1876 623 1946 νημάτωιι
653 1874 898 1944 ἔμφυτον
930 1873 1186 1942 δύναμιν.
1225 1875 1386 1928 Κατὰ
1433 1874 1642 1944 ταύτην
1691 1874 1806 1946 γὰρ
1840 1875 1936 1946 μό⁴

357 1983 479 2034 νην,
504 1965 600 2019 τοῦ
632 1962 772 2019 εἶναι
794 1967 888 2019 καί
924 1964 1050 2035 ζῇν,
1080 1965 1174 2018 καί
1211 1964 1501 2029 κινεῖσθαι,
1534 1966 1628 2019 καί
1644 1967 1814 2032 νοεῖν,
1839 1968 1934 2020 καὶ

352 2058 563 2123 λαλεῖν,
599 2058 694 2112 καὶ
726 2059 1106 2124 αἰσθάνεσθαι,
1147 2057 1243 2111 καί
1271 2046 1525 2127 μετέχειν
1557 2057 1790 2129 τροφῆς.
1829 2055 1936 2112 ὕπ-

353 2167 450 2205 νου
476 2166 534 2201 τε
564 2150 659 2203 καὶ
695 2148 1082 2212 ἀναπαύσεως,
1122 2149 1216 2200 καὶ
1246 2148 1322 2217 μὴ
1368 2145 1725 2214 ἀλγύνεσθαι,
1793 2145 1929 2217 μηδὲ

352 2241 631 2314 θνήσκειν,
660 2242 754 2295 καί
777 2240 964 2304 ἁπλῶς
996 2239 1251 2293 ἁπάντων
1278 2239 1389 2292 τῶν
1420 2234 1801 2292 ωνιστώντων
1830 2236 1931 2307 τὴν

353 2333 544 2403 φύσιν,
581 2334 729 2405 ἔχειν
768 2332 992 2397 τελείως
1042 2332 1140 2396 τὰς
1175 2331 1343 2397 ἔξεις,
1395 2328 1489 2383 καὶ
1519 2327 1630 2381 τῶν
1665 2325 1929 2398 λυμαινο·

354 2426 537 2497 μένων
564 2429 661 2490 τὰς
702 2426 994 2497 στερίσεις,
1028 2427 1272 2494 φυσικῶς
1297 2424 1584 2494 ἐφιέμεθα.
1739 2411 1745 2417 ’

2041 1894 2147 1939 tem
2178 1882 2299 1952 ejus
2322 1898 2634 1950 arcessere;
2672 1895 2835 1953 atque
2860 1886 2985 1939 inde
3047 1898 3169 1939 eam
3243 1884 3611 1939 arnoliendam

2039 1983 2308 2028 astruere.
2331 1975 2409 2028 Ae
2439 1973 2520 2027 vel
2551 1974 2811 2040 maxime,
2845 1989 2967 2028 cum
3004 1958 3144 2029 inter
3170 1973 3412 2044 reliquas
3458 1983 3617 2029 natu-

2039 2064 2180 2118 rales
2210 2062 2571 2130 proprietates
2597 2076 2662 2117 ac
2697 2073 2894 2125 motus,
2921 2062 3106 2117 inuata
3160 2064 3274 2118 hare
3309 2063 3387 2118 vis
3444 2061 3615 2117 facile

2039 2157 2290 2226 princeps
2320 2156 2571 2210 exsistat.
2628 2152 2762 2209 Nam
2813 2156 3112 2211 secundum
3167 2148 3505 2227 hane‘unam
3560 2165 3616 2211 et

2035 2259 2156 2299 esse
2188 2250 2243 2296 et
2271 2243 2453 2297 vivere
2499 2251 2552 2298 et
2589 2244 2793 2298 moveri
2827 2251 2883 2298 et
2933 2244 3257 2317 intelligere,
3294 2246 3349 2300 et
3383 2239 3527 2314 loqui
3561 2253 3616 2298 et

2036 2337 2261 2404 sentire,
2297 2337 2584 2407 cibumque
2613 2350 2853 2400 sumere,
2890 2343 2944 2391 et
2974 2349 3197 2411 {somno
3241 2336 3474 2392 recreari
3549 2349 3615 2390 ac

2036 2428 2242 2499 quiete,
2296 2437 2489 2482 etnon
2557 2427 2742 2482 dolere
2800 2442 2981 2497 neque
3031 2429 3169 2482 mori
3213 2444 3230 2493 ;
3281 2438 3613 2498 prorsusque

359 2526 442 2592 (ut
479 2522 644 2575 verbo
673 2521 873 2591 dicam)
894 2522 1138 2576 omnium
1169 2523 1236 2578 ad
1267 2532 1479 2581 natura
1512 2526 1942 2584 incolumitatem
1991 2526 2305 2583 facientium
2339 2528 2579 2596 perlecte
2636 2526 2851 2582 habitus
2913 2526 3184 2593 nancisci,
3218 2526 3396 2599 iisque
3423 2542 3614 2582 carere

351 2631 476 2687 quae
501 2614 569 2669 ad
598 2615 876 2671 interitum
906 2616 1132 2686 ducunt,
1176 2622 1500 2679 naturaliter
1532 2623 1863 2696 appetimus.

420 2718 537 2774 Καί
572 2734 667 2790 μοι
704 2718 958 2788 φαίνεται
1000 2720 1104 2775 κάν
1132 2720 1310 2792 τούτῳ
1339 2723 1735 2797 προσηκόντως
1778 2727 1941 2800 ποιή-

350 2827 479 2877 σας,
509 2809 653 2865 κατὰ
698 2810 792 2865 τὸν
832 2809 1000 2865 αὑτοῦ
1050 2813 1281 2884 ὁρισμὸν
1313 2813 1344 2865 ό
1393 2815 1628 2888 εὐλαϐής
1681 2819 1938 2889 μοναχὸς,

2086 2723 2170 2781 Ac
2201 2723 2339 2781 mihi
2379 2737 2603 2795 quoque
2630 2739 2695 2781 ea
2731 2723 2901 2780 etiam
2930 2733 3087 2796 parte
3116 2725 3372 2781 consulto
3411 2726 3608 2785 fecisse

2019 2817 2257 2883 videtur,
2295 2816 2351 2871 in
2397 2828 2497 2872 sua
2540 2813 2887 2889 deﬁnitione,
2936 2814 3385 2886 religiosissimus
3417 2833 3609 2873 mona-

348 2901 450 2955 καὶ
500 2901 761 2974 προσθεὶς
810 2903 893 2958 τό·
932 2921 951 2954 ι
992 2904 1105 2959 Καὶ
1155 2903 1267 2959 τῶν
1327 2907 1603 2972 ούσιωδῶς
1658 2911 1729 2981 τῇ
1777 2911 1930 2979 φύσει

2039 2908 2179 2973 :hus,
2210 2907 2343 2964 dum
2386 2916 2444 2963 et
2492 2907 2610 2963 haec
2641 2906 2855 2963 addidit
2893 2923 2907 2962 :
2958 2926 2977 2960 ι
3014 2907 3084 2963 Ει
3115 2922 3310 2963 earum
3355 2909 3606 2964 omnium

348 2993 690 3067 προσόντων,
727 2993 1052 3066 συνεκτικὴν
1081 2993 1302 3050 πάντων
1326 2996 1652 3068 ἰδιωμάτων.
1691 3016 1711 3051 ι
1753 2999 1930 3055 Πάντα

2039 2998 2440 3070 proprietatum,
2469 3013 2592 3070 quae
2620 2998 2991 3054 essentialiter
3016 3006 3230 3054 naturae
3258 2999 3470 3065 insunt,
3493 2999 3607 3054 vim

347 3084 463 3155 γὰρ
492 3083 580 3138 ἀεὶ
611 3084 847 3156 συνέχει,
878 3087 974 3141 καί
1009 3086 1256 3158 συνέχειν
1300 3087 1537 3158 ἐφιέται,
1582 3090 1677 3144 καὶ
1699 3079 1930 3156 ὀὐδενὸς

2039 3091 2505 3149 :onservatrieem.
2545 3110 2564 3143 ι
2614 3089 2809 3147 Omnia
2859 3092 3011 3147 enim
3061 3104 3280 3161 semper
3319 3100 3612 3146 conservat

348 3173 502 3244 ἔχειν
532 3174 631 3246 τὴν
663 3175 944 3247 στέρησιν,
970 3175 1035 3230 τὸ
1059 3177 1316 3241 οὐσιῶδες
1344 3180 1401 3233 ὲν
1422 3180 1557 3249 ἡμῖν
1582 3179 1677 3234 καί
1698 3179 1930 3251 ἔμφυτοι

2039 3201 2083 3241 lc
2109 3184 2384 3249 continet,
2411 3182 2736 3253 appetitque
2763 3194 3097 3258 conservare
3125 3196 3191 3235 ac
3214 3181 3365 3236 nullo
3394 3196 3607 3246 carere,

351 3264 588 3337 θέλημαο
625 3265 828 3337 μᾶλλον
878 3266 938 3321 δὲ
991 3269 1197 3339 ἡμεῖς,
1232 3268 1301 3323 δι’
1355 3269 1522 3325 αὐτοῦ
1568 3287 1630 3326 τε
1674 3276 1771 3326 καὶ
1818 3273 1930 3328 κατ¹

2039 3287 2140 3344 lure
2164 3272 2221 3328 in
2248 3271 2412 3329 nobis
2439 3270 2753 3329 essentialis
2776 3286 2842 3327 ac
2875 3271 3061 3326 innata
3084 3270 3339 3325 voluntas
3365 3279 3482 3337 est;
3512 3287 3609 3327 seu

348 3358 507 3412 αύτόο
552 3357 650 3411 καὶ
688 3352 845 3426 οἶμαι
874 3356 969 3412 τὸν
1021 3359 1116 3413 καὶ
1155 3359 1337 3424 ποσῶς
1365 3359 1460 3415 τοῦ
1492 3360 1665 3428 ὄντος,
1694 3363 1834 3418 ἀλλὰ
1862 3363 1930 3437 μὴ

2039 3383 2121 3424 los
2152 3366 2339 3439 potius
2370 3380 2471 3437 per
2499 3379 2645 3429 eam,
2675 3378 2855 3434 exque
2889 3362 3039 3417 illius
3078 3361 3319 3426 ratione;
3344 3360 3612 3416 arbitror-

348 3450 449 3505 τοῦ
478 3450 763 3517 δοκοῦντος
804 3451 963 3522 λόγον
1005 3452 1353 3526 ποιούμενον,
1388 3454 1753 3526 συνθήσεσθαι
1802 3458 1930 3513 πάνι

2039 3475 2129 3532 ιιιθ
2161 3460 2390 3516 omnino
2433 3472 2813 3521 assensurum,
2858 3456 2955 3526 qui
3000 3456 3121 3527 ejus
3161 3453 3311 3525 quod
3358 3470 3485 3509 vere
3525 3464 3610 3510 est

348 3560 462 3607 τως
482 3542 568 3607 δὴ,
599 3544 695 3598 καὶ
715 3543 794 3607 ὡς
822 3543 1113 3616 ἄνθρωπον
1142 3545 1235 3599 τὸν
1268 3545 1625 3617 σαρκωθέντα
1649 3547 1804 3611 Θεὸν,
1836 3566 1930 3617 φυ-

2039 3550 2289 3620 antisper
2321 3548 2592 3603 rationem
2623 3546 2847 3610 habeat,
2881 3559 2994 3598 non
3019 3546 3142 3616 ejus
3162 3544 3309 3613 quod
3342 3543 3493 3598 inani
3521 3559 3611 3599 so-

353 3633 507 3687 σικὸν
528 3633 675 3703 ἔχειν
705 3634 802 3688 καί
829 3633 1173 3706 ἀνθρώπινον
1198 3634 1411 3705 θέλημα
1431 3652 1445 3666 ·
1471 3636 1565 3689 καὶ
1597 3636 1705 3690 τῶν
1736 3638 1930 3708 ἀπηρι-

2039 3659 2131 3697 um
2161 3640 2375 3712 specie;
2407 3640 2580 3695 Deum
2615 3637 2983 3701 incarnatum,
3016 3645 3075 3692 ut
3103 3636 3267 3691 etiam
3303 3636 3607 3703 hominem,

352 3724 664 3795 θμημένων
695 3724 931 3780 ἕκαστον
967 3725 1143 3780 θέλειν
1178 3726 1299 3780 κατ’
1334 3726 1468 3779 αὐτὸ
1499 3727 1772 3796 φυσικῶς,
1805 3729 1930 3800 πρὸς

2039 3732 2259 3789 naturali
2301 3739 2467 3800 atque
2514 3730 2754 3785 humana
2798 3727 3083 3783 voluntate
3124 3726 3418 3797 praeditum
3452 3741 3606 3794 esse;

352 3816 623 3870 πίστωσιν
646 3817 745 3890 τῆς
775 3817 977 3889 νοερῶς
1001 3816 1166 3871 αὐτοῦ
1191 3818 1286 3871 καὶ
1308 3818 1548 3887 λογικῶς
1584 3819 1930 3892 ἔψυχωμένης

2039 3841 2195 3898 raque
2240 3823 2456 3895 singula
2499 3837 2621 3892 quae
2654 3830 2978 3876 enumerata
3016 3826 3167 3884 sunt,
3214 3819 3518 3875 secundum
3547 3834 3610 3875 se

354 3907 585 3982 σαρκὸς,
614 3909 776 3981 εἰπερ
805 3910 1019 3975 τέλειος
1042 3911 1334 3984 ἄνθρωπος
1362 3910 1579 3981 γέγονε,
1621 3914 1813 3984 μηδενί
1832 3916 1930 3969 τῶι

2039 3928 2216 3975 natura
2257 3919 2421 3982 velle,
2445 3915 2514 3971 ad
2540 3914 2725 3971 carnis
2752 3928 2867 3969 sua:
2903 3911 3256 3967 astruendam
3301 3910 3487 3977 ﬁdcm,
3523 3912 3607 3966 in-

354 4001 643 4073 ήμετέρων
685 4001 1033 4074 λειπόμενος,
1090 4002 1230 4075 πλὴν
1271 4005 1439 4075 μόνης
1487 4004 1587 4076 τῆς
1641 4005 1930 4077 ἁμαρτίας

2039 4011 2386 4083 elligentium
2413 4021 2567 4063 more
2595 4021 2660 4061 ac
2684 4004 2960 4060 utentium
2990 4003 3204 4059 ratione
3230 4003 3521 4067 animataz;
3549 4012 3611 4058 ut

353 4092 495 4147 ἀλλὰ
528 4093 707 4148 πάντα
740 4092 882 4164 ἔχων
909 4094 1011 4148 ὅσα
1057 4095 1153 4151 καὶ
1195 4097 1391 4166 ἡμεῖς,
1424 4095 1852 4168 ἀπαραλείπτως
1876 4099 1930 4155 τό

2039 4101 2114 4173 ιιιί
2145 4101 2263 4170 ipse
2298 4099 2466 4154 homo
2494 4095 2791 4166 perfectus,
2823 4093 2976 4148 nullo
3016 4107 3232 4157 eorum,
3258 4108 3382 4162 quae
3421 4101 3611 4146 nostra

352 4183 500 4239 κατὰ
529 4185 691 4255 φύσιν
721 4185 1026 4241 συστατικὰ
1065 4187 1165 4258 τῆς
1208 4188 1487 4263 ἡμετέρας
1517 4190 1728 4254 οὐσίας,
1756 4190 1930 4263 ῶσπεε

2039 4201 2170 4260 sunt,
2206 4192 2557 4253 deﬁceretur,
2609 4204 2720 4243 uno
2766 4187 3033 4242 duntaxat
3070 4186 3294 4256 dempto
3342 4194 3606 4256 peccato;

351 4272 452 4331 οὖν
495 4278 589 4333 καὶ
614 4277 687 4332 τὰ
714 4280 815 4348 τῆς
851 4278 1091 4349 ἀνάρχου
1121 4279 1219 4334 καὶ
1255 4279 1430 4345 θείας,
1463 4280 1530 4335 δι’
1553 4275 1630 4337 ὧν
1655 4282 1930 4355 ἄνθρωποι

2039 4286 2116 4343 sed
2139 4300 2263 4357 quae
2294 4281 2458 4337 nobis
2484 4286 2786 4349 suppetunt
2810 4276 3014 4340 omnia,
3054 4283 3409 4346 nostramque
3450 4284 3611 4329 natu-
3704 4288 3713 4305 ι

353 4368 549 4422 ἑαυτὸν
584 4367 723 4440 ὁμοῦ
778 4370 874 4424 καὶ
918 4370 1052 4424 Θεὸν
1096 4370 1227 4425 ὅντα
1272 4373 1481 4444 κυρίως
1517 4373 1812 4447 ἐγνώριζε,
1850 4378 1930 4431 κατ

2039 4377 2209 4432 'aliter
2250 4370 2612 4429 substantiam
2646 4367 2908 4429 conﬂant,
2953 4367 3108 4421 nullo
3141 4366 3458 4422 desiderato
3509 4366 3606 4420 hac

356 4459 459 4533 τὴν
507 4439 646 4530 πρὸς
695 4460 866 4531 ἡμᾶς,
904 4461 1002 4516 καί
1050 4462 1142 4516 τὸν
1192 4439 1416 4535 Πατέρα
1452 4439 1678 4530 τελείως
1708 4439 1930 4540 φυσικὴι

2039 4475 2204 4533 reret;
2235 4465 2316 4519 nti
2350 4464 2511 4534 plane
2540 4460 2706 4517 etiam
2737 4475 2859 4531 quae
2903 4459 3298 4529 sempiternam
3326 4470 3490 4529 atque
3521 4458 3609 4512 di-
3666 4494 3671 4497 -

358 4550 688 4618 συγγένειαν
719 4550 1056 4620 διασώζοντα
1109 4554 1246 4627 μετὰ
1287 4553 1386 4625 τὴν
1411 4555 1627 4610 ἕνωσιν.

2039 4558 2237 4623 rinam;
2286 4553 2492 4626 quibus
2536 4568 2596 4609 se
2642 4552 2926 4608 hominem
2969 4551 3134 4605 simul
3164 4551 3448 4618 Deumque
3478 4563 3612 4603 vero

349 4641 780 4709 demonstravit,
822 4641 1280 4714 aequiperfccte
1329 4641 1614 4698 nobiscum
1644 4647 1699 4695 et
1764 4654 1888 4695 cum
1946 4639 2112 4697 Patre
2179 4641 2486 4698 naturalem
2548 4636 2889 4701 allinitatem,
2951 4644 3076 4705 post
3133 4635 3299 4691 etiam
3358 4632 3616 4687 unionem

349 4747 509 4791 σοι-νε
518 4743 625 4789 ret.

424 4826 501 4879 Τὸ
519 4826 627 4897 γὰρ
652 4824 721 4894 δὴ
756 4825 968 4894 λέγειν,
998 4825 1075 4890 ῶς
1103 4826 1162 4880 ἰν
1195 4823 1275 4895 τῷ
1315 4824 1493 4897 καιρῷ
1527 4822 1673 4896 μόνῳ
1694 4821 1791 4877 τοῦ
1823 4839 1928 4876 σω-

347 4918 544 4989 τηρίου
581 4917 809 4983 πάθους,
849 4917 1012 4989 ήνίκα
1037 4918 1099 4972 τὸ
1130 4918 1400 4988 ἡμέτερον
1428 4917 1637 4972 ιτύπου
1666 4932 1932 4987 πραγμα-

345 5010 524 5073 τικῶς
550 5012 609 5063 ἄν
644 5010 847 5078 ἐαυτῷ,
890 5012 988 5065 καὶ
1017 5012 1092 5075 ὡς
1146 5011 1435 5083 ἄνθρωπος
1495 5012 1798 5086 παρῃτεῖτο
1836 5008 1929 5062 τὸν

348 5102 607 5168 θάνατον,
629 5102 724 5157 δύο
742 5103 1023 5175 θελήματα
1032 5104 1184 5174 lixa»:
1208 5101 1507 5167 ἰδείκνυτο,
1529 5100 1926 5171 ἀποφαντικὸν,

348 5196 456 5250 οὐκ
475 5196 861 5252 ἀποδεικτικόν
889 5215 983 5269 μοι
1017 5197 1190 5263 δοκεῖ,
1224 5197 1346 5259 Πῶς
1374 5197 1483 5267 γὰρ
1506 5197 1562 5249 ὲν
1587 5193 1764 5264 τούτῳ
1784 5193 1931 5264 μόνῳ

348 5285 433 5357 τῷ
452 5288 658 5359 καιρῷ,
693 5288 789 5343 καὶ
826 5287 902 5360 μή
932 5289 1041 5360 πρὸ
1086 5287 1305 5352 τούτου,
1362 5288 1461 5341 καὶ
1514 5286 1587 5341 δι’
1611 5286 1806 5357 ἥντινα
1833 5286 1930 5357 τὴν

351 5380 557 5434 αἰτίαν.
613 5382 677 5435 Εἰ
709 5381 953 5452 μὲνδγδιρ
977 5378 1093 5452 εἶχε
1134 5380 1280 5446 τότε,
1311 5382 1412 5435 καὶ
1454 5378 1552 5435 ἀπ’
1580 5379 1759 5451 ἀρχῆς
1786 5375 1931 5449 εἶχεν

360 5472 421 5534 ἐξ
455 5463 517 5524 οὗ
567 5472 795 5541 γέγονεν
842 5473 1151 5545 ἅνθρωπος,
1202 5473 1320 5526 ἀλλ’
1349 5474 1450 5544 οὐχ
1492 5471 1726 5543 ὕστερον
1777 5474 1933 5541 ἐσχε-

356 5562 568 5617 θίασενο
606 5566 656 5618 εἰ
695 5564 753 5616 δὲ
793 5565 890 5619 ἀπ’
920 5567 1097 5636 ἀρχῆς
1143 5566 1246 5618 οὐκ
1280 5561 1442 5636 εἶχεν,
1478 5564 1539 5618 οὐ
1582 5564 1639 5617 δὲ
1676 5562 1818 5619 κατὰ
1846 5561 1936 5615 τὸν

355 5656 550 5724 καιρὸν
572 5654 668 5709 τοῦ
704 5655 934 5720 πάθους,
956 5658 1095 5710 ἀλλὰ
1120 5657 1281 5727 μόνον
1301 5657 1570 5724 ὲφάντασε
1605 5656 1705 5725 τὴν
1732 5654 1936 5724 παραί-

356 5763 535 5819 τησιν,
565 5748 660 5802 καί
692 5749 830 5817 πρὸς
859 5748 1035 5820 ταύτῃ
1089 5750 1156 5801 τὰ
1187 5749 1347 5802 λοιπὴ
1379 5749 1450 5803 δι’
1470 5744 1545 5805 ὧν
1580 5747 1927 5818 σεσὼσμεθα,

676 5843 946 5905 Puncta
994 5840 1113 5919 Gn.
1161 5844 1258 5904 CX
1275 5845 1418 5906 XX.

2111 4823 2264 4892 Οιιιιίί
2299 4823 2445 4879 enim
2478 4823 2600 4892 quis
2626 4822 2795 4885 dicat,
2820 4820 3078 4876 salutaris
3105 4820 3368 4873 duntaxat
3408 4817 3617 4886 passio-

2038 4919 2126 4974 nis
2161 4930 2406 4988 tempore
2433 4916 2677 4987 (quando
2710 4915 2969 4969 nimirum
3000 4918 3242 4967 nostram
3269 4910 3322 4964 in
3355 4925 3414 4965 se
3436 4908 3615 4975 reipsa

2037 5020 2249 5065 natura:
2273 5010 2510 5078 speciem
2563 5006 2905 5077 praeferebat,
2954 5013 3116 5075 atque
3147 5014 3205 5059 ut
3244 5004 3406 5057 homo
3466 5015 3617 5056 mor-

2039 5109 2146 5156 tem
2185 5098 2496 5170 recusabat)
2527 5100 2986 5167 duasprretnlisse
3014 5098 3345 5158 voluntates,
3366 5095 3448 5150 sic
3474 5094 3617 5148 ultro

2037 5192 2143 5247 dici
2172 5193 2449 5254 existimo.
2466 5207 2641 5263 neque
2654 5191 2907 5249 veroulla
2941 5199 3091 5246 certa
3133 5190 3343 5244 ratione
3374 5189 3617 5257 probari.

2030 5284 2141 5342 Cur
2173 5283 2319 5339 enim
2340 5282 2435 5337 illo
2463 5283 2733 5339 duntaxat
2774 5282 3037 5353 temporis
3082 5279 3334 5346 articulo,
3396 5288 3451 5334 et
3503 5292 3615 5333 non

2031 5389 2181 5445 ante,
2207 5391 2441 5448 quamve
2470 5377 2539 5431 ob
2564 5374 2825 5432 causam?
2856 5375 2913 5430 Si
2941 5374 3162 5443 quidem
3188 5373 3332 5428 enim
3369 5380 3482 5426 tum
3516 5370 3618 5425 ha-

2033 5471 2218 5538 bebat,
2241 5485 2269 5523 ιι
2298 5470 2571 5540 principio
2602 5470 2767 5524 etiam
2824 5466 3035 5530 habuit,
3061 5482 3127 5521 ex
3154 5481 3262 5534 quo
3324 5462 3505 5520 factus
3533 5473 3622 5519 est

2034 5562 2220 5629 hoino,
2247 5577 2352 5616 non
2381 5572 2568 5631 postea
2599 5561 2815 5615 ascivit.
2850 5558 2907 5614 Si
2932 5558 3077 5615 enim
3113 5573 3144 5612 ιι
3179 5557 3453 5628 principio
3509 5571 3619 5611 non

2033 5656 2245 5723 habuit,
2273 5671 2449 5725 neque
2482 5665 2726 5725 tempore
2752 5652 3064 5724 passionis;
3113 5652 3209 5707 sed
3262 5651 3438 5708 solum
3499 5650 3621 5718 opi-

2033 5750 2195 5807 ttione
2227 5750 2329 5805 hoc
2360 5747 2548 5821 gessit,
2579 5755 2637 5804 ιιι
2673 5748 2883 5804 scilicet
2907 5754 3138 5804 tuor-tem
3176 5744 3479 5814 refugeret,
3518 5753 3607 5798 at-

3272 5839 3352 5899 3G
