4032 6210
476 251 604 317 1131

1663 263 2045 324 ἙΠἹΊΙΫΜΙΙ
2089 265 2448 326 ΖΙΟΛΒΙΞΝΙ

3598 272 3737 335 1132

466 415 572 470 que
614 398 778 450 etiatn
826 395 1058 463 reliqua,
1101 392 1302 461 quibus
1343 391 1573 444 salutem
1618 392 1801 457 adepti
1832 404 2040 454 smnus,

2153 395 2260 449 οἷον
2301 397 2358 450 τὸ
2388 397 2652 468 δάκρυον,
2699 400 2800 468 τὴν
2834 400 3019 470 εὐχὴν,
3058 403 3157 472 τὴν
3203 403 3400 475 λύπην,
3450 408 3548 478 τὴν
3586 410 3740 479 ἀγω-

466 492 740 561 expleret;
775 484 1083 557 cujusmodi
1136 490 1266 536 sunt
1314 483 1492 546 fletus,
1545 496 1756 550 preces,
1801 481 2042 545 tristitia,

466 582 660 635 mortis
704 595 897 649 pavor,
933 591 1088 636 crux,
1119 587 1288 636 mors,
1317 572 1615 642 sepultura.
1651 570 1770 626 Uno
1803 572 1951 625 enim
1979 588 2044 626 ex

467 676 551 737 iis,
581 689 701 742 quae
731 673 785 725 in
821 686 887 724 eo
929 684 1028 738 pro
1062 668 1295 720 humana
1329 666 1539 719 ratione
1582 664 1850 718 naturalia
1896 665 2044 718 exsi-

397 768 426 819 '.
465 765 637 832 stunt,
667 762 948 830 abrogato,
975 772 1152 826 neque.
1179 757 1387 826 reliqua
1412 757 1729 811 consistent.
1759 756 2045 822 Quomodo

377 899 381 902 .
429 857 754 909 enimnon
805 851 936 905 illud
986 850 1231 919 quidem,
1283 849 1399 903 haec
1442 849 1605 902 vero?
1640 863 1828 916 quasve
1865 847 2044 900 ratio?

464 957 556 1000 aut
603 935 722 1013 qua:
755 943 1033 996 rationum
1080 955 1280 1010 pugna,
1313 939 1368 996 in
1609 954 1675 992 eo
1723 939 1869 1008 quod
1902 948 2043 1002 orat,

463 1038 883 1104 naturalemque
932 1041 1127 1103 sponte
1165 1032 1538 1086 infirmitatem
1577 1033 1780 1100 (carnis
1810 1032 2042 1103 scilicet)

464 1133 659 1183 timore
691 1141 754 1181 ac
797 1142 998 1197 pavore
1045 1134 1304 1188 ostentat,
1340 1141 1442 1178 nec
1484 1140 1710 1193 prorsus
1749 1124 2042 1189 obnititur,

461 1225 556 1277 sed
592 1223 669 1277 ait
701 1241 713 1278 :
740 1221 796 1276 Si
842 1221 1081 1292 possibile
1111 1230 1205 1273 est.
1251 1221 1318 1273 Et
1353 1237 1365 1271 :
1400 1219 1514 1273 Non
1564 1221 1689 1289 quid
1726 1237 1818 1290 ego
1862 1221 2038 1284 velint,

459 1317 548 1368 sed
591 1315 714 1385 quid
749 1322 802 1365 tu
835 1319 888 1377 ¹;
927 1312 1234 1380 fortemque
1277 1311 1542 1365 adversus
1576 1322 1827 1375 mortem,
1877 1322 2042 1381 atque

461 1411 699 1460 alacrem
734 1403 917 1457 timori
965 1411 1173 1456 motum
1221 1401 1493 1470 appingitl
1544 1402 1878 1456 Informabat
1919 1404 2046 1472 qui-

461 1502 585 1551 dem
619 1499 682 1554 in
713 1512 771 1551 se
817 1496 997 1565 reipsa
1041 1495 1187 1563 quod
1224 1502 1473 1547 nostrum
1521 1504 1607 1549 est
1655 1495 1892 1548 naturali
1929 1505 2049 1550 tan-

465 1589 634 1657 tisper
675 1585 864 1638 mortis
904 1582 1183 1636 formidini
1230 1582 1453 1651 ejusque
1489 1577 1649 1630 anxio
1684 1575 1865 1628 timori
1898 1589 2031 1632 con-

461 1680 682 1740 cedens,
727 1684 788 1730 ut
818 1685 874 1728 et
907 1675 973 1727 ab
1008 1674 1101 1728 illo
1140 1689 1239 1728 nos
1273 1673 1551 1735 liberaret,
1599 1685 1820 1739 suaeque
1853 1672 2033 1727 carnis

461 1779 714 1824 naturam
761 1775 1052 1829 astrueret,
1100 1781 1163 1819 ac
1216 1764 1364 1818 inani
1413 1764 1561 1817 omni
1611 1763 1790 1831 specie
1839 1776 2032 1816 vacare

462 1860 924 1930 dispensationem
961 1865 1312 1910 monstraret.
1353 1855 1582 1923 Moxque
1626 1869 1816 1909 rursus
1860 1854 2034 1908 maxi-

465 1966 605 2004 mam
653 1950 939 2003 adversum
988 1955 1219 2000 mortem
1262 1945 1429 1998 animi
1477 1946 1586 1998 vim
1618 1946 1841 2008 exserit,
1883 1961 2036 2001 sum-

465 2055 717 2108 mamque
748 2039 997 2092 humanae
1026 2052 1135 2090 sua:
1172 2035 1486 2095 voluntatis,
1517 2049 1640 2087 eum
1668 2034 1888 2102 propria
1917 2049 2034 2099 sua,

467 2133 751 2200 Patrisque
800 2131 1104 2192 voluntate,
1155 2127 1617 2181 necessitudinem
1665 2142 1728 2180 ac
1780 2126 2035 2179 unionem

465 2221 666 2292 prodit,
690 2220 896 2291 judicio
919 2235 1016 2273 suo
1041 2217 1369 2287 approbans,
1393 2216 1692 2285 dicensque
1716 2234 1726 2270 ;
1751 2216 1868 2269 Non
1896 2231 2036 2280 mea,

464 2313 555 2365 sed
605 2323 697 2365 tua
753 2310 994 2364 voluntas
1048 2309 1181 2376 ﬁat;
1235 2309 1364 2374 hine
1414 2306 1637 2375 quidem
1692 2305 2037 2372 divisionem,

469 2404 725 2471 illincque
775 2417 967 2455 rursus
1013 2400 1388 2454 confusionem
1416 2400 1605 2468 procul
1640 2399 1930 2454 eliminatis
1953 2407 2040 2454 at-

467 2511 572 2566 que
602 2495 954 2549 submovens.

539 2587 633 2640 Sin
658 2594 843 2639 autem
870 2585 1077 2640 idcirco
1103 2585 1217 2639 haec
1238 2585 1451 2652 dicunt,
1475 2587 1619 2656 quod
1649 2603 1754 2642 non
1783 2595 2041 2656 appareat

469 2679 624 2740 alias,
654 2679 773 2747 eius
801 2678 948 2747 quod
978 2689 1060 2731 est
1089 2679 1247 2740 velle,
1279 2695 1440 2748 quam
1477 2681 1745 2750 passionis
1773 2690 2038 2749 tempore,

470 2771 802 2834 meminisse,
851 2771 1086 2840 idipsum
1127 2771 1359 2830 dixerint
1411 2781 1468 2826 ct
1509 2773 1576 2827 dc
1612 2773 1796 2826 innata
1842 2773 2042 2828 intelli-

470 2861 631 2932 gendi
685 2863 768 2924 vi,
820 2862 1128 2930 mentisque
1176 2871 1455 2931 expertem
1525 2863 1703 2932 ipsum
1775 2869 2035 2916 asserent.

470 2952 586 3004 Non
617 2951 762 3005 enim
790 2959 1016 3020 apparet
1037 2951 1258 3016 dixisse,
1289 2951 1433 3020 quod
1461 2960 1644 3005 mente
1671 2949 1916 3019 cogitauit
1949 2956 2044 3002 aut

2152 488 2290 551 νίαν,
2343 488 2435 541 τὸν
2492 489 2725 562 σταυρὸν
2751 530 2766 554 ,
2807 490 2900 543 τὸν
2951 492 3201 560 θάνατον,
3241 497 3339 566 τὴν
3384 501 3586 570 ταφήνο
3618 504 3742 567 ἐνὸς

2151 581 2261 650 γὰρ
2290 581 2670 652 άκυρουμένου
2709 582 2818 636 τῶν
2853 585 2909 636 ὲν
2954 586 3102 655 αύτῷ
3144 587 3266 640 καθ’
3301 590 3449 659 ἡμᾶς
3489 595 3745 660 φυσικῶν

2151 671 2500 742 σωζομένων,
2530 672 2650 725 οὐδὲ
2679 673 2748 726 τὰ
2781 673 2918 728 ἄλλα
2971 679 3252 746 στήσεται.
3306 679 3431 743 Πῶς
3479 683 3589 754 γὰρ
3637 687 3745 739 οὐκ

2149 763 2472 833 έκεῖνο-μὲν,
2495 764 2668 817 ταῦτα
2709 765 2801 832 δέ;
2852 767 2964 820 Καὶ
3001 768 3084 831 τίς
3115 771 3143 820 ὁ
3190 769 3380 840 λόγος;
3416 774 3742 841 ἐναντίωσις

2149 855 2208 908 δὲ
2254 857 2386 908 ποῖα
2430 854 2492 908 τὸ
2537 857 2942 927 προσεύχεσθαι
2968 898 2983 921 ,
3021 860 3116 912 καὶ
3151 863 3394 932 φυσικῆς
3441 866 3742 933 ἐκουσίωςς

2150 947 2248 1017 τῆς
2277 946 2416 1000 κατά
2466 947 2563 1019 τὴν
2624 949 2804 1020 σάρκα
2855 949 3024 1018 λέγω,
3084 953 3396 1024 πρόσδειξιν
3447 957 3741 1024 ἀσθενείας

2149 1040 2422 1094 ποιεῖσθαι
2481 1041 2570 1093 διά
2621 1042 2722 1111 τῆς
2782 1043 3068 1113 συστολῆς,
3133 1046 3229 1098 καλ⁵
3286 1046 3361 1118 μὴ
3415 1048 3743 1102 ἀντιτείνειν

2147 1131 2305 1195 ὅλως,
2352 1131 2490 1185 ἀλλά
2527 1133 2710 1200 λέγειν
2733 1149 2746 1160 ⁶
2791 1137 2857 1188 ΕΖ
2899 1135 3184 1190 δυνατόν.
3222 1139 3365 1191 Καί⁶
3409 1140 3504 1208 Μὴ
3538 1142 3596 1193 τί
3621 1142 3745 1211 ἐγὼ

2147 1223 2334 1287 θέλω,
2387 1223 2524 1278 ἀλλ’
2570 1225 2626 1278 ει
2674 1243 2730 1278 τι
2767 1227 2868 1280 σύ’
2919 1228 3014 1280 καὶ
3056 1227 3353 1283 συνάπτειν
3394 1235 3458 1301 τῇ
3501 1234 3738 1304 συστολῇ

2147 1315 2246 1382 τὴν
2280 1316 2506 1384 ἰσχυράν
2536 1316 2678 1369 κατὰ
2715 1316 2809 1369 τού
2857 1317 3091 1372 Θανάτου
3128 1321 3223 1374 καὶ
3257 1323 3540 1394 πρόθυμον
3575 1327 3738 1394 κίνη-

2153 1422 2270 1468 σιν;
2314 1407 2547 1460 Ἐτύπου
2602 1409 2703 1477 μὲν
2753 1409 2862 1479 γάρ
2921 1413 3329 1481 πραγματικῶς
3364 1416 3421 1467 ἐν
3461 1417 3646 1487 ἑαυτῷ
3677 1417 3742 1470 τὸ

2152 1497 2446 1568 ἡμέτερον,
2482 1499 2570 1552 διὰ
2616 1499 2717 1570 τῆς
2768 1503 3006 1571 φυσικῆς
3047 1502 3186 1574 πρὸς
3238 1505 3434 1575 μικρὸν
3484 1507 3740 1575 ἀγωνίας

2149 1592 2236 1645 ἵνα
2269 1591 2363 1643 καὶ
2389 1587 2594 1657 ταύτης
2633 1589 2780 1658 ἡμᾶς
2831 1590 3198 1660 ἐλευθερώσῃ,
3237 1591 3332 1642 καὶ
3370 1590 3466 1659 τῆς
3517 1593 3737 1655 οἰκείας

2153 1678 2352 1750 σαρκὸς
2400 1677 2499 1747 τὴν
2540 1677 2701 1746 φύσιν
2751 1677 3114 1747 πιστώσηται,
3165 1679 3258 1730 καὶ
3289 1680 3423 1730 πᾶσι
3467 1680 3733 1749 καθαράν

2149 1769 2248 1839 τὴν
2298 1767 2607 1837 οἰκονομίαν
2662 1768 2966 1835 φαντασίας
3018 1771 3340 1839 ἐργάσηται·
3390 1769 3632 1838 παρίστη
3670 1770 3732 1822 δὲ

2152 1861 2312 1914 πάλιν
2338 1859 2500 1922 εὒθυς
2530 1859 2628 1928 τὴν
2661 1859 2804 1911 κατά
2839 1857 2936 1911 τού
2968 1858 3198 1911 θανάτου
3234 1858 3499 1928 μεγίστην
3522 1859 3730 1929 ὁρμὴν,

2153 1952 2246 2004 καὶ
2284 1951 2380 2020 τὴν
2432 1950 2610 2020 ἀκραν
2656 1950 2750 2002 τού
2803 1950 2925 2010 κατ’
2965 1950 3126 2001 αὐτὸν
3163 1949 3532 2021 ἁνθρωπιλού,
3585 1950 3730 2019 πρὸς

2153 2041 2211 2094 τὸ
2243 2044 2442 2094 οἰκεῖον
2491 2041 2653 2094 αὑτοῦ
2704 2041 2798 2094 καὶ
2849 2042 3121 2110 Πατρικὸν
3168 2040 3397 2110 θέλημα,
3448 2040 3730 2107 συμφυίαν

2154 2135 2250 2186 καὶ
2293 2133 2508 2198 ἕνωσιν,
2563 2132 2641 2202 τῷ
2697 2135 2974 2202 ἐπικρῖναι
3027 2131 3186 2184 τούτο
3216 2130 3307 2183 καὶ
3339 2131 3590 2198 φάσκειν⁸
3626 2130 3728 2198 Μὴ

2155 2227 2221 2278 τὸ
2249 2226 2413 2295 ἐμὸν,
2450 2226 2608 2280 ἀλλὰ
2655 2223 2721 2277 τὸ
2766 2223 2882 2277 σόν
2922 2225 3203 2294 γενέσθω.
3253 2222 3435 2292 Ταύτῃ
3486 2222 3584 2290 μὲν
3624 2224 3729 2291 τὴν

2155 2317 2419 2390 διαίρεσιν
2463 2316 2882 2388 ἀπωθούμενος,
2930 2315 3115 2388 ἐκείνῃ
3152 2315 3208 2368 δὲ
3245 2314 3405 2367 πάλιν
3454 2312 3552 2381 τὴν
3593 2311 3734 2378 σύγ-

2159 2427 2337 2481 χύσιν.

2222 2589 2284 2643 El
2317 2589 2395 2650 δὲ.
2435 2589 2516 2640 ὅτι
2574 2587 2647 2658 μὴ
2698 2585 2886 2642 ἄλλοτε
2923 2585 3172 2654 φαίνεται
3208 2584 3301 2640 τού
3342 2585 3515 2639 θέλειν
3544 2586 3728 2656 ἐμφα-

2156 2697 2240 2733 σιν
2270 2679 2655 2748 πεποιημένος,
2687 2677 2721 2747 ἢ
2770 2676 2912 2730 κατά
2972 2676 3062 2730 τὸν
3108 2677 3295 2748 καιρὸν
3337 2678 3433 2731 τοῦ
3491 2679 3731 2746 πάθους,

2153 2769 2326 2824 ταύτά
2357 2786 2512 2838 φασι,
2551 2768 2709 2821 τούτο
2752 2768 2842 2821 καὶ
2886 2767 3016 2836 περὶ
3051 2767 3151 2837 τῆς
3199 2769 3442 2838 ἐμφύτου
3485 2773 3733 2841 νοήσεως

2153 2860 2379 2924 εἴποιεν,
2407 2859 2500 2912 καὶ
2547 2859 2705 2913 ἄνουν
2755 2858 2921 2912 αὐτὸν
2950 2861 3474 2914 κατασκευάσουσιν.
3504 2862 3581 2914 οὐ
3614 2863 3732 2935 γάρ

2153 2951 2403 3020 φαίνεται
2456 2948 2613 3012 λέξας
2663 2949 2745 3000 ὅτι
2785 2947 3036 3017 νενόηκα.
3088 2949 3196 3000 Καὶ
3227 2951 3356 3018 περὶ
3399 2950 3732 3020 ὀσφρήσεως

473 3041 820 3096 intellexerit.
857 3041 1032 3095 Simili
1060 3057 1279 3110 quoque
1321 3041 1531 3094 ratione
1561 3041 1629 3094 de
1655 3039 1855 3093 olfactu
1890 3040 2040 3094 aliis-

2153 3042 2371 3114 ὁμοίως,
2421 3040 2512 3093 καὶ⁸
2567 3039 2673 3092 τῶν
2727 3038 2929 3092 λοιπῶν
2979 3038 3100 3092 καθ’
3158 3041 3305 3108 ἡμᾶς
3341 3041 3608 3108 φυσικῶν,
3651 3035 3729 3095 ἄν

470 3147 576 3200 que
624 3131 677 3184 in
721 3129 881 3183 nobis
919 3129 1283 3191 naturalibus,
1337 3143 1570 3197 quorum
1608 3143 1875 3196 nusquam
1910 3128 2046 3181 scri-

471 3233 624 3293 ptmn
650 3231 736 3275 est
769 3221 1102 3275 meminisse.
1131 3221 1226 3274 νει
1249 3220 1415 3272 etiam
1441 3218 1508 3272 de
1539 3219 1654 3287 ipsa
1681 3219 1882 3280 anima,
1907 3236 1969 3272 ac
1998 3219 2045 3274 si

471 3315 624 3384 prius
657 3313 833 3382 reipsa
867 3328 972 3366 non
1012 3311 1304 3373 exstiterit,
1332 3325 1442 3379 quo
1485 3325 1552 3364 ex
1595 3321 1838 3379 tempore
1883 3311 2047 3364 homo

473 3410 646 3460 laetus
677 3415 782 3469 est,
825 3404 917 3459 sed
965 3415 1092 3458 tunc
1125 3403 1300 3457 solmn
1335 3419 1458 3457 eum
1495 3405 1615 3473 ejus
1647 3403 2045 3458 commeminit.

474 3497 626 3551 llaud
661 3498 808 3550 enim
863 3495 957 3549 diu
1011 3503 1138 3547 ante
1189 3494 1498 3561 passionem
1550 3493 1683 3547 illud
1729 3494 2048 3562 prmstitisse

475 3589 746 3658 proditum
780 3595 883 3640 est.
914 3589 1021 3640 Aut
1051 3587 1216 3655 igitur
1249 3594 1378 3642 tunc
1401 3587 1556 3655 quasi
1585 3603 1652 3639 ex
1681 3595 1924 3655 tempore
1953 3603 2050 3640 na-

475 3689 582 3732 tam
627 3678 831 3739 dieant,
878 3676 1024 3745 quod
1075 3691 1184 3729 non
1237 3675 1436 3744 saepius
1483 3691 1546 3730 ac
1573 3677 1680 3746 jam
1729 3686 1843 3729 tum
1891 3675 2049 3729 initio

474 3771 591 3838 ejus
613 3769 754 3823 facta
779 3765 984 3822 mentio
1008 3776 1121 3833 est;
1151 3777 1245 3820 aut
1271 3782 1396 3820 cum
1439 3767 1543 3820 hoc
1584 3783 1691 3821 non
1719 3768 1923 3829 dicant,
1952 3765 2047 3821 sed

474 3877 539 3914 ex
569 3860 745 3928 nragni
780 3859 1058 3913 Athanasii
1086 3859 1355 3913 sententia
1384 3877 1396 3911 :
1433 3878 1451 3910 ι
1484 3859 1656 3914 Simul
1698 3875 1842 3920 caro,
1884 3859 2049 3921 simul

477 3954 570 4005 Dei
607 3952 768 4006 Verbi
807 3967 936 4007 caro
965 3951 1224 4012 animata,
1257 3951 1467 4004 ratione
1505 3960 1682 4014 utens,
1733 3969 1751 4002 ι
1785 3951 2047 4015 doceant,

477 4041 779 4094 naturalem
806 4056 1027 4110 quoque
1049 4039 1345 4094 Salvatoris
1374 4041 1732 4103 voluntatem,
1753 4055 1861 4108 qua
1885 4039 2049 4093 homo

475 4143 641 4196 esset,
700 4149 810 4185 non
857 4132 1126 4202 passionis
1172 4131 1436 4186 duntaxat
1483 4141 1726 4200 tempore
1773 4131 2049 4186 exstitisse

477 4225 681 4294 dicent,
729 4225 831 4278 etsi
879 4225 1027 4277 illius
1078 4234 1208 4278 tunc
1253 4225 1522 4288 meminit,
1571 4223 1664 4278 sed
1703 4238 1734 4277 a
1780 4223 2052 4292 principio

2156 3132 2535 3205 μνημονεύσας
2589 3132 2689 3184 οὐκ
2735 3131 3174 3201 ἀναγέγραπται.
3218 3131 3289 3182 Ἦ
3324 3131 3419 3183 καὶ
3457 3133 3588 3202 περὶ
3625 3131 3730 3200 τῆς

2152 3221 2329 3292 ψυχῆς
2368 3222 2562 3288 αὐτῆς,
2592 3220 2666 3282 ὡς
2707 3221 2767 3274 ού
2814 3221 3079 3290 πρότερον
3115 3219 3283 3289 οὔσης
3314 3221 3434 3273 καθ’
3468 3218 3727 3291 ὓπαρξιν,

2153 3315 2248 3380 ἀφ’
2276 3307 2336 3366 οὗ
2356 3313 2578 3379 γέγονεν
2602 3313 2904 3382 ἄνθρωπος,
2942 3311 3056 3365 ἀλλ’
3079 3312 3110 3382 ἦ
3147 3312 3303 3382 μόνον
3325 3312 3526 3366 ὁπόταν
3558 3313 3730 3380 αὐτῆς

2154 3405 2580 3474 ἐμνημόνευσεν.
2619 3405 2694 3456 Ού
2723 3405 2828 3474 πρὸ
2857 3405 3052 3458 πολλοῦ
3077 3406 3185 3477 γάρ
3210 3407 3303 3460 τού
3335 3407 3542 3468 πάθους
3572 3406 3728 3460 τοῦτο

2155 3495 2476 3565 πεποιηκὼς
2525 3497 2910 3567 ἀνηγόρευται.
2974 3499 3045 3550 Ἦ
3088 3499 3264 3552 τοίνυν
3318 3498 3728 3569 σχεδιασθεὴαν

2153 3586 2321 3656 αὐτὴν
2361 3587 2560 3640 αὐτίκα
2619 3589 2878 3650 εἴπωσιν,
2913 3588 2996 3639 ὃτι
3035 3587 3110 3657 μὴ
3169 3587 3432 3649 πολλάκις
3485 3589 3582 3640 ttat
3631 3588 3726 3640 ἀπ’

2155 3678 2334 3747 ἀρχῆς
2373 3678 2547 3746 αὐτῆς
2587 3679 3018 3748 ἐμνημόνευσεν·
3056 3680 3087 3750 ἢ
3131 3678 3292 3732 τοῦτο
3339 3679 3413 3749 μὴ
3449 3679 3724 3747 λέγοντες,

2155 3767 2268 3820 ἀλλ’
2297 3787 2316 3818 ι
2365 3769 2517 3836 ’Δμα
2550 3767 2705 3839 σὰρξ,
2748 3769 2863 3837 ἀμα
2899 3768 3032 3822 Θεοῦ
3077 3770 3252 3837 Λόγου
3296 3769 3430 3840 σάρξ
3461 3769 3726 3838 ἔμψυχος.

2157 3858 2370 3928 λογικὴ,
2408 3878 2426 3909 ι
2459 3859 2600 3912 κατὰ
2633 3860 2724 3912 τὸν
2755 3862 2928 3930 μέγαν
2977 3860 3290 3914 Ἀθανάσιον
3316 3860 3726 3929 δογματίζουσι,

2158 3952 2251 4006 καὶ
2282 3953 2340 4005 τὸ
2374 3951 2600 4020 φυσικὸν
2647 3952 2721 4014 ὡς
2764 3951 3050 4022 ἀνθρώπου
3083 3953 3176 4004 τοῦ
3211 3953 3462 4022 Σωτῆρος
3491 3951 3728 4021 θέλημα,

2160 4042 2234 4112 μὴ
2273 4044 2413 4096 κατὰ
2444 4043 2534 4095 τὸν
2581 4043 2772 4111 καιρὸν
2820 4039 2960 4096 εἶναι
2997 4041 3092 4096 τού
3137 4042 3340 4106 πάθους
3385 4043 3603 4111 λέξουσι
3631 4047 3729 4114 μό-

2156 4149 2267 4196 νον,
2305 4135 2354 4185 εἰ
2397 4135 2488 4186 καὶ
2530 4135 2753 4204 μνήμην
2784 4135 2981 4187 αὐτίκα
3019 4133 3209 4186 τούτου
3255 4133 3582 4204 πεποίηκενο
3613 4135 3728 4190 ἀλλ’

2155 4227 2250 4278 ἀπ’
2286 4225 2458 4294 ἀρχῆς
2485 4225 2560 4288 ὡς
2599 4223 2872 4296 ἀνθρώπῳ
2897 4225 3020 4278 καθ’
3053 4226 3199 4296 ἡμᾶς
3234 4226 3482 4295 φυσικῶς
3508 4226 3590 4298 τῷ
3618 4227 3728 4280 Σω-

476 4312 630 4365 velut
657 4312 710 4364 in
739 4311 918 4373 nobis,
946 4328 1009 4366 ac
1037 4327 1156 4380 qua:
1189 4312 1264 4364 illi
1299 4322 1553 4381 tanquam
1600 4312 1810 4366 homini
1855 4322 2040 4367 natura

2159 4316 2283 4385 τῆρι
2321 4316 2774 4385 συνουσιωμένον·

478 4401 964 4458 consubstantialis
990 4403 1062 4456 sit
1087 4419 1100 4453 :
1189 4461 1193 4466 τ

535 4499 694 4554 Subit
714 4507 896 4554 autem
935 4495 1120 4550 mirari
1146 4493 1286 4549 etde
1305 4493 1645 4562 operatione,
1670 4491 1946 4560 quomodo
1971 4491 2027 4546 in

459 4589 682 4644 Christo
715 4603 877 4641 unam
901 4601 1021 4641 esse
1041 4586 1296 4645 doceant,
1316 4584 1486 4638 relate
1509 4583 1765 4637 nimirum
1788 4583 1854 4636 ad
1888 4582 2029 4636 imii-

464 4682 710 4743 viduum,
747 4680 996 4750 ejusque,
1212 4684 1272 4730 ut
1303 4675 1404 4744 ipsi
1427 4676 1750 4743 loquuntur,
1773 4671 2028 4726 conside-

464 4771 701 4824 ratione.
717 4769 896 4838 Atque
917 4777 978 4822 ut
996 4767 1208 4821 mittam
1227 4765 1432 4826 dicere,
1450 4777 1642 4816 eorum
1669 4777 1789 4829 qum
1808 4769 2031 4815 natura-

464 4863 532 4916 lia
565 4861 870 4925 sunt,nihi|
893 4860 1072 4929 primo
1101 4858 1168 4912 ad
1207 4853 1551 4910 individuum
1574 4851 1898 4906 relationem
1935 4852 2032 4906 ha-

460 4954 612 5016 bere,
632 4954 728 5007 sed
755 4952 820 5007 ad
837 4962 1092 5005 naturam
1115 4949 1288 5017 ipsius
1305 4963 1367 5000 ac
1381 4945 1700 5000 essentiam.
1716 4942 1861 5009 Quid
1881 4943 2028 4998 enim

459 5046 584 5114 quis
598 5045 816 5115 cperari
847 5043 1021 5113 possit
1035 5041 1243 5108 absque
1261 5039 1329 5094 iis
1345 5036 1723 5102 facultatibus,
1736 5052 1858 5105 qua:
1876 5046 2034 5090 natu-

462 5152 536 5192 ra:
566 5137 792 5191 insunt?
823 5135 1049 5192 Undeve
1088 5132 1254 5187 alicui
1299 5140 1362 5185 ut
1390 5138 1654 5200 operetur
1695 5127 1904 5196 absque
1937 5141 2034 5181 na-

461 5240 608 5291 tura,
671 5238 767 5284 aut
831 5236 891 5281 ut
940 5227 1060 5295 ejus
1122 5223 1391 5294 praeditus
1447 5222 1711 5276 facultate
1755 5219 2034 5275 exsistat?

460 5321 778 5389 Libensque
818 5319 991 5374 exiis
1045 5316 1392 5387 quatsicrim,
1463 5329 1595 5368 num
1642 5321 1702 5366 ut
1755 5311 2036 5367 naturales

461 5412 816 5481 operationes
866 5410 1214 5476 interimant,
1275 5409 1418 5464 hanc
1483 5405 1773 5478 objiciunt,
1819 5403 2036 5460 necne?

463 5500 522 5556 Si
567 5505 717 5559 enim
774 5510 835 5556 ut
892 5501 1236 5570 interimant,
1281 5500 1581 5573 quomodo,
1618 5499 1863 5570 qualisve
1911 5506 2034 5551 tan-

468 5670 476 5673 ’
547 5667 571 5704 ⁸
599 5669 792 5728 Matth.
826 5688 970 5740 xxvi,
999 5675 1086 5732 59.

2232 4495 2449 4547 Ἐπεισι
2481 4493 2537 4546 δέ
2571 4510 2661 4566 μοι
2702 4495 3004 4565 θαυμάζειν
3037 4499 3131 4551 καὶ
3161 4498 3290 4568 περὶ
3318 4500 3626 4570 ἐνεργείας,
3654 4502 3732 4564 ὡς

2161 4584 2287 4655 μίαν
2318 4585 2522 4652 ταύτην
2556 4585 2648 4638 ἐπὶ
2684 4585 2922 4655 Χριστοῦ
2953 4588 3357 4657 δογματίζουσι,
3392 4593 3458 4660 τῇ
3507 4591 3645 4659 πρὸς
3668 4591 3731 4642 τὺ

2155 4677 2376 4744 ἄτομον,
2400 4675 2474 4738 ὼς
2508 4677 2663 4728 αὐτοί
2725 4693 2906 4745 φασιν,
2936 4679 3312 4750 ἀποσκοπήσει
3333 4680 3428 4732 καὶ
3454 4682 3729 4750 ἀναφορᾷ.

2157 4767 2264 4818 Καὶ
2291 4764 2376 4816 ἵνα
2412 4765 2569 4834 παρῶ
2599 4765 2798 4832 λέγειν,
2832 4767 2906 4830 ὡς
2947 4767 3097 4820 οὐδὲν
3130 4767 3237 4820 τῶν
3267 4769 3514 4836 φυσικῶν
3547 4769 3624 4830 ὡς
3647 4769 3732 4831 εἰς

2155 4858 2357 4925 ἄτομον
2408 4855 2855 4926 προηγουμένως,
2902 4857 3040 4910 ἀλλά
3084 4857 3185 4926 τὴν
3236 4859 3426 4911 τούτου
3478 4859 3643 4926 φύσιν
3671 4875 3732 4911 τε

2156 4948 2249 5000 καὶ
2276 4947 2462 5000 ούσιαν
2513 4947 2626 5017 ἔχει
2674 4949 2772 5018 τὴν
2833 4949 3132 5018 ἀναφοράν.
3170 4949 3268 5012 Τίς
3305 4949 3414 5020 γάρ
3452 4950 3585 5002 ἄνευ
3619 4950 3731 5001 τῶν
3779 4931 3783 4937 1

2155 5040 2401 5108 φυσικῶς
2454 5040 2765 5110 προσόντων
2814 5043 2880 5112 τῇ
2920 5041 3080 5108 φύσει
3129 5041 3432 5112 δυνάμεων,
3476 5041 3727 5109 ἐνεργεῖν

2153 5149 2205 5185 τι
2235 5132 2434 5184 δύναιτ’
2462 5132 2557 5196 άν;
2593 5131 2626 5202 ἢ
2652 5132 2815 5184 πόθεν
2839 5133 2992 5202 αὑτῷ
3018 5133 3077 5185 τὸ
3107 5135 3352 5203 ἐνεργεῖν
3373 5133 3406 5201 ἢ
3437 5131 3724 5192 δύνασθαι,

2156 5222 2332 5294 πάρεξ
2360 5223 2460 5292 τῆς
2499 5224 2752 5289 φύσεως;
2799 5224 3008 5276 Ἐκεῖνο
3035 5225 3091 5276 δὲ
3124 5223 3402 5293 ἐρωτῆσαι
3437 5222 3726 5292 βούλομαιο
3765 5215 3770 5219 ’

2157 5314 2298 5384 Πρὸς
2331 5314 2607 5385 ἀναίρεσιν
2647 5316 2753 5382 ἀρα
2781 5313 2887 5366 τῶν
2918 5313 3165 5384 φυσικῶν
3197 5313 3489 5383 ἐνεργειῶν
3524 5314 3728 5380 ταύτην

2160 5403 2500 5474 προΐσχοντο,
2537 5403 2570 5473 ἢ
2610 5403 2701 5470 τί;
2732 5404 2794 5456 El
2830 5403 2938 5473 γὰρ
2965 5404 3051 5455 ἐπ’
3075 5403 3375 5470 ἀναιρέσει,
3423 5402 3565 5466 πῶς,
3600 5403 3725 5454 πότε

2155 5495 2251 5547 καὶ
2287 5495 2414 5546 ποῖα
2444 5494 2585 5546 κατά
2613 5493 2711 5564 τὴν
2740 5492 2964 5548 ἐκείνων
2995 5493 3307 5548 ἀπόπαυσιν
3343 5493 3430 5564 εἴη
3459 5492 3522 5546 τὸ
3556 5491 3726 5562 παράε
