4020 6214
386 270 525 336 1133

1358 281 1726 343 PANOPLIA
1769 282 2220 345 DOGMATICA.
2254 305 2322 317 -·
2355 280 2505 343 ῚῚΤ.
2541 278 2698 340 XXI.

3496 278 3635 344 H34

379 403 488 441 παν
512 387 802 459 ὲνέργεια;
835 390 909 453 ὡς
934 389 1044 460 γὰρ
1074 392 1292 458 φύσεων
1323 395 1422 447 οὑκ
1457 393 1655 458 οὐσῶν,
1686 397 1781 447 καὶ
1815 396 1876 447 τὸ
1905 395 1950 460 ἐξ

2068 396 2211 457 «lem,
2241 392 2346 447 illis
2368 390 2639 446 submotis
2670 402 2733 441 ac
2755 386 3055 456 abrogatis,
3088 386 3271 444 futura
3347 393 3637 461 Operatio?

379 482 564 535 αὐτων
579 480 902 547 ἀφανίζεται
936 482 1183 545 πάτως,
1212 484 1244 553 ἡ
1279 482 1533 546 σύνθετος
1552 484 1694 552 λέγω
1709 485 1949 540 ὑπόστα-

384 590 491 636 σις’
520 570 666 627 οὕτω
691 573 787 625 καὶ
815 573 924 625 τῶν
968 573 1215 642 φυσικῶν
1256 574 1559 646 ἐνεργειῶν
1592 575 1692 629 οὐκ
1742 576 1946 642 οὐσῶν,

380 666 492 719 οὐδ’
525 664 664 735 ἄλλη
692 664 754 717 τὸ
778 663 998 718 σύνολον
1027 666 1204 719 ἔσται.
1247 667 1355 719 Καὶ
1388 668 1448 720 οὐ
1472 667 1830 735 λέγωτοῦτο,
1877 669 1953 732 ὡς

381 758 551 827 ἄλλης
597 756 881 829 ἐνεργείας
933 757 999 809 ἐκ
1066 756 1179 810 τῶν
1222 757 1471 826 φυσικῶν
1525 760 1952 829 συνισταμένης.

385 847 521 900 Οὐδὲ
564 846 664 916 μία
709 847 822 917 γὰρ
849 847 959 900 τῶν
1019 848 1079 902 ὲν
1114 849 1465 920 ὑποκειμένῳ
1524 850 1795 915 σύνθεσις·
1832 854 1953 908 Ὀτι

387 939 524 1010 μηδὲ
546 937 646 1010 τὴν
680 938 806 992 καθ’
829 938 997 993 ἑαυτά
1048 942 1111 995 τὸ
1151 940 1376 994 σύνολον
1415 941 1676 1012 ὕπαρξιν,
1729 945 1868 997 ἀλλὰ
1899 945 1961 996 τὸ

382 1039 590 1091 εἰκαῖον
622 1037 886 1105 παριστᾷ.
930 1036 1017 1099 Ὠς
1047 1037 1094 1087 εί
1141 1035 1239 1098 τάς
1271 1034 1475 1104 κυρίως
1505 1037 1648 1088 κατά
1673 1037 1837 1104 φύσιν
1873 1034 1959 1087 οὐ·

382 1145 482 1190 σας
508 1126 609 1180 οὐκ
631 1121 771 1181 εἶναι
791 1124 1031 1194 λέγουσι,
1071 1125 1188 1190 πῶς
1223 1124 1454 1197 ὑπάρξει
1482 1125 1542 1179 τὸ
1575 1126 1841 1196 μηδαμῶς
1866 1124 1955 1191 δνς

381 1218 477 1281 Τίς
506 1218 615 1289 γάρ
643 1219 760 1271 ἔστι
789 1218 1161 1288 ὑποστατικὴν
1193 1218 1370 1286 λέγων
1398 1218 1703 1287 ἐνέργειαν,
1731 1217 1823 1270 καὶ
1856 1216 1958 1271 πό-

381 1310 473 1363 οεν
502 1309 681 1375 τοῦτο,
713 1311 808 1363 καὶ
850 1310 999 1379 παρὰ
1044 1311 1189 1374 τίνος
1236 1309 1491 1374 λαϐόντες
1520 1307 1953 1379 προσφέρουσινς

380 1403 443 1454 Et
474 1401 532 1454 δὲ
641 1400 798 1454 τοῦτο
826 1402 989 1470 τυχὸν
1022 1400 1438 1468 ἀποφαίνονται,
1481 1398 1735 1454 σύνθετον
1773 1399 1831 1452 δὲ
1857 1398 1956 1470 τὴν

381 1495 683 1547 ὑπόστασιν
713 1493 1037 1564 ὁμολογοῦσι
1074 1494 1212 1565 πρὸς
1238 1494 1304 1564 ἢν
1344 1493 1698 1562 ἀναφέρεται,
1721 1491 1817 1545 καὶ
1845 1490 1956 1544 τῶν

380 1584 644 1638 ἐναντίων
703 1585 819 1639 καὶ·
846 1583 1242 1654 ἀντικειμένων
1291 1582 1569 1653 δεκτικήν·
1615 1580 1817 1653 θνητὴν
1844 1581 1953 1652 γὰρ

380 1676 476 1729 καὶ
508 1675 797 1744 ἀθάνατον,
864 1677 1070 1748 ὁρατὴν
1123 1676 1217 1729 καὶ
1267 1675 1523 1743 ἀόρατον,
1573 1673 1955 1745 περιγραπτὴν

2059 484 2196 541 Nam
2228 484 2369 539 sicut
2396 483 2606 538 naturis
2639 496 2744 535 non
2803 481 3190 535 exsisteutibus
3217 496 3439 551 prorsus
3467 488 3632 538 etiam

2062 591 2285 633 necesse
2340 589 2420 633 est
2478 574 2682 630 aboleri
2735 573 2878 642 quod
2937 588 3003 625 ex
3050 572 3130 627 eis
3184 584 3266 628 est
3320 572 3633 645 (personam

2059 669 2266 725 scilicet
2293 664 2702 737 compositam),
2744 665 2821 720 sic
2861 678 3073 734 quoque
3125 679 3249 719 cum
3294 681 3397 721 non
3422 680 3638 723 exs'eut

2060 761 2336 817 naturales
2373 761 2740 829 Operationes,
2775 772 2874 812 nec
2902 758 3007 810 ulla
3069 758 3170 813 alia
3196 760 3425 815 omnino
3448 750 3632 814 futura
3742 756 3751 801 ῖ

2059 864 2161 911 εει.
2194 853 2380 924 Neque
2405 853 2682 914 boctlico,
2739 850 2895 922 quasi
2936 844 3098 904 aliam
3153 866 3221 907 ex
3293 850 3665 905 naturalibus
3762 854 3769 859 '

2061 944 2401 1000 cunilandam
2431 944 2805 1013 operationem
2837 942 3016 997 velim.
3049 941 3249 997 Eorum
3318 944 3475 1007 enim
3512 956 3649 1010 quae
3736 958 3741 1011 ρ

2056 1050 2188 1096 sunt
2235 1042 2291 1094 in
2339 1041 2611 1111 subjecto,
2659 1043 2809 1097 nulla
2840 1054 2925 1098 est
2954 1044 3315 1114 compositio;
3352 1040 3499 1112 quod
3530 1042 3638 1097 sci-

2055 1130 2185 1186 licet
2219 1146 2329 1186 non
2370 1132 2486 1202 ipsa
2526 1149 2653 1190 vere
2700 1136 2928 1190 omnino
2980 1152 3043 1190 ac
3092 1152 3190 1205 per
3236 1151 3294 1190 se
3349 1122 3697 1209 exsistant,“

2055 1221 2151 1275 sed
2189 1220 2371 1277 debile
2398 1223 2683 1294 quidpiam
2726 1241 3036 1295 vanumque
3061 1226 3379 1280 exhibeant.
3409 1224 3643 1292 Quocir-t

2055 1328 2117 1368 ca
2151 1315 2197 1370 si
2233 1331 2356 1385 qua:
2390 1333 2518 1373 vere
2545 1328 2677 1373 sunt
2714 1335 2815 1389 per
2865 1314 3116 1374 naturam
3154 1334 3274 1374 esse
3301 1317 3636 1382 inticiantur,

2055 1404 2150 1473 qui
2194 1403 2288 1460 ﬁat
2349 1415 2409 1463 ut
2449 1407 2595 1476 quod
2667 1398 2936 1478 nusquam
2990 1408 3197 1477 aliquid
3254 1417 3359 1472 est,
3412 1409 3464 1463 td
3508 1425 3638 1463 vero

2056 1496 2238 1567 reipsa
2264 1497 2604 1554 exsistenlia:
2633 1514 2858 1570 compos
2888 1500 3157 1554 exsistat?
3186 1500 3335 1576 Quis
3374 1502 3521 1576 enim
3557 1511 3639 1554 est

2055 1587 2152 1658 qui
2203 1589 2551 1657 personalem
2598 1590 2975 1658 operationem
3009 1574 3191 1655 dicat,
3211 1588 3327 1645 'eaut
3355 1574 3501 1647 unde
3522 1588 3640 1651 illoc

2057 1687 2112 1733 et
2157 1694 2188 1733 a
2257 1694 2367 1747 quo
2413 1689 2701 1748 acceptum
2752 1680 3075 1749 proferant?
3110 1668 3451 1735 .Sin'aulem
3497 1680 3638 1733 forte

380 1768 476 1822 καὶ
504 1746 911 1839 ἀπερίγραφον,
928 1746 1166 1838 ἄναρχον
1190 1765 1285 1819 καὶ
1316 1766 1419 1818 ὑπὸ
1440 1765 1633 1836 ἀρχὴν,
1653 1766 1804 1818 ἔσται
1832 1764 1950 1819 τοῦ·

2058 1767 2206 1823 istud
2259 1780 2537 1835 asserunt,
2588 1771 3103 1841 personamque’ad
3156 1786 3331 1841 quam;
3375 1771 3655 1834 refertur,

379 1875 447 1911 το
472 1858 617 1913 κατά
643 1858 704 1913 τὸ
730 1859 876 1923 εἰκὸς
907 1858 1003 1912 καὶ
1029 1859 1062 1929 ἡ
1095 1858 1369 1929 ἐνέργεια.
1401 1858 1513 1910 Καὶ
1541 1856 1658 1920 πῶς
1687 1855 1883 1920 ἄλλως,
1916 1855 1949 1927 ἢ

381 1951 505 2006 καθ’
520 1951 634 2017 ἕξιν
656 1950 899 2021 δηλονότι
924 1952 1020 2005 καὶ
1047 1950 1335 2021 στέρησιν;
1360 1949 1455 2002 καὶ
1468 1949 1541 2001 τὰ
1560 1948 1680 2018 μὲν,
1698 1948 1774 2010 ὡς
1790 1942 1949 2008 οὐσα,

379 2041 653 2103 πείσεται,
682 2040 752 2094 τά
781 2041 858 2106 δὲ,
890 2040 966 2104 ὡς
996 2039 1072 2111 μὴ
1100 2036 1252 2102 οὖσα,
1277 2038 1711 2111 παρυποστήσει.
1745 2035 1870 2098 Πῶς
1895 2033 1953 2087 δὲ

379 2133 475 2187 καὶ
505 2134 535 2186 ὁ
560 2131 816 2203 τοιαύτην
840 2132 978 2201 ἔχων
999 2132 1305 2202 ἐνέργειαν,
1336 2128 1477 2184 κατὰ
1505 2127 1566 2181 τὸ
1586 2127 1716 2182 αὐτὸ
1736 2125 1830 2180 καὶ
1851 2126 1953 2179 οὑκ

379 2226 510 2280 ἄλλο
538 2225 632 2279 καὶ
658 2224 803 2284 ἄλλο.
837 2224 920 2277 ὅτι
955 2222 1089 2294 μηδὲ
1120 2222 1327 2292 ἐκείνη,
1361 2221 1428 2274 τὰ
1462 2220 1624 2289 ὅμοια
1662 2217 1949 2281 πείσεται;

379 2317 678 2389 προσφυῶς
689 2316 797 2387 γὰρ
811 2316 954 2388 ἔχειν
966 2317 1032 2387 τῇ
1048 2314 1224 2387 οἰκείᾳ
1235 2315 1424 2384 ὲνεργε
1433 2315 1487 2385 ίᾳ
1497 2313 1589 2367 τὸν
1604 2309 1950 2383 ἐνεργοῦντα,

379 2411 611 2481 κάκείνη
634 2408 832 2480 τούτῳ,
863 2410 1015 2462 πᾶσα
1040 2408 1277 2478 ἀνάγκη.
1305 2407 1414 2460 Καὶ
1441 2406 1557 2469 πῶς
1587 2404 1745 2469 Θεὸς,
1771 2407 1800 2458 ὁ
1819 2403 1950 2468 ἔξει,

378 2503 477 2557 καὶ
506 2501 583 2574 μὴ
615 2500 776 2570 φύσει
803 2499 933 2563 Θεός
951 2515 968 2563 ;
1010 2498 1134 2562 Πῶς
1164 2497 1221 2550 δὲ
1251 2496 1561 2569 ἄνθρωπος,
1592 2496 1639 2573 δ
1668 2495 1950 2566 στερήσει,

376 2594 472 2646 καὶ
507 2593 587 2664 μὴ
624 2590 785 2663 οὐσίᾳ
810 2590 1016 2663 κυρίως
1040 2589 1200 2645 τοῦτο
1244 2589 1548 2661 ὑπάρχων;
1579 2585 1676 2650 Τίς
1702 2586 1759 2640 δὲ
1792 2584 1952 2655 φύσις

374 2682 812 2754 ἀνενέργητος,ἢ
845 2682 1081 2752 φυσικῆς
1103 2680 1383 2751 ἐνεργείας
1415 2678 1571 2742 ἐκτός
1594 2677 1716 2746 ςὯς
1737 2676 1845 2747 γάρ
1861 2676 1947 2730 οὑ-

372 2772 564 2842 δαμῶς
589 2771 877 2842 ὑπάρξεως
897 2771 1125 2842 ἔρημος,
1148 2770 1320 2835 οὕτως
1340 2771 1460 2825 οὐδὲ
1479 2770 1763 2840 δυνάμεως
1786 2786 1950 2838 φυσι-

279 2874 288 2881 ’
374 2864 503 2937 κῆς.
533 2866 598 2919 El
621 2864 678 2918 δὲ
707 2864 912 2935 ταύτης
945 2865 1187 2935 ἀμοιρεῖ,
1227 2865 1327 2918 καί⁵
1353 2866 1450 2931 τῆς
1480 2861 1765 2934 ὑπάρξεως
1793 2862 1952 2931 ἀμοι-

374 2960 596 3031 ρήσειεν
631 2958 725 3011 ἀνί
768 2957 842 3010 Τὸ
889 2955 999 3026 γὰρ
1041 2955 1335 3027 ἀδύναμον,
1377 2955 1454 3017 ὡς
1500 2952 1730 3024 ἀδρανὲς
1770 2949 1949 3020 πάντη

375 3051 540 3120 μόνον
569 3049 691 3103 ἐστὶ
716 3047 780 3102 τὸ
808 3048 883 3119 μὴ
912 3047 991 3103 ὅν.
1030 3049 1145 3102 Πᾶν
1172 3048 1284 3118 γὰρ
1312 3045 1366 3099 εί
1394 3064 1450 3100 τι
1479 3045 1590 3100 τῶν
1626 3044 1817 3109 ὄντων,
1855 3059 1950 3095 συ·-
1977 3057 2021 3113 c

372 3140 641 3210 στατικὴν
673 3138 788 3211 ἔχει
845 3140 1140 3211 διαφορὰν,
1184 3139 1285 3210 τὴν
1336 3138 1577 3207 ἔμφυτον
1619 3135 1832 3206 κίνησιν
1868 3132 1948 3205 τῷ

370 3232 526 3301 γένει
560 3229 1270 3303 συμπαραλαμϐανομένην,
1302 3232 1397 3283 καὶ
1422 3228 1682 3282 ποιοῦσαν
1699 3225 1792 3280 τοῦ
1818 3226 1948 3280 ὑπο-

370 3324 628 3394 κειμένου
674 3323 765 3376 τὸν
802 3323 1061 3394 ὁρισμὸν,
1106 3323 1175 3375 δι’
1214 3317 1275 3375 οὐ
1319 3322 1402 3374 ὅτι
1439 3320 1557 3374 ἐστὶ
1602 3319 1696 3374 κοιλ⁸
1731 3318 1785 3372 τι
1829 3319 1948 3371 ἐστι

372 3414 581 3486 κυρίως
608 3410 953 3484 γνωρίζεται,
997 3413 1132 3485 πρός
1165 3430 1224 3465 τε
1258 3411 1326 3465 τά
1353 3410 1574 3483 ὁμοειδῆ
1603 3409 1663 3463 τὸ
1694 3408 1944 3480 ἀπαράλ-

370 3505 568 3558 λακτον
603 3504 744 3575 ἕχον,
789 3503 887 3558 καὶ
925 3503 987 3556 τὸ
1035 3503 1291 3573 διάφορον
1341 3498 1497 3566 αὖθις
1548 3500 1685 3573 πρὸς
1730 3499 1800 3553 τὰ
1828 3500 1946 3553 ἑτε-

373 3594 581 3667 ροειδῆ⁶
618 3594 712 3648 καὶ
763 3596 811 3647 εί
852 3593 1030 3658 τοῦτο,
1081 3593 1196 3657 πῶς
1230 3592 1456 3646 δυνατὸν
1488 3592 1688 3661 φυσικῇ
1721 3589 1947 3657 δυνάμει

371 3685 708 3756 ἀμοιροῦντα
750 3684 895 3739 κατὰ
935 3684 1134 3755 σάρκα,
1172 3684 1262 3736 τὸν
1305 3681 1804 3751 ὲνανΘρωπήσαντα
1851 3677 1947 3731 Λό-

370 3791 470 3843 γον
493 3774 780 3844 ἀνθρωπον
805 3773 1031 3837 τέλειον,
1083 3773 1117 3843 ἢ
1167 3773 1305 3835 ὅλως
1347 3769 1632 3840 ἄνθρωπον
1677 3765 1948 3840 χρηματί-

373 3867 518 3931 ζειν.
551 3868 627 3920 Οὐ
663 3865 771 3938 γὰρ
814 3866 937 3937 δίχα
977 3863 1213 3934 φυσικῆς
1255 3860 1537 3932 ἱνεργείας
1574 3860 1602 3914 ὁ
1634 3859 1941 3932 ἄνθρωπος,

369 3958 568 4029 ὥσπερ
609 3956 718 4011 οὐδ’
749 3957 884 4026 άλλη
927 3955 1091 4026 φύσις
1115 3956 1214 4024 τῆς
1249 3953 1455 4016 οἰκείας
1495 3951 1590 4006 καὶ
1629 3950 1941 4012 οὑσιὼδους.

378 4046 449 4099 Ἦ
486 4047 595 4118 γὰρ
625 4046 861 4117 ἔλλειψις
891 4045 1113 4117 ταύτης,
1161 4047 1195 4116 ἢ
1245 4045 1368 4098 οὐδὲ
1414 4042 1579 4113 φύσιν
1615 4038 1756 4097 εἶναι
1800 4042 1945 4095 ποιεῖ

366 4139 472 4209 τὴν
515 4136 760 4208 φύσιν,ἢ
798 4136 900 4200 τὰς
931 4136 1114 4200 πάσας
1152 4136 1409 4208 ἀλλήλαις
1433 4133 1652 4199 ταυτὸν,
1688 4134 1783 4188 καὶ
1820 4132 1944 4188 ἀντὶ

371 4227 591 4282 πάντων
627 4228 780 4299 μίαν,
830 4230 897 4299 τῇ
945 4227 1229 4298 ἀπολείψει
1272 4227 1372 4298 τῆς
1420 4225 1757 4293 συνιστώσης
1804 4242 1946 4296 συμ-

372 4316 640 4387 φυρείσας
675 4316 743 4371 δι’
774 4317 899 4370 ὅλου
932 4316 1316 4387 συγχυθείσας.
1346 4316 1409 4369 El
1436 4314 1546 4386 γὰρ
1582 4316 1682 4368 οὐκ
1703 4315 1942 4386 ἀνέργη-

369 4426 464 4463 τον
490 4409 713 4478 λέγουσι
759 4408 821 4461 τὸ
869 4406 992 4463 καθ’
1025 4409 1173 4480 ἡμᾶς
1200 4407 1295 4461 τὸν
1323 4407 1519 4475 Λόγον,
1555 4406 1713 4477 δῆλον
1740 4405 1817 4469 ὡς
1842 4404 1943 4477 ἐμ-

371 4517 540 4571 φυτον
569 4500 664 4554 καὶ
699 4498 1049 4572 ἀνθρωπίνην
1079 4484 1359 4570 ἐνέργειαν
1404 4496 1596 4568 ἔχοντα
1624 4495 1811 4550 τοῦτόν
1838 4512 1941 4565 φα·

372 4608 451 4645 σι.
504 4589 630 4654 Πῶς
658 4590 768 4660 γὰρ
798 4588 864 4643 ἂν
905 4588 1117 4653 ἀλλως;
1169 4588 1245 4641 Οὐ
1291 4586 1401 4659 γὰρ
1438 4587 1681 4657 ἐνεργεῖν
1719 4585 1944 4639 δυνατὸν

372 4682 610 4751 φυσικῆς
662 4680 943 4751 ἐνεργείας
994 4678 1192 4749 χωρίς⁶
1237 4677 1425 4746 ῶσπερ
1468 4676 1589 4731 οὐδὲ
1634 4676 1941 4745 ὑπάρχειν,

371 4771 561 4834 οὐσίας
612 4770 737 4840 δίχα
788 4768 885 4823 καὶ
918 4767 1151 4839 φύσεως.
1195 4767 1342 4819 Ἀλλ’
1389 4767 1509 4820 οὐδὲ
1567 4766 1697 4837 μίαν
1758 4766 1943 4835 μόνον,

371 4863 437 4915 ἄν
482 4878 587 4933 περ
709 4859 809 4931 τὴν
858 4860 1020 4928 φύσιν
1067 4858 1316 4922 διπλοῦς,
1369 4858 1466 4929 τὴν
1512 4858 1753 4929 ἔμφυτον
1798 4857 1941 4928 ἔχειν

370 4948 658 5017 ἐνέργειαν
684 4948 775 5001 τὸν
818 4945 1165 5015 ἐνεργοῦντα,
1207 4948 1357 4998 πᾶσα
1393 4947 1605 5013 ἀνάγκη
1628 4961 1641 4974 ·
1690 4945 1813 4997 ἐπεὶ⁵
1847 4944 1944 4997 καὶ

2057 1856 2300 1913 fatentur
2342 1860 2742 1928 compositam;
2770 1862 3174 1916 contrariorum
3219 1861 3430 1916 scilicet
3460 1848 3637 1925 eteo-

2054 1963 2178 2002 rum
2192 1965 2311 2018 qua:
2327 1950 2576 2019 opposita
2598 1951 2708 2005 sint
2726 1966 3012 2020 capacem;
3041 1966 3259 2019 nempe,
3280 1951 3567 2004 mortalem
3581 1960 3637 2004 et

2054 2035 2444 2103 immortalem,
2479 2040 2655 2094 oculis
2701 2039 3055 2108 conSpicuam
3084 2048 3141 2093 et
3167 2038 3633 2107 inaspectabilem,

2052 2126 2524 2198 circumscriptam
2545 2138 2601 2184 et
2619 2130 3167 2199 ineircumscriptam,
3188 2127 3461 2184 carentem
3484 2129 3637 2198 prin-

2051 2215 2197 2285 cipio
2226 2225 2282 2271 et
2315 2233 2438 2286 qua:
2462 2218 2736 2287 principio
2769 2219 2988 2285 subsit;
3023 2219 3170 2273 istud
3206 2218 3404 2274 merito
3437 2219 3546 2273 erit
3578 2227 3635 2274 et

2050 2307 2323 2376 operatio.
2378 2307 2500 2374 Quo
2542 2324 2678 2365 vero
2732 2308 2841 2365 alio
2876 2311 3059 2376 modo,
3112 2325 3276 2379 quam
3327 2302 3632 2366 secundum

2050 2396 2304 2453 habitum
2349 2406 2406 2454 et
2438 2399 2848 2468 privationem?
2898 2403 2977 2455 Ac
3030 2401 3230 2471 partim
3273 2401 3518 2471 quidem,
3571 2409 3634 2455 ut

2050 2501 2175 2559 quae
2207 2489 2456 2565 exsistat,
2510 2490 2783 2561 patietur;
2832 2492 3032 2562 partim
3074 2507 3229 2555 vero,
3270 2504 3332 2547 ut
3362 2508 3484 2562 quae
3518 2494 3634 2563 ipsa
3694 2538 3695 2541 η

2051 2592 2163 2634 non
2206 2579 2454 2646 exsistat,
2500 2579 2772 2635 diminute
2804 2587 2861 2635 et
2904 2579 3061 2649 quasi
3108 2580 3300 2635 umbra
3336 2579 3630 2634 substabit.

2049 2668 2156 2737 Qui
2205 2678 2391 2725 autem
2439 2670 2552 2736 fiat,
2602 2678 2667 2725 ut
2717 2670 2814 2724 tali
2859 2670 3123 2740 praeditus
3161 2672 3501 2740 operatione,
3541 2687 3631 2726 se-

2050 2757 2296 2813 cundum
2345 2757 2513 2822 idem,
2555 2767 2613 2813 et
2653 2773 2767 2812 non
2813 2758 2964 2813 aliud
3013 2767 3177 2829 atque
3204 2758 3354 2812 aliud
3387 2759 3632 2830 (quando

2051 2863 2157 2903 nec
2200 2847 2355 2920 ipsa)
2404 2849 2530 2904 talia
2583 2849 2881 2918 patiatur?
2934 2848 3266 2919 Operantem
3320 2850 3467 2905 enim
3522 2865 3634 2906 suae

2053 2939 2299 3010 coaptari
2363 2942 2700 3011 eperationi,
2753 2942 3003 3012 hancque
3053 2941 3132 2996 illi
3184 2957 3514 3012 congeneam
3566 2958 3633 2999 ac

2052 3029 2267 3084 amnem
2301 3045 2442 3095 esse,
2473 3046 2697 3102 prorsus
2720 3047 2944 3087 necesse
2973 3039 3076 3087 est.
3121 3032 3435 3102 Ecquonam
3466 3033 3632 3088 modo

2052 3120 2219 3185 Deus,
2258 3123 2354 3190 qui
2394 3138 2504 3176 non
2527 3132 2748 3187 natura,
2773 3123 2869 3177 sed
2894 3124 3043 3178 illius
3085 3123 3280 3178 habitu
3313 3123 3418 3178 sit?
3443 3124 3633 3190 Quove

2053 3211 2218 3267 modo
2278 3212 2465 3278 homo,
2519 3213 2616 3283 qui
2666 3213 3013 3282 privatione,
3060 3223 3118 3270 et
3166 3229 3278 3270 non
3324 3215 3632 3270 substantia

2053 3314 2178 3355 vere
2245 3300 2395 3355 istud
2449 3301 2717 3356 exsistit?
2769 3301 3030 3368 Quaenam
3096 3319 3229 3358 vero
3270 3299 3466 3358 natura
3515 3305 3633 3374 ipsa

2051 3405 2220 3456 mers,
2264 3400 2361 3447 aut
2389 3408 2513 3463 qua:
2541 3393 2782 3448 naturali
2833 3393 3120 3450 deﬁciatur
3156 3396 3517 3466 operatione?
3540 3397 3632 3454 Uti

2050 3483 2197 3537 enim
2247 3498 2521 3553 nusquam
2579 3485 2903 3541 exsistentia
2955 3496 3116 3542 vacat
3161 3503 3229 3543 ac
3288 3488 3627 3554 substantia,

2051 3573 2129 3626 sic
2183 3587 2365 3641 neque
2413 3575 2653 3627 naturali
2714 3584 2870 3629 caret
2916 3577 3261 3645 operatione.
3308 3578 3406 3633 Sin
3446 3588 3631 3634 autem

2050 3660 2212 3732 uujus
2248 3677 2448 3731 expers
2492 3670 2597 3730 est,
2641 3664 2832 3733 utique
2883 3665 3049 3719 etiam
3104 3666 3254 3720 illius
3301 3682 3496 3736 expers
3538 3668 3629 3722 fu-

2051 3767 2171 3806 tura
2228 3761 2332 3807 est.
2383 3751 2540 3818 Quod
2590 3752 2739 3808 enim
2787 3754 2843 3808 vi
2911 3770 2976 3810 ac
3023 3755 3282 3811 facultate
3342 3767 3514 3822 caret,
3565 3769 3629 3814 ut

2051 3862 2277 3916 prorsus
2292 3847 2566 3903 imbecille
2761 3857 2927 3919 atque
2953 3850 3272 3915 obscurum,
3298 3866 3468 3906 unum
3490 3852 3628 3907 nihil

2051 3946 2150 3994 est.
2188 3939 2246 3994 Si
2279 3938 2414 4009 quid
2443 3940 2592 3995 enim
2619 3938 2842 3994 demum
2874 3941 2930 3995 in
2961 3941 3129 3996 rebus
3151 3950 3255 4007 est,
3284 3943 3628 3998 constituen-

2052 4037 2159 4084 tem
2199 4030 2283 4084 sui
2306 4044 2370 4085 ac
2391 4030 2777 4100 insignientem
2806 4031 3174 4086 differentiam
3197 4033 3366 4088 habet
3392 4033 3628 4103 (naturae

2051 4118 2266 4173 scilicet
2315 4119 2544 4174 insitum
2607 4120 2843 4189 motum)
2895 4134 3026 4190 qua,
3081 4134 3193 4175 una
3248 4134 3375 4175 cum
3425 4135 3627 4191 genere

2051 4219 2352 4282 assumpta,
2399 4210 2634 4281 subjecti
2661 4210 2912 4267 definitio
2935 4220 3183 4266 struatur
3206 4209 3627 4281 subjectumque

2051 4314 2171 4356 esse
2196 4316 2259 4357 ac
2286 4302 2550 4372 quidnam
2599 4302 2736 4357 illud
2766 4302 2860 4367 sit,
2892 4302 3313 4368 manifestetur;
3347 4301 3621 4372 ejusmodi

1978 4385 2020 4440 Ι)
2052 4391 2283 4457 scilicet,
2326 4400 2387 4447 ut
2430 4409 2554 4448 cum
2616 4393 2701 4449 eis
2755 4410 2878 4465 qua:
2928 4394 3177 4465 ejusdem
3223 4394 3442 4465 generis
3477 4407 3625 4463 sunt,

2052 4481 2199 4535 nulla
2224 4480 2672 4537 dissimilitudine
2697 4483 3027 4549 abhorrens,
3060 4485 3373 4548 conveniat,
3415 4501 3480 4540 ac
3508 4502 3630 4540 rur-

2050 4584 2144 4625 sus
2182 4569 2252 4625 ab
2301 4570 2403 4636 eis,
2445 4587 2567 4641 quae
2592 4571 2797 4627 diversi
2844 4573 3063 4644 generis
3102 4581 3253 4639 sunt,
3283 4573 3521 4629 diﬂ‘erat.
3550 4574 3629 4628 Ac

2049 4661 2093 4716 si
2150 4662 2224 4716 ita
2257 4672 2361 4726 est,
2406 4664 2499 4733 qui
2555 4663 2783 4719 omnino
2839 4664 2952 4731 fiat,
3005 4674 3067 4720 ut
3116 4666 3388 4721 naturalis
3430 4681 3629 4735 expers

2050 4754 2387 4821 operationis
2409 4754 2577 4824 (quod
2599 4756 2664 4809 ad
2692 4771 2913 4810 carnem
2934 4757 3173 4825 attinet),
3198 4757 3436 4812 Verbum
3463 4757 3627 4813 homo

2050 4842 2276 4908 factum,
2324 4845 2501 4915 ipsum
2551 4845 2717 4901 homo
2744 4849 3041 4917 perfectus,
3076 4856 3170 4902 aut
3208 4864 3436 4917 prorsus
3464 4849 3627 4903 homo

2047 4934 2323 4990 exsistat?
2364 4937 2503 5007 Non,
2530 4939 2679 4992 enim
2722 4946 2807 4993 est
2851 4940 3032 5003 homo,
3081 4939 3176 5007 qui
3220 4938 3457 4993 naturali
3499 4954 3626 5004 ope-

370 5037 588 5093 ratione
614 5035 921 5102 dellclatur,
952 5038 1030 5091 uti
1050 5051 1148 5093 nec
1171 5036 1272 5090 alia
1303 5036 1508 5105 quaevis
1538 5041 1762 5102 natura,
1803 5049 1926 5104 quae
1958 5033 2177 5106 propria
2218 5048 2283 5089 ac
2321 5048 2480 5087 essen
2495 5034 2604 5088 tiali
2678 5043 2865 5089 careat
2920 5035 3202 5090 facultate.
3265 5034 3417 5101 Quod
3471 5033 3618 5090 eiiim

371 5127 489 5181 haec
523 5125 688 5191 desit,
720 5134 816 5179 aut
872 5126 922 5178 ῙιΙ
951 5135 1196 5192 praestat,
1233 5134 1381 5179 utne
1418 5125 1639 5194 quidem
1676 5134 1867 5180 natura
1892 5124 1983 5191 sit,
2021 5133 2114 5179 aut
2135 5133 2191 5179 ut
2226 5132 2431 5178 naturae
2452 5139 2642 5205 omnes
2669 5126 2811 5180 inter
2835 5140 2895 5180 se
2926 5126 3065 5181 idem
3090 5128 3222 5190 sint,
3247 5140 3463 5193 unaque
3496 5126 3619 5180 vice

368 5220 617 5275 omnium
648 5218 940 5287 habeatur,
968 5219 1036 5273 iis
1063 5234 1293 5289 prorsus
1326 5220 1634 5276 commistis
1657 5229 1824 5291 atque
1862 5220 2129 5285 confusis,
2161 5235 2256 5289 per
2287 5221 2403 5290 ejus
2435 5220 2518 5276 vis
2549 5221 2851 5279 absentiam
2883 5238 2947 5276 ae
2966 5222 3267 5290 facultatis,
3301 5238 3421 5293 quae
3477 5236 3615 5277 con-

373 5316 549 5371 stituit
597 5324 764 5383 atque
812 5314 1058 5386 insignit.
1127 5314 1183 5370 Si
1237 5317 1382 5371 enim
1473 5331 1581 5370 non
1635 5315 1783 5372 iners
1874 5330 2183 5386 expersque
2234 5315 2593 5385 operationis,
2680 5332 2743 5373 ea
2842 5318 3055 5373 ratione
3106 5318 3231 5386 quia
3279 5326 3366 5374 est
3421 5318 3613 5385 homo,

380 5405 613 5461 Verbum
651 5405 857 5474 dicunt,
901 5407 1073 5473 palam
1101 5406 1319 5462 insitam
1367 5421 1431 5462 ac
1494 5407 1795 5461 naturalem
1854 5406 2229 5476 operationem
2278 5405 2355 5459 illi
2417 5407 2724 5463 ascribunt.
2781 5408 2901 5473 Quo
2955 5407 3100 5462 enim
3156 5409 3263 5463 alio
3326 5410 3487 5466 modo
3540 5414 3623 5476 ine

371 5495 686 5567 tclligatur?
718 5495 786 5555 Ut
815 5499 960 5552 enim
984 5498 1186 5568 aliquid
1212 5508 1469 5567 operetur
1509 5514 1615 5553 non
1654 5497 1891 5552 naturali
1917 5496 2113 5552 fultum
2150 5497 2491 5568 operatione,
2527 5498 2675 5552 baud
2738 5513 2977 5568 unquam
3031 5497 3142 5563 fiat,
3178 5501 3254 5554 uti
3321 5516 3498 5571 neque
3558 5513 3619 5557 ut

373 5586 580 5657 absque
605 5591 843 5645 essentia
871 5602 925 5646 ει
957 5601 1145 5644 natura
1178 5593 1422 5647 exsistat.
1449 5590 1554 5647 Sed
1590 5607 1693 5646 nec
1727 5606 1889 5645 unam
1935 5591 2113 5645 solum
2159 5593 2532 5660 operationem
2576 5595 2884 5648 naturalem
2934 5592 3155 5661 habeat,
3189 5593 3279 5664 qui
3336 5608 3614 5665 operatur,

364 5691 597 5751 prorsus
626 5695 853 5738 necesse
881 5691 979 5748 cst,
1016 5681 1285 5752 siquidem
1318 5683 1431 5752 ipse
1459 5683 1695 5753 duplicis
1716 5694 1954 5738 .naturac
1992 5684 2244 5739 exsismt.
