4020 6214
480 268 613 329 1ἱ35

543 378 695 433 Mitto
746 377 969 440 dicere,
1028 390 1126 430 nec
1175 371 1379 429 Christi
1438 370 1792 439 compositam
1856 383 2045 436 persn-
2081 374 2118 424 Α

474 486 597 524 nam
641 468 981 523 individuum
1039 466 1254 538 proprie
1303 478 1445 518 esse.
1498 460 1614 515 Non
1654 460 1794 514 enim
1828 456 2044 510 relatio-

472 571 592 610 nem
652 557 833 621 habet,
888 571 949 610 ea
1012 555 1221 607 ratione
1291 550 1437 621 quod
1500 565 1563 605 ex
1636 547 2045 617 generalissimo

390 710 397 713 _
470 662 667 715 genere
722 662 817 715 per
867 660 1064 716 genera
1114 643 1429 699 subalterna
1497 641 1550 695 in
1591 640 2042 711 specialissimam

1704 254 2081 314 EUTHYMII
2136 252 2490 311 ZIGABENI
2864 255 2899 271 ’⁸

2224 367 2331 419 Καὶ
2360 384 2422 415 πα
2436 365 2511 432 ρῶ
2535 363 2734 429 λέγειν,
2761 362 2834 425 ὼς
2864 362 2983 415 οὐδὲ
3016 363 3214 430 ἄτομον
3246 358 3452 425 κυρίως
3482 356 3541 409 τὸ
3573 357 3739 409 κατὰ

2149 456 2385 527 Χριστὸν
2445 455 2696 508 σύνθετον
2776 453 2996 519 λέγεται
3080 451 3394 519 πρόσωπον.
3470 450 3543 500 Οὐ
3600 449 3736 516 γὰρ

2149 546 2333 615 σχέσιν
2380 547 2495 614 ἔχει
2527 545 2572 576 ’⁸
2624 544 2763 614 πρὸς
2809 542 2907 611 τὴν
2951 544 3016 594 ἐκ
3073 540 3166 592 τοῦ
3219 540 3588 606 γενικωτάτου
3625 540 3737 605 γέ-

2146 653 2268 697 νους
2333 634 2421 686 διὰ
2455 635 2563 685 τῶν
2627 632 2913 696 ὑπάλληλα
2955 628 3296 698 καθιεμένην
3363 629 3537 695 γενῶν
3574 628 3732 696 πρὸς

2146 728 2207 780 τὸ
2259 725 2605 778 εἰδικώτατον
2652 719 2793 785 εἶδος
2817 722 3108 792 διαίρεσιν,
3155 720 3253 773 καὶ
3312 721 3371 771 ἐν
3412 720 3563 787 αὐτῷ
3614 720 3733 787 τὴν

2146 816 2348 869 οἰκείαν
2380 816 2603 888 πρόοδον
2646 814 3117 883 περιγράφουταν.
3189 811 3357 864 Ὅθεν
3394 809 3485 863 διά
3532 809 3732 872 τοῦτο,

2149 910 2290 964 κατὰ
2320 909 2411 961 τὸν
2469 907 2795 975 σοφώτατον
2837 904 3123 975 Κύριλλον,
3167 903 3229 956 τὸ
3256 902 3480 972 Χριστὸς
3524 903 3736 971 δνομα,

2148 1001 2270 1053 οὕτε
2323 1000 2451 1067 ὅρου
2485 999 2717 1065 δύναμιν
2743 997 2879 1066 ἔχει’
2938 996 3060 1048 οὐδὲ
3110 995 3220 1063 γὰρ
3255 989 3395 1057 εἶδός
3438 997 3556 1047 ἐστι
3592 996 3739 1046 πολι

2150 1092 2258 1145 λῶν
2310 1090 2528 1161 ἀριθμῷ
2588 1090 2954 1161 διαφερόντων
3013 1088 3517 1158 κατηγορούμενον,
3595 1087 3737 1139 οὔτε

348 730 723 817 {inspeciem
755 737 1046 801 dividatur,
1119 749 1388 804 suumque
1465 732 1521 787 in
1584 747 1647 787 ea
1729 744 2046 800 processum

354 800 943 905 “aliagﬁﬂﬁé‘i'ﬁﬂme
976 828 1026 882 id
1082 842 1261 887 causa:
1300 800 1415 893 est,
1495 840 1613 888 cur,
1698 822 2045 893 sapientissi-

394 906 897 993 J‘F’mo‘iCyrillo;
937 926 1181 983 auctore,
1253 932 1450 972 nomen
1534 916 1782 971 Christus
1847 915 2045 969 delini-

404 992 793 1103 i’iioni'sfvim
852 992 1076 1064 minime
1165 1009 1384 1063 habeat.
1453 1007 1637 1076 Neque
1719 1007 1865 1063 enim
1924 1022 2048 1076 spe-

412 1084 740 1177 ,Z‘izcié‘si
784 1116 907 1170 tium
964 1101 1029 1155 de
1086 1100 1267 1154 multis
1301 1115 1529 1154 numero
1574 1099 1851 1154 distinctis
1908 1113 2048 1165 prm-

470 1176 717 1256 ilicetui",
732 1202 907 1258 neque
939 1204 1065 1244 vero
1096 1190 1385 1244 essentiam
1409 1190 1729 1259 cujusquam
1752 1188 2046 1256 significat.

474 1277 664 1347 Neque
691 1278 836 1332 enim
868 1278 1203 1332 individuum
1237 1286 1339 1341 est,
1375 1277 1515 1345 quod
1540 1278 1603 1329 ad
1663 1278 1897 1345 speciem
1955 1285 2049 1329 aut

476 1385 645 1439 genus
672 1370 980 1433 reducatur,
1010 1370 1092 1423 vel
1122 1370 1420 1424 secundum
1492 1362 1789 1423 essentiam
1840 1370 1908 1422 ab
1969 1368 2049 1423 eis

477 1454 987 1529 circumscribatur;
1021 1461 1113 1514 sed
1145 1475 1373 1528 persona
1396 1459 1719 1527 composita,
1742 1459 2047 1513 naturalem

473 1524 1242 1637 'git’tretuorumﬁVisimnem,
1298 1553 1363 1606 ad
1432 1567 1698 1605 summam
1758 1550 1813 1604 in
1870 1551 2048 1620 seipsa

480 1614 819 1709 ide-nitateni
835 1614 994 1712 alque
1027 1644 1561 1713 uuitatcm,partium
1588 1657 1811 1697 suarum
1846 1643 2047 1697 unione

474 1730 773 1817 ttjahensL
888 1736 893 1739 ’
1020 1758 1023 1759 ν
1111 1799 1115 1803 _

484 1824 733 1909 Eiusdem
767 1842 821 1895 in
852 1841 947 1894 illa
978 1842 1151 1904 verba,
1185 1860 1201 1892 ι
1239 1838 1417 1903 Pater,
1438 1840 1483 1891 si
1514 1840 1629 1908 fieri
1659 1846 1843 1905 potest,
1877 1848 2048 1892 trans-

968 1921 1050 1964 eat
1091 1927 1121 1963 a
1146 1924 1227 1964 me
1247 1910 1389 1962 calix
1416 1912 1564 1963 iste.»

555 2022 611 2077 Si
652 2023 780 2079 illud
819 2022 1038 2087 :Pater,
1072 2023 1116 2075 si
1158 2022 1274 2090 ﬁeri
1334 2030 1525 2089 potest,
1587 2028 1820 2074 transeat
1892 2035 1924 2071 a
1970 2033 2051 2071 me

479 2114 621 2169 calix
668 2115 707 2177 ⁸,
736 2114 952 2183 pavoris
1016 2100 1119 2166 vim
1172 2112 1393 2177 habens,
1436 2113 1513 2166 sic
1560 2111 1797 2165 hominis
1856 2109 2047 2165 existi-

480 2222 620 2273 mas,
652 2217 710 2260 ut
740 2205 1043 2259 Servatoris
1080 2218 1200 2258 esse
1240 2219 1347 2258 non
1388 2211 1564 2271 putes,
1605 2203 1748 2272 quod
1781 2198 1897 2269 ejus
1953 2214 2051 2253 vo-

481 2300 658 2355 luntas
692 2297 800 2353 Deo
842 2313 948 2367 non
1020 2298 1357 2362 adversetur,
1408 2295 1662 2364 quoniam
1703 2308 1768 2348 ex
1829 2293 1939 2347 Deo
1978 2293 2053 2348 sit

483 2401 617 2457 tota,
641 2393 733 2443 sed
763 2389 993 2444 hominis
1024 2388 1178 2452 meri,
1208 2387 1397 2458 quales
1427 2402 1525 2441 nos
1552 2402 1758 2451 sumus,
1786 2386 1876 2455 qui
1945 2385 2054 2443 Deo

483 2482 537 2537 in
565 2480 750 2537 multis
776 2480 1003 2547 resistit,
1036 2480 1373 2543 adversatur,
1405 2486 1465 2532 ut
1514 2477 1674 2532 divus
1735 2477 1809 2531 ait
1859 2477 2057 2548 Gregoc

485 2573 619 2637 rius,
680 2572 888 2639 reliqua
917 2570 1002 2624 illa
1031 2568 1361 2638 precationis
1412 2581 1537 2636 pars
1566 2582 1582 2621 :
1607 2564 1728 2619 Non
1766 2565 1903 2635 quod
1962 2582 2054 2635 ego

485 2661 619 2727 volo,
654 2659 745 2714 sed
794 2669 887 2712 tua
937 2658 1176 2713 voluntas
1213 2658 1384 2710 valeat
1408 2656 1457 2719 ',
1493 2654 1796 2709 formidinis
1841 2668 1910 2708 an
1945 2656 2055 2708 vir-

488 2753 639 2816 tutis,
672 2764 896 2806 summae
954 2746 1354 2818 coniunctionis
1423 2762 1491 2802 an
1551 2744 1910 2802 dissensionis
1948 2746 2053 2800 vim

486 2847 689 2901 habere
728 2845 941 2899 videtur
990 2842 1139 2897 tibi?
1211 2839 1381 2896 Nemo
1442 2841 1703 2911 profecto,
1748 2840 1840 2910 qui
1892 2853 2057 2894 sanus

486 2938 579 3000 sit,
634 2950 697 2991 ea
746 2936 910 2990 verba
936 2933 1115 2987 timori
1168 2942 1223 2986 et
1282 2930 1648 3001 repugnantia:
1690 2929 1914 2992 tribuet.
1961 2927 2055 2985 sed

487 3026 857 3096 coniunctioni
892 3023 1071 3094 potius
1100 3022 1352 3091 perlecta:
1382 3029 1436 3076 et
1471 3018 1846 3076 consensioni.

560 3204 711 3271 Quod
736 3203 781 3258 si
810 3200 1207 3272 conjunctionis
1246 3208 1325 3254 est
1356 3198 1608 3268 perfecta:
1638 3207 1800 3267 atque
1826 3213 2059 3255 consen-

492 3296 684 3360 sionis,
720 3309 787 3348 ex
816 3309 1051 3363 quonam
1093 3290 1353 3359 suscipit?
1389 3305 1453 3343 ex
1480 3290 1718 3349 homine.
1743 3292 1932 3359 quales
1964 3307 2061 3347 nos

490 3401 696 3452 sumus,
740 3394 832 3439 aut
886 3398 951 3438 ex
982 3382 1228 3447 homine,
1263 3381 1354 3450 qui
1387 3382 1680 3434 secundum
1719 3380 2061 3436 Servatorem

492 3475 856 3547 intelligitur?
902 3475 971 3528 At
1004 3473 1047 3527 si
1087 3487 1151 3527 ex
1178 3472 1396 3527 homine
1420 3472 1676 3541 simplici,
1739 3473 1927 3542 quales
1966 3489 2065 3527 nos

490 3584 694 3634 sumus,
718 3566 884 3621 falsus
910 3574 992 3620 est
1014 3577 1191 3619 sermo
1259 3564 1631 3634 praeceptoris,
1692 3579 1851 3633 quem
1921 3565 2062 3618 dixi-

491 3674 630 3722 mus,
662 3672 784 3712 cum
820 3656 1056 3711 divinam
1080 3654 1301 3709 omnino
1344 3654 1675 3708 voluntatem
1710 3668 1815 3707 non
1866 3669 2063 3724 sequa-

494 3761 599 3815 tur,
634 3751 728 3805 sed
761 3749 809 3802 ei
838 3747 1151 3817 plerumque
1177 3754 1460 3814 repugnet.
1509 3744 1643 3797 Nam
1703 3746 1749 3798 si
1792 3748 2060 3814 sequitur,

493 3858 600 3898 non
627 3848 909 3911 repugnat,
937 3840 1018 3893 sin
1054 3847 1339 3907 repugnat,
1371 3852 1478 3891 non
1510 3837 1777 3906 sequitur.
1813 3839 2060 3891 Alterum

493 3932 637 3985 enim
666 3930 734 3983 ab
771 3930 945 3982 altero
990 3936 1046 3980 ut
1102 3942 1131 3979 a
1171 3925 1452 3980 contrario
1489 3926 1695 3980 tollitur
1714 3927 2060 3982 etaufertur.

493 4022 645 4087 Quod
676 4021 720 4075 si
763 4020 990 4083 homini,
1027 4034 1133 4072 non
1167 4018 1356 4087 quales
1408 4032 1507 4072 nos
1560 4032 1770 4083 sumus,
1827 4034 1974 4074 mero
2010 4031 2064 4075 et

492 4114 748 4182 simplici,
796 4114 888 4166 sed
920 4122 976 4166 ut
1006 4112 1276 4167 Servatori
1311 4109 1502 4164 tribuis
1530 4112 1690 4165 verba
1724 4110 1812 4165 illa
1872 4128 1886 4165 :
1941 4111 2062 4166 Non

493 4205 629 4272 quod
662 4220 753 4272 ego
794 4203 929 4269 volo,
968 4205 1056 4255 sed
1112 4210 1201 4256 tua
1258 4202 1504 4256 voluntas
1561 4202 1757 4271 valeat,
1793 4219 2060 4258 summam

496 4300 747 4357 intuitum:
775 4298 1065 4356 voluntatis
1097 4314 1217 4356 eum
1239 4299 1421 4356 divina
1464 4299 1633 4368 ipsius
1667 4300 1941 4355 voluntate
1968 4316 2064 4370 pa-

499 4411 651 4449 terna
700 4396 1112 4449 consensionem
1150 4394 1450 4458 conﬁteris,
1481 4401 1533 4446 et
1565 4394 1699 4447 duas
1740 4392 2065 4464 voluntates,

495 4493 737 4558 duasque
783 4487 1024 4540 actiones
1097 4485 1373 4542 naturales
1402 4484 1670 4555 duplicem
1707 4492 2071 4545 nabcntisna-

499 4596 674 4638 turam
708 4579 1017 4646 constituis,
1060 4594 1182 4634 cum
1211 4589 1390 4634 tamen
1418 4594 1607 4633 earum
1659 4594 1855 4635 neutra
1912 4584 2069 4638 alteri

497 4680 834 4736 adversetur,
891 4674 1019 4727 licet
1068 4672 1371 4726 naturalem
1430 4673 1484 4726 in
1522 4675 1772 4729 omnibus
1823 4676 2075 4731 dittercn-

497 4770 627 4824 tiam
656 4752 910 4822 habuerit
938 4780 1151 4831 eorum,
1183 4781 1247 4821 ex
1296 4765 1519 4834 quibus,
1544 4775 1599 4820 et
1643 4767 1696 4819 in
1769 4768 1965 4837 quibus
2013 4779 2068 4824 et

496 4877 616 4933 qua:
644 4869 762 4915 erat
785 4860 900 4931 ipse
926 4860 1223 4915 secundum
1255 4868 1526 4912 naturam.
1556 4856 1627 4911 At
1670 4858 1716 4913 si
1766 4859 2066 4916 rationibus

499 4956 583 5009 liis
610 4954 788 5007 victus
819 4968 882 5006 eo
922 4951 1251 5021 profugeris,
1280 4959 1337 5003 ut
1368 4951 1538 5013 dicas,
1590 4963 1775 5017 neque
1830 4950 2068 5008 hominis

499 5047 641 5116 puri,
674 5045 859 5115 quales
883 5060 981 5097 nos
1011 5058 1221 5105 sumus,
1255 5057 1431 5110 neque
1477 5042 1716 5096 hominis
1751 5051 1808 5097 ut
1870 5042 2072 5103 Serva-

501 5139 633 5193 toris
684 5153 801 5193 esse
830 5151 892 5191 ea
941 5136 1105 5189 verba
1143 5150 1155 5185 :
1190 5132 1309 5186 Non
1338 5133 1475 5201 quod
1506 5148 1596 5201 ego
1629 5134 1763 5199 volo,
1826 5136 1921 5189 sed
1976 5153 2072 5207 per

499 5233 844 5302 negationem
886 5231 950 5284 ad
992 5225 1262 5296 Uuigeniti
1298 5226 1565 5293 principio
1603 5236 1878 5282 carentem
1934 5229 2072 5282 divi-

498 5329 721 5381 nitatem
761 5324 974 5392 referri,
998 5324 1138 5393 quod
1193 5331 1387 5385 pra‘ter
1433 5316 1645 5371 Patrem
1695 5320 1807 5387 ipse
1860 5320 2072 5389 proprie

499 5419 701 5487 aliquid
726 5419 861 5472 velle
884 5432 986 5469 non
1021 5414 1190 5485 possit
1218 5432 1230 5468 :
1268 5426 1399 5481 ergo
1423 5410 1633 5477 etquod
1676 5412 1864 5476 noluit,
1895 5413 1942 5463 id
1968 5422 2072 5474 est,

502 5512 684 5564 calicis
742 5510 1073 5577 deprecatio,
1134 5508 1199 5560 ad
1260 5507 1429 5571 ipsam
1483 5502 1749 5571 principio
1803 5515 2075 5556 carentem

502 5602 837 5655 divinitatem
867 5599 1173 5653 netessatio
1199 5595 1476 5650 referetur.
1540 5593 1673 5647 Nam
1732 5596 1775 5647 si
1832 5594 2076 5663 negatio-

574 5719 590 5748 ⁸
624 5716 813 5772 Matth.
846 5733 966 5771 λιγι
998 5758 1011 5782 ,
1039 5720 1127 5773 '59.
1204 5718 1221 5747 ²
1247 5717 1378 5771 lbid.

2156 1184 2260 1253 μὴν
2290 1183 2388 1253 τήν
2428 1182 2571 1244 τινος
2605 1179 2795 1232 οὐσίαν
2830 1179 3001 1249 δηλοῖ.
3030 1177 3167 1233 Οὐδὲ
3199 1178 3308 1246 γὰρ
3343 1178 3543 1247 ἄτομον
3573 1179 3735 1241 ἐστι,

2150 1276 2283 1345 πρὸς
2311 1269 2447 1336 εἶδος
2485 1272 2519 1342 ἢ
2556 1273 2709 1338 γένος
2729 1273 3080 1340 ἀναγόμενον,
3142 1269 3175 1338 ἧ
3223 1268 3345 1321 κατ’
3372 1270 3563 1321 οὐσίαν
3620 1271 3735 1322 ὒπδ

2148 1366 2352 1420 τούτων
2413 1364 2910 1433 περιγραφόμενον
2964 1362 3080 1416 ἀλλ’
3105 1362 3406 1424 ὑπόστασις
3432 1362 3733 1423 σύνθετος,

2148 1460 2246 1528 τὴν
2299 1458 2536 1529 φυσικὴν
2591 1457 2698 1509 τῶν
2755 1458 2938 1524 ἄκρων
2988 1455 3253 1524 διαίρεσιν
3287 1456 3344 1505 ἐν
3389 1454 3561 1524 ἑαυτῇ
3599 1456 3733 1509 κατ’

2150 1548 2315 1619 ἄκρον
2342 1546 2689 1611 ταυτίζουσα,
2720 1534 2812 1598 καὶ
2844 1544 2923 1607 είς
2958 1542 3014 1595 ἓν
3034 1542 3239 1612 ἄγουσα
3262 1544 3329 1613 τῇ
3360 1544 3469 1597 τῶν
3492 1544 3734 1597 οἰκείων

2152 1643 2337 1693 ἐνώσει
2381 1640 2582 1710 μερῶν.

2159 1842 2269 1896 Τοῦ
2301 1842 2487 1894 αὑτοῦ
2521 1840 2588 1893 ἐκ
2636 1839 2746 1892 τοῦ
2792 1840 2880 1905 εις
2911 1840 2998 1905 τὸ,
3039 1858 3057 1890 ι
3094 1839 3306 1908 Πάτερ,
3344 1842 3397 1893 εί
3431 1839 3735 1904 δυνατὸν,

2259 1910 2602 1979 παρελθέτω
2626 1910 2729 1964 ἀπ’
2769 1910 2917 1978 ἐμοῦ
2948 1914 3014 1963 τὸ
3042 1910 3334 1979 ποτήριον
3363 1910 3561 1964 τοῦτο.
3593 1929 3617 1963 ι

2225 2027 2287 2079 Et
2318 2024 2397 2090 τὸ,
2425 2025 2638 2094 Πάτερ,
2669 2028 2719 2079 εί
2747 2024 3033 2091 δυνατὸν,
3067 2024 3413 2093 παρελθέτω
3443 2025 3545 2080 ἀπ’
3576 2026 3736 2095 ἐμοῦ

2152 2119 2217 2171 τὸ
2243 2117 2554 2186 ποτήριον,
2587 2117 2853 2186 συστολῆς
2886 2117 3126 2187 ἔμφασιν
3154 2116 3277 2186 ἔχον
3308 2116 3401 2169 τοῦ
3428 2118 3735 2187 ἀνθρώπου

2152 2209 2473 2279 λαμόάνεις,
2501 2210 2562 2262 οὐ
2594 2210 2688 2261 τοῦ
2722 2209 2863 2263 κατά
2895 2210 2985 2262 τὸν
3033 2209 3266 2279 Σωτῆρα
3302 2211 3605 2279 νοουμένου
3629 2228 3644 2241 ο
3675 2213 3735 2264 τὸ

2155 2303 2262 2372 γὰρ
2299 2302 2507 2353 ἐκείνου
2560 2286 2740 2354 θέλειν
2793 2302 2913 2354 οὐδὲ
2970 2302 3292 2355 ὑπεναντίον
3344 2301 3483 2372 Θεῷ,
3520 2302 3736 2355 θεωθέν

2156 2392 2300 2457 ὅλον,
2330 2391 2465 2444 ἀλλά
2498 2390 2593 2443 τοῦ
2629 2390 2752 2444 καθ’
2781 2391 2931 2459 ἡμᾶς
2960 2388 3037 2453 ὡς
3092 2391 3152 2442 οὐ
3199 2389 3420 2452 πάντως
3448 2391 3733 2459 ἑπομένου

2154 2480 2233 2550 τῷ
2268 2480 2430 2550 Θείῳ,
2483 2479 2598 2532 ἀλλ’
2623 2478 3040 2543 ἀντιπίπτοντος
3071 2479 3149 2544 ὡς
3176 2479 3246 2532 τὰ
3276 2478 3467 2545 πολλὰ,
3503 2478 3611 2534 καὶ
3641 2482 3736 2533 ἀν-

2156 2572 2558 2636 τιπαλαίοντος,
2664 2586 2832 2640 φησιν
2863 2572 2891 2624 ὁ
2933 2570 3077 2636 θεῖος
3128 2571 3455 2642 Γρηγδριος,
3497 2571 3561 2625 τδ
3603 2572 3733 2639 ἑξῆς

2156 2664 2253 2731 τῆς
2278 2662 2468 2732 εὐχῆς,
2501 2661 2671 2731 ῆγουν
2696 2660 2759 2715 τὸ
2787 2664 2909 2732 Οὐχ
2933 2662 2964 2715 ὃ
2982 2661 3096 2733 ἐγὼ
3115 2662 3287 2725 θέλω,
3316 2663 3475 2717 ἀλλὰ
3504 2664 3580 2717 τὸ
3615 2666 3734 2717 σὸν

2158 2753 2420 2823 ίσχυέτω
2456 2754 2705 2821 θέλημα,
2732 2752 2788 2806 τί
2825 2770 2906 2807 σοι
2935 2754 3103 2819 δοκεῖ,
3128 2752 3393 2823 συστολῆς
3432 2753 3731 2824 ὑπάρχειν,

2166 2846 2193 2915 il
2225 2845 2448 2915 ἀνδρίας
2475 2861 2490 2910 ;
2525 2843 2860 2907 συννεύσεως
2882 2844 3080 2915 ἄκρας,
3115 2843 3148 2913 ἢ
3184 2845 3528 2907 διαστάσεως
3550 2862 3565 2909 ;
3591 2843 3732 2896 ’Δλλ’

2159 2937 2241 2990 ὅτι
2273 2935 2373 3005 μὲν
2422 2936 2524 2990 οὐκ
2566 2935 2981 2999 ἀντιπτώσεως,
3012 2934 3139 2988 οὔτε
3179 2934 3412 2999 δειλίας,
3448 2935 3734 3004 συμφυῖας

2085 3033 2128 3091 C
2162 3028 2216 3081 δέ
2255 3028 2459 3099 μᾶλλον
2489 3028 2738 3090 ἐντελοῦς
2769 3027 2867 3083 καὶ
2908 3026 3280 3095 συννεύσεως,
3312 3026 3491 3090 οὐδεὶς
3516 3027 3735 3100 ἀντερεῖ

2164 3120 2269 3172 τῶν
2298 3119 2421 3173 νοῦν
2452 3120 2701 3189 ἐχόντων.
2816 3176 2819 3177 ,

2237 3214 2347 3266 Kal.
2394 3216 2445 3266 εί
2488 3212 2771 3283 συμφυΐας
2810 3210 3059 3273 ἐντελοῦς
3109 3211 3203 3265 καὶ
3262 3213 3631 3278 συννεύσεως,
3671 3214 3730 3264 ἐκ

2163 3308 2306 3368 τίνος
2332 3306 2538 3374 ταύτην
2570 3304 2866 3374 προσδὲχῃ,
2906 3302 3003 3356 τοῦ
3029 3301 3153 3357 καθ’
3197 3305 3368 3372 ἡμᾶς,
3399 3306 3433 3375 ἢ
3461 3306 3563 3358 τοῦ
3596 3308 3729 3358 κατὲ

2162 3398 2255 3449 τὸν
2285 3396 2512 3467 Σωτῆρα
2543 3396 2833 3458 νοουμένου
2870 3393 3198 3462 ἀνθρώπους
3246 3394 3384 3447 Ἀλλ’
3424 3395 3472 3445 εί
3508 3396 3615 3464 μὲν
3644 3395 3729 3448 τοῦ

2165 3488 2286 3540 καθ’
2316 3490 2485 3557 ἡμᾶς,
2515 3487 2836 3559 ἡμάρτηται
2862 3485 2995 3555 περὶ
3024 3485 3191 3559 αὐτοῦ
3216 3486 3559 3556 διαγορεύων
3590 3491 3617 3541 ὁ
3644 3487 3728 3540 τοῦ

2168 3578 2425 3649 ῥηθέντος
2448 3577 2777 3631 διδασκάλου
2806 3576 2988 3643 λόγος,
3014 3576 3088 3640 ὡς
3114 3578 3175 3630 οὐ
3206 3576 3424 3639 πάντως
3460 3580 3729 3645 ἑπομένου

2165 3671 2241 3739 τῷ
2270 3669 2401 3738 θείῳ
2424 3669 2711 3739 θελήματι,
2738 3668 2853 3721 ἀλλ’
2889 3668 3307 3732 ἀντιπίπτοντος
3341 3669 3416 3732 ὡς
3443 3671 3512 3724 τὰ
3542 3672 3728 3735 πολλὰ,

2165 3763 2261 3815 καὶ
2289 3762 2759 3827 ἀντι-παλαίοντος.
2797 3763 2858 3815 Εἰ
2882 3762 2990 3832 γὰρ
3013 3762 3226 3829 ἕπεται,
3260 3764 3362 3817 οὐκ
3394 3765 3728 3830 ἀντιπίπτει,

2166 3852 2260 3904 καὶ
2283 3851 2331 3903 εί
2366 3852 2704 3917 ἀντιπίπτει,
2742 3853 2841 3922 οὐχ
2872 3853 3087 3905 ἕπεται.
3121 3852 3347 3925 Θατέρῳ
3371 3857 3477 3923 γὰρ
3505 3856 3732 3933 θάτερον

2165 3946 2238 4009 ὡς
2269 3947 2644 4016 ἀντικείμενον
2683 3948 2994 4017 ἀναιρεῖται
3032 3948 3127 4000 καὶ
3172 3948 3535 4018 ὑπεξέστη-ται
3557 3975 3573 3990 ·
3606 3962 3653 4011 εἰ
3681 3960 3733 4011 δὲ

2168 4038 2247 4108 μὴ
2273 4038 2369 4090 τοῦ
2406 4038 2531 4091 καθ’
2559 4039 2728 4108 ἡμᾶς.
2760 4038 2896 4091 ἀλλὰ
2922 4039 3015 4097 τοῦ
3042 4040 3184 4097 κατὰ
3210 4041 3301 4099 τδν
3329 4048 3562 4118 Σωτῆρα
3589 4068 3733 4104 νοου-

2169 4128 2331 4196 μένου
2376 4127 2667 4198 ἀνθρὼπου
2727 4127 3023 4203 λαμϐάνεις
3050 4136 3131 4199 τὺ,
3168 4138 3290 4206 Οὐχ
3328 4137 3359 4189 ὃ
3393 4138 3510 4207 ἐγὼ
3564 4140 3732 4207 θέλω,

2166 4218 2326 4272 ἀλλὰ
2353 4218 2419 4272 τὸ
2453 4220 2567 4272 σὸν
2602 4221 2857 4293 ὶσχυέτω
2888 4225 3135 4295 θέλημα,
3163 4228 3257 4299 τὴν
3295 4228 3474 4298 ἄκραν
3514 4229 3612 4282 τοῦ
3653 4233 3735 4283 ἀν-

2168 4310 2447 4380 θρωπικοῦ
2475 4316 2610 4386 πρὸς
2633 4316 2693 4369 τὸ
2730 4318 2873 4369 θεῖον
2906 4317 3071 4369 αὑτοῦ
3105 4317 3318 4388 θέλημα
3349 4323 3441 4371 καὶ
3470 4322 3733 4389 πατρικὸν

2167 4403 2523 4478 ὡμολόγησας
2552 4408 2852 4474 σύννευσιν,
2890 4410 2982 4462 καὶ
3029 4409 3121 4462 δύο
3152 4407 3247 4463 τοῦ
3293 4410 3482 4463 διπλοῦ
3511 4411 3612 4484 τὴν
3644 4413 3735 4481 φύ-

2171 4520 2255 4554 σιν
2289 4502 2385 4563 τοὶς
2415 4518 2470 4552 τε
2505 4502 2752 4571 θελήσεις
2798 4502 2888 4554 καὶ
2915 4502 3198 4571 ἐνεργείας
3220 4502 3361 4555 κατά
3386 4502 3550 4572 φύσιν
3576 4504 3734 4567 οὔτις

2172 4590 2529 4660 παρέστησας
2564 4592 2621 4643 ἐν
2675 4591 2938 4661 οὐδετέρᾳ
2988 4592 3086 4660 τῆν
3143 4590 3363 4645 οίανοῦν
3420 4596 3733 4647 ἐναντίωσιν

2170 4680 2411 4750 ἔχοντος,
2455 4680 2503 4731 εί
2529 4681 2620 4732 καὶ
2660 4680 2758 4749 τὴν
2786 4681 3027 4749 φυσικὴν
3053 4681 3111 4731 ἐν
3133 4681 3301 4733 πᾶσιν
3335 4677 3451 4749 εἶχε
3475 4681 3734 4750 διαφορὰν

2171 4774 2280 4825 τῶν
2312 4772 2373 4835 ἐξ
2400 4766 2498 4834 ὧν,
2557 4772 2615 4823 ἐν
2645 4765 2730 4835 αἶς
2766 4789 2825 4823 τε
2878 4774 2975 4825 καὶ
3026 4772 3171 4839 ἆπερ
3206 4767 3275 4842 ἦν
3327 4775 3355 4823 ό
3394 4773 3556 4835 αὐτὸς
3603 4775 3737 4825 κατά

2177 4864 2359 4932 φύσιν.
2387 4863 2449 4916 Εἰ
2477 4864 2533 4916 δὲ
2562 4863 2771 4927 τούτοις
2797 4861 3182 4935 ἐξειργόμενος
3208 4865 3320 4926 τοῖς
3343 4864 3623 4935 λογισμοῖς
3653 4868 3738 4917 ἐπὶ

2168 4954 2229 5006 τὸ
2260 4954 2442 5023 λέγειν
2489 4956 2753 5024 προάγεις
2790 4954 2930 5024 μήτε
2969 4953 3063 5006 τοῦ
3126 4953 3250 5007 καθ’
3280 4957 3449 5025 ἡμᾶς,
3480 4957 3619 5025 μήτε
3651 4954 3735 5006 τοῦ

2171 5046 2309 5099 κατὰ
2330 5046 2421 5099 τὸν
2448 5046 2677 5114 Σωτῆρα
2704 5045 2999 5113 νοουμένου
3028 5044 3319 5117 ἀνθρώπου
3344 5046 3637 5113 τυγχάνειν
3660 5045 3733 5105 τὸ,

2174 5142 2294 5207 Οὐχ
2325 5139 2354 5191 ὃ
2394 5137 2507 5206 ἐγὼ
2538 5139 2707 5201 θέλω,
2729 5137 3169 5209 ἀλλ’ἀρνητικῶς
3214 5138 3306 5190 ἐπὶ
3326 5140 3424 5207 τῆς
3452 5134 3543 5190 τοῦ
3573 5138 3738 5191 Μονο-

2173 5232 2366 5299 γενοῦς
2395 5231 2640 5300 ἁνάρχου
2666 5230 2919 5299 θεότητος
2954 5230 3224 5300 φέρεσθαι
3255 5230 3345 5284 τοῦ
3368 5248 3421 5282 τι
3448 5230 3621 5282 θέλειν
3648 5229 3737 5281 αὐ·

2172 5323 2261 5374 τὸν
2294 5323 2438 5385 ίὸίως
2464 5324 2615 5393 παρὰ
2641 5323 2733 5374 τὸν
2772 5322 2990 5391 Πατέρα
3017 5323 3255 5391 διεῖργον
3282 5338 3295 5351 ·
3338 5320 3539 5373 οὐκοῦν
3560 5322 3654 5373 καὶ
3684 5318 3737 5368 τὸ

2178 5414 2406 5484 θεληθὲν
2430 5416 2565 5485 ὅπερ
2597 5414 2747 5466 ἐστὶν
2781 5413 2932 5484 ἢτοῦ
2964 5415 3231 5483 ποτηρίου
3286 5413 3618 5484 παραίτησις
3652 5407 3737 5460 ἐπὶ

2176 5507 2348 5575 αὐτῆς
2378 5508 2591 5574 ἀνάγκη
2619 5508 2803 5575 φέρειν
2829 5506 2925 5573 τῆς
2955 5508 3192 5575 ἁνάρχου
3228 5506 3502 5573 θεότητος.
3548 5503 3604 5553 El
3639 5500 3735 5566 γὰρ

2181 5600 2275 5651 καὶ
2309 5598 2399 5651 τοῦ
2452 5616 2503 5652 τι
2554 5598 2727 5652 θέλειν
2794 5599 2941 5661 ἰδίως
2999 5598 3283 5666 ἀναίρεσιν
3339 5598 3442 5665 φὴς
3477 5595 3618 5662 ἔχειν
3649 5588 3734 5659 τὴν
