4032 6210
372 325 505 390 1137

1329 336 1706 398 PANOPLIA
1750 336 2207 402 DOGMATICA.
2250 365 2320 374 —
2354 343 2501 404 Tl'l‘.
2538 345 2697 406 XXI.

3491 356 3625 419 1138

369 437 619 533 ἄρνησιν,
645 440 765 496 ἀλλ’
786 444 849 498 οὐ
880 446 974 500 καὶ
999 446 1095 502 τοῦ
1130 448 1447 521 θεληθὲντος
1480 452 1798 523 ἀποσκευήν
1822 469 1836 485 ο
1878 453 1940 507 οὐ

2055 466 2168 506 nem
2199 468 2318 508 eam
2342 455 2540 512 habere
2571 458 2678 512 vim
2696 456 2852 522 dicis,
2888 466 2945 512 ut
2968 458 3139 527 tollat,
3173 475 3238 514 ne
3270 462 3468 533 aliquid
3500 480 3627 533 pro-

369 531 482 602 γὰρ
528 536 616 586 ἐπ’
646 538 851 606 άμφοῑν
878 539 1126 593 τίθεσθαι
1174 543 1273 612 τὴν
1305 543 1541 615 ἄρνησιν
1570 545 1817 611 δυνατὸν,
1850 546 1947 600 καὶ¹

369 625 462 678 τοῦ
489 645 541 680 τι
570 628 745 683 θέλειν
781 633 923 697 ἰδίως
960 633 1053 688 τὸν
1076 636 1361 710 Μονογενῆ
1394 640 1547 712 παρά
1575 640 1669 695 τὸν
1701 640 1942 712 Πατέρα,

372 721 469 773 καὶ
500 722 595 776 τοῦ
633 723 978 793 θεληθέντος.

442 899 504 951 Εἰ
538 901 594 954 δὲ
622 902 697 972 μὴ
723 904 952 961 δυνατὸν
978 907 1067 961 ἐπ’
1094 908 1296 981 ἀμφοίν
1329 912 1538 969 τιθέναι
1562 913 1661 982 τὴν
1688 914 1944 984 ἄρνησιν,

371 990 554 1060 δῆλον,
589 993 666 1056 ὡς
695 996 743 1048 εἰ
779 998 986 1068 ταύτην
1012 1002 1104 1053 ἐπὶ
1133 1002 1194 1056 τό
1245 1021 1297 1057 τι
1352 1004 1530 1058 θέλειν
1586 1005 1731 1066 ἰδίως
1766 1006 1945 1075 ἄγεις,

372 1081 461 1137 ἴνα
489 1084 588 1153 τὴν
618 1087 712 1140 τοῦ
746 1089 928 1144 κοινοῦ
989 1096 1224 1168 ποιήσῃς
1259 1096 1406 1150 θέσιν
1450 1096 1779 1167 θελήματος,
1842 1097 1948 1151 οὐκ

374 1176 694 1249 ἀναιρήσεις
739 1182 801 1237 τὸ
864 1184 1110 1251 θεληοὲν,
1162 1188 1331 1257 ήγουν
1383 1189 1483 1256 τὴν
1532 1187 1626 1242 τοῦ
1677 1188 1945 1259 ποτηρίου

373 1271 727 1344 παραίτησιν,
758 1275 892 1329 ἀλλὰ
920 1279 1052 1331 κατ’.
1083 1280 1257 1351 αὐτῆς
1302 1280 1667 1351 ἐποίσειςτῆς
1704 1282 1947 1351 ἀνάρχου

370 1363 659 1433 Θεὸτητος,
691 1365 775 1431 ἐφ’
813 1367 881 1439 ἢν
914 1369 1231 1440 ἀρνητικῶς
1280 1372 1374 1425 καὶ
1405 1373 1465 1424 τὸ
1501 1373 1679 1426 θέλειν
1728 1374 1943 1442 ἀνήγα-

371 1471 488 1520 γες.
513 1455 575 1507 Ei
598 1455 652 1507 δὲ
680 1456 835 1510 τοῦτο
863 1460 971 1513 κᾶν
994 1461 1194 1516 ἐννοεῖν
1217 1463 1514 1529 ἀπευκτὸν,
1540 1465 1650 1532 ἄρα
1670 1481 1731 1534 γε
1759 1464 1949 1532 σαφῶς

371 1544 606 1600 ινταῦθα
623 1547 654 1612 ἠ
674 1546 923 1622 ἄρνησις,
944 1551 1205 1620 ἧγουν,τὺ
1222 1571 1240 1604 ι
1253 1555 1364 1624 Οὐχ
1381 1553 1409 1607 6
1422 1554 1533 1622 ἐγὼ
1551 1554 1712 1618 θέλω,
1737 1572 1755 1606 ι
1771 1554 1945 1626 πάντη

371 1636 471 1709 τὴν
502 1639 817 1693 ἐναντίωσιν
847 1642 1364 1715 ἁποσκευαζομένη,
1395 1646 1494 1716 τὴν
1543 1646 1640 1700 τοῦ
1667 1646 1949 1717 ἀνθρωπι-

374 1728 476 1783 κοῦ
507 1730 599 1784 τοῦ
627 1732 879 1804 Σωτῆρος
909 1735 1047 1803 πρὸς
1093 1737 1154 1789 τὸ
1192 1736 1338 1791 θεῖον
1378 1738 1547 1792 αὐτοῦ
1604 1737 1815 1808 θέλημα
1853 1738 1947 1791 καὶ

373 1821 641 1890 πατρικὸν
679 1825 962 1893 συμφυΐαν
1013 1828 1368 1900 παρίστησιν,
1401 1828 1477 1891 ὡς
1508 1831 1640 1901 ὃλην
1687 1830 1810 1883 ὅλοι)
1846 1828 1947 1899 τὴν

376 1917 542 1985 φύσιν
574 1915 935 1982 οὐσιωθέντος
964 1918 1058 1973 τοῦ
1078 1920 1274 1989 Λόγου,
1309 1923 1403 1975 καλ⁸
1431 1922 1565 1992 ὃλην
1595 1924 1660 1992 τῇ
1689 1920 1947 1974 οὐσιώσει

375 2005 699 2070 θεώσιντος.
735 2009 901 2063 Ὅθεν
928 2012 1002 2073 ὼς
1033 2011 1101 2066 δι’
1135 2015 1285 2084 ἡμᾶς
1336 2014 1461 2067 καθ’
1502 2015 1652 2086 ἡμᾶς
1702 2012 1948 2082 γεγονὼς

372 2097 560 2166 ἔλεγεν
590 2099 1078 2171 άνθριυποπρεπῶς
1109 2104 1246 2174 πρὸς
1274 2103 1368 2157 τὸν
1411 2104 1543 2158 Θεὸν
1578 2104 1675 2157 καὶ
1702 2105 1944 2172 Πατέρα,

374 2190 470 2254 Μὴ
498 2193 564 2244 τὸ
588 2190 759 2261 ἐμὸν,
778 2193 939 2249 ἀλλὰ
965 2194 1032 2249 τὸ
1076 2196 1195 2249 σὸν
1223 2196 1536 2265 ἰσχυσάτω
1564 2196 1818 2268 θέλημα,
1851 2198 1949 2253 ἆτε

375 2280 598 2352 θέλησιν
633 2284 729 2337 καὶ
757 2286 833 2349 ὡς
854 2285 1141 2357 ἄνθρωπος
1174 2286 1335 2358 ἔχων.

380 2394 495 2463 Τοῦ
518 2396 708 2472 αὐτ-οῦ
736 2397 804 2451 ἐκ
834 2398 946 2466 τῆς
975 2399 1126 2466 πρὸς
1154 2401 1393 2472 uappa:
1431 2400 1538 2472 τὸν
1558 2471 1561 2472 ν
1579 2400 1953 2472 πατριάρχην

617 2469 1314 2538 Κωνσταντινουπόλεως
1368 2470 1711 2538 διαλέξεως.

450 2555 584 2618 Θεδς
641 2559 803 2626 φύσει
861 2561 957 2614 καὶ
987 2560 1272 2635 ἄνθρωπος
1324 2562 1587 2632 ὑπάρχων
1619 2565 1646 2616 6
1692 2561 1946 2631 Χριστὸς,

378 2650 455 2711 ὼς
483 2648 614 2713 Θεὸς
640 2653 735 2704 καὶ
764 2649 1047 2720 ἄνθρωπος
1077 2655 1105 2708 6
1162 2655 1325 2719 αὐτὸς
1369 2655 1581 2726 ἠθελεν,
1644 2654 1675 2724 ἢ
1711 2654 1785 2718 ὡς
1817 2656 1951 2726 Χρι-

382 2741 505 2804 στος
541 2742 738 2811 μόνον;
797 2743 1015 2798 Ἀλλἐἰ
1054 2745 1154 2816 μὲν
1212 2747 1644 2818 προηγουμένως
1695 2746 1771 2810 ὠς
1817 2747 1950 2811 Θεὸς

379 2835 475 2889 καὶ
508 2834 794 2905 ἄνθρωπος
822 2835 1014 2906 ἡθελεν
1066 2839 1096 2892 6
1129 2838 1384 2910 Χριστὸς,
1430 2839 1673 2909 δηλονότι
1728 2840 1951 2907 δυῖκῶς,

383 2928 482 2982 καὶ
532 2929 593 2982 οὐ
663 2927 990 2998 μοναδικῶς,
1030 2922 1113 2993 εἷς
1143 2928 1219 2985 ῶν
1268 2931 1298 2984 6
1360 2931 1561 2998 αὐτὸς,
1621 2931 1836 3003 ἧθελεν.
1890 2932 1953 2988 Εἰ

381 3022 496 3091 γὰρ
543 3019 696 3073 οὐδὲν
755 3019 945 3091 ἕτερόν
1003 3022 1152 3076 ἑστιν
1187 3024 1214 3075 6
1245 3022 1479 3093 Χριστὸς
1529 3024 1680 3094 παρὰ
1714 3024 1813 3089 τὰς
1860 3027 1956 3080 αὑ-

371 3112 466 3170 τοῦ
486 3114 696 3185 φύσεις,
719 3112 781 3179 ἐξ
800 3106 896 3181 ὧν,
921 3115 1014 3166 καὶ
1043 3106 1221 3176 εναίς
1249 3112 1509 3184 ὑπάρχεισ
1550 3113 1848 3186 προδήλως,
1879 3115 1956 3180 ὡς
1984 3147 2026 3204 c

372 3206 727 3278 καταλλὴλως
769 3205 891 3268 ταῖς
935 3203 1131 3258 ἑαυτοῦ
1173 3204 1421 3274 φύσεσιν·
1445 3206 1632 3277 ἡγουν,
1653 3206 1726 3269 ὡς
1747 3207 1953 3280 ἑκάστη

374 3299 640 3367 πέφυκεν,
692 3292 772 3360 εἷς
799 3296 875 3352 ὢν
904 3298 998 3351 καὶ
1026 3298 1055 3350 6
1080 3295 1263 3361 αὐτὸς,
1287 3296 1445 3368 ἤθελέ
1473 3314 1533 3352 τε
1561 3298 1657 3352 καὶ
1689 3299 1908 3371 ἐνήργει
1938 3314 1952 3330 ⁸

374 3391 493 3445 εἰπε
501 3407 532 3463 ρ
552 3389 807 3461 οὐδετέρα
827 3388 1009 3443 αὐτῶν
1034 3388 1293 3461 ἁθέλητός
1309 3391 1478 3454 ἐστιν,
1509 3390 1548 3464 ἢ
1570 3392 1950 3465 ἁνενέργητος.

376 3487 438 3541 Εἰ
469 3488 526 3541 δὲ
559 3486 914 3559 καταλλήλως
946 3489 1066 3551 ταῖς
1098 3485 1297 3542 ἑαυτοῦ
1347 3487 1573 3556 φύσεσιν
1624 3487 1652 3539 6
1695 3485 1953 3556 Χριστὸς,

376 3579 565 3650 ἤγουν,
592 3577 672 3642 ὡς
704 3579 911 3650 ἑκάστη
948 3578 1216 3647 πέφυκεν,
1248 3575 1442 3648 ἤθελέν
1469 3591 1527 3629 τε
1558 3573 1655 3627 ιιαί⁵
1684 3574 1905 3644 ἐνήργει
1936 3589 1951 3603 ο

374 3670 468 3725 δύο
495 3670 554 3723 δὲ
596 3669 762 3724 αὑτοῦ
801 3671 859 3723 αἰ
907 3669 1100 3738 φύσεις
1125 3684 1138 3698 ·
1179 3666 1274 3721 δύο
1302 3664 1469 3720 αὐτοῦ
1499 3664 1718 3726 πάντως
1755 3664 1851 3716 καὶ
1888 3661 1957 3716 τὰ

376 3763 584 3831 φυσικὰ
629 3761 911 3833 θελήματα
939 3777 953 3792 ·
1008 3761 1106 3814 καλ⁵
1163 3758 1221 3813 αί
1268 3757 1474 3811 τούτων
1525 3753 1828 3826 ἰσάριθμοι,
1863 3754 1958 3808 καὶ

373 3854 656 3917 οὐσιῶδεις
705 3852 999 3924 ἐνέργειαι.
1064 3850 1274 3920 ’Ὥσπερ
1323 3845 1434 3917 γὰρ
1466 3848 1494 3900 6
1522 3844 1634 3899 τῶν
1664 3843 1756 3898 τοῦ
1790 3844 1956 3899 αὐτοῦ

376 3947 473 4001 καὶ
499 3945 639 4010 ’ἐνὸς
686 3942 927 4016 Χριστοῦ
982 3942 1198 4012 φύσεων
1237 3939 1495 4013 ἀριθμὸς,
1526 3936 1770 4001 εὐσεϐῶς
1805 3935 1959 3992 νοούο

380 4036 540 4107 μενός
583 4053 645 4089 τε
679 4037 775 4089 καὶ
822 4033 1140 4104 λεγόμενος,
1192 4031 1255 4086 οὐ
1303 4030 1508 4103 διαιρεῖ
1555 4029 1649 4085 τὸν
1695 4029 1954 4101 Χριστὸν,

375 4128 512 4182 ἀλλὰ
559 4126 875 4197 σωζομένην
916 4125 1019 4178 κάν
1065 4125 1132 4195 τῇ
1161 4124 1353 4177 ἑνώσει
1385 4120 1685 4191 παρίστησι
1718 4120 1826 4175 τῶν
1854 4119 1956 4190 φύ-

378 4236 517 4273 σεων
547 4218 645 4289 τὴν
675 4216 982 4288 διαφοράνηο
1006 4214 1152 4269 οὕτω
1174 4215 1270 4270 καὶ
1296 4214 1326 4267 6
1355 4212 1589 4286 ἀριθμὸς
1622 4211 1732 4266 τῶν
1762 4212 1956 4266 οὐσιω-

373 4312 480 4376 δῶς
526 4310 838 4382 προσόντων
892 4311 1014 4373 ταῖς
1064 4306 1230 4362 αὐτοῦ
1258 4307 1454 4378 φύσεσι
1506 4304 1828 4377 θελημάτὼν
1859 4306 1955 4360 καὶ

374 4404 668 4476 ἐνεργειῶν
694 4421 708 4435 ο
746 4404 867 4459 κατ’
898 4402 1066 4473 ἄμφω
1108 4402 1239 4473 γὰρ,
1279 4400 1354 4464 ὠς
1382 4399 1619 4472 εἴρηται,
1650 4398 1752 4461 τὰς
1784 4396 1949 4450 αὑτοῦ

374 4497 567 4568 φύσεις
622 4494 903 4568 θελητικὸς
953 4489 1023 4565 ἦν
1078 4493 1107 4546 6
1153 4493 1317 4555 αὐτὸς
1347 4491 1442 4544 καὶ
1471 4486 1821 4559 ἐνεργητικὸς
1852 4485 1954 4557 τῆς

375 4588 535 4659 ἡμῶν
578 4587 851 4659 σωτηρίας
881 4602 895 4617 ·
936 4586 997 4640 οὐ
1028 4583 1294 4656 διαίρεσιν
1325 4580 1539 4650 εἰσάγει
1569 4595 1583 4609 ·
1617 4578 1693 4651 μὴ
1722 4578 1951 4649 γένοιτοσ

374 4678 513 4734 ἀλλὰ
535 4680 634 4751 τὴν
669 4678 849 4733 αὐτῶν
893 4677 1043 4748 δηλοί
1095 4675 1191 4730 xui
1245 4673 1431 4746 μόνον,
1485 4674 1588 4728 κάν
1642 4672 1710 4741 τῇ
1764 4666 1957 4723 ὲνώσει

376 4771 624 4845 φυλακὴν
651 4771 744 4826 καὶ
784 4769 1081 4842 σωτηρίαν.

2051 541 2164 613 prie
2184 545 2332 610 velit,
2364 562 2469 601 non
2486 559 2664 603 autem
2694 558 2752 602 ut
2775 548 2985 603 auferat
3012 549 3065 619 id
3089 552 3230 618 quod
3263 554 3373 606 vult
3402 572 3416 608 :
3450 569 3625 616 neque

2049 638 2190 695 enim
2226 636 2280 692 in
2316 647 2547 709 utroque
2575 644 2701 711 poni
2734 641 2948 712 negatio
2966 636 3167 709 potest,
3210 653 3265 696 ut
3306 644 3457 700 tollat
3490 664 3503 699 :
3557 661 3627 701 ne

2048 729 2248 799 aliquid
2282 733 2410 788 velit
2442 732 2761 804 Uuigcnitus
2796 734 3011 804 proprie
3070 744 3268 802 praeter
3293 733 3627 817 Palmm,“

2050 821 2259 878 auferat
2293 824 2344 878 id
2382 826 2523 894 quod
2563 827 2697 882 vult.
3746 858 3756 865 ι

2123 918 2276 981 Quod
2291 916 2335 970 si
2356 916 2408 971 in
2430 926 2656 988 utroque
2678 920 2799 989 poni
2821 937 2925 977 non
2946 934 3143 993 potest,
3154 907 3507 1007 {pegspiétium
3519 902 3644 1006 σειν
3667 917 3678 969 ἶ
3703 940 3708 944 ·
3728 981 3734 985 .

2047 1006 2091 1059 Si
2120 1020 2239 1060 eam
2277 1007 2331 1062 ί¹¹
2355 1022 2420 1063 σεο
2441 1011 2746 1077 constituis,
2771 1028 2836 1067 ne
2860 1015 3060 1083 aliquid
3087 980 3313 1084 vespa.
3332 995 3694 1091 velit-aiio?”
3746 990 3763 1004 δ’

2047 1098 2375 1155 voluntatem
2399 1098 2566 1157 facias
2589 1107 2891 1160 communis
2919 1107 3234 1172 voluntatis,
3267 1116 3318 1167 te
3337 1094 3657 1175 anteante?

2050 1199 2227 1246 turum
2247 1191 2297 1246 id
2319 1194 2460 1262 quod
2477 1188 2613 1257 vult,
2626 1209 2819 1266 nempe
2846 1198 3031 1254 calicis
3052 1178 3506 1266 deprecationem,
3526 1177 3627 1253 sed.
3718 1184 3725 1193 ”

2048 1279 2341 1336 relaturum
2357 1282 2499 1338 illam
2516 1286 2579 1338 ad
2600 1285 2861 1356 principio
2879 1302 3153 1342 carentem
3172 1288 3527 1355 divinitatem,
3547 1289 3619 1345 ad

2047 1383 2212 1439 quam
2236 1386 2332 1442 per
2348 1374 2686 1443 negationem
2704 1386 2758 1431 et
2775 1377 2948 1446 ipsum
2967 1378 3098 1433 vcllc
3122 1379 3374 1433 retulisti.
3399 1377 3553 1445 Quod
3577 1380 3622 1433 si

2050 1460 2121 1515 ita
2150 1470 2253 1527 est,
2275 1464 2523 1533 quamvis
2550 1465 2631 1520 vel
2657 1465 2910 1537 cogitatio
2932 1467 2983 1522 id
3016 1469 3337 1543 refugium
3357 1460 3633 1543 hie-plane

2050 1484 2121 1515 ua
2150 1484 2253 1527 εει,
2275 1484 2523 1533 ιιιιιιιιιγιε
2550 1484 2631 1520 vet
2657 1484 2910 1537 cogitatio
2932 1484 2983 1522 tu
3016 1484 3131 1522 retu
3228 1484 3337 1534 t,et
3358 1484 3621 1543 Inc-plane

2048 1553 2152 1607 erit
2174 1556 2388 1624 negatio
2409 1574 2424 1611 :
2443 1572 2654 1626 nempe,
2681 1557 2801 1614 Non
2821 1560 2959 1629 quod
2973 1544 3075 1632 ego‘
3091 1484 3621 1659 dﬁqttm‘iprusus

2019 1642 2029 1652 ⁸
2051 1647 2254 1702 adimat
2276 1651 2710 1720 repugnantiam,
2733 1661 2788 1707 et
2816 1650 3126 1719 Servatoris
3148 1638 3289 1708 "(illis
3320 1653 3504 1724 divina
3536 1648 3621 1721 ιβ.

2051 1739 2163 1793 sius
2189 1747 2241 1791 et
2271 1747 2497 1807 paterna
2530 1742 2806 1798 voluntate
2834 1743 3249 1816 consensionem
3276 1731 3621 1809 constituat,

2050 1844 2174 1885 cum
2208 1838 2377 1886 totum
2420 1829 2654 1888 Verbum
2708 1845 2955 1889 naturam
2984 1850 3139 1890 suam
3209 1823 3427 1902 ciliciat,
3469 1822 3632 1906 atque

2054 1922 2129 1975 ita
2166 1932 2331 1977 totam
2388 1924 2532 1978 illam
2569 1925 2811 1980 divinam
2864 1924 3071 1982 reddat.
3103 1926 3292 1996 Itaque
3320 1916 3440 1983 cum
3506 1942 3631 1996 pro-

2052 2023 2173 2084 pter
2217 2027 2317 2069 nos
2363 2014 2564 2069 factum
2607 2025 2753 2072 esset
2801 2018 2986 2084 homo,
3019 2017 3230 2072 ratione
3259 2017 3463 2073 homini
3502 2033 3635 2073 con-

2052 2112 2279 2169 gruente
2320 2103 2534 2159 dicebat
2560 2105 2624 2159 ad
2652 2104 2818 2160 Deum
2850 2115 2904 2161 et
2936 2107 3193 2162 Patrem:
3219 2103 3343 2160 Non
3364 2106 3504 2175 quod
3542 2122 3634 2175 ego

2050 2191 2305 2257 volo,sed
2356 2203 2449 2249 tua
2510 2196 2749 2250 voluntas
2812 2198 3000 2264 ualeat,
3065 2210 3317 2269 tanquam
3372 2207 3638 2269 quatenus

2056 2282 2219 2339 homo
2265 2284 2597 2341 voluntatem
2651 2287 2895 2344 haberet.

2060 2396 2320 2469 Ejusdem
2349 2415 2415 2454 ea:
2437 2400 2797 2475 disputatione
2825 2402 3008 2456 habita
3039 2419 3160 2457 cum
3213 2402 3422 2475 Pyrrho
3468 2402 3649 2474 patri—

2446 2471 2611 2523 archo
2638 2472 3250 2542 Constantinopolitano.

2128 2562 2266 2616 Cum
2329 2560 2618 2638 Christus.
2662 2563 2806 2619 Deus
2898 2575 3092 2619 natura
3156 2576 3210 2622 et
3285 2566 3450 2622 homo
3542 2552 3633 2621 es-

2063 2664 2168 2718 set,
2200 2661 2261 2708 ut
2287 2652 2431 2708 Deus
2463 2664 2518 2707 et
2549 2654 2710 2708 homo
2734 2654 2874 2709 idem
2933 2655 3170 2723 volebat,
3224 2640 3296 2712 an
3349 2666 3409 2712 ut
3458 2655 3623 2714 Chri-

2058 2752 2178 2799 stus
2207 2744 2588 2799 solummodo?
2612 2745 2689 2800 Ac
2715 2746 2760 2800 si
2805 2746 3025 2815 quidem
3061 2745 3313 2803 Christus
3342 2748 3625 2818 principa-

2056 2830 2179 2887 liter
2205 2830 2428 2890 utDeus
2451 2843 2506 2889 et
2537 2834 2703 2890 homo
2736 2835 2973 2901 volebat,
3034 2836 3225 2906 utique
3275 2835 3480 2907 duplici
3541 2851 3632 2890 ra-

2059 2921 2225 2986 tione,
2253 2938 2360 2986 non
2388 2939 2493 2979 una
2545 2934 2602 2980 et
2656 2926 2946 2996 singulari,
3001 2942 3147 2982 unus
3203 2928 3318 2998 ipse
3374 2928 3631 2996 idemque

2057 3013 2290 3070 volebat.
2328 3016 2607 3086 Siquidem
2634 3019 2780 3074 enim
2814 3018 3067 3075 Christus
3114 3017 3254 3073 nihil
3303 3026 3389 3075 est
3434 3029 3635 3090 praeter

2056 3129 2188 3172 suas
2214 3121 2471 3177 naturas,
2498 3127 2567 3167 ex
2593 3110 2820 3181 quibus,
2850 3117 2908 3163 et
2945 3108 3005 3163 in
3030 3105 3242 3177 quibus
3264 3103 3644 3187 exsistentiant

2057 3206 2257 3271 habet;
2286 3204 2644 3276 perspicuum
2674 3210 2781 3267 est,
2814 3200 2913 3272 qui
2949 3213 3097 3254 unus
3126 3205 3183 3252 et
3209 3194 3327 3267 ipse
3352 3202 3522 3259 esset,
3541 3207 3645 3264 pro

2055 3313 2124 3354 eo
2154 3313 2218 3353 ac
2246 3296 2481 3353 decebat
2511 3311 2642 3351 suas
2667 3300 2932 3357 naturas,
2962 3290 3019 3346 id
3045 3296 3154 3355 est,
3187 3296 3250 3343 ut
3268 3286 3474 3358 cuique
3495 3276 3645 3342 com-

2055 3400 2316 3462 paratum
2366 3396 2510 3454 erat,
2564 3396 2682 3444 tum
2712 3384 2982 3445 voluisse,
3023 3390 3140 3436 tum
3171 3387 3462 3450 operatum
3493 3393 3639 3434 esse.

2055 3483 2265 3537 Neutra
2288 3481 2495 3551 quippe
2518 3491 2711 3534 earum
2739 3473 3047 3531 voluntatis
3094 3479 3200 3537 est,
3236 3479 3333 3525 aut
3367 3468 3645 3539 operatio-

2056 3570 2146 3624 nis
2162 3583 2380 3637 expers.
2402 3566 2562 3632 Quod
2588 3565 2636 3620 si
2660 3564 2920 3620 Chrisms
2949 3576 3053 3631 pro
3079 3574 3148 3615 eo
3176 3574 3243 3613 ac
3265 3558 3497 3614 decebat
3515 3573 3645 3613 suas

2056 3668 2290 3715 naturas
2345 3656 2429 3730 (ut
2472 3655 2689 3712 scilicet
2724 3653 2927 3724 cuique
2971 3655 3357 3719 comparatum
3385 3646 3552 3717 erat),
3588 3656 3646 3703 et

2055 3749 2283 3805 volebat
2309 3754 2368 3803 et
2394 3746 2766 3816 operabatur;
2818 3751 2940 3798 erat
2968 3756 3105 3797 vero
3160 3742 3284 3814 ejus
3315 3738 3520 3808 duplex
3547 3751 3648 3791 na-

2058 3837 2476 3906 tura;omnino
2520 3837 2688 3893 etiam
2732 3834 2939 3905 duplex
2991 3840 3111 3888 erat
3167 3831 3344 3902 ipsius
3371 3827 3645 3884 naturalis

2056 3932 2336 3997 voluntas,
2372 3930 2606 4001 parique
2642 3928 2731 3983 his
2781 3940 3017 3981 numero
3058 3923 3392 3981 essentialcs
3422 3935 3646 3990 quoque

2058 4022 2440 4094 operationes.
2473 4017 2953 4087 Quemadmodum
2994 4015 3147 4072 enim
3177 4013 3344 4070 unius
3365 4011 3647 4083 ejusdem-

2058 4131 2168 4187 que
2194 4114 2406 4170 Christi
2435 4121 2763 4168 naturarum
2798 4122 3089 4174 numerus,
3128 4108 3176 4162 si
3213 4105 3380 4160 modo
3402 4104 3492 4173 pie
3528 4110 3647 4156 tum

2061 4208 2407 4280 intelligatur
2434 4246 2450 4272 ,
2513 4215 2630 4261 tum
2661 4204 2900 4264 dicatur.
2942 4200 3228 4256 Christum
3278 4211 3394 4252 non
3424 4194 3643 4261 dividit,

2057 4302 2158 4360 sed
2211 4300 2568 4362 incolumem,
2615 4294 2784 4351 etiam
2833 4293 2891 4347 in
2942 4291 3152 4346 unione
3203 4295 3531 4343 naturarum
3556 4284 3647 4339 di-

2052 4391 2420 4451 stinctionem
2642 4382 2888 4441 ostendit
2932 4401 2945 4437 :
2980 4382 3062 4438 sic
3103 4387 3160 4436 et
3188 4393 3459 4434 numerus
3494 4391 3647 4432 com-

1985 4453 2031 4508 θ
2058 4480 2365 4554 petentium
2437 4474 2812 4533 essentialiter
2860 4474 2982 4544 ejus
3040 4470 3258 4527 naturis
3298 4468 3642 4525 voluntatum

2060 4584 2226 4645 atque
2272 4571 2663 4644 operationum
2721 4566 3056 4641 (secundum
3107 4563 3301 4619 ambas
3332 4560 3504 4624 enim,
3562 4559 3643 4612 uti

2061 4666 2273 4722 dictum
2297 4673 2404 4728 est,
2439 4678 2570 4719 suas
2593 4669 2844 4727 naturas,
2872 4658 3016 4717 idem
3056 4656 3175 4730 ipse
3211 4649 3433 4712 valendi
3465 4648 3643 4707 facul-

2067 4767 2182 4815 tate
2208 4757 2473 4829 praeditus
2505 4765 2647 4822 erat,
2696 4770 2763 4811 ac
2788 4753 3058 4825 operandi
3105 4757 3352 4806 nostram
3384 4745 3640 4814 salutem)

379 4836 708 4923 divisionem
730 4881 843 4920 non
869 4836 1106 4919 inducit.
1127 4861 1285 4917 Absit
1309 4861 1448 4917 hocl
1473 4858 1572 4916 sed
1602 4859 1751 4931 ipsas
1781 4855 1951 4914 etiam
1989 4854 2047 4909 in
2084 4851 2314 4916 unione,
2349 4849 2515 4919 idque
2576 4848 2779 4913 solum,
2826 4845 3038 4901 servari
3104 4838 3355 4897 ostendit
3398 4844 3457 4893 et
3491 4836 3643 4892 inco-

379 4962 559 5019 lumes
588 4975 734 5016 esse.

396 5061 506 5117 Ἐκ
530 5062 641 5127 τῆς
669 5058 861 5127 αὐτῆς
893 5058 1241 5124 διαλέξεως,
1273 5058 1362 5113 ὅτι
1389 5060 1523 5127 οὐχ.
1561 5058 1643 5123 ὡς
1678 5056 1889 5126 ἔλεγεν
1923 5057 1956 5127 d

452 5125 703 5260 item?“
738 5125 985 5205 γεύματι
1010 5129 1118 5189 τοῦ
1144 5125 1694 5202 ἐνωθέγτοςλόγου
1727 5128 1762 5200 ὴ
1793 5125 1954 5199 σὰρξ

493 5223 588 5260 tur
623 5223 728 5260 ιτο.

456 5297 695 5362 Διαιρεῖς
734 5293 825 5347 τὸν
854 5291 1113 5362 Χριστὸν,
1150 5290 1292 5344 οὕτω
1325 5289 1522 5358 λέγων.
1557 5288 1810 5360 Νεὺματι
1844 5290 1954 5361 γὰρ

389 5383 553 5438 αὑτοῦ
583 5384 815 5437 ἐκινεῖτο
838 5383 931 5436 καὶ
959 5381 1221 5450 Μωῦσῆς.
1254 5381 1350 5434 καὶ
1380 5380 1561 5445 Δαδιδ,
1592 5380 1686 5435 καὶ
1714 5381 1831 5435 ὅσοι
1857 5382 1956 5451 τῆς

392 5476 543 5540 θείας
582 5472 868 5544 ἐνεργείας
895 5471 1222 5543 χωρητικοὶ,
1246 5474 1312 5542 τῇ
1344 5470 1603 5525 ἀποθέσει
1624 5473 1734 5526 τῶν
1752 5471 1959 5543 ἀνθρω-

390 5565 561 5618 πίνων
625 5563 671 5597 ³⁸
737 5564 832 5616 καὶ
912 5562 1190 5635 σαρκικῶν
1266 5560 1577 5629 ἰδιωμάτων
1645 5562 1957 5631 γεγόνασιν.

400 5657 592 5727 Ἡμεῖς
631 5656 689 5710 δὲ
731 5660 842 5721 τοῖς
869 5656 1045 5727 ἁγίοις
1068 5655 1370 5728 Πατράσιν,
1410 5655 1485 5721 ὡς
1523 5658 1580 5710 ἐν
1625 5658 1819 5722 ἅπασι,
1859 5647 1961 5711 κᾶν

391 5748 566 5821 τούτῳ
591 5747 873 5820 ἑπόμενοι,
908 5747 1113 5821 φαμὲν,
1154 5749 1350 5819 ὅτιπερ
1396 5748 1559 5815 αὐτὸς
1592 5749 1622 5803 6
1667 5748 1778 5805 τῶν
1824 5749 1963 5806 ὅλων

2064 5054 2151 5114 Ea:
2173 5072 2353 5118 canem
2381 5058 2757 5140 disputatione.
2785 5056 3041 5140 ⁵ςῖιιιιιιρηι
3064 5068 3190 5140 non,
3214 5066 3266 5111 ut
3302 5051 3539 5140 Pyrrhus
3556 5050 3639 5111 di-

2314 5131 2484 5199 cebat,
2518 5143 2647 5187 nutu
2684 5131 2829 5187 Verbi
2856 5132 3124 5201 conjuncti
3162 5131 3375 5183 moveri.

2134 5291 2346 5349 Dividis
2426 5292 2726 5355 Christum,
2769 5307 2889 5345 cum
2933 5290 3013 5344 sic
3062 5287 3325 5358 loqueris.
3382 5286 3519 5342 Nam
3579 5292 3632 5341 ct

2071 5384 2288 5456 Moyses
2312 5383 2433 5453 ejus
2458 5392 2592 5435 nutu
2617 5380 2955 5447 movebatur,
3002 5387 3058 5435 et
3112 5378 3300 5433 David.
3366 5386 3423 5433 et
3472 5386 3635 5445 quot-

2064 5484 2197 5546 quot
2223 5472 2474 5528 humanis
2506 5468 2782 5543 [terrenis]
2816 5481 2866 5525 et
2894 5469 3204 5525 carnalibus
3225 5467 3455 5538 abiectis
3511 5482 3635 5536 pro-

2079 5565 2430 5638 prietatibus,
2461 5563 2572 5634 apti
2605 5562 2821 5635 luerunt
2852 5571 2911 5617 ut
2934 5571 3192 5629 caperent
3214 5560 3459 5615 divinum
3486 5558 3635 5613 allia-

2070 5671 2207 5714 tum.
2250 5658 2359 5712 Nos
2391 5655 2702 5724 autem,qui
2726 5654 2868 5708 sicut
2899 5653 2951 5706 in
2977 5651 3254 5715 omnibus,
3290 5650 3345 5705 in
3376 5650 3481 5705 hoc
3497 5661 3635 5717 quo-

2069 5767 2177 5823 que
2209 5750 2425 5807 divinos
2460 5748 2648 5811 Patres
2688 5746 2986 5819 sequimur,
3018 5744 3267 5812 dicimus,
3294 5743 3448 5813 Quod
3486 5744 3627 5798 idem
