  <div class='ocr_page' id='page_1' title='image "/cluster/home/n/w/nwhite01/storage/ocr_20150623/130/hvd.32044073502387/577.png"; bbox 0 0 4032 6210; ppageno 0'>
   <div class='ocr_carea' id='block_1_1' title="bbox 485 342 622 410">
    <p class='ocr_par' dir='ltr' id='par_1_1' title="bbox 485 342 622 410">
     <span class='ocr_line' id='line_1_1' title="bbox 485 342 622 410; baseline 0.007 -1"><span class='ocrx_word' id='word_1_1' title='bbox 485 342 622 410; x_wconf 73' lang='lat'><strong>1139</strong></span> 
     </span>
    </p>
   </div>
   <div class='ocr_carea' id='block_1_2' title="bbox 1670 340 2468 405">
    <p class='ocr_par' dir='ltr' id='par_1_2' title="bbox 1670 340 2468 405">
     <span class='ocr_line' id='line_1_2' title="bbox 1670 340 2468 405; baseline -0.001 -2"><span class='ocrx_word' id='word_1_2' title='bbox 1670 342 2064 405; x_wconf 83' lang='lat' dir='ltr'><strong>EUTHYMII</strong></span> <span class='ocrx_word' id='word_1_3' title='bbox 2107 340 2468 402; x_wconf 78' lang='lat' dir='ltr'><strong>ZlGABENl</strong></span> 
     </span>
    </p>
   </div>
   <div class='ocr_carea' id='block_1_3' title="bbox 3601 343 3742 409">
    <p class='ocr_par' dir='ltr' id='par_1_3' title="bbox 3601 343 3742 409">
     <span class='ocr_line' id='line_1_3' title="bbox 3601 343 3742 409; baseline -0.007 -2"><span class='ocrx_word' id='word_1_4' title='bbox 3601 343 3742 409; x_wconf 64' lang='lat'><strong>1142&#39;)</strong></span> 
     </span>
    </p>
   </div>
   <div class='ocr_carea' id='block_1_4' title="bbox 484 477 2057 550">
    <p class='ocr_par' dir='ltr' id='par_1_4' title="bbox 484 478 2053 543">
     <span class='ocr_line' id='line_1_4' title="bbox 484 478 2053 543; baseline -0.004 -5"><span class='ocrx_word' id='word_1_5' title='bbox 484 487 868 540; x_wconf 86' lang='lat' dir='ltr'><strong>universorum</strong></span> <span class='ocrx_word' id='word_1_6' title='bbox 912 484 1057 538; x_wconf 86' lang='lat' dir='ltr'><strong>Deus</strong></span> <span class='ocrx_word' id='word_1_7' title='bbox 1092 481 1507 537; x_wconf 87' lang='lat' dir='ltr'><strong>immutabiliter</strong></span> <span class='ocrx_word' id='word_1_8' title='bbox 1533 479 1697 534; x_wconf 93' lang='lat' dir='ltr'><strong>homo</strong></span> <span class='ocrx_word' id='word_1_9' title='bbox 1723 478 1918 543; x_wconf 87' lang='lat' dir='ltr'><strong>factus,</strong></span> <span class='ocrx_word' id='word_1_10' title='bbox 1943 493 2053 532; x_wconf 89' lang='lat' dir='ltr'><strong>non</strong></span> 
     </span>
    </p>
   </div>
   <div class='ocr_carea' id='block_1_5' title="bbox 2162 477 3740 550">
    <p class='ocr_par' dir='ltr' id='par_1_5' title="bbox 2163 477 3740 550">
     <span class='ocr_line' id='line_1_5' title="bbox 2163 477 3740 550; baseline 0.003 -19"><span class='ocrx_word' id='word_1_11' title='bbox 2163 479 2312 544; x_wconf 86' lang='grc' dir='ltr'>Θεὸς,</span> <span class='ocrx_word' id='word_1_12' title='bbox 2359 477 2642 548; x_wconf 81' lang='grc' dir='ltr'><strong>ἀτρέπτως</strong></span> <span class='ocrx_word' id='word_1_13' title='bbox 2693 480 2982 550; x_wconf 80' lang='grc' dir='ltr'>γενόμενος</span> <span class='ocrx_word' id='word_1_14' title='bbox 3014 480 3324 550; x_wconf 80' lang='grc' dir='ltr'>ἄνθρωπος,</span> <span class='ocrx_word' id='word_1_15' title='bbox 3359 482 3420 534; x_wconf 79' lang='grc' dir='ltr'><strong>ού</strong></span> <span class='ocrx_word' id='word_1_16' title='bbox 3452 483 3614 550; x_wconf 75' lang='grc' dir='ltr'>μόνον</span> <span class='ocrx_word' id='word_1_17' title='bbox 3661 488 3740 547; x_wconf 74' lang='grc' dir='ltr'>ὡς</span> 
     </span>
    </p>
   </div>
   <div class='ocr_carea' id='block_1_6' title="bbox 483 569 2054 636">
    <p class='ocr_par' dir='ltr' id='par_1_6' title="bbox 483 569 2054 636">
     <span class='ocr_line' id='line_1_6' title="bbox 483 569 2054 636; baseline -0.004 -8"><span class='ocrx_word' id='word_1_18' title='bbox 483 577 661 630; x_wconf 86' lang='lat' dir='ltr'><strong>solum</strong></span> <span class='ocrx_word' id='word_1_19' title='bbox 700 587 758 629; x_wconf 91' lang='lat' dir='ltr'><strong>ut</strong></span> <span class='ocrx_word' id='word_1_20' title='bbox 792 577 933 629; x_wconf 80' lang='lat' dir='ltr'><strong>Deus</strong></span> <span class='ocrx_word' id='word_1_21' title='bbox 961 574 1126 636; x_wconf 87' lang='lat' dir='ltr'><strong>idem,</strong></span> <span class='ocrx_word' id='word_1_22' title='bbox 1158 589 1223 626; x_wconf 85' lang='lat' dir='ltr'><strong>ex</strong></span> <span class='ocrx_word' id='word_1_23' title='bbox 1261 588 1371 626; x_wconf 72' lang='lat' dir='ltr'><strong>sua:</strong></span> <span class='ocrx_word' id='word_1_24' title='bbox 1410 571 1631 626; x_wconf 89' lang='lat' dir='ltr'><strong>deitatis</strong></span> <span class='ocrx_word' id='word_1_25' title='bbox 1662 570 1872 624; x_wconf 77' lang='lat' dir='ltr'><strong>ratione</strong></span> <span class='ocrx_word' id='word_1_26' title='bbox 1903 569 2054 623; x_wconf 89' lang='lat' dir='ltr'><strong>vole-</strong></span> 
     </span>
    </p>
   </div>
   <div class='ocr_carea' id='block_1_7' title="bbox 484 657 2046 725">
    <p class='ocr_par' dir='ltr' id='par_1_7' title="bbox 484 657 2046 725">
     <span class='ocr_line' id='line_1_7' title="bbox 484 657 2046 725; baseline -0.003 -9"><span class='ocrx_word' id='word_1_27' title='bbox 484 663 597 725; x_wconf 86' lang='lat' dir='ltr'><strong>bat,</strong></span> <span class='ocrx_word' id='word_1_28' title='bbox 631 680 818 717; x_wconf 87' lang='lat' dir='ltr'><strong>verum</strong></span> <span class='ocrx_word' id='word_1_29' title='bbox 845 663 1007 716; x_wconf 89' lang='lat' dir='ltr'><strong>etiam</strong></span> <span class='ocrx_word' id='word_1_30' title='bbox 1038 662 1182 715; x_wconf 88' lang='lat' dir='ltr'><strong>idem</strong></span> <span class='ocrx_word' id='word_1_31' title='bbox 1213 669 1270 714; x_wconf 89' lang='lat' dir='ltr'><strong>ut</strong></span> <span class='ocrx_word' id='word_1_32' title='bbox 1301 660 1531 714; x_wconf 86' lang='lat' dir='ltr'><strong>decebat</strong></span> <span class='ocrx_word' id='word_1_33' title='bbox 1562 674 1714 713; x_wconf 88' lang='lat' dir='ltr'><strong>suam</strong></span> <span class='ocrx_word' id='word_1_34' title='bbox 1748 657 2046 712; x_wconf 85' lang='lat' dir='ltr'><strong>humanita-</strong></span> 
     </span>
    </p>
   </div>
   <div class='ocr_carea' id='block_1_8' title="bbox 403 745 2055 840">
    <p class='ocr_par' dir='ltr' id='par_1_8' title="bbox 403 745 2055 840">
     <span class='ocr_line' id='line_1_8' title="bbox 403 745 2055 840; baseline -0.002 -33"><span class='ocrx_word' id='word_1_35' title='bbox 403 808 412 815; x_wconf 76' lang='grc'><strong>,</strong></span> <span class='ocrx_word' id='word_1_36' title='bbox 480 745 742 840; x_wconf 0' lang='lat' dir='ltr'><strong>pter—mg;</strong></span> <span class='ocrx_word' id='word_1_37' title='bbox 765 755 910 808; x_wconf 88' lang='lat' dir='ltr'><strong>enim</strong></span> <span class='ocrx_word' id='word_1_38' title='bbox 944 769 1062 822; x_wconf 69' lang='lat' dir='ltr'><strong>quae</strong></span> <span class='ocrx_word' id='word_1_39' title='bbox 1093 769 1158 806; x_wconf 83' lang='lat' dir='ltr'><strong>ex</strong></span> <span class='ocrx_word' id='word_1_40' title='bbox 1193 767 1300 806; x_wconf 92' lang='lat' dir='ltr'><strong>non</strong></span> <span class='ocrx_word' id='word_1_41' title='bbox 1335 751 1555 806; x_wconf 88' lang='lat' dir='ltr'><strong>entibus</strong></span> <span class='ocrx_word' id='word_1_42' title='bbox 1583 751 1720 803; x_wconf 89' lang='lat' dir='ltr'><strong>facta</strong></span> <span class='ocrx_word' id='word_1_43' title='bbox 1757 757 1904 813; x_wconf 89' lang='lat' dir='ltr'><strong>sunt,</strong></span> <span class='ocrx_word' id='word_1_44' title='bbox 1937 750 2055 820; x_wconf 79' lang='lat' dir='ltr'><strong>ejus</strong></span> 
     </span>
    </p>
   </div>
   <div class='ocr_carea' id='block_1_9' title="bbox 456 841 2054 914">
    <p class='ocr_par' dir='ltr' id='par_1_9' title="bbox 456 841 2054 914">
     <span class='ocr_line' id='line_1_9' title="bbox 456 841 2054 914; baseline -0.003 -16"><span class='ocrx_word' id='word_1_45' title='bbox 456 841 768 914; x_wconf 55' lang='lat' dir='ltr'><strong>quod-G1,</strong></span> <span class='ocrx_word' id='word_1_46' title='bbox 811 860 919 898; x_wconf 88' lang='lat' dir='ltr'><strong>non</strong></span> <span class='ocrx_word' id='word_1_47' title='bbox 965 843 1110 913; x_wconf 83' lang='lat' dir='ltr'><strong>quod</strong></span> <span class='ocrx_word' id='word_1_48' title='bbox 1155 859 1262 896; x_wconf 89' lang='lat' dir='ltr'><strong>non</strong></span> <span class='ocrx_word' id='word_1_49' title='bbox 1299 851 1402 906; x_wconf 85' lang='lat' dir='ltr'><strong>est,</strong></span> <span class='ocrx_word' id='word_1_50' title='bbox 1449 857 1511 895; x_wconf 87' lang='lat' dir='ltr'><strong>ac</strong></span> <span class='ocrx_word' id='word_1_51' title='bbox 1555 841 1784 894; x_wconf 84' lang='lat' dir='ltr'><strong>nihilum</strong></span> <span class='ocrx_word' id='word_1_52' title='bbox 1813 849 1915 906; x_wconf 85' lang='lat' dir='ltr'><strong>est,</strong></span> <span class='ocrx_word' id='word_1_53' title='bbox 1945 841 2054 894; x_wconf 98' lang='lat' dir='ltr'><strong>vim</strong></span> 
     </span>
    </p>
   </div>
   <div class='ocr_carea' id='block_1_10' title="bbox 446 933 2055 1005">
    <p class='ocr_par' dir='ltr' id='par_1_10' title="bbox 446 933 2055 1005">
     <span class='ocr_line' id='line_1_10' title="bbox 446 933 2055 1005; baseline -0.004 -11"><span class='ocrx_word' id='word_1_54' title='bbox 446 936 759 994; x_wconf 88' lang='lat' dir='ltr'><strong>.retinendi</strong></span> <span class='ocrx_word' id='word_1_55' title='bbox 806 946 970 1005; x_wconf 89' lang='lat' dir='ltr'><strong>atque</strong></span> <span class='ocrx_word' id='word_1_56' title='bbox 1023 935 1211 989; x_wconf 88' lang='lat' dir='ltr'><strong>tuendi</strong></span> <span class='ocrx_word' id='word_1_57' title='bbox 1256 935 1474 988; x_wconf 77' lang='lat' dir='ltr'><strong>insitam</strong></span> <span class='ocrx_word' id='word_1_58' title='bbox 1524 933 1727 988; x_wconf 89' lang='lat' dir='ltr'><strong>habent</strong></span> <span class='ocrx_word' id='word_1_59' title='bbox 1771 949 1783 985; x_wconf 90' lang='lat'><strong>:</strong></span> <span class='ocrx_word' id='word_1_60' title='bbox 1829 934 2055 1003; x_wconf 85' lang='lat' dir='ltr'><strong>ejusque</strong></span> 
     </span>
    </p>
   </div>
   <div class='ocr_carea' id='block_1_11' title="bbox 484 1027 2055 1098">
    <p class='ocr_par' dir='ltr' id='par_1_11' title="bbox 484 1027 2055 1098">
     <span class='ocr_line' id='line_1_11' title="bbox 484 1027 2055 1098; baseline -0.003 -17"><span class='ocrx_word' id='word_1_61' title='bbox 484 1037 684 1098; x_wconf 79' lang='lat' dir='ltr'><strong>natura</strong></span> <span class='ocrx_word' id='word_1_62' title='bbox 745 1027 1027 1098; x_wconf 84' lang='lat' dir='ltr'><strong>proprium</strong></span> <span class='ocrx_word' id='word_1_63' title='bbox 1078 1035 1188 1088; x_wconf 90' lang='lat' dir='ltr'><strong>est,</strong></span> <span class='ocrx_word' id='word_1_64' title='bbox 1244 1033 1305 1079; x_wconf 89' lang='lat' dir='ltr'><strong>ut</strong></span> <span class='ocrx_word' id='word_1_65' title='bbox 1355 1041 1419 1078; x_wconf 88' lang='lat' dir='ltr'><strong>ea</strong></span> <span class='ocrx_word' id='word_1_66' title='bbox 1476 1033 1879 1094; x_wconf 87' lang='lat' dir='ltr'><strong>prosequantur</strong></span> <span class='ocrx_word' id='word_1_67' title='bbox 1938 1038 2055 1092; x_wconf 63' lang='lat' dir='ltr'><strong>qua’</strong></span> 
     </span>
    </p>
   </div>
   <div class='ocr_carea' id='block_1_12' title="bbox 487 1104 2056 1189">
    <p class='ocr_par' dir='ltr' id='par_1_12' title="bbox 487 1104 2056 1189">
     <span class='ocr_line' id='line_1_12' title="bbox 487 1104 2056 1189; baseline -0.003 -18"><span class='ocrx_word' id='word_1_68' title='bbox 487 1104 692 1181; x_wconf 83' lang='lat' dir='ltr'><strong>tuendo</strong></span> <span class='ocrx_word' id='word_1_69' title='bbox 709 1110 848 1173; x_wconf 81' lang='lat' dir='ltr'><strong>Sunt</strong></span> <span class='ocrx_word' id='word_1_70' title='bbox 874 1134 937 1173; x_wconf 89' lang='lat' dir='ltr'><strong>ac</strong></span> <span class='ocrx_word' id='word_1_71' title='bbox 961 1118 1390 1172; x_wconf 72' lang='lat' dir='ltr'><strong>incolumitatem</strong></span> <span class='ocrx_word' id='word_1_72' title='bbox 1424 1123 1702 1189; x_wconf 63' lang='lat' dir='ltr'><strong>praestant,</strong></span> <span class='ocrx_word' id='word_1_73' title='bbox 1739 1114 2056 1184; x_wconf 78' lang='lat' dir='ltr'><strong>fugiantque</strong></span> 
     </span>
    </p>
   </div>
   <div class='ocr_carea' id='block_1_13' title="bbox 485 1192 2054 1279">
    <p class='ocr_par' dir='ltr' id='par_1_13' title="bbox 485 1192 2054 1279">
     <span class='ocr_line' id='line_1_13' title="bbox 485 1192 2054 1279; baseline -0.003 -15"><span class='ocrx_word' id='word_1_74' title='bbox 485 1221 571 1276; x_wconf 83' lang='lat' dir='ltr'><strong>ea,</strong></span> <span class='ocrx_word' id='word_1_75' title='bbox 756 1210 823 1264; x_wconf 90' lang='lat' dir='ltr'><strong>ad</strong></span> <span class='ocrx_word' id='word_1_76' title='bbox 874 1210 1153 1264; x_wconf 88' lang='lat' dir='ltr'><strong>interitum</strong></span> <span class='ocrx_word' id='word_1_77' title='bbox 1190 1217 1470 1278; x_wconf 81' lang='lat' dir='ltr'><strong>spectant;</strong></span> <span class='ocrx_word' id='word_1_78' title='bbox 1514 1206 1680 1276; x_wconf 80' lang='lat' dir='ltr'><strong>igitur</strong></span> <span class='ocrx_word' id='word_1_79' title='bbox 1713 1206 1877 1261; x_wconf 88' lang='lat' dir='ltr'><strong>etiam</strong></span> <span class='ocrx_word' id='word_1_80' title='bbox 1911 1203 2054 1274; x_wconf 81' lang='grc' dir='ltr'>(ιιιὸά</span> 
     </span>
    </p>
   </div>
   <div class='ocr_carea' id='block_1_14' title="bbox 486 1297 2058 1371">
    <p class='ocr_par' dir='ltr' id='par_1_14' title="bbox 486 1297 2058 1371">
     <span class='ocr_line' id='line_1_14' title="bbox 486 1297 2058 1371; baseline -0.003 -15"><span class='ocrx_word' id='word_1_81' title='bbox 486 1302 637 1356; x_wconf 89' lang='lat' dir='ltr'><strong>omni</strong></span> <span class='ocrx_word' id='word_1_82' title='bbox 686 1301 922 1356; x_wconf 89' lang='lat' dir='ltr'><strong>essentia</strong></span> <span class='ocrx_word' id='word_1_83' title='bbox 960 1302 1214 1371; x_wconf 86' lang='lat' dir='ltr'><strong>superius</strong></span> <span class='ocrx_word' id='word_1_84' title='bbox 1252 1300 1524 1363; x_wconf 78' lang='lat' dir='ltr'><strong>Verbum,</strong></span> <span class='ocrx_word' id='word_1_85' title='bbox 1563 1299 1798 1352; x_wconf 88' lang='lat' dir='ltr'><strong>humana</strong></span> <span class='ocrx_word' id='word_1_86' title='bbox 1848 1297 2058 1352; x_wconf 85' lang='lat' dir='ltr'><strong>ratione</strong></span> 
     </span>
    </p>
   </div>
   <div class='ocr_carea' id='block_1_15' title="bbox 486 1386 2060 1458">
    <p class='ocr_par' dir='ltr' id='par_1_15' title="bbox 486 1386 2060 1458">
     <span class='ocr_line' id='line_1_15' title="bbox 486 1386 2060 1458; baseline -0.004 -11"><span class='ocrx_word' id='word_1_87' title='bbox 486 1391 780 1447; x_wconf 87' lang='lat' dir='ltr'><strong>essentiam</strong></span> <span class='ocrx_word' id='word_1_88' title='bbox 823 1390 1022 1456; x_wconf 85' lang='lat' dir='ltr'><strong>induit,</strong></span> <span class='ocrx_word' id='word_1_89' title='bbox 1061 1391 1226 1445; x_wconf 89' lang='lat' dir='ltr'><strong>etiam</strong></span> <span class='ocrx_word' id='word_1_90' title='bbox 1262 1387 1381 1458; x_wconf 82' lang='lat' dir='ltr'><strong>ej&#39;us</strong></span> <span class='ocrx_word' id='word_1_91' title='bbox 1413 1387 1558 1458; x_wconf 90' lang='lat' dir='ltr'><strong>quod</strong></span> <span class='ocrx_word' id='word_1_92' title='bbox 1603 1396 1686 1442; x_wconf 91' lang='lat' dir='ltr'><strong>est</strong></span> <span class='ocrx_word' id='word_1_93' title='bbox 1724 1401 1835 1441; x_wconf 67' lang='lat' dir='ltr'><strong>suae</strong></span> <span class='ocrx_word' id='word_1_94' title='bbox 1868 1386 2060 1441; x_wconf 88' lang='lat' dir='ltr'><strong>huma-</strong></span> 
     </span>
    </p>
   </div>
   <div class='ocr_carea' id='block_1_16' title="bbox 488 1479 2059 1556">
    <p class='ocr_par' dir='ltr' id='par_1_16' title="bbox 488 1479 2059 1556">
     <span class='ocr_line' id='line_1_16' title="bbox 488 1479 2059 1556; baseline -0.003 -19"><span class='ocrx_word' id='word_1_95' title='bbox 488 1483 675 1538; x_wconf 89' lang='lat' dir='ltr'><strong>nitatis</strong></span> <span class='ocrx_word' id='word_1_96' title='bbox 705 1482 977 1556; x_wconf 46' lang='lat' dir='ltr'><strong>retinenti</strong></span> <span class='ocrx_word' id='word_1_97' title='bbox 1010 1490 1173 1550; x_wconf 86' lang='lat' dir='ltr'><strong>atque</strong></span> <span class='ocrx_word' id='word_1_98' title='bbox 1203 1481 1391 1535; x_wconf 88' lang='lat' dir='ltr'><strong>tuendi</strong></span> <span class='ocrx_word' id='word_1_99' title='bbox 1419 1480 1468 1533; x_wconf 91' lang='lat' dir='ltr'><strong>vi</strong></span> <span class='ocrx_word' id='word_1_100' title='bbox 1505 1479 1766 1549; x_wconf 76' lang='lat' dir='ltr'><strong>praeditus</strong></span> <span class='ocrx_word' id='word_1_101' title='bbox 1795 1479 1931 1544; x_wconf 90' lang='lat' dir='ltr'><strong>fuit;</strong></span> <span class='ocrx_word' id='word_1_102' title='bbox 1966 1495 2059 1534; x_wconf 88' lang='lat' dir='ltr'><strong>cu-</strong></span> 
     </span>
    </p>
   </div>
   <div class='ocr_carea' id='block_1_17' title="bbox 483 1563 2059 1644">
    <p class='ocr_par' dir='ltr' id='par_1_17' title="bbox 483 1563 2059 1644">
     <span class='ocr_line' id='line_1_17' title="bbox 483 1563 2059 1644; baseline -0.004 -17"><span class='ocrx_word' id='word_1_103' title='bbox 483 1575 574 1644; x_wconf 84' lang='lat' dir='ltr'><strong>jus</strong></span> <span class='ocrx_word' id='word_1_104' title='bbox 617 1563 986 1642; x_wconf 54' lang='lat' dir='ltr'><strong>prescqu‘éfdi</strong></span> <span class='ocrx_word' id='word_1_105' title='bbox 1021 1588 1083 1625; x_wconf 92' lang='lat' dir='ltr'><strong>ac</strong></span> <span class='ocrx_word' id='word_1_106' title='bbox 1131 1570 1270 1641; x_wconf 67' lang='lat' dir='ltr'><strong>fugae</strong></span> <span class='ocrx_word' id='word_1_107' title='bbox 1304 1580 1533 1636; x_wconf 91' lang='lat' dir='ltr'><strong>motum,</strong></span> <span class='ocrx_word' id='word_1_108' title='bbox 1579 1570 1880 1624; x_wconf 81' lang='lat' dir='ltr'><strong>voluntatis</strong></span> <span class='ocrx_word' id='word_1_109' title='bbox 1925 1577 2059 1635; x_wconf 76' lang='lat' dir='ltr'><strong>nutu</strong></span> 
     </span>
    </p>
   </div>
   <div class='ocr_carea' id='block_1_18' title="bbox 481 1659 2056 1736">
    <p class='ocr_par' dir='ltr' id='par_1_18' title="bbox 481 1659 2056 1736">
     <span class='ocr_line' id='line_1_18' title="bbox 481 1659 2056 1736; baseline -0.003 -17"><span class='ocrx_word' id='word_1_110' title='bbox 481 1672 590 1735; x_wconf 86' lang='lat' dir='ltr'><strong>per</strong></span> <span class='ocrx_word' id='word_1_111' title='bbox 635 1659 1012 1736; x_wconf 84' lang='lat' dir='ltr'><strong>operationem</strong></span> <span class='ocrx_word' id='word_1_112' title='bbox 1071 1661 1311 1716; x_wconf 82' lang='lat' dir='ltr'><strong>ostendit</strong></span> <span class='ocrx_word' id='word_1_113' title='bbox 1359 1678 1371 1713; x_wconf 89' lang='lat'><strong>:</strong></span> <span class='ocrx_word' id='word_1_114' title='bbox 1419 1660 1789 1730; x_wconf 88' lang='lat' dir='ltr'><strong>prosequendi</strong></span> <span class='ocrx_word' id='word_1_115' title='bbox 1839 1659 2056 1729; x_wconf 86' lang='lat' dir='ltr'><strong>quidem</strong></span> 
     </span>
    </p>
   </div>
   <div class='ocr_carea' id='block_1_19' title="bbox 444 1744 2056 1822">
    <p class='ocr_par' dir='ltr' id='par_1_19' title="bbox 444 1744 2056 1822">
     <span class='ocr_line' id='line_1_19' title="bbox 444 1744 2056 1822; baseline -0.003 -12"><span class='ocrx_word' id='word_1_116' title='bbox 444 1759 446 1761; x_wconf 71' lang='grc'><em>’</em></span> <span class='ocrx_word' id='word_1_117' title='bbox 490 1762 723 1819; x_wconf 86' lang='lat' dir='ltr'><strong>motum,</strong></span> <span class='ocrx_word' id='word_1_118' title='bbox 755 1769 820 1808; x_wconf 89' lang='lat' dir='ltr'><strong>eo</strong></span> <span class='ocrx_word' id='word_1_119' title='bbox 866 1744 1037 1822; x_wconf 74' lang='lat' dir='ltr'><strong>Usque</strong></span> <span class='ocrx_word' id='word_1_120' title='bbox 1070 1752 1415 1806; x_wconf 80' lang='lat' dir='ltr'><strong>naturalibus</strong></span> <span class='ocrx_word' id='word_1_121' title='bbox 1447 1751 1654 1805; x_wconf 89' lang='lat' dir='ltr'><strong>utendo</strong></span> <span class='ocrx_word' id='word_1_122' title='bbox 1688 1751 1946 1819; x_wconf 88' lang='lat' dir='ltr'><strong>omnique</strong></span> <span class='ocrx_word' id='word_1_123' title='bbox 1979 1765 2056 1805; x_wconf 89' lang='lat' dir='ltr'><strong>re-</strong></span> 
     </span>
    </p>
   </div>
   <div class='ocr_carea' id='block_1_20' title="bbox 489 1840 2059 1914">
    <p class='ocr_par' dir='ltr' id='par_1_20' title="bbox 489 1840 2059 1914">
     <span class='ocr_line' id='line_1_20' title="bbox 489 1840 2059 1914; baseline -0.003 -15"><span class='ocrx_word' id='word_1_124' title='bbox 489 1843 856 1914; x_wconf 85' lang='lat' dir='ltr'><strong>prehensione</strong></span> <span class='ocrx_word' id='word_1_125' title='bbox 902 1842 1237 1904; x_wconf 85' lang='lat' dir='ltr'><strong>carentibus,</strong></span> <span class='ocrx_word' id='word_1_126' title='bbox 1278 1848 1337 1894; x_wconf 89' lang='lat' dir='ltr'><strong>ut</strong></span> <span class='ocrx_word' id='word_1_127' title='bbox 1378 1848 1433 1895; x_wconf 91' lang='lat' dir='ltr'><strong>et</strong></span> <span class='ocrx_word' id='word_1_128' title='bbox 1467 1840 1716 1894; x_wconf 80' lang='lat' dir='ltr'><strong>infideles</strong></span> <span class='ocrx_word' id='word_1_129' title='bbox 1741 1841 1910 1894; x_wconf 90' lang='lat' dir='ltr'><strong>Deum</strong></span> <span class='ocrx_word' id='word_1_130' title='bbox 1939 1855 2059 1894; x_wconf 84' lang='lat' dir='ltr'><strong>esse</strong></span> 
     </span>
    </p>
   </div>
   <div class='ocr_carea' id='block_1_21' title="bbox 491 1933 2052 2002">
    <p class='ocr_par' dir='ltr' id='par_1_21' title="bbox 491 1933 2052 2002">
     <span class='ocr_line' id='line_1_21' title="bbox 491 1933 2052 2002; baseline -0.003 -13"><span class='ocrx_word' id='word_1_131' title='bbox 491 1951 604 1989; x_wconf 89' lang='lat' dir='ltr'><strong>non</strong></span> <span class='ocrx_word' id='word_1_132' title='bbox 647 1935 932 1989; x_wconf 86' lang='lat' dir='ltr'><strong>crederent</strong></span> <span class='ocrx_word' id='word_1_133' title='bbox 965 1952 976 1985; x_wconf 91' lang='lat'>:</span> <span class='ocrx_word' id='word_1_134' title='bbox 1008 1933 1146 2002; x_wconf 71' lang='lat' dir='ltr'><strong>fugae</strong></span> <span class='ocrx_word' id='word_1_135' title='bbox 1189 1941 1369 1986; x_wconf 89' lang='lat' dir='ltr'><strong>autem</strong></span> <span class='ocrx_word' id='word_1_136' title='bbox 1416 1939 1626 1984; x_wconf 90' lang='lat' dir='ltr'><strong>motum</strong></span> <span class='ocrx_word' id='word_1_137' title='bbox 1664 1941 1905 1998; x_wconf 86' lang='lat' dir='ltr'><strong>tempore</strong></span> <span class='ocrx_word' id='word_1_138' title='bbox 1936 1946 2052 1998; x_wconf 88' lang='lat' dir='ltr'><strong>pas-</strong></span> 
     </span>
    </p>
   </div>
   <div class='ocr_carea' id='block_1_22' title="bbox 490 2023 2060 2094">
    <p class='ocr_par' dir='ltr' id='par_1_22' title="bbox 490 2023 2060 2094">
     <span class='ocr_line' id='line_1_22' title="bbox 490 2023 2060 2094; baseline -0.001 -14"><span class='ocrx_word' id='word_1_139' title='bbox 490 2026 680 2091; x_wconf 88' lang='lat' dir='ltr'><strong>sionis,</strong></span> <span class='ocrx_word' id='word_1_140' title='bbox 712 2041 835 2080; x_wconf 91' lang='lat' dir='ltr'><strong>eum</strong></span> <span class='ocrx_word' id='word_1_141' title='bbox 871 2040 928 2080; x_wconf 91' lang='lat' dir='ltr'><strong>se</strong></span> <span class='ocrx_word' id='word_1_142' title='bbox 961 2034 1154 2094; x_wconf 90' lang='lat' dir='ltr'><strong>sponte</strong></span> <span class='ocrx_word' id='word_1_143' title='bbox 1189 2032 1335 2078; x_wconf 90' lang='lat' dir='ltr'><strong>metu</strong></span> <span class='ocrx_word' id='word_1_144' title='bbox 1362 2024 1554 2077; x_wconf 90' lang='lat' dir='ltr'><strong>mortis</strong></span> <span class='ocrx_word' id='word_1_145' title='bbox 1581 2024 1852 2077; x_wconf 79' lang='lat' dir='ltr'><strong>contraxit</strong></span> <span class='ocrx_word' id='word_1_146' title='bbox 1883 2043 1895 2076; x_wconf 90' lang='lat'>:</span> <span class='ocrx_word' id='word_1_147' title='bbox 1921 2023 2060 2090; x_wconf 87' lang='lat' dir='ltr'><strong>Quid</strong></span> 
     </span>
    </p>
   </div>
   <div class='ocr_carea' id='block_1_23' title="bbox 491 2113 2060 2186">
    <p class='ocr_par' dir='ltr' id='par_1_23' title="bbox 491 2113 2060 2186">
     <span class='ocr_line' id='line_1_23' title="bbox 491 2113 2060 2186; baseline 0 -16"><span class='ocrx_word' id='word_1_148' title='bbox 491 2117 658 2186; x_wconf 81' lang='lat' dir='ltr'><strong>igitur</strong></span> <span class='ocrx_word' id='word_1_149' title='bbox 701 2116 891 2170; x_wconf 85' lang='lat' dir='ltr'><strong>absoni</strong></span> <span class='ocrx_word' id='word_1_150' title='bbox 942 2115 1069 2170; x_wconf 88' lang='lat' dir='ltr'><strong>fecit</strong></span> <span class='ocrx_word' id='word_1_151' title='bbox 1103 2116 1195 2169; x_wconf 90' lang='lat' dir='ltr'><strong>Dei</strong></span> <span class='ocrx_word' id='word_1_152' title='bbox 1246 2114 1512 2178; x_wconf 83' lang='lat' dir='ltr'><strong>Ecclesia,</strong></span> <span class='ocrx_word' id='word_1_153' title='bbox 1542 2113 1689 2182; x_wconf 90' lang='lat' dir='ltr'><strong>quod</strong></span> <span class='ocrx_word' id='word_1_154' title='bbox 1729 2128 1854 2167; x_wconf 92' lang='lat' dir='ltr'><strong>cum</strong></span> <span class='ocrx_word' id='word_1_155' title='bbox 1893 2114 2060 2184; x_wconf 86' lang='lat' dir='ltr'><strong>ipsius</strong></span> 
     </span>
    </p>
   </div>
   <div class='ocr_carea' id='block_1_24' title="bbox 491 2206 2059 2275">
    <p class='ocr_par' dir='ltr' id='par_1_24' title="bbox 491 2206 2059 2275">
     <span class='ocr_line' id='line_1_24' title="bbox 491 2206 2059 2275; baseline -0.001 -14"><span class='ocrx_word' id='word_1_156' title='bbox 491 2208 830 2262; x_wconf 87' lang='lat' dir='ltr'><strong>humanitate</strong></span> <span class='ocrx_word' id='word_1_157' title='bbox 853 2214 909 2262; x_wconf 91' lang='lat' dir='ltr'><strong>et</strong></span> <span class='ocrx_word' id='word_1_158' title='bbox 932 2215 1124 2262; x_wconf 88' lang='lat' dir='ltr'><strong>natura</strong></span> <span class='ocrx_word' id='word_1_159' title='bbox 1151 2216 1354 2268; x_wconf 90' lang='lat' dir='ltr'><strong>creata,</strong></span> <span class='ocrx_word' id='word_1_160' title='bbox 1381 2206 1481 2275; x_wconf 84' lang='lat' dir='ltr'><strong>ipsi</strong></span> <span class='ocrx_word' id='word_1_161' title='bbox 1506 2220 1723 2274; x_wconf 90' lang='lat' dir='ltr'><strong>quoque</strong></span> <span class='ocrx_word' id='word_1_162' title='bbox 1751 2221 1856 2275; x_wconf 88' lang='lat' dir='ltr'><strong>qua</strong></span> <span class='ocrx_word' id='word_1_163' title='bbox 1879 2214 2059 2260; x_wconf 87' lang='lat' dir='ltr'><strong>creata</strong></span> 
     </span>
    </p>
   </div>
   <div class='ocr_carea' id='block_1_25' title="bbox 489 2295 2064 2372">
    <p class='ocr_par' dir='ltr' id='par_1_25' title="bbox 489 2295 2064 2372">
     <span class='ocr_line' id='line_1_25' title="bbox 489 2295 2064 2372; baseline 0 -20"><span class='ocrx_word' id='word_1_164' title='bbox 489 2305 574 2372; x_wconf 82' lang='lat' dir='ltr'><strong>est</strong></span> <span class='ocrx_word' id='word_1_165' title='bbox 601 2297 668 2351; x_wconf 89' lang='lat' dir='ltr'><strong>ab</strong></span> <span class='ocrx_word' id='word_1_166' title='bbox 699 2312 766 2352; x_wconf 90' lang='lat' dir='ltr'><strong>eo</strong></span> <span class='ocrx_word' id='word_1_167' title='bbox 800 2297 1050 2360; x_wconf 89' lang='lat' dir='ltr'><strong>insertas,</strong></span> <span class='ocrx_word' id='word_1_168' title='bbox 1085 2297 1236 2351; x_wconf 90' lang='lat' dir='ltr'><strong>nullo</strong></span> <span class='ocrx_word' id='word_1_169' title='bbox 1268 2296 1506 2359; x_wconf 85' lang='lat' dir='ltr'><strong>defectu,</strong></span> <span class='ocrx_word' id='word_1_170' title='bbox 1553 2295 1792 2349; x_wconf 89' lang='lat' dir='ltr'><strong>rationes</strong></span> <span class='ocrx_word' id='word_1_171' title='bbox 1839 2295 2064 2352; x_wconf 84' lang='lat' dir='ltr'><strong>conﬁte-</strong></span> 
     </span>
    </p>
   </div>
   <div class='ocr_carea' id='block_1_26' title="bbox 491 2376 1922 2459">
    <p class='ocr_par' dir='ltr' id='par_1_26' title="bbox 491 2376 1922 2459">
     <span class='ocr_line' id='line_1_26' title="bbox 491 2376 1922 2459; baseline -0.003 -17"><span class='ocrx_word' id='word_1_172' title='bbox 491 2376 602 2456; x_wconf 81' lang='lat' dir='ltr'><strong>tur,</strong></span> <span class='ocrx_word' id='word_1_173' title='bbox 629 2389 747 2444; x_wconf 88' lang='lat' dir='ltr'><strong>sine</strong></span> <span class='ocrx_word' id='word_1_174' title='bbox 775 2387 978 2459; x_wconf 88' lang='lat' dir='ltr'><strong>quibus</strong></span> <span class='ocrx_word' id='word_1_175' title='bbox 1005 2403 1108 2442; x_wconf 89' lang='lat' dir='ltr'><strong>nec</strong></span> <span class='ocrx_word' id='word_1_176' title='bbox 1136 2397 1198 2442; x_wconf 89' lang='lat' dir='ltr'><strong>ut</strong></span> <span class='ocrx_word' id='word_1_177' title='bbox 1223 2394 1421 2441; x_wconf 86' lang='lat' dir='ltr'><strong>natura</strong></span> <span class='ocrx_word' id='word_1_178' title='bbox 1446 2384 1538 2450; x_wconf 88' lang='lat' dir='ltr'><strong>sit,</strong></span> <span class='ocrx_word' id='word_1_179' title='bbox 1569 2382 1686 2438; x_wconf 80' lang='lat' dir='ltr'><strong>fieri</strong></span> <span class='ocrx_word' id='word_1_180' title='bbox 1713 2383 1922 2452; x_wconf 81' lang='lat' dir='ltr'><strong>potest?</strong></span> 
     </span>
    </p>
   </div>
   <div class='ocr_carea' id='block_1_27' title="bbox 1121 2484 1433 2539">
    <p class='ocr_par' dir='ltr' id='par_1_27' title="bbox 1121 2484 1433 2539">
     <span class='ocr_line' id='line_1_27' title="bbox 1121 2484 1433 2539; baseline 0.003 -1"><span class='ocrx_word' id='word_1_181' title='bbox 1121 2484 1202 2539; x_wconf 73' lang='lat' dir='ltr'><strong>Ex</strong></span> <span class='ocrx_word' id='word_1_182' title='bbox 1233 2485 1433 2539; x_wconf 73' lang='lat' dir='ltr'><strong>eadem.</strong></span> 
     </span>
    </p>
   </div>
   <div class='ocr_carea' id='block_1_28' title="bbox 553 2571 2058 2646">
    <p class='ocr_par' dir='ltr' id='par_1_28' title="bbox 553 2571 2058 2646">
     <span class='ocr_line' id='line_1_28' title="bbox 553 2571 2058 2646; baseline -0.011 -5"><span class='ocrx_word' id='word_1_183' title='bbox 553 2584 612 2641; x_wconf 79' lang='lat' dir='ltr'><strong>Si</strong></span> <span class='ocrx_word' id='word_1_184' title='bbox 645 2598 708 2639; x_wconf 84' lang='lat' dir='ltr'><strong>ea</strong></span> <span class='ocrx_word' id='word_1_185' title='bbox 754 2591 960 2637; x_wconf 84' lang='lat' dir='ltr'><strong>tantum</strong></span> <span class='ocrx_word' id='word_1_186' title='bbox 1014 2578 1262 2635; x_wconf 78' lang='lat' dir='ltr'><strong>confiteri</strong></span> <span class='ocrx_word' id='word_1_187' title='bbox 1319 2585 1555 2646; x_wconf 89' lang='lat' dir='ltr'><strong>oportet,</strong></span> <span class='ocrx_word' id='word_1_188' title='bbox 1613 2586 1784 2644; x_wconf 68' lang='lat' dir='ltr'><strong>quaza</strong></span> <span class='ocrx_word' id='word_1_189' title='bbox 1833 2571 2058 2644; x_wconf 85' lang='lat' dir='ltr'><strong>synodis</strong></span> 
     </span>
    </p>
   </div>
   <div class='ocr_carea' id='block_1_29' title="bbox 481 2662 2047 2738">
    <p class='ocr_par' dir='ltr' id='par_1_29' title="bbox 481 2662 2047 2738">
     <span class='ocr_line' id='line_1_29' title="bbox 481 2662 2047 2738; baseline -0.01 -8"><span class='ocrx_word' id='word_1_190' title='bbox 481 2673 626 2730; x_wconf 88' lang='lat' dir='ltr'><strong>dicta</strong></span> <span class='ocrx_word' id='word_1_191' title='bbox 652 2682 928 2738; x_wconf 88' lang='lat' dir='ltr'><strong>sunt,nec</strong></span> <span class='ocrx_word' id='word_1_192' title='bbox 979 2685 1087 2725; x_wconf 89' lang='lat' dir='ltr'><strong>una</strong></span> <span class='ocrx_word' id='word_1_193' title='bbox 1140 2670 1228 2722; x_wconf 84' lang='lat' dir='ltr'><strong>Dei</strong></span> <span class='ocrx_word' id='word_1_194' title='bbox 1289 2664 1454 2720; x_wconf 81' lang='lat' dir='ltr'><strong>Verbi</strong></span> <span class='ocrx_word' id='word_1_195' title='bbox 1512 2675 1706 2718; x_wconf 85' lang='lat' dir='ltr'><strong>natura</strong></span> <span class='ocrx_word' id='word_1_196' title='bbox 1765 2662 2047 2716; x_wconf 85' lang='lat' dir='ltr'><strong>incarnata</strong></span> 
     </span>
    </p>
   </div>
   <div class='ocr_carea' id='block_1_30' title="bbox 480 2764 2059 2836">
    <p class='ocr_par' dir='ltr' id='par_1_30' title="bbox 480 2764 2059 2836">
     <span class='ocr_line' id='line_1_30' title="bbox 480 2764 2059 2836; baseline -0.001 -16"><span class='ocrx_word' id='word_1_197' title='bbox 480 2767 714 2821; x_wconf 87' lang='lat' dir='ltr'><strong>dicenda</strong></span> <span class='ocrx_word' id='word_1_198' title='bbox 757 2767 853 2832; x_wconf 88' lang='lat' dir='ltr'><strong>sit,</strong></span> <span class='ocrx_word' id='word_1_199' title='bbox 893 2781 1015 2835; x_wconf 77' lang='lat' dir='ltr'><strong>qua:</strong></span> <span class='ocrx_word' id='word_1_200' title='bbox 1042 2780 1262 2820; x_wconf 89' lang='lat' dir='ltr'><strong>omnem</strong></span> <span class='ocrx_word' id='word_1_201' title='bbox 1313 2764 1568 2836; x_wconf 87' lang='lat' dir='ltr'><strong>mysterii</strong></span> <span class='ocrx_word' id='word_1_202' title='bbox 1611 2765 1874 2834; x_wconf 90' lang='lat' dir='ltr'><strong>pietatem</strong></span> <span class='ocrx_word' id='word_1_203' title='bbox 1907 2779 2059 2819; x_wconf 83' lang='lat' dir='ltr'><strong>eom-</strong></span> 
     </span>
    </p>
   </div>
   <div class='ocr_carea' id='block_1_31' title="bbox 478 2855 2062 2927">
    <p class='ocr_par' dir='ltr' id='par_1_31' title="bbox 478 2855 2062 2927">
     <span class='ocr_line' id='line_1_31' title="bbox 478 2855 2062 2927; baseline 0.001 -20"><span class='ocrx_word' id='word_1_204' title='bbox 478 2856 764 2926; x_wconf 86' lang='lat' dir='ltr'><strong>pleetitur,</strong></span> <span class='ocrx_word' id='word_1_205' title='bbox 786 2870 911 2909; x_wconf 91' lang='lat' dir='ltr'><strong>cum</strong></span> <span class='ocrx_word' id='word_1_206' title='bbox 950 2855 1104 2909; x_wconf 90' lang='lat' dir='ltr'><strong>nullo</strong></span> <span class='ocrx_word' id='word_1_207' title='bbox 1129 2857 1324 2927; x_wconf 79' lang='lat' dir='ltr'><strong>synodi</strong></span> <span class='ocrx_word' id='word_1_208' title='bbox 1349 2857 1574 2912; x_wconf 90' lang='lat' dir='ltr'><strong>decreto</strong></span> <span class='ocrx_word' id='word_1_209' title='bbox 1600 2856 1748 2912; x_wconf 89' lang='lat' dir='ltr'><strong>edita</strong></span> <span class='ocrx_word' id='word_1_210' title='bbox 1771 2857 1861 2910; x_wconf 88' lang='lat' dir='ltr'><strong>sit.</strong></span> <span class='ocrx_word' id='word_1_211' title='bbox 1889 2855 2062 2922; x_wconf 86' lang='lat' dir='ltr'><strong>Quin-</strong></span> 
     </span>
    </p>
   </div>
   <div class='ocr_carea' id='block_1_32' title="bbox 481 2947 2062 3018">
    <p class='ocr_par' dir='ltr' id='par_1_32' title="bbox 481 2947 2062 3018">
     <span class='ocr_line' id='line_1_32' title="bbox 481 2947 2062 3018; baseline 0 -18"><span class='ocrx_word' id='word_1_212' title='bbox 481 2948 593 3000; x_wconf 91' lang='lat' dir='ltr'><strong>imo</strong></span> <span class='ocrx_word' id='word_1_213' title='bbox 625 2947 705 3001; x_wconf 88' lang='lat' dir='ltr'><strong>sic</strong></span> <span class='ocrx_word' id='word_1_214' title='bbox 734 2962 957 3016; x_wconf 88' lang='lat' dir='ltr'><strong>quoque</strong></span> <span class='ocrx_word' id='word_1_215' title='bbox 993 2963 1116 3002; x_wconf 92' lang='lat' dir='ltr'><strong>cum</strong></span> <span class='ocrx_word' id='word_1_216' title='bbox 1155 2947 1374 3002; x_wconf 88' lang='lat' dir='ltr'><strong>naturis</strong></span> <span class='ocrx_word' id='word_1_217' title='bbox 1400 2963 1705 3018; x_wconf 90' lang='lat' dir='ltr'><strong>earumque</strong></span> <span class='ocrx_word' id='word_1_218' title='bbox 1750 2947 2062 3017; x_wconf 86' lang='lat' dir='ltr'><strong>proprieta-</strong></span> 
     </span>
    </p>
   </div>
   <div class='ocr_carea' id='block_1_33' title="bbox 483 3037 2057 3103">
    <p class='ocr_par' dir='ltr' id='par_1_33' title="bbox 483 3037 2057 3103">
     <span class='ocr_line' id='line_1_33' title="bbox 483 3037 2057 3103; baseline 0.001 -13"><span class='ocrx_word' id='word_1_219' title='bbox 483 3039 653 3103; x_wconf 85' lang='lat' dir='ltr'><strong>tibus,</strong></span> <span class='ocrx_word' id='word_1_220' title='bbox 676 3037 843 3091; x_wconf 90' lang='lat' dir='ltr'><strong>etiam</strong></span> <span class='ocrx_word' id='word_1_221' title='bbox 871 3038 1187 3092; x_wconf 86' lang='lat' dir='ltr'><strong>voluntates</strong></span> <span class='ocrx_word' id='word_1_222' title='bbox 1213 3038 1470 3092; x_wconf 79' lang='lat' dir='ltr'><strong>confiteri</strong></span> <span class='ocrx_word' id='word_1_223' title='bbox 1502 3053 1732 3094; x_wconf 90' lang='lat' dir='ltr'><strong>necesse</strong></span> <span class='ocrx_word' id='word_1_224' title='bbox 1760 3038 2057 3093; x_wconf 88' lang='lat' dir='ltr'><strong>habebitis.</strong></span> 
     </span>
    </p>
   </div>
   <div class='ocr_carea' id='block_1_34' title="bbox 2162 567 3738 641">
    <p class='ocr_par' dir='ltr' id='par_1_34' title="bbox 2162 567 3738 641">
     <span class='ocr_line' id='line_1_34' title="bbox 2162 567 3738 641; baseline 0.002 -22"><span class='ocrx_word' id='word_1_225' title='bbox 2162 567 2291 630; x_wconf 82' lang='grc' dir='ltr'><strong>Θεὸς</strong></span> <span class='ocrx_word' id='word_1_226' title='bbox 2317 569 2344 620; x_wconf 83' lang='grc' dir='ltr'>ὁ</span> <span class='ocrx_word' id='word_1_227' title='bbox 2373 569 2534 631; x_wconf 73' lang='grc' dir='ltr'>αὐτὸς</span> <span class='ocrx_word' id='word_1_228' title='bbox 2565 569 2910 638; x_wconf 84' lang='grc' dir='ltr'>καταλλήλως</span> <span class='ocrx_word' id='word_1_229' title='bbox 2939 573 3004 641; x_wconf 83' lang='grc' dir='ltr'>τῇ</span> <span class='ocrx_word' id='word_1_230' title='bbox 3047 570 3211 624; x_wconf 76' lang='grc' dir='ltr'>αὐτοῦ</span> <span class='ocrx_word' id='word_1_231' title='bbox 3265 570 3481 641; x_wconf 85' lang='grc' dir='ltr'>θεότητι</span> <span class='ocrx_word' id='word_1_232' title='bbox 3519 571 3738 641; x_wconf 74' lang='grc' dir='ltr'>ἤθελεν,</span> 
     </span>
    </p>
   </div>
   <div class='ocr_carea' id='block_1_35' title="bbox 2162 659 3742 733">
    <p class='ocr_par' dir='ltr' id='par_1_35' title="bbox 2162 659 3742 733">
     <span class='ocr_line' id='line_1_35' title="bbox 2162 659 3742 733; baseline 0.004 -21"><span class='ocrx_word' id='word_1_233' title='bbox 2162 659 2296 712; x_wconf 74' lang='grc' dir='ltr'>ἀλλὰ</span> <span class='ocrx_word' id='word_1_234' title='bbox 2324 660 2417 712; x_wconf 73' lang='grc' dir='ltr'><strong>καὶ</strong></span> <span class='ocrx_word' id='word_1_235' title='bbox 2447 660 2520 723; x_wconf 86' lang='grc' dir='ltr'>ὡς</span> <span class='ocrx_word' id='word_1_236' title='bbox 2545 659 2830 730; x_wconf 82' lang='grc' dir='ltr'>ἄνθρωπος</span> <span class='ocrx_word' id='word_1_237' title='bbox 2850 664 2877 714; x_wconf 78' lang='grc' dir='ltr'><strong><em>ὁ</em></strong></span> <span class='ocrx_word' id='word_1_238' title='bbox 2903 663 3062 725; x_wconf 86' lang='grc' dir='ltr'>αύτὸς</span> <span class='ocrx_word' id='word_1_239' title='bbox 3087 661 3435 732; x_wconf 75' lang='grc' dir='ltr'>καταλλήλως</span> <span class='ocrx_word' id='word_1_240' title='bbox 3463 665 3529 733; x_wconf 83' lang='grc' dir='ltr'>τῇ</span> <span class='ocrx_word' id='word_1_241' title='bbox 3565 664 3742 718; x_wconf 56' lang='lat' dir='ltr'><strong>adeo;</strong></span> 
     </span>
    </p>
   </div>
   <div class='ocr_carea' id='block_1_36' title="bbox 2161 749 3745 822">
    <p class='ocr_par' dir='ltr' id='par_1_36' title="bbox 2161 749 3745 822">
     <span class='ocr_line' id='line_1_36' title="bbox 2161 749 3745 822; baseline 0.002 -21"><span class='ocrx_word' id='word_1_242' title='bbox 2161 749 2558 817; x_wconf 83' lang='grc' dir='ltr'>ἀνθρωπότητι.</span> <span class='ocrx_word' id='word_1_243' title='bbox 2603 751 2662 802; x_wconf 85' lang='grc' dir='ltr'><strong>Εἰ</strong></span> <span class='ocrx_word' id='word_1_244' title='bbox 2687 751 2795 820; x_wconf 75' lang='grc' dir='ltr'>γὰρ</span> <span class='ocrx_word' id='word_1_245' title='bbox 2832 751 2889 816; x_wconf 79' lang='grc' dir='ltr'><strong>ἐξ</strong></span> <span class='ocrx_word' id='word_1_246' title='bbox 2922 751 3018 804; x_wconf 86' lang='grc' dir='ltr'><strong>οὐκ</strong></span> <span class='ocrx_word' id='word_1_247' title='bbox 3043 751 3216 804; x_wconf 89' lang='grc' dir='ltr'>ὄντων</span> <span class='ocrx_word' id='word_1_248' title='bbox 3242 752 3310 804; x_wconf 76' lang='grc' dir='ltr'>τὰ</span> <span class='ocrx_word' id='word_1_249' title='bbox 3351 751 3478 803; x_wconf 85' lang='grc' dir='ltr'>ὄντα</span> <span class='ocrx_word' id='word_1_250' title='bbox 3510 753 3745 822; x_wconf 75' lang='grc' dir='ltr'>γενόμε-</span> 
     </span>
    </p>
   </div>
   <div class='ocr_carea' id='block_1_37' title="bbox 2163 835 3744 912">
    <p class='ocr_par' dir='ltr' id='par_1_37' title="bbox 2163 835 3744 912">
     <span class='ocr_line' id='line_1_37' title="bbox 2163 835 3744 912; baseline 0.004 -27"><span class='ocrx_word' id='word_1_251' title='bbox 2163 852 2248 897; x_wconf 86' lang='grc' dir='ltr'><strong>να,</strong></span> <span class='ocrx_word' id='word_1_252' title='bbox 2277 837 2368 886; x_wconf 71' lang='grc' dir='ltr'><strong>καὶ</strong></span> <span class='ocrx_word' id='word_1_253' title='bbox 2396 835 2488 887; x_wconf 81' lang='grc' dir='ltr'>τοῦ</span> <span class='ocrx_word' id='word_1_254' title='bbox 2515 835 2684 902; x_wconf 85' lang='grc' dir='ltr'>ὄντος,</span> <span class='ocrx_word' id='word_1_255' title='bbox 2716 838 2774 889; x_wconf 82' lang='grc' dir='ltr'><strong>ού</strong></span> <span class='ocrx_word' id='word_1_256' title='bbox 2799 837 2891 889; x_wconf 75' lang='grc' dir='ltr'>τοῦ</span> <span class='ocrx_word' id='word_1_257' title='bbox 2917 838 2991 908; x_wconf 83' lang='grc' dir='ltr'>μὴ</span> <span class='ocrx_word' id='word_1_258' title='bbox 3021 838 3171 902; x_wconf 82' lang='grc' dir='ltr'><strong>ὄντος</strong></span> <span class='ocrx_word' id='word_1_259' title='bbox 3200 839 3384 909; x_wconf 80' lang='grc' dir='ltr'>ἔχουσι</span> <span class='ocrx_word' id='word_1_260' title='bbox 3405 840 3744 912; x_wconf 77' lang='grc' dir='ltr'>ἁνθεκτικὴν</span> 
     </span>
    </p>
   </div>
   <div class='ocr_carea' id='block_1_38' title="bbox 2163 927 3743 1004">
    <p class='ocr_par' dir='ltr' id='par_1_38' title="bbox 2163 927 3743 1004">
     <span class='ocr_line' id='line_1_38' title="bbox 2163 927 3743 1004; baseline 0.005 -24"><span class='ocrx_word' id='word_1_261' title='bbox 2163 927 2391 996; x_wconf 77' lang='grc' dir='ltr'>δύναμιν</span> <span class='ocrx_word' id='word_1_262' title='bbox 2418 944 2432 956; x_wconf 73' lang='grc' dir='ltr'><strong>ο</strong></span> <span class='ocrx_word' id='word_1_263' title='bbox 2465 928 2670 998; x_wconf 76' lang='grc' dir='ltr'>ταύτης</span> <span class='ocrx_word' id='word_1_264' title='bbox 2699 929 2756 982; x_wconf 81' lang='grc' dir='ltr'><strong>δὲ</strong></span> <span class='ocrx_word' id='word_1_265' title='bbox 2788 931 2925 984; x_wconf 84' lang='grc' dir='ltr'><strong>κατὰ</strong></span> <span class='ocrx_word' id='word_1_266' title='bbox 2955 930 3117 1000; x_wconf 86' lang='grc' dir='ltr'>φύσιν</span> <span class='ocrx_word' id='word_1_267' title='bbox 3149 931 3278 986; x_wconf 79' lang='grc' dir='ltr'>ἴδιον</span> <span class='ocrx_word' id='word_1_268' title='bbox 3307 937 3341 1004; x_wconf 84' lang='grc' dir='ltr'><strong>ὴ</strong></span> <span class='ocrx_word' id='word_1_269' title='bbox 3379 935 3515 1004; x_wconf 83' lang='grc' dir='ltr'>πρὸς</span> <span class='ocrx_word' id='word_1_270' title='bbox 3539 936 3608 988; x_wconf 80' lang='grc' dir='ltr'>τὰ</span> <span class='ocrx_word' id='word_1_271' title='bbox 3640 953 3743 987; x_wconf 84' lang='grc' dir='ltr'>συ-</span> 
     </span>
    </p>
   </div>
   <div class='ocr_carea' id='block_1_39' title="bbox 2166 1017 3741 1095">
    <p class='ocr_par' dir='ltr' id='par_1_39' title="bbox 2166 1017 3741 1095">
     <span class='ocr_line' id='line_1_39' title="bbox 2166 1017 3741 1095; baseline 0.01 -28"><span class='ocrx_word' id='word_1_272' title='bbox 2166 1017 2394 1069; x_wconf 83' lang='grc' dir='ltr'>στατικὰ</span> <span class='ocrx_word' id='word_1_273' title='bbox 2416 1018 2460 1048; x_wconf 72' lang='lat'><strong>&quot;</strong></span> <span class='ocrx_word' id='word_1_274' title='bbox 2491 1018 2653 1089; x_wconf 81' lang='grc' dir='ltr'>ὁρμὴ,</span> <span class='ocrx_word' id='word_1_275' title='bbox 2691 1021 2784 1072; x_wconf 78' lang='grc' dir='ltr'>καὶ</span> <span class='ocrx_word' id='word_1_276' title='bbox 2834 1021 2968 1090; x_wconf 85' lang='grc' dir='ltr'>πρὸς</span> <span class='ocrx_word' id='word_1_277' title='bbox 3025 1023 3092 1076; x_wconf 82' lang='grc' dir='ltr'>τὰ</span> <span class='ocrx_word' id='word_1_278' title='bbox 3146 1022 3420 1095; x_wconf 75' lang='grc' dir='ltr'><strong>φθαρτικὰ</strong></span> <span class='ocrx_word' id='word_1_279' title='bbox 3468 1027 3741 1095; x_wconf 82' lang='grc' dir='ltr'>ἀφορμή·</span> 
     </span>
    </p>
   </div>
   <div class='ocr_carea' id='block_1_40' title="bbox 2163 1108 3749 1184">
    <p class='ocr_par' dir='ltr' id='par_1_40' title="bbox 2163 1108 3749 1184">
     <span class='ocr_line' id='line_1_40' title="bbox 2163 1108 3749 1184; baseline 0.006 -23"><span class='ocrx_word' id='word_1_280' title='bbox 2163 1108 2271 1179; x_wconf 81' lang='grc' dir='ltr'>ἄρα</span> <span class='ocrx_word' id='word_1_281' title='bbox 2299 1110 2393 1160; x_wconf 80' lang='grc' dir='ltr'><strong>καί</strong></span> <span class='ocrx_word' id='word_1_282' title='bbox 2429 1111 2458 1162; x_wconf 84' lang='grc' dir='ltr'><strong>δ</strong></span> <span class='ocrx_word' id='word_1_283' title='bbox 2492 1112 2811 1180; x_wconf 84' lang='grc' dir='ltr'>ὑπερούσιος</span> <span class='ocrx_word' id='word_1_284' title='bbox 2831 1114 3024 1181; x_wconf 80' lang='grc' dir='ltr'>Λόγος,</span> <span class='ocrx_word' id='word_1_285' title='bbox 3043 1114 3404 1184; x_wconf 82' lang='grc' dir='ltr'><strong>ἀνθρωπικῶς</strong></span> <span class='ocrx_word' id='word_1_286' title='bbox 3427 1117 3749 1180; x_wconf 74' lang='grc' dir='ltr'>ούσιωθεὶς,</span> 
     </span>
    </p>
   </div>
   <div class='ocr_carea' id='block_1_41' title="bbox 2165 1201 3747 1278">
    <p class='ocr_par' dir='ltr' id='par_1_41' title="bbox 2165 1201 3747 1278">
     <span class='ocr_line' id='line_1_41' title="bbox 2165 1201 3747 1278; baseline 0.006 -26"><span class='ocrx_word' id='word_1_287' title='bbox 2165 1201 2291 1270; x_wconf 74' lang='grc' dir='ltr'>ἔσχε</span> <span class='ocrx_word' id='word_1_288' title='bbox 2327 1201 2419 1254; x_wconf 70' lang='grc' dir='ltr'>καὶ</span> <span class='ocrx_word' id='word_1_289' title='bbox 2447 1201 2540 1255; x_wconf 76' lang='grc' dir='ltr'>τοῦ</span> <span class='ocrx_word' id='word_1_290' title='bbox 2570 1203 2721 1266; x_wconf 88' lang='grc' dir='ltr'>ὄντος</span> <span class='ocrx_word' id='word_1_291' title='bbox 2749 1205 2850 1274; x_wconf 79' lang='grc' dir='ltr'>τῆς</span> <span class='ocrx_word' id='word_1_292' title='bbox 2876 1205 3038 1257; x_wconf 81' lang='grc' dir='ltr'>αὐτοῦ</span> <span class='ocrx_word' id='word_1_293' title='bbox 3075 1205 3492 1278; x_wconf 83' lang='grc' dir='ltr'>ἀνθρωπότητος</span> <span class='ocrx_word' id='word_1_294' title='bbox 3512 1207 3611 1278; x_wconf 70' lang='grc' dir='ltr'>τὴν</span> <span class='ocrx_word' id='word_1_295' title='bbox 3647 1210 3747 1261; x_wconf 82' lang='grc' dir='ltr'>ἁν-</span> 
     </span>
    </p>
   </div>
   <div class='ocr_carea' id='block_1_42' title="bbox 2165 1290 3745 1369">
    <p class='ocr_par' dir='ltr' id='par_1_42' title="bbox 2165 1290 3745 1369">
     <span class='ocr_line' id='line_1_42' title="bbox 2165 1290 3745 1369; baseline 0.006 -26"><span class='ocrx_word' id='word_1_296' title='bbox 2165 1291 2418 1363; x_wconf 77' lang='grc' dir='ltr'>Θεκτικὴν</span> <span class='ocrx_word' id='word_1_297' title='bbox 2446 1293 2672 1364; x_wconf 85' lang='grc' dir='ltr'>δύναμιν</span> <span class='ocrx_word' id='word_1_298' title='bbox 2699 1309 2713 1322; x_wconf 72' lang='grc'>⁸</span> <span class='ocrx_word' id='word_1_299' title='bbox 2745 1290 2811 1365; x_wconf 84' lang='grc' dir='ltr'>ἧς</span> <span class='ocrx_word' id='word_1_300' title='bbox 2836 1294 2933 1366; x_wconf 80' lang='grc' dir='ltr'>τὴν</span> <span class='ocrx_word' id='word_1_301' title='bbox 2961 1295 3134 1367; x_wconf 81' lang='grc' dir='ltr'>ὁρμὴν</span> <span class='ocrx_word' id='word_1_302' title='bbox 3167 1299 3256 1350; x_wconf 69' lang='grc' dir='ltr'>καὶ</span> <span class='ocrx_word' id='word_1_303' title='bbox 3288 1297 3540 1369; x_wconf 76' lang='grc' dir='ltr'>ἀφορμὴν</span> <span class='ocrx_word' id='word_1_304' title='bbox 3567 1298 3745 1353; x_wconf 76' lang='grc' dir='ltr'>θέλων</span> 
     </span>
    </p>
   </div>
   <div class='ocr_carea' id='block_1_43' title="bbox 2161 1382 3748 1460">
    <p class='ocr_par' dir='ltr' id='par_1_43' title="bbox 2161 1382 3748 1460">
     <span class='ocr_line' id='line_1_43' title="bbox 2161 1382 3748 1460; baseline 0.005 -24"><span class='ocrx_word' id='word_1_305' title='bbox 2161 1382 2229 1436; x_wconf 85' lang='grc' dir='ltr'>δι’</span> <span class='ocrx_word' id='word_1_306' title='bbox 2258 1385 2534 1454; x_wconf 69' lang='grc' dir='ltr'>ἐνεργείας</span> <span class='ocrx_word' id='word_1_307' title='bbox 2567 1385 2732 1451; x_wconf 73' lang='grc' dir='ltr'>ἔδειξε</span> <span class='ocrx_word' id='word_1_308' title='bbox 2755 1403 2768 1416; x_wconf 89' lang='grc'><strong>·</strong></span> <span class='ocrx_word' id='word_1_309' title='bbox 2801 1388 2899 1457; x_wconf 80' lang='grc' dir='ltr'>τὴν</span> <span class='ocrx_word' id='word_1_310' title='bbox 2932 1387 3032 1456; x_wconf 82' lang='grc' dir='ltr'><strong>μὲν</strong></span> <span class='ocrx_word' id='word_1_311' title='bbox 3057 1389 3232 1460; x_wconf 80' lang='grc' dir='ltr'>ὁρμὴν</span> <span class='ocrx_word' id='word_1_312' title='bbox 3257 1390 3313 1442; x_wconf 87' lang='grc' dir='ltr'>ὲν</span> <span class='ocrx_word' id='word_1_313' title='bbox 3335 1390 3412 1460; x_wconf 90' lang='grc' dir='ltr'>τῷ</span> <span class='ocrx_word' id='word_1_314' title='bbox 3433 1394 3547 1454; x_wconf 85' lang='grc' dir='ltr'>τοῖς</span> <span class='ocrx_word' id='word_1_315' title='bbox 3576 1409 3748 1459; x_wconf 81' lang='grc' dir='ltr'>φυσι-</span> 
     </span>
    </p>
   </div>
   <div class='ocr_carea' id='block_1_44' title="bbox 2163 1474 3749 1551">
    <p class='ocr_par' dir='ltr' id='par_1_44' title="bbox 2163 1474 3749 1551">
     <span class='ocr_line' id='line_1_44' title="bbox 2163 1474 3749 1551; baseline 0.004 -23"><span class='ocrx_word' id='word_1_316' title='bbox 2163 1476 2278 1538; x_wconf 82' lang='grc' dir='ltr'><strong>κοῖς</strong></span> <span class='ocrx_word' id='word_1_317' title='bbox 2307 1475 2400 1527; x_wconf 77' lang='grc' dir='ltr'><strong>καὶ</strong></span> <span class='ocrx_word' id='word_1_318' title='bbox 2429 1474 2766 1546; x_wconf 81' lang='grc' dir='ltr'>ἀδιαδλήτοις</span> <span class='ocrx_word' id='word_1_319' title='bbox 2790 1476 3042 1530; x_wconf 73' lang='grc' dir='ltr'>τοσοῦτον</span> <span class='ocrx_word' id='word_1_320' title='bbox 3071 1479 3400 1548; x_wconf 77' lang='grc' dir='ltr'>χρήσασθαι,</span> <span class='ocrx_word' id='word_1_321' title='bbox 3431 1479 3506 1544; x_wconf 84' lang='grc' dir='ltr'>ὡς</span> <span class='ocrx_word' id='word_1_322' title='bbox 3536 1481 3635 1534; x_wconf 69' lang='grc' dir='ltr'><strong>καὶ</strong></span> <span class='ocrx_word' id='word_1_323' title='bbox 3668 1481 3749 1551; x_wconf 78' lang='grc' dir='ltr'>μὴ</span> 
     </span>
    </p>
   </div>
   <div class='ocr_carea' id='block_1_45' title="bbox 2162 1565 3747 1642">
    <p class='ocr_par' dir='ltr' id='par_1_45' title="bbox 2162 1565 3747 1642">
     <span class='ocr_line' id='line_1_45' title="bbox 2162 1565 3747 1642; baseline 0.004 -25"><span class='ocrx_word' id='word_1_324' title='bbox 2162 1565 2295 1618; x_wconf 82' lang='grc' dir='ltr'>Θεὸν</span> <span class='ocrx_word' id='word_1_325' title='bbox 2323 1568 2436 1629; x_wconf 81' lang='grc' dir='ltr'>τοῖς</span> <span class='ocrx_word' id='word_1_326' title='bbox 2466 1568 2713 1631; x_wconf 81' lang='grc' dir='ltr'><strong>ἀπίστοις</strong></span> <span class='ocrx_word' id='word_1_327' title='bbox 2732 1567 3046 1638; x_wconf 74' lang='grc' dir='ltr'>νομίζεσθαι</span> <span class='ocrx_word' id='word_1_328' title='bbox 3075 1587 3088 1601; x_wconf 88' lang='grc'><strong>·</strong></span> <span class='ocrx_word' id='word_1_329' title='bbox 3124 1569 3221 1642; x_wconf 81' lang='grc' dir='ltr'>τὴν</span> <span class='ocrx_word' id='word_1_330' title='bbox 3265 1571 3321 1623; x_wconf 82' lang='grc' dir='ltr'>δὲ</span> <span class='ocrx_word' id='word_1_331' title='bbox 3368 1572 3624 1642; x_wconf 78' lang='grc' dir='ltr'>ἀφορμὴν</span> <span class='ocrx_word' id='word_1_332' title='bbox 3688 1576 3747 1625; x_wconf 76' lang='grc' dir='ltr'>ἐν</span> 
     </span>
    </p>
   </div>
   <div class='ocr_carea' id='block_1_46' title="bbox 2161 1657 3746 1734">
    <p class='ocr_par' dir='ltr' id='par_1_46' title="bbox 2161 1657 3746 1734">
     <span class='ocr_line' id='line_1_46' title="bbox 2161 1657 3746 1734; baseline 0.004 -26"><span class='ocrx_word' id='word_1_333' title='bbox 2161 1657 2238 1726; x_wconf 83' lang='grc' dir='ltr'>τῷ</span> <span class='ocrx_word' id='word_1_334' title='bbox 2269 1657 2442 1728; x_wconf 78' lang='grc' dir='ltr'>καιρῷ</span> <span class='ocrx_word' id='word_1_335' title='bbox 2479 1659 2570 1711; x_wconf 79' lang='grc' dir='ltr'>τοῦ</span> <span class='ocrx_word' id='word_1_336' title='bbox 2606 1660 2830 1724; x_wconf 80' lang='grc' dir='ltr'>πάθους,</span> <span class='ocrx_word' id='word_1_337' title='bbox 2864 1661 3126 1724; x_wconf 75' lang='grc' dir='ltr'>ἑκουσίως</span> <span class='ocrx_word' id='word_1_338' title='bbox 3160 1662 3256 1733; x_wconf 86' lang='grc' dir='ltr'><strong>τὴν</strong></span> <span class='ocrx_word' id='word_1_339' title='bbox 3287 1662 3422 1734; x_wconf 84' lang='grc' dir='ltr'>πρὸς</span> <span class='ocrx_word' id='word_1_340' title='bbox 3447 1664 3537 1716; x_wconf 90' lang='grc' dir='ltr'><strong>τὸν</strong></span> <span class='ocrx_word' id='word_1_341' title='bbox 3570 1665 3746 1717; x_wconf 76' lang='grc' dir='ltr'>θάνα-</span> 
     </span>
    </p>
   </div>
   <div class='ocr_carea' id='block_1_47' title="bbox 2162 1748 3746 1822">
    <p class='ocr_par' dir='ltr' id='par_1_47' title="bbox 2162 1748 3746 1822">
     <span class='ocr_line' id='line_1_47' title="bbox 2162 1748 3746 1822; baseline 0.003 -23"><span class='ocrx_word' id='word_1_342' title='bbox 2162 1764 2253 1800; x_wconf 90' lang='grc' dir='ltr'><strong>τον</strong></span> <span class='ocrx_word' id='word_1_343' title='bbox 2285 1749 2542 1817; x_wconf 73' lang='grc' dir='ltr'>συστολὴν</span> <span class='ocrx_word' id='word_1_344' title='bbox 2572 1752 2922 1819; x_wconf 82' lang='grc' dir='ltr'>ποιήσασθαι.</span> <span class='ocrx_word' id='word_1_345' title='bbox 2952 1751 3017 1802; x_wconf 90' lang='grc' dir='ltr'><strong>Τί</strong></span> <span class='ocrx_word' id='word_1_346' title='bbox 3051 1748 3143 1804; x_wconf 77' lang='grc' dir='ltr'><strong>οὖν</strong></span> <span class='ocrx_word' id='word_1_347' title='bbox 3169 1751 3276 1804; x_wconf 86' lang='grc' dir='ltr'><strong>τῶν</strong></span> <span class='ocrx_word' id='word_1_348' title='bbox 3307 1752 3524 1805; x_wconf 79' lang='grc' dir='ltr'>ἀτόπων</span> <span class='ocrx_word' id='word_1_349' title='bbox 3559 1754 3593 1822; x_wconf 75' lang='grc' dir='ltr'>ἡ</span> <span class='ocrx_word' id='word_1_350' title='bbox 3643 1751 3746 1804; x_wconf 76' lang='grc' dir='ltr'>τοῦ</span> 
     </span>
    </p>
   </div>
   <div class='ocr_carea' id='block_1_48' title="bbox 2163 1838 3747 1915">
    <p class='ocr_par' dir='ltr' id='par_1_48' title="bbox 2163 1838 3747 1915">
     <span class='ocr_line' id='line_1_48' title="bbox 2163 1838 3747 1915; baseline 0.004 -26"><span class='ocrx_word' id='word_1_351' title='bbox 2163 1838 2297 1890; x_wconf 76' lang='grc' dir='ltr'>Θεοῦ</span> <span class='ocrx_word' id='word_1_352' title='bbox 2347 1841 2629 1911; x_wconf 75' lang='grc' dir='ltr'>πέπρακεν</span> <span class='ocrx_word' id='word_1_353' title='bbox 2672 1843 2994 1912; x_wconf 80' lang='grc' dir='ltr'>Ἐκκλησία,</span> <span class='ocrx_word' id='word_1_354' title='bbox 3040 1845 3177 1914; x_wconf 87' lang='grc' dir='ltr'><strong>μετὰ</strong></span> <span class='ocrx_word' id='word_1_355' title='bbox 3229 1845 3323 1915; x_wconf 76' lang='grc' dir='ltr'>τῆς</span> <span class='ocrx_word' id='word_1_356' title='bbox 3386 1843 3747 1914; x_wconf 73' lang='grc' dir='ltr'>ἀνθρωπίνης</span> 
     </span>
    </p>
   </div>
   <div class='ocr_carea' id='block_1_49' title="bbox 2161 1929 3747 2008">
    <p class='ocr_par' dir='ltr' id='par_1_49' title="bbox 2161 1929 3747 2008">
     <span class='ocr_line' id='line_1_49' title="bbox 2161 1929 3747 2008; baseline 0.003 -25"><span class='ocrx_word' id='word_1_357' title='bbox 2161 1929 2328 1983; x_wconf 77' lang='grc' dir='ltr'>αὑτοῦ</span> <span class='ocrx_word' id='word_1_358' title='bbox 2370 1933 2461 1984; x_wconf 74' lang='grc' dir='ltr'><strong>καὶ</strong></span> <span class='ocrx_word' id='word_1_359' title='bbox 2498 1935 2720 2004; x_wconf 78' lang='grc' dir='ltr'>κτιστῆς</span> <span class='ocrx_word' id='word_1_360' title='bbox 2756 1935 2990 2004; x_wconf 79' lang='grc' dir='ltr'>φύσεως,</span> <span class='ocrx_word' id='word_1_361' title='bbox 3026 1938 3119 1990; x_wconf 79' lang='grc' dir='ltr'><strong>καὶ</strong></span> <span class='ocrx_word' id='word_1_362' title='bbox 3145 1954 3271 1999; x_wconf 90' lang='grc' dir='ltr'>τους</span> <span class='ocrx_word' id='word_1_363' title='bbox 3326 1936 3747 2008; x_wconf 77' lang='grc' dir='ltr'><strong>δημιουργικῶς</strong></span> 
     </span>
    </p>
   </div>
   <div class='ocr_carea' id='block_1_50' title="bbox 2145 2022 3746 2098">
    <p class='ocr_par' dir='ltr' id='par_1_50' title="bbox 2145 2022 3746 2098">
     <span class='ocr_line' id='line_1_50' title="bbox 2145 2022 3746 2098; baseline 0.004 -24"><span class='ocrx_word' id='word_1_364' title='bbox 2145 2022 2301 2092; x_wconf 83' lang='grc' dir='ltr'>ἀύτῇ</span> <span class='ocrx_word' id='word_1_365' title='bbox 2353 2024 2484 2094; x_wconf 85' lang='grc' dir='ltr'>παρ’</span> <span class='ocrx_word' id='word_1_366' title='bbox 2527 2027 2691 2078; x_wconf 67' lang='grc' dir='ltr'>αὐτοῦ</span> <span class='ocrx_word' id='word_1_367' title='bbox 2747 2028 3061 2092; x_wconf 81' lang='grc' dir='ltr'>ὲντεθὲντας</span> <span class='ocrx_word' id='word_1_368' title='bbox 3112 2031 3168 2080; x_wconf 79' lang='grc' dir='ltr'>ἐν</span> <span class='ocrx_word' id='word_1_369' title='bbox 3225 2029 3372 2098; x_wconf 74' lang='grc' dir='ltr'>αὐτῷ</span> <span class='ocrx_word' id='word_1_370' title='bbox 3434 2029 3746 2090; x_wconf 78' lang='grc' dir='ltr'>ἀνελλιπῶς</span> 
     </span>
    </p>
   </div>
   <div class='ocr_carea' id='block_1_51' title="bbox 2161 2110 3742 2188">
    <p class='ocr_par' dir='ltr' id='par_1_51' title="bbox 2161 2110 3742 2188">
     <span class='ocr_line' id='line_1_51' title="bbox 2161 2110 3742 2188; baseline 0.003 -26"><span class='ocrx_word' id='word_1_371' title='bbox 2161 2110 2496 2180; x_wconf 72' lang='grc' dir='ltr'>ὁμολογοῦσα</span> <span class='ocrx_word' id='word_1_372' title='bbox 2546 2114 2754 2184; x_wconf 83' lang='grc' dir='ltr'>λόγους,</span> <span class='ocrx_word' id='word_1_373' title='bbox 2799 2111 2871 2169; x_wconf 81' lang='grc' dir='ltr'>ὧν</span> <span class='ocrx_word' id='word_1_374' title='bbox 2927 2118 3022 2170; x_wconf 71' lang='grc' dir='ltr'><strong>καὶ</strong></span> <span class='ocrx_word' id='word_1_375' title='bbox 3080 2117 3208 2171; x_wconf 81' lang='grc' dir='ltr'>ἄνευ</span> <span class='ocrx_word' id='word_1_376' title='bbox 3258 2114 3397 2169; x_wconf 76' lang='grc' dir='ltr'>εἶναι</span> <span class='ocrx_word' id='word_1_377' title='bbox 3428 2117 3527 2188; x_wconf 75' lang='grc' dir='ltr'><strong>τὴν</strong></span> <span class='ocrx_word' id='word_1_378' title='bbox 3573 2119 3742 2186; x_wconf 79' lang='grc' dir='ltr'>φύσιν</span> 
     </span>
    </p>
   </div>
   <div class='ocr_carea' id='block_1_52' title="bbox 2161 2202 2463 2269">
    <p class='ocr_par' dir='ltr' id='par_1_52' title="bbox 2161 2202 2463 2269">
     <span class='ocr_line' id='line_1_52' title="bbox 2161 2202 2463 2269; baseline 0.007 -15"><span class='ocrx_word' id='word_1_379' title='bbox 2161 2202 2416 2256; x_wconf 76' lang='grc' dir='ltr'>ἀδύνατον</span> <span class='ocrx_word' id='word_1_380' title='bbox 2450 2221 2463 2269; x_wconf 86' lang='grc'><strong>;</strong></span> 
     </span>
    </p>
   </div>
   <div class='ocr_carea' id='block_1_53' title="bbox 2707 2473 3182 2542">
    <p class='ocr_par' dir='ltr' id='par_1_53' title="bbox 2707 2473 3182 2542">
     <span class='ocr_line' id='line_1_53' title="bbox 2707 2473 3182 2542; baseline 0.004 -16"><span class='ocrx_word' id='word_1_381' title='bbox 2707 2477 2803 2528; x_wconf 79' lang='grc' dir='ltr'><strong>“Ι’κ</strong></span> <span class='ocrx_word' id='word_1_382' title='bbox 2837 2473 2946 2540; x_wconf 85' lang='grc' dir='ltr'>τῆς</span> <span class='ocrx_word' id='word_1_383' title='bbox 2973 2475 3182 2542; x_wconf 69' lang='grc' dir='ltr'>αὐτῆς.</span> 
     </span>
    </p>
   </div>
   <div class='ocr_carea' id='block_1_54' title="bbox 2237 2567 3744 2643">
    <p class='ocr_par' dir='ltr' id='par_1_54' title="bbox 2237 2567 3744 2643">
     <span class='ocr_line' id='line_1_54' title="bbox 2237 2567 3744 2643; baseline 0.005 -24"><span class='ocrx_word' id='word_1_384' title='bbox 2237 2568 2296 2620; x_wconf 79' lang='lat' dir='ltr'><strong>El</strong></span> <span class='ocrx_word' id='word_1_385' title='bbox 2326 2568 2394 2621; x_wconf 71' lang='grc' dir='ltr'><strong>τὰ</strong></span> <span class='ocrx_word' id='word_1_386' title='bbox 2447 2569 2742 2631; x_wconf 85' lang='grc' dir='ltr'>συνοδικῶς</span> <span class='ocrx_word' id='word_1_387' title='bbox 2805 2567 2899 2619; x_wconf 80' lang='grc' dir='ltr'>καὶ</span> <span class='ocrx_word' id='word_1_388' title='bbox 2929 2568 3093 2636; x_wconf 78' lang='grc' dir='ltr'>μόνον</span> <span class='ocrx_word' id='word_1_389' title='bbox 3152 2569 3421 2640; x_wconf 73' lang='grc' dir='ltr'>εἰρημένα</span> <span class='ocrx_word' id='word_1_390' title='bbox 3446 2571 3558 2643; x_wconf 75' lang='grc' dir='ltr'><strong>χρὴ</strong></span> <span class='ocrx_word' id='word_1_391' title='bbox 3607 2574 3744 2643; x_wconf 78' lang='grc' dir='ltr'>δμο-</span> 
     </span>
    </p>
   </div>
   <div class='ocr_carea' id='block_1_55' title="bbox 2163 2659 3742 2733">
    <p class='ocr_par' dir='ltr' id='par_1_55' title="bbox 2163 2659 3742 2733">
     <span class='ocr_line' id='line_1_55' title="bbox 2163 2659 3742 2733; baseline 0.001 -19"><span class='ocrx_word' id='word_1_392' title='bbox 2163 2662 2366 2728; x_wconf 85' lang='grc' dir='ltr'>λογείν,</span> <span class='ocrx_word' id='word_1_393' title='bbox 2428 2659 2554 2713; x_wconf 77' lang='grc' dir='ltr'>οὕτε</span> <span class='ocrx_word' id='word_1_394' title='bbox 2616 2661 2714 2731; x_wconf 85' lang='grc' dir='ltr'>τὴν</span> <span class='ocrx_word' id='word_1_395' title='bbox 2779 2661 2911 2732; x_wconf 89' lang='grc' dir='ltr'>μίαν</span> <span class='ocrx_word' id='word_1_396' title='bbox 2979 2660 3074 2716; x_wconf 84' lang='grc' dir='ltr'>τοῦ</span> <span class='ocrx_word' id='word_1_397' title='bbox 3127 2660 3265 2716; x_wconf 80' lang='grc' dir='ltr'>Θεοῦ</span> <span class='ocrx_word' id='word_1_398' title='bbox 3326 2661 3510 2731; x_wconf 80' lang='grc' dir='ltr'>Λόγου</span> <span class='ocrx_word' id='word_1_399' title='bbox 3574 2666 3742 2733; x_wconf 86' lang='grc' dir='ltr'>φύσιν</span> 
     </span>
    </p>
   </div>
   <div class='ocr_carea' id='block_1_56' title="bbox 2162 2754 3744 2831">
    <p class='ocr_par' dir='ltr' id='par_1_56' title="bbox 2162 2754 3744 2831">
     <span class='ocr_line' id='line_1_56' title="bbox 2162 2754 3744 2831; baseline -0.007 -15"><span class='ocrx_word' id='word_1_400' title='bbox 2162 2758 2616 2831; x_wconf 82' lang='grc' dir='ltr'>σεσαρκωμένην,</span> <span class='ocrx_word' id='word_1_401' title='bbox 2659 2755 3019 2826; x_wconf 77' lang='grc' dir='ltr'>περιεκτικὴν</span> <span class='ocrx_word' id='word_1_402' title='bbox 3046 2756 3230 2826; x_wconf 83' lang='grc' dir='ltr'>πάσης</span> <span class='ocrx_word' id='word_1_403' title='bbox 3265 2755 3364 2825; x_wconf 86' lang='grc' dir='ltr'><strong>τῆς</strong></span> <span class='ocrx_word' id='word_1_404' title='bbox 3392 2754 3490 2807; x_wconf 79' lang='grc' dir='ltr'>τοῦ</span> <span class='ocrx_word' id='word_1_405' title='bbox 3526 2769 3744 2824; x_wconf 83' lang='grc' dir='ltr'>μυστη-</span> 
     </span>
    </p>
   </div>
   <div class='ocr_carea' id='block_1_57' title="bbox 2165 2846 3744 2924">
    <p class='ocr_par' dir='ltr' id='par_1_57' title="bbox 2165 2846 3744 2924">
     <span class='ocr_line' id='line_1_57' title="bbox 2165 2846 3744 2924; baseline -0.003 -20"><span class='ocrx_word' id='word_1_406' title='bbox 2165 2855 2278 2924; x_wconf 86' lang='grc' dir='ltr'>ρίου</span> <span class='ocrx_word' id='word_1_407' title='bbox 2305 2848 2470 2905; x_wconf 81' lang='grc' dir='ltr'>οὖσαν</span> <span class='ocrx_word' id='word_1_408' title='bbox 2502 2849 2805 2912; x_wconf 75' lang='grc' dir='ltr'>εὐσεϐείας,</span> <span class='ocrx_word' id='word_1_409' title='bbox 2846 2848 2953 2918; x_wconf 81' lang='grc' dir='ltr'><strong>χρὴ</strong></span> <span class='ocrx_word' id='word_1_410' title='bbox 2976 2848 3022 2878; x_wconf 82' lang='grc'><strong>⁸⁸</strong></span> <span class='ocrx_word' id='word_1_411' title='bbox 3050 2848 3252 2916; x_wconf 84' lang='grc' dir='ltr'>λέγειν,</span> <span class='ocrx_word' id='word_1_412' title='bbox 3302 2846 3744 2910; x_wconf 81' lang='grc' dir='ltr'>συνοδικῶς“ούκ</span> 
     </span>
    </p>
   </div>
   <div class='ocr_carea' id='block_1_58' title="bbox 2161 2937 3742 3015">
    <p class='ocr_par' dir='ltr' id='par_1_58' title="bbox 2161 2937 3742 3015">
     <span class='ocr_line' id='line_1_58' title="bbox 2161 2937 3742 3015; baseline -0.006 -15"><span class='ocrx_word' id='word_1_413' title='bbox 2161 2945 2648 3015; x_wconf 80' lang='grc' dir='ltr'>ὲκπεφωνημένην.</span> <span class='ocrx_word' id='word_1_414' title='bbox 2685 2941 2829 3010; x_wconf 80' lang='grc' dir='ltr'>Πλὴν</span> <span class='ocrx_word' id='word_1_415' title='bbox 2863 2941 2943 2993; x_wconf 86' lang='grc' dir='ltr'><strong>ὅτι</strong></span> <span class='ocrx_word' id='word_1_416' title='bbox 2980 2940 3073 2994; x_wconf 76' lang='grc' dir='ltr'>καὶ</span> <span class='ocrx_word' id='word_1_417' title='bbox 3109 2938 3253 2992; x_wconf 74' lang='grc' dir='ltr'>οὕτω</span> <span class='ocrx_word' id='word_1_418' title='bbox 3279 2940 3402 3000; x_wconf 86' lang='grc' dir='ltr'>ταῖς</span> <span class='ocrx_word' id='word_1_419' title='bbox 3431 2937 3742 3006; x_wconf 75' lang='grc' dir='ltr'>φύσεσικαὶ</span> 
     </span>
    </p>
   </div>
   <div class='ocr_carea' id='block_1_59' title="bbox 2161 3028 3743 3104">
    <p class='ocr_par' dir='ltr' id='par_1_59' title="bbox 2161 3028 3743 3104">
     <span class='ocr_line' id='line_1_59' title="bbox 2161 3028 3743 3104; baseline -0.008 -12"><span class='ocrx_word' id='word_1_420' title='bbox 2161 3042 2272 3103; x_wconf 80' lang='grc' dir='ltr'>τοῖς</span> <span class='ocrx_word' id='word_1_421' title='bbox 2301 3037 2481 3091; x_wconf 80' lang='grc' dir='ltr'>αὐτῶν</span> <span class='ocrx_word' id='word_1_422' title='bbox 2514 3033 2771 3104; x_wconf 84' lang='grc' dir='ltr'>ίδιὼμασι</span> <span class='ocrx_word' id='word_1_423' title='bbox 2808 3033 2903 3086; x_wconf 76' lang='grc' dir='ltr'>καὶ</span> <span class='ocrx_word' id='word_1_424' title='bbox 2932 3033 3002 3084; x_wconf 83' lang='grc' dir='ltr'>τὰ</span> <span class='ocrx_word' id='word_1_425' title='bbox 3031 3031 3322 3101; x_wconf 80' lang='grc' dir='ltr'>θελήματα</span> <span class='ocrx_word' id='word_1_426' title='bbox 3351 3028 3743 3100; x_wconf 71' lang='grc' dir='ltr'>συνομολογεῖν</span> 
     </span>
    </p>
   </div>
   <div class='ocr_carea' id='block_1_60' title="bbox 484 3120 2057 3212">
    <p class='ocr_par' dir='ltr' id='par_1_60' title="bbox 484 3128 2057 3199">
     <span class='ocr_line' id='line_1_60' title="bbox 484 3128 2057 3199; baseline 0.001 -16"><span class='ocrx_word' id='word_1_427' title='bbox 484 3129 539 3183; x_wconf 88' lang='lat' dir='ltr'><strong>Si</strong></span> <span class='ocrx_word' id='word_1_428' title='bbox 588 3128 736 3182; x_wconf 89' lang='lat' dir='ltr'><strong>enim</strong></span> <span class='ocrx_word' id='word_1_429' title='bbox 784 3143 906 3198; x_wconf 67' lang='lat' dir='ltr'><strong>quas</strong></span> <span class='ocrx_word' id='word_1_430' title='bbox 963 3129 1293 3182; x_wconf 88' lang='lat' dir='ltr'><strong>naturaliter</strong></span> <span class='ocrx_word' id='word_1_431' title='bbox 1333 3128 1544 3183; x_wconf 89' lang='lat' dir='ltr'><strong>Christi</strong></span> <span class='ocrx_word' id='word_1_432' title='bbox 1577 3129 1792 3183; x_wconf 89' lang='lat' dir='ltr'><strong>naturis</strong></span> <span class='ocrx_word' id='word_1_433' title='bbox 1842 3145 2057 3199; x_wconf 90' lang='lat' dir='ltr'><strong>compe-</strong></span> 
     </span>
    </p>
   </div>
   <div class='ocr_carea' id='block_1_61' title="bbox 2162 3120 3741 3212">
    <p class='ocr_par' dir='ltr' id='par_1_61' title="bbox 2165 3120 3741 3200">
     <span class='ocr_line' id='line_1_61' title="bbox 2165 3120 3741 3200; baseline -0.01 -17"><span class='ocrx_word' id='word_1_434' title='bbox 2165 3127 2548 3200; x_wconf 83' lang='grc' dir='ltr'>βιασθήσεσθε.</span> <span class='ocrx_word' id='word_1_435' title='bbox 2605 3124 2669 3178; x_wconf 81' lang='lat' dir='ltr'><strong>Ei</strong></span> <span class='ocrx_word' id='word_1_436' title='bbox 2723 3123 2836 3193; x_wconf 87' lang='grc' dir='ltr'>γὰρ</span> <span class='ocrx_word' id='word_1_437' title='bbox 2893 3121 2962 3175; x_wconf 81' lang='grc' dir='ltr'>τὰ</span> <span class='ocrx_word' id='word_1_438' title='bbox 3001 3120 3252 3190; x_wconf 80' lang='grc' dir='ltr'>φυσικῶς</span> <span class='ocrx_word' id='word_1_439' title='bbox 3299 3120 3581 3190; x_wconf 75' lang='grc' dir='ltr'>προσόντα</span> <span class='ocrx_word' id='word_1_440' title='bbox 3622 3121 3741 3179; x_wconf 86' lang='grc' dir='ltr'>ταῖς</span> 
     </span>
    </p>
   </div>
   <div class='ocr_carea' id='block_1_62' title="bbox 486 3220 2061 3289">
    <p class='ocr_par' dir='ltr' id='par_1_62' title="bbox 486 3220 2061 3289">
     <span class='ocr_line' id='line_1_62' title="bbox 486 3220 2061 3289; baseline 0.003 -16"><span class='ocrx_word' id='word_1_441' title='bbox 486 3229 631 3284; x_wconf 84' lang='grc' dir='ltr'>ῑιιιιι,</span> <span class='ocrx_word' id='word_1_442' title='bbox 664 3221 782 3275; x_wconf 79' lang='lat' dir='ltr'><strong>hzec</strong></span> <span class='ocrx_word' id='word_1_443' title='bbox 819 3235 1012 3274; x_wconf 88' lang='lat' dir='ltr'><strong>earum</strong></span> <span class='ocrx_word' id='word_1_444' title='bbox 1040 3220 1414 3289; x_wconf 89' lang='lat' dir='ltr'><strong>proprietates</strong></span> <span class='ocrx_word' id='word_1_445' title='bbox 1446 3235 1568 3275; x_wconf 91' lang='lat' dir='ltr'><strong>esse</strong></span> <span class='ocrx_word' id='word_1_446' title='bbox 1601 3221 1830 3286; x_wconf 88' lang='lat' dir='ltr'><strong>dicitis;</strong></span> <span class='ocrx_word' id='word_1_447' title='bbox 1861 3229 2061 3277; x_wconf 87' lang='lat' dir='ltr'><strong>natura</strong></span> 
     </span>
    </p>
   </div>
   <div class='ocr_carea' id='block_1_63' title="bbox 482 3309 2064 3382">
    <p class='ocr_par' dir='ltr' id='par_1_63' title="bbox 482 3309 2064 3382">
     <span class='ocr_line' id='line_1_63' title="bbox 482 3309 2064 3382; baseline 0.001 -17"><span class='ocrx_word' id='word_1_448' title='bbox 482 3328 614 3366; x_wconf 77' lang='lat' dir='ltr'><strong>vero</strong></span> <span class='ocrx_word' id='word_1_449' title='bbox 649 3311 872 3380; x_wconf 89' lang='lat' dir='ltr'><strong>utrique</strong></span> <span class='ocrx_word' id='word_1_450' title='bbox 907 3311 1028 3380; x_wconf 86' lang='lat' dir='ltr'><strong>ejus</strong></span> <span class='ocrx_word' id='word_1_451' title='bbox 1051 3321 1264 3364; x_wconf 81' lang='lat' dir='ltr'><strong>naturae</strong></span> <span class='ocrx_word' id='word_1_452' title='bbox 1307 3309 1532 3364; x_wconf 90' lang='lat' dir='ltr'><strong>insitum</strong></span> <span class='ocrx_word' id='word_1_453' title='bbox 1564 3318 1650 3365; x_wconf 89' lang='lat' dir='ltr'><strong>est</strong></span> <span class='ocrx_word' id='word_1_454' title='bbox 1681 3312 1857 3378; x_wconf 85' lang='lat' dir='ltr'><strong>velle;</strong></span> <span class='ocrx_word' id='word_1_455' title='bbox 1895 3312 2064 3382; x_wconf 80' lang='lat' dir='ltr'><strong>igitur</strong></span> 
     </span>
    </p>
   </div>
   <div class='ocr_carea' id='block_1_64' title="bbox 483 3400 2064 3471">
    <p class='ocr_par' dir='ltr' id='par_1_64' title="bbox 483 3400 2064 3471">
     <span class='ocr_line' id='line_1_64' title="bbox 483 3400 2064 3471; baseline 0.001 -15"><span class='ocrx_word' id='word_1_456' title='bbox 483 3417 709 3456; x_wconf 84' lang='lat' dir='ltr'><strong>necesse</strong></span> <span class='ocrx_word' id='word_1_457' title='bbox 744 3403 902 3456; x_wconf 84' lang='lat' dir='ltr'><strong>vobis</strong></span> <span class='ocrx_word' id='word_1_458' title='bbox 939 3401 1048 3455; x_wconf 91' lang='lat' dir='ltr'><strong>erit</strong></span> <span class='ocrx_word' id='word_1_459' title='bbox 1085 3416 1208 3455; x_wconf 92' lang='lat' dir='ltr'><strong>cum</strong></span> <span class='ocrx_word' id='word_1_460' title='bbox 1233 3400 1355 3455; x_wconf 86' lang='lat' dir='ltr'><strong>aliis</strong></span> <span class='ocrx_word' id='word_1_461' title='bbox 1385 3400 1733 3455; x_wconf 87' lang='lat' dir='ltr'><strong>naturalibus</strong></span> <span class='ocrx_word' id='word_1_462' title='bbox 1753 3403 2064 3471; x_wconf 86' lang='lat' dir='ltr'><strong>proprieta-</strong></span> 
     </span>
    </p>
   </div>
   <div class='ocr_carea' id='block_1_65' title="bbox 484 3491 1947 3562">
    <p class='ocr_par' dir='ltr' id='par_1_65' title="bbox 484 3491 1947 3562">
     <span class='ocr_line' id='line_1_65' title="bbox 484 3491 1947 3562; baseline -0.001 -14"><span class='ocrx_word' id='word_1_463' title='bbox 484 3495 652 3560; x_wconf 85' lang='lat' dir='ltr'><strong>tibus,</strong></span> <span class='ocrx_word' id='word_1_464' title='bbox 687 3509 811 3549; x_wconf 89' lang='lat' dir='ltr'><strong>cum</strong></span> <span class='ocrx_word' id='word_1_465' title='bbox 843 3493 1058 3548; x_wconf 89' lang='lat' dir='ltr'><strong>naturis</strong></span> <span class='ocrx_word' id='word_1_466' title='bbox 1091 3492 1342 3548; x_wconf 80' lang='lat' dir='ltr'><strong>conﬁteri</strong></span> <span class='ocrx_word' id='word_1_467' title='bbox 1370 3491 1580 3562; x_wconf 86' lang='lat' dir='ltr'><strong>pariter</strong></span> <span class='ocrx_word' id='word_1_468' title='bbox 1609 3492 1947 3548; x_wconf 80' lang='lat' dir='ltr'><strong>voluntates.</strong></span> 
     </span>
    </p>
   </div>
   <div class='ocr_carea' id='block_1_66' title="bbox 554 3668 2060 3741">
    <p class='ocr_par' dir='ltr' id='par_1_66' title="bbox 554 3668 2060 3741">
     <span class='ocr_line' id='line_1_66' title="bbox 554 3668 2060 3741; baseline 0 -17"><span class='ocrx_word' id='word_1_469' title='bbox 554 3671 847 3734; x_wconf 69' lang='lat' dir='ltr'><strong>Praeterea,</strong></span> <span class='ocrx_word' id='word_1_470' title='bbox 872 3669 916 3723; x_wconf 85' lang='lat' dir='ltr'><strong>si</strong></span> <span class='ocrx_word' id='word_1_471' title='bbox 945 3668 1137 3741; x_wconf 81' lang='lat' dir='ltr'><strong>synodi</strong></span> <span class='ocrx_word' id='word_1_472' title='bbox 1173 3676 1400 3738; x_wconf 85' lang='lat' dir='ltr'><strong>prepter</strong></span> <span class='ocrx_word' id='word_1_473' title='bbox 1443 3683 1635 3722; x_wconf 85' lang='lat' dir='ltr'><strong>vocem</strong></span> <span class='ocrx_word' id='word_1_474' title='bbox 1667 3669 1832 3723; x_wconf 89' lang='lat' dir='ltr'><strong>unius</strong></span> <span class='ocrx_word' id='word_1_475' title='bbox 1873 3668 2060 3739; x_wconf 82' lang='lat' dir='ltr'><strong>Apeli-</strong></span> 
     </span>
    </p>
   </div>
   <div class='ocr_carea' id='block_1_67' title="bbox 484 3760 2059 3832">
    <p class='ocr_par' dir='ltr' id='par_1_67' title="bbox 484 3760 2059 3832">
     <span class='ocr_line' id='line_1_67' title="bbox 484 3760 2059 3832; baseline 0 -16"><span class='ocrx_word' id='word_1_476' title='bbox 484 3763 702 3817; x_wconf 89' lang='lat' dir='ltr'><strong>narium</strong></span> <span class='ocrx_word' id='word_1_477' title='bbox 724 3771 779 3816; x_wconf 91' lang='lat' dir='ltr'><strong>et</strong></span> <span class='ocrx_word' id='word_1_478' title='bbox 802 3762 994 3816; x_wconf 81' lang='lat' dir='ltr'><strong>Arium</strong></span> <span class='ocrx_word' id='word_1_479' title='bbox 1017 3761 1623 3816; x_wconf 84' lang='lat' dir='ltr'><strong>anathematizaverunt</strong></span> <span class='ocrx_word' id='word_1_480' title='bbox 1653 3760 1798 3832; x_wconf 91' lang='lat' dir='ltr'><strong>(cum</strong></span> <span class='ocrx_word' id='word_1_481' title='bbox 1827 3771 2059 3830; x_wconf 88' lang='lat' dir='ltr'><strong>uterque</strong></span> 
     </span>
    </p>
   </div>
   <div class='ocr_carea' id='block_1_68' title="bbox 485 3851 2058 3908">
    <p class='ocr_par' dir='ltr' id='par_1_68' title="bbox 485 3851 2058 3908">
     <span class='ocr_line' id='line_1_68' title="bbox 485 3851 2058 3908; baseline -0.001 -1"><span class='ocrx_word' id='word_1_482' title='bbox 485 3869 679 3907; x_wconf 85' lang='lat' dir='ltr'><strong>eorum</strong></span> <span class='ocrx_word' id='word_1_483' title='bbox 714 3853 818 3908; x_wconf 87' lang='lat' dir='ltr'><strong>hac</strong></span> <span class='ocrx_word' id='word_1_484' title='bbox 864 3869 1001 3908; x_wconf 88' lang='lat' dir='ltr'><strong>voce</strong></span> <span class='ocrx_word' id='word_1_485' title='bbox 1053 3852 1121 3906; x_wconf 93' lang='lat' dir='ltr'><strong>ad</strong></span> <span class='ocrx_word' id='word_1_486' title='bbox 1179 3851 1434 3905; x_wconf 70' lang='lat' dir='ltr'><strong>hazrcsim</strong></span> <span class='ocrx_word' id='word_1_487' title='bbox 1501 3867 1656 3905; x_wconf 90' lang='lat' dir='ltr'><strong>suam</strong></span> <span class='ocrx_word' id='word_1_488' title='bbox 1707 3851 2058 3906; x_wconf 87' lang='lat' dir='ltr'><strong>statuendam</strong></span> 
     </span>
    </p>
   </div>
   <div class='ocr_carea' id='block_1_69' title="bbox 486 3941 2060 4014">
    <p class='ocr_par' dir='ltr' id='par_1_69' title="bbox 486 3941 2060 4014">
     <span class='ocr_line' id='line_1_69' title="bbox 486 3941 2060 4014; baseline 0.001 -18"><span class='ocrx_word' id='word_1_489' title='bbox 486 3946 848 4000; x_wconf 86' lang='lat' dir='ltr'><strong>abuteretur:</strong></span> <span class='ocrx_word' id='word_1_490' title='bbox 898 3942 1255 4014; x_wconf 82' lang='lat' dir='ltr'><strong>Apolinarius</strong></span> <span class='ocrx_word' id='word_1_491' title='bbox 1299 3941 1546 4011; x_wconf 89' lang='lat' dir='ltr'><strong>quidem,</strong></span> <span class='ocrx_word' id='word_1_492' title='bbox 1575 3951 1637 3996; x_wconf 88' lang='lat' dir='ltr'><strong>ut</strong></span> <span class='ocrx_word' id='word_1_493' title='bbox 1661 3958 1882 3997; x_wconf 89' lang='lat' dir='ltr'><strong>carnem</strong></span> <span class='ocrx_word' id='word_1_494' title='bbox 1910 3943 2060 4013; x_wconf 87' lang='lat' dir='ltr'><strong>ejus—</strong></span> 
     </span>
    </p>
   </div>
   <div class='ocr_carea' id='block_1_70' title="bbox 486 4033 2063 4098">
    <p class='ocr_par' dir='ltr' id='par_1_70' title="bbox 486 4033 2063 4098">
     <span class='ocr_line' id='line_1_70' title="bbox 486 4033 2063 4098; baseline -0.001 -8"><span class='ocrx_word' id='word_1_495' title='bbox 486 4037 608 4090; x_wconf 86' lang='lat' dir='ltr'><strong>dem</strong></span> <span class='ocrx_word' id='word_1_496' title='bbox 645 4036 972 4091; x_wconf 85' lang='lat' dir='ltr'><strong>substantiae</strong></span> <span class='ocrx_word' id='word_1_497' title='bbox 1012 4051 1138 4089; x_wconf 91' lang='lat' dir='ltr'><strong>cum</strong></span> <span class='ocrx_word' id='word_1_498' title='bbox 1161 4033 1343 4088; x_wconf 85' lang='lat' dir='ltr'><strong>Verbo</strong></span> <span class='ocrx_word' id='word_1_499' title='bbox 1367 4033 1686 4088; x_wconf 81' lang='lat' dir='ltr'><strong>ostenderet</strong></span> <span class='ocrx_word' id='word_1_500' title='bbox 1710 4051 1723 4098; x_wconf 92' lang='lat'><strong>;</strong></span> <span class='ocrx_word' id='word_1_501' title='bbox 1744 4033 1907 4088; x_wconf 83' lang='lat' dir='ltr'><strong>Arius</strong></span> <span class='ocrx_word' id='word_1_502' title='bbox 1928 4047 2063 4088; x_wconf 81' lang='lat' dir='ltr'><strong>vero</strong></span> 
     </span>
    </p>
   </div>
   <div class='ocr_carea' id='block_1_71' title="bbox 487 4124 2055 4197">
    <p class='ocr_par' dir='ltr' id='par_1_71' title="bbox 487 4124 2055 4197">
     <span class='ocr_line' id='line_1_71' title="bbox 487 4124 2055 4197; baseline -0.003 -15"><span class='ocrx_word' id='word_1_503' title='bbox 487 4138 549 4182; x_wconf 91' lang='lat' dir='ltr'><strong>ut</strong></span> <span class='ocrx_word' id='word_1_504' title='bbox 577 4129 773 4182; x_wconf 80' lang='lat' dir='ltr'><strong>Filium</strong></span> <span class='ocrx_word' id='word_1_505' title='bbox 792 4129 993 4182; x_wconf 87' lang='lat' dir='ltr'><strong>aPatre</strong></span> <span class='ocrx_word' id='word_1_506' title='bbox 1022 4127 1253 4181; x_wconf 68' lang='lat' dir='ltr'><strong>diversa:</strong></span> <span class='ocrx_word' id='word_1_507' title='bbox 1277 4125 1600 4180; x_wconf 74' lang='lat' dir='ltr'><strong>substantia:</strong></span> <span class='ocrx_word' id='word_1_508' title='bbox 1626 4124 2055 4197; x_wconf 90' lang='lat' dir='ltr'><strong>introduceret),</strong></span> 
     </span>
    </p>
   </div>
   <div class='ocr_carea' id='block_1_72' title="bbox 488 4214 2064 4288">
    <p class='ocr_par' dir='ltr' id='par_1_72' title="bbox 488 4214 2064 4288">
     <span class='ocr_line' id='line_1_72' title="bbox 488 4214 2064 4288; baseline 0.002 -22"><span class='ocrx_word' id='word_1_509' title='bbox 488 4217 767 4288; x_wconf 82' lang='lat' dir='ltr'><strong>quomodo</strong></span> <span class='ocrx_word' id='word_1_510' title='bbox 806 4231 1104 4286; x_wconf 87' lang='lat' dir='ltr'><strong>possumus</strong></span> <span class='ocrx_word' id='word_1_511' title='bbox 1148 4230 1250 4270; x_wconf 86' lang='lat' dir='ltr'><strong>nos</strong></span> <span class='ocrx_word' id='word_1_512' title='bbox 1279 4215 1356 4284; x_wconf 91' lang='lat' dir='ltr'><strong>pii</strong></span> <span class='ocrx_word' id='word_1_513' title='bbox 1389 4229 1534 4279; x_wconf 90' lang='lat' dir='ltr'><strong>esse,</strong></span> <span class='ocrx_word' id='word_1_514' title='bbox 1568 4214 1662 4283; x_wconf 91' lang='lat' dir='ltr'><strong>qui</strong></span> <span class='ocrx_word' id='word_1_515' title='bbox 1691 4229 1856 4269; x_wconf 90' lang='lat' dir='ltr'><strong>voces</strong></span> <span class='ocrx_word' id='word_1_516' title='bbox 1885 4215 2064 4269; x_wconf 71' lang='lat' dir='ltr'><strong>haere-</strong></span> 
     </span>
    </p>
   </div>
   <div class='ocr_carea' id='block_1_73' title="bbox 492 4305 2060 4374">
    <p class='ocr_par' dir='ltr' id='par_1_73' title="bbox 492 4305 2060 4374">
     <span class='ocr_line' id='line_1_73' title="bbox 492 4305 2060 4374; baseline -0.001 -14"><span class='ocrx_word' id='word_1_517' title='bbox 492 4309 615 4360; x_wconf 86' lang='lat' dir='ltr'><strong>ticis</strong></span> <span class='ocrx_word' id='word_1_518' title='bbox 645 4306 957 4360; x_wconf 84' lang='lat' dir='ltr'><strong>contrarias</strong></span> <span class='ocrx_word' id='word_1_519' title='bbox 1006 4321 1118 4360; x_wconf 89' lang='lat' dir='ltr'><strong>non</strong></span> <span class='ocrx_word' id='word_1_520' title='bbox 1183 4305 1590 4360; x_wconf 84' lang='lat' dir='ltr'><strong>contiteamur?</strong></span> <span class='ocrx_word' id='word_1_521' title='bbox 1643 4306 1817 4360; x_wconf 91' lang='lat' dir='ltr'><strong>Porro</strong></span> <span class='ocrx_word' id='word_1_522' title='bbox 1867 4306 2060 4374; x_wconf 84' lang='lat' dir='ltr'><strong>quinta</strong></span> 
     </span>
    </p>
   </div>
   <div class='ocr_carea' id='block_1_74' title="bbox 491 4396 2056 4468">
    <p class='ocr_par' dir='ltr' id='par_1_74' title="bbox 491 4396 2056 4468">
     <span class='ocr_line' id='line_1_74' title="bbox 491 4396 2056 4468; baseline 0.001 -17"><span class='ocrx_word' id='word_1_523' title='bbox 491 4397 754 4468; x_wconf 70' lang='lat' dir='ltr'><strong>synodus,</strong></span> <span class='ocrx_word' id='word_1_524' title='bbox 804 4405 864 4451; x_wconf 91' lang='lat' dir='ltr'><strong>ut</strong></span> <span class='ocrx_word' id='word_1_525' title='bbox 887 4398 1070 4452; x_wconf 88' lang='lat' dir='ltr'><strong>omnia</strong></span> <span class='ocrx_word' id='word_1_526' title='bbox 1109 4397 1272 4452; x_wconf 89' lang='lat' dir='ltr'><strong>missa</strong></span> <span class='ocrx_word' id='word_1_527' title='bbox 1303 4397 1520 4460; x_wconf 82' lang='lat' dir='ltr'><strong>faciam,</strong></span> <span class='ocrx_word' id='word_1_528' title='bbox 1564 4411 1691 4450; x_wconf 91' lang='lat' dir='ltr'><strong>cum</strong></span> <span class='ocrx_word' id='word_1_529' title='bbox 1725 4396 1793 4450; x_wconf 87' lang='lat' dir='ltr'><strong>ad</strong></span> <span class='ocrx_word' id='word_1_530' title='bbox 1826 4397 2056 4452; x_wconf 84' lang='lat' dir='ltr'><strong>verbum</strong></span> 
     </span>
    </p>
   </div>
   <div class='ocr_carea' id='block_1_75' title="bbox 2165 3206 3736 3290">
    <p class='ocr_par' dir='ltr' id='par_1_75' title="bbox 2165 3206 3736 3290">
     <span class='ocr_line' id='line_1_75' title="bbox 2165 3206 3736 3290; baseline -0.009 -16"><span class='ocrx_word' id='word_1_531' title='bbox 2165 3219 2363 3290; x_wconf 82' lang='grc' dir='ltr'>φύσεσι</span> <span class='ocrx_word' id='word_1_532' title='bbox 2394 3219 2489 3272; x_wconf 82' lang='grc' dir='ltr'>τοῦ</span> <span class='ocrx_word' id='word_1_533' title='bbox 2524 3215 2787 3288; x_wconf 83' lang='grc' dir='ltr'>Χριστοῦ,</span> <span class='ocrx_word' id='word_1_534' title='bbox 2825 3213 3091 3282; x_wconf 79' lang='grc' dir='ltr'>ἰδιώματα</span> <span class='ocrx_word' id='word_1_535' title='bbox 3126 3211 3310 3264; x_wconf 81' lang='grc' dir='ltr'>αὐτῶν</span> <span class='ocrx_word' id='word_1_536' title='bbox 3354 3206 3495 3263; x_wconf 84' lang='grc' dir='ltr'>εἶναι</span> <span class='ocrx_word' id='word_1_537' title='bbox 3527 3210 3736 3277; x_wconf 78' lang='grc' dir='ltr'>λέγετε,</span> 
     </span>
    </p>
   </div>
   <div class='ocr_carea' id='block_1_76' title="bbox 2165 3302 3740 3382">
    <p class='ocr_par' dir='ltr' id='par_1_76' title="bbox 2165 3302 3740 3382">
     <span class='ocr_line' id='line_1_76' title="bbox 2165 3302 3740 3382; baseline -0.008 -16"><span class='ocrx_word' id='word_1_538' title='bbox 2165 3311 2411 3382; x_wconf 83' lang='grc' dir='ltr'>φυσικῶς</span> <span class='ocrx_word' id='word_1_539' title='bbox 2435 3310 2491 3362; x_wconf 80' lang='grc' dir='ltr'>δὲ</span> <span class='ocrx_word' id='word_1_540' title='bbox 2521 3309 2762 3377; x_wconf 66' lang='grc' dir='ltr'><strong>ἑκατέρᾳ⁴</strong></span> <span class='ocrx_word' id='word_1_541' title='bbox 2793 3305 2957 3358; x_wconf 87' lang='grc' dir='ltr'>αὐτοῦ</span> <span class='ocrx_word' id='word_1_542' title='bbox 2992 3304 3153 3373; x_wconf 84' lang='grc' dir='ltr'>φύσει</span> <span class='ocrx_word' id='word_1_543' title='bbox 3181 3303 3242 3358; x_wconf 86' lang='grc' dir='ltr'>τὺ</span> <span class='ocrx_word' id='word_1_544' title='bbox 3276 3302 3453 3356; x_wconf 84' lang='grc' dir='ltr'>θέλειν</span> <span class='ocrx_word' id='word_1_545' title='bbox 3491 3303 3740 3371; x_wconf 76' lang='grc' dir='ltr'>ἐμπέφυ-</span> 
     </span>
    </p>
   </div>
   <div class='ocr_carea' id='block_1_77' title="bbox 2165 3393 3741 3471">
    <p class='ocr_par' dir='ltr' id='par_1_77' title="bbox 2165 3393 3741 3471">
     <span class='ocr_line' id='line_1_77' title="bbox 2165 3393 3741 3471; baseline -0.008 -15"><span class='ocrx_word' id='word_1_546' title='bbox 2165 3420 2280 3468; x_wconf 89' lang='grc' dir='ltr'>κεν,</span> <span class='ocrx_word' id='word_1_547' title='bbox 2314 3402 2422 3471; x_wconf 80' lang='grc' dir='ltr'>ἄρα</span> <span class='ocrx_word' id='word_1_548' title='bbox 2457 3401 2598 3469; x_wconf 83' lang='grc' dir='ltr'>μετὰ</span> <span class='ocrx_word' id='word_1_549' title='bbox 2629 3399 2739 3452; x_wconf 86' lang='grc' dir='ltr'>τῶν</span> <span class='ocrx_word' id='word_1_550' title='bbox 2768 3398 2946 3454; x_wconf 79' lang='grc' dir='ltr'>ἄλλων</span> <span class='ocrx_word' id='word_1_551' title='bbox 2980 3397 3230 3465; x_wconf 82' lang='grc' dir='ltr'>φυσικῶν</span> <span class='ocrx_word' id='word_1_552' title='bbox 3278 3395 3616 3465; x_wconf 78' lang='grc' dir='ltr'>ἰδιωμάτων,</span> <span class='ocrx_word' id='word_1_553' title='bbox 3655 3393 3741 3446; x_wconf 66' lang='grc' dir='ltr'><strong>καί</strong></span> 
     </span>
    </p>
   </div>
   <div class='ocr_carea' id='block_1_78' title="bbox 2158 3484 3741 3560">
    <p class='ocr_par' dir='ltr' id='par_1_78' title="bbox 2158 3484 3741 3560">
     <span class='ocr_line' id='line_1_78' title="bbox 2158 3484 3741 3560; baseline -0.008 -12"><span class='ocrx_word' id='word_1_554' title='bbox 2158 3493 2227 3548; x_wconf 81' lang='grc' dir='ltr'>τὰ</span> <span class='ocrx_word' id='word_1_555' title='bbox 2279 3491 2559 3560; x_wconf 83' lang='grc' dir='ltr'>θελήματα</span> <span class='ocrx_word' id='word_1_556' title='bbox 2617 3491 2739 3552; x_wconf 88' lang='grc' dir='ltr'>ταῖς</span> <span class='ocrx_word' id='word_1_557' title='bbox 2801 3487 2994 3556; x_wconf 84' lang='grc' dir='ltr'>φύσεσι</span> <span class='ocrx_word' id='word_1_558' title='bbox 3059 3485 3444 3555; x_wconf 75' lang='grc' dir='ltr'>συνομολογεῖν</span> <span class='ocrx_word' id='word_1_559' title='bbox 3501 3484 3741 3551; x_wconf 76' lang='grc' dir='ltr'>ἀναγκαο</span> 
     </span>
    </p>
   </div>
   <div class='ocr_carea' id='block_1_79' title="bbox 2164 3579 2448 3652">
    <p class='ocr_par' dir='ltr' id='par_1_79' title="bbox 2164 3579 2448 3652">
     <span class='ocr_line' id='line_1_79' title="bbox 2164 3579 2448 3652; baseline -0.004 -15"><span class='ocrx_word' id='word_1_560' title='bbox 2164 3579 2448 3652; x_wconf 82' lang='grc' dir='ltr'>σθήσεσθε.</span> 
     </span>
    </p>
   </div>
   <div class='ocr_carea' id='block_1_80' title="bbox 2241 3667 3740 3742">
    <p class='ocr_par' dir='ltr' id='par_1_80' title="bbox 2241 3667 3740 3742">
     <span class='ocr_line' id='line_1_80' title="bbox 2241 3667 3740 3742; baseline -0.006 -15"><span class='ocrx_word' id='word_1_561' title='bbox 2241 3673 2453 3735; x_wconf 76' lang='grc' dir='ltr'>Ἀλλως</span> <span class='ocrx_word' id='word_1_562' title='bbox 2478 3690 2536 3725; x_wconf 84' lang='grc' dir='ltr'><strong>τε</strong></span> <span class='ocrx_word' id='word_1_563' title='bbox 2565 3672 2644 3734; x_wconf 82' lang='grc' dir='ltr'>δὲ,</span> <span class='ocrx_word' id='word_1_564' title='bbox 2680 3672 2728 3724; x_wconf 90' lang='grc' dir='ltr'><strong>εί</strong></span> <span class='ocrx_word' id='word_1_565' title='bbox 2760 3672 2816 3725; x_wconf 85' lang='grc' dir='ltr'>αἱ</span> <span class='ocrx_word' id='word_1_566' title='bbox 2847 3669 3056 3723; x_wconf 85' lang='grc' dir='ltr'>σύνοδοι</span> <span class='ocrx_word' id='word_1_567' title='bbox 3087 3671 3180 3723; x_wconf 73' lang='grc' dir='ltr'><strong>ἐπὶ</strong></span> <span class='ocrx_word' id='word_1_568' title='bbox 3205 3673 3272 3742; x_wconf 81' lang='grc' dir='ltr'>τῇ</span> <span class='ocrx_word' id='word_1_569' title='bbox 3302 3669 3399 3722; x_wconf 80' lang='grc' dir='ltr'>τοῦ</span> <span class='ocrx_word' id='word_1_570' title='bbox 3430 3669 3553 3731; x_wconf 78' lang='grc' dir='ltr'>ἑνὸς</span> <span class='ocrx_word' id='word_1_571' title='bbox 3588 3667 3740 3735; x_wconf 77' lang='grc' dir='ltr'>θελή-</span> 
     </span>
    </p>
   </div>
   <div class='ocr_carea' id='block_1_81' title="bbox 2168 3753 3742 3836">
    <p class='ocr_par' dir='ltr' id='par_1_81' title="bbox 2168 3753 3742 3836">
     <span class='ocr_line' id='line_1_81' title="bbox 2168 3753 3742 3836; baseline -0.005 -18"><span class='ocrx_word' id='word_1_572' title='bbox 2168 3782 2336 3836; x_wconf 83' lang='grc' dir='ltr'>ματος</span> <span class='ocrx_word' id='word_1_573' title='bbox 2365 3766 2514 3835; x_wconf 84' lang='grc' dir='ltr'>φωνῇ</span> <span class='ocrx_word' id='word_1_574' title='bbox 2545 3763 2642 3817; x_wconf 74' lang='grc' dir='ltr'><strong>καὶ</strong></span> <span class='ocrx_word' id='word_1_575' title='bbox 2680 3753 3056 3831; x_wconf 82' lang='grc' dir='ltr'>’Ᾱπολινάριον</span> <span class='ocrx_word' id='word_1_576' title='bbox 3082 3762 3176 3815; x_wconf 73' lang='grc' dir='ltr'>καὶ</span> <span class='ocrx_word' id='word_1_577' title='bbox 3209 3762 3431 3830; x_wconf 79' lang='grc' dir='ltr'>Ἀρειον</span> <span class='ocrx_word' id='word_1_578' title='bbox 3475 3759 3742 3827; x_wconf 74' lang='grc' dir='ltr'>ἀνεθεμά-</span> 
     </span>
    </p>
   </div>
   <div class='ocr_carea' id='block_1_82' title="bbox 2162 3847 3736 3923">
    <p class='ocr_par' dir='ltr' id='par_1_82' title="bbox 2162 3847 3736 3923">
     <span class='ocr_line' id='line_1_82' title="bbox 2162 3847 3736 3923; baseline -0.005 -15"><span class='ocrx_word' id='word_1_579' title='bbox 2162 3871 2339 3920; x_wconf 89' lang='grc' dir='ltr'>τισαν,</span> <span class='ocrx_word' id='word_1_580' title='bbox 2387 3854 2654 3923; x_wconf 82' lang='grc' dir='ltr'>ἑκατέρου</span> <span class='ocrx_word' id='word_1_581' title='bbox 2703 3853 2888 3906; x_wconf 81' lang='grc' dir='ltr'>αὐτῶν</span> <span class='ocrx_word' id='word_1_582' title='bbox 2929 3851 3105 3922; x_wconf 81' lang='grc' dir='ltr'>ταύτῃ</span> <span class='ocrx_word' id='word_1_583' title='bbox 3156 3851 3295 3920; x_wconf 81' lang='grc' dir='ltr'>πρὸς</span> <span class='ocrx_word' id='word_1_584' title='bbox 3337 3850 3606 3902; x_wconf 87' lang='grc' dir='ltr'>σύστασιν</span> <span class='ocrx_word' id='word_1_585' title='bbox 3650 3847 3736 3915; x_wconf 72' lang='grc' dir='ltr'>τῆς</span> 
     </span>
    </p>
   </div>
   <div class='ocr_carea' id='block_1_83' title="bbox 2166 3941 3740 4018">
    <p class='ocr_par' dir='ltr' id='par_1_83' title="bbox 2166 3941 3740 4018">
     <span class='ocr_line' id='line_1_83' title="bbox 2166 3941 3740 4018; baseline -0.006 -18"><span class='ocrx_word' id='word_1_586' title='bbox 2166 3947 2304 4010; x_wconf 74' lang='grc' dir='ltr'>ιδίας</span> <span class='ocrx_word' id='word_1_587' title='bbox 2334 3946 2601 4018; x_wconf 79' lang='grc' dir='ltr'>αἱρέσεως</span> <span class='ocrx_word' id='word_1_588' title='bbox 2635 3944 3101 4015; x_wconf 78' lang='grc' dir='ltr'>ἀποχρησαμένου</span> <span class='ocrx_word' id='word_1_589' title='bbox 3124 3961 3137 3974; x_wconf 89' lang='grc'>·</span> <span class='ocrx_word' id='word_1_590' title='bbox 3168 3942 3263 3996; x_wconf 82' lang='grc' dir='ltr'>τοῦ</span> <span class='ocrx_word' id='word_1_591' title='bbox 3299 3941 3422 4012; x_wconf 80' lang='grc' dir='ltr'>μὲν,</span> <span class='ocrx_word' id='word_1_592' title='bbox 3450 3941 3740 4012; x_wconf 82' lang='grc' dir='ltr'>ὁμοούσιον</span> 
     </span>
    </p>
   </div>
   <div class='ocr_carea' id='block_1_84' title="bbox 2161 4032 3736 4110">
    <p class='ocr_par' dir='ltr' id='par_1_84' title="bbox 2161 4032 3736 4110">
     <span class='ocr_line' id='line_1_84' title="bbox 2161 4032 3736 4110; baseline -0.006 -18"><span class='ocrx_word' id='word_1_593' title='bbox 2161 4039 2240 4110; x_wconf 77' lang='grc' dir='ltr'>τῷ</span> <span class='ocrx_word' id='word_1_594' title='bbox 2266 4038 2425 4108; x_wconf 81' lang='grc' dir='ltr'><strong>Λόγῳ</strong></span> <span class='ocrx_word' id='word_1_595' title='bbox 2472 4037 2558 4091; x_wconf 85' lang='grc' dir='ltr'>διὰ</span> <span class='ocrx_word' id='word_1_596' title='bbox 2603 4037 2796 4090; x_wconf 85' lang='grc' dir='ltr'>τούτου</span> <span class='ocrx_word' id='word_1_597' title='bbox 2825 4036 2923 4106; x_wconf 85' lang='grc' dir='ltr'><strong>τὴν</strong></span> <span class='ocrx_word' id='word_1_598' title='bbox 2953 4035 3132 4106; x_wconf 79' lang='grc' dir='ltr'>σάρκα</span> <span class='ocrx_word' id='word_1_599' title='bbox 3169 4032 3501 4105; x_wconf 82' lang='grc' dir='ltr'>βουλομένου</span> <span class='ocrx_word' id='word_1_600' title='bbox 3535 4033 3736 4098; x_wconf 78' lang='grc' dir='ltr'>δεῖξαι·</span> 
     </span>
    </p>
   </div>
   <div class='ocr_carea' id='block_1_85' title="bbox 2160 4124 3736 4199">
    <p class='ocr_par' dir='ltr' id='par_1_85' title="bbox 2160 4124 3736 4199">
     <span class='ocr_line' id='line_1_85' title="bbox 2160 4124 3736 4199; baseline -0.006 -17"><span class='ocrx_word' id='word_1_601' title='bbox 2160 4129 2253 4182; x_wconf 79' lang='grc' dir='ltr'>τοῦ</span> <span class='ocrx_word' id='word_1_602' title='bbox 2284 4129 2360 4191; x_wconf 81' lang='grc' dir='ltr'><strong>δὲ,</strong></span> <span class='ocrx_word' id='word_1_603' title='bbox 2386 4127 2723 4199; x_wconf 80' lang='grc' dir='ltr'>ἐτεροούσιον</span> <span class='ocrx_word' id='word_1_604' title='bbox 2748 4128 2842 4181; x_wconf 89' lang='grc' dir='ltr'><strong>τὸν</strong></span> <span class='ocrx_word' id='word_1_605' title='bbox 2866 4127 2993 4180; x_wconf 89' lang='grc' dir='ltr'>Υίὸν</span> <span class='ocrx_word' id='word_1_606' title='bbox 3025 4127 3163 4198; x_wconf 89' lang='grc' dir='ltr'>πρὸς</span> <span class='ocrx_word' id='word_1_607' title='bbox 3211 4127 3302 4180; x_wconf 89' lang='grc' dir='ltr'><strong>τὸν</strong></span> <span class='ocrx_word' id='word_1_608' title='bbox 3355 4124 3578 4194; x_wconf 76' lang='grc' dir='ltr'>Πατέρα</span> <span class='ocrx_word' id='word_1_609' title='bbox 3635 4126 3736 4176; x_wconf 74' lang='lat' dir='ltr'><strong>eia-</strong></span> 
     </span>
    </p>
   </div>
   <div class='ocr_carea' id='block_1_86' title="bbox 2161 4217 3740 4289">
    <p class='ocr_par' dir='ltr' id='par_1_86' title="bbox 2161 4217 3740 4289">
     <span class='ocr_line' id='line_1_86' title="bbox 2161 4217 3740 4289; baseline -0.001 -15"><span class='ocrx_word' id='word_1_610' title='bbox 2161 4225 2386 4289; x_wconf 85' lang='grc' dir='ltr'>αγαγείν</span> <span class='ocrx_word' id='word_1_611' title='bbox 2423 4220 2865 4289; x_wconf 80' lang='grc' dir='ltr'>ἀγωνιζωμὲνου,</span> <span class='ocrx_word' id='word_1_612' title='bbox 2895 4220 3012 4281; x_wconf 86' lang='grc' dir='ltr'><strong>πῶς</strong></span> <span class='ocrx_word' id='word_1_613' title='bbox 3041 4219 3286 4272; x_wconf 81' lang='grc' dir='ltr'>εύσεδείν</span> <span class='ocrx_word' id='word_1_614' title='bbox 3324 4219 3471 4288; x_wconf 78' lang='grc' dir='ltr'>ἡμᾶς</span> <span class='ocrx_word' id='word_1_615' title='bbox 3498 4217 3740 4273; x_wconf 73' lang='grc' dir='ltr'>δυνατὸν.</span> 
     </span>
    </p>
   </div>
   <div class='ocr_carea' id='block_1_87' title="bbox 2161 4307 3741 4381">
    <p class='ocr_par' dir='ltr' id='par_1_87' title="bbox 2161 4307 3741 4381">
     <span class='ocr_line' id='line_1_87' title="bbox 2161 4307 3741 4381; baseline -0.004 -17"><span class='ocrx_word' id='word_1_616' title='bbox 2161 4311 2264 4372; x_wconf 85' lang='grc' dir='ltr'>τὰς</span> <span class='ocrx_word' id='word_1_617' title='bbox 2297 4312 2545 4374; x_wconf 79' lang='grc' dir='ltr'>ἐναντίας</span> <span class='ocrx_word' id='word_1_618' title='bbox 2571 4312 2685 4372; x_wconf 77' lang='grc' dir='ltr'>τοῖς</span> <span class='ocrx_word' id='word_1_619' title='bbox 2711 4312 3013 4381; x_wconf 84' lang='grc' dir='ltr'>αἱρετικοῖς</span> <span class='ocrx_word' id='word_1_620' title='bbox 3052 4311 3237 4380; x_wconf 77' lang='grc' dir='ltr'>φωνὰς</span> <span class='ocrx_word' id='word_1_621' title='bbox 3273 4309 3372 4379; x_wconf 82' lang='grc' dir='ltr'><strong>οὐχ</strong></span> <span class='ocrx_word' id='word_1_622' title='bbox 3413 4307 3741 4379; x_wconf 77' lang='grc' dir='ltr'>ὁμολογοῦν-</span> 
     </span>
    </p>
   </div>
   <div class='ocr_carea' id='block_1_88' title="bbox 2160 4400 3734 4473">
    <p class='ocr_par' dir='ltr' id='par_1_88' title="bbox 2160 4400 3734 4473">
     <span class='ocr_line' id='line_1_88' title="bbox 2160 4400 3734 4473; baseline -0.005 -15"><span class='ocrx_word' id='word_1_623' title='bbox 2160 4421 2294 4470; x_wconf 85' lang='grc' dir='ltr'>τας;</span> <span class='ocrx_word' id='word_1_624' title='bbox 2339 4405 2404 4457; x_wconf 82' lang='grc' dir='ltr'><strong>Ἠ</strong></span> <span class='ocrx_word' id='word_1_625' title='bbox 2431 4404 2487 4457; x_wconf 85' lang='grc' dir='ltr'>δὲ</span> <span class='ocrx_word' id='word_1_626' title='bbox 2521 4404 2746 4473; x_wconf 84' lang='grc' dir='ltr'>πέμπτη</span> <span class='ocrx_word' id='word_1_627' title='bbox 2783 4401 3020 4468; x_wconf 86' lang='grc' dir='ltr'>σύνοδος,</span> <span class='ocrx_word' id='word_1_628' title='bbox 3063 4403 3151 4456; x_wconf 80' lang='grc' dir='ltr'>ἵνα</span> <span class='ocrx_word' id='word_1_629' title='bbox 3193 4400 3369 4454; x_wconf 87' lang='grc' dir='ltr'>πάντα</span> <span class='ocrx_word' id='word_1_630' title='bbox 3418 4400 3734 4470; x_wconf 80' lang='grc' dir='ltr'>παραλίπω,</span> 
     </span>
    </p>
   </div>
   <div class='ocr_carea' id='block_1_89' title="bbox 493 4473 2057 4561">
    <p class='ocr_par' dir='ltr' id='par_1_89' title="bbox 493 4487 2057 4558">
     <span class='ocr_line' id='line_1_89' title="bbox 493 4487 2057 4558; baseline 0 -17"><span class='ocrx_word' id='word_1_631' title='bbox 493 4490 563 4541; x_wconf 70' lang='lat' dir='ltr'><strong>ita</strong></span> <span class='ocrx_word' id='word_1_632' title='bbox 602 4488 803 4553; x_wconf 83' lang='lat' dir='ltr'><strong>sanxit,</strong></span> <span class='ocrx_word' id='word_1_633' title='bbox 831 4487 1091 4558; x_wconf 76' lang='lat' dir='ltr'><strong>Amplecti</strong></span> <span class='ocrx_word' id='word_1_634' title='bbox 1126 4503 1181 4542; x_wconf 78' lang='lat' dir='ltr'><strong>se</strong></span> <span class='ocrx_word' id='word_1_635' title='bbox 1207 4489 1386 4541; x_wconf 86' lang='lat' dir='ltr'><strong>omnia</strong></span> <span class='ocrx_word' id='word_1_636' title='bbox 1418 4496 1724 4540; x_wconf 78' lang='lat' dir='ltr'><strong>sanctorum</strong></span> <span class='ocrx_word' id='word_1_637' title='bbox 1758 4487 2057 4553; x_wconf 73' lang='lat' dir='ltr'><strong>Athanasii,</strong></span> 
     </span>
    </p>
   </div>
   <div class='ocr_carea' id='block_1_90' title="bbox 2162 4473 3731 4561">
    <p class='ocr_par' dir='ltr' id='par_1_90' title="bbox 2167 4492 3731 4561">
     <span class='ocr_line' id='line_1_90' title="bbox 2167 4492 3731 4561; baseline -0.006 -11"><span class='ocrx_word' id='word_1_638' title='bbox 2167 4496 2472 4550; x_wconf 85' lang='grc' dir='ltr'>θεσπίσασα</span> <span class='ocrx_word' id='word_1_639' title='bbox 2519 4495 2826 4560; x_wconf 72' lang='grc' dir='ltr'>αύτολεξεὶ,</span> <span class='ocrx_word' id='word_1_640' title='bbox 2855 4493 3056 4547; x_wconf 82' lang='grc' dir='ltr'>Πάντα</span> <span class='ocrx_word' id='word_1_641' title='bbox 3085 4493 3157 4546; x_wconf 87' lang='grc' dir='ltr'>τὰ</span> <span class='ocrx_word' id='word_1_642' title='bbox 3197 4492 3317 4545; x_wconf 82' lang='grc' dir='ltr'>τῶν</span> <span class='ocrx_word' id='word_1_643' title='bbox 3343 4492 3535 4561; x_wconf 71' lang='grc' dir='ltr'>ἁγίων</span> <span class='ocrx_word' id='word_1_644' title='bbox 3575 4492 3731 4544; x_wconf 75' lang='grc' dir='ltr'>Ἀθα-</span> 
     </span>
    </p>
   </div>
   <div class='ocr_carea' id='block_1_91' title="bbox 494 4578 2058 4650">
    <p class='ocr_par' dir='ltr' id='par_1_91' title="bbox 494 4578 2058 4650">
     <span class='ocr_line' id='line_1_91' title="bbox 494 4578 2058 4650; baseline 0.003 -20"><span class='ocrx_word' id='word_1_645' title='bbox 494 4581 531 4630; x_wconf 68' lang='lat' dir='ltr'><strong>I?</strong></span> <span class='ocrx_word' id='word_1_646' title='bbox 561 4582 700 4640; x_wconf 62' lang='grc' dir='ltr'><strong>κςέῐὲἱ,</strong></span> <span class='ocrx_word' id='word_1_647' title='bbox 721 4581 996 4650; x_wconf 82' lang='lat' dir='ltr'><strong>utriusque</strong></span> <span class='ocrx_word' id='word_1_648' title='bbox 1030 4579 1374 4650; x_wconf 84' lang='lat' dir='ltr'><strong>Gregorii,ac</strong></span> <span class='ocrx_word' id='word_1_649' title='bbox 1397 4578 1766 4648; x_wconf 84' lang='lat' dir='ltr'><strong>quorumdam</strong></span> <span class='ocrx_word' id='word_1_650' title='bbox 1795 4578 2058 4646; x_wconf 79' lang='lat' dir='ltr'><strong>aliorum,</strong></span> 
     </span>
    </p>
   </div>
   <div class='ocr_carea' id='block_1_92' title="bbox 489 4668 2061 4741">
    <p class='ocr_par' dir='ltr' id='par_1_92' title="bbox 489 4668 2061 4741">
     <span class='ocr_line' id='line_1_92' title="bbox 489 4668 2061 4741; baseline 0.004 -21"><span class='ocrx_word' id='word_1_651' title='bbox 489 4690 610 4722; x_wconf 68' lang='lat' dir='ltr'><strong>mm</strong></span> <span class='ocrx_word' id='word_1_652' title='bbox 655 4669 963 4741; x_wconf 89' lang='lat' dir='ltr'><strong>adjectione</strong></span> <span class='ocrx_word' id='word_1_653' title='bbox 1012 4671 1163 4725; x_wconf 84' lang='lat' dir='ltr'><strong>vocis</strong></span> <span class='ocrx_word' id='word_1_654' title='bbox 1200 4670 1526 4741; x_wconf 85' lang='lat' dir='ltr'><strong>egregiorum</strong></span> <span class='ocrx_word' id='word_1_655' title='bbox 1575 4668 1870 4738; x_wconf 80' lang='lat' dir='ltr'><strong>doctorum,</strong></span> <span class='ocrx_word' id='word_1_656' title='bbox 1903 4671 2061 4727; x_wconf 73' lang='lat' dir='ltr'><strong>libros</strong></span> 
     </span>
    </p>
   </div>
   <div class='ocr_carea' id='block_1_93' title="bbox 500 4757 2070 4833">
    <p class='ocr_par' dir='ltr' id='par_1_93' title="bbox 500 4757 2070 4833">
     <span class='ocr_line' id='line_1_93' title="bbox 500 4757 2070 4833; baseline 0.009 -24"><span class='ocrx_word' id='word_1_657' title='bbox 500 4773 563 4810; x_wconf 85' lang='lat' dir='ltr'><strong>ac</strong></span> <span class='ocrx_word' id='word_1_658' title='bbox 594 4757 1022 4827; x_wconf 85' lang='lat' dir='ltr'><strong>lucubrationes,</strong></span> <span class='ocrx_word' id='word_1_659' title='bbox 1059 4759 1113 4816; x_wconf 92' lang='lat' dir='ltr'><strong>in</strong></span> <span class='ocrx_word' id='word_1_660' title='bbox 1163 4761 1365 4833; x_wconf 86' lang='lat' dir='ltr'><strong>quibus</strong></span> <span class='ocrx_word' id='word_1_661' title='bbox 1397 4775 1450 4820; x_wconf 89' lang='lat' dir='ltr'><strong>et</strong></span> <span class='ocrx_word' id='word_1_662' title='bbox 1493 4764 1613 4820; x_wconf 72' lang='lat' dir='ltr'><strong>dua:</strong></span> <span class='ocrx_word' id='word_1_663' title='bbox 1651 4766 1771 4822; x_wconf 66' lang='lat' dir='ltr'><strong>sitae</strong></span> <span class='ocrx_word' id='word_1_664' title='bbox 1813 4776 1940 4822; x_wconf 90' lang='lat' dir='ltr'><strong>sunt</strong></span> <span class='ocrx_word' id='word_1_665' title='bbox 1964 4782 2070 4822; x_wconf 83' lang='lat' dir='ltr'><strong>vo-</strong></span> 
     </span>
    </p>
   </div>
   <div class='ocr_carea' id='block_1_94' title="bbox 498 4848 757 4906">
    <p class='ocr_par' dir='ltr' id='par_1_94' title="bbox 498 4848 757 4906">
     <span class='ocr_line' id='line_1_94' title="bbox 498 4848 757 4906; baseline 0.012 -5"><span class='ocrx_word' id='word_1_666' title='bbox 498 4848 757 4906; x_wconf 85' lang='lat' dir='ltr'><strong>luntales.</strong></span> 
     </span>
    </p>
   </div>
   <div class='ocr_carea' id='block_1_95' title="bbox 1132 4947 1443 5002">
    <p class='ocr_par' dir='ltr' id='par_1_95' title="bbox 1132 4947 1443 5002">
     <span class='ocr_line' id='line_1_95' title="bbox 1132 4947 1443 5002; baseline 0.006 -2"><span class='ocrx_word' id='word_1_667' title='bbox 1132 4947 1213 5001; x_wconf 78' lang='lat' dir='ltr'><strong>Ex</strong></span> <span class='ocrx_word' id='word_1_668' title='bbox 1243 4950 1443 5002; x_wconf 83' lang='lat' dir='ltr'><strong>eadem.</strong></span> 
     </span>
    </p>
   </div>
   <div class='ocr_carea' id='block_1_96' title="bbox 563 5031 2063 5105">
    <p class='ocr_par' dir='ltr' id='par_1_96' title="bbox 563 5031 2063 5105">
     <span class='ocr_line' id='line_1_96' title="bbox 563 5031 2063 5105; baseline 0.007 -20"><span class='ocrx_word' id='word_1_669' title='bbox 563 5031 620 5086; x_wconf 88' lang='lat' dir='ltr'><strong>ln</strong></span> <span class='ocrx_word' id='word_1_670' title='bbox 651 5033 820 5090; x_wconf 89' lang='lat' dir='ltr'><strong>sacris</strong></span> <span class='ocrx_word' id='word_1_671' title='bbox 840 5036 1147 5105; x_wconf 81' lang='lat' dir='ltr'><strong>Evangeliis</strong></span> <span class='ocrx_word' id='word_1_672' title='bbox 1171 5037 1373 5092; x_wconf 90' lang='lat' dir='ltr'><strong>dictum</strong></span> <span class='ocrx_word' id='word_1_673' title='bbox 1400 5047 1484 5095; x_wconf 88' lang='lat' dir='ltr'><strong>est</strong></span> <span class='ocrx_word' id='word_1_674' title='bbox 1511 5056 1523 5094; x_wconf 91' lang='lat'><strong>:</strong></span> <span class='ocrx_word' id='word_1_675' title='bbox 1553 5039 1620 5093; x_wconf 81' lang='lat' dir='ltr'><strong>In</strong></span> <span class='ocrx_word' id='word_1_676' title='bbox 1649 5042 1939 5096; x_wconf 81' lang='lat' dir='ltr'><strong>crastinum</strong></span> <span class='ocrx_word' id='word_1_677' title='bbox 1973 5058 2063 5096; x_wconf 80' lang='lat' dir='ltr'><strong>vo-</strong></span> 
     </span>
    </p>
   </div>
   <div class='ocr_carea' id='block_1_97' title="bbox 496 5123 2053 5200">
    <p class='ocr_par' dir='ltr' id='par_1_97' title="bbox 496 5123 2053 5200">
     <span class='ocr_line' id='line_1_97' title="bbox 496 5123 2053 5200; baseline 0.01 -27"><span class='ocrx_word' id='word_1_678' title='bbox 496 5123 596 5176; x_wconf 78' lang='lat' dir='ltr'><strong>luit</strong></span> <span class='ocrx_word' id='word_1_679' title='bbox 645 5124 794 5179; x_wconf 75' lang='lat' dir='ltr'><strong>Jews</strong></span> <span class='ocrx_word' id='word_1_680' title='bbox 857 5127 1062 5196; x_wconf 83' lang='lat' dir='ltr'><strong>ingredi</strong></span> <span class='ocrx_word' id='word_1_681' title='bbox 1113 5129 1169 5182; x_wconf 83' lang='lat' dir='ltr'><strong>in</strong></span> <span class='ocrx_word' id='word_1_682' title='bbox 1228 5128 1549 5185; x_wconf 70' lang='lat' dir='ltr'><strong>Galilwam:</strong></span> <span class='ocrx_word' id='word_1_683' title='bbox 1593 5132 1767 5200; x_wconf 83' lang='lat' dir='ltr'><strong>palam</strong></span> <span class='ocrx_word' id='word_1_684' title='bbox 1811 5142 1918 5198; x_wconf 79' lang='lat' dir='ltr'><strong>est,</strong></span> <span class='ocrx_word' id='word_1_685' title='bbox 1958 5148 2053 5188; x_wconf 83' lang='lat' dir='ltr'><strong>vo-</strong></span> 
     </span>
    </p>
   </div>
   <div class='ocr_carea' id='block_1_98' title="bbox 493 5214 2051 5290">
    <p class='ocr_par' dir='ltr' id='par_1_98' title="bbox 493 5214 2051 5290">
     <span class='ocr_line' id='line_1_98' title="bbox 493 5214 2051 5290; baseline 0.009 -23"><span class='ocrx_word' id='word_1_686' title='bbox 493 5214 659 5270; x_wconf 77' lang='lat' dir='ltr'><strong>luisse</strong></span> <span class='ocrx_word' id='word_1_687' title='bbox 703 5219 934 5287; x_wconf 79' lang='lat' dir='ltr'><strong>ingredi,</strong></span> <span class='ocrx_word' id='word_1_688' title='bbox 991 5235 1096 5290; x_wconf 86' lang='lat' dir='ltr'><strong>qua</strong></span> <span class='ocrx_word' id='word_1_689' title='bbox 1169 5221 1381 5276; x_wconf 86' lang='lat' dir='ltr'><strong>ratione</strong></span> <span class='ocrx_word' id='word_1_690' title='bbox 1436 5237 1545 5276; x_wconf 92' lang='lat' dir='ltr'><strong>non</strong></span> <span class='ocrx_word' id='word_1_691' title='bbox 1610 5232 1729 5278; x_wconf 86' lang='lat' dir='ltr'><strong>erat</strong></span> <span class='ocrx_word' id='word_1_692' title='bbox 1783 5225 1878 5279; x_wconf 89' lang='lat' dir='ltr'><strong>ibi.</strong></span> <span class='ocrx_word' id='word_1_693' title='bbox 1932 5225 2051 5281; x_wconf 87' lang='lat' dir='ltr'><strong>Non</strong></span> 
     </span>
    </p>
   </div>
   <div class='ocr_carea' id='block_1_99' title="bbox 494 5309 2045 5384">
    <p class='ocr_par' dir='ltr' id='par_1_99' title="bbox 494 5309 2045 5384">
     <span class='ocr_line' id='line_1_99' title="bbox 494 5309 2045 5384; baseline 0.01 -29"><span class='ocrx_word' id='word_1_694' title='bbox 494 5314 611 5358; x_wconf 86' lang='lat' dir='ltr'><strong>erat</strong></span> <span class='ocrx_word' id='word_1_695' title='bbox 677 5318 856 5363; x_wconf 89' lang='lat' dir='ltr'><strong>autem</strong></span> <span class='ocrx_word' id='word_1_696' title='bbox 917 5309 1302 5367; x_wconf 86' lang='lat' dir='ltr'><strong>humanitate:</strong></span> <span class='ocrx_word' id='word_1_697' title='bbox 1351 5328 1476 5366; x_wconf 85' lang='lat' dir='ltr'><strong>nam</strong></span> <span class='ocrx_word' id='word_1_698' title='bbox 1534 5314 1737 5371; x_wconf 85' lang='lat' dir='ltr'><strong>deitate</strong></span> <span class='ocrx_word' id='word_1_699' title='bbox 1776 5330 2045 5384; x_wconf 87' lang='lat' dir='ltr'><strong>nusquam</strong></span> 
     </span>
    </p>
   </div>
   <div class='ocr_carea' id='block_1_100' title="bbox 493 5397 2059 5477">
    <p class='ocr_par' dir='ltr' id='par_1_100' title="bbox 493 5397 2059 5477">
     <span class='ocr_line' id='line_1_100' title="bbox 493 5397 2059 5477; baseline 0.011 -30"><span class='ocrx_word' id='word_1_700' title='bbox 493 5397 662 5450; x_wconf 84' lang='lat' dir='ltr'><strong>abest.</strong></span> <span class='ocrx_word' id='word_1_701' title='bbox 703 5398 871 5470; x_wconf 80' lang='lat' dir='ltr'><strong>Igitur</strong></span> <span class='ocrx_word' id='word_1_702' title='bbox 901 5409 961 5456; x_wconf 92' lang='lat' dir='ltr'><strong>ut</strong></span> <span class='ocrx_word' id='word_1_703' title='bbox 996 5401 1176 5472; x_wconf 88' lang='lat' dir='ltr'><strong>homo,</strong></span> <span class='ocrx_word' id='word_1_704' title='bbox 1201 5418 1308 5460; x_wconf 92' lang='lat' dir='ltr'><strong>non</strong></span> <span class='ocrx_word' id='word_1_705' title='bbox 1344 5413 1399 5460; x_wconf 89' lang='lat' dir='ltr'><strong>ut</strong></span> <span class='ocrx_word' id='word_1_706' title='bbox 1435 5403 1600 5477; x_wconf 85' lang='lat' dir='ltr'><strong>Deus,</strong></span> <span class='ocrx_word' id='word_1_707' title='bbox 1642 5407 1850 5464; x_wconf 86' lang='lat' dir='ltr'><strong>intrare</strong></span> <span class='ocrx_word' id='word_1_708' title='bbox 1885 5409 2059 5464; x_wconf 87' lang='lat' dir='ltr'><strong>voluit</strong></span> 
     </span>
    </p>
   </div>
   <div class='ocr_carea' id='block_1_101' title="bbox 494 5489 878 5556">
    <p class='ocr_par' dir='ltr' id='par_1_101' title="bbox 494 5489 878 5556">
     <span class='ocr_line' id='line_1_101' title="bbox 494 5489 878 5556; baseline 0.016 -16"><span class='ocrx_word' id='word_1_709' title='bbox 494 5502 555 5540; x_wconf 85' lang='lat' dir='ltr'><strong>ac</strong></span> <span class='ocrx_word' id='word_1_710' title='bbox 586 5489 878 5556; x_wconf 80' lang='lat' dir='ltr'><strong>proﬁcisci.</strong></span> 
     </span>
    </p>
   </div>
   <div class='ocr_carea' id='block_1_102' title="bbox 579 5765 960 5837">
    <p class='ocr_par' dir='ltr' id='par_1_102' title="bbox 579 5765 960 5837">
     <span class='ocr_line' id='line_1_102' title="bbox 579 5765 960 5837; baseline 0.01 -11"><span class='ocrx_word' id='word_1_711' title='bbox 579 5765 591 5797; x_wconf 75' lang='grc'><strong>⁵</strong></span> <span class='ocrx_word' id='word_1_712' title='bbox 621 5767 777 5827; x_wconf 73' lang='lat' dir='ltr'><strong>Joau.</strong></span> <span class='ocrx_word' id='word_1_713' title='bbox 807 5789 844 5837; x_wconf 90' lang='grc' dir='ltr'><strong>ι,</strong></span> <span class='ocrx_word' id='word_1_714' title='bbox 872 5775 960 5830; x_wconf 69' lang='grc'><strong>43.</strong></span> 
     </span>
    </p>
   </div>
   <div class='ocr_carea' id='block_1_103' title="bbox 2155 5220 3102 5288">
    <p class='ocr_par' dir='ltr' id='par_1_103' title="bbox 2155 5220 3102 5288">
     <span class='ocr_line' id='line_1_103' title="bbox 2155 5220 3102 5288; baseline -0.004 -13"><span class='ocrx_word' id='word_1_715' title='bbox 2155 5220 2358 5277; x_wconf 75' lang='grc' dir='ltr'>ελθεῖν</span> <span class='ocrx_word' id='word_1_716' title='bbox 2415 5223 2504 5286; x_wconf 77' lang='grc' dir='ltr'><strong>είς</strong></span> <span class='ocrx_word' id='word_1_717' title='bbox 2557 5220 2674 5288; x_wconf 77' lang='grc' dir='ltr'><strong>τὴν</strong></span> <span class='ocrx_word' id='word_1_718' title='bbox 2730 5221 3102 5273; x_wconf 58' lang='grc' dir='ltr'>Γαλιλαίαν</span> 
     </span>
    </p>
   </div>
   <div class='ocr_carea' id='block_1_104' title="bbox 2162 4582 3732 4654">
    <p class='ocr_par' dir='ltr' id='par_1_104' title="bbox 2162 4582 3732 4654">
     <span class='ocr_line' id='line_1_104' title="bbox 2162 4582 3732 4654; baseline -0.008 -10"><span class='ocrx_word' id='word_1_719' title='bbox 2162 4591 2404 4652; x_wconf 79' lang='grc' dir='ltr'>νασίου,</span> <span class='ocrx_word' id='word_1_720' title='bbox 2438 4587 2538 4642; x_wconf 76' lang='grc' dir='ltr'>καὶ</span> <span class='ocrx_word' id='word_1_721' title='bbox 2567 4588 2914 4651; x_wconf 78' lang='grc' dir='ltr'>Βασιλείου,</span> <span class='ocrx_word' id='word_1_722' title='bbox 2941 4585 3418 4654; x_wconf 72' lang='grc' dir='ltr'>καί-Γρηγοριων,</span> <span class='ocrx_word' id='word_1_723' title='bbox 3442 4584 3542 4636; x_wconf 75' lang='grc' dir='ltr'>καὶ</span> <span class='ocrx_word' id='word_1_724' title='bbox 3569 4582 3732 4636; x_wconf 70' lang='grc' dir='ltr'>ᾶλλωι</span> 
     </span>
    </p>
   </div>
   <div class='ocr_carea' id='block_1_105' title="bbox 2161 4674 3730 4750">
    <p class='ocr_par' dir='ltr' id='par_1_105' title="bbox 2161 4674 3730 4750">
     <span class='ocr_line' id='line_1_105' title="bbox 2161 4674 3730 4750; baseline -0.004 -17"><span class='ocrx_word' id='word_1_725' title='bbox 2161 4679 2322 4734; x_wconf 81' lang='grc' dir='ltr'>τινῶν</span> <span class='ocrx_word' id='word_1_726' title='bbox 2367 4679 2887 4750; x_wconf 80' lang='grc' dir='ltr'>προσδιωρισμένως</span> <span class='ocrx_word' id='word_1_727' title='bbox 2915 4679 3201 4747; x_wconf 74' lang='grc' dir='ltr'>ἐγκρίτων</span> <span class='ocrx_word' id='word_1_728' title='bbox 3231 4675 3554 4740; x_wconf 73' lang='grc' dir='ltr'>[ἐκκρίτων]</span> <span class='ocrx_word' id='word_1_729' title='bbox 3583 4674 3730 4729; x_wconf 77' lang='grc' dir='ltr'>διδα-</span> 
     </span>
    </p>
   </div>
   <div class='ocr_carea' id='block_1_106' title="bbox 2175 4764 3727 4835">
    <p class='ocr_par' dir='ltr' id='par_1_106' title="bbox 2175 4764 3727 4835">
     <span class='ocr_line' id='line_1_106' title="bbox 2175 4764 3727 4835; baseline -0.001 -17"><span class='ocrx_word' id='word_1_730' title='bbox 2175 4781 2254 4818; x_wconf 79' lang='grc' dir='ltr'><strong>σκ</strong></span> <span class='ocrx_word' id='word_1_731' title='bbox 2267 4765 2431 4818; x_wconf 55' lang='lat' dir='ltr'><strong>ditur</strong></span> <span class='ocrx_word' id='word_1_732' title='bbox 2463 4766 2880 4835; x_wconf 69' lang='grc' dir='ltr'>συντάγματα,</span> <span class='ocrx_word' id='word_1_733' title='bbox 2910 4768 2966 4818; x_wconf 82' lang='grc' dir='ltr'>ὲν</span> <span class='ocrx_word' id='word_1_734' title='bbox 2992 4783 3074 4829; x_wconf 86' lang='grc' dir='ltr'><strong>οις</strong></span> <span class='ocrx_word' id='word_1_735' title='bbox 3111 4767 3204 4819; x_wconf 77' lang='grc' dir='ltr'>καὶ</span> <span class='ocrx_word' id='word_1_736' title='bbox 3236 4764 3303 4818; x_wconf 81' lang='grc' dir='ltr'>τὰ</span> <span class='ocrx_word' id='word_1_737' title='bbox 3331 4764 3423 4818; x_wconf 89' lang='grc' dir='ltr'><strong>δύο</strong></span> <span class='ocrx_word' id='word_1_738' title='bbox 3454 4765 3727 4833; x_wconf 76' lang='grc' dir='ltr'>ἒγκεινται</span> 
     </span>
    </p>
   </div>
   <div class='ocr_carea' id='block_1_107' title="bbox 2172 4855 2763 4927">
    <p class='ocr_par' dir='ltr' id='par_1_107' title="bbox 2172 4855 2763 4927">
     <span class='ocr_line' id='line_1_107' title="bbox 2172 4855 2763 4927; baseline 0.003 -19"><span class='ocrx_word' id='word_1_739' title='bbox 2172 4855 2474 4926; x_wconf 77' lang='grc' dir='ltr'>θελήματα,</span> <span class='ocrx_word' id='word_1_740' title='bbox 2497 4855 2763 4927; x_wconf 82' lang='grc' dir='ltr'>δέχεσθαι.</span> 
     </span>
    </p>
   </div>
   <div class='ocr_carea' id='block_1_108' title="bbox 2704 4947 3200 5016">
    <p class='ocr_par' dir='ltr' id='par_1_108' title="bbox 2704 4947 3200 5016">
     <span class='ocr_line' id='line_1_108' title="bbox 2704 4947 3200 5016; baseline 0 -14"><span class='ocrx_word' id='word_1_741' title='bbox 2704 4949 2805 5002; x_wconf 76' lang='grc' dir='ltr'>Ἐκ</span> <span class='ocrx_word' id='word_1_742' title='bbox 2837 4947 2948 5016; x_wconf 80' lang='grc' dir='ltr'>τῆς</span> <span class='ocrx_word' id='word_1_743' title='bbox 2988 4948 3200 5016; x_wconf 79' lang='grc' dir='ltr'>αὐτῆς.</span> 
     </span>
    </p>
   </div>
   <div class='ocr_carea' id='block_1_109' title="bbox 2237 5034 3720 5107">
    <p class='ocr_par' dir='ltr' id='par_1_109' title="bbox 2237 5034 3720 5107">
     <span class='ocr_line' id='line_1_109' title="bbox 2237 5034 3720 5107; baseline -0.002 -18"><span class='ocrx_word' id='word_1_744' title='bbox 2237 5037 2332 5089; x_wconf 85' lang='grc' dir='ltr'>Ἐν</span> <span class='ocrx_word' id='word_1_745' title='bbox 2381 5039 2490 5101; x_wconf 80' lang='grc' dir='ltr'>τοϊς</span> <span class='ocrx_word' id='word_1_746' title='bbox 2525 5039 2697 5106; x_wconf 82' lang='grc' dir='ltr'>ἁγίοις</span> <span class='ocrx_word' id='word_1_747' title='bbox 2755 5039 3104 5106; x_wconf 80' lang='grc' dir='ltr'>Εύαγγελίοις</span> <span class='ocrx_word' id='word_1_748' title='bbox 3160 5039 3374 5107; x_wconf 73' lang='grc' dir='ltr'>εἴρηται</span> <span class='ocrx_word' id='word_1_749' title='bbox 3409 5037 3568 5103; x_wconf 77' lang='grc' dir='ltr'>,περὶ</span> <span class='ocrx_word' id='word_1_750' title='bbox 3630 5034 3720 5088; x_wconf 73' lang='grc' dir='ltr'>τοῦ</span> 
     </span>
    </p>
   </div>
   <div class='ocr_carea' id='block_1_110' title="bbox 2160 5126 3721 5197">
    <p class='ocr_par' dir='ltr' id='par_1_110' title="bbox 2160 5126 3721 5197">
     <span class='ocr_line' id='line_1_110' title="bbox 2160 5126 3721 5197; baseline -0.001 -15"><span class='ocrx_word' id='word_1_751' title='bbox 2160 5131 2386 5197; x_wconf 83' lang='grc' dir='ltr'>Κυρίου,</span> <span class='ocrx_word' id='word_1_752' title='bbox 2409 5129 2491 5182; x_wconf 81' lang='grc' dir='ltr'><strong>δτι</strong></span> <span class='ocrx_word' id='word_1_753' title='bbox 2529 5127 2606 5196; x_wconf 79' lang='grc' dir='ltr'><strong>Τῇ</strong></span> <span class='ocrx_word' id='word_1_754' title='bbox 2644 5130 2930 5196; x_wconf 79' lang='grc' dir='ltr'>ἐπαύριον</span> <span class='ocrx_word' id='word_1_755' title='bbox 2953 5129 3257 5196; x_wconf 76' lang='grc' dir='ltr'>ἠθέλησεν</span> <span class='ocrx_word' id='word_1_756' title='bbox 3285 5130 3318 5181; x_wconf 85' lang='grc' dir='ltr'><strong><em>ό</em></strong></span> <span class='ocrx_word' id='word_1_757' title='bbox 3337 5126 3576 5193; x_wconf 76' lang='grc' dir='ltr'>Ἰησοῦς</span> <span class='ocrx_word' id='word_1_758' title='bbox 3606 5130 3721 5181; x_wconf 83' lang='grc' dir='ltr'>εισ-</span> 
     </span>
    </p>
   </div>
   <div class='ocr_carea' id='block_1_111' title="bbox 3177 5217 3718 5288">
    <p class='ocr_par' dir='ltr' id='par_1_111' title="bbox 3177 5217 3718 5288">
     <span class='ocr_line' id='line_1_111' title="bbox 3177 5217 3718 5288; baseline -0.004 -18"><span class='ocrx_word' id='word_1_759' title='bbox 3177 5217 3438 5288; x_wconf 72' lang='grc' dir='ltr'>πρὸδηλον</span> <span class='ocrx_word' id='word_1_760' title='bbox 3492 5219 3549 5272; x_wconf 79' lang='grc' dir='ltr'>δὲ</span> <span class='ocrx_word' id='word_1_761' title='bbox 3572 5259 3586 5278; x_wconf 87' lang='grc'><strong>,</strong></span> <span class='ocrx_word' id='word_1_762' title='bbox 3645 5219 3718 5270; x_wconf 81' lang='grc' dir='ltr'><strong>ὅτι</strong></span> 
     </span>
    </p>
   </div>
   <div class='ocr_carea' id='block_1_112' title="bbox 2163 5306 3718 5383">
    <p class='ocr_par' dir='ltr' id='par_1_112' title="bbox 2163 5306 3718 5383">
     <span class='ocr_line' id='line_1_112' title="bbox 2163 5306 3718 5383; baseline -0.006 -15"><span class='ocrx_word' id='word_1_763' title='bbox 2163 5315 2288 5369; x_wconf 87' lang='grc' dir='ltr'>καθ’</span> <span class='ocrx_word' id='word_1_764' title='bbox 2317 5313 2344 5366; x_wconf 84' lang='grc' dir='ltr'><strong>δ</strong></span> <span class='ocrx_word' id='word_1_765' title='bbox 2375 5313 2473 5367; x_wconf 87' lang='grc' dir='ltr'><strong>ούκ</strong></span> <span class='ocrx_word' id='word_1_766' title='bbox 2499 5307 2566 5383; x_wconf 79' lang='grc' dir='ltr'>ἦν</span> <span class='ocrx_word' id='word_1_767' title='bbox 2591 5315 2729 5378; x_wconf 79' lang='grc' dir='ltr'>ἐκεῖ,</span> <span class='ocrx_word' id='word_1_768' title='bbox 2759 5314 3026 5382; x_wconf 71' lang='grc' dir='ltr'>ἠθέλησεν</span> <span class='ocrx_word' id='word_1_769' title='bbox 3052 5311 3338 5365; x_wconf 75' lang='grc' dir='ltr'>εἰσελθεῖν·</span> <span class='ocrx_word' id='word_1_770' title='bbox 3399 5311 3501 5362; x_wconf 76' lang='grc' dir='ltr'><strong>οὐκ</strong></span> <span class='ocrx_word' id='word_1_771' title='bbox 3555 5306 3621 5377; x_wconf 76' lang='grc' dir='ltr'><strong>ἦν</strong></span> <span class='ocrx_word' id='word_1_772' title='bbox 3667 5309 3718 5359; x_wconf 71' lang='grc' dir='ltr'><strong>δὲ</strong></span> 
     </span>
    </p>
   </div>
   <div class='ocr_carea' id='block_1_113' title="bbox 2168 5401 3717 5476">
    <p class='ocr_par' dir='ltr' id='par_1_113' title="bbox 2168 5401 3717 5476">
     <span class='ocr_line' id='line_1_113' title="bbox 2168 5401 3717 5476; baseline -0.006 -18"><span class='ocrx_word' id='word_1_773' title='bbox 2168 5406 2571 5476; x_wconf 77' lang='grc' dir='ltr'>ἀνθρωπότητι’</span> <span class='ocrx_word' id='word_1_774' title='bbox 2605 5405 2821 5473; x_wconf 83' lang='grc' dir='ltr'>θεότητι</span> <span class='ocrx_word' id='word_1_775' title='bbox 2864 5404 2972 5474; x_wconf 83' lang='grc' dir='ltr'>γὰρ</span> <span class='ocrx_word' id='word_1_776' title='bbox 3020 5403 3231 5463; x_wconf 73' lang='grc' dir='ltr'>οὐδενὸς</span> <span class='ocrx_word' id='word_1_777' title='bbox 3275 5401 3527 5455; x_wconf 75' lang='grc' dir='ltr'>ἄπεστιν.</span> <span class='ocrx_word' id='word_1_778' title='bbox 3586 5402 3717 5469; x_wconf 63' lang='grc' dir='ltr'><strong>Ἀρι</strong></span> 
     </span>
    </p>
   </div>
   <div class='ocr_carea' id='block_1_114' title="bbox 2167 5490 3718 5565">
    <p class='ocr_par' dir='ltr' id='par_1_114' title="bbox 2167 5490 3718 5565">
     <span class='ocr_line' id='line_1_114' title="bbox 2167 5490 3718 5565; baseline -0.006 -16"><span class='ocrx_word' id='word_1_779' title='bbox 2167 5496 2262 5549; x_wconf 78' lang='grc' dir='ltr'><strong>οὖν</strong></span> <span class='ocrx_word' id='word_1_780' title='bbox 2291 5497 2414 5548; x_wconf 81' lang='grc' dir='ltr'>καθ’</span> <span class='ocrx_word' id='word_1_781' title='bbox 2443 5496 2471 5549; x_wconf 87' lang='grc' dir='ltr'><strong>ὂ</strong></span> <span class='ocrx_word' id='word_1_782' title='bbox 2498 5497 2804 5565; x_wconf 83' lang='grc' dir='ltr'>ἄνθρωπος,</span> <span class='ocrx_word' id='word_1_783' title='bbox 2834 5496 2928 5549; x_wconf 80' lang='grc' dir='ltr'>καὶ</span> <span class='ocrx_word' id='word_1_784' title='bbox 2968 5495 3026 5547; x_wconf 75' lang='grc' dir='ltr'><strong>ού</strong></span> <span class='ocrx_word' id='word_1_785' title='bbox 3062 5493 3186 5547; x_wconf 76' lang='grc' dir='ltr'>καθ’</span> <span class='ocrx_word' id='word_1_786' title='bbox 3214 5493 3242 5546; x_wconf 83' lang='grc' dir='ltr'><strong>ὃ</strong></span> <span class='ocrx_word' id='word_1_787' title='bbox 3270 5492 3401 5554; x_wconf 84' lang='grc' dir='ltr'>Θεὸς</span> <span class='ocrx_word' id='word_1_788' title='bbox 3458 5490 3718 5562; x_wconf 76' lang='grc' dir='ltr'>ἠθέλησεν</span> 
     </span>
    </p>
   </div>
   <div class='ocr_carea' id='block_1_115' title="bbox 2158 5580 3516 5656">
    <p class='ocr_par' dir='ltr' id='par_1_115' title="bbox 2158 5580 3516 5656">
     <span class='ocr_line' id='line_1_115' title="bbox 2158 5580 3516 5656; baseline -0.005 -14"><span class='ocrx_word' id='word_1_789' title='bbox 2158 5589 2443 5644; x_wconf 78' lang='grc' dir='ltr'>εἰσελοείνο</span> <span class='ocrx_word' id='word_1_790' title='bbox 2488 5589 2581 5643; x_wconf 79' lang='grc' dir='ltr'>καὶ</span> <span class='ocrx_word' id='word_1_791' title='bbox 2613 5586 2892 5655; x_wconf 80' lang='grc' dir='ltr'>θελητικὸς</span> <span class='ocrx_word' id='word_1_792' title='bbox 2916 5580 2982 5656; x_wconf 78' lang='grc' dir='ltr'>ἦν</span> <span class='ocrx_word' id='word_1_793' title='bbox 3010 5584 3131 5639; x_wconf 84' lang='grc' dir='ltr'>καθ’</span> <span class='ocrx_word' id='word_1_794' title='bbox 3161 5581 3188 5636; x_wconf 81' lang='grc' dir='ltr'><strong>δ</strong></span> <span class='ocrx_word' id='word_1_795' title='bbox 3210 5583 3516 5651; x_wconf 76' lang='grc' dir='ltr'>ἄνθρωπος.</span> 
     </span>
    </p>
   </div>
  </div>
