4032 6210
412 275 540 342 1141
591 327 599 336 .

1333 276 1704 339 ΡΑΝΟΡΙᾸᾹ
1738 276 2194 338 DOGMATICA.
2227 299 2299 310 —
2324 273 2470 335 Tl'l‘.
2503 271 2658 334 XXI.

3526 262 3670 328 ιλίῖ

478 420 586 476 Καὶ
613 418 850 490 ἀλλαχοῦ
901 419 1096 475 πάλιν*
1132 417 1317 480 Θέλω,
1347 417 1447 471 ἵνα
1487 417 1640 472 ὅπου
1685 416 1799 486 εἰμὶ
1842 417 1975 486 ἐγὼ,

2146 405 2268 490 Alio
2293 406 2425 461 item
2449 407 2572 461 loco
2598 423 2611 459 :
2647 405 2791 471 Volo,
2820 406 2984 475 utubi
3005 422 3097 479 ego
3123 422 3259 473 sum,
3290 415 3337 459 et
3367 405 3446 461 illi
3479 408 3584 461 sint
3608 413 3648 474 ',

405 512 504 565 καὶ
551 512 720 564 αὐτοὶ
752 504 920 563 ὦσιν.
954 509 1017 562 Ei
1050 507 1170 561 καθ’
1193 507 1223 560 6
1255 506 1387 570 Θεὸς
1415 508 1444 559 6
1483 506 1719 577 Χριστὸς
1747 505 1890 574 ὑπὲρ
1917 506 1980 558 τὸ

334 587 354 663 ἴ
408 601 513 657 ποῦ
544 601 695 653 ἐστίν
718 617 732 632 ν
772 600 834 653 οὐ
872 598 980 670 γὰρ
1010 600 1067 651 ἑν
1088 600 1239 668 τόπῳ
1266 596 1389 651 καθ’
1425 597 1454 650 6
1492 597 1643 660 Θεόςο
1671 595 1813 665 ὑπὲρ
1835 595 1891 648 δὲ
1918 595 1979 648 τὸ

407 695 512 750 ποῦ
540 695 802 748 ἀδύνατον
830 693 930 763 τὴν
959 692 1187 762 κτιστὴν
1206 690 1372 762 φύσιν
1397 689 1688 761 ὑπάρχειν⁸
1719 688 1829 759 ἄρα
1858 688 1978 740 καθ’

419 787 450 841 6
480 785 768 856 ἄνθρωπος
799 783 964 848 θέλει,
993 784 1082 837 ἵνα
1106 783 1240 837 ὅπου
1271 782 1390 836 ἐστὶ
1424 782 1521 836 καὶ
1546 781 1699 835 αὐτοὶ
1730 773 1851 834 ὣσιο
1887 780 1982 834 καὶ

409 878 694 951 θελητικὸς
723 872 791 931 ἦν
818 878 846 932 6
873 876 1036 941 αὐτὸς
1062 875 1184 930 καθ’
1214 875 1244 929 6
1266 875 1575 945 ἄνθρωπος.

480 1056 593 1113 Καὶ
632 1052 869 1126 ἀλλαχοῦ
899 1053 1080 1109 πάλιν·
1110 1051 1222 1109 Καὶ
1266 1049 1460 1107 ἐλθὼν
1484 1052 1572 1116 εις
1593 1049 1802 1116 τόπον,
1829 1043 1979 1103 εἶκε·

409 1146 580 1217 mea.
605 1145 717 1201 Kal
761 1144 997 1199 ἔδωκαν
1038 1141 1201 1208 αὐτῷ
1236 1139 1406 1197 οἶνον
1452 1140 1605 1210 μετὰ
1656 1137 1850 1208 χολῆς
1873 1154 1981 1207 με·

403 1235 717 1307 μιτμένον’
745 1233 847 1289 καὶ
874 1233 1266 1303 γευσάμενος,
1287 1232 1400 1286 οὐκ
1421 1231 1602 1300 ἤθελε
1619 1228 1797 1283 πιεῖν.
1826 1227 1984 1282 Κατὰ

2075 483 2779 567 ϐυωὋὶιι-ἱειυειιυειεηυε
2797 497 2942 552 Deus
2963 513 3128 569 supra
3159 498 3252 553 ubi
3286 498 3377 563 sit,
3403 512 3649 553 omncm~

2076 603 2184 657 que
2216 587 2325 642 loci
2353 588 2923 659 circumscriptionem
2953 591 3087 663 (non
3106 590 3259 644 enim
3301 598 3388 645 est
3420 590 3477 642 in
3506 589 3648 651 loco,

2077 692 2185 748 qua
2238 678 2452 735 ratione
2495 687 2583 734 est
2626 677 2821 750 Deus),
2857 679 2975 734 ﬁeri
3007 690 3189 735 autem
3229 694 3338 734 non
3366 688 3549 759 potest
3593 688 3654 731 ut
3722 688 3728 691 '

2079 781 2246 836 supra
2267 766 2363 821 ubi
2386 767 2616 823 exsistat
2635 774 2829 822 natura
2852 778 3036 822 creata
3056 785 3070 834 ;
3089 783 3226 847 ergo
3248 778 3310 832 ut
3326 768 3492 847 homo
3515 767 3650 840 vult,
3726 816 3729 819 ,

2082 864 2144 911 ut
2174 856 2267 911 ubi
2290 866 2398 922 est,
2431 857 2543 913 sint
2567 857 2706 927 ipsi;
2738 868 2904 927 atque
2922 857 2997 914 ita
3026 858 3180 913 idem
3194 844 3467 931 qth
3484 844 3653 925 homo
3680 854 3687 858 ”

2081 958 2201 1005 erat
2221 948 2482 1005 facultate
2509 949 2822 1006 voluntatis
2848 949 3131 1020 praeditus.
3415 990 3417 994 ι
3610 976 3639 1005 η
3684 966 3691 979 -ν
3723 946 3726 950 ‘

2349 1040 2420 1096 Et
2465 1040 2598 1096 alias
2639 1056 2859 1096 rursum
2894 1059 2907 1095 :
2941 1042 3010 1096 Et
3054 1058 3174 1102 cum
3206 1039 3428 1099 venisset
3478 1039 3549 1094 ad
3580 1038 3656 1092 to-
3702 1036 3708 1042 ’

2083 1150 2226 1196 cum.
2267 1134 2403 1188 dixit
2430 1150 2449 1189 :
2490 1133 2648 1190 Sitio.
2686 1133 2757 1188 Et
2801 1134 3057 1188 dederunt
3088 1137 3136 1188 ei
3181 1135 3361 1188 vinum
3389 1122 3675 1206 cunt‘felle

2085 1225 2324 1288 mistum,
2354 1231 2403 1278 et
2424 1240 2544 1277 cum
2567 1231 2852 1294 gustasset,
2889 1222 3056 1277 uoluit
3085 1222 3254 1276 bibere
3280 1228 3319 1276 ⁸.
3344 1215 3655 1276 Secundum

410 1330 563 1382 ποῖον
607 1325 774 1379 αὐτοῦ
822 1325 987 1396 μέρος
1015 1324 1237 1395 διψῆσαι
1275 1322 1437 1377 αὑτὸν
1482 1322 1738 1391 λέγεταις
1784 1320 1848 1374 Ei
1883 1319 1983 1391 μὲν

2093 1328 2250 1384 quam
2286 1313 2461 1385 ipsius
2480 1321 2863 1384 partem,eum
2891 1313 3094 1369 sitiisse
3124 1312 3352 1368 dicitis?
3376 1310 3656 1381 Siquidem

410 1415 554 1470 κατὰ
598 1416 701 1487 τὴν
748 1414 1001 1486 θεότητα,
1040 1414 1295 1485 ἐμπαθὴς
1331 1413 1486 1468 ἔσται
1523 1416 1557 1485 ἡ
1582 1412 1773 1484 θεότης
1795 1410 1983 1478 αὑτοῦ,

410 1505 622 1569 πόσεως
660 1504 811 1573 παρὰ
844 1503 1006 1573 φύσιν
1055 1505 1342 1576 ὲφιεμένη.
1380 1505 1443 1558 Ei
1486 1505 1545 1560 δὲ
1596 1504 1740 1559 κατὰ
1766 1503 1865 1575 τὴν
1892 1505 1988 1559 ἀν-

411 1597 737 1669 θρωπὼητα
761 1635 776 1661 ,
809 1597 919 1665 ἄρα
961 1596 1081 1650 καθ’
1106 1595 1135 1650 6
1166 1595 1406 1668 ἐδίψησε,
1432 1597 1549 1651 κατ’
1579 1598 1759 1651 ἐκεῖνο
1792 1598 1887 1651 καὶ
1924 1596 1987 1651 τὸ

411 1686 787 1758 ἀκατάλληλον
814 1689 882 1758 τῇ
916 1685 1076 1756 φύσει
1101 1688 1203 1741 οὐκ
1229 1687 1461 1758 ἠθέλησε
1491 1689 1635 1742 πιεῖν
1655 1702 1672 1719 ⁸
1704 1687 1798 1742 καὶ⁵
1825 1686 1986 1759 θελη-

411 1778 564 1844 τικὸς
588 1776 657 1850 ἦν
689 1778 718 1831 6
752 1778 915 1842 αὐτὸς
953 1778 1050 1832 καὶ
1097 1778 1219 1833 καθ’
1256 1778 1285 1832 6
1327 1778 1633 1850 ἄνθρωπος.

485 1954 598 2008 Καὶ
633 1954 866 2025 ἀλλαχοῦ
901 1969 1056 2025 (mar
1109 1953 1216 2008 Kal
1275 1969 1615 2022 περιεπάτει
1666 1955 1700 2008 ὁ
1751 1954 1988 2022 Ἰησοῦς

412 2047 488 2103 ἐν
523 2045 599 2115 τῇ
628 2047 943 2113 Γαλιλαίᾳο
985 2046 1059 2100 οὐ
1099 2045 1210 2114 γὰρ
1247 2044 1468 2113 ἤθελεν
1507 2045 1578 2099 ὲν
1602 2042 1676 2113 τῇ
1731 2045 1990 2111 Ἰουδαίᾳ

416 2134 793 2205 περιπατεῖν,
818 2135 910 2190 ὅτι
951 2133 1201 2201 ἐζήτουν
1227 2134 1417 2189 αὑτὸν
1443 2136 1498 2189 oi
1538 2133 1816 2190 Ἰουδαῖοι
1845 2134 1990 2188 ἀπο-

415 2226 663 2282 κτεῖναι.
704 2227 767 2280 El
798 2226 900 2297 τῆς
938 2226 1139 2299 σαρκὸς
1169 2224 1330 2295 φύσει
1369 2226 1398 2279 6
1429 2225 1748 2296 περίπατος,
1784 2210 1989 2279 ἀλλὀὐ

416 2318 521 2390 τῆς
572 2318 689 2372 καθ’
723 2317 1020 2372 ὑπόστασιν
1051 2316 1335 2389 ἠνωμένης
1388 2317 1523 2388 αὐτῇ
1564 2316 1836 2387 θεότητος,
1883 2317 1991 2387 ἄρα

418 2409 540 2465 καθ’
560 2409 589 2463 6
621 2408 905 2480 ἄνθρωπος
932 2411 961 2463 6
997 2409 1159 2473 αὐτὸς
1186 2410 1245 2463 ἐν
1264 2411 1332 2480 τῇ
1363 2407 1624 2479 Γαλιλαίᾳ
1651 2406 1989 2479 περιπατῶν,

417 2501 522 2556 οὐκ
549 2501 740 2573 ἧθελεν
783 2503 842 2555 ὲν
885 2504 951 2575 τῇ
999 2500 1227 2573 Ἰουδαίᾳ
1275 2503 1620 2572 περιπατεῖνο
1654 2501 1748 2556 καὶ
1780 2500 1993 2571 θελητι-

418 2589 513 2655 κὸς
542 2589 572 2643 6
596 2591 759 2654 αὐτὸς
786 2591 883 2645 καὶ
916 2589 1040 2646 καθ’
1068 2590 1098 2644 6
1124 2590 1431 2662 ἄνθρωπος.

2087 1405 2235 1460 enim
2266 1404 2573 1460 secundum
2617 1403 2901 1471 deitatem,
2948 1405 3055 1460 erit
3091 1405 3214 1475 ejus
3260 1403 3437 1459 deitas
3468 1401 3658 1457 libidi-

2084 1510 2240 1562 nosa,
2274 1511 2397 1567 quas
2430 1503 2632 1567 praeter
2680 1505 2934 1551 naturam
2977 1494 3535 1567 poturqﬁexpetierit.
3563 1493 3659 1553 Sin

2086 1596 2269 1643 autem
2295 1587 2598 1643 secundum
2626 1587 3049 1651 humanitatem,
3068 1585 3241 1663 igigﬁj
3267 1586 3659 1663 eaparlcﬁti-

2091 1680 2189 1746 vit,
2223 1695 2346 1750 quae
2375 1688 2431 1735 et
2452 1680 2599 1751 quod
2620 1688 2834 1735 naturae
2863 1679 3273 1745 dissentaneum
3308 1687 3446 1743 erat,
3469 1678 3661 1732 bibere

2086 1770 2265 1826 noluit
2296 1789 2309 1826 :
2332 1781 2495 1842 atque
2513 1771 2652 1826 adeo
2684 1771 2855 1827 etiam
2877 1779 2938 1847 ut
2953 1771 3141 1836 homo,
3158 1765 3461 1826 voluntatis
3484 1769 3661 1847 facul~
3738 1766 3739 1769 “

2088 1871 2336 1918 tateerat
2363 1861 2645 1933 praeditus.
2976 1894 3031 1925 ρ
3442 1882 3447 1885 -
3526 1856 3527 1859 “

2159 1954 2229 2007 Et
2249 1953 2381 2008 alibi
2403 1954 2480 2008 ait
2518 1972 2531 2009 :
2564 1953 2634 2007 Et
2653 1952 2961 2008 ambulabat
2997 1951 3150 2008 Iesus
3178 1954 3232 2007 in
3264 1951 3532 2009 Galilwa':
3558 1965 3665 2005 non

2042 2080 2056 2093 -
2085 2047 2227 2100 enim
2268 2045 2474 2100 volebat
2516 2044 2794 2101 ambulare
2838 2046 2896 2099 in
2942 2043 3154 2109 Judtea,
3197 2043 3323 2114 quia
3361 2041 3665 2115 quarebant

2087 2154 2205 2191 eum
2226 2136 2399 2192 Judaei
2428 2136 2725 2205 interﬁcere
2744 2141 2784 2191 ³.
2811 2135 2949 2192 Cum
2996 2134 3300 2190 ambulatio
3325 2142 3524 2189 natura
3545 2147 3666 2187 car-

2088 2232 2178 2285 nis
2193 2229 2285 2294 sit,
2311 2244 2422 2284 non
2446 2228 2667 2284 deitatis
2691 2229 2742 2285 ei
2769 2228 2937 2285 unita:
2961 2229 3267 2285 secundum
3294 2227 3662 2300 hypostasim;

2089 2333 2222 2389 ergo
2242 2333 2351 2387 qua
2391 2318 2558 2373 homo
2600 2326 2720 2373 erat
2742 2317 2800 2372 in
2827 2317 3046 2374 Galilrea
3076 2317 3399 2383 ambulans,
3444 2316 3667 2372 nolebat

2090 2407 2148 2463 in
2199 2408 2392 2465 Iudaea
2442 2408 2725 2464 ambulare
2760 2426 2774 2463 :
2809 2415 2975 2478 atque
3018 2410 3134 2474 ita,
3188 2408 3334 2466 idem
3389 2409 3554 2463 etiam
3605 2416 3666 2462 ut

2090 2500 2256 2556 homo
2280 2499 2578 2573 voluntatis
2599 2497 2855 2557 facultate
2877 2498 3141 2569 prteditus
3185 2505 3323 2552 erat.
3546 2510 3547 2513 ‘

493 2682 605 2735 Καὶ
642 2681 868 2753 ἑτέρωθι
902 2682 1084 2737 πάλιν
1125 2680 1417 2737 Κάκεῖθεν
1444 2681 1813 2747 ἐξελθόντες,
1849 2695 1994 2749 παρ-

2164 2692 2373 2745 ltursus
2401 2702 2623 2758 quoque
2643 2687 2754 2743 alio
2776 2670 2901 2742 loco
2934 2705 2947 2740 :
2984 2686 3051 2742 Et
3072 2686 3224 2741 illinc
3250 2686 3462 2757 egressi,
3486 2692 3666 2738 trans-

419 2771 779 2839 επορεύοντο
824 2770 925 2824 διὰ
960 2769 1069 2838 τῆς
1093 2772 1444 2837 Γαλιλαίας·
1485 2770 1586 2827 καὶ
1612 2771 1725 2826 οὐκ
1753 2770 1992 2840 ἢθελεν,

420 2861 528 2916 ινα
555 2877 647 2927 τις
673 2860 819 2931 γνῷ.
856 2860 1218 2933 Ὦμολόγηται
1250 2861 1402 2933 παρὰ
1430 2862 1647 2916 πάντων
1671 2863 1705 2934 ἠ
1736 2862 1996 2933 πόρευσις

421 2953 586 3024 φύσει
613 2953 713 3025 τῆς
740 2952 1182 3025 ἁνθρωπότητος,
1214 2953 1291 3019 ὡς
1321 2953 1558 3027 εἴρηται,
1590 2949 1731 3008 εῖναι
1757 2953 1850 3007 τοῦ
1878 2955 1995 3007 Κυ-

426 3043 570 3116 ρίου,
609 3043 727 3098 ἀλλ’
757 3043 820 3097 οὐ
854 3044 954 3115 τῆς
992 3045 1158 3098 αὑτοῦ
1187 3044 1460 3116 θεότητοςο
1489 3046 1539 3098 ει
1589 3044 1646 3098 δὲ
1688 3045 1810 3100 καθ’
1839 3045 1869 3099 6
1904 3046 1999 3101 ἄν·

422 3133 666 3204 θρωπος,
696 3134 813 3189 ἀλλ’
848 3135 911 3189 οὐ
956 3134 1081 3190 καθ’
1104 3135 1134 3189 6
1158 3135 1289 3200 Θεὸς
1320 3135 1504 3205 φύσει,
1527 3135 1739 3206 προσῆν
1776 3135 1926 3207 αὐτῷ
1960 3137 1994 3207 ἡ

422 3225 708 3296 πόρευσιςο
743 3225 851 3298 ἄρα
881 3226 978 3280 καὶ
1010 3226 1135 3280 καθ’
1167 3227 1197 3280 ὃ
1225 3226 1514 3298 ἄνθρωπος
1545 3228 1998 3298 παραπορευόμε-

423 3335 515 3383 νος
548 3321 687 3390 μετά
710 3320 819 3373 τῶν
848 3318 1128 3390 μαθητῶν,
1153 3320 1253 3373 οὐκ
1281 3318 1472 3390 ἤθελεν
1505 3320 1593 3374 ἴνα
1619 3336 1704 3382 τις
1736 3318 1851 3391 γνῷ
1874 3333 1889 3351 ⁸
1907 3321 2001 3374 καὶ

424 3407 712 3480 θελητικὸς
737 3403 807 3480 ἦν
834 3411 863 3463 6
887 3409 1048 3472 αὐτὸς
1070 3409 1165 3462 καὶ
1189 3408 1312 3463 καθ’
1345 3409 1374 3462 6
1407 3408 1715 3480 ἄνθρωπος.

496 3501 610 3555 Kal.
636 3500 866 3572 ἑτέρωθι
892 3500 1076 3555 πάλιν·
1110 3501 1397 3557 Κάκεῖθεν
1430 3501 1696 3568 ἀναστὰς
1728 3500 2003 3567 ἀπῆλθεν

423 3593 516 3656 εις
543 3593 615 3647 τὰ
652 3591 781 3662 ὅρια
814 3593 1000 3661 Τύρου
1021 3592 1120 3646 καὶ
1154 3592 1432 3659 Σιδῶνος.
1465 3592 1575 3648 Καί
1598 3593 1894 3647 εἰσελθὼν
1915 3595 2004 3659 εἰς

426 3682 647 3747 οὶκίαν,
688 3680 911 3736 οὐδένα
934 3681 1113 3749 ἤθελε
1144 3678 1385 3751 γνῶναι·
1429 3681 1531 3734 καὶ
1571 3683 1683 3734 οὐκ
1730 3679 2002 3748 ἠδυνήθη

424 3772 656 3829 λαθεῖν.
685 3772 753 3828 Et
770 3770 893 3826 καθ’
929 3770 958 3824 6
979 3771 1110 3836 Θεὸς
1132 3773 1161 3825 6
1182 3771 1413 3842 Χριστὸς
1433 3770 1661 3840 δύναμις
1675 3767 1742 3842 ἦν
1768 3769 2004 3824 αὐθυπόο

426 3878 643 3926 στατος’
695 3861 816 3915 καθ’
868 3861 897 3915 6
943 3861 1003 3915 δὲ
1061 3860 1370 3933 ἄνθρωπος,
1427 3859 1703 3913 ἀσθένεια·
1771 3860 1842 3912 Ei
1893 3859 2004 3926 γὰρ

426 3954 529 4009 καὶ
549 3951 922 4022 ἐσταυρώθη,
951 3952 1116 4023 φησὶν
1131 3953 1160 4005 6
1184 3949 1328 4014 θεῖος
1364 3949 1707 4014 ’Δπόστολος,
1735 3948 1806 4014 ἐξ
1828 3948 2007 4003 άσθεα

2093 2777 2238 2831 ibant
2269 2792 2364 2847 per
2389 2774 2705 2843 Galilwam;
2760 2785 2808 2830 et
2861 2792 2966 2830 non
3018 2775 3227 2829 volebat
3276 2784 3333 2829 ut
3387 2776 3669 2844 quisquam

2092 2869 2245 2922 sciret
2271 2872 2313 2922 ³.
2340 2866 2609 2925 Omnibus
2636 2874 2850 2921 certum
2879 2875 2965 2920 est
3002 2866 3109 2919 iter
3128 2871 3322 2919 natura
3352 2861 3669 2916 humanita-

2095 2960 2168 3015 tis
2199 2957 2427 3023 Christi,
2446 2958 2528 3013 uti
2549 2957 2761 3013 dietum
2781 2962 2887 3021 est,
2918 2970 3030 3010 non
3053 2954 3174 3025 ejus
3198 2950 3503 3010 divinitatis
3530 2962 3670 3005 esse.

2096 3048 2195 3104 Sin
2216 3057 2399 3104 autem
2428 3048 2507 3102 illi
2528 3055 2800 3117 quatenus
2831 3046 3018 3109 homo,
3049 3046 3229 3101 inerat
3257 3041 3472 3097 itineris
3496 3040 3674 3102 ratio;

2097 3137 2289 3207 utique
2314 3136 2485 3192 etiam
2507 3143 2784 3205 quatenus
2809 3134 2976 3190 homo
3016 3148 3143 3189 eum
3172 3129 3461 3202 discipulis
3492 3138 3674 3184 trans-

2098 3229 2220 3284 iens
2268 3227 2483 3298 iterque
2519 3226 2749 3291 habens,
2792 3225 3014 3281 nolebat
3052 3232 3112 3280 ut
3146 3223 3432 3295 quisquam
3480 3221 3674 3277 sciret:

2099 3327 2264 3389 atque
2319 3317 2456 3373 adeo
2492 3317 2660 3372 etiam
2708 3324 2772 3372 ut
2831 3315 2997 3371 homo
3057 3314 3317 3370 facultate
3379 3308 3670 3368 voluntatis

2101 3407 2368 3479 praeditus
2408 3414 2550 3462 erat.

2169 3499 2304 3555 Item
2337 3498 2473 3553 alias
2509 3515 2523 3551 :
2551 3497 2620 3552 Et
2642 3498 2767 3553 inde
2797 3513 3019 3567 surgens
3054 3495 3182 3550 abiit
3205 3494 3259 3547 in
3292 3492 3427 3562 ﬁnes
3460 3490 3581 3563 Tyri
3631 3500 3676 3544 et

2102 3588 2333 3643 Sidonis.
2360 3587 2428 3640 Et
2459 3588 2725 3654 ingressus
2758 3587 2995 3650 domum,
3029 3587 3290 3639 neminem
3309 3586 3444 3638 scire
3466 3583 3630 3638 voluit
3661 3597 3678 3633 ι

2103 3683 2274 3728 etnon
2303 3675 2471 3744 potuit
2498 3673 2668 3727 latere
2696 3671 2738 3726 '.
2755 3672 3039 3743 Siquidem
3065 3671 3390 3727 Christusin
3414 3681 3677 3742 quantum

2102 3766 2251 3821 Deus
2276 3773 2397 3821 erat
2422 3765 2609 3820 Virtus
2658 3765 2775 3835 ipsa
2817 3780 2944 3819 vere
2971 3765 3270 3831 exsistens;
3327 3763 3381 3817 in
3413 3773 3677 3834 quantum

2104 3864 2288 3910 autem
2317 3854 2517 3922 homo,
2560 3854 2870 3910 infirmitas.
2905 3855 3023 3909 Etsi
3044 3856 3214 3921 enim,
3248 3855 3430 3925 inquit
3462 3854 3677 3909 divinus

2105 3945 2423 4016 Apostolus,
2449 3945 2733 4013 cruciﬁxus
2768 3953 2843 3999 est
2872 3960 2936 4000 ex
2962 3944 3295 4013 inﬁrmitate,
3331 3945 3424 3998 sed
3453 3945 3574 3998 vivit
3619 3961 3677 3998 ea

426 4046 615 4111 νείας,
666 4045 829 4099 ἀλλὰ
861 4042 930 4113 ζῇ
979 4045 1049 4098 ἐκ
1073 4043 1382 4113 δυνάμεως
1428 4040 1576 4096 Θεοῦ
1600 4056 1614 4071 ⁶
1657 4042 1766 4111 ἄρα
1814 4039 1936 4094 καθ’
1976 4039 1994 4092 ε

2107 4039 2299 4092 virtute
2354 4035 2449 4090 Dei
2468 4039 2490 4070 ⁶
2515 4053 2530 4104 ;
2558 4037 2719 4107 plane
2742 4044 3015 4106 quatenus
3048 4035 3236 4099 homo,
3268 4050 3379 4089 non
3431 4043 3490 4088 ut
3540 4035 3679 4089 Deus

427 4135 736 4206 ἄνθρωπος,
769 4136 865 4189 καὶ
893 4136 955 4190 οὐ
997 4134 1122 4189 καθ’
1155 4134 1183 4189 6
1209 4135 1363 4199 Θεὸς,
1397 4132 1656 4203 εἰσελθὼν
1688 4135 1768 4198 εἰς
1804 4130 2001 4197 οἰκίαν,

427 4225 533 4277 οὐκ
567 4223 757 4294 ἢθελεν
807 4224 896 4278 ἴνα
942 4241 1027 4286 τις
1073 4222 1206 4294 γνῷ⁹
1237 4223 1329 4276 καὶ⁵
1380 4223 1482 4275 οὐκ
1525 4221 1763 4292 ἠδυνήθη
1798 4220 2001 4274 λαθεῖνο

431 4315 530 4368 καὶ
566 4314 851 4384 θελητικὸς
880 4309 950 4386 ἦν
976 4317 1004 4367 6
1035 4313 1220 4379 αὐτὸς,
1244 4314 1351 4366 ’καὶ
1389 4311 1513 4366 καθ’
1536 4312 1565 4365 6
1592 4311 1900 4381 ἄνθρωπος.

504 4405 616 4458 Καὶ
645 4404 880 4475 ἀλλαχοῦ
909 4419 1062 4476 φησιο
1093 4405 1229 4473 Περὶ
1264 4403 1554 4472 τετάρτην
1583 4402 1868 4473 φυλακὴν
1894 4401 2005 4471 τῆς

428 4495 653 4561 νυκτὸς
680 4494 913 4563 ἔρχεται
941 4496 1089 4561 πρὸς
1128 4493 1373 4559 αὐτοὺς,
1398 4492 1739 4563 περιπατῶν
1761 4493 1859 4547 ἐπὶ
1893 4493 2000 4560 τῆς

429 4583 774 4651 θαλάσσης*
811 4583 909 4637 καὶ
959 4583 1139 4651 ἤθελε
1180 4584 1504 4652 παρελθεῖν
1528 4584 1769 4649 αὐτούς.
1814 4584 1874 4636 Et
1905 4584 2004 4653 μὲν

431 4678 556 4732 καθ’
584 4677 612 4731 6
641 4677 794 4745 Θεὸς,
827 4677 985 4731 τοῦτό
1013 4694 1097 4739 τις
1127 4677 1257 4747 περὶ
1289 4675 1454 4730 αὐτοῦ
1493 4675 1742 4746 εἰρῆσθαι
1774 4674 2003 4747 ἐκλάθῃ,

432 4766 635 4836 πέρασι
670 4767 1027 4836 σωματικοῖς,
1058 4764 1135 4835 τῷ
1160 4765 1271 4819 ἄνω
1301 4763 1464 4836 φημὶ,
1499 4763 1594 4817 καὶ
1620 4760 1698 4833 τῷ
1725 4763 1890 4817 κάτω
1927 4762 2004 4834 τῷ

431 4857 744 4928 ἔμπροσθεν
778 4857 874 4911 καὶ
914 4856 993 4926 τῷ
1026 4854 1222 4909 ὀπίσω·
1262 4852 1338 4924 τῷ
1369 4852 1520 4919 δεξιὰ
1547 4853 1643 4909 καὶ
1676 4853 1753 4922 τῷ
1784 4855 2004 4924 ἀριστε-

440 4950 512 5021 ρὰ
532 4948 831 5018 διαλῆφθαι
855 4948 956 5019 τὴν
991 4946 1220 5018 θεότητα
1253 4945 1435 5015 λέγειν
1488 4944 1995 5015 ἀναγκασθήσεται.

440 5042 506 5095 El
531 5040 588 5095 δὲ
614 5040 739 5095 καθ’
769 5040 798 5093 6
846 5038 1133 5108 ἄνθρωπος
1168 5036 1340 5091 ταῦτα
1366 5036 1621 5106 εἰρῆσθαι
1645 5039 1774 5107 περὶ
1832 5034 1997 5088 αὑτοῦ

439 5130 608 5199 λέγει’
637 5130 749 5203 ἄρα
775 5127 1053 5202 θελητικὸς
1077 5124 1146 5201 ἦν
1173 5127 1201 5178 6
1228 5128 1391 5192 αὐτὸς
1439 5130 1536 5182 καὶ
1586 5128 1707 5185 καθ’
1734 5126 1763 5182 6
1787 5127 2000 5198 ἄνθρω-

442 5238 558 5286 πος.
1418 5270 1429 5279 .

504 5314 618 5370 Καὶ
647 5315 882 5387 ἀλλαχοῦ
914 5330 1069 5387 φησι·
1121 5314 1229 5370 Kal
1278 5313 1629 5382 προσῆλθον
1662 5316 1715 5368 oi
1742 5313 2001 5382 μαθηται

437 5407 646 5472 αὐτοῦ,
683 5408 965 5476 λέγοντες
992 5406 1169 5472 αὐτῷ·
1235 5405 1357 5460 Ποῦ
1386 5405 1602 5470 θέλεις,
1636 5403 1999 5468 ἀπελθόντες

437 5497 837 5569 ἐτοιμάσομέν
869 5516 969 5554 σοι
993 5502 1057 5554 τὸ
1092 5499 1308 5569 Πάσχα
1333 5499 1584 5568 scari-ir;
1641 5498 1756 5567 Εἰή
1793 5494 1994 5565 βρῶσις

521 5636 717 5690 'Joan.
756 5653 886 5701 xvn,
920 5636 1010 5690 Ἡ.

440 5723 565 5778 mi,
597 5707 647 5765 ι.

1127 5639 1145 5667 ’
1177 5636 1364 5693 Matth.
1398 5651 1560 5698 xxv",
1596 5635 1683 5686 53.

749 5709 767 5737 "
797 5707 960 5766 Marc.
995 5724 1067 5780 vt,
1103 5708 1189 5767 i8.
1270 5712 1288 5741 ⁸
1318 5710 1453 5766 Luc.
1490 5722 1620 5768 uti.
1654 5705 1706 5762 8.

1786 5633 1805 5664 ³
1836 5630 1991 5692 Joau.
2026 5644 2120 5701 vn,
2156 5629 2209 5689 4.

2104 4136 2226 4184 erat
2257 4128 2542 4200 ingressus
2594 4128 2650 4183 in
2699 4127 2945 4191 domum,
2989 4127 3267 4182 neminem
3295 4126 3440 4182 scire
3487 4127 3680 4191 voluit,

2105 4228 2163 4275 et
2197 4234 2309 4273 non
2331 4219 2513 4288 potuit
2542 4220 2714 4274 latere
2750 4237 2762 4272 :
2803 4227 2969 4288 atque
2999 4217 3137 4272 adeo
3162 4218 3333 4272 etiam
3384 4226 3447 4272 ut
3495 4217 3681 4281 homo,

2107 4309 2407 4367 voluntatis
2434 4309 2695 4365 facultate
2727 4309 2991 4381 praeditus
3021 4307 3148 4363 fuit.

2174 4403 2242 4458 Et
2262 4401 2395 4458 alibi
2428 4401 2600 4456 dicit:
2624 4400 2780 4457 Circa
2803 4411 3055 4473 quartam
3080 4400 3317 4471 vigiliam
3364 4401 3529 4455 uectis
3552 4402 3684 4455 venit

2107 4492 2178 4547 ad
2200 4509 2307 4558 eos,
2331 4490 2610 4547 ambulans
2632 4508 2796 4563 supra
2814 4507 2961 4545 mare
2985 4505 3004 4544 :
3042 4499 3092 4544 et
3121 4490 3324 4545 volebat
3357 4491 3684 4561 pertransirs

2110 4589 2258 4639 eos.’
2320 4582 2378 4639 Si
2416 4583 2544 4654 quis
2583 4582 2689 4637 hoc
2713 4581 2781 4637 de
2814 4581 2929 4648 illo,
2961 4596 3069 4650 qua
3106 4581 3317 4635 ratione
3363 4582 3507 4635 Deus
3544 4589 3683 4644 erat,

2109 4672 2320 4727 dictum
2349 4672 2648 4743 acceperit,
2672 4687 2899 4727 necesse
2932 4670 3161 4726 habebit
3180 4681 3240 4726 ut
3270 4672 3528 4726 deitatem
3561 4686 3682 4724 eor-

2110 4763 2395 4833 poralibus
2430 4763 2702 4828 terminis,
2724 4776 2947 4816 sursum
2973 4754 3137 4831 atque
3161 4761 3443 4824 deorsum,
3472 4769 3599 4814 ante
3629 4769 3679 4815 et

2111 4863 2284 4917 retro,
2313 4855 2662 4911 dextrorsum
2701 4869 2769 4910 ac
2810 4854 3189 4909 sinistrorsum
3228 4847 3678 4916 comprehensam

2106 4949 2270 5003 dicat.
2301 4946 2455 5013 Quod
2494 4946 2541 5002 si
2567 4947 2632 5001 de
2658 4944 2752 4999 illo
2787 4950 3060 5013 quatenus
3092 4939 3255 4994 homo
3288 4946 3431 5002 erat,
3462 4937 3667 4993 dictum

2106 5040 2252 5103 velit,
2285 5051 2414 5107 ergo
2451 5036 2593 5092 idem
2631 5042 2688 5089 ut
2722 5035 2884 5089 homo
2921 5031 3170 5087 facultate
3199 5029 3490 5084 voluntatis
3525 5044 3666 5098 pra:-

2108 5128 2253 5184 ditus
2286 5126 2406 5182 fuit.

2176 5307 2297 5363 Alio
2351 5308 2480 5363 item
2531 5307 2650 5362 loco
2700 5322 2717 5362 :
2763 5303 2833 5359 Et
2887 5310 3213 5358 accesserunt
3261 5300 3502 5372 discipuli
3551 5302 3668 5371 ejus

2109 5398 2334 5452 dicentes
2371 5400 2417 5451 ei
2446 5410 2465 5450 :
2497 5395 2593 5453 Ubi
2642 5398 2717 5452 vis
2768 5410 2971 5460 eamus,
3002 5404 3048 5446 et
3079 5408 3316 5446 caremus
3368 5392 3459 5445 tibi
3512 5410 3669 5450 nteit-

2107 5495 2302 5546 ducare
2359 5483 2605 5544 Pascha?
2643 5488 2777 5543 Cum
2831 5485 3035 5540 Pascha
3100 5484 3429 5544 manducare
3475 5505 3668 5543 eorum

2310 5628 2330 5660 ⁸
2358 5626 2519 5683 Mare.
2570 5642 2645 5686 ιι,
2671 5621 2761 5683 9.9.
2860 5622 2878 5651 ³
2907 5620 3071 5683 Marc.
3112 5643 3208 5692 vu,
3240 5626 3330 5682 Ἡ.
3408 5629 3427 5658 ⁸
3457 5626 3502 5681 ll
3535 5625 3665 5683 Cor.
