4020 6214
436 286 569 349 1H3

1665 284 2045 345 EUTHYMII
2085 283 2432 343 ZlGABENI

3442 314 3447 317 η
3528 280 3672 345 illi

438 403 535 461 sit,
573 403 660 470 qui
696 402 795 456 sub
823 402 941 470 lege
972 409 1164 466 erant;
1201 400 1479 469 factusque
1508 401 1575 453 sit
1609 400 1868 455 Dominus
1895 400 1998 454 sub

2109 398 2199 452 τοῦ
2245 400 2435 468 Πάσχα
2458 399 2562 460 τῶν
2600 397 2705 451 ὑπὸ
2730 398 2890 467 νόμον
2920 397 3057 450 ἐστίν
3110 398 3298 465 γέγονε
3324 396 3381 449 δὲ
3402 398 3428 450 ὀ
3460 399 3674 465 Κύριος

432 489 866 559 Ιοεείμμιίιιοιιιιε
905 491 1089 557 homo,
1163 508 1266 545 non
1328 501 1591 557 quatenus
1645 490 1783 545 Deus
1838 500 1994 552 erat;

433 597 565 651 ergo
584 593 640 638 ut
666 584 827 639 homo
845 585 1029 639 volens
1063 584 1295 638 comedit
1314 584 1542 644 Pascha,
1561 582 1809 651 idemque
1833 583 1996 636 etiarn

441 674 692 731 utbomo
724 676 977 731 facultate
1004 675 1295 729 voluntatis
1342 674 1603 743 pmditus
1630 682 1764 729 erat.

1063 762 1145 817 Ea;
1189 767 1391 819 eadem.

448 900 451 903 .
510 840 760 931 Magi'rum
791 872 919 910 vero
953 854 1168 927 Moysen
1194 857 1248 911 in
1275 857 1510 912 hominis
1527 857 1805 912 creatione
1831 857 1996 913 Deum

438 949 806 1013 introducere,
868 948 1139 1004 dicentem
1197 968 1211 1005 :
1281 949 1566 1004 Faciamus
1623 951 1882 1004 hominem
1931 952 1999 1004 ad

368 1073 371 1075 ›
418 1038 723 1117 imaginem
748 1050 991 1111 nostram
1018 1052 1064 1096 et
1093 1043 1489 1096 similitudinem
1511 1046 1567 1097 ἐ
1600 1043 1875 1111 Siquidem
1903 1044 2002 1113 igi-

380 1122 389 1134 ⁷’
438 1141 527 1187 tur
560 1124 724 1187 homo
756 1133 931 1207 imago
967 1143 1048 1190 est
1074 1134 1273 1189 divinae
1305 1145 1509 1189 natura:
1540 1150 1556 1200 ;
1587 1146 1777 1190 natura
1816 1147 1997 1190 autem

330 1220 333 1221 ⁷
436 1223 621 1277 divina
690 1224 875 1278 libera:
944 1226 1225 1292 potestatis
1286 1236 1414 1292 est;
1469 1227 1638 1295 igitur
1693 1238 1747 1281 et
1800 1226 1997 1296 itnago,

436 1316 666 1371 simodo
696 1316 1106 1372 similitudinem
1154 1331 1277 1370 cum
1330 1318 1624 1390 archetypo
1686 1328 1884 1383 servet,
1935 1319 2002 1373 ιι-

438 1410 580 1479 bene
603 1417 799 1461 natura
821 1411 1104 1478 potestatis
1132 1421 1232 1464 est.
1264 1410 1418 1476 Quod
1455 1410 1501 1465 si
1538 1412 1611 1464 ita
1644 1420 1748 1476 est,
1770 1410 1997 1466 factum-

438 1492 1458 1573 queestnaturgarchetypum,etiam
1524 1512 1716 1555 natura
1784 1503 1996 1573 imago;

438 1515 850 1572 queestna‘tur
894 1515 1458 1573 _arcnetypum,ettam
1524 1515 1716 1555 natura
1784 1517 1996 1573 imago;

376 1594 379 1595 '
432 1581 574 1663 ergo
594 1591 735 1645 idem
763 1515 1067 1661 aeginium
1097 1592 1285 1645 ambas
1332 1607 1461 1647 suas
1508 1603 1753 1660 naturas,
1812 1595 2003 1651 volun-

398 1708 401 1709 ν
436 1676 566 1735 tatis
600 1680 855 1737 facultate
898 1693 1086 1737 natura
1121 1684 1380 1753 praeditus
1412 1695 1550 1739 erat.
1589 1687 1725 1741 Ante
1756 1688 1898 1742 enim
1932 1703 1999 1742 ex

2100 493 2221 545 καθ’
2259 492 2288 543 ὃ
2321 491 2628 562 ἄνθρωπος,
2672 491 2768 546 καὶ
2826 492 2886 544 οὐ
2936 490 3107 545 καθ’ὂ
3136 490 3290 557 Θεὸς,
3327 490 3430 542 ὑπὸ
3472 492 3673 562 νόμον·

2100 585 2208 652 ἄρα
2243 584 2372 636 καθ’
2404 584 2431 636 ὃ
2460 582 2749 653 ἄνθρωπος
2766 582 2938 635 θέλων
2976 584 3148 651 ἔφαγε
3206 582 3266 634 τὸ
3299 583 3511 652 Πάσχα,
3566 582 3675 636 καὶ

2102 676 2381 747 θελητικὸς
2404 671 2473 749 ἦν
2498 679 2526 729 ὁ
2553 676 2716 739 αὐτὸς
2741 677 2834 729 καὶ
2855 674 2977 729 καθ’
3011 675 3039 728 ὃ
3074 674 3377 746 ἄνθρωπος.

2656 768 2749 823 Ἐκ
2782 767 2893 833 τῆς
2919 766 3122 836 αὐτῆς.

2180 860 2239 915 '0
2293 863 2462 931 μέγας
2498 862 2556 916 δὲ
2585 862 2827 931 Μωῦσης
2876 862 2935 913 ἐν
2962 863 3028 931 τῇ
3078 860 3173 914 τοῦ
3219 860 3515 929 ἀνθρώπω
3568 879 3679 930 τι·-

2104 960 2249 1008 νέσει
2280 956 2369 1007 τὸν
2404 956 2536 1008 Θεὸν
2566 955 2779 1021 εἰσάγει
2837 954 3087 1021 λέγονταο
3147 952 3505 1022 Ποιήσωμεν
3560 954 3679 1006 ἄν·

2106 1054 2344 1118 (ipamor
2402 1047 2530 1101 κατ’
2567 1049 2772 1101 εικόγα
2809 1044 3114 1115 ἡμετέραν
3154 1044 3256 1098 καὶ
3312 1049 3423 1099 καθ
3443 1045 3685 1114 ’ὁμοιω-

2101 1158 2223 1197 σιν.
2280 1142 2340 1194 El
2376 1141 2471 1194 οὖν
2522 1140 2687 1194 εἰκὼν
2736 1141 2765 1192 ὁ
2819 1140 3108 1207 ἄνθρωπος
3186 1138 3287 1209 τῆς
3340 1138 3494 1202 θείας
3551 1138 3670 1208 φύ-

2104 1253 2259 1300 σεωςο
2315 1234 2668 1299 αὑτεξούσιος
2715 1235 2772 1287 δὲ
2820 1235 2852 1304 ἠ
2902 1233 3023 1286 θεία
3077 1232 3263 1302 φύσις⁶
3312 1233 3420 1300 ἄρα
3483 1234 3577 1286 καὶ
3641 1234 3680 1302 ἠ

2102 1329 2285 1381 elatum
2317 1327 2473 1397 εῐπερ
2535 1326 2636 1397 τὴν
2688 1325 2825 1395 πρὸς
2858 1325 2917 1377 τὸ
2947 1325 3256 1395 ἀρχέτυπον
3284 1324 3447 1389 σώζει
3470 1324 3686 1393 ὁμοίω-

2104 1435 2206 1483 σιν,
2279 1418 2624 1483 αὑτεξούσιος
2694 1418 2854 1486 φύσει
2942 1416 3219 1485 τυγχάνει.
3282 1415 3346 1468 Ei
3399 1414 3684 1477 ἃτοῦτο,

2102 1510 2293 1579 γέγονε
2324 1510 2379 1562 δὲ
2424 1509 2487 1561 τὸ
2535 1508 2693 1575 φύσει
2742 1508 3048 1577 ἀρχέτυπον
3106 1507 3201 1558 καὶ
3257 1504 3423 1557 εἰκὼν
3479 1505 3678 1573 φύσει,

2106 1599 2213 1668 ἆρα
2240 1599 2363 1652 κατ’
2384 1599 2550 1666 ἄμφω
2579 1599 2675 1659 τὰς
2722 1596 2887 1651 αὐτοῦ
2942 1596 3137 1665 φύσεις
3167 1596 3451 1661 θελητικὸς
3501 1596 3682 1664 φύσει

2108 1690 2351 1759 ὑπῆρχεν
2426 1691 2455 1742 6
2515 1689 2711 1750 αὑτός.
2773 1687 3183 1758 Προαπεδειχθη
3247 1689 3352 1757 γὰρ
3426 1689 3489 1740 ὲκ
3559 1688 3685 1741 τῶν

406 1770 691 1851 'Patribus
721 1782 1001 1827 ostensum
1026 1783 1129 1839 est,
1180 1788 1301 1828 esse
1355 1774 1711 1842 voluntatem,
1773 1778 1998 1833 liberam

2118 1756 2398 1849 ιιαὲέρων,
2452 1783 2511 1833 τὸ
2535 1778 2757 1849 θέλημα,
2791 1756 2927 1832 εἶναι
2966 1756 3252 1848 magna
3278 1756 3438 1848 cptictv
3474 1777 3686 1844 αὐτεξ-

436 1862 643 1918 ιιδιιιιέειξ
680 1874 1025 1932 potestatein.

510 1953 605 2010 Est
652 1965 831 2009 autem
884 1957 1165 2011 sciendum
1222 1958 1447 2013 liberam
1502 1967 1858 2029 potestatem,
1905 1975 1999 2015 seu

425 2045 659 2099 liberum
719 2044 1010 2098 arbitrium
1062 2046 1580 2115 (αὐτεξουσιότητα)
1636 2062 1827 2100 eorum
1888 2061 2011 2102 esse

431 2152 553 2205 qua:
578 2150 688 2189 non
721 2151 829 2189 uno
860 2136 1025 2189 modo
1054 2136 1333 2201 dicuntur,
1358 2145 1419 2191 ut
1444 2145 1500 2191 et
1525 2144 1777 2190 naturam
1810 2155 1823 2189 :
1853 2138 2010 2193 aliter

431 2224 579 2277 enim
616 2223 671 2276 in
707 2224 838 2288 Deo,
868 2224 1029 2278 aliter
1056 2224 1110 2277 in
1147 2224 1375 2294 angelis,
1400 2233 1456 2278 et
1488 2224 1650 2279 aliter
1679 2225 1734 2278 in
1768 2226 2009 2279 hornini-

432 2313 536 2368 bus
574 2314 832 2367 sumitur.
868 2314 929 2368 ln
972 2315 1083 2369 Deo
1122 2315 1342 2384 quidem
1386 2315 2005 2385 supersubstantialiter.

432 2404 492 2457 ln
540 2403 746 2472 angelis
791 2410 1005 2467 autem,
1043 2404 1193 2458 velut
1233 2411 1599 2458 concurrente
1647 2418 1772 2457 cum
1820 2402 2009 2458 habitu

431 2495 819 2564 aggressione,
887 2495 1037 2548 nulla
1104 2494 1327 2564 penitus
1395 2494 1681 2564 interjecta
1747 2492 2010 2561 temporis

434 2600 587 2638 mora
626 2602 640 2639 :
676 2584 732 2639 in
767 2585 1085 2639 hominibus
1118 2594 1338 2648 autem,
1372 2593 1434 2638 ut
1463 2585 1519 2638 in
1552 2583 1755 2652 quibus
1787 2582 2010 2637 habitus

436 2686 686 2744 tempore
721 2675 1057 2745 aggressioui
1090 2675 1563 2746 praeintelligatur.
1588 2673 1869 2743 Siquidem
1909 2672 2008 2743 igi-

435 2775 530 2820 tur
561 2765 803 2821 Adamus
837 2766 1031 2821 volens
1068 2781 1232 2821 aures
1269 2765 1507 2835 prwbuit
1541 2764 1608 2818 ad
1648 2762 2005 2826 audiendum,

426 2854 727 2923 volensque
760 2856 993 2925 aspexit,
1021 2871 1085 2910 ac
1113 2855 1393 2909 voluntate
1423 2855 1563 2909 duce
1592 2853 1864 2919 comedit;
1902 2852 2007 2923 igi-

430 2953 521 2997 tur
554 2945 807 3001 voluntas
844 2956 928 3001 est
965 2962 1086 3016 quae
1124 2946 1302 3015 prima
1343 2945 1563 3001 crimini
1602 2945 1843 2999 obnoxia
1880 2943 2004 2998 fuit.

2108 1872 2421 1941 ουσιότητα.

2182 1965 2270 2015 Δεῖ
2296 1963 2351 2015 δὲ
2410 1963 2607 2015 εἰδέναι
2635 1960 2710 2024 ὡς
2739 1960 2774 2030 ἡ
2799 1960 3217 2029 αὐτεξουσιότης
3253 1957 3559 2030 ὁμωνύμως
3587 1957 3688 2011 λέ-

2108 2065 2264 2116 γεται
2299 2050 2416 2119 μὲν,
2452 2048 2642 2119 ὥσπερ
2681 2052 2776 2104 καὶ
2808 2052 2840 2120 ἡ
2884 2050 3071 2119 φύσις’
3101 2049 3279 2112 ἄλλως
3326 2051 3383 2102 δὲ
3425 2049 3519 2102 ἐπὶ
3549 2050 3692 2104 Θεοῦ

2107 2138 2465 2207 λαμϐάνεται,
2503 2142 2599 2194 καὶ
2631 2142 2808 2205 ἄλλως
2834 2141 2931 2194 ἐπὶ
2961 2142 3237 2209 ἀγγέλων,
3268 2142 3363 2194 καὶ
3392 2141 3574 2205 ἄλλως
3600 2141 3707 2194 ἐπὶ

2107 2229 2434 2300 ἀνθρώπων.
2484 2233 2608 2285 Ἐπὶ
2658 2233 2760 2304 μὲν
2806 2233 2941 2287 Θεοῦ
2978 2234 3347 2305 ὑπερουσίως·
3379 2235 3471 2287 ἐπὶ
3495 2234 3555 2288 δὲ
3590 2234 3693 2302 ἀγ·

2106 2320 2300 2388 γέλων,
2336 2323 2412 2384 ὡς
2449 2325 2853 2396 συντρεχούσης
2880 2328 2945 2397 τῇ
2972 2326 3083 2389 ἔξει
3111 2326 3210 2395 τῆς
3252 2329 3698 2398 προχειρήσεως.

2107 2411 2201 2464 καὶ
2249 2412 2601 2484 παρενθήκην
2648 2416 2786 2478 ὅλως
2836 2415 3031 2486 χρόνον
3092 2415 3168 2485 μὴ
3210 2416 3698 2485 παραδεχομένης·

2107 2503 2198 2554 ἐπὶ
2227 2502 2283 2557 δὲ
2317 2502 2654 2574 ἀνθρώπων,
2690 2505 2767 2569 ὡς
2804 2506 3072 2576 χρονικῶς
3112 2507 3213 2575 τῆς
3248 2507 3415 2571 ἕξεως
3448 2508 3680 2559 ὲπινοου

2111 2592 2280 2662 μένης
2305 2595 2407 2665 τῆς
2450 2598 2885 2667 πῳχειρήσεως.
2947 2599 3010 2651 Ei
3074 2598 3184 2669 γὰρ
3228 2598 3398 2652 θέλων
3446 2599 3475 2651 ὁ
3520 2598 3697 2667 ’Δδὰμ

2107 2684 2381 2753 ὑπήκουσε
2418 2722 2432 2747 .
2530 2689 2623 2741 καὶ
2651 2687 2821 2741 θέλων
2851 2688 3153 2760 ἐθεώρησε,
3173 2691 3265 2743 καὶ
3292 2689 3527 2762 θελήσας
3561 2690 3697 2759 ἐφα-

2107 2789 2224 2841 γεψ
2261 2775 2373 2846 ἄρα
2409 2778 2784 2850 πρωτοπαθὴς
2807 2780 2865 2834 ὲν
2887 2781 3019 2849 ἡμῖν
3043 2782 3075 2850 ἡ
3114 2778 3349 2851 θέλησις.
3370 2781 3433 2833 El
3451 2780 3506 2833 δὲ
3538 2797 3696 2850 πρω-

2104 2864 2346 2936 τοπαθὴς
2372 2868 2429 2919 ὲν
2452 2869 2642 2940 ὴμῖνή
2680 2868 2921 2940 θέλησις.
2951 2869 3158 2940 ταύτην
3187 2870 3241 2923 δὲ
3280 2870 3421 2940 μετὰ
3459 2871 3559 2940 τῆς
3590 2870 3696 2938 φύ-

2108 2970 2248 3016 σεως
2276 2957 2397 3008 κατ’
2423 2959 2623 3022 αὐτοὺς
2648 2960 2711 3012 οὐ
2739 2960 3107 3029 προσείληφεν
3139 2962 3166 3014 ὁ
3210 2961 3385 3028 Λόγος
3414 2959 3697 3031 ὲνανθρω-

429 3034 565 3088 Cum
603 3036 770 3105 igitur
796 3038 1052 3093 voluntas
1077 3039 1255 3108 prima
1284 3039 1338 3091 in
1368 3038 1526 3092 nobis
1550 3037 1727 3091 labem
1759 3036 2005 3090 incurre-

2109 3046 2307 3114 τεήσας⁸
2340 3048 2438 3101 οὐκ
2470 3050 2579 3121 ἄρα
2609 3051 2720 3119 ἐγὼ
2755 3054 2925 3122 χωρὶς
2966 3053 3242 3123 ἁμαρτίας
3278 3054 3499 3121 γέγονα.
3538 3053 3602 3105 Ei
3635 3053 3697 3108 δὲ

432 3127 524 3193 rit,
556 3143 676 3194 nec,
704 3138 764 3182 ut
796 3130 887 3185 isti
914 3135 1178 3195 sentiunt,
1205 3130 1441 3186 Verbum
1472 3131 1636 3184 homo
1659 3129 1862 3183 factum
1884 3143 2004 3182 eam

431 3221 815 3288 assumpserit,
848 3237 952 3275 nec
989 3235 1089 3292 ego
1131 3222 1360 3291 proinde
1396 3237 1425 3274 a
1463 3236 1550 3275 me
1587 3232 1871 3290 peccatum
1906 3236 2003 3274 ex-

2106 3135 2216 3203 ὲγὼ
2268 3139 2434 3207 χωρὶς
2472 3141 2747 3209 ἁμαρτίας
2790 3143 2850 3194 οὐ
2891 3143 3113 3210 γέγονα,
3153 3144 3255 3196 οὐκ
3298 3144 3407 3215 ἄρα
3452 3141 3698 3197 ὲσὼθτνν

2105 3230 2262 3296 εἴπερ
2288 3230 2348 3281 τὸ
2378 3230 2788 3301 ἁπρόσληπτον,
2822 3232 3225 3303 ἀθεράπευτον.

427 3317 594 3371 cussi.
616 3317 773 3383 Quod
800 3318 845 3372 si
872 3328 1157 3387 peccatum
1178 3320 1408 3388 ejusque
1434 3318 1613 3373 labem
1672 3333 1786 3372 non
1842 3315 2079 3380 excussi,
2120 3331 2225 3372 nec
2269 3318 2502 3373 salutem
2545 3330 2877 3377 consecutus
2917 3322 3036 3379 s'um
3084 3342 3098 3378 :
3144 3324 3591 3397 quandoquidem
3637 3329 3695 3386 id

426 3410 572 3479 quod
602 3426 711 3464 non
741 3419 824 3465 est
845 3418 1208 3476 assumptum,
1238 3425 1338 3463 nec
1363 3417 1616 3463 curatum
1646 3418 1748 3464 est.

503 3500 733 3565 Deinde,
761 3500 807 3555 si
836 3501 932 3555 Dei
964 3516 1104 3569 opus
1126 3510 1182 3554 et
1209 3502 1416 3556 factura
1448 3512 1529 3557 est
1562 3501 1744 3557 libera:
1769 3510 2007 3571 potesta-

429 3594 502 3646 tis
537 3606 751 3647 naturae
786 3592 1050 3658 facultas;
1091 3592 1233 3647 hanc
1268 3608 1421 3656 vero,
1457 3603 1517 3648 ut
1547 3594 1652 3664 ipsi
1688 3595 2003 3664 opinantur,

430 3685 669 3739 Verbum
710 3685 1049 3739 incarnatum
1081 3700 1206 3738 cum
1233 3696 1425 3739 natura
1455 3703 1552 3756 per
1579 3686 1837 3741 unionem
1870 3687 2006 3741 inef-

427 3778 646 3831 fabilem
689 3793 799 3832 non
838 3777 1165 3847 assumpsit,
1202 3784 1297 3830 aut
1343 3777 1472 3846 quia
1510 3793 1665 3832 suam
1706 3776 2001 3839 fabricam,

430 3879 682 3939 tanquam
723 3886 833 3923 non
873 3870 1095 3934 bonam,
1125 3870 1460 3938 improbans,
1488 3885 1518 3923 a
1548 3886 1605 3925 sc
1638 3884 1757 3924 eam
1791 3870 2001 3938 rejecit,

424 3972 521 4016 aut
549 3962 676 4030 quia
703 3963 822 4031 ejus
848 3961 1011 4015 nobis
1040 3961 1270 4015 salutem
1298 3960 1521 4025 invidit;
1553 3969 1668 4014 tum
1697 3976 1798 4015 nos
1828 3958 2005 4029 perfe-

427 4065 513 4108 cta
540 4054 716 4107 salute
748 4051 985 4125 [integra
1012 4051 1321 4123 curatione]
1348 4052 1587 4121 privans,
1616 4062 1731 4106 tum
1761 4052 2003 4120 seipsum

428 4145 573 4199 haud
618 4162 648 4199 a
691 4146 825 4198 vitio
875 4146 1207 4208 immunem,
1246 4143 1391 4212 quod
1438 4152 1534 4199 aut
1581 4143 1719 4197 nolit
1763 4144 2004 4213 perfecte

426 4252 641 4301 sanare,
667 4244 759 4288 aut
784 4251 915 4289 vero
941 4251 1050 4289 non
1082 4235 1275 4305 possit,
1302 4244 1633 4288 monstrans.

2178 3511 2408 3563 Ἔπειτα
2438 3508 2515 3570 δὲ,
2549 3508 2596 3559 εἰ
2622 3508 2783 3578 ἔργον
2817 3505 2980 3559 αὑτοῦ
3026 3507 3117 3559 καὶ
3160 3506 3380 3575 ποίημα
3410 3506 3445 3575 ἡ
3492 3502 3693 3567 <15st-

2105 3601 2282 3663 ούσιος
2315 3600 2413 3669 τῆς
2455 3598 2668 3667 φύσεως
2802 3599 3035 3668 ὑπάρχει
3066 3597 3318 3668 δύναμις,
3350 3597 3552 3665 ταύτην
3580 3595 3639 3647 δὲ
3664 3597 3695 3649 6

2106 3688 2277 3755 Λόγος
2317 3687 2659 3758 σαρκωθεὶς,
2707 3689 2826 3740 κατ’
2874 3689 3073 3750 αὐτοὺς
3099 3731 3113 3751 ,
3152 3688 3292 3760 μετὰ
3332 3690 3432 3756 τῆς
3474 3688 3692 3757 φύσεως

2107 3779 2230 3831 καθ’
2259 3780 2454 3831 ἕνωσιν
2494 3778 2734 3849 ἄρρητον
2774 3780 2835 3831 οὐ
2870 3780 3258 3850 προσειληφεν,
3303 3780 3336 3849 ἢ
3385 3782 3694 3848 καταγνοὺς

2105 3870 2203 3939 τῆς
2230 3869 2437 3932 οἰκείας
2464 3871 2848 3940 δημιουργίας,
2882 3870 2958 3934 ὡς
3002 3871 3063 3923 οὺ
3096 3870 3293 3941 καλῆς,
3325 3868 3528 3940 ταύτην
3563 3874 3695 3924 ἑαυ-

2106 3962 2201 4017 τοῦ
2234 3962 2629 4032 ἀπεπέμψατο·
2660 3962 2693 4031 ἢ
2747 3961 3026 4032 φθονήσας
3063 3962 3197 4032 ἡμῖν
3237 3962 3337 4032 τῆς
3372 3963 3493 4015 κατ’
3520 3961 3691 4031 αὐτὴν

2109 4055 2425 4126 θεραπείας,
2458 4056 2604 4126 ἡμᾶς
2662 4055 2759 4125 μὲν
2815 4055 2916 4125 τῆς
2970 4053 3221 4117 ἐντελοῦς
3368 4054 3692 4123 ἀποστερῶν

2112 4144 2419 4215 σωτηρίας,
2562 4144 2657 4196 καὶ
2691 4144 2886 4196 ἑαυτὸν
2935 4144 3041 4196 ὑπὸ
3086 4144 3256 4206 πάθος
3295 4144 3424 4196 ὄντα
3452 4144 3688 4208 δεικνὺς,

2110 4237 2187 4307 τῷ
2218 4238 2292 4306 μὴ
2322 4236 2519 4300 θέλειν,
2562 4234 2594 4306 ἢ
2622 4234 2701 4304 τῷ
2735 4234 2808 4305 μὴ
2833 4234 3095 4288 δύνασθαι
3124 4236 3345 4299 τελείως
3375 4235 3597 4299 σώζειν.

500 4329 624 4381 lltec
651 4327 874 4396 quidem
903 4328 1195 4389 hactenus,
1223 4336 1283 4380 ut
1308 4326 1454 4380 Deus
1483 4325 1718 4380 Verbum
1750 4326 2001 4380 incarna-

2184 4328 2369 4383 Ταῦτα
2418 4329 2515 4399 μὲν
2581 4328 2711 4398 περὶ
2756 4326 2850 4379 τοῦ
2903 4327 3185 4397 θελητικὸν
3216 4322 3355 4380 εἶναι
3402 4327 3562 4395 φύσει
3600 4327 3691 4380 τὸν

427 4428 567 4481 tum,
594 4419 759 4472 etiam
795 4435 901 4487 qua
932 4419 1097 4472 homo
1132 4427 1493 4481 monstretur,
1523 4425 1721 4471 natura
1747 4417 2002 4470 volunta-

431 4511 499 4561 tis
533 4510 789 4563 facultate
828 4510 1116 4578 praeditum
1150 4524 1290 4563 esse.
1319 4509 1499 4577 Ipsum
1527 4524 1676 4573 vero,
1701 4509 1864 4563 etiam
1898 4524 2005 4579 qua

428 4602 574 4654 Deus
605 4608 742 4663 erat,
768 4616 832 4655 ea
869 4601 1183 4670 praeditum,
1214 4598 1343 4653 hinc
1376 4599 1712 4653 noverimus.
1737 4600 1827 4653 Ait
1856 4598 2004 4655 enim

431 4691 546 4758 ipse
583 4690 848 4745 Dominus
888 4707 950 4744 ac
988 4691 1151 4753 Deus,
1190 4690 1305 4743 sola
1345 4688 1576 4752 Veritas,
1614 4690 1682 4743 de
1722 4690 1904 4759 seipso
1948 4692 2001 4745 in

431 4782 763 4851 Evangeliis,
796 4783 869 4836 ita
914 4799 927 4833 :
964 4780 1281 4844 Jerusalem,
1307 4780 1625 4844 Jerusalem,
1661 4796 1778 4850 qua:
1819 4782 2003 4834 occidis

429 4875 728 4943 proli/tetas,
757 4884 802 4925 et
839 4873 1045 4942 lapides
1077 4888 1183 4935 eos,
1210 4872 1298 4942 qui
1330 4872 1399 4924 ad
1431 4881 1480 4924 te
1510 4872 1653 4925 missi
1680 4881 1832 4935 sunt;
1867 4889 1999 4942 quo-

429 4968 523 5019 ties
550 4965 690 5019 volui
718 4981 1032 5034 congregare
1056 4964 1193 5032 ﬁlios
1228 4975 1364 5026 tuos,
1386 4964 1516 5017 sicut
1548 4962 1749 5034 gallina
1780 4980 1998 5035 congre-

428 5067 517 5127 gat
553 5055 723 5125 pullos
758 5072 877 5110 suos
914 5056 1007 5110 sub
1050 5055 1196 5120 alas,
1234 5064 1283 5108 et
1321 5054 1605 5108 noluistis?
1638 5053 1790 5109 Nunc
1825 5065 2001 5109 autem

429 5148 750 5218 relinquetur
782 5148 919 5201 vobis
945 5148 1128 5201 domus
1155 5156 1327 5201 vestra
1352 5149 1571 5225 deserta
1585 5151 1624 5200 ³.
1649 5147 2002 5216 Perspicuum

427 5242 574 5295 enim
615 5250 717 5304 est,
752 5256 859 5293 non
910 5239 1015 5294 hoc
1053 5239 1277 5301 dixisse,
1310 5247 1584 5307 quatenus
1629 5238 1793 5292 homo
1831 5248 1947 5294 erat
1986 5257 2001 5294 :

428 5334 701 5403 siquidem
752 5348 943 5388 recens
988 5334 1157 5386 homo
1212 5332 1535 5397 exstiterat;
1587 5331 1681 5385 sed
1733 5339 2004 5400 quatenus

431 5424 573 5477 idem
606 5426 751 5479 Deus
776 5433 925 5488 erat;
962 5423 1260 5478 ostendens
1289 5422 1541 5477 diversos
1574 5422 1838 5491 sapientis
1873 5439 2002 5491 pro-

432 5513 690 5570 videntia:
720 5531 830 5571 sua:
862 5515 1055 5570 modos
1084 5530 1210 5584 erga
1237 5528 1409 5584 genus
1440 5515 1769 5580 humanum;
1804 5514 2005 5583 quibus

528 5720 688 5775 ‘Gal.
726 5739 799 5778 vt.
833 5724 887 5776 4.

2112 4418 2470 4490 σαρκωθέντα
2498 4417 2632 4471 Θεὸν
2659 4419 2852 4486 Λόγον,
2893 4420 2986 4471 καὶ
3017 4419 3185 4472 χαθ’ὃ
3215 4418 3525 4490 ἄνθρωπος·
3561 4420 3691 4489 περὶ

2110 4510 2166 4564 δὲ
2194 4509 2289 4562 τοῦ
2343 4509 2626 4580 θελητικὸν
2673 4509 2833 4577 φύσει
2882 4505 3019 4562 εἶναι
3051 4509 3141 4562 τὸν
3183 4509 3364 4572 αὑτὸν,
3396 4511 3487 4562 καὶ
3518 4508 3640 4562 καθ’
3666 4508 3691 4560 δ

2111 4600 2268 4664 Θεὸς,
2300 4600 2450 4653 ἐνθεν
2478 4600 2755 4670 εἰσόμεθα.
2780 4601 2917 4669 Φησὶ
2943 4602 3051 4671 γὰρ
3083 4600 3243 4663 αὐτὸς
3264 4600 3293 4651 ὸ
3316 4599 3516 4669 Κύριος
3540 4600 3691 4669 ἡμῶν

2112 4694 2207 4747 καὶ
2240 4692 2409 4755 Θεὸς,
2456 4695 2489 4763 ἡ
2527 4693 2661 4763 μόνη
2714 4691 2965 4761 ἀλήθεια,
3027 4692 3154 4762 περὶ
3216 4690 3414 4743 ἑαυτοῦ
3463 4693 3523 4743 ὲν
3584 4694 3691 4753 τοῖς

2114 4782 2471 4853 Εὑαγγελὶοις
2522 4782 2730 4846 οὕτως’
2786 4782 3209 4851 Ἰερουσαλὴμ,
3272 4780 3689 4850 Ἰερουσαλὴμ,

2112 4877 2149 4943 ἡ
2176 4877 2598 4930 ἁποκτένουσα
2621 4875 2761 4939 τοὺς
2788 4873 3123 4943 προφήτας,
3154 4874 3253 4926 καὶ
3276 4872 3686 4927 λιθοϐολοῦσα

2114 4970 2256 5034 τοὺς
2288 4966 2786 5036 ἀπεσταλμένους
2824 4966 2976 5034 πρὸς
3003 4964 3214 5030 αὐτήν·
3245 4964 3507 5031 ποσάκις
3552 4965 3684 5031 ἠθέ-

2114 5065 2278 5127 λησα
2305 5058 2767 5129 ἐπισυναγαγεῖν
2798 5060 2868 5112 τὰ
2903 5056 3085 5111 τέκνα
3109 5072 3248 5120 σου,
3293 5055 3501 5124 ὥσπερ
3531 5056 3691 5125 ὅρνις

2115 5151 2465 5221 ἐπισυνάγει
2490 5151 2558 5204 τὰ
2586 5150 2807 5203 νοσσία
2835 5147 3056 5216 ἑαυτῆς
3080 5148 3199 5202 ὑπὸ
3240 5148 3343 5212 τὰς
3373 5147 3689 5215 πτέρυγας,

2119 5245 2214 5297 καὶ
2259 5246 2370 5296 οὐκ
2417 5242 2795 5311 ήθε.ιήσατε;
2828 5240 2959 5295 Νῦν
2997 5242 3233 5309 ἀφίεται
3272 5240 3418 5308 ὑμῖν
3466 5243 3498 5293 ό
3531 5236 3694 5303 οἶκος

2118 5332 2284 5403 ὑμῶν
2303 5336 2536 5403 ἔρημος.
2576 5333 2744 5403 Δῆλον
2776 5334 2906 5401 γὰρ,
2954 5333 3037 5386 ὃτι
3076 5332 3138 5384 οὑ
3189 5331 3312 5384 καθ’
3353 5331 3380 5384 ὃ
3407 5331 3694 5401 ἄνθρωπος

2118 5425 2276 5476 τοῦτο
2304 5425 2538 5494 εἴρηκεν·
2575 5424 2730 5494 εἴπερ
2762 5423 3090 5493 προσφάτως
3120 5423 3358 5489 ἐγεγόνει
3386 5423 3693 5493 ἄνθρωπος’

2120 5518 2256 5571 ἀλλὰ
2291 5517 2412 5569 καθ’
2454 5517 2483 5570 ὃ
2522 5516 2672 5581 θεὸς,
2706 5515 2886 5583 δείξας
2912 5516 3037 5578 τοὺς
3061 5515 3339 5579 ποικίλους
3381 5514 3480 5583 τῆς
3525 5514 3695 5583 cogi;

966 5724 982 5752 '
1014 5722 1150 5777 Gen.
1184 5738 1243 5789 ιι,
1273 5721 1362 5776 20.
1444 5723 1460 5754 ³
1493 5720 1686 5778 M..ttli.
1729 5736 1877 5789 χχιιι,
1912 5721 2022 5789 57;
2070 5725 2203 5772 Luc.
2241 5732 2355 5785 nn,
2394 5718 2482 5774 5i.
