4032 6210
256 273 398 339 1145

1257 286 1636 349 PANOPLIA
1677 289 2143 354 DOGMATICA.
2172 318 2240 330 -
2261 294 2412 358 'l‘l'l‘.
2448 293 2603 356 XXI.

3388 299 3522 359 1146

253 389 419 444 αὑτοῦ
455 393 579 461 περὶ
607 392 700 446 τὸν
723 394 1012 466 ἄνθρωπον
1053 399 1312 468 προνοίας
1349 403 1610 472 τρίπους
1655 403 1724 456 δι’
1751 399 1826 458 ῶν

1940 421 2052 462 cum
2081 407 2150 464 ab
2177 408 2440 464 exteriori
2466 421 2654 462 errore
2677 413 2932 463 naturam
2970 405 3036 462 ad
3069 420 3128 461 se
3179 421 3515 481 congregare

257 480 496 552 θελήσας
517 485 627 536 ἀπὸ
653 483 754 554 τῆς
778 487 888 538 τῶν
918 488 1073 552 ἐκτὸς
1113 489 1322 558 πλάνης
1369 492 1470 562 τὴν
1499 493 1663 562 φύσιν
1691 499 1831 566 πρὸς

257 575 451 628 ἑαυτὸν
477 577 824 646 ἐπισυνάξαι,
857 579 999 650 αὕτη
1031 580 1132 635 οὒκ
1167 581 1424 652 ἠθέλησε.

332 671 439 722 Καὶ
453 669 614 721 πάλιν
633 670 765 738 φησί
778 688 816 722 ι·
841 674 1116 742 Ὠσπερό
1135 675 1338 743 Πατὴρ
1356 675 1568 746 ἐγείρει
1591 678 1732 746 τοὺς
1748 696 1844 734 γε·

255 761 588 828 κροὺς,καί
613 760 897 822 (uouere?
946 764 1221 820 οὕτωκαὶ
1264 769 1302 822 ὑ
1333 766 1492 832 Υίὸς,
1534 768 1644 833 οὓς
1681 771 1841 824 θέλει

256 852 545 911 ᾇυοποιεῖ.
576 854 633 906 Ei
653 855 734 918 τὸ,
754 854 1152 926 ὡς’ἐπίρρημα
1189 859 1546 928 συγκριτικόν
1583 859 1753 912 ἐστιν·
1783 862 1839 914 ai

252 945 312 998 δέ
337 947 665 1016 συγκρίσεις
708 947 818 1000 τῶν
843 948 1168 1018 ὸμοουσίωνθ
1198 951 1302 1004 οὐκ
1354 951 1464 1021 ἄρα
1490 949 1652 1005 τοῦτο
1679 955 1837 1006 δυνα-

253 1041 352 1092 τὸν
386 1039 528 1092 κατὰ
555 1039 616 1092 τὸ
637 1038 988 1109 ἀνθρώπινον
1025 1042 1118 1096 ἐπὶ
1146 1045 1383 1116 Χριστὸν
1410 1045 1691 1114 λέγεσθαι.
1728 1046 1839 1100 Οὐ-

253 1134 390 1186 κοῦν
421 1132 658 1198 ἐδίδαξεν
687 1135 837 1205 ἡμᾶς
896 1137 925 1189 ὁ
950 1137 1144 1209 Σωτὴρ
1173 1139 1280 1205 ὅτι,
1317 1138 1512 1212 ὥσπερ
1538 1143 1567 1195 δ
1617 1142 1834 1213 Πατὴρ,

252 1228 388 1290 Θεὸς
414 1227 511 1291 ὢν,
535 1229 805 1300 θελήματι
828 1233 957 1295 τοὺς
974 1231 1204 1303 νεκροὺς
1237 1233 1516 1298 ζωοποιεῖ,
1566 1234 1712 1289 οὕτω
1742 1235 1838 1289 καὶ

253 1321 442 1385 αὐτὸς,
472 1321 765 1392 ὁμοούσιος
807 1320 884 1375 ὢν
929 1321 1010 1389 τῷ
1039 1321 1217 1393 Harp).
1252 1326 1349 1379 καὶ
1401 1325 1691 1398 ὁμοθελὴς,
1743 1328 1838 1393 οὓς

253 1409 403 1463 θέλει
427 1411 702 1476 ζωοποιεῖ.
739 1412 928 1466 Ταῦτα
954 1413 1066 1468 τῶν
1095 1415 1524 1484 εὐαγγελιστῶν,
1561 1419 1656 1472 καὶ
1697 1421 1836 1473 ἀπο-

249 1505 600 1573 στόλων,καὶ
629 1507 929 1576 προφητῶν
979 1509 1048 1562 τὰ
1094 1507 1362 1578 δόγματα.
1413 1511 1456 1563 Τ
1464 1509 1512 1571 ίς
1540 1510 1632 1564 οὖν
1693 1512 1835 1583 ὑπὲρ

250 1599 434 1652 ταῦτα
471 1598 674 1667 μείζων
702 1600 979 1667 ἀπόδειξις
1021 1601 1152 1670 περὶ
1180 1601 1276 1655 τοῦ
1329 1601 1494 1670 φύσει
1545 1602 1836 1674 θελητικὸν

252 1684 397 1742 εἶναι
431 1691 522 1741 τὸν
575 1690 745 1742 αὐτὸν
793 1691 890 1745 καὶ
936 1691 1062 1746 καθ’
1094 1691 1124 1746 δ
1165 1693 1299 1756 Θεός
1330 1693 1469 1759 ἐστι,
1510 1695 1606 1747 καὶ
1655 1691 1781 1747 καθ’
1806 1692 1834 1745 ὃ

251 1780 351 1834 ᾶνο
361 1798 541 1850 ρωπος
561 1799 576 1847 ;

263 1895 369 1951 Ἐκ
404 1895 508 1948 τοῦ
543 1896 684 1948 ἴσου
712 1895 821 1965 τῆς
852 1899 1003 1964 πρὸς
1038 1898 1380 1967 Νίκανδρον
1416 1899 1524 1952 τὸν
1581 1899 1834 1952 ἐπίσκο-

776 1983 894 2021 πον
945 1967 1300 2036 ἐπιστολῆς.

325 2061 454 2124 Πῶς
505 2063 634 2131 μίαν
696 2061 884 2122 ἁπλῶς
939 2061 1034 2112 ἐπὶ
1096 2059 1346 2128 Χριστοῦ
1403 2060 1500 2113 τοῦ
1556 2058 1695 2113 Θεοῦ
1753 2077 1839 2114 τι.

255 2155 343 2216 νές
391 2171 525 2222 φατι
551 2154 650 2222 τὴν
685 2155 970 2222 ἐνέργειαν
999 2167 1017 2216 ;
1097 2152 1343 2219 Ἀνάγκη
1378 2152 1487 2222 γὰρ
1522 2153 1554 2221 ἦ
1599 2153 1708 2206 τῶν
1739 2151 1838 2206 αὖ·

255 2246 345 2300 τοῦ
380 2247 586 2313 ταύτην
635 2246 911 2316 ὑπᾶρχειν
977 2244 1185 2315 μερῶν,
1213 2245 1246 2313 ἢ
1279 2245 1446 2297 αὑτοῦ
1482 2245 1704 2308 πάντως
1761 2245 1839 2307 ὡς

247 2339 396 2394 ὅλου.
423 2338 437 2360 ’
471 2337 595 2392 Αλλ*
622 2339 670 2390 εί
705 2340 804 2407 μὲν
861 2337 969 2390 τῶν
1003 2336 1212 2405 μερῶν,
1249 2335 1650 2407 μερισθήσεται
1690 2337 1833 2406 πρὸς

252 2435 421 2504 litt-9w
457 2429 659 2501 δηλαδὴ
695 2428 1032 2498 τεμνομένη·
1093 2424 1256 2478 τοῦτο
1302 2423 1360 2477 δὲ
1400 2423 1706 2492 πάσχουσα,
1741 2423 1832 2474 λυ-

255 2518 482 2588 θήσεται
533 2517 772 2577 πάντως,
827 2514 920 2566 καὶ
977 2511 1320 2565 συνδιαλύσει
1377 2511 1448 2562 τὰ
1501 2511 1622 2562 κατ’
1663 2509 1834 2578 αὐτὴν

257 2607 531 2679 ἡνωμένα.
562 2608 624 2660 Ei
662 2607 719 2660 δέ
766 2605 861 2658 τοῦ
885 2604 1030 2666 ὅλου,
1065 2603 1174 2656 τῶν
1215 2602 1476 2656 ἐναντίων
1511 2601 1665 2654 ἔσται
1697 2601 1833 2654 55x-

255 2699 410 2768 τικὴ,
442 2698 612 2769 θνητὴ
642 2696 736 2750 καὶ
763 2697 1034 2759 ἀθάνατος
1065 2691 1223 2758 οὖσα,
1280 2695 1476 2764 κτιστὴ
1524 2693 1620 2747 καὶ
1672 2692 1831 2746 ἄκτι-

254 2806 404 2854 στος,
443 2788 794 2860 περιγραπτὴ
820 2787 914 2840 καὶ
957 2785 1359 2858 ἀπερίγραφος.
1415 2784 1524 2837 Καὶ
1561 2785 1612 2836 εί
1647 2782 1830 2847 τοῦτο,

252 2878 379 2933 καθ’
432 2877 546 2943 ἕξιν
600 2879 696 2931 καὶ⁵
745 2876 1000 2948 στέρησιν
1050 2871 1216 2929 οὖσαν
1271 2875 1367 2926 καὶ
1417 2873 1493 2943 μὴ
1538 2869 1705 2926 οὖσαν
1735 2871 1834 2942 τὴν

251 2970 464 3023 οἰκείαν
495 2971 524 3022 ὁ
552 2969 788 3039 Χριστὸς
816 2963 960 3038 εἶχεν
988 2966 1276 3038 ἐνέργειαν
1302 2981 1318 2996 ο
1352 2963 1420 3017 δι’
1447 2965 1536 3034 ἢν,
1581 2963 1657 3027 ὡς
1709 2963 1832 3016 κατ’

251 3059 428 3128 αὐτὴν
457 3057 750 3128 προσφυῶς
806 3055 1071 3128 ἐνεργῶν,
1114 3055 1223 3109 τῶν
1275 3053 1538 3109 ἐναντίων
1583 3053 1725 3108 κατὰ
1771 3052 1834 3106 τὸ
1862 3046 1903 3102 C

251 3150 390 3202 αὐτὸ
412 3149 693 3212 δεκτικός·
730 3147 845 3203 ἀλλ’
901 3147 962 3201 οὐ
1013 3146 1135 3202 κατ’
1164 3146 1293 3202 ἄλλο
1341 3145 1437 3200 καὶ
1478 3145 1608 3200 ἄλλο
1632 3161 1647 3176 ο
1697 3139 1758 3199 οὗ
1781 3144 1835 3198 τί

249 3242 578 3294 δυσσεϐέστε
587 3259 679 3314 ρον
695 3259 711 3310 ;

324 3505 403 3558 Τό
429 3503 560 3557 αὐτὸ
587 3503 641 3556 δὲ
673 3502 769 3556 καὶ
799 3502 928 3574 περὶ
961 3500 1266 3572 θελήματος
1306 3499 1453 3553 ἐστιν
1480 3501 1675 3552 εἰπεῖν.
1708 3497 1829 3561 Πῶς

250 3597 310 3650 δὲ
351 3597 458 3668 ἄρα
487 3595 805 3665 συνεργάτιν
829 3595 926 3665 τὴν
951 3593 1158 3648 οἰκείαν
1180 3593 1208 3644 ὁ
1240 3592 1410 3661 Λόγος
1444 3589 1834 3661 παρελάμϐανε

258 3689 466 3758 σάρκα,
500 3687 640 3739 κατὰ
675 3685 941 3756 Κύριλλον
966 3684 1060 3736 τὸν
1089 3683 1272 3752 σοφὸν,
1329 3681 1430 3734 οὐκ
1481 3679 1712 3750 ἔχουσαν
1740 3679 1836 3748 τὴν

255 3780 406 3834 κατὰ
451 3777 611 3846 φύσιν
659 3775 975 3845 ἐνέργειαν;
1024 3775 1099 3828 Τὸ
1144 3773 1254 3844 γὰρ
1289 3773 1361 3844 μὴ
1395 3771 1515 3841 ἔχον
1553 3769 1836 3838 ἐνέργειαν

258 3871 400 3938 μήτε
431 3867 641 3938 κίνησιν
674 3866 932 3936 φυσικὴν,
973 3863 1164 3936 νεκρὸν
1196 3864 1414 3924 πάντως
1449 3862 1542 3914 καὶ
1592 3859 1798 3929 ἄψυχον
1819 3874 1832 3888 ·

252 3961 353 4013 καὶ
388 3960 496 4013 τίνι
538 3959 681 4028 λόγῳ
728 3957 986 4028 προσίετο
1022 3958 1084 4010 τὸ
1128 3955 1319 4025 νεκρὸν
1350 3956 1429 4018 είς
1475 3953 1833 4023 συνέργειαν;

253 4053 329 4106 Τὸ
356 4051 465 4121 γὰρ
497 4050 877 4121 ἀνενέργητον,
931 4050 996 4118 τῇ
1048 4047 1302 4100 παντελεῖ
1347 4046 1606 4116 ἀκινησίᾳ
1633 4060 1839 4115 καταρ·

253 4146 361 4212 γεῖ.
400 4143 522 4205 Πῶς
552 4141 609 4194 δὲ
641 4141 848 4210 ταύτην
896 4139 1134 4192 ἐδείκνυε
1171 4137 1454 4200 ζωοποιεῖν
1503 4136 1832 4205 δυναμένην,

252 4235 330 4292 ῶς
361 4232 525 4294 αὐτὸς
551 4229 711 4284 πάλιν
744 4229 1011 4298 Κύριλλος
1043 4227 1412 4294 ἐξεπαίδευσε,
1437 4227 1525 4280 διὰ
1556 4225 1665 4279 τῶν
1691 4226 1836 4279 κατὰ

1941 500 2127 566 vellet,
2161 500 2278 571 ipsa
2319 499 2572 555 noluerit.

2012 689 2364 759 Rursumque
2397 691 2513 746 ait:
2547 687 2696 744 Sicut
2742 687 2904 743 Pater
2931 690 3156 742 suscitat
3184 695 3437 751 mortuos,
3465 693 3532 740 ct-

1939 783 2198 850 viriﬁcat,
2232 782 2310 835 sic
2356 791 2404 835 et
2437 779 2605 835 Filius
2660 797 2788 850 quos
2835 780 2943 834 vult
2971 781 3218 850 vivi/ient.
3273 780 3296 842 ⁸,
3346 779 3529 850 Qum»

1940 889 2046 944 que
2087 889 2189 929 vox
2253 873 2341 927 illa
2415 875 2550 927 sicut
2574 873 2893 928 adverbium
2943 876 3012 928 sit
3068 836 3508 940 comparatignis.

1939 977 2004 1019 ac
2033 964 2473 1034 comparationes
2509 978 2690 1019 rerum
2721 964 2832 1018 sint
2857 964 3102 1032 ejusdem
3153 953 3512 1026 substantia;
3549 1008 3564 1012 γ.
3659 948 3661 950 ’

1938 1073 2048 1113 non
2073 1059 2238 1129 igitur
2271 1058 2340 1112 de
2373 1058 2608 1112 humana
2647 1058 2700 1111 in
2749 1055 2972 1111 Christo
3043 1057 3316 1108 voluntate
3354 1054 3508 1130 istud
3547 1093 3555 1100 .
3613 1099 3619 1118 ς

1938 1150 2110 1221 accipi
2131 1159 2331 1221 potest.
2361 1149 2530 1221 igitur
2548 1150 2735 1205 docuit
2762 1164 2863 1203 nos
2879 1148 3157 1210 Christus,
3185 1147 3334 1215 quod
3359 1131 3526 1200 sicut

1937 1242 2102 1299 Pater
2134 1245 2417 1300 cumDeus
2442 1245 2537 1308 sit,
2562 1242 2840 1298 voluntate
2869 1239 3106 1295 viviticat
3135 1247 3403 1302 mortuos,
3431 1239 3510 1291 sic

1937 1347 1994 1393 et
2025 1338 2142 1408 ipse
2174 1339 2266 1408 qui
2288 1338 2358 1393 sit
2383 1337 2530 1392 Patri
2579 1333 3086 1396 consubstantialis,
3151 1330 3508 1400 ejusdemque

1939 1446 2002 1486 ac
2019 1430 2108 1486 ille
2146 1429 2466 1495 voluntatis,
2506 1443 2643 1499 quos
2671 1426 2804 1492 vult,
2843 1423 3105 1478 vivificat.
3128 1421 3254 1478 ῐίειιο
3285 1435 3520 1492 ενοιιςεο

1937 1525 2188 1580 listarum
2213 1530 2270 1578 et
2291 1520 2664 1592 apostolorum
2689 1534 2754 1574 ac
2825 1517 3211 1592 prophetaer
3276 1513 3515 1569 decreta.

1939 1613 2194 1682 Quaenam
2219 1589 2385 1683 igitur
2413 1613 2500 1668 his
2535 1611 2713 1682 major
2772 1589 3204 1672 demonstrantia?
3227 1614 3302 1661 ut-
3323 1614 3379 1658 ct
3409 1609 3538 1672 qua"

1941 1708 2152 1761 ratione
2188 1703 2332 1760 Deus
2379 1712 2482 1768 est,
2512 1711 2566 1758 et
2601 1715 2706 1771 qua
2768 1697 2931 1753 homo
2998 1695 3169 1762 idem,
3222 1693 3522 1752 voluntatis

1941 1799 2200 1854 facultate
2231 1797 2490 1868 praeditus
2519 1791 2882 1850 ostendatur?
2929 1797 2933 1802 ‘
3428 1847 3442 1857 Α
3483 1819 3488 1822 -
3525 1827 3556 1834 ς.
3616 1782 3621 1786 ’

2082 1909 2221 1965 Item
2260 1925 2325 1964 ea:
2352 1907 2568 1978 cpistola
2595 1907 2666 1960 ad
2696 1906 3029 1959 Nicandrum
3054 1903 3377 1973 episcOpum.

2005 2064 2292 2133 Quomodo
2353 2078 2516 2118 unam
2586 2061 2910 2133 simpliciter
2980 2061 3036 2114 in
3113 2071 3223 2113 uno
3299 2057 3516 2113 Christo

1936 2159 2048 2214 Deo
2117 2158 2498 2228 operationem
2553 2155 2800 2210 nonnulli
2865 2153 3099 2208 dicunt?
3166 2152 3402 2206 Necesse
3431 2160 3518 2206 est

1935 2253 2078 2308 enim
2113 2246 2422 2313 hanc,'vel
2480 2246 2658 2316 ipsius
2711 2245 2952 2316 partium
3021 2259 3165 2309 esse,
3253 2241 3336 2296 vel
3392 2242 3516 2310 ejus

1939 2341 2170 2396 omnino
2203 2345 2262 2393 ut
2284 2337 2574 2392 totius.Ac
2612 2335 2856 2404 quidem,
2889 2332 2936 2388 si
2983 2333 3242 2401 partium,
3290 2331 3345 2386 in
3399 2345 3516 2384 am-

1938 2423 2042 2477 bas
2074 2421 2268 2488 utique
2321 2428 2511 2489 partes
2550 2420 2720 2475 scissa
2753 2421 3034 2475 dividetur
3069 2438 3082 2473 :
3111 2421 3261 2490 quod
3312 2422 3358 2475 si
3399 2422 3518 2486 ﬁat,

1937 2511 2165 2565 omnino
2199 2511 2558 2576 dissolvetur,
2605 2525 2670 2565 ac
2700 2526 2809 2565 una
2847 2525 3035 2566 secum
3070 2511 3358 2575 dissolvet,
3395 2528 3519 2581 qua:

1935 2603 2243 2657 secundum
2286 2619 2409 2658 eam
2459 2603 2720 2672 copulata
2773 2611 2924 2656 sunt.
2962 2601 3060 2660 Sin
3091 2612 3275 2658 autem
3323 2605 3514 2669 totius,

1933 2695 2046 2749 erit
2077 2695 2492 2750 contrariorum
2523 2711 2723 2766 capax;
2756 2711 2878 2766 qua:
2917 2696 3170 2752 mortalis
3198 2703 3256 2750 ct
3288 2697 3518 2751 immor-

1935 2785 2084 2850 talis,
2111 2795 2297 2841 creata
2329 2794 2386 2842 et
2434 2786 2716 2852 increata,
2752 2786 3152 2857 comprehensa
3198 2795 3256 2842 et
3303 2785 3518 2842 incom-

1935 2877 2209 2947 prehensa
2232 2877 2483 2934 exsistat.
2531 2879 2782 2947 Dumque
2815 2877 2922 2933 hoc
2974 2877 3315 2943 dederimus,
3349 2878 3517 2934 Chri-

1936 2976 2055 3022 stus
2094 2982 2159 3021 ea
2190 2967 2412 3036 propria
2458 2966 2785 3036 operatione
2831 2964 3137 3021 secundum
3177 2964 3426 3018 habitum
3460 2971 3521 3018 et

1935 3059 2306 3128 privationem
2353 3058 2621 3128 praeditus
2651 3066 2794 3121 erat,
2837 3073 2961 3127 qua:
2996 3056 3114 3127 ipsa
3147 3065 3270 3112 erat
3319 3067 3515 3110 etnon

1935 3158 2088 3216 erat;
2110 3148 2183 3203 ob
2205 3163 2394 3218 quam,
2423 3158 2484 3203 ut
2501 3147 2809 3204 secundum
2829 3163 2950 3202 eam
2977 3162 3157 3217 exque
3177 3148 3300 3217 ejus
3331 3145 3518 3201 indole

1936 3241 2335 3295 convenienter
2371 3254 2629 3308 operans,
2658 3237 2964 3294 secundum
2998 3237 3168 3302 idem,
3203 3247 3394 3292 etnon
3422 3252 3516 3292 se-

1936 3329 2181 3383 cundum
2234 3327 2385 3383 aliud
2441 3337 2608 3398 atque
2661 3328 2852 3390 aliud,
2890 3327 3298 3382 contrariorum
3345 3341 3519 3398 capax

1937 3417 2241 3472 exsistebat
2272 3437 2284 3472 :
2316 3434 2428 3488 quo
2455 3418 2588 3488 quid
2625 3419 2798 3488 magis
2822 3419 3051 3489 impium
3097 3419 3207 3472 diei
3238 3418 3448 3488 queat?

2009 3508 2159 3562 Idem
2197 3523 2328 3563 vero
2361 3509 2528 3562 etiam
2576 3509 2871 3563 dicendum
2917 3511 2986 3562 de
3017 3510 3322 3564 voluntate.
3365 3509 3518 3575 Quo-

1937 3613 2065 3652 nam
2095 3608 2284 3653 autem
2331 3599 2498 3652 modo
2533 3599 2798 3660 Verbum,
2834 3613 3056 3652 carnem
3101 3600 3380 3667 propriam
3413 3600 3514 3652 ad-

1939 3685 2169 3743 hibebat
2188 3687 2372 3758 Operis
2401 3687 2630 3748 sociam.
2655 3695 2714 3741 ut
2737 3689 2909 3741 sentit
2931 3702 2994 3740 ac
3027 3686 3274 3756 loquitur
3297 3688 3518 3756 sapien-

1941 3778 2190 3834 tissimus
2245 3776 2525 3849 Cyrillus,
2572 3792 2700 3832 cum
2756 3777 3024 3832 naturalis
3080 3777 3329 3847 Operatio
3390 3794 3512 3832 eam

1938 3867 2246 3923 deﬁceret?
2271 3867 2428 3934 Quod
2459 3867 2604 3921 enim
2639 3867 2959 3936 operatione
2979 3878 3251 3938 motuque
3274 3870 3514 3924 naturali

1940 3959 2230 4025 deficitur,
2284 3975 2514 4028 prorsus
2561 3968 2841 4013 mortuum
2881 3968 2964 4013 est
2997 3969 3052 4014 et
3099 3960 3360 4015 inanime.
3396 3960 3513 4026 Qua

1940 4059 2128 4104 autem
2180 4050 2395 4104 ratione
2454 4049 2604 4120 quod
2667 4059 2946 4104 mortuum
2987 4061 3171 4116 esset,
3227 4052 3280 4106 in
3332 4053 3517 4121 Operis

1941 4150 2157 4212 partem
2201 4140 2550 4196 asciscebat?
2599 4139 2756 4207 Quod
2791 4142 2940 4195 enim
2975 4157 3172 4212 expers
3197 4147 3282 4197 est
3316 4157 3518 4212 opera-

1941 4233 2132 4297 tionis,
2168 4239 2318 4285 motu
2350 4233 2500 4286 omni
2529 4247 2730 4287 vacans
2760 4233 3020 4304 inersque
3045 4241 3244 4303 torpet.
3269 4232 3518 4299 Quonam

255 4325 424 4393 φύσιν
458 4322 630 4392 αὐτῆς
656 4322 972 4393 κινημάτων
993 4337 1007 4352 ο
1037 4315 1148 4374 οἷον
1173 4322 1270 4391 τῆς
1301 4320 1464 4387 ἁφῆς,
1501 4318 1598 4388 τῆς
1633 4319 1837 4388 φωνῆς,

1941 4337 2075 4377 vero
2107 4321 2272 4374 modo
2313 4335 2475 4390 posse
2525 4321 2668 4375 hanc
2717 4320 3000 4376 viviﬁcare
3035 4322 3421 4385 monstrabat,
3460 4331 3524 4375 ut

255 4415 350 4468 τοῦ
388 4415 717 4486 περιπάτου,
744 4412 950 4467 τούτων
981 4413 1080 4465 οὐκ
1107 4411 1280 4464 ὄντων
1308 4410 1500 4480 αὐτῆς,
1531 4409 1564 4480 ἢ
1603 4412 1661 4463 ἐν
1700 4410 1837 4480 αὐτῇ

1943 4413 2089 4468 idem
2129 4428 2324 4467 rursus
2362 4410 2600 4484 Cyrillus
2628 4411 2842 4477 docuit,
2895 4427 2995 4482 per
3028 4420 3214 4468 motus
3257 4427 3391 4468 suos
3425 4427 3524 4467 na-

258 4506 618 4561 κατόὺσίαν.
674 4507 738 4559 Ei
788 4505 898 4576 γὰρ
951 4504 1122 4574 αὐτῆς
1170 4503 1294 4554 κατ’
1343 4501 1554 4564 οὐσίαν,
1604 4500 1837 4572 φυσικὴν

1945 4503 2184 4567 turales;
2241 4512 2395 4572 puta,
2431 4511 2661 4568 tactum,
2713 4517 2930 4566 vocem,
2959 4504 3419 4565 ambulationem.
3478 4499 3525 4557 si

259 4598 485 4661 πάντως
516 4599 549 4667 ἡ
602 4595 736 4668 σὰρξ
775 4590 920 4666 εἶχεν
947 4593 1230 4664 ἐνέργειαν
1254 4610 1267 4624 ο
1301 4593 1581 4666 ἐνεργείας
1610 4593 1716 4662 γὰρ
1748 4593 1837 4646 αὺ-

1947 4592 2064 4648 htec
2113 4593 2256 4664 ejus,
2299 4594 2386 4648 vel
2425 4593 2481 4648 in
2535 4610 2599 4649 ea
2648 4595 3022 4651 essentialiter
3073 4611 3186 4650 non
3237 4593 3438 4650 erant?
3467 4591 3525 4646 Si

255 4690 361 4758 τῆς
389 4687 686 4751 οὑσιὼδους
741 4687 912 4751 ἐστὶν,
949 4687 984 4757 ἦ
1016 4703 1076 4739 τε
1107 4685 1321 4755 κίνησις
1361 4683 1470 4736 τῶν
1513 4683 1714 4755 χειρῶν
1745 4684 1837 4737 καὶ

1945 4685 2096 4739 enim
2122 4685 2244 4755 ejus
2263 4686 2636 4742 essentialiter
2655 4697 2837 4754 erant,
2873 4687 3179 4742 naturalem
3209 4685 3372 4755 plane
3395 4695 3527 4737 caeo

254 4779 369 4833 τῶν
401 4778 603 4846 ποδῶν,
634 4779 731 4832 καὶ
763 4781 797 4849 ἡ
823 4778 965 4832 κατὰ
995 4777 1094 4848 τὴν
1123 4778 1408 4849 προφορὰν
1442 4779 1620 4848 φωνή.
1672 4779 1738 4832 El
1786 4777 1837 4831 δὲ

1949 4780 2333 4849 operationem
2369 4778 2630 4834 habebat.
2666 4779 2747 4834 Ad
2781 4780 3133 4834 essentialem
3172 4779 3376 4848 quippe
3407 4777 3524 4846 ejus

272 4874 378 4928 οὒκ
403 4873 576 4944 αὐτῆς
609 4874 748 4926 κατὰ
775 4874 936 4942 φύσιν
968 4870 1159 4937 ταῦτα,
1193 4870 1481 4937 ζωοποιεῖν
1534 4873 1837 4947 δυναμένην

1957 4873 2330 4944 Operationem
2385 4884 2682 4946 spectant,
2731 4885 2843 4930 tum
2895 4891 3154 4930 manuum
3214 4876 3521 4945 pedumque

274 4965 484 5034 ταύτην
514 4966 542 5017 ὁ
569 4964 758 5034 Σωτὴρ
777 4965 877 5018 οὐκ
907 4965 1182 5030 ἀπέδειξε.

1956 4976 2136 5021 motus
2163 4983 2179 5034 ;
2213 4977 2322 5022 tum
2345 4969 2521 5032 ,vocis
2545 4968 2796 5038 prolatio.
2828 4966 2920 5022 Sin
2955 4979 3136 5022 autem
3171 4970 3284 5022 hzec
3306 4983 3400 5037 per
3426 4983 3522 5022 na.

276 5068 459 5114 turam
490 5060 638 5115 illius
660 5075 768 5115 non
786 5069 968 5125 erant,
997 5073 1096 5114 nec
1127 5061 1266 5114 hanc
1294 5074 1415 5130 qua:
1447 5059 1612 5114 vitam
1651 5068 1911 5129 praestare
1947 5070 2150 5130 posset,
2181 5060 2432 5114 Salvator
2459 5061 2778 5116 exhibebat.

1958 5170 2212 5240 Ejusdem
2249 5173 2498 5226 adversus
2533 5171 2672 5235 illos,
2695 5173 2784 5242 qui
2810 5171 3078 5228 Christum
3125 5171 3313 5225 habere
3343 5170 3523 5225 dicunt

280 5175 397 5232 Τοῦ
439 5175 628 5230 αὑτοῦ
673 5175 823 5243 πρβς
863 5174 1006 5241 τοὺς
1057 5176 1368 5244 λέγοντας,
1417 5174 1507 5228 ὅτι
1555 5174 1707 5244 μίαν
1739 5173 1846 5229 τοῦ

2228 5245 2481 5296 actionem
2515 5259 2671 5295 unam
2700 5257 2792 5313 per
2829 5243 3259 5297 dominationem.

359 5246 623 5328 Χριστοῦ
648 5245 764 5314 χρὴ
793 5244 996 5315 λέγειν
1033 5243 1149 5314 τὴν
1200 5243 1506 5316 ἐνέργειαν
1562 5245 1694 5298 κατ’
1718 5244 1846 5297 ἐπι-

353 5331 656 5381 κρατειαγ.

359 5431 587 5502 Πρῶτον
618 5434 717 5500 μὲν
737 5432 828 5486 δύο
853 5433 1135 5503 ἐνεργείας
1161 5431 1258 5486 καὶ
1297 5430 1457 5500 ὑμεῖς
1501 5427 1837 5499 ὁμολογεῖτε,

2025 5421 2266 5478 Primum
2299 5421 2520 5491 quidem
2554 5433 2609 5479 et
2659 5439 2756 5479 vos
2811 5425 2950 5480 duas
2997 5424 3240 5480 actiones
3290 5421 3519 5480 conﬁtc.

280 5527 416 5599 μίαν
441 5526 869 5596 ἐπικρατοῦσαν,
902 5527 1001 5598 τὴν
1027 5524 1180 5579 θείαν
1212 5524 1378 5594 φημὶ,
1427 5522 1522 5578 καὶ
1562 5520 1691 5590 μίαν
1723 5519 1837 5574 ἐπι-

1951 5512 2113 5583 mini,
2139 5526 2302 5570 unam
2333 5513 2557 5586 quidem
2589 5525 2957 5588 superantem,
3021 5531 3215 5588 nempe
3243 5517 3517 5592 divinam,

366 5709 381 5740 ⁸
423 5705 578 5763 Joan.
619 5726 670 5774 v,
699 5709 788 5766 21.
