4032 6210
522 283 657 347 1147

1790 274 2171 337 EUTHYMII
2214 272 2574 333 ZIGABENI

3648 269 3823 333 1148

523 399 743 453 alteram
782 404 959 450 autem
994 401 1326 461 superatam,
1355 390 1405 444 id
1460 399 1544 444 est
1594 391 1909 444 lutmanam.
1946 385 2099 453 Quod

2208 385 2587 455 κρατουμένην
2622 384 2721 455 τὴν
2758 383 3105 455 ἀνθρωπίνην
3154 383 3420 455 δηλονότι,
3469 386 3607 456 ὅπερ
3678 389 3823 443 ἐστὶ

522 501 604 547 est
637 505 820 543 eorum
845 502 961 556 qut'e
988 502 1112 541 cum
1139 484 1316 551 aliquo
1346 482 1723 538 conferuntur.
1752 483 1884 549 Quae
1914 489 2096 534 autem

522 592 646 639 sunt
668 580 955 649 ejusmodi,
988 590 1107 645 sese
1142 586 1324 629 mutuo
1359 574 1618 629 inferunt.
1673 574 1938 630 Praeterea
1978 585 2102 625 cum

522 674 853 742 superiorem
878 670 1148 723 actionem
1176 667 1391 729 dicatis,
1433 675 1692 734 tanquam
1728 667 1965 719 humana
1995 664 2102 717 vita

521 766 801 821 auferatur
825 802 838 826 ,
869 764 1123 817 damnum
1154 761 1285 829 ipsis
1310 752 1543 814 all'ertis.
1581 758 1710 811 Nam
1744 767 1800 811 et
1831 756 1909 820 id,
1957 755 2103 825 quod

520 836 745 925 superat
779 870 841 908 ex
866 868 1053 908 eorum
1086 861 1170 907 est
1206 866 1454 914 numero,
1484 867 1601 920 qua:
1626 851 1926 921 patiuntur.
1971 848 2103 901 Vin-

396 1004 401 1007 .
452 966 457 1015 ξ
521 948 847 1005 εἰίιπεηίιη
894 957 946 1000 et
974 947 1146 1015 ipsum
1186 944 1255 1001 ab
1283 960 1346 999 eo
1376 946 1516 1014 quod
1558 945 1760 998 victum
1787 952 1891 999 est.
1956 941 2107 996 Licet

521 1042 664 1095 enim
687 1040 883 1104 minus,
926 1037 1163 1092 vincitur
1194 1044 1394 1090 tamen.
1439 1035 1507 1091 Ut
1563 1050 1755 1089 aurum
1818 1035 1944 1089 licet
2010 1049 2102 1086 ar-

521 1144 740 1202 gemunt
766 1140 928 1199 atque
962 1142 1035 1183 aes
1073 1127 1374 1182 immistum
1441 1138 1683 1196 superet,
1730 1126 1965 1180 vincitur
2019 1137 2099 1180 ta-

525 1216 648 1278 men
681 1224 857 1291 ipsum
892 1234 1128 1291 quoque,
1186 1219 1316 1273 licet
1370 1218 1574 1282 minus,
1631 1231 1824 1287 nempe
1884 1224 2105 1287 propter

520 1315 808 1372 admistatu
854 1315 1232 1385 quantitatem.

520 1513 773 1586 Ejusdem
805 1514 1052 1581 aduersus
1083 1513 1217 1586 illos
1256 1513 1346 1582 qui
1378 1512 1556 1586 dicunt
1579 1552 1593 1576 ,
1648 1512 2098 1582 quemadmodum

520 1584 939 1648 .i't'astrumemi,
970 1596 1018 1638 et
1041 1585 1153 1651 ejus
1187 1588 1275 1649 qui
1299 1586 1467 1636 utitur
1496 1584 1840 1637 instrumento
1877 1600 1983 1636 una
2021 1593 2098 1635 est

586 1656 747 1719 actio,
777 1671 853 1707 sic
906 1666 953 1707 et
1000 1654 1292 1707 divinitatis
1341 1665 1496 1724 atque
1553 1653 1900 1706 humanitatis
1936 1669 2097 1706 unam

588 1741 697 1779 esse
746 1726 1025 1778 actionem.

595 1858 654 1931 Si
697 1858 946 1913 naturale
978 1858 1160 1914 dicitis
1203 1859 1649 1919 instrumentum.
1706 1858 1951 1927 ejusdem
2008 1868 2102 1924 per

519 1967 617 2007 vos
645 1952 907 2021 temporis
949 1953 1051 2006 erit
1091 1952 1331 2007 Verbum
1402 1966 1526 2005 curn
1596 1966 1780 2016 carne,
1839 1959 1931 2002 aut
1975 1963 2103 2004 caro

520 2045 682 2099 simul
713 2059 835 2099 cum
864 2043 1043 2097 Verbo
1068 2045 1417 2112 sempiterna.
1488 2043 1759 2112 Quidquid
1817 2043 1962 2098 enim
1994 2045 2105 2096 ins-

519 2146 793 2191 trumento
829 2132 1270 2200 ulitut‘ttatttrali,
1301 2134 1545 2205 ejusdem
1581 2134 1838 2202 temporis
1869 2142 1952 2188 est
1977 2147 2102 2187 cum

518 2228 630 2284 illo.
661 2226 1130 2294 Quemadmodum
1162 2237 1246 2283 est
1304 2228 1484 2281 anima
1516 2241 1638 2282 cum
1703 2240 1951 2297 corpore.
1996 2226 2102 2280 Po-

516 2318 671 2373 testis
702 2318 868 2385 igitur
892 2318 973 2372 vel
1002 2328 1253 2371 naturam
1311 2318 1550 2372 divinam
1602 2327 1843 2373 creatam
1892 2318 2097 2382 dicere,

516 2415 600 2467 vel
627 2427 827 2482 corpus
854 2413 1183 2467 incrcatum.
1216 2411 1369 2477 Quod
1403 2411 1447 2467 si
1492 2413 1919 2466 instrumentum
1966 2412 2103 2465 artis

517 2504 818 2571 atlirmatis,
841 2505 1199 2560 inanitnatum
1225 2504 1353 2557 illud
1380 2503 1752 2569 introducitis,
1785 2514 1838 2558 et
1877 2517 2100 2572 separa-

513 2599 612 2653 tim
672 2597 1006 2663 consistens,
1072 2608 1234 2666 atque
1288 2594 1619 2664 seiunctum,
1667 2606 1721 2649 et
1788 2597 1933 2665 quod
1990 2610 2097 2649 non

512 2687 731 2758 semper
770 2698 1037 2754 movetur,
1068 2688 1165 2744 sed
1208 2690 1426 2759 quando
1474 2686 1684 2765 artiﬁci.
1729 2687 1902 2742 visum
1935 2686 2098 2742 fuerit

514 2778 646 2835 illud
691 2779 746 2833 in
779 2793 974 2833 manus
1006 2790 1244 2843 sumere,
1274 2786 1438 2847 atque
1477 2777 1581 2831 uti.
1615 2776 1698 2831 Ad
1729 2776 1846 2831 hinc
1877 2776 2099 2832 demen-

513 2873 551 2926 ti
577 2871 829 2927 Nestorio
866 2885 963 2926 vos
999 2869 1260 2925 assentiri
1278 2867 1838 2925 constabitdividenti
1871 2882 1937 2922 ac
1985 2869 2097 2923 dis-

518 2962 758 3020 trahentl
796 2965 928 3017 duas
960 2963 1164 3016 Christi
1197 2961 1290 3016 Dei
1363 2970 1586 3015 naturas
1619 2961 1671 3013 in
1702 2974 1864 3014 unam
1906 2959 2097 3028 hypo-

2206 477 2314 529 τῶν
2343 479 2475 548 πρὸς
2515 497 2564 532 τι
2598 481 2665 532 τὰ
2718 478 2778 532 δὲ
2802 478 2941 548 πρὸς
2992 494 3045 530 τι
3092 478 3313 541 πάντως
3372 480 3823 546 συνεισάγουσα

2207 570 2421 634 ἑαυτοῖς
2456 571 2550 624 καὶ
2570 571 2639 624 τὰ
2668 570 3166 641 ἁντιοιαιρούμενα.
3226 570 3459 623 Ἔπειτα
3490 570 3570 635 δὲ,
3628 570 3732 624 ὅτι
3766 574 3821 623 εξ

2206 665 2329 718 κατ’
2362 664 2717 735 ὲπικράτεταν
2741 663 2929 732 λέγετε
2974 662 3070 735 τὴν
3100 662 3408 733 ἐνέργειαν,
3456 661 3530 724 ὡς
3559 666 3670 733 τῆς
3704 665 3817 719 ἂν·
3919 710 3925 715 .

2208 759 2453 829 ρωπίνης
2484 758 2574 811 διὰ
2604 757 2663 810 τὸ
2689 757 3130 828 ὲπικράτηθηναι
3185 755 3619 827 ἀναιρουμένης,
3672 758 3813 826 μεί-

2210 867 2295 903 σιν
2349 851 2539 912 αὑταῖς
2580 848 2858 918 εἰσάγετε.
2910 850 2984 902 Τὸ
3042 849 3152 918 γὰρ
3183 847 3518 919 ἐπικρατοῦν
3565 850 3815 912 πάντως

2207 962 2252 994 ω
2286 942 2420 995 αὐτὸ
2450 941 2561 995 τῶν
2587 943 2910 1011 πασχόντων
2952 941 3093 996 ἐστι.
3126 941 3238 994 Καὶ
3272 942 3405 994 αὐτὸ
3425 942 3534 1010 γὰρ
3569 945 3811 1012 xpetit-

2206 1052 2265 1087 αι
2298 1033 2403 1086 ὑπὸ
2452 1033 2547 1087 τοῦ
2591 1033 3088 1104 ὲπικρατονμένου.
3146 1034 3210 1087 El
3239 1033 3349 1104 γὰρ
3400 1034 3495 1086 καὶ
3524 1033 3811 1102 ἔτασσον,

2207 1140 2323 1194 μως
2354 1122 2410 1176 δὲ
2442 1125 2724 1194 κρατεῖται
2759 1122 2977 1185 πάντως
3026 1119 3217 1190 ὥσπερ
3246 1123 3446 1191 χρυσὸς
3473 1123 3814 1191 ἐπικρατῶν

2208 1216 2307 1285 μὲν
2338 1214 2430 1270 τοῦ
2478 1215 2963 1285 καταμιγνύμενον
3012 1212 3161 1284 αὑτῷ
3192 1212 3459 1283 ἀργύρου,
3515 1215 3620 1266 καὶ
3665 1215 3815 1283 χαλ-

2204 1306 2324 1371 κοῦ,
2363 1305 2734 1377 κρατούμενος
2756 1306 2812 1359 δὲ
2843 1306 2935 1358 καὶ
2960 1304 3144 1369 αὐτὸς,
3194 1307 3243 1357 εί
3270 1321 3364 1358 κα.
3391 1298 3587 1362 ἦττον.
3625 1306 3810 1371 Δῆλον

2204 1399 2282 1466 δὲ,
2312 1401 2395 1453 ὅτι
2418 1400 2560 1453 κατὰ
2611 1399 2711 1472 τὴν
2744 1399 3017 1469 ποσότητα
3046 1400 3146 1469 τὴν
3180 1415 3287 1469 προ
3303 1398 3627 1467 σμιγεῖσαν·

2207 1514 2322 1570 Τοῦ
2377 1515 2564 1591 αὐτοῦ
2608 1514 2759 1591 πρρς
2816 1514 2960 1591 τοὺς
3008 1512 3317 1591 λέγοντας,
3374 1512 3584 1591 ῷσπερ
3605 1511 3814 1591 ,ὀργεί-

2274 1603 2383 1639 νου
2406 1586 2505 1638 καὶ
2538 1582 2856 1650 κινοῦντος
2879 1586 2988 1653 μία
3014 1582 3303 1653 ἐνέργεια,
3324 1582 3488 1653 οὕτω
3516 1583 3623 1636 καί
3665 1584 3815 1635 Θεό-

2275 1672 2451 1724 τητος
2481 1656 2579 1709 καὶ
2604 1652 3062 1723 ἀνθρωπότητος
3090 1656 3198 1723 μία
3234 1652 3522 1721 ἐνέργεια.

2278 1859 2337 1913 Ei
2364 1860 2463 1928 μὲν
2487 1859 2715 1929 φυσικὶν
2746 1859 2806 1912 τὸ
2846 1858 3080 1929 ὄργανόν
3109 1875 3272 1928 φατε,
3331 1859 3642 1929 συγχρόνος
3712 1858 3805 1910 ἐσ-

2203 1970 2293 2005 ται
2323 1952 2446 2005 καθ’
2480 1953 2627 2022 ὑμᾶς
2660 1951 2688 2004 6
2713 1950 2884 2019 Λόγος
2906 1954 2971 2022 τῇ
3013 1950 3199 2022 σαρκὶ,
3232 1950 3265 2019 ἢ
3303 1951 3335 2022 ή
3365 1952 3501 2022 σὰρξ
3524 1951 3607 2020 τῷ
3633 1953 3807 2020 Λόγῳ

2205 2044 2499 2108 συναῖδιοςο
2548 2045 2658 2097 πᾶν
2690 2045 2797 2115 γὰρ
2851 2042 2912 2097 τὸ
2938 2044 3279 2114 κεχρημένον
3323 2043 3540 2112 φυσικῷ
3569 2044 3804 2113 ὀργάνῳ

2205 2137 2506 2207 σύγχρονον
2537 2137 2697 2189 τοῦτο
2732 2136 2868 2206 ἔχει,
2904 2136 3095 2206 ὥσπερ
3139 2136 3198 2187 τὸ
3226 2134 3386 2205 σῶμα
3416 2135 3447 2202 ἡ
3478 2134 3662 2204 ψυχὴ,
3708 2137 3804 2187 καὶ

2203 2228 2319 2300 ὥρα
2345 2230 2490 2298 ὑμᾶς
2516 2228 2613 2283 καὶ
2644 2229 2855 2298 κτίσμα
2877 2229 2975 2298 τὴν
3023 2226 3175 2280 Θείαν
3206 2226 3370 2295 φύσιν
3426 2227 3640 2295 λέγειν,
3676 2231 3709 2296 ἧ
3742 2228 3803 2279 τὸ

2204 2316 2365 2393 σῶμα
2383 2322 2658 2376 ἅκτιστονο
2701 2322 2754 2375 εί
2794 2320 2850 2374 δὲ
2876 2319 3123 2390 τεχνικὸν
3181 2318 3243 2372 τὸ
3277 2318 3514 2387 ὄργανον
3574 2319 3801 2387 λέγετε,

2202 2417 2408 2485 ἄψυχον
2437 2414 2597 2468 τοῦτο
2624 2414 2900 2483 είσάγετε,
2928 2416 3023 2466 καὶ
3062 2412 3168 2481 ἰδίᾳ
3197 2411 3451 2482 ἑστηκὸς,
3482 2410 3579 2463 καὶ
3620 2426 3804 2481 μεμε-

2206 2505 2481 2576 ρισμένον,
2508 2505 2607 2557 καὶ
2626 2506 2728 2558 οὐκ
2750 2506 2838 2557 ἀεὶ
2866 2501 3214 2569 κινούμενον,
3246 2501 3360 2554 ἀλλ’
3407 2502 3498 2554 ὅτε
3517 2500 3597 2569 τῷ
3633 2504 3802 2571 ἔργοιο

2202 2597 2415 2667 ζομένῳ
2445 2596 2588 2663 δόξει
2634 2596 2792 2649 τοῦτο
2828 2595 2968 2666 μετὰ
3014 2597 3200 2664 χεῖρας
3238 2594 3441 2659 λαϐεῖν,
3479 2594 3584 2647 καὶ
3621 2594 3801 2662 tam.

2202 2688 2422 2755 σασθαι,
2481 2688 2578 2742 καὶ
2630 2688 2889 2757 λοιπὸνῆ
2949 2685 3252 2756 Νεστορίου
3296 2684 3392 2740 τοῦ
3428 2684 3799 2755 παράφρονας

2200 2780 2513 2851 ⁶ιῖύμφρονες
2539 2777 2891 2849 δειχθήσεσθε
2939 2776 3306 2847 διαιροῦντος,
3352 2775 3447 2829 καὶ
3474 2776 3800 2836 διίστῶντος

2198 2872 2297 2934 τὰς
2331 2874 2412 2934 είς
2452 2871 2581 2941 μίαν
2627 2869 3011 2939 ὑπόστασιν,ἢ
3048 2870 3146 2924 καὶ
3185 2868 3245 2921 ἓν
3282 2867 3599 2939 ,πρόσωπον
3658 2869 3802 2935 Χρι-

2201 2962 2330 3016 στοῦ
2360 2961 2456 3016 τοῦ
2486 2961 2625 3016 Θεοῦ
2648 2960 2743 3015 δύο
2770 2961 2983 3032 φύσεις,
3013 2962 3047 3032 ἢ
3092 2961 3505 3031 ’Δπολλιναρίου
3538 2960 3637 3015 τοῦ
3668 2962 3800 3015 ἁσεν

508 3055 698 3111 stasim
732 3055 845 3109 sive
875 3068 1160 3123 personam
1192 3061 1605 3107 concurrentes.
1642 3052 1752 3105 Aut
1773 3065 1896 3105 esse
1926 3051 2086 3121 impii

2208 3052 2321 3116 Βοῦς
2352 3052 2632 3122 (pou-qui,
2666 3051 2880 3123 ἄψυχον
2902 3055 2996 3106 καὶ
3022 3052 3088 3107 ἄν
3114 3051 3211 3105 οὐν
3239 3051 3302 3106 τὸ
3327 3052 3494 3123 σῶμα
3515 3052 3613 3107 τοῦ
3656 3053 3793 3124 Χρι-

510 3146 834 3216 Apollinarii
890 3144 1203 3211 discipulos,
1256 3144 1460 3198 Christi
1525 3157 1725 3208 corpus
1780 3144 1976 3197 anima:
2020 3158 2087 3199 ac

510 3239 704 3292 mentis
758 3251 953 3306 expers
987 3236 1304 3290 asserentis.

532 3347 670 3404 Item
701 3349 948 3402 adversus
981 3344 1382 3412 Mauotheletas,
1414 3346 1747 3404 Damasceui.
1770 3347 1913 3417 Cap.
1948 3348 2041 3403 77.

588 3537 721 3593 Duce
747 3540 799 3591 iu
827 3537 1038 3591 Christo
1066 3538 1360 3594 voluntates
1389 3548 1438 3594 et
1471 3539 1821 3608 operationes.
1844 3569 1915 3580 —
1934 3537 2101 3593 Eum-

518 3625 639 3681 deut
673 3642 837 3696 porro
865 3625 1161 3680 Dominum
1194 3636 1443 3682 nostrum
1481 3627 1667 3685 Jesum
1708 3629 2013 3695 Christum,
2048 3635 2103 3683 et

520 3719 828 3790 perfectum
888 3718 1087 3785 Deum,
1129 3730 1184 3773 ct
1227 3719 1531 3790 perfectum
1574 3721 1856 3776 hominem
1906 3721 2103 3791 pracdi-

520 3820 728 3875 cantes,
773 3811 877 3865 hoc
914 3809 1256 3880 proﬁtemur,
1290 3811 1544 3867 eumdem
1575 3824 1629 3867 et
1653 3813 1840 3866 omnia
1877 3813 2100 3880 habere,

521 3917 645 3973 qua:
674 3902 837 3958 Pater
875 3903 1062 3970 habet,
1120 3912 1348 3974 excepta
1387 3904 1614 3973 ingeniti
1644 3908 2021 3974 proprietate;
2049 3913 2105 3959 et

521 3996 707 4052 omnia
766 3997 918 4061 item,
967 4012 1089 4069 quae
1131 3997 1345 4070 primus
1382 3998 1582 4060 Adam,
1633 4008 1862 4067 excepto
1921 3998 2102 4053 solum

523 4094 791 4157 peccato,
851 4086 959 4143 hoc
1020 4094 1125 4154 est,
1178 4101 1385 4157 corpus
1417 4096 1471 4142 et
1502 4088 1744 4141 animam
1796 4087 2011 4141 ratione
2051 4093 2106 4141 et

531 4178 895 4249 intelligentia
952 4180 1273 4249 praeditam:
1331 4180 1465 4249 quin
1501 4179 1704 4234 habere
1748 4180 1913 4234 etiam
1953 4194 2104 4245 eum,

2200 3143 2326 3199 στοῦ
2348 3144 2619 3214 λέγοντος.

2203 3348 2333 3403 Ἔτι
2393 3350 2545 3405 κατὰ
2592 3347 3033 3417 Μονοθελητῶν
3068 3348 3172 3402 τοῦ
3197 3346 3631 3418 Δαμασκηνοῦ.
3685 3349 3795 3400 Ks-

2778 3420 3041 3492 φάλαιον
3086 3418 3186 3479 οξ.

2263 3541 2482 3597 Τέλειον
2521 3540 2579 3595 δὲ
2625 3539 2758 3593 Θεὸν
2805 3536 3202 3607 ὁμολογοῦντες
3232 3537 3325 3591 τὸν
3358 3536 3523 3591 αὐτὸν
3568 3536 3783 3610 Κύριον

2196 3635 2353 3706 ἡμῶν
2391 3633 2601 3703 Ἰησοῦν
2642 3630 2898 3701 Χριστὸν,
2933 3630 3027 3683 καὶ
3070 3629 3281 3683 τέλειον
3322 3629 3636 3700 ἄνθρωπον,
3680 3648 3785 3700 φα-

2176 3726 2297 3797 -μὲν
2320 3726 2409 3779 τὸν
2435 3726 2597 3778 αὑτὸν
2634 3723 2811 3777 πάντα
2848 3722 2996 3791 ἔχειν
3041 3723 3142 3774 ὅσα
3168 3723 3196 3774 6
3232 3722 3444 3791 Πατὴρ,
3491 3721 3635 3791 πλὴν
3681 3721 3786 3790 τῆς

2194 3817 2554 3887 ἀγεννησίαςσ
2587 3815 2680 3869 καὶ
2706 3816 2884 3868 πάντα
2919 3812 3062 3883 ἔχειν
3086 3813 3186 3865 ὅσα
3217 3814 3245 3865 6
3284 3812 3455 3881 Ἀδὰμ
3482 3814 3510 3865 6
3537 3812 3781 3883 πρῶτος,

2195 3909 2319 3979 δίχα
2366 3908 2534 3979 μόνης
2582 3908 2680 3977 τῆς
2734 3906 3043 3977 ἁμαρτίας*
3093 3905 3251 3959 ἅτινά
3304 3906 3419 3956 ἐστι
3482 3903 3646 3974 σῶμα
3691 3905 3787 3957 καὶ

2194 4000 2340 4071 ψυχὴ
2367 3999 2559 4070 λογική
2595 4016 2655 4052 τε
2692 3999 2786 4054 καὶ
2813 3997 2982 4070 νοερά
3056 3997 3200 4068 ἔχειν
3229 3997 3285 4051 δὲ
3317 3996 3483 4051 αὑτὸν
3507 3998 3787 4067 καταλλή-

2197 4088 2306 4150 λως
2339 4091 2457 4151 ταῖς
2486 4087 2578 4141 δύο
2613 4087 2831 4155 φύσεσι,
2860 4086 3029 4140 διπλᾶ
3064 4087 3133 4140 τὰ
3166 4086 3274 4138 τῶν
3304 4084 3398 4139 δύο
3425 4085 3651 4153 φύσεων
3682 4104 3786 4156 cpu-

2200 4180 2330 4234 σικά
2353 4195 2366 4209 ’
2417 4180 2511 4234 δύο
2544 4179 2791 4250 Θελήσεις
2818 4178 3075 4248 φυσικὰς,
3117 4179 3215 4248 τήν
3253 4194 3311 4230 τε
3360 4177 3513 4230 Θείαν
3545 4179 3644 4231 καὶ
3688 4177 3788 4248 τὴν

526 4270 607 4324 uti
675 4270 891 4326 duabus
951 4273 1168 4327 naturis
1217 4279 1649 4326 consentaneum
1702 4280 1810 4336 est,
1858 4270 2101 4341 duplices

2208 4273 2580 4344 ἀνθρωπίνην,
2627 4272 2722 4324 καὶ
2766 4270 3049 4341 ἐνεργείας
3076 4269 3170 4323 δύο
3215 4270 3477 4339 φυσικὰς,
3527 4269 3684 4323 Θείαν
3730 4286 3787 4323 τε

524 4366 847 4414 naturarum
905 4362 1141 4416 duarum
1198 4365 1480 4419 naturales
1550 4365 1956 4433 proprietates;
2003 4365 2101 4418 hoc

2208 4338 2693 4434 καὶ-ἀνθρωπίνην,
2736 4363 2832 4415 καὶ
2860 4338 3193 4426 ἀὐτεξούσια
3232 4338 3329 4412 δύο
3369 4358 3605 4427 φυσικὰ,
3643 4359 3787 4413 Θείόν

525 4461 629 4517 est,
666 4450 805 4506 duas
842 4453 1125 4507 naturales
1156 4455 1528 4523 operationes,
1559 4456 1800 4509 divinam
1829 4463 1881 4509 et
1920 4455 2106 4510 huma-

526 4558 692 4611 nam;
727 4543 867 4599 duas
925 4546 1212 4601 naturales
1255 4547 1472 4601 arbitrii
1525 4548 1828 4614 libertates,
1862 4548 2107 4602 divinam

527 4645 581 4691 et
615 4637 913 4691 humanam
946 4655 959 4691 :
995 4651 1058 4691 ac
1087 4636 1327 4707 denique
1370 4639 1695 4708 sapientiam
1723 4645 1779 4693 et
1814 4638 2106 4693 scientiam

528 4724 827 4792 duplicem,
867 4722 1111 4778 divinam
1149 4734 1203 4779 et
1251 4726 1569 4780 humanam.
1615 4725 1750 4781 Nam
1795 4742 1919 4781 cum
1960 4727 2110 4796 ejus-

2198 4472 2255 4508 τε
2286 4458 2379 4509 καὶ
2405 4454 2771 4525 ἀνθρώπινον,
2801 4454 2895 4506 καὶ
2920 4454 3115 4521 σοφίαν
3146 4470 3206 4505 τε
3248 4452 3343 4505 καὶ
3372 4451 3602 4519 γνῶσιν,
3636 4450 3787 4503 Θείαν

2202 4564 2261 4601 τε
2294 4547 2387 4600 καὶ
2416 4546 2785 4617 ἀνθρωπίνην.
2820 4545 3140 4610 Ὀμοούσιος
3168 4544 3276 4615 γὰρ
3314 4542 3388 4595 ὦν
3414 4542 3494 4612 τῷ
3528 4543 3651 4613 Θεῷ
3693 4544 3788 4595 καὶ

2202 4638 2413 4709 Πατρὶ,
2468 4636 2835 4701 αὐτεξουσίως
2880 4634 3023 4689 Θέλει
3077 4636 3171 4689 καὶ
3236 4636 3452 4705 ἐνεργεί
3503 4635 3581 4698 ὡς
3631 4634 3784 4697 Θεός.

2213 4728 2532 4799 Ὀμοούσιος
2570 4728 2626 4782 δὲ
2673 4726 2748 4781 ὢν
2783 4727 2878 4780 καὶ
2913 4729 3066 4798 ἡμῖν,
3098 4727 3465 4794 αὐτεξουσίως
3503 4727 3657 4780 θέλει
3695 4727 3787 4780 καὶ

533 4814 654 4869 dem
704 4830 767 4869 ac
798 4815 965 4872 Pater
1016 4817 1347 4872 substantia:
1391 4820 1489 4880 sit,
1542 4818 1710 4872 libere
1754 4820 1868 4872 vult
1911 4829 1965 4873 et
1996 4820 2101 4889 agit

2208 4820 2419 4891 ἐνεργεῖ
2458 4820 2533 4883 ὡς
2580 4817 2869 4890 ἄνθρωπος
2905 4819 2933 4870 6
2972 4819 3157 4880 αὑτός.
3188 4817 3361 4871 Αὑτοῦ
3392 4818 3503 4890 γὰρ
3544 4818 3617 4871 τὰ
3654 4818 3784 4870 θαύ-

533 4918 591 4960 υι
624 4906 813 4964 Deus:
864 4925 1062 4965 rursus
1088 4926 1214 4965 cum
1264 4910 1755 4965 consubstantialis
1799 4913 1872 4967 sit
1917 4912 2099 4972 nobis.

2206 4926 2373 4973 ματα,
2406 4907 2573 4962 αὑτοῦ
2599 4907 2695 4960 καὶ
2724 4905 2794 4959 τὰ
2820 4904 3144 4974 παθήματα.

532 4999 855 5058 libere'item
886 4998 1000 5053 vult
1027 5008 1081 5053 et
1107 4999 1237 5067 agit,
1265 5005 1325 5052 ut
1354 4999 1539 5053 homo.
1571 4996 1748 5066 Ipsius
1778 4997 1924 5052 enim
1960 4989 2225 5049 miracula
2251 5003 2399 5059 sunt,
2435 4994 2605 5062 ipsius
2633 5007 2853 5062 quoque
2883 4992 3187 5062 passiones.

1022 5093 1302 5164 Ejusdem.
1340 5091 1514 5163 Caput
1546 5092 1632 5147 78.

597 5186 859 5261 Totuplea:
883 5188 1127 5243 voluntas
1154 5196 1201 5241 et
1242 5194 1411 5254 actus,
1464 5182 1751 5257 quotuplcm
1779 5186 2101 5253 substantia,

520 5309 593 5323 ——
617 5279 886 5348 Quoniam
914 5281 1081 5351 igitur
1108 5279 1230 5334 dua:
1260 5278 1463 5334 Christi
1497 5291 1705 5333 naturae
1754 5288 1905 5342 sunt,
1964 5278 2101 5333 duas

524 5373 755 5444 proinde
788 5373 908 5445 ejus
939 5373 1218 5429 naturales
1241 5371 1555 5426 voluntates
1571 5380 1626 5426 et
1657 5370 1794 5425 duas
1813 5369 2103 5426 naturales

526 5465 880 5536 operationes
909 5464 1165 5520 dicimus.
1199 5463 1338 5531 Quia
1385 5477 1516 5517 vero
1546 5477 1655 5516 una
1677 5461 1911 5539 duarum
1940 5470 2101 5514 natu-

524 5574 710 5615 rarum
748 5560 922 5631 ipsius
950 5568 1035 5615 est
1094 5558 1427 5631 hypostasis,
1494 5571 1662 5610 unum
1722 5564 1777 5609 et
1837 5554 2095 5609 eumdem

525 5663 649 5705 esse
674 5652 910 5708 dicimus
936 5651 1227 5724 qui,juxta
1290 5667 1382 5707 eas
1447 5659 1693 5714 naturas,
1759 5664 1825 5703 ex
1879 5648 2098 5716 quibus,

526 5749 583 5797 et
612 5740 667 5796 iu
694 5743 913 5816 quibus,
948 5754 1001 5801 et
1048 5760 1168 5815 quae
1224 5756 1307 5800 cst
1372 5744 1626 5800 Christus
1684 5743 1826 5797 Deus
1885 5749 2097 5809 noster,

2572 5091 2683 5145 Τοῦ
2710 5089 2919 5145 αὐτοῦ.
2949 5086 3293 5157 Κεφάλαιον
3320 5092 3429 5155 οη’.

2295 5185 2516 5253 Ἐπειδὴ
2555 5185 2654 5254 μὲν
2684 5180 2778 5238 οῦν
2806 5181 2900 5236 δύο
2932 5180 3125 5251 φύσεις
3150 5180 3245 5234 τοῦ
3277 5180 3543 5251 Χριστοῦ,
3581 5180 3679 5236 δύο
3702 5181 3791 5236 αὖ·

2209 5280 2304 5333 τοῦ
2345 5280 2441 5333 καὶ
2460 5279 2529 5332 τὰ
2559 5276 2766 5347 φυσικὰ
2788 5275 3094 5345 Θελήματα,
3128 5275 3223 5329 καὶ
3246 5274 3345 5337 τὰς
3372 5276 3618 5344 φυσικὰς
3648 5278 3789 5345 ἐνερ-

2210 5372 2367 5439 γείας
2395 5371 2594 5441 φαμέν.
2638 5368 2861 5440 Ἐπειδὴ
2892 5369 2956 5437 δὴ
2991 5368 3090 5438 μία
3112 5368 3219 5422 τῶν
3248 5367 3342 5421 δύο
3372 5366 3597 5435 φύσεων
3625 5366 3783 5421 αὐτοῦ

2212 5463 2245 5533 ἡ
2282 5462 2603 5526 ὑπόστασις,
2641 5458 2740 5513 ἕνα
2776 5462 2874 5513 καὶ
2912 5458 3003 5513 τδν
3043 5458 3207 5511 αὐτόν
3250 5475 3434 5528 φαμεν
3466 5457 3702 5511 Θέλοντά
3726 5474 3779 5509 τε

2213 5556 2306 5609 καὶ
2337 5554 2663 5623 ἐνεργοῦντα
2698 5552 2945 5621 φυσικῶς
2973 5550 3095 5604 κατ’
3128 5551 3298 5620 ἄμφω
3331 5549 3427 5613 τὰς
3466 5551 3685 5615 φύσεις,
3730 5548 3782 5611 ἐξ

2213 5647 2308 5709 ὧν,
2339 5648 2432 5701 καὶ
2457 5648 2514 5699 ἐν
2549 5640 2656 5709 αἷς,
2681 5646 2774 5699 καὶ
2796 5645 2942 5714 ἆπερ
2976 5644 3092 5696 ἐστὶ
3127 5642 3364 5712 Χριστὸς
3389 5643 3416 5693 6
3440 5642 3577 5706 Θεὸς
3608 5644 3773 5710 ἡμῶν

2217 5742 2392 5796 θέλειν
2426 5741 2478 5794 δὲ
2504 5740 2596 5793 καὶ
2624 5740 2889 5811 ἐνεργεῖν,
2929 5736 2989 5791 ού
3018 5735 3385 5807 διῃρημένως,
3426 5733 3541 5788 ἀλλ’
3578 5732 3785 5803 ἠνωμὲο
