4020 6214
334 299 475 368 11ῗ9

1281 304 1659 366 ΡΛΝΟΡΙᾸΑ
1683 307 2141 370 ΒΟΟΜᾹΤῘΟΑ.
2165 333 2238 348 -·
2271 311 2421 372 TlT.
2464 309 2622 374 XXI.

3449 307 3584 375 1159

330 469 438 513 νως
459 467 472 479 ·
499 447 645 502 θέλει
677 447 788 519 γὰρ
816 447 908 500 καὶ
935 451 1148 519 ἐνεργεῖ
1189 448 1246 500 ἐν
1275 447 1516 521 ἑκατέρᾳ
1559 453 1739 521 μορφῇ
1777 451 1910 520 μετά

2015 456 2340 510 naturaliter
2381 454 2510 509 velit
2547 462 2603 509 et
2633 462 2754 525 agat
2784 473 2798 521 ;
2826 470 2948 511 eum
2977 465 3156 511 autem
3192 457 3415 527 insuper
3447 463 3580 515 velle

330 546 428 613 τῆς
453 539 683 610 Θατέρου
712 540 1014 602 κοινωνίας.
1039 534 1137 592 Ὧν
1161 538 1267 610 γὰρ
1294 540 1325 610 ἡ
1358 539 1514 592 οὐσία
1536 542 1568 608 ἡ
1604 541 1761 609 αὑτὴ,
1790 541 1912 592 τού-

329 649 440 683 των
470 631 564 683 καὶ
595 630 627 698 ἡ
651 628 868 697 θέλησις
897 629 990 681 καὶ
1018 630 1049 696 ἡ
1083 627 1331 699 ἐνέργεια
1361 630 1395 699 ἡ
1429 630 1566 700 αὐτή
1585 645 1598 657 ⁸
1619 623 1693 681 ὧν
1716 629 1771 681 δὲ
1800 630 1912 682 διὰ-

333 739 498 792 ςρορος
529 722 561 791 ἡ
592 719 769 780 οὐσία,
803 719 1007 773 τούτων
1044 719 1300 789 διάφορος
1323 720 1416 772 καὶ
1448 720 1480 788 ἡ
1517 718 1732 789 θέλησις
1764 719 1853 770 καὶ
1879 721 1907 788 ἡ

334 813 613 880 ἐνέργεια·
647 811 741 864 καὶ
769 809 829 862 τὸ
857 810 1145 873 ἀνάπαλιν,
1169 803 1243 862 ὧν
1271 813 1301 879 ἡ
1338 809 1556 880 Θέλησις
1586 810 1680 861 καὶ
1711 810 1742 880 ή
1766 810 1914 879 ἐνέρ⁶

331 920 457 971 γεια
487 905 519 973 ἡ
548 901 708 971 αὑτὴ,
743 901 947 954 τούτων
979 902 1070 954 καὶ
1099 901 1310 971 ἡούσία
1335 904 1367 970 ἡ
1398 901 1537 972 αὐτή
1560 916 1574 929 ο
1609 897 1682 953 ὧν
1713 902 1770 954 δὲ
1793 901 1910 954 διά-

333 1010 499 1064 φορος
532 995 566 1065 ἡ
593 991 810 1064 Θέλησις
835 993 928 1046 καὶ
971 994 1005 1063 ἡ
1035 993 1306 1064 ἐνέργεια,
1340 993 1544 1046 τούτων
1572 993 1665 1046 καὶ
1699 993 1731 1064 ἠ
1757 993 1912 1045 οὐσία

333 1085 606 1156 διάφορος.

404 1355 495 1410 Διδ
522 1354 588 1426 δὴ
620 1353 713 1407 ἐπὶ
753 1353 852 1422 μὲν
888 1353 1099 1424 Πατρὸς
1135 1354 1227 1406 καὶ
1265 1354 1397 1408 Υἱοῦ
1428 1356 1521 1410 καὶ
1553 1357 1710 1425 ἁγίου
1739 1360 1906 1414 Πνεύ-

336 1465 528 1520 ματος,
561 1448 623 1500 ἐκ
654 1447 753 1514 τῆς
781 1445 1107 1514 ταυτότητος
1136 1445 1234 1516 τῆς
1275 1462 1333 1498 τε
1364 1447 1646 1518 ἐνεργείας
1695 1452 1788 1504 καὶ
1814 1451 1910 1507 τοῦ

333 1542 662 1612 θελήματος,
701 1539 801 1609 τὴν
830 1536 1132 1608 ταυτότητα
1158 1537 1258 1607 τῆς
1294 1539 1510 1606 φύσεως
1550 1542 1911 1611 ἐπιγινώσκο-

335 1651 458 1706 μεν.
503 1633 628 1685 Ἐπὶ
652 1630 709 1683 δὲ
742 1629 840 1700 τῆς
868 1629 1019 1692 Θείας
1046 1629 1380 1698 οἰκονομίας,
1420 1631 1484 1685 ἐκ
1519 1633 1620 1702 τῆς
1646 1634 1911 1706 διαφορᾶς

2009 555 2059 600 et
2089 560 2267 615 agere,
2299 561 2406 599 non
2426 545 2620 611 divise,
2648 547 2740 599 sed
2774 547 3067 610 coniuncte
3101 547 3355 602 dicimus.
3391 567 3408 598 ι
3455 548 3580 603 Vult

2008 636 2160 690 enim
2193 647 2243 690 et
2278 641 2387 707 agit
2421 637 2474 690 in
2503 647 2732 705 utraque
2778 636 2972 702 forma,
3025 653 3148 692 cum
3182 640 3408 696 alterius
3431 655 3580 695 cum-

2013 730 2290 781 munione.
2339 747 2356 779 ι
2487 726 2728 790 Quorum
2751 730 2894 781 enim
2935 729 3120 783 eadem
3146 733 3446 786 substantia
3476 724 3580 797 est,

2012 834 2198 872 eorum
2248 835 2466 888 quoque
2498 820 2687 873 eadem
2731 821 2982 874 voluntas
3005 831 3059 875 et
3094 826 3236 876 actio
3265 825 3579 892 sitinecesse
3614 841 3618 846 '

2009 918 2088 964 est
2117 924 2377 978 :quorutn
2399 918 2576 961 autem
2599 909 2814 963 diversa
2835 918 2940 971 est,
2964 912 3157 963 horum
3177 911 3340 965 etiam
3365 903 3579 969 diversa
3626 930 3628 932 '

2011 1001 2266 1054 voluntas
2311 1008 2366 1053 et
2409 999 2552 1053 actio
2581 1001 2670 1063 sit,
2720 1006 2952 1067 oportet.
3037 998 3101 1051 Et
3135 1011 3324 1053 contra
3348 1017 3578 1069 quorum

2012 1094 2265 1146 voluntas
2294 1101 2347 1146 et
2378 1092 2520 1145 actio
2542 1090 2729 1146 eadem
2763 1099 2864 1155 est,
2898 1105 3087 1144 eorum
3147 1093 3335 1146 eadem
3367 1074 3582 1163 quoque

2011 1183 2443 1250 substantia,es_t
2470 1200 2483 1236 :
2521 1195 2757 1250 quorum
2790 1192 2970 1234 autem
3003 1181 3194 1250 dispar
3243 1183 3498 1252 voluntas
3527 1191 3581 1238 ct

2011 1275 2175 1339 actio,
2231 1275 2427 1329 horum
2489 1275 2652 1328 etiarn
2689 1273 2877 1341 dispar
2923 1282 3007 1329 est
3058 1273 3388 1328 substantia.

2083 1364 2352 1432 Quocirca
2447 1365 2499 1418 in
2533 1364 2690 1418 Patre
2715 1362 2936 1433 quidem
2991 1371 3044 1416 et
3075 1363 3233 1429 Filio,
3271 1375 3322 1420 et
3375 1365 3579 1434 Spiritu

2011 1467 2222 1522 sancto,
2249 1457 2376 1527 quia
2410 1456 2597 1511 eadem
2632 1456 2887 1510 voluntas
2917 1462 3078 1525 atque
3100 1455 3244 1509 actio
3297 1466 3402 1522 est,
3433 1473 3582 1511 cant-

2010 1549 2130 1604 dem
2155 1563 2374 1619 quoque
2405 1554 2658 1602 naturam
2700 1562 2824 1602 esse
2862 1548 3239 1615 agnoscimus...
3274 1549 3342 1600 At
3396 1547 3451 1602 in
3498 1545 3581 1602 di-

2009 1641 2135 1695 vina
2172 1641 2548 1694 incarnatione
2573 1653 2637 1692 ex
2671 1638 2947 1693 aetionunt
2981 1646 3036 1691 et
3078 1638 3417 1692 voluntatum
3465 1639 3580 1694 dis-

333 1726 440 1780 τῶν
469 1721 780 1794 ἐνεργειῶν,
807 1721 902 1774 καὶ
933 1719 1040 1774 τῶν
1063 1718 1405 1791 Θελημάτων,
1432 1723 1524 1775 καὶ
1546 1723 1643 1796 τὴν
1675 1727 1784 1778 τῶν
1809 1727 1905 1796 φύν

2012 1731 2243 1784 crimine
2273 1740 2594 1782 naturarum
2624 1743 2840 1796 quoque
2872 1725 3170 1780 discrimen
3205 1718 3576 1800 agnoscimus,

332 1835 474 1872 ostuv
505 1813 770 1885 διαφορὰν
819 1812 1272 1883 ἐπιγινώσκομεν,
1305 1813 1402 1866 καὶ
1425 1813 1526 1886 τὴν
1546 1815 1654 1869 τῶν
1690 1817 1908 1886 φύσεων

329 1906 596 1975 διαφορὰν
626 1903 829 1966 εἰδότες
861 1901 1355 1973 συνομολογοῦμεν.
1394 1903 1488 1956 καὶ
1525 1904 1586 1957 τὸ
1610 1906 1718 1960 τῶν
1752 1908 1908 1980 θελη-

333 1997 524 2066 μάτων
559 1993 655 2048 καὶ
689 1991 977 2063 ἐνεργειῶν
1008 1991 1280 2062 διάφορον.
1313 1991 1526 2065 Ὠσπερ
1557 1995 1664 2068 γὰρ
1684 1997 1792 2052 τῶν
1815 1998 1908 2053 τοῦ

331 2085 500 2138 αὑτοῦ
530 2083 625 2137 καὶ
658 2084 773 2147 ἐνὸς
803 2081 1041 2153 Χριστοῦ
1089 2082 1304 2151 φύσεων
1333 2085 1360 2136 ό
1390 2084 1640 2156 ἀριθμός,
1669 2090 1911 2155 εὐσεϐῶς

328 2175 621 2246 νοούμενός
648 2191 708 2227 τε
757 2173 851 2228 καὶ
872 2173 1184 2244 λεγόμενος,
1219 2175 1279 2226 οὐ
1306 2173 1505 2246 διαιρεί
1530 2177 1622 2230 τὸν
1645 2178 1740 2232 ἕνα
1776 2181 1911 2248 Χρι-

323 2260 475 2324 στὸν,
513 2262 656 2318 ἀλλὰ
699 2265 1040 2336 σωζομένην,
1071 2268 1166 2322 καὶ
1195 2269 1253 2321 ἐν
1292 2271 1358 2338 τῇ
1401 2267 1906 2340 ἐνὼσειπαρίστησι

320 2354 433 2407 τῶν
465 2355 686 2423 φύσεων
719 2358 820 2428 τὴν
850 2358 1140 2430 διαφορὰν,
1175 2359 1318 2414 οὕτω
1356 2361 1450 2413 καὶ
1477 2362 1504 2414 ό
1525 2360 1759 2429 ἀριθμὸς
1793 2360 1904 2411 τῶν

319 2444 598 2510 οὐσιωδῶς
631 2449 949 2517 προσόντων
977 2453 1094 2514 ταῖς
1119 2450 1286 2505 αὑτοῦ
1331 2451 1530 2520 φύσεσι
1577 2451 1706 2519 οελη
1718 2452 1901 2520 μάτων

321 2539 420 2591 καὶ
445 2539 764 2610 ἐνεργειῶνο
794 2542 921 2598 κατ’
949 2543 1246 2615 ἄμφωγὰρ
1263 2545 1360 2606 τὰς
1386 2544 1580 2614 φύσεις
1615 2545 1902 2612 Θελητικδς

317 2625 413 2702 ἦν,
444 2632 538 2685 καὶ
565 2633 922 2705 ἐνεργητικὸς
960 2636 1058 2705 τῆς
1081 2635 1239 2706 ἡμῶν
1270 2635 1570 2707 σωτηρίαςο
1600 2635 1662 2687 ού
1695 2635 1900 2706 διαίρε-

323 2740 413 2777 σιν
441 2722 676 2795 εῑσάγειο
714 2725 791 2796 μὴ
822 2726 1056 2794 γένοιτο’
1080 2726 1220 2781 ἀλλά
1250 2727 1347 2798 τὴν
1387 2727 1566 2780 αὐτῶν
1593 2726 1765 2798 δηλοῖ,
1808 2725 1906 2780 καὶ

326 2816 510 2887 μόνον,
543 2817 646 2872 κάν
672 2820 738 2888 τῇ
767 2818 981 2882 ἐνώσει,
1013 2818 1262 2889 φυλακὴν
1289 2817 1386 2874 καὶ
1415 2818 1713 2887 σωτηρίαν.
1741 2819 1904 2871 Φυσι-

322 2908 399 2961 κὰ
432 2908 562 2978 γὰρ,
589 2909 687 2964 καλ⁵
705 2909 804 2980 οὐχ
839 2909 1182 2963 ὑποστατικὰ
1199 2926 1380 2980 φαμεν
1407 2910 1475 2963 τὰ
1501 2909 1783 2980 θελήματα
1807 2911 1904 2964 καὶ

321 2997 427 3062 τὰς
473 2998 781 3067 ἐνεργείας.
830 3000 985 3068 Λέγω
1030 3000 1087 3054 δὲ
1122 2998 1293 3067 αὐτὴν
1328 2999 1429 3071 τὴν
1488 2999 1780 3070 θελητικὴν
1813 2999 1906 3052 καὶ

324 3090 689 3162 ἐνεργητικὴν
711 3090 964 3163 δύναμιν,
986 3091 1107 3145 καθ’
1129 3093 1196 3160 ἢν
1228 3091 1372 3145 θέλει
1402 3091 1731 3162 καὶένεργεϊ
1759 3091 1828 3144 τά
1843 3107 1902 3143 τε

2013 1836 2077 1876 ac
2101 1830 2424 1876 naturarum
2456 1819 2751 1872 discrimen
2785 1817 3128 1885 exploratum
3173 1815 3455 1878 habentes,
3490 1831 3600 1874 vo-,

2011 1911 2280 1967 luntatum
2307 1911 2470 1964 etiam
2510 1916 2564 1963 et
2591 1908 2867 1962 actionum
2912 1905 3209 1960 discrimen
3229 1895 3578 1961 conﬁtemur.

2011 1999 2483 2070 Quemadmodum
2508 1999 2656 2054 enim
2688 1998 2853 2052 unius
2901 2007 2954 2051 et
2980 1996 3220 2065 ejusdem
3250 1995 3452 2052 Christi
3480 2011 3580 2051 na-

2009 2103 2565 2154 turarumnumerus,
2600 2089 2645 2143 si
2682 2090 2768 2159 pie
2807 2087 3143 2156 intelligatur
3160 2096 3213 2141 et
3235 2087 3577 2157 praedicetur,

2010 2195 2180 2234 unum
2217 2179 2496 2235 Christum
2531 2191 2876 2247 nequaquam
2916 2175 3151 2243 dividit;
3208 2192 3394 2231 verum
3429 2176 3584 2230 inco-

2014 2267 2217 2320 lumem
2246 2268 2411 2321 etiam
2441 2267 2493 2320 in
2531 2268 2734 2321 unione
2780 2265 3145 2321 diﬂ‘erentiam
3179 2263 3418 2320 ostendit
3447 2282 3461 2319 :
3511 2264 3585 2321 ita

2011 2370 2200 2409 earum
2225 2357 2568 2410 voluntatum
2593 2363 2649 2411 et
2675 2355 2954 2410 actionum
2991 2368 3273 2416 numerus,
3306 2369 3427 2422 qua:
3453 2354 3582 2408 sub-

2009 2447 2339 2502 stantiaiiter
2365 2449 2497 2518 ipsis
2547 2449 2762 2503 naturis
2827 2447 3164 2502 conveniunt
3224 2446 3448 2516 (etenim
3499 2461 3586 2500 se-

2011 2539 2251 2594 cundum
2315 2551 2604 2611 utramque
2637 2539 2992 2594 naturamita
3056 2547 3410 2609 comparatus
3462 2547 3580 2592 erat

2013 2643 2073 2686 ut
2113 2633 2276 2688 vellet
2300 2622 2358 2688 ct
2383 2631 2752 2702 operaretur),
2806 2631 3132 2687 divisionem
3198 2645 3306 2685 non
3372 2629 3585 2682 inducit

2013 2724 2265 2795 (absit),
2315 2724 2409 2780 sed
2457 2740 2647 2780 earum
2700 2723 2967 2778 duntaxat
3049 2721 3214 2777 etiam
3264 2721 3319 2775 in
3375 2719 3581 2774 unione

2011 2815 2486 2869 conservationem
2509 2822 2564 2869 et
2598 2812 3030 2869 incolumitatem
3055 2809 3261 2887 prodit.
3293 2811 3582 2870 Naturales

2013 2904 2286 2975 siquidem
2321 2919 2464 2970 esse,
2493 2919 2556 2960 ac
2613 2919 2721 2960 non
2775 2907 3108 2980 personales,
3165 2907 3477 2961 voluntates
3535 2912 3590 2957 et

2013 2998 2260 3053 actiones
2290 2998 2564 3072 dicimus;
2599 3003 2701 3057 hoc
2739 3012 2824 3058 est
2873 3003 2981 3056 vim
3041 3001 3211 3070 ipsam
3261 2997 3478 3052 volendi
3531 3006 3582 3051 et

2009 3090 2229 3160 agendi,
2258 3105 2357 3159 per
2377 3111 2541 3166 quam
2573 3095 2764 3149 volunt
2801 3103 2855 3148 et
2885 3101 3070 3162 agunt.
3097 3092 3153 3147 Si
3187 3091 3333 3144 enim
3395 3103 3583 3158 perso-

326 3180 556 3236 θέλοντα
583 3183 679 3236 καὶ
711 3183 1067 3254 ἐνεργοῦντα.
1113 3185 1311 3256 Εἰξγὰρ
1350 3184 1691 3238 ὑποστατικὰ
1723 3184 1905 3252 δῶμεν

2014 3182 2164 3240 nales
2191 3202 2314 3242 esse
2361 3187 2819 3250 concesserimus,
2878 3194 2992 3241 tres
3044 3193 3246 3240 sanctze
3302 3181 3586 3238 Trinitatis

326 3276 492 3341 αὐτὰ,
533 3276 873 3347 ἐτεροθελεῖς
899 3278 996 3331 καὶ⁵
1030 3278 1435 3347 ἐτεροενεργεῖς
1465 3279 1564 3340 τὰς
1601 3278 1748 3348 τρεῖς
1774 3276 1907 3329 ὑπο-

328 3366 548 3431 Otiosi;
575 3368 673 3438 τῆς
707 3369 1122 3441 ἀγίαςΤριάδος
1139 3371 1319 3424 εἰπεῖν
1346 3368 1902 3439 ἀναγκασθησόμεθα.

325 3459 478 3522 Μιᾶς
508 3459 618 3530 γὰρ
649 3459 1004 3526 ὑποστάσεως
1035 3463 1542 3534 χαρακτηριστικὸν
1571 3461 1630 3516 τὺ
1664 3462 1908 3520 ὑποστα-

323 3552 481 3604 τικόν
509 3568 566 3604 τε
591 3553 685 3607 καὶ
719 3553 1020 3622 γνωμικόν.

411 3641 614 3697 Ἰστέον
645 3642 756 3715 γὰρ
785 3644 861 3707 ὡς
882 3643 945 3697 οὐ
972 3643 1171 3697 ταύτόν
1204 3643 1343 3714 ἐστι,
1379 3645 1576 3712 θέλειν,
1639 3645 1736 3700 καὶ
1785 3646 1906 3710 πῶς

326 3729 528 3786 Θέλειν.
553 3733 614 3785 τὸ
647 3733 749 3803 μέν
783 3734 894 3805 γὰρ
929 3733 1126 3800 Θέλειν,
1160 3731 1401 3806 φύσεως,
1451 3736 1644 3806 ῶσπερ
1693 3737 1790 3789 καὶ
1847 3737 1908 3789 τὸ

325 3823 484 3893 όρᾷν·
519 3825 653 3878 πᾶσι
678 3825 787 3894 γὰρ
822 3824 1130 3894 ἀνδρὼιῐοις
1173 3830 1471 3900 πρόσεστιο
1499 3828 1637 3882 τὸδὲ
1678 3827 1794 3892 πῶς
1822 3827 1910 3881 Θέ-

325 3915 470 3981 λειν,
498 3916 560 3970 οὐ
586 3914 827 3984 φύσεως.
857 3915 998 3976 ἀλλὰ
1018 3921 1116 3992 τῆς
1137 3920 1417 3991 ἡμετέρας
1435 3916 1685 3988 γνώμης,
1720 3917 1870 3971 ῶσπε
1881 3936 1911 3989 ρ

327 4006 426 4061 καὶ
471 4005 534 4059 τὺ
559 4006 675 4071 πῶς
700 4009 855 4085 όρᾷν,
880 4013 1066 4075 καλῶς
1095 4011 1129 4084 ἢ
1187 4009 1395 4074 κακῶς.
1455 4010 1532 4064 Ού
1565 4010 1674 4080 γὰρ
1708 4010 1912 4072 πάντες

324 4099 613 4170 avom-mat
629 4107 832 4176 ὁμοίως
855 4105 1122 4171 Θέλουσιν,
1151 4103 1261 4158 οὐδ’
1279 4102 1482 4174 ὁμοίως
1507 4103 1699 4173 ὁρῶσι.
1737 4101 1910 4156 Τοῦτο

324 4188 387 4244 δδ
423 4197 520 4252 καὶ
536 4198 631 4251 ἐπὶ
658 4196 768 4251 τῶν
790 4196 1082 4268 ἐνεργειῶν
1112 4194 1379 4266 δώσομεν.
1414 4193 1487 4248 Τὸ
1531 4195 1638 4266 γὰρ
1673 4194 1789 4258 πῶς
1821 4193 1914 4247 θέ-

327 4289 468 4353 λειν,
507 4290 624 4354 πῶς
656 4291 810 4360 όρᾷν,
872 4289 906 4360 ἢ
938 4288 1056 4350 πῶς
1088 4288 1354 4358 ἐνεργεῖν,
1409 4287 1612 4360 τρόπος
1668 4289 1786 4340 ἐστὶ
1814 4288 1914 4356 τῆς

329 4378 429 4433 τοῦ
462 4378 659 4444 θέλειν,
687 4378 783 4432 καὶ
807 4378 962 4448 όρᾷν,
1009 4379 1104 4431 καὶ
1137 4379 1383 4447 ἐνεργεῖν
1445 4378 1723 4446 χρήσεως,
1766 4376 1912 4446 μόνῳ

330 4470 412 4540 τῷ
439 4471 768 4542 κεχρημένῳ
817 4470 1064 4539 προσὼν,
1097 4471 1192 4523 καὶ
1223 4469 1332 4521 τῶν
1355 4468 1534 4521 ἄλλων
1579 4469 1742 4523 αὑτὸν
1775 4471 1916 4522 κατὰ

329 4563 436 4634 τὴν
469 4563 667 4626 κοινῶς
696 4562 999 4633 λεγομένην
1023 4560 1286 4631 διαφορὰν
1317 4560 1592 4631 χωρίζων.

2011 3293 2277 3349 personas
2316 3279 2547 3334 diversa:
2573 3279 2728 3334 inter
2753 3291 2811 3333 se
2841 3277 3134 3331 voluntatis
3164 3284 3326 3343 atque
3354 3270 3589 3326 actionis

2007 3372 2322 3428 necessario
2344 3371 2611 3428 dicemus.
2647 3372 2824 3429 Unius
2865 3371 3008 3426 enim
3034 3381 3281 3439 personae
3315 3365 3585 3418 rationem

2007 3464 2258 3535 designat
2286 3463 2431 3534 quod
2462 3464 2747 3534 personaie
2778 3472 2832 3518 et
2864 3461 3176 3532 guomicum
3201 3467 3304 3514 est.

2086 3637 2154 3692 Ut
2187 3639 2430 3693 voluntas
2465 3655 2513 3693 et
2541 3643 2702 3704 actio,
2746 3650 2992 3706 nnturw;
3031 3646 3108 3693 sic
3165 3637 3287 3689 talis
3345 3634 3587 3688 voluntas

2011 3739 2168 3801 atque
2199 3733 2353 3797 artio,
2378 3748 2632 3800 persona.
2666 3763 2735 3773 —
2757 3732 3052 3787 Sciendum
3113 3731 3258 3784 enim
3313 3739 3417 3789 est,
3477 3741 3587 3780 non

2014 3820 2159 3876 idem
2178 3835 2299 3876 esse
2325 3822 2486 3887 velle,
2511 3833 2674 3890 atque
2705 3821 2809 3876 hoc
2832 3821 2912 3874 vel
2943 3820 3036 3873 illo
3064 3818 3226 3873 modo
3252 3817 3410 3870 velle.
3438 3815 3589 3869 Velle

2013 3911 2287 3982 siquidem
2322 3922 2534 3966 natura:
2571 3921 2674 3979 est,
2705 3919 2765 3966 ut
2792 3921 2846 3966 et
2879 3910 3085 3965 videre.
3118 3907 3388 3963 Omnibus
3441 3905 3590 3961 enim

2013 4003 2333 4060 hominibus
2360 4005 2466 4060 hoc
2491 4005 2768 4060 convenit.
2798 4001 2867 4057 At
2894 4011 3046 4058 certo
3073 4000 3236 4055 modo
3283 3999 3444 4061 velle,
3471 4013 3579 4051 non

2014 4107 2230 4155 natura:
2249 4106 2356 4160 est,
2386 4099 2480 4154 sed
2509 4096 2679 4153 nostri
2704 4096 2916 4152 consilii
2950 4105 3005 4150 ct
3025 4093 3310 4150 sententia!
3341 4108 3356 4147 :
3385 4106 3582 4161 quem-

2014 4191 2308 4245 admodum
2337 4199 2392 4246 et
2430 4200 2582 4246 certo
2609 4188 2772 4244 modo
2802 4188 3012 4255 videre,
3070 4188 3174 4241 hoc
3197 4196 3280 4240 est
3335 4186 3474 4240 bene
3511 4184 3591 4238 vel

2016 4285 2177 4341 male.
2203 4284 2322 4340 Non
2352 4284 2497 4339 enim
2526 4297 2716 4338 omnes
2751 4280 3002 4337 homines
3049 4279 3242 4335 eodem
3299 4279 3464 4332 modo
3494 4291 3583 4330 vo-

2017 4377 2156 4447 lunt,
2189 4393 2366 4447 neque
2397 4377 2591 4432 eodem
2630 4375 2797 4431 modo
2818 4374 3027 4430 vident.
3064 4371 3174 4428 Hoc
3203 4379 3386 4425 autem
3421 4371 3584 4426 etiam

2018 4473 2074 4526 in
2100 4469 2406 4526 actionibus
2468 4468 2854 4524 concedemus.
2890 4466 3026 4521 Nam
3054 4475 3206 4521 certo
3235 4465 3396 4519 modo
3427 4464 3586 4526 velle,

1938 4555 1991 4614 D
2017 4573 2168 4619 certo
2199 4561 2358 4616 modo
2381 4562 2596 4626 videre,
2621 4569 2772 4616 certo
2799 4560 2962 4614 modo
3021 4573 3203 4629 agere,
3256 4557 3454 4611 modus
3504 4565 3588 4608 est

332 4671 447 4728 quo
479 4659 604 4728 quis
631 4657 916 4713 voluntate
947 4657 1141 4721 utitur,
1175 4671 1388 4711 necnon
1423 4653 1647 4711 videndi
1679 4664 1843 4727 atque
1876 4659 2073 4729 agendi
2108 4659 2397 4728 facultate,
2440 4675 2562 4731 quae
2583 4657 2686 4714 soli
2718 4656 2894 4712 utenti
2922 4655 3096 4723 adest,
3125 4669 3360 4725 eumque
3389 4665 3588 4706 secun-

334 4750 469 4806 dum
503 4749 776 4806 rationem
802 4749 1130 4806 diﬂ‘erentia:
1155 4747 1535 4804 communiter
1557 4749 1718 4805 dicta:
1754 4749 1824 4803 ab
1847 4749 1974 4806 aliis
2004 4751 2268 4809 secernit.

786 4939 887 4995 Ἐκ
914 4936 1020 4992 τοῦ
1052 4934 1240 4990 αὑτοῦ
1272 4933 1482 5003 λόγου.

411 5037 477 5091 Et
509 5033 632 5090 κατ’
663 5031 848 5086 εἰκόνα
869 5031 968 5100 τῆς
991 5027 1270 5098 μακαρίας
1299 5027 1392 5079 καὶ
1423 5021 1757 5094 ὑπερουσῑου
1793 5018 1911 5072 θεόο

335 5144 502 5199 τητος
560 5127 590 5178 ό
623 5123 912 5194 ἄνθρωπος
962 5121 1281 5189 γεγένηται⁸
1338 5113 1690 5180 αὑτεξούσιος
1735 5109 1793 5163 δέ
1821 5107 1922 5178 φύ⁸

339 5239 428 5276 σει
469 5221 566 5275 καὶ⁹
618 5215 878 5286 θελητικὴ
909 5216 940 5283 ἠ
975 5213 1097 5266 θεία
1158 5210 1344 5280 φύσις,
1399 5208 1506 5278 ἄρα
1535 5205 1675 5259 καὶὸ
1711 5201 1924 5272 ἅνθρω-

339 5329 469 5376 πος,
523 5311 599 5374 ὡς
649 5307 820 5376 αὐτῆς
866 5304 1054 5370 εἰκὼν,
1113 5299 1463 5368 αὐτεξούσιος
1503 5297 1663 5368 φύσει
1696 5292 1924 5372 xeniis-

339 5405 586 5477 λητικός.
641 5401 716 5457 Τὸ
760 5402 870 5471 γὰρ
924 5396 1299 5460 αὐτεξούσιον,
1358 5391 1579 5461 ϐέλτισιν
1628 5387 1925 5457 ,ὡρίσαντο

351 5500 405 5552 οι
455 5499 594 5552 ιιατὲ
603 5512 718 5566 ρες.

422 5593 541 5645 Ἐτι
567 5591 625 5665 ᾷέ
656 5590 704 5643 εἰ
740 5588 907 5642 πᾶσιν
930 5579 1244 5653 ἀνθρώποις
1283 5575 1582 5646 ἐνυπάρχει
1630 5571 1691 5624 τὸ
1725 5568 1926 5665 Οελειν,

351 5686 449 5740 καὶ
475 5686 536 5738 ού
565 5662 680 5745 τοῖς
712 5682 812 5751 μὲν
843 5678 1164 5745 ἐνυπάρχει,
1205 5673 1320 5733 τοῖς
1352 5671 1425 5737 ,δὲ
1467 5669 1565 5721 οὐκ
1600 5662 1924 5732 ἐνυπάρχειο

354 5797 415 5838 το
434 5780 491 5834 δὲ
529 5775 724 5840 κοινῶς
763 5775 930 5828 πᾶσιν
959 5765 1419 5839 ἐνθεωρούμενον,
1456 5760 1620 5835 φύσιν
1650 5771 1930 5830 χαρακτη-

2553 4925 2634 4980 Ex
2660 4924 2836 4980 cadent
2866 4927 3055 4993 capite.

2093 5019 2148 5075 Si
2181 5020 2246 5074 ad
2275 5019 2446 5074 beatae
2472 5027 2529 5074 et
2573 5011 3046 5086 superessentialis
3089 5003 3394 5064 divinitatis
3459 5003 3597 5058 ima-

2023 5112 2206 5183 ginem
2264 5111 2517 5166 conditus
2570 5119 2656 5164 est
2707 5107 2891 5172 homo,
2952 5101 3198 5174 profectu
3245 5113 3370 5154 cum
3398 5103 3588 5150 natura

2024 5201 2208 5258 divina
2243 5199 2412 5255 libera
2445 5199 2535 5263 sit,
2565 5205 2622 5253 et
2650 5197 2850 5251 virtute
2901 5193 3115 5248 volendi
3144 5199 3336 5259 suapte
3399 5196 3593 5242 natura

2025 5291 2247 5363 polleat,
2273 5288 2437 5343 homo
2462 5301 2681 5357 quoque
2715 5285 2808 5357 qui
2843 5285 2963 5353 ejus
2998 5283 3195 5352 .imago
3243 5288 3348 5342 est,
3403 5277 3597 5332 iisdem

2028 5401 2060 5441 a
2086 5392 2279 5437 natura
2307 5379 2569 5451 praeditus
2611 5379 2739 5433 erit.
2787 5374 3001 5430 Etenim
3036 5373 3225 5429 Patres
3250 5370 3488 5425 liberum
3520 5382 3606 5421 ar-

2037 5475 2261 5532 bitrium
2300 5470 2636 5525 voluntatem
2665 5481 2787 5523 esse
2809 5463 3165 5520 deﬁnierunt.

2108 5565 2188 5620 Ad
2244 5563 2361 5617 hate
2429 5562 2674 5630 insuper,
2731 5559 2778 5613 si
2831 5555 3047 5612 cunctis
3100 5551 3420 5610 hominibus
3467 5549 3603 5604 velle

2041 5659 2204 5721 inest,
2232 5669 2297 5711 ac
2328 5669 2436 5710 non
2479 5661 2536 5707 ut
2569 5649 2897 5722 quibusdam
2934 5648 3082 5713 insit,
3134 5645 3462 5718 quibusdam
3495 5658 3602 5697 non

2043 5753 2200 5820 insit;
2230 5747 2423 5821 procul
2456 5744 2648 5814 dubio,
2682 5758 2806 5800 cum
2837 5743 2890 5798 id
2928 5741 3074 5813 quod
3124 5736 3490 5797 communiter
3552 5735 3608 5788 in
