4032 6210
372 968 389 1003 7
456 962 719 1029 evolandi
792 962 1044 1015 facultate
1098 964 1353 1029 praeditus
1410 972 1494 1015 est
1546 964 1710 1017 homo
1769 983 1782 1018 :

507 283 637 351 llbl

1736 290 2116 352 EUTllYMIl
2164 294 2517 355 Z!G.\BENI

3627 304 3788 367 115'!

503 404 763 458 omnibus
789 405 1190 471 consideratur,
1220 414 1428 461 natura:
1457 415 1641 461 notam
1716 405 1771 459 in
1796 388 2071 476 subjectis

2188 407 2327 477 ρίζει
2366 410 2421 461 ὲν
2450 411 2560 473 τοῖς
2590 407 2682 463 ὑπ’
2709 409 2840 464 αὐτὸ
2870 410 3111 483 ἀτόμοις·
3157 411 3266 481 ἄρα
3307 412 3471 481 φύσει
3532 413 3775 485 θελητιο

503 510 557 552 et
592 496 885 553 individuis
914 502 1202 569 exprimat,
1261 499 1426 555 homo
1482 499 1702 554 volendi
1756 497 2073 553 facultatem

505 591 689 646 habet.

530 712 539 713 ί
578 689 651 739 Ac
682 701 890 751 rursus,
936 685 980 739 si
1014 695 1204 739 natura
1241 700 1341 740 nec
1376 685 1567 755 magis,
1624 701 1726 741 nec
1771 686 1955 741 minus
1996 701 2079 740 re-

503 775 655 844 cipit,
686 791 815 831 Sane
849 793 970 831 cum
996 778 1251 832 omnibus
1269 794 1522 847 pCI'quUB
1541 780 1674 832 velle
1703 780 1853 843 insit,
1882 795 1942 833 ac
1966 793 2076 832 non

504 870 624 922 aliis
661 868 905 935 uberius,
926 854 1047 923 aliis
1071 869 1399 939 parcius,ex
1441 883 1635 925 natura
1697 888 1793 926 sua
1840 871 2075 940 proinde

1845 980 1909 1019 ex
1966 980 2075 1033 quo

474 1050 757 1131 ’ellicitur,
787 1063 846 1108 ut
900 1069 1021 1108 Cltltl
1082 1055 1244 1107 homo
1300 1056 1502 1110 virtute
1562 1057 1776 1110 volendi
1848 1058 2076 1126 polleat,

500 1145 781 1199 ea‘itidem
839 1144 1162 1217 naturaliter
1188 1144 1387 1212 polleat
1420 1146 1703 1209 Dominus,
1752 1162 1861 1202 non
1914 1148 2074 1204 modo

500 1251 607 1304 qua
642 1236 783 1289 Deus
815 1244 917 1302 est,
949 1236 1040 1288 sed
1073 1238 1238 1289 etiam
1266 1252 1371 1305 qua
1404 1237 1579 1290 laetus
1611 1240 1795 1292 homo.

996 1324 1076 1378 Ea:
1106 1326 1281 1378 eodem
1312 1328 1502 1393 capite.

506 1454 507 1459 η
566 1411 769 1465 Rerum
799 1411 1046 1465 onmium
1072 1411 1216 1465 Deus
1250 1421 1303 1464 et
1328 1412 1489 1465 Pater
1522 1412 1655 1476 vult,
1682 1412 1765 1466 vel
1799 1423 2074 1482 quatenus

496 1503 677 1566 Pater,
720 1502 802 1556 vel
832 1506 1103 1572 quatenus
1148 1501 1309 1555 Deus.
1344 1502 1401 1555 Si
1440 1512 1717 1571 quatenus
1756 1503 1930 1567 Pater,
1968 1506 2073 1559 alia

464 1586 602 1657 .pru
640 1592 759 1660 ejus
796 1593 1072 1657 voluntas,
1114 1594 1217 1645 alia
1270 1593 1430 1654 Filii;
1468 1610 1649 1663 neque
1707 1597 1853 1648 enim
1914 1596 2075 1650 l’ater

428 1676 668 1735 XFiiins
706 1689 811 1735 est.
842 1682 1146 1735 Sinautem
1189 1690 1462 1751 quatenus
1520 1683 1689 1746 Deus,
1741 1692 1888 1739 certe
1946 1702 2071 1739 eum

497 1766 667 1843 Filius
686 1787 904 1840 quoque
939 1770 1079 1825 Deus
1110 1772 1202 1832 sit.
1244 1774 1485 1843 itemque
1552 1773 1791 1844 Spiritus
1847 1788 2073 1832 sanctus

495 1863 660 1926 Deus,
689 1864 1024 1917 voluntatem
1050 1873 1259 1917 natura:
1281 1880 1427 1929 esse,
1466 1866 1861 1932 naturalemve,
1895 1866 2073 1922 faten-

495 1954 624 2007 dum
648 1962 753 2008 est.

564 2046 810 2113 Insuper,
880 2044 938 2099 si
979 2060 1218 2114 quorum
1278 2046 1535 2101 voluntas
1582 2064 1687 2102 una
1731 2059 1835 2113 cst,
1877 2050 2072 2106 horum

493 2135 679 2199 etiam,
716 2143 773 2187 ut
796 2134 985 2190 Patres
1012 2144 1327 2202 senserunt,
1350 2154 1454 2191 una
1485 2148 1568 2194 est
1598 2142 1837 2195 essentia
1872 2158 1886 2196 :
1915 2157 2072 2207 sane,

496 2228 541 2283 si
574 2242 679 2281 una
701 2226 1009 2283 divinitatis
1040 2229 1245 2283 Christi
1278 2238 1444 2297 atque
1479 2230 1842 2287 humanitatis
1868 2235 2066 2288 volun-

498 2328 581 2374 tas
622 2320 714 2383 sit,
772 2334 879 2373 una
936 2336 1156 2391 quoque
1208 2319 1478 2375 eteadem
1519 2336 1710 2377 earum
1766 2323 2073 2379 substantia

497 2408 618 2462 erit.

562 2500 643 2553 Ac
677 2515 892 2564 rursus,
920 2501 966 2555 si
991 2500 1057 2555 de
1093 2501 1318 2557 Patrum
1379 2506 1676 2571 sententia,
1715 2515 1923 2562 natura:
1961 2508 2076 2564 dis-

495 2588 777 2643 crimenin
812 2606 919 2643 una
953 2591 1238 2646 voluntate
1294 2608 1401 2647 non
1443 2594 1645 2660 elucet,
1680 2610 1907 2652 necesse
1966 2605 2073 2662 est,

494 2687 554 2731 ut
584 2679 664 2732 vel
698 2694 862 2733 unam
893 2680 1131 2734 dicendo
1173 2681 1541 2750 voluntatem,
1585 2686 1839 2740 naturale
1875 2686 2075 2742 discri-

493 2785 617 2825 men
672 2786 779 2825 non
832 2772 1101 2838 dicamus,
1135 2772 1220 2828 vel
1280 2785 1601 2830 naturarum
1663 2777 2073 2837 distinctionem

493 2862 881 2932 praedicantes,
914 2865 1257 2921 voluntatem
1289 2881 1452 2920 unam
1489 2882 1597 2921 non
1631 2876 1964 2927 statuamus.

562 2952 642 3006 Ac
680 2966 896 3016 rursus,
982 2958 1028 3007 si
1057 2962 1111 3006 ut
1140 2954 1195 3008 in
1225 2954 1416 3009 divino
1468 2955 1769 3028 Evangelia
1806 2960 2064 3023 habetur,

492 3039 775 3110 profectus
824 3040 1094 3097 Dominus
1128 3044 1179 3096 in
1225 3052 1408 3114 partes
1444 3043 1575 3115 Tyri
1613 3056 1669 3100 et
1727 3045 1974 3114 Sidonis,
2022 3060 2073 3104 et

2189 499 2281 563 κὸς
2315 501 2341 553 ὸ
2372 499 2685 572 ἄνθρωπος.

2253 684 2365 739 Kal.
2391 683 2571 746 αὖθις*
2613 684 2660 736 εί
2708 683 2767 736 τὸ
2801 681 2998 754 μᾶλλον
3044 684 3137 736 καὶ
3183 680 3408 755 ἧττονή
3452 688 3618 754 φύσις
3663 689 3779 741 οὐκ

2185 779 2514 849 ἐπιδέχεται,
2535 778 2727 847 ἐπίσης
2750 778 2807 829 δὲ
2829 780 2994 831 πᾶσιν
3014 779 3313 849 ἐνυπάρχει
3344 781 3405 833 τὸ
3436 780 3643 847 θέλειν,
3675 783 3780 836 καὶ

2184 866 2245 920 οὐ
2272 869 2385 928 τοῖς
2419 866 2520 931 μὲν
2544 867 2726 933 πλέον,
2764 870 2881 932 τοῖς
2906 866 2968 919 δὲ
2990 866 3231 921 ἔλαττον·
3266 870 3373 939 ἄρα
3405 871 3567 939 φύσει
3604 872 3779 941 θελη-

2181 956 2332 1017 τικὸς
2396 956 2423 1006 ὁ
2462 956 2772 1026 ἄνθρωπος’
2819 955 2961 1011 ὥστε
2991 961 3040 1010 εἰ
3074 960 3234 1028 φύσει
3288 960 3580 1028 θελητικὸς
3610 965 3639 1015 ὸ
3670 965 3775 1017 ἆν-

2185 1046 2424 1115 θρωπος,
2450 1064 2539 1099 και
2562 1050 2589 1100 ὸ
2622 1048 2842 1119 Κύριος,
2872 1050 2932 1102 οὐ
2960 1050 3118 1119 μόνον
3148 1050 3285 1103 καθὸ
3310 1052 3465 1117 Θεὸς,
3502 1053 3645 1106 ἀλλὰ
3673 1054 3775 1107 καὶ

2181 1137 2317 1193 καθὸ
2346 1138 2634 1210 ἄνθρωπος
2665 1140 2880 1209 γέγονε,
2917 1141 3077 1211 φύσει
3109 1142 3392 1213 θελητικός
3418 1146 3594 1198 ἐστιν.

2541 1322 2637 1374 Ἐκ
2690 1321 2798 1375 τοῦ
2821 1320 3011 1375 αὐτοῦ
3043 1323 3403 1390 κεφαλαίου.

2257 1414 2317 1467 Ὀ
2351 1414 2459 1466 τῶν
2491 1413 2629 1466 ὅλων
2655 1413 2764 1482 γὰρ
2867 1410 3000 1475 Θεὸς
3033 1412 3127 1464 καὶ
3159 1411 3371 1481 Πατήρ,
3400 1412 3432 1482 ἢ
3474 1411 3615 1467 καθὸ
3661 1414 3781 1468 Πα-

2174 1506 2278 1576 τὴρ
2312 1505 2476 1566 θέλει,
2527 1504 2560 1574 ἢ
2599 1504 2734 1556 καθὸ
2774 1503 2925 1566 Θεός.
2978 1502 3119 1556 Ἀλλ’
3155 1505 3202 1555 εί
3238 1504 3336 1574 μὲν
3379 1504 3515 1556 καθὸ
3543 1505 3775 1577 Πατὴρ,

2175 1598 2305 1653 ἄλλο
2340 1595 2507 1649 αὑτοῦ
2544 1596 2699 1649 ἔσται
2727 1596 2786 1648 τὸ
2810 1594 3025 1666 θέλημα
3057 1596 3207 1666 παρά
3261 1595 3322 1647 τὸ
3354 1594 3446 1647 τοῦ
3477 1594 3639 1648 Ἠοῖ).
3696 1596 3778 1650 Οὐ

2176 1692 2285 1763 γὰρ
2320 1690 2509 1761 Πατήρ
2529 1692 2556 1742 ὁ
2587 1690 2738 1753 Υἱός.
2765 1690 2826 1741 Et
2853 1688 2910 1741 δὲ
2943 1686 3077 1740 καθὸ
3105 1687 3257 1751 Θεὸς,
3308 1687 3438 1750 Θεὸς
3466 1688 3523 1741 δὲ
3549 1690 3579 1740 ὁ
3611 1689 3773 1753 Υἱὸς,

2176 1784 2309 1847 Θεὸς
2340 1784 2436 1836 καὶ
2462 1785 2524 1835 τὸ
2558 1782 2784 1850 Πνεῦμα
2816 1780 2877 1833 τὸ
2934 1780 3121 1849 ἅγιον·
3154 1780 3261 1851 ἄρα
3307 1778 3369 1833 τὸ
3407 1779 3625 1851 θέλημα
3664 1784 3774 1852 φύη-

2178 1894 2337 1942 σεως,
2369 1877 2537 1945 ἤγουν
2571 1892 2640 1944 φυ
2649 1874 2820 1926 σικὸν.

2246 2056 2392 2118 Ἔτι,
2415 2053 2463 2105 εί
2492 2051 2633 2105 κατὰ
2662 2051 2789 2114 τοὺς
2816 2048 3090 2121 Πατέρας,
3113 2042 3187 2102 ὧν
3210 2047 3270 2103 τὸ
3294 2047 3506 2118 θέλημα
3534 2046 3618 2111 ἐν,
3645 2047 3769 2102 τού-

2173 2164 2279 2201 των
2301 2146 2394 2199 καὶ
2422 2146 2456 2215 ή
2486 2144 2641 2197 οὐσία
2673 2142 2790 2213 μία,
2820 2142 2878 2194 ἓν
2906 2142 3000 2194 καὶ
3027 2140 3239 2211 θέλημα
3269 2144 3366 2211 τῆς
3387 2140 3648 2212 θεότητος
3670 2141 3766 2196 τοῦ

2174 2237 2439 2309 Χριστοῦ,
2474 2237 2569 2289 καὶ
2598 2238 2697 2306 τῆς
2748 2233 3171 2303 ἁνθρωπότητος
3224 2230 3389 2285 αὐτοῦ
3419 2248 3431 2263 ·
3487 2230 3601 2304 ἄρα
3664 2231 3768 2302 μία

2176 2330 2271 2383 καὶ
2298 2330 2331 2401 ἠ
2359 2328 2497 2398 αὑτὴ
2535 2325 2740 2380 τούτων
2772 2325 2927 2377 ἔσται
2958 2323 3055 2377 καὶ
3082 2325 3115 2392 ή
3155 2322 3332 2377 οὐσία.

2245 2504 2354 2557 Καὶ
2384 2501 2538 2555 πάλιν
2560 2516 2573 2530 ’
2610 2499 2682 2561 εί,
2714 2498 2855 2552 κατὰ
2884 2496 3009 2560 τοὺς
3038 2495 3308 2565 Πατέρας,
3357 2496 3390 2564 ή
3414 2493 3516 2563 τῆς
3542 2494 3767 2561 φύσεως

2174 2593 2411 2663 διαφορὰ
2445 2592 2523 2661 τῷ
2554 2592 2636 2643 ἑνὶ
2657 2589 2925 2659 θελήματι
2954 2586 3014 2639 οὐ
3054 2585 3417 2655 διαφαίνεται,
3444 2585 3691 2655 ἀνάγκη,
3732 2583 3765 2655 ἢ

2175 2690 2235 2743 ἓν
2267 2687 2482 2755 θέλημα
2508 2682 2767 2751 λέγοντας
2794 2679 3033 2749 φυσικὴν
3076 2680 3134 2731 ἐν
3178 2675 3399 2747 Χριστῷ
3447 2675 3524 2745 μὴ
3578 2676 3767 2744 λέγειν

2174 2774 2457 2844 διαφορὰν,
2486 2771 2519 2842 ἢ
2554 2768 2789 2840 φυσικήν
2810 2764 3072 2833 λέγοντας
3117 2763 3405 2835 διαφορὰν,
3437 2763 3497 2816 ἒν
3545 2764 3767 2836 θέλημα

2179 2866 2255 2939 μὴ
2280 2866 2485 2933 λέγειν.

2247 2959 2357 3013 Καὶ
2384 2953 2573 3019 αὖθις·
2610 2955 2659 3007 εί
2686 2949 2870 3014 καθώς
2909 2966 3044 3021 φησι
3095 2949 3157 3002 τὸ
3203 2947 3345 3001 θετον
3398 2947 3762 3016 Εὑαγγέλιον,

2174 3050 2345 3105 ἐλθὼν
2366 3051 2393 3102 ὁ
2424 3048 2628 3120 Κύριος
2656 3045 2734 3106 είς
2768 3044 2837 3098 τὰ
2869 3042 3011 3113 μέρη
3033 3041 3211 3111 Τύρου
3240 3040 3334 3093 καὶ
3372 3039 3626 3103 Σιδῶνος,
3661 3040 3765 3094 καὶ

491 3133 757 3200 ingressus
775 3132 1013 3196 domum,
1048 3134 1304 3188 neminem
1329 3137 1465 3190 scire
1513 3137 1698 3202 voluit,
1754 3155 1845 3193 nec
1896 3149 2067 3196 tamen

2188 3142 2464 3200 εἰσελθὼν
2495 3143 2582 3207 εις
2610 3135 2802 3202 οἷκον,
2832 3134 3052 3190 οὐδένα
3077 3134 3343 3202 ἠθέλησε
3366 3132 3609 3202 γνῶναι,
3660 3134 3761 3187 καὶ

491 3223 653 3277 latere
672 3225 846 3291 potuit
881 3223 925 3289 ⁸,
960 3224 1207 3293 profecto
1241 3241 1366 3279 cum
1400 3225 1582 3280 divina
1610 3228 1783 3298 ipsius
1813 3231 2069 3289 volu-ntas

2188 3236 2282 3288 >ὑκ
2306 3231 2577 3300 ἠδυνήθη
2598 3226 2808 3283 λαθεῖν
2824 3242 2837 3256 °
2864 3226 2912 3279 εί
2940 3226 2998 3279 τὸ
3022 3224 3167 3278 θεῖον
3190 3222 3357 3277 αὐτοῦ
3381 3222 3595 3293 θέλημα
3622 3240 3763 3275 παν-

492 3316 677 3369 omnia
744 3314 954 3383 possit,
1002 3317 1193 3371 volens
1233 3333 1363 3371 vero
1418 3318 1589 3373 latere
1641 3336 1748 3375 non
1811 3324 2070 3391 potuerit,

492 3401 761 3469 sequitur,
797 3409 855 3453 ut
909 3410 1188 3469 quatenus
1220 3404 1383 3457 homo
1430 3404 1481 3458 id
1529 3407 1786 3472 voluerit,
1824 3426 1923 3464 nec
1974 3426 2074 3480 po-

494 3489 674 3553 tuerit,
708 3495 871 3557 atque
898 3490 1056 3555 adeo,
1086 3497 1143 3542 ut
1165 3501 1437 3560 quatenus
1466 3493 1628 3548 homo
1658 3496 1870 3551 volendi
1898 3498 2075 3555 facul-

492 3587 657 3634 tatem
691 3581 966 3634 habuerit.

747 3671 823 3723 Ac
848 3686 1039 3725 rursus
1072 3709 1085 3733 ,
1140 3671 1269 3725 Cum
1304 3685 1540 3742 venisset,
1568 3676 1845 3747 inquit,ad
1877 3680 2065 3745 locum,

493 3756 624 3811 dixit
644 3772 659 3809 :
679 3758 833 3814 Sitio.
857 3760 920 3813 Et
944 3766 1193 3814 dederunt
1210 3764 1257 3815 ei
1281 3765 1451 3817 riuum
1470 3766 1590 3834 felle
1614 3770 1827 3821 mistum
1848 3782 1866 3821 :
1890 3780 2071 3824 etcum

491 3860 773 3921 gustasset,
810 3853 978 3905 noluit
1005 3853 1177 3908 bibere
1226 3849 1271 3906 ’.
1302 3852 1473 3911 Porro
1504 3859 1573 3924 si,
1597 3870 1871 3930 quatenus
1905 3860 2070 3927 Deus,

490 3953 583 4009 siti
615 3960 900 4022 correptus
934 3961 1039 4017 est,
1069 3961 1269 4008 etcum
1303 3960 1591 4021 gustasset,
1629 3952 1805 4007 noluit
1831 3952 2063 4017 bibere;

494 4059 627 4116 ergo
648 4044 812 4100 etiam
854 4054 1127 4114 quatenus
1189 4045 1333 4099 Deus
1382 4043 1725 4111 passionibus
1787 4042 2069 4096 obnoxius

498 4148 659 4193 erat:
690 4148 818 4194 sunt
840 4138 1012 4201 enim,
1043 4148 1154 4193 tum
1183 4138 1325 4203 sitis,
1364 4147 1475 4193 tum
1532 4137 1793 4207 gustatio,
1849 4138 2066 4206 passio-

493 4244 615 4283 nes.
680 4229 776 4285 Sin
826 4240 1006 4284 autem
1063 4239 1333 4300 quatenus
1389 4232 1555 4283 homo
1612 4228 1807 4291 sitivit,
1864 4228 2058 4298 utique

494 4330 767 4389 quatenus
795 4322 957 4374 homo
992 4323 1271 4376 voluntate
1304 4320 1607 4375 instructus
1637 4327 1772 4375 erat.

561 4410 631 4465 At
666 4427 796 4466 vero
836 4412 1165 4467 sententiam
1220 4421 1275 4467 et
1328 4413 1654 4467 electionem
1706 4412 1761 4466 in
1819 4412 2055 4466 Domino

2168 3323 2490 3393 τοδύναμον,
2522 3321 2752 3390 θελήσας
2779 3317 2835 3371 δὲ
2864 3316 3046 3370 λαθεῖν
3068 3317 3130 3369 οὐ
3157 3314 3460 3384 δεδύνηται·
3484 3314 3596 3384 ἄρα
3622 3314 3762 3367 καθὸ

2170 3413 2458 3483 ἄνθρωπος
2518 3410 2751 3480 θελήσας
2808 3408 2907 3461 οὐκ
2955 3404 3221 3476 ἠδυνήθη,
3255 3404 3351 3457 καὶ
3378 3402 3670 3474 θελητικὸς
3694 3398 3761 3473 ἦν

2173 3506 2267 3559 καὶ
2299 3504 2434 3558 καθὸ
2463 3503 2559 3557 ἄνθ
2568 3520 2769 3574 ρωπος.

2249 3677 2358 3730 Καὶ
2392 3676 2554 3729 πάλιν
2575 3690 2588 3703 ⁸
2630 3674 2871 3737 Ἐλθὼν,
2908 3672 3194 3742 φησὶν,είς
3232 3677 3341 3724 τὸν
3372 3672 3580 3730 τόπον,
3601 3663 3755 3721 εἴσιδ’

2179 3767 2360 3837 Atti-c3.
2400 3768 2507 3822 Kal
2540 3768 2772 3822 ἔδωκαν
2796 3768 2956 3832 αὐτῷ
2986 3762 3154 3819 οἶνον
3174 3764 3326 3832 μετὰ
3357 3760 3550 3832 χολῆς
3586 3776 3759 3829 μεμι-

2176 3861 2419 3931 γμένον,
2462 3859 2559 3912 καὶ
2589 3859 2956 3929 γευσάμενος
2990 3860 3101 3912 οὐκ
3127 3856 3308 3923 ἤθελε
3350 3854 3530 3907 πιεῖν.
3567 3853 3630 3905 Εἰ
3661 3850 3759 3920 μὲν

2179 3947 2274 4005 οὖν
2306 3951 2439 4006 καθὸ
2475 3952 2606 4016 Θεὸς
2640 3951 2885 4023 ἐδίψησε,
2941 3952 3036 4005 καὶ
3066 3951 3410 4019 γευσάμενος
3463 3949 3568 4003 οὐκ
3601 3950 3763 4021 ἤθελε

2179 4046 2345 4107 πιεῖν,
2374 4042 2628 4112 ἐμπαθὴς
2658 4044 2763 4113 ἄρα
2800 4044 2896 4097 καὶ
2926 4043 3060 4096 καθὸ
3104 4043 3257 4107 Θεός*
3310 4044 3484 4106 πάθος
3531 4044 3671 4111 γὰρ,
3730 4044 3763 4113 ἢ

2178 4151 2235 4187 τε
2265 4135 2414 4203 δίψα,
2447 4136 2538 4187 καὶ
2560 4137 2593 4205 ή
2632 4135 2829 4203 ίεῦσις.
2857 4133 2918 4188 Εί
2946 4135 3002 4188 δὲ
3027 4136 3089 4188 οὗ
3138 4135 3272 4188 καθὸ
3297 4135 3455 4198 Θεὸς,
3528 4134 3757 4197 πάντως

2185 4228 2318 4281 καθὸ
2348 4228 2442 4282 ἄνθ
2457 4246 2635 4299 ρωπος
2666 4227 2911 4299 ἐδίψησε,
2954 4228 3048 4281 καὶ
3080 4226 3365 4299 θελητικὸς
3397 4222 3466 4296 ἦν
3496 4227 3596 4280 καὶ
3627 4225 3765 4280 καθὸ

2185 4320 2492 4391 ἅνθρωπος.

2251 4410 2483 4482 Γνώμην
2511 4412 2565 4466 δὲ
2589 4416 2682 4466 καὶ
2716 4413 3043 4484 προαίρεσιν
3078 4413 3170 4467 ἐπὶ
3200 4411 3293 4466 τοῦ
3319 4411 3534 4481 Κυρίου
3570 4409 3760 4478 λέγειν

493 4500 677 4557 dicere
706 4517 814 4556 non
845 4518 1157 4572 possumus,
1196 4504 1238 4558 si
1272 4504 1493 4575 quidem
1527 4505 1745 4575 proprie
1766 4505 1913 4575 loqui
1952 4514 2066 4559 stu-

2188 4505 2461 4572 iS-Jvaeov,
2509 4506 2666 4577 εἴπερ
2703 4506 3077 4577 κυριολεκτδῖν
3115 4504 3463 4575 βουλοίμεθα.
3511 4502 3581 4556 Ἥ
3629 4501 3767 4566 γνὼ-

493 4595 744 4651 deamus.
780 4596 1063 4650 Sententia
1086 4596 1229 4650 enim
1272 4604 1395 4666 post
1426 4596 1623 4665 ignota:
1651 4596 1728 4650 rei
1764 4595 2066 4664 investiga-

492 4688 696 4743 tionem
724 4697 779 4743 et
811 4687 1284 4751 deliberationem,
1323 4688 1681 4743 consiliumve
1700 4697 1752 4743 et
1774 4686 2071 4758 judicium,

492 4777 712 4833 allectio
741 4788 793 4831 et
825 4778 1111 4847 dispositio
1148 4787 1230 4833 est
1256 4778 1309 4832 in
1340 4777 1394 4832 id
1438 4779 1582 4846 quod
1624 4776 1904 4831 decretum
1948 4777 2070 4831 fuit.

491 4870 662 4935 Quam
694 4870 917 4940 quidem
954 4870 1301 4926 allectionem
1365 4874 1617 4938 sequitur
1647 4868 1846 4924 electio
1871 4908 1886 4935 ,
1949 4885 2073 4937 quae

491 4962 728 5018 alterum
766 4976 876 5032 prae
904 4963 1077 5017 altero
1100 4962 1253 5032 eligit
1280 4974 1335 5019 et
1363 4961 1734 5030 amplectitur.
1773 4960 1937 5032 Atqui
1970 4962 2074 5018 Do-

490 5055 696 5119 minus,
721 5068 843 5109 cum
883 5070 1052 5125 purus
1082 5053 1245 5109 homo
1270 5070 1378 5108 non
1427 5064 1592 5120 esset,
1660 5070 1850 5109 verum
1903 5056 2070 5110 etiam

493 5146 659 5215 Deus,
689 5148 983 5217 omniaque
1007 5155 1291 5216 perspecta
1320 5146 1571 5213 haberet,
1614 5161 1716 5200 nec
1745 5147 2070 5203 considera-

495 5240 664 5304 tione,
706 5256 807 5295 nec
843 5239 1220 5311 inquisitione,
1257 5256 1360 5296 nec
1398 5240 1797 5296 deliberatione
1854 5240 2071 5311 egebat,

490 5347 670 5401 neque
702 5332 866 5387 etiam
893 5331 1106 5402 judicio
1134 5348 1150 5399 ;
1177 5332 1537 5401 quamobrem
1575 5342 1769 5386 natura
1840 5347 2066 5401 compa.

491 5438 645 5479 ratus
674 5435 813 5487 erat,
844 5434 903 5477 ut
934 5424 1344 5481 necessitudine
1393 5424 1630 5494 quadam
1691 5424 1835 5480 bono
1887 5426 2072 5481 adlim-

493 5527 661 5582 rerct,
701 5532 765 5575 ac
796 5533 991 5572 rursus
1020 5534 1048 5572 a
1080 5518 1221 5571 man
1270 5527 1632 5573 averteretur.
1667 5516 1758 5573 Sic
1812 5519 1961 5573 enim
2015 5527 2073 5575 et

491 5605 654 5664 lsoias
676 5611 945 5681 propheta
968 5611 1043 5667 ait
1081 5628 1096 5667 :
1132 5611 1431 5683 Antequam
1490 5612 1623 5666 sciat
1678 5625 1808 5681 puer
1860 5609 2074 5681 prweli-

564 5800 582 5833 ⁸
611 5800 777 5859 Marc.
808 5819 907 5871 vn,
932 5807 1023 5860 ‘24.

1128 5807 1148 5837 ¹
1186 5805 1336 5864 Ioan.
1366 5820 1456 5860 xix
1482 5805 1585 5866 9.8;
1614 5804 1805 5860 Matth.
1845 5818 2010 5859 xxvn.
2046 5802 2135 5858 5t.

2187 4615 2263 4669 μη
2288 4599 2398 4671 γὰρ
2436 4599 2575 4670 μετὰ
2596 4598 2693 4667 τὴν
2718 4600 2844 4670 περὶ
2871 4598 2964 4653 τοῦ
3005 4600 3371 4668 ἀγνοουμένου
3401 4590 3640 4667 ζήῖησιν
3665 4594 3767 4649 καὶ

2184 4692 2492 4763 βούλευσιν,
2521 4691 2642 4761 ἦτοι
2679 4691 2873 4759 βουλὴν
2904 4691 2998 4745 καὶ
3028 4691 3239 4761 κρίσιν,
3285 4689 3423 4757 πρὸς
3477 4687 3539 4741 τὸ
3567 4685 3761 4756 κριθέν

2182 4785 2299 4839 ἐστι
2338 4783 2597 4846 διάθεσις.
2640 4782 2778 4838 Μεθ’
2826 4783 2890 4854 ἣν
2937 4782 3355 4853 ήπροαίρεσις,
3394 4780 3761 4848 ἐκλεγομένη,

2183 4876 2283 4931 καλ⁸
2322 4876 2626 4947 αἱρουμένη
2685 4876 2791 4945 πρὸ
2840 4874 2934 4928 τοῦ
2987 4876 3177 4943 ἑτέρου
3232 4874 3294 4925 τὸ
3332 4872 3545 4942 ἕτερον.
3610 4870 3676 4923 Ὀ
3707 4870 3763 4922 δὲ

2181 4967 2387 5038 Κύριος
2413 4968 2473 5021 οὐ
2513 4966 2666 5038 ψιλὸς
2703 4967 2778 5019 ὢν
2817 4965 3126 5037 ἄνθρωπος,
3181 4964 3317 5018 ἀλλὰ
3346 4964 3440 5017 καὶ
3470 4963 3628 5027 Θεὸς,
3662 4962 3764 5015 καὶ

2181 5060 2362 5114 πάντα
2386 5059 2568 5123 είδὼς,
2605 5057 2861 5127 ἀνενδεὴς
2899 5057 3169 5128 σκέψεως,
3196 5057 3296 5110 καὶ
3322 5056 3631 5125 ζητήσεως,
3669 5053 3764 5106 καὶ

2183 5151 2382 5222 βουλῆς
2412 5151 2649 5221 ὑπῆρχε,
2699 5150 2795 5202 καὶ
2846 5150 3107 5220 κρίσεως,
3167 5149 3262 5203 καὶ
3292 5145 3540 5211 φυσικῶς
3565 5146 3672 5214 τήν
3705 5159 3763 5195 τε

2183 5244 2321 5311 πρὸς
2350 5242 2410 5296 τὸ
2435 5242 2599 5297 καλὸν
2626 5236 2773 5313 εἶχεν
2803 5240 3107 5303 οἱκείωσιν,
3142 5242 3236 5293 καὶ
3266 5238 3368 5307 τὴν
3402 5237 3539 5307 πρὸς
3582 5238 3648 5289 τὸ
3670 5254 3765 5289 κα·

2190 5333 2285 5385 κὸν
2322 5332 2702 5401 ἀλλοτρίωσιν.
2745 5328 2903 5384 Οὕτω
2933 5330 3041 5399 γὰρ
3068 5329 3162 5381 καὶ
3200 5326 3434 5389 Ἠσαίας
3469 5329 3761 5397 προφήτης

2182 5424 2367 5492 φησιν,
2410 5422 2501 5477 ὅτι
2556 5423 2705 5492 Πρὶν
2760 5421 2798 5490 ἢ
2838 5420 3064 5492 γνῶναι
3115 5420 3181 5474 τὸ
3217 5418 3464 5473 παιδίον
3516 5415 3762 5485 προελέο

2180 5520 2322 5572 σθαι
2354 5516 2607 5585 πονηρὰ,
2659 5516 2971 5579 ἐκλέεεται
3035 5514 3102 5567 τὸ
3138 5514 3387 5582 ἀγαθόν’
3442 5511 3595 5564 διότι
3627 5508 3761 5577 πρὶν

2177 5607 2398 5684 γνῶναι
2434 5608 2496 5665 τὸ
2538 5608 2780 5664 παιδίον
2802 5607 3031 5677 ἀγαθὸν
3063 5607 3100 5675 ἢ
3152 5605 3365 5672 κακὸν,
3396 5602 3636 5663 ἀπειθεῖ
3657 5612 3761 5655 πο-
