4020 6214
275 269 298 333 ί
319 267 413 329 153

1202 259 1583 324 I’ANOPLIA
1624 251 2085 316 DOGMATICA.
2116 280 2185 292 —
2214 258 2360 321 TlT.
2407 262 2565 323 XXI.

3380 268 3520 333 115!

266 383 450 452 νηρίᾳ
480 382 583 436 τοῦ
632 370 1001 445 ἐκλέξασθαι
1032 382 1098 433 τὸ
1125 379 1352 447 ἀγαθόν
1371 394 1384 409 ·
1420 375 1492 427 Τὸ
1518 374 1650 443 γὰρ,
1684 371 1847 438 πρὶν,

1963 385 2072 437 νινε
2105 368 2271 439 male,
2300 375 2452 446 eliget
2502 381 2693 432 bonum
2748 395 2766 433 :
2812 384 3061 449 quoniam
3106 390 3387 449 antequam
3436 399 3523 436 co-

267 472 417 541 δηλοὶ
448 471 529 524 ὅτι
558 470 619 521 οὐ
661 471 786 523 καθ’
816 471 959 539 ἡμᾶς
994 469 1236 536 ζητήσας
1265 466 1358 517 καὶ
1387 461 1843 533 βουλευσάμενος,

268 566 403 620 ἀλλὰ
458 565 591 626 Θεὸς
635 561 732 627 ὢν,
766 564 859 614 καὶ
910 558 1106 621 θεῑκῶς
1163 557 1306 610 κατὰ
1357 557 1535 623 σάρκα
1584 552 1846 617 ὑποστὰς,

277 657 530 713 τουτέστι
560 654 690 709 καθ’
720 654 1025 707 ὑπόστασιν
1058 650 1338 722 ἡνωμένος
1369 652 1436 720 τῇ
1486 646 1671 717 σαρκὶ,
1700 642 1847 711 αὑτῷ

278 752 353 822 τῷ
381 748 547 812 εἶναι,
597 748 696 803 καὶ
761 747 943 801 πάντα
978 746 1199 812 εἰδέναι,
1242 744 1303 798 τὸ
1336 745 1399 797 ἐκ
1456 741 1669 812 φύσεως
1704 734 1849 807 εἶχεν

270 842 493 913 ἀγαθόν.

523 1109 635 1166 Τοῦ
664 1106 851 1162 αὐτοῦ
904 1104 969 1159 ἐκ
998 1104 1106 1159 τοῦ
1162 1104 1247 1157 οϐ’
1275 1102 1629 1171 κεφαλαίου.

347 1207 563 1276 Ὠσπερ
616 1202 710 1255 ἐπὶ
762 1201 859 1269 τῆς
910 1196 1417 1267 πεπυρακτωμένης
1472 1193 1745 1265 μαχαίρας
1789 1194 1848 1246 αἱ

272 1298 466 1372 φύσεις
496 1294 762 1358 σώζονται
825 1289 919 1344 τοῦ
960 1290 1152 1360 πυρὸς,
1189 1290 1284 1341 καὶ
1332 1288 1427 1340 τοῦ
1462 1287 1709 1357 σιδήρου,
1751 1286 1848 1338 καὶ

268 1396 329 1448 αἱ
351 1394 446 1446 δύο
510 1390 807 1460 ἐνέργειαι,
855 1388 950 1440 καὶ
1013 1390 1082 1440 τὰ
1132 1383 1338 1437 τούτων
1406 1380 1844 1447 ἀποτελέσματα·

270 1487 388 1556 ἔχει
427 1483 526 1553 μὲν
555 1485 665 1549 γὰρ
687 1481 714 1531 ό
741 1478 959 1547 σίδηρος
1015 1475 1077 1528 τὸ
1106 1472 1393 1544 τμητικὸν,
1444 1470 1505 1523 τὸ
1546 1470 1602 1523 δὲ
1630 1469 1742 1537 πῦρ
1787 1468 1849 1520 τὸ

272 1576 594 1632 καυστικόν·
628 1573 722 1625 καὶ
778 1572 811 1637 ὴ
840 1569 982 1640 τομὴ
1032 1568 1129 1632 μὲν
1155 1567 1254 1635 τῆς
1295 1564 1388 1618 τοῦ
1441 1564 1664 1633 σιδήρου
1692 1562 1848 1630 ἐνέρ-

276 1686 433 1738 γειας
454 1650 608 1719 tactv
636 1665 1007 1731 ἀποτέλεσμα,
1034 1662 1066 1731 ή
1092 1659 1147 1712 δὲ
1181 1659 1377 1719 καῦσις
1408 1657 1507 1725 τῆς
1536 1655 1629 1708 τόῦ
1655 1653 1846 1722 πυρὸς,

273 1763 371 1815 καὶ
396 1759 627 1822 σώζεται
660 1756 720 1809 τὸ
750 1755 958 1808 τούτων
1001 1752 1259 1820 διάφορον
1313 1750 1370 1802 ὲν
1425 1750 1490 1817 τῇ
1533 1744 1849 1815 κεκαυμένῃ

270 1854 439 1922 τομῇ,
470 1852 563 1903 καὶ
592 1850 649 1901 ὲν
669 1850 735 1916 τῇ
760 1844 1075 1914 τετμημένη
1107 1841 1303 1896 καύσει
1342 1839 1484 1893 οὕτω
1513 1838 1606 1892 καὶ
1642 1837 1735 1889 ἐπὶ
1759 1835 1854 1888 τοῦ

270 1938 540 2011 Χριστοῦ,
568 1937 666 2006 τῆς
710 1935 809 2004 μὲν
836 1933 1087 2002 θεότητος
1109 1927 1271 1983 αὑτοῦ
1300 1930 1333 1998 ή
1370 1927 1491 1979 θεία
1520 1926 1615 1977 καὶ
1655 1939 1854 1976 παντο-

272 2032 516 2101 δύναμος
566 2028 838 2096 ἐνέργεια,
892 2024 990 2093 τῆς
1028 2022 1085 2074 δὲ
1132 2016 1554 2089 ἀνθρωπότητος
1599 2012 1766 2067 αὑτοῦ
1819 2011 1853 2083 ὴ

274 2121 404 2178 καθ’
432 2121 603 2192 ἡμᾶς.
644 2115 1025 2184 Ἀποτὲλεσμα
1049 2112 1106 2166 δὲ
1152 2112 1251 2181 τῆς
1301 2110 1398 2181 μὲν
1424 2105 1772 2176 ἀνθρωπίνης
1796 2105 1856 2158 τδ

274 2213 661 2286 κρατησθῆναι
681 2211 780 2279 τὴν
801 2210 960 2279 χεῖρα
990 2206 1085 2259 τοῦ
1115 2203 1326 2268 παιδὸς,
1363 2201 1456 2256 καὶ
1504 2199 1856 2268 ἑλκυσθῆναι,

274 2308 379 2376 τῆς
399 2306 452 2359 δὲ
482 2304 636 2365 θείας
657 2302 726 2371 fi}
750 2300 1103 2366 ζωοποίησις.
1159 2294 1324 2348 ’Λλλο
1372 2292 1480 2363 γὰρ
1516 2289 1696 2353 τοῦτο,
1753 2288 1857 2340 κά-

276 2400 430 2453 κεῖνο
462 2396 671 2466 ἕτερον,
707 2392 756 2445 εί
794 2391 887 2444 καὶ
922 2389 1169 2458 ἀλλήλων
1202 2386 1493 2457 ἀχώριστοι
1519 2381 1858 2452 ὑπάρχουσιν

276 2492 343 2546 ὲν
375 2492 443 2560 τῇ
492 2486 783 2557 θεανδρικῇ
838 2482 1117 2553 ἐνεργείᾳ.
1172 2480 1234 2534 El
1269 2476 1398 2547 μίαν
1450 2475 1731 2544 ἐνέργειαν
1765 2468 1860 2523 ἐπὶ

274 2581 379 2637 τοῦ
424 2579 629 2650 Κυρίου
681 2578 956 2644 εἴποιμεν,
992 2573 1026 2643 ἥ
1078 2571 1228 2626 θείαν
1281 2567 1506 2635 ταύτην*
1534 2565 1781 2630 λέξομεν,
1822 2560 1857 2633 ἢ

276 2673 658 2745 ἀνθρωπίνην,
690 2671 726 2741 ἤ
761 2669 820 2722 ού
846 2667 1099 2737 δετέραν⁶
1125 2662 1270 2717 Ἀλλ’
1294 2661 1342 2715 εί
1369 2659 1466 2729 μὲν
1495 2657 1665 2721 θείαν,
1697 2653 1862 2745 αὐτὸν

278 2766 448 2840 μόνον
474 2763 683 2834 γυμνὸν
748 2762 850 2831 τῆς
883 2757 1007 2813 καθ’
1037 2757 1188 2827 ήμᾶς
1231 2752 1656 2822 ἀνθρωπότητος
1711 2744 1861 2812 λέξο-

282 2873 410 2927 μεψ
451 2854 588 2908 είδὲ
614 2850 997 2921 ἀνθρωπίνην,
1022 2845 1178 2917 ψιλὸν
1199 2842 1360 2899 αὑτὸν
1392 2840 1863 2912 βλασφημήσομεν

279 2945 594 3017 ἄνθρωπον·
628 2942 762 2996 εἰδὲ
793 2940 856 2994 ού
922 2938 1096 3005 θείαν,
1154 2935 1274 2989 οὐδὲ
1310 2930 1685 3015 ἀνθρωπίνην,
1740 2927 1864 2983 οὐδὲ

1949 476 2168 531 gnoscat
2215 485 2346 536 puer
2396 471 2585 526 bonum
2614 484 2661 525 et
2712 475 2929 535 malum,
2965 474 3220 529 tnaliliam
3275 480 3524 542 reproba-

1950 558 2040 620 bit,
2090 559 2326 629 eligendo
2383 564 2591 617 bonum.
2691 564 2817 619 "me
2864 582 2986 631 vox,
3056 575 3358 635 antequam,
3420 566 3524 621 hoc

1952 650 2174 717 indicat,
2211 654 2354 719 quod
2386 671 2492 708 non
2514 672 2662 711 more
2720 667 2910 711 nostro
2962 673 3027 711 ex
3098 657 3525 727 inveStigatione

1948 752 2005 797 et
2025 744 2418 800 deliberatione
2464 749 2682 816 praevia,
2712 751 2827 815 sed,
2886 758 2946 803 ut
3012 750 3103 819 qui
3153 751 3297 805 Deus
3352 759 3520 813 esset,

1952 837 2247 910 divinoque
2276 841 2438 895 modo
2473 842 2880 899 subsistentiam
2915 846 3067 899 carni
3102 843 3388 905 tribueret.
3431 847 3520 898 cui
3602 850 3605 851 ⁷

1950 930 2250 986 secundum
2292 932 2627 1005 hypostasim
2651 942 2769 989 erat
2830 935 3037 996 unitus,
3089 951 3155 990 eo
3194 932 3335 1005 ipso
3375 934 3522 1005 quod

1949 1033 2085 1090 erat,
2105 1025 2395 1093 omniaque
2415 1034 2594 1089 norat,
2612 1034 2802 1093 suapte
2827 1032 3022 1078 natura
3045 1026 3244 1080 bonum
3267 1020 3519 1095 habebat.

2355 1115 2609 1183 Eiusdem
2647 1132 2711 1169 ea:
2740 1118 2907 1184 capite
2935 1116 3024 1171 79.
3380 1126 3420 1176 ³.

2020 1209 2483 1276 Quemadmodum
2524 1211 2576 1264 in
2618 1211 2795 1280 gladio
2852 1212 3021 1281 ignito
3084 1211 3225 1277 ignis
3278 1220 3333 1265 et
3386 1204 3525 1265 ferri

1950 1313 2156 1357 naturae
2191 1313 2502 1368 servantur,
2541 1313 2592 1358 et
2625 1305 2866 1358 actiones
2899 1306 3037 1362 dum.
3063 1316 3365 1369 earumque
3394 1317 3523 1371 per-

1950 1392 2239 1460 fectiones,
2270 1410 2392 1448 nam
2426 1395 2625 1448 ferrum
2652 1395 2868 1465 quidem
2900 1394 3005 1447 vim
3049 1394 3211 1449 habet
3281 1392 3521 1457 secandi,

1953 1484 2089 1552 ignis
2120 1494 2298 1538 antem
2336 1485 2551 1547 urendi,
2589 1500 2649 1539 ac
2686 1486 2858 1541 sectio
2916 1486 3135 1553 quidem
3182 1484 3311 1538 ferri
3354 1482 3527 1537 actio-
3573 1527 3581 1559 Δ,

1953 1575 2036 1627 nis
2065 1573 2322 1642 perfectio
2344 1583 2445 1638 est,
2474 1576 2615 1629 ustio
2653 1586 2831 1630 autem
2867 1574 3028 1645 ignis,
3053 1572 3595 1649 earumquc‘dill‘e-.j_

1956 1668 2127 1721 rentia
2167 1668 2217 1720 in
2254 1676 2373 1721 usta
2404 1669 2651 1723 sectione
2681 1678 2736 1722 et
2767 1670 2820 1722 in
2854 1669 3067 1733 ustione
3081 1677 3231 1721 secta
3257 1671 3524 1731 servatur,

1957 1759 2037 1813 sic
2088 1768 2143 1813 et
2178 1762 2227 1813 in
2249 1759 2491 1823 Christo,
2525 1761 2834 1815 divinitatis
2887 1762 3103 1829 quidem
3175 1758 3295 1826 ejus
3341 1756 3587 1835 divina,"

1957 1862 2118 1920 atque
2179 1854 2525 1922 omnipotens
2549 1854 2702 1909 actio
2764 1863 2869 1917 est,
2945 1850 3300 1911 humanitatis
3347 1859 3528 1911 autem
3566 1844 3581 1891 -’

1957 1943 2216 1997 humana.
2252 1943 2527 1998 Perfectio
2558 1959 2693 1999 vero
2726 1945 2960 1999 actionis
2990 1946 3243 1997 humanae
3286 1943 3530 2012 quidem,

1956 2035 2097 2103 quod
2130 2034 2300 2089 lenuit
2347 2034 2542 2102 puellae
2574 2052 2818 2104 manum,
2846 2043 2901 2090 et
2949 2034 3145 2096 traxit,‘
3186 2032 3382 2087 divina:
3437 2047 3534 2082 au-

1962 2133 2091 2191 tem,
2130 2128 2272 2194 quod
2325 2127 2469 2182 illam
2521 2130 2575 2182 in
2627 2127 2791 2180 vitam
2840 2126 3138 2181 revocavit.
3173 2124 3332 2178 Aliud
3384 2122 3529 2176 enim

1956 2217 2200 2282 esthoc,
2238 2227 2292 2271 et
2322 2218 2468 2273 aliud
2495 2218 2663 2282 aliud,
2726 2218 2851 2272 licet
2912 2218 3053 2271 inter
3119 2230 3179 2271 se
3240 2214 3530 2286 conjuncta

1958 2308 2071 2364 sint
2126 2322 2190 2363 ac
2218 2309 2442 2364 minime
2479 2319 2725 2379 separata
2778 2311 2831 2363 in
2869 2309 3086 2364 actione
3139 2307 3321 2361 divina
3368 2304 3531 2360 simul

1961 2410 2126 2471 atque
2148 2399 2407 2455 humana.
2442 2401 2499 2455 Si
2536 2414 2698 2456 unam
2735 2401 2789 2455 in
2816 2399 3041 2456 Christo
3069 2400 3340 2455 actionem
3376 2397 3532 2451 dixe-

1960 2491 2155 2557 rimus,
2193 2499 2287 2546 aut
2314 2492 2515 2556 divina,
2547 2502 2639 2545 aut
2712 2492 2973 2556 humana,
3024 2499 3117 2544 aut
3166 2498 3354 2544 neutra
3402 2488 3529 2543 erit.

1961 2575 2019 2632 Si
2051 2576 2254 2644 divina,
2297 2592 2421 2633 eum
2447 2580 2711 2634 duntaxat
2772 2577 2943 2645 Deum
3000 2587 3204 2633 nostrae
3252 2586 3532 2647 expertem

1962 2667 2327 2723 humanitatis
2354 2683 2685 2724 asseremus.
2716 2668 2771 2723 Si
2804 2668 3066 2735 humana,
3093 2667 3298 2723 nudum
3355 2666 3536 2721 homi-

1962 2774 2086 2815 nem
2118 2760 2285 2829 impie
2315 2759 2729 2817 aﬂirmabimus.
2754 2761 2810 2816 Si
2866 2775 3047 2831 neque
3083 2760 3291 2825 divina,
3360 2770 3537 2828 neque

1962 2850 2221 2917 humana,
2280 2867 2382 2907 nec
2430 2851 2600 2908 Deum
2653 2868 2754 2909 nec
2804 2854 3079 2909 hominem
3141 2850 3385 2922 ejusdem
3440 2855 3538 2903 aut

1962 2957 2085 2999 eum
2118 2944 2307 3013 Patre,
2342 2955 2439 3000 aut
2500 2946 2780 3001 nobiscum
2834 2947 3089 3002 essentia;
3144 2946 3408 3000 dicemus.
3458 2944 3537 2998 Ex

276 3012 440 3101 Θεὸν,
471 3033 594 3088 atat
625 3033 939 3103 ἄνθρωπον,
963 3027 1086 3082 οὐδὲ
1109 3026 1187 3097 τῷ
1221 3012 1398 3094 [ιατρι
1425 3022 1547 3077 om
1574 3023 1708 3091 ήμῖν
1733 3020 1861 3091 ὀμο-

1968 3035 2348 3105 eonjunetione
2374 3038 2518 3091 enim
2549 3053 2691 3093 unus
2763 3046 2925 3109 atque
2988 3036 3131 3092 idem
3188 3037 3241 3090 in
3302 3048 3536 3105 persons

276 3127 485 3181 ούσιον.
510 3127 609 3179 Ἐκ
636 3124 744 3195 γὰρ
769 3124 864 3193 τῆς
893 3120 1137 3181 ἑνώσεως
1168 3120 1202 3190 ή
1231 3116 1353 3171 καθ’
1390 3113 1688 3171 ὑπόστασιν
1735 3129 1861 3165 ταυ-

276 3220 449 3291 τότης
501 3218 749 3288 γέγονεν,
792 3216 853 3271 οὐ
888 3215 986 3283 μὶν
1034 3212 1092 3266 δὲ
1147 3210 1447 3281 ήὸιαφορὰ
1482 3206 1591 3260 τῶν
1646 3205 1860 3275 φύσεων

276 3313 581 3384 ἀνῄρηταισ
616 3312 729 3380 τῆςζ
753 3308 809 3361 δὲ
835 3306 1105 3375 διαφορᾶς
1130 3302 1449 3373 σωζομένης
1481 3300 1590 3353 τῶν
1619 3297 1858 3368 φύσεων,

280 3405 632 3475 σωθήσονται
667 3400 869 3470 δηλαδὴ
905 3397 1003 3453 καὶ
1036 3397 1091 3453 αι
1116 3395 1317 3449 τούτων
1340 3393 1635 3462 ἐνέργειαι·
1667 3390 1730 3444 οὐ
1753 3388 1862 3459 γὰρ

278 3494 449 3565 φύσις
477 3492 861 3561 ἀνενέργητος.

519 3584 631 3638 Τοῦ
659 3581 847 3637 αὑτοῦ
878 3581 945 3635 ἐκ
977 3579 1085 3635 τοῦ
1109 3586 1205 3634 ua’
1225 3577 1583 3646 κεφαλαίου.

369 3678 435 3733 Ἠ
471 3677 567 3730 τοῦ
603 3676 808 3745 Κυρίου
852 3673 986 3742 σὰρξ
1032 3673 1129 3742 τῆς
1159 3671 1308 3733 θείας
1339 3669 1619 3739 ἐνεργείας
1665 3666 1859 3720 ἐπλού-

279 3787 420 3837 τησε
452 3770 539 3822 διὰ
564 3769 660 3839 τὴν
690 3767 824 3838 πρὸς
846 3767 937 3818 τὸν
962 3764 1120 3832 λόγον
1142 3762 1621 3832 ἀκραιφνεστάτην
1646 3759 1861 3823 ἕνωσιν,

279 3862 408 3930 ἦτοι
439 3859 535 3928 τὴν
569 3856 690 3909 καθ’
734 3856 1056 3919 ὑπόστασιν,
1089 3853 1339 3922 οὐδαμῶς
1371 3851 1479 3904 τῶν
1524 3850 1665 3903 κατά
1698 3852 1862 3918 φύσιν

286 3952 440 4004 ἰδίων
501 3949 791 4002 ύποστᾶσα
828 3946 1121 3999 ἔκπτωσιν.
1175 3945 1251 3996 Οὐ
1309 3942 1417 4013 γὰρ
1470 3940 1592 3994 κατ’
1652 3940 1862 3993 οἰκείαν

282 4043 598 4112 ἐνέργειαν,
632 4039 769 4094 ἀλλὰ
804 4038 894 4091 διὰ
935 4037 1025 4089 τὸν
1060 4035 1343 4107 ήνωμένον
1396 4034 1537 4102 αύτῇ
1592 4032 1766 4099 Λόγον
1797 4033 1866 4085 τὰ

284 4139 414 4195 θεῖα
446 4137 687 4207 ἐνήργει,
719 4132 814 4186 τοῦ
847 4132 1025 4200 Λόγου
1061 4130 1129 4183 δι’
1174 4129 1343 4198 αὐτῆς
1387 4127 1487 4197 τὴν
1515 4128 1724 4180 οἰκείαν
1773 4129 1862 4178 ὲν-

281 4230 641 4300 δεικνυμένου
696 4229 998 4297 ἐνέργειαν.
1057 4226 1168 4279 Καὶ
1225 4224 1273 4276 εί
1323 4224 1423 4293 μὲν
1477 4221 1587 4292 γὰρ
1632 4223 1660 4274 ὁ
1694 4237 1869 4273 πεπυ-

288 4323 651 4398 ρακτωμένος
694 4323 934 4390 σίδηρος,
969 4323 1029 4373 οὐ
1074 4317 1293 4387 φυσικῷ
1319 4316 1378 4372 δὲ
1409 4316 1553 4385 λόγῳ
1597 4315 1696 4385 τὴν
1726 4330 1864 4368 καυ-

288 4416 488 4484 στικὴν
526 4416 863 4483 κεκτημένος
897 4412 1202 4482 ἐνέργειαν,
1233 4408 1349 4462 ἀλλ’
1399 4411 1463 4461 ὲκ
1498 4410 1597 4477 τῆς
1642 4406 1777 4476 πρὸς
1806 4404 1868 4457 τὸ

289 4508 411 4579 πῦρ
432 4507 677 4571 ἐνὼσεως
705 4506 862 4560 τοῦτο
897 4505 1262 4576 κτησάμενος.
1302 4501 1368 4556 Ἦ
1402 4499 1540 4571 αὑτὴ
1568 4497 1866 4567 τοιγαροῦν

288 4602 465 4671 Θνητή
496 4618 555 4653 τε
590 4596 658 4672 ἦν
701 4599 768 4652 δι’
804 4599 1028 4667 ἑαυτήν,
1055 4598 1149 4651 καὶ
1179 4597 1441 4661 ζωοποιδς
1468 4595 1557 4649 διὰ
1583 4593 1686 4663 τὴν
1732 4592 1870 4659 πρὸς

288 4692 389 4744 τὸν
414 4690 587 4759 Λόγον
618 4689 742 4743 καθ’
770 4688 1068 4742 ὑπόστασιν
1101 4687 1321 4742 ἕνωσιν.
1367 4684 1602 4756 Ὀμοίως
1645 4684 1747 4752 τὴν
1774 4680 1869 4735 τοῦ

287 4785 603 4853 θελήματος
657 4783 871 4843 θέωσιν.
904 4782 1005 4851 οὐχ
1050 4780 1125 4841 ὡς
1182 4778 1615 4849 μεταϐληθείσης
1647 4778 1741 4846 τῆς
1775 4792 1874 4843 φυ-

289 4867 460 4936 σικῆς
521 4867 788 4935 κινήσεως
846 4864 1100 4931 λέγομεν,
1158 4862 1273 4915 ἀλλ’
1325 4863 1401 4924 ὡς
1455 4863 1734 4932 ήνωμὲνου
1795 4860 1873 4931 τῷ

291 4949 458 5016 θείῳ,
485 4952 575 5001 καὶ
607 4948 1001 5016 παντοδυνάμῳ
1047 4946 1211 4998 αὑτοῦ
1262 4946 1548 5014 θελήματι,
1587 4945 1684 4998 καὶ
1716 4960 1875 5010 γεγο-

288 5035 456 5095 νότος
491 5032 625 5083 Θεοῦ
678 5029 1202 5097 ὲνανθρωπήσαντος
1258 5029 1495 5098 θέλημα.
1533 5028 1653 5081 ὄθεν
1703 5027 1872 5079 θέλων

297 5117 403 5188 μὲν
438 5115 619 5168 λαθεῖν
646 5114 746 5166 οὐκ
778 5111 1044 5182 ἠδυνήθη,
1085 5111 1153 5163 δι’
1183 5113 1316 5165 αὐτὸ
1347 5103 1740 5182 εὐδοκήσαντος
1777 5112 1875 5162 τοῦ

293 5197 440 5252 θεοῦ
470 5198 640 5265 Λόγου
687 5196 965 5265 δειχθῆναι
1012 5197 1070 5247 ὲν
1102 5195 1251 5264 αὐτῷ
1299 5196 1514 5265 ἀληθῶς
1548 5196 1788 5262 ὑπάρχον
1815 5194 1877 5247 τὸ

293 5280 528 5341 ἀσθενὲς
560 5278 654 5331 τοῦ
704 5278 1049 5346 ἀνθρωπίνου
1083 5278 1411 5347 θελήματος.
1450 5279 1631 5330 Θέλων
1676 5278 1732 5330 δὲ
1781 5278 1877 5347 τὴν

297 5364 399 5418 τοῦ
451 5363 658 5432 λεπροῦ
711 5364 985 5432 ἐνήργησε
1034 5363 1319 5431 κάθαρσιν,
1367 5362 1453 5415 διὰ
1485 5364 1582 5431 τὴν
1632 5361 1769 5430 πρὸς
1818 5362 1878 5413 τὸ

300 5450 451 5502 θεῖον
490 5448 701 5516 θέλημα
748 5446 961 5499 ἕνωσιν.
1010 5446 1206 5498 ’ἰστέον
1250 5446 1329 5508 δὲ,
1362 5445 1435 5506 ὡς
1486 5447 1518 5516 ὴ
1558 5445 1748 5508 θέωσις
1781 5445 1879 5513 τῆς

299 5547 364 5582 τε
417 5529 655 5598 φύσεως,
705 5530 797 5581 καὶ
848 5532 942 5582 τοῦ
996 5530 1326 5598 θελήματα,
1376 5527 1875 5597 ὲμφαντικώτατον,

305 5615 406 5667 καὶ
427 5613 846 5666 δεικτικώτατόν
874 5617 994 5667 ἐστι
1020 5615 1128 5665 τῶν
1161 5629 1219 5665 τε
1250 5612 1345 5667 δύο
1373 5612 1609 5681 φύσεων,
1641 5611 1737 5664 καὶ
1770 5611 1878 5663 τῶν

387 5704 403 5734 ³
435 5703 539 5761 lsa.
575 5717 667 5760 vn.
706 5705 786 5761 ιε.
821 5721 933 5762 sec.
966 5704 1126 5760 LXX.

1969 3123 2144 3181 factus
2174 3136 2277 3188 est,
2304 3142 2411 3181 non
2455 3136 2637 3182 autem
2664 3127 2879 3182 sublata
2903 3136 2986 3183 est
3006 3125 3312 3181 dili'erentia
3373 3135 3535 3178 natu-

1966 3232 2173 3273 rarum.
2227 3218 2537 3273 Dill‘erentia
2585 3229 2765 3274 autem
2846 3230 3179 3289 naturarum,
3208 3226 3442 3283 servata,
3485 3227 3542 3274 et

1965 3323 2153 3363 earum
2185 3312 2427 3366 actiones
2454 3312 2953 3368 conservabuntnr.
2986 3309 3190 3366 Natura
3213 3312 3359 3367 enim
3422 3325 3538 3368 non

1964 3407 2044 3455 est
2078 3414 2275 3470 expers
2333 3404 2583 3458 actionis.

2399 3582 2656 3652 Ejusdem
2698 3601 2762 3639 ex
2789 3585 2961 3657 capite
2989 3586 3081 3640 8!.

2045 3676 2255 3731 Domini
2287 3692 2416 3732 caro
2463 3686 2690 3747 propter
2737 3676 3079 3731 verissimam
3116 3674 3272 3730 verbi
3311 3676 3544 3748 conjun-

1969 3771 2205 3823 ctionem
2258 3768 2312 3822 in
2367 3784 2605 3838 persona
2655 3768 2859 3822 divinae
2910 3769 3145 3823 actionis
3192 3768 3417 3825 divitias
3456 3778 3544 3824 est

1970 3872 2285 3925 consecuta,
2318 3863 2468 3916 nullo
2514 3860 2677 3915 modo
2733 3859 2994 3915 cxcidens
3042 3860 3110 3915 ab
3156 3860 3223 3913 iis
3278 3877 3401 3931 quae
3446 3877 3545 3916 na-

1974 3964 2111 4009 tura:
2142 3970 2254 4009 suae
2285 3963 2412 4009 sunt
2438 3953 2685 4023 propria.
2717 3951 2837 4006 Non
2877 3954 3021 4007 enim
3049 3955 3264 4007 actione
3290 3968 3410 4019 sua,
3445 3955 3542 4010 sed

1973 4053 2196 4115 prepter
2252 4045 2607 4114 conjunctum
2660 4042 2918 4107 Verbum,
2976 4058 3097 4113 quae
3152 4044 3337 4097 divina
3389 4054 3540 4108 sunt,

1975 4135 2231 4200 iaciebat,
2263 4149 2388 4188 cnm
2428 4133 2668 4188 Verbum
2716 4150 2815 4203 per
2842 4136 3015 4205 ipsam
3058 4134 3338 4203 propriam
3375 4138 3547 4189 actio-

1974 4240 2099 4282 nem
2128 4225 2554 4280 demonstraret.
2589 4222 2712 4279 Urit
2741 4224 2885 4278 enim
2923 4224 3152 4295 ignitum
3181 4224 3409 4290 ferrum,
3436 4242 3545 4281 non

1977 4325 2159 4372 tamen
2188 4316 2399 4370 ratione
2424 4315 2679 4380 naturali,
2714 4315 2807 4369 sed
2841 4316 2981 4385 ignis
3012 4317 3401 4387 conjunctione
3434 4320 3543 4371 vim

1900 4387 1944 4443 θ
1974 4408 2123 4462 illam
2174 4408 2415 4462 obtinuit
2465 4407 2845 4462 comburendi.
2890 4407 3075 4477 Itaque
3117 4422 3243 4463 cum
3297 4412 3547 4465 mortalis

1970 4510 2119 4556 esset
2142 4515 2240 4569 per
2266 4515 2346 4561 se.
2376 4510 2604 4570 propter
2637 4498 2805 4555 Verbi
2846 4500 2899 4554 in
2940 4516 3176 4570 persona
3202 4503 3547 4573 conjunctio-

1971 4608 2119 4657 nem,
2140 4592 2266 4647 vita:
2290 4594 2594 4648 tribuenda:
2620 4592 2855 4647 habebat
2887 4603 3237 4662 potestatem.
3278 4595 3548 4649 Similiter

1971 4692 2028 4739 et
2067 4684 2365 4739 voluntatis
2392 4685 2739 4739 divinitatem
2764 4684 3022 4751 dicimus,
3056 4702 3167 4740 non
3198 4686 3343 4754 quod
3382 4694 3542 4739 natu-

1972 4778 2105 4832 ralis
2133 4790 2316 4833 motns
2346 4788 2490 4833 esset
2539 4778 2878 4842 immutatus,
2918 4778 3014 4832 sed
3046 4778 3194 4847 quod
3233 4786 3381 4831 esset
3420 4793 3544 4831 cum

1974 4861 2159 4916 divina
2213 4872 2377 4931 atque
2438 4861 2800 4931 omnipotenti
2855 4862 3027 4929 ipsius
3086 4861 3364 4916 voluntate
3413 4877 3547 4916 con-

1971 4945 2185 5014 jttncta.
2233 4946 2538 5014 ellectaque
2573 4946 2823 4998 voluntas
2866 4944 2961 4997 Dei
3014 4944 3288 4997 hominem
3346 4945 3544 4999 induti.

1975 5028 2340 5093 Quamobrem
2391 5044 2512 5080 cum
2544 5028 2730 5089 vellet,
2762 5029 2930 5082 latere
2977 5042 3084 5081 non
3117 5027 3295 5095 potuit
3326 5036 3548 5096 propter

1978 5113 2172 5181 ipsam,
2206 5099 2328 5165 eum
2362 5111 2469 5163 Deo
2497 5110 2676 5164 Verbo
2710 5112 2951 5179 placeret
2992 5110 3287 5165 ostendere
3319 5126 3446 5165 vere
3496 5112 3549 5165 in

1978 5210 2034 5249 se
2078 5210 2199 5248 esse
2246 5193 2493 5246 humanm
2540 5194 2841 5250 voluntatis
2898 5192 3297 5248 inﬁrmitatem.
3353 5193 3553 5247 Volens

1977 5291 2186 5338 autem,
2244 5278 2520 5345 leprosum
2574 5278 2787 5333 curavit
2836 5289 3058 5348 propter
3102 5277 3552 5346 conjunctionem

1978 5380 2102 5418 cum
2135 5362 2318 5415 divina
2367 5362 2670 5416 voluntate.
2704 5361 2997 5416 Sciendum
3027 5368 3113 5414 est
3137 5370 3321 5415 autem
3361 5375 3427 5414 ex
3460 5376 3551 5425 eo,

1978 5446 2121 5515 quod
2156 5455 2369 5505 natura,
2422 5445 2785 5515 voluntasque
2833 5443 3019 5496 divina
3070 5442 3281 5497 reddita
3312 5452 3415 5507 est,
3441 5442 3555 5498 cla-

1983 5529 2219 5589 rissime,
2245 5536 2299 5582 et
2353 5529 2697 5596 apertissime
2728 5542 2865 5583 uuas
2910 5536 3156 5594 naturas,
3190 5534 3247 5587 et
3287 5525 3423 5580 duas
3465 5540 3555 5578 vo-

1980 5612 2221 5667 luntates
2285 5611 2575 5668 declarari.
2637 5611 3111 5678 Quemadmodum
3157 5610 3302 5667 enim
3359 5608 3553 5680 lgnitio
