2010 3107
257 136 324 167 1155

860 131 1049 163 EUTHYMH
1071 132 1252 163 ZlGABENI

1826 129 1900 161 "55

255 197 308 217 non
331 193 417 216 mutat
436 189 513 224 igniti
525 194 650 216 naturam
668 189 748 221 ignis,
768 188 813 214 scd
829 188 948 215 ostendit
962 193 988 215 et
1001 188 1038 221 id,

1100 189 1139 216 5'50
1157 189 1326 223 θελημάτων.
1341 189 1509 223 Ὣσπεργὰρ
1519 188 1534 218 ἡ
1549 188 1670 220 πύρωσις
1681 187 1711 213 οὐ
1725 185 1900 221 μετ.6ἁ.λὶει

256 236 327 268 qun-I
343 235 456 270 ignitum
469 239 520 265 cst,
535 239 563 261 ct
582 234 606 259 id
621 233 691 267 quod
709 234 815 264 iuttivit,
832 239 857 259 el
873 241 927 260 nott
944 242 1040 266 unum,

256 281 303 306 sed
321 281 377 307 duo
391 281 571 309 demonstrat.
583 280 620 306 sic
639 280 720 305 etiam
739 279 876 306 ulcilicatio
891 288 943 307 non
959 288 1041 307 unatn

255 327 339 353 cllirit
363 332 488 353 naturam
506 326 685 360 compositam
698 346 704 355 ,
724 326 769 351 sr-tl
783 327 851 352 duas
874 326 986 356 indicat,
1014 330 1042 353 et

256 373 477 407 conjttuctiouem
496 372 522 397 in
541 379 665 404 persona.
685 371 818 402 Quorum,
835 372 923 406 inquit
939 371 1042 406 Grego-

256 418 314 444 rius
339 417 384 443 ille
409 416 576 451 Tlteologus,
598 424 682 442 ttutttn
699 417 790 443 cllecit
816 417 948 447 divinumI
974 417 1042 444 alte-

256 467 316 488 rum
334 461 604 492 diviuum,ellcctum
617 467 667 488 est.
683 462 719 488 Ex
732 462 786 489 illis
801 462 902 489 verbis.
912 463 1041 495 Quorum,

224 511 227 513 ’
256 511 279 533 et
294 515 373 533 unum
385 527 392 537 ,
405 512 428 533 et
445 507 558 533 alterunt
571 527 578 538 ,
596 507 649 533 duo
667 515 725 534 esse
745 507 952 536 demonstravit.

481 552 607 587 Ejusdem
624 560 656 578 ea:
668 554 754 588 capite
766 553 809 580 8:2.

299 602 426 628 Voluntas
438 602 553 627 humana
572 600 673 628 Christi
697 601 793 626 (lirina'
809 601 924 627 subdita.
943 617 978 621 —
996 602 1044 630 At.

257 650 302 684 qtti
316 649 360 674 ille
375 646 484 682 quidem
500 647 673 677 naturaliter,
686 651 713 673 et
726 651 755 672 ιιι
770 646 851 677 Deus,
862 651 889 673 et
906 651 935 673 ut
950 647 1042 680 homo,

257 695 378 722 habebat
395 697 423 719 ut
442 693 540 720 vellet:
556 697 683 719 crctcrum
702 692 822 719 divinam
842 693 930 726 ipsius
946 694 1043 720 volun—

259 745 342 767 tatem
362 740 480 766 humana
499 739 676 773 sequebatur,
694 738 775 772 eique
790 739 899 765 subdita
918 744 989 770 erat.
1014 743 1044 766 ut

258 795 317 820 qum
335 786 445 820 propria
459 786 595 812 sententia
620 793 672 812 non
693 789 859 815 moveretur,
887 792 980 811 verum
1011 791 1043 812 ea

258 832 368 859 demum
395 832 486 860 vellet.
505 839 567 865 quze
595 831 688 857 divina
715 830 774 864 ejus
798 830 926 857 voluntas
955 830 1042 865 ipsum

258 878 366 909 volebat
378 877 454 904 velle.
468 876 644 903 Permittente
674 875 809 910 siquidem
836 875 927 901 divina
944 875 1043 902 volun-

237 924 313 956 'tate
332 945 339 955 ,
357 922 519 953 naturaliter
535 930 566 949 ca
580 929 640 956 qute
654 922 706 949 sibi
730 922 839 955 propria
867 925 947 948 erant
960 921 1050 955 patie-.

259 971 370 997 batur.»
409 968 514 995 Etenim
544 975 606 994 cum
637 972 752 993 mortem
781 968 959 997 detrectaret,
974 966 1044 994 bane

259 1016 352 1041 divina
372 1014 458 1048 ipsius
472 1013 613 1039 voluntate
632 1013 668 1039 ita
689 1012 791 1038 ferente
805 1016 831 1038 et
861 1011 1042 1044 concedente;

259 1060 421 1086 naturaliter
448 1058 628 1088 detrectabat.
663 1063 744 1090 atque
777 1058 802 1083 itt
828 1057 924 1084 mortis
946 1056 1044 1092 agonia

259 1109 328 1132 erat.
352 1105 458 1132 Rursus
475 1105 567 1131 divina
587 1104 672 1137 ipsius
707 1104 848 1130 voluntate
869 1103 986 1135 valellte,
1014 1106 1044 1130 ut

260 1151 378 1177 lmmana
398 1151 526 1177 voluntas
544 1154 658 1176 mortem
679 1149 901 1183 amplecteretur,
917 1150 1045 1176 volunta-

257 1197 296 1222 ria
315 1197 368 1231 ipsi
385 1196 477 1230 passio
496 1196 556 1222 fuit.
580 1195 636 1222 Non
653 1195 725 1221 cnitn
745 1202 798 1229 qua
814 1194 886 1222 Deus
911 1194 1044 1222 duntaxat

258 1243 337 1267 morti
356 1249 384 1269 se
398 1245 495 1275 sponte
508 1241 631 1273 tradidit,
647 1241 693 1267 sed
707 1241 788 1267 etimit
805 1243 941 1274 quatenus
952 1240 1042 1267 homo.

262 1287 339 1314 Uttde
356 1288 436 1315 nobis
448 1288 530 1315 etiam
551 1286 635 1315 animi
658 1286 800 1313 audaciam
822 1286 955 1314 adversus
970 1293 1045 1312 mor-

260 1337 315 1359 tetu
333 1332 514 1366 comparavit.
529 1331 567 1357 lta
583 1333 683 1365 quippe
701 1336 765 1357 ante
792 1330 964 1357 salutiferam
988 1337 1051 1364 pas-

260 1381 367 1408 sionem
386 1386 463 1406 suam
482 1378 604 1412 loquitur
616 1387 622 1404 :
636 1377 727 1409 Pater,
738 1377 762 1403 si
773 1377 831 1411 ﬁeri
848 1380 943 1411 potest,
961 1381 1050 1402 tram-

260 1432 302 1453 rat
322 1434 338 1452 a
355 1433 395 1452 me
409 1424 482 1451 calix
497 1424 545 1451 istc
567 1423 585 1451 ¹.
601 1422 670 1450 lllud
683 1430 766 1457 porro
781 1425 900 1454 constat,
917 1422 989 1457 quod
1021 1425 1051 1448 ut

262 1473 344 1498 ltomo
364 1470 478 1498 calicem
492 1470 630 1497 bibiturus
647 1474 724 1496 crat:
741 1477 795 1495 non
815 1469 888 1496 enim
908 1472 937 1495 ut
966 1467 1049 1495 Deus.

261 1518 352 1550 Quare
365 1520 497 1550 tanquam
518 1515 599 1542 homo
618 1515 732 1542 calicem
750 1515 867 1542 transire
886 1514 953 1541 vult.
986 1513 1047 1541 Haec

1103 1513 1160 1544 σιός
1174 1513 1243 1548 εἰμι,
1261 1513 1329 1540 ἀλλὰ
1341 1514 1372 1540 τὸ
1385 1513 1440 1547 σὺν,
1457 1514 1518 1549 ἦτοι
1534 1513 1565 1540 τὺ
1586 1513 1653 1549 ὲμδν
1668 1513 1717 1540 κα)⁵
1727 1513 1774 1540 σὺν
1786 1532 1793 1544 ,

263 1568 354 1589 autem
370 1561 452 1589 verba
470 1568 485 1587 a
499 1560 617 1587 naturali
636 1564 723 1592 metu,
739 1565 765 1586 et
780 1560 968 1587 imbecillitate
986 1567 1050 1594 pro-

264 1607 332 1633 iecta
353 1610 427 1634 sunt.
450 1605 647 1637 Verumtamen,
665 1605 766 1639 inquit,
794 1613 845 1632 non
855 1613 911 1632 mea
927 1605 1049 1632 voluntas

262 1652 309 1686 fiat
326 1654 351 1684 ',
370 1656 421 1678 ttoc
441 1657 494 1683 est,
514 1658 567 1685 qua
587 1651 693 1677 ratione
707 1651 822 1678 diversa:
839 1658 852 1676 a
866 1655 893 1678 te
908 1658 969 1677 suttt
985 1651 1050 1678 sub-

261 1698 391 1730 stantiaz;
417 1698 462 1724 sed
490 1698 613 1729 tua,ltoc
639 1701 680 1723 est
706 1704 775 1728 mea,
794 1701 929 1730 quatenus
954 1696 1049 1724 eadem

261 1744 327 1771 mihi
345 1751 377 1771 ac
394 1744 444 1771 tibi
456 1743 610 1772 substantia
619 1747 672 1771 est.
684 1742 750 1776 Quae
760 1742 869 1778 quidem
883 1743 979 1770 iterum
991 1742 1049 1770 lor-

261 1791 297 1818 tis
310 1790 394 1818 animi
414 1790 495 1817 verba
521 1795 596 1817 sunt.
696 1789 804 1816 Etenim
820 1789 911 1816 anima
928 1788 1050 1822 Domini,

261 1833 308 1867 qtti
324 1832 441 1867 benigna
457 1839 507 1858 sua
528 1831 671 1858 voluntate
689 1830 773 1857 ltomo
789 1838 853 1858 vere
871 1831 959 1858 lactus
976 1835 1050 1863 erat,

260 1886 323 1906 cum
349 1878 501 1905 naturalem
526 1877 713 1904 inﬁrmitatem
734 1880 799 1904 ante
824 1881 936 1911 experta
965 1881 1050 1910 esset,

260 1928 392 1960 percepto
408 1924 515 1951 doloris
550 1930 633 1950 sensu
651 1930 683 1950 ex
702 1923 826 1957 corporis
850 1922 1050 1957 disiunctione,

260 1970 354 1998 divina
382 1977 494 1997 rursum
517 1969 661 1997 voluntate
688 1968 886 2000 corroborata,
919 1968 1052 1996 adversus

260 2020 376 2043 mortem
391 2015 537 2043 audaciam
554 2014 687 2049 concipit.
721 2013 791 2040 Nam
817 2014 882 2049 quia
914 2017 942 2041 et
975 2017 1050 2041 totus

261 2060 336 2088 Deus
353 2065 413 2087 erat
427 2067 490 2087 cum
502 2067 552 2087 sua
567 2059 751 2090 butnanitate,
767 2062 793 2085 et
804 2062 879 2085 totus
893 2057 975 2085 homo
986 2066 1051 2098 cum

264 2113 313 2135 sua
331 2106 487 2139 divinitate,
505 2106 564 2140 ipse
578 2109 708 2139 tanquam
725 2104 808 2131 homo
825 2103 852 2131 in
867 2111 898 2132 se
912 2109 940 2131 et
957 2112 1006 2139 per
1019 2112 1050 2133 se

1097 234 1146 268 τὴν
1161 234 1209 260 τοῦ
1224 234 1398 268 πυρωθέντος
1414 235 1495 268 φύσιν
1511 234 1552 264 είς
1565 233 1616 267 τὴν
1636 232 1683 259 τοῦ
1708 232 1808 266 πυρος,
1825 232 1899 257 ἀλλὰ

1096 279 1171 312 δηλοῑ
1193 279 1223 305 τό
1236 288 1266 306 τε
1281 280 1408 314 πυρωθὲν
1424 280 1471 306 καὶ
1486 279 1517 305 τδ
1533 279 1675 313 πυρῶσαν.
1691 278 1739 304 καὶ
1754 277 1807 312 οὐχ
1822 278 1898 309 ἑνὸς.

1096 325 1163 352 ἀλλὰ
1171 325 1309 352 suam“.
1325 324 1561 360 δηλωτικὸν,οὑτω
1576 324 1624 351 καὶ
1640 323 1765 358 ἡθέωσις
1779 324 1812 349 οὐ
1827 324 1898 358 μίαν

1097 372 1179 405 φύσιν
1209 372 1337 398 ἀποτελεῖ
1353 371 1498 404 σύνθετον,
1517 370 1586 398 ἀλλὰ
1599 371 1648 402 τὰς
1662 370 1710 397 δύο
1731 370 1823 404 δηλοῖ,
1848 370 1899 396 καὶ

1096 418 1145 452 τὴν
1174 417 1235 444 καθ’
1262 418 1412 444 ὑπόστασιν
1435 417 1542 444 ἕνωτιν.
1566 417 1637 452 Φησὶ
1649 417 1715 451 γοῦν
1731 418 1748 443 ὸ
1764 417 1899 449 θεολόγος

1096 465 1256 499 Γρηγόριος,
1271 461 1308 490 ὧν
1325 464 1356 490 τὸ
1368 466 1418 498 μὲν
1430 464 1542 495 ὲθέωσε,
1558 463 1588 490 τὸ
1598 463 1626 490 δὲ
1643 462 1760 498 tamen.
1772 460 1827 489 Ὧν
1839 463 1899 498 γὰρ

1096 511 1180 537 εἰπὼν
1201 510 1247 537 καὶ
1272 510 1303 537 τὺ
1319 510 1379 544 μὲν,
1394 510 1440 536 καὶ
1459 509 1489 535 τὸ
1503 509 1543 540 δὲ,
1563 509 1609 535 δύο
1624 509 1736 541 ἔδειξεν.

1214 554 1268 582 Τοῦ
1285 555 1379 582 αὐτοῦ
1395 555 1430 582 ἐκ
1445 554 1500 582 τοῦ
1517 555 1568 587 πβ¹
1585 556 1770 589 [fessa/tatam

1127 598 1191 635 Εἶχε
1205 601 1254 635 μὲν
1269 598 1316 627 οὖν
1334 601 1467 634 φυσικῶς,
1482 602 1528 627 καὶ
1540 601 1576 632 ὡς
1586 601 1662 632 Θεὸς,
1676 601 1724 627 καὶ
1735 601 1775 632 ὡς
1786 599 1895 634 ἄνθρω-

1093 654 1153 677 πος,
1174 646 1204 672 τὸ
1227 646 1315 672 θέλειν
1326 653 1333 660 ⁸
1349 647 1442 672 εἵπετο
1454 647 1482 673 δὲ
1500 647 1546 673 καὶ
1563 647 1735 672 ὑπετάσσετο
1750 645 1788 680 τῷ
1806 644 1894 671 αὑτοῦ

1094 690 1228 725 θελήματι
1241 691 1272 717 τὸ
1283 692 1465 727 ἀνθρώπινον,
1480 693 1517 727 μὴ
1532 692 1694 727 κινούμενον
1708 691 1810 726 γνώμῃ
1829 690 1896 725 ἰδίᾳ,

1094 736 1161 763 ἀλλὰ
1176 737 1262 763 ταῦτα
1277 737 1372 770 θέλων,
1389 737 1407 765 ἃ
1430 739 1460 764 τὸ
1484 738 1554 765 θεῖον
1569 738 1654 764 αὑτοῦ
1671 737 1751 772 ῆθελε
1767 737 1896 771 θέλημα.

1095 783 1318 819 Παραχωρούσης
1331 784 1385 818 γὰρ
1401 785 1451 818 τῆς
1470 784 1546 816 θείας
1567 784 1716 819 θελήσεως,
1733 783 1846 817 ἔπασχε
1861 782 1898 808 τὰ

1097 828 1149 855 ἴδια
1170 830 1304 863 φυσικῶς.
1322 830 1387 857 "Ore
1400 832 1449 865 μὲν
1465 830 1518 866 γὰρ
1533 831 1682 866 παρῃτεῖτο
1692 829 1736 855 τὸν
1758 829 1895 856 θάνατον.

1096 875 1218 909 φυσικῶς
1229 877 1279 910 τῆς
1295 876 1370 907 θείας
1389 875 1472 903 αὐτοῦ
1498 876 1653 911 θελησάςης
1679 876 1822 910 θελήσεως
1848 875 1898 900 καὶ

1095 921 1348 956 παραχωρησάσης,
1361 922 1539 957 παρῃτήσατο
1549 922 1593 948 τὸν
1606 921 1730 953 θάνατον,
1748 920 1896 955 ἠγωνίασέ

1094 973 1125 991 τε
1139 965 1186 991 καὶ
1201 965 1332 992 ὲδειλιασε
1343 974 1350 981 °
1367 967 1414 993 καὶ
1430 967 1474 993 ὅτε
1489 967 1584 1001 ἢθελεν
1602 967 1619 1000 ἡ
1637 966 1697 992 θεία
1709 965 1794 992 αὑτοῦ
1811 965 1898 999 85"";-

1097 1017 1139 1041 σις
1152 1009 1289 1044 αἱρεῖσθαι
1304 1009 1352 1045 τὴν
1367 1010 1544 1045 ἀνθρωπίνην
1555 1010 1639 1036 αὐτοῦ
1655 1009 1765 1045 θέλησιν
1782 1010 1833 1035 τὸν
1848 1009 1897 1035 θάο

1097 1065 1185 1088 νατον,
1203 1056 1326 1083 ἑκούσιον
1344 1056 1412 1092 αὐτῇ
1497 1056 1527 1082 τὸ
1543 1055 1630 1086 πάθος
1644 1056 1768 1088 ὲγένετο’
1787 1055 1820 1081 οὐ
1839 1055 1898 1089 γὰρ

1098 1101 1165 1128 καθὸ
1184 1102 1249 1134 Θεὸς
1266 1102 1345 1137 μόνον
1357 1102 1489 1133 ἑκουσίως
1500 1102 1598 1128 ἑαυτὸν
1614 1101 1773 1135 παρέδωκεν
1788 1101 1834 1131 είς
1849 1100 1900 1126 θά-

1098 1157 1187 1179 νατον,
1208 1148 1275 1174 ἀλλὰ
1287 1149 1334 1175 καὶ
1349 1148 1417 1175 καθὸ
1425 1148 1579 1183 ἄνθρωπος.
1595 1148 1677 1174 Ὅθεν
1690 1148 1762 1173 κατὰ
1775 1147 1899 1173 θανάτου

1098 1195 1200 1229 τόλμαν
1214 1194 1261 1220 καὶ
1273 1195 1341 1229 ἡμῖν
1358 1194 1517 1229 ἐχαρίσατο,
1532 1193 1604 1220 οὑτω
1623 1193 1688 1227 γοῦν
1708 1193 1763 1227 πρὸ
1777 1192 1828 1219 τοῦ
1843 1202 1898 1219 σω-

1098 1239 1194 1273 τηρίου
1209 1239 1312 1271 πάθους
1329 1239 1410 1274 φησί’
1427 1240 1533 1274 Πάτερ,
1551 1241 1577 1266 εὶ
1593 1239 1727 1266 δυνατὸν
1748 1238 1900 1272 παρελθέ-

1099 1292 1139 1310 τω
1151 1284 1200 1311 ἀπ’
1212 1284 1284 1319 ἐμοῦ
1296 1285 1330 1312 τὸ
1340 1285 1486 1320 ποτήριον
1496 1284 1586 1312 τοῦτο
1596 1293 1602 1299 ·
1616 1284 1736 1320 δηλονότι
1746 1284 1785 1315 ὡς
1795 1284 1903 1318 ἄνθρω-

1101 1337 1152 1361 πος
1166 1330 1196 1357 τὺ
1210 1331 1342 1366 ποτήριον
1371 1331 1459 1358 πίνειν
1474 1331 1603 1367 ἔμελλεν·
1620 1332 1650 1359 οὐ
1673 1332 1729 1367 γὰρ
1755 1331 1796 1363 ὡς
1819 1332 1902 1365 Θεός.

1107 1375 1150 1406 Ὧς
1166 1375 1310 1411 ἄνθρωπος
1331 1376 1422 1403 τοίνυν
1442 1376 1513 1404 θέλει
1530 1377 1561 1404 τδ
1578 1379 1708 1412 ποτήριον
1727 1378 1880 1413 παρελθείθ
1892 1385 1903 1394 ·

1101 1420 1187 1447 ταῦτα
1203 1421 1251 1455 τῆς
1278 1422 1397 1457 φυσικῆς
1419 1422 1520 1454 δειλίας
1542 1422 1577 1449 τὰ
1606 1423 1731 1458 ῥήματα·
1753 1423 1844 1457 Πλὴν
1856 1424 1901 1458 μὴ

1100 1466 1134 1492 τὸ
1150 1466 1225 1501 ἐμὸν
1239 1466 1370 1501 γενέσθω
1389 1467 1514 1502 θέλημα,
1526 1468 1586 1503 ἦτοι
1609 1468 1670 1495 καθ’
1681 1468 1696 1495 ὃ
1712 1468 1759 1495 σοῦ
1771 1469 1902 1504 hem-5-

1837 1514 1891 1541 καθ
1896 1507 1904 1516 “

1100 1559 1114 1585 ὃ
1134 1559 1176 1586 σοὶ
1191 1559 1301 1594 πέφυκα
1320 1559 1479 1595 ὁμοούσιος·
1496 1559 1584 1587 ταῦτα
1598 1560 1649 1594 τῆς
1660 1560 1806 1595 εὐτολμίας
1816 1560 1902 1587 πάλιν

1103 1605 1215 1640 ῥήματα
1226 1612 1233 1619 ·
1251 1605 1384 1641 πρότερον
1399 1605 1454 1640 γὰρ
1470 1605 1520 1639 τῆς
1546 1605 1665 1640 φυσικῆς
1678 1605 1824 1636 ἀσθενείας
1837 1613 1900 1631 πει-

1104 1650 1227 1684 ραθεῖσα,
1245 1651 1305 1677 κατ’
1322 1650 1450 1685 αἴσθησιν
1461 1650 1511 1684 τὴν
1528 1651 1575 1677 ἐπὶ
1589 1650 1628 1685 τῷ
1642 1649 1780 1685 χωρισμῷ
1793 1650 1901 1677 ιιιίτῶ

1102 1694 1230 1730 σώματος
1254 1695 1300 1722 καὶ
1324 1696 1441 1731 φυσικὴν
1469 1695 1642 1731 συμπάθειαν
1665 1695 1792 1722 παθοῦσα
1817 1696 1837 1731 ἡ
1852 1695 1901 1722 τοῦ

1102 1741 1208 1777 Κυρίου
1225 1741 1310 1777 ψυχὴ,
1329 1740 1368 1773 ὡς
1382 1740 1492 1776 ἀληθῶς
1511 1741 1658 1777 ἀνθρώπου
1672 1741 1822 1776 γενομένου
1839 1741 1903 1768 κατ’

1102 1788 1229 1814 εὐδοκίαν
1242 1787 1326 1814 αὑτοῦ
1337 1795 1344 1802 ο
1356 1785 1435 1819 αὖθις
1444 1787 1485 1823 τῷ
1497 1787 1562 1823 θείῳ
1575 1788 1743 1824 νευρωθεῐσα
1751 1787 1901 1823 θελήματι,

1101 1834 1149 1861 τοῦ
1165 1834 1283 1861 θανάτου
1306 1834 1557 1870 καταθαρρύνεται.
1579 1834 1690 1870 Ἐπειδὴ
1708 1834 1763 1869 γὰρ
1783 1835 1798 1861 ὸ
1818 1834 1901 1865 αὐτὸς

1102 1881 1161 1912 ὅλος
1175 1878 1210 1916 ἦν
1225 1881 1290 1912 Θεὸς
1301 1881 1370 1916 μετὰ
1378 1881 1428 1915 τῆς
1438 1880 1652 1916 ἀνθρωπότητος
1666 1880 1761 1912 αὑτοῦ,
1778 1881 1827 1905 καὶ
1840 1879 1902 1910 ὅλος

1102 1926 1247 1962 ἄνθρωπος
1263 1927 1333 1960 μετὰ
1348 1926 1398 1961 τῆς
1423 1925 1507 1952 αὑτοῦ
1531 1925 1674 1959 θεότητος,
1697 1924 1781 1955 αὐτὸς
1797 1924 1837 1956 ὡς
1853 1923 1902 1950 ἆν-

1103 1972 1212 2007 θρωπος
1228 1973 1257 1998 ὲν
1275 1971 1365 2006 ἑαυτῷ
1381 1971 1429 1998 καὶ
1443 1971 1476 1997 δι’
1492 1970 1590 1998 ἑαυτοῦ
1608 1970 1725 2002 ὑπέταξε
1742 1970 1774 1996 τὺ
1792 1969 1903 2005 ἀνθρὼ-

1102 2026 1181 2044 πινον
1192 2018 1231 2052 τῷ
1242 2017 1302 2053 Θεῷ
1316 2018 1362 2044 καὶ
1381 2018 1481 2052 Πατρὶ,
1493 2017 1579 2043 τύπον
1595 2017 1662 2051 ἡμῖν
1677 2016 1777 2043 ἑαυτὸν
1788 2016 1903 2050 ἄριστον

1103 2063 1150 2089 καὶ
1167 2063 1351 2099 ὕπύγραμμον
1364 2063 1462 2096 διδοὺς,
1481 2063 1529 2089 καὶ
1547 2062 1668 2097 ὑπήκοος
1685 2062 1725 2097 τῷ
1742 2062 1835 2097 Πατρὶ
1854 2061 1903 2096 7t-

1102 2117 1191 2143 γονεν.

263 2152 288 2180 id
303 2150 379 2186 quod
395 2152 546 2178 humanttnt
561 2154 631 2183 erat,
649 2149 705 2178 Deo
720 2153 748 2178 et
764 2149 840 2177 Patri
868 2149 999 2185 subjecit,
1016 2156 1045 2178 et
1064 2152 1139 2181 Patri
1156 2155 1247 2183 factus
1276 2154 1420 2188 obediens,
1441 2153 1698 2190 pmtantissimam
1725 2160 1789 2180 sese
1823 2153 1905 2181 nebit

261 2196 376 2224 formam
391 2201 419 2224 et
432 2197 586 2231 exemplum
604 2196 730 2231 praebuit.

297 2241 413 2270 Frustra
439 2243 509 2270 ratio
524 2244 550 2270 in
566 2243 682 2273 homine,
695 2243 718 2269 si
733 2241 806 2276 desit
819 2242 860 2269 illi
883 2242 1004 2270 libertas.
1016 2258 1047 2263 —

1139 2243 1331 2276 Δύτεξουσίως
1358 2243 1387 2270 δὲ
1409 2243 1489 2279 ῆθελι
1510 2243 1550 2278 τῷ
1579 2242 1645 2277 θείῳ
1667 2242 1715 2268 καὶ
1734 2243 1904 2279 ἀνθρωπίνῳ

261 2289 362 2318 Libere
379 2297 461 2324 porro
491 2289 601 2316 volebat
623 2292 680 2315 IUIII
698 2287 808 2321 divinae,
838 2293 894 2315 tum
924 2288 1053 2316 humana:

261 2336 414 2363 voluntatis
429 2335 546 2362 ratione.
564 2334 645 2362 Omni
669 2334 771 2369 qttippe
796 2338 902 2361 natura;
924 2334 1052 2362 rationali

262 2381 347 2409 libera
362 2382 491 2409 voluntas
508 2388 522 2407 a
539 2385 636 2407 natura
653 2380 735 2408 insita
749 2384 803 2407 est.
821 2380 960 2413 Quorsum
977 2381 1050 2408 enint

261 2427 364 2462 alioqui
378 2430 482 2462 partem
500 2427 667 2453 rationalem
689 2426 812 2458 habebit,
838 2427 862 2454 si
891 2434 946 2453 nott
967 2426 1053 2454 libere

261 2472 467 2499 ratiocinatur?
491 2471 559 2498 Nam
582 2472 736 2500 naturalem
756 2472 867 2507 quidem
895 2473 1050 2507 appetitum

261 2526 387 2546 summus
403 2518 505 2553 Opifex
527 2518 617 2546 brutis
634 2518 718 2545 etiam
738 2517 846 2549 ittdidit,
864 2525 920 2552 quo
945 2518 978 2544 ad
996 2525 1053 2545 suae

265 2569 373 2592 natura!
387 2565 628 2592 conservationem
644 2565 807 2592 necessitate
820 2564 970 2591 ducuntur.
981 2564 1050 2592 Cum

260 2609 335 2637 enim
353 2609 459 2637 ratione
473 2613 595 2640 careant.
617 2609 719 2636 ducere
738 2618 792 2636 non
813 2613 939 2644 possunt,
955 2618 1050 2637 verum

260 2655 381 2683 naturali
396 2655 537 2682 ducuntur
551 2655 683 2690 appetitu.
713 2654 751 2681 Ex
783 2663 837 2690 quo
856 2655 893 2687 tit,
923 2660 952 2682 ut
969 2655 1051 2682 simul

260 2704 345 2735 atque
365 2699 502 2735 appetitus
519 2699 618 2732 oritur,
635 2700 728 2727 statim
746 2699 779 2726 ad
802 2701 936 2735 agt-udum
959 2700 1050 2736 prosi-

260 2746 340 2775 liant.
357 2745 451 2781 Neque
464 2745 537 2773 ettim
552 2746 660 2773 ratione
673 2750 721 2773 aut
738 2746 866 2778 consilio,
880 2751 928 2773 aut
958 2746 1052 2774 cousi-

261 2791 415 2824 dcratione,
440 2796 487 2819 aut
510 2792 617 2825 judicio
646 2796 770 2820 utuntur.
801 2792 840 2819 Ac
864 2792 979 2826 proinde
1001 2799 1052 2820 uec

304 2841 312 2855 ¹
328 2841 422 2868 Matth.
438 2849 510 2875 xxvi,
525 2841 558 2869 39
574 2851 582 2872 ;
598 2842 665 2870 Luc.
680 2850 746 2874 xxu,
761 2843 805 2869 4'2.

1104 2288 1247 2324 θελήματι.
1263 2289 1342 2325 Πάσῃ
1353 2289 1408 2325 γὰρ
1426 2289 1522 2324 λογικῇ
1539 2287 1619 2323 φύσει
1632 2288 1742 2320 πάντως
1752 2290 1904 2324 ἐμπέφυκε

1101 2335 1133 2361 τὸ
1148 2334 1324 2368 αὐτεξούσιον
1349 2336 1465 2372 θέλημα.
1483 2337 1529 2370 Et;
1546 2338 1573 2364 τί
1585 2338 1641 2374 γὰρ
1658 2338 1714 2371 ἔξει
1729 2339 1760 2365 τὸ
1777 2339 1903 2373 λογικὸν,

1104 2380 1142 2416 μὴ
1160 2380 1345 2414 αὐτεξουσίως
1370 2381 1548 2418 λογιζομένη;
1577 2383 1628 2418 τὴν
1642 2384 1691 2419 μὲν
1708 2384 1763 2419 γὰρ
1780 2385 1905 2420 φυσικὴν

1101 2424 1191 2461 ὄρεξιν
1201 2426 1248 2453 καὶ
1261 2428 1318 2459 τοῖς
1331 2427 1440 2461 ἀλόγοις
1456 2428 1535 2460 ζώοις
1544 2430 1558 2455 ὁ
1568 2429 1739 2465 Δημιουργὺς
1755 2431 1906 2467 ὲνὲσπειρε

1102 2471 1171 2506 πρὸς
1198 2471 1328 2499 σύστασιν
1351 2473 1402 2508 τῆς
1430 2473 1534 2504 οἰκείας
1552 2473 1661 2508 φύσεως
1682 2474 1906 2509 ἠναγκασμένοις

1101 2518 1170 2545 αὐτὰ
1184 2518 1315 2552 ἄγουσαν.
1334 2518 1423 2552 Λόγου
1443 2519 1498 2555 γὰρ
1515 2519 1686 2555 ἀμοιροῦντα
1702 2524 1713 2538 ο
1735 2520 1765 2546 οὐ
1787 2520 1906 2547 δύναται

1103 2564 1191 2599 ἄγειν,
1216 2565 1274 2591 ἀλλ’
1289 2564 1386 2598 ἄγεται
1402 2564 1455 2590 ὑπὸ
1470 2565 1518 2599 τῆς
1535 2565 1655 2600 φυσικῆς
1666 2564 1795 2600 ὀρέξεως.
1818 2566 1905 2593 Ὅθεν

1105 2610 1163 2644 ἃμα
1182 2611 1198 2645 ἠ
1217 2610 1307 2645 δρεξις
1322 2611 1446 2645 γένηται,
1462 2610 1563 2642 εὐθέως
1579 2612 1627 2638 καὶ
1648 2613 1665 2646 ἡ
1681 2612 1750 2647 πρὸς
1764 2611 1817 2647 τὴν
1832 2614 1905 2647 πρᾶ-

1106 2655 1145 2687 ξιν
1157 2656 1230 2691 ὁρμή
1241 2664 1247 2671 ·
1264 2656 1294 2682 οὑ
1313 2656 1366 2691 γὰρ
1381 2655 1463 2691 λόγῳ,
1479 2656 1495 2690 ἢ
1510 2656 1603 2691 βουλῇ,
1619 2656 1636 2691 ἥ
1655 2656 1762 2690 σκέψει,
1778 2657 1796 2692 ἢ
1812 2657 1904 2692 κρίσει

1106 2701 1249 2737 κέχρηται.
1266 2701 1347 2728 Ὅθεν
1358 2700 1419 2728 οὔτε
1435 2702 1473 2733 ὡς
1484 2701 1582 2737 ἀρετὴν
1595 2702 1722 2736 μετιόντα
1737 2703 1902 2733 ἐπαινεῖται,

1102 2747 1149 2773 καὶ
1167 2746 1362 2782 μακαρίζεται,
1390 2746 1453 2773 οὔτε
1475 2747 1512 2778 ὡς
1529 2747 1628 2774 κακίαν
1644 2748 1800 2782 πράττοντα
1820 2749 1902 2773 κολά-

1102 2791 1189 2824 ζεται.
1207 2792 1237 2818 ῚΙ
1254 2792 1280 2818 δὲ
1296 2792 1393 2826 λογικὴ
1411 2793 1491 2825 φύσις
1505 2793 1563 2827 ἔχει
1580 2793 1629 2827 μὲν
1648 2793 1696 2828 τὴν
1712 2794 1833 2828 φυσικὴν
1843 2794 1903 2828 δρε-
