4032 6210
266 291 287 354 1
310 292 405 352 157
1257 288 1625 350 PANOPLIA
1664 288 1889 348 DOGMl

2001 288 2183 347 .CA.-
2237 288 2386 350 TlT.
2420 289 2578 349 XXI.
3398 293 3532 358 1158

260 408 353 474 ξιν
385 404 740 474 κινουμένην,
785 403 893 457 ύπὺ
917 403 974 457 δὲ
1011 403 1104 458 τοῦ
1135 403 1309 471 Λόγου
1349 402 1628 473 ἀγομένην
1667 419 1726 454 τε
1757 405 1853 455 καὶ
1886 451 1889 460 ,

2001 403 2110 458 elut
2133 403 2320 458 virtuti
2354 405 2629 460 studentia
2665 405 2980 472 laudantur,
3011 423 3074 462 ae
3110 406 3269 462 beata
3299 423 3528 463 censen-

265 499 679 571 ῥυθμιζομένην
707 496 802 548 ἐπὶ
842 496 951 548 τῶν
982 494 1367 564 φυλασσόντων
1400 493 1460 545 τὺ
1490 491 1632 546 κατὰ
1654 491 1815 560 φύσιν
1837 507 1852 524 ο

2001 511 2088 563 ιι-;
2116 511 2217 552 nec
2245 508 2504 567 tanquam
2539 497 2742 552 malum
2767 500 2983 569 agentia
3046 502 3381 570 plectuntur.
3412 501 3536 556 Na-

266 593 372 646 τοῦ
407 592 516 662 γὰρ
549 589 724 658 Λόγου
767 589 1093 660 προτέρημα
1125 585 1280 640 τοῦτό
1309 587 1478 652 εστιν,
1515 588 1547 656 ἡ
1581 585 1843 650 αὐτεξού-

2001 604 2080 642 tra
2120 605 2252 644 vero
2286 590 2573 646 rationalis
2605 589 2774 645 habet
2801 590 3022 659 quidem
3056 592 3363 646 naturalem
3429 605 3531 661 ap-

266 703 390 748 σιος
423 683 664 754 θέλησις,
690 685 887 752 ἥντινα
924 681 1163 751 φυσικὴν
1217 682 1273 734 ὲν
1303 678 1383 749 τῷ
1413 679 1623 749 λογικῷ
1668 696 1854 750 φαμεν

2001 684 2217 749 etitum,
2253 684 2344 753 qui
2379 694 2702 750 moveatur;
2739 683 3008 753 ejusmodi
3045 693 3248 749 tamen,
3290 695 3350 737 ut
3378 684 3431 738 in
3470 684 3538 738 iis

266 777 514 845 κίνησιν·
549 775 633 827 διὸ
666 774 758 826 καὶ
783 773 857 836 ὡς
885 771 1088 844 ἀρετὴν
1117 770 1380 842 μετιοῦσα
1423 773 1735 826 ἐπαινεῖται
1765 773 1858 840 καὶ

2001 790 2080 830 uae
2110 784 2320 828 natura:
2369 785 2794 829 consentaneam
2849 775 3237 829 rectitudinem
3294 785 3536 836 servant.

273 863 676 935 μακαρίζεται,
716 864 809 919 καὶ
841 864 917 928 ὠς
941 865 1140 917 κακίαν
1172 862 1436 935 μετιοῦσα
1477 863 1784 928 κολάζεται.

2024 867 2235 921 ratione
2255 867 2592 935 gubernetur
2618 881 2680 920 ac
2700 875 3081 935 componatur.
3114 849 3359 921 RatiOnis
3386 868 3537 922 enim

273 955 650 1024 prmccllentia
687 955 802 1008 haec
837 965 942 1018 est,
976 953 1163 1010 liberm
1188 953 1482 1024 potestatis
1527 955 1786 1009 voluntas
1823 973 1835 1010 :
1877 971 2038 1025 quam
2074 955 2291 1025 quidem
2323 957 2623 1011 naturalem
2675 966 2882 1011 motum
2914 958 2968 1011 in
3029 958 3332 1012 substantia
3365 953 3538 1012 ratio-

275 1050 398 1102 nali
432 1049 688 1104 dicimus.
721 1048 908 1116 anue
946 1048 1014 1104 de
1039 1066 1203 1106 causa
1239 1062 1295 1105 et
1329 1065 1455 1105 cum
1489 1050 1757 1106 virtutem
1783 1050 1934 1113 colit,
1958 1051 2173 1106 laudem
2209 1050 2440 1117 obtinet,
2480 1065 2545 1107 ac
2598 1050 2754 1106 beata
2785 1051 3154 1121 praedicatur;
3183 1059 3239 1105 et
3299 1065 3424 1106 cum
3481 1065 3542 1107 se

274 1142 421 1196 vitio
455 1140 627 1205 dedit,
664 1141 913 1210 punitur.
1785 1193 1788 1196 ,

354 1236 514 1289 Ὥστε
540 1233 699 1304 ἡθελε
729 1234 827 1301 μὲν
843 1233 1212 1298 αὐτεξουσίως
1239 1233 1537 1303 κινουμένη
1575 1235 1609 1303 ἠ
1639 1232 1731 1285 τοῦ
1753 1232 1862 1284 Ku-

281 1327 405 1397 ρίου
436 1325 604 1394 ψυχὴ,
625 1323 738 1376 ἀλλ’
767 1324 948 1377 ἐκεῖνα
968 1323 1333 1389 αὐτεξουσίως
1356 1325 1572 1396 ἢθελεν,
1605 1324 1642 1378 ἃ.
1682 1327 1714 1392 ἡ
1747 1323 1868 1378 θεία

277 1417 456 1470 αὑτοῦ
482 1416 700 1486 θέλησις
724 1414 882 1486 ἤθελε
924 1415 1098 1467 θέλειν
1143 1415 1338 1486 αὐτήν.
1375 1416 1450 1468 Οὐ
1485 1417 1596 1487 γὰρ
1637 1415 1867 1485 νεύματι

280 1510 385 1562 τοῦ
431 1508 606 1575 Λόγου
664 1508 698 1576 ἡ
732 1507 870 1574 σὰρξ
900 1507 1152 1559 ἐκινεῖτο·
1208 1509 1306 1559 καὶ
1362 1507 1602 1578 Μωῦσης
1636 1508 1743 1578 γὰρ
1772 1507 1868 1560 καὶ

281 1602 492 1663 πάντες
521 1601 570 1652 oi
600 1600 744 1666 ᾶγιοι
763 1598 993 1668 νεύματι
1021 1598 1151 1666 θείῳ
1184 1599 1484 1652 ἐκινοῦντο⁸
1517 1599 1632 1652 ἀλλ’
1653 1603 1682 1652 ό
1706 1599 1867 1662 αὐτὸς

2051 1231 2248 1286 Divina
2303 1242 2353 1286 et
2375 1232 2624 1287 humanm
2671 1234 2958 1287 voluntatis
2988 1233 3269 1288 discrimen
3307 1235 3361 1288 in
3391 1236 3546 1292 Citrio

1971 1333 2074 1378 sto.
2107 1353 2169 1364 -—
2198 1325 2335 1394 Ergo
2368 1325 2585 1380 volebat
2615 1325 2839 1396 quidem
2873 1326 3088 1381 Domini
3131 1328 3312 1382 anima
3368 1327 3543 1384 libere

1973 1416 2230 1479 excitata,
2260 1417 2354 1471 sed
2387 1432 2450 1472 ea
2478 1417 2651 1471 libere
2673 1417 2894 1472 demum
2937 1418 3174 1484 volebat,
3212 1434 3334 1488 qua:
3358 1419 3542 1474 divina

1975 1508 2146 1578 ipsius
2174 1508 2427 1563 voluntas
2465 1509 2602 1563 velle
2638 1523 2755 1562 eam
2777 1509 3013 1564 volebat.
3048 1509 3165 1564 Non
3199 1509 3346 1565 enim
3381 1507 3548 1564 Verbi

1976 1605 2113 1649 nutu
2149 1610 2278 1650 caro
2309 1599 2820 1668 movebatur,juxta
2871 1615 2935 1653 ac
3001 1599 3181 1654 Moses
3251 1608 3306 1653 et
3361 1595 3544 1654 sancti

280 1687 368 1755 εἷς
391 1691 465 1744 ῶν
487 1689 618 1752 Θεός
649 1706 708 1742 τε
739 1691 831 1742 καὶ
871 1687 967 1742 ἆνθ
979 1704 1181 1760 ρωπος,
1207 1687 1350 1741 κατά
1379 1704 1438 1740 τε
1469 1687 1568 1756 τὴν
1597 1687 1749 1740 θείαν
1773 1687 1867 1739 καὶ

2001 1702 2163 1740 ωηοε
2193 1686 2380 1740 divino
2409 1698 2546 1741 nutu
2578 1689 2938 1742 movebantur
2971 1705 2986 1742 :
3020 1703 3212 1742 verum
3245 1688 3388 1742 idem
3428 1690 3548 1760 ipse

283 1787 393 1853 τὴν
417 1781 771 1852 ἀνθρωπίνην
794 1780 951 1850 ἤθελε
974 1780 1215 1832 θέλησιν·
1245 1779 1325 1832 διὸ
1363 1780 1423 1832 ού
1454 1778 1668 1850 γνώμῃ,
1706 1796 1868 1847 φυσι-

286 1878 366 1946 κῇ
399 1876 456 1929 δὲ
489 1874 688 1945 μᾶλλον
717 1872 974 1941 δυνάμει,
1033 1874 1088 1926 αί
1129 1871 1222 1924 δύο
1249 1871 1345 1934 τοῦ
1379 1870 1587 1940 Κυρίου
1617 1870 1866 1938 θελήσεις

289 1969 546 2036 διέφερον
567 1964 837 2034 ἀλλήλων.
877 1964 941 2015 ἸΙ
989 1963 1086 2034 μὲν
1122 1963 1230 2033 γὰρ
1274 1962 1398 2015 Θεία
1449 1961 1618 2016 αὑτοῦ
1650 1962 1867 2032 θέλησις

291 2059 534 2130 ᾶναρχὸς
563 2074 620 2111 τε
657 2057 752 2110 καὶ
775 2056 1113 2126 παντουργδς
1127 2051 1218 2123 ἦν,
1245 2053 1520 2123 ἑπομένην
1548 2053 1748 2124 ἔχουσα
1770 2055 1869 2125 τὴν

291 2152 558 2221 δύναμιν,
586 2152 682 2202 καὶ
719 2147 961 2215 ἀπαθής·
983 2148 1016 2216 ἡ
1039 2146 1095 2198 δὲ
1108 2145 1426 2216 ἀνθρωπίνη
1449 2146 1616 2198 αὐτοῦ
1639 2146 1858 2216 θέλησις

294 2245 414 2298 ἀπὸ
439 2241 631 2311 χρόνου
669 2238 895 2309 ἤρξατο,
924 2238 1020 2290 καὶ
1057 2237 1197 2308 αὑτὴ
1222 2237 1290 2291 τὰ
1321 2237 1532 2304 φυσικὰ
1586 2241 1682 2294 καὶ
1721 2239 1872 2294 ἀδιά-

297 2334 481 2400 ϐλητα
503 2331 651 2401 πάθη
688 2330 973 2399 ὑπέμεινε,
1008 2330 1101 2380 καὶ¹
1128 2327 1374 2396 φυσικῶς
1404 2330 1503 2398 μὲν
1522 2331 1580 2382 οὐ
1610 2330 1872 2383 παντοδύο

297 2442 478 2494 ναμος
508 2420 597 2494 ἦν,
625 2422 702 2486 ὡς
733 2423 789 2476 δὲ
829 2421 923 2475 τοῦ
955 2419 1090 2473 Θεοῦ
1146 2421 1324 2488 Λόγου
1358 2421 1575 2491 ἀληθῶς
1610 2424 1701 2477 καὶ
1730 2423 1873 2476 κατὰ

301 2523 470 2586 φύσιν
499 2515 788 2585 γενομένη,
817 2514 912 2569 καὶ
942 2512 1367 2582 παντοδύναμος.

1975 1792 2100 1832 cum
2130 1789 2186 1834 et
2211 1778 2356 1832 Deus
2383 1789 2439 1832 et
2469 1780 2630 1834 homo
2655 1791 2820 1846 esset,
2848 1788 2962 1833 tum
3004 1780 3210 1844 divina,
3269 1789 3384 1836 tum
3431 1781 3556 1835 .hu-'

1975 1887 2134 1927 mana
2169 1872 2452 1926 voluntate
2481 1871 2719 1928 volebat.
2750 1871 2833 1927 Ob
2860 1886 2982 1926 eam
3012 1887 3234 1928 causam
3285 1887 3393 1926 non
3422 1887 3555 1930 con-

1975 1963 2100 2018 silio
2129 1977 2192 2016 ac
2221 1963 2514 2027 sententia,
2547 1964 2641 2018 sed
2705 1963 2976 2018 naturalis
3041 1965 3225 2032 potius
3275 1963 3554 2018 facultatis

1976 2055 2210 2118 ratione,
2243 2054 2362 2108 dua:
2419 2052 2636 2108 Domini
2659 2053 2971 2107 voluntates
3025 2051 3170 2108 inter
3202 2067 3260 2107 se
3321 2053 3556 2107 disside-

1976 2143 2132 2198 bant.
2172 2142 2387 2197 Etenim
2434 2142 2621 2196 divina
2674 2143 2794 2211 ejus
2845 2143 3100 2196 voluntas
3156 2140 3410 2210 principii
3452 2156 3554 2196 ex-

1977 2250 2106 2305 pers
2127 2236 2412 2306 omnisque
2437 2236 2515 2290 rei
2543 2234 2790 2290 ell‘ectrix
2826 2245 2945 2291 erat
2968 2246 3054 2303 ,ut
3115 2244 3246 2304 pote
3299 2235 3557 2290 comitem

1980 2327 2276 2398 p0tentiam
2312 2327 2542 2392 habens,
2573 2337 2630 2381 et
2657 2326 2765 2396 pati
2794 2327 2998 2383 nescia.
3027 2327 3094 2381 At
3126 2327 3366 2381 humana
3385 2326 3560 2394 ipsius

1981 2419 2256 2485 voluntas,
2292 2428 2404 2473 tum
2433 2420 2548 2490 ipsa
2577 2421 2633 2474 in
2673 2431 2919 2489 tempore
2951 2419 3168 2474 initium
3199 2417 3408 2482 habuit,
3439 2425 3554 2471 tum

1978 2527 2072 2567 eas
2097 2512 2380 2582 passiones
2411 2513 2688 2575 sustinuit.
2715 2527 2837 2582 quae
2874 2513 3152 2568 naturales
3192 2521 3274 2566 et.
3309 2509 3562 2568 innocuae

298 2619 484 2669 erant.
512 2608 589 2664 Ac
615 2618 806 2664 natura
838 2609 1059 2678 quidem
1080 2609 1429 2678 omnipotens
1453 2621 1561 2662 non
1598 2619 1749 2674 erat;
1785 2616 1845 2662 ut
1878 2617 2062 2665 autem
2096 2607 2189 2662 Dei
2231 2605 2394 2662 Verbi
2445 2620 2571 2661 vere
2623 2621 2688 2660 ac
2745 2605 3011 2661 naturalis
3056 2606 3198 2660 facta
3251 2615 3388 2672 erat,
3417 2603 3557 2659 nihil

300 2715 528 2772 quoque
564 2698 680 2770 ipsa
713 2713 818 2754 non
844 2708 1078 2768 poterat.

645 2923 778 2978 ’Τοῦ
804 2921 994 2977 αὑτοῦ
1023 2923 1367 2991 Κεφαλαίον
1392 2921 1509 2993 πγί.

2508 2925 2756 2995 Ejusdem
2784 2936 2938 2995 caput
2975 2926 3063 2981 83.

402 3015 462 3070 '0
499 3015 768 3084 μακάριος
825 3013 1102 3076 Διονύσιος
1157 3015 1355 3074 καινήν
1385 3031 1506 3067 τινα
1551 3013 1878 3084 θεανδρικὴν

2063 3013 2198 3068 Cum
2226 3014 2419 3070 beatus
2445 3016 2734 3087 Dionysius
2757 3018 3033 3072 Christum
3057 3032 3252 3072 novam
3272 3019 3564 3089 quamdam

312 3112 605 3179 ἐνέργειαν
643 3108 823 3177 φήσας
850 3108 941 3159 τὸν
973 3107 1208 3178 Χριστὸν
1233 3108 1364 3175 ἡμῖν
1398 3105 1882 3175 πεπολιτευμένον,

215 3236 226 3241 -
312 3203 421 3254 οὐκ
446 3200 686 3270 ἀναιρῶν
711 3200 811 3262 τὰς
846 3200 1079 3265 φυσικὰς
1099 3197 1404 3269 ἐνεργείας,
1435 3200 1563 3266 μίαν
1595 3197 1879 3266 ἐνέργειαν

314 3295 384 3346 ἐκ
411 3309 472 3344 τε
497 3293 592 3359 τῆς
616 3290 964 3360 ἀνθρωπίνης
989 3291 1084 3342 καὶ
1113 3289 1262 3352 θείας
1287 3290 1661 3359 γεγενημένην
1687 3287 1852 3358 φησίν
1873 3301 1888 3317 ο

313 3382 466 3435 οὕτω
502 3383 610 3451 γὰρ
643 3381 708 3434 ἂν
747 3380 840 3433 καὶ
879 3382 1010 3447 μίαν
1055 3379 1218 3448 φύσιν
1265 3380 1518 3448 εἴποιμεν
1575 3379 1796 3446 καινὴν,
1829 3378 1894 3429 ὲκ

316 3477 476 3538 θείας
519 3492 582 3528 τε
625 3474 723 3527 καὶ
770 3471 1118 3541 ἀνθρωπίνης
1173 3471 1550 3539 γεγενημένην
1577 3484 1592 3499 ⁶
1651 3464 1728 3523 ὧν
1787 3469 1894 3539 γὰρ

313 3569 574 3638 ἐνέργεια
613 3565 732 3636 μία,
761 3563 966 3617 τούτων
1021 3562 1118 3615 καὶ
1157 3564 1190 3632 ἠ
1223 3561 1378 3615 οὐσία
1411 3562 1530 3630 μία,
1567 3562 1713 3614 κατὰ
1769 3562 1896 3622 τοὺς

318 3663 516 3732 ἁγίους
537 3672 559 3695 ⁸
581 3661 832 3730 Πατέρας
853 3672 868 3688 ⁶
899 3658 1036 3713 ἀλλὰ
1067 3657 1236 3710 θέλων
1265 3656 1436 3718 δείξαι
1465 3655 1556 3708 τὸν
1583 3653 1770 3707 καινὸν
1801 3653 1898 3707 καὶ

319 3756 640 3824 ἀπόρρητον
672 3753 877 3823 τρόπον
937 3753 1035 3820 τῆς
1079 3749 1188 3802 τῶν
1239 3747 1486 3815 φυσικῶν
1520 3744 1615 3798 τοῦ
1653 3742 1896 3814 Χριστοῦ

321 3847 622 3916 ἐνεργειῶν
649 3846 986 3913 ὲκφάνσεως,
1016 3841 1094 3910 τῷ
1121 3840 1416 3911 ἀπορρήτῳ
1452 3839 1640 3906 τρόπῳ
1682 3836 1786 3906 τῆς
1816 3839 1899 3899 είς

321 3939 535 4009 ἄλληλα
547 3937 654 3990 τῶν
673 3935 768 3990 τοῦ
789 3936 1027 4006 Χριστοῦ
1049 3933 1265 4003 φύσεων
1286 3930 1712 3999 περιχωρήσεως
1735 3943 1903 3996 προσ-

324 4033 532 4102 φόρως,
559 4032 650 4083 καὶ
706 4027 807 4098 τὴν
859 4025 1001 4080 κατὰ
1059 4024 1348 4091 ἄνθρωπον
1396 4020 1563 4073 αὐτοῦ
1621 4015 1900 4072 πολιτείαν

291 4124 494 4194 ,ξένην
549 4124 645 4176 καί⁸
702 4119 1023 4191 παράδοξον,
1087 4117 1185 4175 καὶ
1239 4118 1306 4186 τῇ
1374 4113 1536 4183 φύσει
1559 4113 1668 4165 τῶν
1730 4111 1901 4165 όντων

323 4219 632 4288 ἄγνωστον,
659 4217 752 4270 τόν
780 4231 836 4267 τε
877 4212 1078 4282 τρόπον
1127 4209 1227 4280 τῆς
1278 4206 1420 4260 κατὰ
1447 4205 1546 4275 τὴν
1579 4204 1902 4276 ἀπόρρητον

1998 3105 2395 3167 theandricam,
2427 3121 2521 3161 seu
2555 3109 2646 3161 Dei
2675 3109 2913 3162 simulet
2967 3108 3092 3175 viri,
3150 3109 3422 3163 actionem
3466 3125 3567 3163 no-

1997 3196 2208 3251 biscum
2241 3198 2442 3252 obiisse
2473 3198 2628 3260 dicit,
2695 3213 2800 3252 non
2868 3209 2927 3253 ut
2982 3201 3264 3254 naturales
3320 3202 3566 3256 actiones

2001 3287 2174 3352 tollat,
2236 3303 2396 3340 unam
2456 3303 2522 3342 ex
2573 3289 2810 3344 humana
2892 3298 2948 3345 et
3013 3290 3199 3344 divina
3293 3291 3563 3344 actionem

1999 3378 2288 3434 Conﬂataut
2317 3380 2475 3435 docct
2507 3381 2592 3451 (ad
2633 3383 2777 3438 hunc
2804 3383 2951 3438 enim
2983 3383 3203 3437 modum
3232 3397 3396 3437 unam
3433 3397 3574 3451 quo-

2005 3487 2110 3541 que
2141 3487 2338 3525 novam
2373 3485 2623 3527 naturam
2647 3489 2711 3528 ex
2737 3475 2921 3528 divina
2951 3484 3007 3529 et
3040 3475 3278 3528 humana
3321 3473 3574 3528 elIectant

2001 3563 2344 3628 diceremus;
2402 3564 2528 3631 quia
2585 3578 2818 3630 quorum
2864 3565 3006 3617 actio
3055 3579 3161 3616 una
3213 3573 3318 3627 est,
3375 3563 3572 3617 horum

2003 3651 2193 3714 etiam,
2227 3660 2285 3704 ut
2312 3650 2559 3704 sentiunt
2587 3651 2798 3716 Patres,
2837 3667 2941 3704 una
2993 3661 3078 3706 est
3136 3651 3421 3720 essentia),
3479 3667 3575 3705 ve-

2007 3757 2128 3795 rum
2162 3743 2234 3794 ita
2277 3742 2542 3812 loquitur,
2577 3753 2634 3795 ut
2662 3755 2862 3795 novum
2897 3741 3028 3795 illud
3061 3750 3118 3796 et
3147 3755 3407 3796 arcanum
3459 3756 3580 3796 mo-

2007 3834 2158 3898 dum,
2185 3847 2294 3901 quo
2320 3833 2594 3886 naturales
2623 3831 2830 3887 Christi
2855 3832 3102 3887 actiones
3161 3847 3220 3886 se
3275 3831 3576 3901 explicant,

2007 3941 2211 3980 arcano
2235 3927 2311 3981 illi
2341 3936 2543 3981 mutuae
2601 3937 2926 3980 naturarum
2986 3926 3159 3996 ipsius
3209 3925 3579 3981 immeationis

2011 4020 2174 4074 modo
2212 4029 2625 4089 congruentem,
2677 4021 2975 4074 humanum
3037 4020 3164 4074 item
3216 4021 3338 4073 vitae
3407 4034 3579 4089 genus

2011 4128 2212 4167 novum
2242 4123 2296 4166 ct
2336 4113 2678 4179 admirabile,
2734 4117 2899 4184 inque
2951 4130 3136 4170 rerum
3189 4123 3383 4169 natura
3432 4115 3584 4169 inco-

2012 4205 2270 4275 gnitum;
2335 4222 2394 4259 ac
2425 4204 2660 4273 denique
2710 4206 2933 4259 alterum
2998 4207 3148 4260 illius
3207 4207 3585 4260 communica-

313 4281 519 4368 ἕνωσιν
547 4281 923 4375 ἀντιδόσεωςον
954 4312 1016 4365 ού
1056 4309 1166 4381 γὰρ
1212 4307 1552 4380 διηρημένας
1586 4305 1768 4375 φαμὲν
1803 4303 1889 4371 τὰς

2011 4299 2183 4354 tionis
2207 4337 2223 4362 ,
2252 4315 2375 4369 quae
2409 4315 2474 4354 ex
2507 4298 2774 4354 incll‘abili
2811 4296 3061 4351 unitione
3085 4296 3288 4356 oritur,
3323 4291 3593 4346 rationem

314 4403 624 4474 ἐνεργείας,
663 4402 786 4456 οὐδὲ
812 4401 1156 4472 διῃρημένως
1195 4397 1525 4469 ἐνεργούσας
1553 4396 1649 4460 τὰς
1688 4393 1900 4465 φύσεις,

316 4494 748 4564 ἁλλ’ἡνωμένως
789 4494 1027 4560 ἑκάστην
1063 4491 1201 4562 μετὰ
1227 4491 1324 4559 τῆς
1360 4489 1589 4558 θατέρου
1619 4487 1904 4549 κοινωνίας

225 4628 228 4629 ν
317 4585 656 4654 ἐνεργοῦσαν
681 4583 829 4636 τοῦθ’
853 4585 989 4654 ὅπερ
1040 4583 1172 4635 ίδιον
1221 4582 1473 4650 ἔσχηκεν.
1523 4576 1664 4631 Οὔτε
1703 4576 1814 4649 γὰρ
1837 4576 1906 4628 τὰ

320 4677 653 4748 ἀνθρώπινα
731 4675 1089 4745 ἀνθρωπίνως
1146 4673 1448 4743 ἐνήργησεν
1471 4682 1488 4699 ⁶
1528 4669 1586 4722 οὐ
1614 4669 1724 4738 7&9
1753 4667 1908 4738 ψιλὸς

321 4768 397 4842 ἦν
434 4769 758 4841 ἄνθρωπος’
801 4766 925 4820 οὗτε
964 4765 1038 4819 τὰ
1082 4765 1205 4818 θεῖα
1243 4763 1386 4817 κατὰ
1427 4761 1560 4816 Θεὸν
1605 4762 1766 4832 μόνον
1789 4775 1804 4790 ⁸
1846 4757 1908 4811 οὐ

321 4863 438 4932 7&9
475 4857 545 4933 ἦν
578 4859 784 4930 γυμνὸς
844 4859 999 4922 Θεὸς,
1041 4855 1176 4910 ἀλλὰ
1227 4854 1359 4917 Θεὸς
1395 4852 1534 4924 όμοῦ
1657 4848 1916 4918 ὑπάρχων

323 4953 428 5008 καὶ
461 4953 769 5023 ἄνθρωπος.
802 4952 1015 5020 Ὠσπερ
1070 4948 1180 5019 γὰρ
1217 4945 1326 4998 τῶν
1388 4945 1627 5014 φύσεων,
1676 4941 1772 4995 καὶ⁸
1816 4939 1915 5011 τὴν

324 5050 549 5109 ἱνωσιν,
607 5046 700 5098 καὶ
759 5045 856 5114 τὴν
918 5042 1154 5112 φυσικὴν
1219 5039 1483 5110 διαφορὰν
1550 5032 1915 5104 ἐπιστάμεθα,

326 5139 596 5194 οὕτωκαὶ
665 5136 777 5190 τῶν
835 5134 1082 5203 φυσικῶν
1131 5132 1456 5202 θελημάτων
1506 5143 1566 5181 τε
1621 5128 1716 5180 καὶ
1759 5125 1916 5197 Eva-:9-

329 5234 523 5303 γειῶν.

421 5325 619 5379 ’ἰστέον
655 5320 970 5393 τοιγαροῦν,
1003 5320 1076 5384 ὡς
1120 5319 1213 5372 ἐπὶ
1252 5314 1347 5369 τοῦ
1377 5313 1584 5384 Κυρίου
1615 5309 1772 5382 ἡμῶν
1820 5308 1922 5378 Ἴης

337 5419 434 5474 σοῦ
492 5416 755 5490 Χριστοῦ,
797 5415 929 5468 ποτὲ
981 5413 1080 5484 μὲν
1129 5412 1204 5473 ῶς
1240 5409 1335 5464 ἐπὶ
1387 5407 1482 5461 δύο
1583 5403 1798 5473 φύσεων
1833 5401 1925 5454 τὸν

335 5514 498 5581 λόγον
524 5509 857 5579 ποιούμεθα,
899 5507 1029 5560 ποτὲ
1087 5504 1142 5558 δὲ
1172 5503 1246 5565 ὡς
1296 5501 1380 5570 ἐφ’
1430 5498 1548 5562 ἐνὸς
1601 5494 1925 5567 προσώπου,

2013 4388 2306 4444 indicaret.
2366 4387 2482 4443 Non
2525 4390 2671 4444 enim
2715 4397 2809 4442 aut
2842 4387 3126 4454 sejunctas
3161 4382 3448 4443 actiones,
3503 4386 3595 4432 aut

2016 4490 2246 4534 naturas
2277 4478 2498 4534 divisim
2541 4479 2758 4547 Operari
2803 4477 3046 4532 dicimus
3073 4514 3088 4539 ,
3125 4473 3220 4528 sed
3257 4470 3596 4540 conjunctitn

2017 4577 2312 4638 utramque
2357 4583 2482 4623 eum
2541 4569 2769 4622 alterius
2819 4568 3209 4622 communione
3262 4561 3396 4616 illud
3452 4555 3597 4628 quod

2019 4677 2255 4732 quaeque
2286 4660 2572 4731 proprium
2610 4660 2774 4714 habet
2805 4675 2994 4730 agere.
3105 4655 3295 4726 Neque
3321 4652 3467 4707 enim
3499 4649 3597 4702 hu.

2022 4769 2186 4809 mana
2221 4755 2544 4809 humanitus
2577 4751 2886 4815 elﬁciehat,
2921 4766 3046 4804 cum
3081 4762 3257 4818 purus
3292 4745 3456 4798 homo
3491 4755 3599 4796 non

2023 4855 2213 4910 esset;
2268 4862 2370 4902 nec
2405 4861 2598 4900 rursus
2631 4845 2816 4899 divina
2849 4843 3037 4897 divino
3082 4840 3354 4892 duntaxat
3403 4831 3600 4896 modo,

2024 4938 2476 5008 quandoquidem
2509 4955 2616 4992 non
2651 4939 2830 4992 solum
2862 4933 3008 4986 Deus
3038 4937 3157 4983 erat
3178 4967 3193 4989 ,
3227 4927 3320 4982 sed
3353 4924 3496 4979 Deus
3529 4926 3601 4977 si-

2027 5031 2141 5084 mnl
2173 5037 2226 5084 et
2275 5029 2458 5084 homo.
2489 5027 2624 5082 Nam
2672 5029 2748 5080 uti
2787 5033 3109 5079 naturarum
3152 5028 3266 5073 tum
3308 5017 3603 5078 unionem,

2030 5129 2143 5174 tum
2185 5121 2486 5173 naturalem
2526 5118 2938 5173 distinctionem
2976 5113 3280 5176 habemus,
3327 5110 3399 5162 ita
3439 5107 3605 5161 etiam

2029 5213 2365 5266 naturalium
2397 5212 2744 5264 voluntatum
2777 5219 2832 5262 et
2865 5206 3264 5276 operationum.

2104 5304 2384 5357 Aelianum
2412 5300 2611 5356 Christi
2638 5302 2845 5354 alterna
2874 5293 3304 5352 communicatio.
3334 5321 3401 5334 —
3421 5291 3608 5360 Itaque

2033 5395 2321 5452 sciendum
2352 5405 2471 5456 est,
2507 5395 2561 5447 in
2595 5393 2826 5447 Domino
2863 5397 3057 5445 nostro
3090 5386 3218 5442 Jesu
3255 5384 3481 5440 Christo
3513 5398 3611 5438 nos

2033 5488 2310 5543 interdum
2338 5525 2352 5548 ,
2397 5493 2659 5555 tanquam
2701 5484 2767 5538 de
2797 5481 3013 5537 duabus
3051 5481 3270 5534 naturis
3299 5489 3612 5533 sermonem

339 5607 436 5658 καὶ
464 5603 622 5656 τοῦτο
646 5601 704 5654 δὲ
737 5601 959 5653 κάκεῖνο
982 5599 1060 5659 εἰς
1089 5594 1218 5665 μίαν
1242 5590 1577 5660 ἀναφέρεται
1608 5587 1841 5639 ἔννοιαν·
1873 5602 1889 5636 c

2033 5579 2276 5641 habere,
2317 5577 2597 5632 interdum
2633 5587 2894 5643 tanquam
2930 5571 3000 5625 de
3048 5588 3154 5625 una
3205 5583 3484 5640 persona:
3534 5575 3612 5619 at-

341 5698 452 5765 γὰρ
477 5696 570 5750 δύο
603 5694 792 5764 φύσεις
824 5687 903 5756 εἷς
949 5693 1062 5744 ἐστι
1101 5685 1356 5755 Χριστὸς,
1390 5682 1486 5738 καὶ
1526 5683 1555 5736 ό
1587 5675 1668 5742 είς
1696 5676 1930 5750 Χριστὸς

2036 5687 2143 5742 quo
2174 5671 2279 5726 hoc
2305 5676 2360 5726 et
2387 5666 2524 5724 illud
2554 5666 2620 5721 ad
2649 5663 2903 5721 eumdem
2939 5676 3162 5719 sensum
3193 5661 3451 5716 refertur.
3481 5655 3615 5710 Nam
