4020 6214
492 279 631 345 1159

1765 275 2142 337 ΕυΤΠῩΜΙΙ
2188 276 2313 338 ZiG
2330 273 2576 339 ABENI.

3626 271 3777 335 1359

486 430 536 480 et
570 424 693 479 dua!
726 431 940 479 natum
966 437 1111 479 unus
1144 421 1405 477 Christus
1439 428 1563 487 est;
1606 429 1659 475 et
1710 438 1855 477 unus
1898 422 2063 477 Citri-

2190 434 2257 487 ξύο
2292 433 2482 503 φύσεις
2504 428 2655 484 ἐστί’
2687 428 2884 482 ταύτὸν
2932 422 3023 481 οῦν
3054 427 3198 480 ἐστιν
3241 428 3417 479 εἰπεῖν
3441 443 3453 455 ο
3488 427 3715 495 ἐνεργεῖ
3742 426 3779 477 ὁ

487 524 647 579 stus,
678 519 802 572 duze
852 526 1082 572 naturae.
1135 514 1325 583 Itaque
1373 514 1601 569 dicere:
1638 514 1763 583 Agit
1811 515 2067 571 Christus

487 610 793 664 secundum
849 616 1143 675 utramque
1199 614 1491 672 naturam;
1546 605 1777 676 perinde
1830 615 1950 670 est,
2003 622 2069 660 ac

488 710 611 753 cum
652 698 910 771 dicimus
947 714 961 749 :
997 697 1121 765 Agit
1182 704 1417 766 utraque
1472 704 1671 750 natura
1740 696 1794 749 in
1846 697 2071 751 Christo

489 800 612 841 cum
656 772 887 842 alterius
931 788 1342 842 communione.
1390 788 1575 853 Quare
1616 788 1807 841 divina
1846 787 2069 857 quidem

450 868 453 871 ⁷
490 882 686 959 ποίῳ
716 892 784 931 eo
816 878 1039 933 nomine
1073 895 1199 931 cum
1245 894 1412 933 carne
1453 888 1718 948 operante
1761 879 2072 934 communi-

474 975 577 1020 cat
598 1005 613 1031 ,
646 964 955 1037 quod'caro
984 970 1187 1024 divime
1214 972 1516 1026 voluntatis
1550 972 1917 1041 beneplacito,
1952 986 2073 1041 qua:

433 1069 443 1085 λ
490 1049 595 1128 ipsi
626 1046 863 1131 propria
906 1070 1073 1125 sunt,
1107 1063 1216 1131 pati
1252 1073 1302 1117 et
1339 1078 1502 1131 agere
1543 1064 1781 1128 sinatnr,
1817 1065 2074 1133 quodque

489 1151 676 1208 carn‘is
708 1154 854 1207 actio
883 1140 1114 1221 prorsus
1147 1154 1435 1209 salutifera
1481 1155 1598 1217 sit;
1656 1154 1706 1207 id
1764 1158 1908 1224 quod
1964 1171 2071 1209 non

490 1246 784 1307 humanm,
828 1246 921 1300 sed
959 1246 1153 1300 divina:
1186 1248 1375 1315 potius
1413 1247 1659 1301 actionis
1692 1254 1794 1299 est.
1840 1248 1909 1298 At
1942 1261 2074 1299 caro

490 1338 738 1392 vicissim
770 1354 895 1392 cum
931 1348 1197 1407 operante
1225 1337 1391 1392 Verbi
1428 1339 1723 1391 divinitate
1763 1339 2075 1392 communi-

490 1427 656 1479 cabat
679 1466 693 1487 ,
725 1435 837 1480 tum
874 1428 1003 1494 quia
1041 1444 1137 1496 per
1169 1444 1375 1497 corpus
1407 1428 1579 1482 veluti
1607 1444 1703 1497 per
1738 1430 2077 1482 instrumen-

492 1524 607 1568 tum
642 1514 958 1584 quoddam,
1018 1518 1235 1571 divinas
1285 1519 1532 1571 actiones
1592 1519 1905 1584 emt-iebat;
1960 1530 2073 1574 tum

456 1606 623 1674 .quia
656 1600 801 1664 unus
834 1606 1089 1677 idemque
1119 1618 1275 1673 erat,
1310 1612 1404 1679 qui
1452 1620 1504 1664 et
1537 1611 1725 1665 divino
1771 1613 1973 1676 simul,
2021 1620 2075 1666 et

436 1696 737 1758 -‘hu'nano
774 1700 936 1754 modo
970 1702 1325 1769 operabatur.

500 1788 503 1791 “
566 1787 720 1843 Mena
744 1791 999 1850 humana,
1027 1805 1081 1845 ut
1112 1793 1278 1847 Verbo
1303 1798 1675 1852 communicet.
1698 1830 1766 1840 —
1791 1797 1949 1854 Scire
1980 1815 2075 1853 att-

494 1882 605 1933 tem
638 1880 871 1943 attinet,
906 1893 1159 1935 sanctam
1193 1899 1412 1953 quoque
1445 1886 1619 1955 ipsius
1840 1901 2074 1946 mentem

497 1958 783 2024 naturales
816 1987 945 2025 suas
977 1972 1229 2027 actiones
1280 1978 1530 2045 exsequi.
1578 1978 1713 2031 Nam
1765 1988 1819 2033 et
1873 1995 1932 2035 se
1984 1980 2075 2035 Dei

496 2071 734 2116 mentem
773 2074 935 2128 esse,
979 2071 1146 2133 atque
1189 2066 1260 2120 ab
1310 2068 1569 2121 omnibus
1626 2070 1790 2126 rebus
1841 2073 2078 2129 conditis

498 2150 719 2205 adorari
749 2153 962 2223 cogitat
986 2164 1039 2209 et
1064 2158 1345 2226 agnoscit,
1375 2173 1436 2212 ac
1464 2174 1658 2213 eorum
1692 2178 1814 2231 qua:
1842 2164 1895 2216 in
1933 2174 2078 2219 terra

500 2244 671 2312 gessit
704 2254 760 2298 et
801 2248 1061 2315 pertulit,
1099 2252 1444 2305 recordatur.
1478 2253 1750 2308 Caeterum
1782 2270 1909 2309 cum
1944 2273 2079 2328 ope-

500 2345 657 2391 rante
693 2336 852 2393 Verbi
890 2338 1130 2405 deitate,
1168 2357 1278 2413 qua
1319 2352 1520 2397 cuncta
1567 2356 1835 2416 reguntur
1875 2356 1928 2402 et
1980 2365 2082 2419 gu-

502 2425 835 2491 bernantur,
884 2431 1298 2494 communicat,
1353 2433 1540 2487 omnia
1595 2436 1949 2507 intelligens,
1985 2454 2082 2493 co-

501 2527 815 2585 gnoscens,
869 2524 924 2571 et
979 2519 1420 2587 administrans,
1473 2539 1583 2578 non
1641 2533 1699 2579 ut
1752 2526 1985 2597 simplex
2030 2536 2085 2583 et

501 2602 648 2657 nuda
670 2618 825 2660 mens
860 2606 1121 2673 hominis,
1150 2609 1247 2664 sed
1280 2618 1339 2665 ut
1367 2627 1490 2682 qua:
1524 2612 1633 2668 Deo
1665 2616 1967 2671 secundum
1989 2618 2085 2690 hy-

504 2697 780 2766 postasim
812 2699 966 2753 unita
995 2701 1092 2767 sit,
1126 2701 1334 2770 Deique
1365 2719 1520 2760 mens
1552 2706 1801 2761 exsistat.

579 2785 912 2843 Thcandrica
938 2788 1137 2845 Christi
1159 2792 1323 2847 actio.
1343 2793 1570 2849 -—Nihil
1600 2796 1767 2867 igitur
1791 2798 1935 2852 aliud
1962 2798 2087 2855 the~

504 2879 737 2935 andrica
771 2886 919 2938 actio
949 2884 1201 2941 declarat
1220 2926 1235 2952 ,
1265 2903 1431 2958 quam
1462 2889 1610 2960 quod
1638 2889 1749 2944 Deo
1776 2890 1923 2946 facto
1946 2893 2085 2958 viro,

507 2970 616 3026 hoc
648 2981 736 3027 est
758 3012 774 3037 ,
807 2974 1101 3031 incarnato
1123 3014 1138 3039 ,
1173 2978 1414 3034 humana
1447 2997 1679 3052 quaeque
1721 2983 1898 3053 ipsius
1941 2988 2087 3041 actio

2167 526 2402 597 Χριστὸς
2464 523 2587 575 καθ’
2654 522 2923 592 ἑκατέραν
2985 521 3093 574 τῶν
3148 519 3311 573 αὐτοῦ
3372 519 3610 587 φύσεων,
3673 517 3777 569 καὶ

2169 618 2382 687 ἐνεργεῖ
2414 614 2651 685 ἑκατέρα
2692 612 2854 683 φύσις
2886 614 2942 665 ἐν
2976 610 3053 683 τῷ
3099 611 3324 680 Χριστῷ
3368 611 3508 677 μετὰ
3537 612 3641 679 τῆς
3669 612 3778 661 θα-

2168 709 2330 780 τέρου
2358 703 2664 767 κοινωνίας.
2734 706 3001 759 Κοινωνεῖ
3048 702 3230 757 τοίνυν
3262 704 3292 769 ἡ
3332 702 3427 771 μὲν
3450 701 3571 753 θεία
3602 700 3775 768 φύσις

2170 804 2235 873 τῇ
2268 799 2431 872 σαρκὶ
2462 796 2761 868 ἑνεργούσῃ
2792 795 2881 848 διὰ
2921 795 2982 848 τὸ
3010 794 3230 865 εὐδοκίᾳ
3264 797 3361 863 τῆς
3416 792 3566 853 Θείας
3598 793 3776 859 Θελή-

2173 907 2309 951 σεως
2342 886 2790 959 παραχωρεῖσθαι
2820 884 3050 953 πάσχειν
3086 883 3179 935 καὶ
3214 884 3477 953 πράττειν
3506 882 3576 935 τὰ
3626 881 3736 934 ἴδια
3757 921 3777 944 ,

2173 982 2267 1035 καὶ
2292 980 2381 1033 διὰ
2409 979 2471 1032 τὸ
2497 979 2593 1048 τὴν
2622 977 2906 1048 ἐνέργειαν
2939 976 3036 1045 τῆς
3074 975 3278 1046 σαρκὸς
3319 976 3541 1037 πάντως
3626 971 3777 1028 εἶναι

2176 1074 2472 1141 σωτήριον·
2507 1071 2645 1140 ὅπερ
2674 1069 2735 1121 οὐ
2768 1069 2869 1136 τῆς
2892 1066 3241 1136 ἀνθρωπίνης
3271 1066 3560 1136 ἐνεργείας
3588 1067 3773 1130 ἐστὶν,

2174 1161 2312 1213 ἀλλὰ
2340 1162 2440 1231 τῆς
2480 1160 2652 1221 θείας.
2696 1157 2761 1210 Ἢ
2812 1157 2868 1209 δέ
2926 1156 3064 1226 σὰρξ
3090 1158 3156 1227 τῇ
3188 1156 3407 1226 θεότητι
3445 1156 3541 1208 τοῦ
3585 1157 3773 1223 Λόγου

2175 1249 2499 1320 ἐνεργούσῃ,
2523 1249 2611 1302 διά
2628 1265 2686 1301 τε
2722 1249 2783 1301 τὸ
2810 1247 2883 1310 ὡς
2914 1246 2980 1301 δι’
3002 1247 3237 1318 ὀργάνου
3265 1247 3359 1299 τοῦ
3387 1245 3645 1315 σώματος
3673 1250 3778 1311 τὰς

2176 1344 2323 1406 θείας
2381 1341 2721 1395 ἐκτελεῖσθαι
2786 1340 3093 1411 ἐνεργείας,
3153 1340 3246 1391 καὶ
3301 1340 3389 1391 διὰ
3438 1339 3501 1391 τὸ
3547 1340 3651 1391 ἕνα
3690 1336 3777 1392 εἶ-

2177 1454 2265 1489 ναι
2319 1435 2412 1489 τὸν
2473 1433 2804 1505 ἐνεργοῦντα
2861 1432 3058 1495 θεῖκῶς
3103 1448 3163 1484 τε
3214 1430 3354 1501 ἅμα,
3401 1430 3498 1483 καί⁵
3550 1431 3780 1501 ἀνθρω-

2178 1544 2370 1590 πινως.

2252 1792 2465 1847 Είδέναι
2509 1791 2566 1844 δέ
2623 1787 2729 1859 χρὴ
2950 1788 3025 1850 ὡς
3067 1789 3094 1840 ὁ
3130 1786 3285 1854 ἅγιος
3322 1784 3488 1838 αὑτοῦ
3514 1785 3648 1849 νοῦς
3680 1786 3784 1839 καὶ

2178 1888 2276 1951 τὰς
2311 1883 2547 1954 φυσικὰς
2596 1880 2761 1934 αὐτοῦ
2804 1880 3022 1951 ἐνεργεῖ
3083 1879 3385 1948 ἐνεργείας,
3416 1878 3556 1931 νοῶν
3586 1896 3649 1931 τε
3682 1881 3780 1931 καὶ

2178 1978 2463 2046 γινώσκων
2497 1974 2718 2028 ὃτιέστι
2748 1971 2883 2024 Θεοῦ
2951 1969 3096 2035 νοῦς,
3156 1971 3249 2024 καὶ
3296 1973 3377 2024 ὅτι
3438 1972 3545 2024 ὑπὸ
3590 1972 3781 2041 πάσης

2182 2072 2572 2143 προσκυνεῖται
2610 2066 2713 2136 τῆς
2744 2066 3000 2129 κτίσεως,
3029 2065 3124 2116 καὶ
3152 2064 3507 2134 μεμνημένος
3548 2066 3664 2117 τῶν
3688 2064 3782 2117 ἐπὶ

2180 2163 2279 2233 τῆς
2308 2164 2411 2231 γῆς
2434 2157 2601 2212 αὑτοῦ
2626 2156 2922 2228 διατριϐῶν
2956 2172 3016 2208 τε
3059 2157 3154 2209 καὶ
3197 2154 3409 2219 παθῶν,
3446 2157 3783 2211 κοινωνεῖᾶ

2182 2253 2483 2327 ἑνεργούσῃ
2514 2254 2579 2322 τῇ
2630 2248 2723 2303 τοῦ
2778 2249 2953 2317 Λόγου
2983 2249 3218 2319 θεότητι,
3265 2250 3357 2301 καὶ
3382 2249 3657 2322 διεπούσῃ
3689 2250 3785 2303 καὶ

2183 2343 2506 2415 κυϐερνώσῃ
2522 2342 2581 2396 τὸ
2619 2342 2750 2407 πᾶν,
2788 2341 2946 2407 νοῶν,
2983 2340 3076 2395 καὶ
3100 2338 3410 2410 γινώσκων,
3432 2341 3527 2394 καὶ
3550 2341 3785 2404 διέπων,

2183 2438 2282 2508 οὐχ
2321 2436 2397 2499 ὡς
2463 2434 2641 2505 ψιλδςκ
2665 2432 2958 2504 ἀνθρώπου
3017 2432 3163 2495 νοῦς,
3214 2433 3333 2487 ἀλλ’
3383 2433 3459 2496 ὡς
3489 2433 3616 2503 Θεῷ
3658 2433 3789 2486 καθ’

2188 2532 2489 2584 ὑπόστασιν
2525 2528 2824 2599 ἡνωμένος,
2856 2525 2952 2579 καὶ
2969 2524 3105 2579 Θεοῦ
3133 2524 3257 2589 νοῦς
3274 2524 3654 2595 χρηματίσας.

2259 2792 2433 2848 Τοῦτο
2454 2788 2546 2848 οὖν
2578 2792 2729 2863 δηλοῖ
2758 2793 2791 2863 ἡ
2827 2791 3119 2863 θεανδρικὴ
3153 2792 3425 2860 ἐνέργεια.
3457 2794 3537 2847 ὅτι
3568 2793 3791 2868 ἀνδρω-

2190 2883 2374 2946 θέντος
2407 2882 2566 2949 Θεοῦ,
2598 2883 2767 2953 ἦγουν
2800 2882 3345 2953 ἐνανθρωπήσαντος,
3368 2885 3462 2936 καὶ
3489 2886 3524 2955 ἠ
3565 2886 3791 2955 ἀνθρω-

2193 2975 2320 3047 πίνη
2345 2974 2511 3028 αὒτοῦ
2540 2974 2789 3046 ἐνέργεια
2813 2972 2934 3027 θεία
2959 2969 3050 3042 ἦν,
3097 2974 3267 3043 ἤγουν
3309 2975 3652 3046 τεθεωμένη,
3690 2977 3792 3030 καὶ

504 3063 691 3118 divina
723 3074 875 3133 erat,
905 3066 1026 3122 sive
1055 3068 1310 3123 deiﬁcata
1334 3110 1350 3133 ,
1390 3087 1492 3126 nec
1517 3073 1717 3127 divina:
1750 3074 1927 3143 ipsius
1955 3090 2080 3144 ope-

2192 3068 2292 3121 οὑκ
2316 3067 2542 3138 ἄμοιρος
2574 3065 2671 3136 τῆς
2698 3064 2850 3128 θείας
2892 3065 3057 3119 αὑτοῦ
3117 3066 3421 3136 ἐνεργείας,
3464 3072 3562 3120 καὶ
3595 3069 3627 3137 ἡ
3660 3068 3792 3121 θεία

504 3156 738 3212 rationis
787 3172 1031 3226 expers:
1085 3174 1423 3231 rursumque
1475 3163 1662 3217 divina
1717 3164 1896 3233 ipsius
1945 3169 2091 3224 actio

506 3244 761 3302 humana:
797 3249 974 3319 ipsius
1011 3251 1253 3306 actionis
1289 3268 1486 3308 exsors
1527 3271 1634 3309 non
1676 3265 1793 3310 erat
1823 3275 1837 3323 ;
1889 3274 2081 3313 verum

504 3348 744 3407 utraque
802 3357 910 3395 una
965 3356 1092 3397 cum
1144 3344 1315 3398 altera
1370 3343 1855 3399 considerabatur.
1909 3344 2086 3401 Porro

502 3432 699 3486 modus
738 3430 829 3483 hic
878 3427 1137 3497 loquendi
1197 3426 1529 3495 περίφρασις
1592 3426 1813 3488 dicitur,
1862 3423 2084 3493 quando

501 3522 753 3595 quisduo
815 3518 1059 3589 quaedam
1148 3534 1256 3573 una
1332 3517 1572 3571 dictione
1660 3514 2071 3583 complectitur.

498 3611 971 3683 Quemadmodum
1012 3610 1159 3667 enim
1214 3609 1388 3680 igniti}
1419 3608 1580 3679 gladii
1636 3607 1862 3661 incisam
1916 3621 2080 3661 unam

504 3708 797 3767 ustionem,
843 3715 1008 3775 atque
1064 3704 1299 3758 inustam
1355 3704 1656 3756 sectionem
1705 3700 1965 3763 dicimus,
2027 3706 2084 3753 et

504 3808 686 3853 tamen
720 3798 1017 3853 sectionem
1053 3794 1366 3849 distinctam
1400 3792 1467 3846 ab
1493 3791 1710 3847 uStione
1781 3806 1923 3855 esse,
1950 3804 2083 3844 nec-

503 3906 613 3944 non
645 3889 786 3943 alius
814 3888 1063 3957 aliusque
1094 3895 1302 3940 natura:
1330 3884 1666 3951 asserimus;
1705 3882 1844 3952 ignis
1880 3896 2081 3951 nempe

506 3982 800 4046 ustionem,
840 3996 903 4034 ac
940 3978 1064 4034 ferri
1096 3978 1390 4034 sectionem
1428 3992 1441 4031 :
1473 3978 1536 4031 ad
1564 3987 1819 4030 eumdem
1854 3975 2076 4029 modum

507 4072 881 4127 theandricam
903 4086 1064 4125 unam
1097 4068 1301 4124 Christi
1329 4068 1597 4123 actionem
1626 4067 1870 4121 dicentes
1893 4105 1910 4130 ,
1947 4068 2084 4122 duas

502 4164 790 4218 ambarum
828 4163 1001 4233 ipsius
1030 4174 1353 4216 naturarum
1409 4160 1654 4214 actiones
1688 4159 2079 4229 intelligimus;

502 4253 809 4307 divinitatis
862 4253 1120 4306 videlicet
1173 4252 1343 4320 ipsius
1405 4250 1668 4317 divinam,
1725 4249 2084 4305 humanitatis

502 4354 688 4402 autem
730 4343 1023 4397 humanam
1057 4344 1350 4398 actionem.

508 4545 646 4605 Item
680 4545 925 4603 adversus
958 4545 1362 4603 Monotheletas.
1424 4544 1508 4601 Ea:
1540 4545 1662 4601 alii:
1727 4546 1948 4603 diversis
1980 4547 2089 4604 Pa-

1186 4618 1377 4671 tribus.
1410 4660 1415 4665 ,

578 4803 846 4872 Quoniam
886 4819 1007 4870 qum
1026 4813 1150 4858 sunt
1188 4802 1392 4859 Christi
1428 4816 1656 4870 naturae,
1726 4806 1862 4859 duas
1926 4805 2089 4860 etiam

506 4898 679 4969 ipsius
712 4900 987 4951 naturales
1020 4898 1350 4962 voluntates,
1372 4908 1425 4951 et
1448 4899 1584 4951 duas
1663 4898 1943 4953 naturales
1991 4913 2087 4953 ac-

508 4991 683 5044 tiones
711 4989 971 5053 dicimus;
1007 5003 1241 5060 utraqne
1282 4993 1425 5045 enim
1464 4991 1631 5061 ipsius
1664 4999 1856 5045 natura
1890 5000 1946 5047 et
1973 4992 2089 5046 vult

504 5091 561 5135 et
600 5083 730 5151 agit.
765 5082 919 5146 Quod
943 5082 1086 5135 enim
1123 5084 1335 5136 ratione
1367 5084 1652 5152 prwditum
1698 5092 1806 5149 est,
1841 5084 1891 5137 id
1956 5085 2092 5139 libe-

508 5191 630 5228 ram
662 5174 824 5227 habet
857 5175 1068 5230 volendi
1125 5176 1427 5245 agemliqne
1490 5174 1826 5231 facultatem.
1888 5176 2085 5232 \‘ernm

506 5266 770 5336 quoniam
848 5281 949 5319 una
987 5275 1067 5320 est
1094 5275 1408 5319 naturarum
1457 5267 1573 5332 ejus
1605 5282 1860 5337 persona,
1920 5284 2082 5322 unum

507 5361 672 5415 etiam
704 5361 879 5430 ipsum
910 5375 1027 5413 esse
1046 5359 1303 5422 dicimus,
1331 5358 1422 5427 qui
1469 5374 1536 5413 ex
1597 5371 1829 5429 utraque
1892 5370 2083 5413 natura

505 5460 562 5505 et
603 5450 717 5504 vult
749 5461 801 5506 et
828 5452 940 5521 agit
971 5450 1314 5505 naturaliter.
1367 5452 1445 5504 Ac
1500 5450 1956 5519 quemadmodum
2017 5468 2081 5505 ex

507 5543 698 5597 eadem
731 5542 849 5596 fidei
920 5542 1314 5598 ratinnennam
1360 5552 1414 5597 et
1461 5542 1707 5597 eamdem
1777 5544 1828 5596 in
1900 5554 2086 5597 sancta

509 5632 779 5689 Trinitate
828 5645 943 5689 tum
1003 5636 1324 5699 voluntatis,
1370 5645 1481 5689 tmn
1536 5634 1768 5690 actionis
1822 5638 2087 5691 rationem

520 5721 753 5779 dicimus
788 5742 803 5780 :
837 5726 913 5781 sic
940 5734 992 5781 ct
1030 5727 1081 5782 iu
1112 5727 1291 5782 divina
1330 5726 1689 5783 humanitatis
1712 5728 2089 5797 assumptione

2192 3158 2361 3213 αὑτοῦ
2388 3158 2639 3230 ἐνέργεια
2702 3157 2802 3212 οὐκ
2831 3158 3061 3228 ἄμοιρος
3092 3159 3192 3227 τῆς
3225 3157 3580 3230 ἀνθρωπίνης
3607 3161 3788 3213 αὐτοῦ

2194 3254 2497 3321 ἐνεργείας,
2529 3252 2647 3306 ἀλλ’
2673 3250 2912 3321 ἑκατέρα
2955 3250 3054 3304 σὺν
3101 3253 3167 3321 τῇ
3203 3252 3369 3322 ἑτέρᾳ
3396 3252 3788 3322 θεωρουμένη.

2192 3344 2429 3413 Λέγεται
2460 3346 2518 3399 δὲ
2549 3348 2577 3399 ὁ
2604 3344 2806 3415 τρόπος
2834 3339 2985 3407 οὗτος
3020 3344 3375 3415 περίφρασις,
3407 3345 3537 3398 ὅταν
3570 3363 3655 3408 τις
3688 3345 3793 3397 δύο

2181 3443 2310 3496 τινὰ
2346 3441 2437 3496 διὰ
2469 3443 2603 3512 μιᾶς
2661 3443 2933 3515 περιλάϐῃ
2963 3451 3186 3509 λεςεως,
3236 3444 3452 3513 Ὥσπερ
3495 3446 3595 3499 καὶ
3639 3448 3787 3513 μίαν

2183 3534 2285 3606 τὴν
2314 3536 2671 3605 τετμημένην
2720 3534 2916 3589 καῦσιν
2959 3537 3217 3606 λέγομεν,
3242 3538 3336 3591 καὶ
3365 3537 3466 3607 τὴν
3494 3538 3791 3607 κεκαυμέ-

2185 3645 2284 3697 νην
2333 3628 2507 3699 τομὴν
2560 3629 2658 3695 τῆς
2696 3630 3216 3698 πεπυρακτωμένης
3251 3630 3555 3699 μαχαίρας,
3605 3631 3787 3701 ἄλλην

2183 3719 2241 3775 δὲ
2269 3719 2549 3789 ἑνέργειάν
2576 3737 2757 3789 φαμεν
2774 3720 2871 3791 τὴν
2892 3720 3085 3791 τομὴν,
3108 3722 3201 3775 καὶ
3222 3721 3391 3791 ἄλλην
3416 3720 3514 3791 τὴν
3538 3722 3779 3786 καῦσιν,

2191 3812 2286 3867 καὶ
2314 3811 2484 3883 ἄλλης
2532 3813 2625 3866 καὶ
2663 3813 2833 3882 ἄλλης
2867 3815 3105 3882 φύσεως,
3156 3812 3253 3867 τοῦ
3285 3815 3384 3882 μὲν
3439 3812 3616 3884 stupe;
3676 3818 3788 3884 τὴν

2190 3901 2411 3967 καῦσιν,
2451 3902 2544 3956 τοῦ
2602 3904 2659 3959 δέ
2691 3905 2917 3975 σιδήρου
2966 3906 3065 3976 τὴν
3093 3905 3291 3973 τομὴν,
3339 3903 3484 3958 οῦτω
3516 3907 3615 3959 καὶ
3643 3908 3789 3975 μίαν

2190 3994 2282 4047 τοῦ
2306 3995 2544 4064 Χριστοῦ
2565 3994 2890 4066 θεανδρικὴν
2917 3997 3205 4067 ἐνέργειαν
3236 3997 3512 4065 λέγοντες,
3549 3998 3647 4051 δύο
3677 4000 3784 4062 τὰς

2192 4085 2476 4154 ἐνεργείας
2506 4085 2740 4155 νοοῦμεν
2769 4088 2878 4141 τῶν
2930 4089 3025 4142 δύο
3048 4088 3267 4158 φύσεων
3315 4089 3507 4150 αὑτοῦ.
3535 4091 3636 4156 τῆς
3675 4092 3783 4159 μὲν

2192 4174 2449 4245 θεότητος
2502 4176 2693 4238 αὐτοῦ,
2743 4178 2844 4249 τὴν
2878 4177 3051 4243 θείαν,
3092 4179 3193 4247 τῆς
3245 4180 3303 4234 δέ
3343 4180 3785 4251 ἁνθρωπότητος

2190 4265 2379 4333 αὐτοῦ,
2414 4266 2516 4337 τὴν
2547 4266 2901 4339 ἀνθρωπίνην
2929 4269 3238 4339 ἐνέργειαν.

2198 4555 2330 4611 Ἔτι
2374 4556 2528 4612 κατὰ
2561 4557 3005 4681 Μονοθελητιὲν
3060 4559 3278 4629 ἐτέρων
3321 4559 3604 4629 Πατέρων
3650 4562 3792 4617 διας

2881 4648 2919 4681 ε
2952 4647 3099 4681 οων.

2879 4647 3099 4699 φίρων.

2277 4801 2431 4855 Ἐπεὶ
2464 4802 2556 4856 δύο
2587 4802 2782 4873 φύσεις
2820 4802 2914 4856 τοῦ
2952 4801 3213 4873 Χριστοῦ,
3256 4803 3351 4856 δύο
3377 4804 3544 4857 αὐτοῦ
3575 4806 3674 4858 καὶ
3714 4807 3785 4859 τὰ

2195 4896 2407 4962 φυσικὰ
2448 4896 2757 4967 θελήματα,
2802 4895 2897 4949 καὶ
2939 4897 3037 4958 τὰς
3072 4896 3311 4963 φυσικὰς
3347 4896 3633 4966 ἐνεργείας
3690 4898 3787 4950 λέ-

2194 5002 2385 5057 γομεν.
2447 4987 2719 5057 Ἐκατέρα
2745 4988 2852 5055 γὰρ
2871 4986 3039 5039 αὑτοῦ
3088 4988 3250 5054 φύσις
3306 4987 3568 5056 θελητική
3588 5006 3647 5040 τε
3684 4993 3786 5042 καὶ

2196 5081 2548 5150 ἐνεργητική.
2611 5080 2725 5132 Πᾶν
2757 5080 2856 5149 μὲν
2888 5080 2995 5151 γὰρ
3025 5080 3243 5148 λογικὸν
3276 5080 3653 5154 αὐτεξούσιον,
3692 5082 3784 5133 Oa.

2195 5173 2418 5243 λητικόν
2447 5192 2502 5226 τε
2533 5174 2626 5226 καὶ
2653 5175 3033 5244 ἐνεργητικόν.
3076 5173 3235 5227 Ἐπεὶ
3255 5175 3309 5228 δὲ
3342 5178 3439 5244 μία
3471 5176 3580 5228 τῶν
3611 5176 3784 5227 αὐτοῦ

2196 5267 2414 5337 φύσεων
2451 5269 2483 5337 ἡ
2514 5267 2837 5333 ὑπόστασις,
2868 5268 2965 5322 ἕνα
2995 5269 3091 5321 καὶ
3137 5268 3231 5321 τὸν
3279 5267 3441 5320 αὐτόν
3478 5285 3660 5337 φαμεν
3696 5269 3787 5320 θέ-

2195 5360 2357 5415 λοντά
2402 5378 2462 5413 τε
2515 5360 2610 5414 καὶ
2670 5360 2998 5431 ἐνεργοῦντα
3057 5362 3304 5428 φυσικῶς
3350 5361 3471 5415 καθ’
3506 5362 3788 5429 ἑκατέραν

2193 5452 2304 5503 τῶν
2330 5453 2568 5520 φύσεων.
2604 5451 2820 5520 ’Ὠσπερ
2846 5452 2903 5504 δὲ
2956 5452 3049 5505 ἐπὶ
3078 5452 3175 5521 τῆς
3205 5452 3372 5520 ἁγίας
3403 5451 3636 5522 Τριὰδος
3684 5452 3787 5521 τὴν

2195 5544 2503 5614 ταυτότητι
2540 5544 2633 5597 ⁶τοῦ
2666 5562 2725 5596 τε
2760 5544 3069 5613 θελήματος
3099 5548 3196 5597 καὶ
3226 5548 3327 5616 τῆς
3379 5543 3663 5613 ἐνεργείας
3723 5545 3785 5593 ἐκ

2193 5635 2291 5706 τῆς
2332 5636 2662 5706 ταυτότητος
2717 5639 2816 5706 τῆς
2852 5636 3069 5705 φύσεως
3116 5634 3582 5703 ἐπιγινωσκομενο
3637 5630 3787 5685 οὕτω

2195 5730 2287 5782 καὶ
2320 5729 2414 5782 ἐπὶ
2472 5730 2573 5799 τῆς
2607 5730 2757 5795 θείας
2817 5730 3293 5803 ἑνανθρωπήσεως
3363 5730 3464 5797 τὴν
3506 5727 3789 5801 διαφορ;³ιν
