4020 6214
323 291 452 355 1161

1279 287 1662 350 PANOPLIA
1702 283 2242 347 DOGMATICA.-
2279 285 2422 347 TIT.
2439 338 2444 343 .
2462 285 2622 349 XXI.

3451 285 3584 350 illi!

319 405 417 459 τοῦ
447 419 507 455 τε
540 401 846 470 θελήματος
863 401 958 454 καὶ
989 398 1088 468 τῆς
1119 399 1400 470 ἐνεργείας
1418 398 1604 469 ἐκτῆς
1633 397 1889 468 διαφορᾶς

2005 398 2305 455 voluntatis
2372 407 2428 454 et
2489 398 2720 454 actionis
2788 395 3150 454 differentiam
3188 413 3254 455 ex
3326 399 3580 455 dilfcrcn-

315 497 427 550 τῶν
462 494 679 563 φύσεων
711 494 1074 563 γνωρίζομεν
1101 485 1176 546 ὧν
1205 491 1312 561 γὰρ
1341 492 1375 560 ή
1402 490 1538 561 αὑτὴ
1563 491 1750 560 φύσις,
1779 491 1896 543 τού·

317 605 426 642 των
459 587 554 641 καὶ
581 587 615 656 ἡ
653 585 791 653 αὐτή
829 585 1068 655 θέλησις,
1103 584 1198 636 καὶ
1228 582 1500 654 ἐνέργεια.
1561 577 1662 636 Ὧν
1698 582 1755 636 δὲ
1784 582 1896 635 διά-

318 695 486 750 φορος
517 679 554 747 ή
587 675 770 745 φύσις,
801 673 1008 729 τούτων
1046 675 1307 745 διάφορος
1358 677 1454 728 καὶ
1510 674 1759 744 θέλησις,
1798 674 1896 727 καὶ

323 769 824 838 ἐνέργεια.Φυσικὰ
851 768 931 830 δὲ,
957 766 1054 820 καὶ
1074 767 1172 837 οὐχ
1205 767 1567 831 ὑποστατικὰ,
1593 767 1711 819 οὐδὲ
1731 783 1897 836 προσ-

321 862 508 914 ωπικὰ
535 859 658 913 οὐδὲ
685 859 942 929 γνωμικὰ
975 876 1159 928 φαμεν
1179 860 1336 912 ταυτὶ
1361 859 1428 910 τὰ
1464 857 1744 928 θελήματα
1802 860 1896 910 καὶ

319 955 418 1017 τὰς
446 951 749 1022 ἐνεργείας.
781 950 939 1018 Λέγω
960 949 1016 1002 δὲ
1043 950 1174 1020 μίαν
1214 949 1310 1018 τὴν
1344 947 1638 1018 θελητικήν
1689 965 1747 1000 τε
1801 950 1896 1001 καὶ

317 1047 683 1116 ἑνεργητικὴν
703 1041 956 1111 δύναμιν,
984 1041 1075 1094 ἐπὶ
1102 1042 1200 1110 μὲν
1224 1043 1321 1109 τῆς
1345 1040 1505 1108 ἁγίας
1535 1038 1786 1110 Τριάδος,
1810 1039 1896 1092 ἵνα

322 1139 399 1208 μὴ
447 1136 782 1208 έτεροθελείς
811 1136 900 1186 καὶ
934 1134 1333 1203 ὲιεροενεργεῑς
1357 1133 1455 1195 τὰς
1485 1134 1635 1202 τρεῖς
1661 1133 1898 1187 ὑποστά·

319 1245 433 1289 σεις
495 1227 672 1278 εἰπεῖν
701 1223 1160 1293 ἀναγκασθῶμεν,
1210 1225 1305 1276 ἐπὶ
1335 1223 1393 1275 δὲ
1424 1224 1520 1294 τῆς
1557 1222 1710 1286 θείας
1739 1224 1896 1276 ἐναν-

318 1318 661 1389 θρωπήσεως
689 1313 907 1382 διπλῆν,
939 1314 1026 1366 ἵνα
1052 1313 1128 1383 μὴ
1158 1313 1423 1382 ἑτεριῦπό
1436 1329 1624 1366 ςτατον
1646 1313 1705 1366 τὸ
1725 1316 1897 1383 πρόσο

328 1411 528 1478 λημμα
585 1406 768 1474 λέγειν
797 1405 1059 1475 δόξωμεν,
1095 1406 1190 1457 καὶ
1225 1405 1320 1458 δύο
1365 1405 1896 1475 συνομολογήσωμεν

317 1499 650 1561 ὑποστάσεις
677 1498 734 1551 ἐν
760 1497 838 1567 τῷ
870 1498 949 1550 ἑνὶ
975 1497 1219 1567 Χριστῷ.
1257 1498 1329 1550 Τὸ
1359 1497 1466 1567 γὰρ
1497 1497 1860 1551 ὑποστατικὺν
1879 1538 1895 1564 ,

316 1593 349 1663 ἢ
371 1589 792 1662 προσωπικὺν.ἢ
818 1589 1086 1658 γνωμικὸν
1102 1588 1314 1658 θέλημα
1332 1589 1733 1641 ξδιοΰποστάτου
1753 1589 1897 1640 ἐστίν

321 1684 548 1752 ἀτόμου.
582 1681 638 1734 Ὀ
659 1681 899 1748 δὲΛόγος
931 1681 1026 1733 καὶ
1054 1680 1188 1742 Θεὸς
1221 1679 1383 1748 φύσιν
1419 1681 1518 1750 μὲν
1553 1679 1767 1732 τελείαν
1801 1682 1893 1733 ἀν-

319 1776 543 1845 θρώπου
583 1773 974 1843 προσελάϐετο,
1014 1772 1314 1834 ὑπόστασις
1371 1772 1432 1824 δὲ
1475 1771 1636 1834 αὑτὲς
1675 1772 1894 1839 ἐγένετο

315 1867 393 1937 τῷ
441 1865 859 1936 προσλήμματι.
923 1863 1191 1934 Καθάπερ
1233 1863 1290 1917 δὲ
1341 1863 1400 1916 τὸ
1450 1863 1745 1934 πρόϐλημα
1801 1862 1894 1916 καὶ

318 1960 603 2022 τεθέωται,
642 1959 737 2012 καὶ
793 1956 1094 2027 μεταϐολὴν
1123 1956 1183 2008 οὐ
1219 1956 1454 2007 πέπονθε
1488 1957 1587 2024 τῆς
1624 1955 1760 2017 ιδίας
1789 1955 1892 2020 φύ-

317 2067 479 2115 σεως·
538 2048 684 2102 οὕτω
731 2048 825 2100 καὶ
855 2047 916 2100 τὸ
949 2046 1162 2116 θέλημα
1217 2049 1308 2099 καὶ
1349 2047 1382 2116 ή
1411 2045 1668 2116 ἐνέργεια
1700 2045 1890 2097 τούτου

316 2143 413 2197 καὶ
452 2141 764 2206 τεθέωνται,
793 2127 1026 2192 καὶτῶν
1068 2137 1211 2191 ἰδίων
1251 2137 1351 2191 οὐκ
1379 2139 1678 2208 ἐξέστησαν
1723 2140 1888 2208 ὅρων.

394 2280 563 2333 Ἀλλο
605 2277 829 2346 θέλησις
876 2275 1106 2345 κυρίως,
1164 2276 1258 2328 καὶ
1316 2274 1445 2328 ἄλλο
1491 2272 1769 2344 βούλησις,
1798 2275 1892 2326 καὶ

312 2374 443 2428 ἄλλο
477 2372 722 2440 θελητὸν,
755 2369 850 2423 καὶ
873 2369 1002 2423 ἄλλο
1033 2366 1345 2438 θελητικὸν,
1393 2365 1487 2418 καὶ
1529 2365 1719 2434 ἕτερον
1743 2365 1772 2416 6
1800 2363 1889 2415 θέ-

314 2467 445 2519 λων.
478 2464 711 2533 Θέλησις
741 2461 840 2532 μὲν
862 2461 971 2529 γὰρ
1003 2457 1156 2529 ήτοῦ
1209 2457 1393 2521 ἁπλῶς
1427 2457 1602 2510 θέλειν
1635 2456 1890 2522 δύναμις,

314 2560 457 2628 ὅπερ
496 2555 614 2610 ἐστὶ
659 2547 877 2624 φύσεως
929 2551 1025 2604 καὶ
1086 2549 1396 2603 καθολικόν.
1438 2547 1678 2618 Θελητὸν
1719 2546 1777 2599 δὲ
1826 2548 1891 2600 τὸ

316 2654 386 2720 τῇ
420 2647 641 2719 θελήσει
691 2644 1004 2699 ὑποπίπτον
1059 2643 1315 2712 πρᾶγμα.
1373 2639 1668 2710 Θελητικδν
1718 2639 1776 2693 δὲ
1833 2641 1892 2692 τὸ

314 2743 440 2811 ἔχον
483 2740 583 2808 τὴν
633 2736 924 2808 θελητικὴν
948 2733 1202 2803 δύναμιν,
1264 2728 1377 2786 οἷον
1407 2733 1434 2785 ὁ
1463 2732 1650 2794 ἁπλῶς
1675 2731 1890 2803 ἄνθρω-

315 2848 439 2890 πος.
470 2827 657 2882 Θέλων
708 2827 767 2880 δὲ
798 2827 828 2879 6
852 2823 1058 2878 τοιόσδε
1089 2822 1400 2894 ἄνθρωπος,
1433 2825 1460 2874 6
1493 2823 1775 2892 χρώμενος
1822 2823 1888 2891 τῇ

309 2922 493 2993 τοιᾷδε
533 2919 773 2991 θελήσει.

393 3211 463 3265 Ἢ
487 3209 726 3281 θέλησις,
747 3210 916 3281 ήγουν
939 3211 999 3263 τὸ
1018 3209 1255 3280 θέλημα,
1275 3207 1402 3260 ποτὲ
1435 3208 1533 3274 μὲν
1563 3206 1658 3277 τήν
1673 3205 1890 3275 θελητι-

316 3304 418 3374 κὴν
450 3303 682 3372 δύναμιν
705 3302 882 3372 δηλοῖ,
946 3303 1044 3356 καὶ
1094 3301 1311 3370 λέγεται
1367 3299 1582 3368 Θέλημα
1659 3297 1892 3365 φυσικὸν

314 3398 409 3448 καὶ
442 3394 750 3448 καθολικόγ·
805 3395 935 3448 ποτε
981 3394 1039 3447 δὲ
1087 3393 1147 3446 τὸ
1197 3392 1446 3462 θελητὸν,
1498 3392 1592 3444 καὶ
1643 3389 1887 3444 καλεῖται

311 3489 521 3559 θέλημα
548 3487 829 3556 γνωμικόν
849 3504 908 3539 τε
947 3488 1041 3540 καὶ
1071 3487 1259 3541 ίδικόν.

400 3626 526 3679 Ἐπὶ
558 3627 657 3696 μὲν
678 3624 788 3679 τῶν
815 3623 1118 3696 ἀνθρώπων
1153 3622 1250 3692 μία
1290 3623 1389 3691 μὲν
1427 3624 1460 3691 ή
1492 3620 1696 3689 φυσικὴ
1734 3619 1887 3686 θέλη-

313 3735 424 3781 σις.
457 3719 593 3770 διότι
655 3718 750 3770 καὶ
777 3716 879 3787 μία
916 3717 1122 3768 τούτων
1167 3719 1199 3783 ἡ
1235 3713 1416 3783 φύσις·
1465 3711 1657 3763 πολλαὶ
1703 3709 1759 3761 δὲ
1794 3709 1888 3762 καὶ

310 3812 556 3880 διάφοροι
585 3811 638 3863 αἱ
663 3811 960 3880 γνωμικαι,
993 3809 1173 3860 εῐτουν
1208 3804 1588 3858 ὑποστατικαί·
1625 3802 1758 3854 διότι
1792 3802 1887 3854 καὶ

312 3901 510 3957 πολλαὶ
567 3903 659 3956 καὶ
707 3903 956 3971 διάφοροι
989 3901 1192 3953 τούτων
1221 3900 1277 3951 αἱ
1333 3897 1656 3958 ὑποστάσεις
1705 3895 1797 3948 καὶ¹
1826 3895 1882 3948 αἱ

313 3995 554 4066 γνῶμαισ
591 3995 684 4046 ἐπὶ
707 3993 764 4047 δὲ
793 3994 889 4047 τοῦ
919 3992 1178 4064 Χριστοῦ,
1198 3989 1386 4061 ἐπειδὴ
1425 3989 1526 4058 μὲν
1551 3989 1797 4058 διάφοροι
1827 3987 1882 4042 αἱ

313 4092 510 4162 φύσεις
561 4091 659 4159 τῆς
695 4107 754 4143 τε
790 4089 1046 4158 θεότητος
1090 4085 1255 4140 αὑτοῦ
1299 4088 1390 4138 καὶ
1443 4085 1882 4156 ἀνθρωπότητος,

313 4183 563 4252 διάφοροι
596 4181 690 4234 καὶ
719 4181 774 4233 αἱ
823 4178 1050 4248 φυσικαὶ
1073 4176 1325 4247 θελήσεις
1366 4174 1567 4228 αὑτῶν·
1607 4172 1796 4242 ἐπειδὴ
1829 4172 1886 4223 δὲ

321 4275 421 4343 μξα
455 4274 662 4327 τούτων
694 4273 728 4342 ἡ
763 4272 1082 4333 ὑπόστασις·
1117 4269 1212 4323 καὶ
1235 4261 1316 4331 εἷς
1342 4269 1369 4320 6
1401 4265 1591 4329 θέλων,
1618 4265 1674 4319 ἒν
1699 4265 1794 4317 καὶ
1827 4263 1886 4316 τὸ

313 4367 527 4436 θέλημα
553 4364 781 4428 τούτων,
843 4363 939 4420 ἅτε
972 4362 1064 4417 τοῦ
1107 4360 1416 4430 κρείττονος
1473 4358 1882 4427 ἐκνικήσαντος,

2008 491 2080 545 tia
2111 492 2418 563 colligimus
2447 501 2786 547 naturarum.
2819 490 3062 557 Quorum
3105 493 3250 546 enim
3320 508 3428 546 una
3489 501 3575 546 est

2007 594 2221 650 natura,
2269 598 2455 638 eorum
2495 598 2598 637 una
2636 593 2722 638 est
2775 593 2830 637 et
2889 581 3140 637 voluntas
3196 591 3247 636 et
3305 581 3448 636 actio
3482 593 3577 647 ;ct

2005 689 2234 742 quorum
2271 683 2356 730 est
2392 681 2585 729 natura
2614 674 2852 740 diversa,
2883 687 3070 728 eorum
3109 684 3163 726 et
3212 672 3468 726 voluntas
3520 683 3578 744 et

2004 766 2146 818 actio
2178 764 2390 819 diversa
2427 774 2532 817 est.
2587 762 2914 818 Voluntates
2963 775 3140 817 autem
3210 770 3263 816 et
3315 749 3574 828 actiones

2010 872 2114 912 non
2143 859 2208 911 ad
2246 858 2612 928 hypostasim,
2646 869 2740 911 aut
2771 871 3080 923 persenam,
3143 853 3448 931 sensuva
3492 871 3606 931 re-A

2009 949 2253 1004 ferimus.
2280 948 2455 1004 Unam
2488 965 2613 1004 vero
2640 950 2691 1004 in
2724 960 2913 1005 saneta
2946 923 3576 1005 Trinitate'voluniiitem
3602 955 3613 974 τ
3658 987 3660 990 μ

2002 1044 2055 1089 et
2092 1035 2362 1088 actionem
2401 1035 2542 1099 dico,
2592 1050 2658 1089 ne
2690 1049 2949 1102 cogamur
2989 1036 3167 1089 dicere
3193 1044 3301 1088 tres
3325 1044 3582 1112 personas

2005 1126 2220 1181 diversa
2258 1125 2394 1180 velle
2444 1113 2818 1196 atque'agere;
2855 1125 3122 1193 duplicem
3154 1134 3333 1180 autem
3360 1125 3417 1200 in
3450 1125 3586 1178 divi-

2005 1233 2072 1270 na
2106 1217 2457 1271 humanitatis
2509 1217 2902 1286 assumptione,
2965 1231 3032 1272 ne
3089 1220 3332 1272 diversas
3368 1218 3421 1271 in
3476 1233 3582 1271 uno

2004 1306 2224 1363 Christo
2249 1310 2567 1377 hypostases
2609 1316 2662 1362 et
2703 1321 2966 1374 personas
3007 1311 3142 1363 duas
3199 1309 3580 1363 eontiteamur.

2009 1396 2269 1452 Voluntas
2293 1399 2460 1461 enim,
2492 1413 2611 1467 quae
2655 1397 2721 1452 ad
2772 1399 3130 1468 hypostasim,
3188 1408 3242 1452 et
3289 1415 3582 1468 personati.

2007 1503 2335 1557 sensumque
2361 1488 2614 1554 refertur,
2645 1493 2865 1560 propria
2907 1501 2992 1546 est
3044 1491 3272 1560 subjecti
3297 1493 3578 1548 individui.

2013 1577 2251 1633 Verbum
2288 1590 2469 1633 autem
2500 1591 2553 1634 ct
2610 1579 2756 1635 Deus
2795 1569 3040 1635 naturam
3073 1583 3294 1652 quidem
3345 1585 3594 1656 hominis

2006 1670 2303 1740 perfectam
2334 1673 2668 1741 assumpsit,
2726 1672 2825 1728 sed
2853 1674 2900 1728 ei
2935 1675 3050 1742 ipse
3089 1689 3316 1744 persona
3357 1677 3478 1732 fuit.
3508 1680 3580 1733 At

1929 1753 1972 1808 Β
2005 1765 2460 1832 quemadmodum
2486 1774 2769 1827 assumpta
2804 1765 3116 1824 humanitas
3147 1767 3225 1822 sic
3277 1770 3448 1824 ενιιεῑι
3477 1771 3572 1841 die-

2007 1856 2155 1918 v‘na,
2189 1864 2245 1906 ut
2271 1857 2500 1923 propriae
2521 1865 2727 1909 natura:
2756 1873 2861 1911 non
2890 1861 3125 1914 senserit
3180 1861 3530 1917 mutationem
3557 1880 3573 1915 :

2003 1949 2081 2001 sic
2124 1949 2240 2017 ejus
2269 1959 2323 2002 et
2354 1950 2604 2003 voluntas
2629 1958 2684 2005 et
2709 1952 2852 2006 actio
2877 1952 2948 2006 ita
3006 1964 3303 2009 evaserunt
3351 1955 3572 2022 divinae,

2005 2048 2112 2092 uta
2155 2039 2389 2108 prepriis
2443 2041 2692 2096 tertninis
2731 2059 2837 2098 non
2873 2046 3220 2103 recesserint.

2071 2265 2231 2320 Aliud
2263 2273 2346 2320 est
2370 2264 2644 2330 voluntas,
2665 2274 2719 2320 et
2772 2267 2923 2322 aliud
2977 2277 3062 2324 est
3125 2268 3468 2337 deliberatio,
3519 2283 3575 2329 et

2001 2357 2145 2411 aliud
2172 2365 2258 2411 est
2290 2371 2399 2421 res,
2441 2371 2614 2424 quam
2647 2356 2852 2428 aliquid
2896 2360 3028 2425 vult,
3051 2369 3106 2414 et
3137 2360 3211 2426 id,
3239 2365 3384 2431 quod
3436 2367 3571 2429 vult,

2000 2458 2056 2504 et
2086 2449 2131 2501 is
2158 2447 2408 2516 quivult.
2471 2448 2734 2503 Voluntas
2773 2452 2915 2504 enim
2959 2449 3276 2520 simpliciter
3329 2464 3412 2509 est
3476 2471 3572 2511 vo-

1999 2539 2140 2595 lendi
2183 2541 2284 2607 vis,
2320 2555 2439 2610 qua:
2463 2550 2670 2596 naturae
2690 2551 2773 2596 est
2819 2553 2871 2597 et
2893 2545 3217 2599 communis.
3243 2544 3572 2601 Deltberatiu

2000 2643 2180 2686 autem
2215 2640 2300 2687 est
2336 2633 2454 2688 talis
2511 2641 2566 2687 et
2597 2633 2721 2688 talis
2749 2634 3022 2701 voluntas,
3055 2644 3111 2690 et
3154 2636 3222 2690 ad
3283 2651 3568 2708 personam

2001 2727 2258 2792 refertur,
2313 2737 2368 2780 et
2403 2726 2698 2795 singularis
2751 2736 2852 2782 est.
2887 2726 2994 2784 Res
3031 2739 3208 2784 autem
3257 2745 3419 2800 quam
3469 2730 3572 2786 ali-

1998 2817 2129 2886 quid
2155 2820 2293 2883 vult,
2326 2826 2412 2873 est
2447 2817 2712 2873 voluntati
2740 2819 3005 2886 subjecta;
3040 2820 3095 2876 id
3132 2823 3411 2891 veroquod
3435 2825 3572 2886 vult,

1997 2921 2082 2966 est
2109 2909 2252 2978 quod
2278 2910 2441 2965 habet
2472 2909 2682 2965 volendi
2715 2910 3053 2978 facultatem,
3119 2912 3351 2983 exempli
3397 2895 3583 2984 gratia,

2000 3003 2187 3056 homo.
2212 3008 2263 3058 ts
2292 3016 2479 3070 porro,
2511 3003 2604 3072 qui
2648 3003 2762 3057 vult
2804 3012 2886 3058 est
2921 3003 3118 3074 aliquis
3176 3003 3339 3060 homo
3383 3007 3580 3080 singug

1917 3100 1964 3161 α
1999 3091 2149 3158 laris,
2189 3091 2285 3162 qui
2315 3093 2497 3162 aliqua
2528 3093 2790 3162 singulari
2818 3094 2990 3147 utitur
3059 3095 3356 3152 voluntate.

2069 3224 2330 3281 Voluntas
2364 3227 2654 3297 aliquando
2692 3227 2962 3297 significat
2991 3228 3203 3284 volendi
3233 3230 3570 3299 facultatem,

1995 3328 2052 3372 et
2102 3317 2302 3372 dicitur
2348 3317 2597 3373 voluntas
2650 3317 2916 3374 naturalis.
2986 3327 3040 3374 et
3073 3321 3572 3392 universalis;ali-

1994 3412 2214 3479 quando
2265 3421 2445 3464 autem
2479 3409 2555 3472 id,
2591 3410 2736 3478 quod
2773 3410 3042 3477 volumus,
3089 3422 3146 3467 et
3164 3413 3415 3472 voluntas
3438 3431 3575 3486 sen-_

1995 3501 2178 3555 tentia:
2210 3512 2372 3569 atque
2430 3499 2726 3569 singularis
2756 3502 3079 3570 appellatur.

2065 3633 2184 3688 Una
2230 3634 2283 3686 in
2330 3633 2646 3689 hominibus
2698 3635 2948 3689 voluntas
2991 3645 3069 3692 est
3121 3642 3402 3708 naturalis,
3436 3661 3572 3714 quo-

1996 3727 2143 3780 niam
2175 3727 2368 3781 horum
2397 3741 2499 3778 una
2543 3727 2674 3780 item
2709 3736 2794 3782 est
2824 3739 3041 3785 natura.
3082 3733 3260 3788 Multa“:
3289 3746 3472 3794 autem
3507 3752 3566 3795 ct

1993 3817 2222 3872 diversae
2259 3818 2562 3881 sementim,
2595 3819 2851 3888 quoniam
2895 3822 3078 3878 multa:
3117 3838 3245 3880 sunt
3276 3828 3441 3886 etiam
3476 3821 3575 3888 va-i

1991 3909 2192 3978 riteque
2226 3923 2488 3978 personae.
2515 3909 2587 3964 At
2648 3911 2701 3964 in
2757 3910 2976 3969 Christo
3009 3917 3132 3984 quia
3187 3921 3417 3976 diversae
3472 3919 3577 3986 πει-ξ

1994 4013 2126 4055 turre
2161 4009 2288 4055 sunt
2313 4000 2612 4057 divinitatis
2638 4011 2692 4057 et
2728 4003 3078 4062 humanitatis
3118 4009 3308 4078 ipsius,
3338 4013 3567 4071 diversae

1989 4102 2116 4146 sunt
2175 4092 2340 4146 etiam
2403 4093 2676 4148 naturales
2726 4107 2912 4149 earum
2970 4099 3297 4156 voluntates.
3371 4101 3564 4160 Verum

1988 4181 2114 4250 quia
2147 4197 2248 4233 una
2296 4190 2377 4234 est
2406 4181 2620 4234 illarum
2667 4197 2920 4252 persona,
2965 4195 3019 4240 et
3084 4203 3222 4242 unus
3285 4191 3377 4260 qui
3435 4192 3568 4255 vult,

1990 4289 2096 4327 una
2155 4273 2315 4326 etiam
2341 4272 2586 4328 voluntas
2614 4282 2778 4343 atque
2806 4278 3072 4332 sententia
3130 4291 3232 4344 est,
3282 4297 3404 4338 cum
3473 4285 3562 4341 illa

1990 4378 2110 4432 quze
2138 4363 2484 4432 prmstantior
2512 4374 2596 4416 cst
2643 4364 2827 4418 vincat
2870 4378 2925 4421 et
2954 4369 3286 4439 dominetur,
3329 4375 3565 4430 humana

312 4460 483 4530 ήγουν
536 4459 818 4530 ἄρχοντος,
877 4457 971 4509 καὶ
1025 4453 1118 4507 τοῦ
1178 4451 1519 4522 ἀνθρωπίνου
1582 4449 1883 4520 θελήματος

1998 4467 2170 4512 autem
2212 4456 2467 4513 voluntas
2522 4459 2761 4512 divinam
2829 4471 3110 4530 sequatur,
3179 4474 3233 4519 et
3297 4482 3362 4522 ea
3439 4469 3567 4524 νει-ι

311 4551 580 4622 ἑπομένου
611 4552 690 4621 τῷ
721 4550 870 4619 θείῳ,
929 4549 1023 4603 καὶ
1075 4546 1253 4600 ταῦτα
1301 4544 1574 4610 θέλοντος,
1609 4543 1645 4597 ἃ.
1709 4545 1883 4595 ἐκεῖνο

313 4642 479 4697 θέλει.

395 4756 520 4807 Ἐπὶ
547 4755 683 4809 Θεοῦ
717 4756 934 4826 θέλησιν
960 4757 1059 4827 μὲν
1090 4757 1344 4829 λέγομεν,
1398 4756 1492 4810 καὶ
1519 4754 1738 4825 βουλὴν,
1763 4755 1883 4823 ἦτοι

313 4847 594 4918 βούλησιν,
647 4847 876 4918 γνώμην
925 4849 983 4900 δὲ
1061 4851 1094 4920 ἢ
1140 4852 1462 4920 προαίρεσιν
1517 4848 1578 4902 οὐ
1626 4847 1880 4915 λέγομεν.

305 4939 509 5008 Γνώμη
536 4939 634 5008 μὲν
663 4941 770 5009 γὰρ
819 4942 852 5008 ἡ
873 4940 1012 5009 μετὰ
1049 4942 1147 5013 τὴν
1183 4943 1313 5012 ’περὶ⁹
1359 4940 1453 4994 τοῦ
1513 4940 1881 5008 ἀγνοουμένου

304 5030 534 5100 ζήτησιν
577 5031 672 5082 καὶ
702 5030 883 5098 κρίσιν
909 5031 1044 5101 πρὸς
1074 5031 1132 5083 τὸ
1162 5031 1352 5102 κριθὲν
1383 5029 1647 5097 διάθεσις,
1673 5028 1794 5099 μεθ’
1814 5029 1881 5100 ἢν

302 5126 338 5191 ὴ
364 5121 687 5191 προαίρεσις
745 5119 1085 5190 ὲκλεγομένη
1131 5123 1229 5175 ’καὶ
1264 5120 1565 5191 αἱρουμένη
1622 5118 1730 5185 πρὸ
1761 5117 1880 5170 ὲςέ-

305 5230 406 5283 ρου
435 5211 498 5264 τὸ
527 5211 738 5281 ἕτερον.
798 5208 855 5262 Ὀ
877 5209 935 5264 δὲ
969 5211 1099 5274 Θεὸς
1151 5211 1404 5283 ἀνενδεὴς
1457 5211 1556 5265 καὶ
1608 5208 1880 5279 σκέψεως,

299 5304 400 5356 καὶ
461 5302 744 5373 ζητήσεως
783 5341 799 5367 ,
876 5303 970 5354 καὶ
1039 5303 1272 5373 ἐκλογῆς
1305 5344 1319 5369 ,
1390 5305 1564 5357 πάντα
1635 5301 1880 5371 φυσικῶς

299 5417 324 5451 ε
337 5397 482 5460 ἱδὼς.

371 5514 462 5565 Διὸ
491 5512 610 5565 οὐδὲ
637 5512 852 5585 βουλὴν,
894 5514 1014 5584 ἦτοι
1040 5511 1346 5582 βούλευσιν,
1383 5511 1474 5564 ἐπὶ
1503 5511 1638 5566 Θεοῦ
1676 5530 1877 5584 φαμεν,

295 5608 344 5658 εἰ
394 5607 490 5658 καὶ
547 5604 1044 5676 ἀνθρωποπρεπῶς
1099 5602 1493 5674 βουλευόμενον
1549 5605 1806 5668 πολλάκις
1846 5608 1879 5676 ή

295 5699 420 5751 θεία
459 5698 651 5768 Γραφὴ
701 5697 889 5750 τοῦτον
940 5697 1271 5766 ὑπογράφει·
1339 5679 1688 5768 Ποιήσωμεν
1745 5699 1876 5768 γὰρ,

578 5797 849 5855 Parem.
889 5795 1008 5858 GR.
1048 5793 1291 5858 CXXX.

1989 4565 2110 4619 qua:
2143 4550 2342 4605 divinae.
2385 4551 2599 4619 placent
2647 4551 2933 4607 voluntati.

2059 4757 2402 4814 Voluntatetn
2446 4757 2499 4813 in
2544 4759 2652 4814 Deo
2684 4760 2936 4822 dicimus.
2979 4764 3304 4828 sententiam
3377 4772 3559 4820 autem

1986 4861 2078 4905 aut
2141 4851 2456 4906 electionem
2492 4867 2594 4906 non
2641 4852 2891 4908 dicimus.
2933 4854 3214 4909 Sententia
3281 4854 3426 4909 cnim
3481 4866 3568 4913 est

1985 4950 2107 5011 post
2166 4944 2241 4996 rei
2297 4943 2558 5010 ignorata:
2623 4944 2979 5011 quastionem
3058 4954 3222 5014 atque
3271 4945 3562 5016 judicium,

1986 5033 2198 5088 aliectio
2228 5050 2357 5104 erga
2389 5035 2518 5088 illud
2543 5036 2686 5104 quod
2719 5034 2774 5102 iu
2789 5037 3020 5090 iicatum
3082 5046 3188 5104 est,
3237 5052 3400 5106 quam
3472 5053 3567 5094 se-

1986 5123 2173 5193 quitur
2205 5123 2568 5192 elcetio,qu:e
2600 5125 2842 5180 secernit
2902 5134 2952 5178 et
2987 5140 3155 5178 unum
3197 5125 3351 5180 alteri
3409 5135 3566 5182 ante-

1985 5219 2153 5287 ponit.
2194 5216 2302 5268 Deo
2333 5225 2511 5269 antem
2545 5231 2649 5270 non
2681 5228 2766 5272 est
2823 5232 2963 5286 opus
2992 5228 3052 5270 ut
3105 5218 3435 5282 consideret,
3469 5229 3566 5272 aut.

1983 5308 2244 5377 inquirat,
2274 5315 2367 5360 aut
2397 5307 2580 5376 eligat,
2607 5323 2733 5362 cum
2790 5308 2972 5362 omnia
3027 5308 3166 5363 sciat
3221 5307 3562 5364 naturaliter.

2056 5511 2416 5574 Quamoorem
2451 5521 2549 5562 nec
2603 5508 3059 5564 consultationem
3137 5510 3190 5564 in
3255 5511 3362 5564 Deo
3409 5513 3566 5582 poni-

1985 5616 2124 5666 mus,
2167 5601 2294 5656 licet
2325 5614 2445 5653 eum
2472 5615 2612 5670 sa‘pe
2636 5601 2929 5670 Scriptura:
2966 5602 3205 5656 humano
3238 5617 3392 5658 more
3431 5619 3564 5658 con--

1985 5696 2248 5754 sulentcm
2307 5694 2615 5750 describant
2653 5713 2667 5749 :
2702 5694 2990 5753 Faciamus
3017 5697 3182 5761 enim,
3221 5697 3416 5769 inquit,
3473 5699 3566 5752 Ito-

3079 5792 3154 5851 37
