4032 6210
511 279 644 346 1163

1734 280 2116 342 EUTHYMII
2155 283 2513 345 ZIGABENI

3626 286 3781 351 116!

507 397 694 447 minem
730 392 771 455 ⁸,
802 400 850 446 cl
878 391 921 446 si
951 390 1081 461 quid
1120 390 1264 446 aliud
1319 406 1383 445 eo
1436 390 1666 445 consilio
1713 393 1913 445 dictum
1967 400 2070 454 est,

2187 403 2360 465 φησιν,
2413 398 2769 465 ἄνθρωπον,
2825 396 2919 449 καὶ
2970 399 3025 448 εἰ
3081 413 3135 448 τι
3187 395 3429 450 τοιοῦτον
3475 399 3783 468 οἰκονομι-

507 501 615 555 (ιιιο
640 484 1043 555 signiﬁcantius
1094 493 1205 538 tres
1257 484 1416 537 unius
1478 481 1783 538 Divinitatis
1831 498 2077 552 persona:

504 578 869 633 declarentur.
902 577 972 628 At
1022 575 1075 628 in
1142 583 1418 640 assumpta
1487 573 1829 627 humanitate
1881 582 2070 625 natura

506 668 736 736 quidem
764 664 1015 737 concedit
1069 671 1128 716 ut
1158 662 1609 717 consultationem
1645 670 1699 716 et
1751 662 2074 717 sententiam

508 756 755 814 dicamus
807 766 863 834 et
893 748 1234 819 eiectionem,
1285 756 1377 809 sed
1410 764 1586 808 tamen
1655 754 1770 807 haec
1828 752 1954 806 item
2014 753 2078 805 de

500 850 798 931 ipsayhaud
845 847 1063 919 proprie
1087 846 1359 901 dicuntur.
1404 844 1536 898 Nam
1568 859 1690 900 cum
1730 844 1781 897 in
1846 857 2078 912 persona

506 953 639 1009 eum
666 940 791 1009 .‘Deo
821 938 1108 1009 conjuncta
1137 938 1228 1000 sit,
1263 952 1444 991 rerum
1479 938 1591 1006 ipsa
1624 950 1836 1005 quoque
1888 934 2079 1002 cogni-

466 1038 713 1091 '~tionetn
744 1034 993 1089 omnium
1016 1042 1098 1087 est
1131 1040 1400 1086 assecuta.
1436 1029 1542 1084 Sed
1601 1028 1905 1083 naturalem
1959 1027 2080 1097 ejus

511 1122 842 1181 voluntatem
895 1124 1151 1178 dicimus.
1202 1121 1375 1187 Quod
1411 1122 1455 1175 si
1510 1120 1761 1175 Christus
1787 1119 2081 1186 aliquando

512 1220 725 1273 videtur
747 1216 1031 1270 sententia
1079 1214 1413 1283 prepositum
1440 1282 1443 1287 ί
1473 1213 1778 1273 admittere,
1823 1215 2081 1279 quantum

516 1304 749 1372 pertinet
778 1301 842 1353 ad
873 1299 1286 1367 humanitatem,
1317 1304 1376 1349 ut
1398 1309 1464 1349 eo
1493 1296 1642 1349 loco:
1679 1293 1828 1359 Volo,
1848 1293 2077 1344 munda-

514 1404 594 1447 tor
620 1394 665 1457 ',
706 1403 760 1446 et
790 1406 908 1462 qua;
939 1386 1063 1445 sunt
1098 1388 1222 1442 huic
1248 1376 1594 1456 sitniliadnon
1619 1397 1794 1438 tamen
1819 1398 2084 1453 personae,

512 1493 605 1538 aut
635 1482 920 1538 sententia:
946 1480 999 1534 in
1033 1480 1126 1534 illo
1160 1478 1494 1532 voluntatem
1530 1476 1782 1536 dicimus,
1831 1474 1923 1527 sed
1974 1472 2082 1525 dis-

494 1575 846 1647 pensationis
880 1572 1055 1643 gratia
1083 1570 1199 1642 hac
1242 1584 1370 1625 esse
1406 1567 1549 1621 dicta
1604 1563 1973 1634 intelligimus,
2018 1561 2087 1616 ob

511 1681 630 1724 eam
660 1670 903 1729 causam,
957 1676 1117 1732 quam
1160 1667 1285 1714 ante
1341 1656 1905 1713 commemoravimus.

578 1800 638 1857 in
670 1782 1025 1860 animalibus,
1045 1808 1166 1863 qua:
1193 1790 1421 1849 rationis
1468 1789 1710 1857 expertia
1749 1796 1893 1854 sunt,
1919 1801 2079 1856 appe-

512 1875 668 1951 titum
728 1892 980 1953 dicimus,
1013 1903 1117 1942 nou
1149 1895 1333 1941 autem
1365 1884 1713 1946 voluntatem,
1767 1889 1862 1935 aut
1905 1879 2085 1933 cousi-

512 1991 668 2045 lium.
709 1986 831 2039 llzec
848 1982 992 2037 enim
1021 1982 1208 2037 statim
1238 1978 1304 2033 ab
1337 1978 1460 2047 ipso
1510 1975 1752 2045 appetitu
1793 1975 1859 2027 ad
1911 1988 2079 2041 agen-

511 2081 638 2134 dum
668 2075 1022 2144 impelluntur
1084 2071 1202 2124 sine
1225 2068 1457 2122 ratione.
1489 2064 1751 2120 Voluntas
1790 2073 1968 2116 autem
2025 2072 2082 2115 et

510 2162 796 2220 consilium
836 2161 1043 2214 ratione
1073 2156 1314 2226 praeditis
1377 2153 1748 2208 tantummodo
1804 2152 2078 2213 convenit,

510 2254 713 2324 quippe
740 2267 860 2323 quae
927 2246 1187 2320 appetitui
1246 2246 1422 2315 petius
1487 2245 1751 2313 imperant
1807 2250 1860 2297 et
1910 2242 2082 2297 domi-

509 2356 726 2403 nantur.

582 2479 640 2535 Si
676 2493 867 2533 natura
905 2476 1115 2532 ratione
1145 2474 1400 2544 prmditus
1429 2480 1509 2528 est
1544 2471 1729 2534 homo,
1787 2469 1927 2539 quod
1981 2485 2077 2522 au-

505 2580 615 2627 tem
648 2579 839 2626 natura
869 2571 1080 2623 ratione
1113 2566 1401 2636 prmditum
1428 2571 1533 2627 est,
1595 2572 1787 2613 natura
1844 2560 2072 2613 liberum

508 2656 678 2713 habet
745 2655 1054 2719 arbitrium,
1099 2654 1241 2722 quod
1313 2650 1557 2721 quidem,
1606 2660 1663 2701 ut
1717 2649 1905 2703 Patres
1955 2664 2080 2701 sen-

509 2751 670 2813 tiunt,
701 2749 837 2803 nihil
869 2746 1012 2800 aliud
1045 2752 1128 2801 est
1179 2743 1284 2799 nisi
1337 2740 1582 2798 voluntas
1612 2757 1626 2793 :
1663 2739 1827 2795 homo
1886 2747 2075 2793 natura

506 2845 840 2900 voluntatem
869 2841 1054 2896 habet.

578 2975 637 3034 Si
701 2974 847 3031 Deus
898 2974 1134 3029 Verbum
1165 2989 1249 3029 me
1304 2972 1464 3028 simul
1513 2986 1635 3026 cum
1694 2970 1763 3027 iis
1783 2984 1900 3040 qua:
1961 2981 2080 3025 mea

506 3076 660 3137 sunt,
686 3066 948 3135 suscepit,
981 3073 1041 3119 ut
1077 3065 1378 3134 Gregorius
1406 3063 1496 3117 ille
1527 3061 1837 3128 Theologus
1890 3060 1999 3115 ait:
2028 3067 2085 3115 et
2110 3046 2151 3105 C

510 3162 808 3219 naturalem
862 3160 1049 3228 utique
1116 3172 1289 3210 meam
1346 3155 1583 3223 suscepit
1636 3154 1992 3217 voluntatem,
2028 3162 2083 3205 et

507 3269 685 3310 meam
720 3251 1019 3308 naturalem
1047 3248 1335 3302 actionem.

582 3368 640 3421 Si
675 3367 854 3422 omnis
881 3363 1042 3417 homo
1096 3370 1294 3414 natura
1352 3356 1569 3412 volendi
1615 3357 1915 3426 agendique
1974 3357 2079 3408 vim

508 3463 706 3520 habet:
731 3471 783 3515 et
814 3460 953 3514 Deus
984 3456 1216 3512 Verbum
1250 3454 1458 3523 utique,
1493 3453 1652 3507 homo
1675 3462 1867 3506 natura
1887 3451 2079 3517 factus,

508 3564 695 3609 natura
718 3550 930 3605 volendi
968 3543 1271 3617 agendique
1318 3544 1423 3597 vim
1448 3542 1655 3596 habuit.

579 3753 636 3807 Si
662 3748 926 3811 Trinitas,
963 3759 1083 3814 quae
1154 3739 1397 3809 ejusdem
1449 3739 1699 3795 essentiae
1746 3746 1850 3801 est,
1920 3752 2078 3791 uuam

510 3846 676 3901 habet
697 3841 1027 3895 voluntatem
1065 3853 1080 3890 ι
1120 3850 1182 3889 ea
1227 3849 1350 3902 quae
1390 3848 1551 3887 uuam
1579 3831 1781 3886 habent
1837 3830 2083 3884 volunta-

509 3945 638 3999 tem,
668 3932 911 3987 eamdem
988 3924 1526 3987 habentesseutiam,
1558 3932 1612 3976 et
1669 3922 1913 3975 diVersas
1965 3936 2084 3990 per-

508 4042 692 4085 sonas.
720 4020 1081 4092 Quamobrem
1116 4018 1159 4072 si
1189 4017 1307 4071 dua:
1331 4016 1529 4070 Christi
1561 4025 1793 4079 naturm,
1869 4023 1927 4066 ut
1984 4014 2083 4066 de-

509 4128 718 4174 mentes
793 4114 877 4169 isti
937 4110 1198 4175 sentiuut,
1252 4120 1413 4160 uuam
1468 4104 1799 4158 voluntatem
1862 4104 2080 4169 habent,

508 4211 754 4267 eamdem
810 4205 1087 4261 habebunt
1149 4200 1441 4255 essentiam
1493 4206 1547 4250 et
1593 4196 1838 4250 diversas
1898 4210 2083 4265 perso-

510 4317 609 4356 nas
648 4318 660 4353 :
694 4310 858 4367 atque
886 4297 956 4349 ita
987 4293 1223 4351 incident
1252 4291 1305 4346 in
1362 4288 1759 4351 confusionem,
1808 4302 1906 4340 nec
1946 4287 2082 4341 divi-

509 4392 719 4446 sionem
750 4386 1030 4455 cllugient,
1091 4398 1252 4453 quam
1304 4395 1406 4432 una
1466 4389 1660 4432 natura
1716 4378 1767 4431 in
1830 4372 2158 4447 personis!)

509 4486 610 4539 sibi
670 4479 925 4548 sulijeCtis
957 4477 1139 4541 habet,

930 4612 1235 4670 TITULUS
1304 4611 1477 4665 XXII.

511 4759 769 4812 Adversus
826 4754 1117 4824 imaginum
1177 4760 1560 4819 oppugnatores
1592 4748 1813 4814 epitome
1840 4746 2079 4813 quoniam

578 4854 689 4895 tum
725 4857 787 4892 et:
817 4841 947 4892 actis
996 4838 1201 4891 seutimt‘
1237 4835 1466 4897 concilii,
1506 4842 1613 4885 tum
1662 4847 1726 4885 ea:
1778 4830 2083 4883 Germanic!

581 4922 864 4984 Niceti/tori
889 4916 1373 4985 Constantinopolis
1392 4914 1846 4980 patriarcharum,
1883 4919 1991 4963 tum
2016 4927 2085 4965 ea;

581 5008 717 5061 beati
769 5004 1025 5058 Theodori
1076 5000 1338 5056 Studium:
1363 4999 1570 5064 scriptis
1595 4998 1930 5063 deprompta.

576 5224 937 5294 Archetypum
965 5229 1047 5275 est
1085 5217 1404 5287 principium
1434 5224 1486 5268 et
1514 5213 1788 5281 exemplar
1815 5214 1953 5282 quod
1986 5226 2081 5280 per

504 5330 562 5372 se
585 5324 820 5378 constat,
848 5322 1000 5366 etest
1031 5310 1217 5365 forma:
1245 5324 1273 5362 a
1325 5321 1383 5362 se
1432 5306 1749 5374 desumpta,
1810 5305 2078 5359 deductae-

503 5422 609 5478 qne
656 5405 1023 5463 similitudinis
1058 5418 1246 5478 causa.

574 5499 753 5568 imago
790 5474 1219 5564 estexemplaris
1259 5492 1578 5559 similitudo,
1622 5507 1741 5563 qua:
1763 5500 1931 5549 totam
1992 5494 2047 5561 ip

578 5692 594 5722 ¹
624 5692 755 5746 Gen.
786 5710 825 5761 t,
867 5695 956 5749 96.
1034 5696 1054 5726 ¹
1080 5692 1271 5746 Matth.
1316 5707 1433 5755 Vttt,
1470 5691 1524 5745 3.

2181 490 2314 553 κῶς,
2339 490 2431 542 καὶ
2459 490 2595 559 πρὸς
2627 489 2868 558 ἔμφασιν
2910 489 3018 540 τῶν
3046 488 3215 557 τριῶν
3273 489 3635 543 ὑποστάσεων
3668 493 3784 561 τῆς

2186 580 2313 648 μίας
2358 580 2646 649 Θεότητος.
2704 581 2828 633 Ἐπὶ
2882 579 2939 631 δὲ
2966 578 3060 631 τοῦ
3107 578 3542 648 προσλὴμματος
3573 582 3783 635 δίδωσι

2185 673 2285 742 μὲν
2312 674 2343 741 ή
2382 671 2541 739 φύσις
2572 672 2753 739 λέγειν
2780 670 2874 723 καὶ
2904 670 3211 739 βούλευσιν,
3261 671 3356 722 καὶ
3387 668 3643 740 γνώμην,
3677 676 3785 725 καὶ

2192 764 2539 832 προαίρεσινο
2562 762 2621 814 οὐ
2658 761 2861 831 κυρίως
2886 761 2944 813 δὲ
2974 760 3176 827 λέγοιτ’
3212 758 3279 812 ἂν
3308 760 3429 813 οὐδὲ
3459 762 3545 813 ἐπ’
3574 763 3781 817 αὑτοῦ.

2182 851 2327 903 Διότι
2381 850 2833 903 καθ’ύπόστασιν
2879 848 3076 901 ὲνωθὲν
3106 848 3182 917 τῷ
3221 848 3340 917 Θεῷ
3405 851 3781 919 συμμετέσχε

2184 942 2282 996 xui.
2298 940 2397 994 τοῦ
2429 941 2607 995 πάντα
2636 941 2855 994 εἰδέναι.
2892 940 3129 1008 Θέλησιν
3149 939 3205 991 δὲ
3247 940 3505 1009 φυσικὴν,
3529 940 3656 1009 ἦτοι
3692 941 3784 992 ϐέ-

2184 1037 2354 1105 λημα,
2384 1033 2576 1087 τούτου
2605 1034 2854 1102 λέγομεν.
2878 1033 2941 1085 Ei
2960 1033 3102 1101 τάχα
3123 1032 3179 1083 δὲ
3200 1032 3226 1082 ό
3251 1032 3483 1100 Χριστὸς
3507 1033 3782 1097 εὑρίσκε-

2184 1144 2276 1181 ται
2309 1127 2406 1180 καὶ
2453 1126 2704 1195 μερικδν,
2742 1125 2913 1195 ἤγουν
2969 1123 3246 1191 γνωμικὸν
3285 1124 3525 1191 εἰσάγων
3552 1123 3781 1191 θέλημα

2186 1218 2328 1271 κατὰ
2350 1217 2411 1270 τὸ
2433 1216 2771 1286 ἀνθρώπινον
2796 1212 2983 1277 αὐτοῦ,
3034 1212 3109 1275 ὡς
3134 1213 3215 1276 τὸ,
3266 1214 3432 1266 Θέλω
3461 1253 3477 1278 ,
3520 1216 3782 1281 καθαρι-

2188 1311 2389 1375 σθητι,
2430 1308 2524 1361 καὶ
2579 1307 2715 1360 ἄλλα
2738 1304 2987 1370 τοιαῦτα,
3019 1304 3247 1357 ἁλλόὗν
3292 1306 3353 1357 οὐ
3384 1304 3617 1374 λέγομεν
3640 1307 3779 1358 ὕπο-

2189 1401 2443 1451 στατικδν
2474 1397 2565 1450 ἐπὶ
2596 1397 2814 1461 τούτου,
2843 1395 2876 1465 ἢ
2903 1392 3182 1463 γνωμικὸν
3244 1392 3460 1462 Θέλημα
3481 1396 3782 1464 οἰκονομι-

2186 1491 2299 1553 κῶς
2319 1490 2406 1544 διὰ
2432 1488 2548 1560 ⁵τὴν
2577 1486 3049 1558 προαποδοθεῖσαν
3078 1483 3280 1538 αἰτίαν.

2268 1799 2392 1852 Ἐπὶ
2425 1797 2533 1851 τῶν
2558 1797 2767 1867 ἀλόγων
2791 1796 2972 1867 ὄρεξιν
3004 1796 3103 1866 μὲν
3125 1796 3381 1866 λέγομεν,
3426 1795 3656 1869 θέλησιν
3711 1802 3778 1856 δὲ

2188 1892 2221 1965 ἦ
2252 1891 2509 1963 βούλησιν
2533 1890 2594 1943 ού
2629 1891 2883 1959 λέγομεν.
2914 1888 3060 1942 Διότι
3088 1888 3225 1956 μετὰ
3257 1887 3357 1958 τὴν
3382 1889 3561 1959 δρεξιν
3592 1892 3777 1954 εὐθὺς

2184 1984 2333 2054 ὁρμᾷ
2363 1981 2533 2034 ταῦτα
2554 1980 2690 2052 πρὸς
2717 1982 2816 2050 τὴν
2851 1979 3051 2052 πρᾶξιν
3082 1978 3380 2047 ἀλογίστως
3405 1980 3509 2032 ὑπὸ
3527 1981 3628 2049 τῆς
3655 2000 3774 2049 φυ-

2183 2073 2341 2142 σικῆς
2364 2070 2593 2140 ὀρέξεως
2626 2071 2890 2139 ἀγόμενα.
2922 2070 2989 2121 Ἠ
3013 2069 3069 2121 δὲ
3104 2068 3323 2139 Θέλησις
3368 2072 3466 2121 καὶ
3498 2071 3531 2139 ἡ
3556 2070 3769 2142 βούλη-

2184 2181 2267 2225 ot;
2300 2164 2412 2215 τῶν
2443 2162 2679 2230 λογικῶν
2708 2162 2855 2226 ἐστι,
2882 2160 2994 2214 τῶν
3017 2160 3259 2229 ἀγόντων
3278 2160 3479 2230 μᾶλλον
3510 2163 3613 2231 τὴν
3640 2164 3772 2234 δρε-

2188 2257 2290 2321 ξιν,
2331 2255 2425 2309 καὶ
2449 2254 2815 2324 κυριευόντων
2844 2255 3037 2324 αὐτῆς.

2258 2478 2321 2531 Ei
2351 2476 2515 2548 φύσει
2544 2478 2764 2547 λογικὸς
2792 2478 2820 2531 ό
2860 2477 3172 2548 ἄνθρωπος,
3223 2478 3285 2531 τὸ
3314 2477 3371 2532 δὲ
3405 2477 3570 2547 φύσει
3612 2478 3771 2546 λογι-

2183 2570 2277 2623 κὸν
2312 2569 2855 2639 φύσειαύτεξούσιον,
2900 2570 2960 2624 τὸ
2982 2569 3037 2623 δὲ
3060 2569 3411 2633 αὐτεξούσιον
3456 2569 3602 2621 κατὰ
3630 2571 3767 2632 τοὺς

2188 2661 2436 2733 Πατέρας
2456 2662 2516 2715 τὸ
2567 2662 2779 2732 Θὲλημά
2804 2663 2986 2715 ἐστιν·
3040 2664 3148 2732 ἄρα
3181 2662 3343 2730 φύσει
3386 2661 3677 2731 θελητικὸς
3730 2664 3767 2715 ὁ

2187 2749 2495 2820 ἅνθρωπος.

2260 2976 2326 3028 Ei
2360 2974 2462 3044 ἐμὲ
2504 2974 2644 3044 μετὰ
2671 2975 2781 3029 τῶν
2810 2976 2960 3047 ἐμῶν
2998 2976 3028 3030 ό
3057 2975 3191 3037 Θεὸς
3231 2974 3404 3045 Λόγος
3462 2973 3765 3043 προσείλη-

2186 3066 2453 3135 φεν,ὡςὸ
2486 3066 2747 3135 Θεολόγος
2805 3069 3050 3139 εἰρηκεν,
3104 3068 3215 3139 ἄρα
3257 3066 3353 3120 καὶ
3406 3065 3468 3119 τδ
3523 3065 3761 3134 φυσικὸν

2185 3158 2421 3229 θέλημα,
2452 3160 2546 3213 καὶ
2588 3160 2687 3229 τὴν
2711 3162 2950 3230 φυσικήν
2996 3176 3100 3231 μου
3127 3158 3433 3230 ἐνέργειαν.

2255 3358 2320 3412 Et
2350 3359 2460 3422 πᾶς
2482 3358 2765 3429 ἄνθρωπος
2798 3358 2960 3428 φύσει
2978 3357 3261 3427 θελητικός
3280 3373 3340 3409 τε
3356 3358 3453 3411 καὶ
3478 3358 3760 3427 ἐνεργητι-

2185 3454 2282 3516 κός
2302 3450 2589 3520 ὲστιν,ἇρα
2604 3452 2697 3505 καὶ
2712 3454 2738 3504 ὁ
2754 3451 2886 3514 Θεὸς
2914 3451 3088 3519 Λόγος
3113 3448 3401 3520 ἄνθρωπος
3428 3448 3590 3517 φύσει
3606 3448 3759 3518 γενό-

2188 3561 2379 3613 μενος,
2434 3544 2597 3614 φύσει
2656 3542 2940 3612 θελητικός
2988 3558 3048 3595 τε
3097 3542 3191 3595 καὶ
3236 3538 3596 3611 ἐνεργητικὸς
3630 3540 3756 3607 ne-

2187 3653 2327 3690 νετο.

2259 3748 2431 3817 Εῐπερ
2456 3748 2515 3799 ἒν
2541 3747 2751 3817 θέλημα
2777 3747 2887 3817 τῆς,
2907 3745 3194 3817 ὁμοουσέου
3259 3745 3514 3817 Τριάδος,
3546 3744 3655 3817 ἄρα
3689 3748 3757 3797 τὰ

2184 3836 2373 3907 ἔχοντα
2403 3836 2458 3888 ἓν
2485 3836 2695 3906 Θέλημα
2712 3835 2973 3906 ὁμοούσια
3004 3836 3102 3907 μέν
3124 3837 3278 3900 εἰσιν,
3312 3834 3758 3904 ἑτεροῦπόστατα

2182 3929 2267 3982 δέ.
2308 3929 2420 3982 Καὶ
2443 3927 2629 3981 λοιπὸν
2659 3929 2705 3981 εἰ
2742 3927 2884 3981 κατὰ.
2922 3928 3043 3990 τοὺς
3073 3926 3317 3997 ἄφρονας
3352 3926 3407 3981 αἱ
3438 3925 3530 3979 δύο
3566 3926 3758 3994 φύσεις

2183 4022 2276 4074 τοῦ
2307 4021 2543 4092 Χριστοῦ
2578 4020 2634 4073 ἓν
2673 4021 2858 4090 ἔχουσι
2896 4020 3131 4090 Θὲλημα,
3184 4018 3292 4090 ἄρα
3321 4018 3603 4089 όμοούσιοι
3656 4021 3759 4086 μέν

2184 4114 2343 4178 εἰσιν,
2397 4114 2854 4181 ὲτεροῦπόστατοι
2913 4112 2989 4178 δὲ,
3025 4111 3123 4165 καλ⁴
3166 4110 3308 4163 οὕτω
3362 4113 3431 4181 τῇ
3488 4108 3756 4179 συγχύσει

2186 4203 2611 4271 ὑποπεσυῦνται,
2663 4206 2758 4258 καὶ
2801 4205 2898 4275 τὴν
2924 4204 3188 4274 διαίρεσιν
3243 4202 3342 4255 οὐκ
3372 4201 3755 4270 ἐκφεύξονται,

2184 4298 2251 4369 ἢν
2288 4300 2322 4368 ἡ
2354 4300 2453 4369 μία
2485 4298 2647 4367 φύσις
2676 4300 2731 4351 ὲν
2759 4300 2874 4362 ταῖς
2928 4296 3018 4350 ὑπ’
3043 4278 3208 4367 αὐτήν
3253 4296 3366 4364 ἔχει
3395 4294 3754 4348 ύποστάπσι.

2770 4604 3017 4657 ΤΙΤΛΟΣ
3050 4603 3174 4656 KB’.

2188 4744 2348 4798 Κατὰ
2379 4741 2798 4810 Εῑκονομάχων
2825 4737 3076 4807 ἐπιτομή
3108 4755 3197 4801 τις
3231 4734 3609 4803 ήκριὸωμὲνη
3638 4736 3755 4790 ἀπὸ

2258 4845 2320 4881 τε
2351 4825 2467 4879 τῶν
2496 4824 2834 4894 πρακτικῶν
2866 4823 2977 4889 τῆς
3014 4820 3273 4889 ἑϐδόμης
3316 4818 3611 4881 συνόδου,
3658 4820 3756 4873 καὶ

2254 4912 2375 4966 τῶν
2405 4907 2739 4979 Γερμανοῦ,
2783 4908 2883 4960 καὶ
2936 4905 3280 4972 Νικηφόρον
3312 4900 3428 4955 τῶν
3470 4915 3757 4971 πιετριαρ-

2254 4997 2378 5065 χῶν
2405 4990 3122 5051 Κωνσταντινουπόλεως,
3156 4983 3253 5039 καὶ
3278 4986 3393 5038 τῶν
3418 4980 3527 5038 τοῦ
3559 5000 3757 5053 paria-

2249 5082 2386 5148 ρίου
2418 5076 2723 5145 Θεοδώρου
2754 5075 2860 5128 τοῦ
2893 5070 3287 5127 Στουδιώτου.

2269 5211 2603 5282 Ἀρχέτυπόν
2635 5212 2783 5261 ἐστιν
2818 5208 2961 5277 ἀρχὴ
2990 5206 3088 5259 καὶ
3134 5203 3485 5274 παράδειγμα
3512 5200 3757 5267 ὑφεστηο

2187 5305 2281 5369 κὸς
2332 5303 2427 5357 τοῦ
2456 5302 2550 5356 ἀπ’
2586 5302 2750 5355 αὐτοῦ
2802 5296 3349 5370 χαρακτηριζομένου
3408 5291 3611 5357 εἴδους,
3664 5292 3756 5344 καὶ

2184 5399 2281 5469 τῆς
2323 5398 2662 5467 παραγωγῆς
2692 5393 2786 5447 τοῦ
2811 5391 3192 5465 προσεοεκὸτος
3217 5388 3404 5441 αἴτιον.

2259 5489 2439 5543 Εἱκών
2471 5492 2621 5542 ἐστιν
2652 5488 2908 5559 ὁμοίωμα
2967 5481 3280 5554 ἀρχετύπου
3316 5477 3440 5533 ὅλον
3492 5477 3551 5530 ὲν
3586 5467 3755 5538 ἑαυτῇ
