4020 6214
524 247 657 313 1167

1750 239 2138 303 EUTHYMII
2181 242 2541 303 ZIGABENI

3652 240 3807 308 1158

516 368 692 436 ginem
723 377 752 417 a
778 361 922 417 nulla
945 377 999 416 re
1019 360 1430 430 dependentem,
1460 356 1535 412 rei
1560 355 1788 428 alicujus
1815 357 2065 423 imaginet

2212 358 2345 410 κόνα
2387 357 2486 425 τὴν
2518 356 2664 419 τινος
2694 355 2877 409 εἰκόνα
2920 354 3077 427 φαίη,
3117 355 3263 423 ’Δμα
3299 355 3407 425 γᾶρ
3465 359 3803 425 σνιεισὰγε-

514 459 733 515 dixerit.
795 454 966 511 Simul
1021 453 1163 509 enim
1228 451 1486 506 inducunt
1550 464 1691 515 sese,
1755 448 2099 516 vici-simque

514 547 946 604 considerantur.

585 642 727 709 Quot
744 638 1050 693 nominibus
1066 632 1341 702 exemplar
1358 641 1547 685 vocatu
1560 646 1601 695 r,
1630 630 1847 685 totidem
1872 641 2098 685 vocatur

511 746 567 791 et
592 737 767 802 imago
795 730 986 800 ipsius.
1005 727 1109 781 Sed
1129 724 1256 779 illud
1279 723 1493 792 quidem
1514 730 1569 774 ut
1604 723 1903 791 exemplar,
1933 732 1980 773 et
2004 734 2098 789 per

511 843 589 892 se,
620 834 673 879 et
713 820 1087 894 propriumne
1120 824 1296 870 autem
1334 824 1391 868 ut
1430 813 1545 883 ejus
1566 813 1763 881 imago,
1799 822 1851 866 ct
1880 824 2097 882 propter

511 921 709 989 ipsum,
730 926 789 975 et
825 914 1136 983 improprie.

582 1010 715 1065 Cum
748 1007 1005 1061 adoratur
1033 1007 1228 1074 imago,
1250 1004 1509 1057 adoratur
1532 999 1801 1061 Christus,
1825 998 1981 1064 cujus
2006 996 2091 1049 illa

506 1100 913 1157 similitudinem
964 1099 1124 1169 gerit,
1184 1112 1285 1149 non
1333 1107 1511 1149 autem
1568 1092 1814 1152 materia.
1874 1090 1925 1143 in
1985 1105 2092 1159 qua

506 1197 803 1254 similitudo
826 1194 1087 1261 impressa
1112 1199 1214 1243 est.
1243 1187 1308 1240 Et
1327 1184 1778 1256 quemadmodum
1810 1181 2093 1249 inspecnlo

504 1303 733 1361 persona
768 1281 1167 1354 quodammodo
1186 1280 1514 1334 describitur
1544 1278 1719 1347 ipsum
1751 1274 2093 1337 intuentis,ct

505 1390 689 1437 manet
728 1393 756 1431 a
787 1375 1013 1429 materia
1058 1381 1329 1442 separata,
1378 1386 1442 1424 ac
1470 1370 1513 1423 si
1570 1370 1691 1437 quis
1739 1367 2006 1436 propriam
2038 1367 2090 1418 in

503 1469 718 1542 speculo
744 1468 1088 1536 conspicuam
1132 1464 1257 1517 velit
1311 1462 1597 1530 imaginem
1631 1459 1889 1524 osculari,
1928 1469 2092 1511 mate.

502 1572 595 1621 riae
623 1562 839 1633 quidem
874 1560 1122 1620 inhaeret,
1181 1556 1276 1609 sed
1334 1554 1620 1622 imaginem
1681 1549 1980 1611 osculatur,
2038 1558 2092 1601 et

501 1658 615 1724 ipso
643 1653 951 1715 recedente,
976 1647 1134 1704 simul
1165 1647 1330 1701 etiam
1365 1644 1539 1698 avolat
1599 1644 1794 1710 imago,
1830 1640 2085 1710 quoniam

2201 467 2312 514 ται,
2351 454 2441 502 καὶ
2477 451 2967 519 συνεπιοεωρεῖται
2999 449 3217 520 θατέρῳ
3244 450 3496 519 θάτερον.

2289 621 2475 685 ὐσοις
2507 622 2739 693 ὀνόμασι
2768 625 2828 675 τὸ
2856 616 3168 692 ἀρχέτυπον
3202 622 3475 687 καλεῖται,
3509 624 3803 688 τοσούτοις

2201 711 2298 764 καὶ
2326 715 2353 781 ἡ
2396 714 2557 766 εἰκὼν
2594 714 2785 769 αὑτοῦ.
2840 713 3003 766 Ἀλλᾶ
3028 714 3089 766 τὸ
3117 714 3218 782 μὲν
3248 714 3323 777 ὡς
3347 717 3672 785 ἀρχέτυπον
3696 715 3802 767 καὶ

2197 803 2264 856 δι’
2300 804 2485 871 ἑαυτὸ,
2544 806 2638 858 καὶ
2675 806 2908 876 κυρίως·
2945 808 2978 876 ἠ
3013 807 3069 858 δὲ
3124 806 3199 870 ὡς
3246 805 3414 859 εἰκὼν
3450 807 3652 869 αὑτοῦ,
3695 808 3801 860 καὶ

2196 893 2264 946 δι’
2304 896 2501 959 ἐκεῖνο,
2534 897 2627 948 καί
2656 896 3139 966 καταχρηστικῶς.

2266 988 2761 1059 ΙΙροσκυνονμένης
2792 989 2892 1059 τῆς
2925 989 3154 1051 εἰκόνος,
3191 990 3218 1041 ό
3249 989 3493 1059 Χριστος
3534 1008 3797 1058 προσκυ-

2196 1081 2389 1146 νεῖται,
2424 1076 2484 1134 οὑ
2518 1083 2667 1134 ἐστιν
2695 1082 2979 1151 ὁμοίωσις,
3031 1081 3126 1133 καὶ
3158 1082 3256 1151 οὑχ
3311 1083 3344 1151 ἡ
3394 1081 3799 1153 ὑποδεξαμένη

2195 1172 2294 1239 τὴν
2327 1172 2588 1242 ὁμοίωσιν
2621 1172 2741 1241 ὑλη.
2804 1174 2910 1225 Kal.
2942 1172 3131 1241 ῶσπερ
3174 1174 3271 1226 ἐπὶ
3310 1172 3405 1226 τοῦ
3464 1176 3797 1244 κατόπτρου

2193 1265 2554 1335 διαγράφει-αι
2586 1268 2792 1333 τρόπον
2816 1267 2940 1317 τινὰ
2980 1266 3039 1316 τὸ
3080 1265 3373 1335 πρόσωπον
3413 1266 3510 1319 τοῦ
3558 1266 3798 1336 βλέπον

2192 1374 2284 1419 τος
2320 1357 2474 1422 αὑτὸ,
2532 1359 2625 1411 καὶ
2662 1358 2817 1426 μένει
2856 1357 2956 1426 τῆς
2996 1356 3127 1428 ῦλης
3172 1360 3631 1429 κεχωρισμένον·
3684 1362 3797 1412 κᾶν

2196 1447 2445 1518 θελήσειέ
2493 1466 2579 1520 τις
2616 1449 2971 1504 ἀσπάσασθαι
3023 1450 3121 1520 τὴν
3164 1451 3580 1520 ἐμφαινομένην
3649 1452 3800 1505 ἰδίαν

2193 1539 2399 1602 εἰκόνα,
2435 1542 2501 1611 τῇ
2540 1518 2637 1610 μὲν
2669 1539 2771 1613 ὕλῃ
2809 1541 3080 1611 προσέφυ,
3106 1541 3206 1611 τὴν
3248 1542 3435 1594 εἰκόνα
3494 1543 3551 1595 δὲ
3581 1561 3788 1615 περιε-

2194 1631 2456 1696 πτύξατο,
2509 1634 2604 1685 καὶ
2654 1635 3034 1703 μεταστάντος
3090 1634 3279 1699 αὑτοῦ,
3318 1637 3648 1709 συναπέπτη
3690 1640 3795 1692 καὶ

498 1765 525 1801 a
552 1745 754 1815 speculi
789 1742 1008 1797 materia
1064 1741 1180 1810 ipsa
1236 1752 1465 1807 persona
1529 1745 1813 1803 separatur
1846 1752 1859 1788 :
1898 1734 2071 1788 cadeu‘

2190 1723 2249 1773 τὸ
2286 1721 2517 1790 ἴνδαλμα
2544 1723 2632 1777 διὰ
2660 1724 2720 1777 τὸ
2758 1724 3092 1795 κεχωρῖσοαι
3131 1726 3231 1795 τῆς
3286 1726 3422 1798 ὑλης
3449 1730 3550 1782 τοῦ
3610 1705 3789 1783 κατό-

498 1839 707 1893 ratione
734 1834 825 1903 qui
857 1831 1165 1886 Servatoris
1202 1838 1293 1883 aut
1327 1827 1420 1882 Dei
1454 1825 1772 1889 Cenitricis,
1808 1824 2088 1878 antalicn—

497 1933 584 1999 ius
636 1939 947 1983 sanctorum
1005 1924 1296 1991 imaginem
1361 1921 1658 1983 osculatur,
1695 1917 1815 1970 licet
1848 1917 2087 1971 materia

499 2022 780 2075 induerent.
834 2014 1142 2082 imaginem,
1176 2025 1281 2063 non
1324 2007 1608 2061 materiam
1673 2004 1963 2057 osculatur.
2022 2002 2086 2056 Et

496 2110 733 2179 imagine
756 2107 951 2169 deleta,
987 2110 1205 2173 prepter
1236 2114 1396 2169 quam
1434 2096 1791 2152 exhibebatur
1817 2096 2082 2162 adoratio,

495 2201 725 2258 materia
750 2207 993 2253 remanet
1023 2209 1127 2248 non
1160 2191 1390 2261 amplius
1416 2190 1710 2251 adoranda,
1742 2187 1942 2256 quippe
1964 2201 2084 2255 quae

494 2307 779 2350 commune
804 2304 927 2345 eum
958 2285 1313 2341 similitudine
1345 2283 1476 2336 nihil
1514 2283 1697 2336 habet.

562 2385 729 2440 Detur
753 2381 1008 2444 annulus,
1033 2381 1085 2432 in
1104 2392 1210 2446 quo
1239 2376 1416 2444 imago
1445 2373 1516 2428 sit
1542 2373 1709 2441 regia.
1736 2373 2082 2442 lmprimatur

493 2480 546 2532 in
589 2492 735 2538 cera.
768 2484 820 2529 et
855 2475 908 2528 in
947 2473 1085 2541 pice,
1137 2480 1192 2523 et
1241 2469 1292 2522 iu
1324 2468 1456 2521 luto.
1517 2466 1575 2520 ln
1614 2466 1698 2520 his
1728 2464 1943 2534 quidem
1978 2467 2081 2522 erit

493 2571 731 2638 signum,
765 2567 924 2635 idque
953 2563 1095 2615 nulla
1126 2562 1333 2615 ratione
1378 2557 1653 2623 diﬂerens,
1693 2558 1817 2611 licet
1841 2559 2081 2612 materiae

492 2661 719 2714 diverse
753 2658 882 2712 sint.
938 2655 1073 2709 Cmn
1108 2653 1193 2708 his
1241 2652 1385 2706 enim
1450 2651 1663 2719 signum
1727 2648 1859 2702 nihil
1918 2650 2078 2703 habet

417 2763 419 2766 ‘
492 2766 802 2812 commune,
833 2749 924 2803 sed
954 2748 1020 2800 ab
1054 2746 1184 2810 ipsis
1210 2753 1540 2814 separatum,
1573 2741 1699 2796 etin
1731 2741 1935 2795 annulo
1959 2756 2078 2794 ma-

494 2858 628 2898 nens
659 2842 837 2895 animo
873 2837 1302 2907 cogitationeqne
1356 2833 1851 2904 comprehenditur.
1911 2831 2001 2887 Sic
2022 2840 2078 2887 et

490 2932 701 2989 Christi
734 2930 1056 2994 similitudo,
1091 2924 1342 2997 quamvis
1395 2940 1518 2981 eam
1580 2922 1819 2977 materia:
1850 2922 2076 2977 diversa:

2192 1832 2363 1883 πτρου
2397 1833 2411 1847 ·
2447 1817 2537 1869 τὸν
2555 1818 2718 1871 αὑτὸν
2750 1820 2952 1890 τρόπον
2976 1820 3002 1871 ὁ
3035 1820 3134 1888 τὴν
3158 1821 3346 1874 εἰκόνα
3371 1822 3466 1874 τοῦ
3488 1823 3788 1891 Σωτῆρος,

2188 1908 2221 1978 ἢ
2262 1909 2364 1978 τῆς
2399 1908 2763 1980 Θεομήτορος.
2790 1911 2822 1981 ἦ
2853 1928 2998 1973 τινος
3027 1912 3135 1963 τῶν
3164 1911 3337 1980 ἁγίων
3367 1914 3787 1985 ἀσπαζόμενος,

2188 2003 2236 2054 εἰ
2266 2003 2361 2056 καὶ
2394 2003 2738 2072 προσφύεται
2786 2006 2853 2075 τῇ
2906 2004 3028 2076 ὑλῃ,
3071 2005 3168 2075 τὴν
3215 2006 3423 2071 εἰκόνα,
3449 2011 3548 2060 καὶ
3574 2009 3644 2060 οὑ
3683 2010 3786 2078 τὴν

2195 2097 2327 2164 ὓλην
2366 2096 2699 2159 ἀσπάζεται,
2736 2098 2830 2149 καὶ
2858 2098 3255 2166 ἀφανισῡέντος
3301 2099 3395 2152 τοῦ
3430 2100 3784 2172 ὲκτυπώμα-

2187 2205 2302 2250 τος,
2332 2187 2419 2255 ἐφ’
2454 2181 2497 2255 ᾧ
2522 2190 2557 2259 ἡ
2589 2189 2985 2259 προσκύνησιε,
3014 2191 3235 2261 ἔμεινεν
3272 2192 3701 2263 ἀπροσκύνητος
3746 2199 3782 2266 ἡ

2191 2278 2314 2347 ὕλη,
2351 2280 2518 2350 μηδέν
2547 2298 2600 2334 τι
2636 2281 2968 2335 κοινωνοῦσα
2995 2283 3075 2353 τῷ
3114 2282 3448 2353 ὁμοιώματι.

2259 2375 2442 2427 Ἔστω
2471 2374 2755 2436 δακτύλιος
2790 2373 3272 2445 ἐγκεχαραγμένας
3317 2375 3505 2428 εἰκόνα
3556 2374 3781 2445 βασιλι-

2182 2466 2313 2535 κὴν,
2341 2462 2460 2519 εἶτα
2499 2465 2817 2519 ὲκτυπούτω
2849 2467 2909 2517 ὲν
2941 2465 3119 2535 κηρῷ,
3150 2465 3247 2518 καὶ
3270 2467 3325 2520 ὲν
3348 2467 3546 2537 πίσσῃ,
3578 2471 3686 2520 καὶ
3716 2472 3779 2522 ἑν

2170 2557 2359 2628 βηλῷ.
2405 2557 2466 2612 ’11
2510 2559 2608 2627 μὲν
2638 2557 2730 2611 οὖν
2765 2556 3003 2627 σφραγὶς
3032 2558 3133 2627 μία
3194 2560 3288 2611 καὶ
3335 2560 3775 2629 ἀπαράλλακτος

2179 2650 2238 2703 ὲν
2265 2650 2493 2715 τούτοις,
2554 2653 2609 2704 αἰ
2647 2650 2704 2704 δὲ
2741 2650 2861 2704 ῦλαι
2922 2650 3197 2721 διάφοροι,
3248 2650 3338 2704 διὰ
3392 2652 3452 2703 τ’)
3502 2652 3683 2721 μηδὲν
3716 2670 3773 2706 τι

2178 2742 2299 2804 ταῖς
2328 2740 2482 2803 ὕλαις
2513 2740 2612 2812 τὴν
2642 2741 2913 2812 σφραγῖδα
2937 2744 3236 2807 κοινωνεῖν,
3265 2742 3381 2795 ἀλλ’
3404 2739 3551 2796 εἶναι
3586 2742 3770 2815 αὑτὴν

2178 2837 2244 2906 τῇ
2279 2835 2493 2906 ἐπινοίᾳ
2520 2836 2730 2889 τούτων
2786 2836 3208 2906 κεχωρισμένην
3263 2839 3322 2890 ὲν
3348 2837 3428 2905 τῷ
3478 2838 3768 2909 δακτυλίῳ

2181 2927 2471 2997 μένουσαν.
2506 2925 2693 2989 Οῦτως
2716 2926 2809 2980 οῦν
2834 2926 2931 2981 καὶ
2969 2929 3031 2982 τδ
3068 2928 3162 2980 τοῦ
3193 2929 3433 2997 Χριστοῦ
3472 2930 3765 3001 ὁμοίωμα,

490 3023 728 3078 referant
788 3034 1099 3088 expressam
1131 3057 1147 3081 ,
1208 3017 1344 3070 nihil
1368 3016 1527 3069 habet
1560 3023 1741 3067 tamen
1777 3025 2067 3065 commune

2186 3021 2225 3072 εἰ
2270 3020 2363 3071 καὶ
2400 3021 2460 3072 ὲν
2504 3019 2784 3090 διαφόροις
2827 3020 2980 3082 ὑλαις
3036 3020 3354 3091 ὲκτυπωῦῇ,
3385 3022 3765 3092 ἁκοινώνητὸν

489 3129 609 3167 emn
636 3111 765 3175 illis,
788 3112 881 3164 sed
911 3109 964 3162 in
986 3106 1188 3162 Christi
1226 3116 1406 3179 manet
1440 3119 1702 3173 persona.

566 3205 756 3257 Sacras
775 3202 1040 3270 imagines
1062 3198 1466 3259 constituimus,
1490 3205 1569 3260 ut,
1590 3210 1682 3249 eas
1700 3192 2069 3263 contemplan-

492 3306 593 3361 tes,
629 3295 865 3364 ipsarnm
892 3289 1217 3359 exemplaria
1245 3288 1401 3343 nobis
1432 3288 1714 3342 videamur
1743 3285 1958 3349 intueri,
1978 3300 2069 3338 eo-

498 3400 727 3455 rumque
753 3384 907 3437 nobis
931 3390 1044 3436 tum
1076 3381 1389 3435 memoriam
1416 3387 1695 3443 renovent,
1718 3388 1829 3432 tum
1852 3376 2065 3431 deside-

490 3479 626 3532 rium
655 3475 878 3530 leniant.

554 3843 732 3898 Beata:
779 3838 1031 3894 Trinitati
1061 3838 1129 3893 ab
1177 3836 1493 3891 orthodoxis
1522 3835 1678 3890 latria
1720 3834 1978 3890 tribuitur
2008 3838 2065 3891 in

482 3935 678 4005 Spiritu
726 3941 781 3987 ct
815 3932 1077 3997 veritate;
1146 3932 1348 3984 sanctis
1392 3935 1569 3983 autem
1612 3929 1932 3996 imaginibus
1959 3944 2063 3993 non

482 4025 636 4078 latria
667 4022 910 4085 omnino,
928 4019 1019 4074 sed
1037 4020 1372 4081 adoratio,et
1403 4017 1763 4083 deosculatio,
1790 4028 1844 4073 et
1871 4020 2062 4075 honor.

479 4115 628 4170 Licet
656 4113 799 4169 enim
835 4112 1083 4178 imaginis
1110 4112 1274 4166 etiam
1314 4114 1491 4167 honor
1530 4112 1858 4166 transeatad
1881 4126 2065 4166 exem-

481 4209 616 4276 plar,
636 4205 788 4258 latria
807 4213 979 4257 tamen
1003 4218 1105 4256 non
1121 4202 1348 4257 debetur
1374 4203 1696 4257 venerandis
1715 4203 2061 4270 imaginibus,

477 4298 571 4352 sed
598 4295 694 4350 soli
725 4296 897 4347 beata:
954 4293 1227 4360 Trinitati,
1288 4309 1353 4349 ne
1379 4295 1540 4349 rebus
1585 4294 1878 4364 procreatis
1907 4304 1960 4348 et
1992 4310 2060 4350 ex

2173 3112 2288 3163 ἐστι
2323 3110 2432 3163 τῶν
2465 3110 2605 3163 ὑλῶν
2632 3113 2691 3164 ἐν
2730 3115 2796 3182 τῇ
2825 3112 2919 3165 τοῦ
2956 3114 3196 3182 Χριστοῦ
3229 3116 3394 3183 μένον
3425 3114 3756 3169 ὑποστάσει.

2245 3201 2356 3264 Τὰς
2418 3202 2568 3272 ἱερὰς
2634 3205 2848 3266 εἰκόνας
2896 3204 3332 3275 ἀναστηλοῦμεν,
3404 3206 3494 3257 ἵνα
3542 3205 3759 3270 ταύτας

2171 3290 2404 3360 ὁρῶντες
2437 3292 2508 3344 δι’
2531 3293 2713 3346 αὑτῶν
2737 3294 2982 3364 δοκῶμεν
3038 3298 3172 3366 όρᾷν
3212 3296 3283 3348 τὰ
3335 3296 3548 3349 τούτων
3578 3296 3757 3368 ἀρχέ-

2172 3398 2345 3445 τυπα,
2388 3381 2479 3434 καὶ
2510 3383 2752 3449 γίνονται
2781 3385 2910 3453 ἡμῖν
2937 3385 3342 3454 ὑπομνήματα,
3364 3386 3459 3438 καὶ
3496 3404 3755 3457 παρηγο-

2172 3475 2262 3543 ρία
2289 3473 2382 3527 τοῦ
2419 3474 2585 3527 πόθου
2615 3475 2711 3527 τοῦ
2742 3476 2876 3546 πρὸς
2904 3479 2974 3529 τὰ
3014 3476 3219 3530 τούτων
3249 3478 3613 3547 πρωτότοκα.

2237 3568 2400 3619 Ὅσον
2454 3568 2694 3637 συνεχῶς
2732 3570 2788 3622 αἰ
2836 3569 3046 3633 εἰκόνες
3096 3571 3354 3640 ὁρῶνται,
3391 3571 3657 3625 τοιοῦτον
3700 3572 3750 3625 οἰ

2165 3661 2367 3724 ταύτας
2408 3663 2643 3733 ὁρῶντες
2668 3665 3041 3720 διανίστανται
3074 3666 3208 3737 πρὸς
3235 3667 3333 3737 τὴν
3360 3667 3475 3719 τῶν
3502 3668 3749 3739 ἀρχετύ-

2167 3770 2286 3807 πων
2322 3756 2548 3826 μνήμην
2583 3757 2679 3810 καὶ
2711 3757 3062 3829 ἐπιπόθησιν.

2252 3845 2313 3898 'H
2329 3847 2428 3917 μὲν
2446 3850 2504 3902 ὲν
2525 3848 2794 3918 πνεύματι
2811 3850 2905 3902 καὶ
2920 3850 3149 3923 ἀληθείᾳ
3164 3851 3259 3906 λατ
3268 3853 3391 3922 psic
3408 3855 3472 3924 τῇ
3494 3856 3749 3926 [Lamp-fa

2165 3940 2356 4008 Τριὰδι
2397 3940 2546 4007 παρὰ
2581 3941 2689 3994 τῶν
2724 3941 3022 4011 ὀρθοδόξων
3051 3944 3493 4013 ἀπο-νενέμηται·
3528 3948 3653 4007 ταῖς
3688 3948 3749 4000 δὲ

2163 4032 2348 4099 ἁγίαις
2368 4033 2578 4087 εἰκόσιν
2607 4034 2671 4087 οὑ
2704 4033 2935 4104 λατρεία
2965 4035 3205 4101 πάντως,
3250 4037 3387 4090 ἀλλὰ
3424 4038 3749 4109 προσκύνη-

2165 4144 2270 4189 σις,
2299 4128 2392 4181 καὶ
2424 4128 2738 4198 ἀσπασμὸς,
2796 4131 2891 4183 καὶ
2925 4132 3082 4200 τιμή.
3117 4130 3179 4183 Εἰ
3216 4131 3324 4201 γὰρ
3370 4132 3468 4185 καὶ
3519 4134 3555 4204 ἠ
3603 4136 3748 4205 τιμὴ

2161 4217 2260 4287 τῆς
2321 4218 2531 4283 εἰκόνος
2581 4220 2676 4272 ἐπὶ
2725 4220 2787 4273 τὸ
2822 4223 3179 4291 πρωτότυπον
3230 4222 3519 4287 διαεαίνει,
3554 4224 3676 4278 ἀλλ’
3714 4228 3748 4296 ἡ

2162 4309 2388 4379 λατρεία
2423 4310 2519 4379 τῆς
2573 4310 2845 4381 μακαρίας
2886 4313 3001 4364 ἐστὶ
3062 4312 3232 4383 μόνης
3263 4313 3521 4382 Τριάδος,
3556 4318 3655 4367 καὶ
3678 4319 3743 4369 οὑ

477 4384 701 4440 materia
732 4383 1109 4438 constantibus
1138 4383 1311 4437 latria:
1351 4383 1554 4438 cultum
1588 4383 1825 4439 tribucre
1871 4383 2049 4439 videa-

2186 4404 2272 4458 τῶν
2314 4407 2531 4458 σεπτῶν
2577 4406 2825 4469 εἰκόνων,
2867 4406 2956 4458 ἵνα
3003 4404 3079 4475 μὴ
3113 4407 3588 4479 κτισματολατραι
3641 4411 3746 4463 καὶ

474 4492 617 4531 ιιιυΓ.

546 4592 602 4646 In
618 4594 735 4661 ipso
757 4589 973 4643 Christo
992 4596 1077 4645 est
1094 4589 1516 4645 adoratiolatriae
1535 4601 1589 4646 et
1617 4593 1896 4661 naturalis;
1914 4609 2055 4649 unus

2161 4500 2355 4553 ὑλολόιτ
2362 4518 2453 4571 ραι
2490 4502 2753 4569 δόξωμεν.

2240 4592 2359 4647 Ἐπ’
2388 4592 2555 4645 αὑτοῦ
2586 4592 2685 4663 μὲν
2720 4592 2814 4645 τοῦ
2852 4593 3087 4663 Χριστοῦ
3125 4594 3449 4665 λατρευτικὴ
3488 4596 3522 4665 ὴ
3560 4613 3744 4664 προσ-

2154 4684 2383 4753 κύνησις
2434 4685 2529 4738 καὶ
2585 4687 2788 4756 φυσική
2815 4700 2828 4715 ·
2852 4680 2931 4747 εἷς
2987 4688 3098 4755 γάρ
3131 4688 3247 4740 ἐστι
3278 4687 3376 4757 τῆς
3412 4688 3576 4755 ἁγίας
3603 4690 3742 4755 Τριο

2157 4777 2281 4839 ἅδος
2303 4779 2441 4831 κατὰ
2464 4778 2564 4845 τὴν
2593 4778 2747 4831 Θείαν
2771 4778 2941 4832 αὑτοῦ
2987 4780 3153 4846 φύσιν
3178 4797 3193 4810 ο
3226 4781 3319 4831 ἐπὶ
3355 4779 3411 4831 δὲ
3442 4780 3543 4848 τῆς
3587 4780 3742 4833 εἰκός

2154 4884 2240 4930 νος
2266 4867 2360 4920 τοῦ
2390 4868 2627 4938 Χριστοῦ
2661 4870 2886 4939 σχετικὴ
2914 4871 3007 4922 καὶ
3036 4869 3390 4939 όμωνυμική.
3428 4870 3738 4937 Προσκυνῶ

2154 4962 2263 5027 γὰρ
2290 4962 2381 5011 τὸν
2415 4964 2472 5012 ὲν
2498 4962 2635 5029 αὐτῇ
2661 4960 2921 5030 Χριστὸν,
2955 4962 3044 5013 τὸν
3067 4962 3155 5013 διὰ
3187 4963 3248 5012 τὸ
3270 4960 3633 5029 σαρκωθῆναι
3662 4964 3738 5013 ει-

2154 5051 2500 5121 κονιζόμενον
2528 5051 2670 5105 κατὰ
2694 5052 2794 5122 τὴν
2826 5052 3168 5123 σωματοειδῆ
3200 5052 3329 5105 Θέαν
3365 5053 3559 5115 αὑτοῦ,
3590 5054 3736 5124 ὅπερ

2150 5143 2266 5195 ἐστὶ
2293 5143 2514 5211 σχετικὴ
2537 5144 2908 5213 προσκύνησις
2958 5145 3052 5196 καὶ
3074 5144 3437 5212 ὑποστατική.

2223 5232 2435 5301 Ὥσπερ
2486 5232 2751 5299 ήπίστις,
2808 5231 2952 5285 οὑτω
3001 5234 3096 5284 καὶ
3126 5236 3158 5302 ἡ
3218 5233 3446 5297 λατρεία
3495 5235 3564 5303 τῇ
3593 5234 3731 5303 ἁγίᾳ

2150 5325 2343 5394 Τριάδι
2375 5324 2855 5393 ἀποκεκλήρωται.
2898 5324 2955 5376 Ὀ
2980 5325 3113 5392 γοῦν
3137 5325 3419 5395 λατρεύων
3444 5327 3511 5395 τῇ
3554 5327 3728 5379 εἰκόνι

2145 5412 2383 5484 Χριστοῦ
2421 5414 2780 5485 εὑρεθήσεται
2804 5416 3020 5486 τετράδι
3054 5415 3355 5486 λατρεύων,
3376 5417 3471 5469 καὶ
3514 5433 3728 5469 συνεισ-

2145 5505 2349 5575 κρίνων
2412 5508 2478 5575 τῇ
2523 5505 2657 5576 ἁγίᾳ
2688 5504 2877 5576 Τριάδι
2913 5511 3003 5559 καὶ
3032 5510 3133 5576 τὴν
3160 5509 3364 5560 suam.
3401 5507 3517 5575 Τῆς
3550 5506 3723 5578 Τρια-

2143 5596 2230 5657 δο;
2261 5595 2390 5664 γὰρ,
2414 5596 2485 5658 ὡς
2520 5598 2756 5666 εἴρηται,
2794 5599 2853 5649 τὸ
2883 5596 3262 5667 λατρεὺεσθαι.

2216 5688 2275 5738 Εἰ
2304 5688 2553 5755 σώματος
2596 5690 2754 5741 σκιὰν
2798 5689 3127 5760 μερισθῆναι
3163 5690 3262 5759 οὑχ
3293 5686 3405 5743 οἷόν
3451 5706 3512 5742 τε
3574 5705 3725 5760 παρ-

470 4684 614 4739 enim
631 4690 712 4737 est
725 4691 924 4736 sanctae
940 4678 1223 4734 Trinitatis
1241 4696 1333 4750 per
1350 4683 1582 4736 divinam
1601 4683 1765 4752 ipsius
1785 4695 2051 4739 naturam.

471 4775 523 4829 ln
556 4776 792 4829 imainne
820 4788 948 4829 vero
976 4772 1177 4827 Christi
1205 4784 1286 4826 est
1318 4775 1538 4828 relativa
1572 4785 1626 4828 et
1659 4776 1967 4843 :eqnivoca:
1999 4778 2051 4831 in

468 4868 581 4936 ipsa
618 4865 759 4920 enim
792 4866 955 4919 adoro
981 4864 1277 4931 Christum,
1311 4866 1399 4934 qui
1429 4866 1681 4935 quoniam
1715 4881 1932 4920 carnem
1972 4871 2051 4920 in-

464 4957 599 5015 duit,
664 4955 897 5021 imagine
924 4953 1272 5021 exprimitur,
1331 4967 1590 5022 quantum
1616 4954 1682 5008 ad
1731 4970 2050 5025 eorporemn

460 5043 577 5111 ejus
606 5054 880 5110 aspectum
906 5042 1118 5103 attinet,
1145 5056 1266 5110 qua:
1284 5043 1500 5112 quidem
1529 5044 1773 5099 adoratio
1797 5056 1879 5098 est
1909 5047 2047 5100 rela-

461 5131 622 5187 tionis
675 5142 837 5201 atque
872 5147 1134 5199 personae.
1275 5164 1281 5169 -
2002 5130 2003 5133 “

527 5222 995 5288 Quemadmodum
1018 5221 1169 5287 ﬁdes,
1194 5222 1273 5276 sic
1315 5232 1366 5277 et
1387 5222 1542 5277 latria
1576 5232 1773 5278 sancta:
1796 5225 2048 5281 inbuitur

456 5314 731 5368 'i'rinitati.
777 5312 955 5377 Quare
1003 5315 1095 5381 qui
1140 5312 1340 5367 Christi
1399 5315 1617 5382 imagini
1651 5315 1817 5370 latria:
1842 5319 2041 5372 cultum

453 5405 693 5470 exhibet,
724 5404 768 5457 is
787 5407 1204 5473 quaternitatem
1230 5404 1384 5459 latria
1410 5405 1584 5460 colere
1604 5407 2039 5475 deprehenditur,

454 5496 582 5548 etin
610 5509 796 5549 sancta
829 5493 1097 5549 Trinitate
1131 5497 1419 5565 imaginem
1447 5498 1747 5553 collocare:
1788 5490 2051 5561 Trinitatis

453 5584 622 5644 enim,
653 5594 712 5635 ut
739 5585 939 5639 dictum
969 5593 1074 5651 est,
1101 5585 1254 5640 latria
1284 5588 1529 5643 debetur.

527 5669 585 5722 Si
607 5673 848 5736 corporis
873 5673 1059 5725 umbra
1081 5677 1317 5743 separari
1344 5692 1448 5731 non
1471 5688 1667 5746 potest,
1686 5696 1806 5735 cum
1826 5697 2036 5752 semper
