4032 6210
309 333 448 396 1169

1217 334 1590 396 PANOPLIA
1635 335 2086 397 DOGMATICA.
2119 360 2186 369 -
2226 335 2372 396 TlT.
2417 336 2609 397 XXII.

3429 336 3570 407 1170

305 439 634 510 υφσστῶσαν
664 439 814 512 αύτῷ
843 442 1096 508 πάντοτε,
1118 441 1219 496 κᾶν
1251 442 1328 513 μὴ
1349 441 1612 510 φαίνοιτο,
1645 443 1764 496 οἱ,δέ
1788 443 1886 511 τὴν

2006 440 2129 496 idsit
2180 457 2300 496 cum
2352 457 2606 513 corpore,
2659 442 2785 498 licet
2815 457 2920 498 non
2979 444 3247 511 videatur,
3272 462 3338 502 ne
3395 449 3571 518 imago

302 532 493 586 είκόνα
526 531 766 600 Χριστοῦ
818 532 1047 587 δυνατὸν
1101 534 1444 603 διαιρεθῆναι
1501 533 1692 588 αὑτοῦ.
1738 533 1881 588 Ἀλλ’

299 623 496 693 ὥσπερ
529 623 563 692 ἡ
595 623 726 675 σκιὰ
749 625 815 693 τῇ
849 623 943 676 τοῦ
981 623 1134 693 ἡλίου
1196 623 1361 693 βολίδι
1421 625 1695 692 (pitius-catt,
1738 625 1881 678 οὕτω

303 714 400 766 καὶ
426 715 458 780 ἠ
487 713 727 783 Χριστοῦ
765 713 931 767 είκὼν
959 718 1023 785 τῇ
1045 715 1379 768 διατυπώσει
1413 716 1513 786 τῆς
1547 717 1701 787 ὕλης.
1787 713 1790 716 ’

386 806 490 859 Δύο
518 805 726 858 τούτων
757 807 928 860 ὄντων
961 808 1090 876 περὶ
1116 807 1180 861 τδ
1219 807 1403 878 σῶμα,
1436 814 1592 874 σκιᾶς
1624 812 1716 864 καὶ
1741 811 1884 864 είκό-

305 909 422 954 νος,
457 893 491 962 ὴ
547 892 648 956 μὲν
690 893 820 946 σκιὰ
865 895 1146 963 σημασίαν
1181 895 1430 966 άμυδράν
1484 915 1608 950 τινα
1651 899 1744 951 τοῦ
1785 901 1880 952 ἀν-

304 984 532 1054 θρώπου
563 984 857 1050 δείκνυσιν,
889 987 924 1056 ὴ
955 986 1011 1040 δὲ
1044 986 1212 1040 είκὼν
1245 987 1660 1059 άριδηλοτέραν.
1695 989 1757 1042 Ei
1788 990 1880 1045 οῦν

299 1075 370 1129 τὸ
399 1075 488 1128 ἀεὶ
515 1075 609 1128 τοῦ
651 1077 808 1140 ποτὲ,
862 1077 959 1130 καὶ
1005 1078 1067 1131 τὸ
1118 1080 1242 1132 καθ’
1301 1080 1536 1150 ὕπαρξιν
1583 1083 1677 1136 τοῦ
1741 1087 1882 1138 κατὰ

301 1168 584 1237 στέρησιν,
618 1169 713 1221 καὶ
743 1168 805 1220 τὸ
830 1169 1104 1240 τηλαυγὲς
1127 1171 1224 1224 τοῦ
1249 1173 1494 1244 ἀμυδροῦ
1525 1175 1756 1244 βέλτιον,
1785 1179 1882 1231 καὶ

307 1259 532 1328 ἠείιιὼν
557 1259 665 1327 ἄρα
705 1259 934 1328 βελτίων
965 1261 1065 1331 τῆς
1095 1265 1275 1327 σκιᾶς.
1339 1265 1503 1318 Ἀλλὰ
1553 1267 1660 1338 μὴν
1693 1269 1748 1321 αἱ
1773 1269 1883 1322 τῶν

307 1350 488 1416 ἁγίων
517 1350 670 1403 σκιαὶ
706 1351 804 1402 καὶ
842 1353 998 1419 ἅγιαι
1035 1353 1130 1405 καὶ
1169 1354 1524 1426 ὀνησιφόροι·
1566 1359 1624 1410 αἱ
1675 1360 1882 1425 εἰκόνες

303 1440 491 1492 αὐτῶν
527 1441 632 1512 ἄρα
667 1441 846 1512 πολλῷ
883 1443 1088 1512 μᾶλλον
1121 1446 1421 1518 άγιώτεραι
1447 1450 1542 1500 καὶ
1575 1449 1885 1520 σεϐασμιώ-

300 1548 487 1601 caput.

398 1623 457 1676 '0
486 1623 584 1692 μὲν
616 1623 854 1696 Χριστὸς
886 1627 1080 1696 δρᾶται
1119 1628 1176 1681 ὲν
1199 1631 1264 1700 τῇ
1312 1631 1479 1686 είκόνι
1519 1631 1708 1697 αὑτοῦ,
1745 1633 1884 1703 αὐτὴ

301 1713 369 1766 δὲ
395 1715 686 1782 ὑφίσταται
709 1718 767 1769 ὲν
801 1718 972 1788 αὐτῷ.

1985 533 2200 603 quidem
2236 535 2435 592 Christi
2469 537 2534 591 ab
2561 538 2677 605 ipso
2709 539 3118 608 sejuttgifpouast
3140 580 3155 603 .
3187 543 3280 596 sed
3310 543 3570 610 quemad-

1985 619 2202 673 modum
2266 622 2453 677 umbra
2503 622 2632 678 solis
2685 639 2910 680 accessu
2984 628 3332 699 perspicitur,
3386 631 3467 686 sic
3517 641 3570 688 ct

1986 708 2163 779 imago
2182 710 2381 767 Christi
2407 714 2646 768 materize
2693 716 3069 784 impressione.
3291 764 3293 766 -
3581 785 3591 794 ,

2054 799 2184 854 Cum
2221 801 2330 856 duo
2374 805 2518 860 circa
2574 821 2772 876 corpus
2819 810 3252 877 consideretttur,
3299 815 3494 868 umbra
3517 822 3584 870 et

1986 889 2185 958 imago,
2235 893 2422 948 umbra
2467 895 2682 964 quidem
2715 897 2987 953 hominem
3043 903 3570 974 obscurius,,imago
3643 961 3646 966 _

1984 991 2165 1035 autem
2189 981 2388 1038 clarius
2412 983 2605 1048 refert;
2632 986 2814 1056 itaque
2843 988 2884 1041 si
2907 988 3114 1059 idquod
3145 1006 3357 1059 semper
3381 999 3490 1056 est,
3507 1007 3572 1047 eo

1984 1074 2128 1140 quod
2153 1083 2238 1127 est
2255 1075 2591 1144 ‘aliquando;
2624 1087 2679 1132 et
2702 1079 2754 1132 id
2785 1083 2924 1148 quod
2949 1096 3047 1150 per
3066 1082 3488 1147 essentiamest,
3508 1099 3572 1138 eo

1984 1165 2124 1229 quod
2155 1175 2234 1218 est
2261 1181 2354 1232 per
2388 1169 2772 1237 privationem;
2807 1182 2859 1226 et
2893 1173 2942 1225 id
2969 1173 3109 1242 quod
3148 1184 3227 1227 est
3257 1174 3482 1238 clarum,
3508 1191 3572 1230 eo

1984 1255 2126 1322 quod
2139 1257 2542 1324 eslobscttt'um,
2565 1265 2904 1331 praestantius
2923 1275 3001 1318 est
3031 1281 3045 1318 :
3070 1279 3164 1318 san
3203 1275 3373 1320 turum
3395 1275 3571 1321 autent

1986 1348 2188 1400 umbra:
2212 1359 2263 1402 et
2293 1361 2492 1405 sancta:
2530 1362 2656 1406 sunt
2709 1362 2762 1408 et
2808 1353 3120 1421 salutiferae,
3184 1355 3446 1424 imagines
3493 1357 3572 1426 ip-

1984 1456 2165 1495 sorum
2190 1445 2370 1512 utique
2401 1446 2697 1501 sanctiores
2737 1455 2898 1501 erunt
2931 1447 3097 1500 multo
3126 1456 3180 1500 et
3212 1446 3576 1500 venerabilio-

1993 1545 2104 1584 res.

2055 1622 2311 1678 Christus
2333 1623 2387 1678 in
2401 1639 2495 1679 sua
2529 1625 2700 1695 ipsius
2727 1625 3238 1696 cerniturimagine;
3276 1627 3452 1697 imago
3481 1643 3577 1682 au-

1987 1722 2094 1770 tem
2129 1716 2181 1769 in
2209 1716 2326 1785 ipso
2357 1717 2630 1772 consistit.
3307 1721 3312 1724 ’

385 1781 496 1874 Ούχ
526 1805 602 1868 ὡς
649 1807 808 1871 θεοὺς
839 1781 940 1873 τὰς
987 1810 1204 1876 είκόνας
1265 1813 1710 1886 προσκυνοῦμεν,
1755 1817 1879 1871 οὐδὲ

2055 1805 2317 1876 Imagines
2343 1822 2447 1862 non
2469 1807 2762 1863 adoramus
2788 1818 2845 1862 ut
2871 1807 3022 1875 deos,
3053 1821 3151 1862 nec
3194 1809 3383 1863 salutis
3427 1823 3575 1877 spem

303 1895 410 1957 τὰς
448 1895 670 1959 ἐλπίδας
703 1897 804 1965 τῆς
849 1902 1130 1972 σωτηρίας
1175 1906 1233 1955 ὲν
1284 1904 1476 1968 αὐταῖς
1505 1905 1726 1976 ἔχομεν,
1757 1907 1882 1961 οὐδὲ

305 1987 374 2039 τὸ
411 1987 553 2040 θεῖον
580 1987 744 2050 σέϐας
770 1991 1145 2062 άπονέμομεψ
1182 1991 1344 2046 τοῦτο
1378 1995 1486 2062 γὰρ
1514 1996 1564 2046 oi
1587 1995 1847 2060 Ἕλληνες
1866 2012 1880 2026 ·

305 2078 451 2131 ἀλλὰ
485 2080 647 2149 μόνον
695 2077 792 2150 τὴν
825 2081 1014 2150 σχέσιν
1042 2085 1133 2135 καὶ
1180 2085 1281 2153 τὴν
1321 2085 1544 2154 ἀγάπην
1595 2087 1691 2154 τῆς
1726 2087 1884 2156 ἡμῶν

307 2169 512 2240 ψυχῆς,
559 2171 627 2241 ἣν
665 2170 864 2241 ἔχομεν
916 2174 1054 2242 πρὸς
1104 2177 1172 2228 τὰ
1215 2177 1575 2244 πρωτότυπα,
1635 2179 1727 2231 διὰ
1781 2180 1882 2250 τῆς

307 2261 572 2332 τοιαύτης
621 2268 1055 2334 προσκυνήσεως
1110 2267 1504 2338 ἐμφανίζομεν.
1578 2271 1742 2323 ’Ὀθεν
1790 2271 1886 2324 τοῦ

309 2355 665 2422 χαρακτῆρος
704 2352 1068 2421 λειανθέντος,
1102 2356 1179 2420 ὡς
1226 2356 1380 2421 ξύλον
1416 2359 1585 2430 ἀργὸν
1619 2361 1716 2430 τήν
1749 2377 1885 2414 ποτε

310 2443 698 2512 κατακαίομεν
739 2445 950 2502 εἰκόνα.

388 2535 491 2587 Τὸν
511 2537 605 2588 τοῦ
651 2538 890 2606 σταυροῦ
923 2538 1094 2592 τύπον
1125 2541 1190 2592 ὲκ
1226 2539 1322 2593 δύο
1363 2539 1539 2606 ξύλων
1579 2541 1883 2598 συνάπτον-

311 2643 433 2693 τες,
465 2628 628 2697 ἡνίκα
652 2645 734 2692 τις
775 2631 906 2700 ἡμῖν
954 2631 1064 2684 τῶν
1112 2633 1364 2686 ἀπίστων
1406 2634 1780 2702 ἐγκαλέσειεν,
1813 2636 1890 2698 ὡς

315 2720 480 2785 ξύλον
505 2722 894 2790 προσκυνοῦσι,
925 2724 1206 2793 δυνάμεθα
1231 2726 1299 2778 τὰ
1331 2725 1424 2778 δύο
1456 2725 1586 2790 ξύλα
1617 2729 1890 2798 χωρίσαν-

311 2830 432 2880 τες,
460 2815 551 2866 καὶ
578 2813 672 2868 τὸν
710 2815 884 2868 τύπον
911 2813 1004 2867 τοῦ
1039 2815 1278 2886 σταυροῦ
1321 2815 1691 2882 διαλύσαντες,
1721 2818 1892 2872 ταύταν⁵

314 2903 566 2973 νομίζειν
597 2906 746 2975 ἀργὰ
772 2905 927 2970 ξύλα,
963 2907 1060 2957 καὶ
1094 2906 1185 2958 τὸν
1228 2907 1457 2960 ἄπιστον
1487 2907 1889 2977 ἐπιστομίζειν,

311 2995 406 3048 ὅτι
434 2995 496 3048 οὐ
526 2995 588 3049 τδ
627 2995 806 3063 ξύλον,
849 2996 986 3050 ἀλλὰ
1028 2996 1120 3050 τὸν
1160 2995 1252 3050 τοῦ
1309 2996 1548 3069 σταυροῦ
1580 3000 1754 3051 τύπον
1798 3015 1894 3051 σε-

313 3085 556 3156 δόμιθα.

395 3177 501 3232 Σὺν
531 3176 681 3248 φόϐῳ
708 3179 800 3232 καὶ
831 3177 1062 3248 ἀληθείᾳ
1089 3180 1404 3249 προσιτέον,
1433 3185 1528 3234 καὶ
1569 3199 1882 3252 προσκυνηο

319 3267 446 3319 τέον
469 3269 565 3330 τάς
587 3268 748 3338 ἁγίας
771 3269 1012 3333 εἰκόνας,
1049 3272 1146 3323 καὶ
1181 3273 1500 3326 πιστευτέον
1544 3275 1704 3344 χάριν
1732 3274 1886 3328 θείαν

318 3359 610 3430 ὲπιφοιτᾷν
641 3359 830 3422 αὐταῖς
861 3361 1142 3432 ἁγιασμοῦ
1187 3363 1574 3434 μεταδοτικήν.

399 3452 610 3522 Ὠσπερ
659 3453 802 3505 κατὰ
866 3454 1030 3522 φύσιν
1098 3456 1404 3526 ἀχωρίστου
1461 3457 1733 3528 μενούσης
1788 3458 1889 3528 τῆς

323 3539 490 3607 ἁγίας
509 3538 759 3608 Τριάδος,
785 3541 1017 3612 ὲπιιδὴό
1043 3543 1172 3607 Υἱὸς
1197 3546 1512 3615 ὲσαρκώθη,
1545 3548 1606 3598 οὗ
1630 3549 1715 3600 διὰ
1732 3547 1893 3600 τοῦτο

321 3633 492 3700 φήσει
525 3649 610 3692 τις
641 3631 735 3683 καὶ
764 3631 854 3684 τὸν
887 3633 1122 3702 Πατέρα,
1161 3637 1253 3688 καὶ
1277 3637 1336 3687 τὸ
1363 3635 1584 3704 Πνεῦμα
1609 3638 1895 3706 σεσαρκῶ·

325 3723 474 3777 εθαι’
522 3722 664 3777 οὕτω
698 3724 820 3775 καθ’
846 3725 1143 3778 ὑπόστασιν
1177 3727 1475 3797 ἑνωθείσης
1497 3729 1595 3797 τῆς
1640 3727 1894 3797 Θεότητος

323 3820 397 3886 τῇ
429 3817 812 3887 άνθρωπότητι
845 3817 940 3870 τοῦ
967 3818 1118 3882 Υἱοῦ,
1147 3821 1240 3871 καὶ
1269 3820 1576 3889 ἀδιαιρέτου
1603 3821 1892 3890 μενούσης,

323 3909 432 3962 οὐκ
453 3909 641 3978 ἐπειδὴ
674 3910 734 3962 τὸ
766 3909 1109 3978 ἀνθρώπινον
1139 3911 1304 3962 αὑτοῦ
1343 3913 1769 3982 περιγράφεται,
1798 3915 1894 3966 καὶ

323 4000 600 4070 γράφεται
629 4001 687 4053 ὲν
712 4001 898 4067 είκόνι,
923 4001 1012 4054 διὰ
1041 4002 1198 4054 τοῦτο
1223 4001 1317 4056 καὶ
1338 4003 1436 4070 τὴν
1480 4002 1708 4070 θεότητα
1729 4004 1896 4058 αὑτοῦ

327 4089 768 4160 περιγράφεσθαι
819 4095 912 4144 καὶ
950 4093 1261 4160 γράφεσθαι
1310 4094 1472 4162 φήσει
1509 4112 1612 4156 τις,
1642 4095 1756 4146 ἐκ.ῖί
1798 4097 1897 4164 μὲν

328 4181 428 4250 τῆς
455 4182 595 4234 κατά
630 4184 793 4250 φύσιν
828 4186 1126 4251 συναςρεῖας
1153 4185 1226 4254 μὴ
1259 4186 1597 4255 συγχεούσης
1630 4186 1725 4248 τὰς
1765 4187 1899 4239 ύποο

333 4273 582 4338 στάσεις,
613 4274 849 4326 ἐνταῦθα
879 4275 935 4326 δὲ
985 4278 1085 4344 τῆς
1116 4275 1239 4328 καθ’
1293 4277 1591 4329 ύπόσταετιν
1653 4278 1900 4341 ὲνώσεως

332 4361 414 4432 μὴ
450 4363 743 4432 ἑξιστώση,
774 4365 882 4414 τῶν
930 4364 1148 4416 οἰκείων
1186 4366 1325 4434 ὅρων
1355 4367 1452 4427 τὰς
1479 4365 1691 4432 φύσεις.
1736 4367 1900 4436 Ὄρος

1993 1898 2053 1952 in
2080 1897 2405 1968 imaginibus
2452 1900 2682 1970 positam
2738 1909 2794 1953 et
2821 1899 3137 1955 collocatam
3167 1899 3445 1968 habemus,
3480 1917 3579 1956 nec

1986 1989 2228 2056 gentium
2261 2003 2411 2043 more
2442 1990 2678 2043 divinum
2709 1990 2816 2046 illis
2863 1991 3122 2044 honorem
3149 1991 3453 2056 tribuimus;
3479 1996 3572 2045 sed

1986 2094 2077 2134 eas
2111 2091 2436 2135 venerantes
2467 2082 2628 2135 animi
2673 2083 2841 2137 nostri
2869 2082 3206 2136 aﬁectiouem
3252 2092 3306 2138 et
3333 2083 3577 2137 charita-

1991 2179 2096 2224 tem
2127 2186 2251 2239 erga
2279 2171 2603 2241 exemplaria
2630 2173 3086 2227 demonstramus.
3133 2174 3188 2228 Id
3213 2189 3278 2229 ex
3305 2189 3370 2228 eo
3395 2175 3573 2244 colligi

1989 2269 2186 2328 potest,
2220 2264 2360 2330 quod
2391 2263 2622 2332 imagine
2654 2279 2684 2318 e
2714 2263 2855 2332 ligno
2883 2303 2898 2327 ,
2932 2267 3076 2334 quod
3109 2280 3228 2318 eam
3286 2266 3578 2333 aliquando

1989 2351 2427 2420 gerebaldeleta,
2494 2355 2694 2424 lignum
2733 2355 2904 2424 ipsum
2963 2365 3022 2410 ut
3054 2355 3246 2411 inutile
3292 2357 3344 2410 in
3397 2356 3574 2426 ignem

1989 2450 2333 2517 conjicimus.

2062 2539 2194 2594 Cum
2229 2538 2408 2596 crucis
2449 2539 2659 2611 signum
2693 2539 2905 2596 duobus
2935 2555 2966 2596 e
2989 2540 3149 2610 lignis
3201 2543 3577 2608 conﬁciamus,

1991 2632 2211 2698 quando
2233 2645 2334 2685 nos
2377 2631 2678 2686 inﬁdelium
2705 2632 2904 2701 aliquis
2925 2631 3296 2701 reprehendit.
3332 2638 3475 2704 quod
3511 2636 3576 2688 li-

1991 2735 2152 2790 gnum
2185 2721 2493 2787 adoremus,
2534 2721 2677 2793 ligna
2710 2730 3046 2796 separantes,
3074 2730 3127 2777 et
3154 2724 3332 2780 crucis
3359 2724 3573 2792 signum

1992 2811 2372 2878 dissolventes,
2405 2827 2469 2867 ea
2495 2829 2780 2882 possumus
2804 2824 2861 2869 ut
2888 2813 3032 2884 ligna
3082 2815 3291 2869 inutilia
3351 2815 3577 2870 demon-

1993 2912 2207 2969 strare;
2238 2913 2400 2972 atque
2440 2904 2513 2956 ita
2569 2918 2630 2958 os
2664 2903 2961 2958 inﬁdelium
2999 2902 3238 2972 ipsorum
3271 2903 3579 2966 obstruere.

1995 3006 2117 3048 cum
2157 2995 2334 3049 cruris
2371 2996 2606 3065 signum,
2634 3010 2742 3050 non
2788 3007 2964 3050 autem
3003 2996 3206 3066 lignum
3239 3010 3579 3050 veneremur.

2061 3174 2199 3230 Cum
2252 3177 2446 3232 timore
2488 3186 2542 3232 et
2593 3161 2821 3232 veritate
2871 3188 3076 3232 sanctae
3142 3177 3400 3244 imagines
3462 3186 3588 3231 sunt

1995 3267 2253 3324 adeundae
2287 3269 2678 3332 etadorandte,
2731 3279 2784 3323 et
2837 3269 3161 3322 credendum
3223 3275 3306 3321 est
3349 3266 3583 3321 divinam

1997 3363 2226 3431 gratiam
2242 3361 2890 3431 sanctitatislargitricem
2923 3363 3194 3416 assiduam
3230 3361 3283 3414 in
3317 3360 3422 3414 illis
3443 3373 3583 3413 esse.

2069 3453 2528 3519 Quemadmodum
2563 3469 2685 3507 ctnn
2737 3463 2922 3507 sancta
2979 3454 3260 3507 Trinitatis
3292 3463 3482 3506 natura
3515 3453 3587 3506 sit

1999 3542 2396 3610 inseparabilis,
2427 3543 2562 3595 Filio
2589 3557 2804 3595 carnem
2842 3544 3050 3607 induto,
3091 3559 3248 3597 nemo
3283 3543 3494 3596 Patrem
3533 3555 3588 3596 et

2002 3630 2262 3700 Spiritum
2294 3646 2510 3686 carnem
2551 3630 2749 3685 dixerit
2785 3633 3047 3696 induisse,
3091 3633 3163 3686 ita
3186 3632 3466 3686 divinitate
3493 3649 3590 3700 ροι-

2003 3736 2284 3790 personam
2321 3719 2443 3774 Filii
2470 3721 2790 3774 humanitati
2823 3721 3135 3789 conjuncta,
3168 3732 3222 3775 et
3272 3721 3584 3775 indivisibili

2003 3825 2375 3884 permanente,
2421 3815 2670 3882 quamvis
2695 3814 3004 3868 humanitas
3026 3814 3145 3882 ejus
3166 3813 3584 3866 eircumscri‘ua.

2006 3917 2094 3960 tur
2144 3915 2197 3960 et
2221 3907 2556 3972 exprimatur
2581 3905 2833 3974 imagine,
2867 3922 2972 3959 non
3005 3915 3180 3960 tamen
3223 3904 3424 3958 idcirco
3450 3903 3589 3957 divi~

2007 3999 2149 4054 nitas
2177 3999 2340 4053 etiam
2374 3997 2541 4065 ipsius
2595 3996 2966 4051 circumscribi
3004 4007 3058 4050 et
3089 3997 3324 4064 imagine
3353 3995 3584 4062 exprimi

2008 4102 2202 4163 potest.
2236 4091 2347 4145 Ilhc
2372 4091 2512 4144 enitn
2544 4089 2855 4158 conjunctio
2881 4088 3141 4142 naturalis
3173 4103 3276 4139 non
3301 4085 3588 4139 confundit

2010 4197 2303 4253 personas;
2340 4181 2425 4235 hic
2469 4187 2649 4232 autem
2701 4179 2827 4230 unio
2857 4192 2952 4246 per
2992 4193 3276 4246 personam
3315 4186 3592 4230 naturase

2012 4274 2245 4342 propriis
2273 4271 2514 4325 terminis
2539 4285 2644 4323 non
2673 4269 2932 4323 excludit.
2969 4269 3278 4322 Divinitttis
3304 4267 3448 4321 enim
3483 4275 3590 4322 ter-

2011 4367 2186 4420 minus
2216 4373 2316 4428 est,
2349 4372 2403 4416 ut
2428 4364 2526 4415 sub
2557 4370 2832 4428 aspectum
2861 4374 2964 4414 non
2995 4359 3171 4425 cadat,
3205 4373 3303 4413 nec
3359 4362 3591 4412 circum-

331 4458 444 4524 γάρ
479 4455 734 4524 θεότητος
766 4455 861 4523 μὲν
886 4456 947 4506 τὸ
975 4457 1208 4524 ἀόρατόν
1240 4474 1298 4508 τε
1340 4460 1434 4509 καὶ
1456 4459 1892 4527 ἀπερίγραπτον,

2010 4456 2280 4510 scribatur
2313 4472 2328 4508 :
2364 4453 2714 4507 humanitatis
2745 4460 2947 4516 autem,
2984 4462 3041 4506 ttt
3077 4461 3132 4506 et
3165 4450 3392 4519 perspici
3423 4450 3594 4517 possit

331 4546 746 4614 ἁνθρωπότητος
776 4544 830 4596 δὲ
861 4546 922 4596 τὸ
949 4546 1144 4614 ὁρατὸν
1170 4547 1265 4598 καὶ
1297 4547 1694 4616 περιγραπτόν.

410 4639 592 4690 Libuit
649 4638 708 4689 τὸ
749 4639 838 4690 τὸν
892 4637 1127 4708 Χριστὸν
1182 4641 1348 4707 σαρκὶ
1411 4639 1792 4710 ἐσταυρῶσθαι
1848 4641 1908 4693 τὸ

335 4731 787 4796 συμπεπονοέναι
819 4731 914 4782 καὶ
944 4734 1044 4799 τὴν
1073 4729 1301 4799 θεότητα
1333 4732 1514 4797 λέγειν
1548 4735 1763 4796 ἀσεϐὲς,
1798 4736 1908 4802 ἄρα

333 4825 438 4877 καὶ
472 4822 560 4873 διὰ
586 4823 645 4874 τὸ
674 4821 842 4892 σαρκὶ
870 4823 1308 4892 περιγράφεσθαι
1338 4825 1500 4877 αὑτὸν
1528 4827 1588 4878 τὸ
1629 4842 1907 4894 συμπερι-

332 4913 648 4983 γράφεσοαι
674 4914 768 4965 καὶ
811 4913 908 4983 τὴν
957 4914 1186 4982 θεότητα
1246 4914 1425 4980 λέγειν
1462 4917 1661 4985 ὁμοίως
1692 4919 1908 4983 ἀσεϐὲς,

336 5006 567 5059 κάκεῖνο
599 5005 696 5074 μὲν
723 5005 1133 5073 Θεοπασχιτὼν,
1166 5003 1320 5056 τοῦτο
1341 5003 1398 5057 δὲ
1429 5007 1834 5077 Εἱκονομάχων.

418 5269 499 5338 Ίῇ
531 5267 702 5338 πολλῇ
731 5268 826 5320 καὶ
859 5266 1122 5337 ἀφράστῳ
1157 5266 1290 5336 πρὸς
1313 5267 1401 5319 τὸν
1448 5268 1682 5338 Χριστὸν
1709 5273 1912 5341 στοργῇ

345 5363 645 5432 σεόόμεθα,
680 5361 772 5413 καὶ
806 5361 1221 5430 προσκυνοῦμεν
1248 5359 1340 5412 καὶ
1371 5359 1496 5423 τοὺς
1548 5360 1746 5424 τόπους
1789 5361 1914 5415 ἔνθα

344 5455 781 5525 περιεπάτησεν,
807 5453 839 5521 ἢ
868 5453 1145 5514 ἐκάθισεν,
1180 5451 1242 5504 ού
1282 5452 1404 5514 τοὺς
1439 5453 1638 5516 τόπους
1672 5470 1916 5522 προσκυο

347 5546 565 5607 νοῦντες
591 5542 798 5605 ἁπλῶς.
827 5543 964 5596 ἀλλὰ
990 5543 1060 5595 δι’
1105 5541 1284 5596 αὐτῶν
1314 5542 1405 5594 τὸν
1441 5544 1498 5596 ὲν
1547 5544 1733 5606 αὐτοῖς
1787 5546 1915 5597 ἀνα-

353 5636 692 5704 στραφέντα,
736 5631 830 5684 καὶ
875 5631 960 5686 διὰ
1009 5633 1114 5686 τῶν
1149 5632 1322 5685 τόπων
1357 5633 1552 5702 ἐκείνῳ
1608 5633 1705 5702 τὴν
1751 5640 1917 5705 τιμὴν

354 5728 744 5796 ἀναφέροντες.

2010 4559 2059 4602 et
2092 4545 2494 4599 circumscribi.

2081 4637 2161 4700 Si,
2185 4637 2311 4703 quia
2332 4635 2580 4688 Christus
2600 4631 2890 4688 cruciﬁxus
2922 4641 3004 4686 est
3042 4645 3222 4692 carne.
3255 4631 3594 4684 divinitatem

2011 4727 2350 4781 simuletiam
2393 4741 2604 4796 passam
2631 4740 2752 4779 esse
2778 4725 2958 4778 dicere
2985 4724 3204 4791 itnpitttn
3234 4733 3337 4787 est,
3365 4721 3588 4788 impium

2013 4819 2138 4872 item
2191 4828 2274 4871 est
2305 4819 2480 4871 dicere
2511 4816 2852 4870 dixinilalem
2913 4813 3299 4873 circumscribi,
3331 4813 3588 4880 quoniant

2014 4910 2127 4976 ipse
2161 4923 2322 4964 carne
2349 4907 2839 4962 circumscribitur.
2887 4906 3020 4960 illud
3053 4905 3193 4958 enim
3230 4903 3304 4957 illi
3349 4903 3591 4956 sentiunt

2016 5000 2276 5062 haeretici,
2305 4999 2397 5068 qui
2431 4999 2593 5051 Deum
2623 4997 2895 5066 patibilem
2925 5002 3192 5055 asserunt,
3224 5003 3278 5046 et
3307 5003 3588 5063 propterea

2015 5101 2276 5145 vocantur
2308 5087 2736 5156 Theopaschitaa.
2777 5088 2889 5141 Hoc
2929 5095 3106 5139 autem
3129 5083 3368 5138 sentiunt
3399 5084 3588 5152 imagi-

2017 5194 2139 5232 num
2173 5185 2592 5246 oppugnalores,
2625 5177 2714 5244 qui
2755 5173 3092 5236 lcetmmachi
3116 5173 3484 5226 nominantur.

2085 5268 2272 5337 Magna
2297 5280 2454 5337 atque
2475 5268 2774 5322 incredibili
2793 5283 2917 5335 erga
2935 5266 3204 5320 Christum
3227 5263 3590 5318 benevolentia

2017 5360 2229 5414 adducti
2265 5373 2582 5413 veneramur
2604 5368 2658 5412 et
2688 5359 2978 5412 adoramus
3015 5342 3182 5409 etiam
3223 5357 3362 5417 loca,
3391 5355 3441 5408 in
3470 5357 3591 5422 qui-

2018 5452 2116 5506 bus
2156 5451 2269 5518 ipse
2319 5448 2610 5503 ambulavit
2664 5463 2718 5502 et
2764 5451 2930 5511 sedit,
2981 5462 3088 5501 non
3125 5457 3301 5500 tamen
3345 5461 3408 5498 ea
3479 5446 3600 5500 loca

2019 5545 2329 5614 simpliciter
2355 5541 2662 5606 adorantes,
2713 5541 2806 5596 scd
2831 5557 2922 5610 per
2948 5541 3057 5608 ipsa
3086 5555 3210 5594 eum
3241 5539 3331 5616 qui
3389 5539 3440 5592 iu
3466 5538 3606 5606 ipsis

2019 5645 2262 5692 versatus
2283 5643 2384 5693 est.
2417 5636 2590 5706 Atque
2614 5637 2681 5690 ita
2713 5650 2806 5704 per
2837 5637 2949 5689 loca
2992 5633 3250 5688 [ICIIOI'CUI
3272 5632 3374 5702 ipsi
3409 5631 3596 5686 tribut-

2025 5749 2165 5782 ntus.
