4032 6210
344 282 478 346 1173

1253 297 1631 359 PANOI’LIA
1673 301 2225 367 DOGMATICAz—
2265 310 2415 370 TIT.
2450 311 2674 376 XXIII.

3463 313 3599 376 11Ἶοί

341 402 434 493 καὶ
459 398 564 493 -ὲπὶ
723 401 1096 474 Θεομήτορος.
1139 404 1202 460 Ἦ
1233 408 1342 478 γὰρ
1371 411 1454 473 εἰς
1485 410 1660 480 αὐτὴν
1678 412 1816 484 τιμὴ
1837 415 1916 478 εἰς

2034 415 2284 473 Similiter
2309 429 2362 474 et
2390 435 2477 475 res
2511 435 2540 474 a
2563 422 2764 477 sanctis
2791 420 2997 477 fortiter
3041 432 3220 490 gestas
3276 423 3600 493 imaginibus

341 490 433 542 τὸν
453 490 515 554 ἐξ
545 491 720 561 αὐτῆς
753 497 1110 564 σαρκωθὲντα
1148 498 1438 566 ἀνάγεται.
1481 501 1720 572 Ὁμοίως
1741 502 1799 557 δὲ
1820 504 1916 558 καὶ

343 584 410 632 τὰ
445 581 619 648 ἁγίων
645 584 1122 658 ἀνδραγαθήματα
1151 592 1520 664 εἰκονίζομεν,
1553 594 1923 666 ἐπαλείφοντα

343 675 492 742 ἡμᾶς
549 675 688 745 πρὸς
722 678 968 748 ἀνδρίαν,
1019 685 1116 735 καὶ
1161 684 1350 752 ζῆλον,
1395 688 1492 740 καὶ
1543 688 1780 759 μίμησιν
1813 689 1916 760 τῆς

341 765 524 819 αὐτῶν
557 768 781 840 ἀρετῆς,
813 773 909 826 καὶ
937 771 1099 838 δόξαν
1129 777 1286 830 Θεοῦ.
1343 777 1432 841 Ὠς
1475 780 1586 850 γὰρ
1609 780 1842 852 ἔφημεν,
1881 784 1916 853 ἡ

341 857 480 924 πρὸς
507 859 634 924 τοὺς
669 860 1024 934 εὐγνώμονας
1054 867 1164 921 τῶν
1188 868 1495 938 ὁμοδούλων
1529 871 1666 940 τιμὴ
1693 871 1918 926 ἀπόδει-

341 948 424 1012 ξιν
459 951 574 1020 ἔχει
601 953 704 1022 τῆς
735 957 874 1025 πρὸς
894 959 988 1012 τὸν
1019 960 1203 1014 κοινὸν
1229 963 1512 1033 Δεσπότην
1534 963 1774 1028 εὐνοίας.
1807 963 1920 1017 Καὶ

341 1045 375 1110 ἡ
410 1046 510 1115 τῆς
533 1047 746 1112 εἰκόνος
775 1052 914 1122 τιμὴ
959 1054 1041 1116 εἰς
1088 1053 1151 1107 τὸ
1207 1056 1572 1125 πρωτότυπον
1623 1056 1917 1113 διαϐαίνει.

344 1138 506 1191 Ἔστι
545 1139 604 1192 δὲ
633 1141 885 1212 ἄγραφος
917 1146 949 1214 ἡ
977 1147 1304 1216 παράδοσις,
1334 1148 1525 1221 ὥσπερ
1551 1151 1648 1205 καὶ
1687 1149 1748 1203 τὸ
1775 1149 1921 1204 κατὰ

339 1228 617 1294 ἀνατολὰς
649 1238 1009 1301 προσκυνεῖν,
1043 1239 1139 1291 καὶ
1174 1239 1236 1291 τὸ
1261 1244 1594 1311 προσκυνεῖν
1625 1239 1721 1295 τδν
1753 1258 1918 1294 σταυο

343 1324 456 1392 ριν,
495 1326 590 1378 καὶ
626 1327 790 1393 ἕτερα
817 1327 1047 1384 πλεῖστα
1077 1331 1288 1394 τούτοις
1311 1334 1493 1404 ὃμοια.

410 1415 642 1484 Φέρεται
671 1416 725 1470 δὲ
747 1430 838 1471 και
867 1436 953 1482 τις
988 1423 1218 1492 ἱστορία,
1261 1424 1336 1488 ὡς
1367 1425 1396 1476 ό
1441 1427 1670 1495 Κύριος,
1731 1427 1920 1495 Αύγάς

343 1522 440 1571 pou
471 1506 567 1560 τοῦ
600 1506 699 1578 τῆς
752 1510 1094 1583 Ἐδεσσηνῶν
1119 1516 1326 1579 πόλεως
1369 1517 1774 1586 βασιλεύοντος,
1811 1521 1920 1584 ζω-

339 1599 557 1668 γράφον
611 1603 1039 1669 ἀποστείλαντος
1087 1607 1191 1678 τὴν
1232 1609 1328 1661 τοῦ
1380 1610 1591 1678 Κυρίου
1626 1614 1922 1682 ὁμοιογρα-

339 1691 514 1760 φῆσαι
551 1693 758 1756 εἰκόνα,
796 1697 873 1766 μὴ
897 1695 1222 1764 δυνηθέντος
1246 1696 1342 1750 τοῦ
1383 1697 1679 1768 ζωγράφου
1702 1700 1791 1753 διὰ
1820 1701 1922 1770 τὴν

343 1783 792 1840 ἀποστίλϐουσαν
839 1787 935 1840 τοῦ
995 1787 1294 1858 προσώπου
1343 1789 1728 1860 λαμπρότητα,
1759 1794 1922 1855 αὐτὸς

341 1875 567 1943 ἱμάτιον
602 1877 679 1946 τῷ
708 1879 896 1947 οἰκείῳ
929 1880 1232 1952 προσώπῳ,
1261 1880 1343 1952 τῷ
1383 1881 1511 1950 θείῳ
1547 1885 1642 1936 καὶ
1673 1884 1922 1954 ζωοποιῷ

339 1967 576 2033 ἐπιθεὶς,
607 1969 994 2039 ὲναπεμάξατο
1022 1971 1099 2041 τῷ
1131 1972 1336 2043 ίματίῳ
1367 1972 1428 2026 τὸ
1459 1974 1658 2028 ἑαυτοῦ
1689 1976 1921 2028 ἀπεικό-

339 2075 532 2128 vespa,
567 2061 660 2114 καὶ
693 2061 866 2125 οὕτως
893 2063 1182 2116 ἀπέστειλε
1219 2065 1374 2118 τοῦτο
1401 2065 1658 2120 ποθοῦντι
1687 2067 1766 2137 τῷ
1817 2070 1921 2122 AO-

343 2161 528 2221 γάρῳ.
566 2153 691 2206 Ὀτι
729 2154 785 2206 δὲ
821 2155 916 2208 κα.)⁸
961 2156 1190 2210 πλεῖστα
1229 2158 1279 2210 οἰ
1321 2159 1611 2214 ἀπόστολοι
1655 2160 1921 2231 ἀγράφως

343 2244 790 2314 παραδεδώκασι,
817 2246 1026 2316 γράφει
1053 2247 1263 2313 Παῦλος
1287 2251 1316 2303 ὁ
1347 2250 1458 2303 τῶν
1487 2251 1656 2304 ἐθνῶν
1688 2252 1924 2307 ἀπόστο-

339 2337 606 2406 λος·Ἀρα.
625 2335 766 2406 οὖν,
800 2341 1076 2410 ἀδελφοὶ,
1098 2341 1357 2408 στήκετε
1375 2342 1623 2410 ἑδραῖοι,
1659 2347 1759 2400 καί
1777 2361 1922 2412 κρα-

342 2427 500 2482 τεῖτε
529 2432 638 2495 τὰς
662 2431 1034 2499 παραδόσεις
1080 2432 1273 2502 ἡμῶν,
1307 2431 1382 2498 ἃς
1419 2433 1774 2503 ἐδιδάχθητε
1801 2437 1923 2491 εἴτε

339 2515 445 2570 διὰ
466 2519 655 2587 λόγου
683 2520 804 2574 εἴτε
824 2521 898 2575 δι’
916 2522 1244 2592 ἐπιστολης
1269 2522 1462 2591 ήμῶν.
1495 2526 1608 2578 Καὶ
1642 2527 1779 2598 πρὸς
1812 2529 1922 2580 Κο-

344 2611 624 2680 ρινθίους,ξ
638 2615 894 2670 Ἐπαινώ
917 2615 987 2669 δὲ
1008 2616 1464 2686 ὐμᾶς,ιίδελφοί,
1484 2617 1573 2672 ὅτι
1592 2619 1788 2674 πάντα
1808 2638 1923 2688 μου

336 2703 672 2772 μέμνησθε,
703 2709 802 2760 καὶ
843 2707 1041 2775 καθὼς
1068 2707 1387 2778 παρέδωκα
1429 2709 1574 2777 ὑμῖν
1601 2709 1708 2776 τὰς
1741 2727 1928 2779 παρα·

340 2793 573 2862 δόσεις,
605 2797 908 2867 κατέχετε.

996 2889 1258 2958 Ἐτέρου.

416 2981 541 3034 Τῶν
560 2983 658 3052 μὲν
687 2982 997 3053 βδελυκτῶν
1021 2983 1258 3040 εἰδώλων
1286 2987 1354 3044 τὰ
1379 2988 1712 3057 πρωτότυπα
1727 2987 1920 3057 ψευδῆ,

2021 509 2376 578 explicamus,
2398 520 2509 565 tum
2539 523 2597 565 ut
2627 527 2724 567 nos
2758 511 2822 566 ad
2851 498 3220 568 fortitudinem
3265 521 3319 568 et
3344 514 3598 568 virtutem

2014 600 2261 668 ipsorum
2321 603 2675 657 annulandam
2738 612 2900 674 atque
2954 602 3275 660 imitandam
3352 607 3602 671 incitent,

2022 701 2132 745 tum
2160 691 2227 747 ad
2255 692 2482 763 gloriam
2520 695 2634 752 Dei.
2667 694 2800 751 Nam
2840 697 3033 764 honor,
3064 707 3122 750 ut
3150 697 3409 763 diximus,
3438 711 3600 767 quem

2019 781 2187 847 gratis
2216 782 2307 837 Dei
2346 786 2622 840 conservis
2649 787 2932 854 habemus,
2990 789 3196 843 amoris
3209 803 3335 860 erga
3356 804 3602 844 commu-

2024 887 2147 926 nem
2207 875 2491 930 Dominum
2549 877 2806 932 indicium
2845 889 2968 939 est.
3023 880 3087 932 Et
3127 879 3380 950 imaginis
3431 882 3604 936 honor
3624 918 3634 953 ς

2024 963 2217 1018 transit
2248 966 2314 1018 ad
2339 967 2635 1037 exemplar.
2663 967 2756 1022 Est
2782 979 2956 1029 autem
2983 967 3284 1025 institutum
3321 985 3430 1036 non
3462 957 3632 1030 .sori-I

2024 1065 2196 1124 ptum,
2226 1057 2322 1112 sed
2357 1073 2454 1128 per
2494 1074 2689 1114 manus
2726 1063 3025 1125 traditum;
3059 1061 3510 1132 quemadmodum
3551 1073 3615 1119 ct
3653 1054 3655 1057 ’

2024 1146 2174 1211 illud,
2198 1150 2342 1218 quod
2364 1149 2722 1214 ad'orientem
2747 1155 2996 1209 conversi
3029 1168 3329 1221 precamur,
3356 1155 3609 1225 quadque

2024 1251 2243 1294 crucem
2280 1241 2658 1308 adoramus,et
2694 1243 2800 1304 alia
2823 1243 3061 1312 plurima
3100 1247 3181 1300 his
3208 1246 3431 1301 similia.
3512 1228 3514 1230 ν

2098 1417 2416 1488 Quanquam
2456 1431 2508 1475 et
2536 1421 2761 1478 historia
2788 1425 3019 1493 quadam
3066 1427 3334 1494 proditum
3358 1438 3460 1493 est,
3487 1444 3607 1484 cum

2027 1507 2423 1566 Edessenorum
2457 1513 2696 1570 civitatis
2733 1507 2825 1570 rex
2863 1519 3109 1588 Augarus
3132 1519 3388 1588 pictorem
3432 1521 3610 1574 misis-

2027 1613 2133 1666 set,
2160 1603 2252 1671 qui
2281 1602 2493 1658 Domini
2546 1605 2835 1675 imaginem
2887 1609 3158 1678 pingeret;
3179 1609 3334 1677 isque
3389 1616 3610 1678 prepter

2025 1689 2314 1760 fulgentem
2368 1693 2547 1748 vultus
2594 1695 2935 1762 splendorem
2963 1695 3016 1747 id
3037 1697 3248 1763 assequi
3279 1711 3381 1755 non
3412 1706 3610 1765 posset,

2026 1779 2313 1835 Dominum
2348 1782 2523 1853 ipsum
2551 1783 2632 1837 ori
2662 1798 2760 1838 suo
2791 1785 2977 1838 divino
3024 1794 3189 1851 atque
3217 1774 3360 1839 almo
3390 1769 3610 1854 pallium
3661 1773 3664 1776 ’

2021 1872 2423 1939 admovisse,in
2463 1888 2638 1944 eoque
2655 1875 2926 1944 propriam
2955 1876 3260 1945 imaginem
3295 1867 3612 1945 expressam

2022 1964 2089 2016 ad
2116 1964 2395 2032 Augarum
2430 1965 2663 2028 misisse,
2692 1965 2784 2033 qui
2824 1964 2982 2020 illius
3008 1967 3276 2022 desiderio
3304 1969 3610 2032 tenebatur.

2023 2054 2177 2120 Quod
2211 2066 2391 2109 autem
2459 2056 2628 2109 multa
2693 2058 2762 2110 ab
2823 2056 3085 2125 apostolis
3119 2072 3227 2112 non
3260 2060 3480 2126 scripta,
3516 2064 3615 2115 sed

2021 2159 2119 2214 per
2144 2160 2338 2200 manus
2369 2147 2566 2200 tradita
2624 2148 2754 2211 sint,
2804 2147 3002 2203 Paulus
3046 2151 3283 2218 gentium
3344 2150 3616 2221 apostolus

2021 2235 2208 2289 scribit
2239 2253 2253 2290 :
2284 2235 2491 2306 Itaque,
2511 2238 2724 2304 fratres,
2751 2239 3018 2308 inquiens,
3044 2248 3178 2294 state
3199 2249 3247 2294 et
3265 2249 3428 2295 tenete
3451 2243 3618 2295 tradi-

2024 2327 2189 2380 tiones
2218 2339 2450 2395 nostras,
2473 2345 2604 2398 quas
2627 2329 2890 2383 didicistis
2912 2333 3016 2385 sive
3067 2348 3159 2398 per
3178 2348 3492 2396 sermonem,
3514 2335 3616 2388 sive

2022 2436 2114 2488 per
2151 2421 2429 2489 epistolam
2461 2432 2696 2475 nostram
2723 2425 2762 2476 ⁸.
2787 2423 2858 2477 Et
2885 2427 2950 2478 ad
2978 2424 3293 2479 Corinthius
3340 2442 3354 2479 :
3408 2425 3616 2488 Laudo,

2023 2513 2218 2581 inqu't.
2248 2530 2355 2579 vos,
2379 2514 2624 2584 quodper
2644 2516 2818 2566 (turnia
2848 2517 2949 2568 mci
2965 2531 3211 2570 memores
3240 2518 3380 2581 estis,
3413 2529 3458 2572 et
3482 2518 3616 2572 sicut

2025 2604 2226 2659 tradidi
2255 2605 2418 2671 vobis,
2453 2604 2772 2660 traditiones
2795 2621 2940 2661 meas
2981 2610 3164 2662 tenetis
3196 2608 3239 2662 '.

2697 2897 2950 2952 Alterius.

2099 2983 2504 3042 Detestabilium
2537 2986 2801 3042 idolorum
2835 2988 3160 3057 exemplaria
3185 2997 3308 3041 sunt
3340 2989 3470 3042 falsa
3497 3006 3510 3046 :
3542 2990 3617 3044 dii

344 3073 463 3126 θ-οὶ
518 3074 615 3143 μὲν
644 3074 1051 3144 ὀνομαζόμενα,
1107 3078 1364 3147 δαίμονες
1406 3079 1465 3132 δὲ
1501 3079 1670 3132 ὄντα·
1712 3080 1820 3133 τῶν
1872 3080 1927 3134 δὲ

2034 3077 2178 3132 enim
2239 3090 2522 3144 vocantur,
2579 3095 2704 3134 cum
2750 3081 3020 3136 daemones
3053 3080 3180 3133 sint.
3219 3077 3620 3134 Venerabilium

343 3168 564 3221 σεπτῶν
594 3169 818 3222 εἰκόνων
847 3171 1021 3240 ἁληθῆ
1065 3171 1134 3223 τὰ
1166 3172 1480 3241 ἀρχέτυπα.
1513 3174 1630 3242 Τῆς
1667 3174 1770 3242 μὲν
1814 3175 1926 3244 γὰρ

341 3260 376 3314 ὁ
406 3260 639 3329 Χριστὸς
661 3260 806 3313 κατὰ
843 3261 901 3314 τὸ
930 3262 1301 3331 ἀνθρώπινον,
1348 3267 1450 3333 τῆς
1481 3265 1537 3318 δὲ
1574 3267 1608 3336 ἡ
1637 3266 1927 3333 Θεοτόκος,

344 3355 443 3406 καὶ
474 3354 581 3407 τῶν
608 3353 784 3406 ἄλλων
811 3355 1042 3409 εἰκόνων
1095 3359 1145 3409 οἱ
1185 3357 1416 3420 ταύταις
1458 3359 1928 3430 ἐπιφημιζόμενοι

345 3443 518 3508 ἅγιοι.
545 3442 656 3496 Καὶ
686 3438 850 3498 αὗται
889 3443 989 3514 μὲν
1024 3445 1239 3499 ἐοίκασι
1268 3448 1382 3509 τοῖς
1414 3449 1824 3516 πρωτοτύποις,
1847 3451 1930 3503 διδ

345 3543 445 3588 καὶ
483 3535 694 3600 εἰκόνες
726 3537 802 3600 ὠς
847 3536 1175 3606 ὁμοιώματα
1197 3553 1215 3570 ο
1251 3541 1440 3592 ἐκεῖνα
1492 3539 1549 3592 δὲ
1581 3540 1930 3595 παντάπασιν

347 3629 620 3693 ἀνοίκεια,
654 3625 732 3683 ὧν
764 3627 906 3684 εἶναι
954 3629 1229 3697 λέγονται,
1283 3632 1381 3686 καὶ
1417 3631 1718 3702 ἁμέθεκτα.
1770 3633 1930 3685 Ποῖον

348 3722 465 3788 γὰρ
491 3718 586 3774 τοῦ
623 3720 698 3791 μὴ
745 3721 898 3784 ὄντος
947 3723 1206 3789 εἶδωλον;
1260 3722 1474 3778 Είδωλα
1513 3719 1608 3778 οὖν
1637 3725 1714 3786 ὡς
1745 3725 1931 3776 εἰκότα

346 3814 531 3868 δλλειν
587 3817 679 3870 καὶ
734 3818 1072 3890 διαφθείρειν
1114 3822 1242 3882 τοὺς
1277 3819 1566 3889 ,τιμῶντας
1605 3823 1765 3874 αύτά.
1821 3823 1930 3876 Καὶ

349 3905 422 3955 τὰ
457 3903 560 3972 μὲν
583 3905 801 3958 ἐἴδωλα
833 3907 957 3960 ’ύλαι
991 3909 1174 3978 μόνον,
1220 3909 1277 3962 αἰ
1305 3910 1362 3963 δὲ
1393 3910 1603 3974 εἰκόνες
1655 3911 1779 3965 ὕλαι
1831 3919 1932 3980 μὲν

354 3999 450 4052 καὶ
507 3991 694 4065 αὗται,
765 4001 1099 4072 ήγιασμέναι
1157 4003 1216 4057 δὲ
1277 4005 1391 4068 τοῖς
1439 4005 1913 4076 ὲντετυπωμένοις

329 4092 670 4165 ὁμοιώμασι
694 4095 802 4148 τῶν
826 4095 1018 4165 ἁγίων.

957 4273 1210 4328 ΤΙΤΛΟΣ
1245 4273 1373 4331 Kl".

875 4363 1040 4418 Κατὰ
1078 4365 1409 4430 Ἀρμενίων.

427 4457 587 4510 Μετὰ
614 4455 713 4526 τὴν
751 4457 794 4508 δ’
831 4458 888 4509 ὲν
920 4456 1233 4525 Χαλκηδόνι
1266 4455 1492 4510 σύνοδον
1519 4458 1933 4527 ἀπορρήξαντες

356 4549 589 4613 ἑαυτοὺς
625 4548 730 4618 τῆς
783 4549 1084 4618 καθολικῆς
1156 4539 1490 4619 Ἐκκλησίας
1531 4551 1586 4603 οἰ
1655 4550 1936 4620 Ἀρμένιοι

353 4642 449 4695 διά
480 4658 626 4704 τινος
673 4641 924 4710 Ἐχανίου
952 4640 1047 4694 τοῦ
1077 4641 1171 4694 καὶ
1192 4642 1561 4711 Μαντακουνῆ
1592 4657 1937 4712 προσονομα-

355 4733 621 4803 ζομένου,
651 4735 746 4786 καὶ
773 4733 881 4784 τῶν
909 4732 1006 4786 σὺν
1037 4731 1186 4801 αύτῷ
1212 4731 1454 4804 βεϐήλων
1487 4735 1699 4802 ἰερέων,
1731 4734 1824 4786 καὶ
1838 4734 1938 4802 τὴν

358 4825 666 4894 Ρὶύτυχοῦς,
695 4827 793 4879 καὶ
817 4826 1134 4894 Διοσκόρου,
1189 4828 1286 4878 καὶ
1322 4826 1432 4878 τῶν
1465 4825 1642 4879 ἄλλων
1688 4828 1940 4894 Μονοφυ-

360 4919 532 4970 σιτὼν
559 4917 884 4982 κακοδοξίαν
918 4917 1319 4988 εἰσδεξάμενοι,
1353 4920 1699 4989 προσθήκαις
1721 4919 1938 4972 ἀσεϐῶν

356 5010 652 5079 δογμάτων
701 5012 1020 5080 ἐπηύξησαν
1080 5011 1276 5081 αὐτὴν,
1326 5012 1420 5063 καὶ
1465 5013 1940 5083 περιφανεστέραν

361 5102 717 5171 εἰργάσαντο.
753 5105 891 5156 Φασὶ
927 5105 1034 5175 γὰρ
1061 5104 1136 5174 μὴ
1174 5104 1545 5158 ἀναλαϐέσθαι
1580 5105 1671 5158 τὸν
1701 5106 1940 5176 Χριστὸν

359 5192 656 5261 ὁμοούσιον
682 5197 815 5266 ἡμῖν
844 5196 1028 5266 σῶμα,
1059 5198 1173 5248 ἀλλ’
1223 5197 1504 5266 ἄφθαρτόν
1539 5215 1614 5261 τι,
1649 5199 1743 5250 καὶ
1791 5199 1939 5252 ἁπα-

362 5288 480 5351 θὲς,
513 5287 608 5340 καὶ
634 5287 852 5356 λεπτὸν,
885 5292 978 5343 καὶ
998 5290 1275 5350 ἄκτιστον,
1303 5290 1399 5344 καὶ
1442 5291 1718 5360 οὐράνιον·
1770 5291 1940 5344 ὀπτά-

361 5379 556 5432 νεσθαι
585 5379 664 5443 δὲ,
694 5382 786 5433 καὶ
820 5381 1022 5446 ἐσθίον,
1055 5381 1150 5433 καὶ
1182 5381 1359 5446 πίνον,
1388 5382 1484 5434 καὶ
1515 5381 1685 5435 τᾶλλα
1714 5381 1826 5432 τῶν
1849 5383 1942 5433 ἁν-

364 5470 660 5537 θρωπίνων
688 5472 863 5524 ποιεῖν
879 5471 1020 5524 κατὰ
1037 5470 1363 5538 φαντασίαν.
1385 5470 1554 5525 Πάλιν
1578 5471 1635 5524 δὲ
1667 5471 1939 5538 λέγουσιν,

363 5561 450 5616 ὅτι
497 5560 590 5615 καὶ
642 5561 783 5632 αὑτὴ
827 5565 858 5633 ἠ
915 5564 1216 5634 δηλωθείσα
1258 5564 1398 5635 σὰρξ
1431 5564 1595 5620 αὐτοῦ
1652 5566 1733 5630 εἰς
1777 5565 1940 5635 φύσιν

438 5752 455 5780 ³
482 5748 522 5803 ll
559 5746 755 5805 Thess.
781 5763 840 5812 ιι,
875 5747 955 5802 Il.
1033 5745 1088 5800 ’ἰ
1119 5746 1242 5803 Cor.
1279 5763 1350 5813 xi,
1381 5747 1430 5801 2.

2029 3177 2211 3223 autem
2244 3168 2540 3237 imaginum
2570 3183 2695 3223 vera
2728 3179 2858 3223 sunt
2886 3167 3246 3238 exemplaria.
3283 3168 3454 3236 Hujus
3475 3170 3619 3222 enim

2027 3260 2294 3324 Christus,
2317 3270 2585 3329 quatenus
2610 3261 2769 3314 homo
2798 3271 2912 3326 est;
2949 3261 3090 3313 illius
3118 3270 3297 3314 autem
3332 3260 3422 3315 Dei
3457 3261 3621 3316 Geni-

2023 3355 2180 3421 trix;
2213 3354 2441 3408 aliarum
2476 3353 2792 3422 imaginum,
2822 3352 2915 3423 qui
2947 3367 3048 3423 per
3111 3351 3232 3408 illas
3281 3352 3624 3407 celebrantur

2031 3452 2232 3506 sancti.
2262 3451 2626 3516 Quamobrem
2663 3461 2717 3503 et
2759 3449 3024 3518 imagines
3074 3458 3202 3503 sunt
3255 3456 3510 3517 tanquam
3547 3446 3626 3502 si-

2032 3544 2398 3608 militudines;
2435 3543 2574 3596 idola
2603 3556 2730 3595 vero
2762 3557 2886 3595 cum
2926 3542 3054 3604 illis,
3112 3556 3346 3608 quorum
3377 3555 3497 3594 esse
3541 3540 3624 3593 di—

2032 3642 2227 3690 cuntur
2287 3633 2482 3698 simile,
2543 3641 2594 3686 et
2643 3645 2930 3686 commune
2970 3631 3100 3684 nihil
3154 3629 3354 3684 habent
3379 3629 3622 3686 omnino.

2034 3727 2200 3791 Quale
2240 3726 2382 3780 enim
2427 3726 2505 3780 rei
2567 3740 2672 3780 non
2721 3723 3034 3780 CXSisIcliIlS
3098 3721 3450 3778 simulacrum
3514 3721 3627 3777 sit?

2034 3815 2243 3868 Εἴδωλα
2301 3815 2463 3885 igitur
2525 3815 2671 3870 dicta
2707 3825 2872 3880 sunt,
2922 3814 3080 3885 quasi
3133 3814 3389 3868 dicantur
3437 3813 3622 3867 εἰκότα

2031 3906 2228 3971 linem,
2263 3921 2384 3971 quae
2425 3920 2620 3974 nempe
2649 3920 2743 3959 cos
2773 3905 3001 3974 perdere
3053 3905 3350 3960 videantur
3377 3903 3470 3974 qui
3529 3903 3625 3960 ad-

2033 4008 2196 4054 orant
2231 4012 2316 4052 ea.
2353 3996 2497 4051 ldola
2533 3998 2758 4051 materia
2790 4004 2998 4050 tantum
3031 4007 3180 4063 sunt;
3210 3995 3472 4065 imagines
3499 4009 3627 4048 vero

2037 4093 2260 4148 materia
2281 4093 2496 4160 quidem
2519 4099 2572 4144 et
2596 4091 2726 4158 ipsm
2747 4099 2895 4156 sunt,
2920 4092 3010 4143 sed
3030 4105 3150 4156 qua:
3173 4101 3359 4143 sancta
3389 4088 3482 4154 sit,
3501 4101 3628 4157 pro-

2038 4193 2154 4255 pter
2190 4185 2484 4255 Impressas
2530 4192 2838 4237 sanctorum
2898 4181 3306 4236 similitudines.

2563 4272 2865 4329 TITULUS
2902 4272 3092 4330 XXIII.

2534 4373 2796 4423 Adversus
2837 4369 2875 4422 Α
2889 4369 3133 4423 rmettios.

2111 4463 2238 4518 Post
2274 4472 2528 4532 quartum
2563 4461 2847 4516 concilium
2906 4461 3348 4515 Chalcedoneuse
3387 4458 3633 4513 Armenii

2038 4555 2261 4610 Echanii
2295 4553 2596 4621 cujusdam,
2637 4553 2729 4622 qui
2757 4561 2810 4604 et
2844 4548 3204 4604 Mamlacuues
3239 4547 3634 4617 appellabatur,

2040 4655 2094 4700 et
2119 4647 2489 4716 profanorum,
2522 4645 2612 4715 qui
2637 4659 2758 4700 cum
2792 4645 2908 4713 ipso
2928 4651 3106 4707 erant,
3135 4641 3475 4696 sacerdotum
3504 4651 3632 4693 sua-

2042 4753 2102 4790 su
2137 4738 2202 4791 ab
2233 4735 2477 4791 Ecclesia
2526 4736 2796 4790 catholica
2848 4732 3184 4797 deﬁcientes,
3243 4740 3296 4783 et
3330 4729 3631 4798 improbam

2042 4829 2328 4900 Eutychis,
2367 4839 2528 4898 atque
2578 4827 2838 4890 Dioscuri,
2867 4839 2922 4878 et
2949 4825 3176 4877 aliorum
3227 4821 3631 4890 Monophysita-

2045 4940 2183 4988 rum,
2221 4925 2310 4993 qui
2337 4939 2496 4977 unam
2552 4930 2758 4975 tantum
2793 4923 2843 4974 in
2890 4919 3108 4975 Christo
3144 4928 3389 4967 naturam
3421 4915 3632 4973 dicunt,

2044 5018 2352 5083 Opinionem
2399 5015 2594 5078 secuti,
2645 5014 2932 5082 impiorum
2979 5013 3285 5079 dogmatum
3319 5005 3633 5060 accessione

2049 5107 2189 5160 illaut
2221 5106 2628 5159 cumulatiorem
2658 5114 2709 5157 et
2737 5103 3085 5157 IIIUaIlIOFCIII
3120 5099 3487 5153 reddiderunt.
3539 5096 3629 5148 Di»

2045 5210 2174 5254 cunt
2205 5199 2347 5252 enim
2374 5197 2647 5252 Christum
2697 5197 3002 5263 suscepisse
3033 5208 3228 5261 corpus
3250 5206 3354 5244 non
3389 5189 3630 5257 ejusdem

2047 5291 2320 5352 essentia},
2349 5280 2506 5359 cujus
2550 5291 2731 5342 nostrzl
2763 5295 2890 5342 sunt
2937 5300 3188 5353 corpora,
3250 5283 3343 5338 sed
3385 5283 3634 5337 incorru-

2049 5381 2252 5451 ptibile,
2277 5389 2331 5435 et
2353 5379 2666 5448 impatihile,
2692 5390 2744 5432 et
2764 5388 2940 5440 tenue,
2973 5384 3025 5429 et
3051 5375 3370 5439 iucreatum,
3405 5386 3460 5427 ct
3482 5375 3639 5428 cccle-

2047 5486 2151 5540 ste,
2180 5472 2320 5542 quod
2341 5481 2395 5527 et
2427 5471 2632 5532 videre.
2666 5479 2721 5526 et
2748 5469 3053 5531 comedere,
3078 5477 3132 5522 et
3162 5467 3344 5522 bibere
3367 5467 3635 5530 videatur,

2049 5577 2101 5623 et
2137 5565 2256 5622 ali;s
2284 5565 2596 5621 muneribus
2624 5561 2874 5619 humanis
2910 5559 3084 5630 fungi,
3138 5574 3261 5616 cum
3294 5568 3476 5617 tatncn
3502 5558 3639 5616 nihil
