4020 6214
339 350 470 412 1181

1257 351 1633 409 ΡΑΝΟΡΜᾹ
1671 347 2133 408 DOGMATICA.
2165 374 2232 383 -
2262 349 2404 409 TlT.
2455 347 2680 406 XXIII.

3442 339 3576 404 11⁸λὲ

333 467 756 538 προεδρεύοντες
779 468 921 532 ἆγιοι
954 463 1192 534 Πατέρες
1222 463 1324 531 ἃρτ
1346 478 1386 513 .ν
1419 463 1497 524 εἰς
1521 461 1711 513 θυσίαν
1737 475 1904 511 ποοσ-

2013 473 2204 528 panem
2238 457 2543 512 oll'erimus.
2595 455 2761 510 Multa
2803 454 2904 508 alia
2945 467 3161 522 quoque
3191 452 3438 508 Christus
3473 455 3580 508 alio

331 564 548 628 ἔφερον,
589 551 672 620 οἷς
704 557 798 610 καὶ
823 559 982 625 ἡμεῖς
1019 552 1716 621 ὲπακολουθοῦντες,·ᾶρτον
1739 565 1908 618 προσ-

333 652 562 721 άγομεν.
618 648 795 702 Πολλά
838 649 894 701 δὲ
937 648 1028 700 καὶ
1054 647 1190 702 ἄλλα
1229 649 1256 698 ὁ
1300 646 1398 715 μὲν
1440 645 1670 713 Χριστὸς
1707 643 1907 712 ἑτέρως

331 737 740 808 παραδέδωκεν,
768 736 820 788 οί
849 735 1138 788 ἀπόστολοι
1194 735 1251 806 δὲ
1282 736 1376 788 καὶ
1409 735 1527 802 μετ’
1557 733 1799 793 ἐκείνους
1853 731 1904 782 οἱ

329 827 565 895 διάδοχοι
591 825 796 878 τούτων
827 825 1028 895 ἑτέρως
1051 824 1366 887 διετάξαντο
1404 822 1577 876 ταῦτα
1633 819 1903 888 γίνεσθαι,

330 920 432 972 οὐκ
451 915 855 985 ἐναντιούμενοι
875 916 954 986 τῷ
981 915 1226 987 Χριστῷ,
1251 916 1368 978 πῶς
1397 915 1504 985 γάρ
1531 929 1545 979 ;
1583 913 1719 966 ἀλλὰ
1772 911 1907 964 πλα-

328 1009 634 1080 τυνομένης
661 1009 764 1078 ήδη
816 1010 912 1062 καὶ
933 1009 1304 1078 αὐξανομένης
1352 1007 1451 1074 τῆς
1500 1006 1761 1070 πίστεως,
1805 1003 1902 1058 αὖ·

332 1103 516 1168 ξοντες
570 1103 664 1154 καὶ
719 1101 872 1155 αὐτοὶ
928 1101 1070 1155 κατά
1133 1102 1318 1154 πᾶσαν
1355 1099 1537 1154 ἄδειαν
1567 1101 1636 1152 τά
1665 1095 1902 1168 Χριστοῦ

333 1194 609 1263 μυστήρια
645 1192 781 1264 πρὸς
803 1193 962 1256 δὸξαν
992 1193 1086 1246 καὶ
1119 1192 1511 1261 μεγαλωσύνην
1541 1187 1709 1242 αὑτοῦ
1737 1204 1751 1218 ο
1787 1185 1902 1242 οἷον

330 1285 358 1334 ὁ
385 1283 483 1350 μὲν
508 1283 741 1350 Χριστὸς
774 1282 1139 1350 βαπτισθῆναι
1163 1281 1354 1342 θέλων,
1381 1281 1441 1332 ού
1497 1280 1633 1348 πρὸς
1690 1279 1902 1347 δυσμὰς

331 1373 682 1442 ἀπεστράφη,
713 1373 790 1443 τῷ
825 1374 1038 1444 Σατανᾷ
1065 1373 1155 1426 διὰ
1179 1371 1432 1442 γλώσσης
1471 1371 1902 1439 ἀποταξάμενος,

327 1463 450 1515 οᾶδὲ
482 1465 620 1534 πρὸς
642 1465 905 1527 ἀνατολὰς
935 1465 1284 1534 ἀπεστράφη,
1305 1463 1384 1533 τῷ
1429 1463 1546 1533 Θεῷ
1583 1463 1902 1527 συνδοξαζὸ-

333 1570 496 1619 μενος
519 1570 534 1585 ·
565 1555 686 1608 οὐδὲ
713 1555 774 1608 τὸ
802 1555 1082 1625 Σύμϐολον
1112 1555 1214 1624 τῆς
1269 1555 1502 1618 πίστεως
1557 1556 1902 1625 ἀνήγγειλεν,

325 1645 451 1698 οὐδὲ
476 1647 575 1710 τὰς
604 1646 769 1716 εύχὰς
790 1647 1091 1714 ὑπεδέξατο
1121 1645 1216 1698 τοῦ
1241 1645 1637 1716 βαπτίσματος,
1692 1646 1811 1698 οὐδὲ
1846 1647 1902 1698 ἐν

326 1735 683 1808 κολυμϐήθρᾳ
712 1738 1037 1809 ἐϐαπτίσθη.
1090 1738 1211 1792 οὐδὲ
1265 1737 1490 1806 ὲχρίσθη
1541 1737 1725 1806 ἐλαίῳ,
1783 1739 1902 1791 οὐδὲ

333 1823 514 1896 μύρῳ,
545 1827 665 1880 οὐδὲ
700 1827 860 1889 εὐθὺς
883 1827 1206 1897 βαπτισθεὶς
1228 1825 1322 1878 τοῦ
1364 1826 1696 1879 Δεσποτικοῢ
1747 1829 1904 1893 μετέ-
1938 1791 1978 1848 8

326 1917 457 1970 λάϐε
489 1916 741 1986 σώματος
762 1917 858 1970 καὶ
882 1918 1132 1986 αἵματος.
1193 1917 1386 1986 Ἡμεῖς
1435 1917 1491 1968 δὲ
1545 1919 1614 1972 τὰ
1668 1917 1902 1988 ρηθέντα

325 2007 505 2062 πάντα
530 2010 597 2061 τά
630 2007 729 2076 μὲν
757 2008 996 2079 δρῶμεν,
1025 2009 1093 2060 τά
1121 2007 1177 2060 δὲ
1233 2008 1516 2077 πάσχομεν
1570 2007 1897 2076 βαπτιζόμε-

323 2114 430 2152 νοι.
453 2100 564 2152 Καὶ
593 2099 756 2152 πάλιν
777 2100 804 2150 ὁ
835 2099 935 2167 μὲν
951 2099 1184 2168 Χριστὸς
1214 2098 1274 2151 τὸ
1305 2098 1600 2168 μυστήριον
1621 2098 1718 2166 τῆς
1745 2114 1906 2150 πνευ-

329 2189 565 2259 ματικῆς
592 2189 804 2255 θυσίας,
835 2189 955 2259 ἢτοι
977 2189 1072 2242 τοῦ
1119 2189 1451 2242 Δεσποτικοῦ
1480 2195 1482 2198 ’
1514 2189 1762 2258 σώματος
1808 2190 1902 2241 καὶ

325 2280 558 2351 αἵματος
574 2283 632 2334 ὲν
664 2281 959 2352 Ἐκκλησία
977 2283 1037 2334 οὐ
1073 2280 1412 2351 παρέδωκεν,
1436 2281 1570 2332 ἀλλὰ
1595 2283 1651 2331 ὲν
1671 2279 1902 2350 ὑπερῴῳ

325 2373 513 2442 κοινῷ,
539 2376 633 2426 καὶ
661 2375 719 2428 ὲν
746 2373 998 2447 τραπέζῃ
1021 2376 1194 2443 κοινῇ,
1236 2374 1330 2427 καὶ
1383 2375 1683 2443 προφαγὼν
1736 2372 1824 2424 ἒτε
1836 2389 1902 2441 pa

327 2463 727 2533 βρώματατκαὶ
758 2464 1138 2532 ἀνακείμενος,
1166 2463 1262 2516 καὶ
1299 2462 1422 2515 οὔτε
1456 2463 1647 2533 στολὴν
1699 2463 1904 2533 legam-

325 2555 431 2624 κὴν
477 2555 843 2625 ἐνδεδυμένος,
879 2555 1003 2608 οὔτε
1045 2558 1112 2625 τῇ
1150 2555 1441 2624 ἀκολουθίᾳ
1482 2555 1581 2624 τῆς
1629 2557 1904 2625 ἡμετέρας

327 2648 640 2718 ἱερουργίας
697 2650 1041 2718 χρησάμενος
1097 2651 1156 2701 ἑν
1215 2647 1472 2718 ψαλμοῖς,
1525 2649 1621 2702 καὶ
1689 2647 1902 2718 ὕμνοις,

326 2741 420 2794 καὶ
447 2739 614 2810 ᾠδαῖς
643 2744 1070 2810 πνευματικαῖςο
1103 2743 1262 2812 ἡμεῖς
1289 2741 1346 2794 δὲ
1401 2742 1459 2794 ἐν
1525 2740 1796 2811 ἐκκλησία
1841 2757 1900 2793 τε

324 2833 427 2904 τὴν
466 2835 780 2906 ἱερουργίαν
813 2835 1187 2902 ἐπιτελοῦμεν,
1215 2835 1310 2886 καὶ
1339 2833 1434 2886 ἐπὶ
1455 2833 1550 2887 τοῦ
1601 2850 1904 2903 πνευματι-

326 2925 426 2978 κοῦ
479 2924 886 2995 θυσιαστηρίου,
941 2925 1039 2995 τῆς
1097 2925 1248 2996 ιερᾶς
1294 2941 1440 2994 φημι
1469 2923 1776 2994 τραπέζης,
1807 2924 1901 2977 καὶ

325 3018 564 3086 νήστεις.
587 3019 680 3070 καὶ
703 3018 1070 3082 summm“
1095 3017 1192 3089 τὴν
1210 3018 1492 3088 ἱερατικὴν
1520 3017 1710 3085 στολὴν
1742 3033 1902 3084 περι-

2015 551 2180 602 modo
2217 549 2465 612 tradidit,
2503 547 2736 616 apostoli
2783 562 2910 600 vero
2943 560 3245 614 eorumque
3294 561 3577 600 successo-

2013 653 2100 692 res
2132 639 2238 692 alio
2267 638 2428 692 modo
2463 638 2578 690 ﬁeri
2627 638 2744 689 hazc
2794 636 3097 706 jusserunt,
3146 651 3252 688 non
3299 635 3578 687 contradi-

2013 739 2203 784 centes
2243 728 2504 794 Christo;
2534 727 2626 796 qui
2659 727 2803 780 enim
2845 727 2951 779 hoc
2981 725 3094 777 ﬁeri
3140 723 3342 793 possit?
3365 753 3436 764 --
3463 723 3580 788 sed,

2011 831 2300 892 postquam
2340 819 2600 889 ﬁdesiam
2640 827 2931 887 propagata
2966 814 3403 885 ampliﬁcataque
3439 825 3577 878 erat,
3677 850 3679 852 -

2009 913 2397 982 ampliﬁcaturi
2455 920 2508 964 et
2540 911 2648 980 ipsi
2683 909 2934 980 mysteria
2980 907 3278 977 Christiad
3314 904 3432 976 ejus
3461 906 3579 973 glo-

2010 1001 2146 1053 riam
2204 1008 2373 1068 atque
2426 998 2923 1068 magniﬁcentiam.
2985 997 3096 1060 Sic,
3139 982 3297 1064 e.>g.,
3327 993 3582 1048 Christus
3615 1045 3618 1050 ,
3657 1000 3659 1002 ’

2008 1105 2132 1144 cum
2186 1089 2550 1156 baptizandus
2595 1096 2763 1152 esset,
2814 1095 2922 1140 non
2955 1087 3020 1139 ad
3052 1072 3442 1147 occident-em,
3497 1088 3626 1143 utet.

2008 1191 2134 1248 pote
2154 1180 2368 1234 Satanae
2403 1179 2727 1234 renuntiatis
2754 1180 2899 1232 clara
2933 1193 3084 1240 voce,
3114 1192 3290 1246 neque
3308 1175 3375 1229 ad
3398 1173 3580 1234 oriené

2009 1279 2116 1323 tem
2139 1285 2443 1325 conversus
2469 1278 2577 1334 est,
2607 1268 2779 1323 Deum
2807 1284 3000 1336 nempe
3027 1267 3370 1337 gloriiicans;
3404 1279 3582 1334 neque

2011 1360 2141 1415 ﬁdei
2189 1363 2494 1432 symbolum
2569 1362 2968 1431 pronuntiavit,
3035 1373 3209 1426 neque
3274 1356 3578 1411 orationem

2008 1453 2384 1521 baptisntalem
2449 1454 2608 1515 dixit,
2673 1469 2852 1522 neque
2905 1453 2958 1505 in
2999 1448 3583 1520 haptisteriohaptiza-

2007 1552 2142 1609 tus,
2253 1559 2430 1613 neque
2512 1545 2635 1598 oleo
2716 1553 3066 1612 unguentove
3143 1548 3227 1593 est
3284 1539 3581 1600 intinctus,

2006 1649 2110 1688 nec
2175 1635 2360 1688 statim
2429 1645 2552 1704 post
2634 1635 2967 1703 baptismum
3045 1615 3261 1704 corpus
3328 1639 3384 1682 et
3455 1642 3584 1681 sane

2005 1728 2226 1793 guinem
2281 1726 2626 1781 Dominicum
2681 1725 2934 1798 sumpsit.
2981 1721 3093 1777 Nos
3127 1730 3311 1795 autem
3359 1715 3585 1785 quando

2006 1820 2353 1892 baptizamur
2409 1839 2532 1892 qua:
2584 1820 2746 1875 modo
2779 1798 3078 1872 memorata
3110 1811 3240 1867 sunt
3279 1805 3579 1877 omniavel

2007 1922 2270 1983 facimus,
2321 1917 2408 1972 vel
2439 1918 2698 1986 patitnur.
2736 1915 2910 1966 Porro
2961 1910 3216 1963 Christus
3263 1903 3579 1976 mysterium

2005 2012 2260 2067 sacriﬁcii
2316 2009 2647 2078 spiritualis,
2700 2006 2752 2058 id
2805 2013 2888 2058 est
2923 2001 3190 2055 Dominici
3243 1996 3491 2066 corporis
3523 2003 3579 2047 et

2005 2100 2286 2169 sanguinis
2311 2113 2420 2152 non
2456 2095 2683 2150 tradidit
2707 2095 2760 2146 in
2795 2090 3058 2153 Ecclesia,
3091 2089 3174 2144 vel
3207 2088 3260 2144 in
3291 2083 3578 2146 caenaculo

2004 2191 2274 2262 superiori
2303 2188 2672 2251 communi,et
2707 2189 2762 2240 in
2793 2198 2978 2238 mensa
3003 2179 3306 2261 communi,
3339 2185 3394 2230 et
3425 2183 3579 2243 post-

2005 2301 2169 2354 quam
2222 2284 2362 2338 alios
2417 2283 2568 2336 cibos
2608 2278 2960 2338 comedisset,
3023 2282 3077 2327 et
3127 2269 3480 2338 accumbens,
3522 2273 3579 2318 et

2004 2391 2180 2444 neque.
2211 2376 2347 2430 stola
2395 2371 2725 2427 sacerdotali
2777 2367 3022 2428 indutus,
3059 2377 3237 2430 neque
3292 2375 3386 2427 per
3429 2356 3576 2426 psal-

2006 2484 2124 2524 mos
2164 2477 2219 2523 et
2255 2469 2490 2537 hymnos
2518 2475 2569 2519 et
2605 2471 2803 2518 cantus
2839 2457 3155 2529 spirituales
3183 2462 3368 2507 nostra
3400 2447 3575 2502 sancti

2006 2560 2170 2614 ollicii
2206 2559 2423 2614 ratione.
2456 2571 2607 2613 usus.
2649 2553 2757 2608 Nos
2793 2561 2986 2608 contra
3020 2556 3076 2602 et
3105 2549 3158 2599 in
3196 2542 3424 2599 ecclesia
3449 2553 3579 2594 san-

2006 2662 2156 2708 etum
2199 2649 2438 2705 cilicium
2476 2649 2809 2719 peragimus,
2833 2653 2889 2698 et
2923 2644 2978 2698 in
3011 2639 3166 2695 altari
3197 2633 3486 2705 spirituali,
3519 2632 3574 2684 iu

2005 2759 2159 2800 saera
2188 2742 2450 2797 nimirum
2485 2754 2696 2802 mensa,
2731 2749 2784 2792 et
2803 2737 2996 2807 jejuni,
3026 2744 3078 2787 et
3104 2742 3328 2791 stantes,
3356 2737 3417 2781 et.
3436 2725 3572 2780 stola

2005 2837 2326 2892 sacerdotali
2362 2834 2570 2898 amicti,
2606 2841 2662 2885 et
2696 2828 2926 2899 psalmis
2963 2835 3020 2880 et
3050 2822 3265 2895 hymnis
3305 2831 3362 2874 et
3396 2815 3576 2872 canti-

2005 2926 2109 2981 bus
2132 2924 2515 2994 spiritualibus
2549 2919 2836 2976 adhibitis.
2869 2917 3201 2984 Temporum
3233 2909 3381 2964 enim
3415 2904 3581 2959 vicis-

2006 3017 2277 3072 situdines
2307 3029 2394 3070 res
2422 3011 2959 3083 saepinsiminutare,
3017 3015 3074 3059 et
3125 3001 3370 3056 obsoleta
3421 2997 3580 3051 iuno-

326 3109 677 3180 ὁεὸλημένοι,
716 3112 810 3163 καὶ
862 3113 1119 3181 ψαλμοῖς,
1150 3087 1157 3089 ﬁ
1190 3087 1286 3166 καί
1332 3109 1544 3181 ὕμνοις,
1601 3111 1695 3164 καὶ
1741 3109 1901 3180 ᾠδαῖς

2009 3123 2138 3163 vare
2169 3107 2367 3171 solent,
2428 3120 2538 3158 non
2587 3101 2810 3172 quidem
2843 3113 2954 3168 quo
2980 3096 3070 3150 illa
3101 3092 3450 3154 aboleantur,
3483 3087 3578 3140 sed

326 3178 726 3269 πνευματικαῖς
762 3178 1059 3272 χρώ-μενοι.
1084 3203 1147 3254 At
1206 3178 1571 3263 καταστάσεις
1637 3178 1765 3268 γὰρ
1792 3199 1902 3251 τῶν

2011 3201 2195 3271 potius
2221 3207 2277 3253 nt
2308 3199 2364 3253 in
2395 3195 2679 3251 meliorem
2716 3191 3036 3259 redigantur
3069 3184 3319 3240 ordinem
3343 3178 3577 3246 libertati

325 3293 534 3364 καιρῶν
563 3292 786 3348 εἰώθασι
844 3293 1102 3356 πολλάκις
1154 3294 1405 3360 ἀμείϐειν
1448 3292 1518 3345 τά
1571 3293 1899 3362 πράγματα,

324 3390 422 3441 καὶ
472 3386 542 3440 τά
605 3387 940 3458 παλαιότερα
963 3389 1332 3455 καινοτομεῖν,
1360 3386 1461 3439 ούκ
1507 3386 1586 3448 είς
1616 3384 1900 3452 ἀναίρεσιν

323 3477 574 3543 ἐκείνων,
607 3478 721 3532 ἀλλ’
756 3480 836 3541 είς
874 3478 1320 3547 εὐπρεπεστέραν
1344 3477 1518 3544 τάξιν,
1577 3476 1667 3530 διὰ
1721 3476 1821 3546 τὴν
1845 3477 1902 3538 ὲς

325 3571 558 3640 ὓστερον
577 3570 888 3641 ἐλευθερίαν
912 3571 1004 3622 καὶ
1033 3569 1094 3622 τὺ
1125 3571 1223 3639 τῆς
1253 3569 1624 3640 προαιρέσεως
1654 3567 1902 3636 ἀνεμπό-

323 3664 527 3718 διστον.
567 3665 630 3718 Οἱ
659 3664 767 3734 γὰρ
798 3663 1104 3727 ἀπόστολοι,
1136 3664 1231 3715 καὶ
1260 3663 1310 3714 οῖ
1357 3661 1474 3730 μετ’
1529 3661 1729 3723 αὐτοὺς
1771 3659 1904 3728 άλη-

324 3756 442 3816 ρεῖς
469 3755 745 3825 ποιμένες,
779 3755 874 3808 καὶ
905 3753 1056 3825 ὀρθοὶ
1077 3751 1388 3806 διδάσκαλοι
1428 3751 1540 3805 τῶν
1593 3751 1900 3820 ἐκκλησιῶν

325 3847 604 3915 Πνεύματι
634 3846 770 3900 Θεοῦ
802 3847 1020 3909 πάντως
1073 3843 1354 3915 ἀγόμενοι,
1394 3843 1490 3897 καὶ
1541 3842 1642 3912 τὴν
1692 3842 1904 3896 ἐκεῖθεν

324 3937 594 4010 Ελλαμψιν
623 3938 864 4009 ἔχοντες,
889 3937 961 3991 τὰ
993 3937 1091 4008 μὲν
1117 3936 1379 4006 ἧμειψαν,
1419 3935 1490 3988 τὰ
1522 3935 1582 3989 δὲ
1633 3933 1901 4006 ηὔξησαν,

325 4031 536 4087 ἀνωθεν
578 4029 863 4102 δεξάμενοι
905 4029 1003 4098 τὴν
1053 4029 1311 4099 τοιαύτην
1352 4027 1536 4099 χάριν,
1577 4028 1672 4080 καὶ
1726 4027 1904 4081 πάντα

329 4123 468 4193 πρὸς
497 4123 557 4176 τὸ
589 4123 870 4193 συμφέρον
897 4119 1272 4191 ἐνεργοῦντες,
1298 4120 1391 4173 καὶ
1433 4118 1701 4188 θεοφιλῶς
1725 4118 1906 4186 ὀριζὸ-

329 4233 499 4286 μενοι,
533 4217 625 4269 καὶ
649 4213 1060 4276 διαωποῦντες.
1089 4214 1152 4266 Εί
1182 4213 1238 4266 δὲ
1271 4211 1515 4284 ἀκριϐῶς
1565 4212 1902 4282 κατανοήσο-

330 4326 451 4379 μεν,
485 4307 604 4361 οὐδὲ
625 4306 837 4376 ἄζυμον
866 4300 934 4375 ἦν
958 4305 1143 4383 ἄρτος,
1165 4299 1227 4358 οὗ
1245 4303 1550 4374 μετέδωκεν
1592 4305 1620 4356 ὁ
1668 4303 1904 4373 Χριστὸς

324 4403 437 4463 τοῖς
461 4398 800 4460 ἀποστόλοις.
845 4395 906 4450 Ὅ
934 4397 1045 4467 γάρ
1069 4396 1197 4465 περὶ
1225 4393 1320 4448 τοῦ
1355 4395 1546 4464 Πάσχα
1567 4395 1732 4462 νόμος
1760 4392 1903 4444 οὕτω

325 4492 548 4559 διέξεισι
575 4507 589 4522 ·
628 4489 707 4558 Τῇ
731 4487 1362 4558 τεσσαρεσκαιδεκάτη
1399 4485 1509 4540 τοῦ
1535 4485 1730 4554 μηνὸς
1793 4483 1903 4538 τοῦ

327 4591 378 4636 u‘
407 4584 506 4653 ἀφ’
538 4583 800 4650 ἑσπέρας
820 4581 1032 4634 ἑδεσθε
1056 4577 1264 4648 ἄζυμα,
1321 4579 1434 4644 ἓως
1485 4577 1712 4646 ἡμέρας
1761 4575 1905 4645 μιᾶς

325 4677 565 4743 εἰκάδος
595 4676 702 4730 τοῦ
741 4675 936 4744 μηνὸς
977 4673 1088 4739 ἕως
1115 4671 1398 4742 ἑσπέρας.
1436 4671 1622 4724 Ἑπτὰ
1677 4671 1905 4739 ἡμέρας

327 4769 474 4840 ζύμη
499 4771 614 4837 οὐχ
641 4767 1028 4835 εὑρεθήσεται
1055 4766 1125 4819 ἐν
1159 4765 1290 4831 ταῖς
1336 4765 1553 4830 οἰκίαις
1578 4763 1763 4834 ὑμῶν.
1823 4762 1905 4816 Τὰ

331 4863 430 4933 μὲν
454 4857 548 4915 οὖν
579 4859 673 4912 τοῦ
706 4860 888 4929 Νόμου
913 4856 1168 4910 τοιαῦτα·
1198 4859 1224 4909 ὁ
1246 4857 1303 4909 δὲ
1347 4855 1583 4925 Χριστὸς
1633 4855 1742 4923 πρὸ
1803 4853 1905 4923 τῆς

325 4951 922 5023 τεσσαρεσκαιδεκάτης
951 4949 1184 5020 ἡμέρας,
1218 4948 1386 5018 ήγουν
1433 4946 1572 5000 κατά
1626 4946 1726 5014 τὴν
1755 4961 1906 5014 τρισ-

328 5047 665 5114 καιδεκάτην
713 5044 772 5095 τὸ
799 5041 1022 5111 νομικόν
1053 5057 1110 5092 τε
1149 5039 1338 5108 Πάσχα
1359 5039 1631 5103 τετέλεκε,
1667 5039 1762 5091 καὶ
1812 5037 1904 5089 τὸν

328 5136 587 5207 μυστικὸν
615 5133 898 5204 παρέδυκε
920 5133 1150 5195 δεῖπνον,
1172 5130 1291 5184 καθ’
1323 5130 1388 5199 ἣν
1419 5131 1632 5199 ἡμέραν
1651 5127 1905 5197 ζυμίταις

324 5233 508 5300 ἄρτοις
543 5225 839 5288 ἀκωλύτως
867 5221 1065 5286 πάνετες
1092 5223 1412 5292 ἐκέχρηντο.
1444 5222 1503 5273 Ei
1531 5221 1588 5273 δέ
1617 5238 1701 5282 τις
1733 5220 1900 5282 εἴποι,

326 5319 435 5372 Καὶ
457 5319 564 5389 μὴν
590 5317 650 5370 τὸ
679 5315 902 5386 νομικὸν
938 5311 1241 5384 τηνικαῦτα
1284 5311 1476 5381 Πάσχα
1509 5311 1680 5364 τελῶν
1718 5311 1904 5378 ἄζυμα

324 5411 415 5475 ἐπὶ
449 5409 714 5480 πικρίδων
739 5407 944 5475 ἔφαγεν
978 5403 1140 5467 αὐτός
1175 5420 1235 5455 τε
1273 5403 1368 5455 καὶ
1399 5404 1446 5456 οἱ
1477 5401 1756 5471 μαθηταί·
1813 5401 1908 5454 πό-

2009 3290 2274 3347 ac'eertis
2319 3286 2610 3360 principiis
2640 3284 2813 3354 magis
2861 3280 3302 3337 convenientem.
3335 3272 3580 3340 Namque

2003 3381 2241 3452 apostoli
2302 3391 2358 3434 et
2431 3379 2545 3431 reri
2600 3385 2724 3445 post
2803 3375 2928 3428 illos
3001 3379 3252 3441 pastores
3332 3363 3579 3431 rectique

2007 3474 2373 3528 Eeclesiarum
2407 3472 2675 3540 magistri,
2703 3469 2908 3537 Spiritu
2939 3464 3031 3518 Dei
3071 3462 3296 3517 omnino
3333 3455 3482 3510 ducti
3510 3453 3579 3508 ab

2002 3577 2181 3630 eoque
2204 3561 2517 3622 illuminati,
2545 3559 2647 3612 alia
2678 3557 3063 3615 immutarunt,
3087 3550 3191 3604 alia
3210 3545 3581 3616 ampliﬁcare-

2005 3661 2162 3716 runt,
2201 3649 2472 3704 divinitus
2501 3646 2646 3702 nacti
2682 3646 2846 3698 talem
2879 3641 3131 3710 gratiam,
3163 3648 3219 3693 et
3246 3639 3300 3691 in
3321 3633 3581 3690 omnibus

2005 3741 2231 3796 utilitati
2286 3737 2690 3809 prospicientes
2747 3743 2801 3788 et
2851 3745 3037 3786 amore
3067 3729 3158 3784 Dei
3197 3725 3582 3798 praecipientes

2004 3843 2203 3890 cuncta
2237 3843 2293 3888 et
2328 3831 2676 3887 ordinantes.
2722 3825 2828 3881 Ubi
2875 3831 3059 3878 autem
3119 3817 3426 3875 accuratius
3462 3829 3576 3870 rem

2005 3925 2552 3995 iurestigaverimus,
2608 3932 2788 3988 neque
2820 3927 3045 3986 azymus
3089 3911 3184 3966 fuit
3223 3908 3378 3978 panis
3414 3919 3578 3973 quem

2003 3993 2259 4074 Christus
2314 4012 2579 4083 apostolis
2631 4005 3086 4065 communicavit.
3153 4001 3266 4055 Lex
3309 3997 3458 4055 enim
3510 3993 3580 4052 de

2005 4109 2270 4166 Paschate
2323 4103 2654 4162 celebrando
2687 4101 2773 4155 sic
2806 4099 2924 4152 ait:
2962 4091 3372 4160 Quartodecimo
3421 4085 3579 4157 primi

2005 4203 2200 4256 mensis
2236 4217 2269 4254 α
2312 4211 2520 4267 vespere
2553 4188 2940 4246 iiianducabitis
2969 4199 3178 4256 azyma,
3211 4195 3372 4250 usque
3403 4178 3473 4234 ad
3504 4177 3581 4230 vi-

2005 4297 2262 4349 cesimum
2292 4291 2523 4361 primunt
2555 4283 2746 4339 mensis
2772 4282 2840 4334 ad
2883 4291 3174 4348 vesperam.
3219 4274 3435 4341 Septem
3471 4270 3580 4322 dies

2015 4387 2340 4456 fermentum
2391 4397 2496 4436 non
2545 4377 2832 4447 reperietur
2871 4374 2926 4426 in
2953 4368 3188 4424 domibus
3222 4365 3424 4420 vestris.
3456 4361 3582 4417 llaec

1939 4461 1981 4518 ί)
2013 4479 2099 4532 lex
2148 4476 2371 4545 quidem
2416 4469 2662 4543 praecipit
2691 4484 2706 4522 :
2735 4467 2989 4524 Christus
3038 4470 3222 4517 autem
3268 4469 3393 4517 ante
3418 4472 3583 4527 quar-

2017 4566 2410 4623 tumdecimum
2435 4563 2602 4628 diem,
2644 4559 2906 4614 nimirum
2941 4555 3106 4611 tertio
3127 4550 3342 4608 decimo
3374 4546 3583 4602 Pascha

2016 4661 2193 4731 legale
2221 4655 2538 4715 celebravit,
2561 4661 2618 4708 et
2648 4651 2940 4722 mysticam
2967 4660 3178 4703 caenam
3207 4638 3584 4697 communica-

2017 4730 2116 4818 vit,
2153 4766 2263 4822 quo
2305 4749 2394 4802 die
2423 4749 2752 4803 fermentata
2790 4756 2926 4811 pane
2955 4739 3030 4793 uti
3072 4735 3328 4791 omnibus
3357 4730 3584 4784 omnino

2014 4819 2192 4900 licuit.
2239 4843 2296 4897 ss
2352 4841 2478 4910 quis
2532 4851 2664 4892 vero
2723 4833 2924 4889 dixerit
2969 4826 3176 4897 :Atqui
3217 4833 3346 4878 tunc
3375 4819 3584 4874 pascha

2016 4934 2189 5004 legale
2243 4933 2529 4987 celebrans
2582 4941 2768 4998 azyma
2809 4939 2934 4979 cum
2968 4919 3156 4974 herbis
3183 4914 3384 4970 amaris
3425 4926 3582 4964 man-

2017 5028 2240 5081 ducavit
2267 5025 2384 5094 ipse
2415 5033 2578 5090 atque
2602 5020 2720 5089 ejus
2747 5012 3035 5082 discipuli;
3071 5008 3214 5064 unde
3260 5005 3426 5074 igitur
3453 5013 3586 5094 tunc

2015 5092 2328 5173 habuerunt
2360 5113 2588 5184 azyma?
2616 5110 2744 5164 huic
2770 5102 3258 5175 respondebimus:
3295 5092 3583 5150 Probabile

2017 5221 2105 5266 est
2138 5211 2226 5263 illa
2271 5209 2380 5277 jam
2409 5215 2568 5262 antea
2601 5208 2903 5272 praeparata
2937 5194 3104 5249 fuisse
3136 5187 3435 5247 Salvatoris
3464 5184 3584 5250 ius-

2016 5323 2104 5372 su,
2137 5313 2231 5358 aut
2260 5297 2642 5355 benevolentia
2675 5289 3082 5366 patrisfamilias
3107 5287 3200 5356 qui
3230 5297 3283 5339 et
3305 5286 3422 5352 ipse
3454 5279 3588 5339 tide-

2020 5399 2092 5452 lis
2129 5402 2267 5450 erat.

324 5494 415 5555 θεν
446 5467 724 5571 οὖν’ἕσχον
761 5467 882 5553 τότε
907 5499 973 5552 τὰ
996 5495 1224 5566 ἄξομαι
1281 5467 1515 5564 ἐροῦμεν
1548 5467 1683 5564 πρὸς
1711 5492 1894 5558 αὐτὸν,
1951 5490 2033 5544 ὃτι
2093 5486 2236 5548 εἰκὸς
2269 5479 2338 5556 ἦν
2374 5478 2870 5553 προετοιμασθῆναι
2935 5471 3106 5526 ταῦτα
3152 5469 3274 5522 κατ’
3319 5467 3587 5534 ἐπιταγὴν

324 5595 416 5646 τοῦ
442 5591 772 5666 Σωτῆρος,ἢ
805 5590 944 5643 κατὰ
989 5588 1298 5658 πρόγνωσιν
1335 5584 1429 5638 τοῦ
1483 5584 1885 5647 οἰκοδεσπότου,
1943 5580 2138 5633 πιστοῦ
2179 5578 2270 5630 καὶ
2301 5575 2465 5630 αὑτοῦ
2488 5573 2868 5643 τυγχάνντος.

411 5686 499 5737 Ἐν
527 5686 643 5747 ταῖς
679 5684 693 5734 ί
731 5680 1012 5752 ρουργίαις
1042 5679 1204 5732 πάλιν
1237 5677 1298 5730 ού
1327 5677 1729 5746 προσφέρουσιν
1759 5671 1901 5727 οἶνον

327 5777 480 5832 ὕδατι
516 5775 872 5848 μεμιγμένον,
900 5771 1015 5829 ἀλλ’
1052 5772 1308 5841 ἄκρατον,
1342 5769 1433 5822 καὶ
1471 5767 1647 5838 ἀμιγῆ
1696 5768 1900 5821 παντά-

2091 5669 2260 5724 Porro
2301 5670 2355 5723 in
2407 5682 2564 5722 sacra
2603 5677 2757 5718 creua
2781 5675 2892 5714 non
2919 5658 3161 5714 otl‘erunt
3207 5656 3397 5710 vinum
3443 5668 3584 5724 aqua

2013 5773 2398 5835 letttpcruluttt,
2439 5761 2535 5819 sed
2569 5772 2780 5815 merum
2815 5770 2990 5826 neque
3032 5753 3136 5812 ulla
3166 5752 3392 5811 omnino
3429 5765 3571 5819 aqua
