4012 6216
408 271 548 338 1185

1279 285 1654 348 PANOPLIA
1697 282 2260 348 DOGMATICAI~
2295 287 2440 351 TIT.
2490 291 2718 353 XXIII.

3531 299 3668 366 1186

405 382 500 452 ρος
523 383 821 450 τυποῦντες
857 388 947 442 16v
997 394 1236 463 σταυρὸν
1261 397 1352 449 ἐπὶ
1379 396 1490 457 ,τοῦ
1546 397 1822 468 μετώπου,
1889 397 1975 450 καῚ

2091 397 2266 453 fronte
2293 414 2509 455 crucem
2546 417 2708 456 manu
2750 401 3054 472 designent,
3102 413 3154 460 et
3185 407 3236 460 in
3285 407 3571 478 baptismo,
3613 413 3668 468 ιιι

402 476 498 527 ἐπὶ
527 475 622 528 τοῦ
646 476 1041 549 βαπτίσματος,
1097 489 1190 539 καὶ
1225 489 1316 540 ἐπὶ
1351 489 1449 558 τῆς
1507 491 1838 559 ἱερουργίας,
1884 489 1980 542 καὶ

401 568 460 620 ἐν
492 567 675 633 ἄλλοις
707 571 942 636 πολλοῖς.
976 572 1191 644 Ἀλλ’,ὧ
1212 580 1432 646 μάταιοι
1458 583 1551 636 καὶ
1570 584 1975 653 φρενοϐλαϐεῖς,

403 658 572 728 φαίην
612 660 679 713 ἂν
705 662 842 730 πρὸς
875 665 1092 729 αὐτοὺς,
1126 671 1287 742 είπερ
1339 675 1367 725 6
1406 672 1495 726 διὰ
1548 676 1733 745 χειρὸς
1797 676 1978 737 ἀθλως

401 750 744 821 τυπούμενος
777 759 1013 826 σταυρὸς
1055 761 1305 827 ἁγιάζειν
1347 767 1544 828 πάντα,
1581 763 1662 830 οἷς
1692 767 1979 820 ἐπιϐάλλε-

400 857 513 907 τειι,
543 842 604 896 16
637 843 780 916 ὕδωρ
809 847 953 916 λέγω
981 851 1073 903 τοῦ
1111 853 1509 927 βαπτίσματος,
1556 862 1646 912 καὶ
1679 861 1740 913 16
1775 861 1973 926 ἔλαιον,

401 935 497 986 καὶ
519 934 580 986 16
609 937 800 1008 μύρον,
834 942 928 992 καὶ
958 945 1026 996 τὰ
1049 946 1317 1015 πρόσωπα
1343 949 1454 1001 τῶν
1476 952 1805 1021 “ἀνθρὼπων
1868 955 1977 1007 τῶν

402 1029 792 1093 πιστευόντων,
820 1035 912 1085 καὶ
941 1036 1032 1087 16v
1065 1044 1331 1103 μυστικὸν
1361 1042 1548 1112 ἄρτον,
1583 1046 1678 1098 καὶ
1724 1047 1783 1098 16
1835 1049 1977 1118 ἱερὸν

403 1123 681 1188 ποτήριον,
716 1126 810 1176 καὶ
838 1127 1030 1190 τᾶλλα,
1062 1131 1150 1184 ἵνα
1181 1135 1255 1202 μὴ
1289 1135 1412 1187 καθ’
1439 1137 1670 1190 ἕκαστον
1731 1142 1966 1210 ἀπαριθ-

404 1211 674 1279 μούμενος
715 1217 942 1288 μηκύνω
975 1224 1066 1274 τὸν
1097 1223 1276 1292 λόγον,
1313 1229 1430 1290 πῶς
1453 1232 1480 1282 ὁ
1507 1231 1594 1284 διὰ
1633 1232 1733 1300 τῆς
1755 1234 1975 1302 οίασδή‹

400 1321 530 1356 ποτε
574 1305 706 1374 ὕλης
741 1313 912 1374 τύπος
950 1314 1046 1367 τοῦ
1092 1320 1346 1389 σταυροῦ,
1373 1321 1446 1382 ὡς
1473 1324 1649 1376 κοινόν
1674 1343 1726 1377 τι
1765 1327 1855 1378 καὶ
1884 1327 1976 1396 βέο

401 1395 562 1461 ϐηλον
584 1399 673 1451 διά
697 1417 754 1452 τε
782 1402 1182 1475 βαπτίσματος,
1208 1413 1302 1464 καὶ
1321 1413 1450 1482 ἦλου
1477 1417 1569 1469 καὶ
1593 1417 1827 1486 αἵματος
1851 1418 1974 1473 καθ’

401 1487 544 1551 ὑμᾶς
581 1490 905 1562 άγιάζεται;
938 1499 1060 1560 Πῶς
1091 1501 1148 1552 δὲ
1173 1505 1200 1555 6
1226 1503 1318 1556 καὶ
1350 1506 1410 1558 16
1452 1507 1733 1578 βάπτισμα
1753 1512 1846 1564 καὶ
1877 1511 1974 1582 τὴν

397 1578 585 1634 οὐσίαν
605 1585 848 1650 ἁγιάζων
880 1593 1109 1661 σταυρὸς
1129 1595 1233 1648 6116
1250 1599 1359 1651 τῶν
1385 1600 1758 1672 άγιαζομένων
1769 1606 1975 1660 τούτων

395 1673 723 1744 ἁγιάζεται;
752 1679 964 1753 ’Ὠσπερ
996 1686 1102 1754 γὰρ
1135 1689 1238 1757 πρὸ
1294 1691 1389 1742 τοῦ
1444 1696 1823 1765 σταυρωθῆναι
1881 1700 1974 1751 τὸν

395 1767 632 1835 Χριστὸν
663 1771 690 1822 6
729 1778 962 1845 σταυρὸς
999 1778 1232 1849 ὄργανον
1262 1777 1330 1853 ἦν
1379 1785 1614 1840 θανάτου
1657 1791 1975 1862 κατηραμέ-

394 1875 505 1921 νον,
540 1863 632 1913 καὶ
671 1864 698 1915 6
725 1865 894 1928 τύπος
922 1870 1085 1924 αὐτοῦ
1114 1877 1348 1940 φευκτός
1369 1895 1426 1929 τε
1461 1881 1554 1931 καὶ
1586 1881 1976 1951 ἀποτρόπαιος·

393 1950 536 2004 οὕτω
566 1955 702 2022 μετὰ
727 1959 788 2010 16
825 1963 1246 2033 προσηλωθῆναι
1286 1967 1378 2021 τὸν
1409 1972 1640 2041 Χριστὸν
1669 1950 1839 2045 αὐτῷ,
1885 1978 1980 2030 καὶ

394 2046 842 2117 καταρρανθῆναι
887 2052 1075 2104 τοῦτον
1126 2055 1204 2123 τῷ
1262 2058 1579 2131 Δεσποτικῷ
1642 2065 1833 2133 αἵματι
1886 2068 1980 2120 καὶ

395 2133 570 2198 ὕδατι,
608 2138 770 2200 αὑτός
799 2157 858 2192 τε
883 2142 1140 2214 ἡγιάσθη,
1167 2149 1258 2200 καὶ
1279 2149 1307 2200 6
1328 2149 1494 2214 τύπος
1524 2153 1688 2207 αὑτοῦ
1711 2158 1980 2226 άγιαστήο

396 2242 512 2294 ριον
535 2229 667 2279 πᾶσι
699 2231 808 2293 τοῖς
836 2235 1048 2296 πιστοῖς
1077 2237 1336 2306 κατέστη,
1360 2242 1625 2310 πρότερον
1645 2245 1741 2310 μὲν
1773 2246 1982 2315 ἀνθρὼ-

393 2333 530 2378 1106,-
563 2318 932 2387 ἀναιροῦντος,
960 2322 1186 2394 ὕστερον
1229 2327 1286 2380 δὲ
1314 2331 1438 2393 τοὺς
1469 2331 1746 2402 δαίμονας.
1789 2337 1850 2389 Ei
1886 2335 1979 2391 οὖν

391 2407 457 2459 τδ
480 2411 834 2478 πρωτότυπον
855 2415 1080 2482 γέγονεν
1113 2417 1289 2486 ἅγιον,
1322 2421 1397 2485 ὡς
1424 2422 1657 2494 εἴρηται,
1694 2429 1978 2499 προσηλω-

394 2498 584 2564 θέντος
615 2505 761 2572 αὐτῷ
791 2505 883 2559 τοῦ
917 2509 1220 2573 Δεσπότου,
1248 2513 1432 2578 καθὼς
1453 2516 1478 2568 6
1533 2517 1698 2570 Δαὸὶδ
1740 2498 1977 2586 ἐδίδαξεν

393 2593 586 2657 εἰπὼν,
613 2595 719 2649 Καὶ
754 2600 1153 2664 προσκυνεῖτε
1186 2602 1267 2668 τῷ
1296 2607 1608 2672 ὑποποδίῳ
1627 2608 1746 2662 τῶν
1776 2611 1978 2664 ποδῶν

393 2687 606 2749 αὐτοῦ,
637 2689 725 2740 ὅτι
783 2691 956 2760 ἅγιόν
997 2691 1127 2746 ἐστι
1161 2711 1177 2726 ο
1210 2695 1367 2749 τοῦτο
1404 2699 1511 2768 γὰρ
1554 2701 1649 2752 νῦν
1698 2701 1977 2773 ὠνόμασεν

392 2778 687 2832 ὑποπόδιον
707 2781 794 2834 διὰ
828 2783 888 2835 16
903 2787 1288 2856 προσπαγῆναι
1318 2789 1489 2857 τούτῳ
1512 2793 1635 2856 τοὺς
1668 2811 1977 2867 προσκυνη-

388 2871 523 2934 106;
549 2873 716 2926 αὐτοῦ
743 2875 939 2939 πόδας·
969 2876 1124 2946 ἅγιος
1170 2880 1278 2950 ἄρα
1316 2885 1412 2936 καὶ
1445 2886 1552 2947 πᾶς
1591 2885 1758 2949 τύπος
1789 2888 1972 2956 αὐτοῦ,

391 2962 500 3030 κᾶν
539 2964 624 3017 διὰ
646 2967 826 3038 χειρὸς
842 2969 1022 3033 ἁΰλως
1045 2973 1342 3045 τυπωθείη,
1371 2976 1475 3029 κᾶν
1512 2977 1578 3031 δι’
1621 2977 1753 3049 ὕλης
1811 2983 1973 3046 τινός.

391 3053 618 3116 Εἰκόνες
639 3057 748 3128 γάρ
773 3061 878 3111 εἱσι
900 3075 914 3088 ·
933 3059 1106 3115 ταῦτα
1131 3063 1223 3116 τοῦ
1251 3067 1634 3135 πρωτοτύπου,
1671 3073 1764 3125 καὶ
1787 3074 1974 3145 ὥσπερ
2001 3089 2044 3148 c

387 3147 428 3215 ἡ
452 3145 544 3198 τοῦ
575 3147 810 3216 Χριστοῦ
848 3150 1014 3204 εἰκὼν
1039 3153 1169 3220 ἁγία
1192 3155 1359 3219 ἐστὶν,
1388 3159 1447 3211 οὒ
1478 3159 1564 3214 διὰ
1593 3161 1693 3234 τὴν
1719 3163 1977 3230 ὑποδεξα-

391 3237 564 3307 μένην
597 3239 733 3311 αὐτῇ
762 3239 916 3310 ὕλην,
939 3243 1074 3298 ἀλλὰ
1095 3245 1182 3299 διὰ
1221 3247 1316 3301 τὸν
1361 3252 1696 3324 χαρακτῆρα
1745 3257 1840 3308 καὶ
1880 3258 1978 3327 τὴν

391 3329 610 3399 μορφὴν
636 3331 728 3383 τοῦ
760 3333 994 3401 Χριστοῦ
1023 3350 1037 3365 ο
1061 3336 1201 3390 061w
1223 3340 1318 3394 καὶ
1342 3341 1372 3393 6
1415 3342 1508 3396 106
1556 3345 1789 3417 σταυροῦ
1811 3348 1978 3412 τύπος

387 3419 560 3475 εἰκών
583 3423 699 3475 ἐστι
749 3425 843 3476 τοῦ
875 3429 1232 3493 πρωτοτύπου
1275 3433 1364 3487 διὰ
1406 3435 1466 3488 16
1491 3437 1673 3506 σχῆμα
1724 3441 1820 3493 καὶ
1880 3443 1982 3509 τὴν

386 3510 674 3579 ὁμοίωσιν,
704 3513 800 3566 καὶ
828 3514 916 3567 διὰ
945 3516 1103 3570 τοῦτο
1133 3521 1327 3584 σεπτὸς
1351 3523 1442 3577 καὶ
1464 3525 1665 3594 τίμιος.
1742 3528 1806 3580 Ἦ
1869 3529 1976 3598 γὰρ

384 3604 528 3672 τιμὴ
567 3603 666 3670 τῆς
696 3605 904 3669 εικόνος
929 3607 1021 3659 ἐπὶ
1049 3609 1110 3660 16
1157 3612 1510 3680 πρωτότυπον
1563 3617 1845 3684 διαϐαίνει,
1900 3620 1980 3673 6t6

387 3694 493 3747 καὶ
513 3695 542 3747 6
563 3693 703 3759 θεῖος
723 3696 1020 3766 Γρηγόριος
1047 3700 1074 3752 6
1097 3699 1195 3768 τῆς
1217 3701 1475 3773 Μεγάλης
1526 3705 1814 3776 Ἀρμενίας
1871 3710 1977 3782 πρὸ

387 3785 614 3840 πάντων
643 3790 905 3857 σταυροὺς
945 3790 1189 3856 ξυλίνους
1250 3793 1308 3846 ὲν
1359 3794 1545 3859 τόποις
1587 3799 1698 3850 τισὶ
1749 3801 1972 3870 στήσας,

387 3877 612 3932 ἐκέλευε
641 3885 985 3949 προσκυνεῖν,
1010 3882 1105 3935 καὶ
1139 3884 1508 3954 καταφεύγειν
1535 3888 1628 3941 ἐπὶ
1655 3891 1874 3956 τούτους
1898 3887 1990 3958 ὡς’

386 3971 757 4040 ἁγιαστήρια,
788 3973 963 4025 καίτοι
999 3975 1072 4043 μή
1106 3993 1191 4027 πω
1219 3979 1616 4048 χειροτονηθεὶς
1658 3984 1973 4055 ἀρχιερεὺς,

391 4061 534 4130 μήτε
562 4063 672 4114 τινὶ
705 4063 1062 4132 βαπτίσματι,
1090 4066 1122 4136 ἢ
1146 4066 1280 4137 ἥλῳ,
1312 4067 1345 4138 ἢ
1405 4069 1597 4140 αἵματι
1631 4075 1971 4142 καθοσιώσας

386 4149 611 4211 αὐτούς.
646 4149 1052 4218 Ἑμπηγνύουσι
1084 4153 1140 4205 δὲ
1180 4154 1270 4207 τὸν
1297 4152 1425 4226 ἧλον
1471 4159 1548 4227 τῷ
1612 4162 1831 4233 σταυρῷ
1887 4167 1970 4228 είς

385 4239 568 4304 ὄνομα
595 4240 688 4293 τοῦ
716 4236 975 4309 Χριστοῦ,
1010 4242 1321 4313 δηλοῦντες,
1348 4248 1431 4300 ὅτι
1477 4243 1558 4312 εἷς
1591 4251 1692 4320 τῆς
1740 4253 1967 4322 Τριάδος

386 4326 735 4398 ἐσταυρώθη,
769 4329 1045 4383 τουτέστιν
1093 4333 1126 4400 ἡ
1153 4330 1272 4386 Θεία
1307 4334 1466 4401 φύσις
1491 4338 1676 4393 αὑτοῦ.
1728 4341 1879 4394 Ἐπεὶ
1907 4343 1966 4395 δὲ

2085 485 2137 540 in
2171 491 2456 556 sacriﬁcio,
2480 501 2533 545 et
2556 493 2672 546 aliis
2700 494 2879 548 multis
2905 495 2957 548 in
2990 497 3168 550 rebus.
3200 498 3416 564 Verum,
3437 517 3470 555 ο
3517 504 3667 559 stulti

2081 587 2134 630 et
2165 590 2340 634 mente
2365 584 2528 651 capti,
2557 584 2634 638 sic
2662 587 2805 639 cnim
2835 602 2928 640 eos
2947 589 3226 657 alloquar,
3265 592 3307 646 si
3337 608 3468 647 crux
3505 612 3668 650 manu

2083 669 2363 738 designata
2410 688 2496 728 res
2533 690 2718 731 omnes
2767 679 3068 732 Sanctiﬁcat
3105 681 3298 747 quibus
3358 686 3668 752 adhibetur,

2082 767 2139 810 ιιι
2171 774 2362 828 aquam
2405 764 2675 833 baptismi,
2701 775 2753 820 et
2783 768 2986 833 oleum,
3015 780 3069 824 et
3097 781 3447 842 unguentum,
3472 786 3526 829 et
3550 777 3667 828 vul-

2083 857 2170 905 tus
2201 852 2473 906 hominum
2511 857 2868 926 credentium,
2903 870 2957 912 et
3009 875 3198 928 panem
3233 865 3546 935 mysticum,
3611 879 3665 921 et

2080 956 2294 996 sacrum
2354 946 2692 1015 sanguinem,
2727 959 2780 1002 et
2821 951 3050 1020 reliqua,
3093 967 3211 1021 qum.
3261 969 3370 1008 non
3406 971 3686 1010 ennmcro

2080 1032 2374 1100 sigillatim,
2404 1051 2469 1090 ne
2503 1037 2712 1108 longior
2739 1041 2865 1104 sim,
2907 1059 3003 1095 cur
3043 1047 3183 1111 apud
3219 1060 3314 1099 vos
3344 1047 3505 1116 ﬁgura
3542 1063 3669 1118 cru-

2080 1123 2159 1176 cis
2192 1140 2257 1178 ex
2298 1127 2488 1193 quavis
2529 1131 2746 1183 materia
2782 1132 3045 1194 confecta,
3077 1144 3327 1203 tanquam
3361 1153 3447 1192 res
3485 1140 3664 1208 aliqua

2080 1219 2378 1269 connnunis
2407 1233 2469 1272 ac
2507 1220 2756 1288 profana,
2791 1224 3064 1278 ablutione
3099 1237 3151 1278 et
3179 1227 3332 1292 clavo
3362 1237 3416 1282 et
3443 1233 3662 1298 sangui-

2081 1320 2146 1359 ne
2167 1308 2536 1364 sanctiﬁcatur
2563 1353 2576 1374 ,
2607 1325 2699 1367 aut
2721 1317 2988 1383 quomodo
3011 1331 3163 1381 crux,
3220 1334 3337 1387 quae
3373 1330 3426 1372 et
3461 1321 3668 1389 baptis-

2079 1412 2246 1462 mum,
2299 1410 2352 1453 et
2415 1404 2740 1457 sacriﬁcium
2793 1407 3113 1471 sanctiﬁcztt,
3171 1412 3239 1464 ab
3285 1412 3490 1464 eisdem
3549 1413 3660 1482 ipsa

2078 1490 2447 1544 sanctiﬁcetur
2468 1493 2491 1546 ?
2513 1495 2973 1562 Quemadmodum
2998 1503 3137 1552 enim
3188 1504 3475 1569 antequam
3501 1502 3664 1556 Chri-

2076 1589 2191 1634 stus
2223 1581 2274 1634 in
2311 1597 2525 1636 crucem
2563 1595 2835 1653 ageretur.
2879 1590 2992 1657 ipsa
3059 1593 3249 1645 mortis
3293 1588 3408 1650 erat
3458 1593 3661 1648 instru-

2079 1680 2320 1724 mentum
2346 1675 2693 1737 exsecrabtle,
2727 1687 2778 1729 et
2804 1678 2920 1746 ejus
2943 1679 3106 1747 ﬁgura
3143 1680 3388 1748 fugienda
3448 1697 3512 1736 ac
3565 1684 3662 1738 de-

2083 1762 2344 1822 testanda,
2396 1762 2469 1814 ita
2536 1776 2881 1832 posteaquam
2919 1768 3164 1822 Christus
3222 1772 3270 1824 ei
3312 1770 3416 1833 fuit
3441 1772 3652 1840 allixus,

2081 1850 2342 1918 sanguine
2373 1861 2425 1904 et
2455 1867 2591 1920 aqua
2629 1854 2837 1908 Domini
2889 1858 3216 1911 sanctiﬁcata
3275 1873 3369 1926 per
3427 1861 3654 1927 ligurum

2081 1953 2232 1991 suam
2293 1944 2506 1996 cunctis
2567 1944 2814 1999 ﬁdelibus
2872 1948 3089 2004 exhibet
3157 1953 3661 2011 sanctiﬁcationem.

2080 2030 2259 2098 Atque
2292 2029 2363 2084 ita
2387 2047 2541 2096 crux,
2569 2049 2688 2102 qute
2720 2038 2870 2103 prius
2911 2039 3156 2094 homines
3185 2042 3422 2106 tollebat,
3463 2051 3661 2118 postea

2082 2118 2354 2176 daemones
2386 2123 2545 2186 ejecit
2604 2134 2766 2191 atque
2805 2127 3027 2196 expulit.
3065 2129 3118 2182 Si
3152 2129 3313 2197 igitur
3342 2133 3514 2200 prima
3569 2127 3658 2189 illa

2081 2227 2236 2279 crux,
2265 2228 2385 2281 qua:
2427 2215 2524 2268 fuit
2551 2209 2844 2283 exemplar,
2887 2219 3028 2274 facta
3081 2234 3164 2276 est
3201 2235 3412 2288 sancta,
3468 2236 3526 2280 ιιι
3577 2227 3660 2280 di-

2080 2319 2226 2359 ctum
2246 2315 2350 2369 est,
2375 2307 2630 2374 quoniam
2652 2310 2701 2362 in
2725 2323 2788 2361 ea
2815 2311 3061 2368 conﬁxus
3093 2313 3352 2370 Dominus
3383 2318 3657 2385 pependit,

2081 2406 2138 2447 ut
2167 2394 2334 2448 David
2369 2397 2654 2460 ostendit,
2706 2398 2956 2464 Adorate,
3015 2404 3283 2470 inquiens,
3373 2405 3658 2460 scabellum

2078 2484 2266 2551 pedum
2321 2487 2455 2554 eius,
2492 2489 2739 2557 quoniam
2769 2501 3008 2545 sanctum
3035 2507 3112 2547 est
3144 2492 3182 2554 ί,
3215 2508 3334 2548 eam
3363 2496 3504 2549 enim
3557 2497 3661 2554 hoc

2078 2575 2195 2629 loco
2217 2575 2508 2629 scabellum
2549 2577 2860 2645 appellavit,
2892 2580 3018 2648 quia
3049 2580 3209 2648 pedes
3236 2581 3402 2650 ipsius
3427 2583 3661 2636 adoran-

2079 2665 2130 2718 di
2170 2665 2224 2719 in
2256 2681 2372 2719 eam
2395 2665 2565 2720 suﬁixi
2599 2677 2748 2735 sunt;
2771 2678 2957 2724 sancta
2997 2672 3251 2724 nimirmn
3289 2679 3373 2727 est
3397 2683 3452 2726 et
3479 2673 3658 2727 omnis

2078 2756 2248 2826 ﬁgura
2306 2758 2474 2824 illius,
2513 2761 2630 2813 sive
2658 2775 2842 2824 manu,
2882 2760 2996 2816 sive
3050 2763 3274 2816 materia
3322 2763 3656 2832 designetur,

2077 2848 2194 2904 sive
2224 2863 2290 2904 ex
2357 2852 2579 2904 materia
2619 2850 2796 2919 aliqua
2834 2853 3170 2906 conlicialur.
3205 2852 3328 2908 llzec
3357 2855 3498 2909 enim
3530 2863 3659 2908 stmt

2077 2939 2339 3009 imagines
2357 2942 2773 3008 exemplaris.Et
2790 2945 3237 3011 quemadmodum
3258 2944 3436 3015 imago
3450 2943 3656 2999 Christi

2077 3038 2264 3084 sancta
2329 3040 2456 3094 est,
2527 3046 2633 3085 non
2692 3043 2908 3101 propter
2971 3036 3252 3086 materiam
3311 3048 3439 3104 qua:
3504 3034 3654 3088 illam

2082 3121 2346 3190 suscepit,
2379 3123 2472 3176 sed
2499 3132 2719 3191 propter
2755 3123 3031 3192 exemplar
3073 3123 3409 3194 formamque
3433 3125 3655 3194 Christi,

2078 3213 2156 3267 sic
2179 3223 2232 3266 et
2271 3213 2449 3267 crucis
2487 3215 2654 3281 ﬁgura
2697 3214 2874 3280 imago
2918 3221 3001 3266 est
3056 3213 3378 3281 exemplaris
3439 3226 3656 3284 propter

2077 3304 2306 3374 eﬁigiem
2358 3314 2415 3359 et
2473 3305 2903 3358 similitudinem.
2957 3304 3024 3358 Et
3087 3305 3290 3358 idcirco
3339 3306 3658 3362 venerabilis

2079 3407 2252 3453 estet
2312 3398 2566 3467 pretiosa.
2612 3396 2791 3451 llonor
2853 3398 2996 3451 enim
3060 3396 3272 3452 habitus
3324 3397 3564 3467 imagini,
3598 3407 3657 3454 ut

2081 3505 2311 3557 magnus
2340 3491 2415 3542 ait
2460 3489 2714 3550 Basilius,
2747 3489 2811 3541 ad
2873 3488 3153 3557 exemplar
3206 3491 3416 3544 transit.
3468 3489 3657 3558 Itaque

2081 3582 2240 3636 divus
2273 3579 2434 3634 etlam
2452 3580 2764 3646 Gregorius,
2787 3577 2987 3646 Magna:
3009 3578 3201 3646 praesul
3217 3578 3512 3647 Armentim,
3531 3592 3654 3634 antu

2081 3670 2468 3741 omnesjussit.
2499 3684 2690 3724 cruces
2725 3670 2941 3737 ligneas
2985 3671 3303 3737 quibusdam
3348 3671 3400 3724 in
3461 3671 3592 3723 locis
3619 3685 3652 3726 θ

2077 3779 2138 3821 se
2167 3763 2455 3819 collocatas
2490 3761 2728 3823 adorari,
2763 3764 2827 3813 ad
2867 3775 3066 3829 easque
3095 3771 3354 3831 tanquam
3389 3763 3456 3815 ad
3497 3775 3652 3818 sacra

2078 3857 2326 3927 profugia
2367 3856 2641 3918 concurri,
2706 3855 2866 3923 idque
2893 3869 3016 3909 cum
3062 3855 3296 3909 nondum
3335 3864 3478 3909 esset
3514 3869 3650 3923 pon-

2080 3950 2214 4006 tifex
2255 3949 2586 4012 declaratus,
2661 3961 2865 4016 easque
2891 3962 2987 4000 nec
3021 3946 3313 4010 ablatione,
3348 3960 3446 4001 nec
3471 3946 3648 4009 clavo,

2078 4055 2180 4096 nec
2216 4039 2479 4106 sanguine
2516 4038 2815 4106 expiasset.
2859 4037 3124 4091 Caeterum
3169 4035 3288 4089 ideo
3348 4035 3556 4090 clavum
3595 4037 3648 4092 in

2077 4146 2241 4186 cruce
2276 4131 2444 4200 ﬁgunt
2479 4129 2530 4182 in
2569 4127 2773 4183 Christi
2804 4127 3038 4191 nomine,
3066 4136 3126 4180 ut
3155 4126 3446 4182 ostendant
3484 4143 3648 4181 unum

2075 4229 2280 4277 sancta:
2317 4219 2599 4274 Trinitatis
2627 4233 2750 4275 esse
2777 4218 3119 4283 cruciﬁxum,
3155 4219 3230 4273 .ld
3253 4229 3358 4284 est,
3412 4219 3648 4274 divinam

2073 4314 2194 4384 ejus
2251 4322 2518 4367 naturam.
2548 4311 2735 4380 Itaque
2767 4326 2888 4366 cum
2954 4310 3133 4363 divina
3185 4309 3388 4365 Christi
3437 4323 3648 4375 natura,

386 4421 427 4488 ὴ
459 4419 549 4471 τοῦ
578 4419 814 4488 Χριστοῦ
842 4419 960 4473 θεία
989 4421 1170 4489 φύσις,
1200 4425 1296 4476 καὶ
1325 4426 1418 4478 τοῦ
1461 4429 1694 4499 Πατρὸς,
1732 4431 1826 4484 καὶ
1873 4435 1964 4487 τοῦ

2078 4405 2245 4461 Patris
2274 4405 2458 4465 etiam,
2493 4413 2547 4459 et
2569 4403 2741 4458 sancti
2797 4401 3030 4472 Spiritus
3071 4414 3260 4457 natura
3285 4404 3376 4468 sit,
3435 4401 3649 4461 Patrem

388 4509 551 4576 ἁγίου
612 4510 929 4580 Πνεύματός
985 4512 1100 4564 ἐστι
1149 4513 1330 4580 φύσις,
1363 4519 1755 4588 συσταυροῦσιν
1799 4524 1971 4593 αὐτῷ,

385 4599 498 4653 κᾶν
528 4601 601 4670 μὴ
628 4601 880 4671 φανερῶς
903 4600 1234 4671 ὁμολογῶσι,
1265 4607 1358 4657 καὶ
1385 4607 1478 4659 τὸν
1510 4609 1725 4681 Πατέρα
1764 4613 1859 4665 καὶ
1911 4615 1972 4666 16

385 4691 548 4757 ἅγιον
575 4692 819 4761 Πνεῦμα.
852 4694 1121 4762 Εύρήσεις
1157 4694 1213 4746 δὲ
1243 4698 1490 4764 περὶτοῦ
1538 4703 1774 4772 σταυροῦ
1832 4706 1970 4758 πλα-

383 4781 612 4851 τύτερον
658 4785 716 4836 ὲν
747 4785 825 4853 τῷ
875 4785 1072 4855 ἐφεξῆς
1121 4789 1282 4858 τίτλῳ
1327 4792 1465 4844 κατὰ
1494 4791 1554 4844 16
1585 4793 1896 4861 κεφάλαιον,
1925 4792 1969 4864 ᾧ

383 4873 796 4944 ἐπιγέγραπται
827 4877 962 4945 Περὶ
992 4877 1084 4929 τοῦ
1111 4880 1372 4948 σταυροῦ.

467 4965 740 5036 Σταυροὺς
765 4971 912 5038 τρεῖς
949 4969 1191 5035 ξυλίνους
1238 4973 1584 5042 ποιήσαντες,
1633 4976 1729 5030 καί⁷
1779 4977 1970 5041 συζεύ-

389 5056 581 5120 ξαντες
607 5057 857 5130 ἀλλήλοις
884 5060 1049 5128 ἁγίαν
1081 5062 1289 5133 Τριάδα
1320 5064 1546 5129 τούτους
1584 5066 1966 5136 ὀνομάζουσιν,

385 5148 455 5200 o6
485 5147 800 5219 φρίττοντες
841 5152 1276 5218 κατασκευάζειν
1307 5155 1522 5218 εἰκόνας
1559 5155 1658 5226 τῆς
1697 5159 1969 5227 μακαρίας

387 5240 622 5309 Τριάδος
646 5243 744 5310 τῆς
774 5243 940 5313 μόνης
962 5243 1240 5308 άκτίστου,
1276 5246 1371 5298 καὶ
1401 5247 1653 5316 ἀπείρου,
1690 5250 1784 5301 καὶ
1817 5250 1966 5318 ἀορί-

386 5348 546 5396 στου,
573 5333 666 5386 καὶ
693 5332 833 5397 ὅλως
861 5335 1204 5404 ἀνεννοήτου.
1237 5337 1302 5389 Δί
1352 5337 1461 5405 γὰρ
1503 5339 1708 5402 εἰκόνες
1755 5341 1964 5410 ὁρατῶν

384 5422 486 5478 καὶ
516 5424 945 5494 πεπερασμένων
990 5441 1130 5478 εισιν
1172 5426 1402 5490 εἰκόνες.
1442 5427 1562 5491 Πῶς
1601 5429 1647 5482 δ’
1676 5429 1742 5483 ἄν
1777 5448 1860 5494 τις
1889 5433 1963 5484 εί-

380 5513 525 5568 κόνα
574 5516 1053 5582 κατασκευάσειεν,
1090 5509 1151 5570 06
1207 5516 1268 5572 16
1329 5519 1684 5589 πρωτότυπον
1731 5520 1960 5578 άθέατόν

465 5690 484 5721 ⁸
520 5688 658 5745 Psal.
710 5705 896 5754 xcvm,
929 5693 982 5748 5.

2070 4499 2255 4558 etiam.
2286 4505 2341 4551 et
2401 4494 2660 4562 Spiritum
2717 4505 2995 4559 sanetum,
3026 4494 3151 4550 licet
3207 4495 3258 4550 id
3305 4504 3491 4564 aperte
3541 4511 3649 4551 non

2069 4587 2365 4648 fateantur,
2399 4600 2504 4640 una
2536 4600 2656 4640 cum
2689 4584 2806 4652 ipso
2833 4583 3174 4652 cruciﬁgunt.
3215 4581 3408 4638 Verum
3439 4586 3504 4637 de
3525 4598 3650 4637 cru-

2066 4695 2128 4736 ce
2157 4679 2318 4734 latius
2337 4678 2666 4732 disseremus
2699 4677 2751 4730 in
2783 4678 3028 4745 sequenti
3057 4676 3236 4740 titulo,
3266 4676 3318 4730 in
3374 4689 3440 4729 eo
3470 4677 3648 4743 capite

2065 4772 2207 4842 quod
2233 4771 2546 4838 inscriptum
2579 4779 2662 4824 est
2690 4768 2762 4822 De
2793 4783 2966 4823 cruce.

2136 4971 2272 5026 Tres
2297 4971 2501 5040 ligneas
2541 4972 2877 5026 constituunt
2931 4985 3142 5036 cruces,
3176 4985 3376 5041 easque
3399 4971 3540 5025 inter
3588 4981 3649 5024 se

2065 5065 2384 5134 conjunctas
2412 5065 2733 5121 Trinitatem
2773 5075 3012 5121 sanctam
3052 5064 3350 5136 appellant.
3397 5064 3506 5121 Nec
3553 5079 3649 5120 ex-

2070 5157 2395 5211 horrescunt
2454 5156 2625 5211 beatae
2666 5155 2950 5211 Trinitatis
3007 5157 3298 5226 imaginem
3355 5156 3647 5226 conﬁcere,

2070 5261 2190 5317 quae
2233 5247 2347 5301 sola
2379 5247 2614 5302 increata
2643 5255 2747 5314 est,
2787 5257 2840 5304 et
2873 5247 3106 5312 inﬁnita,
3167 5260 3218 5303 et
3244 5247 3546 5316 indeﬁnita,
3593 5259 3650 5303 et

2069 5353 2292 5410 prorsus
2322 5338 2614 5408 incognita.
2647 5338 2851 5394 Rerum
2907 5339 3072 5405 enim,
3117 5354 3235 5409 qua:
3294 5338 3464 5393 ﬁnita:
3501 5347 3646 5401 sunt,

2069 5429 2330 5500 imagines
2381 5430 2761 5486 conﬁciuntur.
2803 5429 2972 5501 Cujus
3021 5439 3199 5485 autem
3259 5431 3335 5486 rei
3374 5429 3648 5498 exemplar

2067 5521 2166 5579 sub
2184 5529 2465 5593 aspectum
2486 5523 2956 5595 cognitionemque
2977 5537 3199 5595 prorsus
3217 5538 3320 5581 non
3345 5523 3509 5588 cadit,
3526 5519 3649 5593 ejus
