4012 6216
213 327 356 392 1189

1154 328 1534 389 PANOPLIA
1580 325 2039 388 DOGMATICA.
2085 352 2152 365 -
2190 326 2341 391 TIT.
2379 324 2590 386 XXIV.

3350 324 3490 386 1190

214 442 432 513 μέλλων
498 439 695 503 αὐτοὺς
759 440 1022 510 βαπτίσαι
1091 441 1566 512 τριακονθήμερον
1622 441 1806 503 αὐτοῖς

1920 440 2190 494 memoriae
2247 441 2518 508 proditum
2571 448 2676 492 est.
2715 433 2976 490 Neutrum
3025 443 3205 489 autem
3246 436 3498 496 istorum

209 531 452 595 ἐπέταξε
481 531 760 600 νηστείαν,
800 533 876 595 ὡς
905 534 1008 585 κᾶν
1035 533 1152 595 ταῖς
1199 531 1553 603 ’Δρμενικαῖς
1597 533 1798 598 ἀναγὲ-

1925 535 2230 602 ejuniorum
2264 530 2591 584 Artzibnrtzi
2620 537 2874 583 vocatum
2904 535 3009 581 est.
3072 525 3210 582 Hinc
3236 527 3364 582 item
3401 525 3500 579 de-

209 640 460 695 γραπται
495 623 722 692 βίϐλοις,
757 625 851 676 καὶ
881 623 1108 693 οὐδεμία
1142 622 1350 676 τούτων
1391 626 1425 694 ἡ
1452 624 1544 678 τοῦ
1585 623 1800 695 Ἀρτζι-

212 714 458 787 ϐούρτζη
510 715 680 768 ἐστίν.
727 713 1189 784 ’Δνατρεπόμενοι
1249 716 1308 769 δὲ
1358 716 1654 770 κάντεῦθεν
1706 715 1798 770 τοῦ

216 807 466 878 μεγάλου
501 805 920 859 Κωνσταντίνου
949 807 1154 876 ταύτην
1191 805 1332 862 εἶναί
1360 825 1544 877 φασιν,
1577 811 1641 879 ἣν
1673 809 1801 878 ἐνή-

215 915 414 951 στευσε
448 895 814 966 βαπτισθῆναι
875 897 1107 968 μέλλων.
1156 901 1266 953 Καὶ
1317 900 1476 953 τοῦτο
1521 901 1578 953 δὲ
1625 902 1800 972 πάντη

213 987 438 1057 ψευδές.
474 985 544 1039 Τί
590 988 700 1056 γὰρ
735 987 870 1056 πρὸς
899 987 1032 1057 ὃλην
1073 987 1171 1058 τὴν
1218 991 1544 1061 οίκουμένην
1575 993 1608 1062 ή
1648 991 1803 1062 βασι-

215 1081 360 1142 λέως
395 1079 515 1142 ἑνὸς
552 1077 812 1147 motata;
845 1078 970 1141 Πῶς
996 1078 1052 1130 δὲ
1085 1082 1178 1132 καὶ
1211 1080 1388 1142 οὐδεὶς
1414 1082 1522 1135 τῶν
1552 1085 1691 1152 μετὰ
1713 1083 1804 1138 τὸν

216 1173 418 1241 Μέγαν
461 1169 867 1224 Κωνσταντῖνον
921 1171 954 1241 ἢ
1008 1172 1305 1240 συνόδωνῆ
1344 1172 1606 1244 Πατέρων
1646 1174 1806 1237 ἄλλος

223 1264 397 1330 ἁγίων
430 1261 622 1330 μνείαν
657 1260 829 1330 αὐτῆς
856 1261 1188 1329 ὲποιήσατο;
1227 1259 1429 1314 Τοῦτον
1466 1262 1522 1315 δὲ
1559 1262 1652 1316 τὸν
1680 1264 1807 1334 τρό-

223 1370 330 1406 πον
355 1352 546 1407 ἄλλοτε
587 1350 722 1403 ἄλλα
754 1350 1028 1419 λέγοντες,
1082 1356 1178 1404 καὶ
1219 1354 1496 1423 πανταχοῦ
1552 1371 1806 1426 περιτρε-

221 1445 479 1514 πόμενοι,
543 1444 639 1496 καὶ
694 1441 892 1512 στῆναι
957 1441 1186 1512 βεϐαίως
1234 1443 1296 1496 οὐ
1343 1445 1804 1516 συγχωρούμενοι,

218 1535 465 1590 διδόασιν
486 1534 622 1603 ἡμῖν
647 1533 869 1595 ἐννοεῖν,
888 1533 968 1585 ὅτι
998 1530 1228 1604 βδελυρά
1254 1533 1335 1596 τίς
1357 1535 1505 1588 ἐστιν
1525 1537 1558 1605 ή
1583 1537 1804 1608 τοιαύτη

219 1624 453 1695 νηστεία
506 1625 604 1677 καὶ
647 1622 848 1684 ἀναξία
879 1625 1274 1695 Χριστιανικῆς
1324 1628 1515 1698 ἀκοῆς.
1573 1627 1717 1696 Ἐγὼ
1749 1631 1806 1684 δὲ

219 1715 468 1770 τοιοῦτόν
514 1732 568 1768 τι
614 1718 744 1786 περὶ
775 1717 983 1787 ταύτης
1028 1718 1270 1788 ἀκήκοα,
1321 1719 1405 1773 ὅτι
1455 1721 1680 1791 Σέργιός
1724 1739 1809 1784 τις

216 1805 543 1868 διδάσκαλος
558 1805 659 1874 τῆς
695 1802 1033 1875 Ἀρμενικῆς
1061 1805 1328 1875 αἱρέσεως
1344 1807 1658 1877 γενόμενος,
1689 1804 1804 1879 εἶχε

222 1897 367 1950 κύνα
395 1894 736 1966 καλούμενον
774 1893 952 1958 οὕτως
1009 1893 1477 1966 Ἀρτζιὸούρτζην
1510 1913 1525 1928 ο
1563 1898 1715 1968 δηλοῖ
1750 1899 1806 1951 δὲ

221 1990 257 2058 ἡ
293 1987 441 2052 λέξις
469 1988 561 2040 τὸν
614 1987 1043 2056 Προμιτάτωρα.
1079 1985 1269 2056 Τούτῳ
1320 1990 1534 2059 μηνυτῇ
1585 1989 1679 2040 καὶ
1709 2005 1807 2058 ση-

227 2082 462 2150 μάντορι
509 2079 609 2149 τῆς
653 2077 950 2148 ἐπιδημίας
999 2077 1165 2131 αὑτοῦ
1216 2078 1480 2142 πολλάκις
1510 2082 1537 2132 ὁ
1579 2080 1808 2150 Σέργιος

220 2172 494 2241 ἐκέχρητο
540 2171 696 2241 παρὰ
727 2169 983 2239 δαίμονος
1013 2169 1414 2240 ὲνεργουμένῳ,
1445 2172 1662 2242 μέλλων
1685 2174 1809 2226 ἑπι-

219 2260 471 2332 δημῆσαί
503 2277 612 2313 τινι
644 2260 756 2314 τῶν
783 2259 1117 2329 Δπολυχνίων,
1153 2261 1458 2330 ῆ.κωμῶν,
1511 2263 1543 2333 ἦ
1587 2263 1808 2333 χωρίων

221 2354 282 2406 ὲν
313 2347 398 2417 οἷς
447 2351 626 2424 ᾧκουν
679 2353 729 2405 oi
790 2351 1033 2421 μαθηταὶ
1066 2351 1163 2404 καὶ
1218 2353 1438 2420 μέτοχοι
1491 2352 1591 2423 τῆς
1626 2354 1807 2426 λύμης

222 2443 416 2499 αὐτοῦ.
472 2444 584 2497 Καὶ
617 2443 708 2496 ὅτε
757 2443 854 2496 τὸν
900 2441 1038 2496 κύνα
1089 2441 1282 2496 τοῦτον
1323 2440 1486 2510 εἶδον,
1528 2445 1810 2516 ἐξεχέοντο

229 2539 368 2607 μετὰ
405 2535 535 2606 μίαν
565 2535 778 2606 ἡμέραν
807 2533 914 2604 πρὸ
947 2535 1145 2601 μιλίων
1183 2534 1348 2589 τινῶν
1391 2538 1470 2600 είς
1501 2538 1808 2610 ἀπάντησιν

224 2630 322 2682 τοῦ
348 2628 697 2682 διδασκάλου.
751 2627 888 2680 Ποτὲ
939 2627 998 2680 δὲ
1047 2628 1184 2700 πρὸς
1231 2629 1330 2699 τὴν
1366 2631 1574 2702 συνήθη
1602 2633 1808 2704 ταύτην

227 2721 576 2792 λειτουργίαν
601 2722 630 2773 ὁ
651 2719 805 2772 κύων
839 2719 1182 2789 ἐκπεμφθεὶς
1211 2720 1317 2774 ὑπὸ
1347 2721 1806 2797 λύκωνέϐρώθη,

229 2811 324 2866 καὶ
369 2811 510 2882 μετὰ
553 2810 654 2881 τὴν
682 2808 945 2862 ὶπιοῦσαν
989 2809 1209 2879 ἡμέραν
1247 2811 1496 2868 ὲδάδισεν
1527 2816 1556 2868 ό
1585 2817 1810 2888 Σέργιος

228 2902 316 2974 ἐφ’
354 2902 450 2966 οὒς
497 2901 792 2956 ἀπέστειλε
823 2901 915 2954 τδν
947 2900 1108 2956 κύνα.
1156 2903 1406 2972 Μηδενὸς
1452 2906 1510 2959 δὲ
1546 2911 1690 2962 κατὰ
1719 2910 1811 2963 τὸν

228 2994 407 3050 τύπον
448 2995 999 3066 προῦπαντήσαντος,
1029 2993 1440 3067 ὲδεινοπάθησε,
1488 2999 1582 3052 καὶ
1617 3001 1809 3074 ἐπιδη-

1905 623 2042 692 pulsi
2073 621 2261 676 dicunt
2313 635 2432 675 esse
2480 619 2745 690 jejunium
2800 616 3165 682 Constantini,
3227 617 3367 684 quod
3407 614 3500 668 ille

1903 713 2137 769 servavit
2165 712 2284 767 eam
2345 721 2489 766 esset
2519 711 2844 779 baptismum
2893 720 3265 786 suscepturus.
3301 706 3364 760 Et
3395 708 3501 781 hoc

1904 805 2064 875 plane
2095 804 2290 858 falsum
2319 814 2398 858 est
2425 821 2437 856 :
2469 803 2598 872 quid
2628 802 2771 856 cnim
2801 801 2961 855 unius
2989 801 3338 870 imperatoris
3360 789 3499 868 ieju-
3577 825 3579 827 ι
3619 832 3626 835 -

1908 898 2053 950 nium
2087 898 2320 966 pertinet
2353 897 2418 950 ad
2450 895 2757 949 universam
2809 892 3108 950 Ecclesium
3139 891 3162 946 2
3194 917 3196 919 >
3225 892 3495 952 Praeterea

1906 992 1949 1044 si
1973 991 2043 1044 ita
2077 1004 2163 1044 rcs
2194 997 2299 1054 est,
2329 1003 2428 1043 cur
2454 987 2615 1056 hujns
2636 987 2830 1056 jejnnii
2850 977 2958 1040 nec
2987 970 3154 1039 ullum
3184 968 3497 1048 concitaum,
3538 987 3580 1052 ,λ

1907 1098 2008 1138 nec
2058 1090 2371 1136 sanctorum
2407 1081 2629 1134 Patrum
2659 1078 2923 1148 quispiam
2959 1078 3284 1132 mentionem
3329 1077 3502 1142 fecit?
3547 1093 3560 1102 κ

1907 1175 2040 1231 Cum
2073 1173 2237 1243 igitur
2263 1173 2334 1237 ita
2373 1187 2432 1228 se
2459 1180 2668 1243 gerant,
2695 1179 2750 1225 et
2789 1170 2949 1224 modo
2986 1171 3108 1235 huc,
3149 1169 3311 1225 modo
3374 1157 3502 1222 illuc

1909 1281 2028 1322 sese
2054 1274 2400 1330 convertant,
2440 1280 2540 1319 nec
2577 1264 2878 1319 consistere
2915 1263 3146 1326 valeant,
3186 1261 3496 1316 facerenon

1909 1375 2222 1430 possumus,
2255 1359 2384 1427 quin
2416 1357 2755 1426 suspicemur
2792 1342 3080 1424 jejunium
3117 1353 3260 1408 istud
3334 1367 3498 1406 exse-

1909 1450 2170 1504 crandum
2203 1462 2328 1503 esse
2357 1456 2412 1502 et
2438 1446 2766 1502 Christianis
2796 1445 3019 1499 auribus
3061 1444 3316 1514 indignor:
3337 1475 3370 1501 ,ι
3393 1442 3501 1511 ligo

1909 1548 2088 1594 autem
2113 1538 2195 1594 sic
2223 1539 2288 1592 de
2325 1537 2414 1592 illo
2445 1535 2858 1606 accepi,'fuisse
2889 1535 3140 1604 Sergium
3188 1536 3498 1608 quemdam,

1908 1633 2211 1686 Armenica
2243 1630 2467 1684 haeresis
2492 1629 2793 1690 doctorem,
2825 1627 2915 1696 qui
2966 1640 3089 1680 cum
3149 1617 3374 1680 haberet
3404 1627 3531 1688 ea;-

1913 1741 2058 1790 nein,
2108 1724 2190 1778 cui
2229 1736 2421 1778 nomen
2456 1722 2557 1774 hoc
2585 1719 2915 1774 Artziburtzi
2946 1717 3318 1787 imposuisset,
3372 1719 3538 1791 eum}

1910 1831 1941 1871 a
1975 1816 2218 1870 daemone
2278 1822 2486 1868 rectum
2532 1811 2742 1866 itineris
2770 1809 2855 1864 sui
2898 1808 3090 1863 ducem
3119 1817 3177 1862 et
3245 1816 3502 1876 tanquam

1912 1905 2283 1964 consiliarium
2306 1905 2564 1968 habebat,
2615 1903 2832 1973 quoties
2873 1903 2939 1958 ad
2968 1902 3249 1972 Oppidum,
3288 1909 3379 1953 aut
3409 1915 3506 1968 pa-

1909 2015 2057 2069 gum,
2093 2006 2186 2052 aut
2221 1996 2407 2051 urbem
2441 1995 2675 2065 aliquam
2721 2003 2841 2050 erat
2869 1994 3234 2064 profecturus.
3268 1995 3338 2065 in,
3375 1993 3502 2062 qui-

1909 2093 2011 2148 bus
2046 2090 2307 2146 doctrinae
2334 2103 2444 2143 sua:
2494 2087 2766 2157 pestifera:
2791 2085 3041 2156 discipuli
3089 2081 3422 2154 habitabant,
3449 2095 3508 2141 et

1909 2201 2032 2242 rum
2069 2183 2218 2238 illum
2253 2197 2442 2237 canem
2477 2182 2803 2250 aspicerent,
2845 2187 2966 2248 post
2993 2178 3345 2234 diem‘unum
3408 2178 3508 2232 ali-

1910 2285 2040 2348 quot
2056 2280 2319 2345 passuum
2336 2271 2569 2326 millibus
2591 2271 2804 2325 obviam
2828 2269 3087 2339 magistro
3110 2269 3497 2339 procedebant.

1915 2366 2114 2422 Verum
2150 2378 2270 2417 cum
2305 2361 2594 2436 aliquando
2622 2360 2688 2413 ad
2725 2359 2852 2413 illud
2883 2374 3079 2412 munus
3123 2359 3278 2413 canis
3318 2359 3534 2412 mittea‘

1912 2471 2086 2524 retur,
2123 2472 2151 2510 a
2181 2455 2320 2524 lupis
2350 2454 2642 2510 devoratus
2671 2461 2794 2518 est;
2855 2450 3117 2521 postridie
3172 2458 3349 2504 autem
3381 2463 3502 2504 cum

1911 2554 1978 2607 ad
2011 2564 2104 2606 eos
2134 2546 2358 2616 Sergius
2377 2544 2842 2615 proﬁcisceretur,
2867 2541 2931 2595 ad
2966 2555 3104 2611 quos
3132 2555 3318 2595 canem
3339 2543 3504 2594 inise-

1913 2653 2018 2708 rat,
2049 2649 2103 2696 et
2135 2653 2291 2692 nemo
2340 2638 2406 2691 de
2445 2650 2598 2690 more
2631 2635 2839 2688 veniret
2893 2633 3130 2697 obviam,
3199 2631 3508 2700 indignatus

1911 2745 2016 2800 est,
2050 2745 2280 2802 cumque
2312 2731 2378 2785 ad
2429 2729 2551 2783 illos
2608 2727 2966 2795 pervenisset,
3014 2724 3508 2794 intellexissetquv,

1912 2842 2100 2886 canem
2135 2836 2529 2897 prazcnrsorem
2578 2835 2736 2874 suum
2789 2818 2854 2873 ad
2899 2832 2994 2873 eos
3018 2831 3128 2872 non
3183 2817 3505 2883 accessiss»,

1912 2921 2083 2986 misit,
2117 2917 2207 2987 qui
2266 2915 2414 2971 illum
2447 2919 2775 2981 quaererent,
2827 2910 2921 2964 sed
2972 2923 3094 2964 curn
3155 2923 3222 2963 ex
3287 2907 3505 2962 ossibus

1917 3011 2149 3069 inventis
2181 3008 2513 3079 agnovisset,
2538 3019 2660 3058 eum
2692 3017 2723 3056 a
2785 3001 2924 3071 lupis
2954 3001 3121 3055 fuisse
3161 2999 3506 3065 dilaniatum,

232 3091 418 3160 μήσας
444 3090 647 3152 αὐτοῖς,
673 3085 862 3157 ἐπειδὴ
894 3086 1245 3157 μεμάθηκεν,
1265 3088 1350 3142 ὅτι
1381 3090 1442 3143 οὐ
1469 3095 1812 3164 ⁴παρεγένετο

1922 3103 2121 3160 indixit
2159 3097 2415 3156 omnibus
2447 3095 2719 3149 Armeniis
2747 3092 3012 3162 jejunium
3037 3106 3134 3158 pro
3159 3090 3308 3144 canis
3329 3089 3513 3156 obitu,

229 3184 368 3253 πρὸς
408 3182 614 3246 αὐτοὺς
648 3182 675 3234 ὁ
705 3180 1019 3250 πρόδρομος
1047 3179 1215 3233 αὐτοῦ
1247 3181 1416 3249 κύων,
1453 3183 1703 3256 ἔπεμψεν
1733 3191 1818 3252 είς

229 3279 594 3350 ἀναζήτησιν,
619 3281 712 3329 καὶ
733 3272 983 3341 διαγνοὺς
1013 3273 1176 3326 αὐτὸν
1200 3275 1307 3328 ἀπὸ
1336 3277 1436 3345 τῆς
1472 3277 1580 3331 τῶν
1609 3279 1814 3338 ὀστέων

233 3373 507 3442 εὑρέσεως
560 3368 904 3438 ).υκόὸρωτον
953 3369 1264 3437 γεγονότα,
1319 3369 1622 3439 προσέταξε
1672 3377 1810 3430 πᾶσι

1915 3192 2213 3264 jussitque,
2245 3201 2300 3243 ut
2330 3187 2592 3256 praeﬁnito
2623 3184 2828 3238 dierum
2861 3182 3036 3253 Spatio
3076 3180 3303 3248 singulis
3352 3181 3512 3234 annis

1920 3289 1974 3341 in
1999 3286 2143 3340 luetn
2178 3293 2232 3338 rt
2263 3280 2516 3351 squalore
2562 3286 2934 3332 versarentur.
2978 3274 3040 3328 Et
3061 3273 3328 3344 jejunium
3379 3272 3513 3328 illud

1917 3376 2245 3433 Artziburtzi
2300 3373 2730 3444 appellaverunt.

233 3469 350 3529 τοῖς
401 3463 715 3536 ’Δρμενίοις
740 3465 1027 3535 νηστεύειν
1087 3465 1227 3533 ὑπὲρ
1256 3464 1359 3533 τῆς
1393 3465 1650 3539 τελευτῆς
1691 3473 1857 3528 αὐτοῦ
1898 3476 1995 3528 καὶ
2029 3474 2325 3543 κατηφιᾷν,
2395 3469 2490 3521 καὶ⁵
2523 3463 2944 3536 σκυθρωπάζειν
2980 3464 3047 3532 ἐφ
3100 3464 3336 3533 ἡμέραις
3380 3463 3515 3531 ὡρι-

239 3562 470 3632 σμέναις
512 3559 636 3612 κατ’
683 3559 954 3622 ἐνιαυτὸν,
1013 3560 1108 3612 καὶ
1160 3556 1259 3628 τὴν
1313 3560 1570 3627 νηστείαν
1617 3567 1821 3636 ταύτην
1873 3560 2636 3639 ’Δρτζιϐούρτςηνώνόμασε.

817 3674 1068 3728 ΤΙΤΛΟΣ
1107 3676 1232 3728 KA'.

232 3765 397 3821 Κατὰ
424 3763 544 3818 τῶν
568 3764 1366 3834 λεγομένωνῄηαυλικιάνων
1419 3767 1486 3820 ἐκ
1531 3765 1647 3819 τῶν
1699 3773 1819 3823 Φω-

304 3839 442 3891 τίου
474 3835 579 3888 τοῦ
597 3832 1056 3903 μακαριωτάτου
1088 3834 1461 3905 πατριάρχου
1494 3841 1819 3893 Κωνσταν-

305 3907 736 3970 τινουπόλεως.

304 4015 601 4084 Σαμόσατα
623 4013 776 4076 πόλις
805 4012 922 4066 ἐστὶ
959 4013 1056 4084 τῆς
1095 4013 1315 4084 Συρίας,
1352 4014 1476 4069 καθ’
1536 4011 1602 4086 ἧς
1654 4017 1822 4074 πάλαι

233 4107 297 4161 τὸ
315 4105 634 4176 Μανιχαίων
661 4104 1002 4176 εἰσεκώμασε
1029 4105 1306 4177 φρόνημα.
1352 4107 1494 4180 Γυνή
1530 4110 1584 4162 δέ
1621 4127 1705 4174 τις
1759 4114 1818 4167 ὲν

234 4203 409 4273 ταύτῃ
433 4202 734 4272 Καλλινίκη
765 4201 1004 4273 τοῦνομα
1031 4203 1125 4256 τὸν
1181 4204 1437 4276 βόρϐορον
1479 4206 1579 4278 τῆς
1641 4209 1817 4264 Mam-

234 4296 433 4367 χαῖκῆς
458 4295 723 4365 αἱρέσεως
751 4294 868 4347 ὅλον
913 4294 1198 4358 ὲκπιοῦσα,
1245 4298 1339 4350 δύο
1381 4298 1554 4351 τίκτει
1601 4302 1816 4371 παῖδας,

238 4386 451 4441 Παῦλον
481 4387 576 4439 καὶ
622 4380 1065 4454 Ἰωάννην.οῦτοι
1090 4387 1189 4456 τὴν
1216 4388 1430 4459 μητέρα
1457 4388 1816 4460 ζηλώσαντες,

2455 3667 2756 3728 TITULUS
2787 3667 2981 3724 XXIV.

1916 3772 2173 3826 Aduersus
2208 3765 2574 3824 Paulicianos.
2605 3777 2670 3816 ea:
2698 3761 2905 3829 scriptis
2969 3759 3151 3814 Pltotit'
3187 3762 3511 3828 patriarcha:

2416 3831 3012 3898 Constantinopolitant‘.

1996 4019 2273 4078 Samosata
2309 4029 2390 4072 est
2449 4016 2703 4084 oppidum
2733 4013 2923 4085 Syriae,
2994 4012 3176 4084 inqua
3234 4016 3506 4084 quondam

1925 4111 2097 4182 viguit
2122 4126 2276 4165 error
2329 4108 2770 4163 Manichmornm.
2823 4108 2881 4162 In
2911 4109 3012 4164 hoc
3066 4110 3262 4180 oppido
3320 4109 3513 4161 mulier

1927 4203 2171 4272 quaedam
2209 4199 2312 4254 fuit
2369 4199 2589 4253 nomine
2641 4197 2922 4255 Callinice.
2992 4199 3116 4254 llaec
3172 4216 3292 4254 cum
3337 4209 3508 4254 totum

1928 4293 2347 4349 Manichaeorum
2379 4291 2544 4344 lutum
2602 4291 2890 4355 hausisset,
2942 4294 3074 4348 duos
3103 4293 3310 4362 peperit
3369 4292 3511 4348 tilios

1929 4385 2153 4440 Paulum
2186 4393 2239 4439 et
2289 4384 2574 4448 Joannem,
2631 4384 2721 4452 qui
2763 4391 2990 4438 matrem
3051 4383 3242 4438 imitati
3304 4398 3513 4438 merum

237 4476 475 4546 ᾶκρατον
499 4479 596 4543 τῆς
628 4475 965 4538 ἁποστασίας
993 4474 1197 4544 ταύτης
1227 4479 1320 4531 τὸν
1353 4478 1431 4532 ἰὸν
1455 4481 1812 4549 είσεδέξαντο.

1928 4479 2081 4533 istius
2120 4477 2400 4547 apostasia:
2433 4490 2696 4529 venenum
2748 4474 3019 4530 biberunt.
3045 4473 3152 4529 Hos
3195 4475 3387 4543 reliqui
3422 4493 3516 4527 vc-

241 4567 577 4636 Θεασάμενοι
599 4567 656 4619 δὲ
684 4565 909 4629 τούτους
939 4568 988 4619 oi
1025 4569 1424 4622 συναποστάται
1465 4571 1822 4643 διαφέροντας

239 4661 332 4714 ἐπὶ
352 4663 417 4730 τῇ
439 4659 728 4730 δυσσεὸείᾳ
751 4659 846 4711 καί
871 4659 1255 4731 δραστηρίους,
1288 4661 1538 4732 κήρυκας
1584 4665 1822 4734 προβάλ-

240 4752 422 4807 λονται
476 4753 569 4806 καὶ
604 4754 1019 4824 μυσταγωγούς.
1047 4745 1207 4807 Οὗτοι
1238 4755 1414 4810 δὲκαὶ
1465 4756 1598 4810 ἄλλα
1639 4777 1825 4830 προσε·

241 4844 597 4914 πινοήσαντες
625 4844 825 4909 ἄτοπα,
850 4844 944 4898 καὶ
981 4845 1175 4917 μιαρὰ,
1209 4847 1301 4899 καὶ
1329 4847 1547 4918 ὀλέθρια
1580 4851 1842 4920 δόγματα

241 4935 339 5006 τὴν
370 4936 478 4988 τῶν
513 4937 889 4989 Παυλικιάνων
921 4937 1130 5007 αἵρεσιν
1158 4939 1576 5008 συνεστήσαντο,
1631 4945 1826 5012 μοῖραν

246 5026 345 5096 μὲν
371 5025 472 5095 τῆς
497 5027 808 5097 Μανιχαίων
840 5028 1034 5096 μανίας
1065 5023 1251 5090 οὖσαν,
1286 5029 1398 5081 τισὶ.
1416 5028 1472 5082 δὲ
1491 5031 1827 5101 προσθήκαις

243 5117 692 5186 ωναυξηθεῖσαν.
723 5117 857 5171 Ἀπὸ
885 5119 1088 5171 τούτων
1117 5119 1174 5171 δὲ
1200 5119 1306 5172 τῶν
1329 5118 1441 5186 δύο,
1480 5121 1689 5174 Παύλου
1731 5126 1829 5176 καὶ

251 5210 524 5277 Ἰωάννου,
560 5213 670 5272 τοῖς
704 5211 972 5281 μαθηταῖς
1002 5211 1179 5264 αὐτῶν
1231 5213 1264 5282 ἡ
1323 5216 1678 5284 προσωνυμία
1720 5215 1830 5270 τῶν

240 5301 898 5370 Παυλικιάνωνὲπετέθη,
953 5301 1268 5356 συντεθεῖσα
1323 5303 1828 5376 βαρῦαρικώτερον,

239 5395 336 5447 καὶ
358 5393 481 5446 ἀντὶ
506 5393 599 5445 τοῦ
652 5393 1058 5446 ηαυλοῖωάνναι
1113 5393 1466 5448 Παυλικιάνοι
1529 5400 1819 5467 κατονομά-

240 5487 443 5551 ζονται.
479 5485 684 5555 Χρόνου
730 5486 785 5538 δὲ
836 5485 1210 5557 διαρρυέντος,
1267 5487 1456 5557 ἕτερον
1504 5489 1715 5553 ἑαυτοῖς
1765 5491 1828 5543 τὸ

236 5581 336 5647 τῆς
363 5577 698 5640 ἁποστασίας
745 5577 1018 5645 συνέδριον
1063 5579 1428 5650 χειροτονοῦσι
1485 5581 1823 5647 διδάσκαλον,

240 5667 294 5730 ὃς
332 5669 732 5730 Κωνσταντῖνος
759 5669 1158 5739 ὀνομαζόμενος
1187 5671 1266 5734 εἰς
1293 5671 1586 5724 Σιλουανον
1631 5673 1825 5726 ἑαυτὸν

242 5760 614 5830 μετωνόμασε,
647 5761 737 5813 καί
764 5777 823 5830 γε
867 5761 1054 5817 τοῦτον
1085 5762 1265 5831 πολλῷ
1323 5763 1431 5819 τῶν
1490 5764 1823 5832 Καλλινίκης

1929 4570 2107 4624 ritatis
2142 4572 2439 4623 desertores
2467 4569 2761 4637 conspicati
2801 4568 3084 4639 impietate
3135 4569 3385 4632 eximios,
3434 4579 3516 4620 at-

1929 4677 2032 4730 que
2063 4669 2400 4730 prmstantes,
2441 4673 2503 4712 ac
2531 4667 2803 4724 strenuos,
2837 4659 3234 4713 constituerunt
3257 4673 3351 4712 eos
3376 4673 3511 4726 pra:-

1929 4768 2094 4809 cones
2118 4761 2172 4806 et
2201 4752 2391 4806 duces.
2423 4751 2511 4804 Isti
2536 4766 2654 4802 cum
2681 4749 2782 4804 alia
2808 4749 3039 4804 absurda
3087 4759 3141 4803 et
3181 4750 3512 4803 exsecranda

1929 4861 1992 4899 ac
2024 4846 2320 4913 perniciosa
2343 4847 2617 4915 dogmata,
2639 4850 2747 4895 tum
2778 4841 3212 4896 Paulicianorum
3237 4841 3515 4907 haeresim,

1931 4952 2048 5005 quae
2089 4936 2506 4991 Manichaeorum
2566 4934 2788 4987 insaniae
2817 4947 2941 5002 pars
2974 4943 3077 4994 est,
3110 4943 3163 4985 et
3191 4932 3514 5000 quibusdam

1930 5028 2092 5078 etiam
2152 5025 2552 5080 accessionibus
2589 5023 2939 5088 cumulatior,
2991 5023 3384 5091 excogitarnnt.
3442 5024 3516 5078 Ex

1931 5114 2138 5169 duobus
2163 5124 2342 5167 autem
2378 5113 2494 5168 istis
2531 5113 2848 5167 numinibus
2878 5113 3044 5167 Paulo
3073 5124 3126 5168 et
3151 5113 3356 5167 Joanne
3384 5113 3520 5166 l’an-

1933 5209 2248 5263 licianorum
2279 5208 2594 5263 vocabulum
2617 5210 2848 5264 barbare
2869 5224 2998 5262 sane
3025 5211 3383 5277 compositum
3414 5219 3518 5272 est,

1936 5310 1994 5356 ut
2026 5317 2146 5357 cum
2179 5300 2602 5357 Pauli-Joannes
2630 5302 2893 5374 appellari
2931 5302 3183 5364 debeant,
3219 5300 3520 5356 Paullciani

1935 5393 2298 5449 nominentur.
2331 5392 2436 5448 Sed
2465 5395 2720 5462 temporis
2738 5409 3021 5465 progressu
3047 5393 3210 5448 alium
3258 5393 3360 5450 sibi
3393 5410 3521 5463 apo-

1936 5486 2119 5541 Stasia:
2151 5485 2354 5540 socium
2398 5494 2453 5541 ct
2486 5488 2800 5558 magistrum
2832 5489 3222 5554 adhibuerunt,
3277 5487 3365 5558 qui
3394 5503 3519 5544 cum

1935 5589 2221 5634 vocaretur
2247 5578 2667 5645 Constantinus,
2707 5580 2877 5635 voluit
2916 5581 3188 5650 Sylvanus
3236 5581 3516 5652 appeltari.

1934 5670 2002 5725 Et
2031 5671 2173 5726 hunc
2200 5669 2416 5742 quidem
2461 5671 2745 5741 apustasiae
2787 5671 3048 5726 sa'ellites
3091 5671 3364 5726 Callinica:
3398 5670 3447 5723 (il
3477 5685 3520 5724 ιε

1936 5767 2090 5833 longe
2111 5774 2466 5834 anteponunt.
2495 5763 2704 5835 Quippe
2727 5764 2818 5834 qui
2857 5773 2914 5821 ut
2937 5765 3308 5821 astutissimus
3337 5765 3403 5819 ad
3432 5779 3516 5826 ea.
