4012 6216
512 296 646 362 1101

1737 278 2125 342 EUTHYMII
2168 276 2535 337 ZIGABENI

3656 265 3809 329 1192

508 433 627 487 qua:
659 410 942 472 sentiebat,
967 401 1331 477 propaganda,
1368 414 1470 453 non
1500 406 1583 450 est
1613 410 1777 449 ausus
1806 392 2089 461 opiniones

2202 390 2396 441 παίδων
2442 389 2491 439 οἱ
2528 386 2626 456 τῆς
2675 382 3011 446 ἀποστασίας
3060 382 3400 435 ὑπασπισταὶ
3444 381 3807 451 ἐπίπροσθεν

507 482 787 563 Ιιωιθειίοιις
820 497 1181 553 monumentis
1214 493 1447 551 tradere,
1490 489 1579 541 sed
1609 501 1706 539 usu
1754 493 1810 536 et
1864 482 2081 537 assidua

505 599 750 655 doctrina
790 591 1079 652 discipulos
1112 598 1237 647 suos
1270 580 1543 642 erudiens,
1586 574 1877 643 impietatis
1930 569 2082 622 insti-

508 700 618 741 tuta
659 685 725 738 ab
753 677 1150 751 Oppugnatione
1183 681 1293 726 tuta
1340 681 1559 723 servare
1590 674 1824 719 conatus
1850 669 1951 715 est.
1985 659 2079 711 At-

505 794 609 849 que
640 772 984 845 Evangelium
1019 768 1233 835 quidem
1264 772 1320 817 et
1350 758 1685 828 Apostolum,
1740 770 1860 824 quae
1911 754 2081 849 ﬁdelis

504 846 667 923 etiam
707 863 1139 921 Christianorum
1179 854 1410 925 populus
1444 850 1821 918 complectitur
1854 857 1904 900 et
1930 846 2080 910 colit,

502 962 700 1028 scripti
736 952 1031 1025 prOposnit,
1073 950 1206 1005 nihil
1239 946 1521 1000 admodum
1556 952 1811 1010 quautmn
1839 940 1903 992 ad
1961 953 2082 992 ver-

504 1055 571 1106 ba
607 1051 859 1121 pertinet,
886 1056 1117 1105 mutans,
1138 1055 1258 1103 nec,
1281 1036 1731 1106 quemadmodum
1757 1033 1863 1100 egit
1892 1031 2085 1083 Valen-

506 1150 649 1198 tinus
702 1150 754 1193 et
812 1139 929 1201 alii,
997 1132 1261 1187 sermonis
1324 1130 1543 1197 ﬁguram
1607 1134 1935 1193 pervertens,
1989 1121 2083 1174 sed

506 1237 675 1304 ipsmn
710 1232 922 1299 pietatis
962 1241 1182 1280 sensum
1247 1226 1572 1285 detorquens
1638 1225 1798 1282 atquc
1857 1212 2089 1278 perfrin-

505 1342 653 1395 gens,
678 1335 731 1377 ct
769 1324 833 1373 ad
870 1316 1147 1385 apostasia:
1182 1326 1290 1365 sua:
1320 1308 1628 1377 Opinionem
1670 1312 1989 1357 comertens
2030 1312 2083 1354 et

504 1391 745 1471 trahens.
774 1413 850 1466 Ac
879 1410 1039 1463 verba
1068 1404 1305 1474 quidem,
1346 1400 1679 1457 indiximus,
1706 1394 1869 1448 divini
1904 1391 2079 1445 Evam

502 1509 625 1578 gelii
650 1513 704 1559 et
735 1499 996 1570 Apostoli,
1025 1494 1400 1553 concessitﬁtt
1431 1486 1769 1547 habereut,ct
1827 1479 1956 1533 nihil

503 1567 1083 1668 pudenter—subtraxit
1141 1592 1233 1636 aut
1285 1578 1563 1649 adjuuxit;
1622 1588 1806 1627 verum
1878 1585 1969 1668 eos
2008 1567 2084 1621 illi

501 1658 699 1742 sensus
729 1678 973 1735 attribuit
1024 1686 1077 1727 et
1113 1668 1564 1729 accommodavit,
1600 1662 1797 1733 quibus
1824 1658 1965 1713 nulla
1993 1672 2084 1711 sa-

507 1794 597 1831 cra
626 1775 785 1828 verba
819 1767 1164 1823 conveniunt.
1202 1765 1446 1829 Pugnant
1474 1760 1616 1812 enim
1655 1761 1795 1809 inter
1829 1768 1908 1815 se,
1975 1765 2093 1803 mu-

506 1880 703 1933 tuoque
738 1876 797 1914 se
830 1866 1095 1919 eveniunt,
1129 1865 1185 1907 ut
1220 1853 1351 1905 nihil
1388 1850 1512 1904 inde
1554 1846 1809 1915 consequi
1861 1857 2089 1933 consen-

504 1932 719 2011 taneum
752 1952 938 2021 possit.
974 1948 1097 2001 llzcc
1126 1946 1213 2000 ille
1264 1946 1363 1997 hoc
1398 1942 1557 1995 modo
1612 1935 1911 1999 constituit,
1974 1932 2092 1985 nul-

507 2049 935 2118 luinqitchgma
977 2041 1081 2094 illis
1140 2048 1330 2108 praeter
1365 2032 1712 2100 Erangelium
1749 2039 1803 2083 et
1866 2025 2091 2080 Paulum

508 2143 690 2210 legere
713 2136 979 2205 permisit.
1022 2130 1219 2185 Verum
1263 2138 1312 2181 et
1360 2127 1461 2178 istc
1489 2131 1610 2193 post
1637 2120 1850 2190 aliquod
1884 2128 2092 2185 tempus

511 2232 738 2294 interiit,
800 2238 854 2283 et
881 2227 1059 2280 anima
1124 2220 1339 2290 quidem
1402 2216 1567 2282 magis
1623 2227 1784 2281 quam
1843 2223 2091 2276 corpore.

510 2328 635 2381 Post
667 2323 957 2392 Sylvanum
988 2315 1203 2369 Simeon
1233 2310 1323 2376 qui
1363 2324 1422 2360 se
1455 2306 1633 2359 Titum
1664 2300 1847 2356 vocari
1886 2299 2092 2363 maluit,

512 2417 615 2469 illis
680 2391 855 2480 impia:
896 2404 1155 2461 doctrina:
1210 2401 1467 2469 magister
1498 2397 1619 2449 fuit.
1678 2392 1880 2447 Deinde
1908 2391 2095 2443 Arme-

514 2509 633 2560 nius
668 2502 883 2572 quidam
914 2497 1133 2551 nomine
1158 2490 1443 2551 Genesius,
1491 2487 1581 2556 qui
1624 2500 1781 2540 suum
1817 2482 1869 2536 in
1911 2480 2095 2534 Timo-

515 2600 692 2653 theum
722 2606 912 2649 nomen
942 2584 1310 2645 commutavit.
1337 2582 1471 2636 Tum
1497 2578 1721 2648 Joseph,
1752 2574 1842 2647 qui
1876 2576 1930 2629 in
1960 2572 2096 2642 Epa-

517 2688 824 2759 phroditum
864 2690 1099 2737 mutatus
1129 2688 1232 2733 est.
1298 2676 1424 2729 Post
1454 2673 1770 2736 Zacharias,
1806 2682 1963 2737 quem
1987 2679 2093 2719 non

519 2785 738 2837 minima
803 2776 1024 2832 haaresis
1070 2787 1197 2843 pars
1257 2766 1653 2823 mercenarium
1704 2762 2000 2825 existimat,
2045 2767 2099 2813 et

516 2867 814 2937 indignum,
849 2864 935 2933 qui
961 2858 1187 2915 docendi
1218 2872 1410 2911 munus
1436 2855 1575 2925 apud
1618 2854 1763 2923 ipsos
1782 2849 2096 2904 obtinuerit.

519 2960 697 3012 Manes
734 2964 991 3024 praetcrea
1029 2951 1190 3004 homo
1219 2948 1469 3003 sordidus
1495 2943 2100 3000 accessit.P0stremum

2194 480 2437 547 ἄγουσιν.
2471 472 2637 539 Οὗτος
2667 475 2732 544 δὴ
2762 469 2914 538 οὗτος
2952 476 2980 526 ὁ
3031 474 3338 533 δεινότατος
3392 473 3808 542 κακουργῆσαι

2193 571 2262 622 τά
2305 568 2602 637 ἁτόλμητα,
2639 568 2705 619 τὰ
2757 566 2855 635 μὲν
2904 565 3159 635 αἱρετικά
3201 564 3536 633 φρονήματι
3606 567 3807 632 γραφῇ

2195 659 2530 731 παραδοῦναι
2559 660 2658 712 οὐκ
2690 659 3004 727 ἐτόλμησεν,
3030 657 3141 709 ἔθει
3179 656 3236 709 δὲ
3274 661 3369 709 καὶ
3432 658 3670 724 συνεχεῖ
3731 656 3811 707 δι-

2197 752 2463 821 δασκαλίᾳ
2492 750 3061 818 κατασφαλισάμενος,
3111 752 3225 809 τοῖς
3285 747 3807 817 μυσταγωγηθεῖσε

2195 847 2444 911 κατέχειν
2475 841 2845 911 ἀπαράτρωτα
2888 839 2955 891 τά
2995 839 3095 908 τῆς
3141 838 3397 901 ἀσεϐείας
3461 856 3811 905 παρακατασ

2194 934 2405 1003 τίθησιν
2432 934 2607 1003 ὄργια.
2635 933 2708 985 Ὶὸ
2742 932 2925 1002 μέντοι
2955 932 3284 999 Εὑαγγέλιον
3349 932 3448 984 καὶ
3481 932 3580 985 τὸν
3638 930 3810 984 ’Λπό-

2198 1025 2399 1086 στολον,
2437 1026 2471 1077 ἀ
2503 1025 2589 1075 καὶ
2621 1026 2680 1076 τὸ
2704 1024 2845 1076 θεῖον
2866 1023 3297 1092 περιπτύσσεται
3333 1024 3432 1076 καὶ
3482 1027 3632 1093 τιμᾷ
3693 1024 3806 1078 τῶν

2197 1114 2537 1184 Χριστιανῶν
2566 1114 2871 1182 σύνταγμα,
2898 1114 3190 1185 ἐγγράφως
3217 1114 3431 1177 τούτοις
3487 1117 3803 1186 παρέθετο,

2195 1210 2306 1269 τοῖς
2340 1210 2544 1277 ῥήμασι
2573 1207 2671 1275 μὲν
2700 1206 2794 1259 καὶ
2821 1206 3079 1275 ὀνόμασιν
3109 1206 3262 1259 οὐδὲν
3292 1208 3442 1274 μέγα
3471 1208 3804 1277 παραλλάτο

2196 1317 2325 1362 των,
2386 1298 2507 1350 οὐδὲ
2568 1297 3040 1365 κατακιϐδηλεύων
3098 1298 3192 1351 τοῦ
3246 1298 3407 1365 λόγου
3456 1300 3520 1351 τὸ
3584 1299 3805 1369 σχῆμα,

2199 1392 2446 1459 καθάπερ
2475 1390 2819 1451 Οὑαλεντίνος
2838 1391 2930 1444 καὶ
2962 1390 3161 1460 ἕτεροι,
3182 1391 3301 1443 ὅλον
3326 1392 3380 1443 δὲ
3406 1393 3501 1443 τὸν
3528 1392 3665 1443 νοῦν
3705 1393 3807 1460 τῆς

2197 1481 2471 1542 εὐσεϐείας
2496 1481 2853 1550 διαστρέφων,
2885 1481 2977 1532 καὶ
3011 1480 3393 1549 καταθραύων,
3457 1484 3559 1533 καὶ
3620 1483 3813 1534 πάντα

2201 1576 2391 1636 ποιῶν,
2418 1576 2511 1626 καὶ
2541 1574 2846 1642 περιέλκων
2875 1572 3011 1641 πρὸς
3037 1573 3099 1624 τὸ
3125 1572 3223 1641 τῆς
3251 1572 3605 1633 ἀποστασίας
3634 1571 3810 1624 αὐτοῦ

2200 1668 2478 1737 φρόνημα.
2511 1668 2616 1718 Καὶ
2645 1666 2710 1717 τά
2737 1667 2835 1733 μὲν
2879 1666 3120 1734 ῥήματα,
3169 1663 3245 1725 ὼς
3302 1664 3553 1733 εἴρηται,
3612 1664 3811 1717 δίδωσι

2198 1760 2447 1828 κατέχειν
2472 1758 2563 1810 τοῦ
2586 1774 2642 1809 τε
2666 1757 2807 1809 θείου
2838 1757 3170 1825 Εὑαγγελίου
3192 1758 3287 1809 καὶ
3313 1755 3405 1808 τοῦ
3444 1755 3810 1818 ’Δποστόλου,

2199 1851 2339 1921 μήτε
2376 1850 2714 1918 προσθήκαις
2752 1848 2889 1916 μήτε
2919 1847 3274 1915 ὑφαιρέσεσιν
3320 1847 3552 1917 ἀναίδην
3604 1848 3809 1917 λυμαι-

2195 1945 2415 2013 νόμενος
2438 1958 2451 1973 °
2478 1941 2784 2010 προσάπτει
2818 1940 2875 1993 δὲ
2909 1939 3118 2002 τούτοις
3170 1941 3267 1992 καὶ
3318 1940 3628 1995 ὑποϐάλλει
3682 1943 3811 2011 νοῇ·

2198 2052 2362 2103 ματα,
2389 2030 2469 2094 οἷς
2505 2032 2735 2102 ἁρμόζει
2772 2032 2870 2100 μὲν
2912 2032 3063 2085 οὐδὲν
3116 2032 3226 2085 τῶν
3289 2033 3452 2101 ἱερῶν
3505 2034 3807 2103 ῥημάτων,

2194 2127 2418 2195 οὐδεμία
2445 2125 2500 2178 δὲ
2532 2125 2743 2187 τούτοις
2791 2125 3083 2178 ἀκολουθία
3119 2127 3394 2196 ἐνορᾶται,
3460 2129 3704 2198 μάχεται
3749 2129 3807 2181 δὲ

2196 2218 2331 2285 πρὸς
2355 2216 2579 2284 ἄλληλα,
2614 2216 2705 2268 καὶ
2726 2215 3197 2269 ἀντικαθίσταται.
3226 2216 3411 2269 Ταῦτα
3450 2216 3589 2284 γοῦν
3612 2236 3805 2287 παρα-

2194 2309 2561 2378 καταθέμενος
2590 2307 2756 2378 μηδὲν
2780 2306 2967 2376 ἕτερον
2988 2307 3167 2359 αὐτῶν
3192 2307 3608 2376 ἀναγινώσκειν
3641 2311 3802 2380 παρὰ

2194 2419 2253 2455 τε
2284 2402 2343 2453 τὸ
2372 2401 2705 2468 Εύαγγέλιον
2727 2402 2822 2453 καὶ
2854 2401 2948 2454 τδν
2992 2401 3316 2455 ’Δπόστολον
3349 2402 3532 2472 δόγμα
3555 2404 3804 2474 ’τίθησιν⁹

2208 2492 2348 2546 Ἀλλ’
2380 2494 2408 2546 ό
2444 2492 2546 2561 μὲν
2579 2495 2717 2561 μετά
2754 2492 2942 2560 χρόνον
2960 2492 3257 2563 άπεφθάρη
3286 2495 3388 2561 τὴν
3418 2495 3610 2565 ψυχὴν
3638 2496 3804 2548 πλέον

2196 2586 2291 2639 τοῦ
2324 2584 2603 2655 σώματος,
2646 2585 2787 2654 με.τά
2817 2585 2873 2638 δὲ
2910 2586 3001 2638 τὸν
3025 2585 3312 2639 Σιλουανὸν
3349 2587 3586 2656 Συμεὼν
3617 2588 3805 2641 αὐτῶν

2197 2679 2291 2734 τοῦ
2330 2678 2622 2742 δυσσεϐοῦς
2684 2677 3061 2731 διδασκαλείου
3112 2679 3458 2749 προΐσταται,
3500 2681 3670 2734 Τῖτον
3708 2682 3806 2734 καὶ

2198 2773 2359 2834 αὐτὸς
2391 2770 2582 2825 ἑαυτὸν
2613 2770 3147 2839 μετονομασάμενος.
3189 2769 3350 2838 Ἑξῆς
3407 2769 3469 2822 δὲ
3505 2770 3803 2841 Ἀρμένιος

2200 2864 2445 2926 Γενέσιος
2501 2860 2757 2932 τοῦνομα,
2808 2858 3166 2929 μετακληθεὶς
3215 2859 3299 2920 εἰς
3359 2860 3661 2930 Τιμόθεον,
3708 2860 3806 2914 καὶ

2202 2957 2460 3026 τέταρτος
2502 2955 2698 3023 Ἰωσὴφ
2729 2954 2758 3005 ὁ
2786 2955 2865 3016 είς
2927 2952 3318 3023 Ἐπαφρόδιτον
3380 2952 3803 3023 μεταᾱϐλημέ-

522 3029 718 3102 malum
747 3042 967 3111 Sergius
1001 3039 1198 3101 attulit,
1226 3038 1318 3107 qui
1348 3036 1456 3091 sibi
1486 3034 1706 3105 Tychici
1740 3046 1934 3088 nomen
1964 3029 2095 3084 asci-

2206 3065 2314 3111 νος.
2352 3044 2483 3102 Εἶτα
2515 3046 2809 3116 Ζαχαρίας,
2840 3045 2899 3097 ὃν
2927 3045 3027 3097 οὐκ
3057 3045 3317 3114 ἐλαχίστη
3367 3045 3538 3114 μοῖρα
3577 3044 3685 3116 τῆς
3714 3045 3806 3097 αἱ·

519 3142 616 3193 vit.
661 3137 740 3191 Ac
794 3132 1111 3188 deiectionis
1163 3130 1380 3199 quidem
1424 3128 1661 3197 ipsorum
1709 3124 1970 3192 magistri,
2037 3137 2105 3177 ex

519 3244 626 3302 quo
649 3228 867 3282 lia-resis
903 3227 1004 3280 ista
1038 3239 1068 3276 a
1114 3222 1282 3277 Paulo
1316 3230 1370 3275 et
1395 3218 1604 3273 Joanne
1662 3232 1959 3286 cognomen
2021 3223 2107 3268 est

520 3329 831 3381 consecuta,
855 3318 919 3369 ad
953 3320 1053 3369 hoc
1079 3327 1249 3380 usque
1279 3321 1492 3378 tempus
1554 3320 1630 3363 tot
1657 3310 2007 3363 exstiterunt.
2036 3306 2105 3359 ll-

521 3413 613 3465 lud
651 3420 830 3462 autem
865 3406 1141 3461 sciendum
1170 3414 1275 3467 est,
1302 3417 1395 3456 eos
1417 3400 1505 3471 qui
1538 3399 1763 3455 haeresis
1789 3399 1946 3454 istius
1978 3409 2095 3453 Stu-

519 3504 659 3558 diosi
688 3509 840 3564 sunt,
877 3499 921 3553 si
949 3498 1070 3567 quis
1095 3502 1618 3567 petat,utauctores
1662 3494 1778 3563 ejus
1810 3491 2105 3561 nugatoria:

519 3606 678 3649 secta:
710 3591 991 3660 repudient
1028 3598 1189 3658 atque
1217 3587 1537 3657 improbent,
1602 3584 1759 3639 facile
1807 3583 2104 3647 Manetem,

519 3698 574 3741 et
612 3685 858 3748 Paulum,
899 3691 951 3737 et
980 3680 1241 3735 Joannem
1272 3686 1326 3732 et
1372 3676 1631 3746 quosdam
1662 3676 1795 3730 alios
1825 3674 2103 3738 detestari,

520 3781 929 3836 Constantinum
953 3788 1154 3839 autem,
1179 3790 1336 3844 quem
1365 3784 1418 3827 et
1473 3771 1766 3841 Sylvanum
1798 3781 2019 3834 vocant,
2051 3781 2107 3826 et

522 3874 827 3929 Simeonem
874 3886 969 3925 seu
984 3869 1183 3932 Titum,
1201 3877 1253 3921 et
1268 3865 1553 3921 Genesium
1568 3863 2105 3928 siveTimotheum,et

521 3967 810 4035 Just-phum
846 3978 939 4017 seu
980 3958 1429 4030 Epaphroditum,
1461 3966 1515 4011 et
1551 3957 1827 4012 sordidum
1871 3956 2102 4012 Baancm

522 4070 576 4113 ct
630 4056 878 4127 Sergium
902 4053 1201 4124 Tychicuiu
1234 4051 1378 4104 nullo
1421 4050 1580 4104 modo
1612 4048 1806 4104 adduci
1841 4063 2001 4117 posse
2046 4058 2105 4103 ut

523 4154 887 4211 detestentur;
926 4146 1055 4214 quin
1092 4144 1256 4198 etiam
1294 4144 1416 4198 illos
1449 4152 1509 4197 ut
1560 4142 1764 4197 Christi
1829 4142 2105 4212 apostolos

522 4241 859 4300 existimare,
919 4248 975 4290 et
998 4247 1255 4303 tanquam
1282 4234 1384 4303 piae
1401 4234 1658 4287 doctrinae
1686 4234 1971 4302 magistros
1988 4249 2103 4285 ain-

524 4331 685 4401 plecti
741 4338 902 4396 atque
965 4326 1268 4394 suscipere.
1336 4323 1446 4378 Nec
1487 4324 1722 4378 universi
1779 4334 1957 4379 tamen
2011 4338 2105 4378 eos

2210 3140 2411 3210 ρέσεῳς
2446 3136 2716 3207 μισθωτόν
2746 3153 2805 3188 τε
2854 3137 3090 3204 ἡγεῖται,
3131 3134 3226 3187 καὶ
3252 3136 3352 3203 τῆς
3400 3132 3805 3203 διδασκαλικῆς

2208 3231 2369 3284 αὑτὸν
2406 3230 2696 3300 προεδρίας
2734 3227 2972 3291 ἀνάξιον.
3016 3226 3215 3289 Ἕκτος
3259 3227 3443 3289 αὐτοῖς
3494 3226 3805 3294 ἐπιγίνεται

2209 3322 2423 3392 Βαάνης
2458 3324 2487 3375 ὁ
2517 3320 2793 3388 ῥυπαρὸς,
2823 3320 2907 3387 ἐφ’
2936 3315 3018 3382 οἷς
3064 3319 3294 3387 ἕϐδομον
3336 3319 3433 3371 καὶ
3484 3318 3804 3372 τελευταῖον

2210 3411 2378 3467 κακὸν
2408 3412 2632 3482 Σέργιος
2670 3410 2967 3479 ἀναφύεται
2992 3428 3007 3442 θ
3045 3411 3123 3473 εις
3146 3410 3384 3480 Τυχικδν
3405 3409 3462 3463 δὲ
3488 3427 3588 3462 και
3647 3406 3802 3473 om

2209 3504 2400 3559 ἑαυτὸν
2427 3504 2811 3573 μετεκάλεσεν.
2878 3500 3023 3556 Ἀλλ’
3067 3503 3117 3554 οἱ
3154 3501 3255 3571 μὶν
3306 3502 3406 3572 τῆς
3450 3502 3803 3565 ἀποστασιας

2209 3596 2390 3650 αὐτῶν
2411 3595 2747 3660 διδάσκαλοι,
2780 3594 2872 3661 ἀφ’
2908 3588 2969 3647 οὗ
3008 3594 3107 3663 τῆς
3140 3593 3352 3647 Παύλου
3391 3596 3489 3648 καὶ
3547 3595 3800 3649 Ἰωάννου

2212 3689 2555 3760 μετωνυμίας
2574 3687 2733 3756 ἔλαχε
2762 3686 2823 3739 τὸ
2846 3685 3207 3738 ἀποστατικδν
3234 3685 3399 3738 τοῦτο
3425 3686 3521 3738 καὶ
3543 3687 3801 3757 μισόχρι-

2210 3802 2330 3836 οτον
2364 3782 2647 3851 σύνταγμα
2683 3782 2842 3850 μέχρι
2872 3779 2965 3832 τοῦ
2994 3777 3114 3831 καθ’
3143 3780 3286 3849 ἡμᾶς
3308 3779 3540 3849 ἥκοντος
3570 3782 3797 3850 χρόνου,

2206 3877 2299 3928 ἐπὶ
2328 3874 2580 3928 τοσοῦτον
2615 3872 2992 3943 προήχθησαν.
3030 3869 3239 3923 Ἐκεῖνο
3279 3871 3335 3921 δὲ
3363 3870 3446 3922 δεῖ
3474 3871 3796 3937 γινώσκειν,

2207 3968 2282 4031 ὡς
2310 3968 2359 4020 οἱ
2386 3965 2479 4020 νῦν
2505 3968 2604 4035 τῆς
2642 3964 2996 4024 ἀποστάσεως
3053 3960 3255 4029 ταύτης
3315 3962 3529 4025 παῖδες,
3570 3962 3796 4015 ἐπειδὰν

2207 4058 2402 4121 αὐτούς
2426 4074 2508 4120 τις
2535 4058 2790 4125 ἁπαιτοίη
2822 4054 2947 4116 τοὺς
2972 4053 3237 4122 ἐξάρχους
3255 4052 3355 4122 τῆς
3385 4053 3648 4123 τοιαύτης
3664 4056 3798 4109 ἀπο-

2206 4145 2517 4217 πέμπεσθαι
2548 4143 2850 4213 βδελυρίας,
2884 4142 3137 4195 Μάνεντα
3172 4143 3294 4210 μὲν,
3318 4145 3410 4195 καὶ
3434 4143 3674 4207 Παῦλον,
3703 4146 3799 4197 καὶ

2220 4240 2493 4305 Ἰωάννην,
2544 4235 2638 4289 καί
2684 4251 2837 4294 τινας
2877 4234 3069 4295 ἄλλους
3112 4231 3408 4301 προθύμως
3462 4232 3799 4302 ἀναθεματί.

2209 4332 2360 4394 ζουσι
2389 4347 2401 4360 ·
2435 4329 2839 4381 Κωνσταντίνον
2866 4327 2923 4378 δὲ
2957 4326 3015 4378 ὃν
3069 4329 3161 4381 καὶ
3192 4327 3479 4379 Σιλουανὸν
3541 4327 3795 4390 καλοῦσι,

525 4437 661 4489 quos
699 4418 1266 4482 commemoravimus,
1292 4418 1495 4486 pariter
1520 4416 1976 4488 complectuntur,
2007 4417 2095 4471 sed

2208 4421 2300 4471 καὶ
2329 4420 2592 4487 Συμεῶνα
2616 4418 2705 4470 τὸν
2741 4419 2919 4483 Τῖτον,
2953 4418 3043 4470 καί
3078 4418 3323 4470 Γενέσιον
3357 4416 3451 4468 τδν
3499 4417 3798 4485 Τιμόθεον,

524 4513 702 4569 cuncti
730 4523 979 4579 tauquam
1013 4509 1143 4565 deos
1173 4508 1648 4563 veneranturillos
1679 4524 1850 4579 usque
1874 4507 1943 4563 ad
1968 4509 2099 4561 Baa—

527 4619 647 4657 nem
677 4611 731 4657 et
777 4602 1048 4669 Sergium.
1078 4598 1204 4653 Post
1233 4608 1412 4652 autem
1446 4598 1499 4651 iu
1526 4598 1663 4653 duas
1718 4608 1900 4669 partes
1966 4614 2100 4653 con-

528 4695 721 4749 trarias
746 4691 930 4755 divisi,
966 4690 1055 4744 alii
1093 4689 1452 4751 Baanetu,alii
1492 4690 1739 4758 Sergium
1768 4689 1823 4743 in
1853 4690 2097 4743 divorum

528 4800 809 4839 munerum
851 4781 1114 4849 referunt,
1151 4796 1257 4851 qua
1283 4780 1500 4850 quidem
1534 4780 1588 4833 iu
1623 4780 1973 4834 contentione
2036 4796 2100 4833 eo

527 4890 697 4943 usque
720 4874 1156 4943 progrediuntur,
1185 4880 1243 4924 ut
1272 4870 1339 4924 ad
1370 4884 1518 4924 arma
1554 4869 1834 4938 aedesque
1859 4872 2099 4924 veniant.

527 4966 634 5021 Sex
670 4973 846 5017 autem
886 4964 1156 5018 Ecclesias
1185 4970 1466 5017 recensent
1490 4976 1638 5023 suas,
1679 4976 1910 5030 quarum
1938 4978 2099 5015 unam

526 5055 892 5109 Mat-edoniam
914 5063 1130 5118 vocant,
1162 5052 1389 5107 alteram
1419 5052 1705 5117 Achaiam,
1735 5052 1953 5107 tertiam
1978 5052 2101 5107 Phi-

526 5145 872 5215 lippensium,
898 5153 1147 5214 quartam
1178 5142 1613 5207 Laodicensium,
1645 5143 1889 5212 quintam
1924 5145 2101 5214 Ephe-

524 5237 750 5304 siorum,
786 5234 1188 5291 Colossensium
1231 5244 1555 5289 extremam.
1602 5232 1798 5290 Verum
1836 5240 1950 5290 hinc
1979 5246 2104 5291 sunt

526 5329 741 5383 urbium
784 5329 1022 5395 nomina,
1064 5330 1131 5384 de
1166 5329 1363 5397 quibus
1391 5336 1501 5381 tmn
1526 5336 1681 5382 vetus
1708 5329 1952 5395 historia,
1988 5338 2102 5383 tum

528 5418 731 5475 Paulus
758 5421 1028 5475 meminit.
1067 5420 1161 5475 isti
1191 5434 1342 5485 vero,
1400 5420 1489 5487 qui
1539 5419 1673 5473 nihil
1725 5420 1841 5475 sine
1876 5420 1999 5475 dolo
2053 5431 2107 5474 et

525 5524 736 5580 quazstu
767 5524 1035 5568 cernantur
1065 5525 1248 5582 agere,
1275 5526 1341 5565 ne
1366 5510 1456 5565 illa
1504 5512 1746 5582 quidem,
1771 5526 1891 5581 quae
1933 5513 2105 5567 oculis

526 5614 1181 5671 coarguuntur,vcrentur
1207 5602 1498 5658 aiIirmare.
1524 5604 1891 5659 Macedoniam
1924 5607 2105 5673 appel-

530 5693 902 5769 lantColonia:
925 5694 1264 5776 oppidulum,
1312 5696 1401 5751 cui
1458 5711 1653 5750 nomen
1686 5705 1763 5750 est
1825 5696 2097 5767 Cimossa,

2204 4513 2296 4563 καὶ
2330 4510 2525 4577 Ἰωσὴφ
2554 4510 2644 4561 τὸν
2683 4508 3090 4578 Ἐπαφρόδιτον.
3125 4510 3218 4563 καὶ
3246 4509 3337 4561 τὸν
3376 4510 3630 4578 ῥυπαρὸν
3682 4510 3799 4561 Bx-

2204 4603 2359 4672 ἀνην,
2393 4604 2485 4654 καὶ
2516 4601 2739 4671 Σέργιον
2784 4600 2874 4653 τὸν
2924 4601 3159 4669 Τυχικδν
3198 4601 3450 4669 οὐδαμῶς
3510 4602 3800 4672 ἀναθεμα-

2201 4696 2349 4748 τίται
2382 4695 2791 4765 καταδέχονται,
2819 4697 2933 4749 ἀλλ’
2962 4692 3051 4749 οἶα
3088 4696 3153 4766 δὴ
3184 4695 3421 4765 Χριστοῦ
3462 4697 3803 4759 ἀποστόλους

2203 4788 2298 4838 καὶ
2342 4786 2437 4854 τῆς
2493 4785 3156 4854 εύσεὸείαςκδιδισκάλους
3204 4786 3544 4849 ἀσπάζονταί
3589 4802 3651 4837 τε
3708 4786 3802 4839 καὶ

2202 4875 2574 4944 ἀποδέχονται.
2610 4876 2687 4928 Ού
2719 4876 2921 4938 πάντες
2980 4876 3060 4939 δὲ,
3104 4877 3227 4930 οὐδὲ
3282 4877 3409 4939 τοὺς
3468 4876 3802 4946 εἰρημένους

2206 4967 2414 5030 πάντας
2442 4966 2643 5037 ὁμοίως
2677 4967 3055 5035 περιέπουσιν,
3103 4968 3240 5021 ἀλλά
3288 4969 3416 5030 τοὺς
3476 4968 3579 5038 μὲν
3633 4969 3802 5039 μέχρι

2205 5060 2414 5113 Βαάνου
2451 5058 2543 5110 καὶ
2576 5057 2803 5128 Σεργίου
2838 5058 3247 5127 καταγομένους
3301 5058 3363 5124 ἐξ
3402 5059 3516 5111 ἴσου
3546 5056 3799 5123 θειάξουο

2207 5169 2312 5217 σιν,
2345 5149 2552 5204 ἐκεῖθεν
2580 5151 2636 5203 δὲ
2672 5150 2932 5219 ραγέντες
2962 5152 3043 5213 είς
3072 5150 3402 5213 ἀντιπάλους
3434 5150 3530 5203 δύο
3545 5149 3798 5220 μερίδας,

2203 5246 2254 5298 οἱ
2288 5245 2384 5314 μὲν
2410 5243 2503 5296 τὸν
2540 5243 2779 5313 Βαάνην,
2803 5243 2853 5295 οἱ
2878 5243 2935 5294 δὲ
2961 5242 3272 5297 θεοποιοῦσι
3307 5245 3396 5296 τὸν
3440 5242 3669 5313 Σέργιον
3709 5243 3802 5295 ἐπὶ

2205 5336 2457 5389 τοσοῦτον
2490 5338 2588 5405 τὴν
2618 5334 2736 5387 κατ’
2766 5335 3011 5404 ἀλλήλων
3040 5336 3158 5403 ἔριν
3196 5335 3293 5388 καὶ⁵
3344 5334 3537 5387 στάσιν
3585 5334 3799 5404 κρατύο

2207 5446 2411 5492 νοντες,
2467 5427 2543 5490 ὡς
2582 5430 2674 5479 καὶ
2729 5427 2895 5496 μέχρι
2920 5428 3134 5497 σφαγῆς
3171 5428 3356 5488 αύτοῖ,
3400 5430 3710 5497 προχωρεῖν
3745 5428 3799 5479 τὸ

2209 5519 2532 5588 φιλόνεικον.
2571 5519 2669 5581 Ἓξ
2698 5517 2753 5569 δὲ
2778 5517 2960 5571 αὐτῶν
2999 5517 3426 5588 ἀνομολογοῦσιν
3476 5518 3798 5584 ἐκκλησίας,

2208 5606 2285 5664 ὧν
2315 5611 2415 5678 τὴν
2468 5610 2566 5679 μὲν
2612 5609 2952 5663 Μακεδονίαν
2994 5609 3277 5675 καλοῦσιν,
3344 5610 3570 5679 Ἀχαΐαν
3620 5610 3674 5662 δὲ
3704 5613 3802 5677 τὴν

2211 5700 2487 5770 δευτέραν,
2516 5700 2609 5753 καὶ
2638 5700 2829 5770 τρίτην
2855 5700 2954 5769 τὴν
3000 5701 3401 5770 Φιλιππησίων,
3449 5702 3537 5768 ἐφ’
3582 5697 3662 5765 οἷς
3707 5702 3802 5766 τὴν
