4032 6210
390 315 528 380 1l93

1307 318 1691 381 PANOPLIA
1726 314 2185 378 DOGMATICA.
2225 338 2292 347 --
2334 313 2481 373 Tl'l‘.
2525 310 2735 375 XXIV.

3498 315 3635 384 1194

379 422 714 481 Λαοδικέων.
750 427 843 478 καὶ
868 412 1127 497 πέμπτην
1160 429 1258 494 τὴν
1284 428 1392 480 τῶν
1435 428 1721 495 Ἐφεσίων,
1775 403 1965 480 τελευ-

2089 441 2119 475 ιι
2177 439 2286 491 quo
2345 424 2665 480 defectionis
2721 424 3020 491 doctrinam
3078 427 3343 499 Sylvanus
3396 432 3633 486 tradidit-

380 517 539 568 ταίαν
571 514 628 567 δὲ
651 515 750 585 τὴν
777 515 885 569 τῶν
915 517 1285 570 Κολοσοαέων.
1316 517 1474 571 Ἀλλὰ
1504 519 1575 572 τὰ
1593 520 1693 589 μὲν
1725 520 1967 589 ὀνόματά

380 611 495 661 ἐστι
552 608 783 673 πόλεων,
845 602 921 663 ὧν
971 612 1066 662 καὶ
1113 612 1146 679 ἠ
1180 611 1386 665 παλαια
1436 613 1537 681 τὴν
1586 614 1788 682 γνῶσιν
1820 610 1965 685 εἶχεν

383 701 616 770 ίστορία,
652 702 748 754 καὶ
771 702 800 755 ό
830 702 971 766 θεῖος
996 702 1370 773 ἐμνημόνευσε
1402 705 1613 768 Παῦλος
1638 721 1654 736 ⁸
1677 708 1727 759 οί
1761 707 1819 760 δὲ
1861 725 1966 777 μη-

383 791 469 843 δὲν
490 791 676 845 άδολον
726 793 845 863 μηδ’
893 794 1270 864 ἁκαπήλευτον
1320 797 1753 865 φιλονεικοῦντες
1798 815 1968 853 καται

382 884 578 947 λιπεῖν,
616 884 740 953 μηδ’
765 885 866 938 ὅσα
917 885 1038 955 ὕψει
1086 886 1446 957 διελέγχεται,
1478 888 1613 958 μηδέ
1644 888 1816 943 ταῦτα
1846 890 1969 943 δυσ-

382 972 693 1041 ωπούμενοι
753 974 1089 1027 Μακεδονίαν
1152 976 1252 1046 μέν
1313 978 1637 1049 ὀνομάζουσι
1698 979 1969 1051 πολίχνιόν

384 1084 439 1118 τι
467 1065 770 1137 Κολωνείας
816 1067 1149 1136 καλούμενον
1196 1068 1457 1135 Κίϐοσαν,
1484 1072 1542 1122 ἐν
1681 1074 1971 1127 Κωνσταν-

384 1161 527 1218 τίνος
560 1159 588 1210 ὁ
616 1157 902 1220 Σιλουανὸς
929 1159 1027 1226 τὴν
1055 1159 1392 1213 ἀποστασίαν
1430 1160 1655 1228 ἐδίδαξε.
1710 1163 1883 1234 Κὼμη
1914 1166 1971 1219 δὲ

383 1249 721 1317 Σαμοσάτων
753 1250 901 1303 ἐστὶν
937 1252 969 1321 ἡ
1006 1251 1275 1315 Μάναλις,
1298 1253 1421 1322 ἥτις
1460 1253 1562 1322 τῆς
1592 1255 1844 1310 Γενεσίου
1875 1258 1968 1311 τοῦ

386 1338 780 1408 καιτιμοθέου
800 1341 1147 1405 διδασκαλίας
1177 1343 1548 1413 ἐχρημάτισεν
1583 1348 1969 1418 ἐργαστήριον.

390 1433 578 1502 Ταύτῃ
602 1432 661 1484 δὲ
689 1434 789 1503 τὴν
813 1435 1041 1504 ’Δχαϊαν
1070 1435 1518 1505 ὲπιφημίζουσιν.
1563 1438 1717 1492 Ὅσοι
1746 1441 1802 1492 δὲ
1861 1440 1973 1493 Ἰω-

389 1524 497 1595 σὴφ
522 1525 617 1577 τοῦ
662 1525 1055 1598 Ἐπαφροδίτου
1075 1567 1091 1593 ,
1120 1529 1213 1582 καὶ
1244 1529 1515 1599 Ζαχαρίου
1554 1530 1647 1583 τοῦ
1703 1531 1972 1602 μισθωτοῦ

388 1615 511 1667 κατ’
572 1614 771 1676 αὐτοὺς
828 1615 1083 1685 ποιμένος
1139 1617 1377 1687 μαθηταὶ
1417 1620 1818 1689 ἐχρημάτισαν,
1853 1623 1977 1675 τού-

386 1718 501 1764 τοις
557 1702 657 1771 τὴν
706 1703 815 1757 τῶν
859 1703 1243 1774 Φιλιππησίων
1293 1707 1678 1777 ἐπιγράφουσι.
1732 1711 1855 1773 Τοῖς
1917 1711 1975 1765 δὲ

2068 513 2241 582 Pagus
2262 526 2344 569 est
2366 516 2826 571 Samosatensiutn
2848 516 3097 581 Manalis,
3122 521 3209 572 ubi
3237 520 3525 584 δεηθείης,
3545 523 3640 591 qui
3659 489 3677 529 l

2066 617 2122 659 et
2156 606 2494 672 Timotheus,
2540 607 2767 663 docendi
2790 608 2975 662 ludum
3009 611 3241 674 aperuit.
3272 610 3472 680 Pagum
3496 612 3642 665 hunc

2067 698 2155 752 isti
2183 700 2446 753 Achaiam
2471 709 2690 755 vocant.
2729 700 2832 767 Qui
2883 715 3015 756 vero
3064 701 3305 771 Josephi,
3353 720 3447 758 seu
3504 703 3644 773 Epa-

2068 789 2329 857 phroditi,
2364 799 2419 844 et
2449 790 2728 845 Zachariae
2762 792 3083 868 mercenarii
3121 796 3260 861 apud
3285 793 3432 861 ipsos
3460 803 3643 859 pasto.

2069 879 2147 933 ris
2180 880 2428 950 discipuli
2475 880 2717 945 fuerunt,
2766 883 2819 936 hi
2863 883 2962 943 sibi
2983 871 3642 955 'Philippensinm'Eccle-a

2070 968 2204 1021 siam
2232 981 2506 1040 arrogant.
2536 972 2601 1025 At
2632 972 2709 1027 illi
2736 972 2831 1042 qui
2863 973 2918 1027 in
2970 974 3134 1042 Argei
3172 972 3428 1039 oppidulo
3480 973 3643 1028 babi—
3680 979 3687 982 ‘

2071 1060 2643 1124 tant,Laodicensium
2680 1065 2977 1118 Ecclesium
3040 1064 3141 1118 sibi
3206 1067 3505 1120 vindicant.
3538 1066 3642 1131 Qui
3706 1088 3714 1094 ι

2072 1163 2252 1208 autem
2315 1154 2368 1209 in
2421 1155 2771 1225 Mopsuestia,
2836 1156 2887 1209 in
2939 1156 3294 1223 Ephesiorum
3349 1155 3642 1211 Ecclesium

2071 1244 2412 1313 rediguntur.
2449 1249 2678 1301 letarum
2720 1248 2882 1300 triqu
2946 1246 3309 1302 Ec‘clesiarmn
3354 1262 3647 1317 congrega-

2072 1333 2273 1389 tionem
2316 1326 2946 1420 doctrinatnqueﬁergio
2980 1338 3108 1392 item
3135 1354 3230 1392 seu
3256 1339 3492 1417 Tycltico
3545 1340 3646 1393 tri.
3697 1322 3703 1329 ’

2074 1425 2264 1481 buunt.
2324 1428 2501 1498 Atque
2534 1430 2622 1484 isti
2657 1414 2873 1498 quidem
2904 1445 3091 1485 eorum
3128 1431 3372 1505 magistri
3433 1414 3486 1483 et
3541 1430 3648 1485 Εεά

2074 1518 2254 1573 clesite
2284 1519 2540 1573 dicuntur
2570 1512 3022 1591 essdi'tnultiplex
3053 1514 3234 1573 autem
3260 1520 3500 1589 ipsorum
3534 1521 3648 1573 lunt

2075 1609 2215 1664 rosis
2247 1624 2351 1665 non
2378 1625 2443 1664 ex
2480 1627 2589 1665 uno
2647 1627 2856 1676 errore,
2885 1613 2978 1665 sed
3030 1625 3096 1666 ex
3154 1610 3342 1664 inultis
3376 1608 3651 1678 variisque

2076 1712 2309 1757 constat.
2338 1701 2472 1756 Nam
2495 1703 2604 1758 duo
2622 1703 2863 1757 fatentur
2884 1701 3170 1771 principia,
3194 1703 3647 1770 quemadmodum

388 1794 447 1847 ἐν
476 1793 674 1864 ’Δργαῖ
699 1796 765 1865 τῇ
799 1795 1038 1866 πολύχνῃ
1064 1796 1163 1868 τὴν
1189 1798 1494 1853 Λαοδικέων
1520 1801 1970 1872 ὲπικηρύττουσι,

2084 1804 2133 1850 et
2156 1793 2461 1850 Manichaei.
2489 1797 2666 1865 Atque
2720 1794 2954 1849 alterum
3019 1794 3245 1864 quidem
3291 1793 3483 1848 dicunt
3527 1806 3651 1848 esse

388 1886 481 1939 καὶ
506 1888 633 1949 τοὺς
662 1887 718 1939 ἐν
744 1885 1087 1958 Meti/ausuri;
1116 1890 1195 1951 είς
1220 1889 1319 1959 τὴν
1349 1890 1615 1960 Ἐφεσίων
1641 1893 1958 1961 μεταπλάτ-

2067 1885 2263 1950 Deum,
2288 1886 2560 1942 coelestem
2597 1886 2831 1952 Patrem,
2865 1901 3027 1955 quem
3052 1894 3106 1941 et
3132 1886 3293 1957 hujus
3322 1901 3501 1942 rerum
3533 1890 3651 1942 uni-

386 1994 596 2042 τουσιν,
623 1980 814 2051 ὥσπερ
843 1981 936 2034 καὶ
960 1981 1088 2044 τοὺς
1114 1981 1444 2052 λεγομένους
1469 1985 1857 2057 Κυνοχωρίτας
1882 1988 1962 2051 είς

2084 1977 2334 2032 rersitatis
2364 1987 2632 2045 potestate
2682 1979 3110 2047 praestantiorem
3176 1994 3464 2047 asserunt;
3495 1982 3650 2036 alteri

388 2069 488 2139 τὴν
526 2071 639 2127 τῶν
683 2071 1042 2126 Κολοσσαιων
1085 2074 1444 2144 ἀναφέρουσι.
1489 2075 1710 2130 Τούτων
1751 2077 1807 2129 δὲ
1853 2077 1965 2132 τῶν

2084 2070 2253 2124 nundi
2288 2070 2531 2125 tribuunt
2561 2071 2865 2141 opiﬁcium.
2892 2071 2970 2125 Illi
3006 2084 3211 2129 tantum
3240 2073 3411 2128 futuri
3479 2071 3652 2142 ἰιιιμοὁ

392 2162 559 2233 τριῶν
589 2162 900 2234 ἐκκλησιῶν
927 2166 1021 2218 καὶ
1048 2166 1110 2218 τὸ
1141 2165 1422 2237 σύστημα,
1453 2169 1550 2222 καὶ
1576 2168 1674 2239 τὴν
1702 2167 1962 2223 διδασκα-

392 2253 513 2308 λίαν
552 2255 766 2327 Σεργίῳ
807 2256 886 2328 τῷ
926 2257 1025 2310 καὶ
1063 2256 1288 2329 Τυχικῷ
1331 2258 1704 2316 ἀνατιθέασιν.
1746 2260 1886 2313 Ἀλλ’
1916 2263 1966 2314 οί

2064 2159 2534 2224 riumascribunt,
2561 2160 2687 2214 huic
2749 2162 2934 2216 mundi
2989 2164 3169 2232 opilici
3220 2165 3504 2233 praesentis
3543 2180 3650 2217 sa:-

2071 2253 2181 2306 culi
2225 2262 2551 2321 potestatem
2585 2254 2910 2309 concedunt.
2945 2254 3008 2308 Et
3050 2270 3144 2309 eos
3173 2256 3289 2327 qui~
3322 2251 3450 2310 vere
3488 2256 3651 2310 Chri-

397 2348 498 2417 μὲν
531 2348 868 2416 διδάσκαλοι,
905 2350 1003 2403 καὶ
1037 2350 1096 2402 αἱ
1126 2349 1422 2420 λεγόμεναι
1453 2350 1638 2406 αὐτῶν
1675 2353 1966 2423 ἐκκλησίαι

2084 2346 2232 2400 ttiani
2263 2355 2410 2408 sunt,
2431 2345 2708 2401 Romanos
2736 2346 3030 2415 appellant,
3054 2347 3305 2402 homines
3334 2347 3506 2417 impii,
3542 2347 3649 2403 sibi

394 2440 454 2490 ἐν
487 2438 700 2503 τούτοις
724 2456 740 2473 ο
780 2441 881 2495 ούκ
921 2442 985 2493 ἐκ
1030 2442 1160 2511 μιᾶς
1206 2440 1266 2494 δέ
1305 2457 1451 2505 τινος
1491 2441 1721 2512 πλάνης,
1761 2442 1875 2496 ἀλλ’
1905 2446 1969 2497 ἐκ

2084 2446 2249 2492 tutum
2274 2435 2711 2495 Christianorum
2748 2448 3004 2509 arrogant
3046 2453 3266 2504 nomen,
3306 2456 3429 2494 cum
3483 2441 3551 2495 ab
3582 2456 3653 2496 eo

397 2533 610 2586 πολλῶν
635 2533 729 2588 καὶ
757 2533 1022 2587 ποικίλων
1049 2536 1110 2586 τδ
1138 2533 1481 2587 πολύπλοκον
1507 2534 1670 2588 τοῦτο
1697 2534 1795 2603 τῆς
1822 2537 1972 2606 αίρέ-

398 2640 536 2688 σεως
574 2626 874 2697 συνέστηκε
908 2627 1186 2696 φρόνημα.
1216 2628 1321 2680 Δύο
1357 2627 1457 2697 μὲν
1485 2627 1595 2698 γὰρ
1628 2628 1805 2697 ἀρχὰς
1837 2631 1969 2698 όμο-

397 2698 680 2783 λογοῦσιν,
704 2717 778 2781 ὡς
807 2719 857 2770 οί
884 2720 1182 2789 Μανιχαῖοι
1200 2734 1216 2749 ·
1248 2720 1382 2787 φασὶ
1405 2719 1463 2773 δὲ
1487 2720 1574 2772 Ere
1586 2737 1678 2788 ρον
1707 2722 1808 2790 μὲν
1832 2717 1973 2774 εἶναι

399 2808 533 2861 Θεὸν
564 2809 658 2863 τὸν
691 2810 1020 2877 ἐπουράνιον
1052 2810 1272 2881 Πατέρα
1291 2851 1305 2876 ,
1337 2809 1397 2866 δν
1429 2813 1523 2865 καὶ
1555 2812 1657 2882 τῆς
1689 2812 1844 2866 τοῦδε
1877 2814 1972 2867 τοῦ

403 2903 604 2966 παντὸς
632 2904 885 2970 ἐξουσίας
916 2904 1337 2975 ὑπερορίζουσι,
1370 2905 1465 2957 τοῦ
1501 2904 1787 2976 μέλλοντος
1814 2906 1975 2977 μόνον

404 2995 466 3046 τὸ
507 2994 710 3063 κράτος
754 2992 905 3064 αὐτῷ
946 2993 1386 3064 ὲγχειρίζοντες’
1432 2993 1623 3068 ἕτερον
1659 2996 1715 3049 δέ
1755 3000 1847 3051 τὸν
1883 3000 1978 3067 δη-

404 3087 667 3156 μιουργὸν
693 3085 790 3139 τοῦ
824 3086 1033 3155 κόσμου
1053 3127 1068 3151 ,
1098 3081 1140 3154 ᾦ
1171 3089 1267 3140 καὶ
1293 3088 1354 3141 τὸ
1385 3088 1556 3160 κῦρος
1583 3088 1680 3142 τοῦ
1712 3090 1978 3161 παρόντος

403 3179 599 3241 αίῶνος
627 3179 961 3250 χαρίζονται.
991 3179 1102 3232 Καὶ
1127 3182 1256 3243 τοὺς
1286 3182 1387 3250 μὲν
1411 3180 1628 3251 ἀληθῶς
1653 3182 1814 3246 ὄντας
1841 3184 1979 3254 Χρι-

406 3268 657 3331 στιανοὺς
694 3268 1000 3339 Ῥωμαίους
1045 3271 1095 3323 οἱ
1137 3269 1540 3342 τρισαλιτήριοι
1587 3272 1980 3340 ὀνομάζουσιν,

402 3360 619 3423 ἐαυτοίς
647 3360 703 3412 δὲ
729 3362 829 3429 τὴν
861 3361 1079 3428 κλησιν,
1107 3361 1176 3432 ἧς
1204 3362 1477 3433 ἀλλότριοι
1506 3365 1791 3429 παντελῶς
1819 3365 1984 3421 καθα·

405 3457 676 3523 στήκασι,
709 3454 816 3510 τῶν
848 3453 1197 3527 Χριστιανῶν
1231 3456 1617 3527 περιάπτουσι.
1653 3458 1889 3526 Λέγουσι
1923 3459 1981 3510 δὲ

406 3546 649 3615 Πατέρα,
691 3546 787 3599 καὶ
831 3545 979 3612 Υίδν,
1022 3548 1119 3601 καὶ
1165 3548 1321 3617 ἅγιον
1369 3548 1615 3618 Πνεῦμα,
1661 3548 1835 3612 λέξεις
1882 3549 1982 3616 μὲν

407 3637 652 3699 εὐσεϐεῖς
671 3675 687 3701 ,
719 3638 1085 3691 ὑποϐάλλουσι
1117 3639 1176 3692 δὲ
1204 3643 1430 3702 ταύταις
1458 3639 1556 3708 τήν
1585 3640 1824 3711 ἐσχάτην
1851 3640 1980 3693 ἀσέ-

409 3726 587 3782 ϐειαν.
617 3729 692 3781 Οὐ
722 3730 832 3799 γάρ
861 3729 935 3793 ὡς
966 3731 1000 3800 ἡ
1029 3729 1126 3781 τοῦ
1159 3728 1298 3782 θεοῦ
1329 3729 1591 3799 καθολικὴ
1623 3731 1721 3783 καὶ
1747 3731 1985 3783 ἀποστο-

410 3820 535 3890 λικὴ
562 3820 881 3890 Ἐκκλησία,
906 3820 1052 3874 οὕτω
1078 3820 1174 3873 καὶ
1195 3812 1341 3873 οὗτοι
1366 3819 1692 3891 φρονοῦντες
1712 3821 1985 3890 λέγουσιν,

410 3910 549 3966 ἀλλὰ
579 3910 679 3975 τὰς
709 3912 889 3978 λέξεις
922 3914 1134 3967 ἐκεῖθεν
1164 3910 1695 3983 άποσπαράξαντες,
1726 3914 1987 3967 δυσσεδε-

414 4004 639 4068 στάταις
684 4007 920 4070 ἐννοίαις
964 4002 1172 4069 ταύτας
1221 3984 1658 4076 ἐπιφημίζοιῖσι,
1706 4007 1803 4060 καί
1850 4024 1985 4076 φασι

415 4096 733 4167 προθύμως,
767 4098 843 4162 ὡς
873 4097 1126 4168 ἀνάθεμα
1157 4098 1350 4169 εῐησαν
1377 4099 1494 4152 ὅσοι
1528 4097 1605 4169 μὴ
1636 4100 1988 4154 πιστεύουσιν

414 4190 496 4253 είς
526 4190 770 4260 Πατέρα,
800 4192 896 4245 καὶ
925 4191 1074 4256 Υίὸν,
1103 4193 1198 4247 καὶ
1226 4193 1382 4260 ἅγιον
1410 4191 1658 4263 Πνεῦμα,
1685 4190 1903 4264 Πατέρα
1928 4196 1990 4249 ού

416 4283 511 4336 τὸν
552 4286 990 4354 παντοκράτορα,
1035 4285 1129 4336 καὶ
1175 4285 1406 4356 ποιητὴν
1449 4285 1676 4354 ούρανοῦ
1725 4288 1820 4339 καὶ
1866 4287 1989 4357 γῆς,

416 4376 631 4445 ὁρατῶν
675 4393 735 4429 τε
789 4379 1009 4437 πάντων
1058 4377 1154 4430 καὶ
1204 4376 1455 4447 ἀοράτων
1503 4379 1991 4448 ἀνακηρύττοντες,

2072 2528 2274 2583 distent
2335 2543 2495 2596 quam
2540 2527 2876 2599 longissime.
2932 2530 3128 2585 Dicunt
3169 2530 3246 2585 illi
3282 2530 3502 2599 quidem
3545 2532 3651 2586 Pa-

2076 2628 2235 2686 trem,
2267 2631 2320 2673 et
2347 2619 2567 2683 Filium,
2603 2632 2656 2675 et
2684 2621 2942 2690 Spiritum
2970 2633 3249 2686 sanctum,
3275 2639 3393 2693 qua:
3421 2624 3642 2693 quidem

2073 2727 2234 2768 voces
2262 2721 2390 2767 sunt
2416 2713 2541 2783 piae,
2576 2708 2675 2769 sed
2707 2712 2813 2768 illis
2843 2723 3144 2769 extremam
3197 2716 3407 2770 addunt
3454 2715 3656 2784 impie-

2074 2818 2265 2863 tatem.
2289 2805 2407 2861 Non
2432 2805 2577 2861 enim
2620 2806 2812 2861 eodem
2864 2821 3055 2872 sensu,
3093 2822 3200 2876 quo
3251 2809 3526 2864 catholica
3597 2821 3657 2866 et

2076 2900 2373 2971 apostolica
2404 2899 2671 2967 Ecclesia,
2709 2915 2801 2956 eas
2835 2900 3208 2968 pronuntiant,
3240 2902 3333 2956 sed
3364 2902 3655 2959 admodum

2078 2993 2292 3048 diverso
2314 3006 2376 3047 ac
2399 2991 2742 3047 detestando.
2783 2990 2919 3047 Cum
2973 2997 3119 3048 enim
3183 2996 3477 3050 anathema
3534 3014 3661 3053 esse

2081 3087 2286 3151 dicant,
2313 3087 2625 3157 quicunque
2659 3102 2764 3141 non
2798 3086 2974 3141 credit
3027 3089 3078 3142 in
3114 3087 3329 3144 Patrem
3357 3100 3411 3144 et
3463 3090 3656 3147 Filium

2082 3189 2137 3235 et
2166 3179 2427 3252 Spiritum
2451 3192 2722 3245 sanctum,
2760 3179 2975 3235 Patrem
3008 3198 3113 3236 non
3141 3185 3492 3253 proountiant
3538 3199 3660 3238 OIII-

2086 3273 2445 3348 nipotent‘em,
2480 3270 2745 3329 factorem
2802 3272 2929 3328 cali
2964 3280 3020 3328 et
3072 3283 3249 3337 teme,
3288 3274 3576 3329 visibilium
3604 3276 3662 3331 et

2088 3365 2462 3434 invisibilium,
2489 3366 2585 3422 sed
2603 3380 2725 3421 cum
2756 3364 2972 3421 Patrem
2989 3365 3243 3434 dixerint,
3271 3367 3455 3421 statim
3487 3368 3661 3438 subji-

2086 3458 2255 3524 ciunt,
2285 3456 2585 3521 cmlestem,
2619 3457 2705 3512 cui
2741 3460 2887 3511 nullo
2910 3460 3065 3510 modo
3086 3459 3211 3513 οωιί
3243 3470 3295 3514 et
3320 3475 3504 3513 eorum
3540 3474 3661 3529 quaI

2090 3550 2209 3602 coeli
2243 3550 2449 3602 ambitu
2504 3550 2873 3614 continentur,
2920 3549 3255 3604 dominatum
3315 3552 3559 3607 tribuunt
3607 3562 3664 3608 et

2091 3645 2431 3707 potestatem.
2471 3638 2700 3704 Quidam
2767 3649 2946 3693 tamen
2974 3641 3095 3695 cali
3152 3642 3318 3695 etiam
3367 3643 3658 3712 imperium

2088 3730 2359 3793 tribuunt,
2396 3744 2582 3784 eorum
2610 3745 2735 3784 vero
2760 3747 2879 3801 quae
2944 3733 3082 3786 caelo
3121 3734 3662 3801 comprehenduntur

2091 3838 2195 3877 non
2229 3824 2376 3877 item.
2420 3822 2497 3878 Ac
2559 3824 2792 3892 primum
2836 3824 3056 3893 quidem
3111 3832 3193 3880 est
3220 3826 3322 3880 hoc
3362 3826 3661 3896 impietatis

2092 3912 2338 3983 ipsorum
2367 3924 2549 3982 caput.
2582 3913 2639 3966 ln
2687 3914 3094 3971 sanctissimam
3138 3925 3320 3970 autem
3374 3915 3660 3970 Dominam

2093 4013 2331 4059 nostram
2352 4004 2443 4059 Dei
2473 4003 2801 4060 Genitricetn
2828 4021 2888 4059 ea
2926 4005 3210 4060 maledicta
3242 4006 3543 4077 conjiciunt
3564 4011 3663 4061 ho-

2095 4096 2268 4150 mines
2299 4095 2786 4166 nefarii,qua:nec
2842 4096 3108 4162 scribere,
3186 4112 3286 4152 nec
3333 4099 3520 4153 audire
3578 4097 3685 4165 fas,

2095 4195 2197 4241 eat.
2226 4184 2534 4252 Credimus,
2571 4189 2843 4259 inquiunt,
2875 4189 2925 4243 in
2951 4198 3207 4264 sanctam
3275 4191 3370 4245 Dei
3421 4189 3667 4247 Genitria

2095 4295 2238 4343 cem,
2267 4282 2318 4333 in
2348 4295 2509 4349 quam
2537 4282 2822 4351 ingressus
2872 4293 2978 4348 εει,
3023 4291 3077 4336 et
3119 4298 3183 4335 ex
3240 4298 3347 4353 qua
3405 4284 3666 4340 Dominus

2097 4386 2349 4441 egressus
2395 4382 2499 4436 est,
2552 4383 2604 4426 et
2666 4373 2747 4425 his
2790 4375 2972 4427 verbis
3026 4372 3308 4428 caelestem
3360 4374 3668 4445 intelligunt

418 4468 557 4521 ἀλλὰ
584 4468 804 4537 Πατέρα
831 4469 1064 4538 φάμενοι
1090 4470 1181 4521 τὸν
1206 4470 1528 4540 ἐπουράνιον
1553 4469 1713 4532 εὐθὺς
1741 4473 1981 4526 ἐπισυνά·

2100 4459 2423 4523 Jerusalem,
2458 4463 2510 4515 in
2535 4477 2692 4531 quam
2715 4474 3017 4531 praecursor
3062 4477 3158 4533 pro
3220 4464 3374 4518 nobis
3406 4465 3667 4536 Christus

421 4578 670 4626 πτουσιν,
699 4555 742 4630 ᾦ
774 4563 871 4616 κα)⁸
902 4562 1000 4632 τὴν
1031 4562 1350 4632 κυριότητα,
1379 4564 1469 4615 καὶ
1500 4561 1598 4633 τὴν
1627 4563 1875 4628 ἐξουσίαν
1901 4565 1997 4619 τοῦ

421 4652 654 4723 οὐρανοῦ
689 4670 747 4705 τε
786 4654 879 4706 καὶ
912 4654 1019 4706 τῶν
1051 4654 1111 4704 ὲν
1146 4651 1294 4720 αὐτῷ
1331 4653 1543 4724 οὐδαμῆ
1586 4653 1836 4723 οὐδαμῶς
1877 4655 1998 4707 ἐπι-

422 4747 898 4818 τρέπουσα-Τινὲς
930 4746 987 4798 δὲ
1021 4743 1116 4797 τοῦ
1156 4743 1254 4812 μὶν
1286 4743 1516 4813 ούρανοῦ
1549 4745 1648 4813 τὴν
1682 4745 2000 4796 ἐπιστασίαν

428 4837 579 4907 αύτῷ
609 4836 1003 4905 ἐγχειρίζουσι,
1034 4835 1143 4887 τῶν
1170 4834 1228 4887 δὲ
1257 4834 1740 4904 ἐμπεριεχομένων
1768 4834 1868 4887 οὐκ
1896 4834 1999 4889 ἔτι.

433 4931 543 4982 Καὶ
572 4929 633 4982 τὸ
665 4930 761 4997 μὲν
793 4928 1011 4998 πρῶτον
1036 4924 1220 4978 αὐτῶν
1250 4926 1347 4995 τῆς
1377 4924 1697 4991 δυσσεϐείας
1723 4926 1963 4981 τοιοῦτον
1983 4941 1997 4954 ·

429 5019 880 5091 βλασφημοῦντες
924 5018 981 5071 δὲ
1018 5018 1117 5086 τὴν
1156 5016 1465 5085 ύπεραγίαν
1500 5014 1804 5070 Δέσποιναν
1840 5018 2001 5087 ἡμῶν

426 5113 713 5177 θεοτόκον,
746 5110 783 5165 ἃ
821 5112 958 5182 μήτε
990 5109 1180 5193 γραφῇ
1219 5109 1360 5179 μήτε
1395 5109 1535 5178 ἀκοῇ
1571 5106 1791 5177 θεμιτὸν
1824 5123 2001 5176 παραυ

424 5206 633 5271 δοῦναι,
667 5205 728 5257 ού
765 5200 1180 5274 πε⁹φρίκασιν“οί
1212 5200 1616 5271 τρισαλιτίιριοι
1652 5199 1829 5267 λέγειν
1851 5214 1865 5229 ⁶
1903 5202 2003 5253 Πι-

431 5302 699 5370 στεύομαν
724 5284 928 5370 είςντὴν
954 5298 1228 5367 παναγίαν
1253 5296 1538 5360 Θεοτόκον,
1563 5297 1643 5359 είς
1667 5296 1735 5367 ἡν
1759 5294 1995 5366 είσῆλθε,

430 5396 529 5448 καὶ
561 5392 785 5462 ἐξῆλθεν
813 5392 841 5443 ὁ
874 5391 1099 5461 Κύριος.
1132 5389 1244 5441 Καὶ
1272 5389 1384 5452 τοῖς
1418 5388 1626 5458 ῥήμασι
1656 5386 1868 5448 τούτοις
1894 5384 1997 5453 τὴν

430 5485 551 5540 ἄνω
576 5483 967 5538 ὑποϐάλλονται
995 5477 1374 5551 Ἰερουσαλὴμ,
1407 5478 1500 5531 καί
1530 5493 1697 5548 φασιν
1724 5476 1804 5539 είς
1831 5473 2001 5544 αὐτὴν

408 5577 741 5649 ,πρόδρομον
768 5575 909 5644 ὑπὲρ
933 5573 1092 5645 ἡμῶν
1116 5569 1380 5627 είσελθείν
1404 5570 1495 5624 τὸν
1522 5567 1775 5640 Χριστὸν,
1802 5566 1878 5631 ὡς
1905 5565 2002 5620 καὶ

521 5753 743 5829 ΫΜειιὶι.
774 5769 925 5816 nrt,
949 5751 1041 5817 26,
1063 5750 1152 5805 27.

720 5854 991 5917 PuttoL.
1027 5852 1145 5912 Gtt.
1183 5846 1425 5910 CXXX.

2100 4551 2415 4613 introiverit,
2434 4552 2887 4622 quemadmodum
2904 4554 3065 4607 etiam
3090 4553 3250 4608 divus
3262 4555 3336 4607 ait
3354 4553 3666 4620 Apostolus.

2100 4645 2404 4714 Aliquando
2428 4648 2602 4700 coacti
2632 4647 2876 4701 coullteri
2903 4663 2966 4701 ex
3001 4644 3221 4714 Virgine
3241 4645 3512 4699 Christum
3540 4660 3670 4716 pro-

2101 4739 2286 4802 diisse,
2320 4753 2516 4808 corpus
2548 4753 2578 4794 e
2605 4740 2745 4794 cmlo
2775 4738 3080 4807 sitscepisse
3104 4739 3316 4799 dicunt,
3341 4753 3435 4808 per
3466 4739 3670 4810 ipsam-

2100 4844 2205 4898 que
2240 4841 2492 4901 tanquam
2532 4848 2628 4900 per
2657 4832 2902 4886 canalem
2935 4829 3240 4883 transiisse.
3272 4826 3340 4881 Et
3398 4829 3668 4884 immacu-

2103 4924 2264 4978 latam
2296 4935 2351 4979 et
2373 4925 2731 4979 castissimam
2761 4920 3039 4990 Virginem
3096 4921 3233 4976 alios
3267 4922 3428 4976 etiam
3461 4936 3526 4976 ex
3583 4920 3677 4976 Jo-

2102 5017 2233 5085 sepb
2262 5018 2460 5072 liberos
2483 5027 2607 5105 posct
2639 5023 2850 5084 partum
2895 5014 3040 5068 illum
3069 5014 3358 5068 salutarem
3400 5014 3675 5082 peperisse

2104 5108 2455 5161 contendunt.
2502 5100 2767 5161 Similiter
2819 5117 2873 5159 et
2940 5104 3374 5161 communionem
3447 5100 3677 5171 pretiosi

2104 5197 2423 5265 c0rporiset
2452 5196 2734 5265 sanguinis
2774 5195 2974 5253 ChriSti
3015 5193 3105 5248 Dei
3140 5193 3310 5247 nostri
3359 5193 3675 5247 innumera-

2107 5288 2308 5342 bilibus
2335 5286 2686 5341 contumeliis
2715 5283 3011 5338 allicientes
3044 5299 3101 5336 se
3125 5283 3314 5336 dicunt
3367 5281 3671 5350 suscipere,

2105 5394 2229 5434 cum
2242 5391 2440 5447 corpus
2454 5386 2508 5431 et
2523 5378 2835 5447 sanguinem
2853 5375 3034 5429 dicant
3050 5388 3170 5429 esse
3186 5373 3341 5427 verba
3360 5370 3676 5441 illa,Domini

2107 5486 2227 5541 quae
2278 5484 2400 5524 cum
2459 5469 2737 5539 discipulis
2786 5470 3062 5533 traderet,
3121 5467 3309 5522 dicunt
3366 5465 3680 5536 protulisse,

2108 5575 2328 5633 nempe:
2359 5562 2612 5630 Accipite,
2652 5560 2929 5627 comedite,
2971 5568 3021 5613 et
3064 5558 3223 5613 bibite
3248 5559 3267 5590 ί
3292 5574 3308 5625 ;
3335 5572 3509 5627 neque
3534 5554 3685 5612 enim

3275 5827 3351 5892 38
