4012 6216
426 268 561 334 1.95

1664 263 2053 324 EUTIIYMII
2094 264 2454 325 ZIGABENI

3561 260 3717 326 1196

419 368 612 454 panem
632 391 723 436 aut
746 382 931 437 vinum
945 379 1274 442 adhibuisse.
1297 377 1525 434 Crucem
1546 380 1698 445 item,
1719 370 1880 447 quam
1897 379 2003 432 ado

2126 382 2153 432 ὁ
2192 382 2335 445 θεῖος
2371 377 2668 440 ἀπόστολος
2703 376 2828 447 ἔφη.
2857 374 3009 428 Ἕσθ’
3032 375 3120 428 ὅτε
3152 373 3209 427 δὲ
3244 375 3717 444 συνελαυνόμενοι

419 488 541 526 rare
570 487 629 525 se
657 470 865 534 dicunt,
900 469 1139 525 alliciunt
1203 467 1521 536 ignominia.
1554 465 1784 520 Crucem
1847 466 1991 521 enim

420 565 669 620 homines
720 562 1047 617 lraudulenti
1110 570 1163 614 et
1222 561 1545 627 impostores
1603 558 1814 629 ﬁngunt
1872 571 1994 612 esse

418 658 721 711 Christum.
753 655 875 724 ipse
906 653 1071 716 enim,
1143 650 1410 719 inquiunt,
1468 665 1659 703 manus
1715 651 1767 703 in
1814 650 1994 703 crucis

421 750 644 814 tigni-am
674 744 932 811 extendit.
966 742 1158 796 Veram
1194 750 1368 796 autem
1402 756 1616 795 crucem
1644 740 1846 811 lignum
1895 756 1989 808 ap-

418 838 707 907 pellant,'et
721 814 1108 889 sceleratorum
1131 816 1547 886 instrumentum
1564 830 1815 901 supplicii
1842 843 1991 885 exse-

417 932 753 989 crationibus
801 920 1114 1005 obnoxium,
1144 938 1198 981 et
1230 927 1433 981 idcirco
1468 941 1574 980 non
1604 941 1723 981 esse
1754 924 1986 979 adoran-

421 1028 564 1088 dam,
591 1037 689 1077 nec
721 1018 1143 1090 suSpiciendam.
1181 1019 1375 1072 Sacros
1404 1018 1531 1086 quin
1563 1019 1723 1072 etiam
1756 1014 1989 1083 prophe-

420 1128 504 1171 tas
529 1127 581 1169 et
612 1126 830 1169 omnem
878 1114 1158 1181 antiquam
1223 1111 1591 1177 Scripturam,
1643 1118 1697 1163 et
1756 1107 1993 1171 reliquos

419 1219 640 1265 sanctos
679 1206 1036 1276 rejiciunt,et
1079 1204 1315 1257 latrones
1373 1217 1435 1254 ac
1495 1200 1643 1253 fures
1696 1198 1987 1268 appellant.

420 1300 479 1354 In
508 1299 694 1367 primis
716 1305 892 1350 autem
935 1293 1298 1362 apostolorum
1336 1292 1633 1360 principem
1659 1288 1875 1342 Petrum
1899 1302 1995 1340 ex-

420 1399 725 1454 secrantur,
755 1387 896 1456 quod
926 1385 1083 1440 (idem
1116 1384 1170 1438 in
1206 1384 1527 1450 magistrum
1577 1380 1851 1434 Christum
1887 1377 1985 1431 ab-

428 1482 664 1552 negavit.
714 1472 977 1545 Quamvis
1020 1474 1211 1529 doctor
1263 1473 1503 1541 ipsorum
1566 1469 1749 1524 Manes
1809 1478 1994 1537 aperte

423 1562 620 1632 clamet
652 1586 716 1639 ac
741 1570 890 1639 dicat
921 1583 937 1621 :
969 1565 1082 1620 Non
1114 1579 1233 1617 sum
1266 1577 1366 1632 ego
1396 1576 1426 1615 a
1456 1559 1830 1615 misericordia
1862 1558 1995 1613 alic-

424 1680 555 1733 nus,
578 1657 1032 1731 quemadmodum
1097 1653 1345 1709 Christus
1397 1652 1579 1705 dixit:
1619 1649 1863 1720 Quisquis
1917 1663 1997 1700 me

2103 475 2439 544 διομολογεῖν
2468 476 2530 523 ἐκ
2557 473 2653 541 τῆς
2689 469 2965 539 Παρθένου
2998 467 3286 537 προελθεῖν
3312 468 3405 519 τὸν
3433 466 3713 539 Χριστδν,

2106 566 2325 618 ἐπειδὰν
2350 564 2485 625 ὅλως
2514 559 3056 627 συναναγκασθῶσιν,
3084 558 3290 610 ἄνωθεν
3321 558 3420 622 μὲν
3447 559 3508 610 τὸ
3537 559 3714 628 σῶμα.

2109 655 2566 724 συγκατενεγκεῖν
2590 652 2753 704 αὑτὸν
2774 648 3214 720 τερατολογοῦσι,
3242 649 3310 700 δι’
3336 650 3505 718 αὐτῆς
3535 650 3598 701 δὲ
3628 650 3713 711 ὡς

2104 742 2195 794 διά
2234 740 2469 810 σωλῆνος
2508 738 2919 809 διεληλυθέναι,
2956 739 3055 790 καὶ
3085 737 3296 806 ταύτην
3329 738 3427 807 τὴν
3462 738 3707 790 ἄσπιλον
3732 741 3749 761 ⁸

2106 835 2201 889 καὶ
2229 834 2477 904 καθαρὰν
2504 831 2779 902 Παρθένον
2808 832 2949 901 μετὰ
2970 831 3061 885 τὸν
3088 832 3361 901 σωτήριον
3388 832 3551 884 τόκον
3578 832 3709 883 έτέο

2108 942 2235 995 ρους
2279 924 2431 987 υἱοὺς
2469 925 2534 976 ὲκ
2571 922 2666 975 τοῦ
2707 922 2907 991 Ἰωσὴφ
2955 922 3371 992 παιδοποιῆσαι.
3416 922 3709 985 Ὡσαύτως

2107 1015 2205 1069 καὶ
2234 1015 2334 1086 τὴν
2368 1015 2654 1068 κοινωνίαν
2688 1013 2782 1066 τοῦ
2819 1013 3006 1081 τιμίου
3044 1012 3297 1081 σώματος
3332 1014 3428 1065 καὶ
3461 1014 3708 1082 αἵματος·

2107 1106 2347 1178 Χριστοῦ
2380 1106 2473 1160 τοῦ
2506 1107 2642 1159 Θεοῦ
2674 1106 2835 1176 ἡμῶν
2870 1106 3098 1175 μυρίαις
3131 1105 3324 1175 ῦδρεσι
3360 1106 3663 1166 πλύνοντες
3687 1145 3705 1167 ,

2104 1198 2467 1267 ἀποδέχεσθαι
2509 1215 2643 1267 φασι
2688 1198 2850 1267 σῶμα
2892 1200 2985 1251 καὶ
3026 1192 3168 1266 αἷμα
3204 1197 3708 1266 τερατολογοῦντες

2104 1289 2176 1341 τὰ
2207 1289 2503 1341 δεσποτικά
2535 1290 2759 1359 ῥήματα
2780 1330 2792 1351 ,
2827 1287 2863 1341 ἃ
2895 1288 2987 1340 καί
3019 1304 3151 1357 φασι
3191 1287 3548 1356 μεταδιδόντα
3585 1292 3705 1350 τοῖς

2108 1379 2431 1441 ἀποστόλοις
2488 1381 2703 1431 είπεῖν·
2748 1378 2990 1442 Λάϐετε,
3050 1379 3292 1449 φάγετε,
3345 1380 3447 1433 καί
3494 1382 3702 1432 πῖετε·

2107 1470 2222 1523 ἀλλ’
2240 1471 2340 1523 οὐκ
2364 1471 2529 1542 ἄρτον
2553 1470 2719 1523 ποθὲν
2736 1512 2750 1536 ,
2776 1471 2808 1540 ἢ
2832 1466 2976 1523 οἶνον
3001 1472 3447 1541 προσαγαγόντα.
3474 1472 3589 1524 Καὶ
3614 1472 3710 1522 τὸν

2110 1562 2373 1626 ζωοποιὸν
2420 1564 2478 1615 δὲ
2533 1564 2766 1633 σταυρὸν
2814 1561 3268 1632 δυσφημοῦντες,
3322 1562 3485 1629 φασὶν
3531 1562 3711 1614 αὑτὸν

2107 1657 2439 1725 προσκυνεῖν
2459 1695 2473 1721 ,
2502 1656 2596 1708 καὶ
2624 1654 2985 1723 ἀποδέχεσθαι
3015 1653 3249 1725 σταυρὸν
3268 1695 3283 1717 ,
3310 1654 3359 1705 oi
3385 1653 3583 1705 πλάνοι
3610 1656 3709 1705 καὶ

420 1746 679 1827 negaverit
710 1756 886 1813 eorum
917 1748 1235 1810 hominibus,
1281 1746 1478 1815 negabo
1507 1745 1675 1813 ipsum
1726 1755 1774 1797 et
1822 1758 1915 1810 ego
1960 1740 2001 1794 ‘.

2111 1748 2337 1816 γόητες,
2371 1746 2533 1809 αὐτὸν
2565 1744 3000 1807 ἀναπλάττοντες
3030 1746 3122 1797 τὸν
3151 1744 3411 1814 Χριστόν.
3446 1745 3559 1796 Καὶ
3591 1744 3707 1814 γὰρ

424 1851 530 1904 Sed
590 1862 686 1917 ego
716 1847 838 1900 dico
877 1854 893 1897 :
933 1842 1192 1911 Quisquis
1240 1854 1326 1894 me
1358 1838 1660 1908 negaverit,
1698 1851 1819 1890 eum
1876 1849 1998 1888 cum

423 1942 620 2012 gaudio
653 1939 967 2007 suscipiam,
998 1945 1052 1988 et
1082 1931 1417 2002 negationem
1455 1933 1624 1998 ipsius
1650 1938 1814 1996 atque
1843 1941 1994 1980 men-

424 2030 637 2085 dacium
666 2038 917 2096 tanquam
944 2021 1242 2077 custodiam
1273 2030 1327 2073 et
1354 2019 1798 2073 observationem
1863 2028 2001 2068 mete

424 2119 781 2190 professionis
830 2114 1172 2170 existimabo.
1231 2109 1595 2176 Quamobrem
1659 2123 1780 2163 cum
1838 2106 1912 2160 ita
1944 2120 2002 2159 se

425 2222 645 2283 gerant,
672 2209 983 2276 milliesque
1016 2222 1169 2261 suam
1206 2205 1448 2275 ipsorum
1497 2202 1654 2256 [idem
1707 2200 1999 2268 abnegent,

424 2306 645 2363 Petrum
682 2314 885 2364 tamen,
919 2301 1009 2371 qui
1042 2298 1225 2353 multis
1262 2296 1452 2351 eodem
1523 2304 1767 2364 tempore
1823 2302 1992 2345 terro-

427 2414 540 2453 rem
576 2395 947 2458 aﬂerentibus,
983 2392 1282 2445 humanum
1312 2387 1495 2442 nescio
1527 2386 1653 2455 quid
1686 2397 1999 2454 perpessus,

426 2493 478 2545 in
503 2488 844 2559 negationem
874 2483 1159 2553 prolapsus
1182 2491 1286 2547 est,
1320 2478 1577 2548 rejiciunt
1595 2486 1650 2531 et
1673 2476 1985 2544 repudiaut,

426 2593 590 2655 atque
621 2589 962 2641 aversantur,
988 2591 1093 2631 non
1121 2589 1241 2629 eam
1272 2573 1340 2628 ob
1373 2586 1591 2626 causam
1628 2584 1790 2637 quam
1830 2568 2002 2621 simu-

426 2677 560 2740 lant,
597 2673 690 2730 sed
713 2672 782 2727 ob
813 2685 931 2726 eam
968 2682 1128 2738 quam
1161 2667 1323 2720 silent
1356 2675 1409 2718 et
1440 2663 1652 2718 celant:
1683 2661 1808 2730 quia
1844 2658 2006 2712 nimi-

427 2785 547 2825 rum
582 2769 647 2823 de
675 2767 912 2835 ipsorum
942 2761 1244 2816 delectione
1280 2767 1406 2812 ante
1434 2755 1646 2809 locutus
1677 2762 1760 2808 est
1790 2770 1803 2807 :
1841 2751 2006 2807 Sala-

427 2864 552 2933 gile,
585 2860 779 2929 inquit,
830 2854 1160 2911 immaculati
1192 2864 1237 2907 et
1271 2848 1751 2919 irreprehensibiles
1780 2846 1827 2900 ei
1859 2846 2003 2899 inve-

428 2957 532 3009 niri
558 2955 608 3005 in
641 2966 806 3021 pace;
837 2957 885 3001 et
926 2947 1139 3001 Domini
1179 2945 1344 2998 nostri
1403 2940 1853 3011 longanimitatem
1919 2953 2007 2989 sa-

429 3050 589 3101 lutem
630 3042 991 3103 arbitramini,
1025 3040 1159 3091 sicut
1191 3047 1235 3089 et
1270 3036 1609 3088 charissimus
1639 3034 1801 3101 frater
1834 3038 2007 3082 noster

429 3136 631 3190 Paulus
675 3132 959 3186 secundum
1020 3130 1199 3181 datam
1269 3126 1371 3179 sibi
1426 3126 1742 3191 sapientiam
1796 3122 2002 3190 scripsit

436 3229 599 3291 vobis,
623 3227 758 3278 sicut
783 3234 829 3278 et
859 3226 913 3276 in
942 3220 1181 3275 omnibus
1203 3216 1433 3287 epistolis
1469 3216 1681 3283 loquens
1711 3214 1765 3267 in
1829 3214 1902 3265 eis
1953 3220 2000 3264 et

430 3322 492 3375 de
515 3321 615 3383 his,
646 3318 701 3371 in
733 3316 920 3385 quibus
967 3321 1088 3365 sunt
1144 3312 1385 3379 quaedam
1432 3308 1663 3378 diﬁicilia
1709 3307 2000 3368 intellectu,

430 3409 761 3483 quwindocti
786 3415 834 3460 et
858 3402 1130 3459 instabiles
1152 3401 1457 3469 depravaut,
1490 3399 1623 3451 sicut
1673 3407 1722 3450 et
1788 3407 2005 3450 ca'teras

435 3504 738 3572 Scripturas
795 3498 863 3552 ad
922 3512 1073 3551 suam
1114 3496 1344 3562 ipsorum
1402 3491 1751 3560 perditionem
1783 3490 1825 3543 ’.
1883 3488 2006 3541 Haec

434 3598 577 3653 enim
610 3592 866 3664 principis
896 3588 1263 3657 apostolorum
1288 3583 1509 3639 oracula
1543 3582 1807 3638 adversus
1866 3584 2000 3635 isto-

434 3707 554 3745 rum
582 3687 860 3741 audaciam
889 3693 943 3737 et
974 3683 1301 3750 impietatem
1330 3678 1584 3748 praulicta
1610 3685 1753 3740 sunt,
1778 3674 1865 3743 qui
1900 3685 2007 3727 tam

435 3781 648 3836 Domini
703 3775 891 3840 verba,
925 3788 1083 3842 quam
1139 3770 1533 3840 apostolorum,
1567 3776 1621 3820 et
1666 3766 1802 3819 alias
1860 3765 2009 3819 Scri-

431 3886 639 3945 pturas,
666 3882 724 3923 ut
754 3869 887 3922 Acta
919 3864 1312 3935 apostolorum,
1336 3870 1390 3915 et
1438 3877 1574 3931 quas
1622 3873 1876 3913 vocamus
1915 3872 2008 3910 ca-

434 3965 664 4018 tholicas
694 3958 980 4028 Epistolas,
1025 3957 1263 4025 exceptis
1322 3953 1425 4007 illis
1484 3966 1603 4021 quae
1658 3960 1783 4006 sunt
1838 3948 2008 4014 Petri,

435 4070 569 4127 quas
600 4068 665 4107 ne
698 4052 860 4105 verbo
898 4050 1136 4119 quidem,
1172 4057 1228 4098 ut
1263 4045 1524 4109 diximus,
1589 4042 1888 4109 accipiunt,
1936 4042 2004 4096 ad

437 4148 708 4217 proprium
742 4158 978 4213 ipsorum
1013 4140 1287 4194 interitum
1340 4138 1656 4205 depravunt.
1690 4134 2010 4203 Quanquam

436 4249 491 4293 et
516 4241 646 4289 Acta
678 4235 1040 4302 apostolorum
1077 4242 1129 4286 ct
1149 4232 1386 4301 reliquas
1415 4229 1711 4287 catholicas
1734 4244 1839 4282 non
1896 4242 2013 4282 om-

439 4346 537 4385 nes
573 4327 856 4394 rccipiunt,
927 4324 1145 4394 quidam
1205 4332 1385 4376 tamen
1445 4336 1507 4375 ea
1567 4322 1859 4389 recipiunt,
1918 4321 2013 4391 sed

2107 1837 2273 1900 αὐτὸς
2298 1876 2312 1902 ,
2351 1838 2557 1905 φασὶν,
2595 1838 2675 1899 είς
2716 1836 2953 1905 σταυροῦ
2995 1837 3183 1906 σχῆμα
3216 1836 3315 1897 τὰς
3351 1840 3542 1906 χεῖρας
3576 1837 3708 1906 Egi].

2107 1929 2314 1984 πλωσε.
2348 1929 2453 1981 Τὸν
2484 1927 2704 1997 ἀληθῶς
2734 1928 2789 1980 δὲ
2826 1930 3081 1997 σταυρὸν,
3119 1927 3214 1980 ἅτε
3247 1928 3311 1996 δὴ
3345 1928 3501 1992 ξύλον
3530 1933 3703 1996 φασὶ,

2102 2023 2203 2077 καὶ
2250 2020 2574 2091 κακούργων
2602 2020 2852 2090 ὄργανον,
2882 2021 2974 2073 καὶ
3011 2021 3115 2073 ὑπὸ
3150 2020 3290 2090 ἀρὰν
3324 2024 3604 2089 κείμενον,
3638 2024 3704 2074 οὐ

2102 2109 2183 2162 δεῖ
2212 2111 2539 2177 προσκυνεῖν
2566 2110 2661 2161 καὶ
2716 2108 3081 2173 ἀσπάζεσθαι.
3118 2111 3282 2163 Ἀλλὰ
3309 2114 3405 2165 καὶ
3432 2114 3544 2183 γὰρ
3574 2117 3704 2174 τοὺς

2108 2202 2287 2269 ίεροῦς
2318 2200 2612 2269 προφήτας
2633 2238 2649 2263 ,
2682 2202 2777 2252 καὶ
2809 2202 2990 2254 πᾶσαν
3020 2201 3118 2271 τὴν
3147 2202 3390 2257 παλαιὰν
3424 2204 3659 2274 Γραφὴν
3682 2248 3698 2270 ,

2106 2294 2203 2345 xui
2232 2292 2357 2354 τοὺς
2388 2290 2582 2354 ἄλλους
2617 2292 3058 2361 ἀποστρέφονται
3086 2295 3280 2361 ἁγίους
3301 2333 3317 2359 ,
3349 2295 3557 2366 λῃστὰς
3594 2300 3701 2347 αὺ-

2105 2384 2231 2446 τοὺς
2273 2384 2366 2436 καὶ
2411 2385 2657 2445 κλέπτας
2702 2384 3132 2447 ἀποκαλοῦντες.
3176 2385 3433 2440 Μάλιστα
3475 2388 3532 2439 δὲ
3585 2386 3699 2438 τῶν

2105 2476 2419 2529 ἀποστόλων
2452 2476 2543 2529 τὸν
2579 2479 2879 2547 κορυφαῖον
2918 2476 3122 2547 Πέτρον
3154 2464 3574 2548 δυσφημοῦσιν,
3614 2479 3700 2530 δτι

2107 2569 2329 2636 γέγονεν
2362 2568 2585 2636 ἔξαρνος
2616 2569 2712 2638 τῆς
2743 2570 2823 2631 είς
2853 2569 2945 2621 τὸν
2973 2569 3296 2624 διδάσκαλον
3329 2572 3424 2623 καὶ
3454 2571 3700 2640 Χριστὸν

2109 2661 2368 2724 πίστεως,
2404 2661 2581 2712 καίτοι
2613 2677 2676 2728 γε
2707 2661 2801 2714 τοῦ
2831 2661 3163 2716 διδασκάλου
3195 2663 3378 2715 αὐτῶν
3408 2665 3697 2725 meum;

2105 2749 2439 2819 διαπρυσίως
2471 2750 2655 2813 αὐτοῖς
2689 2751 3017 2820 ιμεοῶντος,
3048 2755 3143 2805 καὶ
3177 2754 3427 2821 λέγοντος
3460 2754 3536 2817 ὡς
3570 2756 3691 2807 Οὐκ

2108 2844 2223 2911 εἰμὶ
2257 2842 2365 2909 ἐγὼ
2402 2841 2770 2911 ἄσπλαγχνος,
2806 2842 2882 2906 ὡς
2917 2847 2944 2897 ὁ
2981 2846 3235 2914 Χριστὸς,
3272 2848 3300 2899 ὁ
3336 2845 3530 2910 εἰπὼν,
3554 2847 3704 2900 ὀσ-

2109 2950 2200 2999 τις
2224 2950 2301 3002 με
2331 2932 2671 3001 ἀρνήσηται
2702 2933 3045 3003 ἔμπροσθεν
3068 2935 3187 2987 τῶν
3212 2935 3558 3004 ἀνθρώπων,
3595 2939 3703 3005 ἁρ-

2107 3026 2369 3094 νήσομαι
2399 3027 2587 3079 αὑτὸν
2619 3026 2799 3095 κάγώ.
2843 3026 2983 3078 Ἀλλ’
3010 3028 3121 3095 ἐγὼ
3138 3029 3304 3097 λέγω,
3328 3030 3432 3083 Τὸν
3449 3032 3704 3101 ἀρνησὰ-

2116 3117 2277 3188 μενόν
2309 3133 2375 3187 με
2409 3118 2549 3187 μετά
2578 3119 2757 3187 χαρᾶς
2790 3118 3186 3189 προσδέχομαι,
3216 3121 3313 3175 καὶ
3339 3121 3436 3191 τὴν
3467 3125 3709 3192 ἄρνησ.ν

2112 3208 2277 3261 αὐτοῦ
2301 3249 2315 3273 ,
2352 3211 2446 3263 καὶ
2478 3210 2538 3262 τὸ
2567 3209 2761 3279 ψεῦδος
2785 3250 2798 3273 ,
2834 3211 2909 3273 ὡς
2944 3212 3198 3281 φυλακὴν
3233 3214 3328 3265 καὶ
3362 3217 3709 3284 συντήρησιν

2113 3304 2211 3364 τῆς
2245 3302 2385 3371 ἐμῆς
2416 3302 2713 3374 ὁμολογίας
2744 3305 3044 3374 ἡγήσομαι.
3075 3306 3216 3357 Ἀλλ’
3238 3303 3332 3360 οῦν
3357 3307 3531 3370 οὕτως
3558 3309 3709 3377 ἔχοι.

2112 3412 2231 3458 τες,
2269 3400 2362 3447 καὶ
2400 3397 2666 3465 μυριάκις
2700 3398 2797 3467 τὴν
2833 3398 3044 3452 ἑαυτῶν
3080 3398 3476 3470 ἐξαρνούμενοι
3516 3403 3707 3455 πίστιν

2114 3489 2270 3542 αὐτοὶ
2298 3489 2390 3541 τὸν
2422 3489 2559 3557 πρὸς
2597 3491 2771 3561 βραχύ
2804 3508 2857 3543 τι
2892 3492 3164 3546 τοσούτων
3198 3494 3378 3562 φόϐων
3412 3512 3709 3565 περιέστη.

2116 3580 2288 3631 κότων
2315 3578 2660 3648 ἀνθρώπινόν
2693 3596 2739 3631 τι
2772 3581 3016 3635 παθόντα
3047 3584 3276 3653 Πέτρον,
3309 3590 3404 3637 καὶ
3434 3588 3572 3655 πρὸς
3609 3589 3711 3657 ἄρα

2115 3688 2273 3743 νησιν
2306 3672 2746 3743 ὑπολισθήσαντα
2779 3675 3088 3743 ἀπόϐλητον
3119 3677 3410 3740 παντελῶς
3442 3683 3538 3731 καὶ
3568 3682 3710 3732 ἁπο-

2115 3769 2376 3837 τρόπαιον
2418 3767 2681 3834 τίθενται,
2724 3769 2785 3820 οὐ
2838 3768 2905 3819 δι’
2936 3769 2965 3820 ὃ
3014 3772 3479 3838 προφασίζονται,
3526 3773 3647 3823 ἀλλ’
3678 3773 3706 3825 δ

2119 3859 2315 3928 σιγῶσι
2347 3861 2440 3913 καὶ
2469 3860 2953 3929 ἀποκρύπτονται·
3009 3862 3147 3915 διότι
3182 3865 3312 3934 περὶ
3340 3868 3438 3935 τῆς
3466 3868 3709 3919 ἀποστα-

2120 3952 2240 4016 σίας
2298 3954 2481 4007 αὑτῶν
2539 3956 2959 4026 προανεκήρυξε
3017 3957 3194 4023 λέγων
3224 3972 3240 3989 ⁸
3304 3959 3708 4013 Σπουδάσατε

2118 4045 2367 4100 ἄσπιλοι
2400 4048 2497 4099 καὶ
2534 4047 2759 4115 ἀμωμοι
2794 4047 2954 4113 αὐτῷ
2986 4049 3307 4116 εὑρεθῆναι
3347 4052 3420 4103 ἐν
3450 4053 3667 4119 εἰρήνῃ
3688 4093 3705 4115 ,

2119 4138 2217 4193 καὶ
2244 4140 2357 4206 τὴν
2381 4140 2486 4192 τοῦ
2517 4141 2737 4208 Κυρίου
2766 4140 2935 4210 ἡμῶν
2952 4146 3373 4211 μακροθυμίαν
3397 4146 3711 4211 σωτηρίαν

2120 4229 2387 4300 ἡγεῖσθε,
2431 4231 2626 4296 καθὼς
2670 4231 2771 4285 καί
2815 4235 2847 4286 ὀ
2894 4233 3203 4302 ἀγαπητὸς
3245 4234 3416 4304 ἡμῶν
3458 4237 3709 4302 Παῦλος

2122 4322 2269 4377 κατὰ
2303 4322 2417 4390 τὴν
2452 4322 2735 4377 δοθεῖσαν
2768 4326 2931 4389 αὐτῴ
2974 4327 3203 4393 σοφίαν
3235 4327 3505 4395 ἔγραψεν
3538 4328 3705 4395 ὑμῖν,

438 4435 627 4474 omnes
659 4434 768 4470 uno
801 4430 1071 4470 consensu
1111 4413 1362 4481 rejiciuut
1391 4410 1708 4481 prophetas,
1747 4424 1801 4466 et
1845 4411 2003 4466 Vetus

2122 4416 2221 4470 καὶ
2256 4415 2325 4468 ἐν
2359 4414 2585 4481 πάσαις
2617 4415 2745 4481 ταῖς
2784 4416 3135 4483 ἐπιστολαῖς
3169 4414 3355 4474 αὑτοῦ
3392 4420 3601 4473 λαλῶν
3634 4422 3709 4472 ἐν

439 4508 871 4573 Testamentum,
912 4517 967 4563 et
1013 4508 1292 4561 universos
1337 4516 1573 4571 sanctos,
1627 4504 1714 4572 qui
1780 4504 1833 4557 in
1901 4504 2014 4572 ipso

440 4605 643 4660 iuerint
674 4602 934 4666 illustres,
963 4609 1016 4653 et
1068 4598 1368 4669 principem
1439 4595 1835 4666 apostolorum.
1878 4595 2019 4650 Con~

436 4714 623 4754 sessus
648 4710 773 4750 suos
818 4692 1137 4748 catholicum
1194 4690 1467 4759 appellant
1526 4689 1844 4752 Ecclesiam,
1882 4704 2021 4758 pra:-

440 4797 627 4845 sz-rtim
655 4804 774 4843 cum
806 4789 870 4842 ad
904 4785 1237 4857 precandum
1289 4792 1343 4837 ct
1372 4783 1437 4835 ad
1468 4796 1555 4842 ea,
1598 4798 1719 4849 qua:
1759 4784 1824 4834 all
1895 4782 2019 4834 reli-

440 4891 650 4958 gionem
701 4885 991 4953 pertinent,
1045 4881 1367 4950 inquirenda
1400 4890 1840 4949 congregantur;
1900 4894 2021 4947 pre-

444 4982 683 5035 ‹·;ιιοὶιιεε
714 4978 854 5033 enim
893 4991 1020 5030 suas
1047 4988 1335 5051 consessus
1402 4979 1617 5025 vocant.
1655 4970 1796 5037 Quin
1854 4974 2019 5025 etiam

443 5091 560 5128 cum
594 5070 740 5137 bnpti
776 5082 919 5121 mum
961 5073 1345 5131 aspernentur.
1374 5060 1708 5115 illuftamcn
1730 5077 1785 5113 se
1817 5060 2024 5129 lingunt

440 5166 754 5233 suscipere;
791 5174 914 5213 nam
945 5156 1217 5224 Evangelii
1249 5160 1411 5208 verba
1470 5153 1803 5222 baptismum
1836 5154 2023 5206 existi-

440 5267 606 5315 munt,
630 5254 881 5325 quoniam
946 5248 1226 5310 Dominus,
1297 5245 1405 5315 Ego
1458 5261 1597 5309 sum,
1643 5246 1835 5314 inquit,
1877 5262 2014 5314 aqua

440 5354 553 5403 viva
577 5349 615 5410 ἓ.
646 5349 899 5399 Attamen
932 5358 1051 5396 cum
1082 5343 1132 5394 in
1165 5339 1469 5408 graviorem
1492 5338 1727 5405 aliquem
1760 5339 2006 5392 morbum

438 5440 761 5501 inciderint,
794 5437 955 5489 eliaui
993 5434 1279 5503 pretioszun
1320 5448 1381 5483 ac
1435 5429 1727 5482 salutarem
1795 5446 2010 5484 crttcem

437 5549 499 5588 ex
530 5535 678 5604 ligno
714 5530 1013 5586 conlectam
1043 5528 1146 5582 sibi
1178 5524 1307 5594 ipsis
1346 5526 1652 5591 impommt.
1698 5521 1897 5577 Deinde
1964 5526 2007 5577 si

510 5710 525 5739 ί
569 5708 815 5772 Mutilus,
844 5709 932 5761 35.
1009 5707 1029 5737 ⁸
1072 5705 1114 5758 Π
1139 5707 1281 5762 Pctr.
1321 5724 1403 5772 tu,
1438 5708 1621 5763 l-i-lti.

2118 4508 2326 4573 αὑταῖς
2355 4509 2488 4576 περὶ
2522 4509 2769 4572 τούτων,
2801 4508 2871 4561 ἐν
2899 4505 2989 4575 οἷς
3019 4511 3152 4563 ἐστι
3183 4510 3497 4577 δυσνόητά
3528 4530 3665 4563 τινα
3687 4552 3707 4575 ,

2114 4602 2153 4655 ἁ
2178 4603 2231 4655 ol
2261 4600 2498 4669 ἀμαθεῖς
2534 4601 2631 4653 καί
2660 4601 3012 4669 ἀστήρικτοι
3039 4603 3464 4671 στρεϐλοῦσιν,
3493 4603 3575 4668 ὡς
3601 4606 3703 4655 καί

2117 4693 2223 4755 τὰς
2256 4692 2473 4758 λοιπὰς
2494 4691 2743 4761 Γραφὰς
2776 4694 2927 4759 πρὸς
2962 4692 3075 4761 τὴν
3108 4694 3273 4746 ἰδίαν
3306 4693 3503 4747 αὐτῶν
3536 4694 3706 4745 dati»-

2117 4789 2308 4839 λειαν.
2339 4785 2419 4837 Τὰ
2454 4785 2558 4855 γὰρ
2588 4786 2683 4837 τοῦ
2715 4787 3018 4853 κορυφαίου
3050 4784 3224 4838 ταῦτα
3252 4786 3408 4853 λόγια
3439 4788 3709 4856 ἄντικρυς

2117 4879 2215 4948 τὴν
2258 4878 2434 4931 αὐτῶν
2483 4876 2962 4948 προανακηρύττει
3008 4880 3214 4946 τόλμαν
3258 4894 3317 4929 τε
3365 4878 3459 4930 καὶ
3506 4879 3709 4930 δυσσέο

2119 4974 2295 5038 δειαν,
2322 4972 2373 5025 οἳ
2400 4972 2539 5025 αῦτά
2564 4987 2621 5022 τε
2650 4972 2718 5023 τὰ
2749 4971 3006 5039 Κυριακὰ
3038 4970 3219 5036 λόγια,
3252 4971 3351 5022 καὶ
3376 4971 3440 5022 τὰ
3469 4974 3711 5024 ἀποστο-

2117 5066 2266 5129 λικά,
2298 5065 2394 5117 καὶ
2425 5064 2522 5125 τὰς
2560 5062 2725 5123 ἄλλας
2762 5062 3017 5130 Γραφάς,
3054 5062 3203 5130 φημὶ
3236 5061 3300 5129 δὴ
3332 5063 3427 5123 τάς
3457 5079 3515 5113 τε
3554 5062 3708 5127 Πρὰ-

2116 5158 2229 5223 ξεις
2258 5157 2368 5210 τῶν
2398 5156 2743 5217 ἀποστόλων,
2773 5155 2863 5205 καὶ
2895 5154 2994 5216 τὰς
3029 5152 3343 5215 Καθολικὰς
3376 5153 3702 5219 λεγομένας,

2120 5250 2261 5317 πλὴν
2304 5248 2411 5300 τῶν
2438 5246 2867 5315 ἀναφερομένων
2907 5245 2987 5306 είς
3011 5243 3100 5297 τὸν
3129 5246 3456 5314 κορυφαῖον,
3482 5242 3707 5306 ὲκείνας

2122 5340 2227 5407 γὰρ
2263 5339 2386 5389 οὐδὲ
2418 5340 2526 5398 τοῖς
2566 5339 2777 5408 ῥήμασι
2817 5335 3225 5406 παραδέχονται
3253 5376 3269 5401 ,
3307 5335 3702 5406 στρεϐλοῦσιν,

2120 5434 2193 5492 ὼς
2232 5432 2483 5500 εἴρηται,
2517 5434 2611 5482 καὶ
2648 5430 3044 5497 διαστρέφουσι
3078 5431 3219 5500 πρὸς
3251 5432 3348 5498 τὴν
3382 5430 3514 5482 ἰδίαν
3548 5427 3703 5481 ἀπώ-

2120 5524 2291 5574 λειαν.
2327 5523 2435 5575 Ku‘t
2464 5522 2559 5585 τὰς
2600 5520 2833 5591 Πράξεις
2868 5520 2925 5572 δὲ
2956 5521 3065 5576 τῶν
3094 5525 3449 5591 ἀποστόλων,
3480 5525 3575 5575 καὶ
3605 5524 3702 5582 τὰς

1704 5709 1721 5739 ³
1747 5706 1902 5763 Juau.
1938 5708 2137 5773 1",“);
2184 5724 2279 5771 vn,
2317 5708 2406 5762 38.
