4012 6216
440 288 582 358 1197
1372 293 1754 355 PANOPLIA
1794 291 2008 353 DOGM

2113 291 2257 356 lCA.
2287 317 2359 357 -ξ
2397 295 2545 357 ΤῘΤ.
2592 296 2797 359 XXIV.
3556 298 3691 368 1198

436 407 758 471 Καθολικάς
791 408 852 462 ού
886 407 1089 472 πάντες
1123 406 1305 462 αὐτῶν
1339 406 1746 479 συναρμόζουσι
1779 410 1890 468 τοῖς
1926 405 2010 461 ἀλ·

2127 407 2531 474 convaluerint,
2558 424 2678 466 eam
2708 410 3073 480 perfringunt,
3120 424 3220 473 aut.
3271 416 3595 474 conculcari:
3642 433 3697 477 et

434 503 570 566 λοις,
613 500 723 554 είσὶ
763 500 822 553 δὲ
864 499 914 553 οἳ
959 500 1055 553 καὶ
1100 498 1505 553 συντάττουσιν.
1541 498 1706 552 Ἀλλά
1749 503 1878 570 περὶ
1925 497 2010 569 μὲι

2129 497 2409 566 abjicinnt.
2447 501 2673 557 Liberos
2703 502 2867 556 etiam
2907 519 3037 585 suos
3069 505 3139 561 ab
3174 507 3427 563 Ecclesiae
3480 511 3701 582 presby-
3737 516 3759 556 Ι

429 594 544 648 τῶν
574 590 895 663 προφητῶν,
931 592 1026 644 καὶ
1052 591 1153 660 τῆς
1182 591 1424 655 παλαιᾶς
1459 591 1762 661 Διαθήκης,
1793 589 1887 644 καὶ
1912 590 2022 645 τῶν

430 685 554 740 κατ’
578 682 750 754 αὐτὴν
779 682 987 736 λοιπῶν
1015 683 1186 751 ἁγίων
1212 683 1369 736 διαλα
1380 682 1661 752 μψάντων,
1691 684 1785 735 καὶ
1810 681 1906 735 τοῦ
1934 700 2024 735 κο-

433 777 669 852 ρυφαίου
698 776 810 829 τῶν
839 774 1160 829 ἀποστόλων
1192 775 1338 829 οὕτω
1370 777 1649 847 μεμήνασι
1672 791 1686 805 ’
1720 774 2022 846 καθολικὴν

426 869 487 923 δὲ
516 866 847 938 Ἐκκλησίαν
887 865 1217 919 τὰχέαυτῶν
1258 867 1486 920 καλοῦσι
1536 865 1816 937 συνέδρια,
1859 867 2022 938 ἡνίκα

429 960 672 1032 μάλιστα
707 957 844 1027 πρὸς
873 958 1002 1022 τοὺς
1036 958 1285 1022 εὐσεϐεῖς
1316 957 1514 1026 λόγους
1558 958 1654 1011 καὶ
1686 959 2021 1029 συζητήσεις

424 1051 660 1107 κινοῦσι.
695 1051 839 1106 Καθ’
862 1051 1095 1115 ἑαυτοὺς
1132 1054 1240 1121 γὰρ
1279 1049 1591 1121 προσευχὰς
1626 1049 1889 1103 καλοῦσιν
1920 1051 2021 1103 αύ-

421 1142 529 1198 τῶν
554 1143 626 1196 τὰ
658 1141 937 1212 συνέδρια.
966 1142 1044 1194 υύ
1080 1142 1190 1212 μὴν
1220 1139 1359 1195 ἀλλὰ
1390 1142 1487 1194 καὶ
1516 1141 1577 1193 τὸ
1609 1143 1877 1211 σωτήριον
1902 1140 2019 1193 δια-

423 1235 688 1299 πτύοντες
741 1234 1060 1305 βάπτισμα,
1111 1233 1554 1288 ύποπλάττονται
1605 1233 2016 1304 παραδέχεσθαι

423 1328 594 1391 αύτδ,
625 1327 696 1382 τά
727 1326 822 1381 τοῦ
862 1326 1202 1397 Εὐαγγελίου
1241 1327 1466 1398 ῥήματα
1501 1326 1791 1396 βάπτισμα
1823 1325 2015 1380 νοοῦν-

419 1438 535 1485 τες.
583 1422 695 1474 Καὶ
735 1419 871 1491 γάρ,
918 1421 1107 1488 φασιν,
1150 1422 1178 1474 ὁ
1220 1420 1426 1491 Κύριος
1452 1419 1591 1490 ἔφη*
1622 1416 1771 1487 Ἐγώ
1807 1421 1923 1490 ειμι
1949 1416 2017 1472 τὸ

420 1511 580 1579 ὕδωρ
606 1510 674 1564 τὸ
703 1507 837 1571 ζῶν.
869 1510 1017 1579 Πλὴν
1048 1508 1273 1562 ἐπειδὰν
1306 1506 1655 1578 σφοδροτέρῳ
1686 1506 1795 1558 τινὶ
1825 1522 2017 1575 σωμα-

417 1603 560 1673 τικῷ
589 1604 861 1672 νοσήματι
890 1601 1259 1672 περιπέσωσι,
1290 1600 1388 1652 καὶ
1417 1598 1508 1652 τὸν
1536 1598 1723 1667 τίμιον
1752 1596 1851 1650 καὶ
1881 1596 2015 1661 ζωο-

418 1695 576 1749 ποιὸν
604 1693 838 1764 σταυρὸν
863 1692 953 1746 τον
977 1693 1042 1745 ὲκ
1069 1689 1164 1744 τοῦ
1199 1689 1360 1755 ξύλου
1393 1690 1773 1762 πεποιημένον
1799 1690 2015 1752 ἑαυτοῖς

2128 592 2260 646 teris
2295 593 2517 648 salutari
2548 594 2821 664 baptismo
2861 597 3045 660 volunt
3093 598 3384 667 aliquando
3430 601 3651 657 lustrari
3687 619 3705 660 :

2124 685 2442 740 existimant
2501 689 2644 742 enim
2714 705 2933 743 crucem
2993 702 3047 744 et
3107 694 3434 762 baptismum
3490 698 3704 763 corpori

2125 775 2383 844 prodesse
2416 776 2659 832 homines
2683 779 3175 851 omniadjttmento
3236 781 3702 852 indunt-ﬂoruit:

2127 874 2307 918 tamen
2347 866 2452 920 vim
2488 866 2558 920 ad
2584 869 2787 922 anima?
2820 871 3198 941 purgatimt‘em
3220 874 3541 939 "pervortito
3594 890 3703 927 non

2123 965 2340 1025 putant,
2376 974 2474 1013 nec
2509 959 2669 1014 ullam
2703 960 2866 1016 aliam
2902 963 3157 1037 afferre"
3183 950 3494 1031 utilitatem.
3553 965 3705 1022 Nou-

2124 1047 2255 1101 nulli
2286 1050 2448 1104 etiatn
2514 1050 2779 1120 ipsorum,
2830 1068 2938 1123 quo
2980 1048 3704 1129 simpliciores'decipinnt,

2122 1139 2344 1208 pretiosi
2371 1143 2615 1209 corporis
2643 1154 2697 1197 et
2719 1147 3002 1213 sanguinis
3029 1146 3236 1201 [tornini
3261 1150 3699 1205 communionem

2122 1230 2456 1301 suscipiunt.
2493 1234 2573 1287 Ad
2616 1234 2733 1291 haec
2764 1244 2863 1290 nec
2886 1220 3171 1292 catholicae
3228 1225 3502 1295 Ecclesia
3547 1256 3706 1310 pres-

2119 1319 2363 1392 byteros.
2394 1340 2496 1379 nec
2564 1326 2804 1396 reliquos
2857 1325 3170 1384 sacerdotes
3214 1344 3255 1382 rt
3275 1330 3519 1400 cipiunt,
3574 1348 3709 1402 quo-

2119 1416 2262 1469 niam
2297 1414 2500 1471 Christi
2546 1425 2864 1476 consessum
2920 1406 3232 1485 sacerdotes
3262 1431 3340 1477 et
3401 1425 3706 1495 presbyteri

2115 1507 2296 1576 pepuli
2319 1510 2680 1565 constituunt.
2713 1511 2817 1576 Eos
2840 1521 3017 1567 autem
3053 1498 3151 1583 qui
3171 1498 3312 1584 apud
3339 1516 3497 1587 ipsos
3516 1529 3704 1571 sacer.

2116 1598 2302 1654 dotum
2341 1602 2583 1657 ordinem
2602 1603 2869 1681 obtinent,
2900 1618 3007 1660 non
3030 1592 3701 1685 Sacerdot'egspd‘socios

2115 1702 2171 1747 et
2200 1693 2444 1748 notarios
2472 1704 2691 1749 vocant.
2725 1696 2900 1765 Atque
2934 1698 3107 1752 hinec
3132 1697 3361 1771 habitu“,
3386 1710 3498 1754 nec
3536 1693 3704 1771 victu,

416 1788 782 1845 ἐπιτιθέασιν.
818 1787 1053 1840 Ἔπειτα
1093 1784 1472 1855 τυγχάνοντες
1502 1784 1605 1855 τῆς
1650 1783 1850 1845 ἰάσεως
1890 1782 2010 1835 δια-

2117 1798 2216 1838 nec
2246 1782 2351 1838 ulla
2392 1784 2496 1838 alia
2534 1785 2752 1841 ratione
2788 1785 3003 1842 vivendi
3033 1763 3707 1862 modumygrayioremj-Os;

419 1882 590 1936 θλῶσι
636 1881 854 1946 τοῦτον,
901 1879 935 1950 ἢ
988 1878 1337 1949 συμπατοῦσι
1386 1876 1486 1929 καὶ
1534 1875 2003 1947 ἀπορρίπτουσιν.

429 1970 593 2030 Ἀλλά
618 1972 861 2033 καὶτοὺς
888 1967 1089 2030 παῖδας
1113 1967 1296 2021 αὐτῶν
1319 1966 1426 2019 ὑπὸ
1448 1966 1559 2019 τῶν
1579 1966 1679 2036 τῆς
1708 1965 2008 2035 ἐκκλησίας

416 2062 810 2134 πρεσϐυτέρων
849 2060 1116 2123 πολλάκις
1159 2057 1239 2129 τῷ
1282 2058 1542 2128 σωτηρίῳ
1583 2056 1799 2120 ἀξιοῦσι
1843 2074 2012 2126 φωτι-

417 2157 618 2226 σθῆναι
665 2154 1029 2226 βαπτίσματι,
1072 2149 1379 2231 λυσιτελεῖν
1417 2149 1499 2221 τῷ
1547 2148 1765 2220 σώματι
1807 2150 1900 2202 τόν
1946 2165 2009 2201 τε

416 2246 653 2319 σταυρὸν
685 2245 780 2298 καὶ
808 2245 870 2297 τὸ
908 2243 1195 2314 βάπτισμα
1228 2242 1279 2294 oi.
1321 2241 1505 2310 πάσης
1540 2239 1816 2310 ὠφελείας
1850 2238 2009 2308 λογο-

414 2338 699 2400 ποιοῦντες
727 2336 940 2401 άνάξιοι
959 2375 975 2400 ,
1007 2334 1086 2407 μὴ
1119 2333 1302 2405 μέντοι
1330 2350 1395 2401 γε
1426 2332 1727 2388 διαϐαίνειν
1753 2332 1855 2403 τὴν
1883 2330 2010 2384 τού-

413 2448 523 2487 των
562 2429 847 2501 ἐνέργειαν
893 2431 975 2491 εἰς
1018 2427 1197 2495 ψυχῆς
1249 2424 1545 2494 κάθαρσιν,
1592 2424 1627 2494 ἦ
1674 2441 1795 2477 τινα
1839 2422 2009 2490 ἀλλην

414 2522 620 2593 ταύτην
642 2520 934 2591 ὠφέλειαν.
963 2518 1153 2572 Πολλοὶ⁸
1179 2502 1237 2569 δὲ
1262 2515 1445 2571 αὐτῶν
1473 2517 1567 2568 καὶ
1592 2518 1694 2587 τῆς
1722 2516 2009 2578 κοινωνίας

411 2616 509 2671 τοῦ
539 2615 726 2685 τιμίου
767 2614 1021 2682 σώματος
1061 2611 1158 2665 καὶ
1192 2609 1426 2681 αἵματος
1467 2608 1710 2680 Χριστοῦ
1740 2608 1836 2661 τοῦ
1873 2594 2008 2661 Θεοῦ

412 2707 573 2780 ὴμῶν
615 2706 1103 2780 μεταλαμϐάνουσι
1147 2704 1284 2774 πρὸς
1330 2701 1613 2771 ὲξαπάτην
1653 2700 1763 2753 τῶν
1804 2701 2009 2754 άπλου-

2118 1874 2499 1957 tendunt,quo
2527 1893 2557 1932 a
2609 1878 2806 1948 populo
2860 1878 3292 1952 distinguantur.
3336 1868 3703 1949 Evangelimn

2113 1978 2359 2021 nostrum
2389 1977 2497 2021 non
2525 1967 2774 2023 dubitant
2802 1970 3053 2037 adorare,
3094 1972 3185 2025 ubi
3215 1972 3466 2040 pretiosae
3522 1973 3705 2026 crucis

2113 2057 2284 2129 figura
2320 2074 2427 2114 non
2465 2070 2550 2114 est
2580 2059 2870 2130 impressa,
2905 2075 3011 2116 non
3081 2050 3263 2119 autem
3298 2063 3375 2129 .in
3434 2079 3497 2125 ea
3551 2073 3706 2133 parte

2112 2147 2262 2216 libri,
2294 2151 2349 2205 in
2380 2167 2486 2222 qua
2511 2154 2692 2208 crucis
2741 2154 2917 2225 imago
2936 2154 3028 2209 sit.
3066 2153 3266 2211 Dicunt
3295 2144 3477 2227 autem
3534 2172 3594 2212 se
3643 2157 3704 2214 li-

2112 2247 2270 2303 brum
2301 2249 2534 2303 adorare
2566 2259 2821 2319 tanquam
2858 2249 3073 2305 Domini
3108 2252 3702 2309 serntones'conlinen-

2115 2351 2247 2394 tem.
2280 2340 2460 2410 Atque
2491 2342 2561 2395 ita
2587 2343 2803 2412 quidem
2836 2342 2987 2412 impii
3020 2336 3505 2414 deprehenduntur
3534 2349 3603 2403 in
3630 2350 3700 2403 iis

2112 2449 2234 2504 qua:
2261 2431 2329 2487 ad
2362 2434 2674 2505 dogmatum
2714 2436 2977 2492 rationem
2999 2437 3293 2505 pertinent,
3314 2448 3373 2492 ut
3406 2445 3463 2494 et
3503 2457 3532 2495 a
3558 2443 3704 2496 veri-

2115 2537 2224 2583 tate
2246 2537 2300 2583 et
2332 2529 2475 2583 inter
2494 2543 2554 2582 se
2579 2527 2801 2583 omnino
2826 2529 3171 2585 dissentiant.
3192 2528 3320 2586 Vita
3355 2545 3537 2587 autem
3565 2535 3707 2603 ipsi»

2117 2636 2234 2674 rum
2270 2619 2428 2689 plena
2453 2629 2538 2676 est
2572 2619 3026 2689 intemperantiae,
3071 2624 3228 2691 plena
3262 2611 3589 2690 flagitiorum
3649 2633 3706 2681 et

2112 2708 2401 2774 scelerum,
2418 2723 2538 2779 qua:
2559 2724 2658 2765 nec
2689 2709 2796 2765 dici
2815 2721 3064 2779 possunt,
3090 2727 3190 2767 nec
3211 2714 3462 2780 cogitari.
3485 2697 3704 2770 Utrius-

413 2806 647 2877 στέρων.
683 2804 810 2856 Ἐπὶ
838 2802 898 2855 δὲ
923 2803 1038 2864 τοῖς
1064 2799 1383 2871 είρημένοις
1413 2798 1537 2850 οὐδὲ
1561 2796 1691 2858 τοὺς
1716 2796 1818 2867 τῆς
1847 2794 2010 2848 καθυ-

2114 2815 2221 2870 que
2271 2801 2417 2856 euim
2474 2813 2683 2858 natura
2736 2803 3119 2858 commistione
3175 2808 3293 2859 sine
3341 2793 3451 2861 ullo
3505 2807 3705 2862 rubere

412 2897 573 2967 λικῆς
596 2888 944 2964 ”Εκκλησίας
979 2890 1396 2962 πρεσϐυτέρους
1418 2928 1433 2956 ,
1470 2887 1592 2940 οὐδὲ
1624 2888 1751 2950 τοὺς
1784 2886 2010 2948 λοιποὺς

2114 2891 2181 2945 ad
2217 2891 2482 2947 nefariam
2501 2907 2717 2948 omnem
2746 2894 3119 2962 intpuritatem
3187 2897 3510 2965 abutuntur,
3563 2897 3703 2953 adeo

415 2990 585 3061 ἱερεῖς
627 2986 1024 3058 ἀποδέχονται·
1070 2982 1230 3048 διότι,
1273 2981 1431 3051 φασὶ,
1474 2980 1536 3033 τὸ
1582 2983 1729 3035 κατά
1770 2976 2009 3048 Χριστοῦ

2114 2992 2177 3039 ut
2212 2985 2457 3056 ipsorum
2489 2987 2708 3057 quidam
2748 2988 2912 3043 etiam
2943 2988 3066 3043 cum
3102 2990 3370 3044 matribus
3405 3002 3704 3046 consuetu-

415 3082 696 3153 συνέδριον
728 3081 778 3133 οί
812 3081 980 3149 ἱερεῖς
1017 3077 1114 3131 καὶ
1147 3075 1513 3147 πρεσϐύτεροι
1544 3072 1641 3126 τοῦ
1677 3069 1811 3124 λαοῦ
1848 3088 2010 3124 συνε-

2113 3076 2296 3131 dinem
2328 3077 2532 3133 habere
2566 3079 2842 3134 dicantur.
2879 3077 3141 3134 Ebrietati
3176 3088 3230 3134 et
3258 3079 3488 3136 luxuriae
3537 3091 3703 3136 totam

412 3175 705 3245 στήσαντο.
730 3172 868 3234 Τοὺς
898 3169 1084 3242 μέντοι
1110 3167 1242 3237 παρ’
1267 3167 1451 3228 αὐτοῖς
1482 3164 1677 3235 ἱερέων
1705 3162 1859 3228 τάξιν
1883 3165 2012 3215 ἐπέ-

411 3281 609 3338 χοντας
640 3264 738 3333 οὐχ
770 3264 940 3335 ἱερεῖς
960 3302 976 3326 ,
1009 3260 1148 3314 ἀλλά
1179 3259 1559 3328 συνεκδήμους
1590 3255 1686 3309 καὶ
1712 3254 2010 3325 ⁵νοταρίους

410 3358 865 3428 ὶπονομάζουσιν.
901 3350 1060 3409 Οὗτοι
1089 3353 1146 3406 δὲ
1179 3351 1303 3406 οὕτε
1340 3352 1611 3420 σχήματι,
1641 3346 1769 3401 οὔτε
1802 3348 2009 3419 διαίτῃ,

411 3454 540 3508 οὔτε
573 3453 683 3505 τινὶ
719 3450 869 3521 ἄλλῳ
903 3449 1091 3520 τρόπῳ
1133 3445 1250 3517 βίον
1286 3446 1620 3516 σεμνότερον
1654 3443 2007 3512 χαρακτηρί-

412 3548 579 3613 ζοντα
601 3545 662 3599 τὸ
686 3544 946 3614 διάφορον
971 3539 1150 3594 αὐτῶν
1175 3539 1314 3609 πρὸς
1340 3536 1402 3589 τὸ
1430 3534 1640 3604 πλῆθος
1664 3533 2007 3586 ἐπιδείκνυν-

409 3657 524 3694 ται.
557 3638 631 3690 Τὸ
666 3637 723 3690 δὲ
756 3636 887 3706 παρ’
913 3635 1049 3705 ὴμῖν
1082 3630 1421 3698 Εὐαγγέλιον
1454 3628 1554 3679 οὐκ
1589 3622 2008 3688 ὲπιδιστάζουσι

411 3731 784 3805 προσκυνεῖν,
835 3728 899 3780 ού
960 3724 1068 3797 μὴν
1114 3722 1250 3778 ἔνθα
1298 3718 1396 3774 τοῦ
1447 3717 1632 3789 τιμίου
1687 3714 1929 3785 σταυροῦ
1979 3717 2009 3768 ὁ

408 3802 582 3885 τύπος
618 3802 1052 3892 ὲγκεχάρακται,
1086 3813 1206 3869 ἀλλ’
1229 3815 1289 3867 ὲν
1321 3810 1401 3879 τῷ
1439 3807 1616 3879 λοιπῷ
1654 3806 1752 3862 τοῦ
1789 3806 2002 3877 βιϐλίου

413 3915 596 3988 μέρει,
623 3918 681 3967 ὲν
710 3905 755 3982 ᾧ
783 3913 846 3966 τὸ
879 3909 1251 3978 ἀπεικόνισμα
1281 3904 1377 3959 τοῦ
1418 3899 1661 3974 σταυροῦ
1703 3900 1781 3972 μὴ
1813 3899 2009 3970 διαση-

414 4011 690 4081 μαίνεται.
733 4005 872 4058 Φασὶ
915 4002 974 4057 δὲ
1009 4002 1072 4057 τὸ
1117 3999 1326 4072 βιϐλίον
1364 3996 1722 4070 προσκυνεῖν,
1764 3993 1843 4059 ὡς
1878 3993 2007 4058 τοὺς

408 4103 767 4163 δεσποτικοὺς
801 4097 1060 4170 περιέχον
1091 4094 1309 4163 λόγους.
1334 4091 1476 4147 Ἀλλ’
1497 4092 1599 4146 ὅσα
1638 4090 1740 4161 μὲν
1771 4089 1851 4151 είς
1885 4087 2013 4157 δογ-

411 4197 601 4266 μάτων
647 4194 844 4262 ἀνήκει
900 4190 1095 4260 λόγον,
1145 4187 1321 4250 οὕτως
1369 4185 1480 4241 εἰσὶ
1529 4182 1814 4246 δυσσεϐεῖς
1839 4221 1857 4250 ,
1911 4187 2010 4241 καὶ,

409 4285 548 4357 πρὸς
597 4286 697 4355 τὴν
747 4282 1046 4352 ἀλήθειαν,
1098 4280 1196 4334 καὶ
1247 4278 1387 4349 πρὸς
1436 4277 1669 4339 ἑαυτοὺς
1723 4273 2007 4336 παντελῶς

408 4376 756 4446 ἀσύμφωνοι.
793 4373 860 4425 Ἠ
901 4372 961 4425 δὲ
1002 4369 1249 4423 πολιτεία
1284 4368 1494 4421 τούτων
1529 4370 1694 4437 γέμει
1739 4366 1839 4435 μὲν
1870 4364 2005 4418 ἀκο-

2114 3171 2282 3225 vitam
2305 3171 2844 3239 habentobnoxiam,
2878 3182 2931 3226 et
2990 3171 3152 3227 aliam
3208 3188 3427 3229 omnem
3489 3182 3704 3229 morum

2113 3264 2483 3335 corruptelam
2523 3263 2985 3333 complectuntur.
3013 3264 3171 3331 Quod
3197 3275 3380 3321 autem
3415 3266 3481 3322 de
3505 3268 3705 3324 infelici

2114 3355 2204 3411 illo
2235 3356 2475 3427 Tychico
2528 3357 2813 3427 vulgatum
2870 3363 2975 3422 est,
3035 3373 3181 3413 nunc
3232 3362 3701 3417 commemorabo.

2112 3452 2212 3507 llic
2235 3467 2293 3506 se
2313 3450 2608 3522 Tyichicum
2665 3452 2814 3505 illum
2870 3466 2995 3507 esse
3043 3451 3301 3520 ﬁngebat,
3333 3451 3423 3520 qui
3472 3454 3524 3507 in
3559 3452 3703 3521 Apo-

2110 3544 2239 3598 stoli
2265 3543 2526 3613 Epistolis
2554 3557 2697 3612 saepe
2728 3553 3083 3609 memoratur,
3117 3553 3171 3596 et
3197 3545 3263 3598 de
3292 3559 3403 3613 quo
3431 3545 3613 3602 multis
3647 3549 3699 3602 in

2111 3633 2246 3690 locis
2270 3649 2393 3689 cum
2444 3633 2601 3688 laude
2631 3635 2835 3690 mentio
2887 3634 2969 3689 ﬁt.
3018 3634 3247 3706 Sibique
3273 3652 3303 3689 a
3331 3636 3500 3693 Paulo
3560 3656 3704 3693 nun-

2111 3727 2245 3782 tium
2274 3725 2445 3781 fuisse
2475 3725 2702 3781 missum
2728 3724 3041 3792 simulabat,
3076 3735 3133 3780 ut
3160 3741 3505 3797 quaecunque
3551 3727 3704 3783 dice-

2110 3831 2193 3875 ret
2223 3829 2278 3875 et
2315 3818 2684 3883 denuntiaret,
2712 3833 2773 3873 ea
2808 3831 2911 3872 non
2956 3819 3242 3887 sapientia:
3294 3835 3428 3884 suat,
3459 3822 3551 3874 sed
3603 3824 3701 3875 do-

2110 3912 2286 3969 centis
2316 3922 2372 3967 et
2404 3911 2715 3967 mandantis
2746 3911 2899 3965 Pauli
2934 3920 3206 3982 pracepta
3265 3928 3385 3967 esse
3449 3913 3701 3968 videreu-

2110 4013 2221 4071 tur,
2250 4020 2372 4060 cum
2423 4012 2604 4060 tamen
2632 4004 2946 4075 quingentis
2998 4004 3156 4059 annis
3206 4014 3327 4074 post
3370 3996 3597 4057 Paulum
3646 4015 3703 4059 et

2110 4097 2409 4171 Tychicum
2441 4106 2602 4152 nutus
2634 4105 2797 4152 esset.
2829 4093 2964 4149 llud
2995 4096 3275 4150 sciendum
3316 4104 3419 4160 est,
3462 4111 3568 4161 me,
3607 4098 3702 4166 qui

2111 4189 2292 4259 capita
2327 4191 2441 4244 haec
2467 4202 2589 4258 quae
2620 4189 2675 4243 in
2700 4187 2803 4244 hoc
2835 4186 2993 4243 titulo
3045 4187 3412 4252 continentur,
3481 4187 3699 4255 collegi,

2109 4281 2307 4352 partim
2356 4283 2568 4351 integra
2625 4280 2895 4349 posuisse,
2940 4279 3135 4349 partim
3205 4288 3263 4334 nt
3308 4279 3698 4349 longitudinem

2109 4375 2395 4439 evitarent,
2428 4373 2753 4442 compendio
2783 4371 3286 4443 comprehendisse,-
3317 4380 3371 4426 et
3400 4387 3463 4426 ex
3523 4372 3701 4442 patri-

411 4470 639 4534 λασίας,
670 4467 835 4538 γέμει
866 4466 924 4518 δὲ
959 4461 1218 4531 μιασμῶν
1252 4461 1532 4532 ἀρρήτων,
1567 4456 1668 4512 καὶ
1703 4452 2003 4527 ῥυπασμά-

2113 4471 2313 4533 archae,
2344 4482 2503 4536 quem
2531 4477 2660 4524 ante
2682 4470 3129 4532 commemoravi,
3159 4466 3381 4537 scriptis
3435 4481 3498 4520 ea
3558 4480 3696 4535 preco

387 4540 517 4655 ξιων
535 4564 932 4632 ἀνεπινοήτων.
953 4557 1214 4629 Χρῶνται
1239 4556 1343 4625 μὲν
1362 4556 1433 4623 γὲ
1442 4570 1473 4625 ρ
1496 4551 1713 4624 μίξεσιν
1733 4549 2005 4621 ἑκατέρας

385 4642 631 4743 ξφύσεως
667 4653 803 4725 πρὸς
842 4651 1066 4707 ἅπασαν
1099 4645 1518 4743 ἀρρητουργίαν
1555 4642 2006 4743 άνερυθριάστως

386 4736 655 4822 ῖὲχοντιις⁵
696 4746 832 4818 πλὴν
861 4745 1041 4805 ἐνίους
1072 4741 1255 4795 αὐτῶν
1287 4754 1425 4809 φασι
1453 4737 1552 4808 τὴν
1582 4737 1723 4807 πρὸς
1750 4736 1853 4801 τὰς
1880 4747 2005 4805 γεν-

384 4818 725 4920 ⁴νιεισιιμένας
753 4842 1071 4899 ἀποκλίνειν
1102 4839 1425 4908 συνάφεισν.
1456 4836 1614 4906 Μέθῃ
1640 4834 1700 4888 δὲ
1730 4832 1830 4887 καὶ
1856 4833 2005 4885 ἀσω-

409 4939 532 5009 τείᾳ
557 4938 651 4992 τὸν
684 4935 800 5007 βίον
829 4935 950 4988 ὅλον
980 4930 1198 4984 ἔκδοτον
1229 4928 1415 4999 έχουσι
1440 4966 1455 4991 ,
1487 4930 1584 4980 καὶ
1616 4925 1803 4978 πᾶσαν
1833 4922 2004 4992 ἀλλην

408 5035 560 5105 ἠθῶν
587 5030 855 5099 διαφορὰν
888 5026 1270 5097 περιέπουσιν.
1302 5024 1366 5076 Ὃ
1397 5022 1453 5074 δὲ
1483 5021 1614 5089 περὶ
1640 5018 1735 5071 τοῦ
1768 5015 2006 5087 ἀτυχοῦς

2107 4561 2428 4628 termisisse,
2462 4574 2582 4630 quae
2610 4560 2694 4615 vel
2720 4560 3102 4629 profundiora,
3136 4559 3222 4613 vel
3283 4558 3692 4625 imperfectiora

2103 4654 2289 4725 paucis
2320 4661 2502 4709 essent
2532 4651 2842 4723 profutura,
2897 4659 2993 4705 aut
3056 4648 3339 4719 placitura.
3378 4647 3693 4703 Sententiae

2105 4758 2287 4804 tamen
2338 4743 2883 4808 easdem,licetaliis
2939 4741 3144 4808 verbis,
3203 4741 3434 4810 aliisque
3478 4739 3697 4794 dicendi

2103 4838 2410 4895 rationibus
2439 4837 2657 4892 retinui.
2684 4836 3019 4907 Argumenta
3039 4847 3168 4887 vero
3203 4841 3313 4885 tum
3351 4846 3419 4887 et
3442 4830 3692 4901 Evangec

2104 4931 2215 4998 liis,
2252 4940 2368 4987 tum
2392 4946 2462 4987 ex
2492 4929 2643 4985 Pauli
2671 4927 2901 4999 apostoli
2936 4926 3117 4981 verbis
3148 4924 3470 4994 deprmnpta
3532 4935 3683 4978 sunt.

2103 5024 2269 5079 Istius
2299 5022 2447 5081 enim
2482 5021 2706 5076 haeresis
2736 5017 3055 5074 defensores
3089 5016 3204 5070 haec
3253 5014 3368 5069 sola
3424 5028 3693 5068 veneran-

409 5129 602 5183 τούτου
640 5123 881 5195 Τυχικοῦ
926 5120 1179 5192 παρῆκεν
1215 5119 1246 5170 ὁ
1287 5115 1469 5184 λόγος,
1507 5111 1666 5166 τοῦτο
1707 5109 2007 5195 προσθὴσω

2113 5125 2196 5169 tur
2218 5123 2273 5169 et
2306 5113 2560 5184 probant.
2592 5109 2790 5167 Verum
2820 5111 2928 5165 duo
2960 5124 3067 5164 non
3099 5121 3221 5163 esse
3254 5106 3542 5176 principia,
3568 5107 3694 5161 licet

407 5222 523 5275 νῦν.
564 5194 753 5282 Οὗτος
780 5215 890 5286 γὰρ
936 5213 1147 5266 έκεῖνον
1193 5207 1390 5261 ἑαυτὸν
1433 5202 1817 5273 ὲτερατολόγει
1867 5194 2007 5251 εἶναι

2113 5202 2163 5256 in
2197 5200 2354 5255 titulo
2372 5207 2561 5254 contra
2596 5196 2930 5252 Manichmos
2960 5197 3398 5252 demonstratum
3456 5195 3552 5260 sit,
3612 5204 3695 5248 ta-

404 5315 499 5368 τὸν
523 5317 580 5366 έν
604 5313 725 5374 ταῖς
754 5305 1066 5367 ἐπιστολαῖς
1093 5300 1188 5355 τοῦ
1225 5297 1560 5353 Ἀποστόλου
1591 5292 1894 5365 φερόμενόν
1919 5308 2002 5357 τε,

404 5407 505 5460 καὶ
536 5401 804 5472 πολλαχοῦ
839 5398 1064 5470 μνήμης
1097 5392 1498 5462 ἐπαινουμένης
1529 5386 1873 5453 ἀξιούμενον,
1903 5385 2006 5450 κή-

410 5500 555 5569 ρυκά
581 5514 643 5551 τε
678 5494 829 5566 παρὰ
855 5493 950 5546 τοῦ
984 5489 1200 5544 Παύλου
1236 5487 1371 5555 πρὸς
1403 5484 1604 5545 αὐτοὺς
1634 5478 2000 5535 ἀπεστάλθαι.

405 5564 521 5644 Καὶ
546 5589 582 5644 ἀ
607 5564 911 5657 διαγγέλει,
939 5585 1037 5638 καὶ
1062 5581 1215 5649 λέγει
1244 5580 1321 5651 μὴ
1345 5578 1443 5641 τῆς
1472 5573 1668 5628 ἑαυτοῦ
1700 5571 1893 5639 σοφίας
1924 5564 2000 5623 εἷο

2117 5291 2320 5351 menin
2352 5290 2608 5360 praesenti
2660 5290 2824 5346 etiam
2890 5288 3376 5351 dentonstrabitur,
3441 5287 3535 5341 sed
3586 5286 3695 5356 pri—

2094 5386 2260 5442 ”mum
2294 5385 2361 5438 de
2389 5382 2531 5436 male
2562 5381 2852 5437 dicendum
2886 5390 2994 5445 est,
3025 5385 3168 5450 quod
3210 5378 3533 5450 principium
3578 5394 3695 5433 nta-

2109 5483 2243 5546 lum,
2264 5490 2318 5534 et
2345 5490 2533 5532 eorum
2563 5476 2826 5542 omnium,
2868 5488 2990 5542 qua:
3030 5474 3085 5527 itt
3138 5472 3342 5528 mundo
3391 5482 3543 5545 sunt.
3596 5490 3693 5527 au-

2109 5583 2315 5627 ctorem
2334 5566 2501 5637 impia
2528 5567 2634 5622 ista
2658 5564 2783 5621 mali
2813 5564 3102 5634 progenies
3129 5562 3410 5618 confinxit.

402 5707 519 5755 vat,
545 5687 641 5741 τοῦ
670 5687 728 5740 δὲ
755 5683 1066 5748 διδάξαντος
1093 5681 1192 5736 καὶ
1217 5675 1624 5738 ἀπεσταλκότος
1689 5669 1907 5728 Παύλου
1972 5663 2651 5750 παραγγέλματικαίτοι
2679 5660 3058 5750 πεντακοσίων
3116 5659 3258 5712 ιτῶν
3302 5658 3697 5727 μεταγενέστε-

409 5752 513 5856 ρος
536 5781 754 5837 Παύλου
782 5781 878 5833 καὶ
903 5774 1146 5848 Τυχικοῦ
1171 5769 1438 5843 γεγονώς.
1464 5768 1589 5841 Χρὴ
1614 5767 1672 5821 δὲ
1734 5763 2054 5836 γινώσκειν,
2096 5763 2171 5829 ὡς
2210 5761 2240 5814 ὁ
2278 5758 2672 5830 ἐπιλεξάμενος
2710 5756 2822 5828 εγὼ
2866 5755 2936 5810 τά
2967 5772 3028 5810 τε
3067 5756 3173 5827 ἤδη
3215 5752 3451 5826 ρηθέντα
3496 5756 3587 5815 καὶ
3620 5753 3692 5808 τὰ
