4012 6216
416 358 554 426 1205
600 401 617 420 .

1344 360 1721 420 PANOPLIA
1763 359 2311 420 DOGMATICA.—-
2347 359 2499 422 TIT.
2541 360 2752 422 XXIV.

3538 358 3676 424 1206

408 471 567 520 εἰσιν
591 469 645 521 ol
667 468 782 522 υἱοί
807 467 912 524 τοῦ
934 465 1230 538 πονηροῦ.
1266 468 1330 521 ’0
1356 467 1424 520 δέ
1442 469 1656 537 ἐχθρὸς
1678 470 1710 521 ὁ
1731 466 1987 533 σπείρας

2112 475 2165 519 πει
2191 465 2430 520 diabolus
2467 469 2512 521 ¹.
2570 469 2737 522 Audis
2805 469 3078 538 quomodo
3131 468 3389 523 mundum
3441 471 3678 541 appellet

409 558 562 611 αὐτὰ
592 560 767 612 ἐστιν
800 565 832 613 ό
861 560 1165 625 διάϐολος.
1212 560 1475 628 Ἀκούεις,
1497 560 1616 622 πῶς
1653 559 1747 612 τὸν
1783 561 1986 626 κόσμον

414 652 514 721 μέν
543 651 739 705 ἑαυτοῦ
768 651 938 719 λέγει,
970 653 1066 705 καὶ
1097 652 1318 723 σπέρμα
1349 652 1512 706 πάλιν
1543 651 1740 706 ἑαυτοῦ
1771 634 1896 713 τοὶς
1928 651 1986 703 ἐν

413 743 563 813 αὐτῷ
588 785 602 809 ,
642 743 736 805 οὓς
767 745 860 797 καὶ
893 744 1040 802 υἱοὺς
1068 746 1170 814 τῆς
1200 743 1481 814 βασιλείας
1509 742 1660 810 λέγει
1684 783 1698 808 ,
1737 744 1897 811 μόνον
1929 741 1987 794 δὲ

409 837 510 907 τὴν
555 837 664 890 τῶν
714 836 969 900 ζιζανίων
1014 838 1318 909 ἐπισποράν
1358 837 1438 899 είς
1483 835 1575 888 τὸν
1623 836 1816 906 ἐχθρὸν
1850 833 1989 886 ἀπο-

414 933 646 1000 πέμπει.
692 931 781 983 Ἐν
810 931 866 982 δὲ
888 932 1001 993 τοῖς
1034 930 1232 1000 ἐφεξῆς
1262 929 1578 1001 περιφανῶς
1606 927 1802 981 ἑαυτοῦ
1835 927 1990 996 βασι-

412 1019 565 1074 λείαν
598 1019 968 1089 άνακηρύττει
1001 1020 1093 1074 τὸν
1126 1021 1351 1090 κόσμον.
1389 1021 1549 1084 Πῶς;
1597 1019 1701 1072 Ἐν
1734 1017 1809 1086 τῇ
1838 1034 1992 1072 συν-

415 1115 640 1180 τελείᾳ,
684 1115 841 1182 φησὶ,
881 1114 990 1167 τοῦ
1043 1113 1262 1178 αίῶνος
1310 1114 1547 1177 τούτου,
1587 1113 1702 1165 ἀλλ’
1737 1111 1857 1182 οὐχὶ
1894 1107 1992 1162 τοῦ

323 1184 330 1189 .
418 1204 728 1270 μέλλοντος,
770 1201 1158 1257 ἀποστελεῖό
1199 1202 1333 1264 Υίὸς
1376 1201 1484 1253 τοῦ
1508 1200 1822 1268 ἀνθρώπου
1853 1199 1992 1263 τοὺς

416 1293 712 1360 ἀγγέλους
741 1291 928 1346 αὐτοῦ
947 1334 959 1355 ,
993 1291 1093 1344 καὶ
1125 1291 1545 1354 συλλέξουσιν
1573 1290 1642 1344 ἐκ
1671 1288 1782 1356 τῆς
1809 1288 1992 1352 βασι-

433 1382 587 1448 1ειάς
625 1383 836 1446 αὐτοῦ,
892 1383 1132 1450 δηλονότι
1185 1383 1278 1435 τοῦ
1333 1383 1600 1452 παρόντος
1635 1383 1864 1449 κόσμου,
1920 1381 1993 1433 τὰ

419 1474 756 1529 σκάνδαλα.
805 1475 879 1528 Ού
921 1473 1030 1544 γὰρ
1076 1476 1132 1527 ἐν
1175 1477 1242 1543 τῇ
1294 1473 1580 1543 μελλούσῃ.
1635 1474 1729 1528 καὶ⁹
1766 1474 1992 1528 ἀτελευ-

414 1570 581 1635 τήτῳ,
635 1564 884 1636 οὖμενον,
939 1564 1062 1618 οὕτε
1099 1563 1331 1628 ζζιζάνια
1386 1566 1688 1636 σπείρεται,
1719 1567 1815 1618 καὶ
1862 1563 1993 1634 φύε-

415 1675 530 1719 ται,
566 1656 691 1708 οὔτε
746 1656 1062 1709 συνίσταται
1115 1657 1410 1720 σκάνδαλα,
1445 1657 1531 1709 ἵνα
1580 1657 1644 1708 ἐκ
1687 1656 1890 1724 ταύτης
1942 1656 1991 1708 οί

413 1749 638 1815 ἄγγελοι
682 1749 776 1800 τοῦ
827 1749 955 1802 Υίοῦ
991 1749 1084 1801 τοῦ
1131 1747 1421 1818 ἀνθρώπου
1456 1747 1784 1812 συλλέξωσιν
1830 1749 1988 1802 αὑτά.

2093 571 2272 620 suum,
2316 567 2371 611 et
2413 573 2598 611 semen
2640 559 2769 613 item
2804 573 2983 621 suum,
3024 573 3121 613 eos
3153 561 3242 626 qui
3298 563 3350 612 in
3400 560 3491 614 illo
3527 571 3676 626 sunt,

2091 661 2228 715 quos
2253 656 2307 700 et
2331 649 2480 716 regni
2513 650 2648 704 filios
2677 657 2857 715 vocat,
2884 658 2937 703 et
2974 652 3142 704 solam
3183 651 3406 706 inimico
3442 652 3678 706 zizanio-

2093 751 2208 790 rum
2239 739 2500 793 sationem
2555 741 2798 794 tribuat?
2829 743 3004 818 Porro?
3030 743 3083 796 in
3115 742 3181 796 iis
3207 753 3676 813 quarsequuutnr,

2095 842 2311 898 regnum
2342 845 2496 883 suum
2529 843 2712 899 aperte
2748 825 3004 886 mundum
3064 850 3184 889 esse
3235 835 3506 907 declarat.
3524 835 3677 899 Quo-

2096 918 2294 972 modo?
2326 918 2391 973 In
2417 920 2886 990 consummatibne,
2925 925 3121 993 inquit.
3148 913 3542 994 swculihujus‘,
3567 942 3675 981 non

2094 1020 2273 1067 autem
2298 1012 2481 1077 futuri,
2498 1016 2666 1068 millet
2683 1015 2856 1071 Filius
2873 1019 3102 1077 hominis
3117 1007 3327 1091 angelos
3341 1035 3486 1083 suos,
3500 1029 3556 1088 et
3572 1020 3682 1073 col-

2093 1102 2249 1174 ligent
2273 1121 2299 1158 e
2321 1120 2476 1175 regno
2496 1122 2612 1172 suo,
2633 1123 2830 1177 nempe
2857 1122 2924 1162 ex
2958 1093 3063 1164 hoc
3092 1111 3313 1176 mundo,
3353 1100 3603 1164 scandala
3635 1114 3676 1176 ³,

2095 1211 2268 1264 neque
2294 1200 2436 1251 enim
2470 1200 2522 1252 in
2551 1199 2729 1253 futuro
2778 1212 3032 1255 seruntur
3061 1214 3424 1276 nascunturve
3446 1204 3678 1268 zizanin,

2096 1303 2270 1356 neque
2291 1292 2590 1343 consistunt
2618 1292 2891 1355 scandala,
2914 1304 2987 1352 ut
3008 1293 3181 1360 angeli
3202 1293 3332 1346 Filii
3354 1294 3694 1346 hominisea

2091 1379 2368 1432 collecturi
2421 1381 2565 1447 sint;
2624 1383 2716 1436 sed
2761 1395 3111 1451 posteaquam
3178 1383 3406 1450 eol‘lecta
3453 1383 3680 1448 fuerint,

2091 1472 2380 1544 conjicient
2421 1473 2508 1526 illa
2537 1474 2588 1528 in
2618 1475 2888 1529 caminum
2945 1471 3113 1546 ignis,
3165 1487 3220 1531 et
3241 1487 3387 1540 tunc
3427 1477 3560 1546 justi
3613 1477 3671 1530 'rn

2093 1579 2256 1634 regno
2281 1564 2461 1618 Patris
2492 1567 2573 1620 sui
2599 1565 2895 1634 fulgebunt,
2938 1577 2996 1622 ut
3027 1569 3128 1627 sol.
3159 1567 3300 1634 Quid
3336 1556 3675 1641 hisDuniiui

2093 1653 2271 1708 verbis
2300 1653 2523 1719 clarius,
2573 1664 2666 1708 aut
2716 1658 2956 1725 gravius,
2990 1657 3188 1728 quibus
3219 1663 3299 1720 et,
3331 1643 3585 1720 mundus,
3611 1640 3696 1709 'et‘

2093 1761 2213 1815 qua:
2247 1746 2298 1798 in
2360 1744 2558 1800 mundo
2594 1754 2722 1800 sunt
2755 1747 2957 1812 omnia,
3016 1747 3221 1802 Christi
3241 1729 3680 1821 ;'et-.-;Serva_10ris

429 1839 581 1891 Ἐπεὶ
644 1839 741 1892 καὶ
822 1838 962 1909 μετὰ
1007 1837 1103 1907 τὴν
1172 1837 1238 1889 ἐκ
1307 1835 1401 1888 τοῦ
1460 1835 1666 1904 κόσμου
1731 1834 1992 1904 συλλογὴν

2112 1839 2264 1891 ιοειτί
2316 1851 2436 1891 esse
2469 1839 2842 1905 declarantur,
2915 1849 2968 1893 et
3008 1839 3121 1909 ipse
3171 1840 3434 1894 Dominus
3471 1833 3528 1894 et
3587 1853 3682 1895 rex

415 1932 596 1985 αὐτῶν
642 1931 816 1986 ταῦτα
848 1931 946 2000 μὲν
980 1931 1058 1993 είς
1106 1930 1205 1998 τὴν
1249 1929 1480 1997 κάμινον
1510 1928 1603 1979 τοῦ
1645 1927 1814 1996 πυρὸς
1858 1926 1992 1996 βάλ-

2105 1936 2213 1983 tam
2265 1928 2428 1984 futuri
2463 1945 2623 1999 quam
2650 1931 2933 2000 praesentis
2952 1933 3110 2008 regni
3149 1932 3510 2002 praedicatur?

416 2025 624 2087 λονται,
660 2023 782 2075 τότε
819 2021 874 2074 δέ
927 2021 1024 2074 καὶ
1053 2023 1101 2073 οί
1133 2019 1331 2073 δίκαιοι
1359 2021 1416 2072 ἐν
1464 2020 1530 2088 τῇ
1568 2017 1815 2088 βασιλείᾳ
1874 2017 1970 2069 τοῦ
2010 2018 2223 2088 Πατρδς
2289 2019 2467 2072 αὐτῶν
2525 2020 2894 2091 ἐκλάμψουσιν
2931 2021 3006 2083 ὡς
3036 2023 3082 2090 ὀλ
3108 2022 3280 2092 ἥλιος.
3344 2021 3410 2077 Τί
3471 2018 3687 2100 τούτων
3721 2039 3737 2062 ο

413 2119 524 2172 τῶν
563 2117 861 2188 Κυριακῶν
921 2115 1117 2183 φωνῶν
1151 2111 1533 2182 λαμπρότερον
1569 2110 1602 2180 ἢ
1668 2109 2076 2178 δυνατώτερον,
2110 2111 2177 2163 δι’
2205 2103 2279 2163 ὧν
2309 2112 2337 2164 6
2362 2111 2570 2182 κόσμος
2615 2130 2672 2166 τε
2735 2114 2831 2167 καὶ
2872 2113 2943 2166 τὰ
2975 2115 3033 2168 ἐν
3094 2115 3245 2184 αὒτῷ
3301 2104 3398 2166 τοῦ
3449 2105 3690 2182 Χριστου

415 2218 510 2271 καὶ
562 2214 819 2284 Σωτῆρος
877 2212 1034 2282 ἡμῶν
1078 2209 1552 2280 άνακηρύττεται;
1587 2207 1865 2278 Δεσπότης
1913 2207 1970 2259 δὲ
2037 2207 2131 2263 καὶ
2188 2208 2442 2279 βασιλεὺς
2492 2210 2684 2280 ὥσπερ
2744 2211 2842 2280 τῆς
2907 2210 3238 2282 μελλούσης,
3288 2193 3432 2264 οὕτω
3467 2207 3562 2262 καὶ
3587 2206 3692 2276 τῆς

413 2307 702 2378 παρούσης
732 2303 1129 2375 ἀναγορεύεται
1160 2301 1454 2372 βασιλείας.

498 2401 704 2467 Ἐδόθη
731 2417 853 2470 μοι,
883 2399 1038 2468 φησι,
1066 2395 1234 2453 πᾶσα
1265 2395 1520 2458 ἐξουσία
1544 2393 1613 2446 ἐν
1636 2391 1872 2461 οὐρανῷ
1901 2391 1999 2445 καὶ

417 2494 519 2550 ἐπὶ
540 2492 674 2564 γῆς.
707 2490 834 2553 Πῶς
863 2487 954 2542 οὖν
988 2488 1142 2558 παρὰ
1171 2485 1264 2540 τοῦ
1296 2485 1510 2555 Πατρδς
1536 2483 1728 2536 ἐλαϐεν
1757 2482 2004 2548 ἐξουσίαν

416 2588 511 2640 τοῦ
549 2583 784 2656 ούρανοῦ
822 2583 915 2635 καὶ
948 2579 1048 2649 τῆς
1087 2581 1215 2648 γῆς,
1259 2570 1335 2632 ὧν
1369 2577 1470 2630 οὐκ
1502 2572 1570 2647 ἦν
1613 2573 1804 2646 κύριος
1843 2576 1870 2627 6
1925 2574 2004 2626 6t-

417 2679 564 2741 δοὺς,
600 2677 675 2739 ὡς
711 2674 866 2728 αὐτοὶ
898 2671 1158 2743 ληροῦσι;
1192 2670 1302 2724 Καὶ
1333 2671 1382 2722 εί
1414 2671 1465 2723 oi
1499 2670 1681 2737 ἀγροὶ,
1719 2668 1812 2720 καὶ
1840 2667 1895 2720 αἱ
1927 2668 2006 2719 ol-

422 2770 539 2828 κίαι
570 2770 666 2837 τῆς
693 2766 873 2836 χειρός
899 2767 1005 2818 εισι
1033 2761 1128 2816 τοῦ
1157 2761 1421 2830 πονηροῦ,
1451 2761 1567 2823 πῶς
1591 2761 1618 2812 6
1644 2759 1846 2828 ἀγαθὸς
1869 2759 2000 2821 Θεδς

422 2862 534 2923 τοῖς
575 2859 875 2930 προθύμως
909 2855 1342 2927 ὴκολουθηκόσιν
1377 2853 1525 2921 αύτῷ
1560 2852 1698 2922 μετὰ
1726 2851 1834 2904 τῶν
1866 2852 2000 2905 alto-

422 2954 550 3006 νίων
579 2951 804 3021 ἀγαθῶν
831 2953 922 3003 καὶ
953 2950 1158 3019 ἀγροὺς
1179 2947 1274 2999 καὶ
1298 2946 1478 3008 οἰκίας
1506 2944 1872 3014 ἐπηγγείλατο
1904 2960 2004 2997 πα·-

2169 2390 2313 2444 Data
2339 2399 2414 2444 est
2443 2391 2592 2456 mihi,
2629 2393 2820 2462 inquit,
2847 2393 3014 2448 omnia
3041 2389 3268 2460 potestas
3290 2382 3344 2446 in
3367 2390 3497 2446 caelo
3541 2399 3591 2446 et
3628 2391 3688 2446 in

2101 2490 2240 2536 terra
2266 2481 2311 2534 ³.
2337 2480 2615 2548 Quomodo
2640 2483 2847 2552 accepit
2897 2499 2928 2537 a
2983 2483 3148 2538 Patre
3175 2492 3514 2552 potestatem
3562 2482 3688 2538 cmli

2103 2580 2157 2626 et
2185 2583 2363 2638 terrae,
2391 2587 2616 2639 quorum
2639 2573 2776 2642 ipse,
2805 2575 2896 2644 qui
2923 2575 3087 2640 dedit,
3120 2561 3226 2628 non
3249 2585 3367 2629 erat
3398 2573 3685 2637 Dominus,

2103 2675 2161 2717 ut
2187 2665 2273 2718 isti
2307 2665 2610 2734 nugantur?
2638 2665 2698 2720 Et
2733 2665 2777 2720 si
2814 2668 2925 2736 agri
2961 2676 3015 2722 et
3042 2668 3237 2723 domus
3276 2679 3400 2721 sunt
3431 2682 3461 2722 e
3520 2680 3688 2720 manu

2109 2759 2256 2822 mali,
2288 2761 2559 2827 quomodo
2616 2760 2794 2814 bonus
2856 2759 2994 2814 Deus
3038 2761 3104 2814 iis
3153 2761 3243 2830 qui
3295 2761 3458 2814 alacri
3503 2758 3688 2812 animo

2108 2852 2282 2920 ipsum
2318 2854 2485 2906 secuti
2527 2853 2748 2918 fuerint,
2781 2864 2974 2922 praeter
2992 2863 3193 2908 aeterna
3234 2854 3396 2920 bona,
3428 2864 3482 2907 et
3533 2867 3693 2924 agros

2115 2953 2168 2998 et
2197 2945 2383 2999 domos
2410 2959 2466 2999 sc
2513 2946 2837 3000 tributurum
2892 2947 3160 3014 promisit,
3192 2947 3236 3001 si
3283 2947 3422 3000 mala
3459 2955 3605 3010 sunt,
3637 2953 3693 2999 et

428 3045 676 3116 ρασχεῖν,
717 3041 754 3097 ἃ
784 3041 964 3111 φαῦλά
993 3041 1052 3093 τέ
1087 3041 1229 3103 ἐστι,
1260 3038 1356 3091 καὶ
1385 3036 1592 3106 φαύλου
1622 3035 1872 3106 ποιητοῦ,
1913 3040 2003 3092 καὶ

2113 3037 2319 3104 opificis
2349 3037 2493 3102 mali,
2529 3047 2582 3092 et
2605 3054 2827 3105 quorum
2867 3054 2963 3093 nec
2993 3041 3109 3109 ipse
3147 3049 3324 3109 potest
3354 3054 3475 3094 esse
3519 3038 3694 3093 domi-

424 3129 500 3189 ὦν
550 3135 674 3187 οὔτε
718 3135 907 3204 κύριος
966 3131 1125 3198 αὐτὸς
1173 3131 1338 3202 ἔχειν,
1389 3128 1512 3180 οὒτε
1561 3127 1739 3190 ἄλλοις
1820 3144 1998 3200 παρα-

428 3232 573 3300 σχεῖν
601 3246 618 3286 :

502 3322 568 3374 Ὀ
591 3320 760 3383 αὐτὸς
803 3320 1153 3382 Ἀπόστολος,
1197 3317 1492 3389 κηρύσσων
1525 3316 1752 3384 κτίστην
1789 3315 2008 3368 πάντων

425 3420 519 3473 τόν
542 3435 600 3470 τε
629 3417 850 3487 Πατέρα
879 3415 973 3470 τοῦ
1003 3416 1210 3485 Κυρίου
1235 3415 1394 3486 ἡμῶν
1437 3413 1613 3486 ’1ησοῦ
1646 3411 1883 3482 Χριστοῦ
1914 3411 2009 3464 καὶ

427 3513 589 3567 αὑτὸν
637 3510 730 3564 τόν
776 3510 1030 3579 ἀληθινὸν
1074 3509 1226 3574 Υίδν,
1271 3509 1424 3561 οὐδὲν
1447 3501 1610 3578 ἦττον
1646 3504 2008 3574 καταγγέλλει

428 3605 587 3658 τοῦτο
611 3605 706 3657 καὶ
733 3604 789 3656 ἐν
820 3597 900 3664 οἷς
929 3602 1089 3671 ὑμνεῖ
1118 3600 1217 3670 τὴν
1246 3601 1406 3668 χάριν
1438 3600 1540 3668 τὴν
1567 3598 1817 3650 δοθεῖσαν
1835 3593 2004 3662 αὐτῷ,

429 3694 629 3750 καὶτοῦ
646 3688 1509 3759 καταπιστευθέντος,μυστηρίου
1532 3687 1628 3756 τὴν
1645 3687 1898 3754 δύναμιν.
1920 3686 2009 3737 Εἰ-

429 3790 548 3843 πὼν
565 3789 673 3858 γὰρ
688 3789 784 3854 ὡς,
805 3785 967 3854 Ἐμοί
1000 3784 1080 3848 τῷ
1103 3784 1552 3850 ἐλαχιστοτέρῳ
1567 3782 1811 3833 πάντων
1830 3778 2008 3843 ἐδόθη

429 3883 466 3949 ἡ
495 3880 669 3950 χάρις
693 3879 844 3944 αὕτη
866 3878 935 3930 ἐν
959 3875 1086 3940 τοῖς
1107 3875 1349 3928 ἔθνεσιν
1367 3871 1881 3940 εὐαγγελίσασθαι
1909 3868 2013 3922 τὸν

429 3973 900 4041 ἀνεξιχνίαστον
917 3968 1189 4022 πλοῦτον
1206 3964 1313 4022 τοῦ
1337 3962 1620 4033 Χριστοῦ,
1636 3961 1733 4016 καί
1754 3960 2012 4030 φωτίσαι

428 4063 679 4129 πάντας,
697 4061 838 4128 τίςή
857 4059 1168 4128 οἰκονομία
1185 4055 1292 4111 τοῦ
1299 4055 1642 4125 μυστηρίου
1665 4052 1771 4106 τοῦ
1793 4053 2012 4106 damas-

428 4153 773 4223 κρυμμένου
832 4153 953 4207 ἀπὸ
995 4151 1110 4204 τῶν
1139 4151 1368 4202 αίώνων
1401 4147 1470 4200 ἐν
1510 4145 1589 4210 τῷ
1630 4145 1773 4210 Θεῷ,
1811 4145 2014 4199 αὐτίκα

431 4249 714 4311 συνάπτει,
747 4245 828 4310 τῷ
858 4249 931 4297 τὰ
957 4243 1157 4296 πάντα
1189 4243 1464 4295 κτίσαντι
1497 4239 1594 4293 διὰ
1630 4238 1838 4305 Ἰησοῦ
1872 4239 2012 4305 Χρι-

2109 3143 2229 3193 nus,
2266 3145 2360 3185 nec
2395 3128 2529 3185 alios
2555 3129 2918 3185 constituere?

2181 3304 2324 3360 Idem
2359 3304 2672 3374 Apostolus,
2706 3317 2827 3358 cum
2860 3319 3038 3358 rerum
3093 3303 3337 3356 omnium
3386 3310 3699 3371 procreato-

2110 3411 2224 3450 rem
2273 3396 2594 3466 praedicaret
2649 3395 2868 3453 Patrem
2902 3395 3115 3450 Domini
3174 3395 3342 3448 nostri
3384 3391 3512 3449 Jesu
3541 3392 3699 3447 Chri-

2111 3488 2204 3554 sti,
2233 3498 2287 3542 et
2317 3489 2492 3557 ipsum
2524 3504 2708 3543 verum
2743 3487 2959 3552 Filium,
2991 3497 3170 3541 tamen
3193 3488 3294 3542 hoc
3324 3487 3491 3540 etiam
3517 3494 3699 3540 osten-

2113 3579 2192 3632 dit
2225 3579 2277 3631 in
2307 3579 2374 3631 iis
2405 3579 2458 3632 in
2490 3579 2690 3646 quibus
2720 3579 2946 3648 gratiam
2981 3580 3242 3644 celebrat,
3285 3580 3386 3634 sibi
3420 3579 3607 3632 datam
3643 3587 3700 3630 et

2113 3670 2376 3724 creditam
2419 3668 2660 3740 mysterii
2692 3677 3042 3737 potestatem.
3075 3670 3211 3725 Cum
3245 3672 3388 3724 enim
3416 3670 3643 3731 dixisset
3681 3687 3696 3723 :

2114 3759 2250 3814 Mihi
2286 3769 2462 3814 autem
2497 3763 2726 3814 omnium
2757 3763 2974 3815 minimo
3008 3762 3136 3815 data
3157 3771 3233 3814 est
3258 3762 3432 3830 gratia
3478 3765 3610 3822 haec,
3643 3763 3701 3814 in

2114 3854 2352 3923 gentibus
2378 3853 2741 3922 evangelisare
2768 3854 3266 3926 impervestigabiles
3295 3855 3507 3906 divitiae
3539 3853 3700 3907 Chri-

2115 3948 2206 4011 sti,
2249 3960 2294 4000 et
2329 3947 2636 4002 illuminare
2680 3964 2878 4013 omnes,
2905 3964 3023 4016 qua:
3068 3949 3138 4003 sit
3167 3948 3486 4017 dispensatio
3523 3961 3707 4001 sacra-

2115 4040 2276 4093 menti
2293 4039 2585 4092 abscondizi
2627 4056 2657 4092 a
2714 4041 2923 4094 mentis
2955 4041 3010 4092 in
3061 4040 3401 4104 Deo,°statim
3433 4038 3655 4106 SlliljiCil
3688 4055 3702 4091 :

2115 4136 2205 4204 qui
2246 4135 2422 4189 omnia
2471 4135 2662 4188 creavit
2723 4150 2814 4202 per
2867 4133 3043 4188 letum
3107 4134 3377 4188 Christum
3413 4130 3458 4186 ⁸.
3515 4128 3702 4198 Itaque

2119 4241 2297 4282 rerum
2355 4227 2597 4280 omnium
2651 4235 2964 4296 procreator
3017 4235 3100 4279 est
3144 4223 3324 4289 Pater,
3381 4233 3438 4276 et
3518 4237 3701 4275 rerum

402 4337 605 4418 ἱστοῦ.
637 4337 800 4389 Ὥστε
827 4334 1040 4386 πάντων
1071 4332 1170 4401 μὲν
1203 4330 1426 4399 κτίστης
1462 4331 1489 4380 6
1525 4329 1713 4398 Πατὴρ
1733 4367 1747 4389 ,
1789 4327 2003 4382 πάντων

2118 4321 2246 4376 item
2297 4320 2540 4374 omnium
2593 4327 2906 4388 procreatur
2965 4328 3046 4371 cst
3129 4317 3321 4371 Filius.
3377 4315 3708 4370 Communes

430 4430 485 4483 δὲ
519 4430 746 4498 κτίστης
775 4430 802 4480 6
830 4425 978 4488 Υἱός.
1011 4423 1205 4478 Κοινδν
1232 4422 1341 4491 γὰρ
1371 4422 1466 4475 καὶ
1495 4420 1788 4488 ἀδιάφορον
1819 4418 2012 4491 ὥσπερ

405 4505 467 4592 ii)
499 4521 684 4591 φύσις,
718 4521 816 4574 καὶ
842 4522 877 4589 ἡ
909 4517 1152 4586 ἐξουσία,
1186 4517 1281 4569 καὶ
1309 4519 1342 4586 ἡ
1374 4514 1644 4585 βασιλεία,
1671 4514 1765 4566 καὶ
1792 4515 1826 4584 ἡ
1860 4512 2017 4566 δύνα-

402 4593 550 4684 ξμις,
583 4612 725 4666 οὕτω
754 4614 850 4665 καὶ
886 4613 920 4682 ἡ
950 4609 1283 4680 δημιουργία
1313 4608 1421 4660 τῶν
1452 4607 1664 4678 ὁρατῶν
1696 4623 1756 4658 τε
1783 4607 1879 4658 καὶ
1924 4607 2018 4658 άο-

407 4693 414 4781 :
439 4711 616 4781 ράτων
642 4709 882 4770 πάντων,
919 4708 1012 4761 καὶ
1042 4707 1102 4771 ἐξ
1127 4706 1228 4758 οὑκ
1259 4705 1429 4758 ὄντων
1460 4704 1540 4766 είς
1575 4702 1635 4756 τὸ
1668 4700 1810 4756 εἶναι
1841 4718 2016 4772 προασ-

435 4800 592 4869 γωγὴ
621 4801 714 4852 καὶ
745 4799 1025 4862 ούσίωσις.

522 4891 611 4942 Ἐν
650 4889 831 4951 ἄλλοις
863 4889 1132 4957 θεολογῶν
1165 4891 1192 4942 6
1226 4888 1438 4950 Παῦλός
1481 4904 1648 4958 φησιν
1675 4902 1688 4918 ·
1728 4882 1833 4953 Εἷς
1868 4885 2012 4953 Θεὸς

440 4982 536 5036 καί
555 4982 756 5050 Πατὴρ
773 4981 1038 5046 πάντων,
1061 4983 1094 5036 ό
1107 4980 1206 5034 ἐπί
1227 4979 1491 5048 πάντων,
1515 4981 1613 5034 καὶ
1628 4979 1726 5034 διὰ
1748 4979 2012 5047 πάντων,

439 5073 538 5128 καί
569 5074 637 5127 ἐν
671 5071 863 5132 πᾶσιν
890 5072 1056 5143 ἡμῖν.
1103 5073 1446 5128 ’Λδιάστατον
1475 5072 1532 5126 δὲ
1583 5075 1679 5127 καὶ
1714 5073 2016 5143 ἀμέριστον

439 5161 627 5232 ὥσπερ
658 5161 754 5233 τὴν
785 5163 948 5232 φύσιν
982 5163 1076 5217 καὶ
1112 5163 1173 5216 τδ
1202 5163 1437 5234 θέλημα,
1489 5162 1634 5216 οὕτω
1662 5166 1758 5218 καὶ
1787 5165 1884 5235 τὴν
1913 5164 2012 5235 δη-

443 5255 732 5325 μιουργίαν
760 5257 854 5316 καὶ
887 5257 947 5308 τὸ
985 5255 1185 5326 κράτος
1213 5256 1369 5320 εἰδὼς
1398 5255 1494 5310 τοῦ
1529 5257 1742 5328 Πατρὺς
1796 5258 1891 5311 καὶ
1918 5257 2012 5310 τοῦ

444 5348 594 5413 Υίοῦ,
653 5347 724 5400 τὰ
770 5348 914 5401 αὐτὰ
967 5351 1062 5402 καὶ
1110 5350 1238 5420 περὶ
1291 5350 1386 5402 τοῦ
1435 5349 1693 5419 Σωτῆρος
1732 5352 2020 5422 πεπαρρη-

438 5442 714 5512 σιασμένῃ
762 5442 955 5512 κράζει
1010 5446 1161 5511 φωνῇ
1201 5455 1216 5471 ·
1261 5442 1364 5495 Ἐν
1411 5440 1574 5506 αὐτῷ
1628 5441 1769 5510 γὰρ,
1823 5445 2019 5514 φησὶν,

435 5533 688 5610 ἐκτίσθη
727 5534 799 5586 τὰ
844 5532 1063 5595 πάντα,
1106 5532 1176 5584 τά
1215 5534 1272 5586 ἐν
1310 5535 1422 5596 τοῖς
1453 5533 1705 5603 οὐρανοῖς
1749 5533 2011 5604 δηλονότι,

436 5626 530 5675 καὶ
563 5625 632 5674 τὰ
659 5626 749 5675 ἐπὶ
783 5624 880 5693 τῆς
911 5623 1037 5694 γῆς.
1066 5623 1186 5677 Ἵνα
1220 5624 1292 5692 μὴ
1327 5625 1359 5694 ἡ
1393 5624 1561 5693 μανία
1590 5625 1789 5694 λήρους
1821 5623 2016 5686 ἄλλους

501 5808 518 5838 ⁸
563 5807 754 5864 Nuttb.
775 5824 894 5876 xm,
921 5810 1008 5876 37,
1030 5811 1117 5870 59.
1164 5810 1184 5840 ⁸
1213 5809 1342 5866 Ibid.
1362 5810 1449 5876 50,
1475 5811 1561 5866 Η.

2117 4411 2260 4466 enim
2310 4419 2364 4465 et
2424 4409 2794 4464 indiﬂ'erentcs
2846 4419 2954 4461 tum
2991 4420 3202 4474 natura,
3241 4417 3296 4462 et
3349 4416 3610 4477 potestas,
3650 4417 3708 4460 et

2118 4518 2369 4574 regnum,
2399 4510 2454 4556 et
2480 4501 2674 4566 virtus,
2710 4509 2822 4554 tum
2869 4501 3030 4555 etiam
3056 4515 3239 4553 rerum
3289 4501 3555 4564 omnium,
3589 4513 3709 4566 quae

2119 4597 2388 4660 videntur,
2415 4603 2469 4649 et
2498 4609 2620 4665 qua:
2659 4608 2764 4648 non
2791 4593 3066 4658 videntur,
3088 4594 3416 4662 procreatio,
3441 4601 3495 4644 et
3519 4605 3707 4645 earum

2117 4701 2183 4741 ex
2213 4686 2382 4741 nihilo
2438 4686 2688 4742 deductio
2716 4695 2769 4741 et
2803 4685 3180 4740 conformatio.

2189 4887 2327 4941 Alibi
2390 4887 2588 4942 Paulus
2630 4885 2698 4942 de
2761 4886 2926 4943 rebus
2968 4885 3163 4940 divinis
3213 4884 3379 4939 verba
3447 4883 3652 4939 faciens
3691 4922 3708 4946 ,

2117 4975 2286 5045 Unus,
2321 4979 2514 5050 inquit,
2545 4977 2685 5033 Deus
2713 4987 2760 5032 et
2790 4977 2948 5032 Pater
2978 4978 3233 5040 omnium,
3264 4978 3354 5046 qui
3411 4993 3569 5046 super
3598 4993 3714 5030 om-

2114 5071 2224 5136 nia,
2247 5081 2294 5124 et
2326 5087 2417 5139 per
2440 5070 2634 5135 omnia,
2670 5072 2787 5126 etin
2801 5071 3038 5125 omnibus
3071 5070 3218 5124 nobis
3245 5070 3287 5124 ⁵.
3327 5068 3520 5124 Verum
3587 5086 3710 5124 cum

2114 5163 2299 5229 sciret,
2338 5171 2398 5216 ut
2448 5173 2697 5217 naturam
2743 5173 2796 5217 et
2832 5163 3186 5228 voluntatem,
3234 5163 3313 5218 sic
3373 5164 3540 5218 etiam
3587 5179 3714 5232 pro-

2115 5256 2447 5311 creationem
2511 5265 2566 5310 et
2619 5255 2906 5324 imperium
2969 5255 3148 5310 Patris
3193 5266 3246 5310 et
3277 5254 3398 5309 Filii
3453 5270 3557 5308 non
3588 5269 3713 5308 esse

2117 5347 2362 5417 seiuncta
2420 5359 2511 5402 aut
2577 5358 2848 5416 separata,
2912 5347 3053 5401 idem
3089 5347 3250 5400 etiam
3287 5346 3354 5401 de
3420 5346 3713 5402 Serratore

2125 5443 2382 5494 audacter
2416 5440 2732 5508 pronuntiat
2777 5457 2791 5493 :
2828 5439 2892 5493 In
2936 5441 3047 5510 ipso
3087 5439 3247 5505 enim,
3297 5439 3495 5509 inquit,
3533 5447 3714 5493 creata

2126 5539 2246 5584 sunt
2283 5531 2458 5583 omnia
2489 5530 2531 5594 ⁸,
2561 5544 2755 5599 nempe
2788 5545 2907 5599 quae
2931 5530 2986 5583 in
3017 5529 3192 5594 cmlis,
3222 5540 3277 5584 et
3308 5545 3429 5602 quae
3474 5529 3528 5584 in
3570 5539 3716 5586 terra

2125 5633 2269 5678 sunt.
2302 5625 2378 5676 Ac
2410 5639 2478 5678 ne
2517 5623 2745 5677 istorum
2771 5621 2980 5676 insania
3017 5622 3102 5676 his
3126 5623 3303 5678 verbis
3347 5605 3485 5677 alias
3537 5634 3715 5687 nugas

1641 5811 1661 5842 ⁸
1689 5809 1877 5865 Matth.
1896 5824 1999 5870 xxv

2112 5810 2190 5865 lS.
2247 5809 2263 5838 "
2300 5809 2734 5882 Eplies.m,8,9.
2792 5807 3203 5879 ‘Ephes.tv,6.
3284 5809 3520 5866 ‘-Coloss
3561 5808 3706 5878 t,t6.
