4012 6216
522 285 673 365 ’1907

1756 303 2137 370 ΕΗΤΗΥΜΗ
2179 313 2535 382 ZlGABENI

3566 339 3706 406 .1208

518 380 768 480 {amngau
827 412 1079 481 sequitur
1102 416 1378 486 explicans
1408 416 1497 472 illa
1521 431 1640 487 qua:
1675 419 1727 473 in
1754 421 1907 476 caelis
1931 431 2102 477 terra-

2492 380 2496 382 ,
3566 381 3583 401 ο
3608 380 3706 406 uua

2136 429 2182 487 Α
2211 431 2332 492 ταῖς
2383 433 2558 502 ἱεραῖς
2605 439 2812 503 φωναῖς
2845 438 3144 513 ὑποσάλλῃ,
3176 442 3278 510 ,ἔτι
3317 445 3450 500 κατά
3491 453 3709 521 συνέχειαν

530 519 634 567 que
663 514 811 559 sunt:
841 506 1059 576 Etluec,
1086 509 1280 577 inquit,
1303 512 1478 564 omnia
1507 512 1562 564 in
1591 513 1703 579 ipso
1737 526 1915 568 creata
1958 527 2102 582 sunt,

527 605 574 644 et
599 610 692 662 per
729 596 921 662 ipsum,
949 609 999 652 et
1049 600 1105 653 in
1161 603 1329 669 ipsum
1363 604 1402 656 ¹.
1441 601 1722 669 Quomodo
1770 607 1931 674 igitur
1961 609 2106 662 defe-

530 695 743 739 ctorum
763 687 988 742 istorum
1014 691 1191 744 rabies
1216 691 1380 767 alium
1406 710 1582 748 rerum
1605 698 1914 762 visibilium,
1942 700 2106 756 alium

528 777 878 831 invisibilinm
938 789 1216 836 auctorem
1275 787 1739 841 comminiscitur?

592 952 1044 1022 Invisibilia-Dei,
1077 959 1250 1028 inquit
1279 964 1433 1016 divus
1493 965 1710 1032 Paulus,
1770 984 1802 1020 ο
1868 982 2109 1024 creatura

525 1046 707 1099 mundi
720 1065 812 1115 per
825 1065 884 1102 ea
901 1065 1018 1119 qua:
1034 1052 1176 1112 facta
1191 1063 1334 1120 sunt,
1357 1056 1614 1110 intellecta
1633 1059 2022 1126 conspiciuntur
2045 1063 2064 1092 '
2091 1079 2106 1126 ;

521 1151 584 1187 ea
609 1151 727 1198 quae
744 1137 890 1191 facta
933 1151 1080 1203 sunt,
1126 1143 1311 1197 orbem
1343 1145 1653 1214 signiﬁcant
1685 1150 2011 1215 universum,
2055 1163 2111 1205 et

522 1237 856 1292 qnmvunqne
886 1228 986 1280 sub
1011 1243 1230 1284 sensum
1250 1232 1466 1284 cadunt.
1494 1230 1768 1286 limcenim
1801 1237 1904 1288 nisi
1928 1245 2111 1291 essent

522 1314 672 1376 boni,
702 1315 797 1370 sed
850 1319 998 1382 mali,
1053 1324 1323 1389 quomodo
1383 1323 1496 1376 ﬁeri
1539 1335 1738 1391 posset,
1799 1336 1859 1380 ut
1888 1343 1982 1394 per
2023 1329 2108 1382 illa

522 1415 873 1460 cernerentur
914 1409 1206 1465 invisibilia
1237 1413 1347 1480 Dei,
1381 1423 1434 1467 et
1471 1426 1798 1483 sempiterna
1837 1417 1956 1484 ejus
1995 1420 2109 1472 vir-

527 1504 613 1548 tus
641 1509 704 1549 ac
752 1495 1055 1554 divinitas?
1119 1571 1132 1579 ν

591 1669 647 1724 Si
673 1685 758 1726 res
789 1683 1034 1741 terrena,
1073 1687 1132 1730 ut
1182 1678 1441 1733 maledica
1487 1691 1650 1750 atque
1701 1683 1864 1751 impia
1928 1685 2106 1753 lingua

520 1761 682 1820 audet
728 1760 932 1827 dicere,
991 1775 1131 1828 sunt,
1177 1768 1324 1832 mali,
1379 1772 1649 1837 quomodo
1689 1772 1939 1826 dicuntur
1987 1788 2108 1829 esse
2139 1781 2182 1837 Β

519 1854 822 1907 coinmnnis
858 1856 1067 1910 Domini
1101 1874 1164 1911 ac
1201 1857 1504 1916 Servatoris
1535 1864 1738 1917 nostri?
1772 1862 1837 1916 In
1872 1866 2087 1934 propria

513 1943 678 2006 enim,
719 1946 910 2014 inquit,
969 1951 1125 2012 venit,
1168 1959 1217 2002 et
1278 1953 1362 2005 sui
1409 1969 1528 2006 eum
1589 1970 1691 2006 non
1731 1968 2031 2021 receperunt
2064 1958 2105 2012 ³.

518 2034 743 2098 Quodsi
776 2035 1081 2092 desertores
1102 2039 1354 2104 dixerim,
1409 2057 1504 2110 per
1559 2045 1772 2111 propria
1830 2061 2110 2115 sermones

517 2125 864 2192 propheticos
901 2127 1146 2198 intelligi,
1186 2131 1250 2184 ad
1294 2131 1498 2200 eosque
1520 2133 1791 2190 Christum
1818 2139 2024 2202 Venire,
2056 2147 2110 2192 et

518 2216 586 2270 ab
617 2217 723 2271 illis
745 2233 850 2274 non
880 2222 1063 2290 recipi,
1091 2223 1508 2278 animadvertite
1526 2228 2106 2298 singularemipsorum

517 2311 805 2364 stultitiam
873 2324 928 2366 et
1003 2315 1418 2384 impudentiam.
1518 2319 1758 2374 Primum
1836 2325 2107 2392 quomodo

517 2414 818 2455 sermones'
847 2406 1188 2472 propheticos
1217 2408 1405 2462 dicunt
1451 2425 1572 2466 esse
1599 2413 1800 2468 Chriin
1834 2418 2101 2485 proprios,

517 2502 641 2541 cum
695 2492 986 2560 prophetas
1017 2496 1162 2560 ipsos
1193 2495 1376 2552 dicant
1431 2514 1552 2553 esse
1585 2501 1711 2555 mali
1747 2502 2019 2570 figmenta,
2051 2517 2105 2561 et

517 2581 585 2633 ab
614 2581 729 2650 ipso
755 2583 1166 2654 inspirationem
1191 2590 1504 2659 accepisse?
1530 2593 1730 2647 Deinde
1750 2601 2022 2664 quomodo
2051 2600 2104 2654 in

517 2687 795 2731 sermones
843 2679 1189 2747 propheticus
1247 2684 1393 2737 venit
1443 2683 1731 2740 Christus?
1761 2687 1843 2742 Ad
1901 2690 2106 2746 alienos

515 2767 681 2830 enim,
712 2777 771 2823 ut
813 2770 913 2842 ipsi
943 2773 1206 2839 sentiunt,
1239 2775 1500 2841 venisset,
1553 2791 1676 2832 cum
1743 2780 1952 2836 alienos
1984 2799 2105 2840 esse

514 2857 698 2914 dicant
725 2873 1005 2918 sermones
1040 2865 1411 2934 propheticos.
1443 2877 1498 2923 et
1536 2869 1605 2924 ab
1659 2869 1836 2926 alieno
1871 2872 2107 2942 inspira-

515 2957 620 3014 tos,
647 2963 754 3004 non
791 2964 968 3008 autem
1004 2969 1035 3009 a
1064 2956 1208 3010 bono
1254 2957 1384 3013 Deo.
1431 2957 1697 3015 Praterea
1731 2963 1926 3032 quibus
1959 2976 2106 3034 pote-

517 3049 715 3094 slatem
744 3042 891 3096 dedit
921 3043 1084 3111 Deus,
1116 3057 1175 3100 ut
1200 3048 1293 3102 lilii
1328 3049 1417 3103 Dei
1449 3051 1668 3104 ﬁerint?
1691 3051 2102 3122 Propheticisne

512 3133 896 3190 sermonibus?
923 3135 1056 3202 Quae
1083 3153 1234 3206 nugae
1263 3151 1390 3196 sunt
1419 3141 1572 3196 istm?
1599 3141 1905 3198 .Sermones
1952 3145 2094 3200 enim

510 3225 554 3276 si
584 3239 651 3278 ex
681 3224 790 3280 Deo
825 3235 976 3296 sunt,
1009 3229 1076 3284 ab
1107 3229 1199 3284 illo
1246 3232 1464 3298 habent,
1502 3243 1559 3287 ut
1607 3234 1716 3289 sint
1749 3235 1917 3303 ipsius
1971 3250 2098 3304 pro-

510 3317 612 3390 prii
643 3333 659 3383 ;
686 3318 770 3372 sin
803 3334 867 3374 ex
897 3321 1059 3386 malo,
1089 3324 1356 3394 quomodo
1391 3324 1507 3379 ﬁeri
1561 3334 1788 3394 possunt
1826 3326 1920 3382 lilii
1970 3327 2099 3382 Dei?

511 3411 777 3466 Praeterea
807 3413 928 3482 quis
953 3428 1132 3468 sermo
1164 3417 1510 3484 propheticus
1553 3431 1619 3471 ex
1645 3417 2016 3487 sanguinibtts,
2045 3428 2100 3474 et

511 3521 575 3559 ex
612 3505 890 3560 voluntate
917 3506 1042 3572 viri,
1079 3517 1130 3560 et
1159 3523 1222 3561 ex
1259 3507 1542 3562 voluntate
1580 3511 1762 3564 carnis
1790 3520 1948 3565 natus
1979 3511 2100 3566 est?

513 3596 743 3666 Snbjicit
792 3598 982 3651 enim:
1034 3597 1139 3662 Qui
1189 3615 1408 3653 non/ea:
1468 3599 1837 3669 sanguinibus,
1897 3616 1986 3654 nec
2033 3616 2098 3655 ex

509 3691 773 3750 uoluntate
797 3692 913 3753 viri,
944 3707 1036 3746 nec
1073 3707 1138 3746 ex
1190 3693 1458 3747 uoluntate
1493 3693 1687 3758 carnis,
1743 3693 1832 3747 sed
1877 3710 1940 3748 ea:
1988 3693 2096 3748 Deo

511 3784 621 3836 uati
643 3792 762 3834 sunt
795 3781 840 3838 δ.
874 3782 1107 3849 Quinam
1144 3784 1306 3854 igitur
1337 3799 1402 3837 ex
1438 3784 1789 3854 sanguinibns
1825 3787 1935 3839 nati
1979 3800 2096 3841 ser-

512 3887 722 3939 mones,
757 3881 812 3926 et
840 3874 928 3940 qui
967 3873 1111 3928 non?
1168 3872 1355 3928 Restat
1407 3889 1559 3942 ergo,
1624 3885 1683 3927 ut
1729 3890 1823 3944 per
1876 3877 2097 3946 propria

510 3965 739 4019 mundus
773 3964 1130 4034 intelligatur;
1165 3966 1619 4037 quemadmodum
1676 3977 1731 4022 et
1779 3969 1902 4024 alibi
1930 3971 2097 4025 disci-

507 4055 662 4126 pulos
695 4056 986 4126 all0quitnr
1017 4077 1030 4112 :
1064 4056 1222 4124 Ecce,
1265 4059 1457 4128 inquit,
1501 4060 1636 4112 venit
1669 4059 1820 4126 hora,
1877 4071 1935 4114 ut
1987 4062 2099 4116 dis-

507 4149 826 4217 pergamt’ui,
859 4150 1218 4219 unusquisque
1266 4151 1336 4202 ad
1386 4151 1600 4219 propria
1633 4150 1676 4204 '.
1711 4151 1967 4218 Quaenam
2007 4153 2096 4207 hic

509 4240 742 4309 appellat
813 4242 1068 4309 propria?
1141 4243 1569 4313 Pmpbeticosne
1647 4245 1965 4300 sermones?
2026 4261 2095 4300 an

507 4335 880 4400 possessiones
907 4344 959 4388 et
987 4337 1173 4389 domos
1222 4335 1598 4406 singulorum?
1629 4337 2093 4402 Quemadmodum

2219 522 2568 593 ὲπεξηγεῖται
2586 528 2707 581 τίνα
2734 530 2842 584 εἰσὶ
2871 532 2938 584 τά
2967 534 3025 585 ὲν
3045 536 3160 597 τοῖς
3187 535 3444 606 οὐρανοῖς,
3469 541 3552 593 καὶ
3570 545 3622 596 τὰ
3643 548 3708 600 ἐπὶ

2218 611 2316 679 τῆς
2361 615 2484 682 γῆς,
2527 616 2606 668 ὃτι
2644 616 2713 670 τὰ
2734 619 2904 689 ὀρατά
2943 623 3036 674 καὶ
3083 623 3153 676 τά
3187 623 3411 693 ἀόρατα.
3450 627 3548 682 Kal
3581 635 3709 689 ταῦτα

2217 701 2396 754 πάντα
2421 705 2476 754 ὲν
2502 704 2652 774 αὐτῷ
2676 724 2842 776 φησιν
2869 709 3138 774 ἐκτίσθαι,
3162 713 3255 764 καὶ
3278 714 3344 766 δι’
3366 716 3536 780 αὐτοῦ,
3564 724 3710 782 uulsi:

2219 791 2405 848 αὐτόν.
2445 794 2566 856 Πῶς
2607 795 2700 848 οὖν
2735 799 2762 866 ἡ
2793 798 3137 869 άποστατικὴ
3172 802 3342 856 λύσσα
3371 805 3472 858 τῶν
3511 811 3594 877 μὲν
3616 815 3708 882 ὁρας

2217 883 2326 936 τῶν
2350 886 2508 940 ἄλλον
2538 889 2766 943 πλάττει
2813 894 3064 962 ποιητὴν,
3101 894 3262 948 ἄλλον
3287 895 3341 949 δὲ
3369 899 3468 949 τῶν
3494 901 3706 969 ἀοράτωνς

2287 977 2455 1046 Φησὶν
2479 979 2507 1030 ὁ
2530 981 2672 1042 θεῖος
2694 981 2923 1047 Παῦλος,
2943 985 3024 1036 ὅτι
3049 985 3127 1038 Τὰ
3155 985 3374 1053 ἀόρατα
3398 991 3582 1056 αὑτοῦ,
3601 1011 3709 1048 τουτ-

2218 1066 2333 1120 έστι
2357 1068 2449 1122 τοῦ
2498 1071 2702 1138 ἀγαθοῦ
2749 1074 2921 1137 Θεοῦ,
2962 1077 3083 1130 ἀπὸ
3119 1080 3369 1145 κτίσεως
3405 1083 3605 1150 κόσμου
3623 1087 3710 1153 τοῖς

2216 1161 2508 1228 ποιήμασι.
2523 1164 2822 1232 νοούμενα
2843 1167 3188 1234 καθορᾶται,
3208 1171 3478 1239 ποιήματα
3497 1173 3636 1242 λέγων
3646 1178 3707 1229 τὸν

2222 1253 2460 1321 παρόντα
2492 1254 2696 1320 κόσμον
2716 1296 2730 1319 ,
2773 1259 2868 1308 καὶ
2895 1257 2996 1310 ὃσα
3024 1260 3133 1312 ὑπὸ
3163 1261 3262 1328 τὴν
3294 1261 3544 1332 αἴσθησιν.
3573 1266 3702 1324 Ταῦτα

2217 1344 2323 1411 γὰρ
2353 1347 2399 1396 εἰ
2431 1345 2505 1416 μὴ
2532 1346 2624 1398 τοῦ
2658 1348 2862 1415 ἀγαθοῦ
2892 1345 3053 1420 ἦσαν,
3087 1351 3227 1404 ἀλλὰ
3257 1351 3348 1404 τοῦ
3380 1356 3616 1424 πονηροῦ,
3636 1360 3702 1410 οὐκ

2217 1437 2283 1488 ἂν
2316 1439 2372 1488 ἐν
2426 1442 2538 1501 τοῖς
2580 1441 2674 1492 τοῦ
2730 1445 2968 1512 πονηροῦ
3004 1445 3279 1513 ποιήμασι
3318 1446 3384 1498 τά
3425 1448 3603 1516 ἀόρατα
3640 1451 3703 1502 τοῦ

2217 1527 2424 1592 ἀγαθοῦ
2469 1529 2856 1599 καθεωρῶντο,
2882 1533 2916 1602 ἦ
2951 1549 3009 1584 τε
3045 1534 3220 1596 ἀΐδιος
3245 1533 3402 1588 αὑτοῦ
3426 1536 3614 1608 δύναμις
3641 1541 3703 1592 καὶ

2216 1615 2426 1688 θεότης.

2286 1709 2460 1779 Εἴπερ
2481 1748 2495 1774 ,
2524 1710 2601 1773 ὡς
2625 1713 2657 1781 ἡ
2695 1712 3017 1785 βλάσφημος
3049 1717 3146 1769 καὶ
3175 1717 3430 1792 δυσσεϐὴς
3455 1720 3701 1791 θρασύνεται

2210 1801 2450 1868 γλῶσσα,
2479 1804 2547 1856 τὰ
2580 1806 2798 1871 ἐπίγεια
2825 1807 2920 1859 τοῦ
2949 1809 3195 1879 πονηροῦ
3214 1851 3228 1873 ,
3265 1811 3378 1875 πῶς
3413 1813 3616 1880 λέγονται
3637 1817 3698 1866 τοῦ

2212 1892 2392 1945 κοινοῦ
2425 1895 2583 1964 ἡμῶν
2626 1897 2900 1950 Δεσπότου
2943 1901 3036 1951 καὶ
3088 1902 3374 1973 Σωτῆροςς
3410 1902 3500 1969 Εἰς
3538 1906 3594 1957 τὰ
3619 1905 3698 1957 ἴδια

2210 1983 2320 2052 γὰρ
2339 1981 2504 2054 ἦλθε,
2541 1989 2695 2058 φησὶ,
2729 1989 2828 2042 καὶ
2859 1992 2914 2043 οὶ
2946 1991 3092 2045 ιδιοι
3116 1994 3303 2046 αὑτὸν
3329 1997 3395 2047 οὐ
3422 1996 3697 2062 παρέλυσεν.

2209 2074 2272 2126 Εἰ
2298 2074 2353 2126 δὲ
2387 2074 2599 2142 λέγοιεν
2624 2078 2673 2128 οξ
2706 2077 3013 2132 ἀποστάται
3045 2081 3174 2134 ἴδια
3201 2083 3298 2150 μὲν
3324 2079 3450 2136 εἶναι
3481 2087 3584 2146 τοὺς
3606 2103 3698 2154 προ-

2209 2165 2473 2232 φητικοὺς
2507 2165 2722 2233 λόγους,
2760 2168 2938 2223 ἐλθεῖν
2961 2170 3016 2224 δὲ
3050 2173 3136 2235 εἰς
3166 2175 3360 2233 αὐτοὺς
3390 2176 3472 2227 τὸν
3496 2178 3694 2242 Χριστὸν,

2208 2253 2456 2317 ἐκείνους
2488 2255 2545 2307 δὲ
2593 2257 2782 2311 τοῦτον
2825 2263 2961 2328 μήτε
3007 2263 3446 2331 παραδέξασθαι’
3481 2267 3610 2336 ὁρᾶτε
3635 2267 3696 2334 τὴν

2207 2344 2655 2414 ὑπερϐάλλουσαν
2701 2350 2904 2402 αὐτῶν·
2948 2351 3140 2406 ἄνοιαν
3202 2355 3294 2407 καὶ
3358 2357 3692 2426 ἀναισχυντίαν;

2208 2437 2432 2504 Πρῶτον
2465 2440 2566 2508 μὲν
2602 2441 2718 2503 πῶς
2760 2441 2978 2510 λέγουσι
3014 2446 3150 2508 τοὺς
3196 2450 3533 2518 προφητικοὺς
3561 2448 3692 2514 λόγους

2209 2527 2315 2580 ι’δια
2363 2525 2504 2583 εἶναι
2552 2531 2648 2584 τοῦ
2686 2533 2925 2602 Χριστοῦ
2950 2575 2965 2599 ,
3000 2536 3206 2600 αὐτοὺς
3232 2540 3352 2602 τοὺς
3383 2542 3617 2608 προφήτας
3637 2539 3692 2588 λέ·

2206 2636 2396 2688 γοντες
2443 2623 2738 2693 πλάσματα
2787 2620 2928 2678 εἶναι
2968 2626 3063 2680 τοῦ
3127 2630 3382 2700 πονηροῦ,
3434 2631 3577 2683 καίτοι
3613 2629 3692 2680 ἐπὶ·

2209 2727 2401 2764 πνοιαν
2430 2712 2560 2783 παρ’
2595 2713 2757 2767 αὑτοῦ
2791 2715 3088 2783 δέξασθαι;
3155 2719 3407 2789 Δεύτερον
3447 2718 3494 2771 δὲ
3531 2718 3689 2779 πῶςεκ

2207 2803 2333 2865 τοὺς
2366 2806 2738 2874 προφητικοὺς
2772 2806 2963 2874 λόγους
2997 2806 3168 2881 ἦλθεν
3197 2811 3224 2862 ὁ
3256 2810 3502 2879 Χριστὸςς
3535 2795 3688 2876 Πρῦτον

2210 2893 2309 2958 μὲν
2362 2896 2467 2966 γὰρ
2515 2897 2595 2958 εἰς
2643 2897 2954 2970 ἀλλοτρίους
3025 2895 3190 2971 ἦλθε,
3244 2904 3379 2955 κατά
3425 2902 3501 2954 τὸν
3531 2899 3686 2952 ἐκείνων

2205 2987 2400 3054 λόγον’
2455 2989 2729 3059 ἀλλότριοι
2767 2992 2876 3060 γὰρ
2925 2994 2978 3045 οἱ
3029 2996 3362 3064 προφητικοὶ
3402 2994 3550 3060 λόγοι,
3576 2988 3687 3054 ὠςὲξ

2207 3079 2490 3150 ἀλλοτρίου
2545 3083 2950 3152 ἐμπνεόμενοι,
3003 3087 3105 3138 καὶ
3154 3087 3252 3140 οὐκ
3307 3088 3367 3140 ὲκ
3418 3085 3496 3138 τοῦ
3541 3079 3686 3152 ἀγαθοῦ

2203 3169 2360 3222 Θεοῦ·
2412 3171 2607 3225 ἔπειτα
2653 3173 2707 3224 δὲ
2742 3173 2885 3226 τίσιν
2934 3175 3142 3228 ἔδωκεν
3188 3180 3215 3230 ὁ
3255 3176 3468 3246 Χριστὸς
3505 3172 3683 3238 ἐξουσίαν

2201 3263 2379 3316 τέκνα
2403 3263 2541 3316 Θεοῦ
2574 3265 2863 3332 γενέσθαι;
2891 3262 3000 3338 ἆρα
3032 3271 3152 3331 τοίς
3184 3270 3512 3338 προφητικῶς
3533 3266 3660 3331 λόγοις
3671 3280 3682 3328 ;

2201 3354 2312 3406 Καὶ
2356 3355 2471 3417 πῶς
2512 3357 2572 3408 οὐ
2609 3357 2820 3428 μακρὸς
2859 3359 3023 3428 λῆρος
3062 3360 3267 3426 τοῦτο;
3309 3362 3368 3414 Ol
3406 3360 3528 3428 λόγοι
3555 3355 3683 3426 ripe!

2204 3445 2302 3513 μὲν
2353 3446 2416 3497 ὲκ
2466 3445 2560 3499 τοῦ
2613 3449 2750 3501 Θεοῦ
2806 3450 2966 3515 εἰσιν,
3019 3452 3252 3505 αὐτόθεν
3299 3453 3465 3522 ἔχουσι
3504 3449 3552 3503 τὸ
3590 3443 3684 3498 εἶναι

2199 3537 2388 3589 οἰκεῖοι
2423 3536 2557 3590 Θεοῦ
2577 3555 2592 3571 ο
2624 3540 2673 3590 εἰ
2704 3539 2760 3592 δὲ
2805 3541 2870 3594 ὲκ
2909 3541 3002 3594 τοῦ
3038 3543 3302 3614 πονηροῦ,
3334 3543 3438 3605 πῶς
3473 3541 3526 3593 ἂν
3549 3554 3683 3590 τεκνω·

2201 3627 2344 3681 θεῖεν
2397 3626 2557 3699 θεῷς
2619 3630 2738 3682 Ἔτι
2793 3631 2851 3683 δὲ
2909 3634 3060 3696 ποῖος
3118 3634 3274 3702 λόγος
3331 3628 3606 3702 προφητικῢς
3641 3622 3683 3686 ἐξ

2199 3721 2448 3790 αἱμάτων
2494 3722 2590 3774 καὶ
2628 3722 2692 3774 ὲκ
2739 3721 3043 3793 θελήματος
3093 3726 3321 3795 ἀνδρὸς,
3381 3724 3465 3777 καὶ
3503 3724 3552 3773 ὲκ
3576 3716 3684 3782 θελή-

2202 3827 2371 3883 ματος
2418 3812 2622 3881 σαρκδς
2659 3814 2959 3884 ὲγεννήθη;
3002 3816 3230 3884 Ἐπάγει
3261 3815 3362 3886 γὰρ
3385 3855 3398 3877 ,
3429 3812 3485 3866 οῖ
3520 3811 3603 3864 οὐκ
3638 3805 3684 3867 ἐξ

2199 3899 2502 3969 αἱμάτων,
2553 3903 2698 3957 οὐδὲ
2747 3905 2816 3958 ἐκ
2859 3906 3202 3974 θελήματος
3232 3905 3461 3974 σαρκὸς,
3500 3896 3606 3955 ἀλλ’
3637 3893 3682 3947 ἐκ

2200 3994 2349 4048 Θεοῦ
2373 3995 2813 4063 ἐγεννήθησαν.
2836 3997 2992 4061 Τίνες
3017 3997 3111 4051 οῦν
3140 4002 3187 4052 οἱ
3208 3997 3501 4067 ἐξαὶμάτων
3518 4003 3683 4060 γεγενηο

2204 4081 2354 4151 μένοι
2400 4083 2551 4152 λόγοι
2580 4123 2594 4150 9
2635 4086 2729 4139 καὶ
2771 4085 2916 4150 τίνες
2974 4089 3023 4140 οἱ
3092 4089 3207 4158 μή;
3259 4089 3442 4141 Λοιπὸν
3482 4081 3557 4135 οὖν
3597 4079 3683 4130 idm

2200 4173 2356 4228 καλεῖ
2396 4176 2488 4228 τὸν
2519 4176 2724 4247 κόσμον
2750 4216 2766 4243 ,
2803 4178 2880 4242 ὣς
2925 4196 3032 4232 που
3074 4183 3172 4234 καὶ
3204 4177 3421 4250 ἀλλαχοῦ
3449 4190 3556 4245 φησι
3590 4167 3683 4238 api;

2198 4267 2325 4329 τοὺς
2359 4267 2608 4339 μαθητὰς
2629 4308 2645 4334 ,
2695 4269 2849 4324 Ἰδοὺ
2881 4271 3116 4341 ἔρχεται
3149 4273 3266 4342 ὥρα
3289 4312 3304 4339 ,
3339 4270 3428 4323 καὶ
3462 4266 3556 4321 νῦν
3583 4257 3681 4324 ὲλή·

2198 4361 2386 4413 ludar
2410 4399 2426 4425 ,
2464 4361 2564 4413 ἵνα
2611 4362 3023 4429 σκορπισθῆτε
3069 4363 3323 4429 ἕκαστος
3367 4363 3441 4424 εις
3483 4355 3541 4409 τὰ
3581 4351 3679 4404 ἴδια·

507 4422 670 4491 igitur
699 4423 786 4477 hic
816 4439 942 4485 non,
970 4436 1025 4476 ut
1058 4428 1336 4479 dementes
1369 4426 1453 4478 isti
1485 4437 1775 4494 uagantur.
1804 4443 2082 4482 sermones

2117 4446 2158 4500 Ι)
2192 4450 2326 4502 Ποῖα
2357 4422 2447 4503 οὖν
2482 4451 2589 4504 [δια
2625 4422 2773 4520 λέγει
2827 4422 3099 4520 ὲντάῦθας
3176 4422 3446 4525 Apamea;
3483 4458 3679 4515 προφητι-

508 4514 855 4583 propheticos
877 4516 1136 4586 appellat,
1166 4519 1259 4572 sed
1296 4519 1566 4586 propriam
1609 4521 1872 4590 cujusque
1895 4536 2109 4586 posses-

507 4610 715 4662 sionem
749 4618 801 4662 et
827 4608 1066 4673 domum,
1118 4611 1197 4664 sic
1228 4611 1388 4663 etiam
1420 4613 1635 4678 quando
1663 4613 1798 4667 dixit
1839 4631 1852 4667 :
1891 4612 1954 4665 In
1979 4629 2104 4680 pro-

506 4701 624 4763 pria
664 4701 822 4764 venit,
859 4709 907 4754 et
955 4702 1040 4754 sui
1081 4717 1199 4756 eum
1231 4718 1333 4755 non
1382 4713 1705 4771 receperunt,
1765 4719 1859 4771 per
1891 4704 2103 4772 propria

508 4792 764 4846 mundum
794 4795 1411 4861 sensibilem'intellexit,
1442 4799 1530 4865 qui
1566 4797 1782 4866 propria
1813 4806 1896 4851 est
1937 4797 2102 4863 ipsius

508 4883 782 4950 possessio
832 4895 993 4952 atque
1017 4900 1171 4952 Opus.
1204 4888 1466 4941 Similiter
1501 4898 1554 4942 et
1577 4889 1666 4956 qui
1691 4889 1741 4942 in
1794 4889 1908 4958 ipso
1941 4901 2089 4955 sunt,

509 4987 741 5043 qnorum
768 4975 854 5028 alii
905 4976 1126 5045 quidem
1178 4979 1477 5032 doctrinam
1538 4979 1652 5050 ejus
1709 4989 2090 5051 susceperunt,

507 5065 596 5120 alii
652 5081 778 5119 non.
841 5068 906 5120 Et
970 5069 1150 5124 alibi:
1213 5071 1335 5125 Non
1373 5071 1544 5137 liabet,
1598 5073 1793 5142 inquit,
1847 5076 2093 5128 honorem

503 5159 753 5227 prapheta
782 5160 835 5213 in
870 5162 1082 5228 prapriu
1115 5165 1296 5231 patria
1330 5165 1370 5216 °.
1411 5164 1564 5228 Quod
1625 5175 1800 5219 autem
1839 5183 1931 5233 per
1976 5184 2098 5233 pro-

501 5251 620 5318 pria
658 5253 913 5304 mundum
945 5253 1236 5319 signiﬁcet,
1293 5269 1354 5307 ex
1389 5256 1469 5308 his
1526 5257 1703 5308 verbis
1747 5257 1908 5325 plane
1959 5258 2087 5310 licet

505 5342 825 5414 intelligere.
861 5345 994 5399 Erat
1029 5348 1186 5410 enim,
1242 5347 1437 5417 inquit,
1486 5348 1576 5401 tua:
1605 5364 1744 5412 vero,
1799 5366 1913 5415 quw
1965 5349 2094 5401 illu-

506 5437 672 5487 minat
697 5453 899 5491 omnem
925 5441 1185 5494 hominem
1211 5442 1493 5494 venientem
1521 5443 1569 5493 in
1607 5441 1742 5492 Itum:
1777 5442 2026 5493 mundum
2052 5443 2094 5514 ⁷,

508 5525 673 5592 hunc,
709 5529 953 5600 inquam,
989 5535 1237 5591 sensibus
1274 5537 1599 5606 expositum.
1635 5533 1858 5598 Quando
1912 5546 2092 5588 autem

581 5689 1036 5766 _'Ctt.'t)SS.Al,16.
1115 5699 1134 5727 ³
1167 5695 1324 5750 Rom.
1372 5712 1410 5759 t,
1461 5696 1549 5762 20.
1631 5697 1649 5726 ³
1703 5695 1858 5751 Joan.
1909 5714 1942 5766 ι,
1990 5700 2071 5752 10.
2149 5697 2165 5726 ⁵

983 5695 1036 5750 6.
1115 5699 1134 5727 ³
1167 5695 1324 5750 Rom.
1372 5712 1410 5759 t,
1461 5696 1549 5762 20.
1631 5697 1649 5726 ³
1703 5695 1858 5751 Joan.
1909 5714 1942 5766 ι,
1990 5700 2071 5752 10.
2149 5697 2168 5726 ⁵
2222 5693 2375 5749 Joan.
2413 5712 2450 5764 t,
2484 5697 2565 5751 l5.

508 5761 527 5793 ⁷
561 5760 716 5816 Joan.
763 5777 800 5827 t,
837 5763 888 5816 9.

2205 4541 2336 4602 κοὺς
2363 4540 2554 4610 λόγους
2584 4540 2754 4609 λέγει,
2802 4542 2834 4613 ἢ
2881 4543 3123 4610 δηλονότι
3167 4545 3258 4614 τὴν
3287 4539 3532 4595 κατοικίαν
3555 4527 3681 4585 καὶτὸ

2205 4635 2390 4702 κτῆμα
2448 4631 2717 4697 ἑκάστους
2783 4634 2995 4705 Ὥσπερ
3051 4631 3146 4689 οὖν
3201 4634 3417 4688 ἐνταῦθα
3466 4629 3552 4680 ἴδια
3597 4619 3681 4688 οὐχὶ

2205 4725 2344 4778 “ﬁ
2371 4725 2459 4778 τὸν
2493 4726 2776 4795 μεμηνότα
2807 4726 2972 4796 λῆρον
3010 4729 3136 4791 τοὺς
3178 4721 3514 4798 προφητικοὺς
3543 4717 3679 4782 λόγους

2202 4818 2370 4884 λέγει,
2394 4818 2530 4870 ἀλλὰ
2564 4819 2621 4870 τὸ
2665 4820 2895 4872 ἑκάστου
2931 4820 3114 4889 κτῆμα
3145 4823 3234 4872 καὶ
3264 4822 3354 4886 τὴν
3391 4816 3505 4867 ἰδίαν
3534 4806 3677 4860 οἰκίανο

2197 4909 2339 4965 οὕτω
2367 4913 2457 4963 καὶ
2484 4911 2701 4962 ἐπειδὰν
2740 4910 2895 4982 λέγῃ,
2929 4911 3042 4964 Καὶ
3070 4914 3156 4978 εις
3192 4915 3260 4964 τὰ
3285 4911 3396 4962 ἴδια
3430 4902 3574 4975 ἦλθε,
3609 4893 3677 4947 καὶ

2192 5007 2244 5057 οὶ
2274 5001 2615 5056 ἴδιοιιιὺτὸν
2639 5005 2711 5056 οὺ
2733 5005 3094 5072 παρέλαϐον,
3123 5005 3239 5058 ἴδια
3271 5004 3363 5073 μὲν
3388 5000 3465 5052 τὸν
3490 4985 3676 5056 αἰσθητὸν

2194 5095 2396 5163 κόσμον
2422 5094 2587 5161 λέγει·
2622 5097 2804 5164 κτῆμα
2838 5095 2942 5164 γὰρ
2973 5095 3138 5148 αὐτοῦ
3183 5097 3272 5147 καὶ
3327 5090 3509 5158 ποίημα
3544 5074 3671 5174 οὗτος

2195 5187 2460 5250 ὡσαύτως
2488 5188 2544 5239 δὲ
2579 5188 2628 5239 οἱ
2654 5189 2713 5239 ὲν
2744 5186 2912 5257 αὐτῷ,
2949 5182 3024 5241 ὧν
3056 5192 3102 5240 ol
3135 5187 3230 5259 μὲν
3265 5180 3533 5254 παρέλαϐον
3557 5185 3671 5225 eum

2200 5279 2298 5347 τὴν
2353 5280 2776 5347 μυσταγωγίαν,
2833 5281 2880 5332 οι
2928 5280 2985 5332 δὲ
3033 5280 3118 5335 οὕ.
3172 5281 3276 5333 Kal
3313 5271 3513 5365 ἀλλαχοῦ
3557 5262 3673 5365 πάλιν

2206 5372 2402 5439 φησῖνν
2454 5372 2536 5424 δτι
2573 5374 2892 5442 Προφήτης
2936 5375 3004 5426 ἐν
3047 5373 3122 5443 τῇ
3169 5372 3281 5438 ἰδίᾳ
3323 5361 3670 5454 πατριῶτα-ξιξ

2203 5463 2313 5513 οὐκ
2355 5460 2504 5529 ἔχει.
2560 5441 2704 5514 ’Ότι
2735 5462 2792 5515 δὲ
2835 5462 2956 5515 ἴδια
3008 5441 3326 5530 τὺνὴκόσμον
3367 5451 3508 5524 φησὶν
3537 5441 3668 5530 “ibi

2203 5553 2405 5605 τούτων
2441 5555 2557 5605 ἐστὶ
2601 5555 2784 5620 σαφῶς
2838 5555 3090 5626 συνορᾷν.
3141 5549 3251 5608 Ἦν
3290 5551 3418 5620 γὰρ,
3453 5555 3583 5611 φησιν
3621 5528 3664 5580 τδ

2673 5696 2693 5727 ⁸
2720 5695 2877 5751 Joan.
2910 5715 3018 5752 im.
3048 5700 3135 5754 52.
3208 5699 3224 5730 °
3260 5692 3428 5748 Matth.
3467 5696 3559 5741 xm,
3600 5669 3658 5727 57.
