4012 6216
273 340 426 404 1269
642 405 662 424 ο
1204 345 1588 406 PANOPLIA
1629 346 2091 410 DOGMATICA.
2131 377 2199 386 —
2233 353 2383 413 TIT.
2422 356 2632 416 XXIV.
3415 361 3552 430 1210

253 457 406 526 φῶς
440 456 506 510 τὸ
531 457 850 525 ἀληθινὸν,
875 458 908 513 ὃ
938 457 1167 528 φωτίζει
1189 462 1388 515 πάντα
1422 461 1738 531 ἀνθρωπον
1768 464 1851 531 eo

1967 465 2326 524 illuminavit?
2353 472 2578 538 Quando
2608 481 2769 530 natus
2797 484 2884 531 est
2925 475 2979 530 in
3016 475 3126 530 illo.
3151 476 3378 543 Quando
3405 484 3548 536 ειιὶιιι

256 550 544 614 χύμενον
590 549 677 612 εις
722 548 831 602 τὸν
860 550 1112 618 κόσμον.
1149 552 1307 603 Ποῖον
1337 551 1574 621 κόσμον;
1605 554 1851 624 Δηλονότι

1968 566 2124 611 natus
2148 560 2239 622 sit,
2266 561 2614 633 Evangelium
2655 567 2890 621 clamat:
2921 565 2989 621 In
3023 571 3237 633 mundo,
3275 569 3548 638 inquiens,

249 636 367 688 τὸν
387 635 671 706 αἰσθητόν.
698 637 804 689 Καὶ
832 639 962 690 πότε
993 639 1257 706 ἐφώτισεν
1282 658 1297 707 ;
1329 640 1460 693 Ὅτε
1483 644 1851 714 παραγέγονεν

1966 657 2101 702 erat.
2133 649 2366 706 Omnino
2389 652 2534 708 enim
2563 655 2614 708 in
2647 656 2752 711 hoc
2779 658 2980 712 mundo
3013 659 3256 714 sensibili
3281 635 3550 716 exsistens

248 728 333 781 ὲν
363 728 535 793 αὐτῷ.
587 729 723 780 Πότε
752 729 807 781 δὲ
849 730 1198 798 παραγέγονε
1222 773 1235 794 ,
1270 732 1330 785 τὸ
1360 732 1696 802 Εὐαγγέλιον
1736 735 1851 804 βοᾷ.

1964 742 2268 798 venientem
2301 745 2354 800 in
2393 749 2649 802 mundum
2669 749 3352 806 sensibilemilluminabat.
3377 753 3546 807 l’orro

269 817 392 869 Ἕν
431 815 518 916 τῶ.
559 817 765 883 κόσμῳ
790 819 900 885 γὰρ
933 814 1030 885 ἦν,
1081 820 1235 890 φησί.
1284 821 1510 886 Πάντως
1540 827 1648 894 γὰρ
1675 827 1732 878 ἐν
1775 826 1851 896 τῷ

1963 833 2118 899 cujus
2150 835 2262 902 ipse
2292 837 2525 892 mundus
2548 839 2617 892 sit
2637 854 2792 910 Opus.
2819 841 2872 894 in
2907 857 3013 908 quo
3030 852 3080 896 et
3113 843 3200 896 ille
3230 853 3546 906 erat,etve-

257 905 528 975 α’σθητῷ
561 906 751 976 κόσμῳ
789 905 885 972 ὢν,
917 908 1008 962 τὸν
1037 910 1335 980 ἐρχόμενον
1363 915 1444 975 εἰς
1471 915 1565 968 τὸν
1599 916 1851 986 αἰσθητὸν

1960 925 2196 979 nientem
2215 926 2271 981 in
2325 943 2445 983 eum
2489 929 2849 998 illuminabat,
2886 948 2988 985 non
3037 934 3273 999 aliunde,
3338 935 3448 991 sed,
3478 949 3542 985 ex

246 1001 482 1066 κόσμον
515 999 806 1066 ἐφώτιζεν.
851 997 984 1055 Εἶτα
1027 1005 1173 1066 τινος
1211 1001 1278 1075 ἦν
1320 1008 1348 1058 ὁ
1379 1008 1585 1076 κόσμος
1617 1011 1853 1082 ποίημα,

251 1090 332 1142 ὲν
361 1082 405 1155 ᾧ
438 1106 498 1141 τε
542 1089 705 1152 αὐτὸς
739 1086 807 1158 ἦν
835 1130 852 1153 ,
912 1095 1005 1147 καὶ
1056 1093 1147 1146 τὸν
1201 1098 1506 1166 ἐρχόμενον
1555 1102 1635 1163 εὶς
1693 1103 1858 1156 αὑτὸν

250 1179 564 1245 ἐφώτιζεν,
625 1181 727 1233 οὐκ
751 1183 976 1235 ἄλλοθεν
1005 1184 1122 1236 ἐστι
1159 1188 1353 1254 μαθεῖν
1381 1189 1497 1242 ἀλλ’
1523 1191 1554 1260 ἢ
1591 1191 1649 1254 ἐξ
1677 1193 1857 1248 αὐτῶν

248 1269 382 1325 τῶν
436 1272 811 1338 εὐαγγελικῶν
866 1276 1156 1344 ῥημάτων.
1218 1281 1324 1332 Καὶ
1361 1284 1392 1333 d
1446 1283 1677 1351 κόσμος
1723 1287 1852 1354 γὰρ,

252 1365 431 1434 φησὶ,
463 1364 536 1417 δι’
570 1368 759 1422 αὐτοῦ
779 1369 1052 1437 ἐγένετο,
1092 1370 1190 1424 καὶ
1216 1375 1250 1426 ὁ
1274 1375 1504 1443 κόσμος
1547 1377 1736 1432 αὑτὸν
1781 1383 1894 1434 οὐκ

250 1460 412 1512 ἴδιοι
437 1461 628 1514 αὐτὸν
655 1463 726 1515 οὐ
755 1465 1124 1530 παρέλαϐον.

1954 1013 2088 1084 ipsis
2117 1017 2590 1088 Evangeliiverbis
2617 1024 2940 1092 percipitur:
2974 1022 3044 1076 Et
3065 1021 3309 1089 mundus,
3347 1027 3540 1090 inquit,

1952 1123 2041 1176 per
2070 1109 2239 1176 ipsum
2262 1111 2436 1180 factus
2464 1123 2561 1178 est,
2594 1127 2644 1168 et
2671 1115 2897 1168 mundus
2945 1128 3062 1170 eum
3108 1128 3206 1169 non
3237 1117 3474 1184 cognovit
3499 1116 3539 1152 ¹ο

1953 1197 2109 1263 Quod
2137 1201 2276 1255 idem
2312 1204 2453 1258 valet
2495 1215 2659 1274 atque
2704 1206 2792 1260 illa
2819 1206 2982 1261 verba
3008 1223 3022 1260 :
3051 1204 3118 1258 In
3143 1206 3356 1276 propria
3382 1205 3541 1264 venit.

1955 1303 2012 1342 ct
2047 1292 2133 1345 sui
2167 1309 2286 1347 eum
2316 1311 2421 1350 non
2456 1306 2783 1366 receperunt.

1955 1380 2144 1451 ἔγνω,
2176 1383 2205 1437 ὃ
2249 1386 2364 1440 ἴσον
2417 1389 2535 1442 ἐστὶ
2563 1389 2638 1460 τῷ
2658 1427 2674 1455 ,
2709 1389 2818 1455 Εἰς
2850 1389 2926 1443 τὰ
2972 1388 3096 1444 ἴδια
3129 1383 3280 1458 ἦλθε
3301 1427 3318 1454 ,
3349 1386 3448 1440 καὶ
3486 1391 3540 1442 oi

347 1550 413 1602 Et
447 1551 514 1603 τὰ
556 1551 779 1620 ἐπίγεια
834 1555 952 1606 ἐστι
1001 1555 1096 1608 τοῦ
1143 1557 1404 1627 πονηροῦ,
1439 1561 1554 1624 πῶς
1600 1563 1851 1632 ηνέσχετο

2033 1570 2088 1626 Si
2122 1587 2206 1628 res
2261 1583 2491 1630 terrenae
2544 1585 2674 1630 sunt
2728 1576 2874 1640 mali,
2907 1589 3004 1628 cur
3060 1573 3345 1637 fructibus,
3405 1586 3541 1640 quos

248 1641 359 1695 διὰ
391 1643 500 1694 τῶν
532 1645 797 1713 καρπῶν,
851 1644 888 1698 ἃ
936 1645 1138 1713 ἔφυσεν
1167 1651 1200 1716 ἡ
1234 1650 1302 1719 γῆ
1332 1688 1348 1714 ,
1398 1651 1458 1703 τὸ
1495 1655 1728 1722 ποίημαξ
1754 1654 1850 1706 τοῦ

250 1735 514 1804 πονηροῦ
549 1737 710 1788 τοῦτο
744 1737 844 1805 μὲν
891 1738 985 1791 καὶ
1030 1739 1095 1792 ἐκ
1128 1741 1290 1794 πέντε
1321 1744 1504 1813 ἄρτων
1525 1787 1541 1810 ,
1593 1746 1750 1799 τοῦτο
1792 1748 1849 1801 δὲ

250 1824 325 1888 ἐξ
371 1824 513 1875 ἑπτὰ
561 1824 762 1887 πολλὰς
806 1827 1076 1896 μυριάδας
1108 1832 1374 1899 χορτάσαι
1401 1848 1418 1898 ;
1453 1834 1608 1903 Πόσῳ
1638 1837 1746 1905 γὰρ
1779 1833 1848 1907 ἦν

250 1913 494 1980 ἄμεινον
534 1915 629 1965 καὶ
673 1914 1146 1987 Θεοπρεπέστερον
1181 1920 1255 1990 μὴ
1287 1922 1345 1985 ἐξ
1385 1922 1680 1994 ἀλλοτρίων
1715 1944 1848 1996 καρ-

251 2004 390 2058 πῶν
410 2047 424 2069 ,
467 2004 586 2058 ἀλλ’
619 2005 674 2070 ἐξ
701 2005 916 2059 οἰκείων
944 2008 1444 2080 δημιουργημάτων
1472 2015 1692 2083 τρέφειν
1723 2018 1847 2079 τοὺς

255 2099 842 2167 μυσταγωγουμὲνους
883 2100 1068 2170 aere;
1099 2102 1311 2154 Μᾶλλον
1340 2104 1397 2155 δὲ
1432 2105 1548 2168 πῶς
1574 2107 1694 2159 ὅλον
1725 2125 1849 2176 τρο-

250 2188 376 2257 φὴν
400 2226 416 2249 ,
472 2187 504 2256 ἢ
541 2189 705 2240 ποτὸν
736 2189 898 2251 αὐτὸς
946 2193 1396 2260 προσηνέγκατο,
1437 2194 1472 2248 ἃ
1507 2197 1720 2263 καρπὸς
1778 2194 1847 2268 ἦν

247 2279 378 2330 τῶν
429 2277 607 2346 ἔργων
641 2278 734 2328 τοῦ
769 2279 1048 2348 tov'qpoﬁ;
1088 2284 1209 2345 Πῶς
1245 2283 1290 2334 δ’
1319 2285 1384 2336 ἂν
1416 2286 1480 2336 ἐκ
1507 2285 1602 2338 τοῦ
1636 2288 1844 2354 ἀγαθοῦ

249 2368 482 2437 Πατρὸς
536 2369 811 2421 αἰτεῖσθαι
869 2371 963 2422 τὸν
1015 2371 1179 2440 ἄρτον
1231 2374 1320 2426 τὸν
1377 2377 1656 2430 ἐπιούσιον
1714 2382 1846 2450 ἡμῖν

247 2460 611 2526 ἑνετείλατο;
649 2462 742 2514 καὶ
783 2462 898 2522 πῶς
938 2462 1102 2515 πάλιν
1149 2465 1461 2536 ὀφθαλμοὺς
1497 2469 1847 2541 δημιουργῶν

249 2551 341 2622 τῷ
392 2551 579 2620 τυφλῷ
637 2552 739 2603 οὐκ
797 2553 856 2618 ὲξ
905 2553 1072 2624 ἄλλης
1114 2554 1282 2624 ὕλης,
1343 2559 1458 2610 ἀλλ’
1487 2561 1550 2612 ἐκ
1597 2561 1700 2628 γῆς
1753 2563 1848 2614 καὶ

255 2645 489 2709 ὓδατος,
528 2645 672 2716 ἅπερ
699 2641 768 2716 ἦν
796 2646 890 2698 τοῦ
921 2648 1183 2718 πονηροῦ,
1214 2649 1313 2720 τὴν
1337 2651 1460 2720 ὄψιν
1490 2655 1844 2718 ὲκαινοποίει,

255 2737 557 2806 μονονουχὶ
603 2737 1080 2807 συμμεριζόμενυς
1116 2740 1192 2810 τῷ
1235 2744 1414 2812 ἐχθρῷ
1437 2785 1450 2808 ,
1509 2746 1605 2798 καὶ
1637 2746 1713 2816 τῷ
1747 2747 1848 2817 μὲν

252 2836 427 2903 ἀφεὶς
463 2837 522 2888 τὸ
547 2835 711 2888 πλέον
744 2839 939 2900 ποιεῖν,
967 2836 1132 2898 αὐτὸς
1157 2836 1212 2888 δὲ
1235 2838 1296 2890 τὸ
1323 2840 1486 2906 μέρος
1516 2839 1849 2908 ἀναπληρῶν

250 2928 322 2994 ἐξ
372 2927 662 2996 ἀλλοτρίας
719 2927 854 2997 ὕλης
879 2967 894 2990 ,
936 2927 1126 2998 ὥσπερ
1167 2929 1388 2997 ἀπορῶν
1445 2930 1616 2995 ιδίας;
1653 2929 1846 2982 Καίτοι
1887 2971 1893 2977 .

250 3019 310 3072 εἰ
368 3018 443 3088 μή
501 3035 554 3070 τι
584 3018 736 3082 ἄλλο,
771 3017 887 3070 ἀλλ’
931 3018 1064 3071 αὐτό
1113 3035 1176 3087 γε
1231 3017 1389 3071 τοῦτο
1436 3020 1563 3084 τοὺς
1627 3021 1846 3082 ἀθλίους

1959 1669 2122 1727 terra,
2155 1679 2272 1734 quae
2299 1666 2422 1719 mali
2479 1680 2612 1734 opus
2670 1675 2778 1730 est,
2835 1665 2976 1730 tulit,
3032 1665 3200 1719 multa
3261 1665 3536 1717 hominum

1957 1752 2123 1806 millia
2179 1754 2434 1820 satiavit;
2485 1754 2650 1809 semel
2702 1755 2919 1822 quidem
2994 1756 3224 1822 panibus
3275 1753 3537 1821 quinque,

1949 1841 2145 1896 iterum
2178 1853 2358 1898 autem
2393 1845 2642 1914 septem?
2677 1844 2892 1912 Quanto
2921 1845 3062 1897 enim
3095 1845 3306 1904 melius,
3348 1835 3541 1897 et‘Deo

1949 1931 2163 2001 dignius
2210 1943 2352 2001 erat,
2390 1951 2494 1990 non
2541 1936 2732 1990 alienis
2789 1936 3073 1995 fructibus,
3126 1935 3220 1990 sed
3283 1936 3540 2003 propriis.

1947 2036 2040 2076 eos
2069 2037 2207 2091 quos
2265 2022 2602 2086 instituebat,
2655 2023 2938 2078 saturare?
2990 2023 3104 2077 lino
3150 2038 3279 2078 vero
3331 2039 3428 2078 cur
3486 2024 3540 2077 in

1946 2115 2122 2170 cibum
2168 2125 2222 2172 et
2281 2125 2463 2184 potum
2516 2117 2758 2170 adhibuit
2804 2131 2868 2170 ea
2919 2130 3040 2185 quas
3104 2115 3312 2170 fructus
3385 2125 3540 2169 erant

1946 2222 2167 2274 operum
2200 2208 2363 2262 mali?
2396 2209 2500 2261 Aut
2544 2223 2640 2260 cur
2695 2209 2952 2276 pratcepit
2993 2206 3168 2270 nobis,
3222 2216 3279 2260 ut
3314 2221 3345 2260 a
3398 2207 3542 2260 bono

1949 2300 2108 2353 Patre
2152 2315 2346 2369 panem
2413 2300 2790 2368 quotidianum
2855 2299 3208 2367 peteremus?
3264 2297 3538 2352 Prasterea

1949 2409 2045 2445 cur
2076 2393 2202 2446 caeci
2233 2392 2420 2446 oculos
2450 2406 2668 2456 curans,
2698 2405 2802 2445 non
2841 2405 2910 2447 ex
2940 2391 3043 2444 alia
3078 2391 3321 2456 materia,
3349 2391 3441 2445 sed
3471 2406 3536 2444 ex

1949 2496 2087 2537 terra
2121 2494 2177 2537 et
2204 2498 2365 2552 aqua,
2398 2498 2517 2551 quae
2555 2483 2681 2537 mali
2721 2491 2867 2548 sunt,
2924 2497 3116 2536 novam
3173 2481 3382 2534 videndi
3431 2483 3536 2534 vim

1950 2573 2172 2627 tribuit?
2205 2583 2457 2642 tanquam
2487 2587 2608 2626 cum
2662 2572 2882 2626 inimico
2924 2573 2997 2625 ita
3049 2585 3160 2624 rem
3215 2570 3534 2638 partiretur,

1949 2678 2005 2719 ut
2045 2666 2299 2734 majorem
2359 2665 2406 2718 ei
2464 2675 2669 2732 partem
2728 2665 3073 2733 relinqueret,
3127 2664 3240 2726 ipse
3309 2663 3535 2716 alteram

1945 2757 2190 2825 expleret
2215 2772 2278 2809 ex
2301 2755 2476 2809 aliena
2507 2755 2753 2822 materia,
2807 2763 3062 2821 tauquam
3117 2754 3334 2822 propria
3389 2752 3533 2806 indi-

1947 2847 2132 2918 geret?
2159 2847 2476 2916 Quanquam
2510 2845 2556 2900 si
2587 2846 2719 2900 nihil
2748 2844 2891 2898 aliud
2924 2843 3165 2897 infelices
3193 2843 3328 2896 istos
3367 2843 3537 2895 haare-

1949 2941 2084 2996 ticos
2121 2949 2384 3002 moveret,
2449 2938 2550 2993 hac
2609 2939 2722 2992 sola
2783 2937 3011 3004 hujusce
3064 2936 3136 2989 rei
3201 2935 3536 2988 admiranda:

1948 3031 2378 3086 consideratione
2420 3031 2676 3085 deberent
2727 3027 3066 3096 resipiscere,
3115 3027 3253 3094 quod
3282 3026 3373 3094 qui
3407 3039 3534 3076 vere

248 3110 374 3164 εδει
421 3112 851 3183 δυσωπηθῆναι,
901 3115 1000 3168 καὶ
1055 3117 1428 3185 κατανοῆσαι.
1478 3118 1560 3170 ὃτι
1617 3118 1787 3181 ὅντως
1817 3121 1846 3172 ὀ

1954 3122 2104 3177 {imit
2130 3123 2344 3178 oculum
2374 3136 2438 3175 ex
2468 3121 2602 3185 luto,
2636 3119 2726 3174 ille
2759 3120 2874 3188 ipse
2903 3127 3009 3182 est,
3032 3117 3122 3187 qui
3157 3118 3224 3170 ab
3257 3116 3410 3169 initio
3433 3114 3532 3166 ho-

249 3202 477 3266 πλάσας
529 3205 622 3256 τὸν
675 3205 954 3274 ὀφθαλμὸν
1015 3209 1080 3261 ἐκ
1139 3209 1332 3278 πηλοῦ.
1367 3210 1508 3274 Οῖας
1541 3212 1653 3281 γὰρ
1712 3210 1846 3279 ὕλης

249 3298 384 3350 ἐστὶ
407 3296 467 3350 τὸ
497 3297 698 3366 μέρος,
728 3299 828 3368 τῆς
855 3297 1024 3368 αὐτῆς
1061 3300 1160 3353 καὶ
1198 3301 1258 3354 τὸ
1287 3301 1405 3355 ὅλον
1429 3343 1444 3369 ,
1495 3305 1588 3356 καὶ
1621 3303 1681 3356 ὃν
1721 3306 1846 3374 ἔσχε

250 3389 322 3444 τὸ
369 3389 490 3444 ὅλον
539 3390 915 3462 δημιουργὸν,
957 3391 1050 3446 τὸν
1089 3394 1256 3448 αὑτὸν
1299 3397 1394 3450 καὶ
1428 3397 1488 3449 τὸ
1523 3397 1709 3468 μέρος.

348 3591 408 3645 ⁸0
451 3592 657 3663 Κύριος
705 3593 864 3663 ἡμῶν
912 3595 1122 3660 Ἰησοῦς
1169 3597 1406 3665 Χριστὸς
1452 3597 1545 3648 ἐπὶ
1577 3597 1636 3648 τὸ
1677 3597 1847 3658 πάθος

254 3685 707 3754 παραγινόμενος
770 3688 978 3757 Κύριον
1035 3689 1230 3741 ἑαυτὸν
1269 3689 1366 3756 τῆς
1420 3687 1544 3739 ὄνου
1597 3688 1694 3740 καὶ
1745 3687 1840 3741 τοῦ

253 3773 451 3827 πώλου
501 3775 750 3845 ἀπέφηνε
795 3777 933 3846 πρὸς
984 3777 1114 3838 τοὺς
1163 3777 1437 3847 μαθητάς.
1468 3776 1578 3829 Καὶ
1605 3778 1716 3848 γὰρ
1752 3777 1848 3845 δη-

254 3867 678 3937 μιουργήματα,
731 3871 825 3921 καὶ
868 3869 969 3938 τῆς
998 3867 1196 3921 ἑαυτοῦ
1245 3868 1571 3938 κυριότητος
1614 3869 1708 3920 καὶ
1767 3868 1852 3936 δε-

253 3957 520 4020 σποτείας
562 3957 754 4028 ὥσπερ
791 3962 819 4012 ὁ
873 3963 1100 4029 κόσμος,
1152 3962 1247 4013 καὶ
1299 3961 1368 4012 τὰ
1399 3961 1457 4015 ὲν
1506 3959 1675 4029 αὐτῷ,
1709 3958 1851 4014 οὕτω

253 4046 361 4099 καὶ
421 4047 620 4101 ταῦτα.
676 4049 769 4102 Διό
820 4068 1014 4120 φησιν,
1055 4050 1202 4105 Ἐάν
1254 4069 1346 4117 τις
1407 4050 1552 4118 ὑμῖν
1585 4051 1725 4119 εἴπῃ
1774 4069 1850 4116 τι,

251 4135 449 4203 ἐρεῖτε
477 4138 567 4191 ὅτι
624 4139 687 4193 Ὃ
732 4141 952 4208 Κύριος
999 4142 1197 4197 αὐτῶν
1248 4145 1458 4212 χρείαν
1499 4144 1646 4222 ἔχει.
1682 4145 1750 4198 Ἦ
1789 4145 1847 4198 δὲ

251 4233 572 4286 ἀποστασία
601 4235 701 4287 οὐκ
731 4236 984 4304 ἀνέχεται
1027 4235 1186 4289 τοῦτο
1205 4276 1220 4300 ,
1255 4237 1392 4289 ἀλλά
1419 4237 1520 4305 τῆς
1566 4237 1731 4289 αὐτοῦ
1760 4237 1847 4304 ἐξ-

254 4323 451 4386 ουσίας
484 4324 808 4395 ἀρπάζουσα
838 4326 945 4378 ὑπὸ
974 4326 1074 4395 τὴν
1113 4327 1482 4397 δημιουργίαν
1519 4328 1704 4380 τάττει
1749 4329 1843 4381 τοῦ

262 4433 401 4486 πονη
411 4433 504 4485 pou
515 4455 528 4468 .

334 4508 514 4577 Ὅπερ
570 4508 617 4560 oi
671 4507 891 4570 ἀσεϐεῖς
946 4509 1030 4572 εις
1097 4509 1440 4580 παράστασιν
1486 4511 1581 4563 τοῦ
1630 4512 1873 4565 οἰκείου.

1867 4420 1923 4483 D

1950 3218 2148 3268 minem
2177 3230 2242 3268 ex
2274 3215 2386 3269 luto
2425 3211 2698 3266 formavit.
2735 3209 2902 3278 Cujus
2957 3208 3100 3262 enim
3135 3206 3375 3260 materiai
3408 3219 3535 3272 pars

1946 3317 2050 3370 est,
2083 3307 2412 3364 illiustotum
2435 3315 2540 3360 est.
2568 3303 2634 3356 Et
2658 3317 2821 3373 quem
2855 3310 3024 3356 totum
3047 3300 3238 3355 habuit
3260 3297 3533 3370 Opiﬁcem,

1949 3399 2097 3455 illum
2132 3399 2322 3454 habuit
2358 3408 2412 3454 et
2443 3413 2591 3468 pars.

2023 3600 2284 3653 Dominus
2317 3607 2502 3650 uoster
2527 3596 2686 3650 ἔνευε
2733 3595 3001 3656 Christus,
3038 3607 3159 3649 cum
3192 3591 3258 3644 ad
3306 3599 3535 3650 mortem

1949 3690 2425 3761 apprOpinquaret,
2480 3701 2540 3740 se
2592 3686 2732 3739 asini
2789 3695 2842 3737 et
2893 3681 3020 3752 pulli
3074 3682 3359 3734 Dominum
3413 3695 3536 3734 esse

1949 3782 2226 3849 discipulis
2281 3777 2602 3835 declaravit.
2669 3776 2879 3831 Etenim
2973 3789 3138 3844 opera
3207 3774 3348 3827 illius
3409 3781 3535 3825 sunt

1950 3873 2348 3931 dominationis
2384 3871 2738 3941 etpotentim,
2792 3876 2854 3923 ut
2886 3867 3134 3930 mundus,
3191 3877 3245 3918 et
3300 3879 3421 3932 qua:
3479 3864 3534 3916 in

1951 3965 2151 4021 mundo
2179 3971 2330 4030 sunt,
2363 3963 2442 4017 sic
2481 3964 2643 4018 etiam
2697 3961 2832 4016 haec.
2896 3959 3255 4026 Quamobrem
3308 3956 3384 4011 ait
3420 3973 3433 4008 :
3473 3955 3535 4009 Si

1949 4060 2066 4128 quis
2111 4058 2254 4112 vobis
2333 4055 2536 4128 aliquid
2597 4055 2812 4120 dixerit,
2879 4050 3206 4121 respondete,
3272 4049 3533 4102 Dominus

1948 4153 2133 4205 horum
2165 4168 2292 4218 opus
2343 4151 2494 4203 habet
2532 4151 2577 4204 ⁸.
2608 4150 2680 4201 At
2729 4147 2954 4202 haeresis
2993 4148 3216 4201 istorum
3268 4147 3371 4199 hoc
3426 4143 3534 4212 pati

1947 4259 2055 4298 non
2085 4251 2281 4310 potest,
2314 4243 2406 4296 sed
2457 4243 2573 4302 haec
2630 4240 2794 4310 ipsius
2849 4241 3087 4292 adimeus
3139 4237 3414 4306 potestati,
3468 4252 3532 4288 ea

1953 4334 2077 4388 mali
2100 4334 2348 4390 attribuit
2375 4333 2609 4403 opiﬁcio.

2016 4494 2169 4561 Quod
2200 4493 2349 4562 impii
2376 4493 2469 4547 isti
2496 4493 2561 4545 ad
2597 4506 2750 4547 suam
2801 4491 3232 4546 conﬁrmandam
3296 4489 3532 4544 aﬂ'erunl

257 4600 662 4671 προϐάλλονται
737 4600 1150 4671 δυσσεόήματος
1177 4641 1192 4664 ,
1263 4602 1456 4672 ὅτιπερ
1509 4603 1667 4673 ἄρχει
1728 4605 1835 4658 τῶν

1959 4587 2296 4657 mpietatem,
2333 4601 2438 4655 qua
2470 4585 2671 4639 malum
2724 4597 2903 4638 rerum
2937 4585 3275 4637 terrestrium
3327 4581 3532 4650 princi-

253 4690 521 4757 ἐπιγείων
569 4692 597 4742 ὀ
648 4691 902 4760 πονηρὸς,
959 4692 1325 4760 πλανηθέντες
1373 4695 1482 4746 ἀπὸ
1510 4695 1603 4747 τοῦ
1655 4698 1833 4749 εἰπεῖν

1954 4694 2053 4732 tem
2076 4693 2197 4733 esse
2221 4678 2568 4740 contendunt,
2602 4691 2666 4729 ea
2715 4690 2772 4730 re
2792 4675 3022 4743 decepti,
3053 4675 3196 4743 quod
3236 4675 3350 4741 ipse
3378 4673 3534 4727 Chri-
3579 4707 3586 4714 -
3630 4734 3631 4737 η

251 4784 426 4838 αὐτὸν
476 4783 564 4834 ὅτε
617 4783 696 4851 τῷ
747 4782 968 4854 Χριστῷ
1021 4783 1116 4842 τὰς
1167 4784 1445 4851 ἐπιγείους
1498 4785 1678 4848 πάσας
1737 4788 1834 4848 βα-

1954 4782 2018 4824 ιιο
2048 4769 2429 4824 demonstratis
2446 4769 2696 4822 omnibus
2727 4768 2912 4821 mundi
2937 4769 3114 4835 regnis
3135 4765 3371 4818 dixerit:
3403 4764 3530 4816 Haec

253 4874 467 4937 σιλεῐας
521 4875 820 4941 ὑπέδειξεν,
866 4876 948 4928 ὅτι
1006 4875 1202 4930 Ταῦτα
1246 4877 1446 4932 πάντα
1490 4893 1590 4932 σοι
1635 4879 1829 4943 δώσω,

1954 4862 2109 4914 uunia
2140 4863 2232 4914 tibi
2260 4862 2416 4926 dabo,
2454 4862 2498 4913 si
2528 4869 2822 4928 prostratus
2879 4859 3179 4912 adoraveris
3219 4872 3299 4909 me
3331 4858 3373 4920 ³,
3403 4857 3529 4910 illud

254 4969 370 5021 ἐὰν
420 4967 630 5020 πεσὼν
675 4967 1118 5037 προσκυνήσῃς
1143 4987 1246 5036 μοι
1271 5009 1286 5032 ,
1338 4969 1498 5024 τοῦτο
1535 4971 1716 5033 αὐτοῖς
1756 4975 1836 5035 εἰς

1957 4967 2111 5018 psum
2142 4952 2363 5006 deberet
2391 4951 2493 5004 illis
2520 4951 2779 5012 indicare,
2813 4950 3011 5002 malum
3046 4947 3246 5000 nullius
3274 4947 3518 5014 ipsorum

254 5057 321 5111 τὸ
351 5058 576 5126 μηδενὸς
602 5059 784 5111 αὐτῶν
803 5060 995 5129 ἄρχειν
1021 5061 1111 5111 τὸν
1144 5061 1380 5130 πονηρὸν
1405 5062 1831 5132 ἀντέστραπται.

1954 5061 2057 5098 :Sse
2089 5045 2387 5098 dominum.
2423 5043 2558 5096 Cum
2595 5043 2736 5094 enim
2777 5041 3002 5094 mendax
3048 5041 3138 5101 sit,
3171 5050 3224 5093 et
3253 5037 3520 5090 utcndacli

257 5152 521 5221 Ψεύστης
556 5152 664 5222 γὰρ
712 5151 810 5219 ὢν,
859 5154 954 5205 καὶ
1007 5151 1234 5220 ψεύδους
1271 5154 1509 5224 ἀρχηγὸς
1535 5193 1550 5218 ,
1607 5131 1703 5209 παὶ
1741 5157 1837 5207 otio

1954 5134 2210 5204 )t'ittcéps,
2235 5151 2463 5203 cumque
2494 5149 2768 5201 nunquam
2797 5132 3010 5187 steterit
3060 5132 3110 5184 in
3150 5131 3394 5189 veritate,
3455 5137 3513 5180 ut

255 5243 453 5297 ίέποτε
487 5245 546 5295 ἐν
576 5247 640 5314 τῇ
677 5243 905 5315 ἀληθείᾳ
934 5244 1214 5324 ὲστηξὼς,
1257 5244 1333 5307 ὡς
1371 5248 1398 5298 ὁ
1431 5246 1636 5316 Κύριος
1679 5248 1837 5317 ἡμῶν

1954 5232 2203 5287 Demiuus
2234 5237 2418 5283 noster
2442 5227 2625 5280 docuit
2656 5230 2698 5292 δ,
2730 5226 2844 5296 ipse
2873 5240 2931 5281 se
2963 5240 3143 5280 rerum
3177 5221 3516 5278 terrestrium

256 5336 534 5400 ἐδίδαξεν,
583 5339 744 5401 αὐτὸς
791 5339 985 5390 ἑαυτὸν
1019 5340 1240 5390 ἀνεῖπεν
1271 5338 1511 5408 ἄρχοντα
1556 5341 1664 5393 τῶν
1712 5343 1836 5394 ἐπι-

1954 5319 2161 5389 negavit
2193 5332 2314 5373 esse
2334 5317 2655 5388 principem.

254 5446 450 5500 γειων.

330 5617 348 5646 ί
379 5613 536 5669 Joau.
569 5613 718 5679 1,10.
795 5614 1029 5670 ’Matth.
1086 5630 1197 5682 ut,
1251 5617 1302 5674 3.
1381 5615 1414 5685 ⁸,
1448 5615 1638 5670 Matth.
1692 5631 1766 5682 tv,
1821 5615 1874 5669 9.
1953 5615 1974 5652 ⁵
2007 5613 2162 5670 Joan.
2203 5623 2324 5682 Vm,
2355 5613 2444 5669 id.
