4022 6224
549 335 683 405 1211

1202 525 1467 580 videlicet.

522 620 529 707 ξ
620 637 698 704 Si,
726 647 784 691 ut
820 646 1063 692 amentes
1095 638 1182 693 isti
1215 640 1477 702 sentiunt,
1508 640 1681 696 bonus
1712 656 1950 695 animam
1985 641 2133 706 facit,

548 746 743 797 corpus
779 714 959 785 autem
985 731 1181 793 malus,
1216 734 1490 799 quomodo
1540 734 1739 802 patitur
1791 735 1965 789 bonus
2011 749 2133 788 cum

512 826 678 889 ,A'nzaii
740 839 905 892 opere
952 840 1087 893 opus
1145 840 1302 879 suum
1367 824 1656 894 coniungi,
1715 836 1807 878 aut
1863 826 2136 893 quomodo

530 908 782 977 sustinet
840 914 1016 968 malus
1080 917 1218 971 hanc
1268 914 1750 984 conjunctionem?
1814 916 2137 981 Coujunctio

549 990 693 1062 enim
730 996 821 1060 aut
868 1022 1065 1076 corpus
1092 1008 1292 1062 bonum
1321 1007 1537 1072 eiiiciet,
1582 1022 1704 1061 cum
1759 1022 1973 1075 aequum
2031 1022 2136 1060 non

551 1101 643 1161 sit,
680 1111 738 1152 ut
767 1105 937 1153 bonus
974 1099 1097 1151 mali
1137 1114 1270 1166 opus
1301 1099 1499 1152 bonum
1530 1100 1741 1162 reddat,
1780 1108 1872 1152 aut
1900 1099 2135 1152 animam

551 1193 773 1257 malam,
808 1192 948 1261 quod
986 1193 1158 1257 [inagis
1189 1192 1357 1245 etiam
1409 1191 1706 1245 absurdum
1757 1200 1859 1255 est,
1912 1203 1969 1244 ut
2011 1192 2134 1245 boni

550 1302 686 1355 opus
714 1287 785 1353 ab
811 1299 971 1352 opere
1004 1286 1125 1338 mali
1170 1286 1512 1352 depravetur.
1570 1287 1696 1351 Qua:
1723 1301 1882 1355 porro
1908 1286 2140 1340 societas

544 1381 655 1433 .luci
686 1368 807 1433 cum
854 1378 1109 1447 tenebris,
1159 1384 1255 1430 aut
1309 1391 1429 1446 qua:
1478 1376 1789 1447 conjunctio
1850 1378 1962 1433 Deo
2016 1394 2138 1433 cum

550 1472 717 1525 Belial
750 1487 870 1526 esse
896 1479 1061 1540 queat
1092 1471 1149 1525 ‘?
1482 1454 1493 1461 ”

628 1564 675 1620 S'
712 1566 882 1616 nntius
913 1574 1088 1633 potest
1120 1567 1275 1619 nobis
1305 1564 1530 1619 insidias
1582 1563 1780 1626 moliri,
1825 1578 1923 1619 nos
1957 1573 2137 1618 autem

549 1672 839 1725 possumus
864 1672 954 1710 cas
985 1668 1035 1710 et
1059 1658 1237 1711 anima
1262 1666 1315 1710 et
1351 1671 1578 1725 corpore
1596 1657 1892 1721 declinare,
1919 1646 2140 1725 corpus,

484 1768 489 1771 ·
552 1738 694 1817 qm
722 1761 773 1803 et
826 1750 1051 1804 insidias
1105 1750 1221 1819 ejus
1278 1764 1491 1814 cavere,
1546 1759 1600 1803 et
1663 1764 1921 1819 superare
1975 1751 2137 1805 etiam

551 1854 717 1909 atque
747 1843 977 1911 dejicere
1008 1857 1221 1896 omnem
1258 1841 1399 1896 illius
1454 1842 1712 1911 impetum
1748 1852 1948 1910 potest,
1995 1842 2137 1897 illius

550 1946 685 1999 opus
720 1946 824 1984 non
864 1940 967 1995 est,
1007 1944 1107 1985 nec
1156 1934 1271 2001 ipse
1301 1932 1497 1996 malus,
1528 1934 1573 1987 si
1608 1947 1806 2002 corpus
1856 1934 1925 1987 ab
1961 1948 2025 1988 eo
2060 1933 2140 1988 fa-

552 2030 698 2073 ctum
748 2029 922 2081 esset,
959 2020 1220 2074 adversus
1280 2021 1453 2088 ipsum
1506 2030 1877 2089 consurgeret.
1932 2023 2140 2078 Anima:

551 2114 721 2178 igitur
746 2121 801 2165 et
850 2113 1096 2180 corporis
1148 2113 1421 2182 opiﬁcium
1462 2114 1529 2169 ad
1565 2115 1839 2170 contraria
1872 2118 2139 2188 principia

550 2204 744 2259 referri
781 2204 888 2259 no'n
925 2216 1174 2275 possunt.

629 2468 680 2522 Si
713 2482 912 2537 corpus
933 2483 962 2522 a
999 2470 1141 2523 man
1173 2469 1480 2525 confectum
1505 2481 1609 2539 est,
1646 2477 1924 2543 quomodo
1956 2478 2136 2532 maxi-

551 2576 637 2612 ma
667 2573 761 2628 per
793 2559 921 2613 illud
952 2561 1087 2615 bona
1114 2561 1443 2630 peregimus,
1474 2565 1888 2633 temperatique,
1921 2577 1975 2621 et
2003 2584 2139 2622 con-

554 2652 811 2714 tineutes,
864 2658 919 2704 et
965 2651 1274 2720 vigilantes,
1319 2662 1372 2707 et
1431 2654 1498 2708 ad
1564 2655 1805 2724 pericula
1860 2658 2139 2715 subeunda

554 2744 911 2813 martyriique
946 2744 1161 2800 labores
1177 2745 1530 2815 perferendos
1574 2748 1742 2804 fortes
1764 2751 1987 2806 sumus?
2011 2752 2140 2817 Quae

549 2833 765 2900 quidem
788 2836 970 2889 omnia
1022 2852 1144 2889 eum
1200 2837 1445 2906 corporis
1508 2839 1691 2909 potius
1730 2855 1893 2909 quam
1946 2844 2140 2898 animae

551 2927 681 2991 sint,
722 2928 789 2980 ad
826 2928 1198 2983 Procreatoris
1229 2928 1455 2999 gloriam
1489 2929 1823 2986 referuntur.
1856 2934 2141 2999 Quomodo

551 3020 718 3087 igitur
747 3035 883 3089 opus
915 3021 1039 3074 mali
1070 3021 1200 3075 facit
1226 3036 1286 3077 ea
1322 3036 1443 3091 quae
1473 3024 1616 3077 bona
1648 3034 1801 3092 sunt,
1826 3041 1992 3095 seque
2022 3027 2141 3081 ani-

552 3128 653 3166 mae
682 3114 889 3165 socium
947 3112 1271 3182 praebetad
1325 3127 1388 3166 ea
1447 3112 1798 3183 perﬁcienda,
1860 3132 1979 3186 quae
2033 3120 2135 3175 nisi

549 3205 724 3271 ipsum
756 3205 993 3269 adesset,
1020 3206 1280 3273 perlicere
1309 3222 1413 3260 non
1438 3206 1755 3276 judicatur?

620 3297 677 3351 Si
709 3310 905 3365 corpus
938 3297 1249 3366 figmentum
1282 3306 1365 3351 est
1396 3298 1544 3364 mali,
1594 3300 1865 3368 quomodo
1889 3303 1978 3369 qui
2025 3318 2140 3358 ma-

548 3387 659 3440 lum
689 3386 948 3455 praeclare
977 3394 1278 3457 oppugnat,
1312 3385 1511 3441 Paulus
1540 3387 1714 3456 ipsum
1741 3391 1975 3460 appellat
2015 3408 2145 3448 san-

548 3479 730 3532 etum?
768 3476 1023 3546 limupta,
1056 3477 1247 3546 inquit,
1275 3479 1465 3548 quierit
1492 3495 1609 3545 quia
1640 3491 1763 3535 sunt
1806 3482 2037 3550 Domini,
2085 3494 2143 3538 ut

548 3574 617 3626 sit
650 3582 829 3626 sancta
856 3584 907 3626 et
947 3587 1163 3641 corpore
1183 3582 1228 3625 et
1276 3573 1464 3641 spiritu
1488 3573 1533 3627 '.
1577 3572 1735 3639 Quod
1784 3575 1832 3631 si
1885 3584 2132 3632 sanctum

548 3676 632 3717 est
661 3678 880 3731 corpus,
906 3663 1177 3732 quomodo
1210 3663 1433 3728 malum,
1461 3674 1551 3717 aut
1582 3679 1611 3718 a
1645 3667 1789 3720 malo
1829 3667 2137 3723 confectum

550 3753 784 3820 opliee?
818 3754 1078 3808 Actiones
1110 3754 1254 3807 enim
1291 3752 1442 3807 mala:
1500 3754 1813 3822 ﬁgmentum
1865 3756 1990 3811 boni
2048 3758 2145 3814 Dei

555 3854 935 3916 depravantes,
972 3847 1265 3916 subjiciunt
1299 3848 1427 3902 illud
1450 3848 1613 3913 malo,
1656 3859 1715 3902 ut
1746 3851 1818 3904 sit
1866 3853 2144 3920 preprium

550 3938 743 4004 ipsius.
774 3938 843 3992 At
872 3939 916 3991 si
943 3940 995 3993 in
1020 3939 1231 4008 opiﬁcis
1259 3938 1342 3993 sui
1373 3938 1583 4005 legibus
1613 3942 1998 4007 permanserit,
2030 3943 2140 3995 vim

552 4031 717 4084 liabet
744 4034 940 4099 potius,
965 4044 1022 4085 ut
1045 4032 1243 4085 malum
1271 4040 1635 4100 persequatur
1659 4039 1712 4086 et
1739 4042 2146 4104 superet,quam

549 4132 610 4178 ut
634 4124 685 4178 in
713 4126 829 4194 ejus
862 4124 1143 4195 redigatur
1170 4124 1514 4181 servitutem.

629 4302 686 4357 Si
712 4318 912 4372 corpus
932 4319 962 4357 a
996 4305 1137 4360 malo
1165 4305 1451 4361 conﬂatum
1472 4306 1573 4369 esi,
1596 4320 1694 4359 cur
1720 4314 1942 4375 propter
1964 4304 2147 4361 Laza-

550 4393 594 4447 ri
625 4406 840 4462 corpus,
872 4396 1012 4462 quod
1060 4396 1362 4459 interierat,
1412 4396 1546 4451 luxit
1577 4395 1867 4453 Christus?
1894 4412 1991 4453 cur
2022 4398 2149 4453 mali

1796 348 2182 409 EUTHYMII
2223 348 2581 409 ZIGVBENI

549 451 722 507 Unum
770 471 882 510 esse
930 454 1167 525 corporis
1204 454 1498 524 animaque
1551 456 1868 524 eﬁ'ectorcm,
1909 458 2133 513 hominis
2166 462 2209 517 Α

3718 336 3877 403 1212

2304 457 2425 509 Ὅτι
2475 451 2563 520 εἷς
2616 453 2980 519 δημιουργὸς
3026 454 3133 507 τοῦ
3179 454 3456 521 σώματος
3512 451 3627 506 καὶ
3668 450 3785 519 τῆς

2542 523 2789 593 ψυχῆς,
2845 523 2977 590 ἢτοι
3024 523 3131 576 τοῦ
3176 524 3525 591 ἀνθρώπου,

2310 638 2373 689 El
2431 640 2459 690 ὁ
2513 638 2717 704 ἀγαθὸς
2766 638 2865 705 μὲν
2921 637 3020 708 τὴν
3075 636 3257 707 ψυχὴν
3311 639 3668 709 δημιουργεῖ
3713 643 3871 693 κατὰ

2236 731 2363 791 τοὺς
2402 730 2686 797 ἀνοήτους,
2719 729 2745 779 ὁ
2776 728 2833 780 δὲ
2858 728 3093 797 πονηρὸς
3116 731 3177 781 τὸ
3198 730 3378 798 σῶμα,
3415 732 3541 793 πῶς
3572 732 3869 801 ἠνέσχετο

2237 825 2264 875 ὁ
2311 821 2513 888 ἀγαθὸς
2557 821 2825 889 ἑνωθῆναι
2865 820 2928 873 τὸ
2959 821 3188 889 πλάσμα
3222 821 3390 873 αὑτοῦ
3426 823 3513 888 τῷ
3554 823 3870 892 πλάσματι

2239 913 2333 967 τοῦ
2373 913 2647 982 πονηρῶς
2700 912 2822 975 Πῶς
2868 912 2925 964 δὲ
2969 916 3063 965 καὶ
3109 914 3369 981 ὑπέμεινε
3414 914 3520 985 τὴν
3572 916 3791 969 ἕνωσιν
3838 919 3872 969 ὁ

2202 1008 2496 1077 πονηρὸςς
2542 1006 2607 1059 Ἦ
2640 1006 2748 1076 γὰρ
2789 1006 2987 1069 ἓνωσις
3015 1006 3048 1076 ἢ
3078 1006 3477 1075 ἁγαθοποιήσει
3531 1008 3595 1060 τὸ
3642 1009 3815 1078 σῶμα
3847 1048 3865 1072 ,

2239 1100 2300 1151 οὐ
2351 1100 2457 1169 χρὴ
2505 1099 2560 1152 δὲ
2623 1099 2683 1151 τὸ
2737 1099 2945 1163 ἀγαθὸν
2987 1099 3290 1151 τοῦ“κακοῦ
3323 1098 3384 1151 τδ
3422 1099 3599 1169 ἔργον
3640 1102 3865 1168 ἀγαθὸν

2242 1194 2414 1245 ποιεῖν
2437 1231 2450 1253 ,
2485 1191 2516 1258 ἢ
2547 1192 2903 1260 κακοποιήσει
2932 1190 3030 1261 τὴν
3053 1190 3252 1259 ψυχὴν,
3287 1191 3421 1260 ὅπερ
3454 1192 3856 1263 ἀτοπώτερον,

2243 1281 2572 1350 βλάπτεσθαι
2604 1284 2661 1334 τδ
2696 1282 2901 1349 ἀγαθὸν
2926 1281 3324 1352 δημιούργημα
3353 1282 3513 1352 παρὰ
3552 1285 3657 1336 τοῦ
3688 1302 3859 1353 πονῇ-

2244 1372 2339 1442 ροῦ
2365 1372 2700 1441 πλάσματος.
2727 1374 2935 1436 Ἀλλως
2955 1390 3013 1424 τε
3041 1373 3097 1425 δὲ
3127 1373 3209 1435 τίς
3229 1375 3485 1426 κοινωνία
3520 1375 3678 1441 φωτὶ
3719 1377 3860 1444 πρὸς

2246 1462 2474 1527 σκότος-ς
2518 1462 2601 1514 τίς
2646 1463 2703 1516 δὲ
2752 1463 3109 1532 συμφώνησις
3144 1463 3263 1533 Θεῷ
3300 1464 3435 1535 πρὸς
3473 1463 3733 1535 Βελίαρ;

2326 1552 2384 1605 'U
2422 1554 2519 1622 μὲν
2548 1555 2780 1624 πονηρὸς
2808 1555 3035 1608 δύναται
3074 1556 3222 1625 ἡμᾶς
3253 1554 3493 1625 ἐνοχλεῖν
3516 1599 3533 1621 ,
3584 1560 3766 1626 ἡμεῖς
3799 1559 3863 1611 δὲ

2243 1642 2527 1715 δυνάμεθα
2569 1647 2956 1715 διακρούεσθαι
3003 1648 3102 1717 τὴν
3156 1647 3378 1717 ὄχλησιν
3428 1650 3598 1701 αὑτοῦ
3644 1651 3743 1703 διά
3792 1670 3862 1704 τε

2243 1736 2424 1805 ψυχῆς
2473 1738 2568 1789 καὶ
2616 1737 2891 1808 σώματος.
2943 1739 3005 1791 El
3054 1739 3205 1791 δὲτὸ
3248 1741 3407 1807 σῶμα
3441 1742 3605 1810 ἡμῶν
3672 1744 3860 1813 ἰσχύει

2244 1829 2543 1883 διώσασθαι
2603 1831 2707 1900 τὴν
2766 1832 3074 1901 προσϐολὴν
3137 1831 3345 1897 αὐτοῦ,
3405 1834 3500 1886 καὶ
3561 1836 3624 1886 οὐ
3691 1838 3861 1889 τοῦτο

2245 1922 2450 1991 μόνον,
2520 1921 2656 1975 ἀλλὰ
2720 1924 2813 1975 καὶ
2866 1925 3295 1993 περιγενέσθαι,
3355 1927 3450 1978 καὶ
3502 1928 3856 1981 καταϐαλεῖν

2242 2012 2408 2066 αὑτοῦ
2441 2015 2622 2065 πᾶσαν
2654 2014 2907 2083 μηχανήν
2931 2028 2946 2044 ·
2998 2014 3114 2077 πῶς
3146 2017 3292 2069 ἐστιν
3336 2017 3548 2079 ἐκεῖνος
3592 2019 3854 2087 πλάστης

2242 2104 2451 2171 αύτοῦ;
2513 2106 2636 2167 πῶς
2693 2106 2737 2157 δ’
2789 2104 2856 2158 ἂν
2914 2106 2942 2158 ὁ
2997 2108 3234 2177 πονηρὸς
3293 2108 3435 2160 κατὰ
3483 2110 3581 2161 τοῦ
3632 2113 3851 2163 οἰκείου

2242 2197 2566 2261 πλάσματος
2598 2197 2991 2268 πονηρεύοιτο;
3040 2199 3325 2252 Ἀδύνατον
3356 2200 3448 2254 οὖν
3478 2204 3561 2265 είς
3596 2204 3859 2257 ἀντικει-

2245 2291 2412 2360 μένας
2447 2290 2820 2362 ἀναφέρεσθαι
2853 2291 2952 2360 τὴν
2981 2290 3352 2362 δημιουργίαν
3380 2296 3478 2365 τῆς
3521 2296 3720 2366 ψυχῆς
3755 2300 3853 2351 καὶ

2240 2380 2335 2434 τοῦ
2368 2382 2648 2452 σώματος.

2311 2473 2374 2526 Εί
2412 2473 2473 2527 τὸ
2507 2474 2665 2543 σῶμά
2696 2474 2811 2529 ἐστι
2866 2475 2960 2528 τοῦ
3009 2477 3247 2547 πονηροῦ
3305 2479 3534 2549 κτίσμα,
3598 2481 3726 2544 πῶς
3782 2482 3852 2535 δι’

2240 2564 2408 2618 αὐτοῦ
2441 2564 2509 2618 τὰ
2557 2566 2790 2634 μέγιστα
2823 2567 2936 2619 τῶν
2982 2568 3429 2637 κατορθωμάτων
3484 2573 3843 2641 πράττομεν,

2242 2655 2620 2726 σωφροσύνην,
2657 2656 3007 2725 ἐγκράτειαν,
3058 2660 3403 2727 ἀγρυπνίαν,
3448 2663 3663 2727 στάσιν,
3705 2666 3849 2733 πρὸς

2240 2748 2310 2799 τὸ.
2352 2748 2503 2800 δεινὰ
2558 2750 2898 2820 καρτερίαν,
2956 2751 3265 2820 μαρτυρίου
3301 2754 3524 2817 πόνους,
3578 2754 3613 2806 ἃ
3659 2756 3843 2809 πάντα

2244 2842 2496 2908 σώματος
2543 2841 2748 2911 μᾶλλον
2779 2842 2910 2894 ὄντα
2948 2843 2980 2911 ἢ
3012 2842 3214 2912 ψυχῆς,
3246 2846 3327 2906 είς
3369 2844 3529 2910 δόξαν
3562 2848 3845 2917 ἀναφέρε-

2242 2945 2333 2980 ται
2359 2929 2450 2982 τοῦ
2473 2930 2836 2999 δημιουργοῦ;
2870 2930 2996 2993 Πῶς
3021 2927 3113 2983 οὖν
3142 2932 3207 2983 τὸ
3225 2932 3437 3002 ποίημα
3463 2934 3556 2986 τοῦ
3594 2938 3845 3006 πονηροῦ

2244 3020 2477 3090 πράττει
2514 3022 2579 3072 τὰ
2629 3022 2833 3090 ἀγαθὰ,
2883 3023 2977 3075 καὶ
3026 3024 3280 3093 συνεργεῖ
3319 3026 3386 3094 τῇ
3426 3026 3574 3095 ψυχῇ
3629 3045 3845 3099 κατ-ορο

2244 3112 2449 3176 θῶσαι,
2502 3113 2560 3177 ἃ,
2624 3113 2701 3183 μὴ
2770 3113 3078 3183 παρόντος,
3136 3113 3403 3185 οῦμενουν
3459 3118 3522 3169 οὐ
3578 3120 3842 3187 κρίνεται

2246 3205 2649 3274 κατορθώματα
2676 3220 2691 3270 ;

2318 3298 2381 3350 El
2427 3297 2487 3349 τὸ
2536 3297 2698 3364 σῶμα
2739 3296 2962 3365 πλάσμα
3012 3296 3108 3350 τοῦ
3167 3300 3450 3369 πονηροῦ,
3492 3301 3609 3364 πῶς
3660 3304 3688 3354 ὁ
3741 3305 3841 3357 τοῦ

2246 3388 2489 3458 πονηροῦ
2552 3389 2823 3459 λαμπρῶς
2868 3394 3341 3460 καταστρατηγῶν
3403 3394 3611 3457 Παῦλος
3669 3396 3841 3463 ἅγιον

2244 3480 2376 3533 αὐτὸ
2402 3481 2561 3533 καλεῖ
2586 3498 2600 3544 ς
2644 3480 2714 3534 Ἣ
2739 3482 2968 3550 ἄγαμος
2988 3483 3124 3550 γὰρ,
3170 3488 3325 3554 φησι,
3349 3487 3604 3556 μεριμνᾷ
3628 3490 3702 3543 τὰ
3728 3492 3841 3545 τοῦ

2245 3570 2501 3636 Κυρίου,
2549 3570 2652 3622 ἵνα
2681 3564 2722 3639 ᾗ
2752 3570 2891 3637 ἁγία
2925 3570 3023 3623 καὶ
3057 3573 3287 3639 σώματι
3345 3576 3442 3627 καί
3509 3580 3831 3646 πνεύματι.

2247 3661 2311 3713 Et
2338 3660 2395 3713 δὲ
2430 3661 2586 3727 ἅγιον
2608 3660 2668 3713 τὸ
2702 3660 2884 3729 σῶμα,
2916 3661 3032 3724 πῶς
3067 3665 3329 3733 πονηρὸν,
3359 3666 3447 3717 καὶ
3476 3664 3649 3716 πόθεν
3675 3667 3837 3736 ἔργον

2245 3756 2609 3825 δημιουργίας
2667 3758 2956 3825 πονηρᾶς;
3018 3759 3252 3827 Πράξεις
3301 3762 3400 3828 μὲν
3450 3762 3562 3831 γὰρ
3595 3765 3839 3832 πονηραὶ

2248 3847 2771 3914 κιϐδηλεύουσαι,τὸ
2795 3849 3023 3919 πλάσμα
3061 3850 3156 3902 τοῦ
3186 3852 3395 3919 ἀγαθοῦ
3427 3852 3563 3905 Θεοῦ
3594 3855 3836 3908 ὑποτάσ-

2250 3955 2436 3991 σουσιν
2468 3938 2623 4005 αὐτὸ,
2678 3940 2772 3993 καὶ
2819 3939 3084 3993 οἰκειοῦσι
3115 3941 3192 4010 τῷ
3234 3943 3489 4013 πονηρῷ·
3537 3946 3596 3999 ἐν
3625 3946 3685 3999 δὲ
3726 3950 3838 4010 τοῖς

2248 4031 2439 4099 νόμοις
2514 4030 2610 4082 τοῦ
2680 4031 2928 4085 πλάστου
3001 4030 3431 4103 διατηρούμενον
3503 4036 3661 4104 ἰσχὺν
3727 4038 3839 4107 ἔχει

2253 4124 2455 4192 μᾶλλον
2494 4124 2692 4177 διῶκον
2729 4124 2824 4178 τὸν
2866 4125 3133 4195 πονηρὸν,
3170 4125 3287 4179 ἀλλ’
3321 4126 3423 4179 οὐκ
3453 4128 3621 4192 αὐτὸς
3667 4132 3841 4183 ἐκεῖνο

2249 4215 2610 4284 δουλαγωγεῖ.

2322 4309 2386 4361 El
2428 4309 2490 4361 τὸ
2528 4309 2688 4378 σῶμά
2720 4309 2868 4362 ἐστιν
2900 4311 2965 4362 ὲκ
3010 4310 3103 4363 τοῦ
3137 4312 3413 4382 πονηροῦ,
3456 4315 3579 4377 πῶς
3615 4317 3711 4368 ἐπὶ
3742 4316 3836 4369 τοῦ

2251 4400 2506 4472 Λαζάρου
2546 4401 3004 4471 διαφθειρομένου
3051 4402 3147 4455 τοῦ
3196 4404 3449 4471 σώματος
3494 4405 3768 4460 ἔκλαυσεν
3810 4410 3840 4460 ὁ

550 4499 686 4553 opus
712 4485 1031 4540 dissolutum
1060 4488 1455 4559 constringere,
1482 4500 1536 4544 et
1577 4492 1839 4559 excitare,
1868 4498 2041 4561 atque
2091 4494 2141 4548 in

2251 4493 2520 4564 Χριστὸςς
2576 4493 2672 4587 καὶ
2724 4493 2843 4555 πῶς
2881 4494 3114 4563 ἠθέλησε
3170 4494 3524 4564 διαλυόμενον
3564 4498 3625 4551 τὺ
3679 4500 3839 4569 ἔργον

549 4584 719 4637 vitam
750 4597 1004 4637 revocare
1035 4583 1233 4637 voluit?
1270 4584 1431 4653 idque
1462 4585 1623 4640 Patre
1658 4589 1881 4656 proprio
1925 4588 2148 4643 invoca-

552 4686 627 4742 to,
669 4684 727 4730 ut
756 4676 878 4730 mali
908 4678 1216 4746 ﬁgmentum
1274 4676 1411 4731 bene
1466 4689 1783 4747 corruptum
1833 4682 1948 4750 ipse
1989 4696 2148 4737 revo-

549 4782 705 4823 caret
729 4769 779 4822 in
815 4767 1021 4821 vitam?
1057 4767 1335 4833 Quomodo
1362 4778 1417 4822 et
1448 4768 1584 4825 alios
1629 4780 1871 4825 mortuos
1897 4774 2140 4827 suscita-

552 4866 648 4928 vit,
683 4872 738 4916 et
765 4872 958 4916 caetera
984 4861 1161 4915 divina
1184 4861 1339 4931 signa
1366 4862 1592 4931 peregit,
1615 4863 1814 4931 quibus
1852 4865 2135 4919 hominum

551 4969 776 5022 corpora
808 4954 1017 5009 curavit
1053 4954 1454 5023 aegrotandum?
1481 4954 1655 5019 Quid?
1681 4952 1902 5023 Leprosi
1930 4998 1944 5022 ,
1980 4972 2143 5026 para-

551 5046 722 5117 iytici,
756 5046 955 5111 claudi,
988 5048 1164 5111 surdi,
1192 5047 1838 5111 caeci,etinnumerabilia
1865 5050 2145 5119 aegritudi-

554 5158 680 5195 num
721 5142 1145 5210 morborumque
1164 5156 1387 5210 genera,
1408 5143 1601 5211 quibus
1618 5157 1842 5210 corpora
1874 5141 2144 5206 liberavit,

551 5248 732 5287 nonne
759 5233 1092 5287 convincunt
1115 5234 1341 5287 istorum
1374 5234 1786 5303 impudentiam,
1842 5235 1931 5304 qui
1971 5235 2147 5288 homi-

553 5340 679 5377 num
721 5339 949 5393 corpora
984 5340 1012 5379 a
1046 5325 1192 5379 malo
1243 5323 1382 5379 facta
1434 5340 1552 5381 esse
1604 5327 1829 5382 dicunt?
1861 5328 2141 5393 Quomodo

552 5418 695 5471 enim
758 5418 962 5473 inimici
1034 5418 1347 5495 ﬁgmentum
1398 5425 1713 5487 corruptum
1768 5420 1944 5476 bonus
2001 5418 2145 5474 Deus

554 5510 934 5578 instaurassel,
970 5527 1070 5565 nec
1099 5513 1270 5567 solum
1303 5521 1547 5567 curasset
1605 5512 1923 5569 accedentes
1967 5513 2033 5565 ad
2060 5527 2139 5578 se,

554 5604 648 5657 sed
671 5596 879 5674 ipse’ad
928 5619 1022 5662 eos
1070 5606 1434 5662 accessisset?
1484 5605 1759 5662 Circuibat
1802 5605 1944 5663 enim
1980 5605 2140 5662 Jesus

638 5776 727 5831 '11
756 5778 880 5833 Cor.
922 5795 990 5846 vi,
1025 5779 1111 5845 Η,
1156 5780 1237 5835 15.
1317 5780 1382 5835 ⁸1
1424 5779 1549 5834 Cor.
1602 5796 1636 5842 ι,
1682 5780 1765 5834 14.

2249 4575 2343 4629 τοῦ
2378 4575 2620 4646 πονηροῦ
2659 4577 2952 4645 συσφίγξαι
2974 4617 2989 4641 ,
3035 4578 3130 4630 καὶ
3162 4578 3503 4647 ζωοποιῆσαι
3526 4620 3543 4643 ,
3579 4584 3678 4634 καὶ
3713 4585 3847 4636 ἀνα-ν

2250 4671 2480 4741 στῆσαι,
2523 4671 2618 4723 καὶ
2666 4671 2787 4723 τότε
2830 4671 2923 4723 τὸν
2956 4670 3087 4724 ἴδιον
3123 4672 3563 4742 ἐπικαλούμενος
3597 4648 3846 4746 Πατέρα,⁶

2247 4763 2336 4815 ἵνα
2375 4764 2435 4816 τὸ
2472 4764 2700 4833 πλάσμα
2742 4764 2835 4817 τοῦ
2865 4765 3107 4835 πονηροῦ
3151 4767 3335 4830 καλῶς
3380 4767 3835 4837 διαφθειρόμενον

2245 4857 2407 4918 αὐτὸς
2455 4855 2801 4930 άναξωώσῃ⁹;
2859 4859 2981 4921 Πῶς
3035 4860 3093 4912 δὲ
3149 4862 3245 4913 καὶ
3284 4860 3481 4923 ἄλλους
3533 4862 3834 4925 τεθνεῶτας

2244 4948 2546 5019 ἀνέστησε;
2584 4950 2709 5013 Πῶς
2748 4950 2804 5001 δὲ
2839 4950 2936 5004 καὶ
2968 4950 3067 5013 τὰς
3098 4952 3266 5015 ἄλλας
3291 4952 3643 5022 θεοσημείας,
3685 4958 3834 5017 ὅσαις

2244 5040 2313 5093 τὰ
2338 5040 2446 5093 τῶν
2470 5040 2775 5109 ἀνθρώπων
2806 5042 3149 5113 εύηργέτηκε
3181 5043 3432 5113 σώματα,
3464 5043 3829 5115 διεπράξατος

2244 5133 2307 5187 0i
2345 5134 2402 5187 δὲ
2438 5134 2665 5203 λεπροὶ,
2715 5135 2764 5187 οἱ
2811 5136 3149 5204 παράλυτοι,
3187 5137 3235 5188 oi
3273 5136 3461 5205 χωλοὶ,
3501 5139 3602 5189 καὶ
3635 5139 3827 5204 κωφοὶ,

2242 5230 2342 5280 καὶ
2396 5227 2638 5294 τυφλοὶ,
2722 5228 2818 5281 καὶ
2865 5228 2931 5280 τὰ
2973 5228 3146 5297 μυρία
3201 5230 3310 5282 τῶν
3340 5229 3530 5282 παθῶν
3584 5232 3679 5283 καὶ
3728 5230 3827 5283 τῶν

2243 5321 2590 5391 νοσημάτων,
2627 5313 2701 5371 ὧν
2731 5320 2989 5374 ἁπάντων
3018 5321 3261 5392 καθαρὸν
3292 5322 3351 5374 τὸ
3381 5322 3543 5391 σῶμα
3575 5323 3823 5383 ἀπέλυεν,

2226 5414 2351 5482 ίοῦχ
2397 5412 2561 5466 ἱκανά
2606 5413 2971 5482 καταισχῦναι
3024 5415 3152 5477 τοὺς
3189 5414 3449 5483 λέγοντας
3486 5414 3553 5467 τὰ
3590 5416 3698 5467 τῶν
3740 5416 3825 5465 άν-

2252 5507 2490 5579 θρώπων
2521 5508 2753 5577 σώματα
2786 5508 3082 5577 πλάσματα
3110 5505 3247 5561 εῖναι
3275 5508 3367 5561 τοῦ
3391 5506 3670 5577 πονηροῦ;
3709 5506 3823 5566 Πῶς

2249 5605 2359 5673 γὰρ
2395 5601 2455 5654 τὺ
2486 5600 2713 5669 πλάσμα
2752 5600 2847 5653 τοῦ
2887 5599 3082 5670 ἐχθροῦ
3113 5602 3142 5653 ὁ
3182 5599 3386 5667 ἀγαθὸς
3418 5600 3553 5663 Θεὸς
3591 5598 3825 5668 διαφθει-
