4022 6224
1244 238 1621 299 PANOPLIA
1666 191 2127 303 DOGMATICA.
2168 270 2238 280 -·
2276 249 2421 310 Tl'I‘.
2468 252 2709 316 XXIV.-

3439 267 3577 337 1218

297 340 532 410 γαστρί
592 341 831 411 ἔχουσα
886 345 955 399 ἐκ
1005 346 1351 416 Πνεύματος
1429 348 1625 419 ἁγίου,
1666 351 1761 403 καὶ
1819 353 1883 404 τὰ

1994 360 2100 407 tnr.
2170 354 2304 410 Cum
2393 360 2537 415 enim
2615 364 2836 430 omnia,'
2900 381 3020 436 quae
3104 373 3169 425 ad
3246 386 3424 432 ortum
3455 351 3623 450 eius.

297 433 460 501 ἑξῆς.
506 426 639 485 Εἶτα
672 432 966 498 διεξελθὼν
991 434 1060 491 τὰ
1086 437 1217 507 περὶ
1249 436 1349 505 τῆς
1377 440 1689 509 γεννήσεως
1720 443 1885 496 αὐτοῦ

298 522 669 592 λεπτομερῶς
696 523 825 593 ἄχρι
863 526 962 594 τῆς
1005 526 1116 579 τῶν
1147 527 1339 596 μάγων
1386 529 1710 598 ἐπιδημίας,
1736 531 1888 600 λέγει

298 615 498 679 πάλιν,
537 616 622 669 ὄτι
655 618 766 671 Καί
812 618 1092 686 ἐλθόντες
1134 623 1227 687 είς
1259 622 1376 689 τὴν
1404 624 1601 678 οὶκίαν
1627 621 1793 679 ετδον
1822 627 1887 682 τὸ

300 706 559 760 παιδίον
616 708 763 771 μετὰ
790 711 1039 777 [Μαρίας
1072 710 1183 780 τῆς
1232 715 1474 783 μητρὸς
1520 716 1733 781 αὑτοῦ,
1788 708 1887 773 καί

298 801 609 866 πεσόντες
627 804 1108 870 προσεκύνησαν
1137 808 1304 862 αὑτό,
1346 808 1407 860 '0
1439 808 1496 861 δὲ
1545 807 1720 877 μέγας
1750 812 1891 864 Λου-

301 894 417 955 κᾶς
446 892 714 963 ἀνωτέρω
738 892 831 947 τὸν
876 894 1033 963 λόγον
1063 895 1314 966 ἀγαγὼν,
1375 898 1634 968 Ἑξῆλθε
1667 900 1885 971 δόγμα,

302 985 472 1053 φησὶ,
520 983 683 1052 παρὰ
740 987 1047 1055 Καίσαρος
1083 990 1443 1059 Αὐγούστου
1470 993 1578 1047 τοῦ
1628 993 1890 1063 ἀπογρά-

300 1075 757 1144 φεσθαιπᾶσαν
778 1077 893 1142 τὴν
913 1078 1303 1149 οἰκουμένην.
1318 1082 1480 1148 Αὕτη
1504 1084 1542 1151 ἡ
1566 1085 1886 1155 ἀπογραφὴ

300 1166 506 1237 πρώτη
528 1167 788 1238 ἐγένετο,
810 1171 1283 1239 ἡγεμονεύοντος
1308 1172 1418 1241 τῆς
1439 1177 1663 1243 Συρίας
1687 1176 1887 1244 Κυρη-

300 1261 464 1315 νίου.
521 1262 632 1315 Καὶ
707 1262 1070 1330 ἐπορεύοντο
1135 1264 1361 1330 πάντες
1432 1266 1887 1336 ἀπογράφεσθαι

300 1352 562 1418 ἕκαστος
593 1356 681 1420 είς
699 1354 817 1423 τὴν
848 1355 1014 1409 ίδίαν
1052 1356 1261 1411 πόλιν.
1301 1357 1509 1425 Ἀνέϐη
1536 1358 1607 1413 δὲ
1634 1360 1733 1413 καί
1777 1362 1892 1416 Ἰω-

299 1445 436 1513 σὴφ
469 1444 590 1499 ἀπὸ
621 1444 736 1515 τῆς
767 1448 1110 1514 Γαλιλαίας
1127 1448 1197 1505 ἐκ
1226 1451 1463 1520 πόλεως
1496 1453 1764 1522 Ναζαρὲτ
1803 1458 1890 1520 είς

299 1537 421 1603 τήν
451 1535 779 1600 Ἰουδαίαν.
834 1540 922 1604 είς
975 1540 1162 1594 πόλιν
1210 1543 1410 1608 Δαϐίδ,
1448 1543 1582 1612 ἥτις
1614 1546 1886 1600 καλεῖται

298 1627 603 1697 Βηθλεὲμ,
633 1628 735 1683 διὰ
780 1629 850 1684 τὸ
888 1626 1045 1685 εἶναι
1098 1634 1290 1688 αὑτὸν
1315 1635 1384 1699 ἐξ
1406 1636 1579 1691 οἴκου
1619 1638 1721 1691 καὶ
1770 1654 1884 1692 πα-

1991 446 2289 514 pertinent,
2365 451 2651 521 diligenter
2730 471 2900 527 usque
2976 461 3045 515 ad
3129 462 3402 535 Magorum
3472 446 3574 528 ad-

1988 548 2207 593 ventum
2267 556 2586 611 persecutus
2640 557 2832 604 esset:
2902 550 2972 606 Et
3020 554 3301 625 intrantes,
3371 564 3567 633 inquit,

1989 625 2202 682 domum
2284 632 2522 687 viderunt
2610 651 2832 703 puerum
2923 656 3047 695 cum
3126 642 3306 700 Maria
3402 625 3573 705 matre

1989 717 2128 786 ejus,
2196 730 2245 774 et
2326 726 2651 791 procidentes
2732 730 3097 791 adoraveruut
3169 738 3362 792 eum‘.
3457 739 3573 793 Ma-

1991 825 2129 881 gnus
2179 825 2361 868 autem
2411 816 2608 887 Lucas,
2652 822 2822 878 altius
2874 827 3145 882 seruienis
3213 830 3423 887 initium
3476 834 3576 895 du.-

1989 918 2160 962 cens:
2190 905 2360 972 Exiit,
2391 909 2583 980 inquit,
2623 915 2854 969 edictum
2888 933 2919 970 a
2955 914 3165 974 Cresam
3219 920 3479 990 Augusto,
3516 934 3574 977 ut

1990 993 2379 1051 describeretur
2411 1002 2689 1056 universus
2719 1006 2877 1059 orbis.
2905 1003 3034 1060 litvo
3057 1020 3233 1064 autem
3290 1013 3572 1083 descriptio

1988 1082 2159 1147 prima
2191 1081 2335 1149 facta
2369 1096 2444 1138 est
2472 1104 2506 1140 a
2537 1092 2765 1156 prwside
2804 1091 2975 1162 Syria:
3043 1095 3259 1166 Cyrino,
3320 1109 3370 1154 et
3422 1081 3571 1156 ibant

1989 1182 2186 1234 omnes,
2241 1179 2298 1224 ut
2324 1173 2751 1233 describerentur
2789 1184 2990 1250 singuli
3032 1186 3087 1238 in
3134 1189 3407 1256 propriam
3447 1192 3575 1245 civi-

1986 1268 2167 1318 tatem.
2196 1267 2443 1320 Ascendit
2471 1280 2646 1323 autem
2673 1264 2944 1341 etaloseph
2992 1292 3020 1330 e
3062 1274 3294 1332 Caliltea
3323 1295 3387 1334 ea:
3444 1283 3576 1336 civi-

1988 1360 2096 1406 tate
2122 1352 2389 1410 Nazareth
2427 1358 2482 1411 in
2538 1357 2789 1416 Judazam
2819 1365 2873 1419 iu
2891 1367 3160 1423 civitatem
3207 1369 3403 1436 David,
3456 1391 3576 1444 qua:

1989 1453 2211 1498 vocatur
2241 1444 2525 1513 Bethleem,
2557 1467 2617 1504 eo
2639 1455 2779 1520 quod
2837 1466 2974 1511 esset
3032 1461 3141 1529 ipse
3202 1461 3268 1516 de
3303 1463 3458 1518 domo
3524 1475 3576 1520 et

1989 1536 2170 1600 patria
2206 1535 2392 1600 David,
2426 1546 2486 1591 ut
2515 1540 2909 1600 describeretur
2937 1565 3055 1601 cum
3110 1550 3295 1605 Maria
3353 1556 3573 1624 despon-

1989 1636 2107 1679 sata
2138 1628 2242 1680 sibi
2275 1644 2440 1684 uxore
2464 1644 2797 1702 prwgnante.
2838 1636 3066 1694 Factum
3089 1653 3167 1696 est
3201 1644 3399 1709 autem,
3454 1664 3574 1700 cum

300 1720 470 1787 τριᾶς
491 1721 690 1786 Δαϐίό,
716 1721 1188 1791 ἀπογράψασθαι
1224 1724 1349 1780 σὺν
1367 1729 1606 1797 Μαριὰμ
1643 1729 1719 1799 τῇ
1739 1748 1883 1801 μεμ-

1990 1728 2167 1770 essent
2200 1718 2296 1785 ibi,
2342 1722 2547 1791 impleti
2576 1737 2698 1779 sunt
2725 1728 2856 1793 dies,
2890 1738 2947 1782 ut
2981 1743 3209 1798 pareret,
3264 1744 3315 1788 et
3376 1741 3576 1808 peperit

298 1813 687 1884 νηστευμένῃ
714 1813 906 1868 αὑτοῦ
944 1814 1207 1883 γυναικὶ,
1253 1816 1416 1886 οὔσῃ
1447 1819 1671 1889 ἐγκύῳ.
1729 1822 1889 1891 Ἐγέ-

301 1920 441 1959 νετο
470 1903 540 1958 δὲ
564 1904 636 1958 ἐν
678 1903 759 1969 τῷ
783 1901 940 1959 εἶναι
966 1907 1191 1974 αὐτοὺς
1215 1909 1359 1975 ἐκεῖ,
1387 1912 1797 1981 ἐπλήσθησαν
1826 1919 1886 1971 αὶ

301 1994 517 2063 ἡμέραι
562 1993 667 2047 τοῦ
718 1996 915 2048 τεκεῖν
951 1996 1170 2065 αὐτὴν,
1232 1999 1329 2053 καὶ
1372 2001 1542 2055 ἔτεκε
1602 2004 1713 2057 τὸν
1749 2004 1887 2058 Υίὸν

297 2084 494 2155 αὐτῆς
542 2088 652 2141 τὸν
680 2087 1090 2155 πρωτότοκον,
1130 2091 1229 2145 καὶ
1264 2092 1746 2163 ἐσπαργάνωσεν
1776 2100 1886 2152 αὺ-

302 2179 432 2243 τὸν,
466 2178 566 2232 καὶ
589 2178 915 2234 ἀνέκλινεν
937 2182 1126 2237 αὐτὸν
1153 2183 1223 2237 ἐν
1248 2185 1322 2251 τῇ
1343 2186 1565 2254 φάτνῃ,
1596 2188 1750 2243 διότι
1770 2194 1882 2246 οὐκ

300 2266 380 2342 ἦν
412 2270 621 2337 αὐτοῖς
657 2273 841 2340 τόπος
871 2276 943 2328 ἐν
965 2275 1045 2341 τῷ
1066 2279 1463 2346 καταλύματι.
1494 2281 1673 2335 Πολλὰ
1704 2284 1760 2337 δὲ
1788 2287 1883 2339 καὶ

302 2364 435 2420 ἄλλα
472 2366 754 2437 μαρτύρια
781 2367 876 2421 τοῦ
905 2367 1005 2440 τὴν
1027 2370 1304 2437 πάναγνον
1362 2373 1636 2444 παρθένον
1660 2377 1882 2449 Μαρίαν

302 2461 563 2529 γεννῆσαι
632 2461 1015 2534 κατὰλσάρκα
1047 2465 1140 2518 τὶν
1195 2465 1402 2538 Κύριον
1460 2470 1621 2541 ἡμῶν
1669 2472 1880 2542 Ἰησοῦν

302 2551 545 2620 Χριστὸν
574 2551 665 2605 τὸν
701 2552 830 2606 Υίὸν
858 2553 956 2607 τοῦ
982 2555 1117 2610 Θεοῦ
1136 2559 1233 2611 καὶ
1257 2559 1390 2612 Θεὸν
1419 2559 1483 2613 ἔκ
1513 2578 1572 2614 τε
1594 2562 1696 2633 τῆς
1717 2566 1884 2635 εὐαγ-

303 2643 531 2713 γελικῆς
562 2644 748 2713 βίύλου
772 2646 867 2699 καὶ
895 2647 994 2717 τῆς
1017 2649 1410 2721 ἀποστολικῆς,
1442 2652 1671 2719 ἅστινας
1712 2658 1881 2726 μόνας

288 2735 617 2803 Δἀσπάζεσθέ
678 2756 740 2792 τε
793 2740 892 2793 καὶ
938 2742 1333 2813 καταδέχεσθε,
1358 2745 1468 2798 τῶν
1494 2748 1672 2801 ἄλλων
1711 2766 1881 2804 κατα-

307 2826 656 2898 φρονοῦντες.
692 2831 866 2894 Αὑτός
896 2849 956 2885 τε
982 2833 1091 2903 γὰρ
1119 2834 1147 2886 ὁ
1175 2835 1368 2907 Σωτὴρ
1399 2839 1563 2909 ἡμῶν
1595 2842 1878 2913 πανταχοῦ

304 2916 396 2971 τοῦ
424 2918 761 2987 Εὖαγγελίου
792 2922 924 2977 Υίὸν
953 2924 1247 2995 ανθρώπου
1275 2928 1471 2983 ἑαυτὸν
1499 2931 1759 3002 ὀνομάζει
1789 2935 1878 2988 διὰ

304 3010 402 3080 τὴν
431 3010 704 3082 ἄχραντον
738 3014 905 3069 αὑτοῦ
936 3017 1187 3087 Μητέρα,
1237 3021 1337 3074 καὶ
1395 3024 1423 3075 ὀ
1455 3023 1600 3087 θεῖος
1640 3025 1875 3090 Παῦλος,
1906 3040 1948 3099 C

316 3098 763 3167 Ἔξιιπέστειλε,
803 3106 992 3174 φησιν,
1027 3110 1060 3162 ὁ
1083 3110 1228 3174 Θεὸς
1251 3111 1359 3165 τὸν
1400 3114 1537 3166 Υίὸν
1562 3115 1754 3170 αὐτοῦ
1783 3133 1879 3185 τε·

301 3189 559 3258 νόμενον
587 3192 656 3245 ἐκ
706 3196 1018 3262 γυναικὸς,
1065 3197 1154 3251 ἵνα
1202 3199 1372 3254 τᾶλλα
1424 3202 1695 3274 ἐάσωμεν.
1730 3207 1794 3260 Et
1822 3207 1880 3261 δὲ

303 3283 802 3355 στενοχωρούμενοι
834 3286 1049 3352 τούτοις
1089 3290 1300 3345 ἀνωθεν
1324 3295 1386 3346 τὸ
1417 3296 1578 3365 σῶμα
1608 3315 1880 3367 aurata-re-

306 3377 524 3443 νεγκεῖν
561 3377 653 3429 τὸν
681 3379 920 3449 Χριστὸν
947 3382 1428 3451 τερατολογοῦσιν,
1480 3388 1878 3461 ἀπαντήσομεν

302 3469 485 3531 αὐτοῖς
519 3467 717 3533 οὕτως·
751 3471 815 3523 El
838 3467 934 3526 οῦν
961 3474 1215 3544 οὐράνιον
1244 3473 1311 3549 ἦν
1333 3478 1395 3531 τὸ
1431 3479 1592 3549 σῶμα
1618 3482 1711 3535 τοῦ
1740 3484 1880 3554 Χρι-

306 3559 455 3626 στοῦ,
490 3561 589 3616 οὐκ
623 3562 689 3616 ἂν
705 3566 818 3627 τοίς
843 3563 1207 3636 ἀνθρωπίνοις
1234 3568 1497 3623 ὑπέκειτο
1519 3572 1739 3638 πάθεσι,
1764 3577 1879 3637 τοῖς

300 3652 668 3724 ἀδιαὸλήτοις,
691 3654 856 3723 λέγω,
886 3656 1072 3727 πείνῃ.
1109 3660 1206 3712 καὶ
1251 3659 1402 3733 δίψῃ,
1439 3661 1536 3714 καὶ
1575 3661 1749 3733 ῦπνῳ,
1782 3663 1878 3716 καὶ

300 3742 479 3811 κόπῳ,
503 3744 601 3797 καὶ
626 3744 794 3818 λύπῃ,
829 3751 925 3800 καὶ
951 3748 1207 3819 δάκρυσι,
1242 3752 1338 3804 καὶ
1371 3752 1473 3805 ὅσα
1518 3756 1767 3808 τοιαῦτα.
1815 3754 1877 3809 Ei

299 3834 556 3905 οὗράνιος
602 3838 892 3909 ἄνθρωπος
919 3836 1010 3912 ἦν,
1051 3835 1096 3911 ᾧ
1143 3843 1267 3895 καθ’
1301 3843 1599 3899 ὑπόστασιν
1627 3848 1655 3899 ὁ
1703 3847 1879 3917 Λόγος

300 3925 511 3997 ὴνὼθη,
541 3928 643 3981 οὐκ
673 3927 741 3981 ἂν
769 3924 837 4000 ἦν
864 3930 1108 4000 φθαρτὸς
1167 3932 1263 3985 καὶ
1291 3933 1486 4002 θνητὸς
1518 3932 1716 4006 ἐπίσης
1765 3937 1880 3998 τοῖς

297 4018 589 4087 ἐπιγείοις.
621 4020 685 4073 0i
714 4020 877 4089 φύσει
897 4025 1005 4093 γὰρ
1029 4024 1273 4094 οὐράνιοι
1306 4024 1404 4077 καὶ
1438 4024 1645 4090 ζῶντες
1674 4028 1877 4091 πάντες

296 4109 568 4181 ἄφθαρτοι
597 4112 693 4165 καὶ
721 4112 1010 4171 ἀθάνατοι.
1041 4116 1136 4179 Τίς
1164 4115 1221 4169 δὲ
1252 4117 1413 4186 χρεία
1437 4117 1536 4187 τῆς
1568 4118 1633 4171 ἐκ
1668 4118 1881 4189 Παρθῶ

295 4220 393 4259 νου
419 4206 827 4275 γεννήσεως,,εί
884 4206 1023 4277 μηδὲ
1052 4209 1116 4260 ὲκ
1159 4208 1368 4280 ταύτης
1407 4211 1746 4279 προσέλαϐεν
1794 4215 1878 4279 είς

293 4296 397 4365 τὴν
425 4295 522 4364 τῆς
552 4295 902 4367 ἀνθρωπίνης
928 4298 1145 4367 φύσεως
1180 4299 1482 4366 σύστασιν;
1514 4302 1639 4365 Πῶς
1668 4304 1725 4357 δὲ
1747 4306 1877 4370 τοὺς

1988 1807 2160 1877 ﬁlium
2185 1826 2341 1864 suum
2371 1816 2778 1886 primogenitum
2842 1830 2891 1873 et
2915 1827 3106 1890 pannis
3171 1842 3289 1879 eum
3336 1829 3596 1895 involvit,‘

1989 1911 2041 1955 et
2070 1903 2348 1957 reclinavit
2378 1906 2434 1960 in
2462 1911 2745 1978 prtesepio,
2778 1912 2902 1982 quia
2948 1931 3052 1968 non
3101 1927 3219 1971 erat
3257 1919 3364 1973 illis
3425 1920 3572 1976 locus

1986 1992 2353 2049 indiversorio
2386 1999 2431 2051 ί.
2496 1998 2632 2055 Sunt
2668 2001 2829 2056 etiam
2861 2004 2967 2058 alia
3004 2007 3169 2062 multa
3239 2012 3572 2077 testimonia,

1988 2083 2187 2150 quibus
2276 2097 2496 2144 constat
2544 2092 2950 2148 sanctissimam
3021 2096 3287 2167 Virginem
3342 2101 3570 2159 Mariam

1986 2178 2238 2244 genuisse
2300 2182 2600 2236 secundum
2674 2200 2891 2242 carnem
2982 2190 3268 2248 Dominum
3329 2208 3574 2255 nostrum

1986 2266 2171 2323 Jesum
2201 2270 2476 2328 Christum
2511 2275 2707 2332 Filium
2734 2279 2826 2336 Dei
2857 2292 2912 2336 et
2945 2282 3135 2351 Demn,
3179 2297 3288 2343 tam
3310 2304 3375 2345 ex
3409 2272 3576 2349 evan-

1987 2362 2196 2431 gelicis,
2223 2378 2382 2432 quam
2421 2382 2482 2420 ex
2508 2371 2826 2436 apostolicis
2856 2374 3030 2439 libris,
3058 2392 3195 2447 quos
3254 2384 3400 2439 solos
3448 2400 3573 2440 sus-

1995 2453 2197 2522 cipitis,
2230 2455 2467 2527 reliquos
2491 2460 2879 2526 improbantes.
2916 2465 3052 2523 Nam
3082 2471 3275 2542 etipse
3311 2472 3573 2533 Servator

1986 2557 2170 2601 noster
2194 2550 2393 2619 ubique
2418 2568 2476 2606 se
2509 2559 2565 2609 in
2594 2554 2886 2624 Evangelio
2911 2557 3108 2615 Filium
3138 2564 3374 2622 hominis
3394 2580 3572 2633 vocat.

1983 2639 2168 2721 habita
2220 2641 2430 2699 ratione
2466 2659 2605 2700 verae
2637 2650 2828 2705 matris
2857 2665 2990 2707 sua.
3034 2654 3099 2709 Et
3129 2658 3289 2714 divus
3335 2662 3570 2731 Aposto-

1985 2716 2069 2785 lus
2100 2749 2117 2788 ι
2142 2731 2307 2802 Misit,
2338 2737 2533 2806 inquit,
2559 2739 2702 2795 Deus
2728 2740 2930 2797 Filium
2954 2762 3108 2800 suum
3136 2749 3339 2818 factum
3362 2716 3429 2809 eia:
3453 2771 3574 2809 mu-

1984 2820 2111 2877 liere
2133 2824 2174 2889 ',
2204 2834 2262 2878 ut
2310 2837 2505 2882 caetera
2567 2832 2899 2889 omittamus.
2931 2835 3084 2903 Quod
3112 2842 3158 2895 si
3201 2842 3287 2897 his
3328 2848 3573 2915 oppressi

1985 2915 2315 2973 testimoniis
2339 2919 2615 2976 Christum
2645 2936 2677 2976 e
2714 2924 2857 2980 casio
2886 2942 3088 2998 corpus
3123 2931 3381 2989 detulisse
3439 2952 3572 2993 con-

1984 3006 2205 3078 tingent,
2239 3010 2345 3065 illis
2401 3027 2751 3072 occurremus
2840 3020 2908 3074 ad
2963 3022 3105 3077 hunc
3175 3029 3395 3081 modum
3457 3030 3572 3086 :Si

1983 3100 2185 3156 Christi
2221 3116 2420 3172 corpus
2453 3103 2647 3161 fuisset
2685 3109 2927 3176 cmleste,
2989 3112 3243 3170 Immanis
3271 3115 3576 3175 adeotioni-

1984 3195 2082 3246 bus
2113 3195 2268 3263 culpa
2290 3203 2469 3249 tamen
2488 3199 2796 3255 carentibus
2811 3203 3103 3260 obnoxium
3130 3211 3568 3279 nonesstitisset,

1980 3284 2035 3339 id
2060 3295 2143 3339 est
2169 3286 2321 3352 lanii,
2364 3298 2419 3343 et
2472 3291 2582 3355 siti,
2646 3301 2703 3347 et
2760 3309 2972 3364 somno,
3017 3309 3072 3352 et
3139 3301 3463 3371 lassitudini,
3515 3315 3570 3361 et

1981 3378 2227 3443 mmrori,
2269 3388 2323 3434 et
2349 3380 2626 3453 lacrymis,
2650 3392 2706 3437 et
2754 3390 2971 3443 caeteris
3018 3389 3270 3458 ejusdem
3323 3396 3564 3463 generis.

1982 3467 2038 3520 Si
2070 3469 2305 3549 cmleslis
2341 3472 2503 3527 homo
2532 3474 2722 3529 luisset
2751 3476 2864 3541 ille,
2893 3481 2984 3534 cui
3032 3481 3087 3535 in
3144 3496 3376 3551 persona
3431 3502 3569 3543 con-

1979 3557 2225 3627 junctum
2266 3570 2350 3616 est
2407 3562 2665 3629 Verbum.
2698 3582 2803 3622 non
2859 3570 3052 3627 fuisset
3106 3579 3477 3647 corruptibilis
3510 3591 3567 3637 et

1983 3651 2247 3717 mortalis,
2300 3658 2755 3721 quemadmodum
2844 3670 3059 3719 terrena
3121 3679 3249 3722 sunt
3313 3686 3563 3740 corpora.

1979 3744 2110 3810 Quae
2150 3746 2296 3800 enim
2348 3747 2594 3803 caelestia
2630 3751 2860 3820 vivaque
2909 3765 3057 3821 sunt,
3108 3772 3171 3812 ea
3222 3775 3322 3814 nec
3378 3778 3567 3818 eorru-

1980 3839 2240 3907 ptionem,
2268 3853 2366 3893 nec
2393 3850 2621 3895 mortem
2657 3845 2920 3900 sentiunt.
2957 3845 3227 3907 Praeterea
3262 3854 3388 3922 quid
3427 3871 3565 3928 Opus

1980 3929 2145 3984 [uite
2199 3930 2423 4000 Virgine
2459 3935 2630 3998 nasci,
2672 3936 2714 3989 si
2776 3937 2911 3992 nihil
2957 3954 3021 3994 ex
3072 3955 3139 3996 ea
3194 3944 3261 3998 ad
3314 3946 3564 4003 humanm

1980 4032 2186 4077 natura:
2216 4024 2653 4082 constitutionem
2690 4031 2946 4115 accepit?
2999 4033 3080 4087 Ad
3141 4035 3257 4090 haec
3285 4051 3381 4091 cur
3433 4052 3557 4094 cum

1979 4114 2250 4183 apostolos
2294 4116 2571 4172 docuisset
2617 4133 2679 4174 se
2733 4114 2854 4176 esse
2902 4122 3147 4179 hominis
3189 4124 3408 4195 Filium,
3435 4144 3564 4198 pro-

1978 4219 2104 4278 pter
2140 4224 2320 4263 verum
2356 4220 2584 4264 matrem
2632 4228 2788 4268 suam
2813 4226 2868 4268 et
2894 4216 2988 4271 Dei
3020 4219 3366 4288 genitricem,
3416 4222 3565 4277 misit

1982 4315 2075 4355 eos
2099 4316 2376 4370 praecones
2408 4304 2459 4356 in
2490 4304 2804 4361 universum
2869 4309 3057 4364 orbem
3118 4321 3410 4380 terrarum,
3468 4316 3561 4384 qui

294 4385 636 4449 ἀποστόλους
660 4386 898 4454 διδάξας,
921 4389 1005 4441 ὅτι
1033 4389 1157 4453 Υἱός
1181 4393 1330 4446 ἐστιν
1352 4393 1643 4463 ἀνθρώπου
1673 4395 1761 4449 διὰ
1779 4397 1877 4470 τὴν

1984 4393 2110 4448 illud
2140 4394 2317 4464 ipsum
2348 4396 2727 4464 praedicarent,
2759 4414 2951 4467 nempe
2978 4415 3041 4457 se
3079 4416 3298 4458 carnem
3370 4405 3564 4461 Imma-

299 4475 578 4544 ἄχραντον
610 4475 777 4530 αὐτοῦ
810 4478 1042 4548 Μητέρα
1075 4482 1173 4533 καὶ
1197 4482 1483 4550 Θεοτόκον,
1525 4486 1877 4553 ἐξαπέστειλε

299 4571 550 4638 κήρυκας
579 4570 658 4632 εἰς
691 4568 791 4640 τὴν
837 4571 1189 4642 οἰκουμένην,
1224 4577 1357 4630 αὐτὸ
1405 4577 1569 4631 τοῦτο
1612 4579 1876 4650 βοῶντας,

296 4659 382 4711 ὅτι
413 4658 838 4731 ὲνηνθρώπησεν
862 4664 926 4717 ὲκ
949 4664 1229 4736 Παρθένου
1255 4670 1537 4740 γεννηθείς
1566 4688 1581 4736 ;
1611 4671 1882 4742 Εὑρίσκε-

297 4764 391 4800 ταυι
420 4748 548 4819 γὰρ,
571 4751 715 4803 κατὰ
747 4754 874 4817 τοὺς
898 4757 1158 4810 τάναντία
1186 4757 1646 4829 δογματίζοντας,
1671 4762 1734 4815 οὐ
1767 4763 1883 4816 Σω-

299 4838 405 4909 τὴρ
435 4839 620 4911 ἡμῶν,
649 4842 785 4897 ἀλλὰ
822 4845 1112 4917 πολέμιος,
1135 4849 1245 4902 οὐδ’
1267 4850 1590 4924 εὐεργέτης,
1616 4854 1756 4908 ἀλλὰ
1776 4854 1879 4909 λοι-

304 4932 424 5002 μὸς,
456 4932 650 5001 ψευδὲς
688 4938 821 5007 ἡμῖν
859 4937 1084 5003 ὑποθεὶς
1105 4940 1169 4994 τὸ
1192 4941 1448 5012 θεμέλιον
1478 4943 1580 5014 τῆς
1616 4947 1876 5010 πίστεως,

301 5025 422 5094 ἦτοι
452 5026 552 5096 τὴν
596 5028 659 5081 ὲκ
685 5029 794 5082 τῶν
851 5031 1036 5101 ἁγνῶν
1088 5035 1184 5088 καὶ
1231 5036 1581 5107 παρθενικῶν
1627 5041 1880 5110 αἱμάτων

301 5118 722 5190 ὲνανθρὼπησιν
742 5122 931 5186 αὑτοῦ,
975 5126 1069 5178 καὶ
1099 5128 1214 5188 τοῖς
1253 5126 1565 5199 ἀνθρώποις
1597 5131 1875 5200 ὁμοίωσιν.

315 5210 455 5263 ’Δλλ’
474 5211 630 5276 ἵλεως
647 5214 781 5284 ἡμῖν
802 5216 887 5286 εἴη
905 5217 1107 5291 Κύριος
1126 5221 1477 5292 ἀνεχομένοις
1498 5221 1635 5286 ὅλως
1658 5224 1878 5277 ἀκούειν

303 5300 400 5372 τῆς
435 5303 774 5377 τηλικαύτης
825 5308 1201 5381 βλασφημίας,
1256 5312 1334 5384 μὴ
1396 5315 1481 5367 ὅτι
1525 5330 1591 5383 γε
1639 5318 1736 5369 καὶ
1789 5318 1881 5371 διὰ

305 5387 553 5463 γλώττης
596 5394 800 5467 ταύτην
834 5398 1153 5468 προφέρειν,
1204 5400 1329 5454 ἐπεὶ
1360 5401 1456 5455 καὶ
1492 5401 1620 5465 τοὺς
1640 5404 1877 5456 ἀποστό-

305 5478 433 5548 λους
465 5484 638 5550 αὐτὸς·
662 5487 1024 5562 πληροφορῶν
1051 5491 1080 5543 ὁ
1115 5491 1310 5564 Σωτὴρ
1343 5492 1483 5565 μετά
1512 5493 1613 5565 τὴν
1644 5493 1881 5548 ἀνάστα-

374 5644 392 5679 ⁸
431 5645 617 5703 Matth.
653 5664 713 5715 ιι,
743 5650 829 5705 il.

1984 4499 2109 4539 nam
2140 4500 2206 4538 ex
2242 4483 2458 4555 Virgine
2505 4489 2810 4558 suscepisse
2840 4501 3003 4561 atque
3022 4494 3294 4548 hominem
3357 4494 3561 4550 factum

1979 4578 2145 4634 esse?
2198 4576 2275 4631 Ex
2322 4580 2567 4635 doctrina
2638 4583 2781 4637 enim
2834 4582 3062 4641 istorum
3117 4587 3209 4654 qui
3288 4590 3561 4642 contraria

1981 4669 2204 4737 docent,
2251 4669 2685 4738 deprehenditur
2714 4687 2821 4727 non
2880 4673 3141 4729 Servator
3202 4685 3409 4739 noster,
3461 4676 3561 4733 sed

1978 4762 2263 4832 inimicus,
2295 4781 2402 4821 non
2442 4767 2601 4833 bene,
2636 4767 2729 4823 sed
2777 4768 2921 4824 male
2971 4771 3039 4825 de
3087 4771 3245 4825 nobis
3308 4774 3559 4839 meritus,

1977 4859 2069 4929 qui
2123 4859 2318 4915 falsum
2395 4864 2551 4918 nobis
2579 4864 2701 4919 ﬁdei
2777 4864 3184 4933 fundamentum
3237 4865 3557 4935 subiecerit,

1975 4965 2127 5004 suam
2153 4954 2405 5009 nimirum
2431 4958 2611 5011 carnis
2640 4972 2703 5010 es
2755 4959 2923 5013 castis
2970 4959 3327 5026 sanguinibus
3368 4971 3560 5014 susce-

1978 5043 2213 5108 ptionem
2294 5045 2697 5117 humanamque
2765 5049 3190 5104 similitudinem.
3248 5049 3352 5102 Sed
3404 5050 3561 5104 nobis

1978 5133 2247 5202 propitius
2272 5136 2342 5189 sit
2375 5135 2537 5200 Deus,
2571 5141 2614 5193 si
2645 5149 2752 5195 tam
2796 5141 3131 5197 exsecranda
3158 5140 3441 5196 maledicta
3475 5142 3561 5199 vel

1983 5226 2195 5292 audire,
2218 5230 2410 5282 nedum
2443 5229 2620 5299 lingua
2654 5232 2900 5302 proferre
2925 5231 3311 5288 sustineamus.
3378 5232 3563 5300 Quan-

1985 5316 2272 5384 doquidem
2313 5328 2368 5374 et
2395 5322 2656 5390 apostolis
2688 5324 2850 5379 ﬁdem
2904 5324 3109 5380 faciens
3138 5326 3254 5392 ipse
3304 5322 3562 5381 Servatur

1983 5417 2106 5478 post
2134 5413 2610 5480 resurrectionem,
2647 5427 2717 5470 ne
2745 5430 2807 5471 se
2835 5424 3110 5485 spectrum
3161 5417 3558 5485 existimarent,

1984 5496 2079 5561 sed
2105 5499 2280 5571 ipsum
2355 5519 2543 5564 verum
2595 5504 2793 5571 Deum,
2839 5506 2933 5577 qui
2992 5521 3061 5563 ex
3114 5518 3287 5565 matre
3332 5507 3560 5581 Virgine

926 5654 946 5684 ¹
979 5651 1111 5709 Luc.
1174 5654 1411 5721 11,1—
1472 5655 1523 5710 7.
1601 5656 1622 5689 ³
1676 5655 1957 5722 Galat.rr,
2025 5660 2081 5716 ι.
