4022 6224
276 205 419 274 1221
1213 217 1583 278 PANOPLIA
1628 221 1772 284 DOG
1786 223 1831 280 Μ

1952 223 2086 284 lCA.
2131 249 2200 259 —
2241 226 2390 290 TlT.
2431 229 2643 294 XXIV.
3405 245 3541 308 1222

266 325 426 398 ζωὴν
474 329 572 393 τὴν
619 323 838 378 αίώνιον
882 326 1311 398 ὑποκρινόμενον
1361 333 1568 402 ζητεῖν,
1627 335 1707 398 είς
1763 336 1831 388 τοι

1960 333 2128 400 labat,
2183 337 2248 391 ad
2291 337 2463 410 legem
2525 343 2672 396 illam
2709 344 2909 414 rcjicit,
2991 356 3158 420 atque
3213 357 3335 412 inde
3395 337 3617 429 quod“

267 422 440 490 νόμον
466 422 673 473 ἐκεῖνον
702 423 1095 492 παραπέμπει,
1131 425 1392 478 κάκεῖθεν
1437 428 1618 496 εὑρεῖν
1653 428 1716 481 τὸ
1753 429 1831 498 ζηι

1966 429 2456 498 quaerebutpctere
2503 447 2702 502 monet,
2746 455 2980 509 cumque
3009 446 3114 500 duo
3167 452 3341 516 prima
3400 469 3540 520 prae-
3609 473 3612 475 λ

263 508 536 580 τούμενον
559 510 887 574 ὑποϐάλλεις
923 511 1018 565 τοῦ
1047 514 1275 583 νομικοῦ
1301 515 1358 567 δὲ
1383 517 1482 580 τὰς
1511 516 1605 570 δύο
1636 519 1823 589 πρώτα

1963 531 2116 586 cepta
2158 522 2247 576 ille
2279 525 2344 577 ad
2375 527 2592 580 verbum
2628 535 3021 602 recensuisset,
3051 545 3250 598 veritas
3271 556 3324 598 et
3361 549 3536 615 ipsum

263 607 459 666 αὐτοῖς
476 606 686 674 ῥήμασι
702 605 1003 670 διελθόντος
1015 608 1256 674 ἐντολὰς,
1271 609 1452 672 καλῶς
1468 627 1528 662 τε
1542 610 1704 664 αὑτὸν
1722 613 1831 665 ἀπο

1961 611 2036 664 ait
2088 623 2236 667 recte
2297 619 2658 686 respondisse,
2697 635 2750 679 et
2804 642 2967 696 quam
3008 638 3535 702 quaerebat,--jeorum

265 698 531 768 κριθῆναι
568 701 598 768 ἠ
647 701 879 770 ἀλήθεια
900 703 1030 772 ἔφη,
1065 703 1160 757 καὶ
1199 705 1248 757 εί
1288 707 1430 758 κατὰ
1453 705 1658 769 ταύτας
1702 709 1826 760 πολι

1958 704 2340 761 observatione
2373 708 2536 765 vitam
2575 711 2954 774 assecuturum
2979 728 3372 796 sempiternam
3410 733 3432 786 ἲ

261 793 503 858 τεύοιτο,
525 794 622 864 τὴν
649 793 990 866 ζητουμένην
1008 797 1227 850 αἰώνιον
1246 798 1848 870 κληρονομῆσαιζωήνς
2030 885 2052 892 ,ᾗ
3098 793 3115 796 ⁷
3164 802 3166 804 τ
3202 804 3205 808 ·
3286 873 3287 876 Ἴ
3433 890 3435 892 1
3511 878 3513 880 η

355 887 745 958 Ἐρωτώμενος
781 893 808 943 6
844 891 1037 962 Σωτὴρ
1083 893 1215 964 περὶ
1271 895 1381 946 τῶν
1416 894 1658 964 νομικῶν
1702 897 1831 946 ὲντο

2027 885 2310 957 Servator,
2349 907 2472 948 cum
2513 895 2582 950 ab
2617 899 2732 968 ipso
2765 900 2956 958 fuisset
3004 909 3288 976 quaesitum
3359 890 3534 982 quod;

262 983 400 1047 λῶν,
431 982 655 1052 πρώτην
680 982 818 1036 εἶναί
845 1001 1030 1054 φησιν,
1066 987 1304 1052 Ἀκουε,
1335 987 1603 1056 Ἰσραὴλ,
1633 989 1831 1054 Κύριος

1952 991 2077 1030 nam
2116 983 2505 1049 essetprituum
2539 988 2590 1042 in
2617 991 2730 1059 lege
2785 997 3120 1063 mandatum,
3177 1005 3455 1072 respondit
3508 1023 3532 1064 ':

261 1079 300 1130 ό
339 1076 484 1142 Θεός
519 1093 660 1142 σου,
701 1078 914 1144 Κύριος
953 1073 1040 1144 εἷς
1067 1080 1223 1143 ἐστι,
1278 1079 1375 1134 καὶ
1431 1083 1498 1134 τὰ
1530 1081 1680 1148 ἑξῆς.
1736 1081 1831 1131 Ka‘

1951 1069 2115 1133 Audi,
2145 1071 2338 1140 Israel,
2365 1075 2618 1134 Dominus
2642 1081 2794 1155 Deus
2813 1096 2933 1141 tuus
2965 1087 3216 1146 Dominus
3242 1069 3376 1148 unus
3395 1110 3468 1151 est
3491 1102 3531 1164 ί,

257 1171 360 1222 τὸν
413 1171 775 1239 ἐπερωτῶντα
830 1170 890 1224 δὲ
951 1171 1248 1242 σύμψηφον
1291 1173 1490 1244 εὑρὼν,
1531 1175 1590 1226 οὐ
1626 1173 1831 1244 μακράι

1951 1170 2005 1212 et
2065 1177 2184 1230 qua:
2246 1179 2568 1234 sequuntur.
2625 1173 2866 1244 Cumque
2918 1179 3025 1244 ille,
3071 1183 3160 1248 qui
3215 1187 3528 1257 quasierat,

258 1256 423 1313 εἶπεν
452 1261 597 1313 εἶναι
652 1261 757 1329 τῆς
791 1260 1072 1330 βασιλείας
1109 1265 1203 1317 τοῦ
1232 1265 1388 1320 Θεοῦ.
1454 1266 1580 1329 Πῶς
1642 1265 1739 1321 οὖν
1785 1268 1831 1319 al

1948 1263 2202 1307 assensus
2257 1267 2426 1322 esset,
2460 1258 2595 1314 dixit
2656 1278 2781 1316 eum
2840 1266 2980 1322 haud
3005 1273 3191 1338 procul
3254 1275 3443 1332 abesse
3502 1295 3530 1332 a
3587 1337 3590 1340 ,

225 1335 546 1439 ίμωσαῖκαὶ
580 1354 928 1424 νομοθεσίαι,
963 1357 1124 1427 εἴπερ
1158 1353 1299 1429 ἦσαν
1324 1357 1417 1411 τοῦ
1473 1359 1696 1427 ἐχθροῦ,
1745 1360 1831 1413 ἕνα

1945 1353 2114 1408 regno
2158 1339 2275 1398 Dei.
2303 1345 2582 1409 Quomodo
2619 1350 2784 1418 igitur
2824 1352 2970 1422 leges
3006 1335 3292 1414 diosaica:
3354 1363 3400 1415 si
3465 1361 3534 1417 ab
3587 1337 3590 1340 ἢ
3642 1363 3644 1366 ’

232 1419 396 1553 ἕΘεὸν
426 1447 519 1498 καὶ
571 1419 778 1515 Κύριον
822 1419 1206 1516 νομοθετοῦσιν
1243 1449 1479 1516 εἰδέναι;
1505 1419 1600 1503 "Evt
1651 1419 1707 1505 δὲ
1742 1451 1831 1505 ἕνα

1948 1428 2170 1485 inimico
2202 1445 2384 1488 essent
2412 1435 2553 1500 latae,
2587 1453 2753 1492 unum
2793 1440 2958 1496 Deum
2999 1459 3062 1498 ac
3101 1446 3388 1503 Dominum
3437 1468 3533 1504 no—

1951 1521 2033 1553 Ινιὲ.
2098 1528 2492 1553 ηηηιιοηη..,ι..,..
2551 1533 2963 1553 __--.--_:L__-,.
3043 1546 3076 1553 ,-
3252 1551 3258 1553 _

253 1540 394 1591 Θεὸν
431 1539 526 1592 καὶ
582 1539 791 1610 Κύριον
835 1542 1210 1611 ἀνακηρύττει
1260 1544 1487 1614 Μωσῆς,
1535 1543 1629 1597 καὶ
1683 1545 1831 1615 παρὰ

1948 1521 2034 1576 bis
2097 1528 2494 1594 agnoscendum
2551 1533 2987 1600 praescriberent,
3028 1546 3079 1591 et
3133 1551 3341 1609 praeter
3381 1543 3559 1601 illum.

251 1630 452 1684 τοῦτον
481 1632 627 1701 ἄλλῳ
657 1632 798 1702 μήτε
827 1632 1131 1703 λατρεύειν,
1178 1635 1317 1704 μήτε
1345 1638 1696 1704 προσκυνεῖν,
1729 1635 1831 1691 ποῦ

1942 1631 2047 1670 non
2080 1633 2199 1672 esse
2252 1622 2555 1691 quempiam
2605 1624 2888 1681 colendum
2920 1639 2973 1683 et
3002 1633 3332 1687 adorandum
3365 1634 3388 1687 7
3419 1637 3550 1705 ubi

251 1722 401 1774 εἰσιν
430 1723 482 1774 oi
535 1721 634 1791 τὴν
693 1728 944 1795 πονηρὰν
990 1723 1164 1794 ἀρχὴν
1224 1728 1678 1795 παρεισάγοντες,
1740 1730 1831 1782 καὶ

1942 1717 2083 1771 sunt,
2114 1711 2214 1778 'qui
2249 1711 2445 1764 malum
2465 1713 2779 1782 contingunt
2807 1718 3154 1789 principium,
3185 1723 3341 1792 eique
3359 1709 3528 1798 Vetus
3551 1725 3563 1730 ³

251 1813 431 1883 ταύτῃ
470 1813 570 1882 τὴν
610 1814 853 1868 παλαιὰν
890 1815 1218 1884 νομοθεσίαν
1247 1818 1641 1884 ἁνατιθέντες;
1937 1797 2240 1852 “tribuum
2329 1799 2733 1858 Tesmmemum
2765 1805 2789 1859 τ

327 1905 393 1957 Τί
427 1906 494 1958 ἂν
524 1906 727 1959 εἴποιεν
758 1907 808 1958 οἱ
838 1907 1136 1978 κατήγοροι
1198 1911 1298 1978 τῆς
1326 1910 1566 1972 παλαιᾶς
1600 1911 1834 1981 νομοθε-

252 1995 419 2059 σίας,
481 1996 719 2066 ὁρῶντες
781 1998 870 2052 διὰ
917 1998 1012 2052 τοῦ
1076 2000 1414 2068 Εὐαγγελίου
1462 2002 1555 2054 τὸν
1598 2001 1834 2073 Χριστὸν

248 2088 530 2156 ἀγόμενον
579 2088 682 2158 μὲν
717 2092 797 2153 είς
819 2092 888 2144 τὰ
928 2090 1301 2161 Ἰεροσόλυμα,
1351 2092 1611 2147 τελοῦντα
1645 2095 1703 2147 δὲ
1767 2096 1837 2150 τὰ

250 2178 554 2245 Μωσαῖκὰ,
584 2181 677 2234 καὶ
701 2183 936 2253 φέροντα
966 2182 1178 2250 θυσίαν,
1198 2182 1339 2237 κατὰ
1367 2182 1424 2235 τὸ
1453 2185 1743 2254 εἰρημένον
1775 2188 1834 2239 ἐν

251 2271 410 2341 νόμῳ
435 2271 640 2343 Κυρίου
678 2289 694 2340 ;
1500 2286 1514 2296 ⁸

329 2365 503 2418 Πάλιν
541 2366 570 2416 6
596 2366 788 2436 Σωτὴρ
820 2367 919 2438 τὴν
948 2367 1056 2422 τῶν
1103 2368 1414 2436 όμνυόντων
1463 2372 1834 2440 ἐπιστομίζων

252 2457 666 2528 ματαιολογίαν,
695 2460 913 2526 Μωροὶ,
934 2461 1088 2528 φησὶ,
1121 2460 1222 2515 καὶ
1256 2462 1494 2530 τυφλοί,
1518 2464 1610 2528 τις
1626 2463 1836 2528 μείζων

250 2550 450 2616 ἐστίν,
485 2553 519 2603 ό
548 2555 782 2618 χρυσὸς
816 2551 854 2618 ἢ
893 2555 926 2604 d
963 2556 1114 2618 ναὸς
1175 2557 1208 2607 d
1237 2553 1486 2622 ἁγιάζων
1529 2555 1634 2608 τόν
1685 2572 1832 2624 χρυ-

249 2645 375 2697 σόν
405 2657 424 2706 ;
460 2643 671 2696 Οὐκοῦν
701 2645 728 2696 ό
792 2644 891 2712 τῆς
923 2644 1169 2708 Παλαιᾶς
1217 2647 1344 2708 ναὸς
1375 2649 1436 2700 οὑ
1486 2647 1648 2715 μόνον
1678 2647 1835 2714 ἅγιος

247 2731 345 2806 ἦν,
385 2735 520 2789 ἀλλὰ
567 2736 658 2789 καὶ
691 2735 940 2803 ἀγιάζειν
1004 2732 1152 2807 εἶχεν
1201 2737 1376 2808 ἰσχύν.
1411 2737 1521 2790 Καὶ
1555 2737 1736 2804 πάλιν,
1774 2738 1837 2791 T1

243 2827 472 2899 μεῖζον,
505 2829 572 2884 τὸ
594 2828 787 2897 δῶρον
821 2830 861 2898 ἢ
911 2831 978 2883 τὸ
1009 2831 1446 2898 θυσιαστήριον
1494 2830 1562 2884 τὸ
1593 2832 1835 2900 ἁγιάζον

247 2923 319 2975 τὸ
355 2921 591 2990 (Smper;
637 2921 827 2989 σαφῶς
857 2921 1141 2977 κάνταῦθα
1174 2923 1409 2987 δεικνὺς,
1437 2925 1518 2976 ὃτι
1547 2925 1608 2977 τὸ
1640 2925 1833 2978 θυσιαο

2008 1911 2144 1976 Quid
2179 1913 2383 1980 dicent,
2417 1918 2507 1985 qui
2566 1916 2728 1972 Vetus
2782 1917 3184 1980 Testamentum
3255 1926 3525 1995 incusant,

1937 2016 2060 2055 cum
2088 2019 2152 2056 ex
2195 2006 2495 2076 Evangelio
2523 2009 2797 2064 Christum
2832 2014 3066 2068 viderint
3097 2015 3524 2090 Hierosolymam

1938 2095 2266 2163 ingressum.
2305 2115 2365 2152 ea
2391 2116 2512 2170 quae
2541 2101 2716 2157 Moses
2741 2105 2904 2173 jussit
2928 2109 3182 2176 pendere,
3221 2120 3274 2164 et
3321 2111 3530 2165 sacriﬁ-
3590 2122 3592 2125 '

1937 2187 2102 2252 cium,
2127 2198 2187 2241 ut
2215 2191 2474 2261 scriptum
2501 2203 2584 2248 est
2611 2195 2664 2249 in
2688 2195 2803 2264 lege
2839 2195 3077 2264 Domini,
3110 2201 3312 2258 olferre
3345 2203 3368 2256 2

2015 2359 2268 2414 Servator
2311 2379 2526 2418 rursum
2559 2382 2680 2420 cum
2715 2368 3018 2437 jurantium
3080 2374 3373 2430 stultitiam
3437 2394 3524 2434 re-

1941 2452 2304 2521 prehenderet
2335 2473 2348 2508 :
2385 2456 2574 2523 Stulti,
2601 2459 2790 2529 inquit,
2813 2473 2859 2515 et
2891 2465 3039 2528 ca'ci,
3063 2468 3191 2534 quid
3212 2480 3287 2521 est
3324 2473 3521 2539 majus,

1937 2557 2146 2608 aurum,
2212 2561 2281 2597 an
2350 2550 2620 2615 templum,
2668 2553 2807 2620 quod
2873 2557 3174 2626 sanctiﬁcat
3228 2577 3414 2613 aurum
3452 2565 3524 2619 ³2

1941 2632 2084 2701 Ergo
2141 2635 2356 2691 Veteris
2391 2638 2731 2697 Testamenti
2765 2647 3021 2715 templum
3052 2665 3155 2703 non
3206 2654 3366 2705 modo
3403 2665 3520 2707 erat

1935 2737 2204 2791 sanctum,
2227 2731 2318 2784 sed
2356 2732 2587 2787 habebat
2613 2737 2775 2791 etiam
2809 2740 3179 2796 sanctiﬁcandi
3216 2745 3343 2802 vim.
3373 2745 3522 2800 Prae-

1940 2831 2082 2876 terea
2111 2841 2124 2876 :
2169 2824 2313 2888 Quid
2342 2826 2532 2894 majus,
2563 2830 2758 2898 inquit,
2794 2832 2989 2885 donum
3047 2851 3118 2889 an
3149 2836 3337 2896 altare.
3375 2840 3516 2906 quod

1936 2916 2229 2982 sanctiﬁcat
2299 2921 2495 2972 donum
2536 2919 2605 2975 ⁸2
2668 2921 2831 2978 Plane
2891 2927 2978 2981 hic
3034 2930 3199 2981 etiam
3255 2933 3515 2998 ostendit,

248 3014 474 3083 στήριον
523 3012 678 3079 ἅγιόν
713 3029 772 3064 τε
795 3007 885 3082 ἦν,
928 3013 1022 3064 καὶ
1059 3012 1128 3066 τὰ
1169 3013 1227 3064 ὲν
1258 3014 1408 3083 αὐτῷ
1462 3014 1831 3084 ἀνατιθέμενα

1942 3008 2113 3063 altare
2158 3008 2323 3064 {uisse
2351 3023 2622 3079 sanctum,
2646 3024 2698 3069 et
2724 3031 2844 3085 qua
2874 3017 2926 3072 in
2983 3021 3101 3088 ipso
3130 3021 3516 3091 oderebantur,

247 3105 386 3172 ἆγια
413 3103 616 3157 ἐποίει.

317 3197 492 3268 Φησὶν
523 3199 550 3249 6
584 3197 797 3260 Παῦλος
853 3198 915 3250 τὸ
943 3197 1118 3268 στόμα
1148 3197 1245 3251 τοῦ
1291 3198 1554 3268 Χριστοῦ,
1592 3198 1676 3251 ὅτι
1710 3200 1834 3266 Οὐχ

247 3295 301 3344 οι
332 3290 618 3357 ἀκροαταί
677 3291 785 3344 τοῦ
833 3293 1022 3360 νόμου
1075 3290 1295 3344 δίκαιοι
1343 3291 1504 3358 παρὰ
1553 3290 1632 3355 τῷ
1689 3290 1831 3356 Θεῷ,

248 3384 390 3438 ἀλλ’
424 3387 478 3437 οί
515 3385 754 3452 ποιηταί
778 3385 885 3438 τοῦ
915 3385 1105 3454 νόμου
1159 3384 1682 3450 δικαιωθήσονται.
1726 3382 1833 3438 Καὶ

253 3480 370 3542 πῶς
405 3480 505 3531 οὐκ
537 3479 683 3532 ἐστιν
712 3479 740 3530 ὁ
766 3479 929 3548 νόμος
962 3482 1026 3532 ὲκ
1057 3479 1150 3532 τοῦ
1181 3481 1334 3542 ὖντος
1373 3479 1534 3545 Θεοῦ,
1563 3479 1622 3542 ὃς
1653 3479 1832 3532 δικαί-

250 3591 346 3635 ους
377 3574 669 3642 ἀποφαίνει
701 3573 828 3634 τοὺς
857 3572 1146 3633 ποιοῦντας
1175 3571 1341 3624 αὐτόν
1367 3588 1382 3637 ;

325 3665 448 3720 Ὀτι
475 3666 531 3718 δὲ
565 3668 592 3716 ό
617 3665 846 3727 παλαιὸς
880 3664 1043 3732 νόμος
1070 3663 1212 3725 θεῖός
1243 3666 1381 3729 ἐστι,
1419 3662 1512 3714 καὶ
1538 3661 1631 3714 τοῦ
1665 3662 1833 3713 ἐπου-

251 3759 442 3830 ρανίου
473 3757 634 3818 Θεοῦ,
678 3755 776 3824 βοᾷ
807 3753 1019 3814 Παῦλος
1049 3755 1076 3805 6
1106 3753 1205 3821 τῆς
1240 3751 1501 3821 ἀληθείας
1534 3751 1714 3821 κῆρυξ
1737 3751 1830 3802 λέ-

247 3868 384 3920 γων,
427 3851 486 3902 Τί
518 3843 632 3902 οὖν
659 3847 934 3915 ἐροῦμεν,
973 3847 1004 3898 ό
1045 3846 1232 3912 νόμος
1271 3844 1569 3912 ἁμαρτία;
1600 3841 1696 3911 Μὴ
1729 3842 1826 3912 γέ-

243 3953 436 3993 νοιτο.
475 3935 778 4001 Καὶπὰλιν,
817 3929 962 3987 Οἶδα
1025 3932 1156 4002 γὰρ,
1217 3932 1304 3985 ὅτι
1351 3935 1384 3986 ό
1429 3931 1614 4000 νόμος
1645 3949 1830 3986 πνευ-

241 4029 492 4099 ματικός
523 4028 676 4092 ἐστι,
719 4027 818 4079 καὶ
837 4025 1180 4093 συνήδομαι
1223 4022 1304 4089 τῷ
1354 4024 1517 4092 νόμῳ
1543 4023 1649 4078 τοῦ
1676 4024 1828 4078 Θεοῦ

244 4126 397 4176 κατὰ
431 4124 542 4174 τὸν
584 4121 705 4173 ἔσω
729 4120 1066 4186 ἄνθρωπον.
1101 4119 1211 4172 Καὶ
1255 4117 1438 4184 πάλιν,
1477 4119 1616 4186 Ἄρα
1645 4119 1829 4182 αὐτὸς

1865 3085 1906 3141 (ἶ
1939 3101 2331 3156 sam-tilicasse.

2013 3188 2087 3243 Os
2147 3190 2347 3244 Christi
2382 3190 2580 3248 Paulus
2615 3210 2630 3249 :
2669 3195 2792 3250 Non
2813 3201 3105 3270 auditores,
3136 3203 3331 3272 inquit,
3389 3206 3518 3276 legis

1934 3277 2075 3346 justi
2111 3290 2232 3334 sunt
2261 3285 2402 3352 apud
2433 3285 2622 3352 Deum,
2675 3291 2766 3344 sed
2797 3292 3020 3361 factores
3059 3297 3512 3364 justi/imbutum.

1935 3371 2218 3436 Quomodo
2239 3375 2400 3444 igitur
2436 3377 2524 3432 lex
2554 3394 2582 3433 a
2607 3395 2735 3436 vero
2770 3383 2878 3439 Deo
2912 3400 3018 3439 non
3059 3388 3154 3453 sit,
3190 3404 3309 3458 qua:
3371 3391 3516 3459 illos,

1935 3463 2026 3530 qui
2058 3463 2162 3518 sibi
2194 3464 2594 3534 obtemperant,
2639 3471 2820 3540 justus
2880 3477 3164 3532 declarat?

2002 3642 2300 3712 Antiquam
2334 3646 2508 3717 legem
2538 3663 2660 3704 esse
2678 3650 2938 3718 divinam,
2971 3662 3024 3706 et
3047 3667 3076 3705 a
3135 3654 3341 3710 caelesti
3404 3658 3514 3714 Deo

1932 3735 2098 3788 latam
2123 3737 2369 3792 veritatis
2398 3753 2574 3807 prmco
2594 3739 2794 3794 Paulus
2823 3743 2966 3796 clara
2995 3758 3125 3797 voce
3146 3749 3462 3814 pronuntiat
3492 3769 3508 3806 :

1939 3825 2080 3890 Quid
2115 3829 2299 3898 igitur,
2331 3830 2607 3899 inquiens,
2670 3833 2902 3886 dicemus
2952 3836 2978 3888 7
3023 3833 3130 3889 Lex
3185 3842 3516 3905 peccatum?

1931 3917 2084 3971 Absit
2114 3917 2163 3972 ⁸.
2217 3920 2284 3972 Et
2346 3936 2624 3976 rursum:
2687 3922 2863 3987 Novi,
2922 3933 3058 3994 quod
3110 3926 3192 3980 lea:
3255 3931 3513 3996 spiritalis

1927 4020 2003 4063 est
2036 4010 2078 4062 ⁸.
2125 4010 2188 4066 Et
2225 4030 2239 4068 :
2271 4012 2554 4068 Consentio
2610 4015 2710 4086 legi
2749 4015 2842 4071 Dei
2879 4022 3167 4073 secundum
3207 4022 3514 4080 interiorem

1934 4103 2217 4160 hominem.
2249 4107 2316 4160 Et
2379 4123 2593 4164 rursum
2633 4108 2791 4179 :Ego
2851 4112 3059 4180 quidem
3127 4125 3296 4168 mente
3343 4121 3512 4173 servio

242 4217 361 4286 ἐγὼ
389 4215 468 4281 τῷ
479 4215 596 4283 μὲν
620 4214 715 4266 νοτ
738 4212 1048 4266 δουλεύων
1078 4211 1240 4280 νόμῳ
1259 4209 1429 4274 Θεοῦ,
1468 4207 1538 4278 τῇ
1553 4209 1620 4262 δὲ
1644 4210 1826 4276 σαρκὶ

1942 4193 2029 4264 ’egi
2063 4195 2183 4262 Dei,
2231 4215 2389 4254 carne
2418 4211 2594 4255 autem
2625 4203 2724 4274 legi
2780 4207 3002 4273 peccati,
3031 4218 3084 4258 et
3114 4223 3233 4276 qua:
3271 4225 3511 4279 sequun-

243 4313 408 4379 νόμῳ
457 4308 768 4378 ἁμαρτίας,
807 4306 903 4359 καὶ
932 4306 1001 4357 τὰ
1035 4303 1183 4373 ἑξῆς.
1219 4301 1400 4358 Ὥστε
1429 4304 1463 4356 d
1493 4302 1610 4371 μὲν
1641 4305 1825 4372 νόμος

1942 4299 2018 4342 tur
2036 4291 2078 4345 ‘.
2113 4291 2288 4356 Quare
2333 4294 2416 4348 lex
2439 4297 2670 4363 quidem,
2697 4299 2892 4366 inquit,
2913 4311 3119 4362 sancta,
3137 4314 3182 4354 et
3202 4307 3512 4360 mandatum

243 4404 435 4470 ἅγιος,
465 4401 619 4471 φησὶ,
652 4400 749 4453 καί
781 4400 820 4467 ή
857 4395 1077 4465 ἐντολὴ
1100 4396 1257 4465 ἁγία,
1306 4395 1406 4450 καὶ
1442 4394 1666 4460 δικαία,
1722 4396 1822 4448 καί

1942 4395 2191 4451 sanctum,
2217 4396 2266 4440 et
2306 4390 2533 4457 justum,
2577 4401 2628 4444 et
2674 4395 2861 4447 bonum
2895 4395 2933 4448 ⁷.
2961 4394 3070 4448 Nec
3116 4397 3260 4451 aliud
3292 4403 3511 4468 quidem

242 4494 460 4565 ἀγαθή.
500 4493 610 4546 Καὶ
637 4492 816 4561 δῆλον,
852 4491 927 4553 ὡς
962 4489 1062 4543 οὐκ
1108 4489 1246 4557 ἄλλη
1279 4488 1379 4557 μὲν
1422 4489 1455 4558 ὴ
1489 4488 1642 4556 ἁγία,
1688 4487 1822 4559 ἄλλη

239 4589 298 4641 δὲ
332 4590 364 4656 ἡ
393 4585 598 4650 δικαία,
633 4584 767 4653 ἄλλη
803 4583 862 4635 δὲ
891 4584 925 4651 ἡ
954 4580 1158 4650 ἀγαθὴ,
1191 4579 1308 4633 ἀλλ’
1357 4582 1390 4650 ἡ
1426 4579 1563 4651 αὐτὴ
1607 4579 1704 4634 τοῦ
1734 4581 1824 4632 νό-

249 4698 356 4751 μου
394 4677 604 4746 ἐντολὴ,
630 4677 727 4730 καὶ
755 4675 852 4729 τοῦ
885 4673 1047 4728 αὐτοῦ
1082 4673 1246 4740 Θεοῦ,
1285 4675 1379 4727 καὶ
1412 4673 1590 4742 ἁγίου,
1619 4674 1714 4727 καὶ
1753 4673 1831 4725 δι-

187 4757 200 4774 ,
242 4773 430 4836 καίου,
484 4769 580 4825 καὶ
614 4767 849 4836 ἀγαθοῦ.
894 4767 986 4832 Ἐξ
1014 4760 1076 4818 οὗ
1104 4767 1214 4836 γὰρ
1247 4767 1404 4836 βρύει
1439 4767 1500 4820 τὸ
1526 4767 1700 4835 ἅγιον,
1737 4766 1832 4820 καὶ

239 4867 478 4930 δίκαιον,
501 4863 596 4916 καὶ
613 4861 837 4930 ἀγαθὸν,
865 4858 1102 4929 χορηγὸς
1139 4858 1239 4926 μέν
1271 4859 1389 4910 ὲστι
1415 4856 1621 4910 τούτων
1648 4857 1833 4921 αὐτὸς,

244 4962 344 5014 καὶ
365 4958 551 5028 δοτὴρ,
571 4957 714 5010 κατὰ
727 4955 789 5007 τὸ
807 4954 978 5006 αἴτιον
993 4952 1050 5005 δὲ
1069 4952 1174 5021 πρὸ
1191 4951 1431 5016 πάντων,
1448 4946 1524 5003 ὦν
1550 4951 1729 5013 ἄλλοις
1752 4966 1846 5019 με·-

242 5056 471 5123 τασχεῑν
498 5052 792 5121 παρέσχεν,
811 5047 975 5109 αὐτὸς
999 5045 1236 5117 ὑπάρχει
1255 5042 1428 5098 ταῦτα
1445 5044 1506 5096 οὐ
1532 5041 1836 5113 μετασχών.

320 5147 446 5209 Πῶς
494 5144 560 5198 ἂν
594 5143 746 5211 ἅγια,
775 5142 870 5195 καὶ
916 5139 1091 5207 ἁγίων
1149 5137 1320 5206 Ἀγια
1345 5136 1412 5190 τὰ
1449 5136 1548 5205 τῆς
1600 5134 1837 5199 Παλαιᾶς

239 5243 543 5311 Διαθήκης,
581 5240 629 5291 εί
655 5236 899 5306 πονηρᾶς
947 5231 1276 5304 νομοθεσίας
1303 5226 1372 5303 ἦν
1405 5247 1421 5297 ;
1456 5230 1622 5300 Λέγει
1657 5229 1765 5300 γὰρ
1795 5230 1824 5282 6

238 5337 404 5400 αὐτὸς
453 5331 799 5393 ’Λπόστολος,
831 5324 1071 5396 Εἶχενή
1099 5325 1302 5395 πρώτη
1335 5326 1538 5394 σκηνὴ
1578 5321 1817 5377 δικαιώ-

239 5447 395 5500 ματα
427 5427 728 5493 λατρείας,
754 5422 821 5474 τό
835 5438 898 5474 τε
925 5420 1098 5490 ἅγιον
1128 5420 1437 5488 κοσμικόν.
1465 5417 1578 5472 Καί
1610 5414 1816 5485 σκηνὴ

356 5610 368 5638 ¹
424 5605 576 5659 Deut.
634 5618 706 5668 vt,
791 5607 844 5661 4.
955 5607 974 5636 ⁸
1031 5605 1217 5658 Matth.
1281 5620 1432 5667 XXIII,
1505 5602 1588 5656 17.

229 5679 263 5752 ,τ
297 5678 433 5735 una.
470 5691 596 5731 m.
674 5679 695 5707 ιι
732 5674 864 5732 una.
903 5676 984 5729 ιε.

1706 5601 1726 5633 ³
1770 5598 1905 5655 ibid.
1963 5598 2048 5654 i9.

1928 4484 2199 4542 sanctum,
2223 4479 2368 4534 aliud
2394 4483 2626 4551 justum,
2662 4485 2806 4538 aliud
2841 4488 3038 4541 bonum
3063 4528 3076 4553 ,
3113 4488 3206 4543 sed
3266 4490 3404 4544 idem
3441 4496 3530 4546 le-~

1928 4565 2011 4633 gis
2039 4571 2376 4639 mandatum,
2410 4584 2464 4628 et
2487 4575 2734 4644 ejusdem
2779 4577 2898 4642 Dei,
2927 4591 2982 4634 et
3021 4581 3214 4647 sa_ncti,
3245 4591 3298 4634 ct
3352 4584 3510 4651 justi,

1926 4666 1980 4710 et
2017 4659 2164 4715 boni.
2195 4662 2270 4717 Ex
2303 4681 2410 4736 quo
2457 4670 2600 4724 enim
2641 4673 2902 4726 sanctitas
2935 4672 3074 4736 ﬂuit,
3109 4683 3165 4726 et
3192 4674 3426 4742 justitia.
3459 4684 3514 4730 et

1927 4749 2166 4822 bOniIas,
2213 4757 2404 4814 harum
2466 4776 2552 4816 cst
2613 4762 2727 4832 ipse
2775 4763 3057 4832 elargitor.
3116 4764 3247 4818 Cum
3302 4777 3510 4832 autem,

1936 4851 1994 4896 υι
2021 4861 2206 4917 causa,
2237 4863 2363 4909 ante
2387 4857 2569 4910 omnia
2632 4856 2723 4921 sit,
2750 4857 2862 4911 haec
2930 4856 3050 4910 aliis
3097 4855 3359 4922 impertit,
3404 4875 3509 4914 non

1943 4956 2124 5002 autem
2151 4949 2262 5018 ipse
2288 4950 2557 5019 particeps
2589 4951 2666 5001 lit.

2011 5127 2292 5194 Quomodo
2314 5137 2499 5182 sancta
2536 5136 2659 5180 sunt
2707 5137 2762 5181 et
2806 5126 3004 5181 Sancta
3029 5137 3342 5182 sanctorum
3409 5126 3513 5182 Ve-

1940 5220 2070 5275 teris
2103 5217 2466 5281 Testamenti,
2514 5218 2614 5272 sia
2660 5218 2804 5272 malo
2834 5229 2958 5273 sunt
2981 5219 3003 5272 ?
3030 5219 3168 5272 Dicit
3196 5219 3337 5274 enim
3393 5220 3513 5289 ipse

1927 5311 2223 5382 Apostolus
2259 5309 2541 5365 :Habebat
2571 5312 2804 5378 primum
2859 5311 3259 5363 tabernaculum
3313 5311 3514 5380 justi/i-

1925 5409 2158 5463 cationes
2184 5408 2429 5472 culture,
2453 5417 2498 5460 et
2517 5414 2758 5459 sanctum
2794 5403 3080 5457 sceccutare
3119 5401 3185 5455 Et
3210 5403 3516 5465 tabernacue

3173 5588 3193 5620 ⁸
3223 5583 3356 5641 ibid.
3417 5584 3504 5640 16.

2161 5595 2183 5627 ⁵
2211 5595 2368 5651 Rom.
2416 5608 2512 5658 vn,
2570 5593 2623 5647 7.
2739 5589 2760 5622 ⁵
2792 5587 2926 5645 ibid.
2968 5587 3056 5641 14.
