4022 6224
554 307 688 372 1243

1788 268 2159 371 summit
2213 310 2563 371 ZlGABENI

3691 306 3859 373 134$

550 408 785 492 ipsorum
808 426 885 476 ab
932 442 1122 481 errore.
1172 429 1491 498 principium
1548 430 1864 497 sumpserit,
1920 430 1972 483 in
2008 444 2102 482 om

2228 427 2337 496 Τῆς
2369 428 2479 497 γὰρ
2506 427 2745 488 πίστεως
2785 426 2967 479 αὐτῶν
2999 424 3321 495 ἀρξαμένης
3353 425 3419 476 ἐκ
3446 421 3695 491 πλάνης,
3721 426 3855 476 ἀπο

548 517 1010 589 ιιὶὶιιιςιιείιιρερε
1056 521 1464 589 aberraverunt.
1518 522 1705 591 Capita
1758 530 1937 576 tamen
2011 523 2121 575 ba;-

549 612 834 667 reticarum
884 596 1194 676 opinionum
1234 611 1705 677 et'l‘undamenta,
1752 622 1804 668 et
1864 613 2117 677 radicem,

545 705 601 749 et
630 696 834 753 fontem
864 698 1261 768 quodaminodo
1284 704 1790 759 demonstrabimus.
1824 705 1953 771 Quae
1996 704 2122 758 reli-

534 790 720 856 gionis
775 801 829 843 et
886 780 1123 860 pietatis
1154 794 1395 848 doctrina
1445 796 1513 849 ab
1548 797 1699 851 initio
1771 799 1838 851 ab
1890 800 1989 854 hoc
2026 815 2118 855 us-

541 895 650 947 que
691 890 903 950 tempus
947 884 1251 953 redarguit,
1303 896 1355 940 et
1403 896 1655 957 tanquam
1717 902 1929 944 aranea:
1985 890 2118 946 telas

541 969 747 1036 disiecit
794 972 956 1041 atque
1019 975 1287 1041 dissolvit,
1327 988 1381 1031 et
1441 980 1682 1045 ipsorum
1717 979 1955 1035 tenebris
2005 980 2117 1034 dis-

538 1063 716 1115 cussis
762 1065 1044 1119 veritatem
1107 1067 1363 1121 ostendit.
1410 1068 1538 1134 Quae
1571 1084 1698 1123 vero
1753 1075 2116 1137 prauermissa

540 1161 684 1216 sunt,
718 1151 875 1208 facile
924 1156 1128 1211 eisdem
1174 1159 1471 1215 rationibus
1502 1161 1697 1230 quibus
1730 1162 1932 1230 reliqua
1984 1178 2115 1217 con-

539 1242 834 1298 futavimus
862 1240 1197 1303 evertentor.
1241 1248 1298 1304 Si
1330 1252 1473 1305 enim
1508 1253 1597 1320 qui
1629 1253 1849 1307 lueresis
1912 1268 2117 1307 veneno

535 1342 664 1385 sunt
733 1334 944 1399 infecti,
993 1338 1332 1406 resipiscam,
1392 1343 1818 1411 exragraviornm
1879 1345 2113 1413 capitum

535 1423 900 1499 coniuratione
952 1428 1156 1497 reliqua
1217 1438 1564 1500 cognoscent.
1616 1432 1747 1488 Nam
1793 1435 1845 1489 in
1907 1443 2111 1491 rectam

532 1512 754 1569 deducti
782 1504 943 1593 viam,
976 1517 1135 1573 facile
1175 1523 1320 1577 omni
1348 1524 1624 1580 mendacio
1650 1535 1905 1595 tanquam
1943 1528 2112 1581 oﬂen-

534 1606 711 1660 diculo
773 1592 1268 1679 et'impedimento
1300 1615 1513 1670 sublato
1538 1592 1842 1688 rejectoque
1890 1619 1941 1672 in
1999 1636 2115 1674 ont-

536 1714 656 1771 nem
693 1701 907 1756 venient
935 1701 1241 1762 Veritatem.
1266 1708 1415 1772 Quod
1448 1710 1492 1763 si
1521 1711 1647 1765 caeci
1673 1726 1795 1766 esse
1820 1712 2109 1779 voluerint,

2220 517 2426 581 λοὺθως
2482 520 2540 571 ὲν
2591 518 2795 573 ἅπασιν
2843 517 3251 588 ἐπλανήθησαν.
3294 517 3376 569 Τά
3427 516 3623 585 μέντοι
3649 532 3851 584 κεφα-

2218 606 2584 679 λαιωδέστερα
2646 608 2754 660 τῶν
2788 610 2844 661 ὲν
2891 608 3075 671 αὐτοῖς
3138 606 3434 676 αίρετικῶν
3491 605 3845 674 δογμάτων.

2218 700 2313 755 καὶ
2336 703 2435 755 ὅσα
2462 701 2734 770 θεμέλιος,
2757 701 2851 754 καὶ
2877 702 3024 770 ῥίζα,
3057 700 3151 753 καὶ
3172 695 3286 752 οἷον
3319 698 3473 768 πηγὴ
3502 699 3843 767 πεφύκασι,

2217 791 2389 845 ταῦτά
2421 792 2581 857 εἰσιν,
2618 790 2720 843 ὅσα
2762 786 3053 861 προλαϐὼν
3085 789 3214 858 ἄχρι
3244 788 3339 841 τοῦ
3368 789 3649 860 παρόντος
3680 791 3711 842 ὁ
3739 790 3851 842 εὐ-

2219 882 2380 953 σεὸὴς
2410 882 2569 947 λόγος
2608 882 2830 953 ἤλεγξε,
2860 883 2957 935 καὶ
2986 880 3060 943 ὡς
3100 881 3347 951 ἀράχνης
3381 880 3535 935 ἱστὸν
3568 882 3836 942 διέλυσε,

2216 976 2311 1029 καὶ
2349 973 2410 1026 τὸ
2435 976 2625 1036 σκότος
2658 974 2847 1027 αὐτῶν
2876 972 3235 1034 διασκεδάσας
3258 972 3509 1037 ὑπέδειξε
3541 974 3653 1043 τὴν
3676 974 3831 1042 cili;-

2217 1064 2391 1120 θειαν.
2422 1066 2604 1120 rma
2633 1065 2691 1119 δὲ
2721 1064 3121 1135 παρειάθησαν,
3152 1064 3227 1126 ὡς
3257 1064 3507 1135 εὐχερῶς
3535 1063 3661 1119 ἀπὸ
3710 1064 3839 1117 τῶν

2216 1154 2639 1223 ἀνατραπέντων
2672 1153 2900 1224 λυθῆναι
2935 1155 3028 1209 καὶ
3067 1154 3208 1207 αὑτᾶ
3249 1154 3553 1223 δυνάμενα.
3602 1156 3668 1208 ΕΞ
3722 1159 3839 1225 μὲν

2215 1247 2324 1315 γὰρ
2353 1244 2602 1299 πείσουσι
2629 1246 2761 1308 τοὺς
2788 1246 2888 1315 τῆς
2920 1246 3190 1313 αἱρέσεως
3212 1246 3262 1297 οἱ
3299 1246 3410 1299 τῶν
3433 1247 3835 1316 κεφαλαιωδε·

2215 1337 2424 1408 στέρων
2455 1338 2739 1408 δογμάτων
2768 1338 3005 1408 ἔλεγχοι,
3044 1337 3275 1408 περιττὴ
3303 1337 3413 1391 τῶν
3446 1339 3835 1406 ὑπολειφθένο

2213 1447 2320 1482 των
2346 1431 2379 1499 ἡ
2416 1430 2558 1483 κατά
2618 1430 2782 1499 μέρος
2816 1429 3067 1494 ἐξέτασις
3093 1445 3107 1459 ·
3159 1428 3484 1499 ὲναχθέντες
3551 1432 3675 1498 γὰρ
3738 1433 3834 1491 εἰς

2213 1522 2312 1591 τὴν
2338 1522 2556 1575 εὐθεῖαν
2585 1522 2704 1575 ὁδὸν
2737 1522 2937 1592 ῥᾳδίως
2969 1522 3186 1575 ἔσονται
3228 1520 3543 1590 βαδίζοντες
3570 1522 3675 1573 ἐπὶ
3701 1524 3831 1575 πᾶ·

2216 1632 2313 1669 σαν
2345 1616 2624 1686 ἀλήθειαν,
2666 1618 2774 1669 πᾶν
2794 1616 2993 1686 ψεῦδος
3019 1617 3272 1686 καθάπερ
3308 1617 3666 1685 πρόσκομμα
3721 1618 3831 1668 καὶ

2215 1707 2420 1761 σκῶλον
2481 1710 2544 1759 ὲκ
2582 1708 2750 1776 μέσου
2794 1708 3076 1771 ποιοῦντες
3106 1711 3200 1761 καὶ
3232 1706 3662 1779 διαρῤίπτοντες
3688 1724 3707 1739 ι
3769 1710 3829 1760 εί

535 1788 913 1846 claudicabunt
950 1794 1130 1850 adhuc
1194 1799 1581 1870 tnendacioque
1656 1805 1879 1870 protecti
1927 1814 2102 1857 contra

2213 1798 2258 1849 δ’
2288 1798 2844 1866 ὲθολοτυφ).ὡττοντες
2889 1799 3116 1869 μυοῦσιν
3150 1803 3233 1853 ἔτι
3265 1802 3399 1868 πρὸς
3433 1800 3497 1851 τὸ
3536 1800 3685 1867 φῶς,
3717 1802 3830 1854 καὶ

524 1881 850 1949 semetipsos
922 1884 1132 1941 fortiter
1192 1900 1372 1958 agent,
1415 1899 1469 1945 et
1501 1892 1567 1945 ad
1619 1894 1823 1949 erroris
1866 1894 2112 1962 spiritum

434 1998 437 2001 λ
534 1964 764 2027 deiicere
794 1964 1133 2033 recusabant.
1155 1981 1330 2049 Atque
1353 1980 1424 2033 ita
1475 1997 1685 2037 rursum
1714 1999 2113 2051 supervacanea

534 2060 638 2135 erit
661 2061 913 2117 subtilior
942 2082 1128 2121 eorum
1152 2083 1271 2137 quae
1318 2080 1525 2125 restant
1545 2072 1855 2140 explicatio.
1880 2074 2116 2130 Putridis

398 2196 399 2199 η
500 2214 503 2216 ,
533 2153 676 2206 enim
712 2153 1076 2213 fundamentis
1121 2160 1173 2214 in
1202 2176 1418 2217 cassum
1447 2164 1652 2234 aliquid
1684 2168 2114 2234 superstruxeris

534 2242 897 2316 inutilemque
938 2250 1173 2307 laborem
1205 2256 1535 2325 susceperis.

1060 2430 1363 2491 TITULUS
1388 2435 1553 2496 XXV.

574 2512 679 2568 "De
708 2532 882 2582 cruce,
927 2520 991 2573 de
1042 2534 1225 2577 sancto
1276 2526 1537 2591 baptismo
1574 2543 1620 2585 et
1670 2533 1734 2587 de
1780 2533 2113 2590 eucharistia:

1176 2599 1436 2666 mysterio.

602 2696 794 2752 Verum
817 2704 1072 2771 quoniam
1092 2716 1146 2761 et
1169 2722 1385 2764 crucem
1412 2716 2106 2787 venerabilemdespiciunt,

528 2796 585 2840 et
601 2790 840 2846 divinum
854 2795 1178 2865 baptismum
1196 2812 1847 2871 contemnunt,etsacram
1870 2816 2108 2881 mystica

529 2893 697 2935 caena:
731 2891 1263 2961 transsumptionem,‘
1295 2894 1550 2963 irrident,
1576 2907 1630 2954 et
1658 2901 1723 2955 de
1759 2902 1843 2957 his
1891 2919 2107 2976 quoque

528 2970 731 3038 aliquid
763 2991 827 3029 ex
860 2978 1137 3036 beatorum
1187 2982 1409 3040 Patrum
1463 2987 1613 3045 libris
1636 2970 2102 3063 depromptum—in

529 3066 764 3124 medium
811 3071 1118 3131 afferetnus.

1021 3212 1335 3271 Ilamasceni
1374 3218 1438 3272 de
1462 3235 1632 3274 cruce.

600 3346 791 3403 Rerum
844 3354 961 3421 ipsa
1017 3357 1219 3410 creatio
1250 3358 1498 3415 humanis
1547 3365 1839 3422 rationibus
1868 3385 2106 3439 compre-

529 3438 683 3491 hendi
720 3458 821 3493 non
870 3453 1057 3510 potest.
1125 3445 1287 3502 Fides
1332 3452 1577 3507 universa
1612 3461 1926 3514 necessaria.
1966 3464 2106 3529 Quid

529 3530 680 3595 ﬁdes.
719 3559 790 3570 —-
822 3531 1051 3587 Verbum
1120 3539 1293 3592 crucis
1351 3544 1691 3608 pereuntibus
1726 3548 1933 3616 quidem
1970 3554 2106 3606 stul-

533 3621 653 3674 titia
685 3630 763 3675 est
795 3640 813 3678 :
846 3625 913 3678 iis
938 3635 1110 3679 autem
1147 3632 1237 3698 qui
1263 3631 1399 3685 salvi
1426 3633 1581 3702 ﬁunt,
1601 3637 1655 3688 id
1684 3649 1762 3692 est
1789 3642 1967 3704 nobis,
2006 3645 2102 3701 Dei

528 3710 696 3764 virtus
727 3722 802 3764 est
838 3711 881 3764 ¹.
912 3711 1043 3767 Nam
1076 3718 1375 3785 spiritualia
1407 3724 1617 3793 quidem
1636 3728 1848 3795 judicat
1879 3737 2055 3789 omm'a
2084 3755 2103 3793 :

527 3801 776 3853 animalis
803 3811 977 3855 autem
1001 3804 1153 3860 homo
1173 3826 1272 3861 non
1296 3814 1517 3881 percipit
1542 3832 1603 3869 ea
1626 3834 1741 3887 quw
1768 3821 1862 3875 Dei
1890 3837 2013 3879 sunt
2057 3830 2098 3882 ³.

527 3890 772 3946 Stultitia
800 3895 950 3947 enim
987 3896 1096 3951 illis
1127 3908 1235 3963 est,
1264 3903 1355 3971 qui
1389 3919 1453 3958 ea
1501 3908 1834 3979 suscipiunt,
1867 3931 1969 3972 nec
2007 3917 2100 3975 Dei

524 3979 821 4039 bonitatem
843 3992 895 4038 et
911 3987 1359 4055 omnipotentiam
1380 3995 1758 4069 considerant;
1782 4019 1970 4060 verum
2012 4025 2102 4065 res

522 4071 735 4128 divinas
766 4075 1017 4132 humanis
1040 4082 1492 4154 naturalibusque
1532 4090 1838 4152 rationibus
1876 4098 2101 4155 iuves-ti-

524 4170 675 4230 gant.
692 4162 906 4218 Etenim
929 4184 1052 4236 qua:
1082 4169 1172 4224 Dei
1201 4181 1352 4239 sunt,
1373 4186 1623 4233 naturam
1642 4184 2024 4244 etSermonem
2046 4200 2101 4246 et

523 4250 901 4319 cogitationem
953 4271 1241 4327 superant.
1275 4263 1409 4319 Nam
1445 4267 1490 4323 si
1525 4271 1649 4339 quis
1710 4274 1896 4331 animo
1921 4281 2101 4335 volvat

522 4355 762 4407 quonam
819 4357 1000 4415 pacto,
1034 4358 1089 4403 et
1126 4368 1227 4407 cur
1268 4354 1409 4413 Deus
1449 4362 1630 4417 omnia
1666 4380 1731 4421 ex
1774 4368 1945 4425 nihilo
1973 4388 2099 4441 pro-

522 4431 774 4497 duxerit,
850 4441 1309 4514 naturalibusque
1375 4453 1685 4513 rationibus
1757 4460 1811 4514 id
1876 4431 2095 4534 assequi

518 4524 833 4589 contendat,
856 4543 1196 4603 nequaquam
1238 4539 1340 4595 hoc
1363 4550 1803 4615 comprehendet.
1828 4524 2096 4616 Animalis

518 4612 663 4667 enim
696 4625 751 4669 et
781 4617 1049 4677 diabolica
1078 4635 1163 4681 est
1187 4612 1504 4698 ltujusmodi
1529 4643 1781 4698 scientia.
1824 4646 1929 4712 Qui
1960 4666 2090 4705 vero

516 4702 623 4759 tide
651 4706 816 4761 veluti
846 4725 1008 4765 manu
1040 4714 1260 4784 duetus,
1292 4719 1459 4777 Deum
1500 4728 1726 4796 bonum,
1759 4744 1813 4788 et
1834 4702 2092 4809 omnipo:

518 4800 741 4895 tentem,
778 4806 830 4851 et
872 4816 1084 4869 verum,
1121 4815 1175 4860 et
1201 4812 1523 4880 sapientem,
1553 4820 1827 4888 etjustom
1864 4800 2088 4900 cogitat,

517 4884 698 4938 omnia
741 4888 901 4956 plana
947 4903 999 4948 et
1029 4899 1342 4967 mquabilia,
1399 4906 1658 4979 viamque
1691 4925 1895 4970 rectam
1931 4884 2089 4977 inve-

515 4974 646 5031 niet.
674 4976 807 5034 Nam
847 4982 960 5039 fieri
1001 5003 1107 5043 non
1134 5003 1311 5060 potest
1340 5006 1397 5051 ut
1435 4974 1709 5070 quis-sine
1732 5007 1833 5065 fide
1852 5015 2084 5072 salutent

511 5079 884 5137 consequatur
926 5076 969 5127 ³.
1006 5075 1138 5134 Fide
1165 5084 1432 5152 siquidem
1466 5100 1577 5145 tum
1606 5094 1846 5154 humana
1876 5106 2085 5171 omnia,

512 5166 625 5212 tmn
697 5163 1005 5229 spiritualia
1055 5183 1331 5231 constant.
1368 5178 1553 5251 Neque
1599 5188 1743 5243 enim
1774 5195 2012 5261 agricola
2063 5163 2085 5231 ί

510 5248 628 5354 sine
684 5250 789 5307 ﬁde
828 5269 1017 5311 arvum
1064 5264 1383 5330 proscindit,
1427 5248 1527 5326 nec
1571 5248 1844 5335 mercator
1876 5287 2075 5354 exiguo

509 5332 656 5404 ligno
690 5350 880 5397 vectus
911 5347 1149 5406 animam
1173 5368 1329 5409 suam
1356 5356 1673 5420 furentibus
1720 5372 1885 5428 maris
1920 5332 2080 5432 nitidis

506 5428 822 5498 committit,
864 5450 965 5489 nec
1002 5442 1348 5500 matrimonia
1379 5455 1807 5523 contrahuntur,
1848 5479 1950 5519 nec
1987 5468 2080 5521 de-

505 5515 669 5587 nique
691 5521 837 5577 aliud
876 5528 1172 5600 quidquam
1214 5552 1403 5596 eorum
1447 5560 1571 5614 qua:
1599 5548 1710 5608 vita
1744 5552 1868 5619 fert,
1901 5561 2078 5619 susci-

579 5682 595 5714 '
639 5684 657 5741 l
689 5686 811 5744 Cor.
835 5706 875 5754 l,
901 5693 990 5748 25.
1105 5700 1126 5729 ¹
1160 5699 1329 5758 lCor.
1369 5719 1431 5771 ιι,
1466 5706 1548 5763 l5.
1662 5710 1681 5741 ³
1713 5711 1879 5773 llebr.
1914 5732 1988 5781 χι,
2025 5717 2075 5773 θ.

2217 1887 2340 1940 καθ’
2365 1888 2575 1940 ἑαυτῶν
2601 1889 2946 1959 ἀνδρίζονται
2987 1889 3067 1960 τῷ
3099 1890 3284 1959 ψεύδει
3326 1892 3690 1958 σκεπὸμενοι.
3719 1895 3827 1945 καὶ

2218 1977 2295 2049 μὴ
2323 1979 2565 2042 θέλοντες
2625 1980 2932 2051 ἀποστῆναι
2992 1982 3088 2034 τοῦ
3152 1981 3539 2049 πλανήσαντος
3610 1983 3823 2045 αὐτοὺς

2216 2070 2548 2138 πνεύματος,
2584 2072 2678 2123 καὶ
2723 2066 2867 2124 οὕτω
2893 2072 3054 2125 πάλιν
3093 2072 3328 2144 περιττὴ
3376 2071 3493 2125 τῶν
3535 2075 3687 2125 κατὰ
3712 2077 3823 2143 μὲι

2215 2162 2376 2230 ροςὴ
2412 2161 2731 2232 συζήτησις.
2797 2163 3029 2233 Σαθροίς
3092 2167 3202 2235 γὰρ
3266 2165 3549 2235 θεμελίοις
3626 2167 3820 2235 μάτην

2214 2250 2628 2323 ὲποικοδομήσει
2650 2272 2753 2321 τις,
2780 2256 2874 2309 καὶ
2901 2256 3162 2327 ἀνόνητον
3185 2257 3563 2328 ὑποστησεται
3586 2259 3689 2311 τὸν
3719 2260 3821 2311 πό-

2216 2358 2329 2397 νον.

2778 2462 3026 2516 ΤΙΤΛΟΣ
3077 2461 3200 2519 κε’.

2211 2546 2350 2614 Περὶ
2391 2549 2499 2628 τοῦ
2526 2553 2816 2628 σταυροῦ,
2844 2555 3114 2628 περὶτοῦ
3149 2555 3323 2628 aly-[ou
3345 2557 3815 2628 βαπτίσματος,

2312 2621 2409 2670 καὶ
2444 2622 2577 2686 περὶ
2619 2622 2722 2676 τοῦ
2740 2621 3079 2692 μυστηρίου
3107 2621 3219 2693 τῆς⁵
3250 2621 3673 2697 ὠχαριστίἆς.

2294 2727 2446 2784 Ἐπεὶ
2475 2732 2533 2785 δὲ
2580 2735 2670 2786 τόν
2721 2752 2779 2787 τε
2824 2736 3007 2804 τίμιον
3059 2738 3294 2807 σταυρὸν
3337 2740 3718 2808 ἀτιμάζουσιν
3754 2740 3810 2792 οἱ

2208 2819 2584 2891 Παυλικιάνοι,
2622 2825 2718 2877 καὶ
2747 2827 2810 2878 τὸ
2831 2826 2972 2880 θεῖον
3011 2827 3295 2898 βάπτισμα
3326 2829 3677 2895 διαπτύουσι,
3707 2832 3809 2884 καὶ

2206 2910 2304 2982 τὴν
2338 2914 2493 2983 ἱερὰν
2512 2916 2815 2986 μετάληψιν
2833 2917 2926 2970 τοῦ
2957 2919 3222 2986 μυστικοῦ
3246 2918 3465 2973 δείπνου
3488 2921 3807 2990 χλευάζου-

2209 3019 2288 3069 σι,
2325 3006 2759 3076 προστεθήσεται
2786 3009 2880 3062 καὶ
2908 3011 2979 3063 τά
3008 3011 3140 3083 περὶ
3167 3013 3374 3065 τούτων
3399 3014 3506 3067 ἀπὸ
3534 3012 3646 3066 τῶν
3678 3015 3808 3078 τοῖς

2132 3128 2175 3187 c
2210 3097 2507 3166 μακαρίοις
2536 3100 2774 3168 πατράσι
2810 3102 3228 3171 πεπονημένων.

2430 3230 2539 3283 Τοῦ
2565 3233 2964 3303 Δαμασκηνοῦ
2994 3233 3128 3304 περὶ
3154 3232 3262 3289 τοῦ
3284 3236 3571 3305 σταυροῦ.

2289 3374 2352 3429 '0
2378 3378 2561 3446 λόγος
2589 3382 2622 3433 ὀ
2640 3380 2747 3435 τοῦ
2774 3383 3061 3451 σταυροῦ,
3100 3384 3226 3452 τοῖς
3258 3386 3378 3456 μὲν
3418 3388 3790 3455 ἀπολλυμέ-

2204 3480 2334 3531 νοις
2358 3469 2549 3535 μωρία
2576 3469 2727 3536 ἐστι,
2756 3472 2878 3538 τοῖς
2903 3472 2972 3526 δὲ
3001 3475 3364 3546 σωζομένοις
3396 3479 3551 3549 ἡμῖν,
3584 3479 3789 3534 δύνα-

2199 3575 2301 3625 μις
2328 3559 2476 3613 Θεοῦ
2525 3562 2714 3617 ἐστιν.
2757 3563 2821 3616 '0
2858 3566 2972 3633 μὲν
2999 3566 3108 3638 γὰρ
3156 3572 3548 3639 πνευματικὸς
3571 3570 3790 3627 πάντα

2204 3648 2534 3718 ἀνακρίνει,
2566 3654 2829 3722 ψυχικὸς
2865 3655 2934 3709 δὲ
2988 3656 3301 3726 ἄνθρωπος
3329 3663 3400 3714 οὐ
3433 3660 3673 3727 δέχεται
3706 3664 3786 3718 τὰ

2203 3742 2310 3795 τοῦ
2369 3745 2733 3813 Πνεύματος.
2804 3749 3001 3817 Μωρία
3056 3752 3162 3821 γάρ
3192 3754 3309 3805 ἐστι
3340 3755 3448 3815 τοῖς
3482 3752 3554 3821 μὴ
3583 3754 3787 3811 πίστει

2202 3835 2537 3905 δεχομένοις,
2588 3840 2682 3892 καὶ
2734 3840 2795 3893 τὸ
2850 3843 3054 3913 ἀγαθὸν
3087 3846 3179 3897 καὶ
3223 3848 3630 3917 παντοδῦναμον
3675 3851 3785 3904 τοῦ

2201 3924 2338 3978 Θεοῦ
2380 3926 2771 3997 λογιζομένοις,
2837 3933 2954 3986 ἀλλ’
2988 3935 3350 4007 ἀνθρωπίνοις
3394 3940 3486 3991 καὶ
3514 3943 3785 4006 φυσικοῖς

2201 4016 2477 4087 λογισμοῖς
2511 4020 2836 4091 ἐξερευνῶσι
2885 4035 2911 4077 P
2953 4027 3023 4081 τά
3056 4027 3208 4082 θεῖα·
3242 4030 3419 4084 πάντα
3442 4031 3553 4102 γὰρ
3573 4033 3644 4085 τὰ
3674 4034 3780 4087 τοῦ

2202 4106 2336 4160 Θεοῦ
2362 4108 2501 4180 ὑπὶρ
2536 4112 2698 4179 φύσιν
2731 4115 2860 4179 εἰσὶ,
2913 4121 3007 4169 καὶ
3046 4118 3222 4185 λόγον,
3270 4120 3367 4174 καὶ
3417 4121 3650 4175 ἔννοιαν.
3712 4126 3781 4179 ΕΞ

2202 4197 2311 4267 γάρ
2342 4215 2425 4262 τις
2451 4201 2735 4274 λογίσηται
2768 4206 2917 4268 ὅπως
2948 4209 3012 4259 ὲκ
3033 4208 3124 4260 τοῦ
3146 4212 3220 4279 μὴ
3238 4211 3390 4274 ὄντος
3414 4214 3494 4275 εἰς
3523 4214 3585 4265 τὸ
3607 4211 3778 4281 εἶναι,

2198 4289 2343 4354 τίνος
2399 4309 2459 4343 τε
2490 4293 2678 4347 ἕνεκεν
2711 4299 3032 4369 παρήγαγεν
3076 4301 3105 4351 ὁ
3145 4301 3277 4363 Θεὸς
3338 4302 3407 4355 τά
3440 4304 3643 4366 πάντα,
3678 4309 3780 4360 καὶ

2200 4386 2445 4449 φυσικοῖς
2469 4384 2751 4455 λογισμοῖς
2806 4391 3007 4457 φθάσαι
3053 4392 3340 4464 ἐϐουλήθη,
3379 4396 3441 4448 οὐ
3479 4396 3777 4467 καταλαμ-

2197 4473 2367 4528 ϐάνει.
2400 4476 2620 4547 Ψυχικὴ
2655 4480 2760 4549 γάρ
2794 4482 2939 4535 ἐστιν
2968 4485 2999 4551 ἡ
3032 4485 3234 4550 γνῶσις
3265 4487 3404 4555 αὕτη
3435 4489 3529 4540 καὶ
3572 4487 3774 4558 δαιμο-

2196 4560 2411 4632 νιώδης.
2448 4565 2585 4617 Εἰδέ
2615 4584 2700 4629 τις
2736 4569 2917 4622 πίστει
2962 4578 3498 4644 χειραγωγούμενος,
3533 4578 3772 4645 ἀγαθὸν,

2195 4656 2289 4706 καὶ
2319 4656 2750 4728 παντοδύναμον,
2802 4663 2897 4715 xui.
2941 4663 3157 4731 ἀληθὲς,
3190 4668 3284 4718 καὶ
3330 4671 3511 4735 σοφὸν,
3564 4671 3663 4722 καὶ
3698 4672 3776 4723 δί-

2194 4762 2347 4799 καιον
2388 4746 2449 4799 τὸ
2477 4748 2632 4800 Θεῖον
2684 4749 2990 4821 λογίσηται,
3029 4756 3253 4825 εὑρήσει
3303 4760 3482 4811 πάντα
3515 4760 3638 4813 λεῖα
3676 4764 3774 4813 καὶ

2192 4837 2392 4905 ὁμαλὰ,
2420 4842 2515 4892 καὶ
2560 4840 2679 4896 ὁδὸν
2724 4843 2958 4899 εὐθεῖαν.
3004 4846 3192 4909 Ἐκτὸς
3222 4848 3331 4918 γὰρ
3368 4849 3607 4913 πίστεως
3640 4853 3772 4904 ἁδύ-

2190 4946 2348 4984 νατον
2403 4932 2639 5001 σωθῆναι
2665 4950 2676 4961 '
2739 4935 2917 4987 πίστει
2970 4937 3079 5007 γὰρ
3120 4940 3319 5005 πάντα,
3355 4940 3425 4993 τά
3455 4957 3516 4992 τε
3550 4942 3772 5011 ἀνθρὼ-

2190 5039 2340 5086 πινα,
2398 5024 2466 5079 τά
2510 5042 2570 5077 τε
2614 5029 2961 5095 πνευματικὰ
3035 5032 3404 5086 συνίστανται.
3464 5034 3601 5087 Οὖτε
3658 5037 3767 5107 γὰρ

2187 5114 2431 5184 γεωργὸς
2483 5117 2637 5180 ἐκτὸς
2688 5120 2923 5185 πίστεως
2977 5123 3167 5192 τέμνει
3216 5124 3322 5194 γῆς
3373 5125 3627 5180 αὔλακαο
3660 5130 3765 5183 οὐκ

2186 5197 2424 5272 ἔμπορος
2460 5204 2641 5276 μικρῷ
2688 5205 2827 5279 ξύλῳ
2880 5210 2979 5281 τὴν
3034 5213 3230 5267 ἑαυτοῦ
3292 5215 3474 5285 ψυχὴν
3520 5216 3600 5286 τῷ
3633 5236 3764 5287 μαιο

2185 5292 2395 5363 νομένῳ
2415 5294 2516 5364 τῆς
2546 5297 2821 5369 θαλάσσης
2849 5301 3079 5370 πελάγει
3116 5305 3488 5374 παραδίδωσιν
3507 5322 3521 5335 ·
3557 5308 3616 5359 οὐ
3657 5308 3763 5376 γάρ

2187 5399 2277 5452 μοι
2308 5384 2675 5454 συνίστανται,
2705 5391 2805 5444 οὐχ
2842 5393 2972 5446 ἄλλο
2996 5410 3051 5446 τι
3080 5394 3190 5446 τῶν
3225 5396 3283 5446 ὲν
3310 5396 3387 5464 τῷ
3413 5396 3533 5466 βίῳ.
3569 5400 3758 5451 Πίστει

2181 5474 2410 5544 νοοῦμεν
2440 5478 2504 5530 ὲκ
2527 5478 2619 5531 τοῦ
2691 5481 2768 5552 μὴ
2804 5482 2959 5547 ὄντος
3007 5487 3087 5547 εἰς
3113 5486 3174 5538 τὸ
3223 5480 3368 5539 εἶναι
3390 5489 3457 5540 τὰ
3488 5489 3666 5542 πάντα
3690 5494 3752 5561 τῇ

2179 5564 2273 5619 τοῦ
2303 5567 2437 5621 Θεοῦ
2468 5571 2698 5642 δυνάμει
2761 5575 3042 5646 παρῆχθαι
3068 5593 3082 5607 °
3118 5579 3298 5634 πάντα
3334 5582 3405 5636 τά
3424 5599 3484 5635 τε
3510 5581 3632 5641 θεῖα
3662 5584 3757 5637 καὶ

2191 5720 2209 5750 ⁸
2248 5720 2412 5782 Basil.
2440 5727 2491 5782 in
2521 5731 2656 5800 psal.
2695 5747 2819 5792 ειν.
