4012 6216
291 346 428 408 1‘245

1280 347 1651 419 PANOPLIA
1688 357 2230 423 DOGMATICA.-
2264 364 2416 426 TIT.
2448 365 2648 431 XXIV.

3405 371 3544 435 1246

283 473 356 524 τὰ
386 467 704 538 ἀνθρώπινα
737 473 916 525 πῖστει
954 471 1362 545 κατορθοῦμεν.
1399 476 1590 540 Πίστις
1632 477 1689 530 δὲ
1717 479 1862 531 ἐστὶν

1979 479 2129 545 pitur.
2190 479 2320 536 Fide
2391 481 2745 552 intelligimus
2798 481 2893 536 Dei
2958 485 3197 551 polentia
3226 495 3419 540 cuncta
3477 504 3543 544 ex

285 561 864 634 ἀπολυπραγμόνητος
897 566 1322 635 συγκατάθεσις.

363 843 522 897 Πᾶσα
565 843 666 914 μὲν
729 842 823 895 οὖν
881 843 1084 916 πρᾶξις
1135 845 1232 899 καὶ
1285 845 1710 918 θαυματουργία
1769 847 1865 902 τοῦ

285 932 534 1004 Χριστοῦ
592 933 854 1004 μεγίστη,
907 935 1004 988 καὶ
1047 935 1186 1000 θεία,
1239 939 1336 991 καὶ
1381 938 1696 1008 θαυμαστήο
1733 939 1869 993 ἀλλά

286 1025 507 1078 πάντων
521 1023 638 1075 ἐστὶ
661 1022 1106 1093 θαυμαστότερον
1141 1027 1170 1079 6
1205 1027 1386 1096 τίμιος
1412 1027 1578 1081 αὐτοῦ
1611 1030 1866 1100 σταυρός.

284 1113 370 1167 Δι’
395 1114 608 1179 οὐδενὸς
631 1115 738 1186 γὰρ
771 1116 963 1186 ἑτέρου
997 1117 1025 1167 6
1043 1116 1272 1181 θάνατος
1301 1120 1678 1191 κατήργηται,
1707 1123 1740 1191 ὴ
1772 1121 1866 1175 τοῦ

287 1206 636 1278 προπάτορος
678 1206 925 1278 ἁμαρτία
985 1207 1222 1273 λέλυται,
1262 1210 1289 1262 6
1321 1209 1456 1281 ᾅδης
1506 1213 1860 1282 ἐσκύλιυται,

287 1300 323 1370 ἠ
351 1299 652 1364 ἀνάστασις
672 1299 997 1370 δεδώρηται,
1028 1299 1257 1369 δύναμις
1280 1303 1412 1370 ἡμῖν
1459 1303 1557 1357 τοῦ
1591 1323 1861 1375 καταφροο

285 1400 398 1458 νεῖν
428 1395 538 1449 τῶν
572 1397 856 1467 παρόντων
888 1399 982 1453 καὶ
1029 1400 1196 1454 αὐτοῦ
1241 1401 1336 1455 τοῦ
1369 1403 1600 1458 θανάτου
1632 1403 1864 1468 δέδοται,

287 1491 322 1564 ἡ
355 1488 494 1562 πρὸς
517 1489 615 1558 τὴν
646 1490 884 1561 ἀρχαίαν
943 1493 1320 1564 μακαριότητα
1353 1495 1614 1559 ἐπάνοδος
1647 1495 1864 1566 κατώρο

289 1581 481 1644 θωται,
515 1580 681 1634 πύλαι
712 1582 1044 1654 παραδείσου
1057 1583 1414 1656 ἠνοίχθησαν,
1469 1589 1676 1657 ἡφύσις
1705 1588 1865 1658 ἡμῶν

288 1672 353 1728 ὲκ
389 1669 582 1734 δεξιῶν
610 1669 705 1723 τοῦ
736 1671 872 1726 Θεοῦ
916 1675 1200 1738 κεκάθικε,
1242 1676 1407 1729 τέκνα
1436 1677 1571 1731 Θεοῦ
1612 1681 1705 1732 καὶ
1732 1679 1864 1750 κλη-

1971 572 2142 628 nihilo
2189 573 2454 642 producta
2500 589 2647 630 esse.
2684 573 2823 628 Fide
2851 574 3033 658 omnia
3067 585 3212 632 recte
3279 579 3544 646 gerimus,

1972 672 2084 718 tum
2119 665 2378 724 humana.
2409 675 2520 719 tum
2545 666 2749 720 divina.
2794 666 2956 730 Fides
2979 651 3145 738 porro
3177 677 3260 723 est
3287 665 3544 727 assensus

1972 755 2120 808 omni
2158 755 2380 809 curiosa
2405 756 2764 825 inquisitione
2790 772 3009 813 vacans.
3077 821 3079 823 1

2043 843 2241 899 Christi
2263 860 2438 898 rerum
2479 848 2628 901 nulla
2655 847 2960 904 mirabilior
2979 841 3151 906 cruce.
3183 847 3318 921 Ejus
3350 853 3543 921 beneﬁ-
3632 899 3636 902 .
3680 893 3685 898 .

1973 933 2076 988 cia.
2101 965 2171 975 —
2193 934 2517 1005 Quanquam
2553 949 2734 992 autem
2757 941 2936 994 omnis
2963 943 3165 1018 Christi
3197 945 3339 998 actio
3369 957 3422 998 et
3447 949 3544 998 tni-
3619 953 3622 956 ’

1971 1027 2280 1081 raculornm
2343 1029 2530 1095 editio,
2593 1031 2885 1109 praeclara,
2925 1034 3107 1090 divina
3164 1050 3228 1089 ac
3273 1037 3543 1090 mirabilis

1975 1129 2098 1176 est:
2136 1119 2271 1173 nihil
2305 1132 2485 1176 tamen
2530 1133 2614 1178 est
2654 1140 2720 1180 ex
2785 1111 3076 1196 Omnibus
3099 1129 3245 1198 quod
3307 1129 3545 1184 admira-

1972 1211 2122 1266 tione
2151 1212 2368 1282 dignius
2397 1213 2492 1279 sit,
2529 1229 2691 1283 quam
2716 1208 3021 1270 veneranda
3055 1218 3227 1288 ipsius
3261 1236 3416 1274 crux.
3443 1221 3548 1277 Ne-

1975 1317 2082 1373 que
2139 1304 2284 1358 enim
2316 1295 2426 1359 alia
2480 1305 2588 1364 ulla
2637 1322 2695 1361 re
2727 1307 3000 1362 destructa
3035 1305 3179 1364 mors
3226 1311 3350 1376 fuit,
3382 1313 3544 1383 primi

1969 1398 2215 1465 parentis
2241 1393 2919 1468 peccatum“exstinctum,
2975 1400 3223 1457 infernus
3257 1403 3546 1470 spoliatus,

1968 1490 2307 1544 resurrectio
2364 1489 2590 1555 donata,
2625 1492 2708 1546 vis
2748 1500 2874 1545 tum
2897 1491 3206 1560 praesentia,
3241 1500 3357 1546 tttm
3396 1509 3546 1559 mor—

1969 1590 2078 1635 tem
2115 1581 2291 1650 ipsam
2326 1581 2713 1651 contemnendi
2747 1583 3210 1660 nobisconcessa,
3245 1584 3454 1640 reditus
3479 1585 3548 1640 ad

1966 1675 2248 1742 antiquam
2281 1674 2669 1730 beatitudinem
2701 1685 2946 1745 paratus,
2978 1672 3221 1744 paradisi
3245 1675 3546 1748 patefactae
3639 1739 3641 1742 γ

294 1763 509 1834 ρονόμοι
531 1762 859 1836 γεγόναμεν,
886 1765 936 1817 εί
975 1765 1050 1836 μὴ
1078 1765 1169 1820 διὰ
1219 1765 1309 1819 τοῦ
1359 1767 1600 1838 σταυροῦ
1625 1769 1719 1822 τοῦ
1747 1771 1863 1822 Κυ-

1987 1777 2165 1830 anum,
2214 1774 2411 1819 natura
2458 1775 2646 1820 nostra
2700 1767 2766 1820 ad
2823 1768 2914 1821 Dei
2937 1758 3220 1822 dexteram
3255 1757 3546 1840 collocata,

292 1850 410 1922 ρίου
436 1852 591 1922 ἡμῶν
634 1853 807 1924 Ἰησοῦ
835 1854 1098 1925 Χριστοῦ.
1137 1857 1234 1910 Διά
1253 1858 1490 1930 σταυροῦ
1559 1859 1665 1932 γάρ
1686 1861 1864 1914 πάντα

1979 1869 2066 1911 tos
2097 1855 2336 1924 denique
2367 1857 2464 1911 filii
2522 1857 2614 1912 Dei
2641 1867 2808 1928 atque
2847 1851 3278 1919 haeredes‘facti,
3320 1861 3434 1937 nisi
3453 1876 3549 1928 per

291 1940 684 2013 κατώρθωται·
733 1943 907 1997 Ὅσοι
950 1946 1060 2013 γὰρ
1108 1947 1553 2016 ἐϐαπτίσθημεν
1599 1952 1688 2013 εις
1732 1953 1862 2020 Χρι-

289 2032 460 2098 στὸν,
493 2033 661 2104 φησὶν
684 2035 712 2087 6
749 2033 1094 2102 Ἀπόστολος,
1130 2038 1218 2101 εἰς
1260 2037 1365 2090 τὸν
1397 2038 1654 2093 θάνατον
1673 2039 1860 2093 αὑτοῦ

288 2123 734 2194 ἐϐαπτίσθημεν
754 2141 767 2155 ·
827 2125 961 2180 ὅσοι
990 2126 1058 2179 δὲ
1100 2128 1188 2192 εἰς
1211 2129 1470 2196 Χριστὸν
1498 2130 1860 2198 ἐϐαπτίσθηο

1961 1961 2180 1999 crucem
2208 1945 2420 1999 Domini
2447 1948 2618 2000 nostri
2649 1946 2778 2000 Jesu
2801 1947 3026 2002 Christi.
3130 1946 3410 2018 Siquidem
3433 1947 3548 2016 haec

1962 2035 2147 2089 omnia
2177 2051 2312 2089 crux
2341 2036 2592 2104 prtestitit
2621 2051 2636 2089 :
2677 2037 2983 2108 Quicunque
3007 2039 3167 2099 enim,
3200 2035 3374 2106 inquit
3401 2040 3550 2109 Apo-

1963 2126 2162 2190 stolus,
2187 2127 2237 2179 in
2264 2123 2533 2181 Christum
2557 2126 2816 2193 baptizuti
2841 2144 3043 2194 sumus,
3066 2127 3119 2181 in
3143 2139 3357 2181 mortem
3383 2129 3549 2196 ipsius

283 2231 420 2284 μεν,
455 2214 711 2282 Χριστὸν
733 2215 1162 2286 ἐνεδυσιὴμεθα.
1193 2219 1444 2287 Χριστὸς
1484 2220 1540 2273 δέ
1567 2224 1682 2274 ἐστι
1712 2222 1861 2277 Θεοῦ

1979 2216 2219 2284 iaptizati
2251 2233 2435 2270 sumus
2482 2222 2521 2272 ⁸.
2543 2219 2851 2287 Quicunque
2878 2230 3051 2274 autem
3077 2221 3131 2273 in
3152 2219 3415 2274 Christum
3438 2222 3550 2274 -ba-

287 2306 543 2376 δύναμις
580 2307 678 2361 καὶ
703 2308 851 2362 Θεοῦ
890 2310 1096 2378 σοφία.
1140 2310 1267 2364 Ἰδοὺ
1290 2313 1318 2363 ό
1350 2311 1580 2375 θάνατος
1597 2311 1693 2365 τοῦ
1727 2314 1860 2384 Χρι-

1979 2309 2362 2373 uisatisumus,
2383 2306 2652 2363 Christum
2665 2309 2932 2363 induimus
2961 2312 3001 2368 '.
3029 2310 3268 2364 Christus
3295 2307 3550 2380 porroest

292 2397 442 2462 στοῦ,
483 2399 601 2469 ἦτοι
644 2401 672 2452 6
724 2399 975 2467 σταυρὸς,
1021 2401 1118 2471 τὴν
1169 2402 1532 2456 ὲνυπόστατον
1580 2402 1674 2456 τοῦ
1723 2403 1858 2456 Θεοῦ

1979 2399 2060 2453 Dei
2101 2401 2266 2454 virtus
2305 2407 2352 2453 et
2381 2400 2642 2465 sapientia
2680 2399 2806 2455 ’.En
2824 2415 2932 2468 quo
2957 2409 3115 2469 pacto
3148 2402 3349 2456 Christi
3383 2417 3548 2464 mors,

291 2492 482 2560 σοφίαν
533 2492 628 2544 καὶ
681 2491 912 2562 δύναμιν
960 2495 1107 2562 ἡμᾶς
1165 2493 1478 2564 περιέϐαλε.
1517 2493 1757 2565 Δύναμις
1799 2495 1858 2548 δὲ

1979 2491 2078 2544 sive
2106 2505 2240 2544 crux
2291 2491 2611 2546 subsistenti
2638 2489 2726 2546 Dei
2755 2492 3022 2560 sapientia
3045 2508 3145 2548 nos
3182 2493 3550 2554 vestivit..tDei

287 2580 422 2640 Θεοῦ
454 2582 601 2640 ἐστιν
629 2582 656 2632 6
681 2583 854 2649 Λόγος
902 2584 930 2635 6
975 2581 1069 2637 τοῦ
1098 2583 1406 2655 σταυροῦ,ῆ
1437 2585 1518 2637 ὃτι
1544 2585 1607 2638 τὸ
1637 2585 1863 2641 δυνατὸν

1979 2591 2149 2636 sulem
2207 2585 2386 2638 virtus
2439 2584 2667 2637 verbum
2703 2583 2887 2639 crucis
2916 2584 3143 2648 dicitur,
3181 2585 3264 2638 vel
3296 2586 3422 2654 quia
3455 2583 3550 2640 Dei

287 2668 381 2723 τοῦ
403 2669 559 2733 Θεοῦ,
590 2670 708 2739 ἦτοι
743 2672 776 2740 ἡ
816 2671 956 2726 κατὰ
1004 2670 1099 2725 τοῦ
1162 2671 1394 2729 θανάτου
1427 2673 1574 2744 νίκη,
1599 2675 1665 2728 δι’
1698 2676 1864 2729 αὐτοῦ

1979 2673 2050 2727 vis
2079 2690 2142 2728 ac
2180 2674 2448 2746 potentia,
2477 2676 2583 2731 hoc
2605 2686 2709 2741 est,
2742 2677 2972 2730 victoria
2999 2675 3265 2732 adversus
3298 2689 3548 2741 mortem,

287 2762 419 2832 ἡμῖν
451 2760 857 2832 πεφανέρωται,
890 2762 923 2832 ἢ
952 2763 1056 2826 ὅτι,
1112 2761 1302 2833 ὥσπερ
1331 2763 1399 2818 τά
1443 2767 1690 2836 τέσσαρα
1719 2767 1867 2838 ἀκρα

1979 2748 2068 2830 per
2095 2776 2215 2816 eam
2249 2762 2410 2816 nobis
2436 2763 2792 2818 manifestata
2822 2773 2936 2830 est;
2973 2763 3055 2817 vel
3075 2763 3227 2832 quia,
3247 2763 3393 2817 sicut
3419 2777 3554 2832 qua-

287 2850 380 2906 τοῦ
407 2850 640 2923 σταυροῦ
672 2852 762 2905 διὰ
791 2851 886 2904 τοῦ
923 2853 1093 2922 μέσου
1125 2854 1352 2924 κέντρου
1395 2855 1725 2928 κρατοῦνται
1771 2858 1868 2911 καὶ

1979 2862 2097 2905 tuor
2151 2859 2412 2906 extremae
2445 2853 2630 2908 crucis
2664 2862 2852 2923 partes
2887 2867 2982 2923 per
3013 2854 3254 2909 medium
3299 2864 3550 2908 centrum

289 2941 684 3011 συσφίγγονται
709 2976 724 3001 .
802 2941 979 3005 οὓτως
1007 2943 1095 2995 διὰ
1124 2944 1226 3014 τῆς
1255 2943 1351 2996 τοῦ
1386 2945 1522 2997 Θεοῦ
1558 2945 1865 3016 δυνάμεως,

1979 2945 2112 2998 inter
2154 2958 2216 2998 se
2254 2944 2537 3001 cobazrent
2567 2951 2622 2998 et
2658 2946 3147 3014 constringuntur,
3207 2945 3279 2998 ita
3321 2959 3417 3014 per
3461 2945 3552 2999 Dei

286 3033 349 3087 τό
395 3049 456 3087 τε
517 3031 651 3102 ὕψος
706 3033 801 3086 καὶ
847 3032 910 3086 τὸ
944 3032 1128 3104 βάθος,
1181 3035 1354 3106 μῆκός
1393 3052 1451 3088 τε
1497 3037 1591 3090 καὶ
1640 3037 1864 3106 πλάτος,

1979 3035 2264 3104 potentiam
2303 3035 2618 3090 sublimitas
2675 3042 2729 3090 et
2759 3034 3128 3105 profunditas,
3187 3035 3472 3106 longitudo
3499 3046 3554 3090 et

287 3123 409 3194 ἦτοι
479 3125 630 3177 πᾶσα
695 3125 866 3195 ὁρατή
941 3140 1000 3178 τε
1063 3124 1158 3180 καὶ
1221 3126 1452 3198 ἀόρατος
1500 3127 1676 3192 κτίσις
1738 3146 1866 3182 συν-

1979 3126 2231 3188 latitudo,
2282 3127 2385 3180 hoc
2434 3133 2540 3190 est,
2597 3125 2780 3180 omnis
2816 3137 2928 3180 tam
2997 3127 3232 3182 visibilis
3265 3141 3427 3198 quam
3466 3127 3554 3180 itt-

288 3213 495 3293 ιχεται.

359 3301 527 3371 οὗτος
553 3307 687 3378 ἡμῖν
719 3311 946 3378 σημεῖον
1109 3309 1322 3365 δέδοται
1353 3312 1444 3364 ἐπὶ
1467 3311 1560 3365 τοῦ
1588 3311 1863 3382 μετώπου,

285 3395 346 3450 ὃν
372 3396 573 3467 τρόπον
591 3397 668 3467 τῷ
683 3398 954 3470 Ἰσραὴλή
979 3402 1278 3472 περιτομή·
1297 3401 1367 3455 δι’
1390 3402 1554 3455 αὑτοῦ
1576 3403 1685 3475 γὰρ
1700 3403 1751 3456 οἱ
1773 3420 1866 3461 πι-

289 3488 406 3551 στοὶ
433 3489 543 3542 τῶν
576 3491 824 3546 ἀπίστων
856 3491 1292 3563 ἀποδιιστάμεθα
1340 3496 1434 3548 καὶ
1457 3496 1864 3568 γνωριζόμεθα.

289 3573 459 3642 Οὗτος
489 3578 684 3655 θυρεὸς
711 3583 805 3634 καὶ
832 3582 994 3634 ὅπλον
1029 3584 1125 3635 καὶ
1151 3584 1413 3651 τρόπαιον
1448 3587 1590 3638 κατά
1639 3585 1734 3638 τοῦ
1755 3587 1870 3646 δια-

289 3671 470 3726 ϐόλου.
494 3667 662 3733 Οὗτος
683 3673 942 3749 σφραγὶς,
966 3673 1052 3724 ἴνα
1074 3673 1147 3742 μὴ
1172 3673 1296 3744 θίγῃ
1317 3673 1474 3744 ἡμῶν
1493 3676 1521 3726 6
1541 3674 1867 3745 ὀλοθρεύων,

287 3763 361 3826 ὡς
390 3765 424 3832 ἡ
454 3762 647 3834 Γραφή
685 3779 875 3832 φησιν.
907 3757 1075 3826 Οὗτος
1110 3763 1219 3816 τῶν
1245 3764 1510 3834 κειμένων
1548 3765 1866 3833 ἀνάστασις,

287 3857 396 3909 τῶν
426 3854 678 3908 ἑστώτων
720 3857 1023 3928 στήριγμα,
1050 3855 1290 3916 ἀσθενῶν
1314 3856 1610 3929 βακτηρία,
1643 3876 1868 3930 ποιμαι-

289 3948 535 4018 νομένων
575 3948 790 4018 ρἀδος,
820 3947 1261 4020 ἐπιστρεφόντων
1313 3950 1678 4020 χειραγωγία,
1732 3969 1869 4023 προ-

291 4038 606 4092 κοπτόντων
640 4037 946 4102 τελείωσις,
977 4039 1154 4110 ψυχῆς
1195 4041 1440 4114 σωτηρία
1465 4041 1559 4094 καὶ
1596 4041 1868 4111 σώματος,

291 4128 510 4182 πάντων
541 4127 650 4181 τῶν
679 4128 862 4182 κακῶν
885 4130 1277 4200 ἀποτρόπαιον,
1315 4131 1532 4190 πάντων
1573 4131 1683 4184 τῶν
1728 4132 1870 4198 ἀγα-

291 4219 403 4283 θῶν
436 4218 711 4290 πρόξενος,
748 4220 1023 4290 ἁμαρτίας
1076 4219 1376 4291 ἀναίρεσις,
1427 4219 1592 4295 φυτὸν
1631 4222 1870 4277 ἀναστά-

293 4325 454 4374 σεως,
482 4307 638 4376 ξύλον
667 4307 813 4380 ζωῆς
851 4310 1098 4365 αἰωνίου.

363 4485 504 4540 Δύτὸ
545 4484 644 4555 μὲν
675 4479 768 4538 οῦν
817 4484 878 4536 τὸ
927 4484 1108 4555 τίμιον
1158 4483 1315 4550 ξύλον

295 4578 389 4631 καὶ
423 4576 743 4645 σεϐάσμιον,
777 4577 836 4628 ὲν
859 4569 903 4643 ᾧ
924 4576 1118 4628 ἑαυτὴν
1139 4576 1219 4638 εἰς
1267 4574 1457 4628 θυσίαν
1482 4576 1623 4648 ὑπὲρ
1647 4579 1804 4648 ἡμῶν
1841 4583 1870 4634 6

295 4665 527 4736 Χριστὸς
581 4666 982 4736 προσενήνοχεν
1009 4706 1023 4730 ,
1085 4666 1162 4729 ὡς
1214 4665 1470 4732 ἀγιασθὶν
1511 4671 1581 4740 τῇ
1619 4670 1729 4740 ἀφῇ
1772 4670 1867 4724 τοῦ

293 4759 452 4826 ἀγίου
482 4757 739 4832 σώματός
785 4778 845 4816 τε
875 4763 970 4816 καὶ
1010 4761 1244 4833 αἵματος
1285 4761 1706 4834 προσκυνητὼν,
1750 4763 1877 4817 τοὺς

296 4851 461 4922 ἥλους
489 4891 505 4916 ,
574 4853 676 4923 τὴν
703 4852 933 4924 λόγχην,
964 4852 1036 4906 τὰ
1076 4851 1370 4922 ἐνδύματα,
1403 4853 1499 4907 καὶ
1525 4853 1594 4906 τὰ
1628 4851 1751 4923 ἱερά
1773 4852 1874 4905 αὐ-

295 4939 390 5010 τοῦ
426 4942 761 5014 σκηνώματα
783 4959 798 4973 ·
829 4941 990 4998 ἄτινά
1025 4943 1163 5004 εἰσιν
1197 4944 1230 5014 ἡ
1266 4945 1466 5018 φάτνη,
1497 4943 1559 4996 τὸ
1588 4942 1875 5012 σπήλαιον,

296 5031 326 5100 6
355 5030 649 5101 Γοργοθᾶς,
680 5034 708 5085 6
735 5033 1002 5103 σωτήριος
1035 5069 1051 5094 ,
1113 5034 1141 5085 ό
1173 5032 1434 5097 ζωοποιὸς
1463 5033 1652 5101 τάφος,
1687 5028 1878 5102 ἠΣιὼν

297 5121 408 5192 τῶν
449 5122 786 5195 Ἐκκλησιῶν
823 5124 1139 5194 ἀκρόπολις,
1175 5125 1271 5178 καὶ
1297 5126 1365 5179 τά
1394 5127 1588 5196 ὅμοια·
1615 5125 1691 5188 ὣς
1711 5139 1876 5194 φησιν

295 5214 328 5266 6
357 5213 638 5288 θεοπάτωρ
661 5216 824 5270 Δαϐίδ
857 5231 872 5246 ·
1027 5217 1514 5286 Εἱσελευσόμεθα
1541 5218 1626 5281 εἰς
1642 5215 1713 5268 τὰ
1728 5230 1877 5280 σκη-

298 5302 540 5377 νώματα
594 5307 803 5369 αὑτοῦ,
857 5307 1371 5377 προσκυνήσομεν
1407 5309 1494 5382 εις
1550 5307 1656 5360 τὸν
1693 5301 1880 5360 τόπον

299 5390 372 5451 οὗ
403 5398 677 5464 ἔστησαν
714 5401 766 5454 οι
789 5397 971 5462 πόδες
996 5398 1203 5452 αὑτοῦ.
1226 5399 1347 5451 Ὀτι
1365 5398 1421 5451 δὲ
1444 5398 1680 5467 σταυρὸν
1709 5396 1878 5463 λέγει,

299 5487 452 5557 δηλοῖ
471 5489 534 5542 τὸ
561 5489 828 5560 ἑπόμενον
848 5505 863 5520 °
895 5489 1224 5558 Ἀνάστηθι,
1259 5490 1454 5557 Κύριε,
1479 5491 1566 5556 είς
1589 5487 1706 5556 τὴν
1732 5486 1878 5553 ἀνᾴ-

299 5581 534 5650 ,παυσίν
560 5597 698 5638 σου.
736 5583 968 5652 Ἔπεται
993 5581 1102 5652 γὰρ
1131 5580 1210 5653 τῷ
1250 5581 1468 5653 σταυρῷ
1495 5583 1529 5651 ἠ
1561 5581 1880 5644 ἀνάστασις.

1969 3213 2204 3268 visibilis
2234 3221 2512 3276 creatura,
2547 3213 2880 3267 continetur.

2047 3301 2236 3356 Crucis
2263 3304 2473 3374 signum
2507 3304 2688 3372 ﬁdeles
2722 3305 2860 3358 inter
2878 3314 2928 3358 et
2948 3305 3187 3374 inﬁdeles
3213 3307 3556 3362 discernit.—

1970 3392 2099 3448 llaec
2141 3394 2305 3450 nobis
2346 3395 2489 3465 signi
2519 3395 2642 3449 loco
2693 3395 2748 3449 in
2779 3393 2962 3450 fronte
3009 3396 3134 3451 data
3165 3406 3271 3461 est,
3300 3399 3444 3453 haud
3469 3415 3558 3454 se-

1970 3501 2071 3542 cus
2107 3500 2172 3539 ac
2203 3485 2556 3540 circumcisio
2588 3484 2800 3538 lsraeli.
2824 3487 2931 3540 Per
2969 3487 3111 3541 hanc
3135 3504 3236 3542 nos
3263 3489 3450 3544 fideles
3487 3491 3558 3546 ab

1969 3576 2286 3630 inﬁdelibus
2341 3577 2738 3644 distinguimur
2787 3587 2953 3644 atque
3001 3580 3379 3647 agnoseimur.
3429 3581 3558 3636 Haec

1971 3667 2218 3736 clypcus,
2266 3675 2572 3730 armatura,
2625 3673 2790 3735 atque
2840 3675 3102 3736 tropteum
3158 3676 3242 3723 est
3292 3668 3558 3730 adversus

1970 3757 2269 3811 diabolum.
2313 3755 2437 3810 Haec
2467 3756 2813 3825 signaculum
2843 3765 2950 3822 est,
2981 3773 3050 3812 ne
3086 3773 3189 3812 nos
3227 3761 3559 3816 extermina-

1972 3857 2058 3903 tor
2109 3850 2338 3918 angelus
2414 3856 2623 3919 tangat,
2678 3857 2735 3903 ut
2761 3850 3047 3920 Scriptura
3087 3852 3332 3921 loquitur
3361 3857 3398 3910 ⁸.
3431 3853 3558 3912 Haec

1969 3938 2274 4008 iacentium
2310 3941 2514 3994 erectio
2576 3949 2679 4004 est,
2716 3939 2990 3993 stantium
3035 3939 3437 4008 fulcimentum,
3472 3944 3557 3999 in-

1977 4031 2260 4085 ilrtnorum
2323 4031 2579 4094 baculus,
2638 4030 2824 4084 ovium
2888 4031 3064 4101 virga,
3115 4033 3557 4102 resipiscentiutn

1975 4122 2398 4181 adminiculum,
2472 4122 2891 4191 proficientium
2944 4124 3234 4192 perfectio,
3285 4125 3480 4182 animae
3507 4134 3560 4180 et

1973 4213 2222 4282 corporis
2261 4214 2434 4277 salus,
2496 4213 2764 4265 maiorum
2791 4213 3040 4265 omnium
3089 4213 3364 4288 depulsio,
3389 4215 3560 4270 bono-

1973 4319 2096 4356 rum
2130 4303 2372 4357 omnium
2408 4316 2598 4365 causa,
2630 4301 2839 4370 peccati
2868 4301 3181 4370 exstinctio,
3201 4307 3560 4363 resurrectio-

1979 4395 2064 4449 nis
2100 4395 2303 4464 planta,
2338 4393 2459 4447 vitee
2487 4401 2702 4447 internae
2733 4392 2957 4462 lignum.

1521 4487 1598 4549 ώς
1649 4487 1870 4558 ἀληθῶς
1911 4471 1956 4527 Ῑ)
2050 4485 2200 4557 Ligni
2258 4486 2429 4540 crucis
2467 4485 2732 4549 adoratio,
2775 4501 2837 4537 ac
2875 4485 3105 4539 aliorum
3158 4503 3275 4557 qua:
3318 4486 3560 4545 Christus

1976 4587 2222 4634 contactu
2253 4593 2350 4632 suo
2379 4577 2756 4646 sancti/ienuit.
2787 4606 2860 4616 —
2891 4575 3006 4632 lloc
3031 4578 3215 4648 itaque
3245 4582 3555 4648 pretiosum

1976 4685 2110 4726 sane
2135 4685 2199 4725 ac
2230 4671 2547 4727 venerabile
2579 4671 2806 4739 lignum,
2842 4669 2896 4723 in
2929 4685 3040 4739 quo
3061 4684 3122 4723 se
3164 4669 3425 4725 Christus
3460 4688 3560 4741 pro

1979 4755 2145 4811 nobis
2173 4753 2414 4809 hostiam
2451 4753 2670 4818 obtulit,
2695 4755 2774 4809 uti
2823 4755 3157 4812 sanctissimi
3192 4757 3446 4825 corporis
3470 4765 3558 4810 at-

1981 4860 2090 4916 que
2117 4847 2400 4916 sanguinis
2425 4853 2571 4901 tactu
2613 4845 3037 4914 sanctificatum.
3069 4847 3189 4914 iure
3245 4846 3402 4900 debet
3434 4846 3558 4900 ado-

1985 4937 2095 4990 rari
2123 4952 2137 4988 :
2165 4936 2418 5007 clavique
2437 4938 2659 4998 item,et
2679 4935 2890 5000 lancea,
2920 4945 2973 4989 et
3005 4935 3352 4998 indumenta,
3382 4943 3437 4989 et
3476 4951 3566 4990 sa-

1985 5045 2092 5084 cra:
2121 5030 2240 5095 ejus
2271 5031 2606 5094 mansiones,
2655 5029 2757 5085 hoc
2786 5038 2891 5092 est,
2937 5045 3194 5100 praesepe,
3231 5045 3452 5098 specus,
3475 5045 3567 5083 sa-

1986 5118 2180 5178 lutaris
2202 5116 2489 5187 Goigotha,
2529 5120 2804 5173 vivificum
2832 5119 3170 5187 sepulcrum,
3213 5117 3346 5172 Sion
3375 5116 3564 5171 Eccle-

1987 5213 2196 5267 siarum
2231 5227 2348 5271 arx.
2378 5227 2441 5266 ac
2475 5212 2699 5276 similia,
2738 5211 3194 5281 quemadmodum
3239 5209 3332 5264 Dei
3369 5225 3567 5279 parens

1997 5303 2165 5356 David
2191 5303 2401 5358 aiebat:
2437 5300 2781 5382 Introibimus
2815 5305 2868 5357 in
2897 5301 3239 5355 tabernacula
3255 5301 3367 5369 ejus
3393 5317 3410 5355 :
3439 5301 3568 5354 udo-

1993 5393 2224 5447 rabimus
2250 5395 2303 5445 in
2333 5393 2470 5458 loco,
2500 5394 2856 5448 ubisteterunt
2883 5391 3035 5461 pedes
3068 5391 3181 5459 ejus
3207 5396 3250 5445 ⁸.
3284 5389 3439 5456 Quod
3471 5405 3570 5443 au-

1994 5493 2099 5540 tem
2138 5483 2227 5539 hic
2259 5499 2478 5540 crucem
2525 5484 2816 5552 intelligat,
2852 5491 3183 5551 argumento
3209 5491 3316 5546 est,
3343 5481 3394 5535 id
3422 5479 3568 5548 quod

1993 5577 2274 5643 sequitur:
2306 5575 2497 5644 Surqe,
2533 5574 2770 5639 Domine,
2802 5573 2856 5626 in
2889 5573 3114 5639 requiem
3141 5573 3346 5629 tuam“.
3373 5571 3570 5627 Comes

383 5753 402 5806 ξ
438 5753 600 5828 ﬁunt.
625 5775 698 5824 Vt,
729 5755 783 5811 3.
859 5759 880 5790 ⁸
911 5755 1032 5818 Gal.
1077 5771 1157 5822 tu,
1187 5755 1277 5810 27.
1355 5755 1374 5788 ³
1415 5756 1580 5817 lCnr.
1612 5773 1651 5824 ι,
1679 5755 1773 5816 24.
1851 5754 1868 5787 ’⁸

1981 5752 2171 5822 od.tx,
2199 5751 2283 5812 i2.
2357 5752 2377 5784 '
2419 5752 2560 5809 Psal.
2585 5767 2768 5824 acut,
2804 5753 2856 5813 7.
2936 5755 2958 5788 ⁸
2988 5753 3124 5814 ibid.
3152 5755 3210 5817 8.
