4012 6216
379 513 386 544 ί
487 521 760 589 reﬁngens
783 528 836 572 ct
857 518 972 572 sine
996 515 1373 570 contractione
1391 528 1665 568 recreans.
1686 509 1844 571 Nam,
1874 520 1929 562 ut
1961 522 2071 562 rem

496 215 628 283 1251
1706 210 2080 273 EUTIIYMll
2125 211 2296 270 ΖΙοΛ
2313 212 2484 271 ΒΕΝΙ
3649 209 3804 273 1252

486 349 611 390 cum
660 334 846 402 prima:
891 325 1256 400 generallonls
1298 327 1515 394 adjutot‘
1551 324 1735 390 luerit,
1779 337 1949 376 novos
2006 335 2069 372 ex

2186 308 2470 390 ἐπικουρία
2501 323 2790 394 τυγχάνον,
2827 323 3048 385 καινοὺς
3073 323 3192 374 ἀντὶ
3217 320 3489 382 παλαιῶν,
3527 320 3638 371 καὶ
3665 319 3802 372 θεσ-

487 428 786 490 veteribus,
827 432 882 476 et
932 423 1142 491 divinos
1192 435 1256 474 ex
1287 419 1376 471 illo
1399 415 1543 486 quod
1571 433 1778 482 sumus,
1807 417 1924 469 sine
1948 415 2070 485 igne

2186 415 2332 478 ειδεῖς
2362 416 2483 467 ἀντὶ
2510 417 2619 468 τῶν
2651 418 2745 469 νῦν
2776 416 2948 470 ὄντων
3003 417 3325 486 ἐργάζεται,
3383 415 3566 484 χωρὶς
3600 416 3802 483 πυρὸς

2175 506 2540 576 ἀναχωνεῦον,
2575 509 2668 561 καὶ
2691 509 2981 574 ἀνακτίζον
3008 510 3133 578 δίχα
3158 506 3532 576 συντρίψεως.
3574 504 3642 558 Εἰ
3681 507 3800 575 γὰρ

487 607 725 666 breviter
756 609 1187 676 conplectamur,
1210 605 1463 674 baptismi
1484 605 1654 658 virtus
1677 600 1808 656 nihil
1825 599 1968 654 aliud
1991 606 2075 653 est

489 703 595 757 nisi
618 702 836 754 alterius
863 701 983 752 vita!
1018 699 1362 768 puriorisque
1395 697 1605 753 vivendi
1636 695 1864 749 rationis
1899 691 2074 746 foedus

489 798 634 863 quod
669 795 869 847 inimus
925 808 1045 847 cum
1091 789 1218 856 Deo,
1245 791 1396 861 quod
1457 791 1511 844 in
1579 789 1770 858 primis
1829 795 2076 846 metuen-

489 887 616 940 dum
657 893 758 947 est,
789 892 842 936 et
879 881 1556 937 omnicnra'custodienda
1597 889 1680 935 est
1731 878 1911 932 anima
1959 876 2076 930 cui-

489 993 596 1046 que
618 993 713 1031 sua
745 992 810 1029 ne
833 976 882 1028 in
909 977 1009 1029 hoc
1033 978 1174 1043 quod
1204 974 1430 1044 professi
1461 988 1667 1036 sumus,
1685 970 2074 1026 mendacesre-
2117 1044 2128 1056 θ

490 1069 930 1140 periamur.i\'am
947 1068 988 1121 si
1009 1078 1161 1136 pacta
1181 1081 1296 1135 quia
1315 1081 1435 1120 cum
1457 1065 1765 1118 hominibus
1804 1062 2073 1127 faciimus,

492 1163 634 1216 Dens
667 1161 877 1215 medius
911 1157 1188 1213 adhibitus
1229 1169 1344 1212 rata
1381 1159 1544 1211 habet
1568 1163 1733 1224 atque
1763 1154 2071 1214 conﬁrmat,

487 1262 750 1323 quantum
808 1252 1033 1305 instabit
1089 1249 1386 1328 periculum
1439 1247 1485 1302 si
1539 1263 1601 1300 ea
1659 1261 1778 1315 quae
1828 1244 1926 1312 ipsi
1968 1244 2074 1296 Deo

489 1345 714 1414 polliciti
773 1358 959 1397 sumus
1029 1325 1396 1402 violahiinus,
1456 1352 1664 1408 nosque
1718 1352 1819 1390 non
1899 1335 2074 1390 solum

489 1437 611 1489 aliis
633 1433 984 1524 criminibus,
1048 1433 1138 1487 sed
1178 1433 1279 1485 hoc
1303 1431 1462 1485 etiam
1502 1428 1804 1492 mendacio,
1842 1425 2079 1480 obstrin-

489 1541 676 1596 gemus
728 1518 986 1580 veritati?
1054 1524 1357 1577 Prmsertim
1424 1533 1543 1574 eum
1589 1521 1692 1574 alia
1749 1535 1854 1572 non
1919 1518 2076 1570 detur

489 1619 831 1686 regeneratio
899 1630 1072 1684 neque
1116 1615 1364 1676 refectio,
1438 1602 1615 1682 neque
1669 1611 1960 1682 pristinum
2020 1611 2074 1663 in

489 1719 685 1765 statum
720 1689 1152 1768 restitutio,licet
1175 1721 1292 1760 eam
1326 1707 1559 1761 maxime
1583 1704 1766 1759 multis
1787 1704 2077 1774 gemitibus

489 1812 544 1856 et
573 1799 850 1869 lacrymis,
880 1815 945 1854 ex
978 1799 1193 1866 quibus,
1245 1808 1304 1852 ut
1331 1813 1427 1867 ego
1462 1797 1678 1866 quidem
1713 1797 1888 1851 sentio
1917 1805 2080 1863 atque

492 1900 790 1966 statuo,vix
823 1899 1095 1954 cicatricis
1130 1896 1383 1950 obductio
1416 1894 1686 1962 sequitur,
1719 1894 2079 1961 inquiramtts.

460 1976 464 1978 ’
491 1994 747 2060 Sequitur
763 1991 904 2044 enim
926 1991 1081 2057 idque
1105 1989 1396 2042 credimus.
1426 1985 1579 2051 Quod
1605 1986 1648 2039 si
1675 1985 1962 2039 cicatrices
1986 1984 2082 2036 de-

494 2086 729 2148 leantur,
778 2082 1039 2152 prteclure
1080 2081 1362 2135 nobiscum
1384 2081 1596 2149 agitur,
1643 2077 2078 2147 quandoquidem

492 2186 545 2230 ct
589 2180 704 2246 ipse
731 2175 1085 2230 humanitatis
1127 2173 1361 2242 indigeo.

492 2291 731 2362 Gregorii
768 2288 960 2359 Nysam
1027 2286 1291 2362 pontiﬁcis
1329 2300 1412 2362 ex-
1445 2285 1684 2339 oratione
1719 2284 2036 2338 cateclietira
2061 2322 2077 2346 ,

1021 2360 1143 2410 item
1175 2360 1240 2409 de
1270 2356 1545 2428 baptismo.

563 2450 760 2506 Verum
791 2453 916 2520 quia
979 2447 1218 2518 mystica:
1289 2446 1548 2503 doctrina:
1611 2462 1736 2516 pars
1787 2455 1868 2500 est
1917 2446 2078 2499 etiam

491 2544 692 2598 lavacri
722 2539 1007 2603 institutio,
1034 2539 1139 2594 hoc
1173 2547 1229 2592 tu
1261 2538 1345 2590 vel
1371 2536 1704 2607 baptismum
1729 2538 1810 2590 vel
1842 2536 2082 2590 illustra-

490 2639 693 2691 tionem
741 2635 822 2688 vel
885 2632 1356 2703 regenerationem
1413 2631 1652 2700 appelles
1718 2629 1878 2684 licet:
1935 2630 2080 2683 nulla

489 2728 634 2778 enim
684 2725 823 2778 inter
869 2739 967 2778 nos
1002 2724 1066 2777 de
1099 2722 1322 2777 nomine
1357 2722 1467 2777 erit
1501 2720 1808 2775 dill‘erentia
1849 2738 1863 2774 :
1903 2735 2081 2790 operte

491 2818 723 2887 pretium
773 2819 895 2879 erit,
944 2825 1002 2868 ut
1032 2815 1098 2869 de
1132 2817 1230 2868 hoc
1267 2816 1427 2869 etiam
1460 2828 1628 2883 pauca
1673 2829 2078 2882 percurramus.

489 2910 624 2963 Cum
673 2909 815 2963 enim
859 2922 886 2959 a
917 2905 1073 2959 nobis
1125 2905 1458 2970 audiverint,
1493 2905 1619 2974 quia
1657 2908 1799 2975 quod
1853 2905 2082 2959 mortale

2179 599 2464 668 συντόμως
2488 600 2570 654 δεῖ
2597 602 2797 664 εἰπεῖν,
2839 601 3119 670 συνθήκας
3161 602 3302 670 πρὸς
3334 601 3468 652 Θεὸν
3504 599 3797 666 δευτέρου

2179 692 2316 760 βίου.
2365 695 2462 746 καὶ
2518 695 2802 758 πολιτείας
2855 695 3254 765 καθαρωτέρας
3291 694 3657 760 ὑποληπτέον
3693 694 3796 759 τὴν

2177 783 2271 836 τοῦ
2305 784 2692 856 βαπτίσματος
2723 786 2977 856 δύναμιν,
3028 789 3056 840 δ
3080 788 3145 858 δὴ
3186 790 3282 840 καὶ
3320 789 3576 857 μάλιστα
3612 786 3795 854 $451;-

2177 876 2321 940 τέον,
2352 878 2449 930 καὶ
2495 880 2644 950 πάσῃ
2679 880 2896 950 φυλακῇ
2924 882 3192 950 τηρητέον
3223 883 3324 950 τὴν
3351 880 3564 933 ἑαυτοῦ
3599 881 3795 948 ψυχὴν

2178 969 2439 1032 ἕκαστον,
2480 971 2555 1041 μὴ
2590 970 2822 1039 ψεῦσται
2847 973 2945 1041 τῆς
2981 973 3277 1041 ὁμολογίας
3333 973 3552 1041 ταύτης
3585 973 3792 1039 φαινώ-

2182 1060 2348 1128 μεθα.
2397 1059 2460 1113 Εἰ
2482 1063 2593 1132 γὰρ
2617 1063 2712 1124 τὰς
2747 1062 2883 1132 πρὸς
2913 1063 3237 1132 ἀνθρώπους
3264 1064 3578 1134 ὁμολογίας
3609 1069 3792 1132 ἐμπε-

2177 1152 2258 1204 δοῖ
2290 1151 2448 1216 Θεὸς,
2475 1153 2639 1222 μέσος
2692 1154 3097 1224 παραληφθεὶς,
3143 1157 3308 1218 πόσος
3335 1157 3363 1206 ὁ
3417 1158 3683 1217 κίνδυνος
3714 1150 3792 1210 ὦν

2182 1246 2320 1314 πρὸς
2355 1246 2517 1298 αὐτὸν
2542 1247 2779 1316 ἐθέμεθα
2838 1251 2928 1302 τὸν
2989 1251 3122 1302 Θεὸν
3182 1249 3500 1318 συνθηκῶν,
3571 1249 3791 1301 τοᾶτων

2182 1338 2510 1406 παραϐάτας
2564 1341 2943 1410 εὑρίσκεσθαι,
2986 1342 3082 1395 καὶ
3130 1342 3403 1413 μὴμόνον
3438 1341 3560 1394 τῶν
3604 1343 3794 1396 ἄλλων

2179 1431 2621 1500 ἁμαρτημάτων,
2656 1433 2792 1487 ἀλλά
2829 1434 2923 1486 καὶ
2956 1433 3121 1486 αὑτοῦ
3163 1434 3258 1486 τοῦ
3315 1434 3560 1503 ψεύδους
3601 1436 3796 1487 ὑποδί-

2184 1540 2315 1585 κους
2348 1521 2488 1578 εἶναι
2520 1528 2586 1596 τῇ
2619 1526 2870 1599 ἀληθείᾳ,
2903 1529 3000 1582 καὶ
3029 1527 3204 1581 ταῦτα
3239 1528 3341 1580 ούκ
3395 1527 3580 1596 οὔσης
3605 1529 3794 1581 δευτέ-

2184 1630 2282 1683 ρας
2345 1617 2778 1688 ἁναγεννήσεως,
2834 1620 2954 1672 οὐδὲ
2997 1620 3386 1684 ἀναπλάσεως,
3427 1620 3563 1672 οὐδὲ
3616 1622 3704 1682 εὶς
3735 1620 3798 1672 τὸ

2185 1702 2413 1770 ἀρχαῖον
2446 1707 2972 1772 ἀποκαταστάσεως,
3026 1710 3130 1763 κᾶν
3160 1710 3247 1762 ὅτι
3299 1709 3554 1780 μάλιστα
3590 1709 3796 1778 27:133.-

2182 1793 2369 1863 τῶμεν
2396 1797 2606 1866 ταύτην
2633 1799 2691 1851 ὲν
2718 1799 2936 1864 πολλοῖς
2965 1803 3298 1870 στεναγμοῖς
3333 1818 3394 1854 τε
3430 1803 3533 1854 καὶ
3571 1803 3792 1868 δακρυ-

2183 1902 2292 1950 σιν,
2334 1887 2392 1953 ἐξ
2417 1881 2492 1941 ὧν
2528 1890 2861 1955 συνούλωσις
2889 1892 2990 1961 μὲν
3037 1892 3259 1962 ἔρχεται
3311 1893 3503 1962 μόγις,
3542 1894 3698 1945 κατὰ
3727 1910 3794 1959 γε

2180 1977 2272 2030 τὸν
2313 1979 2445 2045 ἐμὸν
2469 1980 2595 2052 δρον
2619 1984 2713 2035 καὶ
2743 1986 2910 2054 νόμον
2940 2002 2954 2016 ·
2986 1984 3204 2055 ἔρχεται
3231 1985 3362 2056 γὰρ,
3395 1987 3497 2038 καὶ
3520 1985 3791 2038 πιστεύοι

2184 2087 2284 2140 μεν
2307 2087 2320 2100 ·
2357 2072 2407 2124 ει
2441 2073 2495 2125 δὲ
2525 2075 2619 2127 καὶ
2643 2075 2742 2139 τὰς
2767 2077 2933 2138 οὐλὰς
2960 2077 3345 2148 ὲξαλείςρομεν,
3377 2077 3673 2148 ἀγαπῴην
3701 2079 3785 2142 ἂν,

2181 2166 2372 2236 ἐπειδὴ
2406 2169 2502 2220 καὶ
2537 2169 2698 2232 αὐτὸς
2734 2169 2922 2241 χρῄζω
2951 2171 3390 2242 φιλανθρωπίαςε

2246 2282 2356 2336 Τοῦ
2389 2283 2647 2353 Νύσισης
2677 2283 2883 2355 ἐκντοῦ
2913 2285 3322 2354 κατηχητικοῦ
3346 2287 3546 2354 λόγου
3590 2288 3733 2355 ,περὶ

2671 2354 2777 2410 τοῦ
2819 2357 3269 2426 Βαπτισματος.

2265 2444 2410 2499 Ἀλλ’
2443 2446 2636 2519 ἐπειδὴ
2668 2448 2836 2519 μέρος
2881 2465 2931 2500 τι
2959 2447 3084 2500 τῶν⁶
3100 2447 3387 2518 μυστικῶν
3408 2448 3784 2518 διδαγμάτων

2183 2539 2278 2590 καὶ
2311 2540 2342 2608 ἡ
2402 2541 2543 2594 κατά
2577 2543 2636 2592 τὸ
2681 2541 2906 2609 λουτρόν
2940 2542 3090 2594 ἐστιν
3121 2542 3432 2610 οἰκονομία,
3473 2542 3504 2595 ὅ
3532 2546 3658 2596 εἴτε
3693 2543 3786 2612 βε-

2183 2645 2416 2699 πτισμα,
2453 2631 2564 2683 εἴτε
2595 2629 2879 2702 φώτισμα,
2913 2633 3023 2684 εἴτε
3056 2631 3497 2700 παλιγγενεσίαν
3531 2631 3784 2702 βούλοιτό

2183 2737 2262 2782 τις
2291 2719 2600 2789 ὀνομάζειν,
2631 2721 2785 2774 οὐδὲν
2832 2722 2969 2790 πρὸς
2999 2723 3098 2790 τὴν
3151 2723 3460 2791 ὀνομασίαν
3515 2723 3782 2791 διαφερό-

2187 2811 2349 2878 μεθα,
2382 2811 2566 2874 καλῶς
2595 2811 2661 2866 ἂν
2691 2812 2804 2882 ἐχοι
2836 2813 3041 2884 βραχέα
3069 2814 3200 2884 περὶ
3226 2815 3420 2867 τούτου
3460 2815 3780 2880 ἰεξελθεῖν.

2196 2903 2452 2956 Ἐπειδὰν
2481 2903 2590 2974 γὰρ
2617 2903 2745 2976 παρ’
2764 2906 2926 2975 ἡμῶν
2951 2906 3013 2959 τὸ
3031 2906 3282 2959 τοιοῦτον
3304 2906 3477 2960 ἀκούι
3493 2917 3658 2968 ωσιν,
3680 2911 3782 2970 ὅτι,

490 3010 615 3062 cst,
678 2999 742 3051 ad
802 2998 968 3049 vitam
1029 2998 1269 3062 transit,
1312 3011 1432 3051 esse
1493 3006 1954 3059 consentaneum,
2025 3006 2078 3050 ut

2186 2995 2281 3048 τοῦ
2323 2996 2520 3066 θνητοῦ
2558 2998 2697 3067 πρὸς
2750 2999 2898 3068 ζωὴν
2954 2999 3412 3070 μεταϐαίνοντος,
3474 3001 3784 3054 ἀκόλουθον

492 3109 612 3144 cum
657 3092 828 3159 prima
891 3091 1170 3158 generatio
1219 3091 1284 3142 ad
1343 3089 1509 3142 vitam
1543 3090 1828 3143 mortalem
1865 3072 2073 3154 'ducat,

493 3182 662 3235 altera
721 3180 1001 3249 generatio
1083 3176 1406 3245 reperiatur,
1489 3193 1609 3244 qua:
1691 3193 1792 3231 nec
1858 3179 2078 3246 incipiat

492 3294 520 3328 a
555 3274 931 3341 corruptione,
975 3284 1151 3333 neque
1204 3270 1256 3322 in
1291 3269 1568 3321 interitum
1601 3270 1833 3334 desinat,
1864 3271 1957 3324 sed
1983 3285 2076 3338 ge-

491 3367 662 3420 nitum
685 3368 749 3417 ad
771 3365 936 3416 vitam
957 3363 1120 3415 ducat
1147 3362 1595 3426 immortalem,ut
1614 3364 2076 3429 quemadmodum

493 3475 559 3513 ex
593 3457 805 3511 mortali
833 3455 1184 3525 generatione
1209 3456 1520 3509 necessario
1552 3459 1796 3510 nascitur
1821 3458 1964 3526 quod
1995 3467 2078 3512 est

496 3551 744 3614 mortale,
775 3551 854 3603 sic
881 3548 1027 3616 quod
1067 3564 1134 3601 ex
1188 3548 1539 3617 generatione
1584 3563 1702 3616 quae
1753 3564 1857 3602 non
1912 3551 2079 3604 sentit

495 3646 773 3699 interitum
805 3643 1050 3696 nascitur
1079 3641 1430 3708 praestantius
1453 3641 1698 3709 sitquam
1716 3652 1774 3694 ut
1803 3641 2076 3696 interitum

493 3754 563 3791 ex
589 3749 766 3790 morte
789 3735 1056 3804 patiatur,
1093 3734 1210 3788 hinc
1240 3741 1292 3787 et
1319 3733 1516 3786 similia
1555 3747 1677 3787 cum
1712 3733 2082 3788 intellexerint

497 3828 825 3895 modumque
843 3824 1152 3890 didicerint,
1187 3837 1377 3893 nempe
1403 3825 1772 3892 precationem
1807 3824 1873 3878 ad
1911 3823 2076 3877 Deum

493 3933 547 3975 et
573 3919 762 3990 gratia
790 3917 1029 3972 cmlestis
1060 3915 1457 3970 invocationem
1487 3925 1540 3970 et
1587 3931 1782 3984 aquam
1839 3927 1893 3970 et
1920 3917 2078 3971 [idem

493 4027 615 4068 esse
663 4013 861 4080 quibus
892 4011 1314 4080 regenerationis
1365 4011 1682 4081 mysterium
1769 4009 2076 4078 expleatur,

494 4107 637 4160 haud
717 4104 878 4158 facile
952 4105 1292 4158 adducuntur
1347 4113 1406 4157 ut
1456 4104 1730 4158 credant:
1787 4103 2081 4174 respiciunt

491 4195 640 4249 enim
670 4194 738 4247 ad
785 4195 836 4247 id
864 4193 1009 4262 quod
1036 4195 1301 4258 cernitur,
1340 4207 1437 4247 nec
1487 4192 1833 4262 promissioni
1889 4205 2081 4264 putant

497 4282 824 4349 respondere
852 4282 994 4349 quod
1030 4283 1240 4337 ratione
1272 4297 1536 4352 corporea
1582 4285 1878 4355 peragitur.
1936 4285 2080 4351 Quo-

2183 3080 2275 3154 ἦν,
2297 3084 2396 3154 τῆς
2428 3084 2654 3155 πρώτης
2685 3087 2955 3153 γενέσεως
2996 3089 3089 3140 ἐπὶ
3116 3088 3205 3141 τὸν
3248 3088 3449 3156 θνητὸν
3487 3091 3784 3160 παραγού-

2186 3193 2285 3245 σης
2318 3175 2455 3244 βίον,
2504 3177 2700 3244 ἑτέραν
2743 3179 3001 3248 γέννησιν
3045 3178 3428 3249 ἐξευρεθῆναι,
3498 3184 3643 3251 μήτε
3679 3183 3784 3234 ἀπὸ

2185 3269 2396 3337 φθορᾶς
2433 3269 2769 3340 ἀρχομένην,
2806 3271 2946 3339 μήτε
2979 3271 3058 3333 είς
3092 3271 3299 3340 φθορὰν
3321 3273 3781 3343 καταλήγουσαν,

2185 3361 2301 3414 ἀλλ’
2325 3362 2406 3422 είς
2432 3361 2701 3414 ἀθάνατον
2727 3361 2874 3432 ζωὴν
2903 3363 2994 3415 τὸν
3038 3366 3445 3434 γεγεννημένον
3492 3367 3783 3435 παραγου-

2187 3471 2309 3519 σαν,
2339 3453 2407 3506 ἵν’
2436 3452 2627 3524 ὥσπερ
2648 3455 2709 3506 ὲκ
2734 3453 2937 3524 θνητῆς
2962 3456 3272 3526 γεννήσεως
3305 3456 3510 3525 θνητὸν
3529 3457 3589 3519 ἐξ
3617 3459 3782 3523 ἀνᾶγ-

2187 3561 2292 3613 κης
2326 3545 2386 3598 τὸ
2417 3544 2824 3614 γεγεννημένον
2859 3545 3094 3616 ὑπέστη,
3123 3545 3301 3609 οὕτως
3332 3548 3518 3615 ἐκητῆς
3555 3549 3638 3617 μὴ
3679 3566 3784 3600 πα-

2189 3638 2563 3708 ραδεχομένης
2584 3637 2866 3706 φθορὰντὸ
2890 3637 3236 3708 γεννώμενον
3260 3641 3512 3709 κρεῖττον
3540 3641 3783 3710 γένηται

2185 3729 2285 3798 τῆς
2319 3733 2384 3781 ὲκ
2413 3728 2507 3781 τοῦ
2551 3729 2786 3782 θανάτου
2839 3729 3053 3799 φθορᾶς
3088 3747 3102 3763 ·
3159 3731 3383 3786 ἐπειδὰν
3416 3727 3514 3785 οὖν
3571 3733 3784 3785 τούτων

2187 3824 2283 3875 καὶ
2315 3820 2423 3873 τῶν
2451 3820 2715 3874 τοιούτων
2745 3822 3047 3887 ἀκούσωσι,
3082 3824 3180 3878 καὶ
3211 3823 3671 3894 προσδιδαχθῶσι
3693 3826 3781 3878 τὸν

2185 3913 2414 3984 τρόπον,
2438 3915 2521 3967 ὅτι
2550 3914 2686 3984 εὐχὴ
2712 3922 2851 3986 πρὸς
2879 3915 3037 3980 Θεὸν,
3068 3917 3166 3970 καὶ
3221 3918 3447 3987 χάριτος
3506 3921 3778 3988 ούρανξας

2187 4005 2500 4082 ιπίκλησις,
2529 4007 2625 4061 καὶ
2657 4006 2825 4078 ὕδωρ,
2861 4009 2958 4062 καὶ
2992 4010 3181 4072 πίστις
3216 4011 3355 4073 ἐστὶ,
3388 4010 3458 4064 δι’
3485 4005 3570 4066 ὧν
3597 4014 3663 4065 τδ
3683 4014 3781 4080 τῆς

2187 4101 2604 4171 ἀναγεννήσεως
2661 4099 2967 4170 πληροῦται
3050 4102 3375 4171 μυστήριον,
3459 4103 3782 4166 δυσπειθῶς

2187 4191 2378 4260 ἔχουσι
2413 4191 2551 4262 πρὸς
2582 4193 2640 4244 τὸ
2677 4191 3010 4260 φαινόμενον
3042 4191 3356 4261 βλέποντες,
3395 4193 3475 4256 ὡς
3527 4196 3594 4246 οὐ
3642 4212 3782 4265 συμ-

2187 4283 2374 4337 ϐαῖνον
2415 4287 2481 4354 τῇ
2508 4285 2815 4356 ἀπαγγελίᾳ
2847 4284 2908 4337 τὺ
2959 4286 3296 4354 σωματικῶς
3341 4288 3778 4356 ὲνεργούμενον.

494 4373 655 4424 modo
678 4371 847 4433 enim,
866 4371 1139 4439 inquiunt,
1168 4372 1281 4427 ﬁcri
1301 4381 1474 4441 potest
1495 4383 1552 4426 ut
1571 4389 1758 4443 preces
1777 4384 1833 4429 et
1881 4375 2076 4430 divinae

2186 4374 2308 4434 Πῶς
2333 4374 2460 4444 γὰρ,
2521 4374 2712 4445 φησὶν,
2765 4375 2898 4446 εὐχὴ
2958 4377 3061 4428 καὶ·
3113 4376 3396 4446 δυνάμεως
3439 4378 3601 4441 θείας
3659 4381 3780 4432 ἐπὶ-

494 4462 715 4515 virtutis
766 4460 1036 4515 invocatio
1063 4462 1113 4514 in
1149 4477 1286 4530 aqua
1320 4461 1482 4528 facta,
1523 4464 1647 4518 vita:
1705 4464 1776 4520 sit
1802 4480 1965 4520 causa
2011 4466 2075 4520 iis

492 4554 584 4622 qui
641 4553 919 4606 initiantur
948 4552 970 4604 ?
1004 4553 1081 4605 Ad
1114 4568 1274 4618 quos,
1305 4553 1406 4608 nisi
1456 4555 1742 4611 admodum
1801 4556 2077 4612 obstinate

491 4659 552 4697 se
584 4645 803 4709 habent,
836 4660 932 4711 pro
973 4645 1204 4701 instituti
1275 4646 1436 4716 hujus
1487 4649 1878 4716 approbatione
1945 4650 2072 4703 sim-

493 4736 615 4800 plex
650 4736 783 4789 satis
817 4735 921 4790 erit
958 4737 1260 4806 responsio.
1324 4738 1434 4792 Nos
1463 4739 1604 4793 enim
1637 4739 1872 4793 vicissim
1927 4756 2078 4810 qua?-

496 4843 674 4880 remus
703 4829 974 4897 quomodo
1013 4830 1104 4882 ﬁat
1138 4830 1190 4884 in
1215 4844 1380 4885 carne
1413 4830 1712 4899 generatio.
1749 4830 1886 4884 Nam
1951 4848 2074 4886 cum

493 4919 744 4972 omnibus
774 4920 1120 4976 manifestum
1151 4923 1222 4976 sit
1275 4921 1403 4976 illud
1442 4921 1716 4976 hominem
1755 4921 1894 4984 ﬁeri,
1933 4923 2076 4991 quod

491 5013 854 5066 constituendi
889 5015 1134 5067 animalis
1165 5015 1341 5082 gratia
1383 5015 1650 5083 injicitur,
1713 5016 1861 5070 nulla
1893 5027 2075 5072 tamen

493 5104 677 5158 aﬂerri
709 5106 846 5159 ratio
874 5115 1071 5174 potest,
1107 5121 1211 5174 qua
1237 5108 1287 5160 id
1323 5117 1379 5160 ut
1432 5105 1696 5160 eiliciatur
1729 5107 2080 5175 probabiliter

490 5197 808 5268 persuaderi
827 5207 1010 5266 queat.
1029 5199 1167 5263 Quid
1188 5199 1331 5252 enim
1356 5214 1644 5254 commune
1667 5200 1828 5254 habet
1847 5203 2080 5255 hominis

490 5290 756 5354 definitio,
771 5290 815 5343 si
839 5304 962 5344 cum
993 5290 1106 5356 illa,
1139 5305 1260 5358 qua:
1291 5289 1535 5344 cernitur
1556 5293 1816 5359 qualitate
1850 5307 2069 5360 compa-

491 5394 640 5436 retur
666 5383 687 5436 ?
715 5382 887 5436 Homo
917 5383 1059 5435 enim
1093 5384 1306 5436 ratione
1337 5382 1596 5452 prmditus
1613 5393 1716 5446 est,
1747 5394 1800 5439 et
1831 5386 2080 5454 cogitan-

489 5477 540 5530 di
560 5475 666 5529 vim
689 5474 870 5529 habet.
890 5473 1024 5528 lllud
1047 5485 1224 5528 autem
1254 5475 1306 5527 in
1333 5473 1551 5527 humida
1574 5475 1805 5541 quadam
1831 5475 2080 5530 consistit

488 5569 767 5634 qualitate.
803 5567 914 5622 Nec
945 5566 1179 5635 amplius
1210 5568 1507 5637 quidquam
1554 5582 1617 5621 eo
1653 5567 1796 5636 quod
1829 5569 2078 5622 cernitur

486 5658 815 5723 cogitatione
877 5659 1206 5737 praecipitur.
1267 5659 1418 5724 Quod
1452 5659 2072 5740 igiturconsentaneum

2184 4467 2376 4536 κλησις
2427 4469 2521 4520 ἐπὶ
2574 4468 2668 4522 τοῦ
2731 4468 2920 4533 ὓδατος
2989 4469 3256 4540 γενομένη
3320 4471 3465 4541 ζωῆς
3529 4473 3779 4543 ἀρχηγὸς

2182 4561 2295 4619 τοῖς
2356 4559 2609 4631 μυηθεῖσι
2673 4560 2916 4629 γίνεται;
2963 4563 3109 4632 Πρὸς
3165 4561 3281 4627 οὒς,
3334 4564 3498 4633 εῖπερ
3536 4566 3616 4634 μὴ
3662 4566 3780 4618 λίαν

2185 4651 2360 4721 ἔχοιεν
2398 4651 2733 4718 ἀντιτύπως,
2782 4653 2989 4717 ἁπλοῦς
3018 4654 3242 4726 ἐξαρκεί
3275 4656 3437 4725 λόγος
3482 4660 3634 4727 πρὸς
3683 4661 3780 4727 τὴν

2185 4743 2279 4794 τοῦ
2311 4742 2579 4813 δόγματτς
2611 4745 2837 4814 ἀγαγεῖν
2864 4746 3294 4814 συγκατάθεσιν.
3361 4750 3781 4819 Ἀντερωτήσοο

2191 4852 2311 4904 μεν,
2347 4835 2442 4888 τοῦ
2484 4837 2688 4905 τρόπου
2745 4837 2847 4906 τῆς
2877 4839 3021 4891 κατά
3079 4839 3261 4908 σάρκα
3301 4841 3578 4906 γενέσεως
3615 4845 3780 4895 πᾶσιν

2184 4928 2337 4990 ὕντος
2363 4928 2655 4997 προδήλου,
2693 4931 2817 4992 Πῶς
2841 4931 3130 5002 ἄνθρωπος
3159 4933 3337 4986 ἐκεῖνο
3371 4934 3594 4999 γίνεται
3621 4938 3684 4987 τὸ
3705 4938 3779 4996 εἰς

2187 5018 2446 5088 ἀφορμὴν
2477 5020 2574 5088 τῆς
2609 5022 2923 5084 συστάσεως
2951 5022 3044 5074 τοῦ
3080 5022 3220 5086 ζώου
3252 5026 3776 5094 καταϐαλλόμενοη

2200 5109 2364 5161 Ἀλλά
2388 5111 2493 5179 μὴν
2516 5110 2693 5173 οὐδεὶς
2732 5109 2820 5162 ἐπ’
2848 5113 3058 5164 ἐκείνου
3090 5112 3245 5180 λόγος
3277 5117 3432 5166 ἐστὶν
3471 5118 3499 5167 ὁ
3525 5116 3778 5187 λογισμῷ

2187 5214 2297 5250 τινι
2328 5198 2389 5250 τὸ
2430 5199 2659 5250 πιθανὸν
2681 5200 3043 5270 ἐξευρίσκων.
3075 5201 3141 5254 Τί
3164 5203 3272 5272 γὰρ
3302 5202 3482 5256 κοινὸν
3512 5206 3632 5275 ἔχει
3658 5210 3778 5277 ὀρος

2189 5291 2484 5360 ἀνθρώπου
2505 5292 2645 5361 πρὸς
2665 5292 2764 5360 τὴν
2792 5295 2851 5344 ὲν
2874 5296 3074 5364 ἐκείνῳ
3091 5295 3476 5366 θεωρουμένην
3511 5299 3775 5367 ποιότητα

2193 5386 2667 5455 συγκρινόμενος;
2727 5386 3060 5456 ’Ἄνθρωπος
3121 5389 3222 5458 μὲν
3279 5393 3389 5460 γὰρ
3447 5391 3670 5457 λογικόν
3729 5409 3773 5445 τι

2190 5476 2378 5546 χρῆμα
2424 5477 2520 5528 καὶ
2572 5477 2917 5547 διανοητικόν
2970 5481 3142 5543 ἐστιν,
3198 5483 3380 5534 ικεῖνο
3423 5481 3480 5534 δὲ
3519 5486 3582 5534 ἐν
3639 5485 3771 5552 ὑγρᾷ

2189 5586 2298 5619 τινι
2333 5568 2621 5638 θεωρεῖται
2674 5571 2951 5641 ποιότητι,
2998 5573 3094 5625 καὶ
3126 5575 3291 5626 πλέον
3317 5575 3473 5626 οὐδὲν
3524 5576 3624 5628 τοῦ
3656 5577 3770 5630 κατ’

2191 5661 2443 5730 αἴσθησιν
2470 5662 2752 5732 ὁρωμένου
2789 5664 3210 5734 καταλαμϐάνει
3237 5669 3268 5730 ἡ
3293 5669 3494 5722 ἔννοια.
3533 5671 3639 5721 Ἢν
3669 5673 3770 5722 τοί-
