4022 6224
300 211 441 271 1253

1192 226 1558 284 PANUPIJA
1607 231 2063 297 DUGMATICA.
2109 262 2178 272 —
2212 241 2359 303 TI'I‘.
2399 243 2575 307 XXV.

3431 261 3567 343 1254

289 334 389 369 νυν
423 317 725 390 ἀπόκρισιν
751 322 900 387 είκός
934 336 1081 381 εστιν
1120 329 1254 398 ἡμῖν
1285 332 1532 398 γίνεσθαι
1587 338 1741 407 παρά
1769 338 1838 391 τῶ

290 410 689 435 ι-..-..ι)ι-.-..,.
746 415 802 435 η-
878 417 949 435 ᾲίο
1038 419 1051 435 9
1221 421 1277 435 α’
1321 424 1334 435 ι
1421 425 1432 435 .
1698 430 1711 435 -

1944 378 1950 401 ι
1982 352 2087 416 est,
2110 356 2167 400 ut
2187 348 2261 400 illi
2284 351 2437 405 nobis
2463 350 2844 420 respondeant,
2871 356 2994 411 dum
3017 360 3555 435 abipsisqumrimns'

289 410 711 479 ἐρωτηθέντων,
743 415 825 469 ὅτι
870 417 988 479 πῶς
1034 419 1184 473 ἐστιν
1218 421 1279 485 ἐξ
1318 424 1529 477 ἐκείνου
1560 430 1753 483 πιστὸν
1788 447 1878 484 συ-

287 501 492 570 στῆναι
519 504 835 575 ἄνθρωπον,
862 509 1021 564 ¹ιιοΰτο
1050 511 1146 565 καὶ
1176 514 1306 583 περὶ
1331 518 1431 585 τῆς
1462 517 1534 570 δι’
1561 518 1754 581 ὓδατος
1780 522 1875 576 καὶ

286 593 617 664 Πνεύματος
666 601 965 671 γινομένης
1027 605 1446 677 άναγεννήσεως
1501 610 1874 682 ἐρωτηθέντες

282 686 764 757 ἀποκρινούμεθα.
809 691 964 746 Ἐκεῖ
994 697 1103 767 γὰρ
1128 698 1423 770 πρόχειρόν
1476 702 1626 756 ἐστιν
1656 705 1872 776 ἑκάστῳ

279 776 399 828 τῶν
436 778 812 849 ἢρωτημένων
839 785 1046 850 εἰπεῖν,
1105 789 1189 841 ὃτι
1232 789 1356 863 θείᾳ
1413 792 1650 863 δυνάμει
1688 797 1867 850 ἐκεῖνο

276 866 575 938 ἄνθρωπος
601 873 835 937 γίνεται,
860 870 927 945 ἦς
977 877 1052 948 μὴ
1098 882 1386 953 παρούσης
1430 885 1690 955 ἀκίνητόν
1721 888 1870 941 ἐστιν

275 957 469 1012 ἐκεῖνο
494 961 589 1013 καὶ
617 963 1007 1036 ἁνενέργητον.
1042 972 1103 1023 Ei
1131 972 1226 1026 οὖν
1253 976 1371 1027 ἐκεῖ
1390 976 1449 1028 ού
1474 976 1535 1030 τὸ
1570 978 1866 1047 ὑποκείμε-

272 1067 375 1103 νον
406 1055 554 1105 ποιεῖ
587 1055 678 1107 τὸν
715 1057 1030 1129 ἄνθρωπον,
1065 1064 1185 1118 ἀλλ’
1218 1067 1249 1135 ἡ
1295 1066 1419 1121 θεία
1447 1067 1688 1141 δύναμις
1726 1074 1866 1143 πρὸς

270 1144 577 1212 ἀνθρώπου
604 1147 769 1215 φύσιν
798 1157 1090 1220 μεταποιεῖ
1122 1157 1180 1209 τὸ
1204 1158 1556 1229 φαινόμενον,
1589 1164 1687 1234 τῆς
1708 1166 1867 1235 ἐσχάο

267 1250 379 1304 της
408 1235 471 1287 ἂν
488 1235 573 1304 εἴη
591 1237 1010 1313 ἀγνωμοσύνης,
1030 1246 1146 1298 ἐκεῖ
1165 1249 1440 1312 τοσαύτην
1456 1251 1533 1320 τῷ
1556 1252 1673 1323 Θεῷ
1696 1272 1863 1325 προσ-

269 1325 701 1395 μαρτυροῦντας
726 1327 960 1399 δύναμιν
992 1334 1203 1388 ἀτονεῖν
1250 1339 1307 1389 ἐν
1355 1338 1433 1409 τῷ
1489 1341 1652 1411 μέρει
1684 1345 1859 1415 τούτῳ

265 1418 339 1468 τὸ
375 1418 538 1470 Θεῖον
561 1417 772 1474 οἴεσθαι
806 1424 944 1494 πρὸς
973 1425 1073 1496 τὴν
1107 1426 1466 1500 ἐκπλήρωσιν
1495 1434 1591 1486 τοῦ
1614 1434 1860 1507 θελήμα-

264 1526 391 1571 στος.
422 1509 487 1562 Τί
517 1511 717 1575 κοινὸν,
769 1515 956 1582 φησὶν,
984 1514 1138 1571 ὕδατι
1173 1520 1267 1572 καὶ
1296 1520 1447 1592 (toﬁ;
1482 1524 1547 1577 Τί
1570 1525 1627 1578 δὲ
1652 1527 1852 1594 κοινὸν,

266 1598 419 1666 πρὸς
469 1601 669 1665 αὐτοὺς
720 1603 983 1674 ἐροῦμεν,
1016 1607 1279 1678 ὑγρότητι
1329 1614 1423 1665 καὶ
1477 1615 1647 1668 εικόνι
1680 1616 1851 1684 Θεοῠ;

1978 437 2074 505 qui
2117 438 2233 493 ﬁeri
2264 443 2433 511 possit
2468 454 2523 496 ut
2551 458 2619 499 ex
2653 460 2714 500 ea
2738 450 2898 504 homo
2930 454 3311 524 constituatur,
3351 456 3400 513 id
3435 462 3565 518 item

1979 542 2077 583 nos
2133 533 2608 600 respondebimus,
2653 554 2773 605 cum
2834 556 2899 596 ex
2968 547 3123 600 nobis
3170 561 3417 615 quzetunt
3458 571 3566 621 quo

1975 628 2132 686 pacto
2155 622 2246 676 iiat
2266 638 2360 691 per
2380 642 2573 695 aquam
2594 636 3236 700 regeneratidJlliecnim
3258 642 3564 712 promptum
3601 692 3608 711 ,

1972 720 2052 764 est
2086 713 2378 785 unicuique
2408 724 2753 789 respondere,
2783 726 2966 781 divina
3008 735 3207 785 virtute
3236 735 3361 788 illud
3390 738 3564 791 homi-

1974 817 2093 855 nem
2138 806 2275 871 tieri,
2330 811 2473 878 quod
2510 812 2750 883 alioquin
2812 802 3084 875 immobile
3136 833 3191 878 et
3262 827 3413 882 iners
3465 831 3560 895 sit,

1969 894 2077 948 nisi
2116 896 2205 949 illa
2243 897 2402 955 adsit.
2452 902 2815 967 Quamobrem
2849 896 2897 963 si
2934 911 3063 965 illic.
3093 929 3200 985 non
3235 921 3376 983 quod
3428 922 3560 974 sub-

1965 983 2167 1052 jectum
2195 1000 2277 1044 est
2310 991 2583 1063 hominem
2617 996 2772 1063 facit,
2801 1001 2895 1079 sed
2927 1003 3127 1079 divina
3170 983 3341 1061 virtus
3373 1010 3559 1066 inbo-

1968 1068 2128 1123 minis
2148 1082 2394 1126 naturam
2417 1087 2587 1130 mutat
2611 1080 2659 1131 id
2684 1085 2825 1147 quod
2844 1072 3308 1163 cerniturmoune
3329 1108 3557 1148 summa:

1965 1150 2192 1207 inscitia:
2247 1156 2318 1209 sit
2363 1167 2568 1213 tantam
2630 1162 2683 1216 in
2741 1178 2804 1218 ea
2856 1150 3072 1236 reiDei
3132 1160 3382 1227 virtutem
3435 1193 3557 1230 esse

1964 1237 2293 1301 contiteri,in
2318 1242 2418 1296 hoc
2432 1252 2610 1299 autem
2629 1248 2883 1303 eumdem
2902 1266 3022 1305 esse
3069 1262 3175 1306 tam
3199 1255 3556 1326 imbecillum,

1966 1327 2022 1370 ut
2050 1322 2193 1389 quod
2221 1325 2333 1379 vult
2389 1326 2742 1396 explerenon
2774 1326 3012 1401 "possit?
3053 1338 3191 1402 Quid
3242 1322 3551 1408 commune,

1962 1414 2411 1481 inquiunt,babet
2429 1434 2575 1501 aqua
2594 1439 2719 1478 cum
2741 1425 2912 1494 gratia
2939 1428 3183 1494 ?Quibus
3218 1446 3316 1485 nos
3339 1444 3552 1497 contra,

1959 1500 2096 1566 Quid
2124 1504 2283 1560 habet
2334 1500 2621 1566 curuamine
2648 1506 2940 1571 bnmiditas
2975 1533 3099 1573 cum
3137 1519 3368 1590 imagine
3410 1523 3557 1583 Dei?

1957 1593 2164 1648 Acillic
2189 1597 2385 1653 mirum
2424 1616 2531 1656 non
2566 1615 2674 1689 est,
2707 1606 2752 1660 si
2786 1606 2879 1660 Dei
2936 1598 3215 1677 voluntate
3258 1615 3309 1666 in
3347 1615 3551 1671 animai

274 1691 431 1745 ’Δλλ⁹
458 1694 615 1747 οὐδὲν
644 1696 765 1749 ἐκεῖ
791 1696 851 1749 τὸ
883 1699 1209 1769 παράδοξον,
1234 1704 1305 1767 εί,
1331 1704 1467 1758 Θεοῦ
1500 1707 1838 1778 βουλομένου

1961 1684 2444 1751 praeclarissimum
2526 1684 2819 1749 lttitnidltas
2871 1684 3255 1756 commutatur.
3290 1728 3295 1733 ι
3328 1704 3411 1759 Et
3454 1708 3547 1762 bic

259 1784 413 1856 πρὸς
436 1784 498 1838 τὸ
524 1787 864 1857 τιμιώτατον
894 1788 1038 1855 ζῶον
1078 1792 1138 1846 τὸ
1190 1795 1361 1866 ὑγρὸν
1399 1799 1741 1866 μεταϐαίνει.
1778 1802 1853 1855 Τδ

259 1873 392 1927 ἴσον
419 1875 514 1928 καὶ
547 1876 643 1929 ἐπὶ
666 1877 859 1932 τούτου
892 1881 1099 1951 φαμὲν,
1134 1885 1301 1954 μηδὲν
1331 1880 1475 1939 εἶναι
1505 1887 1847 1957 θαυμαστὸν,

255 1967 313 2018 εί
345 1965 467 2020 θεία
499 1967 784 2038 δυνάμεως
824 1971 1106 2043 παρουσία
1142 1973 1281 2044 πρὸς
1310 1975 1627 2046 ἀφθαρσίαν
1679 1996 1851 2050 μετα·

254 2060 527 2124 σκευάζει
556 2060 618 2114 τὸ
653 2064 711 2115 ἐν
734 2065 802 2134 τῇ
834 2063 1051 2135 φθαρτῇ
1104 2064 1270 2134 φύσει
1322 2068 1640 2137 γενόμενον.
1687 2071 1849 2126 Ἀλλᾶ

253 2151 527 2220 ζητοῦσιν
559 2154 839 2220 ἀπόδειξιν
873 2154 969 2209 τοῦ
1006 2160 1265 2229 παρεῖναι
1292 2160 1353 2212 τὸ
1379 2160 1535 2214 Θεῖον
1561 2162 1655 2215 ἐπὶ
1688 2164 1845 2233 ἁγια-

254 2239 395 2310 σμῷ
426 2243 536 2294 τῶν
566 2244 872 2314 γινομένων
900 2246 1260 2317 καλούμενον.
1311 2249 1374 2301 Ἦ
1398 2252 1716 2321 κατασκευὴ
1747 2251 1845 2305 τοῦ

250 2334 371 2404 ’τὴν
400 2333 489 2388 διὰ
521 2336 725 2407 σαρκὸς
754 2338 887 2408 ἡμῖν
919 2340 1284 2409 ἐπιφανεῖσαν
1332 2342 1569 2413 δύναμιν
1625 2344 1845 2414 ἀληθῶς

251 2424 420 2478 θείαν
448 2422 589 2481 εἶναι
620 2427 718 2482 τοῦ
748 2429 1015 2497 παρόντος
1050 2432 1213 2499 λόγου
1267 2434 1571 2505 συνηγορία
1605 2439 1841 2503 γίνεται.

248 2516 579 2588 Δειχθέντος
611 2520 719 2591 γὰρ
748 2520 842 2575 τοῦ
901 2522 1036 2576 Θεὸν
1088 2517 1230 2577 εῖναι
1261 2524 1352 2577 τὸν
1384 2527 1441 2579 ἐν
1468 2526 1637 2594 σαρκὶ
1671 2543 1842 2594 φανε-

248 2611 534 2680 ρωθέντα,
592 2613 689 2665 καὶ
732 2612 820 2666 διὰ
874 2614 984 2668 τῶν
1040 2616 1345 2685 γινομένων
1400 2616 1700 2684 θαυμάτων
1741 2618 1842 2689 τὴν

244 2705 425 2772 φύσιν
465 2703 662 2757 ἑαυτοῦ
686 2704 962 2771 δείξαντα,
1001 2706 1401 2778 συναπεδείχθη
1434 2710 1494 2762 τὸ
1538 2712 1651 2770 τοῖς
1689 2726 1843 2778 γινο-

246 2790 449 2856 μένοις
477 2792 737 2855 παρεῖναι
767 2792 930 2845 αὐτὸν
969 2794 1113 2847 κατὰ
1145 2797 1323 2848 πάντα
1380 2797 1575 2865 καιρὸν
1610 2799 1841 2869 ἐπικλή-

246 2897 419 2945 σεως.
456 2882 672 2953 Ὠσπερ
696 2889 804 2952 γάρ
840 2884 1078 2936 ἑκάστου
1113 2884 1224 2937 τῶν
1259 2884 1434 2939 ὅντων
1471 2887 1589 2940 ἐστι
1619 2906 1703 2951 τις
1742 2890 1839 2943 idt-

238 2974 384 3041 ὀτης
411 2973 445 3042 ἡ
475 2972 573 3044 τὴν
598 2972 760 3042 φύσιν
797 2974 1171 3044 γνωρίζουσα,
1198 2975 1373 3041 οὕτως
1403 2978 1534 3032 ίδιον
1556 2979 1654 3049 τῆς
1681 2980 1831 3044 θείας
1861 3024 1903 3082 C

240 3064 473 3132 (pacati);
502 3070 651 3120 ἐστιν
674 3068 709 3138 ή
739 3067 988 3138 ἀλήθεια.
1030 3070 1193 3123 Ἀλλά
1222 3071 1331 3142 μὴν
1362 3072 1450 3126 ἀεὶ
1485 3075 1830 3143 παρέσεσθαι

238 3157 363 3217 τοῖς
418 3156 875 3224 ἐπικαλουμένοις
912 3159 1274 3229 ἐπήγγελται,
1314 3162 1408 3214 καὶ
1437 3163 1497 3215 ὲν
1537 3164 1692 3235 μέσῳ
1721 3167 1831 3221 τῶν

238 3246 620 3301 πιστευόντων
651 3242 815 3315 εἶναι,
855 3250 952 3304 καὶ
984 3251 1043 3302 ἑν
1072 3253 1207 3304 πᾶσι
1242 3252 1452 3321 μένειν,
1484 3256 1580 3307 καὶ
1612 3258 1830 3329 ἑκάστῳ

239 3338 512 3390 συνεῖναι.
598 3339 712 3392 Ούκ
798 3336 892 3394 οὖν
950 3341 1147 3413 ἐτέρας
1199 3346 1283 3407 είς
1341 3345 1403 3399 τὸ
1451 3348 1709 3418 παρεῖναι
1768 3350 1831 3402 τὸ

238 3428 405 3482 Θεῖον
430 3432 543 3494 τοῖς
573 3434 888 3503 γινομένοις
917 3436 1252 3504 ἀποδείξεως
1307 3439 1733 3510 προσδεοίμεθα,
1766 3443 1829 3496 τὸ

238 3516 350 3583 μὲν
381 3515 514 3570 Θεὸν
545 3514 689 3573 εἷναι
717 3520 805 3576 διὰ
838 3522 946 3575 τῶν
977 3523 1275 3592 θαυμάτων
1310 3528 1476 3582 αὑτὸν
1522 3542 1826 3585 πεπιστευ-

236 3604 422 3669 κότες,
471 3608 600 3662 ἴδιον
629 3609 687 3663 δὲ
739 3612 842 3681 τῆς
885 3613 1154 3686 Θεὸτητος
1203 3619 1265 3671 τὸ
1290 3618 1563 3690 ⁸ἀμίκτως
1598 3624 1736 3693 πρὸς
1764 3626 1827 3680 τὸ

229 3697 440 3763 ψεῦδος
474 3700 619 3772 ἔχειν
646 3704 868 3772 εἰδότες,
904 3709 962 3760 ὲν
1000 3708 1056 3761 δὲ
1085 3710 1165 3781 τῷ
1191 3711 1420 3782 ἀψευδεῖ
1449 3715 1550 3785 τῆς
1588 3717 1823 3790 ὑποσχέ-

231 3808 385 3855 σεως
414 3796 749 3863 παρεῖναιτδ
772 3800 1189 3873 ἐπηγγελμένον
1219 3805 1319 3858 οὐκ
1354 3807 1818 3878 ἀμφιὸάλλοντες.

281 3922 400 3977 Τοῦ
439 3925 844 3997 Δαμασκηνοῦ
889 3933 977 3988 ἔτι
1010 3938 1145 4007 περὶ
1194 3940 1304 3995 τοῦ
1339 3943 1786 4016 βαπτίσματος.

314 4060 723 4133 Ὅμολογοῦμεν
753 4067 810 4120 δὲ
846 4069 903 4122 ἒν
939 4072 1228 4145 βάπτισμα
1259 4080 1339 4143 είς
1390 4081 1586 4152 ἄφεσιν
1638 4088 1823 4159 ἁμαρ-

225 4154 367 4207 τιῶν
390 4157 485 4209 καὶ
514 4159 594 4222 είς
625 4160 772 4232 ζωὴν
798 4163 1037 4222 αἰώνιον.
1055 4170 1128 4223 Τὸ
1158 4178 1267 4244 γάρ
1301 4175 1583 4251 βάπτισμα
1607 4154 1699 4237 τὸν
1725 4154 1818 4237 τού

225 4248 443 4317 Κυρίου
473 4250 703 4307 θάνατον
725 4255 893 4327 δηλοῖ.
917 4260 1358 4336 Συνθαπτόμεοα
1384 4248 1522 4339 γοῦν
1539 4273 1616 4345 τῷ
1629 4276 1819 4348 Κυρίῷ

222 4339 316 4392 διὰ
343 4342 437 4394 τοῦ
474 4342 875 4416 βαπτίσματος,
900 4351 973 4416 ὥς
996 4353 1186 4426 (φησιν
1211 4362 1236 4413 ὁ
1275 4361 1419 4427 θεῖος
1466 4339 1815 4433 Ἀπύστολοςί
1852 4366 1895 4421 D

223 4431 447 4504 Ὥσπερ
471 4431 564 4489 οὖν
610 4439 759 4504 ἅπαξ
788 4442 1046 4515 ἐτελέσθη
1085 4450 1114 4501 ὁ
1154 4449 1248 4503 τοῦ
1287 4454 1498 4523 Κυρίου
1556 4431 1811 4527 θάνατος,

221 4521 407 4588 οὕτως
460 4529 552 4578 καί
579 4526 730 4594 ἅπαξ
773 4532 855 4585 δεῖ
903 4533 1303 4603 βαπτίζεσθαι·
1360 4521 1811 4614 βαπτίζεσθαι

220 4616 373 4668 κατὰ
398 4617 495 4669 τὸν
509 4617 603 4671 τοῦ
634 4621 842 4692 Κυρίου
872 4625 1071 4695 Λόγον,
1105 4633 1185 4695 είς
1209 4634 1456 4707 τὸόνομα
1474 4642 1568 4693 τοῦ
1596 4644 1811 4716 Πατρὸς

220 4707 445 4759 καὶτοῦ
479 4708 636 4775 Υἰοῦ,
669 4715 763 4766 καὶ
791 4715 882 4768 τοῦ
915 4719 1073 4787 ἁγίου
1104 4724 1440 4796 Πνεύματος,
1480 4707 1806 4806 διδασκομέέ

217 4818 351 4865 you;
374 4803 477 4873 τὴν
496 4805 577 4867 είς
596 4807 819 4878 Πατέρα
854 4812 948 4865 καὶ
968 4813 1095 4867 Υἱὸν
1118 4821 1211 4871 καὶ
1230 4820 1387 4885 ἆγιον
1415 4825 1645 4895 Πνεῦμα
1667 4803 1796 4900 ὁμο-

216 4894 438 4962 λογίαν.
500 4895 657 4952 Ὅσοι
722 4900 903 4955 τοίνυν
963 4909 1044 4969 είς
1096 4911 1339 4982 Πατέρα,
1378 4919 1472 4971 καὶ
1528 4894 1807 4987 riam-mi

218 4983 387 5052 ἅγιον
442 4985 667 5059 Πνεῦμα
698 4989 1111 5064 βαπτισθέντες,
1159 5002 1289 5071 μίαν
1316 5005 1481 5076 φύσιν
1521 5012 1623 5082 τῆς
1663 4983 1808 5067 ⁷θεό-

217 5091 388 5145 τητος
418 5078 477 5130 ἐν
508 5084 687 5149 τρισὶν
726 5083 1438 5167 ὕποστάσεσιδιδαχθέντες,
1481 5078 1642 5168 αὖθις
1665 5110 1805 5163 άναο

218 5167 607 5240 ϐαπτίζονται,
631 5190 775 5230 ουτοι
829 5179 1236 5256 ἀνασταυροῦσι
1303 5195 1394 5244 τὸν
1432 5197 1693 5268 Χριστὸν,
1720 5203 1799 5268 ὥς

218 5275 393 5328 φησιν
446 5261 479 5314 ὁ
510 5261 650 5327 θεῖος
704 5266 1047 5337 Ἀπόστολος.
1093 5277 1421 5340 Ἀδύνατον
1466 5261 1579 5360 γὰρ
1642 5261 1785 5363 robe

218 5348 391 5446 (3.2116
409 5357 846 5446 φωτισθέντας,
870 5367 963 5419 καὶ
995 5369 1064 5422 τά
1088 5372 1237 5444 ἑξῆς,
1272 5374 1446 5446 αὖθις
1473 5348 1793 5444 assam};

216 5439 342 5501 ζειν
365 5445 451 5511 εὶς
473 5448 825 5520 μετάνοιαν,
849 5457 1388 5538 ἀνασταυροῦντας
1420 5474 1658 5546 ἑαυτοῖς
1685 5484 1792 5537 τὸν

1956 1790 2056 1832 nos
2094 1778 2220 1831 item
2277 1782 2509 1839 dicimus
2559 1798 2668 1839 non
2715 1801 2837 1841 esse
2865 1789 3082 1856 mirum,
3120 1794 3162 1847 si
3192 1794 3400 1851 ’divina:
3438 1799 3552 1853 vir-

1961 1868 2096 1924 tutis
2125 1873 2412 1936 praesentia
2440 1876 2507 1926 ad
2549 1875 3010 1945 incorruptionem
3042 1882 3233 1951 redigit
3268 1886 3318 1938 id
3394 1887 3541 1956 quod-

1951 1958 2007 2014 in
2046 1970 2238 2015 natura
2278 1965 2616 2032 corruptibili
2651 1976 2831 2022 uatum
2863 1979 2966 2023 est.
3000 1972 3259 2038 Quaerunt
3318 1993 3541 2035 rursum

1951 2060 2007 2104 ut
2031 2051 2470 2108 demonstremus
2509 2054 2673 2108 Deum
2721 2057 2813 2126 qui
2865 2058 3151 2115 invocatur
3186 2075 3385 2132 prmsto
3417 2083 3540 2123 esse

1947 2145 2014 2198 ad
2041 2157 2105 2197 ea
2144 2158 2266 2212 qum
2334 2145 2469 2199 tiunt
2510 2148 2921 2204 sanctiﬁcanda.
2992 2150 3402 2223 Respondemus
3470 2162 3540 2214 ad

1948 2234 2050 2289 hoc
2072 2236 2554 2291 demonstrandum
2586 2240 2637 2293 id
2662 2253 2784 2297 esse
2809 2243 2963 2309 satis,
2998 2250 3143 2313 quod
3177 2262 3390 2306 constet
3434 2257 3542 2310 vir-,-
3624 2308 3627 2309 ,

1948 2335 2115 2382 tutem
2169 2343 2288 2397 quae
2319 2331 2472 2385 nobis
2502 2345 2595 2399 per
2624 2347 2845 2389 carnem
2894 2340 3165 2406 apparuit,
3227 2357 3351 2398 vere
3402 2338 3541 2401 divi-

1946 2434 2070 2474 nam
2103 2433 2243 2474 esse.
2279 2421 2413 2475 Cum
2474 2424 2616 2477 enim
2665 2426 3094 2485 demOustratum
3144 2431 3307 2487 fuerit
3365 2436 3535 2492 Deum

1941 2526 2083 2578 esse,
2122 2514 2214 2582 qui
2247 2515 2299 2567 in
2340 2530 2503 2569 carne
2534 2517 2840 2573 declaratus
2867 2530 2971 2585 est,
3020 2524 3217 2593 quique
3248 2527 3524 2583 miraculis

1942 2602 2238 2660 eﬂiciendis
2289 2618 2535 2660 naturam
2565 2624 2717 2663 suam
2748 2612 3004 2678 ostendit,
3032 2617 3190 2670 simul
3217 2622 3378 2673 etiam
3438 2621 3531 2677 de-

1942 2708 2304 2752 monstratum
2337 2709 2444 2765 est,
2472 2715 2593 2754 eum
2630 2702 2695 2757 iis
2727 2719 2846 2771 qua:
2884 2707 3038 2772 liunt,
3071 2711 3280 2777 θάρσει»,
3315 2719 3532 2783 quoties
3606 2754 3609 2757 ν
3702 2708 3707 2713 ’

1942 2791 2248 2847 invocatur.
2328 2793 2785 2858 Quemadmodum
2870 2801 3013 2853 enim
3086 2803 3311 2873 singulis
3364 2808 3531 2863 rebus

1943 2885 2188 2952 quzmlam
2249 2887 2392 2939 ittcst
2468 2889 2767 2957 proprietas
2820 2906 2940 2960 qua:
2996 2905 3241 2948 naturam
3312 2898 3527 2954 illarum

1943 2986 2198 3045 tanquam
2231 2987 2352 3030 nota
2381 2983 2625 3047 Quaedam
2684 2983 2928 3037 declarat
2959 2985 3059 3052 ita,
3097 3001 3303 3044 natura:
3332 2992 3527 3048 ἀνῆκε

1938 3070 2151 3137 propria
2188 3078 2267 3124 est
2291 3071 2514 3125 veritas.
2545 3072 2725 3137 Quare
2748 3091 2868 3128 cum
2899 3078 3167 3145 pollicitu~
3192 3096 3218 3137 Β
3245 3092 3281 3148 ι,
3312 3098 3369 3137 se
3396 3100 3522 3140 cum

1936 3160 2218 3217 invocatus
2250 3163 2431 3226 fuerit,
2458 3164 2791 3230 adfuturum,
2815 3176 2869 3222 et
2900 3171 2951 3223 in
2979 3186 3063 3226 uae
3105 3173 3159 3249 io
3184 3177 3521 3231 Cl'etit'ﬂiilﬂll

1935 3268 2075 3319 eSse,
2107 3266 2160 3307 et
2195 3255 2246 3307 in
2281 3256 2596 3312 hominibus
2628 3274 2871 3324 manere,
2917 3271 2969 3316 et
3018 3278 3139 3316 cum
3198 3282 3522 3337 unoquoque

1933 3357 2075 3406 esse,
2111 3343 2215 3397 alia
2244 3347 2705 3403 demonstratione
2738 3365 2841 3404 non
2880 3352 3201 3421 indigemus,
3249 3365 3301 3409 ut
3331 3366 3519 3414 osten-

1934 3434 2122 3489 damus
2159 3437 2323 3491 Deuut
2353 3438 2419 3494 iis
2453 3456 2573 3508 qua:
2600 3455 2935 3511 peraguntur
2969 3447 3183 3513 adesse,
3213 3464 3334 3503 eum
3365 3450 3514 3506 illum

1931 3540 1998 3578 ex
2052 3527 2327 3582 miraculis
2384 3530 2550 3583 Deum
2607 3547 2728 3586 esse
2763 3535 3193 3603 crediderimus,
3234 3544 3517 3609 proprium

1930 3626 2111 3671 autem
2139 3619 2444 3673 Divinitatis
2462 3622 2550 3685 sit,
2577 3632 2633 3673 ut
2662 3624 2869 3679 nullum
2897 3625 3096 3682 habeat
3120 3634 3511 3688 commercium

1928 3723 2048 3761 cum
2075 3707 2339 3775 falsitate,
2362 3718 2417 3763 et
2446 3711 2498 3763 in
2531 3714 2761 3768 veritate
2778 3716 3161 3783 promissionis
3186 3722 3515 3792 consistere,

1927 3799 2068 3868 quod
2094 3800 2246 3854 nobis
2278 3804 2592 3858 mandatum
2621 3814 2726 3871 est,
2788 3808 3011 3865 minime
3067 3810 3397 3870 dubitemus.

2290 3959 2621 4029 Damasceai,
2645 3968 2766 4023 item
2790 3970 2852 4023 de
2882 3973 3157 4039 baptismo.

1994 4113 2261 4185 Baptismi
2286 4122 2382 4178 vis.
2420 4123 2724 4192 Baptismus
2761 4148 2918 4186 unus.
2964 4134 3277 4194 Necessaria
3316 4143 3389 4197 ad
3411 4145 3505 4200 bac

1924 4208 2175 4273 ptismum
2218 4216 2480 4268 invocatio
2505 4217 2799 4275 Trinitatis.
2829 4224 2969 4289 Quid
3023 4230 3164 4284 tritta
3206 4233 3505 4294 immersio.

1925 4297 2069 4364 Quid
2090 4302 2145 4354 in
2178 4302 2446 4359 Christum
2471 4308 2760 4377 baptizari.
2818 4313 3167 4375 Eacltaristia
3213 4334 3258 4377 et
3314 4325 3491 4397 bapti-

1927 4407 2073 4445 smus
2094 4408 2122 4446 e
2153 4392 2427 4450 Dominico
2451 4398 2618 4454 latere
2638 4403 2936 4471 ﬂuxerunt.
2963 4409 3276 4479 Baptismtts
3306 4392 3509 4487 duplex

1928 4489 1985 4533 ut
2014 4494 2063 4535 et
2092 4482 2269 4540 homo.
2293 4516 2361 4526 —
2381 4486 2501 4544 1am
2558 4507 2687 4548 vero
2737 4512 2907 4551 unum
2954 4502 3285 4572 baptismum
3331 4527 3383 4563 tn
3415 4526 3502 4566 re-

1922 4574 2236 4630 missionem
2267 4590 2614 4648 peccatorum
2649 4594 2705 4641 et
2737 4588 2788 4642 in
2824 4592 2984 4646 vitam
3014 4608 3273 4653 aeternam
3332 4605 3512 4658 conti-

1917 4672 2121 4724 temur.
2156 4669 2460 4743 Baptismus
2493 4678 2694 4749 quippe
2747 4697 2976 4740 mortem
3018 4688 3234 4747 Domini
3287 4695 3505 4763 signibv

1922 4767 2010 4811 cat
2042 4759 2082 4813 *.
2144 4760 2247 4817 Per
2280 4765 2614 4835 baptismum
2648 4776 2796 4829 enim
2827 4791 2957 4832 cum
3009 4780 3241 4838 Domino
3296 4790 3492 4857 sepeli~

1920 4864 2063 4918 mur,
2100 4862 2157 4907 ιιι
2209 4856 2289 4910 ait
2347 4859 2570 4919 divinus
2631 4870 2982 4937 apostolus’.
3017 4872 3494 4939 Quemadmodum

1927 4939 2091 5010 igitur
2143 4945 2408 5008 Dominus
2440 4969 2693 5013 mortuus
2732 4971 2838 5027 est,
2868 4963 2954 5017 sic
2994 4980 3095 5022 nos
3122 4973 3283 5023 etiam
3316 4979 3488 5029 sciret

1920 5032 2187 5103 baptizari
2208 5046 2578 5101 necessarium
2607 5060 2686 5105 est
2709 5067 2729 5118 ;
2761 5053 3047 5124 baptizari,
3074 5058 3327 5130 inquam...
3350 5067 3497 5122 sicut

1915 5137 1950 5176 a
1979 5123 2210 5180 Domino
2233 5132 2433 5187 dictum
2457 5144 2578 5192 est:
2618 5138 2682 5193 In
2711 5123 2922 5200 nomine
2953 5123 3164 5215 Patris;
3189 5164 3242 5206 et
3270 5153 3420 5223 Filii,
3444 5172 3497 5211 et

1916 5213 2149 5283 Spiritus
2204 5225 2377 5276 sancti
2400 5228 2441 5281 ³.
2501 5227 2710 5294 Quibus
2768 5236 2976 5292 scilicet
3008 5244 3208 5309 verbis,
3238 5245 3415 5305 Patris
3440 5262 3503 5306 et

1915 5308 2037 5363 Filii
2099 5322 2153 5366 et
2200 5312 2439 5384 Spiritus
2489 5327 2689 5392 sancti,
2728 5329 3124 5388 confessionem
3175 5340 3500 5397 edocemur.

1916 5397 2193 5465 Quocirca
2253 5408 2342 5476 qui
2401 5411 2452 5464 in
2508 5413 2721 5471 Patrem
2755 5430 2811 5473 et
2867 5420 3059 5477 Filium
3123 5436 3176 5482 et
3229 5430 3500 5497 Spiritum

1924 5502 2173 5547 sanctum
2230 5497 2515 5568 baptizati.
2572 5522 2841 5580 unamque
2893 5513 2946 5568 in
3006 5517 3179 5574 tribus
3254 5523 3505 5585 Deitatis

294 5636 320 5667 ⁸
344 5637 504 5698 Rom.
527 5658 607 5709 rt,
636 5646 691 5701 4.
769 5652 789 5682 ²
823 5651 1031 5713 Coloss.
1059 5672 1121 5723 tt,
1156 5659 1247 5717 12.
1323 5665 1344 5697 ³
1372 5665 1564 5726 Matth.
1598 5688 1790 5741 sunt,
1819 5678 1911 5734 ιθ.
