  <div class='ocr_page' id='page_1' title='image "/cluster/home/n/w/nwhite01/storage/ocr_20150623/130/hvd.32044073502387/636.png"; bbox 0 0 4012 6216; ppageno 0'>
   <div class='ocr_carea' id='block_1_1' title="bbox 322 314 460 377">
    <p class='ocr_par' dir='ltr' id='par_1_1' title="bbox 322 314 460 377">
     <span class='ocr_line' id='line_1_1' title="bbox 322 314 460 377; baseline 0 0"><span class='ocrx_word' id='word_1_1' title='bbox 322 314 460 377; x_wconf 80' lang='lat'><strong>1257</strong></span> 
     </span>
    </p>
   </div>
   <div class='ocr_carea' id='block_1_2' title="bbox 1221 324 2565 391">
    <p class='ocr_par' dir='ltr' id='par_1_2' title="bbox 1221 324 2565 391">
     <span class='ocr_line' id='line_1_2' title="bbox 1221 324 2565 391; baseline -0.001 -3"><span class='ocrx_word' id='word_1_2' title='bbox 1221 328 1598 391; x_wconf 81' lang='lat' dir='ltr'><strong>PANOPLIA</strong></span> <span class='ocrx_word' id='word_1_3' title='bbox 1623 324 2081 388; x_wconf 63' lang='lat' dir='ltr'><strong>DOGMATICA.</strong></span> <span class='ocrx_word' id='word_1_4' title='bbox 2112 349 2181 360; x_wconf 93' lang='grc'><strong><em>--</em></strong></span> <span class='ocrx_word' id='word_1_5' title='bbox 2211 325 2358 385; x_wconf 84' lang='grc' dir='ltr'><strong>ΤΙΤ.</strong></span> <span class='ocrx_word' id='word_1_6' title='bbox 2388 324 2565 386; x_wconf 78' lang='lat' dir='ltr'><strong>XXV.</strong></span> 
     </span>
    </p>
   </div>
   <div class='ocr_carea' id='block_1_3' title="bbox 3464 332 3601 398">
    <p class='ocr_par' dir='ltr' id='par_1_3' title="bbox 3464 332 3601 398">
     <span class='ocr_line' id='line_1_3' title="bbox 3464 332 3601 398; baseline 0.022 -3"><span class='ocrx_word' id='word_1_7' title='bbox 3464 332 3601 398; x_wconf 76' lang='lat'><strong>1258</strong></span> 
     </span>
    </p>
   </div>
   <div class='ocr_carea' id='block_1_4' title="bbox 322 430 1907 531">
    <p class='ocr_par' dir='ltr' id='par_1_4' title="bbox 322 454 1907 530">
     <span class='ocr_line' id='line_1_4' title="bbox 322 454 1907 530; baseline 0.003 -21"><span class='ocrx_word' id='word_1_8' title='bbox 322 456 469 510; x_wconf 79' lang='grc' dir='ltr'><strong>κατά</strong></span> <span class='ocrx_word' id='word_1_9' title='bbox 525 454 709 528; x_wconf 78' lang='grc' dir='ltr'>ψυχὴν</span> <span class='ocrx_word' id='word_1_10' title='bbox 759 457 1012 527; x_wconf 88' lang='grc' dir='ltr'>γίνεται·</span> <span class='ocrx_word' id='word_1_11' title='bbox 1053 459 1234 524; x_wconf 82' lang='grc' dir='ltr'><strong>πίστις</strong></span> <span class='ocrx_word' id='word_1_12' title='bbox 1286 458 1396 530; x_wconf 84' lang='grc' dir='ltr'><strong>γάρ</strong></span> <span class='ocrx_word' id='word_1_13' title='bbox 1455 459 1720 514; x_wconf 74' lang='grc' dir='ltr'>υίοθετεῑν</span> <span class='ocrx_word' id='word_1_14' title='bbox 1764 454 1907 523; x_wconf 79' lang='grc' dir='ltr'>οἶδε,</span> 
     </span>
    </p>
   </div>
   <div class='ocr_carea' id='block_1_5' title="bbox 2014 430 3599 531">
    <p class='ocr_par' dir='ltr' id='par_1_5' title="bbox 2019 454 3599 531">
     <span class='ocr_line' id='line_1_5' title="bbox 2019 454 3599 531; baseline 0.003 -17"><span class='ocrx_word' id='word_1_15' title='bbox 2019 459 2193 531; x_wconf 88' lang='lat' dir='ltr'><strong>legem</strong></span> <span class='ocrx_word' id='word_1_16' title='bbox 2224 473 2367 531; x_wconf 92' lang='lat' dir='ltr'><strong>aqua</strong></span> <span class='ocrx_word' id='word_1_17' title='bbox 2417 457 2777 515; x_wconf 90' lang='lat' dir='ltr'><strong>mundantur.</strong></span> <span class='ocrx_word' id='word_1_18' title='bbox 2820 458 2926 517; x_wconf 79' lang='lat' dir='ltr'><strong>Res</strong></span> <span class='ocrx_word' id='word_1_19' title='bbox 2957 454 3103 516; x_wconf 86' lang='lat' dir='ltr'><strong>enim</strong></span> <span class='ocrx_word' id='word_1_20' title='bbox 3135 460 3381 518; x_wconf 82' lang='lat' dir='ltr'><strong>visibiles</strong></span> <span class='ocrx_word' id='word_1_21' title='bbox 3411 477 3599 519; x_wconf 84' lang='lat' dir='ltr'><strong>carum</strong></span> 
     </span>
    </p>
   </div>
   <div class='ocr_carea' id='block_1_6' title="bbox 324 547 1913 624">
    <p class='ocr_par' dir='ltr' id='par_1_6' title="bbox 324 547 1913 624">
     <span class='ocr_line' id='line_1_6' title="bbox 324 547 1913 624; baseline 0.002 -23"><span class='ocrx_word' id='word_1_22' title='bbox 324 547 504 602; x_wconf 87' lang='grc' dir='ltr'>καίτοι</span> <span class='ocrx_word' id='word_1_23' title='bbox 544 549 708 612; x_wconf 72' lang='grc' dir='ltr'>ὄντας</span> <span class='ocrx_word' id='word_1_24' title='bbox 753 549 1034 621; x_wconf 77' lang='grc' dir='ltr'>κτίσματα</span> <span class='ocrx_word' id='word_1_25' title='bbox 1062 551 1152 605; x_wconf 82' lang='grc' dir='ltr'><strong>διὰ</strong></span> <span class='ocrx_word' id='word_1_26' title='bbox 1193 550 1290 605; x_wconf 83' lang='grc' dir='ltr'>τοῦ</span> <span class='ocrx_word' id='word_1_27' title='bbox 1321 552 1665 624; x_wconf 87' lang='grc' dir='ltr'>Πνεύματος,</span> <span class='ocrx_word' id='word_1_28' title='bbox 1702 554 1798 607; x_wconf 76' lang='grc' dir='ltr'>καὶ</span> <span class='ocrx_word' id='word_1_29' title='bbox 1831 553 1913 616; x_wconf 87' lang='grc' dir='ltr'><strong>είς</strong></span> 
     </span>
    </p>
   </div>
   <div class='ocr_carea' id='block_1_7' title="bbox 322 639 1321 713">
    <p class='ocr_par' dir='ltr' id='par_1_7' title="bbox 322 639 1321 713">
     <span class='ocr_line' id='line_1_7' title="bbox 322 639 1321 713; baseline 0.003 -22"><span class='ocrx_word' id='word_1_30' title='bbox 322 639 423 709; x_wconf 83' lang='grc' dir='ltr'>τὴν</span> <span class='ocrx_word' id='word_1_31' title='bbox 450 640 687 711; x_wconf 84' lang='grc' dir='ltr'>ἀρχαίαν</span> <span class='ocrx_word' id='word_1_32' title='bbox 719 639 882 710; x_wconf 77' lang='grc' dir='ltr'>ἄγειν</span> <span class='ocrx_word' id='word_1_33' title='bbox 917 643 1321 713; x_wconf 79' lang='grc' dir='ltr'><strong>μακαριότητα.</strong></span> 
     </span>
    </p>
   </div>
   <div class='ocr_carea' id='block_1_8' title="bbox 2014 549 3601 622">
    <p class='ocr_par' dir='ltr' id='par_1_8' title="bbox 2014 549 3601 622">
     <span class='ocr_line' id='line_1_8' title="bbox 2014 549 3601 622; baseline 0.003 -19"><span class='ocrx_word' id='word_1_34' title='bbox 2014 563 2138 619; x_wconf 66' lang='lat' dir='ltr'><strong>qua:</strong></span> <span class='ocrx_word' id='word_1_35' title='bbox 2167 556 2349 604; x_wconf 90' lang='lat' dir='ltr'><strong>mente</strong></span> <span class='ocrx_word' id='word_1_36' title='bbox 2398 549 2780 619; x_wconf 87' lang='lat' dir='ltr'><strong>percipiuntur</strong></span> <span class='ocrx_word' id='word_1_37' title='bbox 2831 550 2986 620; x_wconf 80' lang='lat' dir='ltr'><strong>signa</strong></span> <span class='ocrx_word' id='word_1_38' title='bbox 3030 556 3194 615; x_wconf 86' lang='lat' dir='ltr'><strong>sunt.</strong></span> <span class='ocrx_word' id='word_1_39' title='bbox 3231 550 3601 622; x_wconf 80' lang='lat' dir='ltr'><strong>Regeneratio</strong></span> 
     </span>
    </p>
   </div>
   <div class='ocr_carea' id='block_1_9' title="bbox 2013 636 3593 714">
    <p class='ocr_par' dir='ltr' id='par_1_9' title="bbox 2013 636 3593 714">
     <span class='ocr_line' id='line_1_9' title="bbox 2013 636 3593 714; baseline -0.001 -17"><span class='ocrx_word' id='word_1_40' title='bbox 2013 656 2181 712; x_wconf 90' lang='lat' dir='ltr'><strong>porro</strong></span> <span class='ocrx_word' id='word_1_41' title='bbox 2210 641 2264 695; x_wconf 93' lang='lat' dir='ltr'><strong>in</strong></span> <span class='ocrx_word' id='word_1_42' title='bbox 2300 642 2488 695; x_wconf 88' lang='lat' dir='ltr'><strong>animo</strong></span> <span class='ocrx_word' id='word_1_43' title='bbox 2520 640 2826 711; x_wconf 79' lang='lat' dir='ltr'><strong>perﬁcitur.</strong></span> <span class='ocrx_word' id='word_1_44' title='bbox 2864 640 3031 698; x_wconf 83' lang='lat' dir='ltr'><strong>Fides</strong></span> <span class='ocrx_word' id='word_1_45' title='bbox 3050 636 3265 714; x_wconf 47' lang='lat' dir='ltr'><strong>&quot;quippe</strong></span> <span class='ocrx_word' id='word_1_46' title='bbox 3315 636 3425 697; x_wconf 87' lang='lat' dir='ltr'><strong>vim</strong></span> <span class='ocrx_word' id='word_1_47' title='bbox 3472 659 3593 699; x_wconf 88' lang='lat' dir='ltr'><strong>eam</strong></span> 
     </span>
    </p>
   </div>
   <div class='ocr_carea' id='block_1_10' title="bbox 325 731 3600 806">
    <p class='ocr_par' dir='ltr' id='par_1_10' title="bbox 325 731 3600 806">
     <span class='ocr_line' id='line_1_10' title="bbox 325 731 3600 806; baseline 0.001 -20"><span class='ocrx_word' id='word_1_48' title='bbox 325 732 511 794; x_wconf 81' lang='lat' dir='ltr'><strong>habet.</strong></span> <span class='ocrx_word' id='word_1_49' title='bbox 570 742 630 787; x_wconf 90' lang='lat' dir='ltr'><strong>ut</strong></span> <span class='ocrx_word' id='word_1_50' title='bbox 684 735 938 804; x_wconf 81' lang='lat' dir='ltr'><strong>quamvis</strong></span> <span class='ocrx_word' id='word_1_51' title='bbox 987 748 1019 788; x_wconf 84' lang='lat' dir='ltr'><strong>e</strong></span> <span class='ocrx_word' id='word_1_52' title='bbox 1077 735 1245 791; x_wconf 84' lang='lat' dir='ltr'><strong>rebus</strong></span> <span class='ocrx_word' id='word_1_53' title='bbox 1303 734 1507 791; x_wconf 78' lang='lat' dir='ltr'><strong>creatis</strong></span> <span class='ocrx_word' id='word_1_54' title='bbox 1565 736 1761 802; x_wconf 90' lang='lat' dir='ltr'><strong>simus,</strong></span> <span class='ocrx_word' id='word_1_55' title='bbox 1818 749 1917 806; x_wconf 80' lang='lat' dir='ltr'><strong>per</strong></span> <span class='ocrx_word' id='word_1_56' title='bbox 1955 731 2220 805; x_wconf 74' lang='lat' dir='ltr'><strong>Spiritum</strong></span> <span class='ocrx_word' id='word_1_57' title='bbox 2250 747 2355 787; x_wconf 90' lang='lat' dir='ltr'><strong>nos</strong></span> <span class='ocrx_word' id='word_1_58' title='bbox 2392 733 2445 787; x_wconf 92' lang='lat' dir='ltr'><strong>in</strong></span> <span class='ocrx_word' id='word_1_59' title='bbox 2479 731 2573 787; x_wconf 86' lang='lat' dir='ltr'><strong>Dei</strong></span> <span class='ocrx_word' id='word_1_60' title='bbox 2613 732 2755 789; x_wconf 86' lang='lat' dir='ltr'><strong>ﬁlios</strong></span> <span class='ocrx_word' id='word_1_61' title='bbox 2782 732 3018 804; x_wconf 86' lang='lat' dir='ltr'><strong>adoptet,</strong></span> <span class='ocrx_word' id='word_1_62' title='bbox 3054 742 3218 804; x_wconf 88' lang='lat' dir='ltr'><strong>atque</strong></span> <span class='ocrx_word' id='word_1_63' title='bbox 3284 734 3354 790; x_wconf 90' lang='lat' dir='ltr'><strong>ad</strong></span> <span class='ocrx_word' id='word_1_64' title='bbox 3411 734 3600 804; x_wconf 91' lang='lat' dir='ltr'><strong>pristi-</strong></span> 
     </span>
    </p>
   </div>
   <div class='ocr_carea' id='block_1_11' title="bbox 326 825 1642 898">
    <p class='ocr_par' dir='ltr' id='par_1_11' title="bbox 326 825 1642 898">
     <span class='ocr_line' id='line_1_11' title="bbox 326 825 1642 898; baseline -0.001 -15"><span class='ocrx_word' id='word_1_65' title='bbox 326 844 450 883; x_wconf 87' lang='lat' dir='ltr'><strong>nam</strong></span> <span class='ocrx_word' id='word_1_66' title='bbox 486 825 805 881; x_wconf 76' lang='lat' dir='ltr'><strong>l‘elicitatem</strong></span> <span class='ocrx_word' id='word_1_67' title='bbox 829 826 980 880; x_wconf 87' lang='lat' dir='ltr'><strong>velut</strong></span> <span class='ocrx_word' id='word_1_68' title='bbox 1019 826 1367 898; x_wconf 86' lang='lat' dir='ltr'><strong>postliminio</strong></span> <span class='ocrx_word' id='word_1_69' title='bbox 1397 835 1642 882; x_wconf 84' lang='lat' dir='ltr'><strong>revocet.</strong></span> 
     </span>
    </p>
   </div>
   <div class='ocr_carea' id='block_1_12' title="bbox 403 914 1918 990">
    <p class='ocr_par' dir='ltr' id='par_1_12' title="bbox 403 914 1918 990">
     <span class='ocr_line' id='line_1_12' title="bbox 403 914 1918 990; baseline 0.002 -19"><span class='ocrx_word' id='word_1_70' title='bbox 403 920 468 972; x_wconf 84' lang='lat' dir='ltr'><strong>&#39;H</strong></span> <span class='ocrx_word' id='word_1_71' title='bbox 503 918 602 990; x_wconf 81' lang='grc' dir='ltr'><strong>μὲν</strong></span> <span class='ocrx_word' id='word_1_72' title='bbox 626 914 720 972; x_wconf 85' lang='grc' dir='ltr'><strong>οὖν</strong></span> <span class='ocrx_word' id='word_1_73' title='bbox 768 918 879 971; x_wconf 87' lang='grc' dir='ltr'>τῶν</span> <span class='ocrx_word' id='word_1_74' title='bbox 926 919 1215 990; x_wconf 73' lang='grc' dir='ltr'>ἁμαρτιῶν</span> <span class='ocrx_word' id='word_1_75' title='bbox 1244 920 1437 990; x_wconf 77' lang='grc' dir='ltr'>ἄφεσις</span> <span class='ocrx_word' id='word_1_76' title='bbox 1468 958 1484 984; x_wconf 88' lang='grc'><strong>,</strong></span> <span class='ocrx_word' id='word_1_77' title='bbox 1512 921 1678 975; x_wconf 78' lang='grc' dir='ltr'>πᾶσιν</span> <span class='ocrx_word' id='word_1_78' title='bbox 1711 920 1918 990; x_wconf 83' lang='grc' dir='ltr'>ὁμοίως</span> 
     </span>
    </p>
   </div>
   <div class='ocr_carea' id='block_1_13' title="bbox 323 1009 1910 1084">
    <p class='ocr_par' dir='ltr' id='par_1_13' title="bbox 323 1009 1910 1084">
     <span class='ocr_line' id='line_1_13' title="bbox 323 1009 1910 1084; baseline -0.001 -17"><span class='ocrx_word' id='word_1_79' title='bbox 323 1013 411 1067; x_wconf 81' lang='grc' dir='ltr'><strong>διὰ</strong></span> <span class='ocrx_word' id='word_1_80' title='bbox 441 1010 538 1065; x_wconf 82' lang='grc' dir='ltr'>τοῦ</span> <span class='ocrx_word' id='word_1_81' title='bbox 575 1009 956 1081; x_wconf 82' lang='grc' dir='ltr'>βαπτίσματος</span> <span class='ocrx_word' id='word_1_82' title='bbox 1003 1011 1238 1066; x_wconf 66' lang='grc' dir='ltr'>δίδοταν</span> <span class='ocrx_word' id='word_1_83' title='bbox 1263 1013 1297 1082; x_wconf 76' lang='grc' dir='ltr'><strong>ἡ</strong></span> <span class='ocrx_word' id='word_1_84' title='bbox 1326 1011 1383 1065; x_wconf 77' lang='grc' dir='ltr'><strong>δὲ</strong></span> <span class='ocrx_word' id='word_1_85' title='bbox 1421 1010 1582 1084; x_wconf 85' lang='grc' dir='ltr'>χάρις</span> <span class='ocrx_word' id='word_1_86' title='bbox 1615 1012 1713 1066; x_wconf 77' lang='grc' dir='ltr'>τοῦ</span> <span class='ocrx_word' id='word_1_87' title='bbox 1736 1012 1910 1065; x_wconf 87' lang='grc' dir='ltr'>Πνεύ-</span> 
     </span>
    </p>
   </div>
   <div class='ocr_carea' id='block_1_14' title="bbox 326 1101 1911 1176">
    <p class='ocr_par' dir='ltr' id='par_1_14' title="bbox 326 1101 1911 1176">
     <span class='ocr_line' id='line_1_14' title="bbox 326 1101 1911 1176; baseline 0 -19"><span class='ocrx_word' id='word_1_88' title='bbox 326 1121 497 1176; x_wconf 85' lang='grc' dir='ltr'>ματος</span> <span class='ocrx_word' id='word_1_89' title='bbox 518 1102 660 1156; x_wconf 86' lang='grc' dir='ltr'><strong>κατά</strong></span> <span class='ocrx_word' id='word_1_90' title='bbox 686 1102 784 1172; x_wconf 82' lang='grc' dir='ltr'>τὴν</span> <span class='ocrx_word' id='word_1_91' title='bbox 815 1101 1108 1172; x_wconf 72' lang='grc' dir='ltr'>ἀναλογίαν</span> <span class='ocrx_word' id='word_1_92' title='bbox 1130 1104 1229 1174; x_wconf 81' lang='grc' dir='ltr'>τῆς</span> <span class='ocrx_word' id='word_1_93' title='bbox 1261 1104 1498 1168; x_wconf 87' lang='grc' dir='ltr'>πίστεως</span> <span class='ocrx_word' id='word_1_94' title='bbox 1527 1105 1620 1158; x_wconf 76' lang='grc' dir='ltr'><strong>καὶ</strong></span> <span class='ocrx_word' id='word_1_95' title='bbox 1645 1106 1746 1176; x_wconf 82' lang='grc' dir='ltr'>τῆς</span> <span class='ocrx_word' id='word_1_96' title='bbox 1776 1121 1911 1176; x_wconf 83' lang='grc' dir='ltr'>προ-</span> 
     </span>
    </p>
   </div>
   <div class='ocr_carea' id='block_1_15' title="bbox 323 1189 1910 1267">
    <p class='ocr_par' dir='ltr' id='par_1_15' title="bbox 323 1189 1910 1267">
     <span class='ocr_line' id='line_1_15' title="bbox 323 1189 1910 1267; baseline 0 -18"><span class='ocrx_word' id='word_1_97' title='bbox 323 1196 670 1265; x_wconf 80' lang='grc' dir='ltr'>καθάρσεως.</span> <span class='ocrx_word' id='word_1_98' title='bbox 706 1193 821 1247; x_wconf 84' lang='grc' dir='ltr'><strong>Νῦν</strong></span> <span class='ocrx_word' id='word_1_99' title='bbox 863 1193 964 1263; x_wconf 80' lang='grc' dir='ltr'>μὲν</span> <span class='ocrx_word' id='word_1_100' title='bbox 996 1189 1092 1247; x_wconf 86' lang='grc' dir='ltr'>οὖν</span> <span class='ocrx_word' id='word_1_101' title='bbox 1137 1194 1228 1248; x_wconf 86' lang='grc' dir='ltr'><strong>διὰ</strong></span> <span class='ocrx_word' id='word_1_102' title='bbox 1256 1193 1352 1247; x_wconf 85' lang='grc' dir='ltr'>τοῦ</span> <span class='ocrx_word' id='word_1_103' title='bbox 1385 1194 1771 1266; x_wconf 80' lang='grc' dir='ltr'>βαπτίσματος</span> <span class='ocrx_word' id='word_1_104' title='bbox 1809 1197 1910 1267; x_wconf 80' lang='grc' dir='ltr'>τὴν</span> 
     </span>
    </p>
   </div>
   <div class='ocr_carea' id='block_1_16' title="bbox 322 1285 1908 1359">
    <p class='ocr_par' dir='ltr' id='par_1_16' title="bbox 322 1285 1908 1359">
     <span class='ocr_line' id='line_1_16' title="bbox 322 1285 1908 1359; baseline 0.003 -20"><span class='ocrx_word' id='word_1_105' title='bbox 322 1286 576 1358; x_wconf 77' lang='grc' dir='ltr'>ἀπαρχὴν</span> <span class='ocrx_word' id='word_1_106' title='bbox 608 1286 702 1339; x_wconf 79' lang='grc' dir='ltr'>τοῦ</span> <span class='ocrx_word' id='word_1_107' title='bbox 723 1286 881 1355; x_wconf 84' lang='grc' dir='ltr'>ἁγίου</span> <span class='ocrx_word' id='word_1_108' title='bbox 908 1286 1228 1356; x_wconf 85' lang='grc' dir='ltr'>Πνεύματος</span> <span class='ocrx_word' id='word_1_109' title='bbox 1252 1285 1737 1358; x_wconf 72' lang='grc' dir='ltr'>λαμϐάνομεν,καὶ</span> <span class='ocrx_word' id='word_1_110' title='bbox 1763 1287 1908 1359; x_wconf 83' lang='grc' dir='ltr'>ἀρχὴ</span> 
     </span>
    </p>
   </div>
   <div class='ocr_carea' id='block_1_17' title="bbox 322 1377 1901 1451">
    <p class='ocr_par' dir='ltr' id='par_1_17' title="bbox 322 1377 1901 1451">
     <span class='ocr_line' id='line_1_17' title="bbox 322 1377 1901 1451; baseline 0.001 -18"><span class='ocrx_word' id='word_1_111' title='bbox 322 1380 511 1450; x_wconf 77' lang='grc' dir='ltr'>ἐτέρου</span> <span class='ocrx_word' id='word_1_112' title='bbox 546 1377 661 1448; x_wconf 88' lang='grc' dir='ltr'>βίου</span> <span class='ocrx_word' id='word_1_113' title='bbox 684 1378 897 1447; x_wconf 85' lang='grc' dir='ltr'>γίνεται</span> <span class='ocrx_word' id='word_1_114' title='bbox 930 1379 1060 1449; x_wconf 79' lang='grc' dir='ltr'>ἡμῖν</span> <span class='ocrx_word' id='word_1_115' title='bbox 1089 1378 1123 1449; x_wconf 80' lang='grc' dir='ltr'>ἡ</span> <span class='ocrx_word' id='word_1_116' title='bbox 1148 1378 1539 1448; x_wconf 82' lang='grc' dir='ltr'>παλιγγενεσία</span> <span class='ocrx_word' id='word_1_117' title='bbox 1564 1419 1581 1446; x_wconf 90' lang='grc'><strong>,</strong></span> <span class='ocrx_word' id='word_1_118' title='bbox 1612 1380 1706 1433; x_wconf 81' lang='grc' dir='ltr'>καὶ</span> <span class='ocrx_word' id='word_1_119' title='bbox 1734 1396 1901 1451; x_wconf 74' lang='grc' dir='ltr'>σφρα-</span> 
     </span>
    </p>
   </div>
   <div class='ocr_carea' id='block_1_18' title="bbox 322 1469 1450 1542">
    <p class='ocr_par' dir='ltr' id='par_1_18' title="bbox 322 1469 1450 1542">
     <span class='ocr_line' id='line_1_18' title="bbox 322 1469 1450 1542; baseline 0 -19"><span class='ocrx_word' id='word_1_120' title='bbox 322 1474 430 1540; x_wconf 73' lang='grc' dir='ltr'>γὶς,</span> <span class='ocrx_word' id='word_1_121' title='bbox 462 1471 557 1524; x_wconf 83' lang='grc' dir='ltr'>καὶ</span> <span class='ocrx_word' id='word_1_122' title='bbox 588 1469 980 1541; x_wconf 76' lang='grc' dir='ltr'><strong>φυλακτήριον,</strong></span> <span class='ocrx_word' id='word_1_123' title='bbox 1012 1469 1108 1523; x_wconf 76' lang='grc' dir='ltr'><strong>καὶ</strong></span> <span class='ocrx_word' id='word_1_124' title='bbox 1142 1469 1450 1542; x_wconf 75' lang='grc' dir='ltr'>φωτισμός.</span> 
     </span>
    </p>
   </div>
   <div class='ocr_carea' id='block_1_19' title="bbox 391 1644 1906 1719">
    <p class='ocr_par' dir='ltr' id='par_1_19' title="bbox 391 1644 1906 1719">
     <span class='ocr_line' id='line_1_19' title="bbox 391 1644 1906 1719; baseline -0.001 -17"><span class='ocrx_word' id='word_1_125' title='bbox 391 1648 513 1719; x_wconf 83' lang='grc' dir='ltr'><strong>Χρὴ</strong></span> <span class='ocrx_word' id='word_1_126' title='bbox 565 1647 621 1701; x_wconf 80' lang='grc' dir='ltr'><strong>δὲ</strong></span> <span class='ocrx_word' id='word_1_127' title='bbox 667 1647 816 1717; x_wconf 80' lang='grc' dir='ltr'>πάσῃ</span> <span class='ocrx_word' id='word_1_128' title='bbox 863 1645 1091 1717; x_wconf 80' lang='grc' dir='ltr'><strong>δυνάμει</strong></span> <span class='ocrx_word' id='word_1_129' title='bbox 1142 1644 1403 1715; x_wconf 81' lang='grc' dir='ltr'><strong>ἀσφαλῶς</strong></span> <span class='ocrx_word' id='word_1_130' title='bbox 1456 1646 1645 1717; x_wconf 81' lang='grc' dir='ltr'>τηρεῖν</span> <span class='ocrx_word' id='word_1_131' title='bbox 1679 1647 1906 1711; x_wconf 78' lang='grc' dir='ltr'>ἑαυτοὺς</span> 
     </span>
    </p>
   </div>
   <div class='ocr_carea' id='block_1_20' title="bbox 321 1736 1908 1811">
    <p class='ocr_par' dir='ltr' id='par_1_20' title="bbox 321 1736 1908 1811">
     <span class='ocr_line' id='line_1_20' title="bbox 321 1736 1908 1811; baseline -0.002 -17"><span class='ocrx_word' id='word_1_132' title='bbox 321 1740 595 1810; x_wconf 80' lang='grc' dir='ltr'>καθαροὺς</span> <span class='ocrx_word' id='word_1_133' title='bbox 622 1738 731 1793; x_wconf 80' lang='grc' dir='ltr'>ἀπὸ</span> <span class='ocrx_word' id='word_1_134' title='bbox 752 1736 1015 1809; x_wconf 78' lang='grc' dir='ltr'>ῥυπαρῶν</span> <span class='ocrx_word' id='word_1_135' title='bbox 1041 1736 1243 1808; x_wconf 74' lang='grc' dir='ltr'>ἔργων,</span> <span class='ocrx_word' id='word_1_136' title='bbox 1278 1737 1367 1790; x_wconf 79' lang='grc' dir='ltr'><strong>ἵνα</strong></span> <span class='ocrx_word' id='word_1_137' title='bbox 1402 1736 1476 1809; x_wconf 83' lang='grc' dir='ltr'>μὴ</span> <span class='ocrx_word' id='word_1_138' title='bbox 1518 1737 1681 1791; x_wconf 90' lang='grc' dir='ltr'>πάλιν</span> <span class='ocrx_word' id='word_1_139' title='bbox 1716 1738 1908 1811; x_wconf 83' lang='grc' dir='ltr'>ὥσπερ</span> 
     </span>
    </p>
   </div>
   <div class='ocr_carea' id='block_1_21' title="bbox 2089 896 3755 985">
    <p class='ocr_par' dir='ltr' id='par_1_21' title="bbox 2089 896 3755 985">
     <span class='ocr_line' id='line_1_21' title="bbox 2089 896 3755 985; baseline 0.001 -16"><span class='ocrx_word' id='word_1_140' title='bbox 2089 914 2355 985; x_wconf 76' lang='lat' dir='ltr'><strong>Baptismi</strong></span> <span class='ocrx_word' id='word_1_141' title='bbox 2404 914 2585 984; x_wconf 85' lang='lat' dir='ltr'><strong>gratia</strong></span> <span class='ocrx_word' id='word_1_142' title='bbox 2628 930 2727 983; x_wconf 85' lang='lat' dir='ltr'><strong>pro</strong></span> <span class='ocrx_word' id='word_1_143' title='bbox 2784 896 3180 982; x_wconf 75' lang='lat' dir='ltr'><strong>suscrpientium</strong></span> <span class='ocrx_word' id='word_1_144' title='bbox 3211 914 3314 983; x_wconf 77' lang='lat' dir='ltr'><strong>ﬁde</strong></span> <span class='ocrx_word' id='word_1_145' title='bbox 3361 922 3412 968; x_wconf 81' lang='lat' dir='ltr'><strong>et</strong></span> <span class='ocrx_word' id='word_1_146' title='bbox 3444 920 3600 971; x_wconf 84' lang='lat' dir='ltr'><strong>mun-</strong></span> <span class='ocrx_word' id='word_1_147' title='bbox 3693 907 3697 910; x_wconf 54' lang='grc'><strong>’</strong></span> <span class='ocrx_word' id='word_1_148' title='bbox 3738 914 3755 941; x_wconf 50' lang='grc' dir='ltr'><strong>ν’</strong></span> 
     </span>
    </p>
   </div>
   <div class='ocr_carea' id='block_1_22' title="bbox 2010 999 3601 1083">
    <p class='ocr_par' dir='ltr' id='par_1_22' title="bbox 2010 999 3601 1083">
     <span class='ocr_line' id='line_1_22' title="bbox 2010 999 3601 1083; baseline 0.001 -23"><span class='ocrx_word' id='word_1_149' title='bbox 2010 1008 2169 1063; x_wconf 84' lang='lat' dir='ltr'><strong>ditia.</strong></span> <span class='ocrx_word' id='word_1_150' title='bbox 2196 1036 2266 1048; x_wconf 92' lang='lat'><strong>-</strong></span> <span class='ocrx_word' id='word_1_151' title='bbox 2301 1005 2564 1073; x_wconf 83' lang='lat' dir='ltr'><strong>Quamvis</strong></span> <span class='ocrx_word' id='word_1_152' title='bbox 2590 999 2769 1061; x_wconf 82' lang='lat' dir='ltr'><strong>antem</strong></span> <span class='ocrx_word' id='word_1_153' title='bbox 2814 1013 3166 1083; x_wconf 87' lang='lat' dir='ltr'><strong>peccatorum</strong></span> <span class='ocrx_word' id='word_1_154' title='bbox 3204 1007 3601 1077; x_wconf 80' lang='lat' dir='ltr'><strong>remissio-om-</strong></span> 
     </span>
    </p>
   </div>
   <div class='ocr_carea' id='block_1_23' title="bbox 2010 1084 3596 1167">
    <p class='ocr_par' dir='ltr' id='par_1_23' title="bbox 2010 1084 3596 1167">
     <span class='ocr_line' id='line_1_23' title="bbox 2010 1084 3596 1167; baseline 0 -15"><span class='ocrx_word' id='word_1_155' title='bbox 2010 1097 2174 1152; x_wconf 86' lang='lat' dir='ltr'><strong>nibus</strong></span> <span class='ocrx_word' id='word_1_156' title='bbox 2204 1112 2301 1166; x_wconf 91' lang='lat' dir='ltr'><strong>per</strong></span> <span class='ocrx_word' id='word_1_157' title='bbox 2329 1110 2489 1167; x_wconf 77' lang='lat' dir='ltr'><strong>aqua:</strong></span> <span class='ocrx_word' id='word_1_158' title='bbox 2518 1084 2851 1165; x_wconf 76' lang='lat' dir='ltr'><strong>baptiSmum</strong></span> <span class='ocrx_word' id='word_1_159' title='bbox 2900 1096 3099 1151; x_wconf 87' lang='lat' dir='ltr'><strong>detur:</strong></span> <span class='ocrx_word' id='word_1_160' title='bbox 3134 1094 3373 1165; x_wconf 84' lang='lat' dir='ltr'><strong>Spiritus</strong></span> <span class='ocrx_word' id='word_1_161' title='bbox 3411 1106 3596 1152; x_wconf 88' lang='lat' dir='ltr'><strong>tamen</strong></span> 
     </span>
    </p>
   </div>
   <div class='ocr_carea' id='block_1_24' title="bbox 2009 1183 3597 1257">
    <p class='ocr_par' dir='ltr' id='par_1_24' title="bbox 2009 1183 3597 1257">
     <span class='ocr_line' id='line_1_24' title="bbox 2009 1183 3597 1257; baseline 0.001 -18"><span class='ocrx_word' id='word_1_162' title='bbox 2009 1187 2184 1257; x_wconf 87' lang='lat' dir='ltr'><strong>gratia</strong></span> <span class='ocrx_word' id='word_1_163' title='bbox 2214 1201 2313 1257; x_wconf 92' lang='lat' dir='ltr'><strong>pro</strong></span> <span class='ocrx_word' id='word_1_164' title='bbox 2343 1185 2465 1241; x_wconf 85' lang='lat' dir='ltr'><strong>lidei</strong></span> <span class='ocrx_word' id='word_1_165' title='bbox 2498 1200 2563 1240; x_wconf 87' lang='lat' dir='ltr'><strong>ac</strong></span> <span class='ocrx_word' id='word_1_166' title='bbox 2591 1183 2804 1255; x_wconf 67' lang='lat' dir='ltr'><strong>prteviae</strong></span> <span class='ocrx_word' id='word_1_167' title='bbox 2831 1185 3174 1255; x_wconf 79' lang='lat' dir='ltr'><strong>purgationis</strong></span> <span class='ocrx_word' id='word_1_168' title='bbox 3203 1185 3367 1239; x_wconf 88' lang='lat' dir='ltr'><strong>modo</strong></span> <span class='ocrx_word' id='word_1_169' title='bbox 3398 1201 3597 1241; x_wconf 88' lang='lat' dir='ltr'><strong>concc—</strong></span> 
     </span>
    </p>
   </div>
   <div class='ocr_carea' id='block_1_25' title="bbox 2010 1276 3598 1379">
    <p class='ocr_par' dir='ltr' id='par_1_25' title="bbox 2010 1276 3598 1379">
     <span class='ocr_line' id='line_1_25' title="bbox 2010 1276 3598 1379; baseline 0.001 -45"><span class='ocrx_word' id='word_1_170' title='bbox 2010 1279 2179 1334; x_wconf 86' lang='lat' dir='ltr'><strong>ditur.</strong></span> <span class='ocrx_word' id='word_1_171' title='bbox 2218 1278 2283 1332; x_wconf 86' lang='lat' dir='ltr'><strong>Et</strong></span> <span class='ocrx_word' id='word_1_172' title='bbox 2310 1294 2455 1333; x_wconf 89' lang='lat' dir='ltr'><strong>nunc</strong></span> <span class='ocrx_word' id='word_1_173' title='bbox 2485 1278 2709 1347; x_wconf 88' lang='lat' dir='ltr'><strong>quidem</strong></span> <span class='ocrx_word' id='word_1_174' title='bbox 2733 1276 2978 1379; x_wconf 38' lang='lat' dir='ltr'><strong>Spigi&#39;tus</strong></span> <span class='ocrx_word' id='word_1_175' title='bbox 3005 1278 3178 1333; x_wconf 84' lang='lat' dir='ltr'><strong>sancti</strong></span> <span class='ocrx_word' id='word_1_176' title='bbox 3204 1278 3478 1347; x_wconf 88' lang='lat' dir='ltr'><strong>primitias</strong></span> <span class='ocrx_word' id='word_1_177' title='bbox 3501 1295 3598 1349; x_wconf 91' lang='lat' dir='ltr'><strong>per</strong></span> 
     </span>
    </p>
   </div>
   <div class='ocr_carea' id='block_1_26' title="bbox 2010 1356 3592 1441">
    <p class='ocr_par' dir='ltr' id='par_1_26' title="bbox 2010 1356 3592 1441">
     <span class='ocr_line' id='line_1_26' title="bbox 2010 1356 3592 1441; baseline 0.001 -17"><span class='ocrx_word' id='word_1_178' title='bbox 2010 1368 2345 1437; x_wconf 85' lang='lat' dir='ltr'><strong>baptismum</strong></span> <span class='ocrx_word' id='word_1_179' title='bbox 2375 1367 2695 1441; x_wconf 80' lang='lat' dir='ltr'><strong>accipimus,</strong></span> <span class='ocrx_word' id='word_1_180' title='bbox 2724 1375 2777 1422; x_wconf 87' lang='lat' dir='ltr'><strong>et</strong></span> <span class='ocrx_word' id='word_1_181' title='bbox 2808 1356 3152 1436; x_wconf 61' lang='lat' dir='ltr'><strong>regeneratio</strong></span> <span class='ocrx_word' id='word_1_182' title='bbox 3174 1407 3187 1432; x_wconf 92' lang='lat'><strong>,</strong></span> <span class='ocrx_word' id='word_1_183' title='bbox 3231 1369 3460 1425; x_wconf 87' lang='lat' dir='ltr'><strong>alterius</strong></span> <span class='ocrx_word' id='word_1_184' title='bbox 3490 1387 3592 1426; x_wconf 84' lang='lat' dir='ltr'><strong>no-</strong></span> 
     </span>
    </p>
   </div>
   <div class='ocr_carea' id='block_1_27' title="bbox 2009 1457 3596 1533">
    <p class='ocr_par' dir='ltr' id='par_1_27' title="bbox 2009 1457 3596 1533">
     <span class='ocr_line' id='line_1_27' title="bbox 2009 1457 3596 1533; baseline 0.002 -19"><span class='ocrx_word' id='word_1_185' title='bbox 2009 1459 2095 1514; x_wconf 88' lang='lat' dir='ltr'><strong>bis</strong></span> <span class='ocrx_word' id='word_1_186' title='bbox 2124 1459 2248 1513; x_wconf 64' lang='lat' dir='ltr'><strong>vitze</strong></span> <span class='ocrx_word' id='word_1_187' title='bbox 2276 1457 2517 1525; x_wconf 86' lang='lat' dir='ltr'><strong>initium,</strong></span> <span class='ocrx_word' id='word_1_188' title='bbox 2543 1465 2597 1513; x_wconf 92' lang='lat' dir='ltr'><strong>et</strong></span> <span class='ocrx_word' id='word_1_189' title='bbox 2624 1458 2992 1530; x_wconf 80' lang='lat' dir='ltr'><strong>signaculum,</strong></span> <span class='ocrx_word' id='word_1_190' title='bbox 3026 1467 3078 1513; x_wconf 90' lang='lat' dir='ltr'><strong>et</strong></span> <span class='ocrx_word' id='word_1_191' title='bbox 3124 1459 3474 1533; x_wconf 64' lang='lat' dir='ltr'><strong>praesidium,</strong></span> <span class='ocrx_word' id='word_1_192' title='bbox 3538 1469 3596 1517; x_wconf 88' lang='lat' dir='ltr'><strong>et</strong></span> 
     </span>
    </p>
   </div>
   <div class='ocr_carea' id='block_1_28' title="bbox 2010 1550 3486 1615">
    <p class='ocr_par' dir='ltr' id='par_1_28' title="bbox 2010 1550 3486 1615">
     <span class='ocr_line' id='line_1_28' title="bbox 2010 1550 3486 1615; baseline -0.012 -11"><span class='ocrx_word' id='word_1_193' title='bbox 2010 1550 2341 1605; x_wconf 84' lang='lat' dir='ltr'><strong>illuminatio</strong></span> <span class='ocrx_word' id='word_1_194' title='bbox 2369 1550 2626 1606; x_wconf 62' lang='lat' dir='ltr'><strong>edicitur.</strong></span> <span class='ocrx_word' id='word_1_195' title='bbox 2738 1604 2757 1615; x_wconf 34' lang='grc' dir='ltr'><strong>,η</strong></span> <span class='ocrx_word' id='word_1_196' title='bbox 3386 1564 3391 1565; x_wconf 50' lang='grc' dir='ltr'><strong>ί</strong></span> <span class='ocrx_word' id='word_1_197' title='bbox 3475 1565 3486 1575; x_wconf 61' lang='grc' dir='ltr'><em>ης</em></span> 
     </span>
    </p>
   </div>
   <div class='ocr_carea' id='block_1_29' title="bbox 2076 1640 3588 1711">
    <p class='ocr_par' dir='ltr' id='par_1_29' title="bbox 2076 1640 3588 1711">
     <span class='ocr_line' id='line_1_29' title="bbox 2076 1640 3588 1711; baseline 0.003 -14"><span class='ocrx_word' id='word_1_198' title='bbox 2076 1640 2348 1697; x_wconf 64' lang='lat' dir='ltr'><strong>Caeterum</strong></span> <span class='ocrx_word' id='word_1_199' title='bbox 2382 1640 2434 1695; x_wconf 95' lang='lat' dir='ltr'><strong>in</strong></span> <span class='ocrx_word' id='word_1_200' title='bbox 2467 1640 2521 1696; x_wconf 92' lang='lat' dir='ltr'><strong>id</strong></span> <span class='ocrx_word' id='word_1_201' title='bbox 2555 1640 2715 1698; x_wconf 77' lang='lat' dir='ltr'><strong>nobis</strong></span> <span class='ocrx_word' id='word_1_202' title='bbox 2738 1642 3113 1701; x_wconf 51' lang='lat' dir='ltr'><strong>totissviribus</strong></span> <span class='ocrx_word' id='word_1_203' title='bbox 3143 1651 3228 1700; x_wconf 88' lang='lat' dir='ltr'><strong>est</strong></span> <span class='ocrx_word' id='word_1_204' title='bbox 3247 1644 3588 1711; x_wconf 88' lang='lat' dir='ltr'><strong>enitendum,</strong></span> 
     </span>
    </p>
   </div>
   <div class='ocr_carea' id='block_1_30' title="bbox 2006 1723 3589 1808">
    <p class='ocr_par' dir='ltr' id='par_1_30' title="bbox 2006 1723 3589 1808">
     <span class='ocr_line' id='line_1_30' title="bbox 2006 1723 3589 1808; baseline 0.003 -19"><span class='ocrx_word' id='word_1_205' title='bbox 2006 1749 2078 1789; x_wconf 91' lang='lat' dir='ltr'><strong>ne</strong></span> <span class='ocrx_word' id='word_1_206' title='bbox 2108 1735 2266 1790; x_wconf 87' lang='lat' dir='ltr'><strong>canis</strong></span> <span class='ocrx_word' id='word_1_207' title='bbox 2310 1735 2484 1790; x_wconf 90' lang='lat' dir='ltr'><strong>instar</strong></span> <span class='ocrx_word' id='word_1_208' title='bbox 2520 1733 2588 1788; x_wconf 93' lang='lat' dir='ltr'><strong>ad</strong></span> <span class='ocrx_word' id='word_1_209' title='bbox 2622 1734 2890 1789; x_wconf 77' lang='lat' dir='ltr'><strong>vomitum</strong></span> <span class='ocrx_word' id='word_1_210' title='bbox 2938 1734 3239 1790; x_wconf 85' lang='lat' dir='ltr'><strong>redeuntes</strong></span> <span class='ocrx_word' id='word_1_211' title='bbox 3305 1723 3343 1803; x_wconf 55' lang='grc' dir='ltr'><strong>ί,</strong></span> <span class='ocrx_word' id='word_1_212' title='bbox 3380 1740 3589 1808; x_wconf 88' lang='lat' dir='ltr'><strong>peccati</strong></span> 
     </span>
    </p>
   </div>
   <div class='ocr_carea' id='block_1_31' title="bbox 321 1824 1907 1901">
    <p class='ocr_par' dir='ltr' id='par_1_31' title="bbox 321 1828 1907 1901">
     <span class='ocr_line' id='line_1_31' title="bbox 321 1828 1907 1901; baseline 0 -16"><span class='ocrx_word' id='word_1_213' title='bbox 321 1831 469 1885; x_wconf 89' lang='grc' dir='ltr'>κύων</span> <span class='ocrx_word' id='word_1_214' title='bbox 501 1830 593 1884; x_wconf 50' lang='grc' dir='ltr'><strong>ἐπὶ⁸</strong></span> <span class='ocrx_word' id='word_1_215' title='bbox 637 1829 730 1883; x_wconf 75' lang='grc' dir='ltr'>τὸν</span> <span class='ocrx_word' id='word_1_216' title='bbox 764 1830 897 1883; x_wconf 83' lang='grc' dir='ltr'>ῐδιον</span> <span class='ocrx_word' id='word_1_217' title='bbox 946 1828 1141 1899; x_wconf 78' lang='grc' dir='ltr'>ἔμετον</span> <span class='ocrx_word' id='word_1_218' title='bbox 1179 1828 1633 1901; x_wconf 76' lang='grc' dir='ltr'>ἐπιστρέψαντες,</span> <span class='ocrx_word' id='word_1_219' title='bbox 1684 1829 1907 1896; x_wconf 83' lang='grc' dir='ltr'>δούλους</span> 
     </span>
    </p>
   </div>
   <div class='ocr_carea' id='block_1_32' title="bbox 2014 1824 3590 1901">
    <p class='ocr_par' dir='ltr' id='par_1_32' title="bbox 2014 1824 3590 1897">
     <span class='ocr_line' id='line_1_32' title="bbox 2014 1824 3590 1897; baseline 0.004 -16"><span class='ocrx_word' id='word_1_220' title='bbox 2014 1826 2375 1897; x_wconf 88' lang='lat' dir='ltr'><strong>nosmetipsos</strong></span> <span class='ocrx_word' id='word_1_221' title='bbox 2433 1824 2619 1881; x_wconf 89' lang='lat' dir='ltr'><strong>denuo</strong></span> <span class='ocrx_word' id='word_1_222' title='bbox 2671 1824 2928 1881; x_wconf 87' lang='lat' dir='ltr'><strong>servituti</strong></span> <span class='ocrx_word' id='word_1_223' title='bbox 2986 1826 3383 1896; x_wconf 76' lang='lat' dir='ltr'><strong>mancipemus.</strong></span> <span class='ocrx_word' id='word_1_224' title='bbox 3423 1829 3590 1887; x_wconf 87' lang='lat' dir='ltr'><strong>Fides</strong></span> 
     </span>
    </p>
   </div>
   <div class='ocr_carea' id='block_1_33' title="bbox 322 1919 1909 1993">
    <p class='ocr_par' dir='ltr' id='par_1_33' title="bbox 322 1919 1909 1993">
     <span class='ocr_line' id='line_1_33' title="bbox 322 1919 1909 1993; baseline -0.001 -18"><span class='ocrx_word' id='word_1_225' title='bbox 322 1922 487 1978; x_wconf 87' lang='grc' dir='ltr'>πάλιν</span> <span class='ocrx_word' id='word_1_226' title='bbox 518 1921 746 1983; x_wconf 67' lang='grc' dir='ltr'>ἑαυτοὺς</span> <span class='ocrx_word' id='word_1_227' title='bbox 775 1920 875 1989; x_wconf 82' lang='grc' dir='ltr'>τῆς</span> <span class='ocrx_word' id='word_1_228' title='bbox 906 1919 1183 1991; x_wconf 85' lang='grc' dir='ltr'>ἁμαρτίας</span> <span class='ocrx_word' id='word_1_229' title='bbox 1218 1919 1555 1990; x_wconf 84' lang='grc' dir='ltr'>ποιήσωμεν.</span> <span class='ocrx_word' id='word_1_230' title='bbox 1588 1920 1779 1985; x_wconf 89' lang='grc' dir='ltr'>Πίστις</span> <span class='ocrx_word' id='word_1_231' title='bbox 1799 1920 1909 1993; x_wconf 87' lang='grc' dir='ltr'><strong>γάρ</strong></span> 
     </span>
    </p>
   </div>
   <div class='ocr_carea' id='block_1_34' title="bbox 321 2006 1908 2081">
    <p class='ocr_par' dir='ltr' id='par_1_34' title="bbox 321 2006 1908 2081">
     <span class='ocr_line' id='line_1_34' title="bbox 321 2006 1908 2081; baseline 0.001 -19"><span class='ocrx_word' id='word_1_232' title='bbox 321 2009 489 2081; x_wconf 74' lang='grc' dir='ltr'>χωρὶς</span> <span class='ocrx_word' id='word_1_233' title='bbox 520 2008 698 2081; x_wconf 76' lang='grc' dir='ltr'>ἔργων</span> <span class='ocrx_word' id='word_1_234' title='bbox 746 2006 919 2078; x_wconf 86' lang='grc' dir='ltr'>νεκρά</span> <span class='ocrx_word' id='word_1_235' title='bbox 960 2007 1110 2059; x_wconf 69' lang='grc' dir='ltr'>ἐστιν</span> <span class='ocrx_word' id='word_1_236' title='bbox 1133 2046 1148 2069; x_wconf 91' lang='grc'><strong>,</strong></span> <span class='ocrx_word' id='word_1_237' title='bbox 1174 2006 1379 2076; x_wconf 82' lang='grc' dir='ltr'>ὁμοίως</span> <span class='ocrx_word' id='word_1_238' title='bbox 1412 2007 1508 2059; x_wconf 76' lang='grc' dir='ltr'><strong>καὶ</strong></span> <span class='ocrx_word' id='word_1_239' title='bbox 1564 2006 1701 2078; x_wconf 79' lang='grc' dir='ltr'>ἔργα</span> <span class='ocrx_word' id='word_1_240' title='bbox 1734 2010 1908 2080; x_wconf 76' lang='grc' dir='ltr'>χωρὶς</span> 
     </span>
    </p>
   </div>
   <div class='ocr_carea' id='block_1_35' title="bbox 321 2097 1905 2171">
    <p class='ocr_par' dir='ltr' id='par_1_35' title="bbox 321 2097 1905 2171">
     <span class='ocr_line' id='line_1_35' title="bbox 321 2097 1905 2171; baseline -0.001 -15"><span class='ocrx_word' id='word_1_241' title='bbox 321 2102 580 2165; x_wconf 88' lang='grc' dir='ltr'>πίστεως.</span> <span class='ocrx_word' id='word_1_242' title='bbox 610 2100 674 2153; x_wconf 85' lang='grc' dir='ltr'><strong>Ἦ</strong></span> <span class='ocrx_word' id='word_1_243' title='bbox 702 2099 813 2171; x_wconf 79' lang='grc' dir='ltr'><strong>γάρ</strong></span> <span class='ocrx_word' id='word_1_244' title='bbox 844 2097 1052 2169; x_wconf 83' lang='grc' dir='ltr'>ἀληθὴς</span> <span class='ocrx_word' id='word_1_245' title='bbox 1083 2098 1269 2162; x_wconf 82' lang='grc' dir='ltr'>πίστις</span> <span class='ocrx_word' id='word_1_246' title='bbox 1297 2097 1388 2151; x_wconf 82' lang='grc' dir='ltr'><strong>διὰ</strong></span> <span class='ocrx_word' id='word_1_247' title='bbox 1416 2098 1524 2151; x_wconf 86' lang='grc' dir='ltr'>τῶν</span> <span class='ocrx_word' id='word_1_248' title='bbox 1554 2097 1734 2168; x_wconf 74' lang='grc' dir='ltr'>ἔργων</span> <span class='ocrx_word' id='word_1_249' title='bbox 1755 2100 1905 2156; x_wconf 53' lang='grc' dir='ltr'>δοκιί-</span> 
     </span>
    </p>
   </div>
   <div class='ocr_carea' id='block_1_36' title="bbox 321 2194 578 2266">
    <p class='ocr_par' dir='ltr' id='par_1_36' title="bbox 321 2194 578 2266">
     <span class='ocr_line' id='line_1_36' title="bbox 321 2194 578 2266; baseline 0 -18"><span class='ocrx_word' id='word_1_250' title='bbox 321 2194 578 2266; x_wconf 81' lang='grc' dir='ltr'>μάζεται.</span> 
     </span>
    </p>
   </div>
   <div class='ocr_carea' id='block_1_37' title="bbox 390 2279 1899 2354">
    <p class='ocr_par' dir='ltr' id='par_1_37' title="bbox 390 2279 1899 2354">
     <span class='ocr_line' id='line_1_37' title="bbox 390 2279 1899 2354; baseline -0.001 -17"><span class='ocrx_word' id='word_1_251' title='bbox 390 2283 776 2354; x_wconf 78' lang='grc' dir='ltr'>Βαπτιζόμεθα</span> <span class='ocrx_word' id='word_1_252' title='bbox 804 2281 861 2335; x_wconf 81' lang='grc' dir='ltr'>δὲ</span> <span class='ocrx_word' id='word_1_253' title='bbox 914 2280 992 2343; x_wconf 83' lang='grc' dir='ltr'><strong>είς</strong></span> <span class='ocrx_word' id='word_1_254' title='bbox 1030 2279 1131 2352; x_wconf 80' lang='grc' dir='ltr'>τὴν</span> <span class='ocrx_word' id='word_1_255' title='bbox 1162 2279 1324 2349; x_wconf 83' lang='grc' dir='ltr'>ἁγίαν</span> <span class='ocrx_word' id='word_1_256' title='bbox 1357 2280 1565 2350; x_wconf 87' lang='grc' dir='ltr'>Τριάδα</span> <span class='ocrx_word' id='word_1_257' title='bbox 1588 2322 1603 2346; x_wconf 93' lang='grc'><strong>,</strong></span> <span class='ocrx_word' id='word_1_258' title='bbox 1637 2282 1720 2335; x_wconf 82' lang='grc' dir='ltr'><strong>ὅτι</strong></span> <span class='ocrx_word' id='word_1_259' title='bbox 1759 2282 1899 2336; x_wconf 86' lang='grc' dir='ltr'><strong>αύτά</strong></span> 
     </span>
    </p>
   </div>
   <div class='ocr_carea' id='block_1_38' title="bbox 318 2367 1899 2443">
    <p class='ocr_par' dir='ltr' id='par_1_38' title="bbox 318 2367 1899 2443">
     <span class='ocr_line' id='line_1_38' title="bbox 318 2367 1899 2443; baseline 0 -18"><span class='ocrx_word' id='word_1_260' title='bbox 318 2372 392 2427; x_wconf 80' lang='grc' dir='ltr'><strong>τά</strong></span> <span class='ocrx_word' id='word_1_261' title='bbox 427 2369 799 2443; x_wconf 80' lang='grc' dir='ltr'>βαπτιζόμενα</span> <span class='ocrx_word' id='word_1_262' title='bbox 847 2367 1041 2441; x_wconf 75' lang='grc' dir='ltr'>χρῄζει</span> <span class='ocrx_word' id='word_1_263' title='bbox 1084 2369 1183 2440; x_wconf 83' lang='grc' dir='ltr'>τῆς</span> <span class='ocrx_word' id='word_1_264' title='bbox 1227 2369 1390 2440; x_wconf 87' lang='grc' dir='ltr'>ἁγίας</span> <span class='ocrx_word' id='word_1_265' title='bbox 1437 2369 1668 2441; x_wconf 85' lang='grc' dir='ltr'>Τριάδος</span> <span class='ocrx_word' id='word_1_266' title='bbox 1695 2373 1773 2435; x_wconf 87' lang='grc' dir='ltr'><strong>είς</strong></span> <span class='ocrx_word' id='word_1_267' title='bbox 1797 2371 1899 2442; x_wconf 84' lang='grc' dir='ltr'>τὴν</span> 
     </span>
    </p>
   </div>
   <div class='ocr_carea' id='block_1_39' title="bbox 318 2460 1903 2534">
    <p class='ocr_par' dir='ltr' id='par_1_39' title="bbox 318 2460 1903 2534">
     <span class='ocr_line' id='line_1_39' title="bbox 318 2460 1903 2534; baseline -0.001 -16"><span class='ocrx_word' id='word_1_268' title='bbox 318 2465 503 2518; x_wconf 74' lang='grc' dir='ltr'>αὐτῶν</span> <span class='ocrx_word' id='word_1_269' title='bbox 554 2462 814 2517; x_wconf 88' lang='grc' dir='ltr'>σύστασίν</span> <span class='ocrx_word' id='word_1_270' title='bbox 839 2479 899 2515; x_wconf 89' lang='grc' dir='ltr'><strong>τε</strong></span> <span class='ocrx_word' id='word_1_271' title='bbox 950 2460 1049 2515; x_wconf 64' lang='grc' dir='ltr'><strong>καὶ⁴</strong></span> <span class='ocrx_word' id='word_1_272' title='bbox 1079 2461 1344 2532; x_wconf 84' lang='grc' dir='ltr'>διαμονὴν</span> <span class='ocrx_word' id='word_1_273' title='bbox 1366 2501 1382 2527; x_wconf 91' lang='grc'><strong>,</strong></span> <span class='ocrx_word' id='word_1_274' title='bbox 1408 2461 1504 2515; x_wconf 81' lang='grc' dir='ltr'>καὶ</span> <span class='ocrx_word' id='word_1_275' title='bbox 1536 2461 1800 2516; x_wconf 88' lang='grc' dir='ltr'>ἀδύνατον</span> <span class='ocrx_word' id='word_1_276' title='bbox 1826 2462 1903 2534; x_wconf 81' lang='grc' dir='ltr'>μὴ</span> 
     </span>
    </p>
   </div>
   <div class='ocr_carea' id='block_1_40' title="bbox 320 2546 1903 2628">
    <p class='ocr_par' dir='ltr' id='par_1_40' title="bbox 320 2546 1903 2628">
     <span class='ocr_line' id='line_1_40' title="bbox 320 2546 1903 2628; baseline 0.009 -30"><span class='ocrx_word' id='word_1_277' title='bbox 320 2548 688 2618; x_wconf 85' lang='grc' dir='ltr'>συμπαρεῖναι</span> <span class='ocrx_word' id='word_1_278' title='bbox 718 2546 980 2619; x_wconf 82' lang='grc' dir='ltr'>ἀλλήλαις</span> <span class='ocrx_word' id='word_1_279' title='bbox 1024 2549 1125 2614; x_wconf 82' lang='grc' dir='ltr'>τὰς</span> <span class='ocrx_word' id='word_1_280' title='bbox 1170 2554 1319 2623; x_wconf 84' lang='grc' dir='ltr'>τρεῖς</span> <span class='ocrx_word' id='word_1_281' title='bbox 1361 2552 1729 2618; x_wconf 84' lang='grc' dir='ltr'>ὑποστάσεις·</span> <span class='ocrx_word' id='word_1_282' title='bbox 1763 2556 1903 2628; x_wconf 87' lang='grc' dir='ltr'><strong>άχώ-</strong></span> 
     </span>
    </p>
   </div>
   <div class='ocr_carea' id='block_1_41' title="bbox 330 2636 1101 2713">
    <p class='ocr_par' dir='ltr' id='par_1_41' title="bbox 330 2636 1101 2713">
     <span class='ocr_line' id='line_1_41' title="bbox 330 2636 1101 2713; baseline 0.012 -23"><span class='ocrx_word' id='word_1_283' title='bbox 330 2653 512 2710; x_wconf 91' lang='grc' dir='ltr'>ριστος</span> <span class='ocrx_word' id='word_1_284' title='bbox 542 2636 651 2709; x_wconf 85' lang='grc' dir='ltr'>γὰρ</span> <span class='ocrx_word' id='word_1_285' title='bbox 683 2639 716 2709; x_wconf 78' lang='grc' dir='ltr'><strong>ἡ</strong></span> <span class='ocrx_word' id='word_1_286' title='bbox 746 2639 880 2708; x_wconf 88' lang='grc' dir='ltr'>ἀγία</span> <span class='ocrx_word' id='word_1_287' title='bbox 915 2641 1101 2713; x_wconf 80' lang='grc' dir='ltr'>Τριάς.</span> 
     </span>
    </p>
   </div>
   <div class='ocr_carea' id='block_1_42' title="bbox 399 2819 1908 2901">
    <p class='ocr_par' dir='ltr' id='par_1_42' title="bbox 399 2819 1908 2901">
     <span class='ocr_line' id='line_1_42' title="bbox 399 2819 1908 2901; baseline 0.005 -27"><span class='ocrx_word' id='word_1_288' title='bbox 399 2819 621 2892; x_wconf 81' lang='grc' dir='ltr'>Πρῶτον</span> <span class='ocrx_word' id='word_1_289' title='bbox 651 2821 958 2894; x_wconf 83' lang='grc' dir='ltr'>βάπτισμα,</span> <span class='ocrx_word' id='word_1_290' title='bbox 989 2824 1084 2878; x_wconf 78' lang='grc' dir='ltr'>τοῦ</span> <span class='ocrx_word' id='word_1_291' title='bbox 1115 2826 1527 2897; x_wconf 80' lang='grc' dir='ltr'>κατακλυσμοῦ,</span> <span class='ocrx_word' id='word_1_292' title='bbox 1556 2828 1632 2891; x_wconf 83' lang='grc' dir='ltr'><strong>είς</strong></span> <span class='ocrx_word' id='word_1_293' title='bbox 1664 2828 1908 2901; x_wconf 79' lang='grc' dir='ltr'>ἐκκοπὴν</span> 
     </span>
    </p>
   </div>
   <div class='ocr_carea' id='block_1_43' title="bbox 329 2911 1907 2990">
    <p class='ocr_par' dir='ltr' id='par_1_43' title="bbox 329 2911 1907 2990">
     <span class='ocr_line' id='line_1_43' title="bbox 329 2911 1907 2990; baseline 0.006 -27"><span class='ocrx_word' id='word_1_294' title='bbox 329 2911 627 2981; x_wconf 85' lang='grc' dir='ltr'>ἁμαρτίας.</span> <span class='ocrx_word' id='word_1_295' title='bbox 653 2911 945 2985; x_wconf 82' lang='grc' dir='ltr'>Δεύτερον,</span> <span class='ocrx_word' id='word_1_296' title='bbox 984 2914 1048 2968; x_wconf 82' lang='grc' dir='ltr'><strong>τὸ</strong></span> <span class='ocrx_word' id='word_1_297' title='bbox 1100 2916 1191 2970; x_wconf 82' lang='grc' dir='ltr'><strong>διὰ</strong></span> <span class='ocrx_word' id='word_1_298' title='bbox 1232 2917 1331 2989; x_wconf 82' lang='grc' dir='ltr'>τῆς</span> <span class='ocrx_word' id='word_1_299' title='bbox 1363 2917 1643 2989; x_wconf 82' lang='grc' dir='ltr'>θαλάσσης</span> <span class='ocrx_word' id='word_1_300' title='bbox 1689 2918 1907 2990; x_wconf 78' lang='grc' dir='ltr'>καὶτῆς</span> 
     </span>
    </p>
   </div>
   <div class='ocr_carea' id='block_1_44' title="bbox 328 3003 1907 3081">
    <p class='ocr_par' dir='ltr' id='par_1_44' title="bbox 328 3003 1907 3081">
     <span class='ocr_line' id='line_1_44' title="bbox 328 3003 1907 3081; baseline 0.004 -24"><span class='ocrx_word' id='word_1_301' title='bbox 328 3003 567 3075; x_wconf 83' lang='grc' dir='ltr'>νεφέλης</span> <span class='ocrx_word' id='word_1_302' title='bbox 591 3021 605 3036; x_wconf 88' lang='grc'><strong>·</strong></span> <span class='ocrx_word' id='word_1_303' title='bbox 640 3004 911 3076; x_wconf 77' lang='grc' dir='ltr'>σύμϐολον</span> <span class='ocrx_word' id='word_1_304' title='bbox 950 3006 1081 3080; x_wconf 85' lang='grc' dir='ltr'>γάρ,</span> <span class='ocrx_word' id='word_1_305' title='bbox 1108 3009 1141 3079; x_wconf 84' lang='grc' dir='ltr'><strong>ἡ</strong></span> <span class='ocrx_word' id='word_1_306' title='bbox 1177 3009 1278 3079; x_wconf 79' lang='grc' dir='ltr'>μὲν</span> <span class='ocrx_word' id='word_1_307' title='bbox 1304 3008 1501 3080; x_wconf 71' lang='grc' dir='ltr'>νεφέλη</span> <span class='ocrx_word' id='word_1_308' title='bbox 1525 3010 1620 3063; x_wconf 81' lang='grc' dir='ltr'>τοῦ</span> <span class='ocrx_word' id='word_1_309' title='bbox 1650 3009 1907 3081; x_wconf 87' lang='grc' dir='ltr'>Πνεύμα-</span> 
     </span>
    </p>
   </div>
   <div class='ocr_carea' id='block_1_45' title="bbox 327 3097 1904 3174">
    <p class='ocr_par' dir='ltr' id='par_1_45' title="bbox 327 3097 1904 3174">
     <span class='ocr_line' id='line_1_45' title="bbox 327 3097 1904 3174; baseline 0.005 -26"><span class='ocrx_word' id='word_1_310' title='bbox 327 3114 439 3161; x_wconf 88' lang='grc' dir='ltr'>τος,</span> <span class='ocrx_word' id='word_1_311' title='bbox 470 3098 502 3168; x_wconf 80' lang='grc' dir='ltr'>ἡ</span> <span class='ocrx_word' id='word_1_312' title='bbox 537 3097 783 3152; x_wconf 87' lang='grc' dir='ltr'>θάλασσα</span> <span class='ocrx_word' id='word_1_313' title='bbox 812 3099 900 3165; x_wconf 86' lang='grc' dir='ltr'>δὲ,</span> <span class='ocrx_word' id='word_1_314' title='bbox 935 3100 1032 3154; x_wconf 78' lang='grc' dir='ltr'><strong>τοῦ</strong></span> <span class='ocrx_word' id='word_1_315' title='bbox 1065 3100 1278 3166; x_wconf 79' lang='grc' dir='ltr'>ὓδατος.</span> <span class='ocrx_word' id='word_1_316' title='bbox 1311 3102 1507 3174; x_wconf 86' lang='grc' dir='ltr'>Τρίτον</span> <span class='ocrx_word' id='word_1_317' title='bbox 1542 3103 1601 3156; x_wconf 74' lang='grc' dir='ltr'>τὸ</span> <span class='ocrx_word' id='word_1_318' title='bbox 1646 3102 1904 3172; x_wconf 82' lang='grc' dir='ltr'>νομικόν·</span> 
     </span>
    </p>
   </div>
   <div class='ocr_carea' id='block_1_46' title="bbox 2008 1917 3587 1991">
    <p class='ocr_par' dir='ltr' id='par_1_46' title="bbox 2008 1917 3587 1991">
     <span class='ocr_line' id='line_1_46' title="bbox 2008 1917 3587 1991; baseline 0.001 -17"><span class='ocrx_word' id='word_1_319' title='bbox 2008 1918 2279 1988; x_wconf 88' lang='lat' dir='ltr'><strong>siquidem</strong></span> <span class='ocrx_word' id='word_1_320' title='bbox 2305 1917 2423 1973; x_wconf 90' lang='lat' dir='ltr'><strong>sine</strong></span> <span class='ocrx_word' id='word_1_321' title='bbox 2458 1917 2720 1988; x_wconf 89' lang='lat' dir='ltr'><strong>operibus</strong></span> <span class='ocrx_word' id='word_1_322' title='bbox 2746 1926 2962 1971; x_wconf 92' lang='lat' dir='ltr'><strong>mortua</strong></span> <span class='ocrx_word' id='word_1_323' title='bbox 2988 1926 3091 1985; x_wconf 89' lang='lat' dir='ltr'><strong>est,</strong></span> <span class='ocrx_word' id='word_1_324' title='bbox 3127 1918 3369 1991; x_wconf 86' lang='lat' dir='ltr'><strong>itemque</strong></span> <span class='ocrx_word' id='word_1_325' title='bbox 3400 1934 3587 1991; x_wconf 86' lang='lat' dir='ltr'><strong>opera,</strong></span> 
     </span>
    </p>
   </div>
   <div class='ocr_carea' id='block_1_47' title="bbox 2008 2007 3590 2082">
    <p class='ocr_par' dir='ltr' id='par_1_47' title="bbox 2008 2007 3590 2082">
     <span class='ocr_line' id='line_1_47' title="bbox 2008 2007 3590 2082; baseline 0.001 -17"><span class='ocrx_word' id='word_1_326' title='bbox 2008 2010 2224 2065; x_wconf 89' lang='lat' dir='ltr'><strong>sublata</strong></span> <span class='ocrx_word' id='word_1_327' title='bbox 2274 2007 2381 2065; x_wconf 77' lang='lat' dir='ltr'><strong>(ide</strong></span> <span class='ocrx_word' id='word_1_328' title='bbox 2438 2008 2477 2062; x_wconf 80' lang='lat'><strong>’.</strong></span> <span class='ocrx_word' id='word_1_329' title='bbox 2503 2007 2642 2064; x_wconf 85' lang='lat' dir='ltr'><strong>Vera</strong></span> <span class='ocrx_word' id='word_1_330' title='bbox 2687 2008 2889 2080; x_wconf 79' lang='lat' dir='ltr'><strong>quippe</strong></span> <span class='ocrx_word' id='word_1_331' title='bbox 2925 2008 3058 2064; x_wconf 83' lang='lat' dir='ltr'><strong>ﬁdes</strong></span> <span class='ocrx_word' id='word_1_332' title='bbox 3093 2025 3189 2080; x_wconf 92' lang='lat' dir='ltr'><strong>per</strong></span> <span class='ocrx_word' id='word_1_333' title='bbox 3220 2025 3383 2082; x_wconf 86' lang='lat' dir='ltr'><strong>opera</strong></span> <span class='ocrx_word' id='word_1_334' title='bbox 3437 2027 3590 2068; x_wconf 90' lang='lat' dir='ltr'><strong>com-</strong></span> 
     </span>
    </p>
   </div>
   <div class='ocr_carea' id='block_1_48' title="bbox 2007 2104 2294 2175">
    <p class='ocr_par' dir='ltr' id='par_1_48' title="bbox 2007 2104 2294 2175">
     <span class='ocr_line' id='line_1_48' title="bbox 2007 2104 2294 2175; baseline 0.003 -19"><span class='ocrx_word' id='word_1_335' title='bbox 2007 2104 2294 2175; x_wconf 86' lang='lat' dir='ltr'><strong>probatur.</strong></span> 
     </span>
    </p>
   </div>
   <div class='ocr_carea' id='block_1_49' title="bbox 2075 2273 3587 2344">
    <p class='ocr_par' dir='ltr' id='par_1_49' title="bbox 2075 2273 3587 2344">
     <span class='ocr_line' id='line_1_49' title="bbox 2075 2273 3587 2344; baseline 0.001 -13"><span class='ocrx_word' id='word_1_336' title='bbox 2075 2276 2185 2332; x_wconf 85' lang='lat' dir='ltr'><strong>Cur</strong></span> <span class='ocrx_word' id='word_1_337' title='bbox 2220 2276 2276 2329; x_wconf 87' lang='lat' dir='ltr'><strong>in</strong></span> <span class='ocrx_word' id='word_1_338' title='bbox 2302 2273 2617 2330; x_wconf 82' lang='lat' dir='ltr'><strong>Trinitatem</strong></span> <span class='ocrx_word' id='word_1_339' title='bbox 2638 2274 2990 2344; x_wconf 79' lang='lat' dir='ltr'><strong>baptizemur.</strong></span> <span class='ocrx_word' id='word_1_340' title='bbox 3012 2303 3083 2316; x_wconf 95' lang='lat'><strong>—</strong></span> <span class='ocrx_word' id='word_1_341' title='bbox 3110 2274 3191 2330; x_wconf 88' lang='lat' dir='ltr'><strong>Ob</strong></span> <span class='ocrx_word' id='word_1_342' title='bbox 3219 2275 3273 2331; x_wconf 90' lang='lat' dir='ltr'><strong>id</strong></span> <span class='ocrx_word' id='word_1_343' title='bbox 3305 2292 3435 2333; x_wconf 85' lang='lat' dir='ltr'><strong>vero</strong></span> <span class='ocrx_word' id='word_1_344' title='bbox 3530 2278 3587 2334; x_wconf 79' lang='lat' dir='ltr'><strong>it:</strong></span> 
     </span>
    </p>
   </div>
   <div class='ocr_carea' id='block_1_50' title="bbox 2006 2365 3605 2440">
    <p class='ocr_par' dir='ltr' id='par_1_50' title="bbox 2006 2365 3605 2440">
     <span class='ocr_line' id='line_1_50' title="bbox 2006 2365 3605 2440; baseline -0.001 -15"><span class='ocrx_word' id='word_1_345' title='bbox 2006 2378 2253 2425; x_wconf 86' lang='lat' dir='ltr'><strong>sanctam</strong></span> <span class='ocrx_word' id='word_1_346' title='bbox 2284 2365 2610 2422; x_wconf 88' lang='lat' dir='ltr'><strong>Trinitatem</strong></span> <span class='ocrx_word' id='word_1_347' title='bbox 2659 2366 3025 2435; x_wconf 89' lang='lat' dir='ltr'><strong>baptizamur,</strong></span> <span class='ocrx_word' id='word_1_348' title='bbox 3067 2367 3197 2438; x_wconf 88' lang='lat' dir='ltr'><strong>quia</strong></span> <span class='ocrx_word' id='word_1_349' title='bbox 3235 2384 3356 2438; x_wconf 77' lang='lat' dir='ltr'><strong>qua:</strong></span> <span class='ocrx_word' id='word_1_350' title='bbox 3402 2368 3605 2440; x_wconf 46' lang='lat' dir='ltr'><strong>hapti-l‘</strong></span> 
     </span>
    </p>
   </div>
   <div class='ocr_carea' id='block_1_51' title="bbox 2008 2458 3589 2526">
    <p class='ocr_par' dir='ltr' id='par_1_51' title="bbox 2008 2458 3589 2526">
     <span class='ocr_line' id='line_1_51' title="bbox 2008 2458 3589 2526; baseline 0 -10"><span class='ocrx_word' id='word_1_351' title='bbox 2008 2470 2227 2526; x_wconf 87' lang='lat' dir='ltr'><strong>zantur,</strong></span> <span class='ocrx_word' id='word_1_352' title='bbox 2257 2458 2323 2514; x_wconf 84' lang='lat' dir='ltr'><strong>ad</strong></span> <span class='ocrx_word' id='word_1_353' title='bbox 2358 2459 2464 2525; x_wconf 93' lang='lat' dir='ltr'><strong>sui,</strong></span> <span class='ocrx_word' id='word_1_354' title='bbox 2489 2468 2607 2513; x_wconf 94' lang='lat' dir='ltr'><strong>tum</strong></span> <span class='ocrx_word' id='word_1_355' title='bbox 2643 2458 3121 2524; x_wconf 87' lang='lat' dir='ltr'><strong>constitutionem,</strong></span> <span class='ocrx_word' id='word_1_356' title='bbox 3157 2465 3271 2513; x_wconf 89' lang='lat' dir='ltr'><strong>tum</strong></span> <span class='ocrx_word' id='word_1_357' title='bbox 3300 2475 3589 2517; x_wconf 85' lang='lat' dir='ltr'><strong>conserva-</strong></span> 
     </span>
    </p>
   </div>
   <div class='ocr_carea' id='block_1_52' title="bbox 2008 2547 3581 2622">
    <p class='ocr_par' dir='ltr' id='par_1_52' title="bbox 2008 2547 3581 2622">
     <span class='ocr_line' id='line_1_52' title="bbox 2008 2547 3581 2622; baseline 0.003 -19"><span class='ocrx_word' id='word_1_358' title='bbox 2008 2549 2237 2613; x_wconf 85' lang='lat' dir='ltr'><strong>tionem,</strong></span> <span class='ocrx_word' id='word_1_359' title='bbox 2261 2547 2552 2606; x_wconf 81' lang='lat' dir='ltr'><strong>Trinitatis</strong></span> <span class='ocrx_word' id='word_1_360' title='bbox 2576 2565 2745 2620; x_wconf 89' lang='lat' dir='ltr'><strong>opera</strong></span> <span class='ocrx_word' id='word_1_361' title='bbox 2770 2549 3054 2620; x_wconf 84' lang='lat' dir='ltr'><strong>indigent:</strong></span> <span class='ocrx_word' id='word_1_362' title='bbox 3090 2565 3190 2605; x_wconf 91' lang='lat' dir='ltr'><strong>nec</strong></span> <span class='ocrx_word' id='word_1_363' title='bbox 3221 2550 3337 2606; x_wconf 81' lang='lat' dir='ltr'><strong>ﬁeri</strong></span> <span class='ocrx_word' id='word_1_364' title='bbox 3379 2562 3581 2622; x_wconf 82' lang='lat' dir='ltr'><strong>potest,</strong></span> 
     </span>
    </p>
   </div>
   <div class='ocr_carea' id='block_1_53' title="bbox 2006 2640 3588 2713">
    <p class='ocr_par' dir='ltr' id='par_1_53' title="bbox 2006 2640 3588 2713">
     <span class='ocr_line' id='line_1_53' title="bbox 2006 2640 3588 2713; baseline 0.003 -19"><span class='ocrx_word' id='word_1_365' title='bbox 2006 2641 2139 2710; x_wconf 89' lang='lat' dir='ltr'><strong>quin</strong></span> <span class='ocrx_word' id='word_1_366' title='bbox 2190 2649 2302 2696; x_wconf 85' lang='lat' dir='ltr'><strong>tres</strong></span> <span class='ocrx_word' id='word_1_367' title='bbox 2349 2655 2602 2710; x_wconf 84' lang='lat' dir='ltr'><strong>personae</strong></span> <span class='ocrx_word' id='word_1_368' title='bbox 2636 2640 2740 2697; x_wconf 91' lang='lat' dir='ltr'><strong>sibi</strong></span> <span class='ocrx_word' id='word_1_369' title='bbox 2789 2641 3025 2697; x_wconf 72' lang='lat' dir='ltr'><strong>invicem</strong></span> <span class='ocrx_word' id='word_1_370' title='bbox 3071 2641 3293 2711; x_wconf 89' lang='lat' dir='ltr'><strong>adsint;</strong></span> <span class='ocrx_word' id='word_1_371' title='bbox 3328 2644 3588 2713; x_wconf 90' lang='lat' dir='ltr'><strong>quoniam</strong></span> 
     </span>
    </p>
   </div>
   <div class='ocr_carea' id='block_1_54' title="bbox 2007 2730 3092 2799">
    <p class='ocr_par' dir='ltr' id='par_1_54' title="bbox 2007 2730 3092 2799">
     <span class='ocr_line' id='line_1_54' title="bbox 2007 2730 3092 2799; baseline 0.004 -14"><span class='ocrx_word' id='word_1_372' title='bbox 2007 2730 2253 2788; x_wconf 84' lang='lat' dir='ltr'><strong>Trinitas</strong></span> <span class='ocrx_word' id='word_1_373' title='bbox 2283 2733 2599 2788; x_wconf 88' lang='lat' dir='ltr'><strong>nullatenus</strong></span> <span class='ocrx_word' id='word_1_374' title='bbox 2623 2733 2955 2799; x_wconf 86' lang='lat' dir='ltr'><strong>separabilis</strong></span> <span class='ocrx_word' id='word_1_375' title='bbox 2983 2744 3092 2790; x_wconf 90' lang='lat' dir='ltr'><strong>est.</strong></span> 
     </span>
    </p>
   </div>
   <div class='ocr_carea' id='block_1_55' title="bbox 2086 2823 3592 2899">
    <p class='ocr_par' dir='ltr' id='par_1_55' title="bbox 2086 2823 3592 2899">
     <span class='ocr_line' id='line_1_55' title="bbox 2086 2823 3592 2899; baseline 0.004 -22"><span class='ocrx_word' id='word_1_376' title='bbox 2086 2823 2251 2879; x_wconf 86' lang='lat' dir='ltr'><strong>Varia</strong></span> <span class='ocrx_word' id='word_1_377' title='bbox 2292 2824 2635 2893; x_wconf 79' lang='lat' dir='ltr'><strong>baptismata.</strong></span> <span class='ocrx_word' id='word_1_378' title='bbox 2667 2823 2896 2879; x_wconf 79' lang='lat' dir='ltr'><strong>Joannis</strong></span> <span class='ocrx_word' id='word_1_379' title='bbox 2922 2825 3188 2895; x_wconf 84' lang='lat' dir='ltr'><strong>baptisma</strong></span> <span class='ocrx_word' id='word_1_380' title='bbox 3211 2845 3243 2883; x_wconf 91' lang='lat' dir='ltr'><strong>a</strong></span> <span class='ocrx_word' id='word_1_381' title='bbox 3274 2829 3592 2899; x_wconf 80' lang='lat' dir='ltr'><strong>baptismate</strong></span> 
     </span>
    </p>
   </div>
   <div class='ocr_carea' id='block_1_56' title="bbox 2008 2914 3589 2990">
    <p class='ocr_par' dir='ltr' id='par_1_56' title="bbox 2008 2914 3589 2990">
     <span class='ocr_line' id='line_1_56' title="bbox 2008 2914 3589 2990; baseline 0.002 -21"><span class='ocrx_word' id='word_1_382' title='bbox 2008 2915 2209 2970; x_wconf 79' lang='lat' dir='ltr'><strong>Christi</strong></span> <span class='ocrx_word' id='word_1_383' title='bbox 2240 2915 2522 2969; x_wconf 78' lang='lat' dir='ltr'><strong>diversum.</strong></span> <span class='ocrx_word' id='word_1_384' title='bbox 2554 2914 2885 2970; x_wconf 73' lang='lat' dir='ltr'><strong>Pmnitentite</strong></span> <span class='ocrx_word' id='word_1_385' title='bbox 2938 2915 3267 2985; x_wconf 80' lang='lat' dir='ltr'><strong>baptismus;</strong></span> <span class='ocrx_word' id='word_1_386' title='bbox 3319 2920 3589 2990; x_wconf 81' lang='lat' dir='ltr'><strong>martyrii,</strong></span> 
     </span>
    </p>
   </div>
   <div class='ocr_carea' id='block_1_57' title="bbox 2005 3006 3589 3079">
    <p class='ocr_par' dir='ltr' id='par_1_57' title="bbox 2005 3006 3589 3079">
     <span class='ocr_line' id='line_1_57' title="bbox 2005 3006 3589 3079; baseline 0.003 -18"><span class='ocrx_word' id='word_1_387' title='bbox 2005 3017 2054 3061; x_wconf 89' lang='lat' dir='ltr'><strong>et</strong></span> <span class='ocrx_word' id='word_1_388' title='bbox 2093 3007 2193 3062; x_wconf 84' lang='lat' dir='ltr'><strong>iste</strong></span> <span class='ocrx_word' id='word_1_389' title='bbox 2226 3006 2628 3071; x_wconf 79' lang='lat' dir='ltr'><strong>nobilissimus;</strong></span> <span class='ocrx_word' id='word_1_390' title='bbox 2678 3006 2974 3077; x_wconf 81' lang='lat' dir='ltr'><strong>baptismus</strong></span> <span class='ocrx_word' id='word_1_391' title='bbox 3024 3010 3329 3079; x_wconf 80' lang='lat' dir='ltr'><strong>sempiterni</strong></span> <span class='ocrx_word' id='word_1_392' title='bbox 3377 3012 3589 3065; x_wconf 82' lang='lat' dir='ltr'><strong>crucia-</strong></span> 
     </span>
    </p>
   </div>
   <div class='ocr_carea' id='block_1_58' title="bbox 2009 3098 3589 3175">
    <p class='ocr_par' dir='ltr' id='par_1_58' title="bbox 2009 3098 3589 3175">
     <span class='ocr_line' id='line_1_58' title="bbox 2009 3098 3589 3175; baseline 0.004 -22"><span class='ocrx_word' id='word_1_393' title='bbox 2009 3107 2114 3154; x_wconf 75' lang='lat' dir='ltr'><strong>tus.</strong></span> <span class='ocrx_word' id='word_1_394' title='bbox 2145 3130 2220 3142; x_wconf 95' lang='lat'><strong><em>—</em></strong></span> <span class='ocrx_word' id='word_1_395' title='bbox 2250 3098 2498 3154; x_wconf 90' lang='lat' dir='ltr'><strong>Primum</strong></span> <span class='ocrx_word' id='word_1_396' title='bbox 2627 3100 2903 3172; x_wconf 88' lang='lat' dir='ltr'><strong>baptisma</strong></span> <span class='ocrx_word' id='word_1_397' title='bbox 2941 3101 3212 3157; x_wconf 85' lang='lat' dir='ltr'><strong>diluvium</strong></span> <span class='ocrx_word' id='word_1_398' title='bbox 3265 3103 3403 3171; x_wconf 80' lang='lat' dir='ltr'><strong>fuit,</strong></span> <span class='ocrx_word' id='word_1_399' title='bbox 3445 3105 3589 3175; x_wconf 88' lang='lat' dir='ltr'><strong>quod</strong></span> 
     </span>
    </p>
   </div>
   <div class='ocr_carea' id='block_1_59' title="bbox 328 3172 1907 3265">
    <p class='ocr_par' dir='ltr' id='par_1_59' title="bbox 328 3172 1907 3265">
     <span class='ocr_line' id='line_1_59' title="bbox 328 3172 1907 3265; baseline 0.004 -24"><span class='ocrx_word' id='word_1_400' title='bbox 328 3190 438 3253; x_wconf 73' lang='grc' dir='ltr'>πᾶς</span> <span class='ocrx_word' id='word_1_401' title='bbox 470 3189 580 3261; x_wconf 85' lang='grc' dir='ltr'><strong>γάρ</strong></span> <span class='ocrx_word' id='word_1_402' title='bbox 625 3190 935 3265; x_wconf 85' lang='grc' dir='ltr'>ἀκάθαρτος</span> <span class='ocrx_word' id='word_1_403' title='bbox 968 3192 1268 3248; x_wconf 86' lang='grc' dir='ltr'>ἀπελούετο</span> <span class='ocrx_word' id='word_1_404' title='bbox 1312 3172 1495 3258; x_wconf 72' lang='grc' dir='ltr'>ὕδατι,</span> <span class='ocrx_word' id='word_1_405' title='bbox 1530 3193 1726 3247; x_wconf 78' lang='grc' dir='ltr'>ἔπλυνέ</span> <span class='ocrx_word' id='word_1_406' title='bbox 1755 3211 1815 3247; x_wconf 91' lang='grc' dir='ltr'><strong>τε</strong></span> <span class='ocrx_word' id='word_1_407' title='bbox 1840 3193 1907 3248; x_wconf 84' lang='grc' dir='ltr'>τὰ</span> 
     </span>
    </p>
   </div>
   <div class='ocr_carea' id='block_1_60' title="bbox 2014 3172 3593 3265">
    <p class='ocr_par' dir='ltr' id='par_1_60' title="bbox 2014 3172 3593 3264">
     <span class='ocr_line' id='line_1_60' title="bbox 2014 3172 3593 3264; baseline 0.003 -19"><span class='ocrx_word' id='word_1_408' title='bbox 2014 3188 2364 3246; x_wconf 81' lang='lat' dir='ltr'><strong>exscindendi</strong></span> <span class='ocrx_word' id='word_1_409' title='bbox 2423 3188 2636 3260; x_wconf 90' lang='lat' dir='ltr'><strong>peccati</strong></span> <span class='ocrx_word' id='word_1_410' title='bbox 2712 3204 2880 3245; x_wconf 88' lang='lat' dir='ltr'><strong>causa</strong></span> <span class='ocrx_word' id='word_1_411' title='bbox 2953 3192 3204 3264; x_wconf 79' lang='lat' dir='ltr'><strong>contigit.</strong></span> <span class='ocrx_word' id='word_1_412' title='bbox 3280 3172 3593 3250; x_wconf 79' lang='lat' dir='ltr'><strong>Secundum</strong></span> 
     </span>
    </p>
   </div>
   <div class='ocr_carea' id='block_1_61' title="bbox 329 3279 1911 3360">
    <p class='ocr_par' dir='ltr' id='par_1_61' title="bbox 329 3279 1911 3360">
     <span class='ocr_line' id='line_1_61' title="bbox 329 3279 1911 3360; baseline 0.007 -29"><span class='ocrx_word' id='word_1_413' title='bbox 329 3279 551 3349; x_wconf 73' lang='grc' dir='ltr'>ἱμάτια,</span> <span class='ocrx_word' id='word_1_414' title='bbox 589 3282 684 3336; x_wconf 70' lang='grc' dir='ltr'>καὶ</span> <span class='ocrx_word' id='word_1_415' title='bbox 713 3282 884 3350; x_wconf 76' lang='grc' dir='ltr'>οὕτως</span> <span class='ocrx_word' id='word_1_416' title='bbox 915 3285 1089 3357; x_wconf 77' lang='grc' dir='ltr'>εἰσῄει</span> <span class='ocrx_word' id='word_1_417' title='bbox 1135 3289 1216 3351; x_wconf 84' lang='grc' dir='ltr'><strong>είς</strong></span> <span class='ocrx_word' id='word_1_418' title='bbox 1248 3288 1349 3359; x_wconf 79' lang='grc' dir='ltr'><strong>τὴν</strong></span> <span class='ocrx_word' id='word_1_419' title='bbox 1399 3288 1775 3360; x_wconf 74' lang='grc' dir='ltr'>παρεμϐολήν.</span> <span class='ocrx_word' id='word_1_420' title='bbox 1809 3280 1911 3342; x_wconf 79' lang='grc' dir='ltr'><strong>Τέ-</strong></span> 
     </span>
    </p>
   </div>
   <div class='ocr_carea' id='block_1_62' title="bbox 324 3374 1910 3454">
    <p class='ocr_par' dir='ltr' id='par_1_62' title="bbox 324 3374 1910 3454">
     <span class='ocr_line' id='line_1_62' title="bbox 324 3374 1910 3454; baseline 0.005 -29"><span class='ocrx_word' id='word_1_421' title='bbox 324 3389 524 3444; x_wconf 89' lang='grc' dir='ltr'>ταρτον</span> <span class='ocrx_word' id='word_1_422' title='bbox 551 3374 614 3427; x_wconf 83' lang='grc' dir='ltr'>τὸ</span> <span class='ocrx_word' id='word_1_423' title='bbox 650 3376 899 3433; x_wconf 79' lang='grc' dir='ltr'>Ἰωάννου</span> <span class='ocrx_word' id='word_1_424' title='bbox 928 3416 945 3442; x_wconf 86' lang='grc'><strong>,</strong></span> <span class='ocrx_word' id='word_1_425' title='bbox 1100 3382 1464 3450; x_wconf 83' lang='grc' dir='ltr'>είσαγωγικὺν</span> <span class='ocrx_word' id='word_1_426' title='bbox 1498 3382 1745 3454; x_wconf 79' lang='grc' dir='ltr'>ὑπάρχον</span> <span class='ocrx_word' id='word_1_427' title='bbox 1768 3421 1782 3445; x_wconf 90' lang='grc'><strong>,</strong></span> <span class='ocrx_word' id='word_1_428' title='bbox 1814 3380 1910 3434; x_wconf 77' lang='grc' dir='ltr'><strong>καὶ</strong></span> 
     </span>
    </p>
   </div>
   <div class='ocr_carea' id='block_1_63' title="bbox 324 3464 1911 3543">
    <p class='ocr_par' dir='ltr' id='par_1_63' title="bbox 324 3464 1911 3543">
     <span class='ocr_line' id='line_1_63' title="bbox 324 3464 1911 3543; baseline 0.008 -27"><span class='ocrx_word' id='word_1_429' title='bbox 324 3464 406 3528; x_wconf 83' lang='grc' dir='ltr'><strong>είς</strong></span> <span class='ocrx_word' id='word_1_430' title='bbox 442 3465 729 3535; x_wconf 87' lang='grc' dir='ltr'>μετάνοιαν</span> <span class='ocrx_word' id='word_1_431' title='bbox 755 3468 887 3539; x_wconf 78' lang='grc' dir='ltr'>ἄγον</span> <span class='ocrx_word' id='word_1_432' title='bbox 916 3470 1044 3534; x_wconf 76' lang='grc' dir='ltr'>τοὺς</span> <span class='ocrx_word' id='word_1_433' title='bbox 1075 3470 1530 3543; x_wconf 81' lang='grc' dir='ltr'>βαπτιζομένους,</span> <span class='ocrx_word' id='word_1_434' title='bbox 1553 3473 1639 3528; x_wconf 77' lang='grc' dir='ltr'><strong>ἵνα</strong></span> <span class='ocrx_word' id='word_1_435' title='bbox 1671 3476 1752 3537; x_wconf 83' lang='grc' dir='ltr'><strong>είς</strong></span> <span class='ocrx_word' id='word_1_436' title='bbox 1776 3474 1911 3543; x_wconf 82' lang='grc' dir='ltr'><strong>Χρι-¹</strong></span> 
     </span>
    </p>
   </div>
   <div class='ocr_carea' id='block_1_64' title="bbox 327 3556 1911 3634">
    <p class='ocr_par' dir='ltr' id='par_1_64' title="bbox 327 3556 1911 3634">
     <span class='ocr_line' id='line_1_64' title="bbox 327 3556 1911 3634; baseline 0.006 -26"><span class='ocrx_word' id='word_1_437' title='bbox 327 3556 456 3609; x_wconf 85' lang='grc' dir='ltr'>στὸν</span> <span class='ocrx_word' id='word_1_438' title='bbox 503 3560 890 3619; x_wconf 89' lang='grc' dir='ltr'>πιστεύσωσιν.</span> <span class='ocrx_word' id='word_1_439' title='bbox 926 3564 1068 3633; x_wconf 75' lang='grc' dir='ltr'>Ἐγὼ</span> <span class='ocrx_word' id='word_1_440' title='bbox 1104 3565 1214 3633; x_wconf 76' lang='grc' dir='ltr'>γὰρ</span> <span class='ocrx_word' id='word_1_441' title='bbox 1244 3564 1431 3634; x_wconf 83' lang='grc' dir='ltr'>ὑμᾶς,</span> <span class='ocrx_word' id='word_1_442' title='bbox 1462 3566 1618 3634; x_wconf 69' lang='grc' dir='ltr'>φησὶ,</span> <span class='ocrx_word' id='word_1_443' title='bbox 1643 3559 1911 3628; x_wconf 75' lang='grc' dir='ltr'>βαπτίζω</span> 
     </span>
    </p>
   </div>
   <div class='ocr_carea' id='block_1_65' title="bbox 322 3647 1906 3723">
    <p class='ocr_par' dir='ltr' id='par_1_65' title="bbox 322 3647 1906 3723">
     <span class='ocr_line' id='line_1_65' title="bbox 322 3647 1906 3723; baseline 0.006 -22"><span class='ocrx_word' id='word_1_444' title='bbox 322 3647 500 3703; x_wconf 81' lang='grc' dir='ltr'>ὕδατι</span> <span class='ocrx_word' id='word_1_445' title='bbox 522 3666 536 3680; x_wconf 80' lang='lat'>&#39;</span> <span class='ocrx_word' id='word_1_446' title='bbox 570 3652 603 3705; x_wconf 83' lang='grc' dir='ltr'><em>ὀ</em></span> <span class='ocrx_word' id='word_1_447' title='bbox 637 3651 707 3704; x_wconf 73' lang='grc' dir='ltr'><em>δὲ</em></span> <span class='ocrx_word' id='word_1_448' title='bbox 740 3651 933 3707; x_wconf 81' lang='grc' dir='ltr'>ὀπίσω</span> <span class='ocrx_word' id='word_1_449' title='bbox 959 3671 1079 3722; x_wconf 84' lang='grc' dir='ltr'>μου</span> <span class='ocrx_word' id='word_1_450' title='bbox 1114 3655 1469 3723; x_wconf 71' lang='grc' dir='ltr'>ἐρχόμενος,</span> <span class='ocrx_word' id='word_1_451' title='bbox 1511 3654 1694 3719; x_wconf 82' lang='grc' dir='ltr'>αὐτὸς</span> <span class='ocrx_word' id='word_1_452' title='bbox 1731 3652 1906 3723; x_wconf 80' lang='grc' dir='ltr'>ὑμᾶς,</span> 
     </span>
    </p>
   </div>
   <div class='ocr_carea' id='block_1_66' title="bbox 323 3740 1909 3816">
    <p class='ocr_par' dir='ltr' id='par_1_66' title="bbox 323 3740 1909 3816">
     <span class='ocr_line' id='line_1_66' title="bbox 323 3740 1909 3816; baseline 0.005 -24"><span class='ocrx_word' id='word_1_453' title='bbox 323 3740 484 3810; x_wconf 73' lang='grc' dir='ltr'>φησὶ,</span> <span class='ocrx_word' id='word_1_454' title='bbox 511 3741 802 3804; x_wconf 78' lang='grc' dir='ltr'>,βαπτίσει</span> <span class='ocrx_word' id='word_1_455' title='bbox 830 3742 900 3795; x_wconf 81' lang='grc' dir='ltr'><strong>ἐν</strong></span> <span class='ocrx_word' id='word_1_456' title='bbox 931 3744 1229 3813; x_wconf 79' lang='grc' dir='ltr'>Πνεύματι</span> <span class='ocrx_word' id='word_1_457' title='bbox 1256 3744 1402 3815; x_wconf 77' lang='grc' dir='ltr'>ἁγίῳ</span> <span class='ocrx_word' id='word_1_458' title='bbox 1435 3745 1532 3799; x_wconf 78' lang='grc' dir='ltr'><strong>καί</strong></span> <span class='ocrx_word' id='word_1_459' title='bbox 1570 3746 1731 3815; x_wconf 79' lang='grc' dir='ltr'>πυρί.</span> <span class='ocrx_word' id='word_1_460' title='bbox 1767 3745 1909 3816; x_wconf 84' lang='grc' dir='ltr'>Προ-</span> 
     </span>
    </p>
   </div>
   <div class='ocr_carea' id='block_1_67' title="bbox 322 3826 1909 3905">
    <p class='ocr_par' dir='ltr' id='par_1_67' title="bbox 322 3826 1909 3905">
     <span class='ocr_line' id='line_1_67' title="bbox 322 3826 1909 3905; baseline 0.004 -22"><span class='ocrx_word' id='word_1_461' title='bbox 322 3830 584 3901; x_wconf 85' lang='grc' dir='ltr'>καθαίρει</span> <span class='ocrx_word' id='word_1_462' title='bbox 633 3826 726 3884; x_wconf 79' lang='grc' dir='ltr'>οὖν</span> <span class='ocrx_word' id='word_1_463' title='bbox 773 3832 801 3884; x_wconf 87' lang='grc' dir='ltr'>ὀ</span> <span class='ocrx_word' id='word_1_464' title='bbox 850 3832 1106 3903; x_wconf 81' lang='grc' dir='ltr'>Ἰωάννης</span> <span class='ocrx_word' id='word_1_465' title='bbox 1156 3833 1250 3887; x_wconf 77' lang='grc' dir='ltr'><strong>ἐπὶ</strong></span> <span class='ocrx_word' id='word_1_466' title='bbox 1306 3833 1368 3887; x_wconf 81' lang='grc' dir='ltr'>τὸ</span> <span class='ocrx_word' id='word_1_467' title='bbox 1415 3834 1641 3905; x_wconf 77' lang='grc' dir='ltr'>Πνεῦμα</span> <span class='ocrx_word' id='word_1_468' title='bbox 1689 3835 1777 3889; x_wconf 86' lang='grc' dir='ltr'>διά</span> <span class='ocrx_word' id='word_1_469' title='bbox 1816 3833 1909 3890; x_wconf 80' lang='grc' dir='ltr'>τοῦ</span> 
     </span>
    </p>
   </div>
   <div class='ocr_carea' id='block_1_68' title="bbox 317 3920 1910 3998">
    <p class='ocr_par' dir='ltr' id='par_1_68' title="bbox 317 3920 1910 3998">
     <span class='ocr_line' id='line_1_68' title="bbox 317 3920 1910 3998; baseline 0.005 -24"><span class='ocrx_word' id='word_1_470' title='bbox 317 3920 536 3985; x_wconf 78' lang='grc' dir='ltr'>ὓδατος.</span> <span class='ocrx_word' id='word_1_471' title='bbox 564 3922 840 3993; x_wconf 83' lang='grc' dir='ltr'>Πέμπτον,</span> <span class='ocrx_word' id='word_1_472' title='bbox 876 3924 937 3977; x_wconf 83' lang='grc' dir='ltr'><strong>τὸ</strong></span> <span class='ocrx_word' id='word_1_473' title='bbox 971 3924 1067 3977; x_wconf 77' lang='grc' dir='ltr'>τοῦ</span> <span class='ocrx_word' id='word_1_474' title='bbox 1116 3925 1326 3998; x_wconf 74' lang='grc' dir='ltr'>Κυρίου</span> <span class='ocrx_word' id='word_1_475' title='bbox 1364 3927 1669 3998; x_wconf 74' lang='grc' dir='ltr'>βάπτισμα,</span> <span class='ocrx_word' id='word_1_476' title='bbox 1694 3928 1722 3982; x_wconf 82' lang='grc' dir='ltr'><strong>ὃ</strong></span> <span class='ocrx_word' id='word_1_477' title='bbox 1746 3929 1910 3994; x_wconf 80' lang='grc' dir='ltr'>αὐτὸς</span> 
     </span>
    </p>
   </div>
   <div class='ocr_carea' id='block_1_69' title="bbox 316 4014 1910 4093">
    <p class='ocr_par' dir='ltr' id='par_1_69' title="bbox 316 4014 1910 4093">
     <span class='ocr_line' id='line_1_69' title="bbox 316 4014 1910 4093; baseline 0.005 -26"><span class='ocrx_word' id='word_1_478' title='bbox 316 4014 682 4069; x_wconf 77' lang='grc' dir='ltr'>ὲόαπτίσατο.</span> <span class='ocrx_word' id='word_1_479' title='bbox 726 4016 1065 4081; x_wconf 76' lang='grc' dir='ltr'>Βαπτίζεται</span> <span class='ocrx_word' id='word_1_480' title='bbox 1103 4018 1179 4081; x_wconf 82' lang='grc' dir='ltr'>δὲ,</span> <span class='ocrx_word' id='word_1_481' title='bbox 1218 4017 1317 4089; x_wconf 83' lang='grc' dir='ltr'><strong>οὐχ</strong></span> <span class='ocrx_word' id='word_1_482' title='bbox 1364 4019 1442 4083; x_wconf 85' lang='grc' dir='ltr'>ὡς</span> <span class='ocrx_word' id='word_1_483' title='bbox 1493 4020 1658 4083; x_wconf 72' lang='grc' dir='ltr'>αὐτὸς</span> <span class='ocrx_word' id='word_1_484' title='bbox 1695 4021 1910 4093; x_wconf 78' lang='grc' dir='ltr'>χρῄζων</span> 
     </span>
    </p>
   </div>
   <div class='ocr_carea' id='block_1_70' title="bbox 318 4106 1907 4184">
    <p class='ocr_par' dir='ltr' id='par_1_70' title="bbox 318 4106 1907 4184">
     <span class='ocr_line' id='line_1_70' title="bbox 318 4106 1907 4184; baseline 0.004 -23"><span class='ocrx_word' id='word_1_485' title='bbox 318 4106 670 4177; x_wconf 79' lang='grc' dir='ltr'>καθάρσεως,</span> <span class='ocrx_word' id='word_1_486' title='bbox 706 4108 844 4163; x_wconf 85' lang='grc' dir='ltr'>ἀλλά</span> <span class='ocrx_word' id='word_1_487' title='bbox 893 4110 992 4182; x_wconf 80' lang='grc' dir='ltr'>τὴν</span> <span class='ocrx_word' id='word_1_488' title='bbox 1041 4111 1182 4183; x_wconf 77' lang='grc' dir='ltr'>ἐμὴν</span> <span class='ocrx_word' id='word_1_489' title='bbox 1214 4112 1585 4184; x_wconf 84' lang='grc' dir='ltr'>οἰκειούμενος</span> <span class='ocrx_word' id='word_1_490' title='bbox 1616 4113 1907 4184; x_wconf 84' lang='grc' dir='ltr'>κάθαρσιν,</span> 
     </span>
    </p>
   </div>
   <div class='ocr_carea' id='block_1_71' title="bbox 319 4201 1909 4279">
    <p class='ocr_par' dir='ltr' id='par_1_71' title="bbox 319 4201 1909 4279">
     <span class='ocr_line' id='line_1_71' title="bbox 319 4201 1909 4279; baseline 0.005 -26"><span class='ocrx_word' id='word_1_491' title='bbox 319 4201 415 4253; x_wconf 79' lang='grc' dir='ltr'>ἵνα</span> <span class='ocrx_word' id='word_1_492' title='bbox 450 4201 715 4274; x_wconf 76' lang='grc' dir='ltr'>συντρίψῃ</span> <span class='ocrx_word' id='word_1_493' title='bbox 768 4201 867 4267; x_wconf 83' lang='grc' dir='ltr'><strong>τάς</strong></span> <span class='ocrx_word' id='word_1_494' title='bbox 900 4203 1146 4273; x_wconf 82' lang='grc' dir='ltr'>κεφαλάς</span> <span class='ocrx_word' id='word_1_495' title='bbox 1181 4205 1290 4259; x_wconf 82' lang='grc' dir='ltr'><strong>τῶν</strong></span> <span class='ocrx_word' id='word_1_496' title='bbox 1316 4206 1625 4279; x_wconf 85' lang='grc' dir='ltr'>δρακόντων</span> <span class='ocrx_word' id='word_1_497' title='bbox 1680 4208 1775 4260; x_wconf 73' lang='grc' dir='ltr'><strong>ἐπὶ</strong></span> <span class='ocrx_word' id='word_1_498' title='bbox 1814 4207 1909 4261; x_wconf 82' lang='grc' dir='ltr'>τοῦ</span> 
     </span>
    </p>
   </div>
   <div class='ocr_carea' id='block_1_72' title="bbox 319 4292 1910 4368">
    <p class='ocr_par' dir='ltr' id='par_1_72' title="bbox 319 4292 1910 4368">
     <span class='ocr_line' id='line_1_72' title="bbox 319 4292 1910 4368; baseline 0.004 -23"><span class='ocrx_word' id='word_1_499' title='bbox 319 4292 539 4357; x_wconf 83' lang='grc' dir='ltr'>ὓδατος,</span> <span class='ocrx_word' id='word_1_500' title='bbox 578 4293 667 4348; x_wconf 81' lang='grc' dir='ltr'><strong>ἵνα</strong></span> <span class='ocrx_word' id='word_1_501' title='bbox 700 4294 874 4367; x_wconf 82' lang='grc' dir='ltr'>κλύσῃ</span> <span class='ocrx_word' id='word_1_502' title='bbox 927 4294 1025 4367; x_wconf 78' lang='grc' dir='ltr'>τὴν</span> <span class='ocrx_word' id='word_1_503' title='bbox 1074 4297 1374 4368; x_wconf 83' lang='grc' dir='ltr'>ἁμαρτίαν,</span> <span class='ocrx_word' id='word_1_504' title='bbox 1426 4299 1521 4352; x_wconf 78' lang='grc' dir='ltr'>καὶ</span> <span class='ocrx_word' id='word_1_505' title='bbox 1577 4298 1758 4354; x_wconf 86' lang='grc' dir='ltr'>πάντα</span> <span class='ocrx_word' id='word_1_506' title='bbox 1818 4300 1910 4353; x_wconf 70' lang='grc' dir='ltr'>τὸν</span> 
     </span>
    </p>
   </div>
   <div class='ocr_carea' id='block_1_73' title="bbox 320 4385 1910 4462">
    <p class='ocr_par' dir='ltr' id='par_1_73' title="bbox 320 4385 1910 4462">
     <span class='ocr_line' id='line_1_73' title="bbox 320 4385 1910 4462; baseline 0.004 -24"><span class='ocrx_word' id='word_1_507' title='bbox 320 4385 557 4440; x_wconf 69' lang='grc' dir='ltr'>παλαιὸν</span> <span class='ocrx_word' id='word_1_508' title='bbox 598 4386 771 4456; x_wconf 80' lang='grc' dir='ltr'>Ἀδάμ</span> <span class='ocrx_word' id='word_1_509' title='bbox 823 4387 1038 4461; x_wconf 79' lang='grc' dir='ltr'>ὲνθὰψῃ</span> <span class='ocrx_word' id='word_1_510' title='bbox 1082 4389 1160 4458; x_wconf 83' lang='grc' dir='ltr'>τῷ</span> <span class='ocrx_word' id='word_1_511' title='bbox 1205 4388 1398 4452; x_wconf 78' lang='grc' dir='ltr'>ὖδατι,”</span> <span class='ocrx_word' id='word_1_512' title='bbox 1431 4390 1518 4443; x_wconf 82' lang='grc' dir='ltr'>ἵνα</span> <span class='ocrx_word' id='word_1_513' title='bbox 1553 4390 1757 4462; x_wconf 79' lang='grc' dir='ltr'>ἁγιάσῃ</span> <span class='ocrx_word' id='word_1_514' title='bbox 1817 4391 1910 4445; x_wconf 80' lang='grc' dir='ltr'><strong>τὸν</strong></span> 
     </span>
    </p>
   </div>
   <div class='ocr_carea' id='block_1_74' title="bbox 2008 3280 3594 3353">
    <p class='ocr_par' dir='ltr' id='par_1_74' title="bbox 2008 3280 3594 3353">
     <span class='ocr_line' id='line_1_74' title="bbox 2008 3280 3594 3353; baseline 0.002 -15"><span class='ocrx_word' id='word_1_515' title='bbox 2008 3283 2140 3339; x_wconf 92' lang='lat' dir='ltr'><strong>illud</strong></span> <span class='ocrx_word' id='word_1_516' title='bbox 2186 3280 2312 3349; x_wconf 81' lang='lat' dir='ltr'><strong>fuit,</strong></span> <span class='ocrx_word' id='word_1_517' title='bbox 2355 3280 2502 3353; x_wconf 91' lang='lat' dir='ltr'><strong>quod</strong></span> <span class='ocrx_word' id='word_1_518' title='bbox 2536 3296 2633 3352; x_wconf 89' lang='lat' dir='ltr'><strong>per</strong></span> <span class='ocrx_word' id='word_1_519' title='bbox 2673 3297 2822 3337; x_wconf 89' lang='lat' dir='ltr'><strong>mare</strong></span> <span class='ocrx_word' id='word_1_520' title='bbox 2854 3290 2909 3339; x_wconf 90' lang='lat' dir='ltr'><strong>et</strong></span> <span class='ocrx_word' id='word_1_521' title='bbox 2938 3284 3141 3339; x_wconf 92' lang='lat' dir='ltr'><strong>nubem</strong></span> <span class='ocrx_word' id='word_1_522' title='bbox 3174 3285 3378 3339; x_wconf 81' lang='lat' dir='ltr'><strong>factum</strong></span> <span class='ocrx_word' id='word_1_523' title='bbox 3410 3294 3494 3340; x_wconf 89' lang='lat' dir='ltr'><strong>est</strong></span> <span class='ocrx_word' id='word_1_524' title='bbox 3553 3288 3594 3341; x_wconf 87' lang='grc'><strong>³.</strong></span> 
     </span>
    </p>
   </div>
   <div class='ocr_carea' id='block_1_75' title="bbox 2009 3371 3591 3447">
    <p class='ocr_par' dir='ltr' id='par_1_75' title="bbox 2009 3371 3591 3447">
     <span class='ocr_line' id='line_1_75' title="bbox 2009 3371 3591 3447; baseline 0.001 -17"><span class='ocrx_word' id='word_1_525' title='bbox 2009 3373 2293 3446; x_wconf 86' lang='lat' dir='ltr'><strong>Siquidem</strong></span> <span class='ocrx_word' id='word_1_526' title='bbox 2354 3373 2550 3439; x_wconf 90' lang='lat' dir='ltr'><strong>nubes,</strong></span> <span class='ocrx_word' id='word_1_527' title='bbox 2613 3371 2890 3444; x_wconf 89' lang='lat' dir='ltr'><strong>Spiritus;</strong></span> <span class='ocrx_word' id='word_1_528' title='bbox 2939 3390 3111 3440; x_wconf 91' lang='lat' dir='ltr'><strong>mare,</strong></span> <span class='ocrx_word' id='word_1_529' title='bbox 3153 3390 3307 3447; x_wconf 71' lang='lat' dir='ltr'><strong>aqua:</strong></span> <span class='ocrx_word' id='word_1_530' title='bbox 3364 3375 3591 3447; x_wconf 82' lang='lat' dir='ltr'><strong>ﬁguram</strong></span> 
     </span>
    </p>
   </div>
   <div class='ocr_carea' id='block_1_76' title="bbox 2009 3457 3593 3538">
    <p class='ocr_par' dir='ltr' id='par_1_76' title="bbox 2009 3457 3593 3538">
     <span class='ocr_line' id='line_1_76' title="bbox 2009 3457 3593 3538; baseline -0.001 -16"><span class='ocrx_word' id='word_1_531' title='bbox 2009 3467 2229 3538; x_wconf 77' lang='lat' dir='ltr'><strong>gerebat</strong></span> <span class='ocrx_word' id='word_1_532' title='bbox 2285 3457 2326 3519; x_wconf 72' lang='grc'><strong>⁸.</strong></span> <span class='ocrx_word' id='word_1_533' title='bbox 2363 3464 2610 3520; x_wconf 86' lang='lat' dir='ltr'><strong>Tertium</strong></span> <span class='ocrx_word' id='word_1_534' title='bbox 2644 3464 2819 3533; x_wconf 80' lang='lat' dir='ltr'><strong>legale</strong></span> <span class='ocrx_word' id='word_1_535' title='bbox 2856 3476 2993 3520; x_wconf 89' lang='lat' dir='ltr'><strong>erat.</strong></span> <span class='ocrx_word' id='word_1_536' title='bbox 3022 3467 3288 3537; x_wconf 84' lang='lat' dir='ltr'><strong>Quisquis</strong></span> <span class='ocrx_word' id='word_1_537' title='bbox 3318 3468 3462 3522; x_wconf 89' lang='lat' dir='ltr'><strong>enim</strong></span> <span class='ocrx_word' id='word_1_538' title='bbox 3496 3469 3593 3520; x_wconf 82' lang='lat' dir='ltr'><strong>im-</strong></span> 
     </span>
    </p>
   </div>
   <div class='ocr_carea' id='block_1_77' title="bbox 2009 3551 3591 3623">
    <p class='ocr_par' dir='ltr' id='par_1_77' title="bbox 2009 3551 3591 3623">
     <span class='ocr_line' id='line_1_77' title="bbox 2009 3551 3591 3623; baseline 0.003 -18"><span class='ocrx_word' id='word_1_539' title='bbox 2009 3554 2247 3605; x_wconf 81' lang='lat' dir='ltr'><strong>munlus</strong></span> <span class='ocrx_word' id='word_1_540' title='bbox 2284 3557 2453 3614; x_wconf 87' lang='lat' dir='ltr'><strong>esset,</strong></span> <span class='ocrx_word' id='word_1_541' title='bbox 2510 3564 2653 3619; x_wconf 88' lang='lat' dir='ltr'><strong>aqua</strong></span> <span class='ocrx_word' id='word_1_542' title='bbox 2707 3551 3055 3615; x_wconf 86' lang='lat' dir='ltr'><strong>abluebatur,</strong></span> <span class='ocrx_word' id='word_1_543' title='bbox 3116 3563 3297 3610; x_wconf 73' lang='lat' dir='ltr'><strong>vestes</strong></span> <span class='ocrx_word' id='word_1_544' title='bbox 3354 3556 3591 3623; x_wconf 82' lang='lat' dir='ltr'><strong>lavabat,</strong></span> 
     </span>
    </p>
   </div>
   <div class='ocr_carea' id='block_1_78' title="bbox 2009 3645 3595 3718">
    <p class='ocr_par' dir='ltr' id='par_1_78' title="bbox 2009 3645 3595 3718">
     <span class='ocr_line' id='line_1_78' title="bbox 2009 3645 3595 3718; baseline 0.004 -17"><span class='ocrx_word' id='word_1_545' title='bbox 2009 3657 2174 3717; x_wconf 89' lang='lat' dir='ltr'><strong>atque</strong></span> <span class='ocrx_word' id='word_1_546' title='bbox 2226 3646 2301 3701; x_wconf 90' lang='lat' dir='ltr'><strong>ita</strong></span> <span class='ocrx_word' id='word_1_547' title='bbox 2358 3646 2412 3701; x_wconf 93' lang='lat' dir='ltr'><strong>in</strong></span> <span class='ocrx_word' id='word_1_548' title='bbox 2465 3655 2648 3702; x_wconf 88' lang='lat' dir='ltr'><strong>castra</strong></span> <span class='ocrx_word' id='word_1_549' title='bbox 2688 3646 3100 3718; x_wconf 88' lang='lat' dir='ltr'><strong>ingrediebatur</strong></span> <span class='ocrx_word' id='word_1_550' title='bbox 3155 3645 3197 3701; x_wconf 86' lang='grc'>⁸.</span> <span class='ocrx_word' id='word_1_551' title='bbox 3334 3648 3595 3711; x_wconf 82' lang='lat' dir='ltr'><strong>Quartum</strong></span> 
     </span>
    </p>
   </div>
   <div class='ocr_carea' id='block_1_79' title="bbox 2008 3738 3595 3810">
    <p class='ocr_par' dir='ltr' id='par_1_79' title="bbox 2008 3738 3595 3810">
     <span class='ocr_line' id='line_1_79' title="bbox 2008 3738 3595 3810; baseline 0.001 -16"><span class='ocrx_word' id='word_1_552' title='bbox 2008 3739 2234 3795; x_wconf 87' lang='lat' dir='ltr'><strong>Joannis</strong></span> <span class='ocrx_word' id='word_1_553' title='bbox 2258 3738 2381 3805; x_wconf 80' lang='lat' dir='ltr'><strong>fuit,</strong></span> <span class='ocrx_word' id='word_1_554' title='bbox 2421 3739 2568 3810; x_wconf 89' lang='lat' dir='ltr'><strong>quod</strong></span> <span class='ocrx_word' id='word_1_555' title='bbox 2601 3739 2725 3796; x_wconf 91' lang='lat' dir='ltr'><strong>illos</strong></span> <span class='ocrx_word' id='word_1_556' title='bbox 2767 3740 2860 3809; x_wconf 86' lang='lat' dir='ltr'><strong>qui</strong></span> <span class='ocrx_word' id='word_1_557' title='bbox 2887 3739 3333 3809; x_wconf 86' lang='lat' dir='ltr'><strong>baptizabantur,</strong></span> <span class='ocrx_word' id='word_1_558' title='bbox 3371 3738 3437 3793; x_wconf 92' lang='lat' dir='ltr'><strong>ad</strong></span> <span class='ocrx_word' id='word_1_559' title='bbox 3480 3754 3595 3810; x_wconf 78' lang='lat' dir='ltr'><strong>po:-</strong></span> 
     </span>
    </p>
   </div>
   <div class='ocr_carea' id='block_1_80' title="bbox 2010 3832 3590 3897">
    <p class='ocr_par' dir='ltr' id='par_1_80' title="bbox 2010 3832 3590 3897">
     <span class='ocr_line' id='line_1_80' title="bbox 2010 3832 3590 3897; baseline 0 -8"><span class='ocrx_word' id='word_1_560' title='bbox 2010 3834 2300 3889; x_wconf 89' lang='lat' dir='ltr'><strong>nitentiam</strong></span> <span class='ocrx_word' id='word_1_561' title='bbox 2341 3833 2670 3897; x_wconf 88' lang='lat' dir='ltr'><strong>adducebat,</strong></span> <span class='ocrx_word' id='word_1_562' title='bbox 2724 3840 2785 3887; x_wconf 93' lang='lat' dir='ltr'><strong>ut</strong></span> <span class='ocrx_word' id='word_1_563' title='bbox 2826 3833 3117 3889; x_wconf 86' lang='lat' dir='ltr'><strong>crederent</strong></span> <span class='ocrx_word' id='word_1_564' title='bbox 3166 3832 3221 3888; x_wconf 90' lang='lat' dir='ltr'><strong>in</strong></span> <span class='ocrx_word' id='word_1_565' title='bbox 3267 3832 3590 3889; x_wconf 84' lang='lat' dir='ltr'><strong>Christum:</strong></span> 
     </span>
    </p>
   </div>
   <div class='ocr_carea' id='block_1_81' title="bbox 2009 3926 3592 3997">
    <p class='ocr_par' dir='ltr' id='par_1_81' title="bbox 2009 3926 3592 3997">
     <span class='ocr_line' id='line_1_81' title="bbox 2009 3926 3592 3997; baseline 0.001 -17"><span class='ocrx_word' id='word_1_566' title='bbox 2009 3926 2121 3997; x_wconf 85' lang='lat' dir='ltr'><strong>Ego</strong></span> <span class='ocrx_word' id='word_1_567' title='bbox 2147 3927 2306 3991; x_wconf 80' lang='lat' dir='ltr'><strong>enim,</strong></span> <span class='ocrx_word' id='word_1_568' title='bbox 2341 3926 2539 3996; x_wconf 83' lang='lat' dir='ltr'><strong>inquit,</strong></span> <span class='ocrx_word' id='word_1_569' title='bbox 2572 3926 2782 3997; x_wconf 83' lang='lat' dir='ltr'><strong>baptizo</strong></span> <span class='ocrx_word' id='word_1_570' title='bbox 2807 3942 2894 3982; x_wconf 84' lang='lat' dir='ltr'><strong>vos</strong></span> <span class='ocrx_word' id='word_1_571' title='bbox 2925 3943 3064 3996; x_wconf 80' lang='lat' dir='ltr'><strong>aqua</strong></span> <span class='ocrx_word' id='word_1_572' title='bbox 3088 3941 3108 3980; x_wconf 90' lang='lat'><strong>:</strong></span> <span class='ocrx_word' id='word_1_573' title='bbox 3138 3926 3231 3995; x_wconf 84' lang='lat' dir='ltr'><strong>qui</strong></span> <span class='ocrx_word' id='word_1_574' title='bbox 3267 3935 3445 3979; x_wconf 84' lang='lat' dir='ltr'><strong>autem</strong></span> <span class='ocrx_word' id='word_1_575' title='bbox 3474 3935 3592 3995; x_wconf 73' lang='lat' dir='ltr'><strong>post</strong></span> 
     </span>
    </p>
   </div>
   <div class='ocr_carea' id='block_1_82' title="bbox 2010 4021 3592 4092">
    <p class='ocr_par' dir='ltr' id='par_1_82' title="bbox 2010 4021 3592 4092">
     <span class='ocr_line' id='line_1_82' title="bbox 2010 4021 3592 4092; baseline 0.002 -19"><span class='ocrx_word' id='word_1_576' title='bbox 2010 4037 2091 4075; x_wconf 89' lang='lat' dir='ltr'><strong>me</strong></span> <span class='ocrx_word' id='word_1_577' title='bbox 2136 4021 2337 4087; x_wconf 85' lang='lat' dir='ltr'><strong>veniet,</strong></span> <span class='ocrx_word' id='word_1_578' title='bbox 2384 4023 2498 4091; x_wconf 79' lang='lat' dir='ltr'><strong>ipse</strong></span> <span class='ocrx_word' id='word_1_579' title='bbox 2557 4038 2645 4077; x_wconf 77' lang='lat' dir='ltr'><strong>vos</strong></span> <span class='ocrx_word' id='word_1_580' title='bbox 2711 4022 3007 4092; x_wconf 81' lang='lat' dir='ltr'><strong>baptizabit</strong></span> <span class='ocrx_word' id='word_1_581' title='bbox 3057 4021 3261 4091; x_wconf 81' lang='lat' dir='ltr'><strong>Spiritu</strong></span> <span class='ocrx_word' id='word_1_582' title='bbox 3311 4031 3496 4075; x_wconf 80' lang='lat' dir='ltr'><strong>sancto</strong></span> <span class='ocrx_word' id='word_1_583' title='bbox 3541 4030 3592 4076; x_wconf 87' lang='lat' dir='ltr'><strong>et</strong></span> 
     </span>
    </p>
   </div>
   <div class='ocr_carea' id='block_1_83' title="bbox 2010 4115 3588 4189">
    <p class='ocr_par' dir='ltr' id='par_1_83' title="bbox 2010 4115 3588 4189">
     <span class='ocr_line' id='line_1_83' title="bbox 2010 4115 3588 4189; baseline 0 -19"><span class='ocrx_word' id='word_1_584' title='bbox 2010 4117 2125 4188; x_wconf 86' lang='lat' dir='ltr'><strong>igne</strong></span> <span class='ocrx_word' id='word_1_585' title='bbox 2178 4116 2220 4173; x_wconf 75' lang='grc'><strong>⁸.</strong></span> <span class='ocrx_word' id='word_1_586' title='bbox 2256 4116 2448 4189; x_wconf 83' lang='lat' dir='ltr'><strong>itaque</strong></span> <span class='ocrx_word' id='word_1_587' title='bbox 2485 4117 2729 4174; x_wconf 87' lang='lat' dir='ltr'><strong>Joannes</strong></span> <span class='ocrx_word' id='word_1_588' title='bbox 2769 4118 2836 4172; x_wconf 87' lang='lat' dir='ltr'><strong>ad</strong></span> <span class='ocrx_word' id='word_1_589' title='bbox 2864 4117 3130 4188; x_wconf 85' lang='lat' dir='ltr'><strong>Spiritum</strong></span> <span class='ocrx_word' id='word_1_590' title='bbox 3166 4115 3588 4186; x_wconf 86' lang='lat' dir='ltr'><strong>suscipiendum</strong></span> 
     </span>
    </p>
   </div>
   <div class='ocr_carea' id='block_1_84' title="bbox 2010 4206 3595 4282">
    <p class='ocr_par' dir='ltr' id='par_1_84' title="bbox 2010 4206 3595 4282">
     <span class='ocr_line' id='line_1_84' title="bbox 2010 4206 3595 4282; baseline -0.002 -19"><span class='ocrx_word' id='word_1_591' title='bbox 2010 4217 2137 4264; x_wconf 88' lang='lat' dir='ltr'><strong>ante</strong></span> <span class='ocrx_word' id='word_1_592' title='bbox 2186 4225 2283 4280; x_wconf 89' lang='lat' dir='ltr'><strong>per</strong></span> <span class='ocrx_word' id='word_1_593' title='bbox 2317 4226 2514 4281; x_wconf 88' lang='lat' dir='ltr'><strong>aquam</strong></span> <span class='ocrx_word' id='word_1_594' title='bbox 2573 4209 2861 4282; x_wconf 85' lang='lat' dir='ltr'><strong>purgabat.</strong></span> <span class='ocrx_word' id='word_1_595' title='bbox 2918 4208 3205 4275; x_wconf 80' lang='lat' dir='ltr'><strong>Quintum.</strong></span> <span class='ocrx_word' id='word_1_596' title='bbox 3242 4206 3459 4261; x_wconf 90' lang='lat' dir='ltr'><strong>Domini</strong></span> <span class='ocrx_word' id='word_1_597' title='bbox 3498 4208 3595 4262; x_wconf 89' lang='lat' dir='ltr'><strong>ba-</strong></span> 
     </span>
    </p>
   </div>
   <div class='ocr_carea' id='block_1_85' title="bbox 2010 4299 3596 4373">
    <p class='ocr_par' dir='ltr' id='par_1_85' title="bbox 2010 4299 3596 4373">
     <span class='ocr_line' id='line_1_85' title="bbox 2010 4299 3596 4373; baseline -0.001 -19"><span class='ocrx_word' id='word_1_598' title='bbox 2010 4302 2228 4372; x_wconf 89' lang='lat' dir='ltr'><strong>ptisma,</strong></span> <span class='ocrx_word' id='word_1_599' title='bbox 2274 4317 2384 4373; x_wconf 87' lang='lat' dir='ltr'><strong>quo</strong></span> <span class='ocrx_word' id='word_1_600' title='bbox 2434 4303 2551 4373; x_wconf 90' lang='lat' dir='ltr'><strong>ipse</strong></span> <span class='ocrx_word' id='word_1_601' title='bbox 2595 4302 2913 4372; x_wconf 86' lang='lat' dir='ltr'><strong>baptizatus</strong></span> <span class='ocrx_word' id='word_1_602' title='bbox 2964 4300 3088 4355; x_wconf 82' lang='lat' dir='ltr'><strong>fuit.</strong></span> <span class='ocrx_word' id='word_1_603' title='bbox 3144 4299 3465 4370; x_wconf 79' lang='lat' dir='ltr'><strong>Baptizatus</strong></span> <span class='ocrx_word' id='word_1_604' title='bbox 3511 4306 3596 4353; x_wconf 92' lang='lat' dir='ltr'><strong>est</strong></span> 
     </span>
    </p>
   </div>
   <div class='ocr_carea' id='block_1_86' title="bbox 2010 4389 3591 4461">
    <p class='ocr_par' dir='ltr' id='par_1_86' title="bbox 2010 4389 3591 4461">
     <span class='ocr_line' id='line_1_86' title="bbox 2010 4389 3591 4461; baseline 0.002 -20"><span class='ocrx_word' id='word_1_605' title='bbox 2010 4398 2218 4455; x_wconf 90' lang='lat' dir='ltr'><strong>autem,</strong></span> <span class='ocrx_word' id='word_1_606' title='bbox 2273 4404 2382 4444; x_wconf 89' lang='lat' dir='ltr'><strong>non</strong></span> <span class='ocrx_word' id='word_1_607' title='bbox 2428 4389 2572 4459; x_wconf 92' lang='lat' dir='ltr'><strong>quod</strong></span> <span class='ocrx_word' id='word_1_608' title='bbox 2626 4390 2743 4459; x_wconf 89' lang='lat' dir='ltr'><strong>ipse</strong></span> <span class='ocrx_word' id='word_1_609' title='bbox 2778 4389 3108 4461; x_wconf 87' lang='lat' dir='ltr'><strong>purgatione</strong></span> <span class='ocrx_word' id='word_1_610' title='bbox 3145 4390 3450 4459; x_wconf 85' lang='lat' dir='ltr'><strong>indigeret;</strong></span> <span class='ocrx_word' id='word_1_611' title='bbox 3496 4389 3591 4444; x_wconf 92' lang='lat' dir='ltr'><strong>sed</strong></span> 
     </span>
    </p>
   </div>
   <div class='ocr_carea' id='block_1_87' title="bbox 320 4477 1907 4559">
    <p class='ocr_par' dir='ltr' id='par_1_87' title="bbox 320 4477 1907 4555">
     <span class='ocr_line' id='line_1_87' title="bbox 320 4477 1907 4555; baseline 0.006 -25"><span class='ocrx_word' id='word_1_612' title='bbox 320 4477 647 4550; x_wconf 80' lang='grc' dir='ltr'>βαπτιστὴν,</span> <span class='ocrx_word' id='word_1_613' title='bbox 675 4480 763 4534; x_wconf 84' lang='grc' dir='ltr'><strong>ίνα</strong></span> <span class='ocrx_word' id='word_1_614' title='bbox 786 4480 1051 4553; x_wconf 76' lang='grc' dir='ltr'>πληρώσῃ</span> <span class='ocrx_word' id='word_1_615' title='bbox 1080 4482 1173 4552; x_wconf 63' lang='grc' dir='ltr'><strong>τον</strong></span> <span class='ocrx_word' id='word_1_616' title='bbox 1211 4483 1395 4553; x_wconf 87' lang='grc' dir='ltr'>νόμον,</span> <span class='ocrx_word' id='word_1_617' title='bbox 1416 4484 1503 4538; x_wconf 85' lang='grc' dir='ltr'><strong>ἴνα</strong></span> <span class='ocrx_word' id='word_1_618' title='bbox 1530 4484 1591 4537; x_wconf 86' lang='grc' dir='ltr'>τὺ</span> <span class='ocrx_word' id='word_1_619' title='bbox 1614 4487 1714 4553; x_wconf 80' lang='grc' dir='ltr'>τῆς</span> <span class='ocrx_word' id='word_1_620' title='bbox 1738 4485 1907 4555; x_wconf 87' lang='grc' dir='ltr'>Τριά-</span> 
     </span>
    </p>
   </div>
   <div class='ocr_carea' id='block_1_88' title="bbox 2014 4477 3592 4559">
    <p class='ocr_par' dir='ltr' id='par_1_88' title="bbox 2014 4481 3592 4552">
     <span class='ocr_line' id='line_1_88' title="bbox 2014 4481 3592 4552; baseline 0.001 -17"><span class='ocrx_word' id='word_1_621' title='bbox 2014 4496 2186 4536; x_wconf 84' lang='lat' dir='ltr'><strong>meam</strong></span> <span class='ocrx_word' id='word_1_622' title='bbox 2229 4482 2333 4537; x_wconf 84' lang='lat' dir='ltr'><strong>sibi</strong></span> <span class='ocrx_word' id='word_1_623' title='bbox 2383 4481 2761 4552; x_wconf 83' lang='lat' dir='ltr'><strong>purgationem</strong></span> <span class='ocrx_word' id='word_1_624' title='bbox 2796 4482 3100 4547; x_wconf 89' lang='lat' dir='ltr'><strong>asciscens,</strong></span> <span class='ocrx_word' id='word_1_625' title='bbox 3143 4493 3201 4537; x_wconf 92' lang='lat' dir='ltr'><strong>ut</strong></span> <span class='ocrx_word' id='word_1_626' title='bbox 3238 4484 3420 4552; x_wconf 87' lang='lat' dir='ltr'><strong>capita</strong></span> <span class='ocrx_word' id='word_1_627' title='bbox 3462 4482 3592 4537; x_wconf 86' lang='lat' dir='ltr'><strong>dra-</strong></span> 
     </span>
    </p>
   </div>
   <div class='ocr_carea' id='block_1_89' title="bbox 316 4569 1908 4649">
    <p class='ocr_par' dir='ltr' id='par_1_89' title="bbox 316 4569 1908 4649">
     <span class='ocr_line' id='line_1_89' title="bbox 316 4569 1908 4649; baseline 0.005 -27"><span class='ocrx_word' id='word_1_628' title='bbox 316 4569 414 4631; x_wconf 87' lang='grc' dir='ltr'><strong>δος</strong></span> <span class='ocrx_word' id='word_1_629' title='bbox 442 4569 768 4642; x_wconf 76' lang='grc' dir='ltr'>ἀποκαλύψῃ</span> <span class='ocrx_word' id='word_1_630' title='bbox 801 4574 1124 4644; x_wconf 78' lang='grc' dir='ltr'>μυστήριον,</span> <span class='ocrx_word' id='word_1_631' title='bbox 1158 4573 1247 4628; x_wconf 75' lang='grc' dir='ltr'><strong>ἵνα</strong></span> <span class='ocrx_word' id='word_1_632' title='bbox 1277 4574 1449 4639; x_wconf 89' lang='grc' dir='ltr'>τύπος</span> <span class='ocrx_word' id='word_1_633' title='bbox 1482 4575 1579 4629; x_wconf 80' lang='grc' dir='ltr'>καὶ</span> <span class='ocrx_word' id='word_1_634' title='bbox 1609 4576 1908 4649; x_wconf 82' lang='grc' dir='ltr'>ὑπογραμ-</span> 
     </span>
    </p>
   </div>
   <div class='ocr_carea' id='block_1_90' title="bbox 332 4660 1909 4739">
    <p class='ocr_par' dir='ltr' id='par_1_90' title="bbox 332 4660 1909 4739">
     <span class='ocr_line' id='line_1_90' title="bbox 332 4660 1909 4739; baseline 0.009 -29"><span class='ocrx_word' id='word_1_635' title='bbox 332 4660 438 4729; x_wconf 70' lang='grc' dir='ltr'>μὸς</span> <span class='ocrx_word' id='word_1_636' title='bbox 472 4661 605 4731; x_wconf 73' lang='grc' dir='ltr'>ἡμῖν</span> <span class='ocrx_word' id='word_1_637' title='bbox 659 4663 798 4732; x_wconf 74' lang='grc' dir='ltr'>πρὸς</span> <span class='ocrx_word' id='word_1_638' title='bbox 830 4664 894 4717; x_wconf 80' lang='grc' dir='ltr'>τὸ</span> <span class='ocrx_word' id='word_1_639' title='bbox 944 4664 1305 4735; x_wconf 79' lang='grc' dir='ltr'>βαπτίζεσθαι</span> <span class='ocrx_word' id='word_1_640' title='bbox 1359 4668 1606 4739; x_wconf 79' lang='grc' dir='ltr'>γένηται.</span> <span class='ocrx_word' id='word_1_641' title='bbox 1638 4669 1909 4735; x_wconf 76' lang='grc' dir='ltr'>Βαπτιζὸ-</span> 
     </span>
    </p>
   </div>
   <div class='ocr_carea' id='block_1_91' title="bbox 319 4750 1906 4832">
    <p class='ocr_par' dir='ltr' id='par_1_91' title="bbox 319 4750 1906 4832">
     <span class='ocr_line' id='line_1_91' title="bbox 319 4750 1906 4832; baseline 0.009 -29"><span class='ocrx_word' id='word_1_642' title='bbox 319 4750 467 4821; x_wconf 81' lang='grc' dir='ltr'>μεθα</span> <span class='ocrx_word' id='word_1_643' title='bbox 499 4753 555 4807; x_wconf 80' lang='grc' dir='ltr'><strong>δὲ</strong></span> <span class='ocrx_word' id='word_1_644' title='bbox 585 4754 679 4809; x_wconf 74' lang='grc' dir='ltr'>καὶ</span> <span class='ocrx_word' id='word_1_645' title='bbox 707 4756 869 4825; x_wconf 78' lang='grc' dir='ltr'>ἡμεῖς</span> <span class='ocrx_word' id='word_1_646' title='bbox 898 4755 963 4809; x_wconf 80' lang='grc' dir='ltr'>τὸ</span> <span class='ocrx_word' id='word_1_647' title='bbox 992 4756 1199 4811; x_wconf 71' lang='grc' dir='ltr'>τέλειον</span> <span class='ocrx_word' id='word_1_648' title='bbox 1225 4757 1320 4813; x_wconf 81' lang='grc' dir='ltr'>τοῦ</span> <span class='ocrx_word' id='word_1_649' title='bbox 1349 4760 1557 4831; x_wconf 78' lang='grc' dir='ltr'>Κυρίου</span> <span class='ocrx_word' id='word_1_650' title='bbox 1598 4759 1906 4832; x_wconf 81' lang='grc' dir='ltr'>βάπτισμα,</span> 
     </span>
    </p>
   </div>
   <div class='ocr_carea' id='block_1_92' title="bbox 314 4842 1908 4924">
    <p class='ocr_par' dir='ltr' id='par_1_92' title="bbox 314 4842 1908 4924">
     <span class='ocr_line' id='line_1_92' title="bbox 314 4842 1908 4924; baseline 0.007 -27"><span class='ocrx_word' id='word_1_651' title='bbox 314 4842 387 4897; x_wconf 73' lang='grc' dir='ltr'>τὸ</span> <span class='ocrx_word' id='word_1_652' title='bbox 418 4842 485 4896; x_wconf 82' lang='grc' dir='ltr'><strong>δι’</strong></span> <span class='ocrx_word' id='word_1_653' title='bbox 531 4844 725 4910; x_wconf 79' lang='grc' dir='ltr'>ὕδατός</span> <span class='ocrx_word' id='word_1_654' title='bbox 777 4864 838 4901; x_wconf 83' lang='grc' dir='ltr'><strong>τε</strong></span> <span class='ocrx_word' id='word_1_655' title='bbox 884 4849 980 4901; x_wconf 76' lang='grc' dir='ltr'>καὶ</span> <span class='ocrx_word' id='word_1_656' title='bbox 1019 4849 1355 4920; x_wconf 84' lang='grc' dir='ltr'>Πνεύματος.</span> <span class='ocrx_word' id='word_1_657' title='bbox 1394 4852 1538 4924; x_wconf 76' lang='grc' dir='ltr'>Πυρὶ</span> <span class='ocrx_word' id='word_1_658' title='bbox 1584 4851 1640 4906; x_wconf 79' lang='grc' dir='ltr'><strong>δὲ</strong></span> <span class='ocrx_word' id='word_1_659' title='bbox 1688 4853 1908 4921; x_wconf 79' lang='grc' dir='ltr'>λέγεται</span> 
     </span>
    </p>
   </div>
   <div class='ocr_carea' id='block_1_93' title="bbox 318 4933 1911 5015">
    <p class='ocr_par' dir='ltr' id='par_1_93' title="bbox 318 4933 1911 5015">
     <span class='ocr_line' id='line_1_93' title="bbox 318 4933 1911 5015; baseline 0.01 -29"><span class='ocrx_word' id='word_1_660' title='bbox 318 4933 612 5006; x_wconf 75' lang='grc' dir='ltr'>βαπτίζειν</span> <span class='ocrx_word' id='word_1_661' title='bbox 640 4936 669 4988; x_wconf 84' lang='grc' dir='ltr'>ὁ</span> <span class='ocrx_word' id='word_1_662' title='bbox 702 4938 974 5008; x_wconf 77' lang='grc' dir='ltr'>Χριστόςο</span> <span class='ocrx_word' id='word_1_663' title='bbox 1004 4940 1064 4993; x_wconf 74' lang='grc' dir='ltr'>ὲν</span> <span class='ocrx_word' id='word_1_664' title='bbox 1113 4940 1246 4995; x_wconf 77' lang='grc' dir='ltr'>εῖδει</span> <span class='ocrx_word' id='word_1_665' title='bbox 1306 4942 1416 5014; x_wconf 86' lang='grc' dir='ltr'><strong>γάρ</strong></span> <span class='ocrx_word' id='word_1_666' title='bbox 1464 4944 1709 5015; x_wconf 84' lang='grc' dir='ltr'>πυρίνων</span> <span class='ocrx_word' id='word_1_667' title='bbox 1740 4947 1911 5014; x_wconf 88' lang='grc' dir='ltr'>γλωσ-</span> 
     </span>
    </p>
   </div>
   <div class='ocr_carea' id='block_1_94' title="bbox 323 5025 1909 5107">
    <p class='ocr_par' dir='ltr' id='par_1_94' title="bbox 323 5025 1909 5107">
     <span class='ocr_line' id='line_1_94' title="bbox 323 5025 1909 5107; baseline 0.008 -29"><span class='ocrx_word' id='word_1_668' title='bbox 323 5025 439 5079; x_wconf 85' lang='grc' dir='ltr'><strong>σῶν</strong></span> <span class='ocrx_word' id='word_1_669' title='bbox 467 5026 561 5083; x_wconf 72' lang='lat' dir='ltr'><strong>imi.</strong></span> <span class='ocrx_word' id='word_1_670' title='bbox 591 5027 722 5092; x_wconf 77' lang='grc' dir='ltr'>τοὺς</span> <span class='ocrx_word' id='word_1_671' title='bbox 753 5029 942 5097; x_wconf 80' lang='grc' dir='ltr'>ἁγίους</span> <span class='ocrx_word' id='word_1_672' title='bbox 970 5031 1303 5097; x_wconf 83' lang='grc' dir='ltr'>ἀποστόλους</span> <span class='ocrx_word' id='word_1_673' title='bbox 1337 5034 1436 5106; x_wconf 78' lang='grc' dir='ltr'>τὴν</span> <span class='ocrx_word' id='word_1_674' title='bbox 1466 5035 1562 5089; x_wconf 81' lang='grc' dir='ltr'>τοῦ</span> <span class='ocrx_word' id='word_1_675' title='bbox 1590 5036 1909 5107; x_wconf 89' lang='grc' dir='ltr'>Πνεύματος</span> 
     </span>
    </p>
   </div>
   <div class='ocr_carea' id='block_1_95' title="bbox 322 5117 1909 5199">
    <p class='ocr_par' dir='ltr' id='par_1_95' title="bbox 322 5117 1909 5199">
     <span class='ocr_line' id='line_1_95' title="bbox 322 5117 1909 5199; baseline 0.009 -29"><span class='ocrx_word' id='word_1_676' title='bbox 322 5117 492 5191; x_wconf 85' lang='grc' dir='ltr'>χάριν</span> <span class='ocrx_word' id='word_1_677' title='bbox 517 5119 751 5191; x_wconf 76' lang='grc' dir='ltr'>ἐξέχεεν,</span> <span class='ocrx_word' id='word_1_678' title='bbox 777 5121 852 5185; x_wconf 84' lang='grc' dir='ltr'>ὥς</span> <span class='ocrx_word' id='word_1_679' title='bbox 880 5140 1048 5192; x_wconf 84' lang='grc' dir='ltr'>φησιν</span> <span class='ocrx_word' id='word_1_680' title='bbox 1073 5126 1236 5190; x_wconf 83' lang='grc' dir='ltr'>αὐτὸς</span> <span class='ocrx_word' id='word_1_681' title='bbox 1258 5127 1287 5180; x_wconf 79' lang='grc' dir='ltr'>ὁ</span> <span class='ocrx_word' id='word_1_682' title='bbox 1317 5127 1545 5199; x_wconf 84' lang='grc' dir='ltr'>Κύριος,</span> <span class='ocrx_word' id='word_1_683' title='bbox 1584 5129 1666 5184; x_wconf 85' lang='grc' dir='ltr'>ὅτι</span> <span class='ocrx_word' id='word_1_684' title='bbox 1710 5129 1909 5183; x_wconf 82' lang='grc' dir='ltr'>Ἰωάν-</span> 
     </span>
    </p>
   </div>
   <div class='ocr_carea' id='block_1_96' title="bbox 320 5213 1909 5291">
    <p class='ocr_par' dir='ltr' id='par_1_96' title="bbox 320 5213 1909 5291">
     <span class='ocr_line' id='line_1_96' title="bbox 320 5213 1909 5291; baseline 0.007 -25"><span class='ocrx_word' id='word_1_685' title='bbox 320 5228 441 5278; x_wconf 76' lang='grc' dir='ltr'><strong>νης</strong></span> <span class='ocrx_word' id='word_1_686' title='bbox 465 5213 583 5280; x_wconf 77' lang='grc' dir='ltr'><strong>μὲν</strong></span> <span class='ocrx_word' id='word_1_687' title='bbox 608 5213 936 5270; x_wconf 79' lang='grc' dir='ltr'>ἐϐάπτισεν</span> <span class='ocrx_word' id='word_1_688' title='bbox 975 5217 1171 5284; x_wconf 78' lang='grc' dir='ltr'>ὕδατι,</span> <span class='ocrx_word' id='word_1_689' title='bbox 1199 5219 1370 5288; x_wconf 79' lang='grc' dir='ltr'>ὑμεῖς</span> <span class='ocrx_word' id='word_1_690' title='bbox 1398 5220 1468 5275; x_wconf 74' lang='grc' dir='ltr'><strong>δὲ</strong></span> <span class='ocrx_word' id='word_1_691' title='bbox 1487 5223 1909 5291; x_wconf 78' lang='grc' dir='ltr'>βαπτισθήσε-</span> 
     </span>
    </p>
   </div>
   <div class='ocr_carea' id='block_1_97' title="bbox 316 5300 1912 5383">
    <p class='ocr_par' dir='ltr' id='par_1_97' title="bbox 316 5300 1912 5383">
     <span class='ocr_line' id='line_1_97' title="bbox 316 5300 1912 5383; baseline 0.011 -30"><span class='ocrx_word' id='word_1_692' title='bbox 316 5303 435 5354; x_wconf 80' lang='grc' dir='ltr'><strong>σθε</strong></span> <span class='ocrx_word' id='word_1_693' title='bbox 454 5300 523 5354; x_wconf 74' lang='grc' dir='ltr'>ἐν</span> <span class='ocrx_word' id='word_1_694' title='bbox 557 5304 858 5373; x_wconf 78' lang='grc' dir='ltr'>Πνεύματι</span> <span class='ocrx_word' id='word_1_695' title='bbox 891 5307 1038 5377; x_wconf 82' lang='grc' dir='ltr'>ἁγίῳ</span> <span class='ocrx_word' id='word_1_696' title='bbox 1073 5307 1171 5363; x_wconf 72' lang='grc' dir='ltr'>καὶ</span> <span class='ocrx_word' id='word_1_697' title='bbox 1199 5310 1362 5378; x_wconf 73' lang='grc' dir='ltr'>πυρί,</span> <span class='ocrx_word' id='word_1_698' title='bbox 1390 5313 1462 5366; x_wconf 86' lang='grc' dir='ltr'>οὐ</span> <span class='ocrx_word' id='word_1_699' title='bbox 1493 5313 1646 5382; x_wconf 76' lang='grc' dir='ltr'>μετὰ</span> <span class='ocrx_word' id='word_1_700' title='bbox 1673 5312 1912 5383; x_wconf 69' lang='grc' dir='ltr'>πολλὰς</span> 
     </span>
    </p>
   </div>
   <div class='ocr_carea' id='block_1_98' title="bbox 315 5392 1903 5477">
    <p class='ocr_par' dir='ltr' id='par_1_98' title="bbox 315 5392 1903 5477">
     <span class='ocr_line' id='line_1_98' title="bbox 315 5392 1903 5477; baseline 0.011 -34"><span class='ocrx_word' id='word_1_701' title='bbox 315 5392 544 5459; x_wconf 83' lang='grc' dir='ltr'>ταύτας</span> <span class='ocrx_word' id='word_1_702' title='bbox 583 5395 835 5463; x_wconf 78' lang='grc' dir='ltr'>ἡμέρας·</span> <span class='ocrx_word' id='word_1_703' title='bbox 866 5396 899 5468; x_wconf 78' lang='grc' dir='ltr'>ἢ</span> <span class='ocrx_word' id='word_1_704' title='bbox 930 5398 1019 5452; x_wconf 73' lang='grc' dir='ltr'><strong>διὰ</strong></span> <span class='ocrx_word' id='word_1_705' title='bbox 1046 5398 1106 5452; x_wconf 81' lang='grc' dir='ltr'>τὸ</span> <span class='ocrx_word' id='word_1_706' title='bbox 1146 5398 1237 5453; x_wconf 80' lang='grc' dir='ltr'>τοῦ</span> <span class='ocrx_word' id='word_1_707' title='bbox 1276 5402 1563 5472; x_wconf 78' lang='grc' dir='ltr'>μέλλοντος</span> <span class='ocrx_word' id='word_1_708' title='bbox 1602 5405 1777 5477; x_wconf 81' lang='grc' dir='ltr'>πυρὸς</span> <span class='ocrx_word' id='word_1_709' title='bbox 1805 5424 1903 5460; x_wconf 89' lang='grc' dir='ltr'>κο-</span> 
     </span>
    </p>
   </div>
   <div class='ocr_carea' id='block_1_99' title="bbox 318 5481 1906 5567">
    <p class='ocr_par' dir='ltr' id='par_1_99' title="bbox 318 5481 1906 5567">
     <span class='ocr_line' id='line_1_99' title="bbox 318 5481 1906 5567; baseline 0.013 -33"><span class='ocrx_word' id='word_1_710' title='bbox 318 5481 581 5538; x_wconf 72' lang='grc' dir='ltr'>λαστικὸν</span> <span class='ocrx_word' id='word_1_711' title='bbox 612 5485 922 5559; x_wconf 84' lang='grc' dir='ltr'>βάπτισμα.</span> <span class='ocrx_word' id='word_1_712' title='bbox 961 5489 1191 5557; x_wconf 84' lang='grc' dir='ltr'>Ἕκτον,</span> <span class='ocrx_word' id='word_1_713' title='bbox 1219 5490 1281 5545; x_wconf 73' lang='grc' dir='ltr'>τὸ</span> <span class='ocrx_word' id='word_1_714' title='bbox 1316 5492 1407 5548; x_wconf 75' lang='grc' dir='ltr'><strong>διὰ</strong></span> <span class='ocrx_word' id='word_1_715' title='bbox 1462 5497 1760 5567; x_wconf 77' lang='grc' dir='ltr'>μετανοίας</span> <span class='ocrx_word' id='word_1_716' title='bbox 1810 5501 1906 5554; x_wconf 80' lang='grc' dir='ltr'>καὶ</span> 
     </span>
    </p>
   </div>
   <div class='ocr_carea' id='block_1_100' title="bbox 417 5732 916 5800">
    <p class='ocr_par' dir='ltr' id='par_1_100' title="bbox 417 5732 916 5800">
     <span class='ocr_line' id='line_1_100' title="bbox 417 5732 916 5800; baseline 0.002 -12"><span class='ocrx_word' id='word_1_717' title='bbox 417 5736 434 5769; x_wconf 78' lang='grc'>⁸</span> <span class='ocrx_word' id='word_1_718' title='bbox 461 5732 505 5789; x_wconf 87' lang='lat' dir='ltr'><strong>ll</strong></span> <span class='ocrx_word' id='word_1_719' title='bbox 540 5733 684 5788; x_wconf 80' lang='lat' dir='ltr'><strong>Petr.</strong></span> <span class='ocrx_word' id='word_1_720' title='bbox 716 5750 751 5790; x_wconf 93' lang='grc' dir='ltr'><strong>ιι</strong></span> <span class='ocrx_word' id='word_1_721' title='bbox 780 5775 793 5800; x_wconf 92' lang='grc'><strong>,</strong></span> <span class='ocrx_word' id='word_1_722' title='bbox 823 5736 916 5790; x_wconf 75' lang='grc'><strong>22.</strong></span> 
     </span>
    </p>
   </div>
   <div class='ocr_carea' id='block_1_101' title="bbox 346 5806 899 5866">
    <p class='ocr_par' dir='ltr' id='par_1_101' title="bbox 346 5806 899 5866">
     <span class='ocr_line' id='line_1_101' title="bbox 346 5806 899 5866; baseline 0.004 -7"><span class='ocrx_word' id='word_1_723' title='bbox 346 5806 371 5840; x_wconf 82' lang='lat'><strong>&#39;</strong></span> <span class='ocrx_word' id='word_1_724' title='bbox 406 5806 551 5863; x_wconf 84' lang='lat' dir='ltr'><strong>Psal.</strong></span> <span class='ocrx_word' id='word_1_725' title='bbox 589 5820 777 5866; x_wconf 72' lang='grc' dir='ltr'>ιιιιιι.</span> <span class='ocrx_word' id='word_1_726' title='bbox 812 5808 899 5865; x_wconf 78' lang='grc'><strong>15.</strong></span> 
     </span>
    </p>
   </div>
   <div class='ocr_carea' id='block_1_102' title="bbox 558 5901 1326 5965">
    <p class='ocr_par' dir='ltr' id='par_1_102' title="bbox 558 5901 1326 5965">
     <span class='ocr_line' id='line_1_102' title="bbox 558 5901 1326 5965; baseline 0.007 -6"><span class='ocrx_word' id='word_1_727' title='bbox 558 5901 858 5962; x_wconf 74' lang='grc' dir='ltr'>ιΡΑτιιοι..</span> <span class='ocrx_word' id='word_1_728' title='bbox 904 5903 1019 5963; x_wconf 82' lang='lat' dir='ltr'><strong>GI.</strong></span> <span class='ocrx_word' id='word_1_729' title='bbox 1068 5901 1326 5965; x_wconf 78' lang='lat' dir='ltr'><strong>CXXX.</strong></span> 
     </span>
    </p>
   </div>
   <div class='ocr_carea' id='block_1_103' title="bbox 1021 5734 1395 5804">
    <p class='ocr_par' dir='ltr' id='par_1_103' title="bbox 1021 5734 1395 5804">
     <span class='ocr_line' id='line_1_103' title="bbox 1021 5734 1395 5804; baseline 0.008 -13"><span class='ocrx_word' id='word_1_730' title='bbox 1021 5736 1042 5767; x_wconf 83' lang='lat'><strong>’</strong></span> <span class='ocrx_word' id='word_1_731' title='bbox 1065 5734 1181 5791; x_wconf 86' lang='lat' dir='ltr'><strong>Jac.</strong></span> <span class='ocrx_word' id='word_1_732' title='bbox 1212 5750 1277 5804; x_wconf 89' lang='grc' dir='ltr'><strong>ιι,</strong></span> <span class='ocrx_word' id='word_1_733' title='bbox 1302 5735 1395 5794; x_wconf 65' lang='grc' dir='ltr'>τε.</span> 
     </span>
    </p>
   </div>
   <div class='ocr_carea' id='block_1_104' title="bbox 1499 5733 2952 5806">
    <p class='ocr_par' dir='ltr' id='par_1_104' title="bbox 1499 5733 2952 5806">
     <span class='ocr_line' id='line_1_104' title="bbox 1499 5733 2952 5806; baseline -0.001 -13"><span class='ocrx_word' id='word_1_734' title='bbox 1499 5735 1522 5770; x_wconf 85' lang='grc'>⁸</span> <span class='ocrx_word' id='word_1_735' title='bbox 1552 5733 1690 5793; x_wconf 82' lang='lat' dir='ltr'><strong>Gen.</strong></span> <span class='ocrx_word' id='word_1_736' title='bbox 1717 5751 1812 5806; x_wconf 81' lang='lat' dir='ltr'><strong>vn,</strong></span> <span class='ocrx_word' id='word_1_737' title='bbox 1853 5737 1944 5794; x_wconf 80' lang='grc' dir='ltr'><strong>Π.</strong></span> <span class='ocrx_word' id='word_1_738' title='bbox 2018 5735 2041 5769; x_wconf 73' lang='grc' dir='ltr'>δ</span> <span class='ocrx_word' id='word_1_739' title='bbox 2076 5734 2247 5795; x_wconf 78' lang='lat' dir='ltr'><strong>lCor.</strong></span> <span class='ocrx_word' id='word_1_740' title='bbox 2279 5753 2336 5803; x_wconf 77' lang='grc' dir='ltr'>ι,</span> <span class='ocrx_word' id='word_1_741' title='bbox 2368 5738 2420 5795; x_wconf 75' lang='grc'><strong>1.</strong></span> <span class='ocrx_word' id='word_1_742' title='bbox 2495 5737 2520 5770; x_wconf 88' lang='grc'><strong><em>⁸</em></strong></span> <span class='ocrx_word' id='word_1_743' title='bbox 2557 5736 2684 5794; x_wconf 79' lang='lat' dir='ltr'><strong>Lev.</strong></span> <span class='ocrx_word' id='word_1_744' title='bbox 2720 5751 2830 5804; x_wconf 71' lang='lat' dir='ltr'><strong>XIV,</strong></span> <span class='ocrx_word' id='word_1_745' title='bbox 2867 5738 2952 5794; x_wconf 85' lang='lat' dir='ltr'><strong>l5.</strong></span> 
     </span>
    </p>
   </div>
   <div class='ocr_carea' id='block_1_105' title="bbox 2011 4572 3594 4644">
    <p class='ocr_par' dir='ltr' id='par_1_105' title="bbox 2011 4572 3594 4644">
     <span class='ocr_line' id='line_1_105' title="bbox 2011 4572 3594 4644; baseline 0.001 -17"><span class='ocrx_word' id='word_1_746' title='bbox 2011 4588 2210 4628; x_wconf 90' lang='lat' dir='ltr'><strong>conum</strong></span> <span class='ocrx_word' id='word_1_747' title='bbox 2244 4574 2296 4626; x_wconf 90' lang='lat' dir='ltr'><strong>in</strong></span> <span class='ocrx_word' id='word_1_748' title='bbox 2329 4572 2488 4643; x_wconf 89' lang='lat' dir='ltr'><strong>aquis</strong></span> <span class='ocrx_word' id='word_1_749' title='bbox 2521 4581 2835 4629; x_wconf 88' lang='lat' dir='ltr'><strong>contereret</strong></span> <span class='ocrx_word' id='word_1_750' title='bbox 2882 4575 2935 4640; x_wconf 88' lang='lat'><strong>&quot;;</strong></span> <span class='ocrx_word' id='word_1_751' title='bbox 2982 4582 3042 4628; x_wconf 92' lang='lat' dir='ltr'><strong>ut</strong></span> <span class='ocrx_word' id='word_1_752' title='bbox 3076 4583 3359 4644; x_wconf 86' lang='lat' dir='ltr'><strong>peccatum</strong></span> <span class='ocrx_word' id='word_1_753' title='bbox 3395 4575 3594 4629; x_wconf 88' lang='lat' dir='ltr'><strong>obrue-</strong></span> 
     </span>
    </p>
   </div>
   <div class='ocr_carea' id='block_1_106' title="bbox 2012 4664 3593 4737">
    <p class='ocr_par' dir='ltr' id='par_1_106' title="bbox 2012 4664 3593 4737">
     <span class='ocr_line' id='line_1_106' title="bbox 2012 4664 3593 4737; baseline 0.001 -20"><span class='ocrx_word' id='word_1_754' title='bbox 2012 4670 2127 4729; x_wconf 91' lang='lat' dir='ltr'><strong>ret,</strong></span> <span class='ocrx_word' id='word_1_755' title='bbox 2162 4678 2228 4719; x_wconf 90' lang='lat' dir='ltr'><strong>ac</strong></span> <span class='ocrx_word' id='word_1_756' title='bbox 2257 4671 2431 4719; x_wconf 89' lang='lat' dir='ltr'><strong>totum</strong></span> <span class='ocrx_word' id='word_1_757' title='bbox 2465 4674 2702 4719; x_wconf 72' lang='lat' dir='ltr'><strong>veterem</strong></span> <span class='ocrx_word' id='word_1_758' title='bbox 2736 4664 3008 4719; x_wconf 81' lang='lat' dir='ltr'><strong>Adamum</strong></span> <span class='ocrx_word' id='word_1_759' title='bbox 3043 4664 3097 4719; x_wconf 91' lang='lat' dir='ltr'><strong>in</strong></span> <span class='ocrx_word' id='word_1_760' title='bbox 3132 4680 3275 4737; x_wconf 87' lang='lat' dir='ltr'><strong>aqua</strong></span> <span class='ocrx_word' id='word_1_761' title='bbox 3297 4664 3593 4736; x_wconf 87' lang='lat' dir='ltr'><strong>sepeliret;</strong></span> 
     </span>
    </p>
   </div>
   <div class='ocr_carea' id='block_1_107' title="bbox 2013 4752 3594 4824">
    <p class='ocr_par' dir='ltr' id='par_1_107' title="bbox 2013 4752 3594 4824">
     <span class='ocr_line' id='line_1_107' title="bbox 2013 4752 3594 4824; baseline 0 -17"><span class='ocrx_word' id='word_1_762' title='bbox 2013 4764 2072 4808; x_wconf 92' lang='lat' dir='ltr'><strong>ut</strong></span> <span class='ocrx_word' id='word_1_763' title='bbox 2099 4752 2431 4824; x_wconf 84' lang='lat' dir='ltr'><strong>baptismum</strong></span> <span class='ocrx_word' id='word_1_764' title='bbox 2456 4754 2868 4821; x_wconf 87' lang='lat' dir='ltr'><strong>sanctilicaret;</strong></span> <span class='ocrx_word' id='word_1_765' title='bbox 2908 4761 2967 4809; x_wconf 92' lang='lat' dir='ltr'><strong>ut</strong></span> <span class='ocrx_word' id='word_1_766' title='bbox 2996 4754 3171 4824; x_wconf 86' lang='lat' dir='ltr'><strong>legem</strong></span> <span class='ocrx_word' id='word_1_767' title='bbox 3398 4752 3594 4823; x_wconf 85' lang='lat' dir='ltr'><strong>imple-</strong></span> 
     </span>
    </p>
   </div>
   <div class='ocr_carea' id='block_1_108' title="bbox 2012 4841 3593 4915">
    <p class='ocr_par' dir='ltr' id='par_1_108' title="bbox 2012 4841 3593 4915">
     <span class='ocr_line' id='line_1_108' title="bbox 2012 4841 3593 4915; baseline -0.004 -16"><span class='ocrx_word' id='word_1_768' title='bbox 2012 4852 2129 4910; x_wconf 86' lang='lat' dir='ltr'><strong>ret;</strong></span> <span class='ocrx_word' id='word_1_769' title='bbox 2167 4851 2226 4900; x_wconf 85' lang='grc' dir='ltr'><strong>ιιι</strong></span> <span class='ocrx_word' id='word_1_770' title='bbox 2265 4843 2554 4900; x_wconf 86' lang='lat' dir='ltr'><strong>Trinitatis</strong></span> <span class='ocrx_word' id='word_1_771' title='bbox 2612 4843 2936 4915; x_wconf 83' lang='lat' dir='ltr'><strong>mysterium</strong></span> <span class='ocrx_word' id='word_1_772' title='bbox 2978 4841 3251 4912; x_wconf 89' lang='lat' dir='ltr'><strong>aperiret;</strong></span> <span class='ocrx_word' id='word_1_773' title='bbox 3301 4848 3360 4895; x_wconf 93' lang='lat' dir='ltr'><strong>ut</strong></span> <span class='ocrx_word' id='word_1_774' title='bbox 3418 4847 3593 4896; x_wconf 87' lang='lat' dir='ltr'><strong>semet</strong></span> 
     </span>
    </p>
   </div>
   <div class='ocr_carea' id='block_1_109' title="bbox 2012 4930 3594 5004">
    <p class='ocr_par' dir='ltr' id='par_1_109' title="bbox 2012 4930 3594 5004">
     <span class='ocr_line' id='line_1_109' title="bbox 2012 4930 3594 5004; baseline -0.003 -16"><span class='ocrx_word' id='word_1_775' title='bbox 2012 4934 2233 4989; x_wconf 86' lang='lat' dir='ltr'><strong>tandem</strong></span> <span class='ocrx_word' id='word_1_776' title='bbox 2264 4933 2602 5004; x_wconf 83' lang='lat' dir='ltr'><strong>suscipiendi</strong></span> <span class='ocrx_word' id='word_1_777' title='bbox 2630 4932 2892 5004; x_wconf 89' lang='lat' dir='ltr'><strong>baptismi</strong></span> <span class='ocrx_word' id='word_1_778' title='bbox 2925 4931 3159 4987; x_wconf 82' lang='lat' dir='ltr'><strong>formam</strong></span> <span class='ocrx_word' id='word_1_779' title='bbox 3195 4938 3250 4985; x_wconf 90' lang='lat' dir='ltr'><strong>et</strong></span> <span class='ocrx_word' id='word_1_780' title='bbox 3278 4930 3594 4999; x_wconf 82' lang='lat' dir='ltr'><strong>exemplum</strong></span> 
     </span>
    </p>
   </div>
   <div class='ocr_carea' id='block_1_110' title="bbox 2013 5023 3633 5098">
    <p class='ocr_par' dir='ltr' id='par_1_110' title="bbox 2013 5023 3633 5098">
     <span class='ocr_line' id='line_1_110' title="bbox 2013 5023 3633 5098; baseline -0.005 -14"><span class='ocrx_word' id='word_1_781' title='bbox 2013 5029 2300 5097; x_wconf 62' lang='lat' dir='ltr'><strong>praeberet.</strong></span> <span class='ocrx_word' id='word_1_782' title='bbox 2336 5027 2688 5098; x_wconf 85' lang='lat' dir='ltr'><strong>Baptizamur</strong></span> <span class='ocrx_word' id='word_1_783' title='bbox 2719 5036 2903 5083; x_wconf 90' lang='lat' dir='ltr'><strong>autem</strong></span> <span class='ocrx_word' id='word_1_784' title='bbox 2952 5034 3007 5080; x_wconf 89' lang='lat' dir='ltr'><strong>et</strong></span> <span class='ocrx_word' id='word_1_785' title='bbox 3046 5040 3150 5080; x_wconf 89' lang='lat' dir='ltr'><strong>nos</strong></span> <span class='ocrx_word' id='word_1_786' title='bbox 3191 5039 3411 5096; x_wconf 88' lang='lat' dir='ltr'><strong>quoque</strong></span> <span class='ocrx_word' id='word_1_787' title='bbox 3465 5038 3596 5093; x_wconf 86' lang='lat' dir='ltr'><strong>per-</strong></span> <span class='ocrx_word' id='word_1_788' title='bbox 3627 5023 3633 5030; x_wconf 87' lang='grc'><strong>’</strong></span> 
     </span>
    </p>
   </div>
   <div class='ocr_carea' id='block_1_111' title="bbox 2014 5115 3597 5189">
    <p class='ocr_par' dir='ltr' id='par_1_111' title="bbox 2014 5115 3597 5189">
     <span class='ocr_line' id='line_1_111' title="bbox 2014 5115 3597 5189; baseline -0.004 -14"><span class='ocrx_word' id='word_1_789' title='bbox 2014 5121 2154 5175; x_wconf 72' lang='lat' dir='ltr'><strong>recto</strong></span> <span class='ocrx_word' id='word_1_790' title='bbox 2199 5118 2412 5173; x_wconf 88' lang='lat' dir='ltr'><strong>Domini</strong></span> <span class='ocrx_word' id='word_1_791' title='bbox 2466 5118 2778 5189; x_wconf 87' lang='lat' dir='ltr'><strong>baptismo,</strong></span> <span class='ocrx_word' id='word_1_792' title='bbox 2830 5133 2927 5188; x_wconf 88' lang='lat' dir='ltr'><strong>per</strong></span> <span class='ocrx_word' id='word_1_793' title='bbox 2984 5129 3181 5189; x_wconf 89' lang='lat' dir='ltr'><strong>aquam</strong></span> <span class='ocrx_word' id='word_1_794' title='bbox 3233 5115 3491 5170; x_wconf 82' lang='lat' dir='ltr'><strong>videlicet</strong></span> <span class='ocrx_word' id='word_1_795' title='bbox 3539 5121 3597 5170; x_wconf 90' lang='lat' dir='ltr'><strong>et</strong></span> 
     </span>
    </p>
   </div>
   <div class='ocr_carea' id='block_1_112' title="bbox 2013 5205 3597 5282">
    <p class='ocr_par' dir='ltr' id='par_1_112' title="bbox 2013 5205 3597 5282">
     <span class='ocr_line' id='line_1_112' title="bbox 2013 5205 3597 5282; baseline -0.004 -16"><span class='ocrx_word' id='word_1_796' title='bbox 2013 5210 2301 5282; x_wconf 86' lang='lat' dir='ltr'><strong>Spiritum.</strong></span> <span class='ocrx_word' id='word_1_797' title='bbox 2334 5209 2507 5264; x_wconf 88' lang='lat' dir='ltr'><strong>Porro</strong></span> <span class='ocrx_word' id='word_1_798' title='bbox 2610 5208 2867 5265; x_wconf 84' lang='lat' dir='ltr'><strong>Christus</strong></span> <span class='ocrx_word' id='word_1_799' title='bbox 2914 5209 3120 5264; x_wconf 86' lang='lat' dir='ltr'><strong>idcirco</strong></span> <span class='ocrx_word' id='word_1_800' title='bbox 3152 5206 3277 5277; x_wconf 86' lang='lat' dir='ltr'><strong>igne</strong></span> <span class='ocrx_word' id='word_1_801' title='bbox 3316 5205 3597 5277; x_wconf 85' lang='lat' dir='ltr'><strong>baptizare</strong></span> 
     </span>
    </p>
   </div>
   <div class='ocr_carea' id='block_1_113' title="bbox 2011 5297 3597 5372">
    <p class='ocr_par' dir='ltr' id='par_1_113' title="bbox 2011 5297 3597 5372">
     <span class='ocr_line' id='line_1_113' title="bbox 2011 5297 3597 5372; baseline -0.004 -15"><span class='ocrx_word' id='word_1_802' title='bbox 2011 5303 2233 5366; x_wconf 81' lang='lat' dir='ltr'><strong>dicitur,</strong></span> <span class='ocrx_word' id='word_1_803' title='bbox 2265 5302 2392 5372; x_wconf 86' lang='lat' dir='ltr'><strong>quia</strong></span> <span class='ocrx_word' id='word_1_804' title='bbox 2424 5300 2663 5372; x_wconf 85' lang='lat' dir='ltr'><strong>Spiritus</strong></span> <span class='ocrx_word' id='word_1_805' title='bbox 2701 5300 2933 5370; x_wconf 89' lang='lat' dir='ltr'><strong>gratiam</strong></span> <span class='ocrx_word' id='word_1_806' title='bbox 2974 5300 3031 5353; x_wconf 92' lang='lat' dir='ltr'><strong>in</strong></span> <span class='ocrx_word' id='word_1_807' title='bbox 3060 5306 3280 5354; x_wconf 89' lang='lat' dir='ltr'><strong>sanctos</strong></span> <span class='ocrx_word' id='word_1_808' title='bbox 3317 5297 3597 5366; x_wconf 86' lang='lat' dir='ltr'><strong>apostolos</strong></span> 
     </span>
    </p>
   </div>
   <div class='ocr_carea' id='block_1_114' title="bbox 2010 5389 3596 5465">
    <p class='ocr_par' dir='ltr' id='par_1_114' title="bbox 2010 5389 3596 5465">
     <span class='ocr_line' id='line_1_114' title="bbox 2010 5389 3596 5465; baseline -0.005 -14"><span class='ocrx_word' id='word_1_809' title='bbox 2010 5393 2224 5459; x_wconf 82' lang='lat' dir='ltr'><strong>eﬂ&#39;udit,</strong></span> <span class='ocrx_word' id='word_1_810' title='bbox 2285 5392 2748 5465; x_wconf 85' lang='lat' dir='ltr'><strong>quemadmodum</strong></span> <span class='ocrx_word' id='word_1_811' title='bbox 2814 5391 3084 5447; x_wconf 83' lang='lat' dir='ltr'><strong>Dominus</strong></span> <span class='ocrx_word' id='word_1_812' title='bbox 3144 5390 3265 5461; x_wconf 89' lang='lat' dir='ltr'><strong>ipse</strong></span> <span class='ocrx_word' id='word_1_813' title='bbox 3329 5389 3596 5443; x_wconf 78' lang='lat' dir='ltr'><strong>dixerat:</strong></span> 
     </span>
    </p>
   </div>
   <div class='ocr_carea' id='block_1_115' title="bbox 2009 5482 3600 5560">
    <p class='ocr_par' dir='ltr' id='par_1_115' title="bbox 2009 5482 3600 5560">
     <span class='ocr_line' id='line_1_115' title="bbox 2009 5482 3600 5560; baseline -0.006 -18"><span class='ocrx_word' id='word_1_814' title='bbox 2009 5486 2244 5544; x_wconf 77' lang='lat' dir='ltr'><strong>Joannes</strong></span> <span class='ocrx_word' id='word_1_815' title='bbox 2270 5484 2480 5560; x_wconf 81' lang='lat' dir='ltr'><strong>quidem</strong></span> <span class='ocrx_word' id='word_1_816' title='bbox 2515 5484 2807 5556; x_wconf 77' lang='lat' dir='ltr'><strong>baptizavit</strong></span> <span class='ocrx_word' id='word_1_817' title='bbox 2837 5500 2997 5555; x_wconf 83' lang='lat' dir='ltr'><strong>aqua,</strong></span> <span class='ocrx_word' id='word_1_818' title='bbox 3028 5499 3118 5538; x_wconf 74' lang='lat' dir='ltr'><strong>vos</strong></span> <span class='ocrx_word' id='word_1_819' title='bbox 3152 5490 3332 5536; x_wconf 73' lang='lat' dir='ltr'><strong>autem</strong></span> <span class='ocrx_word' id='word_1_820' title='bbox 3359 5482 3600 5551; x_wconf 78' lang='lat' dir='ltr'><strong>baptiza-</strong></span> 
     </span>
    </p>
   </div>
   <div class='ocr_carea' id='block_1_116' title="bbox 3055 5732 3581 5803">
    <p class='ocr_par' dir='ltr' id='par_1_116' title="bbox 3055 5732 3581 5803">
     <span class='ocr_line' id='line_1_116' title="bbox 3055 5732 3581 5803; baseline -0.008 -9"><span class='ocrx_word' id='word_1_821' title='bbox 3055 5738 3076 5771; x_wconf 77' lang='grc'><em>⁸</em></span> <span class='ocrx_word' id='word_1_822' title='bbox 3109 5737 3299 5794; x_wconf 76' lang='lat' dir='ltr'><strong>Matth.</strong></span> <span class='ocrx_word' id='word_1_823' title='bbox 3335 5751 3418 5803; x_wconf 84' lang='grc' dir='ltr'>ιιι,</span> <span class='ocrx_word' id='word_1_824' title='bbox 3494 5732 3581 5790; x_wconf 78' lang='grc' dir='ltr'><strong>Η.</strong></span> 
     </span>
    </p>
   </div>
   <div class='ocr_carea' id='block_1_117' title="bbox 3264 5898 3341 5961">
    <p class='ocr_par' dir='ltr' id='par_1_117' title="bbox 3264 5898 3341 5961">
     <span class='ocr_line' id='line_1_117' title="bbox 3264 5898 3341 5961; baseline 0.039 -3"><span class='ocrx_word' id='word_1_825' title='bbox 3264 5898 3341 5961; x_wconf 83' lang='grc' dir='ltr'><strong>1ιο</strong></span> 
     </span>
    </p>
   </div>
  </div>
