4012 6216
445 254 577 317 ιεοι

503 439 608 561 Sol
631 443 899 508 αἵματος,
927 440 1032 495 τοῦ
1067 439 1321 512 Νύσσης
1351 444 1418 498 ἐκ
1450 445 1555 500 τοῦ
1581 439 1995 517 “mximam-5

545 527 711 561 orou.

545 527 711 578 orov.

509 602 718 672 Ὠσπερ
746 604 795 657 ot
811 605 1130 676 δηλητήριον
1148 600 1526 679 δι’ὲπιδουλῆς
1548 608 1826 675 λαϐόντες,
1851 611 1998 683 ἄλλῳ

436 709 501 760 φη
515 694 712 762 ρμάκῳ
722 695 822 764 τὴν
841 697 1156 766 φθοροποιὸν
1170 697 1396 770 δύναμιν
1414 699 1666 755 ἔσϐεσανο
1679 703 1785 775 χρὴ
1802 703 1858 758 δὲ
1873 704 1995 760 καθ’

431 787 720 856 δμοιότητα
749 787 842 841 τοῦ
867 789 1109 860 ὀλεθρίου
1143 793 1236 847 καὶ
1266 797 1326 848 τὸ
1359 796 1695 871 ἁλεξιτήριον
1725 804 1874 868 ἐντὸς
1901 803 2009 859 τῶν

429 877 784 948 ἀνθρωπίνων
811 882 1061 950 γενέσθαι
1099 885 1443 959 σπλάγχνων,
1478 889 1554 955 ὡς
1586 892 1653 946 ἂν
1683 893 1750 946 δι’
1784 896 2008 951 ἐκείνων

430 969 512 1057 έφ⁹
547 969 694 1023 ἇπαν
749 974 1179 1047 καταμερισθείη
1203 979 1264 1031 τὸ
1291 979 1448 1051 σῶμα
1489 983 1522 1053 ή
1564 982 1657 1036 τοῦ
1686 984 2009 1057 βοηθοῦντος

429 1056 682 1129 δύναμιςο
711 1060 852 1117 οὕτω
891 1063 985 1117 τοῦ
1013 1065 1323 1133 διαλύοντος
1363 1071 1463 1143 τὴν
1491 1072 1652 1141 φύσιν
1687 1077 1844 1147 ἡμῶν
1872 1079 2010 1133 ἀπο·

426 1151 775 1222 γευσάμενοι,
811 1154 970 1210 πάλιν
999 1157 1300 1228 ἀναγκαῖον
1335 1161 1412 1225 ὡς
1441 1163 1650 1218 καὶτοῦ
1686 1169 2008 1237 συνάγοντος

425 1243 486 1296 τὸ
509 1244 889 1316 διαλελυμένον
927 1249 1300 1324 ὲπεδεήθημεν
1325 1271 1340 1286 ο
1380 1254 1453 1320 ὡς
1500 1255 1566 1311 ἂν
1600 1260 1658 1311 ὲν
1688 1261 1820 1331 ἡμῖν
1850 1264 2004 1331 γενό-

427 1351 586 1400 μενον
613 1335 674 1388 τὸ
697 1338 938 1392 τοιοῦτον
980 1341 1316 1416 ἁλεξιτήριον
1341 1346 1442 1419 τὴν
1485 1352 1902 1418 προεντεθεῖσαν
1927 1355 2006 1426 τῷ

425 1424 639 1496 σώματι
663 1426 758 1480 τοῦ
781 1428 1105 1503 δηλητηρίου
1146 1434 1349 1507 βλάϐην
1379 1437 1468 1492 διὰ
1500 1441 1598 1512 τῆς
1625 1443 1830 1507 οἰκείας
1858 1424 2005 1498 ἀντιέ

423 1517 652 1583 παθείας
683 1517 974 1576 ἀπώσοιτο.
1005 1521 1070 1577 Τί
1100 1521 1194 1578 οὖν
1244 1527 1360 1580 ἐστι
1393 1528 1582 1596 τοῦτος
1614 1531 1781 1586 Οὐδὲν
1819 1532 2005 1606 ἕτερον

422 1607 650 1680 ἣὲκεῖνο
669 1611 730 1666 τὸ
760 1612 941 1685 σῶμα,
965 1615 994 1669 ὃ
1023 1615 1118 1670 τοῦ
1149 1634 1207 1670 τε
1231 1617 1460 1673 θανάτου
1491 1625 1737 1692 κρεῖττον
1769 1624 1999 1696 ἐδείχθη,

1352 259 1726 322 PANOPLIA
1768 261 2232 333 DOGMATICA.
2258 295 2324 308 ·-
2358 273 2504 334 ΤΙΤ.
2549 274 2727 337 XXV.

437 368 576 435 Περὶ
595 369 716 449 ’τῆς
739 368 1265 449 μεταλήήείιξςβοῦ
1296 374 1663 449 Δεσποτικοῦ
1718 377 1993 449 σώματος

2098 384 2170 439 De
2199 390 2642 442 transmutatione

3437 347 3440 350 .
3538 291 3671 355 1262

2693 389 2955 470 Dominis}
2993 398 3227 463 corporis
3251 406 3298 450 et
3357 403 3650 470 sanguinis.

2175 453 2412 578 [Gregorii
2461 457 2644 530 Nysae
2691 462 2960 532 pontiﬁcis
3020 453 3096 517 ea;
3143 470 3381 522 oratione
3429 453 3674 526 ε’ὶιιεειῖέυ

2197 542 2302 580 ica.
2914 541 2916 543 ’

2177 615 2294 681 Quo
2367 616 2529 672 modo
2617 619 2765 674 enim
2814 623 2915 691 qui
2983 638 3252 681 venenum
3316 636 3669 696 sumpserunt

2108 700 2234 759 dolo
2257 713 2310 760 et
2341 720 2410 762 ex
2433 707 2666 776 insidiis,
2717 710 2824 766 alio
2851 713 3250 770 medicamento
3306 719 3668 790 exstinguunt

2109 807 2215 860 vim
2256 821 2378 877 quae
2406 806 2562 862 ali‘ert
2614 807 2927 880 interitum,
2966 820 3180 880 oportet
3207 821 3384 867 autem
3419 814 3560 868 sicut
3582 830 3680 870 ex—

2109 899 2279 962 itiale,
2307 900 2379 954 ita
2433 899 2598 954 etiam
2665 897 3418 958 salutaremedicamentum
3461 903 3677 966 admitti

2108 992 2252 1046 intra
2303 990 2516 1045 viscera
2549 989 2810 1056 hominis,
2855 1000 2912 1044 ut
2958 1006 3054 1060 per
3087 991 3179 1046 illa
3215 992 3578 1068 distribuatur
3621 995 3677 1049 in

2110 1084 2426 1139 universum
2460 1081 2865 1152 corpusvirtus
2893 1079 3012 1151 ejus
3056 1084 3201 1152 quod
3251 1068 3355 1137 fert
3384 1083 3540 1154 opem
3563 1087 3678 1139 :ita

2106 1189 2232 1229 cum
2262 1172 2314 1228 id
2344 1172 2748 1244 gustaverimus
2775 1170 2922 1244 quod
2949 1180 3194 1227 nostram
3223 1173 3476 1230 dissolvit
3513 1183 3679 1228 natu-

2106 1280 2244 1328 ram,
2274 1279 2471 1321 rursus
2497 1277 2727 1320 necesse
2755 1273 2838 1319 est
2865 1273 2926 1319 ut
2947 1281 3085 1339 opus
3103 1266 3401 1336 habeamus
3431 1281 3495 1322 eo
3518 1267 3667 1336 quod

2105 1353 2253 1425 cogit
2286 1368 2350 1408 ac
2375 1353 2632 1425 conciliat
2656 1355 2710 1409 id
2745 1355 2888 1424 quod
2928 1364 3044 1412 erat
3072 1356 3425 1423 dissolutum,
3453 1366 3512 1411 ut
3541 1372 3669 1412 cum

2105 1445 2249 1500 intra
2281 1462 2382 1502 nos
2408 1446 2573 1503 fuerit
2600 1433 2703 1522 hoc
2718 1448 2960 1513 salutare
2973 1448 3455 1521 medicamentum,
3469 1450 3671 1504 veneni

2102 1535 2387 1604 damnum,
2439 1539 2584 1610 quod
2608 1523 2824 1610 corpori
2855 1540 3032 1595 fuerat
3085 1539 3340 1607 inditum,
3395 1548 3493 1611 per
3539 1555 3673 1596 con-

2102 1627 2330 1682 trariam
2365 1630 2594 1699 repellat
2633 1629 2998 1691 aliectimmm.
3055 1628 3198 1696 Quid
3233 1629 3338 1685 hoc
3363 1645 3493 1701 ergo
3545 1640 3625 1687 est
3648 1632 3675 1685 ἳ

423 1701 516 1794 καὶ
542 1701 641 1772 τῆς
669 1703 813 1794 ζωῆς
848 1706 1005 1776 ήμῶν
1036 1709 1364 1780 κατήρξατο.
1398 1711 1665 1782 Καθάπερ
1690 1715 1798 1784 γὰρ
1825 1716 1996 1788 μικρά

2104 1715 2243 1772 Nihil
2271 1718 2421 1774 aliud
2456 1735 2619 1790 quam
2647 1720 2780 1774 illud
2815 1735 3040 1790 corpus,
3083 1720 3234 1787 quod
3266 1730 3321 1774 et
3362 1728 3540 1789 morte
3575 1735 3672 1777 os-

422 1790 589 1863 ζύμη,
645 1793 831 1859 καθώς
874 1815 1037 1867 φησιν
1074 1799 1103 1852 ὁ
1152 1800 1492 1868 ’Λπὸστολος,
1533 1803 1652 1857 ὅλον
1679 1805 1738 1858 τὺ
1772 1805 2002 1878 φύραμα

423 1885 555 1956 πρὸς
579 1887 778 1959 ἑαυτὴν
831 1889 1185 1960 συνεξομοιοί,
1231 1890 1405 1956 οὕτως
1442 1892 1504 1945 τὸ
1543 1893 1862 1950 θανατισθὲν
1896 1896 2002 1950 ὑπὸ

418 1976 512 2029 τοῦ
552 1975 686 2030 Θεοῦ
715 1977 874 2048 σῶμα
900 1979 957 2032 ἐν
983 1978 1061 2049 τῷ
1090 1980 1344 2051 ἡμετέρῳ
1380 1981 1691 2051 γενόμενον,
1723 1983 1842 2037 ὅλον
1863 1984 2002 2056 πρὸς

419 2067 581 2121 ἑαυτὸ
612 2072 899 2138 μεταποιεῖ
947 2071 1040 2122 καὶ
1072 2071 1445 2142 μετατίθησιν.
1492 2072 1578 2136 Ὠς
1611 2073 1720 2145 γὰρ
1746 2073 1839 2128 τοῦ
1869 2075 2000 2146 φθο-

414 2157 638 2232 ροποιοῦ
705 2160 842 2226 πρὸς
897 2161 958 2214 τὸ
1014 2161 1250 2230 ὑγιαῖνον
1297 2163 1706 2236 ἀναμιχθέντας,
1749 2164 1894 2221 ἅπαν
1937 2165 1996 2220 τὸ

411 2249 726 2321 ἁνακραθὲν
781 2251 1212 2323 συνηχρείωται·
1271 2253 1442 2319 οὕτως
1495 2257 1588 2310 καὶ
1635 2257 1694 2310 τὸ
1732 2255 1998 2312 ἀθάνατον

421 2341 581 2412 σῶμα
643 2343 700 2396 ὲν
723 2341 800 2413 τῷ
832 2343 1148 2398 ἀναλαϐόντι
1195 2345 1324 2400 αὒτὺ
1369 2347 1678 2418 γενόμενον,
1727 2348 1861 2419 πρὸς
1899 2350 1997 2421 τὴν

419 2430 610 2484 ἑαυτοῦ
655 2429 816 2501 φύσιν
883 2434 978 2486 καὶ⁵
1022 2434 1082 2488 τὸ
1113 2437 1220 2488 πᾶν
1262 2436 1636 2508 μετεποίησεν.
1687 2438 1847 2492 ’Δλλὰ
1891 2439 1996 2510 μὴν

410 2522 517 2576 οὐκ
542 2523 686 2579 ἐστιν
717 2522 890 2588 ἄλλως
915 2526 1063 2589 ἐντός
1086 2543 1140 2579 τι
1159 2526 1438 2594 γίγνεσθαι
1471 2526 1562 2581 τοῦ
1600 2527 1868 2598 σώματος,
1911 2529 1994 2601 μὴ

403 2611 506 2678 ,διὰ
537 2613 788 2685 βρώσεως
811 2617 905 2668 καὶ
933 2617 1141 2680 πόσεως
1169 2621 1279 2681 τοῖς
1307 2618 1631 2689 σπλάγχνοις
1659 2620 1994 2691 καταμιγνύ-

413 2720 602 2774 μενον.
639 2706 850 2761 Οὐκοῦν
879 2708 1186 2777 ἐπάναγκες
1208 2712 1349 2764 κατὰ
1368 2709 1459 2763 τὸν
1487 2709 1707 2765 δυνατὸν
1740 2713 1806 2784 τῇ
1838 2713 1996 2781 φύσει

418 2794 616 2863 τρόπον
633 2795 730 2868 τὴν
745 2795 1006 2861 ξωοποιὸν
1027 2799 1251 2869 δύναμιν
1269 2795 1361 2851 τοῦ
1379 2796 1519 2854 Πνεύ
1527 2819 1694 2871 ματος
1722 2799 1991 2866 δέξασθαι.

421 2885 595 2940 Μόνον
623 2886 678 2940 δὲ
701 2886 793 2942 τοῦ
826 2883 1086 2959 Θεοδόχου
1107 2888 1357 2960 σώματος
1387 2889 1595 2946 ἐκείνου
1617 2894 1818 2966 ταύτην
1845 2894 1997 2960 δεξα-

421 2974 586 3045 μένου
615 2977 715 3047 τὴν
752 2979 931 3049 χάριν,
955 2978 1128 3044 ἄλλως
1156 2980 1212 3034 δὲ
1238 2982 1538 3053 δειχθέντος
1570 2984 1643 3056 μὴ
1677 2981 1811 3039 εἶναι
1839 2985 1996 3040 δυνα-

418 3065 508 3118 τὸν
529 3069 586 3121 ἐν
609 3048 877 3140 ἀθανασίᾳ
931 3070 1183 3137 γενέσθαι
1235 3074 1294 3126 τὸ
1321 3048 1610 3146 ϋῆμέτερον
1631 3048 1814 3148 σῶμα,
1839 3079 1889 3130 εί
1920 3077 1994 3154 μὴ
2013 3048 2062 3109 C

417 3156 504 3209 διὰ
525 3161 624 3229 τῆς
653 3159 788 3229 πρὸς
813 3162 870 3213 τὸ
902 3161 1168 3216 ἀθάνατον
1199 3165 1480 3230 κοινωνίας
1511 3168 1570 3221 ὲν
1611 3168 1868 3240 μετουσίᾳ
1896 3173 1994 3240 τῆς

420 3248 727 3321 ἀφθαρσίας
747 3253 1036 3324 γενόμενον
1056 3271 1070 3284 ο
1111 3256 1380 3326 σκοπῆσαι
1407 3260 1693 3330 προσήκει,
1732 3260 1848 3322 πῶς
1873 3260 1996 3329 ἐγέ-

419 3356 538 3395 νετο
563 3343 784 3398 δυνατὸν
841 3347 900 3400 τὸ
947 3346 1004 3400 ἓν
1040 3349 1214 3402 ἐκεῖνο
1240 3351 1398 3422 σῶμα
1421 3353 1539 3414 ταῖς
1564 3355 1851 3417 τοσαύταις
1885 3350 1993 3407 τῶν

417 3434 620 3488 πιστῶν
661 3438 886 3508 μυριάσι
918 3439 1058 3494 κατὰ
1095 3442 1274 3494 πᾶσαν
1315 3442 1410 3513 τὴν
1449 3441 1774 3514 οἰκουμένην
1819 3446 1991 3498 εἰσαεὶ

415 3527 928 3598 καταμεριζόμενον,
964 3531 1082 3583 ὅλον
1115 3533 1173 3586 ὲν
1202 3533 1414 3603 ἑκάστῳ
1445 3533 1640 3586 διὰτοῦ
1667 3534 1873 3602 μέρους
1901 3550 1993 3600 γε-

410 3616 619 3677 νέσθαι,
648 3621 741 3672 καὶ
791 3621 922 3673 αὐτὸ
965 3621 1144 3692 μένειν
1170 3624 1254 3691 ἐφ’
1283 3623 1475 3674 ἑαυτοῦ
1505 3624 1644 3676 ὅλον.
1679 3624 1886 3676 Οὐκοῦν
1917 3625 1992 3690 ὼς

415 3707 481 3761 ἂν
529 3708 666 3778 πρὸς
719 3709 780 3760 τὸ
812 3709 1098 3764 ἀκόλουθον
1131 3714 1261 3782 ἡμῖν
1289 3713 1323 3783 ri)
1349 3711 1526 3776 πίστις
1549 3713 1844 3782 βλέπουσα,
1876 3732 1992 3786 μη-

411 3795 604 3868 δεμίαν
659 3797 987 3868 ἀμφιϐολίαν
1029 3802 1157 3874 περὶ
1197 3802 1291 3855 τοῦ
1334 3802 1693 3874 προκειμένου
1723 3806 1993 3876 νοήματος

413 3889 548 3964 ἔχοι,
583 3891 773 3963 μικρόν
803 3909 856 3945 τι
877 3895 1143 3964 προσήκει
1173 3893 1586 3965 παρασχολῆσαι
1615 3894 1705 3948 τὸν
1733 3895 1888 3964 λόγον
1909 3898 1992 3961 είς

412 3979 510 4050 τὴν
539 3981 881 4050 φυσιολογίαν
919 3982 1012 4036 τοῦ
1058 3983 1328 4056 σώματος.
1359 3986 1453 4048 Ἰῗίς
1480 3987 1586 4058 γὰρ
1617 3988 1716 4042 οὐκ
1747 3985 1884 4044 οἶδεν
1907 3990 1989 4043 ὅτι

413 4074 446 4143 ή
471 4073 564 4126 τοῦ
595 4073 843 4144 σώματος
875 4076 1031 4147 ἡμῶν
1049 4077 1210 4146 φύσις
1243 4077 1380 4150 αὐτὴ
1416 4078 1536 4133 καθ’
1572 4080 1770 4152 ἑαυτὴν
1801 4083 1858 4134 ὲν
1885 4081 1991 4154 ἰδίᾳ

407 4163 516 4216 τινὶ
556 4164 849 4218 ὑποστάσει
885 4165 1030 4238 ζωὴν
1086 4169 1186 4223 οὐκ
1226 4168 1374 4239 ἔχει’
1416 4169 1660 4226 ἀλλάιδιὰ
1703 4177 1799 4244 τῆς
1831 4176 1990 4246 ἑπιρ-

413 4253 642 4326 ῥεούσης
669 4257 804 4327 αὐτῇ
856 4259 1137 4329 δυνάμεως
1161 4261 1374 4332 συνέχει
1399 4279 1458 4315 τε
1486 4265 1685 4335 ἑαυτὴν
1709 4266 1803 4319 καὶ
1832 4267 1890 4319 ὲν

2101 1814 2316 1864 tensum
2358 1807 2460 1864 l‘ait
2490 1826 2614 1867 esse
2660 1812 2960 1882 potentius,
3023 1819 3078 1869 et
3135 1820 3340 1884 nostrae
3391 1815 3518 1869 vitae
3571 1813 3674 1868 fuit

2101 1897 2340 1954 initium.
2372 1900 2656 1966 Quomodo
2687 1904 2833 1958 enim
2864 1919 3054 1974 parum
3097 1904 3376 1968 iermenti,
3437 1913 3497 1958 ut
3537 1905 3673 1960 dicit

2098 1985 2394 2057 Apostolus
2419 1989 2461 2049 ¹,
2497 1990 2600 2045 sibi
2619 1991 3074 2048 assimilattotam
3099 1995 3569 2066 conspersionem,
3595 1996 3670 2051 ita
3755 2027 3758 2030 ~

2101 2095 2301 2149 corpus
2324 2093 2355 2132 a
2389 2077 2496 2134 Deo
2520 2089 2692 2134 morte
2725 2079 2979 2136 allectum
3021 2096 3147 2136 cum
3191 2082 3354 2139 fuerit
3397 2085 3540 2139 intra
3571 2100 3672 2140 no-
3741 2157 3746 2162 _

2104 2177 2302 2232 strum,
2331 2175 2506 2222 totum
2534 2167 2602 2224 ad
2627 2183 2686 2224 se
2718 2177 3052 2225 transmutat
3096 2181 3145 2228 et
3178 2164 3464 2228 transfert.
3513 2175 3665 2242 Quo-

2102 2259 2264 2314 modo
2302 2260 2446 2314 enim
2472 2276 2595 2315 cum
2634 2261 2778 2330 quod
2807 2268 2891 2317 est
2921 2262 3164 2326 exitiale,
3216 2265 3437 2320 mistum
3499 2263 3666 2321 fuerit

2099 2365 2224 2404 cum
2285 2366 2442 2417 sano,
2509 2351 2770 2421 quidquid
2829 2361 2913 2408 est
2970 2362 3458 2425 contemperatum,
3507 2355 3670 2412 simul

2099 2440 2350 2495 redditur
2381 2440 2600 2508 inutile,
2634 2441 2706 2494 ita
2739 2442 2901 2494 etiam
2947 2456 3149 2512 corpus
3198 2443 3510 2499 immortale
3536 2457 3662 2498 cum

2099 2527 2263 2583 fuerit
2294 2529 2433 2582 intra
2464 2544 2590 2583 eum
2645 2530 2736 2600 qui
2774 2530 3032 2599 sumpsit,
3082 2531 3397 2586 universum
3445 2547 3665 2602 quoque

2099 2629 2431 2678 transmutat
2479 2624 2532 2676 in
2568 2637 2722 2676 suam
2755 2631 3034 2676 naturam.
3103 2622 3208 2678 Sed
3268 2623 3385 2678 ﬁeri
3424 2639 3532 2678 non
3571 2641 3668 2693 po~
3707 2613 3709 2616 ⁴

2097 2717 2207 2766 test
2241 2719 2299 2765 ut
2345 2711 2419 2766 sit
2467 2710 2674 2780 aliquid
2725 2711 2884 2765 aliter
2938 2712 3078 2765 intra
3132 2727 3354 2783 corpus,
3414 2713 3520 2769 nisi
3575 2730 3672 2783 per
3703 2711 3742 2726 ”

2097 2817 2250 2858 esum
2295 2809 2351 2857 et
2381 2803 2662 2873 potionem
2715 2804 3013 2857 misceatur
3067 2805 3393 2860 visceribus.
3432 2803 3671 2862 Necesse
3771 2803 3774 2806 ’

2097 2904 2180 2950 est
2203 2909 2353 2965 ergo,
2384 2911 2451 2950 eo
2488 2893 2648 2949 modo
2679 2909 2788 2964 quo
2821 2903 3021 2948 natura
3067 2901 3268 2964 potest,
3297 2893 3536 2965 Spiritus
3587 2901 3669 2951 vi-

2095 2986 2307 3040 viﬁcam
2357 2985 2640 3054 suscipere
2689 2985 2966 3040 virtutem.
3007 2983 3144 3038 Cum
3176 2991 3357 3038 autem
3389 2985 3565 3039 solum
3603 2985 3669 3038 il-

2096 3077 2188 3133 lud
2223 3093 2425 3146 corpus
2473 3075 2618 3147 quod
2677 3075 2847 3131 Deum
2907 3074 3171 3144 suscepit,
3223 3075 3366 3128 hanc
3430 3075 3663 3145 gratiam

2096 3170 2390 3241 acceperit,
2466 3176 2752 3224 ostensum
2807 3167 2879 3222 sit
2936 3175 3118 3221 autem
3161 3167 3323 3221 aliter
3373 3165 3491 3221 ﬁeri
3553 3181 3664 3221 non

2096 3277 2276 3334 posse,
2347 3269 2405 3314 ut
2446 3268 2696 3314 nostrum
2755 3271 2953 3328 corpus
3001 3258 3072 3311 sit
3129 3257 3184 3311 in
3227 3256 3663 3322 immortalitate,

2095 3356 2198 3410 nisi
2236 3370 2330 3425 per
2358 3352 2802 3408 communionem
2847 3366 2970 3404 cum
3016 3349 3305 3404 immortali
3347 3348 3548 3403 factum
3596 3349 3668 3404 sit

2096 3448 2365 3517 particeps
2392 3443 2818 3511 incorruptionis
2843 3459 2856 3496 :
2889 3449 3100 3509 Oportet
3121 3440 3493 3505 considerare,
3525 3454 3668 3509 quo-

2097 3536 2259 3588 modo
2307 3534 2421 3587 ﬁeri
2464 3532 2736 3601 potuerit,
2782 3539 2838 3583 ut
2886 3545 3053 3583 unum
3091 3529 3224 3584 illud
3255 3544 3488 3599 corpus,
3523 3529 3667 3598 quod

2097 3631 2206 3676 tam
2241 3621 2427 3676 multis
2457 3621 2694 3676 lidelium
2742 3620 2984 3674 millibus
3025 3620 3082 3674 in
3116 3620 3373 3675 universo
3404 3620 3536 3676 orbe
3567 3630 3670 3675 ter-

2096 3728 2279 3768 rarum
2313 3724 2523 3780 semper
2567 3711 2933 3774 distribuitur,
2981 3719 3154 3764 totum
3197 3724 3293 3779 per
3333 3717 3547 3779 partem
3597 3710 3669 3764 sit

2096 3805 2150 3860 in
2191 3817 2554 3873 unoquoque,
2599 3808 2653 3856 et
2693 3802 2870 3871 ipsum
2915 3801 2968 3854 in
3008 3815 3068 3857 se
3095 3807 3270 3853 totum
3320 3805 3558 3854 maneat.
3597 3797 3670 3855 Ut

2095 3915 2226 3971 ergo
2258 3898 2390 3954 fides
2434 3897 2503 3952 ad
2547 3897 2598 3952 id
2649 3896 2793 3968 quod
2847 3902 2932 3950 est
2975 3911 3318 3966 consequens
3367 3895 3665 3964 aspiciens,

2094 3989 2162 4047 de
2208 4004 2372 4046 sensu
2411 3987 2702 4058 pmpos‘ito
2752 3985 2956 4039 nullam
3003 3984 3200 4040 habeat
3237 3984 3664 4050 dubitationem,

2091 4087 2305 4151 oportet
2339 4085 2580 4132 nostram
2619 4077 2921 4130 orationem
2968 4076 3244 4144 paulisper
3283 4075 3561 4128 immorari
3610 4075 3667 4130 in

2094 4171 2327 4226 naturali
2359 4167 2605 4238 corporis
2645 4167 3098 4222 consideratione.
3135 4165 3268 4232 Quis
3299 4167 3443 4221 enim
3491 4167 3668 4221 nescit

2094 4262 2239 4333 quod
2298 4260 2472 4315 nostri
2554 4259 2802 4328 corporis
2858 4266 3052 4313 natura
3123 4260 3239 4329 ipsa
3292 4275 3387 4329 per
3440 4274 3499 4313 se
3557 4273 3664 4312 non

410 4342 550 4402 εἶναι
581 4347 1038 4424 μένει,,ἁπαύστῳ
1059 4356 1264 4424 κινήσει
1284 4355 1344 4408 τὸ
1367 4355 1610 4409 ἐλλεῖπον
1638 4355 1990 4430 πρὸς’ἐαυτὴν

2099 4353 2260 4408 habet
2297 4353 2462 4405 vitam
2501 4352 2553 4404 in
2599 4351 2830 4420 quadam
2873 4351 3091 4420 propria
3136 4351 3380 4420 corporis
3415 4351 3666 4405 substan-

411 4438 768 4511 ἐφελκομένη,
815 4443 918 4496 καὶ
959 4444 1029 4496 -τὺ
1085 4445 1402 4515 περιττεῦον
1457 4446 1850 4517 ἁπωθουμένη;
1878 4450 1987 4502 Καὶ

414 4524 600 4602 ὥσπερ
632 4549 715 4595 τις
746 4533 911 4598 ἀσκὸς
935 4533 1099 4606 ὑγροῦ
1128 4554 1269 4602 τινος
1302 4539 1513 4611 πλήρης
1543 4539 1636 4601 ὢν,
1665 4541 1712 4592 εἰ
1740 4540 1876 4593 κατὰ
1895 4541 1990 4594 τὸν

407 4631 660 4701 πυθμένα
712 4630 774 4684 τὸ
819 4629 1134 4702 ἐγκείμενον
1155 4630 1388 4697 ὑπεξίοι,
1417 4632 1516 4687 οὐκ
1544 4632 1610 4686 ἂν
1642 4629 1901 4701 φυλάσσοι.
1927 4630 1990 4682 τὸ

408 4725 537 4794 περ).
561 4724 653 4779 τὸν
677 4723 840 4793 ὄγκον
867 4724 1284 4794 ἑαυτοῦσχῆμα,
1307 4723 1381 4794 μὴ
1404 4723 1762 4786 ἀντεισιόντος
1785 4719 1988 4776 ἄνωθεν

407 4817 597 4888 ἑτέρου
649 4818 792 4889 πρὸς
825 4817 900 4870 -τδ
947 4815 1276 4887 κενούμενον
1299 4831 1314 4847 θ
1357 4815 1498 4868 ὥστε
1533 4815 1623 4868 τὸν
1659 4814 1869 4885 ὁρῶντα
1890 4811 1988 4884 τὴν

379 4934 384 4939 -
407 4907 619 4981 ὀγκώδη
636 4909 729 4963 τοῦ
751 4909 977 4978 ἀγγείου
1008 4909 1195 4962 τούτου
1218 4905 1495 4978 περιοχὴν,
1525 4906 1721 4961 εἰδέναι
1736 4904 1819 4976 μὴ
1853 4903 1988 4957 ίδίαν

406 4996 547 5054 εἶναι
576 5000 670 5054 τοῦ
694 5001 1016 5070 φαινομένου
1041 5017 1054 5030 ’
1079 4999 1210 5053 ἀλλὰ
1248 4998 1310 5050 τὸ
1349 4998 1558 5069 είσρέον
1587 4999 1642 5050 ὲν
1660 4994 1824 5065 αὐτῷ
1845 4993 1987 5062 γινό-

411 5107 570 5159 μενον
613 5091 963 5162 σχηματίζειν
1002 5091 1063 5143 τὸ
1097 5089 1350 5160 περιέχον
1383 5088 1688 5156 τὸνὸγκονο
1727 5085 1870 5148 οὕτω
1895 5086 1988 5140 καὶ

405 5183 440 5252 ἡ
464 5182 558 5237 τοῦ
605 5183 855 5254 σώματος
910 5182 1066 5253 ἡμῶν
1096 5180 1409 5252 κατασκευὴ
1440 5180 1569 5234 ἴδιον
1597 5179 1695 5250 μὲν
1728 5179 1865 5252 πρὸς
1892 5178 1988 5250 τὴν

408 5275 607 5346 ἑαυτῆς
627 5274 884 5328 σύστασιν
903 5274 1054 5328 οὐδὲν
1083 5275 1212 5344 ἡμῖν
1233 5272 1404 5346 γνὼρι
1409 5291 1506 5344 μον
1531 5271 1666 5343 ἔχει,
1693 5272 1782 5326 διὰ
1812 5271 1869 5324 δὲ
1891 5271 1990 5340 τῆς

399 5366 841 5436 ἐπεισαγομένης
896 5366 1196 5436 δυνάμεως,
1238 5367 1296 5418 ὲν
1341 5364 1419 5436 τῷ
1447 5362 1590 5420 εἶναι
1632 5365 1806 5435 μένει.
1841 5365 1904 5416 Ἢ
1932 5362 1990 5416 δὲ

399 5456 634 5527 δύναμις
661 5455 799 5526 αὕτη
833 5456 1004 5528 τροφὴ
1035 5456 1129 5509 καὶ⁸
1155 5455 1272 5510 ἐστι
1291 5458 1384 5512 καὶ
1400 5457 1632 5525 λέγεται.
1670 5455 1790 5510 Ἔτι
1813 5455 1868 5509 δὲ
1893 5454 1990 5524 οὐχ

405 5547 438 5614 ἡ
474 5547 610 5617 αὑτὴ
635 5549 769 5601 πᾶσι
801 5550 910 5611 'to’t;
939 5549 1291 5618 τρεφομένοις
1307 5547 1552 5620 σώμασι,
1573 5547 1718 5604 ⁴ἀλλά
1753 5545 1989 5616 τιςιὲκά-

411 5650 516 5701 στῳ
562 5638 894 5708 κατάλληλος
935 5639 1087 5710 παρὰ
1132 5639 1224 5694 τοῦ
1268 5640 1365 5708 τὴν
1396 5640 1555 5710 φύσιν
1581 5638 1989 5710 οἰκονομοῦντος

500 5776 513 5803 ¹
549 5772 566 5826 l
602 5771 721 5825 Cur.
760 5789 808 5838 ι’,
855 5774 906 5826 6.

2095 4449 2209 4514 tia,
2269 4446 2363 4504 sed
2416 4461 2512 4517 per
2581 4446 2870 4514 quamdam
2937 4445 3240 4498 aﬂluen‘tcm
3305 4445 3354 4498 ei
3403 4445 3665 4498 virtutem

2091 4547 2146 4592 et
2181 4539 2418 4610 seipsam
2457 4539 2733 4597 continet.
2765 4545 2817 4590 et
2852 4548 3030 4591 manet
3064 4537 3118 4590 in
3152 4538 3391 4592 essentia
3413 4577 3427 4596 .
3473 4552 3668 4605 perpe»

2085 4637 2178 4686 tua
2204 4628 2447 4684 motione
2476 4625 2542 4680 ad
2575 4639 2633 4681 se
2665 4623 2946 4678 attrahens
2980 4622 3031 4676 id
3078 4620 3223 4691 quod
3266 4621 3421 4675 deest
3443 4661 3458 4684 ,
3491 4628 3546 4675 et
3579 4635 3664 4674 re-

2086 4725 2290 4794 pellens
2341 4720 2390 4774 id
2424 4719 2566 4788 quod
2614 4723 2698 4771 est
2731 4713 3229 4785 supervacaneum?
3268 4713 3341 4766 'Et
3374 4712 3667 4780 quomodo

2086 4824 2208 4869 uter
2232 4811 2433 4883 aliQuis
2461 4809 2893 4880 aliquoirumore
2916 4807 3129 4877 plenus,
3156 4805 3200 4860 si
3219 4806 3272 4858 in
3285 4804 3462 4858 fundo
3499 4810 3661 4855 exeat

2087 4905 2138 4964 id
2181 4904 2326 4974 quod
2373 4904 2425 4960 in
2466 4917 2532 4958 co
2575 4909 2661 4956 est
2697 4901 2968 4971 positum,
3007 4900 3062 4953 in
3094 4896 3475 4968 magnitudine
3503 4910 3664 4950 suam

2087 5013 2197 5051 non
2231 4995 2530 5051 servaverit
2563 4994 2789 5066 ﬁguram
2810 5033 2825 5059 ,
2867 4991 2972 5046 nisi
3016 5005 3251 5060 superne
3287 5003 3389 5056 pro
3414 5002 3480 5042 eo
3507 4987 3665 5057 quod

2086 5089 2220 5144 exiit
2249 5087 2586 5159 ingrediatur
2618 5085 2764 5139 aliud
2797 5084 2864 5138 ad
2897 5083 2951 5138 id
2975 5082 3122 5152 quod
3147 5079 3497 5136 exinanitum
3530 5078 3666 5133 adeo

2088 5188 2148 5235 ut
2198 5178 2292 5247 qui
2341 5175 2490 5232 videt
2536 5174 2911 5248 magnitudine
2963 5172 3260 5228 distentum
3299 5170 3470 5238 hujus
3516 5170 3667 5224 vasis

2087 5270 2353 5325 ambitum
2373 5307 2388 5332 ,
2418 5269 2557 5324 sciat
2587 5281 2710 5322 cum
2742 5281 2849 5321 non
2889 5279 3015 5320 esse
3055 5263 3337 5333 proprium
3367 5260 3486 5330 ejus
3521 5261 3668 5329 quod

2088 5368 2314 5430 apparet
2343 5403 2358 5429 ,
2389 5361 2484 5415 sed
2512 5360 2564 5415 id
2595 5359 2740 5431 quod
2769 5357 2945 5412 innuit
2965 5399 2979 5421 ,
3010 5370 3133 5410 cum
3168 5355 3220 5408 in
3251 5369 3317 5408 eo
3349 5353 3512 5408 fuerit
3538 5353 3672 5423 ligu-

2089 5465 2211 5506 rare
2266 5450 2320 5506 id
2379 5451 2521 5522 quod
2566 5451 2807 5506 continet
2857 5446 3286 5517 magnitudinem
3317 5462 3332 5496 :
3367 5446 3440 5498 ita
3497 5445 3668 5500 etiam

2089 5545 2340 5612 corporis
2389 5545 2561 5599 nostri
2612 5541 2952 5598 constructio
3010 5538 3146 5594 nihil
3222 5537 3443 5606 quidem
3501 5537 3666 5591 habet

2089 5615 2372 5708 proprium
2407 5633 2568 5692 nobis
2600 5634 2877 5704 cognitum
2929 5631 2998 5687 ad
3047 5632 3134 5687 sui
3178 5629 3664 5692 constitutionem,
