4012 6216
396 267 531 334 1263

1668 258 2051 320 EUTIIYMII
2092 255 2453 317 ZZGABENI

3519 253 3665 318 1264

394 419 489 472 per
517 419 638 459 eam
676 414 857 458 autem
889 418 1011 472 quae
1050 402 1437 481 intromittitur
1479 402 1740 457 virtutem
1784 412 1955 456 manet

2069 403 2540 474 ἀποκεκλήρωται.
2577 402 2659 458 Τὰ
2688 404 2785 475 μὲν
2808 403 2918 476 γὰρ
2942 398 3052 455 τῶν
3072 398 3225 463 ζώων
3247 402 3662 476 ριζωρυχοῦντα

392 498 445 550 in
477 496 737 551 essentia.
788 494 861 548 Ea
902 504 1084 551 autem
1116 496 1291 548 virtus
1321 494 1637 548 alimentum
1681 501 1735 548 et
1787 502 1871 550 est
1916 504 1970 549 et

389 587 611 643 dicitur.
642 587 909 651 Prmterea
957 592 1140 659 autem
1192 603 1298 645 non
1342 586 1482 661 idem
1531 586 1790 641 omnibus
1844 602 1967 657 qum

390 677 611 730 aluntur
641 677 1001 746 corporibus,
1045 660 1139 729 sed
1180 660 1452 745 qdoddam
1498 676 1794 745 unicuique
1832 691 1964 732 con-

342 768 591 837 “gruens
619 766 939 821 attributum
970 771 1053 821 est
1078 767 1241 839 οἱ),εο
1269 765 1361 835 qui
1384 777 1644 821 naturam
1675 766 1961 838 dispensat

354 871 439 935 ret
473 858 844 935 administrat.
894 857 1026 911 Nam
1060 859 1165 912 alia
1200 858 1414 927 quidem
1449 857 1703 912 animalia
1738 859 1960 914 aluntur

358 941 602 1011 ‘cﬂossis
632 952 955 1016 radicibus;
992 951 1096 1004 alia
1131 959 1312 1005 autem
1349 952 1572 1006 aiuntur
1606 951 1833 1015 herbis;
1864 952 1963 1005 ali-

326 1028 329 1031 i
387 1059 629 1113 quorum;
654 1032 842 1096 autem
880 1026 1283 1097 .nltti'itiieritutn
1320 1049 1446 1096 sunt
1479 1057 1695 1097 carnes.
1743 1038 1962 1095 Homini

386 1143 565 1188 autem
598 1118 869 1203 prmcipne
897 1126 980 1188 εει
1017 1134 1172 1203 panis
1194 1174 1208 1198 ,
1238 1140 1293 1187 et
1322 1132 1389 1186 ad
1422 1133 1669 1188 humoris
1698 1133 1961 1202 perdura-

378 1220 587 1276 tionem
636 1216 685 1277 et
738 1224 1209 1278 conservationem
1256 1234 1461 1293 putus,
1510 1239 1617 1278 non
1674 1224 1790 1292 ipsa
1846 1223 1962 1277 sola

320 1336 323 1343 ’
386 1329 554 1385 aqua,
599 1315 692 1369 sed
723 1316 852 1369 vino
883 1332 1025 1386 δεῖρε
1065 1316 1326 1383 condita,
1369 1316 1435 1371 ad
1479 1332 1636 1386 opem
1682 1315 1959 1371 ferendam

386 1406 601 1467 interno
647 1412 835 1459 nostro
883 1404 1073 1459 calori.
1104 1405 1205 1471 Qui
1236 1422 1366 1475 ergo
1394 1406 1461 1461 ad
1502 1420 1569 1471 ea
1603 1406 1830 1475 aspicit.
1865 1418 1958 1474 po-

2067 492 2327 563 τρέφεται
2350 509 2365 524 ⁸
2414 492 2623 565 ἑτέροις
2649 494 2797 547 ἐστὶν
2830 496 2863 565 ἡ
2908 494 3015 547 πόα
3065 494 3330 563 τρόφιμος
3358 511 3373 526 ·
3407 492 3576 545 τινῶν
3602 491 3662 545 δὲ

2070 586 2105 655 ἠ
2137 584 2310 655 τροφὴ
2343 585 2542 656 σάρκες
2591 584 2748 639 είσίν.
2789 584 3085 657 ’Λνθρώπῳ
3118 585 3173 637 δὲ
3214 584 3354 637 κατὰ
3386 583 3448 636 τὸ
3484 600 3664 653 προηο

2064 676 2327 746 γούμενον
2355 677 2536 749 ἄρτος,
2578 676 2669 728 καὶ
2707 678 2785 740 είς
2812 677 2907 747 τὴν
2942 678 3037 731 τοῦ
3069 676 3237 748 ὑγροῦ
3277 675 3538 747 διαμονὴν
3563 676 3665 729 καὶ

2067 767 2395 839 συντήρησιν
2444 768 2604 820 ποτὸν
2632 768 2861 837 γίνεται,
2895 769 2993 823 οὐκ
3020 768 3148 822 αὐτὸ
3187 768 3347 838 μόνον
3397 767 3459 820 τὸ
3487 767 3661 837 ὕδωρ,

2065 856 2182 909 ἀλλ’
2208 855 2336 926 οίνῳ
2365 854 2620 918 πολλάκις
2660 854 3075 925 ὲφηδυνόμενον,
3111 853 3245 925 πρὸς
3270 852 3368 924 τὴν
3393 851 3487 905 τοῦ
3528 851 3663 922 θερ-

2070 946 2169 1017 μοῦ
2197 946 2288 1002 τοῦ
2318 949 2376 1000 ὲν
2408 949 2539 1018 ἡμῖν
2598 946 2931 1017 συμμαχίαν.
2970 945 3178 999 Οὐκοῦν
3214 946 3243 997 6
3297 943 3434 1016 πρὸς
3477 941 3661 997 ταῦτα

2068 1038 2301 1109 βλέπων,
2332 1037 2557 1107 δυνάμει
2585 1037 2721 1108 πρὸς
2748 1037 2839 1090 τὸν
2858 1036 3019 1105 δγκον
3040 1035 3132 1089 τοῦ
3162 1034 3430 1106 ἡμετέρου
3465 1032 3662 1104 σώμα-

2066 1147 2155 1192 τος
2180 1128 2384 1199 βλέπει.
2428 1128 2515 1180 Ἐν
2565 1129 2686 1197 ἐμοὶ
2723 1126 2830 1198 γὰρ
2874 1128 3058 1180 ὲκεῖνα
3092 1127 3358 1196 γενόμενα
3390 1120 3533 1195 αἷμα
3559 1123 3666 1178 καὶ

2065 1220 2223 1287 σῶμα
2260 1220 2467 1288 γίνεται
2502 1219 2875 1289 καταλλήλως,
2903 1218 2988 1271 διὰ
3020 1222 3117 1289 τῆς
3158 1215 3522 1286 ἀλλοιωτικῆς
3564 1216 3663 1268 δυ·-

2063 1312 2277 1381 νάμεως
2307 1311 2441 1381 πρὸς
2471 1309 2531 1363 τὸ
2561 1308 2652 1363 τοῦ
2685 1308 2936 1379 σώματος
2966 1305 3103 1373 εἶδος
3130 1311 3228 1381 τῆς
3260 1308 3470 1381 τροφῆς
3495 1306 3663 1364 καθι-

2059 1400 2355 1471 σταμένης.

385 1504 579 1551 testate
627 1494 822 1564 aspicit
871 1496 936 1549 ad
989 1496 1238 1565 corporis
1279 1486 1463 1551 nostri
1504 1496 1960 1568 magnitudinem.
2001 1489 2136 1544 Nam
2173 1506 2295 1544 cum
2332 1491 2421 1544 illa
2454 1491 2509 1544 in
2544 1506 2633 1545 me
2667 1489 2900 1555 fuerint,
2968 1486 3105 1543 ﬁunt
3174 1489 3400 1561 sanguis
3427 1494 3484 1543 et
3524 1501 3663 1542 cor-

386 1604 484 1658 pus
506 1628 521 1651 ,
567 1572 903 1643 nutrimento
956 1606 1050 1658 per
1098 1590 1225 1667 vim";
1255 1591 1523 1646 alterandi
1581 1597 1949 1661 congruenter
1987 1584 2205 1642 redacto
2234 1585 2301 1639 ad
2334 1586 2562 1640 formam
2594 1588 2864 1657 corporis.

454 1680 553 1759 llis
576 1694 605 1733 ο
637 1682 794 1736 nobis
822 1683 924 1735 hoc
957 1682 1117 1737 modo
1141 1683 1416 1737 distinctis
1445 1698 1507 1736 ac
1535 1682 1825 1737 declaratis
1847 1721 1861 1745 ,
1890 1681 1954 1737 ad

383 1788 446 1829 ea
491 1780 613 1844 quae
652 1770 789 1831 sont
838 1777 1155 1845 proposita,
1201 1775 1507 1829 revocanda
1553 1782 1635 1829 est
1676 1774 1954 1845 cogitatio.

382 1846 1409 1935 Quaerebaturdﬁim'quemadmodnm
1440 1866 1586 1935 quod
1627 1874 1710 1920 est
1766 1866 1820 1918 in
1862 1865 1956 1919 illo

306 2024 307 2027 η
360 1968 584 2025 corpus
606 1954 844 2018 Christi,
864 1955 1101 2010 vivilicat
1124 1971 1339 2011 omnem
1366 1956 1646 2009 hominum
1668 1964 1918 2009 naturam
1937 1995 1952 2020 ,

308 2112 309 2115 η
384 2044 437 2095 in
480 2045 680 2112 quibus
729 2052 811 2099 est
854 2044 1020 2105 ﬁdes,
1067 2045 1324 2099 omnibus
1367 2044 1760 2107 distributum,
1793 2054 1845 2097 et
1874 2044 1955 2113 ip-

382 2150 502 2188 sum
536 2133 758 2188 minime
786 2135 1131 2189 diminutum.
1172 2134 1424 2189 Fortasse
1453 2150 1584 2205 ergo
1614 2151 1719 2188 non
1766 2136 1957 2204 procul

384 2226 647 2280 absumus
685 2242 714 2279 a
758 2227 1022 2293 probabili
1056 2227 1289 2280 ratione.
1316 2225 1449 2278 Nam
1479 2226 1522 2280 si
1562 2227 1804 2294 cujusvis
1846 2242 1960 2280 cor-

383 2318 532 2385 poris
559 2317 915 2371 subsistentia
945 2318 1301 2379 nutrimento,
1326 2317 1584 2371 nimirum
1612 2319 1736 2372 cibo
1756 2326 1808 2371 et
1832 2327 1957 2388 potu

382 2416 632 2470 constet,
668 2409 739 2462 sit
768 2416 947 2462 autem
982 2408 1140 2462 cibus
1176 2408 1264 2461 ille
1294 2409 1450 2477 panis
1471 2450 1484 2473 ,
1522 2419 1788 2479 potusque
1818 2424 1958 2479 aqua

380 2498 509 2551 .viuo
549 2498 893 2562 exhilarata;
940 2497 1032 2551 Dei
1078 2506 1257 2551 autem
1308 2497 1582 2564 Verbum,
1621 2500 1764 2553 sicut
1806 2502 1958 2570 prius

381 2598 464 2643 est
492 2589 775 2643 deﬁnitum
798 2630 812 2653 ,
847 2589 991 2660 quod
1032 2598 1115 2645 cst
1160 2590 1300 2647 Deus
1327 2600 1381 2646 et
1408 2589 1683 2657 Verbum,
1720 2593 1957 2647 humana

381 2692 465 2736 831.
497 2690 687 2734 natura
719 2691 1185 2750 contemperatum
1213 2699 1228 2747 ;
1257 2691 1311 2735 Cl
1344 2697 1468 2736 cum
1502 2692 1649 2738 εεεει
1682 2683 1735 2737 ἰιι
1769 2694 1958 2739 ιιοειτο

380 2783 638 2836 corpore,
670 2783 777 2822 non
811 2770 1047 2838 aliQntam
1081 2770 1242 2823 aliam
1276 2773 1525 2825 humana:
1557 2781 1765 2827 natura:
1798 2774 1957 2828 inno-

382 2857 529 2911 vavit
555 2858 1002 2911 constitutionem
1032 2900 1046 2923 ,
1071 2857 1162 2912 sed
1193 2874 1289 2928 per
1307 2872 1370 2912 ea
1399 2874 1519 2928 qua:
1542 2868 1668 2914 sunt
1692 2869 1958 2916 consueta

381 2958 432 3002 et
458 2950 841 3017 congruentia,
888 2963 989 3001 suo
1030 2949 1249 3018 corpori
1290 2950 1436 3005 dedit
1474 2953 1908 3019 pet-mansionem
1939 2996 1954 3021 ,

2135 1676 2351 1730 Τούτων
2389 1679 2521 1748 ἡμῖν
2563 1677 2751 1731 τοῦτον
2794 1678 3276 1750 διευκρινηθέντων
3304 1676 3396 1731 τδν
3427 1676 3663 1748 τρόπον.

2064 1768 2399 1821 ὲπανακτέον
2430 1768 2587 1823 πάλιν
2616 1769 2752 1842 πρὸς
2789 1770 2857 1823 τά
2894 1771 3229 1842 προκείμενα
3260 1769 3359 1840 τὴν
3389 1768 3661 1823 διάνοιαν.

2075 1858 2347 1930 Ἐζητεῖτο
2374 1860 2503 1930 γάρ,
2536 1859 2653 1923 πῶς
2680 1860 2741 1913 τὸ
2767 1860 2824 1911 ὲν
2856 1861 3045 1932 ἐκείνῳ
3084 1861 3242 1932 σῶμα
3268 1859 3363 1914 τοῦ
3389 1858 3659 1930 Χριστοῦ,

2064 1952 2242 2005 πᾶσαν
2270 1952 2523 2015 ζωοποιεῖ
2552 1952 2648 2021 τὴν
2679 1952 2785 2003 τῶν
2829 1952 3128 2024 ἀνθρώπων
3158 1951 3318 2022 φύσιν
3338 1993 3353 2019 ,
3400 1953 3460 2004 ἐν
3506 1952 3657 2012 ὅσοις

2062 2042 2096 2113 ἡ
2128 2041 2304 2105 πίστις
2332 2041 2468 2105 ἐστὶ,
2500 2043 2633 2112 πρὸς
2661 2040 2865 2105 πάντας
2901 2040 3274 2114 μεριζόμενον,
3306 2042 3400 2095 καὶ
3429 2041 3561 2095 αὐτὸ
3588 2040 3657 2096 οὗ

2065 2133 2406 2203 μειούμενον.
2454 2134 2605 2203 Τάχα
2655 2132 2831 2186 τοίνυν
2878 2134 3043 2202 ἐγγὺς
3088 2134 3183 2186 τοῦ
3235 2133 3445 2197 εἰκότος
3492 2132 3661 2202 λόγου

2060 2223 2337 2294 γινόμεθα.
2378 2224 2442 2277 Εί
2485 2224 2593 2293 γὰρ
2634 2224 2833 2288 παντὸς
2873 2224 3123 2294 σώματος
3169 2226 3203 2295 ἡ
3243 2225 3547 2287 ὑπόστασις
3591 2226 3661 2277 tu

2058 2315 2157 2386 τῆς
2187 2315 2392 2386 τροφῆς
2424 2314 2649 2383 γίνεται,
2685 2313 2822 2385 αὕτη
2847 2313 2903 2367 δὲ
2937 2314 3139 2385 βρῶσις
3168 2315 3261 2369 καὶ
3296 2315 3457 2379 πόσις
3479 2314 3661 2369 ἐστίν’

2058 2407 2173 2460 ἐστι
2204 2407 2259 2460 δὲ
2298 2408 2356 2461 tv
2381 2410 2447 2479 τῇ
2476 2406 2675 2478 βρώσει
2704 2408 2885 2479 ἄρτος,
2921 2411 2979 2461 ἐν
3016 2408 3073 2462 δὲ
3106 2412 3172 2480 τῇ
3218 2408 3372 2461 πόσει
3409 2408 3474 2462 τὸ
3506 2407 3661 2480 ὕδωρ

2060 2498 2429 2569 ὲφηδυσμένον
2456 2497 2533 2567 τῷ
2558 2499 2684 2569 οϊνῳ
2705 2514 2716 2526 ·
2746 2500 2775 2552 6
2796 2499 2851 2551 δὲ
2881 2498 2973 2552 τοῦ
2998 2498 3133 2553 Θεοῦ
3160 2500 3350 2568 Λόγος,
3376 2499 3565 2563 καθὼς
3596 2503 3659 2553 tv

2056 2591 2171 2653 τοῖς
2199 2590 2435 2662 πρώτοις
2460 2589 2730 2663 διῄρηται,
2760 2593 2788 2645 6
2829 2592 2921 2645 καὶ
2962 2590 3094 2655 Θεὸς
3130 2590 3206 2644 ὣν
3229 2592 3321 2645 καὶ
3351 2593 3548 2660 Λόγος.
3585 2595 3661 2663 τῇ

2058 2679 2374 2756 ἀνθρωπίνῃ
2402 2683 2708 2754 συνεκράθη
2737 2682 2917 2753 φύσει,
2949 2682 3043 2735 καὶ
3075 2683 3132 2735 ὲν
3161 2683 3235 2753 τῷ
3274 2682 3489 2754 σώματι
3521 2685 3667 2754 ἡμε-

2057 2773 2199 2844 τέρῳ
2246 2776 2567 2843 γενόμενος,
2614 2775 2713 2827 ούκ
2758 2774 2923 2845 ἄλλην
2970 2773 3091 2826 τινὰ
3138 2775 3659 2845 παρεκαινοτόμησε

2056 2866 2122 2934 τῇ
2153 2863 2465 2934 ἀνθρωπίνῃ
2488 2863 2646 2932 φύσει
2673 2865 2771 2935 τὴν
2801 2864 3054 2916 σύστασιν
3073 2878 3087 2894 ⁸
3118 2864 3254 2918 ἀλλὰ
3276 2864 3365 2918 διὰ
3385 2865 3498 2919 τῶν
3528 2883 3662 2918 συν-

2058 2953 2203 3025 ήθων
2230 2972 2289 3006 τε
2325 2955 2416 3008 καὶ
2449 2954 2797 3025 καταλλήλων
2827 2956 2991 3009 ἔδωκε
3024 2955 3102 3027 τῷ
3149 2956 3271 3008 καθ’
3315 2957 3511 3010 ἑαυτὸν
3542 2955 3659 3009 σώα-

380 3042 505 3093 cibo
552 3048 605 3093 et
644 3048 772 3109 potu
818 3041 1112 3097 continens
1153 3042 1538 3097 substantiam.
1579 3044 1746 3100 Cibus
1776 3055 1954 3100 autem

2061 3069 2189 3121 ματι
2215 3052 2311 3123 τὴν
2336 3051 2611 3123 διαμονὴν,
2640 3051 2839 3124 βρώσει
2865 3054 2957 3106 καὶ
2984 3052 3137 3104 πόσει
3166 3068 3230 3104 πε
3242 3048 3519 3123 ρικρατῶν
3549 3047 3657 3120 τὴν

379 3141 497 3185 erat
528 3133 707 3202 panis.
737 3132 1021 3197 Quomodo
1046 3148 1176 3203 ergo
1197 3134 1256 3186 in
1284 3134 1443 3189 nobis
1464 3173 1477 3197 ,
1510 3136 1655 3189 sicut
1674 3136 1787 3205 jam
1815 3153 1958 3206 srepe

378 3223 582 3277 dictum
614 3231 730 3286 est,
762 3224 852 3293 qui
885 3239 1077 3294 panem
1110 3224 1271 3288 vidit,
1312 3225 1607 3280 humanum
1650 3242 1851 3297 corpus
1878 3231 1958 3282 vi-

378 3316 468 3369 det
494 3316 894 3384 quodammodo
915 3356 929 3380 ,
962 3314 1105 3383 quod
1138 3330 1259 3368 cum
1307 3315 1397 3369 ille
1439 3316 1492 3368 in
1523 3330 1588 3369 eo
1624 3315 1783 3371 fuerit
1810 3354 1822 3380 ,
1855 3318 1955 3373 hoc

379 3406 475 3462 tit:
511 3408 584 3461 ita
620 3408 730 3461 illic
772 3423 988 3478 quoque
1016 3409 1161 3477 quod
1206 3407 1377 3461 Deum
1427 3410 1668 3478 suscepit
1715 3426 1947 3481 corpus,

377 3516 502 3555 cum
536 3502 690 3570 panis
732 3502 1048 3555 alimentum
1090 3504 1423 3571 accepisset,
1453 3502 1687 3572 quadam
1729 3507 1943 3560 ratione

378 3588 521 3645 idem
547 3599 665 3645 erat
689 3592 831 3661 quod
862 3593 969 3655 ille,
998 3593 1278 3658 alimento,
1306 3601 1364 3647 ut
1390 3594 1596 3648 dictum
1625 3603 1708 3651 est
1730 3635 1744 3661 ,
1775 3604 1952 3653 trans-

374 3692 541 3738 eunte
584 3684 639 3737 in
685 3692 934 3738 naturam
967 3687 1234 3755 corporis.
1264 3685 1397 3740 Nam
1426 3687 1572 3757 quod
1603 3696 1684 3743 est
1707 3690 1949 3743 omnium

378 3774 657 3844 preprium
682 3814 696 3836 ,
733 3775 785 3829 id
820 3791 1038 3845 quoque
1073 3792 1170 3846 pro
1203 3786 1354 3833 certo
1384 3786 1438 3832 et
1471 3780 1744 3834 constanti
1780 3787 1861 3835 est
1894 3780 1947 3833 in

380 3865 469 3918 illa
502 3879 701 3928 carne,
741 3883 934 3937 nempe
967 3869 1111 3938 quod
1153 3869 1283 3923 illud
1319 3885 1537 3938 quoque
1566 3885 1767 3940 corpus
1811 3886 1951 3941 pane

378 3956 782 4011 continebatur.
817 3958 1029 4028 Corpus
1073 3969 1253 4014 autem
1321 3960 1412 4015 Dei
1469 3959 1629 4016 Verbi
1676 3961 1949 4015 inhabita-

379 4049 527 4100 tlone
559 4048 623 4101 ad
645 4048 881 4101 divinam
917 4058 1340 4104 trausmutatum
1360 4058 1444 4105 est
1473 4051 1810 4121 dignitatem.
1845 4051 1950 4106 Re-

374 4145 466 4190 cte
493 4153 623 4207 ergo
658 4155 804 4192 nunc
834 4155 1053 4209 quoque
1084 4139 1181 4195 Dei
1212 4138 1390 4195 Veer
1417 4142 1817 4197 sanctiﬁcatum
1854 4158 1949 4214 pa-

378 4240 501 4279 nem
537 4226 590 4279 in
619 4225 710 4280 Dei
738 4225 897 4281 Verbi
924 4242 1125 4297 corpus
1147 4226 1311 4283 credo
1335 4230 1708 4283 transmutari.
1736 4229 1946 4285 Etenim

380 4314 535 4385 panis
569 4328 687 4371 erat
723 4326 989 4386 potestate
1024 4320 1154 4374 illud
1184 4334 1406 4390 corpus.
1448 4319 1575 4375 Fuit
1606 4329 1787 4375 autem
1819 4336 1948 4376 san-

382 4406 653 4462 ctiﬁcatus
687 4402 1251 4477 habitatione'Verbi,
1284 4410 1428 4481 quod
1471 4419 1730 4482 tanquam
1777 4412 1831 4467 in
1867 4421 1949 4467 ta-

383 4496 680 4551 bernaculo
729 4500 992 4554 habitavit
1045 4502 1096 4555 in
1136 4518 1328 4557 carne.
1374 4502 1543 4570 Igitur
1574 4503 1717 4557 unde
1757 4504 1810 4558 in
1861 4505 1952 4559 illo

382 4605 616 4660 corpore
664 4601 1063 4648 transmutatus
1118 4595 1273 4663 panis
1335 4595 1532 4650 transit
1612 4595 1666 4648 in
1714 4594 1952 4649 divinam

381 4694 640 4747 virtutem
663 4731 678 4755 ,
714 4705 811 4761 per
844 4689 984 4744 idem
1019 4703 1167 4742 nunc
1194 4685 1253 4739 ﬁt
1287 4684 1562 4742 similiter.
1591 4682 1729 4737 Nam
1764 4690 1817 4737 et
1846 4681 1957 4736 illic

378 4783 541 4839 Verbi
569 4782 744 4851 gratia
772 4788 1021 4836 sanctum
1050 4779 1179 4833 fecit
1205 4792 1426 4846 corpus,
1453 4776 1541 4829 cui
1569 4790 1633 4829 ex
1672 4787 1812 4843 pane
1840 4778 1957 4826 erat

376 4875 684 4931 substantia
708 4914 722 4939 ,
749 4881 802 4927 et
834 4870 1234 4941 quodammodo
1264 4869 1441 4939 ipsum
1474 4882 1689 4936 quoque
1718 4871 1835 4920 erat
1866 4878 1960 4932 pa-

364 4969 502 5024 .nis:
540 4976 593 5021 et
620 4966 711 5019 hic
740 4964 990 5019 similiter
1023 4962 1177 5031 panis
1198 5000 1211 5021 ,
1242 4962 1384 5015 sicut
1413 4958 1543 5011 dicit
1578 4954 1905 5027 Apostolus’
1939 4993 1954 5019 ,

364 5058 754 5115 sanctiﬁcatur
778 5072 874 5125 per
894 5052 1134 5108 Verbum
1170 5052 1263 5107 Dei
1295 5060 1348 5107 ct
1375 5050 1677 5105 orationem
1703 5086 1715 5111 .
1749 5062 1859 5101 non
1890 5061 1956 5101 eo

366 5152 593 5225 quidem
618 5148 763 5218 quod
787 5146 910 5201 cibo
932 5144 1203 5199 mediante
1228 5144 1281 5197 in
1306 5141 1469 5197 Verbi
1494 5154 1695 5209 corpus
1720 5145 1918 5193 evauat
1938 5178 1953 5203 ,

374 5242 472 5296 sed
514 5240 658 5310 quod
696 5238 880 5293 statim
916 5252 1022 5307 per
1055 5234 1287 5289 Verbum
1338 5232 1392 5285 in
1435 5245 1636 5301 corpus
1682 5238 1959 5281 transmu-

364 5341 543 5397 tctur,
592 5332 733 5387 sicut
775 5331 982 5383 dictum
1029 5339 1111 5383 est
1144 5344 1181 5381 θ
1221 5325 1434 5389 Verbo,
1487 5322 1603 5378 Hoc
1646 5331 1722 5376 est
1764 5337 1955 5390 corpus

376 5442 546 5478 meum
605 5431 646 5477 ².
674 5422 809 5476 Cum
842 5431 1024 5475 autem
1057 5420 1239 5476 omnis
1285 5434 1413 5473 caro
1458 5416 1636 5470 alatur
1664 5415 1827 5469 etiam
1856 5428 1956 5484 per

376 5516 657 5570 humorem
681 5512 1073 5583 ;neque.enim
1106 5511 1211 5566 nisi
1238 5527 1361 5565 cum
1394 5524 1458 5565 eo
1485 5508 1871 5579 coniungatur,
1900 5505 1956 5559 id

372 5605 521 5668 quod
568 5613 653 5660 est
688 5606 742 5657 in
783 5604 943 5659 nobis
983 5610 1275 5667 terrestre,
1324 5601 1377 5655 in
1422 5601 1529 5656 vita
1567 5596 1952 5670 permanserit.

467 5773 490 5805 ‘
519 5775 542 5830 ι
571 5771 807 5829 Timoth.
843 5790 916 5841 IV,
946 5776 999 5828 5.

2059 3142 2478 3197 ὑπόστασιννἮ
2527 3143 2584 3195 δὲ
2629 3143 2829 3214 βρῶσις
2872 3143 3035 3213 ἄρτος
3081 3137 3169 3212 ἦν.
3212 3142 3423 3209 Ὥσπερ
3464 3138 3657 3191 τοίνυν

2057 3231 2141 3299 ἐφ’
2177 3230 2351 3301 ἡμῶν,
2386 3230 2567 3294 καθὼς
2600 3231 2699 3303 ἤδη
2733 3232 2991 3294 πολλάκις
3025 3231 3257 3302 εἴρηται,
3296 3230 3325 3281 6
3354 3230 3445 3281 τὸν
3482 3229 3654 3298 ἄρτον

2061 3321 2204 3388 ἰδὼν,
2230 3324 2426 3393 τρόπον
2448 3325 2569 3378 τινὰ
2596 3324 2656 3377 τὸ
2680 3325 3013 3398 ἀνθρώπινον
3044 3325 3226 3395 βλέπει
3267 3322 3446 3392 σῶμα,
3476 3323 3559 3374 ὅτι
3588 3322 3653 3372 ὲν

2052 3410 2226 3481 τούτῳ
2263 3412 2439 3465 ἐκεῖνο
2483 3415 2789 3484 γενόμενον,
2837 3414 2993 3468 τοῦτο
3025 3414 3230 3482 γίνεται
3252 3428 3263 3439 ⁸
3298 3410 3442 3464 οὕτω
3482 3411 3655 3462 κάκεῖ

2053 3501 2113 3554 τὸ
2141 3502 2381 3573 θεοδόχον
2408 3503 2568 3574 σῶμα
2593 3505 2693 3576 τὴν
2717 3505 2922 3575 τροφὴν
2964 3505 3126 3577 ἄρτου
3176 3504 3647 3576 παραδεξάμενον,

2052 3592 2194 3664 λόγῳ
2217 3596 2321 3649 τινὶ
2345 3595 2538 3650 ταύτὸν
2560 3592 2627 3667 ἦν
2659 3596 2869 3667 ἐκείνῳ,
2903 3597 3001 3667 τῆς
3024 3597 3248 3667 τροφῆς,
3285 3595 3466 3655 καθὼς
3487 3596 3649 3663 εἴρη-

2050 3701 2161 3748 ται,
2198 3685 2333 3755 πρὸς
2368 3684 2465 3756 τὴν
2496 3686 2586 3738 τοῦ
2620 3685 2870 3757 σώματος
2906 3686 3065 3756 φύσιν
3114 3686 3524 3757 μεθισταμένης.
3557 3683 3642 3737 Τδ

2052 3772 2160 3843 γάρ
2189 3773 2404 3826 πάντων
2437 3773 2585 3837 ἴδιον,
2614 3775 2704 3827 καὶ
2726 3775 2812 3827 ἐπ’
2838 3774 3050 3846 ἐκείνης
3077 3776 3176 3844 τῆς
3205 3775 3405 3845 σαρκὸς
3428 3766 3645 3843 ὡμολο-

2056 3860 2220 3931 γήθη,
2247 3860 2327 3913 ὅτι
2360 3860 2508 3931 ἄρτῳ
2544 3862 2763 3915 κάκεῖνο
2808 3861 2868 3917 τὸ
2906 3863 3063 3933 σῶμα
3098 3863 3446 3934 διεκρατεῖτο.
3481 3861 3558 3914 Τδ
3579 3862 3647 3915 δὲ

2058 3952 2216 4021 σῶμα
2247 3954 2313 4021 τῇ
2351 3954 2618 4022 ἐνοικήσει
2650 3952 2743 4006 τοῦ
2765 3952 2899 4005 Θεοῦ
2925 3954 3097 4022 Λόγου
3135 3954 3273 4024 πρὸς
3313 3952 3409 4024 τὴν
3446 3953 3649 4024 θεῖκῆν

2055 4042 2208 4108 ἀξίαν
2240 4045 2585 4115 μετεποιήθη.
2618 4043 2807 4108 Καλῶς
2845 4041 2939 4099 οὖν
2976 4046 3069 4099 καὶ
3119 4044 3214 4100 νῦν
3252 4046 3341 4099 τδν
3373 4046 3448 4115 τῷ
3480 4046 3649 4116 Λόγῳ

2053 4135 2147 4188 τοῦ
2178 4134 2310 4188 Θεοῦ
2338 4133 2697 4206 ἀγιαζόμενον
2729 4137 2890 4207 ἄρτον
2932 4138 3011 4200 είς
3050 4136 3209 4207 σῶμα
3232 4136 3324 4190 τοῦ
3356 4136 3493 4190 Θεοῦ
3532 4138 3649 4191 Λό-

2054 4243 2151 4295 γου
2189 4226 2590 4297 μεταποιεῖσθαι
2640 4227 2987 4298 πιστεύομαι.
3039 4228 3149 4281 Καὶ
3198 4228 3306 4299 γάρ
3354 4229 3533 4282 ἐκεῖνο
3579 4230 3647 4282 τδ

2056 4320 2233 4390 σῶμα,
2266 4320 2428 4390 ἄρτος
2468 4322 2534 4391 τῇ
2579 4319 2803 4390 δυνάμει
2845 4314 2932 4390 ἦν.
2971 4320 3237 4391 Ἦγιάσθη
3295 4320 3349 4373 δὲ
3516 4324 3646 4374 ἔπιε-

2058 4398 2355 4481 σκνηνώσει
2382 4410 2475 4464 τοῦ
2508 4411 2678 4479 Λόγου
2709 4410 2802 4464 τοῦ
2837 4410 3211 4481 σκηνώσαντος
3244 4414 3301 4466 tv
3338 4416 3402 4483 τῇ
3449 4415 3641 4484 σαρκί.

2062 4502 2268 4556 Ούκοῦν
2307 4503 2428 4556 ὅθεν
2474 4504 2502 4555 6
2547 4504 2603 4555 tv
2646 4502 2836 4572 ἐκείνῳ
2877 4502 2957 4573 τῷ
2999 4502 3208 4573 σώματι
3250 4504 3647 4573 μεταποιηθεὶς

2063 4595 2244 4663 ἄρτος,
2274 4594 2351 4655 εἰς
2387 4593 2536 4647 θείαν
2565 4594 2788 4663 μεθίστη
2814 4591 3060 4663 δύναμιν.
3093 4594 3181 4647 διὰ
3211 4595 3306 4648 τοῦ
3349 4596 3513 4648 αὐτοῦ
3546 4599 3647 4648 καὶ

2045 4691 2140 4745 νῦν
2173 4689 2230 4742 τὸ
2256 4684 2374 4742 ἴσον
2397 4687 2624 4756 γίνεται.
2662 4686 2811 4740 Ἐκεῖ
2835 4703 2894 4739 τε
2924 4683 3035 4755 γὰρ
3058 4682 3095 4753 ἡ
3127 4681 3222 4735 τοῦ
3254 4680 3426 4746 Λόγου
3454 4677 3648 4747 χάρις,

2042 4782 2198 4851 ἅγιον
2227 4780 2456 4832 ἐποιεῖτο
2486 4779 2664 4848 σῶμα,
2689 4771 2733 4846 ᾧ
2765 4780 2827 4830 ὲκ
2856 4776 2949 4829 τοῦ
2996 4774 3161 4845 ἄρτου
3189 4774 3224 4843 ἡ
3260 4769 3519 4828 σύστασις
3544 4761 3640 4835 ἦν,

2046 4872 2139 4927 καὶ
2170 4870 2367 4941 τρόπον
2397 4866 2519 4920 τινὰ
2548 4868 2642 4921 καὶ
2686 4866 2817 4920 αὐτὸ
2846 4866 3005 4937 ἄρτος
3042 4859 3139 4934 ἦν’
3175 4854 3408 4914 ἐνταῦθά
3436 4872 3499 4907 τε
3529 4854 3642 4905 ὼσσ

2047 4964 2223 5026 αύτως
2253 4964 2281 5015 6
2309 4961 2492 5033 ἄρτος,
2540 4957 2725 5021 καθώς
2757 4974 2923 5028 φησιν
2970 4958 2999 5010 6
3037 4950 3379 5012 Ἀπόστολος,
3412 4946 3647 5014 ἁγιάζε-

2044 5074 2134 5110 ται
2164 5054 2251 5108 διὰ
2278 5053 2451 5122 Λόγου
2481 5049 2615 5104 Θεοῦ
2664 5051 2756 5103 καὶ
2798 5046 3109 5114 ἐντεύξεως,
3149 5044 3211 5097 ού
3253 5042 3341 5094 διὰ

2046 5148 2139 5200 καὶ
2169 5144 2380 5208 πόσεως
2406 5140 2610 5213 προῖὼν
2640 5142 2719 5203 είς
2755 5140 2815 5192 τὸ
2846 5139 3003 5209 σῶμα
3030 5135 3121 5189 τοῦ
3168 5133 3361 5202 Λόγου,
3396 5128 3512 5183 ἀλλ’
3545 5128 3647 5179 s6-

2048 5235 2143 5300 θῦς
2170 5234 2306 5306 πρὸς
2330 5233 2389 5287 τὸ
2422 5232 2581 5303 σῶμα
2610 5229 2704 5284 τοῦ
2734 5230 2906 5298 Λόγου
2940 5224 3418 5299 μεταποιούμενος,
3439 5218 3651 5306 ’καθὼς

2047 5304 2264 5398 εἴρηται
2312 5324 2417 5376 ὑπὸ
2457 5323 2551 5376 τοῦ
2590 5322 2784 5390 Λόγου,
2816 5322 2897 5373 ὅτι
2948 5318 3135 5372 Τοῦτό
3176 5318 3307 5370 ἐστι
3357 5304 3651 5376 τόσῶμιὶ

2044 5436 2182 5489 μου.
2222 5418 2410 5488 Πάσης
2445 5415 2502 5469 δὲ
2536 5413 2738 5487 σαρκός
2771 5412 2865 5466 καὶ
2908 5411 2996 5464 διὰ
3041 5408 3134 5463 τοῦ
3167 5406 3336 5479 ὑγροῦ
3369 5402 3652 5473 τρεφομέο

2053 5510 2251 5581 μένηςο
2291 5508 2350 5561 ού
2389 5502 2497 5579 γάρ
2531 5507 2596 5561 ἂν
2625 5506 2748 5576 δίχα
2778 5504 2878 5573 τῆς
2920 5502 3056 5573 πρὸς
3084 5501 3244 5554 τοῦτο
3276 5495 3546 5564 συζυγίας
3580 5494 3652 5547 τδ

2048 5601 2106 5652 tv
2134 5600 2266 5670 ἡμῖν
2296 5598 2495 5667 γεῶδες
2535 5599 2594 5651 tv
2636 5596 2713 5669 τῷ
2748 5595 2845 5666 ζῆν
2891 5592 3151 5659 διαμὲνοι.
3182 5590 3395 5657 Ὠσπερ
3423 5586 3516 5640 διὰ
3542 5583 3649 5653 τῆς

1103 5776 1123 5807 ⁸
1151 5774 1337 5831 Matth.
1371 5791 1517 5844 xxvi,
1542 5774 1653 5840 2c;
1685 5774 1850 5832 Marc.
1888 5789 1998 5843 xxv,
2020 5769 2129 5843 ἥς
2155 5774 2288 5831 Luc.
2326 5788 2458 5840 nn,
2495 5772 2582 5829 t9.
