4012 6216
306 688 359 747 λς..
415 673 465 717 et
498 663 737 718 biberitis
773 662 1260 732 ejus‘sauguinent,
1296 675 1423 723 non;
1444 657 1705 711 habebitis
1750 656 1913 710 vitam
1939 654 1995 707 in

408 754 579 809 vobis.
614 752 755 807 Caro
802 752 941 806 enim
978 746 1305 833 ’mea‘gerus'
1347 758 1422 804 est
1465 747 1637 811 cibus,
1679 754 1729 798 et
1772 745 1993 813 sanguis

320 972 325 973 ν
378 1002 389 1013 η,
418 956 517 1005 me,
547 940 677 994 vivet
729 943 763 997 ’.

1642 234 2022 297 BUTHYMH
2058 232 2417 299 ZiGABlSNI
3523 231 3685 300 1272

416 407 527 445 non
564 391 738 462 ﬁgura
782 390 1065 461 corporis,
1108 376 1219 447 sed
1250 401 1437 461 corpus
1469 397 1666 449 meum,
1720 395 1903 453 neque
1931 380 1992 437 li-

2105 380 2172 440 οῦ
2206 381 2479 453 σώματος,
2505 379 2642 436 ἀλλὰ
2668 382 2735 437 τὸ
2763 379 2935 451 σῶμα
2960 400 2983 420 ο
3017 382 3115 436 καὶ
3138 380 3199 434 οὗ
3230 380 3525 446 τύποςτοῦ
3569 383 3682 435 αἴ-

414 494 552 552 gura
580 479 1032 555 sanguinis,scd
1062 480 1276 554 sanguis
1306 493 1472 532 meus.
1505 475 1568 529 Et
1596 482 1756 529 antea
1785 471 1997 530 Iudaeis

2105 491 2269 539 ιατος,
2295 473 2432 529 ἀλλὰ
2456 474 2525 528 τὸ
2537 470 2700 544 alga.
2720 474 2833 528 Καὶ
2857 472 2967 545 πρὸ
2986 472 3179 526 τούτου
3206 476 3317 535 τοῖς
3354 474 3679 538 Ἰουδαίοις,

415 573 630 626 dixerat
660 591 675 627 :
710 569 834 627 Nisi
879 568 1318 630 ntanducave'ritis
1343 582 1555 620 carnem
1582 562 1714 617 Filii
1740 563 1990 628 hominis,

2105 583 2158 619 τι
2186 563 2326 619 Ἐὰν
2336 562 2424 634 μὴ
2453 564 2686 634 φάγητε
2713 562 2831 632 τὴν
2854 561 3054 632 σάρκα
3086 562 3192 617 τοῦ
3230 563 3368 618 ficii
3406 564 3521 617 τοῦ
3558 565 3687 617 ἀν-

2077 657 2336 728 θρώπου,
2362 656 2462 710 καὶ
2481 658 2655 725 πίητε
2676 655 2863 711 αὑτοῦ
2884 657 2950 710 τὸ
2978 648 3143 724 αἷμα,
3172 655 3283 708 οὐκ
3312 655 3483 724 ἔχετε
3506 653 3688 722 ζωὴν

2077 750 2147 805 ἐν
2171 748 2427 813 ἑαυτοῖς.
2454 746 2519 805 Ἡ
2536 749 2647 819 γὰρ
2676 746 2834 815 σάρξ
2842 762 2963 815 μου
2989 743 3229 813 ἀληθής
3253 744 3383 798 ἐστι
3402 745 3680 813 βρῶσις,

2078 842 2177 896 καί
2202 842 2265 896 τὸ
2282 836 2426 911 αἷμά
2448 858 2568 911 μου
2596 838 2831 907 ἀληθής
2852 838 2985 893 ἐστι
3006 837 3210 903 πόσις.
3233 838 3341 891 Καὶ
3364 836 3536 891 πάλιν
3556 852 3571 866 ·
3606 838 3684 891 '0

2081 931 2316 1002 τρώγων
2333 949 2430 1001 με,
2462 930 2723 999 ζήσεται.

418 244 549 307 1271

416 864 587 913 meus,
623 862 773 902 verus
805 825 1097 923 estpotus.
1123 802 1213 898 ﬁt
1247 851 1469 900 rursum
1504 860 1518 895 :
1552 841 1656 907 Qui
1706 837 1992 893 manducat

491 1088 1313 1165 Ritus-idandiEucharistiam
1362 1091 1417 1143 in
1468 1080 1997 1147 manibus.-—-Qua-

2150 1092 2242 1147 Διὸ
2265 1091 2404 1163 μετὰ
2432 1090 2635 1154 παντὸς
2659 1088 2828 1160 φόϐου
2859 1087 2953 1142 καὶ
2986 1087 3350 1158 συνειδήσεως
3389 1089 3684 1159 καθαρᾶς,

418 1195 645 1257 propter
703 1180 827 1241 cum
878 1184 1032 1240 omni
1087 1176 1285 1251 timore
1333 1191 1389 1236 et
1438 1176 1780 1235 conscientia
1838 1185 1995 1244 pura,

2105 1185 2176 1239 Lai
2195 1183 2521 1237 ἀδιστάκτου
2546 1181 2787 1243 πίστεως
2839 1178 3255 1249 προσέλθωμεν,
3295 1180 3392 1231 καὶ
3446 1179 3687 1242 πάντως

420 1279 632 1347 tldeque
665 1292 772 1331 non
803 1276 971 1331 dubia
1002 1260 1331 1332 aecedaxitus
1361 1289 1375 1327 :
1408 1266 1465 1326 et
1505 1270 1611 1325 erit
1639 1267 1866 1323 omnino
1898 1278 1992 1318 no.

2105 1276 2236 1330 ἱσται
2266 1277 2421 1346 ἡμῖν,
2450 1272 2634 1337 καθὼς
2663 1271 3017 1343 πιστεύομεν,
3055 1271 3130 1342 μὴ
3152 1269 3533 1334 διστάζοντες.
3578 1272 3686 1323 Tr-

419 1368 507 1424 his
542 1356 693 1422 sicut
714 1365 1014 1428 credimus,
1054 1362 1189 1435 nihil
1234 1362 1574 1416 bzesitantes.
1615 1355 1797 1427 ipsum
1833 1366 1996 1424 porro

2105 1369 2348 1440 ιήσωμεν
2380 1367 2436 1420 δὲ
2458 1365 2591 1420 αὐτὸ
2616 1364 2769 1437 πάσῃ
2809 1362 3169 1433 καθαρότητι,
3214 1361 3422 1432 ψυχικῇ
3458 1378 3521 1414 τε
3580 1363 3689 1414 καὶ

419 1459 571 1514 ωηιιὶ
612 1458 779 1517 animi
821 1464 874 1512 et
906 1455 1163 1527 corporis
1225 1452 1464 1524 puritate
1496 1460 1858 1504 veneremur:
1893 1443 1997 1498 du-

2105 1458 2371 1529 ιωματικῇ
2404 1471 2417 1484 ’
2446 1454 2672 1509 διπλοῦν
2725 1454 2836 1525 γάρ
2885 1454 3026 1507 ἐστι.
3074 1450 3473 1523 Προσέλθωμεν
3520 1451 3689 1519 αὖτῷ

420 1551 542 1620 plex
576 1550 720 1604 enim
750 1557 853 1604 est.
890 1546 1235 1601 Accedamus
1267 1542 1333 1597 ad
1363 1530 1492 1611 eum
1533 1538 1749 1595 ardenti
1777 1534 2000 1591 deside-

2105 1547 2235 1617 πόθῳ
2271 1548 2505 1610 διακαεῖ,
2538 1546 2633 1599 καὶ
2663 1542 3028 1615 σταυροειδῶς
3048 1542 3149 1605 τὰς
3178 1540 3445 1611 παλάμας
3484 1540 3688 1594 τυπώ-

422 1643 530 1705 rio,
561 1639 991 1709 compositisque
1038 1637 1095 1691 in
1132 1635 1318 1689 crucis
1374 1633 1607 1700 formam
1643 1627 1899 1684 manibus
1980 1665 1996 1691 ,

2105 1656 2300 1703 παντες,
2338 1638 2435 1692 τοῦ
2454 1637 2877 1709 ὲσταυρωμένου
2925 1635 2988 1689 τὸ
3033 1634 3195 1705 σῶμα
3234 1632 3641 1703 ὑπώεξιῦμεθα
3664 1650 3681 1664 ·

423 1685 530 1705 ""v
562 1685 990 1709 ‘V'"r-v--r-1"
1038 1685 1095 1691 ---
1138 1685 1314 1689 ---~v--
1377 1685 1473 1700 v--.
1982 1685 1992 1691 ν

380 1764 397 1768 η-
421 1732 676 1789 crucifixi
711 1745 917 1801 corpus
966 1727 1365 1797 suscipiamus,
1400 1724 1616 1788 oculos,
1648 1719 1817 1784 labia,
1853 1715 2002 1771 fron-

2105 1731 2182 1785 tai.
2213 1685 2494 1795 €;;0év16{
2539 1685 2876 1800 oqﬂralitobc.
2914 1728 3009 1782 καὶ
3037 1685 3219 1799 χείλη,
3264 1728 3361 1780 καὶ
3415 1685 3682 1797 μέτωπα,

370 1832 375 1835 ’
420 1835 529 1882 tem
560 1824 909 1891 adhibentes,
960 1822 1212 1877 divinum
1246 1819 1542 1875 carbonem
1592 1827 1900 1875 sumamus,
1939 1818 2000 1864 ut

2105 1821 2179 1875 τοῦ
2208 1822 2354 1875 θείου
2388 1821 2661 1893 ἄνθρακος
2693 1820 3107 1891 μεταλάϐωμεν,
3150 1820 3241 1873 ῐνα
3262 1819 3325 1871 τδ
3355 1817 3470 1888 πῦρ
3495 1817 3597 1870 τοῦ
3620 1818 3684 1868 ὲν

418 1917 679 1975 desiderii
742 1916 918 1972 nostri
964 1916 1128 1988 ignis,
1182 1921 1408 1982 accepto
1472 1907 1734 1964 carbonis
1778 1903 1998 1965 ardore,

2105 1913 2218 1985 ῇμῖν
2244 1911 2410 1966 πόθου
2441 1911 2749 1983 προσλαϐὸν
2768 1911 2864 1983 τήν
2885 1912 2951 1963 ὲκ
2971 1910 3065 1963 τοῦ
3095 1910 3371 1980 ἄνθρακος
3402 1906 3676 1977 πύρωσιν,

419 1987 645 2080 peccata
679 2017 869 2067 nostra
905 1987 1223 2070 comburat,
1267 2014 1322 2060 et
1367 2002 1539 2057 corda
1575 1998 1873 2060 illuminet,
1911 1993 1998 2049 di-

2105 2002 2399 2075 ιαταφλέξῃ
2430 1988 2588 2075 ἡμῶν
2627 2003 2727 2069 τὰς
2788 2004 3083 2075 ἁμαρτίας,
3123 2005 3221 2057 καὶ
3256 2003 3471 2072 (pm-risu
3507 2002 3678 2072 ἡμῶν

417 2098 646 2171 vinique
698 2102 837 2156 adeo
899 2101 1042 2169 ignis
1073 2094 1411 2153 commercio
1456 2088 1903 2149 inardescamus,
1945 2090 2000 2138 et

2105 2093 2185 2157 τὰς
2220 2094 2468 2165 καρδίας,
2498 2095 2594 2149 καὶ
2619 2097 2688 2165 τῇ
2724 2094 2988 2166 μετουσίᾳ
3010 2093 3105 2148 τοῦ
3154 2094 3302 2148 θείου
3353 2092 3527 2163 πυρὸς
3575 2110 3686 2145 πυ-

419 2197 477 2249 in
559 2194 695 2249 deos
749 2191 1075 2247 evadamus.
1150 2187 1458 2242 Carbonem
1512 2181 1651 2237 vidit
1696 2179 1869 2235 Isaias
1912 2178 1931 2208 ’
1981 2194 1995 2230 :

2105 2182 2355 2254 ιωθῶμεν
2391 2187 2488 2238 καὶ
2517 2185 2836 2257 θεωθῶμεν.
2862 2186 3148 2257 ’Δνθρακα
3185 2181 3329 2241 εἶδεν
3386 2185 3630 2249 Ἡσαΐας
3679 2206 3684 2211 ε

419 2288 589 2341 carbo
618 2302 725 2340 non
776 2294 859 2339 est
892 2283 1127 2352 simplex
1181 2281 1419 2350 lignum,
1461 2275 1557 2332 sed
1605 2273 1715 2346 igni
1746 2272 1998 2335 unitum;

2105 2274 2291 2348 ἱνθραξ
2321 2276 2379 2330 δὲ
2410 2276 2568 2345 ξύλον
2605 2277 2751 2332 λιτὸν
2767 2279 2866 2332 οὐκ
2893 2278 3066 2342 ἔστιν,
3098 2278 3214 2332 ἀλλ’
3251 2278 3539 2349 ἡνωμένον
3574 2293 3688 2329 πυ-

418 2379 501 2433 sie
549 2392 771 2448 quoque
1017 2372 1176 2443 panis
1212 2367 1643 2429 communionis,
1698 2379 1811 2419 non
1859 2362 1999 2418 sim-

2105 2368 2143 2423 >ί
2178 2385 2193 2400 ⁶
2224 2368 2370 2423 οὕτω
2394 2370 2488 2423 καὶ
2519 2372 2547 2424 ὁ
2577 2370 2743 2442 ἄρτος
2775 2372 2876 2442 τῆς
2906 2371 3193 2433 κοινωνίας
3227 2413 3246 2439 ,
3429 2370 3537 2423 οὐκ
3581 2370 3690 2437 ἆρ-

420 2471 544 2541 plex
576 2476 670 2527 est
703 2468 882 2540 panis,
914 2465 1016 2521 sed
1057 2462 1339 2521 divinitati
1391 2461 1599 2515 unitus.
1641 2457 1863 2528 Corpus
1902 2470 2001 2510 au-

2105 2477 2179 2526 τος
2220 2460 2368 2527 λιτός
2412 2464 2584 2531 ἐστιν,
2617 2464 2735 2518 ἀλλ’
2778 2465 3058 2537 ἡνωμένος
3116 2464 3337 2534 θεότητι
3364 2480 3378 2493 ⁵
3418 2464 3592 2535 σῶμα
3631 2463 3693 2516 δὲ

420 2572 529 2618 tem
581 2565 601 2596 ³
638 2559 784 2630 quod
825 2556 1104 2612 divinitati
1159 2554 1518 2625 coniunctum
1576 2556 1682 2614 est,
1743 2562 1854 2603 non
1888 2560 1998 2601 una

2105 2553 2366 2626 ῇνωμένον
2420 2555 2660 2628 θεότητι,
2721 2557 2784 2611 οὐ
2819 2556 2919 2628 μία
2952 2556 3117 2626 φύσις
3162 2557 3335 2620 ἐστὶν,
3386 2556 3533 2611 ἀλλὰ
3588 2557 3695 2624 μία

421 2659 624 2706 natura
655 2657 781 2717 est;
815 2648 910 2704 sed
959 2663 1067 2703 una
1108 2646 1330 2717 quidem
1371 2651 1456 2699 est
1489 2639 1763 2711 corporis,
1798 2638 1998 2703 altera,

2105 2645 2191 2714 sev
2225 2647 2320 2701 τοῦ
2352 2647 2627 2720 σώματος,
2645 2648 2747 2720 τῆς
2776 2648 2834 2703 δὲ
2855 2648 3145 2719 ἡνωμένης
3199 2646 3350 2718 αὐτῷ
3397 2646 3694 2718 θεότητος.

420 2744 739 2813 conjunctae
770 2757 896 2797 cum
934 2741 1056 2812 ipso
1089 2738 1423 2795 divinitatis.
1455 2734 1577 2801 Quo
1609 2733 1668 2787 iit
1703 2739 1763 2787 ut
1794 2738 2002 2786 utrum-

2105 2737 2284 2807 ἑτέρα·
2314 2738 2458 2794 ὥστε
2482 2740 2543 2794 τὸ
2567 2742 3007 2812 συναμφότερον,
3056 2741 3119 2795 οὐ
3167 2740 3264 2811 μία
3305 2739 3495 2810 φύσις,
3546 2740 3696 2794 ἀλλά

420 2853 529 2908 que
561 2851 671 2892 non
703 2837 776 2891 sit
803 2849 912 2889 una
942 2841 1159 2898 natura,
1198 2829 1293 2887 sed
1322 2829 1460 2884 duae.
2086 2828 2199 2883 δύο.

496 2974 851 3029 Eucharistia:
886 2969 1580 3043 ﬁgura.—Abrahamum
1624 2979 1690 3019 ex
1739 2959 2063 3041 alienige-c

422 3080 622 3120 narum
671 3072 856 3133 strage
907 3072 1296 3126 revertentem,
1349 3058 1620 3115 Altissimi
1672 3056 1767 3111 Dei
1809 3067 2003 3110 sacer-

424 3157 527 3211 dos
579 3152 989 3210 Melchisedech
1047 3152 1264 3222 excepit
1321 3154 1362 3206 ⁸.
1396 3150 1584 3205 Mensa
1615 3149 1705 3202 illa
1751 3159 2002 3202 mensam

425 3249 573 3303 hanc
627 3247 917 3318 mysticam
966 3243 1374 3316 prasignahat;
1417 3238 1880 3312 quemadmodum
1916 3250 2006 3291 sa-

422 3341 617 3397 cerdos
651 3340 743 3394 ille
771 3339 886 3394 veri
939 3336 1243 3393 sacerdotis
1270 3333 1478 3388 Christi
1522 3332 1752 3402 tiguram
1784 3337 1838 3384 et
1870 3330 2007 3383 ima-

425 3431 610 3500 ginem
646 3427 913 3498 gerebat‘
941 3470 954 3483 .
977 3428 1067 3480 Ait
1098 3425 1241 3481 enim
1274 3442 1288 3479 :
1322 3423 1401 3478 Tu
1426 3439 1480 3477 es
1506 3419 1754 3475 sacerdos
1780 3420 1836 3473 in
1853 3429 2005 3474 teter-

428 3534 555 3572 uum
609 3518 896 3573 secundum
951 3517 1191 3570 ordinem
1248 3510 1636 3568 Melchisedech
1722 3510 1764 3564 ⁸.
1800 3507 2004 3563 Panem

429 3610 596 3675 hunc,
632 3608 1032 3679 propositionis
1082 3620 1254 3677 panes
1304 3601 1730 3659 adumbrabant.
1760 3598 1877 3654 lloc
1909 3614 2009 3669 pu-

2164 2967 2351 3038 Ἀρτῳ
2363 2968 2457 3021 καὶ
2469 2969 2600 3039 οϊνῳ
2620 2967 2891 3033 ἐδεξιοῦτο
2919 2968 3263 3039 Μελχισέδεκ
3277 2966 3373 3023 τὸν
3400 2967 3695 3041 ’Δϐραὰμ,

2092 3059 2160 3113 ὲκ
2194 3059 2295 3130 τῆς
2321 3058 2431 3113 τῶν
2458 3060 2988 3131 ἀλλοφύλωνςκοπῆς
3040 3060 3477 3131 ὑποστρέφοντα,
3542 3062 3573 3113 ὁ
3612 3062 3694 3111 is-

2094 3147 2224 3222 ρεὺς
2248 3148 2345 3203 τοῦ
2374 3148 2511 3203 Θεοῦ
2537 3148 2631 3203 τοῦ
2673 3150 2958 3220 ’Υψίστουο
2989 3150 3175 3221 ἐκείνη
3206 3151 3241 3220 ἡ
3271 3150 3532 3221 τράπεζα
3556 3150 3690 3204 ταύ-

2092 3258 2193 3313 την
2220 3241 2320 3313 τὴν
2354 3242 2625 3312 μυστικὴν
2655 3242 3003 3315 προεικόνιζε
3025 3242 3333 3315 τράπεζαν,
3365 3242 3429 3295 δν
3479 3242 3691 3315 τρόπον

2092 3334 2303 3397 lascivo;
2339 3335 2369 3387 ὁ
2393 3335 2595 3406 ἱερεὺς,
2625 3335 2721 3389 τοῦ
2775 3335 3035 3408 ἀληθινοῦ
3094 3336 3403 3407 ἀρχιερέως
3440 3333 3693 3406 Χριστοῦ

2091 3423 2264 3489 τύπος
2284 3421 2354 3499 ἦν
2388 3427 2483 3481 καὶ
2518 3428 2805 3500 είκόνισμα
2825 3445 2841 3458 ·
2869 3428 2953 3483 Σὺ
2984 3428 3117 3500 γὰρ,
3146 3428 3334 3498 φησιν,
3387 3428 3447 3482 ει
3491 3427 3695 3495 ἱερεὺς

2093 3516 2184 3582 εις
2211 3516 2320 3570 τὸν
2342 3516 2531 3572 αἰῶνα
2560 3519 2713 3574 κατὰ
2736 3518 2853 3588 τὴν
2898 3518 3078 3585 τάξιν
3114 3517 3517 3588 Μελχισέδεκ.
3546 3517 3697 3571 Τοῦ-

2095 3621 2188 3660 τον
2220 3606 2314 3662 τὸν
2343 3608 2510 3680 ἄρτον
2530 3613 2580 3665 οί
2608 3612 2763 3684 ἄρτοι
2806 3613 3076 3678 είκόνιζον
3195 3613 3298 3681 τῆς
3350 3612 3693 3687 προθέσεως.

428 3716 551 3755 rum
584 3701 716 3755 illud
748 3711 802 3755 et
836 3700 1189 3754 incruentum
1226 3696 1565 3753 sacriﬁcium
1607 3703 1714 3761 est,
1752 3692 1903 3765 quod
1937 3691 2008 3747 ab

420 3804 554 3854 ortu
585 3796 722 3852 solis
765 3808 944 3865 usque
972 3792 1039 3848 ad
1073 3807 1332 3847 occasum
1377 3792 1483 3849 sibi
1523 3792 1769 3847 oblatum
1804 3792 1872 3847 iri
1902 3790 2002 3847 Do-

423 3890 610 3944 minus
642 3902 738 3957 per
770 3888 1092 3955 prophetam
1130 3883 1270 3938 dixit
1319 3882 1362 3938 '.

497 3977 856 4031 Eucharistiu:
908 3976 1135 4044 fructus.
1158 4003 1231 4016 —-
1251 3973 1467 4045 Corpus
1505 3982 1559 4030 et
1590 3972 1819 4044 sanguis
1841 3971 1999 4029 Chri-

423 4070 495 4125 sti
527 4077 639 4133 est,
669 4070 722 4123 in
758 4068 956 4134 nostri,
995 4076 1110 4122 tum
1160 4068 1351 4133 animi,
1388 4075 1502 4121 tum
1553 4067 1810 4138 corporis
1842 4080 2006 4136 vege-

424 4161 691 4214 tationem
726 4158 956 4223 cedens,
998 4156 1149 4228 quod
1183 4172 1287 4213 nec
1330 4167 1710 4222 consumatur,
1757 4170 1860 4211 nec
1888 4170 2007 4209 cor-

2097 3696 2245 3770 Αὕτη
2279 3701 2432 3755 ἐστὶν
2460 3704 2492 3773 ἡ
2521 3704 2740 3775 καθαρὰ
2785 3704 2970 3769 θυσία,
3036 3705 3239 3775 δηλαδὴ
3300 3707 3396 3760 καὶ
3444 3706 3699 3771 ἀναίμα-

2106 3807 2255 3856 κτος,
2278 3793 2344 3863 ἦν
2370 3792 2477 3847 ἀπὸ
2521 3790 2798 3848 ἀνατολῶν
2855 3792 3012 3864 ἡλίου
3064 3794 3225 3865 μέχρι
3266 3793 3490 3864 δυσμῶν
3542 3794 3701 3865 aint;

2107 3884 2518 3956 προσφέρεσθαι
2546 3885 2635 3939 διὰ
2653 3885 2748 3939 τοῦ
2790 3887 3072 3959 προφήτου
3100 3889 3130 3940 δ
3162 3885 3371 3958 Κύριος
3504 3886 3704 3955 ἔφησε.

2182 3973 2351 4043 Σῶμά
2368 3975 2485 4027 ἐστι
2502 3974 2600 4027 καὶ⁸
2620 3968 2761 4045 αἷμα
2788 3975 2901 4045 (86)
2930 3974 3170 4047 Χριστοῦ
3202 3975 3279 4038 είς,
3310 3973 3574 4027 σύστασιν
3594 3974 3705 4044 τῆς

2105 4064 2381 4136 ἡμετέρας
2409 4064 2589 4135 ψυχῆς
2610 4082 2671 4118 τε
2693 4066 2788 4120 καὶ
2808 4066 3065 4136 σώματος
3094 4066 3330 4137 χωροῦν,
3363 4065 3425 4119 οὐ
3438 4065 3705 4119 δαπανώι

2114 4172 2298 4227 μενον,
2322 4156 2383 4209 οὐ
2403 4155 2784 4227 φθειρόμενον,
2810 4157 2911 4213 οὐκ
2937 4157 3018 4220 είς
3041 4156 3331 4227 ἀφεδρῶνα
3351 4155 3569 4227 χωροῦν
3594 4156 3704 4227 (μὴ

422 4258 738 4321 rumpatur,
774 4265 875 4306 nec
920 4248 977 4304 in
1019 4263 1299 4304 secessum
1334 4247 1500 4306 vadat
1534 4246 1701 4317 (absit
1723 4246 1786 4315 ι),
1818 4247 1915 4303 sed
1946 4247 2006 4302 in

2107 4248 2370 4319 γένοιτο),
2399 4248 2517 4303 ἀλλ’
2550 4251 2630 4313 εις
2654 4250 2756 4320 τὴν
2784 4249 2943 4320 ἡμῶν
2969 4250 3161 4304 οὐσίαν
3190 4250 3290 4303 καὶ
3333 4249 3703 4321 συντήρησιν,

421 4330 791 4397 substantiam
857 4351 1103 4397 nostram
1154 4348 1209 4396 et
1264 4338 1769 4403 conservationem,
1826 4338 2008 4395 omni-

422 4447 574 4502 gente
620 4432 762 4489 labis
814 4434 1316 4503 propulsationem,
1378 4432 1673 4502 omnisque
1717 4432 2007 4499 spurcitiei

421 4522 819 4589 detersionem,
857 4530 916 4576 ut
957 4523 1002 4577 si
1050 4523 1416 4577 adulteratam
1467 4537 1663 4577 aurum
1696 4521 2007 4593 deprehen-

423 4616 539 4680 dat,
575 4632 671 4686 per
700 4616 1081 4686 explorantem
1123 4615 1316 4686 judicii
1344 4614 1829 4670 inﬂammationem
1870 4613 2008 4667 illud

424 4714 641 4778 purget,
709 4724 777 4762 ne
832 4707 891 4762 in
943 4706 1133 4761 futuro
1189 4707 1395 4763 saeculo
1454 4722 1581 4762 cum
1643 4706 1748 4761 hoc
1800 4706 2009 4760 mundo

423 4796 773 4852 damnemur.
822 4795 1031 4853 Morbis
1079 4796 1250 4863 enim,
1286 4795 1712 4866 omnifariisque
1741 4795 2009 4851 immissis

422 4886 837 4942 calamitatibus
883 4897 1176 4958 expurgat,
1228 4888 1387 4956 juxta
1448 4902 1513 4941 ac
1543 4886 2005 4957 Apostolusait':

425 4979 487 5033 Si
515 4980 655 5033 enim
684 4982 1031 5049 nosmetipsos
1067 4979 1511 5049 diiudicaremus,
1564 4995 1669 5034 non
1717 4979 1897 5048 utique
1914 4977 2011 5050 ju-

423 5072 749 5125 dicaremur.
789 5070 922 5127 Cum
944 5071 1261 5141 judicamur
1304 5081 1479 5126 autent
1514 5088 1547 5125 a
1580 5070 1808 5125 Domino
1836 5072 2007 5125 corri-

423 5164 618 5230 pimur,
644 5173 701 5216 ut
729 5180 832 5217 nou
850 5180 969 5217 eum
998 5164 1093 5217 hoc
1124 5164 1319 5215 mundo
1336 5162 1671 5217 damnentur.
1702 5163 1882 5232 Atque
1901 5163 2010 5218 hoc

424 5263 511 5311 est
541 5256 689 5325 quod
738 5255 911 5310 dicit:
951 5256 1056 5321 Qui
1082 5256 1222 5310 enim
1247 5256 1407 5307 sumit
1456 5254 1669 5325 indigne
1725 5271 1913 5323 corpus
1959 5265 2009 5309 et

426 5344 735 5414 sanguinem
783 5343 1314 5413 Domini,judicium
1356 5342 1458 5397 sibi
1516 5343 1803 5396 manducat
1837 5353 1889 5398 et
1935 5344 2011 5397 οε-

429 5436 500 5489 bit
553 5437 593 5490 ’.
637 5438 740 5489 Per
775 5436 909 5490 illud
938 5451 1068 5490 vero
1095 5434 1336 5507 purgati,
1365 5448 1488 5489 cum
1523 5433 1739 5490 Domini
1772 5450 2011 5507 corpore

429 5526 627 5595 spiritu
668 5527 845 5596 ipsius
879 5526 1122 5590 nitimur,
1156 5533 1211 5581 et
1236 5524 1445 5581 Christi
1470 5540 1677 5597 corpus
1723 5525 2011 5583 eﬁicimur.

505 5631 522 5661 ¹
553 5632 711 5709 Joan.
740 5648 818 5699 vr,
852 5635 1043 5709 ιιι-ξε.
1065 5635 1138 5709 μ’
1163 5633 1263 5709 [5a.
1291 5651 1367 5709 vi,
1388 5634 1479 5709 _2._
1500 5633 1550 5709 4'
1585 5636 1720 5694 ibid.
1782 5636 1804 5671 δ
1838 5638 1977 5696 Gen.
2009 5654 2118 5709 xlv,
2147 5639 2204 5696 5.
2278 5638 2301 5672 ³
2322 5637 2497 5694 chit.
2526 5652 2636 5701 xiv,
2672 5637 2726 5693 5.

438 5702 523 5755 ll).
580 5704 600 5731 ⁸
630 5702 647 5753 ι
674 5702 800 5756 Cor.
833 5720 908 5771 xi,
940 5706 1027 5769 3|,
1063 5704 1151 5758 52.
1233 5706 1253 5735 ⁸
1291 5706 1419 5759 ibid.
1453 5706 1542 5763 ‘29.

2114 4339 2321 4411 βλάϐης
2382 4339 2763 4403 παντοδαποῦς
2821 4341 3164 4413 ἀμυντήριον
3191 4380 3206 4403 ,
3258 4340 3434 4411 ῥύπου
3494 4347 3706 4405 παντὸς

2107 4427 2482 4500 καθαρτήριον
2514 4442 2530 4460 ⁸
2574 4427 2640 4483 ἂν
2695 4430 2797 4500 μὲν
2837 4431 3041 4502 χρυσὸν
3098 4431 3239 4503 λάϐῃ
3279 4430 3558 4502 κίϐδηλον,
3609 4433 3707 4486 διὰ

2103 4519 2206 4591 τῆς
2261 4521 2515 4592 κριτικῆς
2564 4520 2867 4594 πυρώσεως
2915 4522 3205 4594 καθαίρει,
3273 4522 3361 4576 ἴνα
3401 4522 3480 4593 μὴ
3520 4526 3583 4576 ὲν
3622 4524 3706 4593 τῷ

2117 4611 2369 4683 μέλλοντι
2417 4614 2516 4668 σὺν
2576 4613 2656 4685 τῷ
2679 4615 2874 4686 κόσμῳ
2922 4616 3368 4687 κατακριθῶμεν.
3417 4615 3704 4686 Καθαίρει

2106 4705 2217 4777 γὰρ
2250 4706 2549 4770 νόσοιςςκαὶ
2580 4707 2862 4772 παντοίαις
2889 4709 3183 4779 ἐπιφοραῖς
3202 4746 3222 4773 ,
3294 4706 3484 4772 καθώς
3526 4725 3705 4780 φησιν

2104 4797 2134 4851 ὀ
2154 4797 2298 4863 θεῖος
2325 4798 2650 4864 ’Δπόστολος
2669 4817 2683 4831 ·
2707 4802 2779 4854 Et
2812 4799 2919 4870 γὰρ
2947 4800 3203 4866 ἑαυτοὺς
3222 4800 3565 4870 ἐκρίναμεν,
3588 4803 3709 4854 οὐκ

2106 4890 2187 4945 ἂν
2229 4891 2601 4958 ἐκρινόμεθα.
2635 4892 2984 4962 Κρινόμενοι
3026 4893 3115 4957 δὲ,
3154 4894 3274 4949 ὑπὸ
3306 4894 3534 4961 Kvpiov
3564 4909 3711 4947 xcu-

2105 4982 2419 5052 δευόμεθα,
2453 4984 2555 5037 ἵνα
2579 4982 2660 5052 μὴ
2694 4984 2818 5039 σὺν
2848 4984 2931 5049 re")
2978 4985 3188 5054 κόσμῳ
3231 4983 3709 5054 κατακριθῶμεν.

2108 5076 2217 5129 Καὶ
2238 5073 2397 5129 τοῦτὸ
2435 5077 2586 5129 ἐστιν
2610 5076 2640 5129 ὃ
2667 5076 2853 5146 λέγει’
2891 5078 3075 5133 Ὥστε
3098 5080 3131 5132 ὁ
3150 5076 3422 5147 μετέχων
3446 5075 3559 5131 τοῦ
3589 5076 3713 5130 σώ-

2105 5183 2294 5237 ματος
2321 5167 2419 5221 καί
2446 5168 2552 5223 τοῦ
2578 5170 2828 5238 αἵματος
2857 5169 2963 5224 τοῦ
2978 5170 3205 5238 Κυρίου
3228 5168 3490 5236 ἀναξίως
3520 5167 3715 5238 κρῖμα

2110 5258 2303 5326 ἑαυτῷ
2319 5259 2505 5315 ἐσθίει
2522 5262 2619 5316 καὶ
2638 5262 2817 5315 πίνει.
2838 5259 3095 5316 Διάὐτοῦ
3116 5261 3531 5332 καθαιρδμενοι,
3551 5261 3717 5315 ἑνού-

2115 5349 2255 5420 μεθα
2309 5351 2394 5422 τῷ
2449 5351 2663 5422 σώματι
2685 5353 2891 5423 Κυρίου
2934 5352 3144 5425 καὶτῷ
3187 5353 3461 5425 πνεύματι
3512 5354 3715 5425 αὑτοῦ,

2114 5439 2209 5495 καὶ
2239 5441 2503 5512 γινόμεθα
2527 5442 2689 5513 σῶμα
2725 5441 2991 5513 Χριστοῦ.

2825 5642 2847 5674 ⁸
2896 5641 3041 5698 Psal.
3079 5657 3186 5709 cxx,
3214 5640 3268 5697 ὁ.
3334 5646 3356 5679 ⁷
3388 5641 3631 5702 Malach.
3673 5665 3717 5720 ι,
