4012 6216
203 266 327 331 1231

1099 269 1480 335 PANOPLIA
1518 273 1979 341 DOGMATICA.
2002 303 2070 313 '-
2096 280 2251 345 TlT.
2295 281 2502 349 XXVI.

3335 280 3474 344 1282

195 386 531 451 εσκεύαζον,
606 387 878 453 καὶτοὺς
938 386 1319 459 δαιμονῶντας
1399 390 1741 462 ἐθεράπευον

1898 397 2184 463 curabant,
2218 412 2327 453 non
2356 407 2536 453 autem
2579 406 2838 452 accurata
2869 396 3283 458 Masalianontm
3347 411 3475 467 pre‘

201 481 333 549 μήτε
358 481 425 551 τῇ
465 478 738 552 σπουδαίᾳ
766 481 874 534 τῶν
926 480 1297 535 Μασαλιανῶν
1324 481 1504 556 εὐχῇ,
1528 484 1671 554 μήτε
1704 486 1771 556 τῇ

197 572 426 644 χρίμψει
469 572 567 626 καὶ
630 572 940 625 ἀποπτύσει
976 571 1114 642 πρὸς
1143 572 1327 639 δίωξιν
1366 574 1475 628 τῶν
1495 555 1775 645 δαιμόνων

201 664 491 736 χρώμενοι.
523 666 584 717 El
615 664 673 718 δὲ
706 667 734 719 6
783 665 991 736 Κύριος
1022 665 1153 733 περὶ
1196 665 1305 719 τῶν
1351 666 1631 737 δαιμόνων
1660 665 1776 720 ἔλε-

201 774 313 824 γεν,
343 756 423 810 ὅτι
461 756 642 811 1Ὀῦτο
676 756 743 809 τὸ
788 755 965 824 γένος
1008 756 1120 810 οὐκ
1153 755 1463 826 ἐξέρχεται
1491 760 1543 813 ei
1582 760 1671 829 μὴ
1705 759 1777 813 ἐν

196 848 505 918 προσευχῇ
537 848 636 900 καὶ
656 849 933 916 νηστείᾳ,
956 848 1073 902 ἀλλ’
1094 849 1157 901 ού
1192 853 1322 921 περὶ
1345 852 1566 905 πάντων
1585 853 1775 916 ἁπλῶς

198 948 303 1001 τῶν
332 948 794 1018 προσευχομένων
824 948 918 1000 καὶ
968 949 1355 1018 νηστευόντων
1386 949 1599 1020 ἔλεγεν,
1636 950 1775 1005 ἀλλὰ

195 1040 319 1111 περὶ
350 1038 450 1109 μὲν
480 1038 589 1092 τῶν
611 1038 700 1092 διὰ
735 1037 832 1092 τοῦ
856 1040 1002 1094 θείου
1024 1041 1404 1113 βαπτίσματος
1425 1043 1774 1115 υίοθετηθέν-

199 1148 304 1185 των
334 1130 410 1199 τῷ
442 1130 563 1199 Θεῷ
589 1131 681 1186 καὶ
710 1132 905 1201 Πατρὶ,
934 1134 1028 1185 καὶ
1059 1134 1524 1205 συγκληρονόμων
1549 1134 1641 1188 τοῦ
1673 1135 1776 1205 φύ-

196 1241 276 1276 σει
297 1222 424 1275 nos
460 1222 605 1277 κατά
643 1224 807 1293 χάριν
849 1226 1258 1295 γεγενημένων,
1297 1226 1429 1296 περὶ
1470 1220 1548 1282 ῶν
1584 1227 1773 1296 ἔλεγεν

202 1316 234 1367 6
275 1313 594 1377 ’Δπόστολος
618 1328 631 1343 ·
670 1316 845 1369 Ὅσοι
894 1319 983 1382 εἰς
1039 1319 1305 1384 Χριστὸν
1344 1319 1770 1387 ἐϐαπτίσθητε,

194 1410 447 1479 Χριστὸν
473 1409 876 1466 ἐνεδύσασθε.
906 1413 1066 1474 Uolo;
1086 1413 1196 1483 γὰρ
1231 1413 1464 1478 ἄπιστος
1498 1413 1530 1484 ἢ
1563 1413 1773 1482 αἱρετι-

197 1504 290 1565 κὸς
313 1500 520 1556 δύναιτ’
553 1501 620 1555 ἂν
650 1502 927 1558 ἀπελάσαι
975 1504 1210 1576 δαίμονα
1241 1506 1332 1579 διὰ
1364 1506 1625 1577 νηστείας
1671 1507 1771 1559 καὶ

196 1592 522 1661 προσευχῆς,
560 1592 664 1645 κᾶν
693 1593 1026 1659 ἐπιδείξαιτο
1040 1596 1250 1660 ταύτας
1275 1597 1764 1668 ἀνυπερϐλήτους;

1884 482 2122 550 catione,
2188 499 2365 555 neque
2430 486 2814 541 exsecratione
2882 496 2937 543 et
3004 487 3353 556 despectione
3403 487 3470 541 ad
3582 486 3583 489 “

1876 571 2155 631 daemonas
2270 574 2567 643 ejiciendos
2641 574 2948 649 utebantur.
2997 576 3081 648 .Bt
3160 592 3468 648 quanquam

1879 661 2138 716 Dominus
2198 662 2333 716 dixit
2403 663 2470 718 de
2531 650 2915 718 daemonibus:
2982 663 3094 718 Hoc
3136 682 3297 736 genus
3360 682 3465 720 non

1874 752 2087 822 ejicitur
2144 752 2262 805 nisi‘
2302 753 2357 805 in
2403 740 2642 828 oratione
2709 764 2759 807 et
2797 748 3009 824 jejunio
3039 742 3079 821 ³,
3133 770 3238 810 non
3286 767 3466 812 tamen

1882 846 1948 899 de
1975 846 2248 911 omnibus,
2302 844 2394 914 qui
2454 830 2805 915 jejunantet
2866 858 3160 917 precantur
3204 836 3469 921 simplici-

1876 940 1960 991 ter
1989 936 2200 992 locutus
2230 944 2330 1003 est,
2362 936 2457 991 sed
2491 938 2689 993 deillis
2718 938 3003 1003 duntaxat,
3059 940 3151 1009 qui
3186 956 3283 1010 per
3321 941 3465 995 divi-
3554 964 3555 967 η

1876 1042 2008 1081 num
2034 1028 2365 1098 baptismum
2397 1028 2449 1083 in
2482 1028 2571 1084 Dei
2600 1040 2653 1085 et
2683 1028 2867 1084 Patris
2918 1028 3059 1091 ﬁlios
3117 1040 3245 1085 sunt
3270 1030 3466 1100 ‘adop-
3522 1066 3525 1067 ν

1877 1121 1996 1187 tati,
2027 1130 2082 1175 et
2114 1120 2258 1191 ejus,
2306 1123 2399 1193 qui
2440 1133 2629 1178 natura
2659 1121 2829 1179 Filius
2867 1133 2948 1178 est
2978 1108 3314 1189 icoliatredes
3372 1136 3467 1188 per
3538 1172 3559 1177 ,_

1877 1210 2111 1278 gratiam
2150 1211 2347 1279 ell'ecti,
2402 1214 2469 1267 de
2498 1213 2694 1282 quibus
2722 1208 2936 1295 ttipeliat
2960 1197 3299 1282 'Apostu‘lus:
3335 1212 3464 1267 Om-
3496 1214 3499 1219 λ
3560 1209 3569 1211 “
3620 1196 3624 1200 ’
3686 1286 3690 1287 ί

1876 1318 1967 1356 tm
2023 1304 2112 1372 qui
2182 1305 2237 1359 in
2310 1304 2579 1359 Christum
2647 1306 2902 1373 baptismi
2961 1308 3108 1370 estis,
3188 1304 3458 1377 Christum
3516 1304 3517 1307 “
3598 1304 3613 1317 ’⁷

1874 1398 2125 1453 induisti:
2155 1401 2197 1454 ⁸.
2287 1401 2423 1467 Quis
2496 1404 2640 1469 enim
2703 1401 2933 1459 inlidelis
3022 1412 3123 1456 aut
3180 1388 3465 1465 lueretin
3540 1458 3543 1459 ,

1875 1492 2171 1547 daemonem
2229 1493 2405 1563 possit
2442 1492 2712 1563 expoliare
2749 1493 2987 1563 jejuniis
3028 1480 3081 1548 et
3103 1483 3462 1572 orationibus,
3506 1534 3529 1563 η,

1878 1582 2009 1640 licet
2069 1584 2135 1641 iis
2198 1594 2387 1640 utatur
2414 1585 2679 1640 eximiis?
2742 1587 2984 1652 Quorum
3026 1586 3170 1640 enim
3218 1584 3463 1655 improba
3542 1586 3559 1599 "

190 1682 290 1740 Ὧν
314 1688 419 1758 γάρ
446 1689 480 1759 ἡ
512 1688 699 1750 πίστις
732 1689 994 1761 ἀδόκιμος
1052 1692 1149 1744 καὶ
1203 1690 1523 1762 ἀνίσχυρος,
1558 1692 1768 1745 τούτων
1804 1751 1841 1762 _
1873 1682 1956 1729 εει
1997 1674 2130 1730 ηίίθε
2212 1686 2268 1731 ει
2322 1675 2781 1737 Ῐηίῖηηθνίιοτυίη
2834 1685 2888 1730 εί
2918 1690 3113 1744 Preces
3164 1686 3217 1750 ei
3261 1674 3463 1746 jejuni“
3562 1685 3566 1688 ’

188 1778 283 1832 καὶ
374 1751 652 1851 προσευχὴ
668 1781 765 1835 καὶ
797 1751 1021 1849 νηστεία
1050 1780 1292 1845 πάντως.
1322 1751 1434 1837 lini.
1465 1751 1576 1836 πάν
1608 1781 1763 1852 ἔργον

1873 1773 1997 1818 sunt
2036 1764 2250 1818 inlirma
2291 1765 2473 1834 plane.
2528 1764 2595 1818 Ει
2619 1780 2780 1831 opera
2816 1765 3059 1833 ipsorum
3110 1764 3452 1818 daemonibus

189 1852 369 1923 αὐτῶν
397 1871 456 1922 ού
489 1871 653 1933 μόνον
700 1872 761 1925 ού
824 1871 1082 1942 φοϐερὸν,
1138 1872 1276 1927 άλλά
1306 1873 1406 1927 καὶ
1466 1872 1623 1941 φίλον
1656 1876 1774 1936 τοῖς

189 1965 438 2036 δαίμοσιν
458 1984 471 1998 ·
510 1967 560 2020 εί
591 1968 666 2038 μή
700 1968 807 2021 πού
839 1985 926 2031 τις
960 1968 1070 2021 τῶν
1097 1968 1360 2021 τοιούτων
1391 1968 1480 2022 διὰ
1514 1968 1770 2038 γοητείας

189 2058 332 2122 τινὸς
362 2059 543 2124 ἔδοξεν
581 2060 862 2115 ἀπελάσαι
915 2062 1171 2133 δαίμονα.
1235 2061 1294 2115 ὐ
1328 2061 1464 2129 γοῦν
1500 2061 1645 2114 κατά
1675 2060 1769 2113 τὸν

186 2151 280 2205 τοῦ
328 2153 537 2222 Κυρίου
589 2151 756 2221 λόγον
792 2158 1263 2225 προσευχόμενος,
1321 2153 1415 2205 καὶ
1458 2151 1762 2225 νηστεύων,

182 2243 277 2297 καὶ
308 2242 416 2295 τῶν
451 2242 629 2297 ἄλλων
661 2244 762 2314 μὲν
814 2244 1030 2314 ἀρετῶν
1063 2240 1206 2299 εἶναι
1254 2246 1482 2315 μέτοχος
1527 2243 1761 2313 ὀφείλει,

193 2335 433 2405 μάλιστα
468 2335 526 2389 δὲ
558 2335 657 2398 τάς
685 2334 779 2389 δύο
808 2335 1015 2400 ταύτας
1039 2335 1429 2408 μετέρχεσθαι,
1461 2335 1559 2408 τὴν
1591 2352 1765 2407 προσ-

178 2425 343 2497 ευχὴν
376 2425 524 2493 λέγω
575 2428 673 2479 καὶ
740 2425 845 2497 τὴν
872 2426 1157 2497 νηστείαν.
1198 2427 1257 2481 Ὀ
1285 2427 1342 2481 δὲ
1376 2426 1479 2497 τὴν
1520 2442 1765 2497 προσευ-

177 2518 281 2590 χὴν
316 2518 418 2588 μὲν
448 2517 610 2588 μόνον
670 2517 1031 2588 ἐπιτηδεύων,
1059 2518 1159 2582 τὰς
1189 2517 1357 2581 άλλας
1379 2517 1439 2571 δὲ
1488 2516 1770 2589 παρατρέ-

174 2627 313 2683 χων,
346 2612 441 2665 καὶ
474 2608 926 2682 καταρῤᾳθυμῶν
961 2609 1164 2678 αὐτῶν,
1193 2610 1256 2665 οὐ
1307 2608 1471 2679 μόνον
1517 2609 1621 2664 οὐκ
1661 2610 1767 2662 ἀπ-

175 2703 371 2758 εὶάσει
425 2700 519 2756 τὸν
548 2701 867 2757 ἐνοικοῦντα
900 2700 1079 2773 τούτῳ
1111 2701 1366 2773 δαίμονα,
1402 2700 1587 2764 καθὼς
1622 2695 1771 2756 οὗτοι

171 2792 452 2862 λέγουσιν,
485 2793 624 2847 ἀλλά
662 2794 757 2848 καὶ
794 2791 998 2864 μᾶλλον
1024 2792 1228 2858 ἔξωθεν
1254 2793 1385 2847 ὄντα
1412 2794 1504 2847 διὰ
1519 2795 1620 2862 τὴν
1654 2793 1767 2846 τῶν

1873 1868 1981 1909 non
2017 1854 2379 1921 formidanda,
2416 1856 2512 1910 sed
2563 1866 2715 1926 grata
2746 1863 2891 1910 sunt.
2947 1854 3060 1911 Nisi
3093 1854 3218 1925 quis
3274 1864 3462 1925 eorum

1869 1945 2169 2015 prastigiis
2218 1956 2269 2000 et
2320 1946 2553 2000 fallaciis
2610 1946 2889 2001 daemones
2941 1926 3149 2015 ejiceré
3196 1946 3463 2001 videatur.

1868 2034 2136 2105 Quisquis
2188 2035 2355 2106 igitur
2398 2048 2465 2089 ex
2519 2035 2702 2090 verbis
2776 2036 2989 2091 Domini
3076 2047 3353 2109 precatur,
3404 2046 3465 2091 et

1868 2126 2101 2198 jejunat,
2134 2136 2191 2184 et
2220 2129 2448 2183 aliarum
2485 2130 2747 2185 virtutum
2793 2145 2915 2185 esse
2978 2132 3255 2201 particeps
3277 2131 3462 2195 debet,

1876 2220 1928 2275 in
1959 2221 2151 2291 primis
2195 2230 2385 2276 autem
2425 2222 2537 2276 haec
2566 2223 2696 2289 duo,
2750 2236 2947 2294 nempe
2979 2222 3345 2293 precationem
3409 2233 3464 2279 et

1871 2312 2164 2383 jejunium,
2211 2314 2493 2371 adhibere.
2543 2315 2647 2381 Qui
2688 2330 2819 2371 vero
2844 2316 3068 2385 reliquis
3099 2317 3320 2373 omissis
3345 2332 3467 2387 pre-

1868 2417 1964 2460 ces
2017 2413 2227 2459 tantum
2277 2404 2516 2467 adhibet,
2571 2406 2619 2461 is
2674 2422 2778 2459 non
2830 2407 3005 2464 solum
3070 2406 3462 2462 inliahitantem

1880 2493 2187 2550 daemonem
2223 2509 2330 2550 non
2375 2493 2578 2563 ejiciet,
2602 2503 2660 2550 ut
2691 2496 2778 2550 isti
2824 2496 3040 2561 dicunt,
3081 2499 3175 2551 sed
3226 2513 3372 2563 eum,
3416 2497 3465 2551 si

1874 2584 2033 2641 fortis
2057 2585 2150 2652 sit,
2183 2594 2408 2658 propter
2430 2586 2692 2642 virtutum
2721 2588 3021 2655 neglectum
3052 2589 3314 2653 alliceret,
3339 2589 3465 2643 licet

1881 2677 2081 2735 millies
2143 2679 2373 2748 singulis
2430 2680 2621 2735 diebus
2682 2672 3085 2749 exsecraretur,
3134 2691 3188 2735 et
3244 2679 3463 2736 ﬂumina

1874 2777 2165 2840 sputorum
2192 2772 2516 2827 eii‘underet.

174 2886 368 2940 καλῶν
401 2885 663 2957 ἀμέλειαν
721 2885 1113 2955 ἱπισπάσεται,
1172 2886 1277 2940 κᾶν
1309 2885 1575 2958 μυριάκις
1633 2884 1720 2955 ἐφ’
1774 2882 2014 2954 ἑκάστης
2067 2884 2282 2956 ἡμέρας
2320 2884 2670 2957 χρέμψαιτο,
2734 2885 2838 2941 κᾶν
2911 2884 3195 2956 ποταμοὺς
3261 2884 3466 2957 ἀφήσει

177 2978 462 3033 πτυέλων.

246 3073 314 3125 El
347 3069 733 3125 συνουσίωνται
774 3073 841 3142 τῇ
861 3071 1020 3141 φύσει
1041 3059 1153 3125 τῶν
1170 3070 1473 3143 ἀνθρώπων
1495 3071 1543 3125 oi
1565 3069 1761 3143 δαίμο-

1936 3068 1993 3125 Si
2038 3078 2244 3125 natura:
2289 3070 2567 3125 hominum
2618 3069 2894 3126 daemones
2921 3070 3067 3125 insiti
3096 3081 3243 3136 sunt,
3300 3070 3369 3126 ab
3399 3085 3464 3125 ea

163 3182 284 3230 νες,
337 3164 596 3219 ἀδύνατον
630 3163 1075 3235 ἀποδιαιρεθῆναι
1121 3165 1343 3229 τούτους
1375 3164 1547 3232 αὐτῆς
1575 3164 1647 3219 δι’
1680 3164 1760 3216 οἱ·

160 3256 453 3327 σισδήπστε
480 3258 727 3328 μηχανῆς
753 3256 884 3328 ἀχρι
934 3257 1143 3320 τέλους.
1207 3255 1289 3310 Τά
1340 3255 1451 3329 γάρ
1503 3254 1760 3326 ἡνωμένα

160 3346 425 3415 φυσικῶς
454 3347 734 3418 ἀδιαίρετα
767 3348 961 3419 μέχρις
997 3348 1065 3402 ἂν
1097 3348 1179 3411 είς
1209 3346 1531 3401 τελευταίαν
1558 3347 1760 3401 ἀνάλυ-

159 3456 259 3492 σιν
291 3440 723 3509 καταντήσωσιν.
772 3440 915 3494 me:
939 3440 1027 3494 διὰ
1066 3440 1274 3511 τρόπου
1320 3439 1467 3503 τινὸς
1522 3438 1760 3493 ἀπελαύ-

158 3546 381 3595 νονται,
428 3531 490 3584 οὐ
519 3531 765 3600 φυσικῶς
830 3533 1069 3603 ἦνωνται
1128 3533 1369 3598 πάντως,
1410 3529 1524 3584 ἀλλ’
1561 3531 1761 3595 ἔξωθεν

154 3622 521 3692 ἐπέρχονται,
544 3623 639 3677 καὶ
669 3623 1156 3691 συνδιατρίϐουσιν.

244 3711 311 3765 Εί
340 3712 427 3766 διὰ
460 3713 560 3781 τὴν
589 3708 899 3781 παράϐασιν
926 3710 1025 3777 τῆς
1059 3709 1285 3779 πρώτης
1335 3707 1556 3777 ἐντολῆς
1602 3724 1760 3761 συνε-

158 3803 429 3875 κλήρωσε
451 3804 516 3873 τῇ
541 3798 614 3870 ιρύ
626 3817 701 3854 σει
726 3798 836 3853 τῶν
868 3799 964 3851 ἀνθ
976 3800 1175 3871 ρώπων
1198 3799 1225 3850 6
1257 3798 1393 3862 Θεὸς
1420 3798 1546 3860 τοὺς
1567 3797 1760 3867 δαίμοο

160 3912 296 3957 νας,
330 3891 429 3946 καὶ
465 3890 783 3960 παρέδωκεν
810 3890 981 3960 αὐτὴν
1016 3889 1336 3960 ύποχειρίαν
1364 3890 1568 3953 αὐτοῖς,
1591 3904 1762 3943 κατα-

154 3986 338 4055 γνόιη
370 3999 452 4045 τις
473 3980 538 4035 ἂν
573 3978 739 4032 αὑτοῦ
785 3979 987 4051 πολλὴν
1032 3981 1290 4051 ὠμότητα
1344 3980 1440 4033 καὶ
1468 3979 1760 4051 ἀπήνειαν,

158 4076 371 4146 πρῶτα
421 4076 521 4144 μὲν
553 4073 616 4126 τὸ
639 4072 986 4145 ἀνθρώπινον
1020 4072 1185 4144 σῶμα
1217 4070 1474 4126 ὲπίνοσον
1507 4072 1603 4125 καὶ
1632 4071 1761 4143 θνη-

157 4170 270 4223 τὲιν
296 4157 805 4228 κατασκευάσαντος
834 4164 923 4219 διὰ
950 4163 1050 4236 τὴν
1089 4163 1392 4236 εἰρημένην
1423 4164 1755 4234 παράϐασιν,

159 4266 371 4317 ἔπειτα
392 4262 449 4316 δὲ
478 4262 570 4315 καὶ
595 4259 973 4332 βασανίζοντος
995 4259 1123 4324 τοὺς
1154 4257 1479 4331 ἀνθρώπους
1537 4259 1627 4314 διά
1659 4260 1759 4331 τῆς

156 4353 489 4426 τυραννίδος
518 4353 626 4406 τῶν
682 4351 950 4422 δαιμόνων
986 4353 1387 4405 ἑπιταττόντων
1418 4351 1603 4415 αὐτοῖς
1657 4351 1757 4415 τὰς

154 4448 555 4522 ψυχοφθόρους
602 4446 897 4516 ἁμαρτίας,
935 4446 1031 4499 καὶ
1067 4444 1371 4499 τελευταῖον
1414 4444 1753 4515 ἀποκληρώ-

162 4557 367 4602 σαντος
398 4542 510 4601 τοῖς
533 4537 727 4591 ἀνίατα
762 4534 1144 4607 πλημμελοῦσι
1172 4536 1235 4590 τὸ
1263 4536 1375 4607 πῦρ
1414 4553 1473 4590 τε
1527 4536 1589 4590 τὸ
1617 4536 1753 4602 ἐξώ-

159 4650 334 4703 τερον
355 4632 414 4685 τὸ
439 4629 842 4700 ἡτοιμασμένον
894 4627 972 4698 τῷ
1006 4626 1261 4696 διαϐόλῳ,
1302 4628 1394 4681 καὶ
1434 4628 1547 4691 τοῖς
1589 4628 1757 4696 ἀγγέ-

155 4729 289 4791 λοις
320 4723 509 4791 αὑτοῦ,
548 4723 643 4777 καὶ
674 4722 772 4786 τὰς
806 4720 971 4785 ἄλλας
1006 4720 1259 4784 αἰωνίους
1286 4719 1557 4783 κολάσεις.
1593 4718 1756 4773 Ἀλλά

162 4822 287 4889 μὴν
314 4814 695 4886 φιλάνθρωπος
721 4815 750 4866 6
784 4812 917 4875 Θεὸς
937 4812 1030 4865 καὶ
1074 4809 1306 4874 δίκαιος⁹
1352 4812 1418 4881 τῇ
1452 4810 1552 4880 μὲν
1578 4827 1757 4882 παρα-

156 4911 330 4964 ϐάσει
360 4911 460 4978 τῆς
512 4906 733 4976 ἐντολῆς
774 4906 871 4960 καὶ
920 4906 986 4977 τῇ
1018 4902 1079 4969 ἐξ
1129 4904 1298 4972 αὐτῆς
1350 4903 1599 4975 ἁμαρτίᾳ
1659 4902 1756 4958 τοῦ

158 5007 525 5080 προπάτορος
550 5008 606 5059 αἱ
640 5005 783 5060 νόσοι
809 5005 901 5058 καὶ
926 5006 954 5058 6
993 5003 1224 5065 θάνατος
1254 4998 1550 5067 ἐπιτίμιον,
1612 4996 1670 5050 ὃν
1721 4996 1756 5066 ἡ

168 5098 496 5170 παράϐασις
548 5096 646 5151 καὶ
702 5098 735 5165 ἡ
788 5096 1033 5167 ἁμαρτία
1074 5092 1466 5166 προεξένησαν,
1524 5087 1619 5143 καὶ
1667 5082 1758 5141 οὗ·

162 5208 265 5256 τος
297 5190 383 5244 διά
412 5189 843 5260 φιλανθρωπίαν,
899 5188 987 5242 ἵνα
1017 5184 1372 5252 διακοπείσης
1425 5181 1528 5251 τῆς
1579 5179 1757 5250 ἁμαρ-

161 5282 320 5343 τίας,
347 5282 419 5351 μὴ
451 5281 715 5334 ἀθάνατον
818 5279 877 5330 τὺ
932 5276 1119 5338 κακὸν,
1174 5275 1249 5335 ώς
1281 5275 1309 5327 6
1338 5271 1601 5339 Θεολόγος
1649 5269 1756 5339 ἔφη

156 5372 499 5443 Γρηγόριοςο
552 5372 607 5424 αἱ
633 5370 690 5423 δὲ
719 5370 974 5424 ἀθάνατοι
1004 5366 1256 5429 κολάσεις
1285 5365 1346 5416 ού
1405 5366 1503 5435 τῆς
1535 5362 1757 5433 πρώτης

156 5461 541 5533 παρασάσεώς
572 5464 710 5516 εἰσιν
749 5461 1047 5530 ἐπιτίμιον,
1111 5456 1246 5510 ἀλλὰ
1269 5456 1377 5509 τῶν
1424 5452 1755 5526 ἡμαρτημέ-

156 5570 285 5613 νων
314 5554 529 5626 ἑκάστῳ
560 5553 671 5607 τῶν
707 5550 1030 5624 ἀνθρώπων,
1064 5549 1184 5621 ἦτοι
1206 5546 1318 5601 τῶν
1339 5546 1448 5600 ἀπὸ
1474 5543 1572 5599 τοῦ
1601 5560 1754 5617 πρω-

244 5738 268 5771 ¹
306 5737 501 5796 latth.
548 5756 624 5808 Ix,
681 5741 773 5796 28.
848 5742 870 5776 ⁹
924 5740 1106 5799 Galat.
1146 5740 1344 5807 ttt.2‘l.

1863 3163 2108 3233 separari
2141 3177 2312 3230 usque
2345 3162 2410 3215 ad
2442 3162 2601 3216 linem
2636 3162 2779 3216 nulla
2814 3163 3023 3217 ratione
3060 3170 3305 3231 possunt.
3331 3160 3462 3229 Quae

1861 3255 2006 3310 enim
2039 3253 2355 3308 naturaliter
2387 3254 2672 3322 conjuncta
2724 3264 2872 3318 sunt,
2901 3253 3114 3323 sejuugi
3175 3264 3465 3323 nequeunt,

1861 3345 2039 3417 quoad
2062 3348 2115 3399 in
2133 3354 2430 3401 extremam
2458 3345 2840 3401 resolutionem
2866 3345 3198 3414 redigantur.
3216 3344 3398 3414 Itaque
3418 3343 3464 3398 si

1864 3438 2075 3492 ratione
2095 3436 2274 3505 aliqua
2303 3438 2673 3507 expelluntur,
2718 3439 3037 3493 naturaliter
3062 3435 3304 3505 profecto
3333 3451 3464 3490 con-

1858 3528 2026 3593 juncti
2065 3542 2169 3580 non
2196 3536 2342 3590 sunt,
2369 3527 2463 3580 sed
2495 3528 2837 3581 extrinsecus
2878 3527 3142 3583 accedunt
3170 3536 3226 3581 et
3255 3526 3467 3582 inhabi-

1859 3623 1998 3669 tant.
2138 3616 2141 3619 ’

1937 3704 1995 3758 Si
2024 3715 2242 3774 propter
2292 3704 2450 3775 primi
2510 3708 2764 3777 praesepti
2804 3710 3285 3780 transgressionem
3323 3712 3465 3769 Deus

1864 3804 2073 3851 natura;
2118 3796 2398 3851 hominum
2444 3797 2723 3854 daemonas
2770 3800 3037 3868 adjunxit,
3070 3816 3301 3872 eamque
3360 3805 3466 3861 illis

1862 3889 2115 3958 subjecit,
2142 3904 2349 3960 magnae
2376 3890 2494 3959 quis
2516 3890 2689 3960 ipsum
2714 3893 3047 3950 crudelitatis
3070 3902 3126 3951 et
3153 3894 3462 3951 immanitao

1864 3978 1933 4035 tis
1950 3994 2054 4035 non
2078 3980 2311 4048 iucuset,
2334 3982 2424 4051 qui
2449 3995 2557 4036 non
2579 3990 2864 4040 contentus
2890 3985 2960 4041 ob
2990 3984 3135 4040 illam
3164 3995 3463 4057 transgres-

1860 4072 2068 4128 sionem
2087 4087 2282 4141 corpus
2310 4073 2604 4128 humanum
2627 4074 2831 4131 morbis
2880 4078 3149 4147 mortique
3173 4078 3464 4147 subjicere,

1863 4169 2167 4224 dannonum
2186 4164 2461 4220 dominatu
2490 4166 2743 4222 mortales
2769 4171 3123 4239 oppresserit,
3150 4170 3241 4241 qui
3267 4180 3462 4241 cogant

1864 4275 1956 4317 eos
1974 4259 2231 4332 peccatis,
2255 4258 2451 4327 quibus
2483 4273 2628 4313 mors
2652 4260 2847 4316 animae
2867 4261 3148 4333 inﬂigitur,
3175 4262 3459 4327 inservire,

1862 4367 1920 4412 ut
1968 4371 2063 4412 eos
2120 4354 2353 4425 denique
2409 4354 2501 4425 qui
2555 4354 2782 4412 uelariis
2838 4356 3135 4412 sceleribus
3214 4357 3460 4413 obstricti

1863 4446 2085 4513 fuerint,
2137 4445 2241 4516 igni
2281 4445 2563 4512 exteriori,
2610 4447 2703 4513 qui
2751 4457 2973 4516 paratus
3003 4459 3085 4504 est
3134 4450 3350 4505 diabolo
3405 4459 3460 4504 et

1857 4537 2061 4608 angelis
2114 4538 2251 4603 ejus,
2287 4536 2517 4607 aliisque
2545 4537 2826 4608 suppliciis
2856 4539 3127 4594 addixerit
3176 4540 3461 4608 sempiter-

1860 4630 1966 4685 nis.
1996 4630 2157 4699 Atqui
2190 4627 2458 4699 benignus
2479 4639 2564 4685 est
2602 4617 2763 4698 Deus;
2787 4640 2842 4686 et
2869 4629 3069 4700 justus.
3103 4629 3288 4700 Itaque
3318 4645 3457 4699 pra:-

1857 4720 1997 4790 cepti
2043 4721 2484 4793 transgressioui,
2523 4731 2577 4776 et
2610 4722 2769 4792 primi
2798 4724 3042 4793 parentis
3067 4732 3294 4793 peccato
3326 4737 3456 4792 pro-

1857 4810 2017 4881 positi
2069 4821 2199 4866 sunt
2243 4812 2416 4868 morbi
2450 4820 2507 4869 et
2558 4828 2726 4882 mors,
2784 4830 2944 4884 quam
2994 4813 3353 4883 transgressio
3406 4820 3459 4869 et

1856 4912 2139 4974 peccatum
2198 4905 2583 4961 conciliaruut.
2637 4907 2770 4972 Quae
2809 4908 3025 4977 quidem
3078 4923 3225 4963 mors
3254 4908 3460 4963 indica!

1855 4996 1975 5067 ejus
1994 4995 2404 5067 benignitatem,
2430 5007 2511 5053 est
2525 4999 2668 5053 enim
2690 5014 2851 5055 causa
2877 5010 2933 5053 ut
2950 5001 3248 5069 interrupto
3265 5015 3458 5070 pecca-

1859 5097 1914 5144 to
1934 5089 2131 5144 malum
2158 5100 2473 5160 perpetuum
2501 5108 2608 5147 non
2641 5094 2733 5159 sit,
2759 5104 2813 5148 ut
2838 5094 3128 5161 Gregorius
3149 5093 3455 5163 Theologus

1856 5179 1950 5234 ait.
1979 5177 2253 5250 Supplicia
2290 5190 2469 5237 autem
2493 5192 2693 5239 aeterna
2730 5199 2835 5239 non
2860 5186 3046 5255 prima:
3069 5185 3455 5256 transgressio-

1857 5272 1911 5324 ni
1952 5269 2229 5339 proposita
2275 5280 2420 5337 sunt,
2475 5275 2570 5327 sed
2604 5275 2829 5345 singulis
2875 5275 3201 5339 hominibus,
3276 5277 3454 5346 quise

1857 5361 2094 5432 peccatis
2118 5360 2485 5433 obstringunt,
2522 5365 2634 5421 sive
2670 5369 2759 5437 qui
2802 5370 2913 5438 jam
2939 5368 3063 5423 inde
3093 5383 3121 5421 a
3155 5368 3328 5438 primo
3350 5381 3448 5438 pa-

1859 5462 2013 5508 rente
2042 5467 2213 5522 usque
2238 5455 2304 5509 ad
2334 5456 2519 5511 mundi
2538 5461 3054 5515 consummationem
3090 5460 3291 5515 nullam
3321 5475 3453 5531 pec-

1857 5545 1995 5604 catis
2048 5547 2409 5603 curationem
2446 5548 2833 5608 adhibuerunt.
2900 5552 3209 5610 Dacmonum
3264 5560 3449 5608 autem
