4012 6216
325 368 466 443 1289

1226 381 1601 444 PANOPLIA
1648 384 2112 446 DOGMATICA.
2150 410 2220 421 --
2253 386 2402 447 ΤΙΤ.
2442 386 2690 449 XXVII.
2790 420 2793 421 ν

3450 354 3597 462 ἰεοθ

319 488 625 548 εὐπάθειαν
654 487 915 559 ὁρῶντες,
941 488 1035 544 καὶ
1066 488 1279 562 τρυφὴν
1312 492 1526 556 ἑαυτοῖς
1551 494 1904 564 παρασκευά-

2011 494 2209 553 sulitis.
2246 495 2530 564 Quomodo
2561 498 2730 564 enim,
2757 509 2851 554 aut
2888 501 3032 554 unde
3058 514 3157 559 vos
3194 517 3460 573 pauperes
3480 506 3598 575 spi-

317 580 526 644 ζοντες.
568 579 694 642 Πῶς
730 580 875 650 γὰρ,
913 579 948 652 ἢ
987 580 1152 634 πόθεν
1186 581 1346 651 ὑμεῖς
1375 585 1582 654 πτωχοὶ
1619 585 1823 656 μᾶλλον
1852 587 1909 639 ἐν

2009 587 2136 654 ritu,
2166 589 2256 657 qui
2278 587 2338 669 in
2360 589 2651 671 virtutibus
2691 591 2872 661 potius
2896 592 3104 661 inopes
3138 593 3291 658 estis,
3326 591 3461 656 Elin
3483 612 3600 651 οιιιο
3635 610 3649 635 ι

314 668 541 737 ἀρεταῖς
592 665 779 734 ὄντες,
831 673 925 723 καὶ
975 668 1330 735 πλουτοῦντες
1382 672 1443 726 ἐν
1498 674 1636 728 πᾶσι
1681 677 1906 744 κακοῖς;

2009 680 2171 736 nibus
2232 681 2380 736 vitiis
2433 684 2762 755 abundans}
2792 682 3351 744 Malaenitn'arbor
3389 688 3599 745 fructus

318 756 537 828 Σαπρδν
565 757 677 831 γάρ
716 758 937 831 δένδρον
968 760 1031 814 οὐ
1080 764 1227 815 ποιεῖ
1257 764 1508 835 καρποὺς
1554 766 1784 831 καλοὺς,
1817 770 1911 822 καὶ

2012 772 2180 827 bonos
2211 788 2317 827 non
2357 773 2508 841 facit,
2545 770 2599 831 et
2630 777 2721 847 qui
2741 793 2919 853 prave
2944 778 3224 837 institutus
3258 791 3336 837 est
3378 783 3598 839 virtutis

318 848 613 916 κακόδοξος
647 849 709 902 οὐ
751 850 977 905 δύναται
1020 857 1392 925 καρποφορεῖν
1422 857 1646 928 ἀρετήν.
1688 858 1911 929 Πτωχὸς

2011 862 2247 917 fructum
2279 864 2423 920 ferre
2445 848 2811 939 non'potesl.’
2836 850 3164 938 Pauper-est
3196 872 3411 943 spiritu,
3445 874 3597 945 quis-

315 939 375 993 δέ
406 939 483 1012 τῷ
512 940 786 1009 πνεύματι
828 943 937 1007 πᾶς
970 944 998 997 ό
1030 943 1120 998 διὰ
1153 945 1287 1000 Θεὸν
1328 947 1605 1012 ταπεινός.
1658 950 1749 1004 Δεῖ
1793 953 1901 1023 γὰρ

317 1031 612 1086 πιστεῦσαι
643 1032 863 1103 πρῶτον
885 1075 901 1101 ,
931 1033 1056 1091 είτα
1083 1036 1194 1092 τῶν
1222 1038 1432 1109 ἀρετῶν
1459 1039 1828 1111 ἀπάρξασθαι.

2008 956 2132 1026 quis
2183 968 2405 1026 propter
2434 958 2601 1014 Deum
2634 961 2883 1017 humilis
2913 971 3029 1017 est;
3068 963 3357 1022 lluntilitas
3389 974 3595 1028 autem
3670 1010 3675 1019 ,
3734 1023 3743 1031 ,

2009 1047 2287 1118 animique
2311 1050 2602 1107 submissio
2625 1052 2884 1109 virtutum
2907 1065 2992 1110 est
3019 1054 3463 1114 fundamentum:
3492 1071 3597 1113 nec

320 1124 454 1185 illud
525 1126 818 1182 obscurum
853 1139 960 1198 est,
994 1131 1204 1186 fidelem
1268 1146 1389 1187 esse
1416 1135 1507 1203 qui
1568 1144 1790 1204 propter
1818 1135 1988 1193 Deum
2027 1139 2246 1209 humilis
2277 1152 2383 1199 est.
2416 1134 2654 1201 Primum
2685 1146 2829 1202 enim
2859 1155 3071 1217 oportet
3103 1147 3348 1219 credere,
3401 1147 3595 1205 deinde

321 1218 552 1276 virtutes
579 1222 781 1280 colere.

389 1310 595 1364 Λύουσι
647 1311 738 1365 τὸν
789 1313 968 1385 γάμον
997 1314 1176 1369 καίτοι
1222 1315 1318 1371 τοῦ
1371 1318 1578 1390 Κυρίου
1616 1319 1904 1390 λέγοντος,

316 1401 399 1455 ὅτι
417 1404 476 1455 Ἀ
499 1404 531 1456 ὁ
561 1403 707 1469 θεός
732 1404 1119 1471 συνέζευξεν,
1147 1406 1461 1477 ἅνθρωπος
1478 1410 1566 1480 μὴ
1592 1411 1905 1481 χωριζέτω,

317 1497 415 1548 καὶ⁹
454 1495 547 1549 τὸν
590 1497 648 1549 ἐν
694 1497 852 1568 Κανᾷ
881 1500 1060 1567 γάμον
1091 1502 1158 1571 τῇ
1208 1501 1485 1572 παρουσίᾳ
1528 1504 1902 1573 τιμήσαντος,

204 1606 218 1615 ο
316 1586 413 1635 καὶ
471 1583 567 1635 τοῦ
621 1585 896 1657 μακαρίου
959 1586 1173 1640 Παύλου
1225 1587 1564 1658 γράφοντος,
1627 1591 1822 1661 Τίμιος
1872 1595 1905 1645 ό

313 1672 529 1743 γάμος,
561 1674 661 1727 καὶ
690 1675 728 1742 ἠ
753 1676 926 1743 κοίτη
949 1676 1264 1746 ἀμίαντος.
1299 1678 1596 1734 Κάνταῦθα
1624 1680 1903 1753 προδήλως

2073 1324 2302 1397 Nuptias
2321 1312 2657 1401 'dissolvunt,
2682 1312 3217 1403 qua’mttis‘Domtnus
3241 1328 3386 1393 dicat
3412 1353 3428 1391 :
3460 1312 3592 1404 Qute

2009 1418 2144 1474 Deus
2166 1420 2466 1491 conjunxit,
2500 1424 2654 1479 homo
2693 1442 2798 1480 non
2824 1430 3062 1497 separe“
3086 1426 3103 1497 ’-,'
3130 1437 3180 1483 et
3228 1429 3280 1482 iu
3318 1428 3592 1498 ϐοηδρο-

2004 1510 2156 1567 lilmte
2207 1513 2492 1581 praesentia
2538 1529 2669 1597 suaq
2692 1514 2907 1585 nuptias
2950 1517 3348 1597 huttorarityet
3398 1518 3591 1580 beatus

2002 1602 2297 1671 Apostolus
2322 1603 2470 1673 dicat
2501 1590 2891 1662 :Wer'iembiles
2909 1610 3125 1675 nuptiw,
3153 1618 3201 1663 ει
3226 1590 3375 1665 torus
3394 1602 3593 1675 imma-

2006 1694 2217 1771 culatus
2246 1697 2290 1750 ².
2350 1696 2416 1753 Ει
2436 1697 2538 1752 hic
2565 1707 2755 1767 aperte
2785 1706 2896 1752 tum
2938 1698 3155 1765 Christo
3187 1706 3301 1751 tum
3324 1697 3589 1767 apostolis

313 1763 689 1817 ἐναντιοῦνται
718 1764 799 1835 τῷ
829 1783 888 1819 τε
918 1767 1142 1838 Χριστῷ
1186 1770 1281 1822 καὶ
1310 1771 1423 1834 τοῖς
1462 1771 1783 1837 ἀποστόλοις
1802 1813 1818 1840 ,
1849 1772 1899 1825 οἳ

2005 1763 2363 1844 adversantur
2391 1791 2483 1859 qui
2517 1763 2730 1860 nuptias
2767 1791 3071 1846 maledictis
3112 1763 3376 1876 alliciunt
3406 1776 3592 1859 etde:

309 1858 426 1919 τοῖς
460 1855 912 1927 βδελυσσομένοις
940 1860 1032 1912 τὸν
1058 1860 1237 1929 γάμον
1269 1861 1620 1933 ἐπιτιμῶσιν.

399 1948 789 2018 Ἐπιτρέπουσι
849 1951 966 2013 τοῖς
1029 1950 1375 2021 βουλομένοις
1446 1953 1778 2005 ἀποκόπτειν
1828 1952 1897 2005 τὰ

306 2040 607 2109 παιδογόνα
667 2039 836 2110 μόρια
864 2079 880 2105 ,
939 2042 1038 2094 καὶ
1094 2043 1537 2114 παραχαράττειν
1595 2041 1738 2096 οὕτω
1798 2042 1897 2114 τὴν

307 2131 477 2200 φύσιν
503 2171 519 2195 ,
578 2130 675 2185 καὶ
723 2132 1167 2204 ἀκρωτηριάζειν
1195 2133 1303 2187 τῶν
1333 2135 1428 2187 ἐπὶ
1482 2133 1589 2203 γῆς
1635 2132 1729 2187 τοῦ
1759 2131 1895 2187 Θεοῦ

307 2222 634 2292 κτισμάτων
674 2222 736 2276 τὸ
778 2222 1116 2293 τιμιώτατον
1137 2265 1153 2292 ,
1184 2224 1328 2293 λέγω
1354 2210 1419 2295 δὴ
1452 2223 1543 2277 τὸν
1574 2224 1860 2295 ἄνθρωπον
1880 2265 1897 2293 ,

302 2311 373 2365 ὃν
405 2315 560 2383 παρά
597 2313 693 2367 τοῦ
756 2312 894 2367 Θεοῦ
923 2314 1131 2368 τέλειον
1161 2316 1252 2391 καὶ
1289 2314 1453 2387 καλὸν
1489 2314 1796 2370 πλασθέντα
1822 2315 1898 2380 ὡς

303 2405 480 2475 ἀτελῆ
512 2407 766 2470 πάντως,
811 2404 847 2474 ἢ
879 2404 958 2476 μὴ
996 2404 1179 2467 καλῶς
1217 2404 1605 2476 πεπλασμένον
1650 2406 1895 2478 ἐπιδιορ-

306 2495 534 2549 θοῦνται
556 2535 572 2563 ,
609 2496 706 2550 καὶ
743 2497 1163 2567 ἀπαρτίζουσιν,
1187 2496 1262 2561 ῶς
1287 2496 1473 2560 αὐτοῖς
1513 2497 1682 2551 δοκεῖ.
1725 2494 1804 2569 Τῇ
1838 2497 1897 2552 δέ

304 2587 543 2659 ἀληθείᾳ
602 2587 876 2660 πηροῦσι,
928 2590 1025 2643 καὶ
1078 2588 1272 2658 ἄγονον
1338 2589 1432 2643 καὶ
1476 2589 1747 2659 ἄκαρπον,
1774 2589 1897 2644 ὅσον

305 2680 460 2735 κατᾶ
491 2681 591 2752 τὴν
628 2680 727 2734 τοῦ
761 2681 1014 2752 σώματος
1044 2676 1231 2752 φύσιν,
1260 2680 1689 2751 ἀπεργάζονται,
1719 2680 1898 2734 καίτοι

302 2773 427 2824 τῶν
456 2772 616 2827 θείων
645 2776 965 2829 ἀποστόλων
1000 2774 1211 2845 Πέτρου
1246 2773 1340 2828 καὶ
1391 2773 1604 2828 Παύλου
1633 2774 1733 2841 τὴν
1763 2774 1899 2827 ἀπο-

303 2864 492 2934 κοπὴν
527 2862 636 2919 τῶν
663 2864 975 2935 εἰρημένων
1011 2862 1218 2935 μορίων
1251 2864 1671 2935 ἀποτρεπόντων
1699 2863 1756 2916 ἐν
1787 2865 1896 2926 τοῖς

304 2961 536 3010 κανόσιν
579 2955 761 3009 αὐτῶν
783 2994 799 3020 ,
829 2955 919 3009 ἶνα
956 2957 1083 3020 τοὺς
1117 2954 1310 3020 ἄλλους
1342 2954 1595 3026 Πατέρας
1621 2953 1898 3024 ἐάσωμεν,

303 3049 413 3102 καὶ
444 3049 572 3111 τοὺς
599 3048 920 3118 νομοθέτας,
955 3049 1069 3102 ὅσοι
1097 3048 1195 3103 καὶ
1222 3046 1462 3119 φοϐεράν
1485 3047 1754 3118 τιμωρίαν
1784 3039 1898 3109 τοῖς

301 3139 588 3210 τολμῶσιν
618 3138 956 3211 εὐνουχίζειν
985 3139 1282 3212 ὡρίσαντο.

404 3232 722 3304 ’ὓμνύουσιν
776 3231 949 3296 ἀδεῶς
977 3272 994 3298 ,
1042 3232 1137 3286 καὶ
1179 3232 1533 3304 ἐπιορκοῦσι,
1581 3233 1673 3286 καλ⁸
1722 3229 1898 3286 ταῦτα

298 3323 410 3379 τοῦ
455 3324 660 3393 Κυρίου
703 3322 865 3394 ἡμῶν
920 3323 1098 3394 ἰησοῦ
1144 3322 1385 3396 Χριστοῦ
1439 3322 1785 3387 κωλύσαντος
1834 3322 1895 3376 οὐ

303 3416 481 3487 μόνον
524 3416 626 3487 τὴν
677 3416 991 3488 ἐπιορκίαν,
1041 3416 1180 3472 ἀλλά
1226 3417 1321 3471 καὶ
1367 3417 1427 3470 τὸ
1478 3416 1614 3477 ὅλως
1650 3416 1891 3488 ὀμνύειν.

303 3509 451 3562 "Uss
480 3507 537 3562 δὲ
566 3509 938 3579 κρατηθῶσιν,
966 3509 1043 3573 ῶς
1077 3508 1367 3579 αίρετικοὶ,
1396 3507 1519 3559 τότε
1545 3504 1639 3560 καὶ
1660 3506 1758 3578 τὴν
1787 3506 1896 3557 τῶν

297 3599 688 3655 Μασαλιανῶν
715 3601 901 3654 πίστιν
925 3599 1254 3669 ἀρνοῦνται,
1289 3596 1384 3649 καὶ
1415 3595 1892 3665 ἀναθεματίζουσι,

297 3695 407 3746 καὶ
436 3695 536 3765 τὴν
574 3694 805 3762 ἄρνησιν
834 3692 1017 3762 ὅρκοις
1043 3688 1324 3759 βεϐαιοῦσι
1370 3688 1641 3759 φρικτοῖς,
1660 3685 1893 3756 οἰόμενοι

299 3785 561 3857 μηδόλως
592 3784 933 3854 ἁμαρτάνειν
967 3781 1056 3835 διὰ
1097 3781 1198 3851 τὴν
1228 3779 1586 3849 ἐπικειμένην
1624 3775 1892 3846 ἀνάγκην,

297 3881 409 3932 καὶ
443 3877 536 3931 τὸν
569 3877 738 3945 φόϐον
770 3875 880 3930 τῶν
920 3873 1325 3945 κατασχόντων.
1353 3872 1465 3927 Καὶ
1494 3869 1632 3924 ἄλλα
1677 3868 1736 3923 δέ
1774 3885 1895 3922 τινα

302 3969 703 4042 μυθολογοῦσιν
731 3966 927 4035 ἀνάξια
962 3969 1226 4041 μνήμης,
1280 3965 1358 4039 μὴ
1403 3966 1488 4018 ὅτι
1516 3979 1580 4033 γε
1631 3962 1905 4034 tivum?

301 4080 450 4126 σεως
476 4063 566 4118 διά
599 4062 660 4117 τὸ
688 4062 1095 4132 εὐανάτρεπτον
1124 4056 1307 4114 αὐτῶν
1353 4057 1453 4113 καὶ
1504 4054 1890 4124 αύτέλεγκτον.

899 4197 1153 4251 ΤΙΤΔΟΣ
1188 4195 1317 4250 ΚΖ’.

298 4289 471 4370 Κατᾴ
506 4291 877 4370 Βογοιιμων.
913 4291 1109 4370 Βόποτ
1278 4287 1390 4370 γὰρ
1444 4285 1652 4370 ἠ-εῷν
1697 4288 1892 4370 33v}:

378 4356 876 4431 γάρων’τᾷιῶσσα
920 4356 1101 4414 καλεῖ
1126 4356 1235 4414 τὸν
1270 4356 1442 4423 Θεὸν,
1489 4358 1686 4417 Μίλον
1711 4356 1782 4409 δὲ
1820 4356 1890 4410 τὸ

380 4431 666 4498 ἐλέησον.
694 4432 802 4498 Είη
849 4430 910 4500 ,δ’
948 4430 1026 4485 ἂν
1068 4430 1403 4500 Βοῃόμιλος
1442 4427 1572 4484 κατ’
1604 4426 1831 4492 αὐτοὺς
1856 4427 1890 4481 ό

378 4502 487 4554 τοῦ
521 4501 671 4556 Θεοῦ
699 4501 809 4555 τὸν
836 4499 1018 4554 ἔλεον
1041 4499 1480 4568 ἐπισπώμενος.

393 4613 460 4666 Ἦ
483 4613 590 4666 τῶν
622 4612 938 4684 Βογομίλων
967 4615 1179 4684 αἵρεσις
1203 4612 1265 4665 οὐ
1297 4611 1404 4683 πρὸ
1428 4609 1625 4665 πολλοῦ
1657 4610 1887 4682 συνέστη

296 4706 408 4775 τῆς
438 4705 561 4758 καθ’
592 4707 741 4776 ἡμᾶς
779 4707 974 4774 γενεᾶς
995 4745 1012 4770 ,
1045 4704 1213 4776 μέρος
1241 4703 1379 4759 οῦσα
1417 4705 1520 4775 τῆς
1564 4704 1674 4759 τῶν
1702 4703 1893 4758 Μασα-

296 4797 510 4850 λιανῶν
534 4834 550 4861 ,
586 4797 684 4850 καὶ
738 4796 1132 4867 συμφερομένη
1178 4794 1248 4849 τά
1290 4793 1462 4848 πολλά
1502 4795 1614 4859 τοῖς
1664 4793 1891 4849 ἐκείνων

295 4888 563 4957 δόγμασι,
595 4891 718 4941 τινὰ
746 4886 804 4939 δὲ
831 4888 927 4940 καὶ
955 4884 1421 4956 προσεξευροῦσα,
1450 4884 1679 4952 καὶοτὴν
1707 4882 1887 4954 λύμην

298 4979 613 5049 αὐξήσασα.
642 4977 955 5046 Διεγνὼσθη
980 4977 1037 5029 δέ
1068 4976 1361 5038 κατὰ.τοὺς
1384 4976 1610 5045 χρόνους
1648 4966 1886 5038 Ἀλεξίου

295 5073 402 5127 τοῦ
433 5072 861 5143 θεοκυὸερνήτου
895 5068 1160 5142 βασιλέως
1187 5069 1367 5141 ήμῶν,
1401 5069 1459 5131 ὃς
1489 5068 1759 5138 εὐτέχνως
1794 5065 1888 5119 καὶ

300 5166 451 5220 πάνυ
485 5164 804 5235 θαυμασίως
832 5163 924 5216 τὸν
946 5161 1173 5233 ἔξαρχον
1195 5160 1365 5232 αὐτῆς
1398 5158 1694 5231 θηρεύσας
1726 5157 1891 5212 Βασί-

298 5259 448 5321 λειος
476 5252 544 5328 ἦν
577 5249 731 5319 οὗτος
768 5258 798 5308 ό
846 5256 1029 5326 ἰατρὸς
1050 5292 1065 5319 ,
1097 5252 1237 5324 ἀνὴρ
1265 5253 1507 5323 ὀλέθριος
1539 5250 1765 5323 μᾶλλον,
1797 5250 1891 5303 καὶ

299 5354 528 5421 λοιμὸς,
565 5351 660 5405 καλ⁸
705 5350 914 5421 φθορᾶς
961 5351 1190 5418 μεστὸς,
1230 5349 1322 5400 καὶ
1360 5346 1539 5415 πάσης
1569 5347 1771 5409 κακίας
1794 5344 1888 5414 ὅρ-

300 5458 472 5508 γανον
495 5456 509 5472 °
562 5441 659 5493 καὶ
709 5441 846 5509 πρὸς
881 5437 1074 5492 ἑαυτὸν
1122 5434 1484 5507 μεταγαγὼν,
1519 5435 1615 5488 καὶ
1648 5435 1884 5503 ἐντίμως

292 5532 705 5602 ,ὑποδεξάμενος
728 5571 743 5597 ,
789 5534 883 5585 καὶ
913 5530 1012 5598 τῆς
1041 5527 1176 5599 παρ’
1206 5527 1386 5598 ἐαυτῷ
1414 5527 1685 5597 καθέδρας
1722 5524 1886 5590 άξιὼ-

304 5642 428 5691 σας,
456 5626 551 5679 καὶ
584 5626 742 5695 λόγου
775 5625 1040 5694 μεταδοὺς
1074 5623 1248 5694 ἡδέος,
1294 5625 1387 5676 κα)⁵
1425 5618 1734 5692 προσηνοῦς
1764 5620 1885 5688 ὁμι-

383 5811 401 5842 ⁸
426 5809 615 5869 Matth.
641 5824 754 5871 ιιι.
773 5807 829 5861 6.
906 5807 927 5837 ¹
970 5806 1137 5862 Hebr.
1166 5820 1287 5867 xm.
1324 5806 1378 5857 4.
1457 5805 1477 5837 ³
1498 5802 1690 5859 Matth.
1713 5817 1766 5866 ν,
1784 5799 1875 5854 54.

623 5909 897 5971 ΡΑτιιοι.
945 5905 1064 5966 Gtt.
1110 5902 1363 5967 CXXX.

1912 4535 1981 4596 Β.

2005 1886 2143 1934 testa
2150 1894 2181 1933 ιι
2190 1888 2243 1933 ιιι
2253 1894 2298 1933 l‘.
3040 1886 3077 1908 1"

2071 1968 2425 2032 Permittunt,
2452 1979 2509 2023 ut
2554 1972 2644 2038 qui
2678 1970 2883 2037 volunt,
2913 1980 3097 2041 partes
3116 1964 3365 2049 corporis
3415 1976 3589 2030 susci-
3671 1979 3674 1982 ’

1999 2057 2212 2128 pieudis
2268 2058 2452 2114 liberis
2504 2063 2842 2116 necessarias
2880 2071 3182 2132 amputent,
3219 2074 3406 2134 eaque
3459 2075 3587 2119 nota

1998 2156 2251 2204 naturam
2283 2148 2539 2215 alliciant,
2568 2151 2952 2221 hominemque
2980 2152 3123 2209 inter
3144 2160 3242 2208 res
3269 2168 3299 2208 a
3324 2154 3434 2210 Deo
3463 2167 3588 2224 pro-

2000 2248 2213 2295 creatas
2234 2241 2744 2309 praestantissimum
2773 2242 3044 2310 mutilent,
3070 2255 3582 2316 eumque,tanquam

2000 2331 2349 2403 imperfectus
2374 2334 2598 2389 omnino
2627 2334 2720 2399 sit,
2756 2345 2850 2390 aut
2901 2335 3039 2390 male
3088 2322 3378 2400 formatus,
3423 2353 3584 2408 quem

1999 2429 2181 2476 tamen
2219 2421 2306 2477 ille
2338 2421 2634 2492 perfectum
2665 2433 2720 2480 et
2755 2426 2953 2481 bonum
3008 2426 3160 2492 fecit,
3212 2416 3490 2499 corrigunt
3529 2439 3587 2486 et

1998 2514 2309 2578 emendem,
2347 2525 2407 2569 ut
2435 2515 2535 2586 ipsi
2560 2527 2770 2585 putant.
2805 2516 2975 2585 Quem
3024 2528 3204 2575 tamen
3256 2534 3444 2575 revera
3462 2536 3582 2578 mtt-

2000 2605 2181 2672 tilant,
2213 2606 2672 2678 infecundumque
2717 2621 2772 2665 et
2799 2609 2868 2664 ad
2903 2613 3295 2680 procreandum
3337 2614 3581 2675 inutilem

2001 2699 2254 2755 reddunt.
2286 2700 2447 2769 Atqui
2482 2701 2593 2755 divi
2638 2703 2867 2772 apostoli
2901 2702 3096 2759 Petrus
3133 2716 3188 2759 et
3210 2706 3413 2773 Paulus
3433 2707 3581 2776 ejus.-

2000 2788 2143 2843 modi
2173 2791 2416 2845 membra
2437 2792 2552 2848 suis
2577 2793 2630 2847 in
2656 2794 2958 2862 canonibus
2980 2796 3266 2866 prohibent
3283 2801 3580 2867 atnputari,

2002 2889 2061 2933 ut
2084 2879 2220 2936 alios
2248 2879 2438 2937 Patres
2497 2895 2887 2952 praetereamus
2938 2894 2993 2942 et
3042 2887 3450 2957 legumlatores,
3486 2892 3579 2961 qui

2001 2969 2054 3024 id
2076 2970 2257 3028 facere
2304 2973 2568 3031 audentes
2627 2976 2966 3047 gravissimis
3004 2978 3238 3035 multant
3272 2981 3576 3051 suppliciis.

2066 3242 2262 3301 Jurant
2329 3254 2385 3301 et
2452 3250 2699 3317 pejerant
2754 3247 2875 3305 sine
2945 3249 3053 3305 ullo
3102 3258 3273 3316 metu,
3333 3266 3580 3322 quamvis

1996 3332 2256 3389 Dominus
2284 3342 2470 3390 noster
2497 3334 2653 3392 Jesus
2685 3335 2938 3394 Christus
2983 3349 3149 3406 vetet,
3180 3356 3289 3396 non
3316 3341 3492 3397 solum
3513 3358 3580 3398 ne

1996 3424 2321 3496 pejeremus,
2381 3428 2477 3480 sed
2508 3428 2670 3483 etiam
2704 3444 2771 3483 ne
2794 3428 3039 3498 iuremus
3066 3431 3285 3486 omnino
3325 3433 3367 3488 ⁸.
3423 3432 3579 3500 Quod

1994 3514 2042 3567 si
2072 3523 2157 3578 χιιι
2186 3515 2426 3569 haeretici
2480 3527 2868 3584 coarguuntur,
2911 3529 3041 3573 tunc
3078 3531 3131 3576 et
3158 3520 3576 3577 Masalianorum

1996 3603 2156 3658 [idem
2210 3607 2484 3676 abnegant
2538 3617 2593 3661 et
2631 3608 2989 3675 detestantur,
3051 3611 3576 3685 abnegationemque

1991 3691 2342 3762 jurejurando
2375 3695 2717 3759 confirmant,
2764 3711 2931 3767 seque
2965 3697 3111 3755 nullo
3160 3701 3320 3755 modo
3351 3718 3576 3772 peccare

1994 3793 2204 3851 putant,
2241 3784 2386 3854 quod
2434 3787 2761 3842 necessitate
2802 3785 2976 3843 coacti
3025 3789 3137 3845 sint
3184 3799 3238 3843 et
3267 3793 3572 3860 cogentium

1994 3882 2165 3927 metu.
2215 3872 2364 3927 Alias
2404 3884 2664 3942 praterea
2695 3891 2866 3947 nugas
2929 3878 3244 3948 conﬁngunt
3297 3895 3419 3949 quae
3464 3890 3572 3937 tam

1994 3963 2152 4018 facile
2191 3952 2458 4020 confutari
2521 3968 2801 4036 evertique
2839 3979 3089 4039 possunt,
3148 3982 3207 4026 ut
3244 3985 3337 4026 eas
3396 3972 3574 4041 pigeat

1992 4070 2110 4112 00m
2119 4072 2355 4113 memora
2364 4073 2441 4114 re.

2496 4188 2799 4249 TITULUS
2837 4193 3047 4253 XXV".

1992 4284 2258 4360 Aduersus
2323 4284 2719 4360 ζτέοέιοηιὶίιιεη(⁸
2748 4285 2859 4356 Bug
2897 4306 2954 4360 su
2984 4297 3159 4343 autem
3214 4288 3569 4360 Bulgarorum

2061 4356 2250 4426 lingua,
2275 4374 2293 4407 ι
2317 4357 2480 4426 Deum
2504 4374 2521 4406 ι
2545 4356 2864 4425 signiﬁcatu
2884 4358 3055 4412 Milvit
3084 4356 3565 4424 vero,¢miserere.s

2063 4434 2119 4479 ιιι
2140 4423 2518 4498 ἰηΒοροηιὶίιιε
2560 4423 2753 4495 {apud
2815 4443 2903 4481 eos
2924 4429 2968 4483 is
2999 4429 3065 4484 sit
3108 4430 3200 4498 qui
3245 4429 3339 4483 Dei
3365 4433 3572 4485 miseri-

2064 4497 2296 4549 cordiam
2318 4496 2587 4564 implorat.

2062 4608 2458 4681 Bogomilorum
2491 4609 2718 4664 haeresis
2761 4610 2904 4665 haud
2947 4610 3119 4665 multo
3168 4621 3294 4664 ante
3335 4610 3566 4675 exstitit,

1985 4712 2143 4758 aetate
2178 4711 2383 4765 nostra,
2430 4699 2957 4770 Masalianorutuque
2986 4716 3110 4770 pars
3134 4700 3251 4763 fuit.
3299 4709 3355 4755 et
3382 4702 3569 4755 multis

1988 4795 2041 4850 in
2060 4796 2222 4849 rebus
2266 4793 2523 4850 convenit
2550 4807 2672 4847 cum
2732 4791 2945 4847 illorum
3002 4792 3280 4858 institutis,
3321 4796 3570 4862 quaedam

1987 4895 2169 4941 tamen
2200 4889 2315 4955 ipsa
2345 4901 2560 4956 quoque
2579 4886 2930 4955 excogitavit,
2970 4894 3023 4937 et
3041 4897 3268 4952 'pestcm
3325 4885 3565 4961 adauxit.

1984 4974 2258 5031 Patefacla
2286 4986 2371 5032 est
2399 4984 2581 5030 autem
2631 4974 2823 5030 Alexio
2856 4975 3189 5044 imperatore
3247 4972 3432 5030 uoStro
3484 4992 3572 5031 re-

1985 5079 2205 5140 gnante,
2251 5070 2342 5138 qui
2411 5069 2503 5123 Dei
2536 5068 2755 5121 numine
2803 5069 3155 5138 gnbernatus,
3217 5068 3469 5136 pruden'i
3516 5080 3569 5122 et

1987 5160 2294 5216 admirabili
2328 5159 2538 5215 ratione
2568 5158 2867 5230 principem
2896 5159 3039 5214 illius
3070 5169 3297 5215 venatus
3329 5170 3412 5215 est
3470 5159 3567 5213 llic

1987 5264 2106 5308 erat
2133 5251 2367 5307 Basilius
2411 5251 2630 5322 quidam
2687 5251 2947 5313 medicus.
2981 5251 3142 5305 homo
3202 5254 3564 5321 perniciosus.

1987 5350 2150 5409 atque
2187 5339 2426 5407 pestifer,
2453 5349 2508 5395 et
2533 5339 2854 5410 corruptelae
2879 5341 3094 5409 plenus,
3114 5351 3278 5409 atque
3305 5341 3564 5394 malorum

1987 5432 2225 5486 omnium
2260 5431 2700 5489 instrumentum.
2731 5434 2899 5499 Quem
2937 5433 3231 5501 imperator
3258 5446 3382 5511 cum
3412 5432 3479 5487 ad
3508 5448 3566 5489 se

1988 5525 2327 5589 accersisset,
2384 5523 2787 5593 honorificeque
2842 5524 3193 5603 suscepisset,
3219 5524 3567 5592 assidereque

1989 5616 2230 5679 fecisset,
2274 5614 2516 5684 jucunde
2564 5615 2910 5684 benigneque
2961 5615 3251 5681 allocutus,
3308 5614 3563 5686 dulcique

3049 5886 3128 5956 41
