4022 6224
1957 173 1972 214 i

483 297 612 362 1291
877 356 880 360 ,
989 341 995 346 .
1725 291 2104 352 EUTIIYMII
2151 291 2505 352 ZlGMiiiNi
3638 292 3783 355 13392

477 416 650 486 gmtia
685 430 805 467 cum
838 411 927 465 illo
971 391 1278 478 disputans,
1311 420 1480 474 seque
1507 404 1802 474 prudenter
1825 403 2055 471 discipu-

2166 404 2304 466 λίας,
2349 407 2445 458 καὶ
2483 406 2738 474 γλυκείας
2768 447 2780 470 ,
2824 409 2880 460 ἐν
2916 406 2984 476 τῷ
3010 403 3468 472 προδιαλέγεσθαι
3515 405 3778 475 χάριτος,

477 510 586 562 lum
621 507 884 576 simulans
938 502 1094 556 facile
1148 499 1378 567 decepit,
1423 513 1545 552 cum
1592 495 1702 566 jam
1749 495 1834 548 ille
1872 494 2055 547 multos

2172 498 2262 548 καὶ
2300 499 2536 562 συνετῶς
2569 500 3008 568 ὑποκρινάμενος
3053 497 3146 549 τὸν
3188 495 3586 566 μαθητιῶντα,
3642 499 3786 568 ῥᾷον

476 599 779 668 perniciose
829 590 1515 662 decepisset,f-onmemque
1549 589 1601 642 in
1659 589 1855 657 putridi
1913 600 2066 640 exse-

450 693 778 768 gcrandique
802 688 948 743 senis
977 669 1180 754 arcano
1213 679 1547 745 reconditam
1596 680 1880 738 malitiam,
1921 693 2067 730 men-

305 783 332 800 "
393 799 396 804 '
428 763 431 768 ⁵
477 763 546 836 tis
573 781 820 834 acumine
855 787 907 832 et
934 769 1143 840 natura:
1163 763 1423 846 facilitate
1442 775 1660 838 detexit,
1695 771 2066 826 nihilomnino

480 875 793 944 relinquens
817 873 960 941 quod
988 885 1091 924 non
1134 871 1482 938 investig‘aret
1515 878 1676 935 atque
1712 865 2063 934 perspiceret.

427 977 431 980 ·
480 965 576 1021 llic
607 966 773 1032 igitur
801 961 1231 1024 intenebricuso
1280 958 1624 1027 nugacissimi
1662 955 2064 1025 perniciosique

475 1060 620 1113 senis
649 1045 834 1117 corde,
875 1041 1132 1123 tanquam
1175 1055 1225 1128 in
1263 1052 1471 1106 latebra
1531 1049 1785 1119 quadam,
1822 1048 2064 1102 diversas

367 1163 374 1168 ‘
445 1151 762 1222 _.Varia_sque
787 1148 949 1209 feras,
989 1144 1248 1219 nefarias,
1302 1155 1613 1208 venenatas,
1666 1152 1827 1208 atque
1885 1139 2066 1192 multi-

333 1249 360 1286 .’~
392 1235 396 1240 ’
476 1245 641 1320 plices
668 1243 956 1310 opiniones
985 1240 1290 1301 iatitantes,
1317 1236 1534 1304 ingenio
1573 1231 1943 1302 sapientiaque
1965 1245 2060 1285 sua

447 1332 851 1411 adeprehendit,
879 1333 929 1385 in
970 1342 1324 1406 apertumque
1355 1327 1596 1398 protulit.
1629 1327 1694 1380 Et
1730 1324 2060 1392 tnihijussit,

475 1423 774 1489 utridicula
805 1421 962 1503 istius
1013 1417 1533 1510 lueresis‘mysteria
1581 1417 1846 1486 pateiacta
1900 1423 2062 1483 atque

463 1503 1446 1592 eonvieta-litterarum.monumentis
1476 1508 1809 1618 m'gdarem.

409 1781 436 1834 '7'
521 1785 606 1838 ﬁt.
636 1781 907 1852 Rejiciunt
934 1794 1122 1860 omnes
1148 1779 1312 1832 libros
1338 1775 1627 1837 Mosaicos.
1655 1790 1758 1829 una
1787 1788 1906 1828 cum
1938 1772 2065 1838 Deo,
2099 1766 2141 1824 Β

475 1871 647 1948 quiin
671 1874 815 1949 ipsis
844 1859 1197 1932 memoratur,
1226 1870 1465 1938 virisque
1492 1868 1673 1938 justis,
1707 1868 1797 1934 qui
1828 1877 1953 1919 sunt
1982 1865 2056 1918 illi

476 1961 784 2025 charissimi
814 2003 829 2030 ,
871 1965 1104 2032 reliquos
1142 1963 1268 2015 item
1302 1975 1488 2014 omnes
1516 1960 1607 2028 qui
1643 1972 1825 2027 pcatea
1873 1959 2058 2026 scripti

476 2070 626 2124 sunt,
674 2071 927 2126 tanquam
983 2053 1182 2107 diaboli
1213 2053 1411 2105 astutia
1441 2050 1728 2120 compositi
1765 2051 1898 2103 sint.
1928 2047 2059 2101 Pro-

476 2154 643 2222 pitius
677 2153 744 2205 sit
777 2149 931 2204 uobis
964 2148 1105 2200 Deus
1133 2146 1326 2214 impias
1357 2158 1543 2197 eorum
1577 2141 1862 2211 opiniones
1915 2139 2058 2193 refe-

477 2245 738 2300 rentibus!
781 2222 995 2310 Septem
1027 2239 1290 2292 duntaxat
1323 2235 1648 2304 suscipiunt,
1687 2244 1738 2286 et
1769 2232 1974 2296 colunt,
2007 2238 2060 2285 et.

476 2340 528 2392 in
563 2350 772 2391 Summo
815 2333 1016 2386 habent
1043 2328 1236 2400 pretio,
1283 2326 1334 2382 id
1362 2337 1466 2391 est,
1498 2324 1844 2387 Psalterium,
1897 2332 1951 2377 et
1992 2322 2059 2376 li-

476 2429 656 2480 hrutn‘
688 2424 960 2478 sexdecim
1012 2420 1426 2490 Prophetarum,
1475 2426 1526 2471 et
1577 2415 1919 2484 Evangelium
1970 2429 2062 2467 se-

473 2520 706 2574 cundum
735 2513 1069 2578 Matthmum,
1119 2521 1176 2566 et
1209 2511 1502 2566 secundum
1563 2506 1822 2568 Marcum,
1874 2515 1925 2558 et
1972 2519 2061 2558 sc-

473 2613 702 2668 cundum
734 2609 956 2670 Lucam,
987 2616 1043 2660 et
1065 2604 1358 2661 secundum
1383 2601 1663 2662 Joannem,
1692 2609 1745 2654 et
1773 2599 2058 2667 septimum

470 2705 666 2758 librum
701 2717 806 2771 quo
841 2713 924 2754 res
967 2701 1033 2750 ab
1061 2696 1319 2766 apostolis
1348 2705 1514 2764 gestae
1548 2693 1899 2746 continentur
1937 2703 2058 2744 cum

471 2794 726 2846 omnibus
764 2789 1016 2861 Epistolis
1053 2797 1107 2844 et
1137 2787 1363 2841 Joannis
1399 2783 1659 2853 TheOIOgi
1712 2781 2062 2850 ApOCaIypsi.

471 2886 744 2954 Sapientia
798 2884 964 2946 enim,
1022 2882 1294 2949 inquiunt,
1353 2875 1763 2944 (edi/icavitaibi
1816 2873 2054 2935 domum,

468 2988 763 3046 septemque
784 2975 1054 3028 columnas
1073 2973 1346 3027 substituit
1371 2972 1414 3025 ¹.
1454 2969 1560 3028 Pet;
1585 2971 1723 3022 hanc
1780 2966 2059 3036 sapientiae

471 3071 688 3123 domum
711 3067 1151 3122 scelestissimam
1177 3076 1506 3134 synagogam
1537 3061 1845 3130 intelligunt
1875 3073 2054 3120 suam,

470 3175 566 3230 per
596 3159 878 3212 columnas
911 3165 1090 3209 autem
1127 3155 1293 3208 libros
1321 3153 1462 3216 illos,
1495 3165 1632 3221 quos
1677 3161 1880 3218 Septem
1908 3150 2054 3203 ordi-

470 3253 631 3308 nibus
666 3249 956 3319 dispositos
988 3244 1556 3302 commemoravimus.
1599 3244 1661 3296 lu
1705 3240 2054 3310 repudiandis

469 3348 634 3418 igitur
654 3346 803 3398 libris
835 3343 1084 3396 Mosaicis
1111 3351 1163 3394 et
1198 3338 1408 3392 caneris
1439 3335 1897 3404 subsequentibus
1929 3349 2050 3388 cum

475 3438 911 3492 l’aulicianorum
981 3431 1171 3487 lia-resi
1235 3429 1600 3484 consentiunt.
1657 3425 1846 3496 Itaque
1909 3427 2052 3480 ineo

471 3527 650 3590 titulo,
675 3527 764 3596 qui
793 3525 1052 3578 adversus
1093 3521 1214 3576 illos
1245 3520 1589 3588 conscriptus
1623 3528 1726 3587 est,
1765 3517 2053 3588 qumrenda

468 3629 596 3673 sunt
628 3634 688 3673 ea
727 3616 924 3685 capita,
955 3614 1152 3683 quibus
1205 3613 1716 3676 demonstravimus,
1776 3608 1904 3664 boni
1958 3608 2054 3662 Dei

469 3727 590 3766 esse
639 3718 747 3763 tum
779 3708 943 3764 Vetus
981 3705 1415 3767 Testamentum,
1447 3712 1557 3755 tum
1590 3702 1737 3755 viros
1777 3702 1868 3770 qui
1901 3701 1953 3754 in
1987 3715 2053 3754 eo

471 3803 709 3856 illustres
738 3799 1080 3861 exstiterunt,
1102 3794 1498 3864 legendumque
1521 3799 1606 3846 est
1629 3792 1860 3861 primum
1892 3799 2055 3860 caput

472 3909 593 3946 cum
634 3901 836 3960 septem
870 3889 1242 3957 sequentibus,
1287 3887 1484 3953 quibus
1531 3899 1686 3940 error
1738 3885 1840 3938 iste
1895 3883 2055 3952 plane

470 3985 799 4039 confoditur.
863 3980 927 4038 Et
979 3994 1288 4050 quanquam
1326 3978 1530 4047 reliqua
1565 3978 1692 4032 item
1732 3978 1912 4046 capita
1967 3975 2052 4030 his

470 4086 676 4148 septem
717 4074 1086 4138 consentiunt,
1121 4082 1296 4127 tamen
1333 4074 1445 4126 haec
1475 4070 1588 4126 sola
1636 4071 1769 4125 satis
1792 4070 1898 4126 erit
1927 4084 2052 4139 per-

471 4171 686 4238 legisse.
715 4169 848 4222 Illud
877 4178 1053 4222 tamen
1078 4165 1616 4219 animadvertendum
1647 4174 1750 4229 est,
1785 4167 1914 4220 istos
1941 4163 2054 4218 cal-

472 4262 577 4314 lido
635 4259 950 4330 plerumque
1005 4273 1071 4310 ex
1105 4257 1186 4311 his
1238 4257 1391 4311 libris
1430 4270 1567 4326 quos
1609 4256 1936 4326 improbant,
1985 4257 2052 4312 ad

469 4352 753 4418 Opiniones
816 4365 942 4402 suas
1008 4349 1445 4417 comprobandas
1514 4350 1678 4404 verba
1711 4349 2048 4420 depromere.

2167 586 2482 658 ἐξηπάτησε
2511 591 2602 644 τὸν
2634 591 3063 661 ἐξαπατήσαντα
3093 589 3324 652 πολλοὺς
3347 591 3426 652 είς
3453 590 3778 652 ἀπώλειαν,

2167 683 2260 735 καὶ
2293 685 2475 736 πᾶσαν
2529 683 2627 753 τὴν
2657 683 3060 752 ὲνδομυχοῦσαν
3083 682 3163 753 τῷ
3203 683 3400 753 σαπρῷ
3435 683 3616 753 τούτῳ
3683 687 3779 735 καί

2168 778 2534 848 καταπτύστῳ
2565 779 2784 849 γέροντι
2817 778 3152 848 κακοήθειαν
3185 777 3406 847 ὀξύτητι
3437 780 3645 848 φρενὸς
3680 781 3776 831 καὶ

2165 869 2431 940 δεξιότητι
2461 870 2678 940 φύσεως
2707 871 3048 941 ἀνίχνευσεν,
3078 871 3230 923 οὐδὲν
3261 869 3544 922 ὑπολιπὼν
3582 872 3778 936 ἀνεξε-

2169 961 2427 1032 ρεύνητον
2471 963 2500 1032 ἦ
2555 963 2803 1017 ἀθέατον.
2856 962 3050 1015 Ἔνθεν
3082 980 3164 1015 τοι
3220 965 3314 1014 καὶ
3358 963 3618 1032 καθάπερ
3661 965 3775 1016 ἀπό

2164 1070 2310 1113 τινος
2362 1054 2572 1122 φωλεοῦ
2619 1054 2941 1108 παντοδαπά
2989 1054 3082 1106 καὶ
3129 1053 3549 1124 ποικιλόμορφα
3596 1055 3774 1124 θηρία

2165 1147 2264 1218 τῆς
2299 1149 2583 1219 σκοτεινῆς
2633 1148 2801 1202 αὐτοῦ
2839 1149 3072 1217 καρδίας
3109 1147 3407 1211 ἐξελκύσας
3438 1149 3508 1201 τά
3543 1150 3730 1219 μιαρὰ
3754 1189 3769 1212 ,

2166 1239 2260 1292 καὶ
2288 1239 2467 1291 ίοὸόλα
2489 1279 2504 1302 ,
2562 1239 2656 1292 καὶ
2687 1239 3098 1307 πολυπρόσωπα
3136 1237 3385 1304 δόγματα
3421 1239 3544 1298 ταῖς
3591 1256 3769 1306 μηχα-

2163 1333 2282 1394 ναῖς
2315 1331 2415 1400 τῆς
2456 1331 2799 1401 ὑποκρίσεως
2822 1370 2837 1395 ,
2873 1331 2966 1382 καὶ
2993 1329 3512 1398 κατασοφισάμενος
3540 1328 3770 1395 εὐφυῶς

2167 1422 2311 1492 μάλα
2342 1425 2431 1474 τὸν
2479 1423 2808 1492 κρονόληρον
2841 1422 3074 1491 γέροντα
3097 1461 3110 1482 ,
3159 1421 3218 1470 τὸ
3260 1419 3492 1472 παλαιδν
3547 1419 3765 1482 κακὸν,

2164 1512 2451 1564 ἐκέλευσεν
2478 1514 2614 1582 ήμῖν
2637 1513 2827 1582 γραφῇ
2854 1509 3190 1581 παραδοῦναι
3213 1508 3407 1570 ταῦτα,
3440 1509 3532 1559 καὶ
3561 1509 3766 1577 θριαμ-

2164 1601 2357 1656 ϐεῦσαι
2410 1603 2480 1655 τὰ
2534 1602 2914 1670 καταγέλαστα
2976 1601 3254 1670 μυστήρια
3300 1599 3397 1668 τῆς
3450 1599 3763 1668 εἰρημένης

2167 1693 2456 1762 αἱρέσεως.

2249 1791 2318 1844 α’.
2365 1784 2642 1840 ’Λθετοῦσι
2673 1783 2849 1846 πάσας
2898 1781 2997 1844 τάς
3044 1777 3329 1846 μωσαῖκᾶις
3356 1776 3575 1845 βίϐλους
3610 1774 3761 1844 μετὰ

2167 1886 2258 1937 καὶ
2301 1881 2396 1935 τοῦ
2443 1882 2500 1932 ὲν
2547 1878 2737 1939 αὑταῖς
2785 1871 3242 1942 ἀναγραφομένου
3273 1868 3444 1931 Θεοῦ,
3495 1866 3589 1919 καὶ
3638 1866 3758 1918 τῶν

2162 1972 2645 2042 εύαρεστησάντων
2703 1966 2853 2036 αύτῷ
2904 1963 3161 2028 δικαίων,
3217 1962 3302 2013 ναὶ
3345 1959 3449 2028 μήν
3497 1957 3592 2010 καὶ
3640 1956 3757 2020 τὰς

2166 2063 2284 2134 μετ’
2316 2062 2483 2123 αὑτὰς
2527 2060 2765 2121 ἁπάσας,
2801 2057 2876 2120 ὼς
2907 2052 3028 2107 κατ’
3065 2052 3346 2104 ἐπίπνοιαν
3375 2046 3466 2100 τοῦ
3514 2047 3751 2098 Σατανᾶ

2165 2151 2596 2224 συγγραφείσας.
2655 2151 2842 2211 Ἴλεως
2885 2149 3020 2216 ήμῖν
3059 2145 3145 2214 εῐη
3179 2142 3378 2211 Κύριος
3414 2138 3484 2190 τὰ
3514 2137 3754 2190 ἐκείνων

2161 2247 2402 2314 λέγουσιί
2437 2245 2621 2305 Μόνας
2655 2243 2712 2295 δὲ
2744 2239 3170 2310 παραδέχονται,
3202 2235 3297 2287 καὶ
3323 2231 3558 2301 τιμῶσιν
3584 2229 3756 2289 ἑπτά,

2164 2340 2260 2392 καὶ
2290 2341 2370 2401 είς
2393 2339 2560 2406 ἄκρον
2585 2331 3037 2404 ἀποστηθίζουσι,
3063 2330 3206 2395 λέγω
3231 2327 3296 2396 δὴ
3322 2327 3384 2378 τὸ
3411 2323 3753 2392 Ψαλτήριον,

2163 2436 2223 2488 τὸ
2292 2429 2940 2498 Ἑξκαιδεκαπρόςρητον,
2999 2423 3096 2477 καὶ
3148 2422 3208 2474 τὸ
3277 2422 3424 2474 κατὰ
3472 2417 3754 2471 Ματθαῖον

2164 2526 2520 2595 Εὑαγγέλιον,
2550 2523 2646 2574 καὶ
2677 2521 2734 2574 τὸ
2766 2517 2909 2572 κατά
2948 2515 3193 2586 Μάρκον,
3227 2514 3324 2566 καὶ
3355 2511 3412 2565 τὸ
3441 2510 3585 2563 κατά
3610 2509 3751 2560 Aou-

2164 2623 2287 2680 κᾶν,
2317 2619 2408 2670 καὶ
2438 2617 2498 2669 τὸ
2531 2613 2672 2666 κατά
2711 2613 2987 2681 Ἰωάννην,
3023 2608 3254 2676 ἓδδομον
3285 2605 3386 2674 τῆς
3423 2601 3609 2672 βίόλου
3643 2599 3750 2651 τῶν

2165 2710 2424 2781 Πράξεων
2481 2707 2580 2760 σὺν
2633 2710 2753 2767 ταῖς
2824 2701 3169 2761 Ἐπιστολαῖς
3227 2698 3477 2760 πάσαις,
3537 2695 3634 2746 καὶ
3686 2695 3750 2761 τῇ

2177 2799 2545 2868 Ἀποκαλύψει
2574 2796 2671 2850 τοῦ
2702 2795 2966 2862 Θεολόγου
3014 2791 3287 2845 Ἰωάννου.
3325 2789 3394 2839 Ἢ
3423 2787 3590 2854 σοφία
3619 2785 3749 2852 γὰρ,

2165 2894 2352 2961 φασιν,
2383 2889 2734 2961 ᾠκοδόμησεν
2777 2886 2945 2954 ἑαυτῇ
2974 2879 3120 2934 οἷκον
3149 2922 3162 2944 ,
3197 2880 3291 2933 καὶ
3321 2879 3592 2947 ῦπήρεισε
3623 2875 3748 2928 στύο

2164 2979 2291 3042 λους
2332 2978 2511 3040 ὲπτά,
2561 2973 2708 3030 οἷκον
2763 2975 2860 3044 μὲν
2913 2973 3012 3042 τὴν
3054 2971 3383 3039 παμμίαρον
3426 2965 3751 3034 συναγωγὴν

2167 3072 2377 3124 ἑαυτῶν
2430 3067 2978 3140 μεθερμηνεύοντες,
3054 3063 3282 3124 στύλους
3341 3061 3400 3113 δὲ
3453 3060 3594 3112 έπτὰ
3653 3057 3750 3118 τάς

2161 3162 2644 3234 ἀπαριθμηοείσας
2692 3159 2929 3230 βίϐλους.
2991 3159 3102 3226 Τὴν
3153 3156 3255 3226 μὲν
3315 3154 3410 3208 οὖν
3470 3153 3748 3220 ἀποϐολὴν

2156 3256 2264 3308 τῶν
2308 3255 2608 3325 μωσαῖκῶν
2654 3253 2853 3323 βίϐλων
2888 3251 3114 3304 καὶτῶν
3161 3244 3283 3318 μετ’
3315 3248 3485 3310 αὑτάς
3535 3248 3598 3297 ἐκ
3645 3248 3747 3313 τῆς

2156 3347 2264 3398 τῶν
2305 3345 2687 3398 Παυλικιάνων
2732 3343 2998 3412 αἱρέσεως
3043 3341 3416 3411 μεμαθήκασι.
3466 3339 3745 3404 Ζητητέον

2155 3441 2211 3494 δὲ
2248 3440 2304 3490 ὲν
2334 3438 2408 3506 τῷ
2449 3435 2568 3490 κατ’
2595 3437 2818 3489 ἐκείνων
2849 3435 3013 3502 τίτλῳ
3046 3434 3116 3486 τά
3163 3427 3450 3499 κεφάλαια,
3489 3421 3572 3488 οἷς
3611 3428 3738 3476 ἐπι·

2155 3533 2500 3602 γέγραπται,
2552 3529 2634 3582 ὅτι
2666 3527 2760 3580 τοῦ
2793 3526 2998 3595 ἀγαθοῦ
3030 3524 3167 3577 Θεοῦ
3205 3524 3336 3575 εἰσιν
3365 3521 3411 3589 ἡ,
3430 3536 3490 3571 τε
3526 3517 3738 3570 παλαιά

2156 3625 2451 3696 νομοθεσία
2492 3622 2588 3676 καὶ⁵
2619 3622 2670 3674 οἱ
2711 3622 2769 3673 έν
2800 3620 2936 3688 αὐτῇ
2976 3615 3315 3686 λάμψαντες.
3357 3613 3468 3664 Καὶ
3496 3611 3748 3676 ἀναγνωο

2159 3721 2314 3771 στέον
2343 3716 2405 3769 τό
2441 3731 2504 3768 τε
2540 3714 2758 3784 πρῶτον
2804 3710 3104 3780 κεφάλαιον
3151 3707 3249 3760 καὶ
3292 3705 3361 3758 τά
3397 3703 3521 3771 ἑξῆς
3562 3702 3742 3765 ἑπτὰ,

2159 3807 2545 3880 στηλιτεύοντα
2589 3804 2841 3875 φανερῶς
2885 3803 2987 3870 τὴν
3033 3798 3294 3868 τοιαύτην
3345 3795 3578 3862 πλάνην.
3631 3793 3744 3845 Καὶ

2154 3903 2223 3956 τὰ
2256 3900 2375 3972 μετ’
2403 3902 2583 3952 ὲκεῖνα
2609 3899 2665 3951 δὲ
2694 3898 2873 3950 πάντα
2911 3894 3182 3963 σύμφωνα
3230 3888 3417 3959 σχεδὸν
3447 3890 3565 3947 τοίς
3606 3885 3747 3936 ἑπτά

2154 3996 2364 4056 τούτοις
2398 3992 2538 4046 εἰσὶν
2561 4032 2574 4058 ,
2627 3989 2742 4043 ἀλλ’
2772 3987 2936 4058 ἀρκεῖ
2977 3985 3118 4053 μόνα
3155 3981 3224 4034 τὰ
3251 3977 3585 4050 δηλωθέντα.
3620 3975 3742 4043 Χρὴ

2141 4089 2209 4151 ,δὲ
2248 4086 2567 4156 γινώσκειν,
2595 4084 2678 4137 ὃτι
2717 4081 2818 4145 τάς
2852 4077 3138 4148 μωσαῖκὰς
3172 4074 3388 4144 βίϐλους
3423 4067 3746 4129 ἀθετοῦντες

2157 4180 2343 4252 ῥήσεις
2372 4177 2429 4243 ἐξ
2455 4173 2635 4230 αὐτῶν
2660 4171 2922 4234 πολλάκις
2951 4167 3276 4236 πανούργως
3302 4165 3377 4226 είς
3408 4159 3744 4230 συνηγορίαν

2155 4271 2366 4324 ἑαυτῶν
2423 4265 2928 4338 προσλαμϐάνουσι.
2972 4259 3077 4313 Καὶ
3130 4261 3260 4311 ὅταν
3319 4254 3375 4306 δὲ
3413 4254 3569 4319 παρά
3598 4263 3744 4308 τινος

2158 4362 2322 4438 ῥητοῦ
2356 4361 2462 4414 τῶν
2489 4356 2836 4428 δηλωυεισῶν
2861 4353 3000 4405 ἑπτά
3032 4350 3230 4418 βίϐλων
3261 4341 3740 4413 στενοχωρηθῶσι,

471 4443 622 4512 Quod
651 4442 692 4496 si
727 4440 907 4510 aliquo
941 4449 1147 4507 septem
1169 4440 1452 4505 librorum,
1487 4458 1620 4511 quos
1654 4456 2049 4497 commemora-

2162 4435 2254 4511 καὶ
2296 4452 2630 4508 συνελαθῶσι
2668 4453 2804 4519 πρὸς
2827 4448 2924 4514 τὴν
2948 4444 3228 4513 ἀλήθειαν,
3266 4440 3428 4500 εὐθὺς
3454 4439 3536 4500 εις
3573 4435 3740 4504 ann-

471 4538 666 4597 vimus,
701 4533 846 4586 dicto
871 4532 1102 4586 conviCti
1131 4532 1196 4584 ad
1237 4533 1518 4588 veritatem
1559 4537 1918 4590 conﬁtendam
1952 4536 2053 4589 im-

470 4629 764 4698 pellantur,
791 4625 970 4682 statim
990 4635 1046 4676 ut
1070 4625 1488 4708 subterfugiant,
1514 4628 1579 4682 ad
1601 4627 1915 4698 allegoriam
1937 4646 2055 4684 sese

474 4727 820 4775 convertunt.

537 4814 590 4868 *2.
627 4813 700 4866 Ea
756 4821 813 4867 re
843 4809 1114 4878 decipiunt
1147 4805 1502 4878 shupliciores
1546 4811 1686 4877 quod
1741 4809 1966 4881 tingunt,
1999 4827 2058 4867 se

470 4913 692 4962 credere
729 4906 780 4958 in
809 4904 1038 4964 Patrem,
1073 4914 1126 4956 et
1159 4901 1374 4966 Filium,
1410 4913 1463 4957 et
1486 4903 1747 4971 Spiritum
1781 4915 2054 4967 sanctum,

470 5017 592 5055 cum
652 5012 832 5052 tamen
866 4995 1013 5050 Patri
1050 5004 1164 5050 tres
1199 4996 1331 5050 istas
1368 4992 1609 5049 tribuant
1643 4995 2052 5064 appellatiOncs,

468 5104 703 5158 eumque
740 5088 977 5142 humana
1032 5087 1203 5140 forma
1243 5087 1522 5154 praeditum
1555 5095 1764 5157 putent,
1791 5098 1843 5141 et
1874 5104 1937 5142 ex
1973 5087 2056 5158 bi-

468 5198 552 5237 nts
593 5182 802 5236 cerebri
850 5179 1156 5250 panniculis
1190 5179 1345 5233 binos
1406 5180 1584 5233 radios
1636 5181 1908 5242 emittere,
1970 5184 2052 5236 al-

467 5289 642 5331 terum
672 5273 812 5342 Filii,
843 5276 1076 5330 alterum
1110 5272 1344 5343 Spiritus
1371 5273 1569 5327 sancti.
1615 5274 1787 5343 Atque
1819 5276 1890 5327 ita
1919 5275 2048 5329 ﬁdes

467 5366 585 5421 istis
622 5366 675 5419 in
715 5365 878 5418 Deum
927 5379 1245 5434 corporeum
1277 5373 1747 5432 monstrosumque
1799 5367 2047 5432 vertitur,

465 5457 618 5526 cujus
644 5457 786 5510 nulla
821 5456 976 5524 plane
1006 5456 1435 5512 sitexsistentia.
1482 5454 1551 5510 Ut
1594 5472 1722 5526 ergo
1749 5458 1894 5511 Patri
1935 5467 2046 5514 tres

467 5549 593 5604 istas
625 5549 929 5604 tribuerent
960 5551 1375 5620 appellationes,
1411 5566 1475 5606 ex
1513 5548 1820 5606 Sabelliana
1856 5553 2044 5608 haeresi

538 5752 739 5807 'Pt‘ov.
764 5770 874 5820 xix,
903 5755 953 5808 l.

2155 4550 2344 4622 γορίαν
2378 4549 2695 4617 τρέπονται,
2725 4541 3123 4610 διαδιδράσκειν
3153 4532 3508 4604 πειρώμενοι.

2231 4821 2294 4891 β’.
2321 4820 2621 4890 Πρέσχημα
2645 4815 2742 4883 μὲν
2778 4812 2992 4882 ἀπάτης
3017 4810 3126 4861 τῶν
3151 4805 3541 4874 ἁπλουστέρων
3560 4803 3617 4854 τὸ
3651 4819 3738 4853 πι-

2159 4914 2372 4966 στεύειν
2404 4913 2484 4972 εἰς
2523 4912 2778 4977 Πατέρα,
2835 4906 2930 4956 καὶ
2964 4903 3109 4963 Υίὸν,
3159 4899 3255 4953 καὶ
3309 4898 3467 4966 ἅγιον
3513 4893 3739 4960 Πνεῦμα

2155 5004 2550 5076 προῦάλλονται
2582 5042 2595 5065 ,
2657 5000 2756 5062 τάς
2801 4999 2952 5068 τρεῖς
2999 4996 3056 5048 δὲ
3110 4993 3314 5053 ταύτας
3370 4989 3598 5058 κλήσεις
3663 4984 3739 5053 τῷ

2157 5098 2331 5169 Πατρί
2370 5096 2764 5164 προσάπτουσι,
2825 5095 2918 5144 καὶ
2948 5086 3512 5159 άνθρωποπρὸσωπον
3548 5078 3736 5132 τοῦτον

2156 5187 2602 5258 ὑπολαμϐάνουσι
2674 5181 2802 5251 παρ’
2876 5179 3152 5247 ἑκατέραν
3224 5175 3470 5244 μήνιγγα
3544 5170 3737 5221 ἀκτῖνα

2157 5283 2508 5352 ὲκλάμποντα
2528 5320 2541 5342 ,
2584 5278 2680 5348 τὴν
2715 5280 2813 5346 μὲν
2846 5272 2978 5326 Υἰοῦ
3000 5311 3015 5336 ,
3045 5271 3144 5341 τὴν
3172 5269 3227 5321 δὲ
3253 5265 3575 5334 Πνεύματος
3599 5303 3612 5320 ,
3641 5259 3736 5310 καὶ

2156 5374 2300 5427 οὕτω
2339 5369 2710 5440 καταστρέφει
2746 5365 2956 5427 τούτοις
2983 5364 3016 5430 ἡ
3050 5363 3235 5419 πίστις
3280 5360 3359 5420 είς
3394 5350 3734 5425 σωματοειδῆ

2154 5483 2278 5518 τινα
2302 5467 2394 5517 καὶ
2419 5479 2475 5513 τε
2488 5461 2827 5529 ρατόμορφον
2852 5455 3006 5515 Θεὸν,
3035 5453 3130 5506 καὶ
3151 5451 3322 5511 ὅντως
3355 5445 3730 5511 ἀνύπαρκτον.

2156 5557 2230 5608 Τὸ
2278 5553 2377 5625 μὲν
2421 5550 2513 5604 οῦν
2571 5549 2911 5620 προσάπτειν
2960 5544 3035 5614 τῷ
3085 5541 3266 5612 Harp-1
3312 5539 3405 5602 τὰς
3437 5533 3732 5606 είρημὲνας
