4012 6216
437 342 572 404 ῙΞΕΠ

1343 350 1713 413 PANOPLIA
1757 354 2218 421 DOGMATICA.
2260 389 2329 399 —
2366 366 2510 426 TlT.
2558 369 2804 429 XXVII.

3550 377 3688 445 3293

428 460 762 528 ἀκολούθως,
800 461 894 515 καὶ
923 458 1070 529 εἷπε,
1110 463 1401 535 Γενηθήτω
1436 469 1859 539 στερέωμα,”καὶ
1892 473 1975 541 ὲγέ

2076 487 2160 539 ,et
2194 476 2399 534 factum
2439 489 2541 537 est.
2567 480 2729 538 Fiant
2755 486 2889 550 base,
2921 498 2972 541 et
3021 492 3153 552 haec.
3190 503 3244 548 et
3264 492 3398 549 facta
3447 511 3595 565 sunt.
3622 505 3686 555 Et

428 568 569 603 νετο.
593 552 882 622 Γενηθήτω
904 556 1031 607 τάδε
1057 556 1150 610 καὶ
1170 557 1320 620 τάδε,
1344 560 1435 611 καὶ
1456 561 1747 627 γεγόνασιν
1766 562 2004 620 ἅπαντα.

426 644 537 696 Καὶ.
569 646 1001 715 κατακοσμήσας
1032 647 1130 715 μὲν
1151 647 1241 699 τὸν
1272 648 1527 719 δεύτερον
1553 653 1787 722 οὐρανὸν
1819 674 1881 708 πε
1894 673 2007 725 ριε-

425 736 536 788 λὼν
562 736 617 788 δὲ
649 738 709 789 τὸ
750 736 895 807 ὕδωρ
926 739 1035 791 ἀπὸ
1064 743 1360 811 προσώπου
1402 749 1502 815 τῆς
1541 748 1644 815 γῆς
1665 788 1681 811 ,
1715 751 1807 801 καὶ⁵
1834 751 2005 826 τάξας

422 828 479 879 ιν
511 822 593 889 οἷς
626 829 915 899 ἐδοκίμασε
947 831 1155 896 τόποις,
1195 834 1269 898 ὡς
1303 837 1334 907 ἡ
1363 837 1458 906 τῆς
1487 822 1885 907 κοσμογενείας
1907 841 2003 910 βι-

422 920 545 984 6λος
569 922 817 985 διέξεισι,
860 924 954 976 καὶ
986 926 1339 992 καλλωπίσας
1373 931 1561 1001 αὐτὴν,
1595 933 1690 985 καὶ
1724 934 2002 1005 καθωραῖ-

422 1025 558 1075 σας,
593 1012 688 1063 καὶ
716 1012 785 1063 τὰ
819 1014 883 1065 ὲκ
916 1015 1017 1084 γῆς
1050 1016 1233 1069 πάντα
1264 1018 1511 1089 φυόμενα
1542 1021 1995 1095 δημιουργήσας,

418 1105 512 1154 καὶ
552 1101 621 1154 τὰ
652 1102 803 1168 ζῶα,
841 1106 935 1158 καὶ
972 1106 1025 1157 εῐ
1056 1122 1111 1159 τι
1143 1108 1354 1180 ἕτερον,
1394 1113 1764 1183 ἀπεκλήρωσε
1795 1116 1997 1187 ταύτην

417 1190 597 1259 ἐαυτῷ
648 1207 708 1244 τε
758 1194 853 1246 καὶ
892 1198 1015 1261 ταῖς
1059 1198 1456 1263 ἁποστατικαίς
1497 1204 1794 1273 δυνάμεσιν
1846 1211 1999 1279 οἰκη-

415 1280 626 1350 τήριον.
663 1283 896 1337 Ἔπειτα
923 1287 1133 1355 πλάσας
1157 1290 1219 1343 τὸ
1248 1292 1407 1361 σῶμα
1420 1295 1514 1348 τοῦ
1543 1297 1720 1367 Ἀδὰμ
1749 1299 1858 1353 ἀπὸ
1893 1302 1994 1371 γῆς

416 1369 571 1424 ὕδατι
603 1376 965 1446 φυραθείσης,
1003 1379 1236 1450 ἔστησεν
1264 1383 1447 1454 ὀρθὸν,
1475 1389 1568 1457 ἀφ’
1594 1384 1655 1444 οὗ
1686 1369 1994 1464 καταρρεό-

415 1465 559 1519 σασά
586 1485 671 1531 τις
701 1470 846 1534 νοτὶς
875 1474 968 1527 ἐπὶ
999 1474 1091 1528 τὸν
1120 1476 1295 1543 δεξιὸν
1327 1479 1487 1545 πόδα,
1521 1482 1616 1535 καὶ
1649 1484 1737 1537 διὰ
1771 1485 1866 1538 τοῦ
1900 1503 1995 1555 με·

412 1557 580 1625 γάλου
606 1560 874 1616 δακτύλου
898 1567 1123 1635 χυθεῖσα
1144 1570 1284 1623 κατὰ
1312 1570 1407 1625 τοῦ
1432 1573 1660 1642 ἐδάφους
1685 1578 1991 1644 ἑλικοειδῶς

410 1650 582 1721 ὲρῥύη
604 1691 618 1714 ,
656 1654 753 1707 καὶ⁵
786 1657 973 1726 σχῆμα
1002 1659 1181 1728 ὅψεως
1212 1661 1565 1722 ἀπετέλεσεν.
1611 1669 1897 1739 Ἀθροίσας
1930 1673 1987 1726 δὲ

407 1742 468 1793 τὸ
520 1744 579 1795 ὲν
631 1746 811 1817 ἐαυτῷ
868 1751 1086 1819 πνεῦμα
1139 1756 1166 1805 ό
1218 1756 1507 1826 Σαταναὴλ
1563 1761 1857 1816 ἐνέπνευσε
1907 1765 1987 1836 τῷ

406 1833 707 1890 πλασθέντι
736 1839 947 1908 σώματι
978 1841 1147 1911 ζωὴν,
1184 1844 1247 1898 τὸ
1276 1846 1334 1899 δὲ
1369 1848 1426 1912 ἐξ
1454 1849 1616 1902 αὐτοῦ
1652 1853 1871 1922 πνεῦμα
1897 1833 1984 1910 δια

405 1926 713 1995 χαυνότητα
754 1933 1069 2003 καταρῥυὲν
1102 1937 1193 1988 ἐπὶ
1234 1938 1325 1990 τὸν
1357 1940 1531 2005 δεξιὸν
1570 1944 1771 2010 ὁμοίως
1807 1948 1941 1999 πόδα
1966 1987 1980 2009 ,

402 2013 498 2065 καὶ
523 2015 611 2068 διὰ
641 2018 736 2070 τοῦ
757 2022 996 2090 μεγάλου
1021 2023 1289 2079 δακτύλου
1310 2028 1472 2097 χυθὲν
1498 2032 1576 2093 εἰς
1594 2032 1693 2102 τὴν
1717 2034 1981 2105 ἑλικοειδῆ

404 2107 594 2175 ῥανιδα
629 2112 993 2184 κατέσκηψεν.
1032 2116 1097 2169 Ἦ
1128 2117 1183 2170 δὲ
1209 2122 1527 2189 παραυτίκα
1558 2124 1979 2196 ζωοποιηθεῖσα,

396 2196 496 2249 καὶ
541 2199 926 2269 ἀποτμηθεῖσα
972 2207 1065 2259 τοῦ
1108 2209 1375 2264 δακτύλου
1412 2216 1641 2282 γέγονεν
1687 2218 1836 2286 ὄφις,
1889 2223 1980 2273 καὶ

397 2288 650 2358 εἴρπυσε.
671 2295 773 2347 Διὰ
799 2296 960 2350 τοῦτο
976 2299 1085 2369 γὰρ
1109 2301 1201 2353 καὶ
1218 2303 1485 2373 φρόνιμον
1507 2307 1673 2359 αὐτὸν
1696 2309 1977 2377 γενέσθαι,

395 2383 497 2436 καὶ
528 2390 774 2457 νουνεχῆ,
805 2390 883 2451 ὡς
909 2391 1002 2444 τοῦ
1034 2394 1255 2465 ἐμφυσή
1266 2414 1437 2465 ματος
1463 2399 1556 2450 106
1586 2400 1868 2469 Σαταναὴλ
1900 2406 1978 2468 εἰς

397 2476 575 2548 ψυχὴν
603 2482 754 2551 αὐτῷ
786 2485 1181 2550 καταστάντος,
1218 2490 1356 2561 ὅπερ
1395 2490 1518 2543 ἰδὼν
1545 2494 1573 2546 ὁ
1603 2494 1790 2559 καινὸς
1820 2491 1975 2562 οὗτος

392 2569 746 2641 δημιουργὸς,
766 2578 859 2628 καὶ
890 2580 1073 2646 γνοὺς,
1099 2582 1180 2636 ὅτι
1214 2584 1393 2653 μάτην
1418 2588 1592 2649 πονεῖ,
1621 2586 1976 2658 διεπρεσϐεύ-

395 2675 529 2715 σατο
584 2664 723 2735 πρὸς
773 2667 866 2722 τὸν
917 2672 1122 2738 ἀγαθὸν
1176 2677 1420 2747 Πατέρα,
1470 2678 1565 2730 καὶ
1624 2683 1971 2750 παρεκάλεσε

396 2754 713 2826 πεμφθῆναι
740 2760 1051 2830 παράὐτοῦ
1082 2767 1269 2837 πνοὴν,
1296 2771 1771 2840 ἐπαγγειλάμενος
1792 2779 1972 2831 κοινὸν

391 2837 534 2897 εἶναι
566 2845 657 2899 τὸν
686 2848 992 2921 ἄνθρωπον,
1032 2858 1078 2907 ει
1111 2855 1459 2928 ζωοποιηθῇ,
1493 2864 1588 2914 καὶ
1611 2837 1723 2917 όιπὸ
1756 2867 1849 2920 106
1883 2870 1973 2937 γέ-

389 2945 515 2993 νους
550 2933 716 2988 αὑτοῦ
752 2938 1091 3010 πληροῦσθαι
1122 2945 1248 3008 τοὺς
1283 2948 1342 2999 ἐν
1376 2948 1594 3019 οὐρανῷ
1627 2952 1829 3019 τόπους
1858 2958 1970 3011 τῶν

388 3024 809 3096 ἀπορριφέντων
836 3031 1101 3099 ἀγγέλων.
1138 3037 1241 3090 Τὸν
1276 3038 1331 3091 δὲ
1360 3041 1494 3095 Θεὸν
1518 3043 1592 3106 ὠς
1617 3046 1822 3115 ἀγαθὸν
1848 3051 1969 3105 ἐπι-

2113 582 2233 621 cum
2261 570 2460 624 coelum
2480 576 2773 654 secundum
2820 589 3087 644 ornasset,
3133 593 3187 638 et
3238 599 3406 654 aquas
3463 606 3493 644 a
3550 592 3686 650 facie

2110 665 2266 711 terrae
2297 664 2678 730 contraxisset,
2706 681 2909 737 easque
2953 673 3065 726 suis
3119 674 3169 726 in
3214 675 3365 741 locis,
3404 692 3461 731 ut
3517 685 3565 737 ei
3608 688 3682 738 vi-

2106 763 2226 803 sum
2255 761 2356 813 est.
2390 755 2727 825 collocasset,
2772 752 3234 829 Quemadmodum
3286 768 3337 822 in
3372 771 3526 837 libro,
3590 779 3679 844 qui

2107 846 2288 897 mundi
2332 840 3409 927 continetprocreationem,descriptum
3436 874 3537 923 est.
3577 878 3680 919 μειο-
3778 860 3783 863 ⁸

2103 948 2217 989 ram
2257 939 2471 993 ornavit
2500 951 2552 994 et
2585 942 2887 1010 decoravit,
2923 954 2976 999 et
3005 951 3184 1003 omnia
3216 951 3343 1005 fecit
3410 946 3527 1022 quae
3584 974 3678 1008 na~

2100 1036 2327 1083 scuntur
2353 1044 2382 1082 e
2433 1041 2599 1096 terra,
2660 1046 2711 1089 et
2740 1028 2991 1091 animalia
3041 1050 3094 1093 et
3124 1042 3166 1096 si
3202 1045 3347 1110 quid'
3395 1048 3536 1101 aliud
3573 1060 3701 1106 est,

2100 1131 2327 1190 eamque
2356 1123 2456 1177 sibi
2494 1134 2551 1179 ut
2579 1126 2699 1183 aliis
2745 1130 3121 1198 potestatibus,
3159 1126 3293 1209 quae
3344 1136 3669 1199 deiecerant,

2098 1213 2382 1268 constituit
2413 1215 2766 1273 domicilium.
2814 1219 3016 1276 Deinde
3069 1240 3211 1280 cum‘
3246 1227 3414 1281 Adam
3473 1245 3502 1284 ο
3528 1243 3711 1315 ιοιϊαΓ

2098 1318 2236 1371 aqua
2263 1306 2543 1360 commista
2575 1306 2880 1376 formasset,
2932 1329 3054 1367 eum
3116 1326 3321 1370 rectum
3360 1319 3665 1388 collocavit.
3703 1306 3709 1315 ’
3742 1332 3759 1353 "

2096 1407 2160 1445 ex
2198 1408 2302 1460 quo
2336 1395 2535 1450 humor
2551 1399 2769 1467 quidam
2802 1402 2853 1455 in
2884 1404 3128 1459 dextrum
3176 1408 3363 1474 pedem
3420 1410 3663 1485 deﬂuxit,

2093 1493 2146 1539 et
2174 1500 2267 1552 per
2297 1502 2547 1557 magnum
2573 1490 2795 1557 digitum
2814 1492 3029 1549 effusus
3052 1495 3105 1551 in
3131 1504 3327 1571 terram
3350 1511 3412 1553 se
3436 1495 3669 1569 circurn-

2094 1575 2282 1642 volvit,
2310 1588 2365 1631 et
2397 1580 2677 1661 serpentis
2696 1580 2918 1650 ﬁguram
2952 1570 3202 1641 reddidit.
3242 1580 3494 1661 Satanael
3524 1606 3653 1644 vero

2092 1668 2529 1736 spiritumsumn
2557 1644 2817 1743 cdilig‘ens
2848 1675 2900 1729 in
2950 1690 3142 1753 corpus
3175 1693 3219 1732 a-
3262 1695 3321 1733 se
3362 1666 3659 1737 conﬂatum

2094 1758 2254 1813 vitam
2278 1761 2587 1819 insulﬂavit.
2620 1762 2726 1818 Sed
2758 1767 2985 1835 spiritus
3015 1767 3136 1836 ejus
3188 1786 3283 1839 per
3330 1787 3552 1828 vacuum
3592 1776 3683 1849 si;

2089 1850 2288 1906 militer
2307 1851 2475 1908 ﬂuens
2504 1855 2555 1909 in
2574 1856 2853 1911 dexterum
2876 1861 3514 1939 petlemqetperntaguum
3532 1856 3662 1939 digi—
3714 1866 3727 1891 ⁵

2088 1950 2227 2002 tum,
2256 1942 2309 1995 in
2344 1952 2635 1999 tortuosam
2661 1946 2854 2001 stillam
2885 1950 3104 2018 coaluit,
3136 1968 3255 2021 qua:
3275 1957 3461 2029 statim
3494 1956 3656 2011 vitam

2083 2030 2377 2100 accipiens'
2404 2041 2459 2087 et
2485 2048 2513 2087 a
2541 2035 2706 2105 digito
2736 2038 3034 2093 abscedens
3063 2040 3288 2112 ser‘pens
3313 2030 3518 2099 effecta
3551 2056 3656 2108 est,

2081 2131 2136 2175 et
2163 2124 2432 2191 serpebat.
2465 2124 2668 2181 ldcirco
2694 2129 2862 2193 enim,
2894 2130 3163 2200 inquiunt,
3190 2124 3271 2189 est
3306 2137 3538 2203 prudens
3592 2154 3655 2192 ac

2083 2220 2264 2267 mente
2297 2215 2556 2281 prteditus
2587 2232 2829 2285 serpens,
2862 2223 3117 2289 quoniam
3152 2224 3451 2281 Satanaelis
3481 2228 3655 2283 insuf-

2079 2299 2229 2355 ﬂatio
2286 2302 2360 2356 illi
2388 2304 2490 2359 fuit
2517 2306 2709 2362 animae
2744 2308 2882 2364 loco.
2915 2312 3066 2377 Quod
3102 2322 3285 2381 fnost
3343 2317 3447 2372 iste
3480 2319 3657 2389 epil‘ex

2079 2394 2443 2461 conspicatus,
2475 2410 2595 2451 cum
2623 2400 3078 2459 animadverteret
3134 2421 3193 2461 se
3222 2408 3420 2462 frustra
3445 2411 3658 2465 labora-

2076 2501 2157 2549 re,
2196 2485 2396 2554 legatos
2423 2488 2567 2542 misit
2594 2490 2659 2542 ad
2693 2492 2893 2547 bonum
2932 2504 3163 2564 patrem,
3197 2500 3289 2566 qui
3323 2509 3567 2568 peterent
3602 2514 3660 2558 ut

2074 2577 2314 2632 mitteret
2338 2580 2585 2647 spiritum
2610 2597 2788 2648 suum,
2822 2588 3177 2657 promisitque
3218 2590 3492 2647 hominem
3536 2595 3655 2649 fore

2072 2683 2435 2734 communem,
2471 2672 2514 2725 si
2540 2672 2704 2727 vitam
2736 2678 3023 2745 acciperet,
3067 2689 3119 2734 et
3151 2696 3215 2735 ex
3252 2698 3448 2752 genere
3483 2686 3653 2755 ipsius

2072 2759 2307 2829 repletas
2344 2762 2406 2815 iri
2439 2764 2616 2829 sedes,
2646 2782 2675 2818 e
2727 2769 2921 2835 quibus
2966 2771 3141 2840 angeli
3178 2773 3372 2841 dejecti
3415 2777 3657 2832 fuerant-

2071 2844 2240 2902 Deum
2273 2860 2451 2904 autem
2490 2862 2674 2922 utpote
2701 2855 2897 2911 bonum
2926 2862 3200 2929 annuisse,
3251 2863 3655 2936 insuﬂlasseque

2073 2936 2379 2995 Satanaelis
2417 2944 2669 3010 ﬁgmento
2701 2948 2947 3016 spiritum
2985 2950 3130 3017 vitae,
3166 2963 3220 3007 et
3255 2957 3514 3011 continuo
3568 2960 3652 3012 fa-

2070 3034 2214 3080 ctum
2238 3043 2359 3085 esse
2385 3032 2656 3089 hominem
2692 3038 2743 3089 in
2774 3039 3006 3092 animam
3038 3042 3327 3111 viventem,
3378 3064 3498 3116 quiue
3532 3066 3654 3102 cor-

388 3112 601 3183 νεῦσαι,
658 3122 753 3174 καὶ
812 3123 1130 3191 ἐμφυσῆσαι
1188 3128 1267 3198 τῷ
1321 3135 1475 3203 παρὰ
1533 3136 1629 3188 τοῦ
1667 3112 1972 3213 *Σαταναὴλ

2081 3132 2179 3186 pus
2206 3119 2520 3186 illustraret,
2559 3135 2613 3179 et
2646 3127 2927 3198 multiplici
2954 3134 3128 3198 gratia
3174 3112 3479 3193 decorar—et.
3522 3139 3654 3196 Post

388 3207 683 3264 πλασθέντι
708 3215 928 3285 πνεῦμα
951 3215 1117 3287 ζωῆς,
1145 3224 1241 3276 καὶ
1262 3225 1519 3290 γενέσθαι
1546 3232 1857 3298 παραυτίκα
1883 3207 1973 3289 τόν

387 3299 681 3372 ἄνθρωπον
711 3306 790 3369 εἰς
829 3307 1009 3381 ψυχὴν
1040 3311 1229 3376 ζῶσαν,
1254 3314 1658 3386 λαμπρύνασαν
1686 3323 1743 3376 τὸ
1775 3326 1968 3394 σῶμα,

388 3393 484 3442 καὶ
533 3394 757 3458 πολλαῖς
804 3400 940 3453 αὐτὸ
981 3407 1500 3476 καταφαιδρύνασαν
1536 3413 1778 3482 χάρισιν.
1836 3415 1970 3470 Εἶτα

385 3482 488 3551 τῆς
524 3483 668 3549 Εὔας
694 3489 897 3558 ὁμοίως
924 3491 1139 3550 ἐκεῖθεν
1172 3502 1517 3572 ποιηθείσης.
1555 3507 1645 3558 καὶ
1674 3511 1793 3569 ταῖς
1826 3510 1969 3572 ἴσαις

385 3573 833 3648 ἁπαστραψάσης
854 3582 1228 3655 λαμπρότησι,
1259 3592 1526 3657 φθονῆσαι
1544 3594 1635 3644 τὸν
1661 3594 1968 3664 Σαταναὴλ,

385 3664 483 3715 καὶ
525 3669 1015 3740 μεταμεληθῆναι,
1052 3676 1146 3727 καὶ
1180 3678 1470 3746 κινηθῆναι
1508 3682 1643 3749 πρὸς
1678 3685 1971 3756 ἐπιϐουλὴν

384 3754 481 3806 106
521 3756 841 3825 πλάσματος
882 3763 976 3814 τοῦ
1012 3764 1175 3828 ἰδίου,
1212 3768 1306 3819 καὶ
1338 3770 1628 3840 εἰσρυῆναι
1660 3778 1773 3838 τοῖς
1798 3754 1968 3846 ἐγκά-

381 3861 498 3909 τοις
530 3846 624 3900 τοῦ
653 3848 854 3917 ὄφεως,
887 3854 981 3906 καὶ
1012 3856 1356 3929 ἐξαπατῆσαι
1384 3862 1479 3933 τὴν
1513 3866 1678 3930 Εὕαν,
1713 3871 1806 3922 καὶ
1841 3888 1971 3940 συγ-

383 3934 644 3999 γενέσθαι
672 3941 836 4011 αὐτῇ,
872 3945 972 3998 καὶ
1005 3949 1231 4018 ποιῆσαι
1269 3951 1490 4019 ἔγκυον,
1530 3957 1616 4009 ἴνα
1650 3960 1713 4011 τὸ
1745 3934 1968 4032 σπέρμα

383 4026 578 4082 τούτου
612 4030 885 4099 προλαόδν
918 4040 1301 4113 κατακυριεύῃ
1339 4043 1433 4097 τοῦ
1466 4046 1759 4117 ὰδαμιαίου
1796 4026 1966 4125 σπέρο

389 4133 588 4184 ματος,
624 4120 721 4176 καὶ
752 4121 829 4186 ὡς
861 4121 970 4178 οἷόν
1005 4144 1064 4179 τε
1098 4128 1428 4205 διαφθείρῃ,
1463 4138 1558 4190 καὶ
1598 4139 1673 4210 μή
1706 4120 1964 4216 συγχωρῇ

385 4208 715 4274 αὐξάνεσθαι
766 4216 861 4269 καὶ
890 4218 1286 4288 πληθύνεσθαι.
1320 4224 1432 4297 Τὴν
1456 4227 1513 4280 δὲ
1534 4208 1747 4302 ταχέως
1774 4208 1968 4307 ὧδινήζ

388 4317 560 4355 σασαν
592 4303 969 4378 ἀπογεννῆσαι
1008 4310 1099 4363 τὸν
1138 4314 1279 4367 Κάϊν
1314 4318 1379 4369 ὲκ
1409 4322 1508 4389 τῆς
1545 4326 1837 4391 συνουσίας
1866 4303 1963 4382 106

385 4393 694 4468 Σαταναὴλ,
725 4399 822 4451 καὶ
846 4399 1086 4473 ἀδελφὴν
1116 4403 1338 4477 δίδυμον
1369 4410 1729 4484 ὁμοιότροπον
1749 4458 1764 4481 ,
1791 4419 1963 4492 ὄνομα

2077 3219 2257 3264 autem
2287 3228 2407 3267 cum
2440 3215 2549 3271 Eva
2582 3218 2707 3272 item
2740 3235 2801 3274 ex
2836 3236 2900 3276 eo
2928 3224 3121 3280 fuisset
3151 3227 3402 3295 formata,
3434 3234 3649 3288 eodem-

2072 3316 2176 3371 que
2201 3314 2347 3359 esset
2379 3306 2568 3364 affecta
2596 3311 2904 3380 splendore,
2934 3314 3185 3371 Satanael
3242 3320 3443 3375 invidia
3498 3339 3615 3378 com
3637 3357 3649 3364 -

2072 3407 2276 3451 malum
2304 3402 2627 3456 sententiam
2662 3415 2897 3462 mutasse
2962 3419 3016 3463 et
3040 3410 3106 3464 ad
3158 3411 3382 3469 insidias
3434 3418 3651 3485 proprio

2072 3487 2329 3555 ﬁgmento
2391 3496 2675 3548 struendas
2736 3513 2794 3551 se
2847 3504 3205 3569 convertisse,
3272 3516 3327 3560 et
3382 3493 3649 3576 serpentis

2072 3577 2702 3637 visceribusinﬂuentem
2733 3588 3013 3657 decepisse
3074 3592 3263 3659 Evam,
3302 3606 3356 3650 et
3391 3613 3511 3652 cum
3556 3601 3645 3654 illa

2070 3672 2516 3727 consuetudinem
2544 3676 2817 3744 habuisse,
2850 3690 2905 3735 ut
2934 3697 2993 3736 ea
3033 3691 3242 3740 uterum
3287 3702 3528 3757 gerente.
3560 3709 3648 3749 se-

2073 3775 2192 3815 men
2232 3762 2402 3831 ipsius
2426 3766 2619 3821 semini
2657 3769 2825 3825 Adam
2882 3777 3133 3840 anteiret,
3188 3790 3240 3832 et
3298 3783 3474 3850 quoad
3532 3785 3646 3839 ﬁeri

2070 3866 2250 3919 posset
2288 3854 2416 3909 illud
2438 3871 2833 3929 corrumperet,
2876 3880 2972 3918 nec
3021 3870 3206 3937 augeri
3265 3873 3643 3942 multiplicari-

2069 3959 2172 4010 que
2200 3946 2556 4014 permitteret.
2584 3949 2688 4005 Sed
2723 3951 2885 4006 Evam
2948 3972 3069 4012 mox
3130 3960 3411 4017 doloribus
3462 3976 3646 4032 partus

2067 4034 2312 4091 allec-tam
2340 4040 2614 4108 peperisse
2656 4042 2787 4097 Cain
2845 4061 2907 4099 ex
2969 4052 3261 4104 concubitu
3322 4053 3643 4119 Satanaelis,

2066 4137 2120 4181 et
2152 4145 2394 4186 sororem
2425 4134 2472 4187 ei
2498 4134 2752 4203 similem,
2790 4138 2875 4191 cui
2934 4156 3130 4195 nomen
3186 4142 3288 4197 fuit
3348 4146 3641 4215 Calonena,

2064 4223 2237 4277 Adam
2272 4239 2401 4281 vero
2434 4226 2780 4283 armulatione
2803 4239 3133 4287 eommotmn
3167 4248 3281 4289 rem
3307 4236 3478 4306 ipsam
3507 4254 3643 4309 quo-

2064 4329 2171 4383 que
2210 4316 2460 4373 habuisse
2492 4334 2613 4373 cum
2640 4320 2767 4387 Eva,
2818 4330 2872 4376 et
2924 4323 3057 4378 Abel
3116 4329 3441 4395 suscepisse.
3480 4347 3639 4398 quem

2061 4407 2244 4477 statim
2269 4408 2593 4466 interﬁciens
2615 4410 2771 4477 Cain,
2800 4412 3150 4471 hontieidium
3178 4418 3231 4472 in
3259 4424 3422 4473 vitam
3446 4423 3639 4477 intulit.

383 4486 521 4556 αὕτῇ
547 4488 878 4560 Καλωμενὰ.
916 4492 1371 4569 ζηλοτυπήσαντα
1399 4503 1454 4556 δὲ
1489 4505 1582 4560 τὸν
1624 4510 1800 4580 Ἀδὰμ
1834 4486 1959 4568 συν-

2076 4499 2299 4568 ldcoque
2334 4499 2594 4557 Joannem
2648 4504 2951 4573 apostolum
2988 4507 3208 4574 dixisse,
3246 4514 3386 4579 quod
3406 4513 3538 4567 Cain
3576 4530 3640 4585 ex
3735 4563 3741 4567 _

384 4577 560 4631 ελθεῖν
589 4582 685 4633 καὶ
712 4584 874 4635 αὑτὸν
896 4587 964 4656 τῇ
996 4587 1128 4659 Εὕα,
1159 4591 1254 4644 καὶ
1284 4595 1544 4665 γεννῆσαι
1567 4600 1659 4654 τὸν
1689 4577 1876 4671 Ἀδελ,
1904 4606 1964 4661 ὃν

382 4669 591 4723 ἀνελὼν
607 4671 770 4737 εὐθὺς
792 4678 819 4727 ό
847 4677 1010 4745 Κάῖν,
1030 4678 1123 4732 τὸν
1142 4683 1303 4749 φόνον
1327 4688 1405 4743 εἰς
1421 4688 1513 4741 τδν
1538 4689 1652 4759 βίον
1676 4669 1959 4765 εἰσήγαγε.

383 4761 484 4814 Διὰ
516 4761 675 4816 τοῦτο
711 4766 807 4819 καὶ¹
839 4765 932 4820 τὸν
994 4772 1295 4828 ἀπόστολον
1354 4778 1611 4852 Ἰωάννην
1644 4761 1854 4850 εἰπεῖν,
1882 4761 1963 4844 ότι

382 4846 408 4897 ὁ
436 4848 573 4901 Κάῖν
595 4851 655 4903 ὲκ
672 4850 767 4904 τοῦ
798 4854 1041 4926 πονηροῦ
1066 4853 1155 4928 ἦν,
1181 4862 1276 4914 106
1297 4846 1582 4939 Σαταναὴλ
1607 4874 1791 4940 μέντοι
1825 4846 1961 4947 συμ-

382 4938 681 5010 φθαρέντες
724 4945 971 5015 ἀσελγῶς
1016 4953 1081 5022 τῇ
1132 4952 1246 5027 Εὕα
1282 4955 1371 5011 διὰ
1418 4961 1585 5030 μέσου
1610 4938 1721 5019 ντοῦ
1759 4938 1959 5039 ὄφεως,

380 5029 747 5103 ἀφαιρεθῆναι
776 5037 871 5089 ἀπ’
896 5039 1061 5093 αὐτοῦ
1093 5043 1193 5113 τὴν
1222 5046 1369 5102 θείαν
1398 5029 1598 5107 αὐτίκα
1624 5059 1719 5110 καὶ
1742 5029 1957 5129 στολὴν,

381 5124 475 5176 καὶ
514 5126 749 5196 μορφὴν,
778 5130 873 5183 καὶ
906 5133 1005 5202 τὴν
1043 5135 1465 5211 δημιουργικὴν,
1497 5144 1572 5208 ὡς
1602 5147 1838 5220 εἴρηται,
1867 5124 1962 5206 δῑύέ

384 5232 562 5285 ναμιν,
592 5220 687 5272 καὶ
707 5221 806 5290 τὴν
826 5222 921 5276 106
952 5224 1085 5278 Θεοῦ
1116 5233 1510 5303 προσηγορίαν.
1540 5238 1673 5291 Θεὸν
1697 5242 1805 5312 γὰρ
1831 5245 1958 5314 ἄχρι

380 5311 498 5361 τότε
523 5312 616 5363 καὶ
644 5314 806 5367 αὑτὸν
835 5316 1218 5386 ὀνομάζεσθαι.
1246 5324 1352 5376 Καὶ
1372 5327 1725 5395 γυμνωθέντα

377 5402 635 5455 ἁπάντων
696 5408 974 5461 σκοτεινὸν
1038 5413 1334 5481 γενέσθαι,
1394 5419 1489 5471 καὶ
1547 5419 1787 5493 δυσειδῆ.
1854 5429 1957 5481 Τὸν

378 5492 424 5545 δ’
451 5495 658 5561 ἀγαθὸν
688 5498 904 5569 Πατέρα
929 5503 1090 5574 μέχρι
1121 5506 1313 5561 τούτου
1338 5512 1615 5581 στήσαντα
1636 5516 1734 5585 τὴν
1757 5492 1953 5586 όργὴν,

378 5586 597 5651 ἀφεῖναι
629 5588 819 5645 τοῦτον
843 5598 1260 5669 κοσμοκράτορα
1307 5603 1400 5655 καὶ
1428 5603 1639 5675 κύριον,
1690 5603 1763 5660 ὧν
1795 5611 1956 5675 αὐτὸς

379 5676 800 5747 ἐδημιούργησε,
834 5685 1015 5740 πεσὼν
1035 5688 1262 5747 ἄνωθεν.
1295 5690 1480 5749 Ταῦτα
1516 5700 1614 5767 μὲν
1639 5699 1865 5757 ἐκείνων
1889 5706 1955 5759 τὰ

454 5791 468 5821 ¹
501 5791 697 5849 Ηυειιι.
727 5812 807 5864 ιιι,
836 5799 918 5854 l2.

2070 4592 2303 4663 maligno
2334 4605 2452 4651 erat
2488 4596 2527 4649 ¹.
2573 4596 2840 4653 Οαιιεινιιιη
2883 4615 3008 4655 cum
3072 4602 3322 4658 Satanael
3372 4606 3641 4674 impudice

2065 4697 2187 4737 cum
2248 4685 2355 4739 Eva
2417 4701 2514 4757 per
2579 4699 2883 4759 serpentem
2940 4702 3395 4762 corrumperetur,
3459 4697 3638 4751 divina

2067 4770 2233 4828 fuisse
2256 4777 2435 4831 statim
2456 4777 2724 4848 privatum
2741 4778 2908 4834 forma
2928 4797 2991 4835 ac
3009 4783 3349 4849 vestimento,
3370 4794 3422 4839 et
3443 4802 3637 4840 crean-

2065 4864 2115 4918 di
2150 4865 2422 4934 facultate,
2470 4880 2526 4923 et
2582 4868 2677 4925 Dei
2721 4872 3097 4941 appellatione.
3151 4876 3346 4943 quibus
3371 4878 3637 4947 ademptis

2065 4958 2224 5013 rebus
2256 4962 2652 5017 tenebricosum
2708 4971 2869 5032 atque
2933 4964 3184 5017 omnibus
3226 4967 3452 5020 invisum
3508 4984 3635 5023 eva-

2062 5052 2220 5107 sisse.
2252 5054 2357 5107 Sed
2389 5054 2587 5108 bonmu
2618 5055 2832 5109 Patrem
2866 5057 2946 5110 sic
2971 5056 3303 5112 iracundiam
3340 5070 3635 5127 temperas-

2060 5156 2140 5208 se,
2205 5152 2263 5196 ut
2321 5145 2659 5211 permitteret
2705 5160 2827 5199 eum
2900 5156 3173 5200 auctorem
3233 5161 3295 5201 ac
3355 5149 3630 5204 dominmn

2061 5249 2244 5288 eorum
2279 5248 2421 5297 esse,
2451 5252 2567 5305 qua!
2592 5237 2705 5306 ipse
2739 5254 2769 5293 e
2793 5238 3116 5293 sublimibus
3147 5240 3349 5293 cadens
3378 5242 3631 5295 condide-

2059 5332 2161 5377 rat.
2196 5321 2497 5379 lstiusmodi
2529 5336 2657 5380 sunt
2714 5328 2955 5395 ipsorum
3022 5327 3234 5381 fabulae.
3292 5328 3479 5384 Verum
3530 5349 3630 5388 cur

2062 5429 2164 5468 non
2187 5415 2358 5482 potuit
2386 5416 2540 5484 aquis
2567 5417 2822 5480 insidere,
2868 5420 2974 5472 inm
3011 5434 3158 5481 vero,
3193 5422 3407 5488 quando
3432 5439 3625 5490 corpo-

2060 5519 2117 5557 ra
2149 5519 2360 5572 quoque
2402 5505 2638 5561 insident
2678 5508 2981 5574 aquis,.cu~r
3003 5509 3118 5578 ipse
3152 5528 3255 5564 una
3301 5528 3422 5565 eum
3476 5520 3629 5572 dete-

2066 5593 2330 5648 ctricibus
2370 5595 2473 5649 illis
2510 5596 2889 5662 potestatibus,
2920 5600 3330 5667 propriumnon
3366 5599 3549 5656 habuit
3573 5607 3627 5659 in

2058 5688 2212 5757 aquis
2265 5687 2646 5745 domicilium?-
2691 5692 3124 5760 quamloquidem
3187 5710 3325 5748 nunc
3373 5697 3534 5750 etiam
3574 5698 3629 5752 in
