4012 6216
367 910 381 953 ιλ
466 935 573 986 quo
592 923 807 991 quidem
839 920 1165 974 Patreinitio
1189 929 1327 985 erat,
1347 930 1501 973 utero
1527 918 1692 988 ipsius
1720 917 2035 972 conclusus.

465 260 602 327 1303
1691 252 2076 317 EUTHYMII
2117 252 2482 317 ZIGABENI
3575 252 3733 317 13οι

462 378 531 437 et.
558 388 674 443 qua:
708 380 793 428 est
818 371 1547 457 angelica,permisisseque,
1580 377 1638 426 ut
1667 383 1772 424 non
1798 366 2031 423 Satana-

2139 368 2394 439 ὀνόματος
2417 367 2581 422 αὐτοῦ
2606 366 2684 434 τὸ,
2713 368 2800 439 ήλ,
2821 367 2895 434 ὡς
2913 368 3227 440 ἀγγελικόν.
3272 370 3567 439 Σαταναὴλ
3614 376 3737 445 γὰρ

462 467 530 528 ει.
563 468 659 521 sed
694 458 897 520 Salaria
929 456 1323 521 nominaretur.
1353 462 1582 532 Expleto
1637 470 1815 515 autem
1869 456 2033 513 mini-

2139 461 2490 530 καλούμενον,
2518 462 2766 515 Σατανᾶν
2798 462 3010 534 ἀφῆκεν
3040 461 3429 531 ὀνομάζεσθαι,
3462 465 3566 517 καὶ⁸
3606 465 3737 517 λοι-

463 557 653 618 sterio.
687 568 905 626 propter
926 558 1068 625 quod
1094 540 1336 620 venerat,
1367 553 1676 609 adPatrem
1723 550 2031 614 revertisse,

2139 554 2236 605 πὸν
2269 554 2637 625 πληρώσαντα
2679 554 3111 626 ὲγχειρισθεϊσαν
3145 555 3424 610 διακονίαν
3475 558 3739 627 ἀναδραο

465 660 519 704 et
546 649 611 704 ad
654 651 794 705 illius
826 650 1102 704 dexteram
1133 648 1371 703 assidere
1406 647 1460 700 in
1504 647 1658 710 solio,
1687 658 1751 700 ex
1779 658 1887 712 quo
1937 642 2034 695 Sa.

2140 648 2260 717 μεῖν
2304 648 2383 710 εις
2416 646 2505 699 τδν
2548 647 2789 717 Πατέρα,
2828 648 2921 701 καὶ
2959 647 3189 701 καθίσαι
3223 648 3279 700 ὲν
3313 648 3465 719 δεξιᾷ
3499 652 3587 711 είς
3638 652 3739 701 τδν

466 739 641 793 tanael
679 738 849 793 fuerat
879 740 1102 807 eiectus.
1138 738 1340 792 Deinde
1397 738 1523 805 illuc
1586 734 1857 799 introisse,
1896 732 2035 785 umle

2139 740 2325 810 θρόνον
2360 739 2455 792 τοῦ
2490 738 2891 812 ἀπορριφέντος
2928 740 3212 810 Σαταναήλ
3235 781 3250 804 ,
3286 736 3407 805 εἶτα
3442 743 3743 795 εἰσελθεῖν

464 832 694 896 exierat,
717 840 768 884 et
797 830 846 882 iu
881 830 1091 885 Patrem
1126 816 1321 884 Iterum
1370 830 1557 885 fuisse
1610 827 1932 890 resolutum,
1980 824 2031 876 in

2139 832 2257 885 ὅθεν
2289 833 2501 903 ἐξῆλθε,
2535 834 2630 887 καὶ
2662 832 2995 901 ἀναλυθῆναι
3025 831 3192 884 πάλιν
3219 834 3298 894 είς
3324 834 3418 886 τόν
3448 836 3695 905 Πατέρα
3723 876 3739 897 ,

2137 928 2216 986 είς
2255 924 2314 976 ὃν
2353 927 2409 977 ἐν
2439 923 2579 994 ἀρχῇ
2614 925 2680 993 τῇ
2714 923 2913 994 γαστρὶ
2950 922 3146 976 τούτου
3190 924 3741 990 συγκεκλεισμένος.

2148 1013 2290 1069 Ἀλλ’
2332 1013 2471 1067 ίτέον
2496 1014 2629 1084 ἡμῖν
2663 1013 2799 1084 πρὸς
2840 1017 2931 1066 τὸν
2972 1013 3194 1082 ἔλεγχον
3226 1014 3335 1066 τῶν
3374 1014 3436 1064 ὲν
3470 1016 3595 1075 τοῖς
3631 1014 3740 1084 ἤδη

2138 1106 2383 1178 ῥηθεῖσιν
2409 1106 2584 1176 ἀτοπη
2594 1106 2804 1176 μάτων.
2826 1104 3050 1175 Πρῶτον
3074 1105 3173 1173 μὲν
3196 1106 3254 1158 οὐ
3287 1106 3495 1167 πάντες
3520 1108 3571 1156 οἱ
3599 1124 3743 1175 μνη-

466 1207 744 1249 morantur
778 1196 827 1249 in
864 1194 1188 1263 genealogiis
1232 1194 1462 1247 Matthxi
1525 1200 1577 1246 et
1606 1191 1761 1245 Lucae
1808 1204 2035 1258 evange-

2141 1198 2489 1270 μονευθέντες
2522 1200 2579 1251 ἐν
2604 1200 2725 1260 ταῖς
2742 1197 3119 1264 γενεαλογίαις
3148 1196 3257 1248 τῶν
3284 1197 3739 1263 εὐαγγελιστῶν,

463 1288 731 1350 listurum,
763 1286 897 1352 grati
922 1286 1141 1340 fuerunt
1164 1285 1297 1349 Deo,
1333 1274 1654 1353 quin‘iitiam
1686 1276 1836 1335 multi
1866 1279 2035 1335 muni-

2139 1294 2229 1347 τοῦ
2252 1309 2311 1345 τε
2337 1291 2615 1347 Ματθαίου
2635 1291 2729 1343 καὶ
2754 1288 2850 1342 τοῦ
2875 1290 3078 1352 Λουκᾶ,
3104 1289 3373 1357 θεοφιλεῖς
3396 1284 3572 1360 ἦσαν,
3597 1291 3741 1343 ἀλλὰ

466 1369 532 1427 uo
556 1375 804 1444 improbi.
832 1387 886 1431 et
914 1376 1282 1447 injustiatque
1318 1369 1490 1445 impii,
1527 1383 1584 1428 ut
1617 1390 1683 1428 ex
1732 1372 1910 1437 libris,
1944 1372 2034 1441 qui

2139 1388 2280 1457 πλὴν
2331 1386 2529 1455 ὀλίγων
2574 1386 2621 1438 oi
2671 1383 2852 1437 λοιποὶ
2894 1385 3247 1437 παντάπασιν
3287 1384 3578 1453 ἀδόκιμοι,
3636 1385 3740 1439 καὶ

464 1468 600 1520 vitas
638 1468 1178 1534 eorum'continent,
1220 1466 1440 1536 intelligi
1475 1472 1671 1534 potest.
1732 1464 1880 1529 Quos
1913 1461 2035 1530 qui~

2139 1478 2439 1541 δυσσεόεῖς,
2470 1477 2567 1530 καὶ
2599 1476 2927 1547 παράνομοι.
2960 1475 3071 1527 Καὶ
3099 1473 3260 1526 τοῦτο
3282 1473 3443 1544 δῆλον
3474 1476 3593 1528 ἀπὸ
3624 1477 3741 1529 τῶν

430 1561 586 1629 -deni
646 1557 837 1614 libros.
881 1558 1271 1630 licetrejiciaut
1326 1557 1624 1646 ,Bogomiu,
1693 1570 1796 1609 non
1858 1563 2035 1607 tamen

2142 1571 2345 1643 βίϐλων
2369 1607 2383 1632 ,
2419 1569 2475 1621 αἶ
2507 1570 2631 1631 τοὺς
2663 1568 2813 1637 βίους
2843 1565 3022 1619 αὐτῶν
3054 1566 3446 1637 ἀναγράπτους
3480 1568 3734 1637 ἔχουσιν.

464 1660 692 1717 possunt
726 1650 927 1714 dicere,
954 1650 1311 1719 evangelistas
1341 1642 1481 1704 aliisf
1501 1665 1564 1703 ex
1596 1647 1749 1717 libris
1799 1645 2035 1713 ipsorum

2144 1642 2206 1717 Et
2240 1663 2347 1733 γὰρ
2372 1662 2468 1715 καὶ
2496 1661 2749 1715 ἀθετοῦσι
2788 1658 2992 1723 ταύτας
3018 1660 3067 1711 oi
3098 1658 3391 1727 Βογόμιλοι
3419 1700 3433 1721 ,
3469 1659 3595 1711 ἀλλ’
3629 1660 3737 1711 οὐκ

467 1009 572 1064 Sed
607 1012 716 1079 jam
748 1011 905 1067 nobis
934 1013 1295 1068 accedendum
1332 1006 1510 1065 est'ad
1559 1011 1781 1065 istorum
1808 1007 2037 1076 ineptias

464 1101 843 1157 confutandus.
929 1102 1165 1156 Primum
1225 1117 1331 1155 non
1394 1116 1581 1156 omnes
1628 1100 1718 1167 qui
1800 1111 2037 1152 comme.

328 1812 333 1819 .
386 1818 389 1819 ν
468 1741 685 1793 nomina
706 1736 1133 1808 ﬂeprompsisse.
1167 1741 1445 1807 Quomodo
1477 1742 1642 1810 igitur
1682 1751 1907 1808 quorum
1928 1734 2035 1787 vita

2146 1756 2211 1815 ἂν
2234 1754 2408 1824 ἔχοιεν
2438 1756 2632 1816 εἰπεῖν,
2658 1752 2740 1806 ὅτι
2766 1751 2861 1820 ἀφ’
2891 1750 3094 1820 ἐτέρων
3125 1752 3172 1802 oi
3206 1749 3606 1818 εὐαγγελισταὶ
3632 1751 3737 1812 τὰς

461 1828 544 1883 vel
576 1831 867 1899 ipsaterra
900 1830 1005 1887 fuit
1031 1832 1267 1902 indigna,
1301 1833 1335 1886 ii
1367 1832 1419 1887 in
1451 1831 1647 1887 cmlum
1680 1828 2034 1884 ascendentes

2144 1847 2349 1901 τούτων
2386 1847 2714 1916 ἐποιήσαντο
2752 1845 2991 1915 μνήμας.
3030 1842 3139 1896 Καὶ
3172 1842 3308 1905 πῶς.
3342 1834 3418 1895 ὢν
3450 1839 3520 1912 ἦν
3550 1845 3578 1893 6
3608 1842 3736 1911 βίος

462 1938 524 1973 ea
550 1923 728 1977 sortiti
788 1925 897 1978 sint
926 1924 1064 1988 loca,
1098 1940 1162 1980 ex
1219 1926 1413 1994 quibus
1471 1923 1643 1993 angeli
1678 1916 2035 1975 deciderant?

2144 1934 2365 1998 ἀνάξιος
2391 1933 2485 1986 καὶ
2511 1934 2613 2001 τῆς
2636 1933 2760 2002 γῆς,
2782 1933 2861 1996 είς
2880 1931 2972 1985 τόν
3005 1932 3239 2001 οὐρανὸν
3262 1932 3557 1991 ἀναϐάντες
3588 1932 3734 1995 τοὺς

458 2012 727 2068 Praeterea
753 2015 1018 2083 quomodo
1040 2016 1085 2069 is
1116 2016 1205 2083 qui
1229 2014 1408 2069 omnia
1440 2015 1612 2079 novit,
1634 2028 1739 2066 non
1774 2010 1878 2064 nisi
1912 2022 2035 2063 sero

2143 2027 2342 2087 τόπους
2394 2025 2782 2097 ἐκληρώσαντο
2822 2024 2930 2078 τῶν
2974 2025 3365 2079 ἀποπεσόντων
3422 2024 3724 2091 intra)»;

460 2116 521 2156 se
552 2117 581 2155 a
623 2104 909 2158 Satanaele
933 2104 1101 2173 decipi
1133 2104 1555 2158 animadvertit?
1604 2104 1679 2155 Ac
1710 2116 1778 2156 ne
1827 2100 2034 2170 singula

2144 2119 2265 2179 Πῶς
2298 2117 2355 2170 δὲ
2385 2118 2479 2169 καὶ
2503 2116 2602 2186 ὀψέ
2634 2132 2765 2168 ποτε
2792 2116 2993 2184 συνῆκε
3022 2113 3451 2183 κατασοφισθεὶς
3480 2114 3593 2165 ὺπδ
3624 2112 3732 2165 τοῦ

464 2204 515 2247 et
542 2208 660 2263 qua:
683 2194 815 2249 nihil
865 2203 956 2247 aut
991 2209 1180 2264 parum
1235 2194 1473 2249 olliciuut
1523 2192 1733 2247 veritati
1788 2190 2035 2246 subtilius

2142 2209 2423 2281 Σαταναὴλ
2469 2211 2497 2262 6
2550 2208 2728 2262 πάντα
2782 2206 2939 2271 εἰδὼς
2990 2208 3122 2277 πρὶν
3167 2206 3444 2275 γενέσεως
3498 2205 3730 2267 αὐτῶνς

466 2301 879 2357 persequantur,
911 2286 954 2342 si
980 2302 1121 2341 anno
1155 2287 1440 2355 quinquies
1462 2286 1749 2340 millesimo
1772 2284 2033 2353 quingen-

2143 2303 2260 2358 Ἵνα
2289 2303 2345 2357 δὲ
2381 2302 2476 2356 καὶ
2508 2301 2707 2370 ἑφεξῆς
2750 2299 3229 2370 παραδράμωμεν,
3279 2299 3462 2367 μικρὰ
3499 2298 3535 2367 ἦ
3573 2297 3732 2350 οὐδὲν

467 2381 665 2435 tesimu
698 2380 931 2435 VcrLum
962 2391 1019 2435 et
1048 2381 1240 2435 Filiqu
1270 2381 1450 2435 divina
1501 2391 1554 2435 et
1577 2394 1774 2434 arcana
1819 2391 2035 2448 genera-

2142 2393 2519 2465 λυμαινόμεθα
2546 2395 2610 2465 τῇ
2641 2392 2888 2462 ἀληθείᾳ,
2922 2394 2969 2443 εί
2999 2393 3057 2443 ὲν
3084 2390 3163 2461 τῷ
3193 2389 3735 2459 πεντακισχιλιοστῷ

462 2474 609 2532 tione
660 2474 817 2528 Pater
858 2477 1065 2545 genuit,
1126 2474 1395 2544 quomodo
1461 2471 1695 2528 Joannes
1762 2471 2035 2538 apostolus

2142 2488 2251 2541 ἔτει
2273 2488 2364 2540 τὸν
2392 2486 2565 2555 Λόγον
2597 2486 2691 2539 καὶ
2714 2486 2844 2538 Υίὸν
2874 2484 3168 2555 ἐγέννησεν
3188 2486 3215 2537 ό
3240 2485 3395 2553 Πατὴ
3406 2502 3438 2553 ρ
3463 2484 3614 2535 κατὰ
3634 2486 3736 2553 τὴν

462 2564 658 2619 clamat
692 2580 709 2617 ι
737 2562 799 2616 In
822 2565 1074 2635 principio
1098 2573 1211 2617 erat
1265 2562 1507 2627 Verbum,
1528 2574 1577 2617 et
1655 2560 1873 2616 Verbum
1920 2570 2034 2615 erat

2143 2578 2296 2632 θείαν
2342 2576 2436 2629 καὶ
2491 2576 2803 2648 ἀπόρρητον
2854 2574 3131 2643 γέννησιν,
3168 2574 3285 2636 πῶς
3341 2576 3371 2625 6
3425 2574 3734 2633 ἀπόστολος

463 2657 608 2724 apud
632 2654 816 2720 Deum,
841 2665 889 2709 et
917 2652 1056 2708 Deut
1110 2666 1220 2709 erat
1283 2653 1547 2709 Verbum?
1588 2653 1718 2709 [tem
1768 2655 2035 2723 quomodo

2153 2670 2404 2735 Ἰωάννης
2443 2667 2745 2735 κέκραγεν.
2789 2667 2893 2718 Ἐν
2924 2662 3083 2734 ἀρχῇ
3114 2660 3193 2733 ἦν
3223 2666 3255 2714 ὁ
3285 2664 3491 2733 Λόγος
3512 2704 3527 2727 ,
3567 2665 3668 2715 καὶ
3704 2665 3735 2716 d

463 2753 642 2805 omnia
680 2765 768 2817 per
790 2751 960 2818 ipsum
1007 2748 1153 2818 facta
1190 2758 1334 2815 sunt,
1384 2758 1431 2801 et
1464 2748 1574 2801 sine
1610 2749 1722 2815 ipso
1766 2763 1828 2801 ite
1872 2761 2034 2799 unum

2143 2763 2331 2830 Λόγος
2369 2757 2445 2830 ἥν
2475 2759 2621 2830 πρὸς
2651 2752 2758 2812 τὸν·
2795 2756 2976 2820 Θεὸν,
3006 2757 3105 2810 καί
3140 2756 3288 2822 Θεὸς
3319 2752 3401 2827 ἦν
3434 2760 3470 2809 ό
3503 2758 3736 2823 Λόγος-ς

463 2844 671 2915 quidem
690 2842 890 2913 factum
938 2850 1036 2906 est,
1093 2849 1151 2894 ut
1186 2841 1325 2895 idem
1361 2840 1476 2895 ait?
1509 2839 1618 2895 Cur
1661 2850 1715 2894 et
1759 2838 2035 2906 apostolus

2146 2856 2270 2916 Πῶς
2306 2854 2363 2907 δὲ
2399 2851 2492 2905 καὶ
2532 2850 2729 2904 πάντα
2758 2848 2833 2902 δι’
2872 2848 3059 2903 αὐτοῦ
3090 2847 3369 2915 ἐγένετο,
3402 2848 3507 2900 καὶ
3554 2848 3739 2915 χωρὶς

464 2935 661 2992 Paulus
695 2950 790 3003 per
816 2935 989 3005 ipsqu
1014 2934 1147 2989 dixit
1178 2944 1233 2990 et
1271 2931 1468 2990 saecula
1492 2930 1707 2986 Patrem
1746 2931 1939 2985 fecisse
1974 2928 2037 2982 ’ἲ

2146 2946 2332 3002 αὑτοῦ
2385 2944 2624 3011 ἐγένετο
2654 2942 2794 2997 οὐδὲ
2816 2940 2886 2995 ἐν
2914 2940 2945 2993 ὃ
2969 2941 3235 3010 γέγονεν,
3264 2940 3343 3004 ὡς
3370 2942 3399 2993 6
3428 2940 3602 2993 αὐτὸς
3634 2940 3737 2991 πεξ-

463 3027 598 3083 Nam
625 3028 768 3096 quod
799 3026 1111 3081 Michaelcm
1164 3026 1545 3095 archangelum
1602 3036 1787 3077 natura
1847 3022 2034 3077 dicunt

2145 3039 2228 3092 λιν
2273 3036 2436 3106 (pridi;
2466 3035 2588 3094 Πῶς
2616 3035 2671 3087 δὲ
2706 3035 2801 3088 καὶ
2846 3035 2873 3086 6
2912 3032 3211 3095 ἀπόστολος
3248 3032 3472 3092 Παῦλος
3515 3033 3730 3101 ἔλεγεν,

462 3134 585 3175 esse
613 3117 808 3173 Filium
849 3116 944 3171 Dei
972 3128 1024 3171 et
1054 3116 1359 3179 Dominum,
1397 3116 1488 3186 qui
1516 3117 1676 3169 homo
1706 3116 1874 3169 factus
1895 3113 2039 3168 salu-

467 3220 580 3267 tem
619 3212 909 3265 humanam
951 3217 1241 3263 exsecutus
1268 3218 1377 3273 est,
1408 3206 1773 3263 incredibilem
1798 3207 2038 3275 ipsorum

464 3302 851 3370 impudentiam
899 3300 1158 3353 admiror.
1187 3298 1241 3352 Si
1273 3299 1413 3351 enim
1434 3296 1659 3350 Michael
1681 3296 2041 3366 archangelus

462 3404 684 3449 creatus
742 3400 845 3457 est,
894 3400 949 3445 et
998 3403 1209 3452 servus.
1267 3397 1326 3439 ut
1387 3386 1605 3456 reliquae
1650 3388 1781 3441 item
1851 3400 2039 3441 omnes

464 3483 713 3538 ctelestos
734 3490 1047 3551 pmestates,
1076 3480 1344 3547 quomodo
1385 3488 1576 3533 natura
1608 3478 1773 3533 Filius
1811 3489 1864 3532 et
1896 3478 2035 3546 ejus-

464 3576 584 3630 dem
609 3575 859 3626 essentia:
882 3588 1002 3626 cum
1034 3570 1230 3626 Patre?
1250 3569 1363 3624 Nisi
1386 3569 1525 3625 forte
1550 3568 1763 3625 Patrem
1791 3581 2036 3625 creatum

464 3677 519 3722 et
558 3668 640 3721 sui
693 3666 860 3735 ipsius
920 3680 1135 3719 servum
1196 3677 1317 3717 esse
1367 3662 1573 3727 dicant,
1621 3661 1762 3730 quod
1820 3661 2035 3730 quidem

462 3759 759 3814 absurdqu
786 3769 888 3820 est.
921 3756 1129 3827 sibique
1159 3770 1481 3825 repugnans.
1516 3753 1828 3823 Appellatur
1856 3761 2035 3807 autem

469 3849 648 3917 magni
698 3847 911 3901 consilii
968 3846 1189 3915 angelus
1238 3846 1353 3914 ipse
1416 3844 1584 3900 Filius
1643 3844 1927 3910 naturalis,
1985 3853 2041 3899 et

470 3939 738 3995 Dominus
765 3950 949 3993 noster
977 3937 1138 3993 Jesus
1167 3938 1436 4003 Christus,
1487 3935 1742 4005 quoniam
1788 3935 2038 4006 quemado

467 4035 689 4088 modum
757 4030 991 4086 hominis
1052 4032 1297 4093 verbum.
1387 4029 1531 4099 quod
1597 4044 1690 4084 ore
1742 4026 2035 4097 profertur,

466 4124 663 4177 tuentis
704 4123 846 4177 unde
878 4121 1179 4192 profectum
1208 4129 1311 4185 est,
1344 4132 1523 4175 motus
1576 4119 1840 4182 enuntiat,
1886 4119 1965 4174 sic
1984 4127 2037 4173 et

473 4211 707 4268 Verbum
744 4213 1135 4283 Deidiscipulis
1183 4214 1299 4270 suis
1352 4227 1600 4281 maguum
1645 4210 1822 4264 Patris
1861 4209 2039 4265 emisi-

470 4307 597 4360 lium
624 4306 738 4360 sive
763 4306 1110 4361 humanitatis
1160 4320 1192 4359 a
1225 4319 1285 4359 se
1316 4314 1601 4374 susceptae,
1652 4312 1705 4357 et
1726 4301 2034 4373 evangelica

470 4409 759 4469 praerepta,
796 4409 851 4454 et
874 4398 1099 4453 salutem
1141 4398 1473 4455 credentium
1528 4414 1593 4453 ex
1639 4398 1768 4465 ipsis
1821 4396 2039 4464 prolici-

463 4503 705 4547 scentem
737 4491 1058 4546 enuntiavit.
1093 4490 1454 4557 Quamobrem
1486 4492 1727 4546 dicebat:
1757 4492 1801 4545 A
1829 4507 1906 4544 me
1929 4491 2040 4559 ipso

464 4585 597 4640 nihil
632 4585 839 4654 loquor,
873 4584 962 4637 sed
997 4599 1317 4653 qua'cunque
1335 4584 1515 4638 audivi
1550 4600 1583 4638 α
1605 4583 1766 4639 Patre
1790 4599 1924 4647 meo,
1974 4600 2038 4640 ea

460 4678 601 4733 vobis
618 4678 800 4731 nuntio
825 4678 867 4731 '.
887 4677 1019 4731 Cum
1038 4677 1201 4745 igitur
1224 4676 1451 4732 Michael
1471 4676 1824 4745 archangelus
1847 4690 2037 4732 servus

459 4771 553 4838 sit,
581 4770 836 4826 Dominus
865 4780 1046 4825 autem
1079 4773 1123 4826 is
1153 4770 1241 4840 qui
1268 4784 1458 4825 natura
1490 4770 1664 4825 Filius
1695 4782 1779 4825 est
1826 4778 1881 4825 et
1933 4769 2004 4823 hu

463 4863 781 4918 manitatem
823 4862 1141 4931 assumpsit,
1179 4862 1366 4916 inanes
1396 4876 1518 4915 esse
1550 4870 1764 4915 constat
1794 4860 2034 4931 appella-

461 4956 660 5019 tiones,
716 4969 852 5023 quas
906 4954 1229 5023 arcltangelo
1296 4956 1540 5009 tribuunt
1585 4952 1852 5016 Michaeli,
1907 4968 2033 5007 cum

458 5048 609 5105 illum
633 5048 718 5103 vel
748 5046 953 5113 Jesum,
980 5048 1061 5102 vel
1088 5047 1366 5103 Christum
1394 5059 1621 5113 vocant;
1652 5048 1835 5118 itaque
1868 5048 2036 5102 silen-

461 5140 537 5197 tio
576 5150 990 5208 praetereantur.
1019 5138 1173 5206 Quod
1206 5149 1383 5193 autem
1429 5140 1633 5203 dicunt,
1661 5154 1782 5195 eum
1812 5154 2032 5194 carnem

459 5230 702 5287 materiae
742 5240 1019 5299 expertem
1045 5230 1307 5295 induisse,
1340 5240 1393 5285 et
1431 5246 1551 5300 qua:
1578 5245 1760 5287 veram
1801 5246 1867 5286 ex
1910 5231 2033 5287 Vir-

456 5322 579 5390 gine
615 5321 808 5377 tollunt
838 5322 1344 5393 getterationem,ex
1380 5323 1796 5381 Manichaeorum
1823 5325 2032 5379 insania

459 5417 775 5483 deprompta
798 5423 926 5470 sunt
972 5423 1023 5471 et
1088 5430 1156 5470 ex
1212 5416 1319 5471 illis
1382 5418 1703 5484 lneresibus,
1757 5433 1877 5489 quae
1909 5427 2034 5473 ante

458 5504 629 5572 limam
654 5505 1003 5563 exstiterunt.
1036 5505 1092 5562 lu
1127 5520 1194 5564 eo
1243 5505 1407 5578 igitur
1433 5508 1607 5576 titulo,
1638 5510 1729 5580 qui
1784 5508 2033 5565 adversus

532 5694 549 5724 ⁸
580 5692 745 5747 llebr.
779 5710 815 5760 r,
842 5692 903 5750 9.
1015 5694 1171 5752 Joan.
1196 5711 1288 5761 xv,
1322 5694 1410 5750 l5.

2138 3131 2217 3183 ὅτι
2249 3130 2325 3181 Δι’
2355 3125 2540 3181 αὑτοῦ
2571 3125 2668 3178 καὶ
2694 3123 2835 3189 τοὺς
2860 3124 3079 3189 αἰῶνας
3102 3123 3398 3190 ἐποίησεν
3431 3126 3465 3176 ό
3494 3125 3730 3190 Πατιξρ;

2152 3218 2558 3287 Ἐκπλήττομαι
2606 3215 2663 3268 δὲ
2713 3215 2809 3269 καὶ
2857 3213 2919 3266 τὸ
2971 3212 3315 3281 ὑπερϐάλλον
3369 3216 3478 3281 τῆς
3526 3212 3730 3281 ἐφεξῆς

2139 3308 2323 3369 ἀνοίας
2349 3306 2554 3370 αὐτῶν,
2580 3304 2699 3367 πῶς
2728 3303 2831 3356 οὐκ
2859 3302 3154 3373 ἐρυθριῶσι
3174 3304 3358 3371 λέγειν
3386 3303 3486 3355 τὸν
3513 3304 3728 3373 ἀρχᾶγ-

2138 3400 2297 3467 γελον
2325 3396 2546 3468 Μιχαὴλ
2578 3397 2736 3466 φύσει
2758 3396 2886 3448 Υίδν
2915 3395 3008 3448 τοῦ
3039 3393 3198 3457 Θεοῦ,
3234 3395 3326 3447 καὶ
3357 3394 3556 3447 τοῦτον
3586 3391 3728 3446 εἶναι

2138 3492 2229 3546 τὸν
2251 3490 2753 3561 ἑνανθρωπήσαντα
2773 3488 3000 3559 Κύριον,
3025 3488 3115 3541 τὸν
3137 3487 3233 3541 καλ⁵
3257 3485 3355 3557 τὴν
3377 3487 3489 3539 τῶν
3511 3487 3614 3539 ἀνθ
3624 3487 3733 3556 ρῶ-

2140 3601 2257 3636 πων
2294 3582 2668 3652 ἐργασάμενον
2704 3580 3007 3649 σωτηρίαν.
3058 3580 3121 3632 Et
3162 3578 3274 3652 γὰρ
3316 3581 3345 3632 6
3374 3578 3732 3648 ἀρχάγγελος

2138 3672 2358 3742 Μιχαὴλ
2386 3671 2603 3735 κτιστδς
2633 3669 2729 3724 καὶ
2756 3669 2963 3735 δοῦλος,
2993 3670 3180 3741 ὥσπερ
3210 3668 3307 3724 καὶ
3338 3670 3504 3722 πᾶσαι
3532 3669 3592 3719 αἱ
3625 3670 3732 3720 οὐ-

2141 3764 2325 3834 ράνιαι
2376 3761 2654 3832 δυνάμεις,
2708 3762 2827 3825 πῶς
2871 3762 3033 3831 φύσει
3064 3760 3220 3827 Υἱὸς,
3271 3762 3367 3813 καὶ
3412 3760 3492 3830 τῷ
3538 3760 3732 3830 {lupi

2138 3853 2427 3925 όμοούσιος
2452 3872 2468 3921 ;
2504 3854 2565 3907 Ei
2612 3854 2686 3925 μὴ
2716 3856 2813 3908 καὶ
2842 3855 2936 3907 τὸν
2970 3853 3191 3923 Πατέρα
3224 3853 3445 3905 κτιστὸν
3475 3853 3691 3904 εῐποιεν
3712 3894 3729 3916 ,

2139 3945 2232 3997 καὶ
2261 3945 2456 3997 ἑαυτοῦ
2488 3943 2695 4009 δοῦλον,
2726 3943 2755 3996 ὃ
2783 3943 2877 3998 καὶ
2909 3943 3231 4013 παράδοξον,
3258 3943 3353 3996 καὶ
3382 3942 3730 4011 μαχόμενον.

2136 4034 2485 4106 Ὀνομάζεται
2506 4036 2561 4089 δὲ
2591 4030 2835 4106 μεγάλης
2859 4035 3055 4105 βουλῆς
3079 4036 3310 4104 ἄγγελος
3333 4037 3359 4088 6
3382 4034 3545 4103 φύσει
3574 4036 3731 4098 Υἱὸς.

2137 4128 2308 4199 ήγουν
2337 4131 2364 4181 6
2395 4127 2597 4197 Κύριος
2625 4129 2784 4199 ἡμῶν
2828 4127 3039 4194 Ἰησοῦς
3068 4126 3325 4198 Χριστὸς,
3358 4128 3442 4179 ὅτι
3472 4127 3674 4194 ὥσπερ
3706 4130 3735 4178 6

2138 4219 2481 4289 ἀνθρώπινος
2528 4218 2685 4287 λόγος
2713 4218 3077 4289 ’προφορικδς
3124 4216 3445 4286 ἐξαγγέλλει
3502 4218 3573 4270 τὰ
3638 4218 3734 4270 τοῦ

2142 4312 2506 4383 γεννήσαντος
2548 4311 2713 4365 αὐτὸν
2753 4311 2844 4364 νοῦ
2892 4312 3192 4379 κινήματα,
3240 4308 3381 4362 οὕτω
3425 4310 3527 4361 καὶ
3570 4306 3732 4369 οὗτος

2144 4401 2448 4472 ἀπήγγειλε
2478 4405 2593 4464 τοῖς
2638 4402 2909 4472 μαθηταῖς
2946 4402 3046 4470 τὴν
3093 4402 3338 4471 μεγάλην
3378 4399 3473 4452 τοῦ
3510 4402 3734 4469 [ἰατρὸς

2140 4495 2306 4549 αὑτοῦ
2351 4495 2568 4567 βουλὴν,
2619 4494 2738 4564 ἦτοι
2786 4493 2847 4546 τὸ
2894 4496 2993 4563 τῆς
3039 4492 3514 4564 ὲνανθρωπήσεως
3555 4492 3735 4544 αὑτοῦ

2144 4587 2482 4657 μυστήριον,
2520 4586 2616 4638 καὶ
2644 4586 2743 4647 τὰς
2787 4583 3158 4652 εὐαγγελικάς
3200 4583 3459 4645 ἐντολὰς,
3497 4586 3596 4635 καὶ
3635 4583 3738 4651 τὴν

2136 4680 2203 4734 δι’
2227 4679 2407 4733 αὐτῶν
2441 4677 2713 4745 σωτηρίαν
2743 4676 2852 4731 τῶν
2872 4676 3260 4729 πιστευόντων.
3286 4676 3376 4727 Διὸ
3396 4675 3492 4726 καὶ
3515 4676 3736 4743 ἔλεγεν,

2138 4775 2220 4829 ὅτι
2244 4775 2359 4831 Ἀπ’
2375 4771 2642 4843 ἐμαυτοῦ
2665 4767 2834 4825 λαλῶ
2853 4765 3056 4829 οὐδὲν,
3082 4766 3219 4820 ἀλλ’
3245 4766 3362 4818 ὅσα
3386 4764 3738 4833 ἀνήκουσα

2137 4866 2297 4935 παρὰ
2327 4865 2433 4920 τοῦ
2459 4863 2712 4931 Πατρός,
2742 4859 2929 4914 ιαῦτα
2954 4859 3318 4929 ἀπαγγέλλω
3346 4856 3517 4927 ὑμῖν.
3560 4858 3741 4910 Ἀπο-

2137 4957 2439 5028 δειχθέντος
2468 4958 2525 5013 δὲ
2568 4957 2791 5018 λοιπὸν,
2833 4953 2916 5005 ὅτι
2950 4950 3137 5013 δοῦλος
3176 4951 3273 5019 μὲν
3313 4952 3340 5004 ό
3375 4951 3737 5019 ἀρχάγγελος

2139 5044 2374 5124 Μιχαὴλ,
2403 5054 2682 5122 Δεσπότης
2708 5052 2763 5105 δὲ
2792 5052 2955 5121 φύσει
2984 5054 3011 5105 6
3040 5050 3173 5114 Υἱὸς
3196 5051 3225 5099 6
3256 5046 3736 5115 ινανθρωπήσας,

2136 5142 2435 5213 ἐυξόλασαν
2481 5144 2572 5197 καὶ
2604 5145 2661 5196 at
2696 5143 3097 5213 προσαφθείσαι
3131 5139 3209 5209 τῷ
3239 5138 3571 5209 ἀρχαγγέλῳ
3626 5139 3743 5191 Μι-

2134 5233 2276 5306 χαήλ
2306 5235 2563 5305 κλήσεις,
2602 5235 2636 5303 ἦ
2669 5250 2728 5288 τε
2766 5233 2860 5287 τοῦ
2904 5233 3081 5304 ’1ηίοῦ
3118 5232 3212 5286 καὶ
3248 5233 3280 5299 ή
3310 5229 3401 5283 τοῦ
3436 5229 3698 5300 Χριστοῦ
3720 5271 3739 5292 ,

2137 5328 2230 5383 καὶ
2257 5327 2709 5399 παραδρομητέον
2735 5326 2923 5389 αὑτάς.
2961 5328 3024 5379 'H
3055 5325 3112 5378 δὲ
3144 5323 3403 5397 πρόθεσις
3422 5325 3523 5389 τῆς
3552 5323 3740 5375 αῢλου

2137 5420 2373 5490 σαρκὸς,
2410 5421 2505 5473 καὶ
2534 5421 2635 5474 ὅσα
2663 5418 2764 5490 τῆς
2790 5416 3198 5485 φαντασιώδους
3231 5412 3561 5475 ἀκολουθίας
3583 5452 3604 5477 ,
3637 5415 3741 5466 καὶ

2133 5512 2232 5585 τῆς
2284 5510 2539 5584 ἀληθινῆς
2587 5512 2650 5565 ιιι
2699 5508 2978 5580 Παρθένον
3019 5509 3325 5580 γεννήσεως
3367 5505 3735 5575 ἁναιρετικὰ,
