4012 6216
542 323 674 391 1311
1761 324 2140 388 EUTHYMII
2178 324 2538 387 ZIGABENI
3690 316 3862 382 1312

541 452 627 495 tor
685 439 966 502 occiderit.
1026 455 1148 495 cum
1176 441 1322 496 illam
1347 442 1526 509 potius
1570 443 1829 498 deberent
1856 444 2123 497 honorare

2259 442 2498 512 ιωτῆρος,
2522 443 2581 495 ὃν
2608 442 2713 495 ἔδει
2740 443 2936 513 μᾶλλον
2964 443 3147 511 τιμᾷν,
3176 440 3252 503 ὡς
3309 436 3677 506 καθαιρέτην
3756 436 3859 486 τοῦ

506 516 525 609 γ
544 538 803 599 tanquam
839 531 1039 586 diaboli
1065 531 1436 601 perditricem.
1460 532 1591 587 Cum
1613 534 1756 588 enim
1776 535 1843 589 ad
1872 533 2001 587 illud
2026 550 2119 587 us-

2259 534 2493 588 ιαϐὁλου.
2546 536 2721 604 Μέχρι
2794 535 2903 603 γὰρ
2959 534 3077 585 τότε
3128 531 3509 601 θανατηφόρον
3582 527 3859 597 ὄργανον

508 628 646 688 ique
683 622 1210 690 tempusmortifera
1242 623 1542 688 exstiterit,
1580 640 1645 678 ex
1672 640 1739 679 eo
1788 624 1982 678 salutis
2036 625 2123 677 in-

2264 625 2600 693 ρηματίζων,
2622 626 2804 677 ἔκτοτε
2832 624 3115 692 ζωηφόρον
3139 623 3300 675 ὅπλον
3351 621 3614 687 ἐγένετο,
3680 619 3859 687 βαστ-

543 723 904 765 strumeututu
954 712 1143 766 ell'ecta
1166 726 1248 788 est
1296 712 1739 775 augustissimum
1790 725 1843 769 et
1876 715 2125 769 hostibus

2259 714 2531 767 ηικώτατὸν
2563 732 2623 767 τε
2656 717 2746 767 καὶ
2775 715 3153 782 φοϐερώτατον
3183 714 3293 773 τοῖς
3325 710 3575 780 ἐχθροῖς,
3609 709 3725 760 ἅτε
3773 709 3856 776 τῷ

473 784 478 789 ’
543 801 783 853 maxime
816 784 1239 864 formidandum,
1267 805 1465 873 Quippe
1482 820 1602 873 quae
1630 805 1841 859 Domini
1861 805 2125 873 sanguine

2259 807 2543 876 ιεσποτικῷ
2560 807 2748 876 αἵματι
2766 808 2858 860 καὶ
2876 805 3026 858 ’ύδατι
3042 802 3563 873 καταῤῥαντισθείς.
3594 801 3854 868 Εἴρηται

544 904 599 944 et
630 908 767 960 aqua
794 908 1091 961 conSpersa
1127 903 1231 948 est.
1263 894 1367 948 Sed
1404 896 1502 949 hac
1533 898 1661 949 item
1696 900 1758 950 de
1784 898 1917 951 rein
1970 897 2125 951 titulo

2263 896 2288 947 ὲ
2306 897 2429 965 περὶ
2451 898 2637 950 τούτου
2670 899 2763 949 καὶ
2789 899 2843 947 ἐν
2866 896 2944 965 τῷ
2960 898 3109 948 κατὰ
3137 893 3253 945 τῶν
3278 892 3627 960 Ἀρμενίων
3643 892 3851 960 τίτὶῳ,

546 987 798 1053 adversus
827 985 1099 1038 Armenios
1116 987 1319 1054 scripto
1336 987 1538 1042 dictum
1552 997 1654 1042 est.
1676 988 1792 1042 Illic
1810 998 1973 1057 caput
1989 1003 2132 1058 qua:-

550 1076 655 1129 rito
680 1084 931 1142 quartum
968 1075 1262 1129 decimum.
1466 1074 1477 1097 δ

620 1166 709 1221 15.
733 1169 875 1219 Cum
893 1181 1078 1220 rursus
1101 1182 1169 1221 ex
1210 1168 1297 1221 illo
1320 1183 1471 1229 sene.
1498 1183 1658 1237 quem
1689 1168 1915 1222 haeresis
1931 1169 2133 1238 princi-

553 1274 670 1326 po'm
700 1259 1057 1321 ostendimus,
1076 1274 1396 1327 quaererem,
1422 1276 1522 1314 cur
1543 1275 1571 1313 a
1595 1260 1929 1314 da:monibus
1958 1260 2134 1316 vexati

553 1349 621 1421 ad
643 1362 859 1400 crucem
883 1358 1195 1409 accurrunt.
1216 1358 1268 1402 et
1290 1350 1677 1414 vociferantur,
1696 1350 1993 1419 respondit,
2013 1366 2137 1405 cru-

500 1458 521 1507 ί
553 1446 669 1490 cum
734 1447 793 1492 ut
822 1441 1098 1506 proprium
1130 1455 1263 1506 opus
1289 1426 1457 1493 altari
1492 1441 1843 1494 vehementer
1874 1456 1901 1493 a
1930 1441 2133 1494 daemo-

466 1576 469 1577 ν
556 1527 848 1599 uibus,qui
910 1516 979 1581 iu'
1020 1530 1100 1583 eis
1157 1529 1486 1585 inhabitant.
1553 1531 1659 1600 Ipsi
1708 1531 1879 1595 enim,
1941 1532 2135 1599 inquit,

557 1616 701 1669 illam
759 1626 884 1693 tunc
912 1618 1403 1685 exc03itartttit,.ut
1439 1610 1801 1675 Servatorem
1862 1636 1893 1676 e
1953 1620 2136 1675 medio

498 1696 499 1699 “
559 1706 824 1767 tollerent.
858 1708 1171 1775 Aliquando
1228 1720 1413 1763 autem
1444 1726 1561 1764 eam
1588 1727 1645 1766 se
1669 1712 1877 1783 fingunt
1928 1710 2141 1767 afﬁcere

558 1799 909 1861 contumelia,
935 1805 989 1853 et
1014 1799 1155 1853 ultro
1210 1801 1354 1855 illam
1410 1802 1641 1873 fugiunt,
1670 1813 1730 1856 ut
1787 1804 1835 1857 id
1888 1805 2137 1860 homines

557 1890 907 1959 aspicientes,
939 1907 1057 1946 eam
1094 1893 1265 1963 magis
1292 1893 1583 1958 honorent,
1624 1906 1877 1965 tauquam
1937 1898 2141 1951 daemo-

557 1996 688 2037 num
721 1982 996 2036 inimicatn
1028 1992 1079 2036 et
1110 1983 1488 2051 expultricem.
1521 1983 1737 2041 Veritas
1764 1994 1940 2042 autem
1995 1987 2136 2055 apud

560 2088 660 2125 nos
687 2073 830 2126 haud
878 2073 949 2125 ita
984 2087 1043 2125 se
1068 2073 1248 2128 habet.
1274 2072 1406 2127 Nam
1458 2074 1538 2127 vel
1574 2074 1725 2127 inviti
1784 2080 2073 2129 trahuntur
2107 2092 2137 2130 a

558 2161 738 2216 crucis
768 2162 992 2224 virtute,
1018 2171 1071 2215 et
1102 2162 1377 2227 allatrant,
1414 2170 1472 2216 ut
1506 2163 1688 2217 rabies
1748 2164 1986 2232 ipsorum
2043 2180 2136 2219 os-

563 2254 836 2313 tendatur,
894 2252 1151 2307 Latratus
1209 2254 1378 2316 enim,
1415 2253 1773 2322 corporisque
1822 2255 2059 2321 vexatio,
2090 2266 2145 2310 et

559 2341 793 2411 gemitus
818 2356 1006 2395 eorum
1034 2341 1125 2410 qui
1157 2357 1186 2395 a
1221 2340 1558 2395 daemonibus
1591 2343 1992 2411 opprimuntur,
2034 2356 2144 2400 tor-

562 2440 804 2487 mentum
860 2443 912 2487 ct
933 2434 1211 2488 cruciatus
1249 2432 1555 2487 daemonum
1585 2434 1844 2498 indicant,
1873 2438 1964 2503 qui
2016 2452 2146 2493 cru-

562 2538 679 2579 cem
721 2533 779 2577 ut
807 2524 1077 2577 inimicam
1115 2524 1419 2593 despiciunt
1466 2534 1522 2578 et
1547 2526 1931 2594 expttltricem.

633 2613 724 2670 16.
768 2614 1098 2683 Baptismum
1140 2626 1385 2669 nostrum
1416 2614 1639 2672 Joannis
1670 2620 1996 2688 baptismum
2028 2635 2149 2675 esse

564 2703 778 2771 dicunt,
825 2721 919 2774 per
951 2721 1148 2775 aquam
1179 2709 1321 2761 enim
1350 2706 1466 2762 ﬁeri
1490 2747 1504 2771 ,
1558 2724 1713 2761 suum
1750 2724 1876 2763 vero
1924 2710 2151 2775 Christi,

564 2810 664 2862 per
696 2794 960 2865 Spiritum
991 2798 1135 2850 enim
1172 2796 1310 2864 fieri,
1367 2808 1425 2851 ut
1474 2798 1602 2866 ipsis
1652 2800 1889 2856 videtur.
1945 2801 2145 2866 Quam-

565 2888 753 2941 obrem
788 2888 831 2942 si
862 2889 983 2957 quis
1009 2888 1073 2942 ad
1106 2889 1253 2957 ipsos
1306 2889 1570 2962 confugit,
1630 2906 1755 2944 eum
1787 2891 2149 2960 rebaptizaut.

570 2978 649 3031 Ac
696 2979 931 3046 primum
987 2981 1206 3050 quidem
1275 2982 1352 3036 illi
1398 2988 1615 3050 tempus
1666 2984 2027 3052 praescribunt
2087 2986 2151 3039 ad

567 3068 988 3134 confessionem,
1018 3080 1071 3127 et
1106 3072 1576 3143 expurgatiouem,
1602 3083 1654 3127 et
1677 3075 1989 3129 continuam
2024 3090 2148 3145 pre-

567 3158 860 3214 cationem.
901 3159 1104 3215 Deinde
1132 3161 1375 3217 Joannis
1404 3163 1753 3233 Evangelium
1811 3166 1972 3234 capiti
2032 3167 2151 3236 ejus

571 3251 877 3317 imponunt,
907 3259 962 3306 et
1005 3251 1253 3321 spiritum
1292 3262 1541 3307 sanctum
1580 3270 1737 3309 suum
1780 3256 2062 3321 invocant,
2099 3265 2154 3311 et

574 3337 741 3393 Pater
764 3351 940 3394 noster
990 3356 1214 3397 canunt.
1246 3346 1313 3398 Et
1344 3355 1462 3414 post
1505 3347 1833 3410 baptismum
1882 3348 2153 3416 ejusmodi

573 3443 785 3499 tempus
825 3431 1021 3485 iterum
1062 3435 1346 3502 assignant
1368 3435 1434 3488 ad
1464 3437 1862 3491 accuratiorem
1923 3438 2151 3491 institu-

574 3522 799 3591 tionem,
836 3524 1384 3595 temperatioremque
1412 3527 1599 3592 vitam,
1625 3535 1679 3582 et
1711 3528 1984 3596 puriorem
2032 3542 2159 3595 pre-

581 3615 880 3670 cationem.
932 3614 1137 3670 Deinde
1187 3618 1554 3672 testimonium
1601 3618 1869 3688 exigunt,
1919 3634 1986 3674 an
2045 3620 2160 3676 haec

576 3706 901 3761 observarit.
955 3705 1109 3771 Quod
1134 3706 1180 3761 si
1249 3707 1351 3761 viri
1402 3706 1770 3777 mulieresque
1816 3707 2157 3776 allirmarint,

577 3796 783 3851 ducunt
819 3811 941 3851 eum
966 3797 1033 3850 ad
1059 3795 1414 3851 celebriorem
1470 3798 1829 3853 initiatiouem
1863 3814 1879 3855 :
1912 3808 2163 3855 statuunt

578 3891 723 3941 enim
756 3889 1013 3941 miserum
1048 3889 1115 3942 ad
1149 3888 1413 3942 orientem
1452 3889 1641 3955 solem,
1680 3899 1735 3944 et
1769 3891 1935 3958 impio
1988 3892 2162 3960 ipsius

577 3978 740 4046 capiti
798 3993 988 4032 rursus
1040 3976 1394 4048 Evangelium
1444 3980 1747 4048 imponunt,
1812 3991 1865 4035 et
1910 3982 2166 4051 profanas

580 4084 773 4124 manus
793 4070 1052 4125 adhibent
1088 4085 1237 4134 suas,
1282 4071 1374 4140 qui
1432 4071 1632 4126 adsunt
1664 4073 1765 4127 viri
1815 4084 1979 4143 atque
2010 4074 2166 4130 femi-

578 4175 682 4223 nae,
731 4170 785 4213 et
828 4175 1017 4229 preces
1068 4160 1311 4216 nefarias
1376 4171 1602 4228 canunt,
1669 4162 1721 4218 id
1750 4173 1834 4220 est
1874 4166 2160 4236 hymnum,

579 4266 685 4317 quo
719 4252 921 4320 gratias
945 4260 1134 4321 agunt,
1169 4252 1312 4320 quod
1340 4253 1590 4308 traditam
1616 4254 1947 4325 impietatem
1976 4258 2167 4312 obser-

582 4342 741 4397 varit.
767 4343 945 4411 Atque
970 4344 1043 4398 ita
1086 4344 1331 4414 initiant,
1351 4356 1514 4419 atque
1536 4348 1850 4417 perficiunt,
1888 4349 1998 4403 imo
2020 4364 2153 4404 vero

2165 1065 2187 1075 ἢ
2232 986 2326 1038 καὶ
2355 984 2613 1055 ζητητέον
2643 988 2759 1038 ἐκεῖ
2787 984 3081 1053 κεφάλαιον
3115 982 3195 1035 ιδ’.

2308 1171 2389 1218 ιε’.
2408 1163 2730 1234 Ἐρωτηθεὶς
2754 1160 2909 1222 αὖθις
2933 1159 3059 1227 παρ’
3077 1157 3235 1227 ἡμῶν
3256 1159 3283 1209 ὁ
3300 1154 3576 1225 δηλωθεὶς
3607 1154 3846 1221 ἔξαρχος

2234 1257 2333 1325 τῆς
2389 1256 2675 1325 αἱρέσεως,
2738 1252 2861 1314 Πῶς
2909 1252 2958 1303 oi
2991 1248 3351 1318 δαιμονῶντες
3418 1245 3848 1315 προστρέχουσι

2236 1347 2315 1416 τῷ
2346 1345 2593 1413 Σταυρῷ,
2627 1345 2721 1397 καὶ
2749 1339 3182 1394 καθυλακτοῦσιν
3211 1356 3225 1402 ;
3258 1336 3641 1405 ἀπεκρίνατο,
3674 1335 3850 1401 quis!-

2240 1437 2363 1488 σθαι
2395 1436 2627 1505 μάλιστα
2652 1432 2743 1485 τὸν
2777 1429 3013 1498 σταυρὸν
3045 1428 3149 1479 ὑπὸ
3174 1427 3282 1479 τῶν
3314 1426 3697 1477 ἐνοικούντων
3754 1425 3851 1476 αὖ-

2239 1529 2349 1589 τοῖς
2380 1524 2669 1594 δαιμόνων,
2703 1523 2777 1585 ὡς
2810 1523 3007 1573 οἰκεῖον
3040 1518 3221 1588 ἔργον.
3272 1518 3447 1569 Αὐτοὶ
3488 1517 3633 1585 γὰρ,
3684 1516 3847 1585 φησὶ,

2241 1617 2431 1671 τοῦτον
2469 1614 2878 1669 κατεσκεύασαν
2929 1615 3010 1673 είς
3063 1611 3346 1679 ἀναίρεσιν
3405 1608 3509 1660 τοῦ
3561 1608 3848 1676 Σωτῆρος.

2249 1708 2403 1759 Ἐστι
2449 1705 2493 1759 δ’
2548 1706 2634 1758 ὅτε
2684 1703 2779 1756 καὶ
2813 1697 3165 1769 καθυϐρίζειν
3191 1698 3382 1752 τοῦτον
3417 1699 3482 1750 ἐν
3517 1699 3849 1764 ὑποκρίσει.

2243 1801 2339 1853 καὶ
2367 1799 2591 1865 φεύγειν
2622 1796 2784 1849 αὑτὸν
2806 1794 3066 1856 πολλάκις
3096 1792 3382 1854 ἑκουσίως,
3420 1792 3511 1843 ἵνα
3542 1791 3850 1857 βλέποντες

2241 1892 2292 1943 οἱ
2343 1889 2619 1958 ἄνθρωποι
2644 1886 2845 1955 τιμῶσι
2912 1883 3111 1953 μᾶλλον
3171 1882 3354 1945 αὒτδν,
3399 1882 3480 1943 ὡς
3508 1881 3725 1949 ἐχθρὸν
3756 1883 3853 1932 καὶ

2241 1982 2475 2048 διώκτην
2496 1980 2605 2031 τῶν
2633 1976 2944 2047 δαιμονίων.
2976 1974 3127 2044 Ἔχει
3151 1972 3209 2026 δὲ
3249 1973 3369 2041 παρ’
3390 1975 3524 2039 ἡμῖν
3552 1973 3668 2039 οὐχ
3694 1972 3853 2023 οὕτω

2242 2072 2301 2125 τὸ
2337 2071 2555 2139 ἀληθές.
2582 2068 2878 2122 Ἒλκεσθαι
2907 2066 3006 2135 μὲν
3045 2065 3155 2134 γὰρ
3196 2063 3290 2116 καὶ
3326 2063 3557 2123 ἄκοντας
3590 2064 3714 2113 ὕπο
3748 2063 3853 2128 τῆς

2243 2161 2336 2214 τοῦ
2362 2158 2605 2231 Σταυροῦ
2633 2158 2936 2227 δυνάμεως,
2980 2158 3074 2209 καὶ
3125 2156 3214 2209 ἵνα
3280 2152 3723 2224 βασανίζωνται.
3787 2153 3850 2206 Ἰι

2246 2252 2355 2322 γάρ
2406 2250 2581 2321 ὑλακὴ
2631 2250 2723 2303 καὶ
2786 2250 2842 2302 αἱ
2880 2246 3244 2318 στρεϐλώσεις
3289 2245 3387 2298 τοῦ
3445 2244 3714 2314 σώματος
3745 2246 3852 2295 τῶν

2246 2342 2727 2412 δαιμονιζομένων,
2763 2340 2857 2394 καὶ
2878 2341 2927 2392 οἱ
2959 2340 3239 2406 τιναγμοὶ,
3263 2337 3579 2406 τεκμήριόν
3618 2338 3729 2387 eis:
3756 2337 3852 2403 τῆς

2252 2432 2484 2503 βασάνου
2516 2432 2625 2483 τῶν
2650 2429 2941 2500 δαιμόνων.
2980 2427 3297 2498 ’Υϐρίξουσι
3322 2426 3383 2478 δὲ
3413 2424 3614 2489 αὑτὸν,
3649 2425 3727 2488 ὡς
3770 2428 3854 2494 ἐχ-

2252 2525 2401 2596 θρὸν,
2443 2523 2539 2576 καὶ
2569 2521 2865 2589 φεύγουσιν
2895 2521 2969 2582 ὡς
2995 2518 3253 2587 διώκτην.

2324 2622 2423 2679 ις’.
2443 2615 2515 2666 Τὸ
2541 2614 2637 2683 μὲν
2660 2611 2787 2683 παρ’
2812 2614 2939 2682 ἡμῖν
2968 2611 3251 2681 βάπτισμα
3266 2609 3363 2662 τοῦ
3378 2610 3643 2663 Ἰωάννου
3662 2608 3849 2672 λέγω·

2255 2724 2360 2769 σιν,
2386 2707 2460 2769 ὡς
2496 2705 2562 2758 δι’
2588 2705 2778 2766 ὕδατος
2805 2702 3245 2771 ἐπιτελούμενον,
3280 2701 3345 2753 τὸ
3372 2701 3428 2752 δὲ
3476 2699 3621 2769 παρ’
3676 2700 3849 2759 αὐτοῖς

2253 2798 2346 2852 τοῦ
2379 2796 2612 2868 Χριστοῦ
2641 2795 2728 2848 διὰ
2753 2794 3089 2863 Πνεῦματος,
3121 2792 3197 2854 ὡς
3231 2792 3383 2843 δοκεῖ
3407 2792 3636 2855 αὐτοῖς,
3672 2790 3849 2841 τελού-

2258 2906 2437 2959 μενον.
2474 2888 2564 2938 Διὸ
2596 2886 2691 2939 καὶ
2722 2885 2811 2938 τὸν
2841 2882 3280 2954 προσερχόμενον
3319 2883 3515 2944 αὐτοῖς
3554 2881 3851 2934 ἀναδιπτί-

2257 2978 2449 3044 ξουσι,
2516 2976 2708 3046 πρῶτα
2752 2975 2849 3044 μὲν
2901 2972 3250 3041 ἀφορίζοντες
3300 2970 3458 3039 αὐτῷ
3536 2971 3739 3038 καιρὸν
3782 2971 3851 3028 εἰς

2258 3068 2663 3137 ἐξομολόγησιν,
2693 3066 2787 3119 καὶ
2811 3063 3054 3132 ἁγνείαν,
3093 3064 3187 3115 καὶ
3221 3061 3483 3114 σύντονον
3512 3064 3848 3131 προσευχὴν,

2255 3150 2377 3213 εἶτα
2412 3164 2475 3229 τῇ
2502 3159 2710 3228 κεφαλῇ
2740 3156 2904 3211 αὐτοῦ
2932 3156 2992 3208 τὸ
3014 3154 3158 3207 κατὰ
3205 3153 3475 3223 Ἰωάννην
3519 3154 3851 3221 Εὖαγγέλιον

2255 3252 2611 3313 ἐπιτιθέντες,
2641 3250 2736 3303 καὶ
2764 3250 2823 3301 τὸ
2852 3246 2984 3317 παρ’
3014 3246 3198 3309 αὐτοῖς
3238 3236 3395 3313 ἅγιον
3450 3245 3689 3314 Πνεῦμα
3738 3249 3852 3296 ἐπι-

2257 3346 2606 3413 καλούμενοι,
2627 3343 2721 3394 καὶ
2750 3341 2832 3405 τὸ,
2858 3340 3039 3409 Πάτερ
3060 3339 3241 3408 ἡμῶν,
3264 3339 3594 3408 ἐπᾴδοντες.
3626 3340 3777 3390 Μετὰ
3798 3339 3849 3389 δὲ

2256 3434 2317 3486 τὸ
2356 3432 2595 3485 τοιοῦτον
2653 3429 2937 3501 βάπτισμα
2987 3429 3180 3499 καιρὸν
3241 3424 3396 3489 αὖθις
3435 3428 3849 3498 ἀποκληροῦσιν

2258 3528 2335 3589 εἰς
2366 3523 2762 3594 ἀκριϐεστέραν
2791 3523 3036 3591 ἀγωγὴν,
3097 3521 3192 3575 καὶ
3247 3520 3531 3573 πολιτείαν
3591 3523 3856 3591 ἐγκρατε-

2263 3621 2482 3690 στέραν,
2519 3619 2611 3673 καὶ
2648 3618 3041 3689 καθαρωτέραν
3078 3615 3406 3687 προσευχὴν,
3452 3610 3581 3666 εἶτα
3644 3633 3850 3685 μαρτι.»⁸

2264 3713 2387 3781 ρίαν
2431 3710 2775 3774 ἀπαιτοῦσιν,
2814 3711 2862 3761 εί
2900 3705 3130 3777 ἐφύλαξε
3208 3707 3407 3772 πάντα,
3433 3707 3483 3756 εἰ
3534 3708 3852 3766 σπουδαίοις

2262 3802 2641 3872 διηγωνίσατο,
2673 3801 2771 3853 καὶ
2812 3796 3234 3869 μαρτυρούντων
3277 3796 3513 3865 ἀνδρῶν,
3567 3798 3714 3863 ὁμοῦ
3772 3804 3853 3849 καὶ

2264 3894 2539 3963 γυναικῶν
2565 3894 2792 3961 ἄγουσιν
2830 3892 2991 3945 αὐτὸν
3022 3890 3116 3942 ἐπὶ
3163 3889 3263 3957 τὴν
3303 3888 3731 3960 θρυλλουμένην
3780 3909 3854 3943 τε-

2264 3987 2500 4050 λείωσιν,
2554 3986 2649 4039 καὶ
2691 3986 2990 4054 στήσαντες
3040 3984 3132 4036 τὸν
3164 3982 3347 4036 ἄθλιον
3404 3984 3553 4035 κατὰ
3594 3986 3853 4047 ἀνατολὰς

2266 4079 2598 4131 ἐπιτιθέασιν
2617 4078 2773 4141 αὖθις
2804 4080 2870 4149 τῇ
2900 4078 3071 4148 μιαρᾷ
3097 4074 3286 4129 τούτου
3315 4076 3537 4146 κεφαλῇ
3568 4077 3634 4128 τὸ
3695 4079 3856 4144 Εὐκτ-

2267 4170 2466 4238 γέλιον,
2505 4171 2598 4221 καὶ
2628 4169 2726 4232 τὰς
2757 4171 2970 4237 ἐναγεῖς
3006 4170 3187 4223 αὐτῶν
3228 4168 3531 4239 ἐπέχοντες
3567 4172 3765 4239 χεῖρας
3811 4173 3854 4221 οἱ

2270 4261 2673 4332 παρατυχόντες
2703 4260 2895 4331 ἄνδρες
2916 4262 3012 4315 καὶ
3034 4262 3289 4329 γυναῖκες
3320 4262 3421 4329 τὴν
3449 4262 3688 4313 ἀνόσιον
3738 4264 3858 4331 ἐπᾲο

2268 4354 2417 4407 δουσι
2451 4353 2700 4423 τελετήν.
2733 4351 2882 4422 Αὕτη
2933 4353 2989 4405 δέ
3011 4355 3160 4407 ἐστιν
3192 4353 3630 4422 εὐχαριστὴριος
3680 4353 3856 4421 ὕμνος,

579 4433 874 4488 coniiciunt
944 4444 1000 4489 et
1082 4436 1437 4508 submergunt
1513 4454 1686 4504 eum,
1756 4440 1848 4509 qui
1897 4441 2152 4509 prohtndc

2268 4440 2656 4510 ὄτιδιεφύλαξε
2688 4440 2787 4512 τὴν
2812 4441 3258 4511 παραδεδομένην
3286 4440 3575 4496 ἀσέϐειαν.
3615 4444 3727 4494 Καὶ
3779 4442 3859 4493 οὗ.

580 4524 775 4594 dignus
805 4535 888 4579 est
919 4534 1125 4582 tartaro
1153 4539 1316 4596 atque
1362 4528 1606 4583 interitu.
1673 4528 1729 4583 Si
1752 4541 1938 4586 noster
1994 4532 2159 4601 igitur

581 4616 884 4684 baptismus
914 4632 1052 4687 aqua
1076 4618 1251 4673 solum
1283 4631 1658 4689 perageretur,
1715 4619 1944 4673 Joannis
2004 4621 2162 4674 nimi-

583 4723 702 4760 rum
734 4717 899 4763 esset.
947 4708 1100 4764 Nunc
1157 4719 1339 4765 autem
1402 4725 1525 4765 cum
1576 4726 1717 4781 aqua
1773 4721 2061 4781 peragatur
2110 4722 2165 4766 et

587 4799 814 4867 Spiritu,
839 4802 1295 4870 quemadmodum
1335 4803 1597 4857 Dominus
1617 4802 1799 4856 docuit
1838 4823 1852 4858 :
1892 4803 2013 4857 Nisi
2043 4807 2163 4871 quis

587 4896 881 4961 baptizatus
938 4896 1128 4965 fuerit,
1192 4898 1463 4968 inquiens,
1524 4902 1588 4951 ετ
1640 4914 1778 4964 aqua
1838 4910 1885 4951 et
1948 4898 2159 4967 Spiritu

585 4996 789 5048 sancta,
818 5004 918 5041 non
933 4989 1155 5042 intrabit
1178 4989 1231 5043 in
1251 5006 1466 5059 regnum
1487 4988 1629 5053 Dei‘,
1650 4994 1919 5045 incassum
1943 4993 2163 5047 latrant.

588 5076 787 5131 Verum
822 5081 885 5133 de
914 5081 1182 5149 baptismo
1225 5096 1443 5152 quoque
1495 5082 1700 5137 dictum
1767 5092 1847 5138 est
1875 5082 1928 5137 in
1986 5085 2164 5152 titulo,

586 5186 746 5239 quem
806 5170 1070 5226 Aduersus
1094 5172 1441 5227 Paulicianos
1472 5175 1921 5245 conscripsimus,
1958 5184 2012 5230 et
2046 5176 2170 5231 inde

590 5260 758 5329 petito
787 5263 985 5330 capita,
1010 5277 1133 5332 quae
1162 5262 1228 5316 ad
1261 5278 1373 5317 rem
1409 5264 1701 5332 pertinent.
1762 5263 1953 5319 Noster
2003 5267 2169 5336 Igitur

593 5354 917 5421 baptismus,
951 5361 1008 5408 ut
1037 5353 1297 5409 Dominus
1327 5353 1533 5419 docuit,
1568 5368 1662 5422 per
1690 5370 1882 5423 aquam
1914 5364 1968 5411 et
1992 5355 2166 5425 Spiri-

595 5453 704 5498 tum
732 5454 981 5499 sanctum
1011 5446 1311 5516 perficitur.
1344 5444 1654 5515 Baptismus
1698 5456 1881 5501 autem
1937 5448 2165 5503 istorum

595 5539 735 5593 unde
766 5550 1014 5608 sumptus
1040 5540 1133 5604 sit,
1161 5539 1261 5611 ipsi
1293 5540 1501 5608 dicant;
1528 5539 1579 5594 iu
1614 5539 1761 5596 nullo
1781 5542 1928 5596 enim
1958 5552 2165 5612 septem

672 5734 688 5765 ⁸
739 5734 897 5791 Joan.
938 5751 1023 5803 ιιι,
1052 5736 1108 5791 5.

2259 4551 2338 4587 τω
2368 4533 2597 4597 τελοῦσι,
2631 4533 2830 4603 μᾶλλον
2860 4533 2917 4586 δέ
2952 4532 3290 4596 συντελοῦσι,
3349 4535 3447 4585 καὶ
3510 4537 3853 4586 καταποντί-

2262 4626 2413 4690 ζουσι
2436 4624 2528 4676 τὸν
2560 4621 2723 4694 βυθοῦ
2779 4624 2874 4675 καὶ
2903 4622 3204 4693 διαφθορᾶς
3234 4622 3481 4686 ἐπάξιον.
3545 4625 3611 4677 Εἰ
3642 4628 3747 4695 μὲν
3779 4622 3857 4678 οὖν

2262 4717 2415 4770 ὕδατι
2451 4718 2598 4787 μόνῳ
2625 4716 2685 4769 τὸ
2734 4715 2857 4768 καθ’
2907 4716 3053 4785 ἡμᾶς
3086 4715 3320 4768 ἐτελεῖτο
3353 4715 3685 4785 βάπτισμα,
3714 4714 3781 4789 ἦν
3805 4721 3858 4772 iv

2260 4806 2403 4859 οὕτω
2432 4805 2526 4859 τοῦ
2563 4805 2810 4859 Ἰωάννου
2841 4804 2901 4857 τὸ
2925 4805 3196 4874 ἡμέτερον
3247 4804 3540 4874 βάπτισμα
3572 4821 3587 4835 ⁸
3643 4809 3773 4860 ἐπεὶ
3810 4809 3856 4860 δέ

2268 4901 2363 4969 οὐχ
2397 4898 2550 4952 ὕδατι
2580 4899 2761 4968 μόνον,
2785 4898 2921 4950 ἀλλὰ
2947 4898 3041 4951 καὶ
3066 4898 3208 4965 ἁγίῳ
3238 4898 3520 4965 [Ινεύματι
3556 4900 3857 4969 τελεσιουρ-

2268 4990 2959 5064 γεῖται,καθὼςόΚύριος
3020 4990 3258 5057 ἐδίδαξεν
3316 4992 3517 5055 εἰπὼν,
3590 4994 3745 5046 Ἐὰν
3787 4998 3859 5065 μή

2269 5101 2350 5149 τις
2386 5080 2649 5152 γεννηθῇ
2690 5080 2765 5133 δι’
2809 5080 3026 5145 ὕδατος
3060 5081 3157 5133 καί
3207 5080 3591 5147 Πνεύματος,
3662 5087 3740 5136 οὐ
3786 5086 3858 5152 μὴ

2271 5176 2518 5243 ενσέλθῃ
2576 5176 2664 5240 εις
2724 5170 2841 5241 τὴν
2894 5170 3230 5235 βασιλειαν
3281 5171 3391 5225 τοῦ
3446 5173 3631 5234 Θεοῦ,
3699 5178 3861 5246 μάτην

2275 5262 2616 5316 ὑλακτοῦσιν.
2653 5260 2880 5333 Εἴρηται
2910 5260 3017 5331 γὰρ
3051 5262 3142 5312 καὶ
3172 5261 3231 5313 ἐν
3262 5260 3339 5329 τῷ
3368 5262 3526 5315 κατὰ
3559 5263 3691 5317 τῶν
3718 5270 3857 5319 Παυ-

2271 5354 2561 5410 λικιάνων
2591 5353 2752 5421 τίτλῳ
2781 5353 2908 5423 περὶ
2944 5351 3037 5404 τοῦ
3062 5352 3218 5421 ἁγίου
3251 5352 3653 5422 βαπτίσματος
3720 5362 3855 5429 iam.

2274 5447 2551 5516 ϐέστερον,
2577 5446 2671 5498 καὶ
2692 5444 2927 5515 ζήτησον
2954 5443 3071 5495 ἐκεῖ
3096 5444 3161 5495 τὰ
3190 5444 3321 5514 περὶ
3349 5442 3551 5498 τούτου
3573 5449 3850 5515 uaginae.

2287 5541 2452 5596 Ἃ).λᾶ
2478 5540 2539 5594 τὸ
2572 5539 2673 5611 μὲν
2702 5537 2972 5611 ἡμέτερον
3027 5536 3313 5608 βάπτισμα
3377 5538 3531 5590 κατὰ
3578 5539 3645 5591 τὸ
3715 5541 3850 5609 ῥηθὲν

3960 5546 3967 5611 l
