4012 6216
320 292 467 360 1317

1250 298 1629 359 I’ANOI’LIA
1663 297 2128 361 DOGMATICA.
2167 322 2235 334 -
2268 297 2417 361 ΤΙΤ.
2460 298 2709 373 XXVII.

310 428 404 475 τες
444 412 520 481 μὴ
559 407 826 483 ἀκούωσι,
859 410 1181 483 παραϐολὴν
1208 409 1495 477 ὀνομάζων
1551 410 1649 481 τὴν
1698 410 1891 480 ἀπάτηε

2019 408 2186 473 enim,
2253 408 2526 478 inquiunt,
2569 407 2800 478 appellat
2860 408 3042 479 dolum
3096 416 3153 467 et
3178 390 3609 489 simulationem.

313 504 408 556 καὶ
430 502 529 570 τὴν
561 501 877 571 ὑπόκρισιν.
917 504 1066 573 ’Ἐγὼ
1086 504 1142 557 δὲ
1172 504 1271 574 τὴν
1305 504 1489 574 βίϐλον
1520 503 1627 555 τῶν
1660 504 1901 571 Εύαγγε-

309 590 570 648 λίωνητοῦ
603 591 781 646 ταῦτα
823 593 1166 658 διδάσκοντος
1195 597 1276 658 είς
1331 597 1520 666 χεῖρας
1558 592 1759 660 λαϐὼν,
1807 594 1903 647 καὶ

310 684 805 756 διερευνησάμενος
831 685 1077 756 ἀκριϐῶς
1105 684 1228 739 οὔτε
1267 687 1363 758 τὴν
1393 687 1501 758 πρὸ
1548 686 1754 758 ταύτης
1806 685 1902 752 δη-

311 777 581 831 λωθεῖσαν
623 773 784 848 εὗρον
829 778 1035 847 φωνὴν,
1078 776 1213 831 οὔτε
1240 778 1339 849 τὴν
1394 778 1702 850 παροῦσαν,
1765 778 1902 832 ἀλλὰ

307 870 534 922 τοιαῦτα
580 863 721 939 ἦσαν
781 867 850 921 τὰ
903 869 1147 938 τέσσαρα
1203 871 1534 939 Εὐαγγέλια,
1582 867 1668 924 οἷα
1694 871 1789 924 καὶ
1836 871 1904 923 τὰ

310 961 445 1033 παρ’
498 964 634 1031 ἡμῖν
693 962 1132 1031 ἀπαραποιήτως
1180 961 1396 1031 ἔχοντα,
1451 964 1544 1015 καὶ
1602 960 1902 1033 ἀνήγγειλα

309 1055 484 1125 τούτῳ
531 1054 661 1124 περὶ
685 1053 898 1108 τούτου.
941 1052 999 1107 ’0
1042 1055 1100 1108 δὲ
1131 1056 1536 1124 σκυθρωπάσας
1592 1055 1687 1109 καὶ
1735 1055 1904 1108 δεινο-

315 1147 564 1216 παθήσας
594 1146 669 1209 ὡς
697 1146 1061 1217 ἐληλεγμένος
1089 1146 1413 1217 ὡμολόγησε
1452 1147 1587 1218 μηδέ
1613 1164 1743 1201 ποτε
1777 1146 1899 1217 μηδ’

307 1239 469 1301 αὐτὸς
493 1238 912 1306 ἐντετυχηκέναι
950 1240 1070 1299 ταῖς
1102 1235 1197 1289 δύο
1227 1237 1455 1299 ταύταις
1504 1239 1732 1305 φωναῖς,
1780 1236 1902 1289 καί·

293 1347 388 1408 Ιτοι
418 1328 686 1390 πολλάκις
727 1327 1124 1394 ἀναγινώσκων
1160 1329 1221 1381 τὸ
1250 1328 1609 1397 Εὑαγγέλιον.
1663 1329 1793 1382 Ὅτε
1819 1329 1899 1393 δὲ,

286 1413 440 1491 ’φησὶ
461 1461 477 1486 ,
514 1420 611 1489 τὴν
659 1421 939 1489 παροῦσαν
972 1420 1152 1491 βίϐλον
1176 1420 1281 1473 τῶν
1314 1421 1664 1489 Εύαγγελίων
1698 1422 1902 1490 ἐξωνη-

309 1514 515 1583 σάμην,
551 1513 845 1582 ἀπήντησα
883 1512 1105 1582 γέροντι
1146 1512 1288 1565 κατὰ
1314 1530 1438 1565 τινα
1477 1515 1641 1565 τόπον
1670 1512 1898 1581 ἔρημον,

306 1607 401 1660 καὶ
429 1605 664 1667 καλέσας
700 1605 808 1657 ἀπὸ
836 1603 929 1657 τοῦ
961 1604 1227 1667 ὀνόματος
1262 1600 1383 1657 εἶπέ
1424 1622 1538 1673 μοι,
1570 1606 1655 1659 ὅτι
1705 1606 1901 1673 Μέγαν

307 1697 561 1764 ἔξωνήσω
589 1696 883 1766 θησαυρόν.
918 1695 1136 1761 Ταύτην
1184 1698 1293 1765 γὰρ
1329 1697 1498 1766 μόνην
1557 1699 1658 1766 τήν
1716 1696 1903 1766 βίϐλον

2014 500 2125 568 Ego
2154 514 2283 554 vero
2313 515 2435 555 cum
2472 499 2893 571 Evangeliorum
2916 498 3129 555 librum
3154 498 3335 558 -istius
3374 504 3611 561 doctoris

2013 592 2069 644 in
2100 603 2297 645 manus
2325 590 2612 658 cepissem,
2728 582 3013 663 diligenter
3043 576 3395 663 evelvissem,
3416 578 3612 664 neque

2009 694 2200 735 vocem
2236 683 2597 750 superiorem,
2627 670 2809 761 neque
2866 676 3004 738 hanc
3058 683 3267 754 reperi.
3308 683 3413 738 Sed
3480 670 3654 741 talia,
3713 682 3719 694 ³

2009 782 2175 827 erant
2244 768 2479 843 quatuor
2521 763 3074 857 Evangeliai,~.qualia
3126 772 3251 831 sunt
3316 777 3456 847 apud
3484 794 3607 843 nos,
3672 792 3685 799 ·’

2011 880 2190 935 neque
2239 866 2346 921 ulla
2375 881 2433 921 re
2468 850 2871 937 discrepabaut.
2928 867 3082 936 Quod
3128 883 3251 923 cum
3307 870 3373 943 ad
3430 870 3611 941 ipsum
3665 885 3668 888 ’
3750 878 3767 891 ⁷

2011 948 2351 1023 detulissem,
2381 959 2483 1035 ille
2510 961 2701 1025 tristis,
2750 969 2820 1017 ρει
2858 959 3392 1043 remmgremfcrcus,
3421 973 3610 1031 utpote

2011 1051 2400 1119 deprehensus,
2431 1051 2712 1106 confessus
2741 1038 2957 1131 est,'ne
2991 1067 3050 1107 se
3069 1036 3303 1120 quidem
3330 1053 3611 1123 ι’ἀυενενιιεε

2010 1158 2193 1210 voces,
2233 1158 2355 1198 cum
2386 1159 2530 1212 saepe
2581 1144 3242 1214 relegeretEvangelium,
3302 1144 3609 1211 deprehen-
3689 1157 3699 1190 ί
3758 1214 3763 1221 _

2009 1234 2191 1306 dissel:
2228 1236 2333 1292 Sed
2372 1252 2498 1293 eum
2533 1237 2931 1311 librum-inme,
2960 1224 3605 1309 iuqult,‘Evangeliorum

2009 1329 2136 1394 emi,
2176 1330 2227 1383 in
2277 1310 2512 1409 quadam
2546 1312 2843 1409 solitudine
2873 1329 3063 1407 senem
3101 1328 3636 1403 oﬂ'endi,b-quiqnte'

2011 1420 2235 1475 nomine
2272 1404 2627 1490 compellans,
2661 1404 2761 1485 ait,
2820 1420 2904 1474 me
2928 1404 2934 1407 ’
2961 1418 3321 1499 thesaurum”
3348 1410 3609 1488 maguum
3694 1444 3733 1483 -ρ

2008 1517 2231 1582 emisse,
2264 1516 2410 1595 illum
2443 1516 2587 1571 enim
2612 1500 2835 1595 _librum
2873 1512 3052 1572 selum
3077 1500 3305 1595 Ioannis
3364 1500 3631 1587 Phryan

2010 1608 2195 1673 atomi,
2228 1608 2308 1665 sic
2343 1592 2489 1662 enim
2530 1590 2769 1679 θέιῖἕὶιῃιν
2803 1598 2931 1662 illud
2956 1624 3017 1663 os
3065 1590 3443 1689 itupurli'ssintaa
3472 1605 3607 1661 istan

2010 1713 2129 1751 rum
2158 1700 2353 1770 lingum
2381 1701 2677 1771 appellant,
2710 1716 2902 1755 manus
2951 1698 3228 1770 ellugisSe,
3260 1698 3478 1778 ctduas
3507 1713 3607 1752 ve"-
3636 1758 3649 1773 :
3713 1742 3716 1746 λ

303 1787 671 1856 διαφυγοῦσαν
704 1788 803 1849 τὰς
832 1789 1020 1857 χεῖρας
1063 1788 1313 1841 Ἰωάννου
1345 1787 1439 1841 τοῦ
1469 1786 1850 1860 Φρυσοστόμου
1878 1804 1891 1819 ·

2000 1803 2089 1843 ces
2109 1804 2173 1843 ex
2194 1790 2314 1844 aliis
2342 1789 2651 1859 Evangeliis
2670 1791 2920 1849 exclusas
2940 1807 3087 1857 esse.
3114 1778 3279 1861 Cujus
3303 1780 3403 1862 ego
3418 1792 3605 1847 verbis

303 1879 395 1932 τὸν
451 1880 560 1948 γὰρ
618 1880 1009 1949 Χρυσόστομον
1062 1877 1235 1942 οὕτως
1303 1881 1353 1932 oi
1415 1879 1896 1950 ἁκαθαρτόστομοι

308 1969 755 2041 προσωνόμαζον
784 1970 931 2040 ἔχειν
963 1970 1425 2040 ἐγγεγραμμένας
1462 1971 1563 2033 τὰς
1595 1971 1896 2040 εἰρημένας

303 2062 398 2116 δύο
429 2065 635 2131 φωνὰς,
683 2060 1045 2131 ὲκϐληθείσας
1094 2061 1206 2115 ἀπὸ
1255 2061 1363 2115 τῶν
1416 2061 1593 2117 ἄλλων
1651 2062 1899 2133 Εὑαγγε-

303 2153 456 2207 λίων.
488 2152 789 2216 Πιστεύσας
815 2155 870 2206 δὲ
906 2154 1017 2215 τοῖς
1042 2153 1253 2205 ἐκείνου
1270 2152 1448 2222 λόγοις
1476 2152 1605 2222 ἐγὼ,
1638 2153 1896 2223 κηρύττω

304 2243 401 2296 καὶ
429 2242 655 2308 ταύτας,
680 2243 753 2305 ὡς
783 2245 849 2313 τῇ
881 2244 987 2312 ἐμῇ
1038 2241 1207 2312 βίϐλῳ
1245 2242 1353 2296 τῶν
1395 2242 1743 2309 Εύαγγελίων
1803 2245 1896 2311 ὲγ·

1994 1881 2194 1951 iuquit,
2223 1884 2382 1939 ﬁdem
2423 1885 2653 1949 habens,
2682 1886 2936 1955 praedico,
2968 1885 3106 1940 duas
3143 1887 3270 1940 item
3312 1875 3605 1965 hasjoces
3672 1902 3692 1946 :~
3724 1950 3727 1951 ν

1996 1971 2054 2025 in
2100 1973 2410 2043 Evangeliis
2439 1976 2679 2044 scriptas
2710 1990 2853 2032 esse.
2901 1975 2993 2030 Ille
3028 1976 3247 2053 quidem
3300 1962 3606 2053 hanc'attu-

1996 2062 2059 2117 lit
2089 2062 2485 2120 defensionem.
2521 2065 2633 2136 Ego
2668 2080 2798 2120 vero
2838 2065 3035 2120 statim
3104 2065 3373 2133 intellexi,
3396 2066 3606 2129 damo-

1996 2168 2120 2208 nem
2158 2153 2331 2210 fuisse
2373 2155 2547 2223 illum,
2579 2156 2671 2226 qui
2712 2157 2813 2213 sub
2860 2157 3146 2225 mendacis
3175 2159 3327 2213 senis
3361 2172 3601 2229 persona

1999 2245 2210 2302 locutus
2229 2247 2426 2302 fuerat.
3087 2292 3089 2294 .
3236 2259 3240 2262 ‘
3270 2250 3274 2254 ‘

303 2306 720 2411 γεγραμμένας.
767 2306 1103 2408 Ὀυ’μενμοῦν
1149 2306 1411 2407 τοιαύτην
1443 2306 1746 2404 ἐποιήσατο
1801 2306 1900 2408 την
1941 2339 2264 2409 ἀπολογίαν,
2332 2339 2446 2410 ἐγὼ
2506 2342 2566 2396 δὲ
2601 2342 2813 2415 συνῆκα
2855 2306 3093 2414 ταχέως,
3137 2342 3223 2396 ὅτι
3270 2344 3299 2396 ὁ
3354 2343 3600 2398 Σατανᾶς

302 2429 372 2504 ἦν
400 2435 431 2485 ό
449 2432 538 2484 τὸν
559 2430 894 2500 ψευδόγηρον
920 2431 1128 2483 ἐκεῖνον
1160 2431 1619 2502 ὑποκρινάμενος.

382 2518 670 2591 κβ⁸.Λέγου
679 2540 730 2575 σι
745 2524 870 2586 τοὺς
883 2523 983 2592 τῆς
995 2524 1236 2588 πίστεως
1246 2525 1443 2590 αὐτῶν,
1461 2527 1606 2590 ὅσοις
1624 2529 1896 2599 ἐνοικήσει

2070 2524 2237 2579 Aiunt
2285 2540 2416 2581 suos
2469 2540 2678 2591 omnes,
2730 2524 2784 2580 in
2824 2526 3020 2596 quibus
3073 2524 3313 2595 Spiritus
3373 2538 3597 2584 sanctus

3471 293 3610 365 i318
3680 302 3719 365 ᾗ

194 4926 201 4941 ι
292 4909 535 4972 πίστεως
584 4910 753 4964 αὐτοῦ
796 4910 1270 4982 δημοσιευθέντων
1315 4914 1410 4967 καὶ
1464 4915 1883 4984 παραδοθέντων

304 2615 369 2669 τὸ
408 2614 537 2685 παρ’
566 2616 749 2677 αὐτοῖς
774 2616 929 2683 ἅγιον
956 2617 1203 2687 Πνεῦμα,
1240 2617 1449 2683 πάντας
1482 2621 1769 2684 θεοτόκους
1791 2623 1889 2676 καὶ¹

1996 2615 2223 2680 habitat,
2272 2615 2366 2670 Dei
2401 2627 2654 2684 parentes
2676 2624 2728 2670 et
2759 2631 2905 2671 esse.
2937 2625 2994 2671 et
3033 2616 3303 2671 nominari
3337 2629 3461 2670 cum
3491 2618 3596 2688 ipsi

306 2703 469 2774 εἶναι,
495 2707 588 2760 καὶ
612 2705 1003 2775 ὀνομάζεσθαι,
1032 2706 1410 2776 βαστάσαντας
1441 2711 1535 2762 καὶ
1575 2710 1773 2773 αὐτοὺς
1804 2713 1891 2765 τὸν

1996 2722 2208 2777 quoque
2242 2707 2334 2761 Dei
2373 2705 2607 2762 Verbum
2645 2709 2980 2776 concipiant,
3019 2716 3074 2761 et
3107 2707 3159 2761 in
3192 2721 3349 2763 utero
3378 2721 3592 2780 gerant,

304 2800 476 2867 Λόγον
504 2799 600 2852 τοῦ
626 2798 787 2864 Θεοῦ,
813 2800 907 2853 καὶ
936 2785 1305 2871 γεννήσαντας
1353 2802 1515 2855 αὑτὸν
1541 2803 1630 2857 δια
1679 2803 1774 2857 τοῦ
1805 2806 1890 2858 δι-

1996 2811 2159 2871 atque
2245 2802 2409 2854 etiam
2464 2799 2680 2870 pariant
2735 2800 2863 2855 dum
2906 2800 3040 2854 alios
3095 2801 3309 2855 docent.
3349 2800 3414 2855 Et
3455 2785 3595 2856 nihil

302 2888 522 2943 δάσκειν
545 2889 787 2957 ἑτέρους,
821 2887 917 2941 καὶ
972 2889 1140 2960 μηδὲν
1167 2888 1327 2942 πλέον
1370 2890 1553 2942 αὐτῶν
1603 2888 1748 2961 ἔχειν
1789 2892 1887 2962 τὴν

1996 2893 2244 2961 amplius,
2277 2908 2438 2961 quam
2493 2892 2594 2961 ipsi
2633 2892 2885 2956 habeant,
2924 2892 3127 2948 habere
3181 2892 3413 2961 primam
3444 2890 3623 2952 illam,”

304 2976 527 3049 πρώτην
552 2976 837 3030 Θεοτόκον.
862 2978 970 3032 Καὶ
991 2978 1111 3030 οὐδὲ
1132 2978 1386 3031 τοσοῦτον
1409 2978 1541 3047 γοῦν
1574 2979 1883 3049 φρονοῦσιν,

1998 2985 2090 3039 Det
2125 2983 2492 3040 Genitricem.
2558 2983 2671 3039 Nec
2710 2992 2918 3038 tantum
2959 2985 3161 3038 habent
3189 2988 3403 3049 mentis,
3431 2997 3489 3040 ut
3517 2987 3595 3041 in.
3641 2981 3645 2983 “

302 3070 427 3123 ὅσον
449 3070 649 3123 ειδέναι
674 3070 937 3140 διαφορὰν
961 3071 1328 3124 ὲνυποστάτου
1363 3070 1459 3124 καὶ
1478 3070 1679 3136 ζῶντος
1713 3073 1890 3141 Λόγου

1997 3076 2240 3145 telligere
2264 3075 2501 3141 valeant,
2533 3075 2660 3145 quid
2683 3077 2899 3131 intersit
2935 3076 3076 3132 inter
3123 3075 3364 3131 Verbum
3399 3077 3451 3132 in
3490 3094 3591 3133 sua

303 3162 489 3224 ἁπλῶς
553 3161 713 3230 λόγου
758 3161 1116 3233 προφορικοῦ,
1166 3163 1251 3215 ἴνα
1307 3164 1764 3235 παραδράμωμεν
1817 3165 1888 3219 τὰ

1996 3169 2292 3225 subsistens
2336 3183 2590 3239 persona,
2632 3178 2686 3223 et
2721 3171 2969 3233 verbum,
3040 3169 3184 3237 quod
3219 3184 3317 3225 ore
3347 3185 3591 3241 pronun-

302 3253 443 3307 κατὰ
498 3253 598 3325 τὴν
654 3254 858 3325 κυρίως
914 3254 1177 3309 Θεοτόκον
1232 3255 1437 3327 φρικτὰ
1478 3256 1575 3310 καὶ
1607 3256 1888 3327 παράδοξα

1996 3261 2176 3325 tiatur,
2213 3268 2272 3315 ut
2293 3261 2613 3314 omittamus
2643 3274 2730 3314 res
2784 3259 3123 3315 venerandae
3150 3267 3207 3314 et
3235 3259 3589 3315 admirabiles

304 3345 607 3415 μυστήρια.

1996 3368 2107 3424 qua:
2136 3354 2190 3408 in
2215 3353 2307 3407 Dei
2338 3351 2614 3408 Genitrice
2644 3353 2881 3423 propriae
2908 3361 3055 3407 sunt.

2056 3443 2148 3497 25.
2183 3445 2255 3499 At
2291 3445 2384 3512 qui
2441 3445 2554 3498 sint
2582 3445 2872 3513 ejusmodi,
2920 3457 3014 3498 eos
3056 3451 3258 3513 negant
3312 3442 3470 3509 mori,
3493 3442 3589 3498 sed

1989 3543 2250 3602 tanquam
2281 3535 2334 3587 in
2367 3548 2560 3587 somno
2589 3534 2943 3587 transmutari
2964 3571 2979 3594 ,
3021 3543 3078 3588 et
3124 3536 3244 3590 sine
3273 3535 3380 3589 ullo
3404 3535 3588 3591 labore

1986 3637 2268 3677 caenosum
2321 3625 2425 3678 hoc
2481 3623 2664 3678 carnis
2715 3622 3088 3678 indumentum
3151 3638 3373 3692 exuere,
3421 3635 3589 3695 atque

1989 3714 2352 3768 immortalem
2408 3729 2472 3768 ac
2530 3713 2769 3769 divinam
2825 3713 3029 3769 Christi
3073 3714 3268 3770 stolam
3336 3715 3583 3784 induere,

1989 3804 2245 3872 idemque
2315 3818 2514 3873 corpus
2566 3813 2621 3860 et
2666 3804 2897 3858 formam
2955 3804 3201 3860 eamdem
3258 3805 3587 3874 iuduere,et

1986 3897 2355 3966 prmeuntihus
2409 3896 2618 3968 angelis
2660 3904 2715 3950 et
2745 3895 3004 3963 apostolis
3033 3895 3087 3950 in
3123 3894 3298 3950 Patris
3359 3910 3585 3966 regnum

1988 3989 2226 4054 admitti,
2265 4003 2464 4058 corpus
2498 3998 2701 4053 autem,
2733 3989 2877 4056 quod
2906 3988 3175 4050 exuerint,
3233 3990 3288 4043 in
3342 3989 3582 4044 cinerem

1984 4081 2369 4149 pulveremque
2395 4079 2641 4144 dissolvi,
2702 4090 2981 4148 nunquam
3045 4080 3277 4149 amplius
3306 4090 3585 4134 surrectu-

298 4177 499 4248 μηκέτι
526 4176 791 4246 μηδαμῶς
819 4174 1206 4245 ἀνιστάμενον.
1257 4176 1377 4230 Ὀτι
1422 4176 1480 4230 δὲ
1519 4178 1582 4231 ού
1628 4177 1882 4248 καθάπερ

1996 4189 2128 4228 rum.
2192 4172 2301 4229 Sed
2364 4172 2561 4227 falsum
2606 4188 2728 4228 esse
2760 4173 2903 4241 quod
2958 4179 3215 4240 tanquam
3274 4172 3328 4225 in
3390 4186 3583 4227 somno

296 4271 357 4323 ὲν
388 4268 559 4335 ὕπνῳ,
586 4272 678 4322 καὶ
700 4268 1000 4322 ἀπεκδύσει
1026 4265 1377 4338 περιϐολαίου
1407 4269 1621 4336 γίνεται
1668 4270 1881 4332 τούτοις

1996 4267 2229 4335 corporis
2284 4274 2490 4319 exuant
2548 4266 2956 4327 vestimentum,
3012 4264 3211 4318 etsine
3252 4264 3436 4318 dolore
3460 4278 3584 4318 mo-

293 4362 567 4423 ἁνώδυνος
605 4362 633 4414 ό
666 4360 913 4422 θάνατος,
942 4357 1162 4425 ,ἔδειξεν
1197 4362 1226 4412 ό
1254 4362 1353 4429 τῆς
1402 4362 1669 4431 αἱρέσεως
1698 4364 1880 4417 αὐτῶν

1996 4361 2213 4422 piantur,
2250 4359 2503 4427 princeps
2537 4356 2759 4411 bzeresis
2781 4357 3019 4424 ipsorum
3052 4356 3313 4422 ostendit,
3346 4359 3438 4426 qui
3473 4370 3582 4410 ma‘

293 4453 544 4521 ἔξαρχος,
567 4451 789 4514 πολλαῖς
819 4451 1035 4515 ὀδύναις
1060 4451 1389 4521 ὑποϐληθείς
1409 4429 1551 4524 μετὰ
1579 4454 1639 4507 τὸ
1660 4455 1879 4525 δοθῆναι

1996 4454 2108 4519 guis
2151 4451 2379 4506 allectus
2457 4451 2733 4504 doloribus
2790 4460 2844 4504 et
2901 4456 3021 4518 post
3082 4449 3243 4502 latam
3319 4451 3582 4505 adversus

1981 4561 2103 4600 eum
2157 4543 2506 4606 sententiam,
2569 4550 2632 4597 ut
2708 4543 2830 4611 igne
2884 4549 3242 4603 cremaretur,
3291 4540 3581 4596 formidine

1981 4640 2345 4701 excruciatus,
2383 4634 2603 4690 lethalia
2645 4635 2868 4690 vulnera
2902 4635 2955 4687 in
2983 4649 3080 4687 cor
3135 4634 3434 4702 accipiens,
3460 4642 3580 4687 tan—

1979 4745 2140 4799 quam
2196 4728 2476 4783 histrionis
2510 4728 2692 4782 habitu
2736 4728 2980 4797 deposito
3009 4728 3274 4795 impostor
3332 4726 3578 4794 ceguitns

1980 4832 2083 4885 est,
2119 4822 2392 4890 mysteriis
2430 4822 2551 4876 fidei
2582 4821 2749 4889 ipsius
2789 4820 3001 4888 publice
3048 4818 3350 4887 patefactis,
3392 4827 3447 4871 et
3490 4817 3580 4871 lt-

1984 4922 2222 4969 terarum
2258 4917 2626 4970 monumentis
2662 4914 2848 4981 tropwi
2885 4913 3004 4967 loco
3032 4912 3391 4980 consignatis,
3447 4927 3574 4967 cum

387 3437 621 3506 Λέγουσι
676 3439 805 3503 τοὺς
860 3439 1138 3504 τοιούτους
1185 3440 1260 3511 μὴ
1314 3441 1702 3514 ἀποθνήσκειν,
1749 3443 1886 3499 ἀλλὰ

302 3528 689 3595 μεθίστασθαι,
714 3531 968 3602 καθάπερ
998 3533 1057 3585 ἐν
1086 3531 1330 3602 ὖπνῳ,τὺ
1356 3534 1582 3602 πήλινον
1612 3535 1759 3587 τουτὶ
1789 3539 1886 3587 καὶ

299 3624 559 3694 σάρκινον
585 3622 934 3693 περιϐόλαιον
979 3623 1198 3684 ἀπόνως
1234 3624 1618 3693 ὲκδυομένους,
1672 3627 1768 3678 καὶ
1788 3626 1885 3694 τὴν

298 3716 578 3788 ἄφθαρτον
612 3712 708 3767 καὶ
732 3712 886 3767 θείαν
906 3712 1000 3765 τοῦ
1027 3712 1266 3784 Χριστοῦ
1285 3714 1480 3784 στολὴν
1506 3714 1883 3785 ἐνδυομένους,

294 3810 395 3862 καὶ
445 3804 765 3875 γινομένους
799 3803 1124 3875 συσσώμους
1157 3805 1255 3860 καὶ⁸
1300 3806 1664 3877 συμμόρφους
1692 3807 1884 3873 αὐτοῦ,

297 3897 739 3971 μεθισταμένους
771 3897 860 3950 διὰ
884 3898 1219 3969 προπομπῆς
1260 3898 1533 3968 ἀγγέλων,
1589 3899 1686 3952 καὶ
1747 3900 1885 3954 ἀπο-

295 3991 498 4045 στόλων
528 3991 607 4054 είς
635 3990 737 4059 τὴν
767 3989 1048 4061 βασιλείαν
1073 3990 1170 4045 τοῦ
1219 3992 1436 4061 Πατρὸς
1455 4032 1471 4058 ,
1520 3991 1583 4046 τὸ
1611 3992 1658 4046 δ’
1687 3992 1885 4047 ἀποδυ-

294 4084 388 4139 θὲν
425 4082 587 4152 σῶμα
611 4083 820 4136 τούτων
851 4083 934 4146 είς
958 4081 1166 4153 τέφραν
1198 4083 1295 4138 καὶ
1343 4085 1495 4138 κόνιν
1546 4084 1880 4150 διαλύεσθαι,

294 4543 417 4598 κατ’
443 4543 608 4597 αὑτοῦ
648 4543 746 4614 τὴν
777 4543 865 4596 διὰ
896 4543 1068 4616 πυρὸς
1091 4543 1392 4613 ἀπόφασιν,
1446 4545 1544 4600 καὶ
1586 4546 1676 4618 .τῷ
1731 4548 1881 4620 φόϐῳ

294 4634 949 4708 προσκαταδαπανηθεὶς,
977 4636 1074 4688 καὶ
1111 4635 1337 4706 καιρίας
1385 4636 1600 4708 πληγὰς
1646 4641 1728 4703 είς
1782 4641 1882 4711 τὴν

291 4729 524 4800 καρδίαν
548 4729 863 4799 δεξάμενος,
894 4728 983 4781 ὅτε
1006 4727 1101 4781 τοῦ
1131 4728 1408 4800 δράματος
1449 4732 1880 4802 ἀπογυμνωθέν-

289 4838 404 4884 τος.
437 4820 577 4888 ἔγνω
621 4820 1069 4891 κατασοφισθεὶς,
1122 4822 1231 4875 τῶν
1266 4822 1583 4895 μυστηρίων
1634 4826 1733 4894 μὲν
1783 4825 1882 4894 τῆς

1983 5014 2040 5060 et
2100 5006 2349 5074 discipuli
2393 5006 2533 5076 ejus,
2593 5005 2765 5060 etilli
2817 5006 3118 5074 praesertim
3160 5005 3251 5073 qui
3313 5004 3576 5073 sanguine

1981 5107 2034 5151 et
2094 5096 2495 5151 necessitudine
2555 5096 2827 5165 conjuncti
2863 5104 3040 5159 erant,
3107 5095 3160 5147 in
3189 5109 3465 5149 carcerem
3519 5104 3577 5151 et

1980 5187 2196 5243 vincula
2231 5187 2458 5253 coujecti
2488 5196 2638 5249 sunt,
2665 5196 2722 5241 et
2753 5189 3003 5242 omnibus
3021 5188 3136 5256 ipse
3171 5187 3407 5254 undique
3424 5188 3577 5240 auxi-

1979 5278 2068 5335 liis
2096 5290 2151 5334 et
2179 5279 2327 5333 inani
2361 5292 2457 5347 spe
2493 5276 2757 5348 spoliatus
2783 5286 2884 5333 est.
2913 5278 3047 5332 Cum
3072 5275 3217 5330 enim
3278 5277 3572 5346 discipulos

1978 5388 2034 5433 et
2071 5374 2410 5431 necessarios
2447 5414 2463 5438 ,
2494 5382 2553 5427 ut
2583 5373 2790 5428 dictum
2823 5381 2927 5435 est,
2968 5380 3074 5424 tam
3100 5371 3301 5426 misere
3342 5371 3572 5426 aﬂ'ectos

1978 5469 2332 5540 perspiceret,
2388 5480 2527 5536 quos
2561 5469 2627 5520 ad
2668 5474 2970 5520 extremum
3010 5478 3181 5532 usque
3213 5463 3354 5517 diem
3384 5461 3572 5519 felices

1985 5562 2198 5617 futuros
2244 5573 2312 5616 ex
2374 5558 2518 5629 regis
2576 5556 2857 5628 promissis
2918 5553 3282 5624 existimabat,
3309 5569 3475 5625 seque
3500 5557 3571 5611 ab

291 5004 481 5073 γραφῇ
514 5003 650 5071 πρὸς
685 5001 979 5072 θρίαμϐον,
1017 5004 1129 5058 τῶν
1160 5004 1420 5076 μαθητῶν
1451 5006 1508 5061 δὲ
1543 5008 1731 5073 αὐτοῦ,
1791 5011 1884 5063 καὶ

297 5092 537 5163 μάλιστα
590 5095 893 5163 συγγενῶν,
950 5097 1047 5150 καὶ
1097 5097 1205 5150 τῶν
1264 5097 1441 5165 ἄλλως
1495 5101 1882 5174 γνησιωτέρων

296 5185 781 5255 σαγηνευθέντων,
833 5188 928 5269 καὶ
970 5191 1089 5251 ταῖς
1138 5190 1387 5261 εἱρκταῖς
1441 5192 1885 5246 ἑναποκλεισθὲν-

292 5293 429 5340 των,
459 5276 553 5330 καὶ
587 5279 767 5348 πάσης
786 5279 937 5349 αὐτῷ
961 5281 1303 5351 πανταχόθεν
1355 5282 1613 5354 βοηθείας
1662 5284 1881 5338 ἀπολω-

294 5366 492 5433 λυίας,
557 5372 652 5423 καὶ
700 5369 949 5438 φρούδων
1005 5371 1114 5424 τῶν
1156 5372 1415 5442 ςὲλπίδων
1468 5376 1876 5444 γεγενημένων.

298 5458 437 5521 Τοὺς
462 5462 569 5530 γὰρ
607 5460 880 5531 μαθητὰς,
906 5461 981 5525 ὡς
1006 5463 1246 5534 εἴρηται,
1301 5466 1397 5531 καὶ
1422 5468 1710 5533 συγγενεῖς
1736 5464 1883 5520 οὕτω

298 5549 545 5615 ἐλεεινῶς
597 5552 821 5623 ἔχοντας
879 5554 1001 5607 ἰδὼν
1081 5554 1233 5624 παρὰ
1285 5557 1466 5610 πᾶσαν
1521 5557 1872 5628 προσδοκίανο

360 5730 377 5760 ³
421 5730 616 5787 Matth.
675 5748 833 5791 χχιιι.
870 5733 923 5788 5.
