4022 6224
476 360 616 427 1319

1716 345 2100 410 EUTIIYMII
2140 343 2506 405 ZIGABENI

3614 342 3639 405 1
3660 344 3785 407 320

472 477 578 533 illis
607 471 922 544 proditionis
952 468 1208 532 incusari,
1256 465 1433 521 fontes
1464 464 1648 521 emisit
1686 463 2069 534 Iacryinarum,

2204 461 2478 529 ιέχριγάρ
2506 456 2601 526 τῆς
2635 455 2947 517 τελευταίας
2989 455 3200 525 ἡμέρας
3257 454 3394 525 ᾤετο
3428 457 3651 522 πάντας
3719 464 3784 513 ἐν

472 576 529 621 et
557 565 854 635 profundos
885 562 1058 617 edidit
1092 560 1347 630 gemitus,
1381 557 1580 633 quibus
1635 556 1818 608 cordis
1844 552 2061 605 ﬂamma

475 660 837 714 indicabatur.
892 654 1268 708 Calamitatum
1317 651 1481 719 igitur
1540 658 1794 715 tanquam
1854 644 2068 696 turbine

479 752 718 821 quodam
751 749 985 817 iactatus
1012 745 1195 799 animo
1219 742 1528 818 deficiebat,
1565 749 1619 794 et
1651 739 1899 807 spiritum
1929 735 2069 787 reci-

476 845 630 913 piens
656 855 869 895 rursum
938 837 1307 903 torquebatur.
1362 843 1415 887 et
1450 832 1747 887 consistere
1779 843 1882 882 non
1916 835 2068 893 pole-

480 928 591 998 rat,
634 932 805 984 donec
842 945 870 981 a
910 927 1178 981 ministris
1206 924 1447 978 sublatus
1478 923 1542 977 ad
1586 936 1773 991 pyram
1839 926 2070 981 tractus,

479 1034 534 1080 et
563 1038 696 1077 voce
724 1020 1034 1080 deficiente,
1099 1016 1451 1083 anhelituquc
1504 1024 1763 1083 perpetuo
1818 1009 2073 1063 laborans

480 1118 534 1169 in
560 1115 831 1168 flammam
867 1108 1144 1176 conjectus
1178 1120 1282 1174 εει,
1314 1120 1475 1175 atque
1520 1106 1588 1158 ita
1628 1100 1878 1161 (laeniOni,
1914 1113 2073 1167 quem

482 1205 827 1265 adoraverat,
861 1200 1085 1254 effectus
1122 1199 1520 1251 holocaustum.
1566 1192 1657 1245 Sic
1690 1193 1804 1259 ipse
1855 1187 2073 1257 quidem

486 1298 540 1351 in
577 1296 753 1349 locum
792 1290 1137 1346 tenebrarum
1170 1299 1224 1343 et
1254 1287 1484 1341 aliorum
1513 1284 1771 1338 malorum
1796 1281 1894 1335 sibi
1924 1292 2081 1346 para-

485 1402 595 1446 tum
629 1383 901 1455 profectus
930 1391 1031 1436 est.
1064 1381 1273 1449 Corpus
1328 1387 1507 1431 autem
1544 1372 1898 1430 infelicissimi
1931 1370 2078 1423 senis

485 1484 731 1543 resurget
768 1474 988 1535 omnino
1040 1472 1093 1524 in
1148 1470 1235 1525 die
1296 1469 1601 1522 communis
1647 1462 2069 1519 resurrectionis

486 1576 552 1623 ex
596 1566 808 1619 Domini
836 1564 1123 1625 sententia,
1158 1559 1247 1629 qui
1279 1560 1425 1633 dixit
1467 1557 1711 1635 homines
1742 1561 2080 1608 resurrectu-

487 1676 597 1725 ros,
628 1661 928 1726 iturosque,
962 1656 1051 1725 qui
1090 1653 1226 1707 mala
1261 1650 1466 1721 egerint
1496 1632 1549 1703 in
1586 1647 1905 1717 supplicium
1935 1659 2082 1698 sem-

486 1752 750 1821 piternum
775 1789 788 1813 ,
825 1747 1070 1817 quamvis
1092 1746 1191 1798 iste
1242 1753 1573 1797 mortuorum
1604 1738 2080 1799 resurrectionem,

2169 550 2392 614 ἀγαθοῖς
2422 546 2561 601 εἶναι
2591 548 2734 603 κατά
2756 547 2854 615 τὴν
2879 546 2971 598 τοῦ
2999 546 3260 614 βασιλέως
3290 548 3593 617 ὑπόσχεσιν
3613 568 3631 583 ·
3675 556 3783 604 καὶ

2170 641 2458 710 προδοσίαν
2514 637 2646 709 παρ’
2670 639 2849 692 αὐτῶν
2894 638 3204 708 ἐγκληθεὶς,
3260 640 3443 710 ἀφῆκε
3499 641 3599 711 μὲν
3682 662 3786 697 πι-

2170 730 2319 802 κρῶν
2340 729 2591 799 δακρύων
2627 730 2829 799 πηγὰς,
2862 728 3147 798 ἀνέπεμψε
3182 730 3240 783 δὲ
3281 734 3615 803 στεναγμοὺς
3673 734 3786 803 βυ-

2174 820 2345 887 θίους,
2373 822 2471 891 τὴν
2500 820 2648 874 ἔνδον
2675 821 2775 889 τῆς
2818 821 3043 890 καρδίας
3096 821 3270 890 φλόγα
3305 824 3639 894 μηνύοντας.
3678 827 3787 881 καὶ

2175 914 2428 985 καθάπερ
2472 914 2678 983 τυφῶνι
2702 916 2823 977 ταῖς
2854 918 3166 985 συμφοραῖς
3198 917 3437 988 βληθεὶς,
3478 920 3784 973 nemoae-

2179 1020 2290 1073 μει,
2318 1003 2412 1055 καὶ
2451 1002 2837 1072 ἀνακτώμενος
2859 1000 3015 1066 αὖθις
3038 1008 3397 1077 κατεφέρετο,
3435 1010 3634 1081 στῆναι
3694 1012 3780 1083 μὴ

2176 1095 2475 1162 δυνάμενος
2495 1095 2600 1155 ἕως
2626 1095 2729 1147 ὑπὸ
2771 1096 2879 1148 τῶν
2907 1097 3062 1165 ἄγειν
3089 1097 3491 1153 κελευσθέντων
3552 1102 3778 1171 ἀρθεὶς,

2181 1186 2584 1254 βασταζόμενος
2611 1187 2835 1257 ἀπήχθη
2861 1189 2994 1258 πρὸς
3018 1190 3120 1258 τὴν
3146 1190 3350 1260 πυρὰν,
3386 1194 3481 1245 καὶ
3511 1196 3612 1263 τῆς
3648 1214 3781 1261 φω-

2180 1277 2274 1344 νῆς
2298 1276 2463 1329 αὐτὸν
2486 1276 2896 1347 ἐπιλειπούσης,
2931 1281 3121 1350 πυκνῷ
3159 1282 3234 1350 τῷ
3283 1282 3526 1352 ἄσθματι
3597 1304 3779 1339 κατα-

2185 1365 2419 1435 σχεθεὶς,
2447 1367 2742 1438 ήκοντίσθη
2773 1370 2912 1422 κατά
2970 1372 3071 1438 τῆς
3112 1373 3334 1439 φλογὸς,
3378 1376 3470 1426 καὶ
3520 1376 3777 1429 ὡλοκαυ-

2182 1458 2328 1525 τώθη
2367 1458 2445 1527 τῷ
2478 1460 2943 1530 προσκυνουμένῳ
2975 1461 3106 1531 παρ’
3138 1463 3305 1516 αὑτοῦ
3356 1464 3599 1535 δαίμονι.
3657 1470 3777 1523 Καὶ

2183 1550 2348 1613 αὐτὸς
2379 1550 2477 1619 μὲν
2504 1550 2805 1621 ἐξεδήμησε
2844 1552 2978 1622 πρὸς
3010 1553 3100 1605 τὸν
3144 1556 3563 1624 ἡτοιμασμένον
3612 1559 3777 1630 αὐτῷ

2184 1643 2357 1695 τόπον
2409 1640 2502 1693 τοῦ
2563 1641 2789 1705 σκότους
2852 1643 2943 1695 καὶ
2999 1643 3097 1710 τῆς
3128 1643 3295 1711 ἄλλης
3317 1647 3657 1710 κακώσεως·
3706 1650 3777 1701 τὸ

2189 1733 2349 1802 σῶμα
2376 1733 2433 1786 δὲ
2455 1733 2549 1785 τοῦ
2577 1734 2894 1804 τρισαθλίου
2929 1734 3120 1787 τούτου
3158 1734 3417 1804 γέροντος
3466 1740 3777 1811 ἀναστήσε-

490 1854 597 1895 tam
648 1840 829 1893 multis
865 1837 1109 1907 Apostoli
1206 1833 1534 1888 testimoniis
1580 1832 1645 1885 de
1704 1829 1793 1883 illa
1862 1828 2085 1881 demon-

2204 1840 2275 1875 ται
2306 1823 2523 1885 πάντως
2556 1824 2615 1876 ἐν
2640 1826 2707 1894 τῇ
2740 1824 2922 1893 ἡμέρᾳ
2946 1823 3044 1893 τῆς
3074 1826 3261 1893 κοινῆς
3284 1826 3636 1891 ἀναστάσεως
3670 1846 3776 1883 κα-

494 1933 959 1999 stratiouibusque
1035 1941 1290 1999 tauquam
1344 1925 1496 1980 falsis
1560 1923 1800 1993 rejectis,
1850 1919 2085 1973 futuram

490 2028 785 2098 negaverit.

2196 1914 2263 1967 τά
2293 1914 2392 1983 τὴν
2426 1914 2518 1968 τοῦ
2553 1915 2806 1984 Σωτῆρος
2849 1914 3147 1982 ἀπόφασιν,
3190 1916 3492 1987 εἰρηκότος,
3520 1919 3775 1989 ἀναστή-

2187 2003 2376 2056 σεσθαι
2411 2004 2505 2056 καὶ
2537 2005 2663 2067 τοὺς
2695 2004 2763 2057 τά
2807 2003 2987 2073 φαῦλα
3034 2004 3342 2075 πράξαντας
3383 2010 3463 2072 είς
3534 2011 3774 2064 κόλασιν

492 2121 807 2187 αἱώνιον,εί
844 2120 937 2173 καὶ
996 2113 1158 2174 αὐτὸς
1190 2112 1264 2182 μὴ
1295 2107 1439 2175 ,εῖναι
1490 2106 1596 2159 τῶν
1646 2102 1956 2156 τεθνεώτων
2017 2094 2313 2151 ἀλάστασιν
2376 2094 2722 2164 ἐδογμάτιζε,
2793 2096 2890 2160 τάς
2937 2096 3211 2161 τοσαύτας
3276 2099 3369 2153 τοῦ
3438 2102 3774 2159 Ἀποστόλου

491 2218 621 2287 περὶ
654 2216 858 2285 ταύτης
917 2209 1242 2282 μαρτυρίας.
1300 2204 1391 2257 καὶ
1447 2201 1701 2269 γενναίας
1756 2191 2084 2257 ἀποδείξεις.
2124 2186 2196 2248 ὼς
2218 2186 2435 2255 ψευδεῖς
2464 2186 2911 2259 παρωθούμενος.

563 2333 655 2386 2'5.
682 2327 951 2384 Di’cuntse
966 2340 1070 2380 non
1088 2325 1144 2379 in
1161 2320 1364 2379 somnis
1386 2317 1583 2381 solum,
1601 2314 1692 2369 sed
1714 2313 1874 2367 etiam
1898 2320 2092 2364 revera

492 2436 716 2479 cernere
738 2421 950 2474 Patrem
971 2425 1224 2483 tanquam
1240 2427 1421 2468 senem
1438 2406 1701 2478 profunda
1726 2401 1888 2459 barba
1911 2398 2097 2469 prmdi-

495 2530 629 2579 tum,
664 2511 858 2567 Filium
891 2521 1142 2576 tanquam
1170 2505 1420 2573 juvenem
1482 2500 1890 2568 pubescentem,
1922 2490 2095 2561 Spiri-

495 2610 607 2654 tum
660 2608 903 2654 sanctum
942 2592 1237 2647 imberbem
1265 2588 1685 2652 adolescentem,
1723 2599 1845 2638 cum
1872 2583 1955 2637 eis
1986 2582 2094 2633 dae-

501 2706 690 2746 mones
724 2691 795 2742 ita
824 2703 881 2742 se
917 2684 1072 2739 facile
1121 2683 1442 2751 conspicuos
1503 2679 1802 2749 prmbeant,
1832 2689 1940 2742 quo
1973 2672 2093 2725 illos

505 2789 607 2840 hac
633 2787 927 2837 formarum
963 2778 1225 2832 varietate
1262 2773 1551 2843 decipiant,
1609 2772 1947 2836 doceantque
1988 2765 2093 2818 im-

502 2892 680 2943 parem
722 2888 841 2928 esse
896 2881 1142 2925 sanctam
1203 2867 1521 2922 Trinitatem
1551 2872 1604 2919 et
1674 2862 2094 2928 discrepantem,

500 2967 862 3031 At'ianamqtte
918 2963 1077 3015 unius
1153 2966 1360 3011 natura:
1448 2953 1741 3009 sectionem
1795 2950 1905 3004 illis
1969 2946 2093 3013 inji-

502 3060 668 3112 ciant.

576 3258 666 3312 24.
692 3254 1076 3311 Monachorum
1102 3265 1251 3305 more
1280 3263 1337 3303 se
1365 3246 1621 3306 vestiunt,
1648 3254 1701 3296 et
1731 3256 1917 3295 eorum
1946 3238 2100 3292 habi-

508 3362 618 3404 lum
640 3362 891 3415 tanquam
910 3359 1089 3398 escam
1104 3349 1402 3401 assumunt,
1413 3346 1561 3391 veste
1576 3336 1758 3403 lupum
1778 3332 2103 3385 absconden-

509 3455 610 3502 tes,
645 3454 753 3508 quo
770 3435 1039 3491 faciliores
1066 3432 1263 3495 aditus,
1295 3440 1348 3483 et
1386 3424 1721 3496 colloquendi
1755 3422 2094 3484 facultatem,

512 3541 729 3600 propter
757 3527 997 3582 habitum
1023 3531 1407 3590 assequamur,
1440 3527 1494 3573 et
1516 3518 1632 3571 sine
1663 3513 1974 3583 suspicione
2002 3525 2100 3580 per

507 3636 819 3676 sermonum
849 3616 1241 3685 benignitatem
1276 3611 1501 3665 auribus
1561 3604 1896 3662 audientium
1935 3617 2103 3658 vene-

509 3729 636 3769 num
668 3710 931 3778 iujiciant.

578 3826 665 3879 25.
690 3822 958 3888 Secunda,
980 3830 1032 3875 et
1050 3828 1266 3889 quarta,
1288 3829 1344 3873 et
1377 3822 1529 3871 sexta
1553 3808 1979 3884 diesiugularum
2009 3808 2104 3863 he-

512 3914 1101 3984 lnlmnadumjejuuium
1117 3911 1384 3975 indicunt,
1404 3922 1573 3976 usque
1591 3906 1657 3960 ad
1672 3906 1858 3959 horam
1882 3915 2101 3956 nonam.

514 4010 670 4075 Quod
704 4008 747 4060 si
776 4006 897 4075 quis
927 4018 1022 4058 eos
1064 4002 1131 4057 ad
1172 4001 1479 4056 convivium
1510 4004 1689 4061 vocet,
1727 3995 1909 4050 statim
1945 3990 2100 4046 obliti

515 4098 766 4168 praecepti
793 4097 874 4151 sui
906 4097 1070 4150 edunt
1102 4103 1158 4148 et
1220 4092 1408 4146 bibunt
1458 4102 1714 4157 tanquam
1770 4084 2102 4153 elephantes.

514 4192 589 4244 Ex
648 4203 756 4258 quo
823 4196 970 4257 patet
1022 4198 1116 4239 eos
1162 4184 1326 4238 etiam
1381 4180 1651 4250 impudice
1707 4179 1911 4243 vivere,
1977 4175 2105 4229 licet

517 4262 930 4336 fornicationem
1068 4284 1123 4329 et
1240 4288 1452 4329 omnem
1550 4271 1715 4325 aliam
1821 4267 2103 4322 libidinem

519 4386 771 4442 tanquam
813 4370 996 4426 carnis
1034 4380 1088 4424 et
1124 4367 1373 4437 corporis
1418 4374 1667 4437 expertes
1715 4360 1895 4417 verbis
1957 4360 2103 4413 inse-

518 4474 700 4517 ctentu
711 4478 755 4515 r.

585 4577 676 4631 26.
707 4574 974 4645 Principio
991 4573 1207 4644 quidem
1241 4570 1530 4627 initiandos
1550 4568 1868 4639 simpliciter
1894 4571 2109 4635 docent,

521 4679 575 4725 et
599 4670 906 4731 hortantur,
931 4666 1298 4721 utcredantin
1322 4664 1630 4729 Patrem,et
1671 4660 1889 4727 Filium,
1921 4669 1972 4713 et
1988 4659 2111 4730 Spi-

520 4764 682 4817 ritum
706 4770 977 4822 sanctum,
1008 4758 1324 4826 discantque
1352 4755 1626 4810 Christum
1653 4768 1867 4808 carnem
1894 4753 2107 4807 induis-

524 4869 580 4907 se
617 4854 935 4920 dedisseque
983 4848 1189 4904 sanctis
1215 4846 1471 4915 apostolis
1493 4834 1711 4900 sacrum
1743 4844 2111 4914 Evangelium.

523 4945 589 4998 Et
649 4945 860 5013 jubeut,
906 4952 964 4995 ut
1023 4939 1332 5008 evangelica
1392 4938 1643 4991 mandata
1702 4937 2030 5003 custodiant,
2061 4944 2116 4990 et

523 5045 829 5108 precentur,
861 5042 914 5087 et
945 5031 1208 5102 jcjunent,
1268 5044 1435 5098 seque
1468 5030 1536 5083 ab
1567 5029 1713 5082 omni
1747 5027 1981 5096 nequitia
2011 5042 2113 5095 pu-

525 5145 614 5183 ros
690 5129 1041 5197 integrosque
1092 5132 1438 5187 conservent,
1495 5130 1550 5176 et
1596 5120 1728 5175 nihil
1780 5119 2113 5189 possideant,

525 5220 927 5287 clementesque
956 5217 1086 5280 sint,
1123 5220 1283 5283 atque
1314 5213 1569 5278 humiles,
1602 5223 1657 5267 et
1700 5214 1942 5267 veritatis
1992 5221 2115 5265 stu-

526 5311 688 5373 diosi,
720 5322 1025 5377 mutumque
1051 5305 1458 5361 benevolentia.
1487 5304 1679 5360 Omnia
1713 5304 1948 5373 denique
1974 5304 2113 5358 bona

527 5399 865 5469 prazcipiunt,
904 5400 1130 5468 utilique
1154 5397 1401 5452 doctrina
1450 5397 1725 5466 pelliciunt
1751 5396 2117 5465 paulatimque

527 5503 817 5555 venantur,
854 5505 909 5546 et
940 5494 1006 5547 ad
1038 5492 1318 5547 interitum
1360 5482 1622 5544 trahunt.
1656 5488 1939 5558 Temporis
1972 5490 2114 5540 enim

532 5599 817 5650 progressu
849 5583 1026 5639 tritico
1067 5586 1277 5639 zizania
1313 5583 1588 5655 injiciunt,
1633 5590 1831 5637 etcum
1890 5580 2118 5635 miseros

533 5674 631 5727 sibi
668 5674 955 5741 subjectos,
987 5676 1409 5748 obedientesque
1433 5674 1780 5739 reddiderint,
1843 5681 2006 5741 atque
2038 5671 2119 5725 in-

533 5774 611 5816 tra
646 5762 781 5817 retia
834 5765 1139 5834 habuerint,
1180 5777 1309 5823 tunc
1361 5767 1559 5825 veneni
1611 5765 1885 5836 petioncm
1941 5763 2121 5835 Ρτορί·

2265 2312 2368 2371 κγ’.
2406 2306 2669 2376 Λέγουσιν
2715 2309 2815 2361 οὐκ
2854 2309 2987 2381 ὄναρ
3017 2310 3177 2381 μόνον
3198 2311 3482 2377 πολλάκις,
3513 2315 3651 2369 ἀλλά
3684 2308 3774 2372 καὶ

2193 2394 2343 2466 ῦπαρ
2358 2397 2577 2466 βλέπειν
2595 2400 2685 2452 τὸν
2699 2401 2918 2471 Πατέρα
2937 2403 3057 2471 μὲν,
3071 2404 3142 2466 ώς
3159 2404 3395 2473 γέροντα
3412 2406 3770 2475 βαθυγένειον,

2190 2487 2280 2541 τὸν
2311 2489 2365 2540 δὲ
2406 2490 2554 2554 Υἰδν,
2612 2490 2687 2555 ὡς
2709 2492 2992 2564 ὑπηνήτην
3024 2494 3209 2565 ἄνδρα,
3234 2494 3297 2547 τὸ
3331 2497 3389 2549 δὲ
3446 2498 3665 2568 Πνεῦμα
3711 2500 3771 2554 $5

2193 2581 2365 2647 ἆγιον,
2396 2581 2469 2644 ὡς
2500 2582 2905 2652 λειοπρόσωπον
2930 2586 3166 2652 νεανίαν,
3213 2586 3323 2640 τῶν
3370 2589 3636 2659 δαιμόνων
3691 2592 3770 2653 είς

2192 2674 2259 2725 τὰ
2314 2673 2425 2744 εἴδη
2484 2674 2658 2729 ταῦτα
2713 2677 2910 2746 ῥᾳδίως
2967 2680 3636 2750 μετασχηματιζομένων,
3681 2685 3776 2735 καὶ

2195 2764 2592 2829 ἐξαπατώντων
2622 2768 2840 2833 αὐτοὺς,
2876 2770 2971 2821 καὶ
3000 2770 3360 2823 διδασκόντων
3407 2773 3591 2826 ἄνισον
3641 2770 3775 2827 εἶναι

2194 2854 2292 2925 τὴν
2314 2856 2474 2924 ἁγίαν
2500 2859 2543 2909 Τ
2550 2858 2726 2927 ριάδα,
2763 2861 2857 2913 καὶ
2881 2860 3136 2931 διάφορον
3168 2864 3308 2916 κατά
3346 2864 3448 2932 τὴν
3490 2864 3600 2917 τῶν
3649 2882 3779 2934 σχη·

2199 2946 2385 3015 μάτων
2408 2948 2612 3001 τούτων
2638 2949 2919 3019 διαφοράν,
2956 2952 3050 3003 καὶ
3090 2952 3192 3022 τὴν
3240 2953 3560 3024 ἀρε.ανικὴν
3608 2972 3781 3009 κατα-

2196 3037 2368 3108 τομὴν
2426 3039 2524 3109 τῆς
2594 3043 2721 3109 μιᾶς
2784 3040 2997 3109 φύσεως
3043 3042 3248 3107 τούτοις
3315 3045 3781 3116 ἐγκατασπειρόν-

2122 3165 2165 3225 c
2202 3146 2332 3184 των.

2274 3239 2373 3293 κδ’.
2389 3240 2726 3302 Στολίζονται
2742 3244 2878 3295 κατὰ
2902 3244 3188 3313 μοναχοὺς,
3200 3244 3299 3298 καὶ
3311 3244 3371 3298 τδ
3384 3244 3564 3314 σχῆμα
3576 3245 3782 3299 τούτων

2202 3330 2276 3390 ώς
2304 3330 2496 3399 δέλεαρ
2524 3332 2960 3401 περιϐάλλονται,
2988 3334 3068 3404 τῷ
3093 3334 3272 3405 κωδίῳ
3304 3334 3393 3387 τὸν
3440 3336 3603 3387 Λύκον
3648 3338 3783 3389 ὕπο-

2204 3420 2560 3490 κρύπτοντες,
2595 3423 2668 3487 ὡς
2695 3424 2761 3478 ἀν
2792 3424 3034 3487 εὐλαϐῶς
3058 3424 3147 3478 διά
3174 3425 3233 3478 τὸ
3258 3426 3433 3494 σχῆμα
3462 3427 3739 3496 παραίεχό
3756 3456 3773 3467 -

2207 3530 2378 3580 μενοι,
2403 3515 2498 3567 καὶ
2531 3516 2714 3585 χώραν
2750 3515 2964 3586 ὁμιλίας
3019 3516 3402 3585 λαμϐάνοντες,
3454 3517 3784 3581 ἀνυπόπτως

2203 3605 2290 3657 διὰ
2341 3610 2435 3676 τῆς
2491 3608 2883 3677 χρηστολογίας
2926 3606 3312 3661 ἐναποπτύωσι
3360 3608 3449 3662 τὸν
3502 3609 3578 3661 ίὺν
3657 3613 3786 3673 ταῖς

2206 3698 2397 3762 ἀκοαῖς
2424 3699 2534 3754 τῶν
2591 3702 2978 3771 ἀκροωμένων.

2276 3816 2375 3864 κε’.
2418 3810 2605 3883 Πάσης
2633 3812 2926 3883 ἑϐδομάδος
2953 3813 3236 3885 δευτέραν,
3278 3815 3376 3868 καὶ
3422 3815 3673 3884 τετράδα,
3696 3816 3791 3869 καὶ

2207 3903 2559 3974 παρασκευὴν
2605 3904 3045 3973 παραγγέλλουσι
3066 3906 3351 3976 νηστεύειν
3384 3906 3495 3969 ἕως
3531 3907 3679 3975 ὥρας
3703 3908 3792 3960 ἐν·
3836 3934 3841 3935 ν

2206 3998 2392 4064 νάτης.
2433 3993 2498 4047 El
2527 3996 2583 4048 δέ
2613 4012 2697 4058 τις
2750 3996 2949 4059 αὐτοὺς
3012 3997 3105 4051 ἐπὶ
3154 3999 3436 4068 τράπεζαν
3488 3998 3790 4061 καλέσειεν,

2206 4087 2365 4149 εὐθὺς
2390 4086 2742 4158 ἐκλαθόμενοι
2787 4092 2887 4160 τῆς
2942 4089 3317 4160 παραγγελίας
3373 4091 3637 4153 ἐσθίουσι,
3697 4091 3794 4144 καὶ

2206 4178 2471 4245 πίνουσιν,
2509 4178 2584 4242 ώς
2607 4179 2921 4250 ἐλέφαντες.
2965 4182 3063 4234 Ἐκ
3086 4182 3275 4234 τούτου
3301 4181 3355 4234 δὲ
3388 4182 3682 4252 πρόδηλον,
3710 4184 3798 4236 δτι

2207 4268 2638 4337 ἀσελγαίνουσιν,
2678 4270 2728 4322 εί
2757 4271 2851 4324 καὶ
2880 4272 3136 4341 πορνείαν
3186 4272 3280 4325 καὶ
3322 4272 3418 4339 τήν
3445 4271 3614 4341 ἀλλην
3648 4273 3799 4324 ἀκα-

2208 4360 2436 4430 θαρσίαν
2500 4360 2644 4431 λόγῳ
2699 4360 3043 4425 κολάζουσιν,
3092 4359 3169 4425 ὡς
3223 4360 3452 4432 ἄσαρκοι
3491 4360 3589 4413 καὶ
3640 4359 3799 4413 ἀσώ-

2138 4502 2187 4562 D
2216 4470 2392 4525 ματοι.

2285 4572 2400 4630 κς¹.
2445 4565 2685 4637 Ἐνάρχῇ
2710 4566 2807 4635 μὲν
2841 4566 2966 4628 τοὺς
2984 4565 3380 4633 εἰσαγωγικοὺς
3416 4563 3602 4625 ἁπλῶς
3624 4564 3798 4618 διδάσ-

2217 4675 2373 4711 κουσι
2398 4656 2854 4726 παρεγγυώμενοι
2879 4655 3161 4708 πιστεύειν
3182 4657 3261 4717 είς
3278 4655 3516 4723 Πατέρα,
3543 4655 3796 4717 καὶΥίόν,

2214 4750 2310 4803 καὶ
2336 4751 2497 4818 ἅγιον
2524 4748 2769 4818 Πνεῦμα,
2798 4748 2893 4800 καὶ
2915 4747 3204 4815 γινώσκειν
3220 4747 3307 4799 τὸν
3338 4747 3568 4815 Χριστὸν
3598 4763 3797 4816 σεσαρ-

2214 4841 2442 4905 κῶσθαι,
2475 4841 2569 4893 καὶ
2595 4838 2776 4891 δοῦναι
2802 4841 2916 4902 τοῖς
2946 4838 3121 4908 ἁγίοις
3163 4839 3483 4901 ἀποστόλοις
3534 4839 3595 4891 τὸ
3654 4840 3798 4907 ἱερὸν

2216 4936 2568 5002 Εὑαγγέλιον,
2609 4938 2702 4986 καὶ
2727 4935 3108 5005 ὑποτιθέμενοι
3141 4937 3327 5006 τηρεῖν
3362 4938 3458 4997 τὰς
3513 4936 3803 5002 εὐαγγελι-

2214 5028 2315 5091 κάς
2338 5028 2581 5091 ἐντολὰς,
2624 5028 2717 5080 καὶ
2748 5028 3166 5099 προσεύχεσθαι,
3209 5030 3303 5081 καὶ
3353 5027 3654 5096 νηστεύειν,
3703 5030 3797 5079 καν.

2215 5121 2467 5189 ἁγνεύειν
2519 5121 2700 5190 πάσης
2762 5120 3127 5191 ἀκαθαρσίας,
3186 5102 3287 5173 καί
3322 5121 3674 5189 ἀκτημονεῖν,
3706 5120 3801 5171 καὶ

2218 5214 2584 5280 ἀνεξικακεῖν,
2610 5214 2704 5265 καὶ
2724 5215 3203 5282 ταπεινοφρονεῖν,
3232 5214 3331 5266 καὶ
3367 5211 3674 5282 ἀληθεύειν,
3708 5212 3804 5262 καὶ

2216 5308 2436 5376 ἀγαπᾷν
2468 5306 2749 5376 ἀλλήλους,
2775 5308 2868 5360 καὶ
2890 5306 3077 5370 ἁπλῶς
3094 5307 3307 5376 χρηστά
3334 5306 3509 5359 πάντα
3534 5301 3805 5374 κατηχοῦο

2218 5414 2291 5460 σι,
2323 5396 2591 5457 σαίνοντες
2616 5396 2714 5466 μὲν
2736 5399 2800 5467 τῇ
2832 5395 3087 5467 χρησίμῳ
3110 5394 3444 5464 διδασκαλία,
3477 5393 3803 5463 θηρεύοντες

2216 5488 2433 5541 δὲκατά
2454 5488 2667 5559 μικρὸν,
2702 5490 2793 5540 καὶ
2822 5482 3124 5557 λεληθότως
3153 5485 3375 5553 ἄγοντες
3403 5487 3483 5548 είς
3506 5485 3801 5538 ἀπώλειαν.

2221 5580 2429 5650 Καιροῦ
2472 5583 2580 5647 γὰρ
2616 5579 3001 5649 προϐαίνοντος
3028 5618 3044 5644 ,
3101 5578 3483 5647 ἐπισπείρουσι
3540 5576 3618 5646 τῷ
3670 5576 3800 5642 σίτῳ

2218 5676 2313 5725 καὶ
2360 5672 2592 5736 ζιζάνια.
2651 5670 2761 5725 Καὶ
2787 5672 2913 5725 ὅταν
2944 5669 3069 5733 τοὺς
3106 5668 3324 5731 ἀθλίους
3346 5668 3655 5738 χειροήθεις
3710 5666 3805 5718 καὶ

2220 5765 2529 5837 πειθηνίους
2566 5764 2927 5835 ἐργάσωνται,
2961 5761 3056 5815 καὶ
3099 5760 3336 5815 λάϐωσιν
3364 5762 3496 5814 είσω
3542 5758 3650 5812 τῶν
3703 5758 3833 5826 rip»
