4022 6224
496 229 644 299 1325

1417 237 1798 300 PANOPLIA
1835 239 2298 306 DOGMATICAo
2329 274 2398 285 —
2431 249 2585 316 TIT.
2625 251 2872 317 XXVII.

3619 262 3760 328 1326

496 347 572 417 μὴ
599 345 810 417 ποίημα
846 347 1036 402 τοῦτον
1077 350 1207 404 ῐδιον
1255 353 1574 422 ἐγίνωσκεν.
1607 353 1733 408 Οὐδ’
1777 356 1843 409 ἂν
1893 356 2056 427 ἑαυτᾷ

2176 360 2352 429 ipsum
2377 376 2497 422 esse
2525 379 2660 435 opus
2681 371 3009 438 agnovisset.
3049 372 3232 443 Neque
3253 376 3453 444 omnia,
3476 377 3755 447 inquiunt,

493 439 897 508 παραδεδόσθαι
926 440 1109 506 πάσας
1137 443 1235 506 τὰς
1261 443 1545 516 βασιλείας
1585 441 1760 513 εἶπεν,
1800 448 1848 500 εἰ
1874 447 1948 520 μὴ
1975 449 2072 502 zeal.

493 531 596 599 τὴν
622 531 834 584 τούτων
871 535 1234 606 συνεχωρήθη
1271 537 1617 608 κυριαρχίαν,
1645 538 1720 602 ὡς
1747 538 1876 608 παρ’
1903 539 2069 594 αὐτοῦ

487 623 898 692 γεγενημένων,
931 625 1114 689 καθὼς
1139 627 1573 700 προδεδήλωται.

557 714 649 766 λδν.
671 715 782 769 Kal
822 719 1189 786 καταλιπὼν,
1215 721 1401 790 φησιν,
1423 725 1455 776 ὀ
1493 723 1722 790 Ἰησοῦς
1745 724 1860 792 τὴν
1879 723 2068 785 Ναΐα-

479 807 606 873 ρέτ,
641 806 830 863 ἐλθὼν
855 808 1210 879 κατῴκησεν
1235 815 1323 880 είς
1357 815 1772 884 Καπερναούμ.
1809 814 2067 887 Ναζαρὲτ

487 900 592 966 μὲν
631 900 780 970 ἡμᾶς
808 904 1306 974 προσαγορεύουσι,
1328 907 1704 977 Καπερναοὺμ
1735 906 1794 960 δὲ
1816 906 2066 972 ἑαυτούς.

484 991 600 1044 Καὶ
619 991 714 1046 νῦν
746 997 1026 1049 κατοικεῖν
1054 997 1153 1066 μὲν
1187 999 1319 1070 παρ’
1351 999 1533 1062 αὐτοῖς
1563 999 1784 1068 λέγουσι
1816 999 1909 1054 τὸν
1936 1000 2071 1072 Χρι-

484 1083 610 1136 στὸν
643 1085 1018 1142 καταλιπόντα
1052 1091 1152 1160 τήν
1177 1091 1454 1162 ἡμετέραν
1488 1094 1836 1162 συναγωγήν.

553 1176 647 1230 λε’.
677 1177 817 1241 Τοὺς
875 1182 1267 1249 μακαρισμοὺς
1331 1183 1542 1245 πάντας
1576 1184 1706 1253 περὶ
1736 1183 1915 1254 μόνων
1963 1179 2070 1238 τῶν

393 1297 399 1302 -
476 1271 602 1321 κατ’
633 1269 832 1334 αὐτοὺς
862 1271 1094 1336 πιστῶν,
1127 1273 1248 1343 ἦτοι
1272 1273 1382 1330 τῶν
1422 1265 1741 1344 Βογομίλων
1768 1277 1946 1329 εἰπεῖν
1973 1275 2067 1330 τὸν

475 1360 720 1429 Χριστὸν
781 1361 1249 1420 διαϐεϐαιοῦνται.
1328 1367 1622 1431 Τοιούτους
1675 1369 1785 1440 γάρ
1859 1369 2062 1432 αὐτοὺς

472 1445 618 1505 εἶναι
658 1454 912 1524 πτωχοὺς
947 1456 1027 1526 τῷ
1063 1455 1359 1526 πνεύματι,
1414 1458 1508 1512 καὶ
1562 1458 1918 1526 πενθοῦντας,
1968 1461 2064 1532 zeal.

472 1545 810 1612 πεινῶντας,
848 1549 943 1602 zeal
973 1547 1251 1618 διψῶντας
1311 1551 1408 1621 τὴν
1458 1553 1832 1624 δικαιοσύνην,
1860 1554 1956 1608 καὶ
1994 1555 2063 1609 τά

2170 452 2247 508 illi
2276 468 2443 526 regna
2493 457 2721 513 dixisset
2757 474 2878 525 esse
2926 459 3205 538 daturum,
3267 467 3369 521 nisi
3424 469 3756 525 obtinuisset

2169 559 2357 600 eorum
2401 548 2762 617 dominatum,
2819 561 2876 607 ut
2912 569 3031 624 qua:
3087 570 3115 609 a
3147 570 3207 611 se
3262 567 3444 614 essent
3492 559 3654 629 facta,
3699 572 3794 638 ut.

2171 634 2508 692 declaratum
2539 649 2642 695 est.
2719 675 2722 677 λ
2769 640 2778 651 ”

2241 727 2333 784 54.
2361 726 2431 782 Et
2454 731 2658 799 relicto,
2686 735 2881 804 inquit,
2902 735 3476 808 Nazarellt,'pro[ectue
3497 742 3776 798 habitavit

2170 818 2225 872 in
2258 816 2596 888 Capernaum
2641 825 2682 878 ¹.
2714 823 2824 880 N05
2855 828 3040 882 dicunt
3065 845 3183 884 esse
3214 828 3502 898 Nazareth,
3528 848 3585 887 se
3627 844 3752 890 vero

2169 904 2534 977 Capernaum.
2591 911 2657 966 Et
2686 929 2828 970 utine
2885 918 3038 1001 apud.
3065 934 3124 975 se
3168 918 3441 976 Christum
3505 921 3752 979 habitare

2169 1002 2355 1058 relicta
2388 1005 2628 1062 Ecclesia
2657 1000 2863 1068 nostra.
2893 1044 2898 1048 ~
2932 1000 2938 1029 ί
3155 1023 3159 1026 ’
3357 1025 3362 1028 ’
3387 1019 3391 1023 ’

2238 1182 2328 1240 55.
2370 1184 2740 1243 Beatitudines
2787 1203 2976 1259 omnes
3028 1191 3093 1246 de
3126 1193 3416 1264 Bogondlis
3469 1192 3746 1248 Christum

2169 1275 2372 1332 dixisse
2397 1272 2752 1337 contendunt.
2779 1282 2850 1336 Se
2870 1283 3022 1338 enim
3044 1281 3165 1342 esse
3182 1281 3675 1356 pauperesspiritu,
3693 1296 3749 1341 et

2166 1365 2372 1438 lugere,
2406 1360 2461 1424 et
2490 1373 2721 1436 esurire,
2788 1361 2948 1443 atque
3007 1377 3158 1430 sitire
3188 1377 3477 1449 justitiam,
3513 1388 3585 1432 e‘t-
3609 1393 3746 1447 qua}

2165 1455 2484 1531 sequuntur.
2520 1460 2591 1518 Se
2648 1469 2831 1521 vocari
2884 1459 3184 1542 salterree,
3210 1453 3738 1535 etmundilucetn,

2163 1564 2218 1609 et
2243 1555 2506 1626 quidQuid
2536 1549 2894 1628 dg’a‘postolis
2923 1559 3177 1616 Christus
3198 1561 3353 1616 dixit.
3563 1565 3579 1586 "

468 1633 624 1704 ἑξῆς.
661 1635 902 1698 Τούτους
967 1636 1026 1690 δὲ
1075 1638 1348 1710 κληθῆναι
1403 1641 1500 1694 zeal
1544 1642 1681 1708 ἅλας
1711 1647 1810 1713 τῆς
1857 1646 1982 1715 γῆς,
2011 1644 2105 1697 καὶ
2143 1643 2258 1712 φῶς
2293 1644 2388 1697 τοῦ
2431 1644 2663 1714 κόσμου,
2716 1647 2814 1701 zeal.
2859 1648 2960 1701 ὅσα
3025 1649 3156 1720 περὶ
3204 1650 3314 1727 τῷν
3353 1651 3670 1706 ἀποστόλων
3716 1652 3744 1704 ὁ

468 1728 683 1796 Κύριος
712 1728 960 1798 εἴρηκεν.

537 1819 648 1885 λς’.
679 1821 864 1890 ’1ῶτα,
901 1825 1091 1895 φησὶν,
1120 1827 1192 1882 ἐν
1215 1827 1255 1899 ἢ
1277 1830 1387 1900 μία
1405 1832 1613 1898 κεραία
1633 1833 1705 1887 οὐ
1727 1831 1814 1902 μὴ
1835 1833 2056 1900 παρέλ-

2235 1827 2324 1882 36.
2346 1825 2491 1894 Iota,
2529 1829 2722 1900 inquit,
2753 1847 2938 1899 unum,
2965 1840 3056 1886 aut
3083 1848 3216 1887 unus
3249 1850 3382 1902 apex
3405 1853 3508 1890 non
3529 1850 3744 1904 praeter-

468 1917 544 1984 οῃ
565 1915 684 1971 ἀπὸ
715 1917 822 1971 τοῦ
857 1919 1066 1988 νόμου,
1099 1919 1212 1989 ἕως
1243 1923 1321 1980 ἂν
1352 1923 1551 1978 πάντα
1592 1925 1856 1995 γένηται.
1894 1926 2047 1979 Ἰὦτα

470 2007 572 2076 μὲν
625 2007 725 2078 τὴν
784 2010 1092 2078 Δεκάλογον
1136 2012 1234 2066 τοῦ
1282 2013 1448 2085 νόμου
1500 2015 1777 2081 νοοῦντες,
1819 2016 2048 2088 κεραίαν

473 2094 528 2145 δὲ
557 2094 719 2148 πάλιν
736 2096 836 2167 τὴν
857 2098 1048 2170 αὐτήν.
1083 2099 1195 2171 Τὴν
1213 2101 1322 2172 γάρ
1356 2104 1606 2176 κεραίαν,
1625 2107 1680 2159 εί
1699 2122 1784 2168 τις
1815 2103 2048 2176 ὀρθώσει

472 2185 718 2253 πλαγίως
754 2191 1052 2259 κειμένην,
1089 2191 1224 2245 ίῶτα
1251 2195 1496 2264 ποιήσει.
1529 2192 1665 2250 Eho:
1712 2197 2051 2268 ἑρμηνεύου-

471 2292 577 2340 σιν,
610 2278 692 2329 ὅτι
716 2279 776 2330 οὑ
810 2280 887 2349 μὴ
916 2281 1166 2356 παρέλθῃ
1193 2287 1224 2353 ἠ
1247 2285 1550 2354 Δεκάλογος
1575 2288 1669 2341 τοῦ
1697 2289 1884 2358 νόμου,
1911 2291 2049 2346 ἀλλά

473 2371 634 2441 μενεί
687 2372 1078 2447 φυλαττομένη
1138 2377 1291 2448 πσρά
1343 2380 1459 2443 τοῖς
1497 2378 1802 2451 Ἑϐραίοις,
1842 2382 1949 2447 ἕως
1982 2382 2049 2439 ἂν

473 2461 720 2533 παρέλθῃ
743 2463 770 2516 ὁ
801 2465 1032 2536 οὐρανὸς
1059 2469 1152 2521 καὶ
1177 2471 1210 2540 ὴ
1237 2470 1329 2538 γῆ.
1355 2473 1476 2525 Οὐκ
1501 2468 1690 2543 ἦλθον
1720 2477 1851 2544 γὰρ,
1884 2477 2044 2544 φησι,

470 2555 814 2611 καταλῦσαι
849 2559 964 2613 τὸν
993 2564 1182 2630 νόμον
1241 2564 1523 2631 Μωσέως,
1555 2567 1717 2622 ἀλλὰ
1736 2569 2050 2637 πληρῶσαι

470 2647 564 2699 τὸν
598 2648 828 2718 οὐρανὸν
851 2651 1164 2707 κενωθέντα
1202 2655 1371 2710 πάλαι
1404 2655 1514 2711 τῶν
1566 2659 1920 2713 ἐνοικούντων
1948 2660 2051 2729 ἀγ-

471 2736 669 2804 γέλων,
721 2739 815 2793 zeal.
853 2741 1248 2814 ἀναπληρῶσαι
1292 2747 1363 2799 τά
1412 2749 1670 2818 τάγματα
1700 2750 1810 2824 τῶν
1842 2753 2051 2808 ἀποπέ-

473 2830 767 2884 πτωκυιῶν
789 2833 1095 2905 δυνάμεωνι
1723 2825 1729 2832 ε

543 2917 642 2982 λζ’.
685 2921 827 2975 Ἐὰν
870 2922 956 2993 μὴ
1001 2929 1402 2998 περισσεύσῃ,
1429 2931 2049 3006 φησὶν,ήδικαιοσύνη

471 3009 645 3081 ὑμῶν
672 3013 886 3068 πλεῖον
902 3014 1022 3069 τῶν
1043 3021 1434 3090 γραμματέων
1465 3024 1564 3077 καί
1595 3027 1952 3094 Φαρισαίων,
1979 3030 2052 3083 οὐ

465 3102 554 3172 μὴ
600 3103 906 3160 είσέλθετε
951 3111 1035 3175 είς
1092 3111 1207 3179 τὴν
1236 3113 1568 3177 βασιλείαν
1604 3116 1724 3170 τῶν
1753 3119 2049 3187 οὐρανῶν.

2160 1919 2255 1972 ibit
2285 1935 2315 1971 a
2350 1919 2480 1988 lege,
2507 1920 2670 1974 donec
2702 1923 2878 1976 omnia
2903 1921 3036 1989 ﬁant
3055 1925 3096 1977 ³.
3123 1923 3402 1994 lota_legis
3426 1927 3742 2012 geealogunt

2155 2009 2513 2074 arbitrantur,
2541 2010 2750 2079 apicem
2797 2027 2986 2068 rursus
3015 2014 3260 2069 eamdem
3295 2009 3487 2087 legem}
3521 2018 3576 2074 Si
3623 2023 3744 2090 quis

2157 2097 2301 2152 enim
2336 2097 2544 2166 apicem
2576 2116 2641 2153 ex
2675 2109 2985 2156 transverso
3013 2102 3285 2173 jacentem
3317 2110 3578 2177 erexerit,
3631 2112 3739 2166 iota

2158 2193 2472 2243 constituet.
2532 2190 2709 2258 Atque
2773 2189 2846 2243 ita
2913 2184 3192 2266 exponunt
3249 2194 3573 2267 Decalogum
3633 2216 3740 2255 non

2159 2281 2537 2344 transiturum,
2572 2282 2666 2336 sed
2725 2296 3133 2351 permansurum
3185 2287 3534 2345 observatum
3597 2296 3740 2362 apud

2161 2370 2442 2438 Hebraeos,
2494 2374 2667 2430 donec
2726 2384 2962 2432 transeat
3031 2379 3228 2433 coelum
3289 2390 3344 2435 et
3390 2390 3556 2438 terra.
3615 2383 3740 2440 Non

2160 2465 2298 2528 veni,
2356 2466 2553 2534 inquit,
2615 2475 2672 2519 ut
2711 2468 2874 2536 legem
2940 2470 3218 2537 solverem,
3269 2472 3362 2526 sed
3423 2485 3479 2528 ut
3537 2477 3736 2532 emlutn

2161 2558 2429 2626 implerem
2478 2557 2520 2623 ³,
2591 2559 2734 2629 quod
2780 2561 3004 2631 angelis,
3069 2563 3162 2632 qui
3219 2563 3346 2619 illud
3407 2565 3735 2634 incolebant,

2157 2651 2393 2706 exclusis
2421 2665 2648 2706 vacuum
2702 2653 2920 2718 mansit,
2951 2665 3005 2709 et
3037 2664 3095 2710 ut
3137 2656 3353 2711 ordines
3407 2668 3736 2728 potestatum

2157 2741 2452 2808 explerem,
2481 2753 2600 2808 quae
2627 2740 2959 2796 ceciderunt.
3741 2757 3744 2760 '

2231 2919 2322 2975 37.
2373 2921 2492 2974 Nisi
2519 2920 2882 2987 abundaverit,
2921 2920 3117 2991 inquit,
3143 2923 3362 2990 jurtitia
3399 2933 3574 2979 vestra
3620 2911 3737 2995 plus

2161 3026 2322 3081 quam
2356 3010 2660 3066 Scribarum
2711 3021 2762 3066 et
2804 3009 3218 3080 Pharisaeorum,
3253 3031 3354 3068 non
3389 3016 3654 3072 intrabitie
3685 3021 3738 3072 in

2164 3119 2380 3172 regnum
2413 3103 2659 3158 calorum
2683 3104 2725 3158 ⁵.
2759 3103 2984 3161 Scribas
3006 3114 3061 3160 et
3088 3104 3393 3162 Pharisaeos
3431 3123 3529 3164 nos
3555 3109 3740 3180 appel-

471 3193 833 3266 Γραμματεῖς
853 3199 954 3270 μὲν
971 3201 1064 3255 καὶ
1077 3203 1408 3273 Φαρισαίους
1435 3209 1583 3278 ἡμᾶς
1612 3211 2056 3282 προσαγορεύου-

2163 3191 2298 3259 lant,
2337 3203 2396 3248 ut
2422 3195 2515 3263 qui
2547 3195 2848 3250 lltterarunt
2880 3197 3077 3252 stud-iis
3105 3199 3498 3264 incumbamus,
3530 3211 3583 3254 et
3604 3201 3736 3271 ipsis

474 3304 584 3355 σιν,
611 3289 687 3354 ὡς
716 3291 816 3360 τὴν
847 3297 1248 3370 γραμματικὴν
1282 3291 1566 3357 παίδευσιν
1593 3305 1925 3375 ἀσκοῦντας,
1956 3309 2053 3364 καὶ

474 3383 958 3455 μεγαλαυχοῦντας
977 3389 1066 3442 ἐπ’
1102 3393 1238 3464 αὐτῇ
1260 3411 1276 3426 ·
1301 3393 1648 3465 περισσεύειν
1687 3397 1744 3450 δὲ
1776 3398 1933 3469 ἡμῶν
1955 3400 2054 3472 τὴν

470 3477 822 3549 δικαιοσύνην
857 3482 1040 3536 αὐτῶν
1087 3484 1343 3554 λέγουσιν
1385 3492 1442 3541 ὲν
1486 3490 1566 3558 τῷ
1605 3491 1883 3544 διδάσκειν
1916 3492 2052 3559 ἀλη-

473 3568 732 3641 θέστερα,
789 3575 886 3629 καὶ
941 3576 1192 3645 μετιέναι
1252 3579 1535 3631 πολιτείαν
1561 3580 1961 3650 ἀκριϐεστέραν
1991 3598 2052 3634 τε

471 3662 570 3716 καὶ
618 3663 1021 3738 καθαρωτέραν
1083 3669 1462 3738 ἀπεχομένους
1514 3671 1892 3740 κρεωφαγίας,
1958 3673 2054 3726 zeal.

470 3756 656 3826 τυροῦ,
681 3757 776 3812 καὶ
814 3757 946 3824 ὡοῦ,
976 3757 1073 3812 καὶ
1105 3759 1304 3829 γάμου,
1340 3760 1435 3813 zeal.
1456 3761 1567 3813 τῶν
1595 3763 1873 3814 τοιούτων.

543 3847 650 3919 λη’.
674 3851 849 3914 Ἴσθι,
871 3852 1060 3922 φησὶν,
1076 3851 1308 3906 εὐνοῶν
1333 3851 1410 3917 τῷ
1423 3851 1710 3920 ἀντιδίκῳ
1729 3868 1865 3907 σου.
1884 3854 2054 3908 Ἀντί-

473 3939 626 3994 δικον
658 3941 766 3996 τῶν
786 3941 884 3995 ἀνθ
895 3943 1095 4013 ρώπων
1118 3943 1373 4014 λέγοντες
1395 3945 1488 3998 τὸν
1509 3944 1776 4013 διάϐολον,
1796 3947 1890 4000 καὶ
1917 3962 2052 4027 φρε-

473 4033 753 4098 νοϐλασῶς
787 4035 1216 4107 ἑρμηνεύοντες,
1269 4040 1350 4092 ὅτι
1387 4037 1494 4108 χρὴ
1525 4038 1734 4092 εὐνοεῖν
1762 4038 1931 4109 αὐτῷ,
1959 4039 2055 4092 zeal.

473 4124 807 4194 θεραπεύειν
841 4125 932 4181 διά
975 4127 1426 4199 προσκυνήσεως,
1463 4128 1540 4192 ὡς
1579 4127 1836 4198 ἀνωτέρω
1876 4144 2054 4197 παρα-

474 4215 815 4287 δεδώκαμεν,
877 4219 968 4271 ἴνα
1047 4222 1124 4289 μὴ
1181 4221 1502 4291 πτερνίσας,
1565 4220 1664 4272 καὶ
1729 4218 2054 4272 καταϐαλὼν

471 4309 603 4372 τοὺς
646 4308 1014 4373 ἀπειθοῦντας
1067 4310 1371 4382 παραδώσῃ
1435 4311 1514 4381 τῷ
1553 4313 1716 4382 κριτῇ
1769 4310 1863 4364 zeal.
1908 4309 2050 4380 Θεῷ,

473 4403 621 4454 κατά
654 4401 754 4471 τὴν
783 4401 1000 4472 ἡμέραν
1027 4402 1128 4472 τῆς
1163 4403 1401 4473 κρίσεως
1431 4402 1592 4473 λόγον
1639 4401 1934 4470 ὑφέξοντας
1953 4403 2052 4472 τῆς

474 4493 904 4557 ὑποσκελίσεως.

543 4587 642 4642 λθ’.
688 4587 845 4640 Ἐπεὶ
870 4587 952 4652 τὸ,
983 4587 1130 4652 Πᾶς,
1159 4588 1230 4654 ὃς
1259 4588 1336 4643 ἂν
1354 4589 1643 4659 ἀπολύσῃ
1663 4590 1780 4659 τὴν
1800 4590 2056 4660 γυναῖκα

473 4681 663 4736 αὐτου
693 4681 988 4750 παρεκτὸς
1021 4683 1208 4749 λόγου
1251 4684 1555 4750 πορνείας,
1588 4683 1684 4738 zeal.
1706 4682 1775 4736 τά
1810 4683 1937 4750 ἑξῆς
1959 4679 2053 4734 τοῦ

476 4771 666 4842 ῥητοῦ,
693 4771 772 4844 τῷ
804 4773 934 4843 περὶ
989 4771 1085 4825 τοῦ
1140 4773 1214 4854 μὴ
1253 4773 1659 4842 συζεύγνυσθαι
1687 4775 1910 4843 γυναικὶ
1933 4775 2057 4842 δόγ-
2093 4809 2114 4825 .

479 4881 613 4934 ματι
658 4865 869 4919 τούτων
926 4865 1258 4932 ἀντίκειται,
1309 4869 1476 4935 φασὶν
1542 4868 1832 4940 ἀπόρρητα
1888 4868 2056 4920 πᾶσιν

475 4949 622 5008 εἶναι
647 4956 844 5024 ταῦτα,
877 4957 972 5014 zeal.
1003 4958 1410 5029 ἀνερμήνευτα,
1459 4959 1553 5011 καὶ
1587 4959 1772 5028 μόνοις
1800 4956 2054 5026 γνώριμα

473 5048 589 5108 τοῖς
620 5048 1042 5120 ἀποτιθεμένοις
1087 5048 1187 5120 τὴν
1234 5051 1435 5120 σάρκα.
1489 5047 1847 5111 Βεὸαιοῦντες
1891 5047 1947 5099 δὲ
1992 5047 2054 5099 τὸ

474 5135 652 5206 δόγμα
674 5139 776 5209 τῆς
801 5141 1069 5212 ἀγαμίας,
1099 5141 1498 5211 προκομίζουσι
1522 5139 1616 5193 τοῦ
1647 5138 1853 5210 Κυρίου
1872 5137 2054 5207 λόγον,

475 5229 783 5300 είρηκότος,
815 5235 897 5287 ὅτι
944 5235 1052 5290 Ἐν
1089 5234 1164 5304 τῇ
1188 5236 1528 5302 ἀναστάσει
1557 5235 1699 5290 οὔτε
1733 5233 2053 5304 γαμοῦσιν,

475 5323 615 5377 οὔτε
671 5325 1104 5397 ὲκγαμίζονται,
1165 5329 1411 5393 νοοῦντες
1464 5328 1710 5398 ἀνοήτως
1756 5328 2056 5380 ἀνάστασιν

472 5413 573 5486 τὴν
603 5418 893 5486 μετάνοιαν
927 5421 1022 5476 καὶ
1066 5420 1166 5490 τὴν
1193 5420 1559 5492 εὐαγγελικὴν
1584 5418 1882 5474 πολιτείαν.

2157 3277 2470 3348 gloriemur.
2500 3278 2774 3335 Justitiam
2804 3295 2933 3336 vero
2961 3280 3201 3351 ipsorum
3235 3293 3436 3339 nostrae
3476 3293 3738 3352 praestare

2157 3370 2212 3425 in
2233 3371 2298 3429 iis
2325 3371 2600 3438 docendis,
2652 3387 2774 3442 qua:
2791 3373 3005 3430 veriora
3033 3383 3180 3439 sunt,
3213 3381 3265 3430 et
3286 3377 3456 3445 magis
3479 3375 3546 3430 ad
3573 3377 3736 3432 vitam

2155 3469 2306 3516 recte
2349 3462 2406 3517 et
2445 3478 2576 3530 pure
2619 3463 3004 3519 instituendam
3032 3469 3473 3534 accommodata,
3515 3482 3639 3522 cum
3668 3471 3736 3522 ab

2154 3565 2252 3606 esu
2283 3552 2490 3618 carnis,
2539 3561 2594 3607 et
2634 3554 2772 3619 ovis,
2809 3561 2866 3608 et
2923 3555 3152 3624 nuptiis,
3205 3565 3261 3610 et
3311 3557 3430 3612 aliis
3467 3557 3735 3628 ejusmodi

2159 3643 2326 3698 rebus
2353 3641 2661 3700 abstineant

2226 3850 2322 3906 58.
2371 3849 2522 3912 Esto,
2572 3848 2766 3919 inquit,
2823 3849 3152 3905 consentiens
3202 3855 3504 3908 aduersario
3552 3867 3641 3911 mo
3686 3859 3733 3916 ⁵.

2155 3941 2543 3998 Adversarium
2573 3952 2817 3997 nostrum
2849 3942 2939 3997 hic
2962 3943 3232 3999 diabolum
3293 3948 3622 4018 intelligunt.
3669 3949 3735 4004 Et

2160 4043 2342 4093 mente
2404 4035 2546 4106 capti
2598 4049 2722 4089 eum
2788 4033 3184 4101 benevolentia,
3251 4045 3306 4091 et
3368 4038 3734 4107 observantia,

2155 4137 2317 4196 atque
2372 4127 2693 4182 adoratione
2764 4127 3162 4183 observandum
3257 4127 3464 4194 dicunt,
3525 4137 3582 4183 ut
3642 4145 3734 4184 su-

2156 4219 2342 4288 perius
2393 4217 2749 4283 ostendimus,
2809 4233 2876 4273 ne
2930 4216 3283 4287 supplantans
3329 4229 3384 4274 et
3439 4219 3734 4288 subjiciens

2155 4319 2507 4365 contumaces
2547 4311 2724 4365 tradat
2756 4309 3038 4378 eosjudiei
3069 4319 3123 4365 et
3169 4311 3278 4366 Deo
3312 4311 3363 4366 in
3412 4313 3500 4368 die
3543 4312 3734 4383 judieii

2155 4403 2616 4475 supplantationis
2645 4418 2833 4474 pennas
2853 4403 3152 4462 subituros.

2229 4585 2319 4640 '59.
2355 4585 2619 4651 Quoniam
2653 4583 2822 4639 illud:
2852 4584 3033 4642 Omnis
3064 4585 3154 4655 qui
3177 4585 3434 4644 dimiserit
3494 4599 3729 4650 uxorem,

2153 4687 2369 4746 excepta
2415 4678 2786 4747 fornicationis
2848 4695 3013 4732 causa
3043 4678 3086 4744 ⁸,
3143 4689 3196 4732 et
3235 4693 3354 4745 quae
3405 4685 3731 4744 sequuntur,

2154 4771 2390 4841 dogmati
2429 4771 2673 4839 ipsorum
2709 4768 2774 4822 de
2807 4783 2976 4822 uxore
3014 4784 3122 4822 non
3171 4767 3411 4820 ducenda
3469 4775 3733 4834 repugnat

2153 4872 2208 4917 et
2239 4863 2585 4925 adversatur,
2630 4859 2818 4927 dicunt
2862 4873 2924 4913 ca
2981 4859 3142 4912 verba
3185 4873 3309 4910 esse
3359 4871 3582 4922 arcana,
3634 4871 3733 4908 nec

2153 4956 2223 5010 ab
2251 4954 2358 5008 ullo
2385 4967 2544 5022 posse
2591 4950 2843 5017 intelligi,
2899 4947 3000 5002 nisi
3056 4947 3146 5016 qui
3215 4961 3438 5000 carnem
3497 4945 3730 4999 exuerit.

2153 5048 2670 5112 Coniirntantesque
2729 5042 3016 5097 caelibatus
3107 5041 3411 5103 rationem,
3497 5037 3733 5091 afferunt

2154 5151 2464 5192 sermonem
2490 5132 2732 5196 Domini,
2770 5131 2884 5200 qui,
2949 5128 3014 5182 In
3070 5128 3470 5192 resurrectione,
3534 5126 3730 5195 inquit,

2155 5245 2318 5300 neque
2355 5228 2567 5290 nubent,
2601 5241 2762 5294 neque
2810 5224 3001 5277 ducent
3045 5238 3232 5276 uxores
3263 5221 3306 5275 ⁷.
3357 5219 3735 5273 Βοςιιηοςιὶοο

2155 5335 2391 5389 nemque
2449 5316 2823 5388 paenitentiam
2890 5325 2944 5367 et
3001 5314 3162 5366 vitam
3218 5309 3585 5380 evangelicam
3650 5307 3732 5362 in-

2161 5420 2550 5482 terpretantur.

551 5596 795 5674 illaab.
842 5603 1073 5674 “his.
1185 5607 1205 5636 ί
1237 5603 1430 5662 ιιθιυι.
1468 5623 1520 5674 ν,
1559 5610 1645 5664 ts.
1758 5608 1777 5638 ³
1806 5607 1936 5660 ibid.
1973 5603 2056 5658 Π.

2191 5600 2377 5654 Ma‘tth.
2416 5617 2463 5664 ν,
2496 5602 2585 5655 9.0.
2702 5603 2721 5632 ³
2750 5592 2943 5648 Matth.
2979 5606 3033 5658 ν,
3059 5590 3150 5646 25.
3261 5594 3282 5626 ⁶
3309 5590 3522 5665 ⁵Μειιιινι⁸
3556 5603 3607 5658 ν,
3636 5586 3725 5645 52.

477 5674 499 5708 ⁷
533 5665 899 5739 Matthxn,
929 5671 1027 5727 ὅθ.
1073 5684 1088 5699 τ
