4012 6216
468 269 612 336 1335

1713 283 2099 343 EU'IHYMII
2141 284 2314 344 ZIGA
2328 283 2507 342 BEN!

3635 274 3797 338 1336
3840 256 3843 257 ί

466 392 635 445 Deum
697 390 1034 449 conditorem
1096 396 1353 463 universi,
1386 396 1480 468 qui
1506 412 1680 468 neque
1703 399 1917 467 genitus
1970 400 2047 453 sit

2168 400 2304 469 μήτε
2345 397 2651 469 γεννηθεὶς,
2692 395 2829 466 μήτε
2868 395 3141 466 γεννήσας
3168 409 3181 422 ·
3216 393 3312 447 καὶ
3366 393 3451 446 ὅτι
3513 393 3551 444 ὁ
3596 389 3795 457 Λόγος

464 498 642 553 neque
696 487 996 555 genuerit:
1032 495 1084 542 et
1127 487 1364 545 Verbum
1419 489 1515 545 Dei
1579 502 1741 558 atque
1791 490 2051 561 Spiritum

463 578 747 647 eius.qua2
795 578 907 634 sint
957 580 1191 645 condita,
1246 581 1487 651 ingressa
1535 581 1759 637 Mariam
1812 597 2051 638 sororem

461 668 630 724 Mosis
674 680 727 724 et
780 672 1031 736 Aarouis,
1064 673 1311 740 hancque
1338 674 1456 728 sine
1516 673 1725 729 semine
1778 674 2051 744 peperisse

463 758 645 813 .lcsum
716 760 991 816 Christum
1018 802 1032 825 ,
1089 765 1177 833 qui
1207 766 1472 835 propheta
1499 776 1553 821 et
1575 781 1767 822 servus
1804 766 1896 821 Dei
1929 766 2049 821 fue-

402 882 403 885 η
476 852 564 916 rit,
634 851 958 923 Iudaicosque
999 857 1204 912 invidia
1267 859 1569 915 concitatos
1593 859 1829 916 voluisse
1878 861 2049 928 ipsum

434 944 528 998 ‘in
582 960 797 1001 crucem
861 948 1093 1017 tollere,
1160 966 1266 1020 quo
1321 954 1713 1021 comprehenso
1801 956 2049 1009 umbram

464 1035 583 1101 ejus
616 1039 1026 1097 cruciﬁxerint:
1054 1042 1331 1099 Christum
1364 1060 1493 1101 vero
1522 1061 1697 1116 neque
1730 1047 2049 1102 cruciﬁxum

467 1126 657 1197 fuisse,
681 1146 854 1201 neque
885 1134 1085 1190 obiisse
1115 1152 1127 1188 :
1158 1134 1326 1189 Deum
1354 1137 1495 1189 enim
1526 1137 1669 1192 hunc
1694 1137 2053 1206 assumpsisse

469 1236 535 1275 eo
586 1222 729 1290 quod
782 1224 957 1293 ipsum
1019 1236 1248 1282 amaret.
1289 1228 1455 1282 Deum
1514 1229 1681 1283 etiam
1745 1228 2047 1283 Christum.

467 1323 818 1385 posteaquam
840 1317 909 1370 in
942 1318 1137 1372 caelum
1172 1320 1532 1385 ascendisset,
1583 1321 1945 1390 interrogasse
1966 1320 2051 1375 di-

465 1412 680 1469 centeni
718 1422 732 1458 :
782 1422 802 1459 ι
855 1403 900 1459 Ο
930 1405 1113 1463 Jesu!
1173 1419 1336 1465 tuane
1383 1411 1495 1465 haec
1525 1420 1609 1463 est
1650 1412 1846 1474 oratio,
1903 1410 2051 1479 quod

462 1483 520 1546 tu
553 1493 763 1570 scilicet
808 1497 884 1552 sis
925 1497 1094 1553 Filius
1132 1500 1229 1556 Dei
1276 1511 1332 1556 et
1393 1502 1583 1556 Deus?
1634 1512 1689 1557 et
1747 1501 1929 1558 Jesum
1964 1517 2050 1557 re-

466 1583 753 1656 spondisse
777 1601 791 1639 :
817 1600 875 1641 se
895 1602 998 1641 non
1023 1589 1273 1644 docuisse
1298 1590 1396 1644 hoc
1421 1605 1595 1659 neque
1618 1590 1937 1644 erubescere
1955 1583 2049 1644 Dei

464 1684 681 1725 servum
711 1686 854 1737 esse,
888 1689 1077 1742 verum
1101 1675 1351 1734 homines
1378 1677 1493 1731 haec
1513 1679 1585 1730 ita
1606 1678 1832 1732 dixisse.
1869 1695 1887 1728 ι
1928 1676 2051 1732 Haec

2166 486 2262 539 τοῦ
2296 486 2456 552 Θεοῦ,
2500 488 2594 540 καὶ
2633 486 2693 539 τὸ
2729 483 2955 556 Πνεῦμα
2985 484 3176 548 αὐτοῦ,
3202 484 3397 538 κτιστά
3435 484 3619 543 ὄντα,
3670 483 3790 534 εἰσι

2162 582 2326 651 ἦλθεν
2356 582 2437 643 εἰς
2468 578 2686 651 Μαρίαν
2708 579 2809 650 τὴν
2830 578 3069 648 ἀδελφὴν
3096 576 3340 639 Μωσέως
3369 574 3467 628 καὶ
3513 571 3787 643 ’Δαρὼη

2164 672 2261 725 καὶ
2314 672 2610 741 ἐγέννησεν
2652 670 2791 741 αὑτὴ
2846 669 2971 739 δίχα
3036 667 3358 738 σπέρματος
3414 664 3664 733 Ἰησοῦν
3696 664 3788 716 τὸν

2161 762 2419 833 Χριστὸν,
2452 763 2740 833 προφήτην
2766 760 2861 815 καὶ
2901 759 3087 812 δοῦλον
3132 759 3401 828 γεγονότα
3456 755 3573 810 τοῦ
3611 754 3783 808 Θεοῦ*

2161 852 2255 907 καὶ
2287 852 2369 905 ὅτι
2400 852 2448 905 οἰ
2496 851 2738 906 Ἰουδαῖοι
2787 851 3159 921 φθονήσαντες
3237 849 3544 919 ἠθέλησαν
3600 846 3779 900 αὐτὸν

2162 943 2519 1015 σταυρῶσαι·
2576 945 2670 997 καὶ
2730 944 3111 1014 κρατήσαντες
3149 983 3163 1006 ,
3225 942 3627 1013 ἐσταύρωσαν
3683 941 3783 1012 τὴν

2164 1034 2324 1089 σκιὰν
2350 1033 2541 1087 αὐτοῦ·
2575 1035 2739 1098 αὐτὸς
2786 1035 2843 1089 δὲ
2872 1036 2899 1088 6
2950 1032 3191 1104 Χριστὸς
3239 1033 3339 1088 οὐκ
3392 1032 3778 1104 ἐσταυρώθη,

2160 1126 2284 1179 οὐδὲ
2353 1127 2662 1182 ἀπέθανεν·
2720 1129 2749 1180 6
2796 1127 2906 1195 γὰρ
2942 1124 3078 1189 Θεὸς
3142 1125 3340 1179 ἔλασεν
3401 1126 3595 1179 αὑτὸν
3640 1124 3781 1193 πρὸς

2161 1217 2352 1271 ἑαυτὸν
2383 1220 2465 1281 εἰς
2510 1219 2601 1273 τὸν
2658 1219 2918 1287 οὐρανὸν,
2968 1218 3059 1272 διὰ
3091 1217 3152 1271 τὸ
3178 1218 3356 1286 φιλεῖν
3408 1219 3599 1272 αὐτόν
3633 1235 3648 1249 ο
3682 1219 3775 1271 καὶ

2159 1311 2241 1363 ὅτι
2268 1310 2567 1364 ἀνελθόντα
2588 1310 2681 1363 τὸν
2713 1310 2948 1380 Χριστὸν
2980 1311 3063 1374 εἰς
3098 1310 3196 1364 τὸν
3221 1310 3485 1380 οὐρανὸν,
3546 1310 3775 1381 ἐρώτη-

2161 1420 2254 1458 σεν
2279 1404 2307 1456 6
2334 1403 2488 1469 Θεὸς,
2513 1403 2722 1471 λέγων’
2758 1422 2777 1455 ι
2806 1400 2879 1456 Ὠ
2919 1403 3126 1473 Ἰησοῦ,
3167 1402 3234 1455 σὺ
3275 1399 3434 1466 εἶπες
3467 1402 3578 1457 τὸν
3608 1404 3771 1470 λόγον

2157 1494 2369 1562 τοῦτον,
2394 1494 2477 1548 ὅτι
2510 1494 2638 1558 Υἰὸς
2670 1492 2721 1547 εἴ
2766 1493 2861 1547 τοῦ
2899 1493 3063 1558 Θεοῦ,
3113 1493 3210 1547 καὶ
3238 1493 3410 1561 Θεός;
3464 1496 3594 1548 Καὶ
3625 1496 3765 1547 ἀπε-

2158 1586 2320 1657 κρίθη
2369 1584 2576 1657 Ἰησοῦς
2606 1587 2690 1639 ὅτι
2719 1586 2834 1639 Οὐκ
2863 1579 3020 1638 εἷπον
3068 1584 3181 1652 ἐγώ
3205 1601 3220 1615 ·
3254 1585 3378 1639 οῦδέ
3410 1585 3761 1657 αἰσχύνομαι
3786 1570 3791 1577 ’

2159 1672 2301 1731 εῖναι
2333 1676 2519 1740 δοῦλός
2555 1694 2676 1730 σου.
2751 1674 2897 1728 Ἀλλ’
2935 1675 2984 1727 οἱ
3040 1675 3323 1744 ἄνθρωποι
3377 1676 3639 1744 λέγουσι,
3677 1676 3761 1728 ὅτι

463 1765 676 1834 aliaque
698 1771 968 1836 permulta
1008 1780 1248 1823 monstra
1293 1770 1347 1823 in
1398 1769 1486 1823 illa
1548 1772 1813 1839 scriptura
1872 1767 2047 1824 el'futit

2155 1768 2307 1823 εἷπον
2337 1768 2428 1823 τὸν
2460 1769 2618 1836 λόγον
2663 1767 2877 1821 τοῦτον.
2921 1786 2941 1819 ι
2986 1768 3101 1821 Καὶ
3130 1769 3267 1823 ἄλλα
3298 1768 3475 1821 πολλὰ
3508 1785 3758 1835 τερατο-

468 1856 720 1924 ridicula,
776 1875 940 1928 quam
965 1860 1223 1916 divinitus
1261 1861 1325 1916 ad
1351 1875 1409 1915 se
1442 1862 1674 1915 delatam
1711 1861 1871 1917 nimis
1905 1862 2051 1916 inso-

464 1950 640 2007 lenter
692 1955 930 2022 jactitat.

534 2044 590 2099 3.
616 2045 726 2101 Nos
752 2062 886 2104 vero
926 2049 1188 2119 discipulo
1219 2051 1335 2119 ejus
1398 2053 1807 2118 respondemus,
1858 2065 2049 2106 omnes

466 2134 764 2199 prophetas
827 2136 894 2189 de
956 2137 1182 2191 Domino
1208 2148 1392 2193 nostro
1454 2138 1579 2194 Jesu
1624 2141 1842 2195 Christo
1893 2155 2050 2209 prte-

464 2223 687 2289 dixisse,
723 2235 777 2280 et
813 2239 939 2281 ante
996 2229 1097 2282 hos
1140 2229 1350 2292 Mosen,
1408 2231 1549 2299 quod
1589 2238 1643 2284 ct
1720 2230 1814 2285 Dei
1883 2230 2051 2284 Filius

462 2322 517 2368 et
579 2313 724 2370 Deus
772 2318 1032 2374 extrem’is
1071 2320 1402 2387 temporibus
1460 2321 1747 2374 humanam
1801 2330 2047 2376 naturam

463 2414 611 2461 esset
636 2420 1013 2479 assumpturus
1044 2428 1058 2464 :
1095 2420 1147 2466 et
1168 2411 1411 2465 absoluta
1437 2412 1841 2481 dispensatione
1868 2427 1964 2467 sua
1995 2413 2050 2467 in

461 2514 629 2555 carne
692 2503 1063 2573 cruciﬁgetur,
1129 2505 1438 2573 sepelietur,
1471 2515 1525 2559 et
1563 2514 1832 2573 resurget,
1872 2515 1924 2560 ct
1994 2505 2047 2559 in

462 2592 657 2650 ccelum
708 2604 1065 2649 assumetur:
1116 2596 1443 2666 tandemque
1494 2607 1752 2651 venturus
1788 2596 2047 2666 sitjudex

462 2688 707 2741 omnium
730 2727 746 2752 ,
780 2690 1010 2743 reddens
1037 2690 1331 2758 unicuique
1359 2693 1652 2745 secundum
1685 2707 1846 2761 opera
1880 2692 1997 2761 ejus
2032 2710 2046 2745 :

461 2786 626 2847 atque
656 2778 755 2833 hos
798 2779 1015 2849 quidem
1048 2782 1340 2851 prophetas
1391 2798 1483 2836 vos
1518 2797 1757 2851 quoque,
1803 2784 1878 2837 uti
1925 2782 2049 2853 qui-

463 2869 583 2923 dem
617 2869 815 2936 dicitis,
842 2870 1108 2940 probatis.
1172 2873 1331 2942 Atqui
1397 2874 1462 2927 dc
1512 2874 1821 2930 Moametho
1891 2889 2050 2930 nemo

461 2961 679 3015 illomm
720 2963 972 3031 przedixit
1004 2965 1147 3033 quod
1216 2965 1356 3019 Deus
1403 2965 1694 3023 Saracenis
1735 2967 1895 3023 talem
1924 2981 2051 3036 pro-

463 3054 689 3122 phetam
743 3056 1083 3112 excitaturus
1131 3058 1222 3111 sit.
1285 3058 1351 3112 Et
1404 3058 1578 3114 Moses
1643 3060 1863 3129 quidem
1923 3076 2125 3149 cumc

461 3161 619 3202 mons
661 3145 793 3202 Sina
857 3148 1113 3204 terribilis
1139 3162 1282 3205 esset
1312 3153 1562 3219 nubibus,
1600 3154 1743 3223 igne,
1782 3155 2042 3220 tenebris,

462 3246 512 3288 et
542 3237 756 3291 turbine
782 3236 1012 3308 aliisque
1060 3240 1453 3309 (eusimilibus,
1481 3259 1600 3313 quae
1638 3252 1899 3300 terrorem
1964 3246 2049 3298 in-

462 3339 648 3385 cutere
676 3338 731 3383 et
763 3329 1106 3385 formidinem
1129 3334 1330 3387 addere
1388 3336 1605 3402 solent,
1650 3337 1796 3391 omni
1848 3337 2046 3407 populo

461 3431 742 3489 spectante
804 3424 859 3476 in
905 3422 1154 3478 tenebras
1179 3424 1459 3493 ingressus
1494 3437 1577 3483 est
1609 3428 1893 3498 legemque
1958 3445 2046 3485 re-

462 3514 581 3569 tulit
614 3531 628 3568 :
661 3514 1004 3571 Moamethus
1055 3531 1183 3571 vero
1227 3518 1329 3573 iste
1395 3519 1605 3588 quibus;
1626 3522 1914 3591 portentis,
1951 3532 2046 3577 aut

460 3610 785 3674 quibusnam
813 3611 1187 3679 spectantibus
1221 3614 1435 3682 accepit
1486 3613 1640 3668 illam
1666 3615 1926 3671 divinitus
1975 3617 2043 3671 ad

463 3720 522 3758 se
573 3706 819 3767 missam,
854 3712 916 3758 ut
952 3704 1151 3770 aiebat,
1186 3705 1556 3776 scripturam?
1585 3705 1655 3761 At
1685 3708 1775 3762 isti
1808 3724 1930 3763 cum
1957 3708 2043 3764 his

464 3797 767 3852 rationibus
837 3804 1162 3864 premuntur
1184 3807 1237 3852 et
1285 3798 1336 3851 iu
1372 3798 1651 3868 angustias
1696 3800 2041 3868 rediguntur,

460 3889 833 3956 respondent,
878 3888 1042 3941 Deum
1099 3903 1433 3957 quaecunque
1491 3890 1649 3955 velit,
1702 3898 1756 3944 et
1819 3906 2042 3959 quomo-

458 3980 530 4032 do
572 3977 727 4043 velit,
758 3976 957 4032 facere.
997 3977 1200 4033 Deinde
1234 3994 1333 4033 nos
1398 3979 1594 4032 iterum
1643 3992 1896 4046 urgemus
1929 3997 1940 4031 :
1974 3980 2043 4033 At

461 4070 735 4138 quomodo
796 4069 1077 4124 descendit
1135 4069 1225 4123 illa
1269 4069 1535 4139 scriptura
1596 4070 1660 4123 ad
1724 4071 2039 4140 prophetam

462 4159 745 4215 vestrum?
795 4159 862 4213 Et
918 4160 1006 4212 isti
1051 4161 1427 4229 respondent:
1476 4160 1554 4214 Eo
1613 4161 1935 4231 dormiente.
1986 4163 2042 4217 in

459 4254 635 4321 ipsum
690 4252 897 4306 incidit.
939 4250 1011 4306 Et
1052 4266 1152 4306 nos
1194 4252 1389 4307 iterum
1450 4253 1761 4322 reponimus
1795 4270 1812 4309 :
1842 4253 1911 4309 Et
1949 4270 2045 4309 un-

459 4346 654 4399 denam
699 4353 911 4397 constat
965 4343 1108 4413 quod
1177 4344 1431 4398 divinitus
1468 4361 1633 4413 super
1672 4345 1854 4415 ipsum
1898 4348 2043 4402 deci-

2150 1860 2325 1924 λογῶν
2374 1862 2432 1912 ἐν
2463 1862 2529 1930 τῇ
2562 1860 2790 1931 τοιαύτῃ
2842 1862 3033 1930 γραφῇ
3072 1859 3315 1927 γέλωτος
3348 1859 3499 1925 ἄξια,
3529 1860 3758 1929 ταύτην

2151 1958 2213 2009 ἐκ
2237 1953 2371 2007 Θεοῦ
2405 1955 2488 2005 ἐπ’
2512 1953 2677 2005 αὐτὸν
2706 1952 3110 2022 κατενεχθῆναι
3137 1952 3481 2021 φρυάττεται.
3630 1952 3635 1955 ’

2222 2051 2295 2113 γ’.
2331 2046 2527 2115 Ἡμεῖς
2562 2045 2619 2098 δὲ
2654 2045 2887 2115 πρὸςτὸν
2923 2044 3175 2116 μαθητὴν
3199 2045 3351 2098 αὐτοῦ
3378 2046 3619 2116 λέγομεν
3652 2047 3744 2100 ὅτι

2153 2139 2289 2209 Περὶ
2332 2138 2432 2207 μὲν
2455 2138 2549 2190 τοῦ
2580 2138 2789 2208 Κυρίου
2822 2136 2984 2208 ήμῶν
3026 2136 3205 2207 Ἰησοῦ
3240 2136 3481 2207 Χριστοῦ
3527 2138 3750 2201 πάντες

2154 2233 2201 2283 οἰ
2231 2230 2512 2300 προφῆται
2550 2229 3057 2299 προκατήγγειλαν,
3101 2229 3196 2283 καὶ
3232 2229 3341 2299 πρὸ
3364 2227 3576 2281 τούτων
3605 2230 3749 2282 Μω-

2157 2325 2259 2393 σῆς
2284 2363 2299 2388 ,
2332 2324 2415 2376 ὅτι
2441 2322 2578 2375 Θεοῦ
2606 2323 2735 2385 Υἱὸς
2770 2322 2846 2374 ὢν
2890 2322 2985 2376 καὶ
3036 2321 3192 2387 Θεὸς,
3228 2321 3315 2375 ἐπ’
3357 2322 3610 2391 ἐσχάτων
3642 2320 3749 2373 τῶν

2156 2415 2385 2485 ἡμερῶν
2440 2414 2861 2485 ἐνανθρωπήσει
2886 2430 2902 2444 ο
2937 2413 3033 2466 καὶ
3065 2412 3298 2477 τελέσας
3332 2414 3436 2482 τὴν
3482 2415 3750 2484 ἐνσαρκον

2156 2505 2476 2575 οἰκονομίαν
2530 2504 2723 2570 αὑτοῦ,
2766 2504 3224 2576 σταυρωθήσεται
3271 2507 3375 2558 καὶ
3414 2507 3742 2576 ταφήσεται,

2155 2599 2251 2651 καὶ
2288 2597 2681 2667 ἀναστήσεται,
2725 2598 2820 2650 καὶ
2855 2599 2937 2659 εἰς
2977 2596 3209 2667 οὐρανὸν
3240 2597 3697 2667 ἀναληφθήσεται
3723 2613 3739 2625 ·

2154 2691 2249 2743 καὶ
2279 2689 2597 2743 τελευταῖον
2634 2688 2756 2758 ἥξει
2782 2690 2979 2758 κριτὴς
3010 2687 3254 2753 πάντων,
3286 2686 3589 2751 ἀποδιδοὺς
3615 2687 3744 2740 Exti-

2156 2798 2267 2852 στῳ
2291 2781 2434 2837 κατά
2452 2782 2520 2836 τὰ
2545 2782 2685 2850 ἔργα
2713 2780 2903 2834 αὑτοῦ.
2923 2780 3161 2844 Τούτους
3186 2781 3244 2833 δὲ
3268 2783 3402 2845 τοὺς
3432 2782 3742 2851 προφήτας,

2154 2876 2250 2929 καὶ
2275 2876 2453 2945 ὑμεῖς,
2478 2875 2554 2940 ὡς
2581 2875 2797 2942 λέγετε,
2826 2873 3069 2944 δέχεσθε.
3095 2875 3233 2944 Περὶ
3261 2873 3319 2928 δέ
3341 2872 3440 2927 τοῦ
3492 2873 3742 2942 Μωάμεθ

2154 2968 2360 3021 τούτων
2376 2967 2553 3028 οὐδεὶς
2587 2968 3024 3038 προεφήτευσεν,
3060 2968 3142 3020 ὅτι
3176 2971 3425 3021 τοιοῦτον
3454 2969 3742 3035 προφήτην

2156 3057 2453 3125 ἀναστήσει
2488 3059 2599 3120 τοῖς
2630 3057 2979 3126 Σαρακηνοῖς
3024 3059 3051 3110 ὁ
3081 3056 3234 3119 Θεός.
3282 3058 3398 3111 Καὶ
3426 3059 3455 3109 6
3481 3056 3585 3125 μὲν
3613 3057 3742 3109 Μω-

2159 3154 2280 3221 σῆς,
2301 3149 2394 3203 τοῦ
2423 3150 2585 3219 ὅρους
2604 3149 2696 3202 τοῦ
2712 3150 2846 3203 Σινᾶ
2872 3147 3107 3217 φοϐεροῦ
3131 3148 3421 3217 γεγονότος
3442 3150 3498 3200 ἐν
3523 3148 3737 3218 νεφέλῃ,

2155 3243 2251 3296 καὶ
2283 3242 2441 3310 πυρὶ,
2480 3241 2573 3293 καὶ
2616 3242 2826 3310 γνόφῳ,
2880 3242 2976 3293 καὶ
3037 3239 3255 3311 θυέλλῃ,
3307 3241 3406 3293 καὶ
3460 3241 3739 3301 τοιαύταις

2154 3336 2342 3399 ἄλλαις
2376 3338 2631 3404 φρικταῖς
2683 3332 3116 3404 καταπλήξεσιν,
3176 3334 3420 3403 ὁρῶντος
3466 3332 3567 3386 τοῦ
3612 3330 3730 3385 λαοῦ

2156 3428 2379 3492 παντὸς,
2426 3428 2679 3495 εἰσῆλθεν
2738 3428 2819 3487 εἰς
2862 3426 2955 3478 τὸν
3000 3426 3224 3494 γνόφον,
3275 3426 3371 3479 καὶ
3420 3426 3520 3479 τὸν
3574 3427 3726 3493 νόμον

2154 3519 2481 3589 ἐκομίσατο·
2514 3519 2541 3570 ό
2573 3518 2629 3571 δὲ
2662 3518 2930 3587 Μωᾶμεθ,
2968 3519 3141 3572 ποίων
3176 3518 3525 3589 θεοσημείων
3563 3535 3738 3588 προη-

2153 3613 2509 3682 γησαμένων,
2542 3614 2575 3683 ἢ
2610 3613 2773 3668 τίνων
2806 3612 3082 3683 ὁρώντων,
3120 3613 3342 3679 ἐδέξατο
3362 3613 3454 3682 τὴν
3487 3610 3741 3681 θεόπεμ-

2155 3721 2290 3759 πτον
2316 3703 2547 3773 ταύτην,
2580 3706 2656 3767 ὠς
2681 3703 2858 3771 ἔλεγε,
2892 3705 3152 3773 γραφήν;
3193 3703 3305 3755 Καὶ
3338 3694 3482 3755 οὗτοι
3524 3701 3738 3766 ἐξαπο-

2156 3797 2409 3869 ρούμενοι
2444 3796 2865 3866 ἀποκρίνονται,
2892 3797 2975 3850 ὅτι
3004 3798 3031 3850 6
3063 3797 3218 3860 Θεὸς,
3270 3797 3373 3850 ὅσα
3434 3795 3611 3858 θέλει,
3648 3795 3744 3848 καὶ

2152 3889 2225 3951 ὡς
2256 3888 2422 3953 θέλει,
2461 3890 2627 3941 ποιεῖ.
2661 3882 2795 3939 Εἶτα
2823 3887 2988 3941 πάλιν
3011 3888 3174 3957 ἡμεῖς
3200 3904 3216 3919 ο
3258 3888 3420 3940 Ἀλλὰ
3451 3887 3574 3951 πῶς
3607 3904 3743 3940 atat-

2150 3978 2318 4049 ἦλθεν
2357 3980 2451 4031 ἐπὶ
2498 3978 2589 4031 τὸν
2625 3979 2914 4049 προφήτην
2956 3978 3110 4048 ὑμῶν
3150 3980 3183 4048 ἠ
3217 3980 3450 4048 γραφή⁷;
3507 3979 3622 4031 Καὶ
3653 3979 3743 4031 λέ-

2128 4058 2369 4136 γουσιν,
2426 4067 2509 4120 ὅτι
2550 4068 2899 4136 κοιμωμένου
2956 4068 3230 4121 ἐπέπεσεν
3265 4069 3354 4121 ἐπ’
3394 4069 3593 4126 αὐτόν.
3634 4071 3745 4123 Kal

2152 4155 2308 4222 αὖθις
2344 4159 2525 4228 ἡμεῖς,
2568 4159 2683 4211 Καὶ
2717 4158 2886 4214 πόθεν
2929 4158 3111 4229 δῆλον,
3147 4161 3230 4213 ὅτι
3290 4160 3482 4213 θεόθεν
3540 4160 3745 4214 ἔπεσεν

2150 4253 2237 4306 ἐπ’
2274 4250 2477 4317 αὑτόν;
2514 4250 2678 4314 Εἰκὸς
2709 4251 2817 4322 γὰρ
2869 4251 3160 4322 ἄνθρωπον
3228 4253 3398 4322 αὐτὴν
3445 4254 3746 4323 γράψαντα

2154 4342 2307 4413 ῥίψαι
2336 4343 2424 4395 ἐπ’
2466 4343 2631 4396 αὐτόν
2653 4358 2667 4373 ⁸
2701 4345 2733 4414 ἢ
2772 4343 2866 4398 καὶ
2894 4344 3060 4424 αὑτὸν
3120 4343 3330 4415 ταύτην
3384 4344 3745 4414 πλασάμενον

461 4437 654 4489 derit?
695 4435 971 4490 enimvero
1002 4436 1295 4492 verisimile
1340 4448 1420 4493 est
1477 4438 1751 4494 hominem
1795 4440 1885 4510 qui
1926 4456 2045 4495 eam

2155 4434 2448 4507 κηρύττειν
2480 4435 2563 4488 ὅτι
2600 4434 2786 4488 θεόθεν
2848 4435 3046 4489 ἔπεσεν
3087 4438 3178 4489 ἐπ’
3229 4437 3417 4490 αὐτόν.
3452 4437 3650 4506 Μηδὲν
3687 4438 3742 4491 δὲ

461 4528 755 4600 scripserat
809 4529 861 4581 in
895 4528 1070 4595 ipsum
1107 4529 1402 4599 projceisse
1438 4547 1452 4584 :
1502 4531 1589 4587 vel
1625 4531 1810 4601 potius
1868 4532 2043 4601 ipsum

462 4636 585 4674 eam
620 4619 986 4685 confinxisse,
1024 4630 1076 4674 et
1110 4632 1322 4689 postea,
1356 4622 1510 4689 quasi
1570 4620 1785 4676 cmlitus
1822 4621 2044 4690 delapsa

466 4713 560 4779 sit,
636 4714 981 4783 prmdicasse.
1044 4716 1176 4769 Cum
1248 4714 1411 4785 igitur
1440 4714 1574 4769 nihil
1627 4714 1783 4769 solidi
1837 4714 1905 4769 ad
1961 4714 2042 4768 sui

464 4806 836 4861 defensionem
878 4809 928 4861 in
992 4807 1226 4861 medium
1285 4808 1479 4863 allerre
1524 4809 1755 4877 possint,
1815 4808 2046 4863 dicimus

464 4917 568 4955 uos
602 4918 616 4955 :
655 4902 1126 4968 Quemadmodum
1174 4900 1264 4969 qui
1318 4901 1535 4964 dormit,
1576 4900 1843 4969 loquendo
1906 4899 2045 4954 deli-

469 4997 573 5055 rat,
612 4998 665 5043 ct
700 5005 842 5059 saepe
898 4988 1101 5057 aliquid
1156 4991 1451 5045 monstrosi
1504 4991 1556 5044 in
1597 4991 1809 5044 somnis
1876 4989 2041 5054 videt,

465 5086 543 5139 sic
584 5089 748 5138 etiam
789 5084 874 5138 illa
925 5086 1195 5151 scriptura
1258 5098 1377 5152 quae
1421 5085 1474 5138 in
1529 5085 1703 5153 ipsum
1767 5083 2040 5138 dormien-

466 5190 573 5231 tem
606 5176 851 5245 conjccta
897 5184 1000 5239 est,
1044 5174 1293 5228 deliratio
1344 5186 1393 5228 et
1435 5178 1646 5230 somnio
1707 5177 2041 5230 simillimum

464 5270 805 5326 mendacium
892 5267 1009 5321 fuit.
1067 5268 1303 5321 Rursum
1360 5283 1480 5321 cum
1546 5284 1642 5323 nos
1719 5285 1781 5322 ex
1848 5270 2041 5323 iisdem

465 5366 763 5435 qumrinms
813 5364 905 5434 qui
949 5366 1039 5417 liat
1104 5375 1158 5415 ιιι
1196 5378 1318 5416 Clltl't
1358 5362 1430 5417 illi
1470 5378 1533 5417 cx
1594 5374 1864 5432 praerepto
1898 5363 2043 5417 Moa-

468 5458 634 5512 tuellti
666 5458 796 5511 nihil
859 5457 974 5510 sine
1034 5456 1339 5510 testimonio
1421 5472 1591 5525 teque
1639 5457 1819 5511 facere
1870 5472 2044 5526 neque

469 5550 700 5616 probare
734 5559 788 5603 et
822 5548 1109 5602 admittere
1136 5551 1373 5612 soleant,
1426 5549 1629 5601 nullum
1669 5548 2040 5603 testimoniqu

471 5643 540 5694 ab
572 5645 759 5695 rudem
800 5642 1099 5711 exegerint,
1138 5644 1279 5710 quod
1316 5642 1454 5695 Deus
1513 5643 1685 5711 ipsum
1720 5651 1775 5694 ut
1809 5644 2043 5712 prophe-

467 5740 577 5787 tam
612 5730 855 5803 clngerit,
900 5733 1151 5802 quodque
1195 5735 1307 5803 ipse
1348 5734 1604 5791 divinitus
1642 5735 1777 5789 hanc
1815 5737 1877 5791 de
1932 5735 2041 5791 Deo

2151 4529 2366 4599 καίριον
2394 4528 2930 4599 προσαπολογεῖσθαι
2981 4527 3326 4598 δυναμένων,
3385 4528 3635 4600 λέγομεν
3662 4532 3745 4584 ὅτι

2152 4620 2370 4689 Ὥσπερ
2412 4620 2440 4671 6
2488 4617 2836 4690 κοιμώμενος
2874 4619 3355 4689 παραφθέγγεται,
3390 4622 3487 4674 καὶ
3511 4622 3745 4676 ἀλλοκό-

2148 4731 2277 4778 τους
2323 4714 2570 4784 ὀνείρους
2604 4713 2794 4783 βλέπει
2851 4713 3137 4780 πολλάκις,
3193 4713 3338 4767 οῦτω
3370 4717 3467 4767 καὶ
3527 4718 3605 4769 τὰ
3645 4719 3745 4785 τῆς

2149 4809 2391 4879 γραφῆς,
2423 4808 2548 4878 ἥτις
2576 4804 2664 4859 ἐπ’
2696 4806 2863 4860 αὐτὸν
2904 4806 3113 4877 ἐρρίφη
3143 4808 3517 4877 κοιμώμενον,
3554 4826 3742 4876 παρα-

2150 4902 2317 4973 φορὰ,
2360 4900 2456 4955 καὶ
2488 4897 2996 4972 ⁴ὸνειρωδικὼτατον
3026 4899 3088 4951 τὸ
3107 4898 3326 4967 ψεῦδος.
3366 4900 3744 4968 Ἐρωτώντων

2148 4994 2206 5048 δὲ
2237 4994 2400 5048 πάλιν
2431 4992 2614 5062 ἡμῶν,
2652 4992 2800 5057 Πῶς,
2848 4991 2942 5045 τοῦ
2972 4990 3222 5060 Μωάμεθ
3255 4991 3386 5061 ὑμῖν
3416 4990 3745 5060 ἐντειλαμέ-

2148 5105 2242 5141 νου
2271 5085 2439 5157 μηδέν
2468 5086 2597 5139 ἄνευ
2634 5084 3001 5156 μαρτυρίαςῆ
3035 5084 3267 5155 ποιεῖνῆ
3296 5084 3741 5154 παραδέχεσθαι,

2150 5182 2250 5234 οὐκ
2283 5182 2611 5250 ἁπῃτήσατε
2663 5178 2831 5232 αὐτὸν
2887 5178 3219 5249 μαρτυρίαν,
3279 5178 3361 5231 ὅτι
3421 5195 3483 5230 τε
3528 5179 3556 5229 6
3598 5178 3742 5242 Θεὸς

2149 5274 2313 5327 αὑτὸν
2335 5274 2626 5343 προφήτην
2654 5273 3053 5343 ἐχειροτόνησε,
3080 5270 3179 5325 καί
3195 5272 3277 5324 ὅτι
3304 5270 3491 5324 θεόθεν
3509 5270 3743 5335 ἐδέξατο

2149 5367 2249 5437 τὴν
2310 5366 2615 5437 εἰρημένην
2662 5364 2984 5431 θεολογίανς
3049 5362 3342 5415 Σιωπῶσιν
3389 5362 3741 5433 αἰδούμενοι.

2149 5460 2261 5512 Καὶ
2289 5457 2447 5521 αὖθις
2498 5461 2689 5528 ἡμεῖς’
2726 5458 2790 5509 Ὢ
2829 5457 2929 5525 τῆς
2983 5458 3257 5519 ἀτοπίαςί
3313 5459 3589 5522 γυναῖκας
3638 5457 3747 5527 μὲν

2147 5553 2241 5607 καὶ
2256 5552 2500 5619 δούλους,
2518 5552 2613 5606 καὶ
2638 5551 2742 5622 χρή
2752 5568 2895 5620 ματα
2917 5552 3012 5603 καὶ
3029 5551 3309 5619 κτήματα,
3330 5550 3425 5603 καὶ
3452 5550 3617 5612 δνοιις
3640 5553 3739 5604 καὶ

2147 5647 2338 5712 κύνας,
2357 5646 2418 5697 τὸ
2440 5644 2852 5706 εὐτελέστατον,
2882 5644 3053 5713 χωρὶς
3079 5641 3392 5713 μαρτυρίας
3418 5644 3521 5694 οὐκ
3536 5642 3697 5710 ἔχετε
3718 5658 3734 5671 ’

2153 5740 2320 5803 μόνην
2342 5736 2398 5793 δὲ
2413 5736 2599 5792 πίστιν
2620 5736 2712 5791 καὶ
2744 5735 2963 5801 γραφὴν
2988 5735 3163 5801 οὕτως
3184 5735 3503 5793 ἀμάοτυοον
3522 5733 3683 5798 ἔχετε
3712 5750 3731 5800 ς
