4022 6224
331 256 474 322 1337

1223 260 1599 322 PANOPLIA
1643 259 2108 322 DOGMATICA.
2140 285 2212 298 --
2249 256 2399 324 TIT.
2433 263 2716 327 XXVIII.

3454 265 3595 333 1338

327 372 642 429 doctrinam
671 373 998 444 acceperit?
1031 374 1233 444 pudore
1283 374 1473 431 suil‘nsi
1512 375 1905 431 conticescunt.
1943 374 2012 430 Et
2067 390 2165 432 nos
2200 377 2397 432 iterum
2451 385 2639 432 contra
2675 397 2692 434 :
2729 377 2774 432 Ο
2829 377 3251 436 absurdissimos
3283 383 3418 435 vos!
3471 399 3597 436 mu-

327 463 494 520 lieres
525 473 580 520 et
607 479 820 533 servos,
848 467 1106 537 pecunias
1133 474 1186 521 et
1225 466 1622 536 possessiones,
1663 467 1848 522 asinos
1893 473 2055 536 atque
2119 483 2308 534 canes,
2341 468 2665 524 vilissimum
2738 460 2963 536 animal,
3031 471 3149 542 sine
3203 474 3432 529 testibus
3485 491 3591 528 non

325 557 622 625 possidetis
645 557 846 612 :solam
872 569 1001 614 vero
1025 559 1178 615 ﬁdem
1190 568 1246 615 et
1271 567 1596 630 scripturam
1619 560 1756 616 adeo
1789 563 1907 617 sine
1959 562 2186 618 testibus
2217 560 2458 616 tenetis?
2783 550 2793 559 ”
3059 556 3076 602 Γ
3536 569 3542 575 '

407 695 473 748 δ’.
511 692 652 746 Ἀλλ’
678 693 804 745 ἐπεὶ
860 693 1069 762 Ἰησοῦν
1091 694 1332 766 Χριστὸν
1365 695 1558 762 λέγετε
1597 695 1771 764 Λόγον
1811 695 1907 750 τοῦ

326 785 492 848 Θεοῦ,
523 783 618 838 καὶ
642 785 869 854 Πνεῦμα
890 785 1077 853 αὐτοῦ,
1110 789 1527 860 συνομολογεῖτε
1559 792 1654 843 καὶ
1677 790 1900 854 ἄκοντες

328 881 417 932 ὅτι
448 880 476 932 6
501 879 678 946 Λόγος
703 876 798 932 τοῦ
848 877 986 932 Θεοῦ
1040 881 1137 935 καὶ
1166 881 1228 934 τὸ
1285 881 1511 951 Πνεῦμα
1547 882 1712 936 αὑτοῦ
1745 883 1803 936 ἐν
1831 881 1910 952 τῷ

327 971 451 1042 Θεῷ
485 973 646 1026 εἰσιν.
681 970 743 1024 '0
770 972 881 1041 γὰρ
911 973 1084 1041 Λόγος
1136 973 1229 1027 τοῦ
1266 973 1402 1027 Θεοῦ
1439 977 1536 1029 καὶ
1575 975 1637 1028 τὸ
1681 975 1911 1044 Πνεῦμα

325 1064 500 1117 αὐτοῦ
530 1061 814 1134 ἀχώριστά
849 1065 953 1117 εἰσι
981 1064 1078 1118 τοῦ
1135 1057 1194 1118 οὗ
1233 1066 1393 1130 εἰσιν,
1453 1067 1541 1118 ἵνα
1587 1066 1663 1137 μὴ
1708 1066 1907 1135 ἄλογος

325 1155 427 1210 καὶ
452 1155 659 1218 ἄπνους
688 1153 1014 1227 ὑπολειφθῇ.
1050 1156 1112 1210 Ei
1143 1157 1200 1211 δὲ
1231 1159 1288 1212 ὲν
1318 1156 1396 1228 τῷ
1418 1156 1538 1228 Θεῷ
1568 1158 1715 1211 ἐστιν
1739 1160 1768 1211 6
1803 1161 1910 1212 Λό-

325 1264 426 1313 γος
476 1244 668 1310 αὐτοῦ,
721 1247 964 1317 δηλονότι
995 1247 1090 1300 καὶ
1145 1248 1279 1311 Θεός
1323 1250 1463 1302 ἐστι.
1493 1249 1604 1302 Καὶ
1645 1249 1833 1304 λοιπὸν
1880 1249 1909 1301 6

323 1335 589 1404 Χριστὸς,
624 1335 698 1398 ὡς
732 1335 834 1406 μὲν
864 1337 1037 1405 Λόγος
1061 1337 1156 1390 τοῦ
1186 1338 1346 1402 Θεοῦ,
1383 1339 1517 1403 Θεός
1546 1341 1716 1405 ἐστιν,
1748 1339 1824 1402 ὡς
1851 1341 1907 1393 δὲ

325 1429 397 1480 ὲκ
431 1425 714 1496 Παρθένου
756 1427 1062 1497 γεννηθεὶς,
1105 1428 1394 1500 ἄνθρωπός
1437 1432 1576 1484 ἐστι.
1631 1433 1737 1484 Καὶ
1763 1430 1907 1485 οῦτω

322 1517 556 1572 διπλοῦν
589 1517 721 1572 ὄντα
784 1519 890 1590 χρὴ
958 1519 1151 1576 τοῦτον
1201 1523 1509 1593 ὁμολογεῖν,
1541 1524 1676 1578 Θεόν
1703 1542 1762 1576 τε
1807 1525 1906 1578 καὶ

2082 683 2547 766 4.νειύιιι,·ιιυὶε
2583 712 2678 753 vos
2722 697 2931 754 “Iesum
3009 677 3282 756 Christum
3355 701 3598 767 Verbum
3661 711 3663 715 ‘
3733 701 3735 739 ἶ

2009 787 2104 842 Dei
2156 797 2210 842 et
2266 787 2527 857 Spiritum
2578 789 2692 859 ejus
2735 787 2916 846 dicitis
2948 831 2964 854 ,
3023 792 3267 847 nolentes
3344 793 3590 849 volentes

2010 877 2281 944 fatemini,
2342 877 2571 934 Verbum
2616 881 2712 935 Dei
2751 890 2806 937 et
2836 881 3095 951 Spiritum
3129 883 3294 951 ipsius
3350 885 3402 936 in
3464 886 3584 953 ipso,

2009 969 2119 1025 Deo
2146 983 2284 1024 esse.
2325 969 2558 1024 Verbum
2620 972 2764 1026 enim
2827 973 2942 1037 Dei,
2988 982 3042 1027 et
3105 972 3339 1042 Spiritus
3391 975 3484 1029 Dei
3525 977 3594 1031 ab

2009 1075 2076 1116 eo
2100 1063 2338 1130 separari
2365 1073 2642 1132 nequeunt
2687 1064 2840 1133 cujus
2870 1075 3019 1132 sunt,
3051 1068 3179 1134 quin
3215 1080 3408 1134 expers
3433 1067 3592 1121 Verbi

2007 1176 2314 1232 expersque
2362 1163 2596 1232 Spiritus
2652 1162 3012 1232 relinquatur.
3049 1163 3106 1216 Si
3157 1165 3316 1232 igitur
3347 1164 3398 1216 in
3464 1165 3578 1218 Deo

2006 1264 2089 1312 est
2141 1255 2395 1312 Verbum
2440 1243 2579 1325 eius,
2607 1255 2860 1310 nimirum
2921 1265 2976 1310 et
3029 1256 3212 1323 ipsum
3284 1255 3422 1321 Deus
3485 1265 3591 1310 est.

2005 1345 2192 1414 Itaque
2227 1355 2282 1401 et
2332 1344 2580 1402 Christus
2632 1345 2890 1400 Verbum:
2938 1345 3031 1399 Dei
3106 1346 3246 1412 Deus
3301 1355 3406 1418 est.
3450 1339 3590 1410 Quia

2011 1451 2140 1492 vero
2175 1451 2243 1491 ex
2278 1437 2497 1506 Virgine
2536 1446 2696 1492 natus
2747 1445 2854 1502 est,
2887 1440 3069 1490 etiam
3121 1425 3280 1495 homo
3320 1447 3442 1490 .est.
3500 1434 3591 1488 Sic

2019 1530 2184 1600 igitur
2241 1530 2447 1585 duabus
2501 1531 2710 1586 naturis
2761 1537 3099 1584 constantem
3151 1522 3305 1592 eum,
3374 1536 3590 1596 oportet

323 1609 640 1680 ἄνθρωπον,
673 1611 732 1663 ὲν
759 1611 855 1664 δύο
879 1609 1076 1680 φύσεσι
1103 1614 1536 1684 γνωριζόμενον,
1561 1615 1818 1687 θεότητός
1845 1634 1903 1670 τε

2014 1622 2262 1678 conﬁteri
2316 1631 2372 1677 et
2427 1604 2594 1676 Deum
2663 1632 2718 1676 et
2775 1621 3068 1684 hominem,
3127 1617 3341 1688 utpote"
3377 1620 3466 1688 qui
3536 1621 3588 1674 in

324 1706 430 1758 καὶ
464 1704 917 1774 ἀνθρωπότητος.
962 1708 1128 1761 Αὐτοὶ
1155 1707 1214 1762 δὲ
1265 1709 1432 1764 πάλιν
1473 1710 1782 1779 ἀλογίστως
1816 1713 1908 1763 ἐπὶ

327 1798 436 1867 τὴν
506 1797 855 1868 θεόπεμπτον
904 1800 1127 1871 γραφὴν
1187 1801 1626 1871 καταφεύγουσι.
1688 1801 1810 1873 Χρὴ
1850 1803 1908 1856 δὲ

327 1891 430 1943 καὶ
459 1888 892 1958 συλλογιστικῶς
916 1890 1113 1954 αὐτοὺς
1142 1894 1446 1960 ἀναγαγεῖν
1496 1892 1591 1945 ἐπὶ
1617 1892 1716 1961 τὴν
1761 1893 1908 1961 ἁλή-

325 1980 508 2035 θειαν.
548 1981 605 2034 Ὀ
631 1980 783 2046 Θεὸς,
815 1983 1021 2047 τέλειος
1046 1983 1146 2047 ὢν,
1171 1984 1272 2037 οὐκ
1303 1984 1497 2052 ἄλογός
1529 1985 1650 2037 ἐστι
1681 2001 1693 2014 ο
1729 1985 1908 2052 Λόγον

325 2071 386 2125 δὲ
412 2073 572 2142 ἔχων,
609 2072 708 2124 οὐκ
739 2074 1118 2127 ἀνυπόστατον
1150 2074 1262 2144 ἔχει
1303 2075 1516 2141 τοῦτον,
1573 2077 1695 2130 οὐδὲ
1729 2077 1906 2147 ἀρξά-

328 2180 498 2234 μενον
523 2165 617 2218 τοῦ
642 2160 809 2228 εῖναι,
838 2165 962 2218 οὐδὲ
995 2167 1339 2235 παυσόμενον
1360 2183 1374 2200 ·
1396 2167 1517 2219 οὐδὲ
1549 2169 1658 2237 γὰρ
1685 2163 1753 2238 ἦν
1777 2185 1907 2221 ποτε

325 2254 526 2324 ἄλογος
553 2272 567 2286 ⁸
606 2255 720 2309 ἀλλ’
752 2259 841 2310 ἀεὶ
867 2256 944 2311 ὢν
974 2257 1066 2310 τὸν
1099 2256 1295 2311 ἑαυτοῦ
1325 2257 1501 2325 Λόγον
1532 2257 1675 2328 ἔχων
1704 2259 1764 2323 ἐξ
1811 2259 1910 2312 αὑ-

323 2349 424 2401 τοῦ
458 2347 823 2421 γεννώμενον,
852 2352 948 2404 καὶ
976 2351 1036 2404 ἐν
1067 2351 1218 2420 αὐτῷ
1254 2353 1487 2422 μένοντα
1508 2390 1523 2416 ,
1571 2355 1667 2404 καὶ
1699 2351 1904 2418 ζῶντα,

325 2441 426 2495 καὶ
460 2442 690 2504 τέλειον,
727 2442 824 2496 καὶ
860 2443 919 2494 οὐ
960 2441 1102 2496 κατὰ
1136 2443 1229 2495 τὸν
1287 2443 1560 2514 ἡμέτερον
1590 2443 1771 2512 λόγον.
1805 2438 1907 2496 ’Ὧν

328 2533 443 2604 γὰρ
468 2533 530 2586 τὸ
557 2527 698 2586 εἶναι
728 2534 1008 2603 διάφορον,
1034 2533 1243 2587 τούτων
1270 2536 1366 2588 καὶ
1394 2537 1421 2588 6
1441 2535 1602 2602 λόγος
1627 2535 1904 2604 διάφορος.

329 2625 550 2695 Ὠσπερ
605 2624 664 2678 δὲ
709 2626 1036 2694 ὀήμὲτερος
1091 2625 1253 2692 λόγος
1292 2625 1356 2678 ἐκ
1400 2627 1492 2678 τοῦ
1544 2627 1637 2680 νοῦ
1697 2629 1906 2696 γίνεται

329 2716 650 2788 νοούμενος,
677 2717 776 2771 καὶ
805 2715 929 2770 οὔτε
961 2717 1032 2770 δι’
1060 2717 1186 2772 ὅλου
1235 2719 1262 2770 6
1305 2718 1472 2781 αὑτός
1524 2719 1641 2772 ὲστι
1686 2719 1765 2788 τῷ
1808 2719 1903 2789 νῷ,

323 2808 454 2864 οὔτε
503 2809 856 2864 παντάπασιν
899 2810 1090 2879 ἔτερος
1141 2811 1228 2880 (ὲκ
1262 2811 1354 2864 τοῦ
1389 2809 1482 2864 νοῦ
1520 2813 1620 2881 μὲν
1650 2813 1760 2882 γὰρ
1806 2811 1903 2878 ὢν,

324 2903 486 2966 ἄλλος
513 2903 629 2955 ἐστὶ
657 2903 1004 2972 παράὑτόνῖο
1034 2904 1202 2957 αὑτὸν
1232 2904 1289 2957 δὲ
1319 2905 1411 2957 τὸν
1438 2907 1564 2958 νοῦν
1591 2906 1900 2975 ἐμφαίνων,

323 2997 428 3050 οὐκ
454 2994 574 3048 ἔστι
604 2995 885 3058 παντελῶς
915 2995 1105 3066 ἕτερος
1132 2996 1262 3067 παρ’
1293 2997 1481 3050 αὐτόν’
1512 2997 1628 3052 ἀλλ’
1663 2999 1724 3051 ἓν
1759 3001 1902 3054 κατὰ

323 3085 423 3156 τὴν
462 3085 648 3155 φύσιν,
679 3084 866 3156 ἕτερός
902 3087 1022 3140 ἐστι
1051 3086 1131 3158 τῷ
1179 3088 1549 3160 ὑποκειμένῳ)
1578 3104 1595 3123 ο
1624 3089 1770 3144 οὓτω
1805 3093 1901 3146 καὶ

322 3181 352 3232 6
379 3177 476 3233 τοῦ
508 3178 646 3232 Θεοῦ
678 3179 874 3247 Λόγος,
905 3179 963 3242 ὃς
993 3179 1144 3234 ἐστιν
1176 3180 1203 3232 6
1246 3180 1393 3246 Υἱὸς,
1426 3182 1500 3249 τῷ
1539 3182 1636 3253 μὲν
1667 3183 1902 3251 ὑφεστάο

322 3290 416 3328 ναι
447 3272 570 3327 καθ’
599 3272 817 3340 ἑαυτὸν,
841 3273 1100 3344 διῄρηται
1135 3274 1273 3346 πρὸς
1295 3276 1523 3342 ἐκεῖνον,
1559 3277 1691 3347 παρ’
1715 3270 1774 3332 οῦ
1802 3279 1903 3348 τὴν

325 3365 583 3436 γέννησιν
610 3366 814 3437 ἔσχηκε
839 3383 852 3399 ·
885 3366 964 3438 τῷ
984 3367 1040 3421 δὲ
1085 3368 1262 3422 ταῦτα
1286 3370 1555 3422 δεικνύειν
1591 3371 1647 3421 ὲν
1696 3369 1898 3440 ἐαυτῷ,

324 3459 522 3530 ιπερὶ
554 3461 649 3514 τὸν
677 3459 811 3513 Θεὸν
839 3459 1151 3530 θεωρεῖται,
1182 3461 1241 3514 ’ἐν
1262 3463 1380 3515 ἐστι
1399 3461 1539 3533 πρὸς
1572 3461 1734 3514 αὐτὸν
1757 3459 1902 3513 κατά

321 3552 424 3622 τὴν
449 3551 634 3622 φύσιν.
656 3553 752 3605 Δεῖ
770 3551 856 3606 τὸν
877 3553 1050 3620 Λόγον
1082 3551 1229 3622 ἔχειν
1252 3554 1348 3606 καὶ
1374 3554 1620 3621 Πνεῦμα,
1647 3568 1903 3623 συμπαρ-

323 3644 600 3715 ομαρτοῦν
628 3661 687 3697 τε
717 3644 886 3715 αὐτῷ,
940 3644 1037 3698 καὶ
1083 3643 1352 3716 φανεροῦν
1396 3645 1563 3699 αὐτοῦ
1610 3644 1710 3715 τὴν
1749 3646 1902 3714 ἐνέρ-

323 3756 505 3809 γειαν.
535 3741 647 3795 Καὶ
685 3739 796 3812 γὰρ
839 3742 866 3794 6
893 3739 1162 3811 ᾐμέτερος
1192 3739 1350 3808 λόγος
1382 3741 1484 3794 οὐκ
1519 3741 1753 3810 ἄμοιρός
1781 3741 1899 3794 ἐστι

324 3835 676 3907 πνεύματοςο
729 3837 868 3908 ὅπερ
896 3836 957 3890 ὲν
1014 3834 1092 3907 τῷ
1147 3833 1325 3905 καιρῷ
1372 3832 1472 3902 τῆς
1531 3833 1900 3901 ὲκφωνήσεως

326 3926 482 3999 φωνὴ
512 3927 721 3996 γίνεται
751 3925 848 3981 τοῦ
879 3925 1042 3994 λόγου
1072 3923 1256 3994 ήμῶν,
1297 3919 1614 3992 φανεροῦσα
1648 3919 1748 3988 τὴν
1775 3915 1900 3970 τοὺ-

324 4037 422 4075 ιτου
466 4019 720 4091 δύναμιν.
779 4016 924 4074 Ἀλλ’
954 4017 1043 4087 ἐφ’
1079 4015 1238 4088 ἡμῶν
1301 4015 1401 4084 μὲν
1457 4013 1743 4082 ἀλλότριον
1798 4009 1902 4080 τῆς

327 4113 606 4186 ἡμετέρας
636 4111 826 4175 οὐσίας
856 4111 918 4164 τὸ
944 4108 1168 4179 πνεῦμα
1200 4107 1380 4173 τοῦτο,
1416 4108 1577 4176 ἀέρος
1610 4104 1669 4159 ὃν
1711 4104 1900 4176 είσροὴ

325 4205 422 4261 καὶ
451 4205 642 4276 ἑκροήο
674 4205 767 4257 ἐπὶ
790 4202 846 4256 δὲ
873 4201 968 4257 τοῦ
990 4201 1152 4268 Θεοῦ,
1206 4197 1400 4270 ὥσπερ
1423 4202 1450 4253 6
1478 4199 1652 4268 Λόγος
1675 4198 1734 4251 οὺ
1761 4198 1902 4252 κατὰ

2011 1714 2222 1768 duabus
2255 1713 2466 1768 naturis
2492 1722 2868 1782 cognoscatur,
2902 1711 3221 1776 divinitatis,
3265 1711 3504 1778 inquam,
3536 1718 3593 1762 et

2012 1804 2388 1858 humanitatis.
2432 1803 2523 1859 Isti
2554 1817 2705 1866 vero,
2741 1813 2798 1856 ut
2832 1813 3011 1864 antea,
3042 1812 3262 1855 temere.
3296 1811 3350 1854 et
3407 1796 3594 1854 incon-

2008 1895 2244 1949 siderate
2271 1896 2339 1948 ad
2380 1895 2707 1963 scripturam
2739 1893 2882 1948 illam
2907 1893 3048 1949 falso
3070 1894 3338 1948 divinitus
3362 1894 3584 1945 missam

2013 1985 2356 2057 confugiunt.
2405 1987 2593 2054 Itaque
2628 1987 3039 2040 ratiocinatione
3087 1987 3344 2055 quadam,
3376 1996 3436 2044 ut
3492 2000 3586 2037 vc-

2011 2094 2130 2132 rum
2161 2079 2518 2148 perspiciant,
2556 2079 2807 2149 adigendi
2843 2089 2990 2134 sunt.
3023 2079 3164 2134 Deus
3196 2095 3318 2133 eum
3352 2079 3422 2132 sit
3473 2094 3586 2143 per-

2008 2169 2204 2233 fectus,
2225 2186 2420 2239 expers
2440 2171 2533 2224 τοῦ
2553 2172 2729 2238 Λόγου
2757 2172 2829 2242 (id
2859 2181 2960 2236 est,
2985 2171 3169 2243 Verbi)
3203 2182 3425 2225 nonest.
3443 2171 3579 2224 Cum

2011 2259 2172 2330 igitur
2200 2260 2278 2330 τῷ
2307 2261 2464 2330 Λόγῳ
2483 2261 2556 2330 (id
2575 2270 2678 2325 est,
2703 2259 2896 2330 Verbo)
2919 2262 3175 2330 prmditns
3212 2262 3302 2324 sit,
3337 2275 3440 2314 non
3468 2261 3587 2313 sine

2011 2355 2282 2430 hypostasi
2311 2355 2451 2408 idem
2480 2354 2708 2418 obtinet,
2746 2368 2916 2422 neque
2948 2353 3093 2422 quod
3123 2354 3409 2421 aliquando
3457 2366 3580 2405 esse

2009 2450 2260 2520 cmperit,
2296 2460 2471 2518 neque
2518 2446 2660 2516 quod
2714 2446 2956 2500 desierit.
3010 2445 3193 2513 Neque
3257 2445 3401 2497 enim
3443 2443 3586 2497 Deus

2009 2560 2243 2615 unquam
2264 2557 2458 2610 expers
2494 2540 2586 2592 τοῦ
2607 2542 2780 2608 Λόγου
2828 2540 2903 2608 (id
2934 2548 3018 2592 est
3065 2537 3245 2608 Verbi)
3285 2536 3420 2589 fuit:
3486 2536 3579 2590 sed

2008 2651 2130 2692 cum
2158 2635 2227 2689 sit
2249 2649 2482 2702 semper,
2516 2647 2785 2700 suumque
2819 2629 3050 2684 Verbum
3101 2629 3318 2694 habeat,
3349 2628 3587 2697 quodex

2009 2725 2126 2795 ipso
2149 2731 2460 2796 generatur,
2490 2730 2544 2777 et
2570 2722 2625 2776 in
2655 2722 2771 2790 ipso
2799 2729 2998 2782 :nanet,
3046 2729 3099 2773 et
3137 2719 3290 2784 vivit,
3351 2729 3407 2771 et
3462 2733 3585 2784 per-

2009 2818 2206 2873 fectum
2233 2823 2366 2872 est:
2411 2830 2518 2869 non
2580 2813 2874 2868 secundum
2932 2821 3178 2866 nostrum
3229 2809 3406 2875 λόγον,
3466 2810 3580 2862 sive

2006 2909 2268 2974 verbum;
2301 2923 2530 2978 quorum
2585 2906 2728 2962 enim
2781 2903 3017 2959 essentia
3057 2902 3265 2956 diversa
3331 2908 3432 2964 est,
3491 2916 3587 2954 eo-

2010 3017 2130 3056 rum
2177 3001 2338 3054 etiam
2371 3003 2399 3053 6
2429 2999 2585 3068 λόγος
2633 2999 2746 3052 sive
2809 2998 3054 3050 verbum.
3112 2992 3576 3058 Quemadmodum

2009 3096 2188 3143 autem
2220 3097 2462 3143 nostrum
2517 3086 2737 3142 verbum
2794 3085 2958 3154 (sive
3010 3082 3229 3151 oratio)
3280 3097 3344 3136 ex
3396 3091 3574 3137 mente

2011 3179 2252 3234 nascitur
2283 3195 2297 3233 :
2325 3193 2426 3232 non
2452 3187 2633 3232 autem
2660 3177 2882 3231 omnino
2909 3191 3030 3228 cum
3062 3183 3238 3227 mente
3256 3172 3441 3226 eadem
3470 3182 3574 3235 εει,

2007 3284 2185 3340 neque
2218 3269 2438 3338 penitus
2494 3267 2706 3321 diversa
2741 3283 2754 3320 :
2792 3281 2860 3320 ex
2901 3273 3082 3317 mente
3115 3263 3256 3316 enim
3316 3277 3435 3315 eum
3488 3261 3584 3325 sit,

2008 3359 2154 3414 aliud
2235 3357 2491 3428 quiddam
2557 3367 2750 3424 praeter
2817 3345 3128 3422 ipsam’est
3186 3369 3204 3406 :
3271 3366 3390 3404 nam
3455 3350 3582 3416 quia

2009 3461 2244 3504 mentem
2293 3451 2462 3515 ipsam
2526 3447 2786 3502 declarat.
2843 3459 2946 3497 non
3017 3451 3097 3496 est
3154 3442 3378 3497 omnino
3436 3440 3584 3494 aliud

2006 3547 2203 3606 przeter
2237 3535 2406 3602 ipsam
2444 3549 2459 3585 :
2491 3532 2584 3586 sed
2617 3546 2781 3585 unum
2813 3531 3066 3598 quiddam
3099 3545 3222 3583 cum
3253 3529 3363 3582 sint
3417 3538 3585 3581 natu-

2008 3645 2091 3692 ra,
2122 3627 2364 3698 subjecto
2391 3624 2532 3680 inter
2552 3637 2610 3677 se
2636 3620 2927 3676 dideruut:
2969 3622 3048 3677 sic
3080 3621 3245 3676 etiam
3289 3618 3380 3674 Dei
3439 3616 3583 3673 Ver-

2007 3721 2134 3776 bum
2169 3719 2430 3789 (quodet
2473 3715 2643 3770 Filius
2696 3718 2801 3784 est)
2872 3717 3087 3783 prepria
3141 3712 3356 3783 quidem
3406 3711 3584 3780 hypo-

2008 3813 2140 3870 stasi
2178 3812 2245 3866 ab
2269 3825 2332 3867 eo
2362 3809 2672 3865 distinctum
2706 3817 2812 3873 est,
2850 3823 2880 3861 a
2910 3823 3019 3878 quo
3039 3815 3217 3861 ortum
3250 3804 3364 3858 sive
3416 3818 3582 3870 gene-

2008 3905 2276 3961 rationem
2307 3903 2468 3958 habet
2495 3920 2509 3956 :
2543 3902 2666 3969 quia
2695 3915 2826 3956 vero
2860 3899 2913 3954 in
2945 3913 3005 3954 se
3037 3897 3153 3966 ipso
3184 3893 3418 3950 ostendit
3461 3908 3580 3962 quae

2007 3998 2174 4054 etiam
2227 3995 2283 4051 in
2309 3995 2419 4050 Deo
2449 4003 2749 4049 cernuntur
2778 4033 2794 4059 ,
2842 4005 3007 4045 unum
3038 4004 3165 4045 cum
3214 3992 3333 4056 ipso
3383 3993 3467 4040 est
3519 3991 3577 4039 et

2008 4073 2227 4162 quidem
2258 4097 2472 4144 natura.
2497 4085 2618 4141 Jam
2653 4099 2784 4140 vero
2808 4083 3041 4139 Verbum
3107 4091 3169 4135 ut
3212 4087 3267 4134 et
3316 4076 3587 4147 Spiritum.

2008 4182 2354 4251 coniunctum
2391 4181 2847 4247 habeatOportet,
2883 4175 2973 4244 qui
3005 4172 3170 4242 ipsius
3219 4171 3324 4224 vim
3370 4179 3421 4222 et
3455 4166 3573 4221 el'l‘t-

327 4299 422 4354 τὸν
437 4261 732 4368 ἡμὶτέρον,
764 4294 881 4354 ἀλλ’
921 4261 1201 4356 οὑσιωδῷς
1230 4261 1501 4360 ὑφεστὼς,
1548 4261 1644 4345 διαὶ
1675 4290 1778 4360 τῆς
1804 4290 1900 4343 αὑ-

2010 4275 2214 4330 caciam
2245 4272 2504 4328 declaret.
2524 4270 2770 4339 Namque
2825 4281 2892 4322 ne
2936 4273 3120 4320 nostra
3182 4261 3403 4332 quidem
3453 4274 3584 4314 ora-

326 4390 428 4460 τῆς
451 4389 640 4452 οὐσίας
662 4387 758 4442 καὶ
785 4384 1004 4457 φύσεως
1060 4384 1138 4455 τῷ
1159 4385 1447 4454 γεννήτορι
1472 4422 1486 4448 ,
1520 4381 1665 4436 οὕτω
1709 4383 1804 4436 καὶ
1833 4381 1896 4435 τὸ

326 4481 551 4552 Πνεῦμα
587 4480 647 4534 τὸ
670 4479 849 4549 ἅγιον,
881 4477 1156 4543 οὑσιωδῶς
1188 4476 1458 4547 ὑφεστὼς,
1484 4475 1580 4530 καὶ
1602 4477 1701 4544 τῆς
1725 4474 1897 4544 αὐτῆς

325 4574 404 4643 τῷ
433 4573 554 4644 Θεῷ
581 4572 768 4636 οὐσίας
807 4572 902 4626 καὶ
924 4571 1144 4640 φύσεως
1176 4571 1274 4624 καὶ
1318 4567 1683 4638 τελειότητος,
1711 4569 1777 4620 ὲκ
1800 4566 1896 4620 τοῦ

325 4661 545 4732 Πατρδς
577 4662 790 4732 προϊὸν,
818 4661 1000 4730 καὶξὲν
1044 4660 1198 4730 αὐτῷ
1239 4659 1320 4724 ὃν,
1352 4660 1445 4713 καὶ
1484 4657 1562 4728 τῷ
1609 4658 1768 4726 Λόγῳ
1803 4655 1898 4709 καὶ

324 4755 443 4826 Υίῷ
473 4755 1003 4827 συμπαρομαρτοῦν,
1040 4754 1137 4809 καὶ
1166 4752 1498 4822 ὲκφαντικδν
1522 4749 1768 4822 ὑπάρχον
1801 4750 1900 4802 αὑ-

324 4848 444 4903 τοῦ.
477 4849 614 4920 Περὶ
636 4849 734 4918 μὲν
755 4845 852 4903 οὖν
876 4848 1093 4919 Πατρὸς
1122 4848 1218 4902 καὶ
1250 4844 1383 4898 Υίοῦ
1409 4845 1506 4899 καὶ
1541 4843 1698 4913 ἁγίου
1731 4841 1902 4897 Πνεύο

329 4961 526 5015 ματος,
572 4945 654 4997 ὅτι
707 4943 804 4997 καὶ
832 4943 966 5010 εἰσὶ,
1023 4941 1244 5012 καὶτῆς
1287 4939 1461 5010 αὐτῆς
1501 4939 1610 4992 εἰσι
1658 4937 1897 5008 φύσεως,

328 5036 534 5100 ἕκανῶς
559 5038 691 5108 ἡμῖν
727 5035 1128 5090 ἀποδέδεικται.

2005 4368 2079 4422 tio
2107 4366 2328 4436 spiritus
2357 4378 2551 4427 expers
2572 4371 2678 4424 est,
2738 4362 2832 4430 qui
2890 4370 3130 4426 tempore
3167 4352 3577 4424 pronuntiatio-

2001 4463 2088 4514 nis
2112 4465 2218 4513 vo‘x
2253 4456 2313 4510 ﬁt
2339 4464 2542 4510 nostra:
2582 4452 2807 4506 rationis
2830 4491 2845 4518 ,
2885 4464 3006 4518 quae
3039 4461 3255 4501 omnem
3294 4445 3437 4498 illius
3470 4442 3589 4496 vinr

2002 4551 2256 4615 ostendit,
2283 4558 2340 4604 et
2374 4549 2426 4602 in
2450 4555 2700 4618 apertum
2742 4543 2967 4615 profert.
3003 4541 3108 4596 Sed
3156 4540 3210 4593 in
3241 4537 3398 4592 nobis
3459 4534 3578 4603 spi-

2005 4641 2248 4700 ritusille
2272 4639 2482 4696 alienus
2504 4648 2585 4693 est
2617 4654 2646 4692 a
2678 4647 2864 4690 nostra
2892 4633 3152 4697 essentia;
3203 4631 3400 4698 quippe
3455 4638 3585 4678 cum

2006 4731 2079 4787 sit
2109 4728 2343 4785 inﬂuxus
2370 4737 2432 4782 et
2473 4725 2709 4782 reﬂexus
2739 4740 2884 4780 aeris
2918 4741 2935 4779 :
2971 4723 3026 4776 in
3057 4723 3166 4776 Deo
3218 4733 3346 4773 vero
3397 4729 3586 4783 quem-

2011 4823 2301 4876 admodum
2358 4822 2386 4875 6
2436 4821 2610 4887 Λόγος
2646 4815 2953 4889 (Verbum),
3006 4828 3113 4867 non
3178 4810 3256 4864 uti
3339 4817 3592 4861 nostrum

2007 4915 2267 4982 verbum;
2301 4914 2395 4970 sed
2419 4911 2778 4970 essentialiter
2793 4908 3116 4968 subsistens,
3134 4903 3374 4973 ejusdem
3400 4912 3591 4954 essen-

2017 4991 2126 5071 tiae,
2157 5007 2400 5075 ejusdem
2457 5013 2662 5058 natura:
2721 5002 2827 5072 (est
2871 5015 2995 5056 cum
3051 4999 3340 5067 genitore:
3414 4991 3493 5045 sic
3536 4997 3593 5043 et

327 5104 840 5194 Spiritus—sanctus,
899 5126 1260 5182 essentialiter
1313 5123 1640 5187 subsistens.
1704 5122 1944 5190 ejusdem
1991 5136 2112 5175 cum
2149 5121 2260 5176 Deo
2282 5129 2366 5175 est
2419 5117 2668 5173 essentia:
2719 5125 2782 5170 et.
2823 5113 3047 5184 natum)
3097 5119 3151 5166 et
3202 5104 3589 5180 perfectionis;

327 5239 396 5280 ex
417 5221 530 5278 Deo
561 5220 883 5292 procedens,
914 5218 966 5273 in
1005 5233 1070 5272 eo
1096 5217 1332 5281 exsistit,
1350 5225 1407 5271 et
1433 5214 1510 5284 τῷ
1574 5215 1736 5283 Λόγῳ
1770 5213 2022 5284 (Verbo),
2066 5212 2206 5267 Filio
2255 5225 2466 5279 nempe,
2497 5208 2852 5276 coniunctus,
2904 5207 3080 5275 ipsum
3116 5205 3376 5258 declarat.
3423 5199 3498 5253 Ac
3527 5198 3594 5252 de

331 5316 492 5372 Patre
511 5315 755 5385 quidem,
789 5319 845 5367 et
874 5311 1032 5377 Filio,
1064 5319 1116 5366 et
1144 5309 1348 5378 Spiritu
1388 5317 1600 5372 sancto,
1645 5306 1784 5374 quod
1839 5315 1894 5359 et
1932 5305 2062 5369 sint,
2114 5315 2169 5358 et
2216 5304 2456 5373 ejusdem
2498 5312 2702 5356 natura
2743 5300 2874 5364 sint,
2899 5298 3032 5350 satis
3091 5312 3120 5350 a
3175 5296 3328 5350 nobis
3363 5292 3592 5348 demon-

331 5419 564 5464 stratum
587 5417 695 5462 est.
962 5469 992 5495 .

407 5547 470 5604 ε’.
498 5548 633 5618 Περὶ
653 5547 710 5600 δὲ
739 5546 838 5614 τῆς
867 5546 1071 5615 μητρὸς
1090 5543 1182 5597 τοῦ
1204 5540 1722 5613 ὲνανθρωπὴσαντος
1745 5535 1903 5599 Θεοῦ,

2090 5535 2143 5588 ε.
2167 5532 2240 5588 οε
2273 5541 2445 5587 matre
2473 5547 2598 5586 vero
2619 5531 2740 5585 Filii
2766 5531 2882 5594 Dei,
2908 5530 2998 5600 qui
3033 5538 3280 5584 naturam
3299 5525 3595 5594 assumpsit

332 5640 432 5694 τοῦ
458 5637 587 5693 Υἱοῦ
624 5639 709 5692 τοῦ
747 5635 907 5701 Θεοῦ,
953 5637 1161 5708 βραχέα
1185 5635 1304 5689 τινὰ
1327 5633 1662 5694 διαλεκτέον,
1689 5628 1785 5682 καὶ
1805 5629 1903 5682 ὅσα

2018 5627 2332 5690 humanam,
2366 5623 2552 5694 paucis
2612 5621 3011 5688 disserendum;
3044 5631 3097 5676 et
3132 5629 3402 5688 quantum
3457 5616 3592 5671 satis

334 5732 536 5786 δύναιτ’
570 5733 632 5786 ἂν
661 5729 880 5795 ἐλέγξαι
909 5729 1377 5799 τὴνθεὸπεμπτον
1405 5725 1622 5792 ἐκείνην
1654 5721 1900 5791 γραφήν.

2016 5716 2084 5771 sit
2149 5717 2215 5771 ad
2273 5716 2663 5787 coarguendam
2730 5713 3054 5783 scripturam
3116 5711 3259 5766 illam
3323 5709 3588 5765 divinitus
