  <div class='ocr_page' id='page_1' title='image "/cluster/home/n/w/nwhite01/storage/ocr_20150623/130/hvd.32044073502387/677.png"; bbox 0 0 4012 6216; ppageno 0'>
   <div class='ocr_carea' id='block_1_1' title="bbox 490 233 632 298">
    <p class='ocr_par' dir='ltr' id='par_1_1' title="bbox 490 233 632 298">
     <span class='ocr_line' id='line_1_1' title="bbox 490 233 632 298; baseline 0 0"><span class='ocrx_word' id='word_1_1' title='bbox 490 233 632 298; x_wconf 83' lang='lat'><strong>1339</strong></span> 
     </span>
    </p>
   </div>
   <div class='ocr_carea' id='block_1_2' title="bbox 1704 239 2512 309">
    <p class='ocr_par' dir='ltr' id='par_1_2' title="bbox 1704 239 2512 309">
     <span class='ocr_line' id='line_1_2' title="bbox 1704 239 2512 309; baseline 0.015 -12"><span class='ocrx_word' id='word_1_2' title='bbox 1704 239 2083 301; x_wconf 79' lang='lat' dir='ltr'><strong>EUTIIYMII</strong></span> <span class='ocrx_word' id='word_1_3' title='bbox 2149 244 2512 309; x_wconf 80' lang='lat' dir='ltr'><strong>ZIGABENI</strong></span> 
     </span>
    </p>
   </div>
   <div class='ocr_carea' id='block_1_3' title="bbox 3633 258 3788 323">
    <p class='ocr_par' dir='ltr' id='par_1_3' title="bbox 3633 258 3788 323">
     <span class='ocr_line' id='line_1_3' title="bbox 3633 258 3788 323; baseline 0.006 -1"><span class='ocrx_word' id='word_1_4' title='bbox 3633 258 3788 323; x_wconf 70' lang='lat' dir='ltr'><strong>13w</strong></span> 
     </span>
    </p>
   </div>
   <div class='ocr_carea' id='block_1_4' title="bbox 487 352 2073 451">
    <p class='ocr_par' dir='ltr' id='par_1_4' title="bbox 487 352 2070 431">
     <span class='ocr_line' id='line_1_4' title="bbox 487 352 2070 431; baseline 0.004 -21"><span class='ocrx_word' id='word_1_5' title='bbox 487 354 699 410; x_wconf 78' lang='lat' dir='ltr'><strong>scilicet</strong></span> <span class='ocrx_word' id='word_1_6' title='bbox 727 352 976 411; x_wconf 87' lang='lat' dir='ltr'><strong>missam.</strong></span> <span class='ocrx_word' id='word_1_7' title='bbox 1004 353 1088 411; x_wconf 76' lang='lat' dir='ltr'><strong>Ab</strong></span> <span class='ocrx_word' id='word_1_8' title='bbox 1113 352 1178 414; x_wconf 87' lang='lat' dir='ltr'><strong>eo</strong></span> <span class='ocrx_word' id='word_1_9' title='bbox 1225 356 1405 428; x_wconf 85' lang='lat' dir='ltr'><strong>itaque</strong></span> <span class='ocrx_word' id='word_1_10' title='bbox 1459 367 1699 430; x_wconf 87' lang='lat' dir='ltr'><strong>tempore</strong></span> <span class='ocrx_word' id='word_1_11' title='bbox 1745 376 1853 431; x_wconf 88' lang='lat' dir='ltr'><strong>quo</strong></span> <span class='ocrx_word' id='word_1_12' title='bbox 1908 360 2070 417; x_wconf 80' lang='lat' dir='ltr'><strong>Musis</strong></span> 
     </span>
    </p>
   </div>
   <div class='ocr_carea' id='block_1_5' title="bbox 2178 352 3787 451">
    <p class='ocr_par' dir='ltr' id='par_1_5' title="bbox 2189 365 3787 451">
     <span class='ocr_line' id='line_1_5' title="bbox 2189 365 3787 451; baseline 0.039 -62"><span class='ocrx_word' id='word_1_13' title='bbox 2189 369 2308 437; x_wconf 68' lang='grc' dir='ltr'><strong>,Αφι</strong></span> <span class='ocrx_word' id='word_1_14' title='bbox 2340 365 2401 425; x_wconf 61' lang='grc' dir='ltr'><strong>οὗ</strong></span> <span class='ocrx_word' id='word_1_15' title='bbox 2456 371 2565 443; x_wconf 73' lang='grc' dir='ltr'><strong>γάρ</strong></span> <span class='ocrx_word' id='word_1_16' title='bbox 2595 374 2628 440; x_wconf 71' lang='grc' dir='ltr'>ἡ</span> <span class='ocrx_word' id='word_1_17' title='bbox 2672 371 2765 426; x_wconf 79' lang='grc' dir='ltr'>τοῦ</span> <span class='ocrx_word' id='word_1_18' title='bbox 2810 375 3053 439; x_wconf 79' lang='grc' dir='ltr'>Μωσέως</span> <span class='ocrx_word' id='word_1_19' title='bbox 3105 376 3202 430; x_wconf 78' lang='grc' dir='ltr'><strong>καὶ</strong></span> <span class='ocrx_word' id='word_1_20' title='bbox 3264 375 3476 449; x_wconf 77' lang='grc' dir='ltr'>Ἀαρὼν</span> <span class='ocrx_word' id='word_1_21' title='bbox 3547 380 3787 451; x_wconf 68' lang='grc' dir='ltr'>ἀδελφὴ</span> 
     </span>
    </p>
   </div>
   <div class='ocr_carea' id='block_1_6' title="bbox 484 440 2067 529">
    <p class='ocr_par' dir='ltr' id='par_1_6' title="bbox 484 440 2067 529">
     <span class='ocr_line' id='line_1_6' title="bbox 484 440 2067 529; baseline 0.004 -30"><span class='ocrx_word' id='word_1_22' title='bbox 484 440 540 499; x_wconf 86' lang='lat' dir='ltr'><strong>et</strong></span> <span class='ocrx_word' id='word_1_23' title='bbox 569 444 802 521; x_wconf 85' lang='lat' dir='ltr'><strong>Aaronis</strong></span> <span class='ocrx_word' id='word_1_24' title='bbox 832 459 990 528; x_wconf 79' lang='lat' dir='ltr'><strong>soror</strong></span> <span class='ocrx_word' id='word_1_25' title='bbox 1032 445 1199 501; x_wconf 82' lang='lat' dir='ltr'><strong>Maria</strong></span> <span class='ocrx_word' id='word_1_26' title='bbox 1254 463 1377 504; x_wconf 90' lang='lat' dir='ltr'><strong>cum</strong></span> <span class='ocrx_word' id='word_1_27' title='bbox 1402 448 1682 516; x_wconf 66' lang='lat' dir='ltr'><strong>jfratrihus</strong></span> <span class='ocrx_word' id='word_1_28' title='bbox 1727 465 1790 505; x_wconf 79' lang='lat' dir='ltr'><strong>ex</strong></span> <span class='ocrx_word' id='word_1_29' title='bbox 1836 451 2067 529; x_wconf 71' lang='lat' dir='ltr'><strong>AZgypto</strong></span> 
     </span>
    </p>
   </div>
   <div class='ocr_carea' id='block_1_7' title="bbox 396 540 2066 610">
    <p class='ocr_par' dir='ltr' id='par_1_7' title="bbox 396 540 2066 610">
     <span class='ocr_line' id='line_1_7' title="bbox 396 540 2066 610; baseline 0.005 -18"><span class='ocrx_word' id='word_1_30' title='bbox 396 558 425 571; x_wconf 65' lang='grc' dir='ltr'><strong>π</strong></span> <span class='ocrx_word' id='word_1_31' title='bbox 485 548 703 606; x_wconf 83' lang='lat' dir='ltr'><strong>egressa</strong></span> <span class='ocrx_word' id='word_1_32' title='bbox 730 547 849 605; x_wconf 69' lang='lat' dir='ltr'><strong>est,</strong></span> <span class='ocrx_word' id='word_1_33' title='bbox 872 540 1125 610; x_wconf 84' lang='lat' dir='ltr'><strong>periodus</strong></span> <span class='ocrx_word' id='word_1_34' title='bbox 1158 541 1239 594; x_wconf 93' lang='lat' dir='ltr'><strong>bis</strong></span> <span class='ocrx_word' id='word_1_35' title='bbox 1275 542 1420 595; x_wconf 90' lang='lat' dir='ltr'><strong>mille</strong></span> <span class='ocrx_word' id='word_1_36' title='bbox 1448 556 1712 597; x_wconf 85' lang='lat' dir='ltr'><strong>annorum</strong></span> <span class='ocrx_word' id='word_1_37' title='bbox 1772 560 1957 610; x_wconf 57' lang='lat' dir='ltr'><strong>usque»</strong></span> <span class='ocrx_word' id='word_1_38' title='bbox 1999 546 2066 600; x_wconf 88' lang='lat' dir='ltr'><strong>ad</strong></span> 
     </span>
    </p>
   </div>
   <div class='ocr_carea' id='block_1_8' title="bbox 485 630 2064 709">
    <p class='ocr_par' dir='ltr' id='par_1_8' title="bbox 485 630 2064 709">
     <span class='ocr_line' id='line_1_8' title="bbox 485 630 2064 709; baseline 0.006 -25"><span class='ocrx_word' id='word_1_39' title='bbox 485 630 691 686; x_wconf 80' lang='lat' dir='ltr'><strong>Christi</strong></span> <span class='ocrx_word' id='word_1_40' title='bbox 722 633 777 685; x_wconf 92' lang='lat' dir='ltr'><strong>in</strong></span> <span class='ocrx_word' id='word_1_41' title='bbox 801 646 966 687; x_wconf 89' lang='lat' dir='ltr'><strong>carne</strong></span> <span class='ocrx_word' id='word_1_42' title='bbox 1000 634 1340 709; x_wconf 83' lang='lat' dir='ltr'><strong>nativitatem</strong></span> <span class='ocrx_word' id='word_1_43' title='bbox 1374 635 1521 705; x_wconf 79' lang='lat' dir='ltr'><strong>lapsa</strong></span> <span class='ocrx_word' id='word_1_44' title='bbox 1582 630 1685 693; x_wconf 90' lang='lat' dir='ltr'><strong>est.</strong></span> <span class='ocrx_word' id='word_1_45' title='bbox 1755 636 1876 692; x_wconf 86' lang='lat' dir='ltr'><strong>llaec</strong></span> <span class='ocrx_word' id='word_1_46' title='bbox 1938 654 2064 693; x_wconf 88' lang='lat' dir='ltr'><strong>vero</strong></span> 
     </span>
    </p>
   </div>
   <div class='ocr_carea' id='block_1_9' title="bbox 406 703 2069 797">
    <p class='ocr_par' dir='ltr' id='par_1_9' title="bbox 406 703 2069 797">
     <span class='ocr_line' id='line_1_9' title="bbox 406 703 2069 797; baseline 0.006 -25"><span class='ocrx_word' id='word_1_47' title='bbox 406 703 423 789; x_wconf 54' lang='grc' dir='ltr'>ζ</span> <span class='ocrx_word' id='word_1_48' title='bbox 470 710 655 775; x_wconf 79' lang='lat' dir='ltr'><strong>Maria</strong></span> <span class='ocrx_word' id='word_1_49' title='bbox 713 736 820 777; x_wconf 91' lang='lat' dir='ltr'><strong>non</strong></span> <span class='ocrx_word' id='word_1_50' title='bbox 855 724 1092 778; x_wconf 83' lang='lat' dir='ltr'><strong>excessit</strong></span> <span class='ocrx_word' id='word_1_51' title='bbox 1128 703 1437 780; x_wconf 83' lang='lat' dir='ltr'><strong>mensuram</strong></span> <span class='ocrx_word' id='word_1_52' title='bbox 1473 725 1596 781; x_wconf 67' lang='lat' dir='ltr'><strong>vita:</strong></span> <span class='ocrx_word' id='word_1_53' title='bbox 1639 729 1922 797; x_wconf 81' lang='lat' dir='ltr'><strong>mulierum</strong></span> <span class='ocrx_word' id='word_1_54' title='bbox 1954 729 2069 782; x_wconf 86' lang='lat' dir='ltr'><strong>illa-</strong></span> 
     </span>
    </p>
   </div>
   <div class='ocr_carea' id='block_1_10' title="bbox 412 800 2067 885">
    <p class='ocr_par' dir='ltr' id='par_1_10' title="bbox 412 800 2067 885">
     <span class='ocr_line' id='line_1_10' title="bbox 412 800 2067 885; baseline 0.005 -20"><span class='ocrx_word' id='word_1_55' title='bbox 412 800 424 865; x_wconf 68' lang='grc' dir='ltr'><strong>ἶ</strong></span> <span class='ocrx_word' id='word_1_56' title='bbox 486 818 607 866; x_wconf 72' lang='lat' dir='ltr'><strong>Ilum</strong></span> <span class='ocrx_word' id='word_1_57' title='bbox 663 827 783 881; x_wconf 70' lang='lat' dir='ltr'><strong>quae</strong></span> <span class='ocrx_word' id='word_1_58' title='bbox 842 828 1025 870; x_wconf 89' lang='lat' dir='ltr'><strong>secum</strong></span> <span class='ocrx_word' id='word_1_59' title='bbox 1073 826 1136 869; x_wconf 85' lang='lat' dir='ltr'><strong>ea</strong></span> <span class='ocrx_word' id='word_1_60' title='bbox 1174 824 1494 885; x_wconf 79' lang='lat' dir='ltr'><strong>tempestate</strong></span> <span class='ocrx_word' id='word_1_61' title='bbox 1555 818 1824 874; x_wconf 84' lang='lat' dir='ltr'><strong>vivebant.</strong></span> <span class='ocrx_word' id='word_1_62' title='bbox 1892 818 2067 874; x_wconf 86' lang='lat' dir='ltr'><strong>Mani-</strong></span> 
     </span>
    </p>
   </div>
   <div class='ocr_carea' id='block_1_11' title="bbox 488 902 2071 978">
    <p class='ocr_par' dir='ltr' id='par_1_11' title="bbox 488 902 2071 978">
     <span class='ocr_line' id='line_1_11' title="bbox 488 902 2071 978; baseline 0.007 -23"><span class='ocrx_word' id='word_1_63' title='bbox 488 902 683 955; x_wconf 82' lang='lat' dir='ltr'><strong>festum</strong></span> <span class='ocrx_word' id='word_1_64' title='bbox 761 919 892 974; x_wconf 79' lang='lat' dir='ltr'><strong>ergo</strong></span> <span class='ocrx_word' id='word_1_65' title='bbox 950 907 1291 962; x_wconf 83' lang='lat' dir='ltr'><strong>mendacium</strong></span> <span class='ocrx_word' id='word_1_66' title='bbox 1357 910 1578 978; x_wconf 83' lang='lat' dir='ltr'><strong>proprio</strong></span> <span class='ocrx_word' id='word_1_67' title='bbox 1641 920 1949 965; x_wconf 78' lang='lat' dir='ltr'><strong>commento</strong></span> <span class='ocrx_word' id='word_1_68' title='bbox 2015 921 2071 967; x_wconf 88' lang='lat' dir='ltr'><strong>et</strong></span> 
     </span>
    </p>
   </div>
   <div class='ocr_carea' id='block_1_12' title="bbox 432 992 2068 1068">
    <p class='ocr_par' dir='ltr' id='par_1_12' title="bbox 432 992 2068 1068">
     <span class='ocr_line' id='line_1_12' title="bbox 432 992 2068 1068; baseline 0.007 -25"><span class='ocrx_word' id='word_1_69' title='bbox 432 1020 437 1027; x_wconf 61' lang='grc' dir='ltr'><strong>ς</strong></span> <span class='ocrx_word' id='word_1_70' title='bbox 486 992 750 1047; x_wconf 87' lang='lat' dir='ltr'><strong>historica</strong></span> <span class='ocrx_word' id='word_1_71' title='bbox 787 996 888 1048; x_wconf 83' lang='lat' dir='ltr'><strong>ﬁde</strong></span> <span class='ocrx_word' id='word_1_72' title='bbox 948 1010 1221 1052; x_wconf 89' lang='lat' dir='ltr'><strong>eversum.</strong></span> <span class='ocrx_word' id='word_1_73' title='bbox 1263 996 1331 1052; x_wconf 85' lang='lat' dir='ltr'><strong>Et</strong></span> <span class='ocrx_word' id='word_1_74' title='bbox 1393 999 1664 1068; x_wconf 84' lang='lat' dir='ltr'><strong>quomodo</strong></span> <span class='ocrx_word' id='word_1_75' title='bbox 1714 996 1881 1053; x_wconf 87' lang='lat' dir='ltr'><strong>David</strong></span> <span class='ocrx_word' id='word_1_76' title='bbox 1924 1001 2068 1055; x_wconf 87' lang='lat' dir='ltr'><strong>inter</strong></span> 
     </span>
    </p>
   </div>
   <div class='ocr_carea' id='block_1_13' title="bbox 485 1080 2069 1160">
    <p class='ocr_par' dir='ltr' id='par_1_13' title="bbox 485 1080 2069 1160">
     <span class='ocr_line' id='line_1_13' title="bbox 485 1080 2069 1160; baseline 0.006 -25"><span class='ocrx_word' id='word_1_77' title='bbox 485 1080 693 1136; x_wconf 87' lang='lat' dir='ltr'><strong>Christi</strong></span> <span class='ocrx_word' id='word_1_78' title='bbox 751 1082 1004 1153; x_wconf 85' lang='lat' dir='ltr'><strong>majores,</strong></span> <span class='ocrx_word' id='word_1_79' title='bbox 1043 1090 1343 1142; x_wconf 87' lang='lat' dir='ltr'><strong>secundum</strong></span> <span class='ocrx_word' id='word_1_80' title='bbox 1385 1090 1677 1143; x_wconf 84' lang='lat' dir='ltr'><strong>humanam</strong></span> <span class='ocrx_word' id='word_1_81' title='bbox 1734 1091 1853 1160; x_wconf 83' lang='lat' dir='ltr'><strong>ejus</strong></span> <span class='ocrx_word' id='word_1_82' title='bbox 1910 1100 2069 1145; x_wconf 82' lang='lat' dir='ltr'><strong>natu-</strong></span> 
     </span>
    </p>
   </div>
   <div class='ocr_carea' id='block_1_14' title="bbox 486 1168 2071 1247">
    <p class='ocr_par' dir='ltr' id='par_1_14' title="bbox 486 1168 2071 1247">
     <span class='ocr_line' id='line_1_14' title="bbox 486 1168 2071 1247; baseline 0.008 -23"><span class='ocrx_word' id='word_1_83' title='bbox 486 1178 604 1224; x_wconf 80' lang='lat' dir='ltr'><strong>ra-n</strong></span> <span class='ocrx_word' id='word_1_84' title='bbox 645 1175 947 1241; x_wconf 79' lang='lat' dir='ltr'><strong>computari</strong></span> <span class='ocrx_word' id='word_1_85' title='bbox 973 1168 1157 1242; x_wconf 85' lang='lat' dir='ltr'><strong>queat,</strong></span> <span class='ocrx_word' id='word_1_86' title='bbox 1194 1179 1286 1247; x_wconf 92' lang='lat' dir='ltr'><strong>qui</strong></span> <span class='ocrx_word' id='word_1_87' title='bbox 1343 1189 1465 1246; x_wconf 89' lang='lat' dir='ltr'><strong>post</strong></span> <span class='ocrx_word' id='word_1_88' title='bbox 1513 1179 1717 1234; x_wconf 89' lang='lat' dir='ltr'><strong>obitum</strong></span> <span class='ocrx_word' id='word_1_89' title='bbox 1745 1180 1949 1244; x_wconf 75' lang='lat' dir='ltr'><strong>Mariae,</strong></span> <span class='ocrx_word' id='word_1_90' title='bbox 1982 1196 2071 1236; x_wconf 88' lang='lat' dir='ltr'><strong>so-</strong></span> 
     </span>
    </p>
   </div>
   <div class='ocr_carea' id='block_1_15' title="bbox 486 1259 2071 1337">
    <p class='ocr_par' dir='ltr' id='par_1_15' title="bbox 486 1259 2071 1337">
     <span class='ocr_line' id='line_1_15' title="bbox 486 1259 2071 1337; baseline 0.006 -24"><span class='ocrx_word' id='word_1_91' title='bbox 486 1260 628 1313; x_wconf 88' lang='lat' dir='ltr'><strong>roris</strong></span> <span class='ocrx_word' id='word_1_92' title='bbox 676 1259 837 1316; x_wconf 83' lang='lat' dir='ltr'><strong>Mosis</strong></span> <span class='ocrx_word' id='word_1_93' title='bbox 889 1265 1231 1330; x_wconf 81' lang='lat' dir='ltr'><strong>et&#39;Aaronis,</strong></span> <span class='ocrx_word' id='word_1_94' title='bbox 1268 1268 1454 1323; x_wconf 86' lang='lat' dir='ltr'><strong>multis</strong></span> <span class='ocrx_word' id='word_1_95' title='bbox 1486 1268 1645 1323; x_wconf 85' lang='lat' dir='ltr'><strong>annis</strong></span> <span class='ocrx_word' id='word_1_96' title='bbox 1675 1277 1859 1337; x_wconf 82' lang='lat' dir='ltr'><strong>postea</strong></span> <span class='ocrx_word' id='word_1_97' title='bbox 1890 1278 1945 1324; x_wconf 89' lang='lat' dir='ltr'><strong>et</strong></span> <span class='ocrx_word' id='word_1_98' title='bbox 1972 1284 2071 1323; x_wconf 84' lang='lat' dir='ltr'><strong>na-</strong></span> 
     </span>
    </p>
   </div>
   <div class='ocr_carea' id='block_1_16' title="bbox 408 1346 1748 1429">
    <p class='ocr_par' dir='ltr' id='par_1_16' title="bbox 408 1346 1748 1429">
     <span class='ocr_line' id='line_1_16' title="bbox 408 1346 1748 1429; baseline 0.009 -27"><span class='ocrx_word' id='word_1_99' title='bbox 408 1412 417 1419; x_wconf 25' lang='grc' dir='ltr'>ι</span> <span class='ocrx_word' id='word_1_100' title='bbox 489 1360 574 1407; x_wconf 91' lang='lat' dir='ltr'><strong>tus</strong></span> <span class='ocrx_word' id='word_1_101' title='bbox 597 1362 649 1407; x_wconf 89' lang='lat' dir='ltr'><strong>et</strong></span> <span class='ocrx_word' id='word_1_102' title='bbox 663 1346 919 1410; x_wconf 82' lang='lat' dir='ltr'><strong>educatus</strong></span> <span class='ocrx_word' id='word_1_103' title='bbox 938 1365 1040 1423; x_wconf 90' lang='lat' dir='ltr'><strong>est,</strong></span> <span class='ocrx_word' id='word_1_104' title='bbox 1074 1357 1379 1428; x_wconf 84' lang='lat' dir='ltr'><strong>liberosque</strong></span> <span class='ocrx_word' id='word_1_105' title='bbox 1400 1362 1748 1429; x_wconf 78' lang='lat' dir='ltr'><strong>procreavit?</strong></span> 
     </span>
    </p>
   </div>
   <div class='ocr_carea' id='block_1_17' title="bbox 512 1442 2070 1520">
    <p class='ocr_par' dir='ltr' id='par_1_17' title="bbox 512 1442 2070 1520">
     <span class='ocr_line' id='line_1_17' title="bbox 512 1442 2070 1520; baseline 0.011 -24"><span class='ocrx_word' id='word_1_106' title='bbox 512 1442 517 1445; x_wconf 79' lang='grc'><strong>’</strong></span> <span class='ocrx_word' id='word_1_107' title='bbox 564 1443 620 1498; x_wconf 86' lang='lat'><em>6.</em></span> <span class='ocrx_word' id='word_1_108' title='bbox 660 1442 816 1501; x_wconf 75' lang='lat' dir='ltr'><strong>Nullo</strong></span> <span class='ocrx_word' id='word_1_109' title='bbox 870 1458 1032 1517; x_wconf 87' lang='lat' dir='ltr'><strong>pacto</strong></span> <span class='ocrx_word' id='word_1_110' title='bbox 1057 1449 1223 1520; x_wconf 83' lang='lat' dir='ltr'><strong>igitur</strong></span> <span class='ocrx_word' id='word_1_111' title='bbox 1254 1453 1514 1508; x_wconf 87' lang='lat' dir='ltr'><strong>divinitus</strong></span> <span class='ocrx_word' id='word_1_112' title='bbox 1562 1455 1730 1509; x_wconf 81' lang='lat' dir='ltr'><strong>missa</strong></span> <span class='ocrx_word' id='word_1_113' title='bbox 1789 1463 1872 1511; x_wconf 82' lang='lat' dir='ltr'><strong>est</strong></span> <span class='ocrx_word' id='word_1_114' title='bbox 1932 1458 2070 1513; x_wconf 87' lang='lat' dir='ltr'><strong>scri-</strong></span> 
     </span>
    </p>
   </div>
   <div class='ocr_carea' id='block_1_18' title="bbox 434 1524 2070 1612">
    <p class='ocr_par' dir='ltr' id='par_1_18' title="bbox 434 1524 2070 1612">
     <span class='ocr_line' id='line_1_18' title="bbox 434 1524 2070 1612; baseline 0.01 -25"><span class='ocrx_word' id='word_1_115' title='bbox 434 1524 669 1605; x_wconf 42' lang='lat' dir='ltr'><strong>“ptt&#39;tra,</strong></span> <span class='ocrx_word' id='word_1_116' title='bbox 704 1551 822 1606; x_wconf 68' lang='lat' dir='ltr'><strong>qua:</strong></span> <span class='ocrx_word' id='word_1_117' title='bbox 890 1542 1014 1594; x_wconf 87' lang='lat' dir='ltr'><strong>talia</strong></span> <span class='ocrx_word' id='word_1_118' title='bbox 1045 1552 1298 1612; x_wconf 81' lang='lat' dir='ltr'><strong>nugatur,</strong></span> <span class='ocrx_word' id='word_1_119' title='bbox 1338 1554 1392 1598; x_wconf 91' lang='lat' dir='ltr'><strong>et</strong></span> <span class='ocrx_word' id='word_1_120' title='bbox 1446 1553 1593 1600; x_wconf 84' lang='lat' dir='ltr'><strong>tanta</strong></span> <span class='ocrx_word' id='word_1_121' title='bbox 1660 1548 2070 1604; x_wconf 73' lang='lat' dir='ltr'><strong>mendaciorum</strong></span> 
     </span>
    </p>
   </div>
   <div class='ocr_carea' id='block_1_19' title="bbox 420 1614 2071 1697">
    <p class='ocr_par' dir='ltr' id='par_1_19' title="bbox 420 1614 2071 1697">
     <span class='ocr_line' id='line_1_19' title="bbox 420 1614 2071 1697; baseline 0.01 -17"><span class='ocrx_word' id='word_1_122' title='bbox 420 1658 425 1663; x_wconf 64' lang='grc' dir='ltr'><strong>η</strong></span> <span class='ocrx_word' id='word_1_123' title='bbox 478 1614 757 1696; x_wconf 81' lang='lat' dir='ltr'><strong>portenta.</strong></span> <span class='ocrx_word' id='word_1_124' title='bbox 788 1630 843 1685; x_wconf 90' lang='lat' dir='ltr'><strong>Si</strong></span> <span class='ocrx_word' id='word_1_125' title='bbox 874 1634 1017 1687; x_wconf 90' lang='lat' dir='ltr'><strong>enim</strong></span> <span class='ocrx_word' id='word_1_126' title='bbox 1076 1632 1256 1689; x_wconf 81' lang='lat' dir='ltr'><strong>Mariae</strong></span> <span class='ocrx_word' id='word_1_127' title='bbox 1305 1638 1509 1691; x_wconf 82' lang='lat' dir='ltr'><strong>sororis</strong></span> <span class='ocrx_word' id='word_1_128' title='bbox 1570 1637 1739 1693; x_wconf 82' lang='lat' dir='ltr'><strong>Mosis</strong></span> <span class='ocrx_word' id='word_1_129' title='bbox 1794 1649 1849 1693; x_wconf 91' lang='lat' dir='ltr'><strong>et</strong></span> <span class='ocrx_word' id='word_1_130' title='bbox 1900 1641 2071 1697; x_wconf 80' lang='lat' dir='ltr'><strong>Aaro-</strong></span> 
     </span>
    </p>
   </div>
   <div class='ocr_carea' id='block_1_20' title="bbox 490 1721 2142 1799">
    <p class='ocr_par' dir='ltr' id='par_1_20' title="bbox 490 1721 2142 1799">
     <span class='ocr_line' id='line_1_20' title="bbox 490 1721 2142 1799; baseline 0.009 -26"><span class='ocrx_word' id='word_1_131' title='bbox 490 1721 574 1774; x_wconf 90' lang='lat' dir='ltr'><strong>nis</strong></span> <span class='ocrx_word' id='word_1_132' title='bbox 620 1721 759 1776; x_wconf 78' lang='lat' dir='ltr'><strong>titius</strong></span> <span class='ocrx_word' id='word_1_133' title='bbox 791 1736 935 1781; x_wconf 88' lang='lat' dir='ltr'><strong>esset</strong></span> <span class='ocrx_word' id='word_1_134' title='bbox 964 1724 1241 1791; x_wconf 77' lang='lat' dir='ltr'><strong>Christus,</strong></span> <span class='ocrx_word' id='word_1_135' title='bbox 1297 1730 1669 1797; x_wconf 87' lang='lat' dir='ltr'><strong>conveniebat,</strong></span> <span class='ocrx_word' id='word_1_136' title='bbox 1727 1729 1901 1799; x_wconf 89' lang='lat' dir='ltr'><strong>ipsum</strong></span> <span class='ocrx_word' id='word_1_137' title='bbox 1945 1747 2067 1787; x_wconf 91' lang='lat' dir='ltr'><strong>cum</strong></span> <span class='ocrx_word' id='word_1_138' title='bbox 2098 1724 2142 1779; x_wconf 84' lang='grc' dir='ltr'><strong>Β</strong></span> 
     </span>
    </p>
   </div>
   <div class='ocr_carea' id='block_1_21' title="bbox 488 1804 2074 1888">
    <p class='ocr_par' dir='ltr' id='par_1_21' title="bbox 488 1804 2074 1888">
     <span class='ocr_line' id='line_1_21' title="bbox 488 1804 2074 1888; baseline 0.008 -21"><span class='ocrx_word' id='word_1_139' title='bbox 488 1814 680 1869; x_wconf 88' lang='lat' dir='ltr'><strong>Pontio</strong></span> <span class='ocrx_word' id='word_1_140' title='bbox 734 1816 904 1872; x_wconf 80' lang='lat' dir='ltr'><strong>Pilato</strong></span> <span class='ocrx_word' id='word_1_141' title='bbox 935 1804 1260 1888; x_wconf 72' lang='lat' dir='ltr'><strong>iudicandus</strong></span> <span class='ocrx_word' id='word_1_142' title='bbox 1298 1829 1523 1886; x_wconf 89' lang='lat' dir='ltr'><strong>astaret,</strong></span> <span class='ocrx_word' id='word_1_143' title='bbox 1578 1834 1833 1877; x_wconf 72' lang='lat' dir='ltr'><strong>extrema:</strong></span> <span class='ocrx_word' id='word_1_144' title='bbox 1890 1825 2074 1879; x_wconf 65' lang='lat' dir='ltr'><strong>aetatis</strong></span> 
     </span>
    </p>
   </div>
   <div class='ocr_carea' id='block_1_22' title="bbox 487 1908 2070 1983">
    <p class='ocr_par' dir='ltr' id='par_1_22' title="bbox 487 1908 2070 1983">
     <span class='ocr_line' id='line_1_22' title="bbox 487 1908 2070 1983; baseline 0.008 -25"><span class='ocrx_word' id='word_1_145' title='bbox 487 1920 625 1965; x_wconf 75' lang='lat' dir='ltr'><strong>esse,</strong></span> <span class='ocrx_word' id='word_1_146' title='bbox 655 1915 709 1961; x_wconf 90' lang='lat' dir='ltr'><strong>et</strong></span> <span class='ocrx_word' id='word_1_147' title='bbox 740 1908 902 1961; x_wconf 84' lang='lat' dir='ltr'><strong>veluti</strong></span> <span class='ocrx_word' id='word_1_148' title='bbox 945 1910 1177 1965; x_wconf 85' lang='lat' dir='ltr'><strong>hominis</strong></span> <span class='ocrx_word' id='word_1_149' title='bbox 1202 1911 1455 1981; x_wconf 84' lang='lat' dir='ltr'><strong>reliquias</strong></span> <span class='ocrx_word' id='word_1_150' title='bbox 1493 1930 1507 1966; x_wconf 89' lang='lat'><strong>:</strong></span> <span class='ocrx_word' id='word_1_151' title='bbox 1570 1921 1754 1982; x_wconf 89' lang='lat' dir='ltr'><strong>utpote</strong></span> <span class='ocrx_word' id='word_1_152' title='bbox 1812 1917 1900 1983; x_wconf 87' lang='lat' dir='ltr'><strong>qui</strong></span> <span class='ocrx_word' id='word_1_153' title='bbox 1960 1924 2070 1971; x_wconf 88' lang='lat' dir='ltr'><strong>tam</strong></span> 
     </span>
    </p>
   </div>
   <div class='ocr_carea' id='block_1_23' title="bbox 490 1998 2069 2070">
    <p class='ocr_par' dir='ltr' id='par_1_23' title="bbox 490 1998 2069 2070">
     <span class='ocr_line' id='line_1_23' title="bbox 490 1998 2069 2070; baseline 0.006 -21"><span class='ocrx_word' id='word_1_154' title='bbox 490 1998 673 2049; x_wconf 86' lang='lat' dir='ltr'><strong>multis</strong></span> <span class='ocrx_word' id='word_1_155' title='bbox 707 1999 885 2063; x_wconf 84' lang='lat' dir='ltr'><strong>anuis,</strong></span> <span class='ocrx_word' id='word_1_156' title='bbox 928 2001 1019 2068; x_wconf 88' lang='lat' dir='ltr'><strong>qui</strong></span> <span class='ocrx_word' id='word_1_157' title='bbox 1051 2000 1252 2054; x_wconf 85' lang='lat' dir='ltr'><strong>interea</strong></span> <span class='ocrx_word' id='word_1_158' title='bbox 1323 2003 1454 2069; x_wconf 83' lang='lat' dir='ltr'><strong>lapsi</strong></span> <span class='ocrx_word' id='word_1_159' title='bbox 1486 2011 1633 2068; x_wconf 85' lang='lat' dir='ltr'><strong>sunt,</strong></span> <span class='ocrx_word' id='word_1_160' title='bbox 1700 2003 1957 2070; x_wconf 89' lang='lat' dir='ltr'><strong>paulatim</strong></span> <span class='ocrx_word' id='word_1_161' title='bbox 2012 2013 2069 2059; x_wconf 92' lang='lat' dir='ltr'><strong>et</strong></span> 
     </span>
    </p>
   </div>
   <div class='ocr_carea' id='block_1_24' title="bbox 491 2089 2066 2159">
    <p class='ocr_par' dir='ltr' id='par_1_24' title="bbox 491 2089 2066 2159">
     <span class='ocr_line' id='line_1_24' title="bbox 491 2089 2066 2159; baseline 0.006 -20"><span class='ocrx_word' id='word_1_162' title='bbox 491 2089 692 2142; x_wconf 87' lang='lat' dir='ltr'><strong>sensim</strong></span> <span class='ocrx_word' id='word_1_163' title='bbox 748 2102 1101 2159; x_wconf 90' lang='lat' dir='ltr'><strong>consumptus</strong></span> <span class='ocrx_word' id='word_1_164' title='bbox 1140 2102 1306 2151; x_wconf 86' lang='lat' dir='ltr'><strong>esset.</strong></span> <span class='ocrx_word' id='word_1_165' title='bbox 1354 2093 1622 2148; x_wconf 58' lang='lat' dir='ltr'><strong>Praeterea</strong></span> <span class='ocrx_word' id='word_1_166' title='bbox 1664 2108 1771 2147; x_wconf 90' lang='lat' dir='ltr'><strong>non</strong></span> <span class='ocrx_word' id='word_1_167' title='bbox 1818 2096 2066 2149; x_wconf 83' lang='lat' dir='ltr'><strong>umbram</strong></span> 
     </span>
    </p>
   </div>
   <div class='ocr_carea' id='block_1_25' title="bbox 489 2180 2068 2252">
    <p class='ocr_par' dir='ltr' id='par_1_25' title="bbox 489 2180 2068 2252">
     <span class='ocr_line' id='line_1_25' title="bbox 489 2180 2068 2252; baseline 0.006 -18"><span class='ocrx_word' id='word_1_168' title='bbox 489 2180 716 2247; x_wconf 87' lang='lat' dir='ltr'><strong>Christi,</strong></span> <span class='ocrx_word' id='word_1_169' title='bbox 746 2184 1024 2252; x_wconf 87' lang='lat' dir='ltr'><strong>sedipsum</strong></span> <span class='ocrx_word' id='word_1_170' title='bbox 1042 2184 1319 2241; x_wconf 86' lang='lat' dir='ltr'><strong>Christum</strong></span> <span class='ocrx_word' id='word_1_171' title='bbox 1338 2187 1659 2242; x_wconf 79' lang='lat' dir='ltr'><strong>cruciﬁxum</strong></span> <span class='ocrx_word' id='word_1_172' title='bbox 1690 2202 1812 2245; x_wconf 90' lang='lat' dir='ltr'><strong>esse</strong></span> <span class='ocrx_word' id='word_1_173' title='bbox 1866 2200 2068 2243; x_wconf 81' lang='lat' dir='ltr'><strong>secun-</strong></span> 
     </span>
    </p>
   </div>
   <div class='ocr_carea' id='block_1_26' title="bbox 493 2273 2071 2349">
    <p class='ocr_par' dir='ltr' id='par_1_26' title="bbox 493 2273 2071 2349">
     <span class='ocr_line' id='line_1_26' title="bbox 493 2273 2071 2349; baseline 0.007 -24"><span class='ocrx_word' id='word_1_174' title='bbox 493 2273 619 2326; x_wconf 87' lang='lat' dir='ltr'><strong>dum</strong></span> <span class='ocrx_word' id='word_1_175' title='bbox 647 2289 888 2341; x_wconf 87' lang='lat' dir='ltr'><strong>carnem,</strong></span> <span class='ocrx_word' id='word_1_176' title='bbox 920 2276 1161 2332; x_wconf 88' lang='lat' dir='ltr'><strong>declarat</strong></span> <span class='ocrx_word' id='word_1_177' title='bbox 1210 2280 1449 2347; x_wconf 84' lang='lat' dir='ltr'><strong>sanguis,</strong></span> <span class='ocrx_word' id='word_1_178' title='bbox 1485 2280 1579 2349; x_wconf 88' lang='lat' dir='ltr'><strong>qui</strong></span> <span class='ocrx_word' id='word_1_179' title='bbox 1616 2284 1682 2335; x_wconf 92' lang='lat' dir='ltr'><strong>de</strong></span> <span class='ocrx_word' id='word_1_180' title='bbox 1726 2280 2071 2336; x_wconf 83' lang='lat' dir='ltr'><strong>sanctissimo</strong></span> 
     </span>
    </p>
   </div>
   <div class='ocr_carea' id='block_1_27' title="bbox 494 2368 2067 2445">
    <p class='ocr_par' dir='ltr' id='par_1_27' title="bbox 494 2368 2067 2445">
     <span class='ocr_line' id='line_1_27' title="bbox 494 2368 2067 2445; baseline 0.009 -26"><span class='ocrx_word' id='word_1_181' title='bbox 494 2368 665 2435; x_wconf 74' lang='lat' dir='ltr'><strong>ipsius</strong></span> <span class='ocrx_word' id='word_1_182' title='bbox 700 2383 922 2439; x_wconf 87' lang='lat' dir='ltr'><strong>corpore</strong></span> <span class='ocrx_word' id='word_1_183' title='bbox 954 2370 1197 2437; x_wconf 84' lang='lat' dir='ltr'><strong>deﬂuxit,</strong></span> <span class='ocrx_word' id='word_1_184' title='bbox 1228 2374 1319 2442; x_wconf 89' lang='lat' dir='ltr'><strong>qui</strong></span> <span class='ocrx_word' id='word_1_185' title='bbox 1352 2375 1528 2429; x_wconf 86' lang='lat' dir='ltr'><strong>adhuc</strong></span> <span class='ocrx_word' id='word_1_186' title='bbox 1555 2374 1696 2445; x_wconf 89' lang='lat' dir='ltr'><strong>apud</strong></span> <span class='ocrx_word' id='word_1_187' title='bbox 1720 2374 2067 2433; x_wconf 88' lang='lat' dir='ltr'><strong>Christianos</strong></span> 
     </span>
    </p>
   </div>
   <div class='ocr_carea' id='block_1_28' title="bbox 499 2464 2067 2535">
    <p class='ocr_par' dir='ltr' id='par_1_28' title="bbox 499 2464 2067 2535">
     <span class='ocr_line' id='line_1_28' title="bbox 499 2464 2067 2535; baseline 0.008 -24"><span class='ocrx_word' id='word_1_188' title='bbox 499 2471 855 2515; x_wconf 89' lang='lat' dir='ltr'><strong>conservatur</strong></span> <span class='ocrx_word' id='word_1_189' title='bbox 890 2472 945 2518; x_wconf 83' lang='lat' dir='ltr'><strong>et</strong></span> <span class='ocrx_word' id='word_1_190' title='bbox 976 2465 1292 2519; x_wconf 84' lang='lat' dir='ltr'><strong>sanationes</strong></span> <span class='ocrx_word' id='word_1_191' title='bbox 1326 2464 1673 2534; x_wconf 77' lang='lat' dir='ltr'><strong>scaturiginis</strong></span> <span class='ocrx_word' id='word_1_192' title='bbox 1715 2467 1887 2523; x_wconf 89' lang='lat' dir='ltr'><strong>instar</strong></span> <span class='ocrx_word' id='word_1_193' title='bbox 1917 2468 2067 2535; x_wconf 88' lang='lat' dir='ltr'><strong>edit,</strong></span> 
     </span>
    </p>
   </div>
   <div class='ocr_carea' id='block_1_29' title="bbox 496 2552 2071 2620">
    <p class='ocr_par' dir='ltr' id='par_1_29' title="bbox 496 2552 2071 2620">
     <span class='ocr_line' id='line_1_29' title="bbox 496 2552 2071 2620; baseline 0.008 -18"><span class='ocrx_word' id='word_1_194' title='bbox 496 2552 899 2620; x_wconf 88' lang='lat' dir='ltr'><strong>multorumque</strong></span> <span class='ocrx_word' id='word_1_195' title='bbox 931 2554 1316 2610; x_wconf 90' lang='lat' dir='ltr'><strong>miraculorum</strong></span> <span class='ocrx_word' id='word_1_196' title='bbox 1363 2557 1674 2612; x_wconf 80' lang='lat' dir='ltr'><strong>testimonio</strong></span> <span class='ocrx_word' id='word_1_197' title='bbox 1717 2557 1922 2613; x_wconf 90' lang='lat' dir='ltr'><strong>Christi</strong></span> <span class='ocrx_word' id='word_1_198' title='bbox 1950 2572 2071 2613; x_wconf 88' lang='lat' dir='ltr'><strong>esse</strong></span> 
     </span>
    </p>
   </div>
   <div class='ocr_carea' id='block_1_30' title="bbox 495 2636 2072 2720">
    <p class='ocr_par' dir='ltr' id='par_1_30' title="bbox 495 2636 2072 2720">
     <span class='ocr_line' id='line_1_30' title="bbox 495 2636 2072 2720; baseline 0.008 -27"><span class='ocrx_word' id='word_1_199' title='bbox 495 2636 903 2710; x_wconf 84' lang='lat' dir='ltr'><strong>comprobatur.</strong></span> <span class='ocrx_word' id='word_1_200' title='bbox 932 2644 1072 2710; x_wconf 88' lang='lat' dir='ltr'><strong>Quin</strong></span> <span class='ocrx_word' id='word_1_201' title='bbox 1108 2656 1159 2701; x_wconf 92' lang='lat' dir='ltr'><strong>et</strong></span> <span class='ocrx_word' id='word_1_202' title='bbox 1192 2646 1465 2717; x_wconf 70' lang='lat' dir='ltr'><strong>prophetae</strong></span> <span class='ocrx_word' id='word_1_203' title='bbox 1512 2649 1580 2704; x_wconf 84' lang='lat' dir='ltr'><strong>de</strong></span> <span class='ocrx_word' id='word_1_204' title='bbox 1614 2649 1782 2719; x_wconf 87' lang='lat' dir='ltr'><strong>ipsius</strong></span> <span class='ocrx_word' id='word_1_205' title='bbox 1806 2650 2072 2720; x_wconf 86' lang='lat' dir='ltr'><strong>supplicio</strong></span> 
     </span>
    </p>
   </div>
   <div class='ocr_carea' id='block_1_31' title="bbox 412 2738 2072 2816">
    <p class='ocr_par' dir='ltr' id='par_1_31' title="bbox 412 2738 2072 2816">
     <span class='ocr_line' id='line_1_31' title="bbox 412 2738 2072 2816; baseline 0.008 -28"><span class='ocrx_word' id='word_1_206' title='bbox 412 2802 413 2805; x_wconf 19' lang='grc' dir='ltr'><strong>η</strong></span> <span class='ocrx_word' id='word_1_207' title='bbox 474 2738 695 2815; x_wconf 71' lang='lat' dir='ltr'><strong>crucis,</strong></span> <span class='ocrx_word' id='word_1_208' title='bbox 721 2739 893 2809; x_wconf 85' lang='lat' dir='ltr'><strong>deque</strong></span> <span class='ocrx_word' id='word_1_209' title='bbox 922 2739 988 2794; x_wconf 92' lang='lat' dir='ltr'><strong>iis</strong></span> <span class='ocrx_word' id='word_1_210' title='bbox 1017 2756 1136 2811; x_wconf 68' lang='lat' dir='ltr'><strong>qua:</strong></span> <span class='ocrx_word' id='word_1_211' title='bbox 1158 2742 1287 2797; x_wconf 89' lang='lat' dir='ltr'><strong>illud</strong></span> <span class='ocrx_word' id='word_1_212' title='bbox 1318 2752 1742 2811; x_wconf 87' lang='lat' dir='ltr'><strong>antecesserunt,</strong></span> <span class='ocrx_word' id='word_1_213' title='bbox 1789 2759 2072 2816; x_wconf 76' lang='lat' dir='ltr'><strong>perspicue</strong></span> 
     </span>
    </p>
   </div>
   <div class='ocr_carea' id='block_1_32' title="bbox 492 2829 2074 2907">
    <p class='ocr_par' dir='ltr' id='par_1_32' title="bbox 492 2829 2074 2907">
     <span class='ocr_line' id='line_1_32' title="bbox 492 2829 2074 2907; baseline 0.009 -30"><span class='ocrx_word' id='word_1_214' title='bbox 492 2829 771 2882; x_wconf 78' lang='lat' dir='ltr'><strong>vaticinati</strong></span> <span class='ocrx_word' id='word_1_215' title='bbox 822 2838 950 2887; x_wconf 87' lang='lat' dir='ltr'><strong>sunt</strong></span> <span class='ocrx_word' id='word_1_216' title='bbox 984 2849 998 2887; x_wconf 91' lang='lat'><strong>:</strong></span> <span class='ocrx_word' id='word_1_217' title='bbox 1046 2843 1102 2887; x_wconf 91' lang='lat' dir='ltr'><strong>ut</strong></span> <span class='ocrx_word' id='word_1_218' title='bbox 1128 2836 1241 2905; x_wconf 87' lang='lat' dir='ltr'><strong>jam</strong></span> <span class='ocrx_word' id='word_1_219' title='bbox 1272 2848 1336 2890; x_wconf 76' lang='lat' dir='ltr'><strong>ex</strong></span> <span class='ocrx_word' id='word_1_220' title='bbox 1367 2836 1588 2905; x_wconf 84' lang='lat' dir='ltr'><strong>reliquis</strong></span> <span class='ocrx_word' id='word_1_221' title='bbox 1617 2837 1915 2900; x_wconf 66' lang='lat' dir='ltr'><strong>Scriptura:</strong></span> <span class='ocrx_word' id='word_1_222' title='bbox 1946 2851 2074 2907; x_wconf 79' lang='lat' dir='ltr'><strong>par-</strong></span> 
     </span>
    </p>
   </div>
   <div class='ocr_carea' id='block_1_33' title="bbox 494 2921 2072 3001">
    <p class='ocr_par' dir='ltr' id='par_1_33' title="bbox 494 2921 2072 3001">
     <span class='ocr_line' id='line_1_33' title="bbox 494 2921 2072 3001; baseline 0.008 -28"><span class='ocrx_word' id='word_1_223' title='bbox 494 2921 637 2975; x_wconf 87' lang='lat' dir='ltr'><strong>tibus</strong></span> <span class='ocrx_word' id='word_1_224' title='bbox 696 2923 1043 2991; x_wconf 83' lang='lat' dir='ltr'><strong>probationes</strong></span> <span class='ocrx_word' id='word_1_225' title='bbox 1074 2928 1411 2994; x_wconf 89' lang='lat' dir='ltr'><strong>omittamus,</strong></span> <span class='ocrx_word' id='word_1_226' title='bbox 1464 2944 1600 2999; x_wconf 87' lang='lat' dir='ltr'><strong>quas</strong></span> <span class='ocrx_word' id='word_1_227' title='bbox 1629 2929 1861 2998; x_wconf 76' lang='lat' dir='ltr'><strong>Agareni</strong></span> <span class='ocrx_word' id='word_1_228' title='bbox 1894 2945 2072 3001; x_wconf 87' lang='lat' dir='ltr'><strong>neque</strong></span> 
     </span>
    </p>
   </div>
   <div class='ocr_carea' id='block_1_34' title="bbox 494 3011 1396 3084">
    <p class='ocr_par' dir='ltr' id='par_1_34' title="bbox 494 3011 1396 3084">
     <span class='ocr_line' id='line_1_34' title="bbox 494 3011 1396 3084; baseline 0.01 -20"><span class='ocrx_word' id='word_1_229' title='bbox 494 3011 694 3076; x_wconf 87' lang='lat' dir='ltr'><strong>sciunt,</strong></span> <span class='ocrx_word' id='word_1_230' title='bbox 721 3030 895 3084; x_wconf 89' lang='lat' dir='ltr'><strong>neque</strong></span> <span class='ocrx_word' id='word_1_231' title='bbox 934 3030 1063 3071; x_wconf 88' lang='lat' dir='ltr'><strong>sane</strong></span> <span class='ocrx_word' id='word_1_232' title='bbox 1086 3019 1396 3073; x_wconf 86' lang='lat' dir='ltr'><strong>admittunt.</strong></span> 
     </span>
    </p>
   </div>
   <div class='ocr_carea' id='block_1_35' title="bbox 566 3104 2071 3183">
    <p class='ocr_par' dir='ltr' id='par_1_35' title="bbox 566 3104 2071 3183">
     <span class='ocr_line' id='line_1_35' title="bbox 566 3104 2071 3183; baseline 0.009 -27"><span class='ocrx_word' id='word_1_233' title='bbox 566 3106 617 3156; x_wconf 86' lang='lat'><strong>&#39;7.</strong></span> <span class='ocrx_word' id='word_1_234' title='bbox 654 3104 771 3159; x_wconf 84' lang='lat' dir='ltr'><strong>Jam</strong></span> <span class='ocrx_word' id='word_1_235' title='bbox 807 3124 957 3173; x_wconf 87' lang='lat' dir='ltr'><strong>vero,</strong></span> <span class='ocrx_word' id='word_1_236' title='bbox 995 3111 1137 3179; x_wconf 86' lang='lat' dir='ltr'><strong>quod</strong></span> <span class='ocrx_word' id='word_1_237' title='bbox 1169 3113 1301 3165; x_wconf 85' lang='lat' dir='ltr'><strong>dicit</strong></span> <span class='ocrx_word' id='word_1_238' title='bbox 1336 3113 1421 3167; x_wconf 90' lang='lat' dir='ltr'><strong>ille</strong></span> <span class='ocrx_word' id='word_1_239' title='bbox 1456 3108 1621 3166; x_wconf 82' lang='lat' dir='ltr'><strong>Deum</strong></span> <span class='ocrx_word' id='word_1_240' title='bbox 1654 3114 1905 3183; x_wconf 81' lang='lat' dir='ltr'><strong>ignorare</strong></span> <span class='ocrx_word' id='word_1_241' title='bbox 1942 3130 2071 3170; x_wconf 88' lang='lat' dir='ltr'><strong>num</strong></span> 
     </span>
    </p>
   </div>
   <div class='ocr_carea' id='block_1_36' title="bbox 493 3197 2072 3276">
    <p class='ocr_par' dir='ltr' id='par_1_36' title="bbox 493 3197 2072 3276">
     <span class='ocr_line' id='line_1_36' title="bbox 493 3197 2072 3276; baseline 0.008 -26"><span class='ocrx_word' id='word_1_242' title='bbox 493 3197 746 3253; x_wconf 89' lang='lat' dir='ltr'><strong>Christus</strong></span> <span class='ocrx_word' id='word_1_243' title='bbox 772 3200 1014 3257; x_wconf 79' lang='lat' dir='ltr'><strong>hamines</strong></span> <span class='ocrx_word' id='word_1_244' title='bbox 1040 3202 1286 3258; x_wconf 82' lang='lat' dir='ltr'><strong>docuerit</strong></span> <span class='ocrx_word' id='word_1_245' title='bbox 1308 3206 1449 3274; x_wconf 87' lang='lat' dir='ltr'><strong>quod</strong></span> <span class='ocrx_word' id='word_1_246' title='bbox 1474 3207 1544 3258; x_wconf 86' lang='lat' dir='ltr'><strong>sit</strong></span> <span class='ocrx_word' id='word_1_247' title='bbox 1580 3204 1719 3260; x_wconf 85' lang='lat' dir='ltr'><strong>Deus</strong></span> <span class='ocrx_word' id='word_1_248' title='bbox 1748 3207 1912 3261; x_wconf 82' lang='lat' dir='ltr'><strong>etiam</strong></span> <span class='ocrx_word' id='word_1_249' title='bbox 1936 3208 2072 3276; x_wconf 89' lang='lat' dir='ltr'><strong>ipse,</strong></span> 
     </span>
    </p>
   </div>
   <div class='ocr_carea' id='block_1_37' title="bbox 494 3293 2069 3366">
    <p class='ocr_par' dir='ltr' id='par_1_37' title="bbox 494 3293 2069 3366">
     <span class='ocr_line' id='line_1_37' title="bbox 494 3293 2069 3366; baseline 0.008 -25"><span class='ocrx_word' id='word_1_250' title='bbox 494 3299 546 3341; x_wconf 85' lang='lat' dir='ltr'><strong>ct</strong></span> <span class='ocrx_word' id='word_1_251' title='bbox 570 3297 852 3357; x_wconf 82' lang='lat' dir='ltr'><strong>propterea</strong></span> <span class='ocrx_word' id='word_1_252' title='bbox 895 3293 1067 3358; x_wconf 88' lang='lat' dir='ltr'><strong>ipsum</strong></span> <span class='ocrx_word' id='word_1_253' title='bbox 1099 3294 1437 3365; x_wconf 82' lang='lat' dir='ltr'><strong>interrogare</strong></span> <span class='ocrx_word' id='word_1_254' title='bbox 1466 3306 1559 3349; x_wconf 89' lang='lat' dir='ltr'><strong>:et</strong></span> <span class='ocrx_word' id='word_1_255' title='bbox 1593 3298 1708 3365; x_wconf 92' lang='lat' dir='ltr'><strong>ipso</strong></span> <span class='ocrx_word' id='word_1_256' title='bbox 1733 3300 1833 3351; x_wconf 89' lang='lat' dir='ltr'><strong>hoc</strong></span> <span class='ocrx_word' id='word_1_257' title='bbox 1861 3314 2069 3366; x_wconf 75' lang='lat' dir='ltr'><strong>negan-</strong></span> 
     </span>
    </p>
   </div>
   <div class='ocr_carea' id='block_1_38' title="bbox 496 3378 2072 3453">
    <p class='ocr_par' dir='ltr' id='par_1_38' title="bbox 496 3378 2072 3453">
     <span class='ocr_line' id='line_1_38' title="bbox 496 3378 2072 3453; baseline 0.009 -22"><span class='ocrx_word' id='word_1_258' title='bbox 496 3388 571 3442; x_wconf 85' lang='lat' dir='ltr'><strong>te,</strong></span> <span class='ocrx_word' id='word_1_259' title='bbox 598 3378 761 3432; x_wconf 87' lang='lat' dir='ltr'><strong>Deum</strong></span> <span class='ocrx_word' id='word_1_260' title='bbox 796 3380 961 3435; x_wconf 87' lang='lat' dir='ltr'><strong>veluti</strong></span> <span class='ocrx_word' id='word_1_261' title='bbox 1022 3383 1321 3453; x_wconf 72' lang='lat' dir='ltr'><strong>apologiam</strong></span> <span class='ocrx_word' id='word_1_262' title='bbox 1381 3385 1548 3453; x_wconf 88' lang='lat' dir='ltr'><strong>ipsius</strong></span> <span class='ocrx_word' id='word_1_263' title='bbox 1602 3397 1652 3441; x_wconf 86' lang='lat' dir='ltr'><strong>et</strong></span> <span class='ocrx_word' id='word_1_264' title='bbox 1704 3388 2072 3445; x_wconf 80' lang='lat' dir='ltr'><strong>defensionem</strong></span> 
     </span>
    </p>
   </div>
   <div class='ocr_carea' id='block_1_39' title="bbox 497 3468 2075 3543">
    <p class='ocr_par' dir='ltr' id='par_1_39' title="bbox 497 3468 2075 3543">
     <span class='ocr_line' id='line_1_39' title="bbox 497 3468 2075 3543; baseline 0.011 -26"><span class='ocrx_word' id='word_1_265' title='bbox 497 3468 752 3536; x_wconf 83' lang='lat' dir='ltr'><strong>probasse</strong></span> <span class='ocrx_word' id='word_1_266' title='bbox 794 3486 809 3524; x_wconf 92' lang='lat'><strong>:</strong></span> <span class='ocrx_word' id='word_1_267' title='bbox 844 3470 945 3524; x_wconf 90' lang='lat' dir='ltr'><strong>hoc</strong></span> <span class='ocrx_word' id='word_1_268' title='bbox 974 3486 1103 3527; x_wconf 90' lang='lat' dir='ltr'><strong>vero</strong></span> <span class='ocrx_word' id='word_1_269' title='bbox 1146 3488 1322 3527; x_wconf 88' lang='lat' dir='ltr'><strong>annon</strong></span> <span class='ocrx_word' id='word_1_270' title='bbox 1356 3476 1547 3543; x_wconf 89' lang='lat' dir='ltr'><strong>quavis</strong></span> <span class='ocrx_word' id='word_1_271' title='bbox 1595 3476 1945 3534; x_wconf 85' lang='lat' dir='ltr'><strong>damnatione</strong></span> <span class='ocrx_word' id='word_1_272' title='bbox 1994 3481 2075 3535; x_wconf 88' lang='lat' dir='ltr'><strong>di-</strong></span> 
     </span>
    </p>
   </div>
   <div class='ocr_carea' id='block_1_40' title="bbox 495 3562 2071 3639">
    <p class='ocr_par' dir='ltr' id='par_1_40' title="bbox 495 3562 2071 3639">
     <span class='ocr_line' id='line_1_40' title="bbox 495 3562 2071 3639; baseline 0.011 -28"><span class='ocrx_word' id='word_1_273' title='bbox 495 3577 657 3627; x_wconf 81' lang='lat' dir='ltr'><strong>gutnn</strong></span> <span class='ocrx_word' id='word_1_274' title='bbox 682 3562 802 3615; x_wconf 81' lang='lat' dir='ltr'><strong>est?</strong></span> <span class='ocrx_word' id='word_1_275' title='bbox 824 3563 1104 3629; x_wconf 90' lang='lat' dir='ltr'><strong>Quomodo</strong></span> <span class='ocrx_word' id='word_1_276' title='bbox 1133 3566 1278 3620; x_wconf 89' lang='lat' dir='ltr'><strong>enim</strong></span> <span class='ocrx_word' id='word_1_277' title='bbox 1312 3564 1455 3622; x_wconf 87' lang='lat' dir='ltr'><strong>Deus</strong></span> <span class='ocrx_word' id='word_1_278' title='bbox 1480 3576 1583 3633; x_wconf 87' lang='lat' dir='ltr'><strong>est,</strong></span> <span class='ocrx_word' id='word_1_279' title='bbox 1643 3570 1686 3624; x_wconf 93' lang='lat' dir='ltr'><strong>si</strong></span> <span class='ocrx_word' id='word_1_280' title='bbox 1746 3586 1865 3639; x_wconf 68' lang='lat' dir='ltr'><strong>quae</strong></span> <span class='ocrx_word' id='word_1_281' title='bbox 1916 3573 2071 3639; x_wconf 80' lang='lat' dir='ltr'><strong>ﬁunt,</strong></span> 
     </span>
    </p>
   </div>
   <div class='ocr_carea' id='block_1_41' title="bbox 499 3657 2071 3734">
    <p class='ocr_par' dir='ltr' id='par_1_41' title="bbox 499 3657 2071 3734">
     <span class='ocr_line' id='line_1_41' title="bbox 499 3657 2071 3734; baseline 0.01 -29"><span class='ocrx_word' id='word_1_282' title='bbox 499 3657 750 3723; x_wconf 81' lang='lat' dir='ltr'><strong>ignorat?</strong></span> <span class='ocrx_word' id='word_1_283' title='bbox 777 3657 1057 3723; x_wconf 88' lang='lat' dir='ltr'><strong>Quomodo</strong></span> <span class='ocrx_word' id='word_1_284' title='bbox 1086 3658 1357 3726; x_wconf 87' lang='lat' dir='ltr'><strong>Christus,</strong></span> <span class='ocrx_word' id='word_1_285' title='bbox 1389 3662 1482 3732; x_wconf 89' lang='lat' dir='ltr'><strong>qui</strong></span> <span class='ocrx_word' id='word_1_286' title='bbox 1513 3666 1792 3719; x_wconf 86' lang='lat' dir='ltr'><strong>veritatem</strong></span> <span class='ocrx_word' id='word_1_287' title='bbox 1832 3666 2071 3734; x_wconf 88' lang='lat' dir='ltr'><strong>seipsum</strong></span> 
     </span>
    </p>
   </div>
   <div class='ocr_carea' id='block_1_42' title="bbox 496 3746 2073 3821">
    <p class='ocr_par' dir='ltr' id='par_1_42' title="bbox 496 3746 2073 3821">
     <span class='ocr_line' id='line_1_42' title="bbox 496 3746 2073 3821; baseline 0.009 -23"><span class='ocrx_word' id='word_1_288' title='bbox 496 3746 549 3798; x_wconf 92' lang='lat' dir='ltr'><strong>in</strong></span> <span class='ocrx_word' id='word_1_289' title='bbox 584 3746 872 3817; x_wconf 82' lang='lat' dir='ltr'><strong>Evangelio</strong></span> <span class='ocrx_word' id='word_1_290' title='bbox 897 3750 1215 3815; x_wconf 85' lang='lat' dir='ltr'><strong>nominavit,</strong></span> <span class='ocrx_word' id='word_1_291' title='bbox 1244 3751 1353 3807; x_wconf 88' lang='lat' dir='ltr'><strong>Deo</strong></span> <span class='ocrx_word' id='word_1_292' title='bbox 1394 3753 1587 3807; x_wconf 84' lang='lat' dir='ltr'><strong>falsum</strong></span> <span class='ocrx_word' id='word_1_293' title='bbox 1612 3756 1767 3821; x_wconf 78' lang='lat' dir='ltr'><strong>dixit,</strong></span> <span class='ocrx_word' id='word_1_294' title='bbox 1797 3769 1919 3809; x_wconf 91' lang='lat' dir='ltr'><strong>cum</strong></span> <span class='ocrx_word' id='word_1_295' title='bbox 1976 3770 2073 3811; x_wconf 81' lang='lat' dir='ltr'><strong>ve-</strong></span> 
     </span>
    </p>
   </div>
   <div class='ocr_carea' id='block_1_43' title="bbox 499 3838 2075 3919">
    <p class='ocr_par' dir='ltr' id='par_1_43' title="bbox 499 3838 2075 3919">
     <span class='ocr_line' id='line_1_43' title="bbox 499 3838 2075 3919; baseline 0.013 -31"><span class='ocrx_word' id='word_1_296' title='bbox 499 3838 717 3892; x_wconf 84' lang='lat' dir='ltr'><strong>ritatem</strong></span> <span class='ocrx_word' id='word_1_297' title='bbox 760 3840 1011 3908; x_wconf 73' lang='lat' dir='ltr'><strong>negavit?</strong></span> <span class='ocrx_word' id='word_1_298' title='bbox 1043 3844 1241 3912; x_wconf 86' lang='lat' dir='ltr'><strong>quippe</strong></span> <span class='ocrx_word' id='word_1_299' title='bbox 1262 3846 1352 3914; x_wconf 92' lang='lat' dir='ltr'><strong>qui</strong></span> <span class='ocrx_word' id='word_1_300' title='bbox 1394 3844 1656 3912; x_wconf 89' lang='lat' dir='ltr'><strong>Deusest,</strong></span> <span class='ocrx_word' id='word_1_301' title='bbox 1716 3851 2075 3919; x_wconf 88' lang='lat' dir='ltr'><strong>quemadmo-</strong></span> 
     </span>
    </p>
   </div>
   <div class='ocr_carea' id='block_1_44' title="bbox 496 3928 1397 3999">
    <p class='ocr_par' dir='ltr' id='par_1_44' title="bbox 496 3928 1397 3999">
     <span class='ocr_line' id='line_1_44' title="bbox 496 3928 1397 3999; baseline 0.011 -18"><span class='ocrx_word' id='word_1_302' title='bbox 496 3928 621 3981; x_wconf 90' lang='lat' dir='ltr'><strong>dum</strong></span> <span class='ocrx_word' id='word_1_303' title='bbox 653 3931 804 3999; x_wconf 88' lang='lat' dir='ltr'><strong>prins</strong></span> <span class='ocrx_word' id='word_1_304' title='bbox 840 3936 1268 3989; x_wconf 89' lang='lat' dir='ltr'><strong>demonstratum</strong></span> <span class='ocrx_word' id='word_1_305' title='bbox 1297 3944 1397 3991; x_wconf 87' lang='lat' dir='ltr'><strong>est.</strong></span> 
     </span>
    </p>
   </div>
   <div class='ocr_carea' id='block_1_45' title="bbox 568 4019 2076 4096">
    <p class='ocr_par' dir='ltr' id='par_1_45' title="bbox 568 4019 2076 4096">
     <span class='ocr_line' id='line_1_45' title="bbox 568 4019 2076 4096; baseline 0.013 -24"><span class='ocrx_word' id='word_1_306' title='bbox 568 4020 624 4073; x_wconf 87' lang='lat'><strong>8.</strong></span> <span class='ocrx_word' id='word_1_307' title='bbox 673 4019 982 4079; x_wconf 89' lang='lat' dir='ltr'><strong>Tradocunt</strong></span> <span class='ocrx_word' id='word_1_308' title='bbox 1014 4036 1173 4096; x_wconf 89' lang='lat' dir='ltr'><strong>atque</strong></span> <span class='ocrx_word' id='word_1_309' title='bbox 1205 4028 1466 4085; x_wconf 78' lang='lat' dir='ltr'><strong>infamant</strong></span> <span class='ocrx_word' id='word_1_310' title='bbox 1516 4046 1614 4087; x_wconf 88' lang='lat' dir='ltr'><strong>nos</strong></span> <span class='ocrx_word' id='word_1_311' title='bbox 1650 4031 1811 4087; x_wconf 84' lang='lat' dir='ltr'><strong>veluti</strong></span> <span class='ocrx_word' id='word_1_312' title='bbox 1855 4035 2076 4091; x_wconf 87' lang='lat' dir='ltr'><strong>simula-</strong></span> 
     </span>
    </p>
   </div>
   <div class='ocr_carea' id='block_1_46' title="bbox 496 4114 2072 4197">
    <p class='ocr_par' dir='ltr' id='par_1_46' title="bbox 496 4114 2072 4197">
     <span class='ocr_line' id='line_1_46' title="bbox 496 4114 2072 4197; baseline 0.011 -32"><span class='ocrx_word' id='word_1_313' title='bbox 496 4125 717 4166; x_wconf 85' lang='lat' dir='ltr'><strong>crorum</strong></span> <span class='ocrx_word' id='word_1_314' title='bbox 754 4114 1011 4180; x_wconf 89' lang='lat' dir='ltr'><strong>cultores,</strong></span> <span class='ocrx_word' id='word_1_315' title='bbox 1043 4131 1107 4171; x_wconf 90' lang='lat' dir='ltr'><strong>co</strong></span> <span class='ocrx_word' id='word_1_316' title='bbox 1137 4119 1282 4187; x_wconf 88' lang='lat' dir='ltr'><strong>quod</strong></span> <span class='ocrx_word' id='word_1_317' title='bbox 1330 4135 1546 4176; x_wconf 87' lang='lat' dir='ltr'><strong>crucem</strong></span> <span class='ocrx_word' id='word_1_318' title='bbox 1572 4122 1887 4191; x_wconf 83' lang='lat' dir='ltr'><strong>adoremus,</strong></span> <span class='ocrx_word' id='word_1_319' title='bbox 1912 4141 2072 4197; x_wconf 88' lang='lat' dir='ltr'><strong>quam</strong></span> 
     </span>
    </p>
   </div>
   <div class='ocr_carea' id='block_1_47' title="bbox 499 4203 2076 4286">
    <p class='ocr_par' dir='ltr' id='par_1_47' title="bbox 499 4203 2076 4286">
     <span class='ocr_line' id='line_1_47' title="bbox 499 4203 2076 4286; baseline 0.013 -30"><span class='ocrx_word' id='word_1_320' title='bbox 499 4203 755 4259; x_wconf 84' lang='lat' dir='ltr'><strong>illietiam</strong></span> <span class='ocrx_word' id='word_1_321' title='bbox 790 4220 1166 4265; x_wconf 80' lang='lat' dir='ltr'><strong>exsecrantur.</strong></span> <span class='ocrx_word' id='word_1_322' title='bbox 1200 4213 1266 4265; x_wconf 77' lang='lat' dir='ltr'><strong>Et</strong></span> <span class='ocrx_word' id='word_1_323' title='bbox 1308 4215 1696 4280; x_wconf 81' lang='lat' dir='ltr'><strong>respondemus</strong></span> <span class='ocrx_word' id='word_1_324' title='bbox 1726 4235 1741 4271; x_wconf 89' lang='lat'>:</span> <span class='ocrx_word' id='word_1_325' title='bbox 1792 4217 2076 4286; x_wconf 87' lang='lat' dir='ltr'><strong>Quomodo</strong></span> 
     </span>
    </p>
   </div>
   <div class='ocr_carea' id='block_1_48' title="bbox 496 4299 2076 4376">
    <p class='ocr_par' dir='ltr' id='par_1_48' title="bbox 496 4299 2076 4376">
     <span class='ocr_line' id='line_1_48' title="bbox 496 4299 2076 4376; baseline 0.011 -27"><span class='ocrx_word' id='word_1_326' title='bbox 496 4310 626 4365; x_wconf 81' lang='lat' dir='ltr'><strong>ergo</strong></span> <span class='ocrx_word' id='word_1_327' title='bbox 660 4314 751 4351; x_wconf 86' lang='lat' dir='ltr'><strong>vos</strong></span> <span class='ocrx_word' id='word_1_328' title='bbox 774 4299 935 4369; x_wconf 91' lang='lat' dir='ltr'><strong>lapidi</strong></span> <span class='ocrx_word' id='word_1_329' title='bbox 961 4301 1246 4357; x_wconf 68' lang='lat' dir='ltr'><strong>adhaeretis</strong></span> <span class='ocrx_word' id='word_1_330' title='bbox 1276 4302 1604 4373; x_wconf 82' lang='lat' dir='ltr'><strong>Bracltthan,</strong></span> <span class='ocrx_word' id='word_1_331' title='bbox 1634 4318 1689 4361; x_wconf 85' lang='lat' dir='ltr'><strong>et</strong></span> <span class='ocrx_word' id='word_1_332' title='bbox 1722 4308 1893 4376; x_wconf 84' lang='lat' dir='ltr'><strong>ipsum</strong></span> <span class='ocrx_word' id='word_1_333' title='bbox 1917 4320 2076 4366; x_wconf 75' lang='lat' dir='ltr'><strong>oscu-</strong></span> 
     </span>
    </p>
   </div>
   <div class='ocr_carea' id='block_1_49' title="bbox 2175 460 3785 544">
    <p class='ocr_par' dir='ltr' id='par_1_49' title="bbox 2175 460 3785 544">
     <span class='ocr_line' id='line_1_49' title="bbox 2175 460 3785 544; baseline 0.011 -31"><span class='ocrx_word' id='word_1_334' title='bbox 2175 460 2358 530; x_wconf 78' lang='grc' dir='ltr'>Μαρξα</span> <span class='ocrx_word' id='word_1_335' title='bbox 2402 464 2541 531; x_wconf 84' lang='grc' dir='ltr'><strong>μετά</strong></span> <span class='ocrx_word' id='word_1_336' title='bbox 2568 465 2676 519; x_wconf 88' lang='grc' dir='ltr'><strong>τῶν</strong></span> <span class='ocrx_word' id='word_1_337' title='bbox 2716 466 2967 537; x_wconf 79' lang='grc' dir='ltr'><strong>ἀδελφῶν</strong></span> <span class='ocrx_word' id='word_1_338' title='bbox 3015 468 3189 534; x_wconf 79' lang='grc' dir='ltr'>αὐτῆς</span> <span class='ocrx_word' id='word_1_339' title='bbox 3231 471 3459 539; x_wconf 77' lang='grc' dir='ltr'>ἐξῆλθεν</span> <span class='ocrx_word' id='word_1_340' title='bbox 3495 474 3625 528; x_wconf 81' lang='grc' dir='ltr'>ἀπὸ</span> <span class='ocrx_word' id='word_1_341' title='bbox 3676 478 3785 544; x_wconf 86' lang='grc' dir='ltr'><strong>τῆς</strong></span> 
     </span>
    </p>
   </div>
   <div class='ocr_carea' id='block_1_50' title="bbox 2171 553 3787 636">
    <p class='ocr_par' dir='ltr' id='par_1_50' title="bbox 2171 553 3787 636">
     <span class='ocr_line' id='line_1_50' title="bbox 2171 553 3787 636; baseline 0.009 -29"><span class='ocrx_word' id='word_1_342' title='bbox 2171 553 2477 621; x_wconf 82' lang='grc' dir='ltr'>Αἰγύπτου,</span> <span class='ocrx_word' id='word_1_343' title='bbox 2521 556 2802 627; x_wconf 81' lang='grc' dir='ltr'><strong>δισχιλίων</strong></span> <span class='ocrx_word' id='word_1_344' title='bbox 2854 561 2993 613; x_wconf 75' lang='grc' dir='ltr'>ἑτῶν</span> <span class='ocrx_word' id='word_1_345' title='bbox 3056 563 3308 632; x_wconf 79' lang='grc' dir='ltr'>περίοδος</span> <span class='ocrx_word' id='word_1_346' title='bbox 3347 567 3478 635; x_wconf 84' lang='grc' dir='ltr'>ἀχρι</span> <span class='ocrx_word' id='word_1_347' title='bbox 3523 568 3640 636; x_wconf 82' lang='grc' dir='ltr'>τῆς</span> <span class='ocrx_word' id='word_1_348' title='bbox 3687 569 3787 621; x_wconf 76' lang='grc' dir='ltr'><strong>τοῦ</strong></span> 
     </span>
    </p>
   </div>
   <div class='ocr_carea' id='block_1_51' title="bbox 2172 648 3783 732">
    <p class='ocr_par' dir='ltr' id='par_1_51' title="bbox 2172 648 3783 732">
     <span class='ocr_line' id='line_1_51' title="bbox 2172 648 3783 732; baseline 0.009 -33"><span class='ocrx_word' id='word_1_349' title='bbox 2172 648 2382 719; x_wconf 75' lang='grc' dir='ltr'>Κυρίου</span> <span class='ocrx_word' id='word_1_350' title='bbox 2436 652 2579 704; x_wconf 85' lang='grc' dir='ltr'>κατὰ</span> <span class='ocrx_word' id='word_1_351' title='bbox 2615 651 2795 723; x_wconf 84' lang='grc' dir='ltr'><em>σάρκα</em></span> <span class='ocrx_word' id='word_1_352' title='bbox 2850 656 3160 724; x_wconf 78' lang='grc' dir='ltr'>γεννήσεως</span> <span class='ocrx_word' id='word_1_353' title='bbox 3198 657 3589 730; x_wconf 82' lang='grc' dir='ltr'>παρέδραμεν.</span> <span class='ocrx_word' id='word_1_354' title='bbox 3626 661 3783 732; x_wconf 74' lang='grc' dir='ltr'>Αὕτη</span> 
     </span>
    </p>
   </div>
   <div class='ocr_carea' id='block_1_52' title="bbox 2171 737 3784 818">
    <p class='ocr_par' dir='ltr' id='par_1_52' title="bbox 2171 737 3784 818">
     <span class='ocr_line' id='line_1_52' title="bbox 2171 737 3784 818; baseline 0.009 -29"><span class='ocrx_word' id='word_1_355' title='bbox 2171 737 2226 789; x_wconf 74' lang='grc' dir='ltr'><strong>δὲ</strong></span> <span class='ocrx_word' id='word_1_356' title='bbox 2260 738 2509 808; x_wconf 83' lang='grc' dir='ltr'>ἡΜαρία</span> <span class='ocrx_word' id='word_1_357' title='bbox 2538 742 2635 810; x_wconf 76' lang='grc' dir='ltr'><strong>οὐχ</strong></span> <span class='ocrx_word' id='word_1_358' title='bbox 2671 741 2916 814; x_wconf 83' lang='grc' dir='ltr'>ὑπερέϐη</span> <span class='ocrx_word' id='word_1_359' title='bbox 2969 746 3027 797; x_wconf 81' lang='grc' dir='ltr'><strong>τὸ</strong></span> <span class='ocrx_word' id='word_1_360' title='bbox 3077 747 3282 818; x_wconf 80' lang='grc' dir='ltr'><strong>μέτρον</strong></span> <span class='ocrx_word' id='word_1_361' title='bbox 3309 748 3412 817; x_wconf 80' lang='grc' dir='ltr'><strong>τῆς</strong></span> <span class='ocrx_word' id='word_1_362' title='bbox 3443 749 3608 816; x_wconf 78' lang='grc' dir='ltr'>ζωῆς</span> <span class='ocrx_word' id='word_1_363' title='bbox 3672 751 3784 802; x_wconf 74' lang='grc' dir='ltr'><strong>τῶν</strong></span> 
     </span>
    </p>
   </div>
   <div class='ocr_carea' id='block_1_53' title="bbox 2171 830 3782 909">
    <p class='ocr_par' dir='ltr' id='par_1_53' title="bbox 2171 830 3782 909">
     <span class='ocr_line' id='line_1_53' title="bbox 2171 830 3782 909; baseline 0.008 -28"><span class='ocrx_word' id='word_1_364' title='bbox 2171 830 2348 882; x_wconf 78' lang='grc' dir='ltr'>οὐσῶν</span> <span class='ocrx_word' id='word_1_365' title='bbox 2381 833 2501 884; x_wconf 88' lang='grc' dir='ltr'>τότε</span> <span class='ocrx_word' id='word_1_366' title='bbox 2525 832 2646 887; x_wconf 85' lang='grc' dir='ltr'>κατ’</span> <span class='ocrx_word' id='word_1_367' title='bbox 2678 835 2851 905; x_wconf 78' lang='grc' dir='ltr'>αὐτὴν</span> <span class='ocrx_word' id='word_1_368' title='bbox 2891 837 3193 904; x_wconf 83' lang='grc' dir='ltr'>γυναικῶν.</span> <span class='ocrx_word' id='word_1_369' title='bbox 3246 839 3539 909; x_wconf 79' lang='grc' dir='ltr'><strong>Πρόδηλον</strong></span> <span class='ocrx_word' id='word_1_370' title='bbox 3592 836 3697 894; x_wconf 74' lang='grc' dir='ltr'>οὖν</span> <span class='ocrx_word' id='word_1_371' title='bbox 3726 844 3782 895; x_wconf 67' lang='grc' dir='ltr'>τὸ</span> 
     </span>
    </p>
   </div>
   <div class='ocr_carea' id='block_1_54' title="bbox 2170 922 3782 1003">
    <p class='ocr_par' dir='ltr' id='par_1_54' title="bbox 2170 922 3782 1003">
     <span class='ocr_line' id='line_1_54' title="bbox 2170 922 3782 1003; baseline 0.007 -29"><span class='ocrx_word' id='word_1_372' title='bbox 2170 922 2391 991; x_wconf 77' lang='grc' dir='ltr'>ψεῦδος,</span> <span class='ocrx_word' id='word_1_373' title='bbox 2427 926 2522 979; x_wconf 73' lang='grc' dir='ltr'>καὶ</span> <span class='ocrx_word' id='word_1_374' title='bbox 2569 927 2977 991; x_wconf 86' lang='grc' dir='ltr'>κακόπλαστον,</span> <span class='ocrx_word' id='word_1_375' title='bbox 3010 931 3105 983; x_wconf 73' lang='grc' dir='ltr'>καὶ</span> <span class='ocrx_word' id='word_1_376' title='bbox 3146 932 3278 1002; x_wconf 80' lang='grc' dir='ltr'>παρ’</span> <span class='ocrx_word' id='word_1_377' title='bbox 3313 933 3601 1003; x_wconf 76' lang='grc' dir='ltr'>ἱστορίαν.</span> <span class='ocrx_word' id='word_1_378' title='bbox 3660 935 3782 997; x_wconf 81' lang='grc' dir='ltr'>Πῶς</span> 
     </span>
    </p>
   </div>
   <div class='ocr_carea' id='block_1_55' title="bbox 2171 1013 3779 1091">
    <p class='ocr_par' dir='ltr' id='par_1_55' title="bbox 2171 1013 3779 1091">
     <span class='ocr_line' id='line_1_55' title="bbox 2171 1013 3779 1091; baseline 0.006 -23"><span class='ocrx_word' id='word_1_379' title='bbox 2171 1013 2217 1068; x_wconf 80' lang='grc' dir='ltr'><strong>δ’</strong></span> <span class='ocrx_word' id='word_1_380' title='bbox 2248 1015 2314 1068; x_wconf 82' lang='grc' dir='ltr'>ἂν</span> <span class='ocrx_word' id='word_1_381' title='bbox 2349 1016 2444 1069; x_wconf 75' lang='grc' dir='ltr'>καὶ</span> <span class='ocrx_word' id='word_1_382' title='bbox 2476 1017 2505 1071; x_wconf 98' lang='lat'><strong>6</strong></span> <span class='ocrx_word' id='word_1_383' title='bbox 2540 1017 2728 1084; x_wconf 79' lang='lat' dir='ltr'><strong>Aa6‘t6,</strong></span> <span class='ocrx_word' id='word_1_384' title='bbox 2765 1020 3036 1089; x_wconf 86' lang='grc' dir='ltr'>πρόγονος</span> <span class='ocrx_word' id='word_1_385' title='bbox 3079 1020 3173 1073; x_wconf 81' lang='grc' dir='ltr'>τοῦ</span> <span class='ocrx_word' id='word_1_386' title='bbox 3204 1022 3472 1091; x_wconf 76' lang='grc' dir='ltr'><strong>Χριστοῦ,</strong></span> <span class='ocrx_word' id='word_1_387' title='bbox 3531 1024 3691 1076; x_wconf 75' lang='grc' dir='ltr'>κατὰ</span> <span class='ocrx_word' id='word_1_388' title='bbox 3721 1024 3779 1077; x_wconf 72' lang='grc' dir='ltr'>τὸ</span> 
     </span>
    </p>
   </div>
   <div class='ocr_carea' id='block_1_56' title="bbox 2171 1106 3778 1184">
    <p class='ocr_par' dir='ltr' id='par_1_56' title="bbox 2171 1106 3778 1184">
     <span class='ocr_line' id='line_1_56' title="bbox 2171 1106 3778 1184; baseline 0.003 -22"><span class='ocrx_word' id='word_1_389' title='bbox 2171 1106 2518 1177; x_wconf 83' lang='grc' dir='ltr'>ἀνθρώπινον</span> <span class='ocrx_word' id='word_1_390' title='bbox 2567 1110 2735 1165; x_wconf 75' lang='grc' dir='ltr'>αὐτοῦ</span> <span class='ocrx_word' id='word_1_391' title='bbox 2786 1111 3088 1183; x_wconf 79' lang='grc' dir='ltr'>λογισθείη,</span> <span class='ocrx_word' id='word_1_392' title='bbox 3121 1115 3261 1181; x_wconf 87' lang='grc' dir='ltr'><strong>μετά</strong></span> <span class='ocrx_word' id='word_1_393' title='bbox 3292 1114 3382 1167; x_wconf 82' lang='grc' dir='ltr'><strong>τὸν</strong></span> <span class='ocrx_word' id='word_1_394' title='bbox 3410 1115 3515 1184; x_wconf 82' lang='grc' dir='ltr'><strong>τῆς</strong></span> <span class='ocrx_word' id='word_1_395' title='bbox 3548 1116 3778 1182; x_wconf 80' lang='grc' dir='ltr'>Μαρίας</span> 
     </span>
    </p>
   </div>
   <div class='ocr_carea' id='block_1_57' title="bbox 2174 1202 3777 1277">
    <p class='ocr_par' dir='ltr' id='par_1_57' title="bbox 2174 1202 3777 1277">
     <span class='ocr_line' id='line_1_57' title="bbox 2174 1202 3777 1277; baseline 0.004 -22"><span class='ocrx_word' id='word_1_396' title='bbox 2174 1202 2425 1270; x_wconf 85' lang='grc' dir='ltr'>θάνατον,</span> <span class='ocrx_word' id='word_1_397' title='bbox 2454 1204 2553 1272; x_wconf 82' lang='grc' dir='ltr'><strong>τῆς</strong></span> <span class='ocrx_word' id='word_1_398' title='bbox 2580 1204 2818 1275; x_wconf 81' lang='grc' dir='ltr'><strong>ἀδελφῆς</strong></span> <span class='ocrx_word' id='word_1_399' title='bbox 2850 1207 3095 1269; x_wconf 80' lang='grc' dir='ltr'><strong>Μωσέως</strong></span> <span class='ocrx_word' id='word_1_400' title='bbox 3118 1202 3216 1260; x_wconf 72' lang='grc' dir='ltr'>καὶ</span> <span class='ocrx_word' id='word_1_401' title='bbox 3270 1207 3514 1277; x_wconf 80' lang='grc' dir='ltr'>Ἀαρὼν,</span> <span class='ocrx_word' id='word_1_402' title='bbox 3550 1208 3777 1270; x_wconf 63' lang='grc' dir='ltr'>πολλοῖς</span> 
     </span>
    </p>
   </div>
   <div class='ocr_carea' id='block_1_58' title="bbox 2174 1296 3775 1373">
    <p class='ocr_par' dir='ltr' id='par_1_58' title="bbox 2174 1296 3775 1373">
     <span class='ocr_line' id='line_1_58' title="bbox 2174 1296 3775 1373; baseline 0.002 -22"><span class='ocrx_word' id='word_1_403' title='bbox 2174 1297 2402 1369; x_wconf 72' lang='grc' dir='ltr'>ὕστερον</span> <span class='ocrx_word' id='word_1_404' title='bbox 2436 1296 2581 1354; x_wconf 80' lang='grc' dir='ltr'>ἔτεσι</span> <span class='ocrx_word' id='word_1_405' title='bbox 2605 1301 2891 1373; x_wconf 67' lang='grc' dir='ltr'>γεννηθεὶς</span> <span class='ocrx_word' id='word_1_406' title='bbox 2919 1302 3015 1355; x_wconf 77' lang='grc' dir='ltr'>καὶ</span> <span class='ocrx_word' id='word_1_407' title='bbox 3040 1302 3386 1373; x_wconf 78' lang='grc' dir='ltr'><strong>ἀνατραφεὶς</strong></span> <span class='ocrx_word' id='word_1_408' title='bbox 3420 1304 3525 1357; x_wconf 78' lang='grc' dir='ltr'>καὶ</span> <span class='ocrx_word' id='word_1_409' title='bbox 3585 1304 3775 1357; x_wconf 59' lang='lat' dir='ltr'><strong>etauio-</strong></span> 
     </span>
    </p>
   </div>
   <div class='ocr_carea' id='block_1_59' title="bbox 2174 1390 2454 1464">
    <p class='ocr_par' dir='ltr' id='par_1_59' title="bbox 2174 1390 2454 1464">
     <span class='ocr_line' id='line_1_59' title="bbox 2174 1390 2454 1464; baseline 0.007 -19"><span class='ocrx_word' id='word_1_410' title='bbox 2174 1390 2412 1464; x_wconf 80' lang='grc' dir='ltr'><strong>ποιήσας</strong></span> <span class='ocrx_word' id='word_1_411' title='bbox 2437 1409 2454 1459; x_wconf 90' lang='grc'><strong>;</strong></span> 
     </span>
    </p>
   </div>
   <div class='ocr_carea' id='block_1_60' title="bbox 2247 1480 3773 1559">
    <p class='ocr_par' dir='ltr' id='par_1_60' title="bbox 2247 1480 3773 1559">
     <span class='ocr_line' id='line_1_60' title="bbox 2247 1480 3773 1559; baseline 0.001 -20"><span class='ocrx_word' id='word_1_412' title='bbox 2247 1482 2323 1551; x_wconf 85' lang='grc' dir='ltr'><strong>ς’.</strong></span> <span class='ocrx_word' id='word_1_413' title='bbox 2350 1487 2474 1549; x_wconf 87' lang='grc' dir='ltr'><strong>Πῶς</strong></span> <span class='ocrx_word' id='word_1_414' title='bbox 2490 1480 2582 1540; x_wconf 79' lang='grc' dir='ltr'><strong>οὖν</strong></span> <span class='ocrx_word' id='word_1_415' title='bbox 2607 1484 2954 1550; x_wconf 73' lang='grc' dir='ltr'>θεόπεμπτος</span> <span class='ocrx_word' id='word_1_416' title='bbox 2972 1484 3004 1559; x_wconf 79' lang='grc' dir='ltr'>ἡ</span> <span class='ocrx_word' id='word_1_417' title='bbox 3025 1486 3257 1541; x_wconf 82' lang='grc' dir='ltr'>τοιαῦτα</span> <span class='ocrx_word' id='word_1_418' title='bbox 3282 1487 3617 1557; x_wconf 66' lang='grc' dir='ltr'>φλυαροῦσι).</span> <span class='ocrx_word' id='word_1_419' title='bbox 3640 1506 3773 1559; x_wconf 81' lang='grc' dir='ltr'>γρα-</span> 
     </span>
    </p>
   </div>
   <div class='ocr_carea' id='block_1_61' title="bbox 2177 1576 3768 1653">
    <p class='ocr_par' dir='ltr' id='par_1_61' title="bbox 2177 1576 3768 1653">
     <span class='ocr_line' id='line_1_61' title="bbox 2177 1576 3768 1653; baseline -0.027 30"><span class='ocrx_word' id='word_1_420' title='bbox 2177 1579 2273 1648; x_wconf 54' lang='lat' dir='ltr'><strong>‘Ph’</strong></span> <span class='ocrx_word' id='word_1_421' title='bbox 2320 1580 2414 1632; x_wconf 52' lang='grc' dir='ltr'><strong>καὶ</strong></span> <span class='ocrx_word' id='word_1_422' title='bbox 2466 1576 2772 1649; x_wconf 65' lang='grc' dir='ltr'><strong>τηλικαῦτα</strong></span> <span class='ocrx_word' id='word_1_423' title='bbox 2802 1578 3157 1650; x_wconf 64' lang='grc' dir='ltr'><strong>Ψευδομένης</strong></span> <span class='ocrx_word' id='word_1_424' title='bbox 3206 1580 3402 1653; x_wconf 69' lang='grc' dir='ltr'>Ειγάρ</span> <span class='ocrx_word' id='word_1_425' title='bbox 3421 1581 3768 1652; x_wconf 75' lang='grc' dir='ltr'>Μαρίαςτῆς</span> 
     </span>
    </p>
   </div>
   <div class='ocr_carea' id='block_1_62' title="bbox 2174 1668 3764 1745">
    <p class='ocr_par' dir='ltr' id='par_1_62' title="bbox 2174 1668 3764 1745">
     <span class='ocr_line' id='line_1_62' title="bbox 2174 1668 3764 1745; baseline 0.001 -19"><span class='ocrx_word' id='word_1_426' title='bbox 2174 1672 2415 1743; x_wconf 81' lang='grc' dir='ltr'><strong>ἀδελφῆς</strong></span> <span class='ocrx_word' id='word_1_427' title='bbox 2446 1671 2688 1738; x_wconf 80' lang='grc' dir='ltr'>Μωσέως</span> <span class='ocrx_word' id='word_1_428' title='bbox 2719 1675 2816 1726; x_wconf 76' lang='grc' dir='ltr'><strong>καὶ</strong></span> <span class='ocrx_word' id='word_1_429' title='bbox 2850 1674 3064 1743; x_wconf 84' lang='grc' dir='ltr'>Ἀαρὼν</span> <span class='ocrx_word' id='word_1_430' title='bbox 3088 1673 3200 1735; x_wconf 80' lang='grc' dir='ltr'>υἱὸς</span> <span class='ocrx_word' id='word_1_431' title='bbox 3224 1668 3291 1744; x_wconf 74' lang='grc' dir='ltr'>ἦν</span> <span class='ocrx_word' id='word_1_432' title='bbox 3314 1672 3341 1726; x_wconf 89' lang='lat'><strong>6</strong></span> <span class='ocrx_word' id='word_1_433' title='bbox 3361 1675 3626 1745; x_wconf 73' lang='grc' dir='ltr'>Χριστὸς,</span> <span class='ocrx_word' id='word_1_434' title='bbox 3660 1677 3764 1728; x_wconf 67' lang='grc' dir='ltr'>ἔδει</span> 
     </span>
    </p>
   </div>
   <div class='ocr_carea' id='block_1_63' title="bbox 2170 1763 3760 1838">
    <p class='ocr_par' dir='ltr' id='par_1_63' title="bbox 2170 1763 3760 1838">
     <span class='ocr_line' id='line_1_63' title="bbox 2170 1763 3760 1838; baseline 0.001 -19"><span class='ocrx_word' id='word_1_435' title='bbox 2170 1766 2382 1828; x_wconf 75' lang='grc' dir='ltr'>τοῦτον,</span> <span class='ocrx_word' id='word_1_436' title='bbox 2405 1766 2494 1819; x_wconf 82' lang='grc' dir='ltr'><strong>ὅτε</strong></span> <span class='ocrx_word' id='word_1_437' title='bbox 2526 1768 2837 1835; x_wconf 85' lang='grc' dir='ltr'>παρίστατο</span> <span class='ocrx_word' id='word_1_438' title='bbox 2880 1763 3092 1835; x_wconf 82' lang='grc' dir='ltr'>Ποντίῳ</span> <span class='ocrx_word' id='word_1_439' title='bbox 3129 1764 3355 1838; x_wconf 82' lang='grc' dir='ltr'>Πιλάτῳ</span> <span class='ocrx_word' id='word_1_440' title='bbox 3404 1770 3760 1837; x_wconf 72' lang='grc' dir='ltr'>κρινόμενος,</span> 
     </span>
    </p>
   </div>
   <div class='ocr_carea' id='block_1_64' title="bbox 2172 1849 3759 1929">
    <p class='ocr_par' dir='ltr' id='par_1_64' title="bbox 2172 1849 3759 1929">
     <span class='ocr_line' id='line_1_64' title="bbox 2172 1849 3759 1929; baseline 0.001 -19"><span class='ocrx_word' id='word_1_441' title='bbox 2172 1849 2563 1929; x_wconf 75' lang='grc' dir='ltr'>ἐσχατόγηρων</span> <span class='ocrx_word' id='word_1_442' title='bbox 2584 1853 2744 1918; x_wconf 77' lang='grc' dir='ltr'>εἶναι,</span> <span class='ocrx_word' id='word_1_443' title='bbox 2780 1857 2877 1911; x_wconf 68' lang='grc' dir='ltr'><strong>καὶ</strong></span> <span class='ocrx_word' id='word_1_444' title='bbox 2903 1852 3018 1911; x_wconf 72' lang='grc' dir='ltr'>οἷον</span> <span class='ocrx_word' id='word_1_445' title='bbox 3052 1856 3345 1927; x_wconf 77' lang='grc' dir='ltr'>ἀνθρώπου</span> <span class='ocrx_word' id='word_1_446' title='bbox 3373 1858 3651 1929; x_wconf 69' lang='grc' dir='ltr'>λείψανον,</span> <span class='ocrx_word' id='word_1_447' title='bbox 3682 1859 3759 1929; x_wconf 83' lang='grc' dir='ltr'>τῷ</span> 
     </span>
    </p>
   </div>
   <div class='ocr_carea' id='block_1_65' title="bbox 2171 1948 3753 2029">
    <p class='ocr_par' dir='ltr' id='par_1_65' title="bbox 2171 1948 3753 2029">
     <span class='ocr_line' id='line_1_65' title="bbox 2171 1948 3753 2029; baseline -0.001 -26"><span class='ocrx_word' id='word_1_448' title='bbox 2171 1950 2353 2019; x_wconf 89' lang='grc' dir='ltr'>πολλῷ</span> <span class='ocrx_word' id='word_1_449' title='bbox 2382 1951 2549 2019; x_wconf 83' lang='grc' dir='ltr'>μήκει</span> <span class='ocrx_word' id='word_1_450' title='bbox 2584 1950 2692 2002; x_wconf 90' lang='grc' dir='ltr'><strong>τῶν</strong></span> <span class='ocrx_word' id='word_1_451' title='bbox 2726 1950 2782 2001; x_wconf 81' lang='grc' dir='ltr'><strong>ἐν</strong></span> <span class='ocrx_word' id='word_1_452' title='bbox 2817 1950 2965 2020; x_wconf 77' lang='grc' dir='ltr'>μέσῳ</span> <span class='ocrx_word' id='word_1_453' title='bbox 2996 1948 3213 2019; x_wconf 83' lang='grc' dir='ltr'>χρόνων</span> <span class='ocrx_word' id='word_1_454' title='bbox 3240 1951 3375 2003; x_wconf 77' lang='grc' dir='ltr'><strong>κατά</strong></span> <span class='ocrx_word' id='word_1_455' title='bbox 3412 1952 3615 2029; x_wconf 73' lang='grc' dir='ltr'>μικρὸν</span> <span class='ocrx_word' id='word_1_456' title='bbox 3645 1952 3753 2004; x_wconf 75' lang='grc' dir='ltr'><strong>δα·</strong></span> 
     </span>
    </p>
   </div>
   <div class='ocr_carea' id='block_1_66' title="bbox 2172 2041 3742 2113">
    <p class='ocr_par' dir='ltr' id='par_1_66' title="bbox 2172 2041 3742 2113">
     <span class='ocr_line' id='line_1_66' title="bbox 2172 2041 3742 2113; baseline 0.001 -19"><span class='ocrx_word' id='word_1_457' title='bbox 2172 2041 2516 2113; x_wconf 79' lang='grc' dir='ltr'>πανώμενον.</span> <span class='ocrx_word' id='word_1_458' title='bbox 2556 2042 2679 2096; x_wconf 81' lang='grc' dir='ltr'><strong>Ὀτι</strong></span> <span class='ocrx_word' id='word_1_459' title='bbox 2704 2043 2761 2095; x_wconf 76' lang='grc' dir='ltr'><strong>δὲ</strong></span> <span class='ocrx_word' id='word_1_460' title='bbox 2790 2043 2889 2113; x_wconf 80' lang='grc' dir='ltr'><strong>οὐχ</strong></span> <span class='ocrx_word' id='word_1_461' title='bbox 2919 2045 2950 2113; x_wconf 75' lang='grc' dir='ltr'>ἡ</span> <span class='ocrx_word' id='word_1_462' title='bbox 2982 2044 3113 2097; x_wconf 84' lang='grc' dir='ltr'><strong>σκιά</strong></span> <span class='ocrx_word' id='word_1_463' title='bbox 3146 2042 3242 2096; x_wconf 78' lang='grc' dir='ltr'><strong>τοῦ</strong></span> <span class='ocrx_word' id='word_1_464' title='bbox 3276 2042 3534 2113; x_wconf 73' lang='grc' dir='ltr'>Χριστοῦ,</span> <span class='ocrx_word' id='word_1_465' title='bbox 3566 2042 3684 2095; x_wconf 78' lang='grc' dir='ltr'>ἀλλ’</span> <span class='ocrx_word' id='word_1_466' title='bbox 3711 2044 3742 2096; x_wconf 88' lang='lat'><strong>6</strong></span> 
     </span>
    </p>
   </div>
   <div class='ocr_carea' id='block_1_67' title="bbox 2170 2135 3752 2208">
    <p class='ocr_par' dir='ltr' id='par_1_67' title="bbox 2170 2135 3752 2208">
     <span class='ocr_line' id='line_1_67' title="bbox 2170 2135 3752 2208; baseline -0.001 -18"><span class='ocrx_word' id='word_1_467' title='bbox 2170 2137 2409 2205; x_wconf 76' lang='grc' dir='ltr'>Χριστὸς</span> <span class='ocrx_word' id='word_1_468' title='bbox 2465 2136 2628 2200; x_wconf 69' lang='grc' dir='ltr'>αὐτὸς</span> <span class='ocrx_word' id='word_1_469' title='bbox 2671 2137 2999 2207; x_wconf 74' lang='grc' dir='ltr'><strong>ἐσταυρώθη</strong></span> <span class='ocrx_word' id='word_1_470' title='bbox 3047 2137 3195 2192; x_wconf 90' lang='grc' dir='ltr'><strong>κατά</strong></span> <span class='ocrx_word' id='word_1_471' title='bbox 3260 2137 3458 2208; x_wconf 86' lang='grc' dir='ltr'>σάρκα,</span> <span class='ocrx_word' id='word_1_472' title='bbox 3493 2137 3646 2207; x_wconf 79' lang='grc' dir='ltr'>δηλοῖ</span> <span class='ocrx_word' id='word_1_473' title='bbox 3689 2135 3752 2189; x_wconf 81' lang='grc' dir='ltr'>τδ</span> 
     </span>
    </p>
   </div>
   <div class='ocr_carea' id='block_1_68' title="bbox 2172 2228 3750 2300">
    <p class='ocr_par' dir='ltr' id='par_1_68' title="bbox 2172 2228 3750 2300">
     <span class='ocr_line' id='line_1_68' title="bbox 2172 2228 3750 2300; baseline 0.001 -20"><span class='ocrx_word' id='word_1_474' title='bbox 2172 2228 2559 2299; x_wconf 79' lang='grc' dir='ltr'>καταρῤεῦσαν</span> <span class='ocrx_word' id='word_1_475' title='bbox 2605 2228 2746 2298; x_wconf 79' lang='grc' dir='ltr'>αἷμα</span> <span class='ocrx_word' id='word_1_476' title='bbox 2792 2231 2887 2284; x_wconf 79' lang='grc' dir='ltr'>τοῦ</span> <span class='ocrx_word' id='word_1_477' title='bbox 2930 2232 3205 2300; x_wconf 80' lang='grc' dir='ltr'>παναγίου</span> <span class='ocrx_word' id='word_1_478' title='bbox 3263 2231 3520 2300; x_wconf 81' lang='grc' dir='ltr'>σώματος</span> <span class='ocrx_word' id='word_1_479' title='bbox 3556 2229 3750 2292; x_wconf 63' lang='grc' dir='ltr'>αὑτοῦ,</span> 
     </span>
    </p>
   </div>
   <div class='ocr_carea' id='block_1_69' title="bbox 2171 2319 3748 2392">
    <p class='ocr_par' dir='ltr' id='par_1_69' title="bbox 2171 2319 3748 2392">
     <span class='ocr_line' id='line_1_69' title="bbox 2171 2319 3748 2392; baseline 0.001 -20"><span class='ocrx_word' id='word_1_480' title='bbox 2171 2319 2327 2389; x_wconf 69' lang='grc' dir='ltr'>παρὰ</span> <span class='ocrx_word' id='word_1_481' title='bbox 2355 2321 2706 2390; x_wconf 83' lang='grc' dir='ltr'>Χριστιανοῖς</span> <span class='ocrx_word' id='word_1_482' title='bbox 2733 2321 3171 2392; x_wconf 80' lang='grc' dir='ltr'>φυλαττόμενον,</span> <span class='ocrx_word' id='word_1_483' title='bbox 3194 2321 3291 2376; x_wconf 70' lang='grc' dir='ltr'>καὶ</span> <span class='ocrx_word' id='word_1_484' title='bbox 3327 2319 3498 2392; x_wconf 75' lang='grc' dir='ltr'>βρύον</span> <span class='ocrx_word' id='word_1_485' title='bbox 3549 2320 3748 2383; x_wconf 76' lang='grc' dir='ltr'>ἱάσεσι,</span> 
     </span>
    </p>
   </div>
   <div class='ocr_carea' id='block_1_70' title="bbox 2173 2411 3748 2486">
    <p class='ocr_par' dir='ltr' id='par_1_70' title="bbox 2173 2411 3748 2486">
     <span class='ocr_line' id='line_1_70' title="bbox 2173 2411 3748 2486; baseline -0.001 -21"><span class='ocrx_word' id='word_1_486' title='bbox 2173 2413 2269 2467; x_wconf 79' lang='grc' dir='ltr'><strong>καὶ</strong></span> <span class='ocrx_word' id='word_1_487' title='bbox 2295 2413 2512 2476; x_wconf 79' lang='grc' dir='ltr'>πολλοῖς</span> <span class='ocrx_word' id='word_1_488' title='bbox 2545 2412 2795 2483; x_wconf 84' lang='grc' dir='ltr'>θαύμασι</span> <span class='ocrx_word' id='word_1_489' title='bbox 2850 2413 3337 2486; x_wconf 77' lang='grc' dir='ltr'>μαρτυρούμενον,</span> <span class='ocrx_word' id='word_1_490' title='bbox 3371 2414 3457 2466; x_wconf 79' lang='grc' dir='ltr'><strong>ὅτι</strong></span> <span class='ocrx_word' id='word_1_491' title='bbox 3492 2411 3587 2466; x_wconf 75' lang='grc' dir='ltr'><strong>τοῦ</strong></span> <span class='ocrx_word' id='word_1_492' title='bbox 3617 2414 3748 2483; x_wconf 74' lang='grc' dir='ltr'>Χρι-</span> 
     </span>
    </p>
   </div>
   <div class='ocr_carea' id='block_1_71' title="bbox 2175 2503 3745 2576">
    <p class='ocr_par' dir='ltr' id='par_1_71' title="bbox 2175 2503 3745 2576">
     <span class='ocr_line' id='line_1_71' title="bbox 2175 2503 3745 2576; baseline -0.001 -19"><span class='ocrx_word' id='word_1_493' title='bbox 2175 2503 2305 2557; x_wconf 79' lang='grc' dir='ltr'>στοῦ</span> <span class='ocrx_word' id='word_1_494' title='bbox 2326 2506 2466 2557; x_wconf 76' lang='grc' dir='ltr'>ἐστι.</span> <span class='ocrx_word' id='word_1_495' title='bbox 2495 2506 2605 2557; x_wconf 68' lang='grc' dir='ltr'>Καὶ</span> <span class='ocrx_word' id='word_1_496' title='bbox 2633 2506 2684 2557; x_wconf 76' lang='grc' dir='ltr'><strong>οἱ</strong></span> <span class='ocrx_word' id='word_1_497' title='bbox 2711 2506 2988 2576; x_wconf 81' lang='grc' dir='ltr'>προφῆται</span> <span class='ocrx_word' id='word_1_498' title='bbox 3018 2507 3072 2558; x_wconf 85' lang='grc' dir='ltr'>δὲ</span> <span class='ocrx_word' id='word_1_499' title='bbox 3096 2505 3226 2574; x_wconf 81' lang='grc' dir='ltr'>περὶ</span> <span class='ocrx_word' id='word_1_500' title='bbox 3254 2503 3361 2574; x_wconf 80' lang='grc' dir='ltr'>τῆς</span> <span class='ocrx_word' id='word_1_501' title='bbox 3390 2505 3745 2573; x_wconf 83' lang='grc' dir='ltr'>σταυρώσεως</span> 
     </span>
    </p>
   </div>
   <div class='ocr_carea' id='block_1_72' title="bbox 2172 2598 3743 2672">
    <p class='ocr_par' dir='ltr' id='par_1_72' title="bbox 2172 2598 3743 2672">
     <span class='ocr_line' id='line_1_72' title="bbox 2172 2598 3743 2672; baseline -0.001 -21"><span class='ocrx_word' id='word_1_502' title='bbox 2172 2599 2336 2652; x_wconf 79' lang='grc' dir='ltr'>αὐτοῦ</span> <span class='ocrx_word' id='word_1_503' title='bbox 2372 2598 2466 2652; x_wconf 78' lang='grc' dir='ltr'>καὶ</span> <span class='ocrx_word' id='word_1_504' title='bbox 2496 2599 2604 2653; x_wconf 90' lang='grc' dir='ltr'><strong>τῶν</strong></span> <span class='ocrx_word' id='word_1_505' title='bbox 2632 2600 2740 2669; x_wconf 83' lang='grc' dir='ltr'><strong>πρὸ</strong></span> <span class='ocrx_word' id='word_1_506' title='bbox 2768 2598 2977 2668; x_wconf 85' lang='grc' dir='ltr'>ταύτης</span> <span class='ocrx_word' id='word_1_507' title='bbox 3016 2601 3373 2672; x_wconf 77' lang='grc' dir='ltr'>παθημάτων</span> <span class='ocrx_word' id='word_1_508' title='bbox 3406 2600 3591 2667; x_wconf 67' lang='grc' dir='ltr'>σαφῶς</span> <span class='ocrx_word' id='word_1_509' title='bbox 3617 2612 3743 2668; x_wconf 70' lang='grc' dir='ltr'>προ-</span> 
     </span>
    </p>
   </div>
   <div class='ocr_carea' id='block_1_73' title="bbox 2173 2690 3747 2767">
    <p class='ocr_par' dir='ltr' id='par_1_73' title="bbox 2173 2690 3747 2767">
     <span class='ocr_line' id='line_1_73' title="bbox 2173 2690 3747 2767; baseline -0.001 -22"><span class='ocrx_word' id='word_1_510' title='bbox 2173 2690 2543 2760; x_wconf 79' lang='grc' dir='ltr'>κατήγγειλαν</span> <span class='ocrx_word' id='word_1_511' title='bbox 2567 2710 2582 2724; x_wconf 87' lang='grc'><strong>·</strong></span> <span class='ocrx_word' id='word_1_512' title='bbox 2616 2691 2704 2745; x_wconf 80' lang='grc' dir='ltr'>ἵνα</span> <span class='ocrx_word' id='word_1_513' title='bbox 2730 2692 2827 2757; x_wconf 82' lang='grc' dir='ltr'><strong>τάς</strong></span> <span class='ocrx_word' id='word_1_514' title='bbox 2858 2695 2921 2747; x_wconf 79' lang='grc' dir='ltr'>ὲκ</span> <span class='ocrx_word' id='word_1_515' title='bbox 2946 2694 3055 2747; x_wconf 85' lang='grc' dir='ltr'><strong>τῶν</strong></span> <span class='ocrx_word' id='word_1_516' title='bbox 3085 2693 3263 2749; x_wconf 81' lang='grc' dir='ltr'>ἀλλων</span> <span class='ocrx_word' id='word_1_517' title='bbox 3297 2695 3539 2767; x_wconf 75' lang='grc' dir='ltr'>Γραφῶν</span> <span class='ocrx_word' id='word_1_518' title='bbox 3585 2693 3747 2746; x_wconf 70' lang='grc' dir='ltr'>ἐάσω-</span> 
     </span>
    </p>
   </div>
   <div class='ocr_carea' id='block_1_74' title="bbox 2176 2784 3741 2859">
    <p class='ocr_par' dir='ltr' id='par_1_74' title="bbox 2176 2784 3741 2859">
     <span class='ocr_line' id='line_1_74' title="bbox 2176 2784 3741 2859; baseline 0.005 -26"><span class='ocrx_word' id='word_1_519' title='bbox 2176 2800 2276 2855; x_wconf 86' lang='grc' dir='ltr'><strong>μεν</strong></span> <span class='ocrx_word' id='word_1_520' title='bbox 2316 2784 2647 2847; x_wconf 80' lang='grc' dir='ltr'>ἀποδείξεις,</span> <span class='ocrx_word' id='word_1_521' title='bbox 2688 2784 2755 2848; x_wconf 81' lang='grc' dir='ltr'>ἃς</span> <span class='ocrx_word' id='word_1_522' title='bbox 2784 2785 2904 2839; x_wconf 81' lang='grc' dir='ltr'><strong>οὐδὲ</strong></span> <span class='ocrx_word' id='word_1_523' title='bbox 2932 2787 3257 2843; x_wconf 75' lang='grc' dir='ltr'>ἐπίστανται</span> <span class='ocrx_word' id='word_1_524' title='bbox 3306 2790 3358 2843; x_wconf 79' lang='lat' dir='ltr'><strong>oi</strong></span> <span class='ocrx_word' id='word_1_525' title='bbox 3409 2786 3741 2859; x_wconf 73' lang='grc' dir='ltr'>Σαρακηνοὶ,</span> 
     </span>
    </p>
   </div>
   <div class='ocr_carea' id='block_1_75' title="bbox 2173 2869 3024 2946">
    <p class='ocr_par' dir='ltr' id='par_1_75' title="bbox 2173 2869 3024 2946">
     <span class='ocr_line' id='line_1_75' title="bbox 2173 2869 3024 2946; baseline 0.008 -22"><span class='ocrx_word' id='word_1_526' title='bbox 2173 2872 2263 2925; x_wconf 72' lang='grc' dir='ltr'><strong>ναὶ</strong></span> <span class='ocrx_word' id='word_1_527' title='bbox 2297 2869 2405 2942; x_wconf 80' lang='grc' dir='ltr'><strong>μὴν</strong></span> <span class='ocrx_word' id='word_1_528' title='bbox 2440 2871 2561 2925; x_wconf 79' lang='grc' dir='ltr'>οὐδὲ</span> <span class='ocrx_word' id='word_1_529' title='bbox 2599 2873 3024 2946; x_wconf 78' lang='grc' dir='ltr'>παραδέχονται.</span> 
     </span>
    </p>
   </div>
   <div class='ocr_carea' id='block_1_76' title="bbox 2190 3118 3741 3215">
    <p class='ocr_par' dir='ltr' id='par_1_76' title="bbox 2190 3118 3741 3215">
     <span class='ocr_line' id='line_1_76' title="bbox 2190 3118 3741 3215; baseline 0.003 -20"><span class='ocrx_word' id='word_1_530' title='bbox 2190 3118 2205 3131; x_wconf 37' lang='lat' dir='ltr'><strong><em>r</em></strong></span> <span class='ocrx_word' id='word_1_531' title='bbox 2247 3136 2312 3207; x_wconf 73' lang='grc' dir='ltr'><strong>ζ’.</strong></span> <span class='ocrx_word' id='word_1_532' title='bbox 2338 3138 2411 3195; x_wconf 84' lang='lat' dir='ltr'><em>T6</em></span> <span class='ocrx_word' id='word_1_533' title='bbox 2426 3140 2484 3195; x_wconf 70' lang='grc' dir='ltr'><strong>δὲ</strong></span> <span class='ocrx_word' id='word_1_534' title='bbox 2503 3141 2597 3195; x_wconf 75' lang='grc' dir='ltr'><strong>καὶ</strong></span> <span class='ocrx_word' id='word_1_535' title='bbox 2622 3139 2712 3195; x_wconf 76' lang='grc' dir='ltr'>τὸν</span> <span class='ocrx_word' id='word_1_536' title='bbox 2738 3140 2874 3195; x_wconf 79' lang='grc' dir='ltr'>Θεὸν</span> <span class='ocrx_word' id='word_1_537' title='bbox 2898 3140 3137 3210; x_wconf 82' lang='grc' dir='ltr'>ἀγνοεῖν,</span> <span class='ocrx_word' id='word_1_538' title='bbox 3161 3144 3208 3197; x_wconf 76' lang='grc' dir='ltr'>εἰ</span> <span class='ocrx_word' id='word_1_539' title='bbox 3230 3145 3257 3197; x_wconf 89' lang='lat'><strong>6</strong></span> <span class='ocrx_word' id='word_1_540' title='bbox 3283 3142 3530 3215; x_wconf 79' lang='grc' dir='ltr'>Χριστὸς</span> <span class='ocrx_word' id='word_1_541' title='bbox 3552 3146 3741 3213; x_wconf 62' lang='grc' dir='ltr'><strong>ἐδίδαξε</strong></span> 
     </span>
    </p>
   </div>
   <div class='ocr_carea' id='block_1_77' title="bbox 2174 3234 3739 3305">
    <p class='ocr_par' dir='ltr' id='par_1_77' title="bbox 2174 3234 3739 3305">
     <span class='ocr_line' id='line_1_77' title="bbox 2174 3234 3739 3305; baseline 0.002 -17"><span class='ocrx_word' id='word_1_542' title='bbox 2174 3235 2303 3297; x_wconf 82' lang='grc' dir='ltr'>τοὺς</span> <span class='ocrx_word' id='word_1_543' title='bbox 2342 3234 2665 3305; x_wconf 77' lang='grc' dir='ltr'>ἀνθρώπους</span> <span class='ocrx_word' id='word_1_544' title='bbox 2706 3234 2789 3288; x_wconf 85' lang='grc' dir='ltr'><strong>ὅτι</strong></span> <span class='ocrx_word' id='word_1_545' title='bbox 2822 3234 2955 3298; x_wconf 87' lang='grc' dir='ltr'>Θεός</span> <span class='ocrx_word' id='word_1_546' title='bbox 3007 3234 3125 3288; x_wconf 78' lang='grc' dir='ltr'>ἐστι</span> <span class='ocrx_word' id='word_1_547' title='bbox 3159 3237 3256 3289; x_wconf 71' lang='grc' dir='ltr'>καὶ</span> <span class='ocrx_word' id='word_1_548' title='bbox 3308 3238 3503 3303; x_wconf 74' lang='grc' dir='ltr'>αὐτὸς,</span> <span class='ocrx_word' id='word_1_549' title='bbox 3544 3242 3635 3292; x_wconf 73' lang='grc' dir='ltr'><strong>καὶ</strong></span> <span class='ocrx_word' id='word_1_550' title='bbox 3665 3239 3739 3291; x_wconf 61' lang='lat' dir='ltr'><strong>citi</strong></span> 
     </span>
    </p>
   </div>
   <div class='ocr_carea' id='block_1_78' title="bbox 2175 3327 3735 3398">
    <p class='ocr_par' dir='ltr' id='par_1_78' title="bbox 2175 3327 3735 3398">
     <span class='ocr_line' id='line_1_78' title="bbox 2175 3327 3735 3398; baseline 0.003 -20"><span class='ocrx_word' id='word_1_551' title='bbox 2175 3327 2333 3379; x_wconf 76' lang='grc' dir='ltr'>τοῦτο</span> <span class='ocrx_word' id='word_1_552' title='bbox 2367 3327 2652 3397; x_wconf 78' lang='grc' dir='ltr'>ἐπερωτᾷν</span> <span class='ocrx_word' id='word_1_553' title='bbox 2683 3327 2866 3390; x_wconf 74' lang='grc' dir='ltr'>αὑτὸν,</span> <span class='ocrx_word' id='word_1_554' title='bbox 2924 3328 3017 3380; x_wconf 71' lang='grc' dir='ltr'><strong>καὶ</strong></span> <span class='ocrx_word' id='word_1_555' title='bbox 3064 3328 3461 3398; x_wconf 78' lang='grc' dir='ltr'>ἀρνησαμένου</span> <span class='ocrx_word' id='word_1_556' title='bbox 3505 3330 3735 3394; x_wconf 75' lang='grc' dir='ltr'>δέξασθαι</span> 
     </span>
    </p>
   </div>
   <div class='ocr_carea' id='block_1_79' title="bbox 2175 3417 3733 3493">
    <p class='ocr_par' dir='ltr' id='par_1_79' title="bbox 2175 3417 3733 3493">
     <span class='ocr_line' id='line_1_79' title="bbox 2175 3417 3733 3493; baseline 0.003 -23"><span class='ocrx_word' id='word_1_557' title='bbox 2175 3417 2312 3481; x_wconf 79' lang='grc' dir='ltr'>τέως</span> <span class='ocrx_word' id='word_1_558' title='bbox 2368 3418 2466 3489; x_wconf 83' lang='grc' dir='ltr'>τὴν</span> <span class='ocrx_word' id='word_1_559' title='bbox 2501 3419 2801 3486; x_wconf 83' lang='grc' dir='ltr'>ἀπολογίαν</span> <span class='ocrx_word' id='word_1_560' title='bbox 2833 3418 3029 3485; x_wconf 77' lang='grc' dir='ltr'>αὑτοῦ,</span> <span class='ocrx_word' id='word_1_561' title='bbox 3066 3421 3229 3484; x_wconf 71' lang='grc' dir='ltr'>ποίας</span> <span class='ocrx_word' id='word_1_562' title='bbox 3267 3424 3368 3474; x_wconf 72' lang='grc' dir='ltr'>οὐκ</span> <span class='ocrx_word' id='word_1_563' title='bbox 3402 3422 3473 3475; x_wconf 82' lang='grc' dir='ltr'>ἂν</span> <span class='ocrx_word' id='word_1_564' title='bbox 3510 3426 3596 3493; x_wconf 78' lang='grc' dir='ltr'><strong>εἴη</strong></span> <span class='ocrx_word' id='word_1_565' title='bbox 3647 3443 3733 3476; x_wconf 80' lang='grc' dir='ltr'>κα-</span> 
     </span>
    </p>
   </div>
   <div class='ocr_carea' id='block_1_80' title="bbox 2175 3508 3743 3584">
    <p class='ocr_par' dir='ltr' id='par_1_80' title="bbox 2175 3508 3743 3584">
     <span class='ocr_line' id='line_1_80' title="bbox 2175 3508 3743 3584; baseline 0.004 -23"><span class='ocrx_word' id='word_1_566' title='bbox 2175 3512 2501 3578; x_wconf 79' lang='grc' dir='ltr'>ταγνώσεως</span> <span class='ocrx_word' id='word_1_567' title='bbox 2537 3508 2723 3577; x_wconf 63' lang='lat' dir='ltr'><strong>eam;</strong></span> <span class='ocrx_word' id='word_1_568' title='bbox 2761 3511 2883 3575; x_wconf 88' lang='grc' dir='ltr'>Πῶς</span> <span class='ocrx_word' id='word_1_569' title='bbox 2924 3512 3034 3583; x_wconf 77' lang='grc' dir='ltr'><strong>γὰρ</strong></span> <span class='ocrx_word' id='word_1_570' title='bbox 3068 3512 3225 3577; x_wconf 73' lang='grc' dir='ltr'>Θεὸς,</span> <span class='ocrx_word' id='word_1_571' title='bbox 3267 3514 3316 3565; x_wconf 79' lang='grc' dir='ltr'><strong>εἰ</strong></span> <span class='ocrx_word' id='word_1_572' title='bbox 3350 3516 3537 3584; x_wconf 76' lang='grc' dir='ltr'>ἀγνοεῖ</span> <span class='ocrx_word' id='word_1_573' title='bbox 3574 3515 3635 3568; x_wconf 75' lang='grc' dir='ltr'>τὸ</span> <span class='ocrx_word' id='word_1_574' title='bbox 3660 3532 3743 3583; x_wconf 66' lang='grc' dir='ltr'><strong>γε·</strong></span> 
     </span>
    </p>
   </div>
   <div class='ocr_carea' id='block_1_81' title="bbox 2176 3602 3744 3674">
    <p class='ocr_par' dir='ltr' id='par_1_81' title="bbox 2176 3602 3744 3674">
     <span class='ocr_line' id='line_1_81' title="bbox 2176 3602 3744 3674; baseline 0.003 -19"><span class='ocrx_word' id='word_1_575' title='bbox 2176 3602 2404 3672; x_wconf 83' lang='grc' dir='ltr'>νόμενον</span> <span class='ocrx_word' id='word_1_576' title='bbox 2436 3620 2450 3668; x_wconf 89' lang='grc'>;</span> <span class='ocrx_word' id='word_1_577' title='bbox 2485 3602 2607 3666; x_wconf 79' lang='grc' dir='ltr'>Πῶς</span> <span class='ocrx_word' id='word_1_578' title='bbox 2637 3603 2694 3657; x_wconf 78' lang='grc' dir='ltr'><strong>δὲ</strong></span> <span class='ocrx_word' id='word_1_579' title='bbox 2730 3605 2822 3657; x_wconf 74' lang='grc' dir='ltr'>καὶ</span> <span class='ocrx_word' id='word_1_580' title='bbox 2848 3603 2876 3657; x_wconf 89' lang='lat'><strong>6</strong></span> <span class='ocrx_word' id='word_1_581' title='bbox 2926 3604 3193 3674; x_wconf 71' lang='grc' dir='ltr'>Χριστὸς,</span> <span class='ocrx_word' id='word_1_582' title='bbox 3234 3606 3489 3667; x_wconf 84' lang='grc' dir='ltr'>ἀλήθειαν</span> <span class='ocrx_word' id='word_1_583' title='bbox 3543 3607 3744 3659; x_wconf 78' lang='grc' dir='ltr'>ἑαυτὸν</span> 
     </span>
    </p>
   </div>
   <div class='ocr_carea' id='block_1_82' title="bbox 2176 3695 3746 3769">
    <p class='ocr_par' dir='ltr' id='par_1_82' title="bbox 2176 3695 3746 3769">
     <span class='ocr_line' id='line_1_82' title="bbox 2176 3695 3746 3769; baseline 0.003 -21"><span class='ocrx_word' id='word_1_584' title='bbox 2176 3696 2318 3749; x_wconf 87' lang='grc' dir='ltr'><strong>κατά</strong></span> <span class='ocrx_word' id='word_1_585' title='bbox 2344 3695 2404 3749; x_wconf 77' lang='grc' dir='ltr'>τὸ</span> <span class='ocrx_word' id='word_1_586' title='bbox 2430 3695 2769 3766; x_wconf 81' lang='grc' dir='ltr'>Εὐαγγέλιον</span> <span class='ocrx_word' id='word_1_587' title='bbox 2815 3696 3118 3767; x_wconf 84' lang='grc' dir='ltr'>ὀνομάσας,</span> <span class='ocrx_word' id='word_1_588' title='bbox 3152 3698 3417 3767; x_wconf 77' lang='grc' dir='ltr'>ἐψεύσατο</span> <span class='ocrx_word' id='word_1_589' title='bbox 3484 3699 3636 3769; x_wconf 72' lang='grc' dir='ltr'>παρὰ</span> <span class='ocrx_word' id='word_1_590' title='bbox 3668 3698 3746 3768; x_wconf 82' lang='grc' dir='ltr'><strong>τῷ</strong></span> 
     </span>
    </p>
   </div>
   <div class='ocr_carea' id='block_1_83' title="bbox 2175 3786 3750 3866">
    <p class='ocr_par' dir='ltr' id='par_1_83' title="bbox 2175 3786 3750 3866">
     <span class='ocr_line' id='line_1_83' title="bbox 2175 3786 3750 3866; baseline 0.004 -23"><span class='ocrx_word' id='word_1_591' title='bbox 2175 3786 2294 3860; x_wconf 80' lang='grc' dir='ltr'><strong>Θεῷ</strong></span> <span class='ocrx_word' id='word_1_592' title='bbox 2317 3789 2416 3862; x_wconf 79' lang='grc' dir='ltr'>τὴν</span> <span class='ocrx_word' id='word_1_593' title='bbox 2457 3790 2718 3861; x_wconf 82' lang='grc' dir='ltr'>ἀλήθειαν</span> <span class='ocrx_word' id='word_1_594' title='bbox 2749 3793 3154 3866; x_wconf 79' lang='grc' dir='ltr'>ἀρνησάμενος,</span> <span class='ocrx_word' id='word_1_595' title='bbox 3190 3796 3372 3851; x_wconf 75' lang='grc' dir='ltr'>καίτοι</span> <span class='ocrx_word' id='word_1_596' title='bbox 3400 3796 3533 3859; x_wconf 65' lang='grc' dir='ltr'>Θεὸς</span> <span class='ocrx_word' id='word_1_597' title='bbox 3559 3795 3658 3863; x_wconf 81' lang='grc' dir='ltr'><strong>ῶν,</strong></span> <span class='ocrx_word' id='word_1_598' title='bbox 3680 3795 3750 3858; x_wconf 78' lang='grc' dir='ltr'><strong>ὡς</strong></span> 
     </span>
    </p>
   </div>
   <div class='ocr_carea' id='block_1_84' title="bbox 2176 3883 2717 3953">
    <p class='ocr_par' dir='ltr' id='par_1_84' title="bbox 2176 3883 2717 3953">
     <span class='ocr_line' id='line_1_84' title="bbox 2176 3883 2717 3953; baseline 0.007 -18"><span class='ocrx_word' id='word_1_599' title='bbox 2176 3883 2671 3953; x_wconf 68' lang='grc' dir='ltr'>προαποδεδεικται</span> <span class='ocrx_word' id='word_1_600' title='bbox 2700 3901 2717 3953; x_wconf 84' lang='lat'><strong>;</strong></span> 
     </span>
    </p>
   </div>
   <div class='ocr_carea' id='block_1_85' title="bbox 2244 4041 3750 4119">
    <p class='ocr_par' dir='ltr' id='par_1_85' title="bbox 2244 4041 3750 4119">
     <span class='ocr_line' id='line_1_85' title="bbox 2244 4041 3750 4119; baseline 0 -21"><span class='ocrx_word' id='word_1_601' title='bbox 2244 4041 2316 4114; x_wconf 80' lang='grc' dir='ltr'><strong>η’.</strong></span> <span class='ocrx_word' id='word_1_602' title='bbox 2354 4041 2749 4099; x_wconf 77' lang='grc' dir='ltr'>Διαϐἀλλουσιν</span> <span class='ocrx_word' id='word_1_603' title='bbox 2817 4046 2969 4116; x_wconf 73' lang='grc' dir='ltr'>ἡμᾶς</span> <span class='ocrx_word' id='word_1_604' title='bbox 3011 4046 3088 4110; x_wconf 87' lang='grc' dir='ltr'><strong>ὡς</strong></span> <span class='ocrx_word' id='word_1_605' title='bbox 3130 4046 3565 4119; x_wconf 76' lang='grc' dir='ltr'>εἰδωλολάτρας,</span> <span class='ocrx_word' id='word_1_606' title='bbox 3582 4047 3674 4101; x_wconf 74' lang='grc' dir='ltr'><strong>διὰ</strong></span> <span class='ocrx_word' id='word_1_607' title='bbox 3695 4047 3750 4099; x_wconf 74' lang='grc' dir='ltr'><strong>τὸ</strong></span> 
     </span>
    </p>
   </div>
   <div class='ocr_carea' id='block_1_86' title="bbox 2175 4135 3754 4209">
    <p class='ocr_par' dir='ltr' id='par_1_86' title="bbox 2175 4135 3754 4209">
     <span class='ocr_line' id='line_1_86' title="bbox 2175 4135 3754 4209; baseline 0.004 -24"><span class='ocrx_word' id='word_1_608' title='bbox 2175 4135 2507 4203; x_wconf 81' lang='grc' dir='ltr'>προσκυνεῖν</span> <span class='ocrx_word' id='word_1_609' title='bbox 2552 4136 2647 4189; x_wconf 82' lang='grc' dir='ltr'>τὸν</span> <span class='ocrx_word' id='word_1_610' title='bbox 2703 4140 2959 4207; x_wconf 78' lang='grc' dir='ltr'>σταυρὸν,</span> <span class='ocrx_word' id='word_1_611' title='bbox 2990 4138 3051 4190; x_wconf 80' lang='grc' dir='ltr'>ὃν</span> <span class='ocrx_word' id='word_1_612' title='bbox 3082 4140 3177 4191; x_wconf 72' lang='grc' dir='ltr'>καὶ</span> <span class='ocrx_word' id='word_1_613' title='bbox 3211 4139 3622 4209; x_wconf 77' lang='grc' dir='ltr'>βδελύττονται.</span> <span class='ocrx_word' id='word_1_614' title='bbox 3654 4141 3754 4193; x_wconf 72' lang='grc' dir='ltr'><strong>Καὶ</strong></span> 
     </span>
    </p>
   </div>
   <div class='ocr_carea' id='block_1_87' title="bbox 2174 4222 3751 4300">
    <p class='ocr_par' dir='ltr' id='par_1_87' title="bbox 2174 4222 3751 4300">
     <span class='ocr_line' id='line_1_87' title="bbox 2174 4222 3751 4300; baseline 0.004 -25"><span class='ocrx_word' id='word_1_615' title='bbox 2174 4222 2409 4294; x_wconf 80' lang='grc' dir='ltr'>λέγομεν</span> <span class='ocrx_word' id='word_1_616' title='bbox 2435 4225 2567 4294; x_wconf 85' lang='grc' dir='ltr'>πρὸς</span> <span class='ocrx_word' id='word_1_617' title='bbox 2607 4226 2837 4290; x_wconf 74' lang='grc' dir='ltr'>αὐτούς’</span> <span class='ocrx_word' id='word_1_618' title='bbox 2876 4228 2999 4291; x_wconf 87' lang='grc' dir='ltr'>Πῶς</span> <span class='ocrx_word' id='word_1_619' title='bbox 3025 4226 3120 4281; x_wconf 76' lang='grc' dir='ltr'>οὖν</span> <span class='ocrx_word' id='word_1_620' title='bbox 3162 4231 3257 4281; x_wconf 66' lang='grc' dir='ltr'><strong>καὶ⁵</strong></span> <span class='ocrx_word' id='word_1_621' title='bbox 3299 4230 3460 4297; x_wconf 80' lang='grc' dir='ltr'>ὑμεῖς</span> <span class='ocrx_word' id='word_1_622' title='bbox 3490 4230 3751 4300; x_wconf 77' lang='grc' dir='ltr'>προστρί-</span> 
     </span>
    </p>
   </div>
   <div class='ocr_carea' id='block_1_88' title="bbox 2183 4313 3752 4387">
    <p class='ocr_par' dir='ltr' id='par_1_88' title="bbox 2183 4313 3752 4387">
     <span class='ocr_line' id='line_1_88' title="bbox 2183 4313 3752 4387; baseline 0.004 -20"><span class='ocrx_word' id='word_1_623' title='bbox 2183 4313 2346 4368; x_wconf 80' lang='grc' dir='ltr'>ϐεσθε</span> <span class='ocrx_word' id='word_1_624' title='bbox 2384 4315 2466 4385; x_wconf 88' lang='grc' dir='ltr'>τῷ</span> <span class='ocrx_word' id='word_1_625' title='bbox 2495 4315 2630 4387; x_wconf 79' lang='grc' dir='ltr'>λίθῳ</span> <span class='ocrx_word' id='word_1_626' title='bbox 2653 4317 2749 4369; x_wconf 78' lang='grc' dir='ltr'>τοῦ</span> <span class='ocrx_word' id='word_1_627' title='bbox 2788 4318 3095 4387; x_wconf 78' lang='grc' dir='ltr'>Βραχθὰν,</span> <span class='ocrx_word' id='word_1_628' title='bbox 3142 4320 3237 4371; x_wconf 79' lang='grc' dir='ltr'><strong>καὶ</strong></span> <span class='ocrx_word' id='word_1_629' title='bbox 3280 4319 3491 4387; x_wconf 77' lang='grc' dir='ltr'>φιλεῖτε</span> <span class='ocrx_word' id='word_1_630' title='bbox 3523 4320 3752 4383; x_wconf 81' lang='grc' dir='ltr'>τοῦτον;</span> 
     </span>
    </p>
   </div>
   <div class='ocr_carea' id='block_1_89' title="bbox 496 4387 2073 4479">
    <p class='ocr_par' dir='ltr' id='par_1_89' title="bbox 496 4387 2071 4474">
     <span class='ocr_line' id='line_1_89' title="bbox 496 4387 2071 4474; baseline 0.011 -33"><span class='ocrx_word' id='word_1_631' title='bbox 496 4387 721 4442; x_wconf 76' lang='lat' dir='ltr'><strong>lumini?</strong></span> <span class='ocrx_word' id='word_1_632' title='bbox 752 4387 815 4443; x_wconf 89' lang='lat' dir='ltr'><strong>Et</strong></span> <span class='ocrx_word' id='word_1_633' title='bbox 840 4394 1438 4461; x_wconf 58' lang='lat' dir='ltr'><strong>respondentmonnulli</strong></span> <span class='ocrx_word' id='word_1_634' title='bbox 1463 4413 1527 4453; x_wconf 84' lang='lat' dir='ltr'><strong>ex</strong></span> <span class='ocrx_word' id='word_1_635' title='bbox 1564 4399 1729 4469; x_wconf 79' lang='lat' dir='ltr'><strong>ipsis:</strong></span> <span class='ocrx_word' id='word_1_636' title='bbox 1756 4401 1903 4474; x_wconf 82' lang='lat' dir='ltr'><strong>Ideo,</strong></span> <span class='ocrx_word' id='word_1_637' title='bbox 1945 4405 2071 4473; x_wconf 84' lang='lat' dir='ltr'><strong>quia</strong></span> 
     </span>
    </p>
   </div>
   <div class='ocr_carea' id='block_1_90' title="bbox 2178 4387 3753 4479">
    <p class='ocr_par' dir='ltr' id='par_1_90' title="bbox 2180 4406 3753 4479">
     <span class='ocr_line' id='line_1_90' title="bbox 2180 4406 3753 4479; baseline 0.001 -16"><span class='ocrx_word' id='word_1_638' title='bbox 2180 4406 2291 4463; x_wconf 82' lang='grc' dir='ltr'><strong>Καί</strong></span> <span class='ocrx_word' id='word_1_639' title='bbox 2319 4424 2467 4471; x_wconf 85' lang='grc' dir='ltr'>τινες</span> <span class='ocrx_word' id='word_1_640' title='bbox 2500 4409 2603 4476; x_wconf 78' lang='grc' dir='ltr'><strong>μὲν</strong></span> <span class='ocrx_word' id='word_1_641' title='bbox 2628 4409 2806 4464; x_wconf 86' lang='grc' dir='ltr'>αὐτῶν</span> <span class='ocrx_word' id='word_1_642' title='bbox 2836 4425 2970 4479; x_wconf 79' lang='grc' dir='ltr'>φασι</span> <span class='ocrx_word' id='word_1_643' title='bbox 2995 4427 3011 4443; x_wconf 78' lang='lat'><strong>-</strong></span> <span class='ocrx_word' id='word_1_644' title='bbox 3036 4410 3182 4463; x_wconf 81' lang='grc' dir='ltr'>Διότι</span> <span class='ocrx_word' id='word_1_645' title='bbox 3212 4410 3403 4464; x_wconf 75' lang='grc' dir='ltr'>ἐπάνω</span> <span class='ocrx_word' id='word_1_646' title='bbox 3434 4410 3613 4464; x_wconf 79' lang='grc' dir='ltr'>αὐτοῦ</span> <span class='ocrx_word' id='word_1_647' title='bbox 3640 4429 3753 4465; x_wconf 80' lang='grc' dir='ltr'>συν-</span> 
     </span>
    </p>
   </div>
   <div class='ocr_carea' id='block_1_91' title="bbox 496 4481 2072 4564">
    <p class='ocr_par' dir='ltr' id='par_1_91' title="bbox 496 4481 2072 4564">
     <span class='ocr_line' id='line_1_91' title="bbox 496 4481 2072 4564; baseline 0.011 -29"><span class='ocrx_word' id='word_1_648' title='bbox 496 4496 661 4550; x_wconf 88' lang='lat' dir='ltr'><strong>super</strong></span> <span class='ocrx_word' id='word_1_649' title='bbox 686 4481 863 4551; x_wconf 87' lang='lat' dir='ltr'><strong>ipsum</strong></span> <span class='ocrx_word' id='word_1_650' title='bbox 907 4486 1175 4539; x_wconf 84' lang='lat' dir='ltr'><strong>Abraham</strong></span> <span class='ocrx_word' id='word_1_651' title='bbox 1201 4500 1325 4541; x_wconf 85' lang='lat' dir='ltr'><strong>cum</strong></span> <span class='ocrx_word' id='word_1_652' title='bbox 1373 4491 1516 4559; x_wconf 80' lang='lat' dir='ltr'><strong>Agar</strong></span> <span class='ocrx_word' id='word_1_653' title='bbox 1569 4506 1890 4564; x_wconf 79' lang='lat' dir='ltr'><strong>congressus</strong></span> <span class='ocrx_word' id='word_1_654' title='bbox 1943 4505 2072 4551; x_wconf 87' lang='lat' dir='ltr'><strong>est:</strong></span> 
     </span>
    </p>
   </div>
   <div class='ocr_carea' id='block_1_92' title="bbox 494 4574 2071 4652">
    <p class='ocr_par' dir='ltr' id='par_1_92' title="bbox 494 4574 2071 4652">
     <span class='ocr_line' id='line_1_92' title="bbox 494 4574 2071 4652; baseline 0.011 -26"><span class='ocrx_word' id='word_1_655' title='bbox 494 4574 584 4626; x_wconf 88' lang='lat' dir='ltr'><strong>alii</strong></span> <span class='ocrx_word' id='word_1_656' title='bbox 615 4590 763 4641; x_wconf 90' lang='lat' dir='ltr'><strong>vero,</strong></span> <span class='ocrx_word' id='word_1_657' title='bbox 794 4575 916 4644; x_wconf 90' lang='lat' dir='ltr'><strong>quia</strong></span> <span class='ocrx_word' id='word_1_658' title='bbox 947 4578 1011 4631; x_wconf 90' lang='lat' dir='ltr'><strong>ad</strong></span> <span class='ocrx_word' id='word_1_659' title='bbox 1070 4579 1246 4649; x_wconf 91' lang='lat' dir='ltr'><strong>ipsum</strong></span> <span class='ocrx_word' id='word_1_660' title='bbox 1297 4580 1540 4651; x_wconf 83' lang='lat' dir='ltr'><strong>alligavit</strong></span> <span class='ocrx_word' id='word_1_661' title='bbox 1594 4585 1890 4652; x_wconf 71' lang='lat' dir='ltr'><strong>camelum,</strong></span> <span class='ocrx_word' id='word_1_662' title='bbox 1949 4602 2071 4643; x_wconf 90' lang='lat' dir='ltr'><strong>cum</strong></span> 
     </span>
    </p>
   </div>
   <div class='ocr_carea' id='block_1_93' title="bbox 496 4660 2070 4745">
    <p class='ocr_par' dir='ltr' id='par_1_93' title="bbox 496 4660 2070 4745">
     <span class='ocr_line' id='line_1_93' title="bbox 496 4660 2070 4745; baseline 0.012 -28"><span class='ocrx_word' id='word_1_663' title='bbox 496 4660 1132 4726; x_wconf 51' lang='lat' dir='ltr'><strong>Isaacumimmolaturus</strong></span> <span class='ocrx_word' id='word_1_664' title='bbox 1161 4680 1326 4730; x_wconf 89' lang='lat' dir='ltr'><strong>esset.</strong></span> <span class='ocrx_word' id='word_1_665' title='bbox 1362 4674 1442 4727; x_wconf 81' lang='lat' dir='ltr'><strong>Ad</strong></span> <span class='ocrx_word' id='word_1_666' title='bbox 1466 4692 1601 4745; x_wconf 91' lang='lat' dir='ltr'><strong>quos</strong></span> <span class='ocrx_word' id='word_1_667' title='bbox 1658 4694 1755 4734; x_wconf 90' lang='lat' dir='ltr'><strong>nos</strong></span> <span class='ocrx_word' id='word_1_668' title='bbox 1829 4680 2020 4735; x_wconf 88' lang='lat' dir='ltr'><strong>iterum</strong></span> <span class='ocrx_word' id='word_1_669' title='bbox 2056 4695 2070 4736; x_wconf 92' lang='lat'><strong>:</strong></span> 
     </span>
    </p>
   </div>
   <div class='ocr_carea' id='block_1_94' title="bbox 494 4753 2073 4839">
    <p class='ocr_par' dir='ltr' id='par_1_94' title="bbox 494 4753 2073 4839">
     <span class='ocr_line' id='line_1_94' title="bbox 494 4753 2073 4839; baseline 0.013 -32"><span class='ocrx_word' id='word_1_670' title='bbox 494 4753 645 4810; x_wconf 82' lang='lat' dir='ltr'><strong>ltane</strong></span> <span class='ocrx_word' id='word_1_671' title='bbox 673 4773 767 4812; x_wconf 89' lang='lat' dir='ltr'><strong>vos</strong></span> <span class='ocrx_word' id='word_1_672' title='bbox 798 4774 901 4812; x_wconf 92' lang='lat' dir='ltr'><strong>non</strong></span> <span class='ocrx_word' id='word_1_673' title='bbox 932 4761 1093 4828; x_wconf 91' lang='lat' dir='ltr'><strong>pudet</strong></span> <span class='ocrx_word' id='word_1_674' title='bbox 1122 4764 1352 4820; x_wconf 85' lang='lat' dir='ltr'><strong>adorare</strong></span> <span class='ocrx_word' id='word_1_675' title='bbox 1388 4774 1441 4819; x_wconf 91' lang='lat' dir='ltr'><strong>et</strong></span> <span class='ocrx_word' id='word_1_676' title='bbox 1464 4768 1730 4823; x_wconf 90' lang='lat' dir='ltr'><strong>honorare</strong></span> <span class='ocrx_word' id='word_1_677' title='bbox 1763 4770 1993 4839; x_wconf 88' lang='lat' dir='ltr'><strong>lapidem</strong></span> <span class='ocrx_word' id='word_1_678' title='bbox 2023 4774 2073 4827; x_wconf 92' lang='lat' dir='ltr'><strong>iu</strong></span> 
     </span>
    </p>
   </div>
   <div class='ocr_carea' id='block_1_95' title="bbox 493 4851 2076 4932">
    <p class='ocr_par' dir='ltr' id='par_1_95' title="bbox 493 4851 2076 4932">
     <span class='ocr_line' id='line_1_95' title="bbox 493 4851 2076 4932; baseline 0.017 -37"><span class='ocrx_word' id='word_1_679' title='bbox 493 4862 600 4916; x_wconf 90' lang='lat' dir='ltr'><strong>quo</strong></span> <span class='ocrx_word' id='word_1_680' title='bbox 618 4864 738 4901; x_wconf 88' lang='lat' dir='ltr'><strong>cum</strong></span> <span class='ocrx_word' id='word_1_681' title='bbox 768 4851 989 4907; x_wconf 90' lang='lat' dir='ltr'><strong>muliere</strong></span> <span class='ocrx_word' id='word_1_682' title='bbox 1011 4852 1283 4909; x_wconf 82' lang='lat' dir='ltr'><strong>Abraham</strong></span> <span class='ocrx_word' id='word_1_683' title='bbox 1303 4858 1487 4925; x_wconf 90' lang='lat' dir='ltr'><strong>coivit,</strong></span> <span class='ocrx_word' id='word_1_684' title='bbox 1518 4866 1607 4913; x_wconf 90' lang='lat' dir='ltr'><strong>aut</strong></span> <span class='ocrx_word' id='word_1_685' title='bbox 1632 4862 1698 4915; x_wconf 87' lang='lat' dir='ltr'><strong>ad</strong></span> <span class='ocrx_word' id='word_1_686' title='bbox 1718 4879 1875 4932; x_wconf 88' lang='lat' dir='ltr'><strong>quem</strong></span> <span class='ocrx_word' id='word_1_687' title='bbox 1897 4881 2076 4921; x_wconf 83' lang='lat' dir='ltr'><strong>came-</strong></span> 
     </span>
    </p>
   </div>
   <div class='ocr_carea' id='block_1_96' title="bbox 494 4938 2075 5024">
    <p class='ocr_par' dir='ltr' id='par_1_96' title="bbox 494 4938 2075 5024">
     <span class='ocr_line' id='line_1_96' title="bbox 494 4938 2075 5024; baseline 0.013 -31"><span class='ocrx_word' id='word_1_688' title='bbox 494 4938 607 4993; x_wconf 90' lang='lat' dir='ltr'><strong>lum</strong></span> <span class='ocrx_word' id='word_1_689' title='bbox 637 4942 874 5011; x_wconf 79' lang='lat' dir='ltr'><strong>alligavit</strong></span> <span class='ocrx_word' id='word_1_690' title='bbox 908 4961 922 4997; x_wconf 89' lang='lat'><strong>:</strong></span> <span class='ocrx_word' id='word_1_691' title='bbox 971 4946 1128 5002; x_wconf 90' lang='lat' dir='ltr'><strong>nobis</strong></span> <span class='ocrx_word' id='word_1_692' title='bbox 1162 4963 1289 5004; x_wconf 88' lang='lat' dir='ltr'><strong>vero</strong></span> <span class='ocrx_word' id='word_1_693' title='bbox 1311 4954 1650 5020; x_wconf 77' lang='lat' dir='ltr'><strong>exprobratis</strong></span> <span class='ocrx_word' id='word_1_694' title='bbox 1677 4956 1819 5024; x_wconf 88' lang='lat' dir='ltr'><strong>quod</strong></span> <span class='ocrx_word' id='word_1_695' title='bbox 1860 4973 2075 5013; x_wconf 84' lang='lat' dir='ltr'><strong>crucem</strong></span> 
     </span>
    </p>
   </div>
   <div class='ocr_carea' id='block_1_97' title="bbox 493 5035 2076 5109">
    <p class='ocr_par' dir='ltr' id='par_1_97' title="bbox 493 5035 2076 5109">
     <span class='ocr_line' id='line_1_97' title="bbox 493 5035 2076 5109; baseline 0.011 -23"><span class='ocrx_word' id='word_1_696' title='bbox 493 5035 800 5099; x_wconf 89' lang='lat' dir='ltr'><strong>adoremus,</strong></span> <span class='ocrx_word' id='word_1_697' title='bbox 826 5053 1100 5109; x_wconf 89' lang='lat' dir='ltr'><strong>perquam</strong></span> <span class='ocrx_word' id='word_1_698' title='bbox 1176 5043 1320 5097; x_wconf 87' lang='lat' dir='ltr'><strong>vires</strong></span> <span class='ocrx_word' id='word_1_699' title='bbox 1384 5045 1714 5109; x_wconf 74' lang='lat' dir='ltr'><strong>dtemouum,</strong></span> <span class='ocrx_word' id='word_1_700' title='bbox 1763 5058 1818 5102; x_wconf 88' lang='lat' dir='ltr'><strong>et</strong></span> <span class='ocrx_word' id='word_1_701' title='bbox 1872 5049 2076 5105; x_wconf 89' lang='lat' dir='ltr'><strong>diaboli</strong></span> 
     </span>
    </p>
   </div>
   <div class='ocr_carea' id='block_1_98' title="bbox 493 5128 2078 5212">
    <p class='ocr_par' dir='ltr' id='par_1_98' title="bbox 493 5128 2078 5212">
     <span class='ocr_line' id='line_1_98' title="bbox 493 5128 2078 5212; baseline 0.01 -31"><span class='ocrx_word' id='word_1_702' title='bbox 493 5128 670 5181; x_wconf 91' lang='lat' dir='ltr'><strong>omnis</strong></span> <span class='ocrx_word' id='word_1_703' title='bbox 693 5130 943 5199; x_wconf 86' lang='lat' dir='ltr'><strong>deceptio</strong></span> <span class='ocrx_word' id='word_1_704' title='bbox 977 5143 1308 5189; x_wconf 84' lang='lat' dir='ltr'><strong>enervantur</strong></span> <span class='ocrx_word' id='word_1_705' title='bbox 1344 5146 1400 5191; x_wconf 89' lang='lat' dir='ltr'><strong>et</strong></span> <span class='ocrx_word' id='word_1_706' title='bbox 1449 5136 1860 5206; x_wconf 80' lang='lat' dir='ltr'><strong>infringuntur?</strong></span> <span class='ocrx_word' id='word_1_707' title='bbox 1912 5143 2078 5212; x_wconf 77' lang='lat' dir='ltr'><strong>Atqui</strong></span> 
     </span>
    </p>
   </div>
   <div class='ocr_carea' id='block_1_99' title="bbox 495 5219 2078 5300">
    <p class='ocr_par' dir='ltr' id='par_1_99' title="bbox 495 5219 2078 5300">
     <span class='ocr_line' id='line_1_99' title="bbox 495 5219 2078 5300; baseline 0.012 -30"><span class='ocrx_word' id='word_1_708' title='bbox 495 5219 784 5285; x_wconf 75' lang='lat' dir='ltr'><strong>prtedictus</strong></span> <span class='ocrx_word' id='word_1_709' title='bbox 812 5220 943 5289; x_wconf 90' lang='lat' dir='ltr'><strong>lapis</strong></span> <span class='ocrx_word' id='word_1_710' title='bbox 974 5223 1075 5277; x_wconf 90' lang='lat' dir='ltr'><strong>iste</strong></span> <span class='ocrx_word' id='word_1_711' title='bbox 1109 5234 1268 5295; x_wconf 87' lang='lat' dir='ltr'><strong>caput</strong></span> <span class='ocrx_word' id='word_1_712' title='bbox 1306 5238 1391 5281; x_wconf 90' lang='lat' dir='ltr'><strong>est</strong></span> <span class='ocrx_word' id='word_1_713' title='bbox 1414 5227 1660 5295; x_wconf 79' lang='lat' dir='ltr'><strong>Veneris,</strong></span> <span class='ocrx_word' id='word_1_714' title='bbox 1689 5247 1847 5300; x_wconf 87' lang='lat' dir='ltr'><strong>quam</strong></span> <span class='ocrx_word' id='word_1_715' title='bbox 1875 5230 2078 5289; x_wconf 83' lang='lat' dir='ltr'><strong>lsmae-</strong></span> 
     </span>
    </p>
   </div>
   <div class='ocr_carea' id='block_1_100' title="bbox 495 5306 2078 5394">
    <p class='ocr_par' dir='ltr' id='par_1_100' title="bbox 495 5306 2078 5394">
     <span class='ocr_line' id='line_1_100' title="bbox 495 5306 2078 5394; baseline 0.011 -33"><span class='ocrx_word' id='word_1_716' title='bbox 495 5306 604 5361; x_wconf 70' lang='lat' dir='ltr'><strong>litae</strong></span> <span class='ocrx_word' id='word_1_717' title='bbox 630 5307 738 5376; x_wconf 77' lang='lat' dir='ltr'><strong>jam</strong></span> <span class='ocrx_word' id='word_1_718' title='bbox 780 5312 904 5366; x_wconf 91' lang='lat' dir='ltr'><strong>olim</strong></span> <span class='ocrx_word' id='word_1_719' title='bbox 924 5313 1238 5371; x_wconf 88' lang='lat' dir='ltr'><strong>adorabant.</strong></span> <span class='ocrx_word' id='word_1_720' title='bbox 1274 5316 1435 5387; x_wconf 81' lang='lat' dir='ltr'><strong>Lapis</strong></span> <span class='ocrx_word' id='word_1_721' title='bbox 1467 5317 1556 5374; x_wconf 90' lang='lat' dir='ltr'><strong>ille</strong></span> <span class='ocrx_word' id='word_1_722' title='bbox 1604 5321 1899 5376; x_wconf 89' lang='lat' dir='ltr'><strong>etiamnum</strong></span> <span class='ocrx_word' id='word_1_723' title='bbox 1937 5340 2078 5394; x_wconf 71' lang='lat' dir='ltr'><strong>prte-</strong></span> 
     </span>
    </p>
   </div>
   <div class='ocr_carea' id='block_1_101' title="bbox 498 5398 2080 5480">
    <p class='ocr_par' dir='ltr' id='par_1_101' title="bbox 498 5398 2080 5480">
     <span class='ocr_line' id='line_1_101' title="bbox 498 5398 2080 5480; baseline 0.011 -29"><span class='ocrx_word' id='word_1_724' title='bbox 498 5398 622 5465; x_wconf 81' lang='lat' dir='ltr'><strong>l&#39;ert,</strong></span> <span class='ocrx_word' id='word_1_725' title='bbox 649 5401 692 5454; x_wconf 81' lang='lat' dir='ltr'><strong>si</strong></span> <span class='ocrx_word' id='word_1_726' title='bbox 737 5404 858 5471; x_wconf 90' lang='lat' dir='ltr'><strong>quis</strong></span> <span class='ocrx_word' id='word_1_727' title='bbox 888 5418 1143 5460; x_wconf 85' lang='lat' dir='ltr'><strong>accurate</strong></span> <span class='ocrx_word' id='word_1_728' title='bbox 1193 5418 1418 5477; x_wconf 89' lang='lat' dir='ltr'><strong>spectet,</strong></span> <span class='ocrx_word' id='word_1_729' title='bbox 1441 5411 1634 5480; x_wconf 85' lang='lat' dir='ltr'><strong>capitis</strong></span> <span class='ocrx_word' id='word_1_730' title='bbox 1668 5413 1926 5480; x_wconf 82' lang='lat' dir='ltr'><strong>sculpello</strong></span> <span class='ocrx_word' id='word_1_731' title='bbox 1967 5415 2080 5468; x_wconf 83' lang='lat' dir='ltr'><strong>for-</strong></span> 
     </span>
    </p>
   </div>
   <div class='ocr_carea' id='block_1_102' title="bbox 504 5492 2077 5563">
    <p class='ocr_par' dir='ltr' id='par_1_102' title="bbox 504 5492 2077 5563">
     <span class='ocr_line' id='line_1_102' title="bbox 504 5492 2077 5563; baseline 0.01 -21"><span class='ocrx_word' id='word_1_732' title='bbox 504 5494 633 5545; x_wconf 86' lang='lat' dir='ltr'><strong>tnati</strong></span> <span class='ocrx_word' id='word_1_733' title='bbox 665 5492 915 5563; x_wconf 78' lang='lat' dir='ltr'><strong>efﬁgiem.</strong></span> <span class='ocrx_word' id='word_1_734' title='bbox 944 5495 1034 5549; x_wconf 77' lang='lat' dir='ltr'><strong>Est</strong></span> <span class='ocrx_word' id='word_1_735' title='bbox 1056 5496 1404 5553; x_wconf 75' lang='lat' dir='ltr'><strong>simulacrum</strong></span> <span class='ocrx_word' id='word_1_736' title='bbox 1434 5499 1642 5555; x_wconf 81' lang='lat' dir='ltr'><strong>Baccha</strong></span> <span class='ocrx_word' id='word_1_737' title='bbox 1676 5500 1947 5557; x_wconf 76' lang='lat' dir='ltr'><strong>Ismakeclt</strong></span> <span class='ocrx_word' id='word_1_738' title='bbox 1972 5504 2077 5559; x_wconf 92' lang='lat' dir='ltr'><strong>illis</strong></span> 
     </span>
    </p>
   </div>
   <div class='ocr_carea' id='block_1_103' title="bbox 505 5582 2073 5665">
    <p class='ocr_par' dir='ltr' id='par_1_103' title="bbox 505 5582 2073 5665">
     <span class='ocr_line' id='line_1_103' title="bbox 505 5582 2073 5665; baseline 0.012 -33"><span class='ocrx_word' id='word_1_739' title='bbox 505 5582 728 5648; x_wconf 87' lang='lat' dir='ltr'><strong>dictum,</strong></span> <span class='ocrx_word' id='word_1_740' title='bbox 765 5589 904 5651; x_wconf 75' lang='lat' dir='ltr'><strong>quod</strong></span> <span class='ocrx_word' id='word_1_741' title='bbox 939 5590 1051 5656; x_wconf 87' lang='lat' dir='ltr'><strong>ipse</strong></span> <span class='ocrx_word' id='word_1_742' title='bbox 1097 5588 1394 5646; x_wconf 80' lang='lat' dir='ltr'><strong>Adoramen</strong></span> <span class='ocrx_word' id='word_1_743' title='bbox 1433 5593 1800 5651; x_wconf 79' lang='lat' dir='ltr'><strong>observationis</strong></span> <span class='ocrx_word' id='word_1_744' title='bbox 1822 5596 2073 5665; x_wconf 68' lang='lat' dir='ltr'><strong>appellat,</strong></span> 
     </span>
    </p>
   </div>
   <div class='ocr_carea' id='block_1_104' title="bbox 508 5677 2077 5757">
    <p class='ocr_par' dir='ltr' id='par_1_104' title="bbox 508 5677 2077 5757">
     <span class='ocr_line' id='line_1_104' title="bbox 508 5677 2077 5757; baseline 0.014 -34"><span class='ocrx_word' id='word_1_745' title='bbox 508 5681 564 5724; x_wconf 89' lang='lat' dir='ltr'><strong>ct</strong></span> <span class='ocrx_word' id='word_1_746' title='bbox 584 5682 639 5724; x_wconf 90' lang='lat' dir='ltr'><strong>ut</strong></span> <span class='ocrx_word' id='word_1_747' title='bbox 675 5677 852 5731; x_wconf 83' lang='lat' dir='ltr'><strong>miseri</strong></span> <span class='ocrx_word' id='word_1_748' title='bbox 884 5678 1098 5733; x_wconf 80' lang='lat' dir='ltr'><strong>barbari</strong></span> <span class='ocrx_word' id='word_1_749' title='bbox 1132 5681 1424 5740; x_wconf 89' lang='lat' dir='ltr'><strong>adorarent</strong></span> <span class='ocrx_word' id='word_1_750' title='bbox 1446 5686 1723 5757; x_wconf 63' lang='lat' dir='ltr'><strong>praecepit.</strong></span> <span class='ocrx_word' id='word_1_751' title='bbox 1759 5686 1935 5743; x_wconf 88' lang='lat' dir='ltr'><strong>Sedet</strong></span> <span class='ocrx_word' id='word_1_752' title='bbox 1970 5689 2077 5745; x_wconf 89' lang='lat' dir='ltr'><strong>duo</strong></span> 
     </span>
    </p>
   </div>
   <div class='ocr_carea' id='block_1_105' title="bbox 2178 4500 3757 4575">
    <p class='ocr_par' dir='ltr' id='par_1_105' title="bbox 2178 4500 3757 4575">
     <span class='ocr_line' id='line_1_105' title="bbox 2178 4500 3757 4575; baseline 0.003 -22"><span class='ocrx_word' id='word_1_753' title='bbox 2178 4500 2403 4554; x_wconf 81' lang='grc' dir='ltr'>ουσίασε</span> <span class='ocrx_word' id='word_1_754' title='bbox 2440 4504 2507 4572; x_wconf 84' lang='grc' dir='ltr'>τῇ</span> <span class='ocrx_word' id='word_1_755' title='bbox 2562 4502 2734 4573; x_wconf 77' lang='grc' dir='ltr'>’Λγάρ</span> <span class='ocrx_word' id='word_1_756' title='bbox 2787 4505 2816 4554; x_wconf 86' lang='grc' dir='ltr'><strong>ὁ</strong></span> <span class='ocrx_word' id='word_1_757' title='bbox 2862 4503 3116 4573; x_wconf 82' lang='grc' dir='ltr'>Ἀϐραάμ</span> <span class='ocrx_word' id='word_1_758' title='bbox 3138 4520 3154 4535; x_wconf 68' lang='grc' dir='ltr'><strong>ν</strong></span> <span class='ocrx_word' id='word_1_759' title='bbox 3176 4502 3327 4557; x_wconf 73' lang='grc' dir='ltr'>ἄλλοι</span> <span class='ocrx_word' id='word_1_760' title='bbox 3349 4505 3427 4569; x_wconf 79' lang='grc' dir='ltr'><strong>δὲ,</strong></span> <span class='ocrx_word' id='word_1_761' title='bbox 3472 4506 3559 4557; x_wconf 78' lang='grc' dir='ltr'><strong>ὅτι</strong></span> <span class='ocrx_word' id='word_1_762' title='bbox 3595 4519 3757 4575; x_wconf 73' lang='grc' dir='ltr'>προσ·</span> 
     </span>
    </p>
   </div>
   <div class='ocr_carea' id='block_1_106' title="bbox 2179 4593 3754 4665">
    <p class='ocr_par' dir='ltr' id='par_1_106' title="bbox 2179 4593 3754 4665">
     <span class='ocr_line' id='line_1_106' title="bbox 2179 4593 3754 4665; baseline 0.004 -20"><span class='ocrx_word' id='word_1_763' title='bbox 2179 4593 2367 4661; x_wconf 74' lang='grc' dir='ltr'>ἔδησεν</span> <span class='ocrx_word' id='word_1_764' title='bbox 2388 4595 2537 4664; x_wconf 83' lang='grc' dir='ltr'>αὐτῷ</span> <span class='ocrx_word' id='word_1_765' title='bbox 2567 4595 2667 4664; x_wconf 81' lang='grc' dir='ltr'><strong>τὴν</strong></span> <span class='ocrx_word' id='word_1_766' title='bbox 2689 4596 2959 4665; x_wconf 81' lang='grc' dir='ltr'>κάμηλον,</span> <span class='ocrx_word' id='word_1_767' title='bbox 2992 4596 3205 4665; x_wconf 79' lang='grc' dir='ltr'>μέλλων</span> <span class='ocrx_word' id='word_1_768' title='bbox 3222 4595 3387 4648; x_wconf 82' lang='grc' dir='ltr'>θῦσαι</span> <span class='ocrx_word' id='word_1_769' title='bbox 3419 4595 3512 4649; x_wconf 71' lang='grc' dir='ltr'>τὸν</span> <span class='ocrx_word' id='word_1_770' title='bbox 3548 4598 3754 4651; x_wconf 73' lang='grc' dir='ltr'>Ἰσαάκ.</span> 
     </span>
    </p>
   </div>
   <div class='ocr_carea' id='block_1_107' title="bbox 2180 4681 3757 4757">
    <p class='ocr_par' dir='ltr' id='par_1_107' title="bbox 2180 4681 3757 4757">
     <span class='ocr_line' id='line_1_107' title="bbox 2180 4681 3757 4757; baseline 0.001 -21"><span class='ocrx_word' id='word_1_771' title='bbox 2180 4681 2325 4753; x_wconf 77' lang='grc' dir='ltr'>Πρὸς</span> <span class='ocrx_word' id='word_1_772' title='bbox 2350 4684 2445 4749; x_wconf 83' lang='grc' dir='ltr'><strong>οὓς</strong></span> <span class='ocrx_word' id='word_1_773' title='bbox 2477 4687 2641 4740; x_wconf 80' lang='grc' dir='ltr'>πάλιν</span> <span class='ocrx_word' id='word_1_774' title='bbox 2669 4688 2859 4757; x_wconf 77' lang='grc' dir='ltr'>ἡμεῖς·</span> <span class='ocrx_word' id='word_1_775' title='bbox 2896 4682 3031 4741; x_wconf 72' lang='grc' dir='ltr'>Εἶτα</span> <span class='ocrx_word' id='word_1_776' title='bbox 3069 4688 3228 4757; x_wconf 79' lang='grc' dir='ltr'>ὑμεῖς</span> <span class='ocrx_word' id='word_1_777' title='bbox 3256 4688 3357 4756; x_wconf 79' lang='grc' dir='ltr'>μὲν</span> <span class='ocrx_word' id='word_1_778' title='bbox 3394 4687 3495 4739; x_wconf 69' lang='grc' dir='ltr'><strong>οὐκ</strong></span> <span class='ocrx_word' id='word_1_779' title='bbox 3519 4686 3757 4740; x_wconf 71' lang='grc' dir='ltr'>αἰδεῖσθε</span> 
     </span>
    </p>
   </div>
   <div class='ocr_carea' id='block_1_108' title="bbox 2180 4772 3757 4847">
    <p class='ocr_par' dir='ltr' id='par_1_108' title="bbox 2180 4772 3757 4847">
     <span class='ocr_line' id='line_1_108' title="bbox 2180 4772 3757 4847; baseline -0.001 -17"><span class='ocrx_word' id='word_1_780' title='bbox 2180 4777 2619 4847; x_wconf 81' lang='grc' dir='ltr'>προσκυνοῦντες</span> <span class='ocrx_word' id='word_1_781' title='bbox 2650 4778 2746 4831; x_wconf 82' lang='grc' dir='ltr'>καὶ</span> <span class='ocrx_word' id='word_1_782' title='bbox 2785 4779 3059 4847; x_wconf 83' lang='grc' dir='ltr'>τιμῶντες</span> <span class='ocrx_word' id='word_1_783' title='bbox 3088 4778 3261 4844; x_wconf 75' lang='grc' dir='ltr'>λίθον,</span> <span class='ocrx_word' id='word_1_784' title='bbox 3292 4777 3377 4847; x_wconf 70' lang='grc' dir='ltr'><strong>ἐφ’</strong></span> <span class='ocrx_word' id='word_1_785' title='bbox 3426 4772 3490 4830; x_wconf 71' lang='grc' dir='ltr'>οὗ</span> <span class='ocrx_word' id='word_1_786' title='bbox 3530 4778 3757 4845; x_wconf 63' lang='grc' dir='ltr'>γυναικὶ</span> 
     </span>
    </p>
   </div>
   <div class='ocr_carea' id='block_1_109' title="bbox 2182 4868 3757 4940">
    <p class='ocr_par' dir='ltr' id='par_1_109' title="bbox 2182 4868 3757 4940">
     <span class='ocr_line' id='line_1_109' title="bbox 2182 4868 3757 4940; baseline -0.001 -19"><span class='ocrx_word' id='word_1_787' title='bbox 2182 4868 2536 4923; x_wconf 80' lang='grc' dir='ltr'>συνουσίασεν</span> <span class='ocrx_word' id='word_1_788' title='bbox 2571 4871 2598 4922; x_wconf 91' lang='lat'><strong>6</strong></span> <span class='ocrx_word' id='word_1_789' title='bbox 2640 4869 2917 4939; x_wconf 81' lang='grc' dir='ltr'>Ἀϐραὰμ,</span> <span class='ocrx_word' id='word_1_790' title='bbox 2954 4869 2987 4940; x_wconf 82' lang='grc' dir='ltr'>ἢ</span> <span class='ocrx_word' id='word_1_791' title='bbox 3016 4870 3322 4939; x_wconf 68' lang='grc' dir='ltr'>προσέδησε</span> <span class='ocrx_word' id='word_1_792' title='bbox 3350 4869 3451 4939; x_wconf 71' lang='grc' dir='ltr'><strong>τὴν</strong></span> <span class='ocrx_word' id='word_1_793' title='bbox 3484 4869 3757 4940; x_wconf 60' lang='grc' dir='ltr'>κάμηλον</span> 
     </span>
    </p>
   </div>
   <div class='ocr_carea' id='block_1_110' title="bbox 2179 4952 3759 5032">
    <p class='ocr_par' dir='ltr' id='par_1_110' title="bbox 2179 4952 3759 5032">
     <span class='ocr_line' id='line_1_110' title="bbox 2179 4952 3759 5032; baseline -0.001 -19"><span class='ocrx_word' id='word_1_794' title='bbox 2179 4962 2314 5031; x_wconf 78' lang='grc' dir='ltr'>ἡμῖν</span> <span class='ocrx_word' id='word_1_795' title='bbox 2352 4962 2409 5014; x_wconf 79' lang='grc' dir='ltr'><strong>δὲ</strong></span> <span class='ocrx_word' id='word_1_796' title='bbox 2439 4960 2774 5025; x_wconf 80' lang='grc' dir='ltr'>ὀνειδίζεσθε</span> <span class='ocrx_word' id='word_1_797' title='bbox 2807 4962 3178 5032; x_wconf 77' lang='grc' dir='ltr'>προσκυνοῦσι</span> <span class='ocrx_word' id='word_1_798' title='bbox 3216 4961 3311 5013; x_wconf 77' lang='grc' dir='ltr'><strong>τὸν</strong></span> <span class='ocrx_word' id='word_1_799' title='bbox 3339 4960 3582 5028; x_wconf 78' lang='grc' dir='ltr'>σταυρὸν</span> <span class='ocrx_word' id='word_1_800' title='bbox 3610 4961 3681 5011; x_wconf 80' lang='grc' dir='ltr'>δι’</span> <span class='ocrx_word' id='word_1_801' title='bbox 3703 4952 3759 5012; x_wconf 72' lang='grc' dir='ltr'>οὗ</span> 
     </span>
    </p>
   </div>
   <div class='ocr_carea' id='block_1_111' title="bbox 2179 5053 3758 5124">
    <p class='ocr_par' dir='ltr' id='par_1_111' title="bbox 2179 5053 3758 5124">
     <span class='ocr_line' id='line_1_111' title="bbox 2179 5053 3758 5124; baseline 0.001 -18"><span class='ocrx_word' id='word_1_802' title='bbox 2179 5054 2450 5124; x_wconf 88' lang='grc' dir='ltr'>δαιμόνων</span> <span class='ocrx_word' id='word_1_803' title='bbox 2490 5054 2667 5123; x_wconf 79' lang='grc' dir='ltr'>ἰσχὺς,</span> <span class='ocrx_word' id='word_1_804' title='bbox 2716 5054 2812 5107; x_wconf 77' lang='grc' dir='ltr'><strong>καὶ</strong></span> <span class='ocrx_word' id='word_1_805' title='bbox 2848 5054 3106 5109; x_wconf 75' lang='grc' dir='ltr'>διαϐόλου</span> <span class='ocrx_word' id='word_1_806' title='bbox 3163 5053 3502 5108; x_wconf 79' lang='grc' dir='ltr'>καταλύεται</span> <span class='ocrx_word' id='word_1_807' title='bbox 3534 5054 3758 5123; x_wconf 72' lang='grc' dir='ltr'>πλάνης</span> 
     </span>
    </p>
   </div>
   <div class='ocr_carea' id='block_1_112' title="bbox 2190 5145 3758 5218">
    <p class='ocr_par' dir='ltr' id='par_1_112' title="bbox 2190 5145 3758 5218">
     <span class='ocr_line' id='line_1_112' title="bbox 2190 5145 3758 5218; baseline 0 -21"><span class='ocrx_word' id='word_1_808' title='bbox 2190 5145 2251 5197; x_wconf 85' lang='lat'><strong>&#39;0</strong></span> <span class='ocrx_word' id='word_1_809' title='bbox 2272 5145 2329 5198; x_wconf 85' lang='grc' dir='ltr'><strong>δὲ</strong></span> <span class='ocrx_word' id='word_1_810' title='bbox 2362 5145 2555 5216; x_wconf 67' lang='grc' dir='ltr'>ῥηθεὶς</span> <span class='ocrx_word' id='word_1_811' title='bbox 2615 5146 2765 5210; x_wconf 77' lang='grc' dir='ltr'>λίθος</span> <span class='ocrx_word' id='word_1_812' title='bbox 2808 5147 3021 5218; x_wconf 82' lang='grc' dir='ltr'>κεφαλὴ</span> <span class='ocrx_word' id='word_1_813' title='bbox 3060 5148 3161 5216; x_wconf 77' lang='grc' dir='ltr'><strong>τῆς</strong></span> <span class='ocrx_word' id='word_1_814' title='bbox 3212 5146 3540 5216; x_wconf 67' lang='grc' dir='ltr'>Ἀφροδίτης</span> <span class='ocrx_word' id='word_1_815' title='bbox 3586 5149 3758 5211; x_wconf 74' lang='grc' dir='ltr'>ἐστὶν,</span> 
     </span>
    </p>
   </div>
   <div class='ocr_carea' id='block_1_113' title="bbox 2178 5237 3762 5311">
    <p class='ocr_par' dir='ltr' id='par_1_113' title="bbox 2178 5237 3762 5311">
     <span class='ocr_line' id='line_1_113' title="bbox 2178 5237 3762 5311; baseline 0.002 -23"><span class='ocrx_word' id='word_1_816' title='bbox 2178 5237 2249 5307; x_wconf 79' lang='grc' dir='ltr'>ἣν</span> <span class='ocrx_word' id='word_1_817' title='bbox 2284 5237 2453 5290; x_wconf 85' lang='grc' dir='ltr'>πάλαι</span> <span class='ocrx_word' id='word_1_818' title='bbox 2480 5240 2859 5309; x_wconf 87' lang='grc' dir='ltr'>προσεκύνουν</span> <span class='ocrx_word' id='word_1_819' title='bbox 2881 5240 2930 5293; x_wconf 73' lang='grc' dir='ltr'>οἱ</span> <span class='ocrx_word' id='word_1_820' title='bbox 2970 5239 3318 5311; x_wconf 81' lang='grc' dir='ltr'>Ἱσμαηλῖται</span> <span class='ocrx_word' id='word_1_821' title='bbox 3340 5256 3356 5273; x_wconf 75' lang='grc' dir='ltr'><strong>ο</strong></span> <span class='ocrx_word' id='word_1_822' title='bbox 3398 5240 3557 5309; x_wconf 73' lang='grc' dir='ltr'>φέρει</span> <span class='ocrx_word' id='word_1_823' title='bbox 3602 5242 3715 5311; x_wconf 73' lang='grc' dir='ltr'><strong>γὰρ</strong></span> <span class='ocrx_word' id='word_1_824' title='bbox 3735 5241 3762 5291; x_wconf 84' lang='lat'><strong>6</strong></span> 
     </span>
    </p>
   </div>
   <div class='ocr_carea' id='block_1_114' title="bbox 2180 5329 3762 5402">
    <p class='ocr_par' dir='ltr' id='par_1_114' title="bbox 2180 5329 3762 5402">
     <span class='ocr_line' id='line_1_114' title="bbox 2180 5329 3762 5402; baseline 0 -20"><span class='ocrx_word' id='word_1_825' title='bbox 2180 5329 2327 5391; x_wconf 79' lang='grc' dir='ltr'>λίθος</span> <span class='ocrx_word' id='word_1_826' title='bbox 2359 5331 2524 5400; x_wconf 84' lang='grc' dir='ltr'>μέχρι</span> <span class='ocrx_word' id='word_1_827' title='bbox 2556 5332 2651 5384; x_wconf 71' lang='grc' dir='ltr'>καὶ</span> <span class='ocrx_word' id='word_1_828' title='bbox 2679 5331 2774 5385; x_wconf 82' lang='grc' dir='ltr'>νῦν</span> <span class='ocrx_word' id='word_1_829' title='bbox 2790 5334 2905 5394; x_wconf 86' lang='grc' dir='ltr'>τοῖς</span> <span class='ocrx_word' id='word_1_830' title='bbox 2938 5331 3187 5402; x_wconf 84' lang='grc' dir='ltr'>ἀκριϐῶς</span> <span class='ocrx_word' id='word_1_831' title='bbox 3217 5331 3674 5386; x_wconf 82' lang='grc' dir='ltr'>κατασκοποῦσιν</span> <span class='ocrx_word' id='word_1_832' title='bbox 3699 5333 3762 5383; x_wconf 73' lang='grc' dir='ltr'>ἐκ</span> 
     </span>
    </p>
   </div>
   <div class='ocr_carea' id='block_1_115' title="bbox 2179 5424 3761 5505">
    <p class='ocr_par' dir='ltr' id='par_1_115' title="bbox 2179 5424 3761 5505">
     <span class='ocr_line' id='line_1_115' title="bbox 2179 5424 3761 5505; baseline 0.003 -31"><span class='ocrx_word' id='word_1_833' title='bbox 2179 5424 2437 5493; x_wconf 72' lang='grc' dir='ltr'>γλυφίδος</span> <span class='ocrx_word' id='word_1_834' title='bbox 2466 5424 2823 5479; x_wconf 84' lang='grc' dir='ltr'>ἀποτύπωσιν</span> <span class='ocrx_word' id='word_1_835' title='bbox 2846 5425 3113 5505; x_wconf 61' lang='grc' dir='ltr'>κεφαλῆς</span> <span class='ocrx_word' id='word_1_836' title='bbox 3139 5426 3200 5478; x_wconf 82' lang='grc' dir='ltr'><strong>τὸ</strong></span> <span class='ocrx_word' id='word_1_837' title='bbox 3224 5425 3431 5493; x_wconf 78' lang='grc' dir='ltr'>Βακχὰ</span> <span class='ocrx_word' id='word_1_838' title='bbox 3468 5425 3761 5493; x_wconf 70' lang='grc' dir='ltr'>Ὶσμακὲχ</span> 
     </span>
    </p>
   </div>
   <div class='ocr_carea' id='block_1_116' title="bbox 2180 5516 3761 5587">
    <p class='ocr_par' dir='ltr' id='par_1_116' title="bbox 2180 5516 3761 5587">
     <span class='ocr_line' id='line_1_116' title="bbox 2180 5516 3761 5587; baseline 0.002 -18"><span class='ocrx_word' id='word_1_839' title='bbox 2180 5517 2517 5586; x_wconf 83' lang='grc' dir='ltr'>καλούμενον</span> <span class='ocrx_word' id='word_1_840' title='bbox 2547 5517 2786 5580; x_wconf 77' lang='grc' dir='ltr'>εἴδωλον,</span> <span class='ocrx_word' id='word_1_841' title='bbox 2812 5518 2950 5587; x_wconf 86' lang='grc' dir='ltr'>ὅπερ</span> <span class='ocrx_word' id='word_1_842' title='bbox 2977 5516 3143 5579; x_wconf 76' lang='grc' dir='ltr'>αὐτὸς</span> <span class='ocrx_word' id='word_1_843' title='bbox 3193 5519 3608 5586; x_wconf 69' lang='grc' dir='ltr'>προσκύνημα</span> <span class='ocrx_word' id='word_1_844' title='bbox 3649 5536 3761 5572; x_wconf 62' lang='grc' dir='ltr'>παι</span> 
     </span>
    </p>
   </div>
   <div class='ocr_carea' id='block_1_117' title="bbox 2168 5609 3759 5684">
    <p class='ocr_par' dir='ltr' id='par_1_117' title="bbox 2168 5609 3759 5684">
     <span class='ocr_line' id='line_1_117' title="bbox 2168 5609 3759 5684; baseline 0.003 -23"><span class='ocrx_word' id='word_1_845' title='bbox 2168 5612 2597 5679; x_wconf 75' lang='grc' dir='ltr'>ρατηρήματος</span> <span class='ocrx_word' id='word_1_846' title='bbox 2629 5609 2911 5682; x_wconf 79' lang='grc' dir='ltr'>ὀνομάζει,</span> <span class='ocrx_word' id='word_1_847' title='bbox 2974 5611 3103 5674; x_wconf 81' lang='grc' dir='ltr'>τοὺς</span> <span class='ocrx_word' id='word_1_848' title='bbox 3156 5612 3380 5676; x_wconf 78' lang='grc' dir='ltr'>ἀθλίους</span> <span class='ocrx_word' id='word_1_849' title='bbox 3440 5613 3759 5684; x_wconf 72' lang='grc' dir='ltr'>βαρϐάρους</span> 
     </span>
    </p>
   </div>
   <div class='ocr_carea' id='block_1_118' title="bbox 2180 5702 3754 5780">
    <p class='ocr_par' dir='ltr' id='par_1_118' title="bbox 2180 5702 3754 5780">
     <span class='ocr_line' id='line_1_118' title="bbox 2180 5702 3754 5780; baseline 0.003 -22"><span class='ocrx_word' id='word_1_850' title='bbox 2180 5707 2511 5765; x_wconf 80' lang='grc' dir='ltr'>προσκυνεῖν</span> <span class='ocrx_word' id='word_1_851' title='bbox 2547 5703 2825 5759; x_wconf 78' lang='grc' dir='ltr'>ἐκέλευσε.</span> <span class='ocrx_word' id='word_1_852' title='bbox 2860 5704 2971 5759; x_wconf 77' lang='grc' dir='ltr'><strong>Καὶ</strong></span> <span class='ocrx_word' id='word_1_853' title='bbox 3001 5702 3097 5760; x_wconf 83' lang='grc' dir='ltr'><strong>δύο</strong></span> <span class='ocrx_word' id='word_1_854' title='bbox 3123 5706 3179 5760; x_wconf 85' lang='grc' dir='ltr'><strong>δὲ</strong></span> <span class='ocrx_word' id='word_1_855' title='bbox 3211 5709 3453 5778; x_wconf 85' lang='grc' dir='ltr'>ὀνόματα</span> <span class='ocrx_word' id='word_1_856' title='bbox 3477 5709 3754 5780; x_wconf 71' lang='grc' dir='ltr'>βάρϐαρα,</span> 
     </span>
    </p>
   </div>
  </div>
