4022 6224
299 311 445 381 1349
1169 307 1544 369 PANOPLlA
1585 302 1907 365 DOGMAT?

2013 332 2042 363 ι.
2080 326 2150 340 ·-’
2183 302 2328 363 ΤΙΤ.
2358 301 2637 364 XXVIII.
2873 337 2881 344 ε
2981 329 3005 342 ι·
3209 339 3216 347 -
3351 343 3353 346 ‹
3417 299 3557 368 1350

292 450 406 488 σιν.
425 429 589 484 Ἀλλά
606 429 722 492 πῶς
742 427 925 498 ἄψυχα
946 425 1116 479 ταῦτα
1132 421 1282 488 ὄντα,
1299 423 1553 477 ἱππεύειν
1582 421 1835 475 δύνανται
1855 433 1870 483 ;
1903 465 1907 476 .

2015 420 2244 474 nomodo
2278 433 2412 498 naec,
2439 433 2559 472 cum
2592 425 2699 472 smt
2725 413 3254 480 inanimascquitare
3287 416 3559 481 possunt!

294 526 420 588 πῶς
453 522 507 575 δὲ
543 521 636 573 καὶ
666 521 715 572 οί
755 519 912 572 ἵπποι
940 518 1121 587 ὄχημα
1155 515 1328 586 πυρὸς
1351 510 1490 568 εῖναι
1535 513 1875 582 ὑποστήσον-

2013 514 2252 578 quomodo
2273 511 2395 579 equi
2423 509 2563 579 ignis
2619 505 2933 562 vehiculum
2986 519 3105 560 esse
3176 506 3556 579 sustinebunt?

289 633 418 681 ται;
453 615 641 683 Γήῖνος
669 611 778 679 γὰρ
812 611 1045 670 ἕκαστος
1081 609 1266 673 ἵππος,
1300 609 1394 660 καὶ
1428 605 1640 675 δαπάνη
1679 603 1874 674 πυρός.

2013 604 2166 670 ζῳιιιε
2187 601 2332 656 enim
2374 599 2652 655 terrestris
2678 608 2780 662 est,
2815 606 2868 652 et
2901 598 3008 665 igni
3041 595 3332 666 deﬂagrare
3352 605 3558 678 potest.

295 708 369 760 Ol
399 705 457 760 δὲ
491 703 632 758 κατά
661 701 755 754 τὸν
797 700 981 754 Ἠλίαν
1015 683 1256 772 ἔμπυροί
1299 698 1454 752 ἱπποι
1488 698 1550 751 οὐ
1602 694 1765 765 φύσιν
1799 689 1877 748 εἷο

293 817 399 870 χον
424 797 632 861 ἵππων,
663 793 801 849 ἀλλὰ
832 793 1021 864 σχῆμα
1049 792 1237 864 μόνον,
1268 789 1490 861 ἄγγελοι
1515 787 1654 844 Θεοῦ
1678 786 1880 858 τυγχά-

292 908 510 954 νοντες.

383 979 465 1035 ιε’.
509 980 603 1033 Ἐκ
625 977 849 1049 βδέλλης
903 975 1190 1047 ἄνθρωπον
1229 973 1475 1044 γίνεσθαι
1504 975 1676 1041 λέγει.
1719 974 1881 1029 Ἀλλά

2060 969 2143 1024 15.
2177 968 2250 1022 Ex
2295 967 2549 1024 hirudine
2591 968 2708 1024 sive
2735 970 3059 1050 sanguisuga
3125 970 3402 1024 hominem
3448 972 3565 1026 ﬁeri

295 1073 432 1136 πῶς
458 1075 524 1125 ὲκ
579 1071 673 1124 τοῦ
713 1069 1037 1140 ἀτιματάτου
1081 1069 1142 1123 τὸ
1169 1067 1519 1138 τιμιώτατον,
1563 1067 1660 1121 καὶ
1691 1069 1756 1120 ὲκ
1785 1066 1880 1120 τοῦ

2013 1061 2138 1116 licit.
2177 1063 2377 1117 Verum
2410 1063 2691 1116 enimvero
2736 1078 2838 1131 qua
2869 1063 3079 1118 ratione
3098 1079 3169 1119 .ex
3199 1065 3567 1134 ahj'ectissirno

297 1162 512 1231 ἀλόγου
545 1160 637 1215 τὸν
660 1159 904 1227 λογικὸν,
934 1159 1032 1213 καὶ
1060 1159 1125 1213 ὲκ
1149 1157 1245 1212 τοῦ
1287 1156 1524 1228 φευκτοῦ
1553 1157 1614 1211 τὸ
1648 1155 1876 1221 εὖκτόνς

2013 1155 2466 1222 ιτειίοείεείηιυηι,
2495 1171 2558 1209 ex
2591 1156 2754 1210 brqu
2803 1154 3011 1209 ratione
3075 1158 3378 1225 praeditum,
3409 1173 3472 1212 ex
3501 1175 3567 1214 co

1980 787 2130 852 bant,
2159 801 2279 841 cum
2308 800 2494 843 revera
2520 785 2694 854 angeli
2719 782 2815 840 Dei
2844 779 3048 838 essent.

1981 693 2110 750 Elite
2138 710 2264 750 vero
2294 680 2368 748 illi
2395 693 2536 764 ignei
2563 694 2691 761 equi
2753 691 2976 760 ﬁguram
3000 698 3259 758 equordm
3309 689 3575 764 praeferes,
3604 711 3652 806 ε)
3689 728 3698 748 ξ
3731 731 3734 734 .

1982 787 2106 806 LA“.
2165 801 2273 806 Au“
2308 800 2487 806 _-_--__
2522 785 2692 806 -___,n
2723 782 2812 806 n-:
2848 779 3025 806 _’-,_...._.
3560 764 3621 806 ’ριῖ
3659 800 3662 802 η
3707 765 3729 771 ⁴’

1987 1248 2130 1318 quod
2187 1246 2501 1314 fugiendum
2560 1256 2616 1302 et
2667 1236 3036 1306 ave‘rsandutn
3094 1257 3227 1313 est,
3282 1249 3336 1302 id
3421 1251 3581 1319 quod.
3639 1229 3641 1231 1

2154 1358 2164 1393 l
2197 1357 2226 1393 u

280 1468 295 1490 ,
384 1427 484 1496 ις’.
511 1429 608 1482 Ἐκ
629 1425 848 1490 πάντων
863 1425 972 1480 τῶν
991 1424 1145 1488 ζώων
1161 1425 1258 1496 τῆς
1285 1423 1539 1496 βρώσεως
1559 1420 1897 1496 ἀποπέμπει,
1986 1352 2149 1489 “‘1’:

305 1799 419 1851 τῶν
441 1797 609 1850 ὄντων
637 1769 694 1847 ὲν
718 1797 784 1865 τῇ
807 1769 886 1864 ᾖ)
911 1809 926 1825 ο
958 1791 1176 1860 καθαρά
1207 1791 1315 1860 γὰρ
1345 1790 1439 1842 καὶ
1464 1788 1607 1842 καλά
1628 1804 1642 1817 ⁸
1684 1787 1783 1840 καὶ
1814 1785 1887 1855 μὴ

2019 1814 2048 1850 n
2079 1807 2222 1850 terra
2254 1815 2269 1865 ;
2299 1812 2432 1870 pura
2462 1799 2606 1854 enim
2635 1808 2761 1853 sunt
2793 1808 2849 1853 et
2872 1800 3046 1865 bona;
3081 1799 3254 1867 neque
3289 1798 3576 1866 setjuimini

308 1887 647 1957 ἀκολουθῆτε
681 1889 792 1948 τοῖς
828 1885 1000 1954 ἴχνεσι
1039 1882 1134 1936 τοῦ
1169 1881 1405 1935 Σατανᾶ.
1449 1899 1468 1932 ι
1516 1879 1762 1932 Σατανᾶν
1797 1877 1890 1947 δη-

2013 1891 2218 1960 testigia
2287 1890 2592 1945 Satanan
2656 1891 2914 1945 Satanam
2991 1881 3196 1946 scilicet
3254 1891 3578 1968 appellitans

307 1980 492 2033 λονότι
537 1977 720 2032 καλῶν
772 1975 863 2028 τὸν
916 1973 986 2027 τὰ
1021 1972 1119 2043 μὲν
1151 1971 1392 2041 καθαρὰ,
1429 1970 1497 2024 τὰ
1518 1970 1573 2022 δὲ
1601 1968 1891 2038 ἀκάθαρτα

2013 1982 2186 2044 )ettm,
2214 1982 2303 2049 qui
2334 1983 2437 2034 alia
2471 1983 2688 2049 quidem
2723 1982 2944 2043 munda,
2981 1983 3085 2036 alia
3116 1995 3243 2036 vero
3297 1982 3576 2035 immunda

310 2067 801 2142 προσηγορευκότα
829 2064 986 2118 Θεόν.
1019 2062 1162 2116 Ἀλλ’
1183 2062 1232 2114 εί
1267 2061 1515 2123 Σατανᾶς
1540 2052 1720 2128 οὗτος,
1772 2059 1892 2123 πῶς

313 2163 456 2213 Θεὸν
487 2159 646 2213 αὑτὸν
676 2160 733 2210 ἐν
762 2157 940 2220 ἄλλοις
989 2153 1300 2225 ὀνομάζεις,
1325 2168 1369 2207 ω
1391 2151 1522 2222 λῆρε
1554 2151 1650 2204 καὶ
1681 2150 1892 2220 σεαυτῷ

327 2252 612 2324 μαχόμενε
634 2266 648 2314 ;

400 2341 484 2408 ιζ’.
524 2342 656 2411 Περὶ
710 2340 963 2412 νηστείας
1011 2339 1318 2408 νομοθετῶν
1370 2336 1512 2392 οὓτω
1560 2336 1759 2407 φησίν·
1809 2337 1892 2388 ὅτι

322 2438 606 2503 σἘξεστιν
625 2435 750 2504 ὑμῖν
768 2436 801 2505 ὴ
818 2432 1022 2503 νὺξτῆς
1040 2431 1295 2501 νηστείας
1316 2432 1394 2494 εἰς
1415 2429 1562 2500 μίξιν
1579 2430 1893 2496 τῶνγυναι-

312 2531 434 2586 κῶν
487 2529 658 2598 ὑμῶν.
684 2520 855 2580 Αὖται
887 2527 996 2596 γὰρ
1044 2522 1198 2593 ὑμῶν
1225 2523 1331 2575 είσι
1366 2521 1733 2589 σκεπάσματα
1759 2535 1774 2548 ο
1800 2519 1894 2571 καὶ

310 2623 478 2693 ὑμεῖς
500 2621 692 2682 αὐταῖς
741 2619 864 2670 ἔστε
926 2610 1312 2686 σκεπάσματα.
1343 2612 1527 2680 Ἔγνω
1564 2611 1674 2681 γὰρ
1709 2611 1736 2663 6
1766 2608 1897 2673 θεὸς

311 2716 401 2769 ὅτι
429 2708 914 2784 παραὸουλεύεσθε
941 2711 1060 2772 ταῖς
1088 2709 1287 2777 ψυχαῖς
1310 2705 1338 2758 6
1349 2703 1462 2774 μῶν
1481 2705 1539 2757 ὲν
1557 2704 1623 2774 τῇ
1648 2701 1895 2772 νηστείᾳ,

315 2807 418 2860 καὶ
453 2805 611 2867 ἵλεως
646 2803 776 2872 ὑμῖν
809 2801 1040 2871 γίνεται.
1094 2798 1341 2868 Μίχθητε
1371 2796 1566 2858 αὐταῖς
1609 2795 1689 2856 εἰς
1721 2795 1901 2863 παράο

318 2899 546 2966 κ).ησιν··
605 2895 812 2964 φάγετε
867 2889 1106 2961 ἑσπέρας
1154 2888 1249 2941 καὶ
1322 2886 1507 2950 πίετε,
1573 2884 1681 2947 ἕως
1713 2883 1900 2953 τὸτῆς

319 2990 515 3051 νυκτὸς
552 2987 723 3058 μέλαν
755 2986 899 3055 φανῇ
927 2981 1122 3035 λευκὸν
1149 2979 1238 3034 διὰ
1267 2979 1368 3050 τῆς
1393 2977 1606 3050 ἡμέρας
1628 2993 1641 3006 ·
1671 2977 1765 3028 καὶ
1793 2975 1901 3028 πά-

1997 2072 2156 2126 dixit.
2193 2071 2300 2126 Sed
2331 2071 2377 2126 si
2437 2074 2654 2141 quidem
2691 2071 2794 2127 iste
2845 2070 3076 2126 Satanas
3146 2081 3251 2135 est,
3307 2074 3579 2141 quomodo

1995 2161 2169 2232 ipsum
2197 2162 2252 2216 in
2287 2162 2409 2217 aliis
2445 2161 2613 2218 Deum
2651 2161 2912 2234 appellas,
2943 2177 2976 2217 0
3004 2177 3141 2219 vane
3168 2179 3418 2232 nugator,
3455 2163 3579 2218 lilii-

1996 2267 2102 2323 que
2133 2251 2238 2320 ipsi
2275 2252 2625 2322 repugnans?

2067 2342 2153 2396 17.
2187 2341 2260 2394 De
2277 2340 2482 2412 jejunio
2499 2343 2622 2397 dum
2651 2343 2795 2413 leges
2814 2343 2937 2410 fert,
2959 2343 3036 2398 sic
3057 2343 3164 2399 ait:
3207 2361 3225 2393 ε
3253 2342 3366 2398 Nox
3390 2341 3580 2414 jejuttii

2003 2433 2160 2489 vobis
2191 2433 2356 2488 libera
2373 2450 2627 2490 concessa
2642 2443 2744 2500 est,
2765 2445 2822 2489 ut
2837 2449 2955 2489 cum
2973 2435 3164 2490 vestris
3185 2434 3440 2490 uxoribus
3463 2451 3586 2489 con-

1999 2523 2430 2596 cumbatistsae
2447 2527 2590 2581 enim
2607 2538 2731 2584 sunt
2748 2538 2928 2583 vestra
2945 2535 3248 2598 tegumenta
3262 2535 3435 2592 ,etvos
3453 2529 3585 2592 ipsis

2001 2618 2134 2674 estis
2157 2619 2648 2688 tegumenta.Deus
2687 2623 2828 2675 enim
2851 2630 3191 2690 perspectum
3233 2621 3421 2674 habuit
3463 2619 3587 2674 insi-

2002 2710 2120 2765 dias
2139 2711 2290 2766 vobis
2309 2711 2422 2764 lieri
2445 2711 2668 2780 jejunio,
2689 2723 2741 2764 et
2756 2712 3021 2781 propitius
3041 2723 3142 2767 est.
3162 2711 3344 2782 Itaque
3362 2712 3586 2767 miscea-

2002 2803 2135 2857 mini
2157 2819 2280 2857 cum
2316 2802 2421 2858 illis
2446 2805 2511 2856 ad
2538 2802 2964 2860 consolationem
2987 2820 3003 2870 ;
3023 2806 3297 2874 etvesperi
3321 2803 3586 2858 comedite

2003 2907 2065 2947 ac
2092 2892 2281 2959 bibite,
2328 2895 2498 2948 donec
2526 2907 2590 2946 cx
2614 2903 2727 2947 atra
2754 2895 2930 2949 noctis
2955 2895 3183 2963 caligine
3211 2895 3438 2949 «andida
3470 2895 3586 2948 dies

2004 2985 2286 3040 illucescat
2307 3003 2320 3045 :
2342 2996 2396 3041 et
2423 2986 2616 3040 iterum
2639 2986 2850 3055 expleto
2867 3002 3038 3055 usque
3061 2988 3127 3040 ad
3151 3003 3430 3056 vesperam
3444 2989 3586 3058 jeju-

316 3082 406 3135 λιν
432 3079 762 3149 πληρώσατε
791 3075 888 3146 τὴν
939 3073 1194 3143 νηστείαν
1227 3073 1334 3144 ἓως
1359 3073 1462 3141 τῆς
1497 3071 1761 3140 ἑσπέρας,
1808 3069 1902 3120 καὶ

2013 3075 2117 3142 nio,
2149 3091 2270 3130 cum
2301 3076 2622 3133 mulieribus
2647 3093 2761 3132 rem
2789 3077 3008 3144 habete,
3040 3079 3340 3134 oratorium
3367 3081 3584 3133 assidue

327 3174 564 3244 μίχθητε
598 3171 814 3232 αὑταῖς,
849 3167 1002 3236 ὑμῶν
1031 3165 1410 3234 συχναζόντων
1444 3164 1501 3215 ἐν
1548 3161 1625 3231 τῷ
1654 3177 1899 3232 προσκυ-

329 3265 592 3333 νητηρίῳ.
620 3260 773 3328 Αὕτη
802 3258 950 3310 ἐστὶν
977 3259 1005 3310 6
1035 3258 1198 3326 νόμος
1227 3255 1388 3309 Θεοῦ.
1427 3275 1444 3307 ι
1486 3254 1623 3308 Ποία
1650 3253 1897 3324 νηστεία,

237 3338 240 3341 Ι
329 3356 627 3424 ἀκάθαρτε,
678 3352 711 3422 ἢ
764 3352 917 3412 ποῖος
974 3349 1138 3418 νόμος
1173 3347 1334 3414 Θεοῦ,
1387 3345 1450 3400 τὸ
1477 3346 1544 3400 δι’
1575 3345 1702 3412 ὅλης
1755 3344 1902 3415 (τῆς)

323 3447 524 3508 νυκτὸς
559 3443 779 3507 ιὺἀιζειν
807 3442 904 3495 καὶ
931 3439 1316 3509 ἀσελγαίνεινς

397 3540 535 3610 Περὶ
563 3534 920 3606 σωφροσύνης
951 3535 1134 3596 αὐτοῖς
1164 3531 1543 3600 διαλεγόμενός
1565 3547 1732 3600 φησιν
1751 3545 1765 3558 ·
1807 3530 1901 3581 «Αἱ

323 3635 590 3705 γυναῖκες
649 3629 824 3698 ὑμῶν,
876 3626 1065 3688 ναετὸς
1117 3623 1293 3694 ὑμῶν.
1333 3621 1617 3674 Εἰσέλθετε
1652 3622 1734 3682 εἰς
1776 3620 1905 3681 τοὺς

321 3728 555 3787 vae-toi);
607 3723 782 3792 ὑμῶν,
817 3719 940 3773 ὃθεν
987 3717 1280 3788 βούλεσθε·
1328 3714 1422 3766 καὶ
1470 3707 1750 3764 σύνέλθετε
1783 3711 1905 3771 ταῖς

320 3821 536 3895 ψυχαῖς
563 3815 713 3887 ὑμῶν
736 3830 750 3844 ·
775 3833 793 3866 ι
832 3813 1100 3875 τουτέστι,
1130 3810 1310 3862 πᾶσαν
1341 3803 1641 3895 ἐπιθυμίαν
1669 3802 1778 3857 τῶν

323 3891 438 3984 χῶν
463 3907 617 3979 ὑμῶν
634 3902 1006 3975 πληρώσατε,
1048 3899 1144 3953 καὶ
1209 3894 1486 3968 χρήσασθε
1514 3896 1637 3956 ταῖς
1662 3891 1907 3962 γυναιξὶν

326 4003 486 4074 ὑμῶν
517 3995 926 4069 ἀμφοτέρωθεν.
972 3993 1038 4046 Τί
1070 3993 1170 4060 τῆς
1221 3992 1320 4058 σῆς
1381 3986 1721 4057 ἀκαθαρσίας
1775 3984 1909 4041 ταύ-

325 4112 428 4165 της
459 4089 862 4158 ἀσελγέστερον
885 4084 979 4138 καὶ
1003 4082 1384 4152 μιαρώτερον;
1585 4106 1588 4108 ~

401 4179 496 4252 ιη’.
531 4175 699 4241 Οὗτος
718 4173 1074 4245 ἐνομοθέτησε
1091 4172 1356 4239 γυναῖκας
1373 4167 1474 4238 μὲν
1490 4165 1762 4236 τέσσαρας
1781 4163 1910 4218 ἕκα-

329 4291 460 4329 στον
490 4268 692 4344 [ὑμῶν]
712 4265 1048 4337 λαμσάνειν·
1090 4260 1371 4320 παλλακὰς
1395 4259 1454 4312 δὲ
1487 4257 1686 4328 χιλίας,
1719 4255 1754 4327 ἢ
1777 4256 1909 4318 ὃσας

328 4368 396 4423 ἂν
422 4367 648 4436 τρέφειν
672 4359 954 4430 δυνηθείη.
979 4352 1333 4408 ’Υποκεῖσθαι
1359 4351 1413 4404 δὲ
1439 4353 1561 4414 ταῖς
1577 4349 1790 4417 γυναιξὶ
1809 4348 1910 4413 τὰς

325 4423 622 4516 παλλακάς
643 4468 660 4486 σ
695 4423 892 4518 καλὴν
917 4423 1008 4502 ’ἂν
1039 4447 1066 4499 6
1095 4445 1234 4515 ἀνὴρ
1285 4441 1579 4514 βούληται,
1624 4439 1908 4507 ἀπολύειν,
1933 4423 1990 4484 D

322 4553 428 4607 καὶ
460 4546 631 4615 ἀλλην
673 4542 1040 4608 ἀντεισάγειν.
1101 4537 1167 4589 Ὢ
1213 4537 1316 4604 τῆς
1345 4533 1762 4605 ἀνυπερϐλήτου
1817 4531 1914 4587 καὶ

323 4637 634 4714 χοιρὼὅους
670 4633 704 4704 ἢ
737 4629 1014 4693 κυνὼδους
1049 4625 1385 4689 ἀκολασίαςι

406 4825 634 4883 Δύσεως
691 4815 1073 4890 μνημονεύσας
1128 4811 1389 4881 γυναικὸς
1445 4809 1508 4875 ἐξ
1554 4809 1746 4881 ἀνδρός
1783 4824 1915 4877 φησι

320 4919 486 4976 τάδε·
520 4934 538 4966 ι
573 4913 702 4967 Ἐάν
725 4929 808 4974 τις
841 4909 1090 4979 ἀπολύσῃ
1121 4905 1216 4976 τὴν
1244 4906 1480 4973 γυναῖκα
1514 4902 1702 4966 αὑτοῦ,
1733 4918 1918 4971 γαμη-

325 5013 491 5082 θήτω
517 5006 662 5076 αὕτη
688 5003 862 5074 ἑτέρῳ
883 5019 899 5036 ο
933 5001 1029 5054 καὶ
1067 4997 1264 5063 οὕτως,
1293 4999 1342 5050 εἰ
1369 4995 1625 5067 βούλεται
1658 4997 1686 5048 6
1714 4992 1918 5048 ἀπολύ-

330 5122 438 5167 σας
471 5103 643 5171 αὐτὴν
672 5099 813 5170 ἀνὴρ
858 5096 1050 5166 αὐτῆς,
1085 5090 1590 5163 ὲπαναστρεψάσθω
1638 5090 1774 5162 πρὸς
1818 5089 1918 5144 αὑ-

329 5199 456 5250 τόν.
491 5196 604 5248 Οὐκ
629 5192 845 5258 ἐξέσται
871 5190 926 5244 δὲ
952 5189 1113 5258 αὐτῇ,
1137 5186 1244 5256 πρὸ
1267 5184 1361 5238 τοῦ
1385 5183 1703 5255 γαμηθῆναι
1723 5184 1918 5254 ἑτέρῳ,

332 5285 754 5356 ὲπαναστρέψαι
812 5282 948 5354 πρὸς
991 5281 1170 5334 αὐτόν.
1213 5299 1232 5332 ι
1307 5278 1492 5341 Καλὸς
1541 5278 1702 5346 νόμος
1736 5278 1764 5328 6
1796 5291 1922 5345 μοι·

327 5384 499 5456 χεξαν
529 5379 854 5440 ἐπιτάττων,
886 5376 980 5428 καὶ
1023 5371 1326 5442 καθάρσιον
1366 5369 1536 5441 αὐτὴν
1580 5371 1681 5440 τῆς
1707 5368 1918 5423 ἀπολύ-

334 5495 485 5537 σεως
515 5472 828 5544 ὁριζόμενος
855 5471 869 5524 l

418 5567 507 5619 tlJ'.
533 5565 619 5627 Εἰς
651 5564 740 5616 τὸν
769 5560 894 5614 καθ’
912 5559 1069 5628 ἡμῶν
1095 5559 1327 5628 πόλεμον
1344 5556 1574 5628 ἐγείρων
1592 5557 1719 5620 τοὺς
1747 5556 1924 5627 μαθη-

336 5658 442 5720 τὰς
459 5657 626 5710 αὐτοῦ
654 5672 786 5725 φησι
804 5669 818 5685 ·
842 5673 859 5704 ι
881 5651 1178 5705 Φονεύσατε
1203 5651 1399 5712 αὐτοὺς
1417 5649 1550 5702 ὅπου
1576 5648 1641 5702 ἂν
1660 5648 1920 5716 συναντή-

338 5767 479 5823 σητε
511 5751 716 5814 αὐτοῖς.
756 5768 774 5802 ι
807 5745 972 5800 Ἀλλὰ
999 5744 1144 5807 τίνος
1184 5743 1343 5798 ἕνεκα
1377 5742 1536 5796 τοῦτο
1569 5740 1836 5806 κελεύεις,
1873 5732 1917 5792 ὦ

1986 3165 2442 3234 'frequentantes.
2476 3167 2599 3224 Haec
2628 3169 2909 3240 jejunantli
2952 3170 3090 3225 ratio
3122 3170 3209 3226 lex
3271 3169 3363 3223 Dei
3412 3181 3516 3224 est.
3558 3189 3578 3223 ι

2010 3259 2290 3326 Quodnam
2325 3259 2764 3328 verojejunium,
2805 3278 2837 3317 ο
2873 3263 3122 3332 impure;
3177 3277 3424 3331 quaenam
3489 3260 3586 3316 Dei

2011 3352 2122 3416 lex,
2153 3367 2248 3421 per
2278 3362 2446 3408 totam
2489 3363 2704 3407 noctem
2735 3352 2994 3407 bacchari
3064 3362 3119 3408 et
3171 3343 3379 3408 libidini
3405 3351 3588 3408 indul-

2011 3446 2176 3513 gere?

2081 3536 2157 3590 De
2183 3537 2512 3591 continentia
2545 3545 2706 3605 atque
2760 3536 3022 3590 modestia
3066 3537 3205 3604 apud
3245 3552 3372 3592 suos
3413 3537 3588 3591 disse-

2013 3636 2140 3676 rens
2169 3623 2288 3676 ait:
2337 3623 2622 3676 cMulieres
2675 3631 2868 3676 vestra:
2909 3621 3271 3677 habitaculum
3343 3617 3584 3677 v'cstrutn

2016 3721 2165 3767 sunt.
2220 3713 2426 3767 Intrate
2458 3713 2511 3767 in
2542 3722 2785 3768 vestrum
2848 3713 3239 3776 habitaculum.
3309 3715 3584 3770 undecun-

2015 3818 2121 3872 que
2151 3803 2332 3869 vultis,
2357 3814 2558 3860 etcum
2578 3806 2775 3860 animis
2822 3805 3021 3860 vestris
3068 3806 3460 3874 congredimini
3500 3822 3516 3861 :
3559 3824 3580 3858 ι

2016 3897 2070 3951 id
2100 3906 2205 3960 est,
2235 3911 2449 3952 omnem
2481 3896 2762 3952 libidinem
2803 3899 2969 3952 animi
3026 3895 3192 3952 vestri
3242 3896 3478 3966 explete,
3529 3908 3586 3951 et

2020 3988 2234 4044 utimini
2258 3987 2578 4045 mulieribus
2616 3989 2812 4044 vestris
2847 3989 3127 4058 utrinque.
3165 3986 3303 4053 Quid
3335 3987 3438 4041 hac
3490 3994 3583 4040 tua

2017 4081 2340 4150 intpuritate
2370 4081 2621 4151 spurcius
2637 4090 2693 4135 et
2722 4079 3138 4135 abominabilius
3167 4079 3192 4134 7

2091 4173 2180 4228 18.
2221 4171 2320 4227 llic
2343 4173 2517 4244 legem
2557 4172 2698 4236 tulit,
2729 4181 2787 4226 ut
2817 4172 3045 4241 quisque
3078 4179 3319 4226 vestrum
3357 4177 3589 4238 quatuor

2015 4281 2214 4323 uxores
2253 4268 2454 4323 ducere
2490 4275 2690 4337 queat;
2724 4265 2941 4336 pellices
2963 4279 3092 4320 vero
3117 4263 3286 4328 mille,
3311 4270 3405 4316 aut
3428 4272 3588 4332 quot-

2018 4367 2149 4429 quot
2183 4359 2380 4428 aliquis
2417 4358 2563 4412 alcre
2593 4358 2783 4428 possit.
2825 4355 3026 4410 Verum
3064 4356 3324 4409 uxoribus
3357 4353 3580 4427 subjec-

2016 4458 2100 4505 tas
2127 4463 2247 4508 esse
2273 4448 2388 4503 vult
2412 4447 2636 4516 pellices
2661 4463 2676 4501 :
2703 4444 3076 4516 permittitque
3105 4443 3390 4514 repudiare
3419 4458 3585 4512 quam

2016 4541 2246 4599 maritus
2276 4540 2428 4605 velit,
2471 4549 2525 4595 et
2578 4541 2737 4594 aliam
2777 4553 2876 4608 pro
2913 4553 2975 4593 ea
3027 4538 3245 4593 ducere.
3293 4532 3342 4590 ~O
3374 4535 3588 4592 incom-

2017 4632 2340 4704 parabilem,
2365 4631 2764 4701 porcinamque
2792 4633 2888 4686 au‘t
2917 4630 3168 4685 culinam
3224 4626 3591 4693 intemperan-

2019 4725 2148 4782 tiam
2175 4726 2190 4780 ι

2092 4817 2229 4874 Cum
2262 4819 2485 4875 divortii
2509 4816 2760 4873 meminit
2799 4815 2944 4870 inter
3014 4814 3191 4869 virum
3237 4821 3291 4868 et
3341 4826 3587 4876 uxorem,

2019 4907 2138 4964 haec
2173 4909 2464 4964 constituit
2494 4926 2510 4963 :
2553 4926 2572 4961 ι
2604 4907 2661 4962 Si
2690 4907 2815 4976 quis
2849 4919 3080 4961 uxorem
3136 4919 3288 4960 suam
3334 4904 3590 4972 repudia-

2019 5003 2182 5067 verit,
2211 5001 2332 5071 ipsa
2363 5001 2530 5057 nubat
2566 4999 2656 5054 alii
2689 5016 2704 5065 ;
2731 5007 2894 5069 atque
2918 4999 3014 5064 ita,
3056 4996 3103 5053 si
3135 4995 3266 5051 velit
3317 4995 3412 5065 qui
3466 5008 3586 5048 eam

2021 5095 2224 5149 dimisit
2262 5093 2494 5147 maritus
2519 5089 2659 5160 ejus,
2693 5091 2757 5144 ad
2792 5090 2965 5158 ipsum
2993 5095 3319 5145 revertatur.
3371 5084 3592 5138 Reverti

2023 5199 2151 5239 vero
2178 5185 2244 5236 ad
2283 5183 2483 5250 ipsum,
2514 5191 2806 5250 antequam
2842 5180 2931 5233 alii
2986 5178 3251 5246 nupserit,
3297 5191 3402 5230 non
3461 5175 3591 5229 lice-

2015 5254 2118 5333 bit.
2177 5297 2195 5330 ι
2229 5275 2497 5333 Ρτωαιοιδιι
2529 5289 2657 5330 vero
2691 5277 2800 5338 lex,
2849 5288 2968 5343 qua:
3009 5271 3333 5326 adulterium
3390 5271 3588 5335 sancit,

2021 5380 2076 5424 et
2103 5384 2169 5424 eo
2207 5367 2323 5422 vult
2349 5365 2633 5436 repudium
2673 5363 2878 5434 expiari
2911 5366 2924 5416 ι

2098 5553 2181 5608 l9.
2223 5553 2355 5608 Cum
2381 5565 2512 5605 vero
2536 5563 2664 5604 suos
2699 5545 2995 5614 discipulos
3018 5545 3072 5598 in
3103 5542 3307 5598 bellum
3332 5541 3594 5596 adversus

2026 5663 2124 5702 nos
2159 5647 2370 5708 incitat,
2386 5644 2506 5698 .ait:
2538 5659 2556 5693 ι
2573 5637 2822 5696 Occidite
2845 5637 3011 5707 ipsos,
3031 5635 3346 5701 ubicunque
3367 5630 3594 5701 inipsos

2030 5736 2351 5794 iucidcritis.
2395 5753 2412 5786 ι
2455 5731 2562 5789 Sed
2595 5729 2752 5802 cujus
2775 5728 2853 5784 rei
2888 5739 3056 5784 causa
3109 5725 3213 5782 hoc
3275 5722 3451 5792 ipsum
3501 5719 3593 5789 ju-

2061 1434 2148 1489 16.
2179 1434 2258 1488 Ex
2275 1448 2368 1488 esu
2397 1433 2636 1488 omnium
2664 1432 2981 1488 animalium
3019 1434 3191 1488 solum
3226 1418 3597 1509 abemina'tttri
3634 1422 3636 1424 6

305 1541 404 1578 ται
424 1522 588 1592 μόνον
615 1518 707 1573 τδν
736 1520 946 1588 χοῖρον·
979 1516 1100 1568 οὔτε
1128 1517 1184 1569 δὲ
1213 1516 1372 1582 κύνα,
1401 1514 1524 1568 οὒτε
1551 1514 1736 1578 λύκον,
1762 1511 1886 1565 οὔτε

2013 1539 2242 1592 mrcum;
2280 1541 2454 1594 neque
2482 1539 2691 1603 canent,
2723 1540 2895 1594 neque
2924 1523 3131 1592 lupum,
3175 1509 3356 1595 neque
3406 1514 3572 1604 ullum
3617 1545 3620 1549 λ

305 1634 366 1670 τι
410 1615 572 1669 ἀλλοο
611 1613 749 1667 ἀλλά
782 1610 1000 1663 πάντων
1034 1609 1286 1677 μετέχειν
1327 1607 1700 1678 προτρέπεται
1756 1605 1886 1666 τοὺς

2013 1617 2176 1682 ιιίυάς
2212 1616 2308 1672 sed
2338 1600 2551 1674 caeteris
2579 1617 2832 1672 omnibus
2885 1619 3028 1672 vesci
3067 1618 3226 1687 jubet
3280 1600 3608 1690 dﬁd'ptllos.‘

315 1707 413 1762 ὑπ’
433 1705 600 1760 αὐτοῦ
635 1701 1024 1773 ἠπατημένους
1047 1717 1059 1730 ·
1085 1719 1101 1750 ι
1121 1701 1329 1768 Φάγετε
1357 1699 1488 1768 γὰρ,
1517 1716 1535 1750 ι
1569 1696 1754 1767 φησὶν,
1781 1714 1800 1747 ‹
1825 1697 1890 1748 ὲκ

2013 1725 2022 1762 l
2053 1723 2109 1762 se
2136 1709 2408 1778 deceptos.
2454 1727 2473 1760 ‹
2509 1709 2808 1775 Comedite,
2835 1709 3030 1778 inquit,
3063 1710 3142 1763 de.
3176 1709 3260 1763 his
3292 1706 3576 1777 quae-sunt
3657 1714 3660 1716 ‘
