4022 6224
510 260 675 344 ³135ι

1793 272 2179 337 EUTHYMII
2220 268 2581 331 ZIGABENI

3707 264 3825 332 1&2

530 389 647 454 bes,
700 403 747 442 ο.
778 385 1121 456 sanguinarie
1152 382 1177 437 ἲ
1213 382 1292 438 Ne
1340 381 1613 449 videlicet,
1670 396 1789 437 cum
1841 384 2117 453 sapientes

2239 379 2481 449 ιιαιφόνε
2505 395 2517 441 ;
2568 378 2657 429 Ῑνα
2684 374 2900 437 παντως
2935 375 3033 444 μὴ,
3058 376 3326 444 νουνεχείς
3352 374 3551 439 ὅντες,
3570 374 3825 447 ἐλέγχωσι

448 522 451 527 ι
531 478 661 542 sint,
693 478 855 547 impia
907 486 996 530 tua
1025 485 1079 530 et
1102 490 1300 544 spurca
1331 473 1529 542 placita
1557 482 1878 543 coarguant.

602 589 695 643 20.
724 578 939 644 Excitat
965 596 1145 642 amem
1166 587 1353 643 multis
1374 587 1545 641 modis
1564 596 1616 641 et
1636 596 1811 641 armat
1833 587 2114 648 barbaros,

456 742 465 757 η,
536 690 595 733 ιιι
631 666 1069 734 Christianorum
1113 680 1380 748 sanguine
1428 678 1748 748 polluantur
1786 697 1796 733 :
1842 678 1971 732 dum
2009 679 2117 731 illis

430 766 435 767 γ
536 786 858 841 persuasum
886 786 1010 825 esse
1040 771 1173 834 vult,
1202 786 1453 840 magnam
1485 779 1540 825 et
1571 772 1849 840 copiosam
1906 785 2117 825 merce-

537 864 660 918 dem
701 866 841 933 apud
879 864 1044 917 Deum
1090 866 1385 933 repositam
1405 878 1528 918 esse
1562 864 1627 918 iis
1683 866 1773 933 qui
1828 864 2120 919 crudeliter

540 956 593 1007 in
615 956 759 1023 ipsos
799 966 1143 1025 grassentur.
1173 955 1333 1010 Jubct
1380 958 1545 1011 etiam
1601 957 1847 1025 quintam
1906 966 2117 1025 partem

537 1050 876 1115 captivorum
899 1057 953 1099 et
983 1044 1215 1101 aliorum
1244 1048 1541 1115 spoliorum
1580 1048 1823 1102 dedicari
1886 1048 2019 1113 Deo,
2065 1056 2121 1101 et

538 1122 813 1206 prophetae
840 1136 1194 1207 apostolOQue
1245 1138 1366 1208 ejus
1392 1139 1720 1196 Moametho.
1758 1137 1944 1207 Neque
1975 1137 2119 1193 enim

488 1286 493 1289 _
537 1246 753 1299 aequum
792 1240 911 1285 erat
932 1232 1069 1285 lucri
1104 1248 1207 1286 non
1229 1246 1494 1296 essecum
1524 1233 1631 1288 iilis
1651 1231 1967 1301 participem
1994 1245 2119 1284 eum

523 1321 629 1389 qui
670 1321 802 1390 ipsis
837 1321 1160 1389 perditionis
1190 1322 1629 1378 Christianorum
1663 1322 1852 1376 fuisset
1879 1333 2073 1375 auctor
2103 1337 2120 1385 ;

498 1400 634 1479 fgsed
676 1427 772 1481 par
824 1423 943 1467 erat
996 1429 1059 1466 ex
1113 1416 1465 1483 sanguinario
1524 1413 1722 1482 populo
1767 1412 2122 1483 sanguinario

534 1502 815 1585 proph’etze
843 1506 1224 1574 sanguinarias
1259 1507 1527 1574 primitias
1555 1506 1809 1562 decerni.

474 1640 475 1643 η
552 1670 556 1675 ,
612 1615 716 1669 Sed
751 1623 929 1669 tamen
963 1619 1283 1682 rOgantibus
1314 1618 1642 1674 Christianis
1674 1620 1828 1689 jubet
1873 1621 2119 1675 reconci-

2219 474 2287 525 τὰ
2318 470 2597 525 ἀσέὅαστά
2632 485 2725 521 σου
2761 467 2855 520 καὶ
2878 467 3240 521 κατάπτυστα
3260 467 3557 537 δόγματα.

2292 584 2382 652 κ’.1
2412 585 2730 654 Διανίστησι
2758 580 2851 636 καὶ
2895 580 3168 648 ἐξοπλίζει
3213 582 3691 653 παντοιοτρόπως
3719 586 3824 645 τοὶς

2224 678 2531 752 βαρϐάρους
2563 675 2701 745 πρὸς
2727 673 2785 727 τὸ
2813 675 2923 736 τοῖς
2976 672 3085 726 τῶν
3118 674 3481 752 Χριστιανῶν
3512 676 3715 741 αἵμασι
3744 696 3824 729 xa-

2202 768 2633 847 _11xpa€vs00at,
2667 765 3027 827 πιστεύοντας
3049 765 3256 837 πολλὴν
3285 768 3451 838 παρὰ
3482 767 3617 837 Θεῷ
3642 768 3823 836 μισῦαο

2222 859 2479 913 ποδοσίαν
2532 856 2748 911 κεῖσθαι
2792 858 2908 919 τοῖς
2942 855 3111 925 ὠμῶς
3161 856 3283 910 κατ’
3325 858 3530 911 αὐτῶν
3578 859 3818 928 χωροῦσι.

2222 952 2335 1022 Τὴν
2377 950 2634 1022 πέμπτην
2684 950 2741 1004 δὲ
2774 950 2971 1021 μοῖραν
3004 948 3118 1002 τῶν
3171 949 3566 1019 αἰχμαλώτων
3602 953 3819 1004 καὶτῶν

2222 1044 2399 1098 ἄλλων
2432 1045 2645 1097 σκύλων
2675 1042 3028 1098 ἀνατίθεσθαι
3062 1041 3137 1111 τῷ
3158 1042 3301 1112 Θεῷ,
3330 1046 3432 1096 καὶ
3462 1044 3548 1114 τῷ
3580 1046 3816 1115 προφήτῃ

2224 1137 2318 1189 καὶ¹
2344 1136 2631 1208 ἀποστόλῳ
2672 1134 2839 1191 αὑτοῦ
2879 1134 3163 1203 Μωάμεθ·
3206 1136 3269 1187 ού
3321 1136 3443 1207 γὰρ
3479 1138 3597 1190 ἔδει
3635 1140 3708 1206 μὴ
3737 1143 3816 1192 καὶ

2222 1228 2317 1281 τοῦ
2341 1228 2573 1298 κέρδους
2635 1229 2817 1291 αὐτοῖς
2867 1226 3197 1297 κοινωνῆσαι
3253 1228 3345 1281 τὸν
3390 1228 3504 1299 τῆς
3557 1230 3817 1293 ἀπωλείας

2225 1321 2408 1384 αὐτοῖς
2441 1320 2635 1375 αῐτιον.
2690 1319 2889 1390 Ἐχρῆν
2917 1319 2974 1372 δὲ
3006 1322 3072 1372 ἐκ
3106 1320 3397 1389 μιαιφόνου
3437 1322 3576 1374 λαοῦ
3606 1324 3815 1392 μιαιφόα

2224 1430 2301 1484 νῳ
2337 1414 2593 1483 προφήτῃ
2620 1412 2940 1481 μιαιφόνους
2967 1406 3109 1465 εἶναι
3142 1412 3242 1475 τὰς
3277 1413 3664 1483 προσενέξεις.

2298 1614 2409 1667 Καὶ
2440 1611 2902 1667 καταλλάττεσθαι
2954 1610 3011 1663 δὲ
3054 1610 3296 1676 κελεύει,
3345 1614 3809 1682 παρακαλούντων

535 1704 685 1760 iiari.
718 1782 721 1783 ν
757 1704 917 1775 Papae
982 1708 1330 1763 inhumanam
1393 1712 1784 1765 humanitatem
1822 1713 1834 1766 !
1880 1713 1935 1766 Si
1980 1714 2124 1767 enim

2239 1704 2593 1776 Χριστιανῶν.
2623 1703 2800 1756 Βαϐαῖ.
2832 1703 2931 1772 τῆς
2954 1702 3327 1770 ἀπανθρώπου
3355 1705 3800 1774 φιλανθρωπίαςῐ

538 1794 862 1862 Christiani,
905 1806 1047 1854 facta
1085 1802 1550 1866 reconciliatione,
1608 1804 1658 1856 in
1727 1803 2125 1858 Saracenorum

544 1902 729 1957 partes
754 1895 1145 1958 concesserint,
1196 1905 1250 1947 et
1297 1903 1484 1963 postea
1521 1896 1587 1948 ah
1627 1896 1940 1950 eorumdcm
1979 1904 2130 1962 pote-

544 1988 688 2034 state
718 1983 1088 2050 seabgregare
1116 1985 1230 2035 ausi
1294 1986 1513 2049 iuerint,
1557 1986 1750 2037 bellum
1791 1995 1979 2038 contra
2038 2000 2130 2039 eos

544 2071 772 2127 conthri
813 2072 1113 2142 etjugulari
1139 2089 1232 2129 eos
1263 2075 1378 2127 vult
1403 2091 1417 2138 ;
1443 2083 1497 2125 at
1537 2076 1581 2127 si
1614 2077 1861 2129 eamdem
1914 2075 2130 2146 religio--

548 2180 671 2219 nem
710 2166 1115 2233 amplexentur,
1148 2166 1200 2219 iu
1241 2165 1468 2219 fratrum
1502 2181 1785 2219 numerum
1823 2167 2018 2236 recipi.

623 2298 643 2331 ι
680 2279 796 2334 Νοιι
830 2280 1065 2349 adigetis
1126 2281 1297 2350 ipsos,
1348 2281 1443 2346 ait,
1471 2281 1536 2335 ad
1570 2280 1750 2334 fidem.
1773 2280 1908 2335 Nam
1939 2296 2002 2336 ex
2050 2282 2133 2337 lu-

548 2374 704 2426 brico
737 2381 792 2427 et
823 2371 1154 2440 periculoso,
1189 2374 1328 2439 quod
1364 2383 1573 2441 gratum
1605 2384 1996 2442 acceptumque
2025 2385 2129 2437 est,

554 2467 773 2535 planum
803 2465 1008 2521 factum
1034 2476 1135 2531 est,
1180 2486 1198 2518 ι
1269 2467 1317 2519 id
1348 2476 1457 2529 est,
1519 2468 1769 2536 apparuit
1794 2474 1971 2519 vestra
2000 2466 2133 2521 fides

549 2558 663 2612 Deo
701 2568 879 2629 grata,
934 2559 1055 2612 aliis
1088 2558 1438 2627 religionibus
1475 2557 1817 2627 improbatis,
1871 2567 2128 2627 tanquam

546 2651 899 2721 periculosis.
937 2650 1105 2720 Euge,
1142 2665 1333 2721 magna
1358 2665 1489 2705 sane
1520 2650 1848 2715 humanitas,
1877 2652 2018 2719 quod
2047 2652 2131 2705 in-

550 2744 806 2798 terficere
832 2743 1178 2798 Christianos
1210 2744 1511 2797 mandasti!
1564 2744 1782 2811 adigere
1812 2743 2027 2798 interim
2062 2749 2130 2799 ad

558 2835 717 2889 [idem
748 2850 851 2888 non
895 2835 1127 2905 jussisti,
1165 2834 1264 2890 sed
1295 2837 1548 2889 occidere
1574 2836 1841 2889 mandasti
1870 2836 1883 2887 ι
1915 2851 2022 2891 non
2059 2838 2129 2893 ob

550 2926 784 2979 alienam
813 2926 1005 2991 ﬁdem,
1044 2928 1137 2981 sed
1166 2928 1236 2981 ob
1289 2927 1509 2981 insitam
1537 2928 1797 2981 saevitiem
1829 2936 1991 2996 atque
2044 2929 2129 2984 in-

2232 1800 2295 1852 Εί
2352 1799 2451 1868 μὲν
2488 1794 2947 1863 καταλλαγέντες,
2986 1794 3081 1847 καὶ
3124 1793 3245 1847 καθ’
3308 1796 3539 1858 ἑαυτοὺς
3588 1796 3805 1863 γενόμε-

2232 1907 2335 1955 νοι,
2384 1887 2718 1958 τολμήσουσι
2756 1887 2853 1955 τῆς
2910 1884 3085 1953 αὐτῆς
3138 1885 3383 1949 ἐξουσίας
3418 1888 3800 1957 ἁποδιαιρεθῆ-

2234 1997 2343 2043 ναι,
2381 1978 2622 2046 πόλεμον
2654 1976 2776 2030 κατ’
2810 1974 2995 2028 αὐτῶν
3028 1979 3357 2045 συγκροτεῖν,
3388 1979 3479 2028 καί
3512 1979 3795 2042 ἀποσφάτ-

2232 2086 2349 2122 τειν
2410 2068 2639 2131 αὐτούς’
2693 2068 2742 2119 εί
2778 2068 2835 2120 δὲ
2880 2068 2981 2136 τὴν
3045 2067 3207 2136 αὐτὴν
3252 2066 3585 2119 ἐπανέλοιντο
3658 2068 3784 2137 θρη-

2237 2160 2451 2227 σκείαν,
2478 2162 2558 2223 είς
2590 2159 2855 2227 ἀδελφοὺς
2877 2160 3075 2222 αὐτοὺς
3105 2158 3516 2229 παραδέχεσθαι.

2312 2293 2330 2325 ι
2369 2274 2442 2326 Uti
2513 2273 2985 2341 καταναγκάσετε.
3042 2276 3251 2344 φησιν,
3316 2276 3394 2338 εἰς
3465 2276 3645 2329 πίστιν
3700 2279 3789 2331 αὖ·

2234 2364 2381 2428 τούς.
2449 2365 2798 2436 Ἐφανερώθη
2829 2366 2937 2435 γὰρ
2966 2366 3027 2418 τὸ
3048 2368 3445 2437 εύπρόσδεκτον
3470 2369 3534 2421 ἐκ
3560 2370 3647 2422 τοῦ
3669 2386 3787 2436 σφα⁸

2234 2453 2417 2524 λεροῦ.
2457 2472 2475 2505 ι
2527 2454 2841 2520 Τουτέστιν,
2896 2455 3071 2524 ἐφάνη
3102 2456 3133 2523 ἡ
3170 2456 3296 2507 καθ’
3339 2456 3487 2524 ὑμᾶς
3520 2456 3690 2516 πίστις
3712 2454 3782 2505 εὐ·

2238 2548 2569 2617 πρόσδεκτος
2624 2546 2702 2617 τῷ
2736 2547 2879 2617 Θεῷ,
2932 2547 3041 2599 τῶν
3074 2548 3249 2601 ἄλλων
3276 2547 3519 2600 πίστεων
3560 2548 3776 2601 ἀποδοκιο

2242 2639 2575 2708 μασθεισῶν,
2598 2635 2685 2692 οἷα
2714 2640 3024 2710 σφαλερῶν.
3056 2636 3198 2709 Εὖγε
3232 2643 3331 2711 τῆς
3360 2639 3775 2710 φιλανθρωπίαςί

2237 2735 2319 2786 ὅτι
2349 2732 2580 2800 σφάζειν
2612 2735 2738 2795 τοὺς
2764 2734 3129 2803 Χριστιανοὺς
3161 2734 3452 2799 ἐπιτάξας.
3482 2735 3554 2806 μὴ
3573 2734 3782 2800 ἀναγκά-

2237 2826 2353 2892 ζειν
2381 2826 2520 2890 τέως
2536 2827 2615 2889 είς
2633 2827 2731 2897 τὴν
2758 2827 2942 2880 πίστιν
2966 2828 3221 2880 ἐκέλευσε
3248 2828 3501 2897 φονεύειν
3527 2824 3779 2890 ἐπιτάξας,

2237 2924 2299 2976 ού
2370 2922 2437 2976 δι’
2478 2922 2868 2992 ἀλλοτριότητα
2948 2922 3224 2989 πίστεως,
3292 2923 3431 2976 ἀλλά
3478 2923 3547 2976 δι’
3604 2919 3781 2973 οίκείαν

566 3019 987 3086 humanitatem,
1025 3028 1077 3074 et
1105 3036 1171 3075 ne
1189 3019 1518 3088 superstites
1542 3031 1844 3090 coarguant
1877 3031 2023 3074 tuam
2051 3022 2130 3075 in-

2239 3016 2503 3085 ἀπήνειαν
2562 3016 2657 3067 καὶ
2708 3013 3149 3084 ἀπανθρωπίαν,
3198 3015 3295 3069 καὶ
3346 3016 3436 3069 ἵνα
3491 3017 3560 3087 μὴ
3607 3014 3781 3079 ζῶντες

552 3110 762 3165 sanium
786 3120 947 3180 atque
988 3112 1341 3181 impietatem,
1369 3114 1442 3164 uti
1471 3112 1787 3181 praedictum
1816 3125 1921 3168 est.

622 3311 889 3364 Admonet
916 3324 1042 3365 suos
1084 3311 1267 3363 dicens
1300 3326 1315 3362 :
1351 3329 1370 3362 ι
1412 3309 1488 3364 Ne
1522 3310 1643 3363 sitis
1673 3313 1805 3366 socii
1832 3330 2006 3383 neque
2032 3315 2132 3371 Ju-

553 3402 821 3466 dzeorum,
892 3416 1065 3470 neque
1122 3401 1583 3456 Christianorum.
1632 3402 1765 3457 Nam
1823 3406 2137 3475 quicunque

552 3497 700 3567 ipsos
730 3495 994 3557 defendit,
1021 3511 1087 3549 ex
1113 3496 1244 3564 ipsis
1260 3503 1364 3549 est.
1398 3513 1416 3545 ι
1449 3494 1579 3549 Esto
1602 3511 1765 3551 sane:
1794 3496 2135 3555 Christianos

554 3590 980 3657 omnipotentem
1017 3598 1367 3658 sanctamque
1392 3587 1709 3642 Trinitatem
1748 3592 1987 3647 colentes
2012 3592 2136 3648 odio

556 3682 937 3750 prosequeris;
978 3681 1031 3733 in
1063 3679 1278 3734 Judtnos
1312 3695 1457 3745 vero,
1510 3681 1601 3748 qui
1637 3682 1965 3749 profitentur
2015 3701 2133 3739 sese

556 3774 851 3828 Abrahami
883 3773 1040 3827 fidem
1078 3787 1427 3837 conservare,
1471 3788 1569 3826 cur
1604 3774 1706 3827 hoc
1743 3776 1990 3829 moliris?
2028 3775 2135 3831 Sed

556 3870 693 3922 nihil
724 3869 956 3923 alienum
990 3883 1017 3920 a
1050 3878 1138 3920 tua
1159 3868 1388 3921 malitia.
1424 3865 1576 3921 Nosti
1604 3871 1748 3921 enim
1782 3870 1922 3938 quod
1950 3871 2037 3925 lex
2056 3871 2137 3926 di-

559 3960 834 4014 vinitatem
861 3957 1062 4012 Christi
1085 3957 1321 4012 declaret
1347 3976 1359 4011 :
1387 3957 1589 4012 idcirco
1613 3967 1871 4028 utrosque
1893 3961 2017 4015 odio
2046 3963 2138 4015 ha-

558 4052 687 4106 bere
752 4049 1022 4120 praecipis,
1054 4050 1145 4119 qui
1168 4048 1390 4114 Christi,
1424 4048 1631 4114 imo,ut
1695 4050 1874 4120 potius
1928 4052 2131 4119 dicam,

557 4141 652 4198 Dei
675 4143 853 4199 hostis
874 4157 954 4198 es.

634 4434 836 4492 Deinde
876 4434 953 4489 sic
982 4435 1236 4491 condolet
1292 4435 1491 4492 Judaeis
1512 4443 1573 4491 et
1620 4435 1967 4504 Christianis,
2008 4453 2136 4494 cum

562 4532 677 4586 ait:
740 4526 887 4582 «Va:
917 4527 1094 4596 vobis,
1146 4529 1445 4587 domestici
1509 4528 1949 4597 Scripturarum!
2006 4533 2140 4588 nihil

562 4624 716 4678 vobis
738 4621 863 4687 erit,
903 4621 1081 4689 quoad
1112 4621 1287 4691 legem
1315 4622 1615 4690 sequemini
1642 4631 1700 4676 et
1725 4622 2133 4692 Evangelinum

562 4714 732 4780 Nihil,
763 4726 956 4781 nempe
1008 4710 1279 4766 utilitatis.
1341 4713 1503 4783 Atqui
1548 4712 1708 4781 paulo
1746 4719 1872 4769 alite
1899 4715 2072 4786 legem
2109 4731 2140 4770 a

559 4806 781 4864 Christo
851 4807 1129 4875 impletatn
1188 4804 1361 4859 fuisse
1415 4802 1617 4870 dixisti,
1675 4804 2141 4877 Evangeliumque

560 4899 959 4971 promulgatum
1019 4911 1142 4954 esse
1200 4896 1345 4951 viam
1403 4904 1459 4951 et
1517 4896 1690 4951 lucem
1755 4910 1809 4953 et
1847 4898 2138 4966 justitiam.

562 4991 674 5046 Sed
706 5004 893 5045 revera
922 4989 1263 5045 mendacium
1294 4989 1530 5059 seipsum
1558 4987 1787 5059 jugulat,
1843 5000 1901 5045 ut
1922 4992 2139 5047 eviden-

562 5093 644 5140 ter
671 5092 1017 5153 coarguatur.

635 5261 710 5316 De
736 5260 1155 5316 circumcisione
1183 5271 1237 5315 et
1259 5260 1488 5315 marium
1541 5270 1595 5315 et
1618 5260 1941 5317 feminarum
1967 5262 2138 5332 legem

563 5356 684 5411 tulit
717 5372 731 5409 :
765 5354 1048 5409 interdixit
1082 5352 1189 5409 illis
1229 5353 1390 5407 etiam
1429 5352 1576 5407 vino.
1615 5351 1681 5407 Et
1716 5369 1893 5410 mares
1919 5356 2136 5423 quidem

562 5446 956 5503 circumcidere
1001 5444 1328 5503 Hebraicum
1362 5461 1377 5511 ;
1407 5442 1639 5499 feminas
1664 5456 1796 5499 vero
1860 5446 2143 5515 impuden-

562 5541 649 5594 tia:
688 5538 1058 5593 Mnamethicae
1084 5537 1385 5606 prOpriutn.
1428 5535 1637 5590 scilicet
1672 5546 1731 5592 ut
1764 5538 2138 5591 circumcisio-

565 5645 688 5683 ncm
755 5632 808 5683 in
861 5630 979 5699 lege
1035 5629 1409 5699 praescriptam
1461 5627 1565 5683 hoc
1614 5637 1769 5697 pacto
1818 5630 2134 5697 corrigeret.

564 5720 904 5780 Abstinentia
934 5738 965 5779 a
996 5724 1118 5779 vino
1150 5722 1251 5780 hoc
1294 5722 1431 5795 vult,
1468 5738 1539 5781 ne
1571 5722 1708 5781 ebrii
1769 5720 1922 5792 facti,
1978 5722 2135 5779 facile

2240 3110 2506 3180 ἐλέγχωσι
2558 3109 2658 3178 τὴν
2722 3108 2903 3161 αὐτῶν
2974 3108 3237 3162 ἀπόνοιαν
3283 3110 3381 3163 καὶ
3435 3107 3777 3173 ἀσέϐειαν,ὠς

2242 3206 2589 3273 προείρηται.

2313 3317 2578 3386 Παραινεῐ
2599 3320 2711 3379 τοῖς
2746 3317 2895 3379 ἰδίοις
2924 3316 3099 3384 λέγων
3126 3330 3140 3345 '
3180 3333 3199 3368 ι
3236 3315 3325 3386 Μὴ
3353 3316 3553 3381 γίνεσθε
3578 3312 3772 3381 ﬁrm”-

2242 3425 2441 3477 πτορες
2482 3409 2757 3461 Ἰουδαίων
2817 3427 2875 3461 τε
2932 3410 3027 3462 καὶ
3062 3409 3410 3480 Χριστιανῶν.
3448 3408 3618 3466 Ὀστις
3662 3404 3759 3472 γὰρ

2241 3500 2683 3570 ὑπερασπὶζεται
2714 3501 2893 3555 αὐτῶν
2916 3501 2976 3565 ἐξ
3003 3502 3181 3570 ὑμῶν,
3214 3504 3238 3553 ὁ
3268 3498 3492 3561 τοιοῦτος
3529 3497 3583 3561 ἐξ
3607 3496 3769 3548 αὐτῶν

2243 3593 2504 3662 ὑπάρχει.
2542 3611 2561 3644 ι
2625 3592 2851 3646 Ἔστω·
2914 3591 3273 3661 Χριστιανοὺς
3340 3590 3455 3660 μὲν,
3515 3590 3629 3651 τοὺς
3683 3587 3776 3657 τὴν

2243 3685 2590 3756 παντουργὸν
2622 3687 2718 3740 καλ⁵
2748 3686 2913 3752 ἁγίαν
2946 3685 3154 3754 Τριάδα
3186 3684 3462 3747 σέϐοντας,
3493 3681 3779 3753 μισεῖς,καὶ

2241 3777 2465 3830 τοιαῦτα
2516 3777 2809 3847 ὑπομένειν
2876 3776 3161 3839 κελεύεις·
3228 3776 3504 3838 Ἰουδαίοις
3565 3775 3636 3839 δέ,
3684 3774 3781 3834 τοῖς

2243 3869 2743 3939 ἐπαγγελλομένοις
2804 3868 2904 3940 τὴν
2930 3868 3025 3921 τοῦ
3072 3868 3324 3938 Ἀϐραὰμ
3353 3866 3654 3931 ἀποσώζειν
3705 3864 3784 3917 πί-

2245 3979 2389 4028 στιν,
2436 3962 2525 4015 διά
2557 3961 2612 4016 τί
2671 3960 2848 4015 ταῦτα
2890 3962 3168 4032 προξενεῖς
3202 3978 3219 4026 ς
3256 3960 3396 4014 Ἀλλ’
3450 3960 3547 4013 οὐκ
3595 3958 3688 4022 ἔξω
3708 3957 3787 4008 καὶ

2245 4058 2405 4110 τοῦτο
2435 4059 2535 4127 τῆς
2565 4059 2662 4128 σῆς
2684 4055 3124 4125 κακοφροσύνης.
3156 4051 3323 4117 Οἶδας
3348 4056 3455 4124 γὰρ
3483 4055 3563 4107 ὅτι
3593 4055 3620 4106 ὁ
3644 4052 3787 4119 νόμος

2245 4151 2343 4222 τὴν
2389 4150 2484 4203 τοῦ
2528 4148 2776 4219 ίΧριστοῦ
2806 4147 3039 4216 θεότητα
3071 4144 3311 4198 δείκνυσι
3350 4161 3365 4177 ⁸
3399 4145 3493 4201 καὶ
3538 4144 3623 4198 διὰ
3650 4142 3789 4195 τοῦτο

2244 4243 2599 4315 ἀμφοτέρους
2651 4240 2961 4312 ἐχθραίνεὶν
3023 4238 3291 4305 κελεύεις,
3334 4238 3704 4309 χριπομάχος,
3760 4234 3791 4305 ἢ

2163 4373 2215 4434 D
2252 4337 2451 4410 μᾶλλον
2486 4336 2684 4399 εἰπεῖν,
2715 4332 2983 4403 θεομάχος
3002 4330 3105 4385 ὢν.

2316 4425 2430 4483 Εἴθ’
2488 4426 2636 4480 οὕτω
2688 4424 2964 4488 ταλανίζει
3011 4422 3376 4493 Χριστιανούς
3431 4440 3494 4476 τε
3528 4422 3619 4477 καὶ
3677 4421 3783 4474 ἰου-

2242 4522 2449 4585 δαίους,
2500 4519 2705 4588 λέγων·
2774 4537 2793 4569 ι
2830 4517 2970 4570 Οὐαὶ
3004 4516 3156 4586 ὑμῖν,
3215 4517 3407 4569 οἰκεῖοι
3439 4514 3795 4586 Γραφῶνίού-

2242 4616 2330 4668 δὲν
2388 4616 2516 4684 ὑμῖν
2548 4612 2722 4677 ἐσται,
2756 4610 2862 4672 ἓως
2901 4608 2967 4662 ἂν
2997 4607 3392 4678 ἐξακολουθῆτε
3447 4605 3528 4676 τῷ
3549 4607 3691 4687 νόμω
3716 4606 3796 4657 καὶ

2242 4708 2319 4779 τῷ
2364 4705 2705 4776 Εὑαγγελίῳ.
2748 4722 2766 4753 ›
2805 4702 3035 4771 Ὄφελον
3089 4699 3361 4771 δηλονότι.
3410 4700 3525 4754 Καὶ
3553 4700 3652 4770 μὴν
3680 4701 3791 4751 ἀνω»

2242 4802 2389 4871 τέρω
2447 4797 2642 4868 μικρὸν
2708 4790 3176 4863 ἀληθοποιηθῆναι
3242 4788 3344 4858 μὲν
3375 4789 3528 4856 παρά
3577 4782 3796 4856 Χριστοῦ

2241 4892 2331 4944 τὸν
2363 4889 2524 4955 νόμον
2557 4886 2785 4954 εἴρηκας
2815 4898 2829 4912 °
2870 4881 3092 4949 δοθῆναι
3120 4879 3178 4931 δὲ
3216 4877 3307 4932 διὰ
3341 4875 3436 4930 τοῦ
3479 4874 3800 4944 Εὑαγγελίου

2242 4985 2521 5053 ὀδῄγησιν,
2570 4980 2661 5031 καὶ
2720 4976 2859 5045 φῶς,
2890 4973 2990 5027 καὶ
3013 4970 3384 5038 δικαιοσύνην.
3458 4968 3605 5023 Ἀλλ’
3651 4968 3800 5025 ὅντως

2244 5074 2424 5143 ἑαυτῴ
2461 5069 2783 5142 περιπίπτει
2809 5067 2877 5120 τά
2904 5064 3077 5119 πολλά
3105 5064 3166 5117 τὸ
3194 5062 3414 5132 ψεῦδος,
3445 5062 3542 5115 ἵνα
3573 5074 3801 5131 φανερω-

2241 5168 2415 5237 τέρως
2455 5162 2765 5234 ἐλεγχθείη.

2314 5256 2673 5330 Περιτέμνειν
2707 5253 2801 5306 καὶ
2851 5252 2975 5313 τοὺς
3028 5250 3267 5319 ἄρρενας
3320 5246 3418 5301 καὶ
3444 5246 3549 5309 τὰς
3599 5242 3804 5315 θηλείας

2242 5350 2641 5422 νομοθετήσας,
2701 5344 3086 5413 ἀπηγόρευσεν
3148 5342 3334 5401 αὐτοῖς
3392 5340 3483 5393 καὶ
3537 5338 3628 5390 τὸν
3658 5332 3805 5389 οἶνον.

2242 5445 2314 5497 Τὸ
2352 5443 2452 5514 μὲν
2483 5440 2576 5494 οὖν
2608 5438 2962 5508 περιτέμνειν
2998 5436 3125 5496 τοὺς
3143 5435 3381 5504 ἄρρενας
3413 5430 3727 5501 Ἐὃραῖκόνο
3756 5425 3807 5476 τὸ

2241 5538 2296 5590 δὲ
2324 5536 2422 5599 τὰς
2458 5535 2678 5602 θηλείας
2712 5531 2811 5601 τῆς
2833 5527 2928 5582 τοῦ
2962 5526 3210 5596 Μωάμεθ
3243 5525 3635 5595 ἀναισχυντίας
3664 5521 3803 5579 ἴδιον.

2245 5629 2342 5681 ἐπὶ
2370 5624 2659 5696 διορθώσει
2707 5622 2872 5693 δῆθεν
2910 5620 3011 5691 τῆς
3061 5618 3299 5688 νομικῆς
3335 5617 3642 5686 περιτομῆς
3668 5630 3682 5643 ·
3714 5610 3807 5678 ἡδὲ

2246 5718 2427 5789 ἀποχὴ
2461 5716 2554 5772 τοῦ
2591 5716 2758 5783 οἴνου,
2818 5714 2907 5770 ἴνα
2972 5711 3047 5784 μὴ
3106 5708 3513 5782 μεθυσκόμενοι
3564 5706 3675 5766 τοῖς
3727 5701 3807 5768 ἕλ’
