4022 6224
383 423 531 490 1353

372 541 531 614 θροίς
582 530 766 593 αὐτῶν
822 539 1087 594 εὐάλωτοι
1153 538 1502 607 γίγνωνται,

370 636 486 697 τοῖς
527 633 902 704 Χριστιανοῖς.

462 724 871 795 Ἐμυθολόγησε
913 721 1160 791 κάμηλόν
1206 738 1325 773 τινα
1372 723 1668 805 γενέσθαι,
1724 723 1965 792 δυναμέ-

374 836 477 889 νην
511 818 689 873 πίνειν
722 817 845 872 ὅλον
885 816 978 870 τὸν
1031 816 1419 887 παραρρέοντα
1476 817 1725 887 ποταμόν
1757 830 1769 844 ·
1826 813 1966 871 εῖναι

374 912 433 964 δὲ
460 911 662 982 ταύτην
695 908 1055 980 παμμεγέθη,
1091 908 1189 962 καὶ
1220 909 1297 978 μὴ
1324 908 1691 979 χωρουμένην
1751 909 1962 979 μεταξὺ

375 1005 474 1059 δύο
522 1004 631 1056 τῶν
665 1004 942 1074 μεγίστων
995 1002 1189 1072 ὁρέων.
1236 1001 1380 1064 Λαὸς
1433 996 1550 1066 οὖν,
1588 1004 1774 1071 φησὶν,
1804 998 1874 1072 ῆν
1906 1004 1965 1055 ὲν

375 1092 458 1161 τῷ
488 1093 637 1162 τόπῳ
664 1108 679 1123 ·
729 1093 824 1146 καί
853 1093 952 1164 τὴν
982 1091 1085 1161 μὲν
1116 1091 1245 1161 μίαν
1275 1093 1494 1164 ἡμέραν
1525 1093 1691 1155 αὐτὸς
1724 1092 1874 1147 ἔπινε
1903 1095 1965 1146 τὸ

378 1184 526 1256 ὕδωρ
561 1184 654 1237 τοῦ
692 1182 963 1253 ποταμοῦ,
1022 1184 1121 1254 τὴν
1178 1184 1236 1236 δὲ
1263 1184 1456 1253 ἑτέραν
1495 1186 1529 1253 ἡ
1562 1184 1827 1255 κάμηλος.
1868 1187 1969 1239 Πί-

378 1292 549 1330 νουσα
579 1276 637 1328 δὲ
672 1276 733 1329 τὸ
783 1274 927 1346 ὕδωρ
962 1277 1057 1329 τοῦ
1125 1276 1404 1348 ποταμοῦ,
1457 1276 1712 1342 ἐπότιζεν
1740 1278 1964 1343 αὐτοὺς,

376 1369 440 1422 τὸ
496 1370 700 1437 ἑαυτῆς
754 1368 898 1436 γάλα
976 1369 1330 1440 παρεχομένη
1386 1369 1511 1423 ἀντὶ
1573 1368 1670 1423 τοῦ
1734 1370 1952 1432 ὕδατος.

390 1463 730 1531 Ἀνέστησαν
773 1461 868 1516 οὖν
908 1463 1136 1527 ἐκεῖνοι,
1175 1462 1409 1533 πονηροὶ
1442 1463 1620 1529 ὄντες,
1687 1464 1784 1518 καὶ
1821 1464 1966 1517 ἀπέ-

378 1567 608 1607 κτειναν
638 1551 738 1623 τὴν
778 1552 1046 1623 κάμηλον.
1083 1551 1191 1607 Ἦν
1215 1554 1274 1607 δὲ
1302 1554 1507 1625 ταύτης
1564 1557 1836 1626 γέννημα,
1873 1574 1964 1625 μι-

379 1643 494 1713 κρὰ
570 1644 841 1715 κάμηλος,
921 1645 1068 1716 ἥτις,
1130 1645 1519 1717 ἀναιρεθείσης
1566 1648 1667 1717 τῆς
1729 1648 1964 1718 μητρὸς,

378 1735 580 1808 ἐδέησε
612 1736 748 1807 πρὸς
779 1739 871 1789 τὸν
903 1736 1039 1790 Θεόν
1072 1753 1087 1767 ⁸
1120 1738 1216 1792 καὶ
1249 1738 1444 1792 έλαόεν
1474 1738 1648 1817 αὐτὴν
1676 1740 1814 1810 πρὸς
1838 1742 1967 1793 ἐαυ-

374 1828 495 1884 τόν.
540 1829 863 1899 Ἐρωτῶμεν
892 1828 986 1883 οὖν
1012 1831 1139 1893 τοὺς
1173 1831 1272 1884 τοῦ
1332 1832 1813 1902 μυθολογήσαντος
1831 1833 1967 1886 ταῦ-

376 1937 451 1975 τα
508 1920 784 1991 μαθητὰς,
814 1921 1047 1992 πότερον
1079 1923 1144 1976 ὲκ
1192 1922 1538 1994 συνδυασμοῦ
1570 1924 1898 1993 γεγέννηται
1927 1926 1959 1996 ἠ

378 2014 556 2083 μικρὰ
603 2014 870 2084 κάμηλος,
906 2015 938 2085 ἢ
972 2016 1094 2085 δίχα
1155 2016 1446 2079 συνουσίας
1476 2033 1491 2079 ;
1565 2016 1679 2070 Καὶ
1706 2017 1952 2084 λέγουσι,

385 2123 405 2155 ι
440 2105 567 2175 δίχα
620 2105 926 2170 συνουσίας.
970 2125 991 2159 ι
1043 2107 1155 2160 Καὶ
1199 2107 1365 2160 πάλιν
1421 2108 1607 2178 ἡμεῖς,
1669 2109 1810 2161 «Καὶ
1842 2107 1963 2172 πῶς

382 2194 507 2263 δίχα
564 2196 898 2263 συνουσίας;
942 2215 961 2249 ι
1049 2197 1163 2251 Καὶ
1210 2198 1464 2266 λέγουσιν
1537 2200 1776 2266 ἀγνοεῖν.
1850 2200 1962 2253 Καὶ

387 2282 546 2349 αὖθις
575 2287 751 2355 ἡμεῖς,
797 2305 816 2338 ι
855 2288 981 2353 Πῶς
1015 2288 1155 2358 πρὸς
1183 2289 1384 2343 ἑαυτὸν
1409 2291 1437 2342 ό
1461 2289 1595 2352 Θεὸς
1623 2289 1722 2360 τὴν
1755 2291 1961 2361 μικρὰν

386 2373 631 2449 κάμηλον
661 2375 984 2440 ἀνελάϐετο,
1019 2379 1115 2432 καὶ
1144 2378 1249 2432 ποῦ
1285 2378 1547 2449 βόσκεται
1574 2396 1589 2446 ;
1632 2380 1749 2444 πῶς
1775 2380 1832 2433 δὲ
1864 2381 1963 2435 καὶ

382 2472 410 2522 ὀ
443 2446 725 2541 προιρήτης
749 2469 907 2541 ὑμῶν
936 2472 1038 2526 οὐκ
1072 2446 1377 2537 ἐδίδαξεντὰ
1405 2474 1537 2544 περὶ
1565 2476 1667 2545 τῆς
1694 2473 1964 2528 ἀσυνδυά-

379 2578 505 2614 στου
534 2563 735 2632 γέννης
769 2563 982 2633 αὐτῆς;
1014 2564 1129 2617 Καὶ
1158 2563 1261 2617 ποῦ
1286 2563 1515 2635 νέμεται
1541 2582 1555 2629 ;
1586 2567 1695 2620 Καὶ
1726 2568 1774 2620 εἰ
1801 2567 1868 2637 ζῇ
1904 2566 1962 2619 ἔν

374 2651 455 2722 τῷ
509 2653 757 2724 οὐρανῷ,
813 2657 846 2724 ἢ
909 2653 1052 2724 μετὰ
1078 2655 1180 2725 τὴν
1224 2655 1497 2726 ἀνάληψιν
1518 2657 1961 2727 τετελεύτηκεν;

377 2742 415 2814 ἢ
444 2740 763 2813 πρόδρομος
797 2743 952 2813 ὑμῶν
987 2743 1241 2815 εἰσῆλθεν
1280 2747 1360 2807 εἰς
1392 2746 1484 2799 τὸν
1516 2746 1846 2816 παράδεισον
1879 2764 1893 2813 ;
1935 2766 1953 2799 ι

376 2833 488 2888 Καὶ
521 2835 692 2906 μηδὲν
723 2835 944 2906 ἔχοντες
976 2837 1180 2902 εἰπεῖν,
1215 2838 1443 2908 μένουσι
1472 2839 1758 2906 σιγῶντες.
1816 2836 1828 2848 ’

448 2933 558 2982 καν.
607 2927 833 2981 Ἑαυτὸν
863 2929 1011 2997 λέγει
1046 2929 1145 2993 τὰς
1172 2929 1322 2995 κλεῖς
1351 2929 1446 2984 τοῦ
1484 2931 1816 3002 παραδείσου
1864 2933 1963 2986 λα-

374 3014 516 3068 ὀεῖν·
545 3016 642 3070 καὶ
676 3018 821 3072 κατὰ
841 3017 940 3090 τὴν
958 3020 1176 3092 ἡμέραν
1197 3021 1298 3090 τῆς
1329 3022 1678 3092 παγκοσμίου
1703 3022 1962 3093 κρίσεως,

384 3108 523 3179 μετὰ
549 3111 609 3163 τὸ
638 3112 1109 3182 καταδικασθῆναι
1140 3113 1346 3167 Μωσέα
1384 3115 1527 3184 μετὰ
1550 3114 1659 3168 τῶν
1693 3116 1960 3188 Ἐϐραίων

380 3201 644 3257 ἁπάντων
714 3202 805 3256 διὰ
830 3203 930 3275 τὴν
981 3204 1074 3257 τοῦ
1106 3204 1272 3276 νόμου
1323 3206 1661 3277 παράϐασιν,
1694 3212 1787 3261 καὶ
1824 3211 1962 3277 μετὰ

388 3294 490 3363 τὴν
555 3295 698 3349 κατὰ
754 3296 865 3348 τῶν
899 3296 1244 3366 Χριστιανῶν
1281 3297 1482 3368 ψῆφον,
1514 3301 1584 3371 ἣν
1626 3302 1964 3371 ὑποστήσον·

378 3403 473 3440 ται
529 3388 1035 3458 προσαγορεύοντες
1090 3390 1183 3443 τὸν
1230 3389 1472 3461 Χριστὸν
1531 3392 1662 3445 Υἱὸν
1694 3393 1829 3447 Θεοῦ
1861 3396 1959 3448 καὶ

374 3480 539 3544 Θεὸν,
592 3479 879 3550 ἀνοιγῆναι
941 3481 1039 3551 μὲν
1099 3480 1192 3536 τὸν
1241 3484 1689 3555 παράδεισονύπ’
1742 3485 1907 3537 αὐτοῦ
1941 3501 1957 3517 ο

379 3570 744 3624 συνεισελθεῖν
799 3572 855 3623 δὲ
907 3573 1059 3642 αὐτῷ
1104 3572 1349 3642 χιλιάδας
1397 3574 1777 3644 ἐϐδομήκοντα
1851 3578 1962 3630 ἀπὸ

372 3658 486 3712 τῶν
518 3659 983 3731 παραδεξαμένων
1013 3663 1114 3732 τὴν
1170 3661 1522 3716 διδασκαλίαν
1570 3664 1738 3718 αὑτοῦ
1769 3679 1784 3694 ·
1836 3668 1961 3728 τοὺς

376 3748 439 3799 δε
460 3746 681 3812 λοιποὺς
704 3749 811 3803 τῶν
840 3750 1005 3803 αὐτοῦ
1033 3751 1298 3820 μαθητῶν
1330 3752 1692 3822 κριθήσεσθαι
1721 3753 1960 3823 φάσκει·

380 3838 645 3902 καὶτοὺς
699 3842 797 3911 μὲν
834 3842 1153 3912 κρείττονας
1220 3838 1281 3907 ἐξ
1337 3842 1518 3896 αὐτῶν
1576 3843 1964 3915 ἀναμφιϐόλως

378 3927 479 3980 καὶ
524 3928 722 3993 αὐτοὺς
761 3933 840 3992 εἰς
894 3931 986 3983 τὸν
1042 3930 1370 4002 παράδεισον
1401 3933 1721 4003 εἰσαχθῆναι
1753 3975 1768 4003 ,
1832 3936 1961 4000 τοὺς

378 4019 439 4071 δὲ
469 4019 686 4089 χείρους
746 4021 839 4075 καὶ
870 4022 1239 4091 ἁμαρτωλοὺς
1284 4025 1570 4078 πιττάκιον
1594 4023 1675 4094 τῷ
1702 4027 1963 4096 τραχήλῳ

381 4112 598 4166 ἑαυτῶν
628 4114 1046 4185 περιδεδεμένον
1087 4114 1380 4184 φέροντας,
1408 4117 1504 4169 καὶ
1536 4115 1735 4179 αὐτοὺς
1767 4120 1848 4180 εἰς
1872 4117 1963 4171 τὸν

377 4205 718 4276 παράδεισον
788 4206 1111 4276 εἰσαχθῆναι
1146 4223 1160 4237 ’
1216 4209 1309 4265 καὶ
1384 4207 1668 4262 καλεῖσθαι
1736 4209 1963 4273 τούτους

385 4314 404 4346 ι
437 4296 839 4368 ἀπελευθέρους
888 4299 980 4351 τοῦ
1022 4298 1161 4352 Θεοῦ
1202 4301 1296 4357 καὶ
1342 4300 1437 4353 τοῦ
1471 4301 1755 4373 προφήτου
1788 4304 1962 4358 Mend-

382 4389 516 4458 μεθ.
559 4409 578 4441 ι

449 4481 557 4552 κβ’.
607 4481 708 4537 Τὸν
754 4484 1084 4556 παράδεισον
1131 4488 1404 4554 τέσσαρας
1461 4487 1610 4554 λέγει
1673 4489 1958 4558 ποταμοὺς

1264 423 1644 486 PANOPLIA
1694 422 2157 485 DOGMATICA.
2184 448 2254 462 --
2277 424 2428 489 ΤΙΤ.
2470 424 2749 490 XXVIII.

1564 540 1663 593 καὶ
1730 540 1960 609 μάλιστα

2076 537 2146 593 ab
2174 537 2420 594 hostibus
2455 539 2506 593 in
2549 542 2870 609 potestatem
2900 537 3299 606 redigerentur,
3325 549 3379 594 et
3413 543 3650 599 tnaximo

1998 1890 2041 1946 Β

1992 3253 2036 3311 C

3511 418 3648 485 1351

2071 642 2099 680 a
2131 626 2479 685 Christianis.
3374 702 3379 708 γ
3758 686 3765 693 ,

2140 718 2435 795 Fabulatus
2481 730 2565 777 est
2620 720 2789 776 fuisse
2832 718 3101 776 camelum
3158 713 3476 790 quamdam,
3528 737 3749 815 mnarg;-

2068 814 2311 881 potuerit
2354 816 2602 884 integros
2646 812 2843 870 ﬂuvios
2885 812 3318 884 praeterﬂuentes
3378 820 3605 880 epotare
3622 810 3745 863 τ’-πῖΓ

2069 902 2238 959 fuisse
2271 915 2454 961 autem
2492 905 2636 961 illam
2673 920 3052 977 permagnam,
3084 914 3140 961 et
3187 919 3305 974 qua:
3341 904 3484 963 inter
3510 900 3675 959 duos'

2068 1006 2280 1052 montes
2314 997 2580 1055 maximos
2608 1012 2714 1053 non
2771 1006 3078 1069 caperetur.
3140 997 3206 1052 Et
3236 998 3286 1052 in
3330 994 3422 1063 eo,
3451 986 3645 1067 inquit.

2073 1086 2221 1143 loco
2253 1089 2487 1159 poliulus
2539 1101 2703 1158 crat;
2764 1105 2822 1145 et
2879 1076 3333 1163 altero-quidem
3394 1089 3482 1144 die
3534 1090 3673 1161 ipse-
3728 1120 3733 1123 τ

2069 1195 2263 1250 aquam
2298 1181 2443 1237 ﬂuvii
2478 1181 2718 1248 bibebat,
2747 1181 3102 1247 altero'vero,
3130 1181 3371 1238 camelos
3413 1194 3428 1234 :
3474 1194 3651 1249 eaque

2068 1288 2190 1328 cum
2218 1272 2443 1330 bibisset
2468 1290 2687 1345 aquam,
2719 1275 2917 1345 populo
2939 1273 3014 1333 illi
3042 1270 3227 1344 potum
3258 1273 3532 1344 praebebat
3563 1273 3649 1337 lac

2067 1380 2248 1433 suum,
2295 1381 2393 1434 pro
2441 1381 2603 1437 aqua.
2647 1364 2750 1423 Hic
2821 1366 3011 1436 itaque
3070 1366 3341 1445 populus,
3369 1370 3502 1443 cum
3536 1356 3637 1422 "esa-
3718 1382 3725 1387 ι

2067 1465 2154 1512 set
2186 1457 2384 1523 malus,
2426 1458 2729 1515 insurrexit
2772 1464 2826 1515 et
2862 1456 3130 1513 camelum
3169 1447 3467 1513 interfecit.
3510 1448 3683 1519 Erat

2066 1566 2249 1607 autem
2292 1552 2452 1621 hujus
2492 1551 2671 1621 pullus
2724 1552 2956 1623 exiguus
3004 1553 3264 1618 camclus,
3323 1545 3642 1626 quiint'era

2067 1644 2208 1700 fecta
2241 1655 2414 1699 matre
2451 1646 2516 1698 ad
2560 1645 2729 1701 Deum
2784 1645 3062 1709 clamavit,
3083 1652 3147 1711 et.
3170 1626 3471 1714 assumpsit
3495 1659 3649 1700 eum-

2067 1738 2186 1792 dem
2249 1737 2315 1791 ad
2366 1737 2626 1807 seipsum.
2682 1735 3086 1808 lnterrogemus
3136 1736 3321 1811 igitur
3350 1737 3648 1807 discipulus

2068 1827 2229 1898 hujus
2259 1828 2581 1885 fabulatoris
2607 1870 2623 1895 ,
2689 1840 2872 1887 utrum
2911 1846 3000 1898 ex,
3024 1818 3417 1901 conjunctione
3451 1846 3652 1899 parvus

2068 1921 2313 1978 camelos
2360 1930 2524 1977 natus
2554 1922 2648 1989 sit,
2689 1938 2757 1978 an
2804 1923 3014 1995 absque
3083 1924 3269 1980 coitu?
3320 1923 3388 1980 Et
3408 1924 3649 1979 dicunt:

2077 2030 2096 2063 ι
2143 2014 2362 2083 Absque
2393 2013 2561 2069 coitu.
2600 2033 2619 2067 ι
2673 2016 2742 2070 Et
2776 2029 2876 2070 nos
2920 2030 3136 2071 rursum
3177 2031 3190 2068 :
3237 2034 3257 2069 ι
3292 2015 3357 2069 Et
3380 2016 3653 2085 quomodo

2070 2107 2276 2175 absque
2309 2106 2456 2162 coitu
2481 2106 2505 2160 ἵ
2529 2125 2547 2159 ι
2597 2107 2666 2161 Et
2713 2111 3041 2179 respondent
3069 2124 3127 2166 se
3159 2109 3427 2179 ignorare.
3467 2110 3532 2164 Et
3553 2126 3651 2167 nos

2072 2198 2267 2253 iterum
2307 2215 2322 2252 :
2376 2217 2397 2250 ι
2435 2200 2718 2265 Quomodo
2758 2215 2886 2256 vero
2940 2199 3084 2256 Deus
3122 2203 3187 2256 ad
3232 2203 3469 2272 seipsum
3528 2220 3654 2274 par-

2073 2302 2197 2341 vum
2229 2286 2377 2342 illum
2419 2288 2690 2344 camelqu
2721 2291 3037 2354 assumpsit,
3069 2299 3123 2344 et
3151 2290 3239 2343 ubi
3273 2291 3523 2357 pascitur
3549 2333 3565 2358 ,
3596 2300 3670 2346 et‘

2073 2388 2182 2443 quo
2208 2382 2369 2442 pacto
2410 2374 2671 2442 propheta
2695 2386 2877 2432 vester
2921 2390 3025 2430 non
3056 2375 3348 2447 explicavit
3394 2374 3511 2444 ejus
3554 2392 3650 2432 or-

2077 2474 2214 2533 tum,
2242 2481 2366 2523 cum
2413 2465 2555 2521 nulla
2596 2469 2757 2537 plane
2792 2469 3149 2524 antecesserit
3180 2469 3538 2538 conjunctio?
3581 2470 3648 2525 Et

2073 2559 2165 2613 ubi
2190 2560 2475 2628 pascitur?
2513 2558 2580 2616 Et
2603 2569 2785 2616 utrum
2816 2562 2948 2621 vivit
2971 2561 3024 2616 in
3062 2562 3224 2630 caelo,
3252 2577 3322 2617 an
3346 2576 3477 2625 vero
3502 2572 3650 2633 post-

2073 2667 2237 2721 quam
2275 2663 2586 2725 assumptus
2636 2663 2720 2711 est
2756 2654 2913 2723 obiit,
2981 2666 3078 2712 aut
3121 2671 3219 2713 vos
3257 2658 3311 2712 in
3335 2659 3646 2727 paradisum

2073 2747 2401 2816 praecurrit?
2440 2766 2461 2801 ι
2501 2749 2595 2804 Isti
2624 2763 2757 2828 vero
2782 2764 2906 2804 cum
2943 2764 3054 2805 non
3099 2751 3334 2807 habeant
3389 2755 3530 2822 quod
3566 2769 3652 2809 re-

2074 2840 2397 2907 spondeant,
2426 2841 2823 2897 conticescunt.

2144 2928 2237 2983 2i.
2261 2928 2509 2999 Seipsum
2540 2932 2617 2986 ait
2637 2934 2812 2989 claves
2843 2935 3078 3002 paradisi
3105 2936 3404 3005 accepisse,
3435 2947 3490 2992 et
3506 2939 3653 2996 circa

2077 3021 2226 3077 diem
2288 3023 2618 3082 universalis
2666 3025 2882 3093 judicii,
2943 3036 3236 3097 postquam
3290 3029 3468 3087 Moses
3524 3045 3649 3086 cum

2074 3110 2342 3184 Hebraeis,
2399 3117 2469 3173 ob
2521 3117 2659 3191 legis
2724 3121 3216 3190 transgressiones,
3259 3125 3653 3181 condemnatus

2072 3205 2275 3273 fuerit,
2340 3215 2395 3263 et
2433 3219 2557 3278 post
2599 3210 2930 3267 sententiam
2978 3215 3045 3269 de
3079 3213 3411 3270 Christianis
3457 3217 3644 3281 latam.

2069 3312 2234 3369 quam
2267 3298 2346 3354 illi
2382 3298 2560 3355 ferent
2612 3303 2742 3370 quia
2782 3304 3060 3360 Christum
3089 3315 3144 3361 et
3188 3304 3285 3362 Del
3344 3306 3542 3364 Filium
3594 3322 3651 3366 et

2070 3392 2242 3448 Deum
2271 3392 2569 3462 appellant,
2636 3404 2883 3463 apertum
2926 3397 2989 3452 iri
3036 3397 3350 3467 paradisum
3384 3400 3455 3455 ab
3508 3402 3648 3470 ipso,

2068 3492 2124 3537 et
2166 3482 2327 3535 simul
2383 3498 2507 3538 cum
2573 3484 2693 3550 ipso
2739 3486 3037 3542 intraturas
3095 3488 3358 3545 chiliadas
3423 3500 3649 3559 septuao

2068 3575 2239 3644 ginta,
2281 3590 2349 3630 ex
2377 3590 2566 3631 eorum
2595 3592 2828 3634 numero
2868 3580 2961 3649 qui
3002 3580 3306 3637 doctrinam
3332 3583 3503 3653 ipsius
3532 3602 3649 3639 ant-

2067 3670 2210 3741 plexi
2248 3671 2468 3738 fuerint,
2516 3673 2758 3743 reliquos
2789 3689 2920 3731 vero
2953 3691 3082 3733 suos
3107 3678 3403 3749 discipulos
3427 3680 3647 3750 judica-

2071 3773 2182 3817 tum
2218 3764 2282 3817 iri
2322 3765 2533 3820 dictitat
2585 3775 2676 3822 :et
2700 3768 2926 3838 quidem
2963 3768 3216 3826 meliores
3241 3771 3480 3841 ipsorum
3501 3774 3640 3828 citra

2068 3871 2283 3910 omnem
2312 3859 2743 3915 controversiam
2775 3868 2831 3914 et
2861 3861 3008 3930 ipsos
3041 3864 3297 3930 paradiso
3331 3865 3601 3935 petituros
3628 3885 3640 3927 :

2067 3947 2278 4017 pejores
2323 3964 2451 4004 vero
2515 3959 2569 4004 et
2614 3961 2954 4020 peccatores,
3013 3954 3316 4009 chartulam
3369 3957 3438 4011 de
3503 3958 3645 4012 colzo

2068 4040 2390 4109 pendentem
2434 4042 2691 4108 ferentes,
2733 4051 2788 4098 et
2817 4044 2962 4114 ipsos
3009 4045 3065 4099 in
3097 4046 3413 4115 paradisum
3463 4048 3634 4102 intro-

2068 4133 2295 4187 missum
2351 4133 2439 4199 iri,
2479 4134 2855 4205 appellarique
2905 4135 3043 4192 istos
3076 4152 3098 4189 ι
3169 4136 3396 4192 libertos
3449 4135 3543 4191 Dei
3583 4148 3645 4192 et

2068 4224 2342 4295 prophetae
2366 4224 2679 4283 Moamethi.
2738 4245 2759 4279 ι

2134 4481 2226 4535 22.
2256 4480 2582 4536 Paradisum
2618 4483 2838 4553 quidem
2904 4493 3141 4552 quatuor
3175 4483 3402 4541 ﬂumina
3435 4488 3638 4547 habere

374 4575 550 4645 ἔχειν,
576 4575 635 4639 ἐξ
664 4575 853 4640 ὓδατος
907 4576 1183 4631 ἀθολώτου
1210 4618 1225 4643 ,
1263 4579 1357 4632 καί
1390 4577 1659 4647 γάλακτος
1691 4576 1959 4650 καθαροῦ,

2075 4573 2257 4639 tradit,
2286 4589 2351 4629 ex
2383 4589 2523 4643 aqua
2552 4590 2708 4644 pura,
2741 4576 2877 4631 lacte
2905 4590 3061 4646 puro,
3080 4590 3134 4632 et
3166 4578 3305 4634 dulci
3334 4579 3477 4646 vino,
3508 4586 3640 4639 ntel-

375 4670 476 4721 καί
496 4669 642 4721 οἴνου
660 4670 835 4737 ἡδέος,
851 4671 943 4723 καὶ
971 4671 1191 4740 μέλιτος
1214 4671 1455 4725 ύλιστοῦ.
1481 4672 1555 4724 Συ
1571 4672 1865 4737 ιουσιάζειν
1892 4674 1950 4726 δὲ

377 4763 476 4814 καί
512 4762 762 4829 γυναιξὶν
790 4765 851 4815 ὲν
880 4762 957 4833 τῷ
987 4763 1306 4834 παραδείσῳ
1329 4779 1342 4791 ·
1389 4765 1485 4816 καί
1522 4759 1664 4818 εἶναι
1700 4767 1802 4835 τὴν
1834 4783 1959 4820 συν-

372 4854 573 4907 ουσίαν
600 4854 782 4908 αὺτῶν
814 4854 1088 4926 ἡδυτάτην
1125 4856 1291 4921 πάνυ,
1325 4856 1416 4910 καὶ
1463 4856 1688 4927 διαρκῆ,
1730 4860 1824 4915 καὶ
1860 4858 1959 4930 ἅρ-

378 4948 632 5017 ῥευστον.
688 4946 830 5011 Τοὺς
893 4949 1079 5018 μέντοι
1141 4948 1453 5014 Ἐϐραίους,
1495 4949 1751 5014 καὶτοὺς
1783 4952 1958 5023 Χρισο

371 5040 598 5100 τιανοὺς
632 5038 764 5102 ξύλα
788 5037 882 5091 τοῦ
937 5038 1158 5093 αἰωνίου
1191 5040 1554 5110 χρηματίζειν
1586 5040 1756 5110 πυρός
1786 5057 1798 5070 ·
1832 5044 1958 5107 τοὺς

372 5130 436 5183 δὲ
468 5131 819 5204 Σαμαρείτας
867 5130 1240 5201 ἁποτετὰχθαι
1268 5132 1408 5199 πρὸς
1446 5132 1542 5201 τὴν
1586 5134 1832 5204 ἐκφορὰν
1864 5135 1959 5205 τῆς

372 5226 592 5294 κόπρου
618 5228 726 5278 τῶν
759 5228 816 5278 ὲν
841 5226 918 5296 τῷ
950 5226 1270 5295 παραδείσῳ
1299 5227 1707 5297 διαιτωμένων,
1769 5228 1854 5281 ἵνα
1881 5229 1958 5299 μὴ

372 5318 641 5388 ἑποςέσῃ,
693 5321 879 5388 φησὶν,
912 5321 939 5371 ὀ
967 5319 1321 5389 παράδεισος.
1358 5304 1575 5373 ’Ταῦτα
1631 5321 1830 5387 πάντα,
1899 5322 1960 5374 ιὰ

373 5411 765 5478 καταγέλαστα
818 5412 999 5467 πάντα
1059 5414 1153 5465 καὶ
1200 5412 1559 5484 ἀπαρὰδεκτα
1608 5414 1959 5483 Χριστιανοίς

371 5504 532 5568 ὄντα,
573 5505 667 5558 καὶ
703 5504 965 5576 μυθάρια,
1017 5505 1111 5558 καί⁸
1138 5504 1442 5570 ὰσύστατα,
1501 5505 1602 5558 οὐκ
1648 5505 1957 5561 ἐπιδέονταί

371 5613 524 5661 τινος
555 5597 896 5672 ἀνατροπῆς,
926 5583 1153 5651 αίῗτόθεν
1173 5588 1540 5668 ἐληλεγμένα.

362 5829 385 5845 ο,
448 5777 563 5839 κγ’.
596 5770 930 5824 Ἀποκλείων
956 5773 1091 5824 πᾶσι
1124 5770 1222 5841 τὴν
1250 5771 1480 5842 ἔρευναν
1506 5771 1615 5825 τῶν
1642 5772 1771 5842 παρ’
1790 5770 1957 5825 αὐτοῦ

330 5852 886 5936 ’δογματιζομένων,
941 5867 991 5917 εἰ
1022 5864 1199 5934 ἀληθῆ
1254 5866 1499 5937 ταῦταῆ
1552 5866 1653 5939 μὴ,
1713 5856 1955 5934 κελεύει,

711 5961 977 6023 ΡΑτιιοι..
1010 5968 1129 6028 (ia.
1167 5966 1400 6032 CXXX.

2078 4668 2238 4735 leque
2294 4667 2575 4724 defaecato.
2636 4666 2766 4723 Item
2849 4671 3208 4725 concumbere
3278 4673 3422 4743 ipsos
3513 4690 3636 4730 cum

2070 4758 2385 4815 mulieribus
2429 4761 2479 4814 in
2513 4761 2764 4829 paradiso
2795 4775 2808 4811 :
2841 4775 3067 4828 esseque
3094 4775 3439 4830 congressum
3497 4764 3640 4831 ipso-

2071 4866 2188 4906 rum
2222 4850 2674 4919 jucundissimum
2716 4853 2934 4907 omnino
2962 4864 3017 4907 et
3041 4852 3418 4922 sulllcientem,
3457 4867 3512 4912 et
3546 4861 3639 4928 qui

2069 4960 2343 5015 nunquam
2389 4944 2617 5000 dillluat.
2704 4945 2961 5003 Hebraeos
3015 4962 3143 5003 vero
3196 4955 3249 5002 et
3303 4948 3642 5006 Christianos

2071 5038 2213 5108 ligna
2254 5038 2563 5106 sempiterni
2614 5038 2749 5105 ignis
2790 5038 3044 5107 appellari
3086 5054 3100 5089 :
3137 5036 3509 5096 Samaritanos
3534 5058 3635 5098 au-
3706 5090 3720 5101 ν

2070 5144 2174 5186 tem
2202 5131 2502 5185 destinatos
2532 5144 2652 5184 esse
2688 5139 2746 5183 ut
2772 5143 2988 5185 stercus
3044 5132 3273 5186 cll’erant
3306 5149 3496 5189 eorum
3545 5138 3639 5204 qui

2068 5226 2121 5280 in
2157 5223 2409 5295 paradiso
2437 5232 2625 5292 agunt,
2652 5236 2719 5276 ne
2743 5225 2983 5292 graviter
3010 5224 3153 5276 oleat
3181 5226 3487 5292 paradisus.
3515 5224 3642 5281 Haec:

2067 5317 2280 5386 quidem
2308 5315 2513 5378 omnia,
2542 5321 2596 5367 et
2624 5313 2846 5366 ridicula
2874 5314 3229 5383 undequaquc
3266 5326 3319 5369 et
3347 5315 3523 5371 aliena
3571 5319 3640 5371 ab

2067 5409 2213 5464 omni
2244 5406 2680 5462 Christianorum
2721 5407 2990 5473 doctrina,
3034 5408 3270 5479 itemque
3316 5409 3547 5480 fabellae,
3584 5424 3641 5467 cl.

2068 5504 2302 5560 absurda
2380 5503 2605 5558 minime
2679 5503 3058 5570 consistentia,
3113 5522 3221 5561 non
3299 5518 3460 5577 egent
3535 5512 3661 5566 ulla'

2069 5594 2418 5656 refutatione,
2447 5603 2505 5647 ut
2536 5608 2655 5662 qua:
2685 5609 2713 5646 a
2746 5593 2941 5664 seipsis
2989 5595 3391 5668 redarguantur
3415 5608 3483 5675 et
3504 5615 3641 5655 con-

2072 5685 2381 5735 vincantur.

2139 5774 2229 5828 23.
2254 5773 2321 5828 Et
2352 5783 2408 5827 ut
2438 5773 2825 5832 intercluderet
2854 5778 3104 5835 omnibus
3124 5780 3261 5836 viam
3280 5780 3641 5848 investigandi

2070 5881 2164 5924 sua
2199 5867 2423 5936 placita,
2465 5866 2645 5923 utrum
2702 5868 2944 5943 scilicet
2976 5886 3101 5928 vera
3163 5873 3292 5939 sint,
3344 5889 3410 5927 an
3460 5872 3596 5928 falsa
3624 5911 3643 5939 ,

3249 5966 3325 6028 43
