4022 6224
412 327 547 387 1355

1651 332 2027 391 EUTHYMII
2072 337 2427 398 ZlGAitENl

3531 349 3675 412 i356

414 442 655 505 mandat,
699 440 803 495 hoc
835 442 1051 509 quidem
1090 446 1355 510 tempore,
1406 453 1661 510 tanquam
1717 446 1975 499 divinitus

2086 450 2177 501 νῦν
2232 453 2332 521 μὲν
2377 455 2450 517 ὡς
2502 456 2843 511 θεόπνευστα
2888 458 3146 527 δέχεσθαι
3201 460 3268 512 τὰ
3300 461 3430 531 παρ’
3493 461 3671 516 αὑτοῦ

410 534 693 602 inspirata,
723 536 816 588 sua
842 535 1091 603 amplecti
1114 536 1318 599 omnia,
1346 536 1820 603 investigationem
1847 553 1976 592 vero

396 606 626 679 "illarum
656 638 711 678 et
752 626 1121 694 probationem
1154 627 1219 680 ad
1253 627 1393 681 diem
1453 643 1623 697 usque
1671 638 1971 695 extremum

392 718 602 785 ~judicii
635 716 955 773 universalis
1000 719 1399 775 reservandam.
1438 722 1588 775 Tunc
1636 723 1778 775 enim
1836 723 1976 792 quod

418 808 642 877 probum
707 809 1091 880 sincerumque
1140 817 1229 879 sil,
1269 815 1483 882 planum
1535 815 1672 870 fore.
1711 815 1788 872 Ne
1848 831 1977 870 vero

412 901 702 972 quisquam
742 903 887 957 dicat
920 921 934 962 :
973 924 990 955 ι
1041 904 1253 959 Postula
1284 921 1310 960 a
1343 907 1449 961 Deo
1487 908 1700 977 signum
1759 908 1976 977 aliquod

361 992 480 1064 ,ad
511 991 978 1048 confirmationem
1033 1005 1241 1049 tuorum
1297 996 1641 1064 placitorum,
1686 1017 1705 1049 ι
1754 998 1978 1052 simulat

412 1083 749 1161 petitionem,
776 1094 828 1137 et
862 1085 927 1139 ad
961 1086 1122 1139 Deum
1155 1088 1272 1139 ait:
1316 1106 1334 1138 ‹
1378 1086 1663 1143 Postulant
1701 1104 1728 1142 a
1786 1098 1837 1143 te
1876 1091 1975 1145 do-

414 1174 621 1229 ιιιρειὶοῖ
670 1183 723 1228 et
779 1177 1054 1230 vernaculi
1121 1178 1366 1245 discipuli
1416 1180 1698 1248 scriptura:
1740 1181 1817 1249 (id
1867 1191 1970 1244 eSt,

354 1332 357 1333 ν
415 1266 521 1331 qui
554 1267 878 1335 scripturam
920 1256 1066 1321 illam
1098 1258 1353 1325 divinitus
1386 1272 1603 1325 missam
1636 1273 1974 1342 amplectun-

416 1355 523 1425 tur)
555 1366 614 1409 ut
644 1358 897 1426 demittas
929 1361 994 1415 ad
1035 1375 1127 1415 eos
1165 1352 1489 1431 scripturam
1530 1378 1560 1417 e
1600 1363 1771 1425 caelis,
1822 1383 1839 1415 ι
1875 1366 1980 1418 sci-

394 1441 547 1511 iicet
576 1440 1240 1519 scripturam'secundam,
1286 1469 1408 1523 quae
1432 1463 1614 1509 certos
1649 1471 1744 1509 eos
1792 1458 1975 1511 reddat

414 1537 790 1621 placitaam'e
830 1542 1112 1613 proposita
1160 1556 1213 1599 et
1246 1548 1716 1602 constitutaesse
1756 1563 1885 1603 vera
1925 1558 1977 1603 et

417 1620 943 1703 tibigrﬂiil-‘Postea
976 1636 1042 1690 de
1102 1634 1342 1691 llebraeis
1378 1624 1647 1707 proponit,
1700 1640 1841 1707 quod
1901 1640 1975 1693 illi

420 1725 593 1795 majus
627 1726 901 1796 quippiam
931 1742 962 1803 a
993 1727 1146 1784 Mose
1186 1728 1463 1797 petierint,
1499 1730 1774 1787 dicentes:
1820 1751 1838 1784 ι
1876 1733 1979 1788 Os-

416 1819 573 1874 tende
612 1818 767 1874 nobis
823 1820 991 1874 Deum
1026 1819 1331 1883 manifesto,
1384 1840 1402 1872 ι
1450 1832 1502 1876 et
1551 1825 1694 1891 quod
1728 1839 1977 1890 compre-
2011 1803 2055 1857 Β

420 1913 689 1966 henderit‘
722 1913 867 1983 ipsos
897 1912 1039 1967 Deus
1068 1914 1136 1969 ob
1189 1913 1511 1983 injustitiam
1555 1931 1731 1979 suam,
1786 1917 1837 1970 id
1898 1928 1981 1971 est

419 2003 981 2067 sustuleritemedio,
1008 2003 1076 2057 ob
1102 2004 1241 2056 hanc
1294 2004 1586 2055 absurdam
1643 2016 1696 2059 et
1747 2006 1977 2073 ineptam

420 2095 731 2163 petitionem
767 2093 1030 2162 ipsorum.
1088 2092 1211 2147 Haec
1243 2093 1459 2164 quidem
1518 2094 1603 2148 ille
1652 2097 1877 2161 addidit,
1926 2107 1983 2151 ut

423 2196 651 2241 terreret
681 2184 972 2253 discipulos
999 2198 1145 2251 SUOS,
1178 2194 1233 2239 ut
1257 2186 1563 2252 prohiberet
1589 2186 1685 2257 (uti
1739 2187 1983 2241 declara-

424 2292 533 2329 tum
562 2278 665 2347 cst)
698 2275 973 2343 inquirere
1018 2278 1504 2333 demonstrationes
1560 2280 1809 2335 veritatis
1846 2298 1861 2347 ;
1913 2297 1982 2335 ne

422 2369 628 2425 scilicet
678 2369 875 2432 similia
904 2368 1033 2437 ipsis
1064 2369 1394 2424 acciderent.
1428 2370 1596 2426 Judaei
1633 2383 1811 2427 tamen
1864 2388 1981 2426 mae

372 2496 375 2501 ν
419 2460 501 2527 gis
535 2461 805 2529 deprecati
829 2469 972 2525 sunt,
1042 2476 1106 2514 ne
1139 2460 1277 2516 Deus
1321 2462 1632 2531 loqueretur
1690 2466 1754 2518 ad
1811 2466 1979 2534 ipsos,

420 2560 476 2608 et
496 2551 721 2623 gloriam
758 2553 872 2617 Dei,
906 2566 1025 2620 qua:
1052 2551 1184 2619 ipsis
1215 2552 1267 2606 in
1303 2562 1485 2608 monte
1534 2554 1664 2609 Sina
1718 2571 1982 2626 apparue-

418 2654 522 2713 rat,
559 2644 868 2701 horribilem
899 2643 1277 2699 existimarunt
1302 2655 1356 2701 et
1400 2646 1793 2703 intolerabilem
1826 2668 1838 2702 :
1882 2649 1981 2703 fal-

417 2751 646 2805 sumque
677 2744 761 2791 est
803 2736 1112 2806 exemplum
1172 2735 1518 2794 Hebraeorum
1572 2740 1663 2808 qui
1708 2755 1773 2795 eo
1828 2742 1985 2797 modo

417 2825 703 2895 perierint.

489 2918 753 2976 Praeterea
828 2906 1059 2982 conatur
1115 2930 1411 2986 conciliare
1461 2929 1563 2984 sibi
1595 2929 1839 2985 veritatis
1863 2939 1981 2984 stu-

420 3012 590 3078 dium,
624 3024 677 3067 et
714 3014 815 3068 ﬁde
859 3017 1074 3087 dignam
1134 3026 1520 3078 auctoritatem
1595 3024 1810 3093 placitis
1870 3024 1983 3080 suis

2081 544 2259 596 πάντα
2290 561 2306 573 ³
2338 548 2705 617 παραπέμψαι
2762 549 2817 601 δὲ
2849 550 2946 619 τὴν
2981 552 3215 604 ’τούτων
3283 553 3515 622 ἔρευναν
3568 555 3672 609 καὶ

2078 634 2400 703 δοκιμασίαν
2429 638 2510 699 εἰς
2541 638 2638 703 τὴν
2658 639 2978 693 τελευταίαν
3010 643 3228 713 ἡμέραν
3261 644 3362 707 τῆς
3450 661 3668 712 παγκο-

2083 726 2243 792 σμίου
2272 726 2513 794 κρίσεως
2542 744 2555 759 ο
2589 732 2711 782 τότε
2738 730 2848 801 γὰρ
2877 732 3111 801 φανῆναι
3156 734 3217 786 τὸ
3246 735 3464 797 πάντως
3506 736 3665 789 δόκιο

2083 834 2200 884 μον.
2236 820 2355 873 Ἵνα
2382 820 2437 872 δὲ
2475 822 2657 890 μήτις
2691 823 2841 895 εῖπῃ,
2876 841 2897 875 ι
2937 823 3171 894 Αἴτησαι
3206 826 3360 896 παρά
3394 828 3489 880 τοῦ
3512 825 3659 881 Θεοῦ

2082 911 2307 978 σημεῖον
2343 912 2421 974 είς
2455 912 2719 967 πίστωσιν
2772 914 2885 967 τῶν
2924 916 3080 982 παρά
3134 917 3231 970 σοῦ
3261 918 3669 989 δογματιζομέ-

2080 1018 2207 1063 νων,
2242 1020 2259 1051 ι
2297 1002 2651 1073 ὑποκρίνεται
2680 1006 2777 1075 τὴν
2800 1006 3039 1077 αἴτησιν,
3105 1007 3202 1060 καί
3248 1026 3379 1078 φησι
3406 1008 3543 1079 πρὸς
3571 1011 3670 1063 τὸν

2079 1091 2212 1143 Θεόν
2235 1105 2249 1120 '
2295 1109 2314 1142 ι
2354 1092 2641 1146 Αίτοῦνταί
2671 1111 2737 1147 σε
2763 1097 2813 1148 oi
2842 1096 3036 1150 οἰκεῖοι
3068 1098 3169 1166 τῆς
3196 1101 3413 1167 γραφῆς
3452 1102 3670 1170 (τουτέ-

2082 1200 2199 1236 στιν
2225 1185 2275 1236 οί
2309 1184 2408 1253 τὴν
2451 1184 2799 1252 θεόπεμπτόν
2832 1204 2926 1240 σου
2958 1188 3182 1259 γραφὴν
3210 1190 3523 1261 δεξάμενοι)
3563 1194 3665 1247 τοῦ

2081 1276 2407 1342 κατενέγκαι
2432 1277 2618 1329 ἐπάνω
2645 1277 2825 1329 αὐτῶν
2856 1278 3078 1349 γραφὴν
3106 1281 3171 1332 ὲκ
3198 1280 3289 1332 τοῦ
3316 1282 3554 1352 ούρανοῦ
3576 1299 3593 1316 ⁶
3633 1302 3655 1336 ι

2080 1366 2296 1437 γραφὴν
2325 1368 2585 1438 δευτέραν
2603 1368 2868 1437 δηλονότι,
2897 1370 3358 1443 πληροφοροῦσαν
3388 1363 3521 1443 περὶ
3546 1374 3660 1427 τῶν

2079 1460 2213 1528 παρ’
2266 1460 2430 1513 αὐτοῦ
2469 1460 2982 1531 δογματιζομένων,
3015 1464 3100 1515 ὅτι
3132 1463 3308 1534 ἀληθῆ
3345 1470 3438 1519 καὶ
3464 1468 3659 1539 εὐάρεα

2081 1568 2199 1603 στα.
2240 1547 2371 1604 Εἶτα
2436 1551 2827 1622 προσεκτίθησι
2872 1555 3003 1622 περὶ
3056 1555 3166 1607 τῶν
3234 1556 3531 1628 Ἐϐραίων,
3571 1560 3654 1612 ὅτι

2079 1643 2350 1713 ᾐτήσαντο
2406 1645 2497 1697 τὸν
2556 1645 2765 1715 Μωσῆν
2827 1644 3061 1713 μείζονα
3100 1647 3317 1712 τούτου,
3357 1651 3451 1702 καὶ
3478 1648 3651 1713 εἷπον,

2092 1753 2111 1786 ι
2148 1736 2332 1801 Δεῖξον
2355 1740 2486 1807 ἡμῖν
2520 1739 2613 1791 τὸν
2647 1740 2779 1793 Θεὸν
2812 1741 3062 1810 φανερῶς
3088 1759 3103 1773 ·
3142 1760 3160 1794 ι
3207 1744 3301 1795 καὶ
3336 1744 3528 1798 ἔλαεεν
3557 1746 3652 1796 αύ-

2084 1825 2209 1887 τοὺς
2235 1827 2296 1877 τὸ
2343 1828 2498 1879 Θεῖον
2529 1828 2615 1881 διὰ
2676 1830 2774 1897 τῆς
2821 1830 3033 1893 ἀδικίας
3082 1832 3262 1884 αὐτῶν
3294 1848 3309 1862 ·
3349 1834 3651 1897 τουτέστιν,

2084 1916 2293 1970 ἀνεῖλεν
2357 1920 2554 1983 αὐτοὺς
2592 1920 2679 1973 διὰ
2708 1921 2807 1990 τὴν
2868 1924 3174 1992 παράλογον
3197 1927 3404 1991 ταύτην
3424 1926 3648 1992 αἴτησιν

2083 2008 2281 2060 αὐτῶν.
2320 2010 2507 2064 Ταῦτα
2541 2012 2597 2064 δὲ
2628 2012 2986 2082 προσέθηκεν,
3015 2014 3257 2080 ἐκφοϐῶν
3277 2016 3403 2074 τοὺς
3453 2014 3627 2082 μαθη-

2082 2100 2180 2161 τὰς
2208 2099 2397 2163 αὑτοῦ,
2436 2102 2531 2153 καὶ
2578 2102 2803 2156 κωλύων
2850 2104 2947 2172 (ὡς
2968 2102 3270 2173 δεδήλωται)
3328 2104 3511 2174 ζητεῖν
3546 2104 3639 2157 αὒ-

2082 2192 2208 2254 τοὺς
2245 2193 2548 2260 ἀποδείξεις
2602 2197 2701 2266 τῆς
2724 2196 3003 2267 ἀληθείας,
3029 2198 3113 2250 ἶνα
3141 2198 3217 2268 μὴ
3254 2201 3324 2251 τὰ
3351 2200 3514 2267 ὅμοια
3534 2200 3646 2253 πάο

2085 2284 2236 2339 θωσι.
2297 2287 2485 2340 Καίτοι
2518 2290 2904 2359 παρῃτήσαντο
2949 2291 3147 2360 μᾶλλον
3197 2292 3249 2343 οἱ
3312 2290 3562 2345 Ἰουδαῖοι
3593 2293 3654 2345 τὸ

2085 2376 2268 2431 λαλεῖν
2316 2380 2451 2447 πρὸς
2498 2381 2699 2443 αὐτοὺς
2751 2382 2843 2435 τὸν
2882 2383 3015 2436 Θεόν
3046 2400 3059 2413 ο
3120 2383 3217 2435 καὶ
3257 2383 3359 2453 τὴν
3408 2384 3504 2436 ἐπὶ
3560 2383 3655 2435 τοῦ

2084 2470 2241 2539 ὅρους
2271 2471 2531 2539 ὀφθεῖσαν
2562 2471 2653 2526 τοῦ
2684 2472 2820 2527 Θεοῦ
2876 2474 3038 2539 δόξαν
3076 2476 3347 2546 φορτικὴν
3382 2478 3660 2545 ἡγήσαντο

2084 2562 2179 2613 καὶ
2216 2562 2588 2617 ἀνυπόστατον
2617 2582 2632 2596 ·
2669 2566 2763 2619 καὶ
2794 2566 2988 2635 ψευδὲς
3037 2566 3169 2620 αὐτὸ
3206 2568 3267 2621 τὸ
3294 2567 3657 2637 παράδειγμα

2084 2652 2193 2705 τῶν
2222 2653 2395 2716 οὕτως
2426 2656 2810 2710 ἀποθανόντων
2851 2656 3142 2729 Ἐὄραίων.

2158 2948 2277 3001 Ἔτι
2309 2948 2760 3017 περιποιούμενος
2794 2949 2972 3018 ἑαυτῷ
3000 2946 3261 3018 ἀληθειαν
3309 2946 3405 3001 καὶ
3446 2945 3657 3012 ἀξιοπι-

2087 3040 2237 3093 στίαν
2263 3039 2355 3091 ἐπὶ
2406 3042 2516 3103 τοῖς
2566 3040 3069 3110 δογματιζομένοις,
3132 3040 3349 3107 εἰσάγει
3380 3038 3655 3106 πρόσωπά

420 3112 688 3169 astruere,
742 3108 866 3161 dum
903 3110 954 3163 in
992 3111 1224 3166 medium
1252 3115 1753 3183 adducitpersonas
1820 3131 1981 3185 quaso

2088 3150 2207 3186 τινα
2270 3134 2437 3186 πᾶσιν
2493 3108 2879 3201 ἀδιάγνωσταξ
2920 3136 3000 3196 εἰς
3081 3135 3352 3204 κήρυγμα
3401 3133 3507 3201 πρὸ
3562 3131 3658 3185 τοῦ

419 3196 541 3250 dam
567 3198 811 3254 difﬁciles
844 3205 1083 3272 cognitu,
1116 3221 1236 3276 qum
1266 3217 1390 3262 ante
1416 3207 1529 3263 Noe
1563 3211 1627 3261 ad
1674 3210 1979 3277 prmdican-

419 3290 547 3344 dum
581 3294 849 3357 venerint,
872 3304 926 3346 et
951 3296 1218 3365 inquibus
1244 3300 1458 3367 quidem
1483 3300 1613 3365 ipsis
1648 3300 1778 3351 ﬁdes
1803 3298 1981 3352 habita

422 3381 607 3445 fuerit,
651 3383 1077 3441 benedictionem
1117 3403 1363 3459 magnam
1411 3398 1689 3443 assecutus
1731 3403 1855 3443 esse
1887 3389 1985 3442 bo-

420 3475 628 3543 mines;
689 3479 740 3529 in
806 3477 1000 3545 quibus
1056 3466 1181 3534 vero
1237 3480 1366 3535 ﬁdes
1394 3481 1643 3551 derogata
1687 3482 1777 3547 sit,
1816 3482 1983 3535 male-

417 3566 708 3623 dictionem
727 3584 990 3625 summam
1008 3571 1264 3627 sensisse.
1284 3574 1413 3626 Post
1429 3572 1535 3628 Noe
1554 3588 1679 3627 vero
1693 3575 1984 3629 introducit

419 3656 615 3714 ‘l‘zaled
643 3660 929 3729 quemdam
957 3663 1297 3733 prophetam,
1321 3663 1540 3718 fratrem
1569 3664 1827 3722 Thamodi
1850 3706 1864 3731 ,
1889 3668 1981 3734 qui

421 3765 593 3819 neque
639 3768 871 3823 unquam
901 3754 1020 3819 fuit,
1057 3769 1232 3824 neque
1271 3754 1339 3809 ab
1368 3757 1475 3809 ullo
1518 3756 1620 3811 alio
1672 3759 1983 3813 nominatus

419 3852 543 3908 est;
578 3845 703 3898 item
744 3855 799 3900 et
830 3845 1074 3915 Saipttm,
1109 3848 1355 3903 similiter
1391 3850 1628 3917 ignotum
1654 3859 1708 3903 et
1743 3849 1899 3915 Mosi,
1931 3860 1986 3905 et

418 3938 670 3992 omnibus
700 3938 820 3993 aliis
852 3936 1147 3995 historicis.
1178 3940 1355 4008 Atque
1395 3941 1493 3994 hos
1536 3940 1750 4009 quidem
1794 3956 1983 3996 omnes

421 4035 744 4103 praedicasse
776 4034 926 4099 dicit,
952 4036 1282 4104 eosdemque
1304 4033 1408 4088 illis
1431 4036 1520 4104 qui
1544 4034 1701 4090 fidem
1731 4036 1864 4104 ipsis
1889 4036 1984 4089 ha-

422 4127 660 4193 buerint,
688 4126 853 4180 Deum
895 4127 1186 4196 propitium
1215 4127 1509 4194 praebuisse
1538 4144 1553 4182 :
1581 4127 1670 4182 ubi
1697 4142 1824 4183 vero
1852 4128 1985 4183 ﬁdes

423 4219 529 4273 illis
548 4222 763 4287 penitus
783 4221 962 4276 habita
985 4236 1089 4275 non
1115 4222 1235 4285 fuit,
1252 4236 1345 4277 eas
1362 4230 1548 4291 gentes
1568 4219 1733 4277 fuisse
1744 4235 1979 4276 eversas.

490 4310 581 4363 24.
604 4310 866 4380 Deinceps
886 4312 951 4365 de
983 4312 1161 4383 seipse
1197 4313 1343 4367 addit
1362 4311 1484 4368 talia
1513 4296 1573 4367 τ’(
1599 4312 1685 4367 Va:
1700 4314 1978 4369 homines!

424 4418 524 4474 ego
555 4418 672 4456 sum
699 4402 790 4456 Dei
815 4404 1109 4472 apostolus.
1142 4423 1160 4457 ι
1214 4403 1289 4458 Ex
1352 4405 1567 4473 placitis
1594 4407 1700 4463 tuis
1762 4407 1982 4476 planum

424 4498 505 4560 ﬁt,
554 4495 706 4565 cujus
753 4495 861 4561 dei,
894 4510 928 4549 ο
967 4496 1264 4565 itnpostor,
1320 4497 1396 4553 sis
1452 4502 1750 4568 apostolus,
1822 4500 1981 4566 falso,

424 4589 670 4657 inquam,
701 4588 778 4641 sic
813 4585 1096 4655 appellati,
1145 4601 1336 4657 nempe
1378 4588 1629 4654 Satanan
1678 4592 1803 4646 huic
1835 4607 1984 4645 nam-

424 4694 528 4749 que
557 4688 707 4748 grata
733 4688 786 4733 et
808 4677 979 4731 amica
1023 4678 1206 4744 doces,
1237 4689 1291 4733 at
1314 4679 1531 4735 inimica
1563 4695 1691 4737 vero
1717 4692 1769 4737 et
1792 4696 1984 4750 magno

424 4773 555 4826 Deo.

494 4869 725 4924 Rursum
764 4870 907 4925 velut
934 4886 997 4925 ex
1037 4884 1264 4939 persona
1311 4870 1400 4923 Dei
1434 4869 1565 4923 dicit
1600 4885 1614 4919 :
1648 4870 1691 4917 tt
1744 4866 1985 4921 Misimus

425 4973 477 5018 te
515 4964 579 5017 ad
620 4972 853 5028 gentem,
891 4973 949 5016 ut
986 4978 1048 5017 ea
1078 4978 1196 5032 qum
1228 4962 1318 5016 tibi
1363 4961 1595 5015 revelata
1626 4968 1680 5014 et
1717 4959 1981 5028 patefacta

422 5064 571 5121 sunt,
600 5056 773 5111 eidem
810 5056 1032 5125 praesint
1062 5064 1115 5109 et
1160 5056 1446 5122 imperent,
1478 5071 1497 5103 ›
1542 5053 1595 5108 id
1623 5060 1730 5117 est,
1777 5060 1834 5105 ut
1894 5050 1980 5103 illa

424 5149 661 5217 subjecta
710 5148 779 5201 sit
827 5148 891 5200 iis
952 5161 1072 5216 quae
1119 5145 1213 5200 tibi
1282 5145 1515 5199 revelata
1574 5153 1699 5198 sunt
1749 5143 1979 5211 placitis.

422 5245 595 5311 Atque
634 5241 734 5295 hoc
783 5239 996 5308 quidem
1036 5238 1155 5293 ideo
1198 5235 1369 5301 dixit,
1419 5244 1476 5288 ut
1514 5236 1889 5289 auctoritatem
1929 5243 1983 5288 et

425 5334 582 5386 fidem
642 5330 745 5386 sibi
800 5337 1162 5401 compararet,
1220 5328 1672 5399 quemadmodum
1741 5340 1983 5397 saepenu—

429 5441 580 5480 mero
617 5425 901 5480 consuevit
963 5426 1161 5479 facere.
1224 5422 1288 5476 Et
1335 5424 1529 5476 iterum
1579 5419 1771 5473 addit:
1813 5437 1830 5469 ι
1883 5419 1983 5485 Qui

420 5514 731 5584 religionem
772 5525 1017 5570 nostram
1061 5514 1385 5584 improbant,
1422 5513 1573 5568 aiunt
1599 5525 1684 5564 me
1721 5524 1834 5565 non
1863 5525 1983 5564 esse

426 5605 726 5673 apostolum
773 5623 789 5661 :
839 5607 977 5661 Deus
1011 5605 1138 5660 mihi
1192 5604 1439 5669 sufficiat,
1473 5602 1559 5656 hic
1596 5601 1737 5656 inter
1793 5614 1881 5654 me
1931 5608 1984 5652 et

422 5712 517 5751 vos
543 5697 717 5752 testis.
761 5717 779 5749 ι
814 5698 966 5764 Quod
1020 5707 1196 5752 autem
1251 5697 1378 5753 dicit
1414 5715 1427 5751 :
1470 5714 1487 5747 ι
1556 5694 1794 5750 Sufﬁciat
1848 5692 1982 5749 mihi

424 5792 593 5855 Deus,
616 5804 634 5839 ι
671 5788 815 5842 idem
850 5797 931 5845 est
962 5804 1023 5843 ac
1045 5789 1089 5844 si
1112 5788 1375 5844 dixisset:
1410 5787 1649 5845 Sufﬁciet
1677 5789 1807 5843 mihi
1835 5789 1977 5843 Deus

2086 3223 2210 3275 Νῶε
2267 3223 2490 3277 ἐλθόντα
2524 3240 2538 3254 ⁸
2570 3226 2666 3276 καὶ
2702 3227 2758 3276 ἐν
2783 3217 2866 3287 οἷς
2898 3225 2996 3291 μὲν
3031 3223 3456 3293 ἐπιστεύθησαν,
3492 3221 3646 3277 θείαν

2086 3312 2339 3382 εὐλογίαν
2403 3315 2826 3384 προεξενηκὸτα,
2904 3317 2962 3367 ἐν
3022 3311 3102 3378 οἷς
3144 3316 3199 3368 δὲ
3250 3313 3645 3384 ἠπιστήθησαν,

2088 3408 2331 3475 κατάραν
2366 3409 2655 3476 μεγίστην.
2690 3408 2846 3461 Μετὰ
2877 3409 3061 3477 μέντοι
3082 3409 3166 3461 τὸν
3193 3410 3312 3461 Νῶε
3358 3408 3635 3473 ἐπεισάγει

2086 3498 2292 3561 Τζάλεδ
2351 3499 2473 3550 τινα
2499 3500 2809 3567 προφήτην,
2871 3498 3100 3568 ἀδελφὸν
3140 3496 3352 3567 Θαμὼδ,
3392 3496 3483 3548 τὸν
3512 3493 3637 3547 οὒτε

2086 3591 2372 3657 γεγονότα,
2441 3588 2565 3641 οὔτε
2623 3590 2753 3656 παρ’
2810 3590 2970 3643 ἄλλου
3034 3589 3427 3659 ὀνομασθέντα·
3475 3585 3641 3639 ἔτιδὲ

2087 3681 2183 3732 καὶ
2233 3681 2457 3742 Σάῖπον,
2511 3683 2715 3748 ὁμοίως
2770 3682 3050 3748 ἄγνωστον
3080 3682 3175 3734 καὶ
3228 3680 3305 3748 τῷ
3334 3679 3648 3749 Μωσῇ,καῖ

2086 3773 2221 3823 πᾶσι
2253 3773 2363 3834 τοῖς
2380 3772 2561 3834 ἄλλοις
2595 3772 2888 3841 ἱστορικοῖς
2918 3787 2932 3801 ·
2968 3771 3064 3834 οὓς
3119 3772 3275 3839 λέγει
3308 3769 3656 3841 κηρύξαντας

2087 3866 2218 3935 παρ’
2238 3860 2320 3927 οἷς
2356 3866 2453 3934 μὲν
2475 3864 2894 3933 ἐπιστεύθησαν,
2955 3864 3048 3917 τὸν
3076 3864 3210 3918 Θεὸν
3241 3866 3425 3927 αὐτοῖς
3452 3864 3659 3933 εὐμενῆ

2089 3957 2519 4025 παρεσχηκέναι,
2547 3956 2678 4024 παρ’
2710 3950 2790 4018 οἷς
2816 3955 2874 4008 δὲ
2903 3955 3310 4027 ἠπιστήθησαν,
3351 3970 3660 4025 καταστρο-

2087 4046 2194 4117 φὴν
2224 4047 2404 4108 αὐτοῖς
2430 4046 2707 4115 γενέσθαι.
3492 4048 3493 4051 “

2161 4315 2260 4369 κδ’.
2305 4310 2436 4368 Εἶτα
2474 4312 2798 4384 προστίθησι
2831 4314 2963 4385 περὶ
2992 4312 3189 4367 ἑαυτοῦ
3224 4314 3432 4367 τοιάδε·
3467 4328 3488 4363 ι
3514 4310 3651 4364 Οὐαὶ

2089 4406 2365 4477 ἄνθρωποι
2393 4407 2405 4457 l
2431 4404 2542 4472 ἐγὼ
2569 4405 2861 4467 ἀπόστολός
2885 4406 3000 4473 ειμι
3019 4404 3112 4456 τοῦ
3146 4404 3306 4456 Θεοῦ.
3337 4421 3357 4455 ι
3390 4401 3659 4466 Ἐδειξας,

2091 4498 2187 4567 ἀφ’
2221 4493 2296 4552 ὧν
2318 4496 2687 4565 δογματίζεις,
2716 4491 2762 4549 ὧ
2796 4495 2986 4569 πελάνε,
3018 4496 3175 4548 ποίου
3224 4493 3349 4547 θεοῦ
3395 4493 3665 4562 ὑπάρχεις

2096 4589 2416 4653 ἀπόστολος,
2432 4589 2512 4640 ὅτι
2529 4587 2621 4639 τοῦ
2637 4586 2998 4656 ψευδωνύμου
3014 4625 3031 4653 ,
3055 4586 3198 4655 φημὶ
3215 4584 3279 4655 δὴ
3310 4583 3405 4637 τοῦ
3425 4582 3659 4635 Σατανᾶ.

2097 4682 2284 4752 Τούτῳ
2317 4681 2417 4753 μὲν
2441 4682 2547 4749 γὰρ
2582 4678 2712 4747 φίλα
2735 4679 3033 4745 διδάσκεις,
3061 4676 3235 4749 ἐχθρά
3264 4677 3320 4730 δὲ
3354 4675 3433 4747 τῷ
3466 4673 3665 4743 ἀληθεῖ

2093 4776 2187 4828 καὶ
2221 4774 2439 4842 μεγάλῳ
2462 4774 2602 4842 Θεῷ.

2166 4865 2327 4931 Λέγει
2354 4865 2512 4917 πάλιν
2546 4864 2620 4926 ὡς
2646 4866 2709 4916 ἐκ
2740 4861 3034 4933 προσώπου
3086 4856 3179 4911 τοῦ
3206 4856 3343 4910 Θεοῦ
3378 4857 3509 4926 περὶ
3533 4859 3665 4908 ἑαυ-

2091 4956 2185 5010 τοῦ
2212 4972 2227 4988 ο
2268 4976 2286 5008 ι
2331 4955 2759 5025 Ἀπεστείλαμέν
2785 4972 2844 5007 σε
2868 4956 3005 5020 πρὸς
3036 4952 3214 5013 ἔθνος,
3245 4949 3341 5003 τοῦ
3366 4949 3665 5018 τυγχάνειν

2091 5051 2275 5103 ἐπάνω
2303 5049 2480 5105 αὐτῶν
2500 5050 2571 5104 τὰ
2602 5046 3027 5120 δηλοποιηθέντα
3054 5044 3194 5114 πρὸς
3229 5042 3313 5108 σὲ,
3358 5060 3377 5094 ι
3414 5039 3661 5093 τουτέστι

2091 5140 2184 5194 τοῦ
2240 5141 2564 5195 ὑποκεῖσθαι
2612 5139 2811 5200 αὐτοὺς
2881 5139 2995 5199 τοῖς
3056 5132 3487 5205 δηλοποιηθεῖσι.
3544 5129 3660 5182 Καὶ

2089 5234 2247 5286 τοῦτο
2278 5234 2334 5285 δὲ
2357 5234 2601 5302 εἴρηκεν,
2636 5230 2950 5294 ἀξιόπιστον
2979 5225 3170 5279 ἑαυτὸν
3187 5224 3379 5287 ποιῶν,
3400 5221 3475 5284 ὡς
3502 5219 3662 5272 είωθσ

2092 5325 2352 5386 πολλάκις
2386 5327 2583 5378 ποιεῖν.
2653 5321 2760 5374 Καὶ
2792 5320 2947 5381 αὖθις
2996 5316 3319 5388 προστίθησι
3349 5328 3364 5343 ⁸
3407 5331 3427 5365 ι
3460 5313 3656 5372 Λέγου-

2095 5439 2178 5473 σιν
2217 5421 2267 5472 oi
2297 5418 2644 5487 ἀρνούμενοι,
2679 5416 2759 5467 ὅτι
2782 5413 2882 5467 οῦκ
2910 5415 3028 5482 εἰμι
3064 5411 3388 5473 ἀπόστολος.
3488 5405 3665 5477 [apus-

2096 5513 2198 5581 σθῇ
2238 5509 2385 5581 μοιὸ
2449 5508 2585 5571 Θεός
2614 5518 2631 5536 ⁸
2679 5501 2833 5568 οὗτος
2892 5503 3100 5574 μάρτυς
3132 5500 3334 5572 μεταξὺ
3378 5496 3512 5567 ἐμοῦ
3566 5495 3666 5548 καὶ

2094 5605 2270 5672 ὑμῶν.
2309 5620 2327 5653 ›
2385 5601 2457 5653 Τὸ
2486 5600 2563 5661 δὲ,
2602 5617 2620 5649 ι
2654 5600 2710 5651 Ἀ
2726 5596 2925 5667 ρκεσθῇ
2970 5612 3061 5665 μοι
3084 5596 3111 5647 ὁ
3137 5593 3293 5657 Θεὸς,
3339 5608 3357 5642 ι
3390 5588 3512 5643 ἀντὶ
3539 5584 3663 5647 τοῦ,

2100 5691 2349 5760 ’Δρκέσει
2387 5706 2475 5759 μοι
2511 5690 2592 5751 εἰς
2642 5686 2951 5757 μαρτυρίαν
2998 5685 3027 5735 ὁ
3058 5683 3190 5745 Θεός
3224 5698 3238 5713 ·
3268 5681 3327 5743 ὃς
3360 5680 3476 5732 ἐστι
3521 5676 3665 5745 μάρ-

2088 5800 2181 5846 τυς
2218 5779 2351 5851 ἐμοῦ
2388 5780 2507 5851 μὲν,
2538 5780 2619 5832 ὅτι
2657 5778 2776 5848 εἰμὶ
2816 5776 3119 5838 ἀπόστολος
3164 5770 3351 5838 αὐτοῦ,
3388 5767 3542 5835 ὑμῶν
3576 5764 3663 5830 δὲ,
