4022 6224
345 314 489 378 1357
1245 320 1619 382 PANOPLIA
1660 289 2404 390 DOGMATICA.—TlT.
2445 331 2726 395 XXVIII.
3396 403 3400 406 ,
3474 339 3610 396 1353

339 429 428 484 ὅτι
472 430 757 485 ἀπιστεῖτε
791 448 904 500 μοι.
937 432 1072 486 Θεὸν
1117 433 1216 503 μὲν
1243 431 1336 487 οὖν
1368 434 1729 503 προϐάλλεται
1795 435 1935 506 μάρ-

2048 441 2093 493 in
2125 441 2516 510 testimonium,
2540 445 2630 514 qui
2651 429 2805 500 testis
2829 452 2911 500 est
2936 445 3065 499 mihi
3089 445 3326 515 quidem,
3349 446 3489 515 quod
3506 450 3610 504 sim

337 541 486 591 τυρα
522 524 622 593 τῆς
654 523 962 594 ἀποστολῆς
993 525 1180 589 αὑτοῦ,
1205 525 1360 578 οὐδὲν
1381 526 1439 578 δὲ
1463 524 1600 578 Θεοῦ
1634 527 1787 590 ἄξιον
1815 529 1935 579 ὲπι-

2048 531 2316 598 οροειοιτιιε
2341 551 2355 600 ;
2379 535 2546 589 vobis
2572 549 2725 601 vero,
2756 536 2896 605 quod
2929 517 3063 596 mihi
3102 537 3260 592 fidem
3293 552 3398 592 non
3444 529 3615 599 trabea
3667 538 3669 540 ’

341 616 578 686 φέρεται
607 632 622 647 ·
660 617 748 668 ναὶ
812 617 918 687 μὴν
971 615 1096 668 οὔτε
1158 617 1459 669 ἀποστόλου
1521 616 1812 685 σύμϐολον,
1874 618 1935 668 οὐ

2048 614 2130 674 iis.
2183 623 2274 677 Sic
2342 623 2524 699 Deum
2582 625 2671 679 ille
2723 629 3025 683 obtestatur
3067 629 3214 682 velut
3258 615 3450 698 testem
3490 611 3667 698 sui"

342 706 824 777 θαυματουργίαν,
889 707 949 758 οὐ
981 708 1328 779 προφητείαν
1380 709 1666 778 ἀληθινὴν,
1718 709 1778 761 οὐ
1820 707 1935 778 βίον

2048 697 2422 780 apostolatus;
2478 730 2581 769 nec
2638 724 2819 770 tamen
2871 715 3167 787 quidquam
3238 696 3348 773 Deo
3393 693 3673 789 ιΙῑειιιιιιὶῗξιΖ

339 801 752 870 ἐξησκημένον,
781 801 905 852 οὐδὲ
938 801 1128 865 ἁπλῶς
1156 802 1360 870 γνῶσιν
1397 819 1411 832 ·
1483 803 1600 857 ἀλλ’
1645 803 1935 855 ἀναποδεί-

339 908 525 954 κτως,
562 909 580 942 ι
621 893 756 954 Θεός
788 909 878 960 μοι
908 893 1137 964 μάρτυς,
1178 913 1195 944 ι
1226 895 1411 963 φησίν.

2037 802 2233 866 adfert,
2268 804 2358 870 qui
2414 805 2611 859 nullam
2643 822 2856 876 quoque
2891 810 3119 878 apostoli
3190 803 3452 864 tesseram
3493 804 3660 864 sive“

2038 893 2362 963 symbolum,
2399 910 2572 964 neque
2611 899 2946 966 prophetiam
2991 915 3198 964 veram,
3221 916 3406 971 neque
3442 893 3616 955 mira-‘2

339 983 498 1052 cuia,
534 999 710 1052 neque
737 985 903 1039 vitam
932 988 1411 1042 exercitationibus
1448 991 1652 1043 sanctis
1683 986 1973 1047 excultam,
1995 979 2174 1057 neque
2195 987 2354 1043 aliam
2387 991 2468 1061 (ut
2501 991 2820 1060 simpliciter
2857 993 3056 1065 dicam)
3094 979 3459 1062 cogn-itionem
3481 987 3630 1064 pro?

339 1077 453 1132 fert
498 1094 513 1130 :
551 1079 644 1131 sed
673 1079 883 1146 absque
941 1079 1085 1133 omni
1128 1080 1446 1149 probatione
1473 1091 1528 1134 et
1577 1079 2040 1134 demonstratione
2084 1097 2097 1132 :
2140 1098 2157 1131 ι
2211 1081 2351 1135 Deus
2402 1081 2545 1154 mihi
2597 1084 2749 1152 testis
2778 1094 2880 1150 est,
2921 1101 2940 1135 ι
2979 1061 3185 1155 inquit;
3255 1079 3257 1082 ⁴
3339 1103 3342 1106 η
3388 1080 3392 1103 ⁵
3485 1061 3494 1064 ⁷
3544 1061 3548 1069 ’

413 1189 525 1245 κε’.
556 1191 670 1243 Καὶ
702 1191 867 1245 πάλιν
896 1191 954 1244 ἐν
981 1191 1153 1262 ἑτέρῳ
1172 1191 1317 1262 λόγῳ
1337 1193 1465 1248 τάδε
1507 1191 1789 1257 διέξεισιν.
1844 1192 1928 1244 ὅτι

339 1299 362 1333 ι
389 1282 630 1345 Πάντως
654 1283 838 1351 ὲροῦσί
858 1295 971 1351 μοι,
991 1283 1072 1335 ὃτι
1089 1285 1550 1355 Δαιμονιξόμενος
1571 1281 1642 1345 εἴ.
1670 1283 1846 1351 λέγων
1865 1284 1929 1335 ἐκ

335 1372 482 1426 Θεοῦ
517 1372 785 1436 δέξασθαι
824 1374 1018 1431 ταῦτα.
1060 1375 1122 1426 Ei
1155 1375 1264 1446 γὰρ
1292 1371 1432 1447 ἦσαν
1461 1374 1661 1446 ἀληθῆ,
1697 1373 1929 1441 ἄγγελος

334 1463 406 1516 ἂν
435 1465 831 1534 κατήγγειλεν.
871 1465 1110 1525 »Αἰτίας
1181 1465 1240 1517 δὲ
1307 1465 1493 1534 τίθησι
1551 1465 1647 1518 τοῦ
1721 1464 1928 1534 μηδένα

316 1553 660 1634 ,καταϐῆναι
710 1553 964 1620 ἄγγελον,
1023 1553 1118 1606 καί
1176 1571 1366 1623 φησιν,
1433 1557 1518 1608 ὅτι
1560 1571 1578 1606 ι
1615 1552 1735 1606 Εἰσί
1784 1569 1930 1613 τινες

334 1646 406 1697 δι’
441 1644 538 1706 οὓς
601 1643 765 1698 τοῦτο
823 1645 1137 1698 κωλύεταιο
1201 1648 1294 1698 καὶ
1345 1647 1448 1710 ὅτι,
1505 1647 1626 1698 τῶν.
1679 1644 1930 1712 ἀγγέλων

2106 1189 2198 1246 25.
2231 1193 2300 1246 Ει
2329 1194 2524 1248 iterum
2551 1194 2602 1249 in
2635 1195 2745 1262 alio
2775 1193 3026 1251 sermone
3052 1181 3165 1250 haec
3199 1200 3418 1248 narrat:
3450 1213 3468 1243 ‹
3488 1191 3618 1264 Om-
3645 1177 3656 1228 Ϊ’

2038 1288 2168 1339 uiuo
2203 1284 2336 1339 mihi
2400 1285 2681 1356 objicient,
2705 1302 2794 1341 me
2843 1288 3084 1341 daemone
3132 1275 3654 1356 engitatumfdicr
3693 1310 3704 1332 .τ

2036 1377 2196 1432 litare
2252 1378 2419 1432 Deum
2476 1378 2588 1432 bare
2641 1377 2774 1438 mihi
2833 1377 3140 1430 tradidisse.
3174 1375 3230 1428 Si
3257 1393 3278 1431 ἐξ
3299 1374 3442 1428 enim
3504 1373 3628 1441 bace

2034 1477 2218 1523 essent
2256 1485 2404 1532 vera,
2439 1469 2661 1536 angelus
2692 1468 2896 1538 aliquis
2948 1469 3061 1521 lucc
3108 1453 3265 1537 mihi
3296 1466 3626 1531 annuntiasg

2050 1566 2153 1610 set.
2201 1575 2221 1608 ›
2256 1556 2484 1625 Exponit
2516 1555 2678 1625 etiam
2709 1547 2903 1609 causas
2939 1569 3038 1608 cur
3069 1551 3613 1628 nullusqaﬂgcloru‘m

2036 1650 2346 1716 descendat,
2384 1650 2566 1705 et'ait:
2596 1668 2614 1701 ι
2642 1649 2774 1703 Esse
2794 1648 3005 1718 aliquos
3027 1662 3123 1716 per
3145 1631 3278 1716 quos
3304 1648 3406 1700 hoc
3441 1646 3616 1716 ipsum

309 1729 752 1799 1κατελθόντων,
784 1735 846 1788 τὸ
878 1735 1000 1788 ὅλον
1033 1737 1304 1806 ήνυσταιο
1347 1738 1442 1791 λαὶ
1490 1736 1574 1800 τίς
1622 1737 1784 1807 χάρις
1815 1737 1930 1797 τοῖς

2048 1743 2360 1813 impediatur
2389 1759 2404 1796 :
2429 1734 2655 1812 "etquod
2685 1731 2889 1811 angelis
2921 1728 3373 1796 descendentibus
3394 1728 3617 1791 univer-

335 1828 666 1898 ἀνθρώποις
692 1845 707 1896 ;
733 1845 752 1880 >
799 1826 965 1882 Ἀλλά
983 1829 1090 1896 μὴν
1114 1829 1390 1900 πρόφασις
1403 1827 1560 1881 τοῦτο
1577 1829 1674 1893 τῆς
1697 1827 1934 1894 ἀπορίας

335 1923 436 1975 καὶ
485 1921 594 1989 τῆς
648 1920 943 1984 ἀσθενείας
1000 1939 1118 1974 σου.
1190 1920 1464 1982 Πολλάκις
1522 1921 1632 1990 γὰρ
1704 1919 1932 1988 ἄγγελοι

338 2014 632 2081 κατῆλθον
684 2014 766 2074 εἰς
818 2012 918 2083 τὴν
972 2013 1101 2080 γῆν,
1169 2011 1372 2080 μᾶλλον
1431 2011 1486 2064 δὲ
1539 2012 1660 2064 καθ’
1693 2012 1932 2080 ἑκάστην

343 2105 810 2170 καταϐαίνουσιν,
868 2107 950 2166 εἰς
979 2103 1259 2158 διακονίαν
1308 2104 1770 2172 ἀποστελλόμενοι
1821 2103 1933 2156 τῶν

345 2197 711 2266 σωζομένων.

421 2493 551 2552 κς’.
585 2487 805 2543 Ὀποῖον
836 2485 892 2542 δὲ
916 2487 1011 2542 καὶ
1031 2486 1091 2540 τὸ
1108 2487 1334 2556 σημεῖον
1359 2486 1455 2540 καὶ
1486 2487 1518 2555 ἡ
1542 2483 1817 2549 ἀπόδειξις
1836 2485 1936 2554 τῆς

339 2580 662 2652 ἀποστολῆς
696 2579 863 2635 αὐτοῦ
893 2598 908 2646 ;
939 2598 958 2631 ι
995 2577 1160 2631 Ἴδετε
1185 2578 1314 2648 γὰρ,
1348 2595 1368 2627 ι
1395 2578 1551 2646 φησὶ,
1583 2595 1602 2629 t
1639 2577 1740 2640 τὰς
1766 2578 1928 2630 ἀστε-

344 2672 632 2745 ροτοξίας,
671 2672 916 2742 ὁπηνίκα
947 2670 1231 2726 ἀναϐαίνει
1262 2673 1288 2723 6
1311 2671 1580 2735 Σατανᾶς,
1660 2670 1942 2740 ἀκροάσα-

343 2767 479 2820 σθαι
538 2765 714 2818 θέλων
742 2763 810 2817 τὰ
855 2765 912 2816 ὲν
963 2761 1179 2833 οὐρανῷ
1227 2761 1537 2830 λαλούμενα
1567 2777 1581 2792 ⁸
1633 2762 1721 2815 διὰ
1772 2760 1935 2814 τοῦτο

341 2858 717 2923 πιστεύσατε,
748 2859 833 2910 ὅτι
877 2855 1182 2918 ἀπόστολός
1218 2856 1358 2922 είμι.
1391 2855 1588 2917 Ἀλλος
1640 2854 1747 2923 γὰρ
1776 2853 1936 2906 τοῦτο

339 2950 457 3022 πρὸ
487 2948 624 3020 ἐμοῦ
647 2949 749 3001 οὐκ
783 2947 1057 3012 ἐδίδαξεν.
1101 2967 1120 2999 ι
1157 2947 1368 3009 Ὄντως
1384 2946 1562 3009 οὐδεὶς
1586 2946 1748 3008 ἀλλος
1775 2945 1938 2999 τοῦτο

339 3042 562 3108 ἐδίδαξε
585 3058 598 3070 ’
638 3041 771 3094 διότι
795 3039 1064 3110 πρόδηλόν
1090 3040 1206 3100 ἐστι
1241 3039 1458 3107 ψεῦδος.
1495 3040 1608 3092 Ούκ
1636 3040 1935 3110 ἀστεροτο-

2055 3044 2402 3099 manil‘estum
2457 3050 2538 3099 est
2609 3042 3006 3108 mendacium;

2039 1848 2157 1889 sum
2181 1832 2286 1886 hoc
2323 1846 2422 1900 per
2455 1845 2552 1886 eos
2583 1838 3041 1885 consummatum
3081 1833 3246 1895 esset,
3293 1833 3489 1895 ct-qua:
3509 1835 3621 1878 tum

2045 1923 2216 1994 gratia
2252 1923 2560 1978 hominibus
2591 1921 2799 1976 inerit?
2837 1941 2855 1974 ι
2893 1921 3054 1999 Atqui
3089 1921 3202 1974 haec
3237 1917 3412 1972 oratio
3466 1916 3640 1989 fucus,

2046 2025 2098 2071 et
2132 2022 2422 2084 praetextus
2452 2023 2535 2068 cst
2591 2014 2828 2082 perplexi
2894 2013 3060 2066 animi
3115 2013 3215 2071 tui.
3271 2019 3326 2064 et
3395 2007 3623 2062 inscitia:
3715 2076 3718 2079 ι

2044 2113 2207 2174 atque
2242 2103 2630 2159 imbecillitatis
2659 2113 2783 2158 tum.
2824 2101 3207 2172 Saepenumero
3253 2101 3398 2154 enim
3447 2097 3620 2166 angeli

2043 2198 2096 2252 in
2123 2206 2319 2250 terram
2352 2196 2744 2250 descenderunt
2776 2211 2790 2254 :
2825 2196 2930 2248 imo
2980 2178 3222 2264 quotidie
3265 2192 3619 2254 descendunt,

2045 2305 2166 2344 cum
2219 2289 2507 2343 mittuntur
2565 2289 2631 2344 ad
2686 2287 3047 2342 ministerium
3097 2277 3284 2339 eorum
3345 2283 3439 2352 qui
3495 2290 3624 2336 sunt

2044 2383 2315 2436 servandi.

2117 2498 2208 2551 26.
2242 2497 2523 2564 Quodnam
2548 2512 2675 2568 ergo
2699 2497 2908 2566 signum
2927 2506 2980 2551 ct
2998 2493 3388 2551 demonstratio
3409 2501 3624 2560 aposto-

2044 2589 2185 2642 latus
2209 2589 2367 2658 ejus?
2400 2607 2419 2640 ι
2451 2587 2768 2648 Observate,
2795 2588 2890 2654 ait,
2917 2588 3299 2656 ejaculationes
3325 2593 3619 2645 astrorum,

2049 2681 2265 2748 quando
2306 2679 2536 2733 Satanas
2587 2678 2831 2733 ascendit
2888 2678 2956 2731 ad
3008 2676 3332 2730 audiendum
3381 2688 3444 2728 ea
3495 2687 3622 2740 quas

2050 2771 2102 2823 in
2135 2771 2272 2824 cmlo
2315 2770 2569 2823 dicuntur
2631 2786 2645 2821 :
2701 2779 2864 2837 atque
2901 2766 2970 2822 ob
3032 2757 3082 2820 id
3123 2765 3446 2819 crediteime
3500 2776 3622 2816 esse

2052 2862 2375 2928 apostolum,
2420 2861 2557 2915 alius
2601 2859 2743 2914 enim
2803 2871 2930 2912 ante
2991 2872 3077 2912 me
3145 2856 3244 2910 hoc
3299 2853 3476 2907 nullus
3520 2852 3620 2906 do—

2053 2954 2184 3008 cuit.
2229 2971 2249 3004 »
2304 2952 2321 3022 (
2361 2937 2525 3015 Sane,
2589 2950 2770 3006 nullus
2806 2950 2944 3004 alius
2993 2948 3095 3003 hoc
3129 2945 3315 3002 docuit
3371 2942 3618 3012 ideoque)

3093 3052 3268 3108 neque
3321 3039 3465 3092 enim
3517 3035 3620 3090 ista

343 3135 462 3201 ξίαι
489 3106 605 3204 γὰρ
637 3106 852 3198 ταῦτα,
875 3106 1060 3194 καθὼς
1095 3106 1264 3193 αὐτός
1294 3149 1448 3200 φησι,
1502 3131 1644 3184 κατά
1672 3106 1791 3186 τοῦ-
1819 3133 1935 3185 δαί-

2049 3143 2176 3188 sunt
2207 3133 2487 3187 stellarum
2513 3133 2856 3202 sagittatum
2880 3106 3023 3200 qum,
3080 3138 3138 3182 ut
3181 3106 3311 3196 ipse
3340 3127 3439 3192 ait,
3483 3139 3618 3179 cou-

351 3243 518 3296 μονος
593 3225 1043 3292 ἐκπεμπόμενα·
1101 3220 1220 3274 ἀλλ’
1278 3221 1771 3294 ἁποσπινθηρίσεις
1823 3224 1934 3276 τῶν

351 3320 624 3388 ἀστέρων.
663 3317 938 3376 Ἕκαστος
968 3315 1078 3382 γὰρ
1109 3313 1288 3384 ἀστὴρ
1330 3312 1443 3383 πῦρ
1491 3316 1630 3378 ἐστι,
1663 3314 1758 3367 καὶ
1793 3315 1934 3368 κατά

342 3411 449 3483 τὴν
477 3412 574 3464 τοῦ
605 3408 780 3479 πυρὸς
839 3406 1005 3476 φύσιν
1045 3406 1444 3476 ὲκπυρηνισεις
1481 3406 1788 3474 ἐκπέμπει.

382 3520 384 3522 ’
421 3523 602 3576 Πάλιν
635 3520 817 3589 ἑαυτῷ
846 3519 1280 3581 κατασκευάζων
1321 3519 1379 3570 τὸ
1409 3519 1750 3582 ἀξιόπιστον,
1785 3519 1935 3570 elad-

345 3631 439 3683 γει
488 3616 587 3666 τὸν
625 3610 763 3666 Θεὸν
817 3607 1205 3681 μαρτυροῦντα
1251 3608 1378 3676 περὶ
1412 3608 1608 3659 ἑαυτοῦ
1642 3609 1739 3660 καὶ
1765 3609 1933 3677 ὀμνύ-

343 3721 508 3766 οντα,
533 3704 628 3755 καὶ
652 3701 910 3768 λέγοντα·
947 3719 964 3751 ι
995 3698 1090 3752 Μά
1109 3698 1170 3749 τὸ
1202 3697 1402 3765 ἄστρον
1435 3699 1495 3750 τὸ
1515 3698 1796 3768 δυόμενον,
1829 3700 1930 3751 ούκ

350 3795 644 3863 ἐπλανήθη
664 3795 692 3846 6
719 3793 935 3862 ἑταῖρος
967 3789 1146 3860 ὑμῶν,
1188 3787 1312 3842 οὐδὲ
1371 3788 1648 3858 ὴνόμησε,
1710 3790 1804 3844 καὶ
1835 3791 1935 3843 οὐκ

349 3884 668 3956 ἐφθέγξατο
701 3887 766 3938 ὲκ
811 3884 1159 3954 θελήματοςο
1212 3882 1314 3934 οὐκ
1358 3882 1508 3933 ἔστιν
1556 3882 1704 3952 αὐτῷ
1759 3885 1808 3937 εί
1859 3885 1934 3954 μὴ

345 3978 710 4046 ἀποκάλυψις
771 3973 1253 4043 ἀποκαλυφθεῖσα,
1325 3972 1392 4041 ἢν
1440 3972 1643 4036 ἔδειξεν
1701 3974 1850 4044 αὐτῷ
1907 3977 1936 4027 6

351 4071 581 4142 ἰσχυρὸς
631 4071 710 4132 είς
735 4067 991 4137 δύναμιν,
1044 4065 1074 4117 6
1117 4063 1462 4134 ἀθεώρητος.
1511 4082 1529 4115 ι
1580 4063 1740 4117 Ἀλλά
1803 4067 1936 4136 μὴν,

350 4167 551 4232 ὥσπερ
582 4163 646 4214 τὸ
678 4160 771 4214 τὸν
816 4159 950 4212 Θεὸν
1007 4158 1206 4227 ὀμόσαι
1238 4156 1378 4210 κατὰ
1429 4157 1659 4226 ἀστέρος
1713 4157 1933 4226 ψευδὲς,

349 4257 500 4311 οὕτω
527 4255 595 4326 δὴ
621 4253 719 4306 καὶ
743 4254 842 4306 ὅσοι
863 4249 1228 4320 ἀπεκαλύφθη
1267 4247 1345 4317 τῷ
1372 4248 1620 4317 Μωάμεθ
1644 4249 1814 4319 ψευδῆ
1841 4252 1936 4304 καὶ

347 4345 716 4417 δαιμονιώδη.

427 4545 571 4614 Φησὶ
607 4544 986 4616 προφητεῦσαι
1031 4542 1240 4613 Ἰησοῦν
1265 4541 1355 4593 τὸν
1385 4541 1514 4593 Υἱδν
1559 4542 1780 4610 Μαρίας
1812 4543 1941 4612 περὶ

355 4636 586 4700 ἑαυτοῦ,
617 4636 878 4688 εἰπόντα·
922 4655 940 4689 ι
991 4634 1134 4703 Ἐγὼ
1183 4631 1482 4692 ἀπόστολός
1530 4631 1647 4699 εἰμι
1679 4631 1775 4683 τοῦ
1802 4633 1939 4685 Θεοῦ

359 4729 508 4798 πρὸς
535 4728 702 4796 ὑμᾶς,
742 4724 1088 4794 ἀληθοποιῶν
1135 4724 1205 4776 τὰ
1238 4719 1550 4792 ἔμπροσθέν
1586 4738 1687 4789 μου
1736 4721 1806 4774 τὰ
1844 4722 1938 4774 τοῦ

354 4821 553 4888 νόμου,
611 4818 706 4870 καὶ
754 4817 1246 4886 εὐαγγελιζόμενος
1284 4810 1587 4866 ἀπόστολον
1638 4813 1940 4883 ἐρχόμενον

361 4913 483 4984 μετ’
517 4913 619 4981 ἐμέ
647 4927 661 4942 ο
690 4911 862 4981 ὄνομα
906 4910 1056 4979 αὐτῷ
1107 4906 1374 4976 Μωάμεθ.
1406 4924 1426 4957 ι
1461 4904 1575 4957 Καὶ
1624 4905 1730 4958 ποῦ
1769 4907 1933 4960 τοῦτο

357 5005 779 5077 προεφήτευσεν
818 5007 845 5057 6
881 5002 1138 5073 Χριστὸς,
1170 5001 1204 5072 ἢ
1251 5001 1310 5051 ὲν
1357 4997 1488 5068 ποίᾳ
1525 5000 1714 5068 γραφῇ
1747 5015 1760 5060 ;
1797 4999 1941 5052 Πάν-

358 5117 472 5161 τως
496 5097 606 5168 γὰρ
630 5097 758 5159 τοὺς
785 5095 878 5148 τοῦ
913 5093 1154 5163 Χριστοῦ
1203 5093 1416 5156 λόνους,
1455 5091 1778 5159 όπηδήποτε
1834 5108 1946 5144 κει.

364 5195 588 5263 μένους,
648 5192 730 5250 είς
784 5188 1072 5258 ἁκρίῦειαν
1126 5183 1446 5238 ἐπίστασθε.
1500 5187 1709 5250 Ἥγουν
1765 5184 1942 5249 δειξά-

361 5300 542 5338 τωσαν
566 5283 616 5334 οἱ
643 5280 740 5333 τοῦ
770 5281 1018 5349 Μωάμεθ
1075 5278 1318 5348 μαθηταὶ
1367 5279 1769 5349 γεγραμμένην
1835 5295 1938 5331 που

361 5375 474 5426 τῶν
496 5371 872 5425 θεοπνεύστων
922 5371 1150 5439 Γραφῶν
1205 5369 1417 5438 ταύτην
1496 5368 1594 5439 τὴν
1667 5369 1796 5436 περὶ
1845 5367 1938 5420 τοῦ

362 5465 614 5535 Μωάμεθ
663 5463 1013 5534 πρόρρησιν*
1065 5463 1099 5533 ἢ
1158 5453 1349 5530 σαφῶς
1407 5464 1641 5513 ἴστωσαν
1691 5461 1772 5513 ὅτι
1846 5460 1941 5512 καὶ

363 5558 526 5609 τοῦτο
550 5555 771 5626 ψεῦδος,
817 5553 1007 5625 ὥσπερ
1033 5554 1099 5624 δὴ
1130 5556 1224 5608 καὶ
1250 5554 1417 5608 τᾶλλα
1459 5553 1566 5606 τῶν
1595 5553 1940 5623 διδαγμάτων

367 5649 560 5702 αὐτοῦ.

446 5742 553 5803 κζ’.
581 5741 653 5792 Τὸ
671 5741 965 5793 ἑκατοστὸν
997 5738 1300 5794 δωδέκατον
1338 5736 1606 5806 μυθάριον
1638 5737 1940 5809 ἐπιγέγρα-

2052 3236 2133 3279 tra
2161 3227 2456 3280 daemonem
2483 3225 2830 3287 emittuntur,
2859 3219 2955 3277 sed
2990 3219 3406 3277 scintillationes
3432 3231 3460 3271 a
3486 3214 3622 3270 stel-

2048 3317 2118 3373 lis
2142 3317 2378 3372 cmissaa.
2416 3316 2848 3385 Unumquodque
2877 3314 3020 3368 enim
3073 3319 3282 3366 astrum
3334 3307 3474 3377 ignis
3515 3314 3620 3371 est,

2048 3417 2103 3464 et
2131 3423 2229 3478 pro
2257 3417 2452 3463 natura
2482 3408 2620 3476 ignis
2649 3407 2914 3463 scintillas
2937 3404 3154 3459 emittit.

2119 3523 2318 3574 lterum
2381 3520 2594 3572 tandem
2661 3519 3035 3572 auctoritatem
3094 3527 3148 3570 et
3195 3515 3354 3570 ﬁdem
3407 3515 3509 3568 sibi
3561 3527 3620 3566 a-

2050 3619 2262 3666 struere
2307 3609 2522 3672 nititur.
2553 3622 2673 3661 cum
2722 3607 3013 3661 introducit
3037 3607 3204 3660 Deum
3242 3605 3619 3660 testiﬁcantem

2049 3704 2113 3758 de
2143 3701 2345 3770 seipso,
2395 3700 2779 3769 jurantemque
2831 3711 2897 3752 ac
2947 3697 3215 3751 dicentem
3257 3711 3271 3748 :
3316 3712 3334 3746 ι
3377 3693 3471 3748 Nae
3516 3706 3612 3761 per

2047 3801 2252 3849 astrum
2308 3791 2449 3860 quod
2516 3790 2735 3856 occidit,
2772 3789 2957 3844 socius
3013 3799 3199 3844 vester
3266 3802 3372 3843 non
3428 3795 3511 3841 est
3565 3784 3618 3840 in

2048 3899 2286 3939 errorem
2319 3883 2620 3947 inductus;
2687 3896 2863 3951 neque
2906 3880 3093 3949 inique
3122 3881 3252 3949 egit,
3297 3894 3472 3948 neque
3524 3892 3623 3946 pro

2051 3991 2156 4039 suo,
2197 3976 2462 4030 arbitratu
2512 3975 2724 4028 locutus
2749 3981 2834 4028 est
2862 3989 2878 4038 ;
2909 3986 3081 4042 neque
3113 3983 3198 4026 est
3233 3971 3476 4025 doctrina
3503 3969 3621 4038 ejus

2051 4071 2195 4125 aliud
2225 4084 2386 4138 quam
2419 4066 2678 4121 revelatio
2715 4065 2820 4135 ipsi
2860 4064 3096 4118 revelata
3127 4080 3142 4129 ;
3173 4077 3335 4132 quam
3382 4061 3622 4120 ostendit

2052 4163 2099 4219 ei
2131 4161 2290 4216 fortis
2324 4159 2412 4215 ille
2448 4157 2656 4212 viribus
2687 4165 2743 4212 et
2775 4155 3080 4210 invistbilis.
3114 4171 3132 4204 ι
3181 4153 3286 4208 Sed
3335 4162 3396 4207 ut
3454 4153 3622 4207 Deum

2048 4253 2238 4319 jurare
2283 4266 2378 4320 per
2439 4249 2676 4314 stellam,
2737 4255 2822 4302 est
2884 4244 3246 4311 mendacium,
3321 4245 3402 4298 sic
3457 4242 3620 4297 etiam

2052 4354 2392 4411 quaecunque
2446 4337 2714 4406 patefacta
2763 4344 2890 4393 sunt
2921 4333 3243 4400 Moametbo,
3303 4331 3437 4388 falsa
3497 4343 3625 4390 sunt

1963 4459 2018 4518 D
2053 4442 2107 4488 et
2141 4431 2432 4485 diabolica.

2122 4545 2333 4608 Tradit,
2364 4543 2552 4599 Iesum
2590 4542 2772 4598 Maria
2838 4542 3039 4597 Filium
3097 4542 3413 4613 praedixisse
3453 4539 3521 4596 de
3567 4554 3628 4595 so

2049 4637 2136 4692 his
2176 4637 2358 4692 verbis
2400 4653 2415 4690 :
2457 4653 2476 4686 ι
2523 4634 2636 4706 Ego
2702 4650 2820 4690 sum
2872 4633 2966 4690 Dei
3019 4635 3299 4704 apostolus
3341 4640 3468 4687 ante
3503 4645 3626 4695 vos,

2051 4730 2280 4800 impleas
2306 4744 2368 4784 ea
2395 4744 2514 4799 quae
2583 4736 2711 4782 ante
2757 4743 2842 4784 me
2866 4730 2919 4782 in
2980 4728 3097 4799 lege
3146 4726 3402 4797 praedicta
3454 4727 3624 4782 fuere.

2049 4823 2117 4877 Et
2154 4824 2421 4876 annuntio
2462 4821 2620 4876 vobis
2649 4821 2957 4890 apostolum
3013 4829 3303 4874 venturum
3342 4827 3464 4888 post
3513 4834 3625 4881 me.

2051 4914 2138 4968 cui
2175 4929 2372 4968 nomen
2403 4911 2699 4967 Moameth.
2757 4932 2786 4959 ι
2833 4910 3064 4967 Ubinam
3118 4923 3247 4963 vero
3308 4910 3410 4964 hoc
3467 4907 3625 4963 Chri-

2050 5015 2166 5060 stus
2206 5005 2502 5076 praedixit?
2551 5011 2644 5056 aut
2673 5003 2726 5056 in
2755 5018 2989 5073 quanam
3033 5001 3351 5070 scriptura?
3385 4998 3621 5055 Omnino
3667 4991 3699 5076 ξ

2048 5101 2190 5156 enim
2263 5099 2462 5154 Christi
2516 5098 2756 5163 oracula,
2817 5099 3128 5168 ubicunque
3189 5097 3407 5151 tandem
3495 5107 3626 5151 sunt
3665 5072 3687 5106 (⁷

2049 5193 2277 5261 scripta,
2338 5200 2589 5245 accurate
2649 5194 2861 5247 tenetis.
2935 5193 3039 5244 Aut
3130 5190 3292 5260 igitur
3374 5189 3622 5260 discipuli

2051 5284 2315 5340 Moamedi
2356 5285 2735 5338 demonstrent
2767 5285 2907 5338 hanc
2935 5282 3001 5336 de
3054 5282 3368 5338 Moametho
3394 5282 3621 5351 praedic-

2052 5379 2248 5430 tionem
2312 5376 2363 5428 in
2426 5374 2604 5445 aliqua
2657 5383 2812 5443 parte
2888 5372 3146 5427 divinitus
3225 5373 3616 5442 inspiratarum

2050 5467 2456 5538 Scripturarum
2485 5469 2838 5535 perscriptum
2886 5479 3010 5520 esse
3045 5479 3059 5514 :
3088 5474 3181 5516 aut
3217 5463 3421 5532 liquido
3444 5463 3622 5517 sciant

2048 5575 2167 5616 esse
2194 5561 2361 5614 etiam
2409 5559 2514 5612 hoc
2574 5557 2937 5624 mendacium,
2995 5556 3452 5628 quemadmodum
3512 5557 3615 5610 alia

2049 5651 2220 5720 ipsius
2253 5650 2529 5719 dogmata.

2117 5742 2207 5798 27.
2245 5743 2550 5800 Centesima
2585 5740 2903 5798 duodecima
2959 5740 3152 5798 fabella
3209 5741 3616 5810 inscriptionem
