4022 6224
279 296 428 358 1365‘

341 413 466 460 Item
491 410 553 458 de
587 405 783 469 Opificio
821 403 932 465 Dei,
972 418 1031 456 ex
1055 404 1278 455 oratione
1302 406 1604 457 catechetica
1628 404 1855 469 Gregorii

272 473 451 534 Nysam
483 467 744 534 pontiiicis.
1738 467 1749 468 ⁷
1761 467 1849 514 201

336 551 467 604 Item
486 552 550 598 de
574 548 768 610 Opiﬁcio
794 545 906 607 Dei,
933 546 1088 596 sancti
1115 545 1329 596 Maximi.
1765 546 1856 593 205

338 688 620 743 Τιτυιυε
648 687 757 736 VII.
786 686 859 735 De
879 686 1041 735 divina
1062 685 1286 733 humanm
1308 685 1466 734 carnis
1499 686 1851 746 assumptione.

270 755 628 814 Areopagitae.
655 762 715 798 ex
743 748 868 796 libro
887 747 951 795 de
972 747 1150 796 divinis
1183 747 1487 804 Nominibus,
1524 761 1631 809 cap.
1659 751 1700 795 1.
1767 746 1856 794 207

351 831 586 894 Ejusdem
619 841 680 878 ex
716 841 821 889 cap.
846 827 897 887 2,
929 826 995 876 de
1020 829 1273 887 conjuncta
1311 828 1640 889 distinctaque
1665 825 1860 894 Dividi:

270 885 407 945 talis-
425 890 632 942 ratioue.
774 885 787 889 ’
884 885 889 887 ’
1111 885 1123 887 ⁷
1559 885 1570 889 ⁷
1767 885 1856 935 207

347 969 584 1034 Ejusdem
607 979 667 1016 ex
691 965 901 1028 epistola
921 965 981 1012 ad
1003 965 1168 1015 Gaium
1193 964 1452 1016 medicum.
1764 963 1855 1015 207

346 1049 586 1113 Ejusdem
606 1058 668 1094 ex
699 1044 992 1105 theologicis
1015 1043 1298 1092 elementis.
1764 1042 1858 1089 209

347 1129 578 1192 Ejusdem
599 1138 662 1174 ex
687 1123 816 1173 libro
839 1122 902 1170 de
927 1123 1257 1170 ecclesiastica
1287 1121 1577 1170 hierarcbia.
1766 1121 1859 1170 209

344 1206 582 1270 Ejusdem
606 1217 670 1252 ex
692 1203 817 1253 libro
841 1201 905 1250 de
924 1199 1113 1248 cmiesti
1133 1198 1425 1247 bterarchia.
1766 1198 1859 1246 209

351 1287 473 1335 Item
494 1285 558 1332 de
579 1283 742 1331 divina
767 1281 994 1339 humana
1017 1275 1176 1339 carnis
1197 1276 1528 1339 assumptione
1551 1290 1711 1339 magni
1735 1277 1858 1326 Gre-

277 1345 676 1410 gnrii_Theo_l_Og_i
700 1354 773 1410 ex
804 1338 1030 1389 oratione
1053 1336 1104 1386 in
1125 1338 1255 1387 diem
1276 1336 1499 1387 Natalem
1534 1336 1728 1389 Domini
1766 1349 1859 1410 ne;

274 1397 375 1458 s’tri
409 1408 434 1456 .I
441 1421 528 1456 esu
549 1397 750 1455 ChFisti.
1766 1397 1860 1445 209

348 1487 580 1547 Ejusdem
609 1484 658 1532 in
692 1483 868 1532 Sancta
894 1477 1114 1531 Lumina.
1767 1475 1854 1525 211

348 1565 605 1628 Ejusdem,
625 1577 690 1611 ex
713 1561 923 1623 epistola
947 1561 1101 1622 prima
1125 1558 1182 1607 ad
1211 1555 1516 1607 Cledouium.
1767 1557 1860 1606 215

350 1644 582 1704 Ejusdem
605 1654 668 1690 ex
692 1639 912 1689 oratione
934 1639 964 1686 2
985 1640 1046 1687 de
1069 1637 1212 1687 Filio.
1765 1635 1859 1684 215

353 1723 586 1783 Ejusdem
607 1734 666 1770 ex
689 1722 910 1770 oratione
930 1719 981 1768 in
1006 1719 1180 1769 Sancta
1203 1715 1423 1764 Lumina.
1768 1712 1860 1761 215

349 1804 585 1864 Ejusdem
609 1815 673 1852 ex
697 1803 917 1850 oratione
939 1799 990 1849 iu
1018 1798 1215 1848 Pascha.
1765 1795 1857 1842 215

347 1886 610 1948 Ejusdem,
632 1897 695 1931 ex
718 1881 934 1931 oratione
954 1894 1048 1942 qua
1070 1882 1128 1928 ad
1155 1880 1393 1940 baptisma
1434 1877 1742 1927 cohortatur.
1767 1875 1858 1925 215

354 1966 429 2013 De
453 1963 618 2012 divina
656 1965 770 2009 item
795 1961 1013 2008 humanm
1037 1957 1196 2006 carnis
1230 1955 1586 2017 assumptione.
1626 1954 1854 2016 Gregorii

282 2027 462 2088 Nyssae
489 2025 734 2084 pontificis
766 2034 828 2068 ex
853 2023 1073 2068 oratione
1107 2019 1425 2066 catechetica.
1769 2017 1859 2062 215

357 2106 483 2152 Item
506 2103 566 2148 de.
590 2099 749 2147 divina
772 2100 994 2147 humanae
1016 2095 1179 2145 carnis
1203 2093 1558 2154 assumptione,
1579 2092 1734 2154 sancti
1761 2093 1859 2154 Ilia:-

289 2151 438 2220 ximi,
463 2177 524 2210 ex
553 2162 862 2222 expositione
886 2157 1126 2206 orationis
1155 2157 1217 2206 de
1247 2151 1382 2204 recta
1409 2151 1740 2202 confessione.
1767 2152 1858 2202 229

361 2242 488 2341 lteﬂrg
506 2241 565 2290 de
589 2241 741 2290 divina
765 2241 989 2288 humanm
1010 2239 1172 2288 carnis
1191 2237 1526 2296 assumptione
1549 2232 1859 2341 Damascezgj:g

361 2319 387 2341 η
493 2337 502 2341 -

1768 2371 1860 2422 255

291 2317 402 2364 Cap.
426 2302 502 2350 66.

356 2381 610 2446 Ejusdem.
646 2379 755 2441 Cap.
781 2378 860 2428 68.

359 2463 607 2525 Ejusdem.
632 2460 744 2522 Cap.
772 2459 849 2510 70.
875 2458 1046 2525 Totam
1068 2456 1280 2506 divinam
1305 2458 1524 2525 naturam
1550 2456 1718 2525 iu‘una
1745 2467 1858 2502 sua-

287 2519 410 2574 rum'
437 2519 756 2584 personarum
789 2526 877 2568 toti
912 2520 1137 2584 humanm
1174 2525 1364 2584 naturae
1396 2519 1701 2584 conjunctam
1725 2527 1858 2584 esse,

284 2599 384 2635 non
419 2577 587 2634 autem
623 2589 809 2643 partem
835 2583 977 2643 parti.
1015 2581 1133 2643 Ome
1155 2580 1354 2641 quidem
1377 2577 1539 2643 oratio
1574 2579 1857 2643 necessaria

285 2654 368 2697 est
388 2648 537 2694 etiam
558 2640 798 2692 adrersus
831 2640 961 2700 illos,
981 2644 1064 2703 qui
1105 2641 1152 2688 iu
1175 2640 1337 2703 sancta
1371 2648 1420 2688 et
1444 2640 1664 2703 ejusdem
1687 2649 1860 2703 essen:

288 2709 372 2758 tim
406 2707 644 2756 Trinitate
669 2711 773 2753 tres
791 2697 1015 2756 asserunt
1037 2715 1149 2753 esse
1171 2701 1450 2763 singulares
1473 2697 1733 2748 essentias.
1765 2697 1852 2743 257

352 2786 611 2848 Ejusdem.
627 2783 743 2844 Cap.
763 2782 838 2832 71.
867 2781 943 2830 De
964 2793 1055 2830 una
1069 2781 1162 2831 Dei
1184 2779 1330 2877 verbi
1351 2780 1616 2840 composita
1631 2788 1854 2884 ρεπεοὲῖὶ

355 2925 606 2990 Ejusdem.
647 2923 868 2990 Cap,‘:15.
907 2921 978 2990 De
1004 2928 1172 2990 natura
1200 2919 1261 2990 iu
1301 2921 1472 2990 specie
1517 2912 1857 2990 etgiddividuo

292 2981 625 3060 considerata,
648 2991 704 3034 et
718 2981 997 3032 diti'erentia
1018 2981 1362 3042 copolationis,
1387 2985 1440 3028 et
1461 2981 1618 3028 carnis
1637 2989 1860 3086 assurgi;

290 3057 460 3100 tionis.
927 3080 943 3087 -

355 3086 607 3188 Ejusdem.
643 3125 758 3188 Cap.
782 3123 861 3172 81.
903 3086 974 3172 De
998 3119 1298 3170 naturalibus
1321 3124 1374 3169 et
1397 3120 1521 3169 nulli
1554 3114 1742 3166 crimini
1768 3114 1858 3188 ob:

294 3177 458 3239 noxiis
476 3177 836 3237 atiectioui'bus.
1767 3177 1798 3224 2
1809 3178 1859 3224 15

365 3267 609 3327 Ejusdem.
645 3265 758 3324 Cap.
783 3262 864 3312 97.
904 3261 1002 3327 Cur
1043 3260 1198 3310 Filius
1234 3260 1324 3327 Dei
1354 3272 1567 3327 carnem
1599 3257 1857 3327 humanam

299 3321 634 3390 “sumpserit,
659 3321 758 3372 non
785 3331 948 3372 autem
972 3325 1136 3381 Pater,
1163 3328 1248 3370 aut
1280 3321 1494 3383 Spiritus
1522 3327 1738 3370 sanctus.
1769 3321 1862 3368 215

359 3409 482 3459 Item
521 3408 583 3456 de
608 3405 772 3456 divina
794 3405 1023 3454 humanm
1064 3406 1222 3452 carnis
1248 3404 1603 3463 assumptione.
1632 3399 1859 3451 Aliorum

297 3471 519 3522 Patrum.
1774 3463 1864 3509 2t5

363 3606 632 3660 TITUI.US
662 3603 791 3654 VIII.
824 3603 880 3652 In
924 3601 1177 3651 Hebraeos.
1230 3599 1404 3649 Omnia
1439 3610 1550 3660 quin
1589 3602 1864 3658 sequuntm-

295 3657 493 3732 capi—ta,
524 3679 680 3728 usque
724 3664 906 3732 ad__iila
945 3677 1055 3732 quae
1086 3662 1378 3732 collegimus
1405 3657 1467 3705 ex
1501 3657 1862 3732 Chrysenque,

297 3719 498 3792 sumpta
530 3719 639 3778 sunt
668 3740 727 3775 ex
771 3725 896 3792 libro
919 3719 1003 3784 qui
1018 3719 1408 3792 irtscribitur‘pe
1433 3720 1715 3792 cognitione
1748 3719 1863 3779 Dei,

297 3781 454 3855 cujus
493 3795 658 3855 auctor
679 3801 790 3837 esse
805 3781 983 3855 fertur;
1012 3781 1474 3855 GregoriusNyssze
1511 3781 1754 3843 pontifex,
1776 3793 1868 3855 ex:

295 3842 452 3916 cepto
472 3851 658 3914 quinto,
687 3850 817 3910 quod
839 3852 918 3897 est
948 3842 1323 3906 Basiiti'hiagni.
1742 3842 1745 3843 ⁷
1775 3842 1866 3890 257

364 3933 497 3982 Libri
523 3933 790 3980 Geueseos.
1778 3922 1870 3971 259

361 4012 537 4064 Exodi.
1780 4004 1871 4054 265

360 4093 562 4144 Davidis
588 4099 642 4142 et
663 4091 927 4148 Zacharim,
958 4091 1011 4138 et
1041 4087 1194 4139 Isaia.
1779 4085 1870 4134 265

361 4174 434 4224 Ex
457 4173 642 4223 Genesi
667 4175 720 4219 et
751 4169 892 4218 Isaia.
1779 4167 1873 4216 265

361 4254 595 4301 Jeremim
613 4251 712 4297 imo
734 4246 922 4297 Baruch
942 4250 994 4295 et
1013 4244 1171 4295 Isaim.
1781 4245 1870 4294 267

361 4332 584 4383 Ilicbeae.
1779 4325 1869 4375 267

360 4409 555 4461 Daniel.
1777 4406 1869 4455 267

365 4493 438 4540 De
460 4489 641 4541 Christi
663 4485 956 4537 cruciatibus
974 4490 1030 4537 et
1048 4492 1224 4538 morte.
1779 4485 1873 4534 269

365 4570 441 4620 De
461 4569 640 4621 Christi
659 4567 1052 4620 resurrectione.
1783 4567 1871 4616 271

286 4685 300 4698 ν
364 4653 440 4700 De
467 4650 683 4699 Ecclesia
706 4661 768 4698 ex
793 4648 1045 4710 gentibus,
1063 4650 1205 4710 juxta
1233 4648 1419 4698 Isaiam.
1783 4646 1872 4696 271

288 4739 308 4758 θ
363 4731 491 4781 Item
511 4741 679 4780 contra
700 4729 956 4789 Hebraeos,
980 4729 1348 4789 magniJoanuis
1371 4730 1697 4789 Chrysostomi
1721 4727 1874 4790 capita

294 4796 516 4844 maxime
547 4796 766 4854 apposita
804 4801 855 4841 et
885 4801 1174 4854 Opportuna,
1211 4806 1270 4839 ex
1315 4804 1375 4840 eo
1416 4794 1598 4840 selecta
1628 4793 1874 4854 volumine

293 4869 403 4918 quo
422 4851 674 4904 orationes
704 4859 753 4903 in
783 4851 978 4904 Judaeos
1001 4854 1335 4902 continentur.
1785 4851 1877 4900 275

365 4933 494 4982 Item
516 4933 753 4982 adversus
779 4932 1012 4981 Hebrzeos
1033 4928 1228 4981 Leontii
1253 4929 1397 4991 Cypri
1424 4929 1685 4990 pontiﬁcis.
1784 4930 1873 4978 291
1932 4926 1937 4930 ⁷

369 5017 495 5064 Item
528 5015 764 5062 adversus
794 5014 1014 5065 eosdem.
1039 5013 1262 5062 Aliorum
1290 5012 1506 5062 Patrum.
1784 5010 1878 5060 295

369 5095 665 5143 Damasceni
685 5093 746 5141 de
769 5092 998 5143 Sabbato.
1025 5095 1138 5154 (iap.
1164 5092 1243 5141 52.
1787 5091 1878 5140 295

370 5171 448 5220 De
485 5173 683 5221 Iudaica
707 5171 1098 5234 circumcisione.
1131 5171 1290 5234 Magni
1322 5170 1524 5221 Joannis
1548 5169 1878 5234 Chrysostomi

299 5247 366 5282 ex
392 5235 806 5294 interpretatione
831 5232 877 5281 in
900 5236 1150 5284 Geuesim.
1215 5232 1228 5234 ⁷
1788 5232 1876 5279 501

368 5311 498 5360 Item
525 5312 588 5360 de
611 5312 998 5362 circumcisione.
1029 5311 1106 5362 Ex
1139 5311 1456 5371 Damasceno,
1481 5324 1584 5373 cap.
1619 5313 1690 5360 51.
1790 5312 1881 5359 505

364 5443 646 5494 TITULUS
687 5446 768 5497 IX.
807 5447 1058 5495 Adversus
1103 5445 1353 5493 Simonem
1407 5445 1789 5503 Samariensem,
1829 5451 1883 5496 et

304 5504 608 5567 lareipnem
635 5507 903 5567 Ponticum,
927 5514 981 5558 et
1001 5509 1242 5566 Manetem
1261 5507 1479 5567 Persam,
1499 5516 1553 5557 et
1572 5507 1882 5567 Mauichaaos,

305 5564 475 5629 magni
497 5568 767 5618 Athanasii.
891 5564 899 5567 ⁷
1171 5564 1174 5565 ⁷
1198 5564 1208 5566 ⁷
1465 5564 1473 5567 ⁷
1791 5564 1882 5619 505

373 5645 613 5713 Εληδόθιη
631 5655 798 5713 contra
810 5648 1134 5713 _Valentinum
1157 5647 1241 5710 qui
1267 5651 1316 5697 in
1339 5649 1509 5699 multis
1533 5648 1880 5713 consentiebat

307 5719 420 5754 cum
446 5708 787 5768 superioribus
810 5710 1066 5759 haereticis.
1176 5708 1186 5710 ⁷
1783 5711 1877 5758 500

1217 295 1392 365 ΟΠᾸΕ
1437 294 1518 355 ΙΝ
1556 295 1707 356 HOC
1753 294 1964 357 ΤΟΜΟ
2003 296 2573 363 CONTINENTUR.

3399 306 3535 373 1366

2026 407 2150 457 Item
2185 417 2354 460 contra
2389 415 2591 462 eosdem
2633 414 2798 466 Basilii
2850 415 3012 480 Magni
3047 397 3110 467 ex
3155 418 3379 470 oratione
3419 435 3452 468 ιι
3487 424 3537 469 in

1963 465 2328 522 Hexaemeron.
2774 465 2779 466 ί
2856 465 2859 466 ⁷
2928 465 3010 480 υη
3056 465 3105 512 -ﬁ

2028 548 2156 623 Item
2175 549 2223 599 in
2247 554 2470 623 eosdem.
2494 555 2568 623 Ex
2591 556 2738 623 libro.
2759 559 2843 623 qui
2867 557 3107 621 Gregorio
3129 559 3298 620 Nysam
3319 560 3540 623 pontifici

1963 611 2242 670 ascribitur,
2268 614 2344 662 De
2371 616 2652 678 cognitione
2680 611 2794 667 Dei".
2968 611 2998 621 ν
3172 611 3190 620 ⁷
3413 672 3416 678 λ
3445 622 3498 669 51
3517 619 3556 668 1’

2029 687 2152 756 Item
2176 693 2412 756 adversus
2437 695 2660 744 eosdem.
2687 695 2847 756 Magni
2887 696 3087 746 Joannis
3108 686 3442 755 Chrysostomi
3477 709 3550 745 ex.

1963 751 2186 822 oratione
2212 753 2260 822 i_n
2293 766 2349 801 ea
2383 757 2529 804 verba
2561 771 2571 803 :
2604 772 2621 802 ι
2651 751 2818 815 Ρειεῖ,
2842 759 2882 806 si
2922 759 3026 806 fieri
3062 751 3249 820 potest,
3273 765 3494 822 transeat
3513 773 3541 822 ει

1964 820 2045 858 me
2069 813 2195 860 calix
2223 816 2335 865 iste.
2367 830 2385 862 ι
2806 813 2812 815 ”
3063 813 3076 820 ’
3238 813 3246 817 ’
3447 820 3534 867 517

2022 887 2257 950 Ejusdem
2283 903 2344 938 ex
2373 893 2792 954 interpretatione
2815 895 2864 944 in
2892 894 3148 957 mysticam
3173 909 3380 966 coenam.
3403 962 3407 964 γ
3447 896 3554 958 519⁴

2021 968 2257 1028 Ejusdem
2283 984 2345 1018 ex
2373 973 2794 1034 interpretatione
2819 975 2869 1024 in
2892 989 3078 1038 magos.
3230 1022 3232 1026 ,
3305 991 3323 1020 ί·
3451 976 3542 1024 519

1999 1044 2259 1118 Ejusdem
2284 1062 2346 1098 ex
2378 1051 2796 1118 interpretatione
2826 1052 2876 1102 in
2915 1055 2997 1104 illa
3023 1055 3172 1104 verba
3200 1067 3214 1103 :
3241 1054 3336 1111 (in
3361 1053 3542 1118 princij
3566 1048 3570 1052 ’

1963 1109 2045 1167 pio
2068 1107 2188 1157 fecit
2223 1110 2359 1160 Deus
2383 1107 2562 1161 omium
2586 1118 2637 1162 et
2659 1119 2858 1164 terram.
2889 1130 2907 1162 ι
3280 1108 3284 1111 ’
3362 1107 3376 1118 ³
3452 1116 3544 1164 519

2023 1185 2277 1249 Ejusdem,
2304 1202 2367 1238 ex
2393 1191 2809 1252 interpretatione
2847 1193 2896 1241 iu
2923 1195 3147 1256 quinque
3180 1207 3348 1262 panes.
3447 1195 3529 1241 521

2026 1248 2277 1330 Ejusdem,
2327 1281 2388 1315 ex
2437 1248 2855 1330 interpretatione
2885 1248 3282 1324 invillaaer-ba:
3317 1287 3334 1318 ι
3373 1272 3546 1324 Omnis

1965 1326 2222 1398 plantatio,
2252 1342 2396 1388 quam
2427 1342 2526 1378 non
2571 1326 2808 1391 plantavit
2833 1332 2983 1381 Pater
3007 1345 3148 1381 meus
3171 1332 3410 1394 caelestis,
3432 1345 3547 1385 era-

1962 1387 2221 1436 dicabttur.
2253 1403 2272 1436 ι
3211 1417 3213 1420 ⁴
3279 1397 3285 1402 ’
3352 1423 3361 1428 ~
3452 1391 3541 1436 εει

2025 1463 2148 1532 Item
2175 1466 2414 1534 adversus
2437 1469 2660 1534 eosdem.
2683 1469 2849 1519 Sancti
2870 1470 3034 1534 Cyrilli
3065 1484 3123 1523 ex
3145 1470 3275 1521 libro
3292 1471 3546 1534 ad’Theof

1965 1523 2541 1588 dosiumlmperatorem
2567 1530 2826 1602 scripto.-¥"
2905 1523 2921 1534 ’
3431 1533 3549 1602 ,525

2025 1605 2148 1654 Item
2169 1611 2340 1656 cont-ra
2365 1609 2584 1672 eosdem.
2609 1595 2897 1659 Damasceni
2921 1608 2999 1658 29.
3307 1595 3315 1600 ﬁ
3447 1595 3548 1658 ’525

1966 1785 1976 1796 ο
2022 1722 2301 1796 munus
2337 1724 2692 1796 X._A(iver5tis
2719 1727 3018 1796 §abellium.
3064 1689 3233 1779 Sancti
3275 1692 3544 1796 cimus!

1963 1787 2386 1846 interpretatione
2407 1787 2457 1836 in
2485 1788 2693 1836 Joannis
2713 1787 3054 1850 Evangelium.
3273 1845 3278 1848 _
3312 1787 3324 1790 ⁷
3450 1791 3544 1840 527

2024 1905 2302 1976 τιτυιυβ
2339 1907 2498 1976 Xl.__l_u
2530 1907 2754 1959 Ariauos.
2782 1907 2940 1971 Magni
2975 1909 3251 1974 Athanasii,
3279 1924 3339 1960 ex
3371 1917 3546 1976 quarto

1962 1973 2131 2015 contra
2156 1979 2243 2014 eos
2265 1968 2396 2027 ipsos
2418 1968 2565 2016 libro.
2861 1968 2883 1971 ⁷
3035 1985 3040 1988 ·
3081 1969 3086 1974 ’
3238 1968 3247 1973 ⁷
3388 1968 3400 1973 ⁷
3453 1973 3543 2021 551

2024 2043 2255 2104 Ejusdem
2285 2057 2344 2092 ex
2369 2043 2542 2104 quinto
2571 2045 2693 2096 libro
2717 2051 2880 2095 contra
2907 2047 3126 2096 Arianos.
3454 2052 3544 2100 55⁸⁷
3570 2041 3573 2044 ’

2026 2121 2095 2173 Ex
2123 2122 2297 2170 eodem
2322 2121 2466 2172 libro.
2495 2123 2744 2180 Ostendit,
2770 2125 2994 2173 homines
3022 2124 3122 2174 Arii
3149 2126 3318 2176 morbo
3341 2131 3394 2174 et
3419 2126 3548 2176 insa-

1963 2183 2041 2233 nia
2075 2182 2358 2246 laborantes
2390 2185 2522 2246 inter
2549 2197 2604 2230 se
2637 2183 2924 2234 dissentire.
2947 2191 3066 2244 Quae
3099 2187 3231 2236 enim
3263 2185 3380 2237 fa'isa
3411 2198 3544 2246 sunt,

1960 2257 2025 2293 ne
2052 2242 2144 2293 sibi
2169 2241 2368 2305 quidem
2395 2242 2496 2305 ipsa
2520 2257 2818 2306 congruere.
2965 2241 2981 2244 ⁷
3243 2255 3256 2298 ἶ
3452 2241 3546 2298 515

2025 2322 2095 2371 Ex
2122 2296 2297 2371 eodem
2323 2296 2468 2370 libro.
2491 2296 2689 2370 Patrem
2714 2327 2767 2370 et
2790 2322 2969 2372 Filium
2994 2336 3091 2371 non
3115 2335 3227 2373 esse
3247 2296 3369 2373 duos
3390 2296 3541 2381 Deos,

1965 2383 2086 2433 licet
2106 2387 2206 2432 sint
2229 2384 2339 2431 duas
2364 2395 2605 2443 personae.
3450 2387 3541 2434 547

2023 2463 2141 2521 Qum
2168 2459 2404 2522 objicient
2430 2458 2616 2510 Ariani.
2643 2458 2714 2509 Ex
2749 2461 2907 2522 primo
2937 2461 3162 2522 ejusdem
3197 2462 3248 2512 in
3281 2475 3367 2512 eos
3393 2461 3543 2572 libri-oi

3158 2534 3165 2540 '
3484 2540 3510 2572 ι

2022 2600 2148 2657 Quid
2172 2599 2406 2659 objiciaut
2429 2599 2616 2650 Ariani.
2645 2601 2710 2648 Ex
2740 2600 2916 2649 eodem
2943 2599 3089 2652 libro.

2023 2680 2090 2728 Ex
2115 2679 2290 2742 eodem
2321 2679 2463 2742 libro.
2493 2680 2805 2737 Arianorum,
2831 2683 2889 2742 e_t
2908 2679 3178 2742 Valentini,
3203 2686 3254 2729 et
3279 2682 3543 2742 Carpocra-

1961 2739 2022 2790 tis
2045 2739 2334 2789 confutatio.
2355 2740 2600 2802 Valentini
2621 2741 2817 2801 quidem
2832 2739 3086 2802 Christum
3113 2739 3169 2788 et
3184 2739 3398 2802 angelos
3412 2745 3547 2801 ejus-

1960 2802 2073 2850 dem
2107 2804 2313 2862 generis
2344 2814 2458 2850 esse
2491 2800 2717 2862 dicentis,
2745 2807 2796 2848 et
2831 2800 2969 2850 illum
3006 2815 3158 2850 unum
3195 2800 3271 2850 ex
3293 2804 3394 2850 illis
3428 2816 3544 2851 esse

1957 2860 2254 2924 asserentis;
2281 2860 2773 2924 Carpocratisgautem
2797 2862 3033 2924 mundum
3061 2876 3150 2923 per
3168 2864 3370 2924 angelos
3392 2863 3544 2911 fuisse

1960 2923 2139 2971 factum
2171 2921 2486 2982 afﬁrmantis;
2520 2921 2808 2972 Arianorum
2840 2935 2958 2972 vero
2989 2921 3171 2972 Filium
3207 2921 3319 2973 cum
3352 2924 3546 2985 angelis

1960 2985 2362 3044 comparantium.
3449 2986 3543 3033 559

2023 3062 2188 3114 Multis
2210 3061 2512 3124 argumentis
2532 3060 2769 3124 ostendit,
2792 3060 2969 3110 Filium
2992 3074 3108 3111 esse
3129 3063 3351 3124 ejusdem
3374 3074 3547 3124 essen-

1960 3121 2042 3172 tiae
2065 3139 2177 3173 cum
2203 3121 2366 3174 Patre.
2390 3123 2464 3174 Ex
2488 3125 2707 3172 secundo
2731 3123 2858 3172 libro
2882 3129 3051 3172 contra
3074 3122 3300 3173 Ariauos.
3454 3123 3546 3172 565

2023 3202 2096 3257 Ex
2133 3204 2292 3252 Aaron
2332 3203 2538 3252 historia
2575 3202 2869 3264 mysterium
2906 3200 3084 3254 Christi
3120 3203 3547 3264 constituens,ar—.

1960 3265 2213 3375 ᾗιέἱέοἰιιοε
2253 3266 2336 3327 qui
2369 3267 2432 3314 de
2466 3266 2573 3325 ipso
2608 3263 2774 3314 minus
2809 3273 2948 3315 recte
2985 3267 3230 3320 sentiunt.
3257 3263 3328 3313 Ex
3368 3265 3544 3372 eodzeég

2025 3403 2097 3452 Ex
2137 3405 2313 3453 eodem
2348 3404 2456 3451 loco
2490 3402 2537 3450 in
2573 3403 2796 3462 Ariauos,
2821 3402 2905 3464 qui
2940 3402 3110 3451 dicunt
3145 3399 3325 3452 Filium
3362 3402 3547 3452 instru-

1964 3469 2118 3512 menti
2145 3475 2311 3525 partes
2334 3467 2520 3524 egisse,
2541 3469 2595 3510 et
2617 3473 2819 3524 propter
2840 3477 2930 3511 nos
2955 3476 3069 3512 esse
3094 3465 3289 3513 factum.
3454 3464 3545 3517 575

2025 3545 2098 3592 Ex
2128 3543 2302 3590 eodem
2335 3541 2460 3602 libro
2512 3539 2563 3587 In
2591 3541 2818 3600 Arianos,
2848 3543 2982 3590 inter
3001 3555 3122 3602 quos
3148 3547 3201 3602 et
3227 3541 3548 3593 Samosaten-

1966 3605 2034 3654 sis
2063 3601 2520 3662 comprehenditur.
2544 3604 2776 3663 quoniam
2802 3608 2852 3650 et
2879 3602 2984 3663 ipse
3012 3601 3221 3660 Censuit,
3250 3602 3426 3651 Filium
3452 3603 3547 3652 Dei

1966 3663 2088 3715 nihil
2124 3665 2255 3713 aliud
2291 3675 2406 3711 esse
2443 3665 2532 3710 nisi
2571 3662 2784 3711 Verbum
2819 3664 3150 3720 enuntiatum,
3176 3672 3226 3712 et
3262 3664 3540 3711 mandatum

1966 3725 2208 3785 divinum,
2233 3737 2331 3784 quo
2361 3725 2508 3772 Pater
2538 3731 2763 3784 tanquam
2796 3723 2973 3785 artifex
3009 3733 3062 3771 ut
3086 3721 3413 3785 instrumento
3444 3738 3549 3772 rne-

1969 3789 2169 3857 cbanico
2197 3783 2316 3835 usus
2341 3792 2419 3835 est
2443 3785 2502 3834 ad
2529 3783 2696 3834 rerum
2725 3783 3100 3834 universitatem
3130 3784 3544 3893 constituenda;

2029 3928 2262 3990 Ejusdem
2287 3939 2345 3974 ex
2373 3926 2502 3975 libro
2527 3926 2675 3975 tertio
2695 3925 2745 3974 in
2769 3923 2996 3984 Ariauos,
3014 3925 3065 3974 in
3091 3937 3151 3973 ea
3175 3924 3318 3975 verba
3347 3938 3360 3972 :
3391 3939 3410 3972 r
3441 3925 3544 3990 Ego

1971 3995 2023 4038 et
2046 3985 2191 4039 Fater
2210 4001 2357 4037 unum
2383 4001 2568 4037 sumus.
2598 4003 2617 4035 ι
3452 3985 3541 4033 107

2033 4069 2107 4118 Ex
2143 4068 2317 4118 eodem
2351 4068 2491 4118 libro.
2516 4070 2709 4116 Sanctae
2737 4071 2790 4116 et
2813 4064 2992 4115 divina
3022 4066 3289 4127 Scriptum
3320 4067 3542 4126 proposi-

1977 4135 2079 4177 tum
2104 4143 2234 4187 esse,
2258 4137 2312 4179 ut
2334 4128 2599 4190 dupliciter
2622 4128 2686 4176 de
2715 4128 2981 4178 Servatore
3007 4127 3254 4190 loquatur,
3280 4135 3380 4178 tum
3405 4133 3455 4174 ut
3479 4130 3542 4174 de

1977 4195 2281 4253 sempiterno
2309 4187 2431 4253 Filio
2462 4190 2661 4253 et_Deo,
2684 4196 2784 4237 tum
2815 4195 2868 4237 ut
2891 4191 2954 4238 de
2987 4187 3093 4248 illo,
3117 4187 3198 4250 qui
3233 4197 3400 4249 postea
3425 4200 3541 4253 rere

1975 4249 2297 4314 perfecteque
2323 4252 2474 4302 factus
2495 4251 2560 4301 sit
2584 4251 2745 4300 homo.
3136 4249 3143 4250 ⁷
3456 4249 3540 4296 121

2035 4333 2112 4383 De
2137 4332 2310 4380 eodem
2334 4335 2642 4392 argumento.
3455 4324 3548 4371 425

2037 4410 2109 4459 Ex
2140 4408 2365 4471 epistola,
2388 4423 2484 4470 qua
2508 4419 2591 4471 res
2615 4409 2661 4455 in
2687 4402 2910 4455 conciliis
2934 4408 3036 4471 tum
3063 4399 3288 4471 Arimini,
3313 4399 3440 4471 quod
3469 4408 3548 4470 est

1976 4471 2133 4521 Italiae
2156 4462 2419 4532 oppidum;
2436 4478 2536 4517 tum
2562 4468 2826 4532 Seleucia,
2847 4465 2976 4526 quod
3002 4469 3080 4512 est
3099 4462 3336 4525 oppidum
3357 4462 3549 4532 [sannae

1977 4521 2264 4594 celebratis,
2285 4521 2437 4592 gestis
2461 4521 2822 4579 continenturﬂ
2867 4521 2878 4526 ⁷
3132 4521 3145 4524 ⁷
3167 4521 3181 4525 ⁷
3458 4521 3548 4570 457

2040 4611 2269 4672 Ejusdem
2292 4610 2527 4672 adversus
2550 4608 2761 4658 Arianos
2782 4618 2870 4668 pro
2893 4602 3131 4665 Dionysio
3163 4605 3398 4664 episcOpo
3432 4599 3552 4672 Aie:

1978 4659 2199 4723 xandriaa
2222 4671 2463 4733 apologis.
2782 4659 2798 4668 ’
3023 4659 3040 4665 ⁷
3195 4659 3211 4664 ⁷
3336 4659 3349 4662 ⁷
3460 4659 3546 4708 491

2041 4751 2165 4801 Item
2209 4751 2446 4799 adversus
2478 4751 2687 4800 Arianos
2718 4751 2771 4796 et
2796 4742 3142 4796 Eunomianos.
3173 4740 3334 4804 Magni
3365 4740 3527 4804 Basilii

1979 4800 2223 4875 exipr'uno
2246 4813 2388 4862 libro.
3252 4800 3275 4804 ‘
3446 4800 3538 4847 499

2043 4892 2115 4940 Ex
2141 4892 2313 4940 eodem
2336 4891 2479 4939 libro.
3461 4877 3544 4926 501

2041 4973 2279 5034 Ejusdem
2303 4983 2363 5018 ex
2389 4967 2608 5019 secundo
2638 4964 2765 5016 libro
2789 4965 3026 5014 adversus
3051 4960 3364 5012 Eunomium.
3459 4955 3552 5006 509

2041 5052 2275 5113 Ejusdem
2298 5063 2360 5097 ex
2398 5048 2577 5096 eodem
2599 5050 2776 5106 quarto
2808 5043 2956 5092 libro.

2041 5111 2111 5179 Ex
2139 5129 2313 5178 eodem
2338 5127 2480 5183 libro,
2508 5124 2581 5174 De
2603 5123 2846 5185 ingenito.
3460 5111 3552 5160 557

2041 5208 2275 5271 Ejusdem
2300 5210 2359 5253 ex
2387 5203 2604 5266 Epistula
2628 5203 2687 5251 ad
2723 5201 2983 5249 Maximum
3008 5193 3367 5258 philosojibum.
3462 5190 3551 5238 551

2045 5285 2280 5314 Ὼὲιιοδοπι
2306 5295 2366 5314 ιη
2392 5282 2598 5314 οηίέΙΛΙα
2626 5280 2682 5314 νηὶ
2715 5276 2993 5314 mnnninns-
3463 5268 3551 5314 553

3480 5268 3552 5315 ὶ53

2044 5285 2282 5346 Ejusdem
2306 5295 2367 5332 ex
2392 5282 2600 5343 epistola
2623 5280 2684 5330 ad
2715 5276 2994 5328 canonicos.

2044 5365 2274 5429 Ejusdem
2304 5377 2364 5412 ex
2395 5361 2686 5429 epistola‘ad
2710 5354 3020 5429 Eustathium
3045 5348 3554 5429 armeniumhadrer-

1983 5408 2785 5488 sus-’quosdaru;q'urintiidehantur
2817 5416 3110 5468 Arianorum
3144 5408 3555 5518 opiuiouibussizaiag

1986 5502 2123 5538 vere.

2045 5567 2277 5630 Ejusdem
2299 5578 2359 5613 ex
2395 5565 2553 5625 capite
2575 5570 2718 5612 sexto
2745 5559 2804 5608 ad
2829 5551 3245 5618 Amphilochium.
3279 5629 3284 5630 ν
3341 5629 3351 5630 7

2046 5625 2170 5697 Item
2196 5651 2363 5695 contra
2392 5645 2599 5690 Arianos
2631 5646 2684 5688 et
2727 5633 3078 5694 Eunomianos,
3127 5629 3290 5694 magni
3330 5625 3557 5697 Gregorii

1988 5688 2325 5771 itii-6133i};
2342 5688 2740 5764 orati—one‘prima
2768 5700 2829 5748 de
2854 5697 2998 5748 Filio.
3064 5688 3075 5694 '
3207 5688 3233 5694 '
3433 5688 3558 5737 '557

3444 482 3640 546 309‘.

3452 1391 3562 1446 521,
