4048 6576
447 456 513 519 15
1676 445 2058 509 EUTHYMII
2098 441 2457 507 ZIGABENI
3618 441 3682 503 16

511 571 585 624 Τὸ
612 567 823 623 τοιοῦτο
850 564 1134 639 τοιγαροῦν
1159 564 1255 618 καὶ
1277 561 1567 635 τηλικοῦτο
1594 562 1691 634 τῆς
1724 562 2001 627 εὐσεϐείας
2022 562 2305 633 κειμήλιον
2326 563 2432 616 τίνι
2462 560 2509 615 δ’
2534 559 2600 616 ἂν
2621 560 2794 635 ἑτέρῳ
2819 560 3279 639 προσφωνήσαιμι
3305 560 3645 633 δικαιότερον
3670 603 3683 623 .

442 657 880 730 ἐκλαμπρότατε,
914 636 1609 725 καὶνμεγαλεπιφανέστατε
1640 651 1797 722 κύριε
1829 648 2066 720 Στέφανε
2096 650 2531 723 Μπραγκοὸᾶνε,
2555 648 2763 721 πατρὸς
2787 636 2993 719 ἀγαθοῦ
3024 651 3259 723 χρηστὸν
3288 651 3556 721 γέννημα,
3590 652 3683 702 καὶ

441 751 540 817 τῆς
585 741 794 800 ἐκείνου
838 740 1036 814 ἀρετῆς
1069 743 1166 796 καὶ
1193 736 1560 812 χρηστότητος
1590 738 1887 809 ἐκμαγεῖον
1908 778 1924 804 ,
1958 739 2054 791 καλ⁵
2081 739 2303 810 γνήσιον
2335 738 2768 809 ἀποσφράγισμα
2788 780 2804 803 ,
2833 737 2866 808 ἢ
2891 740 2956 809 τῇ
2978 741 3053 808 σῇ
3086 738 3523 809 ὲκλαμπρότητι,
3557 737 3682 807 ῆτις

443 836 631 887 πᾶσαν
668 833 767 902 μὲν
812 823 911 902 τὴν
942 829 1048 897 ἔξω
1088 828 1474 901 λαμπρότητα,
1513 826 1613 899 τὴν
1656 827 1764 881 ἀπὸ
1793 822 1889 880 τοῦ
1926 827 2251 881 θεοστέπτου
2296 825 2532 894 κράτους
2573 825 2666 878 τοῦ
2700 826 3153 895 ἐκλαμπροτάτου
3189 826 3284 879 καὶ
3314 823 3683 894 γαληνοτάτου

360 970 373 984 ,
444 920 652 992 πατρός
687 927 782 972 σου
819 918 1013 990 κυρίου
1052 917 1242 989 κυρίου
1292 916 1537 969 Ἰωάννου
1574 914 1988 971 Κωνσταντίνου
2021 913 2355 985 Βασσαράὸα
2388 914 2611 967 ϐοεὸόδα
2657 915 2751 967 καὶ
2816 913 3085 984 ἡγεμόνος
3129 914 3311 985 πάσης
3339 912 3661 984 Οὐγγροὸλα

444 1010 566 1078 χίας
597 1006 987 1078 ἐπιρῥέουσαν,
1015 1006 1104 1059 καὶ
1138 1004 1384 1072 ἀφθόνως
1415 1002 1941 1074 μετοχετευομένην,
1976 1003 2170 1074 μικρὸν
2201 1004 2294 1057 καὶ
2333 1003 2557 1065 ἀσθενὲς
2584 1001 2720 1071 πρός
2752 1018 2815 1069 γε
2846 1002 2944 1072 τὴν
2972 1002 3285 1072 ἀκροτάτην
3315 1000 3561 1065 εὐδοξίαν
3589 1001 3689 1052 σύν

440 1097 520 1165 τῷ
558 1094 752 1162 ἀληθεῖ
784 1093 927 1163 λόγῳ
963 1091 1283 1163 ἡγησαμένη
1304 1131 1318 1153 ,
1351 1091 1446 1143 καὶ
1480 1092 1590 1153 τοῖς
1620 1090 1872 1159 ἀγεννέσι
1899 1090 2100 1160 μᾶλλον
2126 1090 2369 1159 οίηθεῖσα
2390 1091 2690 1159 προσήκειν
2725 1086 3030 1159 ἀλλοτρίοις
3062 1088 3251 1151 καλοῖς
3283 1085 3686 1158 σεμνύνεσθαι,

444 1185 541 1238 καὶ
570 1182 775 1255 ἀπορίᾳ
804 1182 1019 1236 οἰκείων
1050 1179 1185 1252 πρὸς
1220 1178 1318 1250 τὴν
1346 1179 1453 1232 τῶν
1488 1179 1772 1250 Πατέρων,
1796 1178 1871 1245 ὡς
1894 1180 2027 1251 πρὸς
2055 1179 2115 1231 τὺ
2141 1178 2314 1239 νόθον,
2348 1176 2445 1231 καὶ
2471 1177 2727 1247 τεχνητὸν
2757 1175 2979 1244 ἔρευθος
3011 1178 3067 1230 αἱ
3093 1175 3188 1229 τοῦ
3217 1175 3460 1243 ἐμφύτου
3489 1174 3689 1243 χηρεύ-

443 1288 627 1336 ουσαι,
670 1268 1037 1339 καταφεύγειν
1067 1268 1286 1339 ἀρετὴν,
1324 1268 1420 1320 καὶ
1449 1266 1843 1337 λαμπρότητα,
1889 1265 2062 1331 οὕτως
2092 1266 2293 1335 ἑαυτὴν
2321 1266 2614 1336 ἐξεπόνησε
2648 1266 2742 1319 καὶ
2799 1264 3129 1337 διεκόσμησε
3169 1264 3317 1335 πάσῃ
3354 1263 3455 1334 μὲν
3484 1262 3689 1333 ἀρετῆς

449 1360 587 1432 ἰδέᾳ,
615 1361 761 1430 πάσῃ
790 1358 844 1411 δὲ
866 1356 1084 1427 παιδείᾳ
1136 1356 1230 1409 καὶ
1251 1353 1350 1422 (ὡς
1382 1352 1655 1409 συνελόντι
1688 1356 1871 1421 πᾶσιν,
1898 1350 1982 1419 οἷς
2026 1355 2349 1424 κοσμεῖσθαι
2398 1355 2494 1407 καὶ
2516 1348 2598 1417 οἷς
2624 1355 2653 1407 ό
2682 1351 2888 1423 ἀληθὴς
2914 1351 3416 1422 χαρακτηρίζεσυαι
3444 1351 3691 1419 πέφυκεν

446 1448 765 1519 ἄνθρωπος,
795 1445 937 1498 ῶστε
973 1444 1197 1512 ἄγαλμα
1232 1442 1295 1514 δή
1328 1461 1380 1496 τι
1410 1446 1509 1512 τῆς
1551 1442 1756 1514 ἀρετῆς
1788 1442 2052 1513 ἔμπνουν,
2084 1444 2180 1498 καὶ
2212 1443 2419 1512 ἀγαθοῦ
2456 1443 2657 1508 παντὸς
2690 1443 2883 1513 ἐμϐιον
2918 1443 3144 1513 ἀγαλμα
3179 1443 3493 1513 πρόκειται.
3545 1437 3692 1495 ’Δνθ’

446 1542 573 1594 ὅτου
604 1540 698 1592 καὶ
737 1538 797 1590 τὸ
827 1536 926 1607 μὲν
948 1535 1120 1605 αὐτῆς
1156 1534 1317 1605 σῶμα
1349 1534 1399 1587 οί
1428 1532 1645 1594 Μυσίας
1684 1534 1799 1604 ὅροι
1826 1532 2241 1603 περιειλήφασι,
2271 1531 2331 1585 τὸ
2353 1530 2409 1585 δὲ
2435 1533 2537 1602 τῆς
2565 1533 2770 1602 ἀρετῆς
2826 1532 2920 1586 καὶ
2958 1530 3364 1598 καλοκαγαθίας
3399 1528 3555 1591 κλέος
3585 1544 3689 1579 πε-

450 1628 598 1699 ριθεῖ
632 1628 730 1698 τὴν
764 1624 855 1696 ὑφ’
901 1624 1052 1695 ἥλιον
1075 1666 1090 1688 ,
1122 1623 1219 1677 καλ⁸
1258 1623 1516 1692 περιηχεῖ
1542 1623 1655 1685 τοῖς
1687 1621 1932 1683 ἐπαίνοις
1961 1620 2059 1691 τῆς
2090 1624 2413 1694 σοφωτάτης
2452 1636 2547 1676 σου
2580 1623 3057 1695 ἐκλαμπρότητος.
3096 1619 3257 1686 Ἥτις
3296 1624 3353 1676 ἐν
3384 1620 3690 1692 τηλικαύτῃ

445 1715 677 1786 ἀφθονία
707 1713 815 1767 τῶν
843 1711 969 1779 ἔξω,
996 1712 1090 1766 καὶ
1122 1711 1346 1783 εὐρῥοίᾳ
1379 1712 1718 1783 πραγμάτων
1745 1710 1806 1762 οὐ
1838 1710 2091 1780 παρεῖδεν
2121 1708 2319 1781 ἑαυτὴν
2361 1711 2775 1783 ὑποσυρομένην
2803 1714 2882 1775 εἰς
2904 1710 2940 1767 ἀ
2975 1712 3221 1779 πέφυκεν
3255 1708 3503 1771 ἐλεεινῶς
3532 1709 3692 1776 ὑφέλι-

446 1820 565 1856 κειν
592 1800 890 1871 ἐξυϐρίζων
917 1801 946 1853 ό
972 1798 1222 1862 πλοῦτος,
1250 1797 1387 1850 ἀλλά
1417 1797 1648 1867 γενναίῳ
1697 1796 1793 1849 καὶ
1829 1795 2127 1868 ἐρρωμένῳ
2149 1799 2457 1869 φρονήματι
2486 1799 2582 1870 ὅλη
2609 1796 2661 1869 γ’
2692 1799 2949 1869 ὑπεράνω
2974 1798 3074 1867 τῆς
3101 1796 3223 1850 κατ’
3257 1796 3419 1848 αὐτὸν
3448 1793 3568 1864 βίας
3596 1806 3693 1861 γε-

447 1889 686 1960 νομένη,
731 1890 810 1951 είς
840 1886 1032 1956 σκέψιν
1071 1887 1269 1955 ἑαυτὴν
1304 1885 1512 1955 καθῆκε
1537 1922 1551 1948 ,
1588 1885 1686 1938 καλ⁸
1718 1882 2125 1955 διηκριὸώσατο
2162 1886 2429 1957 νουνεχῶς
2458 1886 2597 1940 ἀττα
2638 1888 2868 1958 κοσμεῖν
2901 1880 3010 1939 οἶδε
3035 1885 3127 1938 τὸν
3165 1884 3474 1954 ἄνθρωπον.
3513 1881 3603 1933 Διὸ
3625 1881 3688 1950 δὴ

448 1977 672 2047 παιδείᾳ
698 1974 895 2030 σαυτὸν
929 1975 993 2028 ἐκ
1027 1975 1148 2027 νέου
1177 1974 1245 2043 τῇ
1277 1970 1570 2041 ἐλευθερίῳ
1598 1969 1907 2037 ὑποϐαλὼν,
1946 1971 2131 2043 διττὴν
2163 1974 2372 2028 ἐκεῖθεν
2400 1976 2466 2045 τῇ
2501 1973 2701 2029 σαυτοῦ
2727 1975 2873 2044 ψυχῇ
2907 1973 3091 2044 πηγήν
3120 1973 3452 2041 ἐφειλκύσω,
3483 1972 3596 2033 τοῖς
3626 1982 3687 2024 τε

450 2064 593 2121 κατὰ
618 2063 849 2135 θεωρίαν
873 2062 965 2116 καὶ
997 2063 1107 2125 τοῖς
1140 2062 1195 2113 ἐν
1225 2060 1419 2129 πράξει
1450 2059 1628 2121 καλῶς
1648 2058 2101 2131 ὲνησχολημένος.
2133 2062 2223 2114 Διὸ
2254 2064 2346 2116 καὶ
2378 2063 2684 2134 εὐδοκιμεῖς
2717 2063 2817 2132 μὲν
2846 2064 2903 2115 ἐν
2930 2061 3194 2132 συνεδρίῳ
3220 2064 3420 2130 σοφῶν,
3454 2054 3536 2123 οίς
3562 2075 3690 2112 συν-

449 2150 797 2224 διημερεύειν
834 2154 926 2204 καὶ
987 2148 1450 2220 συμπαννυχίζειν
1473 2147 1539 2201 τά
1568 2147 1795 2201 πλεῖστα
1820 2148 2014 2219 φιλεῖς,
2035 2150 2161 2204 ὅσου
2189 2150 2289 2220 τῆς
2321 2151 2458 2217 πρὸς
2488 2151 2812 2221 φιλοσοφίαν
2845 2148 3177 2213 οίκειώσεως
3208 2150 3405 2219 δεῖγμα
3438 2148 3691 2218 λαμπρό-

447 2257 629 2305 τατον,
657 2240 818 2294 ὁπότε
839 2240 951 2303 τοῖς
977 2237 1187 2308 δμοίοις
1216 2238 1429 2308 χαίρειν
1456 2236 1690 2293 ἕκαστον
1714 2238 1825 2300 τοῖς
1847 2238 2033 2306 σοφοῖς
2058 2241 2496 2309 γνωματεύεται,
2516 2238 2702 2304 αὔξεις
2726 2239 2781 2293 δὲ
2812 2238 2899 2293 διά
2926 2238 3123 2292 σαυτοῦ
3149 2238 3242 2293 τὸν
3264 2236 3563 2307 κατάλογον
3580 2238 3689 2289 τῶν

448 2328 591 2382 κατά
614 2326 712 2399 τὴν
735 2328 797 2382 ἐν
818 2325 1012 2399 πράξει
1032 2325 1237 2396 ἀρετὴν
1264 2323 1593 2392 εὐδοκίμων,
1619 2322 1938 2394 εὐαρίθμων
1958 2323 2099 2393 ἀγαν
2127 2327 2309 2397 φέρων
2332 2327 2402 2381 τά
2422 2325 2675 2396 δεύτερα,
2698 2326 2926 2390 καὶτοῖς
2954 2325 3299 2396 πρωτεύουσι
3327 2323 3448 2378 κατ’
3474 2324 3690 2391 ἐκείνην

447 2414 903 2488 διαμιλλώμενος,
943 2413 1085 2467 ὥστε
1127 2428 1194 2482 με
1226 2413 1325 2465 οὐκ
1356 2413 1435 2475 είς
1469 2412 1688 2482 μακράν
1713 2426 1773 2464 σε
1804 2412 2016 2476 πάντας
2042 2413 2198 2468 ἐᾶσαι
2230 2414 2466 2469 κατόπιν
2487 2418 2554 2488 τῇ
2593 2415 2725 2488 δόξῃ
2756 2415 2865 2469 τῶν
2895 2415 3349 2486 κατορθουμένων
3381 2412 3690 2485 θαρῥοῦντα

451 2502 849 2568 διατείνεσθαι,
883 2502 995 2571 είγε
1024 2501 1095 2554 τά
1123 2500 1409 2570 φθάσαντα
1438 2501 1550 2555 τῶν
1583 2503 1859 2573 ἐσομένων
1899 2502 2289 2573 ἀσφαλέστατα
2316 2504 2599 2574 τεκμήρια
2630 2502 2897 2572 πέφυκεν.
2943 2502 3107 2557 Ἃ).λά
3135 2505 3341 2556 τούτων
3376 2503 3476 2572 μὲν
3501 2500 3650 2555 ἄλλοι
3674 2540 3687 2565 ,

452 2594 548 2647 καὶ
590 2585 669 2655 οἷς
698 2590 859 2660 ἔργον
889 2588 1140 2660 ἐγκώμια
1173 2588 1395 2643 πλέκειν
1422 2589 1551 2654 τούς
1579 2591 1833 2654 ἐπαίνους
1860 2590 2341 2662 φιλοτεχνούντων.
2388 2589 2532 2659 Ἐγὼ
2561 2590 2608 2644 δ’
2635 2590 2664 2644 δ
2693 2592 2794 2663 τῆς
2824 2591 3098 2661 ὑμετέρας
3129 2589 3475 2660 ἐνδοξότητος
3506 2589 3695 2656 διαφεο

456 2682 659 2753 ρόντως
690 2677 1026 2746 ἀποδέχομαί
1049 2693 1109 2730 τε
1142 2676 1236 2730 καὶ
1264 2676 1479 2747 ἄγαμαι
1513 2682 1641 2750 σιγῇ
1674 2680 2059 2753 παραδραμεῖν
2087 2679 2189 2732 οὐκ
2220 2678 2514 2749 ἀνέχομαι,
2555 2677 2695 2733 ἀλλά
2723 2679 2818 2733 καὶ
2845 2678 2922 2743 ὡς
2954 2678 3062 2750 ἔχω
3092 2676 3379 2748 δυνάμεως
3410 2678 3518 2741 ἕως
3550 2678 3692 2747 ὑπὲρ

455 2770 556 2838 γῆς
587 2764 705 2838 είην
733 2762 1068 2838 διαθρυλλῶν
1116 2766 1212 2818 καὶ
1274 2764 1561 2836 κηρύττων
1599 2767 1741 2837 μετά
1771 2783 1859 2837 γε-
1880 2765 2157 2835 θαύματος
2191 2766 2254 2818 οὐ
2287 2765 2591 2836 παύσομαι.
2624 2766 2750 2829 Πῶς
2778 2765 2890 2834 γὰρ
2935 2766 3035 2818 οὐκ
3070 2763 3137 2819 ἀν
3176 2765 3349 2835 λήθην
3397 2764 3430 2834 ἢ
3495 2765 3692 2835 φθόνον

455 2855 606 2925 ὅφλω
633 2855 880 2917 δικαίως,
903 2852 932 2905 ὅ
957 2864 1021 2919 γε
1043 2851 1131 2906 διά
1157 2851 1427 2906 πλείστων
1459 2851 1761 2923 πέπεισμαι
1792 2855 1867 2924 μὴ
1896 2851 2196 2925 προτιθεὶς,
2220 2851 2356 2922 μηδέ
2382 2850 2751 2922 δημοσιεύων,
2784 2851 3107 2922 ἀποστερῶν
3136 2851 3194 2903 δι
3223 2853 3291 2922 τῇ
3315 2851 3535 2923 ἀκαίρῳ
3565 2856 3692 2923 σιγῇ

450 2946 555 3013 τῆς
583 2945 648 2996 ὲκ
673 2941 865 2997 τούτου
894 2939 1163 3009 ὠφελείας
1191 2941 1315 3002 τούς
1342 2956 1404 3007 γε
1428 2941 1799 3010 εὐγνώμονας,
1825 2934 1906 3001 οἷς
1929 2939 2265 3009 ὑπέκκαυμα
2294 2938 2581 3007 γίγνεσθαι
2610 2938 2825 3009 φιλοῦσι
2858 2938 2995 3007 πρὸς
3022 2938 3090 2992 τά
3116 2937 3312 3009 βελτίω
3338 2939 3448 2992 τῶν
3469 2941 3695 3008 ἀγαθῶν

453 3034 632 3105 ἔργων
669 3033 719 3084 οῖ
749 3030 992 3093 έπαινοι;
1019 3030 1080 3081 El
1106 3028 1163 3081 δὲ
1192 3028 1262 3081 τά
1291 3029 1400 3079 τῶν
1439 3028 1619 3081 ἀλλων
1652 3028 1950 3098 σπινθῆρος
1979 3026 2171 3100 χρείαν
2202 3024 2604 3096 συμὸάλλοιτο,
2636 3025 2754 3089 πῶς
2779 3025 2901 3096 οὐχὶ
2936 3026 3150 3097 πυρσὸν
3182 3028 3242 3080 έν
3271 3027 3459 3090 αὐτοῖς
3492 3027 3695 3098 ἀρετῆς

453 3119 755 3175 ἀνακαύσει
781 3116 876 3171 τοῦ
908 3117 964 3171 ἐν
993 3116 1076 3169 σοὶ
1106 3117 1227 3168 κατ’
1261 3114 1454 3187 ἐξοχὴν
1480 3116 1883 3187 ἐνυπάρχοντος
1910 3117 1972 3171 τὸ
2003 3114 2279 3187 διήγημα;
2307 3108 2493 3188 Οὐπερ
2525 3113 2750 3179 οὐδένας
2778 3108 2936 3184 οἶμαί
2964 3116 3019 3185 γ’
3044 3116 3102 3180 ἐς
3126 3115 3243 3170 τόδε
3272 3115 3538 3170 διατελεῖν
3567 3118 3695 3183 ἀνη-

455 3210 639 3276 κόους,
673 3206 814 3278 πλὴν
836 3206 885 3261 εί
905 3204 981 3275 μή
1011 3220 1096 3268 τις
1117 3203 1203 3274 εἴη
1231 3202 1533 3274 ἀνέραστος
1559 3203 1671 3258 τῶν
1692 3204 1874 3259 καλῶν
1901 3204 1996 3259 καὶ
2016 3202 2300 3274 ὀλίγωρος.
2328 3202 2465 3257 Τίνα
2486 3202 2596 3273 γάρ
2626 3202 2692 3256 ἂν
2719 3203 2811 3258 καὶ
2834 3202 3057 3274 λήσειεν
3079 3205 3108 3258 δ
3135 3203 3271 3274 παρ’
3291 3204 3429 3276 αὐτῇ
3491 3204 3695 3275 θερμδς

454 3300 552 3353 καὶ
597 3296 864 3366 διάπυρος
909 3292 1051 3363 ὑπὲρ
1091 3290 1375 3357 εὐσεϐείας
1419 3289 1606 3361 ζῆλος,
1649 3290 1745 3346 καὶ
1813 3293 1892 3357 ώς
1942 3291 2081 3364 μετὰ
2120 3290 2325 3363 πολλῆς
2369 3292 2465 3345 καὶ
2501 3290 2761 3357 διακαοῦς
2807 3292 3116 3364 προθυμίας
3161 3293 3549 3365 ὐπεραγωνίζῃ
3598 3297 3696 3347 καὶ

455 3383 822 3459 προασπίξεις
843 3380 952 3435 τῶν
974 3379 1170 3451 ὀρθῶν,
1202 3379 1300 3433 καὶ
1327 3379 1570 3451 πατρίων
1597 3379 1909 3450 δογμάτων,
1946 3380 2241 3451 στρατείαν
2265 3378 2471 3450 ταύτην
2497 3377 2733 3451 ἀρίστην
2763 3379 2843 3451 τῷ
2866 3378 3088 3453 Χριστῷ
3119 3383 3573 3452 στρατευόμενος,
3595 3384 3694 3435 καὶ

455 3471 822 3546 προπολεμῶν
869 3468 968 3540 τῆς
1010 3466 1322 3539 όρθοδοξίας
1347 3467 1486 3539 μετά
1524 3468 1727 3538 πολλῆς
1770 3468 1863 3521 καὶ
1895 3468 2230 3539 καρτερικῆς
2254 3466 2356 3539 τῆς
2394 3467 2699 3534 ἐνστάσεως
2729 3468 2763 3540 ή
2796 3468 2995 3532 πύλαις
3023 3467 3151 3540 ᾅδου
3179 3468 3322 3523 κατά
3350 3469 3449 3540 τὴν
3479 3468 3690 3542 ἀψευδῆ

456 3561 548 3616 τοῦ
580 3560 831 3630 Σωτῆρος
856 3554 1189 3624 ἐπαγγελίαν
1216 3554 1474 3612 οὐδέποτε
1494 3554 1978 3627 τατισχυθήσεται,
2010 3556 2121 3628 ὅσῳ
2143 3555 2308 3609 πλέον
2330 3556 2655 3627 πολεμεῖται
2690 3555 2895 3627 μᾶλλον
2921 3556 3275 3627 ἀκμάζουσα,
3300 3558 3395 3610 καὶ
3416 3558 3475 3610 ἐν
3503 3560 3570 3629 τῇ
3595 3573 3696 3612 τα·

458 3652 720 3705 πεινώσει
744 3645 915 3716 αὐτῆς
937 3643 1371 3714 λαμπρυνομένη
1404 3641 1500 3697 καὶ
1525 3641 1935 3712 ιιαθάλλουσας
1968 3645 2067 3699 Διά
2099 3644 2255 3699 ταῦτ’
2285 3644 2394 3717 ἀρα
2428 3645 2587 3711 κάγώ
2615 3645 2700 3700 σοὶ
2728 3644 2806 3717 τῷ
2831 3645 3019 3718 θερμῷ
3042 3643 3260 3717 ζηλωτῇ
3291 3645 3388 3700 καί⁵
3418 3648 3693 3717 προμάχῳ

460 3739 570 3794 τῶν
599 3737 702 3806 τῆς
734 3733 993 3806 ἀληθείας
1025 3731 1316 3802 δογμάτων
1346 3730 1571 3802 ταυτηνὶ
1605 3732 1787 3802 φέρων
1816 3733 2126 3803 προσφωνῶ
2143 3733 2242 3803 τὴν
2266 3733 2627 3803 δογματικὴν
2647 3733 2963 3788 Πανοπλίαν
2982 3774 2997 3800 ,
3034 3734 3182 3798 ὅπως
3217 3735 3695 3806 τεθωρακισμένος

458 3831 528 3901 τῇ
552 3826 644 3880 τοῦ
676 3821 821 3877 ῐινεύ
831 3837 998 3894 ματος
1029 3819 1247 3892 χάριτι,
1274 3817 1704 3891 ῥωμαλεώτερον
1734 3820 2178 3891 ἀντιπαρατάττῃ
2201 3819 2261 3873 τδ
2283 3820 2393 3874 ἀπὸ
2412 3820 2568 3875 τοῦδε
2592 3822 2707 3885 τοῖς
2732 3820 3073 3891 ἀντιλέγουσι
3099 3825 3163 3895 τῇ
3186 3822 3435 3896 ἀληθείᾳ,
3461 3824 3522 3877 τὸ
3549 3822 3694 3877 θεῖον

463 3915 616 3987 ῥῆμα
652 3912 835 3981 φέρων
867 3908 1009 3963 κατὰ
1039 3907 1139 3978 τήν
1175 3906 1452 3975 σάλπιγγα
1480 3906 1589 3960 τῶν
1630 3902 1989 3979 Ἐκκλησιῶν,
2022 3905 2236 3963 Παῦλόν
2260 3924 2404 3980 φημι
2426 3908 2523 3965 τὸν
2546 3909 2843 3983 μακάριον,
2872 3908 3012 3981 ὑπὲρ
3040 3910 3221 3964 πᾶσαν
3256 3910 3534 3982 μάχαιραν
3552 3951 3567 3976 ,
3598 3909 3695 3965 καὶ

464 4000 743 4074 ῥομφαίαν
768 3997 1025 4067 ἀμφήκη,
1057 3995 1153 4047 καὶ
1182 3992 1249 4046 δι’
1278 3991 1446 4046 αὐτοῦ
1471 3993 1597 4056 τούς
1628 3992 1725 4046 τοῦ
1757 3994 2013 4059 εὐσεϐοῦς
2040 3996 2203 4065 λόγου
2233 3996 2608 4069 διαχρώμενος
2639 3998 2956 4068 πολεμίως,
2985 3998 3082 4052 καὶ
3107 3998 3335 4069 λαμπρά
3362 3998 3483 4053 κατ’
3511 3997 3695 4052 αὐτῶν

466 4088 631 4145 ίστῶν
656 4084 897 4158 τρόπαια
916 4121 932 4149 ,
960 4076 1145 4152 ὦνπερ
1170 4078 1233 4133 οὐ
1262 4080 1457 4151 ῥέοντα
1483 4081 1578 4133 καὶ
1614 4080 1933 4150 χαμαίζηλα
1963 4084 2171 4157 κομίσῃ
2199 4085 2266 4139 τὰ
2291 4080 2451 4151 ἆθλα,
2482 4086 2606 4139 οὐδὲ
2629 4085 2789 4150 δόξαν
2811 4085 2968 4157 ῥᾷστ’
3008 4083 3357 4140 ἀπανθοῦσαν
3398 4086 3493 4139 καὶ
3519 4085 3696 4139 ἐκλεί-

464 4195 696 4243 πουσαν,
718 4173 832 4231 ἀλλ’
854 4172 999 4245 άπερ
1024 4169 1139 4224 οὐτ’
1167 4169 1476 4241 ὀφθαλμοῖς
1502 4170 1583 4234 είς
1604 4170 1732 4224 θέαν
1755 4173 1974 4240 ἐφικτὰ,
2000 4170 2114 4225 οὐτ’
2138 4170 2275 4240 ἀκοῇ
2301 4169 2545 4239 χωρητά,
2574 4168 2670 4223 καὶ
2698 4168 2858 4237 λόγου
2888 4168 3091 4234 παντὸς
3115 4168 3411 4239 ὑπερπαίει
3438 4167 3694 4239 δύναμιν,

466 4265 744 4340 βασιλείαν
772 4260 1037 4333 οὐρανῶν,
1068 4257 1161 4312 καὶ
1186 4258 1563 4329 μακαριότητα
1584 4257 2022 4324 διαιωνίζουσαν,
2053 4259 2152 4330 τὴν
2182 4259 2560 4329 ἀποκειμένην
2587 4261 2700 4324 τοῖς
2730 4258 3148 4331 ἐκλελεγμένοις
3181 4260 3288 4332 πρὸ
3312 4260 3534 4314 πάντων
3567 4261 3700 4315 αίώ-

465 4374 592 4411 νων.
627 4353 703 4410 Οὐ
730 4350 891 4422 μόνον
922 4348 978 4404 δέ
1006 4345 1097 4401 διά
1126 4344 1303 4402 ταῦτα
1335 4346 1635 4417 προσήκειν
1664 4345 1833 4415 ἔγνων
1864 4364 1957 4401 σου
1989 4349 2055 4418 τῇ
2090 4347 2395 4425 ἐνδοξότητι
2426 4348 2487 4401 τὸ
2514 4347 2766 4418 δώρημα,
2796 4348 2937 4403 ἀλλὰ
2964 4348 3061 4403 καὶ
3093 4348 3181 4404 ὅτι
3207 4348 3274 4419 δή
3303 4347 3456 4419 παρά
3486 4350 3699 4414 πάντας

466 4444 604 4514 αὐτῇ
626 4438 919 4513 ᾤκείωται,
946 4434 1219 4506 βασίλειον
1237 4428 1372 4487 οὖσα
1396 4432 1706 4504 κειμήλιον,
1724 4437 1810 4488 σοὶ
1830 4434 1876 4487 δ’
1899 4434 1961 4488 οὐ
1986 4434 2146 4506 μόνον
2164 4435 2234 4488 τά
2257 4435 2351 4489 τοῦ
2379 4435 2571 4505 γένους
2589 4438 2655 4489 ἐκ
2677 4435 2975 4504 βασιλικῶν
3000 4436 3193 4507 πηγῶν
3212 4437 3542 4508 ἐπιρῥέοντα
3562 4438 3698 4507 ὁμο-

466 4532 733 4601 λογεῖται,
761 4524 832 4579 τά
872 4523 1010 4595 πρὸς
1046 4522 1283 4593 μάμμης
1331 4521 1414 4584 είς
1446 4521 1575 4585 τούς
1618 4523 1909 4591 ἐπιφανεῖς
1944 4521 2437 4594 Καντακονζηνοὺς
2468 4522 2809 4595 ἀναγόμενα,
2845 4523 2986 4578 ἀλλά
3010 4524 3074 4595 δὴ
3106 4526 3203 4578 καὶ
3233 4526 3302 4580 τά
3346 4526 3698 4595 πραττόμενα

470 4615 761 4692 βασιλικῆς
800 4608 1089 4692 εὐγενείας
1114 4607 1478 4678 λαμπρότατα
1507 4606 1780 4673 ἀποσώζει
1810 4608 2124 4681 μαρτύρια,
2156 4615 2251 4668 καὶ
2284 4615 2549 4687 κηρύττει
2596 4615 2697 4688 τὴν
2729 4615 2863 4689 πρὸς
2898 4615 3140 4680 ἐκείνους
3171 4616 3488 4686 συγγένειαν
3521 4617 3553 4687 ή
3587 4616 3695 4669 τῶν

468 4688 721 4779 πράξεων
754 4699 1026 4771 ὁμοιότης.
1061 4688 1161 4747 Ὦν
1193 4694 1400 4749 οίκοθεν
1435 4693 1616 4764 ἔχεις,
1652 4695 1746 4747 καὶ
1796 4694 1889 4764 ἀφ’
1923 4696 2107 4760 ἑστίας
2154 4698 2289 4767 φασὶ
2316 4700 2376 4752 τδ
2413 4700 2798 4773 παράδειγμα,
2830 4702 2907 4767 ὡς
2939 4703 3044 4756 ὑπὸ
3079 4703 3243 4766 ζῶντι
3275 4702 3569 4774 ἀρχετύπῳ
3617 4702 3697 4772 τῷ

467 4792 664 4863 κλεινῷ
712 4793 806 4843 καὶ
834 4784 1270 4855 ἐκλαμπροτάτῳ
1302 4780 1496 4853 γενέτῃ
1529 4781 2072 4851 παιδαγωγούμενος,
2102 4784 2200 4837 καὶ
2247 4784 2396 4840 σύνει
2428 4788 2645 4862 νύκτωρ
2675 4792 2769 4844 καὶ
2817 4790 2937 4862 μεθ’
2969 4791 3186 4862 ἡμέραν
3214 4793 3283 4862 τῇ
3317 4794 3469 4862 πηγῇ
3489 4832 3505 4857 ,
3543 4789 3601 4856 ἐξ
3628 4786 3700 4861 ἦς

468 4880 714 4953 ἀφθόνως
746 4873 985 4943 ὑπάρχει
1022 4867 1289 4943 ἀρύεσθαι
1314 4884 1420 4934 σοι,
1450 4866 1545 4922 καὶ
1575 4868 1717 4923 κατὰ
1742 4868 1842 4932 τὰς
1871 4869 2164 4940 φιλεργοὺς
2192 4874 2449 4944 μελίττας
2479 4875 2592 4935 οἷον
2620 4880 2679 4947 ἐξ
2706 4881 2979 4935 ἀθανάτου
3010 4880 3275 4949 λειμῶνος
3303 4878 3698 4943 ἀπανθίξεσθιι

467 4952 577 5026 τῶν
605 4964 817 5039 ἀρετῶν
847 4963 919 5016 τά
953 4960 1130 5028 εὐώδη
1171 4959 1268 5012 καὶ
1291 4955 1518 5027 ἀειθαλῆ
1550 4956 1708 5028 ἀνθη.
1749 4957 1889 5012 Ἀνθ’
1934 4960 2054 5013 ὅτου
2096 4961 2194 5015 καὶ
2221 4961 2539 5029 διπλασίους
2584 4952 2808 5029 είκότως
2842 4967 3133 5038 τυγχάνεις
3160 4968 3390 5037 ὀφείλων
3433 4970 3500 5039 τῇ
3530 4967 3697 5021 αὑτοῦ

469 5058 772 5128 ἐκλάμπρῳ
803 5050 1131 5123 γαληνότητι
1158 5046 1388 5117 χάριτας
1408 5084 1424 5111 ,
1450 5046 1586 5116 πρός
1608 5062 1672 5115 γε
1696 5045 1775 5115 τῷ
1802 5042 1943 5102 εἶναι
1987 5047 2085 5102 καὶ
2112 5050 2277 5105 αὐτοῦ
2308 5055 2401 5107 τοῦ
2424 5050 2483 5108 εὖ
2515 5050 2654 5110 εἶναι
2675 5059 2827 5127 παρά
2853 5059 2952 5129 τῆς
2974 5059 3137 5113 αὐτοῦ
3166 5058 3500 5130 ὑψηλότητος
3525 5076 3701 5130 προσ·-

466 5148 827 5218 υπάρχοντος.
855 5133 963 5202 Ἦς
991 5138 1126 5206 δῆτα
1169 5136 1288 5190 καθ’
1316 5137 1464 5206 ἡμᾶς
1499 5139 1554 5190 αἱ
1585 5136 1776 5207 ἀρεταὶ
1803 5139 1915 5199 τοῖς
1961 5138 2161 5210 πέρασι
2192 5140 2691 5215 διατεθρύλληνται,
2736 5146 2836 5215 τῆς
2860 5146 3091 5217 ἀρίστης
3123 5146 3383 5217 εὐνομίας
3418 5140 3567 5219 μετῐ
3591 5148 3695 5219 τῆς

440 5230 813 5296 δικαιοσύνης
840 5223 1312 5294 καταγλαῖζούσης
1358 5223 1451 5278 τὸν
1506 5222 1839 5294 ὑψηλότατον
1880 5225 1976 5278 καὶ
2029 5225 2411 5299 λαμπρότατον
2447 5232 2655 5301 θρόνον,
2688 5233 2773 5302 ἐφ’
2805 5228 2867 5287 οὗ
2895 5234 2960 5304 δὴ
2992 5235 3127 5303 πρὸς
3158 5233 3294 5288 Θεοῦ
3322 5235 3491 5290 πάλαι
3513 5252 3697 5306 προω-

479 5321 710 5397 ρισμένη
749 5318 809 5370 ἐν
841 5312 919 5384 τῷ
961 5311 1286 5382 καταλλὴλῳ
1315 5311 1493 5381 χρόνῳ
1529 5311 1680 5382 παρὰ
1731 5310 1830 5380 τῆς
1875 5311 2039 5365 αὐτοῦ
2090 5316 2347 5385 προνοίας
2392 5318 2698 5388 ἐφίδρυται,
2750 5320 2913 5373 ὁπότε
2957 5322 2990 5392 η
3036 5320 3126 5375 τοῦ
3171 5322 3363 5392 χρόνου
3411 5321 3700 5392 ἀνωμαλία

472 5415 564 5466 τὸν
588 5407 760 5461 δεινδν
785 5404 865 5465 εἰς
896 5400 1162 5472 διοίκησιν
1183 5400 1403 5470 ἀπῄτει,
1429 5398 1517 5453 διὰ
1548 5400 1884 5471 πολυσχιδῶν
1907 5401 2041 5454 ὁδῶν
2074 5404 2496 5474 παραστήσοντα
2528 5406 2625 5474 τὴν
2643 5404 2881 5476 ἔμφυτον
2912 5405 3339 5478 καλοκαγαθίαν,
3363 5413 3456 5464 καὶ
3482 5409 3699 5482 ἑκάστῳ

473 5495 798 5571 προσφόρως
827 5491 1199 5563 ἐπαρκέσοντα
1232 5489 1365 5559 πρὸς
1389 5487 1487 5560 τὴν
1515 5488 1723 5560 χρείαν,
1754 5490 1847 5543 καὶ
1873 5490 1950 5560 τῷ
1973 5488 2156 5558 οίκείῳ
2187 5488 2544 5559 ὑποδείγματι
2567 5490 2658 5544 τὸν
2682 5492 2784 5545 ὑπὸ
2809 5495 2965 5565 χεῖρα
2991 5492 3127 5549 λεὼν
3154 5496 3220 5548 τά
3251 5494 3474 5567 θεοφιλῆ
3501 5498 3703 5549 ἐκπαι-

472 5586 752 5643 δεύσοντα.
795 5578 955 5633 Ἀλλά
986 5575 1069 5639 τίς
1106 5575 1172 5629 ἀν
1207 5590 1296 5646 μοι
1322 5575 1479 5644 λόγος
1512 5576 1787 5647 ἀρκέσειε,
1822 5579 1972 5639 ποῖος
2009 5575 2251 5645 κάλαμος
2274 5578 2611 5650 ὑπηρετήσει
2642 5579 2709 5633 ἵν’
2738 5582 3118 5652 ἀπαριθμήσει
3147 5581 3279 5650 γοῦν
3307 5582 3443 5653 μόνῃ
3473 5584 3696 5653 χρήσω·

476 5691 575 5748 μαι
602 5668 711 5724 τῶν
738 5664 1190 5737 προτερημάτων,
1216 5658 1299 5726 οἷς
1321 5665 1350 5715 ὁ
1378 5663 1467 5726 σὸς
1496 5664 1721 5732 γενέτης
1748 5662 2174 5733 καθωραῖζεται,
2202 5664 2309 5718 τῶν
2338 5666 2560 5735 ἀγαθῶν
2579 5706 2594 5733 ,
2624 5662 2699 5721 ὧν
2729 5669 2790 5721 οὐ
2826 5672 2888 5740 τῇ
2924 5670 3108 5741 Μυσία
3136 5670 3295 5740 μόνῃ,
3322 5671 3387 5739 ἢν
3419 5672 3510 5723 καί
3538 5671 3697 5736 λόγου

478 5756 676 5837 μικροῦ
702 5757 811 5811 δεῖν
842 5756 1067 5827 ἀμοιρον
1115 5752 1309 5824 πρώην
1334 5751 1501 5807 οὖσαν
1523 5791 1538 5818 ,
1574 5751 1807 5806 Μουσῶν
1841 5751 2092 5827 ἀπέφηνε
2127 5751 2471 5824 καταγώγιον
2493 5794 2508 5819 ,
2540 5754 2635 5808 καὶ
2664 5756 2845 5825 σοφῶν
2877 5756 3088 5828 ἀνδρῶν
3116 5753 3460 5826 περιώνυμον
3492 5756 3695 5809 ἐνδιαί-

471 5869 655 5926 τημα,
686 5850 887 5920 ἀρετῆς
914 5863 973 5901 τε
1000 5846 1180 5917 πάσης
1208 5844 1286 5917 τῷ
1316 5844 1429 5903 δντι
1456 5846 1756 5917 γυμνάσιον
1776 5885 1790 5914 ,
1821 5843 1936 5901 ἀλλ’
1964 5842 2065 5915 ήδη
2098 5842 2192 5896 καὶ
2218 5844 2284 5913 τῇ
2314 5841 2525 5915 ὑφηλίῳ
2556 5842 2817 5915 ξυμπάσῃ
2847 5843 3059 5914 ὑπῆρξε
3087 5843 3271 5910 πατὴρ
3294 5882 3310 5910 ,
3341 5842 3697 5905 πολυτρόπως
3742 5894 3749 5901 ,
