4048 6562
307 329 434 394 ΞΓ

1505 336 1881 398 PANOPLIA
1925 305 2389 415 οοοιιιΑΤιοιι,
3290 293 3296 300 ’
3505 347 3582 410 22

307 434 334 498 δ
387 442 733 514 πανταχόθεν
791 447 1306 526 συγκεκροτημένος
1359 449 1740 520 αὐτοκράτωρ,
1797 449 1893 502 καὶ

2007 455 2117 524 gior
2155 456 2254 507 sint
2281 496 2296 519 ,
2324 464 2519 512 cunae
2553 455 2680 520 illa,
2716 456 2920 526 quibus
2999 456 3295 528 imperator
3336 457 3580 530 undique

307 535 481 598 δεινὸς
530 537 796 608 ὁμιλῆσαι
831 541 1144 611 πράγμασι,
1205 541 1298 593 καὶ
1354 543 1520 612 πόρον
1581 541 1886 612 ἀμηχάνοις

308 629 506 699 εὑρεῖν,
533 630 630 682 καὶ
668 631 805 700 πρὸς
831 633 955 695 τοὺς
989 633 1218 703 καιροὺς
1269 634 1365 688 καὶ
1396 635 1493 697 τὰς
1518 635 1886 699 καταστάσεις

309 720 696 791 συμφερόντως
732 721 1217 796 μεθαρμοζόμενος
1247 727 1578 798 γνωρίζεται
1628 729 1724 781 καὶ
1774 729 1890 782 δια-

277 805 673 883 ’γινὼσκεταν
707 814 814 867 τῶν
867 815 1045 870 ἄλλων
1092 817 1149 870 δὲ
1200 819 1396 873 τούτου
1449 821 1890 892 προτερημάτων

309 906 406 957 οὐκ
455 905 680 959 ἔλαττον
734 909 816 970 είς
867 906 1028 977 λόγον
1078 909 1358 981 εὐφημίας
1413 914 1473 964 τὸ
1529 912 1891 982 προκείμενον

311 997 660 1069 σπούδασμα,
688 997 786 1070 τὴν
821 999 1086 1072 συλλογὴν
1140 1001 1283 1071 λέγω
1332 1004 1441 1058 τῶν
1477 1005 1767 1074 δογμάτων
1793 1005 1892 1074 τῆς

309 1087 586 1157 όρθοδόξου
607 1090 861 1154 πίστεως.
881 1092 1004 1156 Πῶς
1027 1093 1317 1159 τοσαύταις
1331 1099 1624 1166 κοσμικαῖς
1638 1095 1891 1167 φροντίσι

312 1183 763 1254 περιρρεόμενος,
797 1185 891 1239 καὶ
944 1185 1154 1258 μυρίων
1210 1190 1556 1259 πραγμάτων
1600 1189 1893 1254 ἀνθολκαῖς

309 1271 567 1324 ἑκάστοτε
623 1273 1064 1345 περισπώμενος,
1113 1275 1234 1329 οὑδὲ
1287 1277 1478 1330 τούτου
1527 1277 1621 1332 τοῦ
1695 1280 1895 1348 μέρους

310 1363 685 1432 ἀφροντίστως
704 1367 854 1438 ἔσχε,
879 1369 1095 1420 καθαπε
1103 1386 1134 1439 ρ
1158 1369 1342 1422 πολλοὶ
1369 1369 1478 1425 τῶν
1505 1371 1896 1442 προλαϐόντων

313 1456 758 1526 αὐτοκρατόρων,
806 1454 888 1521 οἷς
938 1459 1141 1531 ἤρκεσε
1192 1462 1351 1532 μόνον
1400 1462 1590 1534 ὥσπερ
1639 1464 1736 1516 καὶ
1784 1465 1897 1527 τοῖς

313 1547 526 1600 πλείοσι
559 1547 670 1602 τῶν
693 1549 816 1602 τότε
856 1551 950 1604 καὶ
975 1549 1069 1604 νῦν
1128 1552 1390 1623 ὑπηκόων
1453 1555 1488 1624 ἡ
1544 1553 1898 1624 στοιχειώδης

312 1640 406 1692 καὶ
451 1640 718 1711 σύντομος
742 1642 1005 1710 ὁμολογία
1028 1643 1128 1713 τῆς
1167 1643 1422 1710 πίστεως,
1445 1644 1473 1698 ὃ
1492 1646 1586 1699 καὶ
1617 1645 1898 1718 Σύμϐολον

311 1731 457 1801 ἱερὸν
525 1731 797 1786 καλεῖται.
841 1734 1290 1805 Διασκεψάμενος
1334 1734 1391 1789 δὲ
1445 1738 1542 1790 καὶ
1599 1739 1665 1808 τῇ
1734 1736 1900 1809 πείρᾳ

311 1824 474 1891 γνοὺς
512 1825 596 1876 ὅτι
661 1824 875 1879 πολλῶν
935 1826 1130 1897 μέρεσι
1165 1828 1266 1898 τῆς
1305 1807 1895 1901 Ῥωμαῖκῆςηὲπικραξ
1929 1807 1974 1865 Β

311 1916 459 1978 τείας
485 1917 911 1989 παρεισεφθάρη
938 1919 1102 1972 πάλιν
1129 1920 1311 1973 ίοϐόλα
1342 1922 1436 1974 καὶ
1462 1920 1734 1992 θεοστυγῆ
1770 1923 1898 1992 δόγ-

316 2024 487 2076 ματα,
513 2007 609 2062 καὶ
636 2009 746 2062 τῶν
776 2011 1168 2082 πνευματικῶν
1193 2014 1460 2082 γεωργῶν
1484 2014 1898 2080 ἀπονυσταξάν-

311 2117 418 2152 των
450 2099 536 2153 διὰ
568 2100 665 2173 τὴν
695 2101 805 2154 τῶν
841 2101 1118 2174 πολεμίων
1165 2103 1297 2169 ἴσως
1355 2105 1575 2178 μακρὰν
1611 2105 1708 2160 καὶ
1742 2108 1904 2160 πολυ-

314 2196 527 2264 χρόνιον
608 2198 962 2267 προσεδρίαν,
1051 2201 1342 2272 ὲπεσπάρη
1413 2199 1490 2273 τῷ
1549 2202 1704 2274 καλῷ
1768 2203 1903 2276 σίτῳ

315 2287 555 2351 ζιζάνιον
587 2289 890 2361 ἀκαρπίας,
919 2292 1016 2346 καὶ
1065 2293 1203 2363 πρὸς
1263 2295 1434 2366 μόνην
1469 2294 1670 2350 καῦσιν
1712 2298 1906 2369 ἐπιτή-

313 2381 452 2432 δειον
480 2381 587 2435 τῶν
611 2383 1000 2452 αἱρετιζόντων
1040 2386 1450 2458 εἰδωλομανίας,
1471 2388 1508 2443 ἃ.
1535 2392 1629 2444 καὶ
1660 2389 1903 2461 θολεροῖς

313 2472 524 2542 vigent
585 2473 762 2544 λόγων
837 2475 1156 2546 ἀρδεύοντες
1205 2478 1254 2530 οἱ
1307 2478 1516 2534 τούτων
1569 2480 1902 2546 διδάσκαλοι,

317 2561 640 2631 βλαστάνειν
695 2567 1200 2639 παρασκευάζουσι,
1228 2570 1279 2623 τί
1332 2573 1514 2640 ποιεῖ;
1546 2574 1902 2644 περιοιδησά-

319 2671 418 2724 σης
467 2655 617 2728 αὑτῷ
657 2659 755 2729 τῆς
791 2658 1018 2729 καρδίας
1057 2663 1124 2732 τῇ
1182 2661 1424 2734 τοσαύτῃ
1457 2667 1899 2736 καταφρονήσει,

317 2741 660 2798 διανίσταται
694 2747 828 2817 πρὸς
845 2745 1032 2817 ζῆλον,
1056 2749 1151 2802 καὶ
1189 2750 1290 2820 τῆς
1322 2751 1622 2820 θεραπείας
1671 2755 1904 2825 αὐτουρ-

317 2835 414 2903 γὸς
440 2837 679 2905 γίνεται,
709 2839 800 2892 καὶ
831 2843 1077 2911 περινοεῖ
1099 2860 1150 2895 τι
1189 2843 1333 2913 μέγα
1386 2843 1482 2897 καὶ
1515 2844 1739 2917 ὑψηλόν.
1763 2847 1902 2900 Καιο

320 2930 444 2996 pob;
486 2928 594 2999 γὰρ
628 2929 1046 3002 ἀποταξάμενος
1074 2936 1138 3004 τῇ
1169 2934 1371 3009 μελέτῃ
1392 2935 1500 2990 τῶν
1525 2936 1902 2994 θεοπνεύστων

317 3017 578 3090 Γραφῶν,
611 3021 700 3075 ὅτε
738 3026 830 3076 καὶ
863 3026 1068 3096 μικρὰν
1120 3028 1434 3099 ἐκεχειρίαν
1472 3023 1608 3100 ἦγεν
1650 3030 1761 3086 ἀπὸ
1791 3032 1903 3086 τῶν

1997 547 2166 602 fultus
2215 558 2270 602 et
2298 549 2566 616 munitus,
2626 558 2758 620 tum.
2784 549 3176 620 rempublicam
3213 563 3425 622 regere,
3461 560 3577 606 tum

2000 657 2064 695 ex
2104 641 2690 698 dilbeultatibussese
2743 643 3042 713 expedire,
3096 650 3152 698 et
3191 643 3359 700 rebus
3409 651 3579 711 atque

1999 735 2333 804 temporibus
2348 735 2759 790 accommodare
2777 735 2981 790 utiliter
2998 734 3344 804 scienterque
3365 740 3574 804 potest:

1997 826 2094 881 sed
2136 828 2240 882 hoc
2284 826 2404 897 ejus
2460 828 2513 881 in
2592 827 2783 897 primis
2813 827 3141 884 laudandum
3192 843 3258 884 ac
3295 827 3584 884 celebran-

1997 919 2126 974 dum
2158 927 2239 974 est
2268 920 2508 976 studium
2549 929 2711 991 atque
2744 919 3056 986 consilium,
3089 921 3234 990 quod
3257 919 3582 975 orthodoxa:

1951 1061 1954 1064 .
1999 1011 2119 1066 ﬁdei
2154 1011 2372 1067 decreta
2417 1011 2718 1083 colligenda
2755 1010 3003 1077 curavit,
3037 1026 3139 1067 nec
3180 1011 3428 1080 quamvis
3472 1021 3580 1064 tam

2001 1099 2190 1155 multis
2221 1101 2409 1156 mundi
2454 1101 2721 1157 molestiis
2771 1101 3370 1172 innumerabilibusqne
3417 1111 3602 1172 nego:

2002 1190 2087 1246 tiis
2118 1201 2169 1246 et
2199 1192 2531 1264 gravissimis
2561 1195 3008 1263 occupationibus
3050 1194 3270 1250 assidue
3293 1195 3580 1264 distringa-

2001 1290 2130 1348 tur,
2165 1293 2376 1352 partem
2427 1283 2568 1338 hanc
2613 1283 2716 1338 sibi
2762 1283 3140 1355 negligendam
3183 1283 3388 1350 duxit,
3431 1291 3490 1337 ut
3515 1298 3582 1338 ex

2004 1375 2380 1445 superioribus
2434 1376 2856 1446 imperatoribus
2891 1376 3082 1441 multi,
3111 1376 3315 1446 quibus
3344 1375 3399 1430 id
3449 1374 3583 1429 satis

2001 1466 2139 1530 fuit,
2175 1470 2316 1538 quod
2369 1468 2650 1540 plerisque
2700 1471 2781 1525 vel
2839 1470 3025 1534 illius,
3057 1470 3144 1524 vel
3185 1468 3414 1539 hujusce
3443 1475 3586 1522 tem-

2005 1557 2155 1628 poris
2187 1557 2412 1628 privatis
2461 1559 2777 1615 hominibus
2824 1560 2957 1614 satis
2997 1567 3114 1624 est,
3155 1573 3355 1628 nempe
3403 1557 3586 1612 brevis

2005 1648 2124 1704 ﬁdei
2188 1650 2497 1715 confessio,
2562 1651 2839 1722 religionis
2891 1653 3183 1708 continens
3271 1652 3583 1714 elementa.

2002 1743 2144 1812 quod
2179 1756 2393 1796 sacrum
2451 1740 2766 1814 Symbolum
2812 1744 3134 1814 appellatur.
3190 1743 3259 1799 At
3297 1743 3414 1812 ipse
3459 1756 3584 1795 cum

2002 1835 2378 1904 experimento
2429 1839 2706 1909 cognitum
2772 1852 2836 1892 ac
2915 1845 3267 1907 perspectum
3321 1835 3582 1898 haberet.

2004 1927 2295 1998 pestiferas
2344 1945 2558 1984 rursum
2593 1939 2645 1986 et
2689 1930 2882 2000 impias
2912 1929 3204 2000 opiniones
3255 1927 3442 1982 multis
3473 1926 3586 1980 Ro-

2005 2019 2154 2072 mani
2194 2019 2408 2089 imperii
2439 2019 2685 2090 partibus
2715 2019 3039 2089 irrepsisse,
3079 2035 3145 2074 ac
3182 2026 3416 2088 propter
3469 2015 3589 2073 lon-

2009 2127 2134 2183 gum
2169 2110 2402 2166 fortasse
2448 2112 2884 2180 diuturnumque
2949 2111 3190 2166 hostium
3245 2110 3586 2166 dominatum

2002 2202 2144 2258 inter
2171 2203 2372 2258 bonum
2415 2203 2654 2260 triticum
2701 2203 2836 2258 mala
2884 2202 3219 2262 luxuriantis
3287 2200 3589 2256 haeretico—

2005 2311 2124 2349 rum
2152 2293 2411 2350 doctrinae
2431 2333 2446 2358 ,
2490 2310 2612 2364 quae
2641 2310 2750 2350 non
2781 2293 2891 2350 nisi
2914 2293 2980 2348 ad
3007 2291 3438 2348 eomburenduru
3478 2291 3587 2344 uti-

2001 2390 2070 2445 lis
2094 2399 2214 2454 est,
2243 2387 2452 2442 zizania
2483 2385 2649 2442 fuisse
2681 2401 2872 2458 sparsa
2904 2401 2967 2444 ac
2993 2383 3350 2452 disseminata
3369 2424 3386 2445 ,
3415 2397 3589 2452 eaque

2008 2491 2070 2538 ut
2128 2481 2380 2554 vigerent
2443 2489 2498 2536 et
2557 2487 2911 2544 crescerent,
2975 2476 3208 2534 turbidis
3270 2489 3588 2530 sermonum

2008 2573 2200 2628 rivulis
2223 2571 2291 2627 ab
2316 2572 2560 2644 ipsorum
2593 2570 2912 2628 doctoribus
2929 2569 3143 2642 irrigari
3173 2610 3191 2636 ,
3225 2569 3415 2624 animo
3439 2583 3590 2623 com-

2005 2676 2209 2729 motus,
2258 2675 2422 2735 atque
2461 2664 2532 2720 ob
2563 2662 2832 2736 insignem
2867 2679 3056 2719 eorum
3095 2662 3380 2719 audaciam
3423 2670 3591 2730 atque

2003 2757 2330 2812 dementiam
2366 2754 2754 2818 inﬂammatus,
2808 2761 2962 2808 tanto
2996 2753 3136 2807 malo
3151 2753 3254 2807 sibi
3281 2765 3582 2808 oceurren-

2003 2848 2133 2902 dum
2170 2863 2234 2903 ac
2284 2847 2586 2901 remedium
2653 2843 3030 2900 adhibendum
3077 2843 3438 2898 existimavit.
3476 2843 3590 2895 ita.

2003 2955 2106 3011 que
2130 2953 2250 2995 cum
2277 2952 2306 2990 a
2343 2935 2572 3006 publicis
2601 2934 2831 3005 negotiis
2850 2975 2864 2995 .
2887 2932 3220 3005 gravissimis
3269 2931 3588 3003 reipublicae

2006 3030 2353 3096 muneribus,
2373 3027 2588 3085 etcuris
2618 3036 2929 3098 superesset
2969 3024 3169 3093 aliquid
3213 3027 3504 3096 temporis,
3535 3025 3589 3082 id

321 3112 599 3181 δημοσίων
662 3114 758 3168 καὶ
818 3117 1166 3185 κοινωφελῶν
1231 3120 1554 3190 φροντίδων,
1587 3123 1894 3192 ἀναγνώσει

2007 3139 2168 3180 omne
2207 3121 2259 3174 in
2283 3120 2588 3175 divinarum
2610 3117 3011 3188 Scripturarum
3043 3118 3413 3174 voluminibus
3425 3132 3558 3172 aceti
3573 3143 3592 3156 -

321 3205 596 3276 φιλοπόνῳ
621 3209 889 3272 συντόνως
915 3209 1112 3263 ἑαυτὸν
1142 3211 1411 3279 ἐπεδίδου,
1437 3217 1904 3288 συναιρουμὲνουςι

319 3295 462 3366 ἔχων
483 3299 609 3359 τοὺς
642 3303 1057 3371 παρατυχόντας
1083 3301 1192 3356 τῶν
1237 3304 1562 3375 ἐλλογίμων,
1583 3302 1660 3362 ὧν
1691 3309 1900 3363 πολλῶν

319 3390 415 3441 καὶ
446 3390 626 3443 καλῶν
654 3393 906 3462 εὐπορεῖν
940 3393 1133 3447 εἴωθεν
1166 3396 1252 3448 ἀεὶ
1281 3398 1348 3450 τὰ
1375 3398 1646 3468 βασίλεια,
1665 3399 1903 3472 μάλιστα

321 3481 376 3534 δὲ
402 3483 528 3544 τοὺς
558 3483 925 3553 δογματικοὺς
954 3488 1179 3558 ἠσκεῖτο
1209 3489 1424 3558 λόγους,
1446 3494 1539 3545 καὶ
1563 3492 1766 3565 θερμόν
1783 3506 1903 3548 τινα

323 3574 418 3626 καὶ
445 3575 708 3646 διάπυρον
736 3575 914 3647 ἔρωτα
953 3578 1161 3632 τούτων
1185 3580 1243 3632 ὲν
1275 3585 1338 3651 τῇ
1364 3580 1510 3655 ψυχῇ
1551 3584 1900 3654 περιέφερεν.

328 3665 526 3720 Ἔνθεν
591 3684 675 3720 τοι
730 3668 824 3722 καὶ
879 3669 1136 3742 καθάπερ
1221 3672 1438 3744 σίδηρος
1502 3673 1703 3745 θερμὸς
1754 3674 1904 3729 ὕδατι

326 3757 520 3829 ψυχρῷ
562 3759 889 3831 στομωθεὶς,
917 3763 1012 3815 καὶ
1042 3763 1142 3833 τὴν
1195 3763 1444 3833 γλῶτταν
1475 3769 1596 3831 ταῖς
1632 3766 1906 3839 παρατρί-

326 3848 453 3918 ψεσι
493 3851 600 3904 τῶν
660 3852 921 3906 τοιούτων
977 3854 1156 3924 λόγων
1192 3856 1504 3927 ἀκονηθεὶς,
1563 3857 1906 3929 ἀμφίστομος

329 3943 666 4013 ἀπετελέσθη
691 3947 932 4016 μάχαιρα
951 3947 1092 3999 κατὰ
1105 3946 1211 4000 τῶν
1232 3948 1442 4020 βλασφή
1454 3967 1568 4020 μων
1594 3948 1903 4020 δογμάτων,

328 4035 424 4088 καὶ
452 4035 821 4106 διδαγμάτων,
854 4037 949 4092 καὶ⁸
983 4043 1250 4108 πέλεκυς
1277 4042 1517 4094 κόπτων
1571 4042 1822 4112 πέτραν,
1847 4043 1908 4095 τὸ

327 4126 424 4196 τῆς
468 4127 504 4178 Γ
511 4128 694 4196 ραφῆς
725 4129 922 4194 εἰπεῖν,
942 4131 1041 4201 τὴν
1080 4132 1326 4202 σκληρὰν
1356 4135 1451 4186 καὶ
1483 4131 1910 4205 πεπωρωμένην
1959 4152 1965 4159 ·

330 4218 692 4288 ἀναισθησίαν
719 4221 825 4275 τῶν
860 4221 1166 4294 θεομάχων,
1194 4224 1270 4287 ὡς
1293 4224 1454 4290 αὐτὸς
1485 4223 1596 4294 ἐγὼ
1618 4227 1700 4290 δὶς
1731 4243 1912 4296 παρα⁹

327 4311 508 4382 τυχὼν
547 4313 918 4384 διαλεγομένῳ
960 4317 1286 4385 κατενόησα,
1313 4317 1408 4370 καὶ
1453 4321 1914 4389 παρεσημειωσά-

332 4423 439 4474 μην
459 4421 473 4434 ο
499 4406 642 4460 οὕτω
665 4405 954 4478 τοιγαροῦν
980 4409 1108 4473 τοὺς
1142 4410 1242 4480 μὲν
1274 4408 1384 4463 τῶν
1415 4410 1497 4474 εἰς
1537 4413 1698 4481 χεῖρα
1718 4411 1911 4466 ἰόντων

329 4500 664 4570 ἀγχεμάχοις
687 4499 872 4562 ὅπλοις
899 4499 1058 4554 ἔϐαλε
1097 4501 1189 4555 καὶ
1221 4501 1489 4555 κατέϐαλε
1509 4519 1523 4534 ο
1545 4504 1696 4568 τινας
1721 4503 1778 4558 δὲ
1799 4504 1906 4558 τῶν

2013 4498 2300 4568 contigerit
2327 4497 2595 4551 interesse
2609 4535 2622 4551 .

333 4593 735 4664 ἱνδιαστρόφων
768 4595 875 4664 ,καὶ
924 4591 1062 4662 πρὸς
1113 4591 1212 4665 τὴν
1248 4593 1557 4664 ἁρμονικὴν
1597 4595 1915 4665 ἡδυφωνίαν

330 4680 808 4750 ὑπαλλαττόμενοε
831 4681 1102 4735 νουθετεῖν
1127 4683 1407 4753 ἐπειρᾶτο,
1425 4682 1519 4736 καὶ
1545 4679 1833 4754 μετακλίνε
1844 4701 1914 4752 ιν,

338 4771 542 4844 πολλὴν
583 4773 970 4843 μακροθυμίαν
1001 4773 1094 4827 καὶ
1124 4771 1428 4826 ἐπιείκειαν
1451 4775 1563 4836 τοῖς
1586 4772 1776 4849 ,λόγοις
1806 4793 1917 4828 πα..

339 4863 635 4936 ρακιρνῶν.
679 4864 800 4916 Ἵνα
848 4864 905 4917 δὲ
961 4865 1059 4918 καὶ
1095 4867 1210 4934 μετ’
1252 4864 1414 4918 αὑτὸν
1444 4865 1496 4918 oi
1537 4863 1918 4936 βασιλεύοντες

336 4956 640 5024 ἔνάγωνται
658 4955 792 5026 πρὸς
809 4956 907 5028 τὴν
933 4956 1188 5028 μίμησιν,
1209 4955 1484 5027 ἐσκέψατο
1505 4958 1652 5030 μάλα
1678 4959 1912 5024 συνετῶς

347 5046 630 5118 ἔγγραφον
653 5049 839 5112 αὐτοῖς
867 5064 924 5102 τε
957 5049 1053 5102 καὶ
1080 5051 1215 5104 πᾶσι
1241 5051 1355 5113 τοῖς
1392 5051 1656 5120 ὑπηκόοις
1689 5052 1916 5107 καταλι-

341 5139 591 5210 πεῖντὴν
636 5139 745 5191 τῶν
794 5139 1150 5209 δογματικῶν
1194 5141 1377 5193 ὃπλων
1412 5143 1797 5212 παρασκευὴν,
1820 5142 1916 5202 καὶ

336 5230 431 5292 τὰς
461 5231 836 5300 πνευματικὰς
875 5231 1176 5300 ἑλεπόλεις,
1204 5233 1298 5284 καὶ
1319 5231 1386 5285 τὰ
1425 5231 1618 5302 λογικά
1666 5234 1916 5308 μηχανή-

342 5337 506 5390 ματα,
524 5320 780 5392 καθάπερ
807 5321 858 5374 οί
891 5323 958 5376 τὰ
983 5323 1507 5394 προσαγορευόμενα
1532 5325 1764 5377 τακτικά
1786 5340 1916 5383 συν-

338 5413 618 5482 τάξαντες,
646 5416 708 5467 οὑ
740 5415 800 5468 τὸ
833 5416 942 5470 τῶν
981 5416 1285 5488 ἀρχιερέων
1329 5415 1491 5486 ἔργον
1525 5414 1918 5486 σφετεριζόμε-

342 5521 450 5569 νος,
469 5505 606 5560 ἀλλά
638 5505 926 5571 κάκείνους
953 5507 1240 5576 διεγείρων
1291 5506 1369 5576 τῷ
1398 5503 1521 5558 καθ’
1551 5504 1745 5558 ἑαυτὸν
1785 5503 1917 5558 ὑπο-

343 5595 616 5668 δείγματι,
659 5601 756 5653 καὶ
809 5599 1136 5670 συμμαχίαν
1203 5596 1442 5671 μάλιστα.
1515 5595 1914 5668 παρεχόμενος.

419 5780 438 5816 ⁸
471 5779 674 5838 Ιοτριιι.
703 5795 855 5848 nm,
889 5783 980 5845 29.

2007 3226 2121 3271 rate
2153 3212 2494 3285 perlegendis
2531 3211 2923 3284 consumebat,
2979 3211 3151 3280 deque
3185 3210 3251 3266 iis
3299 3224 3425 3267 cum
3458 3209 3590 3265 viris

2007 3305 2242 3368 eximiis,
2265 3319 2496 3375 quorum
2518 3303 2728 3376 egregia
2741 3303 3087 3358 multitudine
3109 3299 3256 3374 regia
3275 3317 3491 3372 semper
3503 3317 3593 3356 re-

2009 3397 2145 3452 ferta
2171 3410 2292 3450 esse
2325 3391 2486 3460 solet,
2511 3393 2940 3464 colloquebatur,
2960 3395 3290 3464 approbatos
3315 3395 3368 3447 in
3398 3379 3593 3462 primis

2009 3503 2292 3544 sermones
2323 3487 2528 3552 colens,
2573 3501 2804 3556 quorum
2861 3486 3066 3559 ingenti
3111 3486 3344 3556 quodam
3401 3499 3590 3540 arnore

2011 3581 2224 3636 animus
2243 3581 2363 3652 ejus
2387 3580 2646 3635 incensus
2680 3579 2924 3636 ardebat.
2947 3581 3026 3635 Ex
3058 3596 3168 3652 quo
3192 3580 3394 3635 factum
3415 3587 3501 3634 est
3532 3587 3592 3637 ut

2013 3673 2200 3728 talium
2232 3687 2544 3727 sermonum
2577 3672 2976 3727 consuetudine
3037 3673 3278 3742 linguam
3311 3685 3609 3726 exacuens-

2015 3775 2273 3836 tanquam
2308 3764 2510 3820 ferrum
2544 3764 2769 3834 ignitum
2791 3780 2930 3834 aqua
2959 3763 3148 3835 frigida
3171 3763 3551 3818 conﬁrmatum
3573 3803 3588 3821 .

2015 3863 2176 3926 atque
2205 3853 2344 3910 adeo
2387 3854 2596 3924 gladius
2652 3853 2907 3924 utrinque
2972 3863 3167 3909 acutus
3204 3853 3272 3908 ad
3349 3851 3592 3907 detesta-

2015 3947 2154 4003 biles
2181 3946 2466 4016 opiniones
2486 3985 2500 4008 ,
2519 3931 2682 4014 atque
2708 3942 2986 4000 doctrinas
3011 3940 3411 3999 exscindendas
3429 3979 3444 4004 ,
3473 3940 3589 4003 vel,

2017 4038 2384 4109 utScripturae
2400 4037 2580 4093 verbis
2611 4048 2732 4093 utar
2751 4079 2768 4103 ,
2792 4035 3003 4092 Securis
3024 4046 3233 4106 petram
3259 4034 3589 4098 conridens'.

2016 4147 2263 4204 asperam
2294 4132 2553 4186 nimirum
2607 4147 2670 4187 ac
2697 4129 2889 4186 duram
2919 4173 2934 4198 ,
2965 4139 3135 4200 atque
3216 4127 3367 4188 omni
3424 4140 3613 4200 sensu...

2019 4236 2293 4281 carentem
2325 4225 2683 4295 pertinaciam
2707 4222 2997 4294 impiorum
3027 4221 3282 4278 evaserit.
3318 4218 3378 4274 ld
3400 4259 3416 4286 ,
3447 4217 3612 4289 quod,

2020 4335 2119 4392 ego
2150 4317 2338 4374 testari
2367 4332 2587 4388 possum
2614 4355 2630 4381 ,
2661 4315 2753 4386 qui
2806 4329 2918 4370 rem
2951 4313 3350 4377 animadverti,
3404 4319 3460 4396 et
3496 4310 3609 4394 ad-.

2019 4410 2244 4476 notavi,
2275 4424 2401 4464 cum
2448 4408 2518 4464 ei"
2547 4405 2848 4477 disputanti
2904 4404 3044 4460 forte
3093 4403 3310 4466 fortuna
3341 4401 3429 4456 bis
3457 4399 3608 4460 mihi.

2701 4494 2994 4568 Quosdam.
3029 4495 3191 4554 enim
3223 4507 3411 4548 secum
3463 4504 3595 4546 con-

2013 4589 2324 4662 gredientes
2393 4587 2544 4642 hisce
2589 4587 2757 4642 armis
2795 4585 3048 4644 cominus
3078 4582 3350 4655 percussit
3383 4589 3442 4636 et
3472 4595 3594 4649 pre-

2016 4680 2240 4752 ﬂigavit.
2281 4678 2442 4736 Alios
2458 4687 2654 4736 autem
2681 4677 2978 4748 fugitantes
3003 4674 3272 4738 orationis
3315 4673 3591 4734 suavitate

1997 4767 2236 4844 capiens
2312 4780 2368 4826 et
2402 4769 2651 4824 alliciens
2675 4810 2690 4836 ,
2745 4769 3086 4838 multamque
3115 4767 3298 4822 verbis
3323 4765 3440 4820 suis
3493 4779 3592 4834 pa-

2015 4864 2261 4920 tientiam
2304 4879 2367 4918 ac
2420 4862 2702 4918 lenitatem
2753 4861 3072 4916 immiscens
3099 4861 3167 4916 ad
3197 4859 3485 4924 sanitatem
3535 4869 3594 4915 et

2015 4955 2274 5026 Optimam
2313 4954 2524 5026 frugem
2565 4954 2830 5015 reducere
2867 4952 3158 5014 nitebatur.
3191 4953 3346 5026 Quod
3368 4952 3594 5023 quidem

2013 5047 2324 5117 exemplum
2363 5056 2422 5107 ut
2462 5053 2597 5116 post.
2620 5059 2681 5100 se
2739 5045 3019 5117 regnaturi
3066 5043 3284 5116 possint
3347 5045 3590 5108 imitari,

2011 5138 2276 5210 Optimum
2313 5136 2437 5192 iniit
2487 5136 2818 5202 consilium,
2873 5145 2964 5202 ut,
3011 5137 3470 5208 quemadmodum
3513 5137 3590 5196 illi

2014 5233 2106 5302 qui
2137 5247 2225 5286 res
2259 5229 2326 5285 ad
2357 5228 2608 5286 militiam
2647 5229 2990 5298 pertinentes
3015 5238 3336 5300 comparant
3357 5269 3372 5297 ,
3414 5229 3493 5282 eis
3525 5243 3591 5291 ac

2022 5323 2259 5379 subditis
2298 5335 2490 5376 eorum
2548 5320 2764 5392 populis
2822 5321 3247 5392 approbaturum
3310 5336 3589 5378 armorum

2023 5422 2340 5487 apparatum
2367 5412 2516 5467 omni
2573 5413 3184 5488 machinarumgenere
3277 5405 3592 5484 atque'in-

2025 5515 2335 5570 stramento.
2370 5504 2565 5561 bellico
2614 5503 2980 5568 instructum,
3038 5504 3341 5558 litterarum
3400 5520 3592 5560 monu-

2025 5600 2226 5659 mentis
2257 5598 2633 5673 consignatum
2671 5598 3028 5670 relinqucret.
3061 5596 3179 5665 Qua
3207 5612 3339 5655 sane
3370 5613 3430 5654 re
3480 5614 3590 5654 non
3657 5587 3659 5589 ’
