4048 6590
257 419 325 483 25
1447 425 1817 488 PANOPLIA
1861 425 2322 493 DOGMATICA.
3429 427 3504 493 '26

325 533 496 587 Πόθεν
525 526 622 587 οὖν
653 532 782 604 ἡμῖν
819 533 1050 602 ἀρκτέον
1083 535 1176 589 τοῦ
1211 538 1570 606 προκειμένου
1595 537 1824 606 συντάγο

1989 537 2190 596 Verum
2221 539 2494 596 undenam
2550 538 2777 612 hujusce
2827 538 3009 611 operis
3036 536 3318 595 exordium
3347 538 3506 596 nobis

261 642 427 698 ματος
478 628 572 678 καὶ
609 625 1061 695 σπουδάσματος;
1099 627 1266 680 πόθεν
1311 629 1612 701 ἄλλοθεν,ἢ
1652 630 1773 684 ὅθεν
1798 631 1826 684 ὁ

261 719 428 788 μέγας
470 719 526 770 ὲν
562 718 815 789 θεολογίᾳ
855 718 991 787 φησὶ
1031 718 1368 790 Γρηγόριος,
1391 722 1556 793 Τρεῖς
1591 723 1648 776 αἱ
1684 723 1825 777 ἀνω·-

257 810 400 861 τάτω
433 806 605 872 δόξαι,
637 808 813 876 λέγων
847 811 975 880 περὶ
997 808 1136 863 Θεοῦ
1157 826 1172 842 ⁸
1205 811 1459 882 ἀναρχία,
1499 812 1828 883 πολυαρχία,

257 900 346 952 καὶ
409 900 702 971 μοναρχία.
755 900 821 952 Δί
873 902 972 970 μὲν
1022 901 1117 955 οὖν
1160 902 1252 956 δύο
1309 905 1497 957 παισὶν
1561 905 1828 974 Ἑλλήνων

259 993 618 1062 ὲπαίχθησαν,
645 994 739 1047 καὶ
788 995 1210 1058 παιζέσθωσανο
1258 997 1319 1050 τό
1359 1015 1419 1050 τε
1454 997 1564 1068 γὰρ
1595 998 1829 1068 ἄναρχον

257 1085 509 1150 ἄτακτον,
565 1085 627 1136 τό
686 1103 742 1138 τε
798 1086 1107 1156 πολύαρχον
1150 1089 1465 1152 στασιῶδες,
1517 1089 1612 1141 καὶ
1658 1088 1832 1153 οὕτως

257 1177 511 1245 ἄναρχον,
541 1177 637 1228 καὶ
668 1177 840 1239 οὕτως
865 1179 1121 1234 ἄτακτον.
1153 1178 1247 1242 Εἰς
1278 1179 1478 1233 ταυτὸν
1507 1180 1615 1249 γάρ
1653 1182 1831 1250 (impo-

168 1292 195 1330 κ,
256 1282 383 1334 τερα
405 1267 564 1335 φέρει
599 1269 694 1336 τὴν
723 1269 969 1334 ἀταξίαν,
995 1272 1026 1340 ἡ
1056 1271 1112 1324 δὲ
1148 1272 1228 1333 είς
1275 1271 1429 1327 λύσιν
1451 1288 1464 1303 °
1499 1274 1697 1338 ἀταξία
1721 1273 1829 1344 γὰρ

261 1355 456 1426 μελέτη
517 1357 747 1421 λύσεως.
802 1361 968 1428 Ἡμῖν
1012 1360 1068 1412 δὲ
1099 1362 1367 1432 μοναρχία
1397 1363 1457 1414 τὸ
1494 1361 1828 1433 τιμώμενονο

261 1450 529 1516 μοναρχία
585 1448 639 1500 δὲ
674 1450 774 1518 οὐχ
834 1452 900 1520 ἣν
929 1451 986 1502 ἓν
1027 1452 1363 1522 περιγράφει
1399 1453 1712 1522 πρόσωπον,
1736 1453 1830 1506 καὶ

255 1534 322 1585 τὰ
352 1533 499 1603 ἑξῆς.
525 1535 726 1589 Λοιπὸν
759 1531 852 1591 οὖν
903 1539 1062 1608 ὀλίγα
1110 1542 1204 1593 καὶ
1241 1542 1659 1612 συντετμημὲνα
1691 1543 1832 1600 κατά

256 1643 314 1680 τε
339 1626 447 1678 τῶν
477 1627 732 1697 ἀνάρχων
777 1630 872 1682 καὶ
900 1631 1078 1684 ἀθέων
1134 1633 1550 1702 Ἐπικουρείων,
1597 1635 1690 1689 καὶ
1723 1634 1831 1690 τῶν

255 1719 431 1773 ἄλλων
458 1721 913 1791 πολυάρχων,καὶ
942 1723 1119 1777 ἀθέων
1157 1723 1425 1794 Ἑλλήνων
1444 1724 1829 1794 διεξελθόντες,

1930 632 2237 687 ducendum
2278 640 2406 698 est,
2450 631 2553 687 nisi
2584 647 2650 688 ex
2685 632 2792 688 illis
2841 633 3025 688 verbis
3079 631 3224 686 unde
3274 645 3505 702 magnus

1930 724 2022 779 ille
2051 725 2104 779 in
2144 723 2414 796 theologia
2468 724 2761 796 Gregorius
2821 725 3118 790 exorditur,
3185 723 3366 792 Tres,
3420 723 3506 778 in-

1929 817 2124 886 quiens
2148 858 2163 884 ,
2199 816 2267 872 de
2297 817 2410 871 Deo
2449 816 2736 871 sententiae
2787 827 2914 872 sunt
2937 858 2952 882 ,
2980 831 3087 871 una
3124 832 3348 887 eorum,
3407 817 3502 889 qui

1930 910 2173 976 nullius;
2231 910 2435 974 altera,
2482 909 2574 978 qni
2611 909 2950 976 multorum;
2998 909 3177 972 tertia.
3214 910 3304 980 qui
3343 909 3505 964 unius

1929 1007 2178 1054 asserunt
2204 987 2436 1068 imperio
2466 999 2727 1052 mundum
2760 997 3076 1067 gubernari.
3143 997 3364 1054 Priores
3384 999 3508 1053 duae

1930 1092 2170 1163 pueriles
2203 1100 2375 1156 sunt,
2433 1100 2485 1146 et
2518 1106 2548 1145 a
2603 1089 2809 1145 Graecis
2866 1089 3134 1144 inventa.
3210 1089 3389 1154 Quare
3445 1097 3508 1144 ut

1930 1185 2168 1256 pueriles
2198 1193 2636 1239 contemnantur.
2664 1180 2798 1236 Nam
2823 1191 2876 1236 et
2899 1180 3040 1251 quod
3065 1178 3297 1249 imperio
3315 1187 3504 1246 caret,

1928 1276 2212 1334 confusum
2246 1283 2370 1330 cst:
2408 1287 2464 1331 et
2490 1275 2635 1344 quod
2677 1273 2976 1329 multorum
3010 1271 3218 1344 regitur
3252 1271 3504 1342 imperio,

1931 1369 2272 1434 seditiosum,
2294 1377 2349 1424 et
2373 1367 2575 1423 idcirco
2610 1367 2771 1422 etiam
2807 1365 3038 1437 imperio
3091 1379 3313 1427 vacans,
3343 1373 3507 1434 atque

1933 1458 2057 1514 ideo
2096 1458 2386 1513 confusum
2412 1497 2425 1513 .
2466 1459 2654 1527 Itaque
2694 1457 2868 1511 amba:
2931 1456 3218 1511 sententiae
3253 1455 3308 1509 in
3376 1469 3510 1511 con-

1931 1550 2199 1607 fusionem
2232 1553 2548 1606 incurrunt.
2586 1549 2977 1604 Confusionem
3042 1563 3209 1616 porro
3259 1547 3510 1618 sequitur

1931 1641 2143 1696 eversio
2194 1655 2259 1696 ac
2311 1639 2615 1695 dissolutio.
2679 1637 2818 1704 Quid
2849 1636 2992 1691 enim
3034 1637 3180 1691 aliud
3233 1645 3315 1692 est
3363 1651 3510 1692 cona-

1933 1731 2114 1786 l‘usum
2150 1745 2270 1786 esse
2340 1739 2502 1799 atque
2548 1727 2740 1782 ordine
2773 1741 2965 1781 vacare
2994 1767 3008 1792 ,
3047 1725 3154 1780 nisi
3189 1726 3255 1780 ad
3281 1724 3508 1781 exitium

258 1813 351 1863 καὶ
379 1812 482 1881 τὴν
507 1814 757 1868 ἐναντίαν
790 1814 1004 1886 πλάνην
1034 1816 1240 1870 τούτων
1272 1835 1332 1870 τε
1368 1820 1639 1873 κάκείνων
1687 1820 1828 1874 κατὰ

1935 1822 2347 1893 perniciemque
2365 1819 2746 1875 contendere?
2779 1816 3016 1872 Proinde
3047 1816 3205 1870 nobis
3239 1815 3395 1870 tertia
3418 1814 3508 1868 illa

255 1903 620 1974 παραδρομὴν
672 1906 1016 1974 ἐλέγξαντες,
1047 1911 1141 1961 καὶ
1187 1909 1619 1980 ἀνατρέψαντες,
1655 1911 1829 1977 οὕτως

1933 1914 2204 1969 sententia
2239 1911 2627 1983 comprobatur
2653 1951 2668 1976 ,
2708 1925 2814 1980 qua
2840 1909 3002 1963 unius
3032 1907 3297 1963 asseritur
3337 1907 3512 1977 impe-

255 1998 347 2050 ἐπὶ
383 2000 452 2051 τὰ
485 2000 664 2053 οἰκεῖα
696 2001 1042 2071 χωρήσομεν.
1068 2001 1192 2055 Τῶν
1219 2003 1328 2073 γὰρ
1361 2003 1634 2072 Ἑλλήνων
1656 2005 1705 2057 οἱ
1732 2005 1833 2074 μὲν

1933 2005 2010 2060 rio
2042 2019 2106 2060 ac
2167 2005 2473 2075 principatu
2521 2012 2715 2058 cuncta
2745 2003 2856 2073 regi
2907 2009 3070 2070 atque
3097 1999 3494 2054 administrari.

254 2083 425 2159 ἥλιον,
475 2091 527 2144 οἱ
583 2092 640 2146 δὲ
673 2092 928 2162 σελήνην,
947 2096 996 2146 oi
1054 2095 1111 2148 δὲ
1142 2095 1396 2166 ἀστέρων
1429 2096 1653 2166 πλῆθος,
1683 2098 1734 2149 οἱ
1773 2097 1832 2150 δὲ

1933 2096 2104 2152 Unius
2162 2104 2345 2150 autem
2401 2093 2769 2164 principatum
2825 2092 3067 2163 intelligo
3105 2132 3122 2158 ,
3180 2107 3291 2147 non
3336 2106 3497 2160 quem

255 2183 487 2252 οὐρανὸν
513 2185 700 2248 αὑτὸν,
727 2186 847 2254 ἅμα
896 2187 1130 2254 τούτοις,
1158 2205 1242 2251 οις
1285 2189 1378 2242 καὶ
1412 2189 1474 2242 τδ
1515 2190 1622 2243 πᾶν
1673 2190 1830 2257 ἄγειν

1933 2203 2037 2244 una
2068 2202 2298 2259 persona
2367 2185 2801 2251 circumscribit;
2854 2193 2909 2239 et
2954 2198 3074 2254 quae.
3122 2183 3380 2253 deinceps
3425 2197 3513 2238 se-

257 2273 524 2327 δεδὼκασι
564 2277 708 2330 κατὰ
735 2278 796 2330 τὸ
820 2278 973 2332 ποιὸν
993 2279 1029 2350 ἢ
1046 2280 1107 2332 τὸ
1131 2280 1294 2333 ποσὸν
1325 2280 1425 2349 τῆς
1444 2282 1710 2351 κινήσεως
1728 2296 1743 2312 ⁸
1779 2282 1830 2336 οἱ

1933 2287 2205 2351 quuntur.
2242 2278 2530 2347 Reliquum
2577 2285 2662 2332 est
2703 2277 2906 2348 igitur,
2939 2284 2998 2330 ut
3053 2291 3224 2345 pauca
3272 2275 3508 2345 conjun-

258 2365 314 2418 δὲ
359 2368 430 2420 τὰ
471 2373 737 2440 στοιχεῖα,
757 2373 881 2440 γῆν,
903 2371 1070 2446 ὕδωρ,
1090 2373 1380 2445 ἀέρα,πύρ
1411 2373 1499 2428 διὰ
1545 2374 1606 2428 τὸ
1643 2373 1836 2445 χρειῶ-

1933 2381 2128 2442 cteque
2156 2370 2403 2426 dicamus
2453 2378 2566 2424 tum
2597 2377 2784 2424 contra
2804 2369 3001 2439 impios
3025 2367 3322 2438 Epicureos
3353 2405 3371 2431 ,
3403 2368 3495 2436 qni

260 2457 364 2524 δες,
390 2453 468 2515 ὧν
498 2461 626 2514 ἄνευ
657 2463 776 2516 οὐδὲ
811 2467 1072 2534 συστῆναι
1103 2464 1329 2517 δυνατὸν
1353 2463 1445 2516 τὸν
1494 2465 1836 2534 ἀνθρώπινον

1933 2479 1963 2518 a
1995 2463 2146 2518 nullo
2174 2501 2190 2527 ,
2245 2468 2359 2516 tum
2417 2461 2680 2516 adversus
2715 2460 2851 2515 alios
2888 2460 3103 2516 Grmcos
3131 2500 3146 2524 ,
3178 2460 3271 2530 qui
3311 2474 3342 2514 a
3369 2459 3513 2513 mul-

261 2549 373 2619 βίον
397 2568 412 2582 θ
439 2553 491 2606 oi
525 2553 582 2606 δὲ
614 2553 642 2607 ὃ
673 2571 726 2607 τι
747 2553 962 2625 τύχοιεν
991 2555 1219 2618 ἕκαστος
1245 2555 1355 2608 τῶν
1377 2557 1480 2625 όρα
1509 2555 1618 2608 τῶν
1648 2555 1836 2608 ἐσεϐά-

1937 2555 2008 2609 tis
2044 2553 2317 2608 alIirmant
2356 2554 2624 2609 mundum
2675 2553 2964 2623 gubernari
3018 2591 3034 2618 ,
3082 2551 3395 2622 duplicique
3456 2559 3513 2606 et

261 2649 490 2720 οθησαν,
510 2643 587 2703 ὧν
615 2649 802 2719 ἐώρων
820 2652 888 2705 τά
911 2651 1173 2706 κάλλιστα
1195 2651 1351 2712 θεοὺς
1375 2650 1836 2720 προστησάμενοι.

1952 2650 2228 2704 contrario
2271 2649 2502 2705 istorum
2537 2664 2726 2704 errore
2771 2646 3010 2702 breviter
3039 2645 3322 2702 confutata
3351 2655 3515 2716 atque

261 2746 550 2810 convicto,
605 2747 673 2801 ad
700 2757 887 2802 nostra
951 2746 1511 2817 veniamus.Reliqui
1577 2744 1751 2800 Graeci
1789 2743 1985 2813 partim
2036 2744 2232 2809 solem,
2295 2744 2495 2814 partim
2561 2743 2795 2808 lunam,
2851 2741 3048 2812 partim
3106 2738 3513 2794 multitudinem

259 2836 535 2891 stellarum
566 2875 582 2901 ,
650 2838 900 2895 nonnulli
986 2853 1096 2893 una
1129 2853 1254 2894 cum
1301 2839 1390 2894 his
1443 2838 1639 2893 caelum
1671 2838 1848 2907 ipsum
1879 2874 1896 2901 ,
1937 2849 2169 2906 quorum
2205 2835 2466 2905 qualitate
2513 2842 2694 2889 motus
2744 2842 2800 2887 et
2847 2831 3151 2901 quantitate
3192 2843 3351 2900 agere
3403 2836 3517 2883 tra~

259 2929 391 2982 dunt
411 2928 600 2983 orbem
633 2931 984 2996 universum;
1019 2931 1240 3002 quidam
1290 2929 1561 2986 elementa
1581 2967 1597 2994 ,
1629 2938 1847 2990 terram,
1890 2941 2084 2996 aquam
2111 2965 2126 2990 ,
2165 2935 2290 2980 aera
2320 2963 2336 2990 ,
2399 2923 2578 2994 ignem
2627 2930 2848 2992 propter
2878 2920 3168 2975 utilitatem
3197 2958 3214 2985 ,
3239 2930 3366 2972 cum
3394 2915 3516 2971 sine

257 3020 341 3076 bis
373 3021 484 3077 vita
515 3022 749 3076 humana
779 3023 897 3095 degi
933 3038 1043 3078 non
1105 3023 1311 3094 possit;
1373 3022 1465 3078 alii
1534 3035 1669 3078 vero
1741 3019 1944 3091 aliquid
2011 3032 2203 3074 eorum
2256 3031 2377 3087 qua:
2426 3022 2728 3072 cernuntur
2765 3012 3008 3095 venerati
3090 3019 3218 3066 sunt
3245 3051 3278 3094 ,υ
3305 3017 3361 3065 et
3398 3023 3519 3080 qua:

255 3117 622 3186 pulcherrima
655 3117 868 3172 fuerant
921 3117 1223 3188 conspicati
1265 3124 1325 3171 ut
1361 3115 1585 3170 numina
1617 3113 1925 3169 coluerunt.

353 3240 495 3307 Περὶ
523 3235 630 3292 τοῦ
673 3237 1022 3305 Ἐπικούρου
1071 3237 1359 3307 ποσαχῶς
1395 3237 1462 3292 τὸ
1512 3235 1758 3305 ἄτομον.

2026 3225 2103 3280 De
2131 3226 2373 3296 Epicuro,
2417 3223 2787 3298 quotupliciter
2832 3231 3037 3277 atomus
3066 3218 3419 3292 intelligatur.

341 3329 672 3399 Ἐπίκουρος
697 3328 756 3383 δὲ
813 3328 1092 3386 ἐκϐάλλων
1122 3329 1220 3382 καὶ
1270 3327 1405 3381 Θεὸν
1443 3325 1544 3381 καὶ
1571 3325 1831 3398 πρόνοιαν

256 3421 315 3474 τὸ
345 3420 659 3489 αὐτόματον
689 3417 902 3488 εἰσῆγε,
923 3417 1022 3472 καὶ
1049 3417 1150 3482 τὰς
1176 3416 1440 3488 ἀτόμους.
1467 3416 1831 3487 Πολυσὴμαν-

254 3527 348 3565 τον
383 3511 440 3564 δὲ
473 3510 534 3563 τὸ
563 3509 788 3580 ἄτομον.
823 3510 1060 3578 Λέγεται
1111 3510 1220 3579 γὰρ
1256 3509 1318 3563 τὸ
1350 3508 1678 3580 δύστμητον,
1701 3507 1776 3570 ὡς
1804 3508 1833 3561 ό

255 3604 498 3673 ἀδάμας,
529 3601 626 3656 καὶ
655 3604 718 3656 τδ
745 3601 1029 3665 παντελῶς
1051 3600 1316 3672 ἄτμητον,
1334 3601 1409 3665 ὡς
1436 3602 1496 3654 τὸ
1517 3599 1832 3671 ἀσώματον,

255 3696 351 3748 καὶ
386 3695 447 3748 τδ
482 3693 635 3764 παρὰ
664 3697 776 3757 τοῖς
811 3694 1128 3764 φιλοσόφοις
1161 3693 1392 3765 μερικδν
1423 3695 1520 3748 καὶ
1555 3693 1680 3748 καθ’
1702 3694 1836 3747 ἕκα-

258 3786 454 3849 στον,δ
484 3785 758 3856 τμηθῆναι
791 3786 891 3856 μὲν
918 3786 1167 3853 δύναται,
1201 3785 1549 3857 τετμημένον
1594 3785 1650 3838 δὲ
1676 3785 1833 3856 φθεί-

257 3895 439 3951 ρεται,
484 3877 677 3948 ὥσπερ
713 3877 741 3929 ὁ
776 3877 1078 3948 Σωκράτης
1112 3878 1312 3948 τυχόν
1354 3877 1688 3948 τεμνόμενος
1722 3878 1833 3948 γὰρ

255 3973 336 4033 εἰς
368 3970 638 4040 κεφαλὴν,
666 3970 758 4022 καὶ
786 3971 996 4040 χεῖρας,
1058 3970 1154 4022 καὶ
1203 3967 1438 4034 κοιλίαν,
1483 3968 1668 4022 οὐκέτι
1717 3969 1834 4021 ἐστὶ

256 4062 589 4131 Σωκράτης·
643 4061 907 4130 τέταρτον
965 4060 1168 4131 ἄτομον
1197 4059 1257 4112 τὸ
1285 4059 1376 4114 διὰ
1411 4058 1728 4129 βραχύτητα
1759 4059 1833 4131 μὴ

255 4152 561 4222 δυνάμενον
594 4150 988 4221 τμηθῆναι,ὡς
1021 4151 1082 4203 τὸ
1123 4152 1352 4220 σημεῖον
1386 4150 1484 4219 μὲν
1517 4148 1665 4220 παρὰ
1697 4167 1836 4219 γεω⁴

260 4244 515 4315 μέτραις,
558 4245 592 4314 ὴ
629 4243 795 4314 μονὰς
829 4243 886 4296 δὲ
937 4242 1094 4314 παρὰ
1145 4241 1551 4314 ἀριθμητικοῖς,
1578 4244 1604 4295 ὁ
1634 4241 1728 4295 νῦν
1777 4240 1836 4294 δὲ

255 4337 452 4406 χρόνος
477 4336 630 4404 παρά
662 4336 935 4404 φυσικοῖς.
957 4333 1214 4388 Τοιοῦτόν
1239 4351 1292 4386 τι
1324 4333 1550 4405 ἄτομον,
1569 4334 1666 4388 καὶ
1695 4333 1752 4386 τὸ
1776 4333 1834 4399 ἐξ

255 4425 499 4493 ἡλιακῆς
527 4424 746 4486 ἀκτῖνος
777 4423 836 4475 ὲν
879 4422 1001 4494 ἀέρι
1040 4422 1484 4492 διαφαινόμενον,
1510 4422 1606 4476 καὶ
1631 4417 1743 4476 οἷον
1771 4424 1835 4476 ὲκ

253 4519 354 4571 τοῦ
395 4517 627 4586 ἐδάφους
654 4515 1026 4585 ἀνιμώμενον,
1053 4515 1104 4579 ξε
1115 4513 1322 4584 σμάτιά
1345 4531 1466 4568 τινα
1489 4513 1637 4567 δοκεῖ
1659 4513 1835 4569 ταῦτα

261 4628 358 4664 κον
367 4627 413 4662 ιο
423 4608 601 4678 ρτώδη
617 4609 713 4661 καὶ
727 4605 896 4660 αὐτοῦ
910 4607 1005 4660 τοῦ
1026 4607 1148 4677 χοὸς
1169 4607 1493 4678 λεπτότερα.
1521 4607 1616 4658 Ἐκ
1631 4606 1838 4659 τούτων

256 4704 354 4757 οὖν
396 4703 726 4770 Ἐπίκουρος
760 4701 1120 4755 συνίστασθαι
1153 4702 1329 4755 πάντα
1357 4700 1565 4766 ἔλεγεν,
1584 4693 1673 4752 οἷα
1697 4699 1840 4752 κατὰ

260 4796 530 4850 ἀνάλυσιν
567 4795 676 4848 ἀπὸ
710 4794 821 4846 τῶν
883 4793 1138 4862 μεγεθῶν
1181 4793 1399 4864 χωρῶν,
1426 4793 1517 4846 καὶ
1552 4792 1717 4861 μηδὲν
1749 4791 1843 4844 εὖ·

263 4888 476 4958 ρίσκων
505 4885 880 4954 ἁπλούστερον
934 4885 968 4954 ἢ
1003 4883 1358 4951 λεπτότερον.
1383 4884 1642 4951 Λέγονται
1664 4882 1721 4936 δὲ
1748 4882 1843 4935 καὶ

259 4979 563 5048 οὐδετέρως
594 4979 794 5046 ἄτομα,
828 4977 926 5029 κα.)⁸
973 4975 1221 5048 θηλυκῶ;
1252 4978 1469 5046 ἄτομοι.

259 5089 425 5148 Κατὰ
463 5091 890 5157 Ἐπικουρείων
919 5090 1027 5145 τοῦ
1046 5090 1312 5157 μεγάλου
1365 5090 1697 5158 Γρηγορίου
1735 5089 1842 5145 τοῦ

411 5161 710 5229 Θεολόγου
734 5161 802 5214 ἐκ
834 5161 940 5215 τοῦ
976 5162 1108 5229 περὶ
1137 5163 1459 5229 Θεολογίας
1488 5163 1696 5229 λόγου.

330 5253 442 5306 τοῦ
483 5253 582 5322 μὲν
613 5251 724 5320 γὰρ
758 5247 900 5304 εἴναι
936 5252 1090 5317 Θεὸν,
1123 5253 1218 5304 καὶ
1253 5251 1354 5323 τὴν
1416 5253 1634 5306 πάντων
1679 5268 1842 5322 ποιη-

259 5347 426 5416 τικήν
465 5361 524 5396 τε
559 5345 654 5398 καὶ
692 5345 1015 5414 συνεκτικὴν
1055 5343 1261 5408 αἰτίαν,
1289 5345 1383 5397 καὶ
1434 5345 1556 5412 δψις
1585 5344 1842 5398 διδάσκα-

261 5441 378 5503 λος,
414 5440 510 5491 καὶ
544 5439 572 5490 ὁ
607 5435 834 5506 φυσικὸς
890 5438 1078 5506 νόμος,
1137 5437 1169 5506 ἡ
1219 5436 1318 5505 μὲν
1372 5437 1481 5490 τῶν
1547 5438 1842 5507 ὁρωμένων

264 5527 675 5598 προϐάλλουσα,
723 5526 820 5579 καὶ
862 5524 1141 5594 πεπηγόσι
1191 5524 1392 5590 καλῶς,
1437 5526 1530 5579 καὶ
1566 5525 1840 5592 ὁδεύουσι,

263 5621 363 5674 καὶ
395 5618 695 5684 ἀκινήτως,
740 5617 808 5670 ἶν’
835 5616 1009 5681 οὕτως
1035 5617 1194 5682 εῐπω,
1251 5616 1592 5686 κινουμένως
1619 5618 1714 5671 καὶ
1748 5635 1844 5686 φε-

265 5710 542 5780 ρομένως,
573 5709 600 5762 ό
636 5707 693 5760 δὲ
723 5707 814 5762 διὰ
845 5705 958 5760 τῶν
999 5707 1291 5776 ὁρωμένων
1339 5708 1433 5760 καὶ
1482 5709 1840 5778 τεταγμένων

265 5804 360 5858 τὸν
408 5801 656 5872 ἀρχηγὸν
709 5800 914 5856 τούτων
954 5799 1425 5889 συλλογιζόμενος.
1459 5801 1581 5866 Πῶς
1627 5802 1734 5874 γὰρ
1771 5802 1836 5859 ἂν

2002 3318 2072 3372 At
2098 3317 2385 3388 Epicurus,
2418 3315 2529 3371 Deo
2575 3313 3024 3386 providentiaque
3069 3311 3295 3382 reiecta,
3326 3325 3516 3366 casum

1935 3418 1992 3466 et
2011 3418 2219 3464 atomos
2243 3406 2562 3463 introduxit.
2595 3406 2774 3462 Multis
2822 3417 3004 3460 autem
3063 3404 3238 3459 modis
3288 3410 3505 3458 atomus

1933 3500 2275 3572 intelligitur.
2303 3499 2435 3554 Nam
2475 3509 2529 3554 et
2554 3498 2607 3553 id
2639 3497 2906 3570 signiﬁcat
2966 3496 3110 3567 quod
3137 3511 3262 3551 cum
3288 3496 3340 3551 di
3353 3494 3520 3552 nicul-

1932 3600 2044 3648 tate
2072 3591 2246 3646 secari
2282 3597 2480 3662 potest,
2509 3599 2568 3643 ut
2598 3588 2853 3653 adamas;
2919 3593 2976 3641 et
3011 3585 3161 3656 quod
3192 3585 3397 3639 nullam
3431 3598 3521 3638 se-

1934 3684 2171 3741 ctionem
2197 3682 2454 3747 admittit,
2483 3691 2544 3736 ut
2574 3681 2628 3736 id
2654 3679 2798 3751 quod
2826 3686 2980 3734 vacat
3010 3692 3259 3749 corpore,
3289 3686 3342 3731 et
3375 3675 3520 3748 quod

1933 3790 1963 3830 a
1993 3774 2327 3846 philosOphis
2355 3773 2694 3829 individuum
2731 3772 3106 3841 singulareque
3129 3769 3349 3834 dicitur,
3375 3767 3522 3838 quod

1935 3865 2106 3922 secari
2131 3865 2348 3935 quidem
2378 3872 2573 3934 potest,
2602 3871 2808 3918 sectum
2833 3871 3010 3916 tamen
3026 3859 3413 3930 corrumpitur.
3438 3869 3519 3924 ut,

1932 3958 2164 4027 exempli
2203 3957 2394 4028 gratia,
2421 3955 2696 4012 Socrates.
2741 3953 2954 4009 Etenim
2993 3953 3038 4008 si
3090 3960 3310 4008 secetur
3343 3951 3399 4007 in
3431 3965 3526 4006 ca-

1933 4057 2053 4118 put,
2111 4057 2166 4103 et
2217 4064 2433 4114 manus,
2481 4057 2538 4104 et
2589 4055 2858 4112 ventrem,
2917 4054 2972 4101 et
3013 4045 3198 4116 pedes,
3256 4059 3367 4100 non
3415 4043 3524 4099 erit

1935 4142 2167 4212 amplius
2207 4141 2482 4197 Socrates.
2536 4141 2793 4195 Atomum
2840 4139 3077 4210 denique
3132 4139 3325 4195 dicunt
3373 4140 3518 4210 quod

1935 4241 2155 4303 propter
2183 4234 2530 4304 exiguitatem
2554 4233 2720 4286 dividi
2753 4232 2962 4301 nequit,
2995 4240 3056 4285 ut
3081 4240 3346 4302 punctum
3368 4232 3512 4302 apud

1937 4332 2259 4394 geometras,
2292 4325 2471 4380 unitas
2500 4325 2642 4394 apud
2703 4323 3100 4388 arithmeticos,
3163 4331 3219 4378 et
3275 4339 3524 4380 momen-

1939 4425 2055 4470 tum
2087 4418 2229 4487 apud
2261 4417 2612 4487 philosophos
2674 4414 2970 4471 naturales.
3005 4413 3166 4470 Tales
3188 4417 3351 4471 atomi
3409 4425 3523 4472 tum

1868 4543 1916 4602 Β
1944 4506 2000 4560 in
2024 4521 2148 4561 aere
2181 4507 2312 4563 solis
2341 4507 2503 4562 radiis
2548 4507 2819 4562 illustrato
2856 4517 3137 4576 apparent,
3181 4515 3294 4561 tum
3325 4522 3357 4561 e
3408 4509 3526 4563 solo

1944 4595 2362 4666 pavimentoque
2385 4597 2665 4653 tolluntur.
2701 4598 2832 4664 Quae
2854 4606 3101 4652 ramenta
3139 4598 3388 4668 quaedam
3414 4607 3525 4652 ter-

1945 4687 2137 4742 restria
2169 4687 2445 4753 videutur,
2487 4686 2605 4757 ipso
2662 4687 2826 4741 etiam
2871 4689 3095 4756 pulvere
3143 4687 3414 4742 tenuiora.
3445 4685 3523 4741 Ex

1944 4779 2030 4836 his
2059 4783 2239 4836 omnia
2262 4782 2513 4852 componi
2543 4791 2598 4836 et
2620 4780 2924 4836 consistere
2965 4780 3198 4835 affirmat
3231 4781 3523 4851 Epicurus,

1943 4885 2066 4925 cum
2100 4887 2196 4942 per
2248 4872 2636 4927 resolutionem
2670 4887 2701 4926 a
2737 4870 2948 4942 magnis
3000 4871 3318 4941 corporibus
3346 4872 3525 4928 disce-

1946 4963 2100 5028 dens,
2140 4963 2276 5018 nihil
2303 4964 2603 5034 simplicius
2630 4963 3006 5034 subtiliusque
3037 4963 3275 5032 reperiat

2015 5093 2210 5150 Contra
2241 5092 2545 5163 Epicureos,
2579 5093 2758 5164 magni
2786 5091 3024 5163 Gregorii
3053 5091 3296 5163 Theologi
3319 5107 3382 5146 ea;
3399 5108 3524 5146 οταν

2431 5166 2568 5218 tione
2601 5178 2640 5217 ιι
2665 5163 2728 5216 de
2751 5163 3029 5234 theoloqia.

2015 5253 2170 5320 Quod
2206 5253 2346 5310 Deus
2376 5254 2467 5319 sit,
2497 5253 2749 5323 quodque
2780 5254 2922 5310 idem
2966 5269 3150 5309 rerum
3186 5252 3258 5308 sit
3280 5251 3524 5308 omnium

1945 5362 2105 5403 causa
2129 5347 2394 5411 ell'cctrix,
2417 5357 2471 5402 et
2491 5347 2886 5410 conservatrix,
2912 5363 3036 5403 cum
3090 5346 3234 5402 oculi
3288 5360 3389 5399 nos
3426 5345 3523 5399 de-

1943 5450 2070 5497 ccnt
2095 5440 2216 5511 ipsi,
2253 5449 2368 5494 tum
2404 5440 2486 5494 lex
2531 5440 2811 5495 naturalis.
2847 5439 3026 5505 Oculi,
3093 5440 3222 5493 dum
3281 5437 3400 5491 illos
3455 5437 3524 5493 ad

1942 5547 2030 5587 res
2085 5548 2205 5602 qua:
2264 5531 2520 5598 praeclare
2555 5541 2850 5602 compactae
2894 5541 3022 5586 sunt
3076 5537 3132 5585 et
3151 5527 3342 5585 ordine
3374 5529 3526 5585 ince-

1943 5623 2100 5689 dunt,
2159 5623 2550 5694 immobilique,
2589 5634 2650 5679 ut
2706 5625 2779 5680 ita
2831 5623 3030 5686 dicam,
3082 5623 3293 5679 ratione
3360 5633 3522 5678 moue

1944 5716 2214 5774 feruntur.
2243 5714 2684 5784 contemplandas
2713 5711 3122 5778 convertimus;
3167 5721 3373 5768 natura:
3406 5714 3521 5778 lex,

1944 5806 2075 5867 dum
2085 5822 2148 5866 ex
2166 5805 2284 5878 ipso
2301 5821 2508 5880 rerum,
2531 5821 2668 5878 quas
2693 5803 2972 5866 cernimus
2985 5814 3041 5868 et
3069 5807 3528 5878 contemplemur,
