3984 6572
490 346 565 411 91.
1708 357 2093 422 EUTHYMII
2159 360 2521 423 ZIGABENI
3677 364 3746 425 28

488 467 701 535 ordine,
735 483 922 525 earum
971 480 1251 527 auctorem
1310 469 1822 543 moderatoremqne
1861 474 2068 545 colligi-

2178 476 2268 526 καὶ
2306 475 2516 545 ὑπέστη
2552 474 2671 527 τόδε
2699 475 2757 527 τὸ
2787 476 2917 540 πᾶν,
2942 475 2972 541 ἢ
3000 473 3258 544 συνέστη,
3296 476 3371 545 μὴ
3402 474 3539 529 Θεοῦ
3568 476 3749 531 πάντα

489 578 633 617 mus.
667 562 955 628 Quomodo
999 562 1143 616 enim
1194 562 1341 617 orbis
1374 564 1714 620 constitisset
1742 574 1836 620 aut
1865 580 2078 635 perma-

488 661 665 714 neri-t,
693 653 795 706 nisi
823 661 1018 705 cuncta
1042 650 1185 708 Deus
1206 661 1261 708 et
1285 652 1560 710 eﬂ‘eeisset
1601 667 1656 710 et
1684 656 2078 711 conservaret?

491 743 589 807 Ac,
620 743 1078 811 quemadmodum
1107 744 1151 798 si
1174 746 1295 815 quis
1324 745 1545 800 cithara:
1573 747 1939 816 pulcherrime
1969 748 2079 802 ela-

492 835 690 887 boratae
726 834 1153 889 concinnitatem
1184 848 1238 892 et
1266 838 1720 907 compositionem
1776 839 2075 903 intueatur,

487 937 578 978 ant
596 925 837 995 ejusdem
864 938 1185 984 concentum
1204 931 1477 995 exaudiat,
1500 932 1668 1003 ipsius
1687 931 1908 986 citharae
1923 931 2078 1000 Opiﬁ-

486 1034 603 1072 cvm
675 1026 730 1073 ct
794 1021 1193 1075 moderatorem
1248 1024 1637 1089 considerabit,
1705 1022 1785 1091 ad,
1839 1038 2074 1093 eumque

487 1110 668 1163 statim
738 1098 1068 1181 cogitatione
1140 1115 1404 1185 rapietur,
1439 1114 1565 1170 licet
1619 1116 1797 1186 ipsum
1846 1114 2073 1170 fortasse

488 1220 772 1274 numquam
810 1208 1124 1277 aspexerit:
1158 1207 1229 1261 ita
1281 1208 1444 1263 nobis
1502 1224 1692 1264 eorum
1746 1223 1867 1277 quae
1930 1208 2073 1262 facta

488 1309 636 1361 sunt,
667 1309 877 1363 auctor,
912 1309 965 1353 et
995 1309 1366 1366 conservator,
1396 1310 1447 1355 et
1472 1310 1647 1355 motor
1690 1309 1775 1355 est
1844 1299 2075 1355 manife-

488 1400 625 1455 stus,
654 1391 899 1460 quamvis
931 1392 1115 1446 animo
1141 1406 1247 1445 non
1277 1392 1791 1461 comprehendatur.
1828 1391 1981 1457 Quod
2024 1391 2070 1447 si

489 1478 614 1547 quis
664 1495 771 1533 non
838 1480 903 1533 ad
972 1481 1088 1535 haec
1141 1496 1314 1550 usque
1367 1482 1505 1539 ultro
1559 1483 1954 1553 progrediatur,
2014 1491 2074 1538 ut

490 1571 831 1626 naturalibus
867 1571 1424 1629 demonstrationibus
1452 1574 1785 1645 acquiescat,
1834 1575 1880 1632 is
1937 1588 2071 1630 sane

488 1677 649 1731 quam
672 1663 952 1733 improbus
979 1679 1044 1717 ac
1071 1664 1275 1720 stultus
1320 1674 1425 1720 est.

804 1772 867 1827 In
901 1773 1106 1828 eosdem
1143 1791 1206 1828 ea:
1241 1773 1424 1830 eadem
1450 1775 1711 1832 oratione.

556 1862 671 1919 Nos
694 1875 898 1929 autem,
926 1865 1021 1934 qui
1047 1866 1142 1920 Dei
1171 1868 1353 1922 studio
1406 1878 1677 1931 tenemur.
1738 1883 1843 1923 nec
1874 1866 2069 1923 adduci

488 1969 800 2023 possumus.
829 1964 887 2008 ut
909 1956 1169 2010 mundum
1199 1957 1315 2011 sine
1336 1958 1585 2028 principe
1618 1967 1673 2013 et
1702 1960 2072 2028 gubernatore

488 2048 775 2101 credamus
803 2061 946 2111 esse,
981 2047 1193 2102 ratione
1242 2048 1358 2117 ipsa
1390 2050 1496 2104 huc
1529 2050 1882 2119 impellimur,
1935 2058 2071 2105 utea

489 2155 609 2207 qua:
636 2138 894 2193 sensibus
941 2148 1072 2192 sunt
1107 2140 1353 2209 exposita
1399 2141 1855 2210 contemplemur,
1886 2142 1941 2196 in
1970 2142 2072 2197 iis-

486 2246 592 2297 que
623 2229 693 2283 ab
725 2229 880 2285 initio
902 2230 1212 2298 repetendis
1234 2241 1289 2284 et
1308 2231 1656 2300 explorandis
1680 2233 2003 2289 immoremu
2015 2248 2065 2287 r.

497 2321 696 2376 Verum
728 2321 851 2391 quia
881 2335 991 2375 non
1010 2330 1097 2377 est
1139 2332 1592 2386 consentaneum,
1626 2332 1685 2378 ut
1746 2323 1823 2378 illi
1880 2339 2071 2380 eorum

488 2428 629 2483 quze,
666 2423 934 2482 quantum
987 2413 1056 2468 ad
1092 2429 1314 2469 sensum
1377 2416 1634 2485 pertinet,
1661 2416 1916 2472 eumdem
1974 2416 2073 2471 ob-

492 2508 668 2560 tinent
700 2506 927 2560 honoris
955 2507 1203 2577 gradum.
1228 2508 1391 2562 detur
1451 2508 1815 2577 principatus,
1876 2509 2069 2563 eadem

488 2595 697 2649 ratione
732 2597 870 2651 duce
903 2612 1063 2666 supra
1093 2598 1533 2660 conscendimus,
1560 2610 1724 2668 atque
1755 2600 1825 2654 ita
1855 2601 2071 2655 tandem

488 2686 555 2740 ad
590 2701 715 2740 eum
745 2690 1116 2755 pervenimus,
1168 2704 1266 2757 per
1307 2705 1467 2756 quem
1522 2690 1639 2746 bsic
1679 2691 1814 2763 ipsa,
1848 2701 1908 2747 ut
1941 2691 2071 2755 sint,

492 2776 739 2843 habent;
772 2777 851 2832 sic
891 2779 1038 2832 enim
1073 2779 1176 2848 ipsi
1208 2780 1495 2835 nobiscum
1525 2798 1537 2833 :
1578 2780 1711 2845 Quis
1756 2781 2074 2843 cudestibus

489 2866 947 2935 terrestribusque
1006 2869 1193 2931 rebus,
1243 2877 1297 2922 et
1331 2868 1398 2923 iis
1428 2884 1549 2938 quce
1581 2869 1633 2922 in
1684 2884 1809 2925 acre
1842 2880 1897 2925 et
1928 2886 2075 2939 aqua

490 2965 800 3023 versantur,
858 2960 1201 3028 praescripsit
1253 2960 1399 3012 hunc
1437 2961 1727 3014 ordinent?
1773 2961 1888 3014 lmo
1946 2977 2076 3017 vero

490 3049 612 3117 quis
666 3065 729 3102 ea
781 3066 900 3117 qua:
952 3052 1260 3119 antiquiora
1312 3062 1463 3113 sunt.
1505 3068 1697 3123 nempe
1774 3055 1971 3109 cmlum
2022 3065 2076 3109 et

490 3151 718 3207 terram,
766 3150 821 3195 et
870 3157 1073 3206 aerem,
1126 3153 1180 3197 et
1232 3160 1387 3213 aqua:
1442 3157 1689 3198 naturam
1748 3147 2074 3202 constituit?

490 3224 625 3297 Quis
667 3247 727 3286 ea
775 3231 1067 3301 disjnnxit?
1101 3232 1204 3288 Per
1239 3250 1398 3303 quem
1450 3245 1635 3289 mutua
1678 3235 1817 3291 inter
1852 3237 1967 3294 haec
1996 3252 2079 3292 so.

490 3322 678 3387 cietas,
717 3339 1017 3378 consvnsus
1059 3336 1113 3378 et
1153 3327 1521 3396 conspiratio?
1564 3327 1672 3395 ligo
1708 3328 1852 3382 enim
1902 3329 2077 3383 virum

495 3412 666 3476 illum,
706 3414 922 3468 tametsi
977 3415 1185 3470 alienus
1230 3427 1333 3480 est,
1382 3418 1561 3475 laudo.
1606 3418 1739 3486 Quis
1794 3419 1907 3475 [nec
1958 3435 2077 3474 mo-

452 3514 601 3566 ,vet.
641 3518 1011 3576 perpetuoque
1057 3523 1120 3562 ac
1165 3524 1440 3578 nunquam
1485 3520 1731 3565 cessante
1782 3528 2077 3583 progressu

497 3598 864 3669 circumagit?
896 3598 1085 3654 Nonne
1128 3616 1316 3655 eorum
1355 3610 1546 3656 auctor
1581 3613 1743 3674 atque
1771 3606 1951 3673 Opifex
1983 3606 2076 3676 qui

493 3688 755 3743 rationem
793 3691 894 3744 illis
965 3692 1213 3753 inseruit,
1279 3708 1381 3761 qua
1420 3695 1844 3763 unumquodque
1905 3695 2078 3750 fertur

490 3789 652 3849 atque
690 3782 998 3853 dirigitur?
1035 3781 1171 3848 Quis
1224 3799 1389 3854 porro
1420 3800 1607 3840 eorum
1668 3797 1857 3841 auctor
1910 3800 2074 3857 atque

490 3869 692 3939 Opifex,
727 3889 908 3927 nonne
935 3873 981 3927 is
1006 3876 1095 3943 qui
1122 3891 1186 3929 ea
1216 3875 1511 3930 fabricatus
1544 3886 1645 3941 est,
1680 3888 1753 3943 et,
1782 3888 1839 3932 ut
1869 3888 2074 3943 essent,

491 3962 770 4032 perfecit?
802 3966 988 4035 Neque
1026 3967 1169 4021 enim
1203 3968 1255 4023 in
1308 3985 1439 4024 casu
1481 3979 1681 4025 tantam
1714 3986 1837 4026 esse
1898 3970 2074 4028 facul-

2182 566 2277 619 καὶ
2308 565 2679 630 οὑσιώσαντος
2727 568 2821 620 καὶ
2879 567 3224 636 συνέχοντος;
3260 567 3396 621 Οὐδὲ
3448 570 3560 638 γάρ
3592 568 3748 621 κιθά-

2179 672 2282 727 ραν
2313 676 2395 720 τις
2421 658 2567 727 ὁρῶν
2599 657 2861 712 κάλλιστα
2900 657 3245 729 ἠσκημένην,
3272 659 3367 711 καὶ
3404 659 3503 729 τὴν
3544 659 3750 728 ταύτης

2178 748 2545 819 εὐαρμοστίαν
2569 751 2665 802 καὶ
2692 750 2966 814 εὐταξίαν,
3023 750 3055 820 ἢ
3089 749 3187 818 τῆς
3218 748 3548 820 κιθαρῳδίας
3574 751 3747 820 αὐτῆς

2176 840 2410 907 ἀκούων,
2447 841 2577 895 ἄλλο
2615 859 2669 893 τι
2696 842 2728 912 ἦ
2762 842 2853 896 τον
2886 841 2984 910 τῆς
3009 842 3245 909 κιθάρας
3274 842 3627 913 δημιουργὸν,
3655 842 3749 895 καὶ

2175 930 2269 984 τὸν
2302 931 2605 1002 κιθαρῳδὸν
2639 932 3014 1000 ὲννοήσει,καὶ
3055 930 3193 1001 πρὸς
3216 929 3382 985 αὐτὸν
3411 930 3746 999 ἀναδραμεῖ-

2176 1042 2269 1077 ται
2306 1026 2372 1094 τῇ
2439 1024 2675 1094 διανοίᾳ,
2724 1026 2828 1079 κᾶν
2888 1022 3100 1091 ἀγνοῶν
3162 1022 3303 1096 τύχῃ
3366 1024 3487 1086 ταῖς
3540 1022 3747 1091 ὕψεσιν.

2176 1115 2334 1168 υῦτω
2382 1114 2478 1167 xui.
2534 1116 2667 1185 ἡμῖν
2696 1114 2756 1167 τὸ
2786 1114 3074 1185 ποιητικὸν
3108 1114 3291 1181 δῆλον,
3322 1112 3417 1166 καὶ
3445 1112 3506 1166 τὸ
3550 1112 3748 1183 τηροῦν

2176 1210 2271 1263 καὶ
2309 1208 2503 1279 δηλοῦν
2526 1210 2592 1263 τὰ
2609 1211 2981 1281 πεποιημένα,
3013 1211 3116 1265 κᾶν
3138 1210 3214 1281 μὴ
3238 1209 3445 1280 διανοίᾳ
3478 1208 3749 1279 περιλαμ-

2175 1302 2436 1373 ϐάνηταιο
2468 1302 2565 1355 καὶ
2601 1302 2721 1356 λίαν
2754 1300 3048 1372 ἀγνώμων,
3098 1304 3127 1355 6
3163 1302 3298 1372 μηδὲ
3328 1303 3496 1372 μέχρι
3538 1300 3748 1353 τούτων

2174 1395 2381 1463 προῖὼν
2437 1396 2727 1464 ἑκουσίως,
2749 1396 2844 1451 καὶ
2874 1399 2996 1460 ταῖς
3026 1398 3288 1466 φυσικαῖς
3322 1396 3589 1465 ἑπόμενος
3611 1395 3748 1447 ἀπο-

2171 1488 2390 1553 δείξεσι.

2344 1758 2510 1813 Κατὰ
2540 1756 2656 1813 τῶν
2693 1759 2896 1813 αὐτῶν
2924 1758 2993 1813 ἐκ
3034 1758 3140 1814 τοῦ
3168 1760 3356 1813 αὐτοῦ
3390 1760 3605 1827 λόγου.

2254 1853 2430 1922 Ἠμᾶς
2466 1852 2522 1905 δὲ
2548 1855 2577 1906 6
2618 1852 2777 1921 λόγος
2796 1851 3089 1921 δεξάμενος
3133 1851 3453 1921 ἐφιεμένους
3480 1850 3637 1914 Θεοῦ,
3663 1850 3755 1905 καὶ

2174 1943 2252 2012 μὴ
2279 1943 2640 2011 ἀνεχομένους
2666 1942 2725 1995 τὸ
2754 1942 3194 2013 ἀνηγεμόνευτόν
3223 1958 3281 1994 τε
3318 1942 3425 2008 Ικαὶ
3444 1942 3753 2012 ἀκυϐέρνη..

2172 2052 2283 2100 τον,
2340 2031 2460 2089 εἶτα
2506 2037 2621 2096 τοῖς
2684 2035 2985 2106 ὁρωμένοις
3038 2035 3419 2107 προσὸάλλων,
3482 2036 3583 2089 καὶ
3652 2034 3753 2105 τῆς

2171 2127 2428 2196 ἀπαρχῆς
2484 2127 2832 2197 ἐντυγχάνων
2866 2124 2992 2180 οὔτε
3023 2128 3191 2197 μέχρι
3240 2125 3451 2181 τούτων
3494 2126 3751 2196 ἔστησεν.

2172 2220 2245 2274 Οὐ
2274 2220 2383 2289 γὰρ
2420 2214 2488 2290 ἦν
2520 2219 2681 2289 λόγου
2715 2218 2901 2272 δοῦναι
2930 2220 3032 2289 τὴν
3078 2219 3381 2288 ἡγεμονίαν
3414 2222 3528 2282 τοῖς
3557 2218 3752 2286 ὁμοτί-

2173 2328 2301 2382 μοις
2333 2312 2477 2365 κατά
2513 2313 2613 2382 τὴν
2649 2311 2929 2382 αἴσθησιν,
2956 2311 3051 2364 καὶ
3088 2310 3175 2364 διὰ
3204 2309 3414 2365 τούτων
3459 2311 3584 2379 ἄγει
3614 2310 3754 2378 πρὸς

2171 2404 2233 2458 τὸ
2263 2404 2404 2475 ὑπὲρ
2431 2404 2606 2458 ταῦτα
2631 2407 2727 2459 καὶ
2755 2403 2822 2457 δι’
2846 2396 2908 2455 οὗ
2946 2405 3163 2466 τούτοις
3208 2403 3270 2456 τὸ
3292 2399 3434 2457 εἶναι
3473 2402 3748 2471 περίεστι.

2173 2499 2238 2551 Τί
2272 2498 2381 2570 γὰρ
2410 2500 2472 2553 τὸ
2496 2498 2665 2565 τάξαν
2700 2499 2767 2553 τά
2791 2498 3021 2570 οὐράνιά
3046 2515 3105 2552 τε
3162 2498 3253 2552 καὶ
3285 2497 3526 2566 ἐπίγεια,
3548 2499 3649 2551 ὅσα
3688 2511 3753 2550 τι

2172 2589 2240 2642 δι’
2268 2590 2450 2661 ἀέρος,
2502 2597 2596 2643 καὶ
2629 2591 2730 2643 ὅσα.
2792 2592 2915 2644 καθ’
2970 2590 3185 2656 ὕδατος,
3215 2592 3418 2660 μᾶλλον
3449 2591 3505 2644 δὲ
3540 2591 3609 2644 τά
3645 2590 3753 2660 πρὸ

2172 2682 2399 2747 τούτων,
2431 2682 2664 2753 οὐρανόν
2689 2700 2773 2746 τε,
2805 2685 2901 2738 καὶ
2940 2684 3067 2755 γῆν,
3116 2684 3210 2737 καὶ
3264 2684 3425 2753 ἀέρα,
3454 2685 3552 2735 καὶ
3584 2683 3749 2751 φύσιν

2176 2776 2404 2843 ὓδατος;
2439 2775 2536 2840 Τίς
2566 2774 2738 2829 ταῦτα
2768 2775 2950 2845 ἔμιξε,
3001 2776 3095 2830 καὶ
3122 2776 3351 2848 ἐμέρισε
3378 2794 3393 2841 ;
3432 2776 3528 2840 Τίς
3558 2777 3592 2845 ἡ
3630 2792 3753 2829 κοι-

2174 2866 2345 2921 νωνία
2398 2866 2608 2919 τούτων
2642 2865 2779 2937 πρὸς
2834 2866 3066 2941 ἄλληλα,
3096 2868 3191 2920 καὶ
3243 2867 3492 2937 συμφυῖα
3543 2866 3754 2920 τούτων

2176 2959 2268 3011 καὶ
2293 2955 2602 3029 σύμπνοια;
2642 2957 2882 3010 Ἐπαινῶ
2907 2958 3016 3028 γὰρ
3047 2957 3138 3011 τὸν
3163 2957 3449 3028 εἰρηκότα,
3475 2956 3574 3010 κᾶν
3598 2956 3756 3011 ἀλλόο

2175 3064 2325 3120 τριος
2445 3047 2510 3101 Τί
2545 3048 2605 3099 τὸ
2636 3047 2808 3100 ταῦτα
2838 3049 3156 3117 κεκινηκὸς,
3182 3049 3274 3102 καὶ
3294 3049 3429 3118 ἀγον
3453 3049 3552 3119 τὴν
3578 3048 3754 3118 ἄληκ-

2176 3155 2268 3192 τον
2286 3140 2484 3208 φορὰν,
2511 3139 2605 3193 καὶ
2627 3137 2912 3191 ἀκώλυτον
2928 3134 3014 3206 ;⁷Λ
3029 3140 3077 3209 ρ’
3092 3140 3187 3209 οὐχ
3207 3141 3235 3191 6
3259 3142 3505 3210 τεχνίτης
3524 3139 3755 3204 τούτων,

2179 3230 2273 3283 καὶ
2302 3229 2441 3281 πᾶσι
2476 3229 2633 3297 λόγον
2662 3228 2860 3293 ἐνθεὶς,
2897 3228 3077 3292 καθὼς
3099 3230 3159 3282 τὸ
3183 3231 3288 3282 πᾶν
3313 3231 3538 3302 φέρεταί
3561 3248 3618 3285 τε
3646 3232 3743 3285 καὶ

2174 3321 2521 3390 διεξάγεται;
2576 3318 2673 3383 Τίς
2729 3320 2773 3373 δ’
2826 3320 2853 3372 6
2911 3320 3164 3391 τεχνίτης
3215 3319 3449 3387 τούτων;
3495 3318 3751 3397 Ἀρόὑχ

2173 3415 2202 3470 6
2232 3411 2549 3483 πεποιηκὼς
2596 3411 2790 3479 ταῦτα,
2817 3412 2915 3465 καὶ
2967 3413 3049 3474 είς
3078 3412 3139 3465 τδ
3175 3408 3316 3465 εἶναι
3352 3413 3743 3485 παραγαγών;

2174 3506 2234 3560 οὑ
2278 3506 2387 3576 γὰρ
2409 3504 2473 3575 δὴ
2506 3504 2580 3575 τῷ
2622 3505 2915 3575 αὐτομάτῳ
2954 3503 3132 3559 δοτέον
3181 3505 3450 3577 τοσαύτην
3496 3505 3753 3576 δύναμιν.

2180 3601 2359 3653 Ἔστω
2374 3598 2481 3669 γὰρ
2504 3598 2562 3650 τὸ
2582 3598 2835 3667 γενέσθαι
2857 3596 2950 3651 τοῦ
2975 3598 3302 3669 αὐτομάτου⁸
3322 3600 3462 3663 τίνος
3486 3599 3544 3652 τὸ
3565 3600 3752 3667 “rigat;

2179 3691 2286 3745 Καὶ
2338 3690 2517 3754 τοῦτο,
2558 3692 2606 3742 εἰ
2641 3690 2809 3753 δοκεῖ,
2839 3688 3039 3759 δῶμεν.
3064 3690 3221 3754 Τίνος
3268 3690 3329 3743 τὸ
3380 3692 3611 3764 τηρῆσαι
3658 3692 3757 3745 καὶ

2176 3783 2412 3855 φυλάξαι
2460 3782 2583 3836 καθ’
2613 3781 2708 3845 οὒς
2760 3780 2974 3852 πρῶτον
3011 3783 3222 3854 ὑπέστη
3260 3784 3487 3851 λόγουςς
3548 3783 3742 3854 ἐτέρου

2173 3877 2319 3939 τινος
2365 3874 2397 3945 ἢ
2459 3873 2553 3926 τοῦ
2602 3874 2945 3944 αὐτομάτου;
3000 3874 3188 3943 ἐτέρου
3253 3873 3452 3945 δηλαδὴ
3488 3874 3637 3944 παρὰ
3689 3873 3756 3927 τὸ

2178 3967 2513 4037 αὐτόματον.
2563 3964 2734 4019 Τοῦτο
2758 3964 2812 4022 δὲ
2835 3964 2888 4018 τί
2922 3983 3051 4019 ποτε
3074 3966 3201 4021 ἀλλο
3227 3966 3365 4037 πλὴν
3399 3966 3532 4029 Θεός
3557 3984 3573 4033 ;

492 4066 659 4110 tatem
724 4058 1132 4114 concedendum
1208 4070 1312 4124 est,
1375 4071 1433 4116 ut
1492 4078 1710 4116 causam
1772 4081 1957 4120 eorum
2032 4064 2299 4119 fateamur
2341 4058 2633 4116 exstitisse.
2696 4055 2852 4125 Quod
2899 4058 2944 4113 si
2997 4059 3049 4113 id
3102 4061 3561 4125 concesserimus,
3618 4076 3756 4115 num

491 4149 653 4202 etiam
714 4152 1065 4220 pulcherrimi
1127 4155 1359 4225 hujusce
1430 4173 1612 4214 rerum
1660 4159 1872 4215 ordinis
1951 4159 2055 4216 erit
2099 4156 2304 4214 causa?
2356 4153 2460 4209 Sed
2492 4154 2685 4210 demus
2753 4154 2805 4209 id
2836 4169 3073 4227 quoque,
3117 4154 3162 4210 si
3204 4154 3438 4210 videtur.
3467 4155 3536 4213 Ut
3561 4154 3752 4210 eadem

487 4252 667 4296 autem
718 4247 947 4312 ratione,
1004 4265 1109 4319 qua
1161 4252 1432 4323 principio
1487 4271 1667 4309 rerum
1736 4254 2066 4309 universitas
2109 4253 2378 4316 constitit,
2436 4257 2815 4316 conservetur,
2868 4264 3051 4305 nonne
3112 4248 3179 4304 ad
3236 4249 3406 4315 aliud,
3466 4265 3627 4319 quam
3686 4246 3760 4302 ad

488 4350 674 4388 casum
706 4336 1050 4394 referendum
1094 4342 1211 4396 est?
1236 4342 1318 4397 Ad
1342 4344 1488 4399 aliud
1516 4343 1779 4414 profecto.
1809 4342 2016 4414 Ecquid
2047 4353 2231 4398 autem
2264 4346 2369 4399 erit
2396 4342 2541 4397 istuc
2576 4340 2764 4396 aliud?
2805 4339 2952 4395 Nihil
2982 4355 3138 4407 sane,
3188 4339 3295 4394 nisi
3330 4339 3496 4395 Deus.

562 4464 628 4521 In
660 4466 871 4550 eosdem
905 4468 1141 4553 Gregorii
1177 4472 1361 4553 Nysae
1384 4474 1726 4553 pontiﬁcii-tea:
1751 4473 1881 4527 libro
1907 4474 1997 4545 qui

2182 4476 2292 4532 Τοῦ
2327 4476 2590 4543 Νύσσης
2616 4474 2685 4528 ἐκ
2726 4472 2835 4553 τῆς
2855 4473 3093 4553 βίϐτιοιζ
3115 4472 3584 4553 τῆςηιςγομένης
3616 4476 3769 4530 Θεο..

842 4541 1149 4595 inscribitur
1180 4542 1258 4597 De
1285 4546 1575 4614 cognitione
1606 4545 1721 4599 Dei.

556 4664 714 4731 Quod
777 4683 843 4721 es
874 4667 1198 4739 simplicium
1246 4672 1638 4727 elementorum
1687 4681 1867 4735 terrae,
1897 4688 2072 4742 aquae,

488 4772 653 4821 aeris,
671 4758 812 4829 ignis
830 4761 1202 4831 permistione,
1223 4772 1317 4817 aut
1338 4779 1403 4816 ex
1427 4763 1764 4833 corpusculis
1786 4763 2076 4818 individuis

489 4852 695 4916 omnia,
740 4867 861 4922 qua:
900 4854 954 4908 in
988 4855 1193 4910 mundo
1248 4865 1399 4918 sunt,
1452 4864 1724 4919 constent,
1784 4864 1841 4909 ut
1882 4857 2077 4910 asserit

492 4942 786 5011 Epicurus,
817 4947 959 5016 quod
992 4948 1360 5016 genitumest
1403 4962 1510 5000 non
1543 4947 1747 5017 genito,
1816 4948 2074 5018 quodque

492 5035 693 5091 factum
725 5037 985 5094 eﬂ‘ectore
1014 5039 1133 5094 sine
1191 5038 1298 5093 ulla
1353 5039 1692 5094 dubitatione
1731 5049 1887 5096 tanto
1935 5055 2077 5111 pra:-

494 5130 732 5184 stantius
790 5138 955 5201 atque
986 5131 1306 5202 praeclarius
1359 5133 1823 5202 deprehendetur,
1871 5143 2075 5204 quanto

492 5220 840 5290 simplicibus
911 5224 1201 5279 elementis
1270 5235 1327 5279 et
1382 5226 1724 5295 corpusculis
1775 5224 1901 5286 illis.
1955 5241 2075 5295 quae

491 5324 703 5373 atomos
734 5317 945 5384 dicunt,
980 5317 1144 5373 homo
1175 5319 1438 5390 praecellit
1468 5356 1483 5372 .
1510 5318 1777 5375 Praeterea
1800 5319 2076 5390 quomodo

491 5420 613 5475 qua:
640 5418 835 5463 natura
867 5408 1013 5463 inter
1038 5424 1098 5464 se
1120 5411 1397 5466 contraria
1425 5419 1575 5477 sunt,
1612 5420 1709 5466 aut
1747 5411 1870 5465 sine
1900 5410 2073 5466 detri-

495 5508 682 5553 mento
715 5498 787 5553 ad
823 5499 987 5555 unius
1025 5501 1176 5556 orbis
1201 5503 1594 5573 perfectionem
1631 5512 2071 5560 concurrerunt:

490 5595 589 5644 aut
624 5589 744 5643 sine
774 5591 1009 5647 consilio
1049 5592 1372 5665 rationeque
1406 5596 1705 5651 convenire
1758 5596 1902 5652 inter
1932 5610 1992 5650 se
2020 5603 2077 5650 et

498 5693 806 5749 congruere
850 5690 1188 5752 potuerunt:
1236 5695 1332 5741 aut
1363 5686 1569 5743 homini
1616 5688 1879 5742 rationem
1928 5689 2075 5743 inse-

494 5785 635 5839 rere,
665 5788 773 5845 qua
794 5775 913 5849 ipsa
943 5788 1133 5837 carent
1168 5780 1417 5852 omnino,
1442 5780 1647 5856 quippe
1666 5796 1787 5854 qum
1815 5780 1980 5839 animi
2010 5794 2075 5839 ac

2552 4546 2817 4614 τννωσίας
2839 4546 2990 4598 κατά
3022 4543 3141 4598 τῶν
3169 4544 3389 4600 αὐτῶν.

2249 4664 2421 4734 Εἴπερ
2449 4664 2512 4717 ὲκ
2544 4661 2646 4732 τῆς
2670 4663 2778 4715 τῶν
2798 4660 2983 4715 ἁπλῶν
3005 4660 3284 4731 στοιχείων
3304 4662 3611 4727 συνουσίας,
3652 4662 3766 4733 γῆς

2177 4757 2340 4824 λέγω,
2376 4757 2470 4810 καὶ
2509 4755 2726 4818 ὕδατος,
2754 4756 2848 4809 καὶ
2876 4754 3056 4826 ἀέρος,
3098 4756 3192 4808 καὶ
3245 4754 3489 4826 πυρδς,ῆ
3523 4756 3630 4808 τῶν
3659 4756 3766 4810 λε-

2174 4853 2423 4924 γομένων
2444 4853 2662 4923 ἀτόμων
2682 4849 2805 4905 κατ’
2848 4848 3167 4919 Ἐπίκουρον
3198 4849 3267 4902 τὰ
3289 4849 3559 4918 ὲτκόσμια
3590 4850 3765 4917 γιγέο

2176 4961 2354 5016 νηται,
2384 4942 2744 5013 εὑρεθήσεται
2778 4942 2841 4995 τὸ
2870 4943 3130 5012 γεννητὸν
3166 4941 3260 4994 τοῦ
3308 4942 3633 5012 ἀγεννήτου,
3659 4944 3767 4997 καὶ

2177 5036 2237 5091 τὸ
2275 5036 2500 5107 ποιηθὲν
2549 5036 2645 5090 τοῦ
2700 5036 3031 5106 ποιήσαντος
3093 5034 3442 5104 ἀσυγκρίτως
3484 5037 3761 5105 κρεῖττον,
3852 5065 3857 5070 ε

2177 5129 2273 5182 καὶ
2306 5126 2655 5197 τιμιώτερον,
2684 5128 2780 5180 καὶ
2810 5124 3069 5179 τοσοῦτον
3122 5126 3248 5178 ὅσον
3275 5127 3303 5178 6
3327 5123 3424 5179 ἀνθ
3434 5142 3616 5195 ρωπος
3646 5126 3767 5178 τῶν

2176 5220 2365 5275 ἁπλῶν
2402 5220 2683 5290 στοιχείων
2733 5219 2830 5273 καὶ
2884 5219 2993 5273 τῶν
3044 5217 3355 5289 εἰρημένων
3392 5217 3612 5286 ἀτόμων
3642 5215 3769 5270 δια-

2177 5313 2382 5386 φορώτε
2394 5329 2503 5384 ρος.
2530 5314 2652 5377 Πῶς
2673 5313 2721 5367 δ’
2744 5313 2809 5366 ἂν
2841 5311 2935 5366 καὶ
2965 5311 3107 5365 κατὰ
3134 5310 3298 5379 φύσιν
3332 5310 3551 5364 ἐναντία
3615 5324 3752 5363 συν-

2177 5410 2414 5480 έδραμον
2459 5406 2713 5471 ἀϐλαϐῶς
2751 5408 2831 5469 είς
2888 5405 3006 5468 ἐνὸς
3058 5406 3267 5473 κόσμου
3326 5405 3765 5475 συμπλήρωσινς

2180 5502 2306 5562 Πῶς
2334 5500 2379 5554 δ’
2424 5500 2492 5554 ἂν
2527 5498 2624 5552 καὶ
2658 5496 3056 5567 συνεφώνησαν
3087 5498 3188 5550 οὐκ
3234 5496 3429 5567 ἔχοντα
3472 5494 3767 5564 βούλησιν,

2177 5592 2211 5666 ἢ
2244 5592 2439 5662 λόγον;
2472 5592 2543 5645 Ἤ
2574 5589 2691 5655 πῶς
2720 5590 2800 5661 τῷ
2849 5588 3127 5661 ἀνθρώπῳ
3171 5588 3333 5657 λόγον
3384 5586 3660 5658 ἀνέθηκαν
3692 5587 3771 5641 τὲ

2180 5685 2456 5749 παντελῶς
2487 5684 2690 5755 ἄψυχα,
2732 5684 2826 5738 καὶ
2856 5684 3050 5753 ἄλογα,
3097 5686 3191 5737 καὶ
3222 5680 3564 5753 ἀναίσθητας
3606 5679 3770 5734 Ἔδει

2178 5779 2237 5836 δὲ
2271 5778 2363 5833 καὶ
2390 5770 2439 5847 ᾧ
2464 5778 2524 5833 τὸ
2552 5776 2717 5833 πλέον
2756 5776 2858 5849 τῆς
2906 5775 3176 5847 σφετέρας
3211 5774 3402 5840 οὐσίας
3431 5771 3770 5846 ἀπειλήραιμ
