  <div class='ocr_page' id='page_1' title='image "/cluster/home/n/w/nwhite01/storage/ocr_20150623/130/hvd.32044019208255/026.png"; bbox 0 0 4048 6590; ppageno 0'>
   <div class='ocr_carea' id='block_1_1' title="bbox 237 451 3529 556">
    <p class='ocr_par' dir='ltr' id='par_1_1' title="bbox 237 451 3529 556">
     <span class='ocr_line' id='line_1_1' title="bbox 237 451 3529 556; baseline 0.008 -25"><span class='ocrx_word' id='word_1_1' title='bbox 237 473 310 532; x_wconf 79' lang='lat'><strong>37</strong></span> <span class='ocrx_word' id='word_1_2' title='bbox 1240 480 1621 542; x_wconf 77' lang='lat' dir='ltr'><strong>PANOPLIA</strong></span> <span class='ocrx_word' id='word_1_3' title='bbox 1666 482 2129 545; x_wconf 74' lang='lat' dir='ltr'><strong>DOGMATICA.</strong></span> <span class='ocrx_word' id='word_1_4' title='bbox 2167 510 2236 525; x_wconf 93' lang='lat'><strong>—</strong></span> <span class='ocrx_word' id='word_1_5' title='bbox 2275 489 2426 553; x_wconf 86' lang='lat' dir='ltr'><strong>TIT.</strong></span> <span class='ocrx_word' id='word_1_6' title='bbox 2472 489 2523 556; x_wconf 84' lang='grc' dir='ltr'><strong>ι.</strong></span> <span class='ocrx_word' id='word_1_7' title='bbox 3455 451 3529 556; x_wconf 84' lang='lat'><strong>38</strong></span> 
     </span>
    </p>
   </div>
   <div class='ocr_carea' id='block_1_2' title="bbox 241 577 1845 675">
    <p class='ocr_par' dir='ltr' id='par_1_2' title="bbox 241 583 1825 666">
     <span class='ocr_line' id='line_1_2' title="bbox 241 583 1825 666; baseline 0.006 -28"><span class='ocrx_word' id='word_1_8' title='bbox 241 585 353 638; x_wconf 76' lang='grc' dir='ltr'><strong>κᾶν</strong></span> <span class='ocrx_word' id='word_1_9' title='bbox 389 584 419 639; x_wconf 85' lang='grc' dir='ltr'><strong>ό</strong></span> <span class='ocrx_word' id='word_1_10' title='bbox 454 583 627 654; x_wconf 89' lang='grc' dir='ltr'>Λόγος</span> <span class='ocrx_word' id='word_1_11' title='bbox 682 585 820 640; x_wconf 76' lang='grc' dir='ltr'>Θεοῦ</span> <span class='ocrx_word' id='word_1_12' title='bbox 860 588 1108 659; x_wconf 76' lang='grc' dir='ltr'><strong>λέγηται,</strong></span> <span class='ocrx_word' id='word_1_13' title='bbox 1168 591 1268 645; x_wconf 87' lang='grc' dir='ltr'><strong>οὑκ</strong></span> <span class='ocrx_word' id='word_1_14' title='bbox 1311 594 1369 647; x_wconf 79' lang='grc' dir='ltr'><strong>έν</strong></span> <span class='ocrx_word' id='word_1_15' title='bbox 1402 597 1470 666; x_wconf 80' lang='grc' dir='ltr'>τῇ</span> <span class='ocrx_word' id='word_1_16' title='bbox 1530 595 1678 666; x_wconf 71' lang='grc' dir='ltr'>ὁρμῇ</span> <span class='ocrx_word' id='word_1_17' title='bbox 1729 593 1825 648; x_wconf 78' lang='grc' dir='ltr'>τοῦ</span> 
     </span>
    </p>
   </div>
   <div class='ocr_carea' id='block_1_3' title="bbox 1945 577 3524 675">
    <p class='ocr_par' dir='ltr' id='par_1_3' title="bbox 1945 577 3524 675">
     <span class='ocr_line' id='line_1_3' title="bbox 1945 577 3524 675; baseline 0.006 -24"><span class='ocrx_word' id='word_1_18' title='bbox 1945 597 2018 663; x_wconf 77' lang='lat' dir='ltr'><strong>lit,</strong></span> <span class='ocrx_word' id='word_1_19' title='bbox 2050 601 2116 653; x_wconf 82' lang='lat' dir='ltr'><strong>ad</strong></span> <span class='ocrx_word' id='word_1_20' title='bbox 2149 600 2422 672; x_wconf 75' lang='lat' dir='ltr'><strong>loquentis</strong></span> <span class='ocrx_word' id='word_1_21' title='bbox 2456 605 2721 675; x_wconf 77' lang='lat' dir='ltr'><strong>impetum</strong></span> <span class='ocrx_word' id='word_1_22' title='bbox 2773 577 3063 675; x_wconf 86' lang='lat' dir='ltr'><strong>consistat,</strong></span> <span class='ocrx_word' id='word_1_23' title='bbox 3097 615 3154 662; x_wconf 87' lang='lat' dir='ltr'><strong>et</strong></span> <span class='ocrx_word' id='word_1_24' title='bbox 3189 602 3258 659; x_wconf 87' lang='lat' dir='ltr'><strong>ad</strong></span> <span class='ocrx_word' id='word_1_25' title='bbox 3293 603 3524 660; x_wconf 83' lang='lat' dir='ltr'><strong>nihilum</strong></span> 
     </span>
    </p>
   </div>
   <div class='ocr_carea' id='block_1_4' title="bbox 241 677 1828 756">
    <p class='ocr_par' dir='ltr' id='par_1_4' title="bbox 241 677 1828 756">
     <span class='ocr_line' id='line_1_4' title="bbox 241 677 1828 756; baseline 0.008 -27"><span class='ocrx_word' id='word_1_26' title='bbox 241 677 625 747; x_wconf 76' lang='grc' dir='ltr'><strong>φθεγγομένου</strong></span> <span class='ocrx_word' id='word_1_27' title='bbox 644 679 743 750; x_wconf 77' lang='grc' dir='ltr'><strong>τὴν</strong></span> <span class='ocrx_word' id='word_1_28' title='bbox 767 680 1068 736; x_wconf 78' lang='grc' dir='ltr'>ὑπόστασιν</span> <span class='ocrx_word' id='word_1_29' title='bbox 1095 682 1240 754; x_wconf 72' lang='grc' dir='ltr'>ἔχειν</span> <span class='ocrx_word' id='word_1_30' title='bbox 1262 685 1674 756; x_wconf 81' lang='grc' dir='ltr'>νομισθήσεται,</span> <span class='ocrx_word' id='word_1_31' title='bbox 1705 687 1828 742; x_wconf 87' lang='grc' dir='ltr'>καθ’</span> 
     </span>
    </p>
   </div>
   <div class='ocr_carea' id='block_1_5' title="bbox 243 770 1830 850">
    <p class='ocr_par' dir='ltr' id='par_1_5' title="bbox 243 770 1830 850">
     <span class='ocr_line' id='line_1_5' title="bbox 243 770 1830 850; baseline 0.008 -30"><span class='ocrx_word' id='word_1_32' title='bbox 243 770 544 839; x_wconf 79' lang='grc' dir='ltr'>ὁμοιότητα</span> <span class='ocrx_word' id='word_1_33' title='bbox 563 770 658 824; x_wconf 82' lang='grc' dir='ltr'>τοῦ</span> <span class='ocrx_word' id='word_1_34' title='bbox 689 771 965 849; x_wconf 76' lang='grc' dir='ltr'>ἡμετέρου</span> <span class='ocrx_word' id='word_1_35' title='bbox 993 777 1330 847; x_wconf 81' lang='grc' dir='ltr'>μεταχωρῶν</span> <span class='ocrx_word' id='word_1_36' title='bbox 1357 780 1436 842; x_wconf 85' lang='grc' dir='ltr'><strong>είς</strong></span> <span class='ocrx_word' id='word_1_37' title='bbox 1457 779 1830 850; x_wconf 82' lang='grc' dir='ltr'>ἀνύπαρκτον,</span> 
     </span>
    </p>
   </div>
   <div class='ocr_carea' id='block_1_6' title="bbox 242 856 1836 937">
    <p class='ocr_par' dir='ltr' id='par_1_6' title="bbox 242 856 1836 937">
     <span class='ocr_line' id='line_1_6' title="bbox 242 856 1836 937; baseline 0.009 -29"><span class='ocrx_word' id='word_1_38' title='bbox 242 857 364 909; x_wconf 77' lang='grc' dir='ltr'><strong>ἀλλ’</strong></span> <span class='ocrx_word' id='word_1_39' title='bbox 398 856 589 928; x_wconf 83' lang='grc' dir='ltr'>ὥσπερ</span> <span class='ocrx_word' id='word_1_40' title='bbox 640 860 672 928; x_wconf 79' lang='grc' dir='ltr'>ἠ</span> <span class='ocrx_word' id='word_1_41' title='bbox 711 861 960 932; x_wconf 77' lang='grc' dir='ltr'>ἡμετέρα</span> <span class='ocrx_word' id='word_1_42' title='bbox 1002 862 1164 933; x_wconf 74' lang='grc' dir='ltr'>φύσις</span> <span class='ocrx_word' id='word_1_43' title='bbox 1219 866 1485 937; x_wconf 82' lang='grc' dir='ltr'>ὲπίκηρος</span> <span class='ocrx_word' id='word_1_44' title='bbox 1535 867 1697 934; x_wconf 78' lang='grc' dir='ltr'>οὖσα,</span> <span class='ocrx_word' id='word_1_45' title='bbox 1737 869 1836 922; x_wconf 76' lang='grc' dir='ltr'>καὶ</span> 
     </span>
    </p>
   </div>
   <div class='ocr_carea' id='block_1_7' title="bbox 246 949 1839 1032">
    <p class='ocr_par' dir='ltr' id='par_1_7' title="bbox 246 949 1839 1032">
     <span class='ocr_line' id='line_1_7' title="bbox 246 949 1839 1032; baseline 0.009 -32"><span class='ocrx_word' id='word_1_46' title='bbox 246 949 522 1020; x_wconf 75' lang='grc' dir='ltr'><strong>ἐπίκηρον</strong></span> <span class='ocrx_word' id='word_1_47' title='bbox 566 951 660 1004; x_wconf 79' lang='grc' dir='ltr'>τὸν</span> <span class='ocrx_word' id='word_1_48' title='bbox 710 953 870 1020; x_wconf 79' lang='grc' dir='ltr'>λόγον</span> <span class='ocrx_word' id='word_1_49' title='bbox 922 955 1057 1026; x_wconf 75' lang='grc' dir='ltr'>ἔχει,</span> <span class='ocrx_word' id='word_1_50' title='bbox 1115 959 1288 1023; x_wconf 82' lang='grc' dir='ltr'>οὓτως</span> <span class='ocrx_word' id='word_1_51' title='bbox 1321 960 1354 1030; x_wconf 82' lang='grc' dir='ltr'>ἡ</span> <span class='ocrx_word' id='word_1_52' title='bbox 1385 959 1682 1032; x_wconf 64' lang='grc' dir='ltr'>ἄφθαρτος,</span> <span class='ocrx_word' id='word_1_53' title='bbox 1741 963 1839 1016; x_wconf 72' lang='grc' dir='ltr'>καὶ</span> 
     </span>
    </p>
   </div>
   <div class='ocr_carea' id='block_1_8' title="bbox 240 1039 1837 1118">
    <p class='ocr_par' dir='ltr' id='par_1_8' title="bbox 240 1039 1837 1118">
     <span class='ocr_line' id='line_1_8' title="bbox 240 1039 1837 1118; baseline 0.009 -26"><span class='ocrx_word' id='word_1_54' title='bbox 240 1039 334 1092; x_wconf 75' lang='grc' dir='ltr'><strong>ἀεὶ</strong></span> <span class='ocrx_word' id='word_1_55' title='bbox 374 1041 589 1094; x_wconf 81' lang='grc' dir='ltr'>ἑστῶσα</span> <span class='ocrx_word' id='word_1_56' title='bbox 617 1042 779 1110; x_wconf 77' lang='grc' dir='ltr'>φύσις</span> <span class='ocrx_word' id='word_1_57' title='bbox 810 1044 982 1099; x_wconf 79' lang='grc' dir='ltr'>ἀΐδιον</span> <span class='ocrx_word' id='word_1_58' title='bbox 1017 1046 1247 1116; x_wconf 72' lang='grc' dir='ltr'>ἔχεικαὶ</span> <span class='ocrx_word' id='word_1_59' title='bbox 1281 1049 1570 1118; x_wconf 73' lang='grc' dir='ltr'><strong>ὑφεστῶτα</strong></span> <span class='ocrx_word' id='word_1_60' title='bbox 1619 1052 1709 1105; x_wconf 86' lang='grc' dir='ltr'><strong>τὸν</strong></span> <span class='ocrx_word' id='word_1_61' title='bbox 1735 1053 1837 1106; x_wconf 84' lang='grc' dir='ltr'>Λό-</span> 
     </span>
    </p>
   </div>
   <div class='ocr_carea' id='block_1_9' title="bbox 249 1133 1838 1217">
    <p class='ocr_par' dir='ltr' id='par_1_9' title="bbox 249 1133 1838 1217">
     <span class='ocr_line' id='line_1_9' title="bbox 249 1133 1838 1217; baseline 0.01 -33"><span class='ocrx_word' id='word_1_62' title='bbox 249 1149 372 1198; x_wconf 87' lang='grc' dir='ltr'>γον.</span> <span class='ocrx_word' id='word_1_63' title='bbox 407 1133 468 1186; x_wconf 83' lang='grc' dir='ltr'>Εί</span> <span class='ocrx_word' id='word_1_64' title='bbox 507 1134 561 1187; x_wconf 79' lang='grc' dir='ltr'>δὲ</span> <span class='ocrx_word' id='word_1_65' title='bbox 591 1136 752 1190; x_wconf 79' lang='grc' dir='ltr'>τοῦτο</span> <span class='ocrx_word' id='word_1_66' title='bbox 781 1140 924 1192; x_wconf 82' lang='grc' dir='ltr'>κατά</span> <span class='ocrx_word' id='word_1_67' title='bbox 956 1139 1015 1193; x_wconf 87' lang='grc' dir='ltr'><strong>τδ</strong></span> <span class='ocrx_word' id='word_1_68' title='bbox 1035 1141 1331 1195; x_wconf 80' lang='grc' dir='ltr'>ἀκόλουθον</span> <span class='ocrx_word' id='word_1_69' title='bbox 1362 1145 1744 1217; x_wconf 80' lang='grc' dir='ltr'>ὁμολογηθείη,</span> <span class='ocrx_word' id='word_1_70' title='bbox 1776 1146 1838 1200; x_wconf 72' lang='grc' dir='ltr'>τὸ</span> 
     </span>
    </p>
   </div>
   <div class='ocr_carea' id='block_1_10' title="bbox 245 1224 1835 1306">
    <p class='ocr_par' dir='ltr' id='par_1_10' title="bbox 245 1224 1835 1306">
     <span class='ocr_line' id='line_1_10' title="bbox 245 1224 1835 1306; baseline 0.011 -29"><span class='ocrx_word' id='word_1_71' title='bbox 245 1224 547 1293; x_wconf 75' lang='grc' dir='ltr'><strong>ὑφεστάναι</strong></span> <span class='ocrx_word' id='word_1_72' title='bbox 575 1227 668 1282; x_wconf 73' lang='grc' dir='ltr'>τὸν</span> <span class='ocrx_word' id='word_1_73' title='bbox 697 1229 791 1283; x_wconf 84' lang='grc' dir='ltr'>τοῦ</span> <span class='ocrx_word' id='word_1_74' title='bbox 817 1231 954 1285; x_wconf 80' lang='grc' dir='ltr'>Θεοῦ</span> <span class='ocrx_word' id='word_1_75' title='bbox 987 1233 1161 1302; x_wconf 81' lang='grc' dir='ltr'>Λόγον</span> <span class='ocrx_word' id='word_1_76' title='bbox 1187 1236 1394 1298; x_wconf 82' lang='grc' dir='ltr'>άῖδίως.</span> <span class='ocrx_word' id='word_1_77' title='bbox 1430 1237 1644 1306; x_wconf 79' lang='grc' dir='ltr'><strong>ἀνάγκη</strong></span> <span class='ocrx_word' id='word_1_78' title='bbox 1685 1241 1835 1294; x_wconf 76' lang='grc' dir='ltr'>πᾶσα</span> 
     </span>
    </p>
   </div>
   <div class='ocr_carea' id='block_1_11' title="bbox 245 1316 1834 1401">
    <p class='ocr_par' dir='ltr' id='par_1_11' title="bbox 245 1316 1834 1401">
     <span class='ocr_line' id='line_1_11' title="bbox 245 1316 1834 1401; baseline 0.012 -33"><span class='ocrx_word' id='word_1_79' title='bbox 245 1317 308 1370; x_wconf 79' lang='grc' dir='ltr'><strong>ἐν</strong></span> <span class='ocrx_word' id='word_1_80' title='bbox 346 1316 456 1394; x_wconf 75' lang='grc' dir='ltr'><strong>ζωῇ</strong></span> <span class='ocrx_word' id='word_1_81' title='bbox 499 1320 594 1374; x_wconf 83' lang='grc' dir='ltr'>τοῦ</span> <span class='ocrx_word' id='word_1_82' title='bbox 634 1323 810 1392; x_wconf 81' lang='grc' dir='ltr'>Λόγου</span> <span class='ocrx_word' id='word_1_83' title='bbox 861 1325 958 1398; x_wconf 82' lang='grc' dir='ltr'><strong>τὴν</strong></span> <span class='ocrx_word' id='word_1_84' title='bbox 1001 1328 1300 1382; x_wconf 84' lang='grc' dir='ltr'>ὑπόστασιν</span> <span class='ocrx_word' id='word_1_85' title='bbox 1344 1325 1482 1384; x_wconf 78' lang='grc' dir='ltr'>εῖναι</span> <span class='ocrx_word' id='word_1_86' title='bbox 1529 1330 1834 1401; x_wconf 80' lang='grc' dir='ltr'>ὀμ·.λογεῖν.</span> 
     </span>
    </p>
   </div>
   <div class='ocr_carea' id='block_1_12' title="bbox 245 1410 1836 1493">
    <p class='ocr_par' dir='ltr' id='par_1_12' title="bbox 245 1410 1836 1493">
     <span class='ocr_line' id='line_1_12' title="bbox 245 1410 1836 1493; baseline 0.011 -32"><span class='ocrx_word' id='word_1_87' title='bbox 245 1410 326 1462; x_wconf 89' lang='grc' dir='ltr'>Οὑ</span> <span class='ocrx_word' id='word_1_88' title='bbox 349 1411 456 1481; x_wconf 77' lang='grc' dir='ltr'>γάρ</span> <span class='ocrx_word' id='word_1_89' title='bbox 481 1413 603 1466; x_wconf 88' lang='grc' dir='ltr'>καθ’</span> <span class='ocrx_word' id='word_1_90' title='bbox 631 1416 924 1487; x_wconf 82' lang='grc' dir='ltr'>ὁμοιότητα</span> <span class='ocrx_word' id='word_1_91' title='bbox 949 1419 1057 1471; x_wconf 87' lang='grc' dir='ltr'><strong>τῶν</strong></span> <span class='ocrx_word' id='word_1_92' title='bbox 1083 1419 1250 1474; x_wconf 76' lang='grc' dir='ltr'>λίθων</span> <span class='ocrx_word' id='word_1_93' title='bbox 1275 1422 1500 1493; x_wconf 74' lang='grc' dir='ltr'>ἀψύχοις</span> <span class='ocrx_word' id='word_1_94' title='bbox 1532 1424 1836 1490; x_wconf 64' lang='grc' dir='ltr'>ὑφεστάναι</span> 
     </span>
    </p>
   </div>
   <div class='ocr_carea' id='block_1_13' title="bbox 245 1501 1834 1585">
    <p class='ocr_par' dir='ltr' id='par_1_13' title="bbox 245 1501 1834 1585">
     <span class='ocr_line' id='line_1_13' title="bbox 245 1501 1834 1585; baseline 0.009 -32"><span class='ocrx_word' id='word_1_95' title='bbox 245 1501 342 1554; x_wconf 68' lang='grc' dir='ltr'><strong>τον</strong></span> <span class='ocrx_word' id='word_1_96' title='bbox 379 1503 552 1570; x_wconf 86' lang='grc' dir='ltr'>Λόγον</span> <span class='ocrx_word' id='word_1_97' title='bbox 592 1505 790 1574; x_wconf 87' lang='grc' dir='ltr'>εὑαγές</span> <span class='ocrx_word' id='word_1_98' title='bbox 822 1510 973 1562; x_wconf 78' lang='grc' dir='ltr'>ἐστιν</span> <span class='ocrx_word' id='word_1_99' title='bbox 1011 1510 1256 1565; x_wconf 75' lang='grc' dir='ltr'>οἴεσθαιο</span> <span class='ocrx_word' id='word_1_100' title='bbox 1293 1512 1410 1566; x_wconf 82' lang='grc' dir='ltr'>ἀλλ’</span> <span class='ocrx_word' id='word_1_101' title='bbox 1442 1513 1490 1566; x_wconf 86' lang='grc' dir='ltr'><strong>εί</strong></span> <span class='ocrx_word' id='word_1_102' title='bbox 1530 1515 1834 1585; x_wconf 78' lang='grc' dir='ltr'><strong>ὑφέστηκε,</strong></span> 
     </span>
    </p>
   </div>
   <div class='ocr_carea' id='block_1_14' title="bbox 247 1596 1836 1678">
    <p class='ocr_par' dir='ltr' id='par_1_14' title="bbox 247 1596 1836 1678">
     <span class='ocr_line' id='line_1_14' title="bbox 247 1596 1836 1678; baseline 0.01 -33"><span class='ocrx_word' id='word_1_103' title='bbox 247 1596 440 1664; x_wconf 86' lang='grc' dir='ltr'>νοερόν</span> <span class='ocrx_word' id='word_1_104' title='bbox 469 1613 522 1648; x_wconf 90' lang='grc' dir='ltr'><strong>τι</strong></span> <span class='ocrx_word' id='word_1_105' title='bbox 562 1599 753 1667; x_wconf 80' lang='grc' dir='ltr'>χρῆμα</span> <span class='ocrx_word' id='word_1_106' title='bbox 809 1602 904 1654; x_wconf 74' lang='grc' dir='ltr'><strong>καὶ</strong></span> <span class='ocrx_word' id='word_1_107' title='bbox 930 1597 1225 1672; x_wconf 82' lang='grc' dir='ltr'>ἀσώματον</span> <span class='ocrx_word' id='word_1_108' title='bbox 1264 1605 1348 1669; x_wconf 82' lang='grc' dir='ltr'><strong>ὃν,</strong></span> <span class='ocrx_word' id='word_1_109' title='bbox 1402 1607 1467 1678; x_wconf 79' lang='grc' dir='ltr'><strong>ζῇ</strong></span> <span class='ocrx_word' id='word_1_110' title='bbox 1502 1608 1741 1671; x_wconf 85' lang='grc' dir='ltr'>πάντως.</span> <span class='ocrx_word' id='word_1_111' title='bbox 1771 1609 1836 1663; x_wconf 75' lang='lat' dir='ltr'><strong>Et</strong></span> 
     </span>
    </p>
   </div>
   <div class='ocr_carea' id='block_1_15' title="bbox 245 1684 1833 1760">
    <p class='ocr_par' dir='ltr' id='par_1_15' title="bbox 245 1684 1833 1760">
     <span class='ocr_line' id='line_1_15' title="bbox 245 1684 1833 1760; baseline 0.009 -24"><span class='ocrx_word' id='word_1_112' title='bbox 245 1684 307 1738; x_wconf 81' lang='grc' dir='ltr'>δὲ</span> <span class='ocrx_word' id='word_1_113' title='bbox 343 1685 438 1738; x_wconf 78' lang='grc' dir='ltr'>τοῦ</span> <span class='ocrx_word' id='word_1_114' title='bbox 479 1686 581 1756; x_wconf 81' lang='grc' dir='ltr'><strong>ζῇν</strong></span> <span class='ocrx_word' id='word_1_115' title='bbox 622 1687 981 1758; x_wconf 80' lang='grc' dir='ltr'>κεχώρισται,</span> <span class='ocrx_word' id='word_1_116' title='bbox 1015 1694 1141 1746; x_wconf 80' lang='grc' dir='ltr'>οὑδὲ</span> <span class='ocrx_word' id='word_1_117' title='bbox 1177 1695 1234 1748; x_wconf 80' lang='grc' dir='ltr'><strong>ἐν</strong></span> <span class='ocrx_word' id='word_1_118' title='bbox 1268 1696 1568 1750; x_wconf 77' lang='grc' dir='ltr'>ὑποστάσει</span> <span class='ocrx_word' id='word_1_119' title='bbox 1616 1697 1833 1760; x_wconf 78' lang='grc' dir='ltr'>πάντως</span> 
     </span>
    </p>
   </div>
   <div class='ocr_carea' id='block_1_16' title="bbox 246 1778 1835 1859">
    <p class='ocr_par' dir='ltr' id='par_1_16' title="bbox 246 1778 1835 1859">
     <span class='ocr_line' id='line_1_16' title="bbox 246 1778 1835 1859; baseline 0.009 -30"><span class='ocrx_word' id='word_1_120' title='bbox 246 1778 424 1836; x_wconf 65' lang='grc' dir='ltr'>ἐστίν.</span> <span class='ocrx_word' id='word_1_121' title='bbox 474 1779 637 1834; x_wconf 77' lang='grc' dir='ltr'>Ἀλλὰ</span> <span class='ocrx_word' id='word_1_122' title='bbox 693 1783 798 1852; x_wconf 77' lang='grc' dir='ltr'><strong>μὴν</strong></span> <span class='ocrx_word' id='word_1_123' title='bbox 832 1785 1027 1848; x_wconf 76' lang='grc' dir='ltr'>ἀσεϐὲς</span> <span class='ocrx_word' id='word_1_124' title='bbox 1079 1787 1377 1859; x_wconf 71' lang='grc' dir='ltr'><strong>ἀπεδείχθη</strong></span> <span class='ocrx_word' id='word_1_125' title='bbox 1431 1790 1524 1842; x_wconf 77' lang='grc' dir='ltr'>τὸν</span> <span class='ocrx_word' id='word_1_126' title='bbox 1561 1789 1656 1842; x_wconf 80' lang='grc' dir='ltr'>τοῦ</span> <span class='ocrx_word' id='word_1_127' title='bbox 1697 1789 1835 1844; x_wconf 80' lang='grc' dir='ltr'>Θεοῦ</span> 
     </span>
    </p>
   </div>
   <div class='ocr_carea' id='block_1_17' title="bbox 250 1870 1835 1952">
    <p class='ocr_par' dir='ltr' id='par_1_17' title="bbox 250 1870 1835 1952">
     <span class='ocr_line' id='line_1_17' title="bbox 250 1870 1835 1952; baseline 0.007 -29"><span class='ocrx_word' id='word_1_128' title='bbox 250 1870 434 1938; x_wconf 82' lang='grc' dir='ltr'>Λόγον</span> <span class='ocrx_word' id='word_1_129' title='bbox 479 1873 855 1928; x_wconf 87' lang='grc' dir='ltr'>ἀνυπόστατον</span> <span class='ocrx_word' id='word_1_130' title='bbox 931 1874 1110 1931; x_wconf 78' lang='grc' dir='ltr'>εἶναι’</span> <span class='ocrx_word' id='word_1_131' title='bbox 1167 1879 1364 1933; x_wconf 78' lang='grc' dir='ltr'>οὐκοῦν</span> <span class='ocrx_word' id='word_1_132' title='bbox 1442 1881 1835 1952; x_wconf 83' lang='grc' dir='ltr'>συναπεδείχθη</span> 
     </span>
    </p>
   </div>
   <div class='ocr_carea' id='block_1_18' title="bbox 247 1961 1914 2043">
    <p class='ocr_par' dir='ltr' id='par_1_18' title="bbox 247 1961 1914 2043">
     <span class='ocr_line' id='line_1_18' title="bbox 247 1961 1914 2043; baseline 0.008 -31"><span class='ocrx_word' id='word_1_133' title='bbox 247 1961 394 2014; x_wconf 79' lang='grc' dir='ltr'>κατὰ</span> <span class='ocrx_word' id='word_1_134' title='bbox 449 1961 512 2014; x_wconf 76' lang='grc' dir='ltr'>τὺ</span> <span class='ocrx_word' id='word_1_135' title='bbox 571 1965 869 2020; x_wconf 78' lang='grc' dir='ltr'>ἀκόλουθον</span> <span class='ocrx_word' id='word_1_136' title='bbox 908 1969 970 2021; x_wconf 81' lang='grc' dir='ltr'><strong>τὸ</strong></span> <span class='ocrx_word' id='word_1_137' title='bbox 1013 1971 1070 2020; x_wconf 80' lang='grc' dir='ltr'><strong>ὲν</strong></span> <span class='ocrx_word' id='word_1_138' title='bbox 1123 1969 1235 2041; x_wconf 77' lang='grc' dir='ltr'><strong>ζωῇ</strong></span> <span class='ocrx_word' id='word_1_139' title='bbox 1289 1971 1480 2024; x_wconf 80' lang='grc' dir='ltr'>τοῦτον</span> <span class='ocrx_word' id='word_1_140' title='bbox 1516 1972 1838 2043; x_wconf 84' lang='grc' dir='ltr'>θεωρεῖσθαι</span> <span class='ocrx_word' id='word_1_141' title='bbox 1868 1967 1914 2026; x_wconf 88' lang='grc' dir='ltr'><strong>Β</strong></span> 
     </span>
    </p>
   </div>
   <div class='ocr_carea' id='block_1_19' title="bbox 245 2047 1838 2132">
    <p class='ocr_par' dir='ltr' id='par_1_19' title="bbox 245 2047 1838 2132">
     <span class='ocr_line' id='line_1_19' title="bbox 245 2047 1838 2132; baseline 0.009 -28"><span class='ocrx_word' id='word_1_142' title='bbox 245 2052 346 2105; x_wconf 72' lang='grc' dir='ltr'><strong>τὸν</strong></span> <span class='ocrx_word' id='word_1_143' title='bbox 383 2053 580 2121; x_wconf 89' lang='grc' dir='ltr'>Λόγον.</span> <span class='ocrx_word' id='word_1_144' title='bbox 631 2047 835 2129; x_wconf 71' lang='grc' dir='ltr'>Ἀπλῆς</span> <span class='ocrx_word' id='word_1_145' title='bbox 865 2059 922 2112; x_wconf 64' lang='grc' dir='ltr'>δὲ</span> <span class='ocrx_word' id='word_1_146' title='bbox 956 2060 1057 2130; x_wconf 79' lang='grc' dir='ltr'><strong>τῆς</strong></span> <span class='ocrx_word' id='word_1_147' title='bbox 1092 2061 1183 2114; x_wconf 76' lang='grc' dir='ltr'>τοῦ</span> <span class='ocrx_word' id='word_1_148' title='bbox 1221 2062 1400 2130; x_wconf 87' lang='grc' dir='ltr'>Λόγου</span> <span class='ocrx_word' id='word_1_149' title='bbox 1437 2063 1654 2132; x_wconf 85' lang='grc' dir='ltr'>φύσεως</span> <span class='ocrx_word' id='word_1_150' title='bbox 1694 2066 1838 2120; x_wconf 83' lang='grc' dir='ltr'><strong>κατά</strong></span> 
     </span>
    </p>
   </div>
   <div class='ocr_carea' id='block_1_20' title="bbox 247 2143 1837 2228">
    <p class='ocr_par' dir='ltr' id='par_1_20' title="bbox 247 2143 1837 2228">
     <span class='ocr_line' id='line_1_20' title="bbox 247 2143 1837 2228; baseline 0.006 -31"><span class='ocrx_word' id='word_1_151' title='bbox 247 2144 315 2197; x_wconf 72' lang='grc' dir='ltr'>τὸ</span> <span class='ocrx_word' id='word_1_152' title='bbox 339 2147 488 2210; x_wconf 68' lang='grc' dir='ltr'>είκδς</span> <span class='ocrx_word' id='word_1_153' title='bbox 510 2143 650 2203; x_wconf 71' lang='grc' dir='ltr'>εἶναι</span> <span class='ocrx_word' id='word_1_154' title='bbox 678 2153 1137 2224; x_wconf 65' lang='grc' dir='ltr'>πεπιστευμένης,</span> <span class='ocrx_word' id='word_1_155' title='bbox 1165 2155 1262 2208; x_wconf 78' lang='grc' dir='ltr'>καὶ</span> <span class='ocrx_word' id='word_1_156' title='bbox 1288 2152 1409 2208; x_wconf 71' lang='grc' dir='ltr'>οὑδὲ</span> <span class='ocrx_word' id='word_1_157' title='bbox 1441 2155 1572 2226; x_wconf 79' lang='grc' dir='ltr'>μίαν</span> <span class='ocrx_word' id='word_1_158' title='bbox 1591 2155 1837 2228; x_wconf 81' lang='grc' dir='ltr'><strong>διπλόην,</strong></span> 
     </span>
    </p>
   </div>
   <div class='ocr_carea' id='block_1_21' title="bbox 251 2236 1840 2316">
    <p class='ocr_par' dir='ltr' id='par_1_21' title="bbox 251 2236 1840 2316">
     <span class='ocr_line' id='line_1_21' title="bbox 251 2236 1840 2316; baseline 0.009 -28"><span class='ocrx_word' id='word_1_159' title='bbox 251 2236 348 2288; x_wconf 68' lang='grc' dir='ltr'>καὶ</span> <span class='ocrx_word' id='word_1_160' title='bbox 386 2239 637 2292; x_wconf 75' lang='grc' dir='ltr'>σύνθεσιν</span> <span class='ocrx_word' id='word_1_161' title='bbox 667 2241 725 2294; x_wconf 82' lang='grc' dir='ltr'>ἐν</span> <span class='ocrx_word' id='word_1_162' title='bbox 781 2243 948 2316; x_wconf 75' lang='grc' dir='ltr'>ἑαυτῇ</span> <span class='ocrx_word' id='word_1_163' title='bbox 980 2245 1358 2316; x_wconf 72' lang='grc' dir='ltr'><strong>δεικνυούσης,</strong></span> <span class='ocrx_word' id='word_1_164' title='bbox 1393 2249 1492 2301; x_wconf 79' lang='grc' dir='ltr'>οὐκ</span> <span class='ocrx_word' id='word_1_165' title='bbox 1525 2248 1598 2301; x_wconf 78' lang='grc' dir='ltr'><strong>ἔτ’</strong></span> <span class='ocrx_word' id='word_1_166' title='bbox 1649 2250 1718 2304; x_wconf 84' lang='grc' dir='ltr'><strong>ἄν</strong></span> <span class='ocrx_word' id='word_1_167' title='bbox 1755 2267 1840 2314; x_wconf 86' lang='grc' dir='ltr'><strong>τις</strong></span> 
     </span>
    </p>
   </div>
   <div class='ocr_carea' id='block_1_22' title="bbox 248 2331 1836 2414">
    <p class='ocr_par' dir='ltr' id='par_1_22' title="bbox 248 2331 1836 2414">
     <span class='ocr_line' id='line_1_22' title="bbox 248 2331 1836 2414; baseline 0.009 -32"><span class='ocrx_word' id='word_1_168' title='bbox 248 2331 396 2383; x_wconf 75' lang='grc' dir='ltr'>κατὰ</span> <span class='ocrx_word' id='word_1_169' title='bbox 425 2335 718 2402; x_wconf 80' lang='grc' dir='ltr'>μετουσίαν</span> <span class='ocrx_word' id='word_1_170' title='bbox 745 2333 888 2408; x_wconf 78' lang='grc' dir='ltr'>ζωῆς</span> <span class='ocrx_word' id='word_1_171' title='bbox 919 2341 1008 2391; x_wconf 79' lang='grc' dir='ltr'><strong>τὸν</strong></span> <span class='ocrx_word' id='word_1_172' title='bbox 1040 2341 1215 2408; x_wconf 84' lang='grc' dir='ltr'>Λόγον</span> <span class='ocrx_word' id='word_1_173' title='bbox 1240 2341 1298 2394; x_wconf 85' lang='grc' dir='ltr'>ὲν</span> <span class='ocrx_word' id='word_1_174' title='bbox 1324 2341 1438 2413; x_wconf 79' lang='grc' dir='ltr'><strong>ζωῇ</strong></span> <span class='ocrx_word' id='word_1_175' title='bbox 1473 2341 1728 2414; x_wconf 84' lang='grc' dir='ltr'>θεωροίη.</span> <span class='ocrx_word' id='word_1_176' title='bbox 1759 2343 1836 2396; x_wconf 84' lang='grc' dir='ltr'>Οὑ</span> 
     </span>
    </p>
   </div>
   <div class='ocr_carea' id='block_1_23' title="bbox 245 2423 1841 2506">
    <p class='ocr_par' dir='ltr' id='par_1_23' title="bbox 245 2423 1841 2506">
     <span class='ocr_line' id='line_1_23' title="bbox 245 2423 1841 2506; baseline 0.009 -33"><span class='ocrx_word' id='word_1_177' title='bbox 245 2423 360 2492; x_wconf 75' lang='grc' dir='ltr'><strong>γάρ</strong></span> <span class='ocrx_word' id='word_1_178' title='bbox 401 2424 557 2487; x_wconf 75' lang='grc' dir='ltr'>ἐκτὸς</span> <span class='ocrx_word' id='word_1_179' title='bbox 616 2427 701 2496; x_wconf 84' lang='grc' dir='ltr'><strong>είη</strong></span> <span class='ocrx_word' id='word_1_180' title='bbox 744 2429 1050 2495; x_wconf 75' lang='grc' dir='ltr'>συνθέσεως</span> <span class='ocrx_word' id='word_1_181' title='bbox 1094 2433 1126 2503; x_wconf 78' lang='grc' dir='ltr'><strong>ἡ</strong></span> <span class='ocrx_word' id='word_1_182' title='bbox 1165 2431 1390 2504; x_wconf 79' lang='grc' dir='ltr'>τοιαύτη</span> <span class='ocrx_word' id='word_1_183' title='bbox 1448 2435 1738 2506; x_wconf 52' lang='grc' dir='ltr'>ὑπόληζις,</span> <span class='ocrx_word' id='word_1_184' title='bbox 1779 2434 1841 2488; x_wconf 81' lang='grc' dir='ltr'>τὸ</span> 
     </span>
    </p>
   </div>
   <div class='ocr_carea' id='block_1_24' title="bbox 246 2513 1840 2593">
    <p class='ocr_par' dir='ltr' id='par_1_24' title="bbox 246 2513 1840 2593">
     <span class='ocr_line' id='line_1_24' title="bbox 246 2513 1840 2593; baseline 0.008 -28"><span class='ocrx_word' id='word_1_185' title='bbox 246 2513 444 2580; x_wconf 69' lang='grc' dir='ltr'>ἕτερον</span> <span class='ocrx_word' id='word_1_186' title='bbox 465 2516 523 2567; x_wconf 78' lang='grc' dir='ltr'>ὲν</span> <span class='ocrx_word' id='word_1_187' title='bbox 547 2515 718 2586; x_wconf 77' lang='grc' dir='ltr'>ἑτέρῳ</span> <span class='ocrx_word' id='word_1_188' title='bbox 748 2517 928 2586; x_wconf 83' lang='grc' dir='ltr'>λέγειν</span> <span class='ocrx_word' id='word_1_189' title='bbox 954 2516 1120 2584; x_wconf 79' lang='grc' dir='ltr'>εἶναι,</span> <span class='ocrx_word' id='word_1_190' title='bbox 1149 2522 1268 2575; x_wconf 82' lang='grc' dir='ltr'>ἀλλ’</span> <span class='ocrx_word' id='word_1_191' title='bbox 1306 2523 1522 2593; x_wconf 78' lang='grc' dir='ltr'><strong>ἀνάγκη</strong></span> <span class='ocrx_word' id='word_1_192' title='bbox 1556 2527 1708 2577; x_wconf 72' lang='grc' dir='ltr'>πάσα</span> <span class='ocrx_word' id='word_1_193' title='bbox 1738 2523 1840 2590; x_wconf 85' lang='grc' dir='ltr'><strong>τῆς</strong></span> 
     </span>
    </p>
   </div>
   <div class='ocr_carea' id='block_1_25' title="bbox 250 2603 1840 2684">
    <p class='ocr_par' dir='ltr' id='par_1_25' title="bbox 250 2603 1840 2684">
     <span class='ocr_line' id='line_1_25' title="bbox 250 2603 1840 2684; baseline 0.008 -28"><span class='ocrx_word' id='word_1_194' title='bbox 250 2603 558 2674; x_wconf 78' lang='grc' dir='ltr'><strong>ἁπλότητος</strong></span> <span class='ocrx_word' id='word_1_195' title='bbox 599 2608 1065 2681; x_wconf 75' lang='grc' dir='ltr'>όμολογουμένης,</span> <span class='ocrx_word' id='word_1_196' title='bbox 1101 2613 1386 2684; x_wconf 79' lang='grc' dir='ltr'>αὑτοζωὴν</span> <span class='ocrx_word' id='word_1_197' title='bbox 1424 2611 1564 2668; x_wconf 77' lang='grc' dir='ltr'>εἶναι</span> <span class='ocrx_word' id='word_1_198' title='bbox 1597 2615 1688 2667; x_wconf 84' lang='grc' dir='ltr'><strong>τὸν</strong></span> <span class='ocrx_word' id='word_1_199' title='bbox 1734 2615 1840 2668; x_wconf 74' lang='lat' dir='ltr'><strong>A6-</strong></span> 
     </span>
    </p>
   </div>
   <div class='ocr_carea' id='block_1_26' title="bbox 250 2697 1838 2777">
    <p class='ocr_par' dir='ltr' id='par_1_26' title="bbox 250 2697 1838 2777">
     <span class='ocr_line' id='line_1_26' title="bbox 250 2697 1838 2777; baseline 0.009 -26"><span class='ocrx_word' id='word_1_200' title='bbox 250 2712 351 2764; x_wconf 87' lang='grc' dir='ltr'><strong>γον</strong></span> <span class='ocrx_word' id='word_1_201' title='bbox 386 2697 618 2763; x_wconf 72' lang='grc' dir='ltr'>οἴεσθαι,</span> <span class='ocrx_word' id='word_1_202' title='bbox 640 2701 701 2754; x_wconf 85' lang='grc' dir='ltr'><strong>οὑ</strong></span> <span class='ocrx_word' id='word_1_203' title='bbox 734 2701 883 2773; x_wconf 75' lang='grc' dir='ltr'>ζωῆς</span> <span class='ocrx_word' id='word_1_204' title='bbox 919 2705 1232 2775; x_wconf 78' lang='grc' dir='ltr'>μετουσίαν.</span> <span class='ocrx_word' id='word_1_205' title='bbox 1263 2707 1336 2768; x_wconf 71' lang='lat' dir='ltr'><strong>Et</strong></span> <span class='ocrx_word' id='word_1_206' title='bbox 1358 2705 1451 2760; x_wconf 72' lang='grc' dir='ltr'><strong>οὖν</strong></span> <span class='ocrx_word' id='word_1_207' title='bbox 1481 2705 1548 2777; x_wconf 79' lang='grc' dir='ltr'><strong>ζῇ</strong></span> <span class='ocrx_word' id='word_1_208' title='bbox 1580 2707 1608 2758; x_wconf 88' lang='grc' dir='ltr'><strong>ό</strong></span> <span class='ocrx_word' id='word_1_209' title='bbox 1646 2707 1838 2774; x_wconf 77' lang='grc' dir='ltr'>Λόγος,</span> 
     </span>
    </p>
   </div>
   <div class='ocr_carea' id='block_1_27' title="bbox 249 2791 1841 2873">
    <p class='ocr_par' dir='ltr' id='par_1_27' title="bbox 249 2791 1841 2873">
     <span class='ocr_line' id='line_1_27' title="bbox 249 2791 1841 2873; baseline 0.004 -26"><span class='ocrx_word' id='word_1_210' title='bbox 249 2793 330 2856; x_wconf 84' lang='grc' dir='ltr'><strong>ὡς</strong></span> <span class='ocrx_word' id='word_1_211' title='bbox 393 2791 508 2866; x_wconf 77' lang='grc' dir='ltr'><strong>ζωὴ</strong></span> <span class='ocrx_word' id='word_1_212' title='bbox 554 2793 652 2862; x_wconf 83' lang='grc' dir='ltr'><strong>ὣν,</strong></span> <span class='ocrx_word' id='word_1_213' title='bbox 705 2798 800 2851; x_wconf 81' lang='grc' dir='ltr'>καὶ</span> <span class='ocrx_word' id='word_1_214' title='bbox 848 2802 1244 2871; x_wconf 79' lang='grc' dir='ltr'>προαιρετικὴν</span> <span class='ocrx_word' id='word_1_215' title='bbox 1289 2801 1409 2873; x_wconf 79' lang='grc' dir='ltr'>ἦτοι</span> <span class='ocrx_word' id='word_1_216' title='bbox 1467 2801 1841 2872; x_wconf 83' lang='grc' dir='ltr'>θεληματικὴν</span> 
     </span>
    </p>
   </div>
   <div class='ocr_carea' id='block_1_28' title="bbox 250 2888 1841 2965">
    <p class='ocr_par' dir='ltr' id='par_1_28' title="bbox 250 2888 1841 2965">
     <span class='ocr_line' id='line_1_28' title="bbox 250 2888 1841 2965; baseline 0.007 -28"><span class='ocrx_word' id='word_1_217' title='bbox 250 2888 473 2950; x_wconf 73' lang='grc' dir='ltr'>πάντως</span> <span class='ocrx_word' id='word_1_218' title='bbox 501 2888 732 2960; x_wconf 75' lang='grc' dir='ltr'>δύναμιν</span> <span class='ocrx_word' id='word_1_219' title='bbox 771 2891 909 2962; x_wconf 78' lang='grc' dir='ltr'>ἔχει.</span> <span class='ocrx_word' id='word_1_220' title='bbox 945 2892 1112 2946; x_wconf 78' lang='grc' dir='ltr'>Οὐδὲν</span> <span class='ocrx_word' id='word_1_221' title='bbox 1169 2892 1278 2965; x_wconf 83' lang='grc' dir='ltr'><strong>γὰρ</strong></span> <span class='ocrx_word' id='word_1_222' title='bbox 1326 2894 1694 2965; x_wconf 82' lang='grc' dir='ltr'>ἀπροαίρετον</span> <span class='ocrx_word' id='word_1_223' title='bbox 1737 2894 1841 2948; x_wconf 89' lang='grc' dir='ltr'><strong>τῶν</strong></span> 
     </span>
    </p>
   </div>
   <div class='ocr_carea' id='block_1_29' title="bbox 250 2979 1844 3059">
    <p class='ocr_par' dir='ltr' id='par_1_29' title="bbox 250 2979 1844 3059">
     <span class='ocr_line' id='line_1_29' title="bbox 250 2979 1844 3059; baseline 0.006 -28"><span class='ocrx_word' id='word_1_224' title='bbox 250 2979 476 3044; x_wconf 78' lang='grc' dir='ltr'>ζώντων</span> <span class='ocrx_word' id='word_1_225' title='bbox 504 2983 643 3039; x_wconf 76' lang='grc' dir='ltr'>ἐστί.</span> <span class='ocrx_word' id='word_1_226' title='bbox 687 2985 798 3056; x_wconf 79' lang='grc' dir='ltr'>Τὴν</span> <span class='ocrx_word' id='word_1_227' title='bbox 826 2985 937 3056; x_wconf 80' lang='grc' dir='ltr'>γὰρ</span> <span class='ocrx_word' id='word_1_228' title='bbox 968 2987 1290 3058; x_wconf 84' lang='grc' dir='ltr'>προαίρεσιν</span> <span class='ocrx_word' id='word_1_229' title='bbox 1319 2988 1527 3059; x_wconf 84' lang='grc' dir='ltr'>ταύτην</span> <span class='ocrx_word' id='word_1_230' title='bbox 1559 2989 1654 3041; x_wconf 75' lang='grc' dir='ltr'>καὶ</span> <span class='ocrx_word' id='word_1_231' title='bbox 1682 2990 1844 3042; x_wconf 81' lang='grc' dir='ltr'>δυνα-</span> 
     </span>
    </p>
   </div>
   <div class='ocr_carea' id='block_1_30' title="bbox 244 3069 1838 3149">
    <p class='ocr_par' dir='ltr' id='par_1_30' title="bbox 244 3069 1838 3149">
     <span class='ocr_line' id='line_1_30' title="bbox 244 3069 1838 3149; baseline 0.008 -25"><span class='ocrx_word' id='word_1_232' title='bbox 244 3072 353 3140; x_wconf 72' lang='grc' dir='ltr'>τὴν</span> <span class='ocrx_word' id='word_1_233' title='bbox 377 3069 519 3128; x_wconf 74' lang='grc' dir='ltr'>εἶναι</span> <span class='ocrx_word' id='word_1_234' title='bbox 543 3076 684 3129; x_wconf 84' lang='grc' dir='ltr'><strong>κατά</strong></span> <span class='ocrx_word' id='word_1_235' title='bbox 707 3077 770 3130; x_wconf 82' lang='grc' dir='ltr'>τὸ</span> <span class='ocrx_word' id='word_1_236' title='bbox 791 3079 1084 3133; x_wconf 83' lang='grc' dir='ltr'>ἀκόλουθον</span> <span class='ocrx_word' id='word_1_237' title='bbox 1106 3080 1326 3145; x_wconf 79' lang='grc' dir='ltr'>εὐσεόές</span> <span class='ocrx_word' id='word_1_238' title='bbox 1359 3082 1478 3134; x_wconf 78' lang='grc' dir='ltr'>ἐστι</span> <span class='ocrx_word' id='word_1_239' title='bbox 1501 3080 1838 3149; x_wconf 76' lang='grc' dir='ltr'>λογίζεσθαι.</span> 
     </span>
    </p>
   </div>
   <div class='ocr_carea' id='block_1_31' title="bbox 248 3163 1842 3243">
    <p class='ocr_par' dir='ltr' id='par_1_31' title="bbox 248 3163 1842 3243">
     <span class='ocr_line' id='line_1_31' title="bbox 248 3163 1842 3243; baseline 0.006 -26"><span class='ocrx_word' id='word_1_240' title='bbox 248 3163 316 3217; x_wconf 75' lang='lat' dir='ltr'><strong>Et</strong></span> <span class='ocrx_word' id='word_1_241' title='bbox 359 3167 467 3238; x_wconf 74' lang='grc' dir='ltr'><strong>γὰρ</strong></span> <span class='ocrx_word' id='word_1_242' title='bbox 511 3168 587 3239; x_wconf 83' lang='grc' dir='ltr'>μή</span> <span class='ocrx_word' id='word_1_243' title='bbox 626 3186 718 3232; x_wconf 85' lang='grc' dir='ltr'>,τις</span> <span class='ocrx_word' id='word_1_244' title='bbox 748 3169 810 3223; x_wconf 85' lang='grc' dir='ltr'>τὸ</span> <span class='ocrx_word' id='word_1_245' title='bbox 861 3170 1087 3226; x_wconf 74' lang='grc' dir='ltr'>δυνατὸν</span> <span class='ocrx_word' id='word_1_246' title='bbox 1116 3171 1428 3243; x_wconf 80' lang='grc' dir='ltr'>ὁμολογοίη,</span> <span class='ocrx_word' id='word_1_247' title='bbox 1470 3173 1531 3226; x_wconf 84' lang='grc' dir='ltr'>τὸ</span> <span class='ocrx_word' id='word_1_248' title='bbox 1577 3173 1842 3226; x_wconf 73' lang='grc' dir='ltr'>ἀδύνατον</span> 
     </span>
    </p>
   </div>
   <div class='ocr_carea' id='block_1_32' title="bbox 249 3257 1840 3335">
    <p class='ocr_par' dir='ltr' id='par_1_32' title="bbox 249 3257 1840 3335">
     <span class='ocr_line' id='line_1_32' title="bbox 249 3257 1840 3335; baseline 0.006 -26"><span class='ocrx_word' id='word_1_249' title='bbox 249 3257 476 3322; x_wconf 84' lang='grc' dir='ltr'>πάντως</span> <span class='ocrx_word' id='word_1_250' title='bbox 518 3262 938 3318; x_wconf 87' lang='grc' dir='ltr'>κατασκευάσει.</span> <span class='ocrx_word' id='word_1_251' title='bbox 1008 3264 1172 3318; x_wconf 80' lang='grc' dir='ltr'><strong>Ἀλλά</strong></span> <span class='ocrx_word' id='word_1_252' title='bbox 1223 3266 1331 3334; x_wconf 73' lang='grc' dir='ltr'>μὴν</span> <span class='ocrx_word' id='word_1_253' title='bbox 1373 3266 1564 3335; x_wconf 65' lang='grc' dir='ltr'>πόρρω</span> <span class='ocrx_word' id='word_1_254' title='bbox 1620 3264 1840 3328; x_wconf 82' lang='grc' dir='ltr'>πάντως</span> 
     </span>
    </p>
   </div>
   <div class='ocr_carea' id='block_1_33' title="bbox 246 3325 1909 3426">
    <p class='ocr_par' dir='ltr' id='par_1_33' title="bbox 246 3325 1909 3426">
     <span class='ocr_line' id='line_1_33' title="bbox 246 3325 1909 3426; baseline 0.006 -25"><span class='ocrx_word' id='word_1_255' title='bbox 246 3350 352 3419; x_wconf 77' lang='grc' dir='ltr'>τῆς</span> <span class='ocrx_word' id='word_1_256' title='bbox 406 3349 538 3422; x_wconf 81' lang='grc' dir='ltr'><strong>περὶ</strong></span> <span class='ocrx_word' id='word_1_257' title='bbox 594 3351 657 3405; x_wconf 81' lang='grc' dir='ltr'><strong>τὸ</strong></span> <span class='ocrx_word' id='word_1_258' title='bbox 714 3352 857 3407; x_wconf 82' lang='grc' dir='ltr'>θεῖον</span> <span class='ocrx_word' id='word_1_259' title='bbox 897 3325 1236 3426; x_wconf 47' lang='grc' dir='ltr'>ὑπολήψεως.</span> <span class='ocrx_word' id='word_1_260' title='bbox 1264 3325 1382 3409; x_wconf 44' lang='grc' dir='ltr'>ἐ-στι</span> <span class='ocrx_word' id='word_1_261' title='bbox 1422 3325 1497 3408; x_wconf 46' lang='grc' dir='ltr'>τὸ.</span> <span class='ocrx_word' id='word_1_262' title='bbox 1547 3325 1834 3412; x_wconf 46' lang='grc' dir='ltr'>άδὺνατονί</span> <span class='ocrx_word' id='word_1_263' title='bbox 1865 3325 1909 3387; x_wconf 79' lang='lat' dir='ltr'>C</span> 
     </span>
    </p>
   </div>
   <div class='ocr_carea' id='block_1_34' title="bbox 249 3441 1838 3518">
    <p class='ocr_par' dir='ltr' id='par_1_34' title="bbox 249 3441 1838 3518">
     <span class='ocr_line' id='line_1_34' title="bbox 249 3441 1838 3518; baseline 0.004 -23"><span class='ocrx_word' id='word_1_264' title='bbox 249 3441 424 3496; x_wconf 79' lang='grc' dir='ltr'>Οὐδὲν</span> <span class='ocrx_word' id='word_1_265' title='bbox 455 3443 563 3516; x_wconf 76' lang='grc' dir='ltr'>γὰρ</span> <span class='ocrx_word' id='word_1_266' title='bbox 589 3443 696 3497; x_wconf 85' lang='grc' dir='ltr'><strong>τῶν</strong></span> <span class='ocrx_word' id='word_1_267' title='bbox 739 3445 1195 3516; x_wconf 77' lang='grc' dir='ltr'>ἀπεμφαινόντων</span> <span class='ocrx_word' id='word_1_268' title='bbox 1227 3447 1356 3518; x_wconf 77' lang='grc' dir='ltr'>περὶ</span> <span class='ocrx_word' id='word_1_269' title='bbox 1388 3447 1483 3516; x_wconf 82' lang='grc' dir='ltr'>τὴν</span> <span class='ocrx_word' id='word_1_270' title='bbox 1515 3449 1666 3502; x_wconf 79' lang='grc' dir='ltr'>θείαν</span> <span class='ocrx_word' id='word_1_271' title='bbox 1700 3449 1838 3502; x_wconf 79' lang='lat' dir='ltr'><strong>Osw-</strong></span> 
     </span>
    </p>
   </div>
   <div class='ocr_carea' id='block_1_35' title="bbox 251 3535 1842 3612">
    <p class='ocr_par' dir='ltr' id='par_1_35' title="bbox 251 3535 1842 3612">
     <span class='ocr_line' id='line_1_35' title="bbox 251 3535 1842 3612; baseline 0.006 -25"><span class='ocrx_word' id='word_1_272' title='bbox 251 3537 433 3604; x_wconf 84' lang='grc' dir='ltr'>ρεῖται</span> <span class='ocrx_word' id='word_1_273' title='bbox 471 3535 656 3605; x_wconf 79' lang='grc' dir='ltr'>φύσιν.</span> <span class='ocrx_word' id='word_1_274' title='bbox 705 3537 945 3606; x_wconf 86' lang='grc' dir='ltr'>’Λνάγκη</span> <span class='ocrx_word' id='word_1_275' title='bbox 971 3539 1026 3592; x_wconf 82' lang='grc' dir='ltr'>δὲ</span> <span class='ocrx_word' id='word_1_276' title='bbox 1070 3542 1220 3596; x_wconf 78' lang='grc' dir='ltr'>πᾶσα</span> <span class='ocrx_word' id='word_1_277' title='bbox 1245 3542 1518 3612; x_wconf 73' lang='grc' dir='ltr'>τοσαύτην</span> <span class='ocrx_word' id='word_1_278' title='bbox 1539 3539 1681 3595; x_wconf 82' lang='grc' dir='ltr'>εἶναι</span> <span class='ocrx_word' id='word_1_279' title='bbox 1713 3544 1842 3611; x_wconf 83' lang='grc' dir='ltr'>ὁμο-</span> 
     </span>
    </p>
   </div>
   <div class='ocr_carea' id='block_1_36' title="bbox 250 3631 1846 3706">
    <p class='ocr_par' dir='ltr' id='par_1_36' title="bbox 250 3631 1846 3706">
     <span class='ocr_line' id='line_1_36' title="bbox 250 3631 1846 3706; baseline 0.003 -24"><span class='ocrx_word' id='word_1_280' title='bbox 250 3631 442 3698; x_wconf 80' lang='grc' dir='ltr'>λογεῖν</span> <span class='ocrx_word' id='word_1_281' title='bbox 504 3631 599 3684; x_wconf 81' lang='grc' dir='ltr'>τοῦ</span> <span class='ocrx_word' id='word_1_282' title='bbox 658 3631 834 3700; x_wconf 86' lang='grc' dir='ltr'>Λόγου</span> <span class='ocrx_word' id='word_1_283' title='bbox 887 3633 988 3700; x_wconf 78' lang='grc' dir='ltr'>τὴν</span> <span class='ocrx_word' id='word_1_284' title='bbox 1025 3633 1280 3704; x_wconf 81' lang='grc' dir='ltr'>δύναμιν,</span> <span class='ocrx_word' id='word_1_285' title='bbox 1320 3635 1420 3704; x_wconf 78' lang='grc' dir='ltr'><strong>ὅση</strong></span> <span class='ocrx_word' id='word_1_286' title='bbox 1477 3636 1594 3689; x_wconf 71' lang='grc' dir='ltr'>ἐστὶ</span> <span class='ocrx_word' id='word_1_287' title='bbox 1666 3637 1759 3688; x_wconf 80' lang='grc' dir='ltr'><strong>καὶ</strong></span> <span class='ocrx_word' id='word_1_288' title='bbox 1808 3635 1846 3706; x_wconf 73' lang='grc' dir='ltr'>ἡ</span> 
     </span>
    </p>
   </div>
   <div class='ocr_carea' id='block_1_37' title="bbox 254 3723 1837 3796">
    <p class='ocr_par' dir='ltr' id='par_1_37' title="bbox 254 3723 1837 3796">
     <span class='ocr_line' id='line_1_37' title="bbox 254 3723 1837 3796; baseline 0.004 -22"><span class='ocrx_word' id='word_1_289' title='bbox 254 3723 543 3793; x_wconf 81' lang='grc' dir='ltr'>πρόθεσις,</span> <span class='ocrx_word' id='word_1_290' title='bbox 583 3726 672 3780; x_wconf 76' lang='grc' dir='ltr'><strong>ἵνα</strong></span> <span class='ocrx_word' id='word_1_291' title='bbox 712 3725 789 3796; x_wconf 83' lang='grc' dir='ltr'>μή</span> <span class='ocrx_word' id='word_1_292' title='bbox 829 3743 914 3789; x_wconf 89' lang='grc' dir='ltr'><strong>τις</strong></span> <span class='ocrx_word' id='word_1_293' title='bbox 953 3727 1103 3796; x_wconf 78' lang='grc' dir='ltr'>μίξις</span> <span class='ocrx_word' id='word_1_294' title='bbox 1142 3727 1250 3780; x_wconf 82' lang='grc' dir='ltr'><strong>τῶν</strong></span> <span class='ocrx_word' id='word_1_295' title='bbox 1279 3729 1546 3782; x_wconf 78' lang='grc' dir='ltr'>ἐναντίων</span> <span class='ocrx_word' id='word_1_296' title='bbox 1583 3727 1678 3780; x_wconf 77' lang='grc' dir='ltr'>καὶ</span> <span class='ocrx_word' id='word_1_297' title='bbox 1711 3744 1837 3780; x_wconf 77' lang='grc' dir='ltr'>συν-</span> 
     </span>
    </p>
   </div>
   <div class='ocr_carea' id='block_1_38' title="bbox 253 3815 1843 3888">
    <p class='ocr_par' dir='ltr' id='par_1_38' title="bbox 253 3815 1843 3888">
     <span class='ocr_line' id='line_1_38' title="bbox 253 3815 1843 3888; baseline 0.002 -21"><span class='ocrx_word' id='word_1_298' title='bbox 253 3815 437 3886; x_wconf 82' lang='grc' dir='ltr'>δρομὴ</span> <span class='ocrx_word' id='word_1_299' title='bbox 471 3816 599 3887; x_wconf 80' lang='grc' dir='ltr'>περὶ</span> <span class='ocrx_word' id='word_1_300' title='bbox 627 3817 690 3870; x_wconf 84' lang='grc' dir='ltr'><strong>τὸ</strong></span> <span class='ocrx_word' id='word_1_301' title='bbox 723 3815 934 3870; x_wconf 79' lang='grc' dir='ltr'>ἁπλοῦν</span> <span class='ocrx_word' id='word_1_302' title='bbox 962 3817 1240 3886; x_wconf 83' lang='grc' dir='ltr'>θεωροῖτο.</span> <span class='ocrx_word' id='word_1_303' title='bbox 1292 3819 1618 3888; x_wconf 80' lang='grc' dir='ltr'>’Λδυναμίας</span> <span class='ocrx_word' id='word_1_304' title='bbox 1653 3818 1709 3871; x_wconf 70' lang='grc' dir='ltr'>δὲ</span> <span class='ocrx_word' id='word_1_305' title='bbox 1747 3818 1843 3871; x_wconf 79' lang='grc' dir='ltr'>καὶ</span> 
     </span>
    </p>
   </div>
   <div class='ocr_carea' id='block_1_39' title="bbox 255 3907 1844 3982">
    <p class='ocr_par' dir='ltr' id='par_1_39' title="bbox 255 3907 1844 3982">
     <span class='ocr_line' id='line_1_39' title="bbox 255 3907 1844 3982; baseline 0 -20"><span class='ocrx_word' id='word_1_306' title='bbox 255 3907 543 3980; x_wconf 77' lang='grc' dir='ltr'>δυνάμεως</span> <span class='ocrx_word' id='word_1_307' title='bbox 581 3912 640 3963; x_wconf 85' lang='grc' dir='ltr'>ὲν</span> <span class='ocrx_word' id='word_1_308' title='bbox 663 3911 728 3980; x_wconf 73' lang='grc' dir='ltr'>τῇ</span> <span class='ocrx_word' id='word_1_309' title='bbox 769 3910 906 3980; x_wconf 83' lang='grc' dir='ltr'>αὐτῇ</span> <span class='ocrx_word' id='word_1_310' title='bbox 942 3911 1196 3980; x_wconf 83' lang='grc' dir='ltr'>προθέσει</span> <span class='ocrx_word' id='word_1_311' title='bbox 1229 3909 1644 3981; x_wconf 84' lang='grc' dir='ltr'>θεωρουμένων,</span> <span class='ocrx_word' id='word_1_312' title='bbox 1684 3911 1844 3982; x_wconf 81' lang='grc' dir='ltr'>εἴπερ</span> 
     </span>
    </p>
   </div>
   <div class='ocr_carea' id='block_1_40' title="bbox 254 3999 1845 4074">
    <p class='ocr_par' dir='ltr' id='par_1_40' title="bbox 254 3999 1845 4074">
     <span class='ocr_line' id='line_1_40' title="bbox 254 3999 1845 4074; baseline 0.003 -22"><span class='ocrx_word' id='word_1_313' title='bbox 254 4001 324 4053; x_wconf 84' lang='grc' dir='ltr'>τὺ</span> <span class='ocrx_word' id='word_1_314' title='bbox 367 4001 467 4067; x_wconf 77' lang='grc' dir='ltr'><strong>μὲν</strong></span> <span class='ocrx_word' id='word_1_315' title='bbox 506 3999 750 4066; x_wconf 82' lang='grc' dir='ltr'>δύναται,</span> <span class='ocrx_word' id='word_1_316' title='bbox 783 4003 920 4073; x_wconf 73' lang='grc' dir='ltr'>πρὸς</span> <span class='ocrx_word' id='word_1_317' title='bbox 954 4003 1010 4055; x_wconf 88' lang='grc' dir='ltr'><strong>δέ</strong></span> <span class='ocrx_word' id='word_1_318' title='bbox 1037 4016 1089 4055; x_wconf 82' lang='grc' dir='ltr'><strong>τι</strong></span> <span class='ocrx_word' id='word_1_319' title='bbox 1135 4003 1416 4066; x_wconf 81' lang='grc' dir='ltr'><strong>ἀδυνάτως</strong></span> <span class='ocrx_word' id='word_1_320' title='bbox 1469 4003 1606 4074; x_wconf 76' lang='grc' dir='ltr'>ἔχει,</span> <span class='ocrx_word' id='word_1_321' title='bbox 1664 4002 1845 4056; x_wconf 84' lang='grc' dir='ltr'>πάντα</span> 
     </span>
    </p>
   </div>
   <div class='ocr_carea' id='block_1_41' title="bbox 256 4092 1844 4166">
    <p class='ocr_par' dir='ltr' id='par_1_41' title="bbox 256 4092 1844 4166">
     <span class='ocr_line' id='line_1_41' title="bbox 256 4092 1844 4166; baseline 0.001 -20"><span class='ocrx_word' id='word_1_322' title='bbox 256 4092 319 4146; x_wconf 83' lang='grc' dir='ltr'>δὲ</span> <span class='ocrx_word' id='word_1_323' title='bbox 345 4093 655 4166; x_wconf 79' lang='grc' dir='ltr'>δυναμένην</span> <span class='ocrx_word' id='word_1_324' title='bbox 677 4093 777 4166; x_wconf 81' lang='grc' dir='ltr'>τὴν</span> <span class='ocrx_word' id='word_1_325' title='bbox 815 4095 910 4149; x_wconf 82' lang='grc' dir='ltr'><strong>τοῦ</strong></span> <span class='ocrx_word' id='word_1_326' title='bbox 936 4095 1112 4163; x_wconf 87' lang='grc' dir='ltr'>Λόγου</span> <span class='ocrx_word' id='word_1_327' title='bbox 1145 4096 1488 4166; x_wconf 86' lang='grc' dir='ltr'>προαίρεσιν,</span> <span class='ocrx_word' id='word_1_328' title='bbox 1523 4095 1657 4166; x_wconf 77' lang='grc' dir='ltr'>πρὸς</span> <span class='ocrx_word' id='word_1_329' title='bbox 1691 4095 1844 4148; x_wconf 67' lang='grc' dir='ltr'>οὐδὲν</span> 
     </span>
    </p>
   </div>
   <div class='ocr_carea' id='block_1_42' title="bbox 256 4186 1843 4261">
    <p class='ocr_par' dir='ltr' id='par_1_42' title="bbox 256 4186 1843 4261">
     <span class='ocr_line' id='line_1_42' title="bbox 256 4186 1843 4261; baseline -0.001 -20"><span class='ocrx_word' id='word_1_330' title='bbox 256 4188 373 4241; x_wconf 87' lang='grc' dir='ltr'><strong>τῶν</strong></span> <span class='ocrx_word' id='word_1_331' title='bbox 424 4187 608 4241; x_wconf 84' lang='grc' dir='ltr'>κακῶν</span> <span class='ocrx_word' id='word_1_332' title='bbox 655 4187 754 4257; x_wconf 71' lang='grc' dir='ltr'>τὴν</span> <span class='ocrx_word' id='word_1_333' title='bbox 801 4188 974 4261; x_wconf 72' lang='grc' dir='ltr'>ῥοπὴν</span> <span class='ocrx_word' id='word_1_334' title='bbox 1029 4189 1216 4259; x_wconf 76' lang='grc' dir='ltr'><strong>ἔχειν⁸</strong></span> <span class='ocrx_word' id='word_1_335' title='bbox 1259 4188 1521 4261; x_wconf 73' lang='grc' dir='ltr'>ἀλλοτρία</span> <span class='ocrx_word' id='word_1_336' title='bbox 1582 4189 1692 4258; x_wconf 75' lang='grc' dir='ltr'>γὰρ</span> <span class='ocrx_word' id='word_1_337' title='bbox 1741 4186 1843 4256; x_wconf 82' lang='grc' dir='ltr'><strong>τῆς</strong></span> 
     </span>
    </p>
   </div>
   <div class='ocr_carea' id='block_1_43' title="bbox 261 4277 1846 4353">
    <p class='ocr_par' dir='ltr' id='par_1_43' title="bbox 261 4277 1846 4353">
     <span class='ocr_line' id='line_1_43' title="bbox 261 4277 1846 4353; baseline 0.002 -24"><span class='ocrx_word' id='word_1_338' title='bbox 261 4277 416 4340; x_wconf 83' lang='grc' dir='ltr'>θείας</span> <span class='ocrx_word' id='word_1_339' title='bbox 445 4278 660 4347; x_wconf 71' lang='grc' dir='ltr'>φύσεως</span> <span class='ocrx_word' id='word_1_340' title='bbox 688 4279 721 4350; x_wconf 82' lang='grc' dir='ltr'>ή</span> <span class='ocrx_word' id='word_1_341' title='bbox 759 4279 896 4348; x_wconf 76' lang='grc' dir='ltr'>πρὸς</span> <span class='ocrx_word' id='word_1_342' title='bbox 924 4282 1124 4334; x_wconf 84' lang='grc' dir='ltr'>κακίαν</span> <span class='ocrx_word' id='word_1_343' title='bbox 1174 4281 1318 4353; x_wconf 82' lang='grc' dir='ltr'>ὁρμή</span> <span class='ocrx_word' id='word_1_344' title='bbox 1349 4294 1362 4309; x_wconf 79' lang='grc'><strong><em>⁸</em></strong></span> <span class='ocrx_word' id='word_1_345' title='bbox 1413 4279 1553 4334; x_wconf 83' lang='grc' dir='ltr'>ἀλλά</span> <span class='ocrx_word' id='word_1_346' title='bbox 1594 4281 1702 4334; x_wconf 84' lang='grc' dir='ltr'>πᾶν</span> <span class='ocrx_word' id='word_1_347' title='bbox 1740 4279 1767 4332; x_wconf 84' lang='grc' dir='ltr'>ὅ</span> <span class='ocrx_word' id='word_1_348' title='bbox 1793 4294 1846 4332; x_wconf 90' lang='grc' dir='ltr'><strong>τι</strong></span> 
     </span>
    </p>
   </div>
   <div class='ocr_carea' id='block_1_44' title="bbox 259 4355 1844 4442">
    <p class='ocr_par' dir='ltr' id='par_1_44' title="bbox 259 4355 1844 4442">
     <span class='ocr_line' id='line_1_44' title="bbox 259 4355 1844 4442; baseline 0.002 -20"><span class='ocrx_word' id='word_1_349' title='bbox 259 4387 372 4441; x_wconf 82' lang='grc' dir='ltr'><strong>περ</strong></span> <span class='ocrx_word' id='word_1_350' title='bbox 405 4372 554 4423; x_wconf 72' lang='grc' dir='ltr'>ἐστὶν</span> <span class='ocrx_word' id='word_1_351' title='bbox 583 4370 808 4440; x_wconf 75' lang='grc' dir='ltr'>ἀγαθὸν,</span> <span class='ocrx_word' id='word_1_352' title='bbox 841 4373 1000 4425; x_wconf 80' lang='grc' dir='ltr'>τοῦτο</span> <span class='ocrx_word' id='word_1_353' title='bbox 1029 4372 1125 4427; x_wconf 76' lang='grc' dir='ltr'>καὶ</span> <span class='ocrx_word' id='word_1_354' title='bbox 1150 4372 1437 4442; x_wconf 80' lang='grc' dir='ltr'>βούλεσθαι</span> <span class='ocrx_word' id='word_1_355' title='bbox 1455 4389 1467 4403; x_wconf 76' lang='grc' dir='ltr'><strong>ο</strong></span> <span class='ocrx_word' id='word_1_356' title='bbox 1510 4355 1844 4442; x_wconf 73' lang='grc' dir='ltr'>βουλομένην</span> 
     </span>
    </p>
   </div>
   <div class='ocr_carea' id='block_1_45' title="bbox 258 4461 1844 4536">
    <p class='ocr_par' dir='ltr' id='par_1_45' title="bbox 258 4461 1844 4536">
     <span class='ocr_line' id='line_1_45' title="bbox 258 4461 1844 4536; baseline 0.002 -23"><span class='ocrx_word' id='word_1_357' title='bbox 258 4461 344 4526; x_wconf 80' lang='grc' dir='ltr'>δὲ,</span> <span class='ocrx_word' id='word_1_358' title='bbox 383 4463 479 4516; x_wconf 67' lang='grc' dir='ltr'><strong>καὶ</strong></span> <span class='ocrx_word' id='word_1_359' title='bbox 516 4461 814 4517; x_wconf 82' lang='grc' dir='ltr'>δύνασθαι’</span> <span class='ocrx_word' id='word_1_360' title='bbox 855 4464 1168 4536; x_wconf 86' lang='grc' dir='ltr'>δυναμένην</span> <span class='ocrx_word' id='word_1_361' title='bbox 1220 4464 1301 4526; x_wconf 78' lang='grc' dir='ltr'><strong>δὲ,</strong></span> <span class='ocrx_word' id='word_1_362' title='bbox 1345 4464 1422 4534; x_wconf 84' lang='grc' dir='ltr'>μὴ</span> <span class='ocrx_word' id='word_1_363' title='bbox 1476 4464 1844 4535; x_wconf 80' lang='grc' dir='ltr'>ἀνενέργητον</span> 
     </span>
    </p>
   </div>
   <div class='ocr_carea' id='block_1_46' title="bbox 261 4549 1845 4626">
    <p class='ocr_par' dir='ltr' id='par_1_46' title="bbox 261 4549 1845 4626">
     <span class='ocr_line' id='line_1_46' title="bbox 261 4549 1845 4626; baseline 0.001 -20"><span class='ocrx_word' id='word_1_364' title='bbox 261 4549 433 4617; x_wconf 77' lang='grc' dir='ltr'>εἶναι,</span> <span class='ocrx_word' id='word_1_365' title='bbox 467 4553 605 4607; x_wconf 73' lang='grc' dir='ltr'>ἀλλὰ</span> <span class='ocrx_word' id='word_1_366' title='bbox 653 4557 833 4609; x_wconf 81' lang='grc' dir='ltr'>πᾶσαν</span> <span class='ocrx_word' id='word_1_367' title='bbox 865 4557 1072 4625; x_wconf 76' lang='grc' dir='ltr'>ἀγαθοῦ</span> <span class='ocrx_word' id='word_1_368' title='bbox 1113 4557 1373 4626; x_wconf 79' lang='grc' dir='ltr'>πρόθεσιν</span> <span class='ocrx_word' id='word_1_369' title='bbox 1420 4556 1500 4618; x_wconf 83' lang='grc' dir='ltr'>εἰς</span> <span class='ocrx_word' id='word_1_370' title='bbox 1555 4554 1845 4624; x_wconf 73' lang='grc' dir='ltr'>ἐνέργειαν</span> 
     </span>
    </p>
   </div>
   <div class='ocr_carea' id='block_1_47' title="bbox 264 4645 1845 4718">
    <p class='ocr_par' dir='ltr' id='par_1_47' title="bbox 264 4645 1845 4718">
     <span class='ocr_line' id='line_1_47' title="bbox 264 4645 1845 4718; baseline -0.001 -18"><span class='ocrx_word' id='word_1_371' title='bbox 264 4647 446 4714; x_wconf 76' lang='grc' dir='ltr'>ἄγειν.</span> <span class='ocrx_word' id='word_1_372' title='bbox 497 4646 726 4714; x_wconf 70' lang='grc' dir='ltr'>’Λγαθὺν</span> <span class='ocrx_word' id='word_1_373' title='bbox 751 4647 806 4701; x_wconf 83' lang='grc' dir='ltr'>δὲ</span> <span class='ocrx_word' id='word_1_374' title='bbox 845 4650 871 4701; x_wconf 88' lang='grc' dir='ltr'>ό</span> <span class='ocrx_word' id='word_1_375' title='bbox 908 4647 1132 4718; x_wconf 82' lang='grc' dir='ltr'>κόσμος,</span> <span class='ocrx_word' id='word_1_376' title='bbox 1160 4649 1256 4701; x_wconf 77' lang='grc' dir='ltr'>καὶ</span> <span class='ocrx_word' id='word_1_377' title='bbox 1285 4649 1352 4699; x_wconf 71' lang='grc' dir='ltr'><strong>τά</strong></span> <span class='ocrx_word' id='word_1_378' title='bbox 1398 4651 1454 4700; x_wconf 77' lang='grc' dir='ltr'>ἐν</span> <span class='ocrx_word' id='word_1_379' title='bbox 1483 4645 1635 4715; x_wconf 83' lang='grc' dir='ltr'>αὑτῷ</span> <span class='ocrx_word' id='word_1_380' title='bbox 1666 4646 1845 4700; x_wconf 81' lang='grc' dir='ltr'>πάντα</span> 
     </span>
    </p>
   </div>
   <div class='ocr_carea' id='block_1_48' title="bbox 267 4737 1845 4810">
    <p class='ocr_par' dir='ltr' id='par_1_48' title="bbox 267 4737 1845 4810">
     <span class='ocr_line' id='line_1_48' title="bbox 267 4737 1845 4810; baseline -0.001 -20"><span class='ocrx_word' id='word_1_381' title='bbox 267 4739 454 4806; x_wconf 81' lang='grc' dir='ltr'>σοφῶς</span> <span class='ocrx_word' id='word_1_382' title='bbox 483 4756 543 4792; x_wconf 87' lang='grc' dir='ltr'><strong>τε</strong></span> <span class='ocrx_word' id='word_1_383' title='bbox 568 4741 662 4792; x_wconf 71' lang='grc' dir='ltr'><strong>καὶ</strong></span> <span class='ocrx_word' id='word_1_384' title='bbox 685 4740 947 4810; x_wconf 83' lang='grc' dir='ltr'>τεχνικῶς</span> <span class='ocrx_word' id='word_1_385' title='bbox 970 4737 1348 4810; x_wconf 85' lang='grc' dir='ltr'>θεωρούμενα.</span> <span class='ocrx_word' id='word_1_386' title='bbox 1382 4740 1526 4810; x_wconf 78' lang='grc' dir='ltr'>’Λρα</span> <span class='ocrx_word' id='word_1_387' title='bbox 1548 4739 1642 4792; x_wconf 78' lang='grc' dir='ltr'><strong>τοῦ</strong></span> <span class='ocrx_word' id='word_1_388' title='bbox 1668 4739 1845 4807; x_wconf 82' lang='grc' dir='ltr'>Λόγου</span> 
     </span>
    </p>
   </div>
   <div class='ocr_carea' id='block_1_49' title="bbox 267 4831 1848 4904">
    <p class='ocr_par' dir='ltr' id='par_1_49' title="bbox 267 4831 1848 4904">
     <span class='ocr_line' id='line_1_49' title="bbox 267 4831 1848 4904; baseline -0.001 -19"><span class='ocrx_word' id='word_1_389' title='bbox 267 4831 413 4902; x_wconf 75' lang='grc' dir='ltr'>εργα</span> <span class='ocrx_word' id='word_1_390' title='bbox 465 4831 534 4885; x_wconf 76' lang='grc' dir='ltr'>τὰ</span> <span class='ocrx_word' id='word_1_391' title='bbox 570 4832 764 4897; x_wconf 82' lang='grc' dir='ltr'>πάντα,</span> <span class='ocrx_word' id='word_1_392' title='bbox 802 4831 896 4884; x_wconf 81' lang='grc' dir='ltr'><strong>τοῦ</strong></span> <span class='ocrx_word' id='word_1_393' title='bbox 932 4832 1135 4898; x_wconf 73' lang='grc' dir='ltr'>ζῶντος</span> <span class='ocrx_word' id='word_1_394' title='bbox 1195 4831 1318 4904; x_wconf 77' lang='grc' dir='ltr'>μὲν,</span> <span class='ocrx_word' id='word_1_395' title='bbox 1359 4833 1454 4885; x_wconf 73' lang='grc' dir='ltr'><strong>καὶ</strong></span> <span class='ocrx_word' id='word_1_396' title='bbox 1507 4831 1848 4900; x_wconf 64' lang='grc' dir='ltr'>ὑφεστῶτος,</span> 
     </span>
    </p>
   </div>
   <div class='ocr_carea' id='block_1_50' title="bbox 263 4922 1852 4998">
    <p class='ocr_par' dir='ltr' id='par_1_50' title="bbox 263 4922 1852 4998">
     <span class='ocr_line' id='line_1_50' title="bbox 263 4922 1852 4998; baseline -0.002 -20"><span class='ocrx_word' id='word_1_397' title='bbox 263 4926 352 4979; x_wconf 86' lang='grc' dir='ltr'>ὃτι</span> <span class='ocrx_word' id='word_1_398' title='bbox 391 4925 530 4979; x_wconf 82' lang='grc' dir='ltr'><strong>Θεοῦ</strong></span> <span class='ocrx_word' id='word_1_399' title='bbox 567 4926 740 4994; x_wconf 88' lang='grc' dir='ltr'>Λόγος</span> <span class='ocrx_word' id='word_1_400' title='bbox 775 4925 911 4990; x_wconf 70' lang='grc' dir='ltr'>ἐστὶ,</span> <span class='ocrx_word' id='word_1_401' title='bbox 949 4924 1386 4998; x_wconf 83' lang='grc' dir='ltr'>προαιρουμένου</span> <span class='ocrx_word' id='word_1_402' title='bbox 1418 4923 1495 4987; x_wconf 83' lang='grc' dir='ltr'>δὲ,</span> <span class='ocrx_word' id='word_1_403' title='bbox 1514 4923 1596 4977; x_wconf 85' lang='grc' dir='ltr'>ὅτι</span> <span class='ocrx_word' id='word_1_404' title='bbox 1630 4922 1721 4995; x_wconf 79' lang='grc' dir='ltr'><strong>ζῇ,</strong></span> <span class='ocrx_word' id='word_1_405' title='bbox 1759 4924 1852 4976; x_wconf 82' lang='grc' dir='ltr'><strong>δυ-</strong></span> 
     </span>
    </p>
   </div>
   <div class='ocr_carea' id='block_1_51' title="bbox 263 5017 1852 5092">
    <p class='ocr_par' dir='ltr' id='par_1_51' title="bbox 263 5017 1852 5092">
     <span class='ocr_line' id='line_1_51' title="bbox 263 5017 1852 5092; baseline -0.001 -19"><span class='ocrx_word' id='word_1_406' title='bbox 263 5018 508 5090; x_wconf 78' lang='grc' dir='ltr'>ναμένου</span> <span class='ocrx_word' id='word_1_407' title='bbox 535 5019 591 5072; x_wconf 73' lang='grc' dir='ltr'>δὲ</span> <span class='ocrx_word' id='word_1_408' title='bbox 631 5021 740 5073; x_wconf 77' lang='grc' dir='ltr'><strong>πᾶν</strong></span> <span class='ocrx_word' id='word_1_409' title='bbox 768 5021 795 5074; x_wconf 85' lang='grc' dir='ltr'><strong>ὃ</strong></span> <span class='ocrx_word' id='word_1_410' title='bbox 831 5037 884 5073; x_wconf 90' lang='grc' dir='ltr'><strong>τι</strong></span> <span class='ocrx_word' id='word_1_411' title='bbox 915 5037 1022 5092; x_wconf 86' lang='grc' dir='ltr'><strong>περ</strong></span> <span class='ocrx_word' id='word_1_412' title='bbox 1052 5021 1118 5074; x_wconf 81' lang='grc' dir='ltr'>ἂν</span> <span class='ocrx_word' id='word_1_413' title='bbox 1160 5019 1352 5090; x_wconf 73' lang='grc' dir='ltr'>ἕληται</span> <span class='ocrx_word' id='word_1_414' title='bbox 1375 5033 1390 5047; x_wconf 84' lang='grc'><em>’</em></span> <span class='ocrx_word' id='word_1_415' title='bbox 1425 5018 1756 5088; x_wconf 76' lang='grc' dir='ltr'>αἱρουμένου</span> <span class='ocrx_word' id='word_1_416' title='bbox 1792 5017 1852 5072; x_wconf 78' lang='grc' dir='ltr'>δὲ</span> 
     </span>
    </p>
   </div>
   <div class='ocr_carea' id='block_1_52' title="bbox 264 5111 1854 5192">
    <p class='ocr_par' dir='ltr' id='par_1_52' title="bbox 264 5111 1854 5192">
     <span class='ocr_line' id='line_1_52' title="bbox 264 5111 1854 5192; baseline -0.001 -26"><span class='ocrx_word' id='word_1_417' title='bbox 264 5111 332 5192; x_wconf 67' lang='grc' dir='ltr'>τὸ</span> <span class='ocrx_word' id='word_1_418' title='bbox 353 5115 560 5184; x_wconf 80' lang='grc' dir='ltr'>ἀγαθόν</span> <span class='ocrx_word' id='word_1_419' title='bbox 591 5131 671 5178; x_wconf 89' lang='grc' dir='ltr'><strong>τε,</strong></span> <span class='ocrx_word' id='word_1_420' title='bbox 701 5114 794 5167; x_wconf 75' lang='grc' dir='ltr'><strong>καὶ</strong></span> <span class='ocrx_word' id='word_1_421' title='bbox 826 5116 990 5184; x_wconf 68' lang='grc' dir='ltr'>σοφὸν</span> <span class='ocrx_word' id='word_1_422' title='bbox 1021 5112 1263 5176; x_wconf 75' lang='grc' dir='ltr'>πάντως,</span> <span class='ocrx_word' id='word_1_423' title='bbox 1291 5113 1384 5164; x_wconf 75' lang='grc' dir='ltr'><strong>καὶ</strong></span> <span class='ocrx_word' id='word_1_424' title='bbox 1403 5111 1523 5164; x_wconf 85' lang='grc' dir='ltr'>εἴτι</span> <span class='ocrx_word' id='word_1_425' title='bbox 1545 5113 1645 5178; x_wconf 75' lang='grc' dir='ltr'>τῆς</span> <span class='ocrx_word' id='word_1_426' title='bbox 1668 5111 1854 5183; x_wconf 88' lang='grc' dir='ltr'>κρείτ-</span> 
     </span>
    </p>
   </div>
   <div class='ocr_carea' id='block_1_53' title="bbox 263 5202 1852 5278">
    <p class='ocr_par' dir='ltr' id='par_1_53' title="bbox 263 5202 1852 5278">
     <span class='ocr_line' id='line_1_53' title="bbox 263 5202 1852 5278; baseline -0.003 -16"><span class='ocrx_word' id='word_1_427' title='bbox 263 5225 426 5271; x_wconf 88' lang='grc' dir='ltr'>τονος</span> <span class='ocrx_word' id='word_1_428' title='bbox 454 5205 734 5278; x_wconf 84' lang='grc' dir='ltr'>σημασίας</span> <span class='ocrx_word' id='word_1_429' title='bbox 762 5206 931 5264; x_wconf 76' lang='grc' dir='ltr'>ἐστίν.</span> <span class='ocrx_word' id='word_1_430' title='bbox 975 5207 1129 5259; x_wconf 80' lang='grc' dir='ltr'>Ἐπεὶ</span> <span class='ocrx_word' id='word_1_431' title='bbox 1152 5202 1245 5260; x_wconf 77' lang='grc' dir='ltr'>οὖν</span> <span class='ocrx_word' id='word_1_432' title='bbox 1275 5205 1480 5275; x_wconf 86' lang='grc' dir='ltr'>ἀγαθόν</span> <span class='ocrx_word' id='word_1_433' title='bbox 1513 5223 1565 5258; x_wconf 85' lang='grc' dir='ltr'><strong>τι</strong></span> <span class='ocrx_word' id='word_1_434' title='bbox 1596 5207 1624 5258; x_wconf 85' lang='grc' dir='ltr'>ὁ</span> <span class='ocrx_word' id='word_1_435' title='bbox 1649 5205 1852 5273; x_wconf 81' lang='grc' dir='ltr'>κόσμος</span> 
     </span>
    </p>
   </div>
   <div class='ocr_carea' id='block_1_54' title="bbox 267 5297 1851 5374">
    <p class='ocr_par' dir='ltr' id='par_1_54' title="bbox 267 5297 1851 5374">
     <span class='ocr_line' id='line_1_54' title="bbox 267 5297 1851 5374; baseline -0.003 -18"><span class='ocrx_word' id='word_1_436' title='bbox 267 5302 646 5374; x_wconf 83' lang='grc' dir='ltr'>ὡμολόγηται,</span> <span class='ocrx_word' id='word_1_437' title='bbox 695 5300 991 5373; x_wconf 86' lang='grc' dir='ltr'>ἀπεδείχθη</span> <span class='ocrx_word' id='word_1_438' title='bbox 1033 5301 1090 5354; x_wconf 87' lang='grc' dir='ltr'><strong>δὲ</strong></span> <span class='ocrx_word' id='word_1_439' title='bbox 1125 5300 1215 5355; x_wconf 79' lang='grc' dir='ltr'>διὰ</span> <span class='ocrx_word' id='word_1_440' title='bbox 1248 5301 1360 5352; x_wconf 85' lang='grc' dir='ltr'><strong>τῶν</strong></span> <span class='ocrx_word' id='word_1_441' title='bbox 1407 5298 1718 5370; x_wconf 81' lang='grc' dir='ltr'>εἰρημένων</span> <span class='ocrx_word' id='word_1_442' title='bbox 1757 5297 1851 5352; x_wconf 80' lang='grc' dir='ltr'><strong>τοῦ</strong></span> 
     </span>
    </p>
   </div>
   <div class='ocr_carea' id='block_1_55' title="bbox 269 5387 1854 5466">
    <p class='ocr_par' dir='ltr' id='par_1_55' title="bbox 269 5387 1854 5466">
     <span class='ocr_line' id='line_1_55' title="bbox 269 5387 1854 5466; baseline -0.004 -16"><span class='ocrx_word' id='word_1_443' title='bbox 269 5397 452 5465; x_wconf 81' lang='grc' dir='ltr'>Λόγου</span> <span class='ocrx_word' id='word_1_444' title='bbox 485 5395 648 5466; x_wconf 79' lang='grc' dir='ltr'>ἔργον</span> <span class='ocrx_word' id='word_1_445' title='bbox 686 5393 778 5448; x_wconf 76' lang='grc' dir='ltr'><strong>τὸν</strong></span> <span class='ocrx_word' id='word_1_446' title='bbox 832 5394 1039 5464; x_wconf 83' lang='grc' dir='ltr'>κόσμον</span> <span class='ocrx_word' id='word_1_447' title='bbox 1069 5387 1233 5457; x_wconf 86' lang='grc' dir='ltr'>εἶναι,</span> <span class='ocrx_word' id='word_1_448' title='bbox 1267 5391 1362 5446; x_wconf 78' lang='grc' dir='ltr'>τοῦ</span> <span class='ocrx_word' id='word_1_449' title='bbox 1392 5393 1453 5444; x_wconf 72' lang='grc' dir='ltr'>τ’)</span> <span class='ocrx_word' id='word_1_450' title='bbox 1504 5391 1714 5461; x_wconf 78' lang='grc' dir='ltr'>ἀγαθὸν</span> <span class='ocrx_word' id='word_1_451' title='bbox 1755 5391 1854 5445; x_wconf 84' lang='grc' dir='ltr'><strong>καὶ</strong></span> 
     </span>
    </p>
   </div>
   <div class='ocr_carea' id='block_1_56' title="bbox 268 5479 1855 5558">
    <p class='ocr_par' dir='ltr' id='par_1_56' title="bbox 268 5479 1855 5558">
     <span class='ocr_line' id='line_1_56' title="bbox 268 5479 1855 5558; baseline -0.002 -19"><span class='ocrx_word' id='word_1_452' title='bbox 268 5487 630 5556; x_wconf 81' lang='grc' dir='ltr'>αἱρουμένου.</span> <span class='ocrx_word' id='word_1_453' title='bbox 654 5487 749 5540; x_wconf 71' lang='grc' dir='ltr'><strong>καὶ</strong></span> <span class='ocrx_word' id='word_1_454' title='bbox 771 5485 1096 5555; x_wconf 84' lang='grc' dir='ltr'>δυναμένου,</span> <span class='ocrx_word' id='word_1_455' title='bbox 1126 5487 1232 5558; x_wconf 78' lang='grc' dir='ltr'>ἄρα</span> <span class='ocrx_word' id='word_1_456' title='bbox 1250 5487 1278 5538; x_wconf 88' lang='grc' dir='ltr'><strong>ό</strong></span> <span class='ocrx_word' id='word_1_457' title='bbox 1308 5485 1480 5555; x_wconf 85' lang='grc' dir='ltr'>Λόγος</span> <span class='ocrx_word' id='word_1_458' title='bbox 1498 5479 1652 5550; x_wconf 70' lang='grc' dir='ltr'>οὗτος</span> <span class='ocrx_word' id='word_1_459' title='bbox 1670 5483 1855 5556; x_wconf 74' lang='grc' dir='ltr'>ἕτερός</span> 
     </span>
    </p>
   </div>
   <div class='ocr_carea' id='block_1_57' title="bbox 267 5571 1858 5657">
    <p class='ocr_par' dir='ltr' id='par_1_57' title="bbox 267 5571 1858 5657">
     <span class='ocr_line' id='line_1_57' title="bbox 267 5571 1858 5657; baseline -0.001 -27"><span class='ocrx_word' id='word_1_460' title='bbox 267 5578 390 5634; x_wconf 63' lang='grc' dir='ltr'>ἐστι</span> <span class='ocrx_word' id='word_1_461' title='bbox 422 5577 577 5657; x_wconf 83' lang='grc' dir='ltr'><strong>παρά</strong></span> <span class='ocrx_word' id='word_1_462' title='bbox 609 5581 702 5631; x_wconf 73' lang='grc' dir='ltr'><strong>τὸν</strong></span> <span class='ocrx_word' id='word_1_463' title='bbox 732 5571 794 5631; x_wconf 74' lang='grc' dir='ltr'>οὗ</span> <span class='ocrx_word' id='word_1_464' title='bbox 823 5579 939 5630; x_wconf 76' lang='grc' dir='ltr'>ἐστι</span> <span class='ocrx_word' id='word_1_465' title='bbox 967 5578 1164 5646; x_wconf 88' lang='grc' dir='ltr'>Λόγος.</span> <span class='ocrx_word' id='word_1_466' title='bbox 1195 5578 1412 5650; x_wconf 81' lang='grc' dir='ltr'>Τρόπον</span> <span class='ocrx_word' id='word_1_467' title='bbox 1439 5578 1556 5649; x_wconf 86' lang='grc' dir='ltr'>γάρ·</span> <span class='ocrx_word' id='word_1_468' title='bbox 1593 5594 1717 5631; x_wconf 83' lang='grc' dir='ltr'>τινα</span> <span class='ocrx_word' id='word_1_469' title='bbox 1747 5577 1858 5630; x_wconf 87' lang='grc' dir='ltr'><strong>τῶν</strong></span> 
     </span>
    </p>
   </div>
   <div class='ocr_carea' id='block_1_58' title="bbox 273 5663 1862 5742">
    <p class='ocr_par' dir='ltr' id='par_1_58' title="bbox 273 5663 1862 5742">
     <span class='ocr_line' id='line_1_58' title="bbox 273 5663 1862 5742; baseline 0 -19"><span class='ocrx_word' id='word_1_470' title='bbox 273 5672 417 5740; x_wconf 84' lang='grc' dir='ltr'>πρός</span> <span class='ocrx_word' id='word_1_471' title='bbox 446 5687 499 5723; x_wconf 86' lang='grc' dir='ltr'><strong>τι</strong></span> <span class='ocrx_word' id='word_1_472' title='bbox 523 5669 834 5742; x_wconf 81' lang='grc' dir='ltr'>λεγομένων</span> <span class='ocrx_word' id='word_1_473' title='bbox 861 5670 958 5724; x_wconf 67' lang='grc' dir='ltr'>καὶ</span> <span class='ocrx_word' id='word_1_474' title='bbox 983 5663 1139 5732; x_wconf 73' lang='grc' dir='ltr'>οὗτός</span> <span class='ocrx_word' id='word_1_475' title='bbox 1166 5671 1335 5734; x_wconf 76' lang='grc' dir='ltr'>ἐστιν,</span> <span class='ocrx_word' id='word_1_476' title='bbox 1367 5669 1553 5736; x_wconf 81' lang='grc' dir='ltr'>ἐπειδὴ</span> <span class='ocrx_word' id='word_1_477' title='bbox 1585 5670 1692 5742; x_wconf 86' lang='grc' dir='ltr'><strong>χρὴ</strong></span> <span class='ocrx_word' id='word_1_478' title='bbox 1723 5669 1862 5724; x_wconf 85' lang='grc' dir='ltr'>πάν-</span> 
     </span>
    </p>
   </div>
   <div class='ocr_carea' id='block_1_59' title="bbox 271 5762 1862 5833">
    <p class='ocr_par' dir='ltr' id='par_1_59' title="bbox 271 5762 1862 5833">
     <span class='ocr_line' id='line_1_59' title="bbox 271 5762 1862 5833; baseline -0.001 -16"><span class='ocrx_word' id='word_1_479' title='bbox 271 5780 384 5826; x_wconf 68' lang='grc' dir='ltr'><strong>τως</strong></span> <span class='ocrx_word' id='word_1_480' title='bbox 421 5763 498 5833; x_wconf 84' lang='grc' dir='ltr'>τῷ</span> <span class='ocrx_word' id='word_1_481' title='bbox 540 5764 702 5833; x_wconf 83' lang='grc' dir='ltr'>Λόγῳ</span> <span class='ocrx_word' id='word_1_482' title='bbox 731 5763 829 5818; x_wconf 73' lang='grc' dir='ltr'><strong>καὶ</strong></span> <span class='ocrx_word' id='word_1_483' title='bbox 861 5763 956 5816; x_wconf 75' lang='grc' dir='ltr'>τὸν</span> <span class='ocrx_word' id='word_1_484' title='bbox 1003 5762 1226 5830; x_wconf 83' lang='grc' dir='ltr'>Πατέρα</span> <span class='ocrx_word' id='word_1_485' title='bbox 1270 5762 1366 5816; x_wconf 82' lang='grc' dir='ltr'>τοῦ</span> <span class='ocrx_word' id='word_1_486' title='bbox 1401 5764 1580 5832; x_wconf 88' lang='grc' dir='ltr'>Λόγου</span> <span class='ocrx_word' id='word_1_487' title='bbox 1616 5779 1862 5816; x_wconf 87' lang='grc' dir='ltr'>συνυπα-</span> 
     </span>
    </p>
   </div>
   <div class='ocr_carea' id='block_1_60' title="bbox 269 5856 1856 5930">
    <p class='ocr_par' dir='ltr' id='par_1_60' title="bbox 269 5856 1856 5930">
     <span class='ocr_line' id='line_1_60' title="bbox 269 5856 1856 5930; baseline 0.001 -19"><span class='ocrx_word' id='word_1_488' title='bbox 269 5858 556 5914; x_wconf 80' lang='grc' dir='ltr'>κούεσθαι.</span> <span class='ocrx_word' id='word_1_489' title='bbox 591 5860 666 5913; x_wconf 90' lang='grc' dir='ltr'>Οὑ</span> <span class='ocrx_word' id='word_1_490' title='bbox 695 5859 804 5930; x_wconf 78' lang='grc' dir='ltr'><strong>γὰρ</strong></span> <span class='ocrx_word' id='word_1_491' title='bbox 832 5857 900 5914; x_wconf 79' lang='grc' dir='ltr'>ἂν</span> <span class='ocrx_word' id='word_1_492' title='bbox 929 5856 1018 5926; x_wconf 75' lang='grc' dir='ltr'>εἴη</span> <span class='ocrx_word' id='word_1_493' title='bbox 1049 5857 1247 5925; x_wconf 89' lang='grc' dir='ltr'>Λόγος,</span> <span class='ocrx_word' id='word_1_494' title='bbox 1275 5858 1350 5930; x_wconf 86' lang='grc' dir='ltr'>μή</span> <span class='ocrx_word' id='word_1_495' title='bbox 1380 5874 1526 5922; x_wconf 88' lang='grc' dir='ltr'>τινος</span> <span class='ocrx_word' id='word_1_496' title='bbox 1550 5857 1625 5912; x_wconf 82' lang='grc' dir='ltr'>ὢν</span> <span class='ocrx_word' id='word_1_497' title='bbox 1657 5857 1856 5927; x_wconf 87' lang='grc' dir='ltr'>Λόγος.</span> 
     </span>
    </p>
   </div>
   <div class='ocr_carea' id='block_1_61' title="bbox 279 5947 1858 6024">
    <p class='ocr_par' dir='ltr' id='par_1_61' title="bbox 279 5947 1858 6024">
     <span class='ocr_line' id='line_1_61' title="bbox 279 5947 1858 6024; baseline -0.002 -17"><span class='ocrx_word' id='word_1_498' title='bbox 279 5953 348 6007; x_wconf 76' lang='lat' dir='ltr'><strong>Et</strong></span> <span class='ocrx_word' id='word_1_499' title='bbox 377 5949 470 6008; x_wconf 77' lang='grc' dir='ltr'>οὖν</span> <span class='ocrx_word' id='word_1_500' title='bbox 509 5952 805 6024; x_wconf 85' lang='grc' dir='ltr'>διακρίνειε</span> <span class='ocrx_word' id='word_1_501' title='bbox 834 5947 914 6024; x_wconf 79' lang='grc' dir='ltr'>τῷ</span> <span class='ocrx_word' id='word_1_502' title='bbox 955 5951 1190 6024; x_wconf 83' lang='grc' dir='ltr'>σχετικῷ</span> <span class='ocrx_word' id='word_1_503' title='bbox 1223 5952 1321 6024; x_wconf 77' lang='grc' dir='ltr'>τῆς</span> <span class='ocrx_word' id='word_1_504' title='bbox 1355 5951 1633 6023; x_wconf 81' lang='grc' dir='ltr'>σημασίας</span> <span class='ocrx_word' id='word_1_505' title='bbox 1681 5952 1714 6021; x_wconf 85' lang='grc' dir='ltr'><strong>ἡ</strong></span> <span class='ocrx_word' id='word_1_506' title='bbox 1749 5951 1858 6005; x_wconf 81' lang='grc' dir='ltr'><strong>τῶν</strong></span> 
     </span>
    </p>
   </div>
   <div class='ocr_carea' id='block_1_62' title="bbox 1939 691 3526 764">
    <p class='ocr_par' dir='ltr' id='par_1_62' title="bbox 1939 691 3526 764">
     <span class='ocr_line' id='line_1_62' title="bbox 1939 691 3526 764; baseline 0.005 -21"><span class='ocrx_word' id='word_1_507' title='bbox 1939 691 2146 757; x_wconf 88' lang='lat' dir='ltr'><strong>tendat,</strong></span> <span class='ocrx_word' id='word_1_508' title='bbox 2197 695 2294 749; x_wconf 85' lang='lat' dir='ltr'><strong>sed</strong></span> <span class='ocrx_word' id='word_1_509' title='bbox 2345 708 2402 752; x_wconf 86' lang='lat' dir='ltr'><strong>ut</strong></span> <span class='ocrx_word' id='word_1_510' title='bbox 2449 706 2646 752; x_wconf 84' lang='lat' dir='ltr'><strong>natura</strong></span> <span class='ocrx_word' id='word_1_511' title='bbox 2685 708 2894 764; x_wconf 85' lang='lat' dir='ltr'><strong>nostra,</strong></span> <span class='ocrx_word' id='word_1_512' title='bbox 2948 715 3074 754; x_wconf 87' lang='lat' dir='ltr'><strong>cum</strong></span> <span class='ocrx_word' id='word_1_513' title='bbox 3126 698 3201 756; x_wconf 86' lang='lat' dir='ltr'><strong>sit</strong></span> <span class='ocrx_word' id='word_1_514' title='bbox 3250 698 3526 764; x_wconf 83' lang='lat' dir='ltr'><strong>mortalis,</strong></span> 
     </span>
    </p>
   </div>
   <div class='ocr_carea' id='block_1_63' title="bbox 1938 787 3530 859">
    <p class='ocr_par' dir='ltr' id='par_1_63' title="bbox 1938 787 3530 859">
     <span class='ocr_line' id='line_1_63' title="bbox 1938 787 3530 859; baseline 0.003 -18"><span class='ocrx_word' id='word_1_515' title='bbox 1938 787 2168 842; x_wconf 80' lang='lat' dir='ltr'><strong>mortale</strong></span> <span class='ocrx_word' id='word_1_516' title='bbox 2235 804 2454 859; x_wconf 91' lang='lat' dir='ltr'><strong>quoque</strong></span> <span class='ocrx_word' id='word_1_517' title='bbox 2511 789 2738 845; x_wconf 84' lang='lat' dir='ltr'><strong>verbum</strong></span> <span class='ocrx_word' id='word_1_518' title='bbox 2799 791 3006 856; x_wconf 76' lang='lat' dir='ltr'><strong>habet,</strong></span> <span class='ocrx_word' id='word_1_519' title='bbox 3069 790 3150 846; x_wconf 91' lang='lat' dir='ltr'><strong>sic</strong></span> <span class='ocrx_word' id='word_1_520' title='bbox 3199 790 3530 846; x_wconf 81' lang='lat' dir='ltr'><strong>immortalis</strong></span> 
     </span>
    </p>
   </div>
   <div class='ocr_carea' id='block_1_64' title="bbox 1939 879 3528 950">
    <p class='ocr_par' dir='ltr' id='par_1_64' title="bbox 1939 879 3528 950">
     <span class='ocr_line' id='line_1_64' title="bbox 1939 879 3528 950; baseline 0.003 -18"><span class='ocrx_word' id='word_1_521' title='bbox 1939 893 2263 950; x_wconf 80' lang='lat' dir='ltr'><strong>semperque</strong></span> <span class='ocrx_word' id='word_1_522' title='bbox 2314 880 2627 935; x_wconf 87' lang='lat' dir='ltr'><strong>consistens</strong></span> <span class='ocrx_word' id='word_1_523' title='bbox 2674 890 2867 936; x_wconf 85' lang='lat' dir='ltr'><strong>natura</strong></span> <span class='ocrx_word' id='word_1_524' title='bbox 2900 879 3137 936; x_wconf 84' lang='lat' dir='ltr'><strong>Verbum</strong></span> <span class='ocrx_word' id='word_1_525' title='bbox 3196 882 3367 938; x_wconf 83' lang='lat' dir='ltr'><strong>habet</strong></span> <span class='ocrx_word' id='word_1_526' title='bbox 3418 882 3528 936; x_wconf 82' lang='lat' dir='ltr'><strong>im-</strong></span> 
     </span>
    </p>
   </div>
   <div class='ocr_carea' id='block_1_65' title="bbox 1937 967 3532 1040">
    <p class='ocr_par' dir='ltr' id='par_1_65' title="bbox 1937 967 3532 1040">
     <span class='ocr_line' id='line_1_65' title="bbox 1937 967 3532 1040; baseline -0.001 -16"><span class='ocrx_word' id='word_1_527' title='bbox 1937 970 2166 1024; x_wconf 86' lang='lat' dir='ltr'><strong>mortale</strong></span> <span class='ocrx_word' id='word_1_528' title='bbox 2220 985 2282 1025; x_wconf 88' lang='lat' dir='ltr'><strong>ae</strong></span> <span class='ocrx_word' id='word_1_529' title='bbox 2346 972 2761 1040; x_wconf 87' lang='lat' dir='ltr'><strong>sempiternum.</strong></span> <span class='ocrx_word' id='word_1_530' title='bbox 2815 967 2934 1024; x_wconf 80' lang='lat' dir='ltr'><strong>Jam</strong></span> <span class='ocrx_word' id='word_1_531' title='bbox 2971 969 3013 1024; x_wconf 89' lang='lat' dir='ltr'><strong>si</strong></span> <span class='ocrx_word' id='word_1_532' title='bbox 3063 985 3131 1023; x_wconf 80' lang='lat' dir='ltr'><strong>ex</strong></span> <span class='ocrx_word' id='word_1_533' title='bbox 3177 970 3262 1025; x_wconf 89' lang='lat' dir='ltr'><strong>his</strong></span> <span class='ocrx_word' id='word_1_534' title='bbox 3305 969 3532 1025; x_wconf 82' lang='lat' dir='ltr'><strong>conﬁci-</strong></span> 
     </span>
    </p>
   </div>
   <div class='ocr_carea' id='block_1_66' title="bbox 1941 1059 3532 1132">
    <p class='ocr_par' dir='ltr' id='par_1_66' title="bbox 1941 1059 3532 1132">
     <span class='ocr_line' id='line_1_66' title="bbox 1941 1059 3532 1132; baseline -0.004 -13"><span class='ocrx_word' id='word_1_535' title='bbox 1941 1073 2031 1119; x_wconf 88' lang='lat' dir='ltr'><strong>tur</strong></span> <span class='ocrx_word' id='word_1_536' title='bbox 2087 1063 2179 1118; x_wconf 87' lang='lat' dir='ltr'><strong>Dei</strong></span> <span class='ocrx_word' id='word_1_537' title='bbox 2209 1062 2449 1118; x_wconf 83' lang='lat' dir='ltr'><strong>Verbum</strong></span> <span class='ocrx_word' id='word_1_538' title='bbox 2481 1078 2700 1132; x_wconf 88' lang='lat' dir='ltr'><strong>semper</strong></span> <span class='ocrx_word' id='word_1_539' title='bbox 2734 1069 2987 1118; x_wconf 88' lang='lat' dir='ltr'><strong>constare</strong></span> <span class='ocrx_word' id='word_1_540' title='bbox 3009 1103 3023 1126; x_wconf 94' lang='lat'><strong>,</strong></span> <span class='ocrx_word' id='word_1_541' title='bbox 3055 1074 3284 1117; x_wconf 89' lang='lat' dir='ltr'><strong>necesse</strong></span> <span class='ocrx_word' id='word_1_542' title='bbox 3331 1071 3430 1124; x_wconf 87' lang='lat' dir='ltr'><strong>est,</strong></span> <span class='ocrx_word' id='word_1_543' title='bbox 3466 1059 3532 1114; x_wconf 77' lang='lat' dir='ltr'><strong>il-</strong></span> 
     </span>
    </p>
   </div>
   <div class='ocr_carea' id='block_1_67' title="bbox 1938 1155 3530 1226">
    <p class='ocr_par' dir='ltr' id='par_1_67' title="bbox 1938 1155 3530 1226">
     <span class='ocr_line' id='line_1_67' title="bbox 1938 1155 3530 1226; baseline -0.001 -15"><span class='ocrx_word' id='word_1_544' title='bbox 1938 1158 2029 1212; x_wconf 92' lang='lat' dir='ltr'><strong>lud</strong></span> <span class='ocrx_word' id='word_1_545' title='bbox 2070 1158 2122 1212; x_wconf 91' lang='lat' dir='ltr'><strong>in</strong></span> <span class='ocrx_word' id='word_1_546' title='bbox 2159 1159 2265 1213; x_wconf 89' lang='lat' dir='ltr'><strong>vita</strong></span> <span class='ocrx_word' id='word_1_547' title='bbox 2300 1159 2600 1214; x_wconf 84' lang='lat' dir='ltr'><strong>consistere</strong></span> <span class='ocrx_word' id='word_1_548' title='bbox 2631 1156 2904 1212; x_wconf 81' lang='lat' dir='ltr'><strong>conﬁteri.</strong></span> <span class='ocrx_word' id='word_1_549' title='bbox 2949 1155 3134 1226; x_wconf 83' lang='lat' dir='ltr'><strong>Neque</strong></span> <span class='ocrx_word' id='word_1_550' title='bbox 3188 1156 3335 1211; x_wconf 90' lang='lat' dir='ltr'><strong>enim</strong></span> <span class='ocrx_word' id='word_1_551' title='bbox 3392 1172 3530 1210; x_wconf 91' lang='lat' dir='ltr'><strong>con-</strong></span> 
     </span>
    </p>
   </div>
   <div class='ocr_carea' id='block_1_68' title="bbox 1937 1246 3531 1320">
    <p class='ocr_par' dir='ltr' id='par_1_68' title="bbox 1937 1246 3531 1320">
     <span class='ocr_line' id='line_1_68' title="bbox 1937 1246 3531 1320; baseline -0.005 -12"><span class='ocrx_word' id='word_1_552' title='bbox 1937 1261 2258 1308; x_wconf 86' lang='lat' dir='ltr'><strong>sentaneum</strong></span> <span class='ocrx_word' id='word_1_553' title='bbox 2308 1259 2412 1315; x_wconf 85' lang='lat' dir='ltr'><strong>cst,</strong></span> <span class='ocrx_word' id='word_1_554' title='bbox 2469 1249 2645 1320; x_wconf 88' lang='lat' dir='ltr'><strong>ipsum</strong></span> <span class='ocrx_word' id='word_1_555' title='bbox 2702 1248 2941 1318; x_wconf 81' lang='lat' dir='ltr'><strong>lapidum</strong></span> <span class='ocrx_word' id='word_1_556' title='bbox 2996 1248 3169 1302; x_wconf 82' lang='lat' dir='ltr'><strong>instar</strong></span> <span class='ocrx_word' id='word_1_557' title='bbox 3227 1246 3531 1302; x_wconf 87' lang='lat' dir='ltr'><strong>inanimum</strong></span> 
     </span>
    </p>
   </div>
   <div class='ocr_carea' id='block_1_69' title="bbox 1938 1337 3533 1409">
    <p class='ocr_par' dir='ltr' id='par_1_69' title="bbox 1938 1337 3533 1409">
     <span class='ocr_line' id='line_1_69' title="bbox 1938 1337 3533 1409; baseline -0.003 -14"><span class='ocrx_word' id='word_1_558' title='bbox 1938 1342 2214 1396; x_wconf 87' lang='lat' dir='ltr'><strong>arbitrari.</strong></span> <span class='ocrx_word' id='word_1_559' title='bbox 2251 1340 2356 1396; x_wconf 88' lang='lat' dir='ltr'><strong>Sed</strong></span> <span class='ocrx_word' id='word_1_560' title='bbox 2399 1341 2444 1397; x_wconf 88' lang='lat' dir='ltr'><strong>si</strong></span> <span class='ocrx_word' id='word_1_561' title='bbox 2480 1350 2585 1408; x_wconf 89' lang='lat' dir='ltr'><strong>est,</strong></span> <span class='ocrx_word' id='word_1_562' title='bbox 2632 1356 2756 1396; x_wconf 88' lang='lat' dir='ltr'><strong>cum</strong></span> <span class='ocrx_word' id='word_1_563' title='bbox 2810 1339 3119 1409; x_wconf 79' lang='lat' dir='ltr'><strong>intelligens</strong></span> <span class='ocrx_word' id='word_1_564' title='bbox 3149 1337 3222 1392; x_wconf 91' lang='lat' dir='ltr'><strong>sit</strong></span> <span class='ocrx_word' id='word_1_565' title='bbox 3258 1347 3312 1392; x_wconf 92' lang='lat' dir='ltr'><strong>et</strong></span> <span class='ocrx_word' id='word_1_566' title='bbox 3346 1338 3533 1393; x_wconf 89' lang='lat' dir='ltr'><strong>incor-</strong></span> 
     </span>
    </p>
   </div>
   <div class='ocr_carea' id='block_1_70' title="bbox 1940 1429 3538 1507">
    <p class='ocr_par' dir='ltr' id='par_1_70' title="bbox 1940 1429 3538 1507">
     <span class='ocr_line' id='line_1_70' title="bbox 1940 1429 3538 1507; baseline -0.004 -19"><span class='ocrx_word' id='word_1_567' title='bbox 1940 1451 2189 1507; x_wconf 88' lang='lat' dir='ltr'><strong>poreum,</strong></span> <span class='ocrx_word' id='word_1_568' title='bbox 2224 1435 2356 1490; x_wconf 86' lang='lat' dir='ltr'><strong>vivit</strong></span> <span class='ocrx_word' id='word_1_569' title='bbox 2402 1435 2649 1490; x_wconf 90' lang='lat' dir='ltr'><strong>omnino.</strong></span> <span class='ocrx_word' id='word_1_570' title='bbox 2686 1432 2818 1486; x_wconf 85' lang='lat' dir='ltr'><strong>Nam</strong></span> <span class='ocrx_word' id='word_1_571' title='bbox 2853 1433 2897 1485; x_wconf 91' lang='lat' dir='ltr'><strong>si</strong></span> <span class='ocrx_word' id='word_1_572' title='bbox 2930 1430 3074 1485; x_wconf 86' lang='lat' dir='ltr'><strong>absit</strong></span> <span class='ocrx_word' id='word_1_573' title='bbox 3105 1446 3134 1483; x_wconf 88' lang='lat' dir='ltr'><strong>a</strong></span> <span class='ocrx_word' id='word_1_574' title='bbox 3167 1430 3300 1496; x_wconf 86' lang='lat' dir='ltr'><strong>vita,</strong></span> <span class='ocrx_word' id='word_1_575' title='bbox 3354 1429 3538 1483; x_wconf 76' lang='lat' dir='ltr'><strong>neuti—</strong></span> 
     </span>
    </p>
   </div>
   <div class='ocr_carea' id='block_1_71' title="bbox 1939 1519 3527 1596">
    <p class='ocr_par' dir='ltr' id='par_1_71' title="bbox 1939 1519 3527 1596">
     <span class='ocr_line' id='line_1_71' title="bbox 1939 1519 3527 1596; baseline -0.005 -14"><span class='ocrx_word' id='word_1_576' title='bbox 1939 1542 2100 1596; x_wconf 85' lang='lat' dir='ltr'><strong>quam</strong></span> <span class='ocrx_word' id='word_1_577' title='bbox 2134 1527 2406 1580; x_wconf 87' lang='lat' dir='ltr'><strong>consistit.</strong></span> <span class='ocrx_word' id='word_1_578' title='bbox 2441 1527 2506 1580; x_wconf 83' lang='lat' dir='ltr'><strong>At</strong></span> <span class='ocrx_word' id='word_1_579' title='bbox 2550 1527 2734 1581; x_wconf 83' lang='lat' dir='ltr'><strong>dicere</strong></span> <span class='ocrx_word' id='word_1_580' title='bbox 2782 1523 2876 1578; x_wconf 89' lang='lat' dir='ltr'><strong>Dei</strong></span> <span class='ocrx_word' id='word_1_581' title='bbox 2905 1523 3140 1578; x_wconf 83' lang='lat' dir='ltr'><strong>Verbum</strong></span> <span class='ocrx_word' id='word_1_582' title='bbox 3175 1537 3284 1574; x_wconf 91' lang='lat' dir='ltr'><strong>non</strong></span> <span class='ocrx_word' id='word_1_583' title='bbox 3344 1519 3527 1575; x_wconf 87' lang='lat' dir='ltr'><strong>consi-</strong></span> 
     </span>
    </p>
   </div>
   <div class='ocr_carea' id='block_1_72' title="bbox 1941 1603 3536 1689">
    <p class='ocr_par' dir='ltr' id='par_1_72' title="bbox 1941 1603 3536 1689">
     <span class='ocr_line' id='line_1_72' title="bbox 1941 1603 3536 1689; baseline -0.006 -17"><span class='ocrx_word' id='word_1_584' title='bbox 1941 1627 2114 1684; x_wconf 84' lang='lat' dir='ltr'><strong>stere,</strong></span> <span class='ocrx_word' id='word_1_585' title='bbox 2144 1603 2374 1689; x_wconf 88' lang='lat' dir='ltr'><strong>impium</strong></span> <span class='ocrx_word' id='word_1_586' title='bbox 2427 1628 2533 1683; x_wconf 81' lang='lat' dir='ltr'><strong>est.</strong></span> <span class='ocrx_word' id='word_1_587' title='bbox 2568 1628 2627 1673; x_wconf 85' lang='lat' dir='ltr'><strong>ut</strong></span> <span class='ocrx_word' id='word_1_588' title='bbox 2659 1616 3078 1681; x_wconf 82' lang='lat' dir='ltr'><strong>declaravimus,</strong></span> <span class='ocrx_word' id='word_1_589' title='bbox 3111 1630 3176 1669; x_wconf 77' lang='lat' dir='ltr'><strong>ex</strong></span> <span class='ocrx_word' id='word_1_590' title='bbox 3203 1629 3310 1682; x_wconf 88' lang='lat' dir='ltr'><strong>quo</strong></span> <span class='ocrx_word' id='word_1_591' title='bbox 3349 1610 3536 1680; x_wconf 87' lang='lat' dir='ltr'><strong>sequi-</strong></span> 
     </span>
    </p>
   </div>
   <div class='ocr_carea' id='block_1_73' title="bbox 1943 1705 3533 1776">
    <p class='ocr_par' dir='ltr' id='par_1_73' title="bbox 1943 1705 3533 1776">
     <span class='ocr_line' id='line_1_73' title="bbox 1943 1705 3533 1776; baseline -0.005 -10"><span class='ocrx_word' id='word_1_592' title='bbox 1943 1720 2051 1775; x_wconf 89' lang='lat' dir='ltr'><strong>tur,</strong></span> <span class='ocrx_word' id='word_1_593' title='bbox 2085 1721 2144 1766; x_wconf 93' lang='lat' dir='ltr'><strong>ut</strong></span> <span class='ocrx_word' id='word_1_594' title='bbox 2175 1712 2277 1766; x_wconf 91' lang='lat' dir='ltr'><strong>hoc</strong></span> <span class='ocrx_word' id='word_1_595' title='bbox 2307 1710 2544 1767; x_wconf 85' lang='lat' dir='ltr'><strong>Ver-bum</strong></span> <span class='ocrx_word' id='word_1_596' title='bbox 2585 1709 2639 1762; x_wconf 92' lang='lat' dir='ltr'><strong>in</strong></span> <span class='ocrx_word' id='word_1_597' title='bbox 2675 1709 2783 1764; x_wconf 88' lang='lat' dir='ltr'><strong>vita</strong></span> <span class='ocrx_word' id='word_1_598' title='bbox 2829 1717 3130 1776; x_wconf 81' lang='lat' dir='ltr'><strong>spectetur.</strong></span> <span class='ocrx_word' id='word_1_599' title='bbox 3167 1705 3298 1775; x_wconf 86' lang='lat' dir='ltr'><strong>Ejus</strong></span> <span class='ocrx_word' id='word_1_600' title='bbox 3345 1714 3533 1758; x_wconf 89' lang='lat' dir='ltr'><strong>autem</strong></span> 
     </span>
    </p>
   </div>
   <div class='ocr_carea' id='block_1_74' title="bbox 1939 1800 3532 1872">
    <p class='ocr_par' dir='ltr' id='par_1_74' title="bbox 1939 1800 3532 1872">
     <span class='ocr_line' id='line_1_74' title="bbox 1939 1800 3532 1872; baseline -0.006 -16"><span class='ocrx_word' id='word_1_601' title='bbox 1939 1813 2134 1857; x_wconf 84' lang='lat' dir='ltr'><strong>natura</strong></span> <span class='ocrx_word' id='word_1_602' title='bbox 2172 1818 2298 1857; x_wconf 90' lang='lat' dir='ltr'><strong>cum</strong></span> <span class='ocrx_word' id='word_1_603' title='bbox 2338 1801 2568 1872; x_wconf 81' lang='lat' dir='ltr'><strong>simplex</strong></span> <span class='ocrx_word' id='word_1_604' title='bbox 2595 1801 2686 1864; x_wconf 88' lang='lat' dir='ltr'><strong>sit,</strong></span> <span class='ocrx_word' id='word_1_605' title='bbox 2720 1816 2824 1854; x_wconf 90' lang='lat' dir='ltr'><strong>nec</strong></span> <span class='ocrx_word' id='word_1_606' title='bbox 2855 1800 3235 1870; x_wconf 77' lang='lat' dir='ltr'><strong>duplicitatem</strong></span> <span class='ocrx_word' id='word_1_607' title='bbox 3265 1804 3357 1850; x_wconf 87' lang='lat' dir='ltr'><strong>aut</strong></span> <span class='ocrx_word' id='word_1_608' title='bbox 3382 1811 3532 1850; x_wconf 90' lang='lat' dir='ltr'><strong>com-</strong></span> 
     </span>
    </p>
   </div>
   <div class='ocr_carea' id='block_1_75' title="bbox 1943 1878 3535 1966">
    <p class='ocr_par' dir='ltr' id='par_1_75' title="bbox 1943 1878 3535 1966">
     <span class='ocr_line' id='line_1_75' title="bbox 1943 1878 3535 1966; baseline -0.006 -15"><span class='ocrx_word' id='word_1_609' title='bbox 1943 1897 2268 1966; x_wconf 79' lang='lat' dir='ltr'><strong>positzonem</strong></span> <span class='ocrx_word' id='word_1_610' title='bbox 2300 1896 2464 1949; x_wconf 84' lang='lat' dir='ltr'><strong>ullam</strong></span> <span class='ocrx_word' id='word_1_611' title='bbox 2496 1895 2770 1953; x_wconf 84' lang='lat' dir='ltr'><strong>admittat,</strong></span> <span class='ocrx_word' id='word_1_612' title='bbox 2809 1909 2970 1947; x_wconf 89' lang='lat' dir='ltr'><strong>nemo</strong></span> <span class='ocrx_word' id='word_1_613' title='bbox 3032 1891 3166 1944; x_wconf 89' lang='lat' dir='ltr'><strong>illud</strong></span> <span class='ocrx_word' id='word_1_614' title='bbox 3209 1892 3287 1942; x_wconf 89' lang='lat' dir='ltr'><strong>sic</strong></span> <span class='ocrx_word' id='word_1_615' title='bbox 3323 1888 3382 1966; x_wconf 82' lang='lat' dir='ltr'><strong>in</strong></span> <span class='ocrx_word' id='word_1_616' title='bbox 3424 1878 3535 1942; x_wconf 84' lang='lat' dir='ltr'><strong>vita</strong></span> 
     </span>
    </p>
   </div>
   <div class='ocr_carea' id='block_1_76' title="bbox 1943 1975 3532 2060">
    <p class='ocr_par' dir='ltr' id='par_1_76' title="bbox 1943 1975 3532 2060">
     <span class='ocr_line' id='line_1_76' title="bbox 1943 1975 3532 2060; baseline -0.007 -17"><span class='ocrx_word' id='word_1_617' title='bbox 1943 2004 2062 2043; x_wconf 88' lang='lat' dir='ltr'><strong>esse</strong></span> <span class='ocrx_word' id='word_1_618' title='bbox 2113 1989 2412 2060; x_wconf 78' lang='lat' dir='ltr'><strong>cogitabit,</strong></span> <span class='ocrx_word' id='word_1_619' title='bbox 2465 1987 2622 2057; x_wconf 87' lang='lat' dir='ltr'><strong>quasi</strong></span> <span class='ocrx_word' id='word_1_620' title='bbox 2667 1996 2879 2040; x_wconf 78' lang='lat' dir='ltr'><strong>natura:</strong></span> <span class='ocrx_word' id='word_1_621' title='bbox 2929 1985 2998 2038; x_wconf 91' lang='lat' dir='ltr'><strong>sit</strong></span> <span class='ocrx_word' id='word_1_622' title='bbox 3053 1983 3344 2053; x_wconf 80' lang='lat' dir='ltr'><strong>particeps.</strong></span> <span class='ocrx_word' id='word_1_623' title='bbox 3401 1975 3532 2033; x_wconf 73' lang='lat' dir='ltr'><strong>Nam</strong></span> 
     </span>
    </p>
   </div>
   <div class='ocr_carea' id='block_1_77' title="bbox 1941 2070 3531 2149">
    <p class='ocr_par' dir='ltr' id='par_1_77' title="bbox 1941 2070 3531 2149">
     <span class='ocr_line' id='line_1_77' title="bbox 1941 2070 3531 2149; baseline -0.008 -15"><span class='ocrx_word' id='word_1_624' title='bbox 1941 2079 2213 2148; x_wconf 81' lang='lat' dir='ltr'><strong>ejusmodi</strong></span> <span class='ocrx_word' id='word_1_625' title='bbox 2270 2079 2528 2149; x_wconf 78' lang='lat' dir='ltr'><strong>cogitatio</strong></span> <span class='ocrx_word' id='word_1_626' title='bbox 2573 2093 2604 2131; x_wconf 88' lang='lat' dir='ltr'><strong>a</strong></span> <span class='ocrx_word' id='word_1_627' title='bbox 2663 2073 3062 2146; x_wconf 73' lang='lat' dir='ltr'><strong>compositione</strong></span> <span class='ocrx_word' id='word_1_628' title='bbox 3119 2089 3226 2126; x_wconf 91' lang='lat' dir='ltr'><strong>non</strong></span> <span class='ocrx_word' id='word_1_629' title='bbox 3265 2070 3531 2132; x_wconf 74' lang='lat' dir='ltr'><strong>abesset,</strong></span> 
     </span>
    </p>
   </div>
   <div class='ocr_carea' id='block_1_78' title="bbox 1941 2161 3534 2242">
    <p class='ocr_par' dir='ltr' id='par_1_78' title="bbox 1941 2161 3534 2242">
     <span class='ocr_line' id='line_1_78' title="bbox 1941 2161 3534 2242; baseline -0.01 -12"><span class='ocrx_word' id='word_1_630' title='bbox 1941 2171 2148 2242; x_wconf 84' lang='lat' dir='ltr'><strong>quippe</strong></span> <span class='ocrx_word' id='word_1_631' title='bbox 2177 2186 2299 2242; x_wconf 75' lang='lat' dir='ltr'><strong>quae</strong></span> <span class='ocrx_word' id='word_1_632' title='bbox 2329 2187 2440 2226; x_wconf 85' lang='lat' dir='ltr'><strong>rem</strong></span> <span class='ocrx_word' id='word_1_633' title='bbox 2472 2185 2637 2224; x_wconf 88' lang='lat' dir='ltr'><strong>unam</strong></span> <span class='ocrx_word' id='word_1_634' title='bbox 2671 2169 2726 2222; x_wconf 89' lang='lat' dir='ltr'><strong>in</strong></span> <span class='ocrx_word' id='word_1_635' title='bbox 2770 2167 2875 2222; x_wconf 89' lang='lat' dir='ltr'><strong>alia</strong></span> <span class='ocrx_word' id='word_1_636' title='bbox 2922 2167 3302 2221; x_wconf 81' lang='lat' dir='ltr'><strong>constitueret.</strong></span> <span class='ocrx_word' id='word_1_637' title='bbox 3344 2161 3534 2230; x_wconf 80' lang='lat' dir='ltr'><strong>Itaque</strong></span> 
     </span>
    </p>
   </div>
   <div class='ocr_carea' id='block_1_79' title="bbox 1942 2254 3532 2332">
    <p class='ocr_par' dir='ltr' id='par_1_79' title="bbox 1942 2254 3532 2332">
     <span class='ocr_line' id='line_1_79' title="bbox 1942 2254 3532 2332; baseline -0.006 -16"><span class='ocrx_word' id='word_1_638' title='bbox 1942 2261 2107 2318; x_wconf 86' lang='lat' dir='ltr'><strong>Verbi</strong></span> <span class='ocrx_word' id='word_1_639' title='bbox 2140 2263 2490 2332; x_wconf 82' lang='lat' dir='ltr'><strong>simplicitate</strong></span> <span class='ocrx_word' id='word_1_640' title='bbox 2531 2276 2797 2316; x_wconf 87' lang='lat' dir='ltr'><strong>concessa</strong></span> <span class='ocrx_word' id='word_1_641' title='bbox 2846 2273 3073 2314; x_wconf 87' lang='lat' dir='ltr'><strong>necesse</strong></span> <span class='ocrx_word' id='word_1_642' title='bbox 3107 2265 3214 2319; x_wconf 92' lang='lat' dir='ltr'><strong>est,</strong></span> <span class='ocrx_word' id='word_1_643' title='bbox 3251 2254 3383 2308; x_wconf 87' lang='lat' dir='ltr'><strong>illud</strong></span> <span class='ocrx_word' id='word_1_644' title='bbox 3422 2268 3532 2306; x_wconf 86' lang='lat' dir='ltr'><strong>non</strong></span> 
     </span>
    </p>
   </div>
   <div class='ocr_carea' id='block_1_80' title="bbox 1941 2341 3535 2423">
    <p class='ocr_par' dir='ltr' id='par_1_80' title="bbox 1941 2341 3535 2423">
     <span class='ocr_line' id='line_1_80' title="bbox 1941 2341 3535 2423; baseline -0.009 -15"><span class='ocrx_word' id='word_1_645' title='bbox 1941 2354 2068 2408; x_wconf 70' lang='lat' dir='ltr'><strong>vita:</strong></span> <span class='ocrx_word' id='word_1_646' title='bbox 2117 2354 2411 2423; x_wconf 84' lang='lat' dir='ltr'><strong>particeps,</strong></span> <span class='ocrx_word' id='word_1_647' title='bbox 2464 2351 2561 2407; x_wconf 91' lang='lat' dir='ltr'><strong>sed</strong></span> <span class='ocrx_word' id='word_1_648' title='bbox 2609 2352 2782 2420; x_wconf 83' lang='lat' dir='ltr'><strong>ipsam</strong></span> <span class='ocrx_word' id='word_1_649' title='bbox 2839 2365 2963 2404; x_wconf 90' lang='lat' dir='ltr'><strong>esse</strong></span> <span class='ocrx_word' id='word_1_650' title='bbox 3029 2348 3195 2402; x_wconf 86' lang='lat' dir='ltr'><strong>vitam</strong></span> <span class='ocrx_word' id='word_1_651' title='bbox 3259 2341 3535 2399; x_wconf 82' lang='lat' dir='ltr'><strong>conﬁteri.</strong></span> 
     </span>
    </p>
   </div>
   <div class='ocr_carea' id='block_1_81' title="bbox 1941 2435 3533 2512">
    <p class='ocr_par' dir='ltr' id='par_1_81' title="bbox 1941 2435 3533 2512">
     <span class='ocr_line' id='line_1_81' title="bbox 1941 2435 3533 2512; baseline -0.009 -12"><span class='ocrx_word' id='word_1_652' title='bbox 1941 2446 2098 2512; x_wconf 87' lang='lat' dir='ltr'><strong>Quod</strong></span> <span class='ocrx_word' id='word_1_653' title='bbox 2127 2445 2171 2499; x_wconf 88' lang='lat' dir='ltr'><strong>si</strong></span> <span class='ocrx_word' id='word_1_654' title='bbox 2209 2446 2340 2499; x_wconf 89' lang='lat' dir='ltr'><strong>vivit</strong></span> <span class='ocrx_word' id='word_1_655' title='bbox 2395 2445 2654 2508; x_wconf 89' lang='lat' dir='ltr'><strong>Verbum,</strong></span> <span class='ocrx_word' id='word_1_656' title='bbox 2707 2451 2873 2511; x_wconf 87' lang='lat' dir='ltr'><strong>atque</strong></span> <span class='ocrx_word' id='word_1_657' title='bbox 2925 2440 3063 2494; x_wconf 82' lang='lat' dir='ltr'><strong>adeo</strong></span> <span class='ocrx_word' id='word_1_658' title='bbox 3109 2447 3194 2493; x_wconf 83' lang='lat' dir='ltr'><strong>est</strong></span> <span class='ocrx_word' id='word_1_659' title='bbox 3239 2436 3353 2506; x_wconf 81' lang='lat' dir='ltr'><strong>ipsa</strong></span> <span class='ocrx_word' id='word_1_660' title='bbox 3403 2435 3533 2497; x_wconf 88' lang='lat' dir='ltr'><strong>vita,</strong></span> 
     </span>
    </p>
   </div>
   <div class='ocr_carea' id='block_1_82' title="bbox 1941 2526 3534 2606">
    <p class='ocr_par' dir='ltr' id='par_1_82' title="bbox 1941 2526 3534 2606">
     <span class='ocr_line' id='line_1_82' title="bbox 1941 2526 3534 2606; baseline -0.009 -13"><span class='ocrx_word' id='word_1_661' title='bbox 1941 2539 2202 2593; x_wconf 90' lang='lat' dir='ltr'><strong>nimirum</strong></span> <span class='ocrx_word' id='word_1_662' title='bbox 2255 2545 2310 2592; x_wconf 88' lang='lat' dir='ltr'><strong>et</strong></span> <span class='ocrx_word' id='word_1_663' title='bbox 2359 2535 2644 2606; x_wconf 91' lang='lat' dir='ltr'><strong>propositi,</strong></span> <span class='ocrx_word' id='word_1_664' title='bbox 2682 2550 2745 2588; x_wconf 86' lang='lat' dir='ltr'><strong>ac</strong></span> <span class='ocrx_word' id='word_1_665' title='bbox 2780 2532 3076 2588; x_wconf 81' lang='lat' dir='ltr'><strong>voluntatis</strong></span> <span class='ocrx_word' id='word_1_666' title='bbox 3112 2531 3275 2584; x_wconf 87' lang='lat' dir='ltr'><strong>habet</strong></span> <span class='ocrx_word' id='word_1_667' title='bbox 3303 2526 3534 2581; x_wconf 79' lang='lat' dir='ltr'><strong>faculta-</strong></span> 
     </span>
    </p>
   </div>
   <div class='ocr_carea' id='block_1_83' title="bbox 1949 2625 3536 2696">
    <p class='ocr_par' dir='ltr' id='par_1_83' title="bbox 1949 2625 3536 2696">
     <span class='ocr_line' id='line_1_83' title="bbox 1949 2625 3536 2696; baseline -0.011 -10"><span class='ocrx_word' id='word_1_668' title='bbox 1949 2641 2080 2686; x_wconf 90' lang='lat' dir='ltr'><strong>tem.</strong></span> <span class='ocrx_word' id='word_1_669' title='bbox 2111 2629 2257 2684; x_wconf 83' lang='lat' dir='ltr'><strong>Nihil</strong></span> <span class='ocrx_word' id='word_1_670' title='bbox 2287 2629 2430 2684; x_wconf 86' lang='lat' dir='ltr'><strong>enim</strong></span> <span class='ocrx_word' id='word_1_671' title='bbox 2465 2627 2519 2682; x_wconf 91' lang='lat' dir='ltr'><strong>in</strong></span> <span class='ocrx_word' id='word_1_672' title='bbox 2550 2641 2741 2682; x_wconf 89' lang='lat' dir='ltr'><strong>eorum</strong></span> <span class='ocrx_word' id='word_1_673' title='bbox 2769 2641 2889 2696; x_wconf 70' lang='lat' dir='ltr'><strong>qua:</strong></span> <span class='ocrx_word' id='word_1_674' title='bbox 2936 2625 3124 2678; x_wconf 85' lang='lat' dir='ltr'><strong>vivunt</strong></span> <span class='ocrx_word' id='word_1_675' title='bbox 3155 2631 3238 2675; x_wconf 89' lang='lat' dir='ltr'><strong>est</strong></span> <span class='ocrx_word' id='word_1_676' title='bbox 3284 2631 3536 2682; x_wconf 70' lang='lat' dir='ltr'><strong>numero,</strong></span> 
     </span>
    </p>
   </div>
   <div class='ocr_carea' id='block_1_84' title="bbox 1941 2714 3539 2791">
    <p class='ocr_par' dir='ltr' id='par_1_84' title="bbox 1941 2714 3539 2791">
     <span class='ocr_line' id='line_1_84' title="bbox 1941 2714 3539 2791; baseline -0.009 -15"><span class='ocrx_word' id='word_1_677' title='bbox 1941 2720 2087 2791; x_wconf 88' lang='lat' dir='ltr'><strong>quod</strong></span> <span class='ocrx_word' id='word_1_678' title='bbox 2135 2721 2236 2775; x_wconf 89' lang='lat' dir='ltr'><strong>hac</strong></span> <span class='ocrx_word' id='word_1_679' title='bbox 2280 2729 2464 2772; x_wconf 85' lang='lat' dir='ltr'><strong>careat</strong></span> <span class='ocrx_word' id='word_1_680' title='bbox 2507 2718 2783 2772; x_wconf 79' lang='lat' dir='ltr'><strong>facultate.</strong></span> <span class='ocrx_word' id='word_1_681' title='bbox 2832 2714 3263 2769; x_wconf 78' lang='lat' dir='ltr'><strong>Existimandum</strong></span> <span class='ocrx_word' id='word_1_682' title='bbox 3305 2720 3392 2765; x_wconf 90' lang='lat' dir='ltr'><strong>est</strong></span> <span class='ocrx_word' id='word_1_683' title='bbox 3439 2725 3539 2763; x_wconf 91' lang='lat' dir='ltr'><strong>au-</strong></span> 
     </span>
    </p>
   </div>
   <div class='ocr_carea' id='block_1_85' title="bbox 1945 2800 3536 2883">
    <p class='ocr_par' dir='ltr' id='par_1_85' title="bbox 1945 2800 3536 2883">
     <span class='ocr_line' id='line_1_85' title="bbox 1945 2800 3536 2883; baseline -0.009 -15"><span class='ocrx_word' id='word_1_684' title='bbox 1945 2823 2051 2868; x_wconf 88' lang='lat' dir='ltr'><strong>tem</strong></span> <span class='ocrx_word' id='word_1_685' title='bbox 2085 2811 2424 2883; x_wconf 88' lang='lat' dir='ltr'><strong>propositum</strong></span> <span class='ocrx_word' id='word_1_686' title='bbox 2459 2825 2522 2863; x_wconf 90' lang='lat' dir='ltr'><strong>ac</strong></span> <span class='ocrx_word' id='word_1_687' title='bbox 2561 2810 2894 2862; x_wconf 85' lang='lat' dir='ltr'><strong>voluntatem</strong></span> <span class='ocrx_word' id='word_1_688' title='bbox 2938 2807 3056 2875; x_wconf 84' lang='lat' dir='ltr'><strong>ejus</strong></span> <span class='ocrx_word' id='word_1_689' title='bbox 3104 2804 3216 2857; x_wconf 79' lang='lat' dir='ltr'><strong>fleri</strong></span> <span class='ocrx_word' id='word_1_690' title='bbox 3263 2816 3442 2872; x_wconf 75' lang='lat' dir='ltr'><strong>pOSse.</strong></span> <span class='ocrx_word' id='word_1_691' title='bbox 3476 2800 3536 2854; x_wconf 84' lang='lat' dir='ltr'><strong>Si</strong></span> 
     </span>
    </p>
   </div>
   <div class='ocr_carea' id='block_1_86' title="bbox 1943 2889 3535 2971">
    <p class='ocr_par' dir='ltr' id='par_1_86' title="bbox 1943 2889 3535 2971">
     <span class='ocr_line' id='line_1_86' title="bbox 1943 2889 3535 2971; baseline -0.008 -16"><span class='ocrx_word' id='word_1_692' title='bbox 1943 2902 2072 2971; x_wconf 82' lang='lat' dir='ltr'><strong>quis</strong></span> <span class='ocrx_word' id='word_1_693' title='bbox 2101 2901 2244 2955; x_wconf 88' lang='lat' dir='ltr'><strong>enim</strong></span> <span class='ocrx_word' id='word_1_694' title='bbox 2281 2899 2336 2953; x_wconf 88' lang='lat' dir='ltr'><strong>id</strong></span> <span class='ocrx_word' id='word_1_695' title='bbox 2382 2899 2526 2970; x_wconf 89' lang='lat' dir='ltr'><strong>quod</strong></span> <span class='ocrx_word' id='word_1_696' title='bbox 2553 2898 2667 2952; x_wconf 77' lang='lat' dir='ltr'><strong>fieri</strong></span> <span class='ocrx_word' id='word_1_697' title='bbox 2715 2905 2910 2964; x_wconf 84' lang='lat' dir='ltr'><strong>potest,</strong></span> <span class='ocrx_word' id='word_1_698' title='bbox 2947 2910 3056 2948; x_wconf 90' lang='lat' dir='ltr'><strong>non</strong></span> <span class='ocrx_word' id='word_1_699' title='bbox 3089 2891 3447 2952; x_wconf 85' lang='lat' dir='ltr'><strong>concesserit,</strong></span> <span class='ocrx_word' id='word_1_700' title='bbox 3479 2889 3535 2943; x_wconf 89' lang='lat' dir='ltr'><strong>id</strong></span> 
     </span>
    </p>
   </div>
   <div class='ocr_carea' id='block_1_87' title="bbox 1943 2984 3534 3066">
    <p class='ocr_par' dir='ltr' id='par_1_87' title="bbox 1943 2984 3534 3066">
     <span class='ocr_line' id='line_1_87' title="bbox 1943 2984 3534 3066; baseline -0.007 -17"><span class='ocrx_word' id='word_1_701' title='bbox 1943 2995 2086 3066; x_wconf 88' lang='lat' dir='ltr'><strong>quod</strong></span> <span class='ocrx_word' id='word_1_702' title='bbox 2112 2994 2226 3049; x_wconf 82' lang='lat' dir='ltr'><strong>ﬁeri</strong></span> <span class='ocrx_word' id='word_1_703' title='bbox 2261 2995 2472 3063; x_wconf 85' lang='lat' dir='ltr'><strong>nequit,</strong></span> <span class='ocrx_word' id='word_1_704' title='bbox 2521 3007 2802 3062; x_wconf 89' lang='lat' dir='ltr'><strong>nunquam</strong></span> <span class='ocrx_word' id='word_1_705' title='bbox 2855 2989 3118 3043; x_wconf 83' lang='lat' dir='ltr'><strong>inveniet.</strong></span> <span class='ocrx_word' id='word_1_706' title='bbox 3170 2987 3238 3039; x_wconf 88' lang='lat' dir='ltr'><strong>At</strong></span> <span class='ocrx_word' id='word_1_707' title='bbox 3292 3000 3416 3039; x_wconf 89' lang='lat' dir='ltr'><strong>cum</strong></span> <span class='ocrx_word' id='word_1_708' title='bbox 3465 2984 3534 3038; x_wconf 86' lang='lat' dir='ltr'><strong>de</strong></span> 
     </span>
    </p>
   </div>
   <div class='ocr_carea' id='block_1_88' title="bbox 1944 3073 3538 3157">
    <p class='ocr_par' dir='ltr' id='par_1_88' title="bbox 1944 3073 3538 3157">
     <span class='ocr_line' id='line_1_88' title="bbox 1944 3073 3538 3157; baseline -0.008 -16"><span class='ocrx_word' id='word_1_709' title='bbox 1944 3086 2056 3141; x_wconf 91' lang='lat' dir='ltr'><strong>Deo</strong></span> <span class='ocrx_word' id='word_1_710' title='bbox 2087 3086 2415 3157; x_wconf 77' lang='lat' dir='ltr'><strong>cogitamus,</strong></span> <span class='ocrx_word' id='word_1_711' title='bbox 2447 3084 2594 3154; x_wconf 88' lang='lat' dir='ltr'><strong>quod</strong></span> <span class='ocrx_word' id='word_1_712' title='bbox 2627 3083 2739 3137; x_wconf 86' lang='lat' dir='ltr'><strong>lieri</strong></span> <span class='ocrx_word' id='word_1_713' title='bbox 2765 3096 2872 3135; x_wconf 89' lang='lat' dir='ltr'><strong>non</strong></span> <span class='ocrx_word' id='word_1_714' title='bbox 2909 3087 3090 3150; x_wconf 89' lang='lat' dir='ltr'><strong>potest</strong></span> <span class='ocrx_word' id='word_1_715' title='bbox 3114 3075 3305 3147; x_wconf 87' lang='lat' dir='ltr'><strong>procul</strong></span> <span class='ocrx_word' id='word_1_716' title='bbox 3335 3073 3403 3128; x_wconf 85' lang='lat' dir='ltr'><strong>ab</strong></span> <span class='ocrx_word' id='word_1_717' title='bbox 3440 3074 3538 3129; x_wconf 87' lang='lat' dir='ltr'><strong>illo</strong></span> 
     </span>
    </p>
   </div>
   <div class='ocr_carea' id='block_1_89' title="bbox 1944 3169 3532 3242">
    <p class='ocr_par' dir='ltr' id='par_1_89' title="bbox 1944 3169 3532 3242">
     <span class='ocr_line' id='line_1_89' title="bbox 1944 3169 3532 3242; baseline -0.01 -8"><span class='ocrx_word' id='word_1_718' title='bbox 1944 3191 2336 3242; x_wconf 77' lang='lat' dir='ltr'><strong>removetnus;</strong></span> <span class='ocrx_word' id='word_1_719' title='bbox 2380 3173 2517 3228; x_wconf 89' lang='lat' dir='ltr'><strong>nihil</strong></span> <span class='ocrx_word' id='word_1_720' title='bbox 2545 3174 2691 3228; x_wconf 88' lang='lat' dir='ltr'><strong>enim</strong></span> <span class='ocrx_word' id='word_1_721' title='bbox 2737 3172 3161 3227; x_wconf 85' lang='lat' dir='ltr'><strong>dissentaneum</strong></span> <span class='ocrx_word' id='word_1_722' title='bbox 3190 3169 3243 3223; x_wconf 90' lang='lat' dir='ltr'><strong>in</strong></span> <span class='ocrx_word' id='word_1_723' title='bbox 3277 3176 3532 3222; x_wconf 80' lang='lat' dir='ltr'><strong>naturam</strong></span> 
     </span>
    </p>
   </div>
   <div class='ocr_carea' id='block_1_90' title="bbox 1944 3256 3537 3327">
    <p class='ocr_par' dir='ltr' id='par_1_90' title="bbox 1944 3256 3537 3327">
     <span class='ocr_line' id='line_1_90' title="bbox 1944 3256 3537 3327; baseline -0.011 0"><span class='ocrx_word' id='word_1_724' title='bbox 1944 3272 2186 3327; x_wconf 83' lang='lat' dir='ltr'><strong>divinam</strong></span> <span class='ocrx_word' id='word_1_725' title='bbox 2243 3268 2408 3323; x_wconf 84' lang='lat' dir='ltr'><strong>cadit.</strong></span> <span class='ocrx_word' id='word_1_726' title='bbox 2454 3265 2625 3321; x_wconf 83' lang='lat' dir='ltr'><strong>Porro</strong></span> <span class='ocrx_word' id='word_1_727' title='bbox 2681 3273 2888 3320; x_wconf 88' lang='lat' dir='ltr'><strong>tantam</strong></span> <span class='ocrx_word' id='word_1_728' title='bbox 2958 3276 3186 3316; x_wconf 89' lang='lat' dir='ltr'><strong>necesse</strong></span> <span class='ocrx_word' id='word_1_729' title='bbox 3238 3269 3323 3314; x_wconf 90' lang='lat' dir='ltr'><strong>est</strong></span> <span class='ocrx_word' id='word_1_730' title='bbox 3373 3256 3537 3310; x_wconf 86' lang='lat' dir='ltr'><strong>Verbi</strong></span> 
     </span>
    </p>
   </div>
   <div class='ocr_carea' id='block_1_91' title="bbox 1947 3351 3539 3434">
    <p class='ocr_par' dir='ltr' id='par_1_91' title="bbox 1947 3351 3539 3434">
     <span class='ocr_line' id='line_1_91' title="bbox 1947 3351 3539 3434; baseline -0.007 -19"><span class='ocrx_word' id='word_1_731' title='bbox 1947 3373 2267 3434; x_wconf 86' lang='lat' dir='ltr'><strong>potestatem</strong></span> <span class='ocrx_word' id='word_1_732' title='bbox 2313 3361 2578 3426; x_wconf 68' lang='lat' dir='ltr'><strong>confiteri,</strong></span> <span class='ocrx_word' id='word_1_733' title='bbox 2627 3367 2894 3430; x_wconf 85' lang='lat' dir='ltr'><strong>quantum</strong></span> <span class='ocrx_word' id='word_1_734' title='bbox 2928 3358 3050 3426; x_wconf 87' lang='lat' dir='ltr'><strong>ejus</strong></span> <span class='ocrx_word' id='word_1_735' title='bbox 3093 3351 3539 3424; x_wconf 74' lang='lat' dir='ltr'><strong>est&#39;prOpositunI</strong></span> 
     </span>
    </p>
   </div>
   <div class='ocr_carea' id='block_1_92' title="bbox 1947 3444 3540 3523">
    <p class='ocr_par' dir='ltr' id='par_1_92' title="bbox 1947 3444 3540 3523">
     <span class='ocr_line' id='line_1_92' title="bbox 1947 3444 3540 3523; baseline -0.008 -16"><span class='ocrx_word' id='word_1_736' title='bbox 1947 3455 2263 3517; x_wconf 73' lang='lat' dir='ltr'><strong>voluntatis,</strong></span> <span class='ocrx_word' id='word_1_737' title='bbox 2297 3468 2366 3507; x_wconf 92' lang='lat' dir='ltr'><strong>ne</strong></span> <span class='ocrx_word' id='word_1_738' title='bbox 2407 3467 2515 3523; x_wconf 89' lang='lat' dir='ltr'><strong>qua</strong></span> <span class='ocrx_word' id='word_1_739' title='bbox 2570 3450 2975 3506; x_wconf 78' lang='lat' dir='ltr'><strong>contrariorum</strong></span> <span class='ocrx_word' id='word_1_740' title='bbox 3030 3446 3315 3517; x_wconf 81' lang='lat' dir='ltr'><strong>permistio</strong></span> <span class='ocrx_word' id='word_1_741' title='bbox 3371 3444 3425 3496; x_wconf 90' lang='lat' dir='ltr'><strong>in</strong></span> <span class='ocrx_word' id='word_1_742' title='bbox 3473 3457 3540 3497; x_wconf 90' lang='lat' dir='ltr'><strong>eo</strong></span> 
     </span>
    </p>
   </div>
   <div class='ocr_carea' id='block_1_93' title="bbox 1945 3536 3526 3620">
    <p class='ocr_par' dir='ltr' id='par_1_93' title="bbox 1945 3536 3526 3620">
     <span class='ocr_line' id='line_1_93' title="bbox 1945 3536 3526 3620; baseline -0.008 -19"><span class='ocrx_word' id='word_1_743' title='bbox 1945 3549 2090 3620; x_wconf 89' lang='lat' dir='ltr'><strong>quod</strong></span> <span class='ocrx_word' id='word_1_744' title='bbox 2138 3547 2369 3614; x_wconf 85' lang='lat' dir='ltr'><strong>simplex</strong></span> <span class='ocrx_word' id='word_1_745' title='bbox 2418 3553 2500 3599; x_wconf 85' lang='lat' dir='ltr'><strong>est</strong></span> <span class='ocrx_word' id='word_1_746' title='bbox 2532 3544 2862 3612; x_wconf 75' lang='lat' dir='ltr'><strong>reperiatur,</strong></span> <span class='ocrx_word' id='word_1_747' title='bbox 2908 3539 3072 3609; x_wconf 83' lang='lat' dir='ltr'><strong>idque</strong></span> <span class='ocrx_word' id='word_1_748' title='bbox 3113 3538 3259 3607; x_wconf 86' lang='lat' dir='ltr'><strong>quod</strong></span> <span class='ocrx_word' id='word_1_749' title='bbox 3295 3536 3410 3590; x_wconf 89' lang='lat' dir='ltr'><strong>licri</strong></span> <span class='ocrx_word' id='word_1_750' title='bbox 3448 3548 3526 3588; x_wconf 73' lang='lat' dir='ltr'><strong>ne</strong></span> 
     </span>
    </p>
   </div>
   <div class='ocr_carea' id='block_1_94' title="bbox 1945 3629 3544 3712">
    <p class='ocr_par' dir='ltr' id='par_1_94' title="bbox 1945 3629 3544 3712">
     <span class='ocr_line' id='line_1_94' title="bbox 1945 3629 3544 3712; baseline -0.009 -20"><span class='ocrx_word' id='word_1_751' title='bbox 1945 3641 2089 3712; x_wconf 80' lang='lat' dir='ltr'><strong>quit,</strong></span> <span class='ocrx_word' id='word_1_752' title='bbox 2126 3646 2180 3692; x_wconf 88' lang='lat' dir='ltr'><strong>et</strong></span> <span class='ocrx_word' id='word_1_753' title='bbox 2209 3636 2353 3707; x_wconf 90' lang='lat' dir='ltr'><strong>quod</strong></span> <span class='ocrx_word' id='word_1_754' title='bbox 2391 3635 2504 3689; x_wconf 84' lang='lat' dir='ltr'><strong>ﬁeri</strong></span> <span class='ocrx_word' id='word_1_755' title='bbox 2539 3641 2718 3704; x_wconf 87' lang='lat' dir='ltr'><strong>potest</strong></span> <span class='ocrx_word' id='word_1_756' title='bbox 2751 3632 2804 3684; x_wconf 91' lang='lat' dir='ltr'><strong>in</strong></span> <span class='ocrx_word' id='word_1_757' title='bbox 2835 3633 3024 3686; x_wconf 88' lang='lat' dir='ltr'><strong>eodem</strong></span> <span class='ocrx_word' id='word_1_758' title='bbox 3063 3629 3343 3699; x_wconf 83' lang='lat' dir='ltr'><strong>proposito</strong></span> <span class='ocrx_word' id='word_1_759' title='bbox 3375 3641 3544 3696; x_wconf 82' lang='lat' dir='ltr'><strong>appa-</strong></span> 
     </span>
    </p>
   </div>
   <div class='ocr_carea' id='block_1_95' title="bbox 1946 3720 3535 3798">
    <p class='ocr_par' dir='ltr' id='par_1_95' title="bbox 1946 3720 3535 3798">
     <span class='ocr_line' id='line_1_95' title="bbox 1946 3720 3535 3798; baseline -0.01 -13"><span class='ocrx_word' id='word_1_760' title='bbox 1946 3740 2139 3796; x_wconf 86' lang='lat' dir='ltr'><strong>reant,</strong></span> <span class='ocrx_word' id='word_1_761' title='bbox 2198 3729 2467 3798; x_wconf 83' lang='lat' dir='ltr'><strong>siquidem</strong></span> <span class='ocrx_word' id='word_1_762' title='bbox 2514 3725 2659 3780; x_wconf 86' lang='lat' dir='ltr'><strong>aliud</strong></span> <span class='ocrx_word' id='word_1_763' title='bbox 2703 3724 2928 3779; x_wconf 80' lang='lat' dir='ltr'><strong>ellicere</strong></span> <span class='ocrx_word' id='word_1_764' title='bbox 2981 3722 3158 3784; x_wconf 85' lang='lat' dir='ltr'><strong>valet,</strong></span> <span class='ocrx_word' id='word_1_765' title='bbox 3220 3720 3368 3773; x_wconf 84' lang='lat' dir='ltr'><strong>aliud</strong></span> <span class='ocrx_word' id='word_1_766' title='bbox 3423 3733 3535 3771; x_wconf 86' lang='lat' dir='ltr'><strong>non</strong></span> 
     </span>
    </p>
   </div>
   <div class='ocr_carea' id='block_1_96' title="bbox 1945 3808 3541 3883">
    <p class='ocr_par' dir='ltr' id='par_1_96' title="bbox 1945 3808 3541 3883">
     <span class='ocr_line' id='line_1_96' title="bbox 1945 3808 3541 3883; baseline -0.009 -5"><span class='ocrx_word' id='word_1_767' title='bbox 1945 3825 2109 3878; x_wconf 79' lang='lat' dir='ltr'><strong>Valet.</strong></span> <span class='ocrx_word' id='word_1_768' title='bbox 2133 3821 2402 3876; x_wconf 69' lang='lat' dir='ltr'><strong>Czeterum</strong></span> <span class='ocrx_word' id='word_1_769' title='bbox 2436 3835 2560 3873; x_wconf 87' lang='lat' dir='ltr'><strong>cum</strong></span> <span class='ocrx_word' id='word_1_770' title='bbox 2588 3817 2772 3871; x_wconf 83' lang='lat' dir='ltr'><strong>omnia</strong></span> <span class='ocrx_word' id='word_1_771' title='bbox 2821 3814 2999 3870; x_wconf 87' lang='lat' dir='ltr'><strong>Verbi.</strong></span> <span class='ocrx_word' id='word_1_772' title='bbox 3025 3813 3306 3883; x_wconf 70' lang='lat' dir='ltr'><strong>proliosito</strong></span> <span class='ocrx_word' id='word_1_773' title='bbox 3352 3808 3541 3879; x_wconf 86' lang='lat' dir='ltr'><strong>perlici</strong></span> 
     </span>
    </p>
   </div>
   <div class='ocr_carea' id='block_1_97' title="bbox 1947 3901 3540 3988">
    <p class='ocr_par' dir='ltr' id='par_1_97' title="bbox 1947 3901 3540 3988">
     <span class='ocr_line' id='line_1_97' title="bbox 1947 3901 3540 3988; baseline -0.008 -22"><span class='ocrx_word' id='word_1_774' title='bbox 1947 3917 2185 3988; x_wconf 83' lang='lat' dir='ltr'><strong>possint,</strong></span> <span class='ocrx_word' id='word_1_775' title='bbox 2215 3913 2282 3968; x_wconf 89' lang='lat' dir='ltr'><strong>ad</strong></span> <span class='ocrx_word' id='word_1_776' title='bbox 2319 3913 2457 3967; x_wconf 89' lang='lat' dir='ltr'><strong>nihil</strong></span> <span class='ocrx_word' id='word_1_777' title='bbox 2493 3922 2673 3965; x_wconf 87' lang='lat' dir='ltr'><strong>tamen</strong></span> <span class='ocrx_word' id='word_1_778' title='bbox 2726 3908 2873 3979; x_wconf 88' lang='lat' dir='ltr'><strong>quod</strong></span> <span class='ocrx_word' id='word_1_779' title='bbox 2924 3906 3127 3960; x_wconf 90' lang='lat' dir='ltr'><strong>malum</strong></span> <span class='ocrx_word' id='word_1_780' title='bbox 3165 3905 3256 3969; x_wconf 89' lang='lat' dir='ltr'><strong>sit,</strong></span> <span class='ocrx_word' id='word_1_781' title='bbox 3298 3901 3540 3957; x_wconf 61' lang='lat' dir='ltr'><strong>cilicii-n-</strong></span> 
     </span>
    </p>
   </div>
   <div class='ocr_carea' id='block_1_98' title="bbox 1947 3993 3540 4061">
    <p class='ocr_par' dir='ltr' id='par_1_98' title="bbox 1947 3993 3540 4061">
     <span class='ocr_line' id='line_1_98' title="bbox 1947 3993 3540 4061; baseline -0.008 -1"><span class='ocrx_word' id='word_1_782' title='bbox 1947 4009 2075 4061; x_wconf 89' lang='lat' dir='ltr'><strong>dum</strong></span> <span class='ocrx_word' id='word_1_783' title='bbox 2106 4013 2376 4059; x_wconf 87' lang='lat' dir='ltr'><strong>movetur.</strong></span> <span class='ocrx_word' id='word_1_784' title='bbox 2429 4003 2569 4056; x_wconf 88' lang='lat' dir='ltr'><strong>Nam</strong></span> <span class='ocrx_word' id='word_1_785' title='bbox 2623 4000 2824 4054; x_wconf 72' lang='lat' dir='ltr'><strong>divina:</strong></span> <span class='ocrx_word' id='word_1_786' title='bbox 2864 4007 3074 4052; x_wconf 61' lang='lat' dir='ltr'><strong>natura:</strong></span> <span class='ocrx_word' id='word_1_787' title='bbox 3117 4005 3302 4050; x_wconf 86' lang='lat' dir='ltr'><strong>motus</strong></span> <span class='ocrx_word' id='word_1_788' title='bbox 3331 4009 3360 4047; x_wconf 86' lang='lat' dir='ltr'><strong>a</strong></span> <span class='ocrx_word' id='word_1_789' title='bbox 3395 3993 3540 4047; x_wconf 87' lang='lat' dir='ltr'><strong>malo</strong></span> 
     </span>
    </p>
   </div>
   <div class='ocr_carea' id='block_1_99' title="bbox 1948 4086 3539 4164">
    <p class='ocr_par' dir='ltr' id='par_1_99' title="bbox 1948 4086 3539 4164">
     <span class='ocr_line' id='line_1_99' title="bbox 1948 4086 3539 4164; baseline -0.01 -11"><span class='ocrx_word' id='word_1_790' title='bbox 1948 4096 2160 4153; x_wconf 90' lang='lat' dir='ltr'><strong>alienus</strong></span> <span class='ocrx_word' id='word_1_791' title='bbox 2189 4106 2291 4152; x_wconf 87' lang='lat' dir='ltr'><strong>est.</strong></span> <span class='ocrx_word' id='word_1_792' title='bbox 2336 4093 2614 4164; x_wconf 79' lang='lat' dir='ltr'><strong>Quidquid</strong></span> <span class='ocrx_word' id='word_1_793' title='bbox 2652 4103 2832 4146; x_wconf 90' lang='lat' dir='ltr'><strong>autem</strong></span> <span class='ocrx_word' id='word_1_794' title='bbox 2879 4090 3083 4145; x_wconf 88' lang='lat' dir='ltr'><strong>bonum</strong></span> <span class='ocrx_word' id='word_1_795' title='bbox 3139 4096 3244 4152; x_wconf 89' lang='lat' dir='ltr'><strong>est,</strong></span> <span class='ocrx_word' id='word_1_796' title='bbox 3289 4087 3339 4141; x_wconf 90' lang='lat' dir='ltr'><strong>id</strong></span> <span class='ocrx_word' id='word_1_797' title='bbox 3374 4086 3539 4141; x_wconf 87' lang='lat' dir='ltr'><strong>etiam</strong></span> 
     </span>
    </p>
   </div>
   <div class='ocr_carea' id='block_1_100' title="bbox 1947 4176 3543 4256">
    <p class='ocr_par' dir='ltr' id='par_1_100' title="bbox 1947 4176 3543 4256">
     <span class='ocr_line' id='line_1_100' title="bbox 1947 4176 3543 4256; baseline -0.007 -15"><span class='ocrx_word' id='word_1_798' title='bbox 1947 4188 2099 4253; x_wconf 84' lang='lat' dir='ltr'><strong>vult;</strong></span> <span class='ocrx_word' id='word_1_799' title='bbox 2131 4185 2277 4256; x_wconf 90' lang='lat' dir='ltr'><strong>quod</strong></span> <span class='ocrx_word' id='word_1_800' title='bbox 2310 4198 2490 4238; x_wconf 77' lang='lat' dir='ltr'><strong>autem</strong></span> <span class='ocrx_word' id='word_1_801' title='bbox 2529 4182 2661 4244; x_wconf 83' lang='lat' dir='ltr'><strong>vult,</strong></span> <span class='ocrx_word' id='word_1_802' title='bbox 2693 4190 2749 4235; x_wconf 88' lang='lat' dir='ltr'><strong>et</strong></span> <span class='ocrx_word' id='word_1_803' title='bbox 2788 4181 2948 4250; x_wconf 88' lang='lat' dir='ltr'><strong>plane</strong></span> <span class='ocrx_word' id='word_1_804' title='bbox 2988 4186 3188 4248; x_wconf 85' lang='lat' dir='ltr'><strong>pclest.</strong></span> <span class='ocrx_word' id='word_1_805' title='bbox 3219 4176 3373 4243; x_wconf 82' lang='lat' dir='ltr'><strong>Quod</strong></span> <span class='ocrx_word' id='word_1_806' title='bbox 3411 4191 3543 4230; x_wconf 85' lang='lat' dir='ltr'><strong>vero</strong></span> 
     </span>
    </p>
   </div>
   <div class='ocr_carea' id='block_1_101' title="bbox 1947 4271 3538 4352">
    <p class='ocr_par' dir='ltr' id='par_1_101' title="bbox 1947 4271 3538 4352">
     <span class='ocr_line' id='line_1_101' title="bbox 1947 4271 3538 4352; baseline -0.009 -16"><span class='ocrx_word' id='word_1_807' title='bbox 1947 4290 2160 4352; x_wconf 89' lang='lat' dir='ltr'><strong>potest,</strong></span> <span class='ocrx_word' id='word_1_808' title='bbox 2208 4279 2470 4334; x_wconf 81' lang='lat' dir='ltr'><strong>infectum</strong></span> <span class='ocrx_word' id='word_1_809' title='bbox 2511 4292 2619 4333; x_wconf 91' lang='lat' dir='ltr'><strong>non</strong></span> <span class='ocrx_word' id='word_1_810' title='bbox 2668 4275 2836 4340; x_wconf 90' lang='lat' dir='ltr'><strong>sinit,</strong></span> <span class='ocrx_word' id='word_1_811' title='bbox 2882 4274 2974 4328; x_wconf 91' lang='lat' dir='ltr'><strong>sed</strong></span> <span class='ocrx_word' id='word_1_812' title='bbox 3006 4287 3347 4343; x_wconf 60' lang='lat' dir='ltr'><strong>quaecunque</strong></span> <span class='ocrx_word' id='word_1_813' title='bbox 3397 4271 3538 4325; x_wconf 86' lang='lat' dir='ltr'><strong>bona</strong></span> 
     </span>
    </p>
   </div>
   <div class='ocr_carea' id='block_1_102' title="bbox 1947 4364 3539 4444">
    <p class='ocr_par' dir='ltr' id='par_1_102' title="bbox 1947 4364 3539 4444">
     <span class='ocr_line' id='line_1_102' title="bbox 1947 4364 3539 4444; baseline -0.009 -13"><span class='ocrx_word' id='word_1_814' title='bbox 1947 4375 2050 4431; x_wconf 89' lang='lat' dir='ltr'><strong>sibi</strong></span> <span class='ocrx_word' id='word_1_815' title='bbox 2081 4374 2362 4444; x_wconf 85' lang='lat' dir='ltr'><strong>proponit,</strong></span> <span class='ocrx_word' id='word_1_816' title='bbox 2421 4387 2482 4426; x_wconf 90' lang='lat' dir='ltr'><strong>ea</strong></span> <span class='ocrx_word' id='word_1_817' title='bbox 2534 4370 2772 4442; x_wconf 80' lang='lat' dir='ltr'><strong>perlicit.</strong></span> <span class='ocrx_word' id='word_1_818' title='bbox 2825 4367 3064 4423; x_wconf 87' lang='lat' dir='ltr'><strong>Mundus</strong></span> <span class='ocrx_word' id='word_1_819' title='bbox 3097 4377 3281 4420; x_wconf 86' lang='lat' dir='ltr'><strong>autem</strong></span> <span class='ocrx_word' id='word_1_820' title='bbox 3318 4364 3539 4418; x_wconf 84' lang='lat' dir='ltr'><strong>mundi-</strong></span> 
     </span>
    </p>
   </div>
   <div class='ocr_carea' id='block_1_103' title="bbox 1946 4459 3540 4539">
    <p class='ocr_par' dir='ltr' id='par_1_103' title="bbox 1946 4459 3540 4539">
     <span class='ocr_line' id='line_1_103' title="bbox 1946 4459 3540 4539; baseline -0.006 -18"><span class='ocrx_word' id='word_1_821' title='bbox 1946 4459 2053 4539; x_wconf 73' lang='lat' dir='ltr'><strong>Que</strong></span> <span class='ocrx_word' id='word_1_822' title='bbox 2102 4476 2287 4537; x_wconf 88' lang='lat' dir='ltr'><strong>partes</strong></span> <span class='ocrx_word' id='word_1_823' title='bbox 2336 4480 2565 4527; x_wconf 90' lang='lat' dir='ltr'><strong>omnes,</strong></span> <span class='ocrx_word' id='word_1_824' title='bbox 2617 4478 2737 4533; x_wconf 73' lang='lat' dir='ltr'><strong>qua:</strong></span> <span class='ocrx_word' id='word_1_825' title='bbox 2797 4462 3078 4530; x_wconf 80' lang='lat' dir='ltr'><strong>sapienter</strong></span> <span class='ocrx_word' id='word_1_826' title='bbox 3132 4459 3540 4528; x_wconf 82' lang='lat' dir='ltr'><strong>artiﬁcioseqne</strong></span> 
     </span>
    </p>
   </div>
   <div class='ocr_carea' id='block_1_104' title="bbox 1948 4548 3541 4620">
    <p class='ocr_par' dir='ltr' id='par_1_104' title="bbox 1948 4548 3541 4620">
     <span class='ocr_line' id='line_1_104' title="bbox 1948 4548 3541 4620; baseline -0.008 -8"><span class='ocrx_word' id='word_1_827' title='bbox 1948 4560 2103 4612; x_wconf 65' lang='lat' dir='ltr'><strong>factae</strong></span> <span class='ocrx_word' id='word_1_828' title='bbox 2143 4565 2463 4616; x_wconf 87' lang='lat' dir='ltr'><strong>cernuntur,</strong></span> <span class='ocrx_word' id='word_1_829' title='bbox 2505 4564 2633 4608; x_wconf 91' lang='lat' dir='ltr'><strong>sunt</strong></span> <span class='ocrx_word' id='word_1_830' title='bbox 2681 4555 2856 4607; x_wconf 69' lang='lat' dir='ltr'><strong>boum.</strong></span> <span class='ocrx_word' id='word_1_831' title='bbox 2900 4553 3092 4620; x_wconf 84' lang='lat' dir='ltr'><strong>Itaque</strong></span> <span class='ocrx_word' id='word_1_832' title='bbox 3141 4549 3375 4602; x_wconf 82' lang='lat' dir='ltr'><strong>viventis</strong></span> <span class='ocrx_word' id='word_1_833' title='bbox 3415 4548 3541 4618; x_wconf 87' lang='lat' dir='ltr'><strong>qui-</strong></span> 
     </span>
    </p>
   </div>
   <div class='ocr_carea' id='block_1_105' title="bbox 1879 4637 3539 4731">
    <p class='ocr_par' dir='ltr' id='par_1_105' title="bbox 1879 4637 3539 4731">
     <span class='ocr_line' id='line_1_105' title="bbox 1879 4637 3539 4731; baseline -0.008 -24"><span class='ocrx_word' id='word_1_834' title='bbox 1879 4675 1922 4731; x_wconf 80' lang='lat' dir='ltr'><strong>D</strong></span> <span class='ocrx_word' id='word_1_835' title='bbox 1947 4651 2069 4706; x_wconf 88' lang='lat' dir='ltr'><strong>dem</strong></span> <span class='ocrx_word' id='word_1_836' title='bbox 2096 4665 2160 4704; x_wconf 89' lang='lat' dir='ltr'><strong>ac</strong></span> <span class='ocrx_word' id='word_1_837' title='bbox 2194 4647 2543 4702; x_wconf 83' lang='lat' dir='ltr'><strong>subsistentis</strong></span> <span class='ocrx_word' id='word_1_838' title='bbox 2568 4645 2728 4700; x_wconf 89' lang='lat' dir='ltr'><strong>Verbi</strong></span> <span class='ocrx_word' id='word_1_839' title='bbox 2771 4658 2901 4698; x_wconf 81' lang='lat' dir='ltr'><strong>sunt</strong></span> <span class='ocrx_word' id='word_1_840' title='bbox 2929 4657 3120 4711; x_wconf 87' lang='lat' dir='ltr'><strong>opera,</strong></span> <span class='ocrx_word' id='word_1_841' title='bbox 3149 4639 3405 4710; x_wconf 87' lang='lat' dir='ltr'><strong>quoniam</strong></span> <span class='ocrx_word' id='word_1_842' title='bbox 3444 4637 3539 4693; x_wconf 88' lang='lat' dir='ltr'><strong>Dei</strong></span> 
     </span>
    </p>
   </div>
   <div class='ocr_carea' id='block_1_106' title="bbox 1955 4731 3544 4806">
    <p class='ocr_par' dir='ltr' id='par_1_106' title="bbox 1955 4731 3544 4806">
     <span class='ocr_line' id='line_1_106' title="bbox 1955 4731 3544 4806; baseline -0.008 -8"><span class='ocrx_word' id='word_1_843' title='bbox 1955 4743 2192 4798; x_wconf 85' lang='lat' dir='ltr'><strong>Verbum</strong></span> <span class='ocrx_word' id='word_1_844' title='bbox 2216 4751 2299 4796; x_wconf 90' lang='lat' dir='ltr'><strong>est</strong></span> <span class='ocrx_word' id='word_1_845' title='bbox 2325 4757 2339 4804; x_wconf 86' lang='lat'><strong>;</strong></span> <span class='ocrx_word' id='word_1_846' title='bbox 2367 4738 2595 4796; x_wconf 90' lang='lat' dir='ltr'><strong>consilio</strong></span> <span class='ocrx_word' id='word_1_847' title='bbox 2617 4747 2796 4792; x_wconf 87' lang='lat' dir='ltr'><strong>autem</strong></span> <span class='ocrx_word' id='word_1_848' title='bbox 2840 4734 3199 4806; x_wconf 89' lang='lat' dir='ltr'><strong>proponentis</strong></span> <span class='ocrx_word' id='word_1_849' title='bbox 3250 4743 3414 4803; x_wconf 87' lang='lat' dir='ltr'><strong>atque</strong></span> <span class='ocrx_word' id='word_1_850' title='bbox 3448 4731 3544 4786; x_wconf 88' lang='lat' dir='ltr'><strong>dc-</strong></span> 
     </span>
    </p>
   </div>
   <div class='ocr_carea' id='block_1_107' title="bbox 1949 4826 3538 4905">
    <p class='ocr_par' dir='ltr' id='par_1_107' title="bbox 1949 4826 3538 4905">
     <span class='ocr_line' id='line_1_107' title="bbox 1949 4826 3538 4905; baseline -0.007 -13"><span class='ocrx_word' id='word_1_851' title='bbox 1949 4834 2236 4893; x_wconf 88' lang='lat' dir='ltr'><strong>liberantis</strong></span> <span class='ocrx_word' id='word_1_852' title='bbox 2279 4833 2536 4905; x_wconf 87' lang='lat' dir='ltr'><strong>quoniam</strong></span> <span class='ocrx_word' id='word_1_853' title='bbox 2590 4831 2760 4897; x_wconf 82' lang='lat' dir='ltr'><strong>vivit,</strong></span> <span class='ocrx_word' id='word_1_854' title='bbox 2817 4829 3156 4898; x_wconf 85' lang='lat' dir='ltr'><strong>valcntisque</strong></span> <span class='ocrx_word' id='word_1_855' title='bbox 3215 4826 3282 4882; x_wconf 87' lang='lat' dir='ltr'><strong>ad</strong></span> <span class='ocrx_word' id='word_1_856' title='bbox 3330 4827 3538 4881; x_wconf 69' lang='lat' dir='ltr'><strong>exitum</strong></span> 
     </span>
    </p>
   </div>
   <div class='ocr_carea' id='block_1_108' title="bbox 1951 4920 3541 5002">
    <p class='ocr_par' dir='ltr' id='par_1_108' title="bbox 1951 4920 3541 5002">
     <span class='ocr_line' id='line_1_108' title="bbox 1951 4920 3541 5002; baseline -0.009 -15"><span class='ocrx_word' id='word_1_857' title='bbox 1951 4930 2250 5002; x_wconf 86' lang='lat' dir='ltr'><strong>perducere</strong></span> <span class='ocrx_word' id='word_1_858' title='bbox 2298 4927 2564 4998; x_wconf 85' lang='lat' dir='ltr'><strong>quidquid</strong></span> <span class='ocrx_word' id='word_1_859' title='bbox 2614 4924 2962 4997; x_wconf 83' lang='lat' dir='ltr'><strong>proposuerit</strong></span> <span class='ocrx_word' id='word_1_860' title='bbox 2999 4934 3161 4993; x_wconf 89' lang='lat' dir='ltr'><strong>atque</strong></span> <span class='ocrx_word' id='word_1_861' title='bbox 3211 4920 3541 4983; x_wconf 81' lang='lat' dir='ltr'><strong>decreverit,</strong></span> 
     </span>
    </p>
   </div>
   <div class='ocr_carea' id='block_1_109' title="bbox 1953 5015 3543 5086">
    <p class='ocr_par' dir='ltr' id='par_1_109' title="bbox 1953 5015 3543 5086">
     <span class='ocr_line' id='line_1_109' title="bbox 1953 5015 3543 5086; baseline -0.009 -5"><span class='ocrx_word' id='word_1_862' title='bbox 1953 5025 2049 5080; x_wconf 89' lang='lat' dir='ltr'><strong>sed</strong></span> <span class='ocrx_word' id='word_1_863' title='bbox 2077 5017 2214 5078; x_wconf 82' lang='lat' dir='ltr'><strong>nihil</strong></span> <span class='ocrx_word' id='word_1_864' title='bbox 2253 5032 2432 5077; x_wconf 87' lang='lat' dir='ltr'><strong>tamen</strong></span> <span class='ocrx_word' id='word_1_865' title='bbox 2487 5019 2838 5076; x_wconf 89' lang='lat' dir='ltr'><strong>decernentis</strong></span> <span class='ocrx_word' id='word_1_866' title='bbox 2890 5015 2992 5070; x_wconf 90' lang='lat' dir='ltr'><strong>nisi</strong></span> <span class='ocrx_word' id='word_1_867' title='bbox 3051 5015 3194 5086; x_wconf 89' lang='lat' dir='ltr'><strong>quod</strong></span> <span class='ocrx_word' id='word_1_868' title='bbox 3231 5015 3433 5068; x_wconf 86' lang='lat' dir='ltr'><strong>bonum</strong></span> <span class='ocrx_word' id='word_1_869' title='bbox 3477 5027 3543 5067; x_wconf 89' lang='lat' dir='ltr'><strong>ac</strong></span> 
     </span>
    </p>
   </div>
   <div class='ocr_carea' id='block_1_110' title="bbox 1953 5104 3544 5188">
    <p class='ocr_par' dir='ltr' id='par_1_110' title="bbox 1953 5104 3544 5188">
     <span class='ocr_line' id='line_1_110' title="bbox 1953 5104 3544 5188; baseline -0.011 -16"><span class='ocrx_word' id='word_1_870' title='bbox 1953 5118 2173 5188; x_wconf 88' lang='lat' dir='ltr'><strong>sapiens</strong></span> <span class='ocrx_word' id='word_1_871' title='bbox 2203 5116 2296 5180; x_wconf 87' lang='lat' dir='ltr'><strong>sit,</strong></span> <span class='ocrx_word' id='word_1_872' title='bbox 2320 5125 2412 5170; x_wconf 91' lang='lat' dir='ltr'><strong>aut</strong></span> <span class='ocrx_word' id='word_1_873' title='bbox 2444 5115 2488 5168; x_wconf 92' lang='lat' dir='ltr'><strong>si</strong></span> <span class='ocrx_word' id='word_1_874' title='bbox 2542 5112 2672 5183; x_wconf 92' lang='lat' dir='ltr'><strong>quid</strong></span> <span class='ocrx_word' id='word_1_875' title='bbox 2703 5111 2848 5165; x_wconf 85' lang='lat' dir='ltr'><strong>aliud</strong></span> <span class='ocrx_word' id='word_1_876' title='bbox 2883 5108 3108 5164; x_wconf 89' lang='lat' dir='ltr'><strong>meliore</strong></span> <span class='ocrx_word' id='word_1_877' title='bbox 3156 5105 3335 5176; x_wconf 87' lang='lat' dir='ltr'><strong>aliqua</strong></span> <span class='ocrx_word' id='word_1_878' title='bbox 3371 5104 3544 5176; x_wconf 83' lang='lat' dir='ltr'><strong>signi-</strong></span> 
     </span>
    </p>
   </div>
   <div class='ocr_carea' id='block_1_111' title="bbox 1955 5198 3542 5283">
    <p class='ocr_par' dir='ltr' id='par_1_111' title="bbox 1955 5198 3542 5283">
     <span class='ocr_line' id='line_1_111' title="bbox 1955 5198 3542 5283; baseline -0.011 -18"><span class='ocrx_word' id='word_1_879' title='bbox 1955 5209 2208 5283; x_wconf 69' lang='lat' dir='ltr'><strong>ﬁcatione</strong></span> <span class='ocrx_word' id='word_1_880' title='bbox 2237 5207 2565 5262; x_wconf 87' lang='lat' dir='ltr'><strong>declaratur.</strong></span> <span class='ocrx_word' id='word_1_881' title='bbox 2602 5203 2969 5270; x_wconf 84' lang='lat' dir='ltr'><strong>Quamobrem</strong></span> <span class='ocrx_word' id='word_1_882' title='bbox 3001 5198 3125 5271; x_wconf 86' lang='lat' dir='ltr'><strong>quia</strong></span> <span class='ocrx_word' id='word_1_883' title='bbox 3163 5199 3365 5253; x_wconf 86' lang='lat' dir='ltr'><strong>bonum</strong></span> <span class='ocrx_word' id='word_1_884' title='bbox 3415 5209 3542 5249; x_wconf 87' lang='lat' dir='ltr'><strong>esse</strong></span> 
     </span>
    </p>
   </div>
   <div class='ocr_carea' id='block_1_112' title="bbox 1955 5291 3542 5366">
    <p class='ocr_par' dir='ltr' id='par_1_112' title="bbox 1955 5291 3542 5366">
     <span class='ocr_line' id='line_1_112' title="bbox 1955 5291 3542 5366; baseline -0.012 -8"><span class='ocrx_word' id='word_1_885' title='bbox 1955 5302 2218 5358; x_wconf 88' lang='lat' dir='ltr'><strong>mundum</strong></span> <span class='ocrx_word' id='word_1_886' title='bbox 2247 5299 2609 5361; x_wconf 86' lang='lat' dir='ltr'><strong>ostendimus,</strong></span> <span class='ocrx_word' id='word_1_887' title='bbox 2652 5293 2948 5366; x_wconf 86' lang='lat' dir='ltr'><strong>Vcrbique,</strong></span> <span class='ocrx_word' id='word_1_888' title='bbox 2992 5294 3136 5364; x_wconf 89' lang='lat' dir='ltr'><strong>quod</strong></span> <span class='ocrx_word' id='word_1_889' title='bbox 3179 5291 3383 5345; x_wconf 87' lang='lat' dir='ltr'><strong>bonmn</strong></span> <span class='ocrx_word' id='word_1_890' title='bbox 3414 5298 3542 5340; x_wconf 84' lang='lat' dir='ltr'><strong>ante</strong></span> 
     </span>
    </p>
   </div>
   <div class='ocr_carea' id='block_1_113' title="bbox 1956 5380 3542 5464">
    <p class='ocr_par' dir='ltr' id='par_1_113' title="bbox 1956 5380 3542 5464">
     <span class='ocr_line' id='line_1_113' title="bbox 1956 5380 3542 5464; baseline -0.013 -13"><span class='ocrx_word' id='word_1_891' title='bbox 1956 5393 2201 5464; x_wconf 85' lang='lat' dir='ltr'><strong>decernit</strong></span> <span class='ocrx_word' id='word_1_892' title='bbox 2225 5381 2615 5460; x_wconf 85' lang='lat' dir='ltr'><strong>decretumque</strong></span> <span class='ocrx_word' id='word_1_893' title='bbox 2638 5397 2817 5458; x_wconf 84' lang='lat' dir='ltr'><strong>potest</strong></span> <span class='ocrx_word' id='word_1_894' title='bbox 2846 5383 3086 5448; x_wconf 75' lang='lat' dir='ltr'><strong>elﬁcere,</strong></span> <span class='ocrx_word' id='word_1_895' title='bbox 3120 5380 3382 5434; x_wconf 90' lang='lat' dir='ltr'><strong>mundum</strong></span> <span class='ocrx_word' id='word_1_896' title='bbox 3416 5391 3542 5430; x_wconf 84' lang='lat' dir='ltr'><strong>csse</strong></span> 
     </span>
    </p>
   </div>
   <div class='ocr_carea' id='block_1_114' title="bbox 1956 5470 3541 5558">
    <p class='ocr_par' dir='ltr' id='par_1_114' title="bbox 1956 5470 3541 5558">
     <span class='ocr_line' id='line_1_114' title="bbox 1956 5470 3541 5558; baseline -0.013 -16"><span class='ocrx_word' id='word_1_897' title='bbox 1956 5502 2098 5558; x_wconf 90' lang='lat' dir='ltr'><strong>opus</strong></span> <span class='ocrx_word' id='word_1_898' title='bbox 2144 5483 2534 5542; x_wconf 87' lang='lat' dir='ltr'><strong>indicavimus,</strong></span> <span class='ocrx_word' id='word_1_899' title='bbox 2585 5478 2936 5551; x_wconf 87' lang='lat' dir='ltr'><strong>perspicuum</strong></span> <span class='ocrx_word' id='word_1_900' title='bbox 2983 5481 3086 5538; x_wconf 86' lang='lat' dir='ltr'><strong>est,</strong></span> <span class='ocrx_word' id='word_1_901' title='bbox 3148 5470 3384 5526; x_wconf 84' lang='lat' dir='ltr'><strong>Verbum</strong></span> <span class='ocrx_word' id='word_1_902' title='bbox 3435 5470 3541 5522; x_wconf 86' lang='lat' dir='ltr'><strong>hoc</strong></span> 
     </span>
    </p>
   </div>
   <div class='ocr_carea' id='block_1_115' title="bbox 1959 5560 3542 5645">
    <p class='ocr_par' dir='ltr' id='par_1_115' title="bbox 1959 5560 3542 5645">
     <span class='ocr_line' id='line_1_115' title="bbox 1959 5560 3542 5645; baseline -0.013 -12"><span class='ocrx_word' id='word_1_903' title='bbox 1959 5578 2103 5634; x_wconf 86' lang='lat' dir='ltr'><strong>aliud</strong></span> <span class='ocrx_word' id='word_1_904' title='bbox 2139 5577 2208 5632; x_wconf 88' lang='lat' dir='ltr'><strong>ab</strong></span> <span class='ocrx_word' id='word_1_905' title='bbox 2239 5590 2305 5631; x_wconf 92' lang='lat' dir='ltr'><strong>eo</strong></span> <span class='ocrx_word' id='word_1_906' title='bbox 2349 5590 2470 5631; x_wconf 88' lang='lat' dir='ltr'><strong>esse</strong></span> <span class='ocrx_word' id='word_1_907' title='bbox 2514 5574 2670 5645; x_wconf 88' lang='lat' dir='ltr'><strong>cujus</strong></span> <span class='ocrx_word' id='word_1_908' title='bbox 2723 5580 2808 5626; x_wconf 90' lang='lat' dir='ltr'><strong>est</strong></span> <span class='ocrx_word' id='word_1_909' title='bbox 2851 5567 3109 5623; x_wconf 87' lang='lat' dir='ltr'><strong>Verbum.</strong></span> <span class='ocrx_word' id='word_1_910' title='bbox 3158 5561 3251 5618; x_wconf 86' lang='lat' dir='ltr'><strong>Est</strong></span> <span class='ocrx_word' id='word_1_911' title='bbox 3301 5560 3449 5616; x_wconf 88' lang='lat' dir='ltr'><strong>enim</strong></span> <span class='ocrx_word' id='word_1_912' title='bbox 3485 5567 3542 5614; x_wconf 87' lang='lat' dir='ltr'><strong>et</strong></span> 
     </span>
    </p>
   </div>
   <div class='ocr_carea' id='block_1_116' title="bbox 1960 5655 3542 5742">
    <p class='ocr_par' dir='ltr' id='par_1_116' title="bbox 1960 5655 3542 5742">
     <span class='ocr_line' id='line_1_116' title="bbox 1960 5655 3542 5742; baseline -0.013 -13"><span class='ocrx_word' id='word_1_913' title='bbox 1960 5674 2066 5730; x_wconf 88' lang='lat' dir='ltr'><strong>hoc</strong></span> <span class='ocrx_word' id='word_1_914' title='bbox 2108 5669 2510 5742; x_wconf 87' lang='lat' dir='ltr'><strong>quodammodo</strong></span> <span class='ocrx_word' id='word_1_915' title='bbox 2563 5683 2732 5722; x_wconf 90' lang='lat' dir='ltr'><strong>unum</strong></span> <span class='ocrx_word' id='word_1_916' title='bbox 2786 5680 2852 5718; x_wconf 82' lang='lat' dir='ltr'><strong>ex</strong></span> <span class='ocrx_word' id='word_1_917' title='bbox 2890 5661 2958 5716; x_wconf 89' lang='lat' dir='ltr'><strong>iis</strong></span> <span class='ocrx_word' id='word_1_918' title='bbox 3003 5675 3125 5730; x_wconf 71' lang='lat' dir='ltr'><strong>qua:</strong></span> <span class='ocrx_word' id='word_1_919' title='bbox 3173 5672 3294 5712; x_wconf 90' lang='lat' dir='ltr'><strong>cum</strong></span> <span class='ocrx_word' id='word_1_920' title='bbox 3358 5655 3542 5722; x_wconf 88' lang='lat' dir='ltr'><strong>aliquo</strong></span> 
     </span>
    </p>
   </div>
   <div class='ocr_carea' id='block_1_117' title="bbox 1961 5749 3541 5834">
    <p class='ocr_par' dir='ltr' id='par_1_117' title="bbox 1961 5749 3541 5834">
     <span class='ocr_line' id='line_1_117' title="bbox 1961 5749 3541 5834; baseline -0.016 -10"><span class='ocrx_word' id='word_1_921' title='bbox 1961 5767 2338 5825; x_wconf 84' lang='lat' dir='ltr'><strong>conferuntur.</strong></span> <span class='ocrx_word' id='word_1_922' title='bbox 2365 5761 2645 5834; x_wconf 81' lang='lat' dir='ltr'><strong>Siquidem</strong></span> <span class='ocrx_word' id='word_1_923' title='bbox 2679 5760 2864 5814; x_wconf 79' lang='lat' dir='ltr'><strong>audito</strong></span> <span class='ocrx_word' id='word_1_924' title='bbox 2897 5755 3094 5820; x_wconf 88' lang='lat' dir='ltr'><strong>Verbo,</strong></span> <span class='ocrx_word' id='word_1_925' title='bbox 3128 5749 3291 5807; x_wconf 86' lang='lat' dir='ltr'><strong>Verbi</strong></span> <span class='ocrx_word' id='word_1_926' title='bbox 3325 5761 3541 5818; x_wconf 86' lang='lat' dir='ltr'><strong>quoque</strong></span> 
     </span>
    </p>
   </div>
   <div class='ocr_carea' id='block_1_118' title="bbox 1960 5836 3543 5932">
    <p class='ocr_par' dir='ltr' id='par_1_118' title="bbox 1960 5836 3543 5932">
     <span class='ocr_line' id='line_1_118' title="bbox 1960 5836 3543 5932; baseline -0.017 -17"><span class='ocrx_word' id='word_1_927' title='bbox 1960 5875 2158 5932; x_wconf 88' lang='lat' dir='ltr'><strong>parens</strong></span> <span class='ocrx_word' id='word_1_928' title='bbox 2190 5857 2540 5927; x_wconf 85' lang='lat' dir='ltr'><strong>intelligatur,</strong></span> <span class='ocrx_word' id='word_1_929' title='bbox 2573 5866 2798 5908; x_wconf 87' lang='lat' dir='ltr'><strong>necesse</strong></span> <span class='ocrx_word' id='word_1_930' title='bbox 2849 5858 2953 5904; x_wconf 90' lang='lat' dir='ltr'><strong>cst.</strong></span> <span class='ocrx_word' id='word_1_931' title='bbox 3001 5845 3188 5916; x_wconf 86' lang='lat' dir='ltr'><strong>Neque</strong></span> <span class='ocrx_word' id='word_1_932' title='bbox 3231 5843 3374 5895; x_wconf 86' lang='lat' dir='ltr'><strong>enim</strong></span> <span class='ocrx_word' id='word_1_933' title='bbox 3411 5836 3543 5889; x_wconf 81' lang='lat' dir='ltr'><strong>Ver-</strong></span> 
     </span>
    </p>
   </div>
   <div class='ocr_carea' id='block_1_119' title="bbox 1967 5929 3536 6031">
    <p class='ocr_par' dir='ltr' id='par_1_119' title="bbox 1967 5929 3536 6031">
     <span class='ocr_line' id='line_1_119' title="bbox 1967 5929 3536 6031; baseline -0.005 -23"><span class='ocrx_word' id='word_1_934' title='bbox 1967 5929 2090 6010; x_wconf 81' lang='lat' dir='ltr'><strong>bum</strong></span> <span class='ocrx_word' id='word_1_935' title='bbox 2122 5955 2287 6031; x_wconf 64' lang='lat' dir='ltr'><strong>esset,</strong></span> <span class='ocrx_word' id='word_1_936' title='bbox 2323 5947 2426 6004; x_wconf 90' lang='lat' dir='ltr'><strong>nisi</strong></span> <span class='ocrx_word' id='word_1_937' title='bbox 2466 5945 2697 6018; x_wconf 76' lang='lat' dir='ltr'><strong>alicuius</strong></span> <span class='ocrx_word' id='word_1_938' title='bbox 2736 5953 2879 6001; x_wconf 79' lang='lat' dir='ltr'><strong>esset</strong></span> <span class='ocrx_word' id='word_1_939' title='bbox 2911 5941 3168 5996; x_wconf 82' lang='lat' dir='ltr'><strong>Verbum.</strong></span> <span class='ocrx_word' id='word_1_940' title='bbox 3207 5935 3342 5990; x_wconf 78' lang='lat' dir='ltr'><strong>Cum</strong></span> <span class='ocrx_word' id='word_1_941' title='bbox 3373 5929 3536 6000; x_wconf 69' lang='grc' dir='ltr'>ξείιυτ</span> 
     </span>
    </p>
   </div>
  </div>
