4048 6604
516 440 587 501 39
1785 433 2090 495 ΕΗἸἨΥΜ

2210 431 2577 493 ZlGABENl
3702 436 3774 488 tu

513 550 795 605 auditores
842 548 1172 622 cogitatione
1229 547 1567 620 distinguant
1629 547 1870 604 Verbum
1921 548 1989 603 ab
2038 562 2090 602 et

2207 543 2519 597 ἀκουόντων
2566 541 2773 597 διάνοια
2800 539 2961 594 αὑτόν
2991 556 3049 594 τε
3079 537 3169 592 τὸν
3192 538 3385 606 Λόγον,
3416 537 3512 593 καὶ
3536 538 3624 592 τὸν
3652 538 3777 593 ὅθεν

517 640 676 709 cujus
706 647 791 694 est
820 637 1081 702 Verbum,
1110 654 1221 693 non
1248 638 1483 708 amplius
1511 638 1828 709 mysterium
1854 637 2011 691 nobis
2042 638 2095 690 in

521 731 769 805 periculo
815 739 1091 793 versatur,
1142 744 1211 784 ne
1262 729 1389 784 dum
1444 728 1755 785 Grtecorum
1814 730 2100 799 opiniones

517 823 837 885 refellimus,
866 822 1151 877 videamur
1187 822 1499 877 Iudaeorum
1536 822 1861 877 sententiam
1892 837 2095 893 appro-

518 912 778 968 bantibt‘ts
826 913 1106 968 assentiri.
1159 912 1293 968 Nam
1346 913 1805 983 quemadmodum
1855 914 1908 967 in
1943 914 2099 968 nobis

511 1006 746 1061 dicimus
813 1008 1039 1061 verbum
1089 1022 1118 1060 a
1169 1015 1349 1061 mente
1396 1006 1689 1076 proficisci,
1740 1022 1918 1077 neque
1958 1007 2097 1061 idem

513 1098 739 1150 omnino
797 1112 919 1152 esse
969 1097 1111 1167 quod
1148 1105 1232 1151 est
1280 1114 1454 1164 mens,
1486 1113 1587 1152 nec
1636 1097 1703 1152 ab
1741 1098 1827 1152 illa
1875 1113 2100 1168 prorsus

516 1187 795 1241 diversum
825 1187 1047 1257 (etenim
1092 1198 1361 1257 quatenus
1402 1189 1469 1243 ab
1506 1190 1594 1243 illa
1636 1189 1912 1260 provenit,
1950 1190 2097 1245 aliud

513 1277 772 1344 quiddam
804 1294 966 1345 quam
1012 1279 1125 1348 ipsa
1170 1289 1252 1334 est
1289 1296 1302 1333 :
1351 1289 1620 1349 quatenus
1649 1289 1828 1334 autem
1860 1289 2097 1334 mentem

515 1366 859 1434 perspicuam
894 1366 1022 1421 facit
1060 1378 1115 1421 ct
1141 1368 1397 1436 esplicat,
1454 1382 1565 1423 non
1603 1369 1751 1424 aliud
1791 1370 1900 1438 jam
1930 1370 1999 1423 ab
2036 1382 2097 1423 ea

514 1454 792 1510 diversum
852 1457 1141 1528 cogitatur,
1205 1460 1299 1514 sed
1347 1469 1540 1513 natura
1596 1475 1789 1525 unum,
1849 1459 2100 1530 subjecto

513 1551 726 1598 tantum
757 1545 1036 1615 dim-rens)
1072 1566 1085 1602 :
1114 1548 1192 1602 sic
1223 1549 1384 1603 etiam
1414 1548 1508 1602 Dei
1538 1546 1800 1615 Verbum,
1829 1558 2100 1618 quatenus

511 1649 611 1703 per
652 1650 711 1690 se
735 1637 1008 1702 subsistit,
1052 1638 1120 1691 ab
1162 1652 1228 1693 eo
1265 1637 1619 1708 distinguitur
1666 1640 1811 1693 unde
1860 1646 1920 1693 ut
1969 1640 2099 1695 sub-

514 1726 676 1781 sistat
702 1727 901 1781 habet:
931 1724 1202 1796 quatenus
1230 1735 1409 1783 autem
1441 1743 1504 1782 ea
1545 1727 1789 1783 declarat
1816 1729 1869 1783 in
1898 1729 2097 1798 seipso,

514 1835 637 1889 quae
674 1829 973 1874 cernuntur
1007 1820 1061 1874 in
1098 1819 1228 1885 Deo,
1274 1819 1415 1874 idem
1447 1828 1534 1875 est
1565 1831 1761 1874 natura
1797 1836 1919 1875 cum
1955 1823 2094 1891 ipso,

2200 633 2376 698 ἐστὶν,
2406 634 2506 687 οὑκ
2532 632 2611 685 ἔτ’
2633 632 2700 686 ἂν
2726 633 2857 704 ἡμῖν
2887 629 3211 702 κινδυνεύσῃ
3236 628 3296 682 sb
3321 630 3624 700 μυστήριον
3653 631 3777 690 ταῖς

2201 725 2509 795 ἑλληνικαῖς
2552 722 2858 795 μαχόμενον
2893 720 3198 791 ὑπολήψεσι
3230 721 3343 783 τοῖς
3382 717 3451 773 τὰ
3500 717 3775 772 Ἰουδαίων

2201 813 2567 884 πρεσϐεύουσι
2600 812 3005 884 συνενεχθῆναι.
3030 812 3241 883 Ὠσπερ
3270 812 3380 881 γὰρ
3405 809 3490 878 ἐφ’
3518 809 3676 879 ἡμῶν
3710 810 3778 863 εκ

2199 904 2296 958 τοῦ
2336 904 2426 958 νοῦ
2481 922 2662 975 φαμεν
2708 902 2850 958 εἶναι
2906 906 2997 958 τὸν
3048 904 3230 972 λόγον,
3273 902 3399 955 οὑτε
3449 900 3627 954 διόλου
3680 903 3777 954 τὸν

2201 997 2363 1050 αὑτὸν
2386 997 2514 1050 ὄντα
2545 997 2621 1065 τῷ
2649 996 2746 1066 νῷ,
2773 995 2894 1049 οὑτε
2927 997 3271 1051 παντάπασιν
3340 994 3556 1064 ἕτερον·
3585 992 3647 1046 τὸ
3670 993 3774 1063 μὲν

2200 1087 2309 1157 γάρ
2334 1086 2393 1151 ἐξ
2418 1086 2625 1140 ἐκείνου
2651 1082 2793 1139 εἶναι
2824 1086 2952 1141 ἄλλο
2976 1105 3051 1152 τι,
3078 1087 3169 1140 καὶ
3197 1087 3296 1141 οὐκ
3331 1085 3508 1140 ἐκεῖνό
3538 1087 3677 1138 ἐστι·
3712 1086 3774 1138 τὸ

2198 1180 2253 1233 δὲ
2282 1181 2446 1234 αὑτὸν
2485 1179 2573 1233 τὸν
2605 1179 2730 1233 νοῦν
2762 1180 2851 1233 τὸν
2877 1181 2957 1242 είς
2985 1178 3044 1232 τὸ
3077 1178 3317 1249 ἐμφανὲς
3349 1179 3506 1246 άγειν
3560 1178 3662 1230 οὑκ
3695 1176 3773 1230 ἐτ’

2200 1271 2268 1326 ἂν
2318 1272 2508 1342 ἕτερόν
2539 1290 2591 1325 τι
2615 1273 2744 1344 παρ’
2779 1274 2984 1325 ἐκεῖνον
3009 1272 3310 1334 ὑπονοοῖτο,
3346 1270 3480 1323 ἀλλὰ
3504 1270 3647 1323 κατὰ
3670 1272 3773 1339 τὴν

2203 1363 2367 1433 φύσιν
2390 1364 2451 1416 ἒν
2477 1362 2551 1419 ὣν
2589 1365 2777 1435 ἕτερον
2802 1364 2879 1434 τῷ
2915 1364 3262 1434 ὑποκειμένῳ
3289 1362 3435 1416 ἐστίν
3456 1379 3470 1393 ·
3506 1362 3653 1415 οὑτω
3679 1372 3776 1414 και

2201 1458 2231 1509 ό
2290 1457 2383 1509 τοῦ
2422 1456 2557 1510 Θεοῦ
2612 1458 2785 1526 Λόγος
2827 1457 2904 1528 τῷ
2942 1457 3042 1527 μὲν
3070 1457 3372 1525 ὑφεστάναι
3424 1456 3547 1510 καθ’
3577 1456 3773 1509 ἑαυτὸν

2200 1547 2455 1619 διῄρηται
2494 1550 2630 1620 πρὸς
2667 1551 2874 1604 ἐκεῖνον
2914 1550 3043 1619 παρ’
3070 1542 3132 1601 οὗ
3163 1548 3261 1621 τὴν
3291 1549 3588 1603 ὑπόστασιν
3617 1546 3732 1617 ἔχει
3756 1565 3771 1578 ·

2199 1640 2278 1708 τῷ
2304 1640 2360 1691 δὲ
2402 1638 2577 1693 ταῦτα
2630 1639 2899 1694 δεικνύειν
2935 1641 2993 1694 ὲν
3016 1638 3196 1709 ἐαυτῷ
3244 1637 3437 1708 διἰ-ιερλ⁸
3494 1640 3587 1691 τὸν
3636 1638 3773 1691 Θεὸν

2201 1729 2528 1800 καθορᾶται,
2572 1730 2601 1783 ό
2624 1731 2787 1794 αὐτός
2820 1731 2937 1783 ἐστι
2967 1730 3111 1783 κατὰ
3137 1730 3235 1801 τὴν
3265 1730 3428 1798 φύσιν
3460 1729 3655 1798 ἐκείνῳ
3696 1730 3772 1796 τῷ

2200 1820 2466 1875 δι”αὑτῶν
2493 1822 2603 1875 τῶν
2636 1823 3036 1893 γνωρισμάτων
3058 1820 3454 1893 εὑρισκομένῳ.
3486 1821 3614 1874 Εἴτε
3664 1820 3773 1889 γάρ

514 1888 571 1965 in
605 1926 715 1981 quo
756 1910 950 1966 eadem
1009 1909 1210 1965 indicia
1254 1922 1313 1967 et
1350 1919 1495 1966 nota:
1537 1912 1910 1981 reperiuntur.
1959 1888 2090 1967 Nam

2204 1914 2538 1981 άγαθότητα,
2566 1888 2678 1967 εἴτε
2704 1888 2957 1983 δύναμιν,
2987 1913 3099 1966 εἴτε
3125 1888 3346 1982 σοφία-ν,
3371 1888 3483 1965 εῖτε
3506 1911 3565 1965 τὸ
3588 1888 3773 1972 ἀϊδίως

514 2003 632 2057 sive
691 2002 1012 2066 bonitatem,
1064 2004 1183 2057 sive
1234 2003 1553 2072 potentiam,
1602 2003 1718 2058 sive
1748 2004 2094 2073 sapientiam,

512 2094 630 2151 sive
654 2096 1040 2160 aeternitatem,
1075 2096 1190 2151 sive
1223 2096 1469 2160 malitiae,
1489 2084 1684 2153 mortis
1710 2106 1765 2151 et
1786 2097 2096 2167 corruptio-

510 2187 600 2243 nis
628 2189 980 2253 vacuitatem,
1014 2186 1129 2241 sive
1163 2186 1378 2255 aliquod
1415 2186 1559 2242 aliud
1594 2186 2095 2258 ejusmodisiguum

516 2280 841 2342 constituas,
872 2293 982 2349 quo
1011 2277 1170 2332 Patre
1196 2277 1313 2348 ipse
1364 2278 1879 2348 comprehendatur,
1905 2279 2097 2334 eodem

513 2369 671 2440 signo
722 2379 779 2426 et
825 2370 1106 2438 Verbum,
1158 2372 1303 2440 quod
1346 2385 1414 2425 ex
1466 2370 1559 2454 illo
1614 2372 1885 2436 subsistit,
1939 2373 2095 2427 inve.

512 2464 686 2518 neris.

1009 2655 1084 2712 De
1120 2654 1322 2726 Spiritu
1357 2665 1562 2711 sancto.

584 2769 663 2825 Ac
706 2768 1168 2839 quemadmodum
1218 2768 1370 2824 hisce
1422 2767 1684 2840 gradibus
1736 2768 2098 2826 ascendentes

508 2874 579 2916 ex
604 2868 793 2916 nostra
823 2875 1133 2931 supremam
1163 2859 1308 2915 illam
1342 2869 1590 2914 naturam
1617 2861 1985 2931 cognovimus,
2018 2861 2099 2917 sic

514 2952 746 3015 umbris,
778 2966 842 3006 ac
876 2952 1184 3007 simulacris
1225 2951 1551 3022 quibusdam
1585 2952 1871 3019 potestatis
1922 2951 2095 3017 illius,

509 3058 633 3114 quae
662 3042 845 3098 verbis
874 3043 1134 3112 explicari
1186 3058 1295 3097 non
1344 3050 1546 3112 potest,
1580 3042 1633 3098 in
1684 3052 1876 3097 natura
1908 3052 2097 3099 nostra

510 3135 824 3206 conspectis
883 3135 952 3190 ad
1029 3134 1267 3205 Spiritus
1315 3134 1687 3205 cognitionem
1755 3135 2094 3192 accedimus.

2202 2001 2367 2069 εἶναι,
2420 2004 2530 2057 εἴτε
2586 2003 2648 2057 τὸ
2701 2003 2926 2068 κακίας,
2971 2004 3068 2057 καί⁸
3118 2003 3375 2067 Θανάτου,
3411 2002 3508 2055 καὶ
3565 2001 3774 2072 φθορᾶς

2199 2096 2576 2163 ἀνεπίδεκτον,
2636 2097 2747 2151 εἴτε
2793 2098 2886 2150 τὸν
2945 2099 3003 2150 ὲν
3048 2095 3212 2151 παντὶ
3270 2096 3503 2161 τέλειον,
3559 2095 3670 2148 εἴτε
3718 2111 3773 2145 τι

2197 2189 2441 2243 τοιοῦτον
2472 2191 2610 2253 ὅλως
2660 2189 2889 2261 σημεῖόν
2920 2206 3002 2253 τις
3036 2191 3245 2242 ποιεῖτο
3288 2190 3386 2259 τῆς
3415 2189 3511 2240 τοῦ
3552 2187 3768 2258 Πατρός

2202 2280 2591 2351 καταλήψεως,
2631 2280 2719 2334 διὰ
2766 2280 2874 2334 τῶν
2897 2280 3077 2333 αὐτῶν
3110 2280 3333 2351 εὑρήσει
3386 2278 3633 2349 σημείων
3681 2281 3775 2331 καὶ

2198 2377 2291 2427 τὶν
2331 2375 2389 2441 ἐξ
2430 2375 2644 2427 ἐκείνου
2683 2373 2970 2445 ὑφεστῶτα
2998 2374 3199 2441 Λόγον.

2519 2623 2663 2693 Περί
2725 2623 2834 2679 τοῦ
2872 2622 3048 2695 ἁγίου
3091 2624 3455 2691 Πνεύματος.

2274 2741 2497 2812 Ὠσπερ
2543 2741 2601 2795 δὲ
2631 2740 2723 2794 τὸν
2769 2741 2944 2810 Λόγον
2970 2741 3034 2793 ὲκ
3081 2738 3189 2793 τῶν
3224 2737 3349 2791 καθ’
3374 2737 3521 2809 ἡμᾶς
3554 2734 3771 2804 ἀναγω-

2202 2834 2376 2905 γικῶς
2401 2834 2496 2888 ἐπὶ
2527 2832 2624 2902 τῆς
2652 2831 3059 2902 ὑπερκειμένης
3086 2829 3335 2899 ἔγνωμεν
3367 2826 3603 2897 φύσεως,
3632 2828 3774 2880 κατὰ

2196 2929 2291 2980 τὸν
2319 2926 2483 2979 αὑτὸν
2509 2925 2712 2996 τρόπον
2739 2924 2832 2978 καὶ
2862 2925 2931 2993 τῇ
2963 2924 3096 2991 περὶ
3121 2920 3215 2976 τοῦ
3245 2920 3565 2991 Πνεῦματος
3588 2920 3772 2991 ἐννοίᾳ

2201 3016 2659 3088 ὑπαχθησόμεοα,
2710 3015 2872 3079 σκιάς
2923 3030 3097 3083 τινας,
3171 3012 3268 3067 καὶ
3317 3013 3613 3084 μιμήματα
3670 3014 3772 3082 τῆς

2199 3111 2479 3182 άφράστου
2528 3108 2809 3178 δυνάμεως
2855 3110 2913 3162 tv
2959 3110 3028 3179 τῇ
3065 3106 3190 3161 καθ’
3234 3106 3382 3176 ἡμᾶς
3436 3103 3772 3175 θεωροῦντες

510 3197 834 3296 Quanquam
890 3197 1119 3295 spiritus
1175 3223 1270 3294 qui
1331 3197 1412 3278 inv
1435 3224 1594 3279 nobis
1620 3233 1738 3291 est,
1787 3239 1855 3279 ex
1914 3225 2090 3280 alieno

2198 3202 2379 3273 φύσει.
2422 3200 2564 3256 Ἀλλ’
2595 3201 2682 3270 ἐφ’
2719 3200 2879 3272 ἡμῶν
2918 3200 3016 3272 μὲν
3044 3201 3105 3254 rb
3147 3197 3365 3270 πνεῦμα
3402 3198 3437 3270 ἡ
3480 3197 3574 3251 τοῦ
3606 3198 3769 3268 ἀέρος

509 3318 811 3381 reducitur,
847 3331 1048 3387 nempe
1085 3331 1150 3372 ex
1184 3330 1335 3377 aere,
1360 3315 1453 3385 qui
1492 3316 1559 3370 ad
1596 3317 1843 3387 corporis
1884 3320 2096 3372 consti-

510 3409 778 3465 tutionem
818 3406 1133 3463 necessario
1161 3407 1415 3462 hauritur
1441 3415 1498 3464 et
1527 3406 1847 3474 eﬂ‘unditur,
1883 3418 1938 3463 et
1967 3423 2090 3464 cum

508 3500 734 3556 verbum
763 3497 1177 3571 pronuntiatur,
1207 3500 1265 3554 ﬁt
1296 3514 1396 3554 vox
1422 3514 1544 3570 quae
1592 3499 1739 3554 verbi
1769 3510 2093 3571 potestatem

508 3591 565 3647 in
589 3592 767 3662 seipsa
793 3592 1072 3659 declarat;
1106 3591 1160 3645 in
1198 3591 1380 3646 divina
1412 3606 1541 3646 vero
1571 3600 1786 3655 natura,
1816 3592 1915 3648 etsi
1946 3592 2091 3661 pium

508 3690 612 3747 est,
646 3681 740 3738 Dei
770 3681 1038 3753 Spiritum
1088 3682 1355 3759 cogitare,
1391 3681 1851 3752 quemadmodum
1891 3690 1946 3737 et
1987 3681 2083 3737 Dei

510 3777 744 3834 Verbum
774 3778 1004 3835 inferius
1034 3781 1127 3842 sit,
1168 3777 1213 3832 si
1259 3786 1505 3833 nostrum
1540 3792 1666 3834 cum
1701 3778 1921 3848 Spiritu,
1958 3778 2089 3833 illud

505 3870 625 3925 sine
672 3870 874 3943 spiritu
934 3886 1058 3926 esse
1079 3872 1371 3940 jcredatur,
1420 3887 1533 3927 non
1582 3880 1765 3925 tamen
1803 3880 2091 3927 consenta-

508 3976 673 4017 neum
781 3971 866 4017 est
927 3962 1148 4032 Deoque
1222 3963 1446 4033 dignum
1539 3962 1790 4017 arbitrari
1853 3963 2088 4019 alienum

510 4050 792 4122 quiddam,
834 4060 894 4107 ut
939 4052 996 4105 in
1034 4052 1229 4122 spiritu
1266 4061 1455 4107 nostro
1501 4052 1787 4123 contingit,
1830 4051 1883 4107 in
1916 4053 2089 4109 Deum

507 4143 853 4198 extrinsecus
878 4142 1124 4206 inﬂuere,
1147 4142 1201 4197 iu
1238 4143 1465 4213 ipsoque
1494 4143 1744 4214 spiritum
1768 4141 1927 4199 eilici.
1974 4143 2082 4199 Sed

506 4238 651 4293 sicut
678 4235 772 4290 Dei
807 4234 1042 4290 Verbum
1080 4236 1387 4299 audientes,
1441 4249 1552 4289 non
1604 4234 1907 4306 cogitamus
1954 4232 2087 4291 illud

509 4325 800 4396 ejusmodi,
851 4328 999 4396 quod
1053 4341 1150 4396 per
1194 4341 1254 4381 se
1302 4341 1414 4381 non
1458 4324 1747 4391 subsistat,
1801 4336 1894 4380 aut
1942 4328 2086 4396 quod

509 4419 758 4475 doctrina
809 4420 1184 4489 ingeneretur,
1229 4432 1430 4472 voceve
1469 4417 1796 4487 proferatur,
1850 4426 1944 4471 aut
1981 4417 2088 4473 dis-

508 4510 752 4566 solvatur
800 4518 1159 4582 posteaquam
1218 4509 1632 4579 pronuntiatum
1695 4516 1800 4575 est,
1847 4517 1943 4563 aut
1995 4508 2084 4564 cui

509 4602 745 4671 denique
786 4599 989 4669 aliquid
1036 4614 1227 4653 eorum
1274 4599 1491 4654 eveniat
1532 4614 1654 4669 quas
1686 4598 1855 4655 verbo
1897 4610 2086 4656 nostro

514 4692 770 4747 videmus
797 4690 1067 4757 accidere,
1106 4689 1202 4745 sed
1240 4699 1437 4745 natura
1485 4690 1814 4757 subsistens,
1848 4700 1904 4745 et
1948 4691 2086 4747 libe—

512 4804 653 4852 rum,
686 4796 740 4842 et
768 4786 979 4849 efﬁcax,
1008 4794 1064 4839 et
1099 4784 1486 4854 omnipotens:
1524 4785 1715 4839 eodem
1754 4783 1916 4840 modo
1956 4799 2081 4841 cum

514 4878 613 4933 Dei
644 4876 932 4948 Spiritum,
952 4877 1045 4945 qui
1087 4874 1265 4929 Verbo
1309 4874 1680 4930 testimonium
1716 4874 1894 4941 aﬂert,
1938 4875 2085 4945 ejus-

509 4984 618 5040 que
673 4967 783 5021 vim
830 4965 1171 5036 perspicuam
1232 4967 1448 5034 reddit,
1507 4966 1896 5039 intelligimus,
1973 4982 2081 5022 non

509 5059 781 5136 anhelitus
828 5057 1079 5128 spiritum
1115 5055 1416 5129 cogitamus
1451 5057 1647 5125 (nimis
1692 5057 1840 5113 enim
1876 5056 2083 5128 abjice-

510 5161 662 5206 retur
688 5150 885 5205 divina:
931 5149 1217 5222 potestatis
1264 5149 1598 5219 magnitudo,
1630 5148 1675 5202 si
1707 5147 1930 5217 spiritus
1954 5148 2081 5218 ejus

511 5253 698 5297 nostro
721 5239 911 5295 similis
944 5238 1247 5311 putaretur)
1273 5256 1289 5294 :
1323 5238 1418 5295 sed
1449 5254 1573 5293 cum
1601 5238 1655 5292 in
1687 5252 1747 5294 se
1787 5238 2081 5293 subsistcno

509 5341 621 5387 tem
660 5346 782 5401 quae
837 5330 891 5384 in
944 5331 1160 5401 propria
1204 5339 1397 5385 natura
1453 5328 1800 5400 perSpicitur,
1851 5344 2081 5399 qumque

506 5439 610 5479 nec
636 5439 667 5478 a
706 5423 812 5479 Deo
836 5424 893 5477 in
924 5438 1033 5493 quo
1077 5430 1179 5487 est,
1231 5437 1333 5476 nec
1365 5438 1395 5475 a
1447 5420 1539 5475 Dei
1566 5419 1764 5488 Verbo,
1808 5422 1895 5476 cui
1932 5423 2083 5478 testi-

508 5518 751 5573 monium
802 5516 1013 5582 tribuit,
1060 5514 1300 5584 separari
1348 5520 1546 5583 potest,
1604 5521 1699 5567 aut
1741 5512 1797 5567 itt
1847 5513 2078 5570 nihilum

509 5606 703 5676 redigi,
752 5607 849 5663 sed
899 5606 968 5661 ad
1020 5605 1186 5660 Verbi
1244 5602 1338 5658 Dei
1384 5604 1819 5669 similitudinem,
1870 5616 1968 5674 per
2020 5620 2080 5661 se

506 5698 772 5764 subsistit,
804 5708 859 5755 et
885 5698 1054 5754 libera
1082 5708 1183 5762 est,
1217 5705 1271 5751 et
1302 5711 1399 5767 per
1432 5710 1491 5751 se
1516 5704 1782 5762 movetur,
1807 5706 1861 5752 et
1893 5696 2079 5753 eﬂicax

504 5804 611 5859 est,
647 5800 703 5847 et
732 5807 948 5861 semper
995 5791 1199 5845 bonum
1233 5791 1366 5852 vult,
1399 5798 1452 5844 et
1503 5790 1622 5861 ejus
1664 5790 1928 5847 voluntati
1964 5800 2077 5847 sta-

507 5885 605 5942 tim
639 5880 956 5955 perﬁciendi
986 5890 1225 5953 potestas
1250 5881 1424 5936 adest.

2197 3297 2347 3351 ἐστὶν
2398 3296 2556 3366 όλκη,
2592 3293 2881 3365 ἀλλοτρίου
2935 3294 3265 3364 πράγματος
3317 3290 3457 3364 πρὸς
3510 3291 3612 3363 τὴν
3667 3292 3769 3345 τοῦ

2199 3387 2449 3457 σώματος
2489 3388 2749 3441 σύστασιν
2783 3387 3099 3455 ἀναγκαίως
3134 3385 3516 3456 είσελκομένου
3572 3403 3631 3438 τε
3671 3390 3771 3440 καὶ

2194 3474 2594 3547 προχεομένου,
2646 3475 2784 3545 ὅπερ
2830 3476 2888 3526 ὲν
2917 3474 2997 3544 τῷ
3027 3473 3209 3544 καιρῷ
3236 3475 3337 3543 τῆς
3390 3473 3769 3543 ἐκφωνήσεως

2194 3570 2290 3623 τοῦ
2319 3570 2482 3639 λόγου
2515 3566 2667 3640 φωνὴ
2707 3569 2921 3636 γίνεται
2964 3568 3066 3637 τὴν
3102 3566 3194 3619 τοῦ
3230 3567 3407 3636 Λόγου
3439 3566 3669 3634 δύναμιν
3708 3567 3770 3617 ἐν

2194 3657 2362 3727 ἑαυτῇ
2396 3656 2742 3727 φανεροῦσα·
2783 3656 2878 3708 ἐπὶ
2908 3655 2965 3709 δὲ
2997 3655 3099 3723 τῆς
3138 3654 3293 3718 Θείας
3326 3654 3542 3724 φύσεως
3568 3656 3627 3708 τὸ
3659 3654 3764 3726 μὲν

2193 3744 2336 3802 εἶναι
2372 3748 2599 3819 Πνεῦμα
2642 3747 2778 3803 Θεοῦ
2828 3745 3052 3811 εὐσεϐὲς
3094 3748 3379 3818 ἐνομίσθη,
3426 3746 3569 3800 καθά
3601 3747 3761 3819 ἐδόοη

2194 3840 2290 3892 καὶ
2332 3840 2506 3908 Λόγον
2535 3835 2677 3893 εἶναι
2716 3839 2852 3894 Θεοῦ
2884 3840 2973 3893 διὰ
3017 3839 3079 3892 τὸ
3129 3838 3298 3910 μηδὲν
3348 3839 3765 3912 ὲλλειπέστερον

2190 3928 2285 3981 τοῦ
2316 3930 2585 4000 ἡμετέρου
2613 3929 2773 3997 λόγου
2803 3929 2894 3981 τὸν
2919 3927 3014 3982 τοῦ
3035 3927 3171 3982 Θεοῦ
3202 3926 3341 3982 εἶναι
3374 3930 3567 3997 Λόγον,
3599 3932 3765 4001 εῖπερ

2187 4019 2381 4076 τούτου
2426 4021 2567 4092 μετὰ
2607 4022 2703 4074 τοῦ
2743 4020 3051 4092 πνεύματος
3102 4019 3505 4092 θεωρουμένου,
3553 4024 3765 4089 ἐκεῖνος

2187 4113 2313 4185 δίχα
2348 4114 2662 4185 Πνεύματος
2693 4110 2836 4168 εἶναι
2874 4114 3218 4170 πιστεύοιτο·
3249 4116 3312 4169 οὑ
3339 4115 3449 4188 μὴν
3475 4116 3761 4185 ἀλλότριόν

2187 4222 2240 4258 τι
2267 4205 2391 4260 καθ’
2415 4206 2715 4276 ὁμοιότητα
2745 4206 2841 4259 τοῦ
2888 4206 3164 4277 ἡμετέρου
3200 4205 3515 4275 πνεύματος
3554 4205 3763 4271 ἔξωθεν

2188 4300 2437 4371 ἐπιρρεῖν
2486 4299 2564 4370 τῷ
2598 4299 2743 4371 Θεῷ,
2781 4301 2878 4355 καὶ
2932 4303 2991 4355 tv
3044 4300 3195 4372 αὐτῷ
3237 4300 3485 4371 γίνεσθαι
3535 4302 3763 4373 πνεῦμα

2189 4387 2494 4459 θεοπρεπές
2551 4392 2701 4444 ἐστιν
2758 4388 2986 4444 οἴεσθαι.
3051 4389 3193 4445 Ἀλλ’
3249 4391 3326 4455 ὡς
3385 4390 3523 4445 Θεοῦ
3582 4394 3783 4463 Λόγον

2188 4480 2521 4545 ἀκούσαντες
2550 4484 2652 4534 οὐκ
2679 4481 3054 4535 ἀνυπόστατόν
3083 4499 3137 4537 τι
3181 4484 3419 4554 πρᾶγμα
3451 4484 3540 4537 τὸν
3582 4486 3761 4554 Λόγον

2115 4561 2165 4621 Β
2188 4570 2473 4643 ᾠήθημεν,
2512 4572 2633 4625 οὐδὲ
2664 4574 2729 4626 ἐκ
2767 4572 3059 4642 μαθήσεως
3094 4574 3466 4646 ἐγγινόμενον,
3499 4576 3625 4631 οὔτε
3666 4580 3763 4633 διὰ

2188 4663 2372 4732 φωνῆς
2401 4662 2871 4733 προσφερόμενον,
2905 4662 3031 4718 οὔτε
3058 4667 3200 4736 μετὰ
3225 4668 3284 4721 τό
3319 4670 3759 4741 προσενεχθῆναι

2184 4752 2557 4824 διαλυόμενον,
2604 4755 2727 4808 οὐδὲ
2775 4754 2905 4809 ἄλλο
2934 4774 2989 4812 τι
3023 4758 3302 4830 πάσχοντα
3344 4761 3610 4830 τοιοῦτον,
3664 4759 3760 4817 οἷοι

2185 4845 2319 4916 περὶ
2370 4846 2463 4900 τὸν
2514 4848 2790 4919 ἡμέτερον
2844 4848 3003 4918 λόγον
3056 4850 3343 4922 θεωρεῖται
3398 4854 3571 4926 πάθη,
3636 4857 3758 4909 ἀλλ’

2184 4939 2460 5004 ούσιωδῶς
2490 4942 2802 5011 ὑφεστῶτα,
2840 4945 3229 5015 προαιρετικόν
3258 4963 3319 5000 τε
3370 4951 3464 5000 καὶ
3497 4949 3749 5020 ἐνεργὸν,

2184 5032 2281 5083 καὶ
2327 5032 2737 5104 παντοδὺναμον
2764 5034 2944 5088 οὑτωο
2980 5039 3074 5093 καὶ
3114 5037 3337 5109 Πνεῦμα
3371 5041 3754 5112 μεμαθηκότες

2182 5121 2340 5188 Θεοῦ,
2373 5123 2434 5177 τὸ
2464 5129 2971 5200 συμπαρομαρτοῦν
3002 5127 3082 5200 τῷ
3132 5131 3311 5202 Λόγῳ,
3357 5138 3450 5187 καὶ
3480 5139 3753 5205 φανεροῦν

2186 5217 2353 5270 αὑτοῦ
2384 5218 2481 5289 τὴν
2509 5220 2814 5289 ινὲργειαν,
2845 5223 2905 5273 οὑ
2935 5222 3106 5293 πνοὴν
3149 5222 3393 5294 ᾄσματος
3436 5227 3752 5297 ἐννοοῦμεν.

2180 5305 2259 5364 Ἦ
2293 5311 2402 5382 γὰρ
2443 5312 2508 5366 ἂν
2556 5314 2871 5384 καθαιροῖτο
2903 5314 3037 5385 πρὸς
3077 5317 3443 5388 ταπεινότητα
3471 5318 3533 5371 τὸ
3573 5336 3753 5390 μεγα-

2179 5407 2323 5461 λεῖον
2356 5409 2456 5478 τῆς
2482 5408 2633 5473 θείας
2678 5409 2985 5479 δυνάμεως,
3043 5413 3090 5464 εί
3147 5411 3275 5466 καθ’
3326 5413 3619 5483 ὁμοιότητα
3652 5414 3751 5468 τοῦ

2180 5502 2451 5576 ἡμετέρου
2482 5504 2578 5558 καὶ
2620 5504 2679 5556 τὸ
2731 5504 2790 5555 tv
2833 5503 2985 5574 αὑτῷ
3025 5503 3249 5575 Πνεῦμα
3278 5504 3582 5570 ὑπονοοῖτο,
3611 5507 3749 5561 ἀλλὰ

2178 5596 2407 5665 δύναμιν
2450 5594 2681 5666 οὑσιώδη
2739 5594 2909 5664 αὐτὴν
2956 5596 3042 5664 ἐφ’
3105 5596 3305 5664 ἑαυτῆς
3359 5598 3417 5650 ἐν
3471 5596 3747 5671 ίδιαζούσῃ

2181 5687 2479 5742 ὑποστάσει
2508 5687 2915 5759 θεωρουμένην,
2962 5685 3087 5741 οὑτε
3122 5688 3464 5759 χωρισθῆναι
3485 5690 3578 5743 τοῦ
3611 5691 3751 5744 Θεοῦ

2180 5782 2239 5835 tv
2267 5774 2310 5849 ᾧ
2340 5783 2512 5848 ἔστιν,
2548 5782 2581 5853 ἡ
2616 5780 2709 5833 τοῦ
2755 5779 2933 5850 Λόγου
2957 5778 3052 5834 τοῦ
3099 5779 3259 5847 Θεοῦ,
3304 5774 3350 5850 ᾧ
3380 5785 3747 5853 παρομαρτεῖ,

2183 5879 2511 5950 δυναμένην,
2544 5877 2667 5933 οὑτε
2700 5877 2835 5943 πρὸς
2874 5876 2935 5931 τὸ
2970 5875 3319 5948 ἀνύπαρκτον
3341 5876 3741 5949 ἀναχεομένην,
