4048 6572
420 291 492 355 43
1653 291 2038 353 EUTHYMII
2115 294 2474 355 ZlGABENI

3622 297 3694 361 4i

415 406 668 476 Ejusdem
709 404 1045 462 ratiocinatio
1101 403 1423 484 syllogistica
1471 419 1576 473 qua
1634 401 1796 457 Deum
1844 419 2004 455 unum

2117 406 2225 460 Τοῦ
2255 408 2442 462 αὐτοῦ
2473 408 2914 484 συλλογιστικὴ
2941 407 3271 475 ἀπόδειξις,
3307 407 3395 464 ὅτι
3422 405 3511 478 εἷς
3547 414 3692 480 Θεὸς

963 490 1072 528 esse
1099 475 1447 536 demonstrat,

487 569 632 625 Deus
662 568 716 621 in
766 566 1026 623 omnibus
1079 564 1357 632 perfectus
1406 573 1510 620 est.
1541 562 1697 630 Quod
1730 563 1773 618 si
1819 565 2002 634 plures

416 661 718 716 dixerimus
767 659 898 715 deos
944 672 1085 719 esse.
1147 671 1372 712 necesse
1419 656 1525 710 erit
1572 655 1863 709 discrinren
1907 655 2006 710 ali-

416 751 560 820 quod
586 749 638 803 in
668 748 769 805 illis
803 745 1056 816 perspici.
1103 745 1234 798 Nam
1271 744 1314 798 si
1356 744 1503 798 nulla
1546 742 1601 798 in
1639 743 1717 797 eis
1749 744 2004 798 diiIeren-

418 843 512 906 tia,
561 856 667 894 non
718 849 843 893 sunt
892 838 1115 909 plures.
1160 837 1257 892 sed
1298 851 1440 891 unus
1484 835 1684 906 potius.
1717 834 1812 888 Sin
1844 833 2004 890 diffe-

419 932 592 988 rentia
621 931 764 985 inter
793 930 914 984 illos
950 929 1255 991 intercedit,
1287 929 1379 997 qui
1421 927 1475 980 in
1527 927 1783 982 omnibus
1829 926 2005 997 perle-

414 1037 532 1080 ctus
564 1035 666 1091 est,
693 1025 738 1078 is
783 1024 930 1077 solus
971 1032 1052 1077 est
1085 1021 1248 1076 Deus.
1303 1019 1407 1087 Qui
1452 1036 1582 1075 vero
1618 1021 1702 1074 vel
1737 1021 2000 1085 bonitate,

417 1117 498 1172 vel
534 1117 796 1186 potentia,
828 1115 913 1169 vel
932 1113 1220 1183 sapientia,
1251 1113 1332 1166 vel
1376 1112 1553 1181 aliqua
1579 1112 1680 1166 alia
1713 1111 2004 1182 perfectio-

414 1225 484 1266 ne
508 1220 677 1274 caret,
705 1208 748 1264 is
769 1208 910 1262 Deus
934 1222 1056 1262 esse
1076 1222 1182 1261 non
1209 1216 1408 1276 potest.
1426 1204 1718 1271 Pra-terea,
1748 1204 1791 1267 si
1820 1204 2003 1274 plures

414 1312 564 1364 sum,
621 1301 712 1371 qui
760 1299 874 1354 ﬁeri
913 1299 1132 1369 poterit,
1187 1308 1248 1353 ut
1292 1314 1401 1352 non
1455 1298 1999 1362 circumscribantur,

413 1410 536 1451 cum
568 1393 658 1448 ubi
689 1409 831 1447 unus
870 1400 974 1458 est,
1007 1392 1148 1445 alter
1172 1406 1294 1446 esse
1334 1406 1441 1445 non
1477 1401 1662 1461 queat,
1695 1390 1785 1459 qui
1817 1399 1999 1443 autem

416 1487 561 1541 Deus
609 1493 711 1553 est,
754 1485 800 1539 is
848 1499 949 1538 nec
996 1482 1499 1547 circumscribatur,
1541 1492 1598 1536 et
1646 1484 1828 1536 omnia
1887 1489 1999 1534 tum

414 1579 656 1648 impleat,
700 1585 812 1636 tum
844 1573 1258 1644 complectatur,
1304 1583 1360 1628 et
1403 1571 1877 1642 comprehendat?
1921 1572 2001 1627 Ad

415 1674 530 1727 lucc
555 1687 792 1742 quonam
823 1677 981 1740 pacto
1009 1667 1378 1730 Constituatur
1435 1665 1672 1720 mundus
1711 1675 1766 1719 et
1802 1664 2002 1736 guber-

415 1773 596 1824 netur,
625 1779 748 1818 cum
787 1777 848 1817 ea
883 1761 953 1816 sit
985 1757 1308 1820 diﬂ'erentia:
1339 1766 1553 1824 natura,
1597 1768 1655 1812 ut
1686 1757 1859 1828 pariat
1888 1756 2001 1822 dis-
2030 1747 2078 1813 Β

413 1855 766 1910 seusionem?

415 1968 667 2039 Ejusdem
730 1968 1075 2039 ratioanatio
1121 1965 1449 2039 syllogistica
1499 1980 1604 2034 qua
1681 1959 1906 2018 Verbum
1951 1969 2000 2014 et

897 2036 1095 2092 Filium
1119 2036 1230 2092 esse
1265 2036 1526 2090 declarat.

487 2129 652 2192 Deus.
686 2145 809 2190 cum
839 2131 1114 2199 perlectus
1139 2129 1227 2193 sit,
1293 2129 1506 2182 ratione
1544 2139 1640 2180 seu
1678 2125 1844 2179 verbo
1890 2136 2000 2177 non

413 2237 582 2280 caret.
619 2221 860 2277 Verbum
913 2232 1098 2278 autem
1149 2221 1268 2290 ejus
1326 2235 1437 2274 non
1474 2227 1558 2273 est
1608 2215 1898 2287 ejusmodi,
1940 2221 2001 2267 ut

415 2333 510 2388 per
548 2333 606 2370 sie
639 2332 746 2379 non
783 2314 1073 2378 consistat,
1116 2321 1210 2366 aut
1243 2327 1367 2367 esse
1418 2311 1670 2383 cmperit,
1705 2318 1798 2363 aut
1834 2307 1998 2362 linem
2041 2303 2044 2306 ’

413 2424 654 2478 unquam
690 2407 758 2464 sit
808 2405 1142 2468 habiturum.
1199 2402 1487 2474 Nunquam
1533 2401 1680 2456 enim
1732 2399 1836 2453 fuit
1883 2400 2002 2452 sine

412 2501 604 2569 verbo,
635 2500 728 2554 sed
757 2514 879 2554 cum
924 2511 1139 2568 semper
1169 2497 1258 2558 sit,
1310 2510 1527 2566 semper
1569 2495 1733 2548 etiam
1765 2491 2001 2545 Verbum

413 2610 571 2649 suum
629 2591 813 2652 habet,
848 2607 913 2645 ex
962 2606 1021 2647 se
1061 2589 1328 2661 genitum,
1354 2569 1506 2652 et‘in
1561 2601 1620 2641 se
1656 2598 1908 2644 manens,
1947 2591 2002 2635 et

413 2690 620 2751 vivens,
645 2696 700 2740 et
727 2683 1051 2755 perfectum,
1075 2697 1183 2736 non
1209 2691 1389 2735 autem
1423 2679 1546 2744 tale,
1572 2677 1730 2746 quale
1753 2683 1999 2729 nostrum

412 2788 495 2833 est
563 2779 812 2836 verbum.
871 2775 1112 2842 Quorum
1165 2773 1310 2827 enim
1368 2780 1562 2824 natura
1621 2769 1833 2824 diversa
1895 2772 1998 2827 est,

413 2888 602 2926 eorum
641 2881 702 2930 .ct
764 2869 990 2925 verbum
1043 2876 1127 2922 est
1175 2867 1471 2920 diversum.
1526 2857 1999 2927 Quemadmodum

412 2971 593 3016 autem
627 2961 850 3021 verbum
888 2965 1133 3014 nostrum
1161 2972 1190 3009 a
1220 2966 1404 3008 mente
1433 2951 1692 3022 gignitur,
1723 2961 1826 3000 nec
1857 2945 1997 2997 idem

410 3053 762 3116 estomuino,
791 3051 938 3119 quod
979 3049 1094 3118 ipsa
1140 3062 1313 3110 mens,
1346 3061 1444 3098 nec
1480 3044 1640 3114 plane
1685 3041 1996 3095 diversum:

413 3161 540 3211 nam
581 3159 704 3202 cum
741 3158 768 3216 a_
812 3149 996 3196 mente
1035 3137 1457 3213 proﬁciscatur,
1487 3133 1636 3194 aliud
1682 3139 1766 3186 est
1835 3143 1997 3199 quam

413 3251 588 3302 meus,
646 3245 702 3288 et
754 3213 877 3287 cum
933 3239 1174 3284 mentem
1237 3217 1410 3298 ipsam
1453 3209 1691 3287 indicat,
1752 3237 1861 3275 non
1917 3227 2002 3273 est

414 3343 639 3403 prorsus
667 3329 734 3383 ab
769 3326 859 3381 illa
889 3324 1188 3387 diversum,
1215 3319 1310 3373 sed
1335 3333 1457 3378 cum
1487 3318 1559 3370 sit
1581 3328 1748 3369 unum
1783 3321 1998 3374 natura,

414 3401 560 3479 aliud
593 3431 776 3482 tamen
823 3415 1072 3486 subjecto
1109 3419 1232 3468 est:
1285 3409 1366 3465 sic
1394 3417 1448 3464 et
1485 3406 1579 3461 Dei
1612 3404 1872 3468 Verbum,
1906 3401 2001 3472 qui

416 3515 590 3573 Filius
629 3521 731 3574 est,
771 3519 1045 3581 quatenus
1085 3503 1305 3576 propria
1343 3500 1598 3558 subsistit
1646 3493 2001 3567 persona,'ab

414 3624 482 3665 eo
506 3605 880 3678 distinguitur,
910 3618 940 3655 a
975 3615 1082 3672 quo
1110 3597 1354 3668 genitum
1378 3603 1480 3647 est.
1509 3589 1793 3656 Quatenus
1818 3600 2000 3640 autem

417 3701 510 3757 illa
550 3701 604 3754 in
637 3713 696 3753 se
729 3693 1006 3766 exprimit,
1048 3708 1170 3761 qua:
1215 3694 1518 3743 cernuntur
1565 3682 1621 3740 in
1662 3681 1796 3744 Deo,
1833 3692 2000 3740 unum

419 3803 612 3850 natura
650 3804 774 3845 cum
805 3788 896 3848 illo
924 3793 1027 3841 est.

417 3904 672 3980 Ejusdem
701 3897 1042 3980 ratiocinatio
1061 3892 1385 3980 syllogistica
1420 3905 1524 3980 qua
1571 3884 1833 3955 Spiritum
1873 3898 2005 3936 tan-

966 3961 1107 4019 ctum'
1121 3961 1228 4017 esse
1257 3961 1465 4032 probat.

495 4066 726 4136 Oportet
789 4070 848 4116 ut
919 4057 1157 4114 Verbum
1227 4054 1426 4108 habeat
1495 4047 1795 4119 Spiritum,
1849 4043 2004 4113 cujus

429 4156 740 4214 testimonio
779 4151 1105 4215 declaretur,
1157 4155 1213 4200 ct
1261 4145 1405 4198 actio
1455 4141 1626 4211 ipsius
1657 4137 2001 4194 ostendatur.

425 4247 653 4314 Quando
694 4261 796 4300 nec
824 4243 1050 4298 verbum
1091 4246 1342 4300 nostrum
1392 4234 1587 4304 Spiritu
1617 4237 1790 4290 vacat,
1820 4227 1912 4297 qui
1947 4225 2004 4280 in

423 4341 542 4410 ipsa
587 4332 1038 4407 pronuntiatione
1073 4327 1225 4385 verbi
1262 4323 1436 4381 nostri
1465 4338 1567 4377 vox
1612 4319 1865 4383 edicitur,
1898 4329 2006 4385 qua

424 4407 508 4491 vis
540 4431 684 4484 illius
732 4425 1063 4482 declaratur.
1115 4419 1312 4474 Verum
1350 4416 1406 4471 in
1451 4413 1610 4469 nobis
1646 4409 1868 4482 spiritus
1915 4407 2004 4461 hic
2037 4431 2079 4485 ι)

425 4523 494 4579 ab
518 4519 752 4576 essentia
783 4525 972 4574 nostra
1006 4513 1218 4567 alienus
1247 4517 1352 4573 est,
1397 4520 1522 4560 cum
1553 4505 1624 4559 sit
1675 4501 1908 4556 inﬂuens
1950 4507 2007 4554 ct

426 4613 655 4671 efﬂuens
679 4607 896 4681 quidam
929 4615 1042 4664 aer.
1077 4601 1138 4656 ln
1170 4601 1280 4656 Deo
1323 4606 1503 4653 autem
1549 4591 2007 4665 quemadmodum

428 4703 666 4762 Verbum
711 4713 822 4754 non
873 4697 939 4751 ad
988 4692 1145 4750 verbi
1192 4689 1367 4747 nostri
1427 4684 1858 4745 similitudinem,
1911 4682 2006 4736 sed

426 4810 526 4868 per
561 4791 861 4848 essentiam
911 4786 1182 4851 subsistit,
1238 4792 1293 4846 et
1334 4781 1601 4844 eamdem,
1645 4792 1808 4847 quam
1853 4777 2008 4830 Pater

430 4894 683 4942 naturam
716 4881 904 4944 habet,
935 4879 1013 4933 sic
1053 4884 1108 4932 et
1144 4874 1384 4945 Spiritus
1422 4877 1645 4926 sanctus
1678 4884 1774 4937 per
1815 4881 2008 4922 eSsen—

436 4981 564 5034 tiam
602 4973 871 5037 subsistit,
920 4979 975 5024 et
1019 4985 1083 5024 ex
1133 4968 1292 5021 Patre
1337 4964 1660 5037 procedens,
1701 4971 1756 5017 et
1799 4963 1853 5016 in
1887 4962 2009 5031 ipso

434 5071 728 5131 exsistens,
761 5074 815 5119 et
848 5063 1021 5118 Verbo
1055 5077 1117 5115 ac
1149 5061 1280 5114 l’ilio
1336 5059 1706 5115 testimonium
1756 5057 2009 5119 reddens,

431 5176 668 5229 eumque
700 5154 1029 5226 signiﬁcans,
1088 5167 1247 5206 unam
1307 5160 1362 5206 et
1407 5151 1652 5206 eamdem
1702 5163 1824 5203 cum
1879 5144 2010 5216 ipsis

433 5263 691 5308 naturam
729 5248 916 5301 habet.

432 5363 688 5435 Ejusdem
716 5359 1043 5435 adinir_a6ilis
1084 5373 1175 5428 per
1214 5355 1450 5435 exempla
1502 5352 1861 5412 ratiocinatio,
1907 5363 2010 5418 qua

505 5438 742 5495 Putrem,
787 5443 833 5486 et
861 5431 1074 5496 Filium,
1125 5442 1168 5484 et
1208 5429 1464 5496 Spiritum
1495 5434 1736 5480 sanctum
1783 5436 1892 5474 esse
1919 5429 2011 5470 u'e-

505 5514 785 5561 momurat.

505 5618 969 5688 Quemadmodum
1025 5616 1154 5669 solis
1208 5615 1413 5675 radius,
1456 5620 1508 5663 et
1554 5607 1766 5662 lux-sic
1814 5606 1879 5658 ad
1917 5617 2010 5656 nos

440 5731 610 5787 usque
643 5712 988 5786 perveniunt,
1043 5719 1100 5762 ut
1131 5723 1229 5762 nec
1282 5722 1309 5758 a
1360 5704 1472 5758 sole
1517 5701 1820 5764 discedant,
1856 5713 1951 5750 nec
1983 5709 2012 5748 a

2803 479 2994 532 ἐστιν.

2190 568 2250 620 '0
2280 568 2412 633 Θεὸς
2446 570 2648 632 τέλειός
2683 572 2798 624 ἐστι
2838 571 2978 625 κατᾶ
3005 571 3204 626 πάντα.
3238 571 3303 627 ΕΞ
3333 573 3425 626 οὖν
3462 575 3691 638 πολλοὺς

2106 655 2342 726 ἐροῦμεν
2410 658 2593 724 θεοὺς,
2655 659 2871 730 ἀνάγκη
2913 660 3147 730 διαφορὰ
3204 661 3261 713 ὲν
3314 665 3426 726 τοῖς
3473 664 3688 727 πολλοῖς

2106 751 2450 820 θεωρεῖσθαι.
2491 751 2551 804 El
2582 751 2691 822 γὰρ
2717 751 2940 822 οὐδεμία
2973 753 3204 822 διαφορὰ
3227 752 3312 825 είη
3339 757 3396 808 ἐν
3421 756 3623 824 αὐτοῖς,
3659 758 3688 809 ό

2110 845 2209 912 μὲν
2245 843 2388 897 κατὰ
2423 844 2602 897 πάντα
2633 844 2861 909 τέλειος,
2894 839 3046 908 οὗτος
3093 845 3158 900 ἂν
3193 849 3276 918 εἴη
3325 848 3482 916 μόνος
3531 847 3684 914 Θεὸς.

2109 935 2223 997 Πᾶς
2253 934 2309 986 δὲ
2341 937 2367 986 ὁ
2395 933 2486 987 τοῦ
2526 935 2732 988 τελείου
2781 935 3150 1006 λειπόμενοςῆ
3181 938 3318 991 κατὰ
3349 937 3684 1006 ἀγαΘότητα,

2103 1027 2418 1098 ἧδύναμιν,
2461 1027 2493 1097 ἢ
2535 1029 2748 1095 σοφίαν,
2799 1027 2832 1098 ἦ
2886 1028 3019 1090 ὅλως
3069 1029 3211 1082 κατὰ
3258 1047 3330 1091 τι.
3367 1031 3466 1083 οὐκ
3507 1031 3572 1082 ἂν
3599 1031 3682 1099 εἴη

2103 1120 2260 1182 Θεός.
2295 1119 2416 1182 Πῶς
2444 1117 2501 1181 δὲ
2532 1119 2620 1171 καὶ
2651 1118 2866 1184 πολλοῖς
2894 1117 3010 1172 οὖσι
3044 1119 3103 1172 τὸ
3146 1121 3560 1191 ἀπερίγραπτον
3584 1139 3686 1190 φῦ-

2103 1211 2479 1281 λαχθήσεται;
2529 1211 2658 1264 ἔνθα
2705 1210 2814 1280 γὰρ
2846 1211 2910 1264 ἂν
2959 1210 3042 1282 εἴη
3083 1211 3110 1263 6
3151 1208 3254 1274 εἷς,
3291 1213 3393 1265 οὐκ
3436 1211 3502 1266 ἂν
3541 1214 3628 1283 εἴη
3657 1214 3685 1266 6

2105 1305 2314 1372 ἔτερος.
2357 1305 2448 1356 Δεῖ
2497 1302 2555 1355 δὲ
2605 1303 2696 1355 τὸν
2739 1301 2872 1354 Θεδν
2925 1302 3342 1372 ἀπερίγραπτον
3387 1299 3548 1365 εἶναι,
3593 1301 3687 1354 καὶ

2104 1397 2286 1454 πάντα
2351 1395 2701 1466 πληροῦντα,
2751 1393 2846 1447 καὶ
2906 1395 2964 1445 ἐν
3014 1393 3195 1463 ἐαυτῷ
3249 1395 3682 1464 περιγράφοντα,

2107 1485 2319 1550 ’Λλλως
2347 1503 2402 1537 τε
2432 1487 2524 1540 καὶ
2551 1486 2666 1549 πῶς
2700 1485 2803 1537 ὑπὸ
2840 1484 3049 1538 πολλῶν
3078 1487 3106 1538 ό
3142 1485 3346 1556 κόσμος
3399 1486 3683 1552 σύγκειται

2105 1580 2200 1631 καὶ
2229 1576 2718 1650 κυϐερνηθήσεται,
2748 1581 2845 1649 τῆς
2874 1577 3139 1648 διαφορᾶς
3192 1576 3510 1630 ἐναντίωσιν
3536 1578 3687 1630 sica—

2105 1685 2343 1738 γουσηςς

2099 1967 2217 2023 ’Τοῦ
2239 1966 2425 2022 αὑτοῦ
2455 1963 2901 2035 συλλογιστικὴ
2931 1962 3241 2030 ἀπόδειξις
3270 1962 3402 2030 περὶ
3435 1959 3542 2017 τοῦ
3569 1960 3684 2016 Adv

2666 2053 2774 2104 του
2809 2036 2908 2088 καὶ
2948 2035 3104 2088 Υιοῦ.

2186 2132 2243 2185 Ὀ
2273 2129 2427 2196 Θεὸς,
2459 2128 2664 2192 τέλειος
2699 2126 2796 2193 ὢν,
2849 2128 2950 2179 οὐκ
2995 2124 3189 2192 ἄλογός
3233 2127 3370 2177 ἐστι.
3411 2123 3583 2190 Λόγον
3625 2120 3682 2176 δδ

2105 2224 2268 2295 ἔχων,
2311 2223 2412 2276 οὑκ
2440 2220 2808 2274 ἀνυπόστατον
2847 2218 2960 2286 ἔχει
2991 2215 3200 2279 τοῦτον,
3234 2214 3342 2268 οὐδ’
3378 2215 3684 2282 ἀρξάμενον

2099 2319 2194 2373 τοῦ
2225 2311 2388 2379 εἶναι,
2419 2314 2539 2368 οὐδὲ
2568 2313 2935 2382 παυσόμενον.
2959 2310 3033 2363 Οὐ
3060 2309 3168 2378 γὰρ
3205 2302 3272 2380 ἦν
3308 2324 3435 2360 ποτε
3466 2307 3683 2372 ἄλογος,
3716 2317 3720 2320 ·

2100 2411 2236 2465 ἀλλὰ
2267 2409 2355 2463 ἀεὶ
2402 2407 2501 2471 ὢν,
2532 2408 2618 2459 ἀεὶ
2649 2404 2741 2457 τὸν
2789 2402 2987 2457 ἑαυτοῦ
3033 2402 3206 2470 Λόγον
3237 2400 3373 2470 ἔχει,
3426 2398 3487 2462 ἐξ
3517 2396 3683 2450 αὑτοῦ

2105 2518 2163 2554 τε
2191 2498 2552 2570 γεννώμενον,
2589 2494 2684 2547 καὶ
2710 2493 2768 2546 ὲν
2793 2490 2942 2561 αὑτῷ
2975 2489 3224 2558 μένοντα,
3253 2486 3347 2540 καὶ
3364 2486 3560 2549 ζῶντα,
3591 2481 3685 2535 καὶ

2101 2591 2327 2649 τέλειον.
2368 2590 2462 2641 καὶ
2509 2586 2570 2639 οὐ
2611 2585 2754 2637 κατὰ
2785 2583 2877 2635 τὸν
2902 2579 3169 2651 ἡμέτερον
3214 2575 3391 2645 λόγον.
3427 2571 3529 2626 Ὧν
3573 2571 3686 2641 γὰρ

2101 2686 2161 2737 τὸ
2211 2678 2350 2739 εἶναι
2397 2679 2676 2749 διάφορον,
2724 2673 2930 2727 τούτων
2977 2671 3074 2723 καὶ
3110 2671 3138 2722 ό
3183 2668 3342 2734 λόγος
3401 2664 3680 2733 διάφορος.

2103 2777 2313 2844 Ὥσπερ
2343 2774 2397 2825 δὲ
2432 2773 2459 2823 6
2493 2763 2763 2840 ἡμέτερος
2795 2765 2951 2832 λόγος
3003 2765 3066 2818 ἐκ
3096 2758 3190 2814 τοῦ
3225 2757 3316 2813 νοῦ
3348 2755 3684 2827 γεννώμενος

2101 2865 2222 2918 οὒτε
2256 2862 2431 2924 διόλου
2480 2862 2507 2912 6
2542 2858 2700 2920 αὑτός
2732 2858 2847 2908 ἐστι
2881 2853 2960 2923 τῷ
3004 2850 3101 2921 νῷ,
3154 2848 3280 2902 οὗτε
3336 2845 3683 2899 παντάπασιν
3720 2877 3728 2885 .

2101 2959 2286 3028 ἕτερος
2310 2969 2325 2984 ⁸
2354 2957 2417 3006 ἐκ
2446 2951 2537 3004 τοῦ
2565 2948 2656 3004 νοῦ
2697 2949 2795 3018 μὲν
2825 2947 2934 3016 γὰρ
2964 2946 3040 2998 ὢν
3070 2941 3230 3005 ἄλλος
3278 2942 3392 2994 ἐστὶ
3423 2935 3553 3006 παρ’
3581 2935 3683 2988 αὑ-

2105 3048 2215 3110 τὸν,
2241 3045 2402 3099 αὑτὸν
2435 3042 2489 3094 δὲ
2519 3040 2610 3092 τὸν
2632 3037 2755 3091 νοῦν
2787 3035 3069 3107 ἐμφαίνων
3115 3028 3214 3085 οὑκ
3253 3031 3368 3082 ἔστι
3397 3024 3708 3085 παντελῶς·
3739 3066 3742 3070 .

2101 3139 2186 3190 ’ἑτε
2199 3154 2288 3207 ρος
2323 3133 2454 3204 παρ’
2480 3130 2662 3193 αὑτὸν,
2701 3127 2816 3183 ἀλλ’
2866 3127 2922 3180 ἓν
2952 3124 3027 3180 ὣν
3045 3125 3186 3179 κατὰ
3215 3120 3312 3192 τὴν
3352 3121 3536 3188 φύσιν,
3560 3115 3680 3168 ἓτε-

2105 3232 2194 3300 ρός
2220 3232 2333 3281 ἐστι
2365 3225 2446 3297 τῷ
2484 3220 2866 3290 ὑποκειμένῳ·
2915 3218 3056 3272 οὑτω
3090 3217 3182 3269 καὶ
3212 3217 3241 3266 6
3279 3212 3374 3266 τοῦ
3407 3208 3544 3264 Θεοῦ
3573 3208 3678 3264 A6.-

2102 3338 2218 3388 γος,
2255 3321 2310 3382 ξς
2339 3319 2486 3370 ἐστιν
2515 3317 2543 3369 6
2568 3316 2716 3378 Υἱὸς,
2743 3312 2820 3384 τῷ
2855 3313 2954 3382 μὲν
2993 3308 3290 3378 ὑφεστάναι
3337 3304 3460 3356 καθ’
3487 3301 3682 3356 ἑαυτὸν

2100 3413 2356 3484 διῄρηται
2405 3409 2542 3480 πρὸς
2590 3409 2799 3464 ἐκεῖνον
2852 3403 2982 3474 παρ’
3012 3397 3073 3455 οὗ
3105 3400 3204 3469 τὴν
3249 3395 3504 3466 γέννησιν
3540 3393 3674 3462 ἔχει,

2102 3482 2292 3576 δὲ
2350 3503 2524 3556 ταῦτα
2607 3498 2876 3562 δεικνύειν
2941 3497 2999 3549 ὲν
3064 3487 3355 3572 ἑαυτῷ,οᾷ
3410 3486 3534 3556 περὶ
3588 3482 3677 3545 τὸν

2101 3569 2233 3653 Θεὸν
2275 3595 2559 3666 θεωρεῖται
2619 3594 2678 3648 ἓν
2715 3594 2828 3645 ἐστι
2854 3589 2988 3661 πρὸς
3029 3587 3189 3640 αὑτὸν
3217 3569 3361 3641 κατὰ
3387 3579 3569 3651 φύσιν.
3617 3621 3652 3640 ,,

2112 3879 2219 3934 Τοῦ
2267 3877 2456 3936 αὐτοῦ
2519 3871 2961 3943 συλλογιστικὴ
3023 3867 3329 3935 ἀπόδειξις
3384 3863 3518 3933 περὶ
3569 3863 3676 3920 τοῦ

2603 3949 2774 4016 ἁγίου
2806 3944 3189 4011 ΙΙνεύματος-.ξ

2175 4043 2268 4096 Δεῖ
2299 4041 2388 4095 τδν
2439 4021 2611 4107 Λόγον
2659 4038 2804 4107 ἔχειν
2850 4037 2943 4088 καὶ
3000 4033 3222 4103 Πνεῦμα
3275 4043 3680 4102 συμπαρομαρς

2106 4135 2232 4189 τοῦν
2268 4133 2438 4204 αὑτῷ,
2485 4131 2580 4184 καὶ
2610 4127 2880 4200 φανεροῦν
2906 4126 3072 4181 αὐτοῦ
3102 4124 3198 4193 τὴν
3228 4123 3531 4193 ἐνέργειαν.
3562 4120 3675 4173 Καὶ

2109 4229 2218 4296 γὰρ
2251 4228 2278 4279 6
2303 4226 2572 4296 ἡμέτερος
2605 4222 2760 4289 λόγος
2783 4220 2881 4272 οὐκ
2913 4217 3142 4288 ἄμοιρός
3177 4217 3294 4268 ἐστι
3342 4215 3676 4283 πνεύματος,

2106 4319 2245 4388 ὅπερ
2298 4320 2355 4370 ὲν
2393 4313 2471 4384 τῷ
2514 4311 2692 4382 καιρῷ
2733 4311 2829 4381 τῆς
2884 4309 3247 4376 ἐκφωνήσεως
3279 4306 3428 4376 φωνὴ
3469 4305 3679 4372 γίνεται

2105 4410 2182 4482 τῷ
2209 4411 2351 4481 λόγῳ
2373 4407 2532 4477 ἡμῶν
2557 4404 2871 4476 φανεροῦσα
2899 4399 3217 4472 τὴντούτου
3247 4397 3499 4467 δύναμιν.
3537 4393 3680 4448 Ἀλλ’

2111 4505 2199 4574 ἐφ’
2238 4502 2391 4573 ἡμῶν
2447 4501 2546 4570 μὲν
2599 4498 2875 4564 ἀλλότριον
2919 4495 3019 4562 τῆς
3067 4492 3339 4562 ἡμετέρας
3393 4489 3578 4552 οὐσίας
3618 4488 3722 4542 τὸ.

2112 4595 2328 4664 πνεῦμα
2356 4595 2414 4646 τὸ
2463 4594 2625 4655 ἀέρος
2653 4588 2713 4642 ὃν
2757 4585 2944 4657 elapsi;
3002 4585 3095 4638 καὶ
3144 4583 3308 4654 ἑκροή
3339 4598 3356 4616 ο
3383 4581 3474 4634 ἐπὶ
3501 4581 3556 4634 δὲ
3583 4579 3678 4633 τοῦ

2111 4691 2262 4758 Θεοῦ,
2288 4689 2474 4758 ὥσπερ
2525 4685 2553 4740 6
2591 4683 2761 4751 Λόγος
2804 4681 2864 4748 οὑ
2903 4681 3045 4734 κατὰ
3082 4679 3171 4733 τὸν
3229 4677 3519 4748 ἡμέτερον,
3559 4673 3679 4727 ἀλλ’

2111 4780 2383 4842 casam—85):;
2432 4775 2698 4847 ὑφεστὼς,
2751 4774 2846 4828 καὶ
2879 4773 2980 4842 τῆς
3022 4773 3192 4839 αὐτῆς
3231 4769 3414 4831 οὐσίας
3456 4769 3550 4822 καὶ
3580 4764 3690 4834 φύσι.

2115 4891 2252 4936 σεως
2290 4871 2368 4941 τῷ
2409 4870 2715 4939 γεννήτορι,
2768 4866 2910 4920 οὕτω
2941 4867 3031 4918 καὶ
3061 4867 3124 4917 τὸ
3171 4862 3393 4930 Πνεῦμα
3425 4859 3487 4912 τὸ
3527 4858 3681 4925 ἅγιον

2113 4965 2386 5025 οὐσιωδώς
2442 4959 2712 5031 ὑφεστὼς,
2757 4959 2851 5011 καὶ
2896 4960 2993 5024 τῆς
3028 4955 3195 5022 αὐτῆς
3222 4953 3297 5021 τῷ
3334 4951 3452 5020 Θεῷ
3492 4948 3681 5009 οὐσίας

2113 5059 2206 5112 καὶ
2236 5056 2451 5126 φύσεως
2484 5055 2580 5105 καὶ
2615 5051 2947 5119 τελειότητος
2979 5051 3051 5100 ἐκ
3065 5047 3158 5100 τοῦ
3205 5044 3418 5113 Πατρὺς
3467 5039 3678 5111 προϊὸν,

2113 5152 2208 5203 καὶ
2255 5149 2310 5200 ὲν
2341 5147 2490 5213 αὑτῷ
2542 5145 2622 5208 ὃν,
2658 5143 2753 5196 καὶ
2789 5141 2867 5212 τῷ
2921 5141 3081 5208 Λόγῳ
3106 5141 3205 5191 ’καὶ
3235 5135 3348 5205 Υίῷ
3389 5147 3711 5202 συμπαρο-Ῐ

2115 5239 2379 5314 μαρτοῦν,
2412 5239 2505 5290 καὶ
2543 5234 2876 5304 ἐκφαντικὺν
2903 5232 3154 5302 ὑπάρχον
3185 5227 3372 5282 αὑτοῦ.

2118 5353 2230 5409 Τοῦ
2301 5349 2488 5405 αὑτοῦ
2541 5342 3050 5415 παραδειγματικὴ
3103 5339 3412 5415 ἀπόδειξις
3447 5339 3722 5415 ﬂatura»

2188 5423 2446 5483 σιωτάτη
2500 5407 2638 5487 περῖ
2685 5407 2934 5484 Πατρός,
2995 5407 3093 5466 κὰὶ
3151 5413 3304 5476 Υίοῦ,
3362 5407 3462 5463 καὶ
3512 5407 3685 5474 ἁγίου

2188 5494 2548 5560 llr-stipatae.
3045 5543 3048 5550 ι
3525 5545 3530 5550 ν

2185 5608 2397 5674 Ὠσπερ
2428 5606 2459 5674 ἡ
2498 5602 2589 5656 τοῦ
2619 5601 2768 5672 ἡλίου
2796 5600 2950 5661 ἀκτὶς
2987 5599 3081 5651 καὶ
3121 5596 3233 5664 φῶς
3265 5593 3388 5662 οὑεε
3412 5591 3508 5646 τοῦ
3533 5589 3685 5660 ἡλίου

2115 5697 2484 5771 Χωρεξάἱλεναι
2515 5695 2638 5749 οὔτε
2676 5694 2940 5762 ἀλλήλων⁴
2957 5689 3419 5757 ἀποδιαιρούμενα
3461 5683 3586 5739 mai
3630 5700 3683 5732 σε

2771 5833 2812 5849 εν
2838 5824 2941 5860 αντὶ,
