3984 6566
370 252 440 319 417
1588 273 1927 338 EUTHYM]

2048 281 2411 345 ZlGABENI
3551 290 3624 353 48

371 370 661 443 theologia.
695 372 812 441 Qua
859 378 1073 435 ratione
1103 395 1169 436 ex
1199 380 1525 453 incorporeo
1552 384 1927 458 individuoqm

2057 391 2341 464 Oscioyia;
2385 396 2504 459 Πῶς
2535 398 2599 451 ὲκ
2649 397 2743 452 τοῦ
2784 399 2950 455 ἁΰλου
2988 403 3079 456 καὶ
3127 402 3369 474 ἀμεροῦς
3417 403 3625 473 ἀγαθοῦ

368 458 520 531 bono.
540 462 730 519 intima
754 466 1007 523 bonitatis
1043 470 1245 526 lumina
1273 472 1562 542 pullulent,
1588 486 1643 531 e-t
1672 494 1701 530 a
1726 489 1927 533 coaeter

2050 486 2120 537 τὰ
2154 458 2421 556 ἐγιιὰρδια
2456 490 2555 558 τῆς
2591 490 2921 561 ἀγαθότητος
2971 492 3134 563 ἐξέφυ
3167 458 3365 562 λρέιτα,
3390 458 3485 547 καί
3527 494 3625 562 τῆς

366 569 438 607 na
468 569 593 610 cum
647 557 762 628 ipsa
784 560 1144 629 ,pullulatione
1195 564 1249 618 in
1278 564 1416 635 ipso,
1452 575 1509 622 et
1542 566 1594 621 in
1651 570 1863 639 seipsis,
1894 582 1947 626 et

368 645 509 700 inter
547 663 606 703 se
660 652 941 707 mansione
996 654 1075 710 sic
1106 668 1325 726 exeant,
1366 670 1421 716 ut
1450 660 1520 715 ab
1546 677 1609 716 ea
1667 677 1945 734 nunquam

367 740 673 797 discedant.

490 857 576 909 Ea:
612 859 784 926 capite
808 859 844 912 2
872 862 935 915 de
964 862 1113 917 unita
1159 864 1513 936 distinctaque
1534 866 1818 955 theologia.

430 1027 491 1081 In
524 1030 726 1087 unione
752 1034 929 1090 divina
955 1036 1071 1092 sive
1102 1051 1295 1095 natura
1334 1041 1419 1096 illa
1446 1045 1741 1099 essentiam
1781 1061 1943 1117 supe-

361 1129 513 1174 rante
544 1124 842 1192 conjuncta
884 1128 1105 1197 quidem
1161 1144 1289 1185 sunt
1339 1144 1393 1188 et
1421 1137 1733 1190 communia
1767 1141 1941 1193 unicae

358 1213 753 1287 principalique
817 1220 1041 1275 triuitati
1076 1225 1398 1280 exsistentia
1448 1230 1739 1283 essentiam
1781 1246 1940 1301 supe-

357 1318 504 1369 rans,
546 1306 804 1363 divinitas
828 1311 1114 1369 divinitate
1141 1318 1411 1386 superior,
1442 1318 1660 1375 bonitas
1694 1322 1939 1378 bonitate

357 1398 724 1466 praestantior,
755 1404 949 1456 eadem
988 1407 1128 1460 ratio
1163 1409 1328 1462 totius
1370 1412 1720 1480 proprietatis
1753 1416 1936 1470 omnia

356 1489 666 1557 superantis
687 1494 869 1547 omnia
898 1509 1184 1565 superans,
1219 1500 1401 1555 unitas
1434 1502 1703 1573 principio
1756 1507 1937 1561 excel—

355 1583 571 1646 lentior,
603 1584 896 1652 ineffabile,
919 1590 1064 1657 quod
1100 1593 1288 1647 multis
1324 1595 1555 1650 vocibus
1588 1598 1929 1665 enuntiatur,

355 1672 627 1744 ignoratio
673 1693 794 1746 quae
841 1681 1045 1748 passim
1110 1683 1432 1755 intelligitur
1460 1688 1702 1744 omnium
1738 1692 1933 1760 positio

353 1767 595 1820 omnium
618 1769 839 1835 ablatio,
858 1772 1175 1828 excellentia
1199 1790 1415 1831 omnem
1437 1779 1767 1848 positionem
1794 1784 1936 1838 abla-

352 1855 665 1928 tionemque
692 1874 979 1930 superans,
1013 1879 1376 1933 personarum
1430 1870 1641 1927 ratione
1677 1877 1930 1946 principii

352 1947 771 2019 dominantium,
792 1955 836 2008 si
856 1955 1039 2011 dicere
1066 1958 1140 2012 ita
1159 1960 1306 2027 licet,
1336 1973 1521 2018 mutua
1544 1965 1685 2021 inter
1702 1983 1760 2022 se
1783 1984 1934 2023 man-

350 2039 453 2106 sio,
491 2052 653 2111 atque
682 2045 843 2101 sedes
887 2063 1053 2118 supra
1087 2052 1306 2106 modum
1367 2056 1541 2123 unita,
1571 2058 1828 2129 nullaque
1866 2077 1931 2116 ex

350 2140 504 2200 parte
529 2134 777 2202 confusa,
798 2139 1260 2206 quemadmodum
1288 2143 1497 2202 lumina
1520 2148 1566 2201 la
1578 2151 1852 2220 mpadum,
1872 2162 1932 2207 ut

349 2225 537 2280 sensui
568 2228 854 2297 .cxpositis
886 2239 937 2284 et
970 2232 1209 2302 propriis
1250 2246 1471 2291 utamur
1528 2242 1820 2311 exemplis,
1872 2243 1928 2297 in

350 2314 515 2371 domo
557 2332 662 2372 una
688 2335 810 2373 cum
850 2321 981 2387 sint,
1020 2332 1075 2378 et
1110 2334 1219 2379 tota
1256 2327 1311 2381 in
1363 2330 1492 2384 totis
1558 2342 1745 2386 mutuo
1779 2343 1927 2399 sunt,

346 2419 403 2465 et
434 2425 625 2482 puram
652 2412 1074 2486 absolutamque
1118 2419 1261 2475 inter
1295 2436 1353 2475 se
1386 2424 1604 2493 proprie
1626 2426 1930 2480 subsismn—

347 2512 457 2557 tem
493 2502 696 2560 habent
717 2506 1153 2575 distinctionem,
1182 2512 1519 2569 discretione
1541 2517 1761 2585 quidem
1796 2535 1928 2574 con-

346 2596 552 2664 juncta,
583 2608 638 2654 et
674 2601 875 2657 unione
908 2619 1127 2659 rursum
1156 2604 1301 2660 inter
1330 2623 1388 2662 se
1418 2609 1677 2667 discreta.
1717 2610 1773 2667 In
1808 2613 1929 2683 ipsa

344 2689 562 2758 quidem
590 2693 755 2751 domo
789 2711 914 2752 cum
951 2697 1231 2769 lampades
1267 2715 1515 2757 accensa:
1544 2714 1673 2759 sunt
1718 2705 1927 2773 multae,

345 2782 594 2841 videmus
626 2788 870 2845 omnium
911 2789 1117 2845 lumina
1163 2792 1231 2847 ad
1270 2809 1441 2848 unum
1493 2796 1761 2864 quoddam
1793 2812 1926 2853 con-

341 2873 533 2951 juncta
596 2878 802 2945 lumen,
840 2896 1118 2953 unumque
1168 2885 1519 2954 splendorem
1577 2888 1923 2944 individuum

344 2948 918 3039 pﬁetercntimNeque
943 2948 1149 3040 posset,
1182 2948 1241 3027 ut
1271 2975 1528 3041 arbitror,
1562 2976 1760 3047 aliquis
1792 2978 1928 3032 lam-

2050 577 2108 629 ὲν
2161 576 2329 647 αὐτῷ,
2386 579 2481 633 καὶ
2519 580 2579 635 ὲν
2631 583 2835 646 αὐτοῖς,
2886 585 2981 637 καὶ
3032 586 3090 638 ἐν
3143 585 3392 656 ἀλλήλοις
3446 588 3628 638 συναῑ-

2048 668 2163 721 δίῦυ
2213 674 2278 742 τῇ
2332 671 2736 745 ἁναϐλαστήσει
2779 677 2949 748 μονῆς
2999 678 3421 749 ἀπομεμέντμεν
3469 680 3626 731 ἀνεκ-

2049 762 2279 832 φοίτητα
2305 781 2320 829 ;

2060 874 2153 928 Ἐκ
2176 874 2282 928 τοῦ
2326 875 2459 944 περὶ
2487 877 2798 953 ἡνωμένης
2823 883 2919 933 καὶ
2947 882 3396 953 διακεκριμένης
3422 886 3622 939 θεολο-

2637 951 2769 1018 γίας
2802 969 2934 1019 κερ.
2959 954 3043 1015 β’.

2126 1038 2249 1091 Ἐπὶ
2280 1039 2377 1107 τῆς
2415 1040 2665 1105 ἑνώσεως
2689 1042 2785 1110 τῆς
2813 1044 2983 1107 θείας,
3007 1046 3123 1115 ἧτοι
3175 1046 3274 1115 τῆς
3310 1048 3619 1116 ὕπερουσιό-

2041 1145 2223 1194 τητος,
2254 1131 2532 1199 ἡνωμένον
2569 1132 2687 1185 ἐστὶ
2718 1136 2781 1203 τῇ
2822 1135 3085 1206 ὲναρχικῇ
3137 1136 3352 1205 Τριάδι,
3383 1138 3477 1189 καὶ
3502 1155 3619 1190 κοι-

2041 1221 2132 1273 νὸν
2175 1221 2208 1290 ἡ
2260 1222 2587 1293 ὑπερούσιος
2643 1223 2897 1295 ὖπαρξις,
2956 1229 2987 1295 ἡ
3044 1228 3305 1297 ὑπέρθεος
3344 1228 3616 1299 θεότης,ή

2043 1313 2389 1383 ὕπεράγαθος
2429 1316 2722 1387 ἁγαθότης,
2750 1300 2789 1387 ¹ἡ
2828 1317 2969 1387 ὑπὲρ
3004 1319 3263 1389 ἐναρχίαν
3304 1319 3515 1389 ἑνότης,
3554 1321 3617 1371 τὸ

2038 1406 2366 1476 ἄρθεγκτον,
2416 1407 2477 1460 τὸ
2512 1409 2851 1477 πολύφωνον,
2892 1413 2924 1481 ἡ
2978 1411 3240 1480 ἀγνωσία,
3282 1411 3342 1464 τὸ
3386 1414 3617 1483 παννόηη

2036 1514 2150 1564 τον,
2205 1502 2238 1571 ἡ
2288 1500 2507 1554 πάντων
2559 1502 2727 1566 θέσις,
2777 1504 2809 1571 ἡ
2861 1505 3082 1558 πάντων
3130 1505 3441 1576 ἀφαίρεσις,
3486 1507 3518 1574 ἡ
3556 1508 3614 1557 ἐν

2037 1593 2315 1664 ἀλλήλαις,
2354 1596 2400 1647 εί
2444 1595 2587 1649 οὕτω
2626 1596 2732 1666 χρὴ
2763 1597 2948 1665 φάναι,
2992 1597 3101 1651 τῶν
3139 1600 3442 1669 ἐναρχικῶν
3476 1599 3614 1651 ὐπο-

2040 1674 2282 1738 στάσεων
2337 1686 2472 1756 μονὴ
2522 1687 2617 1739 κα)⁵
2663 1687 2895 1757 ἵδρυσις,
2947 1688 3148 1751 ὑλικῶς
3191 1690 3613 1761 ὑπερηνωμένη,

2038 1777 2295 1849 καθάπερ
2352 1778 2508 1847 φῶτα
2561 1780 2923 1851 λαμπτήρων,
2977 1782 3042 1835 ἵν’
3085 1782 3365 1853 αἰσθητοῖς
3400 1785 3493 1835 καὶ
3537 1784 3615 1834 οἱ·

2037 1869 2207 1934 κείοις
2254 1873 2718 1943 παραδείγμασιν,
2761 1874 2934 1928 ὄντων
2966 1875 3023 1927 ὲν
3061 1874 3195 1946 οἴκῳ
3230 1876 3334 1930 ἐνί.
3377 1878 3486 1929 Καὶ
3514 1876 3613 1929 ὅλα

2035 1962 2146 2031 γὰρ
2178 1965 2236 2014 ὲν
2268 1963 2518 2034 ἀλλήλοις
2549 1965 2693 2027 ὅλοις
2740 1968 2876 2033 ἐστὶ,
2900 1968 2995 2020 καὶ
3028 1966 3229 2038 ἀκριϐῆ
3264 1969 3362 2039 τὴν
3390 1968 3485 2020 ἀπ’
3517 1968 3613 2021 ἁλ-

2034 2050 2209 2121 λήλων
2239 2053 2422 2117 ἱδικῶς
2451 2054 2826 2125 ὕφισταμένην
2870 2058 2984 2127 ἔχει
3025 2059 3324 2127 διάκρισιν,
3351 2058 3611 2129 ἡνωμένα

2032 2149 2099 2216 τῇ
2154 2146 2448 2217 διακρίσει,
2510 2151 2606 2204 καὶ
2659 2154 2726 2220 τῇ
2786 2153 2980 2205 ὲνώσει
3030 2153 3449 2224 διακεκριμένα.
3500 2154 3612 2211 Καὶ

2033 2237 2164 2306 γοῦν
2195 2240 2429 2310 ὁρῶμεν,
2458 2242 2517 2294 ἐν
2561 2243 2695 2313 οἴκῳ
2726 2242 2936 2298 πολλῶν
2972 2246 3200 2300 ἐνόντων
3244 2247 3609 2319 λαμπτήρων,

2033 2331 2172 2401 πρὸς
2218 2332 2278 2388 ἔν
2324 2349 2378 2385 τι
2425 2333 2539 2401 φῶς
2574 2333 2844 2402 ἐνούμενα
2899 2336 2969 2389 τὰ
3022 2338 3240 2393 πάντων
3289 2341 3467 2407 φιῖιτα,
3515 2340 3612 2395 καὶ
3704 2383 3709 2387 ς

2036 2425 2167 2493 μίαν
2191 2424 2388 2493 αΙγλην
2438 2425 2753 2496 ἀδιάκριτον
2798 2428 3212 2497 ἁναλὰμποντα,
3258 2431 3353 2484 καὶ
3405 2432 3507 2485 οὐκ
3544 2434 3608 2486 ἄν

2029 2535 2135 2581 τις,
2165 2518 2241 2581 ὠς
2275 2513 2451 2588 οἶμαι,
2489 2518 2709 2573 δύναιτο
2740 2520 2800 2572 τὸ
2829 2520 2981 2573 τοῦδε
3012 2520 3106 2575 τοῦ
3142 2522 3467 2595 λαμπτῆρος
3490 2526 3607 2593 φῶς

2031 2610 2139 2665 ἀπὸ
2175 2612 2281 2664 τῶν
2312 2611 2492 2665 ἄλλων
2526 2613 2589 2665 ἐκ
2637 2609 2730 2664 τοῦ
2757 2612 2935 2665 πάντα
2960 2614 3027 2664 τὰ
3062 2613 3216 2681 φῶτα
3259 2616 3606 2687 περιέχοντος

2029 2704 2191 2774 ἀέρος
2251 2704 2551 2773 διακρῖναι,
2593 2705 2687 2758 καὶ
2739 2705 2867 2757 ὶδεῖν
2891 2705 3021 2757 ἄνευ
3076 2705 3304 2776 θατέρου
3352 2707 3602 2779 θάτερον,

2028 2797 2166 2851 ὅλων
2220 2798 2278 2848 ἑν
2339 2795 2482 2859 ὅλοις
2517 2795 2738 2866 ἁμιγῶς
2776 2799 3259 2866 ουγκεκραμένων.
3308 2800 3468 2853 ’Δλλὰ
3510 2806 3607 2853 καὶ

2029 2888 2077 2939 εί
2135 2886 2226 2941 τὸν
2272 2887 2375 2945 ⁴ἕνα
2418 2904 2502 2952 τις
2566 2888 2774 2957 πυρσὸν
2821 2889 3083 2957 ὑπεξάγοι
3127 2890 3220 2944 τοῦ
3282 2892 3601 2964 δωματίου,

2034 2976 2478 3044 συνεξελεύσεται
2539 2980 2634 3035 καὶ
2689 2980 2748 3031 τὸ
2805 2979 3005 3035 οἰκεῖον
3059 2980 3207 3039 ἅπαν
3265 2983 3413 3050 φῶς,
3448 2984 3601 3036 οὐδέν

342 3058 497 3128 pndis
531 3058 689 3126 hujus
729 3060 911 3115 lumen
950 3063 1019 3116 ab
1057 3063 1177 3119 aliis
1220 3078 1287 3119 ex
1312 3081 1443 3121 aere
1472 3078 1669 3123 cuncta
1720 3070 1927 3141 lumina

2032 3085 2081 3121 τι
2137 3068 2244 3121 τῶν
2277 3068 2479 3140 ἐτέρων
2545 3072 2736 3139 φώτων
2795 3072 2971 3141 ἐαυτῷ
3012 3077 3597 3144 συνεπισπασάμενον,

343 3151 660 3206 continente
685 3168 1001 3221 secernere,
1034 3167 1090 3210 et
1124 3172 1291 3211 unum
1313 3159 1381 3213 ab
1408 3159 1584 3215 altero
1612 3162 1923 3232 sejunctum

343 3231 571 3306 intueri,
606 3259 730 3299 cum
798 3254 907 3300 tota
944 3247 998 3301 in
1038 3250 1169 3303 totis
1217 3249 1335 3305 sine
1390 3251 1648 3309 mistione
1685 3257 1795 3310 sint
1837 3258 1923 3311 in-

343 3344 512 3390 serta.
546 3334 702 3405 Quod
733 3338 779 3392 si
845 3339 966 3408 quis
1002 3339 1308 3410 lampadem
1340 3359 1502 3398 unam
1539 3361 1570 3400 e
1612 3349 1790 3403 medio
1822 3350 1923 3405 tol-

341 3424 416 3479 lat
437 3464 455 3489 .
483 3427 766 3500 proprium
800 3429 922 3500 ejus
950 3431 1133 3486 lumen
1177 3442 1348 3488 totum
1394 3436 1687 3492 abeuntem
1717 3439 1924 3511 lampa-

342 3520 468 3573 dem
493 3519 871 3586 comitabitur,
910 3538 1009 3577 nec
1035 3524 1270 3580 aliorum
1312 3527 1585 3583 luminum
1623 3532 1921 3603 quidquam

342 3622 530 3663 secum
566 3612 813 3677 trahens,
846 3627 1028 3685 neque
1078 3630 1141 3668 ex
1178 3630 1279 3670 suo
1320 3620 1538 3675 caeteris
1570 3621 1777 3692 aliquid
1819 3613 1924 3681 lin-

339 3713 541 3768 quens.
574 3699 703 3754 Erat
734 3702 904 3766 enim,
956 3715 1015 3758 ut
1048 3704 1308 3774 diximus,
1362 3708 1475 3765 illic
1507 3711 1747 3782 perfecta
1780 3723 1924 3770 toto-

342 3804 463 3843 rum
507 3804 631 3845 cum
677 3792 804 3849 totis
855 3797 1171 3866 conjunctio
1224 3815 1326 3855 nec
1365 3802 1475 3856 ullo
1525 3804 1687 3860 modo
1737 3805 1919 3874 mista,

340 3894 519 3953 neque
577 3881 684 3937 ulla
720 3898 788 3938 ex
845 3895 1006 3958 parte
1035 3889 1289 3945 confusa.
1333 3891 1400 3948 Et
1452 3893 1568 3949 haec
1596 3896 1814 3966 quidem
1845 3900 1921 3954 ita

340 3983 401 4023 se
460 3970 689 4037 habent,
729 3978 981 4047 quamvis
1035 3979 1225 4036 lumt-n
1253 3984 1327 4037 sit
1377 3983 1430 4038 in
1462 4000 1711 4056 corpore,
1766 4004 1916 4057 aere,

340 4071 396 4117 et
452 4079 517 4119 ex
572 4067 820 4133 materia,
853 4084 1049 4143 nempe
1098 4072 1222 4143 igne
1273 4075 1596 4147 dependeat.
1650 4078 1919 4139 Unionem

340 4170 474 4210 vero
516 4155 660 4212 illam
706 4163 943 4217 essentia
980 4165 1319 4235 superiorem
1354 4173 1742 4229 transcendere
1776 4176 1917 4230 dici-

340 4260 485 4314 mus,
508 4263 617 4303 non
646 4253 876 4308 uniones
911 4262 1140 4317 tantum.
1168 4273 1287 4327 quae
1310 4260 1445 4317 ﬁunt
1474 4261 1531 4317 in
1556 4266 1919 4335 corpore,sed

341 4335 463 4392 illas
493 4340 681 4405 etiam,
713 4357 834 4411 quae
891 4345 945 4402 in
978 4348 1182 4404 animis
1218 4350 1608 4419 coniiciuntur,
1656 4356 1767 4411 imo
1826 4373 1919 4414 cas

2027 3158 2060 3231 ἢ
2096 3159 2153 3213 τὸ
2197 3159 2391 3213 ἑαυτοῦ
2441 3162 2554 3224 τοῖς
2604 3161 2813 3233 ἑτέροις
2849 3162 3167 3218 καταλιπόν.
3231 3158 3339 3216 Ἦν
3372 3166 3480 3235 γὰρ
3510 3165 3603 3222 αὑ.

2026 3249 2154 3315 τῶν,
2196 3251 2333 3321 ὅπερ
2385 3251 2543 3325 ἔφην,
2578 3254 2610 3323 ἠ
2646 3252 2786 3307 ὅλων
2851 3254 2987 3325 πρὸς
3032 3255 3130 3308 ὅλα
3167 3257 3436 3327 παντελὴς
3465 3258 3601 3313 ἕνωσ-

2028 3359 2112 3405 σις
2159 3344 2365 3414 ἀμιγὴς
2410 3345 2661 3405 καθόλου.
2708 3349 2802 3399 καὶ
2850 3348 3025 3405 οὐδενὶ
3062 3348 3225 3418 μέρει
3272 3367 3589 3421 auguratu;-

2028 3434 2188 3505 μένη.
2229 3436 2338 3489 Καὶ
2367 3435 2539 3490 ταῦτα
2577 3437 2729 3501 ὄντος
2759 3441 2816 3493 ἐν
2874 3438 3089 3509 σώματι
3115 3441 3193 3511 τῷ
3227 3442 3387 3512 ἀέρι.
3418 3444 3511 3501 καὶ
3540 3443 3600 3511 ἐξ

2027 3524 2213 3578 ὲνύλου
2268 3526 2362 3579 τοῦ
2420 3530 2590 3598 πυρὸς
2640 3529 2954 3599 ἠρτημένου
3006 3530 3100 3608 τοῦ
3141 3531 3338 3599 φωτὸς,
3372 3533 3505 3588 ὅπου
3534 3550 3597 3607 γε

2022 3615 2120 3685 τὴν
2146 3615 2473 3686 ὑπερούσιον
2521 3616 2716 3671 ἕνωσιν
2755 3618 3151 3688 ὐπεριδρύσθαι
3189 3619 3368 3688 φαμὲν
3397 3620 3459 3674 οὐ
3488 3621 3599 3674 τῶν

2022 3707 2081 3759 ὲν
2121 3708 2337 3776 σώματι
2374 3711 2537 3779 μόνον
2577 3708 2848 3776 ὲνώσεων,
2880 3709 3018 3763 ἀλλὰ
3058 3710 3154 3764 καὶ⁵
3184 3710 3292 3765 τῶν
3314 3712 3372 3764 ὲν
3399 3711 3598 3781 ψυχαῖς

2022 3798 2237 3863 αὑταῖς,
2267 3800 2362 3852 καὶ
2390 3802 2447 3853 ὲν
2488 3800 2673 3864 αὐτοῖς
2722 3802 2853 3866 νοῖς,
2885 3800 2951 3866 ἃς
2992 3800 3206 3871 ἔχουσιν
3241 3801 3458 3873 ἀμιγῶς
3504 3806 3599 3858 καὶ

2023 3891 2413 3963 ὐπερκοσμίως
2447 3892 2516 3946 δι’
2558 3893 2694 3946 ὅλων
2724 3894 2821 3947 ὅλα
2882 3893 2953 3947 τὰ
3003 3894 3208 3964 θεοειδῆ
3237 3900 3329 3948 καὶ
3361 3895 3599 3966 ὕπερον-

2023 3985 2186 4055 ρανία
2221 3986 2376 4054 φῶτα
2424 3984 2568 4045 κατὰ
2608 3985 2826 4055 μέθεξιν
2872 3986 3134 4059 ἀνάλογον
3162 3987 3275 4049 τοῖς
3305 3984 3599 4055 μετέχουσι

2020 4078 2137 4147 τῆς·
2170 4078 2391 4135 πάντων
2439 4077 2833 4153 ὑπερηρμένης
2874 4078 3145 4143 ὲνὼσεως.
3208 4079 3363 4132 Ἔστι
3402 4079 3459 4134 δὲ
3500 4080 3599 4133 καὶ

2019 4168 2296 4239 διάκρισις
2341 4171 2397 4225 ὲν
2430 4172 2553 4235 ταῖς
2595 4170 2944 4241 ὑπερουσίοις
3005 4170 3329 4239 θεολογίαις,
3382 4171 3483 4243 οὐχ
3528 4172 3598 4242 ἣν

2023 4261 2161 4332 ἔφην
2210 4262 2393 4332 μόνον,
2441 4262 2525 4315 ὃτι
2569 4261 2711 4315 κατὰ
2763 4262 2865 4334 τὴν
2923 4262 3117 4316 ἕνωσιν
3172 4262 3390 4334 ἁμιγῶς
3444 4264 3597 4334 ἰδρυ-

2018 4370 2110 4408 ται
2157 4354 2254 4408 καὶ
2296 4353 2619 4425 ἀσυγχύτως
2652 4353 2860 4427 ἑκάστη
2917 4356 3024 4408 τῶν
3083 4356 3389 4429 ἑναρχικῶν
3453 4355 3598 4415 ὑπο-

339 4443 578 4501 quoque,
611 4449 733 4503 qua:
762 4436 1075 4495 efﬁciuntur
1116 4442 1168 4495 in
1199 4445 1493 4513 mentibus,
1533 4463 1670 4517 quas
1694 4450 1917 4519 quidem

2032 4447 2291 4509 στάσεων,
2343 4446 2459 4500 ἀλλ’
2490 4447 2574 4505 ὅτι
2618 4448 2714 4501 καὶ
2752 4448 2822 4502 τὰ
2869 4448 2970 4518 τῆς
3023 4449 3352 4519 ὑπερουσίου
3407 4449 3597 4517 θεογο-

343 4531 457 4577 tota
492 4524 580 4579 illa
607 4526 792 4585 divina
822 4538 877 4585 ct
930 4536 1344 4603 supercoelestia
1370 4538 1600 4607 lumina.
1632 4557 1729 4611 Per
1782 4552 1918 4612 tota,

340 4615 553 4671 ratione
575 4618 693 4687 plus
720 4635 881 4691 quam
914 4626 1188 4680 mundana
1217 4628 1432 4687 sincere
1457 4634 1750 4690 admodum
1787 4652 1917 4707 pos-

2019 4540 2138 4603 νίας
2184 4540 2285 4592 οὐκ
2331 4539 2685 4610 ἀντιστρέφει
2715 4540 2851 4610 πρὸς
2900 4539 3126 4610 ἄλληλα.
3169 4541 3322 4610 Μόνη
3353 4541 3409 4595 δὲ
3442 4542 3598 4614 πηγὴ

2016 4632 2118 4709 τῆς
2156 4631 2482 4701 ὑπερουσίου
2526 4631 2782 4701 θεότητος
2810 4632 2838 4683 δ
2869 4631 3079 4707 Πατὴρ,
3116 4634 3218 4691 οὐκ
3264 4632 3419 4697 ὄντος
3462 4633 3595 4686 Υιοῦ

322 4706 548 4802 ὶοίιίεηι,
576 4715 960 4771 communione
985 4720 1216 4786 quadam
1248 4722 1473 4779 unitatis
1495 4726 1640 4781 illius
1667 4706 1921 4784 omnibus

2032 4706 2109 4778 τοῦ
2167 4724 2382 4795 Πατρός
2411 4763 2426 4789 ,
2474 4724 2595 4778 οὐδὲ
2643 4726 2856 4796 Πατρὸς
2916 4706 3011 4780 τοῦ
3080 4724 3205 4789 Υἱοῦ
3239 4739 3255 4755 ⁶
3291 4725 3594 4795 φυλαττόν-

321 4800 729 4880 {antecellentis
783 4812 839 4858 et
924 4809 1218 4881 unicuique
1275 4827 1377 4882 pro
1434 4815 1697 4886 cujusque
1752 4818 1919 4876 modo

322 4882 988 4965 lseipsamimpartieutis.
1040 4898 1136 4956 Est
1188 4910 1369 4960 autem
1400 4882 1657 4961 discretio
1697 4908 1753 4965 in
1804 4924 1902 4963 su-

2016 4833 2124 4869 των
2161 4816 2217 4871 δὲ
2268 4815 2338 4869 τὰ
2369 4815 2547 4870 οἰκεῖα
2594 4815 2705 4870 τῶν
2741 4816 2927 4887 ὓμνων
2974 4818 3189 4888 εὐαγῶς
3238 4818 3444 4892 ἑκαστῃ
3486 4817 3595 4871 τῶν

2020 4906 2329 4979 θεαρχικῶν
2368 4906 2746 4964 ὑποστάσεων.

423 4952 439 4958 -
681 4952 695 4963 ,
1098 4952 1127 4956 νγ
1192 4952 1369 4960 ηψπ
1402 4952 1655 4961 ---νην
1804 4952 1869 4963 -..
2023 4952 2323 4979 "an".-.
2373 4952 2746 4964 -.----_--....

323 4952 529 5067 {prema
566 4985 855 5059 theologia,
912 5005 1022 5047 non
1077 4992 1275 5059 solum,
1306 5010 1468 5065 quam
1521 4999 1683 5055 modo
1742 5000 2015 5065 dicebam,
2040 5001 2166 5070 quia
2198 5001 2251 5054 in
2302 5017 2417 5072 ipsa
2485 5002 2691 5060 unitate
2732 5001 2915 5061 divina
2973 5002 3199 5075 singulae
3248 5003 3594 5063 dominantes

339 5094 590 5149 persona:
624 5097 815 5152 puram
873 5095 930 5139 et
973 5085 1362 5157 impermistam
1422 5093 1523 5147 sibi
1579 5105 1802 5155 servant
1852 5099 2263 5168 proprietatem,
2320 5097 2414 5152 sed
2481 5098 2645 5157 etiam
2694 5098 2947 5171 quoniam
2982 5113 3105 5171 qua:
3144 5097 3201 5152 in
3258 5098 3349 5152 illa
3405 5100 3592 5158 divina

337 5181 394 5227 et
441 5175 734 5229 essentiam
788 5190 1086 5246 superante
1136 5182 1483 5250 generatione
1532 5195 1682 5253 sunt,
1723 5188 1962 5249 vicissim
2029 5205 2137 5244 non
2196 5199 2609 5249 convertuntur.
2670 5190 2829 5245 Solus
2885 5193 3029 5246 enim
3119 5191 3244 5246 fons
3294 5196 3593 5250 essentiam

336 5268 649 5337 superantis
690 5269 990 5325 divinitatis
1048 5282 1133 5327 est
1182 5273 1366 5340 Pater,
1419 5292 1597 5347 neque
1648 5278 1810 5335 Pater
1838 5290 1924 5337 est
1975 5282 2165 5348 Filius,
2201 5298 2378 5353 neque
2405 5283 2578 5344 Filius
2608 5294 2692 5339 est
2724 5283 2909 5342 Pater.
2960 5285 3144 5361 Itaque
3192 5287 3335 5341 sacri
3401 5287 3591 5360 hymni

333 5374 432 5416 sua
459 5362 754 5432 unicuique
801 5362 1108 5418 divinarum
1142 5381 1503 5435 personarum
1534 5372 1624 5443 pie
1659 5387 1959 5448 sancteque
1984 5386 2332 5436 conservant.
3148 5394 3161 5399 '

853 5463 938 5513 Ex
971 5463 1147 5515 eodem
1193 5468 1385 5535 capite.

411 5570 433 5606 ι
467 5549 661 5609 Nullus
684 5542 885 5611 bonus,
916 5551 1018 5607 nisi
1060 5569 1199 5610 unus
1236 5557 1435 5617 Deus’.
1469 5580 1488 5613 ι
1524 5562 1658 5621 illud
1698 5576 1752 5623 et
1776 5567 1903 5625 alibi

407 5694 433 5758 ⁸.
489 5718 682 5776 Matth.
716 5729 830 5775 xix,
872 5713 954 5768 l7.

2385 5476 2488 5531 Ἐκ
2521 5476 2627 5532 τοῦ
2656 5476 2840 5531 αὐτοῦ
2868 5479 3223 5547 κεφαλαίου.

2083 5569 2272 5635 Οὐδεὶς
2304 5568 2506 5640 ἀγαθὸς
2551 5571 2599 5625 εί
2661 5569 2739 5643 μὴ
2793 5571 2822 5629 ὁ
2867 5571 3017 5640 Θεός.
3050 5571 3220 5629 Τοῦτο
3248 5574 3351 5644 μὲν
3372 5567 3465 5629 οὖν
3493 5576 3593 5634 καὶ
