4048 6636
379 436 451 520 55
1343 546 1349 551 ο
1622 460 1953 524 ΕυΤΗΥΜ]

2058 458 2367 524 ιιοΑΒΕΝ
2376 464 2401 523 Ι
3571 456 3643 520 56

380 564 537 644 radix
571 603 588 632 ,
637 560 703 622 ex'
731 581 843 638 quo
872 568 993 625 fons
1041 568 1165 623 vita:
1213 567 1455 639 proﬂuit.
1498 569 1799 640 Sapientia,
1860 583 1953 638 p0-

2062 574 2174 636 τοῐς
2216 568 2388 639 οὖσιν,
2441 574 2475 643 ή
2531 570 2657 644 ῥίζα
2719 569 2827 625 τῶν
2884 569 3123 635 ζώντων.
3170 567 3334 622 Ὅθεν
3398 566 3642 639 προῆλθε

344 664 353 669 ’
382 641 574 724 testas,
605 659 784 731 imago
810 660 901 715 Dei
920 660 1211 716 invisibilis
1232 662 1661 729 absolutissima,
1691 659 1862 717 Filius
1884 677 1951 716 ex

382 749 543 806 Patre
560 754 794 823 genitus,
814 752 905 822 qui
928 755 1117 809 vivens
1146 762 1232 809 est
1255 752 1519 820 Verbum,
1549 755 1637 826 qui
1673 755 1817 811 Deus
1848 765 1953 819 est,

381 833 437 896 et
468 851 553 897 est
593 845 737 914 apud
785 846 1022 902 Patrem.
1066 844 1159 903 Sic
1202 856 1386 902 autem
1422 857 1525 912 est,
1572 857 1630 903 ut
1676 864 1954 919 nunquam

380 947 490 987 non
519 933 700 1001 fuerit,
748 952 872 991 cum
907 938 981 993 sit
1019 946 1148 993 ante
1189 940 1410 1005 smcula,
1458 955 1567 994 non
1614 947 1798 994 autem
1830 951 1954 1010 post

379 1025 702 1093 a'cquisitus.
734 1028 926 1093 Filius,
953 1030 1199 1100 inquam,
1226 1047 1337 1085 non
1363 1033 1670 1101 possessio;
1703 1033 1949 1100 eil‘ector,

376 1116 489 1167 non
520 1115 700 1172 lactus
730 1136 744 1172 :
777 1113 1012 1185 creator,
1054 1136 1163 1192 non
1192 1131 1431 1189 creatus,
1466 1122 1559 1191 qui
1582 1123 1743 1194 habet
1766 1126 1952 1199 omnia

377 1220 501 1273 quin
550 1208 609 1262 in
646 1209 808 1266 Patre
861 1202 1012 1277 sunt,
1052 1211 1251 1267 Filium
1289 1222 1344 1267 et
1389 1199 1603 1269 Patrem
1653 1214 1797 1274 dico.
1844 1213 1954 1271 Has

379 1299 516 1354 mihi
560 1303 923 1373 preprietates
961 1305 1209 1360 observa.
1249 1302 1308 1359 ln
1338 1319 1404 1360 eo
1437 1321 1671 1377 namque
1703 1323 1951 1375 manens,

379 1398 440 1441 ut
470 1391 638 1447 Filius
669 1395 762 1458 sit,
800 1397 1065 1467 quidquid
1125 1408 1212 1454 est
1253 1398 1447 1467 Pater,
1486 1402 1626 1456 idem
1682 1401 1799 1471 ipse
1847 1410 1952 1467 est,

376 1485 841 1548 quemadmodum
877 1490 1114 1561 ipsemet
1152 1494 1418 1551 Dominus
1464 1510 1596 1551 voce
1643 1509 1740 1550 sua
1773 1495 1955 1551 decla-

380 1586 495 1647 rat,
569 1598 587 1632 ι
622 1580 816 1638 Omnia
842 1621 857 1647 ,
889 1603 909 1638 ι
958 1584 1213 1656 inquiens
1237 1628 1255 1655 ,
1341 1606 1359 1639 ι
1398 1603 1739 1657 quacunque
1789 1586 1956 1642 habet

375 1669 560 1737 Pater,
595 1685 714 1726 mea
759 1663 888 1726 sunt
926 1672 992 1729 “’.
1030 1693 1049 1727 ι
1103 1674 1241 1731 Vere
1291 1675 1437 1731 enim
1481 1675 1690 1741 omnia,
1721 1690 1842 1746 qua:
1895 1675 1951 1731 in

375 1770 707 1834 exemplaris
751 1767 927 1821 forma
975 1776 1124 1833 sunt,
1182 1770 1362 1838 imago
1419 1770 1685 1825 continet.
1746 1789 1764 1822 ι
1802 1768 1955 1824 Vidi-

376 1871 523 1919 mus,
564 1874 583 1908 ι
620 1846 802 1925 inquit
837 1860 1195 1931 evangelista,
1237 1879 1257 1913 ι
1291 1862 1518 1932 gloriam
1550 1862 1693 1932 ejus,
1724 1863 1951 1935 gloriam

2059 665 2093 735 ἡ
2128 666 2281 738 πηγὴ
2310 666 2409 737 τῆς
2448 666 2616 737 ζωῆς,
2660 668 2692 739 ἡ
2738 665 2918 734 σοφία,
2964 666 2996 737 ὴ
3044 663 3293 734 δύναμις,
3334 664 3367 731 ὴ
3416 660 3581 715 εἰκὼν
3606 661 3642 731 ή

2056 757 2476 827 ἀπαράλλακτος
2506 757 2599 811 τοῦ
2644 757 2879 829 ἀοράτου
2913 755 3071 821 Θεοῦ,
3122 757 3150 808 6
3197 756 3261 810 ὲκ
3301 755 3395 808 τοῦ
3430 753 3644 824 Πατρδς

2056 849 2338 917 γεννηθεὶς
2366 848 2513 913 Υῑδς,
2566 850 2594 902 ὁ
2634 848 2741 913 ξῶν
2782 845 2977 916 Λόγος,
3017 850 3044 901 ό
3082 844 3215 909 Θεὸς
3247 846 3343 910 ὢν,
3376 844 3645 913 καὶπρὸς

2056 938 2145 992 τὸν
2193 938 2325 993 Θεὸν
2369 936 2485 991 ὤν’
2535 936 2632 1003 ὢν,
2681 938 2805 1007 οὐχὶ
2852 936 3325 1008 προσγενόμενσςο
3373 934 3642 1002 ὑπάρχων

2058 1028 2165 1101 πρὸ
2192 1028 2300 1084 τῶν
2337 1028 2572 1094 αἰώνων,
2604 1029 2739 1098 ὀὐχὶ
2775 1026 3142 1099 προσκτηθεὶς
3175 1026 3401 1097 ὕστερον
3426 1041 3441 1055 °
3487 1023 3641 1088 Υίδς,

2055 1120 2179 1190 οὐχὶ
2225 1121 2446 1189 κτῆμαο
2520 1120 2791 1189 ποιητὴς,
2855 1118 2978 1188 οὐχὶ
3044 1117 3299 1185 ποίημαο
3373 1112 3643 1182 κτίστηςξδ

2056 1214 2177 1283 οὐχὶ
2222 1212 2465 1281 κτίσμαο
2512 1213 2690 1266 πάντα
2725 1212 2800 1264 ὣν
2836 1212 2937 1264 ὅσα
2978 1212 3127 1263 ἐστὶν
3150 1211 3178 1262 δ
3208 1208 3402 1278 Πατήρ
3424 1221 3439 1237 ο
3476 1206 3636 1268 Υίὶς,

2057 1301 2233 1373 εἷπον,
2277 1304 2375 1373 καὶ
2422 1304 2635 1374 Πατήρ.
2673 1303 2919 1357 Ψύλασσέ
2976 1318 3067 1371 μοι
3119 1304 3319 1361 ταύτας
3360 1298 3461 1360 τὰς
3513 1297 3644 1350 E816:-

2055 1415 2247 1470 τητας.
2285 1398 2480 1453 Μένων
2527 1395 2619 1450 οὖν
2653 1398 2710 1449 ὲν
2755 1394 2835 1466 τῷ
2880 1389 3021 1447 εἶναι
3066 1393 3213 1455 Υἱὸς,
3262 1389 3441 1443 πάντα
3491 1388 3644 1441 ἐστὶν

2057 1492 2159 1546 ὅσα
2214 1492 2365 1545 ἐστὶν
2410 1492 2440 1544 ὁ
2489 1490 2704 1559 Πατὴρ,
2751 1487 2897 1541 κατὰ
2954 1486 3056 1556 τὴν
3098 1484 3285 1554 φωνὴν
3331 1478 3497 1536 αὑτοῦ
3546 1476 3644 1531 τοῦ

2057 1585 2267 1656 Κυρίου
2320 1582 2601 1646 εἰπόντος’
2646 1580 2847 1635 Πάντα
2896 1579 3014 1633 ὅσα
3044 1578 3170 1645 ἔχει
3200 1577 3233 1630 ό
3276 1573 3498 1641 Πατὴρ,
3530 1568 3648 1639 apd

2057 1673 2209 1729 ἐστι.
2234 1672 2323 1743 Τῷ
2343 1673 2457 1727 ὄντι
2478 1673 2590 1742 γὰρ
2607 1672 2704 1741 τῆς
2729 1670 2936 1733 εἰκόνος
2962 1668 3082 1721 ἐστὶ
3110 1666 3311 1729 πάντα,
3346 1666 3447 1717 ὅσα
3468 1660 3649 1732 πρόσ·

2058 1783 2176 1820 εστι
2235 1769 2301 1837 τῇ
2358 1768 2704 1834 πρωτοτύπῳ
2751 1764 2956 1832 μορφῇ.
3036 1756 3448 1827 Ἐθεασάμεθα
3507 1752 3644 1823 γὰρ.

2062 1861 2228 1930 φησιν
2257 1861 2285 1912 ὁ
2312 1857 2728 1928 εὐαγγελιστὴς,
2754 1855 2868 1924 τὴν
2892 1855 3083 1920 δόξαν
3108 1850 3321 1914 αὐτοῦ,
3350 1849 3540 1913 δόξαν
3561 1847 3648 1911 ὡς

375 1956 439 2000 ut
476 1944 753 2017 Unigeniti
779 1964 809 2002 a
850 1940 1012 2006 Patre
1044 1950 1112 2016 “,
1157 1971 1175 2005 ι
1210 1952 1317 2007 hoc
1344 1962 1457 2019 est,
1504 1969 1613 2008 non
1657 1969 1742 2029 res
1774 1953 1951 2008 adrni-

2058 1948 2438 2020 Μονογενοῦς
2464 1946 2625 2017 παρὰ
2662 1945 2894 2015 Πατρός
2914 1960 2930 1977 ⁸
2979 1944 3281 2005 τουτέστιν,
3316 1940 3418 1993 οὐκ
3448 1939 3515 1990 ὲκ

375 2036 578 2092 rabiles
618 2040 669 2092 ei
712 2056 943 2095 munere
996 2051 1052 2096 et
1099 2043 1275 2113 gratia
1326 2039 1591 2111 tributas,
1645 2044 1742 2098 sed
1787 2060 1950 2126 quam

378 2144 445 2182 ex
472 2130 739 2186 societate
776 2133 1012 2188 naturali
1044 2133 1217 2190 Filius
1270 2135 1482 2190 obtinet
1525 2134 1767 2206 paternae
1814 2135 1953 2192 divi-

372 2218 564 2276 nitatis
622 2223 967 2293 dignitatem.
1025 2227 1316 2296 Accepisse
1389 2228 1533 2281 enim
1595 2243 1719 2283 cum
1787 2229 1952 2283 rebus

372 2309 573 2371 creatis
604 2325 900 2367 commune
933 2324 1036 2377 est.
1082 2322 1279 2369 natura
1311 2329 1490 2370 autem
1531 2316 1779 2370 obtinere
1820 2331 1950 2386 pro-

372 2399 555 2468 prium
593 2412 677 2455 est
720 2402 912 2474 geniti.
942 2403 1310 2469 Quamobrem
1376 2414 1438 2460 ut
1484 2405 1651 2461 Filius
1708 2406 1952 2476 possidet

372 2506 714 2564 quaecunque
784 2504 912 2551 sunt
969 2496 1180 2563 Patris,
1240 2507 1300 2552 ut
1373 2496 1697 2569 Uuigcnitus
1767 2508 1948 2554 autem

372 2578 633 2661 universa
687 2586 741 2640 in
794 2602 856 2642 se
905 2587 1028 2658 ipso
1090 2590 1339 2644 continet
1390 2598 1444 2644 ct
1495 2591 1948 2660 comprehendit,

372 2676 524 2731 nulla
563 2692 624 2732 re
656 2692 781 2733 cum
828 2680 935 2734 alio
969 2681 1164 2737 divisa.
1206 2680 1286 2735 Ex
1334 2683 1455 2757 ipsa
1492 2681 1656 2753 igitur
1710 2682 1951 2752 appella-

376 2777 527 2824 tione
555 2784 683 2825 eum
733 2782 944 2827 natura:
988 2774 1198 2827 socium
1230 2774 1602 2844 intelligimus;
1637 2789 1746 2828 non
1792 2775 1946 2839 jussu

374 2855 642 2926 creatum,
675 2864 771 2918 sed
810 2878 877 2918 ex
914 2865 1152 2920 essentia
1182 2865 1556 2935 cll‘ulgentem,
1608 2860 1727 2921 aine
1780 2867 1950 2923 inter.

372 2953 549 3017 vallo,
594 2956 714 3010 sine
762 2967 1011 3028 tempore
1044 2958 1404 3028 coniunctum
1446 2958 1618 3023 Patri,
1652 2975 1838 3030 parem
1892 2961 1948 3015 in

370 3046 642 3121 bonitate,
698 3047 751 3101 in
823 3050 1067 3117 polentia
1112 3052 1410 3119 aequalem,
1473 3050 1657 3122 glorise
1716 3052 1951 3107 socium.-

260 3195 266 3200 _
371 3137 515 3208 Quid
544 3138 691 3192 enim
726 3139 1005 3206 estaliud,
1048 3141 1150 3195 nisi
1184 3142 1448 3211 sigillum,
1482 3152 1537 3198 et
1565 3143 1742 3214 imago
1775 3152 1949 3199 totum

372 3228 432 3283 in
470 3244 531 3284 se
576 3229 794 3285 Patrem
833 3231 1188 3300 exprimens?
1232 3232 1365 3296 Quae
1407 3243 1593 3288 autem
1636 3244 1845 3304 postea,
1894 3236 1948 3289 in

372 3316 606 3392 corpore
639 3321 975 3377 constitutus
1022 3323 1088 3378 ad
1118 3332 1170 3378 te
1215 3323 1478 3393 loquitur,
1520 3325 1820 3395 disponens
1853 3328 1954 3383 ho-

373 3413 584 3466 minum
632 3415 867 3489 salutem
912 3430 1075 3485 quam
1132 3416 1189 3493 in
1249 3431 1416 3472 carne
1472 3418 1635 3473 nobis
1684 3434 1955 3489 apparens

371 3492 581 3574 attulit,
611 3522 671 3569 se
710 3510 938 3563 missum
963 3524 1086 3563 esse
1108 3492 1324 3575 dicens,
1356 3522 1413 3565 et
1444 3512 1582 3566 nihil
1615 3527 1681 3567 ex
1709 3529 1769 3567 se
1794 3529 1955 3583 posse

373 3600 578 3664 facere,
612 3610 668 3654 et
709 3615 769 3655 se
803 3600 1122 3655 mandatum
1156 3603 1459 3671 accepisse,
1498 3612 1553 3658 et
1596 3604 1678 3658 his
1730 3605 1951 3667 similia.

374 3700 528 3755 cave,
574 3705 644 3744 ne
689 3691 963 3760 praebeant
987 3692 1082 3747 tibi
1132 3695 1501 3767 occasionem,
1562 3704 1620 3749 ut
1678 3685 1955 3767 Unigeniti

375 3782 719 3859 divinitatem
752 3784 1068 3841 imminuas.
1138 3766 1386 3841 Patentis
1410 3788 1556 3841 enim
1602 3772 1669 3842 ad
1714 3788 1957 3844 imbecil-

377 3873 585 3927 litatem
615 3884 760 3928 tuam
795 3876 1115 3931 suuunissio
1148 3892 1259 3930 non
1292 3875 1456 3931 debet
1487 3893 1608 3931 esse
1651 3875 1953 3935 divinitatis

375 3957 497 4035 ejus
538 3950 873 4020 imminutio.
925 3962 1192 4020 Nataram
1230 3968 1398 4036 igitur
1438 3964 1614 4039 cogita
1670 3970 1778 4025 Deo
1824 3985 1957 4023 con-

376 4056 689 4128 gruentem,
722 4074 787 4112 ex
810 4060 992 4113 verbis
1024 4067 1207 4113 autem
1235 4054 1957 4131 ahjectiorihusdispOSitio-

377 4166 503 4205 nem
529 4151 791 4220 intellige.
819 4152 1016 4208 Verum
1055 4151 1098 4207 si
1125 4153 1191 4207 de
1229 4153 1313 4207 his
1351 4154 1615 4209 vellemus
1642 4156 1957 4212 accuratius

377 4236 431 4297 in
466 4238 756 4315 praesentia
783 4246 1080 4311 disserere,
1119 4246 1336 4317 longam
1367 4258 1531 4318 atque
1577 4250 1718 4303 adeo
1767 4251 1952 4305 inlini-

376 4321 485 4388 tam
550 4335 793 4389 sermoni
843 4345 1033 4390 nostro
1090 4336 1517 4407 disputationem
1576 4324 1957 4412 imprudenter

374 4428 768 4482 insereremus.
821 4428 1001 4494 Quare
1066 4429 1133 4483 ad
1177 4430 1516 4499 propositum
1596 4444 1979 4495 revertamur..

373 4518 627 4585 Animus,
670 4521 817 4590 quia
864 4522 1105 4575 materia:
1142 4522 1530 4579 affectionibus
1558 4540 1677 4580 sese
1720 4528 1957 4595 potuerit

2062 2045 2189 2115 ρεᾶς
2219 2042 2315 2097 καὶ
2343 2043 2569 2112 χάριτος
2596 2040 2859 2093 δοθέντων
2882 2037 3032 2104 αὐτῷ
3053 2036 3161 2090 τῶν
3180 2032 3501 2103 θαυμάτων,
3527 2025 3648 2082 ἀλλ’

2056 2136 2122 2188 ἐκ
2156 2136 2255 2205 τῆς
2302 2134 2446 2187 κατὰ
2479 2132 2645 2202 φύσιν
2676 2128 2965 2191 κοινωνίας
3004 2129 3222 2197 ἔχοντος
3251 2123 3346 2178 τοῦ
3377 2121 3511 2174 Υίοῦ
3541 2119 3646 2188 τῆς

2057 2228 2337 2298 πατρικῆς
2377 2225 2636 2296 θεότητος
2672 2224 2735 2277 τὸ
2774 2218 3016 2293 ἀξίωμα.
3065 2220 3139 2301 Τὸ
3190 2219 3291 2290 μὲν
3321 2216 3431 2296 γάρ
3456 2210 3653 2268 λασεῐν

2057 2320 2240 2374 κοινὸν
2281 2320 2377 2374 καὶ
2416 2317 2555 2389 πρὸς
2591 2317 2690 2387 τὴν
2716 2316 2929 2369 κτίσινο
2959 2314 3022 2367 τὸ
3056 2313 3112 2367 δὲ
3147 2311 3295 2382 ἔχειν
3324 2309 3390 2363 ὲκ
3426 2306 3650 2376 φύσεως

2059 2414 2192 2467 ίδιον
2233 2413 2326 2467 τοῦ
2372 2411 2751 2482 γεννηθέντος.
2801 2410 2891 2472 Ὠς
2937 2409 3039 2478 μὲν
3069 2404 3164 2461 οὖν
3215 2404 3373 2465 Υίδς,
3398 2400 3652 2470 φυσικῶς

2056 2508 2325 2577 κέκτηται
2356 2506 2423 2559 τὰ
2444 2504 2541 2559 τοῦ
2576 2504 2791 2573 Πατρός
2815 2520 2828 2535 ο
2862 2503 2935 2566 ὡς
2963 2503 3020 2555 δὲ
3043 2496 3377 2567 Μονογενὴς,
3403 2495 3502 2548 ὅλα
3531 2493 3650 2584 ἔχει

2055 2602 2114 2653 ὲν
2145 2598 2327 2670 ἑαυτῷ
2363 2596 2673 2660 συλλαϐὼν,
2701 2593 2917 2658 οὐδενὸς
2949 2588 3469 2661 καταμεριζομένου
3507 2584 3651 2654 πρὸς

2055 2689 2266 2761 ἕτερον.
2329 2689 2416 2755 ἘΞ
2463 2687 2638 2757 αὐτῆς
2685 2686 2869 2739 τοίνυν
2922 2684 3022 2752 τῆς
3077 2680 3203 2736 Υίοῦ
3264 2680 3651 2749 προσηγορίας

2054 2781 2439 2853 διδασκόμεθα,
2472 2783 2555 2835 ὃτι
2579 2780 2680 2850 τῆς
2706 2778 2922 2848 φύσεώς
2942 2780 3056 2832 ὲστι
3080 2773 3354 2837 κοινωνός·
3389 2770 3452 2824 οὐ
3474 2782 3653 2839 προσο

2053 2870 2298 2943 τάγματι
2353 2872 2620 2937 κτισθεὶς,
2684 2870 2803 2925 ἀλλ’
2858 2870 2923 2922 ἐκ
2967 2868 3069 2938 τῆς
3113 2867 3301 2928 οὐσίας
3350 2861 3650 2932 ἐκλάμψας

2055 2946 2416 3026 ἀδιαστάτως,
2458 2962 2704 3032 άχρόιως
2754 2959 2834 3029 τῷ
2892 2956 3068 3027 Πατρὶ
3108 2952 3480 3024 συνημμένος,
3530 2949 3653 3009 ῐσος

2056 3052 2116 3109 ἐν
2144 3053 2464 3124 άγαθότητι,
2512 3054 2627 3115 ῐσος
2672 3052 2731 3105 ὲν
2762 3049 3019 3118 δυνάμει,
3047 3046 3302 3109 κοινωνὸς
3325 3045 3429 3115 τῆς
3460 3043 3650 3111 δόξης.

2059 3149 2169 3201 Καὶ
2200 3146 2254 3199 τί
2285 3145 2415 3216 γὰρ,
2442 3144 2560 3198 ἀλλ’
2595 3144 2630 3216 ἢ
2672 3141 2911 3213 σφραγὶς
2936 3141 3032 3194 καὶ
3062 3138 3253 3204 εἰκὼν,
3285 3137 3415 3211 ὅλον-
3436 3136 3495 3188 ἓν
3518 3134 3653 3187 ἑαυο

2055 3239 2132 3312 τῷ
2170 3238 2387 3300 δεικνὺς
2433 3236 2525 3289 τὸν
2567 3237 2818 3308 Πατέρα;
2855 3235 2999 3288 Ὅσα
3047 3231 3104 3284 δέ
3157 3246 3241 3283 σοι
3291 3226 3431 3298 μετὰ
3471 3226 3653 3280 ταῦτα

2058 3330 2165 3386 ἀπὸ
2207 3330 2306 3400 τῆς
2357 3329 2684 3399 σωματικῆς
2736 3324 3088 3393 κατασκευῆς
3137 3322 3450 3389 διαλέγεται
3479 3357 3494 3382 ,
3541 3319 3653 3388 τὴν

2055 3427 2164 3480 τῶν
2200 3422 2506 3496 ἀνθρώπων
2538 3421 2815 3491 σωτηρίαν
2845 3417 3173 3487 οἰκονομῶν,
3227 3416 3295 3486 ἢν
3323 3412 3413 3467 διὰ
3438 3411 3653 3482 σαρκὸς

2058 3517 2349 3588 ἐπιφανεὶς
2399 3516 2534 3585 ἡμῖν
2577 3511 2914 3577 ἐπεδείξατο,
2954 3508 3427 3578 ἁποστελλόμενον
3466 3504 3653 3574 λέγων

2058 3611 2272 3675 ἑαυτὸν,
2314 3609 2409 3662 καὶ
2435 3607 2604 3678 μηδὲν
2628 3605 2931 3675 δυνάμενον
2960 3604 3052 3671 ἀφ’
3081 3600 3278 3656 ἑαυτοῦ
3309 3601 3513 3661 ποιεῖν,
3552 3597 3653 3651 καὶ

2057 3705 2281 3776 ἐντολὴν
2310 3686 2566 3765 λαϐόντα,
2595 3697 2692 3754 aiat
2736 3701 2838 3753 ὅσα
2865 3696 3109 3763 τοιαῦτα,
3141 3697 3214 3767 μή
3244 3712 3327 3748 σοι
3356 3692 3656 3764 παρεχέτω

2058 3796 2313 3867 ἀφορμὰς
2369 3793 2509 3864 πρὸς
2542 3794 2603 3845 τδ
2638 3789 3110 3861 κατασμικρύνειν
3152 3786 3248 3841 τοῦ
3296 3782 3655 3852 Μονογινοῦς

2057 3887 2156 3959 τὴν
2185 3886 2436 3956 θεότητα.
2464 3884 2538 3938 Οὑ
2563 3884 2671 3953 γάρ
2696 3882 2726 3952 ἡ
2755 3881 2890 3947 πρὸς
2914 3882 2973 3933 τὸ
3005 3879 3095 3933 σὶν
3116 3876 3341 3939 ἀσθενὲς
3368 3872 3655 3945 συγκατά-’δ

2059 3980 2217 4042 ὁασις
2243 3978 2539 4037 ἐλάττωσις
2575 3975 2779 4042 ὀφείλει
2812 3971 3058 4039 γίνεσθαι
3092 3973 3189 4041 τῆς
3222 3968 3380 4033 ἀξίας
3427 3966 3521 4020 τοῦ
3552 3966 3653 4019 δυ-

2061 4070 2255 4124 νατοῦ·
2284 4070 2421 4122 ἀλλὰ
2458 4067 2557 4137 τὴν
2593 4068 2691 4134 μὲν
2742 4064 2906 4133 φύσιν
2945 4065 3057 4115 νόει
3109 4061 3457 4132 θεοπρεπῶς,
3490 4061 3561 4113 τὰ
3591 4056 3654 4111 δὲ

2058 4158 2419 4228 ταπεινότερα
2450 4157 2559 4209 τῶν
2597 4155 2858 4226 ῥημάτων
2890 4154 3045 4222 δέχου
3089 4152 3474 4222 οἰκονομικῶς.
3512 4150 3655 4221 Περὶ

2059 4249 2134 4306 ὧν
2176 4253 2223 4304 εί
2285 4249 2683 4321 βουληθείημεν
2718 4248 2775 4299 ὲν
2807 4246 2883 4317 τῷ
2920 4247 3147 4317 παρόντι
3181 4245 3653 4315 πρὶςάκρίϐειαιο

2057 4342 2389 4413 διηγεῖσθαι,
2431 4339 2695 4408 λάθοιμεν
2735 4339 2802 4391 ἂν
2847 4332 3075 4403 ἑαυτοὺς
3120 4339 3254 4391 πολύ
3294 4338 3346 4391 τι
3382 4342 3475 4392 καὶ
3507 4338 3653 4391 ἀπέ-

2062 4455 2257 4510 ραντον
2316 4433 2519 4503 πλῆθος
2563 4431 2739 4499 λόγων
2801 4433 3192 4500 ἐπεισάγοντες
3228 4434 3295 4502 τῇ
3359 4431 3652 4487 ὑποθέσει.

2071 4528 2212 4583 Ἀλλ’
2273 4528 2367 4579 ἐπὶ
2415 4526 2477 4578 τὸ
2526 4526 2890 4596 προκείμενον
2937 4526 3268 4596 ὲπανίὼμεν.
3328 4525 3452 4578 Ὀτι
3524 4525 3653 4579 διὰ-

373 4620 802 4687 οκριιτειιτονοι
865 4612 929 4667 iis
988 4629 1109 4682 qua:
1162 4624 1346 4669 creata
1421 4626 1549 4671 sunt
1603 4620 1950 4686 posthabitis,

2059 4638 2177 4675 νοια
2200 4622 2234 4689 ή
2273 4618 2565 4688 δυνηθεῖσα
2605 4618 2713 4669 τῶν
2741 4634 2799 4669 τε
2842 4618 3044 4671 omam
3081 4617 3422 4689 καθαρεῦσαι
3454 4618 3654 4673 παθῶν

374 4720 443 4759 ex
496 4703 770 4774 profundo
838 4705 904 4759 ad
963 4720 1162 4775 supera
1212 4707 1377 4776 piscis
1431 4708 1601 4763 instar
1649 4725 1954 4779 emergere,

372 4796 427 4849 in
494 4812 557 4850 ea
608 4798 866 4866 puritate,
941 4812 1049 4866 qua
1081 4799 1337 4853 conditus
1392 4808 1499 4863 est,
1538 4801 1696 4864 situs,
1753 4802 1960 4855 videbit

370 4889 485 4944 illic
517 4905 639 4943 esse
671 4889 939 4959 Spiritum
981 4901 1257 4955 sanctum,
1320 4891 1411 4944 ubi
1445 4890 1639 4955 Filius,
1702 4902 1759 4946 ct
1796 4892 1959 4948 Pater

370 4993 475 5048 est,
533 4983 827 5038 habentem
860 4994 915 5037 et
956 4982 1134 5051 ipsum
1172 4983 1357 5036 omnia
1403 4984 1766 5052 coniunctim,
1811 4994 1866 5040 et
1892 5001 1959 5040 ex

327 5069 592 5151 piatum,
640 5077 966 5141 bonitatem,
1014 5075 1419 5141 rectitudinem,
1464 5077 1836 5141 sanctitatem,
1874 5079 1959 5133 vi—

309 5156 480 5240 xilam
523 5185 539 5224 :
584 5168 824 5239 Spiritus
886 5168 1059 5232 enim,
1090 5167 1288 5237 inquit,
1323 5176 1450 5222 tuus
1497 5168 1586 5224 ille
1642 5169 1852 5235 bonus,
1907 5181 1962 5248 et

370 5247 609 5335 Spiritus
653 5256 858 5325 rectus,
888 5270 943 5314 et
975 5259 1211 5329 Spiritus
1252 5271 1399 5327 tuus,
1428 5262 1576 5315 illum
1602 5274 1870 5321 sanctum.
1898 5266 1960 5321 Et

282 5339 306 5345 ’ν
368 5356 451 5411 lex
506 5354 745 5425 Spiritus
802 5352 949 5415 vitae,
995 5350 1197 5407 Paulus
1243 5350 1340 5406 ait.
1389 5352 1633 5418 Quorum
1687 5355 1824 5410 nihil
1858 5357 1960 5428 ipsi

369 5457 750 5519 comparatum
795 5455 898 5509 est,
962 5452 1058 5499 aut
1112 5445 1384 5514 posterius
1428 5448 1784 5516 adjunctum,
1855 5450 1952 5506 sed

370 5537 835 5610 quemadmodum
898 5550 1001 5590 nec
1047 5535 1399 5591 calefaciendi
1440 5539 1521 5592 vis
1552 5540 1619 5593 ab
1666 5540 1810 5610 igne,
1850 5556 1953 5595 nec

368 5631 635 5702 splendor
671 5646 700 5683 a
748 5629 871 5683 luce
906 5628 1151 5699 separari
1185 5639 1386 5700 potest,
1429 5631 1507 5685 sic
1536 5648 1565 5687 a
1612 5631 1819 5703 Spiritu
1854 5651 1953 5690 ncc

369 5723 635 5778 sanctitas
670 5721 907 5791 scjuugi,
945 5736 1047 5776 nec
1093 5722 1329 5789 benitas,
1366 5739 1469 5779 nec
1496 5727 1788 5783 rectitude.
1841 5727 1951 5783 Illic

369 5814 500 5886 Ergo
529 5814 785 5870 consistit
837 5814 1109 5886 Spiritus,
1145 5815 1253 5873 illic
1295 5817 1351 5871 in
1386 5817 1544 5875 beata
1572 5830 1810 5889 natura.,
1851 5837 1949 5877 nec

447 5908 494 5961 δε
518 5932 669 5988 tuan.
698 5948 804 5999 δτι,
840 5932 923 5988 15'.
968 5931 1008 5965 "
1044 5936 1198 5990 Joan.
1241 5949 1279 6001 ι,
1316 5935 1399 5989 Η.

2057 4710 2154 4764 καὶ
2183 4711 2284 4776 τὴν
2327 4707 2525 4777 νοητὴν
2576 4708 2751 4762 κτίσιν
2796 4711 2978 4763 πᾶσαν
3016 4711 3361 4774 καταλιπεῖν,
3395 4712 3493 4764 καὶ
3536 4709 3655 4764 οἷόν

2056 4819 2140 4864 τις
2198 4799 2351 4869 ἰχθὺς
2402 4800 2512 4851 ἀπὸ
2571 4800 2663 4852 τοῦ
2716 4800 2881 4868 βυθοῦ
2932 4803 3069 4873 πρὸς
3127 4802 3227 4870 τὴν
3274 4804 3389 4857 ἄνω
3440 4803 3656 4873 ἐπιφά-

2059 4910 2211 4947 νειαν
2269 4891 2662 4958 ἁνανήξασθαι,
2692 4895 2751 4944 ἐν
2780 4893 2857 4962 τῷ
2906 4894 3133 4963 καθαρῷ
3162 4894 3261 4963 τῆς
3298 4895 3532 4960 κτίσεως
3557 4913 3657 4964 γε·

2057 4987 2282 5055 νομένη.
2346 4986 2464 5036 ἐκεῖ
2522 4983 2712 5053 ὄψεται
2760 4986 2822 5037 τὸ
2883 4984 3106 5055 Πνεῦμα
3162 4986 3224 5038 τὸ
3280 4986 3462 5054 ἆγιον,
3511 4990 3655 5041 ὅπου

2060 5076 2212 5139 Υἱὸς,
2242 5075 2338 5128 καὶ
2376 5075 2512 5129 ὅπου
2541 5076 2753 5144 Πατὴρ,
2787 5073 2969 5127 πάντα
3007 5073 3130 5143 ἔχον
3160 5075 3256 5128 καὶ
3288 5075 3423 5128 αὐτὸ
3455 5093 3657 5129 συνου-

2060 5167 2346 5237 σιωμὲιως
2396 5168 2538 5220 κατὰ
2580 5165 2677 5236 τὴν
2718 5164 2903 5234 φύσιν,
2935 5165 3036 5233 τὴν
3063 5164 3398 5236 ἀγαθότητα,
3434 5167 3539 5237 τὴν
3564 5168 3657 5220 εὐ-

2060 5262 2286 5332 θύτητα,
2320 5262 2411 5314 τὸν
2460 5261 2755 5329 ἁγιασμδν,
2803 5259 2901 5328 τὴν
2932 5258 3100 5327 ζωήν.
3148 5260 3217 5312 Τὸ
3247 5258 3499 5330 Πνεῦμα
3525 5261 3657 5332 ,γάρ

2061 5373 2203 5417 σου,
2236 5354 2425 5423 φησιν,
2459 5355 2523 5406 τὸ
2553 5353 2777 5421 ἀγαθόν
2800 5365 2814 5380 ·
2842 5349 2938 5402 καὶ
2967 5349 3150 5413 πάλιν,
3182 5352 3429 5420 Πνεῦμα
3448 5354 3653 5420 searc-

2062 5451 2158 5502 καὶ
2204 5446 2383 5508 πάλιν,
2438 5444 2509 5497 Τὸ
2555 5441 2800 5510 Πνεῦμα
2829 5439 2897 5493 τὸ
2926 5439 3116 5509 ἅγιον.
3158 5442 3269 5495 Καὶ
3316 5442 3345 5492 ὁ
3393 5444 3658 5497 Ἀπόστο-

2061 5540 2192 5603 λοςο
2240 5539 2303 5591 '0
2350 5537 2535 5606 νόμος
2588 5534 2692 5589 τοῦ
2754 5536 3101 5603 Πνεῦματος
3144 5533 3251 5603 τῆς
3285 5535 3461 5603 ζωῆς.
3515 5537 3658 5591 Τοῦ.

2062 5649 2171 5685 των
2223 5630 2377 5683 οὐδὲν
2423 5628 2720 5696 ἐπίκτητον
2777 5626 2946 5697 αὐτῷ,
2979 5627 3099 5680 οὐδὲ
3140 5627 3368 5699 ὕστερον
3393 5632 3656 5698 ἐπιγενό-

2067 5740 2231 5795 μενον
2259 5722 2579 5793 πρόσεστιν·
2615 5719 2728 5773 ἀλλ’
2763 5718 2951 5788 ὥσπερ
2985 5720 3288 5789 ἀχώριστον
3319 5721 3397 5789 τῷ
3429 5723 3567 5793 πυρὶ
3591 5722 3658 5775 τδ

2061 5815 2397 5889 θερμαίν;ιν,
2445 5815 2537 5868 καὶ⁷
2581 5813 2656 5885 τῷ
2684 5811 2822 5882 φωτὶ
2852 5812 2911 5865 τὸ
2958 5812 3194 5882 λάμπειν
3218 5828 3233 5846 υ
3271 5810 3415 5868 οὕτω
3447 5814 3545 5870 καὶ
3574 5815 3656 5887 τῷ
