3984 6578
531 472 606 534 οει
1763 460 2146 535 EUTH’YMII
2188 459 2550 533 ZlGABENI
3743 470 3818 534 et

536 570 665 637 lizec
695 580 969 652 quomodo
999 581 1209 652 possint
1254 584 1551 652 enuntiari,
1586 589 1645 641 ut
1680 590 1800 657 qua:
1852 588 2108 643 sensibus

2229 584 2382 637 εαῦτα
2441 583 2747 647 καλέσειεν,
2802 581 3019 650 ἀφελὼν
3070 581 3244 654 πάντη
3319 583 3430 638 τῶν
3490 586 3815 656 ὁρωμένων.

536 683 666 730 sunt
693 664 952 739 obnoxia,
982 688 1091 728 non
1119 686 1437 740 occurrant,
1468 677 1718 745 equidem
1778 679 1987 733 nescio.
2052 680 2118 733 Et

535 767 695 835 paulo
721 773 833 834 post
866 782 884 820 :
917 766 1266 836 Quapmpter
1300 776 1359 821 ut
1409 767 1548 822 intra
1582 780 1801 824 nostros
1856 771 2120 826 terminos

537 857 927 922 consistamus,
962 858 1176 913 Patrem
1217 859 1545 927 ingenitum,
1602 860 1796 915 Filium
1849 862 2117 933 genitum,

538 947 829 1017 Spiritum,
880 947 1343 1016 quemadmodum
1411 948 1643 1017 ipsemet
1700 948 1866 1011 Deus,
1922 959 1978 1003 et
2028 949 2118 1004 Dei

547 1034 778 1091 Verbum
800 1037 1003 1092 alicubi
1029 1038 1183 1102 dicit,
1212 1053 1240 1091 a
1266 1036 1422 1092 Patre
1461 1039 1845 1108 procedentem
1906 1040 2120 1094 induci-

541 1144 680 1181 mus.
711 1128 939 1193 Quando
966 1130 1152 1199 igitur,
1204 1130 1441 1201 inquies,
1506 1130 1604 1183 bi?
1648 1132 1951 1201 Antequam
2014 1132 2119 1186 ulla

538 1230 682 1276 esset
721 1222 980 1291 temporis
1037 1222 1177 1277 ratio
1210 1239 1225 1277 :
1259 1232 1331 1288 et,
1365 1223 1408 1277 si
1438 1223 1562 1277 licet
1592 1224 1910 1292 ichnilltcr
1944 1224 2119 1293 loqui,

535 1314 758 1382 quando
797 1323 851 1368 et
883 1304 1065 1369 i’atcr.
1120 1316 1214 1368 Sin
1266 1331 1461 1386 pergas
1513 1321 1781 1384 qumt‘ere,
1833 1317 2120 1385 ecquando

537 1404 741 1459 Pater?
776 1422 899 1461 eum
936 1422 1217 1475 nunquam
1274 1423 1379 1460 non
1415 1408 1584 1462 fuisse
1660 1408 2028 1478 respondi-bo,
2064 1417 2122 1463 ut

537 1499 683 1553 idem
716 1499 782 1552 de
808 1497 943 1552 Filio
992 1499 1155 1552 etiam
1204 1499 1494 1570 intelligas,
1543 1507 1595 1553 et
1647 1497 1853 1567 Spiritu
1910 1512 2119 1555 sancto.

444 1582 455 1589 ”
539 1590 695 1657 Quod
722 1590 764 1644 si
801 1606 1017 1643 rursum
1052 1589 1377 1661 interroges.
1430 1589 1647 1658 quando
1673 1588 1844 1643 Filius
1908 1590 2124 1659 genitus

534 1680 718 1740 fuerit,
756 1681 991 1734 audiesa
1025 1694 1131 1745 me,
1160 1688 1297 1743 tum,
1334 1695 1459 1734 cum
1493 1696 1604 1733 non
1640 1690 1723 1735 est
1754 1680 1972 1749 genitus
2020 1680 2124 1733 Pa-

537 1779 643 1826 ter.
673 1771 901 1836 Quando
932 1772 1263 1841 processerit
1296 1769 1556 1839 Spiritus,
1605 1786 1730 1824 cum
1787 1771 1902 1841 ipse
1954 1770 2124 1826 Filius

533 1878 643 1918 non
674 1863 959 1933 processit,
993 1863 1087 1918 sed
1117 1864 1237 1918 sine
1277 1872 1524 1932 tempore
1550 1863 1767 1933 genitus
1796 1871 1879 1916 est
1911 1863 2124 1917 ratione

2224 681 2332 735 Καὶ
2365 680 2495 749 μετ’
2527 680 2706 747 ὀλίγα
2726 696 2740 710 ·
2781 680 2879 731 Διά
2913 680 3070 733 τοῦτο
3101 680 3192 732 ἐπὶ
3214 679 3322 732 τῶν
3353 679 3639 749 ἡμετέρων
3671 677 3819 748 ὅρων

2223 774 2505 842 ἱστάμενοι
2541 773 2600 826 τό
2641 772 2938 841 ἀγέννητον
2964 773 3280 840 εἰσάγομεν,
3308 772 3403 825 καὶ
3433 771 3495 825 τὸ
3530 772 3819 842 γεννητὸνο

2222 871 2317 922 καὶ
2347 868 2407 922 τὸ
2450 870 2512 921 ἐκ
2548 866 2644 921 τοῦ
2686 868 2898 936 Πατρ⁵›ς
2925 867 3383 937 ἐκπορευόμενον,
3410 864 3485 929 ὥς
3512 865 3615 918 πού
3646 882 3822 933 φησιν

2222 963 2249 1013 6
2291 962 2452 1023 αύτ³ς
2498 961 2630 1022 Θεδς
2686 962 2775 1011 καὶ
2818 960 3011 1027 Λόγος.
3058 960 3195 1012 Πότε
3236 958 3328 1011 οῦν
3369 957 3579 1022 ταῦτα;
3639 956 3821 1025 ’Υπὲρ

2224 1052 2286 1104 τὸ
2320 1053 2447 1106 πότε
2474 1052 2669 1105 ταῦτα.
2705 1052 2766 1104 Ei
2793 1051 2848 1103 δὲ
2876 1052 2957 1103 δεῖ
2988 1068 3041 1103 τι
3072 1051 3167 1102 καὶ
3197 1051 3459 1111 νεανικῶς
3493 1049 3689 1108 εἰπεῖν,
3726 1049 3822 1100 ὅτε

2222 1146 2250 1196 6
2279 1146 2489 1213 Πατήρ.
2546 1144 2685 1196 Πότε
2744 1143 2799 1195 δὲ
2843 1144 2870 1195 6
2918 1141 3106 1211 Πατὴρ
3156 1141 3255 1194 ούκ
3299 1137 3408 1211 ἧνς
3449 1140 3573 1193 Ὀτε
3599 1140 3700 1191 ούκ
3723 1134 3819 1207 ἦν.

2224 1234 2396 1287 Τοῦτο
2441 1232 2534 1286 οὖν
2582 1235 2677 1285 καὶ
2728 1234 2755 1285 6
2806 1232 2957 1294 Υἱὸς,
2992 1233 3083 1285 καὶ
3136 1234 3195 1284 τὸ
3247 1230 3472 1298 Πνεῦμα
3530 1232 3589 1282 τ’,
3638 1229 3822 1295 ἅγιον.

2227 1326 2397 1379 Πάλιν
2442 1325 2619 1395 ἐρώτα
2659 1342 2746 1394 με,
2775 1325 2869 1376 καὶ
2897 1325 3059 1377 πάλιν
3092 1322 3497 1391 ἀποκρινοῦμαί
3528 1339 3647 1374 σοι·
3687 1321 3777 1373 πόν
3798 1339 3825 1375 ε

2224 1419 2252 1470 6
2284 1418 2414 1479 Υἱὸς
2463 1416 2820 1486 γεγέννηται;
2869 1414 3001 1469 Ὅτε
3048 1419 3075 1470 6
3118 1415 3304 1485 Πατὴρ
3350 1416 3411 1469 ού
3467 1416 3825 1483 γεγέννηται.

2232 1510 2369 1565 Πότε
2394 1510 2449 1564 δὲ
2496 1511 2557 1563 τὸ
2610 1510 2831 1579 Πνεῦμα
2875 1508 3275 1579 ἑκπορεύεταις
3308 1510 3439 1561 Ὅτε
3487 1509 3514 1560 6
3552 1509 3682 1570 Υἱὸς
3719 1509 3824 1560 οὐκ

2226 1604 2649 1671 ὲκπεπόρευται,
2698 1602 2834 1656 ἀλλά
2881 1603 3207 1671 γεγέννηται
3264 1601 3507 1672 ὁχρόνως
3553 1600 3649 1653 καὶ
3681 1599 3824 1669 ὑπὲρ

2225 1696 2402 1764 λόγον,
2432 1696 2479 1747 εἰ
2516 1696 2608 1747 καὶ
2644 1694 2721 1765 μὴ
2750 1691 3028 1763 δυνάμεθα
3056 1695 3117 1746 τὸ
3143 1694 3284 1764 ὑπὲρ
3308 1693 3500 1763 χρόνον
3537 1691 3827 1759 παραττῆι

2228 1806 2321 1841 σαι
2375 1787 2622 1850 Θέλοντες
2666 1788 2927 1857 ἐκφυγεῖν
2975 1786 3237 1857 χρονικην
3277 1787 3539 1856 ἔμφασιν.
3590 1783 3665 1837 Τό
3710 1784 3824 1854 γὰρ

2225 1880 2340 1942 ὅτε,
2387 1878 2484 1933 καὶ
2537 1879 2678 1947 μετά
2722 1878 2918 1942 ταῦτα,
2960 1880 3054 1933 καὶ
3087 1878 3183 1932 ἀπ’
3230 1878 3429 1948 ἀρχῆς,
3464 1880 3565 1932 ούκ
3590 1878 3824 1946 ἄχρονα,

536 1954 934 2023 inexpilrabili.
962 1954 1283 2024 Quanquam
1320 1955 1448 2009 dum
1482 1956 1743 2024 temporis
1767 1954 2119 2026 signiﬁcatio-

2229 1971 2327 2025 κᾶν
2366 1971 2447 2024 ὅτι
2495 1970 2734 2041 μάλιστα
2784 1970 3125 2040 βιαζώμεϐα*
3161 1969 3301 2041 πλὴν
3340 1972 3388 2023 εί
3436 1970 3493 2023 τὸ
3524 1979 3829 2040 παρεκτει-

535 2060 662 2099 nem
716 2044 1027 2115 ellug'mus,
1085 2046 1213 2102 licet
1258 2047 1437 2102 verbis
1489 2047 1595 2101 vim
1629 2049 1941 2113 aliut-amns,
2007 2063 2118 2102 non

535 2149 831 2205 possumus
859 2146 1041 2192 tamen
1067 2137 1296 2208 aliquid.
1355 2139 1500 2208 quod
1527 2154 1691 2208 supra
1749 2148 1964 2208 tempus
2023 2138 2117 2205 sit,

532 2229 893 2284 constituere.
929 2228 1212 2298 Siquidem
1245 2231 1349 2285 illae
1373 2247 1581 2287 voces:
1616 2253 1633 2284 ι
1667 2233 1910 2309 quando,
1968 2243 2118 2300 ante,

534 2328 677 2385 post,
716 2330 771 2375 et
793 2321 861 2375 ab
885 2323 1062 2387 initio,
1100 2341 1118 2374 ›
1174 2324 1437 2393 temporis
1492 2340 1603 2379 non
1666 2334 1796 2380 sunt
1845 2334 2118 2396 expertes.

532 2408 783 2478 Spatium
812 2412 980 2483 igitur
1011 2413 1163 2480 illud,
1190 2414 1337 2483 quod
1367 2415 1661 2471 duratione
1695 2430 1791 2471 sua
1828 2417 2123 2485 respondet

534 2504 911 2571 sempiternis,
957 2506 1211 2575 quodque
1238 2523 1341 2562 nec
1378 2507 1522 2561 ullus
1573 2518 1777 2574 motus,
1834 2524 1938 2563 nec
1996 2508 2126 2563 solis

536 2612 735 2651 cursus
762 2598 954 2653 dividit
1009 2600 1500 2672 autdimetitur(id
1543 2603 1687 2671 quod
1742 2603 1939 2658 accidit
1991 2612 2127 2657 tem—

541 2686 688 2758 pori)
718 2692 976 2745 saeculum
998 2693 1358 2763 appellemus.
1377 2695 1657 2761 Quomodo
1683 2696 1866 2767 igitur,
1890 2697 2126 2765 inquies,

543 2780 737 2847 Filius,
770 2792 824 2837 et
859 2785 1115 2854 Spiritus,
1138 2804 1262 2843 cum
1292 2788 1421 2853 sint,
1452 2788 1912 2858 quemadmodum
1938 2789 2114 2853 Pater,

536 2877 877 2943 sempiterni,
909 2895 1012 2934 non
1036 2890 1165 2933 sunt
1196 2879 1544 2942 ctiam,sicut
1581 2880 1694 2943 illc,
1742 2882 1861 2935 sine
1915 2879 2120 2950 princio

536 2965 724 3033 cipio?
762 2968 1027 3035 Quoniam
1062 2986 1129 3024 ex
1157 2971 1252 3025 illo
1278 2980 1427 3033 sunt,
1464 2971 1591 3026 licet
1640 2980 1764 3040 post
1808 2971 1957 3025 illum
2009 2988 2120 3028 non

2226 2062 2450 2131 νόμενον
2479 2064 2592 2125 τοῖς
2645 2061 2836 2125 ἀϊδίοις
2874 2061 3147 2131 διάστημα
3171 2061 3267 2114 τὸν
3312 2061 3483 2114 αἰῶνα
3517 2060 3830 2128 λαμϐάνοι-

2230 2172 2351 2225 μεν,
2379 2154 2439 2209 τὸ
2471 2153 2545 2226 μὴ
2571 2155 2787 2224 κινήσει
2813 2155 2941 2218 τινὶ,
2976 2154 3111 2225 μηδὲ
3147 2153 3300 2226 ἡλίου
3347 2153 3489 2223 φορᾷ
3522 2151 3828 2223 μεριζόμε-

2225 2265 2316 2301 ιο)
2345 2249 2439 2302 καὶ⁵
2491 2248 2878 2318 μετρούμενον,
2910 2248 3052 2319 ὅπερ
3089 2250 3118 2302 6
3159 2249 3369 2318 χρόνος.
3433 2246 3553 2309 Πῶς
3614 2244 3709 2298 οῦν
3760 2244 3828 2297 οὐ

2232 2342 2569 2411 συνάναρχα,
2599 2341 2648 2394 εί
2673 2340 2957 2406 συναῖδια;
2988 2342 3108 2394 Ὅτι
3134 2341 3369 2403 ἐκεῖθεν,
3396 2338 3444 2392 εἰ
3479 2338 3572 2391 καὶ
3596 2336 3673 2408 μὴ
3704 2334 3831 2403 μετ’

2230 2432 2457 2486 ἐκεῖνον.
2490 2432 2563 2486 Τὸ
2590 2432 2691 2500 μὶν
2717 2431 2828 2503 γὰρ
2858 2431 3096 2502 ἄναρχον
3116 2434 3211 2486 καὶ
3238 2432 3407 2486 ἀΐδιον
3427 2448 3443 2465 ο
3477 2431 3538 2483 τὸ
3566 2431 3622 2484 δὲ
3650 2430 3829 2482 ἀΐδιον

2226 2523 2286 2576 ού
2336 2524 2553 2586 πάντως
2601 2524 2855 2593 ἄναρχον,
2906 2523 3011 2585 ἓως
3051 2524 3117 2577 ἂν
3164 2524 3243 2585 είς
3279 2522 3452 2594 ἀρχὴν
3481 2522 3830 2591 ἀναφέρηται

2226 2614 2317 2668 τὸν
2370 2614 2591 2685 Πατέρα
2611 2631 2624 2646 ·
2665 2615 2765 2668 οὐκ
2796 2616 3007 2686 ἀναρχα
3036 2610 3131 2668 οῦν
3159 2614 3238 2686 τῷ
3272 2617 3451 2684 αἰτίῳ.
3483 2614 3652 2682 Δῆλον
3673 2614 3729 2665 δὲ
3766 2612 3832 2664 τὸ
3852 2651 3868 2662 .

2232 2706 2428 2771 αἴτιον,
2458 2707 2533 2770 ὼς
2559 2707 2619 2761 ού
2652 2708 2873 2772 πάντως
2913 2709 3283 2781 πρεσϐύτερον
3312 2710 3421 2760 τῶν
3451 2701 3526 2760 ὧν
3555 2708 3702 2759 ἐστιν
3733 2704 3829 2757 αῖ-

2226 2816 2360 2853 τιον’
2392 2800 2513 2853 οὐδὲ
2548 2800 2655 2870 γὰρ
2696 2800 2789 2854 τοῦ
2824 2802 3000 2870 φωτὸς
3031 2802 3213 2871 ἥλιος·
3239 2801 3333 2855 καὶ
3364 2799 3573 2869 ἄναρχά
3598 2814 3715 2860 πως
3747 2795 3832 2864 τῷ

2226 2892 2424 2961 χρόνῳ,
2472 2891 2575 2945 κᾶν
2612 2894 2677 2946 σὺ
2728 2892 3079 2964 μορμολύττῃ
3107 2894 3229 2956 τοὺς
3275 2891 3700 2961 ἁπλουστέρους.
3747 2888 3830 2942 Οὐ

2234 2981 2344 3051 γὰρ
2378 2982 2482 3034 ύπδ
2508 2983 2700 3054 χρόνον
2720 2983 2790 3037 τὰ
2820 2983 2877 3049 ἐξ
2905 2976 2980 3036 ὧν
3020 2984 3047 3036 6
3075 2982 3288 3054 χρόνος.

538 3062 672 3117 sint.
731 3059 885 3126 Quod
944 3065 1095 3118 enim
1152 3066 1425 3134 principio
1491 3075 1658 3127 caret,
1712 3074 1979 3122 aeternum
2036 3080 2167 3129 est:
2229 3076 2375 3144 quod
2406 3086 2589 3132 autem
2640 3088 2927 3143 ater-num,
2989 3094 3096 3133 non
3148 3078 3413 3134 centinuo
3488 3084 3575 3133 est
3629 3090 3835 3146 expers

537 3160 814 3229 principii.
883 3159 967 3215 Ad
1029 3161 1361 3232 principium
1425 3163 1596 3225 enim,
1638 3163 1784 3232 quod
1836 3175 1920 3220 est
1976 3167 2158 3236 Pater,
2194 3171 2529 3239 referuntur,
2578 3176 2833 3243 quocirca
2888 3173 3145 3244 principii
3185 3188 3297 3227 non
3352 3181 3482 3228 sunt
3543 3182 3829 3240 expertes.

533 3252 654 3308 13m
712 3252 846 3308 ίῙίυά
907 3266 1144 3319 οοηειαῐ.
1203 3271 1314 3310 non
1377 3270 1598 3310 omnem
1659 3272 1899 3315 causam.
1960 3258 2029 3314 iis
2095 3277 2328 3330 quorum
2384 3278 2548 3321 causa
2581 3268 2672 3333 sit,
2708 3269 3071 3339 antiquiorem
3102 3283 3242 3333 esse,
3278 3265 3636 3335 nequeenim
3699 3265 3834 3318 luce

535 3348 616 3402 sol
647 3356 731 3402 cst
763 3348 1062 3418 antiquior.
1091 3350 1161 3404 At
1188 3350 1231 3405 si
1290 3352 1504 3419 tempus
1544 3351 1828 3421 respicias,
1882 3353 2051 3409 Filius
2116 3365 2175 3410 et
2233 3358 2471 3428 Spiritus
2523 3369 2747 3416 sanctus
2810 3363 3039 3432 perinde
3107 3372 3273 3429 atque
3339 3357 3502 3412 Pater
3550 3354 3835 3427 principio

535 3451 756 3509 vacant,
780 3443 1105 3511 quamvistu
1136 3442 1498 3512 simpliciores
1542 3442 1981 3512 pcrtcrrciacias.
2029 3445 2165 3501 Nam
2224 3452 2490 3521 temporis
2528 3462 2782 3508 auctores
2816 3453 2916 3523 ipsi
2953 3452 3183 3522 tempori
3237 3466 3349 3506 non
3398 3458 3526 3505 sunt
3564 3448 3831 3518 subiectio

537 3562 793 3631 Ejusdem
833 3578 897 3617 ea:
928 3562 1166 3616 oratione
1208 3558 1271 3616 de
1290 3562 1538 3631 dogmate
1571 3565 1619 3616 el
1668 3567 1815 3614 statu
1863 3564 2123 3632 episeopo-

2245 3564 2350 3619 Ἐκ
2402 3564 2510 3620 τοῦ
2540 3567 2729 3636 λόγου
2763 3566 2869 3620 τοῦ
2924 3566 3058 3632 περὶ
3115 3565 3433 3633 δόγματος.
3488 3562 3589 3616 καί
3638 3579 3833 3617 κατα-

1327 3648 1468 3686 rum.

607 3727 914 3785 Adoramus
949 3728 1116 3799 igitur
1168 3726 1411 3791 Patrem,
1445 3734 1501 3783 et
1561 3727 1781 3792 Filium,
1836 3736 1894 3783 et
1950 3725 2127 3798 Spirio

540 3831 654 3875 tum
686 3830 957 3887 sanctum,
982 3825 1038 3875 et
1061 3819 1422 3889 proprietates
1458 3820 1529 3873 ita
1556 3817 1855 3874 dividimus
1876 3861 1890 3884 ,
1930 3828 1991 3874 ut
2044 3818 2127 3872 di-

539 3896 823 3969 vinitatem
860 3929 1023 3967 unam
1050 3927 1171 3968 esse
1198 3912 1462 3967 dicamus.
1490 3910 1680 3981 Neque
1726 3910 1827 3967 tria
1866 3912 1922 3966 in
1956 3928 2127 3967 unum

539 4005 942 4069 contrahimus,
993 4019 1066 4059 ne
1106 4004 1327 4060 Sabellii
1384 4003 1576 4059 morbo
1625 4003 1972 4058 laboremus:
2024 4019 2130 4060 nec

541 4112 707 4150 unum
750 4098 803 4151 in
847 4098 946 4151 tria
975 4097 1188 4152 diversa
1239 4096 1523 4165 alienaque
1584 4096 1907 4160 scindimus,
1945 4110 2016 4149 ne
2071 4096 2128 4151 in

542 4190 660 4245 Arii
690 4190 931 4245 furorem
988 4190 1313 4245 incidamus.
1343 4187 1485 4255 Quid
1528 4190 1675 4242 enim
1735 4188 1950 4253 attinet,
2011 4198 2130 4243 tan-

540 4300 702 4353 quam
746 4284 984 4354 plantam
1028 4284 1083 4337 in
1142 4283 1366 4337 alteram
1438 4290 1647 4351 partem
1716 4281 2031 4337 inclinatam
2073 4290 2130 4337 et

540 4392 769 4447 prorsus
804 4378 1083 4431 incurvam
1117 4376 1170 4430 vi
1201 4377 1253 4430 in
1312 4386 1516 4446 partem
1558 4375 1886 4432 contrariam
1930 4377 2131 4433 distor-

540 4481 730 4536 quere,
762 4477 817 4521 et
845 4468 1205 4537 perversitate
1232 4465 1506 4537 corrigere
1560 4472 1998 4535 perversitatem,
2066 4481 2129 4522 ac

541 4576 648 4615 non
675 4561 856 4630 potius
879 4561 943 4614 ad
972 4560 1207 4614 medium
1235 4559 1313 4613 sic
1365 4559 1656 4625 adducere,
1709 4568 1767 4614 ut
1815 4559 1869 4613 in
1932 4559 2128 4613 divina

538 4654 764 4724 pietatis
798 4652 1044 4706 terminis
1078 4652 1484 4706 consistamus?
1512 4651 1649 4705 Cum
1692 4651 1930 4705 medinm
1983 4651 2124 4715 dico,

541 4745 825 4799 veritatem
855 4743 1119 4814 intelligo,
1142 4758 1303 4813 quam
1324 4742 1543 4812 quidem
1575 4742 1744 4797 solam
1771 4741 2126 4811 spectandam

540 4849 687 4894 recte
714 4836 1032 4902 sentiamus,
1069 4846 1126 4890 ut
1153 4845 1208 4890 et
1230 4836 1531 4905 improbam
1564 4835 2020 4895 contractionem,
2072 4840 2129 4888 et

2693 3636 2965 3701 στάσεως
2986 3637 3355 3690 ἐπισκόπων.

2300 3730 2728 3803 Προσκυνοῦμεν
2762 3725 2856 3782 οῦν
2900 3729 3143 3798 Πατέρα,
3182 3728 3275 3780 καὶ
3312 3726 3459 3787 Υἱδν,
3500 3726 3592 3778 καὶ
3644 3724 3829 3777 Πνεῦ-

2233 3838 2313 3893 μα
2340 3824 2517 3891 ἀγιον,
2557 3823 2656 3885 τάς
2698 3824 2797 3893 μὲν
2846 3820 3120 3889 ἰδιότητας
3163 3817 3513 3888 χωρίζοντες,
3569 3816 3829 3879 ἐνοῦντες

2229 3916 2287 3969 δὲ
2338 3915 2441 3986 τὴν
2486 3904 2874 3985 θεότηταβκαὶ
2924 3910 3048 3964 οὕτε
3088 3911 3167 3973 είς
3206 3908 3263 3961 ἓν
3300 3910 3370 3962 τὰ
3410 3908 3537 3977 τρία
3569 3906 3833 3959 συναλείδ

2230 4025 2428 4078 φομεν,
2458 4008 2546 4062 ἵνα
2580 4007 2655 4077 μὴ
2685 4006 2782 4076 τὴν
2824 4004 3116 4057 Σαϐελλίου
3144 4002 3299 4055 νόσον
3327 4001 3668 4070 νοσήσωμεν,
3697 3998 3834 4050 οὔτε

2229 4097 2548 4169 διαιροῦμεν
2589 4098 2668 4160 είς
2705 4097 2833 4171 τρία
2878 4095 3088 4161 ἔκφυλα
3126 4094 3222 4148 καὶ
3271 4092 3560 4162 ἀλλότρια,
3608 4091 3696 4144 ἵνα
3747 4089 3834 4161 μὴ

2229 4192 2301 4244 τὰ
2351 4190 2563 4260 Ἀρείου
2607 4188 2888 4260 μανῶμεν.
2946 4187 3012 4239 Τί
3052 4187 3160 4256 γὰρ
3214 4185 3296 4237 δεῖ
3346 4183 3602 4251 καθάπερ
3652 4182 3834 4251 φυτὸν

2232 4282 2575 4353 ἐτεροκλινὲς
2630 4283 2805 4350 πάντη
2843 4278 3233 4349 καμπτόμενον
3282 4276 3374 4347 βίᾳ
3430 4276 3691 4345 μετάγειν
3731 4273 3836 4327 ἐπὶ

2229 4364 2290 4428 τὸ
2323 4375 2508 4445 ἕτερον
2565 4373 2752 4444 μέρος,
2805 4372 3106 4441 διαστροφῇ
3138 4369 3237 4442 τὴν
3284 4367 3616 4438 διαστροφὴν
3669 4366 3834 4436 διορο

2233 4465 2553 4537 οουμένους,
2595 4464 2731 4518 ἀλλά
2771 4464 2843 4533 μὴ
2886 4462 3020 4531 πρὸς
3066 4461 3128 4515 τὸ
3174 4460 3340 4527 μέσον
3372 4457 3703 4520 εὐθύνοντας
3756 4460 3829 4511 ιν

2192 4624 2195 4629 ί
2231 4559 2380 4631 ὅροις
2416 4557 2671 4611 ἵστασθαι
2718 4554 2823 4624 τῆς
2850 4553 3200 4617 θεοσεϐείαςς
3239 4552 3537 4621 Μεσότητα
3584 4550 3640 4603 δὲ
3692 4550 3835 4605 ὅταν

2232 4655 2393 4717 εἴπω,
2440 4650 2539 4720 τὴν
2585 4649 2850 4720 ἀλήθειαν
2894 4648 3058 4716 λέγω,
3098 4646 3235 4716 πρὸς
3268 4640 3335 4715 ἣν
3372 4644 3593 4715 βλέπειν
3637 4644 3836 4711 καλῶς

2232 4740 2428 4813 ἔχομεν
2456 4740 2647 4810 μόνην,
2689 4740 2783 4793 καὶ
2812 4736 2909 4809 τὴν
2938 4737 3150 4808 φαύλην
3180 4736 3494 4805 συναίρεσιν
3522 4737 3837 4806 παραιτοῦ.

2237 4847 2411 4908 μενοι,
2470 4835 2566 4886 καὶ
2616 4835 2717 4902 τὴν
2770 4832 3124 4903 ἀτοπωτέραν
3181 4831 3478 4902 διαίρεσιν,
3552 4831 3627 4892 ὼς
3680 4829 3835 4899 μήτε

541 4931 862 4985 divisionem
889 4930 989 4985 hac
1013 4929 1129 4999 ipsa
1155 4928 1529 4984 absurdiorem
1553 4926 1841 4988 evitemus,
1878 4940 1944 4979 ne
1966 4925 2010 4978 si
2060 4925 2123 4979 ad

2234 4904 2315 4990 εἰς
2375 4924 2505 4995 μίαν
2558 4925 2861 4979 ὑπόστασιν
2918 4922 3306 4995 συναιρεθέντα
3353 4920 3444 4974 τὸν
3491 4921 3665 4990 Λόγον
3708 4920 3832 4975 δέει

542 5029 704 5076 uuam
726 5036 1007 5091 personam
1046 5035 1226 5075 sermo
1265 5019 1643 5082 contrahatur,
1698 5017 1896 5071 omissa
1950 5014 2133 5069 multi—

541 5110 667 5183 plici
694 5111 1002 5175 divinitate,
1048 5110 1195 5165 nuda
1236 5109 1396 5164 nobis
1464 5107 1684 5162 nomina
1736 5106 2129 5175 relinquamus,

536 5204 1151 5274 'clumdemquePatrem,
1174 5213 1229 5257 et
1263 5200 1479 5263 Filium,
1510 5209 1564 5255 et
1594 5207 1841 5253 sanctum
1858 5198 2124 5268 Spiritum

536 5296 892 5359 arbitremur,
928 5311 1031 5349 nec
1059 5294 1229 5364 magis
1265 5307 1432 5346 unum
1465 5305 1676 5354 omnes,
1710 5304 1871 5359 quam
1927 5303 2129 5343 unum-

541 5394 811 5459 Quemque
840 5387 975 5443 nihil
1003 5400 1121 5441 esse
1149 5385 1497 5439 deﬁniamus.
1522 5382 1784 5435 Desinant
1808 5379 1952 5435 enim
1983 5393 2124 5444 esse,

536 5482 688 5552 quod
717 5491 863 5545 sunt,
918 5480 962 5535 si
997 5480 1143 5534 inter
1173 5492 1231 5531 se
1257 5475 1665 5531 confundantur
1701 5482 1756 5529 et
1801 5472 2128 5542 perturben-

541 5584 657 5644 tur,
687 5590 825 5631 neve
855 5584 966 5630 tres
996 5572 1239 5627 diversas
1275 5567 1674 5636 dissimilesque
1703 5574 1866 5636 atque
1894 5565 2039 5620 inter
2065 5581 2127 5623 se

544 5715 612 5768 ’τὸ
636 5712 899 5783 γεννηθὲν
923 5712 988 5763 ὲκ
1018 5708 1225 5783 πατρὸς
1268 5705 1492 5783 εἰκότως
1521 5704 1587 5783 ἀν
1630 5705 1842 5783 λέγοιτο
1862 5704 2032 5783 _yévv~q
2044 5721 2123 5772 μα

547 5774 1068 5852 τοῦγεννήσαντος,
1126 5774 1219 5852 καὶ
1266 5778 1490 5852 μᾶλλον,
1533 5778 1616 5830 ὅτι
1648 5776 1785 5852 αὕτη
1807 5774 1973 5852 φύσις
1996 5791 2123 5852 γεν-

551 5844 846 5922 νήματος,’
884 5850 1079 5922 ταυτδν
1126 5844 1279 5922 εἶναι’
1321 5847 1403 5922 τῷ
1447 5844 1987 5922 γεγεννηκότι-κατά
2033 5844 2125 5922 τὴν

554 5914 743 5996 φύσιν)
782 5914 880 5988 θὼς
923 5919 1085 5984 αὐτὸς
1129 5914 1284 5986 οὗτος
1323 5914 1636 5990 ὁήθεολόγος
1666 5914 1879 5990 ⁷φησίν.
1926 5916 2014 5972 Ἐν
2064 5915 2123 5971 δὲ

2233 5017 2529 5081 πολυῦεῖας
2578 5016 2711 5087 ψιλὰ
2760 5017 3085 5072 καταλιπεῖν
3144 5016 3277 5085 ἡμῖν
3325 5016 3393 5069 τὰ
3444 5014 3681 5084 ὀνόματα
3730 5014 3835 5068 τὸν

2226 5104 2392 5165 αὐτὸν
2427 5108 2646 5181 Πατέρα
2689 5109 2783 5163 καὶ
2814 5108 2942 5161 Υίὸν
2972 5108 3063 5162 καὶ
3101 5108 3256 5176 ἅγιον
3301 5106 3529 5177 Πνεῦμα
3566 5106 3828 5175 ὑπολαμ-

2227 5204 2479 5270 ϐάνουσι,
2521 5204 2618 5256 καὶ
2662 5201 2737 5273 μὴ
2789 5202 2991 5272 μᾶλλον
3042 5201 3103 5253 ἓν
3150 5200 3221 5251 τὰ
3279 5200 3484 5266 πάντα,
3546 5200 3579 5271 ἦ
3628 5198 3836 5269 μηδενὶ

2226 5294 2459 5349 ἕκαστον
2521 5288 2664 5347 εἶναι
2721 5292 3086 5361 ὁριζομένοις.
3136 5286 3335 5362 Φεύγοι
3391 5292 3501 5364 γὰρ
3551 5292 3618 5345 ἂν
3676 5286 3833 5347 εἶναι

2235 5387 2379 5458 ἆπερ
2428 5385 2579 5439 ἐστὶν
2622 5385 2700 5448 είς
2758 5382 2962 5455 ἄλληλα
3017 5384 3462 5457 μεταχωροῦντα,
3506 5384 3599 5436 καὶ
3653 5400 3835 5451 μεταδ

2234 5476 2493 5534 ϐαίνοντα
2529 5479 2669 5548 μήτε
2716 5477 2794 5540 είς
2841 5478 3014 5547 τρεῖς,
3065 5477 3097 5547 ἢ
3154 5470 3333 5544 ξένας,
3390 5476 3486 5529 καὶ
3529 5476 3831 5547 ἀνομοίους

2232 5570 2447 5635 οὐσίας,
2500 5571 2596 5622 καὶ
2642 5569 3077 5641 ἀπερρηγμένας
3126 5569 3473 5640 διαιρεθέντα
3531 5568 3675 5623 κατά
3717 5568 3832 5639 τὴν

2232 5708 2345 5769 τοῖς
2377 5705 2763 5777 συλλογισμοῖς
2819 5708 2916 5761 καὶ
2952 5709 3010 5760 ὲν
3041 5708 3223 5770 ἄλλοις
3257 5707 3439 5775 λόγοις
3462 5707 3685 5772 ἐδέξατο
3720 5706 3830 5761 καὶ

2231 5778 2458 5903 Baiae?
2485 5780 2824 5851 γεννήματος
2868 5781 3244 5851 προσηγορίαν
3269 5780 3295 5835 6
3333 5779 3481 5852 ἱερὸς
3518 5778 3612 5834 καὶ
3636 5778 3829 5852 μέγας

2316 5881 2319 5887 -
2402 5866 2424 5904 ε
2454 5866 2531 5913 ος.

2890 6018 2950 6024 μ...
2986 6015 3105 6022 ...-..
3184 6010 3288 6019 ν--.⁴μς
3388 6009 3459 6017 -..α
3488 6014 3507 6019 Α,
