4048 6580
294 334 371 399 Ἷ3

293 464 401 501 σαν
435 465 502 519 με
512 448 710 520 ριστῶς
735 463 749 480 ⁸

290 544 421 597 οῦτε
451 543 511 596 δὲ
538 540 1003 615 αὐξανομένηψῆ
1061 540 1393 611 μειουμένην
1424 539 1753 612 ὑπερϐολαῖς
1794 541 1891 594 καὶ

293 637 527 706 ύφὲσεσι
551 653 566 668 ·
596 636 864 691 πάντοθεν
894 635 1038 707 ῖσην,
1071 635 1172 705 τὴν
1210 634 1382 706 αὐτὴν
1406 633 1692 700 πάντοθεν,
1726 633 1801 698 ὡς
1833 632 1891 686 ἓν

292 731 352 783 οὐ
364 728 529 802 ρανοῦ
553 730 749 792 κάλλος
777 730 874 783 καὶ
905 730 1135 799 μέγεθος
1158 744 1173 761 ο
1197 728 1367 798 τριῶν
1395 728 1641 799 ἀπείρων
1664 728 1892 795 ἄπειρον

296 823 585 892 συμφυΐαν
610 837 626 852 ⁸
667 819 802 874 Θεδν
838 820 1075 873 ἕκαστον
1113 818 1234 871 καθ’
1274 818 1436 871 ἑαυτὸ
1475 815 1892 887 ϐεωρούμενον,

232 968 243 979 ,
294 916 370 977 ὡς
424 914 649 982 Πατέρα
690 913 787 966 καὶ
833 912 980 976 Υἰδν,
1024 911 1101 976 ὡς
1145 910 1277 966 Υίδν
1318 910 1415 966 καὶ
1466 909 1529 963 τὸ
1568 908 1791 978 Πνεῦμα
1833 908 1896 962 τὸ

296 1010 474 1077 ἆγιον,
504 1005 928 1076 φυλασσομένης
958 1005 1177 1075 ἑκάστῳ
1213 1004 1311 1075 τῆς
1347 1004 1639 1075 ἰδιότητος·
1671 1002 1804 1057 Θεὸν
1828 1003 1898 1057 τὰ

295 1104 425 1175 τρία
463 1102 563 1155 σὺν
596 1100 849 1170 ἀλλήλοις
879 1098 1150 1170 νοούμενα
1173 1113 1188 1128 ⁸
1221 1099 1401 1152 ἐκεῖνο
1437 1097 1527 1152 διὰ
1562 1096 1660 1169 τὴν
1696 1097 1897 1167 δμοου-

300 1195 561 1267 σιότητα,
594 1194 753 1248 τοῦτο
785 1192 875 1247 διὰ
907 1192 1010 1264 τὴν
1048 1191 1372 1264 μοναρχίαν.
1410 1191 1489 1245 Οὐ
1519 1189 1707 1260 φθάνω
1745 1189 1806 1243 τὸ
1840 1189 1899 1242 ἓν

298 1287 517 1351 νοῆσαι,
551 1290 649 1339 καὶ
679 1288 794 1350 τοῖς
830 1286 980 1359 τρισὶ
1017 1283 1463 1356 περιλάμπομαι.
1499 1284 1574 1338 Οὐ
1614 1282 1804 1353 φθάνω
1829 1283 1901 1337 τὰ

300 1380 429 1450 τρία
459 1379 679 1445 διελεῖν,
714 1380 807 1432 καὶ
836 1380 915 1441 είς
937 1377 997 1431 τὸ
1023 1377 1080 1430 ἒν
1103 1376 1473 1449 ἀναφέρομαι.
1510 1377 1682 1430 Ὅταν
1713 1374 1771 1427 ἒν
1794 1374 1902 1430 τῶν

299 1476 473 1545 τριιῐρν
519 1472 836 1543 φαντασθῶ,
872 1473 1033 1526 τοῦτο
1079 1471 1288 1542 νομίζω
1344 1470 1407 1525 τὸ
1477 1471 1611 1536 πᾶν,
1653 1468 1751 1523 καὶ
1803 1456 1903 1539 τὴν

305 1568 432 1637 ὄψιν
463 1567 856 1640 πεπλήρωμαι,
908 1566 1003 1620 καὶ
1029 1567 1089 1621 τὸ
1116 1566 1302 1621 πλεῖον
1327 1564 1603 1635 διέφυγεν.
1644 1565 1759 1617 Οὐκ
1797 1562 1903 1633 ἔχω

298 1662 363 1716 τὸ
400 1660 642 1732 μέγεθος
684 1660 877 1715 τούτου
916 1659 1270 1725 καταλαϐεῖν,
1298 1660 1387 1712 ἵνα
1418 1659 1493 1712 δῶ
1519 1657 1580 1711 τὸ
1614 1658 1797 1713 πλεῖον
1826 1658 1905 1731 τῷ

299 1756 638 1825 λειπομένῳ.
678 1754 848 1807 Ὅταν
877 1755 943 1808 τὰ
979 1753 1107 1824 τρία
1150 1752 1356 1806 συνέλω
1388 1752 1457 1822 τῇ
1492 1749 1730 1822 Θεωρία,
1770 1750 1904 1820 μίαν

1287 333 1667 402 BANOPLIA
1706 332 2175 399 DOGMATICA.
2214 359 2281 374 -
2322 338 2473 399 ΤΙΤ.
2514 338 2601 401 II.

800 445 924 503 οὔτε
966 446 1257 518 ἀνώμαλον
1304 448 1517 513 οὐσίαις
1562 449 1596 519 ἢ
1643 448 1893 518 φύσεσιν,

2005 446 2101 504 tim
2151 450 2593 519 comprehendit.
2638 450 2829 523 Neque
2901 453 3166 519 essentia,
3223 463 3320 510 aut
3385 460 3584 509 natura

3443 339 3585 402 ,74

1992 548 2079 594 est
2140 539 2459 619 inaequalis,
2525 557 2705 612 neque
2769 545 3164 615 superlatione,
3216 542 3585 600 demissione-

1992 647 2060 687 ve
2121 643 2378 703 augetur,
2399 645 2494 690 aut
2540 636 2905 704 imminuitur,
2931 638 3026 695 sed
3050 638 3293 710 undique
3335 636 3586 708 aequalis,

1995 723 2247 794 undique
2294 725 2512 791 eadem,
2555 730 3018 797 quemadmodum
3061 746 3169 787 una
3213 739 3299 786 est
3343 730 3589 801 pulchri-

1998 816 2129 871 tudo
2156 816 2278 873 cceli
2326 827 2383 873 et
2412 818 2734 889 magnitudo
2760 838 2776 876 :
2810 820 2973 876 trium
3000 822 3210 878 inﬁnita
3241 822 3586 892 conjunctio,

1996 925 2231 981 quorum
2277 914 2681 983 unusquisque,
2717 916 2762 970 si
2804 931 2901 987 per
2942 931 3002 971 se
3044 916 3452 979 consideretur,
3500 926 3588 971 est

1997 1002 2180 1058 Deus:
2212 1004 2353 1061 sicut
2385 1005 2567 1073 Pater,
2585 1006 2665 1063 sic
2698 1008 2863 1065 etiam
2894 1008 3062 1065 Filius
3088 1026 3104 1075 ;
3127 1019 3184 1064 et
3215 1009 3360 1065 sicut
3384 1007 3582 1073 Filius,

1998 1096 2080 1151 sic
2096 1098 2257 1153 etiam
2281 1099 2517 1170 Spiritus
2534 1110 2777 1167 sanctus,
2801 1103 3134 1173 proprietate
3154 1103 3589 1175 uniuscujusque

2002 1204 2344 1249 conservata.
2380 1192 2476 1249 Sin
2508 1204 2621 1250 tres
2641 1194 2804 1251 simul
2830 1196 3272 1263 considerentur,
3293 1204 3423 1251 sunt
3444 1212 3590 1250 unus

2002 1284 2171 1340 Deus.
2219 1285 2274 1340 ld
2324 1295 2547 1357 propter
2589 1287 2838 1343 eamdem
2869 1298 3077 1343 natura:
3127 1290 3449 1354 essentiam,
3480 1290 3590 1348 hoc

2000 1384 2226 1446 propter
2270 1376 2565 1447 imperium
2604 1378 2902 1449 singulare.
2959 1380 3142 1436 Unum
3189 1381 3429 1452 cogitare
3474 1397 3588 1437 non

2003 1482 2251 1540 possum,
2301 1471 2432 1541 quin
2470 1487 2502 1525 a
2551 1471 2728 1527 tribus
2774 1473 3077 1529 luminibus
3134 1476 3393 1532 illustrer.
3456 1476 3586 1537 llaec

2004 1561 2201 1617 intueri
2252 1564 2503 1621 distincta
2556 1581 2792 1636 nequeo,
2822 1568 2955 1639 quin
2988 1570 3057 1624 ad
3116 1586 3285 1625 unum
3320 1572 3589 1642 perducat

2004 1655 2378 1724 splendorem.
2410 1657 2547 1713 Cum
2570 1660 2788 1731 aliquod
2806 1676 2999 1717 eorum
3026 1679 3196 1718 unum
3224 1666 3588 1737 contemplor,

2006 1745 2161 1802 ineo
2216 1756 2385 1803 totam
2417 1749 2596 1806 lucem
2637 1753 3039 1819 animadverto,
3088 1756 3386 1827 oculosque
3436 1774 3588 1814 meos

298 1846 414 1917 δρῶ
452 1816 737 1916 λαμπάδα.
780 1844 895 1900 Οὐκ
930 1816 1039 1916 ἔχω
1068 1843 1343 1915 διελεῖν,ῆ
1384 1816 1743 1915 μετρῆσαι-τὺ
1771 1816 1899 1911 eo;

2006 1839 2078 1893 ita
2137 1840 2380 1910 repletos
2424 1844 2626 1907 sentio,
2686 1853 2747 1901 ut
2800 1844 2870 1913 si,
2905 1816 3051 1917 quod
3097 1848 3273 1918 majus
3298 1816 3418 1916 .est,
3467 1850 3589 1909 illos

300 1938 638 2010 ἑνιζόμενον.
677 1939 821 2009 Φοϐῇ
861 1939 926 1992 σὺ
962 1938 1235 2008 γέννησιν,
1270 1938 1358 1991 ἵνα
1391 1938 1467 2009 μὴ
1492 1954 1546 1992 τι
1582 1934 1733 2009 πάθῃ
1765 1936 1899 1998 Θεὸς

298 2034 327 2086 δ
366 2032 443 2105 μὴ
482 2033 749 2104 πάσχωνς
805 2033 918 2102 ἐγὼ
967 2030 1244 2103 φοϐοῦμαι
1280 2031 1381 2102 τὴν
1418 2030 1625 2096 κτίσιν,
1680 2030 1767 2083 ῖνα
1821 2029 1896 2100 μὴ

301 2124 439 2180 Θεὸν
467 2125 725 2180 ἀπολέσω
760 2125 847 2179 διὰ
876 2124 979 2196 τῆς
1014 2123 1226 2196 ὕϐρεως
1254 2124 1348 2177 καὶ
1373 2123 1476 2194 τῆς
1506 2123 1694 2176 ἀδίκου
1725 2139 1908 2189 κατα-ι

298 2217 501 2287 τομῆς,
552 2217 587 2289 ἥ
636 2218 731 2271 τὸν
776 2218 907 2273 Υίδν
939 2220 1153 2289 τέμνων
1190 2216 1300 2272 ἀπὸ
1323 2215 1419 2270 τοῦ
1448 2216 1685 2288 Πατρὸς,
1717 2215 1752 2288 ἢ
1786 2214 1896 2271 ἀπὸ

298 2307 395 2363 τοῦ
435 2308 570 2362 Υίοῦ
609 2308 708 2382 τὴν
746 2308 939 2364 οὐσίαν
966 2308 1061 2363 τοῦ
1096 2306 1439 2377 Πνεύματος.
1477 2306 1552 2360 Τὸ
1580 2306 1691 2377 γὰρ
1722 2304 1935 2377 παρά-ν

299 2402 476 2469 δοξον,
512 2405 597 2458 δτι
639 2404 716 2474 μὴ
759 2405 935 2468 κτίσις
966 2404 1235 2471 ἐπάγεται
1267 2404 1429 2472 μόνον
1452 2400 1575 2471 Θεῷ
1612 2401 1766 2471 παρά
1788 2402 1903 2465 τοῖς

302 2494 493 2557 κακῶς
519 2478 752 2564 θεότητα
784 2493 1228 2559 ταλαντεύουσιν,
1258 2492 1396 2546 ἀλλὰ
1431 2492 1528 2546 καὶ¹
1556 2491 1696 2561 αύτὴ
1739 2490 1901 2545 πάλιν

301 2589 339 2658 ἠ
382 2587 561 2651 κτίσις
607 2590 689 2652 εἰς
722 2586 925 2659 ἑαυτὴν
969 2588 1249 2658 τέμνεται.
1294 2585 1510 2656 Ὠσπερ
1546 2584 1642 2637 τοῦ
1681 2584 1902 2655 Πατρδς

304 2680 697 2734 ὑποστέλλεται
728 2681 756 2734 ὁ
787 2680 917 2744 Υἱὸς
943 2681 1057 2742 τοῖς
1092 2680 1371 2741 ταπεινοῖς
1395 2676 1493 2730 καὶ
1528 2677 1677 2731 κάτω
1703 2677 1900 2746 κειμέ-

304 2788 440 2836 νοις,
469 2770 642 2836 οῦτως
673 2771 1146 2843 ὑποστελλομένης
1177 2770 1343 2824 πάλιν
1373 2770 1469 2822 καὶ
1502 2767 1608 2821 ἀπὸ
1637 2767 1733 2821 τοῦ
1766 2767 1899 2821 Υίοῦ

302 2864 404 2935 τῆς
426 2864 586 2929 ἀξίας
624 2864 719 2919 τοῦ
748 2865 1089 2936 Πνεύματος,
1118 2864 1195 2928 ὡς
1222 2863 1289 2917 ἂν
1308 2863 1403 2917 καὶ
1434 2861 1567 2926 Θεὸς
1592 2861 1690 2915 καὶ
1720 2860 1901 2924 κτίσις

304 2955 599 3028 ὑϐρίζηται
625 2960 693 3030 τῇ
720 2959 849 3029 κενῇ
881 2955 1054 3027 ταύτῃ
1085 2955 1359 3026 θεολογία.
1391 2946 1398 2952 ’

2006 1932 2257 2006 ell'ugiat,
2300 1950 2412 1990 non
2455 1935 2668 1993 valeam
2709 1938 3140 2009 magnitudinem
3180 1941 3301 2011 ejus
3337 1957 3581 2013 compre-

2004 2022 2273 2091 hendere,
2334 2036 2390 2080 et
2450 2025 2751 2093 deﬁcienti,
2815 2027 2871 2083 id
2928 2029 3075 2098 quod
3134 2030 3225 2085 alii
3270 2040 3588 2103 exsuperat,

2002 2116 2326 2173 attribuere.
2375 2117 2511 2173 Cum
2537 2120 2641 2174 tria
2674 2120 3008 2191 cogitatione
3046 2122 3344 2196 conjungo,
3384 2124 3565 2196 lampa

2001 2205 2130 2261 dem
2163 2221 2329 2263 unam
2368 2207 2449 2264 sic
2503 2209 2741 2276 intueor,
2781 2219 2841 2265 ut
2886 2212 3065 2268 lucem
3110 2214 3231 2283 ejus
3276 2215 3586 2286 copulatam

2004 2308 2169 2369 atque
2233 2300 2439 2356 unitam
2490 2302 2759 2371 dividere,
2812 2314 2907 2360 aut
2943 2305 3180 2361 dimetiri
3215 2321 3327 2362 non
3359 2309 3590 2378 possim.

2006 2394 2089 2449 Tu
2134 2395 2545 2464 generationem
2581 2398 2927 2467 reformidas,
2970 2414 3039 2455 ne
3080 2400 3191 2457 Deo
3233 2399 3592 2457 affectionum

2005 2490 2225 2561 experti
2305 2489 2658 2548 aﬂectionem
2729 2495 3030 2566 assignes;
3101 2510 3204 2568 ego
3252 2496 3593 2551 creationem

2005 2586 2193 2649 timeo,
2226 2600 2300 2639 ne
2337 2584 2509 2640 Deum
2548 2585 2823 2653 tollam,si
2853 2587 2938 2643 vel
2976 2586 3173 2642 Filium
3208 2602 3240 2642 a
3270 2585 3462 2651 Patre,
3501 2586 3591 2641 vel

2006 2675 2245 2747 Spiritus
2284 2686 2536 2733 naturam
2567 2692 2599 2732 a
2628 2676 2765 2733 Filio
2797 2679 3195 2736 contumeliosa
3228 2689 3285 2734 et
3337 2677 3594 2748 inaequali

2009 2769 2262 2825 sectione
2309 2769 2611 2841 sejungam.
2665 2769 2723 2824 ld
2767 2770 2916 2825 enim
2958 2770 3257 2828 absurdum
3296 2780 3402 2836 est,
3446 2768 3596 2839 quod

2007 2859 2251 2925 abistis,
2288 2862 2383 2931 qui
2412 2876 2671 2931 perverse
2711 2862 3068 2918 Divinitatem
3109 2862 3447 2927 examinant,
3480 2875 3595 2917 non

2009 2956 2187 3010 solum
2241 2952 2354 3010 Deo
2410 2953 2725 3022 ascribitur,
2772 2956 2921 3027 quod
2973 2966 3194 3011 creatus
3242 2955 3354 3023 sit,
3397 2970 3592 3021 verum

312 3058 480 3111 etiam
539 3072 680 3127 quos
719 3066 938 3113 creatos
986 3065 1265 3121 asserunt,
1324 3068 1541 3108 rursum
1618 3050 1913 3108 dissecant.
1990 3051 2126 3107 Nam
2190 3062 2250 3108 ut
2329 3066 2363 3109 a
2426 3052 2588 3109 Patre
2660 3054 2971 3123 sejunctum
3048 3052 3247 3108 Filium
3305 3053 3363 3108 in
3427 3051 3596 3108 rebus

302 3148 605 3207 humilibus
662 3161 717 3208 et
755 3150 896 3206 infra
956 3151 1173 3223 positis,
1234 3165 1432 3220 nempe
1480 3148 1680 3205 creatis
1722 3148 1926 3216 locant,
1989 3149 2070 3205 sic
2123 3164 2341 3205 rursum
2414 3149 2607 3218 procul
2659 3165 2690 3204 a
2763 3146 2903 3206 Filio
2962 3149 3283 3222 dignitatem
3355 3147 3593 3219 Spiritus

303 3257 611 3318 separatam
691 3256 933 3325 ponunt,
999 3253 1060 3301 ut
1114 3246 1218 3301 ista
1287 3260 1432 3301 nova
1496 3242 1770 3317 theologia
1830 3255 1885 3301 et
1931 3246 2077 3301 Deus
2150 3246 2333 3313 simul,
2392 3254 2449 3304 et
2513 3262 2603 3302 res
2670 3252 2869 3303 creata:
2933 3243 3239 3299 afﬁciantur
3272 3241 3595 3313 ignominia.

760 3362 862 3416 Ἐκ
891 3360 998 3417 τοῦ
1022 3360 1211 3416 αὑτοῦ
1233 3361 1447 3430 λόγου.
1919 3366 1966 3427 C

374 3456 525 3511 Θέλω
575 3456 667 3510 τὸν
711 3455 931 3524 Πατέρα
979 3453 1153 3526 μείζω
1204 3455 1401 3520 εἰπεῖν,
1455 3452 1515 3520 ἐξ
1572 3443 1633 3506 οῦ
1684 3452 1779 3507 καὶ
1832 3451 1894 3504 τδ

305 3548 445 3612 laet;
493 3544 640 3603 εῖναι
673 3550 785 3610 τ.ῖς
822 3550 958 3611 ῖσοις
997 3548 1113 3599 ἐστὶ
1138 3586 1155 3612 ,
1190 3534 1285 3599 καὶ
1309 3547 1370 3598 τδ
1398 3543 1571 3600 εἶναι’
1604 3544 1762 3598 τοῦτο
1788 3544 1895 3615 γὰρ

304 3641 461 3713 παρὰ
514 3644 739 3698 πάντων
784 3641 1115 3714 δοθήσεταν
1162 3642 1258 3694 καὶ
1306 3640 1518 3695 δέδοικα
1547 3640 1647 3710 τὴν
1696 3638 1893 3709 ἀρχὴν,

310 3740 388 3809 μὴ
417 3738 720 3791 ἐλαττόνων
755 3737 929 3808 ἀρχὴν
956 3736 1193 3806 ποιήσω,
1223 3734 1317 3787 καὶ
1349 3732 1665 3803 καθυϐρίσω
1687 3731 1775 3784 διὰ
1799 3732 1897 3802 τῆς

307 3831 724 3900 προτιμήσεως.
752 3829 828 3880 Οὐ
854 3826 962 3898 γὰρ
996 3826 1122 3893 δόξα
1161 3825 1240 3897 τῷ
1270 3825 1329 3891 ὲξ
1351 3820 1412 3880 οὗ
1444 3826 1478 3896 ἡ
1508 3824 1620 3877 τῶν
1650 3824 1707 3889 ἐξ
1732 3822 1897 3878 αὑτοῦ

308 3924 670 3983 ταπείνωσις.
709 3922 853 3993 Πρὸς
885 3922 943 3975 δὲ
996 3919 1094 3973 καὶ
1125 3920 1420 3988 ὑφορῶμαι
1450 3918 1552 3989 τὴν
1589 3920 1687 3988 σὴν
1720 3916 1901 3986 ἀπλη-

307 4018 488 4083 στίαν,
538 4017 635 4085 μὴ,
662 4015 723 4067 τὸ
756 4012 943 4086 μεῖζον
968 4011 1172 4076 λαϐὼν,
1207 4010 1573 4082 διχοτομήσῃς
1601 4008 1699 4077 τὴν
1736 4006 1901 4075 φύσιν

312 4113 457 4165 κατὰ
482 4111 662 4164 πάντα
690 4108 767 4179 τῷ
802 4108 1013 4178 μείζονι
1042 4104 1352 4178 χρώμενος.
1386 4104 1461 4157 Οὐ
1496 4105 1604 4174 γὰρ
1634 4100 1777 4155 κατὰ
1802 4100 1902 4171 τὴν

312 4205 478 4276 φύσιν
531 4203 591 4258 τὸ
645 4202 853 4274 μεῖζον,
909 4199 1007 4272 τὴν
1055 4199 1238 4254 αἰτίαν
1281 4198 1358 4253 δέ.
1417 4196 1585 4250 Ούδὲν
1636 4196 1746 4265 γὰρ
1794 4193 1902 4245 τῶν

311 4294 621 4365 δμοουσίων
672 4296 740 4366 τῇ
799 4293 957 4363 οὐσίᾳ
1001 4290 1187 4362 μεῖζον
1236 4289 1552 4360 ἥ,ἐλαττον.
1601 4286 1752 4341 Θέλω
1810 4284 1903 4338 τὸν

316 4390 449 4444 Υίδν
494 4385 838 4460 προτιμῆσαι
894 4381 989 4438 τοῦ
1030 4381 1347 4452 Πνεῦματος
1384 4380 1459 4444 ὡς
1505 4379 1654 4442 Υῖὶν,
1704 4378 1799 4431 καὶ
1841 4376 1903 4429 οὐ

319 4480 599 4552 συγχωρεῖ
656 4495 748 4550 μοι
799 4476 861 4533 τὸ
921 4474 1206 4546 βάπτισμα
1264 4471 1507 4526 τελειοῦν
1564 4488 1631 4541 με
1679 4468 1768 4524 διά
1807 4467 1903 4523 τοῦ

317 4573 663 4644 Πνεύματος.

328 4802 434 4858 Ἕκ
472 4802 581 4857 τοῦ
616 4802 806 4871 λόγου
837 4798 946 4853 τοῦ
991 4801 1091 4871 εἰς,
1122 4796 1235 4850 τὸν
1262 4793 1618 4871 κατάπλουν
1656 4789 1775 4844 τῶν
1810 4791 1908 4845 Αί-

783 4870 1051 4955 τυπτίων
1073 4868 1446 4923 ἐπισκόπων.

389 4968 495 5022 Δύο
517 4954 874 5036 διαφορὰςὲν
909 4966 1026 5027 τοῖς
1058 4960 1182 5015 οὖσι
1213 4958 1469 5031 γινώσκω
1490 4957 1589 5021 τὰς
1617 4954 1906 5019 ἀνωτάτω,
1958 4973 1965 4979 ·

316 5059 641 5113 δεσποτείαν
673 5074 733 5110 τε
765 5057 861 5111 καὶ
888 5053 1157 5118 δουλείαν,
1198 5052 1299 5123 οὐχ
1332 5050 1398 5114 ἃς
1426 5048 1558 5119 παρ’
1584 5048 1717 5119 ἡμῖν
1745 5046 1778 5117 ἢ
1815 5062 1905 5099 τυ-

323 5152 512 5221 ραννὶς
567 5148 785 5219 ἔτεμεν,
842 5146 874 5218 ἢ
916 5146 1079 5200 πενία
1125 5144 1431 5212 διέστησεν,
1473 5138 1588 5193 ἀλλ’
1631 5138 1697 5202 ἃς
1744 5136 1907 5206 φύσις

319 5242 604 5312 διώρισεν,
628 5242 681 5293 εῖ
700 5258 781 5310 τῳ
818 5240 974 5309 φίλον
1003 5238 1147 5292 οὓτω
1174 5235 1384 5290 καλεῖν.
1425 5230 1499 5287 Τὸ
1537 5231 1647 5301 γὰρ
1686 5228 1906 5301 πρῶτον

321 5340 416 5391 mi.
450 5338 594 5408 ὑπὲρ
627 5335 729 5405 τὴν
762 5336 948 5405 φύσιν.
987 5333 1208 5387 Τούτων
1246 5331 1305 5385 δὲ
1342 5331 1377 5400 ἡ
1416 5328 1517 5398 μὲν
1550 5324 1808 5396 ποιητική
1844 5321 1906 5375 τέ

322 5434 439 5484 ἐστι
459 5470 473 5494 ,
509 5434 606 5485 καὶ
632 5430 839 5501 ἀρχικὴ
857 5472 872 5497 ,
906 5430 1001 5483 καὶ
1039 5429 1298 5498 ἀκίνητος
1317 5466 1332 5491 ,
1360 5426 1393 5495 ἡ
1431 5424 1489 5475 δὲ
1517 5419 1867 5490 πεποιημένη
1889 5455 1904 5482 ι

321 5530 417 5583 καὶ
448 5526 555 5580 ὑπὸ
583 5528 763 5597 χεῖρα,
792 5526 886 5578 καὶ
915 5521 1350 5594 μεταπίπτουσα.
1382 5518 1491 5572 Καὶ
1515 5515 1595 5568 ἔτι
1626 5510 1906 5581 συντομὼ·

320 5638 479 5689 τερον
513 5620 712 5682 εἰπεῖν,
743 5618 777 5688 ή
821 5620 921 5690 μὲν
973 5616 1114 5686 ὑπὲρ
1143 5612 1334 5684 χρόνον
1355 5654 1370 5677 ,
1401 5613 1437 5681 ἠ
1464 5610 1522 5663 δὲ
1549 5608 1655 5662 ὑπὸ
1688 5608 1901 5677 χρόνον.

324 5715 586 5768 Καλεῖται
625 5714 683 5766 δὲ
716 5716 750 5783 ἡ
792 5712 892 5783 μὲν
940 5709 1093 5773 Θεὸς,
1134 5709 1229 5760 καὶ
1271 5707 1321 5759 εί
1364 5708 1423 5757 ὲν
1472 5704 1623 5774 τρισὶ
1655 5704 1766 5762 τοῖς
1808 5716 1903 5769 με·

324 5807 529 5877 γίστοις
569 5809 820 5871 ἵσταται,
860 5804 1047 5874 αίτίῳ,
1080 5802 1177 5855 καὶ
1212 5796 1532 5871 δημιουργῷ
1569 5797 1663 5851 καὶ
1700 5793 1906 5848 τελειο-

663 5902 933 5964 ΡΑτιιοι..
976 5900 1093 5962 Gn.
1127 5897 1295 5958 CXX
1310 5896 1390 5956 X.

2489 3362 2573 3417 Ex
2602 3363 2786 3417 eadem
2826 3362 3098 3416 oratione.

2072 3452 2205 3509 Volo
2216 3454 2432 3511 Patrem
2460 3453 2721 3525 majorem
2739 3454 2955 3511 dicere:
2980 3469 3044 3509 ex
3061 3468 3167 3524 quo
3188 3454 3333 3509 enim
3354 3454 3595 3525 mquales

1997 3546 2201 3601 habent
2228 3556 2289 3603 ut
2312 3548 2419 3603 sint
2451 3547 2707 3618 equales,
2727 3563 2791 3603 ex
2820 3547 3010 3602 eodem
3044 3545 3342 3619 habent(id
3367 3547 3505 3617 quod
3524 3547 3593 3602 ab

1998 3639 2256 3697 omnibus
2272 3640 2638 3713 concedetur)
2669 3650 2729 3696 ut
2766 3641 2875 3695 sint
2905 3656 2922 3695 :
2956 3639 3053 3695 sed
3083 3655 3277 3695 vereor
3327 3638 3589 3706 neillum,

1998 3733 2089 3803 qui
2118 3732 2445 3803 principium
2463 3744 2567 3800 est,
2586 3733 2859 3789 minorum
2887 3732 3217 3805 principium
3239 3734 3590 3800 constituam,

2000 3834 2053 3881 et
2072 3826 2158 3881 cui
2182 3826 2443 3883 honorem
2468 3826 2711 3881 tribuere
2742 3825 3004 3896 majorem
3032 3838 3221 3887 conor,
3242 3823 3589 3896 ignominiam

2001 3920 2251 3977 aderam.
2279 3920 2339 3975 Ei
2361 3935 2597 3988 namque
2619 3918 2802 3997 decori
2822 3933 2943 3974 esse
2972 3933 3083 3972 non
3110 3928 3289 3989 potest
3314 3918 3592 3974 humilitas

2000 4028 2213 4079 eorum,
2239 4013 2331 4084 qui
2356 4013 2423 4068 ab
2451 4014 2570 4086 ipso
2598 4023 2744 4069 sunt.
2774 4013 2975 4068 Adhzec
3005 4021 3056 4067 te
3091 4010 3209 4066 fore
3240 4010 3489 4081 suspicor
3509 4008 3591 4064 in-

2003 4106 2331 4171 satiabilem,
2383 4116 2443 4162 ut
2463 4120 2585 4161 cum
2608 4106 2870 4175 majorem
2904 4102 3201 4173 acceperis,
3232 4101 3305 4158 ita
3337 4092 3591 4157 naturam

2003 4214 2181 4265 seces,
2213 4200 2357 4255 ut‘in
2388 4197 2647 4255 omnibus
2680 4198 2950 4269 majorem
3013 4196 3187 4252 dicas.
3239 4192 3375 4249 Nam
3396 4201 3593 4249 natura

2004 4293 2181 4364 major
2241 4307 2351 4348 non
2416 4300 2524 4359 est,
2586 4290 2843 4361 quamvis
2899 4289 3084 4354 detur,
3140 4296 3203 4343 ut
3256 4302 3421 4343 causa
3490 4285 3590 4341 sit.

2004 4388 2210 4443 Eorum
2261 4386 2433 4451 enim,
2473 4399 2593 4456 qua:
2608 4385 2854 4455 ejusdem
2901 4392 3034 4438 sunt
3072 4379 3345 4448 essentia,
3379 4379 3591 4435 nullum

2007 4479 2250 4537 essentia
2285 4478 2462 4548 majus
2491 4486 2595 4534 est.
2634 4475 2770 4532 Volo
2803 4476 2859 4530 in
2884 4474 3096 4529 honore
3131 4470 3359 4543 Spiritui
3392 4470 3590 4527 Filium

2007 4572 2305 4639 anteferre,
2357 4569 2453 4626 sed
2506 4569 2814 4642 baptismus
2862 4582 2974 4623 non
3024 4566 3250 4639 patitur,
3309 4580 3421 4636 quo
3446 4579 3590 4635 ,sum

2009 4667 2258 4724 initiatus
2285 4681 2383 4739 per
2414 4666 2595 4738 ipsum
2623 4664 2913 4736 Spiritum.

2013 4782 2271 4853 Ejusdem
2353 4798 2418 4837 ex
2491 4780 2734 4835 oratione
2819 4778 2891 4832 ad
2935 4760 3248 4853 °_e_piscopos,
3310 4777 3402 4846 qui
3469 4775 3592 4828 navi

2411 4855 2733 4907 advenerant
2798 4866 2864 4905 ex
2917 4847 3180 4919 Egypto.

2085 4950 2231 5005 Duas
2280 4949 2334 5005 in
2385 4948 2553 5005 rebus
2592 4946 2857 5002 maximas
2891 4956 3167 5014 cognosco
3222 4938 3590 5005 diderentias,

2006 5042 2443 5109 dominationem
2481 5047 2539 5096 et
2573 5039 2921 5102 servitutem,
2970 5050 3082 5091 non
3126 5048 3262 5105 quas
3303 5032 3449 5102 apud
3490 5044 3594 5087 nos

2006 5136 2092 5191 vel
2145 5135 2395 5206 tyrannis
2461 5133 2662 5199 secuit,
2716 5133 2802 5189 vel
2864 5138 3164 5203 paupertas
3225 5125 3433 5190 divisit,
3488 5123 3587 5179 sed

2008 5243 2147 5299 quas
2195 5228 2314 5299 ipsa
2365 5237 2561 5283 natura
2616 5224 3003 5298 praescripsit,
3042 5220 3090 5277 si
3123 5230 3305 5277 tamen
3361 5217 3446 5272 fas
3501 5226 3591 5273 est

2009 5322 2086 5378 ita
2120 5321 2294 5392 loqui,
2323 5336 2448 5376 cum
2471 5321 2622 5391 prior
2653 5320 2725 5374 sit
2746 5318 2908 5374 etiam
2941 5318 3058 5388 ipsa
3084 5324 3280 5369 natura
3307 5310 3586 5378 superior.

2012 5419 2218 5473 llarum
2239 5431 2349 5470 una
2366 5425 2451 5471 est
2471 5412 2747 5477 ell'ectrix,
2775 5421 2830 5469 et
2862 5412 3137 5482 princeps,
3163 5420 3218 5465 et
3240 5404 3538 5464 immobilis
3565 5418 3584 5461 :

2013 5511 2184 5565 altera
2231 5508 2393 5575 facta,
2446 5516 2502 5563 et
2531 5506 2797 5576 subjecta,
2833 5501 3261 5560 commutabilis.
3292 5500 3489 5569 Atque,
3528 5506 3591 5554 ut

2014 5604 2237 5661 brevius
2286 5603 2489 5668 dicam,
2521 5615 2630 5656 una
2674 5615 2838 5671 supra
2894 5607 3108 5667 tempus
3142 5584 3248 5661 εει,
3288 5593 3455 5648 altera
3488 5590 3595 5647 sub

2013 5710 2281 5769 tempore.
2358 5696 2514 5751 Prior
2572 5703 2798 5750 vocatur
2860 5692 3007 5747 Deus
3041 5730 3057 5757 ,
3114 5689 3245 5745 licet
3299 5686 3354 5744 in
3419 5685 3597 5741 tribus

2012 5790 2299 5857 consistat,
2341 5804 2528 5855 causa,
2579 5786 2801 5859 opiﬁce,
2834 5800 2889 5842 et
2939 5783 3281 5857 perﬁcientc.
3328 5782 3435 5837 hoc
3486 5786 3594 5844 est,

3232 5875 3270 5935 3
