  <div class='ocr_page' id='page_1' title='image "/cluster/home/n/w/nwhite01/storage/ocr_20150623/130/hvd.32044019208255/046.png"; bbox 0 0 4048 6584; ppageno 0'>
   <div class='ocr_carea' id='block_1_1' title="bbox 459 438 2029 521">
    <p class='ocr_par' dir='ltr' id='par_1_1' title="bbox 459 438 2029 506">
     <span class='ocr_line' id='line_1_1' title="bbox 459 438 2029 506; baseline 0.013 -21"><span class='ocrx_word' id='word_1_1' title='bbox 459 438 528 500; x_wconf 70' lang='grc' dir='ltr'>π</span> <span class='ocrx_word' id='word_1_2' title='bbox 1458 442 1826 502; x_wconf 81' lang='lat' dir='ltr'><strong>PANOPLIA</strong></span> <span class='ocrx_word' id='word_1_3' title='bbox 1870 443 2029 506; x_wconf 78' lang='lat' dir='ltr'>DOG:</span> 
     </span>
    </p>
   </div>
   <div class='ocr_carea' id='block_1_2' title="bbox 2127 438 3710 521">
    <p class='ocr_par' dir='ltr' id='par_1_2' title="bbox 2127 446 3710 521">
     <span class='ocr_line' id='line_1_2' title="bbox 2127 446 3710 521; baseline 0.008 -15"><span class='ocrx_word' id='word_1_4' title='bbox 2127 446 2330 508; x_wconf 28' lang='lat' dir='ltr'><strong>rTICA.</strong></span> <span class='ocrx_word' id='word_1_5' title='bbox 2363 473 2430 486; x_wconf 88' lang='lat'><strong>-</strong></span> <span class='ocrx_word' id='word_1_6' title='bbox 2470 449 2618 512; x_wconf 86' lang='lat' dir='ltr'><strong>TlT.</strong></span> <span class='ocrx_word' id='word_1_7' title='bbox 2656 450 2739 512; x_wconf 82' lang='grc' dir='ltr'><strong>ΙΙ.</strong></span> <span class='ocrx_word' id='word_1_8' title='bbox 3641 460 3710 521; x_wconf 81' lang='lat'><strong>73</strong></span> 
     </span>
    </p>
   </div>
   <div class='ocr_carea' id='block_1_3' title="bbox 460 545 2029 636">
    <p class='ocr_par' dir='ltr' id='par_1_3' title="bbox 460 545 2029 625">
     <span class='ocr_line' id='line_1_3' title="bbox 460 545 2029 625; baseline 0.004 -25"><span class='ocrx_word' id='word_1_9' title='bbox 460 547 736 615; x_wconf 83' lang='grc' dir='ltr'>θεότητος,</span> <span class='ocrx_word' id='word_1_10' title='bbox 788 546 882 601; x_wconf 66' lang='grc' dir='ltr'><strong>κα)⁸</strong></span> <span class='ocrx_word' id='word_1_11' title='bbox 926 545 1191 618; x_wconf 75' lang='grc' dir='ltr'><strong>τηρητέον</strong></span> <span class='ocrx_word' id='word_1_12' title='bbox 1245 547 1498 616; x_wconf 78' lang='grc' dir='ltr'>ἐνταῦθα,</span> <span class='ocrx_word' id='word_1_13' title='bbox 1532 551 1613 604; x_wconf 80' lang='grc' dir='ltr'>ὅτι</span> <span class='ocrx_word' id='word_1_14' title='bbox 1646 552 1706 605; x_wconf 87' lang='grc' dir='ltr'><strong>τὸ</strong></span> <span class='ocrx_word' id='word_1_15' title='bbox 1739 553 1840 623; x_wconf 84' lang='grc' dir='ltr'>μὲν</span> <span class='ocrx_word' id='word_1_16' title='bbox 1878 553 2029 625; x_wconf 81' lang='grc' dir='ltr'>βλασ-</span> 
     </span>
    </p>
   </div>
   <div class='ocr_carea' id='block_1_4' title="bbox 2127 545 3713 636">
    <p class='ocr_par' dir='ltr' id='par_1_4' title="bbox 2142 557 3713 636">
     <span class='ocr_line' id='line_1_4' title="bbox 2142 557 3713 636; baseline 0.01 -26"><span class='ocrx_word' id='word_1_17' title='bbox 2142 571 2172 610; x_wconf 91' lang='lat' dir='ltr'><strong>a</strong></span> <span class='ocrx_word' id='word_1_18' title='bbox 2227 557 2508 636; x_wconf 78' lang='lat' dir='ltr'><strong>divinitate</strong></span> <span class='ocrx_word' id='word_1_19' title='bbox 2531 570 2800 619; x_wconf 88' lang='lat' dir='ltr'><strong>remotum</strong></span> <span class='ocrx_word' id='word_1_20' title='bbox 2853 561 3224 619; x_wconf 82' lang='lat' dir='ltr'><strong>statuit.lllud</strong></span> <span class='ocrx_word' id='word_1_21' title='bbox 3281 573 3462 631; x_wconf 84' lang='lat' dir='ltr'><strong>autem</strong></span> <span class='ocrx_word' id='word_1_22' title='bbox 3493 565 3583 622; x_wconf 86' lang='lat' dir='ltr'><strong>hic</strong></span> <span class='ocrx_word' id='word_1_23' title='bbox 3623 578 3713 636; x_wconf 88' lang='lat' dir='ltr'><strong>est</strong></span> 
     </span>
    </p>
   </div>
   <div class='ocr_carea' id='block_1_5' title="bbox 457 635 2034 714">
    <p class='ocr_par' dir='ltr' id='par_1_5' title="bbox 457 635 2034 714">
     <span class='ocr_line' id='line_1_5' title="bbox 457 635 2034 714; baseline 0.005 -24"><span class='ocrx_word' id='word_1_24' title='bbox 457 638 813 707; x_wconf 76' lang='grc' dir='ltr'>φημούμενον</span> <span class='ocrx_word' id='word_1_25' title='bbox 851 641 881 692; x_wconf 99' lang='lat'><strong>6</strong></span> <span class='ocrx_word' id='word_1_26' title='bbox 930 640 1133 709; x_wconf 82' lang='grc' dir='ltr'>Κύριος</span> <span class='ocrx_word' id='word_1_27' title='bbox 1184 635 1275 710; x_wconf 77' lang='grc' dir='ltr'>ἦν,</span> <span class='ocrx_word' id='word_1_28' title='bbox 1326 643 1385 693; x_wconf 89' lang='grc' dir='ltr'><strong>τὸ</strong></span> <span class='ocrx_word' id='word_1_29' title='bbox 1427 641 1481 695; x_wconf 83' lang='grc' dir='ltr'>δὲ</span> <span class='ocrx_word' id='word_1_30' title='bbox 1533 642 1914 713; x_wconf 79' lang='grc' dir='ltr'>ὲκδικούμενον</span> <span class='ocrx_word' id='word_1_31' title='bbox 1972 644 2034 714; x_wconf 79' lang='grc' dir='ltr'><strong>τὸ</strong></span> 
     </span>
    </p>
   </div>
   <div class='ocr_carea' id='block_1_6' title="bbox 459 731 2034 805">
    <p class='ocr_par' dir='ltr' id='par_1_6' title="bbox 459 731 2034 805">
     <span class='ocr_line' id='line_1_6' title="bbox 459 731 2034 805; baseline 0.006 -23"><span class='ocrx_word' id='word_1_32' title='bbox 459 731 689 800; x_wconf 81' lang='grc' dir='ltr'><strong>Πνεῦμα</strong></span> <span class='ocrx_word' id='word_1_33' title='bbox 736 731 797 785; x_wconf 87' lang='grc' dir='ltr'><strong>τὸ</strong></span> <span class='ocrx_word' id='word_1_34' title='bbox 852 731 1029 800; x_wconf 76' lang='grc' dir='ltr'>ἅγιον,</span> <span class='ocrx_word' id='word_1_35' title='bbox 1079 732 1152 795; x_wconf 84' lang='grc' dir='ltr'>ὡς</span> <span class='ocrx_word' id='word_1_36' title='bbox 1186 733 1409 804; x_wconf 80' lang='grc' dir='ltr'>Κύριος,</span> <span class='ocrx_word' id='word_1_37' title='bbox 1453 735 1513 787; x_wconf 85' lang='grc' dir='ltr'>οὐ</span> <span class='ocrx_word' id='word_1_38' title='bbox 1549 735 1699 805; x_wconf 76' lang='grc' dir='ltr'>φέρω</span> <span class='ocrx_word' id='word_1_39' title='bbox 1732 737 2034 805; x_wconf 77' lang='grc' dir='ltr'>ἀφώτιστος</span> 
     </span>
    </p>
   </div>
   <div class='ocr_carea' id='block_1_7' title="bbox 457 819 2031 899">
    <p class='ocr_par' dir='ltr' id='par_1_7' title="bbox 457 819 2031 899">
     <span class='ocr_line' id='line_1_7' title="bbox 457 819 2031 899; baseline 0.005 -25"><span class='ocrx_word' id='word_1_40' title='bbox 457 819 598 874; x_wconf 81' lang='grc' dir='ltr'>εἷ-.αι</span> <span class='ocrx_word' id='word_1_41' title='bbox 625 821 767 892; x_wconf 76' lang='grc' dir='ltr'>μετὰ</span> <span class='ocrx_word' id='word_1_42' title='bbox 791 823 850 875; x_wconf 85' lang='grc' dir='ltr'><strong>τὸ</strong></span> <span class='ocrx_word' id='word_1_43' title='bbox 873 823 1149 894; x_wconf 81' lang='grc' dir='ltr'>φώτισμα,</span> <span class='ocrx_word' id='word_1_44' title='bbox 1172 825 1612 896; x_wconf 82' lang='grc' dir='ltr'>παραχαράσσων</span> <span class='ocrx_word' id='word_1_45' title='bbox 1633 844 1686 880; x_wconf 88' lang='grc' dir='ltr'><strong>τι</strong></span> <span class='ocrx_word' id='word_1_46' title='bbox 1707 827 1814 880; x_wconf 89' lang='grc' dir='ltr'><strong>τῶν</strong></span> <span class='ocrx_word' id='word_1_47' title='bbox 1842 830 2031 899; x_wconf 82' lang='grc' dir='ltr'><strong>τριῶν,</strong></span> 
     </span>
    </p>
   </div>
   <div class='ocr_carea' id='block_1_8' title="bbox 455 913 2032 990">
    <p class='ocr_par' dir='ltr' id='par_1_8' title="bbox 455 913 2032 990">
     <span class='ocr_line' id='line_1_8' title="bbox 455 913 2032 990; baseline 0.006 -25"><span class='ocrx_word' id='word_1_48' title='bbox 455 916 537 975; x_wconf 84' lang='grc' dir='ltr'><strong>είς</strong></span> <span class='ocrx_word' id='word_1_49' title='bbox 567 913 604 968; x_wconf 81' lang='grc' dir='ltr'><strong>ἆ</strong></span> <span class='ocrx_word' id='word_1_50' title='bbox 645 914 1036 984; x_wconf 76' lang='grc' dir='ltr'>βεδάπτισμαι,</span> <span class='ocrx_word' id='word_1_51' title='bbox 1076 916 1169 970; x_wconf 77' lang='grc' dir='ltr'><strong>καὶ</strong></span> <span class='ocrx_word' id='word_1_52' title='bbox 1210 915 1382 979; x_wconf 79' lang='grc' dir='ltr'>οὕτως</span> <span class='ocrx_word' id='word_1_53' title='bbox 1423 919 1718 987; x_wconf 74' lang='grc' dir='ltr'>ἐνταφῆναι</span> <span class='ocrx_word' id='word_1_54' title='bbox 1753 919 1832 989; x_wconf 81' lang='grc' dir='ltr'>τῷ</span> <span class='ocrx_word' id='word_1_55' title='bbox 1880 919 2032 990; x_wconf 82' lang='grc' dir='ltr'>ὕδατι</span> 
     </span>
    </p>
   </div>
   <div class='ocr_carea' id='block_1_9' title="bbox 452 1006 2034 1080">
    <p class='ocr_par' dir='ltr' id='par_1_9' title="bbox 452 1006 2034 1080">
     <span class='ocr_line' id='line_1_9' title="bbox 452 1006 2034 1080; baseline 0.004 -22"><span class='ocrx_word' id='word_1_56' title='bbox 452 1007 559 1059; x_wconf 77' lang='grc' dir='ltr'><strong>οὐκ</strong></span> <span class='ocrx_word' id='word_1_57' title='bbox 603 1007 684 1070; x_wconf 87' lang='grc' dir='ltr'><strong>είς</strong></span> <span class='ocrx_word' id='word_1_58' title='bbox 741 1006 1123 1078; x_wconf 82' lang='grc' dir='ltr'>άναγέννησιν,</span> <span class='ocrx_word' id='word_1_59' title='bbox 1179 1007 1298 1062; x_wconf 86' lang='grc' dir='ltr'>ἀλλ’</span> <span class='ocrx_word' id='word_1_60' title='bbox 1344 1009 1426 1072; x_wconf 81' lang='grc' dir='ltr'><strong>είς</strong></span> <span class='ocrx_word' id='word_1_61' title='bbox 1481 1009 1753 1080; x_wconf 81' lang='grc' dir='ltr'><strong>νέκρωσιν</strong></span> <span class='ocrx_word' id='word_1_62' title='bbox 1797 1010 2034 1068; x_wconf 71' lang='grc' dir='ltr'>τελειούρ</span> 
     </span>
    </p>
   </div>
   <div class='ocr_carea' id='block_1_10' title="bbox 459 1117 643 1171">
    <p class='ocr_par' dir='ltr' id='par_1_10' title="bbox 459 1117 643 1171">
     <span class='ocr_line' id='line_1_10' title="bbox 459 1117 643 1171; baseline 0.016 -20"><span class='ocrx_word' id='word_1_63' title='bbox 459 1117 643 1171; x_wconf 78' lang='grc' dir='ltr'>μενος.</span> 
     </span>
    </p>
   </div>
   <div class='ocr_carea' id='block_1_11' title="bbox 529 1300 2029 1378">
    <p class='ocr_par' dir='ltr' id='par_1_11' title="bbox 529 1300 2029 1378">
     <span class='ocr_line' id='line_1_11' title="bbox 529 1300 2029 1378; baseline -0.001 -17"><span class='ocrx_word' id='word_1_64' title='bbox 529 1308 724 1378; x_wconf 86' lang='grc' dir='ltr'>Τολμῶ</span> <span class='ocrx_word' id='word_1_65' title='bbox 745 1326 798 1360; x_wconf 88' lang='grc' dir='ltr'><strong>τι</strong></span> <span class='ocrx_word' id='word_1_66' title='bbox 833 1307 1194 1377; x_wconf 80' lang='grc' dir='ltr'>φθέγξασθαι,</span> <span class='ocrx_word' id='word_1_67' title='bbox 1299 1306 1490 1372; x_wconf 81' lang='grc' dir='ltr'>Τριὰς,</span> <span class='ocrx_word' id='word_1_68' title='bbox 1517 1306 1612 1368; x_wconf 78' lang='grc' dir='ltr'><strong>καὶ</strong></span> <span class='ocrx_word' id='word_1_69' title='bbox 1643 1305 1941 1378; x_wconf 77' lang='grc' dir='ltr'>συγγνώμη</span> <span class='ocrx_word' id='word_1_70' title='bbox 1963 1310 2029 1378; x_wconf 79' lang='grc' dir='ltr'>τῇ</span> 
     </span>
    </p>
   </div>
   <div class='ocr_carea' id='block_1_12' title="bbox 453 1396 2033 1469">
    <p class='ocr_par' dir='ltr' id='par_1_12' title="bbox 453 1396 2033 1469">
     <span class='ocr_line' id='line_1_12' title="bbox 453 1396 2033 1469; baseline 0 -17"><span class='ocrx_word' id='word_1_71' title='bbox 453 1398 683 1469; x_wconf 70' lang='grc' dir='ltr'>ἀπονοίᾳ</span> <span class='ocrx_word' id='word_1_72' title='bbox 704 1418 722 1433; x_wconf 69' lang='grc' dir='ltr'>υ</span> <span class='ocrx_word' id='word_1_73' title='bbox 745 1400 884 1468; x_wconf 62' lang='grc' dir='ltr'>ιπερὶ</span> <span class='ocrx_word' id='word_1_74' title='bbox 912 1399 1090 1468; x_wconf 77' lang='grc' dir='ltr'>ψυχῆς</span> <span class='ocrx_word' id='word_1_75' title='bbox 1125 1397 1232 1468; x_wconf 84' lang='grc' dir='ltr'>γὰρ</span> <span class='ocrx_word' id='word_1_76' title='bbox 1259 1398 1289 1450; x_wconf 92' lang='lat'><strong>6</strong></span> <span class='ocrx_word' id='word_1_77' title='bbox 1311 1397 1572 1459; x_wconf 86' lang='grc' dir='ltr'>κίνδυνος.</span> <span class='ocrx_word' id='word_1_78' title='bbox 1601 1396 1780 1451; x_wconf 84' lang='grc' dir='ltr'>Είκών</span> <span class='ocrx_word' id='word_1_79' title='bbox 1803 1399 1917 1467; x_wconf 79' lang='grc' dir='ltr'>εἰμι</span> <span class='ocrx_word' id='word_1_80' title='bbox 1940 1399 2033 1452; x_wconf 72' lang='grc' dir='ltr'><strong>καὶ</strong></span> 
     </span>
    </p>
   </div>
   <div class='ocr_carea' id='block_1_13' title="bbox 452 1489 2028 1562">
    <p class='ocr_par' dir='ltr' id='par_1_13' title="bbox 452 1489 2028 1562">
     <span class='ocr_line' id='line_1_13' title="bbox 452 1489 2028 1562; baseline -0.001 -16"><span class='ocrx_word' id='word_1_81' title='bbox 452 1493 618 1555; x_wconf 86' lang='grc' dir='ltr'>αὐτὸς</span> <span class='ocrx_word' id='word_1_82' title='bbox 668 1491 803 1544; x_wconf 83' lang='grc' dir='ltr'><strong>Θεοῦ</strong></span> <span class='ocrx_word' id='word_1_83' title='bbox 838 1491 1090 1559; x_wconf 68' lang='grc' dir='ltr'>τῆςάνω</span> <span class='ocrx_word' id='word_1_84' title='bbox 1120 1491 1312 1560; x_wconf 84' lang='grc' dir='ltr'>δόξης,</span> <span class='ocrx_word' id='word_1_85' title='bbox 1341 1492 1390 1543; x_wconf 86' lang='grc' dir='ltr'><strong>εί</strong></span> <span class='ocrx_word' id='word_1_86' title='bbox 1439 1489 1535 1544; x_wconf 62' lang='grc' dir='ltr'><strong>καὶ⁵</strong></span> <span class='ocrx_word' id='word_1_87' title='bbox 1574 1493 1727 1546; x_wconf 86' lang='grc' dir='ltr'>κάτω</span> <span class='ocrx_word' id='word_1_88' title='bbox 1760 1490 2028 1562; x_wconf 78' lang='grc' dir='ltr'>τέθειμαι.</span> 
     </span>
    </p>
   </div>
   <div class='ocr_carea' id='block_1_14' title="bbox 451 1581 2032 1655">
    <p class='ocr_par' dir='ltr' id='par_1_14' title="bbox 451 1581 2032 1655">
     <span class='ocr_line' id='line_1_14' title="bbox 451 1581 2032 1655; baseline 0 -17"><span class='ocrx_word' id='word_1_89' title='bbox 451 1586 528 1638; x_wconf 81' lang='grc' dir='ltr'><strong>Οὐ</strong></span> <span class='ocrx_word' id='word_1_90' title='bbox 570 1583 830 1655; x_wconf 77' lang='grc' dir='ltr'>πείθομαι</span> <span class='ocrx_word' id='word_1_91' title='bbox 862 1583 941 1652; x_wconf 85' lang='grc' dir='ltr'>τῷ</span> <span class='ocrx_word' id='word_1_92' title='bbox 980 1583 1228 1654; x_wconf 80' lang='grc' dir='ltr'><strong>ὁμοτίμῳ</strong></span> <span class='ocrx_word' id='word_1_93' title='bbox 1267 1581 1554 1646; x_wconf 78' lang='grc' dir='ltr'>σώζεσθαι.</span> <span class='ocrx_word' id='word_1_94' title='bbox 1583 1585 1656 1636; x_wconf 73' lang='lat' dir='ltr'><strong>Et</strong></span> <span class='ocrx_word' id='word_1_95' title='bbox 1698 1583 1772 1652; x_wconf 81' lang='grc' dir='ltr'>μὴ</span> <span class='ocrx_word' id='word_1_96' title='bbox 1803 1584 1935 1647; x_wconf 81' lang='grc' dir='ltr'>Θεὸς</span> <span class='ocrx_word' id='word_1_97' title='bbox 1972 1584 2032 1638; x_wconf 86' lang='grc' dir='ltr'><strong>τὸ</strong></span> 
     </span>
    </p>
   </div>
   <div class='ocr_carea' id='block_1_15' title="bbox 450 1674 2032 1746">
    <p class='ocr_par' dir='ltr' id='par_1_15' title="bbox 450 1674 2032 1746">
     <span class='ocr_line' id='line_1_15' title="bbox 450 1674 2032 1746; baseline -0.001 -16"><span class='ocrx_word' id='word_1_98' title='bbox 450 1677 680 1746; x_wconf 78' lang='grc' dir='ltr'><strong>Πνεῦμα</strong></span> <span class='ocrx_word' id='word_1_99' title='bbox 706 1676 766 1729; x_wconf 87' lang='grc' dir='ltr'><strong>τὸ</strong></span> <span class='ocrx_word' id='word_1_100' title='bbox 789 1677 963 1744; x_wconf 74' lang='grc' dir='ltr'>ἅγιον,</span> <span class='ocrx_word' id='word_1_101' title='bbox 989 1675 1250 1744; x_wconf 81' lang='grc' dir='ltr'>θεωθήτω</span> <span class='ocrx_word' id='word_1_102' title='bbox 1282 1675 1515 1744; x_wconf 85' lang='grc' dir='ltr'>πρῶτον,</span> <span class='ocrx_word' id='word_1_103' title='bbox 1543 1674 1637 1727; x_wconf 77' lang='grc' dir='ltr'>καὶ</span> <span class='ocrx_word' id='word_1_104' title='bbox 1657 1674 1800 1727; x_wconf 77' lang='grc' dir='ltr'>οὕτω</span> <span class='ocrx_word' id='word_1_105' title='bbox 1828 1675 2032 1729; x_wconf 82' lang='grc' dir='ltr'>θεούτω</span> 
     </span>
    </p>
   </div>
   <div class='ocr_carea' id='block_1_16' title="bbox 451 1765 2030 1840">
    <p class='ocr_par' dir='ltr' id='par_1_16' title="bbox 451 1765 2030 1840">
     <span class='ocr_line' id='line_1_16' title="bbox 451 1765 2030 1840; baseline -0.001 -18"><span class='ocrx_word' id='word_1_106' title='bbox 451 1787 520 1840; x_wconf 88' lang='grc' dir='ltr'><strong>με</strong></span> <span class='ocrx_word' id='word_1_107' title='bbox 560 1769 654 1822; x_wconf 91' lang='grc' dir='ltr'><strong>τὸν</strong></span> <span class='ocrx_word' id='word_1_108' title='bbox 684 1768 967 1838; x_wconf 85' lang='grc' dir='ltr'>ὁμότιμον.</span> <span class='ocrx_word' id='word_1_109' title='bbox 1006 1767 1121 1820; x_wconf 84' lang='grc' dir='ltr'>Νῦν</span> <span class='ocrx_word' id='word_1_110' title='bbox 1151 1767 1208 1820; x_wconf 80' lang='grc' dir='ltr'>δὲ</span> <span class='ocrx_word' id='word_1_111' title='bbox 1240 1767 1325 1829; x_wconf 87' lang='grc' dir='ltr'><strong>τίς</strong></span> <span class='ocrx_word' id='word_1_112' title='bbox 1353 1768 1385 1836; x_wconf 83' lang='grc' dir='ltr'>ή</span> <span class='ocrx_word' id='word_1_113' title='bbox 1417 1766 1601 1836; x_wconf 80' lang='grc' dir='ltr'><strong>ἀπάτη</strong></span> <span class='ocrx_word' id='word_1_114' title='bbox 1640 1766 1738 1836; x_wconf 80' lang='grc' dir='ltr'>τῆς</span> <span class='ocrx_word' id='word_1_115' title='bbox 1773 1765 1995 1839; x_wconf 81' lang='grc' dir='ltr'>χάριτος</span> <span class='ocrx_word' id='word_1_116' title='bbox 2015 1805 2030 1829; x_wconf 84' lang='grc'><strong>,</strong></span> 
     </span>
    </p>
   </div>
   <div class='ocr_carea' id='block_1_17' title="bbox 454 1851 2032 1932">
    <p class='ocr_par' dir='ltr' id='par_1_17' title="bbox 454 1851 2032 1932">
     <span class='ocr_line' id='line_1_17' title="bbox 454 1851 2032 1932; baseline -0.001 -18"><span class='ocrx_word' id='word_1_117' title='bbox 454 1861 658 1932; x_wconf 83' lang='grc' dir='ltr'>μᾶλλον</span> <span class='ocrx_word' id='word_1_118' title='bbox 693 1851 760 1913; x_wconf 63' lang='grc' dir='ltr'><strong>’δὲ</strong></span> <span class='ocrx_word' id='word_1_119' title='bbox 808 1861 919 1913; x_wconf 92' lang='grc' dir='ltr'><strong>τῶν</strong></span> <span class='ocrx_word' id='word_1_120' title='bbox 949 1859 1209 1913; x_wconf 86' lang='grc' dir='ltr'><strong>-διδόντων</strong></span> <span class='ocrx_word' id='word_1_121' title='bbox 1253 1859 1353 1927; x_wconf 85' lang='grc' dir='ltr'>τὴν</span> <span class='ocrx_word' id='word_1_122' title='bbox 1408 1859 1590 1929; x_wconf 80' lang='grc' dir='ltr'><strong>χάριν,</strong></span> <span class='ocrx_word' id='word_1_123' title='bbox 1629 1858 1706 1921; x_wconf 84' lang='grc' dir='ltr'><strong>ὡς</strong></span> <span class='ocrx_word' id='word_1_124' title='bbox 1761 1861 1842 1922; x_wconf 86' lang='grc' dir='ltr'><strong>είς</strong></span> <span class='ocrx_word' id='word_1_125' title='bbox 1898 1859 2032 1913; x_wconf 87' lang='grc' dir='ltr'>Θεὸν</span> 
     </span>
    </p>
   </div>
   <div class='ocr_carea' id='block_1_18' title="bbox 448 1951 2032 2022">
    <p class='ocr_par' dir='ltr' id='par_1_18' title="bbox 448 1951 2032 2022">
     <span class='ocr_line' id='line_1_18' title="bbox 448 1951 2032 2022; baseline -0.002 -15"><span class='ocrx_word' id='word_1_126' title='bbox 448 1953 778 2015; x_wconf 82' lang='grc' dir='ltr'>πιστεῦσαι,</span> <span class='ocrx_word' id='word_1_127' title='bbox 813 1954 909 2007; x_wconf 74' lang='grc' dir='ltr'><strong>καὶ</strong></span> <span class='ocrx_word' id='word_1_128' title='bbox 942 1952 1187 2005; x_wconf 82' lang='grc' dir='ltr'><strong>ἀνελθεῖν</strong></span> <span class='ocrx_word' id='word_1_129' title='bbox 1219 1951 1414 2017; x_wconf 83' lang='grc' dir='ltr'>άθεον;</span> <span class='ocrx_word' id='word_1_130' title='bbox 1455 1952 1618 2004; x_wconf 70' lang='grc' dir='ltr'>Ἄλλο</span> <span class='ocrx_word' id='word_1_131' title='bbox 1651 1951 2032 2022; x_wconf 78' lang='grc' dir='ltr'>καθομολογῆ-</span> 
     </span>
    </p>
   </div>
   <div class='ocr_carea' id='block_1_19' title="bbox 447 2038 2030 2113">
    <p class='ocr_par' dir='ltr' id='par_1_19' title="bbox 447 2038 2030 2113">
     <span class='ocr_line' id='line_1_19' title="bbox 447 2038 2030 2113; baseline -0.002 -15"><span class='ocrx_word' id='word_1_132' title='bbox 447 2063 561 2112; x_wconf 87' lang='grc' dir='ltr'>σαι,</span> <span class='ocrx_word' id='word_1_133' title='bbox 587 2046 681 2099; x_wconf 76' lang='grc' dir='ltr'><strong>καὶ</strong></span> <span class='ocrx_word' id='word_1_134' title='bbox 710 2046 839 2098; x_wconf 79' lang='grc' dir='ltr'>ἄλλο</span> <span class='ocrx_word' id='word_1_135' title='bbox 861 2043 1239 2110; x_wconf 81' lang='grc' dir='ltr'>διδάσκεσθαι;</span> <span class='ocrx_word' id='word_1_136' title='bbox 1265 2038 1388 2096; x_wconf 73' lang='grc' dir='ltr'>Οἴαι</span> <span class='ocrx_word' id='word_1_137' title='bbox 1414 2043 1524 2095; x_wconf 90' lang='grc' dir='ltr'><strong>τῶν</strong></span> <span class='ocrx_word' id='word_1_138' title='bbox 1544 2043 1718 2109; x_wconf 84' lang='grc' dir='ltr'>λόγων</span> <span class='ocrx_word' id='word_1_139' title='bbox 1734 2043 1793 2094; x_wconf 81' lang='grc' dir='ltr'>αἱ</span> <span class='ocrx_word' id='word_1_140' title='bbox 1813 2042 2030 2113; x_wconf 78' lang='grc' dir='ltr'>κλοπαὶ,</span> 
     </span>
    </p>
   </div>
   <div class='ocr_carea' id='block_1_20' title="bbox 448 2135 2033 2207">
    <p class='ocr_par' dir='ltr' id='par_1_20' title="bbox 448 2135 2033 2207">
     <span class='ocr_line' id='line_1_20' title="bbox 448 2135 2033 2207; baseline -0.002 -16"><span class='ocrx_word' id='word_1_141' title='bbox 448 2138 782 2200; x_wconf 20' lang='grc' dir='ltr'>καὶνάπάται</span> <span class='ocrx_word' id='word_1_142' title='bbox 815 2136 883 2190; x_wconf 86' lang='grc' dir='ltr'><strong>δι’</strong></span> <span class='ocrx_word' id='word_1_143' title='bbox 909 2136 1076 2206; x_wconf 76' lang='grc' dir='ltr'>ἄλλης</span> <span class='ocrx_word' id='word_1_144' title='bbox 1111 2137 1435 2207; x_wconf 76' lang='grc' dir='ltr'><strong>ἐρωτήσεως</strong></span> <span class='ocrx_word' id='word_1_145' title='bbox 1457 2176 1473 2202; x_wconf 93' lang='grc'><strong>,</strong></span> <span class='ocrx_word' id='word_1_146' title='bbox 1505 2136 1598 2188; x_wconf 77' lang='grc' dir='ltr'><strong>καὶ</strong></span> <span class='ocrx_word' id='word_1_147' title='bbox 1631 2135 1921 2206; x_wconf 74' lang='grc' dir='ltr'><strong>ὁμολογίας</strong></span> <span class='ocrx_word' id='word_1_148' title='bbox 1953 2136 2033 2199; x_wconf 85' lang='grc' dir='ltr'><strong>εἰς</strong></span> 
     </span>
    </p>
   </div>
   <div class='ocr_carea' id='block_1_21' title="bbox 446 2227 2032 2302">
    <p class='ocr_par' dir='ltr' id='par_1_21' title="bbox 446 2227 2032 2302">
     <span class='ocr_line' id='line_1_21' title="bbox 446 2227 2032 2302; baseline -0.001 -19"><span class='ocrx_word' id='word_1_149' title='bbox 446 2232 576 2284; x_wconf 80' lang='grc' dir='ltr'>ἄλλο</span> <span class='ocrx_word' id='word_1_150' title='bbox 615 2233 921 2302; x_wconf 73' lang='grc' dir='ltr'>φέρουσαις</span> <span class='ocrx_word' id='word_1_151' title='bbox 957 2228 1115 2299; x_wconf 81' lang='grc' dir='ltr'>Οίμοι</span> <span class='ocrx_word' id='word_1_152' title='bbox 1148 2229 1245 2297; x_wconf 84' lang='grc' dir='ltr'>τῆς</span> <span class='ocrx_word' id='word_1_153' title='bbox 1275 2228 1686 2299; x_wconf 77' lang='grc' dir='ltr'>λαμπρότητοςι</span> <span class='ocrx_word' id='word_1_154' title='bbox 1720 2230 1768 2282; x_wconf 78' lang='grc' dir='ltr'><strong>εί</strong></span> <span class='ocrx_word' id='word_1_155' title='bbox 1804 2228 1944 2299; x_wconf 85' lang='grc' dir='ltr'>μετὰ</span> <span class='ocrx_word' id='word_1_156' title='bbox 1973 2227 2032 2282; x_wconf 81' lang='grc' dir='ltr'><strong>τὸ</strong></span> 
     </span>
    </p>
   </div>
   <div class='ocr_carea' id='block_1_22' title="bbox 445 2320 2032 2392">
    <p class='ocr_par' dir='ltr' id='par_1_22' title="bbox 445 2320 2032 2392">
     <span class='ocr_line' id='line_1_22' title="bbox 445 2320 2032 2392; baseline 0 -18"><span class='ocrx_word' id='word_1_157' title='bbox 445 2322 671 2392; x_wconf 85' lang='grc' dir='ltr'>λουτρὸν</span> <span class='ocrx_word' id='word_1_158' title='bbox 717 2322 1109 2392; x_wconf 79' lang='grc' dir='ltr'>μεμελάνωμαι</span> <span class='ocrx_word' id='word_1_159' title='bbox 1136 2336 1149 2350; x_wconf 89' lang='grc'><strong>·</strong></span> <span class='ocrx_word' id='word_1_160' title='bbox 1192 2322 1240 2373; x_wconf 89' lang='grc' dir='ltr'><strong>εί</strong></span> <span class='ocrx_word' id='word_1_161' title='bbox 1288 2320 1703 2391; x_wconf 78' lang='grc' dir='ltr'><strong>λαμπροτέρους</strong></span> <span class='ocrx_word' id='word_1_162' title='bbox 1746 2322 1856 2390; x_wconf 81' lang='grc' dir='ltr'>ὁρῶ</span> <span class='ocrx_word' id='word_1_163' title='bbox 1905 2321 2032 2386; x_wconf 82' lang='grc' dir='ltr'>τοὺς</span> 
     </span>
    </p>
   </div>
   <div class='ocr_carea' id='block_1_23' title="bbox 445 2412 2026 2486">
    <p class='ocr_par' dir='ltr' id='par_1_23' title="bbox 445 2412 2026 2486">
     <span class='ocr_line' id='line_1_23' title="bbox 445 2412 2026 2486; baseline -0.001 -18"><span class='ocrx_word' id='word_1_164' title='bbox 445 2417 598 2468; x_wconf 83' lang='grc' dir='ltr'>οῦπω</span> <span class='ocrx_word' id='word_1_165' title='bbox 633 2414 1084 2486; x_wconf 82' lang='grc' dir='ltr'>κεκαθαρμένους</span> <span class='ocrx_word' id='word_1_166' title='bbox 1112 2429 1128 2444; x_wconf 74' lang='grc' dir='ltr'><strong><em>ο</em></strong></span> <span class='ocrx_word' id='word_1_167' title='bbox 1169 2415 1215 2466; x_wconf 82' lang='grc' dir='ltr'><strong>εί</strong></span> <span class='ocrx_word' id='word_1_168' title='bbox 1245 2415 1311 2483; x_wconf 83' lang='grc' dir='ltr'>τῇ</span> <span class='ocrx_word' id='word_1_169' title='bbox 1330 2413 1424 2465; x_wconf 88' lang='grc' dir='ltr'><strong>τοῦ</strong></span> <span class='ocrx_word' id='word_1_170' title='bbox 1451 2412 1756 2466; x_wconf 86' lang='grc' dir='ltr'>Βαπτιστοῦ</span> <span class='ocrx_word' id='word_1_171' title='bbox 1793 2412 2026 2466; x_wconf 80' lang='grc' dir='ltr'>κακοδο-</span> 
     </span>
    </p>
   </div>
   <div class='ocr_carea' id='block_1_24' title="bbox 417 2503 2029 2577">
    <p class='ocr_par' dir='ltr' id='par_1_24' title="bbox 417 2503 2029 2577">
     <span class='ocr_line' id='line_1_24' title="bbox 417 2503 2029 2577; baseline -0.002 -18"><span class='ocrx_word' id='word_1_172' title='bbox 417 2508 535 2576; x_wconf 47' lang='lat' dir='ltr'><strong>ﬁt;</strong></span> <span class='ocrx_word' id='word_1_173' title='bbox 569 2506 875 2577; x_wconf 80' lang='grc' dir='ltr'>κυθεύομαι</span> <span class='ocrx_word' id='word_1_174' title='bbox 903 2523 916 2537; x_wconf 89' lang='grc'><strong>·</strong></span> <span class='ocrx_word' id='word_1_175' title='bbox 955 2508 1002 2559; x_wconf 83' lang='grc' dir='ltr'><strong>εί</strong></span> <span class='ocrx_word' id='word_1_176' title='bbox 1041 2504 1188 2576; x_wconf 80' lang='grc' dir='ltr'>ζητῶ</span> <span class='ocrx_word' id='word_1_177' title='bbox 1224 2505 1448 2574; x_wconf 83' lang='grc' dir='ltr'>Πνεῦμα</span> <span class='ocrx_word' id='word_1_178' title='bbox 1483 2506 1768 2573; x_wconf 82' lang='grc' dir='ltr'>κρεῖττον,</span> <span class='ocrx_word' id='word_1_179' title='bbox 1804 2503 1900 2560; x_wconf 76' lang='grc' dir='ltr'><strong>καὶ</strong></span> <span class='ocrx_word' id='word_1_180' title='bbox 1930 2503 2029 2573; x_wconf 85' lang='grc' dir='ltr'><strong>οὐχ</strong></span> 
     </span>
    </p>
   </div>
   <div class='ocr_carea' id='block_1_25' title="bbox 445 2595 2028 2670">
    <p class='ocr_par' dir='ltr' id='par_1_25' title="bbox 445 2595 2028 2670">
     <span class='ocr_line' id='line_1_25' title="bbox 445 2595 2028 2670; baseline -0.003 -18"><span class='ocrx_word' id='word_1_181' title='bbox 445 2601 708 2670; x_wconf 86' lang='grc' dir='ltr'>εὑρίσκω.</span> <span class='ocrx_word' id='word_1_182' title='bbox 747 2600 854 2661; x_wconf 79' lang='grc' dir='ltr'>Δός</span> <span class='ocrx_word' id='word_1_183' title='bbox 901 2615 992 2666; x_wconf 87' lang='grc' dir='ltr'><strong>μοι</strong></span> <span class='ocrx_word' id='word_1_184' title='bbox 1021 2597 1262 2667; x_wconf 74' lang='grc' dir='ltr'>λουτρὸν</span> <span class='ocrx_word' id='word_1_185' title='bbox 1306 2596 1578 2667; x_wconf 82' lang='grc' dir='ltr'>δεύτερον,</span> <span class='ocrx_word' id='word_1_186' title='bbox 1622 2597 1718 2649; x_wconf 78' lang='grc' dir='ltr'><strong>καὶ</strong></span> <span class='ocrx_word' id='word_1_187' title='bbox 1767 2595 1896 2666; x_wconf 77' lang='grc' dir='ltr'>περὶ</span> <span class='ocrx_word' id='word_1_188' title='bbox 1933 2595 2028 2650; x_wconf 87' lang='grc' dir='ltr'><strong>τοῦ</strong></span> 
     </span>
    </p>
   </div>
   <div class='ocr_carea' id='block_1_26' title="bbox 449 2686 2030 2762">
    <p class='ocr_par' dir='ltr' id='par_1_26' title="bbox 449 2686 2030 2762">
     <span class='ocr_line' id='line_1_26' title="bbox 449 2686 2030 2762; baseline -0.005 -16"><span class='ocrx_word' id='word_1_189' title='bbox 449 2692 668 2762; x_wconf 77' lang='grc' dir='ltr'>πρώτου</span> <span class='ocrx_word' id='word_1_190' title='bbox 695 2692 884 2755; x_wconf 78' lang='grc' dir='ltr'>κακῶς</span> <span class='ocrx_word' id='word_1_191' title='bbox 915 2693 1187 2760; x_wconf 72' lang='grc' dir='ltr'>ἐννόησον.</span> <span class='ocrx_word' id='word_1_192' title='bbox 1224 2690 1288 2740; x_wconf 88' lang='grc' dir='ltr'>Τί</span> <span class='ocrx_word' id='word_1_193' title='bbox 1319 2706 1408 2758; x_wconf 90' lang='grc' dir='ltr'><strong>μοι</strong></span> <span class='ocrx_word' id='word_1_194' title='bbox 1440 2688 1654 2756; x_wconf 81' lang='grc' dir='ltr'>φθονεῖς</span> <span class='ocrx_word' id='word_1_195' title='bbox 1683 2686 1784 2755; x_wconf 82' lang='grc' dir='ltr'>τῆς</span> <span class='ocrx_word' id='word_1_196' title='bbox 1815 2687 2030 2749; x_wconf 78' lang='grc' dir='ltr'>τελείας</span> 
     </span>
    </p>
   </div>
   <div class='ocr_carea' id='block_1_27' title="bbox 444 2774 2028 2854">
    <p class='ocr_par' dir='ltr' id='par_1_27' title="bbox 444 2774 2028 2854">
     <span class='ocr_line' id='line_1_27' title="bbox 444 2774 2028 2854; baseline -0.003 -16"><span class='ocrx_word' id='word_1_197' title='bbox 444 2785 864 2854; x_wconf 78' lang='grc' dir='ltr'>άναγεννήσεως</span> <span class='ocrx_word' id='word_1_198' title='bbox 895 2799 910 2848; x_wconf 91' lang='grc'><strong>;</strong></span> <span class='ocrx_word' id='word_1_199' title='bbox 943 2785 1008 2836; x_wconf 85' lang='grc' dir='ltr'>Τί</span> <span class='ocrx_word' id='word_1_200' title='bbox 1034 2799 1099 2853; x_wconf 89' lang='grc' dir='ltr'><strong>με</strong></span> <span class='ocrx_word' id='word_1_201' title='bbox 1131 2784 1304 2845; x_wconf 86' lang='grc' dir='ltr'>ποιεῖς</span> <span class='ocrx_word' id='word_1_202' title='bbox 1331 2782 1456 2835; x_wconf 88' lang='grc' dir='ltr'>ναὸν</span> <span class='ocrx_word' id='word_1_203' title='bbox 1485 2779 1616 2833; x_wconf 74' lang='grc' dir='ltr'>ὄντα</span> <span class='ocrx_word' id='word_1_204' title='bbox 1647 2774 1741 2832; x_wconf 87' lang='grc' dir='ltr'><strong>τοῦ</strong></span> <span class='ocrx_word' id='word_1_205' title='bbox 1774 2777 2028 2848; x_wconf 78' lang='grc' dir='ltr'>Πνεῦμα-</span> 
     </span>
    </p>
   </div>
   <div class='ocr_carea' id='block_1_28' title="bbox 444 2869 2026 2945">
    <p class='ocr_par' dir='ltr' id='par_1_28' title="bbox 444 2869 2026 2945">
     <span class='ocr_line' id='line_1_28' title="bbox 444 2869 2026 2945; baseline -0.004 -16"><span class='ocrx_word' id='word_1_206' title='bbox 444 2894 535 2941; x_wconf 89' lang='grc' dir='ltr'><strong>τος</strong></span> <span class='ocrx_word' id='word_1_207' title='bbox 577 2877 655 2939; x_wconf 85' lang='grc' dir='ltr'>ὡς</span> <span class='ocrx_word' id='word_1_208' title='bbox 691 2876 827 2929; x_wconf 83' lang='grc' dir='ltr'>Θεοῦ</span> <span class='ocrx_word' id='word_1_209' title='bbox 867 2877 1289 2945; x_wconf 75' lang='grc' dir='ltr'>κατοικητήριον</span> <span class='ocrx_word' id='word_1_210' title='bbox 1331 2875 1666 2943; x_wconf 77' lang='grc' dir='ltr'>κτίσματοςς</span> <span class='ocrx_word' id='word_1_211' title='bbox 1715 2871 1779 2923; x_wconf 87' lang='grc' dir='ltr'>Τί</span> <span class='ocrx_word' id='word_1_212' title='bbox 1806 2871 1879 2923; x_wconf 78' lang='grc' dir='ltr'><strong>τὸ</strong></span> <span class='ocrx_word' id='word_1_213' title='bbox 1909 2869 2026 2940; x_wconf 78' lang='grc' dir='ltr'>,μὲν</span> 
     </span>
    </p>
   </div>
   <div class='ocr_carea' id='block_1_29' title="bbox 446 2962 2026 3040">
    <p class='ocr_par' dir='ltr' id='par_1_29' title="bbox 446 2962 2026 3040">
     <span class='ocr_line' id='line_1_29' title="bbox 446 2962 2026 3040; baseline -0.006 -17"><span class='ocrx_word' id='word_1_214' title='bbox 446 2971 612 3040; x_wconf 77' lang='grc' dir='ltr'>τιμᾷς</span> <span class='ocrx_word' id='word_1_215' title='bbox 654 2969 764 3023; x_wconf 88' lang='grc' dir='ltr'><strong>τῶν</strong></span> <span class='ocrx_word' id='word_1_216' title='bbox 811 2969 981 3039; x_wconf 77' lang='grc' dir='ltr'>ἐμῶν,</span> <span class='ocrx_word' id='word_1_217' title='bbox 1033 2969 1092 3020; x_wconf 87' lang='grc' dir='ltr'><strong>τὸ</strong></span> <span class='ocrx_word' id='word_1_218' title='bbox 1122 2967 1186 3021; x_wconf 84' lang='grc' dir='ltr'>δὲ</span> <span class='ocrx_word' id='word_1_219' title='bbox 1232 2966 1542 3037; x_wconf 77' lang='grc' dir='ltr'>ἀτιμάζεις,</span> <span class='ocrx_word' id='word_1_220' title='bbox 1585 2962 2026 3032; x_wconf 73' lang='grc' dir='ltr'>κακῶς-θειότητι</span> 
     </span>
    </p>
   </div>
   <div class='ocr_carea' id='block_1_30' title="bbox 443 3053 2047 3132">
    <p class='ocr_par' dir='ltr' id='par_1_30' title="bbox 443 3053 2047 3132">
     <span class='ocr_line' id='line_1_30' title="bbox 443 3053 2047 3132; baseline -0.004 -18"><span class='ocrx_word' id='word_1_221' title='bbox 443 3061 686 3126; x_wconf 83' lang='grc' dir='ltr'>διαιτῶν,</span> <span class='ocrx_word' id='word_1_222' title='bbox 721 3059 788 3115; x_wconf 82' lang='grc' dir='ltr'><strong>ἵν’</strong></span> <span class='ocrx_word' id='word_1_223' title='bbox 810 3061 933 3132; x_wconf 76' lang='grc' dir='ltr'>ἐμοὶ</span> <span class='ocrx_word' id='word_1_224' title='bbox 960 3059 1134 3132; x_wconf 78' lang='grc' dir='ltr'>τέμῃς</span> <span class='ocrx_word' id='word_1_225' title='bbox 1164 3058 1224 3112; x_wconf 88' lang='grc' dir='ltr'><strong>τὸ</strong></span> <span class='ocrx_word' id='word_1_226' title='bbox 1245 3059 1516 3128; x_wconf 84' lang='grc' dir='ltr'>χάρισμα,</span> <span class='ocrx_word' id='word_1_227' title='bbox 1548 3055 1750 3126; x_wconf 84' lang='grc' dir='ltr'>μᾶλλον</span> <span class='ocrx_word' id='word_1_228' title='bbox 1778 3054 1834 3108; x_wconf 83' lang='grc' dir='ltr'>δὲ</span> <span class='ocrx_word' id='word_1_229' title='bbox 1861 3053 2047 3107; x_wconf 72' lang='grc' dir='ltr'>αὐτὸν</span> 
     </span>
    </p>
   </div>
   <div class='ocr_carea' id='block_1_31' title="bbox 444 3140 2028 3225">
    <p class='ocr_par' dir='ltr' id='par_1_31' title="bbox 444 3140 2028 3225">
     <span class='ocr_line' id='line_1_31' title="bbox 444 3140 2028 3225; baseline -0.007 -18"><span class='ocrx_word' id='word_1_230' title='bbox 444 3154 548 3223; x_wconf 73' lang='grc' dir='ltr'><strong>ἐμὲ</strong></span> <span class='ocrx_word' id='word_1_231' title='bbox 579 3155 655 3224; x_wconf 83' lang='grc' dir='ltr'>τῷ</span> <span class='ocrx_word' id='word_1_232' title='bbox 676 3154 1015 3225; x_wconf 77' lang='grc' dir='ltr'>χαρίσματι;</span> <span class='ocrx_word' id='word_1_233' title='bbox 1051 3154 1121 3205; x_wconf 86' lang='grc' dir='ltr'><em>Ἢ</em></span> <span class='ocrx_word' id='word_1_234' title='bbox 1151 3151 1210 3205; x_wconf 87' lang='grc' dir='ltr'><strong>τὸ</strong></span> <span class='ocrx_word' id='word_1_235' title='bbox 1235 3153 1341 3205; x_wconf 78' lang='grc' dir='ltr'>πᾶν</span> <span class='ocrx_word' id='word_1_236' title='bbox 1371 3155 1624 3220; x_wconf 83' lang='grc' dir='ltr'>τίμησον,</span> <span class='ocrx_word' id='word_1_237' title='bbox 1656 3140 1702 3199; x_wconf 84' lang='grc' dir='ltr'>ὧ</span> <span class='ocrx_word' id='word_1_238' title='bbox 1727 3145 1880 3202; x_wconf 80' lang='grc' dir='ltr'>καινὲ</span> <span class='ocrx_word' id='word_1_239' title='bbox 1913 3144 2028 3197; x_wconf 82' lang='grc' dir='ltr'>θεο-</span> 
     </span>
    </p>
   </div>
   <div class='ocr_carea' id='block_1_32' title="bbox 2136 649 3714 724">
    <p class='ocr_par' dir='ltr' id='par_1_32' title="bbox 2136 649 3714 724">
     <span class='ocr_line' id='line_1_32' title="bbox 2136 649 3714 724; baseline 0.005 -20"><span class='ocrx_word' id='word_1_240' title='bbox 2136 649 2534 724; x_wconf 80' lang='lat' dir='ltr'><strong>observandum</strong></span> <span class='ocrx_word' id='word_1_241' title='bbox 2555 693 2571 718; x_wconf 94' lang='lat'><strong>,</strong></span> <span class='ocrx_word' id='word_1_242' title='bbox 2603 653 2748 722; x_wconf 88' lang='lat' dir='ltr'><strong>quod</strong></span> <span class='ocrx_word' id='word_1_243' title='bbox 2785 668 2908 707; x_wconf 91' lang='lat' dir='ltr'><strong>cum</strong></span> <span class='ocrx_word' id='word_1_244' title='bbox 2927 653 3190 708; x_wconf 81' lang='lat' dir='ltr'><strong>Dominus</strong></span> <span class='ocrx_word' id='word_1_245' title='bbox 3226 655 3298 709; x_wconf 91' lang='lat' dir='ltr'><strong>sit</strong></span> <span class='ocrx_word' id='word_1_246' title='bbox 3329 657 3392 721; x_wconf 88' lang='lat' dir='ltr'><strong>is,</strong></span> <span class='ocrx_word' id='word_1_247' title='bbox 3426 657 3512 711; x_wconf 90' lang='lat' dir='ltr'><strong>cui</strong></span> <span class='ocrx_word' id='word_1_248' title='bbox 3546 658 3714 713; x_wconf 84' lang='lat' dir='ltr'><strong>male-</strong></span> 
     </span>
    </p>
   </div>
   <div class='ocr_carea' id='block_1_33' title="bbox 2135 742 3711 818">
    <p class='ocr_par' dir='ltr' id='par_1_33' title="bbox 2135 742 3711 818">
     <span class='ocr_line' id='line_1_33' title="bbox 2135 742 3711 818; baseline 0.004 -20"><span class='ocrx_word' id='word_1_249' title='bbox 2135 742 2336 798; x_wconf 86' lang='lat' dir='ltr'><strong>dicitur</strong></span> <span class='ocrx_word' id='word_1_250' title='bbox 2371 743 2634 814; x_wconf 74' lang='lat' dir='ltr'><strong>Spiritus,</strong></span> <span class='ocrx_word' id='word_1_251' title='bbox 2667 752 2921 816; x_wconf 81' lang='lat' dir='ltr'><strong>tanquam</strong></span> <span class='ocrx_word' id='word_1_252' title='bbox 2976 747 3237 802; x_wconf 85' lang='lat' dir='ltr'><strong>Dominus</strong></span> <span class='ocrx_word' id='word_1_253' title='bbox 3270 748 3413 803; x_wconf 88' lang='lat' dir='ltr'><strong>ultor</strong></span> <span class='ocrx_word' id='word_1_254' title='bbox 3470 751 3711 818; x_wconf 78' lang='lat' dir='ltr'><strong>exsistit,</strong></span> 
     </span>
    </p>
   </div>
   <div class='ocr_carea' id='block_1_34' title="bbox 2134 831 3711 909">
    <p class='ocr_par' dir='ltr' id='par_1_34' title="bbox 2134 831 3711 909">
     <span class='ocr_line' id='line_1_34' title="bbox 2134 831 3711 909; baseline 0.005 -21"><span class='ocrx_word' id='word_1_255' title='bbox 2134 831 2276 888; x_wconf 76' lang='lat' dir='ltr'><strong>ferre</strong></span> <span class='ocrx_word' id='word_1_256' title='bbox 2333 850 2443 890; x_wconf 92' lang='lat' dir='ltr'><strong>non</strong></span> <span class='ocrx_word' id='word_1_257' title='bbox 2474 851 2716 906; x_wconf 85' lang='lat' dir='ltr'><strong>possum,</strong></span> <span class='ocrx_word' id='word_1_258' title='bbox 2752 845 2811 891; x_wconf 91' lang='lat' dir='ltr'><strong>ut</strong></span> <span class='ocrx_word' id='word_1_259' title='bbox 2839 851 3019 891; x_wconf 84' lang='lat' dir='ltr'><strong>verser</strong></span> <span class='ocrx_word' id='word_1_260' title='bbox 3075 837 3131 891; x_wconf 93' lang='lat' dir='ltr'><strong>in</strong></span> <span class='ocrx_word' id='word_1_261' title='bbox 3176 838 3432 903; x_wconf 89' lang='lat' dir='ltr'><strong>tenebris,</strong></span> <span class='ocrx_word' id='word_1_262' title='bbox 3493 850 3711 909; x_wconf 82' lang='lat' dir='ltr'><strong>postea-</strong></span> 
     </span>
    </p>
   </div>
   <div class='ocr_carea' id='block_1_35' title="bbox 2135 926 3711 998">
    <p class='ocr_par' dir='ltr' id='par_1_35' title="bbox 2135 926 3711 998">
     <span class='ocr_line' id='line_1_35' title="bbox 2135 926 3711 998; baseline 0.003 -19"><span class='ocrx_word' id='word_1_263' title='bbox 2135 940 2295 994; x_wconf 85' lang='lat' dir='ltr'><strong>quam</strong></span> <span class='ocrx_word' id='word_1_264' title='bbox 2325 941 2445 980; x_wconf 90' lang='lat' dir='ltr'><strong>sum</strong></span> <span class='ocrx_word' id='word_1_265' title='bbox 2478 926 2796 993; x_wconf 86' lang='lat' dir='ltr'><strong>illustratus,</strong></span> <span class='ocrx_word' id='word_1_266' title='bbox 2835 937 2891 981; x_wconf 88' lang='lat' dir='ltr'><strong>et</strong></span> <span class='ocrx_word' id='word_1_267' title='bbox 2917 941 2984 980; x_wconf 81' lang='lat' dir='ltr'><strong>ex</strong></span> <span class='ocrx_word' id='word_1_268' title='bbox 3011 927 3204 991; x_wconf 90' lang='lat' dir='ltr'><strong>tribus,</strong></span> <span class='ocrx_word' id='word_1_269' title='bbox 3240 927 3292 982; x_wconf 91' lang='lat' dir='ltr'><strong>in</strong></span> <span class='ocrx_word' id='word_1_270' title='bbox 3326 943 3556 998; x_wconf 86' lang='lat' dir='ltr'><strong>quorum</strong></span> <span class='ocrx_word' id='word_1_271' title='bbox 3595 946 3711 984; x_wconf 89' lang='lat' dir='ltr'><strong>no—</strong></span> 
     </span>
    </p>
   </div>
   <div class='ocr_carea' id='block_1_36' title="bbox 2134 1018 3712 1090">
    <p class='ocr_par' dir='ltr' id='par_1_36' title="bbox 2134 1018 3712 1090">
     <span class='ocr_line' id='line_1_36' title="bbox 2134 1018 3712 1090; baseline 0.003 -18"><span class='ocrx_word' id='word_1_272' title='bbox 2134 1018 2284 1073; x_wconf 82' lang='lat' dir='ltr'><strong>mine</strong></span> <span class='ocrx_word' id='word_1_273' title='bbox 2313 1019 2618 1090; x_wconf 74' lang='lat' dir='ltr'><strong>baptizatus</strong></span> <span class='ocrx_word' id='word_1_274' title='bbox 2643 1035 2793 1086; x_wconf 85' lang='lat' dir='ltr'><strong>sum,</strong></span> <span class='ocrx_word' id='word_1_275' title='bbox 2816 1019 3058 1090; x_wconf 75' lang='lat' dir='ltr'><strong>aliquem</strong></span> <span class='ocrx_word' id='word_1_276' title='bbox 3089 1020 3353 1078; x_wconf 83' lang='lat' dir='ltr'><strong>minorem</strong></span> <span class='ocrx_word' id='word_1_277' title='bbox 3389 1021 3585 1086; x_wconf 89' lang='lat' dir='ltr'><strong>dicam,</strong></span> <span class='ocrx_word' id='word_1_278' title='bbox 3651 1031 3712 1077; x_wconf 87' lang='lat' dir='ltr'><strong>ut</strong></span> 
     </span>
    </p>
   </div>
   <div class='ocr_carea' id='block_1_37' title="bbox 2133 1108 3708 1187">
    <p class='ocr_par' dir='ltr' id='par_1_37' title="bbox 2133 1108 3708 1187">
     <span class='ocr_line' id='line_1_37' title="bbox 2133 1108 3708 1187; baseline 0.004 -25"><span class='ocrx_word' id='word_1_279' title='bbox 2133 1123 2262 1171; x_wconf 63' lang='lat' dir='ltr'><strong>vere</strong></span> <span class='ocrx_word' id='word_1_280' title='bbox 2283 1108 2339 1162; x_wconf 90' lang='lat' dir='ltr'><strong>in</strong></span> <span class='ocrx_word' id='word_1_281' title='bbox 2377 1124 2517 1179; x_wconf 87' lang='lat' dir='ltr'><strong>aqua</strong></span> <span class='ocrx_word' id='word_1_282' title='bbox 2545 1110 2789 1187; x_wconf 67' lang='lat' dir='ltr'><strong>sepultus</strong></span> <span class='ocrx_word' id='word_1_283' title='bbox 2815 1109 2941 1179; x_wconf 90' lang='lat' dir='ltr'><strong>sim,</strong></span> <span class='ocrx_word' id='word_1_284' title='bbox 2971 1126 3082 1168; x_wconf 90' lang='lat' dir='ltr'><strong>non</strong></span> <span class='ocrx_word' id='word_1_285' title='bbox 3133 1111 3201 1166; x_wconf 91' lang='lat' dir='ltr'><strong>ad</strong></span> <span class='ocrx_word' id='word_1_286' title='bbox 3239 1113 3708 1182; x_wconf 71' lang='lat' dir='ltr'><strong>regenerationem</strong></span> 
     </span>
    </p>
   </div>
   <div class='ocr_carea' id='block_1_38' title="bbox 2133 1198 2880 1264">
    <p class='ocr_par' dir='ltr' id='par_1_38' title="bbox 2133 1198 2880 1264">
     <span class='ocr_line' id='line_1_38' title="bbox 2133 1198 2880 1264; baseline 0.004 -12"><span class='ocrx_word' id='word_1_287' title='bbox 2133 1198 2400 1261; x_wconf 76' lang='lat' dir='ltr'><strong>initiatus.</strong></span> <span class='ocrx_word' id='word_1_288' title='bbox 2424 1199 2520 1260; x_wconf 89' lang='lat' dir='ltr'><strong>sed</strong></span> <span class='ocrx_word' id='word_1_289' title='bbox 2541 1199 2880 1264; x_wconf 84' lang='lat' dir='ltr'><strong>admortem.</strong></span> 
     </span>
    </p>
   </div>
   <div class='ocr_carea' id='block_1_39' title="bbox 2203 1310 3714 1386">
    <p class='ocr_par' dir='ltr' id='par_1_39' title="bbox 2203 1310 3714 1386">
     <span class='ocr_line' id='line_1_39' title="bbox 2203 1310 3714 1386; baseline 0.003 -18"><span class='ocrx_word' id='word_1_290' title='bbox 2203 1310 2478 1368; x_wconf 77' lang='lat' dir='ltr'><strong>Audacter</strong></span> <span class='ocrx_word' id='word_1_291' title='bbox 2504 1311 2703 1379; x_wconf 78' lang='lat' dir='ltr'><strong>dicam,</strong></span> <span class='ocrx_word' id='word_1_292' title='bbox 2735 1327 2768 1368; x_wconf 93' lang='grc' dir='ltr'><strong>ο</strong></span> <span class='ocrx_word' id='word_1_293' title='bbox 2796 1311 3035 1369; x_wconf 85' lang='lat' dir='ltr'><strong>Trinitas</strong></span> <span class='ocrx_word' id='word_1_294' title='bbox 3066 1321 3274 1380; x_wconf 81' lang='lat' dir='ltr'><strong>sancta,</strong></span> <span class='ocrx_word' id='word_1_295' title='bbox 3333 1323 3392 1369; x_wconf 88' lang='lat' dir='ltr'><strong>tu</strong></span> <span class='ocrx_word' id='word_1_296' title='bbox 3456 1331 3714 1386; x_wconf 82' lang='lat' dir='ltr'><strong>armgan—</strong></span> 
     </span>
    </p>
   </div>
   <div class='ocr_carea' id='block_1_40' title="bbox 2135 1399 3710 1477">
    <p class='ocr_par' dir='ltr' id='par_1_40' title="bbox 2135 1399 3710 1477">
     <span class='ocr_line' id='line_1_40' title="bbox 2135 1399 3710 1477; baseline 0.007 -25"><span class='ocrx_word' id='word_1_297' title='bbox 2135 1399 2222 1455; x_wconf 76' lang='lat' dir='ltr'><strong>tiae</strong></span> <span class='ocrx_word' id='word_1_298' title='bbox 2251 1399 2500 1471; x_wconf 77' lang='lat' dir='ltr'><strong>ignoscas</strong></span> <span class='ocrx_word' id='word_1_299' title='bbox 2522 1417 2694 1457; x_wconf 74' lang='lat' dir='ltr'><strong>meae:</strong></span> <span class='ocrx_word' id='word_1_300' title='bbox 2735 1418 2860 1458; x_wconf 86' lang='lat' dir='ltr'><strong>nam</strong></span> <span class='ocrx_word' id='word_1_301' title='bbox 2893 1403 2960 1458; x_wconf 85' lang='lat' dir='ltr'><strong>de</strong></span> <span class='ocrx_word' id='word_1_302' title='bbox 2994 1403 3188 1477; x_wconf 85' lang='lat' dir='ltr'><strong>animae</strong></span> <span class='ocrx_word' id='word_1_303' title='bbox 3219 1403 3461 1473; x_wconf 89' lang='lat' dir='ltr'><strong>periculo</strong></span> <span class='ocrx_word' id='word_1_304' title='bbox 3512 1406 3710 1476; x_wconf 78' lang='lat' dir='ltr'><strong>agitur.</strong></span> 
     </span>
    </p>
   </div>
   <div class='ocr_carea' id='block_1_41' title="bbox 2121 1480 3709 1566">
    <p class='ocr_par' dir='ltr' id='par_1_41' title="bbox 2121 1480 3709 1566">
     <span class='ocr_line' id='line_1_41' title="bbox 2121 1480 3709 1566; baseline 0.004 -21"><span class='ocrx_word' id='word_1_305' title='bbox 2121 1490 2248 1559; x_wconf 87' lang='lat' dir='ltr'><strong>.Ego</strong></span> <span class='ocrx_word' id='word_1_306' title='bbox 2268 1505 2484 1559; x_wconf 87' lang='lat' dir='ltr'><strong>quoque</strong></span> <span class='ocrx_word' id='word_1_307' title='bbox 2545 1491 2722 1563; x_wconf 86' lang='lat' dir='ltr'><strong>imago</strong></span> <span class='ocrx_word' id='word_1_308' title='bbox 2777 1506 2899 1551; x_wconf 87' lang='lat' dir='ltr'><strong>sum</strong></span> <span class='ocrx_word' id='word_1_309' title='bbox 2961 1493 3054 1547; x_wconf 85' lang='lat' dir='ltr'><strong>Dei</strong></span> <span class='ocrx_word' id='word_1_310' title='bbox 3103 1480 3448 1565; x_wconf 69' lang='lat' dir='ltr'><strong>coelestisque</strong></span> <span class='ocrx_word' id='word_1_311' title='bbox 3502 1496 3709 1566; x_wconf 57' lang='lat' dir='ltr'><strong>gloriae,</strong></span> 
     </span>
    </p>
   </div>
   <div class='ocr_carea' id='block_1_42' title="bbox 2121 1582 3708 1664">
    <p class='ocr_par' dir='ltr' id='par_1_42' title="bbox 2121 1582 3708 1664">
     <span class='ocr_line' id='line_1_42' title="bbox 2121 1582 3708 1664; baseline 0.004 -28"><span class='ocrx_word' id='word_1_312' title='bbox 2121 1582 2261 1642; x_wconf 87' lang='lat' dir='ltr'><strong>licet</strong></span> <span class='ocrx_word' id='word_1_313' title='bbox 2293 1582 2346 1636; x_wconf 92' lang='lat' dir='ltr'><strong>in</strong></span> <span class='ocrx_word' id='word_1_314' title='bbox 2377 1583 2533 1638; x_wconf 90' lang='lat' dir='ltr'><strong>terris</strong></span> <span class='ocrx_word' id='word_1_315' title='bbox 2564 1583 2780 1654; x_wconf 82' lang='lat' dir='ltr'><strong>degam.</strong></span> <span class='ocrx_word' id='word_1_316' title='bbox 2805 1583 3169 1649; x_wconf 79' lang='lat' dir='ltr'><strong>Quamobrem</strong></span> <span class='ocrx_word' id='word_1_317' title='bbox 3185 1587 3390 1651; x_wconf 79' lang='lat' dir='ltr'><strong>adduci</strong></span> <span class='ocrx_word' id='word_1_318' title='bbox 3424 1603 3534 1664; x_wconf 88' lang='lat' dir='ltr'><strong>non</strong></span> <span class='ocrx_word' id='word_1_319' title='bbox 3577 1604 3708 1659; x_wconf 81' lang='lat' dir='ltr'><strong>pos-</strong></span> 
     </span>
    </p>
   </div>
   <div class='ocr_carea' id='block_1_43' title="bbox 2119 1675 3712 1752">
    <p class='ocr_par' dir='ltr' id='par_1_43' title="bbox 2119 1675 3712 1752">
     <span class='ocr_line' id='line_1_43' title="bbox 2119 1675 3712 1752; baseline 0.004 -24"><span class='ocrx_word' id='word_1_320' title='bbox 2119 1691 2278 1740; x_wconf 59' lang='lat' dir='ltr'><strong>,sum,</strong></span> <span class='ocrx_word' id='word_1_321' title='bbox 2317 1675 2634 1745; x_wconf 77' lang='lat' dir='ltr'><strong>uteredam,</strong></span> <span class='ocrx_word' id='word_1_322' title='bbox 2663 1692 2749 1730; x_wconf 92' lang='lat' dir='ltr'><strong>me</strong></span> <span class='ocrx_word' id='word_1_323' title='bbox 2771 1677 3155 1752; x_wconf 82' lang='lat' dir='ltr'><strong>perillumqui</strong></span> <span class='ocrx_word' id='word_1_324' title='bbox 3187 1679 3429 1748; x_wconf 84' lang='lat' dir='ltr'><strong>ejusdem</strong></span> <span class='ocrx_word' id='word_1_325' title='bbox 3467 1681 3538 1733; x_wconf 93' lang='lat' dir='ltr'><strong>sit</strong></span> <span class='ocrx_word' id='word_1_326' title='bbox 3580 1697 3712 1735; x_wconf 88' lang='lat' dir='ltr'><strong>con-</strong></span> 
     </span>
    </p>
   </div>
   <div class='ocr_carea' id='block_1_44' title="bbox 2115 1763 3712 1843">
    <p class='ocr_par' dir='ltr' id='par_1_44' title="bbox 2115 1763 3712 1843">
     <span class='ocr_line' id='line_1_44' title="bbox 2115 1763 3712 1843; baseline 0.007 -25"><span class='ocrx_word' id='word_1_327' title='bbox 2115 1766 2376 1832; x_wconf 83' lang='lat' dir='ltr'><strong>ditionis,</strong></span> <span class='ocrx_word' id='word_1_328' title='bbox 2413 1763 2520 1842; x_wconf 83' lang='lat' dir='ltr'><strong>qua</strong></span> <span class='ocrx_word' id='word_1_329' title='bbox 2544 1783 2644 1838; x_wconf 80' lang='lat' dir='ltr'><strong>ego</strong></span> <span class='ocrx_word' id='word_1_330' title='bbox 2673 1784 2816 1843; x_wconf 85' lang='lat' dir='ltr'><strong>sum,</strong></span> <span class='ocrx_word' id='word_1_331' title='bbox 2849 1770 3081 1836; x_wconf 80' lang='lat' dir='ltr'><strong>salutem</strong></span> <span class='ocrx_word' id='word_1_332' title='bbox 3116 1773 3353 1840; x_wconf 88' lang='lat' dir='ltr'><strong>assequi.</strong></span> <span class='ocrx_word' id='word_1_333' title='bbox 3387 1772 3442 1827; x_wconf 90' lang='lat' dir='ltr'><strong>Si</strong></span> <span class='ocrx_word' id='word_1_334' title='bbox 3477 1772 3712 1842; x_wconf 85' lang='lat' dir='ltr'><strong>Spiritus</strong></span> 
     </span>
    </p>
   </div>
   <div class='ocr_carea' id='block_1_45' title="bbox 2135 1860 3711 1936">
    <p class='ocr_par' dir='ltr' id='par_1_45' title="bbox 2135 1860 3711 1936">
     <span class='ocr_line' id='line_1_45' title="bbox 2135 1860 3711 1936; baseline 0.004 -25"><span class='ocrx_word' id='word_1_335' title='bbox 2135 1866 2358 1912; x_wconf 87' lang='lat' dir='ltr'><strong>sanctus</strong></span> <span class='ocrx_word' id='word_1_336' title='bbox 2388 1869 2622 1918; x_wconf 84' lang='lat' dir='ltr'><strong>non,est</strong></span> <span class='ocrx_word' id='word_1_337' title='bbox 2660 1860 2822 1936; x_wconf 86' lang='lat' dir='ltr'><strong>Deus,</strong></span> <span class='ocrx_word' id='word_1_338' title='bbox 2869 1860 3067 1924; x_wconf 77' lang='lat' dir='ltr'><strong>evadat</strong></span> <span class='ocrx_word' id='word_1_339' title='bbox 3122 1861 3297 1930; x_wconf 89' lang='lat' dir='ltr'><strong>prius,</strong></span> <span class='ocrx_word' id='word_1_340' title='bbox 3353 1876 3569 1933; x_wconf 80' lang='lat' dir='ltr'><strong>meque,</strong></span> <span class='ocrx_word' id='word_1_341' title='bbox 3616 1864 3711 1934; x_wconf 90' lang='lat' dir='ltr'><strong>qui</strong></span> 
     </span>
    </p>
   </div>
   <div class='ocr_carea' id='block_1_46' title="bbox 2123 1949 3706 2028">
    <p class='ocr_par' dir='ltr' id='par_1_46' title="bbox 2123 1949 3706 2028">
     <span class='ocr_line' id='line_1_46' title="bbox 2123 1949 3706 2028; baseline 0.005 -24"><span class='ocrx_word' id='word_1_342' title='bbox 2123 1949 2481 2018; x_wconf 67' lang='lat' dir='ltr'><strong>eodemeum</strong></span> <span class='ocrx_word' id='word_1_343' title='bbox 2511 1949 2605 2005; x_wconf 89' lang='lat' dir='ltr'><strong>illo</strong></span> <span class='ocrx_word' id='word_1_344' title='bbox 2632 1966 2754 2006; x_wconf 89' lang='lat' dir='ltr'><strong>sum</strong></span> <span class='ocrx_word' id='word_1_345' title='bbox 2793 1951 3009 2028; x_wconf 79' lang='lat' dir='ltr'><strong>ordine,</strong></span> <span class='ocrx_word' id='word_1_346' title='bbox 3049 1959 3176 2015; x_wconf 88' lang='lat' dir='ltr'><strong>tunc</strong></span> <span class='ocrx_word' id='word_1_347' title='bbox 3215 1952 3458 2024; x_wconf 80' lang='lat' dir='ltr'><strong>divinum</strong></span> <span class='ocrx_word' id='word_1_348' title='bbox 3491 1956 3706 2012; x_wconf 73' lang='lat' dir='ltr'><strong>efﬁciat.</strong></span> 
     </span>
    </p>
   </div>
   <div class='ocr_carea' id='block_1_47' title="bbox 2132 2039 3709 2118">
    <p class='ocr_par' dir='ltr' id='par_1_47' title="bbox 2132 2039 3709 2118">
     <span class='ocr_line' id='line_1_47' title="bbox 2132 2039 3709 2118; baseline 0.007 -26"><span class='ocrx_word' id='word_1_349' title='bbox 2132 2039 2291 2104; x_wconf 68' lang='lat' dir='ltr'><strong>Nunc</strong></span> <span class='ocrx_word' id='word_1_350' title='bbox 2317 2052 2498 2112; x_wconf 82' lang='lat' dir='ltr'><strong>autem</strong></span> <span class='ocrx_word' id='word_1_351' title='bbox 2534 2057 2652 2116; x_wconf 73' lang='lat' dir='ltr'><strong>quae</strong></span> <span class='ocrx_word' id='word_1_352' title='bbox 2677 2042 2847 2108; x_wconf 82' lang='lat' dir='ltr'><strong>fraus,</strong></span> <span class='ocrx_word' id='word_1_353' title='bbox 2879 2043 2970 2114; x_wconf 87' lang='lat' dir='ltr'><strong>qui</strong></span> <span class='ocrx_word' id='word_1_354' title='bbox 3005 2042 3159 2118; x_wconf 86' lang='lat' dir='ltr'><strong>dolus</strong></span> <span class='ocrx_word' id='word_1_355' title='bbox 3213 2053 3299 2099; x_wconf 85' lang='lat' dir='ltr'><strong>est</strong></span> <span class='ocrx_word' id='word_1_356' title='bbox 3335 2046 3543 2114; x_wconf 78' lang='lat' dir='ltr'><strong>gratiae,</strong></span> <span class='ocrx_word' id='word_1_357' title='bbox 3599 2047 3709 2103; x_wconf 90' lang='lat' dir='ltr'><strong>imo</strong></span> 
     </span>
    </p>
   </div>
   <div class='ocr_carea' id='block_1_48' title="bbox 2135 2115 3707 2210">
    <p class='ocr_par' dir='ltr' id='par_1_48' title="bbox 2135 2115 3707 2210">
     <span class='ocr_line' id='line_1_48' title="bbox 2135 2115 3707 2210; baseline 0.005 -25"><span class='ocrx_word' id='word_1_358' title='bbox 2135 2145 2267 2185; x_wconf 84' lang='lat' dir='ltr'><strong>vero</strong></span> <span class='ocrx_word' id='word_1_359' title='bbox 2296 2146 2508 2196; x_wconf 87' lang='lat' dir='ltr'><strong>eorum,</strong></span> <span class='ocrx_word' id='word_1_360' title='bbox 2543 2132 2632 2202; x_wconf 87' lang='lat' dir='ltr'><strong>qui</strong></span> <span class='ocrx_word' id='word_1_361' title='bbox 2667 2133 2896 2202; x_wconf 75' lang='lat' dir='ltr'><strong>gratiam</strong></span> <span class='ocrx_word' id='word_1_362' title='bbox 2931 2115 3219 2210; x_wconf 81' lang='lat' dir='ltr'><strong>tribuunt?</strong></span> <span class='ocrx_word' id='word_1_363' title='bbox 3262 2133 3444 2206; x_wconf 83' lang='lat' dir='ltr'><strong>Egone</strong></span> <span class='ocrx_word' id='word_1_364' title='bbox 3488 2137 3707 2193; x_wconf 85' lang='lat' dir='ltr'><strong>credam</strong></span> 
     </span>
    </p>
   </div>
   <div class='ocr_carea' id='block_1_49' title="bbox 2134 2222 3710 2296">
    <p class='ocr_par' dir='ltr' id='par_1_49' title="bbox 2134 2222 3710 2296">
     <span class='ocr_line' id='line_1_49' title="bbox 2134 2222 3710 2296; baseline 0.005 -19"><span class='ocrx_word' id='word_1_365' title='bbox 2134 2222 2190 2276; x_wconf 89' lang='lat' dir='ltr'><strong>in</strong></span> <span class='ocrx_word' id='word_1_366' title='bbox 2227 2223 2421 2289; x_wconf 86' lang='lat' dir='ltr'><strong>Deum,</strong></span> <span class='ocrx_word' id='word_1_367' title='bbox 2459 2233 2520 2278; x_wconf 92' lang='lat' dir='ltr'><strong>ut</strong></span> <span class='ocrx_word' id='word_1_368' title='bbox 2552 2225 2751 2295; x_wconf 86' lang='lat' dir='ltr'><strong>impius</strong></span> <span class='ocrx_word' id='word_1_369' title='bbox 2783 2225 3017 2281; x_wconf 85' lang='lat' dir='ltr'><strong>reddar?</strong></span> <span class='ocrx_word' id='word_1_370' title='bbox 3057 2225 3219 2281; x_wconf 82' lang='lat' dir='ltr'><strong>Aliud</strong></span> <span class='ocrx_word' id='word_1_371' title='bbox 3267 2228 3591 2296; x_wconf 76' lang='lat' dir='ltr'><strong>confitebor,</strong></span> <span class='ocrx_word' id='word_1_372' title='bbox 3647 2239 3710 2285; x_wconf 86' lang='lat' dir='ltr'><strong>ut</strong></span> 
     </span>
    </p>
   </div>
   <div class='ocr_carea' id='block_1_50' title="bbox 2132 2314 3709 2388">
    <p class='ocr_par' dir='ltr' id='par_1_50' title="bbox 2132 2314 3709 2388">
     <span class='ocr_line' id='line_1_50' title="bbox 2132 2314 3709 2388; baseline 0.006 -21"><span class='ocrx_word' id='word_1_373' title='bbox 2132 2314 2281 2370; x_wconf 90' lang='lat' dir='ltr'><strong>aliud</strong></span> <span class='ocrx_word' id='word_1_374' title='bbox 2315 2315 2560 2371; x_wconf 80' lang='lat' dir='ltr'><strong>discam?</strong></span> <span class='ocrx_word' id='word_1_375' title='bbox 2586 2315 2845 2384; x_wconf 64' lang='lat' dir='ltr'><strong>Quaenam</strong></span> <span class='ocrx_word' id='word_1_376' title='bbox 2877 2317 2994 2388; x_wconf 66' lang='lat' dir='ltr'><strong>ista:</strong></span> <span class='ocrx_word' id='word_1_377' title='bbox 3028 2316 3256 2373; x_wconf 75' lang='lat' dir='ltr'><strong>fallacia:</strong></span> <span class='ocrx_word' id='word_1_378' title='bbox 3315 2319 3608 2376; x_wconf 85' lang='lat' dir='ltr'><strong>verborum</strong></span> <span class='ocrx_word' id='word_1_379' title='bbox 3647 2330 3709 2376; x_wconf 84' lang='lat' dir='ltr'><strong>et</strong></span> 
     </span>
    </p>
   </div>
   <div class='ocr_carea' id='block_1_51' title="bbox 2131 2408 3710 2482">
    <p class='ocr_par' dir='ltr' id='par_1_51' title="bbox 2131 2408 3710 2482">
     <span class='ocr_line' id='line_1_51' title="bbox 2131 2408 3710 2482; baseline 0.004 -20"><span class='ocrx_word' id='word_1_380' title='bbox 2131 2408 2376 2474; x_wconf 75' lang='lat' dir='ltr'><strong>fraudes,</strong></span> <span class='ocrx_word' id='word_1_381' title='bbox 2419 2410 2692 2482; x_wconf 59' lang='lat' dir='ltr'><strong>quaesuis</strong></span> <span class='ocrx_word' id='word_1_382' title='bbox 2716 2413 2832 2480; x_wconf 70' lang='lat' dir='ltr'><strong>{me</strong></span> <span class='ocrx_word' id='word_1_383' title='bbox 2893 2409 3411 2482; x_wconf 83' lang='lat' dir='ltr'><strong>interrogationibus</strong></span> <span class='ocrx_word' id='word_1_384' title='bbox 3456 2412 3524 2466; x_wconf 83' lang='lat' dir='ltr'><strong>ad</strong></span> <span class='ocrx_word' id='word_1_385' title='bbox 3592 2414 3710 2469; x_wconf 80' lang='lat' dir='ltr'><strong>haec</strong></span> 
     </span>
    </p>
   </div>
   <div class='ocr_carea' id='block_1_52' title="bbox 2129 2497 3710 2570">
    <p class='ocr_par' dir='ltr' id='par_1_52' title="bbox 2129 2497 3710 2570">
     <span class='ocr_line' id='line_1_52' title="bbox 2129 2497 3710 2570; baseline 0.004 -20"><span class='ocrx_word' id='word_1_386' title='bbox 2129 2497 2436 2552; x_wconf 82' lang='lat' dir='ltr'><strong>conﬁtenda</strong></span> <span class='ocrx_word' id='word_1_387' title='bbox 2469 2498 2894 2570; x_wconf 39' lang='lat' dir='ltr'><strong>perducuntLut</strong></span> <span class='ocrx_word' id='word_1_388' title='bbox 2930 2499 2998 2553; x_wconf 89' lang='lat' dir='ltr'><strong>ad</strong></span> <span class='ocrx_word' id='word_1_389' title='bbox 3049 2499 3138 2554; x_wconf 89' lang='lat' dir='ltr'><strong>illa</strong></span> <span class='ocrx_word' id='word_1_390' title='bbox 3185 2499 3514 2556; x_wconf 79' lang='lat' dir='ltr'><strong>deveniam?</strong></span> <span class='ocrx_word' id='word_1_391' title='bbox 3554 2502 3710 2557; x_wconf 83' lang='lat' dir='ltr'><strong>Mise-</strong></span> 
     </span>
    </p>
   </div>
   <div class='ocr_carea' id='block_1_53' title="bbox 2133 2590 3709 2666">
    <p class='ocr_par' dir='ltr' id='par_1_53' title="bbox 2133 2590 3709 2666">
     <span class='ocr_line' id='line_1_53' title="bbox 2133 2590 3709 2666; baseline 0.001 -22"><span class='ocrx_word' id='word_1_392' title='bbox 2133 2606 2253 2644; x_wconf 91' lang='lat' dir='ltr'><strong>rum</strong></span> <span class='ocrx_word' id='word_1_393' title='bbox 2302 2597 2466 2660; x_wconf 82' lang='lat' dir='ltr'><strong>atque</strong></span> <span class='ocrx_word' id='word_1_394' title='bbox 2535 2590 2829 2646; x_wconf 89' lang='lat' dir='ltr'><strong>obscurum</strong></span> <span class='ocrx_word' id='word_1_395' title='bbox 2873 2591 3219 2666; x_wconf 15' lang='lat' dir='ltr'><strong>[splendorem</strong></span> <span class='ocrx_word' id='word_1_396' title='bbox 3271 2607 3474 2659; x_wconf 91' lang='lat' dir='ltr'><strong>meum,</strong></span> <span class='ocrx_word' id='word_1_397' title='bbox 3528 2591 3709 2654; x_wconf 75' lang='lat' dir='ltr'><strong>scrdi-</strong></span> 
     </span>
    </p>
   </div>
   <div class='ocr_carea' id='block_1_54' title="bbox 2129 2682 3708 2756">
    <p class='ocr_par' dir='ltr' id='par_1_54' title="bbox 2129 2682 3708 2756">
     <span class='ocr_line' id='line_1_54' title="bbox 2129 2682 3708 2756; baseline 0.001 -19"><span class='ocrx_word' id='word_1_398' title='bbox 2129 2682 2363 2756; x_wconf 79' lang='lat' dir='ltr'><strong>damque</strong></span> <span class='ocrx_word' id='word_1_399' title='bbox 2393 2682 2741 2746; x_wconf 86' lang='lat' dir='ltr'><strong>munditiem,</strong></span> <span class='ocrx_word' id='word_1_400' title='bbox 2772 2683 2817 2738; x_wconf 89' lang='lat' dir='ltr'><strong>si</strong></span> <span class='ocrx_word' id='word_1_401' title='bbox 2849 2683 3121 2753; x_wconf 89' lang='lat' dir='ltr'><strong>baptismo</strong></span> <span class='ocrx_word' id='word_1_402' title='bbox 3144 2685 3222 2739; x_wconf 91' lang='lat' dir='ltr'><strong>sic</strong></span> <span class='ocrx_word' id='word_1_403' title='bbox 3259 2685 3470 2750; x_wconf 88' lang='lat' dir='ltr'><strong>abluor,</strong></span> <span class='ocrx_word' id='word_1_404' title='bbox 3508 2695 3567 2740; x_wconf 86' lang='lat' dir='ltr'><strong>ut</strong></span> <span class='ocrx_word' id='word_1_405' title='bbox 3620 2685 3708 2738; x_wconf 89' lang='lat' dir='ltr'><strong>ni-</strong></span> 
     </span>
    </p>
   </div>
   <div class='ocr_carea' id='block_1_55' title="bbox 2135 2775 3704 2847">
    <p class='ocr_par' dir='ltr' id='par_1_55' title="bbox 2135 2775 3704 2847">
     <span class='ocr_line' id='line_1_55' title="bbox 2135 2775 3704 2847; baseline 0.003 -20"><span class='ocrx_word' id='word_1_406' title='bbox 2135 2775 2282 2846; x_wconf 82' lang='lat' dir='ltr'><strong>grior</strong></span> <span class='ocrx_word' id='word_1_407' title='bbox 2327 2775 2494 2840; x_wconf 83' lang='lat' dir='ltr'><strong>fiam;</strong></span> <span class='ocrx_word' id='word_1_408' title='bbox 2531 2775 2574 2829; x_wconf 87' lang='lat' dir='ltr'><strong>si</strong></span> <span class='ocrx_word' id='word_1_409' title='bbox 2603 2775 2890 2832; x_wconf 85' lang='lat' dir='ltr'><strong>nitidiores</strong></span> <span class='ocrx_word' id='word_1_410' title='bbox 2920 2785 3083 2844; x_wconf 88' lang='lat' dir='ltr'><strong>atque</strong></span> <span class='ocrx_word' id='word_1_411' title='bbox 3132 2777 3450 2832; x_wconf 90' lang='lat' dir='ltr'><strong>mund-iores</strong></span> <span class='ocrx_word' id='word_1_412' title='bbox 3477 2777 3704 2847; x_wconf 79' lang='lat' dir='ltr'><strong>aSpicio,</strong></span> 
     </span>
    </p>
   </div>
   <div class='ocr_carea' id='block_1_56' title="bbox 2130 2864 3706 2939">
    <p class='ocr_par' dir='ltr' id='par_1_56' title="bbox 2130 2864 3706 2939">
     <span class='ocr_line' id='line_1_56' title="bbox 2130 2864 3706 2939; baseline -0.003 -18"><span class='ocrx_word' id='word_1_413' title='bbox 2130 2869 2220 2937; x_wconf 90' lang='lat' dir='ltr'><strong>qui</strong></span> <span class='ocrx_word' id='word_1_414' title='bbox 2239 2880 2348 2920; x_wconf 91' lang='lat' dir='ltr'><strong>non</strong></span> <span class='ocrx_word' id='word_1_415' title='bbox 2369 2864 2702 2930; x_wconf 89' lang='lat' dir='ltr'><strong>suntabluti;</strong></span> <span class='ocrx_word' id='word_1_416' title='bbox 2726 2865 2772 2922; x_wconf 93' lang='lat' dir='ltr'><strong>si</strong></span> <span class='ocrx_word' id='word_1_417' title='bbox 2789 2865 2923 2918; x_wconf 88' lang='lat' dir='ltr'><strong>mala</strong></span> <span class='ocrx_word' id='word_1_418' title='bbox 2943 2864 3706 2939; x_wconf 68' lang='lat' dir='ltr'><strong>baptizantisOpliiione:delu.</strong></span> 
     </span>
    </p>
   </div>
   <div class='ocr_carea' id='block_1_57' title="bbox 2101 2955 3704 3028">
    <p class='ocr_par' dir='ltr' id='par_1_57' title="bbox 2101 2955 3704 3028">
     <span class='ocr_line' id='line_1_57' title="bbox 2101 2955 3704 3028; baseline 0.003 -15"><span class='ocrx_word' id='word_1_419' title='bbox 2101 2958 2336 3024; x_wconf 82' lang='lat' dir='ltr'><strong>__dor;si</strong></span> <span class='ocrx_word' id='word_1_420' title='bbox 2360 2957 2611 3028; x_wconf 90' lang='lat' dir='ltr'><strong>spiritum</strong></span> <span class='ocrx_word' id='word_1_421' title='bbox 2635 2955 2914 3012; x_wconf 89' lang='lat' dir='ltr'><strong>meliorem</strong></span> <span class='ocrx_word' id='word_1_422' title='bbox 2938 2971 3144 3026; x_wconf 73' lang='lat' dir='ltr'><strong>quacro,</strong></span> <span class='ocrx_word' id='word_1_423' title='bbox 3192 2967 3248 3014; x_wconf 88' lang='lat' dir='ltr'><strong>et</strong></span> <span class='ocrx_word' id='word_1_424' title='bbox 3298 2973 3409 3014; x_wconf 89' lang='lat' dir='ltr'><strong>non</strong></span> <span class='ocrx_word' id='word_1_425' title='bbox 3462 2959 3704 3018; x_wconf 78' lang='lat' dir='ltr'><strong>invenio.</strong></span> 
     </span>
    </p>
   </div>
   <div class='ocr_carea' id='block_1_58' title="bbox 2129 3048 3707 3122">
    <p class='ocr_par' dir='ltr' id='par_1_58' title="bbox 2129 3048 3707 3122">
     <span class='ocr_line' id='line_1_58' title="bbox 2129 3048 3707 3122; baseline 0.003 -18"><span class='ocrx_word' id='word_1_426' title='bbox 2129 3049 2726 3122; x_wconf 62' lang='lat' dir='ltr'><strong>Da,mihi-haptismum</strong></span> <span class='ocrx_word' id='word_1_427' title='bbox 2787 3048 3038 3114; x_wconf 88' lang='lat' dir='ltr'><strong>alterum,</strong></span> <span class='ocrx_word' id='word_1_428' title='bbox 3094 3057 3154 3105; x_wconf 87' lang='lat' dir='ltr'><strong>et</strong></span> <span class='ocrx_word' id='word_1_429' title='bbox 3196 3050 3265 3104; x_wconf 89' lang='lat' dir='ltr'><strong>de</strong></span> <span class='ocrx_word' id='word_1_430' title='bbox 3333 3051 3514 3121; x_wconf 77' lang='lat' dir='ltr'><strong>priore</strong></span> <span class='ocrx_word' id='word_1_431' title='bbox 3565 3053 3707 3110; x_wconf 88' lang='lat' dir='ltr'><strong>male</strong></span> 
     </span>
    </p>
   </div>
   <div class='ocr_carea' id='block_1_59' title="bbox 2129 3136 3710 3212">
    <p class='ocr_par' dir='ltr' id='par_1_59' title="bbox 2129 3136 3710 3212">
     <span class='ocr_line' id='line_1_59' title="bbox 2129 3136 3710 3212; baseline -0.005 -18"><span class='ocrx_word' id='word_1_432' title='bbox 2129 3141 2351 3197; x_wconf 85' lang='lat' dir='ltr'><strong>sentito.</strong></span> <span class='ocrx_word' id='word_1_433' title='bbox 2379 3137 2520 3210; x_wconf 84' lang='lat' dir='ltr'><strong>Quid</strong></span> <span class='ocrx_word' id='word_1_434' title='bbox 2561 3137 2693 3191; x_wconf 85' lang='lat' dir='ltr'><strong>mihi</strong></span> <span class='ocrx_word' id='word_1_435' title='bbox 2728 3136 3021 3207; x_wconf 86' lang='lat' dir='ltr'><strong>perfectam</strong></span> <span class='ocrx_word' id='word_1_436' title='bbox 3077 3138 3288 3194; x_wconf 89' lang='lat' dir='ltr'><strong>invides</strong></span> <span class='ocrx_word' id='word_1_437' title='bbox 3340 3144 3710 3212; x_wconf 81' lang='lat' dir='ltr'><strong>regeneratio-</strong></span> 
     </span>
    </p>
   </div>
   <div class='ocr_carea' id='block_1_60' title="bbox 443 3221 2029 3316">
    <p class='ocr_par' dir='ltr' id='par_1_60' title="bbox 443 3221 2029 3316">
     <span class='ocr_line' id='line_1_60' title="bbox 443 3221 2029 3316; baseline -0.006 -18"><span class='ocrx_word' id='word_1_438' title='bbox 443 3221 594 3314; x_wconf 79' lang='grc' dir='ltr'>λόγε,</span> <span class='ocrx_word' id='word_1_439' title='bbox 628 3221 770 3316; x_wconf 38' lang='grc' dir='ltr'>-ἢητὸ</span> <span class='ocrx_word' id='word_1_440' title='bbox 809 3221 920 3298; x_wconf 65' lang='grc' dir='ltr'>πάν</span> <span class='ocrx_word' id='word_1_441' title='bbox 957 3243 1250 3313; x_wconf 84' lang='grc' dir='ltr'>ἀτίμασον,</span> <span class='ocrx_word' id='word_1_442' title='bbox 1301 3241 1412 3305; x_wconf 81' lang='grc' dir='ltr'>ἵνα,</span> <span class='ocrx_word' id='word_1_443' title='bbox 1465 3239 1566 3293; x_wconf 76' lang='grc' dir='ltr'>κᾶν</span> <span class='ocrx_word' id='word_1_444' title='bbox 1609 3238 1837 3306; x_wconf 76' lang='grc' dir='ltr'>άσεὸᾗς,</span> <span class='ocrx_word' id='word_1_445' title='bbox 1889 3235 2029 3304; x_wconf 10' lang='grc' dir='ltr'>ἀλλὰ,</span> 
     </span>
    </p>
   </div>
   <div class='ocr_carea' id='block_1_61' title="bbox 2127 3221 3707 3316">
    <p class='ocr_par' dir='ltr' id='par_1_61' title="bbox 2132 3221 3707 3298">
     <span class='ocr_line' id='line_1_61' title="bbox 2132 3221 3707 3298; baseline 0.004 -16"><span class='ocrx_word' id='word_1_446' title='bbox 2132 3226 2293 3282; x_wconf 88' lang='lat' dir='ltr'><strong>nem?</strong></span> <span class='ocrx_word' id='word_1_447' title='bbox 2325 3226 2435 3292; x_wconf 83' lang='lat' dir='ltr'><strong>Cur</strong></span> <span class='ocrx_word' id='word_1_448' title='bbox 2457 3239 2543 3280; x_wconf 89' lang='lat' dir='ltr'><strong>me</strong></span> <span class='ocrx_word' id='word_1_449' title='bbox 2563 3239 2630 3279; x_wconf 85' lang='lat' dir='ltr'><strong>ex</strong></span> <span class='ocrx_word' id='word_1_450' title='bbox 2695 3225 2897 3294; x_wconf 89' lang='lat' dir='ltr'><strong>templo</strong></span> <span class='ocrx_word' id='word_1_451' title='bbox 2942 3221 3203 3296; x_wconf 86' lang='lat' dir='ltr'><strong>Spiritus,</strong></span> <span class='ocrx_word' id='word_1_452' title='bbox 3254 3230 3346 3298; x_wconf 86' lang='lat' dir='ltr'><strong>qui</strong></span> <span class='ocrx_word' id='word_1_453' title='bbox 3403 3229 3546 3287; x_wconf 90' lang='lat' dir='ltr'><strong>Deus</strong></span> <span class='ocrx_word' id='word_1_454' title='bbox 3575 3237 3707 3298; x_wconf 59' lang='lat' dir='ltr'><strong>test,</strong></span> 
     </span>
    </p>
   </div>
   <div class='ocr_carea' id='block_1_62' title="bbox 445 3325 2020 3406">
    <p class='ocr_par' dir='ltr' id='par_1_62' title="bbox 445 3325 2020 3406">
     <span class='ocr_line' id='line_1_62' title="bbox 445 3325 2020 3406; baseline -0.006 -17"><span class='ocrx_word' id='word_1_455' title='bbox 445 3334 660 3405; x_wconf 75' lang='grc' dir='ltr'>σεαυτῷ</span> <span class='ocrx_word' id='word_1_456' title='bbox 698 3352 762 3402; x_wconf 88' lang='grc' dir='ltr'><strong>γε</strong></span> <span class='ocrx_word' id='word_1_457' title='bbox 797 3329 1190 3406; x_wconf 82' lang='grc' dir='ltr'>ἀκόλουθος-ᾗς</span> <span class='ocrx_word' id='word_1_458' title='bbox 1213 3372 1228 3397; x_wconf 90' lang='grc'><strong>,</strong></span> <span class='ocrx_word' id='word_1_459' title='bbox 1267 3329 1575 3402; x_wconf 79' lang='grc' dir='ltr'>μὴ-κρίνων</span> <span class='ocrx_word' id='word_1_460' title='bbox 1615 3327 1818 3393; x_wconf 77' lang='grc' dir='ltr'>ἀνίσως</span> <span class='ocrx_word' id='word_1_461' title='bbox 1859 3325 2020 3395; x_wconf 83' lang='grc' dir='ltr'>φύσιν</span> 
     </span>
    </p>
   </div>
   <div class='ocr_carea' id='block_1_63' title="bbox 442 3430 731 3499">
    <p class='ocr_par' dir='ltr' id='par_1_63' title="bbox 442 3430 731 3499">
     <span class='ocr_line' id='line_1_63' title="bbox 442 3430 731 3499; baseline 0 -19"><span class='ocrx_word' id='word_1_462' title='bbox 442 3430 471 3480; x_wconf 88' lang='lat'><strong>6</strong></span> <span class='ocrx_word' id='word_1_463' title='bbox 479 3430 598 3499; x_wconf 88' lang='grc' dir='ltr'>μότι</span> <span class='ocrx_word' id='word_1_464' title='bbox 608 3446 731 3498; x_wconf 90' lang='grc' dir='ltr'>μον.</span> 
     </span>
    </p>
   </div>
   <div class='ocr_carea' id='block_1_64' title="bbox 2129 3317 3709 3395">
    <p class='ocr_par' dir='ltr' id='par_1_64' title="bbox 2129 3317 3709 3395">
     <span class='ocr_line' id='line_1_64' title="bbox 2129 3317 3709 3395; baseline 0.003 -19"><span class='ocrx_word' id='word_1_465' title='bbox 2129 3320 2295 3376; x_wconf 87' lang='lat' dir='ltr'><strong>creati</strong></span> <span class='ocrx_word' id='word_1_466' title='bbox 2323 3318 2549 3389; x_wconf 85' lang='lat' dir='ltr'><strong>spiritus</strong></span> <span class='ocrx_word' id='word_1_467' title='bbox 2580 3317 2948 3374; x_wconf 86' lang='lat' dir='ltr'><strong>habitaculum</strong></span> <span class='ocrx_word' id='word_1_468' title='bbox 2981 3319 3202 3376; x_wconf 90' lang='lat' dir='ltr'><strong>reddis?</strong></span> <span class='ocrx_word' id='word_1_469' title='bbox 3228 3319 3336 3377; x_wconf 89' lang='lat' dir='ltr'><strong>Cur</strong></span> <span class='ocrx_word' id='word_1_470' title='bbox 3353 3337 3566 3389; x_wconf 85' lang='lat' dir='ltr'><strong>eorum,</strong></span> <span class='ocrx_word' id='word_1_471' title='bbox 3585 3342 3709 3395; x_wconf 65' lang='lat' dir='ltr'><strong>quae</strong></span> 
     </span>
    </p>
   </div>
   <div class='ocr_carea' id='block_1_65' title="bbox 2131 3395 3709 3494">
    <p class='ocr_par' dir='ltr' id='par_1_65' title="bbox 2131 3395 3709 3494">
     <span class='ocr_line' id='line_1_65' title="bbox 2131 3395 3709 3494; baseline 0.001 -27"><span class='ocrx_word' id='word_1_472' title='bbox 2131 3426 2250 3467; x_wconf 88' lang='lat' dir='ltr'><strong>mea</strong></span> <span class='ocrx_word' id='word_1_473' title='bbox 2287 3417 2438 3474; x_wconf 91' lang='lat' dir='ltr'><strong>sunt,</strong></span> <span class='ocrx_word' id='word_1_474' title='bbox 2482 3408 2628 3462; x_wconf 90' lang='lat' dir='ltr'><strong>aliud</strong></span> <span class='ocrx_word' id='word_1_475' title='bbox 2657 3409 2918 3476; x_wconf 87' lang='lat' dir='ltr'><strong>honoras,</strong></span> <span class='ocrx_word' id='word_1_476' title='bbox 2961 3410 3108 3465; x_wconf 91' lang='lat' dir='ltr'><strong>aliud</strong></span> <span class='ocrx_word' id='word_1_477' title='bbox 3156 3410 3324 3469; x_wconf 77' lang='lat' dir='ltr'><strong>aﬂicis</strong></span> <span class='ocrx_word' id='word_1_478' title='bbox 3356 3395 3709 3494; x_wconf 54' lang='lat' dir='ltr'><strong>ignominia,</strong></span> 
     </span>
    </p>
   </div>
   <div class='ocr_carea' id='block_1_66' title="bbox 445 3501 3709 3594">
    <p class='ocr_par' dir='ltr' id='par_1_66' title="bbox 445 3501 3709 3594">
     <span class='ocr_line' id='line_1_66' title="bbox 445 3501 3709 3594; baseline -0.003 -16"><span class='ocrx_word' id='word_1_479' title='bbox 445 3524 753 3594; x_wconf 77' lang='lat' dir='ltr'><strong>lnaequales</strong></span> <span class='ocrx_word' id='word_1_480' title='bbox 785 3522 838 3578; x_wconf 92' lang='lat' dir='ltr'><strong>in</strong></span> <span class='ocrx_word' id='word_1_481' title='bbox 871 3520 1164 3575; x_wconf 86' lang='lat' dir='ltr'><strong>Divinitate</strong></span> <span class='ocrx_word' id='word_1_482' title='bbox 1193 3529 1376 3590; x_wconf 83' lang='lat' dir='ltr'><strong>partes</strong></span> <span class='ocrx_word' id='word_1_483' title='bbox 1406 3519 1721 3582; x_wconf 84' lang='lat' dir='ltr'><strong>constituis,</strong></span> <span class='ocrx_word' id='word_1_484' title='bbox 1777 3524 1837 3571; x_wconf 90' lang='lat' dir='ltr'><strong>ut</strong></span> <span class='ocrx_word' id='word_1_485' title='bbox 1882 3511 2028 3572; x_wconf 77' lang='lat' dir='ltr'><strong>mihi</strong></span> <span class='ocrx_word' id='word_1_486' title='bbox 2089 3507 2319 3578; x_wconf 71' lang='lat' dir='ltr'><strong>gratiam</strong></span> <span class='ocrx_word' id='word_1_487' title='bbox 2354 3517 2508 3560; x_wconf 85' lang='lat' dir='ltr'><strong>seces</strong></span> <span class='ocrx_word' id='word_1_488' title='bbox 2534 3511 2590 3556; x_wconf 82' lang='lat' dir='ltr'><strong>et</strong></span> <span class='ocrx_word' id='word_1_489' title='bbox 2625 3501 2941 3572; x_wconf 86' lang='lat' dir='ltr'><strong>imminuas,</strong></span> <span class='ocrx_word' id='word_1_490' title='bbox 2966 3503 3052 3558; x_wconf 85' lang='lat' dir='ltr'><strong>vel</strong></span> <span class='ocrx_word' id='word_1_491' title='bbox 3100 3506 3280 3575; x_wconf 91' lang='lat' dir='ltr'><strong>potius</strong></span> <span class='ocrx_word' id='word_1_492' title='bbox 3309 3519 3368 3562; x_wconf 90' lang='lat' dir='ltr'><strong>ut</strong></span> <span class='ocrx_word' id='word_1_493' title='bbox 3410 3512 3594 3581; x_wconf 81' lang='lat' dir='ltr'><strong>gratiae</strong></span> <span class='ocrx_word' id='word_1_494' title='bbox 3623 3529 3709 3567; x_wconf 83' lang='lat' dir='ltr'><strong>me</strong></span> 
     </span>
    </p>
   </div>
   <div class='ocr_carea' id='block_1_67' title="bbox 446 3597 2029 3679">
    <p class='ocr_par' dir='ltr' id='par_1_67' title="bbox 446 3608 2028 3679">
     <span class='ocr_line' id='line_1_67' title="bbox 446 3608 2028 3679; baseline -0.007 -7"><span class='ocrx_word' id='word_1_495' title='bbox 446 3619 717 3672; x_wconf 87' lang='lat' dir='ltr'><strong>subducas</strong></span> <span class='ocrx_word' id='word_1_496' title='bbox 743 3625 798 3671; x_wconf 90' lang='lat' dir='ltr'><strong>et</strong></span> <span class='ocrx_word' id='word_1_497' title='bbox 826 3615 1160 3671; x_wconf 89' lang='lat' dir='ltr'><strong>subtrahas?</strong></span> <span class='ocrx_word' id='word_1_498' title='bbox 1185 3620 1293 3670; x_wconf 78' lang='lat' dir='ltr'><strong>Aut</strong></span> <span class='ocrx_word' id='word_1_499' title='bbox 1323 3622 1498 3670; x_wconf 90' lang='lat' dir='ltr'><strong>totum</strong></span> <span class='ocrx_word' id='word_1_500' title='bbox 1531 3615 1760 3679; x_wconf 88' lang='lat' dir='ltr'><strong>honora,</strong></span> <span class='ocrx_word' id='word_1_501' title='bbox 1780 3625 1919 3676; x_wconf 78' lang='lat' dir='ltr'><strong>vane</strong></span> <span class='ocrx_word' id='word_1_502' title='bbox 1971 3608 2028 3662; x_wconf 89' lang='lat' dir='ltr'><strong>th</strong></span> 
     </span>
    </p>
   </div>
   <div class='ocr_carea' id='block_1_68' title="bbox 2127 3597 3700 3679">
    <p class='ocr_par' dir='ltr' id='par_1_68' title="bbox 2127 3597 3700 3674">
     <span class='ocr_line' id='line_1_68' title="bbox 2127 3597 3700 3674; baseline 0.002 -16"><span class='ocrx_word' id='word_1_503' title='bbox 2127 3617 2241 3672; x_wconf 89' lang='lat' dir='ltr'><strong>oge,</strong></span> <span class='ocrx_word' id='word_1_504' title='bbox 2267 3610 2362 3656; x_wconf 89' lang='lat' dir='ltr'><strong>aut</strong></span> <span class='ocrx_word' id='word_1_505' title='bbox 2409 3607 2581 3653; x_wconf 89' lang='lat' dir='ltr'><strong>totum</strong></span> <span class='ocrx_word' id='word_1_506' title='bbox 2611 3597 2830 3670; x_wconf 86' lang='lat' dir='ltr'><strong>despice</strong></span> <span class='ocrx_word' id='word_1_507' title='bbox 2860 3615 2877 3664; x_wconf 88' lang='lat'><strong>;</strong></span> <span class='ocrx_word' id='word_1_508' title='bbox 2914 3602 3238 3669; x_wconf 73' lang='lat' dir='ltr'><strong>utquamvis</strong></span> <span class='ocrx_word' id='word_1_509' title='bbox 3264 3601 3430 3674; x_wconf 89' lang='lat' dir='ltr'><strong>impie</strong></span> <span class='ocrx_word' id='word_1_510' title='bbox 3471 3608 3700 3670; x_wconf 86' lang='lat' dir='ltr'><strong>sentias,</strong></span> 
     </span>
    </p>
   </div>
   <div class='ocr_carea' id='block_1_69' title="bbox 429 3691 2592 3778">
    <p class='ocr_par' dir='ltr' id='par_1_69' title="bbox 429 3691 2592 3778">
     <span class='ocr_line' id='line_1_69' title="bbox 429 3691 2592 3778; baseline -0.01 -14"><span class='ocrx_word' id='word_1_511' title='bbox 429 3710 546 3765; x_wconf 84' lang='lat' dir='ltr'><strong>&#39;tibi</strong></span> <span class='ocrx_word' id='word_1_512' title='bbox 569 3719 754 3763; x_wconf 89' lang='lat' dir='ltr'><strong>tamen</strong></span> <span class='ocrx_word' id='word_1_513' title='bbox 788 3708 908 3778; x_wconf 87' lang='lat' dir='ltr'><strong>ipse</strong></span> <span class='ocrx_word' id='word_1_514' title='bbox 929 3716 1168 3772; x_wconf 88' lang='lat' dir='ltr'><strong>constes,</strong></span> <span class='ocrx_word' id='word_1_515' title='bbox 1210 3721 1314 3762; x_wconf 91' lang='lat' dir='ltr'><strong>nec</strong></span> <span class='ocrx_word' id='word_1_516' title='bbox 1337 3716 1764 3775; x_wconf 61' lang='lat' dir='ltr'><strong>naturamaque</strong></span> <span class='ocrx_word' id='word_1_517' title='bbox 1785 3704 2109 3770; x_wconf 82' lang='lat' dir='ltr'><strong>honoratam</strong></span> <span class='ocrx_word' id='word_1_518' title='bbox 2134 3697 2318 3764; x_wconf 87' lang='lat' dir='ltr'><strong>inique</strong></span> <span class='ocrx_word' id='word_1_519' title='bbox 2358 3691 2592 3760; x_wconf 74' lang='lat' dir='ltr'><strong>iudices.</strong></span> 
     </span>
    </p>
   </div>
   <div class='ocr_carea' id='block_1_70' title="bbox 517 3847 2025 3919">
    <p class='ocr_par' dir='ltr' id='par_1_70' title="bbox 517 3847 2025 3919">
     <span class='ocr_line' id='line_1_70' title="bbox 517 3847 2025 3919; baseline -0.001 -16"><span class='ocrx_word' id='word_1_520' title='bbox 517 3849 832 3918; x_wconf 83' lang='grc' dir='ltr'>Κεφάλαιον</span> <span class='ocrx_word' id='word_1_521' title='bbox 875 3848 931 3900; x_wconf 75' lang='grc' dir='ltr'>δὲ</span> <span class='ocrx_word' id='word_1_522' title='bbox 970 3847 1065 3902; x_wconf 86' lang='grc' dir='ltr'><strong>τοῦ</strong></span> <span class='ocrx_word' id='word_1_523' title='bbox 1096 3847 1284 3919; x_wconf 78' lang='grc' dir='ltr'>λόγου,</span> <span class='ocrx_word' id='word_1_524' title='bbox 1323 3847 1460 3918; x_wconf 82' lang='grc' dir='ltr'>μετὰ</span> <span class='ocrx_word' id='word_1_525' title='bbox 1486 3847 1597 3901; x_wconf 92' lang='grc' dir='ltr'><strong>τῶν</strong></span> <span class='ocrx_word' id='word_1_526' title='bbox 1651 3848 1899 3919; x_wconf 79' lang='grc' dir='ltr'>Σεραφὶμ</span> <span class='ocrx_word' id='word_1_527' title='bbox 1938 3848 2025 3901; x_wconf 79' lang='grc' dir='ltr'>δό-</span> 
     </span>
    </p>
   </div>
   <div class='ocr_carea' id='block_1_71' title="bbox 447 3937 2021 4008">
    <p class='ocr_par' dir='ltr' id='par_1_71' title="bbox 447 3937 2021 4008">
     <span class='ocr_line' id='line_1_71' title="bbox 447 3937 2021 4008; baseline 0.001 -18"><span class='ocrx_word' id='word_1_528' title='bbox 447 3938 612 4004; x_wconf 69' lang='grc' dir='ltr'>ξχσον</span> <span class='ocrx_word' id='word_1_529' title='bbox 643 3938 992 4006; x_wconf 78' lang='grc' dir='ltr'>συναγόντων</span> <span class='ocrx_word' id='word_1_530' title='bbox 1043 3940 1146 4001; x_wconf 77' lang='grc' dir='ltr'>τὰς</span> <span class='ocrx_word' id='word_1_531' title='bbox 1206 3940 1355 4007; x_wconf 81' lang='grc' dir='ltr'>τρεῖς</span> <span class='ocrx_word' id='word_1_532' title='bbox 1412 3939 1706 4008; x_wconf 82' lang='grc' dir='ltr'>άγιότητας</span> <span class='ocrx_word' id='word_1_533' title='bbox 1755 3939 1835 4002; x_wconf 86' lang='grc' dir='ltr'><strong>είς</strong></span> <span class='ocrx_word' id='word_1_534' title='bbox 1890 3937 2021 4008; x_wconf 90' lang='grc' dir='ltr'>μίαν</span> 
     </span>
    </p>
   </div>
   <div class='ocr_carea' id='block_1_72' title="bbox 449 4030 2019 4104">
    <p class='ocr_par' dir='ltr' id='par_1_72' title="bbox 449 4030 2019 4104">
     <span class='ocr_line' id='line_1_72' title="bbox 449 4030 2019 4104; baseline 0 -20"><span class='ocrx_word' id='word_1_535' title='bbox 449 4032 773 4102; x_wconf 79' lang='grc' dir='ltr'>κυριότητα,</span> <span class='ocrx_word' id='word_1_536' title='bbox 814 4030 908 4084; x_wconf 78' lang='grc' dir='ltr'><strong>καὶ</strong></span> <span class='ocrx_word' id='word_1_537' title='bbox 939 4031 1196 4086; x_wconf 88' lang='grc' dir='ltr'>τοσοῦτον</span> <span class='ocrx_word' id='word_1_538' title='bbox 1239 4033 1724 4103; x_wconf 76' lang='grc' dir='ltr'>παραδεικνύντων</span> <span class='ocrx_word' id='word_1_539' title='bbox 1752 4033 1849 4104; x_wconf 82' lang='grc' dir='ltr'>τῆς</span> <span class='ocrx_word' id='word_1_540' title='bbox 1870 4031 2019 4103; x_wconf 85' lang='grc' dir='ltr'>πρώ-</span> 
     </span>
    </p>
   </div>
   <div class='ocr_carea' id='block_1_73' title="bbox 445 4124 2016 4196">
    <p class='ocr_par' dir='ltr' id='par_1_73' title="bbox 445 4124 2016 4196">
     <span class='ocr_line' id='line_1_73' title="bbox 445 4124 2016 4196; baseline 0.001 -20"><span class='ocrx_word' id='word_1_541' title='bbox 445 4139 548 4193; x_wconf 88' lang='grc' dir='ltr'><strong>της</strong></span> <span class='ocrx_word' id='word_1_542' title='bbox 604 4124 817 4189; x_wconf 82' lang='grc' dir='ltr'>οὐσίας,</span> <span class='ocrx_word' id='word_1_543' title='bbox 868 4126 992 4178; x_wconf 81' lang='grc' dir='ltr'>ὅσον</span> <span class='ocrx_word' id='word_1_544' title='bbox 1033 4125 1387 4193; x_wconf 81' lang='grc' dir='ltr'>ὑπανοίγουσι</span> <span class='ocrx_word' id='word_1_545' title='bbox 1450 4127 1564 4189; x_wconf 82' lang='grc' dir='ltr'>τοῖς</span> <span class='ocrx_word' id='word_1_546' title='bbox 1597 4126 1908 4196; x_wconf 82' lang='grc' dir='ltr'>φιλοπόνοις</span> <span class='ocrx_word' id='word_1_547' title='bbox 1959 4125 2016 4179; x_wconf 78' lang='grc' dir='ltr'>αἱ</span> 
     </span>
    </p>
   </div>
   <div class='ocr_carea' id='block_1_74' title="bbox 451 4217 2017 4289">
    <p class='ocr_par' dir='ltr' id='par_1_74' title="bbox 451 4217 2017 4289">
     <span class='ocr_line' id='line_1_74' title="bbox 451 4217 2017 4289; baseline 0 -19"><span class='ocrx_word' id='word_1_548' title='bbox 451 4217 748 4289; x_wconf 81' lang='grc' dir='ltr'>πτέρυγες.</span> <span class='ocrx_word' id='word_1_549' title='bbox 787 4219 943 4273; x_wconf 77' lang='grc' dir='ltr'>Μετὰ</span> <span class='ocrx_word' id='word_1_550' title='bbox 972 4218 1149 4279; x_wconf 82' lang='grc' dir='ltr'><strong>¹Δα6“ιδ</strong></span> <span class='ocrx_word' id='word_1_551' title='bbox 1179 4219 1487 4289; x_wconf 83' lang='grc' dir='ltr'>φωτίσθητι</span> <span class='ocrx_word' id='word_1_552' title='bbox 1523 4218 1661 4289; x_wconf 87' lang='grc' dir='ltr'>πρὸς</span> <span class='ocrx_word' id='word_1_553' title='bbox 1691 4217 1751 4272; x_wconf 87' lang='grc' dir='ltr'><strong>τὸ</strong></span> <span class='ocrx_word' id='word_1_554' title='bbox 1794 4217 1906 4286; x_wconf 82' lang='grc' dir='ltr'>φῶς</span> <span class='ocrx_word' id='word_1_555' title='bbox 1929 4218 2017 4270; x_wconf 72' lang='grc' dir='ltr'><strong>λέ-</strong></span> 
     </span>
    </p>
   </div>
   <div class='ocr_carea' id='block_1_75' title="bbox 451 4307 2018 4381">
    <p class='ocr_par' dir='ltr' id='par_1_75' title="bbox 451 4307 2018 4381">
     <span class='ocr_line' id='line_1_75' title="bbox 451 4307 2018 4381; baseline 0.001 -21"><span class='ocrx_word' id='word_1_556' title='bbox 451 4324 664 4374; x_wconf 87' lang='grc' dir='ltr'>γοντος,</span> <span class='ocrx_word' id='word_1_557' title='bbox 712 4327 728 4359; x_wconf 86' lang='grc' dir='ltr'><strong>ι</strong></span> <span class='ocrx_word' id='word_1_558' title='bbox 791 4309 878 4362; x_wconf 89' lang='grc' dir='ltr'>Ἐν</span> <span class='ocrx_word' id='word_1_559' title='bbox 916 4309 994 4379; x_wconf 84' lang='grc' dir='ltr'>τῷ</span> <span class='ocrx_word' id='word_1_560' title='bbox 1024 4310 1162 4379; x_wconf 69' lang='grc' dir='ltr'>φωτί</span> <span class='ocrx_word' id='word_1_561' title='bbox 1196 4327 1290 4363; x_wconf 88' lang='grc' dir='ltr'><strong>σου</strong></span> <span class='ocrx_word' id='word_1_562' title='bbox 1347 4309 1590 4381; x_wconf 76' lang='grc' dir='ltr'>ὀψόμεθα</span> <span class='ocrx_word' id='word_1_563' title='bbox 1647 4308 1784 4378; x_wconf 83' lang='grc' dir='ltr'>φῶς,</span> <span class='ocrx_word' id='word_1_564' title='bbox 1831 4329 1848 4361; x_wconf 81' lang='grc' dir='ltr'><strong>ι</strong></span> <span class='ocrx_word' id='word_1_565' title='bbox 1906 4307 2018 4362; x_wconf 75' lang='grc' dir='ltr'>οἷον</span> 
     </span>
    </p>
   </div>
   <div class='ocr_carea' id='block_1_76' title="bbox 455 4392 2020 4472">
    <p class='ocr_par' dir='ltr' id='par_1_76' title="bbox 455 4392 2020 4472">
     <span class='ocr_line' id='line_1_76' title="bbox 455 4392 2020 4472; baseline 0.001 -20"><span class='ocrx_word' id='word_1_566' title='bbox 455 4399 647 4470; x_wconf 82' lang='grc' dir='ltr'>ὥσπερ</span> <span class='ocrx_word' id='word_1_567' title='bbox 677 4403 735 4457; x_wconf 76' lang='grc' dir='ltr'>ἐν</span> <span class='ocrx_word' id='word_1_568' title='bbox 789 4401 866 4470; x_wconf 83' lang='grc' dir='ltr'>τῷ</span> <span class='ocrx_word' id='word_1_569' title='bbox 898 4402 1175 4471; x_wconf 78' lang='grc' dir='ltr'>Πνεύματι</span> <span class='ocrx_word' id='word_1_570' title='bbox 1198 4401 1290 4454; x_wconf 89' lang='grc' dir='ltr'><strong>τὸν</strong></span> <span class='ocrx_word' id='word_1_571' title='bbox 1336 4401 1487 4466; x_wconf 83' lang='grc' dir='ltr'>Υίὸν,</span> <span class='ocrx_word' id='word_1_572' title='bbox 1521 4392 1582 4454; x_wconf 81' lang='grc' dir='ltr'><strong>οῦ</strong></span> <span class='ocrx_word' id='word_1_573' title='bbox 1621 4402 1673 4455; x_wconf 86' lang='grc' dir='ltr'><strong>τί</strong></span> <span class='ocrx_word' id='word_1_574' title='bbox 1709 4402 1775 4455; x_wconf 85' lang='grc' dir='ltr'>ἂν</span> <span class='ocrx_word' id='word_1_575' title='bbox 1809 4401 2020 4472; x_wconf 73' lang='grc' dir='ltr'>γένοιτο</span> 
     </span>
    </p>
   </div>
   <div class='ocr_carea' id='block_1_77' title="bbox 454 4492 2017 4563">
    <p class='ocr_par' dir='ltr' id='par_1_77' title="bbox 454 4492 2017 4563">
     <span class='ocr_line' id='line_1_77' title="bbox 454 4492 2017 4563; baseline 0.001 -19"><span class='ocrx_word' id='word_1_576' title='bbox 454 4492 893 4563; x_wconf 76' lang='grc' dir='ltr'>τηλαυγέστερον</span> <span class='ocrx_word' id='word_1_577' title='bbox 927 4511 941 4558; x_wconf 84' lang='grc'><strong>;</strong></span> <span class='ocrx_word' id='word_1_578' title='bbox 979 4494 1134 4552; x_wconf 83' lang='grc' dir='ltr'>Μετὰ</span> <span class='ocrx_word' id='word_1_579' title='bbox 1178 4493 1426 4546; x_wconf 83' lang='grc' dir='ltr'>Ἰωάννου</span> <span class='ocrx_word' id='word_1_580' title='bbox 1462 4492 1753 4563; x_wconf 84' lang='grc' dir='ltr'>βρόντησον</span> <span class='ocrx_word' id='word_1_581' title='bbox 1778 4493 1871 4546; x_wconf 88' lang='grc' dir='ltr'><strong>τοῦ</strong></span> <span class='ocrx_word' id='word_1_582' title='bbox 1886 4492 2017 4547; x_wconf 83' lang='grc' dir='ltr'>Υίοῦ</span> 
     </span>
    </p>
   </div>
   <div class='ocr_carea' id='block_1_78' title="bbox 451 4582 2100 4674">
    <p class='ocr_par' dir='ltr' id='par_1_78' title="bbox 451 4582 2100 4674">
     <span class='ocr_line' id='line_1_78' title="bbox 451 4582 2100 4674; baseline 0.003 -41"><span class='ocrx_word' id='word_1_583' title='bbox 451 4582 548 4650; x_wconf 81' lang='grc' dir='ltr'>τῆς</span> <span class='ocrx_word' id='word_1_584' title='bbox 583 4583 837 4652; x_wconf 74' lang='grc' dir='ltr'>βροντῆς,</span> <span class='ocrx_word' id='word_1_585' title='bbox 881 4583 1047 4655; x_wconf 87' lang='grc' dir='ltr'>μηδὲν</span> <span class='ocrx_word' id='word_1_586' title='bbox 1083 4583 1216 4654; x_wconf 81' lang='grc' dir='ltr'>περὶ</span> <span class='ocrx_word' id='word_1_587' title='bbox 1242 4582 1380 4636; x_wconf 80' lang='grc' dir='ltr'>Θεοῦ</span> <span class='ocrx_word' id='word_1_588' title='bbox 1406 4583 1664 4637; x_wconf 86' lang='grc' dir='ltr'>ταπεινὸν</span> <span class='ocrx_word' id='word_1_589' title='bbox 1689 4583 1860 4654; x_wconf 69' lang='grc' dir='ltr'>ἠχῶν,</span> <span class='ocrx_word' id='word_1_590' title='bbox 1886 4584 2019 4655; x_wconf 82' lang='grc' dir='ltr'>μηδὲ</span> <span class='ocrx_word' id='word_1_591' title='bbox 2047 4611 2100 4674; x_wconf 82' lang='lat' dir='ltr'><strong>D</strong></span> 
     </span>
    </p>
   </div>
   <div class='ocr_carea' id='block_1_79' title="bbox 455 4675 2018 4750">
    <p class='ocr_par' dir='ltr' id='par_1_79' title="bbox 455 4675 2018 4750">
     <span class='ocr_line' id='line_1_79' title="bbox 455 4675 2018 4750; baseline 0.004 -25"><span class='ocrx_word' id='word_1_592' title='bbox 455 4675 563 4728; x_wconf 80' lang='grc' dir='ltr'><strong>ἀπὸ</strong></span> <span class='ocrx_word' id='word_1_593' title='bbox 588 4678 717 4746; x_wconf 77' lang='grc' dir='ltr'>γῆς,</span> <span class='ocrx_word' id='word_1_594' title='bbox 776 4676 892 4730; x_wconf 80' lang='grc' dir='ltr'>ἀλλ’</span> <span class='ocrx_word' id='word_1_595' title='bbox 920 4677 1148 4746; x_wconf 75' lang='grc' dir='ltr'>ὑψηλὸν,</span> <span class='ocrx_word' id='word_1_596' title='bbox 1181 4676 1285 4744; x_wconf 70' lang='grc' dir='ltr'><strong>καὶ</strong></span> <span class='ocrx_word' id='word_1_597' title='bbox 1323 4677 1623 4750; x_wconf 80' lang='grc' dir='ltr'>μετέωρον,</span> <span class='ocrx_word' id='word_1_598' title='bbox 1664 4675 1755 4730; x_wconf 87' lang='grc' dir='ltr'><strong>τὸν</strong></span> <span class='ocrx_word' id='word_1_599' title='bbox 1798 4678 1854 4729; x_wconf 81' lang='grc' dir='ltr'>ὲν</span> <span class='ocrx_word' id='word_1_600' title='bbox 1876 4676 2018 4748; x_wconf 81' lang='grc' dir='ltr'>ἀρχῇ</span> 
     </span>
    </p>
   </div>
   <div class='ocr_carea' id='block_1_80' title="bbox 452 4767 2019 4838">
    <p class='ocr_par' dir='ltr' id='par_1_80' title="bbox 452 4767 2019 4838">
     <span class='ocr_line' id='line_1_80' title="bbox 452 4767 2019 4838; baseline 0.004 -22"><span class='ocrx_word' id='word_1_601' title='bbox 452 4783 508 4818; x_wconf 86' lang='grc' dir='ltr'><strong>τε</strong></span> <span class='ocrx_word' id='word_1_602' title='bbox 535 4767 686 4831; x_wconf 75' lang='grc' dir='ltr'>ὄντα,</span> <span class='ocrx_word' id='word_1_603' title='bbox 718 4770 810 4820; x_wconf 78' lang='grc' dir='ltr'>καὶ</span> <span class='ocrx_word' id='word_1_604' title='bbox 856 4769 991 4838; x_wconf 83' lang='grc' dir='ltr'>πρὸς</span> <span class='ocrx_word' id='word_1_605' title='bbox 1033 4769 1124 4823; x_wconf 88' lang='grc' dir='ltr'><strong>τὸν</strong></span> <span class='ocrx_word' id='word_1_606' title='bbox 1179 4769 1311 4822; x_wconf 83' lang='grc' dir='ltr'>Θεὸν</span> <span class='ocrx_word' id='word_1_607' title='bbox 1341 4769 1497 4835; x_wconf 77' lang='grc' dir='ltr'>ὅντα,</span> <span class='ocrx_word' id='word_1_608' title='bbox 1529 4771 1624 4823; x_wconf 82' lang='grc' dir='ltr'><strong>καὶ</strong></span> <span class='ocrx_word' id='word_1_609' title='bbox 1655 4768 1788 4822; x_wconf 82' lang='grc' dir='ltr'>Θεὸν</span> <span class='ocrx_word' id='word_1_610' title='bbox 1821 4770 2019 4837; x_wconf 85' lang='grc' dir='ltr'>Λόγον,</span> 
     </span>
    </p>
   </div>
   <div class='ocr_carea' id='block_1_81' title="bbox 453 4858 2020 4931">
    <p class='ocr_par' dir='ltr' id='par_1_81' title="bbox 453 4858 2020 4931">
     <span class='ocr_line' id='line_1_81' title="bbox 453 4858 2020 4931; baseline 0.003 -21"><span class='ocrx_word' id='word_1_611' title='bbox 453 4858 584 4911; x_wconf 83' lang='grc' dir='ltr'>Θεὸν</span> <span class='ocrx_word' id='word_1_612' title='bbox 606 4859 912 4926; x_wconf 81' lang='grc' dir='ltr'>γινώσκων,</span> <span class='ocrx_word' id='word_1_613' title='bbox 965 4861 1058 4914; x_wconf 75' lang='grc' dir='ltr'><strong>καὶ</strong></span> <span class='ocrx_word' id='word_1_614' title='bbox 1085 4859 1218 4914; x_wconf 86' lang='grc' dir='ltr'>Θεὸν</span> <span class='ocrx_word' id='word_1_615' title='bbox 1247 4859 1504 4930; x_wconf 79' lang='grc' dir='ltr'>ἀληθινὸν</span> <span class='ocrx_word' id='word_1_616' title='bbox 1533 4861 1591 4928; x_wconf 79' lang='grc' dir='ltr'>ἐξ</span> <span class='ocrx_word' id='word_1_617' title='bbox 1624 4859 1883 4931; x_wconf 83' lang='grc' dir='ltr'>ἀληθινοῦ</span> <span class='ocrx_word' id='word_1_618' title='bbox 1911 4861 2020 4914; x_wconf 80' lang='lat' dir='ltr'><strong>lla-</strong></span> 
     </span>
    </p>
   </div>
   <div class='ocr_carea' id='block_1_82' title="bbox 452 4949 2022 5023">
    <p class='ocr_par' dir='ltr' id='par_1_82' title="bbox 452 4949 2022 5023">
     <span class='ocr_line' id='line_1_82' title="bbox 452 4949 2022 5023; baseline 0.004 -25"><span class='ocrx_word' id='word_1_619' title='bbox 452 4949 599 5016; x_wconf 83' lang='grc' dir='ltr'>τρὸς,</span> <span class='ocrx_word' id='word_1_620' title='bbox 624 4949 742 5003; x_wconf 84' lang='grc' dir='ltr'>ἀλλ’</span> <span class='ocrx_word' id='word_1_621' title='bbox 791 4950 851 5002; x_wconf 84' lang='grc' dir='ltr'>οὐ</span> <span class='ocrx_word' id='word_1_622' title='bbox 904 4949 1187 5005; x_wconf 81' lang='grc' dir='ltr'>σύνδουλον</span> <span class='ocrx_word' id='word_1_623' title='bbox 1244 4950 1452 5020; x_wconf 83' lang='grc' dir='ltr'>ἀγαθὸν</span> <span class='ocrx_word' id='word_1_624' title='bbox 1502 4950 1632 5004; x_wconf 79' lang='grc' dir='ltr'>Υἱοῦ</span> <span class='ocrx_word' id='word_1_625' title='bbox 1678 4951 2022 5023; x_wconf 68' lang='grc' dir='ltr'>προσηγορίᾳ</span> 
     </span>
    </p>
   </div>
   <div class='ocr_carea' id='block_1_83' title="bbox 459 5042 2021 5114">
    <p class='ocr_par' dir='ltr' id='par_1_83' title="bbox 459 5042 2021 5114">
     <span class='ocr_line' id='line_1_83' title="bbox 459 5042 2021 5114; baseline 0.003 -21"><span class='ocrx_word' id='word_1_626' title='bbox 459 5042 593 5112; x_wconf 80' lang='grc' dir='ltr'>μόνῃ</span> <span class='ocrx_word' id='word_1_627' title='bbox 627 5042 1019 5114; x_wconf 80' lang='grc' dir='ltr'>τετιμημένον,</span> <span class='ocrx_word' id='word_1_628' title='bbox 1050 5043 1256 5098; x_wconf 74' lang='grc' dir='ltr'>καὶτὸν</span> <span class='ocrx_word' id='word_1_629' title='bbox 1305 5042 1466 5098; x_wconf 81' lang='grc' dir='ltr'>ἄλλον</span> <span class='ocrx_word' id='word_1_630' title='bbox 1501 5043 1876 5114; x_wconf 86' lang='grc' dir='ltr'>παράκλητον,</span> <span class='ocrx_word' id='word_1_631' title='bbox 1924 5043 2021 5112; x_wconf 85' lang='grc' dir='ltr'>δη-</span> 
     </span>
    </p>
   </div>
   <div class='ocr_carea' id='block_1_84' title="bbox 459 5131 2023 5202">
    <p class='ocr_par' dir='ltr' id='par_1_84' title="bbox 459 5131 2023 5202">
     <span class='ocr_line' id='line_1_84' title="bbox 459 5131 2023 5202; baseline 0.002 -19"><span class='ocrx_word' id='word_1_632' title='bbox 459 5131 591 5201; x_wconf 73' lang='grc' dir='ltr'>λαδὴ</span> <span class='ocrx_word' id='word_1_633' title='bbox 627 5131 791 5186; x_wconf 76' lang='grc' dir='ltr'>ἄλλον</span> <span class='ocrx_word' id='word_1_634' title='bbox 848 5132 945 5186; x_wconf 82' lang='grc' dir='ltr'><strong>τοῦ</strong></span> <span class='ocrx_word' id='word_1_635' title='bbox 1006 5132 1282 5201; x_wconf 80' lang='grc' dir='ltr'>λέγοντος.</span> <span class='ocrx_word' id='word_1_636' title='bbox 1325 5132 1460 5186; x_wconf 83' lang='grc' dir='ltr'>Θεοῦ</span> <span class='ocrx_word' id='word_1_637' title='bbox 1492 5132 1549 5184; x_wconf 86' lang='grc' dir='ltr'>δὲ</span> <span class='ocrx_word' id='word_1_638' title='bbox 1599 5135 1626 5185; x_wconf 91' lang='lat'><strong>6</strong></span> <span class='ocrx_word' id='word_1_639' title='bbox 1661 5132 1856 5202; x_wconf 84' lang='grc' dir='ltr'>Λόγος.</span> <span class='ocrx_word' id='word_1_640' title='bbox 1911 5131 2023 5186; x_wconf 77' lang='grc' dir='ltr'><strong>Καὶ</strong></span> 
     </span>
    </p>
   </div>
   <div class='ocr_carea' id='block_1_85' title="bbox 449 5223 2021 5298">
    <p class='ocr_par' dir='ltr' id='par_1_85' title="bbox 449 5223 2021 5298">
     <span class='ocr_line' id='line_1_85' title="bbox 449 5223 2021 5298; baseline 0 -21"><span class='ocrx_word' id='word_1_641' title='bbox 449 5223 578 5278; x_wconf 81' lang='grc' dir='ltr'>ὅταν</span> <span class='ocrx_word' id='word_1_642' title='bbox 614 5225 742 5295; x_wconf 73' lang='grc' dir='ltr'>μὲν,</span> <span class='ocrx_word' id='word_1_643' title='bbox 776 5244 796 5278; x_wconf 82' lang='grc' dir='ltr'><strong>ι</strong></span> <span class='ocrx_word' id='word_1_644' title='bbox 842 5225 982 5294; x_wconf 83' lang='grc' dir='ltr'>Ἐγὼ</span> <span class='ocrx_word' id='word_1_645' title='bbox 1005 5227 1099 5280; x_wconf 69' lang='grc' dir='ltr'><strong>καὶ</strong></span> <span class='ocrx_word' id='word_1_646' title='bbox 1124 5228 1150 5278; x_wconf 90' lang='lat'><strong>6</strong></span> <span class='ocrx_word' id='word_1_647' title='bbox 1173 5225 1362 5298; x_wconf 73' lang='grc' dir='ltr'>Πατὴρ</span> <span class='ocrx_word' id='word_1_648' title='bbox 1380 5225 1439 5280; x_wconf 79' lang='grc' dir='ltr'>ἓν</span> <span class='ocrx_word' id='word_1_649' title='bbox 1465 5227 1654 5297; x_wconf 73' lang='grc' dir='ltr'>ἐσμεν,</span> <span class='ocrx_word' id='word_1_650' title='bbox 1707 5244 1725 5277; x_wconf 70' lang='grc' dir='ltr'><strong>ι</strong></span> <span class='ocrx_word' id='word_1_651' title='bbox 1751 5224 2021 5295; x_wconf 85' lang='grc' dir='ltr'>ἀναγινώ-</span> 
     </span>
    </p>
   </div>
   <div class='ocr_carea' id='block_1_86' title="bbox 457 5317 2021 5389">
    <p class='ocr_par' dir='ltr' id='par_1_86' title="bbox 457 5317 2021 5389">
     <span class='ocr_line' id='line_1_86' title="bbox 457 5317 2021 5389; baseline 0.002 -21"><span class='ocrx_word' id='word_1_652' title='bbox 457 5332 613 5389; x_wconf 66' lang='grc' dir='ltr'>σκεις,</span> <span class='ocrx_word' id='word_1_653' title='bbox 639 5317 700 5370; x_wconf 89' lang='grc' dir='ltr'><strong>τὸ</strong></span> <span class='ocrx_word' id='word_1_654' title='bbox 721 5319 957 5388; x_wconf 81' lang='grc' dir='ltr'>συναφὲς</span> <span class='ocrx_word' id='word_1_655' title='bbox 991 5317 1091 5388; x_wconf 76' lang='grc' dir='ltr'>τῆς</span> <span class='ocrx_word' id='word_1_656' title='bbox 1121 5319 1312 5382; x_wconf 84' lang='grc' dir='ltr'>οὐσίας</span> <span class='ocrx_word' id='word_1_657' title='bbox 1346 5319 1800 5387; x_wconf 78' lang='grc' dir='ltr'>ἐνοπτριζόμενος</span> <span class='ocrx_word' id='word_1_658' title='bbox 1832 5337 1846 5349; x_wconf 73' lang='grc' dir='ltr'><strong><em>ο</em></strong></span> <span class='ocrx_word' id='word_1_659' title='bbox 1894 5319 2021 5372; x_wconf 79' lang='grc' dir='ltr'>ὅταν</span> 
     </span>
    </p>
   </div>
   <div class='ocr_carea' id='block_1_87' title="bbox 447 5408 2020 5482">
    <p class='ocr_par' dir='ltr' id='par_1_87' title="bbox 447 5408 2020 5482">
     <span class='ocr_line' id='line_1_87' title="bbox 447 5408 2020 5482; baseline 0.003 -22"><span class='ocrx_word' id='word_1_660' title='bbox 447 5408 532 5472; x_wconf 83' lang='grc' dir='ltr'>δὲ,</span> <span class='ocrx_word' id='word_1_661' title='bbox 567 5428 587 5461; x_wconf 80' lang='grc' dir='ltr'><strong>ι</strong></span> <span class='ocrx_word' id='word_1_662' title='bbox 627 5410 768 5480; x_wconf 87' lang='grc' dir='ltr'>Πρὸς</span> <span class='ocrx_word' id='word_1_663' title='bbox 799 5411 964 5466; x_wconf 81' lang='grc' dir='ltr'>αὑτὸν</span> <span class='ocrx_word' id='word_1_664' title='bbox 999 5410 1361 5481; x_wconf 67' lang='grc' dir='ltr'>ἐλευσόμεθα,</span> <span class='ocrx_word' id='word_1_665' title='bbox 1392 5411 1486 5463; x_wconf 81' lang='grc' dir='ltr'>καὶ</span> <span class='ocrx_word' id='word_1_666' title='bbox 1511 5410 1682 5481; x_wconf 79' lang='grc' dir='ltr'>μονὴν</span> <span class='ocrx_word' id='word_1_667' title='bbox 1716 5410 1846 5480; x_wconf 86' lang='grc' dir='ltr'>παρ’</span> <span class='ocrx_word' id='word_1_668' title='bbox 1872 5410 2020 5482; x_wconf 85' lang='grc' dir='ltr'><strong>αὑτῷ</strong></span> 
     </span>
    </p>
   </div>
   <div class='ocr_carea' id='block_1_88' title="bbox 451 5503 2016 5576">
    <p class='ocr_par' dir='ltr' id='par_1_88' title="bbox 451 5503 2016 5576">
     <span class='ocr_line' id='line_1_88' title="bbox 451 5503 2016 5576; baseline 0.002 -23"><span class='ocrx_word' id='word_1_669' title='bbox 451 5504 776 5572; x_wconf 83' lang='grc' dir='ltr'>ποιήσομεν,</span> <span class='ocrx_word' id='word_1_670' title='bbox 815 5521 833 5554; x_wconf 75' lang='grc' dir='ltr'><strong>ι</strong></span> <span class='ocrx_word' id='word_1_671' title='bbox 874 5503 933 5558; x_wconf 86' lang='grc' dir='ltr'><strong>τὸ</strong></span> <span class='ocrx_word' id='word_1_672' title='bbox 959 5504 1290 5576; x_wconf 70' lang='grc' dir='ltr'>διῃρημένον</span> <span class='ocrx_word' id='word_1_673' title='bbox 1322 5504 1432 5556; x_wconf 89' lang='grc' dir='ltr'><strong>τῶν</strong></span> <span class='ocrx_word' id='word_1_674' title='bbox 1482 5503 1834 5556; x_wconf 83' lang='grc' dir='ltr'>ὑποστάσεων</span> <span class='ocrx_word' id='word_1_675' title='bbox 1867 5503 2016 5572; x_wconf 86' lang='grc' dir='ltr'>λογι-</span> 
     </span>
    </p>
   </div>
   <div class='ocr_carea' id='block_1_89' title="bbox 453 5594 2014 5668">
    <p class='ocr_par' dir='ltr' id='par_1_89' title="bbox 453 5594 2014 5668">
     <span class='ocr_line' id='line_1_89' title="bbox 453 5594 2014 5668; baseline 0.001 -24"><span class='ocrx_word' id='word_1_676' title='bbox 453 5594 717 5661; x_wconf 78' lang='grc' dir='ltr'><strong>ςόμενος⁴</strong></span> <span class='ocrx_word' id='word_1_677' title='bbox 751 5594 880 5648; x_wconf 76' lang='grc' dir='ltr'>ὅταν</span> <span class='ocrx_word' id='word_1_678' title='bbox 913 5594 972 5647; x_wconf 71' lang='grc' dir='ltr'>δὶ</span> <span class='ocrx_word' id='word_1_679' title='bbox 1003 5596 1065 5648; x_wconf 86' lang='grc' dir='ltr'><strong>τὸ</strong></span> <span class='ocrx_word' id='word_1_680' title='bbox 1110 5596 1345 5668; x_wconf 88' lang='grc' dir='ltr'>Πατρὸς,</span> <span class='ocrx_word' id='word_1_681' title='bbox 1395 5596 1491 5647; x_wconf 82' lang='grc' dir='ltr'><strong>καὶ</strong></span> <span class='ocrx_word' id='word_1_682' title='bbox 1534 5594 1687 5655; x_wconf 82' lang='grc' dir='ltr'>Υίοῦ,</span> <span class='ocrx_word' id='word_1_683' title='bbox 1729 5595 1824 5648; x_wconf 76' lang='grc' dir='ltr'><strong>καὶ</strong></span> <span class='ocrx_word' id='word_1_684' title='bbox 1856 5595 2014 5664; x_wconf 81' lang='grc' dir='ltr'>ἁγίου</span> 
     </span>
    </p>
   </div>
   <div class='ocr_carea' id='block_1_90' title="bbox 453 5675 1676 5760">
    <p class='ocr_par' dir='ltr' id='par_1_90' title="bbox 453 5675 1676 5760">
     <span class='ocr_line' id='line_1_90' title="bbox 453 5675 1676 5760; baseline 0.005 -25"><span class='ocrx_word' id='word_1_685' title='bbox 453 5684 767 5758; x_wconf 69' lang='grc' dir='ltr'>Πνεῦματος</span> <span class='ocrx_word' id='word_1_686' title='bbox 795 5687 990 5759; x_wconf 77' lang='grc' dir='ltr'>ὄνομα,</span> <span class='ocrx_word' id='word_1_687' title='bbox 1026 5688 1125 5751; x_wconf 76' lang='grc' dir='ltr'><strong>τὰς</strong></span> <span class='ocrx_word' id='word_1_688' title='bbox 1152 5690 1300 5760; x_wconf 83' lang='grc' dir='ltr'>τρεῖς</span> <span class='ocrx_word' id='word_1_689' title='bbox 1333 5688 1623 5759; x_wconf 73' lang='grc' dir='ltr'>ἰδιότητας.</span> <span class='ocrx_word' id='word_1_690' title='bbox 1667 5675 1676 5686; x_wconf 80' lang='grc'><strong>’</strong></span> 
     </span>
    </p>
   </div>
   <div class='ocr_carea' id='block_1_91' title="bbox 2198 3829 3706 3900">
    <p class='ocr_par' dir='ltr' id='par_1_91' title="bbox 2198 3829 3706 3900">
     <span class='ocr_line' id='line_1_91' title="bbox 2198 3829 3706 3900; baseline 0.016 -14"><span class='ocrx_word' id='word_1_691' title='bbox 2198 3833 2274 3887; x_wconf 81' lang='lat' dir='ltr'><strong>Fa</strong></span> <span class='ocrx_word' id='word_1_692' title='bbox 2304 3845 2431 3887; x_wconf 67' lang='lat' dir='ltr'><strong>vero</strong></span> <span class='ocrx_word' id='word_1_693' title='bbox 2457 3839 2658 3892; x_wconf 73' lang='lat' dir='ltr'><strong>nostra:</strong></span> <span class='ocrx_word' id='word_1_694' title='bbox 2685 3830 2755 3885; x_wconf 85' lang='lat' dir='ltr'><strong>sit</strong></span> <span class='ocrx_word' id='word_1_695' title='bbox 2772 3829 3039 3886; x_wconf 87' lang='lat' dir='ltr'><strong>orationis</strong></span> <span class='ocrx_word' id='word_1_696' title='bbox 3066 3847 3299 3895; x_wconf 81' lang='lat' dir='ltr'><strong>summa.</strong></span> <span class='ocrx_word' id='word_1_697' title='bbox 3353 3834 3450 3900; x_wconf 70' lang='lat' dir='ltr'><strong>Dei</strong></span> <span class='ocrx_word' id='word_1_698' title='bbox 3515 3837 3706 3898; x_wconf 65' lang='grc' dir='ltr'>Ιθυάεε</span> 
     </span>
    </p>
   </div>
   <div class='ocr_carea' id='block_1_92' title="bbox 2125 3923 3704 4000">
    <p class='ocr_par' dir='ltr' id='par_1_92' title="bbox 2125 3923 3704 4000">
     <span class='ocr_line' id='line_1_92' title="bbox 2125 3923 3704 4000; baseline 0.004 -20"><span class='ocrx_word' id='word_1_699' title='bbox 2125 3941 2253 3981; x_wconf 91' lang='lat' dir='ltr'><strong>cum</strong></span> <span class='ocrx_word' id='word_1_700' title='bbox 2297 3924 2608 3994; x_wconf 85' lang='lat' dir='ltr'><strong>serapliinis</strong></span> <span class='ocrx_word' id='word_1_701' title='bbox 2635 3923 2885 3988; x_wconf 88' lang='lat' dir='ltr'><strong>decanta,</strong></span> <span class='ocrx_word' id='word_1_702' title='bbox 2919 3924 3215 3992; x_wconf 81' lang='lat' dir='ltr'><strong>quiunum</strong></span> <span class='ocrx_word' id='word_1_703' title='bbox 3251 3925 3305 3979; x_wconf 89' lang='lat' dir='ltr'><strong>in</strong></span> <span class='ocrx_word' id='word_1_704' title='bbox 3337 3930 3704 4000; x_wconf 82' lang='lat' dir='ltr'><strong>principatum</strong></span> 
     </span>
    </p>
   </div>
   <div class='ocr_carea' id='block_1_93' title="bbox 2123 4016 3706 4094">
    <p class='ocr_par' dir='ltr' id='par_1_93' title="bbox 2123 4016 3706 4094">
     <span class='ocr_line' id='line_1_93' title="bbox 2123 4016 3706 4094; baseline 0.003 -19"><span class='ocrx_word' id='word_1_705' title='bbox 2123 4030 2238 4075; x_wconf 90' lang='lat' dir='ltr'><strong>tres</strong></span> <span class='ocrx_word' id='word_1_706' title='bbox 2276 4019 2570 4073; x_wconf 81' lang='lat' dir='ltr'><strong>conferunt</strong></span> <span class='ocrx_word' id='word_1_707' title='bbox 2607 4016 3013 4081; x_wconf 84' lang='lat' dir='ltr'><strong>sanctitates,et</strong></span> <span class='ocrx_word' id='word_1_708' title='bbox 3038 4021 3294 4075; x_wconf 73' lang='lat' dir='ltr'><strong>essentiae</strong></span> <span class='ocrx_word' id='word_1_709' title='bbox 3316 4021 3461 4078; x_wconf 91' lang='lat' dir='ltr'><strong>illius</strong></span> <span class='ocrx_word' id='word_1_710' title='bbox 3512 4025 3706 4094; x_wconf 63' lang='lat' dir='ltr'><strong>prima:</strong></span> 
     </span>
    </p>
   </div>
   <div class='ocr_carea' id='block_1_94' title="bbox 2121 4107 3705 4186">
    <p class='ocr_par' dir='ltr' id='par_1_94' title="bbox 2121 4107 3705 4186">
     <span class='ocr_line' id='line_1_94' title="bbox 2121 4107 3705 4186; baseline 0.006 -22"><span class='ocrx_word' id='word_1_711' title='bbox 2121 4120 2326 4164; x_wconf 88' lang='lat' dir='ltr'><strong>tantum</strong></span> <span class='ocrx_word' id='word_1_712' title='bbox 2346 4107 2661 4172; x_wconf 89' lang='lat' dir='ltr'><strong>ostendunt,</strong></span> <span class='ocrx_word' id='word_1_713' title='bbox 2677 4116 2936 4177; x_wconf 87' lang='lat' dir='ltr'><strong>quantum</strong></span> <span class='ocrx_word' id='word_1_714' title='bbox 2951 4108 3196 4178; x_wconf 72' lang='lat' dir='ltr'><strong>ipsorum</strong></span> <span class='ocrx_word' id='word_1_715' title='bbox 3220 4111 3317 4166; x_wconf 65' lang='lat' dir='ltr'><strong>ala:</strong></span> <span class='ocrx_word' id='word_1_716' title='bbox 3333 4114 3588 4170; x_wconf 88' lang='lat' dir='ltr'><strong>studiosis</strong></span> <span class='ocrx_word' id='word_1_717' title='bbox 3611 4131 3705 4186; x_wconf 87' lang='lat' dir='ltr'><strong>pa-</strong></span> 
     </span>
    </p>
   </div>
   <div class='ocr_carea' id='block_1_95' title="bbox 2121 4201 3704 4280">
    <p class='ocr_par' dir='ltr' id='par_1_95' title="bbox 2121 4201 3704 4280">
     <span class='ocr_line' id='line_1_95' title="bbox 2121 4201 3704 4280; baseline 0.004 -22"><span class='ocrx_word' id='word_1_718' title='bbox 2121 4203 2404 4258; x_wconf 84' lang='lat' dir='ltr'><strong>tefaciunt.</strong></span> <span class='ocrx_word' id='word_1_719' title='bbox 2437 4203 2710 4257; x_wconf 88' lang='lat' dir='ltr'><strong>lllustrare</strong></span> <span class='ocrx_word' id='word_1_720' title='bbox 2735 4201 2897 4256; x_wconf 86' lang='lat' dir='ltr'><strong>simul</strong></span> <span class='ocrx_word' id='word_1_721' title='bbox 2923 4217 3047 4257; x_wconf 92' lang='lat' dir='ltr'><strong>cum</strong></span> <span class='ocrx_word' id='word_1_722' title='bbox 3084 4203 3284 4260; x_wconf 88' lang='lat' dir='ltr'><strong>Davide</strong></span> <span class='ocrx_word' id='word_1_723' title='bbox 3313 4207 3492 4263; x_wconf 87' lang='lat' dir='ltr'><strong>lumen</strong></span> <span class='ocrx_word' id='word_1_724' title='bbox 3527 4211 3704 4280; x_wconf 89' lang='lat' dir='ltr'><strong>ipsum</strong></span> 
     </span>
    </p>
   </div>
   <div class='ocr_carea' id='block_1_96' title="bbox 2131 4296 3698 4366">
    <p class='ocr_par' dir='ltr' id='par_1_96' title="bbox 2131 4296 3698 4366">
     <span class='ocr_line' id='line_1_96' title="bbox 2131 4296 3698 4366; baseline 0.005 -16"><span class='ocrx_word' id='word_1_725' title='bbox 2131 4299 2209 4350; x_wconf 76' lang='lat' dir='ltr'><strong>sic</strong></span> <span class='ocrx_word' id='word_1_726' title='bbox 2231 4296 2570 4365; x_wconf 88' lang='lat' dir='ltr'><strong>alloquente:</strong></span> <span class='ocrx_word' id='word_1_727' title='bbox 2596 4316 2614 4348; x_wconf 78' lang='grc' dir='ltr'><strong>ι</strong></span> <span class='ocrx_word' id='word_1_728' title='bbox 2642 4299 2696 4350; x_wconf 91' lang='lat' dir='ltr'><strong>In</strong></span> <span class='ocrx_word' id='word_1_729' title='bbox 2725 4296 2932 4352; x_wconf 85' lang='lat' dir='ltr'><strong>lumine</strong></span> <span class='ocrx_word' id='word_1_730' title='bbox 2951 4306 3043 4352; x_wconf 88' lang='lat' dir='ltr'><strong>tuo</strong></span> <span class='ocrx_word' id='word_1_731' title='bbox 3068 4297 3378 4356; x_wconf 80' lang='lat' dir='ltr'><strong>videbimus</strong></span> <span class='ocrx_word' id='word_1_732' title='bbox 3408 4300 3698 4366; x_wconf 54' lang='lat' dir='ltr'><strong>lumen‘h</strong></span> 
     </span>
    </p>
   </div>
   <div class='ocr_carea' id='block_1_97' title="bbox 2122 4383 3704 4462">
    <p class='ocr_par' dir='ltr' id='par_1_97' title="bbox 2122 4383 3704 4462">
     <span class='ocr_line' id='line_1_97' title="bbox 2122 4383 3704 4462; baseline 0.008 -24"><span class='ocrx_word' id='word_1_733' title='bbox 2122 4383 2317 4439; x_wconf 89' lang='lat' dir='ltr'><strong>Filium</strong></span> <span class='ocrx_word' id='word_1_734' title='bbox 2343 4385 2600 4440; x_wconf 88' lang='lat' dir='ltr'><strong>nimirum</strong></span> <span class='ocrx_word' id='word_1_735' title='bbox 2625 4387 2678 4440; x_wconf 93' lang='lat' dir='ltr'><strong>in</strong></span> <span class='ocrx_word' id='word_1_736' title='bbox 2711 4387 2938 4458; x_wconf 89' lang='lat' dir='ltr'><strong>Spiritu,</strong></span> <span class='ocrx_word' id='word_1_737' title='bbox 2963 4393 3069 4458; x_wconf 89' lang='lat' dir='ltr'><strong>quo</strong></span> <span class='ocrx_word' id='word_1_738' title='bbox 3093 4389 3220 4456; x_wconf 83' lang='lat' dir='ltr'><strong>quid</strong></span> <span class='ocrx_word' id='word_1_739' title='bbox 3241 4390 3355 4447; x_wconf 81' lang='lat' dir='ltr'><strong>ﬂeri</strong></span> <span class='ocrx_word' id='word_1_740' title='bbox 3387 4402 3564 4462; x_wconf 89' lang='lat' dir='ltr'><strong>potest</strong></span> <span class='ocrx_word' id='word_1_741' title='bbox 3583 4393 3704 4450; x_wconf 82' lang='lat' dir='ltr'><strong>illu-</strong></span> 
     </span>
    </p>
   </div>
   <div class='ocr_carea' id='block_1_98' title="bbox 2122 4476 3696 4552">
    <p class='ocr_par' dir='ltr' id='par_1_98' title="bbox 2122 4476 3696 4552">
     <span class='ocr_line' id='line_1_98' title="bbox 2122 4476 3696 4552; baseline 0.007 -20"><span class='ocrx_word' id='word_1_742' title='bbox 2122 4476 2711 4534; x_wconf 81' lang='lat' dir='ltr'><strong>strius?CumJoanne</strong></span> <span class='ocrx_word' id='word_1_743' title='bbox 2752 4479 2990 4535; x_wconf 88' lang='lat' dir='ltr'><strong>tonitrus</strong></span> <span class='ocrx_word' id='word_1_744' title='bbox 3032 4481 3139 4536; x_wconf 80' lang='lat' dir='ltr'><strong>[ilio</strong></span> <span class='ocrx_word' id='word_1_745' title='bbox 3174 4483 3434 4539; x_wconf 88' lang='lat' dir='ltr'><strong>tonitrum</strong></span> <span class='ocrx_word' id='word_1_746' title='bbox 3471 4488 3696 4552; x_wconf 88' lang='lat' dir='ltr'><strong>emitte,</strong></span> 
     </span>
    </p>
   </div>
   <div class='ocr_carea' id='block_1_99' title="bbox 2127 4569 3697 4639">
    <p class='ocr_par' dir='ltr' id='par_1_99' title="bbox 2127 4569 3697 4639">
     <span class='ocr_line' id='line_1_99' title="bbox 2127 4569 3697 4639; baseline 0.009 -18"><span class='ocrx_word' id='word_1_747' title='bbox 2127 4569 2266 4622; x_wconf 89' lang='lat' dir='ltr'><strong>nihil</strong></span> <span class='ocrx_word' id='word_1_748' title='bbox 2289 4570 2355 4623; x_wconf 90' lang='lat' dir='ltr'><strong>de</strong></span> <span class='ocrx_word' id='word_1_749' title='bbox 2381 4571 2490 4624; x_wconf 89' lang='lat' dir='ltr'><strong>Deo</strong></span> <span class='ocrx_word' id='word_1_750' title='bbox 2514 4571 2742 4636; x_wconf 86' lang='lat' dir='ltr'><strong>humile,</strong></span> <span class='ocrx_word' id='word_1_751' title='bbox 2769 4571 3236 4639; x_wconf 70' lang='lat' dir='ltr'><strong>nihil‘terrenum,</strong></span> <span class='ocrx_word' id='word_1_752' title='bbox 3271 4575 3367 4630; x_wconf 89' lang='lat' dir='ltr'><strong>sed</strong></span> <span class='ocrx_word' id='word_1_753' title='bbox 3415 4580 3697 4635; x_wconf 82' lang='lat' dir='ltr'><strong>excelsum</strong></span> 
     </span>
    </p>
   </div>
   <div class='ocr_carea' id='block_1_100' title="bbox 2123 4659 3696 4739">
    <p class='ocr_par' dir='ltr' id='par_1_100' title="bbox 2123 4659 3696 4739">
     <span class='ocr_line' id='line_1_100' title="bbox 2123 4659 3696 4739; baseline 0.008 -25"><span class='ocrx_word' id='word_1_754' title='bbox 2123 4671 2287 4728; x_wconf 88' lang='lat' dir='ltr'><strong>atque</strong></span> <span class='ocrx_word' id='word_1_755' title='bbox 2317 4659 2550 4713; x_wconf 91' lang='lat' dir='ltr'><strong>sublime</strong></span> <span class='ocrx_word' id='word_1_756' title='bbox 2575 4660 2777 4730; x_wconf 88' lang='lat' dir='ltr'><strong>aliquid</strong></span> <span class='ocrx_word' id='word_1_757' title='bbox 2809 4676 3029 4729; x_wconf 84' lang='lat' dir='ltr'><strong>sonans,</strong></span> <span class='ocrx_word' id='word_1_758' title='bbox 3056 4673 3243 4739; x_wconf 87' lang='lat' dir='ltr'><strong>utpote</strong></span> <span class='ocrx_word' id='word_1_759' title='bbox 3260 4669 3350 4736; x_wconf 88' lang='lat' dir='ltr'><strong>qui</strong></span> <span class='ocrx_word' id='word_1_760' title='bbox 3375 4683 3696 4739; x_wconf 85' lang='lat' dir='ltr'><strong>cognoscas,</strong></span> 
     </span>
    </p>
   </div>
   <div class='ocr_carea' id='block_1_101' title="bbox 2124 4737 3697 4840">
    <p class='ocr_par' dir='ltr' id='par_1_101' title="bbox 2124 4737 3697 4840">
     <span class='ocr_line' id='line_1_101' title="bbox 2124 4737 3697 4840; baseline 0.01 -34"><span class='ocrx_word' id='word_1_761' title='bbox 2124 4753 2178 4806; x_wconf 89' lang='lat' dir='ltr'><strong>in</strong></span> <span class='ocrx_word' id='word_1_762' title='bbox 2207 4753 2477 4824; x_wconf 87' lang='lat' dir='ltr'><strong>principio</strong></span> <span class='ocrx_word' id='word_1_763' title='bbox 2538 4768 2657 4808; x_wconf 87' lang='lat' dir='ltr'><strong>esse</strong></span> <span class='ocrx_word' id='word_1_764' title='bbox 2683 4753 2945 4840; x_wconf 84' lang='lat' dir='ltr'><strong>Verbum,</strong></span> <span class='ocrx_word' id='word_1_765' title='bbox 3000 4764 3055 4811; x_wconf 92' lang='lat' dir='ltr'><strong>et</strong></span> <span class='ocrx_word' id='word_1_766' title='bbox 3099 4737 3339 4814; x_wconf 73' lang='lat' dir='ltr'><strong>Verbum</strong></span> <span class='ocrx_word' id='word_1_767' title='bbox 3387 4737 3510 4819; x_wconf 82' lang='lat' dir='ltr'><strong>esse</strong></span> <span class='ocrx_word' id='word_1_768' title='bbox 3555 4737 3697 4838; x_wconf 88' lang='lat' dir='ltr'><strong>apud</strong></span> 
     </span>
    </p>
   </div>
   <div class='ocr_carea' id='block_1_102' title="bbox 2128 4843 3697 4916">
    <p class='ocr_par' dir='ltr' id='par_1_102' title="bbox 2128 4843 3697 4916">
     <span class='ocr_line' id='line_1_102' title="bbox 2128 4843 3697 4916; baseline 0.011 -18"><span class='ocrx_word' id='word_1_769' title='bbox 2128 4844 2319 4911; x_wconf 91' lang='lat' dir='ltr'><strong>Deum,</strong></span> <span class='ocrx_word' id='word_1_770' title='bbox 2353 4855 2409 4900; x_wconf 88' lang='lat' dir='ltr'><strong>et</strong></span> <span class='ocrx_word' id='word_1_771' title='bbox 2438 4846 2604 4901; x_wconf 86' lang='lat' dir='ltr'><strong>Deum</strong></span> <span class='ocrx_word' id='word_1_772' title='bbox 2627 4861 2754 4902; x_wconf 85' lang='lat' dir='ltr'><strong>esse</strong></span> <span class='ocrx_word' id='word_1_773' title='bbox 2787 4843 3046 4915; x_wconf 80' lang='lat' dir='ltr'><strong>Verbum,</strong></span> <span class='ocrx_word' id='word_1_774' title='bbox 3082 4860 3136 4905; x_wconf 92' lang='lat' dir='ltr'><strong>et</strong></span> <span class='ocrx_word' id='word_1_775' title='bbox 3172 4851 3342 4908; x_wconf 87' lang='lat' dir='ltr'><strong>Deum</strong></span> <span class='ocrx_word' id='word_1_776' title='bbox 3387 4872 3576 4912; x_wconf 83' lang='lat' dir='ltr'><strong>verum</strong></span> <span class='ocrx_word' id='word_1_777' title='bbox 3626 4875 3697 4916; x_wconf 73' lang='lat' dir='ltr'><strong>ex</strong></span> 
     </span>
    </p>
   </div>
   <div class='ocr_carea' id='block_1_103' title="bbox 2122 4937 3696 5013">
    <p class='ocr_par' dir='ltr' id='par_1_103' title="bbox 2122 4937 3696 5013">
     <span class='ocr_line' id='line_1_103' title="bbox 2122 4937 3696 5013; baseline 0.01 -21"><span class='ocrx_word' id='word_1_778' title='bbox 2122 4952 2252 4992; x_wconf 83' lang='lat' dir='ltr'><strong>vero</strong></span> <span class='ocrx_word' id='word_1_779' title='bbox 2283 4937 2475 5003; x_wconf 77' lang='lat' dir='ltr'><strong>Patre:</strong></span> <span class='ocrx_word' id='word_1_780' title='bbox 2498 4954 2606 4993; x_wconf 92' lang='lat' dir='ltr'><strong>non</strong></span> <span class='ocrx_word' id='word_1_781' title='bbox 2631 4949 2812 4993; x_wconf 82' lang='lat' dir='ltr'><strong>autem</strong></span> <span class='ocrx_word' id='word_1_782' title='bbox 2853 4955 3179 4998; x_wconf 76' lang='lat' dir='ltr'><strong>conservum</strong></span> <span class='ocrx_word' id='word_1_783' title='bbox 3207 4944 3437 5013; x_wconf 87' lang='lat' dir='ltr'><strong>bonum,</strong></span> <span class='ocrx_word' id='word_1_784' title='bbox 3463 4951 3576 5006; x_wconf 90' lang='lat' dir='ltr'><strong>sola</strong></span> <span class='ocrx_word' id='word_1_785' title='bbox 3607 4952 3696 5006; x_wconf 84' lang='lat' dir='ltr'><strong>Fi-</strong></span> 
     </span>
    </p>
   </div>
   <div class='ocr_carea' id='block_1_104' title="bbox 2123 5029 3694 5109">
    <p class='ocr_par' dir='ltr' id='par_1_104' title="bbox 2123 5029 3694 5109">
     <span class='ocr_line' id='line_1_104' title="bbox 2123 5029 3694 5109; baseline 0.01 -27"><span class='ocrx_word' id='word_1_786' title='bbox 2123 5030 2179 5082; x_wconf 92' lang='lat' dir='ltr'><strong>lii</strong></span> <span class='ocrx_word' id='word_1_787' title='bbox 2212 5029 2576 5100; x_wconf 88' lang='lat' dir='ltr'><strong>appellatione</strong></span> <span class='ocrx_word' id='word_1_788' title='bbox 2602 5032 2941 5099; x_wconf 90' lang='lat' dir='ltr'><strong>decoratum,</strong></span> <span class='ocrx_word' id='word_1_789' title='bbox 2970 5044 3024 5090; x_wconf 92' lang='lat' dir='ltr'><strong>et</strong></span> <span class='ocrx_word' id='word_1_790' title='bbox 3061 5035 3224 5090; x_wconf 91' lang='lat' dir='ltr'><strong>alium</strong></span> <span class='ocrx_word' id='word_1_791' title='bbox 3261 5038 3694 5109; x_wconf 85' lang='lat' dir='ltr'><strong>Consolatorem,</strong></span> 
     </span>
    </p>
   </div>
   <div class='ocr_carea' id='block_1_105' title="bbox 2124 5122 3693 5202">
    <p class='ocr_par' dir='ltr' id='par_1_105' title="bbox 2124 5122 3693 5202">
     <span class='ocr_line' id='line_1_105' title="bbox 2124 5122 3693 5202; baseline 0.01 -26"><span class='ocrx_word' id='word_1_792' title='bbox 2124 5122 2290 5176; x_wconf 90' lang='lat' dir='ltr'><strong>alium</strong></span> <span class='ocrx_word' id='word_1_793' title='bbox 2325 5123 2584 5176; x_wconf 86' lang='lat' dir='ltr'><strong>nimirum</strong></span> <span class='ocrx_word' id='word_1_794' title='bbox 2613 5124 2680 5178; x_wconf 87' lang='lat' dir='ltr'><strong>ab</strong></span> <span class='ocrx_word' id='word_1_795' title='bbox 2706 5138 2792 5190; x_wconf 89' lang='lat' dir='ltr'><strong>eo,</strong></span> <span class='ocrx_word' id='word_1_796' title='bbox 2829 5125 2924 5194; x_wconf 88' lang='lat' dir='ltr'><strong>qui</strong></span> <span class='ocrx_word' id='word_1_797' title='bbox 2957 5127 3224 5198; x_wconf 90' lang='lat' dir='ltr'><strong>loquitur,</strong></span> <span class='ocrx_word' id='word_1_798' title='bbox 3276 5133 3419 5202; x_wconf 86' lang='lat' dir='ltr'><strong>quod</strong></span> <span class='ocrx_word' id='word_1_799' title='bbox 3461 5145 3544 5190; x_wconf 90' lang='lat' dir='ltr'><strong>est</strong></span> <span class='ocrx_word' id='word_1_800' title='bbox 3598 5135 3693 5191; x_wconf 82' lang='lat' dir='ltr'><strong>Dei</strong></span> 
     </span>
    </p>
   </div>
   <div class='ocr_carea' id='block_1_106' title="bbox 2126 5212 3693 5291">
    <p class='ocr_par' dir='ltr' id='par_1_106' title="bbox 2126 5212 3693 5291">
     <span class='ocr_line' id='line_1_106' title="bbox 2126 5212 3693 5291; baseline 0.01 -23"><span class='ocrx_word' id='word_1_801' title='bbox 2126 5212 2387 5271; x_wconf 80' lang='lat' dir='ltr'><strong>Verbum.</strong></span> <span class='ocrx_word' id='word_1_802' title='bbox 2414 5213 2478 5269; x_wconf 85' lang='lat' dir='ltr'><strong>Et</strong></span> <span class='ocrx_word' id='word_1_803' title='bbox 2513 5231 2642 5270; x_wconf 87' lang='lat' dir='ltr'><strong>cum</strong></span> <span class='ocrx_word' id='word_1_804' title='bbox 2666 5216 2798 5288; x_wconf 82' lang='lat' dir='ltr'><strong>legis</strong></span> <span class='ocrx_word' id='word_1_805' title='bbox 2833 5233 2847 5271; x_wconf 89' lang='lat'><strong>:</strong></span> <span class='ocrx_word' id='word_1_806' title='bbox 2881 5235 2898 5269; x_wconf 87' lang='grc' dir='ltr'><strong>ι</strong></span> <span class='ocrx_word' id='word_1_807' title='bbox 2936 5217 3049 5291; x_wconf 82' lang='lat' dir='ltr'><strong>Ego</strong></span> <span class='ocrx_word' id='word_1_808' title='bbox 3074 5230 3130 5276; x_wconf 91' lang='lat' dir='ltr'><strong>et</strong></span> <span class='ocrx_word' id='word_1_809' title='bbox 3175 5220 3333 5278; x_wconf 86' lang='lat' dir='ltr'><strong>Pater</strong></span> <span class='ocrx_word' id='word_1_810' title='bbox 3379 5241 3547 5281; x_wconf 91' lang='lat' dir='ltr'><strong>unum</strong></span> <span class='ocrx_word' id='word_1_811' title='bbox 3595 5242 3693 5282; x_wconf 80' lang='lat' dir='ltr'><strong>su-</strong></span> 
     </span>
    </p>
   </div>
   <div class='ocr_carea' id='block_1_107' title="bbox 2125 5305 3692 5390">
    <p class='ocr_par' dir='ltr' id='par_1_107' title="bbox 2125 5305 3692 5390">
     <span class='ocr_line' id='line_1_107' title="bbox 2125 5305 3692 5390; baseline 0.011 -32"><span class='ocrx_word' id='word_1_812' title='bbox 2125 5320 2247 5358; x_wconf 86' lang='lat' dir='ltr'><strong>inus</strong></span> <span class='ocrx_word' id='word_1_813' title='bbox 2317 5305 2366 5337; x_wconf 78' lang='lat'><strong>“</strong></span> <span class='ocrx_word' id='word_1_814' title='bbox 2402 5347 2416 5370; x_wconf 92' lang='lat'><strong>,</strong></span> <span class='ocrx_word' id='word_1_815' title='bbox 2456 5325 2474 5357; x_wconf 74' lang='grc' dir='ltr'><strong>ι</strong></span> <span class='ocrx_word' id='word_1_816' title='bbox 2531 5315 2736 5362; x_wconf 65' lang='lat' dir='ltr'><strong>natura:</strong></span> <span class='ocrx_word' id='word_1_817' title='bbox 2792 5310 3234 5381; x_wconf 75' lang='lat' dir='ltr'><strong>coniunctionem</strong></span> <span class='ocrx_word' id='word_1_818' title='bbox 3295 5319 3692 5390; x_wconf 82' lang='lat' dir='ltr'><strong>contemplare.</strong></span> 
     </span>
    </p>
   </div>
   <div class='ocr_carea' id='block_1_108' title="bbox 2122 5398 3692 5475">
    <p class='ocr_par' dir='ltr' id='par_1_108' title="bbox 2122 5398 3692 5475">
     <span class='ocr_line' id='line_1_108' title="bbox 2122 5398 3692 5475; baseline 0.012 -25"><span class='ocrx_word' id='word_1_819' title='bbox 2122 5398 2350 5462; x_wconf 80' lang='lat' dir='ltr'><strong>Quando</strong></span> <span class='ocrx_word' id='word_1_820' title='bbox 2374 5398 2504 5454; x_wconf 84' lang='lat' dir='ltr'><strong>illud</strong></span> <span class='ocrx_word' id='word_1_821' title='bbox 2524 5400 2681 5456; x_wconf 89' lang='lat' dir='ltr'><strong>audis</strong></span> <span class='ocrx_word' id='word_1_822' title='bbox 2714 5417 2730 5456; x_wconf 88' lang='lat'><strong>:</strong></span> <span class='ocrx_word' id='word_1_823' title='bbox 2770 5420 2789 5454; x_wconf 81' lang='grc' dir='ltr'><strong>ι</strong></span> <span class='ocrx_word' id='word_1_824' title='bbox 2818 5403 2899 5458; x_wconf 84' lang='lat' dir='ltr'><strong>Ad</strong></span> <span class='ocrx_word' id='word_1_825' title='bbox 2932 5419 3057 5459; x_wconf 91' lang='lat' dir='ltr'><strong>eum</strong></span> <span class='ocrx_word' id='word_1_826' title='bbox 3087 5405 3389 5475; x_wconf 78' lang='lat' dir='ltr'><strong>veniemus,</strong></span> <span class='ocrx_word' id='word_1_827' title='bbox 3429 5419 3484 5464; x_wconf 91' lang='lat' dir='ltr'><strong>et</strong></span> <span class='ocrx_word' id='word_1_828' title='bbox 3532 5427 3692 5468; x_wconf 89' lang='lat' dir='ltr'><strong>man-</strong></span> 
     </span>
    </p>
   </div>
   <div class='ocr_carea' id='block_1_109' title="bbox 2125 5491 3691 5567">
    <p class='ocr_par' dir='ltr' id='par_1_109' title="bbox 2125 5491 3691 5567">
     <span class='ocr_line' id='line_1_109' title="bbox 2125 5491 3691 5567; baseline 0.012 -23"><span class='ocrx_word' id='word_1_829' title='bbox 2125 5491 2335 5544; x_wconf 86' lang='lat' dir='ltr'><strong>sionem</strong></span> <span class='ocrx_word' id='word_1_830' title='bbox 2363 5491 2505 5562; x_wconf 84' lang='lat' dir='ltr'><strong>apud</strong></span> <span class='ocrx_word' id='word_1_831' title='bbox 2533 5506 2658 5546; x_wconf 90' lang='lat' dir='ltr'><strong>eum</strong></span> <span class='ocrx_word' id='word_1_832' title='bbox 2685 5491 2948 5552; x_wconf 81' lang='lat' dir='ltr'><strong>faciemus</strong></span> <span class='ocrx_word' id='word_1_833' title='bbox 2971 5496 3039 5564; x_wconf 76' lang='lat'><strong>“,</strong></span> <span class='ocrx_word' id='word_1_834' title='bbox 3082 5515 3103 5549; x_wconf 73' lang='grc' dir='ltr'><strong>ι</strong></span> <span class='ocrx_word' id='word_1_835' title='bbox 3161 5512 3516 5567; x_wconf 88' lang='lat' dir='ltr'><strong>personarum</strong></span> <span class='ocrx_word' id='word_1_836' title='bbox 3580 5505 3691 5563; x_wconf 84' lang='lat' dir='ltr'><strong>dis-</strong></span> 
     </span>
    </p>
   </div>
   <div class='ocr_carea' id='block_1_110' title="bbox 2127 5581 2738 5657">
    <p class='ocr_par' dir='ltr' id='par_1_110' title="bbox 2127 5581 2738 5657">
     <span class='ocr_line' id='line_1_110' title="bbox 2127 5581 2738 5657; baseline 0.011 -24"><span class='ocrx_word' id='word_1_837' title='bbox 2127 5581 2446 5638; x_wconf 89' lang='lat' dir='ltr'><strong>tinctionem</strong></span> <span class='ocrx_word' id='word_1_838' title='bbox 2478 5582 2738 5657; x_wconf 84' lang='lat' dir='ltr'><strong>intellige.</strong></span> 
     </span>
    </p>
   </div>
   <div class='ocr_carea' id='block_1_111' title="bbox 519 5819 2117 5910">
    <p class='ocr_par' dir='ltr' id='par_1_111' title="bbox 519 5819 2117 5910">
     <span class='ocr_line' id='line_1_111' title="bbox 519 5819 2117 5910; baseline 0.01 -14"><span class='ocrx_word' id='word_1_839' title='bbox 519 5819 564 5873; x_wconf 59' lang='grc' dir='ltr'><strong>δέ</strong></span> <span class='ocrx_word' id='word_1_840' title='bbox 593 5843 734 5898; x_wconf 82' lang='lat' dir='ltr'><strong>Psal.</strong></span> <span class='ocrx_word' id='word_1_841' title='bbox 769 5861 928 5910; x_wconf 76' lang='lat' dir='ltr'><strong>xxxv,</strong></span> <span class='ocrx_word' id='word_1_842' title='bbox 960 5845 1050 5900; x_wconf 84' lang='lat'><strong>50.</strong></span> <span class='ocrx_word' id='word_1_843' title='bbox 1130 5842 1348 5898; x_wconf 71' lang='lat' dir='ltr'><strong>“Joau.</strong></span> <span class='ocrx_word' id='word_1_844' title='bbox 1372 5859 1423 5910; x_wconf 70' lang='grc' dir='ltr'>ι,</span> <span class='ocrx_word' id='word_1_845' title='bbox 1452 5844 1542 5900; x_wconf 82' lang='lat'><strong>&#39;50.</strong></span> <span class='ocrx_word' id='word_1_846' title='bbox 1619 5845 1664 5877; x_wconf 79' lang='lat'><strong>&quot;</strong></span> <span class='ocrx_word' id='word_1_847' title='bbox 1692 5842 1849 5902; x_wconf 72' lang='lat' dir='ltr'><strong>Joan.</strong></span> <span class='ocrx_word' id='word_1_848' title='bbox 1882 5861 1990 5908; x_wconf 75' lang='lat' dir='ltr'><strong>XIV.</strong></span> <span class='ocrx_word' id='word_1_849' title='bbox 2023 5847 2117 5904; x_wconf 61' lang='lat'><strong>23-</strong></span> 
     </span>
    </p>
   </div>
  </div>
