3984 6564
421 434 490 497 τι)
1634 424 2018 487 EUTIIYMII
2083 425 2446 488 ZIGABENI
3603 426 3677 492 80

491 549 562 606 At
597 564 718 604 cum
739 545 928 607 Patris,
956 552 1010 599 et
1032 539 1193 610 Filii,
1222 547 1276 595 ct
1312 540 1552 613 Spiritus
1569 545 1981 614 sanctitnomen.

2169 546 2322 598 Μετά
2360 544 2545 599 Λουκᾶ
2570 544 2942 616 ἒμτωεύσοητι
2983 544 3372 617 ταῖςἹῘράξεσι
3406 547 3517 602 τῶν
3542 548 3671 603 ἀποο

427 658 541 699 trcs
565 642 755 711 utique
784 638 1144 711 proprietates
1176 677 1191 702 ,
1228 651 1333 689 una
1367 651 1489 691 cum
1518 635 1664 691 Luca
1720 636 1771 690 in
1836 636 1999 691 rebus

421 738 489 793 ab
527 734 789 806 apostolis
813 731 979 802 gestis
1010 744 1239 785 versans
1268 729 1503 794 invenis,
1539 745 1639 785 cur
1670 744 1794 783 cum
1852 730 1999 782 Ana-

420 830 507 885 nia
535 838 591 882 et
644 824 873 893 Saphira
909 820 1069 877 novis
1094 822 1305 876 furibus
1346 821 1454 877 inis
1476 822 1790 876 societatem
1813 822 1836 875 Ἰ
1856 818 1999 877 Vere

418 920 564 975 enim
590 932 791 973 novum
824 914 1042 969 furandi
1083 932 1257 987 genus
1288 925 1391 981 est,
1425 930 1546 969 cum
1588 915 1710 984 quis
1758 930 1821 969 ea
1850 929 1999 983 'quaa

418 1012 631 1085 propria
653 1018 781 1065 sunt
804 1006 1058 1079 subripit,
1098 1008 1395 1076 praesertim
1442 1008 1487 1062 si
1545 1023 1653 1063 non
1689 1016 1996 1078 argentum,

416 1113 509 1157 aut
537 1102 682 1157 aliud
703 1100 977 1171 quidpiam
1005 1100 1149 1170 quod
1176 1101 1281 1156 vile
1325 1115 1658 1171 parvumque
1688 1099 1780 1163 sit,
1806 1110 1864 1154 ut
1896 1100 1999 1154 lin-

416 1213 573 1268 guam
596 1210 837 1259 auream,
892 1202 984 1247 aut
1015 1202 1359 1259 tenuem,aut
1385 1192 1723 1255 didrachma,
1755 1201 1812 1246 ut
1845 1192 1997 1247 miles

414 1274 505 1347 ille
559 1290 833 1361 quondam
878 1288 1227 1351 insatiabilis,
1272 1287 1365 1343 sed
1417 1286 1765 1342 Divinitatem
1824 1286 1995 1354 ipsam

410 1378 654 1449 iuratur,
678 1384 1081 1451 mentiaturque
1103 1378 1561 1449 quemadmodum
1582 1376 1855 1439 audivisti,
1885 1390 1994 1430 non

410 1468 647 1542 homini,
690 1476 782 1530 sed
823 1472 954 1528 Deo.
982 1472 1359 1528 Venerandam
1392 1470 1631 1541 Spiritus
1678 1468 1795 1523 cole
1844 1476 1998 1537 pote-

416 1578 634 1633 statem,
663 1566 859 1635 quibus
915 1564 1050 1629 vult,
1106 1573 1161 1617 et
1197 1561 1416 1630 quando
1453 1559 1590 1623 vult,
1633 1568 1687 1613 et
1728 1567 1994 1628 quantum

414 1662 546 1721 vult.
576 1659 890 1729 aSpirantis.
934 1655 1226 1710 Descendit
1257 1655 1402 1708 enim
1469 1667 1633 1721 super
1681 1651 1992 1707 Cornelium

413 1762 467 1804 et
489 1750 821 1805 domesticos
879 1748 1020 1817 ejus,
1071 1754 1195 1799 ante
1242 1745 1618 1815 baptismum;
1651 1758 1815 1812 super
1858 1742 1994 1796 alios

414 1852 592 1897 autem
618 1857 714 1911 per
738 1834 1010 1911 apostolos
1036 1846 1157 1909 post
1191 1837 1550 1907 baptismum,
1571 1843 1632 1889 ut
1676 1846 1733 1889 et
1780 1849 1847 1890 ex
1903 1834 1993 1900 iis,

2104 637 2308 689 στόλων
2347 638 2721 708 προσομιλῶν.
2746 639 2812 691 Τί
2852 638 2992 709 μετά
3044 639 3286 693 Ἀνανίου
3340 640 3537 711 τάττῃ,
3579 642 3675 694 καὶ

2104 727 2449 800 Σαπφείρας,
2509 730 2618 782 τῶν
2666 730 2869 783 καινῶν
2914 731 3246 800 νοσφιστῶν,
3307 730 3425 800 εῐγε
3488 731 3675 786 καινὸν

2100 819 2271 882 ὅντως
2304 820 2337 887 ἡ
2373 821 2482 873 τῶν
2533 820 2678 874 ἰδίων
2722 823 2925 891 κλοπή;
2979 824 3074 876 καὶ
3123 825 3294 876 ταῦτα
3345 824 3675 894 νοσφιξόμε-

2100 928 2190 975 νος
2234 912 2335 965 οὐκ
2385 913 2675 984 ἀργύριον,
2713 914 2824 967 οὐδ’
2879 914 3008 968 ἄλλο
3054 934 3106 969 τι
3137 918 3247 969 τῶν
3294 917 3529 969 εὐτελῶν
3580 919 3674 972 καὶ

2103 1003 2341 1074 μικρῶν,
2392 1001 2507 1059 οἷον
2547 1008 2802 1076 γλῶσσαν
2836 1009 3069 1078 χρυσῆν,
3102 1009 3134 1080 ἦ
3172 1009 3357 1081 ψιλὴν,
3396 1010 3676 1080 ἢδίδραχ-

2102 1112 2226 1164 μον,
2262 1096 2338 1160 ὠς
2391 1098 2523 1151 ποτὲ
2579 1099 2924 1172 στρατιώτης
2985 1101 3284 1171 ἄπληστος,
3334 1101 3449 1154 ἄλλ’
3504 1101 3676 1172 αὐτὴν

2100 1186 2355 1242 κλέπτων
2406 1190 2658 1261 θεότητα,
2711 1195 2807 1245 καὶ
2842 1192 3173 1264 ψευδόμενος
3227 1194 3327 1247 οὐκ
3358 1193 3672 1265 ἄνθρωπον,

2097 1282 2234 1335 ἀλλά
2286 1283 2613 1354 Θεὸν,»ὃπερ
2642 1286 2877 1356 ἥκουσα.
2924 1285 2990 1339 Τί
3050 1303 3143 1355 μοι
3182 1286 3237 1338 δὲ
3286 1285 3384 1356 τὴν
3422 1285 3675 1350 ἐξουσίαν

2098 1364 2225 1445 αἰδῇ
2253 1375 2349 1429 τοῦ
2386 1376 2733 1443 Πνεύματος,
2764 1379 2851 1448 ἐφ’
2887 1377 2981 1442 οὓς
3016 1379 3181 1442 θέλει,
3206 1381 3301 1433 καὶ
3340 1380 3523 1450 ἡνίκα,
3576 1378 3674 1432 καὶ

2095 1466 2219 1518 ὅσον
2253 1467 2541 1534 πνέοντος;
2576 1469 2873 1538 Ἐπιδημεῖ
2898 1473 3011 1533 τοῖς
3068 1473 3195 1541 περὶ
3223 1471 3526 1543 Κορνήλιον
3564 1473 3672 1542 πρὸ

2096 1557 2191 1610 τοῦ
2253 1558 2649 1631 βαπτίσματος,
2692 1562 2875 1625 ἄλλοις
2938 1563 3079 1632 μετά
3108 1563 3169 1615 τὸ
3232 1563 3519 1633 βάπτισμα
3585 1564 3673 1617 διά

2095 1647 2205 1701 τῶν
2229 1650 2570 1705 ἀποστόλων.
2608 1652 2769 1704 Ὥστε
2807 1653 3200 1722 ἀμφοτέρωθεν
3240 1654 3306 1706 ἐκ
3336 1671 3393 1707 τε
3426 1648 3502 1708 ὧν
3552 1656 3675 1707 ἐπι-

2097 1745 2269 1813 φοιτᾷ
2319 1743 2680 1809 δεσποτικῶς,
2716 1745 2835 1797 ἀλλ⁹
2890 1747 2952 1799 οὐ
2990 1746 3281 1812 δουλικῶς,
3340 1748 3436 1800 καὶ
3491 1746 3552 1811 ἒξ
3595 1741 3673 1801 ῶν

2095 1835 2437 1908 ἐπιζητεῖται
2465 1837 2602 1908 πρὸς
2626 1838 2724 1909 τὴν
2750 1838 3035 1892 τελείωσιν
3062 1838 3162 1911 τὴν
3194 1838 3427 1911 θεότητα
3457 1856 3641 1912 μαρτυ

398 1926 551 2005 qua},
580 1949 689 1989 non
717 1942 778 1986 nt
804 1947 1014 1997 servus,
1052 1930 1147 1985 sed
1173 1938 1431 1998 tanquam
1463 1926 1719 1982 dominus
1750 1926 1911 1997 gerit,
1933 1935 1981 1980 et

2098 1905 2314 2000 patefiat
2344 1929 2442 1983 τοῦ
2486 1905 2831 2002 Πνεύματος.

394 2010 476 2080 ὀι
500 2025 623 2090 illis,
663 2040 783 2095 qua:
819 2024 871 2079 in
905 2037 999 2087 eo,
1034 2022 1126 2092 qui
1158 2020 1458 2076 initiandus
1485 2029 1591 2084 est,
1613 2018 1864 2089 requirit,
1904 2016 1989 2074 di-
2074 2060 2075 2063 η

396 2104 693 2170 ἰ’ἰηῑιοῑοιη
734 2123 966 2169 testetur
997 2128 1176 2169 suam.

474 2206 614 2263 Cum
638 2207 828 2272 Paulo,
862 2206 953 2276 qui
977 2206 1030 2261 in
1063 2204 1283 2260 tertium
1344 2202 1591 2259 sublatus
1633 2210 1716 2256 est
1766 2199 1987 2267 ccelum,

410 2312 581 2356 tracta
642 2301 986 2371 theologiam,
1017 2299 1107 2368 qui
1170 2311 1312 2350 nunc
1369 2305 1479 2350 tres
1510 2302 1792 2364 perSonas,
1845 2296 1991 2349 ordi-

417 2413 486 2450 ne
518 2402 857 2448 commutato
905 2392 979 2445 ita
1034 2397 1410 2452 connumerat,
1481 2396 1542 2439 ut
1582 2402 1727 2440 nunc
1787 2387 1986 2456 primo,

410 2499 559 2538 nunc
592 2481 857 2546 secundo,
897 2495 1047 2534 nunc
1076 2479 1236 2533 tertio
1260 2479 1377 2533 loco
1415 2477 1661 2531 eamdem
1701 2491 1985 2546 personam

406 2573 723 2641 nominans,
770 2584 978 2627 natura:
1042 2571 1285 2626 declaret
1343 2571 1703 2640 :equal'rtatem
1760 2588 1775 2625 :
1835 2584 1988 2624 nunc

408 2667 563 2727 duas,
592 2674 687 2718 aut
715 2680 876 2718 unam
908 2678 1096 2717 earum
1131 2662 1367 2731 aliquam
1406 2673 1614 2716 tantum
1648 2661 1821 2731 ponit,
1864 2670 1985 2714 tan-

380 2754 569 2833 :quam
599 2758 817 2828 reliquae
844 2764 1249 2825 consequantur
1278 2756 1524 2810 omnino.
1570 2754 1720 2808 Alias
1752 2753 1982 2823 Spiritui

405 2852 643 2921 assignat
681 2849 949 2902 actionem
976 2847 1092 2910 Dei,
1124 2846 1277 2914 quasi
1310 2844 1447 2899 nihil
1494 2846 1887 2910 referat,hunc
1913 2859 1981 2898 an

403 2947 554 3001 illum
579 2943 742 2998 dicat.
776 2941 921 2995 Alias
945 2950 1125 2993 autem
1147 2956 1245 3009 pro
1265 2938 1473 3009 Spiritu
1497 2939 1774 2993 Christum
1804 2938 1979 2994 aifert.

405 3038 469 3093 Ει
508 3035 795 3105 aliquando
833 3032 1049 3102 quidem
1077 3047 1337 3100 personas
1367 3032 1653 3100 distinguit
1680 3046 1693 3082 :
1736 3029 1973 3096 «Unus,»

402 3127 675 3197 inquiens,
712 3143 730 3175 ι
766 3124 926 3188 Deus,
959 3137 1021 3174 ex
1056 3137 1162 3191 quo
1186 3124 1390 3183 omnia.
1430 3130 1484 3176 ct
1509 3136 1610 3176 nos
1638 3121 1691 3173 in
1744 3121 1921 3190 ipsum
1959 3136 1972 3172 :

370 3204 371 3209 η
404 3226 479 3284 et_
499 3232 639 3271 unus
666 3212 929 3268 Dominus
958 3210 1118 3265 Jesus
1147 3209 1423 3275 Christus,
1458 3226 1552 3279 per
1575 3225 1739 3278 quem
1769 3210 1972 3274 omnia,

402 3318 456 3366 et
484 3324 586 3363 nos
617 3322 715 3377 per
750 3308 927 3376 ipsum
951 3302 1020 3355 ⁸⁸.
1059 3322 1076 3355 ι
1105 3302 1409 3371 Aliquando
1437 3312 1616 3355 autem
1659 3318 1821 3357 unam
1864 3318 1975 3356 'cx-

404 3398 993 3473 primitdivinitatem:
1032 3413 1049 3445 ι
1125 3392 1414 3460 Quoniam,
1468 3412 1486 3446 ι
1519 3394 1793 3464 inquiens,
1858 3412 1875 3445 ι
1909 3409 1975 3448 ex

404 3490 545 3560 ipso,
580 3499 635 3542 et
670 3503 764 3558 per
787 3486 990 3555 ipsum,
1024 3495 1078 3538 et
1109 3485 1164 3537 in
1198 3485 1372 3553 ipsum
1426 3485 1606 3538 omnia
1634 3484 1701 3549 "’,
1739 3502 1757 3535 ι
1812 3484 1979 3537 nitui-

364 3574 375 3585 ”
403 3596 525 3636 rum
554 3596 652 3652 per
683 3578 859 3649 ipsum
888 3576 1176 3646 Spiritum,
1208 3577 1667 3646 quemadmodum
1698 3576 1751 3630 in
1792 3576 1977 3631 multis

402 3674 697 3745 Scriptura:
713 3671 848 3727 locis
866 3669 1195 3725 declaratur.

358 3800 365 3805 '
402 3785 649 3856 Ejusdem
680 3800 744 3839 ex
798 3784 1036 3838 oratione
1075 3782 1426 3856 inqArianos,
1492 3784 1547 3837 in
1572 3799 1676 3854 qua
1716 3793 1784 3838 ἐι
1834 3784 1899 3839 de
1922 3801 1976 3839 se

992 3857 1109 3922 ipso
1124 3898 1127 3899 ν
1140 3855 1392 3924 loquitur.

465 3949 578 4005 Nos
604 3957 786 4004 autem
811 3947 1104 4003 adoramus
1122 3945 1361 4011 Patrem,
1387 3955 1441 4001 et
1470 3946 1690 4011 Filium,
1721 3958 1776 4002 et
1795 3946 1975 4017 Spiri-

346 4076 351 4079 -
396 4054 510 4097 tum
543 4051 813 4103 sanctum,
832 4039 1044 4093 Patrem
1075 4040 1262 4102 Deum,
1290 4039 1485 4093 Filium
1510 4040 1704 4100 Deum.
1729 4050 1784 4094 et
1808 4041 1976 4110 Spiri-

348 4162 353 4185 ς
397 4147 511 4190 tum
554 4143 826 4195 sanctum,
860 4131 962 4184 nisi
1025 4132 1251 4185 moleste
1284 4131 1413 4195 fers,
1472 4132 1667 4185 Deum.
1712 4133 1972 4186 Naturam

350 4262 355 4269 -
398 4243 562 4281 unam
607 4227 662 4279 in
715 4225 889 4279 tribus
948 4222 1526 4292 preprietatibus,quae
1584 4232 1767 4277 mente
1800 4223 1975 4292 perci-

338 4354 345 4359 -
390 4322 647 4390 piuntur,
668 4316 1027 4387 perfectaeque
1062 4325 1210 4379 sunt,
1238 4324 1291 4369 et
1318 4330 1425 4385 per
1458 4330 1515 4369 se
1541 4322 1811 4371 constant.
1843 4317 1974 4383 Quae

2167 2197 2323 2252 Μετὰ
2348 2198 2567 2254 Παύλου
2594 2198 2923 2268 θεολόγησον
2946 2198 3038 2252 τοῦ
3064 2196 3201 2266 πρὸς
3234 2198 3424 2270 τρίτον
3490 2197 3659 2268 οὖρα-

2093 2290 2184 2343 νὸν
2220 2290 2571 2361 ἀναχθέντος,
2606 2291 2738 2344 ποτὲ
2774 2292 2874 2360 μὲν
2908 2290 3373 2362 συναριθμοῦντος
3398 2292 3495 2355 τάς
3519 2293 3669 2362 τρεῖς

2093 2384 2450 2448 ὑποστάσεις,
2485 2386 2582 2438 καὶ
2621 2384 2780 2438 τοῦτο
2809 2384 3257 2455 ἐνηλλαγμένως,
3320 2384 3381 2437 οὐ
3433 2401 3670 2455 τετηρη-

2094 2477 2273 2546 μένως
2300 2480 2419 2542 ταῖς
2440 2476 2649 2542 τάξεσι,
2682 2476 3186 2547 προαριθμοῦντος,
3218 2475 3667 2547 ὲναριθμοῦντος,

2091 2570 2537 2640 ὑπαριθμοῦντος
2579 2571 2643 2623 τὸ
2668 2570 2801 2623 αὐτό
2832 2587 2845 2599 ’
2885 2572 2971 2623 ἵνα
3022 2570 3074 2623 τί
3121 2570 3375 2643 δηλώσεις
3424 2569 3521 2639 τὴν
3556 2570 3669 2621 ἰσο-

2086 2665 2273 2734 τιμίαν
2311 2665 2409 2734 τῆς
2469 2662 2685 2731 φύσεως
2709 2680 2721 2692 ·
2762 2663 2892 2715 ποτὲ
2945 2662 3001 2714 δὲ
3030 2661 3139 2715 τῶν
3180 2661 3350 2730 τριῶν
3380 2660 3669 2730 μεμνημέ-

2086 2773 2198 2822 νου,
2257 2756 2389 2807 ποτὲ
2429 2754 2487 2806 δὲ
2529 2753 2637 2808 τῶν
2686 2752 2718 2823 ἢ
2781 2753 2947 2817 τινὸς,
3012 2753 3087 2815 ὡς
3131 2752 3402 2821 ἑπομένου
3440 2751 3661 2814 πάντως

2085 2848 2178 2901 τοῦ
2227 2848 2549 2909 λείποντοςο
2611 2847 2707 2900 καὶ
2759 2846 2890 2897 ποτὲ
2939 2847 3037 2915 μὲν
3086 2844 3184 2923 τὴν
3239 2847 3520 2915 ἐνέργειαν
3570 2846 3667 2897 τοῦ

2083 2940 2219 2995 Θεοῦ
2272 2941 2353 3010 τῷ
2394 2939 2675 3009 Πνεύματι
2702 2939 2957 3006 διδόντος,
3002 2938 3076 3000 ὡς
3120 2938 3271 2989 οὐδὲν
3295 2938 3663 3007 διαφέροντος,

2083 3035 2214 3086 ποτε
2239 3032 2296 3086 δὲ
2325 3033 2448 3084 ἀντὶ
2469 3030 2563 3083 τοῦ
2615 3030 2934 3099 Πνεύματος
2968 3032 3058 3082 τὸν
3086 3030 3319 3101 Χριστὸν
3373 3030 3665 3098 ἐπιφέρον-

2079 3144 2191 3193 τος,
2222 3128 2317 3179 καὶ
2341 3128 2429 3179 ὅτε
2458 3128 2558 3194 μὲν
2583 3126 2782 3194 διαιρεῖ
2810 3124 2905 3186 τὰς
2941 3124 3287 3188 ὑποστάσεις,
3321 3117 3445 3185 «Εἷς
3470 3123 3656 3186 Θεὸς,ι

2080 3219 2348 3287 λέγοντος,
2380 3220 2466 3285 «ἐξ
2494 3215 2555 3272 οὗ
2583 3219 2653 3271 τὰ
2683 3218 2883 3283 πάντα,
2918 3216 3011 3269 καὶ
3038 3218 3199 3284 ἡμεῖς
3227 3217 3307 3278 είς
3339 3216 3524 3269 αὐτόν.
3548 3216 3661 3270 Καὶ

2081 3306 2159 3373 εἷς
2208 3310 2409 3382 Κύριος
2450 3311 2659 3381 Ἰησοῦς
2702 3310 2962 3380 Χριστὸς,
2997 3309 3064 3362 δι’
3098 3304 3159 3363 οὗ
3206 3310 3275 3362 τὰ.
3313 3311 3513 3377 πάντα,
3567 3311 3664 3363 καὶ

2082 3407 2242 3473 ἡμεῖς
2270 3405 2339 3457 δι’
2370 3404 2558 3457 αὐτοῦ’
2590 3423 2608 3456 ι
2637 3406 2725 3457 ὅτε
2756 3405 2811 3456 δὲ
2839 3405 3060 3470 συνάγει
3100 3404 3197 3474 τὴν
3232 3404 3364 3472 μίαν
3408 3403 3662 3474 θεότητα,

2084 3512 2104 3546 ι
2119 3496 2239 3547 Ὀτι
2261 3493 2321 3559 ἐξ
2343 3495 2529 3557 αὐτοῦ,
2552 3494 2648 3547 καὶ
2660 3492 2730 3546 δι’
2746 3494 2934 3557 αὑτοῦ,
2954 3493 3140 3557 καὶείς
3166 3495 3327 3545 αὑτὸν
3339 3494 3407 3547 τὰ
3426 3496 3656 3557 πάντα,ι

2076 3587 2277 3657 δηλαδὴ
2298 3587 2387 3641 διὰ
2404 3586 2498 3640 τοῦ
2516 3586 2673 3654 ἁγίου
2702 3586 3041 3655 Πνεύματος,
3060 3586 3133 3648 ὡς
3158 3585 3427 3655 πολλαχοῦ
3450 3586 3661 3638 δείκνυ-

2078 3696 2167 3733 ται
2192 3678 2291 3749 τῆς
2321 3680 2564 3749 Γραφῆς.
2587 3679 2747 3750 Αὐτῷ
2775 3680 2807 3749 ὴ
2827 3678 2956 3743 δόξα
2976 3680 3052 3740 εἰς
3074 3679 3199 3743 τοὺς
3224 3678 3445 3741 αἰῶνας.
3461 3678 3660 3750 Ἀμήν.

2088 3788 2186 3842 Ἐκ
2220 3788 2533 3857 τοῦλόγου
2561 3787 2667 3841 τοῦ
2696 3788 2859 3911 πρὸὲ
2882 3787 3243 3855 Ἀρειανοὺς,
3273 3788 3372 3842 καὶ
3400 3791 3487 3856 είς
3520 3789 3663 3843 ἐαυ-

2790 3875 2819 3911 τ
2860 3875 2917 3911 ν.

2790 3875 2917 3912 τον.

2151 3950 2316 4004 Αὐτοὶ
2368 3951 2426 4004 δὲ
2480 3948 2909 4021 προσκυνοῦμεν
2957 3950 3051 4004 τὸν
3113 3950 3356 4021 Πατέρα,
3409 3953 3503 4004 καὶ
3565 3952 3661 4005 τὸν

2077 4045 2230 4110 Υἱὸν,
2265 4046 2360 4098 καὶ
2394 4045 2456 4096 τὸ
2486 4046 2713 4113 Πνεῦμα
2746 4044 2807 4097 τὸ
2856 4044 3033 4111 ἂγιον.
3064 4042 3199 4098 Θεὸν
3258 4044 3353 4097 τὸν
3408 4044 3655 4115 Πατέρα,

2076 4137 2207 4188 Θεὸν
2262 4135 2353 4186 τὸν
2405 4134 2555 4199 Υίὸν,
2608 4133 2779 4199 Θεὸν,
2838 4135 2886 4185 εί
2948 4131 3023 4202 μὴ
3072 4132 3341 4202 τραχύν-ῃ,
3377 4131 3439 4183 τὸ
3484 4130 3657 4183 [ἶνεῦ-

2078 4246 2155 4297 μα
2198 4227 2260 4280 τὺ
2291 4226 2444 4293 ἅγιον
2474 4243 2486 4255 °
2533 4226 2662 4295 μίαν
2714 4226 2876 4293 φύσιν
2942 4228 3000 4277 ὲν
3051 4225 3228 4294 τρισὶν
3265 4224 3491 4291 ἰδιότησι
3542 4240 3662 4274 νοε-

2076 4323 2219 4391 ραίς,
2256 4319 2511 4382 τελείαις,
2551 4317 2673 4370 καθ’
2731 4318 2930 4379 ἑαυτὰς
2990 4316 3331 4384 ὐφεστώσαις
3366 4352 3382 4377 ,
3439 4314 3659 4383 ἀριθμῷ

348 4462 353 4465 .
396 4423 628 4465 numero
650 4408 869 4476 quidem
891 4405 1617 4477 distinguuntur.divinitate
1647 4424 1775 4462 vero
1807 4408 1971 4463 dividi

2087 4413 2411 4482 Βιαιρεταῖς,
2474 4410 2567 4463 καὶ
2625 4411 2685 4463 οὐ
2747 4410 3044 4478 διαιρεταῖς
3121 4408 3355 4477 θεότητι.
3436 4408 3659 4460 Τούτων

392 4508 695 4566 nequeunt.
722 4498 984 4551 Hasmilti
1018 4512 1177 4553 voces
1195 4500 1435 4555 concede
1461 4511 1535 4567 tu,
1569 4502 1660 4571 qui
1695 4500 1854 4555 hodie
1872 4501 1974 4556 mi-

2087 4504 2398 4575 παραχώρει
2456 4521 2548 4573 μοι
2605 4502 2714 4555 τῶν
2768 4502 2960 4570 φωνῶν
3030 4502 3137 4563 πᾶς
3173 4502 3201 4553 ὁ
3260 4500 3500 4553 ἀπειλῶν
3557 4502 3659 4569 σή-

390 4593 609 4656 nitaris,
640 4592 844 4662 reliqua
872 4592 965 4662 qui
997 4593 1208 4657 volunt,
1240 4605 1451 4648 curent.
1478 4595 1601 4649 Non
1651 4593 1854 4665 patitur
1912 4594 1968 4647 in

2087 4615 2263 4667 μερον,
2290 4598 2399 4649 τῶν
2418 4597 2472 4649 δὲ
2499 4595 2674 4649 ἄλλων
2703 4594 3212 4663 μεταποιείσθωσαν
3229 4594 3276 4646 oi
3312 4592 3652 4663 βουλόμενῖι.

332 4736 343 4747 ,
390 4683 530 4739 Filio
561 4685 1013 4753 Paterjacturam
1064 4685 1203 4749 ﬁeri,
1259 4701 1359 4740 nec
1406 4685 1599 4749 Filius,
1654 4687 1710 4739 in
1766 4683 1971 4756 Spiritu

2087 4690 2188 4742 ῧὺκ
2211 4689 2467 4758 ἀνέχεται
2504 4686 2694 4757 Πατὴρ
2737 4687 2862 4739 Υῐὸν
2911 4687 3300 4756 ζημιούμενος,
3341 4686 3461 4739 οὐδὲ
3520 4686 3653 4747 Υίὸς

391 4786 603 4830 sancto.
638 4774 817 4831 Fieret
847 4784 1027 4831 autem
1052 4777 1293 4847 jactura,
1316 4778 1361 4831 si
1390 4790 1573 4832 essent
1597 4776 1764 4832 creati
1788 4792 1801 4827 :
1827 4775 1971 4847 quod

2087 4780 2132 4833 τὸ
2168 4781 2395 4848 Πνεῦμα
2430 4779 2488 4829 τὸ
2540 4779 2697 4845 ἅγιον
2723 4792 2737 4805 ·
2782 4775 3222 4847 ζημιοῦταιδὲεί
3266 4776 3417 4840 ποτὲ,
3454 4776 3546 4829 καὶ
3597 4778 3652 4829 εί

386 4870 531 4922 enim
570 4879 809 4923 creatum
832 4880 933 4932 est.
968 4870 1111 4924 Deus
1163 4886 1272 4924 non
1333 4880 1441 4926 est.
1496 4869 1614 4924 Non
1680 4869 1819 4934 fero,
1882 4871 1971 4923 in-

2087 4872 2304 4942 κτίσμα.
2340 4869 2415 4923 Οὐ
2442 4870 2549 4941 γὰρ
2587 4869 2721 4930 Θεὸς
2761 4870 2821 4921 τὸ
2852 4870 3191 4939 κτιζόμενον.
3252 4870 3327 4922 Οὐ
3365 4869 3513 4939 φέρω
3548 4870 3653 4939 ξη-

358 4959 532 5029 ⁸ιιιιίε,
553 4958 946 5027 perfectionem
976 4960 1227 5015 imminui
1262 4980 1275 5015 ε
1302 4977 1479 5031 neque
1518 4977 1640 5032 ego.
1674 4962 1793 5017 Una
1813 4961 1969 5025 ﬁdes,

382 5062 537 5102 unus
565 5046 852 5113 Dominus,
885 5065 1056 5104 unum
1092 5052 1384 5121 baptisma.
1423 5054 1481 5105 Si
1534 5054 1605 5107 ab
1661 5054 1766 5106 hoc
1819 5052 1969 5105 exci-

332 5139 543 5203 tdero,
576 5139 665 5193 ubi
692 5141 983 5195 nanciscar
1043 5142 1318 5197 alterum?
1374 5142 1581 5212 Ecquid
1631 5143 1814 5197 dicitis
1852 5158 1969 5207 vos,

382 5231 479 5301 qui
508 5231 817 5301 baptizatis,
852 5241 949 5286 aut
984 5233 1375 5303 rebaptizatis?
1404 5233 1630 5289 Licetne
1688 5250 1812 5290 esse
1854 5236 1971 5306 Spi-

382 5323 595 5376 ritalem
625 5323 745 5377 sine
777 5323 1025 5393 Spiritu?
1080 5324 1191 5378 Aut
1232 5324 1515 5393 particeps
1569 5325 1804 5393 Spiritus
1862 5334 1968 5394 est,

382 5415 478 5482 qui
503 5412 767 5482 Spiritum
798 5429 911 5467 non
946 5413 1117 5467 colit?
1149 5415 1259 5468 Aut
1293 5416 1557 5483 Spiritum
1592 5417 1717 5471 colit
1745 5417 1810 5481 is,
1868 5419 1959 5486 qui

386 5504 444 5555 in
476 5506 699 5559 nomine
736 5504 904 5559 creati
933 5508 1300 5575 conservique
1328 5508 1557 5577 spiritus
1621 5510 1959 5581 baptizatur?

376 5594 605 5650 Minime
634 5610 783 5651 vero.
816 5596 1105 5665 Nunquam
1133 5597 1282 5651 dices
1315 5606 1422 5652 tam
1455 5600 1645 5665 multa,
1677 5612 1786 5654 uta
1832 5618 1958 5657 vera

370 5688 652 5742 sententia
696 5687 993 5743 discedam.
1032 5690 1149 5746 Non
1192 5690 1375 5745 fallam
1438 5702 1510 5757 te,
1551 5691 1713 5748 Pater
1762 5709 1957 5764 expers

452 5856 549 5909 “l
581 5856 703 5912 Cor.
746 5873 861 5921 vnt,
888 5861 941 5913 ὁ.
1018 5858 1281 5927 δτλευω,
1320 5863 1402 5917 16.

2074 4961 2368 5031 ριούμενος
2395 4961 2516 5013 οὐδὲ
2549 4960 2660 5028 ἐγὼ
2705 4960 2804 5029 τὴν
2832 4959 3130 5014 τελείωσιν.
3172 4955 3267 5021 Εἷς
3296 4959 3517 5032 Κύριος,
3551 4962 3655 5029 μία

2071 5055 2278 5127 πίστις,
2332 5052 2391 5105 ἓν
2464 5052 2771 5122 βάπτισμα.
2828 5052 2891 5104 Ei
2953 5050 3111 5103 τοῦτο
3165 5052 3480 5122 ἀκυρωθείη
3532 5067 3652 5120 μοι,

2072 5149 2223 5217 παρὰ
2253 5146 2395 5208 τίνος
2410 5146 2466 5197 τὸ
2486 5144 2740 5214 δεύτερον
2763 5161 2779 5210 ;
2805 5143 2870 5198 Τί
2890 5160 3025 5213 φατε
3044 5145 3094 5196 oi
3125 5143 3651 5207 κατσόαπτὶζοντες,

2068 5242 2101 5313 ἢ
2146 5237 2651 5303 ἀναόαπτίζοντες;
2680 5235 2877 5289 Ἔστιν
2926 5230 3065 5290 εἶναι
3106 5235 3479 5306 πνευματικὸν
3515 5239 3651 5289 ἄνευ

2070 5333 2164 5387 τοῦ
2198 5331 2515 5402 Πνεύματος
2543 5347 2558 5398 ;
2593 5329 2830 5398 Μετέχει
2859 5327 2916 5381 δὲ
2946 5327 3263 5398 Πνεύματος
3298 5329 3327 5380 ὁ
3359 5327 3433 5398 μὴ
3465 5327 3651 5397 τιμῶν

2069 5423 2130 5476 τὸ
2163 5421 2423 5491 Πνεῦμας
2453 5420 2603 5490 Τιμᾷ
2626 5419 2683 5472 δὲ
2706 5419 2733 5471 6
2768 5420 2848 5481 είς
2904 5419 3135 5487 κτίσμα,
3199 5420 3293 5473 καὶ
3350 5418 3650 5489 ὁμόδουλον

2071 5513 2505 5584 βαπτιζόμενοςς
2543 5514 2655 5565 Οὐκ
2684 5513 2855 5564 ἐστιν.
2908 5512 3020 5581 Οὐχ
3071 5511 3212 5563 οὕτω
3261 5511 3431 5563 πολλά
3469 5513 3643 5581 ἐρεῖς.

2070 5604 2145 5656 Οὐ
2186 5601 2458 5672 ψεύσομαί
2492 5617 2574 5666 σε,
2609 5603 2792 5671 Πατερ
2838 5602 3061 5672 ἄναρχε.
3108 5603 3183 5654 Οὐ
3221 5601 3496 5670 ψεύσομαι
3556 5619 3644 5671 σε,

2069 5696 2364 5768 μονογενὲς
2418 5695 2581 5765 Λόγε.
2624 5694 2697 5748 Οὐ
2729 5694 3003 5766 ψεύσομαί
3066 5712 3147 5761 σε,
3185 5696 3245 5749 τὸ
3284 5695 3509 5765 Πνεῦμα
3577 5696 3646 5749 τὸ
