4048 6562
416 433 481 498 81
1414 447 1795 507 PANOPLIA
1838 447 2298 511 DOGMATI‘CA.
2337 477 2404 487 —
2439 453 2694 517 TITJL
3517 530 3519 533 1
3608 462 3679 525 8?.

414 554 596 619 ἅγιον.
639 547 775 607 Οἶδα
822 555 875 608 τί
906 553 1253 627 ὡμολόγησα,
1286 561 1380 614 καὶ
1420 561 1525 616 τίνι
1585 566 1973 637 απεταξαμην.

2095 566 2361 636 irmmpii.
2395 566 2515 623 Non
2541 564 2723 625 fallam
2756 578 2831 635 te,
2870 572 3111 630 Verbum
3166 576 3530 649 unigenitum.
3556 579 3677 638 Non

413 647 490 699 Οὐ
534 646 764 717 δέχομαι
818 648 916 711 τὰς
950 651 1141 704 πιστοῦ
1175 655 1356 722 φωνὰς
1384 657 1724 729 διδαχθῆναι,
1752 663 1847 714 καὶ⁷
1887 681 1990 732 μαο

415 737 528 791 θεῖν
558 738 813 802 ἄπιστοςο
856 742 1193 814 ὁμολογῆσαι
1243 746 1526 816 ἀλήθειαν,
1581 753 1678 805 καὶ
1733 754 1989 819 γενέσθαι

416 830 561 898 μετὰ
590 830 685 883 τοῦ
712 831 958 899 ψεύδους·
1009 835 1085 899 ὡς
1120 836 1500 909 τελειούμενος
1552 843 1857 912 κατελθεῖν,
1898 847 1992 901 καὶ

413 918 662 972 ἀνελθεῖν
716 922 1105 995 ἀτελέστεροςο
1133 926 1207 991 ὡς
1240 928 1541 999 ζησόμενος
1596 930 1987 1004 βαπτισθῆναι,

417 1012 516 1063 καὶ
544 1014 951 1085 ἐννεκρωθῆναι
983 1017 1063 1089 τῷ
1094 1017 1270 1086 ὕδατι,
1299 1022 1555 1094 καθάπερ
1575 1023 1643 1077 τὰ
1663 1025 1783 1088 ταῖς
1806 1024 1991 1079 ὠδῖσιν

419 1102 907 1176 ἐναποθνήσκοντα
937 1110 1225 1179 κυήματα,
1262 1112 1357 1164 καὶ
1397 1112 1700 1185 σύνδρομον
1756 1114 1993 1172 λαϐόντα

419 1196 485 1264 τῇ
516 1197 770 1266 γεννήσει
810 1199 905 1251 τὸν
951 1199 1203 1257 θάνατον.
1245 1203 1311 1256 Τί
1363 1222 1431 1275 με
1486 1210 1664 1271 ποιεῖς
1719 1209 1991 1279 μακάριον

416 1285 477 1335 ἐν
494 1287 699 1358 ταυτῷ,
734 1290 829 1343 καὶ
845 1290 1031 1347 ἄθλιον
1060 1309 1076 1361 ;
1110 1295 1494 1365 νεοφὼτιστον,
1528 1300 1622 1352 καὶ
1645 1300 1989 1370 ἀφώτιστον;

413 1377 589 1443 θεῖον,
626 1383 720 1435 καὶ
742 1383 937 1454 ἄθεον;
970 1386 1058 1440 ἴνα
1090 1392 1391 1459 ναυαγήσω
1418 1393 1509 1446 καὶ
1539 1393 1638 1463 τὴν
1674 1394 1870 1449 ἐλπίδα
1889 1396 1989 1466 τῆς

416 1471 783 1540 ἀναπλάσεως
812 1493 826 1541 ;
861 1478 1097 1551 Βραχὺς,
1118 1481 1147 1531 ὁ
1171 1481 1329 1551 λόγος
1359 1499 1370 1514 ·
1412 1484 1684 1555 μνήσθητι
1741 1487 1839 1556 τῆς
1869 1487 1996 1558 ὁμο-

410 1559 620 1629 λογίας.
654 1566 744 1627 Ei;
782 1565 837 1619 τί
892 1567 1235 1641 ἐϐαπτίσθης
1273 1590 1289 1640 ;
1326 1573 1408 1636 εἰς
1443 1573 1702 1645 Πατέρα;
1776 1577 1993 1643 Καλῶς,

414 1653 562 1723 πλὴν
609 1656 880 1711 ίουδαῖκὸν
916 1661 1023 1717 ἔτι..
1064 1660 1159 1729 Et;
1196 1662 1362 1732 Tlo’v;
1398 1664 1619 1730 Καλῶς,
1642 1667 1743 1720 οὐκ
1773 1666 1853 1722 ἔτι
1896 1669 1994 1739 μὲν

416 1747 706 1813 ίουδαῖκδν,
739 1750 892 1804 οὔπω
931 1753 985 1806 δὲ
1010 1755 1234 1811 τέλειον.
1276 1758 1369 1820 Εἰς
1416 1761 1479 1811 τὸ
1530 1758 1688 1828 ἆγιον
1719 1760 1945 1833 Πνεῦμα
1975 1782 1991 1831 ;

425 1839 755 1909 ’Υπέρευγε,
831 1843 992 1898 τοῦτο
1043 1847 1267 1903 τέλειον.
1332 1843 1463 1920 'Ap’
1500 1845 1596 1904 οὖν
1656 1852 1845 1916 ἁπλῶς
1914 1856 1996 1919 είς

2092 656 2273 712 fallam
2296 670 2368 724 te,
2398 670 2588 716 sancte
2616 661 3041 731 Spiritu-$.Quid
3058 668 3345 725 confessus
3372 672 3678 740 sim,quem

2092 748 2449 816 deseruerim,
2472 770 2641 825 quem
2656 758 2880 815 secutus
2899 760 3272 827 sim,memini.
3288 762 3406 818 Non
3434 766 3686 821 commit—

2095 851 2228 907 tam,
2267 855 2326 900 ut
2348 847 2697 921 quiinagistri
2729 853 2900 910 fidelis
2936 870 3095 910 voces
3125 857 3317 911 doctus
3346 872 3490 921 sum,
3517 858 3685 913 disci-

2092 937 2255 1007 pulus
2280 938 2383 995 sim
2402 941 2670 1011 infidelis;
2694 946 2786 1015 qui
2808 950 3094 1003 veritatem
3115 951 3399 1004 confessus
3414 966 3558 1017 sum,
3574 968 3687 1006 am~

2093 1029 2303 1099 plectar
2325 1033 2668 1090 mendacium
2693 1040 2816 1108 ;‘qui
2848 1048 2907 1095 ut
2925 1041 3199 1111 perfectus
3210 1045 3516 1109 evaderem,
3538 1047 3687 1111 veni,

2094 1130 2338 1176 revertar
2359 1123 2518 1196 longe
2541 1142 2703 1196 quam
2730 1146 2995 1186 veneram
3042 1133 3573 1206 imperfectior:qui
3629 1147 3690 1191 ut

2093 1212 2262 1268 vitam
2294 1230 2636 1286 assequerer,
2669 1223 3154 1293 sumbaptizatus,
3192 1227 3244 1280 in
3280 1242 3429 1297 aqua.
3456 1239 3686 1284 mortem

2096 1303 2391 1373 inveniam,
2428 1309 2601 1366 instar
2630 1327 2843 1378 eorum,
2867 1317 2960 1385 qui
2984 1319 3036 1371 in
3080 1319 3199 1388 ipso
3246 1330 3404 1388 partu
3438 1322 3687 1376 moriun-

2096 1407 2207 1463 tur,
2242 1410 2299 1456 et
2357 1403 2566 1459 obitum
2620 1423 2744 1462 cum
2805 1418 2929 1464 ortu
2986 1412 3348 1485 coniungunt.
3405 1414 3548 1480 Quid
3599 1432 3687 1471 me

2101 1491 2296 1547 eodem
2326 1504 2599 1566 -tempore
2630 1499 2851 1557 beatum
2898 1502 3035 1560 facis
3095 1514 3150 1559 et
3192 1506 3495 1561 miserum?
3547 1508 3688 1562 luci-

2095 1582 2223 1638 dum
2258 1594 2313 1641 et
2363 1586 2700 1646 obscurum?
2736 1593 2884 1662 pium
2933 1603 2988 1651 ct
3027 1596 3296 1667 impium?
3323 1601 3403 1652 An
3436 1609 3495 1655 ιιι
3528 1615 3682 1670 spem

2096 1679 2528 1745 regenerationis
2555 1683 2801 1739 amittam
2823 1688 2846 1740 ?
2867 1685 3096 1754 Verum,
3127 1700 3183 1744 ιιι
3206 1692 3396 1759 paucis
3414 1708 3529 1746 rem
3549 1709 3685 1748 con-

2097 1767 2311 1823 cludam
2342 1786 2356 1824 :
2387 1779 2509 1827 esto
2565 1775 2924 1834 confessionis
2951 1795 3181 1836 memor.
3212 1782 3269 1836 In
3303 1798 3464 1852 quem
3508 1784 3687 1853 bapti-

2098 1867 2251 1913 zatus
2316 1862 2419 1915 es?
2460 1862 2518 1917 in
2579 1864 2847 1921 Patrem?
2905 1869 3077 1935 Bene,
3133 1872 3230 1926 sed
3286 1872 3578 1930 Judaicum
3635 1875 3689 1931 id

414 1931 612 2000 ταῦτα,
652 1934 686 2004 ﬂ
713 1936 808 1988 καὶ
843 1938 1022 1991 κοινὸν
1055 1939 1263 1992 τούτοιν
1310 1940 1515 2011 δνομα;
1550 1944 1659 1997 Καὶ
1699 1945 1901 2000 κοινόν.
1930 1946 1992 2000 Τί

2100 1958 2186 2003 εει
2210 1950 2409 2007 adhuc.
2434 1953 2494 2008 In
2528 1956 2724 2013 Filium
2757 1961 2780 2013 ?
2811 1961 3001 2028 Recte,
3037 1980 3217 2035 neque
3253 1967 3400 2021 enim
3432 1969 3535 2023 hoc
3574 1982 3691 2022 am-

415 2024 618 2091 τοῦτο;
654 2029 868 2100 Δηλαδὴ
914 2034 973 2084 τὸ
1002 2032 1096 2086 τοῦ
1133 2034 1294 2088 Θεοῦ.
1347 2034 1441 2100 Είς
1493 2036 1654 2090 τοῦτο
1704 2039 1765 2091 τὸ
1818 2040 1992 2094 κοινὸν

2096 2041 2241 2111 ‘plius
2293 2042 2602 2113 Judaicum,
2635 2059 2875 2107 attamen
2940 2024 3183 2111 nonduin
3243 2059 3573 2128 perfectum.
3619 2058 3692 2115 Et

411 2115 588 2185 ὄνομα
616 2117 872 2183 ¹πίστευε,
912 2122 1006 2174 καὶ
1047 2126 1370 2193 κατευοδοῦ,
1414 2128 1510 2181 καὶ
1548 2128 1827 2199 βασίλευε.
1883 2132 1992 2184 Καὶ

2098 2132 2154 2186 in
2222 2133 2485 2205 Spiritum
2538 2146 2837 2197 sanctum?
2886 2146 3128 2217 Optime,
3195 2115 3501 2219 perfectum
3542 2151 3690 2207 istud

416 2205 656 2312 μετέϐης
698 2209 950 2264 ἐντεῦθεν
1006 2214 1086 2275 είς
1128 2214 1226 2285 τὴν
1259 2218 1473 2271 ἐκεῖθεν
1514 2221 1924 2291 μακαριότητα-
1957 2225 1991 2294 η

2095 2222 2204 2294 jam
2245 2236 2350 2283 est.
2399 2228 2672 2288 Caeterum
2730 2250 2850 2308 age,
2906 2255 3040 2293 num
3083 2241 3137 2294 in
3200 2256 3293 2297 eos
3341 2243 3686 2312 simpliciter,

410 2292 471 2348 δέ
500 2298 670 2362 ἐστιν,
698 2299 772 2365 ὡς
807 2305 928 2374 ἐμοὶ
944 2306 1112 2373 δοκεῖ,
1135 2310 1166 2378 ἡ
1192 2308 1399 2365 τούτων
1418 2312 1600 2366 αὐτῶν
1627 2313 1992 2385 ὲκτυπωτέρα

2096 2292 2106 2294 -
2764 2292 2793 2308 υ
2837 2292 2849 2302 ,
3207 2292 3291 2297 --τ
3341 2292 3684 2312 --ατ-.--ηπ

2098 2332 2168 2370 an
2216 2318 2437 2387 aliquod
2477 2335 2561 2378 est
2612 2326 2779 2381 etiam
2836 2328 3031 2383 borum
3087 2346 3382 2386 commune
3440 2332 3684 2386 nomen?

2099 2408 2355 2475 Quidni?
2388 2414 2609 2485 Ecquod
2644 2420 2774 2476 illud
2836 2424 2959 2477 est?
2994 2423 3157 2478 Deus.
3206 2424 3263 2478 In
3316 2426 3419 2479 hnc
3478 2441 3682 2480 nomen

410 2494 705 2540 commune
734 2489 918 2553 crede,
950 2489 1163 2558 incede,
1182 2502 1238 2549 et
1270 2510 1456 2566 regna,
1494 2507 1550 2553 et
1576 2499 1844 2554 ascendes
1901 2500 2033 2555 hinc
2095 2504 2162 2558 ad
2200 2507 2481 2565 caelestem
2510 2512 2657 2568 illam
2710 2514 3051 2586 felicitatem,
3099 2533 3240 2589 quae,
3273 2532 3333 2575 ut
3373 2522 3503 2576 mihi
3565 2521 3689 2591 qni-

408 2578 534 2633 dem
558 2580 792 2643 videtur,
832 2585 966 2639 nihil
1014 2586 1161 2642 aliud
1194 2599 1298 2654 est,
1335 2591 1442 2646 nisi
1465 2607 1723 2663 expressa
1764 2594 1960 2649 horum
2001 2602 2446 2669 compreliensim

414 2691 533 2750 Τοῦ
580 2696 770 2751 αὐτοῦ
789 2698 861 2753 ἐκ
890 2701 996 2777 τοῦ
1018 2702 1205 2770 λόγου
1224 2704 1334 2758 τοῦ
1356 2706 1447 2770 εις
1467 2705 1583 2773 τὴν
1609 2706 1731 2760 τῶν
1751 2705 1843 2777 ρν¹
1869 2707 1996 2763 ἐπι-

865 2773 1116 2827 σκόπων
1147 2778 1512 2841 παρουσίαν.

485 2859 565 2911 Τὰ
597 2858 656 2911 δὲ
699 2861 822 2914 καθ’
849 2861 1104 2927 ἕκαστον,
1131 2855 1201 2917 ἵν’
1224 2865 1436 2920 ἐπέλθω
1472 2867 1776 2938 συντόμως,
1820 2869 1993 2942 ἄναρ-

409 2972 530 3026 χον,
584 2954 680 3009 καὶ
708 2956 876 3028 ἀρχὴ,
910 2959 1007 3011 καὶ
1049 2959 1113 3013 τὸ
1173 2962 1311 3031 μετὰ
1339 2961 1438 3031 τῆς
1476 2961 1675 3032 ἀρχῆς,
1712 2958 1792 3027 εἷς
1839 2964 1992 3027 Θεὸς.

409 3046 552 3101 Οὔτε
584 3049 677 3101 τοῦ
712 3050 958 3120 ἀνάρχου
982 3051 1042 3104 τὸ
1077 3053 1317 3124 ἄναρχον
1365 3052 1559 3122 φύσις,
1595 3055 1628 3126 ἢ
1674 3056 1736 3109 τὸ
1765 3056 1994 3126 ἀγέννη-

408 3159 527 3197 τον.
562 3141 699 3197 Οὐδὲ
730 3145 827 3213 μία
860 3146 971 3217 γὰρ
1025 3146 1209 3215 φύσις,
1243 3148 1325 3200 ὅτι
1362 3147 1439 3219 μὴ
1480 3147 1598 3201 τόδε
1633 3149 1806 3216 ἐστὶν,
1870 3151 1991 3205 ἀλλ’

2102 2709 2187 2766 Ex
2210 2718 2470 2785 oratione,
2504 2738 2665 2791 quant
2697 2724 2965 2796 habuitin
2994 2738 3271 2796 conspectu
3292 2738 3500 2780 centum
3530 2728 3687 2782 auin-

2560 2795 2815 2862 quaginta
2865 2799 3244 2866 episcoporum.

2171 2879 2373 2935 Verum
2406 2891 2465 2936 ut
2490 2882 2605 2937 haec
2631 2884 2847 2953 singula
2882 2886 3123 2940 breviter
3172 2883 3588 2956 percuiramus,
3620 2888 3683 2945 is.

2099 2974 2192 3044 qui
2221 2976 2343 3029 sine
2382 2977 2655 3045 principio
2690 2986 2795 3041 est,
2824 2986 2879 3031 et
2906 2978 2951 3032 is
2971 2980 3062 3048 qui
3088 2979 3423 3049 principium
3474 2988 3579 3043 est,
3634 2989 3689 3033 ct

2098 3065 2166 3127 is,
2207 3066 2301 3135 qui
2325 3082 2450 3120 cum
2475 3068 2744 3137 principio
2771 3079 2877 3131 est,
2910 3077 3039 3122 sunt
3093 3086 3237 3124 unus
3262 3072 3423 3123 Deus.
3476 3071 3585 3124 Nec
3620 3070 3686 3123 il-

2100 3158 2228 3221 lius,
2258 3158 2352 3228 qui
2379 3167 2464 3213 est
2489 3159 2611 3213 sine
2651 3160 2958 3230 principio,
2993 3172 3187 3215 natura
3223 3163 3277 3216 in
3318 3179 3385 3217 eo
3427 3163 3540 3218 sita,
3578 3174 3685 3228 est,

407 3236 496 3289 ὅτι
534 3237 674 3290 τόδε.
719 3239 783 3291 Ἥ
824 3238 919 3291 τοῦ
949 3240 1103 3302 ὄντος
1143 3240 1315 3307 θέσις,
1350 3243 1452 3312 οὐχ
1500 3243 1535 3313 ἡ
1591 3240 1687 3295 τοῦ
1727 3243 1802 3314 μὴ
1839 3243 1992 3308 ὄντος

2098 3251 2244 3321 quod
2276 3251 2394 3306 sine
2425 3252 2713 3321 principio.
2740 3263 2834 3307 aut
2862 3254 3144 3323 ingenitus
3170 3255 3268 3310 sit.
3313 3255 3469 3310 Nulla
3517 3272 3679 3311 nam-

408 3331 717 3400 ἀναίρεσις.
753 3331 891 3386 Οὔτε
920 3334 953 3403 ἡ
991 3334 1135 3405 ἀρχὴ
1164 3334 1243 3404 τῷ
1276 3336 1421 3406 ἁρχὴ
1447 3331 1590 3391 εἶναι
1620 3338 1715 3390 τοῦ
1746 3339 1990 3411 ἁνάρχου

407 3422 735 3494 διείργεται.
768 3424 844 3477 Οὐ
876 3426 984 3494 γὰρ
1020 3426 1183 3494 φύσις
1214 3427 1366 3499 αὐτῷ
1406 3429 1438 3499 ἡ
1468 3428 1633 3500 ἀρχὴ,
1669 3430 1994 3500 ὥσπερούδ’

410 3513 609 3584 ἐκείνῳ
644 3515 707 3567 τὸ
744 3517 1005 3587 ἄναρχον.
1047 3518 1180 3589 Περὶ
1202 3519 1312 3588 γὰρ
1343 3520 1444 3590 τὴν
1491 3520 1676 3589 φύσιν,
1708 3522 1772 3575 οὐ
1814 3523 1995 3579 ταῦτα

409 3605 595 3673 φύσις.
642 3609 752 3661 Καὶ
804 3610 864 3661 τὸ
921 3611 1061 3679 μετὰ
1097 3608 1189 3664 τοῦ
1226 3612 1490 3683 ἀνάρχου,
1541 3616 1639 3669 καὶ
1671 3615 1768 3684 τῆς
1818 3616 1993 3686 ἀρχῆς

408 3699 514 3752 οὐκ
569 3699 698 3753 ἄλλο
741 3718 817 3767 τι,
872 3703 905 3774 ἢ
955 3704 1090 3773 ὅπερ
1121 3704 1348 3758 ιὲκεῖνα.
1391 3704 1601 3777 Ὀνομα
1648 3708 1704 3761 δὲ
1765 3708 1844 3778 τῷ
1894 3708 1993 3778 μὲν

408 3789 636 3861 ἀνάρχῳ
665 3793 877 3864 Πατὴρ,
911 3797 977 3866 τῇ
1022 3795 1080 3849 δὲ
1139 3797 1284 3867 ἀρχῆ
1318 3798 1469 3862 Υἱὸς,
1502 3799 1583 3870 τῷ
1626 3800 1682 3853 δὲ
1718 3802 1858 3870 μετὰ
1889 3802 1992 3871 τῆς

408 3886 589 3956 ἀρχῆς
642 3886 866 3957 Πνεῦμα
932 3887 1111 3957 ἅγιον.
1181 3890 1346 3952 Φύσις
1396 3890 1452 3943 δὲ
1504 3895 1617 3957 τοῖς
1658 3900 1806 3964 τρισὶ
1869 3896 1993 3964 μία,

410 3981 569 4047 Θεὸς,
598 3981 797 4045 ἓνωσις
835 3983 893 4036 δὲ
924 3986 951 4036 ὁ
997 3984 1208 4055 Πατὴρ,
1242 3986 1300 4052 ἐξ
1331 3981 1412 4051 οὗ,
1456 3989 1552 4041 καὶ
1588 3990 1726 4061 πρὸς
1760 3990 1820 4044 ὂν
1863 3991 1991 4046 ἀνά..-

409 4088 568 4140 γεται
596 4072 663 4127 τὰ
694 4074 844 4145 ἑξῆς,
880 4076 1091 4147 οὐχ-ὼς
1122 4078 1573 4148 συναλείφεσθαι,
1605 4081 1722 4133 ἀλλ’
1746 4082 1822 4147 ὡς
1861 4083 1984 4152 ἐχε-

408 4172 561 4236 σθαι,
606 4172 748 4242 μήτε
809 4172 1003 4243 χρόνου
1052 4174 1406 4243 διείργοντος,
1450 4176 1593 4246 μήτε
1653 4177 1989 4247 θελήματος,

411 4264 551 4333 μήτε
588 4263 897 4335 δυνάμεως.
927 4266 1115 4322 Ταῦτα
1148 4269 1257 4338 γὰρ
1285 4271 1432 4339 ἡμᾶς
1470 4271 1647 4324 πολλὰ
1702 4267 1861 4325 εἶναι
1896 4289 1994 4325 πε-

408 4358 660 4427 ποίηκεν,
690 4359 858 4413 αὑτοῦ
887 4378 942 4414 τε
978 4361 1214 4415 ἑκάστου
1240 4364 1374 4427 πρὸς
1401 4363 1587 4423 ἑαυτὸ,
1617 4369 1712 4417 καὶ
1765 4365 1902 4436 πρὸς
1932 4367 1993 4419 τὸ

408 4449 596 4521 ἕτερον
633 4450 1155 4518 στασιάζοντος.οἷς
1182 4455 1239 4507 δὲ
1270 4455 1417 4522 ἁπλῆ
1444 4454 1628 4524 φύσις,
1649 4454 1741 4509 καὶ
1773 4455 1834 4508 τὸ
1848 4452 1993 4509 εἶναι

410 4545 636 4609 ταυτὸν,
668 4544 885 4619 τούτοις
920 4549 1016 4601 καὶ
1050 4548 1113 4601 τὸ
1146 4548 1205 4601 ἓν
1237 4548 1457 4619 κήθιον.

2097 3356 2205 3410 quc
2246 3352 2440 3396 natura
2468 3344 2823 3397 constituitur
2860 3360 2925 3399 ex
2958 3361 3046 3407 eo,
3077 3346 3220 3414 quod
3275 3347 3380 3401 hoc
3409 3357 3505 3402 aut
3557 3348 3688 3403 illud

2095 3449 2209 3487 non
2240 3435 2330 3499 sit,
2353 3435 2447 3489 sed
2482 3436 2626 3504 quod
2658 3435 2763 3489 hoc
2810 3442 2900 3490 sit.
2966 3437 3058 3491 Est
3093 3438 3240 3492 enim
3295 3439 3494 3509 positio
3516 3440 3687 3504 illius,

2094 3526 2241 3595 quod
2259 3535 2362 3591 est,
2390 3542 2501 3581 non
2529 3538 2713 3581 autem
2752 3529 2955 3583 ablatio
3011 3530 3175 3592 illius,
3205 3533 3363 3599 Lquod
3421 3548 3530 3586 non
3580 3543 3686 3587 est.
3714 3606 3715 3609 η

2097 3615 2284 3685 Neque
2317 3616 2661 3687 principium
2686 3635 2760 3672 ex
2777 3636 2866 3682 eo.
2896 3621 3042 3690 quod
3073 3622 3409 3690 principium
3446 3632 3551 3687 est,
3616 3623 3687 3678 ab

2099 3722 2188 3770 eo.
2229 3708 2464 3777 quisine
2495 3711 2770 3780 principio
2798 3721 2903 3776 est,
2951 3714 3240 3772 dividitur.
3295 3714 3483 3783 Neque
3537 3716 3685 3771 enim

2096 3808 2291 3855 natura
2322 3800 2650 3869 principium
2691 3812 2795 3868 est,
2816 3805 3275 3872 quemadmodum
3309 3822 3410 3861 nec
3440 3806 3563 3874 ejus
3594 3821 3690 3862 na-

2097 3901 2239 3953 tura,
2263 3891 2356 3960 qui
2387 3890 2720 3963 principium
2759 3910 2867 3949 non
2928 3895 3118 3959 habet,
3156 3907 3243 3951 est
3302 3898 3438 3952 illud
3502 3898 3686 3969 ipsum

2093 3982 2237 4052 quod
2274 3991 2429 4037 vacat
2455 3983 2745 4053 principio.
2785 3984 2908 4040 llaec
2939 3987 3109 4050 enim,
3132 4002 3353 4056 nempe,
3376 3988 3497 4041 sine
3526 3988 3684 4058 prini-

2094 4076 2391 4144 eipiolesse
2420 4118 2434 4139 ,
2463 4087 2518 4131 ct
2554 4093 2676 4133 esse
2734 4080 3094 4149 principium,
3150 4082 3216 4135 ad
3259 4090 3509 4137 naturam
3566 4096 3687 4150 spe-

2095 4174 2264 4231 ctant,
2289 4182 2398 4220 non
2427 4177 2609 4221 autem
2641 4178 2845 4224 naturae
2876 4181 3022 4224 sunt.
3055 4170 3188 4225 lllud
3214 4173 3398 4236 etiam,
3432 4169 3686 4233 nimirum

2094 4271 2214 4311 esse
2241 4271 2363 4309 cum
2389 4255 2500 4323 illo,
2537 4257 2627 4326 qui
2662 4256 2926 4327 principio
2961 4268 3136 4325 vacat,
3193 4268 3248 4313 et
3304 4273 3430 4313 cum
3471 4271 3555 4310 eo.
3590 4257 3686 4325 qui

2095 4347 2428 4417 principium
2462 4348 2647 4402 itidem
2679 4348 2867 4403 habet.
2892 4348 3104 4403 Nomen
3177 4364 3301 4403 vero
3352 4347 3522 4412 illius,
3583 4346 3676 4415 qui

2096 4453 2205 4493 non
2237 4438 2400 4494 habet
2435 4440 2791 4509 principium,
2831 4450 2914 4494 est
2949 4440 3125 4495 Pater.
3167 4441 3296 4509 Ejus
3339 4448 3522 4494 autem
3585 4438 3678 4511 qui

2098 4540 2181 4585 est
2205 4530 2555 4601 principium,
2582 4533 2772 4587 Filius.
2804 4536 2872 4585 At
2910 4533 3078 4600 illius,
3112 4535 3362 4603 quicum
3411 4532 3680 4602 principio

407 4644 515 4699 est,
542 4635 780 4705 Spiritus
812 4651 1055 4698 sanctus.
1104 4641 1314 4697 ﬂorum
1384 4644 1549 4698 trium
1608 4660 1715 4699 una
1764 4655 1984 4699 natura.
2046 4645 2243 4701 Unitas
2270 4646 2450 4711 Pater,
2500 4663 2567 4702 ex
2597 4664 2706 4716 quo
2737 4658 2888 4711 sunt,
2943 4649 3087 4704 etad
3141 4663 3307 4717 quem
3364 4647 3685 4703 referuntur

410 4729 626 4800 reliqui,
656 4747 765 4786 non
799 4743 857 4788 ut
894 4735 949 4788 in
986 4750 1093 4789 una
1140 4735 1548 4790 confundantur
1597 4752 1856 4808 persona,
1916 4738 2014 4793 sed
2067 4748 2128 4793 ut
2155 4737 2235 4793 sic
2272 4741 2411 4794 inter
2443 4756 2502 4795 se
2528 4741 2770 4796 vicissim
2830 4741 3090 4803 habeant.
3119 4756 3246 4795 cum
3284 4742 3335 4796 id
3391 4755 3493 4796 nec
3542 4748 3683 4794 tem"

411 4838 536 4892 pus,
570 4840 673 4879 nec
704 4826 1106 4889 voluntas,nec
1154 4837 1395 4898 potestas
1440 4829 1724 4900 impediat,
1792 4847 1913 4900 qua:
1965 4831 2147 4885 solent
2208 4847 2328 4887 esse
2385 4848 2587 4898 causa),
2645 4848 2746 4888 cur
2800 4848 2902 4887 nos
2955 4833 3010 4887 in
3060 4833 3227 4887 multa
3283 4833 3682 4899 distrahamur,

409 4933 517 4972 nec
541 4921 718 4974 solum
748 4922 817 4976 ab
882 4921 1027 4987 aliis,
1059 4937 1249 4977 verum
1285 4924 1451 4979 etiam
1514 4942 1545 4980 a
1607 4926 1772 4982 nobis
1802 4926 1906 4995 ipsi
1953 4926 2241 4983 disteinus.
2283 4926 2355 4983 At
2388 4945 2632 4999 quorum
2668 4938 2875 4984 natura.
2912 4928 3148 4999 simplex
3194 4938 3298 4995 est,
3347 4929 3382 4983 ii
3436 4937 3499 4983 et
3538 4928 3682 4983 idem

408 5024 556 5077 esse,
606 5019 666 5067 et
691 5028 861 5067 unum
882 5027 1007 5068 esse
1040 5014 1259 5082 preprie
1283 5014 1571 5070 dicuntur.
1621 5034 1628 5077 ι

486 5101 599 5160 Τὰς
635 5102 741 5169 μὲν
763 5100 858 5155 οὖν
884 5102 1226 5171 φιλονείκους
1256 5106 1350 5159 ἐπὶ
1406 5108 1615 5177 θάτερα
1648 5106 1992 5175 μετακλίσεις

2130 5103 2563 5166 "Contentiosas
2599 5127 2726 5187 vero
2752 5113 2806 5167 in
2837 5116 3157 5171 alterutram
3183 5117 3451 5170 sermonis
3470 5123 3679 5184 partem

420 5192 520 5247 τοῦ
590 5194 778 5262 λόγου,
844 5196 941 5247 καὶ
987 5195 1387 5266 ἁντισηκὼσεις
1449 5198 1667 5274 χαίρειν
1719 5199 1995 5267 ἐάσωμεν,

415 5284 545 5338 οὕτε
568 5286 646 5356 τῷ
666 5286 746 5339 ἐνὶ
771 5286 1190 5352 σαὸελλίζοντες
1215 5289 1358 5342 κατὰ
1387 5289 1495 5344 τῶν
1517 5290 1709 5361 τριῶν,
1744 5292 1837 5345 καὶ
1865 5309 1995 5345 συνμ-

414 5380 633 5451 αιιρέσει
674 5382 818 5450 κακῇ
852 5380 951 5451 τὴν
1005 5381 1272 5451 διαίρεσιν
1300 5380 1544 5447 λύοντες,
1572 5382 1698 5436 οὒτε
1726 5388 1841 5447 τοῖς
1870 5403 1995 5457 τρι-

415 5473 507 5528 civ
536 5473 947 5545 ἀρειανίζοντες
965 5476 1109 5529 κατὰ
1138 5476 1234 5530 τοῦ
1267 5477 1409 5543 ἐνὸς,
1460 5476 1556 5531 καὶ
1584 5480 1797 5549 πονηρᾷ
1855 5480 1996 5532 διαι-

419 5566 657 5636 ρέσειτὸ
720 5568 779 5622 ἓν
827 5570 1251 5639 ἀνατρέποντες.
1295 5571 1372 5625 Οὐ
1429 5571 1537 5639 γὰρ
1591 5571 1764 5625 κακοῦ
1828 5571 1998 5625 κακὸν

417 5656 767 5725 ἀλλάξασθαι
795 5658 858 5713 τὸ
878 5658 1044 5729 ζητού
1056 5678 1241 5730 μενον,
1269 5660 1407 5717 ἀλλὰ
1435 5662 1528 5714 τοῦ
1560 5661 1727 5717 καλοῦ
1799 5662 1863 5716 τὸ
1922 5661 1999 5733 μὴ

417 5751 761 5822 διαμαρτεῖν.
813 5752 899 5814 Ὠς
954 5752 1134 5808 ταῦτά
1179 5771 1245 5822 γε
1295 5754 1392 5808 τοῦ
1448 5754 1690 5824 πονηροῦ
1750 5754 1997 5824 παίγνια,

421 5842 611 5907 κακῶς
649 5846 720 5896 τὰ
766 5845 1016 5916 ἡμέτερα
1075 5844 1519 5910 ταλαντεύοντος.
1586 5848 1752 5900 Αὐτοὶ
1797 5846 1855 5901 δὲ
1901 5848 1998 5918 τὴν

426 5936 600 6010 μέσην
632 5936 964 6011 βαδίζοντες,
1003 5944 1099 5996 καὶ
1139 5940 1451 6011 βασιλικὴν.
1504 5944 1561 5995 ὲν
1593 5933 1626 6011 ᾖ
1658 5941 1751 6024 irai.
1798 5941 1860 5994 τὸ
1888 5942 1998 5995 τῶν

2093 5202 2488 5257 declinationes
2540 5207 3129 5275 compensationesque
3158 5206 3339 5259 valere
3361 5204 3673 5272 jubeamus.

2091 5290 2173 5345 Ne
2197 5290 2281 5345 vel
2312 5289 2376 5344 in
2402 5305 2512 5346 uno
2542 5301 2733 5348 contra
2758 5301 2872 5351 tres
2898 5295 3199 5350 Sabellium
3231 5294 3675 5363 secutiimproba

2093 5382 2469 5438 contractione
2505 5383 2918 5441 distinctionem
2941 5398 3253 5442 evertamus
3284 5402 3298 5438 :
3356 5383 3439 5438 vel
3467 5383 3522 5437 in
3584 5385 3679 5439 tri-

2094 5473 2197 5528 bus
2218 5482 2410 5528 contra
2460 5490 2633 5529 unum
2699 5476 2833 5531 Ario
2870 5476 3121 5530 faventes
3187 5472 3458 5529 divisione
3511 5488 3677 5543 prava

2096 5565 2361 5619 unitatem
2401 5564 2785 5624 dissolvamus.
2811 5566 2933 5621 Non
2963 5567 3110 5621 enim
3142 5564 3347 5620 malum
3365 5566 3510 5620 malo
3536 5580 3679 5621 com-

2097 5667 2312 5712 mutare
2334 5660 2653 5727 quaerimus,
2677 5659 2773 5713 sed
2805 5676 2835 5713 a
2871 5658 3018 5713 bono
3050 5674 3163 5713 non
3192 5659 3476 5715 aberrare.
3537 5657 3676 5712 Illud

2097 5747 2241 5802 enim
2268 5749 2538 5803 ludicrum
2581 5750 2812 5818 improbi
2870 5751 3182 5822 cujuspiam
3232 5751 3323 5817 sit,
3383 5752 3523 5806 male
3583 5766 3673 5804 res

2097 5851 2311 5898 nostras
2339 5843 2718 5911 expendentis.
2756 5843 2944 5915 Itaque
2983 5860 3104 5911 nos,
3157 5861 3256 5915 per
3313 5843 3547 5899 mediam
3608 5855 3676 5896 ac

2096 5937 2300 6005 ῖθεὶωιι
2362 5936 2680 5992 Πιιὶθάεῑιίθει
2738 5938 2903 6006 viam,
2939 5939 2995 5994 iu
3054 5955 3157 6009 qua
3190 5937 3451 5995 virtutum
3508 5934 3669 5989 ειὲπυει
