3984 6564
478 472 547 536 87
1000 498 1004 501 ·
1747 475 1843 532 EU
1868 475 2061 533 ΓΗΥΜ

2187 473 2502 540 ΞΙΕΑΒΕΝ
2510 479 2537 539 Ι
3676 482 3747 548 88

477 586 709 660 singulis
741 604 755 641 :
786 586 1041 643 Socrates
1069 584 1217 642 enim
1246 585 1414 643 homo
1441 586 1548 643 dici
1574 596 1775 661 potest,
1806 588 2061 644 humani-

2187 611 2258 646 .ov
2288 594 2548 667 ἐνεργοῦν
2600 596 2833 655 ἕκαστον
2892 600 3091 657 αὐτῶν.
3140 600 3382 672 Θεότητα
3420 599 3474 655 δὲ
3526 600 3748 671 Πατρδς

475 687 560 734 tas
591 687 771 735 autem
802 691 1146 749 nequaquam
1188 689 1399 752 potest;
1467 681 1545 737 sic
1599 681 1764 736 etiam
1810 682 1953 738 Deus
2005 692 2061 739 et

475 770 735 826 divinitas
768 770 993 827 habent.
1053 771 1197 828 Deus
1257 773 1401 828 enim
1463 782 1711 844 agentem
1768 774 2057 845 signiﬁcat,

474 863 736 921 divinitas
771 876 954 922 autem
989 866 1286 922 actionem.
1314 865 1502 922 Trium
1539 881 1669 921 vero
1699 882 2057 937 personarum

471 956 621 1013 nulla
648 965 752 1026 est,
781 972 904 1027 quae
933 960 1006 1017 sit
1036 960 1201 1026 actio,
1231 960 1327 1016 sed
1349 975 1516 1032 agens
1549 959 1729 1030 potius
1780 968 1864 1015 est
1928 975 2065 1016 una-

2166 684 2423 757 λέγομεν,
2499 691 2595 743 καὶ
2664 691 2892 764 θεότητα
2944 693 3098 761 Υίοῦ,
3155 695 3249 748 καὶ
3299 694 3529 764 θεότητα
3582 692 3744 762 ἁγίου

2169 779 2485 853 Πνεῦματος
2516 823 2532 848 ,
2607 784 2683 847 ὡς
2734 787 2828 840 καὶ
2894 785 3292 859 ἀνθρωπότητα
3373 786 3744 855 Σωκράτους,

2169 875 2265 928 καὶ
2322 876 2515 929 οὐσίαν
2540 919 2555 944 ,
2593 878 2688 931 καὶ
2749 876 2935 949 φῦσιν,
2986 880 3082 932 καὶ
3111 879 3164 932 εί
3186 896 3237 932 τι
3265 878 3443 932 κοινδν
3468 877 3577 931 τῶν
3610 878 3749 930 ὑπο-

2169 965 2435 1021 στάσεων.

473 1066 703 1127 ψιειιυο
760 1052 1275 1113 illarum.'Dicimus
1325 1065 1507 1115 tamen
1563 1056 1903 1112 divinitatem
1964 1056 2164 1128 Patris,
2235 1069 2290 1116 et
2348 1063 2688 1120 divinitatem
2746 1063 2888 1129 Filii,
2915 1072 2968 1118 et
3002 1062 3343 1118 divinitatem
3398 1059 3571 1117 sancti
3626 1056 3753 1130 Spi-

476 1144 633 1215 ritus,
658 1145 800 1202 sicut
829 1148 1223 1205 humanitatem
1259 1148 1524 1214 Socratis,
1550 1156 1607 1206 et
1634 1150 1952 1215 essentiam,
1999 1159 2056 1207 et
2092 1163 2363 1221 naturam,
2395 1166 2451 1212 et
2473 1157 2517 1213 si
2553 1156 2682 1229 quid
2739 1157 2886 1213 aliud
2938 1167 3022 1213 est
3070 1156 3319 1228 personis
3365 1167 3677 1210 commune.

418 1280 421 1281 7
476 1301 731 1374 Ejusdem
758 1320 825 1359 ea:
869 1307 1245 1379 orauone_ad
1285 1307 1576 1379 Evagrtum
1634 1323 1951 1363 monacnum
1998 1323 2065 1364 ae

1114 1376 1428 1437 Diuinitate.

544 1485 1018 1553 Quemadmodum
1051 1488 1198 1545 inter
1225 1491 1611 1562 cogitationem
1636 1500 1691 1547 et
1727 1500 1992 1557 mentem,
2013 1498 2070 1545 et

484 1579 732 1636 animum
768 1582 915 1637 nulla
952 1582 1176 1648 divisio,
1239 1584 1523 1639 autsectio
1577 1593 1758 1656 potest
1809 1585 2065 1650 inveniri,

475 1673 553 1728 sic
598 1674 750 1729 nulla
804 1674 951 1729 inter
1004 1684 1254 1731 sanetum
1308 1676 1597 1747 Spiritum,
1650 1687 1705 1733 et
1751 1677 1946 1734 Filium
2011 1686 2067 1733 et

478 1764 691 1820 Patrem
728 1766 898 1823 sectio
946 1778 1035 1823 aut
1067 1767 1262 1824 divisio
1289 1770 1513 1841 cogitari
1545 1779 1746 1841 potest.
1804 1770 2067 1842 lntelligi-

478 1856 667 1912 bilium
708 1858 853 1914 enim
877 1858 1297 1931 divinarumque
1318 1875 1499 1917 rerum
1522 1872 1719 1923 natura
1740 1871 1824 1918 est
1863 1860 2065 1917 indivi-

476 1949 675 2005 sibilis.

1022 2069 1103 2123 Ex
1133 2071 1317 2125 cadent
1340 2074 1601 2128 oratione.

549 2180 706 2236 Sicut
769 2184 825 2237 in
887 2182 1019 2239 solis
1061 2184 1355 2254 Splendore
1406 2186 1543 2241 radii
1575 2184 1808 2242 naturali
1837 2184 2070 2255 quodam

479 2271 667 2331 habitu
699 2275 773 2329 ita
797 2273 1073 2344 conjuncti
1105 2287 1233 2331 sunt
1265 2277 1505 2333 utdividi
1532 2278 1674 2333 inter
1697 2293 1757 2333 se
1777 2284 2072 2348 nequeant,

478 2380 585 2422 nec
633 2366 704 2423 ab
763 2368 879 2439 ipsa
940 2368 1061 2424 luce
1135 2370 1522 2439 separari,sed
1571 2370 1794 2427 luminis
1826 2370 2072 2442 gratiam

483 2460 551 2514 ad
586 2474 689 2516 nos
716 2476 889 2532 usque
911 2460 1167 2517 deferunt
1206 2463 1326 2519 :sic
1347 2463 1540 2528 Filius,
1575 2474 1631 2519 et
1653 2462 1889 2534 Spiritus
1944 2478 2075 2517 san-

480 2560 629 2617 ctus,
700 2558 959 2623 tanquam
1020 2552 1218 2624 gemini
1277 2552 1453 2611 Patris
1504 2556 1663 2621 radii,
1708 2564 1915 2610 etcum
1956 2554 2075 2624 ipsa

479 2644 759 2713 conjuncti
799 2654 928 2701 sunt
960 2645 1141 2713 Patre,
1165 2654 1220 2703 et
1240 2647 1307 2702 ad
1342 2663 1444 2702 nos
1473 2663 1647 2718 usque
1689 2646 1944 2704 veritatis
1979 2647 2075 2701 de-

480 2736 707 2792 mittunt
739 2736 946 2794 lumen.
973 2736 1039 2793 Et
1074 2738 1539 2810 quemadmodum
1604 2739 1675 2796 ab
1723 2754 1831 2793 uno
1892 2736 2074 2804 aliquo

482 2842 750 2897 aquarum
773 2828 921 2884 fonte
947 2828 1075 2884 bina
1124 2828 1348 2885 ﬂumina
1383 2830 1703 2895 decurrunt,
1731 2838 1784 2884 et
1819 2845 1943 2886 cum
1965 2828 2072 2881 situ

479 2917 700 2987 quidem
731 2916 933 2974 ﬂuenta
958 2918 1205 2974 dividant
1262 2934 1378 2983 sua,
1406 2935 1568 2974 unam
1596 2930 1799 2984 tamen,
1834 2930 1889 2974 et
1925 2935 2076 2973 eam.

483 3009 607 3063 dem
642 3009 890 3065 humoris
914 3011 1166 3066 obtinent
1192 3012 1531 3081 qualitatem,
1559 3021 1614 3067 et
1644 3027 1823 3082 neque
1860 3011 2074 3081 disiun-

482 3111 686 3172 guntur
733 3102 954 3170 afonte,
1024 3113 1080 3160 et
1113 3105 1255 3159 inter
1303 3119 1363 3160 se
1414 3120 1511 3174 per
1560 3105 1737 3175 ipsum
1791 3103 2071 3173 conjuncti

485 3204 638 3261 sunt,
661 3205 716 3252 et
750 3195 966 3266 propria
999 3205 1180 3251 tamen
1217 3205 1515 3267 utrumque
1561 3197 1773 3252 ratione
1817 3195 2013 3251 deﬂuit
2052 3213 2067 3249 :

484 3288 677 3342 eodem
714 3287 879 3342 modo
920 3295 973 3342 et
1001 3286 1177 3358 prima
1211 3286 1302 3341 illa
1326 3300 1512 3351 causa,
1543 3301 1742 3358 nempe
1771 3286 1951 3350 Pater,
2018 3295 2075 3341 et

483 3377 610 3433 vita:
637 3378 761 3432 fons
791 3378 1064 3448 duplicem
1098 3376 1388 3448 quamdam
1451 3374 1595 3440 Filii,
1629 3383 1683 3431 et
1704 3376 1879 3431 sancti
1907 3376 2078 3444 Spiri-

485 3478 573 3527 tus
606 3471 661 3527 in
694 3488 794 3528 nos
834 3472 1065 3544 gratiam
1103 3470 1325 3537 emittit,
1382 3485 1486 3526 nec
1517 3469 1632 3541 ipse
1658 3471 1957 3541 quidquam
1990 3486 2077 3525 es-

487 3565 679 3621 sentia
713 3579 828 3621 suae
881 3564 1066 3619 damni
1115 3562 1246 3618 facit
1284 3579 1298 3616 :
1338 3562 1487 3617 nulla
1539 3563 1683 3618 enim
1721 3573 1943 3634 propter
1987 3578 2079 3617 ea-

488 3672 610 3711 runt
640 3657 706 3712 ad
750 3671 852 3712 nos
879 3655 1269 3728 perfectionem
1293 3654 1438 3710 illius
1466 3653 2036 3724 sequiturimminutio
2060 3672 2074 3709 :

488 3759 545 3807 et
573 3748 628 3804 hi
672 3766 793 3805 cum
841 3750 908 3804 ad
957 3764 1056 3804 nos
1093 3763 1266 3820 usque
1291 3748 1630 3819 perveniant,
1654 3762 1762 3803 non
1796 3754 1975 3803 tamen
2044 3763 2075 3801 a

490 3842 650 3898 Patre
678 3850 1026 3912 separantur.

486 4110 619 4166 Item
647 4109 712 4162 de
745 4107 933 4174 Patre,
968 4118 1018 4163 et
1051 4106 1213 4174 Filio,
1243 4118 1292 4164 et
1331 4106 1538 4179 Spiritu
1598 4117 1781 4163 sancto
1804 4108 2070 4164 distincta

552 4179 721 4251 simul
755 4188 803 4233 et
852 4180 1003 4233 unita
1046 4180 1342 4234 divinitatis
1410 4184 1566 4235 ratio.
1595 4180 1655 4237 S.
1682 4180 1875 4251 Cyrilli
1913 4196 2074 4248 expo-

543 4252 668 4304 sitio
690 4250 837 4329 ﬁdei.

553 4387 844 4445 Credimus
875 4387 931 4442 in
961 4402 1129 4442 unum
1152 4387 1322 4441 Deum
1352 4386 1590 4456 Patrem,
1620 4389 1715 4458 qui
1753 4404 1855 4444 nec
1914 4389 2070 4460 prin-

485 4480 687 4553 cipium
720 4480 903 4549 habet,
941 4496 1041 4535 nec
1072 4481 1288 4553 genitus
1320 4492 1421 4546 est,
1454 4492 1736 4553 etsemper
1763 4483 1864 4538 fuit
1885 4484 2067 4549 Pater,

484 4589 587 4631 nec
614 4584 800 4646 postea
827 4574 880 4630 id
909 4584 1195 4629 assecutus
1223 4582 1325 4629 est.
1384 4574 1570 4645 Neque
1620 4574 1767 4630 enim
1816 4573 1919 4631 fuit
1965 4591 2067 4630 un-

2179 1315 2292 1371 Τοῦ
2318 1316 2507 1371 αὐτοῦ
2536 1316 2606 1370 ἐκ
2645 1316 2753 1372 τοῦ
2774 1318 2962 1387 λόγου
2986 1317 3095 1371 τοῦ
3121 1317 3274 1384 πρὸς
3310 1315 3611 1385 Εὐάγριον
3634 1330 3752 1383 po-

2595 1390 2790 1459 ναχὸν
2818 1388 2951 1459 περὶ
2974 1388 3285 1457 Θεότητος.

2247 1501 2459 1571 Ὠσπερ
2486 1505 2587 1557 οὐκ
2641 1502 2760 1556 ἔστι
2796 1503 2997 1573 μεταξῦ
3037 1501 3419 1572 ἐνθυμήσεως,
3470 1498 3568 1553 καὶ
3620 1497 3747 1563 νοῦ,

2174 1597 2269 1651 καὶ
2302 1598 2487 1667 ψυχῦς
2517 1596 2785 1668 διαίρεσιν
2839 1594 3198 1665 ἐπινοηθῆναι
3227 1611 3351 1648 τινα
3389 1593 3483 1646 καὶ
3550 1592 3752 1661 τομὴν,

2176 1689 2352 1753 οὕτως
2377 1689 2500 1743 οὐδὲ
2533 1689 2629 1743 τοῦ
2660 1688 2819 1758 ἀγίου
2851 1687 3193 1757 Πνεύματος,
3220 1686 3315 1740 καὶ
3348 1684 3444 1738 τοῦ
3478 1683 3634 1748 Υίοῦ,
3657 1682 3756 1736 καὶ

2172 1784 2269 1838 τοῦ
2312 1782 2526 1854 Πατρὸς
2580 1782 2640 1835 ὲν
2682 1782 2832 1854 μέσῳ
2868 1780 3041 1852 τομὴν
3078 1780 3110 1852 ἢ
3159 1778 3427 1847 διαίρεσιν
3455 1774 3755 1845 ἐπινοηθῆ-

2176 1877 2267 1929 ναί
2299 1891 2455 1932 ποτε.
2483 1873 2606 1929 Τῶν
2637 1875 2746 1945 γὰρ
2771 1874 2979 1945 νοητῶν
3006 1874 3099 1927 καὶ
3136 1870 3303 1926 iisin
3354 1868 3665 1939 ἀδιαίρετος
3716 1869 3753 1939 ἡ

1998 2042 2003 2045 ν
2105 1959 2147 2018 Β
2176 1969 2360 2037 φύσις.

2580 2085 2678 2142 Ἐκ
2706 2085 2813 2140 τοῦ
2842 2085 3031 2141 αὐτοῦ
3051 2084 3258 2155 λόγου.

2251 2201 2463 2270 Ὥσπερ
2494 2200 2552 2253 ai
2592 2201 2685 2254 τοῦ
2724 2198 2950 2269 ἡλιακοῦ
2980 2200 3160 2269 φωτὸς
3208 2201 3430 2265 ἀκτῖνες
3448 2199 3757 2271 ἀμέριστον

2178 2293 2400 2365 ἔχουσαι
2438 2293 2581 2347 κατά
2631 2291 2796 2362 φύσιν
2836 2290 2938 2362 τὴν
2988 2291 3122 2362 πρὸς
3169 2292 3374 2364 ἄλληλα
3418 2291 3603 2363 σχέσιν
3627 2288 3758 2343 οῦτε

2175 2384 2271 2439 τοῦ
2310 2384 2489 2453 φωτὸς
2515 2382 2871 2455 χωρίζονται,
2902 2382 3025 2437 οῦτε
3056 2383 3304 2455 ἀλλήλων
3326 2383 3755 2454 ἀποτέμνονται,

2176 2478 2270 2531 καὶ
2297 2477 2487 2547 μέχρις
2509 2477 2665 2548 ⁴ἡμῶν
2686 2477 2781 2548 τὴν
2813 2477 2974 2549 χάριν
2998 2476 3089 2530 τοῦ
3115 2478 3291 2546 φωτὸς
3317 2476 3711 2531 ἀποστέλλουσι
3733 2489 3753 2509 ⁶

2176 2573 2269 2627 τὸν
2322 2570 2709 2642 αὐτὸντρόπον
2753 2571 2848 2625 καὶ
2887 2571 2916 2624 ό
2980 2571 3130 2637 Υἱὸς,
3166 2571 3355 2626 καὶτὸ
3417 2568 3646 2641 Πνεῦμα
3695 2567 3763 2622 τδ

2178 2662 2408 2732 amomi)
2440 2662 2660 2732 δίδυμος
2691 2661 2784 2716 τοῦ
2807 2660 3016 2733 Πατρδς
3039 2662 3217 2725 ἀκτὶς,
3250 2663 3347 2716 καὶ
3373 2663 3567 2733 μέχρις
3592 2661 3759 2733 ἡμῶν

2179 2753 2487 2808 διακονοῦσι
2518 2753 2580 2807 τὸ
2640 2753 2757 2823 φῶς
2817 2754 2916 2824 τῆς
2969 2753 3251 2826 ἀλῃθείας,
3314 2754 3412 2809 καὶ
3462 2753 3541 2826 τῷ
3581 2754 3762 2825 Ila.th

2180 2850 2532 2920 συνήνωνται.
2563 2849 2673 2902 Καὶ
2703 2847 2762 2901 ὃν
2790 2847 2991 2917 τρόπον
3022 2848 3130 2901 ἀπό
3164 2865 3309 2911 τινος
3332 2846 3541 2902 ὑδάτων
3569 2847 3761 2918 πηγῆς

2179 2940 2272 2993 δύο
2315 2940 2549 3010 ποταμοὶ⁸
2583 2940 2789 3012 ῥέουσι,
2815 2941 2909 2994 καὶ
2940 2943 3004 3010 τῇ
3034 2941 3129 3011 μὲν
3158 2940 3307 2996 θέσει
3347 2941 3636 3012 διῄρηνται
3687 2940 3762 2994 τὰ

2182 3033 2397 3106 ῥεῖθρα.
2456 3033 2557 3104 τὴν
2598 3032 2655 3084 δὲ
2688 3032 2779 3086 τοῦ
2809 3032 2986 3102 χυμοῦ
3022 3034 3289 3103 ποιότητα
3348 3033 3479 3103 μίαν
3503 3035 3600 3086 καὶ
3657 3033 3764 3103 τὴν

2180 3128 2350 3197 αὐτὴν
2385 3127 2705 3197 κέκτηνται,
2728 3127 2823 3180 καὶ
2845 3125 2971 3180 οὗτε
3000 3128 3099 3195 τῆς
3122 3128 3304 3198 πηγῆς
3334 3127 3763 3197 ἀποτέμνονται.

2183 3224 2281 3277 καὶ
2318 3221 2387 3275 δι’
2416 3219 2589 3290 αὐτῆς
2607 3218 2857 3289 ἀλλήλοις
2878 3222 3142 3292 ἧνωνται,
3174 3222 3280 3274 κᾶν
3309 3219 3617 3284 ἰδιαζόντως
3632 3220 3770 3273 ’ἐκα-

2105 3311 2151 3371 C
2186 3332 2308 3380 στος
2344 3316 2463 3386 ῥεῖ’
2492 3316 2584 3370 τὸν
2623 3315 2787 3368 αὐτὸν
2815 3315 3019 3386 τρόπον
3065 3314 3158 3368 καὶ
3217 3314 3279 3368 τὸ
3310 3313 3527 3382 πρῶτον
3586 3315 3767 3369 αἴτιον

2183 3409 2211 3461 ὁ
2244 3408 2454 3478 Πατὴρ,
2489 3408 2698 3479 ὴπηγὴ
2748 3407 2849 3478 τῆς
2888 3407 3058 3478 ζωῆς,
3108 3408 3360 3480 δίρρυτόν
3399 3425 3521 3462 τινα
3565 3408 3661 3463 τοῦ
3699 3427 3766 3463 τε

2191 3503 2316 3557 Υἱοῦ
2338 3502 2432 3556 καὶ
2466 3501 2560 3555 τοῦ
2589 3500 2746 3569 ἁγίου
2788 3501 3107 3572 Πνεῦματος
3140 3501 3221 3564 εἰς
3260 3502 3408 3571 ἡμᾶς
3431 3499 3767 3564 ἀποστείλας

2181 3595 2365 3669 χάριν,
2390 3594 2505 3648 οὔτ’
2536 3595 2699 3656 αὐτός
2730 3612 2783 3647 τι
2812 3593 3085 3647 πέπονθεν
3124 3594 3205 3656 είς
3248 3592 3344 3663 τὴν
3374 3592 3565 3645 οὐσίαν
3605 3590 3765 3661 ·βλα-

2180 3692 2295 3755 ϐείς
2317 3709 2330 3723 ο
2373 3691 2434 3744 οὐ
2467 3690 2574 3761 γὰρ
2602 3689 2829 3761 μείωσιν
2866 3688 3076 3756 ὑπέστη
3115 3686 3238 3741 τινὰ
3262 3685 3350 3740 διὰ
3382 3687 3481 3757 τὴν
3506 3688 3585 3749 είς
3610 3685 3768 3755 ἡμᾶς
3850 3732 3853 3735 .

2180 3784 2405 3839 ἐκείνοιν
2440 3782 2627 3853 ἄφιξιν
2652 3799 2668 3815 ³
2719 3783 2811 3835 καὶ
2846 3774 2992 3835 οὗτοι
3028 3781 3224 3851 μέχρις
3251 3779 3413 3851 ἡμῶν
3440 3777 3770 3848 προεχώρη-
3836 3849 3858 3868 .

2181 3896 2316 3943 σαν,
2350 3879 2445 3932 κα)⁵
2491 3876 2587 3930 τοῦ
2623 3874 2838 3948 Πατρδς
2869 3875 3021 3929 οὐδὲν
3058 3870 3222 3931 ἧττον
3273 3874 3570 3946 ἀχώριστοι
3625 3871 3769 3927 καθ·

2176 3974 2492 4046 εστήκασιν.

2179 4115 2311 4168 Ἔτι
2339 4112 2475 4180 περὶ
2505 4111 2736 4181 Πατρός
2762 4108 2862 4164 καὶ
2904 4106 3043 4181 Ποῦ
3074 4106 3189 4181 καί
3206 4107 3383 4176 ἁγίου
3410 4106 3767 4181 Πνεύματος

2244 4178 2667 4252 διακεκριμέναι
2695 4181 2816 4252 ἅμα
2856 4182 2956 4235 καὶ
2992 4180 3271 4252 ἡνωμένη
3324 4180 3606 4248 θεολογία
3652 4178 3766 4233 τοῦ

2244 4254 2420 4325 ἁγίου
2455 4250 2761 4322 Κυρίλλου
2782 4251 3023 4317 ἔκθεσις
3050 4250 3335 4315 πίστεως.

2252 4389 2595 4456 Πιστεὺομεν
2646 4389 2724 4451 είς
2761 4387 2860 4441 ἕνα
2892 4386 3024 4441 Θεὸν
3052 4387 3292 4460 Πατέρα,
3354 4386 3614 4459 ἄναρχον,
3665 4383 3768 4439 καὶ

2176 4485 2509 4556 ἀγέννητον,
2562 4482 2667 4537 ἀεὶ’
2699 4482 2829 4535 ὄντα
2873 4480 3114 4551 Πατέρα,
3167 4480 3267 4550 οὐχ
3324 4478 3552 4548 ὕστερον
3600 4478 3767 4532 τοῦτο

2179 4578 2547 4648 κτησάμενον.
2582 4575 2657 4628 Οὐ
2686 4574 2795 4646 γὰρ
2818 4570 2884 4645 ἦν
2912 4576 3002 4628 ὅτε
3028 4574 3130 4628 οὐκ
3176 4568 3265 4643 ἢν,
3295 4571 3417 4627 ἀλλ’
3442 4572 3650 4627 ἀνωθεν
3691 4567 3767 4644 ἦν

488 4684 679 4739 quam,
703 4682 830 4723 cum
865 4683 975 4723 non
1005 4676 1174 4730 esset.
1216 4668 1309 4723 sed
1361 4680 1424 4723 ex
1460 4669 1609 4723 omni
1638 4669 1944 4723 aeternitate
1969 4667 2070 4722 Pa-

2187 4669 2395 4738 Πατήρ.
2432 4665 2571 4722 Οὐδὲ
2604 4667 2795 4736 γέγονε
2828 4665 3051 4734 πρῶτον
3076 4665 3228 4731 Υἱὸς,
3257 4657 3377 4717 εἶτα
3407 4663 3597 4736 Πατὴρ
3616 4667 3768 4721 κατὰ

484 4769 570 4815 ter
598 4767 703 4813 est.
737 4757 923 4830 Neque
969 4759 1121 4828 prius
1149 4759 1326 4813 factus
1378 4767 1463 4813 est
1496 4757 1686 4824 Filius,
1718 4758 1917 4813 deinde
1977 4758 2080 4813 Pa-

486 4869 571 4922 ter
607 4853 783 4924 qualis
799 4862 883 4907 est
917 4853 970 4907 in
1002 4852 1323 4918 corporibus
1370 4852 1525 4917 ordo,
1559 4850 1653 4905 sed
1709 4866 1774 4905 ex
1826 4866 1939 4921 quo
1975 4860 2079 4919 est,

485 4956 703 5012 semper
733 4950 916 4996 autem
949 4938 1053 5007 est,
1082 4941 1242 4995 Pater
1265 4947 1321 4994 et
1348 4948 1431 4993 est
1462 4948 1516 4993 et
1545 4939 1868 5010 appellatur.

544 5033 837 5089 Credimus
866 5042 921 5087 et
946 5033 998 5086 in
1028 5048 1195 5087 unum
1227 5030 1420 5085 Filium
1449 5030 1693 5087 Genitori
1721 5041 2075 5101 coaeternum,

485 5127 578 5198 qui
611 5141 891 5196 nunquam
921 5124 1085 5195 coepit
1108 5139 1251 5188 esse,
1293 5123 1385 5178 sed
1441 5136 1655 5195 semper
1685 5133 1789 5189 est,
1849 5133 1905 5180 et
1951 5134 2075 5180 cum

489 5218 648 5273 Patre
682 5230 788 5272 est.
821 5216 896 5272 Ex
930 5233 1038 5287 quo
1061 5218 1206 5272 cnim
1239 5225 1320 5271 est
1379 5216 1556 5282 Pater,
1614 5232 1833 5287 semper
1888 5225 2072 5273 autem

486 5314 594 5373 est,
624 5321 692 5361 ex
722 5322 788 5362 eo
826 5315 881 5361 et
929 5304 1099 5361 Filius
1146 5311 1248 5367 est,
1309 5303 1431 5360 Haec
1490 5306 1636 5359 enim
1687 5313 1797 5359 tam
1834 5307 2076 5369 nomina,

487 5416 651 5472 quam
691 5400 821 5471 ipsa:
855 5413 944 5453 res
984 5397 1057 5453 ita
1089 5397 1416 5467 copulantur
1457 5397 1602 5451 inter
1647 5410 1725 5461 se,
1755 5406 1814 5452 ut
1835 5398 2075 5468 separari

489 5508 602 5548 non
634 5492 864 5565 possint.
903 5491 1057 5560 Quod
1086 5489 1129 5547 si
1152 5489 1323 5547 Filius
1358 5506 1470 5548 non
1522 5505 1743 5561 semper
1793 5490 1915 5556 fuit,
1979 5490 2075 5545 sed

490 5586 598 5641 fuit
652 5586 945 5657 aliquando
973 5602 1095 5641 cum
1126 5601 1234 5641 non
1267 5594 1435 5651 esset,
1457 5599 1560 5639 nec
1591 5583 1754 5638 Pater
1787 5582 1889 5637 fuit
1929 5598 2075 5638 sem-

488 5691 623 5746 per;
651 5691 717 5731 ει
752 5690 861 5746 quo
889 5675 1032 5730 enim
1062 5674 1363 5746 generavit,
1395 5673 1501 5728 hoc
1530 5670 1930 5727 habetnomen.
1974 5671 2070 5726 Sin

489 5778 677 5824 autem
709 5783 926 5838 semper
949 5776 1033 5823 est
1067 5767 1228 5823 Pater
1256 5767 1402 5823 Deus
1428 5766 1605 5835 (nefas
1627 5764 1774 5821 enim
1799 5773 1903 5829 est,
1938 5773 2077 5819 tem-

492 5857 643 5928 poris
669 5863 948 5911 auctorem
996 5855 1101 5926 ipsi
1126 5854 1359 5926 tempori
1386 5853 1676 5926 subjicere,
1727 5862 1782 5907 et
1812 5849 2076 5920 temporis

493 5950 673 6021 spatio
693 5950 1048 6023 posteriorem
1076 5948 1436 6021 pronuntiare
1462 5945 1869 6019 generationem
1907 5944 2074 6011 illam,

2184 4762 2285 4830 τὴν
2315 4760 2424 4814 τῶν
2451 4759 2723 4830 σωμάτων
2754 4759 3101 4822 ἀκολουθίαν,
3133 4758 3250 4812 ἀλλ’
3272 4759 3367 4827 ἀφ’
3397 4753 3567 4830 οὗπέρ
3588 4760 3765 4815 ἐστιν.

2195 4852 2310 4908 Ἀεὶ
2340 4852 2397 4906 δέ
2431 4853 2544 4907 ὲστι
2574 4852 2784 4924 Πατὴρ,
2834 4850 2928 4906 καὶ
2954 4851 3067 4904 ἔστι
3108 4853 3202 4904 καὶ
3241 4851 3507 4906 καλεῖται.
3720 4852 3738 4866 ⁸

2253 5012 2591 5082 Πιστεῦομεν
2625 5011 2723 5065 καὶ
2749 5010 2832 5073 είς
2864 5009 2963 5063 ἕνα
2998 5009 3126 5063 Υίδν
3160 5007 3433 5063 συνατδιον
3462 5006 3539 5077 τῷ
3568 5009 3769 5078 γεννή-

2181 5125 2358 5173 σαντι,
2389 5106 2490 5159 οὐκ
2522 5104 2697 5177 ἀρχὴν
2732 5102 2830 5158 τοῦ
2852 5098 2993 5157 εἶναι
3022 5101 3279 5169 λαϐόντα,
3307 5102 3424 5156 ἀλλ’
3468 5102 3556 5156 ἀεὶ
3605 5102 3765 5168 ὄντα,

2182 5204 2276 5256 καὶ
2304 5199 2402 5253 σὺν
2436 5197 2616 5267 Πατρὶ
2674 5196 2824 5251 ὄντα.
2893 5196 3005 5249 Ἀεὶ
3046 5195 3104 5249 δὲ
3167 5195 3378 5265 Πατὴρ,
3439 5193 3499 5259 ἐξ
3547 5194 3764 5250 ἐκείνου

2182 5294 2331 5356 Υἱός.
2366 5289 2713 5361 Ἀχωρίστως
2746 5287 2859 5358 γὰρ
2879 5288 2993 5359 ἔχει
3022 5286 3199 5342 ταῦτα
3248 5287 3389 5360 πρὸς
3420 5288 3631 5360 ἀλληλα
3684 5288 3761 5344 τά

2177 5403 2239 5439 τε
2273 5384 2517 5452 ὀνόματα
2544 5381 2642 5436 xui.
2661 5383 2732 5436 τὰ
2763 5380 3088 5453 πράγματα.
3118 5381 3181 5435 Εἰ
3217 5380 3278 5435 δὲ
3320 5380 3425 5435 οὐκ
3478 5380 3565 5434 ἀεὶ
3602 5381 3762 5448 Υἱὸς,

2179 5478 2298 5531 ἀλλ’
2322 5473 2389 5548 ἦν
2419 5477 2509 5531 ὅτε
2541 5476 2643 5531 οὐκ
2678 5471 2770 5548 ἦν,
2802 5474 2923 5529 οὐδὲ
2950 5474 3039 5529 ἀεὶ¹
3089 5475 3117 5528 ὀ
3139 5475 3351 5546 Πατήρ.
3396 5473 3518 5543 Ἀφ’
3557 5467 3619 5526 οὗ
3646 5476 3765 5544 γὰρ

2179 5570 2459 5639 ἐγέννησε,
2507 5569 2670 5624 τοῦτο
2694 5569 2806 5640 εχει
2842 5566 2907 5622 τὸ
2930 5568 3122 5639 ὄνομα.
3156 5569 3220 5622 Et
3259 5567 3317 5621 δὲ
3353 5567 3443 5620 ἀεὶ¹
3484 5566 3678 5637 Πατὴρ
3733 5569 3766 5621 ὁ

2179 5662 2344 5726 Θεός’
2381 5662 2705 5733 βλάσφημον
2748 5662 2860 5734 γὰρ
2896 5661 3089 5735 τῳόντι
3129 5661 3234 5716 ὑπὸ
3273 5660 3498 5732 χρόνους
3530 5660 3766 5728 ποιῆσαι

2179 5754 2271 5809 τὸν
2294 5756 2402 5809 τῶν
2423 5758 2635 5828 χρόνων
2674 5755 2928 5829 ποιητὴν,
2950 5759 3047 5811 καὶ
3086 5755 3342 5829 χρονικοῦ
3378 5753 3759 5824 διαστήματος

2181 5849 2458 5919 ἀποφῆναι
2487 5849 2749 5921 δευτέραν
2776 5848 2878 5922 τὴν
2898 5850 3124 5920 ἄχρονον
3138 5850 3231 5903 καὶ
3256 5849 3595 5918 ὐπέρχρονον
3628 5848 3765 5917 γέν-

2180 5961 2336 6017 νησιν
2360 5960 2376 5977 ο
2411 5944 2500 6000 ἀεὶ
2527 5944 2557 5998 ὁ
2584 5942 2709 6008 Υἱὸς
2722 5944 2788 5998 ἐκ
2816 5941 2911 5999 τοῦ
2932 5942 3142 6012 Πατρὸς
3163 5942 3419 6014 ἀρρήτως
3447 5940 3764 6014 γεννηθεὶς,
