4048 6592
183 439 268 502 93
1191 437 1562 496 PANOPLIA
1603 437 2064 497 DOGMATICA.
2105 463 2172 474 --
2212 441 2364 502 Tl'l‘.
2404 442 2488 504 ll.
3397 444 3468 506 9i

189 548 556 620 ἡγησάμενος
615 549 680 603 τὸ
740 543 881 603 εἶναι
930 549 1019 602 ἴσα
1045 547 1188 618 Θεῷ,
1238 548 1354 603 ἀλλ’
1387 547 1581 602 ἑαυτὸν
1620 545 1787 600 κενώ-

1897 567 1914 601 ι
1939 565 2040 605 nec
2068 552 2312 623 rapinam
2341 555 2635 611 arbitratus
2661 565 2743 612 est
2765 571 2884 613 esse
2930 571 2988 612 se
3035 557 3294 627 aequalem
3327 557 3460 623 Deo,

190 657 323 704 σας;
371 644 475 721 ’καὶ
565 643 782 712 μορφὴν
838 642 1024 695 δούλου
1081 639 1284 694 λαὸών.
1349 633 1520 703 Οὗτος
1598 639 1779 692 τοίνυν

1886 645 1979 700 sed
2008 646 2245 716 seipsum
2300 649 2620 714 exinanivit,
2650 649 2878 704 formam
2915 649 3061 704 servi
3117 649 3448 718 accipiens.»

187 736 296 800 τὴν
326 733 449 786 ὁδὸν
479 734 579 803 τῆς
635 736 947 804 ἐπιστήμης
983 734 1182 787 ἔδωκεν
1251 730 1446 785 Ἰακὼό
1494 729 1572 802 τῷ
1630 732 1782 785 παιδὶ

1886 738 1986 793 Hic
2014 739 2200 809 utique
2221 741 2366 795 vium
2393 742 2634 797 scientia:
2674 741 3070 797 demonstravit
3095 740 3268 796 Jacob
3295 755 3466 811 puero

185 825 390 890 αὑτοῦ,
438 827 533 879 καὶ
615 826 826 898 Ἰσραὴλ
870 826 950 896 τῷ
1026 825 1368 896 ἠγαπημένῳ
1443 824 1536 876 ὑπ’
1593 823 1782 889 αὑτοῦ,

1888 847 2012 898 suo,
2044 843 2097 887 et
2150 831 2333 888 lsraeli
2385 835 2588 888 dilecto
2637 849 2760 900 suo,
2829 833 2960 889 dum
3029 835 3308 903 antiquam
3366 847 3467 902 per

183 916 288 968 τὸν
347 916 578 971 παλαιὸν
610 916 960 988 διαγορεύσας
987 919 1044 970 ἐν
1075 919 1138 988 τῇ
1168 919 1357 986 ἐρήμῳ
1382 915 1470 968 διά
1503 915 1781 978 Μωῦσέως

1888 925 2090 980 Moscm
2119 927 2170 980 in
2199 927 2494 982 solitudine
2521 927 2695 997 legem
2724 926 2866 981 tulit.
2895 925 2964 980 At
3001 926 3145 980 illam
3178 925 3270 995 qui
3312 925 3458 985 tulit.

189 1007 384 1075 νόμον.
425 1009 482 1061 Ὀ
508 1010 564 1062 δὲ
599 1012 804 1108 éxeigov
835 1008 1086 1071 δεδωκὼς
1129 1008 1221 1061 τὸν
1261 1009 1426 1078 νόμον
1450 1008 1527 1078 τῷ
1571 1008 1781 1078 Μωῦσῇ

1886 1017 2031 1072 idem
2089 1018 2223 1072 Mosi
2265 1019 2537 1088 loquens:
2569 1018 2778 1082 (ﬂare,
2815 1037 2831 1070 ι
2874 1017 3072 1088 inquit,
3148 1037 3167 1070 ι
3210 1017 3358 1073 dices
3403 1017 3468 1071 ﬁ-

193 1101 606 1170 διαλεγόμενος
637 1098 766 1170 έιῇο
807 1119 824 1153 ι
856 1102 994 1154 Τάδε
1037 1103 1186 1172 ἐρεῖς
1217 1103 1328 1164 τοῖς
1353 1100 1490 1164 υίοῖς
1535 1098 1783 1170 Ἰσραὴλ,

1887 1109 1979 1165 liis
2012 1110 2214 1164 israel:
2247 1111 2348 1177 Qui
2382 1121 2485 1170 est.
2520 1111 2667 1164 misit
2699 1125 2786 1165 me
2818 1111 2884 1165 ad
2921 1125 3038 1165 vos.
3076 1128 3096 1162 ι
3124 1109 3361 1165 Proinde
3395 1111 3472 1165 sic

205 1193 270 1244 Ὀ
315 1193 395 1245 ὣν
431 1194 744 1247 ἀπέσταλκε
797 1209 864 1262 με
917 1193 1054 1264 πρὸς
1086 1194 1251 1263 ὑμᾶς.
1293 1211 1313 1246 ι
1345 1192 1438 1244 Διὸ
1463 1191 1562 1245 καὶ
1590 1193 1618 1246 6
1653 1207 1786 1259 προ-

1887 1204 2052 1258 etiam
2121 1204 2394 1258 clamabat
2453 1204 2717 1275 propheta
2753 1222 2767 1258 :
2812 1222 2834 1256 ι
2869 1202 2968 1257 Hic
2997 1203 3141 1256 Deus
3173 1208 3384 1265 noster,
3421 1210 3475 1256 et

192 1287 382 1356 φῆς-ης
416 1287 565 1340 ἐϐόα·
600 1303 619 1337 t
653 1278 821 1348 Οὗτος
844 1286 872 1338 6
906 1284 1038 1348 Θεὸς
1061 1285 1223 1354 ἡμῶν
1254 1300 1268 1315 ⁶
1307 1285 1369 1337 οὐ
1399 1284 1786 1354 λογισθήσεται

1887 1311 1999 1350 non
2028 1295 2434 1366 comparabitur
2463 1295 2602 1350 alter
2633 1311 2759 1350 cum
2789 1296 2903 1351 illo.
2951 1313 2970 1347 ι
2999 1293 3214 1360 Quibus
3279 1293 3464 1348 verbis

193 1380 393 1449 ἕτερος
433 1379 570 1448 πρὸς
604 1377 787 1443 αὐτὸν,
823 1395 842 1428 ι
884 1377 1180 1448 μαρτυρῶν
1214 1376 1365 1448 αὐτῷ
1410 1377 1469 1430 οὐ
1514 1376 1577 1429 τὸ
1624 1377 1786 1429 ἐλατ-

1893 1403 2025 1442 eum
2067 1398 2188 1443 esse
2235 1388 2396 1442 talem
2459 1398 2724 1455 testatur,
2770 1404 2880 1443 non
2965 1387 3061 1456 qui
3123 1387 3306 1440 minor
3371 1386 3475 1451 sit,

191 1489 312 1536 τον,
353 1471 494 1524 ἀλλά
526 1471 586 1522 τὸ
648 1470 1003 1539 ἀσύγκριτον.
1073 1469 1269 1539 Ὁρᾶτε
1325 1468 1443 1532 πῶς
1475 1469 1622 1522 ἔοικε
1670 1471 1784 1531 τοῖς

1892 1479 1990 1534 sed
2068 1482 2155 1533 cui
2223 1480 2406 1535 nullus
2462 1489 2832 1550 comparetur.
2861 1479 3099 1535 Cemitis
3135 1520 3150 1545 ,
3203 1477 3479 1548 quomodo

193 1561 582 1630 εύαγγελικοῖς
609 1561 906 1630 διδάγμασι
933 1560 1000 1613 τά
1036 1559 1360 1630 προφητικά
1390 1560 1730 1630 κηρύγματα
1761 1577 1777 1626 ς

1888 1570 2215 1639 evangelicae
2266 1571 2526 1626 doctrinm
2583 1579 2889 1643 congruant
2950 1567 3270 1639 prophetica
3325 1567 3485 1621 testi-

193 1654 449 1724 Μωῦσῆς
507 1654 773 1724 κηρύττει
827 1653 887 1706 τὸ
922 1652 1018 1718 ὣν,
1051 1652 1255 1721 μᾶλλον
1284 1651 1340 1704 δὲ
1399 1653 1561 1716 αὐτὸς
1593 1656 1620 1706 6
1653 1652 1786 1714 Θεὸς

1888 1662 2070 1716 monia
2107 1660 2130 1713 ?
2162 1660 2336 1716 Moses
2367 1662 2621 1732 praedicat
2653 1678 2668 1716 :
2719 1679 2737 1712 ι
2785 1661 2889 1727 Qui
2933 1668 3070 1716 est.)
3104 1659 3219 1714 [mo
3249 1672 3378 1712 vero
3400 1658 3483 1726 ip-

198 1746 381 1812 Λόγος
436 1746 565 1816 περὶ
601 1745 772 1798 αὐτοῦ
823 1745 976 1813 λέγει·
1005 1745 1066 1798 τὸ
1092 1744 1187 1799 ὢν.
1228 1746 1564 1815 Προστίθησι
1601 1745 1658 1798 δὲ
1691 1747 1787 1798 καὶ

1888 1769 1948 1808 se
1982 1754 2126 1807 Deus
2158 1754 2395 1808 Verbum
2451 1756 2517 1809 de
2550 1770 2609 1809 se
2641 1755 2758 1824 ipso
2791 1755 2924 1810 dicit
2951 1772 2966 1810 :
2991 1752 3093 1819 Qui
3123 1761 3225 1807 est.
3281 1750 3483 1804 Paulus

196 1838 260 1888 τὸ
293 1837 562 1906 ὑπάρχων
588 1839 788 1891 ταυτὸν
813 1837 1115 1906 δυνάμενον
1149 1837 1225 1906 τῷ
1256 1835 1359 1891 ὧν.
1391 1837 1561 1905 Λέγει
1594 1839 1688 1890 καὶ
1725 1839 1786 1889 τὸ

1891 1861 2034 1912 sape
2063 1847 2193 1900 dicit
2232 1847 2360 1900 illud
2393 1863 2408 1900 :
2446 1846 2542 1912 ὢν,
2573 1862 2768 1916 nempe
2795 1846 2887 1916 qui
2945 1855 3050 1900 est.
3086 1844 3251 1899 Addit
3315 1844 3482 1897 etiam

197 1929 355 1980 ἐστιν
393 1929 750 1998 ἰσοδυναμοῦν
785 1930 1013 1992 ἐκείνοις
1035 1932 1179 1982 κατά
1202 1931 1301 2000 τὴν
1320 1929 1552 1983 ἔννοιαν.
1593 1929 1778 1982 Ὠσαύ-

1894 1897 2030 1993 uniti
2067 1897 2091 1993 ξ
2103 1897 2408 2010 ‘iiagxiig
2431 1897 2763 2010 gadiis;
2790 1897 3164 1993 δειὲιίοῑοίί
3181 1897 3378 1990 Setiam
3414 1936 3485 1988 il—

195 2037 311 2083 τως
341 2021 397 2072 δὲ
422 2023 516 2074 καὶ
562 2022 815 2091 Ἰωάννης
843 2024 870 2075 6
898 2022 1162 2090 Θεολόγος
1219 2021 1488 2091 πολλαχοῦ
1525 2022 1586 2074 τὸ
1620 2021 1694 2074 ὣν
1724 2025 1793 2092 τῇ

1896 2032 1985 2085 iud
2013 2049 2026 2086 :
2059 2031 2197 2096 ἔστι,
2229 2032 2372 2100 quod
2406 2033 2787 2101 superioribus
2805 2031 3033 2086 vocibus
3050 2031 3317 2100 aequalem
3367 2029 3479 2083 vim

196 2115 316 2167 τῶν
351 2115 704 2184 Εύαγγελίων
763 2114 1040 2186 ὲ-νσπείρει
1079 2117 1454 2187 πραγματείᾳ.
1497 2117 1608 2169 Καὶ
1661 2116 1794 2168 αὐτὸ

1908 2123 2099 2176 habet.
2135 2122 2366 2176 Easdem
2402 2138 2562 2177 voces
2589 2123 2828 2178 Joannes
2885 2122 2973 2176 ille
2997 2121 3309 2191 Theologus
3355 2133 3479 2172 cum

197 2206 260 2260 δὲ
288 2207 350 2260 τὸ
389 2208 684 2278 προοίμιον
713 2206 938 2270 ταύταις
977 2210 1095 2270 ταῖς
1127 2209 1334 2275 φωναῖς
1380 2207 1636 2276 άγλατξει
1689 2208 1788 2276 οὐχ

1897 2209 2101 2278 spargit
2129 2219 2291 2278 atque
2325 2210 2646 2265 disseminat
2685 2211 2739 2264 in
2783 2219 2895 2265 tota
2946 2207 3370 2281 Evangeliorum
3405 2208 3491 2261 hi-

205 2301 388 2365 άπαξ,
423 2302 544 2354 οὐδὲ
571 2302 674 2364 δὶς,
709 2302 830 2354 οὐδὲ
858 2303 1000 2373 τρὶς,
1032 2301 1166 2353 ἀλλὰ
1195 2302 1456 2364 πολλάκις
1486 2302 1792 2370 άνακηρύτ·

1898 2303 2084 2364 Storia,
2158 2313 2269 2356 tum
2333 2308 2508 2374 ipsum
2572 2306 2900 2374 prooemium
2980 2303 3086 2357 illis
3143 2301 3491 2372 potissimum

200 2409 315 2444 των
356 2393 419 2445 τὸ
453 2388 540 2464 ἦν.
578 2411 596 2443 ι
642 2393 732 2444 Ἐν
779 2393 921 2463 ἀρχῇ
961 2393 1093 2462 γάρ,
1141 2393 1325 2462 φησὶν,
1355 2390 1445 2463 ἦν.
1480 2393 1593 2446 Καὶ
1640 2394 1668 2445 6
1697 2395 1797 2445 A6-

1901 2393 2153 2448 illustrat.
2185 2395 2370 2464 Neque
2395 2396 2541 2449 enim
2569 2397 2762 2459 semel,
2793 2405 2888 2450 aut
2910 2395 3014 2460 bis,
3073 2403 3167 2448 aut
3231 2404 3335 2458 ter,
3392 2392 3488 2446 sed

201 2501 299 2551 γος
357 2481 428 2555 ἦν
487 2486 620 2555 πρὸς
679 2485 772 2538 τὸν
821 2485 976 2549 Θεὸν,
1036 2486 1129 2538 καὶ
1180 2484 1315 2547 Θεὸς
1364 2483 1432 2552 ἦν
1486 2486 1732 2553 ὁΛόγος.
1775 2505 1794 2538 ι

1902 2487 2098 2556 saepius
2151 2489 2470 2557 prununtiat
2518 2489 2646 2543 illud
2699 2505 2714 2542 :
2765 2498 2901 2554 erat,
2939 2506 2958 2540 ι
3013 2487 3073 2540 In
3128 2485 3424 2556 principio.
3464 2500 3481 2534 ι

211 2578 559 2646 Πιστεύομεν
635 2578 727 2630 καὶ
787 2579 866 2642 είς
926 2576 986 2630 τὸ
1059 2576 1282 2646 Πνεῦμα
1339 2578 1400 2631 τὸ
1479 2577 1655 2645 ἅγιον,
1740 2578 1802 2630 τὸ

1905 2579 2180 2651 inquiens,
2238 2603 2255 2633 ‹
2290 2592 2408 2636 erat
2458 2581 2732 2646 Verbum,
2797 2591 2854 2636 et
2886 2581 3126 2636 Verbum
3176 2589 3295 2634 erat
3332 2576 3477 2646 apud

207 2670 390 2732 ιὺθὲς,
410 2669 473 2721 τὸ
488 2670 836 2738 ἡγεμονικὸν,
851 2669 909 2722 τὸ
923 2668 1148 2736 ἀγαθὸν,
1173 2668 1233 2721 τὸ
1256 2669 1630 2739 παράκλητον,
1659 2669 1722 2720 τὸ
1740 2672 1804 2720 ὲκ

1908 2672 2102 2735 Deum,
2149 2685 2202 2727 et
2248 2675 2392 2728 Deus
2426 2685 2544 2728 erat
2579 2675 2840 2734 Verbum.
2883 2674 2988 2727 hoc
3023 2681 3142 2726 erat
3201 2670 3255 2722 in
3284 2669 3493 2738 princi-

208 2763 352 2814 Θεοῦ
374 2761 659 2831 προελθὸν,
685 2762 744 2813 οὐ
767 2762 1044 2832 γεννηθέν
1075 2757 1154 2824 εἷς
1195 2762 1306 2830 γάρ
1343 2759 1804 2831 μονογενήςόὖτι

1908 2765 1997 2835 pio
2031 2767 2171 2834 apud
2207 2768 2400 2820 Deum.
2433 2767 2756 2820 iCredimus
2783 2775 2838 2818 et
2861 2766 2916 2820 in
2941 2764 3205 2832 Spiritum
3244 2769 3493 2815 sanctum

215 2854 329 2922 μὴν
384 2851 633 2905 κτισθέν.
678 2852 933 2922 Ούδαμοῦ
985 2852 1094 2923 γὰρ
1155 2851 1483 2922 εὑρίσκομεν
1509 2853 1566 2904 ἐν
1591 2854 1655 2922 τῇ
1685 2851 1805 2921 θείᾳ

1915 2859 2066 2911 illum
2097 2869 2328 2918 rectum,
2359 2857 2686 2926 principem,
2717 2857 2942 2917 bonum,
2982 2854 3406 2915 consolatorem,
3430 2863 3496 2902 ex

215 2946 416 3014 Γραφῇ
453 2947 520 3014 τῇ
550 2944 726 2996 κτίσει
755 2944 1284 3014 συναριθμούμενον,
1317 2944 1455 2998 ἀλλὰ
1497 2945 1674 3013 Πατρὶ
1704 2946 1802 2996 καὶ

1911 2945 2020 2998 Deo
2054 2947 2466 3014 procedentem.
2505 2961 2616 2998 non
2679 2946 2922 3016 genitum
2961 2960 2974 2996 :
3013 2957 3154 2997 unus
3205 2941 3355 2995 enim
3413 2946 3499 2993 est

214 3038 333 3110 Υίῷ
363 3038 813 3108 συνταττόμενον.
870 3037 1338 3108 Ἐκπορευόμενον
1371 3038 1428 3091 δὲ
1449 3037 1582 3090 αὐτὸ
1618 3040 1682 3090 ὲκ
1713 3035 1807 3090 τοῦ

1913 3034 2263 3106 Unigenitus.
2289 3037 2404 3090 Non
2437 3047 2702 3101 creatum,
2739 3051 3012 3106 nusquam
3047 3034 3196 3089 enim
3230 3033 3283 3086 in
3350 3031 3499 3086 divi-

221 3133 440 3201 Ιιιτρὸς
474 3131 816 3201 ἠκούσαμεν,
855 3133 952 3185 καὶ
971 3133 1034 3184 οῦ
1068 3131 1634 3200 πολυπραγμονοῦμεν
1689 3131 1805 3193 πῶς

1921 3145 1992 3182 na
2024 3130 2304 3198 Scriptura
2334 3129 2665 3194 invenimus,
2703 3144 2826 3182 eum
2857 3129 2910 3180 in
2949 3142 3134 3180 rerum
3187 3133 3501 3178 creatam-1

216 3227 612 3294 ἐκπορεύεται,
682 3225 819 3278 ἀλλὰ
853 3226 1154 3295 στέργομεν
1213 3226 1327 3287 τοῖς
1384 3224 1628 3277 τεθεῖσιν
1679 3225 1812 3293 ἡμῖν

1915 3237 2146 3276 numero
2200 3222 2457 3291 positum,
2502 3222 2597 3276 sed
2630 3221 2823 3276 ordine
2848 3236 2971 3275 cum
3031 3221 3191 3273 Patre
3240 3228 3295 3272 et
3358 3216 3499 3270 Filio

216 3320 374 3389 ὅροις
398 3317 504 3370 ὑπὸ
529 3318 635 3370 τῶν
661 3317 929 3386 θεολόγων
964 3319 1058 3369 καὶ
1094 3316 1383 3385 μακαρίων
1417 3315 1651 3384 ἀνδρῶν.

1920 3319 2305 3370 constitutum.
2335 3316 2656 3372 Audivirnus
2686 3316 2817 3370 item
2837 3316 2989 3370 illum
3025 3333 3053 3369 a
3087 3314 3247 3367 Patre
3304 3323 3501 3381 proce-

217 3413 374 3467 dere.
424 3411 707 3478 Quomodo
777 3420 958 3465 autem
1021 3407 1298 3479 procedat,
1359 3407 1635 3461 curiosius
1693 3408 2010 3480 vestigando
2084 3427 2192 3462 non
2264 3411 2592 3464 laboramus.
2661 3407 2769 3463 Sed
2828 3409 2972 3462 intra
3043 3407 3308 3461 terminos
3346 3399 3510 3468 nobi;

223 3509 514 3574 theologis,
550 3518 604 3563 et
629 3507 806 3562 beatis
850 3506 984 3560 viris
1013 3504 1362 3575 przescriptos
1392 3501 1816 3571 acquiescimus.

309 3602 710 3673 Ἐδιδάχθημεν
761 3601 871 3672 γάρ
900 3601 995 3654 καὶ
1030 3600 1122 3655 ὑπ’
1176 3600 1344 3653 αὑτοῦ
1403 3600 1499 3653 τοῦ
1553 3601 1814 3669 Σωτῆρος

1994 3601 2135 3667 Quin
2225 3599 2385 3652 etiam
2449 3598 2516 3652 ab
2586 3598 2704 3666 ipso
2767 3599 3057 3653 Servatore
3126 3611 3314 3656 nostro
3379 3600 3511 3656 Jesu

225 3701 392 3774 ἡμῶν
435 3697 610 3767 Ἰησοῦ
635 3693 869 3765 Χριστοῦ
896 3693 995 3764 τῆς
1015 3692 1245 3764 Τριάδος
1278 3693 1736 3765 συμπληρωτικὸν
1756 3695 1817 3747 τὸ

1922 3693 2144 3746 Christo
2165 3692 2477 3755 didicimus,
2520 3706 2548 3744 a
2580 3699 2768 3744 sancto
2806 3689 3013 3760 Spiritu
3053 3692 3379 3746 Trinitatem
3412 3706 3510 3745 ex-

233 3794 468 3862 ιῙνεῦμα
487 3790 546 3844 τὺ
580 3789 758 3857 ἅγιον.
795 3809 814 3840 ι
852 3788 1221 3859 Πορευθέντες
1255 3789 1415 3858 γάρ,ι
1450 3789 1608 3858 φησὶ,
1642 3806 1659 3838 ι
1710 3803 1818 3856 μα-

1922 3787 2080 3858 pleri.
2111 3785 2368 3847 rl'luntcs,
2402 3783 2594 3851 inquit,
2615 3781 2810 3837 docete
2841 3797 3034 3836 omnes
3089 3795 3300 3852 gentes,
3332 3784 3510 3853 bapti-

231 3883 545 3958 οητεύσατε
580 3881 758 3934 πάντα
785 3879 855 3931 τά
887 3878 1039 3948 ἔθνη,
1070 3877 1430 3948 βαπτίζοντες
1498 3879 1698 3941 αὐτοὺς
1736 3879 1812 3940 εἰς

2016 3887 2109 3932 ιῑεε
2138 3892 2232 3931 eos
2253 3876 2307 3930 in
2335 3876 2555 3930 nomine
2579 3872 2776 3938 Patris,
2802 3883 2858 3928 et
2886 3872 3028 3939 Filii,
3051 3885 3103 3928 et
3125 3874 3363 3944 Spiritus
3387 3889 3516 3928 san-
3609 3868 3614 3875 ’

230 3982 295 4033 τὸ
323 3979 500 4045 ὄνομα
552 3972 648 4027 τοῦ
682 3970 896 4041 Πατρὸς
945 3972 1040 4024 καὶ
1077 3970 1172 4023 τοῦ
1224 3970 1356 4024 Υίοῦ
1383 3969 1475 4023 καί⁵
1499 3969 1593 4022 τοῦ
1621 4044 1626 4045 ν
1653 3968 1811 4036 ἁγίου

1925 3971 2083 4027 eti”.
2115 3989 2135 4022 ι
2167 3968 2270 4035 Qui
2303 3981 2426 4023 cum
2452 3968 2610 4022 Patre
2643 3977 2696 4022 et
2714 3967 3310 4031 Filioconnumeratur,
3335 3967 3381 4022 is
3406 3969 3516 4022 uti.

235 4044 577 4138 Πνεύματος.
631 4081 650 4114 ι
694 4062 786 4132 Τῷ
828 4061 1002 4131 Πατρὶ
1066 4063 1159 4114 καὶ
1212 4060 1326 4131 Υίῷ
1373 4044 1821 4129 συναριθμούμε-

1927 4079 2036 4133 que
2067 4063 2227 4117 rebus
2256 4061 2460 4117 creatis
2497 4061 2761 4116 omnibus
2794 4060 3112 4115 antecessit.
3149 4059 3514 4126 Quamobrem

238 4177 331 4212 νον
381 4158 483 4220 τῆς
517 4155 747 4212 κτίσεως
776 4151 993 4222 ἁπάσης
1015 4150 1164 4203 ἐστὶν
1195 4151 1498 4221 ὑπέρτερον
1533 4163 1549 4178 ·
1587 4151 1666 4204 διὸ
1732 4152 1824 4202 καὶ

1931 4157 2133 4212 Paulus
2161 4155 2325 4210 etiam
2359 4157 2412 4207 in
2445 4169 2510 4209 eo
2544 4162 2864 4209 constanter
2896 4161 3103 4217 manet,
3143 4162 3203 4206 ut
3244 4150 3509 4222 Spiritum

237 4251 267 4302 6
341 4249 612 4317 μακάριος
659 4241 872 4305 Παῦλος
928 4242 1066 4311 μετά
1123 4242 1338 4311 Πατρὸς
1398 4241 1530 4294 αὐτὸ
1567 4243 1660 4294 καὶ
1690 4239 1822 4292 Υίοῦ

1932 4250 2111 4320 ipsum
2142 4264 2264 4303 cum
2289 4247 2448 4302 Patre
2480 4257 2537 4300 et
2579 4246 2720 4300 Filio
2754 4245 2918 4301 simul
2964 4245 3304 4314 pronuntiet.
3341 4263 3359 4296 ι
3385 4243 3518 4298 Gra-

241 4343 534 4413 κηρύττων
599 4335 857 4392 διατελεῖ.
934 4352 953 4385 t
994 4335 1061 4388 Ἦ
1104 4335 1263 4406 χάρις
1323 4334 1452 4405 γάρ,
1515 4335 1670 4403 φησι,
1733 4332 1826 4385 τοῦ

1935 4343 2032 4405 tia,
2065 4341 2264 4411 inquit,
2300 4340 2513 4394 Domini
2541 4339 2716 4393 nostri
2749 4339 2876 4392 Jesu
2918 4337 3148 4402 Christi,
3185 4346 3240 4392 et
3270 4352 3519 4391 comnm-

245 4436 456 4506 Κυρίου
484 4433 640 4504 ἡμῶν
666 4430 842 4502 Ἰησοῦ
862 4429 1121 4501 Χριστοῦ,
1162 4431 1257 4482 καὶ
1287 4429 1320 4496 ἡ
1349 4427 1538 4497 ἀγάπη
1566 4426 1658 4480 τοῦ
1693 4425 1830 4479 Θεοῦ

1937 4433 2140 4487 nicatio
2173 4441 2346 4487 sancti
2385 4431 2622 4501 Spiritus
2650 4445 2773 4484 cum
2816 4430 3076 4484 omnibus
3131 4427 3287 4483 vobis
3319 4428 3416 4483 ⁸⁸.»
3455 4427 3520 4482 Et

244 4532 342 4581 καὶ
396 4526 631 4595 Πατρὸς,
699 4523 794 4576 καὶ
846 4525 881 4592 ἡ
931 4521 1186 4575 κοινωνία
1269 4517 1364 4571 τοῦ
1452 4518 1609 4584 ἁγίου
1664 4515 1833 4568 Πνεύ-

1943 4541 2198 4580 rursum:
2239 4543 2258 4576 ι
2308 4523 2612 4576 Divisiones
2639 4563 2653 4587 ,
2691 4523 2892 4590 inquit,
2973 4520 3271 4591 gratiarum
3359 4528 3523 4584 sunt,

254 4637 428 4689 ματος
489 4617 631 4687 μετὰ
688 4615 908 4669 πάντων
965 4602 1140 4682 ὑμῶν·
1183 4631 1201 4663 ι
1235 4611 1330 4663 καὶ
1385 4609 1572 4671 πάλιν,
1614 4626 1632 4658 ι
1686 4611 1836 4660 Διαι-

1939 4620 2085 4674 idem
2145 4631 2328 4671 autem
2365 4604 2646 4685 Spiritus;
2687 4625 2742 4668 et
2786 4613 3091 4667 divisiones
3157 4612 3522 4666 ministratio-

254 4715 437 4781 ρέσεις
475 4710 533 4762 δὲ
563 4709 923 4778 χαρισμάτων
955 4705 1084 4772 εἰσὶ,
1118 4703 1179 4756 τὸ
1211 4703 1414 4757 αὑτὸδὲ
1443 4701 1690 4772 Πνεῦμαο
1741 4702 1835 4754 καὶ

1941 4728 2073 4766 num
2126 4720 2273 4774 sunt,
2331 4709 2472 4762 idem
2529 4716 2710 4761 autem
2765 4705 3028 4760 Dominus
3063 4712 3165 4768 ;et
3224 4703 3525 4758 divisiones

249 4803 546 4871 διαιρέσεις
601 4798 892 4853 διακονιῶν
931 4800 1093 4864 είσιν,
1120 4797 1148 4848 6
1176 4796 1233 4848 δὲ
1272 4797 1432 4858 αὐτὸς
1468 4795 1668 4866 Κύριος
1695 4810 1710 4826 ο
1741 4795 1837 4846 καὶ

1943 4806 2326 4875 operationum
2350 4809 2500 4864 sunt,
2537 4799 2679 4853 idem
2713 4806 2897 4852 autem
2929 4794 3092 4861 Deus,
3117 4796 3209 4866 qui
3265 4802 3527 4865 operatur

259 4896 561 4964 διαιρέσεις
630 4890 1026 4960 ἐνεργημάτων
1092 4889 1255 4953 εἰσιν,
1321 4891 1350 4941 6
1387 4888 1445 4940 δὲ
1504 4887 1667 4950 αὐτός
1722 4887 1838 4940 ἐστι

1949 4898 2133 4954 omnia
2166 4897 2220 4950 in
2243 4895 2552 4949 omnibus.»
2586 4893 2713 4962 Ejus
2745 4905 2877 4946 vero
2917 4890 3212 4946 essentiam
3242 4888 3531 4942 declarans

258 4988 418 5050 Θεὸς,
451 4988 478 5038 6
507 4985 746 5055 ἐνεργῶν
777 4983 846 5037 τὰ
881 4983 1058 5035 πάντα
1089 4983 1148 5034 ὲν
1183 4981 1342 5034 πᾶσι.
1381 5000 1398 5034 ι
1449 4981 1750 5050 Κηρύττων
1782 4980 1840 5031 δὲ

1948 4990 2255 5046 clamabat:
2299 4987 2452 5042 «Haec
2469 4997 2649 5042 autem
2675 4995 2932 5056 operatur
2972 4999 3115 5045 unus
3152 4992 3209 5036 et
3238 4982 3378 5036 idem
3409 4980 3533 5050 Spi-

264 5077 435 5134 αύτοῦ
466 5077 562 5147 τὴν
596 5076 848 5140 ἐξουσίαν
881 5075 1030 5127 ὲδδαο
1065 5093 1084 5126 ι
1129 5075 1314 5128 Πάντα
1373 5073 1430 5126 δὲ
1459 5072 1633 5125 ταῦτα
1685 5073 1842 5142 ἐνερ-

1955 5085 2120 5148 ritus,
2147 5081 2399 5136 dividens
2431 5079 2665 5150 singulis
2729 5077 3102 5148 peculiariter,
3159 5085 3324 5147 prout
3353 5075 3523 5128 vult.»

258 5173 350 5241 γεῖ
377 5172 436 5223 τὸ
465 5169 522 5222 ἓν
558 5169 655 5221 καὶ
679 5167 741 5220 τὸ
767 5168 900 5220 αὐτὸ
929 5167 1172 5236 Πνεῦμα,
1207 5163 1448 5230 διαιροῦν
1489 5164 1704 5233 ἑκάστῳ
1739 5161 1845 5232 ἰδία

1945 5177 2065 5232 Νοη
2097 5177 2241 5230 enim
2278 5185 2338 5229 ut
2365 5175 2554 5244 jussus
2585 5183 2690 5236 est,
2723 5173 2822 5228 sed
2851 5181 2910 5227 ut
2973 5171 3110 5236 vult,
3178 5167 3539 5224 credentibus

260 5264 446 5325 καθὼς
472 5262 742 5332 βούλεται.
765 5279 784 5314 ι
814 5260 887 5313 Ού
909 5259 1018 5330 γάρ
1037 5258 1226 5321 κακῶς
1262 5259 1569 5323 κελεύεται,
1589 5255 1728 5311 ἀλλά
1750 5273 1850 5308 κα-

1950 5271 2095 5325 dona
2126 5267 2425 5323 distribuit.
2463 5266 2596 5320 Nam
2630 5279 2727 5334 per
2759 5266 2940 5334 ipsum
2999 5265 3220 5318 veniam
3276 5267 3529 5331 peccato-

263 5359 374 5418 θὼς
425 5353 675 5424 βούλεται
725 5355 839 5414 τοῖς
895 5351 1212 5405 πιστεύουσι
1280 5349 1530 5418 διανέμει
1580 5347 1649 5399 τά
1677 5346 1848 5415 δῶρα.

1953 5378 2074 5417 rum
2119 5360 2481 5430 accepimus;
2519 5373 2616 5428 per
2669 5356 2850 5426 ipsum
2917 5355 3226 5410 libertatem
3294 5350 3533 5406 assecuti

263 5449 343 5503 Δι’
377 5446 544 5500 αὑτοῦ
569 5447 676 5514 γάρ
729 5444 842 5498 τῶν
901 5443 1318 5514 ἁμαρτημάτων
1376 5442 1474 5509 τὴν
1517 5437 1842 5509 ἀπαλλαγὴν

1951 5468 2180 5519 sumus;
2218 5467 2316 5522 per
2333 5451 2508 5522 ipsum
2531 5449 2708 5519 adepti
2735 5463 2925 5504 sumus
2954 5449 3178 5520 gratiam
3196 5443 3535 5514 adoptionis:

265 5542 556 5611 ἐλάϐομεν·
612 5539 680 5592 δι’
718 5535 886 5592 αὐτοῦ
932 5537 1036 5606 τῆς
1097 5535 1414 5605 ἐλευθερίας
1465 5532 1836 5602 τυγχάνομεν·

1959 5564 1980 5600 ι
2022 5542 2142 5600 Non
2201 5542 2348 5597 enim
2388 5541 2725 5612 accepimus,
2769 5539 2946 5609 inquit
3009 5537 3243 5603 Paulus,
3278 5535 3534 5606 spiritum

266 5634 340 5690 δι’
372 5632 536 5688 αὑτοῦ
561 5630 656 5684 τοῦ
692 5633 790 5702 τῆς
813 5630 1084 5692 υἱοθεσίας
1116 5627 1454 5700 χαρίσματος
1477 5623 1846 5694 ἀπολαύομεν.

1956 5637 2239 5696 servitutis
2272 5637 2466 5690 iterum
2499 5633 2556 5687 in
2579 5633 2830 5687 timorem
2870 5627 3002 5699 ;sed
3042 5629 3354 5700 accepimus
3408 5626 3533 5696 Spi-

276 5747 295 5779 ι
321 5725 402 5782 Ού
425 5725 536 5796 γὰρ
562 5722 827 5793 ἐλάϐομεν
851 5720 1078 5791 Πνεῦμα
1096 5719 1360 5784 δουλείας,
1404 5735 1422 5770 ι
1453 5717 1619 5787 φησὶν
1653 5719 1681 5770 6
1704 5714 1852 5768 Παῦ-

1960 5733 2126 5788 ritum
2153 5727 2464 5802 adoptionis
2490 5725 2750 5793 filiorum,
2767 5725 2824 5780 in
2857 5738 2964 5796 quo
2985 5725 3288 5780 clamamus
3318 5720 3542 5795 :Abba,

349 5911 392 5942 ⁸⁵
453 5904 987 5973 Muttli.xxviit,19.
1063 5902 1106 5934 “
1131 5901 1174 5958 ll
1197 5899 1322 5958 Cor.
1359 5914 1514 5965 util,
1561 5897 1647 5952 ιε.
