4048 6606
532 407 602 469 95
1777 416 2159 481 EUTHYMII
2201 420 2529 483 ZIGABEN
2536 421 2565 482 Ι

3726 420 3816 483 96

533 526 692 581 Pater
709 526 773 583 "’.
788 546 805 579 ι
826 526 907 582 Et:
924 524 1207 597 «Spiritus,
1227 526 1421 599 inquit.
1441 528 1564 586 vitae
1581 530 1829 589 liberavit
1848 548 1933 589 me
1951 550 1980 589 a
2000 533 2115 605 lege

2223 536 2313 599 λος
2348 536 2531 602 πάλιν,
2572 554 2591 588 ι
2625 536 2704 599 είς
2736 534 2922 605 φόϐον,
2949 534 3067 590 ἀλλ’
3093 533 3359 606 ἐλάϐομεν
3389 534 3618 606 Πνεῦμα
3673 536 3814 587 υἱο-

476 640 503 648 ί
535 621 738 690 peccati
770 629 825 673 et
852 620 1042 674 mortis
1061 619 1160 674 ⁸⁸.»
1197 618 1265 676 Ει
1292 620 1420 677 alibi
1448 638 1464 677 :
1502 621 1797 680 «Dominus
1827 633 2011 680 autem
2031 635 2115 681 est

535 715 795 782 Spiritus.
826 716 915 769 ubi
944 722 1123 771 autem
1155 713 1394 785 Spiritus
1434 717 1673 784 Domini,
1725 718 1803 775 ibi
1862 719 2109 776 libertas.

530 806 649 861 Jam
680 808 770 876 qui
807 807 944 864 alios
978 808 1181 864 liberos
1208 810 1407 877 reddit,
1460 809 1579 880 ipse
1603 827 1715 866 non
1770 812 1939 868 servit
1968 814 2035 867 °'.
2088 833 2108 866 ι

531 900 815 966 Quomodo
844 902 991 956 enim
1027 901 1303 957 conservis
1335 902 1604 970 dedisset,
1640 904 1786 974 quod
1841 906 1957 975 ipse
2002 921 2112 959 non

531 994 717 1060 habet,
743 994 887 1062 quod
950 993 1169 1063 assequi
1228 995 1442 1065 nequit,
1480 1012 1589 1065 quo
1652 996 1754 1052 frui
1810 998 1962 1067 cupit
2025 1000 2113 1054 ille

530 1086 775 1157 quidem,
815 1087 908 1142 sed
936 1102 1047 1140 non
1082 1088 1305 1156 potest?
1335 1085 1437 1155 Qui
1489 1088 1798 1146 libertatem
1832 1092 2112 1147 credenti—

530 1182 633 1236 bus
668 1179 954 1249 elargitur,
1022 1188 1078 1235 et
1113 1181 1419 1238 servientes
1439 1182 1638 1238 liberos
1668 1184 1856 1252 etlieit,
1886 1185 1933 1242 is
1986 1202 2114 1257 pro-

532 1272 677 1328 fecto
711 1288 823 1326 non
857 1272 1050 1338 servit,
1085 1273 1181 1327 sed
1216 1274 1556 1337 dominatur,
1589 1285 1643 1331 et
1670 1276 1793 1346 jure
1858 1278 2111 1333 domina-

532 1373 644 1427 tus,
671 1379 811 1433 quos
832 1366 969 1430 vult,
994 1365 1249 1421 libertate
1271 1365 1456 1422 donat.
1491 1366 1857 1433 Quamobrem
1882 1377 1939 1424 et
1971 1369 2103 1425 bea-

531 1466 618 1511 tus
650 1454 884 1511 Paulus:
922 1455 1095 1522 «Haec,
1123 1456 1324 1526 inquit,
1349 1458 1531 1513 omnia
1562 1469 1817 1530 operatur
1846 1476 1989 1516 unus
2028 1470 2115 1516 at-

529 1548 796 1617 queidem
824 1546 1352 1617 Spiritus,'dividens
1412 1550 1713 1621 unicuique
1738 1550 2110 1621 peculiariter,

531 1641 612 1696 uti
639 1642 835 1696 vult".
850 1661 869 1695 ι
890 1640 1099 1698 idcirco
1120 1652 1176 1697 ct
1198 1645 1461 1713 propheta
1479 1642 1533 1697 in
1552 1642 1737 1699 Veteri
1754 1643 2113 1699 Testamento

532 1741 865 1804 potestatem
894 1734 1069 1805 ipsius
1098 1736 1415 1805 signiﬁcans
1435 1737 1715 1792 clamabat
1749 1755 1763 1791 :
1798 1756 1817 1790 ι
1847 1737 2112 1793 Dominus

530 1824 681 1879 misit
711 1840 821 1891 me,
847 1834 901 1881 et
931 1825 1174 1895 Spiritus
1207 1826 1326 1895 ejus
1358 1826 1449 1881 ⁷¹.›
1496 1829 1563 1883 Et
1595 1830 1738 1884 Deus
1769 1828 1986 1886 Iudaeos
2018 1847 2108 1885 ac—

2215 628 2421 693 θεσίας,
2454 630 2513 683 ἐν
2541 624 2585 697 ᾧ
2614 629 2914 699 κράζομεν,
2952 628 3123 682 Ἀϐὁᾶ
3161 630 3188 682 6
3213 629 3457 699 Πατήρ.»
3487 630 3595 685 Ka‘t
3626 628 3812 683 ἀλλα-

2215 720 2334 792 χοῦ’
2373 738 2392 772 ι
2417 720 2474 775 Ὀ
2500 720 2610 791 γὰρ
2645 721 2810 791 νόμος
2833 720 2927 774 τοῦ
2962 721 3281 791 Πνεύματος
3303 723 3404 791 τῆς
3435 722 3581 793 ζωῆς
3631 722 3820 793 ἠλευο

2216 813 2423 883 θέρωσέ
2454 831 2520 883 με
2554 813 2662 867 ἀπὸ
2693 812 2787 866 τοῦ
2818 813 2983 881 νόμου
3037 812 3136 882 τῆς
3195 811 3497 883 ἁμαρτίας,
3551 813 3648 867 καὶ
3700 811 3812 865 τοῦ

2215 904 2469 960 θανάτου’
2513 924 2531 959 ι
2562 906 2655 959 καὶ
2692 904 2979 976 ἑτέρωθεν·
3019 924 3037 955 ‹
3078 903 3137 957 Ὀ
3164 903 3219 956 δὲ
3256 903 3459 973 Κύριος
3478 906 3538 957 τὸ
3569 902 3817 973 Πνεῦμά

2199 999 2382 1052 ἐστιν.
2423 991 2500 1052 OB
2527 998 2583 1051 δὲ
2638 996 2697 1051 τὸ
2747 997 2970 1064 Πνεῦμα
3012 996 3246 1066 Κυρίου,
3281 997 3397 1049 ἐκεῖ
3422 996 3728 1067 ἐλευθερία.
3774 1013 3800 1048 ν

2215 1085 2287 1137 Τὸ
2317 1084 2374 1137 δὲ
2398 1085 2524 1146 τοὺς
2554 1084 2749 1149 ἄλλους
2776 1084 3101 1155 ἐλευθεροῦν
3133 1085 3192 1139 οὐ
3224 1084 3486 1139 δουλεύει.
3536 1085 3663 1150 Πῶς
3684 1087 3805 1156 γὰρ

2215 1174 2407 1239 ἂντοῖς
2422 1174 2727 1245 ὁμοδούλοις
2756 1174 3011 1244 μεταδοίη
3033 1167 3093 1227 οὗ
3127 1174 3201 1247 μὴ
3222 1175 3465 1245 μετέχει,
3499 1169 3559 1230 οῦ
3602 1178 3803 1246 ωχεὲν

2213 1265 2315 1318 οὐκ
2357 1264 2558 1336 ίσχύει,
2591 1256 2652 1319 οὗ
2683 1264 2989 1319 ἀπολαῦσαι
3046 1265 3296 1335 βούλεται
3328 1267 3425 1336 μὲν
3454 1268 3527 1330 ὡς
3544 1267 3713 1333 εἰκὸς,
3740 1269 3813 1321 οὗ

2218 1358 2441 1412 δυνάται
2459 1357 2514 1410 δέ
2534 1375 2549 1423 ;
2579 1357 2640 1411 Ei
2667 1357 2723 1411 δέ
2740 1356 3060 1428 μεταδίδωσι
3076 1360 3191 1422 τοῖς
3212 1358 3562 1414 πιστεύουσιν
3581 1359 3813 1414 ἐλευθεο

2216 1450 2360 1522 ρίας,
2380 1451 2473 1503 καὶ
2490 1450 2765 1516 ἐλευθεροῖ
2783 1450 2907 1512 τοὺς
2940 1449 3308 1516 δουλεύοντας,
3340 1451 3399 1504 οὐ
3419 1450 3661 1505 δουλεύει
3710 1452 3815 1519 δη-

2213 1543 2409 1606 λονότι,
2431 1542 2565 1597 ἀλλὰ
2591 1542 2871 1611 δεσπόζει,
2888 1545 2982 1599 καὶ⁸
3007 1544 3344 1607 δεσποτικῶς
3360 1543 3460 1615 τὴν
3491 1543 3815 1614 ἐλευθερίαν

2213 1630 2294 1699 οἷς
2321 1635 2500 1688 ἐθέλει
2539 1636 2857 1705 χαρίζεται.
2897 1636 2989 1689 Διὸ
3025 1636 3120 1689 καὶ
3149 1638 3176 1689 6
3206 1636 3485 1706 μακάριος
3512 1638 3618 1706 ἔφη
3651 1636 3812 1689 Παῦ-

2214 1729 2304 1792 λος
2331 1731 2411 1783 ὅτι
2449 1746 2468 1780 ι
2506 1730 2691 1783 Ταῦτα
2723 1730 2899 1783 πάντα
2942 1731 3158 1801 ἐνεργεῖ
3208 1728 3268 1783 τὸ
3326 1729 3384 1782 ἓν
3417 1728 3512 1782 καὶ
3543 1730 3604 1781 τὸ
3666 1729 3813 1782 αὐτὸ

2220 1822 2464 1891 Πνεῦμα,
2505 1821 2755 1892 διαιροῦν
2804 1821 3020 1893 ἑκάστῳ
3080 1822 3208 1893 ίδίᾳ,
3239 1820 3421 1884 καθὼς
3460 1820 3737 1890 βούλεται.
3783 1839 3804 1872 ι

530 1918 1059 1983 cusansnFecistis,
1089 1918 1289 1989 inquit,
1320 1922 1631 1987 consilium,
1657 1925 1751 1976 sed
1781 1938 1886 1977 non
1919 1938 2116 1978 secun-

2228 1912 2323 1965 Διὸ
2340 1915 2434 1966 καὶ
2462 1914 2489 1965 6
2519 1914 2807 1984 προφήτης
2832 1914 2890 1965 ὲν
2920 1892 2999 1985 τῇγ
3024 1892 3239 1985 Παλαιᾷ
3260 1915 3359 1985 τὴν
3399 1914 3667 1979 ἐξουσίαν
3701 1917 3807 1968 αὺ-

530 2008 662 2064 dum
699 2024 802 2072 ine,
836 2008 1128 2072 etfmdera,
1167 2011 1261 2065 sed
1287 2027 1392 2065 non
1424 2027 1518 2082 per
1542 2011 1805 2083 Spiritum
1835 2030 2016 2068 meum
2063 2032 2114 2072 ε»,

532 2102 589 2157 in
619 2118 728 2173 quo
760 2105 971 2159 socium
997 2103 1208 2174 imperii
1234 2103 1495 2175 Spiritum
1520 2116 1768 2161 sanctum
1819 2123 1944 2162 esse
2018 2107 2117 2162 de-

530 2193 720 2247 clarat.
775 2193 842 2247 Et
904 2193 1014 2248 alio
1038 2193 1156 2248 loco
1187 2210 1203 2249 :
1237 2213 1255 2246 ι
1289 2193 1398 2248 Cur
1430 2211 1552 2265 ego,
1601 2196 1801 2265 inquit,
1832 2197 2117 2252 vobiscum
2160 2252 2177 2267 ,

531 2286 697 2342 sum?
726 2288 793 2340 Et
816 2286 1053 2355 Spiritus
1076 2304 1229 2342 meus
1270 2290 1516 2343 constitit
1551 2288 1605 2342 in
1641 2288 1820 2343 medio
1852 2289 2019 2344 vestri
2045 2290 2067 2342 ?
2093 2308 2112 2343 ι

532 2380 605 2434 At
627 2379 732 2435 Job
764 2380 1080 2436 eiIectorein
1107 2382 1286 2451 ipsum
1309 2389 1366 2437 et
1411 2384 1734 2451 principem,
1781 2398 1889 2438 non
1920 2393 2105 2439 autem

533 2472 869 2535 ministrum,
906 2481 1000 2526 aut
1049 2472 1254 2526 factum
1279 2473 1545 2528 credens:
1574 2492 1591 2525 ι
1633 2474 1889 2544 Spiritus,
1919 2475 2115 2544 inquit,

534 2564 754 2619 divinus
770 2564 896 2619 fecit
918 2575 1080 2631 tne,et
1108 2566 1266 2620 ﬂatus
1280 2564 1684 2636 Omnipotentis
1714 2567 1903 2623 edocet
1922 2568 2078 2622 me".
2093 2585 2113 2618 ι

534 2655 690 2722 Quod
735 2660 779 2714 si
848 2660 1141 2715 humanam
1206 2670 1457 2715 naturam
1494 2661 1791 2715 fabricatus
1830 2673 1932 2727 est,
1968 2676 2119 2716 eam-

531 2749 677 2815 dem,
710 2767 873 2819 quatn
906 2753 1066 2807 Pater
1087 2761 1143 2807 et
1176 2751 1366 2815 Filius,
1397 2752 1691 2806 essentiam
1716 2731 1725 2743 1
1752 2753 1933 2807 habet.
1981 2750 2117 2806 Nam

529 2858 653 2897 cum
687 2845 963 2901 hominem
986 2845 1194 2900 faceret
1223 2847 1400 2902 Deus:
1437 2846 1995 2916 (Faciamus,inquit,
2030 2846 2129 2900 bo-

528 2936 731 2992 minem
782 2937 849 2992 ad
880 2938 1168 3009 imaginem
1195 2947 1251 2993 et
1304 2939 1716 2993 similitudinem
1749 2949 1991 2993 nostram
2024 2939 2124 2994 ⁷³.»

532 3025 776 3093 Quorum
823 3040 1006 3086 autem
1050 3047 1157 3085 una
1212 3041 1297 3086 est
1354 3032 1551 3103 imago,
1619 3047 1811 3087 eorum
1871 3030 2127 3101 profecto

535 3134 645 3176 una
679 3133 765 3178 est
796 3124 959 3179 etiam
988 3128 1251 3182 essentia.

2216 2004 2311 2056 τοῦ
2336 2002 2622 2073 κηρύττων
2649 2002 2780 2056 ἐϐόα
2812 2020 2827 2036 ο
2863 2002 3098 2073 (Κύριος
3135 2004 3447 2057 ἀπέσταλκε
3485 2022 3575 2074 με,
3603 2007 3699 2059 καὶ
3744 2005 3808 2058 τὸ

2221 2096 2449 2165 Πνεῦμα
2495 2096 2683 2150 αὐτοῦ.
2716 2115 2734 2149 ι
2782 2096 2951 2151 Καὶό
2975 2096 3108 2160 Θεὸς
3163 2098 3277 2160 τοῖς
3319 2097 3599 2160 Ἰουδαίοις
3635 2101 3811 2168 ἐγκα-

2216 2188 2346 2257 λῶν,
2382 2208 2402 2241 ι
2437 2188 2777 2259 Ἑποιήσατε,
2808 2208 2826 2240 ι
2860 2189 3014 2260 φησι,
3048 2210 3065 2240 ι
3104 2188 3320 2259 βουλὴν,
3341 2192 3435 2243 καὶ
3464 2189 3612 2261 οὐίδι*
3643 2192 3807 2260 ἐμοῦ,

2222 2283 2316 2336 καὶ
2348 2283 2645 2349 συνθήκας,
2694 2282 2791 2335 καὶ
2842 2286 2905 2334 οὐ
2958 2282 3046 2335 διὰ
3106 2281 3202 2335 τοῦ
3255 2282 3576 2352 Πνεύματὸς
3613 2301 3741 2353 μου,
3784 2304 3803 2336 ι

2220 2376 2481 2429 κοινωνὸν
2505 2378 2607 2446 τῆς
2634 2374 2956 2438 δεσποτείας
2974 2374 3191 2438 δεικνὺς
3204 2376 3264 2427 τὸ
3294 2376 3520 2447 Πνεῦμα
3538 2378 3596 2428 τὸ
3622 2377 3809 2446 ἂγιονο

2219 2470 2315 2522 καὶ
2390 2466 2677 2538 ἑτέρωθεν·
2719 2485 2737 2519 ι
2783 2467 2929 2519 Διότι
2982 2466 3115 2534 ἐγὼ,
3155 2485 3174 2517 ι
3210 2467 3398 2539 φησὶν,
3444 2487 3461 2521 ι
3494 2469 3612 2539 εἰμὶ
3683 2469 3811 2539 μεθ’

2221 2559 2397 2631 ὑμῶν,
2419 2559 2599 2613 καὶτὸ
2630 2557 2855 2627 Πνεῦμα
2874 2576 2975 2629 μου
2998 2560 3303 2629 ἐφέστηκεν
3321 2561 3380 2613 ἐν
3396 2562 3545 2632 μέσῳ
3568 2562 3746 2633 ὑμῶν.
3788 2582 3808 2616 ι

2224 2650 2336 2704 Καὶ
2366 2652 2396 2703 ὁ
2467 2648 2589 2703 Ἰὼϐ
2635 2650 2717 2712 δὲ,
2770 2648 3108 2720 δημιουργὸν
3168 2651 3301 2703 αὐτὸ
3336 2649 3451 2712 καὶ»
3482 2651 3814 2705 δεσποτικὸν

2228 2741 2528 2807 πιστεύων,
2594 2741 2711 2795 ἀλλ’
2775 2742 2873 2813 οὐχ
2902 2742 3259 2813 ύπουργικὸν,
3297 2760 3317 2795 ι
3357 2743 3432 2796 Οὐ
3457 2742 3568 2813 γὰρ
3591 2745 3815 2814 ποίημα

2230 2839 2457 2910 Πνεῦμα
2502 2840 2664 2906 θεῖον,
2703 2858 2724 2892 ι
2766 2840 2927 2909 φησὶ,
2962 2858 2982 2891 ι
3020 2839 3080 2894 τὸ
3110 2840 3348 2909 ποιῆσαν
3400 2855 3492 2906 με,
3553 2839 3693 2907 πνοὴ
3753 2838 3818 2891 δὲ

2231 2931 2678 3002 Παντοκράτορος
2718 2932 2752 3002 ἠ
2787 2932 3120 2986 διδάσκουσα
3147 2948 3270 3001 με.»
3299 2932 3361 2984 Εἰ
3388 2930 3562 3000 δὲτὴν
3598 2929 3808 3000 ἀνθρω-

2230 3025 2393 3078 πείαν
2447 3024 2857 3095 ἐδημιούργησε
2886 3024 3072 3093 φύσιν,
3132 3026 3232 3096 τὴν
3266 3025 3439 3093 αὐτὴν
3467 3025 3654 3076 οὐσίαν
3691 3022 3817 3091 ἔχει

2230 3118 2410 3189 Πατρὶ
2456 3119 2549 3170 καὶ
2587 3118 2723 3188 Υἱῷ.
2764 3118 2855 3171 Ἐν
2915 3119 3024 3189 γὰρ
3054 3121 3119 3188 τῇ
3147 3117 3244 3171 τοῦ
3270 3116 3559 3188 ἀνθρώπου
3592 3117 3817 3184 ποιήσει

534 3214 717 3289 εἶπεν.
778 3224 807 3275 ὁ
870 3222 1026 3288 Θεὸς.
1067 3241 1087 3275 ί
1125 3226 1448 3297 Ποιήσωμεν
1505 3228 1796 3299 ἄνθρωπον
1839 3225 1965 3281 κατ’
2001 3221 2187 3276 εἰκόνα
2229 3219 2509 3291 ἡμετέραν
2543 3217 2640 3270 καὶ
2679 3216 2805 3272 καθ’
2836 3217 3119 3289 ὁμοίωσιν.
3152 3235 3172 3270 ι
3206 3209 3308 3269 Ὧν
3329 3216 3387 3269 δὲ
3417 3218 3451 3287 ἡ
3488 3215 3652 3268 είκὼν
3678 3214 3813 3285 μία,

530 3316 740 3373 τούτων
776 3319 1024 3388 δηλονότι
1054 3324 1151 3376 καὶ
1181 3323 1399 3393 ἡούσία
1426 3323 1546 3394 μία.

534 3432 668 3510 Item
696 3436 756 3510 de
775 3435 957 3497 Patre,
997 3446 1047 3491 et
1078 3436 1238 3501 Filio,
1278 3449 1325 3492 ct
1375 3439 1578 3510 Spiritu
1621 3449 1806 3494 sancto
1861 3440 2107 3493 distincta

2222 3430 2341 3510 Ἔίίι
2367 3429 2503 3497 περὶ
2530 3428 2763 3510 Πατρός
2806 3426 2916 3510 θεαί⁹
2962 3421 3099 3510 Υίοῇ
3142 3425 3234 3510 καὶ
3265 3425 3439 3510 (ιγ-[ορ
3468 3427 3819 3510 {Insigni/9c

570 3507 801 3560 simulet
848 3509 997 3561 unita
1054 3510 1352 3565 divinitatis
1404 3507 1560 3567 ratio.
1605 3510 1792 3566 Sancti
1838 3510 2085 3566 Maximi.

2295 3499 2718 3636 ῗὶαέῗκριμένη
2750 3499 2848 3552 καὶ
2884 3497 3163 3566 ἡνωμένη
3199 3499 3478 3566 θεολογία
3511 3497 3619 3550 τοῦ
3639 3497 3818 3565 ἁγίου

2351 3589 2389 3624 a
2452 3589 2595 3636 μου.

2351 3589 2595 3641 αςιμου.

606 3670 757 3726 linus
789 3671 953 3738 Deus,
986 3674 1151 3729 unius
1182 3673 1303 3729 Filii
1341 3676 1537 3730 Pater:
1565 3685 1619 3730 et
1667 3674 1907 3745 Spiritus
1959 3675 2116 3729 unius

2298 3660 2391 3729 Εἷς
2420 3664 2574 3729 Θεὸς,
2623 3662 2745 3726 ἐνὸς
2769 3660 2900 3715 Υίοῦ
2938 3661 3152 3733 Πατὴρ,
3208 3661 3301 3714 καὶ
3332 3660 3653 3729 Πνεύματος
3685 3660 3813 3723 ἐνὸς

533 3767 706 3823 sancti
742 3766 885 3831 fons,
920 3768 1102 3822 unitas
1134 3770 1359 3823 minime
1401 3769 1651 3834 confusa,
1680 3778 1732 3823 et
1758 3769 1987 3823 minime
2039 3769 2116 3823 di-

2225 3758 2385 3828 ἁγίου
2414 3757 2588 3826 πηγή.
2624 3754 2811 3819 Μονὰς
2855 3754 3187 3822 ἀσύγχυτος,
3240 3754 3335 3806 καὶ
3367 3753 3536 3824 Τριὰς
3562 3752 3811 3821 ἀδιαίρε-

533 3860 647 3916 visa
687 3859 944 3916 Trinitas.
984 3859 1133 3915 Mens
1165 3861 1285 3916 sine
1326 3863 1615 3933 principio,
1645 3862 1815 3917 solius
1831 3861 1980 3917 solus
2024 3876 2116 3932 per

2222 3867 2332 3915 νος.
2364 3850 2509 3913 Νοῦς
2532 3849 2791 3918 ἄναρχος,
2827 3846 3001 3917 μόνου
3035 3846 3219 3917 μόνος.
3247 3844 3807 3913 οὐσιωδῶς,ἀνάρχου

532 3953 825 4009 essentiam
870 3953 1029 4009 Verbi
1065 3954 1339 4025 principio
1366 3955 1604 4010 carentis
1637 3955 1887 4013 Genitor.
1938 3956 2004 4011 Et
2034 3969 2116 4011 so-

2226 3943 2405 4012 Δόγου
2435 3940 2742 4011 γεννήτωρ,
2774 3942 2871 3993 κα)⁵
2901 3939 3073 4010 μόνης
3104 3937 3279 3991 ἀϊδίου
3306 3936 3452 4007 ζωῆς
3480 3935 3809 4008 Πνεύματος

537 4046 645 4102 lius
670 4058 889 4102 interna:
911 4046 1033 4102 vitae
1094 4048 1336 4118 Spiritus
1372 4050 1548 4105 sancti
1600 4048 1743 4105 fons.

2226 4035 2384 4105 ἁγίου
2424 4033 2602 4104 πηγή.

1208 4142 1487 4211 Ejusdem.

612 4231 765 4289 Unus
797 4233 961 4301 Deus,
991 4237 1251 4306 quoniam
1290 4251 1397 4289 una
1459 4235 1721 4291 divinitas
1787 4237 2042 4308 simplex,
2068 4247 2125 4293 et

2834 4144 2952 4199 Τοῦ
2995 4145 3205 4201 αὑτοῦ.

2299 4238 2397 4307 Εἷς
2427 4241 2581 4305 Θεὸς,
2614 4241 2697 4293 ὅτι
2729 4240 2827 4309 μία
2863 4238 3056 4305 θεότης
3087 4237 3345 4307 ἄναρχος,
3377 4236 3476 4290 καὶ
3513 4237 3681 4307 ἁπλῆ,
3714 4238 3813 4293 καὶ

535 4322 657 4379 sine
696 4326 986 4396 principio,
1027 4338 1082 4383 ct
1112 4328 1421 4399 partitionis
1479 4337 1534 4383 et
1569 4328 1858 4386 divisionis
1904 4342 2116 4401 expers.

2227 4335 2577 4407 ὑπερούσιος,
2610 4333 2707 4387 καὶ
2733 4330 2969 4402 ἀμερὴς,
3027 4332 3124 4384 καὶ
3165 4329 3494 4396 ἀδιαίρετος.
3566 4331 3629 4382 Ἡ
3676 4331 3815 4401 αὐτῆ

538 4415 604 4471 Et
637 4427 748 4474 tota
779 4418 1020 4474 Trinitas
1048 4422 1460 4487 eadem,unitas
1478 4432 1587 4477 tota
1607 4425 1903 4479 secundum
1934 4440 2116 4481 essen-

2231 4427 2397 4499 μονὰς
2450 4427 2545 4480 καὶ
2594 4425 2786 4497 Τριάς.
2859 4424 2996 4493 Ὀλη
3055 4421 3224 4492 μονὰς
3254 4423 3288 4493 ἡ
3344 4422 3482 4491 αὑτὴ
3512 4463 3526 4488 ,
3571 4425 3664 4475 καὶ
3698 4423 3795 4492 ὅλη

534 4506 664 4563 tiam
694 4507 905 4564 eadem.
964 4509 1030 4564 Et
1084 4510 1327 4567 Trinitas
1356 4520 1465 4566 tota
1515 4512 1815 4568 secundum
1860 4529 2116 4584 personas

2230 4523 2459 4593 Τριάςή
2492 4520 2652 4591 αὐτή.
2690 4518 2879 4581 Μονὰς
2918 4516 3014 4587 ὅλη
3067 4516 3209 4569 κατὰ
3236 4517 3334 4586 τὴν
3370 4512 3615 4585 οὐσίανὴ
3649 4516 3813 4584 αὑτὴ,

534 4598 749 4656 eadem.
790 4602 969 4667 Pater,
1008 4611 1065 4658 et
1095 4603 1285 4665 Filius.
1339 4613 1394 4659 et
1443 4602 1686 4675 Spiritus
1734 4616 1959 4661 sanctus
2005 4607 2116 4676 ipsa

2226 4614 2323 4667 καὶ
2390 4612 2563 4684 Τριὰς
2620 4611 2718 4679 ὅλη
2796 4608 2937 4664 κατὰ
3004 4608 3104 4672 τὰς
3161 4608 3488 4671 ὑποστάσεις
3549 4610 3584 4678 ἡ
3651 4608 3812 4678 αὐτή.

536 4690 800 4747 Divinitas
826 4704 931 4748 est.
960 4694 1026 4748 Et
1051 4694 1105 4748 in
1141 4693 1319 4759 Patre,
1342 4704 1398 4750 et
1424 4694 1584 4759 Filio,
1610 4706 1665 4751 et
1687 4696 1893 4767 Spiritu
1933 4707 2116 4754 sancte

2228 4708 2443 4777 Πατὴρ,
2498 4708 2594 4759 καὶ
2657 4705 2807 4770 Υἱὸς,
2880 4704 2975 4755 καὶ
3021 4702 3177 4771 ἅγιον
3226 4700 3452 4771 Πνεῦμα
3505 4702 3537 4769 ἡ
3597 4700 3814 4769 θεότης.

537 4790 623 4837 est
651 4783 767 4853 ipsa
791 4783 1082 4841 Divinitas.
1121 4785 1257 4840 Tota
1307 4786 1360 4840 in
1398 4796 1512 4841 toto
1543 4787 1703 4843 Patre
1758 4789 1873 4859 ipsa
1900 4800 2016 4856 est;
2066 4799 2116 4847 et

2228 4801 2338 4853 Καὶ
2373 4773 2449 4851 ἐν
2505 4797 2707 4867 Πατρὶ,
2749 4797 2844 4849 καὶ
2894 4793 3030 4865 Υἱῷ,
3076 4795 3171 4848 καὶ
3236 4794 3379 4862 ἁγίῳ
3436 4792 3717 4861 Πηλεύματι
3778 4793 3813 4862 ἡ

536 4881 687 4930 totus
724 4873 774 4927 in
808 4876 925 4943 ipsa
967 4885 1077 4930 tota
1112 4875 1273 4932 Pater
1295 4886 1401 4933 est.
1442 4876 1507 4931 Et
1572 4886 1683 4933 tota
1734 4879 1788 4933 in
1814 4890 1928 4936 toto
1985 4881 2116 4938 Filio

2225 4892 2437 4963 θεότης.
2482 4890 2620 4960 Ὀλη
2652 4890 2710 4942 ἐν
2763 4889 2869 4956 δλῳ
2900 4887 2978 4957 τῷ
3044 4884 3221 4956 Πατρὶ
3262 4886 3491 4956 ὴαὺτὴ,
3547 4886 3645 4937 καὶ
3692 4884 3813 4947 ὅλος

534 4975 617 5021 est
647 4966 761 5036 ipsa
790 4983 805 5033 ;
837 4976 891 5021 et
924 4975 1070 5024 totus
1106 4967 1159 5021 in
1190 4968 1309 5038 ipsa
1342 4978 1455 5024 tota
1490 4970 1660 5026 Filius
1716 4982 1822 5028 est.
1885 4972 1953 5030 Et
2008 4984 2123 5030 tota

535 5060 591 5113 in
628 5067 740 5114 toto
768 5060 977 5130 Spiritu
1009 5073 1196 5118 sancto
1245 5072 1330 5118 est
1361 5064 1496 5134 ipsa.
1548 5064 1615 5120 Et
1675 5075 1825 5122 totus
1887 5069 1942 5123 in
2005 5070 2122 5138 ipsa

541 5160 652 5207 tota
687 5163 771 5208 est
813 5153 1051 5225 Spiritus
1074 5165 1320 5211 sanctus.
1345 5154 1464 5212 Non
1500 5159 1644 5213 enim
1671 5176 1737 5215 ex
1774 5142 1937 5232 parte
1975 5162 2119 5217 Divi-

539 5247 685 5301 nitas
713 5247 873 5300 estin
900 5245 1081 5313 Patre,
1120 5264 1224 5303 nec
1250 5248 1416 5319 Pater
1466 5267 1531 5305 ex
1586 5262 1739 5321 parte
1802 5253 1947 5309 Deus
2005 5263 2112 5309 est.

419 5332 430 5342 ’
536 5338 723 5409 Neque
754 5356 817 5395 ex
851 5356 1004 5411 parte
1036 5341 1090 5396 in
1116 5342 1256 5397 Filio
1310 5342 1575 5399 Divinitas
1609 5354 1727 5411 est;
1792 5362 1897 5402 nec
1948 5346 2116 5403 Filius

537 5446 604 5483 ex
638 5443 788 5500 parte
810 5432 951 5489 Deus
981 5442 1083 5489 est.
1109 5432 1298 5504 Neque
1319 5451 1386 5491 ex
1409 5446 1560 5507 parte
1589 5439 1642 5492 in
1675 5438 1882 5510 Spiritu
1927 5450 2119 5497 sancto

539 5523 807 5580 Divinitas
839 5534 957 5592 est;
992 5541 1096 5582 nec
1142 5527 1381 5599 Spiritus
1410 5541 1634 5587 sanctus
1664 5546 1733 5587 ex
1780 5543 1936 5604 parte
1962 5534 2107 5589 Deus

536 5621 642 5669 est.
665 5612 800 5668 Nam
821 5631 999 5687 neque
1018 5617 1281 5676 Divinitas
1309 5622 1481 5676 secari
1513 5632 1726 5694 potest;
1760 5638 1939 5694 neque
1959 5623 2119 5678 Pater

536 5716 630 5761 aut
664 5707 859 5778 Filius,
893 5719 988 5766 aut
1029 5711 1269 5783 Spiritus
1303 5723 1527 5771 sanctus
1577 5717 1720 5772 Deus
1772 5728 1858 5773 est
1915 5717 2121 5788 imper-

2223 4986 2281 5037 ἐν
2339 4984 2438 5056 ὅλῃ
2488 4985 2555 5055 τῇ
2611 4982 2749 5051 αὐτῇ
2798 4980 2827 5032 6
2878 4978 3092 5049 Πατήρ.
3149 4976 3259 5029 Καὶ
3305 4976 3402 5045 ὅλη
3462 4978 3520 5029 ἐν
3564 4974 3671 5043 ὅλῳ
3736 4974 3815 5044 τῷ

2222 5076 2383 5146 rupi;
2404 5075 2565 5144 αὐτή.
2584 5073 2693 5127 Καὶ
2710 5072 2827 5134 ὅλος
2852 5070 2911 5122 ἐν
2929 5070 3024 5137 ὅλη
3045 5070 3111 5139 τῇ
3137 5067 3274 5136 αὐτῇ
3300 5068 3327 5119 6
3348 5067 3495 5129 Υἱός.
3517 5068 3623 5120 Καὶ
3640 5068 3736 5136 ὅλη
3758 5068 3815 5118 ἐν

2228 5171 2336 5240 ὅλῳ
2361 5168 2439 5238 τῷ
2467 5166 2753 5236 Πνεύματι
2777 5165 2854 5233 τῷ
2884 5161 3027 5231 ἁγίῳ
3060 5163 3093 5231 ἡ
3124 5160 3285 5229 αὐτὴ,
3311 5160 3403 5214 καὶ
3430 5159 3552 5213 ὅλον
3578 5161 3637 5211 ἐν
3670 5160 3810 5229 αὐτῇ

2225 5263 2321 5331 ὅλῃ
2346 5261 2405 5314 τὸ
2433 5256 2659 5328 Πνεῦμα
2692 5257 2752 5310 τὸ
2786 5255 2959 5324 ἅγιον.
2980 5253 3056 5307 Οὐ
3089 5253 3199 5323 γὰρ
3229 5254 3293 5305 ἐκ
3326 5252 3526 5322 μέρους
3554 5253 3587 5321 ἡ
3611 5252 3808 5321 θεά-της

2228 5356 2287 5408 ἐν
2327 5353 2403 5423 τῷ
2464 5352 2663 5422 Πατρὶ,
2694 5349 2727 5421 ἢ
2761 5353 2824 5402 ἐκ
2862 5348 3063 5419 μέρους
3122 5345 3255 5409 Θεὸς
3320 5348 3349 5398 6
3406 5346 3618 5414 Πατήρ·
3672 5344 3798 5397 οὔτε

2223 5448 2286 5499 ἐκ
2319 5444 2524 5514 μέρους
2555 5446 2612 5495 ὲν
2645 5441 2723 5512 τῷ
2751 5440 2864 5510 Υίῷ
2896 5441 2928 5511 ὴ
2956 5438 3175 5505 θεότης,
3217 5437 3249 5508 ἢ
3316 5438 3381 5489 ἐκ
3421 5435 3621 5507 μέρους
3667 5436 3801 5498 Θεὸς

2226 5536 2254 5588 6
2282 5534 2410 5596 Υἱός
2435 5549 2448 5561 ·
2478 5532 2603 5585 οὔτε
2630 5533 2693 5583 ἐκ
2727 5530 2928 5600 μέρους
2963 5530 3021 5580 ἐν
3039 5528 3116 5598 τῷ
3138 5528 3280 5598 ἁγίῳ
3319 5528 3599 5595 Πνεύματι
3626 5528 3658 5597 ἡ
3686 5526 3806 5579 θεό-

2225 5624 2407 5695 της,ἦ
2458 5625 2521 5677 ἐκ
2561 5621 2760 5693 μέρους
2797 5620 2929 5683 Θεὸς
2979 5619 3040 5673 τὸ
3066 5619 3294 5689 Πνεῦμα
3341 5618 3402 5671 τὸ
3430 5617 3607 5685 ἅγιον.
3662 5614 3804 5669 Οῦτε

2231 5719 2339 5789 γὰρ
2377 5714 2609 5786 μεριστὴ
2645 5715 2679 5784 ή
2727 5714 2938 5782 θεότης,
3001 5710 3127 5765 οὕτε
3158 5711 3355 5781 ἀτελὴς
3389 5712 3519 5774 Θεὸς
3551 5711 3579 5761 6
3609 5709 3802 5781 Πατὴρ

607 5822 652 5854 ⁸⁷
688 5823 844 5903 Rom.
869 5842 1003 5903 Vllt._
1034 5827 1120 5883 15.
1210 5828 1445 5903 “ilium.
1478 5849 1593 5902 vm,
1627 5832 1682 5889 2.
1760 5834 1804 5868 ⁸⁸
1841 5831 1882 5889 ll
1912 5832 2035 5891 Cor.
2071 5850 2108 5890 ιι

2225 5836 2276 5890 7.
2353 5835 2399 5867 ⁷ο
2442 5832 2606 5890 lCor.
2638 5848 2734 5898 xu,
2768 5830 2853 5885 ll.
2956 5830 2996 5861 "'
3032 5831 3143 5886 lsa.
3204 5844 3393 5897 xum,
3442 5826 3522 5883 16.
3599 5829 3644 5861 τ’
3679 5826 3811 5886 Job.

538 5909 729 5964 χχχιιι,
761 5895 817 5952 4.
895 5898 939 5931 ⁷³
965 5899 1105 5956 Gen.
1144 5915 1184 5969 ι,
1209 5899 1300 5957 26.
