4048 6570
237 399 314 459 9Ἱ
474 412 481 415 ’
1225 398 1318 460 PA
1327 397 1608 461 NOPLIA
1646 395 1847 461 DOGM

1948 395 2088 457 ‘ICA
2154 396 2539 460 —'m.n.
3262 484 3265 487 γ
3440 384 3528 454 98‘

241 512 282 582 ἢ
309 512 339 564 ὁ
370 509 499 573 Υί“ς
547 507 581 580 ἢ
613 504 672 562 τὸ
698 502 923 578 Πνεῦμα
949 505 1011 561 τὸ
1038 504 1341 575 ἆγιον,άλλ⁹
1366 507 1625 578 ὃληνὲστὶν
1648 507 1683 579 ἡ
1709 504 1847 578 αὑτὴ

1950 503 2145 561 fectus.
2182 505 2289 560 Sed
2345 514 2455 560 tota
2490 515 2575 561 est
2631 503 2770 578 ipsa,
2805 504 2874 562 'et
2933 505 3195 577 perlecta,
3246 505 3511 579 perfecte,

242 601 434 655 τελεία
464 600 687 663 τελείως
709 599 768 652 ὲν
797 599 991 668 τελείῳ
1021 598 1100 669 τῷ
1126 598 1321 670 Πατρὶ,
1382 602 1478 652 καὶ
1510 596 1609 668 ὅλη
1643 596 1829 651 τελεία

247 694 478 756 τελείως
510 692 567 744 ὲν
608 690 800 762 τελείῳ
828 690 904 761 τῷ
937 690 1050 762 Υίῷ
1105 692 1138 760 ἡ
1168 691 1330 762 αὑτὴ,
1365 692 1463 744 καὶ
1514 690 1609 758 ὅλη
1644 687 1829 743 τελεία

240 785 472 848 τελείως
514 786 547 853 ἡ
572 783 712 853 αὑτὴ
742 786 799 835 ἐν
826 782 1015 852 τελείῳ
1037 782 1114 853 τῷ
1144 784 1287 854 άγίῳ
1328 783 1627 852 Πνεύματι.
1660 780 1824 844 Ὀλος

245 877 364 949 γὰρ
398 877 457 929 ὲν
482 876 591 947 ὅλῳ
618 874 694 946 τῷ
728 874 843 946 Υίῴ
873 875 968 928 καὶ
1006 874 1083 944 τῷ
1115 875 1400 946 Πνεὺματι
1427 873 1653 936 τελείως
1678 873 1826 927 ἐστὶν

244 972 278 1023 δ
308 971 505 1039 Πατήρ
534 986 548 999 ·
588 972 681 1022 καὶ
726 969 847 1031 ὅλος
880 971 938 1022 ὲν
959 969 1067 1039 ὅλῳ
1104 968 1179 1039 τῷ
1206 968 1381 1038 Πατρὶ
1407 967 1501 1021 καὶ
1544 966 1626 1036 τῷ
1662 967 1831 1018 Πνευ-

249 1080 391 1133 ματι
421 1062 642 1125 τελείως
673 1062 820 1114 ἐστὶν
848 1062 877 1114 δ
904 1062 1051 1125 Υἱός.
1079 1061 1190 1114 Καὶ
1207 1060 1329 1114 ὅλον
1352 1060 1533 1129 ὲνὸλῳ
1555 1057 1634 1128 τῷ
1655 1057 1833 1127 Ila-:91

251 1156 352 1208 καὶ
384 1153 465 1222 τῷ
500 1152 618 1222 Υίῷ
648 1154 873 1216 τελείως
903 1154 1019 1205 ἐστὶ
1049 1152 1107 1205 τὸ
1148 1152 1373 1222 Πνεῦμα
1415 1152 1476 1203 τὸ
1505 1150 1682 1219 άγιον.
1716 1150 1833 1203 Μία

248 1245 363 1314 γάρ
390 1245 551 1314 καὶὴ
609 1242 748 1313 αὑτὴ
798 1242 956 1295 οὐσία
997 1243 1091 1296 καὶ
1134 1242 1362 1312 δύναμις
1415 1241 1510 1295 καὶ
1577 1239 1831 1309 ἐνέργεια

247 1339 494 1406 Πατρὶς,
524 1337 618 1388 καὶ
656 1334 811 1400 Υίοῦ,
855 1337 949 1388 καί¹
971 1336 1129 1403 άγίου
1165 1334 1514 1405 Πνεὺματος,
1544 1333 1647 1387 οὑκ
1678 1332 1830 1396 ὄντος

243 1430 463 1489 οὐδενὸς
493 1426 583 1479 τοῦ
621 1426 807 1498 ἐτέρου
836 1429 1027 1497 χωρὶς,
1053 1427 1421 1496 ἢνοουμένου.

861 1541 974 1595 Τοῦ
1021 1540 1235 1595 αὐτοῦ.

323 1636 429 1689 Ἕν
457 1638 576 1690 ἐστι
612 1637 675 1690 τὸ
708 1634 951 1705 ὑπάρχον
985 1635 1080 1687 καὶ
1131 1632 1464 1704 ὑπερούσιον
1508 1630 1739 1699 ἀγαθὸν,
1800 1632 1835 1703 ἡ

1934 600 1991 654 in
2025 600 2270 670 perfecto
2304 600 2482 653 Patre.
2515 599 2583 652 Et
2635 609 2744 654 tota
2779 609 2863 654 est
2921 600 3060 670 ipsa,
3117 608 3173 655 et
3234 600 3500 671 perfecta,

1931 691 2192 761 perfecte,
2254 690 2496 762 perfecto
2539 692 2593 747 in
2640 691 2826 758 Filio;
2862 700 2918 746 et
2975 701 3083 746 tota
3134 692 3508 763 perfectaque,

1933 791 1988 837 et
2021 781 2282 851 perfecte,
2325 791 2411 838 est
2454 783 2568 852 ipsa
2630 784 2874 853 perfecto
2930 783 2981 836 in
3044 782 3257 853 Spiritu
3299 794 3513 840 sancto.

1932 872 2063 927 Nam
2095 882 2239 929 totus
2272 874 2327 928 in
2360 882 2471 930 toto
2502 873 2662 939 Filio,
2693 884 2747 929 et
2785 874 2989 943 Spiritu
3022 885 3213 929 sancto
3268 874 3515 946 perfecte

1934 973 2015 1018 est
2040 965 2217 1022 Pater.
2255 967 2322 1021 Et
2365 976 2510 1023 totus
2532 969 2587 1021 in
2624 976 2739 1021 ιοιο
2776 966 2952 1029 Patre,
2982 974 3038 1019 et
3056 964 3267 1035 Spiritu
3324 976 3517 1023 sancto

1935 1059 2179 1128 perfecte
2244 1071 2331 1116 est
2392 1061 2584 1115 Filius.
2637 1060 2702 1115 Et
2758 1069 2903 1114 totus
2964 1059 3019 1113 in
3066 1070 3181 1115 toto
3216 1059 3396 1125 Patre,
3454 1069 3512 1116 et

1938 1150 2076 1207 Filio
2138 1153 2379 1223 perfecte
2432 1161 2515 1209 est
2580 1153 2815 1223 Spiritus
2868 1161 3109 1207 sanctus.
3170 1150 3520 1224 Quandoqui-

1938 1244 2060 1301 dem
2097 1262 2205 1301 una
2234 1248 2534 1317 eademque
2565 1246 2825 1309 essentia,
2856 1254 2909 1299 et
2959 1246 3226 1314 potentia,
3275 1255 3328 1299 et
3373 1246 3517 1301 actio

1940 1347 2024 1394 est
2053 1340 2232 1403 Pater,
2271 1348 2325 1393 et
2349 1337 2536 1405 Filius,
2555 1350 2610 1392 et
2632 1338 2869 1408 Spiritus
2891 1343 3130 1401 sanctus,
3157 1350 3280 1389 cum
3337 1337 3522 1392 nullus

1935 1448 2123 1489 eorum
2163 1431 2232 1486 ab
2259 1430 2433 1487 altero
2481 1441 2764 1500 separatus
2794 1438 2887 1483 aut
2945 1428 3039 1494 sit,
3080 1437 3175 1482 aut
3228 1428 3517 1500 cogitetur.

2554 1588 2557 1591 λ
2597 1546 2878 1601 Eiusdem.

2554 1588 2557 1591 λ
2597 1564 2878 1615 ιιμιεαειη.

2010 1640 2192 1697 Unum
2244 1647 2352 1705 est,
2380 1639 2527 1709 quod
2578 1639 2909 1709 principium
2939 1637 3309 1693 etessentiam
3358 1650 3525 1692 exsu-

250 1728 390 1796 άγία
436 1728 867 1797 τρισυπόστατος
895 1724 1087 1796 μονὰς,
1123 1724 1337 1795 Πατὴρ,
1390 1726 1485 1777 καὶ
1526 1724 1677 1788 Υἱὸς,
1738 1722 1836 1776 καὶ

1948 1744 2118 1808 perat,
2142 1735 2370 1798 bonum,
2420 1739 2609 1787 sancta
2661 1732 2825 1787 trium
2882 1746 3244 1802 personarum
3312 1727 3518 1794 unitas,

253 1819 417 1888 ἅγιον
474 1818 725 1890 Πνεῦμα·
784 1817 949 1889 τριῶν
979 1816 1228 1886 ἀπείρων
1256 1817 1486 1886 ἄπειρος
1557 1813 1835 1885 συμφυτα,

1948 1830 2133 1893 Pater,
2168 1828 2367 1894 Filius,
2394 1834 2450 1883 et
2497 1825 2742 1895 Spiritus
2796 1833 3041 1880 sanctus.
3089 1822 3279 1877 Trium
3344 1821 3527 1877 infini-

250 1911 348 1966 τόν
388 1928 449 1964 τε
507 1909 601 1962 τοῦ
660 1906 822 1975 εἶναι,
872 1911 968 1963 καὶ¹
1018 1909 1158 1976 πῶς,
1198 1908 1292 1962 καὶ
1327 1907 1399 1973 τί,
1442 1908 1537 1960 καὶ
1572 1908 1665 1960 ποῖ
1699 1901 1840 1959 εἶναι

1948 1927 2125 1975 torum
2166 1917 2375 1973 inﬁnita
2394 1917 2732 1985 conjunctio,
2778 1930 2900 1986 quae
2941 1915 3216 1987 quomodo
3277 1914 3366 1979 sit,
3431 1923 3528 1968 aut

251 2003 416 2071 λόγον
469 2005 706 2076 πάμπαν
765 2004 879 2065 τοῖς
943 1996 1095 2055 οὖσιν
1148 1999 1351 2055 ἄϐατον
1393 1999 1613 2070 ἔχουσα.
1653 2000 1843 2052 Πᾶσαν

1948 2012 2076 2083 quid
2101 2012 2196 2077 sit,
2221 2020 2314 2065 aut
2346 2010 2522 2081 qualis
2580 2009 2671 2075 sit,
2726 2009 2877 2063 nulla
2926 2024 3156 2080 prorsus
3194 2023 3281 2063 res
3338 2016 3526 2063 creata

263 2098 377 2166 γάρ
407 2096 696 2164 διαφεὺγει
729 2095 916 2164 νόησιν
942 2093 1052 2147 τῶν
1078 2092 1362 2156 νοοὺντων,
1386 2092 1483 2163 τῆς
1518 2090 1661 2145 κατά
1680 2091 1843 2161 φύσιν

1948 2112 2127 2174 potest
2158 2103 2460 2173 percipere.
2495 2100 2732 2158 Omnem
2762 2104 2908 2158 enim
2944 2102 3365 2174 intelligentium
3400 2102 3525 2157 vin-

259 2189 519 2260 οὐδαμῶς
576 2191 815 2259 κρυφίας
871 2186 1150 2257 ὲνδότητος
1214 2184 1456 2250 ἐξιοῦσα,
1514 2184 1608 2238 καὶ
1662 2184 1844 2256 πάσης

1948 2196 2021 2252 cit
2074 2197 2516 2267 intelligentiam,
2566 2206 2622 2252 et
2691 2212 2721 2252 a
2782 2197 3061 2251 recondita
3110 2205 3272 2266 atque
3335 2188 3526 2250 intima

254 2279 453 2332 πασῶν
502 2279 761 2347 γνὼσεων
792 2278 1037 2347 ἀπείρως
1087 2277 1535 2348 ὑπερεκτείνεται
1564 2275 1842 2346 γνώσεως.

885 2478 998 2532 Τοῦ
1040 2476 1247 2533 αὐτοῦ.

326 2575 479 2630 Μίαν
534 2575 736 2628 εἰδέναι
795 2574 902 2646 χρὴ
927 2573 1181 2644 θεότητος
1240 2570 1404 2643 φύσιν
1448 2573 1544 2627 καὶ
1594 2573 1845 2645 δύναμιν·

263 2669 439 2741 ἤγουν
483 2670 582 2723 ἓνα
637 2667 791 2731 Θεδν,
844 2669 900 2720 ὲν
956 2664 1152 2736 Πατρὶ,
1215 2668 1309 2719 καὶ
1363 2665 1498 2739 Υίῷ,
1562 2668 1656 2721 καὶ
1705 2668 1849 2739 άγίῳ

260 2759 544 2830 Πνεύματι
582 2759 975 2831 θεωρούμενον·
1010 2753 1095 2811 οἷα
1126 2756 1189 2829 δὴ
1230 2759 1390 2829 μόνον
1428 2760 1676 2815 ἀναίτιον
1724 2763 1849 2816 νοῦν

258 2854 541 2917 οὑσιωδῶς
575 2854 882 2923 ὑφεστῶτα·
916 2855 1078 2924 μόνου
1113 2857 1234 2909 κατ’
1282 2854 1472 2908 οὐσίαν
1537 2855 1849 2923 ὑφεστῶτος

260 2949 507 3019 άνάρχου
566 2948 739 3016 Λόγου
803 2950 1124 3019 γεννήτορά·
1171 2951 1263 3001 καὶ
1288 2948 1457 3019 μόνης
1490 2947 1664 3001 αίδίου
1705 2947 1852 3019 ζωῆς

258 3039 540 3099 οὑσιωδῶς
592 3037 911 3109 ὑφεστώσης
972 3037 1291 3107 Πνεύματος
1354 3038 1515 3107 ἁγίου
1552 3040 1759 3110 πηγήν
1792 3040 1850 3092 ἐν

264 3131 464 3203 μονάδι
513 3128 745 3200 Τριάδα,
807 3132 902 3183 καὶ
959 3131 1016 3183 ὲν
1047 3131 1242 3201 Τριάδι
1286 3131 1514 3201 μονάδα·
1548 3132 1647 3183 οὑκ
1680 3133 1849 3202 ἄλλην

261 3198 321 3276 δν
353 3223 516 3295 άλλη.
660 3224 768 3295 γάρ
791 3223 864 3287 ὼς
897 3225 957 3276 ἐν
980 3198 1141 3295 οὐσίᾳ
1168 3225 1234 3295 τῇ
1274 3198 1462 3295 μονάδι
1494 3198 1847 3292 συμῦεσηκδς
1878 3198 1923 3262 C

262 3319 413 3371 ἔστιν
439 3322 470 3389 η
507 3318 704 3386 Τριὰς,
733 3318 766 3386 ἢ
789 3322 849 3371 τὸ
876 3316 1114 3387 ἔμπαλιν
1142 3320 1198 3371 ὲν
1228 3316 1419 3389 Τριάδι
1444 3317 1634 3384 μονάς⁵
1660 3317 1850 3380 ἄποιος

260 3413 395 3483 γάρ’
456 3411 566 3465 οὐδ’
596 3411 670 3474 ὡς
714 3410 881 3480 ἄλλην
938 3413 1032 3464 καί⁵
1066 3410 1258 3482 ἄλλην.
1294 3411 1369 3463 Οὐ
1418 3410 1526 3481 γάρ
1565 3410 1850 3481 ἑτερότητι

265 3505 489 3575 φύσεως
519 3504 619 3574 τῆς
651 3503 868 3575 τριάδος
908 3505 940 3574 ή
986 3504 1156 3575 μονὰς
1192 3504 1497 3574 διενήνοχεν
1526 3519 1541 3534 ·
1600 3502 1746 3571 ἁπλῆ
1788 3518 1849 3555 τι

264 3602 364 3653 καὶ
411 3598 511 3669 μία
577 3597 737 3666 φύσις
794 3597 1179 3667 τυγχάνουσιν⁸
1231 3596 1343 3650 οὐδ’
1405 3599 1480 3659 ὡς
1503 3594 1672 3666 ἄλλην
1706 3594 1841 3667 παρ’

268 3692 464 3761 ἄλλην.
491 3691 566 3744 Οὐ
600 3690 710 3762 γάρ
768 3691 955 3761 ὑφέσει
1007 3692 1291 3761 δυνάμεως
1348 3689 1695 3760 διακέκριται
1750 3689 1851 3760 τῆς

271 3784 504 3856 μονάδος
538 3784 783 3854 ηΤριάς,
820 3783 852 3853 ἦ
880 3783 1238 3861 τῆςΟΤριάδος
1272 3784 1305 3855 ἡ
1340 3770 1531 3853 μονάς,
1563 3783 1595 3854 ἢ
1624 3782 1697 3845 ὡς
1732 3798 1850 3835 κοι-

265 3882 361 3930 νόν
406 3894 458 3929 τι
522 3876 620 3929 καὶ
670 3875 905 3943 γενικὸν,
955 3877 1046 3930 καὶ
1111 3874 1327 3946 ἐπινοίᾳ
1380 3875 1518 3949 μόνῃ
1572 3872 1852 3945 Θεωρητδν

268 3970 383 4023 τῶν
415 3969 509 4022 ὑπ’
546 3966 680 4021 αὐτὸ
749 3966 991 4037 μερικῶν
1058 3967 1441 4038 παρήλλακται
1504 3967 1603 4038 τῆς
1632 3966 1851 4037 τριάδος

270 4066 306 4133 ὴ
371 4061 564 4133 μονάς,
624 4060 781 4112 οὑσία
833 4060 1041 4129 κυρίως
1098 4057 1481 4129 αὑθύπαρκτος
1542 4056 1700 4123 οὖσα,
1755 4059 1854 4111 καὶ

264 4156 501 4225 δύναμις
528 4153 697 4216 ὅντως
734 4152 1085 4223 αὑτοσθενής·
1114 4150 1224 4205 οὐδ’
1248 4150 1324 4215 ὡς
1354 4151 1422 4204 δι’
1469 4151 1635 4221 ἄλλης
1662 4151 1853 4223 ἄλληνο

267 4249 336 4303 οὑ
371 4250 481 4320 γὰρ
508 4246 855 4318 μεσιτεὺεται
877 4245 1060 4316 σχέσει
1076 4244 1137 4297 τὸ
1165 4244 1364 4296 ταυτὸν
1382 4244 1560 4315 πάντη
1580 4244 1672 4296 καὶ
1693 4243 1851 4314 ἄσχε-

269 4359 387 4407 τον,
440 4341 517 4403 ὠς
570 4341 708 4411 πρὸς
765 4338 938 4393 αἴτιον
998 4337 1240 4390 αἰτιατόν
1275 4353 1291 4369 ·
1331 4336 1446 4390 οὐδ’
1473 4336 1546 4400 ὡς
1592 4336 1648 4404 ἐξ
1684 4336 1854 4407 ἄλλης

1947 2298 2143 2344 natura
2177 2305 2275 2344 sua
2306 2306 2416 2344 non
2450 2291 2764 2361 egrediens,
2792 2305 3013 2344 omnem
3044 2290 3288 2345 omnium
3337 2287 3525 2357 cogni-

1950 2384 2163 2440 tionum
2196 2383 2447 2438 notitiam
2471 2391 2718 2454 superat.

2596 2499 2872 2570 Ejusdem.

2020 2578 2196 2647 Unam
2234 2608 2396 2648 nosse
2424 2600 2641 2662 Oportet
2675 2591 2984 2647 Divinitatis
3030 2600 3275 2646 naturam
3312 2602 3366 2647 et
3392 2592 3527 2655 vim.

1950 2700 2149 2757 nempe
2183 2686 2353 2741 Deum
2387 2703 2581 2750 unutn,
2615 2688 2704 2755 qui
2730 2687 2786 2739 in
2820 2685 3001 2751 Patre,
3028 2695 3083 2741 et
3114 2684 3272 2751 Filio,
3312 2696 3365 2742 et
3402 2686 3530 2757 Spi-

1952 2783 2061 2839 ritu
2093 2792 2285 2837 sancto
2308 2790 2607 2851 spectetur,
2646 2779 2962 2849 utpote,sola
3000 2778 3117 2833 sine
3143 2793 3305 2834 causa
3344 2794 3519 2844 mens,

1951 2890 2073 2946 quae
2106 2890 2200 2945 per
2224 2872 2521 2929 essentiam
2547 2872 2817 2929 subsistit.
2846 2871 2916 2927 Et
2969 2871 3134 2925 unius
3194 2886 3293 2941 per
3337 2885 3525 2925 essena

1954 2969 2084 3023 tiam
2124 2966 2473 3023 subsistentis
2501 2965 2881 3036 principioque
2913 2965 3154 3020 carentis
3184 2963 3345 3019 Verbi
3368 2963 3532 3020 Geni-

1957 3071 2041 3117 tor
2060 3070 2179 3115 est:
2216 3058 2463 3115 etsolius
2497 3066 2581 3114 est
2644 3067 2865 3113 aeternae
2908 3058 3033 3111 vitae
3100 3072 3196 3125 per
3236 3054 3530 3110 essentiam

1957 3151 2308 3209 subsistentis
2357 3150 2595 3221 Spiritus
2649 3149 2823 3205 sancti
2878 3149 3021 3204 fons.
3061 3148 3116 3202 In
3151 3149 3359 3202 unitate
3411 3146 3537 3202 Tri-

1954 3246 2118 3308 nitas,
2142 3253 2197 3298 et
2215 3244 2394 3299 unitas
2412 3244 2465 3298 in
2494 3244 2781 3298 Trinitate.
2807 3242 2926 3297 Non
2954 3259 3056 3297 una
3087 3252 3263 3298 tamen
3290 3242 3343 3296 in
3369 3242 3538 3296 altera

1952 3334 2033 3389 sic
2057 3342 2163 3397 est,
2185 3342 2245 3388 ut
2270 3333 2353 3387 vel
2383 3334 2433 3387 in
2457 3333 2665 3387 unitate
2694 3332 2952 3395 Trinitas,
2979 3343 3234 3402 tanquam
3264 3333 3318 3386 in
3344 3347 3536 3387 essen-

1954 3426 2027 3481 tia
2086 3424 2345 3479 accidens
2402 3424 2519 3478 sit:
2558 3422 2644 3476 vel
2671 3432 2861 3477 contra
2910 3422 2966 3475 in
3026 3421 3296 3476 Trinitate
3328 3421 3536 3479 unitas.

1954 3518 2050 3573 Est
2071 3519 2216 3571 enim
2242 3531 2438 3586 expers
2459 3514 2758 3585 qualitatis.
2784 3514 2971 3584 Neque
2990 3523 3049 3567 ut
3078 3514 3187 3569 alia
3214 3521 3379 3584 atque
3398 3515 3523 3577 alia,

1953 3610 2223 3680 siquidem
2268 3618 2477 3662 natura:
2507 3607 2823 3662 diversitate
2859 3622 2968 3660 non
3002 3605 3183 3661 diﬂ‘ert
3211 3623 3238 3660 a
3273 3605 3538 3661 Trinitate

1916 3776 1917 3779 η
1954 3704 2153 3768 unitas,
2187 3716 2308 3757 cum
2335 3700 2563 3770 simplex
2587 3700 2658 3755 sit
2714 3710 2876 3770 atque
2921 3716 3026 3754 una
3076 3710 3290 3756 natura.
3347 3700 3538 3772 Neque

1956 3806 2017 3853 ut
2090 3811 2193 3849 una
2254 3794 2356 3849 sub
2429 3794 2621 3849 altera.
2680 3792 2814 3846 Nam
2865 3793 3121 3862 potentia:
3172 3792 3535 3847 submissione

1955 3887 2209 3943 distincta
2228 3901 2336 3939 non
2375 3893 2459 3939 est
2496 3884 2564 3939 ab
2593 3884 2803 3939 unitate
2852 3882 3113 3944 Trinitas,
3174 3892 3267 3936 aut
3302 3882 3532 3936 unitasa

1954 3981 2246 4044 Trinitate,
2290 3994 2413 4045 nec,
2471 3986 2532 4033 ut
2583 3991 2875 4033 commune
2920 3975 3160 4044 aliquod,
3213 3984 3308 4030 aut
3362 3990 3537 4044 genus

1956 4073 2298 4136 universum,
2331 4068 2552 4139 etquod
2627 4068 2741 4123 sola
2796 4066 3120 4139 cogitatione
3168 4066 3534 4137 comprehen-

1955 4164 2137 4230 datur,
2166 4163 2332 4219 distat
2362 4176 2391 4215 a
2421 4159 2664 4231 partibus
2700 4158 3001 4227 formisque
3055 4157 3188 4221 suis,
3223 4157 3297 4210 ita
3352 4156 3534 4212 diﬂert

1956 4254 2272 4315 aTrinitate
2300 4251 2506 4315 unitas,
2542 4264 2666 4303 cum
2697 4249 2769 4303 sit
2801 4247 3040 4303 essentia
3081 4245 3302 4318 proprie
3330 4261 3428 4315 per
3451 4260 3534 4312 se,

1956 4354 2012 4401 et
2070 4342 2313 4415 potentia
2350 4356 2444 4411 per
2474 4354 2535 4395 se
2565 4356 2690 4395 vere
2728 4339 2963 4409 pollens.
2996 4336 3185 4408 Neque
3213 4348 3271 4393 ut
3296 4353 3400 4391 una
3439 4353 3539 4407 per
3620 4404 3621 4407 η

271 4435 469 4504 ἄλλην.
508 4433 583 4486 Οὐ
622 4434 733 4502 γάρ
788 4430 929 4485 κατὰ
990 4428 1357 4500 παραγωγὴν,
1430 4428 1463 4497 ἢ
1521 4427 1847 4497 προαγωγὴν

1958 4438 2208 4492 alteram.
2248 4433 2406 4487 Nullo
2437 4434 2585 4487 enim
2616 4431 2807 4486 habitu
2846 4431 3025 4485 tnedio
3049 4431 3358 4501 copulatur,
3415 4442 3537 4485 tan-

272 4531 344 4580 ἐκ
383 4526 612 4595 μονάδος
647 4523 826 4593 τριὰς,
852 4523 1153 4591 ἀγέννητος
1217 4520 1560 4592 ὑπάρχουσα,
1614 4519 1711 4570 καὶ
1758 4519 1847 4571 αὑ-

1962 4543 2124 4599 quam
2156 4542 2317 4582 causa
2343 4540 2469 4579 cum
2517 4539 2581 4579 eo
2607 4524 2763 4593 cujus
2789 4534 2873 4577 est
2900 4538 3086 4587 causa,
3123 4523 3197 4589 id,
3230 4523 3375 4592 quod
3414 4538 3536 4576 om-

270 4623 599 4687 τέκφαντος,
627 4614 765 4670 άλλά
789 4614 887 4684 τὴν
913 4613 1087 4684 αὐτὴν
1124 4613 1199 4675 ὡς
1224 4611 1443 4682 άληθῶς
1499 4609 1727 4679 μονάδα,
1760 4610 1847 4662 καὶ

1962 4617 2093 4673 nino
2122 4616 2264 4670 idem
2304 4622 2409 4678 est,
2439 4623 2604 4683 atque
2636 4613 2822 4667 habitu
2850 4620 3023 4668 caret.
3077 4611 3267 4682 Neque
3322 4621 3379 4667 ut
3429 4628 3537 4667 una

276 4711 483 4779 τριάδα
513 4709 611 4761 καὶ
664 4707 990 4777 λεγομένην,
1044 4706 1138 4758 καὶ
1204 4705 1527 4773 νοουμένην,
1569 4703 1628 4754 τὸ
1657 4702 1756 4772 μὲν
1781 4701 1847 4773 τῷ

1958 4725 2027 4766 ex
2052 4710 2252 4774 altera;
2280 4723 2389 4763 non
2438 4707 2586 4763 enim
2646 4722 2741 4776 per
2788 4706 3157 4760 accessionem
3223 4704 3540 4774 praecessio-

275 4804 402 4856 κατ’
432 4800 620 4856 οὐσίαν
663 4800 827 4870 λόγῳ,
886 4797 949 4850 τὸ
1011 4796 1067 4850 δὲ
1092 4796 1171 4867 τῷ
1231 4797 1355 4851 καθ’
1378 4794 1618 4867 ὓπαρξιν
1644 4796 1847 4867 τρόπῳ·

1962 4819 2200 4875 nemque
2228 4801 2471 4857 Trinitas
2489 4809 2573 4856 est
2606 4801 2676 4855 ab
2728 4799 2962 4861 unitate,
2986 4814 3107 4853 cum
3161 4799 3232 4853 sit
3297 4797 3539 4867 ingenita

276 4898 409 4966 ὅλην
446 4896 652 4965 μονάδα
672 4895 774 4963 τὴν
802 4891 994 4962 αὑτὴν,
1011 4892 1084 4961 μὴ
1110 4891 1523 4960 μεμερισμένην
1573 4892 1692 4954 ταῖς
1720 4890 1847 4943 ὑπο·

1960 4907 2015 4952 ει
2054 4912 2151 4969 per
2176 4911 2236 4951 se
2273 4894 2524 4950 exsistat.
2554 4893 2661 4949 Sed
2702 4901 2762 4947 ut
2792 4906 2912 4963 qua:
2937 4892 3125 4945 eadem
3172 4904 3361 4944 revera
3415 4890 3539 4943 uni-

275 4989 530 5044 στάσεσιο
565 4988 658 5041 καὶ
704 4986 835 5056 ὅλην
865 4983 1075 5054 Τριάδα
1098 4982 1196 5053 τὴν
1237 4982 1431 5054 αὐτὴν,
1462 4983 1530 5052 τῇ
1570 4981 1756 5053 μονάδι
1784 4984 1847 5054 μὴ

1962 5000 2044 5046 tas
2073 4999 2129 5045 et
2162 4988 2401 5043 Trinitas
2436 4986 2657 5050 dicitur,
2712 4995 2767 5042 et
2808 4985 3148 5054 intelligitur.
3194 4983 3383 5040 Unitas
3424 4984 3544 5052 qui.

266 5080 767 5152 συγκεχυμμένην,
802 5077 889 5131 ἵνα
943 5078 1023 5147 μὴ
1053 5074 1131 5147 τῷ
1181 5074 1436 5146 μερισμῷ
1475 5076 1537 5129 τὸ
1578 5075 1847 5143 ττολύθεον¹

1963 5082 2087 5138 dem
2118 5079 2331 5134 ratione
2355 5078 2630 5145 essentia,
2665 5077 2934 5156 Trinitas.
2962 5086 3145 5131 autem
3216 5077 3395 5140 modo,
3428 5090 3537 5145 quo

278 5180 315 5248 ἦ
355 5179 425 5248 τῇ
456 5174 718 5245 συγχύσει
746 5172 809 5224 τὸ
835 5169 996 5225 άθεον
1028 5168 1478 5237 είσκομίζωνται.

1973 5172 2210 5229 exsistit.
2240 5172 2375 5227 Tota
2405 5172 2588 5225 unitas
2627 5170 2816 5225 eadem
2870 5170 3119 5223 distincta
3165 5170 3434 5238 personis.
3471 5169 3542 5223 Et

281 5281 401 5325 tota
432 5266 675 5321 Trinitas
733 5263 924 5319 eadem
978 5276 1086 5315 non
1136 5260 1344 5314 unitate
1365 5256 1628 5314 confusa.
1658 5259 1736 5317 Ne
1765 5262 1848 5317 vel
1876 5264 2144 5321 divisione
2174 5263 2555 5319 introducatur
2601 5263 2829 5320 deorum
2887 5265 3199 5331 multitudo,
3233 5264 3317 5319 vel
3350 5261 3541 5317 confu-

273 5362 439 5420 sione
466 5358 729 5414 Divinitas
778 5362 1074 5409 evertatur.

906 5491 1016 5547 Τοῦ
1041 5490 1250 5549 αὐτοῦ.

352 5570 509 5663 ἀιόνη
568 5589 716 5660 ἁπλῆ
762 5586 859 5641 καὶ
914 5582 1210 5655 μονοειδὴς,
1270 5581 1364 5636 καὶ
1418 5582 1676 5653 ἀνενδεὴς
1704 5623 1719 5648 ,
1768 5586 1865 5640 καὶ

280 5692 558 5758 ἄτρεπτος
588 5686 624 5755 ἡ
652 5678 1021 5754 δημιουργικὴ
1065 5676 1175 5729 τῶν
1206 5674 1342 5729 ὅλων
1374 5673 1532 5727 οὐσία
1562 5674 1662 5743 τῆς
1693 5674 1856 5743 ἁγίας

279 5781 543 5853 Τριάδος.
605 5777 763 5830 Πᾶσα
798 5774 853 5827 δὲ
900 5772 1076 5832 κτίσις
1104 5765 1355 5829 σύνθετός
1408 5768 1557 5819 ἐστιν
1581 5766 1640 5831 ἐξ
1667 5767 1857 5833 οὑσίας

282 5876 382 5929 καὶ
427 5869 864 5949 συμδεδηκότος,
903 5864 995 5919 καὶ
1032 5858 1254 5931 ἐπιδεὴς
1287 5858 1374 5912 ἀεὶ
1407 5857 1505 5928 τῆς
1552 5858 1705 5924 Θείας
1732 5877 1865 5932 προ-

2396 5554 2399 5555 ν
2642 5488 2912 5558 Ejusdem.

2040 5582 2163 5639 Sola
2196 5582 2446 5653 simplex,
2484 5591 2538 5636 et
2569 5581 2883 5645 uniformis,
2912 5590 2967 5636 et
3012 5580 3215 5636 nullius
3263 5597 3451 5653 egens,
3481 5594 3540 5641 et

1969 5674 2323 5731 immutabilis
2356 5682 2438 5728 est
2473 5672 2722 5727 effectrix
2757 5672 2852 5725 illa
2880 5686 3064 5726 rerum
3121 5674 3369 5728 omnium
3411 5690 3538 5730 san—

1970 5777 2073 5822 cla:
2104 5766 2390 5822 Trinitatis
2409 5766 2669 5821 essentia.
2703 5760 2906 5818 Omnes
2931 5771 3113 5819 autem
3144 5780 3232 5821 res
3248 5779 3543 5836 procreatae

1970 5858 2211 5916 essentia
2240 5864 2516 5924 constant,
2557 5864 2611 5912 et
2652 5852 3051 5923 accidentibus,
3084 5864 3139 5911 et
3177 5854 3359 5912 divina
3394 5868 3537 5909 sem-
