  <div class='ocr_page' id='page_1' title='image "/cluster/home/n/w/nwhite01/storage/ocr_20150623/130/hvd.32044019208255/057.png"; bbox 0 0 4048 6610; ppageno 0'>
   <div class='ocr_carea' id='block_1_1' title="bbox 549 400 2540 471">
    <p class='ocr_par' dir='ltr' id='par_1_1' title="bbox 549 400 2540 471">
     <span class='ocr_line' id='line_1_1' title="bbox 549 400 2540 471; baseline -0.005 0"><span class='ocrx_word' id='word_1_1' title='bbox 549 406 623 471; x_wconf 81' lang='lat'><strong>99</strong></span> <span class='ocrx_word' id='word_1_2' title='bbox 1756 401 2142 466; x_wconf 24' lang='lat' dir='ltr'><strong>.EUTHYMII</strong></span> <span class='ocrx_word' id='word_1_3' title='bbox 2183 400 2540 464; x_wconf 79' lang='lat' dir='ltr'><strong>ZIGABENI</strong></span> 
     </span>
    </p>
   </div>
   <div class='ocr_carea' id='block_1_2' title="bbox 3703 401 3805 463">
    <p class='ocr_par' dir='ltr' id='par_1_2' title="bbox 3703 401 3805 463">
     <span class='ocr_line' id='line_1_2' title="bbox 3703 401 3805 463; baseline 0 0"><span class='ocrx_word' id='word_1_4' title='bbox 3703 401 3805 463; x_wconf 87' lang='lat'><strong>100</strong></span> 
     </span>
    </p>
   </div>
   <div class='ocr_carea' id='block_1_3' title="bbox 552 506 2132 591">
    <p class='ocr_par' dir='ltr' id='par_1_3' title="bbox 552 514 2132 591">
     <span class='ocr_line' id='line_1_3' title="bbox 552 514 2132 591; baseline -0.001 -19"><span class='ocrx_word' id='word_1_5' title='bbox 552 533 653 591; x_wconf 88' lang='lat' dir='ltr'><strong>per</strong></span> <span class='ocrx_word' id='word_1_6' title='bbox 674 515 919 589; x_wconf 82' lang='lat' dir='ltr'><strong>indigent</strong></span> <span class='ocrx_word' id='word_1_7' title='bbox 962 514 1331 587; x_wconf 78' lang='lat' dir='ltr'><strong>providentia,</strong></span> <span class='ocrx_word' id='word_1_8' title='bbox 1384 515 1585 588; x_wconf 86' lang='lat' dir='ltr'><strong>quippe</strong></span> <span class='ocrx_word' id='word_1_9' title='bbox 1613 532 1735 589; x_wconf 75' lang='lat' dir='ltr'><strong>quae</strong></span> <span class='ocrx_word' id='word_1_10' title='bbox 1795 533 1907 574; x_wconf 88' lang='lat' dir='ltr'><strong>non</strong></span> <span class='ocrx_word' id='word_1_11' title='bbox 1953 530 2081 573; x_wconf 91' lang='lat' dir='ltr'><strong>sunt</strong></span> <span class='ocrx_word' id='word_1_12' title='bbox 2108 531 2132 571; x_wconf 86' lang='lat' dir='ltr'><strong>a</strong></span> 
     </span>
    </p>
   </div>
   <div class='ocr_carea' id='block_1_4' title="bbox 2236 506 3811 591">
    <p class='ocr_par' dir='ltr' id='par_1_4' title="bbox 2236 506 3811 585">
     <span class='ocr_line' id='line_1_4' title="bbox 2236 506 3811 585; baseline -0.002 -18"><span class='ocrx_word' id='word_1_13' title='bbox 2236 514 2415 582; x_wconf 60' lang='lat' dir='ltr'><strong>votae,</strong></span> <span class='ocrx_word' id='word_1_14' title='bbox 2474 515 2557 579; x_wconf 81' lang='grc' dir='ltr'>ὡς</span> <span class='ocrx_word' id='word_1_15' title='bbox 2620 513 2720 568; x_wconf 83' lang='grc' dir='ltr'>οὐκ</span> <span class='ocrx_word' id='word_1_16' title='bbox 2767 511 3031 585; x_wconf 75' lang='grc' dir='ltr'>ἐλευθέρα</span> <span class='ocrx_word' id='word_1_17' title='bbox 3084 510 3317 584; x_wconf 80' lang='grc' dir='ltr'>τροπῆς.</span> <span class='ocrx_word' id='word_1_18' title='bbox 3372 509 3495 582; x_wconf 76' lang='grc' dir='ltr'><strong>Χρὴ</strong></span> <span class='ocrx_word' id='word_1_19' title='bbox 3543 506 3639 565; x_wconf 80' lang='grc' dir='ltr'>οὖν</span> <span class='ocrx_word' id='word_1_20' title='bbox 3670 511 3811 582; x_wconf 82' lang='grc' dir='ltr'>μήτε</span> 
     </span>
    </p>
   </div>
   <div class='ocr_carea' id='block_1_5' title="bbox 544 609 2131 682">
    <p class='ocr_par' dir='ltr' id='par_1_5' title="bbox 544 609 2131 682">
     <span class='ocr_line' id='line_1_5' title="bbox 544 609 2131 682; baseline -0.001 -16"><span class='ocrx_word' id='word_1_21' title='bbox 544 610 946 666; x_wconf 71' lang='lat' dir='ltr'><strong>mutationibus</strong></span> <span class='ocrx_word' id='word_1_22' title='bbox 969 609 1175 666; x_wconf 66' lang='lat' dir='ltr'><strong>liberae.</strong></span> <span class='ocrx_word' id='word_1_23' title='bbox 1206 610 1317 666; x_wconf 87' lang='lat' dir='ltr'><strong>Nec</strong></span> <span class='ocrx_word' id='word_1_24' title='bbox 1347 610 1602 666; x_wconf 87' lang='lat' dir='ltr'><strong>accidens</strong></span> <span class='ocrx_word' id='word_1_25' title='bbox 1622 610 1784 682; x_wconf 93' lang='lat' dir='ltr'><strong>igitur</strong></span> <span class='ocrx_word' id='word_1_26' title='bbox 1798 610 1868 665; x_wconf 88' lang='lat' dir='ltr'><strong>de</strong></span> <span class='ocrx_word' id='word_1_27' title='bbox 1901 611 2012 666; x_wconf 90' lang='lat' dir='ltr'><strong>Deo</strong></span> <span class='ocrx_word' id='word_1_28' title='bbox 2028 625 2131 665; x_wconf 79' lang='lat' dir='ltr'><strong>nec</strong></span> 
     </span>
    </p>
   </div>
   <div class='ocr_carea' id='block_1_6' title="bbox 552 699 2129 774">
    <p class='ocr_par' dir='ltr' id='par_1_6' title="bbox 552 699 2129 774">
     <span class='ocr_line' id='line_1_6' title="bbox 552 699 2129 774; baseline -0.001 -15"><span class='ocrx_word' id='word_1_29' title='bbox 552 703 871 774; x_wconf 74' lang='lat' dir='ltr'><strong>qualitatem</strong></span> <span class='ocrx_word' id='word_1_30' title='bbox 894 712 1110 773; x_wconf 85' lang='lat' dir='ltr'><strong>oportet</strong></span> <span class='ocrx_word' id='word_1_31' title='bbox 1139 702 1344 758; x_wconf 81' lang='lat' dir='ltr'><strong>dicere.</strong></span> <span class='ocrx_word' id='word_1_32' title='bbox 1378 699 1503 758; x_wconf 62' lang='lat' dir='ltr'><strong>Haec</strong></span> <span class='ocrx_word' id='word_1_33' title='bbox 1536 702 1681 757; x_wconf 87' lang='lat' dir='ltr'><strong>enim</strong></span> <span class='ocrx_word' id='word_1_34' title='bbox 1710 701 1762 756; x_wconf 92' lang='lat' dir='ltr'><strong>in</strong></span> <span class='ocrx_word' id='word_1_35' title='bbox 1795 716 1883 757; x_wconf 90' lang='lat' dir='ltr'><strong>res</strong></span> <span class='ocrx_word' id='word_1_36' title='bbox 1905 718 2129 773; x_wconf 86' lang='lat' dir='ltr'><strong>compo-</strong></span> 
     </span>
    </p>
   </div>
   <div class='ocr_carea' id='block_1_7' title="bbox 553 791 2130 865">
    <p class='ocr_par' dir='ltr' id='par_1_7' title="bbox 553 791 2130 865">
     <span class='ocr_line' id='line_1_7' title="bbox 553 791 2130 865; baseline -0.001 -17"><span class='ocrx_word' id='word_1_37' title='bbox 553 796 690 849; x_wconf 87' lang='lat' dir='ltr'><strong>sitas</strong></span> <span class='ocrx_word' id='word_1_38' title='bbox 718 804 772 848; x_wconf 89' lang='lat' dir='ltr'><strong>et</strong></span> <span class='ocrx_word' id='word_1_39' title='bbox 803 794 1097 850; x_wconf 87' lang='lat' dir='ltr'><strong>mutabiles</strong></span> <span class='ocrx_word' id='word_1_40' title='bbox 1155 794 1381 853; x_wconf 88' lang='lat' dir='ltr'><strong>cadunt.</strong></span> <span class='ocrx_word' id='word_1_41' title='bbox 1447 794 1516 850; x_wconf 84' lang='lat' dir='ltr'><strong>At</strong></span> <span class='ocrx_word' id='word_1_42' title='bbox 1570 794 1753 850; x_wconf 85' lang='lat' dir='ltr'><strong>omnia</strong></span> <span class='ocrx_word' id='word_1_43' title='bbox 1805 808 1926 865; x_wconf 60' lang='lat' dir='ltr'><strong>quae</strong></span> <span class='ocrx_word' id='word_1_44' title='bbox 1985 791 2130 849; x_wconf 83' lang='lat' dir='ltr'><strong>Deus</strong></span> 
     </span>
    </p>
   </div>
   <div class='ocr_carea' id='block_1_8' title="bbox 555 874 2129 958">
    <p class='ocr_par' dir='ltr' id='par_1_8' title="bbox 555 874 2129 958">
     <span class='ocr_line' id='line_1_8' title="bbox 555 874 2129 958; baseline 0 -16"><span class='ocrx_word' id='word_1_45' title='bbox 555 888 741 954; x_wconf 88' lang='lat' dir='ltr'><strong>habet,</strong></span> <span class='ocrx_word' id='word_1_46' title='bbox 772 889 938 943; x_wconf 84' lang='lat' dir='ltr'><strong>habet</strong></span> <span class='ocrx_word' id='word_1_47' title='bbox 961 900 1177 956; x_wconf 92' lang='lat' dir='ltr'><strong>natura,</strong></span> <span class='ocrx_word' id='word_1_48' title='bbox 1198 905 1301 945; x_wconf 88' lang='lat' dir='ltr'><strong>nec</strong></span> <span class='ocrx_word' id='word_1_49' title='bbox 1332 889 1407 944; x_wconf 87' lang='lat' dir='ltr'><strong>illi</strong></span> <span class='ocrx_word' id='word_1_50' title='bbox 1440 889 1713 954; x_wconf 80' lang='lat' dir='ltr'><strong>inhaerent</strong></span> <span class='ocrx_word' id='word_1_51' title='bbox 1758 898 1818 944; x_wconf 92' lang='lat' dir='ltr'><strong>ut</strong></span> <span class='ocrx_word' id='word_1_52' title='bbox 1871 874 2129 958; x_wconf 73' lang='lat' dir='ltr'><strong>adjuncta</strong></span> 
     </span>
    </p>
   </div>
   <div class='ocr_carea' id='block_1_9' title="bbox 546 982 2126 1054">
    <p class='ocr_par' dir='ltr' id='par_1_9' title="bbox 546 982 2126 1054">
     <span class='ocr_line' id='line_1_9' title="bbox 546 982 2126 1054; baseline 0.004 -23"><span class='ocrx_word' id='word_1_53' title='bbox 546 990 602 1032; x_wconf 89' lang='lat' dir='ltr'><strong>ct</strong></span> <span class='ocrx_word' id='word_1_54' title='bbox 620 983 905 1051; x_wconf 89' lang='lat' dir='ltr'><strong>acquisita.</strong></span> <span class='ocrx_word' id='word_1_55' title='bbox 940 985 999 1037; x_wconf 88' lang='lat' dir='ltr'><strong>lu</strong></span> <span class='ocrx_word' id='word_1_56' title='bbox 1033 983 1266 1054; x_wconf 83' lang='lat' dir='ltr'><strong>simplici</strong></span> <span class='ocrx_word' id='word_1_57' title='bbox 1294 993 1346 1038; x_wconf 91' lang='lat' dir='ltr'><strong>et</strong></span> <span class='ocrx_word' id='word_1_58' title='bbox 1384 983 1596 1037; x_wconf 80' lang='lat' dir='ltr'><strong>inﬁnita</strong></span> <span class='ocrx_word' id='word_1_59' title='bbox 1621 982 1906 1045; x_wconf 85' lang='lat' dir='ltr'><strong>Trinitatis</strong></span> <span class='ocrx_word' id='word_1_60' title='bbox 1931 996 2126 1039; x_wconf 64' lang='lat' dir='ltr'><strong>essem</strong></span> 
     </span>
    </p>
   </div>
   <div class='ocr_carea' id='block_1_10' title="bbox 551 1073 2127 1147">
    <p class='ocr_par' dir='ltr' id='par_1_10' title="bbox 551 1073 2127 1147">
     <span class='ocr_line' id='line_1_10' title="bbox 551 1073 2127 1147; baseline 0.004 -23"><span class='ocrx_word' id='word_1_61' title='bbox 551 1073 624 1124; x_wconf 87' lang='lat' dir='ltr'><strong>tia</strong></span> <span class='ocrx_word' id='word_1_62' title='bbox 660 1088 760 1127; x_wconf 88' lang='lat' dir='ltr'><strong>nec</strong></span> <span class='ocrx_word' id='word_1_63' title='bbox 794 1074 1034 1139; x_wconf 86' lang='lat' dir='ltr'><strong>habitus,</strong></span> <span class='ocrx_word' id='word_1_64' title='bbox 1069 1091 1171 1131; x_wconf 90' lang='lat' dir='ltr'><strong>nec</strong></span> <span class='ocrx_word' id='word_1_65' title='bbox 1196 1075 1531 1146; x_wconf 89' lang='lat' dir='ltr'><strong>aptitudines</strong></span> <span class='ocrx_word' id='word_1_66' title='bbox 1557 1090 1795 1147; x_wconf 82' lang='lat' dir='ltr'><strong>quaeras,</strong></span> <span class='ocrx_word' id='word_1_67' title='bbox 1859 1089 1929 1130; x_wconf 92' lang='lat' dir='ltr'><strong>ne</strong></span> <span class='ocrx_word' id='word_1_68' title='bbox 1955 1075 2127 1138; x_wconf 87' lang='lat' dir='ltr'><strong>illam,</strong></span> 
     </span>
    </p>
   </div>
   <div class='ocr_carea' id='block_1_11' title="bbox 556 1165 2126 1238">
    <p class='ocr_par' dir='ltr' id='par_1_11' title="bbox 556 1165 2126 1238">
     <span class='ocr_line' id='line_1_11' title="bbox 556 1165 2126 1238; baseline 0.004 -22"><span class='ocrx_word' id='word_1_69' title='bbox 556 1165 631 1217; x_wconf 87' lang='lat' dir='ltr'><strong>uti</strong></span> <span class='ocrx_word' id='word_1_70' title='bbox 667 1180 754 1221; x_wconf 91' lang='lat' dir='ltr'><strong>res</strong></span> <span class='ocrx_word' id='word_1_71' title='bbox 787 1174 1099 1236; x_wconf 82' lang='lat' dir='ltr'><strong>procreatas</strong></span> <span class='ocrx_word' id='word_1_72' title='bbox 1131 1167 1490 1238; x_wconf 85' lang='lat' dir='ltr'><strong>compositam</strong></span> <span class='ocrx_word' id='word_1_73' title='bbox 1523 1182 1645 1224; x_wconf 87' lang='lat' dir='ltr'><strong>esse</strong></span> <span class='ocrx_word' id='word_1_74' title='bbox 1673 1166 2126 1223; x_wconf 82' lang='lat' dir='ltr'><strong>comminiscaris.</strong></span> 
     </span>
    </p>
   </div>
   <div class='ocr_carea' id='block_1_12' title="bbox 1148 1281 1427 1353">
    <p class='ocr_par' dir='ltr' id='par_1_12' title="bbox 1148 1281 1427 1353">
     <span class='ocr_line' id='line_1_12' title="bbox 1148 1281 1427 1353; baseline 0 -17"><span class='ocrx_word' id='word_1_75' title='bbox 1148 1281 1427 1353; x_wconf 76' lang='lat' dir='ltr'><strong>Ejusdem.</strong></span> 
     </span>
    </p>
   </div>
   <div class='ocr_carea' id='block_1_13' title="bbox 625 1373 2131 1446">
    <p class='ocr_par' dir='ltr' id='par_1_13' title="bbox 625 1373 2131 1446">
     <span class='ocr_line' id='line_1_13' title="bbox 625 1373 2131 1446; baseline 0.002 -19"><span class='ocrx_word' id='word_1_76' title='bbox 625 1373 705 1430; x_wconf 82' lang='lat' dir='ltr'><strong>Ex</strong></span> <span class='ocrx_word' id='word_1_77' title='bbox 733 1373 821 1439; x_wconf 89' lang='lat' dir='ltr'><strong>iis,</strong></span> <span class='ocrx_word' id='word_1_78' title='bbox 855 1390 975 1446; x_wconf 80' lang='lat' dir='ltr'><strong>quae</strong></span> <span class='ocrx_word' id='word_1_79' title='bbox 1023 1384 1172 1438; x_wconf 87' lang='lat' dir='ltr'><strong>sunt,</strong></span> <span class='ocrx_word' id='word_1_80' title='bbox 1220 1390 1409 1430; x_wconf 90' lang='lat' dir='ltr'><strong>eorum</strong></span> <span class='ocrx_word' id='word_1_81' title='bbox 1476 1388 1697 1430; x_wconf 85' lang='lat' dir='ltr'><strong>causam</strong></span> <span class='ocrx_word' id='word_1_82' title='bbox 1740 1383 2131 1444; x_wconf 83' lang='lat' dir='ltr'><strong>auctoremque</strong></span> 
     </span>
    </p>
   </div>
   <div class='ocr_carea' id='block_1_14' title="bbox 554 1466 2127 1541">
    <p class='ocr_par' dir='ltr' id='par_1_14' title="bbox 554 1466 2127 1541">
     <span class='ocr_line' id='line_1_14' title="bbox 554 1466 2127 1541; baseline 0 -19"><span class='ocrx_word' id='word_1_83' title='bbox 554 1467 956 1541; x_wconf 77' lang='lat' dir='ltr'><strong>cognoscimus.</strong></span> <span class='ocrx_word' id='word_1_84' title='bbox 988 1467 1062 1522; x_wconf 81' lang='lat' dir='ltr'><strong>Ex</strong></span> <span class='ocrx_word' id='word_1_85' title='bbox 1094 1469 1338 1539; x_wconf 87' lang='lat' dir='ltr'><strong>ipsorum</strong></span> <span class='ocrx_word' id='word_1_86' title='bbox 1368 1476 1550 1523; x_wconf 89' lang='lat' dir='ltr'><strong>autem</strong></span> <span class='ocrx_word' id='word_1_87' title='bbox 1590 1466 1903 1523; x_wconf 70' lang='lat' dir='ltr'><strong>diﬁcrentia</strong></span> <span class='ocrx_word' id='word_1_88' title='bbox 1957 1467 2127 1523; x_wconf 81' lang='lat' dir='ltr'><strong>disci-</strong></span> 
     </span>
    </p>
   </div>
   <div class='ocr_carea' id='block_1_15' title="bbox 558 1557 2129 1631">
    <p class='ocr_par' dir='ltr' id='par_1_15' title="bbox 558 1557 2129 1631">
     <span class='ocr_line' id='line_1_15' title="bbox 558 1557 2129 1631; baseline -0.001 -16"><span class='ocrx_word' id='word_1_89' title='bbox 558 1573 680 1617; x_wconf 87' lang='lat' dir='ltr'><strong>mus</strong></span> <span class='ocrx_word' id='word_1_90' title='bbox 706 1563 1064 1617; x_wconf 77' lang='lat' dir='ltr'><strong>exsistentem</strong></span> <span class='ocrx_word' id='word_1_91' title='bbox 1108 1562 1163 1615; x_wconf 89' lang='lat' dir='ltr'><strong>in</strong></span> <span class='ocrx_word' id='word_1_92' title='bbox 1194 1574 1283 1628; x_wconf 89' lang='lat' dir='ltr'><strong>eo,</strong></span> <span class='ocrx_word' id='word_1_93' title='bbox 1307 1562 1397 1631; x_wconf 89' lang='lat' dir='ltr'><strong>qui</strong></span> <span class='ocrx_word' id='word_1_94' title='bbox 1424 1570 1532 1627; x_wconf 89' lang='lat' dir='ltr'><strong>est,</strong></span> <span class='ocrx_word' id='word_1_95' title='bbox 1554 1560 1877 1631; x_wconf 84' lang='lat' dir='ltr'><strong>sapientiam</strong></span> <span class='ocrx_word' id='word_1_96' title='bbox 1908 1557 2129 1614; x_wconf 86' lang='lat' dir='ltr'><strong>Filium.</strong></span> 
     </span>
    </p>
   </div>
   <div class='ocr_carea' id='block_1_16' title="bbox 550 1654 2128 1719">
    <p class='ocr_par' dir='ltr' id='par_1_16' title="bbox 550 1654 2128 1719">
     <span class='ocr_line' id='line_1_16' title="bbox 550 1654 2128 1719; baseline 0 -12"><span class='ocrx_word' id='word_1_97' title='bbox 550 1654 629 1707; x_wconf 78' lang='lat' dir='ltr'><strong>Ex</strong></span> <span class='ocrx_word' id='word_1_98' title='bbox 659 1657 891 1710; x_wconf 79' lang='lat' dir='ltr'><strong>naturali</strong></span> <span class='ocrx_word' id='word_1_99' title='bbox 918 1670 1049 1710; x_wconf 84' lang='lat' dir='ltr'><strong>vero</strong></span> <span class='ocrx_word' id='word_1_100' title='bbox 1069 1654 1385 1710; x_wconf 87' lang='lat' dir='ltr'><strong>eorumdem</strong></span> <span class='ocrx_word' id='word_1_101' title='bbox 1410 1664 1562 1708; x_wconf 91' lang='lat' dir='ltr'><strong>motu</strong></span> <span class='ocrx_word' id='word_1_102' title='bbox 1581 1655 1932 1709; x_wconf 77' lang='lat' dir='ltr'><strong>exsistentem</strong></span> <span class='ocrx_word' id='word_1_103' title='bbox 1956 1654 2011 1707; x_wconf 89' lang='lat' dir='ltr'><strong>in</strong></span> <span class='ocrx_word' id='word_1_104' title='bbox 2040 1668 2128 1719; x_wconf 89' lang='lat' dir='ltr'><strong>eo,</strong></span> 
     </span>
    </p>
   </div>
   <div class='ocr_carea' id='block_1_17' title="bbox 550 1745 2130 1816">
    <p class='ocr_par' dir='ltr' id='par_1_17' title="bbox 550 1745 2130 1816">
     <span class='ocr_line' id='line_1_17' title="bbox 550 1745 2130 1816; baseline 0.003 -16"><span class='ocrx_word' id='word_1_105' title='bbox 550 1745 647 1815; x_wconf 85' lang='lat' dir='ltr'><strong>qui</strong></span> <span class='ocrx_word' id='word_1_106' title='bbox 683 1753 794 1812; x_wconf 86' lang='lat' dir='ltr'><strong>est,</strong></span> <span class='ocrx_word' id='word_1_107' title='bbox 842 1746 1043 1813; x_wconf 80' lang='lat' dir='ltr'><strong>vitam,</strong></span> <span class='ocrx_word' id='word_1_108' title='bbox 1074 1755 1408 1816; x_wconf 81' lang='lat' dir='ltr'><strong>potestatem</strong></span> <span class='ocrx_word' id='word_1_109' title='bbox 1464 1746 1638 1815; x_wconf 85' lang='lat' dir='ltr'><strong>illam,</strong></span> <span class='ocrx_word' id='word_1_110' title='bbox 1676 1747 1824 1802; x_wconf 88' lang='lat' dir='ltr'><strong>unde</strong></span> <span class='ocrx_word' id='word_1_111' title='bbox 1850 1762 1937 1802; x_wconf 89' lang='lat' dir='ltr'><strong>res</strong></span> <span class='ocrx_word' id='word_1_112' title='bbox 1963 1747 2130 1804; x_wconf 79' lang='lat' dir='ltr'><strong>vitam</strong></span> 
     </span>
    </p>
   </div>
   <div class='ocr_carea' id='block_1_18' title="bbox 553 1837 2081 1910">
    <p class='ocr_par' dir='ltr' id='par_1_18' title="bbox 553 1837 2081 1910">
     <span class='ocr_line' id='line_1_18' title="bbox 553 1837 2081 1910; baseline 0.001 -17"><span class='ocrx_word' id='word_1_113' title='bbox 553 1838 838 1903; x_wconf 83' lang='lat' dir='ltr'><strong>hauriunt,</strong></span> <span class='ocrx_word' id='word_1_114' title='bbox 868 1844 1073 1906; x_wconf 77' lang='lat' dir='ltr'><strong>nempe&quot;</strong></span> <span class='ocrx_word' id='word_1_115' title='bbox 1096 1837 1370 1908; x_wconf 82' lang='lat' dir='ltr'><strong>Spiritum</strong></span> <span class='ocrx_word' id='word_1_116' title='bbox 1406 1847 1680 1907; x_wconf 87' lang='lat' dir='ltr'><strong>sanctum,</strong></span> <span class='ocrx_word' id='word_1_117' title='bbox 1708 1839 2081 1910; x_wconf 70' lang='lat' dir='ltr'><strong>intelligimus.</strong></span> 
     </span>
    </p>
   </div>
   <div class='ocr_carea' id='block_1_19' title="bbox 612 1950 2087 2024">
    <p class='ocr_par' dir='ltr' id='par_1_19' title="bbox 612 1950 2087 2024">
     <span class='ocr_line' id='line_1_19' title="bbox 612 1950 2087 2024; baseline 0.003 -19"><span class='ocrx_word' id='word_1_118' title='bbox 612 1950 864 2021; x_wconf 75' lang='lat' dir='ltr'><strong>Ejusdem</strong></span> <span class='ocrx_word' id='word_1_119' title='bbox 894 1968 957 2007; x_wconf 72' lang='lat' dir='ltr'><strong>ex</strong></span> <span class='ocrx_word' id='word_1_120' title='bbox 981 1953 1413 2024; x_wconf 78' lang='lat' dir='ltr'><strong>interpretatione</strong></span> <span class='ocrx_word' id='word_1_121' title='bbox 1442 1956 1758 2019; x_wconf 75' lang='lat' dir='ltr'><strong>precationis</strong></span> <span class='ocrx_word' id='word_1_122' title='bbox 1780 1954 2087 2010; x_wconf 68' lang='lat' dir='ltr'><strong>Dori-iniec.</strong></span> 
     </span>
    </p>
   </div>
   <div class='ocr_carea' id='block_1_20' title="bbox 624 2062 2134 2144">
    <p class='ocr_par' dir='ltr' id='par_1_20' title="bbox 624 2062 2134 2144">
     <span class='ocr_line' id='line_1_20' title="bbox 624 2062 2134 2144; baseline 0.005 -21"><span class='ocrx_word' id='word_1_123' title='bbox 624 2062 838 2123; x_wconf 83' lang='lat' dir='ltr'><strong>Nomen</strong></span> <span class='ocrx_word' id='word_1_124' title='bbox 881 2069 979 2125; x_wconf 89' lang='lat' dir='ltr'><strong>Dei</strong></span> <span class='ocrx_word' id='word_1_125' title='bbox 1006 2080 1062 2126; x_wconf 85' lang='lat' dir='ltr'><strong>et</strong></span> <span class='ocrx_word' id='word_1_126' title='bbox 1096 2067 1273 2128; x_wconf 83' lang='lat' dir='ltr'><strong>Patris</strong></span> <span class='ocrx_word' id='word_1_127' title='bbox 1327 2087 1425 2144; x_wconf 87' lang='lat' dir='ltr'><strong>per</strong></span> <span class='ocrx_word' id='word_1_128' title='bbox 1465 2072 1762 2129; x_wconf 85' lang='lat' dir='ltr'><strong>essentiam</strong></span> <span class='ocrx_word' id='word_1_129' title='bbox 1822 2072 2134 2131; x_wconf 86' lang='lat' dir='ltr'><strong>subsistens</strong></span> 
     </span>
    </p>
   </div>
   <div class='ocr_carea' id='block_1_21' title="bbox 552 2161 2135 2236">
    <p class='ocr_par' dir='ltr' id='par_1_21' title="bbox 552 2161 2135 2236">
     <span class='ocr_line' id='line_1_21' title="bbox 552 2161 2135 2236; baseline 0.004 -21"><span class='ocrx_word' id='word_1_130' title='bbox 552 2170 639 2216; x_wconf 75' lang='lat' dir='ltr'><strong>est</strong></span> <span class='ocrx_word' id='word_1_131' title='bbox 666 2162 985 2232; x_wconf 85' lang='lat' dir='ltr'><strong>unigenitus</strong></span> <span class='ocrx_word' id='word_1_132' title='bbox 1007 2161 1198 2219; x_wconf 84' lang='lat' dir='ltr'><strong>Filius.</strong></span> <span class='ocrx_word' id='word_1_133' title='bbox 1221 2163 1288 2218; x_wconf 88' lang='lat' dir='ltr'><strong>Et</strong></span> <span class='ocrx_word' id='word_1_134' title='bbox 1317 2180 1541 2236; x_wconf 86' lang='lat' dir='ltr'><strong>regnum</strong></span> <span class='ocrx_word' id='word_1_135' title='bbox 1579 2165 1675 2221; x_wconf 82' lang='lat' dir='ltr'><strong>Dei</strong></span> <span class='ocrx_word' id='word_1_136' title='bbox 1705 2174 1760 2220; x_wconf 90' lang='lat' dir='ltr'><strong>et</strong></span> <span class='ocrx_word' id='word_1_137' title='bbox 1822 2165 2001 2221; x_wconf 87' lang='lat' dir='ltr'><strong>Patris</strong></span> <span class='ocrx_word' id='word_1_138' title='bbox 2028 2180 2135 2236; x_wconf 88' lang='lat' dir='ltr'><strong>.per</strong></span> 
     </span>
    </p>
   </div>
   <div class='ocr_carea' id='block_1_22' title="bbox 552 2253 2133 2329">
    <p class='ocr_par' dir='ltr' id='par_1_22' title="bbox 552 2253 2133 2329">
     <span class='ocr_line' id='line_1_22' title="bbox 552 2253 2133 2329; baseline 0.005 -23"><span class='ocrx_word' id='word_1_139' title='bbox 552 2253 849 2307; x_wconf 81' lang='lat' dir='ltr'><strong>essentiam</strong></span> <span class='ocrx_word' id='word_1_140' title='bbox 904 2254 1212 2311; x_wconf 89' lang='lat' dir='ltr'><strong>subsistens</strong></span> <span class='ocrx_word' id='word_1_141' title='bbox 1251 2266 1337 2313; x_wconf 89' lang='lat' dir='ltr'><strong>est</strong></span> <span class='ocrx_word' id='word_1_142' title='bbox 1391 2255 1629 2329; x_wconf 86' lang='lat' dir='ltr'><strong>Spiritus</strong></span> <span class='ocrx_word' id='word_1_143' title='bbox 1679 2267 1927 2314; x_wconf 89' lang='lat' dir='ltr'><strong>sanctus.</strong></span> <span class='ocrx_word' id='word_1_144' title='bbox 1976 2256 2133 2325; x_wconf 80' lang='lat' dir='ltr'><strong>Quod</strong></span> 
     </span>
    </p>
   </div>
   <div class='ocr_carea' id='block_1_23' title="bbox 551 2348 2133 2424">
    <p class='ocr_par' dir='ltr' id='par_1_23' title="bbox 551 2348 2133 2424">
     <span class='ocr_line' id='line_1_23' title="bbox 551 2348 2133 2424; baseline 0.003 -21"><span class='ocrx_word' id='word_1_145' title='bbox 551 2348 696 2403; x_wconf 82' lang='lat' dir='ltr'><strong>enim</strong></span> <span class='ocrx_word' id='word_1_146' title='bbox 723 2349 825 2403; x_wconf 90' lang='lat' dir='ltr'><strong>hoc</strong></span> <span class='ocrx_word' id='word_1_147' title='bbox 858 2348 976 2403; x_wconf 92' lang='lat' dir='ltr'><strong>loco</strong></span> <span class='ocrx_word' id='word_1_148' title='bbox 997 2348 1286 2404; x_wconf 63' lang='lat' dir='ltr'><strong>Matthwus</strong></span> <span class='ocrx_word' id='word_1_149' title='bbox 1317 2366 1543 2422; x_wconf 78' lang='lat' dir='ltr'><strong>regnum</strong></span> <span class='ocrx_word' id='word_1_150' title='bbox 1562 2349 1715 2419; x_wconf 88' lang='lat' dir='ltr'><strong>dicit,</strong></span> <span class='ocrx_word' id='word_1_151' title='bbox 1737 2350 1876 2408; x_wconf 86' lang='lat' dir='ltr'><strong>alius</strong></span> <span class='ocrx_word' id='word_1_152' title='bbox 1896 2366 2133 2424; x_wconf 75' lang='lat' dir='ltr'><strong>evange-</strong></span> 
     </span>
    </p>
   </div>
   <div class='ocr_carea' id='block_1_24' title="bbox 550 2439 2131 2514">
    <p class='ocr_par' dir='ltr' id='par_1_24' title="bbox 550 2439 2131 2514">
     <span class='ocr_line' id='line_1_24' title="bbox 550 2439 2131 2514; baseline 0.003 -19"><span class='ocrx_word' id='word_1_153' title='bbox 550 2439 675 2495; x_wconf 89' lang='lat' dir='ltr'><strong>lista</strong></span> <span class='ocrx_word' id='word_1_154' title='bbox 693 2440 822 2496; x_wconf 82' lang='lat' dir='ltr'><strong>alibi</strong></span> <span class='ocrx_word' id='word_1_155' title='bbox 852 2440 1117 2511; x_wconf 83' lang='lat' dir='ltr'><strong>Spiritum</strong></span> <span class='ocrx_word' id='word_1_156' title='bbox 1149 2452 1398 2497; x_wconf 85' lang='lat' dir='ltr'><strong>sanctum</strong></span> <span class='ocrx_word' id='word_1_157' title='bbox 1432 2442 1722 2514; x_wconf 85' lang='lat' dir='ltr'><strong>appellavit</strong></span> <span class='ocrx_word' id='word_1_158' title='bbox 1750 2458 1766 2497; x_wconf 87' lang='lat'><strong>:</strong></span> <span class='ocrx_word' id='word_1_159' title='bbox 1812 2442 2131 2511; x_wconf 69' lang='lat' dir='ltr'><strong>«Adveniat,</strong></span> 
     </span>
    </p>
   </div>
   <div class='ocr_carea' id='block_1_25' title="bbox 549 2533 2135 2608">
    <p class='ocr_par' dir='ltr' id='par_1_25' title="bbox 549 2533 2135 2608">
     <span class='ocr_line' id='line_1_25' title="bbox 549 2533 2135 2608; baseline 0.002 -20"><span class='ocrx_word' id='word_1_160' title='bbox 549 2533 827 2604; x_wconf 89' lang='lat' dir='ltr'><strong>inquiens,</strong></span> <span class='ocrx_word' id='word_1_161' title='bbox 874 2534 1115 2605; x_wconf 87' lang='lat' dir='ltr'><strong>Spiritus</strong></span> <span class='ocrx_word' id='word_1_162' title='bbox 1153 2545 1398 2600; x_wconf 87' lang='lat' dir='ltr'><strong>sanctus,</strong></span> <span class='ocrx_word' id='word_1_163' title='bbox 1429 2544 1484 2591; x_wconf 90' lang='lat' dir='ltr'><strong>et</strong></span> <span class='ocrx_word' id='word_1_164' title='bbox 1514 2552 1615 2591; x_wconf 93' lang='lat' dir='ltr'><strong>nos</strong></span> <span class='ocrx_word' id='word_1_165' title='bbox 1635 2544 1928 2608; x_wconf 74' lang='lat' dir='ltr'><strong>expurget.</strong></span> <span class='ocrx_word' id='word_1_166' title='bbox 1973 2554 1992 2588; x_wconf 73' lang='grc' dir='ltr'><strong>ι</strong></span> <span class='ocrx_word' id='word_1_167' title='bbox 2028 2534 2135 2591; x_wconf 85' lang='lat' dir='ltr'><strong>Ne-</strong></span> 
     </span>
    </p>
   </div>
   <div class='ocr_carea' id='block_1_26' title="bbox 548 2626 2131 2699">
    <p class='ocr_par' dir='ltr' id='par_1_26' title="bbox 548 2626 2131 2699">
     <span class='ocr_line' id='line_1_26' title="bbox 548 2626 2131 2699; baseline 0.003 -19"><span class='ocrx_word' id='word_1_168' title='bbox 548 2643 655 2696; x_wconf 89' lang='lat' dir='ltr'><strong>que</strong></span> <span class='ocrx_word' id='word_1_169' title='bbox 677 2628 826 2682; x_wconf 90' lang='lat' dir='ltr'><strong>enim</strong></span> <span class='ocrx_word' id='word_1_170' title='bbox 860 2627 1025 2684; x_wconf 90' lang='lat' dir='ltr'><strong>Pater</strong></span> <span class='ocrx_word' id='word_1_171' title='bbox 1046 2628 1212 2684; x_wconf 86' lang='lat' dir='ltr'><strong>habet</strong></span> <span class='ocrx_word' id='word_1_172' title='bbox 1242 2628 1573 2699; x_wconf 80' lang='lat' dir='ltr'><strong>adjectivum</strong></span> <span class='ocrx_word' id='word_1_173' title='bbox 1598 2644 1825 2684; x_wconf 90' lang='lat' dir='ltr'><strong>nomen.</strong></span> <span class='ocrx_word' id='word_1_174' title='bbox 1873 2626 1983 2683; x_wconf 85' lang='lat' dir='ltr'><strong>Nec</strong></span> <span class='ocrx_word' id='word_1_175' title='bbox 2040 2644 2131 2685; x_wconf 88' lang='lat' dir='ltr'><strong>re-</strong></span> 
     </span>
    </p>
   </div>
   <div class='ocr_carea' id='block_1_27' title="bbox 549 2717 2134 2790">
    <p class='ocr_par' dir='ltr' id='par_1_27' title="bbox 549 2717 2134 2790">
     <span class='ocr_line' id='line_1_27' title="bbox 549 2717 2134 2790; baseline 0.002 -20"><span class='ocrx_word' id='word_1_176' title='bbox 549 2733 715 2789; x_wconf 90' lang='lat' dir='ltr'><strong>gnum</strong></span> <span class='ocrx_word' id='word_1_177' title='bbox 743 2718 797 2772; x_wconf 89' lang='lat' dir='ltr'><strong>in</strong></span> <span class='ocrx_word' id='word_1_178' title='bbox 828 2718 947 2788; x_wconf 91' lang='lat' dir='ltr'><strong>ipso</strong></span> <span class='ocrx_word' id='word_1_179' title='bbox 985 2728 1243 2789; x_wconf 86' lang='lat' dir='ltr'><strong>tanquam</strong></span> <span class='ocrx_word' id='word_1_180' title='bbox 1264 2717 1587 2790; x_wconf 89' lang='lat' dir='ltr'><strong>dignitatem</strong></span> <span class='ocrx_word' id='word_1_181' title='bbox 1623 2718 1862 2790; x_wconf 88' lang='lat' dir='ltr'><strong>aiiquam</strong></span> <span class='ocrx_word' id='word_1_182' title='bbox 1898 2717 2134 2773; x_wconf 88' lang='lat' dir='ltr'><strong>attribu-</strong></span> 
     </span>
    </p>
   </div>
   <div class='ocr_carea' id='block_1_28' title="bbox 551 2809 2135 2882">
    <p class='ocr_par' dir='ltr' id='par_1_28' title="bbox 551 2809 2135 2882">
     <span class='ocr_line' id='line_1_28' title="bbox 551 2809 2135 2882; baseline 0.002 -19"><span class='ocrx_word' id='word_1_183' title='bbox 551 2817 659 2863; x_wconf 85' lang='lat' dir='ltr'><strong>tam</strong></span> <span class='ocrx_word' id='word_1_184' title='bbox 725 2810 1053 2882; x_wconf 88' lang='lat' dir='ltr'><strong>cogitamus.</strong></span> <span class='ocrx_word' id='word_1_185' title='bbox 1115 2809 1405 2882; x_wconf 83' lang='lat' dir='ltr'><strong>Nunquam</strong></span> <span class='ocrx_word' id='word_1_186' title='bbox 1469 2810 1614 2866; x_wconf 90' lang='lat' dir='ltr'><strong>enim</strong></span> <span class='ocrx_word' id='word_1_187' title='bbox 1669 2825 1796 2866; x_wconf 90' lang='lat' dir='ltr'><strong>esse</strong></span> <span class='ocrx_word' id='word_1_188' title='bbox 1839 2811 2027 2881; x_wconf 58' lang='lat' dir='ltr'><strong>carpit,</strong></span> <span class='ocrx_word' id='word_1_189' title='bbox 2073 2818 2135 2866; x_wconf 84' lang='lat' dir='ltr'><strong>ut</strong></span> 
     </span>
    </p>
   </div>
   <div class='ocr_carea' id='block_1_29' title="bbox 555 2901 2134 2976">
    <p class='ocr_par' dir='ltr' id='par_1_29' title="bbox 555 2901 2134 2976">
     <span class='ocr_line' id='line_1_29' title="bbox 555 2901 2134 2976; baseline 0.001 -19"><span class='ocrx_word' id='word_1_190' title='bbox 555 2903 719 2957; x_wconf 90' lang='lat' dir='ltr'><strong>etiam</strong></span> <span class='ocrx_word' id='word_1_191' title='bbox 758 2904 945 2968; x_wconf 84' lang='lat' dir='ltr'><strong>Pater,</strong></span> <span class='ocrx_word' id='word_1_192' title='bbox 971 2912 1067 2958; x_wconf 91' lang='lat' dir='ltr'><strong>aut</strong></span> <span class='ocrx_word' id='word_1_193' title='bbox 1126 2901 1239 2960; x_wconf 78' lang='lat' dir='ltr'><strong>Rex</strong></span> <span class='ocrx_word' id='word_1_194' title='bbox 1292 2919 1411 2959; x_wconf 87' lang='lat' dir='ltr'><strong>csse</strong></span> <span class='ocrx_word' id='word_1_195' title='bbox 1466 2913 1649 2976; x_wconf 86' lang='lat' dir='ltr'><strong>posset</strong></span> <span class='ocrx_word' id='word_1_196' title='bbox 1708 2903 1971 2974; x_wconf 86' lang='lat' dir='ltr'><strong>incipere.</strong></span> <span class='ocrx_word' id='word_1_197' title='bbox 2024 2901 2134 2958; x_wconf 85' lang='lat' dir='ltr'><strong>Sed</strong></span> 
     </span>
    </p>
   </div>
   <div class='ocr_carea' id='block_1_30' title="bbox 554 2993 2133 3067">
    <p class='ocr_par' dir='ltr' id='par_1_30' title="bbox 554 2993 2133 3067">
     <span class='ocr_line' id='line_1_30' title="bbox 554 2993 2133 3067; baseline 0.001 -19"><span class='ocrx_word' id='word_1_198' title='bbox 554 3010 679 3049; x_wconf 78' lang='lat' dir='ltr'><strong>cum</strong></span> <span class='ocrx_word' id='word_1_199' title='bbox 712 3011 931 3067; x_wconf 86' lang='lat' dir='ltr'><strong>semper</strong></span> <span class='ocrx_word' id='word_1_200' title='bbox 958 2997 1052 3062; x_wconf 89' lang='lat' dir='ltr'><strong>sit,</strong></span> <span class='ocrx_word' id='word_1_201' title='bbox 1086 3011 1305 3067; x_wconf 89' lang='lat' dir='ltr'><strong>semper</strong></span> <span class='ocrx_word' id='word_1_202' title='bbox 1337 2998 1501 3052; x_wconf 84' lang='lat' dir='ltr'><strong>etiam</strong></span> <span class='ocrx_word' id='word_1_203' title='bbox 1533 3005 1621 3051; x_wconf 88' lang='lat' dir='ltr'><strong>est</strong></span> <span class='ocrx_word' id='word_1_204' title='bbox 1661 2994 1823 3050; x_wconf 87' lang='lat' dir='ltr'><strong>Pater</strong></span> <span class='ocrx_word' id='word_1_205' title='bbox 1883 3005 1937 3050; x_wconf 92' lang='lat' dir='ltr'><strong>et</strong></span> <span class='ocrx_word' id='word_1_206' title='bbox 1998 2993 2133 3050; x_wconf 77' lang='lat' dir='ltr'><strong>Rex.</strong></span> 
     </span>
    </p>
   </div>
   <div class='ocr_carea' id='block_1_31' title="bbox 552 3082 2137 3152">
    <p class='ocr_par' dir='ltr' id='par_1_31' title="bbox 552 3082 2137 3152">
     <span class='ocr_line' id='line_1_31' title="bbox 552 3082 2137 3152; baseline 0 -13"><span class='ocrx_word' id='word_1_207' title='bbox 552 3083 664 3141; x_wconf 71' lang='lat' dir='ltr'><strong>Nec</strong></span> <span class='ocrx_word' id='word_1_208' title='bbox 703 3087 919 3141; x_wconf 88' lang='lat' dir='ltr'><strong>initium</strong></span> <span class='ocrx_word' id='word_1_209' title='bbox 956 3088 1143 3141; x_wconf 87' lang='lat' dir='ltr'><strong>habuit</strong></span> <span class='ocrx_word' id='word_1_210' title='bbox 1167 3088 1413 3150; x_wconf 90' lang='lat' dir='ltr'><strong>omnino,</strong></span> <span class='ocrx_word' id='word_1_211' title='bbox 1443 3098 1503 3141; x_wconf 91' lang='lat' dir='ltr'><strong>ut</strong></span> <span class='ocrx_word' id='word_1_212' title='bbox 1529 3087 1614 3141; x_wconf 90' lang='lat' dir='ltr'><strong>vel</strong></span> <span class='ocrx_word' id='word_1_213' title='bbox 1665 3095 1834 3152; x_wconf 86' lang='lat' dir='ltr'><strong>esset,</strong></span> <span class='ocrx_word' id='word_1_214' title='bbox 1861 3084 1946 3140; x_wconf 88' lang='lat' dir='ltr'><strong>vel</strong></span> <span class='ocrx_word' id='word_1_215' title='bbox 1973 3082 2137 3139; x_wconf 84' lang='lat' dir='ltr'><strong>Pater</strong></span> 
     </span>
    </p>
   </div>
   <div class='ocr_carea' id='block_1_32' title="bbox 554 3170 2135 3247">
    <p class='ocr_par' dir='ltr' id='par_1_32' title="bbox 554 3170 2135 3247">
     <span class='ocr_line' id='line_1_32' title="bbox 554 3170 2135 3247; baseline 0.002 -20"><span class='ocrx_word' id='word_1_216' title='bbox 554 3186 608 3228; x_wconf 88' lang='lat' dir='ltr'><strong>et</strong></span> <span class='ocrx_word' id='word_1_217' title='bbox 642 3175 752 3229; x_wconf 76' lang='lat' dir='ltr'><strong>Rex</strong></span> <span class='ocrx_word' id='word_1_218' title='bbox 787 3186 951 3232; x_wconf 83' lang='lat' dir='ltr'><strong>esset.</strong></span> <span class='ocrx_word' id='word_1_219' title='bbox 986 3176 1210 3242; x_wconf 68' lang='lat' dir='ltr'><strong>Quod-si</strong></span> <span class='ocrx_word' id='word_1_220' title='bbox 1247 3170 1464 3247; x_wconf 80' lang='lat' dir='ltr'><strong>semper</strong></span> <span class='ocrx_word' id='word_1_221' title='bbox 1498 3176 1576 3231; x_wconf 88' lang='lat' dir='ltr'><strong>ita</strong></span> <span class='ocrx_word' id='word_1_222' title='bbox 1634 3185 1744 3241; x_wconf 91' lang='lat' dir='ltr'><strong>est,</strong></span> <span class='ocrx_word' id='word_1_223' title='bbox 1797 3185 1857 3231; x_wconf 93' lang='lat' dir='ltr'><strong>ut</strong></span> <span class='ocrx_word' id='word_1_224' title='bbox 1916 3190 2135 3245; x_wconf 87' lang='lat' dir='ltr'><strong>semper</strong></span> 
     </span>
    </p>
   </div>
   <div class='ocr_carea' id='block_1_33' title="bbox 554 3240 2203 3338">
    <p class='ocr_par' dir='ltr' id='par_1_33' title="bbox 554 3240 2203 3338">
     <span class='ocr_line' id='line_1_33' title="bbox 554 3240 2203 3338; baseline 0.003 -19"><span class='ocrx_word' id='word_1_225' title='bbox 554 3276 609 3320; x_wconf 90' lang='lat' dir='ltr'><strong>et</strong></span> <span class='ocrx_word' id='word_1_226' title='bbox 632 3265 794 3320; x_wconf 86' lang='lat' dir='ltr'><strong>Pater</strong></span> <span class='ocrx_word' id='word_1_227' title='bbox 832 3268 904 3320; x_wconf 90' lang='lat' dir='ltr'><strong>sit</strong></span> <span class='ocrx_word' id='word_1_228' title='bbox 935 3278 989 3321; x_wconf 90' lang='lat' dir='ltr'><strong>et</strong></span> <span class='ocrx_word' id='word_1_229' title='bbox 1013 3240 1160 3333; x_wconf 63' lang='grc' dir='ltr'>Ποῖ,</span> <span class='ocrx_word' id='word_1_230' title='bbox 1217 3240 1436 3338; x_wconf 72' lang='lat' dir='ltr'><strong>semper</strong></span> <span class='ocrx_word' id='word_1_231' title='bbox 1474 3270 1661 3338; x_wconf 87' lang='lat' dir='ltr'><strong>utique</strong></span> <span class='ocrx_word' id='word_1_232' title='bbox 1711 3240 1767 3323; x_wconf 88' lang='lat' dir='ltr'><strong>et</strong></span> <span class='ocrx_word' id='word_1_233' title='bbox 1837 3240 2053 3335; x_wconf 34' lang='lat' dir='ltr'><strong>Filius;</strong></span> <span class='ocrx_word' id='word_1_234' title='bbox 2079 3278 2135 3324; x_wconf 91' lang='lat' dir='ltr'><strong>et</strong></span> <span class='ocrx_word' id='word_1_235' title='bbox 2161 3240 2203 3298; x_wconf 56' lang='grc' dir='ltr'><strong>(ἶ</strong></span> 
     </span>
    </p>
   </div>
   <div class='ocr_carea' id='block_1_34' title="bbox 557 3357 2133 3429">
    <p class='ocr_par' dir='ltr' id='par_1_34' title="bbox 557 3357 2133 3429">
     <span class='ocr_line' id='line_1_34' title="bbox 557 3357 2133 3429; baseline 0.003 -18"><span class='ocrx_word' id='word_1_236' title='bbox 557 3357 794 3426; x_wconf 90' lang='lat' dir='ltr'><strong>Spiritus</strong></span> <span class='ocrx_word' id='word_1_237' title='bbox 822 3368 1046 3413; x_wconf 87' lang='lat' dir='ltr'><strong>sanctus</strong></span> <span class='ocrx_word' id='word_1_238' title='bbox 1078 3373 1177 3429; x_wconf 90' lang='lat' dir='ltr'><strong>per</strong></span> <span class='ocrx_word' id='word_1_239' title='bbox 1204 3359 1505 3414; x_wconf 85' lang='lat' dir='ltr'><strong>essentiam</strong></span> <span class='ocrx_word' id='word_1_240' title='bbox 1572 3375 1697 3415; x_wconf 89' lang='lat' dir='ltr'><strong>cum</strong></span> <span class='ocrx_word' id='word_1_241' title='bbox 1746 3358 1906 3416; x_wconf 87' lang='lat' dir='ltr'><strong>Patre</strong></span> <span class='ocrx_word' id='word_1_242' title='bbox 1969 3360 2133 3418; x_wconf 87' lang='lat' dir='ltr'><strong>simul</strong></span> 
     </span>
    </p>
   </div>
   <div class='ocr_carea' id='block_1_35' title="bbox 554 3439 2130 3525">
    <p class='ocr_par' dir='ltr' id='par_1_35' title="bbox 554 3439 2130 3525">
     <span class='ocr_line' id='line_1_35' title="bbox 554 3439 2130 3525; baseline 0.003 -20"><span class='ocrx_word' id='word_1_243' title='bbox 554 3449 851 3517; x_wconf 75' lang='lat' dir='ltr'><strong>exsistunt,</strong></span> <span class='ocrx_word' id='word_1_244' title='bbox 879 3464 1003 3504; x_wconf 88' lang='lat' dir='ltr'><strong>cum</strong></span> <span class='ocrx_word' id='word_1_245' title='bbox 1047 3458 1104 3504; x_wconf 94' lang='lat' dir='ltr'><strong>et</strong></span> <span class='ocrx_word' id='word_1_246' title='bbox 1146 3439 1211 3505; x_wconf 72' lang='lat' dir='ltr'><strong>ex</strong></span> <span class='ocrx_word' id='word_1_247' title='bbox 1241 3451 1360 3521; x_wconf 85' lang='lat' dir='ltr'><strong>ipso</strong></span> <span class='ocrx_word' id='word_1_248' title='bbox 1385 3451 1525 3517; x_wconf 85' lang='lat' dir='ltr'><strong>sint,</strong></span> <span class='ocrx_word' id='word_1_249' title='bbox 1555 3461 1611 3508; x_wconf 91' lang='lat' dir='ltr'><strong>et</strong></span> <span class='ocrx_word' id='word_1_250' title='bbox 1634 3452 1691 3507; x_wconf 91' lang='lat' dir='ltr'><strong>in</strong></span> <span class='ocrx_word' id='word_1_251' title='bbox 1740 3454 1860 3525; x_wconf 87' lang='lat' dir='ltr'><strong>ipso</strong></span> <span class='ocrx_word' id='word_1_252' title='bbox 1908 3462 2130 3510; x_wconf 89' lang='lat' dir='ltr'><strong>natura-</strong></span> 
     </span>
    </p>
   </div>
   <div class='ocr_carea' id='block_1_36' title="bbox 553 3539 2134 3617">
    <p class='ocr_par' dir='ltr' id='par_1_36' title="bbox 553 3539 2134 3617">
     <span class='ocr_line' id='line_1_36' title="bbox 553 3539 2134 3617; baseline 0.005 -23"><span class='ocrx_word' id='word_1_253' title='bbox 553 3539 700 3606; x_wconf 89' lang='lat' dir='ltr'><strong>liter,</strong></span> <span class='ocrx_word' id='word_1_254' title='bbox 728 3551 779 3594; x_wconf 90' lang='lat' dir='ltr'><strong>et</strong></span> <span class='ocrx_word' id='word_1_255' title='bbox 803 3556 968 3612; x_wconf 86' lang='lat' dir='ltr'><strong>supra</strong></span> <span class='ocrx_word' id='word_1_256' title='bbox 1002 3556 1217 3596; x_wconf 89' lang='lat' dir='ltr'><strong>causam</strong></span> <span class='ocrx_word' id='word_1_257' title='bbox 1254 3552 1310 3598; x_wconf 90' lang='lat' dir='ltr'><strong>et</strong></span> <span class='ocrx_word' id='word_1_258' title='bbox 1361 3541 1649 3611; x_wconf 89' lang='lat' dir='ltr'><strong>rationem,</strong></span> <span class='ocrx_word' id='word_1_259' title='bbox 1684 3559 1793 3599; x_wconf 90' lang='lat' dir='ltr'><strong>non</strong></span> <span class='ocrx_word' id='word_1_260' title='bbox 1827 3555 2008 3601; x_wconf 90' lang='lat' dir='ltr'><strong>autem</strong></span> <span class='ocrx_word' id='word_1_261' title='bbox 2037 3561 2134 3617; x_wconf 89' lang='lat' dir='ltr'><strong>per</strong></span> 
     </span>
    </p>
   </div>
   <div class='ocr_carea' id='block_1_37' title="bbox 555 3634 2136 3708">
    <p class='ocr_par' dir='ltr' id='par_1_37' title="bbox 555 3634 2136 3708">
     <span class='ocr_line' id='line_1_37' title="bbox 555 3634 2136 3708; baseline 0.003 -20"><span class='ocrx_word' id='word_1_262' title='bbox 555 3648 776 3689; x_wconf 88' lang='lat' dir='ltr'><strong>causam</strong></span> <span class='ocrx_word' id='word_1_263' title='bbox 812 3644 934 3704; x_wconf 89' lang='lat' dir='ltr'><strong>post</strong></span> <span class='ocrx_word' id='word_1_264' title='bbox 964 3634 1143 3705; x_wconf 89' lang='lat' dir='ltr'><strong>ipsum</strong></span> <span class='ocrx_word' id='word_1_265' title='bbox 1172 3634 1303 3690; x_wconf 90' lang='lat' dir='ltr'><strong>sint.</strong></span> <span class='ocrx_word' id='word_1_266' title='bbox 1335 3634 1565 3691; x_wconf 82' lang='lat' dir='ltr'><strong>Habitus</strong></span> <span class='ocrx_word' id='word_1_267' title='bbox 1591 3636 1759 3701; x_wconf 88' lang='lat' dir='ltr'><strong>enim,</strong></span> <span class='ocrx_word' id='word_1_268' title='bbox 1821 3638 1915 3708; x_wconf 90' lang='lat' dir='ltr'><strong>qui</strong></span> <span class='ocrx_word' id='word_1_269' title='bbox 1970 3637 2136 3693; x_wconf 78' lang='lat' dir='ltr'><strong>habet</strong></span> 
     </span>
    </p>
   </div>
   <div class='ocr_carea' id='block_1_38' title="bbox 558 3728 2133 3798">
    <p class='ocr_par' dir='ltr' id='par_1_38' title="bbox 558 3728 2133 3798">
     <span class='ocr_line' id='line_1_38' title="bbox 558 3728 2133 3798; baseline 0.001 -16"><span class='ocrx_word' id='word_1_270' title='bbox 558 3728 703 3782; x_wconf 86' lang='lat' dir='ltr'><strong>hanc</strong></span> <span class='ocrx_word' id='word_1_271' title='bbox 737 3728 866 3794; x_wconf 84' lang='lat' dir='ltr'><strong>vim,</strong></span> <span class='ocrx_word' id='word_1_272' title='bbox 893 3736 950 3783; x_wconf 91' lang='lat' dir='ltr'><strong>ut</strong></span> <span class='ocrx_word' id='word_1_273' title='bbox 984 3743 1072 3783; x_wconf 88' lang='lat' dir='ltr'><strong>res</strong></span> <span class='ocrx_word' id='word_1_274' title='bbox 1093 3728 1256 3783; x_wconf 86' lang='lat' dir='ltr'><strong>simul</strong></span> <span class='ocrx_word' id='word_1_275' title='bbox 1293 3729 1635 3795; x_wconf 90' lang='lat' dir='ltr'><strong>ostendatur,</strong></span> <span class='ocrx_word' id='word_1_276' title='bbox 1691 3744 1802 3784; x_wconf 87' lang='lat' dir='ltr'><strong>non</strong></span> <span class='ocrx_word' id='word_1_277' title='bbox 1860 3730 2133 3798; x_wconf 84' lang='lat' dir='ltr'><strong>concedit,</strong></span> 
     </span>
    </p>
   </div>
   <div class='ocr_carea' id='block_1_39' title="bbox 557 3821 2062 3894">
    <p class='ocr_par' dir='ltr' id='par_1_39' title="bbox 557 3821 2062 3894">
     <span class='ocr_line' id='line_1_39' title="bbox 557 3821 2062 3894; baseline 0.001 -19"><span class='ocrx_word' id='word_1_278' title='bbox 557 3831 618 3876; x_wconf 91' lang='lat' dir='ltr'><strong>ut</strong></span> <span class='ocrx_word' id='word_1_279' title='bbox 644 3836 729 3885; x_wconf 89' lang='lat' dir='ltr'><strong>ea,</strong></span> <span class='ocrx_word' id='word_1_280' title='bbox 761 3836 991 3894; x_wconf 90' lang='lat' dir='ltr'><strong>quorum</strong></span> <span class='ocrx_word' id='word_1_281' title='bbox 1024 3830 1109 3877; x_wconf 88' lang='lat' dir='ltr'><strong>est</strong></span> <span class='ocrx_word' id='word_1_282' title='bbox 1134 3821 1375 3887; x_wconf 81' lang='lat' dir='ltr'><strong>habitus,</strong></span> <span class='ocrx_word' id='word_1_283' title='bbox 1399 3832 1588 3878; x_wconf 91' lang='lat' dir='ltr'><strong>mutuo</strong></span> <span class='ocrx_word' id='word_1_284' title='bbox 1622 3821 2062 3878; x_wconf 89' lang='lat' dir='ltr'><strong>considerentur.</strong></span> 
     </span>
    </p>
   </div>
   <div class='ocr_carea' id='block_1_40' title="bbox 1230 3934 1508 4004">
    <p class='ocr_par' dir='ltr' id='par_1_40' title="bbox 1230 3934 1508 4004">
     <span class='ocr_line' id='line_1_40' title="bbox 1230 3934 1508 4004; baseline 0.011 -15"><span class='ocrx_word' id='word_1_285' title='bbox 1230 3934 1508 4004; x_wconf 78' lang='lat' dir='ltr'><strong>Ejusdem.</strong></span> 
     </span>
    </p>
   </div>
   <div class='ocr_carea' id='block_1_41' title="bbox 632 4025 2140 4097">
    <p class='ocr_par' dir='ltr' id='par_1_41' title="bbox 632 4025 2140 4097">
     <span class='ocr_line' id='line_1_41' title="bbox 632 4025 2140 4097; baseline 0.003 -17"><span class='ocrx_word' id='word_1_286' title='bbox 632 4025 690 4080; x_wconf 92' lang='lat' dir='ltr'><strong>Si</strong></span> <span class='ocrx_word' id='word_1_287' title='bbox 713 4025 954 4081; x_wconf 70' lang='lat' dir='ltr'><strong>Verbum</strong></span> <span class='ocrx_word' id='word_1_288' title='bbox 996 4028 1431 4097; x_wconf 88' lang='lat' dir='ltr'><strong>procreationem</strong></span> <span class='ocrx_word' id='word_1_289' title='bbox 1462 4044 1646 4084; x_wconf 84' lang='lat' dir='ltr'><strong>rerum</strong></span> <span class='ocrx_word' id='word_1_290' title='bbox 1697 4028 1997 4093; x_wconf 88' lang='lat' dir='ltr'><strong>antecedit,</strong></span> <span class='ocrx_word' id='word_1_291' title='bbox 2035 4041 2140 4085; x_wconf 87' lang='lat' dir='ltr'><strong>nec</strong></span> 
     </span>
    </p>
   </div>
   <div class='ocr_carea' id='block_1_42' title="bbox 556 4117 2134 4191">
    <p class='ocr_par' dir='ltr' id='par_1_42' title="bbox 556 4117 2134 4191">
     <span class='ocr_line' id='line_1_42' title="bbox 556 4117 2134 4191; baseline 0.003 -19"><span class='ocrx_word' id='word_1_292' title='bbox 556 4117 682 4184; x_wconf 78' lang='lat' dir='ltr'><strong>fuit,</strong></span> <span class='ocrx_word' id='word_1_293' title='bbox 714 4133 818 4173; x_wconf 88' lang='lat' dir='ltr'><strong>nec</strong></span> <span class='ocrx_word' id='word_1_294' title='bbox 845 4129 949 4181; x_wconf 85' lang='lat' dir='ltr'><strong>est,</strong></span> <span class='ocrx_word' id='word_1_295' title='bbox 988 4134 1092 4174; x_wconf 89' lang='lat' dir='ltr'><strong>nec</strong></span> <span class='ocrx_word' id='word_1_296' title='bbox 1143 4128 1248 4174; x_wconf 81' lang='lat' dir='ltr'><strong>erit</strong></span> <span class='ocrx_word' id='word_1_297' title='bbox 1277 4119 1455 4175; x_wconf 83' lang='lat' dir='ltr'><strong>Verbo</strong></span> <span class='ocrx_word' id='word_1_298' title='bbox 1485 4120 1781 4191; x_wconf 87' lang='lat' dir='ltr'><strong>quidquam</strong></span> <span class='ocrx_word' id='word_1_299' title='bbox 1833 4120 2134 4191; x_wconf 89' lang='lat' dir='ltr'><strong>antiquius.</strong></span> 
     </span>
    </p>
   </div>
   <div class='ocr_carea' id='block_1_43' title="bbox 552 4209 2137 4284">
    <p class='ocr_par' dir='ltr' id='par_1_43' title="bbox 552 4209 2137 4284">
     <span class='ocr_line' id='line_1_43' title="bbox 552 4209 2137 4284; baseline 0.002 -20"><span class='ocrx_word' id='word_1_300' title='bbox 552 4212 628 4266; x_wconf 70' lang='lat' dir='ltr'><strong>At</strong></span> <span class='ocrx_word' id='word_1_301' title='bbox 661 4209 899 4265; x_wconf 79' lang='lat' dir='ltr'><strong>Verbum</strong></span> <span class='ocrx_word' id='word_1_302' title='bbox 936 4226 1039 4266; x_wconf 88' lang='lat' dir='ltr'><strong>nec</strong></span> <span class='ocrx_word' id='word_1_303' title='bbox 1065 4211 1183 4266; x_wconf 89' lang='lat' dir='ltr'><strong>sine</strong></span> <span class='ocrx_word' id='word_1_304' title='bbox 1222 4221 1405 4268; x_wconf 89' lang='lat' dir='ltr'><strong>mente</strong></span> <span class='ocrx_word' id='word_1_305' title='bbox 1434 4222 1536 4280; x_wconf 88' lang='lat' dir='ltr'><strong>est,</strong></span> <span class='ocrx_word' id='word_1_306' title='bbox 1578 4229 1683 4269; x_wconf 90' lang='lat' dir='ltr'><strong>nec</strong></span> <span class='ocrx_word' id='word_1_307' title='bbox 1743 4229 1938 4284; x_wconf 81' lang='lat' dir='ltr'><strong>expers</strong></span> <span class='ocrx_word' id='word_1_308' title='bbox 1993 4213 2137 4280; x_wconf 67' lang='lat' dir='ltr'><strong>vitae,</strong></span> 
     </span>
    </p>
   </div>
   <div class='ocr_carea' id='block_1_44' title="bbox 554 4302 2134 4374">
    <p class='ocr_par' dir='ltr' id='par_1_44' title="bbox 554 4302 2134 4374">
     <span class='ocr_line' id='line_1_44' title="bbox 554 4302 2134 4374; baseline 0.001 -17"><span class='ocrx_word' id='word_1_309' title='bbox 554 4302 733 4357; x_wconf 77' lang='lat' dir='ltr'><strong>sedet</strong></span> <span class='ocrx_word' id='word_1_310' title='bbox 772 4313 1103 4370; x_wconf 88' lang='lat' dir='ltr'><strong>mentem,ct</strong></span> <span class='ocrx_word' id='word_1_311' title='bbox 1146 4303 1313 4360; x_wconf 85' lang='lat' dir='ltr'><strong>vitam</strong></span> <span class='ocrx_word' id='word_1_312' title='bbox 1364 4305 1548 4371; x_wconf 85' lang='lat' dir='ltr'><strong>habet,</strong></span> <span class='ocrx_word' id='word_1_313' title='bbox 1613 4313 1854 4359; x_wconf 87' lang='lat' dir='ltr'><strong>mentem</strong></span> <span class='ocrx_word' id='word_1_314' title='bbox 1913 4304 2134 4374; x_wconf 89' lang='lat' dir='ltr'><strong>quidem</strong></span> 
     </span>
    </p>
   </div>
   <div class='ocr_carea' id='block_1_45' title="bbox 551 4396 2137 4465">
    <p class='ocr_par' dir='ltr' id='par_1_45' title="bbox 551 4396 2137 4465">
     <span class='ocr_line' id='line_1_45' title="bbox 551 4396 2137 4465; baseline 0.003 -21"><span class='ocrx_word' id='word_1_315' title='bbox 551 4401 936 4462; x_wconf 78' lang='lat' dir='ltr'><strong>generautem,</strong></span> <span class='ocrx_word' id='word_1_316' title='bbox 966 4404 1019 4448; x_wconf 91' lang='lat' dir='ltr'><strong>et</strong></span> <span class='ocrx_word' id='word_1_317' title='bbox 1065 4410 1162 4465; x_wconf 88' lang='lat' dir='ltr'><strong>per</strong></span> <span class='ocrx_word' id='word_1_318' title='bbox 1184 4397 1479 4452; x_wconf 86' lang='lat' dir='ltr'><strong>essentiam</strong></span> <span class='ocrx_word' id='word_1_319' title='bbox 1502 4396 1859 4452; x_wconf 81' lang='lat' dir='ltr'><strong>exsistentem</strong></span> <span class='ocrx_word' id='word_1_320' title='bbox 1897 4396 2137 4463; x_wconf 81' lang='lat' dir='ltr'><strong>Patrem,</strong></span> 
     </span>
    </p>
   </div>
   <div class='ocr_carea' id='block_1_46' title="bbox 559 4484 2136 4558">
    <p class='ocr_par' dir='ltr' id='par_1_46' title="bbox 559 4484 2136 4558">
     <span class='ocr_line' id='line_1_46' title="bbox 559 4484 2136 4558; baseline 0.004 -21"><span class='ocrx_word' id='word_1_321' title='bbox 559 4484 729 4537; x_wconf 81' lang='lat' dir='ltr'><strong>vitam</strong></span> <span class='ocrx_word' id='word_1_322' title='bbox 758 4494 937 4538; x_wconf 88' lang='lat' dir='ltr'><strong>autem</strong></span> <span class='ocrx_word' id='word_1_323' title='bbox 976 4500 1073 4555; x_wconf 90' lang='lat' dir='ltr'><strong>per</strong></span> <span class='ocrx_word' id='word_1_324' title='bbox 1113 4488 1410 4543; x_wconf 89' lang='lat' dir='ltr'><strong>essentiam</strong></span> <span class='ocrx_word' id='word_1_325' title='bbox 1460 4488 1812 4543; x_wconf 83' lang='lat' dir='ltr'><strong>exsistentem</strong></span> <span class='ocrx_word' id='word_1_326' title='bbox 1872 4487 2136 4558; x_wconf 88' lang='lat' dir='ltr'><strong>Spiritum</strong></span> 
     </span>
    </p>
   </div>
   <div class='ocr_carea' id='block_1_47' title="bbox 550 4587 832 4629">
    <p class='ocr_par' dir='ltr' id='par_1_47' title="bbox 550 4587 832 4629">
     <span class='ocr_line' id='line_1_47' title="bbox 550 4587 832 4629; baseline -0.004 0"><span class='ocrx_word' id='word_1_327' title='bbox 550 4587 832 4629; x_wconf 62' lang='lat' dir='ltr'><strong>sanetum.</strong></span> 
     </span>
    </p>
   </div>
   <div class='ocr_carea' id='block_1_48' title="bbox 554 4709 2133 4783">
    <p class='ocr_par' dir='ltr' id='par_1_48' title="bbox 554 4709 2133 4783">
     <span class='ocr_line' id='line_1_48' title="bbox 554 4709 2133 4783; baseline 0.003 -18"><span class='ocrx_word' id='word_1_328' title='bbox 554 4709 702 4765; x_wconf 58' lang='lat' dir='ltr'><strong>item</strong></span> <span class='ocrx_word' id='word_1_329' title='bbox 730 4712 792 4783; x_wconf 79' lang='lat' dir='ltr'><strong>de</strong></span> <span class='ocrx_word' id='word_1_330' title='bbox 818 4710 1001 4777; x_wconf 83' lang='lat' dir='ltr'><strong>Patre,</strong></span> <span class='ocrx_word' id='word_1_331' title='bbox 1026 4722 1075 4768; x_wconf 87' lang='lat' dir='ltr'><strong>et</strong></span> <span class='ocrx_word' id='word_1_332' title='bbox 1105 4712 1258 4780; x_wconf 83' lang='lat' dir='ltr'><strong>Filio,</strong></span> <span class='ocrx_word' id='word_1_333' title='bbox 1310 4726 1359 4769; x_wconf 86' lang='lat' dir='ltr'><strong>et</strong></span> <span class='ocrx_word' id='word_1_334' title='bbox 1405 4713 1609 4783; x_wconf 80' lang='lat' dir='ltr'><strong>Spiritu</strong></span> <span class='ocrx_word' id='word_1_335' title='bbox 1643 4724 1826 4770; x_wconf 79' lang='lat' dir='ltr'><strong>sancto</strong></span> <span class='ocrx_word' id='word_1_336' title='bbox 1870 4714 2133 4770; x_wconf 73' lang='lat' dir='ltr'><strong>distincta</strong></span> 
     </span>
    </p>
   </div>
   <div class='ocr_carea' id='block_1_49' title="bbox 617 4781 2134 4854">
    <p class='ocr_par' dir='ltr' id='par_1_49' title="bbox 617 4781 2134 4854">
     <span class='ocr_line' id='line_1_49' title="bbox 617 4781 2134 4854; baseline 0.005 -19"><span class='ocrx_word' id='word_1_337' title='bbox 617 4781 983 4854; x_wconf 62' lang='lat' dir='ltr'><strong>simulatque</strong></span> <span class='ocrx_word' id='word_1_338' title='bbox 1043 4785 1195 4839; x_wconf 77' lang='lat' dir='ltr'><strong>unita</strong></span> <span class='ocrx_word' id='word_1_339' title='bbox 1235 4781 1546 4840; x_wconf 76' lang='lat' dir='ltr'><strong>Divinitetis</strong></span> <span class='ocrx_word' id='word_1_340' title='bbox 1573 4787 1734 4840; x_wconf 86' lang='lat' dir='ltr'><strong>ratio.</strong></span> <span class='ocrx_word' id='word_1_341' title='bbox 1789 4784 2134 4843; x_wconf 80' lang='lat' dir='ltr'><strong>Damasceui.</strong></span> 
     </span>
    </p>
   </div>
   <div class='ocr_carea' id='block_1_50' title="bbox 621 4851 862 4921">
    <p class='ocr_par' dir='ltr' id='par_1_50' title="bbox 621 4851 862 4921">
     <span class='ocr_line' id='line_1_50' title="bbox 621 4851 862 4921; baseline -0.017 -13"><span class='ocrx_word' id='word_1_342' title='bbox 621 4851 771 4921; x_wconf 66' lang='lat' dir='ltr'><strong>Cap.</strong></span> <span class='ocrx_word' id='word_1_343' title='bbox 806 4851 862 4904; x_wconf 86' lang='lat'><strong>8.</strong></span> 
     </span>
    </p>
   </div>
   <div class='ocr_carea' id='block_1_51' title="bbox 661 4962 2138 5041">
    <p class='ocr_par' dir='ltr' id='par_1_51' title="bbox 661 4962 2138 5041">
     <span class='ocr_line' id='line_1_51' title="bbox 661 4962 2138 5041; baseline 0.006 -24"><span class='ocrx_word' id='word_1_344' title='bbox 661 4962 952 5020; x_wconf 80' lang='lat' dir='ltr'><strong>Credimus</strong></span> <span class='ocrx_word' id='word_1_345' title='bbox 1004 4965 1170 5038; x_wconf 87' lang='lat' dir='ltr'><strong>igitur</strong></span> <span class='ocrx_word' id='word_1_346' title='bbox 1213 4966 1269 5023; x_wconf 93' lang='lat' dir='ltr'><strong>in</strong></span> <span class='ocrx_word' id='word_1_347' title='bbox 1319 4983 1489 5023; x_wconf 90' lang='lat' dir='ltr'><strong>unum</strong></span> <span class='ocrx_word' id='word_1_348' title='bbox 1554 4966 1745 5036; x_wconf 84' lang='lat' dir='ltr'><strong>Deum,</strong></span> <span class='ocrx_word' id='word_1_349' title='bbox 1812 4969 2138 5041; x_wconf 86' lang='lat' dir='ltr'><strong>principium</strong></span> 
     </span>
    </p>
   </div>
   <div class='ocr_carea' id='block_1_52' title="bbox 552 5053 2134 5128">
    <p class='ocr_par' dir='ltr' id='par_1_52' title="bbox 552 5053 2134 5128">
     <span class='ocr_line' id='line_1_52' title="bbox 552 5053 2134 5128; baseline 0.003 -21"><span class='ocrx_word' id='word_1_350' title='bbox 552 5066 753 5120; x_wconf 79' lang='lat' dir='ltr'><strong>unum,</strong></span> <span class='ocrx_word' id='word_1_351' title='bbox 795 5053 1065 5125; x_wconf 91' lang='lat' dir='ltr'><strong>principio</strong></span> <span class='ocrx_word' id='word_1_352' title='bbox 1093 5064 1393 5120; x_wconf 88' lang='lat' dir='ltr'><strong>carentem,</strong></span> <span class='ocrx_word' id='word_1_353' title='bbox 1442 5055 1770 5121; x_wconf 86' lang='lat' dir='ltr'><strong>increatum,</strong></span> <span class='ocrx_word' id='word_1_354' title='bbox 1809 5056 2134 5128; x_wconf 85' lang='lat' dir='ltr'><strong>ingenitum,</strong></span> 
     </span>
    </p>
   </div>
   <div class='ocr_carea' id='block_1_53' title="bbox 554 5142 2131 5215">
    <p class='ocr_par' dir='ltr' id='par_1_53' title="bbox 554 5142 2131 5215">
     <span class='ocr_line' id='line_1_53' title="bbox 554 5142 2131 5215; baseline 0.006 -18"><span class='ocrx_word' id='word_1_355' title='bbox 554 5142 815 5199; x_wconf 83' lang='lat' dir='ltr'><strong>interitus</strong></span> <span class='ocrx_word' id='word_1_356' title='bbox 844 5159 909 5198; x_wconf 91' lang='lat' dir='ltr'><strong>ac</strong></span> <span class='ocrx_word' id='word_1_357' title='bbox 938 5148 1134 5202; x_wconf 90' lang='lat' dir='ltr'><strong>mortis</strong></span> <span class='ocrx_word' id='word_1_358' title='bbox 1156 5146 1429 5212; x_wconf 89' lang='lat' dir='ltr'><strong>nescium,</strong></span> <span class='ocrx_word' id='word_1_359' title='bbox 1462 5154 1750 5212; x_wconf 64' lang='lat' dir='ltr'><strong>aeternum,</strong></span> <span class='ocrx_word' id='word_1_360' title='bbox 1778 5149 2131 5215; x_wconf 84' lang='lat' dir='ltr'><strong>immensum,</strong></span> 
     </span>
    </p>
   </div>
   <div class='ocr_carea' id='block_1_54' title="bbox 553 5233 2135 5307">
    <p class='ocr_par' dir='ltr' id='par_1_54' title="bbox 553 5233 2135 5307">
     <span class='ocr_line' id='line_1_54' title="bbox 553 5233 2135 5307; baseline 0.006 -19"><span class='ocrx_word' id='word_1_361' title='bbox 553 5233 1122 5306; x_wconf 76' lang='lat' dir='ltr'><strong>incircumscriptum,</strong></span> <span class='ocrx_word' id='word_1_362' title='bbox 1155 5237 1329 5293; x_wconf 87' lang='lat' dir='ltr'><strong>nullis</strong></span> <span class='ocrx_word' id='word_1_363' title='bbox 1373 5239 1626 5295; x_wconf 78' lang='lat' dir='ltr'><strong>terminis</strong></span> <span class='ocrx_word' id='word_1_364' title='bbox 1655 5239 1965 5307; x_wconf 77' lang='lat' dir='ltr'><strong>deﬁnitum,</strong></span> <span class='ocrx_word' id='word_1_365' title='bbox 2009 5242 2135 5297; x_wconf 83' lang='lat' dir='ltr'><strong>iuli-</strong></span> 
     </span>
    </p>
   </div>
   <div class='ocr_carea' id='block_1_55' title="bbox 555 5327 2134 5404">
    <p class='ocr_par' dir='ltr' id='par_1_55' title="bbox 555 5327 2134 5404">
     <span class='ocr_line' id='line_1_55' title="bbox 555 5327 2134 5404; baseline 0.004 -25"><span class='ocrx_word' id='word_1_366' title='bbox 555 5327 691 5379; x_wconf 72' lang='lat' dir='ltr'><strong>nita:</strong></span> <span class='ocrx_word' id='word_1_367' title='bbox 742 5327 1024 5395; x_wconf 72' lang='lat' dir='ltr'><strong>potentiae,</strong></span> <span class='ocrx_word' id='word_1_368' title='bbox 1079 5327 1337 5397; x_wconf 84' lang='lat' dir='ltr'><strong>simplex,</strong></span> <span class='ocrx_word' id='word_1_369' title='bbox 1382 5330 1830 5400; x_wconf 86' lang='lat' dir='ltr'><strong>incompositum,</strong></span> <span class='ocrx_word' id='word_1_370' title='bbox 1881 5331 2134 5404; x_wconf 83' lang='lat' dir='ltr'><strong>incorpo-</strong></span> 
     </span>
    </p>
   </div>
   <div class='ocr_carea' id='block_1_56' title="bbox 556 5417 2134 5495">
    <p class='ocr_par' dir='ltr' id='par_1_56' title="bbox 556 5417 2134 5495">
     <span class='ocr_line' id='line_1_56' title="bbox 556 5417 2134 5495; baseline 0.006 -23"><span class='ocrx_word' id='word_1_371' title='bbox 556 5432 715 5473; x_wconf 71' lang='lat' dir='ltr'><strong>reum</strong></span> <span class='ocrx_word' id='word_1_372' title='bbox 741 5458 755 5481; x_wconf 90' lang='lat'><strong>,</strong></span> <span class='ocrx_word' id='word_1_373' title='bbox 797 5432 825 5471; x_wconf 92' lang='lat' dir='ltr'><strong>a</strong></span> <span class='ocrx_word' id='word_1_374' title='bbox 857 5417 1050 5485; x_wconf 70' lang='lat' dir='ltr'><strong>«ﬂuxu,</strong></span> <span class='ocrx_word' id='word_1_375' title='bbox 1094 5420 1375 5489; x_wconf 89' lang='lat' dir='ltr'><strong>passione,</strong></span> <span class='ocrx_word' id='word_1_376' title='bbox 1426 5422 1687 5495; x_wconf 87' lang='lat' dir='ltr'><strong>omnique</strong></span> <span class='ocrx_word' id='word_1_377' title='bbox 1732 5424 2037 5481; x_wconf 88' lang='lat' dir='ltr'><strong>mutatione</strong></span> <span class='ocrx_word' id='word_1_378' title='bbox 2079 5434 2134 5482; x_wconf 89' lang='lat' dir='ltr'><strong>ct</strong></span> 
     </span>
    </p>
   </div>
   <div class='ocr_carea' id='block_1_57' title="bbox 558 5508 2133 5577">
    <p class='ocr_par' dir='ltr' id='par_1_57' title="bbox 558 5508 2133 5577">
     <span class='ocr_line' id='line_1_57' title="bbox 558 5508 2133 5577; baseline 0.006 -14"><span class='ocrx_word' id='word_1_379' title='bbox 558 5510 889 5565; x_wconf 83' lang='lat' dir='ltr'><strong>alteratione</strong></span> <span class='ocrx_word' id='word_1_380' title='bbox 932 5508 1187 5576; x_wconf 81' lang='lat' dir='ltr'><strong>liberum,</strong></span> <span class='ocrx_word' id='word_1_381' title='bbox 1232 5512 1587 5577; x_wconf 83' lang='lat' dir='ltr'><strong>invisibilem,</strong></span> <span class='ocrx_word' id='word_1_382' title='bbox 1635 5515 1814 5573; x_wconf 90' lang='lat' dir='ltr'><strong>omnis</strong></span> <span class='ocrx_word' id='word_1_383' title='bbox 1870 5518 2133 5573; x_wconf 89' lang='lat' dir='ltr'><strong>bonitatis</strong></span> 
     </span>
    </p>
   </div>
   <div class='ocr_carea' id='block_1_58' title="bbox 554 5600 2131 5670">
    <p class='ocr_par' dir='ltr' id='par_1_58' title="bbox 554 5600 2131 5670">
     <span class='ocr_line' id='line_1_58' title="bbox 554 5600 2131 5670; baseline 0.008 -16"><span class='ocrx_word' id='word_1_384' title='bbox 554 5615 626 5656; x_wconf 84' lang='lat' dir='ltr'><strong>ae</strong></span> <span class='ocrx_word' id='word_1_385' title='bbox 654 5600 884 5670; x_wconf 70' lang='lat' dir='ltr'><strong>iustitiae</strong></span> <span class='ocrx_word' id='word_1_386' title='bbox 923 5600 1153 5668; x_wconf 76' lang='lat' dir='ltr'><strong>fontem,</strong></span> <span class='ocrx_word' id='word_1_387' title='bbox 1200 5609 1375 5663; x_wconf 88' lang='lat' dir='ltr'><strong>lucem</strong></span> <span class='ocrx_word' id='word_1_388' title='bbox 1426 5605 1853 5665; x_wconf 86' lang='lat' dir='ltr'><strong>intellectualem</strong></span> <span class='ocrx_word' id='word_1_389' title='bbox 1888 5617 1943 5665; x_wconf 90' lang='lat' dir='ltr'><strong>et</strong></span> <span class='ocrx_word' id='word_1_390' title='bbox 1975 5610 2131 5667; x_wconf 84' lang='lat' dir='ltr'><strong>inac-</strong></span> 
     </span>
    </p>
   </div>
   <div class='ocr_carea' id='block_1_59' title="bbox 550 5691 2129 5771">
    <p class='ocr_par' dir='ltr' id='par_1_59' title="bbox 550 5691 2129 5771">
     <span class='ocr_line' id='line_1_59' title="bbox 550 5691 2129 5771; baseline 0.008 -26"><span class='ocrx_word' id='word_1_391' title='bbox 550 5704 796 5754; x_wconf 81' lang='lat' dir='ltr'><strong>cessam,</strong></span> <span class='ocrx_word' id='word_1_392' title='bbox 828 5691 1129 5763; x_wconf 87' lang='lat' dir='ltr'><strong>potentiam</strong></span> <span class='ocrx_word' id='word_1_393' title='bbox 1165 5695 1311 5750; x_wconf 89' lang='lat' dir='ltr'><strong>nulla</strong></span> <span class='ocrx_word' id='word_1_394' title='bbox 1348 5712 1609 5753; x_wconf 85' lang='lat' dir='ltr'><strong>mensura</strong></span> <span class='ocrx_word' id='word_1_395' title='bbox 1649 5700 2129 5771; x_wconf 88' lang='lat' dir='ltr'><strong>comprehensam,</strong></span> 
     </span>
    </p>
   </div>
   <div class='ocr_carea' id='block_1_60' title="bbox 549 5783 2127 5862">
    <p class='ocr_par' dir='ltr' id='par_1_60' title="bbox 549 5783 2127 5862">
     <span class='ocr_line' id='line_1_60' title="bbox 549 5783 2127 5862; baseline 0.01 -29"><span class='ocrx_word' id='word_1_396' title='bbox 549 5795 834 5852; x_wconf 85' lang='lat' dir='ltr'><strong>quamque</strong></span> <span class='ocrx_word' id='word_1_397' title='bbox 863 5783 979 5839; x_wconf 90' lang='lat' dir='ltr'><strong>sola</strong></span> <span class='ocrx_word' id='word_1_398' title='bbox 1013 5784 1266 5843; x_wconf 87' lang='lat' dir='ltr'><strong>voluntas</strong></span> <span class='ocrx_word' id='word_1_399' title='bbox 1305 5804 1404 5844; x_wconf 89' lang='lat' dir='ltr'><strong>sua</strong></span> <span class='ocrx_word' id='word_1_400' title='bbox 1440 5791 1700 5845; x_wconf 89' lang='lat' dir='ltr'><strong>metiatur</strong></span> <span class='ocrx_word' id='word_1_401' title='bbox 1731 5791 1749 5860; x_wconf 95' lang='lat'>(</span> <span class='ocrx_word' id='word_1_402' title='bbox 1768 5798 1952 5862; x_wconf 78' lang='lat' dir='ltr'><strong>potest</strong></span> <span class='ocrx_word' id='word_1_403' title='bbox 1981 5792 2127 5849; x_wconf 90' lang='lat' dir='ltr'><strong>enim</strong></span> 
     </span>
    </p>
   </div>
   <div class='ocr_carea' id='block_1_61' title="bbox 549 5872 2128 5955">
    <p class='ocr_par' dir='ltr' id='par_1_61' title="bbox 549 5872 2128 5955">
     <span class='ocr_line' id='line_1_61' title="bbox 549 5872 2128 5955; baseline 0.009 -29"><span class='ocrx_word' id='word_1_404' title='bbox 549 5872 822 5945; x_wconf 80' lang='lat' dir='ltr'><strong>quidquid</strong></span> <span class='ocrx_word' id='word_1_405' title='bbox 859 5874 1034 5947; x_wconf 76' lang='lat' dir='ltr'><strong>vult),</strong></span> <span class='ocrx_word' id='word_1_406' title='bbox 1106 5893 1291 5936; x_wconf 89' lang='lat' dir='ltr'><strong>rerum</strong></span> <span class='ocrx_word' id='word_1_407' title='bbox 1324 5882 1570 5938; x_wconf 83' lang='lat' dir='ltr'><strong>omnium</strong></span> <span class='ocrx_word' id='word_1_408' title='bbox 1605 5883 1992 5955; x_wconf 84' lang='lat' dir='ltr'><strong>conditricem,</strong></span> <span class='ocrx_word' id='word_1_409' title='bbox 2016 5893 2128 5941; x_wconf 82' lang='lat' dir='ltr'><strong>tam</strong></span> 
     </span>
    </p>
   </div>
   <div class='ocr_carea' id='block_1_62' title="bbox 2232 603 3811 681">
    <p class='ocr_par' dir='ltr' id='par_1_62' title="bbox 2232 603 3811 681">
     <span class='ocr_line' id='line_1_62' title="bbox 2232 603 3811 681; baseline -0.003 -19"><span class='ocrx_word' id='word_1_410' title='bbox 2232 609 2713 681; x_wconf 74' lang='grc' dir='ltr'><strong>συμϐεϐηκὸςὲπὶ</strong></span> <span class='ocrx_word' id='word_1_411' title='bbox 2743 605 2880 663; x_wconf 81' lang='grc' dir='ltr'>Θεοῦ</span> <span class='ocrx_word' id='word_1_412' title='bbox 2912 606 3112 677; x_wconf 74' lang='grc' dir='ltr'>λέγειν,</span> <span class='ocrx_word' id='word_1_413' title='bbox 3150 608 3289 678; x_wconf 83' lang='grc' dir='ltr'>μήτε</span> <span class='ocrx_word' id='word_1_414' title='bbox 3332 605 3615 675; x_wconf 87' lang='grc' dir='ltr'>ποιότητα.</span> <span class='ocrx_word' id='word_1_415' title='bbox 3686 603 3811 658; x_wconf 83' lang='grc' dir='ltr'><strong>Τῶν</strong></span> 
     </span>
    </p>
   </div>
   <div class='ocr_carea' id='block_1_63' title="bbox 2234 696 3818 772">
    <p class='ocr_par' dir='ltr' id='par_1_63' title="bbox 2234 696 3818 772">
     <span class='ocr_line' id='line_1_63' title="bbox 2234 696 3818 772; baseline -0.001 -19"><span class='ocrx_word' id='word_1_416' title='bbox 2234 699 2625 772; x_wconf 79' lang='grc' dir='ltr'>συνθέτωνγὰρ</span> <span class='ocrx_word' id='word_1_417' title='bbox 2643 699 2815 754; x_wconf 87' lang='grc' dir='ltr'>ταῦτα</span> <span class='ocrx_word' id='word_1_418' title='bbox 2845 699 2932 757; x_wconf 72' lang='lat' dir='ltr'><strong>xei.</strong></span> <span class='ocrx_word' id='word_1_419' title='bbox 2966 698 3241 771; x_wconf 87' lang='grc' dir='ltr'>τρεπτῶν.</span> <span class='ocrx_word' id='word_1_420' title='bbox 3278 696 3541 752; x_wconf 70' lang='grc' dir='ltr'><strong>Πάνταδὶ</strong></span> <span class='ocrx_word' id='word_1_421' title='bbox 3566 698 3670 751; x_wconf 81' lang='grc' dir='ltr'><strong>ὅσα</strong></span> <span class='ocrx_word' id='word_1_422' title='bbox 3699 696 3818 765; x_wconf 80' lang='grc' dir='ltr'>ἔχει</span> 
     </span>
    </p>
   </div>
   <div class='ocr_carea' id='block_1_64' title="bbox 2230 790 3818 865">
    <p class='ocr_par' dir='ltr' id='par_1_64' title="bbox 2230 790 3818 865">
     <span class='ocr_line' id='line_1_64' title="bbox 2230 790 3818 865; baseline -0.004 -16"><span class='ocrx_word' id='word_1_423' title='bbox 2230 796 2260 849; x_wconf 87' lang='grc' dir='ltr'><strong>ό</strong></span> <span class='ocrx_word' id='word_1_424' title='bbox 2296 795 2450 862; x_wconf 72' lang='grc' dir='ltr'>Θεὸς,</span> <span class='ocrx_word' id='word_1_425' title='bbox 2483 795 2644 865; x_wconf 79' lang='grc' dir='ltr'>φύσει</span> <span class='ocrx_word' id='word_1_426' title='bbox 2696 794 2835 865; x_wconf 77' lang='grc' dir='ltr'>ἔχει,</span> <span class='ocrx_word' id='word_1_427' title='bbox 2876 796 2978 848; x_wconf 65' lang='grc' dir='ltr'>«καὶ</span> <span class='ocrx_word' id='word_1_428' title='bbox 3022 794 3124 848; x_wconf 81' lang='grc' dir='ltr'><strong>οὐκ</strong></span> <span class='ocrx_word' id='word_1_429' title='bbox 3179 792 3469 864; x_wconf 77' lang='grc' dir='ltr'><strong>ἐπίκτητα.</strong></span> <span class='ocrx_word' id='word_1_430' title='bbox 3525 791 3617 862; x_wconf 82' lang='grc' dir='ltr'><strong>Μὴ</strong></span> <span class='ocrx_word' id='word_1_431' title='bbox 3670 790 3818 856; x_wconf 69' lang='grc' dir='ltr'>ἕξεις</span> 
     </span>
    </p>
   </div>
   <div class='ocr_carea' id='block_1_65' title="bbox 2220 885 3816 959">
    <p class='ocr_par' dir='ltr' id='par_1_65' title="bbox 2220 885 3816 959">
     <span class='ocr_line' id='line_1_65' title="bbox 2220 885 3816 959; baseline -0.004 -18"><span class='ocrx_word' id='word_1_432' title='bbox 2220 889 2328 941; x_wconf 77' lang='grc' dir='ltr'><strong>-καὶ</strong></span> <span class='ocrx_word' id='word_1_433' title='bbox 2392 887 2841 959; x_wconf 79' lang='grc' dir='ltr'>ὲπιτηδειότητας</span> <span class='ocrx_word' id='word_1_434' title='bbox 2891 886 3131 958; x_wconf 76' lang='grc' dir='ltr'><strong>ζητήσῃς</strong></span> <span class='ocrx_word' id='word_1_435' title='bbox 3181 886 3275 940; x_wconf 74' lang='grc' dir='ltr'><strong>ἐπὶ</strong></span> <span class='ocrx_word' id='word_1_436' title='bbox 3322 885 3424 956; x_wconf 80' lang='grc' dir='ltr'>τῆς</span> <span class='ocrx_word' id='word_1_437' title='bbox 3467 885 3661 956; x_wconf 81' lang='grc' dir='ltr'><strong>,ἁπλῆς</strong></span> <span class='ocrx_word' id='word_1_438' title='bbox 3714 885 3816 939; x_wconf 75' lang='grc' dir='ltr'><strong>καὶ</strong></span> 
     </span>
    </p>
   </div>
   <div class='ocr_carea' id='block_1_66' title="bbox 2231 977 3815 1053">
    <p class='ocr_par' dir='ltr' id='par_1_66' title="bbox 2231 977 3815 1053">
     <span class='ocr_line' id='line_1_66' title="bbox 2231 977 3815 1053; baseline -0.003 -18"><span class='ocrx_word' id='word_1_439' title='bbox 2231 980 2459 1053; x_wconf 77' lang='grc' dir='ltr'><strong>ἀπείρου</strong></span> <span class='ocrx_word' id='word_1_440' title='bbox 2494 981 2684 1046; x_wconf 83' lang='grc' dir='ltr'><strong>οὐσίας</strong></span> <span class='ocrx_word' id='word_1_441' title='bbox 2707 982 2806 1051; x_wconf 79' lang='grc' dir='ltr'><strong>τῆς</strong></span> <span class='ocrx_word' id='word_1_442' title='bbox 2836 981 2997 1050; x_wconf 79' lang='grc' dir='ltr'><strong>ἁγίας</strong></span> <span class='ocrx_word' id='word_1_443' title='bbox 3047 980 3297 1053; x_wconf 84' lang='grc' dir='ltr'>Τριάδος,</span> <span class='ocrx_word' id='word_1_444' title='bbox 3328 980 3415 1034; x_wconf 79' lang='grc' dir='ltr'><strong>ἶνα</strong></span> <span class='ocrx_word' id='word_1_445' title='bbox 3438 978 3522 1050; x_wconf 83' lang='grc' dir='ltr'>μὴ</span> <span class='ocrx_word' id='word_1_446' title='bbox 3554 977 3815 1031; x_wconf 74' lang='grc' dir='ltr'>σύνθετον</span> 
     </span>
    </p>
   </div>
   <div class='ocr_carea' id='block_1_67' title="bbox 2233 1074 3526 1149">
    <p class='ocr_par' dir='ltr' id='par_1_67' title="bbox 2233 1074 3526 1149">
     <span class='ocr_line' id='line_1_67' title="bbox 2233 1074 3526 1149; baseline 0.001 -20"><span class='ocrx_word' id='word_1_447' title='bbox 2233 1075 2406 1149; x_wconf 79' lang='grc' dir='ltr'>αὐτὴν</span> <span class='ocrx_word' id='word_1_448' title='bbox 2465 1077 2824 1149; x_wconf 77' lang='grc' dir='ltr'>δογματίσῃς,</span> <span class='ocrx_word' id='word_1_449' title='bbox 2872 1075 3063 1145; x_wconf 82' lang='grc' dir='ltr'>ὥσπερ</span> <span class='ocrx_word' id='word_1_450' title='bbox 3109 1074 3180 1129; x_wconf 85' lang='grc' dir='ltr'><strong>τὰ</strong></span> <span class='ocrx_word' id='word_1_451' title='bbox 3231 1075 3526 1146; x_wconf 79' lang='grc' dir='ltr'>κτίσματα.</span> 
     </span>
    </p>
   </div>
   <div class='ocr_carea' id='block_1_68' title="bbox 2826 1282 3196 1338">
    <p class='ocr_par' dir='ltr' id='par_1_68' title="bbox 2826 1282 3196 1338">
     <span class='ocr_line' id='line_1_68' title="bbox 2826 1282 3196 1338; baseline -0.003 -1"><span class='ocrx_word' id='word_1_452' title='bbox 2826 1282 2944 1338; x_wconf 85' lang='grc' dir='ltr'><strong>Τοῦ</strong></span> <span class='ocrx_word' id='word_1_453' title='bbox 2987 1283 3064 1338; x_wconf 86' lang='grc' dir='ltr'><strong>αὐ</strong></span> <span class='ocrx_word' id='word_1_454' title='bbox 3073 1282 3196 1337; x_wconf 88' lang='grc' dir='ltr'>τοῦ.</span> 
     </span>
    </p>
   </div>
   <div class='ocr_carea' id='block_1_69' title="bbox 2315 1372 3796 1446">
    <p class='ocr_par' dir='ltr' id='par_1_69' title="bbox 2315 1372 3796 1446">
     <span class='ocr_line' id='line_1_69' title="bbox 2315 1372 3796 1446; baseline -0.005 -13"><span class='ocrx_word' id='word_1_455' title='bbox 2315 1380 2411 1433; x_wconf 85' lang='grc' dir='ltr'>Ἐκ</span> <span class='ocrx_word' id='word_1_456' title='bbox 2468 1378 2579 1432; x_wconf 86' lang='grc' dir='ltr'>τῶν</span> <span class='ocrx_word' id='word_1_457' title='bbox 2606 1377 2774 1431; x_wconf 76' lang='grc' dir='ltr'>ὄντων</span> <span class='ocrx_word' id='word_1_458' title='bbox 2819 1377 2928 1429; x_wconf 90' lang='grc' dir='ltr'>τῶν</span> <span class='ocrx_word' id='word_1_459' title='bbox 2981 1376 3153 1430; x_wconf 75' lang='grc' dir='ltr'>ὄντων</span> <span class='ocrx_word' id='word_1_460' title='bbox 3203 1372 3548 1446; x_wconf 77' lang='grc' dir='ltr'><strong>γινώσκομεν</strong></span> <span class='ocrx_word' id='word_1_461' title='bbox 3594 1374 3796 1440; x_wconf 86' lang='grc' dir='ltr'>αῐτιον,</span> 
     </span>
    </p>
   </div>
   <div class='ocr_carea' id='block_1_70' title="bbox 2237 1464 3819 1538">
    <p class='ocr_par' dir='ltr' id='par_1_70' title="bbox 2237 1464 3819 1538">
     <span class='ocr_line' id='line_1_70' title="bbox 2237 1464 3819 1538; baseline -0.003 -17"><span class='ocrx_word' id='word_1_462' title='bbox 2237 1467 2334 1521; x_wconf 53' lang='grc' dir='ltr'><strong>καὶ⁸</strong></span> <span class='ocrx_word' id='word_1_463' title='bbox 2365 1468 2430 1521; x_wconf 81' lang='grc' dir='ltr'><strong>ὲκ</strong></span> <span class='ocrx_word' id='word_1_464' title='bbox 2483 1470 2585 1538; x_wconf 83' lang='grc' dir='ltr'>τῆς</span> <span class='ocrx_word' id='word_1_465' title='bbox 2610 1466 2876 1537; x_wconf 81' lang='grc' dir='ltr'>διαφορᾶς</span> <span class='ocrx_word' id='word_1_466' title='bbox 2929 1464 3042 1520; x_wconf 89' lang='grc' dir='ltr'><strong>τῶν</strong></span> <span class='ocrx_word' id='word_1_467' title='bbox 3096 1465 3268 1520; x_wconf 76' lang='grc' dir='ltr'>ὄντων</span> <span class='ocrx_word' id='word_1_468' title='bbox 3294 1466 3393 1534; x_wconf 76' lang='grc' dir='ltr'>τὴν</span> <span class='ocrx_word' id='word_1_469' title='bbox 3443 1465 3819 1519; x_wconf 82' lang='grc' dir='ltr'>ὲνυπόστατον</span> 
     </span>
    </p>
   </div>
   <div class='ocr_carea' id='block_1_71' title="bbox 2232 1557 3822 1628">
    <p class='ocr_par' dir='ltr' id='par_1_71' title="bbox 2232 1557 3822 1628">
     <span class='ocr_line' id='line_1_71' title="bbox 2232 1557 3822 1628; baseline -0.001 -14"><span class='ocrx_word' id='word_1_470' title='bbox 2232 1560 2329 1615; x_wconf 88' lang='grc' dir='ltr'><strong>τοῦ</strong></span> <span class='ocrx_word' id='word_1_471' title='bbox 2383 1561 2537 1623; x_wconf 75' lang='grc' dir='ltr'>ὄντος</span> <span class='ocrx_word' id='word_1_472' title='bbox 2600 1557 2970 1628; x_wconf 74' lang='grc' dir='ltr'><strong>διδασκόμεθα</strong></span> <span class='ocrx_word' id='word_1_473' title='bbox 3034 1558 3252 1626; x_wconf 87' lang='grc' dir='ltr'>σοφίαν,</span> <span class='ocrx_word' id='word_1_474' title='bbox 3298 1558 3389 1612; x_wconf 82' lang='grc' dir='ltr'>τὸν</span> <span class='ocrx_word' id='word_1_475' title='bbox 3418 1558 3572 1624; x_wconf 76' lang='grc' dir='ltr'>Υίὸν,</span> <span class='ocrx_word' id='word_1_476' title='bbox 3623 1559 3719 1612; x_wconf 74' lang='grc' dir='ltr'><strong>καὶ</strong></span> <span class='ocrx_word' id='word_1_477' title='bbox 3747 1559 3822 1612; x_wconf 80' lang='grc' dir='ltr'><strong>ὲκ</strong></span> 
     </span>
    </p>
   </div>
   <div class='ocr_carea' id='block_1_72' title="bbox 2233 1650 3823 1723">
    <p class='ocr_par' dir='ltr' id='par_1_72' title="bbox 2233 1650 3823 1723">
     <span class='ocr_line' id='line_1_72' title="bbox 2233 1650 3823 1723; baseline -0.003 -16"><span class='ocrx_word' id='word_1_478' title='bbox 2233 1655 2335 1723; x_wconf 82' lang='grc' dir='ltr'><strong>τῆς</strong></span> <span class='ocrx_word' id='word_1_479' title='bbox 2362 1652 2469 1707; x_wconf 88' lang='grc' dir='ltr'><strong>τῶν</strong></span> <span class='ocrx_word' id='word_1_480' title='bbox 2525 1653 2696 1706; x_wconf 75' lang='grc' dir='ltr'>ὄντων</span> <span class='ocrx_word' id='word_1_481' title='bbox 2729 1653 2971 1721; x_wconf 80' lang='grc' dir='ltr'>φυσικῆς</span> <span class='ocrx_word' id='word_1_482' title='bbox 2997 1651 3269 1721; x_wconf 84' lang='grc' dir='ltr'>κινήσεως</span> <span class='ocrx_word' id='word_1_483' title='bbox 3316 1650 3419 1721; x_wconf 82' lang='grc' dir='ltr'><strong>τὴν</strong></span> <span class='ocrx_word' id='word_1_484' title='bbox 3447 1651 3823 1704; x_wconf 74' lang='grc' dir='ltr'>ὲνυπόσεατον</span> 
     </span>
    </p>
   </div>
   <div class='ocr_carea' id='block_1_73' title="bbox 2233 1742 3821 1816">
    <p class='ocr_par' dir='ltr' id='par_1_73' title="bbox 2233 1742 3821 1816">
     <span class='ocr_line' id='line_1_73' title="bbox 2233 1742 3821 1816; baseline -0.001 -17"><span class='ocrx_word' id='word_1_485' title='bbox 2233 1745 2330 1799; x_wconf 89' lang='grc' dir='ltr'><strong>τοῦ</strong></span> <span class='ocrx_word' id='word_1_486' title='bbox 2357 1746 2512 1808; x_wconf 76' lang='grc' dir='ltr'>ὄντος</span> <span class='ocrx_word' id='word_1_487' title='bbox 2545 1744 2894 1816; x_wconf 75' lang='grc' dir='ltr'>μανθάνομεν</span> <span class='ocrx_word' id='word_1_488' title='bbox 2922 1742 3091 1811; x_wconf 69' lang='grc' dir='ltr'>ζωὴν,</span> <span class='ocrx_word' id='word_1_489' title='bbox 3126 1742 3225 1815; x_wconf 77' lang='grc' dir='ltr'>τὴν</span> <span class='ocrx_word' id='word_1_490' title='bbox 3250 1742 3365 1797; x_wconf 86' lang='grc' dir='ltr'>τῶν</span> <span class='ocrx_word' id='word_1_491' title='bbox 3379 1742 3552 1799; x_wconf 77' lang='grc' dir='ltr'>ὄντων</span> <span class='ocrx_word' id='word_1_492' title='bbox 3578 1744 3821 1808; x_wconf 75' lang='grc' dir='ltr'>ζωοποι-</span> 
     </span>
    </p>
   </div>
   <div class='ocr_carea' id='block_1_74' title="bbox 2233 1835 3215 1909">
    <p class='ocr_par' dir='ltr' id='par_1_74' title="bbox 2233 1835 3215 1909">
     <span class='ocr_line' id='line_1_74' title="bbox 2233 1835 3215 1909; baseline -0.003 -18"><span class='ocrx_word' id='word_1_493' title='bbox 2233 1838 2292 1891; x_wconf 75' lang='grc' dir='ltr'>δν</span> <span class='ocrx_word' id='word_1_494' title='bbox 2314 1837 2565 1909; x_wconf 77' lang='grc' dir='ltr'>δύναμιν,</span> <span class='ocrx_word' id='word_1_495' title='bbox 2596 1837 2659 1890; x_wconf 84' lang='grc' dir='ltr'><strong>τὸ</strong></span> <span class='ocrx_word' id='word_1_496' title='bbox 2686 1836 2912 1907; x_wconf 75' lang='grc' dir='ltr'>Πνεῦμα</span> <span class='ocrx_word' id='word_1_497' title='bbox 2938 1836 3002 1890; x_wconf 75' lang='grc' dir='ltr'><strong>τὸ</strong></span> <span class='ocrx_word' id='word_1_498' title='bbox 3038 1835 3215 1904; x_wconf 69' lang='grc' dir='ltr'>ἅγιον.</span> 
     </span>
    </p>
   </div>
   <div class='ocr_carea' id='block_1_75' title="bbox 2312 1946 3744 2021">
    <p class='ocr_par' dir='ltr' id='par_1_75' title="bbox 2312 1946 3744 2021">
     <span class='ocr_line' id='line_1_75' title="bbox 2312 1946 3744 2021; baseline -0.001 -15"><span class='ocrx_word' id='word_1_499' title='bbox 2312 1949 2425 2006; x_wconf 86' lang='grc' dir='ltr'><strong>Τοῦ</strong></span> <span class='ocrx_word' id='word_1_500' title='bbox 2454 1949 2729 2006; x_wconf 64' lang='grc' dir='ltr'><strong>αὐτοῦςέκ</strong></span> <span class='ocrx_word' id='word_1_501' title='bbox 2754 1948 2865 2020; x_wconf 83' lang='grc' dir='ltr'>τῆς</span> <span class='ocrx_word' id='word_1_502' title='bbox 2879 1948 3199 2021; x_wconf 79' lang='grc' dir='ltr'><strong>ἑρμηνείας</strong></span> <span class='ocrx_word' id='word_1_503' title='bbox 3224 1946 3331 2003; x_wconf 73' lang='grc' dir='ltr'><strong>τοῦ</strong></span> <span class='ocrx_word' id='word_1_504' title='bbox 3348 1948 3537 2017; x_wconf 83' lang='grc' dir='ltr'><strong>Πάτερ</strong></span> <span class='ocrx_word' id='word_1_505' title='bbox 3556 1947 3744 2018; x_wconf 79' lang='grc' dir='ltr'>ἡμῶν.</span> 
     </span>
    </p>
   </div>
   <div class='ocr_carea' id='block_1_76' title="bbox 2313 2063 3817 2136">
    <p class='ocr_par' dir='ltr' id='par_1_76' title="bbox 2313 2063 3817 2136">
     <span class='ocr_line' id='line_1_76' title="bbox 2313 2063 3817 2136; baseline -0.001 -16"><span class='ocrx_word' id='word_1_506' title='bbox 2313 2067 2533 2135; x_wconf 79' lang='grc' dir='ltr'>’ῢνομα</span> <span class='ocrx_word' id='word_1_507' title='bbox 2585 2064 2681 2121; x_wconf 85' lang='grc' dir='ltr'><strong>τοῦ</strong></span> <span class='ocrx_word' id='word_1_508' title='bbox 2708 2063 2848 2120; x_wconf 84' lang='grc' dir='ltr'>Θεοῦ</span> <span class='ocrx_word' id='word_1_509' title='bbox 2883 2065 2979 2122; x_wconf 81' lang='grc' dir='ltr'><strong>καὶ</strong></span> <span class='ocrx_word' id='word_1_510' title='bbox 3012 2064 3229 2136; x_wconf 74' lang='grc' dir='ltr'>Πατρὸς</span> <span class='ocrx_word' id='word_1_511' title='bbox 3254 2063 3537 2128; x_wconf 81' lang='grc' dir='ltr'>οὖσιωδῶς</span> <span class='ocrx_word' id='word_1_512' title='bbox 3564 2064 3817 2134; x_wconf 81' lang='grc' dir='ltr'><strong>ὑφεστὼς</strong></span> 
     </span>
    </p>
   </div>
   <div class='ocr_carea' id='block_1_77' title="bbox 2234 2158 3825 2230">
    <p class='ocr_par' dir='ltr' id='par_1_77' title="bbox 2234 2158 3825 2230">
     <span class='ocr_line' id='line_1_77' title="bbox 2234 2158 3825 2230; baseline -0.003 -15"><span class='ocrx_word' id='word_1_513' title='bbox 2234 2161 2386 2216; x_wconf 68' lang='grc' dir='ltr'>ἐστιν</span> <span class='ocrx_word' id='word_1_514' title='bbox 2413 2160 2442 2213; x_wconf 86' lang='grc' dir='ltr'>ὁ</span> <span class='ocrx_word' id='word_1_515' title='bbox 2478 2158 2776 2230; x_wconf 83' lang='grc' dir='ltr'>μονογενὴς</span> <span class='ocrx_word' id='word_1_516' title='bbox 2807 2158 2957 2224; x_wconf 87' lang='grc' dir='ltr'>Υίός·</span> <span class='ocrx_word' id='word_1_517' title='bbox 3009 2159 3104 2213; x_wconf 83' lang='grc' dir='ltr'><strong>καὶ</strong></span> <span class='ocrx_word' id='word_1_518' title='bbox 3153 2158 3406 2230; x_wconf 79' lang='grc' dir='ltr'><strong>βασιλεία</strong></span> <span class='ocrx_word' id='word_1_519' title='bbox 3430 2158 3525 2213; x_wconf 86' lang='grc' dir='ltr'><strong>τοῦ</strong></span> <span class='ocrx_word' id='word_1_520' title='bbox 3557 2158 3696 2213; x_wconf 72' lang='grc' dir='ltr'>Θεοῦ</span> <span class='ocrx_word' id='word_1_521' title='bbox 3719 2162 3825 2215; x_wconf 77' lang='grc' dir='ltr'><strong>καὶ</strong></span> 
     </span>
    </p>
   </div>
   <div class='ocr_carea' id='block_1_78' title="bbox 2237 2251 3825 2325">
    <p class='ocr_par' dir='ltr' id='par_1_78' title="bbox 2237 2251 3825 2325">
     <span class='ocr_line' id='line_1_78' title="bbox 2237 2251 3825 2325; baseline 0.001 -20"><span class='ocrx_word' id='word_1_522' title='bbox 2237 2252 2453 2325; x_wconf 73' lang='grc' dir='ltr'>[ἰατρὸς</span> <span class='ocrx_word' id='word_1_523' title='bbox 2514 2251 2795 2316; x_wconf 71' lang='grc' dir='ltr'>,οὐσιωδῶς</span> <span class='ocrx_word' id='word_1_524' title='bbox 2855 2252 3004 2305; x_wconf 72' lang='grc' dir='ltr'>ἐστιν</span> <span class='ocrx_word' id='word_1_525' title='bbox 3044 2251 3339 2322; x_wconf 71' lang='grc' dir='ltr'>ὑφεστῶσα</span> <span class='ocrx_word' id='word_1_526' title='bbox 3382 2251 3445 2306; x_wconf 80' lang='grc' dir='ltr'>τὸ</span> <span class='ocrx_word' id='word_1_527' title='bbox 3498 2251 3724 2323; x_wconf 81' lang='grc' dir='ltr'><strong>Πνεῦμα</strong></span> <span class='ocrx_word' id='word_1_528' title='bbox 3755 2253 3825 2307; x_wconf 72' lang='grc' dir='ltr'><strong>τὸ</strong></span> 
     </span>
    </p>
   </div>
   <div class='ocr_carea' id='block_1_79' title="bbox 2234 2343 3821 2416">
    <p class='ocr_par' dir='ltr' id='par_1_79' title="bbox 2234 2343 3821 2416">
     <span class='ocr_line' id='line_1_79' title="bbox 2234 2343 3821 2416; baseline 0.002 -18"><span class='ocrx_word' id='word_1_529' title='bbox 2234 2344 2410 2413; x_wconf 77' lang='grc' dir='ltr'>ἆγιον.</span> <span class='ocrx_word' id='word_1_530' title='bbox 2449 2345 2516 2398; x_wconf 86' lang='lat'><strong>&#39;0</strong></span> <span class='ocrx_word' id='word_1_531' title='bbox 2546 2344 2657 2413; x_wconf 79' lang='grc' dir='ltr'>γὰρ</span> <span class='ocrx_word' id='word_1_532' title='bbox 2714 2343 2951 2398; x_wconf 67' lang='grc' dir='ltr'>ἐνταῦθα</span> <span class='ocrx_word' id='word_1_533' title='bbox 3000 2344 3280 2408; x_wconf 85' lang='grc' dir='ltr'>Ματθαίός</span> <span class='ocrx_word' id='word_1_534' title='bbox 3349 2363 3485 2416; x_wconf 83' lang='grc' dir='ltr'>φησι</span> <span class='ocrx_word' id='word_1_535' title='bbox 3542 2345 3821 2416; x_wconf 78' lang='grc' dir='ltr'>βασιλεία,</span> 
     </span>
    </p>
   </div>
   <div class='ocr_carea' id='block_1_80' title="bbox 2235 2433 3812 2509">
    <p class='ocr_par' dir='ltr' id='par_1_80' title="bbox 2235 2433 3812 2509">
     <span class='ocr_line' id='line_1_80' title="bbox 2235 2433 3812 2509; baseline 0 -18"><span class='ocrx_word' id='word_1_536' title='bbox 2235 2435 2468 2507; x_wconf 83' lang='grc' dir='ltr'><strong>ἀλλαχοῦ</strong></span> <span class='ocrx_word' id='word_1_537' title='bbox 2498 2438 2608 2490; x_wconf 88' lang='grc' dir='ltr'>τῶν</span> <span class='ocrx_word' id='word_1_538' title='bbox 2667 2433 3077 2506; x_wconf 67' lang='grc' dir='ltr'>εῦαγγελιστῶν</span> <span class='ocrx_word' id='word_1_539' title='bbox 3134 2438 3325 2509; x_wconf 74' lang='grc' dir='ltr'>ἕτερος</span> <span class='ocrx_word' id='word_1_540' title='bbox 3352 2435 3582 2507; x_wconf 77' lang='grc' dir='ltr'><strong>Πνεῦμα</strong></span> <span class='ocrx_word' id='word_1_541' title='bbox 3652 2439 3812 2507; x_wconf 85' lang='grc' dir='ltr'>ᾶγιον</span> 
     </span>
    </p>
   </div>
   <div class='ocr_carea' id='block_1_81' title="bbox 2235 2527 3824 2600">
    <p class='ocr_par' dir='ltr' id='par_1_81' title="bbox 2235 2527 3824 2600">
     <span class='ocr_line' id='line_1_81' title="bbox 2235 2527 3824 2600; baseline 0.001 -18"><span class='ocrx_word' id='word_1_542' title='bbox 2235 2529 2471 2600; x_wconf 77' lang='grc' dir='ltr'><strong>κέκληκε</strong></span> <span class='ocrx_word' id='word_1_543' title='bbox 2494 2527 2740 2598; x_wconf 77' lang='grc' dir='ltr'>φάσκων,</span> <span class='ocrx_word' id='word_1_544' title='bbox 2780 2547 2800 2582; x_wconf 79' lang='grc' dir='ltr'><strong>ι</strong></span> <span class='ocrx_word' id='word_1_545' title='bbox 2844 2528 3077 2583; x_wconf 86' lang='grc' dir='ltr'>Ἐλθέτω</span> <span class='ocrx_word' id='word_1_546' title='bbox 3100 2546 3194 2583; x_wconf 91' lang='grc' dir='ltr'><strong>σου</strong></span> <span class='ocrx_word' id='word_1_547' title='bbox 3217 2530 3278 2583; x_wconf 83' lang='grc' dir='ltr'>τὸ</span> <span class='ocrx_word' id='word_1_548' title='bbox 3309 2528 3531 2599; x_wconf 76' lang='grc' dir='ltr'>Πνεῦμα</span> <span class='ocrx_word' id='word_1_549' title='bbox 3563 2529 3624 2583; x_wconf 87' lang='grc' dir='ltr'><strong>τδ</strong></span> <span class='ocrx_word' id='word_1_550' title='bbox 3660 2529 3824 2597; x_wconf 79' lang='grc' dir='ltr'>ἆγιον</span> 
     </span>
    </p>
   </div>
   <div class='ocr_carea' id='block_1_82' title="bbox 2235 2620 3820 2694">
    <p class='ocr_par' dir='ltr' id='par_1_82' title="bbox 2235 2620 3820 2694">
     <span class='ocr_line' id='line_1_82' title="bbox 2235 2620 3820 2694; baseline -0.001 -19"><span class='ocrx_word' id='word_1_551' title='bbox 2235 2622 2331 2676; x_wconf 81' lang='grc' dir='ltr'><strong>καὶ</strong></span> <span class='ocrx_word' id='word_1_552' title='bbox 2353 2621 2709 2692; x_wconf 78' lang='grc' dir='ltr'>καθαρισάτω</span> <span class='ocrx_word' id='word_1_553' title='bbox 2739 2622 2943 2692; x_wconf 75' lang='grc' dir='ltr'><strong>ἡμᾶς.»</strong></span> <span class='ocrx_word' id='word_1_554' title='bbox 2983 2622 3058 2676; x_wconf 78' lang='grc' dir='ltr'><strong>Οὐ</strong></span> <span class='ocrx_word' id='word_1_555' title='bbox 3107 2622 3217 2693; x_wconf 83' lang='grc' dir='ltr'>γὰρ</span> <span class='ocrx_word' id='word_1_556' title='bbox 3245 2620 3594 2692; x_wconf 37' lang='grc' dir='ltr'>ἐπίκτητονλό</span> <span class='ocrx_word' id='word_1_557' title='bbox 3624 2622 3820 2694; x_wconf 73' lang='grc' dir='ltr'>Πατὴρ</span> 
     </span>
    </p>
   </div>
   <div class='ocr_carea' id='block_1_83' title="bbox 2234 2714 3813 2788">
    <p class='ocr_par' dir='ltr' id='par_1_83' title="bbox 2234 2714 3813 2788">
     <span class='ocr_line' id='line_1_83' title="bbox 2234 2714 3813 2788; baseline 0.001 -21"><span class='ocrx_word' id='word_1_558' title='bbox 2234 2714 2347 2785; x_wconf 70' lang='grc' dir='ltr'>ἔχει</span> <span class='ocrx_word' id='word_1_559' title='bbox 2373 2716 2436 2769; x_wconf 77' lang='grc' dir='ltr'><strong>τὸ</strong></span> <span class='ocrx_word' id='word_1_560' title='bbox 2461 2714 2653 2787; x_wconf 74' lang='grc' dir='ltr'>ὄνομα,</span> <span class='ocrx_word' id='word_1_561' title='bbox 2702 2714 2827 2770; x_wconf 82' lang='grc' dir='ltr'>οῦτε</span> <span class='ocrx_word' id='word_1_562' title='bbox 2866 2714 2971 2786; x_wconf 76' lang='grc' dir='ltr'><strong>μὴν</strong></span> <span class='ocrx_word' id='word_1_563' title='bbox 3000 2717 3074 2779; x_wconf 85' lang='grc' dir='ltr'>ὡς</span> <span class='ocrx_word' id='word_1_564' title='bbox 3122 2715 3280 2781; x_wconf 80' lang='grc' dir='ltr'><strong>ἀξίαν</strong></span> <span class='ocrx_word' id='word_1_565' title='bbox 3322 2716 3813 2788; x_wconf 81' lang='grc' dir='ltr'>ὲπιϐεωρουμένην</span> 
     </span>
    </p>
   </div>
   <div class='ocr_carea' id='block_1_84' title="bbox 2234 2802 3820 2879">
    <p class='ocr_par' dir='ltr' id='par_1_84' title="bbox 2234 2802 3820 2879">
     <span class='ocr_line' id='line_1_84' title="bbox 2234 2802 3820 2879; baseline 0.001 -17"><span class='ocrx_word' id='word_1_566' title='bbox 2234 2805 2388 2879; x_wconf 82' lang='grc' dir='ltr'><strong>αὐτῷ</strong></span> <span class='ocrx_word' id='word_1_567' title='bbox 2448 2806 2681 2879; x_wconf 81' lang='grc' dir='ltr'>νοοῦμεν</span> <span class='ocrx_word' id='word_1_568' title='bbox 2712 2807 2811 2877; x_wconf 81' lang='grc' dir='ltr'>τὴν</span> <span class='ocrx_word' id='word_1_569' title='bbox 2841 2806 3143 2878; x_wconf 85' lang='grc' dir='ltr'><strong>βασιλείαν.</strong></span> <span class='ocrx_word' id='word_1_570' title='bbox 3178 2808 3293 2861; x_wconf 86' lang='grc' dir='ltr'><strong>Οὐκ</strong></span> <span class='ocrx_word' id='word_1_571' title='bbox 3322 2802 3524 2879; x_wconf 75' lang='grc' dir='ltr'>ἦρκται</span> <span class='ocrx_word' id='word_1_572' title='bbox 3578 2809 3685 2879; x_wconf 85' lang='grc' dir='ltr'>γὰρ</span> <span class='ocrx_word' id='word_1_573' title='bbox 3721 2809 3820 2863; x_wconf 88' lang='grc' dir='ltr'><strong>τοῦ</strong></span> 
     </span>
    </p>
   </div>
   <div class='ocr_carea' id='block_1_85' title="bbox 2235 2895 3820 2974">
    <p class='ocr_par' dir='ltr' id='par_1_85' title="bbox 2235 2895 3820 2974">
     <span class='ocr_line' id='line_1_85' title="bbox 2235 2895 3820 2974; baseline 0.001 -21"><span class='ocrx_word' id='word_1_574' title='bbox 2235 2896 2399 2966; x_wconf 73' lang='grc' dir='ltr'>εἶναι,</span> <span class='ocrx_word' id='word_1_575' title='bbox 2444 2898 2532 2953; x_wconf 75' lang='grc' dir='ltr'><strong>ἵνα</strong></span> <span class='ocrx_word' id='word_1_576' title='bbox 2547 2900 2641 2953; x_wconf 58' lang='grc' dir='ltr'><strong>καὶ¹</strong></span> <span class='ocrx_word' id='word_1_577' title='bbox 2674 2899 2770 2956; x_wconf 90' lang='grc' dir='ltr'>τοῦ</span> <span class='ocrx_word' id='word_1_578' title='bbox 2805 2895 2946 2955; x_wconf 72' lang='grc' dir='ltr'>εἶναι</span> <span class='ocrx_word' id='word_1_579' title='bbox 2976 2899 3165 2971; x_wconf 75' lang='grc' dir='ltr'>Πατὴρ</span> <span class='ocrx_word' id='word_1_580' title='bbox 3195 2900 3228 2974; x_wconf 73' lang='grc' dir='ltr'><strong>ἢ</strong></span> <span class='ocrx_word' id='word_1_581' title='bbox 3260 2898 3514 2971; x_wconf 82' lang='grc' dir='ltr'>βασιλεὺς</span> <span class='ocrx_word' id='word_1_582' title='bbox 3558 2899 3733 2973; x_wconf 82' lang='grc' dir='ltr'>ἄρξητ</span> <span class='ocrx_word' id='word_1_583' title='bbox 3777 2919 3820 2969; x_wconf 88' lang='grc' dir='ltr'><strong>ι,</strong></span> 
     </span>
    </p>
   </div>
   <div class='ocr_carea' id='block_1_86' title="bbox 2235 2991 3825 3066">
    <p class='ocr_par' dir='ltr' id='par_1_86' title="bbox 2235 2991 3825 3066">
     <span class='ocr_line' id='line_1_86' title="bbox 2235 2991 3825 3066; baseline -0.001 -18"><span class='ocrx_word' id='word_1_584' title='bbox 2235 2992 2353 3049; x_wconf 78' lang='grc' dir='ltr'>ἀλλ’</span> <span class='ocrx_word' id='word_1_585' title='bbox 2383 2996 2469 3046; x_wconf 71' lang='grc' dir='ltr'><strong>ἀεὶ</strong></span> <span class='ocrx_word' id='word_1_586' title='bbox 2498 2992 2701 3061; x_wconf 76' lang='grc' dir='ltr'>ῶν,ἁεὶ</span> <span class='ocrx_word' id='word_1_587' title='bbox 2721 2994 2816 3047; x_wconf 61' lang='grc' dir='ltr'><strong>καὶ¹</strong></span> <span class='ocrx_word' id='word_1_588' title='bbox 2842 2994 3033 3065; x_wconf 83' lang='grc' dir='ltr'>Πατήρ</span> <span class='ocrx_word' id='word_1_589' title='bbox 3065 2994 3201 3060; x_wconf 78' lang='grc' dir='ltr'>ἐστι,</span> <span class='ocrx_word' id='word_1_590' title='bbox 3237 2994 3332 3047; x_wconf 77' lang='grc' dir='ltr'><strong>καὶ</strong></span> <span class='ocrx_word' id='word_1_591' title='bbox 3361 2991 3639 3065; x_wconf 69' lang='grc' dir='ltr'>βασιλεύς·</span> <span class='ocrx_word' id='word_1_592' title='bbox 3681 2994 3825 3066; x_wconf 73' lang='grc' dir='ltr'>μήτε</span> 
     </span>
    </p>
   </div>
   <div class='ocr_carea' id='block_1_87' title="bbox 2235 3082 3819 3158">
    <p class='ocr_par' dir='ltr' id='par_1_87' title="bbox 2235 3082 3819 3158">
     <span class='ocr_line' id='line_1_87' title="bbox 2235 3082 3819 3158; baseline 0.001 -19"><span class='ocrx_word' id='word_1_593' title='bbox 2235 3084 2333 3140; x_wconf 90' lang='grc' dir='ltr'><strong>τοῦ</strong></span> <span class='ocrx_word' id='word_1_594' title='bbox 2360 3082 2525 3152; x_wconf 80' lang='grc' dir='ltr'>εἶναι,</span> <span class='ocrx_word' id='word_1_595' title='bbox 2594 3088 2733 3158; x_wconf 83' lang='grc' dir='ltr'>μήτε</span> <span class='ocrx_word' id='word_1_596' title='bbox 2786 3086 2883 3141; x_wconf 89' lang='grc' dir='ltr'>τοῦ</span> <span class='ocrx_word' id='word_1_597' title='bbox 2915 3087 3105 3158; x_wconf 76' lang='grc' dir='ltr'>Πατὴρ</span> <span class='ocrx_word' id='word_1_598' title='bbox 3140 3087 3233 3140; x_wconf 79' lang='grc' dir='ltr'><strong>καὶ</strong></span> <span class='ocrx_word' id='word_1_599' title='bbox 3264 3086 3521 3157; x_wconf 84' lang='grc' dir='ltr'>βασιλεὺς</span> <span class='ocrx_word' id='word_1_600' title='bbox 3557 3082 3700 3141; x_wconf 75' lang='grc' dir='ltr'>εῖναι</span> <span class='ocrx_word' id='word_1_601' title='bbox 3756 3089 3819 3141; x_wconf 80' lang='grc' dir='ltr'><strong>τὸ</strong></span> 
     </span>
    </p>
   </div>
   <div class='ocr_carea' id='block_1_88' title="bbox 2232 3177 3824 3252">
    <p class='ocr_par' dir='ltr' id='par_1_88' title="bbox 2232 3177 3824 3252">
     <span class='ocr_line' id='line_1_88' title="bbox 2232 3177 3824 3252; baseline 0.002 -23"><span class='ocrx_word' id='word_1_602' title='bbox 2232 3177 2503 3248; x_wconf 73' lang='grc' dir='ltr'>παράπαν</span> <span class='ocrx_word' id='word_1_603' title='bbox 2555 3178 2852 3249; x_wconf 71' lang='grc' dir='ltr'>ἠργμένος.</span> <span class='ocrx_word' id='word_1_604' title='bbox 2918 3178 3065 3232; x_wconf 80' lang='grc' dir='ltr'><strong>Είδὲ</strong></span> <span class='ocrx_word' id='word_1_605' title='bbox 3096 3180 3182 3233; x_wconf 74' lang='grc' dir='ltr'><strong>ἀεὶ</strong></span> <span class='ocrx_word' id='word_1_606' title='bbox 3230 3177 3329 3243; x_wconf 84' lang='grc' dir='ltr'>ὢν,</span> <span class='ocrx_word' id='word_1_607' title='bbox 3362 3181 3451 3234; x_wconf 72' lang='grc' dir='ltr'><strong>ἀεὶ</strong></span> <span class='ocrx_word' id='word_1_608' title='bbox 3481 3182 3573 3233; x_wconf 70' lang='grc' dir='ltr'><strong>καὶ</strong></span> <span class='ocrx_word' id='word_1_609' title='bbox 3627 3180 3824 3252; x_wconf 72' lang='grc' dir='ltr'>Πατήρ</span> 
     </span>
    </p>
   </div>
   <div class='ocr_carea' id='block_1_89' title="bbox 2238 3269 3819 3343">
    <p class='ocr_par' dir='ltr' id='par_1_89' title="bbox 2238 3269 3819 3343">
     <span class='ocr_line' id='line_1_89' title="bbox 2238 3269 3819 3343; baseline 0.004 -21"><span class='ocrx_word' id='word_1_610' title='bbox 2238 3270 2376 3334; x_wconf 79' lang='grc' dir='ltr'>ἐστι,</span> <span class='ocrx_word' id='word_1_611' title='bbox 2428 3271 2524 3324; x_wconf 84' lang='grc' dir='ltr'><strong>καὶ</strong></span> <span class='ocrx_word' id='word_1_612' title='bbox 2576 3269 2853 3342; x_wconf 76' lang='grc' dir='ltr'>βασιλεὺς,</span> <span class='ocrx_word' id='word_1_613' title='bbox 2915 3270 3004 3325; x_wconf 73' lang='grc' dir='ltr'><strong>ἀεὶ</strong></span> <span class='ocrx_word' id='word_1_614' title='bbox 3064 3272 3171 3343; x_wconf 77' lang='grc' dir='ltr'><strong>ἄρα</strong></span> <span class='ocrx_word' id='word_1_615' title='bbox 3232 3272 3558 3340; x_wconf 70' lang='grc' dir='ltr'>καὶόΥίὸς,</span> <span class='ocrx_word' id='word_1_616' title='bbox 3629 3274 3723 3327; x_wconf 82' lang='grc' dir='ltr'><strong>καὶ</strong></span> <span class='ocrx_word' id='word_1_617' title='bbox 3756 3275 3819 3328; x_wconf 72' lang='grc' dir='ltr'>τὸ</span> 
     </span>
    </p>
   </div>
   <div class='ocr_carea' id='block_1_90' title="bbox 2236 3358 3824 3437">
    <p class='ocr_par' dir='ltr' id='par_1_90' title="bbox 2236 3358 3824 3437">
     <span class='ocr_line' id='line_1_90' title="bbox 2236 3358 3824 3437; baseline 0.005 -24"><span class='ocrx_word' id='word_1_618' title='bbox 2236 3358 2394 3430; x_wconf 73' lang='grc' dir='ltr'>ἅγιον</span> <span class='ocrx_word' id='word_1_619' title='bbox 2426 3361 2651 3431; x_wconf 79' lang='grc' dir='ltr'>Πνεῦμα</span> <span class='ocrx_word' id='word_1_620' title='bbox 2679 3361 2954 3427; x_wconf 82' lang='grc' dir='ltr'>οὐσιωδῶς</span> <span class='ocrx_word' id='word_1_621' title='bbox 3009 3362 3085 3434; x_wconf 85' lang='grc' dir='ltr'>τῷ</span> <span class='ocrx_word' id='word_1_622' title='bbox 3136 3364 3313 3435; x_wconf 76' lang='grc' dir='ltr'>Πατρὶ</span> <span class='ocrx_word' id='word_1_623' title='bbox 3339 3366 3824 3437; x_wconf 7' lang='grc' dir='ltr'>συνυφγεστήκατιν</span> 
     </span>
    </p>
   </div>
   <div class='ocr_carea' id='block_1_91' title="bbox 2235 3453 3822 3531">
    <p class='ocr_par' dir='ltr' id='par_1_91' title="bbox 2235 3453 3822 3531">
     <span class='ocr_line' id='line_1_91' title="bbox 2235 3453 3822 3531; baseline 0.003 -24"><span class='ocrx_word' id='word_1_624' title='bbox 2235 3454 2296 3521; x_wconf 75' lang='grc' dir='ltr'><strong>ἐξ</strong></span> <span class='ocrx_word' id='word_1_625' title='bbox 2329 3453 2499 3508; x_wconf 81' lang='grc' dir='ltr'>αὐτοῦ</span> <span class='ocrx_word' id='word_1_626' title='bbox 2531 3455 2777 3522; x_wconf 70' lang='grc' dir='ltr'>τεόντα,</span> <span class='ocrx_word' id='word_1_627' title='bbox 2809 3457 2906 3511; x_wconf 78' lang='grc' dir='ltr'><strong>καὶ</strong></span> <span class='ocrx_word' id='word_1_628' title='bbox 2928 3457 2985 3509; x_wconf 73' lang='grc' dir='ltr'>ὲν</span> <span class='ocrx_word' id='word_1_629' title='bbox 3013 3457 3167 3529; x_wconf 81' lang='grc' dir='ltr'><strong>αὑτῷ</strong></span> <span class='ocrx_word' id='word_1_630' title='bbox 3189 3457 3436 3528; x_wconf 78' lang='grc' dir='ltr'>φυσικῶς</span> <span class='ocrx_word' id='word_1_631' title='bbox 3469 3460 3609 3531; x_wconf 81' lang='grc' dir='ltr'><strong>ὑπὲρ</strong></span> <span class='ocrx_word' id='word_1_632' title='bbox 3639 3460 3822 3514; x_wconf 77' lang='grc' dir='ltr'><strong>αἰτίαν</strong></span> 
     </span>
    </p>
   </div>
   <div class='ocr_carea' id='block_1_92' title="bbox 2236 3546 3822 3622">
    <p class='ocr_par' dir='ltr' id='par_1_92' title="bbox 2236 3546 3822 3622">
     <span class='ocr_line' id='line_1_92' title="bbox 2236 3546 3822 3622; baseline 0.003 -22"><span class='ocrx_word' id='word_1_633' title='bbox 2236 3548 2335 3601; x_wconf 77' lang='grc' dir='ltr'><strong>καὶ</strong></span> <span class='ocrx_word' id='word_1_634' title='bbox 2355 3546 2537 3617; x_wconf 84' lang='grc' dir='ltr'>λόγον,</span> <span class='ocrx_word' id='word_1_635' title='bbox 2565 3548 2684 3603; x_wconf 78' lang='grc' dir='ltr'>ἀλλ’</span> <span class='ocrx_word' id='word_1_636' title='bbox 2738 3549 2800 3603; x_wconf 86' lang='grc' dir='ltr'><strong>οὐ</strong></span> <span class='ocrx_word' id='word_1_637' title='bbox 2830 3550 2949 3621; x_wconf 81' lang='grc' dir='ltr'>μετ’</span> <span class='ocrx_word' id='word_1_638' title='bbox 3004 3550 3174 3605; x_wconf 78' lang='grc' dir='ltr'>αὐτὸν</span> <span class='ocrx_word' id='word_1_639' title='bbox 3230 3552 3502 3622; x_wconf 83' lang='grc' dir='ltr'>γενόμενα</span> <span class='ocrx_word' id='word_1_640' title='bbox 3548 3550 3616 3605; x_wconf 84' lang='grc' dir='ltr'><strong>δι’</strong></span> <span class='ocrx_word' id='word_1_641' title='bbox 3636 3550 3822 3605; x_wconf 88' lang='grc' dir='ltr'><strong>αίτίαν</strong></span> 
     </span>
    </p>
   </div>
   <div class='ocr_carea' id='block_1_93' title="bbox 2236 3638 3819 3717">
    <p class='ocr_par' dir='ltr' id='par_1_93' title="bbox 2236 3638 3819 3717">
     <span class='ocr_line' id='line_1_93' title="bbox 2236 3638 3819 3717; baseline 0.003 -23"><span class='ocrx_word' id='word_1_642' title='bbox 2236 3638 2483 3712; x_wconf 75' lang='grc' dir='ltr'>ὕστερον.</span> <span class='ocrx_word' id='word_1_643' title='bbox 2502 3640 2567 3694; x_wconf 87' lang='grc' dir='ltr'><strong>Ἡ</strong></span> <span class='ocrx_word' id='word_1_644' title='bbox 2581 3643 2687 3717; x_wconf 85' lang='grc' dir='ltr'>γὰρ</span> <span class='ocrx_word' id='word_1_645' title='bbox 2701 3645 2885 3715; x_wconf 82' lang='grc' dir='ltr'><strong>σχέσις</strong></span> <span class='ocrx_word' id='word_1_646' title='bbox 2902 3642 3273 3711; x_wconf 75' lang='grc' dir='ltr'>συνενδείξεως</span> <span class='ocrx_word' id='word_1_647' title='bbox 3289 3645 3551 3715; x_wconf 74' lang='grc' dir='ltr'><strong>κέκτηται</strong></span> <span class='ocrx_word' id='word_1_648' title='bbox 3566 3643 3819 3713; x_wconf 80' lang='grc' dir='ltr'>δύναμιν,</span> 
     </span>
    </p>
   </div>
   <div class='ocr_carea' id='block_1_94' title="bbox 2233 3727 3822 3809">
    <p class='ocr_par' dir='ltr' id='par_1_94' title="bbox 2233 3727 3822 3809">
     <span class='ocr_line' id='line_1_94' title="bbox 2233 3727 3822 3809; baseline 0.002 -23"><span class='ocrx_word' id='word_1_649' title='bbox 2233 3732 2305 3787; x_wconf 82' lang='grc' dir='ltr'>τὰ</span> <span class='ocrx_word' id='word_1_650' title='bbox 2356 3727 2432 3787; x_wconf 85' lang='grc' dir='ltr'>ὧν</span> <span class='ocrx_word' id='word_1_651' title='bbox 2461 3733 2579 3788; x_wconf 73' lang='grc' dir='ltr'>ἐστι</span> <span class='ocrx_word' id='word_1_652' title='bbox 2615 3752 2677 3788; x_wconf 73' lang='grc' dir='ltr'><strong>τε</strong></span> <span class='ocrx_word' id='word_1_653' title='bbox 2726 3736 2821 3792; x_wconf 75' lang='grc' dir='ltr'>καὶ</span> <span class='ocrx_word' id='word_1_654' title='bbox 2861 3736 3079 3804; x_wconf 63' lang='grc' dir='ltr'>λέγεται</span> <span class='ocrx_word' id='word_1_655' title='bbox 3114 3737 3315 3808; x_wconf 78' lang='grc' dir='ltr'><strong>σχέσις</strong></span> <span class='ocrx_word' id='word_1_656' title='bbox 3350 3737 3471 3809; x_wconf 85' lang='grc' dir='ltr'>μετ’</span> <span class='ocrx_word' id='word_1_657' title='bbox 3495 3734 3702 3809; x_wconf 74' lang='grc' dir='ltr'>ἄλληλα</span> <span class='ocrx_word' id='word_1_658' title='bbox 3741 3738 3822 3809; x_wconf 73' lang='grc' dir='ltr'>μὴ</span> 
     </span>
    </p>
   </div>
   <div class='ocr_carea' id='block_1_95' title="bbox 2238 3827 2969 3902">
    <p class='ocr_par' dir='ltr' id='par_1_95' title="bbox 2238 3827 2969 3902">
     <span class='ocr_line' id='line_1_95' title="bbox 2238 3827 2969 3902; baseline 0.01 -23"><span class='ocrx_word' id='word_1_659' title='bbox 2238 3827 2599 3900; x_wconf 81' lang='grc' dir='ltr'>συγχωροῦσα</span> <span class='ocrx_word' id='word_1_660' title='bbox 2626 3829 2969 3902; x_wconf 65' lang='grc' dir='ltr'><strong>(θεωρεῖσθαι.</strong></span> 
     </span>
    </p>
   </div>
   <div class='ocr_carea' id='block_1_96' title="bbox 2850 3944 3215 4000">
    <p class='ocr_par' dir='ltr' id='par_1_96' title="bbox 2850 3944 3215 4000">
     <span class='ocr_line' id='line_1_96' title="bbox 2850 3944 3215 4000; baseline 0 0"><span class='ocrx_word' id='word_1_661' title='bbox 2850 3945 2961 4000; x_wconf 85' lang='grc' dir='ltr'>Τοῦ</span> <span class='ocrx_word' id='word_1_662' title='bbox 3006 3944 3215 4000; x_wconf 83' lang='grc' dir='ltr'>αὐτοῦ.</span> 
     </span>
    </p>
   </div>
   <div class='ocr_carea' id='block_1_97' title="bbox 2311 4037 3885 4110">
    <p class='ocr_par' dir='ltr' id='par_1_97' title="bbox 2311 4037 3885 4110">
     <span class='ocr_line' id='line_1_97' title="bbox 2311 4037 3885 4110; baseline 0.001 -17"><span class='ocrx_word' id='word_1_663' title='bbox 2311 4040 2375 4093; x_wconf 77' lang='lat' dir='ltr'><strong>El</strong></span> <span class='ocrx_word' id='word_1_664' title='bbox 2404 4039 2575 4107; x_wconf 80' lang='grc' dir='ltr'>Λόγος</span> <span class='ocrx_word' id='word_1_665' title='bbox 2601 4039 3033 4109; x_wconf 80' lang='grc' dir='ltr'>προκαθηγεῖται</span> <span class='ocrx_word' id='word_1_666' title='bbox 3059 4040 3157 4110; x_wconf 81' lang='grc' dir='ltr'>τῆς</span> <span class='ocrx_word' id='word_1_667' title='bbox 3188 4037 3296 4093; x_wconf 89' lang='grc' dir='ltr'>τῶν</span> <span class='ocrx_word' id='word_1_668' title='bbox 3322 4038 3815 4109; x_wconf 78' lang='grc' dir='ltr'>ὅντωνγενέσεως,</span> <span class='ocrx_word' id='word_1_669' title='bbox 3882 4106 3885 4109; x_wconf 3' lang='grc' dir='ltr'><strong>γ</strong></span> 
     </span>
    </p>
   </div>
   <div class='ocr_carea' id='block_1_98' title="bbox 2237 4126 3817 4202">
    <p class='ocr_par' dir='ltr' id='par_1_98' title="bbox 2237 4126 3817 4202">
     <span class='ocr_line' id='line_1_98' title="bbox 2237 4126 3817 4202; baseline 0.001 -17"><span class='ocrx_word' id='word_1_670' title='bbox 2237 4130 2363 4185; x_wconf 73' lang='grc' dir='ltr'>οὔτε</span> <span class='ocrx_word' id='word_1_671' title='bbox 2408 4126 2494 4202; x_wconf 75' lang='grc' dir='ltr'>ἦν,</span> <span class='ocrx_word' id='word_1_672' title='bbox 2543 4130 2666 4183; x_wconf 78' lang='grc' dir='ltr'>οὔτε</span> <span class='ocrx_word' id='word_1_673' title='bbox 2712 4130 2890 4185; x_wconf 75' lang='grc' dir='ltr'><strong>ἐστίν·</strong></span> <span class='ocrx_word' id='word_1_674' title='bbox 2930 4129 3056 4184; x_wconf 75' lang='grc' dir='ltr'>οὔτε</span> <span class='ocrx_word' id='word_1_675' title='bbox 3099 4130 3252 4186; x_wconf 75' lang='grc' dir='ltr'>ἔσται</span> <span class='ocrx_word' id='word_1_676' title='bbox 3294 4129 3387 4183; x_wconf 89' lang='grc' dir='ltr'><strong>τοῦ</strong></span> <span class='ocrx_word' id='word_1_677' title='bbox 3433 4131 3607 4199; x_wconf 82' lang='grc' dir='ltr'>Λόγου</span> <span class='ocrx_word' id='word_1_678' title='bbox 3654 4129 3817 4200; x_wconf 81' lang='grc' dir='ltr'>λόγος</span> 
     </span>
    </p>
   </div>
   <div class='ocr_carea' id='block_1_99' title="bbox 2239 4221 3814 4295">
    <p class='ocr_par' dir='ltr' id='par_1_99' title="bbox 2239 4221 3814 4295">
     <span class='ocr_line' id='line_1_99' title="bbox 2239 4221 3814 4295; baseline 0.001 -19"><span class='ocrx_word' id='word_1_679' title='bbox 2239 4221 2531 4293; x_wconf 82' lang='grc' dir='ltr'>ἀνώτερος.</span> <span class='ocrx_word' id='word_1_680' title='bbox 2550 4223 2721 4291; x_wconf 84' lang='grc' dir='ltr'>Λόγος</span> <span class='ocrx_word' id='word_1_681' title='bbox 2744 4222 2802 4277; x_wconf 78' lang='grc' dir='ltr'><strong>δέ</strong></span> <span class='ocrx_word' id='word_1_682' title='bbox 2832 4223 2981 4276; x_wconf 79' lang='grc' dir='ltr'>ἐστιν</span> <span class='ocrx_word' id='word_1_683' title='bbox 3006 4223 3106 4277; x_wconf 77' lang='grc' dir='ltr'><strong>οὐκ</strong></span> <span class='ocrx_word' id='word_1_684' title='bbox 3138 4224 3320 4290; x_wconf 74' lang='grc' dir='ltr'>ἄνους,</span> <span class='ocrx_word' id='word_1_685' title='bbox 3345 4222 3543 4295; x_wconf 73' lang='grc' dir='ltr'><strong>ἢζωῆς</strong></span> <span class='ocrx_word' id='word_1_686' title='bbox 3558 4223 3814 4294; x_wconf 80' lang='grc' dir='ltr'>ἄμοιρος,</span> 
     </span>
    </p>
   </div>
   <div class='ocr_carea' id='block_1_100' title="bbox 2238 4311 3821 4384">
    <p class='ocr_par' dir='ltr' id='par_1_100' title="bbox 2238 4311 3821 4384">
     <span class='ocr_line' id='line_1_100' title="bbox 2238 4311 3821 4384; baseline 0.003 -17"><span class='ocrx_word' id='word_1_687' title='bbox 2238 4312 2352 4367; x_wconf 82' lang='grc' dir='ltr'>ἀλλ’</span> <span class='ocrx_word' id='word_1_688' title='bbox 2383 4311 2586 4377; x_wconf 71' lang='grc' dir='ltr'>ἔννους,</span> <span class='ocrx_word' id='word_1_689' title='bbox 2610 4315 2706 4368; x_wconf 83' lang='grc' dir='ltr'><strong>καὶ</strong></span> <span class='ocrx_word' id='word_1_690' title='bbox 2730 4312 2862 4379; x_wconf 79' lang='grc' dir='ltr'><strong>ζῶν.</strong></span> <span class='ocrx_word' id='word_1_691' title='bbox 2890 4312 2966 4376; x_wconf 88' lang='grc' dir='ltr'>ὠς</span> <span class='ocrx_word' id='word_1_692' title='bbox 2996 4314 3271 4383; x_wconf 84' lang='grc' dir='ltr'>γεννῶντα</span> <span class='ocrx_word' id='word_1_693' title='bbox 3302 4314 3426 4369; x_wconf 87' lang='grc' dir='ltr'>νοῦν</span> <span class='ocrx_word' id='word_1_694' title='bbox 3456 4314 3594 4384; x_wconf 79' lang='grc' dir='ltr'>ἔχων</span> <span class='ocrx_word' id='word_1_695' title='bbox 3620 4314 3821 4371; x_wconf 69' lang='lat' dir='ltr'><strong>obstu-</strong></span> 
     </span>
    </p>
   </div>
   <div class='ocr_carea' id='block_1_101' title="bbox 2238 4402 3823 4477">
    <p class='ocr_par' dir='ltr' id='par_1_101' title="bbox 2238 4402 3823 4477">
     <span class='ocr_line' id='line_1_101' title="bbox 2238 4402 3823 4477; baseline -0.001 -19"><span class='ocrx_word' id='word_1_696' title='bbox 2238 4402 2343 4467; x_wconf 81' lang='grc' dir='ltr'><strong>δῶς</strong></span> <span class='ocrx_word' id='word_1_697' title='bbox 2373 4403 2661 4474; x_wconf 83' lang='grc' dir='ltr'><strong>ὑφεστῶτα</strong></span> <span class='ocrx_word' id='word_1_698' title='bbox 2692 4403 2784 4459; x_wconf 75' lang='grc' dir='ltr'>τὸν</span> <span class='ocrx_word' id='word_1_699' title='bbox 2815 4403 3057 4477; x_wconf 80' lang='grc' dir='ltr'>Πατέρα,</span> <span class='ocrx_word' id='word_1_700' title='bbox 3086 4405 3181 4458; x_wconf 75' lang='grc' dir='ltr'>καὶ</span> <span class='ocrx_word' id='word_1_701' title='bbox 3203 4403 3351 4476; x_wconf 77' lang='grc' dir='ltr'><strong>ζωὴν</strong></span> <span class='ocrx_word' id='word_1_702' title='bbox 3378 4405 3700 4475; x_wconf 74' lang='grc' dir='ltr'><strong>ὑφεστῶσαν</strong></span> <span class='ocrx_word' id='word_1_703' title='bbox 3724 4404 3823 4459; x_wconf 82' lang='grc' dir='ltr'><strong>οὖ-</strong></span> 
     </span>
    </p>
   </div>
   <div class='ocr_carea' id='block_1_102' title="bbox 2242 4494 3107 4569">
    <p class='ocr_par' dir='ltr' id='par_1_102' title="bbox 2242 4494 3107 4569">
     <span class='ocr_line' id='line_1_102' title="bbox 2242 4494 3107 4569; baseline 0.003 -20"><span class='ocrx_word' id='word_1_704' title='bbox 2242 4494 2448 4559; x_wconf 66' lang='lat' dir='ltr'><strong>mae;</strong></span> <span class='ocrx_word' id='word_1_705' title='bbox 2485 4494 2547 4549; x_wconf 78' lang='grc' dir='ltr'><strong>τὸ</strong></span> <span class='ocrx_word' id='word_1_706' title='bbox 2579 4495 2803 4569; x_wconf 78' lang='grc' dir='ltr'>Πνεῦμα</span> <span class='ocrx_word' id='word_1_707' title='bbox 2839 4495 2901 4550; x_wconf 83' lang='grc' dir='ltr'><strong>τὸ</strong></span> <span class='ocrx_word' id='word_1_708' title='bbox 2926 4495 3107 4566; x_wconf 69' lang='grc' dir='ltr'>ἅγιον.</span> 
     </span>
    </p>
   </div>
   <div class='ocr_carea' id='block_1_103' title="bbox 2244 4712 3831 4788">
    <p class='ocr_par' dir='ltr' id='par_1_103' title="bbox 2244 4712 3831 4788">
     <span class='ocr_line' id='line_1_103' title="bbox 2244 4712 3831 4788; baseline 0.001 -18"><span class='ocrx_word' id='word_1_709' title='bbox 2244 4716 2381 4788; x_wconf 74' lang='grc' dir='ltr'>Ἔτι</span> <span class='ocrx_word' id='word_1_710' title='bbox 2405 4714 2539 4783; x_wconf 71' lang='grc' dir='ltr'><strong>περὶ</strong></span> <span class='ocrx_word' id='word_1_711' title='bbox 2573 4716 2807 4788; x_wconf 73' lang='grc' dir='ltr'>Πατρός</span> <span class='ocrx_word' id='word_1_712' title='bbox 2835 4718 2931 4772; x_wconf 80' lang='grc' dir='ltr'><strong>καί</strong></span> <span class='ocrx_word' id='word_1_713' title='bbox 2962 4717 3437 4787; x_wconf 72' lang='grc' dir='ltr'>Υίοῦ.καί,ἁγίου</span> <span class='ocrx_word' id='word_1_714' title='bbox 3466 4712 3831 4788; x_wconf 79' lang='grc' dir='ltr'>Πνεύματος’</span> 
     </span>
    </p>
   </div>
   <div class='ocr_carea' id='block_1_104' title="bbox 2312 4786 3819 4879">
    <p class='ocr_par' dir='ltr' id='par_1_104' title="bbox 2312 4786 3819 4879">
     <span class='ocr_line' id='line_1_104' title="bbox 2312 4786 3819 4879; baseline 0.003 -40"><span class='ocrx_word' id='word_1_715' title='bbox 2312 4786 2732 4879; x_wconf 49' lang='grc' dir='ltr'>ςιξικξὲριιιένῃ</span> <span class='ocrx_word' id='word_1_716' title='bbox 2912 4788 3028 4879; x_wconf 38' lang='lat' dir='ltr'><strong>legal</strong></span> <span class='ocrx_word' id='word_1_717' title='bbox 3373 4786 3671 4859; x_wconf 69' lang='grc' dir='ltr'><strong>θεολθγίὰ.</strong></span> <span class='ocrx_word' id='word_1_718' title='bbox 3704 4786 3819 4849; x_wconf 78' lang='grc' dir='ltr'><strong>Τοῦ</strong></span> 
     </span>
    </p>
   </div>
   <div class='ocr_carea' id='block_1_105' title="bbox 2314 4858 3109 4929">
    <p class='ocr_par' dir='ltr' id='par_1_105' title="bbox 2314 4858 3109 4929">
     <span class='ocr_line' id='line_1_105' title="bbox 2314 4858 3109 4929; baseline 0.006 -20"><span class='ocrx_word' id='word_1_719' title='bbox 2314 4858 2737 4927; x_wconf 73' lang='grc' dir='ltr'><strong>Δαμασκηνοῦ.</strong></span> <span class='ocrx_word' id='word_1_720' title='bbox 2770 4858 2998 4929; x_wconf 72' lang='grc' dir='ltr'><em>Κεφάλ.</em></span> <span class='ocrx_word' id='word_1_721' title='bbox 3036 4858 3109 4929; x_wconf 82' lang='grc' dir='ltr'><strong>η’.</strong></span> 
     </span>
    </p>
   </div>
   <div class='ocr_carea' id='block_1_106' title="bbox 2289 4972 3813 5055">
    <p class='ocr_par' dir='ltr' id='par_1_106' title="bbox 2289 4972 3813 5055">
     <span class='ocr_line' id='line_1_106' title="bbox 2289 4972 3813 5055; baseline 0.008 -28"><span class='ocrx_word' id='word_1_722' title='bbox 2289 4972 2649 5047; x_wconf 80' lang='grc' dir='ltr'>,Πιστεύομεν</span> <span class='ocrx_word' id='word_1_723' title='bbox 2692 4975 2982 5047; x_wconf 80' lang='grc' dir='ltr'>τοιγαροῦν</span> <span class='ocrx_word' id='word_1_724' title='bbox 3010 4977 3092 5041; x_wconf 77' lang='grc' dir='ltr'>είς</span> <span class='ocrx_word' id='word_1_725' title='bbox 3121 4976 3220 5033; x_wconf 72' lang='grc' dir='ltr'>ἕνα</span> <span class='ocrx_word' id='word_1_726' title='bbox 3250 4978 3419 5044; x_wconf 76' lang='grc' dir='ltr'>Θεὸν,</span> <span class='ocrx_word' id='word_1_727' title='bbox 3452 4979 3584 5051; x_wconf 83' lang='grc' dir='ltr'>μίαν</span> <span class='ocrx_word' id='word_1_728' title='bbox 3612 4981 3813 5055; x_wconf 70' lang='grc' dir='ltr'>ἀρχὴν.</span> 
     </span>
    </p>
   </div>
   <div class='ocr_carea' id='block_1_107' title="bbox 2239 5065 3825 5146">
    <p class='ocr_par' dir='ltr' id='par_1_107' title="bbox 2239 5065 3825 5146">
     <span class='ocr_line' id='line_1_107' title="bbox 2239 5065 3825 5146; baseline 0.007 -25"><span class='ocrx_word' id='word_1_729' title='bbox 2239 5065 2475 5139; x_wconf 74' lang='grc' dir='ltr'>ἄναρχον</span> <span class='ocrx_word' id='word_1_730' title='bbox 2497 5108 2514 5133; x_wconf 93' lang='grc'><strong>,</strong></span> <span class='ocrx_word' id='word_1_731' title='bbox 2544 5068 2799 5124; x_wconf 76' lang='grc' dir='ltr'>ἄκτιστον</span> <span class='ocrx_word' id='word_1_732' title='bbox 2823 5109 2840 5135; x_wconf 96' lang='grc'><strong>,</strong></span> <span class='ocrx_word' id='word_1_733' title='bbox 2874 5069 3170 5141; x_wconf 74' lang='grc' dir='ltr'>ἀγέννητον</span> <span class='ocrx_word' id='word_1_734' title='bbox 3188 5109 3206 5135; x_wconf 84' lang='lat'><strong>,</strong></span> <span class='ocrx_word' id='word_1_735' title='bbox 3257 5072 3549 5146; x_wconf 77' lang='grc' dir='ltr'>ἀνόλεθρόν</span> <span class='ocrx_word' id='word_1_736' title='bbox 3598 5091 3659 5128; x_wconf 80' lang='grc' dir='ltr'><strong>τε</strong></span> <span class='ocrx_word' id='word_1_737' title='bbox 3716 5080 3825 5132; x_wconf 75' lang='grc' dir='ltr'>καὶ</span> 
     </span>
    </p>
   </div>
   <div class='ocr_carea' id='block_1_108' title="bbox 2235 5157 3818 5236">
    <p class='ocr_par' dir='ltr' id='par_1_108' title="bbox 2235 5157 3818 5236">
     <span class='ocr_line' id='line_1_108' title="bbox 2235 5157 3818 5236; baseline 0.004 -25"><span class='ocrx_word' id='word_1_738' title='bbox 2235 5157 2526 5222; x_wconf 80' lang='grc' dir='ltr'>ἀθάνατον,</span> <span class='ocrx_word' id='word_1_739' title='bbox 2568 5158 2808 5225; x_wconf 72' lang='grc' dir='ltr'>αἰώνιον,</span> <span class='ocrx_word' id='word_1_740' title='bbox 2860 5160 3580 5236; x_wconf 72' lang='grc' dir='ltr'>ἄπειρον,,ἀπερίγραπτον,</span> <span class='ocrx_word' id='word_1_741' title='bbox 3613 5166 3818 5236; x_wconf 74' lang='grc' dir='ltr'>ἀπερι-</span> 
     </span>
    </p>
   </div>
   <div class='ocr_carea' id='block_1_109' title="bbox 2233 5250 3816 5328">
    <p class='ocr_par' dir='ltr' id='par_1_109' title="bbox 2233 5250 3816 5328">
     <span class='ocr_line' id='line_1_109' title="bbox 2233 5250 3816 5328; baseline 0.005 -25"><span class='ocrx_word' id='word_1_742' title='bbox 2233 5250 2477 5323; x_wconf 85' lang='grc' dir='ltr'>όριστον,</span> <span class='ocrx_word' id='word_1_743' title='bbox 2497 5251 2956 5324; x_wconf 83' lang='grc' dir='ltr'>ἀπειροδύναμον,</span> <span class='ocrx_word' id='word_1_744' title='bbox 2980 5253 3207 5316; x_wconf 77' lang='grc' dir='ltr'>ἁπλοῦν.</span> <span class='ocrx_word' id='word_1_745' title='bbox 3236 5254 3556 5323; x_wconf 76' lang='grc' dir='ltr'>ἀσύνθετον,</span> <span class='ocrx_word' id='word_1_746' title='bbox 3579 5255 3816 5328; x_wconf 81' lang='grc' dir='ltr'><strong>ἀσώμα-</strong></span> 
     </span>
    </p>
   </div>
   <div class='ocr_carea' id='block_1_110' title="bbox 2231 5342 3811 5420">
    <p class='ocr_par' dir='ltr' id='par_1_110' title="bbox 2231 5342 3811 5420">
     <span class='ocr_line' id='line_1_110' title="bbox 2231 5342 3811 5420; baseline 0.005 -24"><span class='ocrx_word' id='word_1_747' title='bbox 2231 5359 2359 5409; x_wconf 90' lang='grc' dir='ltr'>τον,</span> <span class='ocrx_word' id='word_1_748' title='bbox 2394 5342 2697 5415; x_wconf 78' lang='grc' dir='ltr'>ἄρῤευστον</span> <span class='ocrx_word' id='word_1_749' title='bbox 2722 5385 2739 5413; x_wconf 92' lang='grc'><strong>,</strong></span> <span class='ocrx_word' id='word_1_750' title='bbox 2793 5346 3023 5418; x_wconf 81' lang='grc' dir='ltr'><strong>ἀπαθῆ,</strong></span> <span class='ocrx_word' id='word_1_751' title='bbox 3074 5347 3378 5420; x_wconf 72' lang='grc' dir='ltr'>ἄτρεπτον,</span> <span class='ocrx_word' id='word_1_752' title='bbox 3426 5348 3811 5417; x_wconf 69' lang='grc' dir='ltr'>ἀναλλαίωτον,</span> 
     </span>
    </p>
   </div>
   <div class='ocr_carea' id='block_1_111' title="bbox 2228 5436 3815 5511">
    <p class='ocr_par' dir='ltr' id='par_1_111' title="bbox 2228 5436 3815 5511">
     <span class='ocr_line' id='line_1_111' title="bbox 2228 5436 3815 5511; baseline -0.017 0"><span class='ocrx_word' id='word_1_753' title='bbox 2228 5440 2462 5509; x_wconf 68' lang='grc' dir='ltr'><strong>ἀόρατον</strong></span> <span class='ocrx_word' id='word_1_754' title='bbox 2485 5478 2503 5505; x_wconf 71' lang='grc' dir='ltr'><strong>ν</strong></span> <span class='ocrx_word' id='word_1_755' title='bbox 2540 5436 2723 5510; x_wconf 78' lang='grc' dir='ltr'>πηγὴν</span> <span class='ocrx_word' id='word_1_756' title='bbox 2764 5438 3102 5509; x_wconf 76' lang='grc' dir='ltr'>ἀγαθότητος</span> <span class='ocrx_word' id='word_1_757' title='bbox 3149 5441 3245 5494; x_wconf 76' lang='grc' dir='ltr'><strong>καὶ</strong></span> <span class='ocrx_word' id='word_1_758' title='bbox 3273 5439 3615 5511; x_wconf 84' lang='grc' dir='ltr'>δικαιοσύνης</span> <span class='ocrx_word' id='word_1_759' title='bbox 3645 5481 3660 5505; x_wconf 85' lang='grc'><strong>,</strong></span> <span class='ocrx_word' id='word_1_760' title='bbox 3692 5440 3815 5510; x_wconf 72' lang='grc' dir='ltr'><strong>φῶς</strong></span> 
     </span>
    </p>
   </div>
   <div class='ocr_carea' id='block_1_112' title="bbox 2231 5528 3812 5604">
    <p class='ocr_par' dir='ltr' id='par_1_112' title="bbox 2231 5528 3812 5604">
     <span class='ocr_line' id='line_1_112' title="bbox 2231 5528 3812 5604; baseline 0.002 -21"><span class='ocrx_word' id='word_1_761' title='bbox 2231 5528 2439 5599; x_wconf 75' lang='grc' dir='ltr'>νοερὸν,</span> <span class='ocrx_word' id='word_1_762' title='bbox 2483 5530 2782 5601; x_wconf 83' lang='grc' dir='ltr'>ἀπρόσιτον</span> <span class='ocrx_word' id='word_1_763' title='bbox 2848 5529 3297 5602; x_wconf 75' lang='grc' dir='ltr'>δύναμινουύδενὶ</span> <span class='ocrx_word' id='word_1_764' title='bbox 3324 5531 3511 5604; x_wconf 83' lang='grc' dir='ltr'>μέτρῳ</span> <span class='ocrx_word' id='word_1_765' title='bbox 3539 5532 3812 5603; x_wconf 80' lang='grc' dir='ltr'>γνωριζο-</span> 
     </span>
    </p>
   </div>
   <div class='ocr_carea' id='block_1_113' title="bbox 2234 5620 3807 5697">
    <p class='ocr_par' dir='ltr' id='par_1_113' title="bbox 2234 5620 3807 5697">
     <span class='ocr_line' id='line_1_113' title="bbox 2234 5620 3807 5697; baseline 0.003 -24"><span class='ocrx_word' id='word_1_766' title='bbox 2234 5620 2424 5693; x_wconf 78' lang='grc' dir='ltr'>μένην,</span> <span class='ocrx_word' id='word_1_767' title='bbox 2473 5622 2623 5693; x_wconf 88' lang='grc' dir='ltr'>μόνῳ</span> <span class='ocrx_word' id='word_1_768' title='bbox 2667 5622 2745 5695; x_wconf 79' lang='grc' dir='ltr'>τῷ</span> <span class='ocrx_word' id='word_1_769' title='bbox 2791 5623 2978 5695; x_wconf 82' lang='grc' dir='ltr'><strong>οίκείῳ</strong></span> <span class='ocrx_word' id='word_1_770' title='bbox 3038 5624 3340 5696; x_wconf 80' lang='grc' dir='ltr'>βουλήματι</span> <span class='ocrx_word' id='word_1_771' title='bbox 3388 5625 3807 5697; x_wconf 78' lang='grc' dir='ltr'>μετρουμένηνο</span> 
     </span>
    </p>
   </div>
   <div class='ocr_carea' id='block_1_114' title="bbox 2230 5715 3808 5788">
    <p class='ocr_par' dir='ltr' id='par_1_114' title="bbox 2230 5715 3808 5788">
     <span class='ocr_line' id='line_1_114' title="bbox 2230 5715 3808 5788; baseline 0.001 -20"><span class='ocrx_word' id='word_1_772' title='bbox 2230 5716 2409 5770; x_wconf 81' lang='grc' dir='ltr'>πάντα</span> <span class='ocrx_word' id='word_1_773' title='bbox 2435 5715 2544 5787; x_wconf 79' lang='grc' dir='ltr'>γὰρ</span> <span class='ocrx_word' id='word_1_774' title='bbox 2578 5715 2679 5769; x_wconf 84' lang='grc' dir='ltr'><strong>ὅσα</strong></span> <span class='ocrx_word' id='word_1_775' title='bbox 2710 5715 2885 5783; x_wconf 77' lang='grc' dir='ltr'>ϐέλει,</span> <span class='ocrx_word' id='word_1_776' title='bbox 2913 5716 3135 5772; x_wconf 84' lang='grc' dir='ltr'>δύναται</span> <span class='ocrx_word' id='word_1_777' title='bbox 3164 5730 3180 5747; x_wconf 77' lang='grc' dir='ltr'><strong>ο</strong></span> <span class='ocrx_word' id='word_1_778' title='bbox 3231 5717 3452 5772; x_wconf 83' lang='grc' dir='ltr'>πάντων</span> <span class='ocrx_word' id='word_1_779' title='bbox 3486 5717 3808 5788; x_wconf 74' lang='grc' dir='ltr'><strong>κτισμάτων</strong></span> 
     </span>
    </p>
   </div>
   <div class='ocr_carea' id='block_1_115' title="bbox 2228 5806 3805 5881">
    <p class='ocr_par' dir='ltr' id='par_1_115' title="bbox 2228 5806 3805 5881">
     <span class='ocr_line' id='line_1_115' title="bbox 2228 5806 3805 5881; baseline 0.001 -20"><span class='ocrx_word' id='word_1_780' title='bbox 2228 5806 2441 5878; x_wconf 82' lang='grc' dir='ltr'>ὁρατῶν</span> <span class='ocrx_word' id='word_1_781' title='bbox 2478 5824 2538 5860; x_wconf 89' lang='grc' dir='ltr'><strong>τε</strong></span> <span class='ocrx_word' id='word_1_782' title='bbox 2596 5806 2691 5863; x_wconf 74' lang='grc' dir='ltr'><strong>καὶ</strong></span> <span class='ocrx_word' id='word_1_783' title='bbox 2743 5808 2993 5881; x_wconf 84' lang='grc' dir='ltr'>ἀοράτων</span> <span class='ocrx_word' id='word_1_784' title='bbox 3052 5812 3373 5880; x_wconf 81' lang='grc' dir='ltr'>ποιητικὴν,</span> <span class='ocrx_word' id='word_1_785' title='bbox 3423 5810 3643 5865; x_wconf 83' lang='grc' dir='ltr'>πάντων</span> <span class='ocrx_word' id='word_1_786' title='bbox 3675 5827 3805 5863; x_wconf 83' lang='grc' dir='ltr'>συν-</span> 
     </span>
    </p>
   </div>
   <div class='ocr_carea' id='block_1_116' title="bbox 2229 5900 3800 5975">
    <p class='ocr_par' dir='ltr' id='par_1_116' title="bbox 2229 5900 3800 5975">
     <span class='ocr_line' id='line_1_116' title="bbox 2229 5900 3800 5975; baseline 0.001 -22"><span class='ocrx_word' id='word_1_787' title='bbox 2229 5900 2452 5971; x_wconf 81' lang='grc' dir='ltr'>εκτικὴν</span> <span class='ocrx_word' id='word_1_788' title='bbox 2502 5901 2595 5954; x_wconf 78' lang='grc' dir='ltr'><strong>καὶ</strong></span> <span class='ocrx_word' id='word_1_789' title='bbox 2647 5902 3086 5974; x_wconf 80' lang='grc' dir='ltr'>συντηρητικὴν,</span> <span class='ocrx_word' id='word_1_790' title='bbox 3137 5901 3355 5957; x_wconf 80' lang='grc' dir='ltr'>πάντων</span> <span class='ocrx_word' id='word_1_791' title='bbox 3407 5902 3800 5975; x_wconf 79' lang='grc' dir='ltr'>προνοητικὴν,</span> 
     </span>
    </p>
   </div>
  </div>
