4048 6600
320 384 419 445 ιθι

1306 378 1679 441 PANOPLIA
1714 377 2167 443 DOGMA'I‘ICA.
2198 405 2264 416 --
2288 381 2441 444 ΤΙΤ.
2481 382 2562 449 ΙΙ.

3404 386 3509 453 102

316 506 537 558 πάντων
559 500 885 575 κρατοῦσαν,
907 501 999 555 καὶ
1021 502 1312 572 ἄρχουσαν,
1339 504 1431 555 καὶ
1457 502 1866 572 βασιλεύουσαν,

1988 491 2301 557 visibilium,
2339 508 2497 564 quam
2521 493 3225 553 invisibiliumetlectricem
3251 515 3265 565 ;
3289 504 3531 558 omnium

314 597 658 666 ἀτελευτήτῳ
704 596 795 647 καὶ
821 593 1069 663 ἀθανάτῳ
1102 592 1380 662 βασιλείᾳ,
1419 592 1583 663 μηδὲν
1631 590 1868 645 ἐναντίον

310 688 569 756 ἔχουσαν,
601 685 780 739 πάντα
812 684 1117 754 πληροῦσαν
1138 721 1153 747 ,
1184 682 1275 735 ὑπ’
1304 680 1513 745 οὐδενὸς
1542 681 1863 752 περιεχομέ-

313 794 452 848 νην·
501 778 668 845 αῦτὴν
713 776 770 828 δὲ
816 775 1012 845 μᾶλλον
1045 773 1399 843 περιέχουσαν
1438 773 1505 825 τὰ
1559 773 1867 842 σύμπαντα,

314 870 415 922 καὶ
455 867 811 935 συνέχουσαν,
860 866 955 916 καὶ
1002 864 1373 933 προέχουσαν·
1425 860 1705 931 ἀχράντως
1747 863 1867 923 ταῖς

317 957 474 1020 ὅλαις
500 956 707 1018 οὐσίαις
737 952 1177 1019 ὲπιϐατεύουσαν,
1208 952 1302 1006 καὶ
1344 951 1561 1004 πάντων
1588 951 1866 1014 ἐπέκεινα,

319 1051 418 1102 καὶ
452 1049 631 1116 πάσης
655 1046 841 1108 οὐσίας
889 1045 1247 1115 ὲξηρημένην,
1290 1044 1363 1106 ὡς
1392 1041 1734 1112 ὁπερούσιον,
1779 1040 1871 1094 καὶ

318 1138 466 1206 ὑπὲρ
494 1136 561 1188 τά
586 1135 761 1187 πάντα
785 1130 969 1196 οὖσαν,
992 1134 1278 1203 ὖπέρθεον,
1308 1131 1671 1202 ὑπεράγαθον,
1699 1133 1869 1201 ὑπερ-

320 1224 509 1295 πλήρη
535 1242 549 1255 ⁸
583 1223 680 1285 τὰς
724 1224 851 1286 ὅλας
905 1221 1076 1292 ἀρχάς
1122 1220 1218 1274 καὶ
1260 1220 1439 1284 τάξεις
1485 1218 1868 1291 ἀφορίζουσαν,

320 1318 421 1369 καὶ
456 1316 631 1384 πάσης
657 1314 832 1385 ἀρχῆς
873 1313 968 1366 καὶ
998 1313 1202 1379 τάξεως
1252 1310 1703 1382 ὑπεριδρυμένην,
1730 1309 1869 1381 ὑπὲρ

318 1406 530 1468 οὐσίαν,
558 1404 651 1457 καὶ
676 1401 840 1473 ζωὴν,
868 1403 960 1455 καὶ
988 1402 1163 1471 λόγον,
1207 1402 1300 1454 καὶ
1328 1400 1534 1455 ἔννοιαν
1557 1416 1572 1430 ·
1601 1398 1867 1467 αὐτοφῶς,

320 1492 786 1561 αὑτοαγαθότητα,
822 1491 1118 1562 αὐτοζωὴν,
1166 1489 1504 1555 αὑτοουσίαν,
1534 1489 1609 1551 ὡς
1637 1488 1711 1560 μὴ
1741 1486 1870 1559 παρ’

321 1586 510 1655 ἑτέρου
536 1584 595 1636 τὸ
626 1579 763 1636 εἶναι
792 1582 1039 1652 ἔχουσαν,
1072 1583 1189 1652 ἦτοι
1219 1583 1324 1634 τῶν
1358 1583 1456 1634 ὅσα
1488 1580 1632 1633 ἐστίν
1655 1597 1668 1610 ·
1701 1580 1870 1649 αὐτὴν

315 1677 379 1729 δὲ
415 1675 595 1744 πηγὴν
621 1670 786 1726 οὖσαν
812 1673 905 1726 τοῦ
936 1669 1073 1727 εἶναι
1102 1675 1212 1735 τοῖς
1253 1668 1373 1725 οὖσι
1396 1687 1409 1701 ⁸
1454 1673 1562 1733 τοῖς
1592 1670 1744 1732 ζῶσι,
1768 1669 1870 1739 τῆς

317 1764 470 1833 ζωῆς
497 1780 511 1795 ·
558 1767 669 1826 τοῖς
698 1764 853 1831 λόγου
897 1763 1200 1834 μετέχουσι,
1232 1761 1322 1814 τοῦ
1355 1760 1533 1827 λόγου,
1573 1761 1687 1821 τοῖς
1734 1759 1869 1812 πᾶσι

1965 580 2462 645 -conservatricem,
2493 581 2742 637 omnibus
2771 584 3163 652 providentem,
3196 589 3377 642 omnia
3399 604 3531 645 eon-

1967 666 2243 723 stinentem
2270 683 2335 723 ac
2360 678 2653 740 regentem,
2678 680 3105 744 perpetuumque
3124 690 3197 730 hac
3226 676 3531 734 immortale

1987 775 2210 829 regnum
2262 761 2314 814 in
2362 761 2544 815 omnia
2599 763 3155 829 obtinentem;vnihil
3196 770 3529 823 contrarium

1970 849 2293 913 habentem,
2335 851 2516 905 omnia
2554 852 2890 920 implentem,
2922 868 2951 906 a
2983 855 3129 909 nulla
3172 870 3232 911 re
3281 871 3530 926 compre-

1989 941 2233 1007 hensam,
2262 943 2369 996 imo
2405 956 2534 997 vero
2570 942 2743 1012 ipsam
2790 945 3045 999 universa
3088 947 3530 1015 complectentem

1965 1038 2041 1087 ~et
2062 1031 2429 1086 continentem
2458 1046 2521 1087 ac
2549 1033 2968 1101 pmha‘bentem,
2994 1035 3321 1093 substantias
3345 1054 3533 1096 omnes

1987 1123 2106 1178 sine
2156 1123 2454 1192 pollutiOne
2504 1131 2898 1194 penetrantem,
2944 1126 3088 1180 ultra
3128 1143 3215 1184 res
3260 1144 3450 1188 omnes
3482 1142 3534 1188 et

1984 1213 2253 1269 essentias
2414 1212 2577 1286 longe
2677 1218 3086 1286 provectiorem,
3113 1226 3173 1273 ut
3199 1236 3317 1290 quae
3344 1237 3533 1292 snper-

1964 1296 2361 1357 ~substantialis
2396 1311 2501 1367 est,
2553 1305 2911 1375 omnibusque
2944 1308 3175 1364 rentibus
3210 1312 3533 1380 sublimior;

1962 1391 2292 1459 divinitate,
2318 1392 2582 1459 bonitate,
2607 1395 3344 1467 plenitudine’superiorem;
3383 1404 3532 1472 prin-

1968 1482 2200 1553 cipatus
2237 1496 2427 1539 omnes
2493 1494 2655 1555 atque
2704 1486 2922 1542 ordines
2989 1495 3337 1557 statuentem,
3368 1508 3535 1562 super

1966 1585 2197 1625 omnem
2220 1606 2223 1607 ν
2246 1572 2607 1642 principatum
2660 1583 2819 1644 atque
2855 1575 3099 1630 ordinem
3136 1580 3407 1647 positum;
3446 1598 3534 1636 es‘

1985 1660 2178 1726 sentia,
2209 1662 2339 1725 vita,
2364 1674 2631 1728 sermone,
2654 1670 2709 1718 et
2731 1664 2973 1734 cogitatu
2993 1665 3236 1720 altiorem
3264 1684 3417 1739 ;qure
3445 1672 3537 1727 lux

1962 1751 2101 1822 ipsa
2132 1760 2237 1819 est,
2268 1754 2481 1809 bonitas
2501 1755 2639 1826 ipsa,
2684 1755 3059 1826 ipsamet-vita,
3090 1759 3318 1829 ipsemet
3344 1778 3536 1820 essen-

326 1853 543 1907 πάντων
576 1852 803 1921 ἀγαθῶν
843 1854 1023 1908 αίτίαν
1048 1869 1060 1883 ’
1094 1854 1267 1907 πάντα
1314 1853 1516 1907 είδυϊαν
1561 1852 1689 1922 πρὶν
1718 1852 1871 1922 γενέ-

1980 1852 2051 1905 tia
2076 1866 2091 1917 ;
2125 1858 2311 1921 utpote
2342 1862 2465 1921 quae
2500 1864 2600 1906 nec
2626 1865 2748 1908 esse
2774 1866 2954 1919 suum,
2986 1866 3085 1906 nec
3111 1852 3405 1921 quidquam
3434 1868 3509 1908 eo

327 1960 469 2005 σεως
512 1942 724 1996 αὐτῶν·
762 1943 888 2013 μίαν
923 1944 1132 2008 οὐσίαν,
1172 1944 1300 2013 μίαν
1330 1944 1580 2014 θεότητα,
1626 1944 1755 2013 μίαν
1783 1942 1876 1997 δύ-

322 2051 512 2103 ναμιν,
542 2033 669 2102 μίαν
708 2033 942 2103 θέλησιν,
993 2032 1122 2104 μίαν
1164 2032 1464 2104 ἐνέργειαν,
1513 2032 1639 2103 μίαν
1678 2032 1876 2104 ἀρχὴν,

326 2124 458 2193 μίαν
485 2124 750 2190 ἐξουσίαν,
792 2124 922 2193 μίαν
959 2126 1253 2195 κυριότητα
1277 2163 1292 2189 ,
1328 2124 1455 2194 μίαν
1494 2124 1789 2194 βασιλείαν,
1819 2125 1878 2176 ὲν

322 2214 472 2283 τρισὶ
494 2214 723 2275 τελείαις
745 2214 1067 2267 ὑποστάσεσι
1093 2212 1495 2285 γνωριζομένην
1509 2231 1570 2267 τε
1594 2215 1687 2268 καὶ
1714 2231 1880 2286 προσ-

1978 1955 2100 1995 rum
2122 1955 2242 2012 quae
2274 1948 2380 2006 est,
2424 1940 2494 1995 ab
2546 1940 2656 1994 alio
2688 1939 2916 2006 habeat;
2948 1939 3285 2008 verumaipsa
3317 1937 3385 1993 iis
3411 1952 3541 2007 quae

1960 2036 2129 2096 sunt,
2159 2031 2452 2098 essentiae;
2484 2030 2595 2086 illis
2617 2044 2738 2100 quae
2756 2030 2968 2093 vivunt,
3002 2028 3127 2082 vita:
3146 2036 3260 2092 ;et:
3280 2027 3390 2082 illis
3412 2041 3536 2099 qua:

1978 2122 2192 2179 ratione
2234 2129 2487 2188 utuntur,
2535 2123 2765 2179 rationis
2799 2121 2924 2177 fons
2961 2121 3187 2177 exsisutt
3223 2138 3237 2174 :
3268 2121 3533 2175 bonorum

1979 2214 2220 2269 omnium
2250 2214 2465 2268 cunctis
2494 2220 2794 2284 parentem,
2819 2213 3113 2268 intuentem
3144 2211 3325 2265 omnia
3352 2211 3535 2281 prius-

322 2306 658 2374 κυνουμένην
687 2308 782 2375 μιᾷ
828 2306 1223 2376 προσκυνήσει,
1266 2305 1662 2377 πιστευομένην
1693 2321 1752 2357 τε
1783 2304 1878 2358 καὶ

1980 2317 2134 2373 quam
2160 2303 2326 2372 ﬁant;
2367 2312 2529 2358 unam
2552 2302 2943 2366 substantiam,
2982 2315 3145 2355 unam
3175 2300 3532 2361 divinitatem,

321 2393 725 2463 λατρευομένην
750 2393 854 2446 ὑπὸ
888 2394 1067 2462 πάσης
1105 2393 1327 2463 λογικῆς
1357 2392 1604 2458 κτίσεως,
1636 2394 1877 2464 ἀσυγχύ-

322 2499 432 2559 τως
486 2484 795 2552 ήνωμέναις
840 2484 935 2537 καὶ
980 2484 1312 2547 ἀδιαστάτως
1364 2484 1770 2555 διαιρουμέναις
1796 2501 1811 2515 ⁸
1849 2484 1878 2538 ὃ

322 2574 419 2625 καὶ
470 2571 791 2643 παράδοξον.
836 2573 936 2635 Εἰς
983 2573 1213 2644 Πατέρα.
1262 2575 1358 2629 καὶ
1405 2575 1533 2628 Υίὸν
1584 2576 1678 2629 καὶ
1723 2575 1878 2644 ἅγιον

322 2660 571 2730 Πνεῦμα,
615 2664 694 2726 είς
731 2663 768 2716 ἃ.
814 2663 909 2739 καὶ
950 2662 1379 2733 βεϐαπτίσμεθα.
1569 2665 1725 2720 Οὕτω
1775 2667 1881 2738 γὰρ

318 2755 349 2806 ό
395 2753 599 2820 Κύριος
648 2756 762 2818 τοῖς
821 2754 1137 2820 ἀποστόλοις
1191 2755 1470 2831 βαπτίζειν
1529 2753 1836 2813 ἐνετείλατο
1860 2775 1876 2791 ⁸

326 2841 714 2907 Βαπτιζοντες
760 2843 999 2908 αὐτοὺς,
1050 2844 1296 2914 φάσκων,
1335 2847 1422 2911 εις
1460 2845 1529 2898 τὸ
1566 2845 1750 2916 ὄνομα
1773 2847 1880 2902 τοῦ

320 2931 587 2997 Πατρός,
634 2932 735 2987 καί
787 2933 894 2989 τοῦ
948 2933 1114 3001 me,
1166 2935 1265 2991 καὶ
1310 2936 1420 2991 τοῦ
1470 2936 1642 3006 ἁγίου
1692 2939 1881 2994 Πνεῦ-

238 3054 247 3062 ο
315 3035 528 3086 ματος.

325 3119 465 3163 trem
490 3118 545 3163 et
584 3109 779 3164 Filium
824 3118 878 3168 et
921 3109 1183 3180 Spiritum
1221 3120 1491 3179 sanctum,
1553 3113 1607 3167 in
1640 3128 1895 3183 quorum
1933 3116 2098 3171 etiam
2129 3116 2355 3172 nomine
2376 3117 2643 3187 baptizati
2667 3130 2876 3173 sumus.

1969 2407 2131 2447 unam
2172 2393 2447 2458 virtutem,
2480 2408 2641 2448 unam
2689 2393 3039 2459 voluntatem,
3072 2404 3236 2445 unam
3276 2390 3538 2461 operatio-

1982 2498 2130 2553 nem,
2158 2498 2329 2539 uuum
2365 2483 2751 2554 principatum,
2787 2497 2947 2537 unam
2982 2488 3326 2552 potestatem,
3373 2495 3535 2535 unam

1980 2577 2428 2640 dominationem,
2458 2584 2632 2630 unum
2672 2588 2936 2645 regnum;
2970 2581 3029 2628 ut
3061 2581 3241 2628 tamen
3268 2573 3325 2627 in
3362 2573 3540 2626 tribus

1983 2667 2237 2737 perfectis
2266 2666 2521 2737 personis
2537 2676 2813 2731 noscatur,
2846 2674 2903 2720 et
2955 2666 3272 2720 adoratione
3304 2679 3412 2718 una
3441 2664 3542 2716 ad~

1985 2758 2602 2827 oretur,'credaturque,
2649 2764 2701 2811 et
2727 2758 2938 2810 colatur
2974 2755 3044 2811 ab
3086 2755 3233 2810 omni
3285 2753 3536 2808 rationali

1976 2854 2269 2911 creatura;
2342 2847 2543 2917 quippe
2573 2847 2717 2917 quod
2748 2847 2853 2902 illae
2879 2849 3017 2901 citra
3042 2845 3455 2936 permistionem
3483 2853 3539 2898 et

1978 2936 2354 2991 confusionem
2398 2937 2566 2992 unita:
2612 2937 2745 3002 sint,
2802 2944 2857 2992 et
2898 2938 3018 2992 sine
3062 2935 3318 2992 distantia
3356 2935 3537 3005 (quod

1981 3027 2363 3099 cogitationem
2409 3042 2624 3083 omnem
2682 3026 2953 3099 superat)
3000 3027 3251 3084 discretae
3291 3046 3305 3083 :
3346 3027 3401 3080 in
3437 3025 3541 3079 Pa-

2988 3116 3077 3174 Sic
3101 3120 3249 3174 enim
3283 3119 3540 3175 Dominus

322 3201 590 3270 apostolis
634 3202 909 3272 baptizare
945 3202 1112 3272 jussit
1158 3203 1540 3271 :Baptizantes
1594 3220 1705 3270 eos,
1762 3204 1958 3274 inquit,
1987 3207 2041 3260 in
2074 3205 2280 3261 nomine
2316 3206 2498 3263 Patria
2532 3217 2581 3262 et
2615 3206 2745 3262 Filii
2774 3219 2823 3264 et
2852 3208 3285 3275 Spiritussancti
3340 3211 3383 3264 ⁸.

396 3290 493 3353 Εἰς
528 3292 623 3344 ἕνα
657 3292 894 3362 Πατέρα,
934 3293 1033 3364 τήν
1062 3294 1279 3348 πάντων
1325 3294 1500 3365 ἀρχὴν
1530 3296 1624 3349 καὶ
1645 3296 1829 3349 αἰτίαν
1855 3311 1870 3326 °

2044 3298 2184 3364 Quid
2208 3332 2209 3335 η
2231 3300 2296 3354 de
2318 3298 2499 3354 Patre
2542 3299 2871 3356 credendum.
2905 3300 3046 3366 Quid
3091 3301 3153 3356 de
3198 3300 3358 3356 Filio.
3384 3331 3455 3341 —-
3481 3306 3539 3361 In

317 3381 426 3436 οὐκ
456 3382 519 3435 ἐκ
552 3400 697 3446 τινος
721 3384 1049 3453 γεννηθέντα
1074 3401 1089 3415 ’
1124 3385 1361 3439 ἀναίτιον
1385 3385 1442 3439 δὲ
1473 3387 1568 3439 καὶ
1592 3386 1886 3458 ἀγέννητον

324 3474 491 3547 μόνον
536 3477 848 3547 ὑπάρχοντα
878 3492 893 3508 ·
936 3478 1156 3532 πάντων
1208 3478 1308 3548 μὲν
1355 3479 1627 3549 ποιητήν
1677 3479 1795 3542 ἑνὸς
1827 3478 1886 3532 δὲ

322 3569 489 3639 μόνου
544 3568 762 3637 Πατέρα
792 3568 950 3635 φύσει
995 3568 1087 3621 τοῦ
1144 3568 1463 3639 μονογενοῦς
1488 3569 1642 3629 ,Υίοῦ
1690 3568 1881 3635 αὑτοῦ,

322 3658 532 3727 Κυρίου
576 3657 670 3722 δὲ,
706 3658 798 3711 καὶ
826 3658 960 3711 Θεοῦ
984 3700 1000 3725 ,
1048 3659 1145 3716 καὶ
1193 3660 1442 3732 Σωτῆρος
1486 3663 1645 3731 ἡμῶν
1706 3662 1878 3731 Ἰησοῦ

321 3747 583 3819 Χριστοῦ,
620 3748 715 3801 καὶ
749 3748 1018 3819 προϐολέα
1130 3746 1226 3804 τοῦ
1335 3749 1599 3819 παναγίου
1628 3748 1880 3820 Πνεῦμα-

319 3858 435 3904 τος.
467 3842 575 3894 Καὶ
606 3844 686 3905 εἰς
724 3843 820 3896 ἕνα
852 3841 977 3895 Υἱδν
1018 3840 1113 3894 τοῦ
1145 3840 1302 3907 Θεοῦ,
1330 3839 1424 3894 τὸν
1461 3841 1756 3912 μονογενῆ,
1789 3840 1881 3895 τὸν

320 3932 528 4003 Κύριον
556 3933 711 4004 ἡμῶν
752 3931 956 4004 Ἰησοῦν
986 3932 1220 4003 Χριστόν
1243 3946 1257 3960 ·
1304 3930 1398 3983 τὸν
1438 3932 1504 3983 ὲκ
1545 3922 1636 3984 τοῦ
1666 3930 1883 4001 Πατρὸς

318 4023 651 4094 γεννηθέντα
676 4023 789 4095 πρὸ,
804 4023 1018 4077 πάντων
1048 4022 1156 4075 τῶν
1181 4020 1421 4075 αίώνων⁶
1450 4020 1565 4089 φῶς
1589 4019 1881 4091 έκλφωτὺς,

320 4115 457 4169 Θεὸν
499 4114 749 4186 ἀληθινὸν
787 4116 853 4167 ὲκ
890 4114 1025 4167 Θεοῦ
1070 4112 1358 4183 ἀληθινοῦ·
1414 4110 1769 4179 γεννηθέντα,
1818 4113 1880 4166 οὐ

322 4205 643 4277 ποιηθέντα,
666 4204 943 4275 ὁμοούσιον
1034 4200 1114 4275 τῷ
1205 4200 1400 4272 Πατρὶ,
1424 4200 1491 4254 δι’
1519 4193 1580 4254 οὗ
1606 4202 1676 4254 τὰ
1703 4200 1881 4257 πάντα

321 4298 541 4366 ἐγένετο
571 4312 585 4325 ’
624 4296 681 4348 ὃν
752 4296 855 4366 πρὸ
886 4293 1341 4348 πάντωνηαίώνων
1370 4292 1635 4359 λέγοντες,
1662 4292 1843 4365 δείκνυ
1861 4323 1877 4333 -

324 4403 427 4456 μεν
450 4387 534 4438 ὅτι
580 4386 808 4455 ἄχρονος
850 4385 942 4437 καὶ
985 4384 1216 4454 ἄναρχος
1243 4380 1406 4435 αὑτοῦ
1438 4382 1471 4453 ὴ
1502 4380 1749 4453 γέννησις
1771 4402 1786 4419 ο
1818 4372 1880 4435 οὗ

298 4477 436 4547 ,γὰρ
470 4477 534 4530 ὲκ
576 4475 671 4528 τοῦ
704 4474 776 4545 μὴ
813 4474 963 4539 ὄντος
996 4477 1076 4538 είς
1113 4475 1174 4527 τὸ
1219 4470 1358 4527 εἶναι
1405 4472 1660 4546 παρήχθη
1692 4476 1722 4528 ό
1754 4475 1883 4539 Υἱὸς

1983 3400 2153 3441 unum
2209 3387 2424 3444 Patrem
2459 3389 2810 3463 (credimus)
2858 3391 3187 3461 principium
3217 3394 3457 3448 omnium
3489 3405 3544 3450 et

1980 3491 2233 3544 causam,
2267 3493 2337 3535 ex
2366 3480 2826 3551 nullotgenitum,
2853 3481 2943 3551 qui
2987 3482 3135 3538 solus
3176 3497 3361 3538 causae
3376 3492 3429 3539 et
3453 3501 3543 3554 ge-

1977 3569 2283 3624 nerationis
2332 3585 2529 3641 expers
2556 3580 2664 3628 est
2707 3572 2992 3627 :omnium
3028 3573 3249 3643 quidem
3295 3576 3538 3629 condito-

1978 3673 2139 3726 rem;
2199 3667 2456 3714 ezeterurn
2515 3661 2680 3715 unius
2738 3660 3001 3715 duntaxat
3070 3670 3263 3716 natura
3326 3662 3540 3718 Patrem

1976 3749 2238 3821 unigeniti
2264 3749 2387 3806 Filii
2413 3751 2497 3807 sui
2531 3751 2937 3807 Domininostri
2968 3750 3117 3809 Jesu'
3140 3752 3366 3816 Christi.
3417 3769 3544 3810 san—

1976 3842 2316 3914 ctissimique
2335 3842 2573 3915 Spiritus
2604 3844 3009 3915 productorem.
3092 3844 3158 3899 Et
3177 3844 3231 3898 in
3264 3860 3430 3900 unum
3452 3845 3544 3899 Fi-

1974 3932 2110 3989 lium
2137 3933 2231 3990 Dei
2272 3934 2609 4006 unigenitum
2648 3935 2934 3991 Dominum
2976 3944 3247 4001 nostrum,
3288 3950 3355 3993 ex
3379 3936 3546 3992 Patre

1986 4031 2179 4080 natum
2203 4034 2331 4081 ante
2356 4026 2536 4081 omnia
2563 4027 2759 4083 saecula
2785 4045 2799 4094 ;
2831 4026 3013 4081 lumen
3035 4027 3102 4083 de
3124 4027 3349 4093 lumine,
3374 4027 3544 4084 Deum

1984 4127 2173 4169 verum
2206 4114 2274 4169 de
2308 4113 2421 4169 Deo
2467 4129 2635 4184 vero;
2666 4116 2931 4188 genitum,
2986 4131 3095 4171 non
3141 4115 3367 4184 factum,
3411 4132 3546 4179 con-

1985 4203 2401 4260 substantialem
2445 4204 2617 4273 Patri,
2667 4222 2789 4276 per,
2813 4221 2975 4278 quem
3007 4205 3189 4263 omnia
3219 4205 3363 4262 facta
3392 4218 3545 4273 sunt.

1984 4292 2156 4359 Quem
2188 4310 2313 4350 cum
2351 4304 2477 4352 ante
2500 4297 2682 4353 omnia
2734 4297 2934 4354 smcula
2962 4298 3219 4364 dicimus,
3244 4298 3427 4369 Lipsius
3454 4315 3547 4371 ge-

1992 4385 2351 4452 nerationem,
2380 4402 2480 4442 nec
2511 4395 2741 4451 tempus,
2773 4401 2874 4441 nec
2912 4385 3126 4442 initium
3174 4386 3285 4455 pati
3312 4385 3555 4442 ostendi-

1992 4490 2138 4532 mus.
2172 4475 2293 4533 Non
2319 4476 2463 4531 enim
2493 4477 2588 4531 Dei
2618 4475 2790 4531 Filius
2812 4492 2879 4532 ex
2908 4473 3085 4531 nihilo
3117 4475 3172 4529 in
3208 4482 3389 4530 ortum
3423 4490 3553 4545 pro-

320 4566 419 4620 τοῦ
446 4566 605 4629 Θεοῦ,
630 4566 689 4620 τὸ
718 4566 1056 4637 ἀπαύγασμα
1088 4567 1184 4636 τῆς
1215 4565 1394 4635 δόξης,
1422 4564 1755 4636 όχαρακτὴρ
1785 4565 1878 4636 τῆς

1989 4567 2184 4623 ductus
2210 4575 2331 4629 est;
2410 4567 2523 4633 ille,
2550 4567 2791 4637 inquam,
2810 4566 2997 4635 gloria:
3017 4564 3295 4636 splendor,
3318 4574 3554 4635 paternae

321 4657 422 4711 τοῦ
451 4657 664 4727 Πατρὸς
692 4656 1062 4719 ὑποστάσεως,
1095 4658 1130 4727 ἡ
1168 4655 1316 4720 ζῶσα
1351 4654 1534 4724 σοφία,
1586 4654 1681 4708 καὶ
1719 4651 1884 4709 δύνα-

327 4766 445 4820 μις,
485 4751 513 4801 ὁ
537 4748 709 4815 Λόγος
739 4748 766 4798 ὁ
791 4749 1239 4818 ὲνυπόστατος,νὴ
1263 4744 1646 4816 οὐσιώδηςκαὶ
1674 4744 1883 4811 τελεία,

325 4842 424 4895 καλ⁵
456 4839 607 4904 ζῶσα
633 4840 796 4893 είκὼν
819 4838 913 4893 τοῦ
947 4838 1178 4909 ἀοράτου
1213 4837 1350 4891 Θεοῦ
1372 4854 1388 4871 ο
1464 4832 1583 4892 ἀλλ’
1650 4836 1754 4892 ἀεὶ
1817 4826 1885 4902 ἦν

327 4933 430 4985 σὺν
470 4931 545 5002 τῷ
578 4931 751 5002 Πατρὶ
774 4971 788 4994 ,
821 4930 914 4984 καὶ
966 4931 1024 4983 ὲν
1055 4929 1234 4999 αὐτῷ,
1274 4927 1459 4991 ἀϊδίως
1499 4926 1598 4981 καὶ
1636 4926 1889 4997 ἀνάρχως

326 5024 393 5089 ἐξ
423 5022 589 5077 αὑτοῦ
620 5022 1041 5094 γεγεννημένος.
1090 5021 1164 5074 υὺ
1205 5020 1315 5090 γὰρ
1344 5015 1411 5091 ἦν
1457 5034 1589 5073 ποτε
1615 5018 1644 5071 ό
1674 5016 1887 5088 Πατὴρ,

326 5117 420 5170 ὅτε
454 5116 557 5170 οὐκ
596 5111 665 5185 ἦν
696 5116 727 5168 ό
764 5116 891 5179 Υίός
915 5131 929 5146 ’
968 5112 1088 5169 ἀλλ’
1130 5112 1245 5182 ἃμα
1278 5111 1489 5182 Πατὴρ,
1518 5110 1637 5180 ἅμα
1669 5108 1889 5176 Υίδςίὸ

328 5206 392 5270 ἐξ
419 5205 585 5260 αὐτοῦ
615 5204 1009 5276 γεγεννημένος
1034 5219 1049 5235 ·
1096 5202 1286 5274 Πατὴρ
1310 5202 1421 5273 γὰρ
1451 5202 1609 5264 urbe
1634 5199 1766 5255 Υῑοῦ
1790 5199 1890 5253 οὐκ

328 5298 401 5352 ἂν
426 5296 678 5368 κληθείη.
709 5298 773 5351 El
801 5296 857 5349 δὲ
883 5290 951 5368 ἧν
979 5294 1054 5367 μὴ
1086 5293 1226 5364 ἔχων
1257 5292 1403 5358 Υίδν,
1435 5292 1536 5346 οὐκ
1563 5285 1630 5363 ἦν
1659 5290 1850 5361 Πατήρ
1871 5304 1886 5321 ·

329 5391 430 5446 καὶ
460 5379 513 5443 εί
541 5389 680 5461 μετά
707 5390 881 5443 ταῦτα
909 5389 1067 5459 ἔσχεν
1106 5386 1257 5453 Υίὸν,
1290 5385 1428 5456 μετὰ
1461 5383 1636 5438 ταῦτα
1675 5382 1892 5451 ἐγένετο

330 5484 548 5554 Πατὴρ,
582 5483 656 5552 μὴ
698 5481 775 5536 ὣν
811 5481 918 5553 πρὸ
956 5481 1144 5535 τούτου
1177 5478 1403 5548 Πατὴρ,
1447 5476 1542 5531 καὶ
1587 5474 1798 5545 ἐτράπη
1827 5474 1892 5526 ὲκ

329 5573 432 5628 τοῦ
464 5574 537 5645 μὴ
583 5567 948 5644 εἶναι’Πατὴρ
983 5573 1065 5635 είς
1104 5571 1164 5626 τὸ
1193 5568 1447 5640 γενέσθαι
1479 5565 1670 5636 Πατήρ
1695 5580 1710 5596 ⁸
1754 5563 1893 5631 ὅπερ

333 5666 521 5733 πάσης
575 5662 923 5734 βλασφημίας
979 5661 1099 5715 icti.
1149 5656 1547 5739 χαλεπώτερον.
1609 5652 1893 5707 ’Δδύνατον

322 5756 439 5825 γὰρ
483 5754 577 5807 τὸν
620 5753 755 5808 Θεδν
795 5753 993 5818 εἰπεῖν,
1038 5749 1245 5820 ἔρημον
1294 5748 1395 5818 τῆς
1451 5745 1690 5817 φυσικῆς
1745 5759 1892 5813 γονι-

1989 4658 2161 4728 figura
2186 4655 2503 4712 substantia:
2542 4658 2591 4721 ',
2616 4656 2738 4710 viva
2754 4654 3042 4724 sapientia,
3068 4660 3123 4709 et
3145 4653 3320 4707 virtus
3352 4651 3396 4718 ³,
3420 4655 3552 4709 sub.

1992 4749 2196 4806 sistens
2230 4745 2489 4811 Verbum,
2519 4745 2900 4802 substantialis
2925 4745 3063 4816 ipsa,
3096 4743 3357 4814 perfecta.
3391 4753 3554 4813 atque

1988 4839 2177 4894 vivens
2206 4838 2384 4908 imago
2419 4836 2511 4891 Dei
2544 4834 2913 4898 ‘invisibilis,
2943 4834 3040 4890 sed
3067 4848 3280 4905 semper
3300 4848 3422 4889 cum
3449 4833 3553 4887 Pa-

1988 4937 2090 4994 tre,
2104 4938 2158 4985 et
2182 4929 2235 4983 in
2257 4929 2416 4984 Patre
2440 4934 2578 4993 erat,
2605 4926 2935 4997 sempiterne
2956 4933 3005 4980 et
3031 4926 3241 4996 absque
3264 4925 3375 4980 ullo
3398 4925 3551 4981 initic

1987 5036 2055 5077 ex
2094 5021 2213 5091 ipso
2261 5020 2496 5091 genitus.
2544 5016 2729 5088 Neque
2764 5018 2909 5073 enim
2956 5016 3117 5073 Pater
3142 5032 3382 5088 unquam
3428 5016 3551 5081 fuit,

1987 5112 2205 5183 quando
2228 5110 2399 5167 Filius
2430 5126 2537 5165 non
2559 5117 2704 5166 esset
2733 5127 2747 5165 :
2776 5124 2964 5165 verum
2989 5110 3152 5165 simul
3183 5109 3364 5175 Pater,
3391 5108 3555 5164 simul

1986 5202 2182 5266 Filius,
2215 5203 2308 5273 qni
2351 5218 2416 5257 ex
2457 5202 2574 5270 ipso
2613 5200 2828 5270 genitus
2854 5208 2960 5256 est.
3014 5200 3198 5270 Neque
3220 5201 3366 5255 enim
3394 5199 3555 5254 Pater

1990 5294 2173 5351 vocari
2203 5294 2394 5364 possit,
2417 5292 2510 5363 qui
2537 5290 2674 5346 Filio
2696 5300 2898 5346 careat.
2921 5288 3127 5345 Namrsi
3148 5289 3286 5344 Filio
3302 5291 3553 5357 aliquan-
3612 5315 3615 5318 ν

1990 5386 2061 5441 do
2096 5386 2293 5450 caruit,
2333 5383 2493 5439 Pater
2521 5392 2671 5439 certe
2712 5398 2820 5438 non
2848 5391 2986 5438 erat.
3082 5380 3147 5434 Et
3171 5382 3216 5435 si
3250 5387 3433 5449 postea
3461 5378 3552 5431 Fi-

1991 5474 2120 5532 lium
2138 5462 2347 5541 habuit;
2360 5483 2548 5545 postea
2568 5487 2785 5544 quoque
2803 5472 2977 5526 factus
2993 5477 3076 5525 est
3091 5467 3268 5531 Pater,
3284 5482 3406 5521 cum
3429 5475 3554 5521 ante

1991 5567 2152 5623 Pater
2195 5581 2303 5621 non
2336 5571 2500 5629 esset,
2603 5565 2775 5630 atque
2896 5575 2961 5615 ex
2997 5573 3062 5613 eo
3086 5558 3227 5627 quod
3257 5556 3412 5612 Pater
3444 5568 3552 5611 non

1986 5667 2124 5722 erat,
2152 5662 2390 5709 mutatus
2413 5662 2515 5718 est.
2554 5666 2725 5722 eoque
2745 5664 3061 5722 progressus
3087 5656 3144 5703 ut
3172 5648 3329 5703 Pater
3364 5655 3548 5704 esset:

1990 5748 2041 5802 id
2069 5747 2211 5817 quod
2248 5745 2397 5800 omni
2447 5740 2784 5813 blasphemia
2860 5738 3080 5821 gravius
3114 5738 3270 5795 foret.
3383 5737 3547 5795 Nefas

420 5854 438 5885 ⁸
466 5853 652 5911 Matth.
688 5869 813 5923 xxv,
847 5854 930 5910 l9.
977 5855 1026 5942 .’
1056 5852 1223 5909 llebr.
1258 5867 1297 5918 ι,
1331 5852 1383 5906 '5.
1458 5852 1478 5884 ⁸
1508 5849 1523 5904 l
1550 5848 1678 5905 Cor.
1708 5864 1746 5913 ι,
1776 5846 1867 5899 2L

1998 5844 2205 5899 Coloss.
2238 5858 2273 5906 I,
2314 5843 2394 5897 15.
