3984 6620
507 355 608 418 ῒο3

1716 360 2096 423 EUTHYMII
2139 361 2500 424 ZIGABENI

3618 372 3722 431 104

487 471 630 527 enim
651 476 734 525 est
756 465 958 533 dicere,
978 464 1143 520 Deum
1167 459 1497 518 fecunditate
1518 462 1755 517 naturali
1783 462 2052 517 caruisse.

2175 473 2414 542 ιότητος.
2460 470 2523 523 Ἦ
2576 469 2633 523 δὲ
2671 468 2980 539 γονιμὸτης,
3013 466 3073 521 τὸ
3120 466 3179 531 ἐξ
3223 462 3417 529 αὐτοῦ,
3466 464 3631 534 ἤγουν
3664 464 3731 515 ὲκ

489 557 813 616 Fecunditas
857 570 1018 627 porro
1050 554 1105 608 in
1138 554 1239 606 hoc
1284 552 1456 622 posita
1480 563 1584 617 est,
1618 560 1675 607 ut
1700 552 1824 622 quis
1869 568 1934 609 ex
1962 568 2057 608 se-

489 654 632 720 ipse,
675 649 727 703 id
774 657 949 703 estex
989 644 1204 715 propria
1235 644 1562 711 substantia,
1603 645 1809 716 prolem
1864 655 2057 717 natura

490 743 723 798 similem
763 739 844 794 sui
881 737 1033 793 edat.

555 830 918 887 Generationis
957 829 1148 880 divina:
1195 844 1228 880 a
1284 828 1546 880 creatione
1606 827 1943 880 discrimina.
1985 856 2057 867 —

490 920 726 977 Proinde
765 935 889 973 cum
931 918 999 973 de
1040 918 1162 972 Filii
1199 918 1556 987 generatione
1594 922 1796 988 agitur,
1840 925 2058 986 tempus

492 1010 878 1066 intercessisse
915 1008 1099 1062 dicere
1136 1007 1363 1074 impium
1403 1016 1522 1069 est;
1630 1014 1725 1060 aut
1755 1004 1878 1059 Filii
1912 1007 2061 1060 exsi-

491 1102 747 1159 stentiam
780 1100 936 1154 Patre
965 1100 1317 1169 posteriorem
1358 1097 1716 1152 constituere.
1825 1096 1903 1150 Ex
1938 1098 2060 1167 ipso

490 1194 634 1247 enim
657 1231 673 1258 ,
708 1192 809 1246 hoc
844 1201 927 1244 est
960 1206 1025 1245 ex
1066 1189 1242 1242 Patris
1278 1196 1471 1241 natura
1493 1226 1507 1250 ,
1560 1202 1684 1242 esse
1715 1187 2063 1255 profitemur

492 1281 619 1337 Filii
647 1282 1083 1352 generationem.
1120 1281 1198 1332 Ac
1226 1278 1331 1333 nisi
1366 1276 1565 1333 Filium
1596 1291 1623 1333 a
1671 1277 1946 1347 principio
1984 1277 2063 1330 si-

494 1376 604 1429 mul
637 1388 758 1427 cum
795 1372 955 1425 Patre
986 1386 1016 1423 a
1050 1383 1160 1439 quo
1190 1369 1409 1439 genitus
1439 1377 1523 1424 est
1547 1419 1560 1435 ,
1591 1366 1762 1425 fuisse
1789 1368 2064 1423 conceda-

495 1480 618 1519 mus
636 1504 656 1529 ,
684 1462 928 1517 Paterna:
949 1460 1272 1516 substantiae
1302 1461 1663 1515 mutationem
1698 1457 2061 1513 inducemus:

494 1554 792 1625 quoniam,
826 1566 950 1606 cuni
1007 1549 1171 1604 Pater
1224 1563 1332 1603 non
1378 1557 1565 1612 esset,
1614 1548 1844 1618 posthac
1886 1549 2067 1603 evasit

497 1647 678 1701 Pater.
717 1642 825 1697 Res
851 1644 994 1697 enim
1043 1650 1273 1704 creatae,
1319 1640 1421 1695 etsi
1455 1639 1803 1709 postmodum
1834 1640 2067 1695 conditae
2133 1640 2137 1644 ”

497 1744 663 1799 sunt,
715 1749 825 1787 non
874 1741 1056 1787 tamen
1100 1746 1165 1785 ex
1220 1731 1314 1785 Dei
1352 1731 1658 1785 substantia
1695 1731 2063 1796 exstiterunt;

2157 564 2254 634 τῆς
2285 563 2422 627 ἰδίας
2448 562 2658 628 οὐσίας,
2690 563 2876 634 ὅμοιον
2909 560 3048 616 κατὰ
3082 558 3241 630 φύσιν
3279 560 3494 629 γεννᾷν.

2242 825 2363 879 Ἐπὶ
2405 802 2502 896 μεν
2551 819 2643 879 οὖν
2695 825 2793 895 τῆς
2841 802 2936 878 rei)
2989 822 3118 877 Υίοῦ
3169 824 3475 892 γεννήσεως
3527 822 3729 883 ἀσεϐὲς

2159 918 2336 985 λέγειν
2372 919 2562 987 χρόνον
2598 916 2931 987 μεσιτεύσαι,
2964 916 3058 969 καὶ
3088 915 3225 984 μετὰ
3256 914 3346 966 τὸν
3374 912 3590 984 Πατέρα
3624 912 3731 981 τὴν

2157 1010 2252 1062 τοῦ
2288 1009 2414 1062 Υίοῧ
2444 1008 2695 1076 γενέσθαι
2731 1007 2985 1076 ὓπαρξιν.
3043 1006 3133 1071 Ἐξ
3181 1005 3346 1059 αὐτοῦ
3393 1006 3522 1074 γὰρ,
3560 1005 3734 1073 ἦγουν

2167 1102 2264 1171 τῆς
2309 1101 2402 1153 τοῦ
2436 1100 2647 1171 Πατρὸς
2676 1095 2911 1167 φύσεως,
2962 1098 3144 1168 φαμὲν
3176 1099 3276 1166 τὴν
3305 1097 3398 1149 τοῦ
3435 1096 3563 1149 Υἱοῦ
3603 1097 3738 1164 γὲνο

2164 1208 2341 1261 νησιν.
2376 1192 2484 1243 Καὶ
2517 1191 2563 1241 εἰ
2594 1191 2669 1259 μὴ
2700 1188 2758 1253 ἐξ
2780 1190 2951 1260 ἀρχῆς
2979 1189 3160 1257 δῶμεν
3182 1187 3272 1241 τὸν
3302 1186 3430 1239 Υίὸν
3459 1186 3738 1253 συνυπάρο

2162 1300 2278 1353 χειν
2309 1282 2386 1352 τῷ
2419 1283 2593 1351 Πιιτρὶ⁸
2631 1282 2689 1345 ἐξ
2717 1281 2882 1336 αὐτοῦ
2930 1281 3360 1350 γεγεννημένον,
3392 1278 3596 1348 τροπὴν
3631 1278 3738 1346 τῆς

2162 1373 2256 1426 τοῦ
2290 1375 2506 1442 Πατρὸς
2553 1373 2903 1435 ὑποστάσεως
2942 1370 3387 1441 παρεισάγομεν·
3428 1369 3512 1441 δτι
3543 1369 3617 1439 μὴ
3655 1367 3737 1421 ὣν

2164 1466 2354 1536 Πατὴρ
2388 1464 2616 1536 ὕστερον
2655 1465 2870 1533 ἐγένετο
2904 1465 3094 1534 Πατήρ
3119 1479 3132 1492 ο
3189 1466 3221 1532 ἠ
3275 1462 3382 1532 γὰρ
3428 1460 3602 1523 κτίσις
3627 1504 3643 1526 ,
3682 1461 3737 1513 εἰ

2164 1558 2262 1611 καὶ
2295 1558 2431 1628 μετὰ
2469 1556 2641 1610 ταῦτα
2676 1558 2916 1625 γέγονεν,
2960 1556 3072 1608 ἀλλ’
3103 1556 3201 1608 οὐκ
3243 1557 3307 1607 ὲκ
3339 1554 3437 1622 τῆς
3468 1551 3561 1606 τοῦ
3594 1552 3736 1606 Θεοῦ

2168 1650 2391 1712 οὐσίας’
2442 1652 2506 1702 ἐκ
2552 1649 2608 1701 δὲ
2642 1649 2734 1701 τοῦ
2773 1648 2847 1718 μὴ
2892 1648 3044 1710 δντος
3077 1649 3154 1709 είς
3188 1646 3249 1699 τὸ
3291 1641 3429 1698 εἶναι
3481 1645 3737 1715 βουλήσει

2169 1742 2264 1794 καὶ
2289 1742 2514 1811 δυνάμει
2546 1740 2708 1794 αὐτοῦ
2749 1740 3024 1811 παρήχθη,
3052 1739 3146 1792 καὶ
3170 1739 3268 1808 οὐχ
3295 1737 3522 1791 ἅπτεται
3552 1735 3737 1809 τροπὴ

497 1828 592 1884 sed
629 1827 802 1896 ipsius
836 1825 1115 1887 voluntate
1160 1830 1214 1876 et
1250 1822 1495 1892 potentia
1530 1821 1751 1877 fuerunt
1788 1822 2063 1892 productae

2175 1834 2265 1903 τῆς
2289 1833 2384 1887 τοῦ
2414 1834 2547 1886 Θεοῦ
2579 1832 2812 1901 φύσεως.
2851 1831 3110 1901 Γεννησις
3145 1828 3245 1899 μὲν
3296 1829 3402 1899 γάρ
3434 1829 3549 1881 ἐστι
3576 1828 3638 1881 τὸ
3669 1830 3741 1881 ἐκ

500 1925 559 1974 ut
602 1925 808 1973 essent.
856 1913 967 1969 Nec
1020 1919 1311 1983 propterea
1365 1911 1417 1965 in
1475 1911 1564 1966 Dei
1617 1921 1870 1966 naturam
1919 1911 2068 1967 cadit

498 2009 731 2065 mutatio
758 2025 772 2060 :
803 2005 1008 2062 etenim
1048 2004 1334 2075 generatio
1373 2002 1594 2071 quidem
1641 2003 1695 2057 in
1746 2002 2066 2065 hocconsi-

500 2101 635 2165 stit,
693 2108 751 2155 ut
784 2114 848 2153 ex
885 2096 1162 2168 gignentis
1212 2095 1521 2151 substantia
1580 2094 1762 2164 proles
1813 2095 2063 2164 ejusdem

498 2213 625 2251 cum
653 2196 909 2265 gignente
939 2191 1263 2248 substantia:
1290 2191 1657 2261 producatur:
1690 2199 1746 2245 at
1774 2193 1983 2247 creatio
2011 2203 2067 2249 et

498 2285 715 2341 eﬂectio
746 2286 849 2339 hoc
892 2290 1103 2337 tantum
1152 2281 1413 2350 requirit,
1463 2289 1519 2333 ut
1550 2290 1734 2345 extra,
1768 2288 1823 2336 et
1850 2296 1960 2337 non
1995 2299 2062 2339 et

2167 1925 2263 1995 τῆς
2308 1924 2496 1987 οὐσίας
2527 1925 2621 1979 τοῦ
2662 1926 2958 1993 γεννῶντος
2994 1922 3329 1993 προάγεσθαι
3369 1922 3431 1975 τὸ
3460 1919 3739 1989 γεννῶμε-

2169 2033 2258 2070 νον
2296 2016 2480 2087 ὂμοιον
2530 2017 2648 2070 κατ’
2692 2018 2901 2072 οὐσίαν.
2935 2016 3126 2078 Κτίσις
3172 2015 3228 2069 δὲ
3280 2014 3374 2068 καὶ
3423 2014 3642 2084 ποίησις
3673 2012 3741 2065 τὸ

2171 2108 2403 2176 ἔξωθεν,
2457 2110 2551 2163 καὶ
2589 2110 2690 2163 οὐκ
2736 2110 2800 2161 ὲκ
2843 2109 2942 2179 τῆς
2976 2109 3162 2171 οὐσίας
3195 2105 3288 2159 τοῦ
3324 2105 3599 2169 κτίζοντος
3638 2103 3741 2156 καὶ

2170 2201 2469 2268 ποιοῦντος,
2502 2201 2757 2271 γενέσθαι
2802 2200 2866 2253 τὸ
2919 2200 3239 2271 κτιζόμενον
3276 2199 3370 2253 καὶ
3412 2195 3741 2267 ποιούμενον

2169 2290 2421 2363 ἀνόμοιον
2449 2289 2726 2355 παντελῶς
2750 2289 2877 2347 κατ’
2906 2290 3114 2346 οὐσίαν.
3150 2332 3153 2333 ν

499 2381 742 2437 creantis
776 2386 870 2433 aut
905 2378 1190 2434 eﬂicientis
1219 2376 1532 2433 substantia
1584 2376 1683 2432 ﬂat
1732 2376 1868 2433 illud
1914 2379 2059 2450 quod
2100 2395 2324 2442 creatur
2372 2390 2466 2442 a'ut
2509 2387 2760 2453 eﬂicitur,
2804 2383 3139 2456 omninoque
3177 2389 3445 2454 quantum
3512 2378 3581 2435 ad
3641 2392 3741 2435 es-

499 2473 730 2529 sentiam
764 2469 1031 2525 dissimile
1061 2470 1156 2524 sit.

564 2565 925 2632 Quamobrem
975 2568 1029 2620 in
1083 2566 1220 2626 Deo,
1273 2567 1365 2635 qui
1421 2565 1573 2622 solus
1620 2578 1651 2618 a
1702 2565 2057 2635 perpessione

499 2656 671 2719 omni,
701 2657 1022 2711 alteratione
1060 2673 1123 2711 ac
1168 2658 1471 2712 mutatione
1497 2657 1633 2711 liber
1663 2663 1766 2719 est,
1817 2671 2059 2727 semper-

496 2760 606 2814 que
653 2745 844 2800 eodem
880 2746 1044 2801 modo
1085 2761 1143 2801 se
1171 2746 1374 2814 habet,
1424 2754 1537 2802 tum
1582 2747 1893 2816 generatio,
1942 2755 2055 2801 tum

495 2839 707 2892 creatio
729 2877 743 2903 ,
771 2838 1045 2908 passionis
1071 2853 1271 2909 expers
1304 2847 1409 2894 est.
1504 2838 1638 2893 Nam
1670 2852 1794 2894 cum
1829 2854 1929 2894 nec
1959 2852 2055 2909 pa-

495 2929 707 2994 tibilis,
763 2945 863 2985 nec
906 2928 1064 2985 ﬂuxa:
1128 2940 1341 2985 natura:
1394 2932 1505 2997 sit;
1566 2934 1770 3003 quippe
1828 2935 2056 3004 simplex

494 3027 600 3079 est,
662 3035 761 3074 nec
816 3021 1163 3090 compositus
1224 3038 1239 3075 :
1292 3029 1442 3077 certe
1476 3036 1578 3077 nec
1615 3026 1924 3093 passionem
1958 3041 2057 3080 nec

497 3110 736 3174 ﬂuxum,
767 3110 852 3166 vel
879 3111 932 3165 in
980 3111 1328 3181 generando,
1374 3112 1459 3167 vel
1501 3113 1557 3167 in
1603 3115 1842 3169 creando
1873 3117 2057 3170 subire
2094 3110 2137 3167 Ω

496 3209 702 3270 potest,
756 3217 859 3256 nec
923 3204 1246 3273 cujusquam
1327 3218 1484 3273 opem
1554 3213 1716 3275 atque
1775 3205 2062 3276 adiumen-

497 3302 610 3347 tum
650 3293 949 3348 desiderat.
1000 3295 1067 3350 At
1112 3296 1391 3365 generatio
1432 3295 1652 3365 quidem
1698 3296 1918 3352 initium
1949 3313 2056 3352 non

498 3382 663 3438 habet
724 3384 1161 3454 sempiternaque
1217 3394 1333 3451 est,
1398 3395 1457 3442 ut
1524 3402 1649 3457 quae
1722 3399 1930 3443 naturae
1987 3389 2059 3444 sit

496 3488 636 3539 onus
656 3514 670 3538 ,
696 3489 870 3545 exque
894 3476 1067 3546 ipsius
1096 3477 1405 3533 substantia
1437 3478 1670 3548 prodeat
1695 3496 1713 3547 ;
1744 3494 1813 3535 ne
1849 3480 2053 3550 alioqui

497 3568 585 3621 ille
614 3566 707 3637 qui
743 3568 948 3637 gignit,
1002 3569 1364 3625 mutationem
1412 3570 1642 3637 subeat,
1685 3585 1749 3626 ac
1796 3580 2059 3641 praeterea

498 3673 566 3717 ne
596 3657 736 3713 Deus
766 3659 918 3727 prior
948 3660 1055 3723 sit,
1091 3660 1345 3730 Deusque
1382 3664 1677 3731 posterior,
1709 3679 1843 3719 neve
1871 3678 2058 3719 acces-

497 3749 710 3804 sionem
746 3750 977 3819 recipiat
1008 3767 1021 3803 :
1077 3752 1285 3805 creatio
1326 3761 1508 3807 autem
1550 3753 1604 3807 in
1658 3753 1799 3820 Deo,
1828 3769 1950 3810 cum
1987 3756 2061 3812 sit

499 3841 801 3894 voluntatis
834 3855 972 3911 opus
998 3882 1011 3906 ,
1046 3840 1157 3896 Deo
1194 3842 1444 3911 profecto
1474 3852 1747 3901 comterna
1794 3862 1903 3902 non
1952 3858 2056 3905 est.

498 3929 651 3983 Haud
684 3931 829 3984 enim
881 3938 1076 3984 natura
1118 3942 1495 4001 comparatum
1542 3944 1655 3998 est,
1693 3943 1752 3989 ut
1794 3936 1941 4006 quod
1992 3953 2059 3992 ex

500 4021 673 4074 nihilo
698 4021 1040 4090 producitur,
1265 4025 1505 4078 eamdem
1534 4040 1659 4079 cum
1690 4042 1754 4081 eo
1783 4028 1926 4097 quod
1958 4027 2061 4083 ini-

500 4117 579 4167 tto
611 4120 796 4177 caret,
839 4122 893 4168 et
939 4115 1336 4183 sempiternum
1386 4125 1510 4180 est,
1554 4118 1917 4175 aeternitatem
1967 4128 2062 4176 aut

498 4205 923 4272 perpetuitatem
960 4206 1180 4260 habeat.
1235 4206 1711 4272 Quemadmodum
1757 4210 1924 4280 igitur
1959 4211 2060 4267 ho-

500 4296 662 4350 minis
689 4305 743 4350 et
774 4295 869 4351 Dei
904 4313 1011 4351 non
1040 4297 1227 4352 eadem
1256 4308 1342 4353 est
1386 4298 1655 4355 eﬂiciendi
1699 4302 1879 4370 ratio;
1930 4303 2059 4373 quia

500 4384 665 4439 homo
698 4386 833 4439 nihil
862 4401 926 4439 ex
958 4386 1129 4441 nihilo
1162 4388 1416 4456 producit
1449 4402 1464 4451 ;
1529 4390 1625 4447 sed
1710 4393 1854 4461 quod
1897 4392 2059 4449 eﬂicit

498 4492 563 4530 ex
593 4477 1000 4545 praeexsistente
1055 4486 1109 4531 et
1139 4478 1386 4547 subjecta
1420 4480 1648 4534 materia
1720 4480 1879 4547 facit;
1955 4499 2057 4540 nec
2092 4482 2137 4538 D

500 4568 833 4623 voluntatem
866 4568 1135 4623 duntaxat
1168 4570 1389 4625 adhibet
1413 4608 1428 4633 ,
1459 4571 1552 4625 sed
1586 4572 1742 4642 prius
1770 4574 1934 4628 etiam
1967 4574 2060 4632 co;

499 4659 633 4729 gitat
655 4699 669 4723 ,
705 4658 952 4727 illudque
978 4660 1123 4730 quod
1158 4659 1404 4717 facturus
1433 4670 1519 4716 est
1541 4704 1555 4727 ,
1593 4663 1776 4718 animo
1814 4664 2053 4735 efﬁngit,

498 4764 561 4803 ac
590 4752 816 4819 posthac
846 4766 1102 4805 manuum
1135 4767 1352 4822 quoque
1379 4752 1564 4807 addita
1589 4768 1754 4823 opera
1775 4794 1789 4818 ,
1817 4755 2055 4811 laborem

500 4849 549 4894 et
580 4842 885 4895 molestiam
917 4843 1153 4897 sustinet
1224 4856 1240 4895 :
1297 4858 1398 4898 nec
1434 4859 1561 4899 raro
1596 4846 1761 4900 etiam
1810 4860 1906 4916 spe
1957 4862 2054 4903 sua

499 4930 722 4993 labitur,
750 4937 810 4985 ut
840 4930 928 4985 cui
953 4929 1295 4999 propositum
1319 4946 1382 4985 ex
1414 4931 1582 4985 animi
1621 4934 1904 4989 voluntate
1943 4949 2052 4989 non

500 5018 757 5074 succedat
783 5038 793 5072 :
828 5017 972 5073 Deus
999 5027 1178 5071 autem
1211 5018 1325 5072 sola
1354 5020 1635 5074 voluntate
1664 5021 1843 5076 omnia
1873 5037 1939 5077 ex
1970 5024 2055 5078 ni-

500 5111 609 5164 hilo
639 5120 698 5163 ut
730 5116 915 5165 essent
947 5107 1242 5179 produxit:
1278 5109 1350 5162 ita
1389 5126 1485 5164 nec
1530 5113 1718 5166 eodem
1772 5115 1936 5168 modo
1972 5115 2051 5184 gi-

502 5209 673 5272 gnunt
704 5198 849 5254 Deus
876 5207 931 5254 et
957 5199 1140 5252 homo.
1178 5196 1319 5253 Deus
1360 5199 1533 5263 enim,
1580 5209 1639 5254 ut
1684 5201 1776 5271 qui
1824 5202 2053 5272 tempori

2259 2562 2380 2617 Ἐπὶ
2409 2563 2508 2633 μὲν
2531 2554 2623 2615 οὖν
2643 2558 2737 2613 τοῦ
2763 2561 2922 2630 μόνου
2948 2558 3211 2623 ἀπαθοῦς,
3236 2559 3331 2612 καὶ
3352 2556 3739 2621 άναλλοιώτου,

2178 2658 2273 2714 καὶ
2305 2656 2574 2725 ἀτρέπτου
2597 2693 2612 2717 ,
2660 2654 2750 2707 καὶ
2787 2652 2874 2705 dial.
2902 2651 3162 2713 ὡσαύτως
3191 2651 3403 2720 ἔχοντος
3433 2646 3567 2702 Θεοῦ
3593 2687 3608 2711 ,
3644 2647 3748 2701 καὶ

2177 2749 2238 2803 τὸ
2272 2748 2487 2817 γεννᾷν,
2523 2746 2615 2799 καὶ
2655 2744 2715 2796 τὸ
2760 2744 2991 2809 κτίζειν,
3038 2742 3278 2806 ἀπαθές·
3324 2741 3483 2811 φύσει
3524 2741 3632 2811 γὰρ
3664 2738 3748 2793 ὣν

2179 2838 2394 2910 ἀπαθὴς
2424 2839 2514 2891 καὶ
2564 2838 2894 2908 ἄρῤευστος,
2933 2835 3007 2898 ὡς
3054 2833 3260 2897 ἁπλοῦς
3293 2834 3384 2888 καὶ
3424 2831 3746 2899 άσύνθετος,

2178 2932 2238 2984 οὐ
2266 2932 2531 2999 πέφυκεν,
2565 2927 2857 2999 ὐπομένειν
2902 2927 3093 2991 πάθος,
3126 2926 3157 2996 ἢ
3191 2925 3396 2996 ρεὖσιν,
3424 2924 3546 2978 οὐτε
3577 2926 3635 2976 ἐν
3662 2922 3750 2993 τῷ

2180 3024 2393 3091 γεννᾷν,
2446 3020 2569 3074 οὔτε
2619 3022 2676 3073 ὲν
2709 3020 2787 3091 τῷ
2841 3019 3066 3083 κτίζειν,
3100 3018 3221 3071 οὐδέ
3258 3034 3403 3081 τινος
3449 3017 3748 3087 συνεργίας

2178 3112 2387 3166 δεῖται’
2439 3112 2557 3166 ἀλλ’
2599 3114 2631 3183 ἠ
2688 3112 2786 3183 μὲν
2834 3112 3089 3193 γέννησις
3136 3111 3368 3181 ἄναρχος
3416 3110 3509 3164 καὶ
3545 3109 3748 3173 ἀΐδιος,

2180 3203 2394 3273 φύσεως
2421 3203 2582 3275 ἔργον
2623 3199 2779 3267 οὐσα,
2821 3204 2913 3257 καὶ
2959 3206 3021 3257 ὲκ
3061 3204 3161 3273 τῆς
3188 3203 3376 3265 οὐσίας
3407 3202 3571 3257 αὐτοῦ
3604 3219 3751 3271 προ-

2180 3296 2407 3363 άγουσα,
2445 3295 2533 3349 ἴνα
2575 3295 2781 3365 τροπὴν
2808 3297 2836 3348 ὁ
2859 3294 3064 3363 γεννῶν
3098 3294 3171 3364 μὴ
3201 3295 3488 3365 ὑπομείνῃ,
3527 3294 3621 3347 καὶ
3654 3294 3753 3347 ἵνα.

2184 3388 2258 3457 μὴ
2274 3387 2405 3451 Θεὸς
2437 3388 2668 3459 πρῶτος,
2704 3387 2801 3441 καὶ
2826 3387 2958 3450 Θεὸς
2988 3387 3212 3459 ὕστερος
3246 3387 3354 3457 εἴη,
3384 3387 3474 3440 καὶ
3501 3384 3752 3457 προσθή-

2180 3494 2283 3549 κην
2314 3478 2547 3549 δέξηται.
2592 3479 2656 3532 Ἦ
2688 3478 2746 3533 δὲ
2788 3478 2966 3543 κτίσις
3003 3478 3095 3531 ἐπὶ
3132 3478 3266 3531 Θεοῦ
3294 3515 3311 3545 ,
3469 3477 3754 3547 θελήσεως

2181 3570 2339 3641 ἔργον
2366 3566 2529 3635 οὖσα,
2560 3570 2620 3624 οὐ
2660 3570 2929 3634 ωναῖδιός
2977 3571 3093 3624 ἐστι
3136 3568 3217 3640 τῷ
3248 3568 3388 3639 Θεῷ.
3433 3568 3654 3640 Ἐπειδὴ
3680 3572 3751 3623 οὐ

2179 3662 2391 3732 πέφυκε
2431 3663 2491 3715 τὸ
2521 3663 2584 3716 ὲκ
2604 3663 2699 3716 τοῦ
2743 3664 2817 3733 μὴ
2850 3662 3003 3725 ὄντος
3035 3663 3116 3725 είς
3144 3662 3205 3715 τὸ
3248 3657 3387 3715 εἶναι
3426 3663 3755 3732 παραγόμε-

2179 3768 2270 3805 νον
2299 3754 2564 3806 συναῖδιον
2598 3747 2734 3807 εἴναι
2765 3753 2840 3823 τῷ
2874 3753 3092 3823 ἀνάρχῳ
3125 3752 3218 3805 καὶ
3249 3752 3331 3805 ἀεὶ
3370 3752 3503 3805 ὄντι.
3528 3752 3755 3824 Ὠσπερ

2178 3837 2271 3895 οὖν
2294 3843 2323 3884 δ
2354 3844 2452 3913 οὐχ
2484 3843 2683 3914 ὁμοίως
2723 3845 2870 3897 ποιεῖ
2906 3842 3191 3914 ἄνθρωπος
3230 3844 3323 3897 καὶ
3362 3843 3529 3907 Θεός·
3582 3845 3612 3896 ὁ
3645 3845 3756 3914 μὲν

2178 3931 2288 4003 γὰρ
2310 3932 2594 4004 ἄνθρωπος
2622 3933 2772 3987 οὐδὲν
2802 3934 2866 3986 ὲκ
2903 3933 2994 3987 τοῦ
3035 3934 3108 4005 μὴ
3158 3933 3308 3998 ὄντος
3347 3935 3427 3998 εἰς
3457 3933 3563 4006 ἷτὸ]
3595 3931 3750 3991 εἶναι

2178 4020 2439 4090 παράγει,
2489 4021 2603 4075 ἀλλ’
2651 4023 2788 4093 ὅπερ
2818 4025 2962 4076 ποιεί
3007 4026 3071 4077 ὲκ
3103 4025 3577 4096 προῦποκειμένης
3613 4024 3757 4096 ὕλης

2180 4114 2353 4181 ποιεῖ,
2402 4113 2462 4167 οὐ
2497 4113 2728 4184 θελήσας
2777 4115 2969 4185 μόνον,
3004 4114 3138 4169 άλλά
3183 4116 3277 4170 καὶ
3320 4118 3749 4187 προεπινοήσας,

2180 4202 2273 4255 καὶ
2301 4203 2358 4257 ἐν
2394 4203 2472 4272 τῷ
2498 4202 2574 4274 νῷ
2598 4203 2954 4267 άνατυπώσας
2980 4204 3040 4257 τὸ
3069 4206 3428 4275 γενησόμενον
3449 4250 3464 4274 ,
3495 4204 3612 4261 εἶτα
3652 4209 3749 4261 καῖ

2180 4292 2365 4363 χερσὶν
2394 4292 2799 4362 ἐργασάμενος,
2836 4293 2930 4347 καὶ
2962 4294 3129 4346 κόπον
3177 4295 3475 4365 ὑπομείνας
3509 4298 3605 4351 καὶ
3646 4299 3749 4354 κά-

2183 4400 2373 4453 ματον,
2412 4382 2674 4447 πολλάκις
2716 4384 2773 4438 δὲ
2812 4385 2904 4439 καὶ
2936 4385 3266 4456 ἀστοχήσας,
3300 4387 3373 4457 μὴ
3406 4388 3749 4455 ἀποϐάντος,

2180 4474 2321 4529 καθά
2354 4474 2627 4544 βούλεται,
2666 4475 2759 4529 τοῦ
2788 4476 3245 4548 ἐπιτηδεύματος·
3275 4482 3302 4532 δ
3337 4479 3393 4532 δὲ
3418 4480 3550 4543 Θεὸς
3581 4481 3747 4554 Θελή-

2182 4582 2282 4629 σας
2311 4568 2487 4637 μόνον,
2522 4568 2586 4619 ἐκ
2615 4568 2708 4620 τοῦ
2742 4568 2815 4639 μὴ
2848 4568 2999 4632 ὄντος
3032 4569 3111 4633 εἰς
3136 4568 3195 4623 τὸ
3227 4565 3366 4647 εἶναι
3394 4572 3572 4627 πάντα
3606 4591 3743 4646 παρ-

2180 4653 2406 4724 ήγαγεν.
2439 4653 2625 4717 Οὖτως
2653 4654 2771 4707 οὐδὲ
2815 4656 3015 4725 ὁμοίως
3052 4658 3215 4728 γεννᾷ
3248 4657 3383 4721 Θεὸς
3410 4658 3506 4712 καὶ
3532 4662 3741 4733 ἄνθρωο

2181 4760 2296 4806 πος.
2340 4746 2405 4797 '0
2442 4744 2539 4814 μὲν
2579 4745 2688 4816 γὰρ
2715 4744 2879 4809 Θεὸς,
2924 4746 3153 4816 ἆχρονος
3194 4746 3270 4800 ὢν
3293 4788 3308 4813 ,
3353 4751 3445 4803 καὶ
3483 4751 3747 4823 ἄναρχος,

2180 4834 2275 4886 καὶ
2328 4833 2587 4905 ἀπαθὴς,
2629 4835 2723 4889 καὶ
2771 4836 3100 4907 ἄρρευστος,
3137 4838 3230 4891 καὶ
3274 4840 3605 4911 ἀσώματος,
3650 4848 3748 4900 καὶ

2183 4924 2361 4993 μόνος,
2386 4925 2477 4978 καὶ
2512 4924 2886 4995 ἀτελεύτητος,
2921 4927 3188 4999 ἀχρόνως,
3229 4932 3322 4983 καὶ
3347 4932 3621 5002 ἀνάρχως,
3647 4938 3746 4989 καὶ

2150 5013 2426 5079 κάπαθῶς,
2480 5014 2573 5068 καὶ
2621 5014 2937 5086 άρῤεύστως
2992 5022 3193 5089 γεννᾷ,
3253 5022 3346 5074 καὶ
3396 5022 3556 5085 ἐκτὸς
3608 5043 3746 5079 συν-

2179 5101 2422 5172 δυασμοῦ
2454 5105 2474 5123 ⁹
2564 5102 2662 5157 καὶ
2756 5103 2878 5157 οὐτε
2929 5105 3102 5176 ἀρχὴν
3144 5106 3257 5176 ἔχει
3286 5110 3317 5177 ή
3351 5109 3752 5181 ἀκατάληπτος

2179 5191 2344 5247 αὐτοῦ
2371 5194 2653 5262 γέννησις.
2700 5194 2820 5247 οὐδὲ
2858 5194 3029 5259 τέλος.

505 5309 613 5347 non
673 5294 869 5356 subsit,
918 5304 972 5349 et
1008 5293 1297 5364 principio,
1351 5294 1602 5363 passione
1645 5308 1709 5347 ac
1752 5292 1987 5346 ﬂuxione
2031 5290 2175 5345 omni
2226 5296 2398 5354 vacet,
2441 5288 2616 5357 sitque
2660 5285 3030 5355 incorporeus,
3080 5300 3144 5340 ac
3193 5284 3340 5341 solus
3382 5283 3449 5338 ab
3497 5282 3738 5340 interitu

504 5387 676 5449 liber;
739 5386 812 5438 ita
847 5389 979 5441 citra
1015 5395 1228 5455 tempus
1258 5402 1490 5456 quoque,
1539 5395 1592 5440 et
1626 5385 1970 5455 principium,
2000 5393 2049 5437 et
2099 5384 2428 5451 passionem,
2462 5390 2518 5435 et
2555 5380 2777 5444 ﬂuxum,
2818 5386 2873 5433 et
2909 5378 3026 5433 sine
3063 5378 3171 5433 ullo
3209 5392 3500 5449 congressu
3531 5376 3735 5454 gignit,

505 5492 567 5531 ac
615 5490 714 5529 nec
747 5476 990 5541 initium,
1042 5492 1145 5532 nec
1193 5478 1351 5531 ﬁnem
1402 5478 1565 5531 habet
1595 5473 2161 5544 incomprehensibilis
2193 5473 2361 5541 ipsius
2392 5472 2692 5540 generatio.

579 5570 653 5622 Ac
682 5569 910 5637 proinde
943 5570 1305 5640 sempiternus
1336 5570 1476 5625 Deus
1504 5570 1737 5623 Verbum
1765 5583 1920 5621 suum
1944 5568 2060 5621 sine

2232 5564 2398 5632 Γεννᾷ
2444 5564 2622 5615 τοίνυν
2662 5562 2690 5612 δ
2738 5559 2826 5612 ἀεὶ
2870 5557 2943 5611 ὣν
2986 5558 3117 5619 Θεὸς
3156 5557 3246 5610 τὸν
3282 5554 3476 5609 ἑαυτοῦ
3526 5556 3733 5624 Λόγον,

476 5658 774 5730 °principio
811 5679 870 5718 ac
931 5663 1037 5717 ﬁne
1087 5662 1287 5734 gignit;
1339 5677 1405 5715 ne
1444 5662 1643 5730 alioqui
1692 5659 1855 5722 Deus,
1903 5659 2059 5726 cujus

2175 5653 2366 5706 τέλειον
2398 5651 2548 5713 δντα,
2580 5652 2846 5721 άνάρχως,
2878 5650 2973 5703 καὶ
3004 5646 3395 5717 ἁτελευτήτως,
3435 5646 3521 5699 ἵνα
3555 5646 3634 5716 μὴ
3666 5648 3734 5701 ὲν

508 5757 703 5806 natura
753 5769 815 5808 ac
861 5754 1177 5811 exsistentia
1240 5764 1452 5822 tempus
1498 5766 1657 5806 omne
1718 5756 1960 5817 superat,
2006 5747 2058 5800 in

2175 5744 2343 5816 (ρόνῳ
2370 5742 2525 5815 τίκτῃ
2562 5740 2714 5801 Θεὸς,
2754 5742 2781 5793 ὁ
2813 5737 3007 5810 χρόνου
3045 5736 3324 5799 άνωτέραν
3357 5734 3494 5808 ἔχων
3524 5736 3625 5797 τήν
3663 5750 3731 5786 τι
