3984 6572
565 390 658 457 ill

1747 398 2130 462 EU'l‘llYMll
2176 398 2562 459 ZIGABENL

3698 394 3801 458 112

536 520 803 565 naturam
847 509 1140 580 perfectam
1190 512 1597 583 intelligamus;
1645 514 1739 568 sed
1785 531 1947 568 unam
1982 516 2115 568 sim-

2227 531 2342 565 σεσι
2378 516 2506 581 μίαν
2533 510 2712 581 ἁπλῆν
2734 508 2943 574 οὐσίαν,
2990 509 3286 581 ὑπερτελῆ,
3325 509 3418 563 καὶ
3462 509 3797 580 προτέλειον.

508 640 511 647 ‹
550 602 749 672 plicem
792 600 1157 657 substantiam
1192 614 1247 659 et
1281 607 1572 662 essentiam
1603 608 1750 663 omni
1784 607 2120 676 perfectione

550 694 889 761 superiorem
952 702 1008 747 et
1072 694 1443 759 anteriorem,
1504 697 1558 750 in
1618 698 1790 751 tribus
1864 696 2121 765 perfectis

549 783 797 852 personis
843 799 1156 841 noscamus.
1190 787 1467 857 Quidquid
1505 790 1648 843 enim
1681 804 1744 844 ex
1787 790 2120 859 imperfectis

544 873 838 939 conflatur,
890 882 1207 933 necessario
1261 883 1621 950 compositum
1662 890 1767 937 est.
1798 883 1866 935 At
1898 897 1961 935 ex
1994 897 2119 950 pcr-

547 965 702 1021 feetis
738 970 1122 1037 liypostasibus
1153 974 1475 1042 compositio
1501 973 1612 1027 fieri
1639 990 1745 1027 non
1776 984 1973 1045 potest.
2003 975 2122 1041 Quo

548 1054 607 1109 fit
648 1067 706 1111 ut
747 1074 850 1111 nec
903 1063 1141 1129 speciem
1193 1080 1254 1116 ex
1302 1065 1685 1135 hypostasibus
1724 1068 1977 1138 singulis,
2026 1068 2121 1121 sed

546 1159 603 1200 tn
645 1147 1027 1219 hypostasibus
1062 1154 1292 1225 singulis
1324 1157 1591 1213 dicamus.
1645 1160 1965 1228 lmperfeeta
1993 1174 2124 1213 vero

545 1240 803 1309 diximus,
837 1260 959 1313 qum
996 1249 1234 1316 speciem
1285 1267 1391 1305 non
1446 1262 1671 1307 servant
1722 1254 1841 1322 ejus
1885 1253 1964 1307 rei
2003 1267 2123 1321 quae

464 1341 475 1353 ‘
545 1348 611 1387 ex
649 1336 782 1404 ipsis
827 1340 1082 1393 etlicitur.
1114 1340 1277 1412 Lapis
1310 1345 1480 1409 enim,
1524 1345 1750 1416 lignum,
1795 1345 1996 1399 ferrum
2029 1362 2125 1415 per

545 1442 602 1479 se
644 1429 886 1498 quidem,
934 1433 979 1485 si
1012 1433 1341 1500 peculiarem
1383 1438 1647 1507 cujusque
1698 1446 1947 1489 naturam
1995 1452 2123 1506 spe-

2226 608 2340 660 Πᾶν
2378 607 2486 675 γὰρ
2517 605 2573 672 ἐξ
2612 605 2815 659 άτελών
2852 606 3249 675 συγκείμενον,
3288 603 3543 656 σύνθετον
3581 605 3801 665 πάντως

2222 700 2394 751 ἐστίν.
2439 700 2531 751 Ἐκ
2559 699 2614 750 δὲ
2648 698 2867 751 τελείων
2914 699 3265 751 ὑποστάσεων
3305 696 3569 749 ἀδύνατον
3604 694 3801 747 σύνθε-

2224 808 2309 843 σ.ν
2337 790 2607 859 γενέσθαι.
2638 790 2798 843 Ὅθεν
2826 789 2948 842 οὑδὲ
2971 789 3203 857 λέγομεν
3229 789 3285 841 τδ
3313 784 3451 847 εἶδος
3482 788 3540 850 ἐξ
3564 785 3805 838 ὑποστά-

2225 900 2387 944 σεων,
2420 883 2534 937 ἀλλ’
2563 885 2618 935 ὲν
2650 883 3034 935 ὑποστάσεσιν.
3068 880 3297 934 ’Δτελῶν
3327 881 3381 933 δὲ
3414 879 3667 948 εἴπομεν,
3696 878 3805 929 τιῖν

2227 975 2302 1045 μὴ
2344 976 2624 1039 σωζόντων
2656 975 2715 1027 τὸ
2754 969 2896 1037 εἶδος
2927 974 3021 1026 τοῦ
3055 974 3111 1039 ἐξ
3141 974 3321 1025 αὑτῶν
3356 971 3801 1038 άποτελουμένου

2225 1067 2573 1136 πράγματος.
2605 1066 2760 1127 Λίθος
2800 1066 2897 1133 μὲν
2930 1066 3061 1134 γάρ,
3094 1063 3185 1117 καὶ
3215 1063 3393 1129 ξύλον,
3427 1064 3520 1115 καὶ
3556 1062 3801 1130 σίδηρος,

2222 1161 2456 1214 ἕκαστον
2488 1159 2609 1211 καθ’
2642 1158 2803 1211 ἑαυτὸ
2836 1159 3041 1210 τέλειόν
3071 1160 3187 1209 ἐστι
3228 1161 3366 1208 κατὰ
3396 1154 3493 1225 τὴν
3530 1154 3667 1207 ἰδίαν
3700 1152 3805 1221 φύ-

2225 1268 2342 1304 σιν·
2390 1253 2526 1321 πρὸς
2566 1253 2621 1304 δὲ
2659 1254 2718 1303 τὸ
2759 1254 2813 1317 ἐξ
2859 1251 3039 1304 αὑτῶν
3086 1250 3524 1318 ἀποτελούμενον
3566 1249 3802 1316 οἴκημα,

2225 1344 2412 1406 ἀτελὲς
2457 1345 2687 1395 ἕκαστον
2731 1344 3009 1414 ὑπᾶρχεν
3058 1343 3176 1395 οὐδὲ
3218 1343 3326 1411 γάρ
3372 1343 3521 1393 ἔστιν
3567 1339 3804 1392 ἕκαστον

2224 1436 2406 1489 αὐτῶν
2440 1436 2561 1489 καθ’
2590 1436 2751 1488 ἑαυτὸ
2777 1432 2947 1492 οἶκος.

544 1532 680 1582 etes.
713 1524 952 1591 perfecta
987 1534 1117 1579 sunt
1152 1542 1164 1579 :
1197 1537 1253 1581 at
1283 1537 1533 1596 respectu
1570 1522 1765 1582 domus
1794 1545 1914 1598 qua:
1946 1544 2012 1582 ex
2044 1529 2177 1599 ipsis
2207 1538 2488 1584 exstructa
2522 1540 2624 1595 est,
2650 1530 2861 1599 singula
2894 1531 3213 1601 imperfecta
3246 1538 3397 1584 sunt.
3434 1528 3622 1600 Neque
3652 1527 3801 1583 enim

539 1616 842 1686 quidquam
866 1617 1086 1684 borum,
1120 1620 1165 1674 si
1200 1621 1457 1690 privatim
1485 1623 1896 1686 consideretur,
1930 1624 2129 1679 domus
2156 1634 2261 1679 est.

614 1709 883 1773 Quocirca
924 1712 1194 1779 perfectas
1221 1715 1441 1782 quidem
1484 1730 1747 1784 personas
1776 1717 2115 1786 proﬁtemur,

2292 1718 2522 1781 Τελείας
2560 1720 2657 1787 μὲν
2693 1718 2785 1771 οὖν
2819 1717 2920 1780 τὰς
2959 1715 3291 1779 ὑποστάσεις
3328 1716 3511 1787 φαμὲν
3535 1754 3548 1774 ,
3593 1714 3682 1768 ἵνα
3722 1713 3802 1785 μὴ

543 1817 611 1854 ne
661 1802 713 1855 in
772 1803 952 1856 diiina
995 1814 1189 1859 natura
1237 1806 1690 1873 compositionem
1727 1808 2117 1877 intelligamus.

541 1893 879 1965 Compositio
908 1898 1055 1951 enim
1085 1899 1295 1954 dissidii
1328 1910 1503 1955 mater
1537 1911 1642 1955 est.
1676 1902 1746 1955 At
1786 1917 1977 1957 rursus
2006 1912 2118 1956 tres

543 2005 805 2058 personas
836 1992 888 2045 in
930 2007 989 2046 se
1033 1991 1266 2048 invicem
1316 2008 1437 2049 esse
1461 1994 1717 2062 dicimus,
1775 2011 1846 2050 ne
1895 1996 2120 2050 deorum

542 2083 755 2152 cepiam
803 2092 861 2137 et
914 2086 1131 2139 turbam
1184 2086 1529 2143 inducamus.
1578 2087 1652 2141 Ita
1704 2103 1800 2157 per
1840 2097 1960 2143 .tres
2000 2102 2121 2157 pcr-

544 2188 708 2230 s‘onas
760 2177 862 2231 hoc
896 2177 1273 2247 intelligimus,
1312 2180 1457 2249 quod
1506 2182 1690 2235 nullus
1733 2182 1819 2236 hic
1851 2180 2122 2251 composi-

546 2270 677 2326 tioni
715 2278 769 2325 ct
810 2271 1123 2328 confusioni
1172 2272 1324 2327 locus
1368 2273 1439 2327 sit
1472 2289 1486 2327 :
1521 2289 1619 2344 per
1659 2274 1712 2328 id
1761 2284 1942 2329 autem
1971 2276 2119 2344 quod

544 2371 657 2418 tres
684 2378 931 2432 persona:
959 2363 1204 2433 ejusdem
1246 2363 1567 2419 substantia:
1613 2374 1763 2431 sunt,
1798 2374 1853 2420 et
1898 2366 2018 2441 alia:
2063 2366 2118 2421 in

542 2457 693 2522 aliis;
728 2456 873 2527 quod
903 2456 1067 2510 etiam
1101 2456 1291 2511 eadem
1328 2457 1601 2520 voluntas,
1627 2457 1819 2512 eadem
1851 2459 2119 2527 operatio,

543 2550 734 2605 eadem
767 2549 848 2603 vis
886 2564 951 2604 ac
1007 2549 1270 2618 potentia,
1316 2564 1382 2603 ac
1442 2549 1680 2619 denique
1728 2550 1893 2615 idem,
1929 2560 1990 2605 ut
2047 2552 2121 2605 ita

549 2643 764 2712 loquar,
798 2643 853 2696 in
896 2642 1001 2697 illis
1039 2652 1219 2696 motus
1246 2652 1351 2705 est,
1385 2642 1489 2697 hoc
1534 2643 1917 2713 agnoscimus;
1973 2644 2119 2713 quod

543 2735 799 2789 nimirum
856 2737 909 2788 in
966 2736 1073 2790 illis
1128 2736 1274 2789 nulla
1330 2735 1530 2790 divisio
1578 2735 1755 2790 locum
1793 2736 2024 2799 habeat,
2067 2746 2123 2793 et

541 2829 687 2897 quod
735 2845 877 2883 unus
938 2831 1007 2883 sit
1039 2829 1203 2885 Deus.
1254 2829 1408 2887 Unus
1440 2833 1640 2903 quippe
1673 2849 1801 2888 ven:
1846 2831 1988 2889 Deus
2018 2846 2125 2900 est,

543 2917 706 2985 Deus,
741 2918 977 2976 Verbum
1005 2931 1059 2977 et
1093 2922 1331 2993 Spiritus
1370 2926 1514 2995 ejus.

616 3014 728 3067 lloc
753 3024 932 3069 autem
963 3032 1125 3072 nosse
1156 3019 1409 3084 interest,
1465 3018 1608 3087 quod
1645 3019 1792 3075 aliud
1823 3022 1895 3075 sit
1923 3021 2103 3091 quoad

2225 1812 2475 1865 σύνθεσιν
2505 1812 2597 1864 ἐπὶ
2624 1813 2724 1880 τῆς
2744 1812 2900 1874 θείας
2935 1813 3219 1881 νοήσωμεν
3262 1809 3499 1877 φύσεως.
3538 1808 3803 1870 Σύνθεσις

2224 1904 2334 1974 γὰρ
2364 1905 2507 1975 ἀρχὴ
2550 1904 2907 1966 διαστάσεως.
2945 1904 3056 1955 Καὶ
3091 1904 3287 1964 πάλιν,
3322 1903 3379 1953 ὲν
3407 1901 3671 1969 ἀλλήλαις
3703 1899 3805 1963 τὰς

2216 1998 2365 2066 τρεῖς
2396 1996 2726 2058 ὑποστάσεις
2752 1995 3009 2065 λέγομεν,
3048 1994 3137 2048 ἶνα
3165 1996 3239 2065 μὴ
3270 1991 3475 2064 πλῆθος
3505 1993 3600 2047 καὶ
3628 1991 3806 2060 δῆμον

2217 2088 2356 2140 θεῶν
2387 2088 2795 2157 εἰσαγάγωμεν.
2832 2088 2931 2139 Διά
2966 2086 3065 2156 μὲν
3100 2086 3208 2139 τῶν
3238 2086 3404 2158 τριῶν
3440 2084 3806 2141 ὑποστάσεων

2216 2180 2277 2232 τὸ
2310 2179 2605 2233 ἀσύνθετον
2645 2182 2739 2233 καὶ
2778 2179 3125 2251 ἀσύγχυτονο
3150 2180 3237 2232 διὰ
3264 2178 3320 2231 δὲ
3354 2178 3448 2231 τοῦ
3483 2175 3803 2248 ὀμοουσίου,

2216 2273 2313 2325 καὶ
2348 2272 2445 2325 τοῦ
2474 2273 2536 2325 ἐν
2566 2272 2829 2343 ἀλλήλαις
2866 2268 3007 2326 εἶναι
3038 2272 3137 2335 τὰς
3168 2272 3534 2337 ὑποστάσεις,
3570 2272 3664 2325 καὶ
3698 2271 3806 2337 τῆς

2218 2366 2550 2435 ταυτότητος
2598 2366 2693 2418 τοῦ
2741 2366 3043 2438 θελήματός
3085 2382 3168 2429 τε,
3215 2365 3310 2418 καὶ
3349 2366 3448 2435 τῆς
3493 2362 3803 2434 ἐνεργείας,

2222 2459 2315 2513 καὶ
2344 2460 2442 2529 τῆς
2474 2458 2779 2529 δυνάμεως,
2817 2460 2912 2512 καὶ
2947 2458 3051 2528 τῆς
3090 2457 3365 2525 ἐξουσίας,
3398 2458 3491 2510 καὶ
3520 2457 3620 2526 τῆς
3648 2456 3809 2525 κινή-

2225 2568 2383 2615 σεως.
2424 2551 2491 2605 ἶν’
2532 2551 2708 2615 οὕτως
2747 2551 2910 2617 εἴπω,
2960 2551 3022 2604 τὸ
3069 2552 3397 2621 ἀδιαίρετον,
3434 2550 3529 2602 καὶ
3561 2549 3623 2602 τὸ
3657 2544 3808 2601 εἶναι

2220 2646 2319 2701 ἕνα
2344 2645 2478 2698 Θεὸν
2515 2644 2875 2715 γνωρίζομεν.
2909 2640 3002 2708 Εἷς
3043 2644 3155 2714 γάρ
3184 2644 3354 2708 ὅντως
3381 2643 3534 2709 Θεδῖ,
3576 2642 3606 2696 6
3643 2640 3803 2709 Θεὸς,

2224 2740 2322 2792 καὶ
2350 2740 2378 2791 6
2402 2737 2593 2805 Λόγος,
2624 2737 2800 2793 καὶτὸ
2831 2736 3058 2809 Πνεῦμα
3100 2737 3288 2792 αὑτοῦ.

2283 3019 2404 3092 Χρὴ
2437 3018 2493 3073 δὲ
2533 3018 2754 3084 εἰδέναι,
2800 3020 2881 3075 ὅτι
2920 3020 3107 3091 ἕτερόν
3149 3019 3202 3074 τί
3246 3019 3362 3075 ἐστι
3404 3016 3465 3071 τὸ
3508 3016 3807 3087 πράγματι

524 3116 665 3167 rem,
705 3109 759 3156 et
794 3102 949 3155 aliud
1008 3105 1225 3158 ratione
1272 3118 1336 3159 ac
1368 3104 1706 3175 cogitatione
1739 3105 2111 3163 considerari.

2219 3108 2509 3179 πράγματι
2543 3104 2893 3177 θεωρεῖσθαι,
2913 3106 3008 3158 καὶ
3042 3104 3172 3158 ἄλλο
3196 3104 3257 3157 τὸ
3280 3105 3423 3176 λόγῳ
3452 3107 3544 3159 καὶ
3572 3107 3817 3176 ἐπινοίᾳ.

528 3194 825 3249 Enimvero
861 3196 915 3248 in
962 3195 1228 3251 omnibus
1275 3197 1552 3252 creaturis
1592 3197 1858 3254 discretio
1891 3199 2111 3269 quidem

524 3302 891 3357 personarum
943 3290 1127 3357 quoad
1178 3303 1293 3342 rem
1341 3287 1758 3343 consideratur.
1794 3288 1874 3345 De
1904 3291 2110 3361 quippe

524 3378 647 3447 ipsa
706 3376 931 3434 Petrum
984 3394 1013 3432 a
1062 3377 1233 3431 Paulo
1282 3389 1596 3449 separatum
1653 3381 2109 3446 consideramus;

523 3473 894 3528 communitas
943 3482 1124 3527 autem
1183 3486 1236 3529 et
1284 3475 1607 3544 conjunctio
1675 3484 1841 3546 atque
1901 3475 2109 3541 unitas,

524 3564 741 3619 ratione
770 3574 939 3635 atque
966 3567 1305 3637 cogitatione
1350 3568 1706 3638 perspicitur.
1734 3567 1838 3621 Per
1870 3577 2107 3621 mentem

438 3702 439 3705 η
522 3658 671 3712 enim
705 3659 1055 3728 concipimus
1087 3658 1311 3712 Petrum
1350 3667 1408 3715 et
1443 3661 1671 3713 Paulum
1702 3658 1951 3729 ejusdem
1984 3673 2111 3716 esse

524 3761 753 3815 natura),
803 3761 1170 3823 naturamque
1204 3768 1369 3806 unam
1417 3768 1765 3808 communem
1883 3751 2106 3809 habere.

522 3841 656 3897 Nam
691 3852 925 3913 uterque
956 3859 1149 3900 eorum
1195 3845 1400 3899 animal
1457 3845 1731 3900 rationale
1774 3853 1830 3899 et
1875 3844 2143 3899 mortale.

522 3943 607 3990 est
641 3952 654 3988 :
693 3944 748 3988 et
780 3946 1013 4005 uterque
1044 3951 1175 3990 caro
1206 3944 1309 4001 est,
1334 3937 1515 3989 anima
1543 3935 1800 3990 rationali
1832 3934 2123 3990 etintelli—

524 4034 685 4092 gente
746 4025 994 4094 praedita.
1114 4025 1256 4079 Nsce
1310 4026 1498 4095 itaque
1549 4027 1860 4081 communis
1914 4033 2111 4079 natura

524 4117 1183 4171 rationes-consideratur.
1218 4116 1407 4187 Neque
1453 4119 1599 4172 enim
1640 4118 1968 4188 hypostases
1993 4118 2115 4173 alia:

524 4222 559 4261 n
594 4207 719 4263 aliis
753 4217 915 4271 sunt,
949 4224 1141 4262 verum
1192 4208 1457 4278 quaelibet
1491 4210 1746 4279 privatim
1799 4218 1854 4263 et
1895 4210 2105 4280 sigilla-

525 4299 659 4363 tim,
697 4300 801 4356 hoc
850 4309 931 4355 est
975 4300 1271 4369 sejunctim
1320 4302 1609 4365 consistit;
1661 4301 1939 4371 habetque
1978 4316 2104 4371 per-

524 4391 697 4446 multa
742 4392 946 4462 quibus
974 4391 1043 4445 ab
1075 4392 1183 4445 alia
1230 4406 1465 4461 persona
1503 4390 1819 4445 dirimatur.
1862 4390 1999 4444 Nam
2052 4402 2107 4445 et

2219 3200 2343 3253 Ἐπὶ
2368 3198 2467 3269 μὲν
2488 3195 2585 3252 οὖν
2616 3199 2835 3253 πάντων
2856 3197 2964 3251 τῶν
2988 3197 3326 3269 κτισμάτων,
3355 3199 3386 3269 ἡ
3414 3199 3514 3269 μὲν
3540 3198 3650 3250 τῶν
3673 3199 3821 3251 ὑποι

2216 3295 2457 3346 στάσεων
2498 3292 2787 3363 διαίρεσις,
2834 3291 3121 3363 πράγματι
3163 3290 3469 3362 θεωρεῖται.
3510 3292 3819 3362 Πράγματι

2215 3383 2325 3454 γάρ
2362 3385 2390 3437 6
2424 3384 2631 3455 Πέτρος
2668 3383 2764 3436 τοῦ
2794 3383 3007 3439 Παύλου
3044 3383 3453 3455 κεχωρισμένος
3494 3383 3813 3452 θεωρεῖται.

2224 3476 2290 3527 Ἦ
2322 3475 2378 3527 δὲ
2408 3476 2680 3544 κοινότης,
2716 3474 2870 3546 καὶὴ
2900 3475 3189 3545 συνάφεια,
3219 3477 3311 3528 καὶ
3340 3476 3399 3527 τὸ
3425 3475 3505 3541 ἓν,
3543 3475 3689 3546 λόγῳ
3715 3476 3817 3530 καὶ

2214 3568 2426 3640 ἐπινοίᾳ
2460 3568 2765 3639 θεωρεῖται.
2800 3568 3051 3639 Νοοῧμεν
3077 3568 3185 3638 γάρ
3215 3568 3293 3637 τῷ
3316 3567 3413 3637 νῷ,
3432 3569 3515 3623 ὅτι
3541 3570 3567 3620 6
3594 3568 3815 3639 Πέτρος

2216 3660 2309 3714 καὶ
2336 3661 2366 3712 6
2400 3660 2613 3724 Παῦλος
2670 3660 2770 3729 τῆς
2812 3662 2983 3730 αὑτῆς
3016 3663 3123 3714 εἰσι
3172 3660 3417 3728 φύσεως,
3456 3661 3553 3712 καλ.
3611 3661 3814 3729 κοινὴν

2217 3753 2348 3824 μίαν
2375 3753 2556 3824 ἔχουσι
2594 3754 2779 3822 φύσιν.
2811 3756 3082 3817 Ἕκαστος
3119 3754 3226 3826 γάρ
3255 3754 3433 3806 αὑτῶν
3470 3752 3609 3818 ζῶόν
3629 3754 3759 3805 ἐστι
3782 3751 3812 3795 ⁸

2208 3845 2426 3915 λογικὸν
2485 3844 2712 3915 θνητόν*
2765 3846 2859 3899 καὶ
2896 3846 3127 3908 ἕκαστος
3182 3844 3320 3915 σάρξ
3358 3845 3507 3896 ἔστιν
3540 3842 3814 3913 ὲμψυχω-

2212 3939 2351 4009 μένη
2386 3936 2567 4007 ιψυχῇ
2595 3936 2789 4009 λογικῇ
2820 3954 2878 3990 τε
2912 3938 3006 3990 καὶ
3040 3938 3222 4009 νοερᾷ.
3273 3936 3421 4009 Α’ὑτη
3452 3932 3545 3990 οὖν
3581 3937 3614 4008 ἡ
3645 3934 3814 4008 κοινή

2211 4029 2371 4098 φύσις
2403 4029 2482 4099 τῷ
2513 4029 2658 4100 λόγῳ
2692 4029 2809 4082 ἐστὶ
2844 4028 3118 4102 θεωρητή.
3151 4029 3287 4082 Ούδὲ
3317 4030 3427 4101 γάρ
3461 4030 3515 4081 αἱ
3551 4028 3809 4081 ὑποστᾶο

2211 4139 2323 4186 σεις
2360 4124 2418 4175 ὲν
2444 4120 2704 4193 ἀλλήλαις
2730 4122 2888 4175 εἰσιν.
2934 4122 3067 4191 Ἰδῑα
3108 4121 3165 4174 δὲ
3192 4122 3399 4191 ἑκάστη
3454 4120 3549 4173 καὶ
3590 4120 3813 4188 ἀναμέο

2213 4230 2326 4285 ρος,
2348 4214 2523 4283 ήγουν
2548 4211 2669 4266 καθ’
2694 4212 2897 4285 ἑαυτὴν
2930 4210 3285 4282 κεχώρισται,
3313 4210 3540 4263 πλεῖστα
3561 4208 3631 4261 τὰ
3665 4208 3814 4261 διαι-

2210 4303 2409 4377 ροῦντα
2454 4305 2624 4375 αὑτὴν
2677 4306 2741 4357 ὲκ
2787 4303 2887 4373 τῆς
2930 4303 3130 4374 ἐτέρας
3168 4302 3387 4372 ἔχουσα.
3432 4301 3542 4355 Καὶ
3568 4301 3679 4371 γάρ
3708 4299 3816 4354 καὶ

2208 4396 2360 4466 τόπῳ
2386 4395 2725 4467 διεστήκασι,
2754 4395 2854 4448 καὶ
2884 4396 3063 4465 χρόνῳ
3104 4394 3446 4463 διαφέρουσι,
3480 4391 3577 4446 καὶ
3602 4390 3817 4465 γνώμῃ

527 4482 652 4539 loco
671 4483 1089 4555 disiunguntur,
1121 4494 1177 4539 et
1205 4495 1447 4554 tempore
1474 4484 1816 4554 discrepant,
1837 4484 2108 4539 sententia

2219 4485 2553 4555 μερίζονται,
2589 4487 2684 4539 καὶ
2715 4485 2887 4555 ἰσχύϊ,
2906 4487 3012 4539 καὶ
3046 4488 3227 4557 μορφῇ
3256 4486 3430 4555 ἤγουν
3458 4497 3499 4523 ω
3530 4486 3813 4555 σχήματι,

526 4592 749 4647 quoque
776 4578 1124 4643 dividuntur,
1158 4586 1215 4633 et
1238 4578 1415 4632 forma
1442 4580 1559 4634 sive
1592 4580 1788 4649 ﬁgura,
1814 4589 1867 4634 et
1894 4579 2107 4643 habitu,

522 4675 578 4723 et
634 4678 1090 4739 temperamento,
1147 4678 1200 4723 et
1256 4669 1544 4739 dignitate,
1586 4679 1641 4724 et
1693 4670 1951 4724 instituto
1986 4672 2112 4724 vitae

522 4772 750 4828 genere,
790 4773 856 4813 ac
899 4759 1139 4829 denique
1183 4760 1443 4814 omnibus
1477 4760 1606 4814 aliis
1644 4760 2107 4831 proprietatibus,

524 4850 733 4920 quibus
792 4859 1055 4925 tanquam
1106 4851 1276 4906 certis
1316 4851 1649 4921 quibusdam
1711 4854 1860 4906 notis
1916 4852 2113 4921 digno-

523 4951 780 4997 scuntur.
810 4943 870 4996 lu
912 4942 1107 5013 primis
1135 4953 1317 4998 autem
1345 4944 1490 4998 inter
1520 4959 1582 4999 se
1612 4943 1912 5007 dissident,
1960 4941 2108 5013 quod

2208 4580 2305 4631 καὶ
2342 4579 2477 4645 ἕξει,
2530 4579 2625 4631 καὶ
2655 4580 2870 4649 κράσει.
2922 4580 3015 4632 καὶ
3056 4578 3206 4651 ἀξία,
3244 4581 3341 4632 καὶ
3375 4578 3812 4647 ἐπιτηδεύματι,

2208 4671 2303 4723 καὶ
2336 4672 2472 4723 πᾶσι
2509 4673 2623 4733 τοῖς
2660 4672 3184 4741 χαρακτηριστικοῖς
3219 4668 3508 4739 ἰδιώμασι·
3555 4669 3724 4722 πλέον
3751 4667 3817 4720 δὲ

2209 4759 2448 4823 πάντων,
2509 4758 2588 4830 τῷ
2638 4761 2715 4829 μὴ
2770 4759 2830 4811 ὲν
2878 4760 3160 4828 ἀλλήλαις,
3192 4757 3330 4811 ἁλλά
3369 4754 3819 4827 κεχωρισμένως

2207 4846 2368 4904 εἶναι.
2403 4850 2566 4904 Ὅθεν
2605 4851 2702 4904 καὶ
2726 4851 2841 4917 δύο,
2874 4852 2971 4905 καὶ
2992 4854 3145 4921 τρεῖς
3175 4849 3458 4921 ἄνθρωποι
3517 4846 3805 4915 λέγονται-

2214 4945 2307 4998 καὶ
2333 4942 2543 4998 πολλοί.

521 5053 634 5093 non
669 5039 774 5094 alia
808 5040 864 5095 in
896 5039 1027 5107 alia,
1075 5039 1171 5096 sed
1205 5055 1437 5111 qumque
1468 5040 1767 5111 separatim
1804 5041 2102 5097 exsistunt.
2144 5039 2221 5095 Ετ
2269 5055 2382 5112 quo
2411 5040 2580 5094 etiam
2613 5038 2871 5104 efﬁcitur,
2904 5046 2965 5093 ut
2998 5038 3133 5105 duo,
3184 5046 3237 5093 et
3307 5048 3442 5105 tres,
3495 5047 3549 5093 et
3637 5035 3822 5093 ωυιιι

523 5134 781 5191 homines
811 5136 1097 5192 dicantur.

596 5230 744 5285 Unde
787 5234 969 5285 unita:
995 5241 1211 5286 malum
1257 5229 1474 5285 divim.
1523 5229 1774 5284 Perseum
1821 5230 2107 5285 Trinitatis

521 5324 781 5380 indiciue.
819 5322 995 5377 Filius
1028 5336 1077 5377 et
1111 5322 1347 5393 Spiritus
1388 5333 1609 5377 sanctus
1639 5323 1710 5376 ad
1747 5340 1910 5377 unum
1952 5326 2100 5395 prin~

522 5418 718 5487 cipium
756 5416 1096 5484 referuntur.
1124 5447 1192 5457 —-
1220 5413 1281 5469 id
1320 5415 1469 5485 quod
1510 5415 1565 5469 in
1602 5416 1862 5469 omnibus
1892 5430 2113 5486 quoque

522 5507 769 5564 conditis
804 5507 970 5562 rebus
1001 5506 1444 5561 animadvertere
1490 5508 1677 5562 liceat.
1723 5506 1779 5562 ln
1821 5522 2113 5563 sacrosan—

524 5606 613 5652 cta
675 5613 829 5663 vero,
890 5605 946 5653 et
1000 5598 1371 5653 substantiam
1434 5614 1653 5653 omnem
1720 5609 2109 5670 exsuperante,

523 5699 691 5760 atque
725 5692 867 5745 ultra
909 5706 1000 5746 res
1030 5706 1225 5747 omnes
1253 5704 1445 5747 evecta
1485 5702 1539 5747 et
1563 5691 2110 5763 incomprehensibili

524 5781 815 5847 Triuitate,
849 5786 1128 5837 contrario
1163 5785 1328 5838 modo
1360 5802 1421 5839 se
1456 5801 1544 5840 res
1582 5786 1773 5839 liabet.
1807 5785 1927 5838 Illic
1962 5784 2109 5837 enim

523 5876 897 5932 comnnunitas
926 5876 1147 5948 quidem
1181 5888 1235 5933 et
1266 5880 1452 5933 unitas
1482 5880 1663 5950 reipsa
1695 5876 2109 5944 consideratur,

2282 5228 2457 5284 Τοῦτο
2485 5230 2541 5285 δὲ
2566 5228 2659 5284 ἐπὶ
2696 5227 2879 5297 πάσης
2913 5226 3061 5280 ἔστιν
3100 5225 3227 5278 ἰδεῖν
3254 5226 3356 5295 τῆς
3383 5226 3640 5293 κτίσεως.
3676 5230 3825 5285 Ἐπὶ

2212 5322 2270 5376 δὲ
2298 5323 2396 5393 τῆς
2422 5320 2587 5390 ἁγίας
2611 5320 2709 5373 καὶ
2737 5317 3091 5389 ὑπερονσίου,
3124 5319 3219 5370 καὶ
3256 5318 3477 5372 πάντων
3510 5319 3683 5372 επέκε
3696 5318 3822 5391 ινα,

2214 5417 2309 5470 καὶ
2338 5416 2582 5485 ἀλήπτου
2609 5412 2862 5482 Τριάδος,
2930 5410 2991 5462 τὸ
3050 5410 3343 5463 ἀνάπαλιν.
3535 5407 3614 5465 Τὸ
3705 5416 3823 5484 μὲν

2212 5504 2391 5560 κοινὸν
2446 5502 2542 5555 καὶ
2591 5500 2649 5553 ἓν
2672 5545 2686 5567 ,
2786 5502 3076 5574 πράγματι
3108 5501 3419 5572 θεωρεῖται,
3464 5502 3553 5556 διὰ
3584 5503 3646 5555 τδ
3676 5519 3828 5558 συν-

2213 5598 2402 5659 αἲδιον,
2437 5598 2531 5649 καὶ
2554 5595 2613 5648 τὸ
2630 5594 2827 5648 ταυτὸν
2856 5595 2954 5660 τῆς
2990 5595 3199 5657 οὐσίας,
3234 5594 3455 5665 καὶτῆς
3489 5596 3826 5665 ἐνεργείας,

2213 5692 2308 5744 καὶ
2330 5688 2426 5742 τοῦ
2461 5688 2787 5758 θελήματος,
2819 5688 2913 5740 καὶ
2938 5686 3037 5757 τὴν
3065 5685 3163 5755 τῆς
3194 5683 3424 5754 γνώμης
3466 5684 3825 5755 σύμπνοιαν,

2213 5786 2315 5853 τήν
2341 5799 2401 5835 τε
2455 5782 2554 5850 τῆς
2615 5780 2886 5844 ἐξουσίας.
2926 5778 3023 5833 καὶ
3058 5779 3156 5849 τῆς
3198 5778 3512 5849 δυνάμεως,
3563 5780 3661 5832 καὶ
3710 5780 3832 5850 τῆς

2213 5875 2548 5946 amem;
2584 5873 2909 5945 ταυτότητα.
2958 5872 3074 5928 Ούκ
3116 5867 3270 5925 εἷπον
3309 5871 3636 5942 ὁμοιότητα,
3666 5871 3827 5926 ἀλλὰ
