4048 6586
244 472 366 542 113

1207 479 1582 542 PANOPLIA
1623 478 2085 540 D’OGMATiCA.
2124 502 2190 512 -
2223 475 2377 534 ἹΊΤ.
2410 472 2499 533 Π.

3376 459 3480 524 1'14

226 593 531 662 ταυτότητα
554 607 568 621 ο
598 590 693 642 καὶ
716 588 776 641 τὸ
806 586 863 640 ἐν
890 584 1096 656 ἕξαλμα
1121 585 1220 654 τῆς
1249 585 1536 653 κινήσεως.
1569 583 1682 637 Μία
1707 584 1814 654 γὰρ

1944 603 2032 643 um
2070 577 2193 659 quia
2233 603 2482 658 persona:
2529 597 2816 643 com-terna:
2846 600 3001 652 sunt,
3053 599 3170 643 tum
3211 590 3341 660 quia
3384 592 3498 644 illa-

225 685 408 746 οὐσία,
449 683 546 754 μία
570 680 862 750 ἀγαθότης,
897 677 994 748 μία
1016 677 1267 747 δύναμις,
1308 676 1407 746 μία
1447 675 1689 746 θέλησις,
1719 674 1814 743 μία

225 777 506 847 ἐνέργεια,
540 773 664 842 ’μία
722 771 958 836 ἐξουσία,
1021 770 1122 839 μία
1182 769 1276 822 καὶ
1309 770 1342 838 ἡ
1371 766 1529 835 αὑτὴ,
1569 767 1630 820 οὐ
1667 769 1815 837 τρεῖς

224 867 414 935 ὅμοιαι
447 863 709 932 ἀλλήλαις
732 879 744 890 ο
780 859 914 914 ἀλλὰ
952 859 1052 930 μία
1094 859 1189 911 καὶ
1227 860 1261 928 ἡ
1295 855 1433 928 αὐτὴ
1467 857 1680 928 κίνησις
1708 855 1816 908 τῶν

223 956 396 1028 τριῶν
450 954 823 1008 ὑποστάσεων.
868 951 966 1004 Ἓν
1013 951 1124 1022 γὰρ
1177 951 1411 1004 ἕκαστον
1465 949 1645 1002 αὐτῶν
1704 948 1816 1018 ἔχει

225 1047 370 1119 πρὸς
395 1048 456 1102 τὸ
485 1047 693 1116 ἕτερον,
719 1046 818 1116 οὐχ
845 1039 1007 1116 ἦττον
1037 1045 1071 1114 ἢ
1106 1044 1238 1114 πρὸς
1274 1043 1465 1096 ἑαυτόν
1487 1057 1500 1071 °
1539 1041 1819 1094 τουτέστιν

224 1141 310 1193 ὅτι
339 1139 485 1192 κατὰ
519 1138 696 1192 πάντα
727 1137 786 1191 ἐν
817 1138 956 1190 είσιν
1022 1138 1050 1189 ὁ
1103 1135 1314 1207 Πατὴρ,
1345 1136 1440 1189 καὶ
1479 1135 1508 1188 ὁ
1534 1134 1682 1199 Υίὸς,
1725 1134 1818 1187 καὶ

225 1229 290 1283 τὸ
318 1231 476 1298 Ξγιον
507 1229 752 1298 Πνεῦμα,
775 1227 916 1298 πλὴν
944 1227 1045 1298 τῆς
1070 1227 1418 1298 άγεννησίας,
1451 1225 1545 1279 καὶ
1570 1226 1672 1296 τῆς
1693 1242 1820 1293 γεν-

228 1323 467 1390 νήσεως,
491 1320 585 1374 καὶ
607 1324 706 1391 τῆς
740 1319 1123 1394 ἐκπορεύσεως
1146 1337 1160 1350 ·
1203 1319 1418 1390 ἐπινοίᾳ
1446 1319 1500 1372 δὲ
1529 1318 1590 1371 τὸ
1627 1319 1820 1391 διῃρη-

233 1411 426 1480 μένον.
481 1412 618 1466 Ἕνα
683 1411 792 1482 γὰρ
845 1411 980 1464 Θεὸν
1030 1410 1409 1480 γινώσκομενο
1450 1411 1508 1462 ἐν
1548 1410 1738 1480 μόναις
1763 1409 1821 1464 δὲ

228 1506 360 1565 ταξς
396 1503 624 1573 ἰδιότησι
651 1504 748 1572 τῆς
769 1520 830 1555 τε
861 1503 1222 1574 πατρότητος,
1283 1502 1378 1555 καὶ
1416 1504 1514 1572 τῆς
1549 1501 1819 1571 υίότητος,

230 1597 334 1650 καὶ
365 1595 915 1668 τῆςέκπορεῦσεωςο
987 1595 1131 1650 κατά
1182 1612 1243 1647 τε
1300 1594 1360 1646 τὸ
1392 1595 1588 1659 αίτιον,
1637 1593 1730 1647 καὶ
1762 1593 1822 1646 τὸ

231 1685 696 1758 αἱτιατὸν(ί),κα“ι
711 1686 983 1744 τὸτέλειον
1002 1689 1100 1757 τῆς
1161 1687 1536 1753 ὑποστάσεως,
1575 1687 1694 1757 ἦτοι
1731 1685 1822 1740 τὸν

234 1780 344 1849 τῆς
412 1777 701 1847 ὑπάρξεως
759 1777 997 1847 τρόπον,
1048 1778 1148 1850 τὴν
1196 1777 1464 1849 διαφορὰν
1509 1776 1820 1848 ἐννοοῦμεν.

237 1871 384 1926 Οὔτε
405 1871 518 1940 γὰρ
549 1869 782 1940 τοπικὴν
832 1869 1136 1937 διάστασιν,
1199 1872 1275 1936 ὡς
1334 1872 1419 1942 ἐφ’
1450 1870 1626 1943 ἡμῶν,
1660 1871 1822 1926 δυνά-

239 1958 390 2029 μεθα
421 1960 517 2014 ἐπὶ
532 1959 631 2031 τῆς
647 1960 1064 2032 ἁπεριγράπτου
1087 1961 1269 2030 λέγειν
1286 1962 1562 2035 Θεότητοςο
1583 1965 1642 2016 ἐν
1659 1963 1828 2033 ἀλλή-
1862 1966 1906 2022 Β
1929 1970 2043 2020 tur.

237 2049 368 2111 λαις
394 2049 506 2119 γὰρ
528 2050 584 2103 αἱ
633 2051 964 2116 ὑποστάσεις
991 2054 1158 2107 είσίν·
1187 2055 1285 2125 οὐχ
1315 2055 1457 2109 ὥστε
1486 2056 1825 2126 συγχεῖσθαι,

237 2141 384 2194 sua
411 2140 557 2195 ὥστε
582 2141 826 2212 ἔχεσθαι,
853 2145 997 2199 κατὰ
1019 2147 1112 2200 τὸν
1131 2146 1227 2200 τοῦ
1256 2149 1465 2219 Κυρίου
1488 2150 1667 2218 λόγον,
1685 2148 1833 2219 Ἐγὼ

237 2231 312 2284 ἐν
338 2231 421 2298 τῷ
444 2233 647 2302 Πατρὶ,
671 2233 770 2288 καί
795 2239 828 2290 ὁ
857 2235 1064 2306 Πατὴρ
1089 2238 1160 2292 ἐν
1182 2239 1338 2308 ἐμοὶ,
1367 2242 1642 2310 φήσαντος
1668 2261 1680 2274 ·
1706 2239 1832 2294 οὔτε

240 2319 563 2389 θελήματος
592 2322 877 2395 διαφορὰν,
908 2324 941 2396 ἢ
965 2325 1213 2398 γνώμης,
1235 2327 1268 2399 ἦ
1287 2329 1589 2399 ἐνεργείας,
1615 2328 1648 2400 ἦ
1671 2329 1833 2383 δυνά-

244 2427 422 2480 μεως,
453 2413 488 2482 ἡ
516 2429 661 2478 τινος
680 2415 892 2487 ἐτέρου,
927 2417 1085 2471 ἆτινα
1114 2419 1216 2490 τὴν
1266 2422 1686 2493 πραγματικὴν,
1740 2424 1836 2477 καὶ

239 2502 428 2556 διόλου
487 2506 547 2557 ἐν
603 2508 737 2578 ἡμῖν
782 2511 1014 2578 γεννῶσι
1064 2512 1354 2586 διαίρεσιν.
1400 2514 1492 2567 Διὸ
1525 2515 1650 2568 οὐδὲ
1683 2517 1835 2585 τρεῖς

243 2594 408 2660 θεοὺς
431 2596 692 2669 λέγομεν,
756 2602 847 2654 τὸν
904 2605 1148 2675 Πατέρα,
1183 2608 1276 2660 καὶ
1327 2607 1420 2661 τὸν
1444 2607 1622 2670 ,Υίὸν,
1659 2608 1836 2662 καὶτὸ

244 2683 409 2753 ἆγιον
457 2685 717 2758 Πνεῦμα·
770 2691 869 2746 ἕνα
924 2694 982 2747 δὲ
1047 2695 1250 2765 μᾶλλον
1309 2695 1480 2762 Θεὸν,
1530 2697 1632 2766 τήν
1671 2697 1838 2765 ἁγίαν

244 2776 485 2847 Τριὰδα,
512 2782 591 2844 εἰς
619 2781 680 2834 ἓν
704 2783 879 2838 αἴτιον
986 2787 1124 2841 Υίοῦ
1224 2789 1320 2843 καὶ
1364 2788 1685 2860 Πνεῦματος
1709 2791 1838 2844 ἀνα-

246 2866 592 2934 φερομένων,
622 2871 684 2922 οὗ
717 2873 1141 2945 συντιθεμένων,
1171 2876 1294 2930 οὐδὲ
1342 2879 1835 2952 συναλειφομένων,

245 2955 398 3009 κατὰ
434 2957 534 3030 τὴν
577 2960 868 3018 Σαδελλίου
917 2969 1256 3039 συναίρεσιν*
1307 2970 1556 3025 ἐνοῦνται
1589 2971 1720 3043 γὰρ,
1761 2971 1838 3038 ὡς

246 3048 492 3120 ἔφημεν,
547 3055 646 3124 οὐχ
683 3053 824 3110 ὥστε
883 3061 1227 3129 συγχεῖσθαι,
1276 3063 1394 3117 ἀλλ’
1429 3064 1571 3118 ὥστε
1616 3064 1839 3136 ἔχεσθαι

246 3139 540 3232 αλλήλων·
599 3148 696 3202 καὶ
743 3149 842 3220 τὴν
900 3151 958 3203 ἐν
1005 3152 1264 3222 ἀλλήλαις
1460 3155 1836 3232 περιχώρησιν

245 3231 444 3302 ἔχουσι
473 3235 596 3306 δίχα
658 3238 840 3310 πάσης
895 3243 1222 3313 συναλοιφῆς
1280 3245 1372 3298 καί⁵
1434 3231 1836 3319 συμφύρσεως·

247 3325 383 3378 οὐδὲ
419 3324 812 3402 ἐξισταμένων,
843 3332 876 3402 ἢ
909 3334 1030 3386 κατ’
1065 3334 1254 3388 οὐσίαν
1302 3336 1650 3407 τεμνομένων
1697 3337 1840 3391 κατὰ

247 3416 358 3488 τὴν
422 3419 634 3490 Ἀρείου
694 3420 980 3494 διαίρεσιν.
1053 3426 1378 3498 ’Δμὲριστος
1422 3427 1533 3498 γὰρ
1563 3430 1622 3480 ἐν
1672 3445 1843 3498 μεμε-

252 3511 567 3582 ρισμένοις,
618 3516 667 3568 εί
722 3515 802 3568 δεῖ
847 3518 1130 3588 συντόμως
1179 3521 1378 3586 εἰπεῖν,
1410 3521 1693 3591 ἠΘεότης,
1746 3522 1842 3577 καὶ

248 3595 376 3655 οἷον
408 3605 467 3656 ἐν
497 3600 669 3675 ἡλίοις
699 3609 874 3680 τρισὶν
911 3611 1191 3681 ἐχομένοις
1239 3613 1509 3684 ἀλλήλων,
1562 3615 1658 3668 καὶ
1691 3614 1842 3668 ἀδια-

253 3694 483 3756 στάτοις
514 3689 656 3764 οὖσι,
684 3696 783 3766 μία
815 3697 909 3750 τοῦ
943 3700 1120 3766 φωτὸς
1159 3701 1464 3771 σύγκρασίς
1487 3719 1547 3755 τε
1585 3703 1678 3757 καὶ
1707 3720 1840 3757 συν-

250 3785 452 3851 άφεια.
481 3787 648 3842 Ὅταν
680 3789 780 3859 μὲν
832 3783 924 3842 οῦν
964 3792 1102 3863 πρὸς
1150 3794 1250 3862 τὴν
1276 3793 1505 3865 θεότητα
1532 3794 1839 3866 βλέψωμεν,

252 3879 361 3932 καὶ
388 3879 488 3949 τὴν
519 3881 742 3952 πρώτην
777 3884 978 3949 αἰτίαν,
1015 3887 1108 3938 καὶ
1153 3885 1252 3956 τὴν
1312 3889 1634 3958 μοναρχίαν,
1665 3889 1760 3941 καὶ
1784 3889 1844 3941 τὸ

235 3970 340 4037 ἓν,
377 3972 470 4024 καὶ
503 3971 699 4027 ταυτὸν
732 3976 829 4044 τῆς
850 3973 1130 4048 θεότητος,
1163 3979 1230 4031 ἵν’
1257 3977 1430 4042 οὕτως
1457 3981 1617 4046 εἴπω,
1639 3980 1846 4049 κίνημά

252 4077 316 4115 τε
382 4063 478 4115 καὶ
529 4064 796 4138 βούλημα,
859 4070 954 4122 καὶ
984 4072 1082 4140 τὴν
1120 4071 1218 4140 τῆς
1288 4071 1498 4136 οὐσίας,
1551 4074 1648 4126 καὶ
1687 4073 1846 4126 δυνά-

257 4169 439 4221 μεως,
473 4154 566 4207 καὶ
596 4157 900 4229 ἐνεργείας,
929 4161 1022 4214 καὶ
1059 4161 1381 4231 κυριότητος
1429 4163 1756 4233 ταυτότητα,
1788 4161 1846 4215 ἓν

252 4247 403 4313 ἡμῖν
458 4246 518 4299 τὸ
573 4251 998 4322 φανταζόμενον.
1031 4255 1202 4308 Ὅταν
1233 4255 1290 4308 δὲ
1337 4256 1474 4328 πρὸς
1504 4255 1574 4308 τὰ
1613 4258 1669 4308 ἐν
1699 4249 1778 4317 οἷς
1811 4257 1844 4326 ἠ

253 4337 496 4408 Θεότης,
522 4340 579 4411 ἢ.
612 4343 673 4396 τό
727 4361 790 4412 γε
847 4345 1236 4417 ἀκριϐέστερον
1275 4349 1475 4411 εἰπεῖν,
1498 4347 1534 4402 ἃ.
1561 4351 1593 4417 ἡ
1622 4349 1844 4418 Θεότης,

255 4433 364 4482 καὶ
400 4432 472 4484 τά
508 4434 570 4484 ἐκ
602 4434 703 4502 τῆς
735 4436 957 4508 πρώτης
985 4439 1162 4501 αἰτίας
1185 4440 1434 4511 ἀχρόνως
1462 4439 1672 4492 ἐκεῖθεν
1691 4440 1846 4503 ὄντα,

261 4525 366 4576 καὶ
394 4525 683 4594 ὀμοδόξως,
705 4529 797 4580 καὶ
825 4529 1165 4595 ἀδιαστάτως
1192 4547 1205 4562 ·
1225 4531 1474 4585 τουτέστι
1490 4532 1590 4594 τὰς
1614 4531 1852 4585 ὑποστά-

1921 693 2043 732 rum
2096 679 2286 733 eadem
2322 687 2404 733 est
2443 679 2721 742 essentia,
2763 677 3020 743 facultas.
3070 679 3352 742 voluntas,
3383 696 3500 734 sen-

1923 772 2107 826 tentia:
2169 770 2513 840 couSpiratio
2550 811 2563 833 ,
2633 771 2822 827 eadem
2886 787 3104 840 quoque
3156 775 3504 839 auctoritas,

1924 859 2190 931 potentia,
2249 860 2490 915 bonitas.
2546 859 2663 913 Non
2724 861 2860 925 dixi,
2913 861 3357 923 similitudinem,
3411 861 3504 914 sed

1925 953 2292 1019 identitatem,
2359 960 2527 1023 atque
2576 968 2742 1007 unam
2807 953 3072 1008 motionis
3138 953 3503 1024 praesultatio-

1926 1060 2078 1100 nem.
2176 1043 2297 1099 Una
2325 1045 2475 1099 enim
2516 1054 2602 1100 est
2635 1045 2904 1111 essentia,
2955 1060 3063 1099 una
3116 1044 3358 1111 bonitas,
3398 1060 3505 1098 una

1925 1143 2193 1208 potestas,
2227 1152 2338 1191 una
2367 1136 2647 1203 voluntas,
2682 1152 2790 1192 una
2825 1135 3086 1203 facultas,
3125 1152 3232 1191 una
3264 1137 3506 1190 auctori-

1926 1236 2040 1288 tas:
2084 1244 2214 1293 una,
2250 1228 2499 1300 inquam,
2531 1236 2584 1283 et
2641 1229 2873 1292 eadem,
2927 1243 3036 1282 non
3090 1236 3203 1283 tres
3255 1229 3402 1282 inter
3447 1243 3508 1282 se

1927 1319 2160 1385 similes,
2192 1318 2290 1375 sed
2320 1334 2426 1373 una
2467 1321 2627 1390 plane
2661 1319 2972 1390 eademque
3026 1320 3194 1374 trium
3251 1333 3507 1388 persona-

1927 1426 2048 1466 rum
2082 1412 2271 1466 motio.
2302 1410 2654 1483 Unaquaeque
2695 1412 2840 1467 enim
2875 1411 3128 1483 ipsarum
3177 1426 3286 1466 non
3329 1411 3512 1486 minus

1929 1501 2193 1556 unitatem
2226 1501 2535 1557 habetcum
2567 1504 2696 1569 alia,
2728 1519 2890 1574 quam
2928 1505 3048 1575 ipsa
3081 1519 3289 1558 secum.
3327 1499 3511 1557 Unum

1927 1593 2130 1664 quippe
2187 1593 2445 1664 idemque
2485 1596 2711 1652 omnino
2763 1605 2896 1652 sunt
2945 1596 3110 1652 Pater
3152 1605 3206 1652 et
3255 1594 3429 1650 Filius
3459 1603 3513 1649 ct

1930 1685 2176 1757 Spiritus
2221 1695 2484 1755 sanctus;
2538 1689 2645 1744 nisi
2693 1691 2839 1761 quod
2873 1689 3044 1746 Pater
3075 1689 3354 1760 ingenitus
3403 1695 3512 1753 est,

1928 1776 2102 1833 Filius
2130 1778 2370 1849 genitus,
2395 1786 2449 1834 et
2480 1777 2724 1849 Spiritus
2755 1787 2982 1837 sanctus
3011 1780 3308 1850 processit.
3357 1777 3515 1845 Quod

1925 1877 2118 1925 autem
2167 1870 2225 1926 in
2274 1885 2341 1927 ea
2388 1872 2700 1928 discretum
2741 1881 2849 1940 est,
2893 1875 3232 1945 cogitatione
3274 1873 3512 1944 percipi-

2166 1963 2347 2020 Unum
2378 1965 2582 2034 quippe
2623 1963 2796 2020 Deum
2830 1963 3251 2034 cognoscimus:
3285 1962 3342 2016 in
3373 1960 3511 2017 solis

1931 2055 2388 2125 preprietatibus,
2547 2053 2807 2112 nimirum
2960 2054 3334 2127 paternitatis,
3373 2054 3514 2109 tilia-

1931 2147 2121 2210 tionis,
2155 2155 2210 2201 et
2243 2147 2656 2217 processionis;
2690 2135 2857 2217 atque
2887 2154 3155 2216 quantum
3184 2144 3252 2199 ad
3281 2159 3510 2200 causam

1931 2245 1987 2292 et
2027 2247 2339 2303 causatum,
2376 2254 2441 2294 ac
2476 2239 2796 2310 liypostasis
2825 2238 3243 2308 perfectionem,
3281 2237 3385 2291 hoc
3427 2245 3513 2292 est

1933 2329 2237 2385 exsistendi
2284 2330 2531 2394 modum,
2577 2330 2996 2385 distinctionem
3136 2327 3510 2399 intelligimus.

1933 2421 2122 2494 Neque
2153 2423 2298 2478 enim
2344 2423 2664 2478 distantiam
2695 2421 3002 2478 secundum
3031 2420 3237 2483 locum,
3281 2427 3340 2473 ut
3368 2419 3514 2488 apud

1934 2527 2060 2576 nos,
2118 2513 2172 2565 in
2230 2510 2443 2566 Deitate
2489 2527 2613 2582 quae
2667 2510 3242 2580 circumscriptionem
3295 2522 3513 2562 omnem

1935 2603 2204 2667 excludit,
2237 2603 2530 2658 admittere
2571 2603 2699 2657 licet
2743 2606 2896 2669 (sunt
2929 2602 3073 2657 enim
3107 2615 3362 2672 personat
3395 2600 3518 2655 alia:

1934 2696 1992 2751 in
2020 2695 2175 2761 aliis;
2207 2709 2315 2750 non
2349 2703 2410 2749 ut
2435 2695 2579 2750 inter
2626 2711 2687 2750 se
2710 2694 3154 2759 confundantur,
3192 2694 3286 2750 sed
3324 2703 3384 2748 ut
3415 2708 3512 2747 eo.

1938 2784 2201 2848 intereant,
2254 2786 2410 2853 juxta
2461 2799 2582 2839 eam
2639 2784 2857 2838 Domini
2904 2785 3231 2839 sententiam
3266 2801 3280 2837 :
3311 2786 3424 2853 Ego
3458 2784 3514 2837 in

1937 2875 2106 2932 Patre
2146 2887 2197 2932 et
2247 2876 2414 2932 Pater
2464 2877 2521 2931 in
2572 2892 2652 2931 me
2686 2886 2765 2931 est
2838 2876 2880 2948 ί)
2917 2891 3016 2931 nec
3049 2875 3376 2940 voluntatis,
3423 2883 3518 2927 ant

1938 2971 2262 3036 sententias;
2317 2977 2412 3025 aut
2471 2969 2859 3033 efﬁcacitatis,
2909 2975 3005 3022 aut
3057 2968 3365 3038 potentiae;
3424 2978 3520 3020 aut

1938 3065 2168 3120 alterius
2193 3062 2486 3132 cujusdam
2516 3061 2617 3122 rei.
2649 3076 2773 3130 qua:
2820 3061 3026 3116 realem
3053 3073 3118 3114 ac
3140 3057 3517 3114 omnimodam

1939 3157 1996 3213 in
2037 3155 2200 3212 nobis
2243 3153 2658 3211 distinctionem
2714 3155 2923 3222 gignat,
2974 3150 3276 3206 discrimen
3324 3148 3518 3204 ullum.

1940 3247 2292 3318 Quapropter
2320 3261 2423 3301 nec
2452 3255 2568 3299 tres
2596 3243 2729 3298 deos
2753 3240 2974 3297 Patrem
2998 3251 3052 3296 et
3081 3241 3281 3296 Filium
3313 3246 3369 3295 et
3391 3239 3521 3309 Spi-

1945 3339 2108 3393 ritum
2141 3343 2398 3392 sanctum
2425 3334 2701 3399 dicimus;
2733 3334 2870 3403 quin
2909 3331 3092 3402 potius
3114 3337 3366 3387 sanetam
3391 3327 3524 3384 Tri-

1943 3430 2166 3485 nitatem
2200 3442 2371 3483 unum
2407 3425 2576 3481 Deum
2627 3424 2936 3480 asserimus
2976 3440 2992 3480 :
3039 3423 3119 3480 sic
3167 3421 3426 3477 videlicet
3461 3428 3524 3476 ut

1943 3523 2116 3578 Filius
2151 3531 2201 3577 et
2238 3520 2485 3591 Spiritus
2515 3525 2746 3574 sanctus
2775 3515 2844 3570 ad
2871 3531 3038 3570 unum
3071 3522 3354 3569 auctorem
3381 3512 3524 3568 refe-

1944 3623 2162 3676 rantur,
2193 3629 2304 3668 non
2348 3621 2532 3667 autem
2583 3619 3018 3680 componantur,
3067 3615 3164 3662 aut
3205 3607 3364 3677 juxta
3423 3607 3526 3659 Sa-

1944 3704 2090 3762 bellii
2145 3702 2580 3758 contractionem
2651 3715 2764 3755 una
2839 3701 3160 3755 coalescant
3206 3712 3273 3753 ac
3322 3698 3527 3766 permi-

1945 3805 2206 3854 sceantur
2237 3797 2533 3866 (uniun—tur
2566 3794 2739 3856 enim,
2797 3800 2856 3846 ut
2903 3792 3178 3855 diximus,
3203 3805 3312 3844 non
3345 3790 3420 3843 ita
3464 3799 3527 3842 ut

1944 3888 2383 3954 confundantur,
2419 3887 2513 3942 sed
2557 3894 2616 3940 ut
2649 3885 2997 3948 cohaereant;
3035 3891 3200 3953 atque
3230 3895 3356 3936 sese
3384 3881 3526 3934 invi-

1949 3997 2073 4034 cem
2108 3981 2246 4034 citra
2281 3993 2501 4034 omnem
2549 3975 3048 4032 contradictionem
3086 3988 3150 4028 ac
3180 3971 3527 4028 commistio-

1949 4088 2070 4127 nem
2111 4070 2460 4142 pervadant),
2504 4084 2606 4125 nec
2623 4075 2816 4140 ‘extra
2845 4082 2902 4122 se
2954 4065 3187 4120 invicem
3236 4065 3528 4125 sistautur.

1948 4174 2041 4219 aut
2071 4171 2338 4235 quantum
2374 4163 2441 4217 ad
2469 4162 2774 4218 essentiam
2816 4161 2972 4227 juxta
3028 4159 3144 4213 Arii
3199 4157 3530 4214 divisionem

1949 4258 2303 4314 scindantur.
2439 4253 2678 4309 lndivisa
2732 4253 2875 4307 enim
2925 4252 2979 4306 in
3030 4250 3246 4313 divisis,
3301 4257 3360 4302 ut
3413 4264 3532 4302 rem

1952 4346 2192 4402 breviter
2211 4343 2517 4408 enuntiem,
2549 4341 2824 4398 Divinitas
2844 4350 2967 4409 est;
2997 4355 3061 4395 ac
3091 4341 3239 4394 velut
3270 4339 3325 4394 in
3353 4338 3532 4393 tribus

1951 4439 2162 4495 solibus
2182 4437 2285 4494 sibi
2317 4438 2553 4492 invicem
2583 4436 3008 4497 cohaerentibus,
3040 4435 3192 4487 nulla
3221 4432 3326 4486 loci
3361 4431 3536 4488 inter-

1952 4532 2224 4604 capedine
2245 4529 2580 4600 disiunctis,
2609 4544 2717 4584 una
2747 4529 3058 4597 eademque
3089 4528 3230 4580 lucis
3263 4534 3536 4595 tempera-

263 4630 389 4676 σεις
446 4616 540 4670 τοῦ
574 4619 702 4674 Υίοῦ
750 4623 844 4675 καὶ
884 4623 978 4676 τοῦ
1019 4624 1358 4695 Πνεῦματος,
1407 4624 1534 4696 τρία
1576 4623 1646 4678 τὰ
1678 4641 1833 4695 ’προσ⁴

1955 4625 2036 4679 tio
2074 4633 2242 4694 atque
2278 4621 2630 4691 coniunctio.
2685 4619 2870 4686 Quare
2915 4635 3041 4673 cum
3099 4618 3394 4681 Deilatem,
3426 4615 3538 4686 pri-
3591 4635 3598 4646 π

267 4708 602 4778 ιιυνούμενα.

1955 4733 2214 4787 mamque
2269 4715 2420 4769 illam
2471 4726 2742 4777 causam,
2797 4718 2852 4763 ct
2914 4707 3332 4774 monarchiam,
3373 4716 3536 4776 atque

266 4813 444 4853 unam
481 4799 838 4872 eamdemque
865 4802 1174 4858 divinitatis
1219 4803 1240 4874 (
1269 4811 1330 4858 ut
1362 4802 1434 4858 ita
1467 4801 1678 4874 dicam)
1704 4803 2004 4858 motionem
2037 4812 2094 4858 et
2127 4802 2486 4864 voluntatem,
2530 4801 2828 4856 essentiam
2882 4813 2947 4854 ac
2991 4798 3317 4869 potentiam,
3347 4799 3530 4854 eiiica-

267 4899 633 4964 citatemque,
668 4906 723 4952 et
756 4899 1182 4954 dominationem
1216 4899 1517 4964 intuemur,
1551 4915 1718 4954 unum
1748 4901 2017 4956 duntaxat
2055 4896 2243 4952 sensui
2287 4905 2480 4952 nostro
2513 4897 2862 4952 obversatur.
2912 4897 2984 4952 At
3017 4913 3174 4965 vero,
3206 4913 3330 4954 cum
3361 4913 3445 4959 ea.
3475 4900 3528 4954 in

263 4990 477 5058 qu‘bus
512 4989 694 5045 Deitas
718 5003 826 5055 est,
860 4995 964 5061 vel,
999 4996 1045 5050 si
1073 4997 1386 5053 accuratius
1421 4997 1754 5068 loquendum
1786 5009 1892 5063 est,
1930 5012 2052 5066 qua:
2090 4995 2275 5050 Deitas
2299 5004 2403 5061 est,
2435 5003 2599 5065 atque
2625 5009 2687 5048 ea
2721 5009 2840 5062 quae
2868 5009 2935 5049 ex
2969 4995 3218 5067 principe
3250 4996 3337 5050 illa
3366 5011 3531 5051 causa

263 5083 416 5137 citra
453 5099 613 5139 omne
640 5088 900 5156 temporis
928 5089 1188 5158 spatium,
1213 5091 1514 5160 glorizeque
1542 5091 1862 5156 discrimen,
1899 5105 1962 5145 ac
1995 5089 2400 5159 separationem
2434 5089 2742 5154 exsistunt;
2784 5089 2886 5144 hoc
2916 5098 3001 5144 est
3033 5103 3317 5158 personas,
3343 5091 3526 5146 consi-

265 5179 557 5239 deramus.
595 5182 694 5233 tria
726 5193 853 5236 sunt
885 5197 1006 5251 quae
1032 5197 1059 5236 a
1092 5184 1251 5238 nobis
1289 5184 1612 5240 adorantur.

349 5275 474 5344 Χρὴ
506 5275 562 5328 δὲ
590 5275 902 5342 γινώσκειν,
934 5277 1016 5329 ὅτι
1047 5276 1138 5328 τὸν
1172 5277 1388 5347 Πατέρα
1423 5277 1484 5330 οὐ
1526 5278 1762 5348 λέγομεν
1795 5279 1833 5330 ἐι

2026 5275 2226 5331 Verum
2260 5275 2312 5329 id
2339 5274 2496 5329 nobis
2530 5274 2922 5329 advertendum
2954 5284 3055 5340 est,
3080 5277 3226 5346 quod
3248 5291 3370 5331 cum
3413 5293 3519 5330 non

264 5384 462 5430 τινοςο
519 5367 754 5435 λέγομεν
801 5369 858 5420 δὲ
911 5371 1073 5422 αὑτὸν
1129 5369 1223 5422 τοῦ
1278 5368 1405 5422 Υίοῦ
1463 5371 1700 5440 Πατέρα.
1752 5370 1833 5422 Τὸι

1955 5369 2200 5434 dicamus
2229 5367 2443 5422 Patrem
2474 5383 2598 5422 esse
2633 5385 2697 5422 ex
2744 5369 2944 5437 aliquo,
2981 5371 3212 5425 dicimus
3236 5377 3414 5423 tamen
3442 5370 3523 5438 ip-

267 5461 335 5513 δὲ
372 5460 521 5524 my,
555 5462 616 5512 οὐ
657 5461 890 5529 λέγομεν
925 5464 1118 5525 αἴτιον,
1169 5458 1293 5514 οὐδὲ
1351 5463 1588 5530 Πατέραο
1624 5463 1833 5532 λέγομεε

1955 5475 2074 5514 sum
2113 5458 2230 5513 Filii
2293 5460 2524 5514 Patrem.
2593 5460 2788 5514 Filium
2841 5469 3021 5514 autem
3060 5474 3160 5513 nec
3190 5459 3310 5512 sine
3339 5473 3524 5520 causa,

266 5553 331 5604 δέ
375 5551 559 5615 αὑτὸν,
595 5554 690 5606 καὶ
723 5555 785 5606 ἐκ
821 5553 914 5605 τοῦ
953 5555 1180 5623 Πατρὶς,
1211 5555 1306 5608 καὶ
1332 5556 1458 5607 Υίὸν
1488 5555 1582 5607 τοῦ
1620 5556 1832 5622 Πατρός

1956 5571 2056 5609 nec
2085 5553 2296 5608 Patrem
2326 5554 2578 5618 dicimus,
2610 5555 2706 5610 sed
2729 5571 2793 5609 ex
2823 5553 2998 5618 Patre,
3037 5564 3091 5608 et
3120 5552 3312 5606 Filium
3333 5551 3528 5608 Patris.

268 5643 354 5695 Τὸ
382 5642 439 5694 δέ
472 5643 693 5712 Πνεῦμα
723 5644 783 5697 τὸ
816 5647 992 5712 ἅγιον,
1023 5647 1117 5699 καὶ
1147 5649 1210 5699 ἐκ
1237 5647 1331 5701 τοῦ
1366 5647 1574 5716 Πατρὸς
1599 5647 1831 5717 λέγομεν

1953 5648 2022 5702 At
2054 5648 2316 5718 Spiritum
2347 5658 2775 5713 sanctum,etex
2816 5646 2977 5700 Patre
3027 5645 3258 5701 dicimus
3318 5657 3530 5707 esse,ct

354 5764 436 5832 (1)
497 5765 574 5840 Ad
623 5766 784 5840 verba
831 5770 925 5819 καὶ
964 5768 1026 5820 τὸ
1065 5768 1306 5840 αίτιατὸν
1352 5767 1612 5840 Scholion
1646 5781 1833 5834 seque!

1940 5765 2136 5840 legitur
2191 5767 2246 5823 in
2298 5768 2485 5822 codice
2537 5767 2560 5819 1
2620 5763 2928 5832 Mosquensi
2981 5781 2992 5816 :

3052 5760 3393 5832 ’ἰδιοτρόπως
3441 5762 3534 5812 καὶ

270 5834 361 5887 ὑπ
397 5839 626 5901 ρουσίως
648 5837 708 5888 τὸ
731 5840 1000 5892 ιιὶτιατὸν
1031 5838 1265 5893 ἐνταῦθα
1294 5838 1533 5908 νοητέον.
1569 5835 1854 5891 Murum.

361 5953 562 6011 'Joan.
605 5971 690 6015 xv,
734 5954 820 6011 Η.
