4048 6576
239 440 347 512 117

1232 439 1609 503 PANOPLIA
1651 440 2110 504 DOGMATICA.
2143 465 2214 475 —
2246 437 2392 504 TiT.
2439 441 2524 503 Il.

3415 445 3520 514 118‘

239 579 383 617 σεων
407 561 669 632 διαίρεσις
683 562 970 633 πράγματι
993 561 1298 632 Θεωρείταιο
1330 564 1618 634 πράγματι
1649 562 1758 632 γὰρ
1799 564 1810 614 l

1935 577 2058 617 rum
2092 560 2290 616 divisio
2343 575 2704 631 personarum
2767 562 2944 634 reipsa
3002 561 3351 634 perspicitur.
3413 564 3514 620 Hi—

232 654 462 725 Μιχαὴλ
496 653 591 708 τοῦ
626 653 869 724 Γαϐριὴλ
901 650 1264 722 κεχώρισται,
1298 655 1396 706 καὶ
1419 654 1447 706 ὁ
1479 655 1685 723 Πέτρος
1721 652 1818 704 τοῦ

232 747 478 811 Παύλου,
508 745 602 801 καὶ
631 745 697 797 τὰ
725 744 885 798 λοιπὰ
915 744 970 798 δὲ
1001 744 1230 810 ὁμοίως.
1261 747 1303 798 Τ
1308 745 1335 797 δ
1358 745 1415 798 δὲ
1441 744 1616 798 κοινὸν
1646 744 1825 798 αὐτῶν

231 844 332 896 καὶ
363 842 424 894 τδ
453 840 511 893 ὃν
545 839 762 909 ἐπινοίᾳ
790 837 1214 906 διαγινώσκεται
1237 854 1252 870 ο
1307 837 1520 910 ἐπινοίᾳ
1543 837 1650 907 γὰρ
1691 837 1823 908 μόνῃ

230 933 361 986 ποῦ
371 949 474 1001 μεν
510 931 606 1002 τὴν
626 929 962 998 ἀγγελότητα
978 947 1038 982 τυ
1050 929 1142 998 χὺν
1179 929 1271 982 καὶ
1288 929 1386 1000 τὴν
1407 929 1503 982 ἀνθ
1513 929 1820 999 ρωπότητα.

242 1027 377 1080 Ἐπὶ
419 1025 476 1078 δὲ
511 1026 610 1096 τῆς
645 1023 791 1084 Θείας
841 1021 1068 1093 Τριάδος
1104 1021 1376 1074 ἀνάπαλιν
1407 1021 1466 1074 τὸ
1518 1020 1616 1090 μὲν
1647 1019 1823 1072 κοινὸν

227 1116 421 1170 αὑτῶν
455 1116 551 1170 καὶ
578 1117 638 1170 τὺ
673 1115 729 1168 ἓν
765 1117 1052 1184 πράγματι
1074 1115 1358 1186 θεωρεῖται
1379 1131 1394 1146 ο
1419 1112 1821 1184 πραγματικῶς

227 1207 348 1276 γὰρ
395 1208 621 1276 οἴδαμεν
658 1207 741 1259 ὅτι
776 1203 854 1269 εἷς
887 1208 1004 1258 ἐστι
1034 1205 1188 1268 Θεὸς,
1215 1208 1309 1259 καὶ
1359 1205 1457 1274 μία
1493 1206 1585 1257 καὶ
1617 1206 1648 1275 ἡ
1684 1205 1820 1274 αὑτὴ

227 1301 426 1367 φύσις,
471 1302 568 1354 καὶ
606 1299 846 1363 ἐξουσία,
894 1299 992 1352 καὶ
1035 1298 1218 1366 σοφία,
1273 1298 1367 1350 καὶ
1417 1297 1669 1366 δύναμις,
1725 1295 1820 1349 καὶ

223 1393 507 1460 ἐνέργεια.
553 1391 648 1444 καὶ
697 1389 756 1442 ἓν
799 1391 895 1443 καὶ
945 1389 1007 1442 τὸ
1053 1388 1187 1442 αὑτὸ
1234 1387 1484 1458 θέλημαο
1532 1389 1564 1457 ἠ
1612 1388 1668 1441 δὲ
1711 1389 1819 1440 τῶν

221 1483 592 1537 ὑποστάσεων
610 1482 874 1551 διαίρεσις
898 1481 1111 1551 ἐπινοίᾳ
1135 1480 1264 1552 ψιλῇ
1288 1482 1508 1536 νοεῖται.
1545 1479 1682 1533 Οὔτε
1712 1483 1819 1550 γὰρ

220 1574 594 1644 προσωπικὴν
635 1572 982 1644 περιγραφὴν
1020 1572 1268 1642 ἐννοῆσαι
1333 1571 1653 1641 τολμῶμεν,
1688 1570 1812 1625 οὔτε

219 1665 467 1736 τοπικὴν
507 1666 818 1731 διάστασινι,
852 1662 975 1716 οὔτε
1010 1681 1063 1716 τι
1097 1662 1207 1715 τῶν
1236 1661 1412 1716 ἄλλων
1451 1663 1818 1734 ἁφοριστικῶν

224 1757 542 1826 ίδιοτήτων,
573 1755 712 1826 πλὴν
744 1755 1081 1826 πατρότητος
1111 1757 1205 1809 καὶ
1239 1755 1508 1826 υἱότητος,
1535 1756 1626 1808 καὶ
1655 1755 1818 1809 ἐκπο-

221 1851 495 1921 ρεύσεως.
539 1849 647 1902 Καὶ
681 1849 851 1902 ταῦτα
884 1848 942 1901 δὲ
983 1847 1276 1918 ὑπερφυῶς
1317 1848 1414 1901 καὶ
1449 1849 1811 1918 ὑπερουσίως.

1930 655 2087 711 chael
2130 670 2161 709 a
2196 653 2450 710 Gabriele
2514 655 2696 726 reipsa
2728 667 3013 727 separatus
3034 666 3137 725 est,
3175 666 3227 713 et
3249 637 3446 714 Petrus
3485 676 3526 715 a-

1927 749 2117 812 Paulo,
2161 757 2216 802 et
2247 747 2468 818 reliquae
2489 747 2680 803 eodem
2715 757 2897 809 modo.
2932 749 3086 816 Quod
3115 762 3296 806 autem
3329 752 3382 808 in
3421 753 3507 822 ip-
3563 823 3567 826 _

1925 841 2000 897 sis
2024 856 2314 896 commune
2339 851 2499 909 atque
2541 856 2710 894 unum
2742 849 2845 905 est,
2877 841 3062 896 animo
3087 855 3143 898 et
3165 827 3514 912 'cOgitatione

1925 933 2250 1004 concipitur.
2318 931 2661 1005 Cogitatione
2705 932 2852 988 enim
2900 939 3280 989 tantummodo
3365 951 3512 989 com-

1886 1064 1888 1067 τ
1924 1027 2314 1098 prebendimus
2367 1025 2782 1091 humanitatem,
2833 1035 2892 1080 et
2966 1025 3011 1080 si
3048 1043 3150 1100 qua
3185 1043 3286 1100 vox
3319 1026 3511 1082 eodem

1923 1118 2090 1173 modo
2123 1132 2472 1173 communem
2498 1117 2817 1187 angelorum
2839 1117 3117 1172 notionem
3141 1125 3302 1186 queat
3340 1118 3516 1186 expli-

1923 1222 2073 1272 care,
2113 1223 2290 1278 neque
2319 1206 2466 1262 enim
2498 1206 2847 1276 angelitatem
2873 1195 3048 1260 auSim
3080 1207 3307 1278 dicere.
3339 1207 3408 1259 At
3457 1205 3508 1259 in

1920 1277 2402 1352 Trinitateidivina
2431 1307 2618 1352 contra
2674 1297 2754 1353 fit.
2811 1294 2966 1364 Quod
3020 1297 3161 1352 enim
3223 1277 3514 1352 commune

1920 1405 2086 1460 atque
2116 1407 2286 1446 unum
2311 1399 2417 1456 est,
2447 1391 2628 1461 reipsa
2653 1391 2917 1446 cernitur.
2952 1390 3164 1447 Etenim
3195 1390 3364 1445 Deum
3390 1405 3510 1443 esse

1929 1498 2099 1540 unum
2136 1523 2150 1547 ,
2183 1491 2242 1538 et
2275 1499 2440 1538 unam
2468 1483 2827 1553 eamdemque
2859 1494 3133 1547 naturam,
3167 1495 3221 1535 et
3268 1491 3510 1550 potesta-

1921 1587 2054 1640 tem,
2086 1585 2142 1631 et
2169 1575 2529 1646 sapientiam,
2559 1585 2614 1629 et
2652 1575 2928 1638 virtutem,
2994 1586 3046 1630 et
3099 1573 3392 1637 actionem,
3454 1583 3510 1626 et

1921 1672 2278 1738 voluntatem,
2305 1672 2480 1741 reipsa
2517 1672 2924 1741 cognoscimus.
2978 1670 3339 1725 Personarum
3379 1683 3509 1722 vero

1917 1761 2331 1818 distinctionem
2423 1763 2573 1816 tenui
2659 1763 2991 1834 cogitatione
3068 1760 3506 1832 complectimur.

1927 1854 2116 1926 Neque
2143 1855 2288 1909 enim
2329 1855 2596 1912 audemus
2628 1855 2791 1910 ullam
2821 1855 3094 1925 ejusmodi
3155 1853 3506 1910 circumscri—

216 1916 320 1994 Ᾰιὸ
356 1940 453 1992 καὶ
483 1940 576 1993 ’ἕνα
599 1939 732 1992 Θεὸν
764 1939 992 2009 λέγομεν
1023 1916 1248 2004 αὑτοὺς,
1287 1940 1362 2008 μὴ
1396 1916 1681 2010 δυνάυενοι
1710 1941 1810 2030 διε-

1922 1947 2184 2017 ptionem,
2218 1947 2432 2018 qualem
2462 1947 2548 2000 hic
2569 1947 2622 2001 in
2653 1948 2902 2017 personis
2932 1947 3229 2010 cernimus,
3283 1954 3374 2000 aut
3409 1945 3516 2000 laci

219 2033 338 2088 iteiv
365 2034 587 2096 τελείως
609 2035 704 2086 καὶ
728 2033 1129 2104 πραγματικῶς
1149 2033 1247 2096 τὰς
1268 2031 1592 2096 ὑποστάσεις
1614 2031 1815 2095 αὐτῶν,

221 2128 557 2198 ἀδιαιρέτως
594 2127 1021 2198 διαιρουμέναςι,
1065 2125 1158 2179 καὶ
1192 2125 1515 2187 ἀσυνάπτως
1551 2139 1818 2177 συναπτο-

223 2193 425 2288 μέναξ,
464 2219 550 2272 διὰ
583 2219 646 2273 τδ
685 2193 1202 2288 ύνπερφυὲςκὸμοίως
1231 2218 1328 2271 καὶ
1359 2216 1682 2288 ὑπερούσιον
1715 2217 1816 2287 τῆς

219 2325 284 2363 τε
313 2311 634 2382 διαιρέσεως
663 2311 843 2366 αὑτῶν
875 2314 972 2365 καὶ
1006 2311 1103 2382 τῆς
1137 2311 1458 2382 συναφείας.

1925 2035 2308 2102 intervallum,
2337 2045 2393 2092 et
2424 2037 2557 2092 alias
2588 2037 2642 2091 id
2669 2053 2838 2108 genus
2864 2039 3250 2108 proprietates,
3303 2036 3507 2108 quibus

1926 2141 2014 2182 res
2049 2128 2274 2198 singula:
2297 2138 2550 2198 tanquam
2578 2131 2828 2185 terminis
2875 2131 2989 2184 suis
3014 2133 3284 2185 conclusae
3341 2144 3504 2197 sepa-

1927 2230 2124 2274 rantur
2153 2237 2183 2273 a
2219 2222 2455 2288 cwteris,
2495 2224 2759 2296 cogitare,
2784 2222 2877 2277 sed
2903 2239 2996 2278 eas
3054 2221 3265 2278 tantum
3326 2222 3510 2276 notio-

1930 2313 2285 2383 nes,iquibus
2307 2313 2464 2369 Pater
2486 2315 2724 2386 genitor,
2749 2315 2918 2371 Filius
2968 2317 3206 2388 genitus,
3273 2313 3510 2386 Spir—itus

223 2407 546 2476 procedens
576 2405 918 2476 intelligitur.
947 2405 1052 2460 llas
1080 2406 1301 2477 quidem
1365 2407 1585 2462 Gnaeos
1634 2407 1907 2480 lingrndis
1964 2409 2194 2466 vocibus
2257 2410 2535 2466 felici-ores
2573 2410 2768 2467 imitati
2811 2429 2917 2466 non
2983 2412 3252 2467 inutiliter
3299 2412 3500 2467 fortas-

217 2517 304 2561 se.
331 2500 570 2555 barbare
609 2499 830 2569 quidem
863 2509 1008 2553 certe
1041 2499 1448 2567 paternitatem,
1485 2501 1796 2556 liliationem
1856 2514 1912 2558 et
1965 2504 2372 2573 processionem
2435 2506 2732 2574 appellant.
2782 2505 2912 2570 Quae
2977 2505 3192 2560 ratione
3246 2516 3496 2561 naturam

217 2583 389 2664 sique
462 2592 760 2646 essentiam
815 2600 1109 2660 superante
1176 2590 1333 2645 ﬁunt.
1398 2592 1589 2662 Itaque
1659 2593 1830 2648 Deum
1898 2609 2066 2650 unum
2128 2610 2224 2650 eos
2265 2611 2390 2651 esse
2443 2597 2694 2661 dicimus,
2761 2613 2880 2652 cum
2951 2600 3196 2669 ipsorum
3251 2614 3509 2668 personas

218 2687 351 2742 sine
390 2683 661 2740 divisione
687 2682 988 2748 distinctas,
1021 2691 1077 2738 et
1107 2683 1224 2738 sine
1245 2687 1639 2756 conjunctione
1687 2686 2000 2756 copulatas,
2036 2699 2254 2758 propter
2313 2690 2597 2744 divisionis
2654 2692 3170 2762 coniunctionisque
3228 2696 3496 2749 rationem

221 2793 426 2840 natura
454 2782 615 2837 simul
643 2791 700 2837 et
746 2783 986 2838 essentia
1034 2783 1487 2854 praestantiorem.
1546 2785 1785 2853 perfecte
1837 2797 1893 2842 et
1942 2787 2120 2858 reipsa
2149 2786 2484 2857 distinguere
2511 2801 2866 2856 nequeamus.

293 2875 646 2947 Χωρὶζονται
681 2876 925 2947 ἀλλήλων
955 2879 1011 2932 αί
1052 2880 1400 2947 ὑποστάσεις,
1435 2881 1497 2935 οὑ
1519 2885 1584 2952 τῇ
1608 2882 1765 2951 οὐσίᾳ
1789 2922 1803 2944 ,

216 2971 363 3024 ἀλλὰ
384 2971 501 3030 ταῖς
534 2974 1065 3039 χαρακτηριστικαῖς
1091 2973 1320 3042 ἰδιότησι
1345 2975 1454 3027 τῶν
1479 2974 1806 3045 προσώπων.

217 3061 433 3116 Λοιπὸν
464 3060 556 3115 οὑν
573 3060 662 3119 διὰ
690 3059 796 3113 τῶν
816 3061 1057 3130 κλήσεων
1082 3063 1182 3133 τῆς
1216 3065 1374 3132 ἁγίας
1403 3067 1602 3136 Τριάδο
1624 3086 1658 3131 -,
1692 3068 1808 3120 Πα-

215 3156 381 3224 «πρὸς,
403 3154 534 3208 Υἱοῦ
569 3153 664 3207 καὶ
683 3153 838 3221 ἁγίου
869 3155 1207 3224 Πνεύματος,
1239 3158 1298 3210 ού
1326 3158 1540 3227 φύσεων
1563 3161 1813 3216 διδασκό-

218 3249 377 3318 μεθα
415 3247 712 3318 διαφορὰνζ,
741 3245 859 3300 ἀλλ’
895 3246 1242 3302 ὑποστάσεων
1281 3253 1644 3320 γνωριστικὰς
1680 3253 1806 3306 ἰδιό-

219 3358 424 3412 τητας.

295 3434 480 3487 Οὑσία
502 3434 598 3488 καὶ
623 3433 808 3505 φύσις,
832 3437 927 3490 καὶ
953 3439 1126 3508 γένος,
1159 3438 1252 3491 καὶ
1279 3435 1441 3500 εἶδος,
1473 3439 1566 3492 καὶ
1598 3440 1806 3511 μορφὴ.

214 3527 427 3580 ταιτόν
463 3530 610 3581 ἐστιν
653 3529 748 3582 ἐπὶ
788 3530 922 3584 Θεοῦ
967 3532 1108 3585 κατὰ
1147 3530 1273 3596 τοὺς
1317 3531 1495 3596 θείους
1535 3535 1805 3604 Πατέρας.

227 3618 566 3683 Ὑπόστασις
597 3619 656 3673 δὲ
685 3621 871 3688 πάλιν,
908 3623 1004 3676 καὶ
1029 3624 1343 3694 πρόσωπον,
1369 3626 1461 3679 καὶ
1492 3627 1805 3698 χαρακτὴρ»

216 3711 321 3764 καὶ
376 3710 599 3781 ἰδιότης.
661 3713 755 3766 καὶ
805 3716 1008 3784 ἄτομον
1063 3718 1280 3771 ταυτόν.
1336 3718 1445 3770 Καὶ
1490 3718 1650 3770 οὑσία
1704 3719 1806 3782 μὲν

217 3803 318 3856 καὶ
348 3802 510 3870 φύσις
535 3806 674 3857 κατὰ
697 3806 913 3859 πάντων
939 3807 1138 3878 ἐπίσης
1167 3808 1412 3876 λέγονται
1442 3808 1551 3862 τῶν
1585 3810 1807 3864 ὑποκει-

220 3897 407 3966 μένων
427 3935 443 3959 ,
477 3897 610 3950 καθὸ
643 3899 738 3951 καὶ
773 3901 974 3963 πάντες
1006 3899 1287 3971 ἄνθρωποι
1325 3903 1455 3970 μιᾶς
1492 3903 1679 3966 οὐσίας
1711 3903 1804 3958 καὶ

213 3986 443 4054 φύσεως
466 4003 480 4018 ·
512 3988 806 4053 ὑπόστασις
835 3991 893 4044 δέ
921 3993 1059 4054 ἐστι,
1092 3992 1184 4044 καὶ
1214 3992 1524 4062 πρόσωπον,
1552 3995 1647 4047 καὶ
1680 3995 1805 4048 ἄτο-

221 4096 351 4144 μον,
403 4078 466 4130 τὸ
519 4080 826 4144 ἰδιαζόντως
885 4083 979 4134 καὶ
1022 4083 1142 4137 καθ’
1187 4083 1349 4136 ἑαυτὸ
1392 4085 1659 4153 ὑφεστὼς,
1709 4087 1802 4141 καὶ

216 4171 492 4239 διαίρεσιν
521 4173 692 4241 χωρὶς
721 4173 927 4245 φθορᾶς
950 4174 1026 4244 μὴ
1051 4174 1450 4246 ἐπιδεχόμενον.

298 4260 460 4325 Εἶδος
496 4266 591 4318 καὶ
625 4265 808 4336 μορφὴ
857 4266 1054 4320 ταυτὸν
1103 4268 1194 4321 ἐπὶ
1221 4268 1317 4338 τῆς
1346 4269 1506 4338 ἁγίας
1537 4270 1798 4339 Τριάδος,

217 4355 322 4408 καὶ
365 4355 466 4426 τὴν
494 4356 680 4410 οὑσίαν
727 4357 896 4426 ἄμφω
929 4357 1306 4426 σημαίνουσιν.
1365 4377 1384 4410 ι
1456 4360 1513 4412 '0
1536 4361 1800 4430 ἑωρακὼς

219 4449 358 4518 γὰρ,
418 4467 439 4500 ο
499 4450 684 4518 φησὶν,
721 4467 740 4501 ι
780 4449 885 4519 ἐμὲ
928 4449 1141 4522 ἑώρακε
1189 4453 1282 4506 τὸν
1331 4453 1551 4523 Πατέρα
1595 4471 1720 4524 μου,
1772 4474 1792 4508 ι

221 4540 470 4608 ὁράσεως
503 4540 735 4595 ἐνταῦθα
763 4544 1058 4612 νοουμένης
1091 4545 1186 4612 τῆς
1215 4548 1490 4612 γνώσεως.

306 4635 374 4688 Ἡ
426 4635 524 4705 μὲν
568 4636 728 4691 οὑσία
775 4639 1174 4708 ἐνωτικὴ·τῶν
1211 4631 1705 4696 ὑποστάσεωνοάί
1745 4641 1805 4697 δὲ

222 4727 552 4790 ὑποστάσεις
577 4726 907 4799 διαιρετικαὶ
938 4729 1036 4798 τῆς
1067 4729 1260 4790 οὐσίας
1291 4732 1350 4784 ὲν
1380 4732 1493 4794 τοῖς
1523 4749 1806 4804 χαρακτη-

224 4821 496 4886 ριστικοῖς
522 4819 617 4872 καὶ⁸
639 4821 1013 4891 ἀφοριστικοίς
1042 4823 1221 4876 αὑτῶν
1248 4821 1554 4892 ἰδιώμασιν.

303 4909 373 4962 Ἦ
407 4911 507 4980 μὲν
528 4911 685 4964 οὑσία
709 4912 968 4967 οὑδέποτε
999 4915 1215 4982 λέγεται
1247 4917 1389 4969 κατὰ
1423 4917 1806 4986 ἀνυπάρκτων,

217 5001 251 5070 ἡ
289 5002 350 5054 δὲ
384 5002 546 5070 φύσις
566 5003 844 5066 πολλάκις.
867 5005 1033 5059 Φύσιν
1064 5008 1195 5077 γὰρ,
1230 5007 1414 5075 φησὶν,
1443 5005 1558 5076 ἔχει
1587 5007 1646 5061 τὸ
1671 5007 1804 5076 ψεῦ-

217 5093 309 5154 δος
354 5092 631 5164 τοιαύτην.
668 5095 777 5148 Καὶ
819 5095 946 5166 ὅλην
978 5096 1077 5165 μὲν
1119 5096 1280 5166 φύσις
1322 5096 1510 5160 ὕδατος
1561 5099 1800 5153 δείκνυσι

217 5184 323 5254 τὴν
356 5185 565 5238 οίκείαν
601 5184 802 5257 πηγὴν,
837 5187 997 5257 λόγου
1050 5188 1105 5242 δὲ
1137 5187 1298 5259 φύσις
1337 5189 1437 5258 τὴν
1464 5190 1800 5259 προενέγκα-

221 5293 324 5330 σαν
351 5277 608 5346 καρδίαν.

292 5369 358 5422 Ei
391 5369 460 5422 τὰ
489 5370 645 5425 κοινὰ
675 5374 770 5425 καὶ
803 5371 1065 5426 καθολικὰ
1091 5371 1187 5424 ὅλα
1217 5371 1312 5425 καὶ
1345 5373 1527 5427 τέλεια
1561 5390 1796 5446 κατηγοο

218 5460 447 5530 ροῦνται
480 5462 588 5518 τῶν
621 5463 994 5533 ὑποκειμένων
1028 5464 1214 5528 αὐτοῖς
1245 5465 1491 5536 μερικῶν
1515 5481 1531 5497 ⁸
1566 5482 1802 5538 κατηγο-

219 5556 403 5622 ρεῖται
443 5555 550 5625 ἄρα
582 5554 679 5609 καὶ
706 5556 737 5626 ἠ
766 5554 926 5624 φύσις
961 5555 1064 5627 τῆς
1093 5556 1341 5627 θεότητος
1371 5556 1468 5627 ὅλη
1497 5556 1592 5610 καὶ
1618 5557 1799 5611 τελεία

214 5647 459 5716 ἑκάστης
498 5647 608 5702 τῶν
645 5647 846 5718 ἑαυτῆς
887 5649 1262 5703 ὑποστάσεων.
1305 5649 1496 5703 Κοινὸν
1545 5649 1645 5720 μὲν
1674 5650 1798 5721 ,γὰρ

215 5740 313 5792 καὶ
361 5737 649 5792 καθολινθν
709 5741 742 5810 ἠ
787 5739 948 5810 φύσις
991 5740 1086 5794 καὶ
1132 5742 1166 5810 ἡ
1219 5740 1397 5808 οὐσία,
1463 5740 1687 5814 μερικὸν
1741 5741 1798 5795 δὲ

292 5879 308 5908 ¹
332 5877 496 5938 Joan.
528 5894 640 5947 xw,
665 5880 718 5939 9.

1985 2884 2399 2955 llistinguuntur
2427 2885 2747 2953 ltypzistases
2781 2899 2890 2936 non
2923 2881 3180 2945 essentia,
3233 2883 3350 2946 sed,
3383 2900 3506 2954 pro-

1917 2979 2050 3049 priis
2080 2995 2434 3048 personarum
2467 2978 2630 3033 notis.
2665 2978 2844 3042 Quare
2879 2993 2974 3045 per
3008 2986 3215 3031 sanctae
3264 2976 3504 3034 Trinita-

1920 3071 1989 3125 tis
2010 3073 2254 3136 nomina,
2287 3073 2486 3135 Patris,
2523 3082 2576 3125 et
2598 3071 2741 3134 Filii,
2775 3079 2828 3123 et
2861 3068 3099 3137 Sp’kitus
3128 3069 3328 3136 sancti,
3384 3086 3493 3124 non

1923 3173 2237 3218 naturarum
2281 3164 2597 3229 discrimen,
2629 3164 2725 3218 sed
2747 3161 2956 3216 indices
2986 3175 3342 3231 personarum
3370 3177 3502 3233 pro-

1918 3257 2181 3325 prietates
2229 3259 2399 3313 edoce
2408 3275 2456 3311 tu
2468 3276 2495 3314 u
2507 3275 2548 3315 r.

1981 3437 2253 3506 Essentia,
2307 3451 2366 3495 et
2430 3453 2942 3516 isatura,etgenns,
3023 3460 3077 3505 et
3166 3454 3395 3522 species,
3445 3465 3506 3510 et

1914 3529 2110 3591 forma,
2136 3546 2198 3585 ex
2222 3531 2441 3586 Patrum
2482 3542 2774 3602 sententia,
2803 3541 2943 3594 idem
2973 3552 3101 3596 sunt
3131 3543 3186 3597 in
3207 3543 3334 3600 Deo.
3366 3543 3500 3601 ltem

1913 3635 2170 3690 persona,
2218 3633 2274 3676 et
2331 3633 2480 3688 nota,
2543 3636 2599 3680 et
2661 3630 2991 3698 proprietas,
3051 3643 3108 3687 et
3163 3634 3501 3692 individuum

1912 3713 2054 3767 idem
2087 3721 2236 3768 sunt.
2271 3714 2337 3768 Et
2368 3718 2610 3770 essentia
2671 3720 2888 3788 quidem
2951 3731 3115 3791 atque
3165 3734 3358 3780 natura
3430 3729 3500 3782 de

1911 3802 2167 3857 omnibus
2183 3803 2448 3872 subjectis
2479 3811 2680 3877 pariter
2705 3809 2990 3878 dicuntur,
3026 3817 3500 3884 quemadodum.

1910 3902 1964 3947 et
1988 3909 2176 3949 omnes
2209 3895 2457 3951 homines
2483 3900 2645 3954 unius
2678 3903 2930 3958 essentize
2985 3917 3300 3976 naturaeque
3333 3921 3497 3976 sunt,

1911 3986 2216 4057 ltypostasis
2255 4005 2404 4053 vero,
2448 4001 2504 4045 et
2576 4007 2834 4061 persona,
2883 4004 2938 4048 et
2961 3995 3303 4052 individuum
3328 4002 3494 4070 signi-

1909 4079 2074 4136 ﬁcant
2108 4081 2163 4136 id
2194 4082 2340 4152 quod
2370 4085 2615 4160 proprie,
2663 4097 2718 4140 et
2740 4101 2838 4156 per
2859 4102 2920 4142 se
2974 4089 3246 4155 SUbalstit,
3304 4102 3358 4146 ct
3415 4096 3485 4148 ab

1907 4177 2014 4232 alio
2042 4179 2162 4233 sine
2188 4178 2412 4232 interitu
2443 4181 2676 4249 suscipit
2697 4183 3131 4239 distinctionem.

1980 4273 2225 4342 Species,
2255 4281 2310 4326 et
2340 4273 2512 4327 forma
2552 4274 2692 4328 idem
2745 4286 2874 4330 sunt
2903 4277 2955 4329 in
2989 4289 3174 4334 sancta
3198 4279 3490 4345 Trinitate,

1905 4363 2308 4433 essent-iamque
2359 4365 2662 4435 significant
2692 4383 2709 4422 ι
2739 4367 2870 4434 «Qui
2925 4369 3058 4425 vidit
3079 4387 3186 4437 me,
3221 4389 3239 4424 ι
3295 4371 3491 4442 inquit,

1909 4455 2156 4510 «Patrem
2190 4455 2322 4511 vidit
2350 4458 2387 4511 ⁸.
2421 4476 2440 4509 ι
2473 4457 2572 4512 llic
2626 4471 2807 4514 autem
2866 4462 3037 4515 videre
3086 4461 3358 4533 signiﬁcat
3394 4478 3490 4519 c0-

1830 4571 1879 4631 D
1901 4564 2190 4622 gnosccre.

1973 4641 2221 4696 Essentia
2264 4654 2533 4712 personas
2567 4642 2872 4714 coniungit.
2914 4643 3169 4701 Pel‘Stmm
3201 4663 3330 4704 vero
3359 4665 3485 4719 pro-

1903 4731 2250 4802 prietatibus,
2286 4732 2440 4802 quasi
2496 4733 2642 4789 notis
2706 4735 3030 4804 qui-busdam
3085 4740 3484 4808 separantibus,

1904 4824 2200 4878 essentiam
2235 4825 2600 4896 distinguunt.

1907 4976 1912 4980 η
1982 4915 2231 4972 Essentia
2265 4933 2547 4988 nunquam
2590 4919 2792 4974 dicitur
2851 4921 2922 4976 de
2974 4921 3061 4987 iis,
3115 4938 3235 4993 quae
3289 4939 3385 4995 per
3427 4941 3486 4980 se

1907 5021 2021 5062 non
2055 5015 2350 5074 constant;
2391 5018 2584 5064 natura
2619 5026 2748 5066 vero
2787 5014 3109 5082 saepissime.
3143 5017 3488 5086 QuaprOpter

1906 5097 2025 5153 hac
2057 5109 2162 5163 est,
2198 5100 2374 5170 inquit
2401 5101 2513 5169 ille,
2545 5113 2741 5158 natura
2794 5107 3090 5163 mendacii.
3119 5107 3186 5162 Et
3213 5109 3320 5173 ille,
3384 5110 3484 5165 du-

1905 5201 2048 5257 ctus,
2070 5191 2263 5262 inquit,
2318 5209 2470 5264 aquae
2497 5194 2701 5251 fontem
2717 5198 2957 5254 ostendit
2980 5216 3137 5254 suum
3167 5218 3182 5256 :
3217 5205 3486 5256 sermonis

1902 5293 2085 5340 autem
2139 5294 2332 5341 natura
2361 5303 2455 5342 cor
2505 5289 2776 5360 loquentis
2811 5293 3036 5348 indicat.

1973 5375 2034 5431 Si
2058 5393 2122 5432 ea
2169 5393 2290 5449 quae
2343 5383 2677 5452 com-munia,
2733 5395 2789 5442 et
2849 5387 3127 5448 universa,
3180 5396 3235 5441 et
3263 5395 3394 5452 tota,
3427 5396 3500 5459 et‘

1898 5469 2138 5539 perfecta
2166 5471 2233 5526 de
2258 5473 2519 5543 subjectis
2547 5476 2652 5532 sibi
2680 5478 3048 5550 singularibus
3074 5480 3353 5547 dicuntur,
3395 5481 3480 5536 di-

1899 5561 2042 5615 citur
2094 5573 2148 5618 et
2202 5563 2514 5622 Divinitatis
2570 5580 2763 5624 natura
2821 5580 2928 5626 tota
3000 5581 3055 5627 et
3121 5572 3358 5642 perfecta
3409 5575 3480 5630 de

1883 5654 2134 5726 ‘singulis
2165 5655 2338 5725 ipsius
2375 5660 2646 5727 personis.
2697 5662 2999 5718 Commune
3040 5665 3186 5718 enim
3220 5674 3294 5720 aet
3354 5667 3480 5721 uni-

1899 5761 2115 5802 versum
2155 5749 2410 5818 quiddam
2469 5761 2549 5807 est
2607 5761 2800 5808 natura
2855 5765 2909 5811 et
2938 5757 3195 5812 essentia.
3223 5755 3477 5829 Singula-
