3984 6562
1074 557 1350 627 Ejusdem,

502 659 915 718 Cnmmunicarc
937 672 996 714 se
1021 655 1223 712 dicitur
1242 656 1405 715 Deus.
1424 641 1644 726 propter
1667 635 1892 705 munera
1916 660 2033 707 sua,

451 773 570 826 qua!
607 756 772 811 rebus
797 756 1066 810 universis
1113 752 1391 808 distribuit
1427 765 1578 804 :non
1630 743 2038 804 communicare

451 858 656 912 autem,
689 848 813 917 quia
861 849 1009 903 nulla
1064 862 1152 902 res
1199 856 1279 901 est
1303 845 1576 916 particeps
1625 838 1900 900 essentire,
1946 845 2040 888 aut

448 941 592 1004 vit-r,
625 950 720 994 aut
766 940 1073 1010 sapientiai,
1123 948 1219 994 aut
1249 939 1409 993 ullius
1457 947 1671 992 eorum.
1707 945 1825 1000 qure
1873 928 2040 986 habet

449 1031 569 1100 ipse
619 1032 829 1088 ratione
877 1031 1109 1102 quadam
1151 1026 1598 1101 prmstantissima
1636 1032 1690 1078 et
1753 1017 2036 1091 singulari.

1095 1141 1142 1196 Ε
1138 1141 1371 1210 jusdem.
1706 1192 1708 1194 τ

525 1242 602 1296 Ex
631 1245 738 1310 Quo
771 1238 848 1303 ﬁt,
883 1247 944 1292 ut
971 1251 1003 1290 a
1038 1233 1266 1303 singulis
1299 1230 1462 1285 rebus
1495 1236 1637 1282 totus
1671 1224 1958 1284 habeatur,
1985 1228 2042 1285 et

452 1337 601 1390 nulla
633 1349 720 1388 res
755 1333 920 1394 ullam
948 1329 1066 1400 ejus
1107 1335 1317 1396 partem
1361 1322 1578 1382 habeat,
1608 1327 1664 1373 ut
1694 1324 1942 1374 centrum
1975 1312 2029 1366 in

449 1429 634 1485 medio
655 1427 910 1486 circuio-a
941 1423 1112 1478 rectis
1136 1418 1386 1478 omnibus
1410 1414 1569 1469 lineis
1599 1421 1793 1472 totum,
1814 1416 1870 1463 et
1892 1405 2038 1459 nulla

452 1523 571 1590 ejus
601 1534 726 1589 pars
757 1517 825 1570 ab
853 1515 958 1576 ulla
988 1512 1236 1576 habetur.
1270 1508 1430 1564 Velut
1462 1504 1718 1575 sigillum,
1749 1498 1895 1570 quod
1916 1513 2037 1560 om-

451 1615 612 1667 nibus
658 1627 723 1665 ex
775 1624 834 1664 se
873 1605 1103 1680 sumptis
1164 1601 1427 1672 exemplis
1458 1601 1529 1654 ita
1563 1613 1620 1652 se
1664 1605 1838 1651 totum
1874 1601 2039 1661 atque

451 1708 599 1761 idem
653 1702 1039 1764 communicat,
1094 1707 1156 1752 ut
1206 1711 1235 1750 a
1285 1695 1436 1748 nullo
1472 1701 1650 1746 tamen
1688 1703 1880 1743 eorum
1931 1684 2038 1747 ulla

451 1801 631 1868 ipsius
661 1797 922 1850 habeatur
959 1806 1108 1862 pars.
1145 1787 1258 1850 Hoc
1296 1795 1477 1839 tamen
1510 1790 1732 1854 praestat
1763 1781 1850 1834 illa
1889 1778 2038 1840 Divi-

455 1892 664 1954 nitatis,
699 1901 820 1958 qua:
846 1892 931 1940 est
970 1897 1152 1942 rerum
1182 1879 1423 1936 omnium
1457 1891 1645 1939 causa,
1694 1888 1802 1928 non
1837 1872 2040 1941 impar-

452 1982 627 2037 tiendi
655 1995 714 2034 se
741 1979 894 2039 ratio,
914 1974 1060 2046 quod
1086 1971 1233 2034 nulla
1255 1979 1490 2024 attactus
1512 1966 1848 2021 mistionisve
1869 1962 2045 2020 socie-

458 2086 567 2130 tate
598 2089 719 2129 cum
784 2071 894 2126 illis
925 2065 1290 2139 conjungitur,
1335 2062 1532 2132 quibus
1588 2056 2040 2119 communicatur.

451 2168 612 2234 Quod
629 2167 670 2222 si
694 2166 816 2236 quis
829 2163 1069 2234 objiciat,
1089 2175 1196 2223 non
1227 2158 1282 2224 in
1303 2155 1557 2220 omnibus
1577 2150 1838 2221 exemplis
1864 2157 2041 2205 totum

451 2267 622 2325 atque
670 2255 808 2309 idem
844 2252 1058 2322 signum
1092 2248 1297 2317 efﬁngi,
1348 2243 1710 2314 respondebo,
1757 2255 1866 2296 non
1898 2236 2044 2295 illius

473 2350 654 2419 culpa,
686 2347 827 2417 quod
869 2361 928 2400 se
961 2352 1132 2397 totum
1176 2351 1336 2409 atque
1368 2339 1512 2395 idem
1556 2335 1781 2406 singulis
1824 2347 2041 2390 accom-

453 2443 678 2506 ‘modat,
703 2438 810 2495 sed
841 2433 1226 2506 excipientium
1259 2431 1572 2486 diversitate
1616 2426 1953 2497 contingere,
1984 2429 2045 2477 ut

409 2556 420 2560 ·
455 2535 651 2598 'unius,
695 2541 752 2586 et
793 2529 976 2592 tetius,
1004 2535 1058 2582 et
1107 2523 1348 2597 ejusdem
1396 2519 1725 2591 exemplaris
1775 2513 2042 2586 imagines

466 2624 764 2681 dissimiles
796 2622 922 2675 sint.
959 2617 1201 2687 Exempli
1227 2616 1419 2688 gratia,
1443 2614 1488 2668 si
1520 2609 1804 2682 simplicia,
1830 2607 2039 2669 facilia,

456 2718 604 2771 levia
651 2724 708 2769 et
743 2711 1070 2776 tractabilia,
1114 2724 1227 2766 non
1287 2705 1620 2769 resistentia,
1665 2717 1776 2757 non
1823 2714 2038 2770 aSpera,

464 2819 574 2868 non
607 2809 839 2879 fragilia,
883 2821 990 2860 non
1021 2801 1292 2859 instabilia
1328 2799 1457 2861 sint,
1489 2811 1702 2867 puram,
1733 2805 1789 2849 et
1821 2793 2043 2863 cXpres-

461 2921 603 2970 sam,
627 2911 683 2958 et
715 2902 921 2956 ﬁrmam
956 2897 1186 2968 emgiem
1225 2892 1552 2966 percipient.
1590 2886 1686 2952 Sin
1716 2885 1919 2956 aliquid
1949 2898 2044 2940 eo:-

464 3009 584 3049 ruru
634 2991 920 3057 deiecerit,
965 3004 1084 3060 quae
1124 2987 1268 3041 dicta
1302 2994 1450 3044 sunt,
1502 2982 1733 3048 ideoque
1765 2978 1947 3036 minus
1974 2974 2042 3030 ad

458 3087 698 3156 formant
752 3081 1152 3152 suscipiendam
1212 3085 1332 3150 apta
1376 3085 1539 3145 atque
1587 3073 1782 3138 idonea
1816 3068 2040 3135 fuerint,

459 3179 524 3246 ,id
568 3178 674 3233 erit
723 3191 884 3232 causa
933 3170 1412 3232 dissimilitudinis,
1465 3175 1521 3220 et
1560 3161 1940 3222 deformitatis,
1987 3167 2043 3212 et

1689 411 2071 512 summa
2113 407 2476 497 ZIGA'BE'NI

3088 411 3114 426 ι’

3621 437 3722 500 122

2756 543 2860 600 Τοῦ
2905 547 3114 602 αὑτοῦ.

2213 641 2489 703 Μεοεκτῖις
2521 640 2620 708 μὲν
2645 642 2670 693 ό
2699 639 2832 702 Θεὸς
2860 640 3003 693 κατὰ
3028 642 3125 704 τὰς
3158 642 3476 710 μεταδόσεις
3527 640 3738 714 αὐεοῦ,

2127 731 2441 814 ’ἁμέθεκτος
2468 731 2522 784 δὲ
2557 731 2698 785 κατὰ
2727 731 2788 783 τὸ
2823 731 2990 816 μηδὲν
3045 721 3272 814 μετέχον
3303 719 3602 806 αὑτῆς-τῆς
3629 737 3724 789 οὐ-

2141 825 2259 885 σίας
2285 823 2473 886 αὑτοῦ,
2499 823 2530 895 ἢ
2567 823 2664 888 τῆς
2695 823 2842 891 ζωῆς
2873 823 3059 888 αὑτοῦ,
3109 825 3139 894 ἢ
3177 827 3277 895 τῆς
3305 827 3498 894 σοςίας
3526 827 3721 889 αὐτοῦ,

2137 918 2171 985 ἢ
2199 934 2342 976 τινος
2380 917 2489 968 τῶν
2522 917 2802 983 τοιούτων,
2840 915 2983 988 ἅπερ
3018 903 3344 988 ἔχει’πάντα
3382 919 3506 973 καθ’
3543 905 3720 992 ὕπερ-

2139 1011 2272 1081 οχὴν
2301 1009 2394 1062 καὶ
2427 1009 2744 1081 ἐξαιρέτως.

2759 1125 2876 1181 Τοῦ
2901 1126 3113 1182 αὐτοῦ.

2212 1218 2335 1270 Ὅτι
2366 1219 2392 1270 ό
2422 1217 2554 1280 Θεὸς
2586 1219 2680 1271 καὶ
2707 1219 2796 1288 ὑφ’
2826 1220 3065 1274 ἑκάστου
3090 1221 3202 1274 τῶν
3235 1223 3575 1292 μετεχόντων
3601 1225 3729 1288 ὅλος

2143 1309 2449 1378 μετέχεται,
2493 1309 2586 1369 καὶ
2625 1308 2717 1362 ὑπ’
2740 1308 2961 1374 οὐδενὸς
2997 1312 3176 1365 οὐδενὶ
3230 1313 3410 1382 μέρει,
3467 1314 3730 1383 καθάπερ

2144 1401 2368 1490 κέντρον
2405 1403 2464 1454 ἐν
2497 1403 2647 1474 μέσῳ
2685 1404 2887 1461 κύκλου
2923 1405 3030 1476 πρὸ
3059 1406 3248 1460 πασῶν
3275 1407 3384 1459 τῶν
3416 1409 3474 1460 ἐν
3503 1409 3581 1476 τῷ
3629 1407 3733 1476 κό-

2143 1495 2254 1565 κλῳ
2282 1499 2685 1566 περικειμένων
2714 1497 2960 1554 εὐθειῶν.
3016 1501 3124 1553 Καὶ
3177 1500 3366 1572 ὥσπερ
3426 1501 3730 1571 σφραγῖδος

2142 1586 2526 1672 ἐκτυττώματα
2559 1589 2729 1645 πολλὰ
2771 1590 2987 1660 μετέχει
3015 1591 3113 1657 τῆς
3143 1592 3454 1662 ἀρχετύπου
3487 1594 3734 1664 σφραγί-

2139 1679 2247 1745 δος,
2280 1683 2374 1735 καὶ
2405 1684 2464 1734 ἐν
2511 1682 2730 1754 ἑκάστῳ
2794 1683 2905 1742 τῶν
2959 1685 3375 1755 ἑκτυτιωμάτων
3427 1687 3554 1757 ὅλης
3630 1687 3734 1739 καὶ

2141 1773 2345 1843 ταύτης
2367 1772 2555 1844 οὔσης,
2583 1775 2679 1834 καὶ
2706 1778 2762 1828 ἐν
2785 1776 2958 1830 οὐδενὶ
2989 1777 3109 1832 κατ’
3129 1778 3281 1832 οὐδὲν
3309 1781 3495 1850 μέρος.
3516 1779 3732 1850 Ὑπέρ-

2061 1883 2117 1958 ·Β
2155 1882 2336 1932 κειται
2391 1866 2450 1926 δὲ
2511 1869 2603 1929 καὶ
2641 1867 2852 1923 τούτων
2905 1870 2937 1938 ἡ
2979 1869 3078 1937 τῆς
3133 1869 3423 1923 παναιτίου
3463 1871 3732 1940 θεότητος

2147 1957 2433 2028 ἁμεθεξία,
2466 1958 2543 2027 τῷ
2573 1960 2713 2030 μήτε
2732 1960 2948 2030 ἐπαφὴν
2986 1961 3154 2030 αὐτῆς
3183 1955 3345 2024 εἶναι,
3383 1961 3520 2031 μήτε
3554 1961 3734 2030 ἄλλην

2145 2049 2268 2102 τινὰ
2296 2049 2432 2120 πρὸς
2458 2051 2525 2103 τὰ
2551 2053 2850 2121 μετέχοντα
2885 2053 3140 2121 συμμιγῆ
3177 2053 3484 2116 κοινωνίαν,
3542 2053 3732 2108 καίτοι

2145 2143 2280 2214 φαίη
2311 2161 2418 2207 τις,
2447 2144 2561 2196 Οὐκ
2593 2143 2744 2206 ἔστιν
2782 2144 2813 2213 ἡ
2846 2142 3081 2212 σφραγὶς
3105 2144 3163 2195 ἐν
3199 2143 3338 2205 ὅλοις
3389 2145 3500 2206 τοῖς
3547 2146 3733 2212 ἐκμαο

2143 2236 2312 2303 γείοις
2348 2235 2443 2302 ὅλῃ
2486 2235 2644 2305 καὶὴ
2689 2235 2849 2306 αὐτή.
2892 2233 3097 2288 Τούτου
3163 2234 3219 2287 δὲ
3249 2235 3350 2305 οὐχ
3401 2236 3434 2311 ἡ
3487 2239 3733 2310 σφραγὶς

2143 2327 2295 2381 αἰτία
2320 2341 2334 2355 ’
2370 2328 2551 2380 πᾶσαν
2583 2327 2690 2397 γὰρ
2721 2327 2922 2396 ἑαυτὴν
2950 2326 3156 2396 ἐκείνη,
3180 2328 3274 2380 καὶ
3303 2326 3510 2396 ταύτην
3547 2329 3735 2382 ἐπιδί-

2142 2410 2308 2484 δωσιν
2333 2420 2548 2488 ἑκάστῳ
2569 2434 2582 2449 ·
2611 2417 2728 2471 ἀλλ’
2761 2420 2792 2489 ἠ
2831 2418 2942 2471 τῶν
2999 2420 3340 2489 μετεχόντων
3392 2419 3731 2491 διαφορότης

2143 2511 2373 2592 ἀνόμοια
2397 2513 2541 2563 ποιεῖ
2565 2511 2632 2564 τὰ
2657 2511 3062 2584 ἁπομόργματα
3087 2515 3184 2582 τῆς
3206 2513 3333 2581 μιᾶς
3353 2515 3446 2564 καὶ
3470 2514 3600 2583 ὅλης
3631 2513 3730 2567 καὶ

2141 2603 2345 2674 -ιαυτῆς
2382 2602 2743 2673 ἀρχετυπίας.
2780 2598 2904 2657 Οἷον
2931 2607 2978 2658 εί
3029 2604 3130 2674 μὲν
3183 2606 3387 2673 ἁπαλὰ,
3448 2607 3544 2661 καὶ
3594 2611 3730 2672 alati-

2143 2714 2300 2756 πωτα
2338 2691 2394 2780 ᾗ,
2427 2698 2520 2749 καὶ
2551 2694 2694 2760 λεῖα,
2737 2697 2832 2750 καὶ
2859 2697 3197 2768 εὐχάρακτα,
3262 2701 3358 2752 καὶ
3389 2701 3524 2770 μήτε
3573 2701 3729 2754 ἀντί-

2142 2809 2310 2854 τυπα,
2348 2789 2445 2842 καὶ
2494 2788 2726 2860 σκληρὰ,
2755 2790 2893 2859 μήτε
2922 2789 3236 2859 εὑδιάχυτα,
3293 2792 3390 2844 καὶ
3421 2792 3728 2857 ἀσύστατα,

2143 2881 2385 2949 καθαρὸν
2418 2880 2549 2952 ἕξει.
2586 2883 2681 2935 καὶ
2703 2881 2852 2951 σαφῆ
2871 2884 2965 2935 καὶ
2988 2883 3395 2952 ὲναπομένοντα
3409 2885 3500 2939 τὸν
3529 2886 3725 2940 τύπον·

2144 2972 2273 3024 είδέ
2325 2988 2377 3024 τι
2435 2974 2534 3039 τῆς
2566 2972 2889 3042 εἰρημένης
2944 2973 3383 3044 ἐπιτηδειότητος
3433 2975 3723 3040 ἐλλείποι,

2145 3065 2304 3130 τοῦτο
2340 3065 2512 3119 αίτιον
2547 3064 2701 3118 ἔσται
2733 3065 2828 3118 τοῦ
2855 3065 3166 3131 ἁτυπώτου,
3195 3067 3292 3118 καὶ
3319 3065 3412 3120 τοῦ
3451 3065 3726 3136 ἀσαφοῦς,

2147 3159 2242 3213 καὶ
2271 3157 2380 3212 τῶν
2413 3157 2589 3211 ἄλλων
2619 3158 2720 3222 ὅσα
2754 3157 2998 3239 μετοχῆς
3058 3158 3532 3229 ἀνεπιτηδειότητι
3579 3161 3727 3228 γίνετ

465 3273 693 3348 aliorum
732 3265 1224 3326 incommodorum,
1260 3276 1381 3331 qua:
1416 3257 1656 3312 materia:
1705 3255 1770 3308 ad
1815 3253 2042 3318 formam
2069 3246 2112 3307 C
2147 3269 2260 3320 ται.

468 3362 846 3434 excipiendam
882 3360 1063 3441 minus
1093 3353 1518 3415 accommodata:
1546 3348 1889 3422 contingunt.

1129 3470 1402 3540 Ejusdem.

539 3568 690 3623 Unus
711 3578 792 3622 est
813 3580 996 3621 rerum
1025 3564 1268 3619 omnium
1291 3559 1546 3624 essentia,
1579 3564 1635 3612 et
1671 3555 2042 3627 pulchritudo,

462 3671 523 3717 et
547 3661 777 3734 bonitas,
803 3667 857 3714 et
877 3655 1138 3728 sapientia
1165 3655 1329 3717 Deus,
1353 3668 1513 3722 quem
1543 3658 1807 3720 expetunt
1829 3663 2042 3716 omnes,

467 3753 561 3827 qui
596 3751 754 3824 unius
780 3757 910 3821 sunt
940 3748 1162 3813 format;
1191 3744 1484 3816 participes
1507 3750 1690 3795 autem
1721 3740 1866 3794 illius
1886 3738 2042 3806 ﬁunt,

463 3859 576 3899 non
599 3857 720 3912 uno
747 3856 935 3915 omnes
968 3839 1149 3906 modo,
1178 3837 1425 3908 Quamvis
1457 3834 1573 3903 ipse
1631 3847 1773 3886 unus
1814 3841 1869 3886 et
1902 3832 2044 3886 idem

469 3935 716 4009 exsistat,
747 3932 840 3986 sed
871 3931 1009 3984 alius
1037 3929 1142 3982 alia
1178 3938 1340 3998 atque
1371 3926 1472 3980 alia
1504 3925 1734 3988 ratione,
1764 3932 1824 3976 ut
1850 3927 2046 3994 cuique

471 4023 652 4080 divina
681 4022 816 4095 libra
847 4021 1123 4090 distribuit
1144 4033 1240 4088 pro
1273 4017 1540 4086 cujusque
1569 4014 1872 4077 habilitale.

1131 4132 1407 4204 Ejusdem.

554 4231 818 4297 Quoniam
855 4228 995 4297 Deus
1027 4234 1210 4293 etest,
1250 4235 1307 4281 et
1363 4224 1524 4278 rebus
1555 4221 1791 4291 largiens
1823 4229 1881 4274 ut
1915 4218 2045 4286 sint,

474 4325 670 4379 inultas
716 4331 870 4395 parat
910 4321 1194 4395 essentias,
1236 4317 1598 4388 multiplicare
1638 4315 1838 4370 dicitur
1873 4329 2044 4379 unum

469 4419 601 4474 illud
636 4417 779 4487 quod
811 4424 913 4481 est,
945 4431 1018 4488 ex
1050 4415 1170 4488 ipso
1202 4413 1493 4466 multarum
1527 4422 1706 4462 rerum
1741 4417 1920 4461 ortum
1951 4399 2047 4459 de-

467 4515 694 4569 ducens.
742 4505 915 4562 Manet
966 4517 1148 4580 autem
1197 4514 1250 4559 et
1284 4505 1362 4559 sic
1407 4511 1577 4556 unum
1633 4501 1686 4554 in
1724 4498 2047 4568 multiplica-

2670 3503 2672 3505 ,
2759 3431 2870 3488 Τοῦ
2917 3433 3127 3501 αὐτοῦ.

2227 3530 2324 3587 ’Ἐν
2363 3528 2465 3598 μέν
2500 3527 2617 3580 ἐστι
2643 3525 2703 3579 τὸ
2725 3525 2894 3590 ὅντως
2918 3525 2998 3591 ὃν,
3033 3526 3124 3579 καὶ
3153 3527 3340 3591 καλὸν,
3367 3525 3463 3582 καὶ
3493 3524 3724 3596 ἀγαθὸν,

2145 3625 2241 3678 καὶ
2301 3620 2490 3692 σοφὸν,
2531 3619 2591 3674 οὗ
2629 3619 2829 3684 πάντες
2880 3620 2930 3672 οἱ
2973 3620 3225 3683 ἐνοειδεῖς
3271 3620 3552 3689 ἐφίενται·
3598 3637 3733 3690 μετ-

2146 3717 2329 3789 έχουσι
2349 3716 2406 3769 δὲ
2432 3711 2598 3780 αὐτοῦ
2629 3714 2730 3784 οὐχ
2767 3713 3006 3782 ἐνιαίῳς,
3047 3713 3224 3768 καίτοι
3253 3715 3371 3777 ἐνὸς
3398 3714 3494 3770 καὶ
3523 3714 3726 3782 ταυτοῆ

2145 3809 2321 3873 ὄντος,
2352 3805 2470 3861 ἀλλ’
2505 3806 2579 3870 ὡς
2600 3805 2816 3876 ἑκάστῳ
2844 3805 2910 3858 τὰ
2944 3804 3066 3858 θεία
3095 3803 3342 3874 διανέμει
3402 3802 3545 3873 ζυγὰ
3572 3807 3722 3868 κατὰ

2146 3900 2244 3969 τὴν
2274 3900 2509 3967 ἑκάστου
2541 3898 2980 3971 ἐπιτηδειότητα.

2754 4148 2866 4204 Τοῦ
2896 4139 3107 4214 αὐτοῦ.

2230 4237 2450 4315 Ἐπειδὴ
2483 4243 2510 4296 ό
2541 4240 2674 4306 Θεδς
2697 4237 2772 4296 ὢν
2795 4243 2930 4305 ἐστι,
2979 4245 3075 4296 καὶ
3105 4229 3446 4315 δωροῦμενος
3472 4242 3533 4296 τὸ
3577 4227 3728 4298 ἐἶναι

2147 4334 2264 4404 οὖσι
2294 4335 2530 4406 παράγει
2554 4335 2652 4398 τὰς
2685 4333 2886 4398 πολλὰς
2904 4333 3116 4399 οὐσίας,
3147 4333 3730 4406 πολλαπλασιάζεσθαι

2146 4426 2362 4495 λέγεται
2395 4429 2455 4480 τὸ
2480 4426 2538 4480 ἓν
2585 4425 2645 4496 ὃν
2676 4429 2853 4481 ἐκεῖνο
2885 4430 2950 4497 τῇ
2979 4424 3039 4492 ἐξ
3080 4425 3244 4480 αὐτοῦ
3282 4407 3586 4498 ἀταραγωγῇ
3616 4413 3731 4490 τῶν

2148 4519 2360 4572 πολλῶν
2385 4519 2575 4587 ὄντων,
2608 4517 2774 4574 Μένει
2800 4519 2856 4572 δὲ
2880 4521 2974 4572 καὶ
2995 4514 3167 4583 οὕτως
3193 4511 3251 4585 ἓν
3280 4519 3356 4584 τῷ
3390 4503 3728 4594 πληθυσμῷ,

472 4607 642 4668 tiene,
677 4612 733 4658 et
771 4601 992 4672 plenum
1027 4600 1080 4653 i'n
1111 4597 1410 4664 divisione,
1445 4593 1570 4664 quia
1600 4601 1824 4662 propter
1856 4606 2041 4644 essen.-

2151 4614 2240 4664 καὶ
2276 4611 2484 4685 ⁸ξτλῆρες
2507 4613 2564 4665 ἐν
2594 4615 2658 4684 τῇ
2682 4607 2972 4682 διακρίσει,
3009 4613 3087 4685 τῷ
3130 4604 3350 4666 πάντων
3406 4607 3546 4668 εἶναι
3610 4593 3728 4668 τῶν

469 4701 596 4752 tiam
653 4694 802 4750 omni
862 4689 1102 4758 eSSentia
1154 4685 1405 4757 superior
1453 4693 1568 4746 est,
1601 4683 1800 4737 eximio
1841 4689 1897 4734 et
1955 4679 2043 4745 iis,

468 4799 586 4856 qua:
630 4789 780 4845 sunt,
805 4777 1150 4834 antecellenti
1194 4766 1427 4856 quodam
1471 4772 1654 4838 modo.
1703 4770 1847 4835 Quin
1882 4767 2045 4826 etiam

469 4855 592 4931 cum
619 4889 788 4930 unum
820 4873 910 4938 sit,
937 4879 991 4924 et
1017 4870 1132 4934 uni,
1159 4855 1212 4922 et
1237 4863 1593 4926 multitudini,
1615 4873 1670 4917 et
1695 4863 1816 4926 toti,
1835 4859 2046 4930 etparti

470 4984 636 5023 unum
668 4965 1096 5024 communicaris,
1141 4974 1308 5014 unum
1340 4973 1528 5012 rursus
1553 4955 1788 5011 essentia
1823 4953 2048 5025 praecel-

466 5060 596 5117 lenti
621 5073 703 5116 est
731 5057 1099 5131 singulariter,
1124 5052 1176 5109 id
1201 5060 1304 5116 est,
1330 5051 1570 5122 proprie,
1597 5057 1651 5103 et
1676 5047 1894 5112 eximie,
1919 5062 2044 5101 cum

467 5171 569 5211 nec
605 5170 772 5209 unum
819 5153 890 5207 sit
918 5167 982 5206 ex
1019 5151 1085 5205 iis
1118 5161 1239 5217 qua:
1283 5156 1432 5211 sunt,
1466 5157 1569 5199 nec
1596 5143 1910 5203 multitudo,
1942 5153 2043 5194 nec

473 5260 646 5304 totum
713 5262 780 5300 ex
821 5243 1088 5315 partibus,
1133 5256 1238 5295 nec
1287 5253 1410 5308 pars
1467 5251 1531 5291 ex
1583 5245 1716 5290 toto.
1755 5235 1930 5304 Atque
1971 5237 2043 5291 ita

474 5357 650 5410 neque
684 5355 851 5393 unum
883 5345 985 5399 cst,
1017 5349 1193 5404 neque
1225 5338 1386 5386 unius
1411 5330 1702 5402 particeps,
1732 5330 1825 5382 sed
1858 5319 2044 5396 procul

472 5435 539 5488 ab
589 5435 674 5487 liis
729 5445 896 5484 unum
942 5437 1060 5490 est,
1107 5435 1296 5495 utpote
1345 5438 1535 5494 unum,
1584 5436 1649 5475 eo
1691 5421 1832 5490 quod
1868 5418 2042 5474 estin

471 5526 637 5580 rebus
707 5537 816 5577 uno
869 5521 1026 5589 longe
1076 5515 1442 5589 praestantius.
1504 5515 1770 5585 Praeterea
1819 5521 2043 5584 propter

471 5614 767 5670 multorum
817 5612 1043 5666 deorum
1071 5610 1140 5663 ab
1170 5608 1288 5679 ipso
1325 5606 1759 5677 proﬁciscentem
1789 5604 2033 5659 effectio-

467 5725 594 5764 nem
625 5723 692 5762 ex
719 5707 900 5761 divina
928 5705 1190 5775 cujusque
1224 5717 1322 5772 pro
1348 5701 1552 5768 viribus
1582 5700 1782 5770 specie,
1808 5711 1863 5753 et
1892 5698 2041 5752 vide-

469 5809 558 5890 tur
584 5811 637 5856 et
661 5816 780 5856 esse
806 5799 1008 5854 dicitur
1036 5796 1199 5852 unius
1238 5795 1332 5851 Dei
1364 5781 1706 5867 progressus,
1737 5805 1790 5848 et
1820 5793 2038 5854 divisio,

465 5912 520 5957 et
548 5895 952 5968 multiplicium;
980 5902 1220 5950 attamen
1246 5907 1388 5948 unus
1419 5900 1502 5948 est
1531 5891 1753 5963 deorum
1789 5898 2041 5970 princeps

2151 4671 2320 4758 ὄντῶι
2375 4671 2724 4775 ’άπερουσίως
2787 4671 3352 4790 ἐξῃρημένονθιιλλὰ
3396 4710 3493 4760 καὶ
3539 4707 3596 4760 ἒν
3626 4709 3730 4776 ὢν,

2154 4795 2248 4861 καὶ
2279 4798 2460 4860 παντὶ,
2491 4796 2585 4849 καὶ
2615 4796 2716 4864 ἐνὶ,
2748 4801 2844 4850 καὶ
2875 4798 3093 4869 πλήθει,
3128 4789 3220 4853 καὶ
3270 4787 3397 4872 ὅλῳ,
3438 4803 3532 4857 καὶ
3567 4787 3733 4872 μέρει

2151 4888 2244 4941 τοῦ
2269 4889 2387 4952 ένδς
2416 4888 2756 4959 μεταδιδοὺς,
2809 4889 2868 4954 ἐν
2921 4892 3187 4961 ὡσαύτως
3224 4893 3561 4965 ὑπερουσίως
3586 4897 3731 4962 ἐστὶ,

2151 4981 2243 5033 καὶ
2275 4979 2334 5046 ἓν
2365 4981 2578 5049 ἑνικῶς,
2614 4981 2783 5064 ἦγουν
2810 4983 3014 5050 ίδικῶς,
3039 4985 3358 5056 ἐξαιρέτως,
3387 4987 3510 5040 οὔτε
3559 4987 3618 5040 ἓν
3651 4987 3732 5042 ὣν

2148 5073 2257 5139 τῶν
2286 5073 2478 5136 ὄντων,
2509 5074 2634 5143 οὔτε
2662 5075 2886 5160 πλῆθος,
2932 5075 3058 5130 οὔτε
3108 5078 3227 5131 ὅλον
3257 5080 3321 5132 ἐκ
3352 5079 3557 5148 μερῶν,
3598 5078 3730 5132 οὔτε

2152 5161 2316 5230 μέρος
2343 5161 2615 5226 ὃλοι›,κα)⁹
2644 5161 2818 5228 οὕτως
2877 5161 3002 5228 οὔτε
3058 5166 3230 5231 ἐστὶν,
3283 5166 3408 5219 οὔτε
3459 5169 3552 5220 τοῦ
3605 5168 3735 5230 ἐνὸς

2153 5255 2396 5325 μετέχει,
2431 5255 2619 5326 πόρρω
2648 5256 2704 5309 δὲ
2744 5251 2951 5310 τοῦτων
2980 5257 3038 5310 ἓν
3086 5259 3255 5322 ἐστιν,
3282 5260 3356 5323 ὡς
3410 5261 3550 5329 ὑπὲρ
3573 5260 3631 5312 τὸ
3673 5262 3735 5311 ἐν

2148 5346 2260 5406 τοῖς
2292 5343 2446 5398 οὖσιν
2477 5345 2558 5402 ἓν.
2590 5345 2760 5399 Πάλιν
2790 5351 2854 5418 τῇ
2894 5347 2950 5414 ἐξ
2977 5347 3144 5411 αὐτοῦ
3181 5333 3372 5402 θεὼσει
3420 5350 3556 5402 Θεῶν
3597 5352 3735 5411 πολτ

2147 5436 2255 5488 λῶν
2286 5436 2588 5509 γινομένων
2623 5438 2700 5510 τῷ
2736 5445 2881 5501 κατὰ
2935 5440 3168 5511 δύναμιν
3221 5441 3452 5496 ἑκάστου
3499 5444 3734 5514 Οεοειεεῖ

2148 5531 2296 5583 δοκεῖ
2334 5531 2432 5599 μὲν
2457 5527 2620 5600 εἶναι,
2659 5532 2752 5585 καὶ
2783 5533 3000 5601 λέγεται
3034 5534 3127 5587 τοῦ
3152 5534 3268 5601 ἐνὸς
3307 5535 3441 5588 Θεοῦ
3475 5513 3732 5606 πρόοδος,

2151 5623 2245 5674 καὶ
2269 5623 2546 5692 διάκρισις
2584 5625 2678 5676 καὶ
2716 5625 3239 5698 πολλαπλασιασμδς
3269 5667 3284 5689 ,
3337 5631 3451 5680 ἔστι
3477 5631 3533 5682 δὲ
3573 5617 3735 5683 οὐδὲν

2145 5710 2306 5786 ἦττον
2337 5715 2367 5766 ό
2391 5716 2642 5786 ἀρχίΘεος
2672 5721 2765 5772 καὶ
2799 5719 3062 5785 Θεοποιὸς,
3094 5716 3175 5782 εἷς
3221 5719 3376 5784 Θεὸς,
3427 5721 3729 5791 ἀμέριστος

2148 5807 2204 5858 ἐν
2240 5808 2352 5868 τοῖς
2393 5811 2694 5876 μεριετοίς,
2731 5809 2789 5863 ἓν
2819 5812 2876 5863 ἐν
2904 5815 3014 5873 τοῖς
3061 5813 3278 5873 πολλοῖς
3339 5814 3570 5881 ἀμιγὴς»
3626 5814 3727 5864 καὶ

2147 5898 2507 5970 ἀπλήθυντος,
2545 5902 2620 5968 ὡς
2654 5905 2994 5978 ὑπερουσίως
3045 5906 3390 5978 ὑπερούσιος,
3424 5906 3518 5959 καὶ
3544 5905 3722 5977 {mage
