4048 6598
467 402 570 469 135

1714 411 2103 476 EUTHYMII
2143 414 2314 476 ZIGA
2327 416 2507 476 BENI

3626 414 3727 480 136

462 512 719 583 quodque
752 529 859 570 non
893 513 1114 573 mistum
1153 524 1245 571 aut
1272 515 1569 581 turbidum,
1612 519 1705 574 sed
1768 536 1960 589 purum
1992 536 2022 575 e

2154 526 2368 591 φώνως,
2415 525 2505 577 καὶ
2569 525 2851 596 συμφυῶς,
2910 527 3259 597 ἀκραιφνοῦς,
3323 526 3415 580 καὶ
3467 528 3725 597 ἀμιγοῦς,

459 605 733 661 sincerum
779 607 831 661 in
879 608 1094 678 propria
1125 610 1304 676 specie
1328 612 1401 666 ita
1430 622 1666 677 maneat,
1697 621 1749 671 et
1782 614 2048 682 conjunc-

460 698 611 752 tione
644 699 859 768 quidem
902 701 1206 769 copuletur,
1242 712 1452 759 naturae
1491 713 1670 761 autem
1700 710 2037 775 proprietate

463 789 757 843 dividatur.
793 789 909 860 Ipsa
939 791 1106 862 igitur
1136 795 1408 865 praecipua
1434 797 1771 859 conciliatrix
1802 813 1906 866 pax
1933 812 2044 851 me-

455 879 561 934 diis
591 889 831 935 extrema
871 883 1127 940 devincit.
1161 886 1526 952 Quamobrem
1552 899 1607 943 et
1653 891 2044 959 antiquissima:

455 969 560 1025 illa:
592 972 991 1029 conciliatriccs
1048 984 1345 1045 potestates
1395 989 1507 1043 tum
1543 978 1671 1048 ipsa:
1700 980 1845 1035 inter
1875 996 1952 1042 sc,
1990 988 2045 1034 et

453 1076 576 1115 cum
615 1077 719 1117 una
759 1064 1005 1131 omnium,
1035 1066 1316 1137 principali
1352 1082 1481 1136 pace
1528 1071 1892 1138 copulantur;
1930 1079 2040 1123 tum

456 1169 540 1217 ea,
576 1170 697 1224 quae
729 1156 831 1211 sibi
859 1158 1100 1227 subjecta
1136 1173 1266 1223 sunt
1314 1172 1504 1225 mutuo
1533 1161 1673 1221 inter
1705 1162 1837 1230 ipsa,
1868 1172 1917 1216 et
1951 1177 2041 1217 sc-

451 1260 576 1299 entn
609 1256 662 1301 et
696 1262 819 1313 cum
860 1264 968 1311 uno
998 1264 1177 1307 verum
1232 1250 1476 1303 omnium
1509 1250 1655 1320 pacis
1681 1252 1951 1320 principio
1986 1259 2041 1305 et

455 1354 620 1394 causa
675 1341 1037 1411 coniungunt.
1088 1340 1233 1395 Nihil
1272 1351 1355 1396 est
1403 1342 1565 1413 igitur
1612 1345 1857 1408 omnino,
1896 1344 2039 1413 quod

460 1447 651 1494 pacem
695 1447 804 1487 non
853 1442 1019 1487 amet.
1068 1432 1146 1487 Ac
1192 1432 1408 1487 tametsi
1458 1434 1554 1498 illi,
1592 1434 1682 1503 qui
1717 1433 2037 1494 inimicitiis,

450 1523 583 1577 rixis
612 1531 666 1577 et
687 1522 1045 1578 seditionibus
1070 1523 1327 1594 gaudent,
1358 1538 1388 1577 a
1417 1538 1547 1592 pace
1599 1532 1655 1577 et
1682 1522 1831 1593 pacis
1885 1538 2039 1577 com-

454 1613 634 1669 modis
676 1614 927 1668 videntur
971 1614 1293 1678 abhorrere,
1329 1623 1385 1670 et
1416 1614 1517 1685 ipsi
1565 1625 1747 1681 tamen
1787 1614 2040 1670 obscuris

450 1705 774 1773 quibusdam
802 1706 953 1776 pacis
975 1705 1281 1760 simulacris
1308 1707 1619 1776 capiuntur,
1642 1714 1696 1761 et
1720 1722 1844 1761 cum
1875 1705 2039 1761 variis

449 1799 923 1868 perturbationum
956 1801 1195 1855 motibus
1224 1800 1629 1866 concutiantur,
1660 1815 1755 1854 eos
1786 1800 2037 1870 imperite

2150 619 2240 669 xxi
2272 617 2667 672 ἀνεπιθολώτου
2722 620 2973 688 μένοντος
3002 621 3234 674 ἑκάστου
3266 618 3406 672 κατά
3432 621 3489 672 τὸ
3526 622 3725 675 οἰκεῖον

2149 706 2291 771 εἶδος
2315 725 2328 739 ⁸
2363 713 2458 763 καὶ
2491 712 2771 781 ἡνωμένον
2807 710 2905 781 μὲν
2942 715 3007 783 τῇ
3043 712 3364 783 συγκράσει,
3393 711 3727 783 διῃρημένου

2146 801 2202 854 δὲ
2223 805 2285 871 τῇ
2327 802 2553 873 ἰδιότητι
2578 805 2675 873 τῆς
2709 802 2945 870 φύσεως.
3008 802 3156 870 Αὕτη
3210 797 3302 856 οὖν
3358 804 3391 872 ή
3459 802 3727 874 ἀρχισυν-

2148 892 2365 961 άγωγος
2396 895 2584 965 εἰρήνη
2618 894 2795 950 συνδεῖ
2826 896 2893 948 τὰ
2914 895 3057 965 ἀκρα
3085 894 3173 947 διὰ
3196 894 3306 946 τῶν
3340 893 3726 964 μέσων.“’0οεν

2146 985 2202 1035 αἰ
2230 984 2606 1053 πρεσϐύταται
2636 987 2744 1040 τῶν
2781 987 3111 1055 συναγωγῶν
3142 986 3429 1057 δυνάμεων
3482 986 3643 1040 αὐταί
3663 1004 3727 1039 τε

2149 1074 2284 1143 πρὸς
2310 1074 2546 1145 ἀλλήλας
2573 1077 2667 1128 καὶ
2703 1077 2838 1142 πρὸς
2865 1078 2963 1146 τὴν
2999 1077 3126 1147 μίαν
3154 1077 3262 1129 τῶν
3309 1078 3443 1131 ὅλων
3467 1080 3727 1148 εἰρηναρ-

2145 1166 2268 1236 χίαν
2286 1167 2553 1232 ἐνοῦνται,
2573 1170 2664 1221 καὶ
2687 1168 2866 1222 ἐνοῦσι
2897 1171 2964 1223 τὰ
2994 1169 3083 1237 ὑφ’
3107 1170 3307 1233 ἑαυτὰς
3331 1171 3467 1240 πρὸς
3495 1165 3721 1241 ἄλληλα,

2145 1261 2401 1329 καὶπρὸς
2442 1262 2664 1327 ἑαυτὰς,
2691 1264 2786 1316 καὶ
2833 1262 2967 1334 πρὸς
3009 1264 3107 1332 τὴν
3153 1263 3282 1331 μίαν
3333 1264 3427 1316 καὶ
3483 1264 3724 1333 παντελῆ

2141 1352 2238 1421 τῆς
2268 1354 2377 1406 τῶν
2404 1354 2625 1407 πάντων
2657 1357 2881 1426 εἰρήνης
2921 1356 3095 1425 ἀρχὴν
3147 1356 3243 1409 καὶ
3297 1355 3496 1409 αἰτίαν.
3556 1354 3727 1408 Οὐδὲν

2143 1441 2237 1498 οὖν
2256 1445 2362 1497 τῶν
2402 1446 2622 1499 πάντων
2656 1447 2803 1498 ἐστὶν
2835 1446 3129 1518 ἀνέραστον
3159 1448 3405 1517 εἰρήνης.
3465 1448 3525 1499 Εἰ
3569 1446 3628 1500 δὲ
3673 1447 3724 1500 οἰ

2142 1537 2336 1603 θυμοῖς
2358 1536 2451 1592 καί¹
2480 1538 2644 1608 ἔρισι,
2675 1539 2767 1591 καὶ
2786 1538 3217 1600 ἀκαταστασίαις
3270 1537 3553 1609 χαίροντες
3585 1539 3727 1590 ἀπε-

2139 1629 2427 1700 χθάνονται
2457 1633 2522 1701 τῇ
2555 1632 2766 1705 εἰρήνῃ,
2814 1632 3048 1693 καὶτοῖς
3088 1632 3187 1701 τῆς
3223 1631 3446 1700 εἰρήνης
3478 1629 3724 1701 ἀγαθδῖς,

2140 1721 2254 1774 ἀλλ’
2280 1720 2373 1775 οῦν
2400 1722 2495 1774 καὶ
2527 1723 2683 1784 αὐτοὶ
2712 1723 2982 1795 ἀμαυροῖς
3009 1721 3251 1785 εἰδώλοις
3282 1722 3566 1792 εἰρηνικῆς
3593 1721 3726 1790 ἐφέ-

2142 1831 2278 1876 σεως
2303 1814 2749 1884 διακρατοῦνται,
2781 1815 3159 1885 ἐνοχλούμενοι
3209 1817 3309 1885 μὲν
3374 1814 3478 1867 ὑπὸ
3530 1813 3723 1867 παθῶν

448 1892 711 1947 cohibere
770 1892 1073 1962 sedat-eque
1120 1893 1537 1962 concupiscunt,
1582 1900 1639 1947 et
1683 1901 1929 1962 sperant,
1978 1906 2024 1946 se

2142 1882 2542 1976 πολυκινήτιυν,
2597 1882 3054 1977 ἀνεπιστημόνῴς
3111 1908 3170 1960 δὲ
3212 1882 3367 1977 ιστᾷν
3417 1905 3580 1969 αὐτὰ,
3629 1904 3726 1958 καὶ

452 1984 819 2053 voluptatum,
847 2000 1084 2054 quarum
1110 1985 1420 2040 inordinate
1454 1984 1762 2050 victricium
1797 1985 2035 2047 tumultu

445 2086 792 2148 premuntur,
821 2079 1133 2149 expletione
1161 2093 1348 2149 pacem
1386 2078 1708 2149 adepturos.

1046 2281 1328 2351 Ejusdem.

501 2374 555 2437 in
586 2389 647 2429 ca
677 2388 864 2441 causa,
891 2389 1012 2443 qua:
1038 2383 1234 2430 cuncta
1263 2376 1315 2429 in
1348 2389 1455 2429 uno
1480 2373 1879 2445 complectitur,
1907 2373 2030 2443 pul-

439 2468 632 2521 chrum
704 2478 755 2521 et
783 2467 1133 2536 pulchritudo
1162 2466 1549 2539 distinguenda
1580 2482 1690 2521 non
1724 2476 1873 2521 sunt.
1906 2465 2031 2523 llaec

438 2561 584 2612 enim
611 2558 867 2612 omnibus
895 2559 948 2611 in
976 2557 1140 2612 rebus
1182 2558 1236 2613 in
1267 2556 1561 2626 participes
1593 2566 1647 2611 et
1681 2557 2024 2619 communio-

440 2667 539 2704 nvs
568 2650 878 2704 dividentes
899 2691 912 2713 ,
941 2649 1216 2716 pulchrum
1246 2649 1481 2704 dicimus
1506 2648 1652 2722 quod
1678 2658 1762 2703 est
1786 2648 2024 2718 pulchri.-

438 2743 643 2811 tudinis
678 2742 983 2813 particeps;
1034 2741 1478 2809 pulchritudinem
1528 2756 1657 2797 vero
1678 2741 2022 2805 communio-.-

434 2851 559 2895 uem
609 2835 753 2889 illius
789 2850 970 2888 rerum
1006 2848 1209 2898 causae,
1249 2850 1373 2904 qua:
1412 2833 1667 2904 pulchras
1699 2848 1786 2887 res
1832 2824 2025 2885 omnes

435 2928 620 2985 eﬂicit.
652 2926 818 2982 Deum
855 2936 1035 2981 autem
1074 2936 1129 2981 et
1155 2927 1443 2996 pulchrum
1479 2926 1732 2988 dicimus,
1764 2935 1822 2978 ut
1849 2924 1939 2992 qui
1967 2933 2023 2987 et

437 3025 601 3081 totus,
634 3025 687 3070 et
715 3032 951 3087 semper,
984 3026 1040 3071 et
1082 3017 1365 3072 excellenti
1398 3017 1609 3070 ratione
1641 3015 1868 3086 pulcher
1901 3022 2007 3081 est,

432 3118 487 3162 et
519 3109 875 3179 pulchrorum
908 3108 1149 3164 omnium
1199 3118 1415 3172 natura,
1462 3116 1515 3163 et
1548 3108 1691 3172 fons,
1733 3119 1788 3162 et
1816 3122 2013 3173 causa;

2140 1996 2451 2065 ᾁποπαύειν
2483 1997 2784 2069 ἐφιέμενοι,
2820 1999 2917 2053 καὶ
2963 1997 3201 2067 οἰόμενοι
3226 2001 3292 2069 τῇ
3326 1997 3723 2068 ἀποπληρώσει

2139 2090 2249 2141 τῶν
2274 2088 2636 2160 ἐνοχλούντων
2680 2089 2986 2160 εἰρηνεύειν
3020 2089 3251 2152 ἑαυτοὺς
3311 2089 3718 2160 ἐκταραττομέ-

2137 2197 2260 2249 you;
2282 2183 2348 2251 τῇ
2380 2180 2578 2249 ἀταξίᾳ
2599 2180 2708 2234 τῶν
2749 2181 3112 2251 κρατησασῶν
3140 2180 3360 2251 ἡδονῶν.

2272 2324 2279 2329 .
2750 2270 2862 2325 Τοῦ
2894 2272 3103 2326 αὐτοῦ.

2204 2364 2385 2427 Καλὸν
2415 2365 2510 2418 καὶ
2537 2363 2734 2426 κάλλος
2764 2365 2826 2418 οὐ
2858 2364 3159 2433 διαιρετέον
3190 2364 3283 2431 ἐπὶ
3312 2363 3411 2432 τῆς
3445 2364 3503 2416 ὲν
3534 2364 3613 2417 ἑνὶ
3646 2364 3718 2424 τά

2131 2462 2227 2517 ὅλα
2260 2460 2646 2532 συνειληφυίας
2679 2461 2877 2524 αἰτίας.
2932 2461 3120 2514 Ταῦτα
3154 2460 3265 2529 γὰρ
3297 2461 3394 2523 ἐπὶ
3455 2459 3554 2529 μὲν
3599 2458 3711 2515 τῶν

2132 2556 2301 2608 ὄντων
2336 2555 2591 2611 ἁπάντων
2651 2556 2733 2619 εἰς
2796 2554 3116 2623 μετέχοντι,
3167 2553 3263 2606 καὶ
3313 2552 3547 2621 μετοχὰς
3571 2549 3715 2604 διαι-

2134 2647 2376 2718 ροῦντες.
2417 2649 2584 2702 καλὸν
2626 2649 2726 2718 μὲν
2777 2647 3012 2717 λέγομεν
3064 2645 3125 2698 τὸ
3167 2644 3400 2706 κάλλους
3463 2642 3712 2713 μετέχον,

2128 2740 2324 2804 κάλλος
2346 2740 2401 2793 δὲ
2436 2739 2533 2811 τὴν
2565 2738 2800 2809 μετοχὴν
2828 2740 2929 2808 τῆς
2965 2736 3257 2791 καλοποιοῦ
3293 2739 3403 2790 τῶν
3428 2736 3595 2789 ὄντων
3628 2736 3716 2788 αἰ·

2124 2834 2268 2896 τίας.
2312 2833 2373 2885 Ὀ
2404 2831 2535 2895 Θεὸς
2557 2832 2611 2885 δὲ
2631 2832 2797 2885 καλὸν
2827 2832 2926 2896 μὲν
2942 2830 3159 2899 λέγεται
3181 2829 3255 2894 ὡς
3285 2829 3586 2896 πάγκαλος,
3617 2827 3712 2880 καὶ

2125 2926 2398 2989 ἀείκαλος,
2429 2926 2524 2978 καὶ
2564 2923 2894 2994 ὐπέρκαλος,
2944 2926 3037 2977 καὶ
3073 2923 3237 2991 φύσις
3266 2922 3430 2975 καλοῦ
3488 2920 3710 2983 παντὸς,

2123 3016 2219 3080 καὶ
2235 3016 2470 3087 πηγαῖον
2487 3012 2673 3072 καλὸν,
2696 3013 2789 3066 καὶ
2810 3012 2985 3065 αἴτιον
3004 3011 3192 3065 καλοῦ·
3216 3010 3411 3074 κάλλος
3430 3011 3485 3063 δὲ
3505 3010 3593 3062 διὰ
3614 3008 3712 3076 τὴν

2122 3105 2392 3161 ἀπἀὺτοῦ
2418 3106 2549 3169 πᾶσι
2567 3101 2801 3181 τοῖςοῦσι
2826 3104 3245 3175 μεταδιδομέιην
3262 3102 3478 3166 οἰκείως
3494 3102 3709 3173 ἑκάστῳ

432 3202 894 3270 pulchritudinem
950 3217 1081 3258 vero
1114 3203 1479 3273 appellamus,
1541 3200 1798 3271 quoniam
1833 3200 1901 3254 ab
1947 3214 2015 3254 eo

2129 3199 2407 3269 καλλονὴν,
2430 3199 2524 3252 καὶ
2545 3198 2618 3261 ὡς
2636 3198 2733 3270 τῆς
2752 3200 2968 3254 πάντων
2990 3197 3124 3268 εὺαρ
3131 3214 3265 3268 μοστ
3274 3196 3356 3255 iac
3370 3196 3463 3249 καὶ
3479 3194 3710 3263 ἀγλαΐας

431 3293 597 3347 rebus
625 3294 879 3349 omnibus
914 3308 1014 3364 pro
1041 3309 1141 3349 suo
1179 3294 1443 3362 cuiusque
1477 3292 1635 3347 modo
1663 3290 2017 3362 pulchritudo

430 3385 888 3451 communicatur,
961 3394 1016 3451 et
1057 3385 1183 3455 quia
1227 3386 1471 3440 omnium
1523 3384 1912 3439 concinnitatis
1962 3391 2019 3439 et

433 3478 627 3532 nitoris
660 3486 744 3532 est
782 3486 993 3544 auctor,
1027 3478 1279 3533 omnibus
1336 3477 1509 3531 instar
1568 3476 1705 3532 lucis
1765 3491 2017 3541 commu-

2124 3292 2317 3361 αἴτιος,
2349 3293 2739 3362 ὲναστράπτων
2790 3292 2920 3346 πᾶσι
2970 3291 3124 3359 δίκην
3180 3292 3358 3360 φωτὸς
3404 3289 3503 3351 τὰς
3550 3290 3710 3343 scala-.-

2124 3387 2311 3448 ποιοὺς
2342 3384 2441 3452 τῆς
2463 3384 2703 3454 πηγαίας
2726 3386 2940 3444 ἀκτῖνος
2960 3382 3124 3437 αὐτοῦ
3150 3381 3487 3451 μεταδόσεις,
3514 3382 3606 3435 καὶ
3629 3379 3706 3444 ὡς

2123 3475 2303 3541 καλῶν
2346 3476 2429 3545 ἐφ’
2462 3475 2654 3529 ἑαυτὸν
2687 3476 2881 3532 πάντα.
2930 3475 3213 3529 Ἐλκτικὸν
3235 3476 3343 3544 γὰρ
3372 3475 3431 3528 τὸ
3460 3474 3676 3536 κάλλος.

432 3572 621 3625 nicans
684 3572 960 3635 radiorum
997 3571 1183 3633 omnia
1250 3571 1478 3642 pulchra
1536 3571 1848 3633 facientium
1899 3569 2054 3639 quasi
2100 3570 2267 3628 fontis
2311 3572 2538 3634 rivulos,
2587 3581 2642 3625 et
2699 3571 2765 3625 ad
2818 3572 3058 3641 seipsum
3109 3572 3292 3635 omnia
3353 3584 3593 3625 vocans:
3628 3576 3711 3623 ate

432 3663 847 3717 trahendienim
895 3663 1001 3716 vim
1027 3661 1191 3717 habet
1230 3662 1582 3737 pulchritudo
1622 3660 1982 3744 [(l)ejusque
2016 3677 2213 3726 nomen
2250 3663 2388 3731 apud
2419 3662 2637 3730 Graecos
2671 3676 2701 3716 a
2734 3662 2925 3725 verbo,
2961 3662 3105 3732 quod
3175 3677 3362 3718 vocare
3419 3658 3707 3732 signiﬁcat.

431 3755 643 3810 videtur
670 3770 793 3812 esse
819 3754 1162 3829 deductum].

1102 3843 1379 3915 Ejusdem.

496 3936 558 3992 In
607 3934 721 3991 Deo
772 3936 916 3991 idem
960 3945 1046 3993 est
1091 3937 1380 4007 pulchrum
1433 3947 1487 3991 et
1530 3937 1757 3999 bonum.
1806 3936 2024 3999 Pulchri

428 4043 663 4098 namque
691 4038 746 4083 et
768 4028 891 4084 boni
918 4030 1216 4099 cupiditate
1245 4029 1475 4102 ﬂagrant
1525 4032 1727 4096 omnia,
1776 4032 1843 4099 ad
1870 4032 2026 4087 illud-

427 4137 534 4190 que
568 4120 722 4185 valde
749 4129 996 4177 currunt.
1018 4119 1079 4174 Et
1100 4121 1236 4176 nihil
1263 4132 1345 4179 est
1365 4122 1611 4187 omnino,
1641 4123 1784 4193 quod
1819 4139 1929 4178 non
1952 4125 2023 4187 sit

430 4211 639 4281 pulchri
687 4212 923 4287 bonique
952 4213 1245 4284 particeps.
1278 4213 1557 4285 Siquidem
1585 4225 1639 4271 et
1663 4220 1867 4285 omnia,
1894 4233 2016 4287 qua:

428 4315 579 4367 Sunt,
621 4305 689 4361 ab
724 4307 836 4371 ipso
865 4305 1094 4377 pulchro
1149 4306 1400 4376 bonoque
1435 4307 1660 4373 habent,
1686 4318 1746 4363 ut
1774 4310 1885 4367 sint
1911 4328 1925 4365 :
1956 4320 2015 4373 et

427 4411 457 4450 a
490 4396 717 4465 pulchro
755 4404 811 4451 et
838 4397 981 4452 bono
1012 4406 1326 4466 moventur,
1351 4407 1408 4462 et
1434 4406 1720 4467 reguntur,
1754 4410 1809 4456 et
1834 4400 2012 4456 conti-

2736 3839 2845 3899 Τοῦ
2877 3841 3086 3899 αὑτοῦ.

2206 3936 2329 3990 Ἐπὶ
2361 3934 2498 3989 Θεοῦ
2537 3935 2736 3988 ταυτόν
2766 3936 2885 3987 ἐστι
2918 3934 2979 3988 τὸ
3014 3934 3177 3989 καλὸν
3203 3934 3281 4005 τῷ
3331 3936 3538 4006 ἀγαθῷ.
3595 3938 3705 3993 Τοῦ

2122 4030 2290 4098 καλοῦ
2319 4030 2425 4101 γὰρ
2476 4030 2568 4081 καὶ
2616 4026 2824 4095 ἀγαθοῦ
2880 4028 3059 4082 πάντα
3117 4029 3356 4097 ἐφίεται,
3410 4035 3504 4085 καί
3562 4032 3704 4101 ἄγαν

2122 4119 2234 4173 θέει
2266 4119 2351 4173 ἐπ’
2393 4118 2550 4183 αὐτὸ,
2586 4118 2682 4172 καὶ
2705 4118 2803 4171 οὐκ
2835 4116 2952 4170 ἐστι
2983 4134 3037 4170 τι
3072 4118 3179 4171 τῶν
3202 4118 3394 4184 ὄντων,
3420 4121 3448 4174 ὃ
3476 4122 3551 4192 μὴ
3574 4139 3706 4191 μετ-

2122 4210 2235 4279 έχει
2268 4208 2361 4262 τοῦ
2393 4208 2557 4262 καλοῦ
2580 4209 2676 4262 καὶ
2702 4209 2930 4276 ἀγαθοῦ.
2969 4209 3123 4263 Ἐπεὶ
3155 4212 3247 4267 καὶ
3268 4212 3447 4267 πάντα
3476 4217 3544 4268 τά
3572 4216 3702 4270 ὄντα

2122 4303 2188 4367 ὲκ
2218 4300 2314 4357 τοῦ
2345 4301 2512 4355 καλοῦ
2550 4300 2646 4355 καὶ
2679 4299 2884 4369 ἀγαθοῦ
2936 4302 3073 4362 ἐστι,
3101 4305 3196 4355 και
3237 4304 3343 4358 ὑπὸ
3385 4307 3482 4359 τοῦ
3532 4308 3703 4362 καλοῦ

2123 4394 2220 4448 καὶ
2250 4393 2457 4461 ἀγαθοῦ
2487 4394 2741 4457 κινεῖται,
2759 4392 2854 4445 καὶ
2882 4396 3214 4463 προνοεῖται,
3240 4397 3337 4448 καὶ
3386 4398 3697 4470 συνέχεται,

428 4499 648 4553 nentur,
683 4496 737 4543 et
761 4497 986 4559 propter
1012 4489 1299 4558 pulchrum
1328 4498 1383 4544 et
1408 4491 1607 4555 bonum
1642 4493 1932 4549 exsistunt.
1960 4500 2014 4557 et

2129 4488 2216 4540 καὶ
2240 4486 2329 4541 διὰ
2364 4486 2425 4539 τὸ
2448 4484 2613 4538 καλὸν
2634 4486 2727 4538 καὶ
2759 4484 2963 4568 ἀγαθόν
2994 4487 3137 4550 ἐστι,
3166 4485 3262 4538 καὶ
3293 4489 3459 4555 πᾶσίν
3492 4490 3607 4545 ἐστι
3638 4488 3702 4542 τὸ

425 4583 495 4636 ab
556 4581 812 4637 omnibus
882 4581 1171 4651 pulchrum
1244 4590 1299 4637 et
1366 4582 1570 4638 bonum
1623 4585 2011 4654 expetendum,

425 4678 752 4739 amandum,
809 4673 1141 4746 diligendum
1201 4682 1257 4729 et
1310 4675 1689 4745 admirandum
1775 4677 2013 4743 videtur,

424 4766 612 4819 Ausim
663 4765 866 4831 dicere,
929 4775 984 4820 et
1009 4766 1083 4830 id,
1114 4767 1260 4836 quod
1311 4783 1419 4822 non
1462 4776 1567 4834 est,
1617 4784 1739 4825 esse
1803 4770 2014 4846 pulchri

426 4854 666 4923 bonique
716 4855 1012 4925 particeps.
1074 4854 1230 4910 Tune
1277 4855 1423 4909 enim
1474 4866 1530 4910 et
1566 4857 1743 4924 ipsum
1780 4869 1867 4913 est
1899 4860 2016 4926 pul-

424 4948 619 5001 chrum
679 4955 733 5000 et
782 4946 1010 5011 bonum,
1065 4961 1190 5001 cum
1237 4960 1335 5013 per
1382 4947 1724 5017 negationem
1784 4948 1851 5004 de
1902 4948 2014 5015 Deo

423 5038 641 5094 dicitur.
673 5038 742 5094 Ut
780 5055 905 5094 cum
954 5040 1123 5093 Deum
1157 5040 1461 5094 increatum
1506 5040 1833 5111 principium
1902 5052 2011 5098 ter-

427 5133 749 5201 tuinnmqne
793 5147 903 5207 non
947 5131 1163 5196 habeat,
1199 5140 1253 5186 et
1301 5131 1401 5203 alia
1432 5132 1720 5202 ejusmodi,
1746 5150 1865 5205 qum
1898 5151 2007 5190 non

429 5240 554 5279 esse
584 5225 910 5293 signiﬁcant,
944 5224 1259 5295 asserimUS.
1284 5224 1506 5295 Appetit
1543 5226 1688 5280 enim
1724 5236 1778 5282 et
1807 5228 2008 5298 ipsum,

423 5316 570 5387 quod
614 5331 720 5369 non
768 5324 872 5379 est,
929 5316 1165 5385 quodam
1226 5300 1388 5389 modo
1437 5316 1624 5385 Deum,
1675 5328 1730 5373 et
1773 5320 2006 5389 quadam

425 5410 637 5465 ratione
664 5409 716 5464 iu
751 5424 816 5465 eo
845 5419 1075 5464 conatur
1103 5423 1246 5463 esse.
1794 5396 1799 5402 ’

1097 5499 1371 5570 Ejusdem.

495 5589 700 5646 Omnes
732 5591 1017 5651 mentium,
1045 5593 1347 5647 animorum
1378 5605 1431 5649 et
1492 5610 1779 5666 corporum
1812 5606 2006 5670 status,

420 5695 480 5742 et
512 5693 693 5739 motus
724 5699 785 5738 ex
818 5685 1043 5754 pulchro
1112 5686 1364 5758 bonoque
1393 5697 1538 5743 sunt.
1570 5688 1835 5747 Omnibus
1858 5689 2004 5751 enim

421 5788 600 5835 status
643 5789 695 5832 ct
731 5789 908 5832 motus
957 5787 1039 5832 cst
1085 5778 1155 5843 id,
1214 5780 1357 5851 quod
1392 5797 1555 5851 supra
1594 5797 1814 5836 omnem
1882 5798 2000 5837 mo-

487 5900 558 5962 (ἰ)
586 5898 773 5949 Inclusa
815 5898 998 5949 addidit
1040 5900 1190 5949 Zinus
1230 5897 1478 5961 interpres

2119 4577 2285 4643 καλὸν
2318 4578 2414 4642 καὶ
2446 4576 2650 4645 ἀγαθὸν
2672 4564 2884 4645 ἐφετὸν,
2914 4578 3010 4630 καὶ
3039 4577 3291 4645 ὲραστδν,
3328 4582 3421 4632 καὶ
3478 4572 3701 4650 ἀγαπητ-

2117 4668 2230 4733 τὸν,
2258 4669 2355 4736 καὶ
2388 4666 2645 4736 ἀγαστόν.
2695 4668 2971 4738 Τολμήσει
3016 4668 3193 4725 δὲκαὶ
3242 4668 3402 4737 τοῦτο
3455 4672 3635 4728 εἰπεῖν
3668 4674 3697 4727 ὁ

2116 4759 2297 4827 λόγος,
2322 4761 2404 4814 ὅτι
2424 4761 2518 4813 καὶ
2546 4760 2606 4813 τὸ
2643 4758 2717 4831 μὴ
2747 4759 2806 4826 ὂν
2830 4760 3049 4831 μετέχει
3089 4761 3183 4813 τοῦ
3232 4763 3399 4816 καλοῦ
3429 4762 3525 4816 καὶ
3551 4753 3697 4832 ἀγα-

2117 4850 2233 4905 θοῦ.
2260 4853 2395 4905 Τότε
2413 4852 2520 4924 γὰρ
2550 4853 2711 4908 καλὸν
2743 4851 2836 4908 καὶ
2885 4853 3017 4905 αὐτὸ
3040 4856 3133 4908 καὶ
3164 4855 3393 4923 ἀγαθὸν,
3415 4856 3545 4910 ὅταν
3603 4860 3696 4910 ἐπὶ

2114 4942 2252 4996 Θεοῦ
2286 4944 2430 4998 κατά
2465 4944 2761 5015 ἀφαίρεσιν
2823 4945 3081 5015 λέγηται,
3116 4940 3229 5012 οἷον
3260 4947 3342 5000 ὅτι
3372 4948 3400 5000 ὁ
3444 4945 3577 5015 Θεὸς
3633 4946 3695 5001 ἀ-

2118 5026 2353 5103 κτιστος,
2380 5037 2634 5108 ἀναρχος,
2675 5037 2947 5109 ἀόριστος,
2972 5041 3065 5091 καὶ
3092 5040 3159 5093 τὰ
3199 5041 3444 5109 τοιαῦτα,
3474 5041 3573 5093 ὅσα
3596 5038 3689 5093 τοῦ

2118 5126 2193 5197 μὴ
2221 5128 2369 5207 ὄντος
2423 5128 2715 5199 δηλωτικά.
2781 5130 3025 5200 Ἐφίεται
3095 5132 3205 5202 γὰρ
3264 5130 3430 5185 αὐτοῦ
3484 5131 3692 5202 τρόπον

2110 5220 2234 5272 τινὰ
2268 5218 2362 5276 καὶ
2396 5221 2527 5275 αὐτὸ
2556 5223 2617 5276 τὸ
2644 5221 2721 5296 μὴ
2750 5223 2830 5291 ὃν,
2873 5224 2967 5277 καὶ
2991 5223 3286 5292 φιλονεικεῖ
3310 5241 3427 5293 nm;
3466 5224 3523 5290 ὲν
3545 5222 3692 5296 αὐτῷ

2112 5307 2275 5366 εἶναι.
2710 5306 2717 5309 ⁷

2727 5502 2836 5567 Τοῦ
2871 5501 3079 5567 αὐτοῦ.

2182 5592 2248 5644 Ai
2288 5592 2503 5654 στάσεις
2534 5594 2703 5647 πᾶσαι
2741 5596 2834 5645 καὶ
2894 5596 2948 5647 αἱ
2985 5596 3225 5663 κινήσεις
3276 5594 3339 5649 ὲκ
3390 5592 3484 5647 τοῦ
3514 5589 3682 5657 καλοῦ

2111 5688 2200 5740 καὶ
2224 5685 2431 5764 ἀγαθοῦ
2460 5687 2632 5751 εἰσιν,
2665 5689 2719 5741 αἱ
2752 5686 2860 5740 τῶν
2912 5688 3070 5754 νόων,
3104 5688 3159 5741 αἰ
3196 5688 3303 5739 τῶν
3355 5687 3566 5757 ψυχῶν,
3629 5687 3686 5751 αἰ

2109 5779 2216 5834 τῶν
2248 5781 2539 5848 σωμάτων.
2572 5781 2765 5845 Στάσις
2791 5782 2901 5852 γάρ
2924 5784 3061 5835 ’ἐστι
3102 5784 3258 5849 πᾶσι,
3318 5783 3410 5834 καὶ
3473 5780 3687 5864 κίνησις
