4048 6566
309 371 414 436 13⁵7

1275 372 1653 434 PANOPLIA
1693 371 2153 434 DOGMATICA.
2198 398 2265 408 ·-
2305 371 2456 433 ΤΙΤ.
2505 373 2622 432 ΙΙΙ.

3488 378 3593 444 138

310 486 412 552 τῆς
438 481 580 553 ὑπὲρ
605 482 786 535 πᾶσαν
820 480 1029 545 στάσιν,
1091 483 1185 535 καὶ
1237 500 1471 555 κινησιν,
1545 481 1724 552 ἱδρύον
1773 482 1891 536 ἕκα-

2007 488 2118 536 tum
2151 483 2579 554 unumquodque
2607 482 2660 537 in
2692 483 2902 540 ratione
2934 485 3153 557 propria
3191 485 3498 556 conﬁrmat,
3529 499 3587 546 et

312 589 442 627 στον
471 573 530 625 ὲν
555 570 631 642 τῷ
659 571 771 640 ἰδίῳ
802 569 964 642 λόγῳ,
996 571 1089 626 καὶ
1119 571 1301 626 κινοῦν
1323 574 1414 626 ἐπὶ
1437 575 1538 645 τὴν
1569 573 1707 628 ἰδίαν
1739 572 1894 643 κίνη-

308 682 421 719 οιν.

920 756 1032 810 Τοῦ
1072 757 1284 812 αὐτοῦ.

393 850 493 902 Ἐκ
514 848 675 912 Θεοῦ,
703 849 798 902 καὶ⁵
832 851 889 902 ὲν
931 849 1050 920 Θεῷ
1092 851 1188 904 καὶ
1218 851 1349 904 αὐτὸ
1372 851 1433 904 τὸ
1487 847 1650 917 εῖναι,
1683 854 1778 906 καὶ
1836 855 1892 907 αἱ

305 942 419 995 τῶν
447 941 620 995 ὄντων
648 943 866 997 πάντων
904 943 1094 1014 ἀρχαὶ,
1155 944 1250 997 καὶ
1279 945 1346 997 τὰ
1379 943 1509 998 ὄντα
1556 946 1756 1008 πάντα,
1799 947 1895 999 κκὶ

307 1037 380 1090 τὰ
403 1035 658 1106 ἀλλήλοις
682 1034 920 1089 ἐναντία.
959 1037 1067 1088 Καὶ
1093 1035 1254 1090 τοῦτο
1319 1037 1588 1108 ἀσχέτως,
1622 1039 1717 1092 καὶ
1744 1039 1893 1103 ἐξαι-

310 1129 510 1199 ρέτως,
542 1128 639 1183 καὶ
674 1129 1144 1200 συνειλημμένως,
1189 1131 1285 1184 καὶ
1314 1130 1552 1194 ἐνιαίως.
1611 1133 1721 1185 Καὶ
1786 1133 1895 1204 γὰρ

309 1221 409 1274 καὶ
439 1223 498 1273 ὲν
533 1221 722 1290 μονάδι
748 1222 858 1284 πᾶς
889 1221 1124 1292 ἀριθμὸς
1180 1221 1428 1286 ὲνοειδῶς
1481 1225 1895 1296 προῦφέστηκε,

313 1313 410 1365 καὶ
435 1311 550 1381 ἔχει
579 1312 760 1366 πάντα
786 1313 1023 1384 ἀριθμὸν
1057 1315 1091 1386 ἡ
1129 1315 1296 1382 μονάς
1324 1317 1380 1368 ἑν
1415 1315 1581 1386 ἑαυτῇ
1619 1316 1893 1386 μοναχῶς,

311 1405 389 1466 ὡς
417 1407 570 1459 αἰτία
604 1406 810 1470 παντὸς
833 1406 1091 1478 ἀριθμοῦ.
1149 1407 1258 1460 Καὶ
1289 1409 1398 1472 πᾶς
1430 1408 1663 1480 ἀριθμὸς
1687 1408 1893 1479 ἥνωται

311 1498 415 1567 μὲν
439 1500 495 1550 ἐν
523 1499 590 1569 τῇ
623 1499 814 1568 μονάδι
833 1514 847 1529 ’
881 1499 1003 1552 καθ’
1029 1501 1151 1555 ὅσον
1177 1499 1232 1553 δὲ
1260 1501 1361 1570 τῆς
1397 1503 1623 1572 μονάδος
1656 1503 1892 1572 πρόεισι,

316 1592 462 1645 κατὰ
485 1591 742 1644 τοσοῦτον
769 1593 1131 1664 διακρίνεται,
1186 1593 1280 1648 καὶ
1310 1593 1667 1665 πληθύνεται.
1701 1594 1812 1649 Καὶ
1839 1596 1896 1648 ἑν

308 1683 526 1754 κέντρῳ
551 1683 607 1736 δὲ
639 1685 812 1736 πᾶσαι
846 1683 1022 1737 αἰτοῦ
1065 1683 1268 1738 κύκλου
1301 1688 1562 1756 γραμμαὶ
1596 1687 1736 1740 κατά
1764 1687 1895 1757 μίαν

307 1778 508 1830 ἕνωσιν
535 1776 1003 1847 συνυφεστήκασι,
1029 1778 1122 1830 καὶ
1145 1777 1321 1840 πάσας
1353 1778 1464 1849 ἔχει
1490 1779 1552 1832 τὸ
1581 1778 1808 1852 κέντρον
1834 1783 1894 1837 ἐν

2000 577 2065 632 ad
2103 576 2381 647 proprium
2415 578 2620 633 excitat
2648 588 2878 636 motum.

2696 761 2972 828 Ejusdem.

2059 849 2137 905 Ex
2171 849 2300 918 Deo,
2327 852 2461 907 etin
2487 853 2621 920 Deo,
2649 864 2732 910 est
2757 856 2922 910 etiam
2952 858 3130 926 ipsum
3156 875 3299 928 esse,
3325 870 3380 918 et
3400 878 3584 918 rerum

1998 939 2244 994 omnium
2292 941 2586 1013 principia,
2621 953 2674 999 et
2699 960 2820 1011 quae
2848 958 2998 1010 sunt,
3034 949 3239 1014 omnia,
3272 951 3435 1008 etiam
3463 969 3586 1023 qua:

1997 1031 2142 1086 inter
2183 1045 2244 1086 se
2293 1042 2426 1087 sunt
2475 1036 2776 1090 contraria.
2829 1034 2972 1093 Sunt
3005 1049 3187 1095 autem
3233 1042 3290 1097 in
3331 1043 3440 1100 Deo
3483 1047 3589 1100 im-

1999 1138 2213 1188 mense,
2245 1131 2302 1180 et
2334 1125 2557 1190 eximie,
2588 1137 2644 1182 et
2681 1129 3042 1199 coniunctim,
3072 1141 3126 1188 et
3157 1135 3340 1190 unice.
3368 1134 3503 1192 Nam
3533 1119 3606 1193 et.

1999 1213 2054 1269 in
2083 1214 2292 1270 unitate
2323 1216 2504 1271 omnis
2527 1233 2790 1274 numerus
2819 1231 2949 1276 ante
2981 1224 3329 1294 singulariter
3357 1229 3584 1283 exstitit.

1997 1307 2065 1363 Et
2102 1308 2304 1374 unitas,
2338 1317 2397 1364 ut
2426 1311 2606 1366 omnis
2635 1314 2848 1368 numeri
2896 1330 3086 1380 causa,
3122 1319 3281 1374 unice
3307 1318 3359 1372 in
3395 1337 3454 1376 se
3487 1337 3588 1376 nu-

1998 1415 2207 1454 merum
2243 1415 2463 1454 omnem
2514 1402 2696 1458 habet.
2747 1406 2814 1459 Et
2849 1411 3028 1464 omnis
3067 1425 3336 1467 numerus
3381 1414 3590 1469 unitate

1999 1508 2140 1548 unus
2171 1490 2419 1547 ellicitur.
2453 1492 2728 1559 Quantum
2761 1510 2942 1556 autem
2970 1503 3318 1574 progreditur
3348 1504 3416 1558 ab
3461 1507 3585 1558 nni—

2001 1596 2131 1654 tate,
2160 1585 2421 1641 dividitur
2450 1595 2505 1641 et
2537 1589 2951 1661 multiplicatur.
2988 1594 3048 1648 In
3078 1603 3270 1650 centro
3305 1599 3432 1651 item
3470 1614 3590 1652 om-

2001 1693 2102 1733 nes
2135 1675 2324 1732 circuli
2363 1675 2523 1731 linea:
2559 1695 2666 1734 una
2704 1683 3052 1750 copulatione
3095 1687 3404 1756 conjunctae
3435 1696 3586 1742 sunt.

1993 1769 2066 1826 Et
2093 1780 2344 1829 centrum
2374 1771 2429 1826 in
2461 1773 2645 1842 scipso
2669 1783 2847 1830 rectas
2880 1791 3074 1832 onmes
3103 1778 3276 1832 lineas
3304 1787 3414 1833 tum
3442 1780 3589 1850 ipsas

308 1866 490 1936 ἑαυτῷ
527 1867 628 1930 τὰς
659 1866 881 1930 εὐθείας
918 1867 1168 1931 ένοειδῶς
1209 1871 1499 1940 ἡνωμένας
1529 1872 1667 1941 πρός
1697 1891 1756 1926 τε
1806 1875 1891 1926 ἀλ-

2005 1869 2149 1925 inter
2184 1882 2264 1932 se,
2306 1876 2420 1921 tum
2457 1865 2621 1922 etiam
2652 1881 2774 1921 cum
2808 1883 2915 1922 uno
2959 1868 3052 1924 illo
3096 1870 3390 1942 principio,
3424 1847 3592 1942 aqua

305 1958 501 2029 λήλας,
536 1960 632 2012 καὶ
694 1959 833 2030 πρὸς
877 1959 976 2030 τὴν
1036 1960 1165 2031 μίαν
1223 1962 1418 2034 ἀρχὴν,
1454 1964 1546 2032 ἀφ’
1570 1960 1638 2038 ἧς
1694 1966 1899 2037 προῆλ-

308 2051 422 2105 οον.
457 2051 569 2104 Καὶ
604 2051 836 2120 ὲνάὐτῷ
898 2051 996 2120 μὲν
1041 2052 1118 2123 τῷ
1154 2054 1364 2125 κέντρῳ
1405 2056 1688 2121 παντελῶς
1729 2057 1901 2126 ἧνωνε

305 2161 422 2210 ται,
463 2145 638 2216 βραχὺ
687 2144 745 2196 δὲ
789 2144 1099 2210 διαστᾶσαι,
1127 2144 1298 2218 βραχὺ
1336 2146 1430 2201 καὶ
1495 2147 1738 2221 ἀλλήλων
1787 2149 1900 2204 δια-

307 2237 616 2307 κρίνονται.
641 2238 857 2292 Μᾶλλον
895 2237 950 2289 δὲ
997 2239 1160 2292 αὐτοῦ
1196 2243 1519 2310 ἀποστᾶσαι,
1566 2243 1766 2313 μᾶλλον
1805 2245 1900 2296 καὶ

311 2328 566 2397 ἀλλήλων
600 2328 950 2395 ἀφίστανται.
971 2327 1134 2381 ’Λλλά
1175 2329 1272 2382 καὶ
1307 2331 1362 2382 ἐν
1393 2334 1456 2402 τῇ
1497 2332 1592 2404 ὅλῃ
1621 2331 1730 2386 τῶν
1759 2333 1897 2388 ὅλων

307 2419 472 2489 φύσει
537 2420 738 2480 πάντες
781 2421 830 2471 oi
875 2418 1023 2488 λόγοι
1080 2421 1181 2490 τῆς
1234 2421 1358 2476 καθ’
1404 2423 1637 2478 ἕκαστον
1683 2424 1898 2494 φύσεως

308 2513 740 2582 συνειλημμένοι
767 2513 876 2566 eici
905 2514 1047 2566 κατά
1075 2514 1176 2585 τὴν
1209 2516 1515 2587 ἀσύγχυτον
1545 2517 1758 2572 ἕνωσιν.
1788 2521 1898 2573 Καὶ

305 2606 366 2656 ἐν
407 2606 474 2673 τῇ
499 2603 645 2674 ψυχῇ
679 2603 735 2656 δὲ
763 2603 1050 2673 μονοειδῶς
1079 2605 1265 2659 αἰτῶν
1299 2608 1438 2661 κατά
1485 2611 1650 2680 μέρος
1678 2610 1898 2665 πάντων

306 2699 669 2766 προνοητικαὶ
693 2695 787 2748 τοῦ
818 2698 941 2749 ὅλου
975 2697 1224 2768 σώματος
1281 2700 1562 2770 δυνάμεις.
1597 2701 1768 2755 Οὐδὲν
1799 2699 1893 2756 οὖν

306 2788 514 2839 ἄτοπον
547 2785 605 2851 ἐξ
632 2787 887 2856 ἀμυδρῶν
924 2790 1149 2841 εἰκόνων
1193 2792 1288 2843 ἐπὶ
1346 2793 1405 2844 τὸ
1444 2793 1663 2848 πάντων
1723 2795 1895 2849 αἴτιον

305 2879 611 2942 ἀναϐάντες
645 2881 1043 2951 ὑπερκοσμίοις
1065 2882 1364 2954 ὀφθαλμοῖς
1391 2884 1668 2956 θεωρῆσαι
1710 2888 1893 2942 πάντα

305 2975 366 3023 ἐν
387 2973 463 3042 τῷ
495 2973 713 3027 πάντων
740 2976 900 3044 αἰτίῳ
932 2975 1220 3044 μονοειδῶς
1260 2977 1354 3029 καὶ
1389 2977 1706 3049 ἡνωμένως.

925 3158 1033 3211 Τοῦ
1071 3157 1279 3212 αὐτοῦ.

382 3249 556 3320 Εἴπερ
608 3251 636 3300 6
697 3247 819 3301 καθ’
874 3251 1020 3319 ἡμᾶς
1065 3249 1217 3320 ἥλιος
1278 3247 1378 3312 τὰς
1437 3249 1548 3304 τῶν
1605 3251 1880 3324 αἰσθητῶν

305 3345 504 3407 οὐσίας
557 3343 652 3396 καὶ
701 3345 1019 3413 ποιότητας,
1055 3342 1238 3395 καίτοι
1301 3342 1503 3406 πολλὰς
1551 3344 1645 3396 καὶ
1702 3344 1890 3415 διαφό-

309 3455 440 3510 ρους
467 3435 654 3502 οῠσας,
692 3431 772 3500 εἷς
798 3436 960 3499 αὐτὸς
993 3434 1089 3500 ὢν,
1123 3436 1216 3489 καὶ
1255 3435 1530 3506 μονοειδὲς
1561 3435 1890 3507 ὲπιλὰμπων

311 3531 430 3596 φῶς
462 3529 610 3595 ζωοῖ,
647 3530 742 3582 καὶ
790 3528 1001 3598 τρέφει,
1038 3528 1133 3581 καὶ
1178 3526 1352 3594 αὔξει,
1401 3531 1494 3583 καὶ
1537 3529 1757 3597 τελειοῖ,
1792 3534 1889 3608 καὶ

312 3624 567 3693 φρουρεῖ,
594 3623 688 3676 καὶ
717 3622 1006 3692 διακρίνει,
1029 3621 1124 3674 καὶ
1154 3620 1286 3688 ἑνοῖ,
1314 3622 1408 3674 καὶ
1445 3622 1772 3689 ἀναθάλπει,
1797 3625 1889 3678 καὶ

307 3714 512 3783 γόν.μα
539 3709 678 3768 εἶναι
709 3715 869 3779 ποιεῖ,
895 3715 991 3767 καὶ
1020 3711 1361 3778 ἐξαλλάττει,
1386 3714 1478 3766 καὶ
1503 3715 1759 3786 ὲνιδρύει,
1796 3718 1889 3771 καὶ

309 3805 526 3877 ἐκφύει,
559 3808 654 3860 καὶ
689 3808 956 3874 ἀνακινεῖ,
987 3811 1080 3862 καὶ
1111 3808 1341 3863 ἕκαστον
1369 3808 1477 3860 τῶν
1505 3809 1642 3863 ὅλων
1673 3811 1888 3874 οἰκείως

311 3897 493 3969 ἑαυτῷ
528 3899 620 3952 τοῦ
656 3900 776 3962 ἐνὸς
806 3901 902 3954 καὶ
930 3900 1130 3954 ταυτοῦ
1170 3898 1323 3972 ἡλίου
1368 3901 1614 3972 μετέχει,
1654 3903 1752 3955 καί
1789 3901 1888 3963 τὰς

308 3993 423 4046 ’τῶν
452 3991 662 4045 πολλῶν
721 3992 964 4063 μετοχῶν
1011 3993 1192 4054 αἰτίας
1230 3994 1258 4044 6
1287 3986 1366 4060 εἷς
1416 3994 1568 4064 ἥλιος
1604 3996 1660 4047 ὲν
1709 3995 1889 4066 ἑαυτῷ

313 4085 607 4155 μονοεῖδῶς
642 4087 883 4156 προέχει,
920 4085 1012 4138 καὶ
1054 4086 1300 4156 περιέχει
1327 4104 1340 4118 ο
1373 4086 1552 4158 πολλῷ
1592 4087 1792 4156 μᾶλλον
1833 4089 1889 4142 ὲν

310 4178 377 4248 τῇ
404 4176 496 4229 καὶ
529 4177 692 4229 αὑτοῦ
726 4177 818 4229 τοῦ
851 4177 999 4248 ἡλίου
1031 4178 1121 4230 καὶ
1155 4178 1370 4231 πάντων
1405 4179 1515 4232 τῶν
1541 4179 1709 4233 ὄντων
1739 4181 1889 4254 αἰτίᾳ

251 4262 267 4274 ’
314 4270 725 4340 προϋφεστάναι
765 4269 833 4323 τὰ
865 4269 1085 4323 πάντων
1115 4270 1223 4322 τῶν
1257 4271 1428 4323 ὄντων
1461 4272 1890 4344 παραδείγματα

311 4362 454 4415 κατά
477 4362 603 4433 μίαν
633 4362 961 4431 ὑπεροὺσιον
992 4363 1187 4415 ἕνωσιν
1231 4363 1638 4433 συγχωρητέον.
1694 4365 1885 4434 Παρα-

308 4442 584 4523 δείγματα
613 4454 667 4507 δὲ
699 4453 793 4506 νῦν
823 4453 1057 4523 λέγομεν
1090 4453 1214 4517 τοὺς
1244 4455 1302 4507 ὲν
1327 4453 1443 4524 Θεῷ
1474 4455 1688 4517 ἑνιαίως
1725 4460 1892 4526 προῦ-

309 4546 615 4614 φεστῶτας,
651 4548 746 4598 καὶ
769 4547 1108 4608 οὖσιοποιοὺς
1133 4547 1241 4598 τῶν
1281 4546 1453 4599 ὄντων
1480 4546 1694 4616 λόγους,
1735 4548 1827 4611 οὓς
1861 4553 1888 4603 6
1919 4556 1988 4614 Ι),

307 4638 607 4700 ἀπόστολος
667 4637 877 4700 Παῦλος
940 4639 1314 4708 προορισμοὺς
1367 4637 1543 4706 καλεῖ,
1608 4640 1704 4693 καὶ
1765 4640 1886 4694 θεία

308 4731 593 4800 θελήματα
618 4731 723 4784 τῶν
748 4731 918 4783 ὄντων
947 4731 1297 4802 ἀφοριστικὰ,
1317 4733 1419 4784 καὶ
1447 4735 1728 4801 ποιητικὰ,
1760 4735 1885 4787 καθ’

306 4822 400 4884 οὒς
441 4825 468 4874 6
515 4822 842 4892 ὑπεροὺσιος
892 4823 957 4873 τὰ
1016 4821 1144 4875 ὄντα
1193 4822 1371 4875 πάντα
1424 4825 1726 4895 προώρισε,
1789 4827 1885 4879 καὶ

311 4913 625 4985 παρήγαγε.
658 4914 843 4966 Πάντα
888 4913 982 4966 οὖν
1017 4913 1235 4976 ὲνιαίως
1274 4916 1521 4986 προέχει,
1553 4918 1649 4968 καὶ
1704 4918 1882 4972 πάντα

305 5009 553 5080 περιέχει
585 5008 726 5059 κατᾶ
753 5007 850 5078 τὴν
884 5008 1363 5079 ὑπερηπλωμένην
1394 5007 1653 5080 ἀπειρίαν
1686 5009 1879 5075 αὐτοῦ,

307 5102 407 5151 καὶ
447 5101 582 5167 πρδς
611 5097 827 5151 πάντων
867 5099 1065 5160 ἑνικῶς
1120 5099 1428 5170 μετέχεται,
1483 5100 1735 5172 καθάπερ
1791 5105 1885 5156 καὶ

307 5190 462 5262 φωνὴ
507 5192 606 5262 μία
637 5192 729 5244 καὶ
767 5192 801 5262 ἡ
850 5191 986 5263 αὑτὴ
1029 5193 1164 5262 πρὸς
1214 5192 1426 5244 πολλῶν
1470 5193 1648 5247 ἀκοῶν
1677 5194 1750 5258 ὡς
1786 5195 1886 5264 μία

307 5287 621 5359 μετέχεται.

915 5379 1025 5433 Τοῦ
1065 5379 1274 5434 αὑτοῦ.

381 5473 597 5543 Ὠσπερ
658 5473 708 5524 οἰ
767 5472 911 5541 ἅγιοι
961 5472 1241 5544 ἄνθρωποι
1287 5469 1432 5536 οἶκος
1472 5469 1722 5541 λέγονται
1786 5475 1881 5530 τοῦ

306 5565 476 5617 Θεοῦ·
540 5583 560 5616 ι
600 5565 825 5635 Οίκήσω
856 5565 986 5635 γὰρ,
1048 5585 1066 5616 ι
1129 5567 1316 5634 φησὶν,
1349 5584 1367 5616 ι
1405 5567 1462 5618 ὲν
1511 5568 1720 5634 αὐτοῖς,
1787 5569 1882 5623 καὶ

299 5660 778 5730 ἑμπεριπατῂσω·
811 5675 830 5708 ι
864 5643 1008 5709 οὕτω
1057 5657 1148 5709 καὶ
1201 5659 1229 5710 6
1266 5657 1395 5720 Θεὸς
1426 5653 1573 5724 οἶκός
1624 5661 1740 5714 ἐστι
1774 5662 1880 5718 τῶν

376 5825 393 5855 ¹
429 5823 470 5878 ΙΙ
503 5823 624 5879 Cor.
653 5839 729 5884 vl,
765 5821 850 5874 l7.
1063 5857 1076 5868 ο

630 5921 895 5980 ΡΑΤιιοι..
941 5917 1054 5976 Gn.
1085 5914 1312 5978 CXXX.

2007 1973 2312 2033 progressae
2355 1965 2504 2024 sunt,
2548 1973 2655 2012 una
2687 1959 2900 2014 ratione
2929 1960 3250 2030 coniunctas
3286 1961 3474 2019 habet.
3516 1964 3592 2017 Ac

2008 2055 2068 2110 in
2145 2054 2268 2124 ipso
2339 2049 2560 2119 quidem
2623 2061 2814 2120 centro
2875 2052 3095 2122 penitus
3155 2055 3586 2126 conjunguntur.

2004 2147 2202 2202 Parum
2240 2155 2422 2202 autem
2470 2144 2540 2198 ab
2583 2160 2647 2198 eo
2686 2145 2979 2212 distantes,
3024 2161 3217 2216 parum
3263 2155 3319 2203 et
3347 2148 3490 2202 inter
3531 2163 3592 2203 se

2003 2242 2226 2299 distant.
2257 2243 2423 2314 Magis
2459 2259 2587 2298 vero
2622 2241 2689 2296 ab
2721 2241 2812 2295 illo
2845 2238 3187 2304 recedentes,
3220 2239 3392 2310 magis
3423 2240 3589 2294 etiam

2002 2355 2031 2393 a
2063 2355 2122 2395 se
2147 2340 2382 2397 vicissim
2411 2337 2699 2395 recedunt.
2724 2333 2996 2387 Praeterea
3032 2331 3085 2385 in
3114 2338 3225 2386 tota
3252 2347 3434 2385 rerum
3464 2333 3588 2386 uni-

2002 2434 2274 2490 versitatis
2308 2447 2503 2490 natura
2543 2445 2734 2488 omnes
2767 2424 3058 2498 singularis
3107 2432 3314 2478 natura:
3348 2423 3590 2480 rationes

2000 2527 2161 2581 simul
2193 2527 2460 2583 devinctae
2489 2542 2639 2585 sunt.
2670 2526 2752 2580 Ad
2780 2525 2895 2580 haec
2927 2518 3317 2576 moderatrices
3347 2517 3593 2589 singulo-

2000 2635 2116 2675 rum
2141 2622 2306 2674 totius
2330 2625 2576 2693 corporis
2603 2621 2747 2676 vires
2771 2619 2828 2672 in
2848 2615 3030 2672 animo
3057 2613 3216 2670 unice
3236 2614 3588 2684 copulantur.

1999 2714 2362 2780 Quamobrem
2404 2715 2705 2768 absurdum
2737 2727 2850 2766 non
2884 2717 2989 2774 est,
3022 2715 3081 2761 ut
3110 2721 3208 2778 per
3237 2705 3499 2760 obscuras
3527 2718 3592 2757 ac

2001 2817 2192 2864 tenues
2230 2808 2495 2877 imagines
2528 2808 2594 2862 ad
2628 2807 2801 2874 ipsam
2837 2816 3021 2856 rerum
3077 2796 3322 2852 omnium
3367 2809 3588 2848 causam

1998 2899 2379 2966 ascendentes,
2413 2899 2586 2954 oculis
2619 2895 2823 2951 mundo
2856 2889 3274 2949 sublimioribus
3304 2885 3488 2941 omnia
3523 2885 3578 2939 in

1998 2971 2115 3063 ipsa
2168 3008 2350 3046 rerum
2402 3007 2564 3046 causa
2610 2987 2875 3060 singulari
2920 2984 3138 3040 vinculo
3185 2981 3478 3052 conjuncta
3528 2991 3589 3036 et

2005 3085 2251 3157 copulata
2283 3084 2744 3154 contemplemur.

2629 3173 2908 3244 Ejusdem.

2084 3273 2142 3327 δι
2177 3281 2361 3327 noster
2400 3270 2492 3324 hic
2524 3269 2626 3335 sol,
2657 3267 2907 3337 quamvis
2949 3281 3092 3321 unus
3135 3267 3233 3333 sit,
3267 3277 3324 3321 et
3363 3266 3580 3321 unicam

1998 3364 2173 3419 lucem
2209 3364 2442 3426 emittat,
2481 3372 2589 3415 tam
2635 3360 2834 3416 multas
2868 3368 3069 3425 tamen,
3094 3375 3157 3414 ac
3180 3358 3360 3413 varias
3403 3373 3584 3413 rerum

2000 3456 2285 3520 cssentias,
2342 3466 2395 3509 et
2443 3454 2733 3524 qualitates
2784 3453 2889 3507 vita
2934 3452 3124 3514 donat,
3177 3461 3232 3506 et
3279 3452 3474 3515 nutrit,
3531 3461 3584 3504 et

1999 3557 2181 3617 anget,
2211 3558 2265 3601 et
2294 3546 2506 3616 perlicit
2528 3556 2584 3599 et
2615 3552 2820 3609 tuetur,
2852 3552 2906 3598 et
2938 3542 3152 3605 dividit,
3176 3551 3230 3596 et
3260 3543 3496 3610 c0pnlat,
3531 3554 3586 3596 et

2000 3623 2168 3705 levet,
2216 3648 2271 3694 et
2319 3639 2600 3702 fecundat,
2653 3647 2708 3693 et
2757 3637 3030 3700 immutat,
3068 3645 3122 3690 et
3152 3635 3488 3700 corroborat,
3531 3646 3588 3689 et

1999 3732 2190 3804 gignit,
2238 3742 2294 3785 et
2347 3736 2531 3802 agitat,
2589 3740 2644 3783 et
2691 3744 2776 3784 res
2828 3742 3020 3782 omnes
3064 3741 3164 3798 pro
3214 3743 3315 3782 suo
3359 3741 3584 3796 qumque

1997 3828 2161 3882 modo
2213 3825 2372 3902 unius
2411 3834 2465 3880 et
2515 3822 2762 3896 ejusdem
2807 3821 2941 3878 solis
2980 3820 3277 3892 participes
3322 3829 3484 3882 sunt;
3531 3827 3587 3874 ιι

2001 3921 2202 3975 multas
2237 3903 2805 3974 communicationum
2841 3929 3037 3970 causas
3075 3927 3216 3966 unus
3253 3912 3366 3982 ipse
3403 3911 3480 3964 sol
3527 3912 3582 3964 in

1997 4013 2178 4082 seipse
2237 4011 2590 4082 singulariter
2638 4017 2766 4064 ante
2822 4007 3082 4077 possidet,
3132 4015 3298 4075 alqun
3345 4004 3582 4076 comple-

2001 4107 2168 4160 ctitur
2201 4123 2213 4158 :
2251 4104 2442 4158 multo
2469 4103 2643 4173 magis
2672 4104 2728 4156 in
2755 4101 2871 4170 ipsa
2903 4111 3018 4156 tum
3055 4098 3205 4163 solis,
3246 4106 3358 4151 tum
3400 4113 3581 4151 rerum

2000 4198 2246 4252 omnium
2279 4213 2444 4252 causa
2475 4211 2571 4266 per
2603 4209 2765 4249 unam
2804 4194 3100 4249 essentiam
3139 4193 3578 4263 praestantiorem

2000 4290 2446 4364 coniunctionem
2512 4289 2666 4358 prius
2715 4288 2896 4342 inesse
2954 4301 3136 4341 rerum
3195 4285 3576 4339 universarum

1999 4384 2324 4454 exemplaria
2387 4383 2797 4438 concedendum
2855 4387 2961 4436 est.
3023 4378 3366 4448 Exemplaria
3412 4393 3580 4456 nunc

2001 4477 2335 4546 appellamus
2380 4477 2622 4530 rationes
2671 4474 2790 4528 illas
2837 4481 2962 4528 ante
2994 4472 3049 4526 in
3090 4471 3201 4525 Deo
3234 4470 3580 4541 singulariter

1995 4568 2346 4625 exsistentcs,
2370 4576 2416 4620 cl
2457 4581 2640 4619 rerum
2677 4563 2981 4620 ellectrices
3011 4562 3394 4642 essential-um.
3431 4562 3578 4628 Quas

1994 4661 2215 4730 quidem
2280 4660 2519 4713 rationes
2573 4657 2770 4712 Paulus
2822 4665 2980 4711 vocat
3034 4655 3572 4732 prmdestiuationcs,

1995 4754 2317 4822 divitiasque
2369 4752 2698 4814 voluntates,
2754 4750 2956 4819 quibus
3000 4763 3092 4804 res
3139 4749 3492 4810 deﬁniuntur,
3522 4757 3578 4800 et

1997 4841 2150 4895 liunt.
2192 4842 2293 4896 Per
2338 4844 2438 4896 has
2482 4841 2685 4906 omnia,
2729 4857 2850 4912 qua)
2882 4849 3034 4908 sunt,
3087 4840 3157 4909 is,
3197 4840 3288 4908 qui
3334 4842 3572 4894 essentia

1994 4934 2340 5003 praestantior
2381 4944 2486 5000 est,
2525 4934 2834 5003 praelinivit,
2867 4934 2934 4989 ad
2968 4942 3257 5002 ortumque
3294 4931 3567 5002 produxit.

1991 5025 2336 5096 Quapropter
2365 5027 2635 5081 inﬁnitate
2665 5040 2763 5080 sua
2793 5036 3185 5096 superextensa
3206 5028 3388 5078 omnia
3420 5024 3570 5095 prius

1989 5119 2334 5186 singulariter
2370 5121 2550 5182 habet,
2575 5129 2629 5174 et
2667 5118 3100 5188 comprehendit,
3140 5124 3194 5172 et
3223 5117 3570 5188 singulariter
3606 5173 3608 5176 _

1991 5210 2244 5262 omnibus
2284 5210 2740 5273 communicatur,
2769 5207 3226 5279 quemadmodum
3253 5223 3361 5261 una
3403 5222 3504 5259 vox
3539 5223 3569 5259 a

1992 5302 2176 5356 multis
2204 5303 2425 5356 auribus
2466 5314 2522 5356 ut
2556 5318 2658 5355 una
2690 5301 3008 5372 percipitur.

2660 5390 2936 5461 Ejusdem.

2099 5481 2170 5537 Ut
2219 5482 2319 5537 viri
2377 5483 2505 5537 boni
2560 5483 2818 5536 dicuntur
2865 5482 3059 5536 domus
3101 5479 3194 5534 Dei
3228 5499 3271 5534 ιι
3301 5479 3568 5534 Ilabitabo

1992 5576 2161 5641 enim,
2189 5594 2207 5627 ›
2244 5575 2439 5644 inquit,
2483 5593 2499 5625 ι
2546 5574 2600 5627 in
2647 5574 2802 5644 ipsis,
2834 5580 2889 5627 et
2931 5572 3282 5626 inambulabo
3312 5573 3327 5603 ¹
3378 5589 3392 5624 ι
3427 5589 3446 5623 ι
3487 5572 3561 5625 ita

1989 5667 2259 5726 bonorum
2297 5671 2531 5725 virorum
2573 5650 2764 5722 domus
2809 5675 2892 5723 est
2942 5665 3106 5721 Deus.
3142 5683 3160 5717 ι
3198 5664 3328 5722 Esto
3359 5665 3512 5732 mihi,
3540 5683 3560 5718 ι

3213 5906 3251 5969 5

3599 5337 3615 5364 Ι
