4048 6566
467 398 571 462 139

1716 386 2100 449 EUTHYMII
2140 388 2502 449 ZIGABEXI

3644 395 3741 460 HO

462 510 643 581 inquit
680 508 869 568 David,
906 524 925 559 ι
976 507 1027 560 in
1076 506 1244 560 Deum
1278 515 1641 577 protectorem
1673 520 1879 565 meum.
1911 513 1965 559 et
1997 504 2051 558 in

2169 503 2330 572 Ιιγίων
2388 504 2713 577 ἀνθρώπων,
2779 527 2796 559 ι
2838 508 3001 563 Γενοῦ
3065 525 3156 580 μοι
3240 508 3369 580 γὰρ,
3423 530 3440 563 ι
3496 514 3664 581 φησὶν
3714 518 3744 572 ὸ

453 606 683 661 domum
714 598 906 670 refugii
943 599 1145 662 mei,ut
1165 597 1373 654 salvum
1405 612 1491 652 me
1521 598 1690 652 facias
1716 598 1759 651 '.
1803 614 1822 648 ι
1854 596 1918 650 Et
1943 597 2056 666 ipse

458 698 720 753 Dominus
738 693 838 746 ait:
871 693 1024 749 «Vos
1078 692 1131 746 in
1187 706 1295 757 me,
1343 684 1397 744 οἰ
1426 704 1526 759 ego
1569 689 1625 743 in
1675 688 1831 743 vobis
1854 690 1896 744 ¹.
1942 707 1960 740 ι
1994 687 2057 743 Et

458 791 909 863 quemadmodum
946 786 1205 843 Deussic
1252 792 1336 839 est
1379 783 1432 837 in
1461 781 1614 852 ipsis,
1634 792 1692 837 ut
1724 796 1833 837 non
1886 780 2059 835 inelu-

452 889 616 941 datur
665 899 766 938 nec
801 881 1315 946 circumscribatur,
1354 878 1434 933 sic
1482 887 1537 934 et
1571 877 1674 949 ipsi
1713 878 1766 931 in
1815 892 1881 932 eo
1929 880 2058 930 sunt

456 980 573 1034 sine
615 976 724 1030 ulla
773 990 898 1030 cum
929 975 1049 1045 ipso
1084 972 1341 1029 mistione
1374 987 1473 1045 per
1500 968 1818 1037 essentiam,
1854 976 1911 1025 et
1938 966 2058 1025 sine

454 1071 799 1125 confusione.

1102 1158 1391 1229 Ejusdem.

534 1256 725 1309 Divina
745 1254 837 1308 Dei
859 1255 1169 1324 qualitatem
1190 1254 1660 1326 quantitatemque
1681 1266 1787 1306 non
1808 1245 2059 1304 habentis

457 1340 689 1405 latitudo
718 1350 958 1420 putanda
989 1358 1072 1403 est
1091 1349 1267 1419 ampla
1296 1356 1351 1404 et
1378 1347 1597 1419 provida
1620 1345 1761 1401 illius
1790 1344 1857 1400 ad
1876 1342 2059 1398 omnia

456 1443 788 1514 progressio.
826 1440 1144 1509 Longitudo
1169 1451 1353 1496 autem
1395 1440 1515 1510 ejus
1532 1437 1808 1510 potentia,
1825 1452 1947 1507 qua:
1970 1452 2062 1492 su-

459 1550 559 1604 pra
582 1533 910 1588 ostenditur.
930 1533 1276 1589 Prol‘unditas
1298 1549 1426 1590 vero
1447 1547 1644 1587 arcana
1659 1531 1804 1585 illius
1824 1528 2065 1586 occulta-

442 1627 536 1682 .tio
552 1636 774 1698 prepter
810 1642 975 1697 quam
1018 1626 1242 1697 percipi,
1287 1626 1649 1697 c0gnoscique
1681 1640 1789 1679 non
1828 1632 2031 1694 potest.

1121 1716 1397 1788 Ejusdem.

535 1811 674 1866 Deus
708 1810 761 1865 in
795 1811 964 1867 sacris
996 1827 1322 1868 arcanorum
1361 1809 1633 1865 visionum
1676 1810 1912 1865 oraculis
1939 1819 2054 1864 tum

462 1921 660 1969 Canus,
689 1909 817 1973 {tum
846 1908 1065 1977 juvenis
1102 1905 1340 1976 tingitur.
1373 1902 1598 1970 Canus,‘
1627 1912 1686 1957 ut
1713 1918 1836 1959 esse
1873 1918 2057 1957 rerum

452 1998 788 2069 principium
817 1998 1151 2070 intelligatur
1179 2015 1193 2052 :
1218 1996 1435 2066 juvenis
1457 2005 1660 2061 autem,
1691 2007 1750 2050 ut
1781 2012 2058 2066 nunquam

461 2103 771 2154 senescere,
803 2099 857 2143 et
901 2090 1063 2143 ﬁnem
1097 2088 1299 2144 habere
1329 2086 1682 2158 signiﬁcetur.
1712 2086 1805 2142 Vel
1842 2087 2059 2156 juvenis

460 2179 628 2233 etiam
660 2180 729 2235 ob
766 2181 1035 2236 rationem
1062 2179 1485 2246 arithmeticam,
1508 2189 1564 2233 ut
1594 2180 1837 2234 divinum
1870 2196 2052 2235 rerum

454 2272 683 2327 initium
718 2274 1058 2329 ostendatur.
1089 2273 1283 2329 Unitas
1323 2271 1491 2337 enim,
1542 2279 1596 2326 et
1638 2272 1728 2342 qui
1762 2284 1891 2328 sunt
1932 2273 2057 2327 uni-

458 2363 562 2417 tati
594 2365 824 2434 proximi
861 2365 1075 2420 numeri
1105 2365 1315 2436 priores
1344 2373 1472 2420 sunt
1511 2364 1635 2431 illis,
1681 2364 1770 2434 qui
1822 2365 1891 2419 ab
1933 2365 2056 2419 uni-

467 2463 592 2511 tate
641 2457 854 2526 longius
904 2466 1271 2513 recesserunt.

1116 2544 1394 2616 Ejusdem.

552 2638 745 2707 Neque
806 2654 897 2693 res
965 2647 1304 2709 cognoscunt
1367 2636 1561 2701 Deum,
1612 2646 1671 2692 ut
1724 2636 1867 2692 Deus
1929 2646 2059 2693 est:

463 2746 570 2786 nec
639 2730 779 2787 Deus
814 2732 1096 2803 cognoscit
1128 2746 1236 2797 res,
1273 2739 1334 2785 ut
1377 2731 1506 2800 ipsa:
1539 2726 1690 2789 sunt.
1740 2730 1849 2786 Res
1875 2739 2059 2786 autem

464 2840 576 2878 non
636 2834 973 2896 cognoscunt
1024 2824 1213 2889 Deum,
1276 2832 1334 2879 ut
1385 2824 1527 2878 Deus
1569 2834 1673 2890 est,
1715 2823 1842 2893 quia
1872 2824 2047 2890 ,nullze

476 2933 565 2971 res
592 2917 645 2972 id
673 2918 887 2987 assequi
940 2926 1191 2987 possunt,
1225 2926 1286 2971 ut
1314 2916 1482 2972 Deum
1528 2926 1879 2988 cognoscant,
1902 2924 2062 2972 utest

469 3008 634 3075 Deus,
659 3009 764 3064 hoc
785 3017 887 3073 est,
906 3010 1178 3078 quomodo
1196 3017 1391 3062 natura
1414 3023 1533 3062 sese
1560 3007 1896 3065 babeat.ﬂoe
1912 3008 2059 3063 enim

466 3104 637 3156 modo
667 3103 815 3158 solus
860 3103 974 3171 ipse
1014 3116 1073 3156 se
1118 3101 1291 3155 novit.
1319 3100 1459 3155 Deus
1485 3114 1616 3155 vero
1643 3114 1753 3154 non
1780 3102 2058 3172 cognoscit

2159 597 2346 662 Δαὸὶδ,
2392 618 2409 648 ι
2452 600 2532 664 είς
2581 600 2715 653 Θεὸν
2748 600 3186 673 ὐπερασπιστὴν,
3224 604 3321 657 καὶ
3352 604 3433 667 είς
3462 602 3614 659 οἷκον
3645 624 3743 660 κσο

2157 688 2407 761 ταφυγῆς
2453 691 2544 743 τοῦ
2579 691 2753 745 σῶσαί
2805 710 2894 761 με.
2937 712 2956 745 ι
3014 694 3121 747 Καὶ
3149 694 3308 758 αὐτὸς
3353 694 3409 746 δὲ
3461 696 3489 747 ό
3540 696 3745 766 Κύριος

2159 781 2382 851 εἴρηκεν
2424 799 2438 815 ·
2478 800 2497 835 ι
2550 782 2741 854 Ὑμεῖς
2766 787 2825 839 ἐν
2874 785 3020 857 ἐμοὶ,
3050 786 3205 854 κάγὼ
3249 788 3309 839 ἐν
3368 787 3515 856 ὑμῖν.
3558 806 3576 839 ι
3634 788 3747 840 Kal.

2160 874 2414 947 καθάπερ
2445 876 2473 930 ὁ
2498 875 2630 941 Θεὸς
2655 878 2901 948 ἀσχέτως
2930 880 3080 933 ἐστὶν
3106 881 3164 932 ἐν
3194 881 3402 945 αὐτοῖς,
3428 880 3522 932 καὶ
3548 881 3747 949 ἀπερι-

2160 968 2442 1037 γράπτως,
2478 968 2624 1023 οὓτω
2675 973 2771 1025 καὶ
2818 973 2975 1025 αὐτοὶ
3024 974 3082 1026 ὲν
3121 971 3272 1043 αὐτῷ
3310 973 3529 1044 ἀμιγῶς
3571 973 3743 1026 αὐτοῦ

2162 1061 2283 1113 κατ’
2314 1060 2524 1129 οὐσίαν,
2557 1063 2651 1118 καὶ
2685 1064 3028 1135 ἀσυγχύτως.

2775 1157 2886 1212 Τοῦ
2925 1158 3131 1212 αὐτοῦ.

2166 1256 2181 1295 ἵ
2235 1250 2344 1306 Τοῦ
2382 1251 2578 1306 ἀποίου
2613 1252 2708 1306 καὶ
2755 1252 2965 1307 ἀπόσου
3016 1252 3150 1305 Θεοῦ
3201 1251 3404 1316 πλάτος
3459 1252 3559 1323 μὲν
3600 1253 3751 1306 θεῖον

2163 1345 2386 1418 νοητέον
2426 1346 2527 1418 τὴν
2555 1346 2774 1419 εὐρεῖαν
2815 1347 2909 1399 ἐπὶ
2945 1346 3125 1402 πάντα
3174 1347 3542 1418 προνοητικὴν
3582 1348 3753 1416 πρόο-

2163 1438 2255 1492 δον
2280 1480 2295 1504 ,
2336 1438 2513 1508 μῆκος
2537 1438 2593 1491 δὲ
2634 1438 2734 1510 τὴν
2776 1438 3310 1511 ὐπερεκτεινομένην
3340 1440 3482 1510 ὑπὲρ
3529 1440 3751 1493 ἅπαντα

2163 1531 2400 1604 δύναμιν
2424 1573 2440 1599 ,
2490 1530 2655 1603 βάθος
2692 1532 2749 1587 δὲ
2801 1532 2901 1602 τὴν
2936 1535 3071 1587 πᾶσι
3106 1535 3219 1598 τοῖς
3248 1529 3400 1586 οὖσιν
3432 1532 3752 1605 ἀθεώρητον

2166 1626 2512 1697 κρυφιότητα
2541 1625 2637 1681 καὶ
2668 1625 2971 1695 ἀγνωσίαν.

2775 1718 2887 1774 Τοῦ
2917 1721 3128 1775 αὐτοῦ.

2254 1809 2313 1866 'O
2351 1809 2483 1875 Θεὸς
2530 1812 2588 1865 ἐν
2638 1814 2761 1876 ταῖς
2810 1813 2982 1884 ἱεραῖς
3014 1808 3127 1866 τῶν
3175 1809 3456 1882 μυστικῶν
3502 1793 3751 1881 ὸρἀσεων

2169 1904 2516 1974 θεοφανείαις
2571 1903 2864 1959 πλάττεται
2914 1904 3009 1957 καὶ
3056 1904 3264 1971 πολιὸς,
3317 1905 3413 1959 καὶ
3467 1903 3607 1969 νέος,
3655 1901 3752 1956 τοῦ

2162 1995 2353 2049 πολιοῦ
2389 1996 2490 2067 μὲν
2528 1995 2619 2049 τὸν
2649 1997 2903 2068 ἀρχαῖον,
2932 1994 3026 2049 τοῦ
3062 1995 3185 2049 νέου
3220 1994 3277 2047 δὲ
3303 1994 3395 2047 τὸν
3420 1995 3616 2064 ἀγήρω
3652 2009 3753 2059 cq-

2169 2086 2481 2160 μαίνοντος,
2519 2087 2553 2159 ἢ
2590 2089 2687 2142 καὶ
2717 2087 2810 2141 τοῦ
2842 2088 2964 2141 νέου
3002 2092 3145 2141 κατὰ
3174 2086 3334 2154 λόγον
3373 2084 3751 2156 ἀριθμητικὸν

2162 2179 2260 2251 τὴν
2308 2181 2650 2251 ἀρχαιότητα
2702 2182 2803 2251 τὴν
2852 2181 3006 2233 θείαν
3064 2177 3478 2251 ὐποδηλούντος.
3520 2177 3587 2229 'll
3640 2175 3753 2243 γὰρ

2167 2271 2334 2341 μονὰς
2366 2272 2462 2324 καὶ
2506 2273 2574 2324 τὰ
2625 2270 2754 2340 περὶ
2797 2268 3001 2341 μονάδα
3037 2265 3470 2339 ἀρχηγικὼτερά
3501 2265 3608 2316 είσι
3637 2262 3753 2315 τῶν

2164 2364 2259 2417 ἐπὶ
2289 2360 2423 2418 πολὺ
2456 2361 2904 2434 προεληλυθότων
2935 2359 3213 2431 ἀριθμῶν.

2772 2544 2884 2598 Τοῦ
2918 2540 3127 2597 αὐτοῦ.

2236 2638 2364 2691 Ὅτι
2394 2635 2519 2690 οὐτε
2556 2635 2625 2689 τὰ
2668 2635 2801 2690 ὄντα
2845 2633 3180 2704 γινώσκουσι
3211 2633 3304 2687 τὸν
3347 2632 3484 2685 Θεὸν
3611 2629 3748 2692 Θεὸς

2164 2729 2333 2795 ἐστιν,
2362 2727 2486 2782 οὔτε
2516 2728 2543 2780 ό
2569 2727 2703 2790 Θεὸς
2734 2727 2994 2796 γινώσκει
3019 2725 3088 2780 τά
3120 2725 3249 2779 δντα
3334 2723 3464 2777 ὄντα
3501 2723 3627 2776 είσί.
3662 2721 3747 2772 Τά

2166 2819 2266 2889 μὲν
2310 2813 2405 2872 οὖν
2444 2817 2574 2869 ὅντα
2615 2817 2675 2870 οὐ
2710 2815 2977 2885 γινώσκει
3026 2815 3118 2868 τὸν
3158 2814 3295 2868 Θεὸν
3425 2813 3557 2876 Θεός
3608 2814 3748 2873 ἐστι,

2162 2910 2251 2964 διὰ
2274 2909 2337 2965 τὸ
2368 2905 2513 2965 εἶναι
2545 2912 2659 2974 τοῖς
2688 2905 2811 2964 οὖσι
2840 2911 3008 2963 πᾶσιν
3036 2909 3427 2978 ἀκατάληπτον
3452 2905 3515 2958 τὸ
3548 2904 3748 2958 ειδέναι

2162 3003 2258 3058 τὸν
2313 3003 2446 3056 Θεὸν
2503 3002 2639 3056 καθὸ
2687 3003 2820 3067 Θεός
2871 3003 3011 3068 ἐστι,
3068 3001 3318 3055 τουτέστι
3378 2997 3563 3061 καθὼς
3622 2996 3737 3066 εχει

2166 3098 2384 3166 φύσεως
2406 3113 2421 3128 ο
2454 3097 2616 3167 μόνος
2655 3097 2765 3169 γάρ
2795 3096 2961 3159 αὐτὸς
2992 3091 3131 3149 οἶδεν
3157 3093 3333 3156 οὕτως
3370 3092 3566 3147 ἑαυτόν
3588 3107 3602 3121 ·
3625 3094 3652 3144 ό
3690 3090 3750 3144 δὲ

482 3210 592 3257 res,
647 3204 705 3247 ut
732 3194 863 3264 ipsae
892 3204 1039 3259 sunt,
1077 3193 1335 3264 quoniam
1381 3206 1475 3249 eas
1509 3191 1719 3248 ratione
1760 3196 2053 3249 essentiam

2169 3190 2296 3254 Θεὸς
2326 3190 2389 3243 οὐ
2418 3188 2682 3259 γινώσκει
2716 3186 2785 3243 τὰ
2806 3174 2935 3242 ὄντα
2966 3182 3152 3263 ᾖὸντα
3182 3185 3313 3252 εἰσὶ,
3340 3182 3427 3237 διὰ
3473 3182 3536 3235 τὸ
3580 3181 3750 3250 ὑπερ-

480 3294 779 3356 snperante
810 3285 1054 3356 cognitas
1104 3284 1287 3340 habet.

1123 3378 1395 3445 Eiusdem.

550 3470 693 3525 Deus
723 3469 940 3540 quidem
972 3470 1133 3526 rebus
1156 3473 1410 3529 omnibus
1436 3474 1589 3531 adest
1610 3494 1623 3531 :
1645 3489 1821 3546 neque
1842 3473 1986 3530 enim
2008 3472 2064 3529 in

472 3564 605 3619 ioco
631 3574 738 3628 est,
775 3574 832 3619 ut
874 3564 1049 3634 aliqua
1078 3564 1219 3620 absit
1250 3607 1265 3632 ,
1302 3568 1396 3623 sed
1435 3569 1616 3624 omnia
1658 3569 2063 3639 complectitur.

476 3658 612 3726 Ipsae
631 3666 815 3713 autem
841 3673 928 3713 res
952 3672 1063 3711 non
1086 3673 1276 3714 omnes
1300 3661 1501 3716 adsunt
1526 3663 1656 3727 Deo,
1681 3663 1774 3718 sed
1795 3662 1901 3717 illae
1922 3662 2065 3715 dun-

476 3760 643 3816 taxat,
666 3768 787 3822 qure
816 3753 997 3808 divina
1026 3763 1153 3810 sunt
1177 3754 1586 3825 propinquitate
1605 3756 1801 3828 dignae.
1834 3754 1944 3810 Nos
1969 3768 2068 3808 au-

470 3852 586 3897 tem
619 3852 748 3898 tunc
778 3844 844 3899 ad
870 3844 1018 3898 illum
1052 3845 1576 3916 appropinquamus,
1605 3861 1730 3902 cum
1752 3846 2069 3902 invocamus

468 3953 599 3991 eum
632 3938 775 3990 votis
817 3937 1183 4007 precibusque
1210 3937 1594 4005 sanctissimis,
1626 3946 1683 3992 et
1701 3938 1900 3994 animis
1921 3937 2071 4007 puris

472 4043 543 4083 ac
570 4028 793 4082 minime
820 4030 1214 4099 coinquinatis,
1240 4029 1658 4099 praebemusque
1682 4044 1786 4085 nos
1814 4038 1989 4099 aptos,
2017 4038 2074 4085 et

477 4121 722 4184 idoneos,
754 4120 844 4190 qui
887 4120 954 4175 ad
1001 4121 1181 4191 ipsum
1224 4122 1569 4177 accedamus.
1602 4122 1679 4177 Ac
1708 4122 2074 4192 quemadmo-

476 4214 628 4278 dum,
662 4214 707 4267 si
728 4222 922 4268 catena
946 4214 1134 4270 multis
1158 4224 1409 4270 contexta
1431 4213 1752 4282 luminibus,
1775 4223 1831 4270 et
1861 4228 1892 4268 e
1920 4229 2074 4268 sum-

479 4320 572 4361 mo
618 4320 881 4375 suspensa
909 4306 1049 4361 caelo
1081 4307 1190 4362 huc
1237 4321 1410 4377 usque
1436 4307 1736 4378 perveniat.
1764 4320 1865 4362 nos
1893 4316 2074 4360 autem

480 4397 707 4451 alternis
736 4412 856 4452 eam
886 4398 1142 4453 manibus
1165 4398 1643 4468 apprehendentes
1666 4398 1895 4453 ulterius
1922 4411 2071 4452 sem-

484 4503 583 4558 per
615 4490 921 4555 tendamus,
943 4489 1117 4559 ipsam
1147 4488 1365 4560 quidem
1391 4487 1677 4543 detrahere
1699 4486 1856 4542 nobis
1886 4486 2074 4542 videa-

483 4598 629 4649 mur,
680 4598 867 4639 revera
910 4591 1233 4638 autemnon
1281 4596 1403 4637 eam
1450 4595 1614 4652 supra
1645 4580 1895 4651 infraque
1935 4594 2075 4651 prae-

488 4685 697 4730 sentem
731 4674 1088 4742 deduce-mus,
1138 4674 1235 4730 sed
1276 4689 1376 4730 nos
1416 4674 1599 4744 potius
1618 4673 1686 4728 ad
1726 4673 2075 4728 sublimiores

485 4768 661 4837 ipsius
704 4768 1024 4838 splendores
1052 4767 1348 4834 toilemur;
1380 4776 1476 4821 aut
1510 4766 1558 4821 si
1590 4780 1890 4821 conscensa
1924 4764 2075 4831 navi,

486 4859 649 4915 {uncs
682 4875 747 4913 ex
787 4860 969 4929 aliquo
993 4872 1123 4913 saxo
1153 4858 1221 4912 ad
1249 4872 1351 4912 nos
1380 4864 1685 4926 protensos,
1710 4863 1767 4909 et
1796 4853 1950 4924 quasi
1980 4854 2075 4909 de-

489 4950 601 5006 dita
626 4964 793 5020 opera
823 4953 901 5006 sic
924 4949 1085 5006 nobis
1108 4948 1382 5004 exhibitos
1408 4954 1467 5001 ut
1499 4961 1593 5002 eos
1626 4959 1691 5001 ex
1720 4945 1889 5000 altera
1922 4954 2076 5016 parte

488 5044 980 5115 prehenderemus,
1020 5042 1384 5111 corripientes
1432 5047 1621 5094 contra
1658 5040 1920 5104 nitamur,
1963 5054 2076 5093 non

490 5150 685 5190 saxum
719 5137 784 5192 ad
812 5152 934 5203 nos,
977 5135 1075 5191 sed
1116 5150 1216 5190 uos
1238 5130 1419 5198 simul,
1465 5132 1719 5187 etnavim
1758 5132 1827 5186 ad
1869 5146 2059 5185 saxum

490 5241 908 5297 promovemus:
933 5228 1015 5283 sic
1031 5227 1192 5283 etiam
1210 5232 1498 5297 precantes
1514 5232 1569 5280 et
1583 5223 1952 5287 obsecrantes,
1966 5238 2076 5278 non

423 5303 434 5326 ’
495 5319 665 5375 Deum
691 5321 757 5375 ad
788 5337 910 5389 nos,
940 5321 1034 5391 qui
1071 5319 1273 5390 ubique
1304 5326 1501 5388 praesto
1527 5326 1632 5381 est,
1664 5316 1950 5381 trahimus,
1982 5315 2077 5371 sed

492 5427 595 5468 nos
624 5414 692 5468 ad
736 5415 914 5485 ipsum
958 5412 1141 5467 divina
1179 5410 1701 5466 commemoratione
1740 5410 2076 5466 obsecratio-

495 5519 676 5576 neque
708 5516 1120 5575 promovemus,
1146 5502 1310 5572 eique
1347 5514 1449 5557 nos
1477 5500 1953 5556 commendamus.

1153 5592 1429 5659 Ejusdem.

566 5690 726 5762 Apud
752 5706 851 5746 nos
880 5689 1101 5761 quidem
1129 5689 1368 5746 ebrietas
1399 5688 1572 5744 tendit
1596 5688 1664 5744 ad
1700 5688 1996 5755 deteriora,
2021 5698 2077 5744 et

497 5792 580 5842 est
598 5784 887 5839 immodica
913 5783 1025 5839 vini
1046 5781 1293 5854 repletio,
1315 5797 1419 5852 qua
1443 5796 1597 5839 mens
1614 5780 1732 5839 loco
1748 5782 2073 5839 dimovetur.

572 5904 588 5935 ι
624 5898 768 5961 Psal.
799 5915 925 5971 xxx,
959 5900 1017 5958 ὅ.
1097 5901 1117 5933 ³
1146 5897 1307 5957 Joan.
1338 5911 1428 5966 xv,
1457 5898 1510 5954 4.

2101 4549 2150 4608 ι)

2164 3285 2364 3347 ουσίως
2399 3282 2541 3337 αὐτά
2574 3298 2889 3352 γινωσκειν.

2789 3376 2903 3432 Τοῦ
2935 3374 3147 3431 αὑτοῦ.

2246 3473 2308 3528 Ὀ
2352 3472 2451 3543 μὲν
2500 3470 2633 3535 Θεὸς
2690 3471 2825 3525 πᾶσι
2865 3470 3161 3540 πάρεστιν⁸
3217 3466 3277 3522 οὐ
3329 3466 3442 3538 γὰρ
3495 3463 3554 3519 ἐν
3600 3463 3752 3535 τόπῳ

2172 3566 2349 3632 ἐστὶν,
2376 3566 2463 3620 ἵνα
2494 3565 2589 3620 καὶ
2621 3560 2735 3636 ἀπῇ
2769 3580 2934 3629 τινος,
2972 3561 3106 3635 ἀλλά
3129 3560 3351 3615 πάντων
3392 3558 3514 3612 ἐστὶ
3559 3573 3749 3628 περιε-

2168 3660 2354 3724 κτικός
2381 3674 2396 3689 ⁸
2426 3658 2485 3712 οὐ
2536 3655 2712 3710 πάντα
2766 3654 2823 3708 δὲ
2875 3653 3026 3723 αὐτῷ
3055 3653 3344 3725 πάρεστιν,
3372 3639 3487 3705 ἀλλ’
3517 3653 3617 3704 ὅσα
3648 3651 3747 3720 τῆς

2175 3752 2330 3818 θείας
2379 3750 2680 3821 ἐγγύτητός
2730 3750 2868 3802 εἰσιν
2910 3747 3059 3812 ἀξια.
3113 3744 3311 3817 Ἦμείς
3342 3745 3399 3800 δὲ
3450 3746 3569 3798 τότε
3598 3742 3750 3815 αὐτῷ

2171 3846 2481 3920 πάρεσμεν,
2514 3844 2604 3898 ὅτε
2634 3841 2821 3897 τοῦτον
2861 3837 3277 3910 ὲπικαλούμεθα
3312 3838 3612 3909 πανάγνοις
3654 3839 3755 3910 μὶν

2172 3940 2385 4011 εὐχαῖς,
2419 3934 2805 4008 ἀνεπιθολὼτῳ
2833 3935 2891 3989 δὲ
2923 3934 3021 4007 νῷ,
3055 3935 3153 3988 καὶ
3188 3934 3257 4005 τῇ
3279 3936 3379 4004 τῆς
3420 3933 3559 4005 πρὸς
3591 3931 3759 3988 αὐτὸν

2172 4035 2480 4106 ἐγγύτητος
2525 4028 2956 4103 ἐπιτηδειότητι.
2984 4027 3201 4098 Ὠσπερ
3228 4025 3287 4079 δὲ
3342 4026 3391 4078 εί
3430 4023 3757 4095 πολυφὼτου

2180 4129 2372 4198 σειρᾶς
2400 4126 2464 4179 ἑκ
2497 4122 2601 4194 τῆς
2647 4119 2903 4194 οὐρανίου
2937 4117 3238 4190 ἀκρότητας
3277 4116 3625 4189 ἠρτημένης,
3664 4117 3757 4170 καὶ

2174 4219 2255 4282 εἰς
2287 4217 2448 4289 δεῦρο
2487 4212 2863 4285 καθηκούσης,
2894 4210 3057 4282 ἡμεῖς
3092 4210 3180 4265 ἀεὶ
3205 4208 3378 4278 αὐτῆς
3408 4207 3500 4261 ἐπὶ
3528 4206 3592 4260 τὸ
3641 4207 3755 4260 ἄνω

2175 4313 2365 4386 χερσὶν
2393 4308 2712 4379 ἀμοιϐαίαις
2734 4304 3095 4378 δραττόμενοι
3126 4301 3416 4357 καθέλκειν
3446 4301 3549 4370 μὲν
3578 4300 3751 4372 αὐτὴν

2178 4406 2496 4476 ἐδοκοῦμεν,
2530 4404 2725 4476 τῳόντι
2760 4402 2817 4455 δὲ
2853 4400 2914 4454 οὐ
2948 4402 3263 4469 κατήγομεν
3299 4396 3517 4467 ἐκείνην
3556 4396 3668 4449 ἄνω
3697 4411 3758 4447 τε

2180 4502 2273 4555 καὶ
2303 4500 2457 4553 κάτω
2497 4495 2805 4568 παροῦσαν,
2859 4492 2974 4552 ἀλλ’
2995 4484 3150 4547 αὐτοὶ
3199 4488 3402 4561 μᾶλλον
3439 4486 3759 4559 ἀνηγόμεθα

2178 4592 2316 4663 πρὸς
2352 4589 2450 4654 τάς
2489 4585 2829 4658 ὑψηλοτέρας
2858 4581 3231 4655 μαρμαρυγὰς
3255 4581 3463 4651 αὐτῆςο
3498 4580 3531 4652 ἢ
3570 4580 3759 4650 ὥσπερ

2178 4687 2258 4749 είς
2288 4683 2422 4737 ναῦν
2447 4680 2847 4752 ὲμϐεόηκότες,
2870 4681 2966 4732 καὶ
2998 4676 3353 4747 ἀντεχόμενοι
3381 4675 3491 4729 τῶν
3520 4677 3582 4727 ἐκ
3612 4691 3760 4737 τινος

2179 4777 2389 4847 πέτρας
2431 4776 2510 4838 εἰς
2541 4774 2689 4844 ἡμᾶς
2716 4769 3114 4841 ἐκτεινομινων
3146 4766 3493 4837 πεισμάτων,
3523 4766 3618 4820 καὶ
3646 4757 3760 4818 οἷον

2180 4868 2312 4939 ἡμῖν
2347 4868 2425 4927 εἰς
2455 4863 2743 4935 ἀντίληψιν
2787 4862 3171 4931 ὲκδιδομένων,
3208 4860 3310 4913 οὐκ
3347 4857 3434 4929 ἐφ’
3470 4858 3622 4928 ἡμᾶς
3654 4856 3755 4928 τὴν

2179 4959 2412 5029 πέτραν,
2453 4956 2569 5010 ἀλλ’
2619 4956 2771 5028 ἡμᾶς
2825 4954 3024 5018 αὐτοὺς
3065 4953 3160 5007 καὶ
3192 4951 3291 5024 τὴν
3330 4950 3462 5005 ναῦν
3506 4950 3599 5002 ἐπὶ
3658 4949 3757 5020 τὴν

2179 5050 2391 5121 πέτραν
2430 5048 2818 5120 προσήγομεν·
2870 5045 3045 5111 οὓτως
3085 5045 3197 5116 ἄρα
3242 5046 3335 5097 καὶ
3368 5044 3655 5114 εὐχόμενοι
3694 5042 3758 5095 οὐ

2177 5142 2271 5196 τὸν
2306 5142 2438 5196 Θεὸν
2461 5141 2547 5210 ἐφ’
2579 5141 2725 5210 ἡμᾶς
2763 5139 3015 5205 ἕλκομεν,
3042 5136 3133 5191 τὸν
3163 5134 3453 5205 ἅπανταχῆ
3490 5132 3757 5203 παρόντα,

2180 5235 2296 5292 ἀλλ’
2328 5235 2477 5304 ἡμᾶς
2501 5232 2701 5295 αὐτοὺς
2740 5230 2880 5303 πρὸς
2907 5227 3072 5284 αὐτὸν
3095 5227 3184 5282 διὰ
3207 5226 3306 5297 τῆς
3330 5225 3481 5287 θείας
3511 5226 3761 5293 μνήμης.

2181 5326 2275 5381 καὶ
2329 5323 2672 5395 ἐπικλήσεως
2702 5321 2978 5394 ἀνάγομεν
3009 5338 3069 5375 τε
3109 5319 3205 5376 καὶ
3243 5316 3649 5389 ἐγχειρίζομεν.

2780 5586 2895 5642 Τοῦ
2945 5589 3150 5643 αὑτοῦ.

2262 5681 2382 5751 Ἐφ’
2409 5681 2567 5752 ἡμῶν
2608 5680 2705 5751 μὲν
2736 5682 2768 5750 ἡ
2803 5680 2945 5751 μέθη
2996 5683 3057 5735 τὸ
3111 5684 3294 5753 χεῖρον
3326 5675 3759 5750 ὑπερπλήρωσίς

2180 5779 2328 5833 ἐστιν
2366 5774 2535 5844 οἴνου,
2572 5776 2669 5828 καὶ
2709 5774 2975 5847 ἀμετρία,
3024 5777 3121 5831 καὶ
3159 5774 3419 5841 ἔκστασις
3472 5773 3564 5829 νοῦ
3587 5788 3602 5804 ·
3656 5768 3760 5825 ἐπὶ
