4048 6574
302 416 331 481 1
342 417 409 479 »ίῦ

928 527 1035 582 Τοῦ
1066 527 1272 582 αὐτοῦ.

372 623 436 674 Oi
470 620 567 691 μὲν
608 620 869 692 Ἕλληνες
903 621 960 687 ἐξ
992 621 1165 674 αῖδίου
1206 621 1462 690 λέγοντες
1510 621 1879 692 συνυπάρχειν

295 714 376 784 τῷ
412 712 533 783 Θεῷ
583 713 683 784 τὴν
740 712 849 769 τῶν
901 714 1068 767 ὄντων
1109 713 1321 777 οὐσίαν,
1378 714 1479 777 τὰς
1530 716 1659 783 περί¹
1711 714 1881 783 αὐτὴν

304 807 605 877 ποιότητας
668 806 899 877 ὓστερον
954 805 1012 872 ἐξ
1068 804 1236 860 αὐτοῦ
1293 806 1590 873 λαϐοῦσαν,
1660 808 1726 875 τῇ
1789 808 1884 876 μὲν

297 899 466 969 οὐσία
496 899 652 952 οὐδὲν
689 900 938 967 λέγουσιν
975 899 1220 953 ἐναντίον
1264 894 1429 965 εἶναι,
1471 900 1530 951 ὲν
1580 899 1702 961 ταῖς
1728 898 1885 951 ποιό-

301 1009 435 1059 τησι
456 992 512 1045 δὲ
543 993 732 1060 μόναις
755 986 894 1044 εῐναι
915 990 1014 1062 τὴν
1042 989 1357 1045 ἐναντίωσιν
1377 1005 1392 1020 '
1424 992 1586 1061 ἡμεῖς
1631 990 1689 1043 δὲ
1723 989 1885 1060 μόνον

296 1085 402 1155 τὴν
431 1084 586 1138 Θείαν
622 1085 815 1139 οὐσίαν
846 1085 1013 1155 μηδὲν
1056 1084 1203 1154 ἔχειν
1234 1083 1482 1137 ἐναντίον
1520 1081 1882 1153 δογματίζον-

295 1193 414 1242 τες,
454 1175 530 1238 ῶς
562 1176 732 1246 μόνην
770 1176 971 1247 κυρίως
1025 1176 1256 1245 ἄπειρον
1292 1178 1358 1246 τῇ
1387 1173 1495 1228 τῶν
1528 1174 1698 1227 ὄντων
1726 1174 1884 1244 οὐσίᾳ

298 1263 550 1317 ἐναντίων
582 1259 721 1315 είναι
750 1262 812 1316 τὸ
836 1262 911 1333 μὴ
934 1262 994 1317 ὃν
1020 1262 1279 1331 λέγομεν,
1314 1262 1438 1317 ἐπεὶ
1469 1263 1563 1316 καὶ
1587 1264 1650 1315 ὲκ
1682 1260 1775 1316 τοῦ
1811 1261 1885 1331 μὴ

294 1355 456 1419 όντος
487 1355 661 1426 αὐτὴν
697 1355 994 1425 ὑπέστησε.
1030 1356 1141 1409 Καὶ
1171 1355 1388 1409 κεῖσθαι
1424 1354 1524 1426 μὲν
1552 1357 1613 1409 ὲν
1641 1358 1706 1426 τῇ
1731 1355 1883 1419 ἐξουο

297 1447 393 1518 σία
418 1446 516 1499 τοῦ
548 1448 837 1511 κτίσαντος
870 1447 930 1500 τὸ
969 1442 1189 1518 εἷναι,ἥ
1230 1449 1306 1517 μὴ
1340 1443 1483 1500 εἶναι
1515 1445 1706 1518 αὐτὴν,
1750 1445 1881 1515 βού-

297 1540 493 1593 )εσθαι
534 1540 591 1593 δὲ
628 1540 815 1604 αὐτὸν,
867 1541 941 1603 ὡς
987 1540 1215 1608 ἀγαθὸν,
1254 1536 1394 1594 εἶναι
1431 1537 1602 1609 αὐτὴν
1633 1539 1729 1591 καλ⁷
1765 1537 1884 1591 δια-

300 1634 488 1702 μένειν
510 1633 576 1705 τῇ
596 1635 1082 1705 κπαντοκρατορικῇ
1110 1633 1338 1702 δυνάμει
1371 1629 1539 1686 αὑτοῦ
1561 1632 1852 1701 διακρατου
1868 1656 1885 1670 -

301 1725 477 1795 μένην

925 1814 1036 1871 Τοῦ
1066 1815 1273 1871 αὑτοῦ.

377 1912 538 1964 Πᾶσα
583 1909 739 1963 οὐσία
780 1910 870 1963 τὸν
911 1910 1041 1963 [διον
1079 1910 1202 1980 ὅρον
1249 1910 1413 1981 ἑαυτῇ
1467 1907 1884 1976 συνεισάγουσα,

298 2003 583 2055 τουτέστιν
622 2000 934 2072 ὁριζομένη,
990 2002 1132 2071 ἀρχὴ
1164 2000 1408 2068 πέφυκεν
1455 1995 1596 2052 εἶναι
1632 1998 1731 2068 τῆς
1773 2000 1891 2051 ἑπι-

301 2094 687 2165 Οεωρουμένης
731 2092 868 2163 αὐτῇ
895 2092 1039 2147 κατὰ
1083 2092 1309 2161 δύναμιν
1340 2091 1621 2162 κινήσεως.
1654 2091 1810 2146 Πᾶσα
1836 2090 1892 2142 δὲ

297 2186 567 2256 οὑσιώδης
617 2186 751 2256 πρὸς
806 2187 1085 2255 ἐνέργειαν
1120 2184 1332 2255 κίνησις
1381 2183 1613 2254 μεσότης
1646 2181 1763 2238 ἐστὶ
1796 2198 1893 2253 με-

297 2279 694 2348 τεπινοουμένη
747 2278 846 2348 μὲν
891 2278 991 2347 τῆς
1039 2277 1262 2341 οὐσίας,
1322 2277 1784 2347 προεπινοουμένη
1836 2275 1892 2329 δὲ

297 2372 401 2442 τῆς
448 2370 752 2442 ἐνεργείας.
805 2371 914 2423 Καὶ
938 2372 1086 2423 πᾶσα
1137 2370 1384 2441 ἐνέργεια
1430 2368 1507 2440 τῷ
1550 2369 1672 2423 κατ’
1723 2368 1892 2439 αὐτὴν

298 2464 445 2535 λόγῳ
472 2462 716 2535 φυσικῶς
740 2464 1189 2535 περιγραφομένη
1216 2465 1363 2526 τέλος
1388 2464 1503 2517 ἐστὶ
1530 2464 1627 2534 τῆς
1654 2463 1759 2536 πρὸ
1787 2462 1887 2516 a0-

298 2559 404 2628 τῆς
435 2558 559 2612 κατ’
593 2557 838 2611 ἐπίνοιαν
867 2558 1245 2630 θεωρουμένης
1277 2557 1565 2622 οὑσιώδους
1602 2559 1891 2628 κινήσεως.

246 2714 253 2721 '
316 2652 377 2701 ὐ
411 2650 469 2702 δὲ
494 2650 626 2713 Θεδς
649 2649 773 2703 οὔτε
810 2650 952 2721 ἀρχή
1000 2651 1169 2717 ἐστιν,
1197 2649 1320 2704 οὔτε
1366 2652 1619 2722 μεσότης,
1651 2649 1779 2703 οὔτε
1806 2649 1889 2701 τέο

305 2744 415 2806 λος.
472 2741 658 2794 Ταῦτα
687 2742 795 2811 γὰρ
835 2741 945 2794 τῶν
990 2742 1167 2811 χρόνῳ
1217 2742 1500 2812 διαιρετῶν
1544 2742 1650 2793 είσι
1693 2740 1892 2810 γνωρί⁹

308 2851 510 2903 σματα,
536 2833 680 2887 εἴποι
718 2832 762 2886 δ’
810 2834 876 2888 ἄν
906 2850 990 2897 τις
1021 2834 1103 2886 ὅτι
1136 2835 1229 2887 καὶ
1254 2835 1361 2889 τῶν
1391 2834 1547 2888 αἰῶνι
1580 2832 1890 2903 συνορωμέ-

304 2944 434 2980 νων.
467 2925 527 2979 'O
551 2925 657 2997 γὰρ
690 2926 901 2996 χρόνος,
941 2925 1312 2997 μετρουμένην
1355 2925 1493 2997 ἔχων
1526 2924 1627 2994 τὴν
1656 2925 1890 2994 κίνησιν,

306 3017 529 3089 ἀριθμῷ
564 3018 989 3088 περιγράφεται.
1031 3018 1092 3071 Ὀ
1128 3016 1174 3071 δ’
1209 3017 1361 3079 αἰὼν,
1406 3016 1893 3086 συνεπινοουμένην

306 3110 446 3178 ἔχων
488 3111 555 3178 τῇ
588 3107 819 3179 ὑπάρξει
863 3111 963 3180 τὴν
1004 3110 1132 3161 πότε
1169 3112 1522 3181 κατηγορίαν,
1555 3110 1751 3178 πάσχει
1778 3110 1893 3163 διά·-

1262 411 1637 474 PANOPLIA
1679 410 2141 474 DOGMATICA.
2191 437 2262 448 —
2294 412 2447 473 TIT.
2493 411 2613 473 IlI.

3470 410 3585 475 HS”

2669 528 2942 596 Ejusdem.

2060 617 2253 687 ϐτωεὶ,
2285 620 2375 688 qui
2439 619 2628 674 dicunt
2666 636 2847 674 rerum
2912 619 3203 675 essentiam
3278 618 3346 673 ab
3428 619 3576 673 omni

1987 710 2290 765 atternitate
2321 710 2482 765 simul
2515 709 2681 765 fuisse
2710 726 2833 765 eum
2881 710 3009 775 Deo,
3047 710 3336 780 qualitates
3394 719 3577 765 autem

1987 806 2055 860 ab
2086 820 2152 860 eo
2187 816 2311 876 post
2359 805 2655 875 accepisse,
2698 805 2951 860 essentize
3007 806 3146 861 nihil
3206 822 3333 861 esse
3356 815 3577 861 eontra-

1988 899 2128 951 rium
2165 907 2436 963 asserunt,
2496 897 2591 953 sed
2622 897 2676 952 in
2726 898 3078 967 qualitatibus
3126 898 3259 954 solis
3303 898 3579 953 contraria

1991 988 2248 1060 reperiri.
2276 989 2385 1043 Nos
2418 1000 2622 1057 autem,
2654 992 2746 1061 qui
2778 991 2960 1046 solam.
2987 991 3224 1045 divinam
3276 991 3573 1046 essentiam

1988 1080 2114 1149 quia
2143 1080 2255 1135 sola
2287 1080 2506 1151 proprie
2538 1080 2608 1135 sit
2639 1080 2872 1145 inﬁnita,
2904 1080 3044 1133 nihil
3108 1080 3308 1135 habere
3356 1090 3575 1133 contra-
3659 1146 3664 1153 ι

1986 1170 2125 1224 rium
2175 1171 2462 1238 tradimus,
2517 1188 2701 1227 rerum
2758 1170 3009 1227 essentia;
3058 1171 3397 1225 contrarium
3451 1186 3576 1225 esse

1988 1262 2165 1333 ipsum
2190 1278 2297 1319 non
2326 1279 2446 1319 esse
2475 1265 2728 1321 dicimus.
2756 1265 2971 1335 Quippe
2999 1279 3119 1334 qua:
3145 1281 3209 1319 ex
3234 1262 3405 1318 nihilo
3440 1263 3581 1317 facta

1988 1362 2091 1409 est.
2117 1353 2173 1407 In
2204 1353 2324 1425 ejus
2352 1364 2559 1422 autem,
2581 1354 2674 1425 qui
2705 1356 2851 1410 illam
2882 1355 3108 1419 creavit,
3134 1369 3258 1409 esse
3282 1362 3574 1424 potestate,

1988 1455 2048 1500 ut
2079 1445 2196 1515 ipsa
2217 1461 2299 1502 vet
2320 1447 2392 1503 sit
2418 1447 2503 1502 vel
2535 1462 2640 1502 non
2672 1447 2762 1502 sit.
2792 1446 2993 1502 Verum
3024 1462 3151 1515 ψει,
3186 1460 3379 1513 netnpe
3409 1444 3577 1507 bono,

1987 1535 2228 1607 placere,
2262 1545 2321 1591 ut
2359 1539 2455 1604 sit,
2490 1547 2814 1609 maneatque
2844 1537 3209 1608 omnipotenti
3244 1536 3415 1606 ipsius
3469 1536 3575 1589 vir-

1990 1637 2104 1684 tute
2134 1639 2453 1685 conservata
2463 1668 2477 1684 ο

2658 1836 2938 1907 Ejusdem.

2071 1924 2263 1982 Omnis
2310 1926 2547 1984 essentia
2595 1929 2817 2000 proprio
2870 1928 3103 1984 termino
3146 1928 3576 1998 circumscripta,

2000 2029 2054 2074 et
2076 2019 2317 2086 deﬁnita,
2352 2020 2681 2091 principium
2710 2029 2793 2075 est
2819 2021 2937 2090 ejus
2977 2031 3180 2087 motus,
3214 2022 3303 2091 qui
3340 2021 3577 2091 potentia

1998 2112 2056 2168 in
2094 2112 2209 2182 ipsa
2240 2112 2636 2169 consnderatur.
2666 2111 2858 2169 Omnis
2891 2122 3079 2169 autem
3116 2114 3369 2169 essentia:
3402 2122 3585 2166 motus

1998 2205 2237 2261 medium
2272 2205 2531 2274 quiddam
2557 2216 2659 2261 est.
2691 2204 2825 2259 Nam
2874 2216 2929 2260 et
2973 2206 3267 2261 essentiam
3310 2205 3578 2274 sequitur.

1998 2304 2056 2351 et
2076 2294 2347 2350 actionem
2375 2296 2665 2351 antecedit.
2693 2295 2758 2350 Et
2788 2297 2967 2351 omnis
2986 2297 3129 2351 actio
3158 2295 3375 2366 propria
3407 2295 3582 2365 ipsius

2000 2388 2211 2443 ratione
2264 2388 2586 2442 naturaliter
2640 2389 3057 2459 circumscripta
3120 2390 3244 2445 ﬁnis
3287 2398 3371 2445 est
3435 2389 3582 2443 illius

2001 2489 2201 2545 motus,
2236 2482 2326 2551 qui
2357 2483 2427 2537 ab
2469 2480 2705 2535 essentia
2748 2481 3132 2550 proﬁciscitur.
3188 2481 3381 2537 Verum
3436 2480 3579 2536 Deus

1999 2585 2102 2626 nec
2128 2571 2473 2641 principium.
2503 2588 2603 2626 nec
2637 2572 2896 2635 medium,
2922 2587 3021 2627 nec
3043 2571 3166 2627 ﬁnis
3196 2581 3301 2627 est.
3337 2572 3400 2625 lli
3422 2588 3577 2625 nam-

2000 2679 2105 2733 que
2137 2672 2265 2718 sunt
2294 2679 2483 2719 earum
2508 2680 2691 2719 rerum
2732 2666 2977 2730 termini,
3004 2682 3122 2735 qua:
3158 2676 3413 2736 tempore
3436 2667 3577 2719 divi-

2000 2754 2224 2819 duntur,
2257 2764 2312 2808 et
2334 2770 2453 2823 qua:
2487 2754 2647 2808 simul
2680 2771 2803 2810 eum
2831 2755 3050 2820 saeculo,
3087 2766 3143 2810 ut
3176 2756 3372 2825 aliquis
3408 2756 3578 2818 dicat.

2000 2856 2326 2903 cernuntur.
2373 2846 2614 2913 Tempus
2655 2847 2823 2913 enim,
2877 2862 3001 2905 eum
3037 2849 3157 2919 ejus
3201 2865 3454 2903 mensura
3508 2851 3582 2906 sit

2000 2947 2201 3005 motus,
2248 2953 2479 2992 numero
2522 2936 3011 2993 circumscribitur.
3057 2937 3325 2993 Saeculum
3377 2950 3579 3007 autem,

2000 3031 2259 3102 quoniam
2307 3045 2431 3085 cum
2484 3030 2605 3100 ejus
2651 3030 2911 3094 essentia,
2960 3031 3282 3102 eategorica,
3325 3031 3437 3085 sive
3500 3034 3582 3098 (ut

2003 3123 2127 3179 trita
2161 3132 2214 3177 et
2260 3123 2479 3193 vulgata
2523 3122 2632 3192 jam
2684 3138 2817 3177 voce
2870 3122 3014 3193 utar)
3067 3123 3579 3192 prmdicantentum,

310 3219 527 3268 στασιν,
573 3201 649 3266 ὡς
702 3202 877 3273 ἀρχὴν
928 3201 1021 3255 τοῦ
1066 3200 1206 3255 εἶναι
1248 3204 1451 3256 λαϐών.
1504 3204 1564 3258 Εἰ
1612 3202 1667 3256 δὲ
1706 3203 1890 3272 χρόνος

2001 3215 2221 3285 quando
2269 3214 2431 3269 simul
2457 3214 2772 3284 intelligitur
2801 3214 2945 3269 subit
2982 3215 3322 3280 divisionem,
3350 3227 3405 3270 et
3435 3218 3582 3271 exsi—

307 3294 403 3347 καὶ
431 3292 567 3348 αἰὼν
617 3295 717 3348 οὐκ
766 3296 1001 3365 ἄναρχα,
1044 3293 1224 3365 πολλῴ
1267 3295 1463 3363 μᾶλλον
1500 3296 1568 3349 τὰ
1601 3298 1659 3348 ὲν
1687 3296 1896 3360 τούτοις

308 3388 695 3458 περιεχόμενα.
748 3388 805 3442 '0
831 3388 961 3452 Θεὸς
990 3388 1166 3442 τοίνυν
1216 3387 1339 3441 οὔτε
1381 3388 1538 3443 οὐσία
1568 3388 1662 3456 ὢν,
1701 3389 1787 3442 ίνα
1819 3389 1895 3458 μὴ

304 3480 455 3551 ἁρχὴ
478 3480 782 3552 νομισθείη,
812 3479 933 3533 οὔτε
959 3481 1209 3551 δύναμις,
1244 3481 1332 3533 ἵνα
1379 3480 1454 3552 μὴ
1483 3481 1736 3550 μεσότης,
1771 3480 1895 3533 οὔτε

304 3574 583 3644 ἐνέργεια,
609 3573 699 3627 ἶνα
726 3574 801 3646 μὴ
826 3574 998 3640 τέλος,
1022 3573 1167 3628 ἐστιν
1197 3575 1520 3640 οὐσιοποιὸς,
1550 3574 1642 3628 καὶ
1664 3576 1763 3628 ὐπε
1775 3574 1895 3644 peti-

310 3682 426 3728 σιος
469 3667 715 3735 όντότης,
769 3669 864 3721 καὶ
929 3667 1327 3736 δυναμοποιὸς,
1376 3668 1470 3722 καὶ
1520 3667 1895 3737 ὑπερδύναμος

306 3756 657 3824 πανσθένεια,
707 3758 803 3812 καὶ
861 3759 1043 3829 πάσης
1123 3760 1405 3829 ἐνεργείας
1459 3760 1748 3829 δραστικὴ,
1800 3760 1894 3812 καὶ

306 3849 667 3920 ἀτελεύτητος
713 3850 849 3916 ἕξις.
897 3853 1008 3905 Καὶ
1055 3854 1331 3923 συντόμως
1364 3854 1540 3905 εἰπεῖν
1590 3852 1770 3922 πάσης
1807 3852 1895 3903 οὺ-

314 3944 461 4005 σξας,
493 3942 587 3997 καὶ
629 3943 932 4012 δυνάμεως,
979 3944 1073 3996 καὶ
1101 3944 1398 4012 ἐνεργείας,
1448 3944 1622 4014 ἀρχῆς
1664 3952 1746 4008 τε,
1798 3942 1894 3995 καὶ

318 4033 633 4104 μεσότητος,
666 4034 763 4087 καὶ
784 4032 971 4098 τέλους
992 4036 1270 4105 ποιητική.

942 4233 1053 4287 Τοῦ
1085 4232 1294 4288 αὐτοῦ.

398 4323 567 4394 Ἀρχὴ
606 4326 777 4388 πᾶσα,
805 4325 895 4378 καὶ
923 4326 1178 4396 μεσότης,
1212 4326 1307 4380 καὶ
1326 4326 1476 4388 τέλος
1507 4327 1604 4396 τὴν
1639 4326 1892 4398 σχετικὴν

306 4419 375 4472 δι’
414 4420 541 4472 ὅλου
573 4418 910 4490 κατηγορίαν
952 4418 1055 4471 οὐκ
1095 4418 1349 4489 ἤρνηται.
1382 4416 1441 4470 'U
1482 4418 1538 4471 δὲ
1572 4419 1702 4481 Θεὸς
1733 4420 1893 4472 καθό-

310 4510 403 4562 λου
458 4509 642 4580 πάσης
689 4510 930 4579 σχέσεως
986 4511 1248 4581 ὑπάρχων
1307 4510 1600 4580 ἀπειράκις
1649 4512 1891 4581 ἀπείρως

2000 3306 2178 3362 stendi
2214 3306 2546 3377 prinmpium
2578 3306 2763 3361 sumit.
2790 3305 2944 3372 Quod
2982 3307 3027 3362 si
3062 3317 3296 3379 tempus,
3329 3324 3383 3363 et
3414 3326 3584 3363 saecu-

2000 3400 2110 3453 lum
2143 3414 2250 3453 non
2302 3408 2491 3454 carent
2540 3399 2829 3469 principio,
2874 3400 3045 3455 multo
3096 3400 3275 3456 minus
3325 3416 3408 3467 ea,
3462 3418 3582 3472 qua:

2001 3499 2247 3559 tempore
2285 3497 2339 3544 et
2368 3489 2569 3543 smculo
2604 3490 2981 3544 continentur.
3031 3494 3178 3546 Deus
3210 3493 3373 3562 igitur
3404 3507 3581 3561 neque

1998 3580 2233 3636 essentia
2264 3592 2368 3644 est,
2401 3596 2470 3635 ne
2498 3581 2825 3651 principium
2865 3582 3083 3637 dicatur
3112 3603 3126 3651 ;
3164 3600 3267 3639 nec
3314 3586 3578 3654 potentia,

1997 3688 2068 3727 ne
2098 3673 2342 3727 medium
2370 3681 2615 3739 vocetur;
2650 3688 2752 3728 nec
2786 3675 2950 3741 actio,
2979 3691 3047 3729 ne
3073 3674 3196 3731 ﬁnis
3240 3678 3577 3733 nominetur.

1999 3765 2107 3820 Sed
2143 3765 2365 3821 eﬂ‘ector
2398 3767 2671 3831 essentiaz,
2710 3768 3059 3838 essentiaque
3112 3773 3456 3838 prmstantior
3483 3790 3495 3835 ;
3524 3784 3579 3827 et

1997 3858 2219 3915 eﬂeetor
2249 3858 2523 3928 petentize,
2566 3860 2918 3931 potentiaque
2963 3861 3349 3928 valentior;et
3402 3866 3580 3918 omnis

1997 3952 2229 4007 actionis
2256 3953 2472 4011 habitus
2502 3968 2787 4024 nunquam
2820 3954 3101 4011 desinens.
3134 3955 3333 4027 Atque,
3368 3969 3429 4013 ut
3458 3959 3580 4013 bre-

1997 4046 2137 4102 viter
2170 4046 2365 4111 dicam,
2401 4048 2580 4103 omnis
2609 4048 2882 4115 essentize,
2919 4058 2974 4104 et
3001 4050 3285 4119 potentiaa,
3322 4061 3375 4106 et
3405 4052 3579 4107 aetio-

1996 4143 2105 4208 nis,
2138 4152 2191 4198 et
2220 4142 2495 4214 principii,
2527 4152 2583 4199 et
2608 4144 2793 4203 medii.
2820 4154 2871 4198 et
2901 4144 3027 4199 ﬁnis
3061 4154 3275 4200 auctor.

2669 4238 2947 4308 Ejusdem.

2065 4332 2237 4387 Omne
2264 4330 2592 4402 principium
2652 4342 2707 4386 et
2766 4330 3032 4394 medium,
3074 4339 3130 4385 et
3185 4329 3306 4385 ﬁnis
3365 4331 3581 4385 habitus

1995 4429 2219 4483 omnino
2266 4428 2592 4497 categoriam
2656 4442 2765 4479 non
2824 4424 3116 4494 effugiunt.
3200 4423 3343 4479 Deus
3389 4434 3570 4479 autem

1994 4522 2142 4575 omni
2178 4521 2337 4589 plane
2368 4522 2554 4574 habitu
2586 4536 2709 4575 eum
2739 4520 3097 4588 sitsuperior,
3119 4532 3219 4573 nec
3245 4518 3569 4588 principium

308 4602 604 4673 ἀνώτερος,
638 4600 765 4654 οὔτε
807 4602 950 4672 ἀρχή
987 4604 1157 4666 ἐστιν,
1190 4602 1315 4656 οὔτε
1348 4602 1603 4671 μεσότης,
1637 4603 1761 4657 οὔτε
1807 4605 1890 4656 τέ-

1995 4622 2098 4678 est,
2153 4627 2257 4667 nec
2301 4611 2565 4673 medium,
2622 4626 2727 4665 nec
2776 4611 2923 4674 linis,
2977 4626 3079 4665 nec
3104 4610 3249 4664 aliud
3273 4609 3570 4678 quidquam

308 4696 420 4757 λος.
456 4694 580 4747 οὐδέ
605 4710 660 4747 τι
681 4692 870 4764 ἕτερον
898 4695 1008 4749 τῶν
1041 4696 1098 4749 ἐν
1139 4691 1218 4758 οἷς
1260 4695 1586 4766 θεωρεῖσθαι
1622 4696 1762 4751 κατὰ
1797 4700 1894 4767 τὴν

310 4790 500 4859 σχέσιν
525 4788 560 4858 ἡ
585 4785 676 4840 τοῦ
704 4787 841 4858 πρός
866 4806 921 4841 τι
942 4787 1165 4842 δύναται
1195 4788 1517 4859 κατηγορία.

945 4881 1056 4935 Τοῦ
1088 4881 1300 4934 αὐτοῦ.

393 4972 565 5043 Ἀρχὴ
587 4974 701 5027 τῶν
731 4974 923 5035 ὄντων,
952 4974 1047 5027 καὶ
1075 4974 1328 5042 μεσότης,
1372 4974 1466 5027 καὶ
1498 4973 1651 5037 τέλος
1678 4974 1894 5042 λέγεται

306 5068 338 5117 ό
362 5064 519 5129 Θεὸς,
550 5063 667 5118 ἀλλ’
695 5065 770 5130 ὡς
796 5067 1053 5136 ἐνεργῶν,
1077 5067 1173 5135 οὐχ
1203 5066 1277 5128 ὡς
1306 5065 1550 5136 πάσχων,
1578 5064 1767 5131 ὥσπερ
1802 5066 1894 5119 καὶ

309 5157 448 5211 ἄλλα
474 5157 675 5223 πάντα,
702 5152 784 5221 οἷς
815 5159 946 5229 παρ’
978 5158 1135 5229 ἡμῶν
1178 5157 1528 5225 ὀνομάζεται.
1576 5155 1745 5227 Ἀρχὴ
1798 5156 1895 5225 μὲν

309 5251 422 5319 γάρ
456 5250 625 5315 ἐστιν,
682 5250 759 5312 ὡς
807 5250 1174 5319 δημιουργὸς,
1224 5250 1459 5319 μεσότης
1501 5247 1581 5313 δὲ,
1622 5248 1699 5311 ὡς
1756 5264 1893 5318 προ-

310 5341 551 5412 νιητὴς,
605 5342 760 5406 τέλος
816 5342 911 5407 δὲ,
976 5342 1050 5406 ὡς
1107 5342 1445 5412 περιγραφή.
1511 5358 1529 5392 ι
1580 5337 1670 5404 Ἐξ
1726 5338 1892 5393 αὑτοῦ

310 5436 442 5504 γάρ,
477 5453 497 5487 ι
548 5434 709 5506 φησι,
764 5454 783 5488 ι
817 5437 911 5489 καὶ
965 5434 1035 5488 δι’
1077 5434 1266 5501 αὐτοῦ,
1327 5435 1418 5487 καὶ
1471 5436 1551 5496 εἰς
1603 5433 1766 5486 αὐτὸν
1822 5433 1894 5485 τά

311 5528 512 5582 πάντα.
542 5544 565 5579 ι

923 5619 1039 5674 Τοῦ
1070 5621 1280 5674 αὑτοῦ.

382 5717 552 5769 οὐδὲν
592 5715 888 5769 τῶνόντων
931 5713 1364 5783 αὺτενέργητον⁸
1404 5712 1466 5764 τὸ
1495 5713 1551 5765 δὲ
1603 5715 1676 5782 μὴ
1705 5711 1893 5765 αὐτεν-

314 5811 552 5878 ἐργητον
608 5808 720 5861 οὐδ’
752 5806 1014 5861 ἀναίτιον.
1046 5806 1118 5859 Τὸ
1162 5806 1217 5858 δε
1250 5806 1324 5876 μὴ
1356 5806 1597 5859 ἀναίτιον
1628 5805 1736 5858 οὐδ’
1770 5805 1891 5856 ἀκί-

318 5918 513 5969 νητον*
556 5902 616 5955 τὸ
648 5901 704 5955 δὲ
753 5900 826 5972 μὴ
861 5900 1116 5970 ἀκίνητον
1151 5900 1214 5952 δι’
1261 5900 1440 5953 αἰτίαν
1490 5900 1715 5951 navita:
1761 5898 1892 5949 πάι-.-

470 5976 507 5983 ο-

1998 4717 2215 4767 eorum,
2242 4703 2299 4758 in
2327 4702 2546 4757 habitus
2566 4701 2841 4774 categoria
2868 4702 3314 4766 considerantur,
3338 4702 3423 4756 vel
3449 4716 3575 4756 euut

1998 4798 2182 4870 aliquo
2215 4796 2595 4853 conferuntur.

2628 4883 2901 4954 Ejusdem.

2068 4978 2272 5033 Rerum
2322 4976 2652 5047 principium
2684 4986 2740 5031 et
2770 4976 2893 5030 finis
2913 4976 3114 5030 dicitur
3144 4976 3313 5041 Deus,
3345 4975 3440 5030 sed
3470 4991 3577 5029 non

1996 5082 2057 5127 ut
2081 5086 2268 5142 agens,
2295 5078 2390 5124 aut
2411 5069 2650 5138 patiens,
2681 5068 2757 5132 id,
2782 5068 2928 5137 quod
2968 5069 3380 5138 intelligendum
3413 5066 3577 5122 estin

1995 5163 2250 5218 omnibus
2272 5162 2606 5224 nominibus,
2636 5177 2756 5229 qua:
2790 5162 2888 5231 ipsi
2922 5161 3271 5227 tribuuntur;
3297 5161 3390 5213 sed
3425 5160 3572 5228 prin-

1996 5254 2200 5324 cipium
2258 5261 2343 5308 est
2399 5262 2457 5307 ut
2510 5252 2734 5308 elTeetor
2782 5287 2798 5314 ν
2840 5252 3078 5307 medium
3134 5260 3196 5306 ut
3246 5252 3574 5309 moderator.

1997 5349 2121 5405 linis
2151 5357 2210 5402 ut
2234 5347 2665 5417 circumscriptio
2692 5363 2794 5403 :ex
2820 5347 2941 5418 ipso
2970 5348 3138 5413 enim,
3168 5357 3220 5401 et
3253 5363 3348 5416 per
3376 5347 3572 5416 ipsum,

1995 5451 2051 5498 et
2081 5441 2135 5497 itt
2171 5441 2349 5512 ipsum
2385 5440 2592 5496 omnia.

2655 5617 2926 5685 Ejusdem.

2068 5709 2213 5764 Nihil
2258 5724 2469 5777 eorum,
2506 5726 2624 5779 qum
2665 5717 2813 5772 sunt,
2845 5708 3081 5777 seipsum
3115 5707 3261 5764 facit.
3294 5709 3447 5771 Quod
3478 5725 3573 5762 au-

1998 5814 2102 5858 tem
2134 5820 2163 5857 ιι
2192 5820 2249 5859 se
2271 5811 2480 5858 nonest
2499 5801 2724 5863 factum,
2743 5817 2904 5856 causa
2932 5817 3040 5856 non
3067 5812 3237 5857 caret.
3267 5802 3416 5867 Quod
3440 5818 3573 5855 eau-

1998 5914 2055 5953 sa
2082 5913 2188 5951 non
2219 5904 2388 5964 caret,
2424 5912 2528 5959 nim
2562 5908 2640 5961 est
2665 5896 2959 5952 immobile.
2983 5896 3137 5964 Quod
3158 5896 3433 5951 immobile
3463 5910 3569 5948 non
