3984 6560
499 410 602 477 H7

1715 406 2105 471 EUTHYMII
2155 407 2542 475 ZIGABENI.

3660 389 3771 469 148

490 539 596 595 c,t,
628 537 847 598 promer
876 540 1097 582 causam
1126 532 1382 581 movetur
1401 523 1645 580 omnino.
1673 523 1878 580 Moveri
1912 522 2068 596 igitur

2178 540 2287 589 τως
2337 524 2733 596 ὲνεργούμενον
2785 522 2846 577 τὸ
2909 520 3175 576 κινεῖσθαι
3223 515 3471 590 φυσικῶς
3513 516 3618 571 ὕπὸ
3662 517 3771 586 τῆς

489 622 812 678 naturaliter
856 619 1057 692 pendet
1102 634 1133 673 a
1179 631 1363 685 causa,
1414 633 1515 688 per
1557 632 1721 688 quam
1768 616 1850 681 iit,
1906 624 1963 672 ct
2009 616 2077 671 ad

487 729 649 783 quam
697 709 955 782 dirigitur
985 708 1102 779 ipse
1130 716 1328 764 motus.
1361 706 1513 762 Nihil
1543 707 1688 762 enim
1716 722 1929 770 eorum,
1957 720 2077 776 quae

428 865 431 871 ,
486 813 799 867 moventur,
827 804 947 858 sine
981 818 1143 859 causa
1179 802 1380 858 moveri
1411 811 1604 857 natura
1643 800 1872 872 patitur.
1912 801 2076 856 Prin-

421 895 429 966 ξ
484 897 684 968 cipium
707 904 888 950 autem
915 895 1093 950 omnis
1117 904 1297 950 motus
1328 893 1616 959 naturalis,
1647 902 1699 948 et
1732 908 1923 948 eorum
1958 908 2079 964 quas

420 986 426 1061 ί
486 997 792 1053 moventur,
825 988 1127 1059 generatio.
1164 986 1500 1058 Principium
1533 1001 1665 1043 vero
1705 986 1924 1043 illorum
1953 1003 2075 1058 quae

420 1070 421 1073 “
486 1090 740 1150 generata
772 1089 920 1145 sunt,
950 1078 1340 1152 generationis,
1368 1087 1452 1135 est
1481 1077 1644 1142 Deus,
1679 1087 1738 1135 ut
1765 1086 1959 1133 auctor
1989 1094 2080 1151 ge-

488 1174 809 1231 nerationis.
844 1176 913 1228 At
940 1175 1060 1229 ﬁnis
1091 1180 1271 1231 motus
1305 1172 1572 1227 naturalis
1600 1181 1685 1227 est
1731 1187 1921 1227 eorum
1958 1187 2079 1241 qua:

484 1275 741 1338 generata
776 1274 925 1334 sunt,
958 1274 1157 1332 status,
1199 1280 1360 1335 quem
1388 1274 1511 1336 ροεῐ
1545 1263 1832 1319 transitum
1862 1278 2079 1320 eorum,

488 1375 611 1429 qua:
658 1359 1018 1422 transierunt,
1068 1356 1231 1413 eﬂicit
1274 1356 1519 1413 infinitas
1565 1355 1654 1410 illa
1689 1354 1743 1409 in
1781 1370 2078 1426 qua,'quo-

486 1451 635 1506 niam
661 1452 873 1506 nullum
905 1459 987 1506 est
1010 1450 1269 1521 spatium,
1296 1458 1478 1506 cessat
1515 1456 1698 1505 motus
1725 1463 1934 1517 rerum,
1955 1463 2077 1520 quas

492 1555 783 1600 moventur
822 1544 1166 1599 naturaliter.
1198 1541 1388 1600 Omnis
1416 1557 1547 1615 ergo
1576 1540 1965 1613 generationis,
2017 1548 2075 1597 et

491 1642 697 1697 motus,
726 1643 781 1690 et
810 1642 989 1689 status
1019 1644 1201 1689 rerum
1249 1631 1602 1704 principium,
1634 1639 1690 1687 et
1726 1632 1989 1699 medium,
2022 1642 2079 1689 et

486 1725 611 1781 ﬁnis
637 1735 723 1781 est
753 1724 919 1782 Deus.
951 1724 1221 1793 Quoniam
1263 1733 1319 1780 et
1362 1738 1428 1779 ex
1464 1725 1583 1794 ipso
1613 1723 1811 1795 genitae
1835 1735 1987 1792 sunt,
2023 1734 2081 1780 et

486 1833 586 1886 per
626 1818 802 1888 ipsum
850 1827 1161 1885 moventur,
1206 1826 1262 1873 et
1308 1816 1366 1872 in
1406 1816 1582 1888 ipsum
1623 1825 1753 1873 sunt
1796 1816 2074 1885 desitum,

2179 616 2381 681 αίτίας,
2430 617 2497 671 δι’
2531 617 2622 690 ἢν,
2672 615 2765 671 καὶ
2814 616 2952 688 πρὸς
2990 615 3057 688 ἢν
3099 613 3332 667 ποιεῖται
3386 609 3485 682 τὴν
3521 609 3770 679 κίνησιν.

2179 710 2347 766 Οὐδὲν
2373 712 2482 781 γὰρ
2502 711 2613 767 τῶν
2638 710 2980 781 κινουμένων
3008 706 3279 762 κινεῖσθαι
3313 705 3557 775 πέφυκεν
3602 704 3770 757 ἀναι-

2179 801 2329 867 τίως.
2375 804 2545 876 Ἀρχὴ
2581 803 2636 857 δὲ
2670 803 2854 875 πάσης
2899 802 3167 871 κινήσεως
3201 796 3442 868 φυσικῆς
3472 798 3505 868 ἡ
3536 795 3646 849 τῶν
3676 812 3773 848 κι-

2178 896 2454 967 νουμένων
2500 897 2734 965 γένεσις.
2786 895 2953 969 Ἀρχὴ
3000 894 3056 949 δι
3093 894 3191 964 τῆς
3224 891 3335 946 τῶν
3377 889 3775 960 γεγενημένων

2177 990 2446 1060 γενέσεως
2473 992 2501 1044 6
2548 990 2703 1057 Θεδς,
2732 990 2808 1055 ὡς
2849 987 3229 1059 γενεσιουργός
3255 1001 3272 1019 ⁶
3303 983 3405 1055 τῆς
3441 983 3497 1034 δὲ
3530 981 3639 1035 τῶν
3667 998 3738 1050 γε
3759 1008 3775 1019 ·

2178 1080 2499 1152 γενημένων
2542 1081 2780 1152 φυσικῆς
2829 1080 3097 1151 κινήσεως
3148 1077 3302 1139 τέλος
3330 1077 3364 1148 ἠ
3392 1075 3583 1137 στάσις
3614 1072 3776 1127 ἐστὶν

2179 1174 2247 1245 ἢν
2294 1175 2443 1228 ποιεῖ
2484 1174 2622 1246 μετὰ
2673 1172 2773 1246 τὴν
2814 1172 3062 1226 διάϐασιν
3106 1169 3214 1225 τῶν
3259 1165 3706 1237 πεπερασμένων
3740 1164 3777 1232 ἡ

2179 1266 2432 1339 ἀπειρία,
2463 1268 2522 1321 ἐν
2560 1261 2614 1339 ᾖ,
2638 1265 2727 1320 διὰ
2749 1268 2810 1319 τὸ
2844 1264 2919 1336 μὴ
2942 1260 3084 1317 εἶναι
3104 1262 3401 1332 διάστημα,
3439 1261 3591 1313 πᾶσα
3624 1257 3779 1310 παύ-

2178 1375 2298 1414 εται
2344 1360 2562 1429 κίνησις
2604 1359 2713 1413 τῶν
2778 1357 3028 1428 φυσικῶς
3068 1356 3426 1425 κινουμένων.
3455 1352 3643 1421 Πάσης
3673 1348 3778 1403 οὖν

2179 1451 2451 1522 γενέσεώς
2480 1468 2540 1505 τε
2581 1450 2677 1506 καὶ
2706 1451 2998 1523 κινήσεως,
3031 1450 3125 1504 καὶ
3160 1447 3401 1511 στάσεως
3432 1448 3543 1499 τῶν
3572 1444 3776 1504 ὄντων.

2178 1544 2344 1618 ἁρχὴ,
2382 1544 2475 1599 καὶ
2526 1545 2783 1616 μεσότης,
2818 1545 2912 1599 καὶ
2954 1542 3111 1607 τέλος
3139 1542 3169 1595 6
3212 1541 3365 1608 Θεὸς,
3401 1540 3478 1603 ώς
3509 1539 3568 1604 ἐξ
3597 1535 3780 1593 αὑτοῦ

2180 1638 2590 1708 γεγενημένων,
2642 1636 2739 1692 καὶ
2792 1635 2863 1691 δι’
2912 1635 3079 1691 αὐτοῦ
3144 1633 3505 1703 κινουμένων,
3547 1630 3641 1684 καὶ
3691 1630 3782 1692 είς

2178 1730 2345 1785 αὐτὸν
2392 1733 2494 1803 τὴν
2543 1730 2736 1786 στάσιν
2786 1726 3181 1799 ποιησομένων
3231 1726 3323 1780 τὸν
3376 1723 3627 1796 ὁρίζοντα
3678 1722 3782 1775 καὶ

2181 1822 2352 1894 αὐτὴν
2382 1824 2482 1894 τὴν
2512 1824 2692 1894 πάσης
2720 1822 2993 1892 κινήσεως
3015 1818 3297 1894 ὁριστικὴν
3327 1815 3607 1888 ἀπειρίαν.

485 1913 580 1984 qui
605 1914 776 1985 ipsam
799 1928 1016 1985 quoque
1055 1920 1236 1970 motus
1264 1927 1457 1971 omnes
1479 1911 1830 1973 deﬂuientcm
1864 1929 1928 1971 ac
1959 1915 2346 1977 terminantem
2371 1920 2754 1993 complectitur
2773 1916 3123 1974 infinitatem.

1137 2008 1417 2080 Ejusdem.

556 2101 781 2165 Eorum,
806 2115 929 2172 qua:
952 2100 1109 2169 fiunt,
1142 2117 1371 2172 quasque
1394 2112 1703 2169 moventur,
1732 2103 1993 2160 motionis
2013 2112 2070 2159 et

487 2190 839 2263 principium,
870 2200 924 2247 et
965 2192 1086 2250 linis
1114 2205 1199 2249 est
1233 2193 1398 2259 Deus,
1425 2202 1482 2250 et
1522 2208 1711 2250 eorum
1742 2211 1864 2265 quae
1904 2196 1961 2251 in
1985 2195 2070 2267 ip-

488 2302 608 2340 sum
640 2286 891 2341 feruntur
918 2287 1131 2353 stabile,
1153 2297 1317 2358 atque
1341 2290 1620 2346 immobile
1645 2290 2065 2345 ﬁrmamentum.

488 2377 556 2432 Et
582 2378 827 2433 omnium
862 2379 1100 2450 denique
1138 2396 1323 2437 rerum
1370 2383 1636 2440 terminus
1661 2385 2066 2453 interminatus,

487 2482 544 2527 et
571 2470 820 2528 inﬁnitus
854 2471 1001 2527 linis.

1141 2589 1413 2660 Ejusdem.

557 2678 823 2736 Homines
853 2691 1003 2739 eerto
1028 2686 1266 2755 quodam
1298 2686 1558 2753 termino,
1588 2686 1738 2751 boni,
1771 2688 2064 2757 sapientes,

484 2769 684 2843 etjusti
714 2784 977 2830 vocantur
1005 2791 1019 2830 :
1047 2776 1190 2833 Deus
1223 2788 1407 2833 autem
1447 2779 1693 2835 absolute
1729 2780 1926 2835 dicitur
1972 2783 2066 2836 lto-

484 2879 609 2929 nus,
657 2874 710 2921 et
739 2866 983 2937 sapiens,
1012 2881 1069 2925 et
1101 2871 1301 2943 justus,
1328 2880 1381 2927 et
1415 2871 1650 2937 bonitas,
1690 2884 1745 2928 et
1776 2874 2061 2944 sapientia,

382 2981 391 2991 -
484 2964 539 3010 et
562 2957 793 3028 justitia,
839 2960 1043 3033 quippe
1084 2963 1175 3033 qui
1228 2976 1311 3020 est
1344 2964 1522 3020 omnis
1552 2965 1771 3027 virtutis
1804 2967 2063 3024 essentia.

484 3050 847 3113 Quamobrem
897 3054 989 3125 qui
1030 3056 1254 3112 virtutis
1298 3065 1381 3112 est
1418 3059 1714 3128 particeps,
1764 3059 1860 3113 Dei
1890 3060 2063 3128 parti-

482 3156 608 3211 ceps
632 3152 735 3210 est,
767 3145 858 3215 qui
900 3146 1141 3216 virtutis,
1174 3159 1233 3203 ut
1265 3149 1526 3218 diximus,
1560 3152 1798 3207 essentia
1845 3160 1901 3206 et
1932 3151 2056 3206 fons

482 3243 590 3288 est.

1131 3356 1409 3427 Ejusdem.
1510 3424 1515 3449 1

554 3446 720 3515 Deus,
747 3448 841 3519 qui
871 3448 1111 3520 cognitio
1141 3465 1240 3520 per
1270 3446 1564 3507 essentiam
1598 3461 1705 3519 est,
1738 3451 1907 3507 solam
1935 3452 2064 3509 boni

481 3542 851 3612 «‘Ogttitionem
900 3541 1085 3609 habet,
1122 3550 1183 3597 ut
1228 3543 1320 3613 qui
1352 3541 1522 3600 solius
1549 3543 1679 3599 boni
1724 3553 1917 3599 natura
1960 3559 2064 3601 est.

480 3630 671 3685 Omnis
700 3640 881 3686 autem
911 3632 1213 3688 secundum
1249 3632 1416 3689 Deum
1453 3641 1653 3690 natura
1686 3636 1896 3691 ratione
1931 3652 2069 3706 prae-

480 3723 593 3776 dita
629 3722 861 3792 simplici
890 3723 1093 3779 mentis
1128 3732 1281 3780 motu
1315 3741 1426 3779 non
1473 3734 1652 3796 potest
1699 3728 1892 3784 eodem
1927 3737 2069 3783 tem-

480 3830 614 3885 pore
642 3814 772 3871 boni
802 3823 855 3870 et
884 3814 1011 3871 mali
1047 3816 1296 3872 notitiam
1332 3820 1557 3887 habere,
1590 3834 1714 3875 cum
1747 3819 1908 3875 unius
1939 3834 2069 3876 con-

481 3906 630 3965 trarii
678 3909 937 3980 cogritio,
970 3908 1194 3964 alterius
1228 3910 1491 3964 contrarii
1524 3910 1853 3966 naturaliter
1900 3902 2067 3983 igno-

484 3999 713 4054 rantiam
742 4000 954 4055 aﬂ'erat.
984 4000 1074 4057 Sic
1102 4002 1267 4057 etiam
1302 4002 1444 4056 oculi
1476 4017 1582 4057 non
1613 3984 1847 4073 possunt
1868 4004 2061 4059 eodem

480 4104 730 4162 tempore
759 4107 977 4147 sursum
1000 4094 1391 4165 deorsumque,
1418 4104 1513 4150 aut
1536 4094 1883 4152 dextrorsum
1906 4095 2067 4152 simul

480 4202 547 4243 ac
576 4185 958 4243 sinistrorsum
984 4188 1254 4243 contueri.

1143 4303 1421 4373 Ejusdem.

550 4394 619 4450 Et
642 4411 700 4451 se
731 4396 907 4467 ipsum
954 4398 1118 4465 Deus,
1151 4407 1204 4453 et
1219 4412 1339 4468 quae
1362 4408 1490 4452 sunt
1519 4397 1661 4452 infra
1687 4413 1746 4453 se
1764 4398 2062 4469 cognoscit.

477 4489 682 4543 Natura
712 4489 840 4544 item
872 4490 1083 4545 ratione
1116 4499 1409 4561 menteque
1440 4490 1664 4560 praedita
1702 4500 1759 4545 et
1783 4491 1977 4554 Deum.
2006 4500 2065 4546 et

478 4596 602 4650 quae
634 4580 774 4636 infra
823 4581 993 4636 Deum
1047 4592 1196 4649 sunt,
1237 4582 1543 4654 cognoscit;
1575 4582 1673 4640 sed
1713 4598 1825 4638 non
1868 4584 2061 4639 eodem

480 4674 662 4736 modo,
704 4689 813 4743 quo
852 4672 1016 4729 Deus.
1049 4674 1149 4729 llic
1181 4674 1329 4730 enim
1357 4690 1424 4730 ex
1455 4674 1713 4731 essentia:
1757 4688 1871 4729 suae
1923 4689 2063 4731 eon-

485 4766 841 4834 tcmplatione
872 4766 1111 4836 seipsum
1161 4780 1260 4835 per
1289 4765 1648 4835 semetipsum
1685 4763 1960 4834 intelligit.
1996 4764 2063 4819 Et

478 4871 601 4923 qua:
635 4856 738 4911 sub
765 4855 882 4926 ipso
921 4866 1069 4921 sunt,
1096 4871 1165 4911 ex
1196 4856 1463 4925 sapientia
1504 4854 1787 4926 cognoscit
1815 4869 1933 4920 sua,
1965 4870 2064 4925 per

478 4964 665 5016 quam,
695 4958 749 5002 et
770 4949 825 5002 in
876 4964 981 5019 qua
1012 4947 1263 5002 condidit
1296 4946 1501 5001 omnia.
1534 4945 1626 5000 Illa
1658 4958 1791 4999 vero
1810 4953 1865 4999 et
1890 4945 2063 5001 Deum

476 5042 779 5112 cognoscit,
812 5042 943 5097 dum
971 5040 1134 5107 illius,
1182 5041 1275 5110 qui
1309 5038 1513 5093 nullius
1556 5037 1633 5091 rei
1659 5038 1930 5107 particeps
1952 5046 2061 5104 est,

476 5138 747 5204 particeps
778 5135 857 5202 lit,
881 5145 993 5189 tum
1018 5151 1082 5189 ex
1120 5148 1207 5200 eo,
1231 5132 1378 5203 quod
1416 5141 1501 5187 est
1521 5147 1537 5198 ;
1560 5139 1689 5195 ,tum
1714 5146 1781 5187 ex
1804 5146 1890 5195 eo.
1918 5130 2065 5202 quod

474 5231 742 5300 bene,per
770 5229 997 5300 gratiam
1014 5236 1118 5282 est.
1144 5226 1276 5292 Quae
1298 5234 1480 5281 autem
1512 5225 1614 5280 sub
1634 5224 1747 5280 Deo
1762 5233 1911 5288 sunt,
1939 5239 2065 5297 per-

474 5324 629 5392 cipit.
661 5327 790 5376 dum
829 5321 1177 5376 artiﬁciosam
1226 5320 1280 5375 in
1335 5320 1443 5374 illis
1491 5321 1807 5390 sapientiam
1837 5320 1975 5390 ejus,
2003 5327 2058 5372 et

373 5410 387 5422 ”
476 5414 756 5469 naturales
806 5412 1050 5482 ipsorum
1112 5411 1352 5465 rationes
1399 5409 2058 5481 compreltendit.Angeli

476 5518 679 5571 tamen,
715 5514 773 5559 ut
800 5505 887 5574 qui
916 5514 1127 5560 mentes
1153 5515 1280 5559 sunt
1310 5521 1476 5575 pune,
1522 5506 1811 5560 sublimius
1841 5503 2058 5560 intelli»
2084 5504 2093 5507 ’

475 5611 629 5669 gunt,
652 5599 947 5655 demissius
985 5599 1251 5666 homines,
1275 5609 1332 5654 ut
1371 5602 1460 5669 qui
1514 5601 1753 5672 corporis
1812 5598 2052 5670 pondere

479 5693 886 5762 tleprirttuntur.

2106 2014 2156 2076 Β

2794 2016 2905 2073 Τοῦ
2950 2014 3141 2069 αὑτοῦ

2253 2108 2441 2163 Ἔστιν
2468 2108 2497 2163 6
2520 2108 2653 2174 Θεδς
2691 2108 2836 2182 ἀρχὴ
2866 2109 2967 2178 τῆς
2995 2106 3102 2161 τῶν
3136 2104 3439 2175 γινομένων
3471 2101 3778 2173 γενέσεως,

2178 2199 2273 2254 καὶ
2325 2198 2479 2262 τέλος
2506 2199 2608 2269 τῆς
2646 2199 2756 2254 τῶν
2809 2195 3149 2265 κινουμένων
3177 2195 3469 2264 κινήσεως,
3503 2190 3600 2245 καὶ
3651 2188 3777 2241 τῶν

2178 2294 2258 2357 είς
2303 2291 2467 2347 αὐτὸν
2532 2291 2852 2363 φερομένων
2906 2289 3096 2352 στάσις
3166 2286 3420 2357 βάσιμος,
3490 2282 3587 2337 καὶ
3647 2280 3783 2335 ἀκί-

2177 2400 2356 2455 νητος,
2401 2383 2497 2437 καὶ
2541 2382 2743 2449 παντὸς
2787 2385 2915 2455 ὅρου
2957 2384 3083 2455 ὄρος
3125 2380 3401 2453 ἀόριστος,
3453 2378 3548 2432 καὶ⁵
3591 2377 3782 2447 πέρας

2176 2474 2406 2547 ἄπειρον

2794 2587 2905 2644 Τοῦ
2943 2584 3152 2641 αὐτοῦ.

2247 2685 2311 2739 0i.
2349 2684 2448 2754 μὲν
2474 2682 2752 2753 ἄνθρωποι
2782 2680 3298 2752 προσδιωρισμένως
3326 2675 3522 2745 ἁγαθοὶ
3549 2674 3780 2747 ἀνορω-

2176 2793 2267 2829 ποι
2305 2774 2578 2843 λέγονται,
2624 2774 2719 2826 καὶ
2770 2772 2930 2841 σοφοὶ
2977 2770 3279 2842 ἄνθρωποι,
3304 2770 3399 2823 καὶ
3432 2768 3635 2823 δίκαιοι
3670 2768 3779 2822 ἄν·

2175 2869 2422 2937 Θρωποι’
2477 2870 2504 2921 6
2553 2867 2609 2921 δὲ
2656 2866 2791 2930 Θεὸς
2834 2865 3120 2929 ἀπολύτως
3164 2864 3360 2927 ταῦτα,
3397 2862 3624 2930 ἀγαθὸς,
3674 2862 3781 2914 καὶ

2177 2961 2363 3030 σοφὸς,
2400 2961 2494 3014 καὶ
2532 2960 2764 3024 δίκαιος,
2806 2957 2903 3013 καὶ
2945 2957 3245 3029 ἅγαοότης,
3296 2958 3391 3011 καὶ
3434 2954 3618 3026 σοφία,
3669 2956 3778 3010 καὶ

2173 3053 2511 3125 δικαιοσύνη,
2545 3053 2623 3118 ὼς
2676 3051 2835 3107 οὐσία
2866 3051 3046 3123 πάσης
3088 3051 3310 3122 ἀρετῆς.
3348 3051 3407 3105 '0
3427 3050 3606 3104 τοίνυν
3636 3051 3778 3121 ἀρε-

2172 3148 2270 3217 τῆς
2303 3147 2548 3218 μετέχων
2602 3145 2820 3216 μετέχει
2866 3143 3003 3199 Θεοῦ
3038 3142 3136 3214 τῆς
3171 3144 3383 3211 οὐσίας,
3415 3143 3490 3209 ώς
3522 3144 3776 3215 εἴρηται,

2172 3237 2267 3289 καὶ
2290 3235 2473 3306 πηγῆς
2508 3234 2605 3304 τῆς
2634 3234 2866 3307 ἀρετῆς.

2778 3349 2890 3404 Τοῦ
2922 3349 3134 3406 αὐτοῦ.

2254 3446 2314 3500 Ὀ
2346 3443 2477 3508 Θεὸς
2521 3442 2723 3513 γνῶσις
2765 3441 2841 3495 ὣν
2882 3443 3006 3497 κατ’
3050 3442 3241 3498 οὐσίαν
3287 3443 3386 3514 τὴν
3415 3442 3620 3512 γνῶσιν
3670 3444 3777 3500 τοῦ

2170 3538 2337 3594 καλοῦ
2374 3537 2544 3609 μόνην
2593 3536 2725 3608 ἔχει,
2758 3536 2853 3591 ἆτε
2899 3536 3066 3606 μόνου
3101 3536 3198 3591 τοῦ
3234 3537 3402 3591 καλοῦ
3452 3535 3615 3607 φύσις
3663 3536 3776 3595 ὢν.

2171 3633 2331 3687 Πᾶσα
2376 3630 2432 3684 δὲ
2484 3629 2682 3701 λογικὴ
2741 3629 2882 3701 μετὰ
2932 3629 3064 3684 Θεὸν
3099 3630 3262 3701 φύσις
3307 3629 3454 3700 ἔχειν
3498 3630 3634 3700 ὁμοῦ
3674 3630 3778 3684 καὶ

2170 3726 2317 3778 κατὰ
2352 3721 2552 3783 ταυτὸν
2607 3723 2667 3776 ὲν
2721 3722 2799 3792 τῷ
2856 3724 2957 3793 τῆς
3013 3721 3253 3785 διανοίας
3292 3721 3451 3791 ἁπλῷ
3498 3722 3776 3791 κινήματι

2170 3815 2339 3872 καλοῦ
2373 3816 2466 3868 καὶ
2492 3812 2662 3868 κακοῦ
2690 3812 2892 3881 γνῶσιν
2937 3813 2997 3867 οὐ
3030 3812 3276 3868 δύναται.
3322 3814 3470 3867 Διότι
3517 3814 3778 3881 πέφυκεν

2171 3910 2205 3980 ἡ
2237 3910 2469 3974 Θατέρου
2507 3908 2616 3963 τῶν
2655 3907 3051 3978 ἀντικειμένων
3076 3906 3330 3978 ἀλλήλοις
3356 3906 3553 3975 γνῶσις
3588 3909 3779 3961 ποιεῖν

2169 4002 2269 4071 τῆς
2320 4000 2413 4055 τοῦ
2460 4000 2649 4071 ἑτέρου
2719 3999 2976 4067 γνώσεως
3033 3995 3276 4068 ἄγνοιαν.
3324 3999 3435 4054 Καὶ
3494 4000 3605 4067 γὸρ
3654 4000 3775 4053 οὐδ’

2169 4092 2447 4164 ὀφθαλμὸς
2486 4092 2598 4147 ἄνω
2629 4092 2723 4146 καὶ
2750 4091 2900 4147 κάτω
2913 4091 3135 4147 δύναται
3166 4094 3305 4146 κατά
3334 4091 3530 4147 ταυτὸν
3563 4093 3775 4166 ίδείν,ῆ

2169 4186 2322 4252 δεξιὰ
2348 4186 2380 4255 ἢ
2414 4185 2704 4255 ἀριστερά.

2795 4305 2908 4361 Τοῦ
2942 4303 3153 4360 αὐτοῦ.

2240 4398 2508 4454 Γινώσκει
2538 4398 2637 4469 μὲν
2683 4399 2713 4452 6
2756 4398 2892 4461 Θεὸς
2930 4399 3150 4464 ἑαυτὸν,
3177 4396 3442 4468 γινώσκει
3470 4398 3530 4454 δὲ
3574 4399 3676 4453 καὶ
3704 4400 3778 4454 τὰ

2170 4492 2264 4546 ὑπ’
2304 4492 2473 4546 αὐτοῦ
2514 4491 2800 4561 γεγονότα.
2832 4491 2942 4544 Kal
2971 4492 3003 4561 ἠ
3029 4491 3225 4562 λογικὴ
3278 4491 3375 4549 καὶ
3408 4492 3571 4563 νοερὰ
3601 4492 3777 4562 φύσις

2173 4583 2435 4653 γινώσκει
2469 4583 2571 4653 μὲν
2597 4583 2691 4636 τὸν
2727 4582 2884 4649 Θεὸν,
2920 4582 3181 4652 γινώσκει
3208 4584 3267 4638 δὲ
3298 4585 3491 4640 καὶτὰ
3529 4586 3626 4641 ὑπ’
3669 4592 3776 4644 αὐ-

2166 4677 2263 4731 τοῦ
2311 4675 2575 4744 γεγονότα
2595 4691 2610 4706 ο
2642 4675 2759 4729 ἀλλ’
2802 4675 2905 4746 οὐχ
2937 4675 3014 4739 ώς
3053 4675 3084 4728 6
3132 4673 3267 4740 Θεὸς
3301 4676 3589 4743 γινώσκει,
3617 4679 3774 4736 οὕτω

2172 4768 2270 4822 καὶ
2296 4767 2460 4838 αὕτη.
2505 4768 2562 4821 '0
2596 4767 2697 4838 μὲν
2744 4767 2856 4837 γὰρ
2884 4768 3146 4835 γινώσκει
3174 4766 3368 4822 ἑαυτὸν
3403 4771 3468 4822 ὲκ
3507 4769 3612 4840 τῆς
3657 4789 3773 4841 μα-

2169 4861 2366 4931 καρίας
2383 4859 2574 4924 οὐσίας
2606 4859 2772 4915 αὐτοῦ
2799 4861 2873 4913 δι’
2907 4861 3104 4914 ἑαυτοῦ
3133 4861 3327 4914 ἑαυτὸν
3357 4860 3654 4932 Θεώμενος·
3695 4864 3772 4919 τὰ

2167 4953 2227 5007 δὲ
2257 4953 2349 5005 ὑπ’
2378 4953 2546 5006 αὑτοῦ
2586 4951 2848 5021 γεγονότα
2881 4952 2949 5005 ὲκ
2973 4952 3074 5022 τῆς
3110 4954 3304 5022 σοφίας
3344 4955 3533 5021 αὐτοῦ,
3567 4955 3639 5010 δι’
3696 4953 3770 5030 ἧς

2169 5045 2265 5099 καὶ
2320 5046 2381 5101 εν
2506 5043 2575 5099 τὰ
2629 5044 2813 5098 πάντα.
2839 5044 3118 5114 ἐποίησεν.
3169 5042 3235 5098 Ἥ
3280 5046 3339 5100 δὲ
3381 5046 3640 5114 γινώσκει
3668 5050 3767 5102 τὸν

2166 5136 2305 5193 Θεὸν
2344 5137 2445 5209 μὲν
2485 5136 2691 5209 μετοχὴ
2728 5135 2872 5207 ὑπὲρ
2903 5135 3139 5207 μετοχὴν
3183 5137 3333 5191 ὄντα.
3376 5137 3612 5208 Μετέχει
3645 5139 3763 5211 γὰρ

2167 5228 2334 5284 αὐτοῦ
2388 5228 2541 5301 αὖτῷ
2576 5245 2637 5283 τε
2687 5227 2768 5299 τῷ
2817 5224 2979 5295 εἰναι,
3009 5228 3105 5282 καὶ
3148 5230 3214 5299 τῇ
3246 5228 3384 5299 πρὸς
3430 5230 3491 5283 τὸ
3523 5225 3585 5283 εὖ
3611 5227 3763 5284 εἶναι

2169 5321 2595 5393 ἐπιτηδειότητι,
2623 5321 2718 5375 καὶ
2761 5324 2830 5393 τῇ
2867 5321 3007 5392 πρὸς
3039 5321 3099 5374 τὸ
3130 5322 3217 5375 ἀεὶ
3259 5316 3399 5375 εἶναι
3434 5321 3643 5391 χάριτι.
3677 5323 3768 5377 Τὰ

2164 5415 2221 5469 δὲ
2244 5414 2338 5468 ὑπ’
2361 5413 2527 5469 αὐτοῦ
2559 5413 2823 5483 γεγονότα
2852 5413 3113 5482 γινώσκει
3156 5413 3422 5483 ἀναλήψει
3443 5414 3542 5483 τῆς
3566 5415 3629 5467 ἑν
3657 5416 3770 5469 αὐ·-

2165 5508 2280 5569 τοῖς
2307 5504 2694 5580 θεωρουμένης
2735 5508 2993 5578 τεχνικῆς
3043 5504 3257 5575 σοφίας,
3290 5506 3385 5559 καὶ
3414 5506 3621 5574 γνώσει
3646 5506 3765 5560 τῶν

2165 5600 2224 5650 ὲν
2256 5597 2469 5662 τούτοις
2499 5597 2749 5668 φυσικῶν
2793 5596 2989 5666 λόγων.
3026 5597 3172 5666 Πλὴν
3199 5598 3247 5650 οἱ
3278 5596 3501 5666 ἄγγελοι
3533 5599 3637 5666 μὲν
3670 5594 3767 5653 oi:

2159 5688 2279 5752 νόες
2316 5688 2479 5757 μόνον
2540 5688 2900 5758 γινώσκουσιν
2938 5689 3292 5761 ὑψηλότερον,
3328 5691 3378 5744 oi
3405 5690 3450 5744 δ’
3477 5691 3767 5761 ἄνθρωποι

2159 5782 2253 5850 οὐχ
2319 5782 2511 5847 οὕτως,
2548 5780 2664 5837 ἀλλ’
2710 5783 3036 5854 ὑφειμένον,
3089 5781 3178 5839 διὰ
3228 5782 3288 5838 τὸ
3328 5783 3769 5856 συνεζευγμένον

2163 5874 2330 5944 πάχος
2359 5874 2450 5929 τοῦ
2486 5876 2754 5949 σώματος.
