4048 6572
309 404 420 473 HO
1269 395 1650 462 PANOPLIA
1692 394 2154 459 DOGMATICA.
2195 419 2267 432 -
2299 394 2453 457 ΤΙΤ.
2494 392 2614 455 ΙΙΙ.
3470 392 3603 461 ιω.

944 515 1056 572 Τοῦ
1081 515 1289 572 αὐτοῦ.
1921 555 1967 614 Α

1921 555 1967 614 Α
2417 604 2428 614 .
2647 509 2917 614 Ejusdem:

389 612 453 667 Ὀ
486 611 623 676 Θεὸς
652 610 778 664 οὕτε
816 609 953 662 νοῶν
993 609 1215 677 λέγεται
1248 608 1472 679 κυρίως,
1503 605 1629 661 οὔτε
1663 606 1892 676 νοούμε-
1921 600 1967 614 ’⁸

2069 605 2213 659 Deus
2246 604 2464 676 proprie
2488 618 2590 659 nec
2617 603 2921 675 intelligere
2951 600 3151 657 dicitur
3184 616 3289 659 nec
3321 602 3584 676 intelligi,

301 722 416 768 νος,
450 703 541 757 ἵνα
601 703 678 773 μὴ
724 700 979 765 σύνθετος
1018 699 1319 770 λογισθείη.
1363 698 1438 753 Τό
1490 716 1549 753 τε
1579 698 1688 769 γὰρ
1737 698 1893 752 νοοῦν

2014 714 2067 755 ιε
2111 699 2453 770 compositus
2515 697 2880 754 existimetur.
2934 696 3067 752 Nam
3112 698 3256 769 quod
3301 698 3612 773 intelligit,.

306 793 902 866 συνεπιθεωρουμένην
942 791 1055 863 ἔχει
1098 791 1197 861 τὴν
1229 790 1327 843 τοῦ
1373 792 1513 843 νοεῖν
1548 788 1802 856 δύναμιν,
1830 786 1893 841 τό

2012 790 2348 861 :onjunctam
2372 789 2539 846 habet
2583 788 2921 860 intelligendi
2976 798 3320 859 potestatem.
3354 790 3610 861 thuod:

306 906 369 942 τε
397 888 690 956 νοούμενον
716 886 818 957 τὴν
846 883 942 939 τοῦ
968 884 1230 939 νοεῖσθαι.
1273 884 1414 938 Ἀλλ’
1448 883 1567 935 οὐδὲ
1594 882 1779 952 νόησις
1808 896 1823 911 ⁸
1856 881 1891 953 ἡ

2006 883 2351 954 intelligitur.
2400 889 2717 953 potestatem
2766 880 2929 936 habet
2964 882 3333 951 coniunctam,
3387 894 3445 937 ut
3500 882 3584 937 in.

309 982 422 1051 γὰρ
446 984 630 1051 νόησις
650 980 764 1050 ἔχει
791 979 1034 1047 φυσικῶς
1057 976 1421 1047 ὑποκειμένην
1440 973 1693 1045 δεκτικὴν
1722 973 1892 1043 αὐτῆς

2012 977 2305 1047 telligatur.
2330 975 2442 1032 Nec
2461 976 2816 1047 intelligentia
2836 975 3054 1046 proprie
3071 975 3291 1041 dicitur,
3312 977 3610 1047 siquidem»

308 1071 522 1124 οὐσίαν.
553 1069 753 1122 Λοιπὸν
778 1065 871 1121 οὖν
925 1068 1064 1139 ὑπὲρ
1117 1065 1289 1120 ταῦτα
1339 1067 1541 1125 πάντα,
1577 1064 1625 1116 εἰ
1661 1063 1736 1133 μή
1789 1078 1890 1115 που

2002 1069 2365 1140 intelligentia
2397 1069 2720 1123 naturaliter
2754 1070 3050 1124 essentiam
3082 1068 3386 1137 subiectam
3420 1068 3588 1124 habet

314 1164 506 1231 νόησιν
540 1162 704 1214 αὑτὸν
763 1160 1038 1229 εἴποιμεν,
1096 1156 1228 1212 αὐτὸ
1285 1156 1407 1209 κατ’
1452 1154 1641 1207 οὐσίαν
1693 1154 1900 1223 νόησιν,

2004 1160 2177 1232 ipsius
2212 1161 2588 1232 intelligentia:
2614 1162 3033 1233 susceptricem.
3084 1162 3374 1231 Reliquum
3423 1161 3589 1232 igitur

312 1256 408 1307 καὶ
433 1254 555 1306 ὅλον
588 1254 792 1322 νόησιν,
823 1252 918 1306 καὶ
958 1251 1120 1321 μόνον
1164 1248 1371 1319 νόησιν,
1398 1246 1492 1299 καὶ
1539 1244 1726 1317 νόησιν
1757 1243 1899 1313 ὑπὲρ

2015 1260 2109 1314 est,
2143 1260 2220 1317 ut,
2253 1260 2373 1323 post
2407 1252 2525 1307 haec
2552 1253 2759 1320 omnia,
2789 1268 2911 1308 cum
2945 1269 3053 1310 non
3094 1252 3364 1325 possimus
3421 1254 3613 1307 Deumw

312 1347 527 1413 νόησιν.
2006 1341 2110 1398 hoc
2138 1344 2299 1397 modo
2323 1343 2739 1417 intelligentiam
2766 1345 2971 1411 dicere,
2993 1345 3241 1400 dicamus
3264 1360 3388 1400 eum
3414 1346 3589 1414 ipsmn

311 1456 413 1511 per
454 1439 751 1495 essentiam
799 1436 1240 1509 intelligentiam,
1266 1441 1507 1491 ettotam
1543 1430 1974 1505 intelligentiam,
2009 1444 2065 1492 et
2111 1437 2530 1511 intelligentiam
2565 1442 2763 1506 solam,
2822 1450 2987 1512 atque
3031 1441 3181 1497 omni
3230 1441 3610 1513 intelligentiae

312 1532 769 1598 praestantiorem.
2428 1580 2447 1589 -

940 1627 1053 1683 Τοῦ
1086 1626 1295 1692 αὑτοῦ,
1650 1610 1685 1621 ”

1650 1610 1685 1621 ’“
2664 1622 2944 1695 Ejusdem.

401 1722 460 1777 '0
504 1723 639 1788 Θεὸς
690 1722 817 1777 οὕτε
872 1721 1075 1793 νοερῶς
1115 1721 1186 1773 τά
1240 1718 1403 1789 νοερὰ
1454 1716 1738 1785 γινώσκει,
1768 1712 1897 1769 οὗτε

2074 1713 2219 1774 Deus
2281 1732 2385 1775 nec
2440 1716 2797 1789 intelligentia
2859 1717 3138 1790 cognoscit
3200 1718 3602 1791 intelligibilia,

314 1819 593 1887 αἰσθητῶς
638 1817 711 1871 τὰ
746 1816 1002 1887 αἰσθητά.
1059 1815 1345 1869 Ἀδύνατον
1396 1813 1504 1885 γὰρ
1531 1814 1620 1866 τὸν
1660 1813 1800 1881 ὑπὲρ
1827 1811 1896 1865 τά

2004 1819 2103 1860 nec
2142 1822 2308 1861 sensu
2333 1806 2632 1863 sensibilia.
2669 1806 2858 1878 Neque
2882 1808 3027 1863 enim
3051 1807 3165 1862 ﬁeri
3186 1818 3388 1879 potest.
3417 1822 3475 1865 ut
3500 1808 3594 1880 qui

310 1910 446 1964 ὅντα
501 1908 644 1963 κατὰ
688 1909 760 1963 τὰ
815 1908 945 1961 ὄντα
992 1908 1101 1960 τῶν
1152 1907 1321 1960 ὄντων
1371 1905 1889 1976 ἀντιλαμβάνεσθαι.

1998 1897 2159 1952 rebus
2175 1907 2256 1952 est
2280 1898 2653 1965 excellentior,
2685 1914 2770 1953 res
2788 1898 3048 1969 percipiat
3071 1915 3131 1953 ea
3157 1900 3387 1966 ratione,
3411 1919 3515 1972 qua
3537 1917 3596 1957 se

310 2001 516 2056 Λοιπὸν
550 2001 642 2054 οὖν
675 2002 754 2066 ὡς
805 2001 915 2055 ἴδια
950 2001 1237 2070 θελήματα
1277 1998 1536 2068 γινώσκει
1575 1999 1739 2065 αὐτὰ,
1770 1999 1894 2052 ἐπεὶ

2000 1991 2235 2046 vietssim
2270 1990 2400 2063 ipsa!
2438 1992 2765 2062 percipiunt
2800 2012 2813 2047 :
2842 2001 3007 2047 restat
3059 1992 3242 2063 igitur,
3287 2006 3344 2049 ut
3378 2011 3440 2049 ea
3476 2008 3598 2051 tan-

311 2097 412 2151 καὶ
443 2096 612 2149 θέλων
636 2095 817 2151 πάντα
851 2092 1142 2164 πεποίηκε.

1995 2100 2158 2155 quam
2196 2085 2440 2156 preprias
2467 2086 2776 2141 voluntates
2819 2085 3105 2157 intelligat,
3151 2089 3592 2163 quandoquidem

1996 2185 2053 2233 et
2086 2176 2271 2234 volens
2302 2175 2433 2234 fecit
2460 2178 2662 2234 omnia.

919 2272 1031 2329 Τοῦ
1075 2272 1286 2328 αὐτοῦ.

2652 2270 2923 2334 Eiusdem.

384 2369 528 2433 Τοὶς
560 2367 753 2437 λόγου,
796 2367 1015 2421 πάντων
1065 2365 1175 2420 τῶν
1210 2363 1511 2432 γεγονότων
1539 2362 1683 2435 ἔχων
1711 2363 1741 2416 6
1765 2362 1897 2428 Θεὸς

2069 2359 2332 2418 Rationes
2356 2363 2599 2419 omnium
2632 2379 2815 2420 rerum
2848 2375 2975 2421 ante
2996 2367 3193 2424 saecula
3226 2367 3433 2425 habens
3459 2371 3511 2425 in
3537 2386 3607 2429 se

312 2464 421 2534 πρὸ
457 2463 569 2516 τῶν
595 2460 810 2516 αἰώνων
834 2457 1155 2530 ὑφεστῶτας
1204 2457 1264 2515 tv
1294 2455 1495 2527 ἑαυτῷ,
1538 2455 1661 2510 κατ’
1699 2454 1899 2521 αὐτοὺς

2004 2452 2169 2522 Deus,
2190 2469 2257 2510 ex
2286 2454 2391 2511 illis
2416 2455 2622 2520 omnia,
2640 2472 2760 2528 quae
2788 2457 2872 2512 vel
2900 2469 3116 2525 mente,
3163 2459 3251 2514 vel
3284 2476 3445 2516 sensu
3468 2478 3596 2533 per—

314 2556 419 2627 τήν
454 2571 513 2607 τε
546 2553 780 2624 ἀόρατον
812 2552 909 2608 καὶ
938 2550 1038 2623 τὴν
1065 2550 1267 2621 όρατὴν
1303 2549 1650 2619 ὑπεστήσατο
1694 2544 1895 2612 mle»,

2003 2541 2310 2613 cipiuntur,
2338 2546 2665 2615 procreavit,
2710 2558 3020 2619 opportuno
3073 2559 3314 2622 tempore
3341 2562 3453 2608 tum
3474 2555 3598 2608 uni-

313 2644 458 2699 κατὰ
492 2644 583 2697 τὸν
612 2644 801 2697 δέοντα
871 2642 1066 2713 καιρὸν
1116 2639 1287 2695 ποιῶν
1321 2639 1390 2694 τά
1441 2656 1500 2693 τε
1543 2636 1773 2691 καθόλου
1802 2636 1901 2691 καὶ

2003 2650 2179 2703 versa,
2204 2646 2318 2693 tum
2348 2638 2560 2709 singula
2591 2640 2953 2698 constituens.
2982 2641 3221 2716 Singulis
3250 2646 3398 2701 enim
3427 2648 3600 2703 rebus

312 2738 381 2792 τὰ
410 2736 772 2790 καθὲκαστον.
802 2734 970 2803 Λόγος
1006 2733 1117 2803 γάρ
1141 2732 1375 2786 ἑκάστου
1405 2731 1512 2785 τῶν
1556 2730 1728 2783 ὸντων
1764 2744 1902 2799 προ·

2006 2730 2280 2799 praecessit
2309 2739 2467 2798 ratio,
2495 2747 2599 2801 qua
2617 2731 2691 2785 ita
2713 2742 2844 2787 sunt
2862 2734 3403 2801 lactanQuamobrem
3432 2738 3604 2792 ratio-

315 2829 697 2901 καθηγήσατο,
742 2827 866 2880 καθ’
909 2826 968 2879 ὃν
1013 2825 1172 2879 τοῦτο
1220 2825 1432 2895 γέγονε.
1488 2821 1793 2893 Τοιγαροῦν
1844 2824 1901 2877 ὲν

2004 2834 2103 2875 nes
2141 2824 2405 2889 omnium,
2471 2822 2529 2877 in
2579 2823 2690 2878 Deo
2736 2834 2893 2880 erant
2941 2825 3083 2892 ﬁxae,
3123 2827 3322 2897 quibus
3385 2844 3478 2884 cas
3530 2845 3596 2885 ex

312 2922 392 2994 τῷ
425 2921 547 2992 Θεῷ
584 2922 803 2979 πάντων
833 2921 883 2973 ot
916 2919 1066 2988 λόγοι
1098 2920 1404 2990 πεπήγασι,
1449 2915 1572 2971 καθ’
1603 2915 1697 2979 οὓς
1727 2914 1903 2968 ταῦτα

2004 2911 2179 2967 nihilo
2215 2911 2364 2967 fecit.
2395 2915 2571 2985 Atque
2598 2915 2685 2971 his
2718 2916 2939 2987 quidem
2972 2918 3277 2973 rationibus
3316 2922 3599 2990 cognoscit

314 3018 379 3070 ὲκ
418 3017 494 3087 μὴ
532 3016 701 3069 ὄντων
726 3014 979 3085 ἐποίησε,
1019 3014 1113 3066 καὶ
1135 3013 1278 3066 κατὰ
1303 3010 1528 3072 τούτους
1554 3008 1683 3071 τοὺς
1709 3007 1903 3077 λόγους

2005 3004 2185 3059 omnia
2211 3006 2389 3075 prius,
2425 3022 2584 3076 quam
2625 3010 2774 3065 liant.
2804 3008 2900 3064 Ha:
2933 3024 3064 3066 vero
3092 3026 3123 3065 a
3145 3011 3403 3083 Dionysio
3426 3014 3598 3069 Areo-

316 3110 579 3179 γινώσκει
618 3109 685 3162 τὰ
731 3109 910 3162 πάντα
947 3108 1079 3177 πρὶν
1112 3105 1379 3175 γενέσεως
1422 3102 1621 3156 αὐτῶν.
1668 3098 1901 3164 Τούτους

2007 3100 2190 3168 pagita
2238 3098 2626 3169 przetinitiones
2668 3111 2725 3157 et
2774 3102 2973 3158 divina:
3031 3104 3341 3160 voluntates
3408 3105 3598 3174 appel-

317 3203 373 3256 δὲ
410 3202 541 3263 τοὺς
582 3199 777 3268 λόγους
821 3201 848 3253 ὁ
902 3196 1301 3267 ’Δρεοπαγίτης
1338 3192 1413 3267 (5)
1443 3190 1719 3255 Διονύσιος
1769 3210 1904 3262 προ-

2009 3191 2212 3245 lantur.
2264 3190 2606 3262 Quapropter
2648 3194 2693 3249 si
2739 3209 2805 3249 ex
2844 3196 3063 3266 propria
3112 3197 3343 3267 quisque
3384 3197 3602 3254 ratione

316 3292 583 3363 ορισμοὺς
633 3292 812 3356 καλεῖ,
861 3290 957 3344 καὶ
1000 3290 1121 3343 θεῖα
1172 3288 1471 3359 θελήματα.
1506 3286 1779 3348 Ἕκαστος
1812 3278 1905 3339 οὖν

2007 3284 2061 3338 in
2098 3283 2209 3339 Deo
2260 3285 2561 3341 exsistente
2600 3298 2905 3354 moveatur,
2935 3289 2988 3343 in
3044 3289 3158 3346 Deo
3210 3301 3315 3347 est.
3361 3292 3441 3347 Ex
3488 3307 3604 3361 quo

316 3386 465 3442 κατὰ
510 3386 602 3438 τὸν
643 3386 775 3439 ἴδιον
810 3382 968 3452 λόγον
989 3382 1081 3436 τὸν
1118 3380 1252 3434 ὄντα
1289 3381 1347 3432 ὲν
1382 3377 1460 3451 τῷ
1487 3376 1607 3448 Θεῴ
1630 3377 1905 3447 κινηθεὶς,

2009 3375 2139 3430 illud
2173 3376 2373 3431 dicitur
2403 3394 2418 3432 :
2457 3394 2476 3429 ι
2510 3376 2672 3434 Novit
2697 3380 3094 3452 Βοωὶηιιε,ξ‹ιιιὶ
3114 3381 3200 3439 sui
3229 3393 3364 3438 sunt
3388 3382 3463 3435 ί.»
3498 3382 3595 3438 Sin

317 3480 378 3531 ὲν
423 3478 503 3549 τῷ
544 3478 664 3548 Θεῷ
713 3476 944 3546 γίνεταιο
976 3473 1113 3529 καθὸ
1157 3474 1253 3527 καὶ
1290 3473 1509 3541 λέγεται
1536 3471 1618 3536 τὸ,
1669 3489 1687 3522 ι
1723 3471 1908 3539 Ἔγνω

2008 3477 2203 3536 praeter
2270 3467 2414 3522 illaut
2482 3481 2791 3537 moveatur,
2836 3486 2869 3526 a
2918 3471 3031 3529 Deo
3091 3472 3314 3531 excidit.
3360 3472 3437 3529 Ex
3487 3488 3606 3545 quo

319 3572 529 3641 Κύριος
582 3571 710 3633 τοὺς
757 3568 917 3628 ὄντας
977 3566 1184 3622 αὑτοῦ·
1224 3582 1244 3618 ε
1311 3564 1505 3637 ῶσπερ
1548 3558 1707 3627 αὖθις
1755 3563 1909 3635 παρᾶ

1227 3582 1244 3618 ι
1311 3564 1505 3637 ὥσπερ
1548 3558 1707 3627 αὖθις
1755 3563 1909 3635 παρὰ
2007 3561 2139 3616 illud
2182 3580 2195 3614 :
2236 3578 2254 3613 ι
2288 3561 2406 3621 Non
2442 3564 2570 3618 novi
2604 3578 2698 3618 tos
2725 3565 2771 3619 ⁸.
2806 3582 2825 3615 ι

318 3664 512 3719 τοῦτον
553 3661 795 3732 ηνηθεῖς
828 3662 1087 3715 ἐκπίπτει
1114 3658 1209 3715 τοῦ
1251 3658 1387 3716 Θεοῦ
1416 3675 1431 3691 °
1465 3656 1602 3713 καθὸ
1635 3657 1729 3713 καὶ
1758 3655 1911 3725 λέγε-

319 3774 415 3812 ται
443 3758 526 3820 τὸ,
557 3773 575 3808 ι
604 3755 719 3810 Οὐκ
747 3748 867 3807 οῐόα
895 3754 1061 3825 ὑμᾶς.
1080 3770 1101 3806 ι

948 3848 1060 3904 Τοῦ
1095 3847 1308 3903 αὑτοῦ.

2662 3852 2941 3925 Ejusdem.

411 3941 471 3996 Ὀ
498 3941 629 4007 Θεὸς
667 3941 731 3995 οὐ
760 3941 1088 4023 ποιοτήτων,
1118 3940 1237 3995 ἀλλ’
1269 3936 1474 3996 οὐσιῶν
1508 3939 1909 4012 πεποιωμένων

2083 3946 2223 4001 Deus
2250 3960 2358 4001 non
2385 3948 2736 4017 qualitatum,
2763 3947 2862 4004 sed
2894 3948 3259 4007 essentiarum
3289 3965 3411 4022 qua:
3442 3951 3601 4010 facta:

322 4040 446 4093 toti.
464 4035 824 4107 δημιουργός.

2009 4047 2158 4102 sunt,
2188 4037 2412 4093 etIector
2462 4046 2563 4093 est.

934 4126 1048 4182 Τοῦ
1076 4124 1287 4183 αὐτοῦ.

2648 4132 2925 4202 Ejusdem.

401 4222 467 4275 0i
504 4220 606 4291 μὲν
652 4219 935 4292 ἄνθρωποι
984 4219 1122 4289 πρὸς
1156 4218 1225 4273 τὰ
1270 4218 1573 4291 φαινόμενα
1618 4216 1910 4289 βλέποντες

2080 4221 2345 4279 Homines
2376 4238 2463 4291 ea,
2515 4238 2639 4294 qua:
2682 4236 3011 4295 cernuntur,
3054 4226 3112 4281 in
3151 4227 3354 4298 quibus
3400 4232 3601 4287 veritas

324 4316 596 4386 κρίνουσι,
641 4316 770 4384 περὶ
806 4314 844 4369 ἃ.
870 4315 932 4369 οὐ
977 4314 1197 4378 πάντως
1223 4312 1375 4367 ἐστὶν
1418 4313 1451 4383 ἡ
1489 4313 1720 4384 ἀλήθεια
1743 4326 1757 4343 '
1797 4312 1826 4365 6
1852 4312 1911 4365 δὲ

2009 4317 2235 4373 omnino
2264 4332 2371 4372 non
2404 4326 2507 4381 est,
2548 4326 2862 4387 spectantes
2903 4318 3170 4388 judicent.
3224 4320 3366 4376 Deus
3413 4332 3597 4377 autem

325 4409 462 4469 Θεὸς
511 4408 570 4460 τὸ
620 4407 827 4476 ἀφανὲς
864 4408 1072 4478 κίνημα
1117 4406 1217 4474 τῆς
1254 4404 1434 4476 ψυχῆς
1461 4404 1557 4459 τοῦ
1599 4404 1911 4477 πράξαντος

2010 4408 2285 4463 occultum
2311 4407 2480 4461 animi
2521 4417 2729 4462 motum
2764 4410 2980 4479 agentis
3060 4410 3304 4478 intuens,
3327 4420 3383 4468 et
3426 4415 3597 4469 ratio-

327 4500 479 4565 ιόὼν,
511 4501 606 4554 καὶ
628 4499 722 4553 τὸν
764 4498 945 4568 λόγον,
983 4497 1104 4557 καθ’
1134 4496 1193 4553 ὃν
1222 4497 1450 4569 ὥρμησε
1478 4496 1614 4568 πρὸς
1638 4496 1739 4568 τὴν
1769 4499 1911 4569 πρᾶ-

2014 4516 2161 4565 nec,
2194 4514 2299 4568 qua
2338 4501 2406 4554 ad
2438 4501 2708 4571 agendum
2742 4502 3009 4557 adductus
3032 4512 3141 4570 est,
3181 4516 3330 4563 recte
3356 4517 3427 4576 et,
3452 4509 3604 4579 justo

327 4592 438 4657 ξιν,
459 4588 636 4660 ὀρθῶς
660 4590 755 4643 καὶ
784 4589 1011 4654 δικαίως
1061 4590 1239 4661 κρίνει
1271 4588 1341 4647 τὰ
1373 4589 1527 4658 παρὰ
1557 4588 1668 4643 τῶν
1701 4587 1911 4661 ἀνθρὼ-

1507 4589 1527 4643 lt
1557 4588 1668 4643 τῶν
1701 4587 1911 4661 ἁνθρὼ-
1942 4587 1986 4609 ν
2009 4587 2222 4658 iudicat
2254 4603 2321 4644 ea
2353 4603 2475 4659 quae
2498 4590 2565 4647 ab
2598 4591 2911 4651 hominibus
2945 4592 3105 4649 ﬁunt.

328 4699 449 4737 πων
477 4680 857 4753 πραττόμενα.

948 4773 1062 4829 Τοῦ
1098 4773 1309 4830 αὑτοῦ.

2658 4772 2937 4843 Ejusdem.

399 4869 475 4923 Οὐ
504 4867 690 4924 πάντα
739 4865 926 4936 λέγειν
962 4865 1263 4938 εὐπρεπὲς,
1309 4865 1413 4921 ὅσα
1453 4867 1763 4924 ὑποπίπτει
1794 4869 1921 4933 ταῖς

2088 4862 2207 4920 Non
2233 4866 2438 4929 omnia,
2482 4880 2605 4936 qua:
2632 4866 3060 4936 cogitationibus
3083 4868 3288 4925 nostris
3319 4869 3605 4928 imbecillis

326 4960 568 5025 ιννοῑαις
610 4959 793 5032 ἡμῶν.
846 4958 1055 5015 Οὐδένα.
1105 4958 1206 5029 μὲν
1234 4958 1344 5031 γὰρ
1371 4960 1485 5031 ἔχει
1527 4961 1663 5015 Θεὸν
1691 4964 1720 5016 6
1763 4962 1920 5027 Θεὸς,

2018 4968 2336 5023 occurrunt,
2363 4960 2529 5030 digne
2553 4960 2863 5032 decoreque
2900 4974 3129 5032 possunt
3155 4964 3434 5035 explicari.
3475 4968 3609 5021 Nul-

325 5052 451 5108 οὐδὲ
482 5050 700 5106 σέϐεται
745 5050 931 5118 ἄλλον,
964 5050 1090 5106 οὐδὲ
1131 5051 1213 5115 εἰς
1240 5051 1367 5107 τινὰ
1416 5053 1687 5108 πιστεύει.
1724 5054 1918 5109 ’Δθεον

2017 5049 2129 5106 lum
2182 5050 2348 5107 habet
2397 5050 2573 5107 Deum
2618 5051 2787 5120 Deus,
2832 5070 2936 5111 nec
2982 5056 3151 5111 alium
3205 5058 3355 5124 colit,
3402 5074 3505 5115 nee
3546 5061 3600 5113 in

325 5145 386 5199 δὲ
418 5144 601 5215 λέγειν
620 5143 715 5200 τὸν
743 5143 879 5199 Θεὸν
904 5143 1002 5201 καὶ
1036 5142 1236 5216 ἀσεϐῆ,
1283 5146 1379 5198 καὶ
1404 5144 1661 5213 ἄπιστον,
1689 5147 1916 5202 ἄτοπον.

2018 5144 2252 5215 aliquem
2291 5143 2485 5199 credit.
2540 5144 2682 5199 Num
2733 5145 2899 5218 igitur
2938 5158 3035 5203 aut
3095 5148 3215 5204 sine
3267 5151 3377 5205 Deo
3427 5150 3607 5205 Deus?

326 5235 414 5291 Τὰ
438 5235 671 5291 τοιαῦτα
700 5236 811 5307 γὰρ
843 5236 879 5307 ἡ
912 5236 1013 5307 μὲν
1039 5233 1218 5291 ἔννοια
1244 5235 1560 5305 ὑποϐάλλει,
1594 5240 1627 5309 ἡ
1673 5239 1731 5294 δὲ
1754 5239 1914 5293 stlat-

2018 5245 2115 5291 aut
2141 5235 2384 5307 impius?
2415 5244 2511 5291 aut
2542 5236 2819 5294 inﬁdelis?
2844 5239 3066 5296 Minime
3100 5258 3254 5296 vero.
3276 5244 3403 5298 Haec
3441 5243 3605 5312 igitur

329 5327 458 5383 ϐεια
490 5328 675 5398 λέγειν
695 5328 800 5383 οὐκ
836 5326 1149 5400 ἐπιτρέπει.

2016 5336 2072 5384 et
2124 5328 2323 5384 horum
2380 5328 2579 5384 similia
2639 5332 2882 5402 suggerit
2933 5332 3214 5403 cegitatio,
3270 5335 3365 5389 sed
3428 5334 3602 5404 pietas

2017 5421 2198 5491 eloqui
2232 5436 2343 5477 non
2377 5422 2673 5492 permittit.

418 5597 433 5631 ¹
465 5596 510 5654 il
546 5596 691 5656 Tim.
731 5613 793 5668 tt,
824 5598 913 5659 l9.
991 5602 1014 5635 ³
1045 5599 1236 5657 Matth.
1271 5617 1397 5665 xxv,
1432 5602 1521 5655 12.

377 5788 487 5871 ,(5)
523 5788 748 5872 Adhtec
796 5792 994 5872 verba,
1033 5792 1263 5872 aethon;
1389 5825 1458 5835 —-
1556 5796 1778 5872 ᾌρεοττἶ
1804 5797 1922 5872 Ato-

2032 5799 2260 5872 Πλάτων
2293 5801 2389 5852 καὶ.
2422 5800 2471 5853 oi
2523 5803 2683 5872 περὶδ
2705 5799 2869 5855 αὑτὸν
2920 5800 3064 5866 ιδέας
3114 5797 3337 5863 τούτους
3393 5798 3610 5869 ὠνόμαν

330 5859 539 5927 νύσιος,
585 5859 927 5927 Mosquensis
974 5864 1137 5921 ihoc
1184 5865 1451 5922 seholium
1506 5859 1667 5921 habet
1705 5880 1720 5920 :
1765 5865 1823 5919 '0
1865 5867 1921 5919 δὲ

855 5864 927 5920 sis
974 5864 1137 5921 ihoc
1184 5865 1451 5922 seholium
1506 5859 1667 5921 habet
1705 5880 1720 5920 :
1765 5865 1823 5919 Ὀ
1865 5867 1921 5919 δὲ
2032 5870 2142 5925 ἴον.
2175 5869 2453 5925 Manum.
