4048 6574
470 390 571 465 151

1710 393 2095 455 summu
2134 382 2489 456 ZIGABENI
3644 364 3731 456 153

471 507 612 565 Item
669 506 1016 563 communiter
1060 509 1125 563 de
1178 507 1306 575 Deo,
1361 506 1586 564 Joannis
1638 509 1951 564 Damasceui
1997 524 2037 562 e;

2168 510 2294 563 Ἔτι
2343 510 2473 580 περὶ
2522 510 2670 565 Θεοῦ
2717 510 2931 574 κοινῶς
2971 510 3078 564 τοῦ
3109 509 3511 581 Δαμασκηνοῦ
3549 510 3728 577 κεφά-

1124 594 1298 662 capt'te
1331 593 1420 649 ﬂ.

538 732 805 799 Quoniam
869 744 1050 787 autem
1094 733 1329 802 plurima
1370 733 1438 789 de
1502 732 1632 800 Deo,
1709 735 2039 805 corporibus

469 824 611 877 aillni
649 820 885 891 quadam
940 819 1151 873 ratione
1180 820 1236 873 in
1267 818 1447 873 sacris
1479 815 1707 875 Litteris
1740 821 2040 893 symbolice

422 962 423 965 η
470 931 533 964 :u‘.
568 930 660 981 per
707 913 934 980 figuram
982 911 1130 964 dicta
1183 910 1524 980 reperimus;
1567 910 1702 965 illud
1748 927 2041 968 noscamus

418 1008 423 1067 ἒ
470 1013 708 1075 upurlcl,
750 1005 865 1058 fieri
910 1018 1021 1057 non
1065 1018 1248 1071 posse,
1287 1010 1345 1056 ιιι
1386 1018 1488 1059 nos
1532 1004 1625 1075 qui
1667 1004 1920 1059 homines
1949 1022 2040 1060 su-

471 1115 615 1161 mus,
648 1111 951 1165 crassaque
1000 1109 1169 1150 carne
1214 1095 1565 1157 invulvimur,
1630 1097 1843 1152 divinas
1896 1097 2036 1156 illas.

465 1199 517 1241 «ιι
559 1189 843 1252 excelsas;
897 1184 1396 1255 immaterialesquc
1446 1186 1761 1240 Divinitatis
1795 1187 2039 1240 actiones

467 1280 842 1349 intelligamus
878 1292 943 1330 ac
974 1290 1228 1331 sermone
1263 1276 1716 1346 complectamur,
1762 1278 1866 1331 nisi
1907 1278 2037 1347 figu-

467 1370 543 1423 ris
587 1376 641 1423 et
696 1366 1065 1436 imaginibus,
1099 1365 1385 1436 signisque
1430 1375 1640 1420 naturae
1674 1378 1874 1421 nostra!
1904 1384 2033 1421 con-

465 1460 743 1514 scntaneis
774 1466 1018 1513 utamur.
1138 1458 1412 1525 Quocirca
1448 1475 1508 1513 ea
1548 1460 1731 1514 omnia
1760 1477 1881 1531 quae
1920 1477 2038 1516 cor-

465 1565 631 1620 porea
687 1550 772 1605 vel
824 1549 1104 1620 paululum
1166 1550 1384 1605 ratione
1444 1551 1511 1605 dc
1577 1552 1684 1607 Deo
1745 1554 2033 1607 enuntiata

464 1652 615 1709 sunt,
650 1642 878 1713 figurate
909 1642 1053 1697 dicta
1090 1653 1240 1709 sunt,
1290 1644 1653 1714 altioremque
1684 1660 1907 1699 sensum
1951 1646 2035 1699 in-

462 1736 731 1789 cludunt:
791 1735 995 1805 quippe
1046 1751 1169 1789 cum
1239 1733 1383 1790 Deus
1444 1736 1680 1806 simplex
1744 1737 2035 1807 omnisque

462 1831 653 1896 figurae
690 1842 887 1896 expers
918 1827 1177 1882 exsistat.
1231 1824 1405 1897 Igitur
1458 1844 1554 1897 per
1583 1828 1794 1892 oculos,
1840 1839 1890 1883 et
1922 1830 2034 1898 pal-

460 1922 683 1990 pebras,
715 1922 1005 1990 visuraque
1040 1920 1156 1984 Dei,
1197 1921 1305 1973 vim
1354 1920 1530 1989 ipsius
1568 1936 1749 1975 rerum
1786 1922 2030 1975 omnium

462 2012 872 2080 inspectricem,
906 2018 1071 2080 atque
1100 2008 1373 2080 ejusmodi
1418 2011 1787 2081 cognitionem
1830 2011 2033 2065 intelli-

460 2117 675 2171 gamus,
707 2116 869 2172 quam
902 2116 989 2156 res
1024 2102 1171 2155 nulla
1208 2100 1379 2171 fugiat
1413 2122 1425 2156 :
1458 2110 1515 2156 ut
1542 2104 1798 2156 nimirum
1832 2118 2030 2158 sensus

458 2195 772 2249 ministerio
803 2195 1097 2265 perfectior
1138 2196 1297 2250 nobis
1340 2206 1501 2265 atque
1551 2195 1757 2250 certior
1788 2196 2030 2266 cognitio

460 2285 706 2341 accedat.
734 2286 837 2341 Per
868 2301 1031 2341 aures
1062 2294 1115 2341 et
1138 2286 1383 2341 auditum
1442 2286 1615 2356 ipsius
1650 2286 1714 2339 ad
1746 2286 2031 2357 ignoscen-

461 2380 592 2432 dum
646 2379 1070 2449 propensionem
1235 2383 1399 2447 atque
1514 2376 1569 2431 in
1691 2378 2031 2447 excipiendis

459 2468 721 2539 precibus
770 2469 978 2524 nostris
1015 2469 1433 2540 benignitatem.
1476 2466 1728 2523 Solemus
1769 2470 1911 2524 enim
1939 2484 2031 2539 per

463 2561 610 2616 hunc
638 2575 865 2617 sensum
905 2562 972 2616 iis
1017 2562 1111 2631 qui
1164 2561 1324 2617 nobis
1361 2561 1640 2631 supplices
1689 2570 1840 2625 sunt,
1876 2561 2031 2615 mites

460 2671 564 2710 nos
595 2654 895 2725 facilesque
947 2654 1232 2724 praebere;
1291 2653 1586 2723 benignius
1639 2653 1889 2707 videlicet
1935 2666 2031 2705 au-

458 2760 573 2797 rem
606 2743 739 2813 ipsis
783 2746 1159 2798 admoventes.
1202 2741 1304 2798 Per
1331 2759 1391 2799 os
1430 2759 1494 2797 ac
1540 2744 1891 2807 locutionem,
1931 2758 2029 2796 vo-

460 2836 690 2890 luntatis
741 2836 917 2905 ipsius
969 2836 1398 2890 declarationem
1448 2836 1777 2905 accipimus.
1816 2835 2029 2905 Quippe

459 2943 563 2983 nos
590 2942 807 2997 quoque
841 2926 1028 2983 abdita
1069 2927 1258 2981 cordis
1304 2941 1467 2981 sensa
1505 2942 1601 2996 per
1631 2942 1693 2982 os
1722 2934 1775 2981 et
1815 2938 2027 2983 sermo-

459 3034 584 3072 nem
616 3020 943 3089 promimus.
977 3016 1084 3073 Per
1120 3018 1303 3073 cibum
1354 3028 1409 3071 et
1457 3026 1666 3085 potum,
1714 3024 2027 3086 promptum

460 3116 714 3164 nostrum
764 3108 832 3164 ad
890 3109 1234 3164 voluntatem
1298 3120 1610 3161 accessum.
1661 3106 1876 3161 Etenim
1930 3120 2029 3161 nos

462 3213 684 3270 quoque
727 3200 1105 3255 necessarium
1150 3210 1360 3254 natura:
1418 3200 1716 3268 appetitum
1747 3199 2028 3267 explemus

462 3305 563 3360 per
608 3298 804 3362 gustus
848 3306 1094 3348 sensum.
1131 3288 1235 3345 Per
1265 3290 1549 3355 olfactum,
1604 3290 1709 3344 vim
1746 3304 1885 3357 eam,
1920 3304 2027 3359 qua

461 3380 851 3451 cogitationem
928 3396 994 3437 ac
1060 3382 1499 3437 benevolentiam
1572 3389 1786 3452 gratam
1869 3394 2031 3435 acce-

464 3478 722 3535 ptatnque
754 3462 939 3515 habet.
992 3463 1274 3531 blquluem
1300 3466 1353 3515 et
1386 3476 1485 3515 nos
1519 3466 1750 3514 odorum
1784 3461 2038 3530 fragran-

459 3559 591 3612 tiam
650 3571 748 3627 per
802 3554 948 3608 hunc
999 3568 1223 3610 sensum
1287 3555 1616 3626 excipimus.
1665 3554 1768 3610 Per
1813 3556 2034 3621 faciem,

461 3647 637 3721 ipsius
666 3662 764 3719 per
793 3662 959 3718 opera
984 3646 1509 3704 demonstrationem
1542 3662 1605 3702 ac
1634 3648 2035 3704 ostensionem.

459 3742 691 3812 Quando
734 3742 955 3814 quidem
1021 3758 1123 3797 nos
1172 3757 1391 3813 quoque
1420 3758 1487 3797 ex
1518 3743 1673 3797 vultu
1702 3757 1909 3811 oreque
1940 3757 2038 3812 pa-

459 3839 567 3892 lam
623 3836 1021 3908 dignoscimur.
1087 3833 1190 3890 Per
1246 3849 1466 3898 manus,
1533 3834 1808 3889 actionem
1867 3834 2039 3899 illam,

459 3945 568 4002 qua
595 3944 764 4000 opera
794 3944 893 3986 sua
915 3928 1179 3984 absolvit.
1220 3928 1360 3981 Nam
1394 3941 1497 3980 nos
1537 3927 1705 3980 etiam
1739 3924 2041 3980 utilissima

458 4039 693 4095 quaeque
722 4030 776 4077 et
811 4020 1273 4091 praestantissima
1326 4033 1493 4088 opera
1532 4017 1745 4073 nostris
1780 4015 2043 4070 manibus

458 4116 746 4173 edicimus.
774 4112 879 4169 Per
905 4113 1209 4179 dexteram,
1245 4111 1425 4181 ipsius
1462 4113 1517 4166 in
1570 4112 1735 4167 rebus
1780 4110 2042 4168 secundis

458 4224 620 4282 opem
659 4217 716 4264 et
748 4207 1057 4270 auxilium;
1099 4221 1165 4261 ex
1194 4220 1260 4261 eo
1296 4220 1492 4276 nempe
1523 4204 1673 4275 quod
1708 4220 1810 4261 nos
1857 4205 1913 4259 in
1950 4220 2040 4259 re-

458 4302 564 4359 bus
633 4298 1062 4372 insignioribus,
1115 4313 1353 4375 quaeque
1438 4297 1747 4365 plurimum
1820 4295 2044 4352 roboris

460 4392 772 4463 requirunt,
812 4389 1009 4447 dextra
1076 4389 1261 4460 potius
1314 4388 1529 4442 utimur
1580 4402 1769 4441 manu.
1826 4384 1931 4441 Per
1962 4394 2044 4439 ta-

2810 600 2991 651 λαιον
3024 598 3120 654 ια’.

2234 737 2389 792 Ἐπεὶ
2418 737 2473 789 δὲ
2504 736 2729 787 πλεῖστα
2750 733 2881 803 περὶ
2909 733 3045 787 Θεοῦ
3080 734 3552 805 σωματικώτερον
3576 734 3633 786 ἐν
3655 734 3724 801 τῇ

2161 817 2281 891 θείᾳ
2311 821 2499 892 Γραφῇ
2532 822 2879 892 συμϐολικῶς
2910 823 3178 894 εἰρημένα
3215 823 3565 894 εὑρίσκομεν,
3593 824 3730 874 εἰδέ-

2160 924 2247 962 ναι
2276 910 2405 980 χρὴ,
2457 910 2531 975 ὡς
2565 911 2886 983 ἀνθρώπους
2932 912 3091 976 ὄντας
3134 913 3304 984 ἡμᾶς,
3346 914 3440 966 καὶ
3487 914 3549 965 τὸ
3582 912 3728 982 παχὺ

2162 1000 2315 1053 τοῦτο
2342 1002 2563 1072 σαρκίον
2592 1004 3030 1075 περικειμένους,
3060 1004 3156 1067 τὰς
3184 1003 3354 1067 Θείας,
3380 1006 3472 1057 καὶ
3498 1003 3729 1073 ὑψηλὰς,

2160 1094 2255 1145 καὶ
2293 1094 2489 1158 ἀύλους
2532 1095 2633 1165 τ’ἧς
2664 1096 2928 1167 Θεὸτητος
2977 1096 3260 1168 ἐνεργείας
3312 1099 3451 1149 νοεῖν
3485 1095 3517 1166 ἦ
3554 1096 3733 1163 λέγειν

2157 1186 2437 1253 ἀδύνατον,
2470 1189 2518 1241 εί
2542 1188 2614 1259 μὴ
2648 1189 2817 1242 εἰκόσι
2846 1190 2941 1243 καὶ
2969 1188 3160 1252 τύποις
3184 1188 3278 1242 καί⁵
3310 1188 3598 1259 συμϐόλοις
3622 1191 3734 1251 τοῖς

2159 1278 2281 1330 καθ’
2302 1281 2447 1349 ἡμᾶς
2480 1280 2823 1351 χρησαίμεθα
2847 1289 2895 1335 ⁸.
2927 1282 3067 1334 Ὀσα
3087 1281 3268 1333 τοίνυν
3312 1281 3441 1350 περὶ
3466 1279 3602 1333 Θεοῦ
3631 1297 3733 1331 σω-

2161 1369 2530 1442 ματικώτερον
2570 1374 2805 1445 εἴρηται,
2853 1372 3199 1443 συμϐολικῶς
3245 1374 3361 1425 ἐστι
3391 1372 3729 1441 λελεγμένα’

2159 1461 2269 1531 ἔχει
2314 1462 2367 1515 δὲ
2411 1464 2747 1535 ὑψηλοτέραν
2789 1465 3058 1519 διάνοιανο
3097 1464 3299 1519 ἁπλοῦν
3337 1464 3445 1534 γὰρ
3477 1464 3539 1517 τὺ
3579 1463 3733 1516 Θεῖον

2158 1556 2251 1605 καὶ
2292 1554 2716 1625 ἀσχημάτιστον.
2761 1556 3101 1626 Ὀφθαλμοὺς
3144 1556 3242 1626 μὲν
3274 1551 3368 1609 οὖν
3406 1552 3541 1608 Θεοῦ
3566 1594 3581 1619 ,
3637 1554 3734 1606 καὶ

2160 1644 2420 1713 βλέοραρα,
2478 1648 2573 1698 καὶ
2604 1647 2815 1717 ὅρασιν,
2867 1648 2961 1699 καὶ
2992 1647 3089 1716 τὴν
3129 1646 3384 1701 ἁπάντων
3429 1645 3734 1715 ἐποπτικὴν

2158 1736 2320 1788 αὐτοῦ
2353 1735 2600 1807 δύναμιν,
2629 1738 2722 1790 καὶ
2753 1738 2811 1790 τὸ
2845 1738 3113 1808 ἁλάθητον
3140 1738 3237 1809 τῆς
3280 1737 3447 1791 αὑτοῦ
3476 1738 3729 1806 γνώσεως

2158 1827 2518 1898 ἐννοήσωμεν,
2545 1829 2651 1882 ἀπὸ
2679 1829 2771 1882 τοῦ
2803 1830 2932 1901 παρ’
2965 1832 3095 1900 ἡμῖν
3139 1830 3227 1883 διὰ
3271 1829 3476 1898 ταύτης
3519 1830 3617 1898 τῆς
3647 1828 3732 1880 αἰ-

2084 1928 2126 1982 B
2160 1916 2403 1988 σθὴσεως
2456 1920 2841 1991 ἐντελεστέραν
2893 1920 3093 1989 γνῶσίν
3126 1936 3185 1972 τε
3215 1919 3309 1972 καὶ
3350 1918 3721 1987 πληροφορίαι

2159 2010 2487 2079 ἐγγίνεσθαι.
2521 2007 2659 2065 Ὦτα
2697 2013 2752 2066 δὲ
2792 2012 2885 2066 καὶ
2928 2012 3117 2083 ἀκοὴν,
3163 2010 3224 2063 τὸ
3259 2010 3600 2077 ἐξιλεωτικδν
3634 2010 3733 2061 αὖα

2157 2103 2273 2166 τοῦ,
2304 2104 2397 2157 καὶ
2446 2103 2543 2173 τῆς
2574 2104 2847 2176 ἡμετέρας
2889 2104 3134 2158 δεκτικὸν
3164 2102 3420 2174 δεήσεως.
3461 2103 3571 2155 Καὶ
3619 2103 3732 2172 γὰρ

2159 2198 2319 2267 ἡμεῖς
2346 2198 2459 2261 τοῖς
2486 2196 2585 2261 τὰς
2607 2198 2815 2262 ἱκεσίας
2856 2197 3220 2269 ποιουμένοις,
3257 2196 3343 2249 διὰ
3375 2196 3575 2265 ταύτης
3631 2196 3732 2264 τῆς

2160 2290 2463 2359 αἰσθήσεως
2514 2290 2761 2361 εὐμενεῖς
2809 2290 3093 2361 γινόμεθα,
3137 2288 3502 2361 γνησιώτερον
3542 2288 3731 2350 αὐτοῖς

2160 2380 2218 2433 τὸ
2245 2378 2337 2444 οὖς
2371 2379 2759 2443 ἐπικλίνοντες.
2794 2380 2976 2451 Στὸμα
3004 2381 3061 2435 δὲ
3108 2381 3201 2433 καὶ
3231 2380 3438 2443 λαλιὰν,
3474 2378 3534 2431 τὸ
3564 2378 3733 2433 ἐνδει-

2160 2469 2347 2521 κτικδν
2378 2467 2478 2539 τῆς
2509 2467 2817 2538 βουλήσεως
2851 2468 3039 2532 αὐτοῦ,
3072 2469 3137 2521 ἐκ
3173 2468 3269 2521 τοῦ
3309 2470 3441 2539 παρ’
3466 2469 3596 2539 ἡμῖν
3641 2466 3733 2519 διὰ

2164 2561 2429 2629 στόματος
2458 2562 2551 2614 κα)⁸
2579 2560 2765 2623 λαλιᾶς
2799 2561 3158 2635 σημαίνεσθαι
3191 2560 3260 2614 τὰ
3307 2560 3570 2631 ἐγκάρδια
3602 2559 3733 2630 νοίΓ

2166 2668 2329 2721 ματα.
2388 2651 2597 2722 Βρῶσιν
2628 2652 2684 2705 δὲ
2726 2654 2819 2705 καὶ
2853 2652 3032 2717 πόσιν,
3068 2652 3168 2724 τὴν
3200 2650 3477 2723 ἡμετέραν
3507 2650 3643 2720 πρὸς
3672 2650 3733 2702 τδ

2163 2742 2326 2797 αὐτοῦ
2360 2744 2573 2816 θέλημα
2631 2745 2956 2816 συνδρομήν.
2992 2746 3104 2800 Καὶ
3154 2744 3262 2816 γὰρ
3316 2742 3601 2813 magna
3632 2742 3733 2811 τῆς

2163 2836 2459 2907 γευστικῆς
2488 2836 2912 2910 αίσθήσεως,τὴν
2936 2837 3037 2906 τῆς
3068 2836 3279 2906 φύσεως
3308 2833 3731 2905 ἀναπληροῦμεν

2164 2927 2467 2996 ἀναγκαίαν
2493 2925 2689 2998 ὄρεξιν.
2728 2928 3031 2999 Ὀσφρησιν
3051 2928 3127 2994 δὲ,
3155 2927 3215 2981 τὸ
3240 2926 3612 2981 ἀποδεικτικλδν
3634 2924 3733 2993 τῆς

2169 3021 2302 3089 πρὸς
2332 3018 2493 3073 αὐτὸν
2547 3019 2754 3081 ἐννοίας
2773 3017 3184 3080 τεκαὶεύνοίας,
3231 3018 3294 3069 ἐκ
3325 3016 3417 3069 τοῦ
3451 3014 3579 3085 παρ’
3600 3015 3732 3085 ἡμῖν

2166 3110 2250 3163 διὰ
2278 3108 2480 3178 ταύτης
2506 3110 2604 3179 τῆς
2634 3104 3061 3177 αἰσθήσεως,τὴν
3092 3108 3189 3176 τῆς
3212 3104 3440 3163 εὐωδίας
3463 3102 3731 3171 ἀποδοχὴν

2086 3202 2127 3260 C
2168 3200 2499 3269 ἐγγίνεσθαι.
2521 3200 2813 3270 Πρύτωπον
2842 3196 2919 3263 δὲ,
2952 3197 3050 3263 τὴν
3069 3196 3134 3248 δι’
3166 3195 3339 3266 ἔργων
3363 3194 3528 3247 αὑτοῦ
3566 3193 3733 3245 ἔνδει-

2170 3292 2249 3359 ξίν
2282 3308 2341 3345 τε
2372 3291 2464 3344 καὶ
2520 3289 2913 3359 ἐμφάνειαν,ὲκ
2962 3286 3056 3339 τοῦ
3110 3286 3208 3355 τὴν
3238 3285 3515 3356 ἡμετέραν
3553 3283 3737 3353 ἐμφὰ·

2168 3402 2317 3438 νειαν
2338 3383 2427 3437 διὰ
2459 3381 2751 3454 προσώπου
2783 3380 3263 3449 γίνεσθαι.Χετρας
3296 3376 3375 3440 δὲ,
3424 3377 3485 3429 τὸ
3518 3377 3741 3430 ἀνυστι-

2145 3464 2239 3517 κδν
2267 3461 2368 3533 τῆς
2389 3462 2669 3533 ἐνεργείας
2698 3462 2888 3519 αὐτοῦ.
2907 3464 3017 3517 Καὶ
3046 3465 3155 3535 γὰρ
3186 3464 3348 3533 ἡμεῖς
3379 3462 3445 3515 τὰ
3473 3463 3741 3533 χρειώδηο

2146 3556 2242 3609 καὶ
2274 3555 2509 3625 μάλιστα
2541 3555 2844 3628 τιμιώτερα
2872 3555 2960 3610 διὰ
3009 3556 3118 3609 τῶν
3152 3554 3376 3609 οἰκείων
3438 3556 3745 3627 κατορθοῦ-

2149 3666 2248 3719 μεν
2276 3648 2495 3718 χειρῶν.
2542 3648 2733 3715 Δεξιὰν
2785 3648 2865 3713 δὲ,
2916 3648 3015 3721 τὴν
3042 3649 3135 3702 ἐπὶ
3168 3652 3281 3711 τοῖς
3328 3649 3528 3713 αἰσίοις
3563 3650 3740 3705 αὑτοῦ

2147 3742 2423 3811 βοήθειαν,
2446 3742 2510 3795 ἐκ
2537 3739 2631 3794 τοῦ
2661 3741 2756 3795 καὶ
2781 3744 2931 3812 ἡμᾶς
2965 3743 3166 3812 μᾶλλον
3192 3742 3413 3795 ἐπὶτῶν
3457 3744 3743 3813 εὐσχημο-

2144 3836 2339 3903 τέρων,
2374 3836 2469 3888 καὶ
2498 3836 2867 3905 τιμιωτέρων,
2911 3836 3007 3889 καὶ
3030 3836 3290 3907 πλείστης
3328 3833 3513 3906 ἰσχύος
3541 3836 3741 3907 δεομέ-

2145 3940 2252 3976 νων
2282 3926 2349 3994 τῇ
2380 3923 2532 3995 δεξιᾷ
2560 3924 2886 3995 κεχρῆσθαι.
2920 3924 3255 3996 Ψηλᾴφησιν
3280 3925 3357 3989 δὲ,
3389 3927 3491 3998 τὴν
3513 3926 3742 3997 ἀκριϐεο

2148 4015 2347 4086 στέραν
2379 4016 2569 4081 αὐτοῦ,
2598 4019 2693 4070 καὶ
2724 4018 2821 4089 τὴν
2852 4017 2972 4071 λίαν
3001 4018 3216 4072 λεπτῶν
3241 4036 3321 4083 τε,
3353 4022 3450 4074 καὶ
3477 4020 3740 4091 κρυπτῶν

2144 4106 2436 4176 διάγνωσίν
2464 4126 2543 4175 τε,
2583 4110 2679 4163 καὶ
2723 4110 3031 4182 εἴσπραξιν,
3062 4113 3127 4165 ἐκ
3166 4111 3259 4165 τοῦ
3305 4114 3435 4185 παρ’
3470 4116 3604 4183 ἡμῖν
3660 4112 3742 4185 μὴ

2144 4200 2407 4253 δύνασθαι
2426 4202 2552 4264 τοὺς
2579 4201 3021 4272 ψηλαφωμένους
3048 4204 3104 4256 ἐν
3130 4204 3345 4267 ἑαυτοῖς
3369 4222 3422 4257 τι
3447 4204 3740 4277 κρύπτειν.

2146 4292 2322 4353 Πέδας
2341 4292 2398 4345 δὲ
2429 4294 2523 4347 καὶ
2557 4293 2788 4363 βάδισιν,
2822 4296 2922 4365 τὴν
2944 4295 3080 4366 πρὸς
3117 4297 3441 4368 ἐπικουρίαν
3476 4296 3586 4351 τῶν
3619 4297 3743 4352 δεο-

2148 4384 2350 4454 μένων,
2401 4384 2435 4455 ἡ
2489 4385 2700 4455 ἐχθρῶν
2742 4387 2975 4457 ἄμυναν,
3035 4388 3275 4459 ἢᾶλλην
3313 4388 3439 4443 τινὰ
3504 4387 3731 4461 πρᾶξιν,

458 4496 634 4550 ctum,
666 4483 1039 4541 certissimam
1091 4481 1267 4552 ipsius
1311 4480 1814 4535 minutissimarum
1850 4493 1917 4533 ac
1950 4492 2037 4532 oc-

2152 4476 2358 4530 ἕλευσίν
2388 4495 2471 4544 τε,
2504 4479 2599 4532 καὶ
2631 4479 2956 4551 παρουσίαν,
2982 4479 3047 4535 ἐκ
3085 4480 3180 4534 τοῦ
3214 4484 3345 4552 παρ’
3369 4484 3505 4553 ἡμῖν
3524 4482 3611 4535 διὰ
3637 4483 3742 4553 τῆς

458 4578 896 4635 cultissimarum
957 4588 1143 4631 rerum
1195 4572 1640 4644 explorationem
1680 4580 1735 4627 et
1791 4571 2043 4627 exactio-

458 4683 633 4724 nem:
693 4665 766 4722 ob
827 4664 883 4721 id
932 4666 1167 4733 scilicet,
1249 4663 1396 4734 quod
1456 4663 1535 4717 illi
1597 4677 1841 4733 quoque,
1901 4677 2042 4730 quos

459 4766 894 4822 contrectamus,
950 4758 1090 4812 nihil
1134 4757 1191 4813 in
1222 4773 1283 4813 se
1334 4758 1619 4812 occultare
1671 4764 1903 4827 queant.
1938 4756 2043 4810 Per

459 4849 631 4919 pedes
660 4858 716 4904 et
744 4848 1138 4913 incessionem,
1176 4848 1478 4902 adventum
1509 4848 1688 4916 ipsius
1718 4856 1773 4901 et
1804 4861 2043 4916 praesen-

460 4945 618 5006 tiam,
674 4940 759 4995 vel
804 4939 873 4995 ad
926 4954 1086 5010 opem
1135 4939 1427 5011 egentibus
1480 4938 1787 5007 ferendam,
1843 4939 1929 4994 vel
1976 4938 2047 4993 ad

462 5037 653 5093 hostes
688 5033 1060 5097 ulciscendos,
1091 5034 1176 5090 vel
1232 5034 1301 5089 ad
1332 5049 1448 5090 rem
1496 5034 1661 5088 aliam
1697 5033 1995 5105 gerendam
2029 5052 2044 5089 :

460 5128 611 5200 quod
661 5127 924 5181 nimirum
959 5126 1121 5181 nobis
1152 5141 1376 5197 quoque
1407 5127 1513 5181 hoc
1550 5126 1718 5197 pedes
1762 5134 2046 5199 praestent,

463 5230 523 5273 ut
552 5218 622 5274 ad
657 5218 839 5273 locum
870 5216 1112 5286 aliquem
1159 5216 1571 5285 perveniamus.
1625 5215 1732 5271 Per
1759 5217 2050 5287 jusjuran-

462 5316 615 5375 dum,
669 5310 895 5367 consilii
944 5309 1067 5379 cjus
1112 5308 1669 5365 itumutaliilitatem:
1722 5309 1870 5381 quod
1902 5310 2048 5381 apud

465 5423 567 5463 nos
621 5402 1346 5476 interpositojurejurando
1387 5414 1572 5457 mutua
1621 5413 1781 5473 pacta
1828 5403 2052 5457 firmen-

462 5510 575 5554 tur.
621 5498 725 5553 Per
786 5500 926 5552 iram
979 5504 1033 5552 et
1083 5496 1346 5560 furorem,
1406 5495 1679 5551 infensam
1738 5498 1860 5567 cjus
1918 5510 2048 5565 erga

464 5588 734 5643 malitiam
778 5587 1123 5642 voluntatem
1173 5601 1238 5642 ac
1296 5585 1509 5651 odium,
1562 5584 1697 5639 Nam
1748 5595 1799 5640 et
1830 5600 1930 5640 nos
1984 5599 2047 5639 ea

464 5694 586 5749 qure
619 5692 745 5731 cum
797 5675 1082 5731 voluntate
1125 5682 1180 5730 et
1220 5675 1491 5731 sententia
1551 5684 1739 5728 nostra
1794 5679 2046 5741 pugnant

463 5773 590 5829 odio
614 5770 897 5838 habentes,
930 5768 984 5829 in
1022 5768 1161 5827 iram
1196 5768 1643 5841 prorumpimus.
1760 5766 1865 5822 Per
1904 5764 2048 5820 obli-

2144 4569 2254 4625 τῶν
2283 4570 2457 4623 ποδῶν
2478 4572 2729 4642 χρήσεως
2750 4572 3137 4628 ἀποτελεῖσθαι
3164 4574 3263 4643 τὴν
3291 4575 3497 4643 ἄφιξιν.
3526 4576 3740 4646 Ὅρκον

2144 4662 2223 4724 δὲ,
2258 4661 2318 4715 τὸ
2356 4662 2694 4733 ἀμετάθετον
2741 4664 2843 4735 τῆς
2898 4664 3095 4735 βουλῆς
3126 4666 3314 4728 αὐτοῦ,
3368 4669 3433 4720 ἐκ
3471 4668 3567 4720 τοῦ
3601 4669 3739 4737 παρ’

2145 4755 2279 4822 ἡμῖν
2316 4753 2383 4806 δι’
2428 4755 2593 4825 ὅρκου
2622 4755 2720 4819 τὰς
2758 4756 2897 4828 πρὸς
2927 4758 3193 4828 ἀλλήλους
3220 4758 3573 4828 βεΰαιοῦσθαι
3605 4777 3738 4812 συν-

2398 4847 2612 4943 ,Ὀργὴν
2649 4848 2706 4901 δὲ
2737 4851 2833 4903 καὶ
2879 4850 3073 4922 θυμὸν,
3108 4851 3207 4921 τὴν
3248 4852 3387 4922 πρὸς
3410 4852 3511 4923 τὴν
3538 4852 3741 4943 κακίακς

2146 4936 2447 5008 ἀπέχθειάν
2498 4957 2559 4993 τε
2612 4940 2707 4993 καὶ
2736 4941 3115 5012 ἀποστροφήν.
3163 4942 3272 4995 Καὶ
3302 4942 3413 5014 γὰρ
3470 4945 3635 5015 ἡμεῖς
3668 4936 3741 4995 τά

2144 5030 2365 5085 ἐναντία
2402 5033 2502 5101 τῆς
2548 5030 2775 5103 γνώμης
2822 5032 3108 5102 μισοῦντες
3138 5033 3496 5105 ὀργιζόμεθα.
3550 5034 3742 5105 Λήθην

2145 5122 2224 5186 δὲ,
2255 5123 2349 5176 καὶ
2412 5122 2602 5187 ὕπνον,
2641 5124 2735 5176 xal.
2784 5124 3118 5194 νυσταγμὸν,
3167 5126 3266 5196 τὴν
3313 5126 3613 5196 ὑπέρθεσιν
3640 5127 3745 5197 τῆς

2147 5216 2256 5269 τῶν
2290 5216 2501 5288 ἐχθρῶν
2554 5215 2793 5286 ἀμύνης,
2829 5216 2926 5268 καὶ
2972 5215 3077 5286 τὴν
3128 5216 3232 5286 τῆς
3284 5218 3549 5287 συνήθους
3603 5218 3747 5288 πρὸς

2149 5310 2276 5373 τοὺς
2309 5310 2545 5371 οἰκείους
2586 5308 2837 5379 βοηθείας
2892 5309 3166 5379 ἀναϐολήν
3186 5325 3200 5341 ·
3232 5311 3327 5363 καὶ
3352 5311 3539 5374 ἁπλῶς
3566 5312 3747 5363 εἰπεῖν

2150 5403 2333 5455 πάντα
2366 5402 2435 5455 τὰ
2468 5401 2799 5470 σωματικῶς
2825 5401 3094 5472 εἰρημένα
3118 5403 3210 5454 ἐπὶ
3235 5402 3392 5468 Θεοῦ,
3423 5402 3748 5474 κεκρυμμέ-

2150 5512 2248 5564 νην
2282 5493 2392 5563 ἕχει
2428 5492 2553 5545 τινὰ
2599 5492 2832 5559 ἔννοιαν,
2874 5494 2940 5545 ἐκ
2969 5495 3076 5546 τῶν
3138 5493 3259 5547 καθ’
3289 5496 3439 5565 ἡμᾶς
3482 5494 3552 5548 τὰ
3600 5496 3747 5566 ὑπὲρ

2149 5588 2298 5656 ἡμᾶς
2350 5585 2794 5651 ἐκδιδάσκουσαν,
2849 5585 2897 5638 εἰ
2932 5586 3006 5656 μή
3045 5603 3097 5638 τι
3127 5586 3254 5656 περ)⁸
3281 5589 3377 5657 τῆς
3423 5587 3749 5657 σωματικῆς

2156 5678 2247 5729 τοῦ
2283 5676 2419 5731 Θεοῦ
2453 5678 2629 5744 Λόγου
2657 5677 2952 5749 ἐπιδημίας
2984 5677 3217 5749 εἴρηται.
3238 5680 3410 5742 Λύτὸς
3434 5680 3540 5749 γὰρ
3566 5680 3749 5733 πάντα

2157 5771 2247 5825 τὸν
2279 5771 2563 5836 ἄνθρωπον
2597 5774 2640 5805 ⁸·
2675 5768 2765 5823 διὰ
2798 5772 2895 5838 τὴν
2932 5771 3209 5837 ἡμετέραν
3252 5772 3527 5836 σωτηρίαν
3561 5772 3749 5826 ἀνεδέ-
