4048 6570
353 443 459 509 153
1311 435 1690 496 PANOPLIA
1731 431 1936 494 DOGM

2040 431 2194 494 ιρι.
2236 455 2305 466 --
2343 432 2494 493 ΤΙΤ.
2537 433 2656 493 III.
3511 430 3614 495 154

348 562 499 626 ξατο,
545 556 727 628 ψυχὴν
765 555 982 626 νοερὲν,
1016 553 1109 608 καὶ
1145 553 1326 624 σῶμα,
1357 553 1449 606 καὶ
1489 569 1558 606 τα
1589 555 1688 622 τῆς
1721 550 1930 620 ἀνθρω-

2040 553 2274 617 rioncm,
2329 567 2582 605 somnum
2632 561 2685 606 et
2737 550 3208 613 dormitationem,
3266 550 3613 605 animadver—

349 655 513 715 πίνης
543 651 762 720 φύσεως
794 648 1084 720 ἰδιώματα,
1114 647 1182 701 τά
1203 665 1259 700 τε
1286 645 1491 716 φυσικὰ
1523 647 1619 699 καὶ
1667 643 1925 714 ἀδιάϐλη-

2040 644 2208 700 sionis
2237 643 2291 698 in
2330 644 2517 698 hostes
2549 644 2888 710 dilationem,
2931 645 3304 714 temporisque
3335 658 3517 696 moras
3552 645 3606 694 in

345 761 415 796 τα
446 743 620 812 πάθη.
2032 735 2236 791 auxilio
2274 745 2538 791 consueto
2577 734 2810 790 ferendo
2881 737 2947 792 iis
2987 752 3127 806 quos
3162 736 3358 791 charos
3404 751 3468 789 ac
3510 750 3610 789 nc-

347 839 624 895 cessarios
665 836 850 892 habet.
904 834 1174 905 Denique,
1205 841 1264 887 ut
1296 848 1406 888 uno
1434 833 1602 888 verbo
1643 832 1844 892 dicam,
1879 829 1931 886 in
1967 831 2032 886 iis
2055 830 2313 885 omnibus
2343 847 2464 900 qua:
2497 831 2565 885 de
2596 831 2708 885 Deo
2732 847 2997 900 corporeo
3029 831 3191 886 modo
3227 830 3604 892 enuntientur,

326 932 635 1014 iabstrusus
668 931 888 1000 quidam
921 943 1118 984 sensus
1152 927 1330 993 inest,
1370 942 1480 996 quo
1509 941 1607 997 per
1642 925 1732 980 illa
1764 941 1884 994 quae
1912 924 2071 980 nobis
2105 934 2453 995 congruunt,
2487 940 2550 978 ea
2585 941 2706 994 qua:
2741 941 2904 994 supra
2940 942 3043 980 nos
3085 937 3214 981 sunt
3253 929 3548 982 edocetnur
3583 947 3596 982 :

326 1015 456 1077 'nisi
488 1024 628 1079 forte
662 1023 944 1093 quidpiam
981 1021 1050 1077 de
1077 1035 1345 1091 corporeo
1374 1021 1470 1075 Dei
1496 1021 1732 1074 adventu
1762 1019 1972 1073 dictum
2002 1026 2110 1073 est.
2136 1017 2272 1074 Nam
2315 1016 2433 1086 ipse
2465 1028 2638 1072 totum
2674 1017 2954 1072 hominem
2983 1019 3175 1073 salutis
3208 1030 3408 1074 nostrae
3438 1035 3604 1072 causa

347 1118 636 1188 suscepit;
677 1117 781 1171 hoc
809 1125 896 1171 est
939 1115 1177 1169 animam
1213 1114 1608 1185 intelligentem
1631 1153 1646 1178 ,
1695 1123 1749 1168 et
1785 1128 2006 1183 corpus,
2040 1121 2204 1182 atque
2245 1112 2493 1166 humana:
2525 1121 2733 1167 natura:
2766 1110 3166 1184 proprietates,
3200 1128 3414 1168 necnon
3447 1125 3610 1167 natu-

348 1213 517 1274 rales,
553 1211 798 1280 nullique
825 1208 1242 1280 reprehensioni
1278 1207 1544 1262 obnoxias
1577 1206 1880 1277 passiones.

498 1307 611 1362 Τοῦ
651 1304 839 1360 αὑτοῦ
877 1303 1012 1372 περὶ
1058 1303 1270 1356 τόπου.
1306 1300 1646 1370 Κεφάλαιον
1697 1305 1766 1368 ιγ’

430 1401 608 1462 Τόπος
651 1397 772 1451 ἐστὶ
833 1395 1145 1466 σωματικὸς
1193 1395 1370 1464 πέρας
1418 1391 1515 1446 τοῦ
1563 1391 1930 1462 περιέχοντος,

2379 1297 2628 1368 Ejusdem
2673 1299 2736 1353 de
2775 1298 2906 1362 loco,
2936 1315 2999 1354 ea:
3029 1300 3242 1369 cap.l'5.

2101 1393 2280 1449 Locus
2318 1407 2614 1462 corporeus
2640 1399 2722 1447 est
2757 1392 3022 1448 terminus
3075 1394 3434 1458 continentis,
3476 1412 3612 1466 qua—

347 1493 473 1546 καθ⁹
496 1493 524 1546 ὃ
573 1491 890 1562 περιέχεται
925 1489 988 1541 τὸ
1025 1488 1436 1557 περιεχόμενον.
1473 1482 1597 1538 Οἷον
1627 1487 1653 1538 6
1687 1485 1794 1554 ἀὴρ
1833 1502 1934 1536 πε-

2040 1492 2187 1538 lenus
2214 1483 2458 1538 continet
2482 1483 2557 1544 id,
2590 1484 2735 1553 quod
2770 1483 3104 1538 continetur.
3147 1484 3388 1555 Exempli
3415 1488 3612 1557 gratia,

348 1586 551 1656 ριὲχει,
581 1584 640 1636 τὸ
672 1583 730 1637 δὲ
761 1582 921 1651 σῶμα
952 1579 1286 1650 περιέχεται.
1317 1579 1429 1647 Οὐχ
1454 1575 1573 1640 ὅλος
1624 1575 1681 1628 δὲ
1718 1576 1745 1627 6
1780 1592 1934 1645 περι..

349 1679 494 1746 έχων
517 1677 624 1747 ἀὴρ
641 1675 804 1737 τόπος
834 1674 951 1726 ἐστὶ
973 1670 1067 1725 τοῦ
1090 1671 1478 1741 περιεχομένου
1500 1667 1772 1737 σώματος,
1796 1666 1931 1720 ἀλλὰ

347 1771 410 1824 τὸ
442 1771 598 1832 τέλος
625 1768 720 1824 τοῦ
761 1767 1106 1839 περιέχοντος
1140 1766 1302 1835 ἀέρος
1326 1764 1387 1816 τὸ
1415 1763 1789 1832 ἐφαπτόμενον
1835 1758 1928 1814 τοῦ

349 1863 751 1934 περιεχομένου
782 1861 1054 1930 σώματος.
1097 1857 1246 1911 Ἐστι
1281 1857 1336 1910 δὲ
1369 1858 1460 1909 κοιλ⁵
1513 1854 1701 1924 νοητὸς
1740 1853 1928 1916 τόπος,

2028 1591 2120 1630 aer
2150 1575 2393 1630 continet
2423 1575 2588 1630 hocce
2630 1586 2861 1645 'corpus.
2907 1574 3108 1630 Verum
3152 1592 3260 1630 non
3310 1588 3474 1645 totus,
3523 1583 3611 1648 qui

2029 1668 2439 1738 comprehendit
2469 1684 2583 1735 aer,
2616 1669 2996 1738 comprehensi
3048 1670 3291 1737 corporis
3326 1669 3478 1724 locus
3505 1683 3613 1737 est,

2030 1763 2125 1816 sed
2159 1761 2300 1814 acris
2354 1759 2645 1813 ambientis
2691 1759 3028 1824 extremitas,
3075 1774 3196 1828 qute
3229 1776 3426 1829 corpus
3459 1776 3610 1814 com—

2034 1855 2366 1926 prehensum
2401 1854 2633 1925 attingit.
2667 1851 2819 1918 Quod
2851 1861 3033 1906 autem
3083 1853 3347 1915 continet,
3390 1853 3616 1907 omnino

349 1931 485 2012 ἒνῦα
519 1931 762 2020 νοεῖται,
818 1953 914 2006 καὶ
967 1952 1114 2005 ἔστιν
1180 1953 1212 2020 ἡ
1267 1947 1434 2020 νοητὴ
1492 1948 1588 2002 καὶ
1639 1945 1928 2016 ἀσώματος

2040 1944 2086 1998 in
2124 1959 2189 1998 eo
2223 1951 2460 2009 nonest,
2519 1942 2664 2012 quod
2714 1944 3043 1996 continetur.
3101 1941 3192 1996 Est
3241 1942 3402 1995 etiam
3461 1943 3612 1995 locus

351 2053 520 2122 φύσις
540 2068 552 2081 ο
583 2047 822 2118 ἔνθαπέρ
853 2047 971 2099 ἐστι
1001 2045 1096 2097 καὶ
1127 2043 1360 2111 ἐνεργεῖ,
1391 2038 1482 2091 καὶ
1510 2039 1570 2091 οὐ
1603 2036 1930 2108 σωματικῶς

353 2143 700 2214 περιέχεται,
743 2139 879 2192 ἀλλὰ
924 2136 1151 2206 νοητῶς.
1194 2135 1268 2187 Οὐ
1309 2135 1416 2202 γὰρ
1453 2132 1567 2202 ἔχει
1600 2131 1810 2202 σχῆμα,
1844 2127 1934 2181 ἵνα

353 2235 693 2307 σωματικῶς
723 2231 1043 2304 περιοχεθῇ.
1087 2229 1148 2283 '0
1190 2228 1289 2298 μὲν
1335 2222 1430 2280 οὖν
1463 2225 1596 2290 Θεὸς
1636 2226 1796 2287 ἆῦλος
1837 2223 1932 2290 ὢν,

354 2330 454 2383 καὶ
488 2326 902 2398 ἀπερίγραπτος
951 2325 1008 2376 ὲν
1054 2321 1204 2391 τόπῳ
1242 2320 1343 2372 οὐκ
1382 2319 1554 2371 ἔστιν.
1599 2315 1773 2378 Αὐτὸς
1825 2316 1935 2386 γὰρ

355 2418 560 2474 ἑαυτοῦ
600 2419 760 2480 τόπος
818 2417 966 2470 ἐστὶν
1003 2415 1030 2467 ό
1068 2414 1134 2468 τὰ
1189 2411 1478 2481 σύμπαντα
1543 2409 1788 2480 πληρῶν,
1841 2410 1936 2460 καὶ

357 2512 504 2582 ὑπὲρ
529 2509 598 2564 τὰ
631 2508 810 2563 πάντα
835 2503 934 2569 ὢν,
962 2504 1057 2558 καὶ
1109 2502 1275 2565 αὐτὸς
1327 2499 1564 2570 συνέχων
1612 2500 1678 2552 τὰ
1735 2500 1933 2552 πάντα.

358 2602 598 2669 Λέγεται
645 2597 700 2651 δὲ
751 2597 848 2652 καὶ
895 2597 955 2649 ὲν
991 2593 1142 2663 τόπῳ
1177 2585 1336 2656 εἶναι,
1372 2590 1466 2642 καὶ
1515 2588 1734 2657 λέγεται
1773 2587 1935 2648 τόπος

358 2695 525 2761 Θεοῦ,
558 2694 687 2748 ἔνθα
713 2689 933 2760 ἔκδηλος
961 2690 992 2757 ἡ
1019 2687 1269 2754 ἐνέργεια
1301 2681 1466 2736 αὐτοῦ
1507 2681 1737 2750 γίνεται.
1769 2678 1937 2740 Αὐτὸς

360 2789 474 2859 γὰρ
503 2787 594 2839 διὰ
628 2787 848 2838 πάντων
877 2780 1093 2852 ἀμιγῶς
1107 2779 1307 2846 διήκει,
1331 2776 1425 2828 καὶ
1442 2775 1576 2826 πᾶσι
1607 2771 1936 2841 μεταδίδωσι

361 2883 464 2953 τῆς
513 2877 711 2932 ἑαυτοῦ
745 2873 1029 2946 ἐνεργείας
1057 2871 1200 2925 κατὰ
1229 2868 1328 2940 τὴν
1355 2868 1591 2921 ἑκάστου
1639 2862 1939 2933 ἐπιτηδειό-

359 2991 507 3044 τητα
537 2973 631 3025 καὶ
655 2967 910 3037 δεκτικὴν
938 2965 1190 3034 δύναμιν,
1212 2962 1355 3033 φημὶ
1386 2961 1449 3029 δὴ
1483 2959 1584 3029 τήν
1609 2975 1668 3010 τε
1697 2955 1934 3026 φυσικὴν

362 3065 464 3118 καὶ
493 3060 890 3133 προαιρετικὴν
925 3056 1293 3127 καθαρότητα.
1349 3050 1725 3120 Καθαρὼτερα
1766 3047 1821 3099 δὲ
1869 3047 1938 3098 τὰ

362 3159 510 3212 ἇΰλα
538 3156 647 3209 τῶν
679 3152 904 3218 ὐλικῶν,
933 3150 1028 3204 καὶ
1077 3150 1145 3202 τὰ
1186 3148 1417 3218 ὲνάρετα
1446 3144 1554 3197 τῶν
1585 3141 1754 3212 κακίᾳ
1785 3157 1940 3193 συνε-

361 3249 707 3320 ζευγμένων.
747 3247 980 3315 Λέγεται
1013 3241 1304 3311 τοιγαροῦν
1335 3237 1470 3290 Θεοῦ
1513 3236 1676 3296 τόπος
1716 3237 1742 3286 6
1776 3233 1936 3286 πλέον

366 3346 616 3419 μετέχων
644 3345 742 3414 τῆς
782 3340 1059 3412 ἐνεργείας
1094 3335 1312 3406 καὶτῆς
1350 3333 1570 3404 χάριτος
1611 3329 1796 3385 αὐτοῦ.
1833 3329 1937 3382 Διὰ

361 3444 527 3495 τοῦτο
566 3439 595 3493 6
636 3435 865 3508 οὐρανὸς
892 3430 1058 3486 αὐτοῦ
1090 3429 1298 3500 θρόνος.
1348 3427 1438 3480 Ἑν
1481 3422 1628 3491 αὐτῷ
1657 3422 1766 3491 γάρ
1798 3421 1936 3473 είσιν

361 3540 413 3590 οἱ
442 3533 724 3595 ποιοῦντες
757 3530 816 3581 τὸ
841 3527 1053 3597 θέλημα
1085 3521 1249 3576 αὑτοῦ
1267 3517 1508 3587 ἄγγελοι,
1538 3515 1631 3570 καὶ
1654 3515 1743 3567 ἀεὶ
1779 3513 1933 3578 δοξά-

365 3631 556 3695 ζοντες
584 3624 766 3679 αὐτόν.
802 3619 953 3690 Δῦτη
985 3619 1094 3688 γὰρ
1127 3613 1276 3686 αὑτῷ
1310 3613 1634 3672 ἀνάπαυσις,
1675 3612 1768 3663 καὶ
1801 3610 1832 3677 ἠ
1863 3607 1934 3676 γῆ

365 3720 660 3775 ὑποπόδιον
683 3715 794 3770 τῶν
827 3711 1002 3767 ποδῶν
1027 3707 1215 3778 αὐτοῦ.
1251 3707 1340 3758 Ἐν
1370 3705 1507 3774 αὐτῇ
1537 3703 1644 3773 γὰρ
1679 3700 1768 3753 διὰ
1803 3716 1935 3769 σαρ-

365 3815 463 3878 κὸς
505 3814 618 3876 τοῖς
662 3808 977 3879 ἀνθρώποις
1008 3799 1447 3869 συνανεστράφη.
1476 3795 1617 3859 Ποῦς
1651 3795 1706 3847 δὲ
1735 3791 1870 3846 Θεοῦ
1901 3791 1934 3860 ἡ

363 3911 500 3976 ἁγία
541 3903 678 3975 σὰρξ
707 3898 874 3956 αὑτοῦ
903 3895 1175 3967 διαφόρως
1213 3893 1550 3961 ὠνόμασται.
1580 3887 1811 3954 Λέγεται
1843 3882 1938 3976 καὶ

364 3997 738 4072 ήἘκκλησία
765 3993 928 4055 τόπος
958 3987 1116 4043 Θεοῦ.
1145 3987 1361 4051 Ταύτην
1387 3982 1495 4052 γὰρ
1523 3980 1602 4042 είς
1631 3975 1938 4072 δρξολογίαν

365 4063 775 4159 αὑτοῦ,⁹ῶσπερ
807 4103 859 4140 τι
895 4082 1120 4153 τέμενος
1150 4077 1528 4146 ἀφωρίσαμεν,
1559 4072 1618 4124 ἐν
1643 4063 1686 4138 ᾧ
1716 4068 1813 4122 καὶ
1839 4066 1938 4130 τὰς

364 4190 507 4258 πρὸς
542 4183 706 4238 αὑτὸν
735 4177 1006 4242 ἐντεύξεις
1039 4171 1363 4241 ποιούμεθα.
1403 4165 1639 4236 Ὁμοίως
1667 4162 1761 4214 καὶ
1782 4162 1831 4214 οἱ
1854 4159 1941 4212 τό-

366 4250 483 4342 ποι,
520 4279 578 4330 ὲν
602 4269 681 4338 οἷς
712 4271 936 4342 ἔκδηλος
975 4269 1105 4338 ἡμῖν
1133 4265 1167 4335 ή
1199 4263 1450 4334 ἐνέργεια
1490 4253 1677 4321 αὐτοῦ,
1709 4253 1818 4306 εἴτε
1851 4250 1940 4303 διὰ

367 4370 598 4440 σαρκὸς,
633 4367 744 4419 εττε
777 4365 910 4419 ἄνευ
955 4358 1206 4431 σώματος
1238 4357 1450 4425 γέγονε,
1495 4350 1650 4404 τόποι
1687 4345 1823 4401 Θεοῦ
1851 4345 1943 4440 λέ-

365 4435 580 4533 γονται.
627 4456 829 4511 ’1οτέον
865 4453 922 4510 δὲ
955 4453 1036 4506 ὅτι
1064 4449 1124 4504 τδ
1157 4449 1311 4503 Θεῖον
1350 4443 1557 4514 ἀμερές
1603 4440 1772 4502 ἐστιν,
1821 4435 1942 4490 ὅλον

364 4554 568 4620 ὑλικῶς
603 4545 878 4619 πανταχοῦ
904 4545 984 4612 ὂν,
1010 4543 1106 4598 καὶ
1134 4540 1196 4595 οὐ
1234 4538 1398 4610 μέρος
1422 4539 1478 4589 έν
1514 4533 1669 4603 μέρει
1700 4544 1943 4598 σωματι-

362 4651 479 4715 κῶς
542 4646 943 4718 διαιρούμενον,

365 4711 514 4815 ὑπέρ
540 4741 602 4795 τὸ
630 4711 776 4794 πᾶν..
814 4735 872 4788 '0
907 4733 964 4788 δὲ
993 4727 1223 4798 ἄγγελος
1262 4719 1592 4794 σωματικῶς
1630 4716 1729 4786 μὲν
1763 4711 1938 4815 ἐντό-

366 4857 459 4910 πφ
484 4804 550 4890 οὐ
602 4830 942 4904 περιέχεται,
979 4823 1120 4878 ὥστε
1145 4813 1449 4904 τυποῦσθαι
1481 4811 1578 4865 καὶ
1608 4804 1939 4910 σχηματίζε-

368 4896 692 4996 σθάι,ὃμως
723 4896 940 4989 λέγεται
969 4917 1027 4968 ὲν
1059 4901 1210 4979 τόπῳ
1260 4903 1420 4967 εἶναι,
1451 4903 1538 4957 διὰ.
1578 4899 1642 4953 τδ
1682 4896 1937 4996 παρεῖναι

366 4985 602 5092 νοητῶςν,
635 4985 729 5071 καὶ
756 4985 999 5083 ἐνεργεῖν
1029 5006 1172 5060 κατὰ
1217 5002 1317 5070 τὴν
1363 4995 1558 5052 ἑαυτοῦ
1618 4985 1940 5092 quiem-ml

367 5082 625 5188 μὴέῐναι
667 5082 923 5175 ἀλλαχοῦ,
967 5099 1085 5154 ἀλλ’
1122 5095 1302 5150 ἐκεῖσε
1341 5088 1550 5162 νοητῶς
1595 5082 1941 5188 gregi-rp???-

366 5174 518 5273 σθαι,
551 5201 682 5257 ἔνθα
711 5199 942 5270 ἐνεργεῖ.
978 5193 1055 5249 Οὐ
1093 5189 1201 5260 γὰρ
1228 5187 1454 5241 δύναται
1495 5179 1635 5235 κατὰ
1657 5175 1852 5232 ταυτὸν
1882 5174 1940 5273 ἐν

363 5265 648 5370 διαφόροις
699 5265 881 5355 τόποις
913 5286 1177 5360 ἐνεργεῖν.
1222 5280 1404 5336 Μόνου
1431 5275 1544 5346 γὰρ
1571 5271 1707 5327 Θεοῦ
1734 5272 1850 5370 ἐστι
1877 5265 1940 5320 τὺ

364 5361 653 5464 πανταχοῦ
696 5387 840 5444 κατὰ
880 5384 1077 5438 ταυτὸν
1111 5377 1374 5446 ἐνεργεῖν.
1413 5369 1472 5424 '0
1499 5367 1610 5464 μὲν
1635 5365 1745 5435 γὰρ
1769 5361 1941 5464 ἄγγε-

364 5491 460 5550 λος
508 5453 665 5555 τάχει
708 5479 944 5550 φύσεως,
984 5472 1080 5527 καὶ
1105 5468 1184 5536 τῷ
1205 5464 1460 5533 ἑτοίμως,
1495 5460 1667 5555 ἡγουν
1708 5453 1940 5555 ταχέως,

369 5543 769 5652 μεταϐαίνειν,
814 5567 1030 5639 ἐνεργεῖ
1084 5567 1144 5616 ὲν
1210 5556 1488 5626 διαφόροις
1529 5550 1742 5613 τόποις,
1773 5545 1834 5649 τὸ
1885 5543 1943 5596 δὲ

370 5639 532 5725 ἰθεῖαν
569 5660 847 5736 πανταχοῦ
877 5661 958 5728 ὃν,
986 5655 1080 5710 καὶ
1114 5653 1256 5722 ὑπὲρ
1285 5648 1346 5702 τὸ
1376 5648 1503 5711 πᾶν,
1538 5639 1817 5710 πανταχοῦ
1845 5654 1946 5690 κα-

372 5768 446 5820 τὰ
476 5760 672 5818 ταυτὸν
699 5733 974 5828 διαφόρως
1005 5748 1220 5821 ἐνεργεῖ
1250 5745 1348 5815 μιᾷ
1375 5740 1468 5795 καὶ
1499 5737 1643 5807 ἁπλῇ
1669 5733 1940 5828 ἐνεργείᾳ,

385 5859 454 5910 'H
502 5856 560 5909 δὲ
603 5850 755 5924 ψυχὴ
802 5823 1111 5902 συνδὲδεται
1152 5840 1231 5909 τῷ
1283 5836 1496 5904 οώματι
1541 5832 1634 5900 ὅλη
1671 5828 1800 5924 ὃλιρ,
1845 5823 1944 5924 καὶ

375 5952 437 6006 οὺ
473 5916 638 6022 μέρος
671 5916 846 6018 μέρει,
879 5941 972 5996 καὶ
1015 5938 1074 5991 οὐ
1124 5931 1438 6004 περιέχεται
1471 5927 1560 5980 ὑπ’
1593 5920 1776 5988 αὑτοῦ,
1810 5916 1943 5973 ἀλλὰ

2035 2036 2410 2108 intelligibilis,
2459 2035 2549 2089 ubi
2585 2033 2904 2104 intelligitur
2926 2041 2982 2088 et
3030 2040 3112 2087 est
3163 2042 3356 2087 natura
3412 2032 3614 2086 intelli-

2035 2130 2234 2200 gibilis,
2269 2138 2324 2183 et
2348 2129 2691 2198 incorporea.
2729 2126 2830 2181 Ubi
2870 2125 3044 2188 adest,
3077 2133 3131 2179 et
3158 2125 3286 2195 agit,
3317 2135 3371 2179 et
3403 2125 3614 2179 ratione

2036 2237 2143 2276 non
2191 2235 2471 2289 corporea,
2522 2218 2617 2272 sed
2674 2217 2996 2289 intelligibili
3045 2210 3380 2272 centinctur.
3427 2214 3615 2284 Neque

2035 2315 2181 2368 enim
2238 2315 2464 2382 ﬁguram
2525 2311 2719 2379 habet,
2773 2319 2833 2365 ut
2881 2312 3397 2379 rationejcorporea
3463 2324 3616 2364 com-

2036 2407 2426 2477 prehendatur.
2462 2404 2640 2470 Quare
2670 2403 2832 2466 Deus,
2863 2417 2985 2457 cum
3017 2403 3261 2456 materia:
3290 2401 3360 2456 sit
3399 2417 3614 2471 expers,

2037 2511 2090 2553 et
2141 2498 2512 2552 circumscribi
2573 2506 2831 2566 nequeat,
2885 2495 2939 2548 in
2990 2496 3108 2550 loco
3177 2510 3287 2548 non
3340 2503 3444 2549 est.
3499 2495 3616 2564 Ipse

2037 2589 2181 2644 enim
2215 2590 2297 2643 sui
2356 2589 2530 2658 ipsius
2580 2599 2664 2642 est
2711 2588 2886 2650 locus,
2937 2588 3027 2656 qui
3070 2585 3254 2640 omnia
3304 2585 3512 2654 implet,
3560 2593 3617 2636 et

2039 2697 2204 2750 supra
2246 2681 2427 2734 omnia
2459 2693 2564 2745 est,
2609 2689 2666 2733 et
2714 2679 3098 2748 complectitur
3155 2676 3356 2731 omnia.
3412 2675 3619 2729 Dicitur

2039 2783 2221 2828 tamen
2249 2781 2305 2827 et
2350 2774 2406 2826 in
2443 2773 2564 2826 loco
2611 2785 2750 2837 esse,
2807 2778 2861 2824 et
2915 2768 3011 2824 Dei
3057 2769 3210 2822 locus
3252 2768 3472 2834 dicitur,
3523 2769 3616 2822 ubi

2039 2868 2184 2923 actio
2240 2867 2358 2937 ejus
2411 2865 2700 2935 perspicua
2763 2864 2842 2917 ﬁt.
2893 2863 3010 2933 Ipse
3077 2863 3223 2917 enim
3271 2877 3367 2932 per
3430 2863 3622 2915 o‘mnEa-

2041 2959 2238 3016 transit
2270 2958 2388 3012 sine
2435 2958 2712 3020 mistione,
2758 2965 2813 3010 et
2845 2957 3113 3009 actionem
3159 2969 3311 3009 suam
3361 2953 3616 3008 omnibus

2041 3051 2404 3108 communicat
2453 3065 2553 3119 pro
2607 3057 2728 3118 apta
2778 3049 3042 3117 cujusque
3084 3048 3149 3100 ad
3205 3047 3615 3117 suscipiendum

2043 3145 2322 3200 facultate.
2359 3145 2655 3198 Puritatem
2705 3142 2848 3206 dico,
2883 3151 2933 3194 et
2974 3141 3298 3202 naturalem,
3337 3152 3393 3194 et
3425 3140 3618 3194 volun-

2047 3241 2261 3294 tariam.
2299 3237 2524 3292 l’uriora
2563 3245 2743 3289 autem
2785 3245 2934 3300 sunt,
2963 3250 3084 3304 qua:
3130 3234 3354 3288 materia
3406 3215 3614 3294 carent,

2040 3349 2204 3403 quam
2236 3347 2357 3400 quae
2408 3331 2463 3384 in
2504 3329 2730 3382 materia
2777 3329 3032 3398 depressa
3065 3335 3193 3381 sunt
3227 3343 3240 3380 :
3273 3335 3327 3380 et
3355 3342 3474 3396 quae
3504 3327 3614 3380 vir-

2041 3437 2154 3482 tute
2184 3433 2312 3478 sunt
2353 3422 2597 3494 praedita,
2625 3436 2785 3492 quam
2835 3436 2919 3484 ea,
2960 3435 3080 3490 qua:
3131 3430 3258 3474 sunt
3301 3435 3424 3473 eum
3475 3417 3622 3472 vitiis

2039 3521 2350 3592 conjuncta.
2384 3516 2590 3570 Dicitur
2630 3515 2789 3585 igitur
2821 3513 2910 3568 Dei
2949 3513 3119 3577 locus,
3147 3515 3237 3582 qui
3283 3514 3402 3581 plus
3452 3512 3614 3565 habet

2039 3612 2273 3668 actionis
2301 3611 2417 3679 ejus
2448 3618 2501 3663 et
2536 3607 2737 3678 gratiae.
2775 3605 2984 3660 Idcirco
3011 3605 3167 3657 sedes
3212 3603 3382 3672 ipsius
3433 3605 3621 3672 appel-

2039 3707 2181 3760 latur
2229 3702 2450 3765 coelum,
2483 3699 2627 3768 quod
2656 3699 2734 3766 (in
2795 3711 2860 3752 eo
2914 3705 3042 3749 sunt
3093 3696 3289 3763 angeli,
3345 3696 3436 3763 qui
3499 3695 3620 3762 ejus

2039 3799 2416 3866 obtemperant
2441 3790 2724 3856 voluntati,
2773 3799 2826 3845 et
2856 3805 2981 3843 eum
3031 3802 3250 3856 semper
3284 3787 3613 3841 collaudant.

2041 3892 2164 3947 Ilaac
2190 3889 2334 3945 enim
2367 3886 2464 3957 ipsi
2492 3885 2645 3956 quies
2672 3893 2776 3938 est.
2811 3882 2875 3936 Et
2901 3894 3042 3936 terra
3091 3881 3382 3935 scabellum
3417 3881 3620 3934 dicitur

2039 3985 2238 4056 pedum
2271 3981 2464 4052 ipsius.
2489 3979 2549 4034 In
2583 3977 2685 4032 hac
2713 3975 2860 4031 enim
2892 3989 2988 4045 per
3027 3988 3248 4029 carnem
3272 3988 3395 4029 cum
3437 3973 3622 4025 homi-

2040 4077 2204 4131 nibus
2236 4080 2482 4128 vcrsatus
2512 4077 2615 4125 est.
2645 4069 2745 4124 Pcs
2775 4077 2953 4122 autem
2985 4067 3080 4120 Dei
3117 4072 3305 4120 sancta
3333 4065 3451 4134 ejus
3493 4079 3621 4118 caro

2041 4166 2389 4226 multifariam
2473 4171 2557 4218 est
2621 4161 2907 4232 appellata.
2977 4159 3186 4213 Dicitur
3248 4167 3304 4212 et
3394 4155 3622 4212 ecclesia

2039 4261 2192 4315 locus
2237 4257 2358 4313 Dei.
2408 4253 2559 4308 Ilanc
2599 4252 2746 4307 enim
2797 4252 2865 4306 ad
2920 4251 3037 4320 ejus
3085 4249 3330 4318 gloriam,
3384 4256 3443 4300 ut
3483 4257 3632 4300 temo

2040 4353 2212 4424 plum,
2248 4347 2657 4412 constituimus,
2686 4346 2744 4400 in
2772 4358 2880 4413 quo
2911 4357 3102 4412 preces
3144 4341 3307 4396 etiam
3361 4331 3429 4394 ad
3488 4355 3624 4394 eum

2042 4444 2344 4500 fundimus.
2402 4440 2661 4495 Similiter
2722 4445 2778 4492 et
2832 4450 2895 4490 ea
2945 4435 3084 4500 loca,
3138 4433 3192 4487 in
3249 4431 3448 4502 quibus
3499 4432 3625 4501 ejus

2043 4548 2209 4603 opera
2240 4529 2528 4586 manifesta
2557 4536 2704 4589 sunt,
2739 4541 2858 4596 quae
2899 4526 2983 4580 vel
3030 4526 3085 4578 in
3127 4537 3294 4578 carne
3342 4522 3470 4591 egit,
3534 4522 3633 4575 ree

993 4636 1110 4694 ἀλλ’
1171 4633 1292 4688 ὅλον
1351 4631 1409 4683 ἐν
1464 4629 1621 4692 πᾶσι,
1675 4621 1772 4676 καὶ
1816 4620 1936 4673 ὅλον

2044 4623 2164 4679 sine
2214 4634 2464 4690 corpore,
2511 4617 2627 4673 loca
2684 4616 2940 4670 dicuntur
2998 4613 3116 4668 Dei.
3184 4611 3481 4666 Sciendum
3537 4620 3629 4664 est-

2042 4725 2245 4782 autem,
2275 4714 2444 4768 Deum
2475 4711 2528 4766 in
2561 4718 2741 4781 partes
2768 4723 2876 4762 non
2913 4707 3102 4771 dividi,
3134 4706 3227 4760 sed
3258 4719 3380 4759 esse
3411 4703 3629 4774 ubique

2040 4815 2212 4862 totum
2243 4803 2487 4869 omnino,
2529 4809 2586 4856 et
2612 4813 2720 4853 non
2766 4807 2976 4868 partem
3017 4795 3070 4848 in
3103 4802 3278 4864 parte,
3311 4807 3420 4863 quo
3461 4804 3636 4862 pacto

2040 4909 2269 4967 corpora
2312 4893 2656 4949 dividuntur.
2708 4889 2816 4946 Sed
2869 4897 3040 4944 totum
3098 4887 3153 4940 in
3222 4886 3498 4948 omnibus.
3570 4894 3636 4939 et.

2041 4998 2214 5045 totum
2260 5001 2423 5056 super
2471 4984 2674 5040 omnia.
2714 4980 2953 5052 Angelus
2997 4994 3128 5035 vero
3166 4977 3375 5032 ratione
3405 4977 3632 5046 quidem

2041 5094 2303 5151 corporea
2352 5077 2408 5131 in
2465 5076 2584 5131 loco
2631 5088 2742 5128 non
2796 5072 3128 5134 continetur,
3158 5071 3312 5140 quasi
3373 5069 3630 5131 formam,

2041 5166 2375 5238 ﬁguramque
2413 5162 2700 5232 suscipiat;
2731 5169 2966 5216 attamen
2997 5161 3054 5214 in
3091 5160 3209 5214 loco
3265 5173 3383 5214 esse
3427 5157 3628 5213 dicitur

2042 5267 2333 5330 prepterea
2384 5255 2528 5326 quod
2576 5253 2929 5325 intelligentia
2975 5260 3174 5323 praesto
3230 5259 3335 5316 est,
3385 5259 3439 5303 et
3490 5251 3625 5319 agit,

2043 5361 2104 5407 ut
2133 5348 2380 5421 congruit
2419 5354 2630 5402 naturae
2671 5346 2860 5415 ipsius,
2891 5354 2947 5398 et
2997 5358 3109 5398 non
3163 5357 3284 5396 esse
3333 5340 3483 5402 alibi,
3531 5340 3628 5393 sed

2045 5443 2180 5506 illic,
2214 5440 2302 5496 ubi
2356 5441 2486 5511 agit,
2517 5437 2874 5509 intelligentia
2919 5434 3212 5490 contineri.
3245 5431 3442 5500 Nequit
3479 5431 3626 5485 enim

2047 5535 2240 5590 eodem
2281 5541 2527 5600 tempore
2558 5528 2790 5584 diversis
2828 5528 2882 5580 in
2933 5524 3064 5579 locis
3093 5537 3239 5578 esse.
3280 5523 3414 5576 Nam
3462 5522 3631 5576 solius

2047 5637 2132 5684 est
2179 5625 2531 5704 Dei-ubique
2596 5635 2755 5692 agere
2833 5619 3022 5673 eodem
3087 5625 3348 5685 tempore.
3396 5614 3634 5684 Angelus

2049 5721 2192 5778 enirn
2263 5718 2500 5773 naturali
2557 5713 2858 5777 celeritate,
2907 5725 3012 5778 qua
3075 5718 3346 5780 prompte,
3411 5707 3631 5775 citoque

2051 5831 2115 5871 ex
2149 5827 2256 5866 uno
2284 5811 2339 5864 in
2369 5810 2531 5863 alium
2564 5805 2740 5859 locum
2784 5801 3099 5871 pertransit,
3144 5800 3197 5852 in
3233 5797 3462 5853 όὶιρτεὶε
3491 5794 3624 5847 locis

2053 5910 2179 5980 agit.
2220 5905 2358 5960 Deus
2389 5910 2570 5956 autem
2604 5913 2725 5954 cum
2760 5896 2824 5978 sit
2864 5895 3084 5965 ubique,
3123 5903 3176 5947 et
3218 5903 3380 5961 Super
3418 5886 3627 5945 omnia.
