3984 6560
429 394 534 460 155

1652 388 2043 451 EU't‘IIYMlI
2078 383 2446 449 ZIGABENI
2536 345 2541 353 ’

3588 375 3693 440 156

416 504 629 589 ιιιιῆίιυο
660 504 853 560 eodem
907 512 1151 574 tempore
1188 502 1338 558 varie
1386 501 1495 575 agit
1542 518 1649 558 una
1689 513 1743 558 et
1777 501 2007 571 simplici

2117 501 2366 571 περιέχει
2408 497 2563 565 αὐτὸ,
2607 494 2797 567 ὥσπερ
2847 492 2958 564 πῦρ
3011 492 3247 564 σίδηρον.
3292 491 3405 549 Καὶ
3448 493 3505 544 ἐν
3539 487 3694 559 αὐτῷ

416 598 665 669 factione.
707 599 775 651 At
803 597 1018 651 animus
1039 596 1259 665 corpori
1309 596 1596 652 devinctus
1629 606 1732 660 est,
1774 604 1829 650 et
1866 603 2012 651 totus

429 692 528 745 toti
576 689 923 758 coniunctus,
972 706 1082 745 non
1128 700 1309 746 autem
1362 706 1489 760 pars
1554 690 1693 761 parti
1762 690 2069 759 capulatus,
2114 703 2219 744 nec
2265 687 2581 745 continetur
2625 702 2655 741 a
2721 700 2969 755 corpore,
3030 685 3124 739 sed
3187 684 3363 755 ipsum
3426 684 3671 740 continet
3780 737 3794 749 ,

429 793 491 841 οι
519 784 657 856 ignis
686 782 912 840 ferrum.
956 784 1022 840 Et
1047 786 1099 841 in
1138 784 1259 855 ipso
1308 801 1535 841 manens
1585 785 1831 841 actiones
1878 783 2125 856 proprias
2172 778 2508 852 exsequitur.

1099 880 1375 950 Ejusdem.

504 972 583 1037 Μ,
643 971 789 1041 quod
847 972 1321 1040 circumscriptum
1389 982 1491 1037 est,
1556 979 1651 1026 aut
1702 973 1851 1038 loco,
1920 979 2016 1026 aut

428 1073 698 1135 tempore,
754 1076 851 1121 aut
911 1066 1402 1137 comprehensione
1460 1065 1797 1122 continetur.
1857 1063 2012 1131 Quod

2120 594 2258 650 οὖσα
2287 593 2387 655 τὰς
2418 592 2625 654 οίκείας
2653 589 2935 658 ἐνεργείας
2968 589 3203 657 ἐνεργεῖ.

2728 872 2838 928 Τοῦ
2868 872 3077 928 αὐτοῦ.

2193 969 2578 1045 Περιγραπτὸν
2611 968 2710 1039 μέν
2752 968 2950 1023 ἔστιτὸ
2980 968 3185 1041 τόπῳῆ
3226 968 3407 1041 χρόνῳ
3455 969 3487 1039 ἦ
3529 985 3701 1022 κατα-

2115 1061 2277 1132 λήψει
2328 1058 2875 1131 περιλαμὸανόμενον
2900 1072 2914 1089 ⁸
2955 1058 3374 1129 ἀπερίγραπτον
3406 1058 3463 1111 δὲ
3494 1060 3553 1112 τὸ
3594 1077 3703 1129 μη·-

2116 1153 2231 1207 δενὶ
2270 1151 2479 1206 τούτων
2526 1152 2944 1222 περιεχόμενον.
2986 1150 3434 1221 Ἀπερίγραπτον
3470 1154 3568 1223 μὲν
3603 1149 3703 1204 οὖν

2117 1245 2280 1315 μόνον
2330 1243 2448 1298 ἐστὶ
2498 1244 2561 1298 τὸ
2585 1244 2762 1313 Θεῖον,
2798 1244 3036 1316 ἄναρχον
3064 1243 3129 1300 ὃν
3177 1245 3273 1299 καὶ
3312 1245 3699 1313 ἀτελεύτητον,

427 1164 609 1209 autem
643 1173 752 1209 non
788 1164 873 1211 est
902 1157 1378 1226 circumscriptum
1429 1156 1624 1210 horum
1674 1154 1825 1208 nullo
1863 1168 2013 1206 cont—

426 1247 810 1314 prehenditur.
851 1245 1009 1302 Solus
1059 1246 1222 1317 igitur
1272 1246 1417 1299 Deus
1489 1260 1599 1301 non
1649 1254 1733 1299 est
1780 1243 2017 1298 circum-

426 1339 683 1408 scriptus,
714 1339 913 1409 quippe
986 1340 1076 1408 qui
1154 1338 1479 1408 principium
1545 1338 1819 1406 ﬁnemque
1893 1350 2007 1390 non

2117 1340 2211 1393 xui.
2242 1339 2422 1395 πάντα
2450 1339 2727 1410 περιέχον,
2756 1342 2851 1393 καὶ
2884 1340 3130 1411 μηδεμιᾷ
3168 1340 3476 1410 καταλήψει
3536 1358 3702 1409 περι-

429 1432 616 1495 habet,
647 1441 701 1485 et
731 1432 910 1486 omnia
941 1435 1209 1495 continet,
1250 1443 1302 1487 et
1342 1430 1491 1484 nulla
1517 1427 2007 1499 comprehensione

2120 1428 2401 1499 εχόμενον·
2422 1429 2582 1498 μόνον
2599 1429 2708 1500 γάρ
2734 1430 2881 1483 ἐστιν
2902 1431 3287 1499 ἀκατάληπτον
3307 1433 3399 1483 καὶ
3422 1432 3701 1502 ἀόριστον,

428 1523 760 1577 continetur.
838 1524 997 1578 Solus
1062 1524 1207 1578 enim
1284 1538 1388 1578 nec
1440 1521 1852 1592 comprehendi,
1910 1536 2007 1577 nec

2123 1519 2216 1576 ὑπ’
2268 1520 2481 1585 οὐδενὸς
2552 1522 2981 1592 γινωσκόμενον,
3014 1522 3147 1576 αὐτὸ
3199 1523 3253 1576 δὲ
3302 1524 3463 1592 μόνον
3500 1524 3703 1577 ἑαυτοῦ

427 1614 663 1678 deﬁniri,
704 1630 805 1670 nec
854 1615 923 1669 ab
960 1615 1069 1669 ullo
1097 1613 1352 1685 cognosci
1399 1624 1595 1684 potest,
1646 1612 1741 1669 sed
1796 1612 1911 1682 ipse
1954 1626 2007 1667 se

2125 1614 2466 1685 θεωρητικόν
2487 1631 2503 1647 ⁸
2527 1616 2555 1669 ὁ
2583 1615 2641 1669 δὲ
2671 1615 2902 1685 ἄγγελος
2928 1617 3020 1671 καὶ
3052 1618 3230 1688 χρόνῳ
3267 1617 3703 1687 περιγράφεται,

426 1704 575 1758 solus
623 1707 797 1763 novit.
864 1707 1099 1778 Angelus
1149 1722 1276 1761 vero
1343 1715 1399 1761 et
1432 1716 1706 1775 ,tempore
1776 1704 2007 1762 circum-

2124 1703 2330 1775 ῆρξατο
2357 1704 2466 1774 γάρ
2493 1704 2589 1757 τοῦ
2623 1701 2782 1767 εἶναι,
2818 1706 2911 1759 καὶ
2938 1706 3107 1775 τόπῳ,
3140 1709 3188 1758 εἰ
3226 1706 3319 1759 καὶ
3369 1706 3596 1773 νοητώς.
3627 1707 3706 1771 ὡς

426 1797 709 1862 scribitur,
752 1814 877 1853 nam
912 1814 1037 1855 esse
1072 1799 1257 1870 coepit,
1305 1808 1358 1855 et
1394 1798 1537 1866 loco,
1572 1797 1721 1863 licet,
1765 1807 1827 1852 ut
1875 1796 2007 1852 dixi-

2122 1796 2482 1868 προείπομεν,
2521 1796 2617 1850 καὶ
2656 1797 3002 1867 καταλήψει·
3035 1797 3131 1850 κα)⁸
3159 1796 3403 1867 ἀλλήλων
3452 1798 3560 1870 γὰρ
3602 1799 3705 1869 τὴν

426 1903 575 1956 mus,
624 1889 975 1963 intelligibili,
1011 1901 1067 1948 et
1114 1892 1626 1961 comprehensione.
1676 1888 1812 1945 Nam
1856 1895 1911 1946 et
1958 1902 2007 1945 se

2125 1889 2291 1958 φύσιν
2323 1890 2471 1943 ἴσασι
2509 1890 2715 1958 ποσῶς,
2748 1891 2843 1944 καὶ
2873 1890 2977 1944 ὑπὸ
3016 1889 3112 1944 τοῦ
3158 1889 3379 1944 κτίστου
3424 1891 3706 1963 ὁρίζονται

428 1990 621 2037 mutuo
671 1984 848 2055 angeli
897 1982 1076 2054 aliqua
1136 2000 1203 2040 ex
1244 1994 1397 2055 parte
1441 1982 1765 2039 naturaliter
1816 1994 2007 2053 cogno-

2121 1982 2309 2036 τέλεον
2338 1998 2355 2016 ο
2383 1984 2454 2040 τά
2475 1984 2531 2037 δὲ
2560 1982 2793 2053 σώματα
2825 1982 2921 2038 καὶ
2943 1983 3108 2055 ἀρχῇ,
3160 1984 3255 2039 καὶ
3296 1985 3463 2053 τέλει,
3496 1985 3590 2038 καὶ
3616 1986 3703 2039 τό·

427 2084 612 2141 ιουηι,
642 2085 697 2130 et
724 2092 754 2130 a
785 2086 1129 2146 procreatore
1174 2077 1413 2149 perfecte
1460 2074 2007 2147 comprehenduntur

2124 2086 2213 2141 πῳ
2254 2073 2575 2145 σωματικῷ,
2618 2077 2713 2130 καὶ
2746 2074 3067 2144 καταλήψει.

426 2170 667 2240 torpent
696 2180 881 2227 autem
913 2182 970 2228 et
1016 2174 1308 2245 principio,
1341 2182 1398 2229 et
1444 2173 1575 2242 ﬁne,
1603 2181 1657 2231 et
1683 2172 1805 2230 loco
1842 2181 2131 2243 corporeo,
2162 2179 2219 2225 et
2252 2172 2743 2243 comprehensione
2773 2182 2902 2228 sunt
2926 2172 3359 2244 circumscripta.

1013 2265 1319 2324 TITULUS
1353 2265 1444 2323 IV.

2780 2264 3028 2321 ΤΙΤΛΟΣ
3054 2268 3129 2319 Δ’.

428 2354 679 2433 Digitum
706 2368 968 2433 _t_ta_tura_m
1000 2359 1367 2433 comprehendi
1423 2375 1527 2433 non
1584 2355 2007 2433 Aposse.__Magm

2126 2356 2425 2433 [legiferi
2474 2358 2909 2433 ᾀκατάέηπτονξ
2935 2356 3245 2433 εῖναιιτὴν
3276 2359 3447 2433 θείαν
3489 2361 3707 2433 φύσιν.

499 2426 736 2499 gregarii
766 2428 1030 2499 Theologi,
1065 2426 1131 2484 ei
1176 2432 1419 2485 oratione
1455 2430 1511 2484 in
1559 2429 1699 2485 diem
1762 2426 2007 2482 Natalem

2196 2426 2317 2499 Τοῦ
2359 2430 2630 2497 μεγάλου
2650 2431 2984 2499 Γρηγορίου
3013 2428 3122 2484 τοῦ
3156 2426 3573 2499 Θεολόγουίέκ
3599 2433 3707 2487 τοῦ

493 2496 710 2552 Domini
740 2500 905 2554 nostri
947 2496 1070 2555 Jesu
1108 2500 1330 2556 Christi.

2189 2496 2377 2567 λόγου
2432 2499 2540 2553 τοῦ
2580 2501 2669 2566 εις
2698 2496 3075 2567 sermnem
3113 2501 3221 2554 τοῦ
3269 2496 3489 2568 Κυρίου
3534 2503 3706 2571 ἡμῶν

2208 2570 2415 2635 Ἰησοῦ
2441 2571 2725 2638 Χριστοῦ.

643 2663 804 2726 Deus,
832 2672 888 2716 et
921 2669 1036 2716 erat
1070 2675 1301 2732 semper,
1344 2670 1400 2716 et
1430 2669 1536 2726 est,
1589 2669 1646 2715 et
1682 2660 1786 2714 erit
1820 2679 1834 2715 :
1890 2660 1997 2727 vel,

417 2763 479 2810 ut
502 2753 702 2809 rectius
733 2754 940 2822 loquar,
1000 2766 1215 2821 semper
1263 2760 1361 2806 est.
1419 2750 1553 2805 Nam
1608 2761 1740 2814 erat,
1789 2760 1843 2805 et
1883 2754 2004 2816 erit,

421 2844 589 2899 nostri
631 2843 908 2914 temporis,
954 2841 1215 2912 ﬁuxmque
1269 2854 1477 2897 natura:
1530 2850 1806 2911 segmenta
1856 2851 2003 2898 sunt.

423 2935 517 2991 ille
542 2943 722 2990 autem
757 2949 971 3003 semper
996 2943 1091 2996 est,
1117 2943 1278 3001 atque
1320 2932 1420 2987 hoc
1451 2933 1609 2988 modo
1639 2932 1873 3001 seipsum
1909 2945 2005 2987 no-

422 3027 614 3094 minat,
639 3043 759 3082 cum
806 3026 858 3080 in
896 3036 1075 3080 monte
1124 3023 1291 3095 Moysi
1324 3024 1598 3078 oraculum
1631 3023 1741 3079 edit
1778 3020 1822 3077 ³.
1874 3020 2007 3076 Uni-

427 3132 639 3173 versum
668 3118 814 3171 enim
858 3117 932 3181 id,
962 3117 1102 3185 quod
1141 3126 1244 3183 est,
1283 3116 1334 3170 in
1382 3131 1442 3171 se
1472 3114 1872 3185 complectitur,
1908 3126 2007 3167 nec

426 3208 747 3279 principium
777 3207 981 3261 habens
1003 3249 1020 3275 ,
1112 3224 1213 3264 nec

425 3309 483 3352 ιιι
529 3299 749 3369 pelagus
786 3298 1054 3368 quoddam
1080 3298 1328 3352 essentia:
1376 3297 1698 3352 immensum
1726 3305 1782 3350 et
1831 3295 1999 3349 inter-

427 3391 711 3456 tniuatum,
748 3406 985 3456 omnem,
1017 3400 1125 3444 tum
1180 3390 1457 3459 temporis,
1497 3398 1606 3443 tum
1663 3398 1869 3443 natura:
1916 3403 2007 3443 co-

425 3482 738 3549 gitationem
777 3496 1075 3551 superans;
1126 3492 1304 3536 mente
1330 3481 1442 3536 sola
1470 3480 1817 3536 adumbratus
1854 3480 1925 3545 is,
1952 3489 2008 3535 et

427 3572 646 3641 quidem
676 3573 970 3642 perexigue
997 3588 1059 3628 ac
1096 3573 1443 3643 perobscure,
1484 3587 1589 3625 non
1619 3587 1682 3626 ex
1708 3571 1792 3627 bis
1814 3585 1929 3639 qum
1952 3570 2008 3626 in

426 3663 542 3731 ipso
565 3671 713 3727 sunt,
741 3664 833 3718 sed
858 3678 976 3732 qua:
1003 3667 1145 3719 circa
1177 3665 1349 3732 ipsum
1375 3680 1390 3718 :
1420 3663 1525 3718 alia
1554 3676 1618 3716 ex
1643 3661 1751 3715 alio
1785 3661 2007 3717 collecta

422 3759 602 3824 specie
663 3757 728 3812 ad
776 3773 939 3812 unum
995 3760 1263 3828 quoddam
1317 3758 1563 3815 veritatis
1622 3757 2007 3826 simulacrum,

424 3851 737 3919 priusquam
775 3858 1045 3913 teneatur,
1078 3849 1360 3922 etl‘ugiens,
1394 3860 1450 3907 ct
1499 3851 1811 3921 priusquam
1850 3848 2009 3905 intel-

424 3939 561 3994 let-tu
594 3941 939 4010 percipiatur,
968 3956 1027 3998 se
1048 3943 1220 4009 ipsum
1245 3940 1366 4012 fuga
1397 3942 1699 4013 proripiens
1730 3956 1746 3997 :
1781 3950 1991 3996 tantum

431 4032 727 4103 principem
763 4033 929 4087 nostri
983 4044 1211 4103 partem,
1239 4047 1468 4103 eamque
1525 4049 1555 4089 a
1602 4034 1855 4089 vitiorum
1887 4032 2008 4089 labe

424 4133 729 4194 purgatam,
786 4123 1135 4191 collustrans,
1194 4134 1454 4194 quantum
1504 4125 1785 4181 oculorum
1836 4126 2005 4179 aciem

426 4215 652 4284 fulguris
688 4215 941 4272 celeritas
979 4215 1198 4269 minime
1246 4216 1615 4271 consistentis.
1648 4215 1760 4271 lloc
1799 4225 2005 4282 autem,

426 4321 544 4361 mea
576 4305 791 4375 quidem
817 4305 1104 4371 sententia,
1128 4304 1331 4361 idcirco
1372 4306 1453 4371 ﬁt,
1488 4316 1545 4360 ut
1570 4315 1836 4376 quatenus
1858 4321 2006 4362 com-

435 4398 693 4466 prehendi
726 4406 925 4467 potest,
961 4412 1058 4453 nos
1100 4397 1169 4451 ad
1205 4411 1264 4452 se
1296 4399 1474 4452 trahat
1516 4396 1680 4468 (quod
1710 4397 1855 4453 enim
1883 4412 2007 4468 per-

424 4490 527 4556 cipi
558 4490 779 4545 omnino
818 4489 1025 4559 nequit,
1075 4489 1129 4543 id
1180 4505 1282 4545 nec
1334 4498 1517 4559 sperat
1553 4491 1859 4560 quisquam,
1904 4502 2005 4545 nec
2030 4494 2074 4551 D
2106 4510 2234 4561 ται,

425 4581 641 4652 assequi
673 4579 955 4652 conatur);
998 4591 1269 4651 quatenus
1298 4592 1477 4637 autem
1509 4581 1629 4650 capi
1664 4596 1768 4637 non
1803 4590 2001 4651 potest,

423 4672 835 4727 admirationem
865 4671 951 4727 sui
971 4673 1195 4737 excitet,
1215 4682 1377 4742 atque
1408 4687 1474 4728 ex
1502 4674 1614 4743 ipsa
1642 4672 2004 4728 admiratione

427 4762 802 4818 vehementius
830 4772 1138 4832 expetatur,
1194 4763 1464 4834 expetitus
1504 4772 1715 4832 purget,
1770 4776 2005 4832 purgans

423 4864 605 4908 autem
630 4854 840 4909 divinos
892 4852 1107 4917 eﬂiciat,
1156 4855 1395 4923 talesque
1443 4869 1566 4908 cum
1616 4853 1808 4908 redditi
1854 4862 2004 4922 sunt,

423 4961 544 4998 cum
578 4945 644 4999 iis
669 4946 803 5015 jam,
830 4946 975 5002 velut
1001 4961 1123 5001 cum
1152 4945 1533 5011 familiaribus,
1555 4945 1998 5000 consuetudinem

429 5037 627 5091 habeat
660 5036 863 5107 (metuo
891 5053 957 5093 ne
988 5038 1090 5094 hoc
1115 5038 1373 5094 audacius
1417 5052 1447 5092 a
1480 5053 1566 5095 me
1606 5038 1806 5093 dictum
1833 5038 2003 5094 videri

427 5127 641 5197 possit),
678 5128 818 5183 Deus
851 5130 956 5185 diis
981 5130 1163 5186 unitus
1188 5138 1243 5186 et
1267 5130 1532 5200 cognitus,
1564 5145 1629 5186 ac
1657 5139 1862 5183 tantum
1892 5127 2004 5184 for-

435 5229 597 5285 tasse,
623 5230 886 5290 quantum
912 5223 1023 5292 jam
1060 5236 1177 5289 eos,
1209 5222 1301 5292 qui
1337 5222 1437 5291 ipsi
1470 5221 1582 5277 noti
1620 5230 1766 5290 sunt,
1800 5235 2001 5291 cogno-
2040 5278 2043 5279 ν

425 5319 554 5367 seu.
593 5308 895 5367 lmmensus
926 5311 1089 5381 igitur
1114 5323 1170 5366 et
1226 5315 1466 5370 inﬁnitus
1494 5328 1576 5372 est
1616 5318 1774 5383 Deus,
1833 5328 1885 5375 et
1941 5317 2010 5374 ad

349 5425 352 5428 ’
423 5402 901 5471 contemplandum
930 5402 1156 5459 diﬁicilis
1195 5422 1208 5459 :
1248 5414 1408 5475 atque
1440 5406 1540 5464 hoc
1584 5408 1754 5465 solmn
1782 5411 2004 5467 omnino

1338 3207 1496 3259 linem
1530 3204 1861 3269 habiturum,
1890 3201 2003 3256 νει·
2029 3209 2073 3269 C
2104 3225 2267 3281 μενον
2288 3249 2302 3274 ,

2290 2660 2423 2725 Θεὸς
2455 2658 2524 2733 ἦν
2567 2662 2665 2733 μὲν
2696 2664 2806 2730 ἀεὶ,
2838 2667 2933 2720 καὶ
2967 2666 3104 2729 ἔστι,
3145 2666 3238 2719 καὶ
3266 2666 3449 2720 ἔσται’
3487 2670 3695 2737 μᾶλλον

2102 2750 2162 2806 δὲ
2189 2752 2362 2807 ἐστιν
2386 2752 2493 2807 ἀεί.
2528 2753 2601 2806 Τὸ
2626 2754 2733 2826 γὰρ
2762 2750 2860 2825 ἦν,
2895 2757 2990 2811 καὶ
3014 2757 3209 2823 ἔσται,
3242 2757 3336 2811 τοῦ
3382 2758 3506 2812 καθ’
3538 2762 3693 2831 ἡμᾶς

2104 2842 2299 2915 χρόνου
2330 2844 2618 2914 τμήματα,
2648 2844 2743 2897 καὶ
2778 2846 2881 2915 τῆς
2912 2848 3148 2918 ῥευστῆς
3176 2847 3391 2917 φύσεως
3412 2866 3426 2881 ο
3457 2853 3489 2903 ὁ
3518 2850 3575 2905 δὲ
3605 2852 3695 2904 ὢν

2103 2934 2210 3000 ἀεὶ,
2239 2934 2335 2988 καὶ
2355 2934 2510 2988 τοῦτο
2530 2936 2691 3000 αὐτὸς
2719 2938 2910 2993 ἑαυτὸν
2933 2938 3207 3010 ὀνομάζει,
3225 2941 3299 3011 τῷ
3312 2943 3533 2995 Μωῦσεί
3553 2960 3698 3014 χρη-

2106 3022 2348 3095 ματίζων
2436 3021 2532 3078 ἐπὶ
2596 3025 2692 3080 τοῦ
2731 3027 2909 3099 ὄρους.
2943 3029 3102 3083 Ὅλον
3135 3031 3241 3101 γὰρ
3268 3032 3326 3085 ἐν
3360 3033 3535 3102 ἐαυτῷ
3565 3033 3696 3085 συλ-

2102 3116 2303 3183 λαϐὼν,
2330 3118 2445 3190 ἔχει
2481 3117 2544 3171 τὸ
2575 3115 2736 3185 εἶναι,
2782 3122 2920 3193 μήτε
2965 3122 3292 3194 ἀρξάμενον,
3323 3125 3460 3196 μήτε
3483 3126 3693 3179 παυσό-

2445 3203 2557 3263 οἷόν
2585 3228 2640 3264 τι
2669 3210 2907 3281 πέλαγος
2936 3214 3125 3278 οὐσίας
3154 3216 3381 3285 ἄπειρον
3411 3216 3505 3270 καὶ
3533 3217 3693 3288 ἀόρι-

2101 3318 2249 3368 στον,
2294 3303 2475 3358 πᾶσαν
2512 3304 2921 3377 ὑπερεκπῖπτον
2960 3308 3189 3373 ἔννοιαν,
3234 3309 3331 3362 καὶ
3366 3312 3561 3379 χρόνου
3597 3312 3697 3364 καὶ

2102 3394 2318 3465 φύσεως
2340 3412 2355 3428 ·
2393 3395 2469 3468 νῷ
2500 3396 2648 3469 μόνῳ
2689 3398 3201 3471 σκιαγραφούμενος
3228 3439 3247 3463 ,
3330 3399 3425 3452 καὶ
3526 3397 3700 3450 τοῦτο

2102 3486 2227 3543 λίαν
2256 3486 2516 3558 ἀμυδρῶς
2571 3488 2666 3542 καὶ
2722 3489 2982 3562 μετρίως,
3038 3491 3139 3545 οὐκ
3230 3490 3298 3544 ὲκ
3380 3488 3490 3545 τῶν
3567 3492 3694 3543 κατ’
3760 3541 3772 3549 ,

2102 3577 2285 3645 αὑτὸν,
2307 3578 2423 3632 ἀλλ’
2442 3578 2512 3632 ὲκ
2539 3577 2650 3633 τῶν
2684 3580 2814 3653 περὶ
2846 3580 3031 3646 αὑτὸν,
3068 3581 3235 3653 ἄλλης
3272 3580 3332 3646 ἐξ
3364 3581 3525 3636 ἀλλου
3556 3598 3699 3650 φαν-

2101 3670 2298 3735 τασίας
2325 3670 2745 3743 συλλεγομένης,
2766 3674 2847 3735 είς
2871 3672 2931 3727 ἓν
2957 3691 3011 3727 τι
3030 3674 3131 3744 τῆς
3154 3673 3409 3744 ἀληθείας
3434 3674 3691 3745 ἴνδαλμα,

2103 3763 2235 3835 πρὶν
2275 3763 2637 3835 κρατηθῆναι,
2672 3756 2897 3833 φεῦγον,
2931 3766 3028 3820 καὶ
3062 3767 3192 3838 πρὶν
3221 3765 3503 3837 νοηθῆναι,
3524 3766 3692 3820 διαδι-

2102 3851 2339 3925 δράσκον
2358 3868 2371 3883 ⁸
2398 3852 2636 3908 τοσαῦτα
2667 3854 3013 3925 περιλάμπον
3048 3856 3208 3927 ἡμῶν
3240 3856 3303 3909 τὸ
3336 3857 3692 3926 ἡγεμονικὸν,

2104 3945 2201 4001 καὶ
2236 3944 2411 4001 ταῦτα
2455 3946 2888 4018 κεκαθαρμένον,
2937 3948 3038 4001 ὅσα
3084 3948 3180 4001 καὶ
3227 3948 3350 4017 δψιν
3400 3948 3697 4019 ἀστραπῆς

2102 4036 2268 4108 τάχος
2311 4038 2411 4112 οὐχ
2450 4037 2770 4109 ίσταμένηςι
2814 4036 2971 4109 Ἐμολ⁵
3018 4038 3216 4102 δοκεῖν,
3261 4039 3347 4092 ἵνα
3384 4038 3461 4109 τῷ
3500 4036 3697 4108 ληπτῷ

2108 4129 2208 4201 μὲν
2237 4129 2372 4203 ἕλκῃ
2414 4129 2551 4201 πρὸς
2587 4129 2748 4184 ἑαυτὸ
2853 4131 2938 4199 (τὸ
3043 4131 3154 4201 γὰρ
3188 4131 3389 4193 τελέως
3427 4129 3693 4199 ἄληπτον,

2102 4219 2446 4293 ἀνέλπιστον,
2480 4221 2577 4275 καὶ
2612 4220 3076 4292 ἀνεπιχείρητον),
3107 4219 3186 4291 τῷ
3215 4222 3272 4275 δὲ
3302 4220 3531 4290 ἀλήπτῳ
3558 4219 3698 4273 θαυ-

2106 4311 2369 4384 μάζηται,
2406 4310 2822 4384 θαυμαζόμενον
2857 4312 2913 4366 δὲ
2938 4312 3172 4384 ποθῆται
3203 4312 3384 4377 πλέον,
3413 4310 3696 4382 ποθούμεο

2104 4418 2196 4458 νον
2238 4403 2296 4457 δὲ
2349 4403 2611 4476 καθαίρῃ,
2664 4404 2925 4477 καθαῖρον
2973 4404 3030 4457 δὲ
3079 4404 3332 4467 θεοειδεῖς
3367 4404 3695 4475 ἀπεργάζη-

2413 4494 2676 4560 τοιούτοις
2708 4495 2766 4548 δὲ
2813 4495 3148 4566 γενομένοις,
3196 4495 3271 4559 ὡς
3312 4496 3556 4560 οἰκείοις,
3587 4496 3693 4567 ἤδη

2108 4585 2433 4657 προσομιλῇ,
2468 4585 2645 4657 τολμᾷ
2686 4602 2740 4638 τι
2792 4585 3040 4639 νεανικὸν
3086 4587 3115 4638 ό
3150 4585 3328 4654 λόγος,
3369 4584 3501 4648 Θεὸς
3547 4584 3696 4648 θεοῖς

2106 4675 2395 4748 ἑνούμενός
2421 4693 2483 4730 τε
2518 4677 2615 4731 καὶ
2644 4675 3065 4749 γνωριζόμενος,
3106 4677 3201 4730 καὶ¹
3243 4676 3496 4729 τοσοῦτον
3535 4677 3691 4739 ἴσως,

2105 4769 2230 4823 ὅσον
2262 4770 2361 4841 ἤδη
2390 4768 2650 4839 γινώσκει
2673 4771 2802 4835 τοὺς
2822 4767 3278 4840 γινωσκομένους.
3302 4767 3566 4839 ’Ἄπειρον
3594 4762 3692 4821 οὖν

2105 4860 2167 4914 τὸ
2199 4860 2341 4914 θεῖον
2374 4860 2466 4914 καὶ
2497 4859 2871 4933 δυσθεώρητον
2897 4876 2912 4891 ο
2961 4857 3056 4913 καὶ
3099 4856 3256 4911 τοῦτο
3300 4857 3475 4928 πάντη
3522 4874 3697 4910 κατα-

2104 4950 2309 5023 ληπτὸν
2336 4951 2501 5007 αὑτοῦ
2551 4952 2734 5024 μόνον,
2768 4954 2801 5024 ἡ
2839 4951 3066 5025 ἀπειρία
3090 4968 3105 4983 ο
3143 4950 3245 5005 κᾶν
3276 4968 3359 5015 τις
3392 4949 3573 5019 οἴηται
3605 4949 3687 5020 τῷ

2104 5043 2282 5115 ἁπλῆς
2453 5040 2593 5098 εἶναι
2644 5044 2881 5115 φύσεως,
2923 5045 2955 5116 ἢ
3010 5044 3130 5099 ὅλον
3175 5044 3416 5117 ἄληπτον
3449 5038 3612 5107 εἶναι,
3654 5044 3689 5115 ἢ

2101 5135 2300 5200 τελέως
2327 5135 2550 5208 ληπτόν.
2594 5137 2660 5193 Τί
2696 5137 2792 5210 γάί
2843 5136 2902 5202 ὃς
2940 5138 3118 5210 ἁπλῆς
3156 5139 3271 5190 ἐστι
3303 5135 3539 5208 φύσεως,
3570 5137 3693 5188 ἐπι-

2105 5227 2452 5301 ζητήσωμεν.
2496 5230 2572 5284 Οὐ
2626 5230 2734 5303 γὰρ
2773 5229 2837 5301 δὴ
2882 5231 3042 5285 τοῦτο
3076 5230 3239 5302 φύσις
3276 5229 3426 5301 αὐτῷ
3461 5232 3495 5300 ἡ
3525 5228 3696 5283 ἀπλό-

2109 5337 2211 5391 της
2238 5336 2255 5353 ο
2283 5319 2443 5392 εἴπερ
2476 5316 2611 5389 μηδὲ
2633 5318 2746 5382 τοῖς
2776 5315 3073 5383 συνθέτοις,
3109 5317 3270 5388 μόνον
3296 5314 3356 5367 τὸ
3384 5311 3523 5369 εἶναι
3560 5334 3693 5371 συν·
3802 5372 3805 5373 ,

2110 5413 2306 5480 θέτοις.

432 5494 502 5551 de
536 5497 651 5563 ipso
676 5493 1058 5562 comprehendi
1086 5503 1279 5565 potest,
1303 5513 1497 5570 nempe
1513 5500 1655 5567 quod
1686 5500 2004 5567 immensus,
2046 5511 2102 5558 et
2166 5503 2409 5560 inﬁnitus
2455 5503 2525 5559 sit
2555 5522 2570 5560 :
2614 5503 2715 5559 etsi
2765 5504 3032 5574 quispiam
3068 5492 3359 5573 existime.,
3388 5521 3532 5571 eum,
3562 5505 3692 5574 quia

429 5591 693 5661 simplicis
723 5599 926 5644 natura:
951 5589 1042 5654 sit,
1077 5590 1338 5644 rationem
1371 5590 1511 5645 hanc
1544 5589 1767 5656 habere,
1797 5600 1879 5659 ut,
1902 5591 1990 5647 vel
2021 5608 2245 5663 prorsus
2271 5594 2835 5662 incomprehensibilis
2859 5598 2951 5660 sit,
2977 5596 3060 5652 vel
3099 5612 3326 5668 prorsus
3351 5613 3415 5653 ac
3450 5597 3693 5668 perfecte

431 5683 812 5754 comprehendi
848 5692 1027 5753 queat.
1058 5683 1195 5751 Quid
1217 5684 1360 5739 enim
1386 5684 1472 5740 ille
1494 5683 1584 5752 sit,
1614 5684 1705 5753 qui
1730 5677 1979 5742 naturam
2009 5688 2305 5760 simplicem
2332 5688 2518 5757 habet,
2553 5690 2920 5761 exquiramus.
2964 5692 3147 5765 Neque
3180 5693 3323 5751 enim
3360 5692 3684 5765 simplicitas

432 5779 506 5835 illi
542 5788 728 5832 natura
757 5788 839 5834 est
871 5796 884 5833 :
921 5776 1352 5846 quandoquidem
1380 5790 1480 5834 nec
1509 5777 1825 5848 compositis
1859 5779 1972 5837 sola
2000 5781 2336 5852 compositio.

514 5863 528 5892 ⁸
558 5859 732 5921 Exod.
766 5879 853 5923 ιιι.
896 5862 987 5920 li.
