4048 6566
415 427 513 495 15⁸1

393 631 572 704 ἀρχὴν
595 633 689 685 καὶ
726 634 875 695 τέλος
909 632 989 703 (τὸ
1015 631 1120 702 γὰρ
1150 630 1288 701 ὑπὲρ
1320 629 1507 693 ταῦτα,
1530 630 1623 681 καὶ
1657 629 1729 700 μὴ
1758 631 1816 681 ὲν
1838 628 1960 682 τού-

393 740 532 785 τοις,
566 722 834 794 ἄπειρον),
880 724 1005 777 ὅταν
1043 723 1139 791 μὲν
1186 723 1264 784 είς
1314 720 1401 773 τὸν
1446 722 1556 774 ἄνω
1607 720 1763 789 βυθὸν
1927 719 1960 776 ὁ

396 813 528 875 νοῦς
561 813 859 885 ἀποϐλέψῃ,
889 814 987 866 οὐκ
1017 814 1153 884 ἔχων
1191 813 1309 865 ὅποι
1352 814 1447 882 στῇ
1480 812 1571 864 xei.
1604 812 1960 883 ἀπερείσηται

398 900 526 960 ταῖς
559 898 689 969 περὶ
717 898 850 951 Θεοῦ
896 898 1232 967 φαντασίαις,
1271 898 1335 951 τὸ
1366 898 1595 952 ἐνταῦθα
1626 899 1847 969 ἄπειρον
1867 900 1963 954 καὶ

403 986 723 1050 ἀνὲκὸατον,
761 985 989 1055 ἄναρχον
1027 986 1490 1056 προσηγόρευσεν·
1545 986 1671 1038 ὅταν
1701 986 1755 1038 δὲ
1784 987 1862 1049 είς
1893 987 1963 1041 τὰ

407 1076 558 1127 κάτω
668 1072 765 1127 καὶ
833 1071 902 1127 τά
993 1074 1141 1144 ἑξῆς,
1182 1075 1445 1129 ἀθάνατον
1490 1076 1583 1128 xui.
1627 1076 1960 1146 ἀνώλεθρον·

406 1164 535 1215 ὅταν
566 1163 623 1215 δὲ
645 1161 836 1233 συνέλῃ
859 1162 921 1215 τὸ
948 1164 1073 1228 πᾶν,
1100 1162 1331 1218 αἰώνιον.
1362 1162 1503 1217 Δίὼν
1532 1163 1662 1234 γὰρ,
1694 1163 1814 1217 οὕτε
1839 1164 1967 1234 χρό-

405 1269 519 1316 νος,
548 1252 670 1305 οὔτε
709 1253 899 1323 χρόνου
924 1270 977 1305 τι
1010 1253 1199 1325 μέρος·
1238 1253 1358 1307 οὐδὲ
1394 1254 1499 1328 γὰρ
1536 1255 1824 1325 μετρητόνο
1851 1253 1965 1308 ἀλλ’

403 1343 687 1413 ὃπερὴμῖν
764 1342 794 1396 ὁ
858 1344 1062 1415 χρόνος,
1082 1343 1231 1413 ἡλίου
1246 1346 1385 1415 φορᾷ
1402 1344 1782 1415 μετρούμενος,
1814 1343 1969 1399 τοῦτο

407 1436 524 1493 τοῖς
545 1426 753 1497 ἀϊδίοις,
778 1433 930 1498 αἰὼν,
954 1434 1013 1486 τὸ
1040 1434 1637 1506 συμπαρεκτεινόμενον
1659 1438 1769 1500 τοῖς
1794 1429 1965 1505 οὖσιν,

407 1518 520 1574 οἷόν
549 1539 602 1575 τι
649 1524 894 1594 χρονικὸν
932 1524 1154 1597 κίνημα,
1202 1527 1295 1581 καὶ
1338 1525 1627 1597 διάστημα.

546 1902 655 1957 Τοῦ
682 1902 866 1957 αὐτοῦ
902 1902 969 1957 ἐκ
994 1903 1098 1958 τοῦ
1127 1905 1258 1972 περὶ
1293 1906 1601 1975 θεολογίας
1631 1908 1839 1977 λόγου.

482 1995 618 2049 Θιδν
664 1995 860 2065 νοῆσαι
921 1995 1018 2065 μὲν
1054 1996 1308 2066 χαλεπὸν,
1362 1998 1567 2068 φράσαι
1602 1998 1659 2052 δὴ
1687 1998 1967 2061 ἀδύνατον,

854 488 859 493 .
1357 432 1733 494 PANOPLIA
1780 434 2236 498 DOGMATICA.
2272 461 2339 472 -
2377 435 2528 499 TIT.
2564 436 2663 498 IV.

596 543 726 613 Διχῆ
772 541 828 595 δὲ
872 539 964 593 τοῦ
1011 540 1234 609 ἀπείρου
1280 537 1669 608 θεωρουμένου,
1716 538 1857 591 κατά
1897 555 1956 592 τε
1993 543 2039 598 Δ

2304 538 2422 593 Jam
2444 554 2593 605 vero,
2612 553 2732 593 cum
2756 539 3086 595 immensitas
3101 540 3346 596 bifariam
3374 548 3621 601 conside-

2074 639 2241 694 retur,
2298 644 2487 697 nempe
2535 638 2591 684 et
2639 631 2906 699 principii,
2948 640 3002 684 et
3047 631 3168 686 linis
3212 635 3419 689 ratione
3465 637 3615 703 (nam

2072 720 2214 789 quod
2241 733 2401 788 supra
2434 719 2547 774 haec
2565 728 2666 784 est,
2701 734 2762 774 ac
2785 734 2888 774 non
2912 722 2964 774 in
2993 722 3096 789 his,
3122 723 3438 779 immensum
3478 730 3620 796 est);

2071 825 2195 864 cum
2221 810 2274 862 in
2309 809 2555 878 superius
2585 809 2904 879 profundum
2932 826 3083 866 mens
3122 815 3352 880 aspexit,
3390 832 3495 871 non
3526 819 3628 872 ha-

2072 897 2206 952 bens
2229 897 2318 952 ubi
2346 898 2621 965 consistat,
2644 897 2933 968 turmisque
2955 900 3080 964 illis,
3108 917 3241 970 quas
3270 904 3335 958 de
3360 904 3469 959 Deo
3495 921 3626 960 con-

2073 987 2202 1054 cipit
2257 988 2538 1053 innitatur,
2594 989 2913 1043 immensum
2967 991 3069 1045 hoc
3119 1003 3173 1045 et
3229 995 3625 1061 inextricabile,

2076 1080 2394 1143 anarchum,
2436 1080 2536 1134 hoc
2569 1089 2671 1144 est,
2725 1080 2984 1148 principio
3024 1096 3235 1148 carens,
3290 1086 3575 1152 appellavit
3607 1104 3620 1140 :

2073 1181 2197 1223 cum
2233 1178 2411 1224 autem
2462 1170 2530 1224 ad
2572 1170 2827 1225 inferiora
2872 1179 2925 1225 et
2959 1174 3280 1240 posteriora,
3324 1174 3627 1230 immortale

2073 1269 2234 1329 atque
2274 1260 2520 1315 interitus
2571 1274 2795 1329 expers;
2832 1275 2949 1314 cum
2989 1276 3116 1316 vero
3163 1272 3449 1334 utrumque
3495 1282 3626 1320 con-

2075 1349 2237 1404 traxit
2284 1358 2340 1405 et
2380 1350 2613 1421 collegit,
2658 1361 2937 1407 aeternum.
2972 1349 3270 1407 Eternitas
3312 1355 3479 1420 enim,
3525 1371 3625 1409 nec

2075 1448 2306 1509 tempus,
2336 1455 2436 1495 nec
2493 1441 2747 1512 temporis
2791 1456 2914 1510 pars
2948 1440 3054 1495 ulla
3088 1451 3169 1497 est
3212 1443 3333 1511 (nec
3386 1445 3527 1498 enim
3570 1447 3625 1500 in

2076 1545 2376 1586 mensuram
2409 1532 2605 1601 cadit);
2635 1533 2727 1587 sed
2773 1532 2914 1600 quod
2944 1532 3098 1587 nobis
3133 1542 3342 1602 tempus
3388 1545 3489 1597 est,
3538 1552 3626 1589 so-

2073 1622 2138 1677 lis
2188 1632 2335 1677 motu
2368 1622 2666 1687 deﬁnitum,
2710 1622 2811 1678 hoc
2856 1623 3075 1678 aeternis
3108 1639 3281 1678 aevum
3318 1634 3419 1690 est,
3466 1626 3625 1684 nimi-

2072 1729 2191 1770 rum
2222 1714 2311 1770 ille
2338 1713 2491 1784 quasi
2526 1712 2833 1781 temporalis
2867 1712 3081 1780 quidam
3115 1721 3310 1778 motus,
3356 1723 3410 1768 et
3460 1714 3628 1770 inter-

2070 1804 2287 1870 Vallum,
2316 1805 2456 1876 quod
2495 1804 2651 1859 simul
2693 1819 2817 1860 cum
2843 1802 3056 1860 aeternis
3088 1803 3413 1859 extenditur.

2343 1907 2614 1975 Ejusdem,
2640 1922 2705 1962 σε
2734 1906 2970 1961 aratione
2993 1907 3056 1959 de
3085 1906 3362 1977 theologia.

2138 2000 2306 2050 Deum
2348 1995 2628 2051 intellectu
2686 1995 2970 2064 percipere
3006 1994 3223 2049 dimcile
3269 2003 3353 2050 est
3388 2012 3404 2051 :
3447 1993 3629 2063 eloqui

403 2085 454 2139 ὦ
502 2104 584 2149 τις
606 2087 714 2141 τῶν
734 2088 863 2158 παρ’
883 2085 1110 2157 Ἕλλησι
1139 2088 1407 2157 θεολόγων
1440 2089 1851 2159 ιφιλοσόφησεν,
1870 2090 1972 2143 οὐκ

2082 2097 2250 2141 autem
2278 2085 2634 2155 impossibile,
2658 2096 2716 2141 ut
2738 2085 3084 2156 profanorum
3103 2086 3475 2156 theologorum
3512 2090 3635 2157 qui-

404 2179 651 2247 ἀτέχνως
695 2180 819 2248 ἐμοὶ
859 2179 1038 2245 δοκεῖ,
1066 2179 1151 2233 ῐνα
1182 2181 1277 2235 καὶ
1325 2181 1709 2253 κατειληφέναι
1738 2180 1867 2254 δόξῃ
1910 2180 1973 2233 τὸ

2082 2180 2193 2235 iam
2210 2179 2417 2240 docuit,
2430 2177 2780 2247 meoquidem
2790 2178 3016 2248 judicio,
3032 2193 3140 2232 non
3158 2178 3424 2243 incallide,
3440 2195 3636 2246 nempe

404 2266 650 2337 χαλεπὸν
667 2267 965 2332 είπείν,καὶ
987 2269 1224 2342 διαφύγῃ
1239 2270 1317 2340 τῷ
1328 2270 1502 2341 ἀνεκφ
1510 2272 1693 2342 ράστῳ
1714 2271 1805 2325 τὸν
1819 2270 1976 2339 ελεγ-

404 2376 528 2429 χον.
545 2359 706 2413 Ἀλλά
730 2361 938 2429 φράσαι
964 2361 1064 2430 μιν
1080 2362 1439 2429 ἀδύνατον,ὡς
1458 2366 1487 2417 δ
1500 2363 1629 2434 ιμδς
1645 2364 1826 2433 λόγος,
1845 2362 1976 2434 νοῆ·

404 2468 500 2505 σαι
518 2452 577 2506 δὲ
593 2451 899 2506 ἀδυνατώτε
908 2454 1096 2523 ρον.Τδ
1113 2454 1213 2523 μιν
1228 2454 1338 2525 γὰρ
1355 2454 1566 2526 νοηθὲν,
1578 2456 1719 2526 τάχα
1732 2456 1798 2509 ἀν
1821 2456 1984 2525 λόγος

400 2543 725 2613 δηλώσειεν,
747 2546 797 2599 εί
828 2546 923 2598 καὶ
972 2544 1047 2617 μὴ
1081 2547 1432 2617 συμμέτρως,
1459 2547 1574 2600 ἀλλ’
1616 2547 1872 2617 ἀμυδρῶς
1917 2564 1983 2617 γε

402 2635 485 2706 τῷ
505 2635 579 2706 μὴ
596 2635 772 2705 πάντη
787 2638 854 2689 τὰ
872 2631 986 2690 ὦτα
1002 2638 1399 2709 διεφθαρμένῳ,
1420 2638 1515 2692 καὶ
1541 2638 1732 2710 νωθρῷ
1756 2640 1853 2708 τὴν
1868 2639 1985 2694 δια-

415 2738 590 2775 νοιαν.
630 2722 703 2774 Τὸ
729 2722 786 2775 δὲ
814 2723 1036 2778 τοσοῦτο
1162 2726 1391 2795 πρᾶγμα
1415 2727 1480 2795 τῇ
1513 2724 1719 2794 διανοίᾳ
1752 2723 1977 2795 περιλα-

320 2860 325 2865 .
418 2811 554 2877 δεῖν,
606 2811 821 2877 πάντως
860 2813 1117 2868 ἀδύνατον
1156 2815 1248 2868 καὶ
1297 2816 1597 2886 ἀμήχανον,
1646 2813 1719 2885 μὴ
1756 2815 1835 2867 ὃτι
1867 2817 1977 2877 τοῖς

418 2901 1010 2973 καταϐεϐλακευμένοις
1106 2905 1205 2960 καὶ
1257 2903 1407 2957 κάτω
1436 2905 1699 2970 νεύουσιν,
1730 2903 1863 2957 ἀλλά
1882 2903 1977 2957 καὶ

415 2993 529 3054 τοῖς
559 2992 676 3045 λίαν
710 2993 1012 3064 ὑψηλοῖς.τε
1042 2994 1135 3046 καὶ
1163 2994 1447 3063 φιλοθίοις,
1470 2994 1563 3047 καὶ
1597 2994 1797 3064 ὁμοίως
1826 2994 1975 3071 πάσῃ

417 3086 647 3154 γεννητῇ
782 3083 960 3154 φύσει,
992 3084 1084 3139 καὶ
1107 3082 1188 3148 οἷς
1214 3086 1243 3137 ὁ
1266 3084 1425 3155 ζόφος
1451 3077 1603 3148 οὗτος
1634 3084 1969 3156 ἐπιπροσθεῖ,

2074 2282 2135 2328 ut
2158 2288 2226 2328 ex
2253 2288 2321 2329 eo
2355 2274 2502 2344 quod
2532 2272 2818 2328 intellectu
2850 2270 3119 2329 diﬂicilem
3150 2271 3630 2339 allirmat,0pinio-

2076 2382 2201 2422 nem
2232 2365 2548 2422 hominibus
2589 2364 2798 2429 aﬂ‘erat,
2837 2378 2897 2418 se
2934 2378 3057 2420 eum
3100 2364 3413 2433 cognitione
3443 2378 3632 2431 perce-

2082 2461 2265 2531 pisse;
2287 2474 2353 2514 ex
2372 2474 2438 2514 eo
2453 2468 2634 2514 autem
2659 2457 2804 2528 quod
2836 2456 3000 2513 nullis
3023 2457 3204 2512 verbis
3231 2471 3356 2512 eum
3374 2453 3635 2524 explicari

2083 2562 2249 2617 posse
2296 2548 2396 2614 sit,
2429 2548 2537 2603 hoc
2570 2554 2715 2617 agat,
2746 2560 2815 2602 ne
2862 2544 3077 2599 inscitia
3120 2559 3218 2600 sua
3268 2541 3426 2612 prodi
3470 2554 3635 2611 atque

2074 2640 2332 2695 'couvinci
2363 2647 2548 2709 queat.
2580 2638 2690 2709 Ego
2719 2652 2848 2693 vero
2868 2637 2942 2691 ita
2980 2637 3160 2705 potius
3188 2633 3477 2689 dicendum
3508 2646 3635 2688 cen-

2083 2738 2195 2788 seu,
2227 2722 2317 2777 Dei
2367 2731 2611 2777 naturam
2672 2722 2831 2775 nullis
2882 2723 3095 2789 quidem
3148 2724 3325 2776 verbis
3378 2723 3638 2789 explicari

2083 2828 2241 2883 posse
2273 2830 2288 2881 ;
2315 2814 2492 2868 animo
2526 2822 2703 2867 autem
2746 2822 2905 2881 atque
2932 2813 3201 2867 intellectu
3251 2815 3636 2882 comprehendi

2086 2903 2252 2958 multo
2270 2904 2443 2957 minus
2462 2917 2638 2971 posse.
2668 2902 2799 2957 Nam
2830 2904 2971 2971 quod
2996 2904 3117 2973 quis
3142 2905 3321 2961 animo
3348 2913 3402 2957 et
3432 2904 3639 2969 ratione

2084 2992 2391 3061 complexus
2413 2992 2589 3057 fuerit,
2646 2993 2698 3046 id
2728 3007 2940 3060 quoque
2973 2991 3200 3047 fortasse
3245 3008 3495 3048 sermone
3544 2995 3639 3048 dc-

2087 3082 2293 3136 clarare
2322 3091 2501 3152 queat.
2534 3083 2578 3137 si
2610 3096 2679 3137 ne
2712 3083 3057 3137 mediocriter
3103 3083 3338 3150 quidem,
3368 3093 3423 3137 at
3449 3082 3637 3138 saltem

417 3170 513 3223 καὶ
558 3172 618 3225 τὸ
661 3173 804 3243 παχὺ
851 3172 1006 3226 τοῦτο
1048 3173 1291 3245 σαρκίον,
1322 3173 1458 3243 πρὸς
1497 3173 1593 3245 τὴν
1618 3171 1712 3225 τοῦ
1745 3172 1973 3243 ἀληθοῦς

2088 3173 2336 3239 obscure,
2374 3176 2530 3229 modo
2559 3175 2857 3229 auditorem
2890 3183 3079 3228 nactus
3138 3177 3212 3228 sit
3265 3189 3369 3227 non
3421 3175 3641 3229 omnino

415 3263 740 3333 κατανόησιν
760 3280 774 3293 ο
796 3264 895 3317 ούκ
923 3260 1042 3318 οἶδα
1059 3264 1115 3317 δὲ
1132 3300 1153 3331 ,
1217 3263 1268 3318 εί
1330 3261 1406 3336 μὴ
1457 3264 1549 3318 καὶ
1579 3266 1698 3327 ταῖς
1721 3263 1974 3333 ἀνωτέρω

414 3353 511 3404 καί
544 3357 752 3423 νοεραίς
778 3353 1027 3422 φύσεσινο
1063 3355 1140 3421 αἶ,
1167 3354 1257 3409 διὰ
1294 3355 1355 3409 τὸ
1383 3355 1607 3426 πλησίον
1642 3350 1780 3408 εἶναι
1814 3354 1970 3419 Θεοῦ,

412 3443 510 3495 καὶ
534 3444 639 3514 ὅλῳ
660 3444 738 3514 τῷ
772 3446 909 3514 φωτὶ
937 3446 1404 3517 καταλάμπεσθαι,
1432 3448 1593 3518 τυχὸν
1619 3448 1684 3501 ἂν
1713 3447 1806 3500 καὶ
1835 3464 1970 3517 τρα-

410 3536 603 3596 νοίντο,
668 3535 717 3587 εί
770 3535 865 3588 καὶ
921 3534 995 3606 μὴ
1056 3536 1252 3608 πάντη,
1296 3536 1409 3591 ἀλλ’
1464 3537 1620 3607 ἡμῶν
1664 3552 1728 3605 γε
1773 3536 1968 3589 τελεώ-

408 3624 567 3692 τερόν
590 3640 648 3675 τε
678 3624 773 3677 καὶ
796 3627 1186 3697 ὲκτυπώτερον,
1217 3628 1311 3683 καὶ
1342 3628 1512 3681 ἄλλων
1542 3628 1693 3683 ἄλλαι
1725 3628 1904 3681 πλεῖον
1936 3628 1967 3698 ἢ

410 3711 648 3774 ἔλαττον,
678 3714 817 3767 κατά
838 3713 934 3778 τὴν
957 3714 1247 3783 ἀναλογίαν
1280 3718 1379 3785 τῆς
1397 3717 1620 3783 τάξεως.

420 3798 697 3852 crassities
729 3801 975 3854 tenebras
1002 3800 1247 3859 oﬂ'undit.
1302 3804 1476 3871 Atque
1521 3802 1663 3857 haud
1701 3802 1816 3856 scio

2090 3263 2336 3329 surdum,
2372 3263 2617 3333 tardique
2643 3272 2698 3319 et
2718 3264 2912 3333 stupidi
2945 3263 3162 3333 ingenii.
3199 3264 3265 3315 At
3296 3278 3407 3316 rem
3435 3272 3639 3317 tantam

2091 3354 2270 3407 animo
2302 3353 2775 3421 comprehendere,
2807 3355 3026 3406 omnino
3058 3351 3380 3420 impossibile
3407 3360 3508 3418 est,
3539 3366 3645 3405 non

2091 3441 2250 3496 modo
2281 3442 2487 3512 ignavis
2518 3451 2571 3497 et
2620 3442 2910 3511 languidis,
2975 3442 3330 3512 deorsumque
3374 3442 3645 3513 vergenti-

2089 3532 2213 3597 bus,
2270 3534 2365 3589 sed
2414 3534 2622 3603 magnis
2679 3535 2841 3590 etiam
2893 3542 2944 3589 et
2997 3533 3224 3589 excelsis
3267 3533 3394 3589 viris
3446 3532 3651 3599 Deique

2091 3638 2276 3680 amore
2324 3625 2585 3694 praeditis,
2641 3638 2705 3678 ac
2752 3624 3069 3679 mortalibus
3100 3637 3343 3692 peraeque
3372 3624 3652 3685 omnibus,

2092 3714 2285 3782 quibus
2310 3716 2375 3769 ad
2406 3716 2516 3771 veri
2564 3714 2923 3782 cognitionem
2978 3713 3147 3778 caligo
3197 3713 3309 3767 haec
3352 3720 3407 3765 et
3460 3712 3650 3766 carnis

1901 3815 1967 3856 an
2005 3800 2105 3856 hoc
2138 3816 2352 3871 quoque
2384 3800 2786 3856 sublimioribus
2842 3800 2947 3855 illis
3003 3808 3059 3855 et
3083 3799 3502 3868 intelligentibus
3530 3816 3628 3855 na-

422 3885 578 3952 turis,
614 3897 859 3957 negatum
917 3904 1025 3946 non
1074 3891 1177 3957 sit;
1229 3907 1345 3961 ηοω
1404 3892 1529 3961 quia
1577 3892 1686 3948 Deo
1722 3891 1940 3963 propius
1993 3890 2193 3962 juncta:
2238 3899 2384 3959 sunt,
2447 3906 2511 3947 ac
2540 3900 2651 3947 tuto
2698 3890 2789 3947 illo
2834 3890 3115 3961 splendore
3162 3890 3448 3954 collucent,
3509 3907 3631 3945 cer-

424 3988 555 4028 uere
608 3976 795 4044 utique
835 3977 1063 4036 fortasse
1116 3992 1345 4050 queant,
1400 3982 1445 4037 si
1474 3997 1580 4036 non
1612 3995 1873 4052 prorsus,
1923 3995 1986 4057 ac
2022 3991 2169 4037 certe
2198 3982 2407 4052 plenius
2439 3996 2598 4052 quam
2630 3996 2727 4036 nos
2781 3992 2832 4036 et
2886 3980 3127 4044 solidius,
3163 3989 3321 4050 atque
3350 3980 3465 4035 alia:
3488 3981 3627 4047 aliis,

420 4079 521 4134 pro
546 4067 806 4153 cujusque
838 4072 1049 4153 ordine,
1078 4073 1160 4128 vel
1187 4074 1426 4141 uberius,
1446 4076 1531 4130 vel
1564 4076 1804 4143 parcius.

599 4152 768 4207 Τοῦτο
787 4153 885 4225 μὲν
897 4151 1002 4209 οὖν
1026 4156 1257 4212 ἐνταῦθα
1280 4156 1506 4211 κείσθωο
1535 4157 1596 4211 τὸ
1613 4157 1670 4210 δὲ
1689 4157 1977 4228 ἡμέτερον,

2249 4172 2353 4227 Sed
2382 4170 2449 4227 de
2473 4171 2573 4225 hac
2599 4185 2657 4226 re
2684 4170 2771 4226 hic
2794 4170 2863 4226 sit
2891 4169 3030 4224 linis.
3064 4167 3215 4235 Quod
3237 4175 3415 4221 autem
3443 4162 3507 4217 ad
3536 4175 3633 4215 nos

419 4244 522 4313 οὐχ
576 4244 611 4313 ἡ
649 4244 838 4315 εἰρήνη
865 4244 959 4297 τοῦ
984 4244 1115 4299 Θεοῦ
1168 4244 1324 4317 μόνον
1355 4246 1609 4318 ὑπερέχει
1652 4248 1827 4301 πάντα
1856 4247 1973 4301 νοῦν

2083 4260 2294 4327 attinet,
2326 4274 2432 4316 non
2462 4275 2563 4329 pax
2594 4262 2959 4316 tantummodo
2992 4259 3082 4316 Dei
3115 4264 3401 4324 exsuperat
3420 4265 3633 4308 onmem

420 4332 517 4387 καὶ
550 4333 869 4403 κατάληψιν,
904 4334 1023 4389 οὐδὲ
1050 4336 1150 4390 ὅσα
1178 4339 1289 4400 τοῖς
1312 4337 1536 4400 δικαίοις
1559 4338 1703 4392 ἐστὶν
1723 4339 1780 4392 ὲν
1809 4339 1980 4407 ἐπαγ-

417 4424 628 4493 γελίαις
656 4426 1011 4496 ἀποκείμενα,
1039 4427 1109 4480 τὰ
1137 4429 1269 4499 μήτε
1300 4428 1596 4499 ὀφθαλμοῖς
1633 4443 1639 4451 ’
1779 4428 1976 4500 ὁρατὰ,

420 4516 561 4586 μήτε
588 4514 724 4569 ὠσὶν
753 4516 1010 4581 ἀκουστὰ,
1045 4519 1177 4588 μήτε
1196 4518 1400 4591 διανοίᾳ
1427 4517 1694 4590 θεωρητὰ,
1718 4519 1857 4574 κατά
1892 4538 1980 4590 μι-

419 4605 551 4674 κρὸν
583 4603 736 4672 γοῦν,
765 4604 884 4657 οὐδὲ
924 4606 957 4675 ὴ
992 4606 1088 4676 τῆς
1123 4606 1351 4670 κτίσεως
1392 4606 1624 4678 ἀκριϐὴς
1655 4606 1979 4678 κατανόησις

418 4692 541 4759 (καὶ
576 4691 685 4762 γὰρ
731 4693 825 4745 καὶ
849 4692 1047 4763 ταύτης
1078 4694 1324 4765 πείσθητι
1363 4694 1462 4757 τάς
1502 4696 1658 4759 σκιὰς
1698 4695 1841 4767 ἔχειν
1878 4696 1979 4766 μόι-

414 4800 531 4849 νον,
557 4784 685 4837 ὅταν
721 4783 981 4855 ἀκούσῃς’
1023 4785 1281 4854 Ὀψομαι
1315 4785 1455 4850 τοὺς
1493 4785 1805 4854 οὐρανοὺς,
1835 4787 1980 4857 ἔργα

415 4874 538 4927 τῶν
584 4872 894 4928 δακτύλων
935 4889 1073 4941 σου,
1113 4875 1385 4944 σελήνην
1420 4875 1519 4929 καὶ
1545 4875 1832 4945 ἀστέρας,
1884 4876 1979 4933 καὶ

413 4963 511 5015 τὸν
536 4964 595 5017 ἐν
624 4964 805 5027 αὐτοῖς
832 4965 1025 5033 πάγιον
1052 4965 1233 5033 λόγον’
1264 4965 1339 5029 ὡς
1370 4966 1488 5035 οὐχὶ
1528 4965 1621 5018 νῦν
1648 4966 1807 5040 ὁρῶν,
1839 4965 1979 5035 ὀψό-

416 5069 583 5122 μενος
608 5053 666 5106 δὲ
692 5052 837 5105 ἔστιν
865 5053 998 5123 ὅτε)’
1028 5052 1163 5108 ἀλλά
1207 5052 1338 5107 πολὺ
1375 5053 1480 5121 πρὸ
1514 5051 1739 5113 τούτων,
1778 5052 1813 5122 ἠ
1839 5051 1979 5124 ὑπὲρ

422 5144 610 5209 ταῦτα,
638 5144 732 5197 καὶ
759 5146 817 5211 ὲξ
841 5139 909 5217 ἦς
932 5145 1124 5211 ταῦτα,
1157 5145 1313 5215 φύσις
1351 5145 1588 5218 ἄληπτός
1629 5162 1683 5199 τε
1722 5145 1812 5199 καὶ
1841 5145 1977 5199 ἀπε-

416 5233 705 5305 ρίληπτος·
733 5234 876 5303 λέγω
904 5234 983 5304 δὲ,
1003 5236 1100 5308 οὐχ
1120 5238 1199 5291 ὅτι
1222 5235 1385 5301 ἐστιν,
1412 5236 1523 5289 ἀλλ’
1550 5236 1585 5307 ἧ
1604 5236 1687 5301 τίς
1712 5237 1874 5291 ἐστιν.
1902 5237 1976 5290 Οὐ

421 5323 529 5393 τὰρ
561 5322 741 5379 κενὸν.
820 5324 885 5380 τδ
966 5327 1226 5399 κήρυγμα
1256 5327 1430 5397 ἡμῶν,
1453 5327 1571 5380 οὐδὲ
1595 5326 1796 5397 ματαία
1824 5328 1858 5397 ή
1888 5326 1974 5382 πίο

417 5434 538 5481 ττις
559 5416 734 5488 ήμῶν,
771 5415 893 5471 οὐδὲ
919 5416 1073 5471 τοῦτό
1098 5420 1242 5471 ἐστιν
1273 5418 1300 5470 ὅ
1322 5417 1710 5488 δογματίζομεν
1742 5417 1838 5489 (μὴ
1873 5419 1979 5474 πά-

419 5513 503 5559 λιν
530 5507 626 5577 τὴν
662 5507 1077 5581 εὐγνωμοσύνην
1104 5508 1256 5580 ἡμῶν
1279 5508 1462 5571 ἀθείας
1489 5508 1659 5581 λάόῃς
1694 5509 1865 5581 ἀρχὴν
1886 5511 1980 5564 καὶ

428 5600 806 5665 τυκοφαντίας,
841 5601 937 5655 καὶ
961 5600 1307 5669 κατεπαρθῇς
1409 5597 1484 5663 ὡς
1580 5600 1979 5663 ὁμολογούντων

506 5702 741 5772 ‘l’hilip.
778 5721 854 5772 tv,
884 5704 938 5761 7.
1013 5709 1034 5740 ³
1075 5707 1243 5763 lCor.
1293 5723 1353 5774 ιι,
1385 5710 1439 5764 9.
1520 5708 1540 5741 ³
1574 5708 1664 5765 Ps.
1722 5724 1836 5776 vui,
1861 5710 1914 5765 ι.

2083 4361 2314 4409 mentem
2344 4359 2396 4405 et
2427 4350 2784 4420 cognitionem
2823 4355 2870 4417 ι,
2896 4363 2993 4404 nec
3049 4359 3381 4418 quaecunque
3411 4344 3479 4398 iis
3502 4382 3517 4406 ,
3542 4342 3634 4411 qui

2079 4437 2337 4508 justitiam
2372 4436 2656 4503 coluerint,
2737 4439 2793 4496 in
2880 4435 3081 4494 divinis
3161 4432 3654 4505 pollicitationibus.

2085 4527 2360 4583 recondita
2395 4536 2541 4594 sunt,
2564 4542 2684 4597 quae
2720 4541 2821 4583 nec
2843 4527 3013 4582 oculis
3045 4527 3192 4583 cerni
3215 4570 3228 4591 ,
3281 4540 3379 4580 nec
3420 4525 3655 4580 auribus;

2084 4614 2280 4684 excipi,
2302 4630 2399 4671 nec
2425 4615 2603 4670 animo
2630 4615 2850 4685 cogitari
2877 4630 2940 4670 ac
2965 4614 3193 4685 perspici
3230 4614 3276 4679 ⁸,
3298 4614 3398 4670 nisi
3433 4615 3639 4668 tenuis-

2085 4707 2246 4770 sime,
2272 4712 2531 4774 possunt,
2580 4719 2679 4759 nec
2702 4713 2894 4760 exacta
2918 4713 2973 4760 et
3002 4702 3243 4759 absoluta
3274 4718 3453 4759 rerum
3487 4718 3640 4757 crea-

2090 4801 2262 4849 tarum
2303 4792 2539 4862 cognitio
2575 4794 2738 4864 (nam
2779 4792 2969 4848 harum
2999 4806 3211 4863 quoque
3241 4803 3292 4848 te
3328 4792 3472 4847 solas
3518 4807 3642 4846 um-

2086 4887 2215 4942 bras
2237 4894 2420 4947 lenere
2449 4885 2589 4943 haud
2619 4884 2854 4947 dubites,
2884 4898 3005 4939 cum
3045 4883 3373 4952 Scripturam
3410 4882 3476 4937 ad
3500 4881 3649 4935 hunc

2088 4977 2306 5045 modum
2331 4976 2631 5047 loquentem
2659 4976 2891 5031 audieris
2918 4994 2934 5031 :
2970 4973 3161 5029 Videbo
3184 4974 3357 5042 calas,
3382 4989 3540 5044 opera
3557 4972 3647 5025 di-

2089 5067 2311 5137 gitorum
2342 5076 2572 5132 tuorum,
2601 5067 2779 5121 lunam
2829 5076 2877 5122 et
2926 5066 3101 5123 stellas
3140 5062 3194 5130 ⁸,
3228 5080 3477 5134 eamque,
3526 5077 3648 5132 qua

2091 5156 2220 5226 ipsis
2249 5158 2423 5223 inest,
2456 5156 2663 5212 ﬁrmam
2706 5165 2761 5211 et
2787 5156 3031 5212 stabilem
3080 5156 3336 5211 rationem
3363 5192 3380 5219 ,
3427 5154 3647 5225 perinde

2092 5244 2299 5301 scilicet
2327 5252 2485 5313 atque
2515 5244 2567 5299 in
2597 5243 2698 5299 hac
2720 5244 2830 5300 vita
2857 5259 2918 5300 ea
2950 5242 3167 5300 minime
3194 5243 3397 5306 videns,
3426 5242 3521 5295 sed
3540 5240 3645 5293 ali-

2094 5333 2307 5402 quando
2361 5333 2779 5402 perspecturus)
2817 5351 2833 5388 z
2875 5333 2967 5387 sed
3000 5332 3165 5386 multo
3223 5332 3395 5401 magis
3454 5338 3646 5383 natura

2095 5421 2185 5477 illa
2215 5421 2298 5478 his
2323 5421 2603 5477 sublimior
2628 5460 2644 5487 ,
2682 5432 2737 5478 et
2771 5436 2836 5477 ex
2876 5436 2980 5491 qua
3012 5422 3123 5475 haec
3170 5421 3428 5488 originem
3468 5428 3649 5475 traxe-

2097 5520 2243 5576 runt,
2275 5521 2491 5581 raptum
2517 5526 2728 5567 omnem
2765 5522 2818 5567 et
2850 5511 3376 5581 comprehensionem
3409 5518 3648 5581 superat.

2098 5602 2205 5659 Nec
2225 5617 2351 5660 vero
2380 5604 2496 5661 haec
2526 5602 2685 5662 verba
2727 5603 2799 5661 ita
2834 5602 3004 5671 accipi
3037 5602 3216 5668 velim,
3264 5603 3416 5667 quasi
3451 5598 3655 5672 percipi
