4048 6574
2354 176 2381 198 κ

442 403 548 471 159
1640 398 1972 457 EUTIIYM]

2078 396 2436 459 ZIGABENI
3539 392 3636 458 160

440 530 547 568 neu
578 525 731 580 posse
749 511 942 573 dicam,
972 509 1112 579 quod
1142 508 1207 563 sit
1247 508 1408 570 Deus,
1442 511 1533 561 sed
1563 510 1687 578 quid
1726 520 1779 565 et
1830 511 1972 580 qualt

2091 515 2189 581 τὴν
2220 514 2493 582 ἇγναιαν).
2519 513 2773 565 Πλεῖστον
2798 507 2903 577 γὰρ
2932 504 3178 574 διαφέρει
3199 504 3292 557 τοῦ
3323 498 3462 559 εἶναι
3484 523 3535 557 τι
3553 525 3642 557 ira.

430 605 523 656 sit.
560 601 743 667 Neque
772 599 914 653 enim
959 599 1135 651 inanis
1162 607 1244 651 est
1277 598 1583 666 przedicatio
1610 610 1816 663 nostra,
1883 615 1972 654 nec

2090 601 2333 668 πέἰσθαι,
2361 607 2421 657 τὸ
2455 607 2505 659 τί
2533 606 2662 657 ποτέ
2697 605 2811 655 ἐστι
2842 600 3001 653 τοῦτο
3024 600 3251 653 εἰδέναι.

432 706 563 745 vana
597 689 727 741 tides
786 698 965 743 nostra
1004 686 1059 752 ¹;
1091 701 1187 739 nec
1219 687 1268 739 id
1328 696 1429 746 est,
1486 688 1629 754 quod
1693 688 1986 744 astruimus
2016 690 2106 759 (ne
2136 708 2322 747 rursus
2367 695 2419 747 id
2471 694 2611 762 quod
2672 692 2838 763 probe
2882 691 3216 757 candideque
3279 688 3556 750 diximus,
3590 690 3642 739 in

433 783 719 849 impietatis
751 791 802 835 et
824 779 1110 834 calumniae
1132 788 1506 847 argumentum
1541 779 1744 842 trahas,
1804 792 1867 831 ac
1920 782 2093 845 nobis,
2128 794 2186 837 ut
2243 784 2602 852 ignorantiam
2663 785 3063 847 confitentibus,
3088 792 3404 849 arroganter
3469 781 3635 835 insul-

435 876 555 941 tes).
610 873 903 925 Plurimum
958 886 1191 941 namque
1250 873 1494 935 interest,
1554 884 1704 927 certo
1735 874 2199 941 tibipersuadeas
2234 880 2436 948 aliquid
2490 894 2631 947 esse,
2664 896 2754 945 an,
2780 880 2906 949 quid
2948 876 3311 931 tandemillud
3363 876 3453 929 sit.
3502 890 3617 929 cum

431 980 638 1038 pertutu
671 970 892 1023 habeas.

778 1082 1022 1149 Ejusdem
1054 1098 1117 1136 ea:
1164 1082 1343 1135 eadem
1378 1078 1635 1132 oratione.

500 1176 698 1245 Ecquis
728 1177 874 1230 enim
910 1191 974 1230 eo
1010 1176 1287 1244 sapientiae
1326 1175 1620 1244 pervenit?
1660 1175 1845 1244 ecquis
1882 1191 1982 1229 un-

430 1285 587 1338 quam
613 1278 813 1322 tantam
849 1268 1072 1338 gratiam
1102 1268 1363 1321 divinitus
1386 1275 1706 1322 consecutus
1752 1269 1980 1323 est?ec-

430 1358 550 1426 quis
577 1373 635 1410 os
662 1356 855 1410 mentis
886 1357 956 1410 ita
994 1356 1224 1425 aperuit,
1253 1370 1316 1411 ac
1335 1356 1592 1425 Spiritum
1623 1358 1896 1422 attraxit',
1930 1369 1989 1412 ut

435 1447 666 1512 Spiritus
690 1449 866 1501 omnia
900 1449 1319 1518 perscrutantis.
1355 1457 1515 1516 atque
1544 1449 1703 1502 etiam
1736 1450 1827 1503 Dei
1855 1466 1983 1520 pro-

435 1537 597 1590 funda
639 1539 1012 1607 cegnoscentis
1042 1538 1061 1569 ³
1121 1552 1222 1606 ope
1276 1542 1436 1605 atque
1500 1538 1834 1607 adjumento,
1882 1539 1977 1593 Dei

434 1636 679 1680 naturam
713 1628 1208 1697 comprehenderit,
1264 1643 1366 1682 nec
1404 1629 1511 1697 jam
1563 1629 1793 1683 ulterius
1846 1646 1973 1701 pro-

437 1719 583 1788 gredi
626 1734 848 1774 necesse
878 1720 1092 1785 habeat,
1142 1730 1329 1789 utpote
1361 1723 1451 1789 qui
1494 1731 1799 1775 extremum
1853 1723 1984 1776 illud

435 1810 791 1877 appetendum
821 1810 930 1878 jam
961 1809 1177 1874 habeat,
1210 1812 1272 1864 ad
1300 1811 1441 1881 quod
1468 1811 1645 1864 omnis
1674 1810 1987 1867 sublimium

435 1900 674 1951 virorum
705 1906 757 1951 et
790 1898 896 1952 vita
932 1907 986 1953 et
1013 1899 1270 1968 cogitatio
1298 1899 1577 1953 contendit
1608 1898 1631 1951 τ

647 1983 782 2049 Quid
822 1984 963 2036 enim
1008 1984 1222 2034 tandem
1273 1979 1435 2032 Deum
1485 1992 1607 2032 esse
1637 1977 1903 2041 censebis,
1954 1976 1996 2029 si

440 2074 773 2142 argumentis
803 2088 831 2126 a
869 2073 1080 2126 ratione
1110 2072 1288 2140 petitis
1319 2070 1472 2123 ﬁdem
1519 2069 1736 2122 omnino
1782 2067 1945 2122 babes

2081 2066 2202 2130 ταῖς
2230 2066 2470 2133 λογικαῖς
2500 2070 2774 2135 πιστεύεις
2795 2071 3005 2139 ἐφόδοις
3039 2091 3056 2137 ὅ

435 2169 541 2221 Aut
573 2181 683 2236 quo
715 2164 929 2219 tandem
965 2171 1016 2217 te
1048 2163 1309 2217 subvehet
1333 2163 1446 2215 haec
1475 2159 1763 2228 disputatio
1785 2198 1799 2225 ,
1830 2160 1873 2214 si
1901 2174 1995 2213 ac-

433 2259 675 2312 curatius
708 2255 1090 2309 examinetur?
1120 2252 1214 2320 Te,
1243 2255 1479 2323 inquam,
1502 2252 1735 2322 appello,
1761 2251 1850 2321 qui
1877 2251 1996 2320 phic

429 2348 684 2416 losophiae
738 2362 801 2401 ac
856 2345 1136 2414 theologia:
1192 2343 1545 2413 principatum
1594 2342 1690 2396 tibi
1729 2342 1991 2405 vindicas,

428 2449 590 2507 atque
622 2440 673 2491 in
713 2438 1031 2490 immensum
1074 2434 1341 2504 gloriaris.
1387 2434 1468 2488 An
1501 2448 1695 2501 corpus
1721 2448 1842 2488 eum
1871 2446 1992 2488 esse

428 2530 612 2584 dices?
639 2528 881 2595 Quonam
909 2542 1038 2597 ergo
1062 2526 1219 2580 modo
1246 2526 1561 2592 immensus,
1614 2524 1878 2590 infinitus,
1921 2524 1987 2577 ﬁ-

423 2636 572 2690 gurze
607 2634 803 2689 expers
830 2629 930 2684 est,
965 2633 1029 2672 ae
1061 2617 1291 2686 denique
1312 2615 1596 2685 ejusmodi,
1622 2625 1678 2669 ut
1702 2628 1801 2669 nec
1823 2614 1988 2683 tangi,

429 2727 525 2766 nec
554 2711 723 2765 oculis
753 2710 897 2764 cerni
934 2708 1136 2780 queat?
1164 2708 1243 2761 An
1278 2708 1391 2763 haec
1422 2721 1633 2777 quoque
1678 2706 1730 2760 in
1763 2720 1987 2774 corpora

421 2802 663 2856 cadunt?
684 2802 728 2857 υ
752 2799 1061 2855 licentiam!
1090 2798 1203 2852 Non
1228 2799 1369 2852 enim
1422 2798 1533 2852 hare
1572 2810 1855 2865 corporum
1891 2812 1987 2849 na-

426 2901 543 2944 tura
577 2898 680 2945 est.
711 2890 789 2943 An
821 2904 1017 2958 corpus
1036 2888 1251 2958 quidem
1272 2901 1392 2941 esse
1416 2896 1637 2951 statues,
1662 2886 1983 2940 immensum

427 2996 578 3047 vero,
621 2991 785 3049 atque
807 2981 1096 3044 inﬁnitum,
1128 2988 1426 3047 caeteraque
1448 2978 1603 3046 hujus
1629 2977 1840 3045 generis
1864 2990 1986 3030 esse

2523 1084 2615 1135 Ἐκ
2642 1082 2751 1137 τοῦ
2785 1081 2968 1136 αὐτοῦ
3011 1084 3225 1150 Λόγου.

2161 1175 2251 1237 Τίς
2281 1174 2447 1237 οὕτως
2475 1177 2552 1238 εἰς
2583 1177 2808 1246 ἔσχατον
2837 1177 3027 1243 σοφίας
3054 1174 3308 1243 άφίκετος
3326 1190 3338 1235 ;
3356 1170 3439 1236 τίς
3466 1169 3621 1224 τοσού

2086 1286 2180 1321 του
2216 1268 2551 1337 χαρίσματος
2592 1267 2795 1339 ἠξιώθη
2833 1268 3109 1331 ποτέ;τ1ς
3163 1266 3302 1319 οὕτω
3348 1266 3409 1317 τὸ
3479 1263 3648 1332 στόμα

2094 1360 2194 1429 τῆς
2220 1361 2454 1422 διανοίας
2484 1360 2714 1427 διήκοιξε
2734 1401 2749 1425 ,
2774 1362 2864 1412 καὶ
2901 1359 3115 1413 εἵλκυσε
3163 1356 3385 1425 Πνεῦμα
3407 1396 3422 1419 ,
3454 1356 3539 1408 ἵνα
3571 1354 3649 1422 τῷ

2092 1453 2157 1504 τὰ
2196 1453 2368 1505 πάντα
2403 1452 2695 1521 ἑμυνῶντι
2743 1451 2839 1504 καὶ
2879 1447 3201 1517 γινώσκοντι
3230 1486 3244 1510 ,
3281 1447 3376 1500 καὶ
3407 1447 3473 1499 τά
3506 1447 3644 1515 βάθη

2087 1543 2178 1597 τοῦ
2204 1543 2360 1607 Θεοῦ,
2386 1544 2681 1612 Πνεύματι,
2714 1541 2845 1595 Θεὸν
2870 1540 3168 1610 καταλάόῃ,
3191 1539 3284 1591 καὶ
3332 1538 3525 1608 μηκέτι
3556 1538 3648 1589 τοῦ

2090 1636 2279 1703 πρόσω
2299 1632 2506 1703 δέηται,
2525 1635 2585 1685 τὸ
2610 1632 2835 1701 ἔσχατον
2853 1630 3073 1700 ὀρεκτὸν
3089 1630 3190 1699 ἥδη
3213 1629 3369 1699 ἔχων,
3400 1628 3495 1681 καὶ
3522 1628 3599 1687 εἰς
3621 1627 3649 1678 ὃ

2093 1726 2241 1779 πᾶσα
2280 1723 2609 1777 σπεύδειτοῦ
2640 1722 2845 1794 ὑψηλοῦ
2876 1723 2968 1776 καὶ
3006 1720 3250 1775 πολιτεία
3284 1722 3374 1774 καὶ
3396 1721 3645 1782 διάνοια,

2028 1898 2068 1951 3

2265 1975 2329 2027 Τί
2354 1977 2459 2046 γάρ
2491 1994 2617 2030 ποτε
2649 1978 2897 2052 ύπολήψῃ
2921 1980 2980 2032 τὸ
3000 1980 3173 2044 Θεῖον,
3242 1980 3407 2047 εἴπερ
3495 1979 3643 2039 ὅλαις

3156 2072 3191 2142 ἢ
3258 2073 3395 2143 πρὸς
3447 2070 3501 2122 τί
3532 2087 3589 2121 σε
3619 2070 3646 2121 ὁ

2081 2154 2235 2222 λόγος
2262 2158 2444 2222 ἀνάξει
2470 2159 2883 2232 βασανιζόμενος
2910 2206 2925 2231 ,
2990 2159 3036 2218 ὧ
3132 2160 3528 2230 φιλοσοφώτατε
3558 2162 3643 2224 σὺ.

2081 2248 2176 2299 καὶ
2209 2248 2648 2317 θεολογικώτατε,
2684 2253 2777 2305 καὶ
2818 2252 3135 2322 καυχώμενε
3178 2254 3257 2315 εἰς
3303 2253 3370 2304 τὰ
3399 2253 3641 2322 ἄμετρα;

2082 2339 2316 2412 Πότερον
2347 2342 2537 2412 σῶμα;
2582 2345 2675 2396 καὶ
2707 2345 2823 2407 πῶς
2865 2344 2924 2396 τὸ
2959 2345 3202 2412 ἄπειρον,
3238 2344 3332 2395 καὶ
3374 2343 3643 2412 ἀόριστον,

2080 2430 2175 2484 καὶ
2208 2432 2629 2503 ἀσχημάτιστον,
2676 2435 2769 2487 καὶ
2803 2434 3023 2501 ἀναφὲς,
3057 2434 3149 2486 καὶ
3189 2433 3447 2502 ἀόρατονς
3483 2432 3514 2501 ἦ
3550 2432 3647 2484 καὶ

2078 2522 2249 2576 ταῦτα
2303 2523 2567 2594 adipata;
2608 2526 2669 2577 Ὢ
2700 2526 2799 2595 τῆς
2835 2525 3114 2589 ὲξουσίας1
3149 2525 3210 2576 οὐ
3243 2524 3349 2591 γὰρ
3380 2524 3515 2591 αὑτὴ
3548 2522 3646 2589 φύ-

2080 2630 2163 2677 σις
2190 2616 2473 2685 σωμάτων.
2509 2618 2579 2669 Ἦ
2621 2616 2778 2687 σῶμα
2815 2618 2932 2686 μὲν,
2973 2616 3093 2684 οὐχὶ
3131 2615 3300 2667 ταῦτα
3328 2615 3418 2675 δέ;
3449 2615 3512 2664 Ὢ
3542 2611 3643 2681 τῆς

2078 2706 2382 2775 παχύτητος
2405 2707 2420 2759 1
2528 2706 2617 2760 ἵνα
2708 2707 2869 2777 μηδὲν
2896 2706 3056 2758 πλέον
3078 2707 3234 2774 ἡμῶν
3256 2704 3351 2774 ἔχῃ
3385 2704 3447 2757 τὸ
3465 2704 3638 2756 Θείον.

2078 2795 2202 2857 Πῶς
2227 2795 2333 2866 γὰρ
2361 2797 2553 2849 σεπτὸν
2586 2833 2601 2859 ,
2694 2796 2743 2849 εἰ
2813 2798 3212 2868 περιγραπτόν;
3246 2798 3277 2867 ἢ
3310 2797 3420 2858 πῶς
3453 2797 3642 2864 φεύξε-

2076 2900 2164 2935 ται
2210 2884 2269 2936 τὸ
2308 2886 2372 2937 ὲκ
2403 2886 2677 2955 στοιχείων
2714 2888 3048 2956 συγκεῖσθαι,
3080 2887 3175 2940 καλ⁵
3207 2889 3284 2949 εἰς
3309 2887 3449 2939 αὐτὰ
3485 2887 3644 2939 πάλιν

2077 2974 2420 3040 ἀναλύεσθαι,
2449 2976 2481 3046 ἢ
2518 2977 2609 3029 xal.
2648 2978 2784 3041 ὅλως
2805 2979 3058 3043 λύεσθαι;
3092 2978 3343 3038 Σύνθεσις
3376 2976 3512 3047 γὰρ,
3543 2978 3644 3046 ἀρ-

425 3061 688 3142 ιιοεοιιίεἳ
725 3072 768 3127 0
792 3070 1129 3126 crassitiem!
1159 3079 1214 3123 ut
1243 3069 1385 3123 nulla
1415 3083 1471 3122 re
1502 3071 1639 3122 Deus
1668 3070 1818 3122 nobis
1848 3082 1972 3136 pra.»

2077 3066 2145 3134 χὴ
2179 3066 2356 3135 μάχης
2379 3084 2391 3097 '
2434 3067 2577 3139 μάχη
2612 3069 2687 3134 δὲ,
2716 3069 3045 3132 διαστάσεως
3064 3086 3078 3099 ·
3116 3071 3147 3139 ἠ
3177 3068 3252 3132 δὲ,
3276 3066 3478 3130 λύσεως
3498 3080 3510 3093 ·
3542 3067 3637 3118 λύ-

420 3171 545 3217 stet.
567 3162 705 3228 Quid
728 3162 870 3215 enim
900 3160 1079 3214 all'erri
1102 3169 1297 3229 potest,
1324 3176 1418 3213 cur
1442 3160 1649 3213 colatur
1671 3168 1830 3227 atque
1858 3159 1984 3212 ado-

422 3262 590 3317 retur,
625 3252 669 3306 si
704 3252 1146 3319 circumscriptus
1193 3250 1308 3304 est?
1341 3248 1447 3303 Aut
1495 3249 1621 3318 quid
1653 3264 1826 3304 causa:
1860 3264 1981 3304 esse

417 3346 680 3407 dicemus,
714 3345 841 3413 quin
867 3359 928 3398 ex
960 3343 1239 3399 elementis
1286 3341 1545 3397 conﬂatus
1579 3342 1667 3409 sit,
1716 3350 1876 3412 atque
1923 3343 1976 3397 in

415 3436 602 3491 eadem
638 3435 814 3489 denuo
865 3434 1138 3504 redigatur
1164 3472 1179 3499 ,
1236 3441 1322 3486 aut
1355 3434 1515 3487 etiam
1557 3447 1776 3501 prorsus
1804 3433 1973 3486 inter-

419 3522 547 3576 eat?
583 3519 915 3589 Compositio
964 3522 1164 3590 quippe
1199 3535 1386 3590 pugna:
1423 3519 1631 3574 initium
1666 3530 1767 3586 est,
1798 3536 1971 3589 pugna

410 3623 587 3666 autem
620 3612 848 3675 dissidii,
877 3611 1157 3667 dissidium
1208 3608 1526 3666 solutionis:
1558 3610 1750 3666 solutio
1807 3624 1969 3679 porro

2079 3171 2161 3217 σις
2199 3155 2254 3207 δὲ
2289 3156 2563 3229 ἀλλότριον
2616 3158 2789 3229 πάντη
2835 3158 2989 3222 Θεοῦ,
3031 3160 3123 3211 καὶ
3157 3158 3255 3227 τῆς
3284 3156 3504 3227 “penne
3534 3154 3636 3222 φύ-

2078 3263 2232 3309 σεως.
2274 3246 2478 3301 Οὔκουν
2526 3248 2823 3312 διάστασις,
2879 3250 2964 3302 ἵνα
3009 3248 3084 3319 μὴ
3108 3248 3285 3310 λύσις·
3322 3248 3439 3300 οὐδὲ
3469 3247 3639 3316 μάχη,

2076 3338 2161 3389 ἵνα
2192 3338 2264 3407 μὴ
2295 3338 2601 3403 διάστασις·
2643 3340 2762 3392 οὐδὲ
2792 3339 3055 3404 σύνθεσις,
3094 3340 3178 3391 ἵνα
3214 3337 3286 3409 μὴ
3332 3339 3476 3407 μάχη
3502 3354 3513 3365 ⁸
3552 3337 3639 3389 διὰ

2072 3428 2228 3481 τοῦτο
2281 3430 2400 3481 οὐδὲ
2454 3432 2631 3500 σῶμα,
2688 3430 2772 3483 ἴνα
2823 3431 2895 3501 μὴ
2950 3430 3214 3491 σύνθεσις.
3252 3430 3348 3481 Ἐκ
3397 3428 3505 3479 τῶν
3547 3444 3635 3479 τε-

2073 3520 2333 3574 λευταίων
2366 3521 2457 3573 ἐπὶ
2485 3520 2554 3573 τὰ
2587 3520 2777 3592 πρῶτα
2814 3523 2841 3575 ὁ
2874 3521 3027 3589 λόγος
3066 3520 3251 3587 ἀνιὼν,
3282 3519 3455 3582 οὕτως
3490 3518 3637 3573 ἵστα-

2073 3628 2182 3666 ται.

415 3696 557 3751 nullo
580 3698 737 3753 modo
758 3699 809 3753 in
832 3698 993 3754 Deum
1016 3715 1079 3754 ac
1108 3702 1331 3770 primam
1355 3703 1495 3755 illam
1519 3712 1758 3757 naturam
1789 3705 1951 3758 cadit.
1984 3702 2242 3770 Quocirca
2266 3705 2466 3758 nullum
2496 3704 2774 3759 dissidium
2806 3702 3192 3759 admittendum
3223 3709 3326 3766 est,
3353 3717 3417 3757 ne
3442 3700 3637 3756 solutio

411 3800 771 3860 consequatur
810 3811 824 3846 :
855 3807 949 3847 nec
984 3810 1181 3865 pugna,
1210 3812 1278 3849 ne
1304 3797 1579 3851 dissidium
1604 3800 1812 3853 oriatur
1844 3818 1857 3852 :
1897 3814 1996 3854 nec
2045 3801 2383 3867 compositio,
2412 3815 2479 3854 ne
2506 3815 2678 3869 pugna
2705 3800 2948 3855 exsistat.
2981 3804 3056 3852 Ac
3103 3798 3326 3867 proinde
3350 3812 3413 3851 ne
3444 3810 3637 3863 corpus

410 3884 622 3949 quidem
639 3894 739 3949 est,
762 3900 825 3938 ne
848 3886 1041 3955 alioqui
1060 3889 1409 3955 compositum
1431 3891 1643 3958 quidem
1664 3907 1781 3945 eum
1803 3907 2022 3947 necesse
2044 3895 2131 3948 sit.
2155 3892 2243 3948 Sic
2261 3897 2324 3947 ab
2345 3894 2599 3948 extremis
2616 3894 2678 3946 ad
2709 3893 2877 3961 prima
2910 3905 3191 3945 recurrens
3216 3890 3389 3942 oratio
3410 3888 3623 3940 insistit.

649 3982 765 4037 lam
797 3998 927 4038 vero
979 3983 1241 4051 quomodo
1293 3981 1420 4033 illttd
1473 3983 1606 4034 lucri
1651 3977 1964 4049 poterimus,

401 4076 544 4143 quod
578 4074 652 4127 ait
703 4072 977 4143 Scriptura
1001 4113 1017 4137 ,
1057 4074 1220 4127 Deum
1273 4073 1447 4127 omnia
1483 4074 1773 4141 pervadere
1809 4083 1966 4141 atque

405 4165 664 4234 implere,
690 4164 843 4233 juxta
885 4162 1052 4217 illud:
1086 4162 1275 4217 Nonne
1305 4162 1485 4216 coelum
1530 4174 1578 4216 et
1629 4173 1819 4215 terram
1872 4179 1962 4232 ego

405 4254 633 4322 impleo?
662 4252 787 4304 dicit
842 4251 1095 4305 Dominus
1148 4248 1209 4315 ις
1243 4259 1315 4314 et,
1368 4248 1595 4317 Spiritus
1639 4251 1845 4303 Domini
1878 4266 1962 4303 re-

2263 3982 2385 4042 Πῶς
2418 3981 2473 4033 δὲ
2498 3981 2588 4033 καὶ
2622 3982 2921 4051 σωθήσεται
2952 3983 3013 4035 τὸ
3047 3982 3134 4034 διά
3163 3982 3377 4035 πάντων
3403 3983 3630 4053 διήκειν,

2069 4071 2164 4125 καὶ
2197 4070 2431 4140 πληροῦν
2452 4070 2520 4122 τὰ
2554 4070 2729 4124 πάντα
2757 4071 2908 4135 Θεὸν,
2941 4074 3079 4124 κατὰ
3103 4072 3183 4135 τὸ,
3219 4073 3361 4139 Οὐχὶ
3392 4072 3496 4125 τὸν
3525 4074 3626 4125 οὑ-

2065 4162 2252 4230 ρανόν
2272 4162 2368 4214 καὶ
2387 4160 2499 4229 τὴν
2520 4160 2632 4230 γῆν
2653 4160 2766 4233 ἐγὼ
2798 4161 3035 4229 animm");
3061 4163 3219 4232 λέγει
3244 4165 3474 4230 Κύριος·
3510 4164 3624 4226 καὶ,

2067 4254 2306 4321 Πνεῦμα
2338 4254 2553 4321 Κυρίου
2575 4253 2927 4321 πεπλήρωκε
2958 4253 3070 4319 τὴν
3094 4254 3467 4321 οἶκουμένην.
3494 4256 3541 4306 εἰ
3568 4254 3627 4306 τὺ

401 4346 554 4409 piavit
592 4344 765 4397 orbem
809 4353 1066 4397 terrarum
1106 4342 1172 4407 ⁵;
1223 4344 1265 4398 si
1308 4343 1444 4395 Deus
1496 4344 1688 4411 partim
1729 4342 1959 4397 circum-

2071 4344 2168 4415 μὲν
2202 4346 2564 4415 περιγράφοι,
2657 4344 2718 4398 τὸ
2778 4345 2835 4400 δὲ
2926 4346 3347 4417 περιγράφοιτο;
3399 4347 3469 4397 Ἢ
3516 4345 3623 4417 γὰρ

399 4434 621 4499 scribat,
670 4434 862 4502 partim
894 4433 1398 4487 circumscribatur?
1424 4432 1528 4485 Aut
1556 4433 1695 4484 enim
1736 4446 1831 4500 per
1865 4446 1960 4483 va-

389 4530 543 4567 cuam
575 4515 975 4569 universitatem
1009 4517 1364 4584 grassahitur,
1396 4526 1446 4571 et
1472 4533 1558 4572 res
1580 4533 1765 4573 omnes
1790 4520 1943 4575 nobis

388 4605 658 4673 peribunt,
715 4614 775 4659 ut
827 4605 907 4659 sic
961 4604 1101 4659 Deus
1132 4607 1454 4660 contumelia
1491 4606 1767 4674 amciatur,
1803 4611 1951 4664 nimi

388 4711 506 4749 rum
538 4704 592 4749 et
625 4695 714 4764 qui
746 4711 942 4766 corpus
970 4698 1058 4761 sit,
1090 4697 1227 4752 etiis
1275 4713 1392 4766 quae
1416 4700 1717 4767 procreavit
1737 4710 1958 4756 careat:

388 4796 479 4836 aut
510 4800 703 4854 corpus
725 4787 776 4839 in
808 4787 1123 4855 corporibus
1157 4789 1279 4852 erit,
1307 4789 1357 4842 id
1390 4792 1532 4856 quod
1567 4789 1681 4842 lieri
1731 4805 1834 4843 non
1867 4786 1965 4858 po-é

387 4882 652 4927 test:aut
704 4875 1187 4943 implicabitur,et
1246 4884 1563 4942 opponetur,
1611 4878 1960 4943 quemadmm

386 4966 510 5017 dum
532 4978 617 5030 ea,
646 4980 765 5034 qua:
788 4964 1089 5034 liquiditate
1115 4964 1337 5034 praedita
1451 4974 1579 5021 sunt
1605 5005 1621 5030 ,
1744 4967 1960 5024 interse

389 5054 724 5119 miscentur;
767 5064 928 5121 atque
955 5053 1059 5106 alia
1088 5053 1312 5119 secabit,
1349 5061 1399 5107 et
1422 5054 1490 5107 ab
1517 5053 1638 5109 aliis
1664 5070 1853 5110 rursus
1872 5071 1956 5111 se-

392 5142 625 5207 cabitur,
651 5143 792 5210 quod
830 5142 958 5211 ipsis
987 5144 1149 5196 etiam
1184 5142 1399 5211 Epicuri
1434 5143 1630 5198 atomis
1676 5142 1958 5201 absurdius

385 5240 440 5284 et
474 5231 671 5286 anilius
694 5239 779 5286 est
807 5249 821 5297 ;
860 5233 1045 5301 sicque
1074 5232 1228 5286 nobis
1260 5232 1578 5299 collabetur,
1616 5249 1716 5289 nec
1738 5249 1952 5305 corpus,

384 5335 483 5375 nec
516 5322 670 5376 solidi
717 5323 1006 5392 quidquam
1059 5323 1279 5378 habebit
1327 5325 1441 5380 haec
1484 5326 1796 5395 disputatio,
1851 5342 1953 5395 qua

382 5424 581 5478 corpus
667 5413 774 5467 Deo
868 5415 1106 5469 tribuere
1169 5430 1449 5470 conamur.
1509 5417 1662 5483 Quod
1724 5417 1767 5471 si
1829 5432 1952 5471 cum

382 5514 580 5566 corpus
609 5502 849 5557 materia:
879 5519 1072 5572 expers
1128 5519 1250 5559 esse
1294 5506 1689 5571 contenderint,
1739 5507 1781 5559 si
1835 5507 1956 5575 qui-

382 5590 504 5642 dem
542 5590 790 5658 quintum
840 5592 990 5659 illud,
1048 5604 1106 5649 ut
1162 5597 1399 5650 nonnulli
1437 5606 1792 5663 censuerunt,
1822 5606 1874 5651 et
1902 5598 1952 5649 iu

2066 4433 2154 4488 διὰ
2183 4434 2336 4487 κενοῦ
2369 4436 2604 4505 χωρήσει
2632 4434 2723 4487 τού
2743 4436 2957 4499 παντὸς,
2988 4437 3080 4488 καὶ
3106 4436 3172 4489 τὰ
3209 4438 3384 4490 πάντα
3409 4437 3624 4507 οἰχήσε-

2045 4538 2134 4573 ται
2162 4522 2312 4592 ἡμῖν,
2344 4521 2413 4573 ἵν’
2442 4520 2669 4591 ὑϐρισθῇ
2700 4520 2853 4585 Θεὸς,
2884 4520 2975 4571 καὶ
3007 4520 3165 4587 σῶμα
3193 4519 3498 4587 γενόμενος,
3533 4520 3625 4571 καὶ

2062 4610 2160 4661 οὐκ
2194 4610 2327 4680 ἔχων
2365 4610 2462 4663 ὅσα
2490 4610 2814 4679 πεποίηκεν’
2845 4610 2877 4680 ἦ
2917 4610 3072 4678 σῶμα
3112 4610 3167 4660 ὲν
3204 4608 3415 4678 σώμασι
3450 4609 3622 4673 ἔσται,

2060 4700 2193 4769 ὅπερ
2234 4699 2525 4752 ἀδύνατονο
2560 4700 2593 4769 ἦ
2626 4700 2958 4768 πλακήσεται
3000 4699 3093 4751 καὶ
3131 4698 3623 4769 ἀντιπαρατεθήσεο

2059 4807 2167 4856 ται,
2205 4788 2390 4861 ὥσπερ
2503 4791 2604 4846 ὅσα
2670 4789 2781 4842 τῶν
2870 4790 3049 4859 ὑγρῶν
3099 4789 3382 4858 μίγνυται·
3425 4791 3518 4841 καὶ
3560 4790 3624 4841 τὸ

2062 4883 2159 4951 μὲν
2189 4882 2397 4952 τέμνει,
2422 4881 2526 4934 ὑπὸ
2546 4881 2601 4935 δὲ
2636 4880 2729 4934 τοῦ
2762 4881 3117 4952 τμηθήσεται,
3146 4881 3173 4933 ὂ
3206 4882 3299 4933 καὶ
3329 4882 3433 4934 τῶν
3475 4882 3624 4932 Ἑπι-

2057 4973 2320 5044 κουρείων
2366 4974 2583 5043 ἀτόμων
2638 4972 2980 5043 ἀτοπώτερόν
3028 4989 3086 5023 τε
3138 4973 3231 5025 καὶ
3287 4972 3622 5042 γραωδέστε-

2057 5082 2149 5134 ρον
2183 5079 2201 5097 ο
2286 5064 2382 5119 καὶ
2462 5065 2601 5117 οὕτω
2630 5064 2962 5117 διαπεσεῖται
3003 5064 3152 5134 ἡμῖν,
3188 5064 3281 5115 καὶ
3327 5063 3483 5133 σῶμα
3525 5064 3622 5133 οὐχ

2054 5156 2185 5223 ἔξει,
2212 5156 2330 5209 οὐδὲ
2352 5156 2512 5226 πῆξίν
2545 5174 2663 5209 τινα
2700 5158 2727 5208 ὁ
2752 5157 2879 5227 περὶ
2910 5156 3001 5208 τοῦ
3034 5156 3282 5226 σώματος
3439 5152 3619 5224 λόγος.

2056 5245 2123 5299 Ei
2152 5247 2207 5299 δὲ
2233 5246 2391 5302 ἆῦλον
2426 5248 2688 5317 φήσομεν,
2739 5248 2786 5298 εἰ
2824 5246 2920 5316 μὲν
2951 5246 3010 5297 τὸ
3058 5246 3319 5315 πέμπτον,
3365 5244 3440 5308 ὥς
3478 5261 3621 5297 τισιν

2054 5336 2234 5403 ἔδοξε,
2335 5338 2429 5392 καὶ
2544 5336 2642 5406 τὴν
2684 5335 2865 5405 κύκλῳ
2904 5336 3073 5406 φορὰν
3114 5337 3439 5409 φερόμενον·
3481 5336 3623 5388 ἔστω

2059 5428 2154 5497 μὲν
2184 5428 2341 5481 ἄῦλόν
2361 5445 2411 5479 τι
2445 5428 2539 5481 καὶ
2572 5427 2815 5497 πέμπτον
2846 5427 3023 5498 σῶμα,
3054 5430 3100 5481 εί
3131 5429 3405 5499 βούλονται
3427 5429 3503 5495 δὲ,
3528 5428 3621 5481 καὶ

2055 5517 2357 5588 ἀσώματον,
2391 5520 2530 5572 κατὰ
2562 5520 2659 5590 τὴν
2683 5520 2974 5591 αὐτόνομον
3001 5522 3178 5576 αὐτῶν
3209 5521 3301 5575 τοῦ
3335 5522 3492 5589 λόγου
3523 5538 3620 5589 φο-

2059 5608 2158 5678 ράν
2189 5610 2281 5661 καὶ
2304 5610 2601 5663 ἀνάπλασιν
2623 5628 2636 5642 ο
2669 5612 2815 5664 οὐδὲν
2853 5612 2960 5684 γὰρ
2989 5614 3083 5668 νῦν
3119 5616 3242 5685 περὶ
3272 5615 3458 5668 τούτου
3490 5612 3616 5667 διοί-

451 5684 471 5722 ³
509 5685 671 5740 lCor.
699 5700 788 5755 xv,
818 5689 901 5747 M.
978 5695 998 5725 ²
1035 5692 1122 5749 l’s.
1154 5711 1340 5766 cxvm,
1376 5699 1495 5754 l5l.
1572 5701 1591 5733 ⁸
1626 5702 1644 5756 l
1675 5701 1797 5756 Cor.
1852 5720 1910 5766 ll,
1950 5703 1969 5756 1

2113 5705 2462 5773 Menum,
2488 5710 2576 5764 24.
2650 5710 2671 5742 ⁸
2698 5711 2822 5775 Sap.
2859 5727 2897 5777 t,
2937 5713 2987 5767 7.
