4048 6594
1629 248 1634 252 .
1679 204 1710 232 ς
1741 211 1750 218 υ

383 417 486 481 161

373 563 568 616 σομαι.

375 637 648 710 ρομένων,
686 636 775 689 ἵνα
818 635 893 707 μὴ
943 635 1089 704 λέγω
1140 633 1240 706 τὴν
1280 632 1457 704 ὓϐριν,
1497 633 1546 685 εί
1573 631 1644 686 τὰ
1678 629 1822 687 αὐτὰ
1851 631 1966 693 τοῖς

372 723 768 795 πεποιημένοις
797 723 826 775 6
856 717 1172 788 πεποιηκὼς
1201 716 1574 788 κινηθήσεται.
1614 715 1709 770 καὶ
1733 717 1846 779 τοῖς
1880 731 1964 784 φε·

370 817 626 890 ρομένοις
661 818 690 869 6
725 815 927 887 φέρων,
964 811 1018 866 ετ
1053 830 1117 882 γε
1154 813 1250 865 καὶ
1292 811 1449 866 τοῦτο
1474 811 1741 879 δώσουσα
1783 809 1850 863 Τί
1881 807 1967 862 δαὶ

364 909 432 962 τὸ
633 906 793 960 τοῦτο
841 904 1004 958 πάλιν
1057 902 1277 970 κινοῦν;
1332 902 1474 956 τίδὲ
1507 902 1568 956 τὸ
1602 903 1711 955 πᾶν
1751 899 1966 967 κινοῦν;

366 1002 594 1054 κάκεῖνο
608 999 658 1052 τί
683 1017 698 1064 ;
727 1000 823 1052 καὶ
846 999 898 1051 τί
927 997 1276 1051 πάλινέκεῖνο
1297 1011 1310 1062 ;
1331 995 1426 1050 καὶ
1447 994 1604 1049 τοῦτο
1620 995 1699 1057 εἰς
1720 993 1965 1065 ἄπειρον.

369 1091 503 1154 Πῶς
555 1089 644 1143 δαὶ
681 1089 781 1142 οὐκ
811 1089 868 1142 ἐν
897 1089 1048 1157 τόπῳ
1083 1086 1321 1153 πάντως,
1354 1087 1407 1140 εί
1431 1102 1495 1155 γε
1525 1085 1861 1158 φερόμενονς
1905 1083 1969 1136 Ei

367 1183 431 1237 δὲ
460 1182 586 1237 ἄλλο
615 1199 668 1234 τι
698 1181 848 1252 παρά
875 1180 937 1233 τὸ
975 1181 1225 1252 πέμπτον
1253 1180 1538 1251 φήσουσιν,
1577 1180 1626 1232 εί
1671 1177 1771 1249 μὲν
1798 1177 1968 1245 ἀγγε-

373 1275 552 1328 λικόνο
583 1273 746 1327 πόθεν
773 1275 854 1327 ὃτι
879 1272 1098 1342 ἄγγελοι
1276 1272 1524 1344 σώματα,
1559 1273 1652 1326 καὶ
1679 1271 1802 1325 τίνα
1841 1269 1969 1323 ταῦ-

373 1383 482 1431 τα;
517 1367 612 1420 καὶ
645 1365 809 1439 πόσρν
992 1366 1129 1438 ὑπὲρ
1157 1364 1388 1436 ἄγγελον
1438 1363 1524 1435 εἴη
1557 1363 1710 1430 Θεὸς,
1747 1356 1808 1417 οὗ
1861 1361 1970 1414 λειο

373 1457 612 1528 τυυργὸς
646 1457 913 1526 ἄγγελος;
963 1446 1026 1510 Ei
1060 1457 1117 1511 δὲ
1156 1456 1294 1530 ὑπὲρ
1326 1455 1519 1524 ταῦτα,
1558 1455 1718 1510 πάλιν
1742 1453 1972 1526 εἰσήχθη

377 1551 655 1621 σωμάτων
687 1550 856 1622 ἐσμὸς
887 1550 1193 1621 ἀλόγιστος,
1224 1557 1321 1604 και
1361 1549 1632 1624 φλυαρίας
1664 1548 1844 1621 βυθὸς,
1883 1547 1969 1601 οὑ-

375 1640 448 1694 δα
456 1640 558 1712 μοῦ
598 1642 790 1713 στῆναι
818 1641 1139 1713 δυνάμενος.

1375 419 1751 482 PANOPLIA
1808 419 2264 486 DOGMATICA.
2301 447 2382 460 --
2402 423 2550 486 ΤΙΤο
2579 423 2680 490 IV.

729 543 891 598 Κατά
917 541 1047 596 τίδὲ
1069 540 1178 596 τῶν
1200 540 1533 611 κινουμένων
1560 540 1711 594 ἔσται
1749 537 1844 593 καὶ
1867 554 1965 608 φε-

2070 543 2243 601 πὺειιι
2267 543 2501 600 volubile
2543 562 2555 598 :
2581 544 2652 600 sit
2681 557 2814 599 sane
2841 556 3040 613 corpus
3061 541 3332 612 quoddam
3365 541 3653 609 quintum,

3536 427 3640 490 162

2062 647 2118 693 et
2147 652 2177 691 a
2218 637 2447 692 materia
2478 647 2767 701 semomm,
2798 645 2961 705 atque
2985 635 3176 697 etiam,
3205 635 3250 688 si
3285 632 3417 702 ipsis
3434 621 3519 686 ita
3541 631 3656 686 col-

2062 729 2279 784 libuerit
2307 771 2322 795 ,
2351 729 2770 798 incorporeum;
2807 726 3246 798 quandoquidem
3298 726 3373 778 ita
3405 738 3657 780 sermone

2064 819 2358 890 comparati
2415 827 2542 874 sunt
2569 858 2586 885 ,
2621 827 2681 873 ut
2707 833 2802 889 pro
2831 817 3058 872 arbitrio
3091 818 3142 870 in
3197 830 3415 871 omnem
3447 824 3654 885 partem

2063 925 2185 967 sese
2239 920 2479 974 versent,
2517 925 2581 966 ac
2614 909 2830 981 quidvis
2858 909 3148 979 eiiingant;
3181 906 3315 962 nihil
3350 907 3495 963 enim
3553 906 3657 960 hac

2065 1004 2128 1060 de
2158 1019 2215 1060 re
2242 1003 2296 1059 in
2347 1003 2638 1075 praesentia
2678 1017 2801 1058 cum
2865 1001 2972 1056 illis
3019 999 3346 1056 altercabor.
3384 1000 3654 1055 (Satorum

2060 1111 2167 1164 quo
2205 1095 2422 1150 tandem
2463 1094 2518 1150 in
2551 1108 2751 1166 genere
2773 1093 2880 1149 erit
2909 1108 3097 1148 earum
3137 1105 3338 1158 rerum,
3365 1105 3484 1160 quae
3509 1101 3655 1144 motu

2059 1188 2271 1242 cientur
2300 1194 2351 1242 et
2381 1187 2691 1258 agitantur,
2728 1195 2786 1242 ut
2813 1184 3031 1241 interim
3065 1194 3298 1248 taceam,
3331 1197 3493 1252 quam
3523 1197 3654 1253 gra-

2059 1277 2143 1332 vis
2171 1276 2242 1332 sit
2269 1277 2635 1344 contumeliae,
2669 1291 2939 1343 asserere,
2964 1274 3279 1330 Creatorem
3304 1273 3515 1336 eodem,
3549 1287 3656 1342 quo

2063 1382 2150 1423 res
2189 1368 2257 1423 ab
2293 1384 2358 1424 eo
2385 1379 2622 1434 creatas,
2665 1378 2812 1424 motu
2848 1367 3090 1431 incitari,
3126 1377 3290 1437 atque
3319 1381 3464 1430 eum,
3502 1363 3657 1433 cujus

2060 1462 2111 1518 vi
2147 1477 2211 1518 ac
2254 1463 2477 1518 numine
2513 1477 2604 1518 res
2640 1462 2874 1518 condita:
2913 1459 3228 1525 volvuntur,
3260 1458 3306 1513 si
3339 1469 3519 1512 tamen
3557 1459 3660 1512 hoc

2060 1554 2228 1610 etiam
2258 1555 2434 1610 daturi
2481 1561 2630 1620 sunt,
2662 1554 2853 1610 eodem
2910 1553 3070 1607 modo
3099 1565 3220 1607 cum
3275 1550 3344 1604 iis
3401 1548 3540 1604 volvi
3595 1564 3661 1604 ac

1999 1651 2040 1706 Β
2065 1647 2447 1704 circumferri?
2472 1648 2666 1716 Quer
2694 1649 2860 1702 etiam
2881 1687 2895 1710 ,
2929 1645 3188 1715 quidnam
3235 1644 3308 1698 sit
3351 1642 3494 1712 quod
3539 1641 3663 1695 uni-

367 1752 592 1793 versum
624 1738 728 1792 hoc
761 1737 1012 1792 moveat?
1044 1736 1310 1804 Quidnam
1347 1750 1475 1790 vero
1524 1735 1668 1806 quod
1719 1733 1958 1790 vicissim
2002 1734 2132 1790 illud
2188 1745 2428 1803 moveat,
2497 1752 2562 1793 ac
2599 1753 2814 1795 rursum
2852 1755 2882 1796 a
2907 1754 3015 1811 quo
3051 1737 3184 1793 illud
3217 1733 3536 1792 moveatur?
3566 1733 3659 1788 Eo-

366 1829 606 1898 demque
648 1827 810 1882 modo
865 1827 919 1882 in
961 1826 1232 1881 infinitum
1279 1825 1613 1896 progrediar.
1648 1823 1749 1891 Qui
1800 1825 1960 1879 etiam
2003 1825 2117 1880 ﬁeri
2153 1836 2352 1896 potest,
2413 1837 2474 1882 ut
2503 1831 2724 1886 omnino
2787 1845 2892 1886 non
2947 1831 3020 1885 sit
3069 1829 3120 1884 in
3171 1828 3312 1894 loco,
3344 1827 3390 1883 si
3444 1825 3661 1898 quidem

367 1921 570 1982 fertur,
609 1937 672 1975 ac
707 1929 853 1974 motu
902 1918 1198 1975 incitatur?
1235 1918 1349 1974 Jam
1409 1918 1455 1974 si
1508 1917 1655 1974 aliud
1701 1917 1973 1989 quoddam
2014 1933 2230 1989 corpus,
2265 1931 2463 1990 praeter
2503 1921 2749 1991 quintum
2785 1923 2936 1988 illud,
3008 1921 3177 1976 Deum
3229 1933 3350 1974 esse
3401 1924 3664 1975 statuant.

365 2013 416 2068 si
462 2014 678 2082 quidem
717 2012 1018 2084 angelicum
1064 2031 1078 2070 :
1118 2016 1264 2068 unde
1315 2013 1627 2084 probabunt
1660 2013 1884 2084 angelos
1924 2029 2154 2084 corpore
2207 2026 2477 2084 c0nstare,
2551 2027 2606 2074 et
2644 2034 2754 2088 quo
2811 2020 3026 2074 tandem
3077 2015 3350 2087 corpore?
3392 2013 3662 2082 Quantum

367 2114 578 2170 autem,
601 2103 647 2159 si
674 2118 760 2160 res
790 2105 864 2159 ita
888 2119 948 2160 se
976 2105 1194 2173 habeat,
1229 2105 1368 2163 Deus
1439 2107 1711 2177 angelum,
1746 2122 1855 2178 quo
1917 2108 2165 2164 ministro
2197 2092 2388 2176 utitur,
2416 2111 2745 2166 antecellet?
2781 2110 2837 2165 Si
2863 2123 3060 2178 corpus
3085 2107 3359 2179 quoddam
3389 2107 3475 2160 his
3533 2107 3661 2162 sub-

369 2198 559 2253 limius
610 2214 732 2255 esse
772 2199 1036 2268 dixerint,
1074 2217 1263 2258 rursus
1301 2217 1592 2273 corporum
1657 2217 1888 2259 examen
1959 2204 2186 2261 rationis
2252 2221 2448 2276 expers
2500 2207 2808 2274 inducetur,
2857 2221 2922 2262 ac
2975 2220 3238 2278 nugarum
3291 2216 3488 2274 gurges
3529 2202 3664 2256 adeo

370 2291 706 2362 profundus,
731 2303 788 2348 ut
830 2308 1096 2365 nusquam
1134 2309 1231 2365 pes
1269 2294 1362 2366 ﬁgi
1392 2295 1583 2366 possit.

571 2385 726 2438 Οῦτω
752 2385 849 2456 μὲν
882 2382 974 2438 οὖν
1161 2385 1221 2439 οὐ
1254 2387 1409 2456 σῶμα
1435 2388 1566 2457 ἡμῖν
1606 2391 1636 2442 6
1662 2386 1791 2451 Θεός
1851 2383 1972 2440 οὐδὲ

375 2477 494 2548 γὰρ
522 2477 620 2549 ἤδη
649 2495 731 2540 τις
754 2476 912 2530 τοῦτο
943 2476 1048 2530 τῶν
1076 2475 1468 2540 Θεοπνεύστων,
1499 2478 1531 2548 ἢ
1561 2473 1970 2551 εἷπεν,ἢπαρε-

375 2569 593 2633 δέξατο,
647 2567 768 2619 οὐδὲ
834 2567 932 2638 τῆς
997 2568 1319 2640 ἡμετέρας·
1492 2569 1661 2640 αὐλῆς
1713 2571 1742 2621 6
1794 2571 1968 2639 λόγος.

375 2661 646 2713 Λείπεται
672 2659 736 2730 δὴ
765 2657 1057 2730 ἀσώματον
1097 2659 1520 2731 ὑπολαμϐάνειν.
1562 2659 1702 2712 Ἀλλ’
1737 2660 1785 2711 εί
1825 2659 1970 2713 ἀσώ-

377 2769 574 2823 ματον,
607 2751 760 2804 οὔπω
811 2750 907 2822 μὲν
953 2749 1074 2804 οὐδὲ
1107 2750 1265 2804 τοῦτο
1305 2751 1408 2822 τῆς
1457 2751 1646 2815 οὐσίας
1680 2767 1970 2824 παραστα-

373 2845 530 2899 τικόν
555 2862 614 2898 τε
640 2844 732 2898 καὶ
761 2844 1109 2916 περιεκτικὸν
1151 2879 1169 2908 ,
1333 2844 1522 2918 ὥσπερ
1553 2844 1674 2898 οὐδὲ
1708 2827 1769 2898 τε
1805 2844 1967 2914 ἀγέν-

371 2954 560 3007 νητον,
588 2937 681 2990 καὶ
718 2938 779 2990 τὸ
830 2938 1088 3010 ἄναρχον,
1126 2936 1222 2990 καὶ
1259 2936 1320 2990 τὸ
1358 2938 1737 3000 ἀναλλοίωτον,
1768 2939 1861 2991 καὶ
1910 2937 1970 2991 τὸ

375 3029 684 3102 ἄφθαρτον,
715 3031 810 3084 καὶ
835 3031 934 3084 ὅσα
959 3031 1087 3103 περὶ
1110 3029 1268 3094 Θεοῦ,
1301 3031 1334 3102 ἢ
1363 3031 1491 3102 περὶ
1518 3031 1650 3084 Θεὸν
1701 3026 1840 3082 εἶναι
1882 3029 1970 3082 λέ-

372 3137 558 3190 γεται.
591 3122 654 3175 Τί
681 3121 790 3194 γὰρ
819 3122 933 3176 δντι
1095 3122 1244 3194 αὐτῷ
1261 3121 1401 3176 κατά
1425 3121 1522 3194 τὴν
1540 3122 1700 3193 φύσιν
1733 3122 1826 3176 καὶ
1869 3119 1967 3194 τὴν

377 3209 681 3264 ὑπόστασιν
704 3207 959 3280 ὑπάρχει,
1003 3209 1063 3263 τὸ
1096 3209 1170 3282 μὴ
1204 3211 1378 3282 ἀρχὴν
1410 3209 1579 3281 ἔχειν,
1606 3209 1740 3281 μηδὲ
1772 3208 1958 3275 ἐξίστα

2085 3225 2185 3265 nec
2220 3199 2647 3280 incorruptibile,
2681 3222 2985 3279 cceteraque
3023 3211 3223 3275 omnia,

377 3299 532 3362 σθαι,
563 3300 696 3371 μηδὲ
729 3299 1096 3372 περατοῦσοαι
1123 3317 1137 3366 ;
1193 3301 1334 3354 Ἀλλ’
1364 3301 1483 3354 ὅλον
1536 3301 1596 3353 τὸ
1625 3297 1764 3354 εἶναι
1816 3319 1972 3372 περι-

374 3390 680 3460 λαμϐάνειν
721 3391 965 3444 λείπεται
996 3391 1450 3463 προσφιλοσοφεῖν
1483 3408 1544 3444 τε
1599 3392 1691 3445 καὶ
1734 3391 1966 3463 προσεξ-

375 3483 597 3547 ετάζειν
626 3481 704 3552 τῷ
727 3499 792 3551 γε
819 3483 941 3536 νοῦν
967 3483 1103 3536 Θεοῦ
1293 3482 1508 3554 ἀληθῶς
1537 3482 1732 3552 ἔχοντι,
1769 3483 1861 3536 καὶ
1887 3500 1976 3536 τε-

376 3573 632 3645 λεωτέρῳ
659 3574 758 3644 τὴν
789 3573 1040 3646 θεωρίαν.
1090 3574 1177 3638 Ὠς
1211 3574 1320 3648 γάρ
1368 3575 1470 3628 οὐκ
1498 3574 1663 3646 ἀρκεῖ
1698 3573 1759 3626 τὸ
1813 3574 1975 3643 σῶμα

376 3666 576 3731 εἰπεῖν,
609 3665 726 3736 ἢτὸ
751 3666 1131 3737 γεγεννῆσθαι,
1167 3667 1303 3739 πρὸς
1333 3666 1392 3720 τὸ
1421 3665 1615 3730 καὶτὸ,
1645 3665 1820 3736 περἰὃ
1845 3665 1976 3719 ταῦ-

375 3773 472 3822 τα,
501 3757 854 3828 παραστῆσαί
908 3775 969 3811 τε
1019 3758 1113 3810 καὶ
1164 3757 1430 3829 δηλῶσαι,
1485 3755 1623 3810 ἀλλὰ
1647 3756 1727 3809 δεῖ
1776 3756 1872 3809 καὶ
1913 3757 1976 3808 τὸ

377 3844 744 3914 ὑποκείμενον
764 3844 973 3910 τούτοις
998 3847 1197 3912 εἰπεῖν,
1215 3847 1264 3899 εί
1295 3846 1480 3917 μέλλοι
1644 3845 1864 3910 τελείως
1881 3847 1975 3899 καὶ

377 3937 751 4016 ἀποχρώντως
774 3937 838 3992 τὸ
863 3938 1152 4010 νοούμενον
1193 3937 1646 4010 παραστήσεσθαι
1667 3936 1722 4009 (ἢ
1749 3937 1856 4009 γὰρ
1879 3937 1972 3991 ἄν-

377 4027 621 4099 θρωπος,
641 4028 874 4100 ἢβοῦς,ἢ
891 4029 1057 4094 ἵππος
1067 4029 1226 4084 τοῦτο
1246 4030 1306 4084 τὸ
1324 4028 1758 4101 ἑνσώματον,και
1783 4027 1976 4097 γεννώ-

379 4138 560 4194 μενον,
571 4123 662 4176 καὶ
676 4121 933 4193 φθειρόμε
942 4120 1251 4191 νον)·οὖτως
1264 4121 1384 4174 οὐδὲ
1397 4122 1515 4175 ἐκεῖ
1541 4121 1794 4192 στήσεται
1815 4119 1976 4192 μέχρι

377 4212 475 4265 τοῦ
505 4214 679 4266 εἰπεῖν
718 4212 754 4267 ἃ
789 4212 863 4284 μὴ
896 4211 1066 4280 ἐστιν,
1097 4216 1125 4268 6
1152 4213 1253 4284 τὴν
1277 4211 1371 4266 τοῦ
1402 4211 1556 4276 ὄντος
1582 4211 1976 4284 πολυπραγμο-

378 4306 489 4359 νῶν
523 4305 703 4375 φύσιν
729 4305 867 4360 ἀλλά
894 4306 974 4359 δεῖ
1007 4306 1144 4378 πρὸς
1167 4304 1249 4377 τῷ
1433 4305 1611 4358 εἰπεῖν
1645 4304 1682 4360 ἃ
1723 4304 1799 4376 μὴ
1834 4303 1971 4369 ἔστι,

381 4397 479 4452 καὶ
508 4398 535 4450 ὅ
565 4399 714 4452 ἐστιν
744 4399 938 4452 εἰπεῖν·
961 4400 1071 4468 ὅσῳ
1099 4397 1195 4452 καὶ
1223 4399 1352 4469 ῥᾷον
1379 4396 1442 4451 ἓν
1489 4413 1542 4450 τι
1575 4396 1910 4469 περιλαῦεῖν,
1936 4397 1969 4466 ἢ

374 4489 453 4546 τὰ
481 4491 658 4545 πάντα
687 4491 810 4546 καθ’
839 4491 1068 4545 ἕκαστον
1105 4491 1383 4554 ἀπειπεῖν,
1413 4489 1502 4542 ἵνα
1529 4487 1594 4542 ἔκ
1631 4505 1692 4542 τε

377 4581 718 4653 ἀναιρέσεως
767 4575 841 4637 ὧν
874 4582 975 4636 οὐκ
1023 4581 1162 4648 ἔστι,
1202 4581 1296 4634 καὶ
1330 4580 1428 4652 τῆς
1455 4571 1518 4633 οὗ
1577 4580 1691 4633 ἐστι
1742 4579 1964 4645 Θέσεως,

379 4671 691 4743 περιληψθῇ
733 4671 794 4724 τὸ
820 4671 1128 4743 νοούμενον.
1165 4672 1222 4724 Ὀ
1253 4670 1334 4736 δὲ,
1384 4669 1419 4724 ἂ
1455 4669 1554 4742 μὲν
1582 4671 1682 4723 οὐκ
1707 4668 1823 4722 ἐστι
1878 4667 1938 4722 λέ

378 4778 515 4829 γων,
553 4762 772 4816 σιωπῶν
819 4765 876 4816 δὲ
920 4763 949 4817 ὃ
977 4764 1114 4827 ἐστι,
1163 4763 1309 4816 ποιεῖ
1351 4763 1755 4835 παραπλήσιον,
1783 4761 1969 4834 ὥσπερ

379 4851 446 4907 ἂν
630 4855 678 4907 εἰ
737 4855 805 4908 τὰ
837 4855 998 4909 πέντε
1040 4856 1121 4918 δὶς
1165 4857 1265 4909 ὅσα
1298 4855 1446 4909 ἐστιν
1485 4856 1859 4928 ἐρωτώμενος,
1889 4856 1970 4907 ὅτι

383 4942 483 5014 μὲν
503 4943 564 4996 οὐ
600 4942 889 5012 δύολέγοι,
1063 4943 1182 4997 οὐδὲ
1210 4941 1358 5014 τρία,
1401 4942 1520 4995 οὐδὲ
1554 4941 1814 5012 τέσσαρα,
1849 4939 1971 4992 οὐδὲ

380 5033 566 5097 πέντε,
595 5034 715 5087 οὐδὲ
745 5033 975 5100 εἴκοσιν,
1030 5034 1149 5086 οὐδὲ
1182 5033 1498 5104 τριάκοντα,
1530 5031 1649 5084 οὐδέ
1697 5048 1837 5097 τινα,
1884 5030 1970 5082 ἵνα

381 5126 618 5182 συνελὼν
638 5126 798 5189 εἴπω,
835 5127 944 5180 τῶν
969 5127 1119 5190 ἐντὸς
1149 5126 1389 5189 δεκάδος,
1423 5125 1455 5195 ἢ
1494 5123 1794 5177 δεκαδικῶν
1847 5123 1970 5194 ἀρι-

384 5218 554 5290 Ἇμῶνθ
587 5219 668 5272 ὅτι
695 5218 750 5271 δὲ
768 5220 854 5290 εἴη
879 5220 1014 5273 δέκα
1035 5219 1110 5290 μὴ
1134 5218 1305 5286 λέγοι,
1327 5216 1463 5288 μηδὲ
1494 5215 1690 5286 ὲρείδοι
1724 5215 1813 5267 τὸν
1843 5213 1968 5267 νοῦν

373 5310 474 5364 τοῦ
505 5310 818 5382 ἐρωτῶντος
859 5311 938 5374 είς
990 5311 1050 5363 τὸ
1095 5308 1446 5380 ζητούμενον.
1494 5305 1681 5376 Πολλῷ
1706 5306 1814 5376 γὰρ
1843 5307 1970 5376 ῥᾷον
2014 5323 2034 5367 ι

376 5400 478 5454 καὶ
508 5399 917 5472 συντομώτερον
946 5403 1010 5454 ὲκ
1033 5398 1126 5453 τοῦ
1160 5400 1188 5452 ὅ
1217 5401 1366 5452 ἐστιν
1401 5398 1500 5451 ὅσα
1528 5398 1627 5450 οὐκ
1655 5397 1769 5450 ἔστι
1801 5395 1971 5466 δηλῶ-

377 5509 492 5557 σαι,
523 5492 556 5563 ἢ
587 5493 652 5545 ὲκ
684 5491 776 5546 τοῦ
809 5492 1019 5547 ἀνελεῖν
1061 5492 1097 5545 ἃ
1138 5492 1211 5564 μὴ
1261 5491 1427 5554 ἔστιν,
1480 5490 1508 5542 ὅ
1541 5490 1688 5540 ἐστιν
1731 5485 1970 5554 ἐνδείξα-

377 5584 526 5638 σθαι.
559 5587 628 5637 Ἢ
653 5585 810 5638 τοῦτο
847 5584 945 5656 μὲν
973 5585 1134 5638 παντὶ
1149 5583 1325 5655 δῆλον.

2273 2381 2452 2451 Atque
2479 2383 2605 2439 hinc
2639 2394 2874 2451 constat,
2917 2386 3082 2441 Deum
3118 2403 3318 2458 corpus
3358 2404 3466 2444 non
3519 2405 3664 2445 esse.

2079 2474 2268 2544 Neque
2287 2477 2428 2528 enim
2460 2479 2636 2532 adhuc
2687 2481 2972 2550 quisquam
3016 2495 3227 2548 eorum,
3282 2483 3371 2552 qui
3409 2483 3664 2539 divinitus

2077 2563 2240 2617 θωπί
2277 2575 2422 2630 sunt,
2454 2567 2555 2621 hoc
2583 2569 2666 2622 vel
2699 2570 2855 2635 dixit,
2880 2571 2963 2626 vel
2988 2573 3055 2626 ab
3087 2573 3210 2628 aliis
3264 2575 3463 2629 dictum
3512 2589 3663 2628 com-

2081 2653 2352 2722 probavit,
2385 2674 2484 2714 nec
2518 2663 2689 2716 nostri
2727 2663 2886 2718 ovilis
2915 2673 2998 2718 est
3026 2665 3140 2719 bmc
3170 2666 3438 2722 doctrina.
3465 2664 3664 2735 Super-

2077 2757 2161 2803 est
2192 2749 2373 2818 igitur,
2403 2761 2460 2805 ut
2514 2753 2888 2822 incorporeum
2918 2770 3039 2810 esse
3072 2757 3240 2812 Deum
3270 2757 3661 2812 existimemus.

2085 2837 2306 2906 Verum,
2373 2849 2648 2913 utcunque
2700 2845 3076 2914 incorporeum
3118 2848 3380 2911 dicamus,
3427 2847 3662 2902 nondum

2079 2940 2258 2988 tamen
2289 2935 2391 2988 hoc
2429 2945 2676 2989 naturam
2732 2938 2875 2993 illius
2921 2939 3326 3010 essentiamque
3354 2939 3661 3009 complecti-

2081 3031 2168 3078 tur
2199 3036 2253 3080 et
2283 3027 2557 3094 declarat;
2599 3031 3052 3098 quemadmodum
3083 3047 3184 3088 nec
3212 3033 3528 3103 ingenitum,
3566 3047 3665 3087 nec

2082 3116 2402 3183 anarchum,
2427 3117 2480 3172 id
2513 3128 2615 3184 est,
2644 3120 2894 3191 principii
2930 3136 3149 3192 expers,
3180 3135 3279 3177 nec
3304 3122 3662 3188 immutabile,

3452 3225 3572 3281 quae
3597 3211 3664 3267 de

2077 3301 2208 3367 Deo,
2237 3301 2321 3356 vel
2355 3301 2498 3356 circa
2536 3301 2723 3361 Deum.
2744 3299 3126 3370 praedicantur.
3156 3299 3295 3367 Quid
3319 3301 3663 3369 enim-proilo

2076 3401 2161 3448 est
2208 3392 2275 3447 ad
2329 3391 2671 3446 indicandam
2726 3393 2896 3460 ipsius
2951 3403 3200 3447 naturam
3253 3403 3307 3446 et
3360 3390 3664 3446 subsisten-

2079 3483 2205 3538 tiam
2232 3498 2336 3551 qua
2365 3482 2599 3545 exsistit,
2632 3482 2676 3536 si
2711 3483 2862 3536 dicas
2910 3498 3032 3536 cum
3066 3483 3276 3536 initium
3300 3497 3404 3535 non
3439 3480 3663 3542 habere,

2077 3589 2178 3629 nec
2207 3590 2234 3627 a
2253 3589 2311 3628 se
2335 3588 2568 3642 unquam
2593 3573 2922 3638 desciscere,
2947 3588 3046 3628 nec
3070 3573 3190 3628 ullis
3215 3574 3464 3627 terminis
3487 3571 3664 3626 inclu-

2079 3661 2168 3717 di?
2209 3659 2410 3715 Verum
2451 3670 2614 3716 totam
2663 3664 2782 3732 ejus
2835 3665 3124 3717 essentiam
3172 3663 3580 3717 edisserendatn
3609 3673 3665 3717 et

2078 3752 2456 3822 inquirendam
2510 3753 2636 3808 huic
2669 3753 3045 3822 relinquimus,
3081 3753 3172 3822 qui
3213 3767 3341 3807 vere
3378 3751 3472 3806 Dei
3523 3753 3663 3807 noti-

2079 3845 2208 3898 tiam
2231 3844 2414 3911 habet,
2456 3853 2618 3916 atque
2669 3845 2722 3898 in
2757 3843 3178 3912 contemplanda
3223 3842 3520 3912 perfectior
3557 3853 3661 3898 est.

2081 3936 2317 3992 Utenim
2360 3937 2630 3992 nonsatis
2661 3946 2746 3991 est
2790 3950 2988 4006 corpus
3031 3937 3232 4000 dicere,
3269 3945 3362 4010 aut
3405 3951 3664 4006 procrea-

2078 4041 2188 4084 tum
2217 4044 2358 4094 esse,
2389 4029 2458 4083 ad
2489 4028 2592 4084 hoc
2624 4029 2709 4083 vel
2743 4029 2894 4095 illud,
2923 4031 3008 4085 cui
3040 4029 3153 4085 haec
3177 4029 3446 4099 adjacent,
3479 4028 3665 4100 expri-

2076 4117 2328 4172 mendum
2372 4126 2426 4174 et
2457 4117 2825 4184 indicandum,
2859 4120 2955 4176 sed
3004 4119 3133 4190 quid
3165 4120 3277 4190 ipsa
3311 4133 3522 4189 quoque
3577 4135 3665 4174 res

2075 4207 2319 4276 subjecta
2343 4208 2435 4276 sit,
2460 4209 2746 4264 dicendum
2773 4219 2875 4277 est,
2894 4209 2939 4264 si
2967 4210 3124 4264 modo
3146 4210 3414 4274 volumus,
3439 4209 3492 4264 in
3522 4209 3665 4278 quod

2075 4299 2398 4370 cogitamus,
2431 4300 2588 4368 plene
2624 4309 2786 4370 atque
2831 4302 3046 4356 abunde
3086 4311 3478 4371 repraesentare
3525 4300 3666 4374 (po-

2077 4399 2183 4447 test
2212 4391 2355 4446 enim
2400 4393 2486 4448 vel
2519 4394 2703 4460 homo,
2756 4393 2841 4448 vel
2877 4393 2994 4462 bos,
3049 4394 3135 4450 vel
3170 4409 3338 4463 equus
3389 4409 3525 4462 esse,
3564 4393 3668 4449 hoc

1834 4529 1838 4534 .
1870 4487 1971 4558 τῆς
2003 4486 2048 4566 D
2075 4483 2218 4553 quod
2242 4497 2562 4554 corporeum
2591 4501 2655 4542 ac
2681 4496 3022 4557 procreatum
3053 4498 3108 4542 et
3147 4486 3500 4554 corruptibile
3543 4498 3667 4540 esse

2071 4574 2485 4646 pronuntiamus
2518 4576 2576 4647 ):
2606 4577 2672 4632 ad
2713 4578 2962 4632 eumdem
2989 4579 3206 4633 modum
3259 4577 3350 4646 qui
3375 4575 3469 4630 Dei
3511 4585 3666 4630 natu-

2012 4663 2028 4676 '
2071 4680 2187 4720 ram
2215 4666 2480 4722 curiosius
2508 4667 2884 4738 inquirendam
2905 4670 3136 4734 duxerit,
3155 4685 3257 4724 non
3285 4670 3371 4724 hic
3393 4670 3661 4739 conquie-

2076 4766 2213 4824 scet,
2258 4765 2316 4810 ut
2372 4758 2536 4824 dicat,
2569 4759 2697 4830 quid
2727 4773 2831 4814 non
2864 4760 2934 4815 sit
2972 4760 3136 4826 Deus,
3166 4762 3261 4816 sed
3301 4760 3406 4816 hoc
3452 4775 3668 4831 quoque

2075 4848 2178 4917 ipsi
2213 4847 2576 4914 adjiciendum
2608 4849 2733 4915 erit,
2771 4859 2851 4912 ut,
2884 4847 3012 4917 quid
3055 4847 3150 4913 sit,
3198 4857 3470 4912 exponat;
3504 4846 3668 4916 idque

2075 4952 2140 4993 eo
2171 4939 2362 5008 magis,
2411 4937 2554 5008 quod
2586 4937 2765 4992 minus
2815 4935 3028 4992 diﬂicile
3062 4945 3144 4990 est
3177 4951 3339 4990 unum
3392 4936 3664 5006 quidpiam

2078 5030 2259 5085 animo
2293 5030 2602 5099 complecti,
2634 5045 2795 5101 quam
2829 5031 3011 5087 omnia
3052 5029 3325 5101 sigillatim
3372 5027 3666 5084 inﬁciaudo

2080 5135 2383 5184 removere,
2439 5131 2496 5175 ut
2542 5120 2761 5189 rejectis
2793 5122 2882 5186 iis,
2917 5137 3036 5192 qua:
3077 5137 3181 5175 non
3214 5130 3318 5186 est,
3355 5130 3410 5174 et
3460 5121 3664 5175 consti-

2078 5220 2192 5267 tuto
2215 5227 2298 5272 eo.
2337 5212 2480 5282 quod
2507 5212 2597 5275 sit,
2648 5213 3141 5282 comprehendatur
3173 5213 3223 5266 id
3269 5211 3411 5280 quod
3456 5210 3664 5281 cogita~

2079 5319 2222 5358 mus.
2251 5303 2352 5370 Qui
2381 5319 2510 5357 vero
2538 5305 2636 5368 ita,
2666 5305 2792 5374 quid
2831 5321 2918 5359 res
2945 5305 3120 5373 aliqua
3155 5320 3258 5357 non
3290 5304 3384 5367 sit,
3422 5318 3664 5372 pronun-

2079 5393 2194 5458 tiat,
2227 5403 2284 5448 ut
2315 5395 2553 5462 interim,
2577 5397 2703 5464 quid
2738 5398 2831 5460 sit,
2873 5405 3066 5460 taceat,
3092 5411 3195 5448 non
3229 5393 3490 5448 absimilis
3512 5403 3594 5448 est
3619 5395 3666 5448 ei

2076 5485 2164 5554 qui
2197 5496 2437 5554 rogatus,
2491 5487 2574 5541 bis
2599 5487 2838 5558 quinque
2889 5497 3018 5556 quot
3044 5487 3170 5549 sint,
3199 5486 3519 5554 respondeat
3550 5486 3663 5555 qni-

2076 5577 2196 5630 dcm
2225 5592 2288 5632 ea
2332 5593 2429 5631 nec
2463 5577 2570 5632 duo
2610 5594 2750 5645 esse,
2785 5593 2882 5632 nec
2938 5579 3062 5642 tria,
3115 5593 3212 5630 nec
3255 5587 3510 5644 quatuor,
3568 5592 3665 5630 nec

376 5678 637 5746 quinque,
671 5693 769 5732 nec
799 5678 1011 5747 viginti,
1034 5692 1133 5731 nec
1159 5677 1399 5746 triginta,
1432 5690 1556 5740 nec,
1589 5684 1648 5728 ut
1672 5671 1819 5728 brevi
1889 5667 2245 5738 complectar,
2315 5671 2479 5726 ullum
2551 5686 2835 5725 numerum
2873 5672 3009 5723 citra
3047 5669 3129 5724 vel
3177 5669 3318 5724 ultra
3349 5664 3665 5723 denarium;

376 5786 638 5829 caeterum
678 5776 819 5845 quod
857 5776 1041 5831 decem
1071 5775 1200 5840 sint,
1239 5789 1345 5828 non
1381 5773 1546 5838 dicat,
1576 5786 1674 5826 nec
1721 5777 1954 5824 mentem
1996 5767 2131 5834 ejus,
2162 5782 2193 5820 a
2256 5783 2362 5837 quo
2423 5769 2808 5836 interrogatur,
2843 5767 2908 5822 ad
2943 5766 2996 5821 id
3035 5766 3177 5836 quod
3229 5766 3512 5836 qumsitum
3561 5774 3664 5819 est.

378 5867 579 5940 aﬂigat.
613 5868 776 5926 Multo
806 5870 948 5926 enim
997 5868 1207 5926 facilius
1241 5878 1294 5926 et
1321 5866 1756 5940 compendiosius
1788 5874 1890 5932 est,
1916 5878 1982 5919 ex
2020 5877 2104 5931 eo,
2135 5863 2297 5934 quod,
2331 5864 2568 5935 quidsit,
2602 5862 2824 5930 dixeris,
2858 5857 3114 5935 quidquid
3135 5878 3238 5920 non
3269 5861 3340 5918 sit
3366 5860 3673 5922 declarare.
