4048 6568
398 330 543 438 ator

1643 364 2028 425 EUTHYMII
2082 363 2443 425 ZIGABENI

3570 356 3674 421 164

428 497 594 557 quam
625 496 695 540 ex
728 496 940 549 eorum,
974 479 1105 552 quid
1160 493 1268 534 non
1334 482 1445 541 est,
1483 474 1756 532 ablatione
1791 484 1957 545 atque
2019 473 2369 542 inllciatione,
2420 486 2540 544 qua:
2599 472 2693 539 sit,
2746 473 3169 538 demonstrare;
3229 469 3682 541 quemadmodum

429 579 603 635 cuivis
631 576 973 648 perspicuum
1008 586 1133 628 esse
1164 570 1425 627 arbitror.

500 671 764 737 Quoniam
824 669 989 739 igitur
1021 666 1191 723 Deum
1248 678 1478 736 corpore
1499 678 1695 721 vacare
1735 662 1891 720 nobis
1923 668 2007 720 est
2030 665 2077 723 A

427 755 807 825 exploratum,
848 752 1126 820 aliquanto
1162 748 1390 804 ulterius
1422 747 1475 802 in
1515 744 1837 815 inquirendo
1884 758 2011 814 pro-

424 848 753 919 grediamur.
783 844 1132 914 Nusquamne
1166 841 1254 897 ille
1281 850 1386 906 est,
1414 856 1482 896 an
1519 837 1755 894 alicubi?
1786 835 1842 892 Si
1866 837 2009 892 enim

423 952 711 1008 nusquam,
747 944 953 1005 quaret
984 933 1216 989 fortasse
1250 932 1447 1003 aliquis
1469 945 1537 985 ex
1569 929 1636 985 iis
1683 928 1777 998 qui
1826 926 2009 998 inqui-

427 1030 579 1085 rcndi
609 1045 675 1084 ac
726 1026 1039 1098 disputandi
1092 1025 1394 1081 subtilitate
1439 1021 1733 1095 impensius
1757 1022 2011 1091 gaudent,

424 1121 695 1189 quomodo
721 1134 842 1175 esse
866 1132 1082 1188 quoque
1106 1118 1296 1188 possit.
1325 1117 1458 1171 Nam
1483 1115 1526 1171 si
1550 1114 1603 1171 id
1622 1114 1763 1185 quod
1781 1128 1888 1169 non
1906 1122 2009 1177 eSt,

427 1228 693 1284 nusquam
724 1222 853 1268 est:
897 1211 950 1268 id
1009 1225 1226 1282 quoque
1282 1210 1424 1279 quod
1477 1222 1743 1277 nusquam
1795 1213 1898 1270 est,
1943 1216 2012 1260 ne

425 1307 641 1375 quidem
684 1304 918 1361 fortasse
947 1312 1050 1360 est.
1083 1302 1235 1370 Quod
1271 1301 1315 1355 si
1369 1299 1563 1354 alicubi
1618 1313 1738 1354 esse
1786 1296 2010 1363 dixeris,

427 1395 804 1467 proculdubio,
835 1392 1275 1465 quandoquidem
1305 1398 1408 1457 est,
1438 1388 1520 1443 vel
1547 1387 1599 1441 in
1627 1385 1881 1441 universo
1905 1392 2009 1452 est,

426 1486 508 1540 vel
538 1501 700 1555 supra
731 1486 1062 1541 universum.
1090 1483 1147 1538 Si
1178 1483 1230 1536 in
1273 1482 1558 1545 universo;
1592 1478 1676 1533 vel
1702 1479 1753 1533 in
1776 1476 2010 1547 quadam

424 1579 541 1648 ejus
568 1588 723 1648 parte
751 1586 857 1643 est,
887 1576 973 1632 vel
1173 1574 1392 1644 ubique.
1421 1571 1476 1626 Si
1501 1569 1732 1640 quadam
1756 1568 1809 1622 in
1833 1576 2007 1637 parte,

425 1688 559 1743 ergo
588 1686 616 1725 a
645 1670 839 1725 minori
874 1669 979 1724 hac
1004 1678 1157 1737 parte
1207 1662 1689 1720 circumscribetur
1759 1657 1853 1714 Sin
1886 1656 2008 1713 nhi-

424 1778 553 1834 que,
580 1763 648 1818 ah
678 1761 936 1831 ampliore
973 1760 1188 1826 alioque
1221 1756 1389 1811 multo
1446 1754 1671 1823 majore,
1725 1752 1778 1807 id
1817 1759 1922 1817 est,
1974 1764 2007 1805 a

426 1855 735 1911 continente
759 1851 1148 1907 continebitur.
1182 1847 1306 1902 Haec
1330 1847 1373 1901 si
1400 1845 1730 1908 dederimus,
1766 1842 2005 1897 futurum

422 1956 530 2013 est,
572 1956 630 2001 ut
656 1945 964 2003 universum
994 1940 1230 1996 universi
1278 1938 1561 2008 complexu
1597 1943 1881 2001 teneatur,
1908 1948 2010 1991 nec

425 2039 566 2094 nllus
596 2054 625 2093 a
654 2034 1159 2104 circumscriptione
1202 2031 1339 2086 liber
1372 2038 1549 2085 exstet
1602 2027 1771 2083 locus.
1815 2024 1871 2081 ln
1906 2025 2007 2082 has

2190 660 2349 716 Ἐπεὶ
2390 658 2451 717 δέ
2488 660 2641 717 ἐστιν
2681 658 2984 732 ἀσώματον
3034 660 3171 733 ἡμῖν
3200 661 3263 716 τὸ
3284 660 3465 727 Θεῖον,
3489 657 3687 731 μικρόν

2097 764 2151 802 τι
2176 746 2683 819 προσεξετάσωμεν.
2716 746 2953 819 Πότερον
2986 746 3223 818 οὐδαμοῦ
3258 745 3437 811 τοῦτο,
3467 744 3502 815 ἢ
3533 746 3685 797 ἐστιν

2096 838 2258 905 omo;
2285 839 2349 892 Εἰ
2395 838 2495 911 μὲν
2521 838 2632 911 γὰρ
2662 838 2923 910 οὐδαμοῦ,
2951 836 3185 912 ζητήσαι
3212 856 3296 902 τις
3324 837 3389 891 ἂν
3413 837 3521 891 τῶν
3550 838 3692 906 ἄγαν

2097 928 2494 995 ἑξεταστικῶν,
2669 928 2787 993 πῶς
2814 928 2881 983 ἂν
2911 929 3005 983 καὶ
3041 928 3148 1001 εἴη.
3184 930 3247 982 Εἰ
3275 928 3385 999 γὰρ
3404 927 3465 980 τὸ
3501 927 3574 999 μὴ
3606 927 3685 992 ὃν,

2098 1021 2357 1093 οὐδαμοῦ,
2390 1021 2451 1075 τὸ
2491 1019 2769 1094 μηδαμοῦ,
2791 1020 2955 1092 τυχὸν
2980 1020 3101 1075 οὐδὲ
3136 1020 3216 1074 δν.
3248 1020 3312 1073 Εἰ
3333 1018 3389 1072 δέ
3422 1018 3538 1071 ἐστι
3562 1036 3685 1081 που,

2100 1114 2317 1177 πάντως
2369 1114 2604 1186 ἐπείπερ
2653 1114 2822 1178 ἐστὶν,
2866 1114 2900 1184 ἢ
2938 1116 2994 1168 ὲν
3031 1113 3109 1185 τῷ
3142 1113 3323 1177 παντὶ,
3359 1112 3391 1185 ἢ
3443 1112 3578 1183 ὑπὲρ
3630 1112 3690 1164 τὸ

2098 1206 2228 1259 πᾶν.
2278 1204 2415 1259 Ἀλλ’
2455 1206 2505 1259 εί
2539 1205 2638 1277 μὲν
2670 1206 2729 1259 ὲν
2755 1204 2832 1277 τῷ
2863 1206 3047 1272 παντὶ,
3092 1206 3126 1276 ἦ
3156 1221 3283 1271 τινι,
3312 1204 3345 1277 ἥ
3383 1202 3683 1274 πανταχοῦ.

2098 1297 2209 1352 Καὶ
2238 1298 2287 1350 εἰ
2321 1297 2418 1369 μὲν
2446 1297 2505 1352 ἔν
2528 1316 2657 1363 τινι,
2686 1299 2778 1352 ὐπ’
2804 1298 3086 1362 ἐλάττονος
3108 1296 3682 1371 περιγραφήσεταιτοῦ

2097 1404 2270 1451 τινος.
2308 1388 2371 1441 Εἰ
2401 1387 2459 1441 δὲ
2503 1388 2780 1459 πανταχοῦ
2803 1428 2822 1456 ,
2993 1388 3099 1441 ὐπὸ
3133 1388 3378 1451 πλείονος
3410 1388 3503 1441 καὶ
3530 1386 3690 1442 ἄλλου

2099 1476 2315 1540 πολλοῦ,
2374 1475 2516 1545 λέγω
2545 1475 2624 1541 δὲ,
2659 1476 2719 1530 τὸ
2766 1476 3159 1550 περιεχόμενον
3191 1476 3286 1529 τοῦ
3321 1475 3687 1549 περιέχοντος.

2098 1572 2162 1624 Εί
2176 1570 2237 1623 τὸ
2250 1571 2356 1623 πᾶν
2374 1569 2477 1623 ὑπὸ
2495 1567 2588 1623 τοῦ
2609 1569 2807 1634 παντὸς
2834 1569 3017 1640 μέλλει
3176 1567 3689 1641 περισχεθήσεσθαι,

2099 1660 2192 1713 καὶ
2212 1658 2413 1730 μηδένα
2443 1658 2607 1713 τόπον
2636 1653 2774 1713 εῖναι
2796 1657 3148 1731 περιγραφῆς
3176 1657 3483 1730 ἐλεύθερον.
3506 1658 3690 1711 Ταῦτα

2103 1750 2200 1819 μὲν
2219 1787 2235 1813 ,
2364 1749 2413 1801 εί
2429 1748 2486 1801 ὲν
2502 1747 2578 1819 τῷ
2595 1748 2777 1801 παντί.
2793 1748 2904 1803 Καὶ
2924 1748 3047 1815 ποῦ,
3069 1748 3198 1820 πρὶν
3215 1747 3465 1817 γενέσθαι
3478 1747 3537 1801 τδ
3550 1750 3687 1816 115v;

2098 1838 2230 1893 Οὐδὲ
2261 1838 2368 1910 γὰρ
2414 1839 2573 1893 τοῦτο
2602 1840 2795 1911 μικρὸν
2826 1842 2906 1906 είς
2954 1838 3211 1912 ἀπορίαν.
3255 1842 3318 1896 Ei
3358 1841 3415 1895 δὲ
3449 1844 3588 1914 ὑπὲρ
3629 1842 3691 1896 τὸ

2100 1932 2228 1995 πᾶν,
2260 1924 2348 2001 ἆρ’
2381 1928 2534 1983 οὐδὲν
2563 1926 2630 2001 ἦν
2658 1930 2719 1983 τὸ
2741 1930 2985 2002 διορίζον
3028 1930 3159 1985 αὐτὸ
3183 1930 3275 1983 τοῦ
3307 1930 3537 1997 παντόςς
3577 1930 3688 1986 Ποῦ

2099 2020 2155 2076 δὲ
2203 2020 2263 2074 τὸ
2310 2021 2448 2092 ὑπὲρ
2478 2020 2673 2089 τοῦτο;
2732 2022 2843 2076 Καὶ
2880 2022 2998 2079 πῶς
3049 2022 3245 2095 ἐνοήθη
3285 2023 3346 2076 τὸ
3388 2022 3686 2094 ὑπεραῖρον

425 2126 1050 2185 absurditatesincidant
1075 2136 1298 2177 necesse
1329 2129 1435 2184 est,
1472 2119 1565 2188 qui
1615 2133 1739 2173 eum
1784 2117 1837 2171 in
1888 2115 2003 2172 uni-

2101 2112 2194 2166 καὶ
2216 2113 2665 2186 ὐπεραιρόμενον,
2710 2114 2810 2167 οὐκ
2839 2113 2992 2176 δντος
3015 2114 3141 2183 ὅρου
3181 2114 3323 2179 τινὸς
3346 2114 3439 2169 τοῦ
3462 2114 3687 2187 τέμνον-

425 2236 587 2275 verso
611 2234 730 2274 esse
755 2216 1012 2271 dixerint.
1066 2215 1145 2268 Ac
1175 2221 1457 2282 praeterea,
1492 2210 1710 2265 ubinam
1736 2219 1875 2277 erat,
1909 2222 2008 2262 au-

2100 2220 2192 2267 τος
2214 2203 2389 2259 ταῦτα
2438 2204 2531 2258 καὶ
2558 2203 2918 2277 διορίζοντοςς
2971 2206 3042 2259 Ἤ
3072 2206 3177 2278 χρὴ
3206 2208 3422 2272 πάντως
3442 2203 3582 2262 εἶναι
3625 2208 3687 2262 es

428 2322 643 2379 toquam
682 2310 935 2364 universa
984 2306 1101 2361 haec
1146 2318 1329 2360 rerum
1382 2303 1629 2357 machina
1671 2297 2003 2356 exstitisset?

2103 2292 2290 2365 μέσον,
2340 2293 2434 2348 καὶ
2478 2285 2524 2361 ᾧ
2570 2292 2901 2366 περατοῦται
2946 2294 3009 2348 τδ
3062 2296 3191 2362 πᾶν,
3226 2296 3318 2351 καί¹
3356 2296 3416 2350 τδ
3460 2297 3688 2369 ὐπὲρτδ

434 2397 568 2452 Nam
589 2396 688 2449 hoc
708 2408 921 2464 quoque
942 2408 1045 2447 non
1071 2392 1239 2447 levem
1260 2391 1621 2446 dillicultatem
1644 2390 1818 2446 allert.
1844 2388 1999 2457 Quod

2101 2388 2242 2453 πᾶν;
2272 2387 2384 2442 Καὶ
2415 2386 2471 2441 τί
2519 2387 2646 2441 ἄλλο
2692 2384 2906 2455 τοῦτοῆ
2942 2383 3109 2447 τόπος
3147 2380 3315 2448 ἐστὶν,
3350 2382 3518 2453 ὅνπερ
3547 2380 3679 2450 ἐφύ-

431 2485 623 2542 sieum
654 2502 812 2556 supra
848 2486 1156 2542 universum
1187 2499 1307 2540 esse
1343 2484 1594 2551 dixerint,
1630 2482 1793 2552 quid?
1823 2480 1993 2535 Nihil-

2098 2494 2264 2548 γομεν
2287 2494 2303 2544 ;
2329 2478 2438 2531 Καὶ
2463 2476 2616 2532 οὐπω
2639 2476 2783 2545 λέγω
2812 2474 2872 2528 τὸ
2898 2471 3273 2546 περιγραπτδν
3295 2469 3510 2534 πάντως
3536 2466 3679 2524 εἶναι

434 2595 501 2633 nc
520 2587 658 2640 erat,
691 2579 830 2647 quod
861 2592 982 2630 eum
1022 2576 1090 2631 ab
1119 2576 1367 2630 universo
1408 2571 1720 2629 dirimeret?
1759 2570 1987 2627 Ubinam

2098 2570 2155 2622 τὸ
2186 2568 2357 2633 Θεϊον,
2386 2569 2481 2623 καὶ
2505 2570 2553 2622 εί
2696 2565 2902 2636 διανοίᾳ
2920 2561 3285 2632 καταληπτόν·
3311 2561 3370 2615 ἓν
3390 2560 3497 2631 γὰρ
3530 2578 3679 2631 περι-

431 2683 591 2736 porro
619 2678 752 2729 erat.
784 2667 924 2734 quod
955 2681 1114 2735 supra
1168 2666 1475 2719 universum
1522 2660 1671 2717 erat?
1698 2664 1805 2717 Aut
1854 2676 1988 2730 quo-

2098 2660 2313 2730 γραφῆς
2334 2654 2475 2723 εἶδος
2504 2659 2601 2713 καὶ
2623 2658 2657 2729 ἡ
2684 2653 3009 2727 κατάληψις.

431 2763 590 2817 modo
618 2761 906 2817 internosci
937 2767 1148 2830 poterat
1179 2758 1253 2823 id,
1285 2757 1430 2829 quod
1462 2757 1745 2813 sublimius
1768 2766 1903 2819 erat,
1936 2753 2002 2810 ab
2041 2766 2127 2820 eo,
2161 2755 2302 2825 quod
2333 2754 2578 2819 inferius,
2612 2767 2734 2809 cum
2770 2750 2947 2805 nullus
3011 2748 3168 2803 limes
3228 2753 3392 2811 esset,
3432 2744 3521 2815 qui
3567 2744 3680 2799 hac

430 2871 738 2916 secerneret
771 2874 833 2913 ac
884 2855 1270 2927 distingueret?
1295 2856 1483 2911 Annon
1505 2852 1725 2909 omnino
1772 2865 1996 2907 necesse
2034 2858 2119 2906 est
2151 2850 2384 2905 medium
2411 2848 2679 2918 quoddam
2705 2860 2847 2910 esse,
2874 2858 3002 2915 quo,
3026 2844 3173 2898 velut
3237 2839 3487 2905 termino,
3545 2838 3679 2894 diri-'-

429 2964 608 3007 matur
629 2953 929 3007 universum
952 2952 1019 3005 ah
1049 2965 1134 3014 eo,
1157 2948 1298 3019 quod
1329 2965 1490 3017 supra
1528 2949 1835 3002 universum
1862 2944 1992 3001 est?
2027 2944 2164 3012 Quid
2193 2953 2371 2999 autem
2404 2942 2544 2997 aliud
2612 2942 2713 2997 hoc
2778 2940 2959 3004 fuerit,
2984 2953 3145 3009 quam
3173 2939 3345 3001 locus,
3377 2947 3536 3005 quem
3561 2934 3675 3006 jam

430 3053 555 3097 ante
585 3041 940 3098 exclusimus?
971 3040 1214 3093 Nondum
1264 3040 1408 3095 enim
1448 3052 1832 3103 commemoro,
1883 3036 1998 3091 ﬁeri
2034 3035 2254 3091 omnino
2289 3049 2391 3089 non
2425 3048 2603 3105 posse,
2671 3032 2802 3103 quin
2864 3033 3307 3100 circumscriptus
3336 3035 3408 3089 sit
3440 3035 3602 3098 Deus,
3628 3032 3675 3086 si

424 3137 613 3192 animo
632 3146 684 3190 et
701 3135 1023 3206 cogitatione
1042 3130 1423 3202 comprehendi
1440 3140 1635 3201 potest.
1658 3130 1833 3188 Unum
1851 3129 2048 3201 quippe
2065 3128 2581 3199 circumscriptionis
2598 3142 2768 3197 genus
2786 3126 3196 3196 comprehensio
3213 3141 3427 3198 quoque
3445 3130 3557 3198 ipsa
3571 3136 3673 3181 est.

926 3243 1007 3299 Ea:
1038 3243 1219 3299 eadem
1260 3244 1519 3300 oratione.

631 3376 896 3441 Quorsum
929 3382 1107 3428 autem
1164 3376 1277 3430 haec
1322 3375 1577 3441 disserui,
1634 3376 2006 3447 curiosiusque
2032 3377 2076 3437 C

432 3468 687 3531 fortasse,
725 3482 885 3537 quam
920 3466 1059 3537 vulgi
1098 3481 1257 3521 aures
1292 3467 1488 3534 lerant,
1540 3481 1603 3523 ac
1628 3481 1726 3538 pro
1754 3482 1851 3534 ea,
1885 3482 2005 3537 quae

439 3560 540 3615 hac
582 3568 901 3629 tempestate
933 3559 1096 3629 viget,
1131 3557 1437 3628 disputandi
1460 3559 1667 3615 ratione
1686 3557 1849 3629 (quae,
1874 3558 2005 3613 sim-

428 3651 560 3722 plici
591 3661 751 3722 atque
780 3650 1011 3722 ingenua
1050 3665 1231 3705 rerum
1256 3650 1558 3705 divinarum
1585 3652 2004 3721 pertractatione

434 3752 739 3813 contempta
770 3752 823 3796 et
849 3756 946 3813 pro
978 3740 1145 3797 nihilo
1170 3742 1374 3805 habita,
1415 3741 1695 3798 subdolum
1732 3751 1895 3813 atque
1918 3742 2000 3797 in-

431 3834 668 3888 volutum
703 3832 918 3889 dicendi
948 3846 1118 3902 genus
1157 3831 1395 3900 invexit;
1419 3841 1479 3888 ut
1509 3832 1761 3888 nimirum
1794 3849 1859 3890 ex
1888 3832 2001 3889 fru-

431 3925 607 3979 ctibus
632 3924 794 3978 arbor
840 3928 889 3990 ί,
926 3923 1031 3979 hoc
1058 3933 1162 3990 est,
1188 3932 1307 3980 ater
1333 3923 1422 3979 ille
1448 3938 1513 3980 ac
1547 3924 1862 3980 tenebrosus
1891 3924 2002 3995 spl-

430 4017 586 4079 ritus,
612 4012 913 4082 huiusmodi
944 4014 1253 4083 dogmatum
1286 4011 1515 4081 alnator,
1546 4028 1613 4070 ex
1644 4014 1746 4071 hac
1764 4013 2002 4084 disputa-

433 4104 594 4157 tionis
616 4103 845 4172 caligine
883 4103 1264 4173 agnoscatur)?
1296 4102 1412 4159 Non
1436 4103 1581 4159 enim
1611 4105 1712 4161 hoc
1743 4118 1808 4160 eo
1837 4121 1868 4161 a
1913 4121 2000 4164 me

429 4192 631 4248 factum
681 4203 783 4259 est,
822 4203 879 4249 ut
914 4194 1027 4265 ipse
1076 4209 1290 4265 quoque
1336 4210 1471 4251 nova
1521 4205 1577 4252 et
1613 4197 1681 4254 ab
1723 4198 1997 4255 hominum

426 4282 679 4339 sensibus
707 4284 880 4339 aliena
930 4283 1197 4355 proferre,
1250 4293 1409 4356 atque
1436 4286 1633 4343 eximia
1679 4288 1908 4358 quadam
1943 4298 2000 4345 et

425 4373 709 4429 excellenti
765 4375 1027 4445 sapientia
1065 4385 1290 4431 ornatus
1325 4390 1449 4433 esse
1506 4382 1532 4414 ¹
1581 4376 1789 4447 videar,
1828 4379 1997 4436 nodos

2559 3240 2664 3298 Ἐκ
2695 3242 2803 3299 τοῦ
2830 3241 3018 3297 αὑτοῦ
3050 3243 3267 3313 λόγου.

2322 3375 2479 3440 Τίνος
2511 3370 2605 3429 οῦν
2638 3375 2822 3430 ἓνεκεν
2852 3374 3024 3431 ταῦτα
3068 3376 3299 3448 διῆλθον,
3342 3378 3436 3433 καὶ
3464 3396 3685 3452 περιερ-

2105 3464 2227 3535 γότε
2238 3481 2326 3537 ρον
2350 3464 2479 3530 ἴσως
2501 3465 2534 3536 ἢ
2560 3463 2699 3518 κατὰ
2718 3464 2819 3529 τὰς
2846 3464 2954 3518 τῶν
2974 3465 3178 3519 πολλῶν
3201 3467 3390 3536 ἀκοὰς,
3422 3468 3516 3521 καὶ
3540 3469 3681 3523 κατὰ

2103 3557 2199 3611 τὸν
2226 3556 2321 3612 νῦν
2500 3556 2879 3627 κεκρατηκότα
2921 3554 3091 3611 τύπον
3113 3556 3221 3610 τῶν
3267 3556 3440 3626 λόγων
3487 3557 3566 3629 (ὃς
3616 3557 3681 3610 τὸ

2105 3651 2351 3720 γενναῖον
2365 3648 2461 3703 καὶ
2487 3648 2693 3703 ἁπλοῦν
2732 3648 3029 3719 ἀτιμάσας,
3060 3648 3121 3702 τὸ
3165 3649 3382 3705 σκολιὸν
3420 3650 3518 3704 καὶ
3558 3666 3681 3721 γρι-

2106 3729 2316 3811 φοειδὲς
2518 3740 2903 3813 ἐπεισήγαγεν·
2963 3738 3039 3804 ὡς
3087 3742 3152 3794 ὲκ
3200 3741 3308 3794 τῶν
3346 3741 3571 3813 καρπῶν
3616 3742 3679 3795 τὸ

2102 3832 2317 3905 δένδρον
2341 3830 2727 3903 γινώσκεσθαι,
2744 3832 2888 3901 λέγω
2912 3830 2971 3886 δὲ
3003 3830 3065 3886 τὸ
3096 3832 3353 3904 ἐνεργοῦν
3369 3832 3679 3887 τὰτοιαῦτα

2100 3924 2349 3997 δόγματα
2394 3924 2587 3989 σκότος
2616 3924 2680 3979 ἐκ
2712 3923 2808 3978 τοῦ
2832 3924 2998 3994 ζόφου
3033 3923 3142 3979 τῶν
3177 3925 3542 3999 λιγομὲνων);
3599 3924 3674 3980 Οὐ

2100 4018 2208 4091 γὰρ
2235 4019 2323 4073 ἵνα
2349 4016 2446 4073 καὶ
2477 4016 2641 4082 αὐτὸς
2674 4016 2952 4089 παράδοξα
2990 4015 3170 4085 λέγειν
3193 4016 3349 4085 δόξω,
3379 4018 3475 4074 καὶ
3496 4036 3677 4092 περιτο

2098 4111 2191 4176 τὸς
2219 4108 2495 4183 φαίνωμαι
2521 4109 2620 4182 τὴν
2666 4108 2879 4180 σοφίαν,
2915 4109 3132 4166 πλέκων
3301 4112 3669 4184 συνδέσμους,

2099 4203 2193 4259 καὶ
2236 4202 2466 4259 διαλύων
2509 4202 2875 4276 κρατούμενα,
2926 4204 3084 4259 τοῦτο
3108 4204 3172 4278 δὴ
3198 4204 3260 4259 τὸ
3299 4205 3445 4277 μέγα
3492 4206 3674 4279 θαῦμα

2095 4295 2192 4350 τοῦ
2221 4294 2440 4367 Δανιήλ’
2466 4293 2584 4351 ἀλλ’
2614 4294 2683 4350 ἵν’
2712 4297 2889 4352 ἐκεῖνο
2915 4295 3239 4369 δηλῶσαιμι,
3269 4297 3298 4352 δ
3328 4315 3419 4371 μοι
3438 4298 3618 4368 λέγειν
3643 4300 3673 4352 ό

2096 4386 2254 4458 λόγος
2280 4387 2376 4443 ἀπ’
2396 4386 2575 4461 ἀρχῆς
2602 4387 2849 4461 ὥρμησε.
3013 4389 3186 4443 Τοῦτο
3234 4388 3293 4444 δὲ
3411 4389 3467 4446 τι
3552 4389 3623 4467 ἦν
3650 4406 3664 4456 ς

426 4474 674 4532 nectens,
700 4474 863 4536 atque
879 4466 1101 4523 astricta
1122 4465 1458 4537 dissolvens;
1484 4468 1624 4540 quod
1645 4470 1859 4540 quidem
1886 4486 1997 4527 ma-

2098 4477 2171 4533 Τδ
2201 4477 2275 4551 μὴ
2290 4477 2491 4550 ληπτὸν
2521 4473 2659 4532 εἶναι
2691 4477 3007 4553 ἀνθρωπίνῃ
3030 4479 3237 4550 διανοίᾳ
3280 4478 3344 4533 τὸ
3373 4479 3545 4547 Θεῖον,
3569 4465 3672 4552 μη-

421 4569 593 4623 gnum
615 4555 855 4612 Danielis
871 4556 1189 4612 miraculum
1218 4556 1350 4626 fuit;
1382 4573 1571 4615 verum
1587 4570 1645 4615 ut
1670 4560 1794 4616 illud
1814 4570 1997 4618 osten-

418 4648 551 4701 dam
578 4686 593 4713 ,
625 4646 765 4716 quod
800 4647 1058 4705 orationis
1090 4650 1355 4722 principio
1396 4652 1575 4708 dicere
1607 4653 1951 4709 institueham
1978 4695 1993 4721 ,

425 4737 680 4792 nimirum
713 4737 874 4793 Deum
908 4748 1058 4795 extra
1087 4742 1305 4796 humani
1342 4742 1542 4812 ingenii
1585 4753 1797 4813 captum
1829 4760 1948 4800 esse
1978 4784 1993 4811 ,

424 4843 529 4885 nec
563 4837 750 4896 totum,
785 4839 1020 4899 quantus
1046 4840 1151 4897 est,
1181 4833 1402 4903 cogitari
1427 4842 1589 4905 atque
1618 4834 1797 4890 animo
1825 4836 1993 4890 infor-

424 4920 565 4977 mari
589 4935 776 4991 posse;
800 4922 958 4992 idque
979 4938 1084 4977 non
1102 4924 1172 4982 ob
1189 4923 1444 4981 invidiam
1478 4926 1657 4998 (longe
1680 4929 1819 4984 enim
1842 4930 1996 4984 abest

428 5028 459 5067 a
496 5013 675 5068 divina
703 5022 892 5068 natura
923 5015 1313 5084 inviditelivor,
1350 5027 1533 5091 utpote
1561 5033 1678 5090 quae
1702 5021 1846 5077 omni
1870 5036 1995 5093 per-

425 5106 733 5163 turbatione
768 5118 941 5173 vacat,
992 5108 1211 5179 solaque
1243 5110 1381 5166 bona
1424 5120 1482 5166 et
1510 5113 1725 5169 domina
1775 5124 1878 5179 est,
1930 5129 1994 5169 ac

425 5199 724 5273 praesertim
743 5215 865 5271 erga
897 5201 971 5269 id,
1011 5202 1149 5272 quod
1179 5217 1242 5258 ex
1269 5204 1519 5259 omnibus
1541 5204 1702 5260 rebus
1722 5220 1750 5258 a
1775 5220 1834 5259 se
1861 5220 1991 5259 cou-

425 5291 553 5347 ditis
583 5290 817 5345 maximo
848 5290 901 5346 iu
928 5293 1098 5361 pretio
1120 5292 1301 5348 habet.
1334 5293 1472 5360 Quid
1506 5293 1651 5349 enim
1692 5295 1832 5364 apud
1863 5294 1994 5348 Ver-

424 5383 549 5438 bum
582 5384 761 5453 priore
786 5381 903 5438 loco
932 5397 996 5438 ac
1030 5398 1254 5440 numero
1301 5394 1419 5454 est,
1469 5400 1627 5455 quam
1674 5402 1793 5457 qua:
1829 5388 1994 5442 ratio-

426 5490 547 5529 nem
607 5490 671 5529 ac
734 5475 999 5531 sernmuis
1273 5478 1587 5534 facultatem
1632 5483 1997 5552 acceperunt!

425 5566 864 5636 Quandoquidem
896 5571 997 5626 hoc
1033 5584 1248 5642 quoque
1295 5571 1495 5641 ipsum,
1524 5574 1665 5642 quod
1710 5589 1990 5646 procreata

2095 4569 2154 4624 δὲ
2175 4569 2295 4624 δλον
2332 4571 2456 4625 ὅσον
2503 4570 2621 4624 ἐστὶ
2664 4570 3052 4641 φαντάζεσθαιο
3086 4571 3183 4625 καὶ
3212 4572 3373 4626 τοῦτο
3421 4571 3543 4627 οὔτε
3582 4571 3671 4627 διὰ

2098 4660 2291 4730 φθόνον
2326 4659 2569 4732 (μακρὰν
2610 4661 2725 4733 γὰρ
2746 4660 2848 4730 τῆς
2894 4662 3046 4727 θείας
3078 4662 3292 4733 φύσεως
3321 4663 3532 4735 φθόνος,
3572 4664 3669 4735 τῆς

2094 4770 2160 4822 γε
2193 4751 2458 4820 ἀπαθοῦς,
2488 4753 2583 4808 καὶ
2622 4753 2792 4827 μόνης
2816 4755 3048 4827 ἀγαθῆς,
3072 4756 3168 4810 καὶ
3188 4757 3404 4827 κυρίας,
3422 4757 3519 4810 καὶ
3562 4756 3668 4828 μάο

2095 4846 2253 4900 λιστα
2268 4844 2376 4899 τῶν
2407 4845 2601 4899 ἑαυτοῦ
2625 4846 2939 4918 κτισμάτων
2956 4848 3084 4919 περὶ
3103 4847 3166 4901 τδ
3194 4846 3542 4919 τιμιώτατον.
3604 4844 3675 4900 Τί

2095 4939 2205 5012 γὰρ
2361 4938 2525 5011 Λόγῳ
2558 4939 2665 5012 πρὸ
2695 4941 2804 4995 τῶν
2828 4940 3060 5011 λογικῶν
3079 4956 3094 4972 ⁸
3148 4940 3269 4994 ἐπεὶ
3325 4940 3418 4996 καὶ
3452 4940 3581 4995 αὐτὸ
3606 4941 3671 4994 τὸ

2095 5031 2393 5103 ὑποστῆναι
2438 5032 2539 5104 τῆς
2581 5033 2756 5105 ἄκρας
2800 5032 3178 5105 ἀγαθότητος),
3222 5032 3346 5087 οὐτε
3378 5037 3459 5098 είς
3505 5032 3668 5105 τιμὴν

2096 5124 2289 5177 ἑαυτοῦ
2335 5126 2430 5179 καὶ
2478 5125 2635 5193 δόξαν
2680 5126 2776 5181 τοῦ
2822 5127 3065 5203 πλήρους
3088 5165 3109 5195 ,
3267 5128 3351 5182 ἵνα
3400 5127 3477 5200 τῷ
3506 5128 3668 5197 ἀνεφ-

2090 5213 2225 5286 ίκτῳ
2248 5215 2309 5268 τὸ
2333 5216 2514 5287 τίμιον
2536 5217 2634 5291 ἔχῃ
2660 5218 2753 5271 καὶ
2780 5218 2839 5271 τὸ
2869 5218 3183 5289 σεϐάσμιον.
3206 5218 3376 5273 Τοῦτο
3404 5219 3510 5292 γὰρ
3533 5221 3670 5274 πάν-

2096 5325 2205 5370 τως
2377 5311 2690 5378 σοφιστικὸν
2713 5312 2807 5366 καὶ
2829 5311 3128 5383 ἀλλότριον,
3148 5315 3221 5384 μὴ
3248 5313 3501 5377 δτιΘεοῦ,
3552 5313 3672 5367 ἀλλ’

2093 5398 2214 5452 οὐδὲ
2269 5398 2557 5472 ἀνθρώπου
2609 5403 2845 5474 μετρίως
2895 5403 3193 5467 ἐπιεικοῦς,
3252 5404 3344 5457 καί
3393 5422 3444 5457 τι
3500 5403 3671 5468 δεξιδν

2096 5489 2274 5562 ἑαυτῷ
2313 5491 2634 5558 συνειδότος,
2691 5495 2755 5547 ἑκ
2786 5494 2881 5547 τοῦ
2911 5494 3140 5549 κωλύειν
3172 5496 3395 5567 ἐτέρους
3426 5494 3483 5548 τὸ
3522 5512 3673 5567 πρω-

2094 5582 2236 5636 τεῖον
2252 5582 2593 5654 πορίζεσθαι.

423 5667 568 5726 sunt,
593 5675 815 5716 summa
846 5661 1120 5730 cujusdam
1151 5662 1343 5717 divina:
1387 5662 1643 5721 bonitatis
1696 5677 2068 5737 argumentum
2098 5672 2224 5739 est),
2285 5686 2385 5728 nec
2422 5680 2479 5727 ut
2544 5670 2669 5728 inde
2725 5671 2917 5743 ipsius,
2973 5678 3065 5746 qui
3109 5673 3299 5747 plenus
3338 5684 3440 5739 est,
3476 5673 3666 5730 honori

505 5765 745 5826 'Matth.
796 5783 893 5832 vn.
919 5769 1013 5828 το.
1087 5771 1109 5803 '
1147 5769 1283 5827 Dan.
1317 5784 1368 5837 v,
1396 5768 1483 5825 ll.
