4048 6590
346 397 454 463 165

1308 390 1693 451 PANOPLIA
1734 389 2208 451 DOGMATICA.
2243 414 2309 427 --·
2341 390 2495 455 TIT.
2530 392 2629 455 IV.

3495 394 3596 458 166

347 511 642 580 glorizeque
676 507 970 579 quidquam
1008 505 1317 569 accederet.
1381 516 1440 560 ut
1498 508 1832 563 videlicetcx
1864 523 1928 562 eo
1977 508 2116 578 quod
2155 510 2221 563 ad
2270 510 2386 577 ejus
2439 509 2800 574 cognitionem
2860 511 3122 568 mortales
3177 511 3461 581 pervenire
3511 531 3605 568 ne-

346 616 586 672 queunt,
620 605 794 673 major
820 604 884 656 ad
923 604 1095 671 ipsum
1133 603 1307 657 honor
1355 618 1419 656 ac
1462 603 1747 659 veneratio
1780 604 1988 659 redeat.
2017 604 2382 676 Suphisticum
2430 606 2573 660 enim
2616 607 2796 676 plane,
2826 615 2991 676 atque
3037 608 3273 663 alienum
3331 617 3436 675 est,
3501 627 3609 663 non

342 696 528 751 dicam
561 714 589 749 ει
622 695 753 757 Deo,
797 695 890 749 sed
923 696 989 747 ab
1020 694 1257 760 homine,
1289 696 1545 750 mediocri
1575 695 1767 750 saltem
1812 697 2082 765 probitate
2124 696 2472 767 caudoreque
2517 699 2765 768 pnedito,
2798 710 2964 770 atque
3025 701 3274 769 ingenua:
3321 700 3607 771 cujusdam

345 788 653 842 honestatis
688 788 790 842 sibi
822 787 1063 851 conscio,
1099 786 1455 859 prohibendis
1485 787 1606 841 aliis
1660 787 2019 857 principatum
2055 788 2157 842 sibi
2194 801 2472 859 arrogare.

435 881 582 936 Ἀλλ’
639 883 690 937 εἰ
753 880 852 951 μὲν
878 882 974 937 καὶ
1012 882 1083 935 δι’
1136 881 1305 945 ἄλλας
1344 880 1551 947 αἰτίας,
1612 882 1806 939 εἰδεῖεν
1857 884 1927 940 ἂν

2106 882 2308 942 Verum
2349 886 2554 941 aliasne
2611 885 2774 941 etiam
2823 886 3085 955 quasdam
3146 886 3214 940 ob
3268 900 3482 949 causas,
3530 885 3615 938 vi-

347 985 397 1036 ai
431 981 711 1053 ἐγγυτέρω
731 978 888 1042 Θεοῦ,
920 977 1013 1032 καὶ
1044 976 1152 1030 τῶν
1169 974 1587 1045 άνεξιχνιάστων
1613 973 1778 1027 αὑτοῦ
1808 991 1929 1047 κρι-

346 1074 535 1145 μάτων
564 1071 797 1123 ἐπόπται
832 1068 925 1122 καλ⁸
954 1065 1169 1137 θεωροὶ,
1201 1064 1358 1136 εἴπερ
1380 1062 1486 1117 είσί
1518 1080 1661 1124 τινες
1686 1062 1929 1118 τοσοῦτοι

352 1168 445 1236 τὴν
487 1164 709 1236 ἀρετὴν,
744 1161 841 1214 καὶ
885 1162 942 1213 ἐν
976 1158 1177 1229 ἴχνεσιν
1208 1156 1445 1211 ἀϐύσσου
1477 1156 1924 1228 περιπατοῦντες,

350 1256 410 1308 τὸ
456 1254 521 1325 δὴ
571 1253 890 1323 λεγόμενονο,
938 1251 1060 1303 ὅσον
1104 1248 1146 1301 δ’
1173 1243 1265 1300 οὖν
1314 1248 1471 1317 ἡμεῖς
1501 1245 1926 1317 κατειλήφαμεν,

356 1349 574 1417 μικροῖς
628 1344 847 1415 μέτροις
890 1340 1214 1412 μετροῦντες
1262 1337 1332 1390 τὰ
1381 1336 1748 1408 δυσθεώρηταο
1788 1336 1930 1407 τάχα

355 1440 481 1511 μὲν,
515 1440 602 1491 ἵνα
636 1439 710 1508 μὴ
748 1435 823 1506 τῷ
856 1434 1019 1506 ρᾳδίῳ
1067 1433 1164 1501 τῆς
1207 1431 1477 1501 κτήσεως,
1513 1431 1683 1501 ῥᾴστη
1708 1428 1929 1499 γένηται

352 1530 454 1583 xa‘t
490 1531 524 1599 ὴ
575 1527 669 1580 τοῦ
713 1524 1010 1596 κτηθέντος
1046 1521 1310 1593 ἀποϐολή.
1346 1522 1494 1574 Φιλεῖ
1544 1520 1653 1592 γάρ
1711 1521 1771 1574 τὸ
1830 1520 1929 1591 μὲν

353 1619 509 1688 πόνῳ
539 1616 735 1689 κτηθὲν
771 1615 969 1688 μᾶλλον
1001 1614 1339 1685 κρατεῖσθαι·
1383 1613 1444 1666 τὸ
1490 1613 1545 1666 δὲ
1581 1611 1779 1685 ῥᾳδίως
1808 1629 1934 1683 κτη-

355 1709 476 1771 θὲν,
501 1710 594 1762 καὶ
613 1708 987 1762 άποπτύεσθαι
1150 1708 1403 1776 τάχιστα,
1438 1706 1514 1769 ὡς
1539 1706 1700 1760 πάλιν
1726 1702 1934 1773 ληφθῆ-

355 1816 449 1851 ναι
469 1795 786 1865 δυνάμενονο
818 1793 912 1845 καὶ
940 1790 1113 1854 οὕτως
1295 1787 1587 1861 εὐεργεσία
1615 1787 1940 1841 καθίσταται

355 1891 419 1944 τὸ
456 1891 530 1960 μὴ
564 1888 848 1959 πρόχειρον
869 1888 968 1955 τῆς
992 1882 1330 1956 εὐεργεσίας,
1364 1883 1474 1943 τοῖς
1497 1897 1560 1949 γε
1582 1878 1706 1932 νοῦν
1732 1879 1935 1950 ἔχουσι.

353 1985 513 2052 Τάχα
556 1981 633 2044 δὲ,
672 1980 747 2043 ὼς
789 1979 862 2050 μὴ
884 1976 1081 2031 ταυτὸν
1109 1977 1259 2047 ἡμᾶς
1288 1975 1365 2046 τῷ
1391 1974 1605 2027 πεσόντι
1643 1973 1939 2047 Ἑωσφόρῳ

354 2078 593 2145 πάσχειν
626 2120 642 2146 ,
791 2075 855 2125 ἐκ
887 2073 980 2125 τοῦ
1001 2071 1061 2124 τὸ
1082 2073 1196 2140 φῶς
1223 2069 1341 2122 ὅλον
1365 2068 1612 2139 χωρῆσαι
1656 2066 1939 2120 κατέναντι

356 2168 566 2238 Κυρίου
586 2164 1021 2236 παντοκράτορος
1044 2162 1364 2235 τραχηλιᾷν,
1383 2160 1478 2213 καὶ
1510 2160 1727 2213 πίπτειν
1749 2158 1813 2211 ἐκ
1841 2158 1940 2229 τῆς

356 2261 667 2331 ἐπάρσεως,
698 2258 897 2327 πτῶμα
919 2257 1135 2309 πάντων
1159 2253 1538 2307 ὲλεεινότατον.
1566 2251 1740 2322 Τυχὸν
1765 2250 1842 2314 δὲ,
1872 2250 1941 2303 ἵν’

2041 978 2217 1035 derint
2241 976 2297 1041 ii,
2324 976 2416 1046 qui
2479 973 2589 1030 Deo
2635 975 3049 1045 propinquiores
3101 981 3614 1050 conjunctioresque

2041 1083 2185 1142 sunt,
2217 1083 2376 1144 atque
2402 1073 2965 1145 impervestigabilium
3003 1073 3172 1144 ipsius
3208 1075 3534 1144 judiciorum
3580 1076 3596 1108 ¹

2044 1164 2375 1234 inspectores
2405 1174 2457 1218 et
2491 1162 2962 1232 contemplatores,
2993 1165 3034 1218 si
3063 1166 3151 1231 qui
3183 1172 3359 1218 tamen
3391 1174 3512 1219 sunt
3545 1167 3611 1218 ad

2044 1270 2162 1308 cam
2192 1255 2405 1310 virtutis
2445 1254 2867 1322 magnitudinem
2897 1255 3093 1320 evecti,
3124 1263 3286 1319 atque
3326 1256 3379 1308 in
3433 1256 3612 1325 abyssi

2044 1346 2281 1416 vestigiis
2317 1346 2719 1401 deamlmlantes
2775 1345 2826 1409 ’,
2876 1354 2934 1398 ut
2989 1346 3272 1413 proverbio
3320 1345 3421 1400 dici
3454 1347 3609 1400 solet.

2046 1436 2311 1502 Quantum
2342 1446 2515 1489 tamen
2544 1452 2662 1498 nos,
2696 1436 2786 1505 qui
2811 1437 3018 1506 exiguis
3052 1437 3280 1491 modulis
3314 1452 3374 1491 ea
3409 1452 3525 1505 llllie
3553 1438 3618 1491 ad

2046 1523 2510 1593 contemplandum
2556 1524 2788 1579 difficilia
2812 1535 2959 1589 sunt,
2984 1527 3270 1591 metimur,
3310 1525 3623 1593 conjectura

2046 1616 2255 1685 assequi
2277 1626 2699 1686 possunms,tres
2728 1617 2887 1687 hujus
2906 1617 2979 1674 rei
2996 1632 3169 1671 causa:
3194 1617 3375 1671 ati‘erri
3403 1629 3622 1686 queant.

2046 1708 2226 1763 Prima
2260 1706 2465 1770 forsan,
2491 1725 2576 1771 ne,
2603 1710 2671 1761 ob
2718 1708 3049 1776 adipiscendi
3079 1707 3416 1766 facilitatem.
3448 1708 3623 1761 facilis

2048 1802 2267 1858 quoque
2303 1803 2381 1843 rei
2421 1789 2893 1857 qumsnttejaetura
2922 1792 3011 1846 sit.
3038 1792 3125 1847 Fit
3172 1795 3315 1847 enim
3376 1793 3508 1859 fere,
3565 1805 3625 1849 ut

2043 1880 2187 1949 quod
2223 1894 2327 1935 non
2361 1880 2480 1936 sine
2512 1880 2699 1936 labore
2728 1892 2892 1953 atque
2936 1884 3201 1939 industria
3255 1896 3467 1954 partum
3517 1898 3624 1945 est.

2043 1972 2248 2025 arctius
2286 1986 2501 2042 quoque
2536 1983 2783 2027 teneatur
2811 1992 2823 2029 :
2856 1976 2999 2044 quod
3031 1987 3213 2031 autem
3237 1978 3381 2033 nullo
3412 1979 3627 2045 negotio

2042 2075 2413 2133 comparatum
2451 2074 2563 2130 est,
2617 2066 2881 2121 citissime
2934 2068 3175 2134 vilescat,
3211 2079 3267 2125 et
3318 2073 3628 2140 abjiciatur,

2040 2163 2225 2225 utpote
2248 2155 2387 2225 quod
2421 2158 2726 2226 recuperari
2764 2158 2932 2226 possit
2966 2176 2982 2225 ;
3025 2168 3187 2230 atque
3213 2162 3285 2215 ita
3331 2164 3381 2216 iu
3420 2164 3625 2219 beneli-

2042 2247 2184 2302 cium
2215 2248 2358 2303 cedit
2387 2264 2492 2303 non
2514 2249 2672 2303 obvia
2700 2249 2787 2322 illa
2818 2251 3194 2316 beneﬁcentia,
3230 2256 3368 2323 apud
3399 2270 3494 2310 eos
3518 2257 3630 2311 sal~

356 2347 398 2425 ᾖ
427 2370 478 2405 τι
507 2351 666 2403 πλέον
696 2349 904 2403 ἐκεῖθεν
958 2345 1120 2402 ἆθλον
1171 2346 1486 2417 φιλοπονίας
1529 2344 1625 2400 καὶ
1685 2342 1939 2416 λαμπροῦ

2049 2347 2175 2403 tem,
2205 2340 2296 2410 qui
2346 2341 2639 2411 prudentes
2678 2350 2822 2399 sunt.
2874 2341 3083 2407 Altera,
3138 2360 3206 2399 ne
3263 2346 3401 2401 idem
3451 2350 3631 2414 nobis,

358 2412 480 2513 ἕίου
520 2443 633 2504 τοῖς
672 2412 1381 2509 ἐνταῦθα’κεκαοαρμένοις,
1402 2437 1498 2490 καὶ
1526 2412 1941 2506 μακροθυμοῦσι

357 2535 503 2607 πρὸς
536 2534 599 2588 τὸ
638 2532 994 2603 ποθούμενον.
1025 2529 1127 2584 Διὰ
1171 2529 1328 2583 τοῦτο
1353 2529 1515 2601 μέσος
1550 2526 1710 2600 ἡμῶν
1744 2542 1805 2578 τε
1848 2526 1944 2579 καὶ

358 2628 499 2681 Θεοῦ
542 2629 571 2681 ὁ
620 2624 935 2698 σωματικδς
965 2616 1122 2686 οὗτος
1150 2623 1367 2675 ἵσταται
1411 2621 1627 2691 γνόφος,
1664 2619 1852 2691 ὥσπερ
1908 2619 1942 2689 ἡ

362 2720 560 2791 νεφέλη
720 2715 951 2771 τοπάλαι
966 2716 1072 2769 τῶν
1087 2712 1397 2784 Αἰγυπτίων
1419 2714 1509 2767 καὶ
1531 2711 1640 2765 τῶν
1655 2711 1942 2781 Ἑϐραίων.

358 2812 477 2865 Καὶ
528 2809 685 2864 τοῦτό
742 2812 889 2863 ἐστιν
928 2809 1083 2872 ἴσως,
1116 2806 1144 2859 ὃ
1191 2804 1342 2859 ἔθετο
1376 2804 1567 2867 σκότος
1619 2802 1946 2874 άποκρυφὴν

358 2899 552 2961 αὐτοῦ,
606 2899 706 2969 τὴν
761 2898 1039 2969 ἡμετέραν
1065 2895 1375 2966 παχύτητα,
1415 2894 1482 2947 δι’
1516 2894 1585 2965 ἢν
1628 2892 1799 2962 ὀλίγοι
1851 2890 1946 2945 καὶ

364 2993 562 3065 μικρὸν
612 2991 1017 3045 διακύπτουσιν.
1045 2989 1215 3043 Τοῦτο
1238 2988 1336 3059 μὲν
1369 2982 1463 3040 οῦν
1486 2985 1946 3057 φιλοσοφείτωσαν

356 3082 447 3148 οἷς
473 3083 753 3155 ἐπιμελὲς,
791 3083 883 3136 καὶ
897 3082 1166 3135 ἁνίτωσαν
1193 3080 1284 3133 ἐπὶ
1311 3078 1560 3133 πλεῖστον
1596 3078 1699 3149 τῆς
1727 3076 1945 3132 διασκέ-

357 3176 531 3246 ψεως·
567 3176 697 3246 ἡμῖν
729 3174 775 3227 δ’
799 3168 890 3227 οὖν
928 3174 1103 3225 ἐκεῖνο
1129 3168 1406 3241 γνώριμον
1439 3170 1552 3231 τοῖς
1578 3167 1823 3239 δεσμίοις
1845 3166 1947 3238 τῆς

357 3269 493 3339 γῆς,
534 3268 562 3319 ὃ
596 3283 760 3336 φησιν
801 3267 829 3319 ό
875 3264 1017 3327 θεῖος
1054 3262 1344 3336 Ἱερεμίας,
1378 3259 1555 3313 καὶτὸ
1593 3259 1738 3329 παχὺ
1786 3256 1946 3311 τοῦτο

364 3360 595 3431 σαρκίον
651 3356 1137 3431 περιϐεϐλημένοις
1171 3368 1191 3387 ο
1346 3353 1429 3405 ὅτι
1461 3352 1650 3423 ῶσπερ
1679 3348 1946 3404 ἀδύνατον

358 3447 671 3520 ὑπερϐῆναι
838 3447 937 3518 τὴν
968 3443 1163 3499 ἑαυτοῦ
1199 3441 1380 3508 σκιὰν,
1415 3439 1612 3512 καὶτῷ
1644 3440 1767 3495 λίαν
1800 3441 1947 3494 ἐπειο

361 3540 585 3611 γομένῳ
617 3538 830 3609 (φθάνει
875 3538 985 3610 γὰρ
1014 3537 1103 3591 ἀεὶ
1146 3535 1420 3601 τοσοῦτον,
1450 3533 1573 3588 ὅσον
1598 3531 1970 3604 καταλαμϐά-,

2046 2430 2188 2500 quod
2238 2431 2486 2488 Lucifero
2517 2433 2590 2487 illi
2628 2433 2882 2505 prolapso
2934 2443 2989 2502 ³,
3020 2438 3264 2505 accidat;
3299 2439 3399 2493 hoc
3425 2449 3531 2506 est,
3567 2456 3634 2496 ne

2049 2531 2162 2578 toto
2196 2524 2287 2579 illo
2320 2523 2527 2595 fulgore
2583 2525 2782 2596 perfusi
2816 2529 3083 2583 cervicem
3139 2530 3398 2585 adversus
3452 2530 3633 2586 Domi-

2045 2630 2174 2669 num
2198 2618 2982 2686 omnipotentemattollamus,
3038 2629 3201 2690 atque
3244 2621 3312 2675 ob
3342 2623 3632 2676 elationem

2048 2722 2390 2774 corruamus,
2425 2723 2553 2764 casu
2583 2710 2825 2764 omnium
2859 2710 3166 2766 miserrimo
3189 2720 3243 2765 et
3268 2713 3632 2770 calamitosis-

2047 2802 2206 2856 simo.
2237 2802 2538 2868 Postrema,
2570 2811 2629 2856 ut
2668 2816 2766 2872 pro
2813 2803 3089 2858 industriae
3139 2819 3251 2858 suae
3301 2804 3633 2874 iilustrisque

2047 2892 2173 2946 vitae
2199 2892 2422 2961 praemio
2447 2891 2668 2948 uberius
2698 2891 2899 2961 aliquid
2937 2893 3190 2957 habeant,
3229 2894 3316 2963 qui
3343 2896 3429 2950 hic
3458 2910 3578 2950 sese
3600 2913 3631 2951 a

2050 2982 2302 3038 vitiorum
2338 2982 2457 3038 labe
2501 2983 2890 3053 perpurgariut
2915 3022 2930 3047 ,
2966 2999 3031 3039 ae
3065 2998 3174 3048 rem
3223 2988 3529 3040 adamatam
3579 2995 3636 3041 et

2049 3074 2341 3145 expetitum
2384 3074 2716 3145 patientibus
2770 3076 2965 3129 animis
3009 3078 3397 3144 exspectarint.
3429 3077 3636 3134 idcirco

2052 3167 2230 3222 media
2263 3166 2408 3222 inter
2441 3182 2540 3222 nos
2564 3183 2625 3222 ac
2650 3166 2820 3222 Deum
2844 3182 3100 3237 corporea
3129 3169 3243 3223 haec
3264 3170 3437 3239 caligo
3464 3164 3636 3227 inter-

2047 3258 2192 3329 jecta
2227 3269 2333 3324 est;
2362 3274 2469 3313 non
2498 3274 2655 3315 secus
2695 3274 2757 3314 ac
2789 3260 3065 3315 uubesilla
3111 3257 3134 3291 ⁸
3165 3260 3292 3316 olim
3318 3262 3458 3317 inter
3475 3262 3637 3335 Egy-

2055 3353 2197 3422 ptios
2222 3358 2276 3405 et
2302 3349 2581 3406 Hebraeos.
2607 3350 2683 3404 Ac
2706 3348 2936 3406 fortasse
2962 3354 3065 3405 huc
3088 3360 3301 3421 spectat
3326 3351 3453 3406 illud
3486 3352 3636 3406 Scri-

2053 3455 2245 3517 ptura},
2262 3442 2446 3498 Posuit
2466 3445 2713 3499 tenebras
2732 3444 3009 3498 latibulum
3030 3444 3130 3498 sibi
3169 3445 3215 3511 ⁸,
3243 3445 3342 3499 hoc
3367 3455 3470 3513 est,
3489 3460 3638 3501 cras-

2058 3538 2237 3591 sitiem
2265 3544 2530 3601 nostram,
2562 3551 2666 3606 qua
2720 3536 2800 3603 iit,
2833 3544 2890 3589 ut
2922 3537 3077 3605 pauci
3104 3539 3346 3603 omnino,
3378 3538 3519 3607 iique
3545 3554 3640 3608 pa-

364 3634 569 3699 νεται),
615 3631 787 3703 ἢτοῖς
819 3631 1035 3702 ὁρατοῖς
1067 3628 1367 3699 πλησιάσαι
1399 3625 1499 3697 τὴν
1532 3624 1672 3695 ὄψιν,
1705 3624 1827 3696 δίχα
1855 3623 1943 3677 τοῦ

2060 3643 2178 3682 rum
2218 3627 2502 3682 admodum
2537 3626 2915 3697 transpiciant.
2968 3628 3072 3683 Sed
3109 3630 3175 3683 de
3225 3628 3328 3683 hac
3368 3643 3427 3683 re
3478 3645 3640 3684 accu-

368 3725 430 3777 ἐν
462 3724 612 3795 μέσῳ
641 3723 819 3792 φωτὸς
867 3723 960 3777 καὶ
991 3722 1175 3792 ἀέρος,
1202 3719 1237 3791 ἢ
1289 3717 1401 3773 τῶν
1453 3716 1662 3771 ὑδάτων
1707 3716 1813 3784 ἔξω
1851 3716 1943 3788 τὴν

2058 3718 2233 3771 ratius
2283 3715 2752 3786 philosophentur,
2785 3718 3154 3788 altissimeque
3202 3718 3641 3775 consideratione

365 3816 578 3887 νηκτὴν
614 3814 774 3885 φύσιν
797 3813 1193 3869 διολισθαίνειν·
1222 3810 1396 3873 οὕτως
1425 3809 1705 3881 ἀμήχανον
1734 3809 1847 3871 τοῖς
1893 3808 1943 3863 ἐν

2056 3808 2451 3880 provehantur,
2482 3808 2678 3877 quibus
2700 3809 2751 3864 id
2782 3810 2964 3865 studio
3002 3820 3057 3866 et
3083 3824 3229 3866 cura:
3258 3811 3443 3867 fuerit.
3474 3810 3641 3867 Nobis

366 3905 584 3977 σώματι
619 3945 640 3973 ,
710 3910 713 3911 ⁷
813 3906 936 3977 δίχα
969 3904 1079 3959 τῶν
1117 3901 1465 3975 σωματικῶν,
1502 3900 1680 3971 πάντη
1700 3898 1943 3968 γενέσθαι

2058 3900 2268 3971 utique,
2299 3902 2392 3971 qui
2419 3909 2579 3956 terra:
2601 3901 2831 3981 vinculis
2861 3902 3068 3959 astricti
3096 3912 3339 3959 tenemur
3378 3905 3436 3974 ⁸,
3465 3913 3523 3959 ιιι
3547 3903 3640 3960 Je-

371 3997 514 4069 μετὰ
539 3996 643 4050 τῶν
674 3997 999 4068 νοουμένων.
1028 3995 1142 4049 Ἀεὶ
1167 3994 1275 4067 γάρ
1301 4011 1356 4047 τι
1384 3993 1821 4064 παρεμπεσεῖται
1844 3989 1943 4043 τῶν

2057 3993 2244 4050 remiae
2278 3993 2462 4051 verbis
2491 4005 2633 4061 utar,
2660 4009 2953 4067 crassaque
2982 3996 3085 4053 hac
3113 4011 3284 4053 carne
3312 3997 3642 4067 obtegimur,

373 4089 690 4161 ἡμετέρων,
742 4088 843 4143 κᾶν
898 4088 982 4143 ὅτι
1028 4086 1259 4160 μάλιστα
1306 4085 1548 4158 χωρίσας
1600 4082 1791 4137 ἑαυτὸν
1848 4081 1943 4136 τῶι

2062 4084 2170 4142 hoc
2193 4088 2539 4158 perspicuum
2580 4096 2685 4155 est,
2725 4088 2867 4159 quod
2901 4090 3350 4159 quemadmodum
3382 4090 3524 4146 nulla
3556 4105 3644 4145 ra-

373 4178 666 4251 δρωμένων
689 4181 717 4233 ό
746 4178 891 4244 νοῦς,
919 4179 1015 4233 καὶ
1040 4177 1161 4232 καθ’
1184 4174 1376 4229 ἑαυτὸν
1402 4173 1714 4246 γενόμενος,
1788 4190 1943 4244 προσ-

2061 4175 2209 4234 tione
2234 4176 2353 4235 ﬁeri
2560 4190 2758 4249 potest.
2781 4190 2839 4235 ut
2859 4181 3149 4250 quispiam,
3174 4182 3470 4252 quamlibet
3491 4198 3644 4254 gres-

374 4270 589 4326 ϐάλλειν
618 4273 877 4345 ἐπιχειρῇ
896 4274 1009 4336 τοῖς
1040 4267 1327 4339 συγγενέσι
1346 4266 1444 4321 καὶ
1467 4266 1740 4339 ἀοράτοις.
1769 4264 1943 4342 Γνώσπ

2060 4284 2183 4326 sum
2238 4277 2455 4340 urgeat,
2515 4269 2763 4325 umbram
2814 4286 2967 4327 suam
3013 4280 3297 4342 praetereat
3330 4272 3348 4342 (
3381 4281 3643 4344 quantum

372 4361 433 4418 δὲ
456 4361 647 4429 οὕτως.
2062 4360 2208 4415 enim
2237 4374 2355 4416 eam
2381 4362 2708 4431 assequeris,
2756 4369 2961 4416 tantum
2989 4362 3151 4417 etiam
3181 4362 3268 4418 illa
3299 4377 3514 4434 semper
3544 4377 3644 4418 an.

376 4459 593 4512 tcvertit
627 4460 682 4528 ),
715 4466 809 4513 aut
833 4457 1019 4514 oculus
1050 4457 1212 4513 rebus
1245 4455 1299 4511 in
1323 4462 1599 4522 aspectum
1629 4452 1949 4509 cadentibus
1986 4452 2123 4508 citra
2160 4453 2535 4509 intermediam
2567 4454 2739 4509 lucem
2770 4462 2824 4509 et
2885 4468 3065 4510 aerem
3129 4455 3513 4526 conjungatur,
3552 4462 3643 4509 aut

374 4549 553 4618 pisces
589 4562 743 4604 extra
779 4564 948 4619 aquas
968 4558 1189 4613 natent;
1230 4547 1301 4602 ita
1321 4547 1483 4600 etiam
1510 4544 1838 4615 impossibile
1901 4553 1986 4600 est
2021 4544 2109 4611 iis,
2172 4546 2264 4616 qui
2298 4547 2615 4616 corporibus
2648 4546 2838 4601 inclusi
2888 4555 3037 4614 sunt,
3084 4546 3201 4603 sine
3244 4562 3628 4615 corporearum

376 4648 444 4698 3c
476 4641 806 4699 sensibiliqu
858 4656 1037 4696 rerum
1083 4639 1432 4705 adminiculo,
1482 4638 1645 4693 rebus
1694 4637 1780 4703 iis,
1833 4652 1953 4707 qua:
2027 4639 2208 4693 animo
2278 4654 2342 4696 ac
2391 4639 2601 4694 ratione
2660 4639 3048 4709 intelliguntur,
3096 4642 3319 4696 onmin‘o
3372 4639 3644 4708 conjungi.

378 4734 605 4803 Semper
639 4732 783 4798 enim
814 4731 988 4786 obiter
1015 4727 1272 4784 sensibile
1301 4727 1501 4797 aliquid
1526 4742 1705 4781 rerum
1731 4734 2038 4783 nostrarum
2071 4728 2283 4796 incidit,
2343 4729 2690 4801 quantumvis
2753 4730 2986 4785 maxime
3018 4739 3201 4785 nostra
3246 4746 3395 4787 mens
3455 4732 3525 4787 ab
3576 4732 3647 4788 iis

380 4828 567 4888 rebus,
602 4839 722 4895 qua:
747 4824 799 4879 in
824 4831 1102 4891 aspectum
1135 4820 1361 4883 cadunt,
1390 4820 1685 4885 abstracta,
1711 4828 1872 4888 atque
1895 4819 1949 4876 in
1986 4821 2218 4892 seipsam
2277 4821 2527 4889 collecta,
2578 4836 2666 4878 res
2730 4831 3025 4893 cognatas,
3061 4831 3117 4879 et
3154 4823 3433 4879 oculorum
3474 4825 3647 4881 aciem

379 4920 652 4989 fugientes
697 4915 915 4986 assequi
966 4929 1030 4970 ac
1073 4911 1352 4985 percipere
1402 4911 1767 4999 contenderit.
1967 4966 2012 5023 Ι)

820 5027 921 5083 Ἐκ
956 5028 1063 5084 τοῦ
1106 5027 1297 5083 αὐτοῦ
1331 5028 1543 5099 λόγου.

2569 5039 2653 5097 Ea;
2681 5040 2862 5096 eadem
2893 5038 3151 5095 oratione.

450 5148 661 5215 Θεδν,ὃ
727 5148 779 5201 τί
802 5162 933 5200 ποτε
985 5146 1086 5217 μὲν
1143 5144 1261 5200 ἔστι
1323 5145 1430 5213 τὴν
1485 5144 1652 5217 φύσιν
1715 5145 1811 5202 καὶ
1863 5145 1943 5216 τὴι

2139 5160 2280 5232 Quid
2307 5159 2529 5215 tandem
2556 5156 2700 5213 Deus
2761 5162 2955 5209 natura
3017 5168 3115 5208 sua
3152 5160 3209 5207 et
3258 5150 3493 5207 essentia
3550 5148 3646 5214 sit,

367 5242 591 5309 οὐσίαν,
646 5242 773 5296 οὕτε
809 5258 895 5304 τις
940 5239 1108 5313 εὗρεν
1161 5240 1473 5313 ἀνθρώπων
1527 5239 1778 5305 πώποτε,
1834 5237 1943 5293 οὔτε

2064 5267 2169 5309 nec
2244 5250 2526 5307 hominum
2602 5245 2890 5316 quisquam
2943 5257 3179 5312 unquam
3252 5240 3478 5304 invenit,
3547 5252 3648 5293 nec

372 5334 489 5406 μὴν
541 5332 701 5408 εὕρῃ.
745 5334 892 5388 Ἀλλ’
935 5336 986 5389 εἰ
1044 5334 1146 5405 μὲν
1199 5334 1427 5406 εὑρήσει
1482 5333 1639 5399 ποτὲ,
1690 5331 1943 5403 ζητείσοιι

2069 5344 2318 5400 invenire
2346 5349 2546 5412 potest.
2576 5338 2659 5395 An
2690 5352 2819 5394 vero
2850 5336 3144 5407 aliquando
3172 5334 3239 5390 sit
3302 5334 3644 5398 inventurus,

367 5428 565 5496 τοῦτο,
598 5430 695 5482 καὶ
717 5428 1122 5500 φιλοσοφείσθω
1148 5429 1305 5501 παρὰ
1332 5427 1440 5487 τῶν
1467 5427 1837 5498 βουλομένων·
1870 5428 1943 5481 εὑι

2068 5447 2280 5508 qu:erat
2312 5436 2413 5491 hoc
2436 5434 2527 5504 qui
2562 5432 2728 5497 volet,
2760 5445 2825 5485 ac
2847 5435 3242 5500 perserutetur.
3276 5423 3395 5479 Mea
3423 5422 3642 5493 quidem

379 5525 544 5594 ρήσει
597 5523 678 5589 δὲ,
727 5524 805 5588 ὡς
856 5524 886 5576 ό
930 5524 1064 5594 ἐμὸς
1098 5522 1283 5593 λόγος,
1326 5521 1553 5577 ἐπειδὰν
1612 5521 1675 5576 τὸ
1728 5519 1964 5587 θεοειδὲς

367 5614 538 5670 τοῦτο
566 5617 665 5670 καὶ
694 5617 864 5684 θεῖον,
900 5617 1047 5687 λέγω
1074 5617 1132 5673 δὲ
1157 5617 1253 5672 τὸν
1285 5618 1561 5690 ἡμέτερον
1611 5615 1740 5671 νοῦν
1767 5633 1826 5671 τε
1864 5615 1961 5671 καὶ

376 5709 563 5778 λόγον,
616 5709 693 5781 τῷ
722 5712 914 5783 οἰκείῳ
961 5711 1263 5783 προσμίξῃ,
1322 5712 1420 5766 καὶ
1478 5709 1712 5783 ήείκὼν
1752 5708 1956 5780 άνέλθη

2069 5528 2364 5596 sententia,
2398 5537 2508 5581 tum
2535 5525 2752 5581 demum
2783 5522 2887 5578 hoc
2916 5521 3177 5585 inveniet,
3231 5533 3352 5574 cum
3383 5514 3649 5573 deiiorme

2069 5621 2173 5676 hoc
2198 5628 2361 5690 atque
2414 5618 2680 5685 divinum,
2739 5616 2790 5671 id
2824 5621 2927 5682 est,
2984 5626 3136 5668 mens
3167 5616 3357 5666 nostra
3405 5619 3462 5665 et
3510 5609 3649 5664 ratio

2064 5727 2187 5769 cum
2226 5721 2418 5768 natura
2446 5719 2678 5782 cognata
2707 5707 2997 5778 conjuncta
3028 5703 3211 5771 fuerit,
3248 5712 3304 5761 et
3353 5702 3532 5773 imago
3576 5701 3648 5756 ad

454 5850 473 5881 ί
501 5850 659 5907 Rom.
696 5852 881 5921 x1,33.
923 5851 1062 5910 'Job
1094 5868 1324 5921 sxxvm,
1368 5854 1452 5912 l6.
1529 5855 1550 5888 ³
1586 5854 1692 5915 lsa.
1722 5871 1836 5925 xw,
1866 5856 1943 5912 1:2.

2048 5856 2243 5913 'Exod.
2280 5872 2389 5925 xiv,
2421 5856 2513 5913 20.
2590 5858 2611 5891 ⁸
2636 5851 2788 5913 Psal.
2815 5867 2952 5925 xvn,
2991 5850 3079 5909 12.
3140 5853 3185 5933 ,⁸
3211 5850 3415 5910 Thren.
3438 5862 3519 5919 ιιι,
3549 5846 3640 5903 54.
