3984 6566
407 340 411 344 ’
440 357 538 425 167

1658 346 1758 406 Εἰ]
1775 344 2052 406 ΤΠΥΜΗ
2089 342 2282 404 .ZlGA
2297 339 2469 400 BENl

3598 330 3699 396 163

437 469 713 541 exemplar
741 465 869 522 illud
895 477 1076 525 suum,
1109 458 1263 530 cujus
1297 470 1440 512 nunc
1457 453 1726 511 desiderio
1756 454 2015 522 tangitur,

2147 451 2260 524 πρὸς
2287 449 2345 502 τὸ
2361 447 2693 518 ἀρχέτυπον,
2712 437 2879 495 οὒνῦν
2900 438 3126 510 ἕχειτὴν
3171 437 3377 507 ἔφεσιν.
3404 439 3510 491 Καὶ
3541 439 3702 494 τοῦτο

441 560 770 618 ascenderit.
797 557 971 623 Atque
1003 550 1132 606 illud
1161 549 1287 603 mihi
1315 563 1436 602 esse
1465 546 1698 608 videtur,
1731 543 1871 613 quod
1909 543 2020 610 pri-

442 657 672 712 marium
705 647 1060 723 philosophiae
1089 652 1251 713 caput
1282 649 1386 706 est,
1431 653 1621 708 nempe
1645 650 1742 690 nos
1779 633 2023 701 aliquan-

446 753 512 806 do
555 756 762 804 tantum
802 741 1140 810 cognituros,
1173 745 1439 806 quanttnn
1481 725 2022 800 cognitisumus.‘At

446 843 498 894 in
532 841 632 894 hac
686 833 898 889 mortali
963 832 1068 903 vita
1130 826 1390 896 quidquid
1441 825 1504 877 ad
1536 838 1632 877 nos
1681 836 1851 890 usque
1903 834 2024 890 per-

450 930 629 999 tingit,
663 927 807 980 aliud
839 922 969 976 nihil
1030 930 1135 985 est,
1189 934 1350 988 quam
1397 915 1626 985 exiguus
1677 914 1892 981 quidam
1950 909 2024 964 ri-

449 999 640 1086 vulus,
695 1033 758 1072 ac
825 1018 971 1069 velut
1046 1027 1244 1084 parvus
1322 1024 1530 1079 magnai
1610 1007 1746 1061 lucis
1819 1005 2021 1060 radius.

451 1114 815 1182 Quamobrem
848 1110 895 1164 si
922 1111 1043 1180 quis
1068 1108 1236 1161 Deum
1276 1103 1554 1174 cognovit,
1587 1111 1700 1167 aut,
1738 1100 2027 1168 Scriptura

453 1219 610 1274 teste,
671 1204 991 1274 cognovisse
1033 1201 1252 1262 dicitur,
1292 1208 1522 1252 eatenus
1545 1194 1864 1262 cognovisse
1897 1205 2023 1245 cen-

457 1301 658 1355 scndus
675 1308 780 1359 est,
803 1305 1069 1364 quatenus
1096 1291 1361 1346 uberioris
1399 1287 1705 1358 splendoris
1748 1284 2022 1354 particeps

2123 544 2265 599 εἷναί
2306 561 2395 613 μοι
2424 541 2572 594 δοκεῖ
2601 540 2660 592 τὸ
2691 537 2830 590 πάνυ
2866 532 3327 604 φιλοσοσούμενον
3347 572 3362 595 ,
3402 533 3703 600 ἐπιγνώσε-

2129 637 2254 690 σθαι
2313 652 2444 689 ποτε
2509 635 2691 704 ἡμᾶς,
2757 633 2880 684 ὅσον
2950 627 3292 696 ὲγνώσμεθα.
3358 626 3432 678 Τὸ
3490 625 3546 678 δὲ
3610 627 3705 678 νῦν

2127 729 2286 792 εἶναι,
2327 727 2554 799 βραχεῖά
2584 742 2666 789 τις
2699 722 2949 793 ἀπορροὴ
2974 721 3082 774 πᾶν
3115 720 3170 772 τὸ
3193 718 3272 783 εὶς
3305 719 3450 789 ἡμᾶς
3480 718 3709 788 φθάνον,

2131 828 2224 879 καὶ
2243 819 2353 876 οἷον
2371 820 2607 891 μεγάλου
2630 817 2805 887 φωτὸς
2827 815 3023 887 μικρὸν
3045 813 3407 881 ἀπαύγασμα.
3431 813 3596 865 ’Ὥστε
3617 817 3704 866 καὶ

2131 917 2185 969 εί
2208 933 2289 979 τις
2315 916 2455 983 ἔγνω
2479 912 2630 978 Θεὸν,
2656 911 2690 982 ἢ
2724 908 3020 978 ἐγνωκέναι
3051 904 3496 976 μεμαρτύρηται.
3519 905 3707 958 τοσοῦ-

2107 1024 2222 1062 ·τον
2251 1009 2416 1075 ἔγνω,
2452 1007 2576 1059 ὅσον
2613 1004 2773 1058 ἄλλου
2792 1002 2866 1072 μὴ
2898 1001 2956 1054 τὸ
2979 1000 3091 1052 ἴσον
3113 996 3516 1067 ἐλλαμφθέντος
3535 998 3710 1066 φανῆ-

2133 1114 2220 1151 ναι
2259 1096 2610 1164 φωτοειδέστε
2621 1111 2710 1164 ρος
2732 1108 2748 1125 ο
2772 1093 2867 1146 καὶ
2884 1091 2944 1145 τὸ
2962 1087 3325 1158 ὑπερϐάλλον,
3358 1087 3563 1140 τέλειον
3595 1088 3709 1138 ἔνου

2139 1190 2329 1259 μισθη,
2359 1189 2417 1242 οὐ
2469 1189 2535 1258 τῇ
2591 1186 2840 1257 ἀληθείᾳ,
2869 1187 2935 1255 τῇ
2967 1183 3021 1236 δὲ
3051 1181 3146 1236 τοῦ
3204 1179 3434 1249 πλησίον
3487 1179 3718 1247 δυνάμει

2132 1277 2692 1352 παραμετρούμενον.

457 1401 552 1464 sit,
589 1414 747 1466 quam
779 1397 868 1466 qui
907 1393 1082 1447 minus
1128 1389 1346 1442 luminis
1379 1386 1636 1440 divinitus
1672 1382 1900 1452 accepit.
1949 1379 2024 1435 Ita
2065 1379 2447 1448 exsuperautia
2503 1378 2651 1441 haec,
2685 1373 2922 1445 perfecta
2983 1371 3225 1442 cognitio
3271 1370 3578 1425 exrstimata
3614 1377 3719 1433 est,

459 1511 570 1550 non
609 1495 674 1550 ad
709 1493 784 1547 rei
817 1490 982 1561 ipsius
1015 1486 1317 1548 veritatem,
1347 1481 1443 1537 sed
1475 1483 1542 1536 ad
1568 1480 1797 1535 aliorum
1839 1475 2114 1532 modulum
2149 1485 2204 1529 et
2245 1472 2559 1528 facultatem
2587 1483 2877 1540 perpensa.

536 1589 801 1659 Quocirca
892 1584 1038 1641 Eoos
1115 1580 1332 1652 quidem
1419 1591 1571 1646 spem
1648 1575 1836 1631 habuit
1911 1573 2029 1629 fore

458 1697 514 1739 nt
557 1684 840 1746 Dominum
876 1681 1152 1733 invocaret
1196 1676 1217 1705 ³
1248 1689 1262 1725 :
1291 1670 1380 1724 ubi
1412 1667 1560 1722 vides
1584 1679 1734 1734 spem
1770 1664 2033 1717 duntaxat

455 1779 511 1830 in
538 1792 603 1830 co
636 1771 867 1833 laudari,
895 1781 1125 1834 eamque
1169 1779 1273 1818 non
1301 1757 1648 1829 cognitionis,
1683 1755 1778 1810 sed
1813 1755 2031 1807 invoca-

461 1867 641 1921 tionis.
682 1863 864 1918 Enoch
907 1869 1106 1920 antem,
1169 1852 1414 1922 quamvis
1452 1848 1743 1902 translatus
1790 1844 1954 1898 fuerit
1984 1846 2032 1908 ³,

2206 1571 2306 1624 Διά
2367 1569 2527 1622 τοῦτο
2623 1565 2789 1629 Ἐνὼς
2853 1563 2954 1636 μὲν
3034 1563 3270 1634 ἦλπισεν
3343 1556 3726 1614 ἐπικαλεῖσθαι

2137 1663 2228 1717 τὸν
2262 1662 2484 1732 Κύριονσ
2514 1659 2670 1722 ἐλπὶς
2693 1658 2752 1711 τὸ
2784 1654 3220 1726 κατορθούμενον
3248 1648 3339 1724 ἦν,
3363 1651 3632 1706 καὶτοῦτο
3659 1652 3720 1704 ού

2137 1753 2409 1823 γνώσεως,
2439 1751 2552 1805 ἀλλ’
2579 1749 2942 1820 ἐπικλήσεως.
2985 1745 3158 1815 Ἑνὼχ
3193 1744 3248 1797 δὲ
3296 1742 3558 1813 μετετέθη
3600 1741 3722 1812 μὲν,

2135 1844 2289 1898 οὔπω
2318 1844 2376 1898 δὲ
2415 1844 2593 1914 δῆλον,
2622 1844 2670 1896 εί
2697 1841 2832 1894 Θεοῦ
2865 1839 3026 1908 φύσιν
3071 1834 3402 1907 περιλαϐὼν,
3434 1833 3469 1904 ἦ
3495 1831 3723 1903 περιληο

457 1958 700 2013 nondum
741 1964 922 2007 tamen
960 1956 1210 2011 constat,
1251 1960 1316 1998 an
1363 1943 1451 1996 Dei
1504 1950 1753 1994 naturam
1794 1948 2038 2003 compre-

2147 1934 2391 2006 i/épsvog.
2425 1935 2530 1988 Τοῦ
2559 1934 2615 1987 δὲ
2636 1933 2780 1997 Νῶε,
2813 1929 2978 1985 καλὸν
3011 1930 3044 1999 ἡ
3086 1927 3467 1998 εὐαρέστησις,
3499 1921 3594 1976 τοῦ
3630 1924 3726 1976 καὶ

464 2047 750 2111 henderit,
802 2053 894 2098 aut
941 2038 1441 2109 comprehensurus
1489 2034 1578 2086 sit.
1625 2031 1744 2085 Jam
1790 2029 1919 2093 Noe,
1952 2025 2038 2081 cui

461 2139 610 2194 orbis
657 2135 896 2190 universi
949 2133 1017 2186 ab
1071 2145 1336 2200 aquarum
1397 2123 1640 2196 periculo
1680 2117 2041 2176 conservandi

462 2245 593 2285 cura
637 2227 842 2282 credita
893 2235 976 2279 est
1013 2227 1062 2286 ⁸,
1095 2222 1176 2276 vel
1222 2219 1398 2289 potius
1447 2216 1596 2270 orbis
1649 2215 1856 2267 semina
1895 2226 2042 2266 com-

465 2322 652 2382 missa,
673 2319 866 2386 exiguo
894 2315 1036 2383 ligno
1059 2311 1317 2366 diluvium
1344 2307 1602 2376 fugientia
1646 2306 1689 2368 ⁸,
1720 2303 1847 2357 hinc
1867 2300 2040 2356 solum

467 2413 674 2466 laudem
693 2420 1020 2464 consecutus
1043 2414 1144 2468 est,
1169 2401 1309 2470 quod
1337 2401 1446 2454 Deo
1493 2407 1676 2467 gratus
1706 2406 1759 2449 et
1789 2401 2044 2461 acceptus

469 2505 678 2559 fuisset.
712 2502 936 2570 Magnus
974 2485 1134 2567 pdrro
1167 2497 1252 2550 ille
1295 2493 1606 2565 patriarcha
1638 2489 1935 2550 Abraham,
1975 2500 2044 2539 ex

469 2598 575 2654 lide
601 2595 819 2664 quidem
870 2592 1197 2660 jnstiticatns
1227 2601 1309 2642 est
1349 2590 1396 2650 ⁸,
1435 2601 1495 2639 ac
1522 2599 1713 2638 novam
1753 2590 1806 2633 ct
1834 2578 2043 2634 inaudi-

472 2702 579 2742 tam
617 2685 910 2748 victimam,
945 2696 1259 2750 magnmqne
1289 2678 1432 2731 illius
1482 2677 1707 2744 ﬁguram
1744 2679 2043 2742 gerentem,

469 2779 662 2834 obtulit
701 2777 721 2808 ⁷
754 2795 766 2829 :
801 2787 855 2830 at
891 2777 1053 2829 Deum
1103 2790 1205 2827 non
1255 2781 1312 2822 ut
1347 2771 1509 2823 Deum
1535 2764 1832 2833 conspexit,
1861 2761 1952 2816 sed
1989 2768 2048 2814 ut

471 2872 743 2925 hominem
781 2869 911 2922 aluit
950 2870 1017 2930 3;
1057 2881 1120 2918 ac
1162 2863 1387 2934 proinde
1451 2860 1699 2924 laudatus
1739 2867 1840 2919 est,
1879 2854 2041 2924 quod,

472 2973 730 3030 quantum
792 2958 1054 3028 pert-epit,
1103 2966 1312 3009 tantmn
1359 2967 1576 3021 quoque
1618 2957 1906 3003 veneratus
1940 2953 2040 3000 est.

478 3052 612 3105 Nam
681 3051 809 3119 quid
869 3049 936 3101 de
977 3046 1143 3102 Jacoh
1180 3046 1378 3107 dicam,
1433 3041 1526 3111 qui
1586 3040 1713 3093 licet
1760 3036 2046 3092 sublimem

480 3145 768 3216 quamdam
792 3142 1020 3204 scalam,
1047 3149 1101 3194 et
1126 3137 1482 3192 ascendentes
1515 3132 1730 3202 angelos
1757 3130 1810 3182 in
1843 3124 2048 3184 somnis

2137 2028 2342 2098 κόσμον
2373 2025 2494 2080 ὅλον
2517 2024 2576 2090 ἐξ
2609 2025 2813 2078 ὑδάτων
2841 2018 3213 2075 διασώσασθαι
3242 2015 3646 2078 πιστευθέντος,
3691 2014 3724 2083 ἦ

2141 2117 2348 2188 κόσμου
2379 2116 2691 2187 σπέρματα,
2715 2113 2855 2184 ξύλῳ
2883 2111 3064 2184 μικρῷ
3087 2109 3343 2180 φεύγοντι
3481 2105 3582 2174 τὴν
3607 2104 3728 2157 ὲπί-

2139 2206 2350 2261 κλυσιν.
2392 2205 2643 2277 Ἀϐραὰμ
2667 2205 2723 2257 δὲ
2753 2201 3046 2272 ἐδικαιώθη
3067 2201 3166 2272 μὲν
3193 2201 3257 2253 ὲκ
3287 2199 3545 2260 πίστεως,
3572 2198 3601 2249 ὁ
3630 2195 3729 2267 μέ-

2139 2317 2243 2369 γας
2283 2297 2648 2370 πατριάρχης,
2681 2297 2774 2349 κα)⁸
2805 2295 2920 2348 θύει
2948 2294 3137 2348 θυσίαν
3162 2290 3339 2364 ξένην,
3368 2289 3464 2344 καλ⁸
3490 2288 3592 2358 τῆς
3624 2303 3724 2357 μευ

2141 2391 2315 2460 γάλης
2366 2391 2675 2443 ἀντίτυπον·
2713 2388 2846 2441 Θεὸν
2897 2387 2954 2440 δὲ
2999 2386 3099 2456 οὐχ
3137 2384 3213 2448 ὼς
3253 2383 3386 2436 Θεὸν
3418 2378 3580 2446 εἶδεν,
3609 2378 3726 2433 ἀλλ’

2141 2483 2218 2547 ὼς
2247 2483 2532 2552 ἄνθρωπον
2580 2481 2797 2552 ἔθρεψε,
2830 2481 2923 2534 καί¹
2971 2478 3230 2553 ἐπῃνέθη,
3267 2474 3554 2538 σεϐασθεὶς
3600 2473 3728 2527 ὅσον

2144 2576 2463 2632 κατέλαϐεν.
2512 2574 2705 2630 Ἰακὼϐ
2734 2575 2811 2639 δὲ,
2847 2574 3092 2644 κλίμακα
3119 2571 3218 2641 μὲν
3247 2568 3458 2640 ὑψηλὴν
3493 2565 3727 2635 ἐφαντά-

2145 2668 2247 2737 σθη
2274 2667 2415 2732 τινὰ,
2460 2665 2552 2719 καὶ
2581 2664 2828 2734 ἀγγέλων
2877 2663 3086 2728 ἄνοδον,
3127 2661 3224 2714 καὶ
3266 2658 3469 2730 στήλην
3515 2656 3732 2724 ἀλείφει

2147 2758 2420 2831 μυστικῶς
2462 2757 2620 2828 (ἴσως
2662 2757 2748 2808 ἵνα
2787 2755 2878 2808 τὸν
2919 2755 3058 2826 ὑπὲρ
3083 2751 3242 2824 ἡμῶν
3269 2749 3558 2820 ἀλειφέντα
3585 2747 3734 2800 λίθον

2150 2851 2564 2924 παραδηλώσῃ),
2621 2849 2714 2908 και
2752 2845 2900 2912 οἶκος
2927 2845 3062 2901 Θεοῦ
3229 2844 3381 2914 τόπῳ
3416 2841 3523 2896 τινὶ
3559 2856 3734 2913 προσ-

2144 2943 2370 3014 ηγορίαν
2393 2942 2625 3004 δίδωσιν,
2648 2942 2728 3003 είς
2772 2939 2938 3010 τιμὴν
2970 2938 3063 2991 τοῦ
3092 2935 3370 3007 ὀφθέντος,
3401 2931 3497 2987 καὶ
3534 2931 3614 2996 ὡς
3642 2932 3737 2984 ἀν-

2147 3031 2348 3104 θρώπῳ
2368 3031 2445 3102 τῷ
2465 3031 2585 3102 Θεῷ
2607 3029 2994 3102 προσπαλαίει,
3022 3028 3056 3099 ἦ
3087 3027 3170 3091 τίς
3192 3027 3324 3080 ποτέ
3347 3027 3494 3080 ἐστιν
3517 3025 3550 3096 ἡ
3587 3023 3736 3094 πάλη

2147 3123 2280 3176 Θεοῦ
2321 3123 2458 3194 πρὸς
2497 3121 2804 3193 ἄνθρωπον,
2840 3120 2872 3192 ἢ
2909 3119 3052 3189 τάχα
3093 3119 3191 3189 τῆς
3217 3114 3564 3187 ἀνθρωπίνης
3603 3115 3737 3185 ἀρε-

476 3234 824 3304 conspicatus
857 3231 928 3286 sit
964 3235 985 3267 ⁹
1007 3271 1020 3294 ,
1054 3246 1117 3286 ac
1155 3228 1458 3284 columnam
1496 3240 1600 3279 non
1637 3225 1752 3276 sine
1792 3215 2042 3291 mysterio

2147 3214 2246 3286 τῆς
2289 3215 2424 3286 πρὸς
2453 3213 2586 3266 Θεὸν
2612 3212 2986 3278 ἀντεξέτασις,
3020 3211 3116 3264 καὶ
3157 3207 3400 3280 σύμϐολα
3433 3207 3528 3278 τῆς
3555 3205 3739 3276 πάλης

477 3325 708 3396 quodam
740 3322 1233 3388 unxeritilortasse
1273 3326 1333 3372 ut
1363 3315 1591 3385 lapidem
1629 3311 1818 3367 salutis
1853 3315 2050 3362 nostra

475 3433 640 3472 causa
685 3426 907 3470 unctum
975 3409 1358 3483 significaret),
1398 3416 1561 3476 atque
1612 3404 1666 3458 in
1711 3401 1850 3469 ejus,
1891 3411 2048 3466 quem

478 3515 878 3578 conspexerat,
931 3505 1223 3568 honorem,
1281 3500 1398 3554 loco
1446 3495 1658 3552 cuidam
1705 3493 1894 3546 domus
1953 3485 2048 3541 Dei

475 3609 892 3672 cognomentum
935 3593 1273 3666 imposuerit,
1308 3606 1372 3646 ac
1421 3605 1542 3645 cum
1593 3587 1702 3640 Deo
1736 3581 1888 3652 quasi
1930 3593 2051 3633 cum

481 3669 699 3749 homine
729 3691 932 3745 luctatn
973 3687 1178 3752 inierit,
1206 3695 1542 3755 quaecunque
1584 3678 1800 3732 tandem
1836 3672 1926 3728 illa
1956 3669 2053 3726 Dei

457 3801 602 3851 cum
632 3783 852 3838 homine
889 3782 1034 3836 lucta
1066 3793 1186 3834 esse
1228 3784 1412 3846 queat.
1449 3772 1544 3828 His
1568 3770 1714 3825 enim
1740 3764 1920 3821 verbis
1943 3762 2054 3816 for-

475 3891 624 3934 tasse
651 3876 785 3932 nihil
831 3876 980 3931 aliud
1029 3875 1324 3936 indicatur,
1348 3883 1507 3938 quam
1551 3866 1797 3920 humana:
1838 3857 2054 3913 virtutis

479 3984 603 4023 cunt
639 3967 818 4022 divina
846 3964 1204 4034 comparatio,
1233 3958 1500 4029 luctaaq'ue
1539 3957 1714 4024 signa,
1745 3966 1864 4022 quae
1898 3963 2052 4004 crea-

2148 3309 2242 3361 ὲπὶ
2293 3307 2386 3360 τοῦ
2423 3305 2672 3377 σώματος
2725 3306 2900 3376 φέρει,
2963 3303 3060 3375 τὴν
3096 3303 3265 3374 ἧτταν
3297 3298 3740 3374 παραδεικνύντα

2149 3399 2250 3470 τῆς
2302 3400 2566 3470 γεννητῆς
2729 3397 2965 3467 φύσεως,
2990 3397 3085 3449 καὶ
3119 3391 3279 3448 ἆθλον
3323 3391 3610 3456 εὐσεϐείας
3640 3391 3741 3462 τὴν

2156 3488 2454 3560 μεταϐολὴν
2475 3488 2572 3558 τῆς
2589 3486 2960 3558 προσηγορίας
2981 3484 3268 3556 λαμϐάνει,
3290 3478 3740 3554 μετονομασθεὶς,

2153 3581 2276 3636 ἀντὶ
2320 3578 2533 3642 Ἰακὼϐ,
2577 3577 2814 3649 Ἰσραὴλ,
2867 3576 3022 3630 τοῦτο
3049 3577 3114 3648 δὴ
3159 3575 3220 3630 τὸ
3257 3575 3399 3647 μέγα
3428 3575 3524 3628 καὶ
3552 3574 3743 3644 τίμιον

2152 3673 2344 3743 ὄνομα
2380 3674 2556 3725 έκεῖνο
2602 3671 2679 3735 δὲ,
2721 3668 2847 3723 οὔτε
2883 3669 3064 3735 αὐτὸς,
3094 3667 3219 3722 οὔτε
3267 3684 3351 3731 τις
3383 3666 3522 3738 ὑπὲρ
3576 3665 3744 3720 αὑτὸν

2159 3766 2324 3838 μέχρι
2364 3766 2602 3835 σήμερον
2659 3763 3002 3834 ἐκαυχήσατο
3032 3760 3142 3814 τῶν
3169 3759 3377 3814 δώδεκα
3414 3757 3622 3828 φυλῶν,
3667 3750 3746 3811 ὧν

2157 3859 2340 3929 πατὴρ
2401 3853 2490 3927 ἦν,
2529 3857 2610 3908 ὅτι
2675 3853 2808 3908 Θεοῦ
2876 3853 3038 3922 φύσιν
3087 3852 3121 3922 ἢ
3169 3851 3292 3922 ὄψιν
3333 3849 3468 3927 ὃλην
3522 3848 3746 3922 ἐχώρη-

2158 3969 2280 4006 σεν.

487 4066 594 4108 tam
643 4067 890 4109 naturam
930 4013 1127 4108 victam
1196 4063 1317 4103 esse
1366 4013 1734 4107 ostenderent,
1801 4041 1857 4094 in
1909 4052 2132 4108 corpore
2170 4036 2377 4104 tulerit,
2418 4049 2482 4090 ac
2534 4032 2767 4102 denique
2815 4043 2912 4098 pro
2968 4023 3186 4098 pietatis
3231 4017 3454 4091 prmmio
3502 4013 3748 4069 nommls

487 4147 966 4198 crmnuutationetn
1023 4139 1330 4210 acceperit,
1391 4151 1490 4204 pro
1540 4134 1705 4189 Jacoh
1765 4131 2057 4202 nimirum,
2102 4143 2298 4199 magno
2333 4126 2423 4182 illo
2475 4136 2530 4180 et
2571 4119 3023 4180 eximiolsraelis
3084 4115 3303 4172 nomine
3366 4116 3746 4178 nuncupatus;

487 4238 592 4291 hoc
640 4244 816 4290 tamen
857 4249 955 4288 nec
1001 4234 1134 4303 ipse,
1180 4243 1280 4284 nec
1314 4228 1599 4297 quisquam
1646 4239 1711 4278 eo
1753 4201 2058 4287 sublimior,
2101 4221 2168 4276 ad
2196 4212 2339 4276 hunc
2363 4232 2543 4288 usque
2575 4217 2716 4273 diem
2743 4215 2797 4269 in
2834 4211 3089 4268 omnibus
3145 4204 3429 4263 duodecim
3471 4201 3748 4261 tribubus,

482 4342 719 4396 quarum
757 4337 910 4395 pater
937 4323 1163 4388 exstitit,
1192 4319 1412 4390 gloriari
1461 4315 1854 4386 magniﬁceque
1916 4312 2214 4384 pragdieare
2268 4311 2462 4382 potuit,
2521 4323 2580 4365 se
2631 4316 2796 4363 totam
2847 4306 2942 4359 Dei
3009 4311 3260 4357 naturam
3328 4297 3510 4352 animo
3549 4309 3748 4363 peree-

483 4433 650 4490 pzsse.

743 4514 852 4571 Nec
897 4529 1025 4568 vero
1071 4513 1221 4576 Elite,
1247 4511 1330 4567 vel
1376 4512 1601 4581 spiritus
1635 4512 1944 4580 vehemens,
1974 4513 2058 4572 vel

484 4609 650 4678 ignis,
688 4609 768 4662 vel
803 4617 966 4662 terra:
1015 4606 1320 4669 concussio,
1443 4609 1505 4655 ut
1625 4605 1864 4659 historiae
1889 4619 2062 4660 sacra:

484 4699 848 4754 monumentis
873 4697 1142 4766 proditum
1175 4707 1278 4763 est,
1315 4695 1408 4750 sed
1447 4711 1576 4749 aura
1608 4699 1849 4766 quaedam
1883 4698 2059 4752 tenuis

485 4791 582 4846 Dei
615 4791 979 4856 praesentiam,
1006 4803 1110 4841 non
1145 4796 1325 4840 autem
1363 4796 1613 4840 naturam
1647 4788 1838 4855 ipsam,
1867 4787 2054 4841 adum-

484 4884 744 4936 hravit”.
779 4881 953 4952 Ipsum
1006 4881 1177 4934 Eliam
1231 4880 1372 4942 dico,
1423 4892 1579 4946 quem
1625 4879 1812 4947 igneus
1845 4893 2054 4947 quoque

482 4993 678 5029 currus
724 4977 773 5028 iu
838 4975 1030 5028 caelum
1079 4972 1348 5036 evexit“,
1380 4971 1709 5039 signiﬁcans,
1746 4979 1803 5023 ut
1844 4971 2052 5038 opinor,

485 5071 814 5138 singularem
843 5067 1135 5136 quamdam
1188 5063 1424 5118 hominis
1457 5062 1735 5126 virtutem,
1773 5071 1933 5132 atque
1958 5063 2058 5117 htt-

487 5175 704 5212 mannm
738 5156 1014 5225 fastigium
1051 5156 1423 5209 excedentem.
1457 5154 1636 5220 Quid?
1668 5155 1780 5209 Non
1819 5164 1869 5210 te
1891 5156 2054 5226 judex

483 5251 572 5304 ille
611 5247 826 5312 Manue,
872 5263 936 5301 ae
983 5246 1174 5300 Petrus
1216 5245 1511 5314 apostolus,
1554 5247 1911 5300 admiratione
1945 5246 2056 5299 alli—

483 5341 676 5396 ciunt?
722 5340 962 5405 Quorum
1006 5338 1144 5392 alter
1187 5353 1254 5391 ne
1289 5349 1637 5407 constiectntn
1675 5340 1890 5410 quidem
1935 5339 2050 5405 Dei,

484 5452 579 5504 per
625 5433 913 5500 imaginem
959 5429 1060 5499 ipsi
1105 5430 1464 5499 obversantis,
1517 5431 1656 5486 ferre
1706 5439 1937 5501 poterat,
1991 5447 2052 5486 ac

563 5543 580 5573 ¹
609 5543 624 5594 1
657 5541 780 5596 Cor.
813 5557 929 5605 xm,
968 5542 1054 5596 l2.
1133 5545 1152 5575 ¹
1182 5544 1318 5599 Gen.
1352 5559 1426 5610 tv,
1464 5545 1555 5600 26.
1636 5550 1655 5580 ³
1687 5546 1822 5602 Gen.
1858 5547 2022 5607 v.24.

490 5615 566 5678 ὃς
606 5611 768 5692 Rom.
802 5615 977 5692 ita}.
1056 5614 1075 5644 ⁷
1104 5612 1242 5692 Gen.
1278 5632 1367 5670 χιι
1393 5631 1432 5681 ι,
1469 5617 1502 5669 ‘2
1536 5633 1690 5688 seqq.

491 5699 648 5754 Seqq.
730 5684 767 5714 “
801 5682 865 5738 μ’
894 5683 1023 5753 lteg.
1071 5700 1132 5751 ιι,
1170 5686 1257 5741 tt.

2099 5547 2122 5580 ⁸
2154 5548 2289 5601 Gen.
2325 5563 2402 5611 vt,
2446 5547 2510 5601 15
2542 5563 2695 5616 seqq.

1765 5619 1786 5648 ⁸
1818 5619 1929 5673 ϐου
1988 5634 2140 5685 xvm,
2176 5620 2209 5672 2
2256 5633 2409 5689 seqq.
2511 5619 2530 5648 ⁰
2557 5616 2697 5672 Gen.
2737 5633 2932 5675 xxvnl.
2973 5619 3062 5673 12.

2372 4507 2526 4578 Ἠλίᾳ
2569 4507 2647 4573 δὲ,
2677 4505 2800 4560 οὔτε
2834 4503 3052 4577 πνεῦμα
3090 4506 3282 4576 βίαιον,
3313 4507 3438 4562 οὔτε
3473 4508 3610 4580 πῦρ,
3631 4509 3759 4564 οὔτε

2169 4600 2514 4668 συσσεισμὸς,
2561 4598 2634 4661 ὡς
2676 4599 2773 4668 τῆς
2802 4599 3041 4670 ἱστορίας
3093 4598 3334 4662 ἀκούεις,
3381 4599 3498 4653 ἀλλ’
3537 4602 3571 4670 ὴ
3609 4601 3761 4672 αὖρα

2163 4711 2244 4756 τις
2269 4693 2422 4761 ὀλίγη
2447 4691 2546 4760 τὴν
2567 4691 2660 4746 τοῦ
2676 4691 2807 4744 Θεοῦ
2833 4692 3154 4764 παρουσίαν,
3182 4690 3479 4756 καὶταῦτα,
3499 4693 3559 4745 ού
3587 4694 3759 4761 φύσιν

2161 4785 2624 4855 ὲσκιαγράιρησεν.
2660 4785 2817 4856 Ἠλίᾳ
2840 4786 2977 4846 τίνι;
3025 4785 3083 4837 ὃν
3108 4785 3201 4836 καὶ
3238 4785 3390 4854 ἆρμα
3435 4785 3610 4853 πυρὸς
3665 4787 3761 4838 ἀν-

2165 4880 2284 4945 άγει
2332 4879 2468 4948 πρὸς
2492 4877 2738 4947 οὐρανὸν,
2770 4876 2962 4945 δηλοῦν
2991 4874 3083 4927 τοῦ
3130 4875 3338 4928 δικαίου
3373 4875 3432 4927 τὸ
3468 4876 3608 4945 ὑπὲρ
3655 4876 3755 4929 ἄν·

2165 4971 2396 5040 θρωπον.
2430 4967 2629 5022 Μανιοὲ
2663 4967 2716 5020 δὲ
2747 4967 2836 5018 τὸν
2868 4965 3054 5038 κριτὴν
3095 4966 3380 5036 πρότερον,
3417 4966 3510 5018 καὶ
3533 4966 3752 5038 Πέτρον

2163 5061 2250 5113 τὸν
2286 5060 2529 5130 μαθητὴν
2565 5059 2810 5129 ὕστερον,
2841 5058 2954 5120 πῶς
2999 5057 3059 5108 ού
3084 5055 3465 5126 τεθαύμακας;
3503 5056 3596 5108 τὸν
3649 5057 3754 5127 μὲν

2161 5151 2281 5204 οὐδὲ
2315 5151 2436 5220 rem
2484 5151 2717 5220 φέροντα
2765 5148 2856 5201 τοῦ
2894 5149 3286 5216 φαντασθέντος
3323 5146 3477 5212 Θεοῦ,
3508 5149 3609 5201 καὶ
3665 5151 3758 5204 διὰ

2160 5243 2336 5306 τοῦτο,
2383 5242 2811 5311 Blaesianum-2r,
2841 5235 2886 5294 ὦ
2930 5241 3126 5310 τῦναι,
3168 5240 3412 5309 λέγοντα,
3449 5240 3600 5293 Θεδι·
3639 5241 3750 5293 ἑωο

2154 5336 2445 5404 ράκαμεν,
2490 5335 2564 5398 ὡς
2601 5334 2661 5386 οὐ
2706 5332 2959 5404 χωρητῆς
3015 5332 3180 5402 οὔσης
3232 5332 3560 5404 ἀνθρώποις,
3621 5332 3754 5386 οὐδὲ

2162 5427 2458 5498 φαντασίας
2487 5427 2654 5488 θείας,
2690 5425 2761 5496 μὴ
2801 5426 2881 5478 ὅτι
2909 5442 2972 5493 γε
3011 5425 3242 5494 φύσεωςο
3287 5426 3377 5478 τὸν
3412 5425 3469 5477 δὲ
3506 5424 3603 5477 καὶ
3657 5425 3754 5477 τὸν

2772 5547 2963 5603 ⁸.(ἳοιι.
3005 5551 3130 5615 tx,i
3169 5564 3323 5614 seqq.
3427 5550 3446 5581 ⁸
3474 5548 3618 5605 Gen.
3659 5565 3754 5612 xv,

3176 5622 3218 5652 ‘°
3244 5620 3309 5674 lll
3365 5620 3499 5691 Reg.
3538 5619 3751 5686 ius,”
