3984 6614
262 484 340 548 169
1181 475 1559 532 PANOJ'LIA
1603 475 2066 532 DOGMA'I‘ILIA.
2103 497 2169 506 —
2197 477 2342 532 ‘t't'l‘.
2385 476 2476 532 tv.

3355 469 3454 530 170

249 585 528 654 ,φαινόμενον
553 581 784 654 Χριστὸν
809 581 886 653 τῷ
929 583 1097 655 πλοίῳ
1149 586 1222 656 μὴ
1270 583 1648 658 προσιέμενον,
1690 586 1782 640 καὶ

1900 573 2112 629 ποίιιὰο
2147 573 2361 656 dicebat
2391 593 2405 632 :
2431 575 2716 646 Periimus,
2747 594 2902 645 uxor,
2945 583 3110 636 Deum
3137 582 3366 637 vidimus
3417 582 3458 647 ',

254 679 322 731 διὰ
339 674 474 730 τοῦτο
505 675 985 747 ἀποπεμπόμενονο
1011 678 1250 747 καίτοιγε
1292 678 1620 750 θερμότερος
1675 679 1786 733 τῶν

1900 678 2142 734 :anquam
2190 667 2435 723 videlicet
2502 669 2773 736 homines,
2825 690 2890 727 ne
2940 674 3105 728 divini
3157 677 3374 745 quidem
3408 679 3458 729 in

253 767 392 823 ἄλ>ων
419 767 491 829 είς
519 765 814 834 ἐπίγνωσιν
843 767 1075 838 Χριστοῦ
1127 769 1351 840 Πέτρος,
1386 770 1480 822 καὶ
1511 771 1598 824 διὰ
1629 770 1784 823 τοῦτο

256 859 659 932 μακαριζόμενος,
715 860 810 913 καὶ
861 860 929 913 τά
971 861 1202 931 μέγιστα
1257 863 1667 933 πιστευόμενος.
1718 862 1782 914 Τί

251 953 287 1004 δ’
308 951 360 1005 ἂν
382 951 542 1012 είποις
567 951 696 1021 περὶ
739 951 984 1016 Ἡσαΐου,
1013 953 1106 1006 καὶ
1135 951 1393 1025 Ἰεζεχιὴλ
1429 953 1522 1007 τοῦ
1551 953 1659 1006 τῶν
1689 971 1785 1024 με-

251 1042 410 1110 γίστων
453 1041 706 1104 ὲπόπτου,
733 1041 827 1094 καὶ
864 1041 973 1094 τῶν
1029 1041 1231 1096 λοιπῶν
1259 1044 1584 1116 προφητῶνς
1629 1038 1703 1098 ὧν
1755 1046 1784 1097 ό

254 1136 328 1204 μὲν
349 1133 424 1185 τὸν
453 1131 651 1201 Κύριον
677 1132 939 1186 Σαϐϐαὼθ
1070 1131 1175 1188 εἶδε
1210 1135 1514 1207 καθήμενον
1546 1136 1638 1188 ἐπὶ
1663 1135 1786 1210 θρό-

251 1240 323 1275 νον
347 1220 501 1291 δόξης,
555 1219 649 1274 καὶ
694 1220 881 1276 τοῦτον
920 1223 1026 1276 ὑπὸ
1061 1223 1171 1276 τῶν
1206 1224 1587 1298 ὲξαπτερύγων
1627 1242 1787 1297 σερα-

251 1315 335 1382 sip
370 1310 738 1382 κυκλούμενον,
783 1313 878 1366 καὶ
916 1313 1260 1385 αἰνούμενον,
1298 1317 1394 1370 καὶ
1439 1317 1786 1388 ἀποκρυπτό-

253 1422 410 1475 μενον,
522 1404 711 1456 ὲαυτόν
741 1421 800 1457 τε
824 1404 904 1476 τῷ
962 1406 1196 1479 ἄνθρακι
1237 1407 1651 1480 καθαιρόμενον,
1693 1409 1787 1463 καὶ

250 1496 365 1566 πρὸς
387 1496 473 1566 τὴν
517 1496 856 1566 προφητείαν
893 1499 1369 1570 καταρτιςόμενον·
1416 1502 1446 1554 ὁ
1484 1500 1540 1554 δὲ
1587 1501 1683 1554 καὶ
1725 1499 1785 1553 τὺ

247 1589 400 1658 ὄχημα
441 1586 525 1640 τοῦ
571 1587 706 1640 Θεοῦ
758 1589 826 1642 τὰ
875 1590 1143 1662 χερουϐὶμ
1191 1591 1516 1664 διαγράφει,
1562 1594 1656 1647 καὶ
1692 1593 1784 1648 τὸν

248 1677 367 1748 ὐάρ
412 1676 580 1728 αὐτῶν
761 1676 969 1750 θρόνον,
1029 1681 1208 1736 καὶτὸ
1253 1683 1392 1756 ὑπὲρ
1452 1682 1615 1737 αὐτοῦ
1666 1701 1786 1737 στε-

247 1768 429 1838 ρέωμα,
479 1769 568 1822 καὶ
608 1769 700 1821 τὸν
743 1770 800 1822 ὲν
835 1770 912 1843 τῷ
963 1771 1307 1846 στερεώματι
1354 1774 1782 1847 φανταζόμενον,

246 1860 325 1912 καὶ
374 1859 539 1928 φωνὰς
573 1859 635 1930 δή
678 1878 854 1926 τινας,
908 1864 1001 1916 καὶ
1059 1865 1258 1937 ὁρμὰς,
1291 1867 1383 1920 καὶ
1424 1867 1684 1938 πράξεις·

1888 752 2124 824 imagine
2154 767 2498 828 conspectus,
2543 761 2738 814 nedum
2772 774 2979 818 naturzn
3016 766 3207 833 ipsius,
3237 781 3465 836 capaces

1887 843 1996 898 sint
2031 861 2045 896 :
2079 844 2217 899 alter
2248 847 2597 915 conspicuum
2637 853 2802 905 etiam
2851 853 3128 910 Christum
3159 857 3208 909 in
3240 857 3463 910 navicu-

1889 933 1994 989 lam
2025 935 2314 991 admittere
2329 940 2632 1003 recusabat,
2656 951 2818 1010 atque
2839 945 3120 1014 abiegabat
3168 950 3207 999 ².
3235 947 3385 1013 Quod
3399 964 3464 1002 eo

1889 1040 2104 1097 quoque
2127 1029 2423 1084 mirabilius
2446 1031 2614 1086 videri
2643 1034 2817 1100 debet,
2835 1040 2977 1104 quod
3005 1037 3144 1091 idem
3174 1039 3238 1092 ad
3260 1040 3470 1096 Christi-

1889 1120 2218 1188 agnitionem
2241 1121 2404 1176 animi
2431 1125 2624 1178 ardore
2639 1125 2772 1180 alios
2787 1129 3227 1197 anteibat,eoque
3252 1133 3464 1188 nomine

1891 1211 2078 1265 beatus
2094 1211 2415 1280 praedicatus
2435 1223 2515 1269 est
2563 1215 2606 1280 ³,
2632 1232 2826 1286 resque
2845 1222 3106 1274 maximas
3132 1223 3186 1275 in
3203 1223 3356 1277 ﬁdem
3377 1240 3464 1281 ac-

1890 1302 2053 1372 cepit.
2073 1302 2209 1370 Quid
2247 1303 2438 1361 lsaiam
2467 1316 2521 1360 et
2542 1306 2874 1364 Ezechielcm
2897 1327 3076 1366 rerum
3110 1313 3465 1370 niaximarum

1890 1402 2248 1462 spectatorem
2300 1397 2642 1469 reliquosque
2679 1404 2970 1471 prophetas
3015 1407 3465 1464 commemorem?

1891 1479 2128 1547 Quorum
2163 1485 2300 1541 alter
2328 1486 2613 1544 Dominum
2650 1491 2927 1548 Sabbaoth
2984 1495 3036 1550 in
3079 1497 3264 1567 gloria:
3317 1501 3463 1557 thro-

1892 1588 1962 1628 ne
1989 1576 2264 1632 sedentem
2299 1580 2431 1636 vidit
2491 1581 2532 1647 ⁸,
2563 1597 2793 1652 eumque
2824 1600 2853 1638 a
2884 1589 3156 1656 seraphim
3193 1591 3340 1662 senis
3372 1593 3464 1648 alis

1888 1666 2131 1736 praeditis
2157 1668 2208 1722 in
2225 1671 2409 1726 orbem
2427 1673 2661 1728 cinctum
2687 1691 2748 1730 ac
2769 1675 3046 1733 laudatum
3069 1690 3124 1734 et
3149 1691 3368 1746 tectum,
3388 1699 3470 1739 sc-

1891 1771 1998 1826 qne
2017 1757 2188 1827 ipsum
2207 1762 2442 1818 carbone
2467 1775 2871 1835 perpurgatum,
2888 1777 3050 1837 atque
3075 1769 3141 1823 ad
3164 1771 3469 1826 oheundmn

1891 1846 2186 1915 prejthetia:
2205 1863 2398 1905 munus
2411 1852 2754 1906 adornatum.
2775 1853 2924 1910 Alter
2941 1857 3244 1912 vehiculum
3261 1876 3471 1931 quoque

244 1955 324 2007 καὶ
355 1954 533 2018 ταῦτα,
581 1957 691 2010 εἴτε
751 1961 1023 2026 φαντασία
1183 1959 1251 2035 ἦν
1305 1934 1560 2038 ἡμερινὴ,
1607 1967 1786 2038 μόνους

1900 1934 1986 1991 Dei
2028 1937 2070 2004 ',
2105 1939 2206 1994 hoc
2251 1949 2356 2006 est,
2399 1941 2728 1999 cherubinos
2776 1945 3057 2012 describit,
3109 1951 3472 2021 thronumque

244 2045 464 2117 θεωρητὴ
490 2049 594 2110 τοῖς
622 2047 820 2116 ἁγίοις,
854 2051 963 2104 εἶτε
995 2054 1186 2118 νυκτὸς
1214 2054 1451 2128 ἀψευδὴς
1494 2057 1635 2127 ὄψις,
1675 2059 1786 2112 aloe

240 2136 318 2189 τοῦ
343 2138 648 2208 ἡγεμονικοῦ
678 2140 925 2207 τύπωσις
959 2147 1327 2219 συγγενομένη
1489 2151 1601 2213 τοῖς
1653 2149 1786 2219 μέλ-

240 2227 403 2282 λουσιν
442 2231 511 2293 ὡς
537 2233 824 2302 παροῦσιν,
858 2235 971 2289 εἴτε
1018 2252 1072 2290 τι
1104 2237 1231 2292 ἄλλο
1273 2240 1610 2310 προφητείας
1649 2237 1787 2304 εἶδος

236 2319 536 2390 ἀπόρρητον,
572 2323 672 2376 οῦκ
704 2323 813 2394 ἔχω
836 2325 1036 2394 λέγειν·
1071 2327 1184 2382 ἀλλ’
1217 2324 1356 2383 οἶδεν
1378 2332 1408 2383 ό
1438 2330 1546 2383 τῶν
1577 2348 1788 2403 προφη-

235 2411 328 2466 τῶν
357 2413 494 2476 Θεὸς,
529 2413 620 2467 καὶ
645 2415 695 2468 οἱ
723 2416 1033 2472 τὰτοιαῦτα
1053 2420 1453 2492 ὲνεργούμενοι.
1489 2422 1634 2494 Πλὴν
1660 2422 1786 2476 οὗτε

235 2499 360 2558 οὗτοι
402 2506 522 2576 mp}.
571 2498 645 2560 ὧν
700 2509 728 2560 ὁ
785 2506 962 2575 λόγος,
1008 2509 1133 2563 οὔτε
1179 2528 1262 2575 τις
1317 2511 1471 2576 ἄλλος
1506 2512 1615 2567 τῶν
1666 2513 1786 2566 κατ’

237 2593 445 2657 αὐτοὺς,
612 2595 742 2667 ἔστη
795 2597 854 2651 ὲν
906 2598 1254 2671 ὑποστήματι
1471 2601 1568 2656 καὶ⁸
1628 2601 1788 2674 οὐσία

235 2685 440 2754 Κυρίου,
470 2686 604 2742 κατὰ
636 2687 699 2741 τὸ
751 2691 1161 2762 γεγραμμένον,
1211 2692 1332 2747 οὐδὲ
1368 2692 1504 2748 Θεοῦ
1555 2694 1716 2765 φύσιν
1751 2695 1783 2766 ἢ

234 2771 355 2827 εἶδεν
378 2775 409 2840 ἦ
453 2777 826 2849 ἐξηγόρευσεν.

1895 2028 2026 2095 ipsis
2067 2029 2442 2094 excelsiorem,
2481 2047 2656 2103 eoque
2699 2035 2992 2091 sublimius
3044 2038 3468 2108 ﬁrmamentum,

1894 2129 2056 2190 atque
2083 2123 2302 2193 insuper
2330 2139 2476 2191 eum,
2503 2127 2594 2195 qui
2637 2127 2688 2182 in
2730 2129 3075 2185 ﬁrmamento
3119 2145 3239 2188 sese
3288 2143 3471 2191 utcun-

1893 2229 1999 2282 que
2019 2219 2444 2285 conspicandum
2481 2221 2780 2290 praebebat,
2806 2239 3076 2294 vocesque
3106 2226 3272 2281 etiam
3301 2244 3468 2298 quas-

1893 2303 2038 2370 dam,
2079 2314 2133 2358 et
2164 2305 2416 2374 impetus,
2448 2317 2610 2378 atque
2646 2312 2922 2379 actiones;
2961 2313 3142 2384 idque,
3175 2317 3288 2371 sive
3319 2318 3467 2372 diur-

1895 2406 2021 2446 num
2065 2395 2334 2462 quoddam
2392 2398 2494 2452 hoc
2559 2410 2874 2470 spectrum,
2931 2404 3062 2458 solis
3108 2407 3468 2461 sanctissimis

1897 2482 2028 2537 viris
2069 2487 2385 2554 spectabile,
2435 2489 2550 2544 sive
2597 2491 2822 2546 minime
2871 2492 3030 2548 fallax
3084 2496 3260 2550 noctis
3309 2498 3467 2558 visio.

1895 2573 2011 2630 sive
2045 2579 2241 2646 prtevia
2278 2580 2523 2648 qnmdam
2576 2584 2775 2638 mentis
2805 2585 3110 2655 impressio,
3145 2587 3322 2641 futura
3351 2597 3470 2642 tan-

1895 2683 2055 2736 quam
2097 2674 2383 2741 prasentia
2430 2677 2718 2740 exhibens,
2755 2678 2869 2731 sive
2901 2693 3157 2732 arcamun
3199 2679 3468 2748 quoddam

1900 2761 2046 2818 aliud
2086 2765 2384 2834 prophetia:
2428 2783 2619 2837 genus,
2675 2770 2858 2824 dicere
2897 2785 3142 2838 nequeo;
3180 2773 3326 2826 novit
3368 2773 3471 2828 hoc

236 2863 595 2933 prophetarum
621 2865 784 2930 Deus,
817 2873 871 2922 et
894 2865 987 2936 qui
1032 2864 1333 2937 lniptsmodi
1395 2862 1662 2919 aﬂlatibus
1731 2863 2022 2932 agitantur.
2085 2863 2350 2918 Caeterum
2379 2877 2552 2932 neque
2614 2863 2688 2929 hi,
2717 2861 2784 2917 de
2810 2861 3004 2932 quibus
3031 2859 3240 2930 loquor,
3299 2873 3472 2927 neque

239 2960 500 3031 quisquam
548 2960 686 3016 alius
723 2962 966 3033 ejusdem
1009 2963 1238 3027 ordinis,
1279 2963 1332 3016 in
1377 2960 1674 3017 substantia
1716 2969 1772 3014 et
1809 2958 2044 3013 essentia
2078 2958 2310 3023 Domini,
2354 2969 2410 3011 ut
2467 2956 2746 3028 Scriptura
2780 2955 3016 3026 loquitur
3082 2954 3130 3020 ‘,
3162 2953 3334 3017 stetit,
3370 2967 3470 3006 nec

244 3051 330 3108 Dei
366 3061 610 3108 naturam
666 3064 762 3110 aut
797 3055 954 3119 vidit,
987 3062 1079 3109 aut
1119 3053 1241 3108 aliis
1287 3052 1524 3124 prodidit
1549 3059 1603 3108 et
1631 3048 1907 3121 pall'fecil.

405 3139 609 3212 ,Παύλῳ
666 3138 744 3204 δὲ,
785 3139 834 3191 εί
893 3138 992 3208 μὲν
1060 3135 1270 3207 εκφορὰ

235 3232 378 3303 ἔσχεν
560 3233 588 3285 ό
630 3229 811 3302 τρίτος
853 3228 1102 3301 οὐρανὸς,
1139 3227 1233 3281 καὶ
1274 3227 1308 3297 η
1359 3225 1550 3296 μέγρις
1583 3225 1794 3280 ἐκείνου

234 3322 463 3392 πρόοδος,
491 3321 523 3392 ἢ
575 3320 861 3383 ἀνάδασις,
897 3319 930 3390 ἢ
981 3317 1268 3387 ἀνάληψις,
1302 3315 1442 3386 τάχα
1475 3315 1541 3368 ἄν
1568 3331 1620 3368 τι
1667 3316 1795 3388 περὶ

234 3413 358 3466 θεοῦ
391 3413 548 3466 πλέον
603 3411 869 3482 ἔγνωμεν,
906 3410 1066 3481 εἴπερ
1108 3408 1269 3462 τοῦτο
1299 3403 1367 3479 ἦν
1396 3407 1456 3460 τὸ
1485 3407 1584 3477 τῆς
1611 3408 1792 3477 ἁρπα-

233 3506 326 3576 γῆς
356 3507 664 3576 μυστήριον
707 3505 827 3557 ἐπεὶ
861 3503 917 3557 δὲ
948 3503 1162 3575 ἄρρητα
1194 3497 1282 3574 ἦν,
1308 3500 1402 3555 καὶ
1433 3502 1566 3571 ἡμῖν
1615 3501 1793 3571 σιωπῇ

232 3597 490 3667 τιμάσθω.
520 3595 786 3649 Τοσοῦτον
809 3594 866 3648 δὲ
892 3593 1216 3664 ἀκούσωμεν
1246 3591 1412 3647 αὑτοῦ
1465 3590 1676 3645 Παύλου
1704 3591 1788 3644 λέ-

233 3707 426 3758 γοντος,
466 3691 546 3743 ᾶτι
562 3692 661 3744 Ἐκ
683 3687 904 3758 μέρους
931 3685 1322 3757 γινώσκομεν,
1348 3684 1445 3738 καὶ
1471 3684 1539 3738 ἐκ
1574 3683 1795 3754 μέρους

233 3783 690 3851 προφητεύομεν.
734 3780 939 3840 Ταῦτα,
987 3777 1081 3832 καὶ
1111 3777 1180 3832 τὰ
1225 3776 1448 3830 τοιαῦτα
1477 3774 1728 3847 ὁμολογεῖ
1767 3778 1798 3830 ὁ

234 3875 302 3945 μὴ
333 3872 548 3942 ἰδιώτης
594 3873 694 3943 τὴν
726 3871 952 3940 γνῶσιν,
993 3873 1022 3925 ὁ
1065 3869 1294 3940 δοκιμὴν
1323 3867 1562 3923 ἀπειλῶν
1606 3865 1698 3920 τοῦ
1738 3867 1796 3919 ὲν

231 3965 371 4036 αὑτῴ
431 3963 718 4028 λαλοῦντος
774 3961 1034 4034 Χριστοῦ,
1094 3963 1123 4015 ό
1177 3961 1348 4032 μέγας
1393 3959 1494 4026 τῆς
1542 3957 1796 4029 ἀληθείας

230 4056 656 4129 προαγωνιστὴς,
697 4055 794 4109 καὶ
846 4053 1180 4118 διδάσκαλος.
1219 4052 1310 4106 Διὸ
1347 4051 1440 4105 καὶ
1617 4051 1798 4103 πᾶσαν

230 4149 320 4218 τὴν
359 4150 514 4202 κάτω
548 4147 748 4216 γνῶσιν
798 4146 951 4200 οὐδὲν
987 4146 1130 4217 ὑπὲρ
1183 4145 1252 4198 τὰ
1290 4143 1528 4214 ἔσοπτρα
1577 4142 1671 4196 καὶ
1728 4143 1796 4194 τὰ

230 4238 521 4309 αἰνίγματα
577 4237 804 4303 τίθεται,
860 4237 937 4302 ὡς
995 4238 1054 4291 ὲν
1117 4237 1332 4308 μικροῖς
1382 4235 1480 4306 τῆς
1539 4232 1798 4305 ἀληθείας

158 4359 164 4362 -
233 4329 520 4400 ἱσταμένην
568 4328 904 4400 ίνδάλμασιν.
938 4325 1000 4381 Εἰ
1038 4327 1094 4380 δὲ
1132 4327 1206 4398 μὴ
1251 4325 1368 4380 λίαν
1399 4324 1540 4378 δοκῶ
1567 4341 1678 4378 τισι
1700 4340 1799 4376 πε-

230 4420 405 4492 ριττδς
427 4421 524 4474 καὶ
549 4420 841 4492 περίεργος
869 4420 939 4474 τά
961 4419 1186 4474 τοιαῦτα
1208 4417 1494 4486 ἐξετάζων,
1521 4418 1639 4472 οὐδὲ
1664 4416 1797 4472 ἄλλα

1504 3135 1573 3206 ἢν
1636 3135 1782 3206 ἅπερ
1831 3142 1873 3198 C

2132 3127 2286 3194 Quod
2333 3131 2377 3185 si
2425 3131 2592 3187 Paulo
2643 3150 2728 3198 ea,
2769 3151 2888 3205 qua:
2935 3139 3153 3194 tertium
3193 3142 3389 3197 caelum
3433 3145 3473 3207 ’,

1905 3226 2069 3288 atque
2104 3221 2171 3274 ad
2217 3220 2345 3275 illud
2387 3237 2558 3291 usque
2599 3228 2930 3296 progressio,
2971 3229 3052 3283 vel
3087 3236 3356 3297 ascensio,
3391 3239 3473 3290 vel

1905 3313 2202 3382 assumptio
2254 3314 2520 3380 exhibuit,
2554 3319 2876 3373 mortalibus
2911 3322 3170 3391 evnlgare
3216 3326 3473 3392 licuisset,

1904 3404 2136 3473 amplius
2161 3406 2416 3474 quiddam
2642 3408 2878 3467 fortasse
2903 3413 2969 3468 de
2995 3413 3106 3470 Deo
3137 3419 3472 3486 cognovisse-

1905 3511 2046 3562 mus,
2073 3497 2120 3551 si
2145 3497 2304 3552 modo
2334 3514 2532 3555 arcana
2562 3501 2676 3557 ha‘c
2702 3518 2864 3560 causa
2896 3515 3035 3571 erat,
3065 3522 3163 3563 cur
3199 3511 3250 3563 iu
3281 3511 3473 3564 cmlum

1905 3598 2208 3657 raperetur.
2237 3590 2503 3656 Quoniam
2546 3604 2728 3649 autem
2759 3596 2874 3651 hate
2903 3599 2952 3652 ei
2989 3599 3043 3654 in
3072 3600 3263 3670 vulgus
3286 3603 3473 3658 eﬂerrc

1903 3679 2057 3736 nefas
2102 3692 2244 3748 erat,
2291 3682 2554 3739 faciamus
2603 3703 2702 3742 nos
2757 3702 2996 3760 quoque,
3034 3701 3092 3745 ut
3151 3707 3212 3746 ea
3262 3693 3478 3749 silentio

1902 3776 2364 3830 commendemus.
2395 3777 2573 3847 Atque
2603 3779 2705 3835 hoc
2745 3781 3005 3838 duntaxat
3046 3782 3477 3840 Paulnmdieen-

1907 3873 2013 3918 ιοση
2047 3866 2374 3922 audiamus:
2412 3867 2498 3922 Ea:
2540 3879 2688 3938 parte
2726 3875 3105 3943 cognoscimus,
3138 3887 3184 3931 et
3229 3893 3295 3932 ea:
3331 3888 3478 3947 parte

1902 3958 2268 4026 prop/telarum
2312 3959 2356 4014 ⁸.
2415 3959 2563 4027 Haec,
2612 3973 2777 4033 atque
2829 3965 3098 4036 ejusmodi
3151 3969 3308 4024 fateri
3371 3987 3476 4025 non

1905 4050 2113 4105 dubitat
2167 4051 2257 4108 ille
2323 4053 2550 4108 scientia
2611 4071 2954 4128 nequaquam
3022 4060 3340 4129 imperitus,
3389 4063 3478 4116 ille

1903 4141 2332 4209 experimentum
2397 4158 2455 4200 se
2530 4144 2782 4200 daturum
2884 4148 3143 4204 minitans
3207 4151 3478 4223 loquentis

1905 4231 1959 4284 in
2015 4245 2076 4286 se
2120 4231 2364 4300 Christi,
2435 4249 2696 4302 magnus,
2773 4237 3030 4308 inquam.
3084 4241 3175 4296 ille
3231 4243 3478 4298 veritatis

1916 4318 2288 4394 propugnator
2339 4336 2394 4380 et
2460 4327 2667 4383 doctor.
2735 4328 2920 4400 quue
2983 4337 3202 4390 nurnine
3261 4350 3476 4390 atumem

1903 4427 2116 4484 quoque
2139 4416 2430 4471 humanam
2460 4433 2523 4473 ac
2553 4427 2824 4476 terrenam
2849 4423 3130 4479 scientiam
3155 4426 3283 4480 nihil
3315 4443 3474 4497 supra

228 4511 343 4564 τινα
373 4511 536 4579 τυχὸν
559 4511 593 4578 ἢ
628 4511 802 4566 ταῦτα
827 4507 922 4576 ἦν,
968 4511 1002 4566 ἃ
1036 4512 1113 4581 μὴ
1163 4510 1420 4565 δύνασθαι
1469 4509 1564 4565 νῦν
1609 4507 1791 4577 βαστα-

1905 4502 2123 4572 specula
2173 4513 2229 4560 et
2276 4507 2562 4577 a‘nigmata
2611 4509 2632 4541 ’
2686 4525 2808 4567 esse
2862 4515 3074 4580 statuit,
3123 4524 3308 4584 utpote
3362 4533 3480 4584 qua:

228 4594 442 4666 χθῆναι,
495 4597 524 4648 ὁ
573 4597 746 4665 Λόγος
789 4596 950 4661 αὐτὸς
997 4600 1348 4672 ὑπῃνίσσετο,
1397 4601 1475 4666 ὥς

229 4687 716 4758 βασταχθησόμενα
738 4689 833 4742 xei.
859 4691 1339 4763 τρανωθησόμενα·
1389 4695 1482 4748 καὶ

229 4778 347 4848 μηδ’
374 4777 442 4830 ἂν
487 4777 647 4830 αὑτὸν
672 4776 964 4847 δυνηθῆναι
1014 4779 1261 4851 χωρῆσαι
1297 4781 1391 4835 τὸν

235 4868 491 4940 Ἰωάννης
521 4871 548 4923 ὁ
575 4869 668 4922 τοῦ
696 4868 867 4936 Λόγου
896 4869 1202 4943 πρόδρομος
1227 4909 1244 4939 ,

223 4961 478 5030 ἀληθείας
505 4960 674 5032 φωνὴ,
696 4959 993 5032 διωρίζετο.

1679 4619 1811 4658 ποτε
1911 4603 2053 4656 ultra
2079 4602 2273 4671 exigua
2308 4600 2552 4655 veritatis
2581 4598 2872 4655 simulacra
2905 4599 3124 4652 minime
3149 4613 3267 4652 sese
3301 4600 3478 4668 porri-

1667 4693 1814 4765 ἆπερ
1913 4705 2020 4764 gat.
2057 4694 2208 4761 Quod
2242 4693 2340 4748 nisi
2372 4707 2455 4746 me
2495 4691 2760 4762 quispiam
2791 4690 2844 4745 in
2882 4689 3040 4760 lmjus
3070 4689 3282 4761 generis
3317 4690 3476 4746 rebus

1558 4781 1764 4853 κόσμον
1794 4817 1811 4846 ,
1914 4785 2264 4855 exquirendis
2298 4783 2459 4838 nimis
2492 4784 2704 4837 curiose
2737 4790 2790 4837 et
2837 4795 3237 4852 supervacaneo
3271 4782 3474 4836 versari

1406 4875 1439 4944 ἡ
1467 4873 1676 4945 μεγάλη
1711 4874 1810 4943 τῆς
1916 4875 2208 4940 existimet,
2238 4873 2416 4929 dicere
2463 4887 2676 4942 quoque
2707 4887 2812 4926 non
2863 4886 3072 4936 verear,
3104 4887 3205 4928 nec
3226 4873 3328 4926 alia
3361 4875 3470 4942 qui-

1919 4967 2038 5020 dem
2085 4967 2334 5031 fortasse,
2387 4979 2548 5033 quam
2601 4965 2739 5026 haec,
2784 4977 2847 5017 ea
2883 4976 3024 5027 esse,
3070 4977 3190 5033 qua:
3232 4963 3481 5019 Christus

223 5053 331 5121 ipse
400 5052 604 5121 portari
650 5053 704 5106 in
769 5053 870 5108 hac
921 5055 1026 5109 vita
1069 5068 1227 5125 posse
1277 5055 1491 5122 negavit
1535 5055 1606 5122 ιο,
1642 5055 1789 5112 velut
1822 5056 2110 5126 aliquando
2144 5055 2424 5124 portanda,
2464 5062 2518 5109 et
2555 5052 2911 5118 declaranda;
2951 5062 3004 5106 et
3061 5067 3180 5124 qua:
3211 5053 3301 5109 ille
3321 5052 3478 5110 Verbi

219 5156 525 5212 praecursor
567 5143 838 5211 Joannes,
885 5155 940 5200 ct
994 5161 1187 5218 magna
1242 5148 1485 5205 veritatis
1515 5165 1640 5214 vox,
1674 5164 1742 5205 ne
1767 5164 1796 5204 a
1829 5149 2029 5204 mundo
2055 5149 2270 5219 quidem
2299 5147 2416 5218 capi
2447 5160 2605 5217 posse
2630 5145 2992 5211 pronuntiavit
3020 5144 3083 5200 “.

657 5277 762 5330 Ἐκ
795 5274 904 5330 τοῦ
934 5275 1123 5330 αὑτοῦ
1168 5278 1380 5347 λόγου.

286 5370 452 5426 Πᾶσα
508 5368 608 5440 μὲν
649 5367 743 5422 οὖν
787 5368 1037 5439 ἀλήθεια,
1081 5370 1173 5423 καὶ
1224 5371 1335 5432 πᾶς
1379 5368 1540 5438 λόγος
1585 5367 1812 5422 δυστέκο

225 5465 436 5534 μαρτός
478 5479 538 5515 τε
583 5462 679 5516 καὶ
715 5461 1126 5532 δυσθεώρητος⁸
1176 5462 1272 5516 καὶ⁵
1311 5457 1424 5516 οἷον
1461 5462 1678 5533 ὀργάνῳ
1720 5478 1812 5528 μι-

2402 5271 2487 5327 Ea:
2521 5271 2703 5328 eadem
2734 5275 2992 5329 oratione.

1986 5362 2187 5419 Verum
2215 5364 2360 5420 enim
2405 5377 2537 5419 vero
2593 5379 2720 5419 eum
2771 5365 2976 5422 veritas
3018 5365 3199 5419 omnis
3251 5373 3307 5420 et
3364 5363 3480 5420 dis-

1917 5457 2128 5526 putatio
2180 5455 2475 5528 plurimum
2527 5455 2862 5512 dilIieultatis
2912 5466 3076 5527 atque
3129 5455 3482 5512 obscuritatis

221 5556 339 5628 ιριῖι
389 5555 610 5625 μεγάλα
658 5553 1130 5625 δημιουργοῦμεν,
1174 5557 1241 5626 τῇ
1277 5554 1596 5626 ἀνθρωπίνῃ
1650 5554 1791 5625 σοφίς

1917 5551 2146 5617 habeat,
2188 5564 2252 5606 ac
2280 5566 2378 5606 nos
2411 5551 2558 5606 velut
2603 5565 2770 5620 parvo
2829 5551 3065 5621 quodam
3120 5548 3484 5605 instrumento

219 5651 317 5720 τὴν
359 5649 480 5702 τῶν
526 5646 699 5701 ὄντων
745 5646 953 5715 γνῶσιν
1001 5646 1347 5718 θηρεύοντες,
1382 5647 1477 5700 καὶ
1522 5647 1634 5710 τοῖς
1682 5663 1808 5718 νοηο

290 5856 307 5888 ⁸
341 5852 532 5910 Judic.
557 5868 680 5912 xm.
719 5849 807 5905 22.
886 5850 906 5881 ¹
928 5847 1062 5904 an.
1091 5863 1144 5914 v,
1169 5847 1224 5904 8.
1299 5846 1320 5879 ³
1344 5846 1531 5901 Matth.
1565 5862 1674 5916 va,
1713 5845 1791 5916 l7.

1919 5846 2021 5902 Isa.
2050 5864 2124 5909 vt.
2168 5847 2214 5904 l.

1914 5660 2004 5702 res
2045 5661 2267 5718 magnas
2304 5646 2514 5702 eﬁiccre
2545 5645 2857 5708 moliamur,
2919 5643 3169 5698 humana:
3231 5642 3484 5698 videlicet

2289 5847 2311 5881 ⁸
2343 5844 2541 5918 Ezecb.
2577 5861 2618 5907 ι.
2646 5845 2678 5900 4
2703 5861 2852 5918 seqq.
2929 5850 2950 5882 '
2979 5845 3178 5904 Jerem.
3206 5858 3362 5913 xxtu,
3394 5841 3480 5898 l8.

217 5924 241 5959 '
278 5928 323 5983 lt
367 5928 507 5982 Cor.
535 5941 636 5988 xu,
659 5924 717 5978 2.
793 5921 813 5953 ⁸
844 5919 865 5974 l
900 5920 1028 5974 Cor.
1053 5933 1176 5982 xm,
1210 5917 1277 5972 9.:
1337 5917 1359 5949 '
1391 5917 1520 5974 ibid.
1550 5914 1668 5972 li'
1714 5914 1938 5975 "Joan.
1978 5935 2090 5988 xvi,
2134 5919 2217 5975 l2.
2295 5918 2334 5950 "
2367 5916 2524 5974 Joan.
2563 5914 2798 5984 “1,25.

551 6033 823 6093 ΡΑτιιοι.
859 6029 977 6089 Gn.
1021 6027 1284 6090 CXXX.

3123 6027 3162 6086 6
