3984 6560
481 428 574 489 171
1705 422 2087 487 EUTHYMII
2126 420 2469 482 ZlG.\l}liNl
3614 412 3722 472 i72

460 555 742 627 sapientia:
781 551 1092 620 adjumento
1136 558 1317 600 rerum
1360 540 1724 611 cognitionem
1758 552 2028 607 aucupan-

2140 547 2234 607 τοῖς
2409 541 2838 615 προσϐάλλοντες
2869 539 3005 610 μετὰ
3036 539 3142 592 τῶν
3187 538 3510 607 αἰσθήσεων·
3539 538 3571 609 ἦ
3611 541 3713 590 οὐκ

463 661 564 716 tes,
596 665 660 704 ae
693 662 797 711 res,
829 659 945 714 qua'
971 640 1134 696 animi
1171 647 1376 693 tantum
1406 634 1756 704 intelligentia
1785 643 2032 699 compre-

2143 636 2253 687 iveo
2293 633 2622 703 αἰσθήσεων,
2675 631 2763 700 ὑφ’
2797 624 2872 683 ὧν
2909 627 3315 700 περιφερόμεθα
3350 627 3444 680 καὶ
3497 625 3716 679 πλανώ-

463 743 794 802 beuduntur,
845 751 940 805 per
969 746 1162 788 sensus
1197 741 1520 798 cognoscere
1543 725 1917 796 aggredimur;
1942 730 2035 774 aut

2144 726 2286 792 ιεθα,
2341 727 2435 778 καὶ
2480 724 2580 776 οὐκ
2623 723 2819 793 ἔχομεν
2848 720 3038 792 γυμνῷ
3084 720 3162 790 τῷ
3193 719 3270 772 νοῒ
3316 720 3542 789 γυμνοῖς
3599 721 3717 780 τοῖς

463 841 613 888 certe
646 845 748 884 non
793 829 908 883 sine
945 825 1213 887 sensibus,
1249 822 1448 891 quibus
1488 818 1727 887 undique
1762 814 2032 884 iactamur

2139 818 2443 888 πράγμασιν
2496 815 2940 884 ἐντυγχάνοντες,
2983 811 3182 883 μᾶλλόν
3213 829 3266 864 τι
3308 810 3589 882 προσιέναι
3641 812 3712 879 τῇ

463 935 516 978 et
550 925 601 976 in
637 934 878 976 errorem
931 917 1319 988 pertrahimur,
1355 927 1453 966 nec
1493 912 1636 964 nuda
1688 917 1866 962 mente
1907 921 2031 959 cum

2143 909 2371 980 ιληθεία,
2402 910 2494 961 καὶ
2527 909 2617 962 τὸν
2657 906 2780 960 νοῦν
2821 905 3121 958 τυποῦσθαι
3153 906 3272 966 ταῖς
3324 901 3716 972 καταλήψεσιν.

462 1011 620 1067 undis
645 1013 802 1064 rebus
828 1007 1058 1068 versari,
1085 1015 1246 1074 atque
1278 1004 1402 1057 inde
1419 1002 1483 1054 ad
1511 1002 1791 1054 veritatem
1815 996 2032 1066 propius

2153 1005 2193 1052 0
2216 1000 2271 1052 δὲ
2302 1001 2426 1070 περ)¹
2452 999 2586 1051 Θεοῦ
2614 998 2790 1066 λόγος,
2819 997 2927 1067 ὅσῳ
2954 995 3300 1066 τελειὺτερος,
3326 994 3565 1064 τοσούτῳ
3587 994 3722 1045 δυσ-

461 1102 741 1167 accedere,
766 1101 1036 1168 rebusque
1063 1095 1328 1167 perceptis
1358 1107 1422 1146 ac
1448 1089 1855 1161 comprehensis
1886 1102 2034 1140 men-

2157 1091 2491 1160 φικτότερος,
2542 1091 2637 1143 καὶ
2690 1087 2907 1150 πλείους
2967 1087 3063 1150 τὰς
3097 1085 3415 1155 ἁντιλήύεις
3455 1084 3593 1154 ἔχων
3623 1083 3723 1135 καὶ

462 1207 570 1251 tem
605 1194 899 1250 informare
940 1203 1246 1261 possumus.
1281 1187 1416 1241 Tum
1448 1199 1576 1238 vero
1603 1179 1900 1250 disputatio
1949 1192 2033 1242 ea,

2144 1181 2223 1243 τὰς
2271 1179 2450 1242 λύσεις
2488 1179 2916 1250 ἐργωδεστέρας.
2951 1179 3067 1230 Πᾶν
3089 1177 3198 1247 γάρ
3227 1177 3286 1229 τὸ
3338 1176 3717 1246 ἐνιστάμενον,

462 1304 582 1359 qua:
617 1289 682 1342 de
721 1287 826 1340 Deo
878 1283 1194 1350 suscipitur,
1229 1293 1336 1348 quo
1379 1274 1698 1346 perfectior,
1727 1286 1792 1324 eo
1818 1282 2034 1340 quoque

2148 1273 2232 1326 ιᾶν
2277 1272 2614 1344 βραχύτατον
2637 1268 2694 1344 ᾗ,
2733 1272 2822 1324 τὸν
2846 1269 2940 1323 τοῦ
2986 1270 3144 1338 λόγου
3167 1270 3364 1341 δρόμον
3395 1269 3590 1338 ἐπέσχε
3621 1267 3721 1319 καὶ

463 1380 731 1434 diﬂicilior
768 1386 868 1440 est,
904 1373 1254 1444 pluribusque
1301 1364 1750 1437 obiectationibus
1786 1368 1950 1431 patet,
1981 1359 2034 1412 in

2145 1365 2443 1426 ἰιεκώλυσε,
2480 1365 2575 1417 καὶ
2625 1365 2724 1434 τὴν
2754 1365 2836 1426 εἰς
2881 1363 2942 1414 τὸ
2997 1362 3186 1433 πρόσω
3227 1362 3401 1431 φοράν
3443 1359 3718 1427 διέκοψεν·

463 1474 636 1540 iisque
668 1468 934 1524 dilueudis
959 1481 1022 1521 ac
1044 1461 1400 1520 dissolveudis
1417 1459 1538 1530 plus
1567 1456 1762 1525 negotii
1791 1452 2032 1508 facessit.

2150 1457 2314 1527 ῡσπερ
2345 1456 2394 1507 οῑ
2421 1457 2548 1518 τοὺς
2594 1455 2792 1518 ἵππους
2825 1457 2936 1518 τοῖς
2984 1454 3243 1524 ῥυτῆρσιν
3288 1452 3499 1523 ἀθρόως
3526 1450 3723 1522 μεθέλ-

463 1564 605 1620 Nihil
633 1563 776 1618 enim
799 1571 904 1615 tam
928 1559 1057 1614 levis
1079 1555 1365 1625 exiguique
1394 1551 1646 1622 ponderis
1672 1548 1823 1602 nobis
1850 1547 2036 1600 adver-

2146 1566 2325 1611 ιοντες
2378 1548 2730 1619 φερομένους,
2773 1548 2866 1601 καὶ
2912 1547 2991 1616 τῷ
3040 1546 3287 1616 ἀδοκήτῳ
3326 1543 3417 1596 τοῦ
3447 1543 3719 1613 τιναγμοῦ

463 1656 567 1711 sari
597 1663 790 1724 potest,
815 1652 954 1721 quod
971 1664 1073 1702 non
1088 1644 1462 1715 disputationis
1481 1656 1698 1695 cursum
1737 1640 2019 1692 interrum-

2149 1640 2570 1712 τεριτρέποντες.
2603 1638 2758 1691 Οῦτω
2788 1637 3042 1710 Σολομὼν
3078 1638 3176 1707 μὲν
3213 1635 3242 1689 ύ
3420 1634 3722 1704 σοφισάμεο

475 1757 566 1818 pat
627 1758 790 1814 atque
899 1741 1252 1809 comprimat,
1316 1735 1684 1804 impediatque
1743 1730 2034 1799 quominus

2147 1751 2215 1796 ρος
2240 1731 2497 1797 περισσὰ,
2537 1732 2677 1800 ὑπὲρ
2703 1731 2915 1793 πάντας
2981 1730 3110 1791 τοὺς
3138 1726 3464 1797 γενομένους
3504 1726 3720 1796 ἔμπρο-

465 1842 600 1893 ultra
654 1835 1080 1906 progrediamur.
1134 1827 1590 1898 Quemadmodum
1624 1823 1714 1893 qui
1767 1836 1932 1890 equos
1968 1818 2034 1871 ad

2150 1824 2277 1885 πθεν,
2301 1823 2392 1876 καὶ
2416 1821 2534 1874 καθ’
2560 1821 2772 1884 ἑαυτὸν,
2799 1815 2843 1888 ᾧ
2864 1821 2924 1874 τὸ
2954 1821 3052 1890 τῆς
3076 1818 3300 1889 καρδίας
3317 1817 3515 1880 πλάτος
3543 1817 3723 1888 δῶρον

463 1945 678 1985 cursum
732 1927 982 1980 incitatos
1031 1931 1247 1991 repente
1291 1920 1440 1972 freno
1491 1915 1798 1976 retrahunt,
1825 1927 1888 1963 ae
1946 1925 2036 1978 per

2146 1913 2289 1978 θεοῦ,
2322 1913 2470 1982 καὶὴ
2503 1911 2732 1982 ψάμμου
2763 1911 3122 1981 δαψιλεστέρα
3149 1909 3303 1980 χύσις
3333 1908 3431 1978 τῆς
3457 1907 3719 1980 θεωρίας,

470 2020 805 2090 inopinatam
829 2027 884 2072 et
923 2014 1258 2085 repentinam
1307 2003 1682 2065 excussionem
1745 2014 2036 2058 retrorsum

2148 2013 2250 2081 Scip
2289 2009 2452 2062 πλέον
2486 2006 2778 2078 ἐμϐατεύει
2832 2009 2943 2069 τοῖς
3003 2005 3212 2074 βάθεσι,
3256 2003 3493 2073 τοσούτῳ
3550 2002 3721 2056 πλέον

467 2123 654 2184 agunt.
712 2111 807 2166 Sic
855 2109 1106 2164 nimirum
1163 2104 1439 2165 Salomon,
1475 2101 1564 2170 qui
1613 2099 1880 2160 omnibus,
1915 2108 2036 2148 cum

2148 2106 2358 2176 ζλιγγιᾷ,
2409 2105 2503 2158 καὶ
2537 2100 2688 2164 τέλος
2719 2118 2770 2153 τι
2807 2101 3042 2152 ποιεῖται
3120 2099 3311 2166 σοφίας
3359 2101 3535 2171 εὑρεῖν
3591 2100 3721 2150 ὅσον

468 2220 606 2268 suae,
641 2213 752 2256 tum
786 2199 1083 2269 superioris
1109 2197 1382 2250 memorize
1418 2191 1724 2246 hominibus
1761 2184 2038 2256 sapientia:

2146 2197 2386 2266 διέφυγεν
2411 2215 2426 2230 ο
2619 2192 2831 2255 Παῦλος
2887 2191 2944 2244 δὲ
2994 2194 3247 2263 πειρᾶται
3283 2192 3378 2261 μὲν
3407 2189 3719 2259 ἐφικέσθαι,

472 2298 628 2351 laude
673 2294 922 2365 praestitit
959 2300 1004 2357 ι,
1055 2301 1110 2344 et
1160 2289 1342 2343 cordis
1381 2283 1712 2339 latitudinem
1757 2279 1850 2333 Dei
1880 2279 2041 2330 bene-

2151 2291 2288 2344 ii'mm
2346 2289 2488 2356 λέγω
2535 2289 2631 2356 τῆς
2671 2284 2766 2338 τοῦ
2798 2283 2932 2337 Θεοῦ
2972 2283 3207 2352 φύσεως,
3249 2282 3408 2336 τοῦτο
3435 2283 3542 2353 γάρ
3599 2281 3724 2351 ᾔδει

469 2391 592 2444 “Cio
880 2383 1128 2452 θοοθρίι.
1191 2395 1256 2434 ac
1320 2387 1519 2431 “Nam
1572 2369 2043 2440 εοηιθιηῐνιειιίοιιῖε
2137 2380 2415 2443 παντελῶς
2466 2378 2726 2434 ἀδύνατον
2766 2375 2849 2442 ὃν,
2891 2375 3029 2428 ἀλλὰ
3088 2375 3247 2444 μόνον
3298 2373 3407 2430 τῶν
3438 2373 3532 2426 τοῦ
3582 2371 3727 2423 Θεοῦ

469 2483 678 2551 cupiam
703 2488 758 2535 et
791 2480 1094 2533 ubertatem
1131 2481 1180 2536 ',
1211 2482 1267 2526 ut
1297 2486 1472 2525 arena:
1505 2480 1786 2522 numerum
1811 2461 2042 2517 excede-

2157 2474 2443 2546 ιριμάτων.
2481 2469 2635 2524 Ἐπεὶ
2659 2469 2715 2522 δὲ
2737 2469 2837 2538 οὐχ
2873 2467 3114 2538 εὑρίσκει
3145 2465 3398 2533 διέξοδον,
3449 2465 3569 2518 οὐδὲ
3597 2463 3730 2516 στά-

472 2585 572 2638 ret,
614 2587 720 2642 quo
765 2571 928 2623 altius
975 2568 1028 2620 in
1077 2566 1176 2620 has
1207 2561 1600 2632 profunditates
1636 2563 1904 2626 penetrat,
1937 2553 2039 2606 hoc

2155 2581 2226 2616 rw
2248 2562 2348 2631 τῆς
2386 2559 2725 2623 ἀναϐάσεως,
2761 2557 2880 2610 οὐδὲ
2909 2555 2990 2620 εἷς
3019 2573 3071 2610 τι
3257 2555 3490 2626 φανερὸν
3531 2554 3728 2607 τελευ-

473 2663 645 2731 magis
673 2667 887 2724 aestuat,
922 2673 985 2711 ac
1012 2658 1170 2710 linem
1202 2651 1486 2722 quemdam
1515 2646 1791 2716 sapientia:
1833 2642 2034 2698 consti-

2159 2656 2215 2725 πᾷ
2249 2655 2424 2725 πέρας
2465 2652 2498 2722 ἠ
2527 2649 3026 2720 πολυπραγμοσύνη
3047 2649 3142 2718 τῆς
3171 2648 3426 2713 διανοίας,
3453 2647 3536 2700 ἀεί
3578 2663 3732 2708 τινος

473 2754 594 2817 luit,
633 2751 884 2804 nimirum
937 2749 1076 2817 quod
1129 2742 1445 2803 invenisset,
1503 2745 1764 2806 quantum
1808 2749 1871 2790 ea
1915 2749 1943 2786 a
1979 2747 2040 2787 se

2158 2747 2580 2818 Βποφαινομένου
2611 2746 2704 2799 τοῦ
2757 2744 3054 2806 λείποντος·
3085 2741 3130 2794 ὣ
3176 2741 3269 2794 τοῦ
3295 2740 3571 2811 θαύματος
3616 2739 3731 2811 (ἵνα

474 2846 684 2913 fugeret
726 2843 768 2895 ³.
799 2837 1080 2894 Consimili
1133 2847 1350 2906 quoque
1384 2831 1542 2886 modo
1572 2828 1790 2890 Paulus,
1825 2841 1931 2880 non
1959 2825 2038 2879 di-

2159 2840 2238 2893 ιαὶ
2286 2839 2448 2900 αὐτος
2481 2836 2637 2890 πάθω
2660 2836 2720 2889 τὸ
2767 2834 2930 2903 l'crov)!
2967 2831 3232 2904 έμπλήξει
3257 2831 3589 2905 περιγράφει
3636 2830 3732 2883 τὸν

473 2952 592 2988 cam
623 2934 715 2988 Dei
747 2943 1018 2993 naturam,
1048 2931 1149 2984 hoc
1175 2927 1316 2980 enim
1345 2938 1565 2992 prorsus
1583 2935 1744 2990 supra
1775 2919 2040 2972 humanas

2159 2929 2322 2996 ιόγον,
2353 2929 2447 2981 καὶ
2474 2927 2698 2979 πλοῦτον
2727 2925 2884 2989 Θεοῦ,
2915 2927 3009 2977 καὶ
3043 2924 3202 2994 βάθος
3221 2923 3284 2976 τὺ
3312 2923 3520 2976 τοιοῦτο
3549 2923 3732 2986 καλεῖ,

476 3031 618 3082 vires
642 3041 761 3080 esse
791 3033 1132 3094 perspectum
1158 3020 1412 3083 habebat,
1452 3017 1544 3070 sed
1576 3013 1666 3066 Dei
1700 3011 1874 3066 solum
1897 3008 2041 3076 judi-

2160 3022 2238 3074 καὶ
2267 3019 2519 3091 ὁμολογεῖ
2545 3019 2652 3071 τῶν
2671 3017 2768 3070 τοῦ
2784 3015 2918 3071 Θεοῦ
2938 3017 3221 3089 χριμάτων
3243 3015 3304 3068 τὸ
3320 3014 3733 3086 ἀκατάληπτον,

476 3121 557 3174 cia
589 3117 894 3188 cognitione
929 3113 1140 3183 assequi
1165 3118 1412 3165 conatur.
1441 3106 1702 3174 Quoniam
1732 3112 1911 3157 autem
1944 3114 2041 3153 nec

2163 3111 2435 3181 ιονονουχὶ
2463 3109 2532 3162 τά
2557 3108 2695 3162 αὐτὰ
2732 3107 2810 3177 τῷ
2835 3107 3000 3160 Δαϐἱδ
3031 3106 3421 3178 φθεγγόμενος,
3450 3107 3580 3158 ποτὲ
3634 3106 3736 3176 μὲν

475 3211 682 3266 exitum
714 3208 904 3272 ullum,
936 3219 1035 3260 nec
1070 3218 1178 3273 quo
1209 3214 1490 3257 ascensum
1519 3198 1680 3266 figere
1707 3210 1770 3249 ac
1799 3191 2046 3249 stabilire

2163 3200 2385 3254 ἱϐυσσον
2417 3199 2615 3270 πολλὴν
2639 3196 2957 3268 ὀνομάζοντι
2989 3199 3058 3251 τά
3079 3197 3174 3250 τοῦ
3193 3197 3330 3250 θεοῦ
3375 3197 3640 3266 κρίματα,
3667 3192 3736 3268 ἧς

477 3309 683 3372 posset,
720 3296 1048 3369 reperiebat,
1088 3309 1189 3348 nec
1230 3292 1516 3363 perspicuo
1550 3288 1658 3343 ullo
1698 3286 1804 3340 fine
1827 3283 2041 3340 curiosa

2164 3292 2248 3343 ›ύκ
2276 3289 2390 3342 ἔστι
2415 3287 2512 3358 τὴν
2540 3288 2704 3358 ἕδραν
2727 3286 2762 3356 ἢ
2795 3285 2980 3357 μέτρῳ
3011 3285 3045 3354 ἢ
3084 3283 3333 3355 αἰσθήσει
3359 3283 3568 3346 λαϐεῖν,
3602 3284 3737 3336 ποτὲ

481 3394 651 3462 ipsius
679 3390 843 3445 animi
867 3387 1225 3459 perscrutatio
1273 3383 1646 3446 claudebatur,
1679 3377 1823 3448 quod
1853 3374 2046 3430 videli-

2167 3382 2206 3435 se
2251 3376 2744 3450 τεθαυμαστῶσθαι
2801 3375 2898 3446 τὴν
2969 3376 3171 3444 γνῶσιν
3220 3373 3280 3438 ἐξ
3347 3373 3539 3426 ἑαυτοῦ
3566 3413 3581 3436 ,
3639 3375 3740 3426 καὶ

479 3494 572 3538 cet
597 3482 825 3539 subinde
853 3493 1069 3550 semper
1093 3476 1294 3544 aliquid
1325 3472 1515 3543 reliqui
1538 3487 1658 3527 esse
1685 3470 2042 3540 perspiceret:

2168 3472 2250 3543 τῆς
2315 3469 2510 3526 ἑαυτοῦ
2568 3467 2883 3531 συστάσεως
3052 3539 3057 3543 1
3115 3465 3347 3534 λέγοντι,
3390 3465 3741 3536 κεκραταιῶ-

483 3591 516 3631 o
541 3590 656 3631 rem
683 3574 875 3628 miram
898 3586 962 3626 ae
991 3567 1335 3639 stupendum!
1377 3564 1590 3635 (utipse
1617 3577 1830 3632 quoque
1859 3559 2046 3615 eodem

2163 3565 2279 3620 σθαι
2311 3582 2372 3618 τε
2425 3563 2584 3646 πλέον
2631 3561 2665 3633 ἢ
2701 3561 2841 3614 κατὰ
2854 3560 2954 3630 τὴν
2983 3559 3175 3613 ἑαυτοῦ
3201 3558 3426 3628 δύναμιν
3456 3557 3548 3610 καὶ
3573 3557 3736 3626 περί-

489 3665 681 3720 affectu
733 3661 1100 3731 commovear)
1175 3657 1477 3714 orationem
1537 3653 1892 3709 admiratione
1943 3652 2051 3708 eir-

783 3661 1100 3731 >mmovear)
1175 3657 1477 3714 orationem
1537 3653 1892 3709 admiratione
1943 3652 2051 3708 eir-
2154 3657 2356 3727 δραξιν.

490 3750 825 3815 cumscribil,
872 3749 1032 3820 idque
1058 3723 1152 3805 Dei
1180 3764 1309 3817 epes
1338 3764 1401 3804 ac
1438 3749 1760 3819 profundum
1787 3745 2109 3815 appellat,ac
2142 3723 2236 3796 Dei
2289 3737 2484 3808 judicia
2521 3735 2720 3791 nullius
2769 3730 2984 3802 ingenio
3025 3727 3226 3799 percipi
3259 3735 3313 3780 et
3350 3723 3744 3792 comprehendi

490 3859 649 3914 posse
708 3843 938 3913 ingenue
1000 3843 1198 3897 fatetur
1234 3843 1279 3905 ⁸,
1343 3842 1532 3898 iisdem
1592 3839 1974 3910 propemodum
2005 3836 2183 3892 verbis
2210 3848 2332 3889 cum
2365 3829 2564 3884 Davide
2589 3837 2766 3891 utens,
2791 3822 2879 3892 qui
2904 3835 3047 3875 nunc
3099 3819 3296 3886 judicia
3355 3816 3448 3869 Dei
3479 3815 3744 3883 abyssum

485 3945 710 4000 multam
751 3953 908 3999 vocat
940 3945 984 4009 ⁸,
1019 3941 1174 4011 cuius
1201 3939 1448 4003 fundum,
1486 3950 1586 3992 nec
1641 3949 1915 3996 mensura,
1961 3946 2060 3986 nec
2105 3946 2264 3984 sensu
2295 3927 2412 3996 capi
2440 3931 2636 3994 queat;
2669 3933 2814 3975 nunc
2851 3915 3147 3972 mirabilem
3175 3912 3369 3966 factam
3396 3922 3518 3964 esse
3555 3907 3747 3960 scien-

488 4034 613 4089 tiam
667 4049 732 4088 ex
779 4035 955 4104 seipso
1011 4031 1204 4102 suique
1250 4031 1420 4102 ipsius
1475 4029 1860 4084 constitutione
1895 4023 2209 4096 pronuntiat
2247 4026 2289 4081 ⁸,
2333 4029 2498 4088 atque
2527 4016 2664 4072 adeo
2702 4012 3001 4078 robustam,
3036 4018 3097 4062 ut
3125 4004 3332 4061 viribus
3366 3999 3570 4058 nostris
3610 4012 3743 4053 eam

485 4139 679 4195 capere
712 4133 766 4181 et
798 4125 1078 4195 complecti
1112 4137 1458 4193 nequeamus.
2079 4147 2103 4168 ο
2523 4177 2535 4188 ε

776 4215 847 4271 Ut
892 4215 1035 4270 enim
1075 4217 1239 4270 missa
1270 4215 1373 4269 alia
1413 4213 1642 4277 faciens,
1697 4210 1890 4280 inquit,
1945 4220 2058 4261 me—

2387 4179 2653 4270 ⁹Ἰνα’γὰρ
2707 4194 2874 4251 τᾶλλα
2918 4193 3105 4253 ἐάσας,
3128 4187 3281 4257 φησὶ,
3315 4183 3452 4254 πρὸς
3499 4179 3745 4252 ἐμαυτὸν

488 4308 667 4378 ipsum
695 4320 1016 4376 omnemque
1055 4306 1346 4361 humanam
1395 4313 1642 4358 naturam
1666 4312 1722 4358 et
1743 4314 2057 4371 compagem

2172 4296 2361 4367 βλέψω,
2390 4293 2482 4348 καὶ
2526 4291 2706 4344 πᾶσαν
2748 4288 2846 4358 τὴν
2882 4281 3230 4356 ἀνθρωπίνην
3280 4275 3441 4346 φύσιν
3468 4274 3561 4326 καὶ
3599 4271 3745 4342 σύμ-

487 4399 721 4464 intuear,
751 4413 870 4467 quae
917 4399 1030 4453 hare
1067 4397 1249 4451 mistio
1287 4405 1468 4450 nostra
1503 4395 1623 4450 est?
1673 4392 1804 4459 Quis
1842 4390 2060 4446 motus?

2174 4363 2324 4459 ιτηξιν
2349 4424 2366 4454 ,
2506 4383 2590 4445 τίς
2623 4383 2656 4452 ἡ
2689 4379 2834 4450 μίξις
2854 4373 3160 4448 ήμῶνςΤίς
3191 4372 3226 4442 ἡ
3251 4368 3499 4440 κίνησις;
3532 4366 3658 4426 Πῶς
3681 4363 3747 4414 τὸ

489 4489 770 4557 Quomodo
793 4488 1004 4559 idquod
1038 4487 1341 4543 immortale
1370 4495 1473 4550 est,
1501 4501 1623 4540 cum
1651 4483 1862 4538 mortali
1895 4497 2060 4551 copu-

2172 4452 2427 4532 ἰιθάνατον
2453 4472 2532 4542 τῷ
2560 4469 2741 4542 θνητῷ
2765 4465 3111 4538 συνεκράθης
3144 4461 3269 4525 Πῶς
3295 4458 3446 4513 κάτω
3478 4457 3604 4528 ego,
3645 4452 3745 4507 καὶ

489 4582 654 4635 latum
685 4579 805 4635 est?
839 4579 1120 4646 Quomodo
1159 4578 1410 4633 deorsum
1440 4576 1567 4642 duo,
1614 4586 1671 4628 et
1715 4589 1926 4629 sursum
1962 4547 2058 4626 Το-

2173 4571 2272 4624 ΐινω
2319 4569 2592 4639 φέρομαι;
2649 4563 2774 4626 Πῶς
2802 4561 2950 4632 ψυχὴ
3030 4556 3419 4628 περιφέρεται;
3621 4547 3746 4610 πῶς

489 4672 616 4728 ror?
658 4670 940 4738 Quomodo
980 4669 1159 4724 anima
1259 4663 1691 4724 circumfertur?
1777 4664 2060 4733 Quomodo

2174 4661 2305 4731 ζωὴν
2333 4637 2536 4719 δίδωσι,
2569 4656 2666 4708 καὶ
2701 4653 2909 4715 πάθους
2939 4646 3381 4721 μεταλαμϐάνει;
3412 4639 3536 4703 Πῶς
3564 4641 3593 4691 ὁ
3613 4637 3747 4701 νοῦς

489 4758 654 4813 vitam
705 4757 1035 4826 impertitur,
1079 4766 1134 4810 et
1165 4755 1455 4811 affectuum
1483 4757 1544 4810 fit
1585 4729 1892 4824 particeps?
1917 4752 2062 4826 Quo-

2173 4729 2657 4819 italusptypamo;
2686 4744 2780 4798 καὶ
2799 4742 3050 4814 ἀόριστος
3067 4779 3083 4805 ,
3201 4738 3270 4792 ,έν
3285 4737 3414 4806 ἡμῖν
3433 4731 3629 4804 μένων,
3650 4729 3746 4784 καὶ

491 4847 652 4902 modo
695 4861 847 4902 mens
897 4847 1058 4901 simul
1105 4857 1160 4900 et
1211 4847 1626 4914 circumscripta
1677 4854 1780 4910 est,
1805 4853 1858 4898 et
1902 4825 2064 4896 nullis

2175 4845 2338 4898 πάντα
2359 4841 2632 4913 ἐφοδεύων
2669 4841 2824 4910 τάχει
2851 4839 3023 4908 φορᾶς
3050 4835 3143 4888 καὶ
3171 4831 3406 4903 ρεύσεως
3436 4847 3452 4897 ;
3615 4824 3748 4886 Πῶς

491 4939 739 4994 terminis
778 4937 1008 5001 inclusa,
1039 4939 1093 4990 in
1139 4937 1295 4990 nobis
1337 4944 1536 4999 manet,
1570 4943 1624 4988 et
1654 4942 1833 4989 motus
1867 4933 2059 4987 mntio-

2176 4934 2644 5007 μεταλαμϐάνεται
2673 4931 2816 5001 λόγῳ
2845 4930 2940 4983 καὶ
2971 4924 3334 4998 μεταδίδοται,
3363 4918 3459 4972 καὶ
3485 4917 3550 4969 δι’
3579 4915 3749 4986 ἀέρος

496 5029 687 5099 nisque
719 5029 997 5084 celeritate
1044 5029 1226 5082 omnia
1260 5027 1584 5095 perlustrat?
1607 5053 1610 5055 »
1633 5026 1912 5092 Quomodo
1950 5041 2064 5081 ser-

2179 5030 2348 5101 (ωρεῖ,
2400 5026 2496 5080 καὶ
2544 5023 2683 5095 μετὰ
2709 5022 2820 5077 τῶν
2851 5019 3194 5091 πραγμάτων
3228 5013 3568 5083 είσέρχεται;
3617 5006 3752 5068 Πῶς

491 5122 674 5176 monis
702 5136 866 5191 opera
915 5122 1209 5192 percipitur
1236 5118 1494 5183 vicissim,
1524 5130 1580 5173 ct
1605 5118 2060 5183 communicatur,

2178 5097 2412 5190 ιίσθήσει
2459 5115 2723 5179 κοινωνεῖ,
2756 5113 2851 5168 καὶ
2881 5108 3230 5165 συστέλλεται
3273 5103 3381 5158 ἀπὸ
3407 5101 3515 5156 τῶν
3546 5097 3751 5167 αἰσθή-

491 5228 559 5267 ac
593 5228 691 5283 per
713 5227 891 5266 aerem
923 5227 1077 5282 grass
1098 5220 1226 5275 illll‘,
1259 5219 1314 5265 et
1347 5225 1471 5264 cum
1522 5209 1684 5265 rebus
1718 5209 1850 5278 ipsis
1882 5209 2061 5276 ingre-

2180 5227 2334 5277 ςεων;
2389 5209 2498 5263 Καὶ
2547 5207 2628 5262 ἔτι
2675 5206 2782 5279 πρὸ
2831 5203 3058 5267 τούτων,
3095 5202 3177 5265 τίς
3225 5200 3260 5270 ἡ
3303 5195 3492 5268 πρώτη
3549 5191 3753 5254 πλάσις

496 5305 678 5362 ditur?
700 5305 978 5372 Quomodo
1025 5318 1147 5358 cum
1202 5302 1453 5360 sensibus
1489 5304 1935 5358 consuetudinem
1968 5303 2065 5356 ha-

2182 5303 2340 5375 ἱμῶν,
2395 5302 2490 5356 καὶ
2539 5300 2796 5363 σύστασις
2853 5298 2914 5350 ὲν
2965 5294 3042 5365 τῷ
3077 5293 3178 5363 τῆς
3233 5289 3446 5358 φύσεως
3477 5287 3755 5356 ἐργαστη-

495 5398 606 5462 bet,
654 5412 718 5454 ac
760 5411 950 5453 rursus
999 5395 1224 5451 seorsim
1279 5410 1310 5450 a
1355 5394 1606 5451 sensibus
1651 5409 1771 5450 sese
1828 5394 2066 5467 colligit?

2182 5395 2269 5467 ῡίῳ
2293 5417 2307 5468 ;
2477 5393 2588 5448 Καὶ
2617 5393 2700 5457 τίς
2726 5394 2758 5464 ἡ
2783 5389 3063 5443 τελευταία
3101 5385 3378 5458 μόρφωσις
3408 5379 3502 5435 καὶ
3527 5377 3755 5432 τελείω-

496 5489 692 5558 Atque,
742 5497 944 5556 utqtue
985 5487 1164 5556 priora
1203 5497 1328 5542 sunt
1387 5486 1586 5553 dicam,
1613 5488 1928 5556 quarprima
1966 5502 2064 5542 no-

2183 5505 2290 5555 ςις;
2318 5487 2413 5551 Τίς
2458 5488 2492 5557 ἡ
2524 5486 2621 5556 τῆς
2652 5485 2860 5556 τροφῆς
2881 5481 3065 5551 ἔφεσις
3095 5479 3188 5534 καὶ
3219 5476 3484 5539 διάδοσις;
3515 5471 3629 5525 Καὶ
3665 5470 3756 5533 τίς

497 5579 594 5634 stri
627 5577 822 5635 ellictio
854 5587 910 5634 et
954 5577 1273 5635 constitutio
1319 5579 1373 5633 in
1425 5587 1634 5636 naturae
1660 5577 1906 5636 ollicina?
1937 5579 2068 5647 Quae

2184 5582 2377 5652 ἢγαγεν
2404 5579 2496 5634 ἐπὶ
2516 5578 2616 5642 τὰς
2644 5575 2862 5649 πρώτας
2890 5572 3072 5646 πηγὰς
3095 5613 3112 5641 ,
3156 5610 3166 5616 .
3246 5566 3444 5622 καὶτοῦ
3464 5565 3757 5635 ζῇνάφορ-

498 5669 660 5724 etiam
692 5678 966 5738 postrema
1024 5669 1275 5727 formatio
1326 5685 1388 5726 ac
1439 5669 1740 5741 perfectio?
1780 5670 1912 5738 Qum
1959 5671 2066 5726 cibi

2183 5673 2280 5743 μὰς
2296 5671 2618 5744 αὐτομάτως
2635 5687 2648 5735 ;
2664 5669 2789 5734 Πῶς
2819 5667 3008 5730 σιτίοις
3039 5664 3138 5735 μὲν
3161 5660 3496 5734 σῶμα,λὸγῳ
3523 5657 3581 5711 δὲ
3599 5655 3756 5726 ψυχὴ

553 5833 570 5864 ¹
612 5831 678 5888 lll
709 5831 843 5902 Reg.
879 5847 961 5894 ut.
994 5831 1083 5891 12.
1193 5832 1216 5866 ³
1247 5829 1293 5887 ll
1334 5829 1460 5887 Par.
1492 5841 1535 5899 ι,
1572 5831 1656 5886 l2.
1769 5831 1791 5864 ³
1833 5829 2016 5888 Eccle.
2048 5845 2121 5885 vu

2175 5828 2281 5894 9.4;
2321 5841 2444 5892 vm,
2485 5825 2567 5880 Π.
2675 5823 2699 5856 ⁸
2727 5821 2888 5882 Rom.
2924 5838 3002 5894 xx,
3036 5822 3127 5882 55.
3238 5820 3260 5853 ⁸
3286 5818 3430 5877 Psal.
3465 5833 3634 5884 xxxv,
3673 5817 3729 5872 7.

477 5906 503 5937 ‘
533 5903 677 5962 Psal.
718 5919 980 5970 cxxxvut,
1000 5905 1052 5959 0.
