4048 6570
348 464 448 529 1‘73

1314 464 1693 529 PANOPLIA
1734 463 2198 533 DOGMATICA.
2230 494 2297 506 -·
2325 467 2474 533 ΤΙΤ.
2518 468 2615 529 ιν.

2697 382 2733 395 ρ

3490 464 3589 526 ι’ἷὶ

358 568 651 638 τρέφεται;
696 569 792 634 Τίς
823 570 854 640 ἡ
898 569 996 641 τῆς
1027 571 1243 641 φύσεως
1281 570 1434 642 ὁλκὴ,
1468 574 1562 626 καὶ
1585 572 1719 645 πρὸς
1737 572 1922 646 ἄλληλα

2020 571 2271 642 appetitio
2304 589 2368 629 ac
2399 574 2745 629 distributio?
2769 573 2898 642 Quis
2924 589 3024 630 nos
3050 584 3241 645 sponte
3280 576 3346 635 ad
3378 580 3581 648 primos

360 659 554 729 σχέσις
604 662 721 723 τοῖς
756 661 985 727 γεννῶσι
1026 664 1117 715 καὶ
1162 664 1276 725 τοῖς
1320 662 1697 733 γεννωμένοις,
1732 664 1816 717 ἵνα
1858 664 1938 734 τῷ

357 753 567 824 φίλτρῳ
598 753 914 824 συνέχηται;
964 754 1085 818 Πῶς
1119 756 1385 826 ἑστηκότα
1437 772 1495 807 τε
1553 755 1622 809 τὰ
1655 757 1787 826 εἴδη,
1847 756 1936 810 καὶ

354 846 469 907 τοῖς
499 844 843 916 χαρακτῆρσι
877 845 1219 915 διεστηκότα,
1253 840 1327 899 ὧν
1361 847 1629 900 τοσούτων
1656 848 1846 913 όντων,
1880 850 1936 901 αἱ

358 935 622 1007 ἰδιότητες
650 935 963 1005 ἁνέφικτοι;
998 937 1124 1001 Πῶς
1157 937 1218 990 τὸ
1269 938 1401 991 αὐτὸ
1446 938 1583 1000 ζῶον
1617 938 1809 1009 θνητὸν
1843 939 1937 992 καὶ

353 1025 643 1091 ἀθάνατον,
678 1027 736 1080 τὺ
769 1029 866 1098 μὲν
897 1032 964 1099 τῇ
993 1028 1357 1098 μεταστάσει,
1527 1029 1590 1083 τὸ
1624 1030 1681 1084 δὲ
1717 1032 1782 1100 τῇ
1815 1047 1937 1098 γεν-

351 1120 417 1189 νή
427 1136 537 1184 σει;
563 1120 635 1173 Τὸ
660 1120 757 1190 μὲν
773 1120 881 1191 γὰρ
901 1119 1189 1189 ὑπεξῆλθε,
1206 1121 1267 1174 τὸ
1287 1122 1343 1175 δὲ
1360 1120 1727 1192 ἁντεισῆλθεν,
1748 1121 1935 1191 ὥσπερ

352 1211 411 1262 ὲν
438 1210 583 1281 ὁλκῷ
612 1210 857 1282 ποταμοῦ
916 1211 989 1282 μὴ
1016 1211 1250 1275 ἑστῶτος
1288 1213 1381 1265 καὶ
1422 1212 1693 1283 μένοντος.
1758 1212 1934 1265 Πολλὰ

350 1300 398 1353 δ’
451 1302 517 1355 ἂν
553 1301 631 1355 ἔτι
681 1302 1069 1373 φιλοσοφήσαις
1237 1304 1364 1375 περὶ
1396 1302 1573 1374 μελῶν
1603 1305 1696 1356 καὶ
1727 1304 1929 1374 μερῶν,

350 1393 447 1446 καὶ
461 1394 561 1463 τῆς
586 1392 720 1464 πρὸς
731 1393 934 1463 ἄλληλα
952 1392 1159 1447 τούτων
1180 1393 1565 1465 εὐαρμοστίας,
1587 1393 1721 1466 πρὸς
1741 1394 1931 1465 χρείαν

348 1500 409 1536 τε
443 1483 579 1554 όμοῦ
633 1484 727 1538 καὶ
756 1484 951 1549 κάλλος
1002 1485 1351 1540 συνεστώτων
1393 1503 1453 1538 τε
1487 1486 1581 1539 καὶ
1606 1484 1926 1547 διεστώτων,

351 1576 695 1646 προεχόντων
739 1593 800 1629 τε
830 1577 923 1630 καὶ
953 1578 1355 1649 προεχομένων,
1393 1577 1693 1648 ὲνουμένων
1739 1593 1797 1629 τε
1834 1575 1930 1629 καὶ

351 1665 707 1737 σχιζομένων,
733 1668 1095 1739 περιεχόντων
1129 1686 1188 1721 τε
1222 1668 1316 1723 xui.
1350 1666 1752 1739 περιεχομένων
1777 1666 1926 1735 νόμῳ

346 1759 440 1811 καὶ
467 1757 611 1827 λόγῳ
641 1757 875 1827 φύσεως.
900 1758 1071 1812 Πολλὰ
1098 1758 1227 1829 περὶ
1244 1758 1435 1825 φωνῶν
1460 1757 1551 1810 καὶ
1578 1756 1776 1811 ἀκοῶν*
1807 1755 1925 1818 πῶς

348 1848 406 1900 αἱ
436 1848 536 1917 μὲν
569 1848 822 1919 φέρονται
851 1848 939 1902 διὰ
967 1849 1074 1903 τῶν
1116 1848 1434 1919 φωνητικῶν
1466 1847 1730 1920 ὀργάνων,
1762 1847 1818 1900 αἱ
1866 1846 1923 1898 δὲ

347 1937 730 2007 ὑποδέχονται,
912 1937 999 1992 διὰ
1020 1939 1117 2010 τῆς
1143 1941 1200 1993 ὲν
1221 1938 1372 2009 μέσῳ
1401 1938 1494 1993 τοῦ
1522 1937 1681 2008 ἀέρος
1708 1937 1921 2008 πληγῆς

348 2030 445 2081 καὶ
466 2029 758 2094 τυπώσεως
808 2029 1063 2101 ἀλλήλαις
1104 2029 1541 2101 ὲπιμιγνύμεναι.
1569 2028 1745 2085 Πολλὰ
1794 2030 1922 2099 περὶ

2014 664 2134 718 illos
2165 664 2338 718 fontes
2365 679 2429 721 ac
2455 666 2576 721 vitre
2607 682 2803 721 causas
2847 667 3037 721 duxit?
3062 668 3340 734 Quomodo
3379 686 3579 739 corpus

2012 754 2167 817 cibis,
2195 756 2411 809 animus
2440 765 2626 809 contra
2668 771 2920 812 sermone
2948 773 3010 811 ac
3033 760 3275 813 doctrina
3300 762 3537 829 pascitur
3558 761 3579 812 2’

2013 844 2142 911 Qua:
2171 856 2254 900 est
2287 846 2371 899 illa
2405 855 2608 901 natura:
2648 848 2728 902 vis
2761 852 3216 918 motuaqueiuter
3244 863 3495 918 parentes
3525 866 3583 907 et

2012 932 2211 989 liberos
2234 934 2468 999 alfectio,
2502 945 2559 989 ut
2589 936 2741 1005 quasi
2772 936 3001 1004 quodam
3034 939 3233 1006 pbiltro
3265 944 3579 995 continean-

2015 1023 2138 1077 tur?
2166 1025 2443 1089 Quomodo
2496 1025 2662 1080 lirmte
2716 1042 2781 1081 ac
2825 1028 3044 1083 stabiles
3085 1038 3208 1083 sunt
3269 1033 3496 1100 species,
3526 1041 3581 1085 et

2014 1115 2235 1169 interim
2267 1117 2408 1169 notis
2438 1117 2578 1170 inter
2600 1130 2658 1171 se
2680 1118 2974 1183 distinctae,
3193 1136 3420 1188 quarum
3450 1138 3576 1191 pro-

2015 1206 2297 1274 prietates,
2338 1222 2461 1262 cum
2493 1218 2641 1263 tanto
2669 1225 2893 1263 numero
2914 1210 3046 1275 sint,
3079 1212 3289 1278 assequi
3316 1227 3420 1264 non
3450 1228 3577 1281 pos-

2013 1298 2237 1352 sumus?
2270 1299 2550 1364 Quomodo
2600 1301 2738 1353 idem
2793 1302 2991 1354 animal
3049 1302 3275 1357 mortale
3320 1305 3476 1361 simul
3525 1315 3581 1358 et

2016 1389 2317 1443 immortale
2363 1399 2474 1454 est;
2506 1390 2728 1449 mortale
2792 1391 3005 1458 quidem
3052 1393 3259 1447 ratione
3304 1394 3582 1462 migratio-

2014 1479 2130 1542 nis,
2176 1480 2479 1536 immortale
2550 1492 2728 1537 autem
2777 1483 2982 1537 ratione
3035 1485 3465 1551 procreationis?
3507 1484 3577 1541 Ut

2014 1572 2157 1625 enim
2207 1572 2351 1641 aliud
2401 1582 2572 1628 morte
2602 1574 2936 1641 subducitur,
2975 1575 3045 1626 ita
3086 1592 3272 1630 rursus
3304 1576 3403 1644 ipsi
3435 1577 3580 1631 aliud

2015 1663 2356 1732 subrogatur,
2411 1679 2515 1717 non
2588 1679 2744 1719 secus
2788 1674 2953 1733 atque
3001 1667 3051 1718 iu
3100 1666 3332 1721 llmninis
3382 1679 3579 1736 tractu,

2014 1756 2158 1825 quod
2215 1754 2373 1811 simul
2430 1755 2628 1810 llumm
2680 1768 2765 1810 est
2807 1766 2863 1811 et
2910 1759 3124 1812 stabile.
3169 1760 3329 1814 Multa
3375 1762 3442 1815 de
3484 1764 3580 1816 bo-

2017 1846 2179 1901 tuiuis
2232 1849 2488 1901 membris
2540 1859 2595 1901 et
2647 1850 2891 1917 partibus
2939 1851 3113 1904 adhuc
3159 1868 3583 1907 commemorare

2016 1938 2210 2008 possis,
2259 1954 2322 1991 ac
2379 1940 2445 1992 de
2496 1950 2677 1993 mutua
2729 1954 2915 1994 earum
2965 1943 3584 2013 concinnitatemuippe

2017 2044 2137 2098 qum
2167 2038 2373 2085 natura:
2406 2032 2521 2100 lege
2560 2046 2621 2085 ac
2649 2034 2879 2099 ratione,
2918 2049 3023 2086 non
3065 2035 3245 2089 minus
3274 2039 3338 2090 ad
3370 2039 3587 2107 elegan-

350 2119 531 2188 ὖψεως
559 2122 813 2191 ἀρρήτως
840 2120 1203 2190 κοινωνούσης
1225 2123 1336 2184 τοῖς
1381 2122 1613 2192 ὁρατοῖς.
1645 2119 1739 2173 καὶ
1776 2119 1920 2190 μόνῳ

2020 2122 2357 2190 tiam,quam
2405 2123 2466 2175 ad
2520 2124 2829 2188 utilitatem,
2884 2126 3286 2192 coniungantur
3333 2130 3489 2182 simul
3533 2141 3588 2183 et

336 2212 419 2283 τῷ
446 2211 749 2282 βούλεσθαι,
804 2215 897 2266 καὶ
933 2214 1067 2284 ὁμοῦ
1095 2215 1445 2286 κινουμένης,
1498 2218 1593 2270 καὶ
1755 2216 1919 2273 ταυτὸ

337 2303 420 2373 τῷ
454 2303 534 2357 νοῒ
560 2304 896 2375 πασχούσης.
929 2306 1083 2360 Μετὰ
1106 2306 1215 2377 γὰρ
1256 2307 1350 2361 τοῦ
1378 2309 1495 2361 ἴσου
1527 2310 1747 2381 τάχους,
1776 2314 1917 2365 ἐκεῖ-

337 2395 429 2458 νός
462 2412 522 2448 τε
551 2395 804 2465 μίγνυται
826 2399 938 2460 τοῖς
987 2398 1319 2468 νοουμένοις,
1349 2401 1445 2453 καὶ
1472 2401 1611 2470 αὕτη
1641 2406 1752 2466 τοῖς
1775 2404 1914 2475 ὁρω-

344 2486 549 2556 μένοις.
583 2486 761 2540 Πολλὰ
792 2490 920 2559 περὶ
959 2489 1064 2542 τῶν
1094 2489 1269 2544 ἄλλων
1299 2492 1623 2564 αἰσθήσεων,
1656 2494 1711 2547 αἳ
1742 2512 1917 2565 παρα-

338 2578 491 2648 δοχαί
512 2578 656 2641 τινές
688 2581 793 2631 εἰσι
837 2579 944 2633 τῶν
984 2580 1206 2645 ἔξωθεν,
1263 2582 1406 2653 λόγῳ
1575 2584 1651 2655 μὴ
1681 2584 1917 2656 θεωρού-

342 2685 525 2737 μεναι.
569 2668 746 2723 Πολλὰ
777 2670 905 2741 περὶ
938 2670 1038 2739 τῆς
1093 2672 1150 2725 ἐν
1179 2670 1367 2735 ὕπνοις
1404 2673 1788 2738 ἀναπαύσεως,
1821 2676 1915 2727 καὶ

338 2758 438 2829 τῆς
469 2759 537 2812 δι’
563 2760 855 2830 ὀνειράτων
909 2759 1281 2827 ἀναπλάσεως,
1326 2764 1544 2833 μνήμης
1576 2779 1635 2815 τε
1663 2764 1757 2815 καὶ
1788 2764 1918 2815 ἁνα-

256 2838 259 2841 ’
340 2850 610 2919 μνήσεως,
637 2849 897 2920 λογισμοῦ
940 2867 997 2911 τε
1024 2852 1118 2904 καὶ
1144 2851 1338 2922 θυμοῦ,
1384 2854 1476 2906 καὶ
1506 2854 1765 2922 ἐφέσεως,
1823 2856 1917 2907 καὶ

342 2941 620 3011 συντόμως
641 2943 834 3007 εἰπεῖν,
869 2943 1011 3007 ὅσοις
1030 2945 1058 2997 ό
1082 2944 1277 3015 μικρὸς
1290 2940 1441 3009 οὗτος
1471 2946 1674 3016 κόσμος
1702 2948 1919 3001 διοικεῖ-

336 3044 447 3091 ται,
470 3033 499 3083 ὁ
526 3031 830 3101 ἄνθρωπος.

2019 2217 2457 2288 distinguantur,
2505 2213 2815 2284 prmcellant
2863 2223 2916 2264 et
2973 2210 3235 2276 dignitate
3309 2205 3592 2260 inferiores

2020 2312 2151 2375 sint,
2189 2312 2442 2363 uniantur
2470 2318 2524 2360 et
2552 2306 2950 2366 distrahantur,
2977 2302 3286 2354 contineant
3330 2306 3381 2353 et
3409 2298 3589 2350 couti-

2022 2411 2267 2456 neantur.
2296 2401 2455 2454 Multa
2479 2400 2643 2453 etiam
2663 2398 2727 2451 de
2756 2395 2976 2449 vocibus
2998 2402 3050 2447 ct
3077 2392 3260 2445 auditu
3291 2406 3304 2444 :
3337 2388 3589 2442 nimirum

2019 2497 2291 2564 quomodo
2332 2495 2432 2548 illa:
2475 2508 2570 2561 per
2611 2490 2812 2545 vocalia
2859 2490 3213 2541 instrumenta
3252 2484 3589 2543 deferantur.

2021 2586 2109 2640 hic
2148 2600 2276 2640 vero
2328 2599 2422 2639 eas
2458 2582 2715 2652 excipiat,
2748 2595 2811 2634 ac
2840 2594 2934 2649 per
2965 2577 3270 2633 iutermedii
3304 2577 3446 2629 aeris
3476 2590 3593 2643 per-

2018 2679 2324 2733 cussionem
2357 2688 2519 2745 atque
2553 2672 2964 2743 impressionem
3006 2671 3145 2724 inter
3174 2684 3233 2723 se
3270 2667 3589 2736 iungantur.

2025 2768 2187 2823 Multa
2230 2770 2356 2823 item
2390 2769 2455 2822 de
2490 2765 2683 2825 oculis,
2725 2764 2814 2831 qui
2866 2760 3028 2815 modo
3052 2761 3287 2827 quodam
3330 2754 3588 2815 ineffabili

2025 2875 2145 2916 cum
2176 2861 2242 2916 iis
2270 2861 2447 2924 rebus,
2468 2872 2603 2926 quas
2626 2855 2917 2918 cernimus,
2949 2851 3330 2909 commercium
3368 2847 3588 2906 habent.

2025 2965 2089 3005 ac
2121 2950 2233 3004 sola
2278 2950 2573 3008 voluntate,
2617 2944 2775 3001 simul
2819 2943 2982 2998 etiam
3040 2957 3160 2996 cum
3194 2955 3255 2996 ea
3287 2946 3590 2998 morentur.

2027 3041 2325 3108 eodemque
2368 3041 2528 3095 modo
2566 3052 2687 3093 cum
2712 3045 2892 3090 mente
2929 3033 3260 3087 adiciuntur.
3294 3029 3413 3087 Pari
3444 3028 3589 3083 enim

336 3122 633 3189 celeritate,
654 3132 709 3179 et
737 3124 851 3179 haec
882 3123 1308 3193 intellectilibus,
1339 3138 1392 3183 et
1420 3128 1493 3183 illi
1521 3127 1820 3184 visibilibus
1844 3129 2002 3184 rebus
2025 3130 2345 3199 junguntur.
2381 3129 2543 3197 Multa
2571 3136 2834 3198 praeterea
2864 3125 2931 3180 de
2947 3124 3168 3193 reliquis
3198 3119 3467 3179 sensibus.
3497 3122 3591 3187 qui

336 3212 487 3268 velut
518 3215 866 3271 admittendis
886 3218 1127 3275 externis
1161 3220 1320 3273 rebus
1350 3221 1606 3275 destinati
1629 3230 1774 3287 sunt,
1808 3236 1905 3276 nec
1936 3224 2144 3279 ratione
2176 3224 2565 3293 percipiuntur.
2586 3221 2745 3276 Multa
2774 3218 3003 3287 denique
3029 3218 3094 3272 de
3117 3229 3199 3279 ea,
3231 3229 3335 3284 qua
3360 3213 3411 3267 in
3440 3226 3591 3267 som-

340 3303 431 3359 nis
468 3305 722 3373 fruimur,
756 3308 939 3377 quiete
963 3318 1127 3379 atque
1163 3311 1552 3369 insomniorum
1584 3314 1871 3380 ﬁgmentis,
1904 3315 1970 3369 de
1996 3316 2254 3375 memoria
2283 3326 2336 3370 et
2367 3312 2793 3377 reminiscentia,
2829 3311 2896 3365 de
2936 3308 3167 3369 ratione,
3197 3315 3251 3360 et
3283 3305 3386 3367 ira,
3418 3311 3469 3357 et
3495 3317 3590 3357 ωε

336 3396 588 3465 piditate,
621 3399 974 3470 reliquisque.
1034 3411 1091 3463 ut
1142 3417 1249 3458 uno
1280 3403 1447 3461 verbo
1498 3405 1847 3472 complectar,
1883 3405 2081 3474 quibus
2131 3421 2328 3473 parvus
2380 3406 2468 3463 bic
2500 3403 2751 3467 mundus,
2790 3401 2841 3456 id
2882 3408 2984 3465 est,
3014 3400 3198 3460 homo,
3232 3396 3584 3467 gubernatur.

345 3495 461 3551 Τοῦ
491 3497 680 3551 αὐτοῦ
711 3498 845 3589 περὶ
877 3500 998 3589 τῇ.
1014 3502 1514 3589 λόγουιτοιξιπερὶ
1551 3502 1663 3573 τῆς
1688 3503 1759 3559 ἐν
1788 3504 1917 3572 ταῖς

2022 3505 2270 3577 Ejusdem
2296 3522 2363 3561 ea:
2387 3511 2627 3560 oratione
2658 3504 2722 3589 de
2752 3505 3005 3589 modestia
3037 3504 3090 3556 in
3128 3501 3577 3569 disputationibus

786 3569 1135 3635 διαλέξεσιν
1158 3569 1460 3637 εὐταξίας.

411 3658 478 3711 Τί
505 3657 642 3730 πρὸς
686 3657 922 3730 οὐρανὸν
944 3660 1259 3729 ἀνίπτασαι,
1290 3660 1454 3726 πεζὸς
1476 3660 1581 3729 div;
1609 3662 1674 3716 Τί
1700 3663 1908 3734 πύργον

344 3751 674 3820 οἱκοδομεῖς,
726 3753 786 3805 τὰ
856 3752 992 3821 πρὸς
1048 3752 1402 3829 ἀπαρτισμὸν
1474 3753 1573 3807 οὐκ
1638 3753 1812 3824 ἔχων;
1844 3755 1909 3807 Τί

346 3843 443 3896 καὶ
470 3845 536 3897 σὺ
572 3847 794 3916 μετρείς
821 3848 886 3916 τῇ
925 3846 1069 3917 χειρὶ
1101 3844 1163 3898 τὸ
1204 3844 1369 3916 ὕδωρ,
1408 3846 1503 3899 καὶ
1540 3844 1632 3898 τὸν
1678 3845 1910 3917 οὐρανὸν

347 3935 598 4007 σπιθαμῇ
627 3974 642 3999 ,
706 3936 803 3991 καὶ
869 3940 1050 3991 πᾶσαν
1084 3937 1184 4008 τὴν
1240 3940 1344 4007 γῆν
1392 3937 1555 4007 δρακι
1588 3980 1603 4004 ,
1672 3940 1913 4009 στοιχεῖα

344 4026 582 4095 μεγάλα,
630 4028 726 4081 καὶ⁵
767 4028 912 4098 μόνῳ
960 4029 1205 4100 μετρητὰ
1249 4030 1327 4099 τῷ
1367 4030 1693 4103 Ποιήσαντι;
1741 4031 1914 4085 Γνῶθι

343 4116 545 4170 σαυτὸν
588 4120 836 4189 πρῶτονο
887 4121 955 4174 τὰ
1000 4122 1059 4174 ἑν
1098 4121 1255 4193 χερσὶ
1297 4124 1634 4193 κατανόησον
1667 4141 1680 4155 θ
1714 4123 1796 4185 τίς
1841 4120 1913 4191 εἷ,

345 4207 447 4261 καὶ
477 4208 644 4263 πόθεν
664 4210 965 4283 ὲπλάσθης,
987 4212 1082 4266 καὶ
1105 4214 1223 4277 πῶς
1245 4215 1559 4286 συνετέθης,
1579 4216 1646 4267 ἵν’
1666 4214 1828 4268 εἰκὼν
1849 4211 1913 4289 ᾖς

328 4294 488 4359 Θεοῦ,
538 4295 631 4351 καὶ
662 4295 740 4368 τῷ
785 4296 989 4368 χείρονι
1037 4297 1330 4371 συνδεθῇς,
1373 4302 1468 4355 καὶ
1511 4301 1562 4354 τί
1594 4302 1655 4356 τὸ
1688 4302 1919 4374 κινῆσάν

330 4403 414 4451 σε,
446 4387 531 4452 τίς
564 4389 597 4460 ἠ
628 4391 748 4462 περὶ
784 4389 844 4443 σὲ
881 4389 1040 4459 σοφία
1067 4391 1161 4445 καὶ
1184 4391 1237 4444 τί
1270 4392 1369 4463 τῆς
1393 4391 1607 4461 φύσεως
1631 4395 1692 4449 τὸ
1720 4396 1921 4467 μυστή-

334 4497 479 4555 ριονο
514 4481 633 4547 πῶς
670 4485 844 4555 μετρῇ
886 4484 1059 4555 τόπῳ,
1096 4484 1190 4538 καὶ
1217 4483 1343 4548 νοῦς
1370 4485 1469 4556 οὐχ
1627 4489 1868 4562 ὁρίζεται
1901 4530 1919 4558 ,

330 4572 445 4627 ἀλλ’
488 4574 548 4626 ὲν
601 4574 785 4646 ταυτῷ
837 4574 1015 4646 μένων
1067 4575 1244 4630 πάντα
1290 4575 1607 4647 ἐπέρχεταιο
1642 4578 1757 4643 πῶς
1801 4579 1922 4649 ὖψις

331 4663 513 4736 ὀλίγη,
544 4665 640 4718 καὶ
683 4665 1034 4721 ὲπιπλεῖστον
1076 4666 1374 4736 φθάνουσα,
1410 4668 1503 4720 καὶ
1542 4667 1768 4740 πότερον
1813 4688 1920 4722 πα-

2633 3576 2993 3644 obsertmnda.l

2092 3666 2228 3734 Quid
2264 3667 2317 3721 in
2343 3667 2537 3722 coelum
2586 3667 2861 3735 provolas,
2915 3680 3036 3719 cum
3093 3665 3255 3734 pedes
3294 3662 3417 3719 sis?
3447 3662 3581 3730 Quid

2022 3759 2213 3812 turrim
2280 3760 2537 3822 exstruis,
2601 3773 2721 3822 cum
2774 3757 2841 3810 iis
2898 3756 3059 3823 rebus
3114 3769 3325 3819 careas,
3363 3769 3482 3823 qua:
3515 3754 3581 3805 ad

2018 3867 2138 3907 eam
2184 3851 2566 3922 perﬁciendam
2621 3849 2968 3919 requiruntur
2996 3848 3053 3899 ’?
3093 3846 3229 3919 Quid
3285 3847 3400 3914 ipse
3441 3860 3575 3914 quo-

2019 3959 2126 4014 que
2168 3958 2330 3997 manu
2363 3956 2557 4012 aquam
2609 3939 2847 4002 metiris,
2883 3950 2937 3994 et.
2961 3938 3154 3993 caelum
3185 3937 3425 4006 palmo‘,
3476 3945 3590 3988 ter-

2019 4048 2246 4103 ramque
2279 4047 2493 4087 omnem
2530 4029 2753 4101 pugillo,
2781 4028 3051 4084 elementa
3083 4042 3300 4098 magna,
3325 4037 3380 4081 et
3425 4025 3562 4095 ejus.

2021 4127 2186 4189 modi,
2216 4131 2274 4177 ut
2304 4137 2365 4177 ea
2399 4122 2625 4178 Creator
2655 4121 2802 4177 solus
2838 4119 3073 4175 dimetiri
3105 4118 3313 4189 possit?
3338 4117 3575 4171 Primum

2021 4219 2250 4288 teipsum
2284 4228 2551 4286 cognosce
2580 4231 2594 4269 :
2627 4228 2746 4283 quin
2781 4213 2833 4269 in
2861 4212 3106 4268 manibus
3132 4219 3278 4275 sunt,
3306 4210 3576 4265 intellectu

2021 4318 2310 4375 assequere
2342 4323 2356 4359 :
2390 4305 2512 4373 quis
2569 4305 2667 4370 sis,
2715 4312 2771 4358 et
2822 4304 3095 4373 quomodo
3154 4302 3383 4365 eliictus,
3413 4302 3484 4356 ita
3542 4310 3596 4355 ιιι

2024 4395 2185 4450 simul
2234 4402 2288 4450 et
2342 4395 2516 4465 imago
2557 4393 2650 4448 Dei
2703 4395 2800 4461 sis,
2840 4403 2895 4449 et
2941 4394 3198 4449 deteriori
3246 4393 3595 4462 astringaris;

2023 4486 2151 4556 quid
2217 4485 2346 4540 illud
2398 4485 2488 4549 sit,
2520 4487 2661 4554 quod
2706 4485 2798 4540 tibi
2844 4495 3045 4540 motum
3080 4485 3277 4549 attulit,
3312 4500 3432 4555 qua:
3468 4485 3519 4538 in
3552 4492 3596 4537 te

2023 4577 2284 4646 sapientia
2314 4576 2546 4641 eluceat,
2582 4575 2724 4645 quod
2751 4583 2955 4630 naturae
2998 4590 3253 4629 arcaniim
3286 4587 3297 4623 :
3332 4572 3598 4642 quomodo

2025 4668 2140 4723 loco
2181 4668 2671 4730 circumscriberis,
2698 4682 2761 4722 ac
2792 4681 2943 4723 mens
2968 4667 3113 4721 nullo
3149 4666 3323 4721 limite
3372 4663 3592 4719 includi-

333 4756 536 4827 ραδοχή
568 4755 659 4820 τίς
710 4756 827 4810 ἐστι
865 4755 959 4811 τοῦ
1005 4756 1295 4827 ὀφθέντος,
1342 4758 1373 4829 ἢ
1420 4758 1557 4830 πρὸς
1589 4756 1764 4813 ἐκεῖνο
1802 4758 1919 4813 διὰι

2027 4767 2133 4825 tur,
2168 4759 2259 4815 sed
2310 4760 2364 4815 in
2412 4759 2601 4814 eodem
2642 4758 2759 4812 loco
2812 4772 3054 4823 manens,
3090 4757 3270 4812 omnia
3306 4757 3499 4813 lustrat
3538 4770 3600 4810 ac

334 4846 522 4911 ϐασις·
552 4848 671 4913 πῶς
718 4849 780 4901 τὸ
809 4849 941 4904 αὐτὸ
974 4851 1069 4903 καὶ
1086 4852 1226 4903 κινεῖ
1246 4890 1262 4914 ,
1432 4853 1527 4904 καὶ
1554 4855 1802 4917 κινεῖται,
1834 4851 1922 4905 διὰ

336 4937 642 5009 βουλήσεως
671 4937 1084 5011 κυϐερνώμενον
1105 4957 1120 4970 ·
1155 4940 1238 5005 τίς
1270 4939 1359 4993 δαὶ
1395 4940 1576 4994 παῦλα
1616 4943 1916 5012 κινήσεως·

334 5028 413 5095 τίς
439 5030 467 5081 ό
494 5029 605 5083 τῶν
644 5028 953 5100 αἰσθήσεων
992 5033 1280 5103 μερισμὸς,
1314 5032 1407 5085 καὶ
1442 5032 1558 5097 πῶς
1596 5033 1687 5087 διὰ
1719 5035 1922 5089 τούτων

333 5122 362 5174 ὁ
392 5120 518 5185 νοῦς
553 5122 731 5192 ὁμιλεῖ
916 5125 1029 5186 τοῖς
1061 5121 1186 5189 ἔξω,
1226 5123 1320 5177 καὶ
1359 5123 1427 5177 τὰ
1453 5123 1649 5191 ἔξωθεν
1682 5127 1922 5198 παραδέ-

334 5231 489 5285 χεται
510 5231 525 5245 ’
564 5215 682 5278 πῶς
714 5214 1089 5287 ἀναλαμϐάνει
1120 5215 1189 5269 τὰ
1217 5217 1329 5288 εἴδη
1354 5234 1368 5247 ·
1401 5218 1492 5270 καὶ
1524 5218 1606 5281 τίς
1632 5220 1664 5290 ἡ
1692 5220 1923 5291 τήρησις

336 5306 428 5359 τοῦ
460 5306 885 5377 ἀναληφθέντος,
929 5309 962 5380 ἦ
1006 5310 1225 5380 μνήμηο
1274 5311 1365 5362 καὶ
1407 5310 1491 5375 τίς
1536 5313 1569 5384 ἡ
1612 5310 1705 5365 τοῦ
1740 5312 1909 5366 ἀπελ-

339 5396 521 5459 θόντος
559 5396 853 5467 ἀνάληψις,
880 5397 913 5469 ἢ
945 5400 1282 5469 ἀνάμνησιςσ
1318 5399 1435 5463 πῶς
1475 5401 1637 5471 λόγος
1667 5402 1757 5455 νοῦ
1797 5406 1921 5472 γέν-

338 5501 505 5555 νημα,
544 5486 637 5538 καὶ
664 5484 1015 5571 γεννᾷ.λόγον
1044 5491 1099 5542 ὲν
1145 5490 1289 5561 ἄλλῳ
1336 5490 1441 5553 νοῒ,
1477 5492 1572 5544 καὶ
1608 5492 1723 5555 πῶς
1781 5492 1923 5565 λόγῳ

343 5575 513 5645 νόημα
550 5574 842 5628 διαδίδοται
864 5591 880 5607 ·
1050 5580 1164 5645 πῶς
1197 5582 1456 5655 τρέφεται
1635 5583 1720 5637 διὰ
1745 5584 1922 5656 ψυχῆς

346 5667 518 5735 σῶμα,
546 5669 639 5723 καὶ
663 5669 779 5733 πῶς
807 5669 952 5742 ψυχὴ
996 5671 1083 5725 διὰ
1114 5673 1366 5743 σώματος
1406 5678 1654 5729 κοινωνεῖ
1690 5676 1888 5741 πάθους
1908 5694 1921 5707 ·

399 5929 417 5964 ¹
445 5932 577 5990 Luc.
613 5934 722 5998 xiv,
748 5933 836 5990 ‘28.
915 5934 933 5965 ²
973 5931 1075 5988 isi.
1106 5950 1192 5993 xc.
1223 5931 1308 5989 l9.

2024 4861 2368 4923 pervagatur.
2434 4851 2738 4920 Quomodo,
2804 4866 2927 4906 cum
2981 4849 3223 4907 lantillus
3267 4849 3338 4904 sit
3387 4848 3598 4911 oculus,

2027 4955 2133 4998 tam
2162 4943 2318 5014 longe
2346 4945 2640 5015 pertingit;
2679 4953 2858 4999 utrum
2893 4944 3037 5013 quod
3078 4958 3189 4999 rem
3224 4943 3391 4997 visam
3416 4942 3601 5007 admit-

2025 5044 2122 5094 tat.
2179 5050 2246 5088 an
2300 5034 2478 5100 potius
2528 5035 2671 5104 quod
2726 5033 2791 5088 ad
2850 5048 2970 5089 eam
3025 5033 3601 5101 transeatzquomodo

2028 5126 2166 5179 idem
2195 5135 2249 5180 ct
2280 5135 2457 5180 movet
2488 5134 2544 5178 et
2588 5133 2854 5190 movetur,
2901 5139 2966 5180 ac
3009 5138 3103 5194 per
3145 5123 3473 5178 voluntatem
3505 5136 3602 5189 gu-

2024 5217 2284 5272 bernatur
2311 5232 2324 5270 :
2355 5229 2476 5286 qua:
2515 5227 2694 5271 motus
2724 5215 2901 5285 quies,
2934 5230 3054 5285 qua:
3076 5229 3329 5269 sensuum
3362 5212 3599 5282 partitio,

2026 5309 2293 5378 quomodo
2323 5324 2476 5364 mens
2504 5323 2689 5362 eorum
2720 5323 2882 5378 opera
2915 5322 3037 5361 cum
3070 5305 3308 5360 externis
3330 5311 3599 5366 versatur,

2026 5416 2186 5472 atque
2234 5410 2458 5456 externa
2509 5401 2712 5472 excipit
2749 5418 2761 5453 :
2794 5399 3064 5469 quomodo
3118 5397 3320 5451 formas
3367 5396 3597 5466 recipit°

2026 5512 2145 5565 qua:
2179 5506 2470 5565 assumptze
2504 5495 2581 5549 rei
2617 5493 2981 5556 conservatio,
3018 5490 3103 5544 vel
3152 5488 3408 5543 memoria
3441 5507 3455 5543 :
3484 5505 3602 5557 quae

2028 5587 2223 5657 clapsrc
2287 5586 2646 5659 recuperatio,
2696 5584 2781 5639 vel
2848 5581 3253 5637 reminiscentia
3290 5598 3301 5633 :
3335 5582 3601 5651 quomodo

2030 5692 2211 5733 sermo
2240 5677 2436 5733 mentis
2469 5676 2609 5732 fetus
2642 5683 2747 5739 εει,
2786 5682 2945 5743 atque
2980 5671 3030 5725 in
3062 5671 3163 5726 alia
3188 5680 3366 5727 mente
3396 5686 3601 5727 sermo-
