3984 6566
441 420 544 487 1ῗὸ
1668 417 2014 480 EUTHYMI

2119 417 2460 481 EIGABENI
3592 411 3692 477 176

429 568 552 606 nem
584 561 853 620 procreat,
882 558 936 605 et
970 548 1240 620 quomodo
1260 546 1513 617 cogitatio
1544 560 1795 603 sermone
1818 547 1973 602 dislri

2135 546 2234 608 τῶς
2274 546 2508 613 πήγνυσι
2555 545 2738 614 φόϐος,
2777 547 2871 599 καὶ
2896 547 3014 600 λύει
3057 549 3298 621 θάρσος,
3468 552 3563 603 καὶ
3616 569 3708 603 συ-

425 642 943 713 buitnrzquomodo
1001 655 1197 710 corpus
1252 654 1349 709 per
1407 640 1643 693 animam
1701 641 1887 707 alitur,
1941 649 1997 694 et

2132 636 2327 688 στέλλει
2358 636 2524 706 λύπη,
2555 637 2650 689 καὶ
2698 637 2874 707 διαχεῖ
2919 640 3103 711 ἡδονὴ,
3140 641 3236 694 καὶ
3282 643 3441 712 τήκει
3489 643 3705 711 φθόνος,

425 736 694 804 quommlo
721 733 899 786 anima
926 746 1020 799 per
1055 746 1254 801 corpus
1280 731 1564 785 aﬂectuum
1598 732 1868 799 particeps
1899 728 1991 783 iit:

2132 726 2212 778 καί
2250 726 2568 798 μετεωρίζει
2595 726 2784 796 τῦφος,
2813 730 2906 781 καὶ⁹
2951 730 3201 799 κουφίζει
3233 730 3417 795 ἐλπίς·
3457 733 3574 795 πῶς
3618 735 3705 784 ὲκ-

426 826 694 895 qnmnodo
722 839 838 887 eam
882 822 1044 877 timor
1073 822 1416 892 constringit,
1450 821 1777 891 prteﬁdentia
1813 819 1992 884 solvit,

2137 819 2299 871 ιαίνει
2347 818 2535 889 θυμὸς,
2588 821 2680 903 κα)ἐ
2726 821 2889 884 αἰδὼς
2930 823 3239 893 ἐρυθραίνει
3285 824 3350 876 δι’
3396 825 3646 895 αἵματος,
3682 827 3710 877 ὁ

427 931 626 969 tumror
654 914 945 978 contrahit,
977 914 1160 968 laetitia
1191 912 1461 976 diﬂ‘undit,
1496 914 1632 969 livor
1660 914 1782 967 tabe
1859 913 1999 968 ’θαί-

2137 908 2219 960 ιὲν
2257 908 2533 973 ζέσαντος,
2565 912 2596 980 ή
2635 911 2690 962 δὲ
2720 912 3174 983 ἀναχωρήσαντος
3195 931 3208 944 ·
3244 916 3338 968 καὶ
3387 916 3501 979 πῶς
3531 919 3579 969 οί
3615 936 3710 987 χα-

433 1010 504 1063 (·ἰι
529 1050 545 1074 ,
617 1006 869 1075 superbia
900 1004 1073 1065 cﬂ‘ert,
1108 1019 1230 1072 spes
1264 1004 1421 1074 erigit
1450 1005 1757 1073 :quomodo
1779 1004 1998 1058 iracun-

2135 1002 2391 1071 βακτῆρες
2440 1001 2548 1054 τῶν
2608 1003 2795 1056 παθῶν
2839 1005 2898 1055 ὲν
2947 1007 3057 1067 τοῖς
3106 1004 3356 1076 σώμασιυ
3399 1008 3482 1070 τίς
3530 1010 3563 1079 ἡ
3610 1008 3708 1060 τοῦ

423 1100 507 1150 dia
540 1114 656 1151 eam
694 1098 745 1150 in
772 1097 1006 1151 furorem
1040 1099 1170 1167 agit,
1203 1107 1253 1152 et
1284 1097 1454 1164 pudor
1483 1096 1679 1149 rubore
1712 1094 1992 1161 suil'undit;

2139 1092 2381 1162 ιογισμοῦ
2410 1095 2694 1167 προεδρία,
2730 1096 2824 1147 καὶ
2866 1094 2981 1157 πῶς
3010 1098 3142 1149 πᾶσι
3190 1097 3397 1160 τούτοις
3428 1101 3712 1151 ἐπιστατεῖ

427 1192 541 1243 hmc
574 1190 816 1258 quidem,
857 1190 1147 1243 ehulliente
1187 1190 1468 1259 sanguine,
1520 1189 1605 1242 hic
1650 1204 1801 1254 vero,
1847 1201 2000 1242 rece-

2136 1185 2214 1237 ιαὶ
2245 1188 2439 1257 ἡμεροί
2469 1185 2538 1238 τὰ
2583 1186 2691 1239 τῶν
2742 1185 2932 1239 παθῶν
2992 1188 3300 1257 κινήματα·
3356 1188 3472 1252 πῶς
3516 1191 3709 1260 αἵματι

424 1281 916 1349 olente:qnomodo
969 1280 1433 1348 perturbationum
1485 1280 1636 1348 signa
1682 1279 1997 1349 corporibus

2138 1280 2405 1348 ιρατεῖται
2446 1280 2540 1330 καὶ
2588 1281 2723 1348 πνοῇ
2757 1278 2818 1329 τὸ
2865 1276 3186 1348 ἀσώματον⁸
3220 1280 3312 1332 καὶ
3349 1279 3466 1341 πῶς
3510 1283 3539 1350 ἡ
3586 1280 3711 1333 τού-

427 1375 836 1442 imprimuntur;
899 1372 1172 1441 quomodo
1220 1371 1360 1424 ratio
1415 1371 1689 1439 prmsidet,
1727 1372 2000 1440 quomodo

2135 1384 2227 1419 των
2273 1367 2545 1438 ἔκλειψις,
2594 1369 2775 1439 ψυχῆς
2817 1370 2961 1421 ἐστιν
3011 1369 3379 1441 ἀναχώρησις.
3413 1370 3630 1437 Ταῦτα,
3675 1371 3708 1441 ἢ

428 1467 541 1520 11ωο
578 1464 755 1519 omnia
809 1465 946 1533 regit
982 1474 1036 1516 et
1081 1464 1408 1527 moderatur,
1442 1460 1834 1531 aﬂ'ectuumque
1883 1478 1998 1516 mo-

2139 1460 2325 1514 τούτων
2360 1477 2412 1513 τι
2448 1460 2805 1530 κατανόησον,
2837 1454 2882 1512 ὦ
2925 1460 3176 1529 ἄνθρωπε
3196 1478 3210 1492 ο
3240 1460 3392 1515 οὔπω
3418 1462 3525 1535 γὰρ
3563 1463 3712 1531 λέγω

436 1571 521 1614 Ius
570 1560 700 1612 lenit
745 1572 809 1612 ac
856 1558 1042 1621 sedat;
1080 1555 1347 1625 quomodo
1373 1570 1400 1608 a
1441 1555 1700 1623 sanguine
1732 1563 1785 1607 et
1824 1556 1997 1623 spira-

2139 1554 2303 1622 ρύσιν,
2346 1554 2378 1625 ἢ
2416 1553 2625 1624 κίνησιν
2664 1552 2918 1623 ούρανοῦ,
2966 1554 3060 1607 καὶ
3098 1553 3250 1619 τάξιν
3303 1555 3570 1626 ἀστέρων,
3614 1556 3712 1608 καὶ

428 1650 591 1710 tione,
637 1649 710 1709 id,
760 1647 903 1714 quod
952 1659 1178 1714 corpore
1226 1654 1403 1709 vacat,
1452 1653 1693 1708 tenetur;
1731 1647 1999 1714 quomodo

2137 1644 2273 1716 μίξιν
2313 1644 2613 1717 στοιχείων,
2653 1645 2746 1696 καὶ
2782 1643 2938 1709 ζώων
2970 1644 3255 1715 διαφορὰς,
3288 1646 3382 1698 καὶ
3420 1646 3710 1716 δυνάμεων

427 1741 618 1795 horum
652 1738 907 1802 deiectio,
944 1737 1137 1790 anima:
1178 1736 1436 1790 discessio
1471 1745 1574 1789 est.
1612 1734 1759 1800 ":00,
1783 1746 1872 1789 aut
1909 1738 2000 1792 ho-

2138 1737 2391 1808 ›ύρανίων
2425 1734 2717 1799 ύποὸοΐσεις
2891 1735 2984 1786 καὶ¹
3025 1734 3366 1805 ὑπερθέσεις,
3398 1733 3492 1787 καὶ
3529 1735 3711 1787 πάντα

426 1847 545 1884 rum
599 1829 823 1898 aliquid,
889 1843 923 1882 ο
987 1828 1183 1890 homo,
1235 1826 1541 1896 cognitione
1600 1827 1998 1895 comprehende

2132 1829 2205 1891 είς
2243 1830 2344 1882 ὅσα
2383 1832 2411 1882 ὁ
2451 1827 2844 1900 δημιουργικδς
3041 1826 3197 1894 λόγος
3237 1825 3705 1897 καταμερίζεται,

426 1923 682 1992 (nendum
719 1921 862 1977 enim
905 1920 1026 1974 ειειί
1075 1928 1320 1973 naturam
1354 1928 1447 1971 aut
1478 1926 1703 1981 motum,
1733 1934 1831 1973 nec
1856 1919 1998 1973 side—

2133 1922 2219 1974 καὶ
2277 1922 2469 1989 λόγους
2541 1922 2796 1992 προνοίας
2850 1919 2945 1973 καὶ
3012 1918 3367 1989 διοικήσεωςο
3416 1921 3510 1973 καὶ
3581 1921 3706 1972 τότε

425 2029 543 2066 rum
575 2013 840 2078 ordinem,
882 2027 983 2065 nec
1015 2009 1405 2065 elementorum
1437 2008 1868 2075 permistionem,
1899 2022 1998 2063 nec

2136 2011 2278 2065 οὔπω
2296 2012 2773 2084 λέγω,Θάρῤησονο
2797 2014 2931 2077 ἀλλ’,
2959 2012 3081 2063 Ἔτι
3114 2011 3377 2083 φοϐήθητι
3404 2011 3709 2082 προσϐῆναι

424 2106 779 2159 animantium
840 2104 1175 2167 discrimina,
1221 2116 1319 2156 nec
1377 2087 1675 2155 ctizlestium
1737 2102 1996 2155 virtutum

2136 2108 2240 2168 τοῖς
2280 2105 2648 2177 ὑψηλοτέροις,
2676 2107 2770 2160 καὶ
2800 2109 2911 2169 τοῖς
2946 2103 3149 2175 μᾶλλον
3192 2103 3333 2172 ὑπὲρ
3364 2102 3460 2167 τὴν
3488 2102 3586 2161 σὴν
3615 2102 3709 2155 δύ-

426 2195 709 2249 inl‘eriores
749 2196 945 2265 gradus
983 2204 1039 2248 et
1080 2193 1442 2258 snblimiores,
1483 2201 1644 2261 atque
1690 2192 1895 2257 omnia,
1944 2191 1996 2245 in
2128 2213 2313 2268 ναμιν.

425 2302 547 2357 quae
587 2289 784 2343 artifex
836 2289 977 2342 ratio
1019 2289 1389 2355 distribuitur,
1435 2303 1539 2343 nec
1573 2288 1810 2358 denique
1856 2287 2217 2357 providentia:
2279 2280 2808 2354 gubernationisque
2859 2282 3104 2338 rationes
3153 2283 3553 2352 commemoro)
3590 2300 3605 2336 :
3638 2297 3707 2337 ac

427 2391 541 2435 tum
574 2382 820 2436 nondum
850 2383 1049 2447 dicam,
1089 2383 1277 2450 Aude;
1313 2397 1528 2447 rerum,
1555 2382 1748 2436 Adhuc
1776 2380 1905 2435 time
1935 2380 2001 2436 ad
2031 2396 2094 2436 ea
2124 2394 2243 2452 qua:
2282 2374 2601 2434 sublimiora
2628 2384 2775 2442 sunt,
2838 2375 3094 2447 viresque
3147 2385 3268 2431 tuas
3321 2374 3493 2446 magis
3529 2390 3705 2446 supec

425 2481 566 2536 rant,
604 2473 886 2529 accedere.
1139 2487 1142 2490 ’

598 2564 942 2632 Eiusdemex
968 2569 1205 2621 oratione
1233 2570 1563 2641 apologatica
1596 2584 1814 2638 magna.

2195 2567 2307 2623 Τοῦ
2346 2564 2557 2621 αὐτοῦ.
2599 2564 2697 2619 Ἐκ
2728 2564 2837 2620 τοῦ
2860 2564 3132 2634 μεγάλου
3161 2563 3628 2635 ἀπολογητικοῦ.

490 2657 785 2712 Ἐκοοιευῐη
819 2668 911 2712 est
938 2659 1138 2713 cmlum
1197 2669 1359 2729 atque
1409 2661 1664 2725 sublime,
1727 2670 1871 2715 terra
1918 2674 2015 2713 au-

2187 2658 2434 2730 Ούρανὸς
2460 2656 2685 2727 ὑψηλὸς,
2706 2657 2777 2728 γῆ
2805 2656 2859 2709 δὲ
2887 2655 3099 2727 βαθεῖα,
3125 2657 3220 2709 καὶ
3245 2656 3333 2718 τίς
3369 2657 3709 2727 ἀναϐήσεται

426 2762 537 2806 tem
614 2750 841 2806 humilis
863 2761 920 2806 et
973 2752 1268 2822 profunda.
1324 2754 1527 2822 Ecquis
1573 2754 1701 2807 illuc
1734 2752 1992 2808 ascendet

2135 2749 2225 2802 τῶν
2263 2749 2622 2820 ἐρριμμένων
2669 2751 2737 2819 τῇ
2779 2749 3026 2819 ἁμαρτίᾳ
3047 2790 3061 2813 ,
3090 2747 3174 2810 τίς
3205 2749 3590 2819 περικείμενος
3622 2749 3708 2802 ἔτι

422 2856 614 2897 eorum
693 2844 785 2912 qui
871 2853 1096 2913 pmpter
1171 2854 1457 2915 peccatum
1520 2845 1750 2916 proiecti
1827 2846 1995 2901 suntf

2137 2843 2208 2895 τόν
2245 2842 2395 2895 κάτω
2428 2841 2611 2910 ζόφον,
2645 2842 2737 2893 καὶ
2770 2841 2868 2910 τῆς
2907 2839 3109 2909 σαρκὸς
3136 2840 3235 2912 τὴν
3266 2841 3557 2911 παχύτητα
3596 2842 3710 2912 ὅλῳ

428 2931 563 2996 Quis
635 2933 868 2986 terrenis
918 2932 1098 2988 adhuc
1140 2936 1383 2990 tenebris
1449 2935 1876 3005 circumseptus,
1960 2947 2001 2990 et

2135 2932 2202 2986 ro?
2246 2931 2504 3003 καθαρῶς
2548 2932 2876 2985 ἐποπτεύσει
2920 2930 3043 2985 νοῦν
3077 2931 3219 2997 ὅλον,
3269 2933 3363 2985 καὶ
3406 2933 3708 3003 μιγήσεται

427 3035 614 3075 crasso
706 3021 970 3091 corporis
1071 3022 1399 3078 indumento
1514 3024 1830 3093 obvolutus,
1903 3034 2000 3079 tot:

2133 3027 2228 3087 τοῖς
2260 3024 2486 3087 ἑστῶσι,
2514 3023 2610 3077 καὶ
2626 3022 2884 3094 ἀοράτως
2911 3024 2969 3076 ὲν
2996 3025 3109 3086 τοῖς
3137 3023 3412 3089 ἀστατοις,
3447 3022 3541 3076 καὶ
3565 3025 3706 3094 ὀρωο

428 3120 608 3165 mente
674 3120 842 3165 totam
913 3122 1150 3166 mentem
1212 3128 1350 3183 pure
1403 3116 1600 3183 poterit
1666 3116 1906 3182 intueri,
1965 3132 2001 3173 et

2135 3115 2300 3175 ιένοις
2328 3128 2342 3177 ;
2381 3113 2536 3182 μόλις
2566 3112 2677 3182 γὰρ
2703 3112 2770 3166 ἄν
2796 3129 2881 3176 τις
2908 3111 3141 3166 ἐνταῦθα
3165 3113 3274 3166 τῶν
3299 3112 3505 3183 σφόδρα
3536 3130 3708 3169 κεκα-

426 3203 571 3258 inter
656 3203 795 3270 haec,
874 3220 995 3275 quae
1055 3214 1184 3259 sunt
1249 3206 1552 3272 instabilia,
1640 3219 1696 3265 et
1761 3210 1999 3265 sensibus

2134 3207 2403 3275 Ιαρμένων
2434 3205 2539 3258 κᾶν
2585 3204 2804 3259 εἴδωλον
2819 3204 2915 3258 τοῦ
2939 3203 3107 3258 καλοῦ
3134 3194 3484 3276 θεωρήσειεν,
3508 3205 3663 3259 ὥσπε
3674 3223 3707 3278 ρ

424 3296 661 3351 obnoxia
717 3312 966 3363 manens,
1005 3298 1072 3352 ad
1114 3314 1199 3362 ea,
1232 3315 1352 3369 quae
1402 3310 1530 3355 sunt
1581 3302 1899 3368 immobilia,
1962 3320 1993 3358 e

2133 3299 2163 3350 ιί
2193 3298 2287 3349 τὸν
2324 3296 2476 3367 ἣλιον
2508 3298 2566 3349 ἐν
2593 3298 2707 3359 τοῖς
2732 3295 2911 3350 ὕδασι.
2950 3298 3047 3360 Τίς
3075 3298 3103 3349 ό
3146 3299 3431 3368 μετρήσας
3460 3301 3526 3369 τῇ
3552 3301 3706 3369 χειρὶ

426 3390 600 3443 oculis
639 3389 792 3445 cerni
832 3404 942 3444 non
1001 3400 1228 3459 possunt
1253 3393 1541 3462 aspirare?
1602 3394 1806 3449 Eorum
1860 3404 1999 3450 certe

2133 3388 2175 3440 ιδ
2213 3388 2378 3457 ὕδωρ,
2412 3388 2507 3441 καὶ
2558 3388 2650 3442 τὸν
2680 3387 2910 3459 οὐρανὸν
2947 3388 3220 3461 σπιθαμῇ,
3256 3391 3353 3442 καὶ
3391 3392 3574 3443 πᾶσαν
3598 3392 3706 3462 τὴν

424 3482 518 3550 qui
547 3481 636 3536 hic
667 3482 788 3552 puri
813 3482 1112 3553 mundique
1151 3493 1299 3547 sunt,
1319 3484 1410 3539 vix
1458 3485 1746 3556 quisquam
1804 3487 1997 3557 poterit

2133 3480 2220 3550 γῆν
2269 3480 2475 3551 δρακί;
2510 3480 2609 3541 Τίς
2647 3480 2845 3550 ἔστησε
2902 3480 2970 3534 τὰ
3007 3481 3109 3551 ὅρη
3155 3481 3403 3552 σταθμῷ,
3455 3481 3551 3536 καὶ
3598 3481 3706 3546 τὰς

427 3573 778 3627 simulacrum
853 3572 998 3628 illius
1074 3574 1501 3644 pulchritudinis
1555 3578 1818 3647 aspicere,
1900 3594 2000 3633 non

2128 3570 2296 3634 νάπας
2331 3570 2523 3640 Curti);
2575 3570 2670 3634 Τίς
2696 3571 2859 3635 τόπος
2909 3574 3007 3641 τῆς
3053 3573 3455 3637 καταπαύσεως
3502 3572 3701 3638 αὑτοῦ,

426 3679 606 3730 secus,
632 3674 802 3735 atque
830 3665 928 3727 illi,
956 3667 1048 3739 qui
1086 3669 1255 3722 solem
1286 3668 1340 3723 in
1377 3684 1515 3739 aqua
1544 3670 1999 3741 contemplantur.

2130 3665 2211 3716 ιαὶ
2252 3664 2359 3717 τίνι
2391 3664 2500 3716 τῶν
2531 3664 2748 3719 πάντων
2770 3665 3174 3736 ὁμοιωθήσεται
3208 3682 3222 3732 ;
3274 3666 3371 3729 Τίς
3399 3666 3427 3720 ό
3457 3668 3703 3737 ποιήσας

426 3756 561 3822 Quis
595 3765 679 3812 est
724 3758 832 3823 ille,
870 3760 963 3828 qui
1015 3775 1208 3830 aquam
1261 3777 1447 3825 manu,
1490 3771 1545 3816 et
1595 3763 1792 3818 cmlum
1833 3762 1999 3832 palma

2129 3758 2181 3811 ιά
2218 3757 2396 3811 πάντα
2423 3758 2481 3809 ὲν
2506 3756 2671 3827 λόγῳ,
2723 3756 2818 3810 καὶ
2847 3759 2911 3827 τῇ
2957 3758 3118 3830 σοφία
3151 3762 3570 3823 κατασκευάσας
3599 3761 3702 3814 ἄν·

424 3851 711 3905 dimensus
744 3859 863 3915 est,
921 3862 990 3906 et
1038 3852 1241 3922 pugillo
1283 3862 1481 3908 terram
1515 3854 1760 3909 continet
1794 3854 1997 3908 univer-

2130 3855 2357 3924 ipamov,
2393 3853 2489 3908 καὶ
2521 3857 2601 3916 εἰς
2635 3854 2693 3907 ἓν
2729 3854 2956 3922 ἀγαγὼν
2984 3856 3051 3908 τὰ
3086 3855 3372 3915 διεστῶτα.
3404 3856 3498 3909 καὶ
3530 3854 3703 3925 μίξας

426 3943 751 4008 sam?Quis
783 3950 997 3999 montes
1048 3943 1103 3997 in
1153 3944 1314 3998 lance
1361 3944 1563 4014 posuit,
1615 3954 1671 3998 et
1735 3945 1903 3999 valles
1955 3944 1999 3997 in

2133 3944 2210 3999 τδν
2239 3944 2371 4016 χοῦν
2401 3944 2480 4016 τῷ
2513 3945 2811 4014 πνεύματι,
2850 3945 2943 3999 καὶ
2979 3944 3193 4008 συνθεὶς
3225 3945 3361 4011 ζῶον
3382 3946 3574 4016 ὁρατὸν
3603 3945 3706 3999 καὶ

425 4035 673 4090 statera?
702 4035 903 4105 Ecquis
933 4036 1221 4092 erit-locus
1247 4078 1262 4101 ,
1295 4038 1348 4092 in
1384 4054 1495 4108 quo
1540 4039 1629 4094 ille
1664 4038 1998 4109 requiescat?

2130 4038 2388 4107 Ξιόραιτον,
2440 4037 2776 4107 πρόσκαιρον
2818 4037 2912 4090 καὶ
2952 4037 3255 4106 ἀθάνατον,
3310 4038 3553 4108 ἐπίγειον
3601 4039 3703 4091 καὶ

424 4126 655 4182 Cuinam
680 4128 939 4183 omnibus
962 4143 992 4182 e
1031 4127 1193 4183 rebus
1224 4130 1438 4185 dicetur
1466 4128 1703 4186 similis?
1753 4130 1887 4197 Quis
1926 4141 1997 4185 est

2131 4128 2380 4200 »ύρὰνιον,
2413 4128 2721 4199 ἀπτόμενον
2756 4128 2891 4182 Θεοῦ
2925 4129 3019 4184 καὶ
3054 4130 3113 4182 οὺ
3160 4129 3704 4200 περιδρασσόμενον,

425 4217 542 4284 ille,
576 4218 668 4289 qui
698 4217 866 4273 verbo
897 4217 1028 4272 fecit
1055 4218 1279 4273 omnia?
1304 4218 1408 4283 Qui
1450 4220 1736 4290 sapientia
1771 4221 1998 4276 fabrica-

2133 4220 2331 4289 εγγίζον
2378 4222 2474 4276 καὶ
2517 4222 2935 4292 μακρυνόμενον
2967 4238 2982 4290 ;
3015 4217 3188 4287 Bina,
3216 4221 3706 4291 σοφισθήσομαι,

426 4320 518 4366 tus
544 4322 626 4365 est
657 4310 979 4365 hominem?
1007 4308 1109 4376 Qui
1143 4310 1464 4366 dissidentia
1518 4313 1572 4366 in
1602 4328 1772 4367 unum
1814 4322 1999 4368 contu-

2132 4317 2281 4385 ρησῖν
2306 4315 2332 4367 ό
2364 4314 2638 4384 Σολομὼν,
2664 4314 2761 4368 καί
2793 4313 2947 4382 αὐτὴ
3005 4314 3347 4384 ἐμακρύνθη
3404 4314 3506 4368 ἀπ’
3545 4314 3705 4384 ἐμοῦ

424 4405 490 4461 lit
512 4406 539 4457 ‘?
584 4403 689 4471 Qui
730 4403 943 4474 spiritui
973 4404 1255 4474 pulverem
1288 4404 1746 4472 admiscuitiQui
1778 4406 1997 4474 animal,

2136 4406 2346 4474 ιακρὰν
2375 4405 2528 4475 ὑπὲρ
2558 4406 2590 4460 ὃ
2629 4403 2729 4478 ἥν,
2755 4406 2852 4478 τὴν
2880 4408 3071 4475 σοφίαν
3106 4406 3304 4475 λέγων,
3341 4406 3437 4459 καὶ
3461 4406 3631 4469 ὅντως
3671 4409 3709 4461 ὀ

426 4497 576 4568 quod
617 4496 885 4563 cemitur,
938 4512 1060 4551 cum
1116 4512 1204 4561 eo,
1248 4480 1394 4567 quod
1427 4497 1589 4553 'cerni
1638 4514 1747 4553 non
1800 4508 1999 4571 potest,

2137 4497 2449 4567 προστιθείς
2470 4497 2697 4569 γνῶσιν
2717 4500 3118 4568 προστίθησιν
3137 4498 3396 4572 ἄλγημα,
3415 4499 3474 4552 οὐ
3497 4498 3710 4570 μᾶλλον

423 4590 654 4645 mortale
710 4604 833 4645 cum
903 4590 1220 4655 immortali,
1273 4600 1552 4647 terrenum
1613 4607 1735 4647 cum
1797 4594 1996 4649 cmlesti

2141 4589 2496 4661 ύφραίνοντος
2524 4589 2619 4643 τοῦ
2640 4589 2976 4661 εὑρεθέντος,
3003 4590 3034 4661 ἢ
3058 4590 3318 4654 ἀνιῶντος
3341 4589 3435 4643 τοῦ
3464 4590 3662 4660 διαφεύ
3681 4622 3707 4635 -

426 4683 727 4754 capularit,
790 4685 934 4754 quod
977 4682 1150 4738 Deum
1206 4685 1440 4755 attingit,
1492 4695 1547 4739 et
1598 4701 1709 4739 non
1760 4702 1999 4757 compre.

2137 4700 2325 4747 rovm;,
2347 4682 2508 4753 ὅπερ,
2544 4677 2719 4753 οἶμαι,
2750 4683 2898 4753 φιλεῖ
2928 4682 3247 4753 συμδαίνειν
3282 4684 3395 4747 τοῖς
3423 4683 3502 4736 ἔτι
3532 4683 3710 4754 διψῶ-

427 4772 643 4838 ltendit,
665 4775 1092 4846 appropinquat,
1116 4785 1169 4830 et
1202 4779 1392 4846 procul
1415 4778 1611 4832 abest?
1639 4778 1781 4847 Dixi,
1801 4781 2000 4848 sapiens

2137 4793 2202 4832 τιν
2232 4777 2653 4846 ἀποσπωμένοις
2677 4776 2885 4842 ὕδατος,
2914 4776 2946 4847 ἦ
2973 4777 3199 4846 κρατεῖν
3217 4795 3269 4831 τι
3293 4777 3353 4830 ού
3375 4776 3710 4848 δυναμένοις

426 4864 580 4935 fiam,
604 4866 781 4936 inquit
808 4866 1085 4932 Salomon,
1115 4878 1162 4922 et
1187 4870 1399 4922 recessit
1428 4887 1458 4922 a
1488 4870 1820 4940 me‘longius,
1853 4889 1999 4942 quan

2135 4867 2262 4938 ἷχειν
2289 4868 2623 4939 νομίζουσιν,
2663 4868 2694 4939 ἦ
2727 4868 2819 4933 οὓς
2842 4868 3086 4938 ἀπῆλθεν
3116 4868 3279 4933 εὐθὺς
3306 4870 3562 4943 ἀστραπὴ
3598 4889 3708 4924 πε-

433 4968 551 5014 erat
581 4961 728 5028 prius
758 4961 798 5016 ί.
873 4961 1211 5032 Sapientiam
1249 4970 1432 5016 autem
1470 4962 1739 5033 intelligit.
1793 4965 1857 5018 Et
1884 4980 2006 5035 pro-

2134 4961 2461 5032 ιιλάμψασα.
2524 4961 2696 5015 Τοῦτό
2746 4979 2811 5033 με
2870 4962 2990 5033 ἵστη
3044 4962 3235 5029 κάτω,
3273 4964 3365 5017 καὶ
3438 4963 3707 5021 ταπεινὸν

432 5050 581 5107 fecto
611 5054 702 5122 qui
730 5053 1005 5107 scientiam
1030 5053 1203 5117 addit,
1250 5055 1397 5107 addit
1434 5063 1483 5107 et
1530 5053 1763 5107 dolorem
1800 5056 1840 5121 ’,
1889 5070 2005 5109 cum

2136 5054 2318 5119 ;ποίει,
2375 5055 2470 5108 καὶ
2518 5050 2661 5109 εἶναι
2707 5054 2917 5125 βέλτιον
2960 5057 3183 5111 ἔπειθεν
3244 5057 3468 5113 ἀκούειν
3512 5060 3709 5130 φωνὴν

427 5160 542 5199 non
566 5146 826 5214 majorem
848 5144 1093 5200 laetitiam
1127 5146 1359 5215 accipiat
1393 5160 1457 5199 ex
1493 5160 1578 5205 eo.
1610 5148 1753 5216 quod
1799 5147 2000 5214 didicit,

2135 5150 2402 5215 ιίνέσεως,
2466 5149 2497 5220 ἢ
2552 5148 2825 5221 ἐξηγητὴν
2883 5144 3026 5205 εἶναι
3081 5150 3191 5204 τῶν
3246 5152 3386 5223 ὑπὲρ
3440 5151 3708 5223 δύναμιν.

431 5248 595 5310 quam
623 5239 868 5294 dolorem
916 5254 983 5294 ex
1028 5255 1114 5304 eo,
1142 5240 1286 5310 quod
1320 5240 1542 5311 assequi
1576 5242 1921 5312 non-potuit.
1954 5242 2004 5297 Id

2136 5243 2192 5297 Ἡ
2218 5230 2609 5313 μεγαλειότης,
2626 5243 2722 5296 καὶ
2747 5242 2806 5296 τὸ
2836 5241 2991 5312 ὕψος,
3014 5243 3110 5297 καὶ
3144 5244 3202 5298 τὺ
3240 5246 3478 5317 ἀξίωμα,
3509 5247 3607 5299 καὶ
3636 5249 3709 5301 αἱ

430 5332 580 5402 quod
608 5333 712 5388 illis
744 5332 1243 5403 solelcontingere,
1276 5332 1368 5400 qui
1397 5333 1647 5388 sitientes
1675 5333 1852 5388 adhuc
1883 5333 2003 5389 abs-

2133 5335 2361 5405 ιαθαραὶ
2390 5335 2584 5405 φύσεις
2621 5336 2780 5405 μόλις
2824 5338 3102 5409 χωροῦσαι
3135 5338 3269 5392 Θεοῦ
3307 5339 3706 5412 λαμπρότητα,

435 5425 728 5479 trahuntur
774 5424 840 5479 ab
871 5438 1030 5494 aqua.
1092 5424 1200 5479 Aut
1233 5426 1323 5495 qui
1352 5440 1410 5481 se
1439 5426 1639 5497 aliquid
1677 5436 1861 5484 tenere
1898 5429 2008 5500 jam

2137 5446 2172 5479 ,ν
2219 5428 2460 5491 ἄϐυσσος
2495 5429 2788 5497 καλύπτει,
2821 5424 2883 5484 οὗ
2931 5431 3125 5495 σκότος
3158 5432 3473 5503 ἀποκρυφὴ,
3515 5435 3710 5501 φωτὸς

432 5526 654 5590 putant,
682 5517 825 5588 quod
846 5518 1074 5586 assequi
1108 5528 1410 5586 nequeunt.
1462 5520 1572 5575 Aut
1615 5536 1752 5591 quos
1781 5520 2005 5590 fulguris

2127 5520 2261 5583 ὄντος
2290 5520 2385 5573 τοῦ
2416 5512 2831 5591 καθαρωτάτου,
2854 5524 2944 5576 καὶ
2971 5524 3267 5593 ἀπροσίτου
3293 5528 3403 5590 τοῖς
3428 5525 3700 5593 πλείοσιν,

432 5611 695 5681 splendor
747 5625 931 5680 prope
967 5610 1134 5664 citius
1165 5612 1441 5677 transiliit,
1476 5628 1636 5682 quam
1693 5614 2005 5668 illustravit.

2134 5635 2164 5677 ις
2196 5615 2256 5666 ἐν
2285 5614 2417 5682 τῷδε
2447 5615 2523 5685 τῷ
2556 5618 2737 5681 παντὶ,
2774 5618 2868 5668 καὶ
2892 5617 2983 5671 τοῦ
3013 5618 3214 5682 παντός
3244 5621 3390 5673 ἐστιν
3422 5620 3548 5685 ἔξω.
3599 5621 3707 5685 Ὃς

432 5699 559 5757 llaec
587 5716 675 5756 me
702 5699 960 5770 cegitatio
1004 5702 1291 5771 depressit,
1318 5712 1480 5773 atque
1510 5703 1770 5762 humilem
1826 5706 2005 5763 reddi.

2129 5708 2274 5765 παλόν
2313 5709 2462 5765 ἐστιν
2507 5709 2673 5775 ἅπαν,
2715 5712 2810 5765 καὶ
2838 5711 2951 5767 ἄνω
2985 5711 3153 5770 καλοῦ
3202 5713 3424 5781 παντὸς,
3469 5713 3527 5779 ὃς
3563 5713 3702 5769 νοῦν

510 5845 741 5921 '_Eccle.
778 5844 988 5913 “1,24.
1083 5848 1101 5878 ³
1141 5845 1324 5903 Eccle.
1361 5864 1399 5918 ι,
1434 5850 1515 5904 i8.
