3954 6604
136 427 242 494 185

1121 439 1496 502 PANOPLIA
1539 440 2004 502 DOGMATICA.
2043 465 2107 476 -
2148 442 2295 501 TlT.
2340 439 2421 502 ιν

3280 439 3408 503 186

133 542 390 609 φύσεων,
432 544 530 599 καὶ
578 547 753 604 τᾶλλα
797 551 977 607 πάντα
1036 554 1434 626 παραδραμὼν,
1485 556 1578 610 ἐπὶ
1631 556 1730 624 τὴν

1840 555 2012 611 teritis
2051 556 2115 611 ad
2180 572 2493 627 supremam
2542 555 2635 612 Dei
2718 564 2972 611 naturam
3048 556 3405 628 indagandam

132 632 599 708 ὑπερφυεστάτην
644 641 741 693 τοῦ
797 640 935 695 Θεοῦ
984 642 1147 712 φύσιν
1200 646 1563 719 ἀνατρέχεις;
1608 647 1723 715 Τῆς

137 727 378 780 σεαυτοῦ
418 729 595 801 ψυχῆς
635 733 735 787 οὐκ
782 729 930 799 οἶδας
972 736 1073 807 τὴν
1123 738 1336 801 οὐσίαν,
1369 742 1466 795 καὶ
1495 741 1548 796 τί
1581 740 1725 810 λέγω

133 817 240 887 τὴν
269 819 485 886 οὐσίαν,
522 822 641 876 οὐδὲ
678 824 797 888 πῶς
849 826 1029 880 ἔνεστι
1068 827 1147 898 τῷ
1204 827 1421 898 σώματί
1484 846 1580 882 σου
1640 846 1725 898 γι-

132 910 399 977 νώσκεις,
436 914 667 985 πότερον
721 920 1143 986 παρεκτείνεται
1193 920 1273 991 τῷ
1326 922 1421 975 τοῦ
1471 922 1726 992 σώματος

133 1000 328 1070 (Symp;
365 1004 531 1059 Ἀλλὰ
566 1006 815 1077 σώματος
858 1011 990 1065 ίδιον
1034 1013 1065 1083 ἡ
1102 1014 1466 1084 παρέκτασις,
1506 1015 1566 1066 οὐ
1619 1014 1721 1084 ψυσ

136 1098 248 1165 χῆς
276 1112 291 1127 ·
336 1097 596 1161 πολλάκις
630 1102 760 1172 γὰρ,
805 1102 914 1156 τῶν
962 1106 1163 1175 χειρῶν
1191 1106 1222 1176 ἢ
1252 1108 1360 1158 τῶν
1385 1107 1563 1159 ποδῶν
1588 1107 1726 1160 ἀπο-

131 1186 444 1255 κοπέντων,
474 1191 765 1264 ὁλόκληρος
788 1195 821 1265 ή
848 1195 995 1266 ψυχὴ
1047 1198 1233 1267 μένειν
1263 1199 1534 1265 πέφυκεν.
1581 1197 1724 1250 Ἀλλ’

129 1281 199 1333 οὗ
250 1284 670 1353 παρεκτείνεται
708 1289 822 1351 τοῖς
875 1290 1068 1359 μέρεσι
1123 1290 1220 1343 τοῦ
1270 1290 1542 1360 σώματος.
1579 1292 1728 1345 Ἔδει

129 1368 235 1424 οὖν
270 1373 354 1435 είς
402 1373 439 1427 ἃ
489 1376 563 1445 μὴ
613 1376 812 1447 διήκει,
859 1383 1028 1451 νεκρά
1082 1382 1258 1438 ταῦτα
1294 1381 1455 1441 εἶναι.
1492 1387 1565 1439 Τὸ
1614 1388 1725 1458 γὰρ

130 1461 354 1532 ἄψυχον
384 1466 606 1530 πάντως
645 1468 740 1521 καὶ
768 1473 983 1542 νεκρόν.
1026 1474 1168 1526 Ἀλλ’
1193 1476 1315 1529 οὐδὲ
1348 1477 1510 1533 τοῦτο
1542 1464 1724 1548 λέγειν

129 1552 280 1639 ἔξει.
308 1556 510 1609 Λοιπὸν
537 1575 653 1622 ουν,
691 1560 773 1613 ὅτι
806 1562 904 1631 μὲν
940 1562 1058 1616 ἔστι
1089 1567 1146 1619 ἐν
1172 1567 1249 1637 τῷ
1293 1567 1509 1639 σώματι
1561 1569 1728 1639 γινώ-

132 1633 322 1712 σκεις,
351 1648 413 1702 τὸ
440 1650 495 1703 δὲ
530 1653 666 1717 πῶς,
704 1654 938 1722 ἀγνοεῖς.
973 1652 1104 1710 Εἶτα
1148 1661 1374 1713 σεαυτὸν
1408 1663 1557 1716 οὖτῶ
1587 1682 1726 1734 προ-

130 1740 322 1811 δήλοις
378 1746 612 1812 ἀγνοῶν,
658 1747 748 1801 τὸν
798 1748 1028 1802 σεαυτοῦ
1086 1753 1318 1825 ποιητὴν
1364 1754 1674 1823 γινώσκεις,
1702 1757 1729 1810 ὃ

129 1834 240 1905 τὴν
281 1836 450 1903 φύσιν
485 1839 646 1905 ﬁeri;
682 1842 1083 1911 Χαλεπώτερὰ
1130 1861 1277 1919 σου,
1319 1846 1477 1917 φησὶ,
1504 1848 1590 1916 μὴ
1633 1848 1729 1919 ζῆ-

1823 649 2088 704 accurris?
2118 650 2296 705 Animi
2332 651 2405 704 tui
2455 651 2670 723 ignoras
2721 649 3038 705 essentiam.
3102 650 3409 705 Essentiam

1824 739 1975 794 dico?
2009 740 2120 795 lmo
2149 757 2276 796 vero
2310 742 2493 798 nescis
2532 742 2811 811 quomodo
2845 742 2891 795 is
2916 741 3049 796 insit
3076 741 3134 795 in
3177 756 3409 812 corpore

1825 841 1938 886 tuo.
1973 831 2113 899 Quid
2146 833 2239 896 ita.
2276 835 2510 905 inquies.
2538 849 2723 889 nonne
2776 834 2847 890 ad
2902 835 3099 889 molem
3161 834 3411 904 corporis

1825 925 2161 991 extenditur?
2180 926 2403 983 Minime
2434 944 2562 983 vero
2586 946 2598 982 :
2626 944 2748 983 nam
2769 927 3016 983 extensio
3042 928 3287 998 corporis
3303 937 3410 993 est,

1828 1035 1933 1073 non
1957 1020 2145 1075 animi.
2180 1021 2332 1092 Saepe
2349 1022 2493 1077 enim
2512 1022 2784 1081 manibus.
2815 1030 2902 1076 aut
2937 1020 3169 1089 pedibus
3220 1033 3413 1088 ampu-

1826 1111 1953 1167 tatis
1989 1123 2133 1168 totus
2156 1116 2209 1168 in
2242 1131 2437 1171 maneo
2463 1130 2692 1187 corpore
2740 1115 2954 1170 animus
3009 1121 3211 1167 manet.
3244 1111 3409 1177 Quid.

1829 1205 2063 1275 inquies.
2104 1222 2284 1261 nonne
2302 1209 2371 1261 ad
2406 1224 2599 1263 omnes
2636 1208 2886 1277 corporis
2918 1217 3100 1276 partes
3163 1202 3411 1258 extendi-

1828 1300 2143 1370 tur?Atqni
2175 1301 2393 1355 videtur
2418 1302 2636 1356 extendi
2669 1310 2944 1369 eporlere.
2988 1297 3205 1365 Alioqui
3255 1310 3407 1349 mor-

1830 1401 1935 1446 tuae
1964 1402 2146 1448 essent
2182 1393 2285 1448 illa:
2316 1402 2500 1463 partes
2527 1393 2595 1447 ad
2624 1408 2760 1463 quas
2793 1393 3010 1446 animus
3036 1405 3147 1443 non
3217 1402 3414 1457 perve-

1828 1485 1996 1539 niret.
2029 1485 2181 1550 Quod
2213 1487 2357 1541 enim
2389 1486 2573 1540 animo
2623 1492 2791 1550 caret,
2850 1493 3000 1539 caret
3050 1491 3105 1537 et
3143 1480 3274 1534 vita.
3335 1478 3412 1533 Ex

1831 1574 1915 1629 his
1936 1576 2228 1648 colligitur,
2263 1586 2312 1631 te
2342 1576 2484 1631 scire
2506 1572 2746 1630 animum
2780 1575 3080 1644 incorpore
3126 1584 3411 1639 esseque.

1831 1669 1996 1725 modo
2017 1680 2197 1724 autem
2231 1670 2285 1723 in
2316 1685 2544 1739 corpore
2574 1669 2664 1731 sit.
2721 1670 2991 1739 ignorare.
3046 1664 3183 1720 Cum
3250 1663 3413 1732 igitur

1835 1759 2072 1829 teipsum
2110 1759 2269 1829 plane
2300 1759 2535 1830 ignores,
2576 1768 2825 1811 naturam
2866 1769 3163 1825 cognosres
3192 1751 3413 1807 enecto-

1833 1850 1906 1903 ris
1934 1851 2011 1904 tui
2038 1851 2060 1904 ?
2089 1851 2221 1916 Qua:
2262 1861 2311 1904 le
2343 1850 2639 1919 dilﬁciliora
2675 1858 2819 1912 sunt,
2850 1849 3048 1915 inquit,
3078 1863 3139 1899 ne
3179 1860 3413 1911 quwras,

130 1942 248 1991 τει,
288 1928 388 1980 καὶ
421 1930 781 1999 ἰσχυρότερὰ
820 1948 938 1988 σου
988 1935 1074 2003 μὴ
1114 1915 1391 2000 ἐξέτίιζελ
1424 1915 1513 2010 μὴν
1540 1915 1622 1994 ὅτι
1663 1915 1727 2008 γε

1840 1953 2010 2014 aqua,
2033 1945 2256 2014 fortiora
2278 1953 2399 1998 sunt
2430 1954 2499 2006 te,
2527 1960 2589 1998 ne
2619 1943 2859 2012 explores
2883 1943 2922 1997 ¹.
2943 1941 3110 2003 Cave,
3141 1955 3210 1993 ne
3233 1939 3416 1993 curio-

132 2019 279 2087 περὶ
310 2020 447 2073 Θεοῦ
492 2022 796 2096 φύσεως,ἢ
846 2028 1177 2101 ἀγγέλοιψῆ
1217 2030 1543 2101 ἀνθρώπων,
1590 2033 1728 2088 ἀλλά

135 2112 283 2180 μηδὲ
335 2113 465 2181 περὶ
510 2116 615 2167 τῶν
663 2116 908 2188 ἀψύχων.
962 2120 1024 2173 Ei
1069 2123 1177 2192 γὰρ
1218 2121 1488 2194 βουληθῆς
1553 2123 1730 2180 ἐλθεῖν

134 2206 222 2267 εἰς
258 2206 495 2277 ζήτησιν
541 2210 650 2263 τῶν
699 2212 1106 2283 γεγενημένων,
1162 2214 1245 2277 είς
1297 2213 1525 2287 εὔριπον
1576 2217 1729 2286 λογι-

136 2297 285 2367 σμὸν
320 2302 413 2351 καὶ
446 2300 672 2370 κύματα
726 2303 896 2358 πολὺν
935 2306 1280 2376 ἐργαζόμενα
1327 2309 1597 2378 χειμῶνα,
1634 2310 1730 2363 καὶ

134 2391 409 2458 ναυάγιον
466 2393 648 2465 ψυχῆς
698 2396 953 2467 ἐμϐαλὼν
1012 2398 1246 2470 σεαυτῷ,
1277 2400 1336 2454 οὐ
1394 2401 1561 2470 μόνον
1607 2402 1730 2473 είσῃ

137 2481 314 2535 πλέον
354 2485 528 2551 οὐδὲν,
568 2489 644 2558 μὴ
668 2488 970 2559 δυνάμενος
1001 2490 1239 2545 ἕκαστον
1272 2493 1475 2561 λόγους
1519 2494 1727 2565 εὑρεῖν,

137 2575 285 2630 ἀλλὰ
323 2577 420 2643 καὶ
462 2580 572 2633 τῶν
607 2580 704 2635 νῦν
739 2599 820 2636 σοι
845 2583 1148 2638 δοκούντων
1176 2584 1359 2639 καλῶν
1391 2585 1563 2640 πολλά
1609 2588 1729 2641 δια·

139 2665 360 2734 ϐαλεῖς,
393 2670 498 2726 ὑπὸ
541 2673 641 2743 τῆς
671 2673 957 2741 ἀσθενείας
1004 2676 1113 2732 τῶν
1143 2677 1425 2748 λογισμῶν
1477 2681 1557 2743 εἰς
1600 2680 1730 2735 τάν·

138 2762 309 2816 αντία
338 2768 764 2838 περιαγόμενος.

758 2998 866 3054 Τοῦ
918 2999 1129 3054 αὑτοῦ.

211 3110 358 3164 Ἵνα
381 3110 685 3181 γνωρισθῇ
706 3112 844 3179 νῦν,
883 3115 1018 3185 φησὶ
1047 3115 1147 3170 καὶ
1182 3116 1313 3183 ταῖς
1348 3118 1596 3188 Ἀρχαῖς,
1632 3122 1731 3175 καὶ

138 3206 277 3273 ταῖς
318 3206 653 3275 Ἑξουσίαις
678 3208 751 3263 ἐν
778 3209 903 3275 τοῖς
936 3210 1322 3280 ἐπουρανίοις
1346 3211 1444 3266 διὰ
1462 3210 1573 3282 τῆς
1606 3214 1731 3269 Ἐκ-

141 3302 418 3367 sana/ac
487 3301 526 3370 ἡ
596 3303 1043 3370 πολυποίκιλος
1117 3303 1226 3358 τοῦ
1296 3305 1445 3360 Θεοῦ
1520 3307 1729 3376 σοφία.

150 3393 412 3458 Ἀκούεις
445 3396 534 3449 τοῦ
560 3396 774 3449 Παύλου
805 3397 1057 3466 λέγοντος
1088 3399 1171 3453 ὅτι
1220 3400 1351 3455 Νῦν
1379 3401 1511 3469 μεθ’
1541 3400 1730 3470 ἡμῶν,

144 3486 247 3539 καὶ
282 3485 359 3539 δι’
393 3487 581 3557 ἡμῶν,
618 3489 717 3542 καὶ
748 3491 819 3543 οὐ
858 3492 1171 3559 πρότερον,
1208 3494 1267 3546 αι
1296 3491 1420 3546 ἄνω
1449 3493 1735 3562 δυνάμεις

143 3580 434 3645 ἔγνωσαν
478 3580 551 3633 τὰ
591 3579 701 3634 τοῦ
742 3580 1014 3650 μεγάλου
1057 3581 1370 3646 Βασιλέως
1400 3584 1732 3653 ἀπόρρητα.

146 3669 271 3724 ἰνα
293 3671 401 3741 γ’ὰρ
432 3670 509 3741 μὴ
554 3671 781 3743 νομίσῃς
809 3674 890 3726 ὅτι
922 3672 1128 3743 Ἀρχὰς
1158 3674 1252 3727 καὶ
1302 3674 1581 3739 Ἐξουσίας
1609 3676 1737 3741 τοὺς

148 3763 423 3833 δαίμονας
474 3764 647 3831 λέγει,
694 3764 1063 3835 προσέθηκεν,
1104 3766 1187 3819 ὅτι
1230 3767 1288 3820 ὲν
1332 3769 1445 3830 τοῖς
1488 3768 1735 3837 ἐπουρα-

150 3854 314 3919 νίοις,
350 3856 484 3908 ὅπου
536 3855 789 3926 δαίμονες
840 3856 1150 3911 ἐπιϐαίνειν
1195 3859 1255 3911 οὐ
1289 3858 1569 3915 δύνανται.
1599 3854 1738 3914 Εἶτα

151 3948 258 4016 τὴν
310 3946 546 4018 μερικὴν
595 3947 760 4002 αὐτοῦ
806 3948 1024 4017 σοφίαν,
1051 3950 1148 4017 τὴν
1186 3950 1314 4020 περὶ¹
1342 3951 1438 4021 τῆς
1470 3950 1742 4021 ὲνανθρω-

152 4041 382 4111 πήσεως
410 4043 502 4095 καὶ
531 4041 776 4112 κλήσεως
806 4042 914 4095 τῶν
940 4041 1110 4095 ἐθνῶν
1132 4042 1192 4095 οὐ
1226 4043 1495 4114 πρότερον
1520 4043 1739 4114 ᾔδεισαν

157 4134 221 4185 αἱ
273 4133 530 4205 οὐράνιαι
567 4135 849 4205 δυνάμεις,
900 4134 993 4187 καὶ
1048 4133 1112 4187 σὺ
1163 4133 1260 4187 νῦν
1308 4135 1474 4187 αὑτὸν
1528 4136 1739 4189 ἐκεῖνον

156 4226 506 4291 κατέλαϐεςς
540 4228 650 4281 Καὶ
688 4228 769 4281 Τὰ
818 4226 911 4281 τοῦ
961 4227 1100 4280 Θεοῦ
1150 4225 1251 4297 μὲν
1283 4227 1460 4292 οὐδεὶς
1510 4225 1654 4283 οἶδεν
1690 4230 1740 4283 εί

159 4319 241 4389 μὴ
295 4319 356 4371 τὺ
395 4318 621 4388 Πνεῦμα
665 4318 759 4372 τοῦ
809 4318 983 4373 Θεοῦο
1017 4318 1113 4373 καὶ
1160 4318 1351 4383 Οὐδεὶς
1402 4318 1617 4392 ἑώρακε
1649 4320 1740 4374 τὸν

158 4410 386 4482 Πατέρα
425 4412 473 4464 εί
514 4411 587 4483 μὴ
622 4413 648 4464 ὁ
681 4411 744 4464 ὲκ
775 4410 871 4464 τοῦ
920 4409 1054 4463 Θεοῦ
1100 4408 1199 4475 ὢν,
1255 4413 1282 4464 ὁ
1330 4411 1459 4474 Υἱὸς
1493 4411 1739 4482 δηλαδή·

156 4505 225 4557 τὸ
255 4504 363 4574 γὰρ
394 4504 569 4569 οὐδεὶς
620 4504 716 4558 καὶ
751 4506 843 4557 ἐπὶ
880 4501 975 4556 τοῦ
1014 4502 1360 4574 Πνεύματος,
1396 4502 1492 4556 καὶ
1520 4504 1614 4555 ἐπὶ
1644 4502 1740 4557 τοῦ

1832 2038 1947 2092 sius
1976 2037 2272 2107 investiges
2301 2054 2405 2091 non
2435 2037 2597 2091 modo
2638 2046 2885 2090 naturam
2929 2035 3044 2100 Dei,
3075 2041 3167 2087 aut
3188 2032 3414 2101 angelu-

1834 2142 1974 2190 rum,
2007 2137 2099 2181 aut
2126 2127 2431 2189 hominum,
2455 2126 2550 2181 sed
2575 2141 2639 2180 ne
2673 2126 2881 2180 illarum
2918 2125 3138 2194 quidem
3205 2139 3410 2187 rerum,

1831 2233 1953 2288 quae
1987 2227 2115 2273 sunt
2165 2218 2440 2273 inanimae.
2473 2218 2528 2271 Si
2556 2217 2701 2272 enim
2734 2216 3169 2285 disquisitionem
3195 2229 3411 2276 eorum,

1830 2326 1952 2380 quae
1976 2321 2259 2380 procreata
2318 2320 2469 2375 sunt,
2516 2326 2803 2381 aggressus
2827 2309 3017 2371 fueris,
3048 2308 3101 2361 in
3131 2308 3405 2361 rationum

1834 2400 2120 2471 Euripum,
2187 2413 2242 2457 et
2288 2402 2490 2458 ﬂuctus
2556 2417 2805 2468 magnam
2883 2408 3287 2469 tempestatem,
3352 2405 3410 2450 et

1831 2492 2170 2564 naufragium
2195 2493 2359 2547 animi
2392 2493 2733 2548 concitantes
2782 2502 2891 2547 tete
2946 2491 3265 2558 conjiciens,
3301 2505 3410 2542 non

1832 2586 1994 2641 modo
2013 2585 2151 2640 nihil
2173 2585 2408 2655 amplius
2430 2585 2628 2650 disces,
2660 2600 2784 2639 cum
2822 2599 3007 2639 rerum
3058 2583 3399 2653 singularum

1834 2675 2102 2731 rationem
2134 2677 2376 2745 reperire
2404 2691 2512 2731 non
2543 2691 2734 2747 queas,
2786 2690 2976 2729 verum
3016 2674 3177 2730 etiam
3213 2674 3416 2729 mentis

1764 2826 1769 2833 ,
1834 2768 2207 2824 imbecillitate
2235 2777 2492 2838 tanquam
2530 2769 2749 2824 turbine
2808 2769 3194 2833 circumactus,
3244 2765 3413 2822 multa

1832 2877 1951 2931 quae
2011 2861 2109 2916 tibi
2168 2871 2303 2919 tunc
2360 2862 2620 2935 praeclara
2672 2861 2951 2929 videntur,
2978 2860 3414 2917 calumniaberis.

2474 2997 2751 3070 Ejusdem.

1917 3116 1979 3173 Ut
2003 3117 2318 3185 innotescat,
2348 3116 2547 3189 inquit,
2576 3134 2715 3171 nunc
2736 3116 3131 3186 Principalibus
3156 3127 3205 3171 et
3233 3114 3418 3171 Petaso

1838 3211 2031 3267 tatibus
2048 3211 2102 3265 in
2121 3212 2257 3266 caelis
2274 3228 2365 3281 per
2380 3210 2670 3267 Ecclesium
2692 3211 2971 3282 multiplex
2985 3210 3247 3278 sapientia
3271 3208 3414 3263 Dei’.

1836 3306 2007 3362 Audis
2041 3307 2273 3361 Paulum
2300 3306 2568 3361 dicentem
2597 3321 2611 3358 :
2650 3303 2805 3359 Nunc
2835 3320 2942 3359 una
2998 3304 3306 3365 nobiscum,
3358 3310 3417 3357 et

1836 3414 1935 3470 per
1969 3414 2088 3461 nos,
2115 3414 2216 3454 nec
2248 3398 2397 3468 prius
2421 3397 2672 3453 caelestes
2694 3395 2815 3451 illas
2843 3395 3075 3450 virtutes
3098 3394 3273 3464 magni
3304 3391 3417 3448 Re-

1836 3494 1917 3563 gis
1941 3506 2136 3546 arcana
2166 3491 2512 3563 cognovisse.
2564 3491 2643 3545 Ac
2679 3505 2749 3545 ne
2773 3487 3121 3557 Principatus
3158 3496 3214 3541 et
3264 3485 3421 3541 Pote-

1839 3592 2037 3648 states,
2059 3584 2150 3652 qui
2171 3584 2451 3637 daemones
2486 3592 2634 3647 sunt,
2671 3582 3002 3652 intelligeres
3033 3598 3046 3634 :
3081 3578 3329 3649 adjunxit
3364 3577 3417 3632 in

1838 3675 2013 3738 ccelis,
2048 3691 2157 3744 quo
2195 3675 2469 3729 daemones
2493 3674 2734 3743 aspirare
2766 3689 2876 3726 non
2914 3682 3170 3741 possunt.
3225 3671 3422 3725 Partes

1839 3765 2007 3835 igitur
2040 3765 2329 3836 sapientia:
2370 3764 2463 3819 Dei
2507 3765 2575 3818 ad
2631 3763 2871 3818 divinam
2919 3763 3172 3815 humanae
3238 3761 3421 3815 carnis

1839 3859 2293 3927 assumptionem,
2319 3865 2374 3910 et
2399 3855 2743 3910 vocationem
2772 3856 3019 3926 gentium
3074 3855 3419 3926 pertinentes

1839 3953 2088 4008 cceiestes
2124 3951 2225 4004 illae
2254 3959 2462 4003 mentes
2492 3960 2617 4003 ante
2668 3964 2775 4003 non
2829 3958 3214 4019 perceperunt,
3274 3956 3329 4002 et
3364 3956 3421 4002 tu

1840 4062 1990 4102 nunc
2014 4046 2191 4115 ipsum
2220 4043 2726 4113 comprehendisti?
2749 4044 2816 4097 Et
2845 4059 2968 4112 quae
2997 4043 3088 4096 Dei
3115 4051 3242 4097 sunt
3261 4057 3424 4095 nemo

1840 4138 1997 4194 novit
2030 4137 2129 4192 nisi
2158 4136 2394 4206 Spiritus
2422 4136 2539 4191 Dei.
2569 4137 2635 4189 Et
2664 4151 2826 4190 nemo
2854 4136 3006 4189 novit
3036 4135 3276 4198 Patrem,
3315 4134 3420 4189 nisi

1840 4229 1933 4300 qui
1971 4245 2035 4283 ex
2066 4228 2176 4283 Deo
2208 4237 2312 4291 est,
2342 4243 2537 4298 nempe
2598 4226 2808 4282 Filius:
2872 4228 2962 4281 illa
3004 4241 3240 4298 namque
3297 4242 3422 4290 vox,

1844 4308 2226 4394 Spiritum,'et
2284 4321 2482 4375 Filium
2518 4322 2756 4375 secernit
2811 4337 2841 4375 a
2890 4321 3051 4380 rebus
3103 4320 3423 4389 procreatis,

1841 4415 2038 4486 quibus
2067 4414 2341 4479 omnibus,
2366 4414 2480 4468 sive
2497 4427 2685 4477 sensu,
2716 4413 2830 4467 sive
2861 4412 3044 4466 animo
3060 4422 3114 4466 et
3143 4412 3428 4484 cogitatio.

1846 4520 1914 4559 ne
1978 4513 2194 4558 tantum
2248 4500 2646 4572 percipiantur,
2692 4500 2851 4554 talem
2902 4500 3093 4555 adimit
3146 4502 3430 4569 cogitatio-

160 4596 298 4649 Υἱοῦ
351 4597 487 4668 πρὸς
523 4596 648 4656 τοὺς
693 4597 944 4659 κτιστοῦς
993 4595 1533 4660 ἀντιδιαστέλλεται,
1580 4596 1733 4667 πάσῃ

1846 4612 2008 4652 nem:
2039 4606 2095 4650 et
2121 4605 2201 4663 tu,
2237 4598 2391 4664 quasi
2422 4593 2508 4648 his
2530 4592 2779 4663 superior
2803 4592 2899 4660 sis,
2934 4609 3053 4649 eam
3098 4594 3193 4648 tibi
3243 4593 3426 4647 vindi-

162 4693 361 4760 κτιστῇ
420 4690 583 4760 φύσει
640 4690 809 4760 ὀρατῇ
872 4688 967 4741 καὶ
1034 4689 1252 4757 ἀοράτῳ
1328 4688 1429 4760 τὴν
1482 4689 1740 4763 τοιαύτην

1851 4705 1943 4746 cas
1964 4692 1988 4745 ἲ

164 4785 372 4853 γνῶσιν
410 4780 797 4852 ἀποτειχίζον’
855 4780 920 4833 σὺ
958 4779 1012 4832 δὲ
1082 4779 1431 4851 παρενείρεις
1510 4784 1741 4837 σεαυτὸν
1778 4785 1858 4846 είς
1904 4782 2134 4853 ταύτην,
2197 4784 2274 4845 ὡς
2336 4780 2477 4849 ὑπὲρ
2531 4778 2634 4843 τὰς
2705 4775 2899 4848 φύσεις
2947 4776 3150 4841 ταύτας
3200 4793 3423 4850 γεγενηο

169 4882 332 4943 μένον
348 4898 364 4947 ;

172 5000 299 5051 Ἐτι
330 4999 459 5063 περὶ
493 4997 600 5051 τοῦ
623 4996 1055 5063 ἀκατάληπτον
1083 4993 1234 5067 εἶναι
1269 4994 1384 5067 τὴν
1416 4997 1588 5051 θείαν
1626 4998 1742 5067 φύ-

345 5085 469 5123 σιν.
511 5067 620 5121 Τοῦ
651 5068 1070 5136 Δαμασκηνοῦ.
1116 5064 1461 5135 Κεφάλαιον
1494 5074 1567 5124 α’.

252 5184 392 5238 Θεὸν
427 5181 629 5248 οὐδεὶς
652 5150 870 5249 ἑώρακε
895 5179 1150 5247 πώποτε,
1173 5184 1205 5235 ό
1224 5181 1558 5252 μονογενὴς
1591 5182 1740 5249 Υἱὸς,

162 5282 201 5332 ὁ
226 5276 310 5339 ὢν
324 5278 390 5329 ἐν
408 5277 532 5342 τοῖς
552 5275 804 5339 κόλποις
825 5272 931 5326 τοῦ
965 5274 1213 5341 Πίιτρὸς,
1231 5273 1415 5339 αὐτὸς
1440 5272 1744 5341 ἐξηγήσα-

161 5385 265 5423 το.
290 5370 560 5439 Ἀῥρῃτον
580 5360 672 5419 οὖν
699 5364 759 5416 τὸ
793 5362 963 5429 Θεῖον,
983 5364 1075 5416 καὶ
1101 5362 1507 5432 ἀκατάληπτον.
1559 5363 1748 5425 Οὐδεὶς

163 5461 283 5528 γὰρ
310 5457 658 5525 ἐπιγινώσκει
682 5455 772 5507 τὸν
815 5455 1034 5523 Πατέρα
1069 5457 1117 5507 εἰ
1150 5454 1223 5523 μὴ
1259 5455 1286 5506 ὁ
1318 5453 1467 5517 Υἱὸς,
1508 5452 1626 5504 οὐδὲ
1658 5453 1750 5505 τὸν

168 5552 303 5605 Υἰδν
351 5552 398 5603 εί
445 5550 521 5620 μὴ
557 5551 585 5602 ὁ
616 5547 830 5617 Πατήρ.
881 5548 990 5602 Καὶ
1030 5546 1091 5599 τὸ
1142 5546 1364 5615 Πνεῦμα
1408 5544 1464 5597 δὲ
1498 5545 1559 5596 τὸ
1595 5544 1749 5612 ἅγιον

173 5646 348 5709 οὕτως
376 5642 482 5699 οἶδε
532 5642 601 5696 τὰ
638 5642 732 5697 τοῦ
765 5641 925 5707 Θεοῦ,
956 5640 1029 5703 ὡς
1066 5639 1126 5692 τὸ
1160 5639 1382 5706 πνεῦμα
1414 5635 1508 5689 τοῦ
1540 5636 1750 5704 ἀνθρώ-

173 5755 289 5790 που
327 5733 432 5790 οἶδε
488 5738 551 5790 τὰ
599 5738 656 5789 ἐν
707 5732 875 5803 αὐτῷ.
935 5732 1088 5787 Μετὰ
1140 5731 1193 5783 δὲ
1251 5729 1347 5801 τὴν
1400 5726 1623 5799 πρώτην
1658 5730 1751 5782 καὶ

750 5897 767 5926 ³
801 5895 999 5965 Epirus.
1034 5908 1117 5960 ιιι,
1166 5890 1242 5945 lx}.

266 5898 279 5925 ¹
311 5896 453 5951 liccl.
482 5913 561 5962 ιιι,
584 5895 670 5950 ξε.
750 5897 767 5926 ⁸
801 5895 999 5962 Epiros.
1034 5908 1117 5960 ιιι,
1166 5890 1242 5945 lx}.
1324 5888 1524 5944 3.19am.
1565 5904 1602 5957 ι,
1632 5889 1713 5945 ιθ.

1847 4994 1987 5052 Item
2011 5001 2260 5046 naturam
2292 4992 2524 5045 divinam
2562 4987 2928 5075 comprehendi
2959 5004 3061 5042 non
3110 5004 3281 5057 posse.
3313 4988 3430 5044 Da-

2373 5062 2624 5114 masceni.
2653 5058 2788 5128 Cap.
2824 5058 2877 5112 1.

1927 5177 2091 5231 Deum
2110 5190 2257 5228 nemo
2284 5174 2411 5227 vidit
2453 5188 2686 5242 unquam
2717 5185 2733 5224 :
2771 5171 3072 5240 unigenitus
3102 5169 3289 5232 Filius,
3333 5172 3424 5239 qui

1850 5282 1922 5326 est
1947 5273 2001 5324 in
2024 5268 2357 5342 sinul’atris,
2376 5268 2485 5336 ipse
2512 5263 2825 5319 euarravit’.
2856 5263 2999 5318 Deus
3018 5264 3181 5334 igitur
3205 5279 3305 5317 nec
3332 5280 3431 5317 ex-

1854 5362 2064 5432 plicari,
2096 5375 2200 5415 nec
2236 5356 2627 5429 comprehendi
2653 5365 2852 5426 potest.
2880 5355 3074 5410 Nullus
3124 5355 3275 5408 enim
3323 5370 3422 5406 no-

1851 5455 1926 5507 vit
1962 5454 2176 5507 Patrem
2214 5452 2323 5507 nisi
2356 5450 2549 5515 Filius,
2579 5464 2758 5519 neque
2795 5446 2991 5501 Filium
3019 5446 3124 5500 nisi
3156 5445 3337 5499 Pater.
3366 5444 3429 5499 Et

1853 5554 2100 5625 Spiritus
2118 5564 2342 5609 sanctus
2366 5568 2486 5623 qua:
2521 5550 2609 5605 Dei
2646 5559 2797 5611 sunt,
2833 5557 2892 5600 ut
2923 5547 3150 5617 spiritus
3189 5545 3434 5602 hominis

1853 5648 2022 5710 novit,
2057 5662 2177 5716 quae
2212 5656 2339 5700 sunt
2366 5646 2417 5700 in
2462 5643 2700 5698 homine.
2748 5642 3059 5695 Secundum
3122 5638 3268 5693 illam
3316 5640 3434 5707 pri-

1856 5749 1996 5788 mam
2030 5734 2352 5804 beatamque
2386 5742 2659 5798 natarum,
2704 5728 2881 5784 nullus
2918 5744 3026 5784 non
3076 5742 3139 5784 ex
3193 5728 3432 5786 homini-
