3838 6550
507 415 606 480 137

506 557 607 610 bus
624 554 820 619 solum,
841 549 935 607 sed
954 567 1021 607 ex
1038 549 1332 606 virtutibus
1355 547 1462 604 illis
1480 563 1600 618 quae
1621 547 1828 601 mundo
1850 553 1977 601 sunt
1995 561 2088 600 ex-

2204 525 2469 596 αακαρίαν
2519 520 2680 591 φύσιν
2721 521 2778 572 οὑ

507 643 780 704 celsiores,
815 650 910 695 aut
942 655 1005 695 ex
1033 638 1320 703 cherubin,
1367 650 1460 693 aut
1493 638 1747 708 seraphin
1778 635 1945 691 Deum
1985 649 2088 688 no-

510 735 605 799 vit,
627 733 733 788 nisi
753 733 838 788 cui
858 733 1128 803 Deusipse
1152 746 1210 786 se
1232 730 1486 802 patefecit
1511 743 1567 785 et
1602 726 1879 784 iudicavit.
1899 727 2089 794 Neque

512 825 766 879 tamenin
816 825 964 878 omni
986 839 1210 894 prorsus
1249 821 1589 894 ignoratione
1615 820 1696 875 sui
1739 819 1958 889 reliquit
1990 831 2091 872 nos

509 919 676 972 Dens.
697 915 964 972 Omnibus
985 917 1128 970 enim
1142 915 1210 971 ab
1232 915 1349 985 ipso
1371 915 1690 968 naturaliter
1710 912 1931 968 insitum
1959 912 2089 968 illud

502 1019 617 1073 'cst,
635 1022 692 1066 ut
713 1019 1039 1080 cognoscant
1057 1025 1178 1065 esse
1196 1009 1384 1064 Deum.
1409 1007 1610 1063 Deinde
1629 1023 1809 1061 rerum
1832 1004 2093 1060 universi-

515 1113 598 1158 tas
617 1102 844 1171 ejusque
887 1103 1232 1156 conservatio
1259 1109 1312 1155 et
1345 1099 1646 1154 moderatio
1675 1097 1874 1152 divin:e
1934 1104 2094 1150 natu-

517 1210 591 1247 ne
648 1193 1084 1258 magnitudinem
1137 1193 1414 1262 prmdicat.
1461 1191 1726 1245 Pru-terea
1782 1204 1878 1258 per
1918 1188 2091 1258 legem

517 1293 572 1337 et
606 1284 897 1352 prophetas
947 1283 1123 1353 prius,
1186 1291 1299 1336 tum
1350 1296 1446 1349 per
1497 1278 1836 1349 unigenitum
1895 1277 2092 1330 Filium

517 1390 699 1441 smmi,
726 1375 1032 1438 Dominum,
1067 1384 1122 1429 et
1148 1373 1340 1437 Deum,
1371 1380 1424 1425 et
1451 1371 1794 1425 servatorem
1853 1379 2093 1422 nostrum

517 1465 705 1521 Iesum
783 1467 1086 1532 Christum,
1142 1474 1406 1536 quantum
1477 1478 1672 1532 capere
1752 1473 2092 1532 poteramus,

523 1561 667 1614 Deus
726 1559 1090 1630 cognitionem
1153 1561 1236 1614 sui
1275 1559 1435 1612 nobis
1473 1556 1710 1626 aperuit.
1755 1553 1949 1610 Omnia
1997 1555 2094 1626 igi-

526 1662 612 1705 tur
636 1667 757 1722 qua:
781 1653 940 1706 nobis
968 1668 1065 1722 per
1097 1653 1293 1721 legem,
1328 1661 1383 1704 et
1425 1649 1739 1720 prophetas,
1773 1658 1826 1703 et
1874 1657 2096 1718 aposto-

521 1742 625 1808 los,
651 1751 704 1796 et
734 1742 1096 1813 evangelistas
1138 1742 1334 1796 tradita
1365 1748 1514 1804 sunt,
1541 1756 1604 1794 ea
1650 1738 1997 1810 suscipimus,
2043 1749 2097 1792 et

521 1834 900 1904 cognoscimus
935 1843 990 1887 et
1039 1847 1386 1896 veneramur,
1441 1831 1576 1886 nihil
1628 1832 1858 1900 amplius
1915 1829 2096 1899 inqui-
2133 1869 2170 1926 Β

524 1934 725 1980 rentes.
766 1924 905 1980 Deus
936 1925 1102 1988 enim,
1136 1940 1258 1979 cum
1308 1925 1484 1978 bonus
1517 1925 1611 1991 sit,
1669 1937 1833 1978 omne
1890 1921 2094 1977 bonum

522 2016 801 2086 elargitnr,
834 2030 937 2071 nec
970 2015 1208 2080 invidias,
1238 2015 1446 2071 autulli
1480 2014 1886 2085 perturbationi
1927 2013 2099 2067 obno-

523 2108 647 2162 xius
666 2115 767 2163 est.
795 2106 932 2160 Nam
964 2121 995 2160 a
1025 2107 1317 2161 divinailla
1367 2117 1587 2172 natura,
1629 2105 1876 2160 omnium
1958 2105 2096 2159 alle-

524 2198 764 2253 ctionum
793 2198 1023 2267 experti,
1049 2213 1112 2253 ac
1141 2198 1254 2252 sola
1288 2197 1432 2252 bona
1469 2197 1658 2267 procul
1696 2197 1848 2252 abest
1869 2195 2099 2251 invidia.

526 2288 714 2358 itaque
743 2305 867 2370 cum
892 2290 1074 2344 omnia
1103 2289 1261 2351 sciat,
1288 2297 1345 2344 et
1387 2289 1516 2360 quid
1557 2290 1760 2358 cuique
1811 2289 2084 2344 conducat

529 2394 638 2433 non
692 2380 921 2451 ignoret,
980 2383 1284 2451 qttaenobis
1357 2382 1572 2451 cognita
1599 2380 1887 2435 utilitatem
1945 2389 2104 2434 erant

527 2471 777 2537 allatura,
814 2487 876 2527 ea
934 2463 1216 2528 voluntate
1268 2488 1365 2528 sua
1418 2472 1720 2527 declaravit
1754 2489 1767 2527 :
1803 2487 1923 2542 quae
1973 2485 2102 2524 vero

528 2559 799 2615 ferrenon
825 2573 1160 2632 poteramus,
1199 2580 1262 2619 ea
1309 2564 1593 2619 conticuit.
1642 2563 1738 2618 llis
1799 2577 1926 2634 ergo
1972 2577 2103 2617 con-

533 2653 665 2706 tenti
698 2654 888 2719 simus,
920 2657 974 2707 in
1010 2656 1091 2710 his
1114 2671 1452 2710 maneamus.
1474 2654 1588 2711 Nec
1635 2657 1900 2710 terminos
1946 2656 2100 2709 aufe-

529 2758 714 2798 ramus
735 2749 1116 2814 sempiternos.
1151 2763 1253 2803 nec
1278 2763 1308 2802 a
1341 2748 1526 2802 divino
1578 2748 1900 2818 praescripto
1955 2761 2105 2801 rece-

528 2837 744 2893 damus.

1059 2931 1334 3000 Ejusdem.
1367 2929 1496 3000 Cap.
1517 2930 1575 2985 2.

601 3024 827 3096 Oportet
857 3025 1040 3096 igitur,
1073 3039 1222 3089 eum,
1256 3023 1349 3091 qui
1378 3023 1446 3077 de
1475 3022 1585 3076 Deo
1619 3022 1699 3077 vel
1725 3022 1972 3078 dicturus
2020 3031 2105 3078 est

530 3121 756 3192 aliquid,
789 3119 870 3174 vel
903 3118 1210 3181 auditurus,
1238 3117 1368 3172 illud
1393 3117 1550 3187 plane
1572 3119 1848 3188 cognitum
1878 3117 2099 3175 habere.

1731 409 2111 472 EUTl-IYMll
2151 406 2512 467 ZIGABENI
2817 395 2823 406 ’
3667 389 3749 451 lilii

2785 519 2894 580 δεις
2931 515 3072 586 ἔγνω
3119 512 3249 566 ποτὲ
3295 510 3452 576 Θεὸν,
3507 509 3554 562 εί
3605 505 3674 577 μὴ
3712 503 3748 574 ᾧ

2191 601 2754 682 αὑτὺςνὰπεκάλυψεν,
2785 613 2883 664 οὑκ
2916 606 3218 679 ἀνθρώπων
3256 605 3437 674 μόνον,
3483 600 3600 655 ἀλλ’
3640 601 3748 654 οὐδὲ

2191 709 2298 763 τῶν
2329 706 2718 778 ὑπερκοσμίων
2755 703 3063 772 δυνάμεων,
3105 699 3200 752 καὶ
3228 697 3428 758 αὑτῶν,
3468 695 3633 764 φημὶ,
3653 693 3750 745 τῶν

2192 801 2482 874 χερουὸὶμ,
2525 800 2618 852 καί⁸
2664 796 2930 866 σεραιρὶμ.
2993 793 3106 845 Uine
3161 789 3345 856 ἀφῆκε
3392 787 3576 857 μέντοι
3621 785 3751 854 ἡμᾶς

2191 897 2218 948 ὁ
2248 894 2379 956 Θεὸς
2425 892 2483 944 ὲν
2511 889 2766 943 παντελεῖ
2812 885 3080 955 άγνωπίᾳ.
3137 883 3277 935 nam
3326 878 3432 951 γὰρ
3482 880 3514 949 ἡ
3567 877 3752 944 γνῶσις

2191 984 2286 1038 τοῦ
2339 979 2479 1036 εἶναι
2512 981 2645 1034 Θεὸν
2677 980 2769 1032 ὑπ’
2794 975 2958 1032 αὑτοῦ
3004 973 3250 1042 φυσικῶς
3297 970 3752 1039 ἐγκατέσπαρται.

2195 1079 2304 1134 Καὶ
2337 1059 2478 1146 αὑτὴ
2529 1075 2637 1142 γὰρ
2683 1074 2716 1142 ἡ
2767 1070 2968 1134 κτίσις,
3001 1068 3094 1121 καὶ
3140 1067 3172 1135 ἠ
3228 1063 3434 1133 ταύτης
3484 1061 3680 1129 συνοχή
3705 1078 3755 1112 τε

2195 1172 2288 1225 καὶ
2319 1169 2645 1237 κυϐέρνησις
2674 1165 2734 1216 τὸ
2759 1162 3049 1231 μεγαλεῖον
3087 1158 3455 1227 ἁνακηρὺττει
3495 1155 3592 1223 τῆς
3623 1153 3758 1215 θείας

2195 1262 2430 1330 φύσεως.
2467 1256 2577 1311 Καὶ
2604 1255 2690 1307 διὰ
2717 1254 2886 1322 νόμου
2912 1252 2967 1304 δὲ
2997 1249 3094 1303 καὶ
3142 1245 3441 1319 προφητῶν
3474 1243 3758 1313 πρότερον,

2197 1355 2386 1407 ἔπειτα
2409 1351 2464 1404 δὲ
2501 1354 2592 1403 καὶ
2639 1349 2730 1401 διὰ
2774 1345 2868 1399 τοῦ
2905 1343 3230 1415 μονογενοῦς
3271 1338 3436 1393 αὑτοῦ
3480 1337 3636 1400 Υίοῦ,
3661 1338 3756 1389 Κυ-

2197 1444 2315 1515 ρίου
2345 1444 2402 1497 δὲ
2427 1441 2520 1495 καὶ
2542 1440 2702 1503 Θεοῦ,
2733 1440 2826 1492 καὶ
2850 1439 3106 1506 Σωτῆρος
3131 1434 3289 1504 ἡμῶν
3329 1429 3504 1501 Ἰησοῦ
3532 1427 3757 1498 Χριστοῦ

2198 1537 2336 1590 κατά
2369 1538 2429 1587 τὸ
2471 1534 2688 1604 ἐφικτδν
2720 1533 2853 1602 ἡμῖν
2887 1530 2987 1599 τὴν
3033 1527 3228 1581 ἑαυτοῦ
3281 1524 3598 1593 ὲφανὲρωσε
3635 1520 3758 1588 γνῶν

2199 1648 2304 1683 σιν.
2348 1629 2532 1682 Πάντα
2581 1625 2761 1678 τοίνυν
2813 1623 2880 1677 τὰ
2932 1618 3353 1692 παραδεδομένα
3402 1617 3532 1685 ἡμῖν
3581 1614 3666 1665 διά
3709 1629 3758 1666 τε

2199 1723 2385 1790 νόμου,
2417 1721 2511 1773 καὶ
2544 1715 2861 1787 προφητῶν,
2899 1714 2995 1766 καὶ
3032 1711 3373 1772 ἀποστόλων,
3407 1709 3499 1760 καὶ
3551 1706 3766 1772 εὑαγγμ

2199 1811 2396 1864 λιστῶν
2445 1808 2734 1879 δεχόμεθα,
2787 1806 2881 1860 καὶ
2932 1804 3298 1873 γινώσκομεν,
3344 1799 3436 1852 καὶ
3484 1795 3761 1865 σεϐόμεθα,

2201 1904 2352 1956 οὐδὲν
2382 1899 2695 1971 περαιτέρω
2722 1897 2924 1950 τούτων
2966 1895 3374 1964 ἐπιζητοῦντες.
3415 1888 3646 1957 ’Ᾱγαθὺς
3671 1889 3766 1956 γάρ

2199 1995 2274 2048 ὢν
2320 1996 2348 2048 6
2393 1994 2549 2058 Θεὸς,
2602 1993 2805 2054 παντὸς
2861 1987 3070 2058 ἀγαθοῦ
3129 1983 3466 2058 παρεκτικός
3513 1984 3684 2045 ἐστιν,
3712 1981 3764 2031 οὑ

2201 2085 2401 2156 φθόνῳ,
2432 2083 2556 2137 οὐδὲ
2608 2083 2769 2136 πάθει
2815 2081 2920 2134 τινὶ
2963 2077 3347 2147 ὑποκείμενος.
3398 2071 3640 2141 Μακράν
3671 2069 3769 2139 γὰρ

2199 2178 2297 2248 τῆς
2324 2175 2477 2239 θείας
2507 2175 2725 2242 φύσεως
2752 2172 2946 2241 φθόνος
2967 2156 3069 2239 ττῆς
3093 2186 3158 2236 γε
3185 2165 3452 2228 ἀπαθοῦς,
3481 2166 3579 2216 καὶ
3613 2163 3766 2232 μόνης

2200 2267 2435 2338 ἀγαθῆς.
2491 2265 2578 2328 Ὡς
2628 2263 2722 2318 οὖν
2774 2263 2953 2316 πάντα
3007 2261 3188 2324 εξδὼς,
3229 2261 3323 2311 καί⁸
3375 2257 3436 2310 τὸ
3498 2255 3768 2324 συμφέρον

2201 2360 2420 2429 ἑκάστῳ
2444 2356 2922 2428 προμηθούμενος,
2959 2356 3098 2425 ὅπερ
3147 2352 3442 2421 συνέφερεν
3470 2349 3608 2418 ἡμῖν
3647 2345 3772 2414 γνῶ-

2200 2469 2311 2515 ναι,
2347 2451 2704 2519 ἀπεκάλυψεν
2733 2465 2747 2480 ο
2791 2449 2929 2520 ὅπερ
2976 2447 3031 2501 δὲ
3075 2446 3183 2499 ὀὐκ
3225 2441 3536 2512 ἐδυνάμεθα
3573 2438 3774 2507 φέρειν,

2202 2538 2584 2610 ἀπεσιώπησε.
2619 2537 2807 2592 Ταῦτα
2861 2541 3024 2608 ἡμεῖς
3082 2535 3418 2604 στέρξωμεν,
3453 2530 3547 2584 καὶ
3579 2529 3643 2580 ὲν
3682 2529 3772 2580 αὖ-

2199 2638 2312 2699 τοῖς
2349 2635 2648 2705 μείνωμεν,
2683 2634 2759 2704 μὴ
2812 2633 3165 2702 μεταίροντες
3209 2628 3334 2697 ὅρια
3378 2625 3603 2689 αἰώνια,
3651 2620 3773 2692 μηδὲ

2205 2727 2628 2798 ὑπερϐαίνοντες
2653 2727 2755 2795 τὴν
2794 2724 2944 2777 θείαν
2980 2721 3296 2794 παράδοσιν.

2563 2926 2677 2981 Τοῦ
2717 2924 2924 2982 αὑτοῦ.
2973 2922 3313 2992 Κεφάλαιον
3349 2918 3429 2984 β’.

2275 3024 2394 3094 Χρὴ
2419 3022 2511 3076 οὖν
2550 3020 2640 3075 τὸν
2668 3021 2798 3090 περὶ
2831 3018 2962 3073 Θεοῦ
2994 3017 3176 3086 λέγειν
3227 3033 3301 3079 τι,
3327 3015 3360 3085 ἢ
3403 3011 3635 3066 ἀκούειν
3663 3009 3774 3080 βου-

2204 3118 2449 3187 λόμενον,
2488 3114 2676 3182 σαφῶς
2737 3112 2964 3177 ειδέναι,
3006 3110 3082 3174 ὡς
3133 3108 3253 3162 οὑδὲ
3320 3107 3497 3161 πάντα
3551 3104 3778 3176 ἄρρητα,

529 3213 661 3280 Qum
692 3213 756 3267 ad
781 3213 1122 3268 divinitatem
1147 3199 1285 3281 ejus,
1317 3227 1547 3282 quicque
1583 3212 1649 3265 ad
1704 3210 2098 3266 humanitatem

2207 3208 2325 3264 οὐδὲ
2375 3207 2551 3260 πάντα
2601 3205 2765 3276 ῥητά,
2795 3204 2863 3258 τά
2904 3221 2963 3256 τε
3011 3203 3110 3271 τῆς
3167 3198 3449 3267 θεολογίας
3479 3196 3552 3249 τά
3587 3212 3646 3249 τε
3695 3197 3779 3264 τῆς

531 3321 561 3358 a
595 3303 731 3359 Filio
766 3303 935 3374 ipsius
959 3311 1296 3373 assumptum
1323 3303 1620 3372 pertinent,
1649 3318 1752 3358 uec
1780 3303 1963 3358 omnia
1993 3318 2101 3356 non

530 3395 637 3450 dici
683 3411 861 3465 posse,
897 3411 999 3451 nec
1029 3395 1210 3450 omnia
1237 3409 1451 3451 rursum
1471 3395 1575 3450 dici
1615 3411 1628 3448 :
1659 3409 1759 3449 nec
1791 3396 1973 3449 omnia
1997 3411 2102 3448 non

532 3489 812 3560 cognosci,
848 3503 946 3542 nec
976 3489 1157 3542 omnia
1183 3488 1440 3560 cognosci
1475 3503 1654 3558 posse.
1702 3487 1862 3541 Aliud
1920 3497 2100 3541 autem

531 3590 616 3635 est
637 3595 798 3651 posse
827 3578 1082 3650 cognosci
1116 3579 1342 3648 aliquid,
1366 3589 1422 3633 ct
1460 3578 1603 3632 aliud
1637 3594 1796 3648 posse
1819 3578 2099 3647 explicari.

528 3671 994 3736 Quemadmodum
1019 3673 1180 3724 etiam
1213 3669 1359 3723 aliud
1389 3678 1469 3724 cst
1491 3671 1693 3738 eloqui,
1725 3670 1870 3724 aliud
1898 3677 1982 3723 est
2012 3685 2103 3724 co-

530 3778 817 3832 gnoscere.
847 3762 1008 3817 Multa
1042 3763 1221 3834 igitur,
1252 3778 1372 3830 qu.e
1403 3761 1468 3815 ad
1506 3762 1670 3814 Deum
1721 3769 1990 3829 Spectant,
2021 3771 2102 3814 te-

529 3855 622 3909 nui
681 3856 915 3925 quadam
973 3864 1028 3911 et
1090 3857 1326 3922 obscura
1359 3853 1672 3928 cognitione
1725 3853 2101 3922 percipiuntur

528 3949 834 4013 commode,
869 3957 924 4002 et
956 3948 1169 4018 proprie
1217 3959 1497 4017 nequeunt
1526 3945 1728 4000 eﬂ‘erri.
1787 3946 1969 4014 itaque
2023 3944 2104 3998 lo-

529 4050 759 4110 quentes
789 4041 857 4096 de
887 4041 974 4108 iis,
1010 4057 1131 4112 quae
1173 4056 1337 4111 supra
1396 4056 1499 4093 nos
1545 4046 1696 4102 sunt,
1728 4038 1975 4108 cogimur
2022 4038 2099 4091 uti

2202 3299 2539 3371 οἰκονομίας.
2579 3298 2717 3353 Οὑτε
2753 3300 2863 3370 μὴν
2895 3297 3077 3350 πάντα
3126 3296 3405 3362 ἄγνωστα,
3439 3289 3570 3343 οὔτε
3618 3288 3783 3342 πάντα

2201 3396 2442 3464 γνωστὰ.
2475 3393 2706 3463 Ἕτερον
2756 3392 2813 3446 δέ
2874 3389 3080 3444 ἔστιτὸ
3142 3384 3386 3457 γνωστὸν
3437 3383 3539 3437 καὶ
3605 3381 3782 3448 ἕτερον

2200 3490 2260 3543 τὸ
2295 3489 2458 3561 ῥητόν
2481 3503 2494 3517 ’
2522 3487 2710 3558 ὥσπερ
2740 3485 2872 3542 ἄλλο
2901 3484 2960 3538 τδ
2985 3483 3186 3546 λαλεῖν,
3221 3481 3317 3533 καὶ
3363 3478 3491 3532 ἄλλο
3523 3475 3590 3529 τὸ
3621 3472 3779 3543 γινώι

2202 3599 2376 3636 σκειν.
2424 3580 2602 3635 Πολλὰ
2634 3579 2812 3634 τοίνυν
2846 3577 2954 3632 τῶν
2989 3578 3118 3646 περὶ
3149 3573 3286 3628 θεοῦ
3327 3569 3592 3642 ἀμυδρῶς
3637 3583 3780 3618 νοουο

2212 3673 2408 3742 μένων,
2443 3672 2504 3724 οὑ
2557 3669 2789 3741 καιρίως
2841 3665 3223 3738 ὲκιρρασθῆναι
3275 3664 3523 3719 δύναται.
3557 3657 3700 3712 ἀλλὰ
3727 3655 3786 3706 τὰ

2210 3761 2330 3814 καθ’
2402 3762 2552 3832 ἡμᾶς
2612 3757 3037 3826 ἀναγκαζόμεθα
3102 3755 3193 3808 ἐπὶ
3263 3753 3372 3807 τῶν
3433 3749 3584 3819 ὑπὲρ
3647 3747 3787 3816 ἡμᾶς

2206 3854 2420 3923 λέγειν’
2483 3852 2671 3922 ὥσπερ
2713 3850 2807 3902 ἐπὶ
2851 3849 2986 3902 Θεοῦ
3039 3847 3270 3917 λέγομεν
3325 3844 3490 3896 ὕπνον
3551 3842 3652 3895 καὶ
3711 3839 3789 3905 ὁρ·

2209 3947 2312 4017 Τὴν
2377 3947 2474 4000 καὶ
2516 3945 2800 4015 ἀμέλειαν,
2851 3942 3039 4014 χεῖράς
3081 3959 3138 3995 τε
3191 3940 3288 3995 καὶ
3332 3937 3539 4001 πόδας,
3589 3933 3687 3986 καὶ
3729 3929 3790 3982 τὰ

2205 4056 2452 4094 τοιαυτα.

529 4136 708 4191 Verbis
743 4135 903 4190 ηουῖε
930 4136 1382 4206 εοηενυθηιὶὺυε-
1438 4134 1515 4188 Εἳ
1544 4149 1653 4204 quo
1696 4133 1774 4199 ίίῑ,
1831 4142 1888 4188 ut
1923 4134 2033 4188 Deo
2090 4145 2144 4190 et
2201 4154 2477 4198 somnum.
2509 4145 2562 4192 et
2594 4137 2752 4202 iram,
2793 4143 2850 4190 et
2877 4135 3247 4198 securitatem,
3276 4137 3331 4186 et
3360 4143 3586 4190 manus,
3619 4134 3674 4180 et
3709 4137 3791 4192 pe-

530 4231 650 4297 des,
674 4241 729 4285 et
753 4231 854 4285 alia
882 4230 1147 4300 ejusmodi
1183 4227 1510 4283 tribuamus.

599 4326 768 4379 Deum
795 4323 955 4396 igitur
977 4340 1118 4386 esse,
1147 4321 1415 4392 principio
1461 4329 1516 4374 et
1565 4320 1670 4374 {ine
1723 4336 1932 4384 carere,
1984 4335 2104 4375 esse

528 4425 877 4490 perpetuum,
924 4425 1211 4479 aeternum,
1263 4429 1372 4467 non
1427 4421 1687 4476 creatum,
1746 4412 2104 4474 immobilem,

2267 4321 2390 4374 Ὅτι
2423 4319 2521 4392 μὲν
2546 4314 2639 4372 οὖν
2670 4318 2785 4370 ἐστι
2814 4315 2946 4379 Θεὸς
2974 4315 3229 4385 ἄναρχος,
3257 4307 3648 4377 ἀτελεύτητος,
3667 4310 3792 4363 α.ίὼ-

2215 4413 2322 4475 νιός
2349 4430 2408 4465 τε
2438 4411 2532 4464 καὶ
2560 4411 2750 4474 atram,
2782 4410 3057 4471 ἄκτιστος,
3089 4405 3381 4475 ἄτρεπτος,
3400 4401 3791 4464 ἀναλλοίωτος,

529 4509 949 4572 immutabilem,
990 4508 1312 4574 simplicem,
1354 4505 1797 4573 incompositum,
1864 4504 2098 4573 corporis

2215 4503 2439 4568 ἁπλοῦς,
2487 4502 2800 4565 ἀσύνθετος,
2857 4501 3172 4568 ἀσώματος,
3227 4496 3482 4567 ἀόρατος,
3549 4495 3790 4563 ἀναφὴς,

533 4614 812 4674 expertem
843 4621 859 4669 ;
890 4617 990 4656 nec
1020 4600 1195 4664 cerni,
1224 4614 1326 4653 nec
1363 4593 1530 4669 tangi,
1574 4613 1674 4653 nec
1726 4597 2104 4670 circumscribi

529 4715 631 4753 nec
666 4697 1012 4766 cogitatione,
1051 4703 1145 4747 aut
1172 4694 1281 4748 ullo
1307 4693 1467 4746 modo
1499 4691 1889 4760 comprehendi
1930 4706 1944 4753 ;

526 4807 682 4853 num,
710 4789 942 4859 justum,
991 4786 1425 4854 omnipotentem
1465 4783 1694 4850 ;omnia
1762 4796 2103 4850 procreasse,

527 4882 709 4938 omnia
738 4878 1227 4945 moderari,omnia
1259 4892 1504 4939 cernere,
1538 4875 1793 4930 omnibus
1818 4875 2106 4929 consulere

525 4985 583 5030 et
611 4975 928 5046 providere;
959 4975 1012 5027 in
1041 4971 1224 5028 omnia
1255 4971 1454 5024 habere
1474 4977 1822 5037 potestatem,
1857 4969 2102 5022 omnium

525 5083 646 5122 esse
673 5068 940 5137 judicem,
967 5075 1020 5118 et
1041 5064 1448 5135 cognoscimus,
1487 5071 1541 5116 et
1572 5063 1920 5118 conlitemur.
1959 5063 2104 5116 Pue-

528 5167 674 5213 terea
713 5175 880 5213 unum
933 5172 1054 5212 esse
1088 5158 1280 5221 Deum,
1307 5156 1410 5210 hoc
1440 5165 1522 5210 est
1576 5171 1739 5208 unam
1778 5157 2100 5220 essentiam,

526 5268 755 5322 eamque
790 5253 963 5306 tribus
1024 5254 1292 5326 personis,
1321 5252 1501 5315 Patre,
1531 5261 1584 5306 et
1618 5251 1864 5314 Filio,.ct
1895 5252 2099 5321 Spiritu

524 5353 714 5400 sancto
741 5343 813 5397 ita
838 5345 1168 5408 distinctam,
1197 5358 1254 5400 ut
1281 5347 1460 5409 Pater,
1489 5356 1543 5398 et
1563 5345 1749 5415 Filius,
1783 5355 1836 5399 et
1863 5346 2101 5415 Spiritus

525 5445 747 5492 sanctus
769 5453 935 5491 unum
963 5439 1182 5492 omnino
1209 5449 1334 5500 smt,
1357 5439 1458 5493 nisi
1479 5440 1620 5507 quod
1646 5439 1803 5492 Pater
1828 5439 2102 5508 ἱιιςοεηίιιιε

526 5540 633 5594 est,
662 5528 833 5584 Filius
884 5531 1120 5601 genitus,
1167 5529 1406 5601 Spiritus
1462 5541 1684 5585 sanctus
1734 5531 1996 5599 procedit.
2036 5529 2101 5582 Et

529 5620 888 5690 unigenitum,
917 5638 979 5678 ac
1021 5621 1260 5680 Verbum
1304 5625 1396 5677 Dei
1433 5632 1487 5678 et
1533 5625 1702 5676 Deum
1736 5637 1834 5690 per
1890 5619 2098 5674 viscera

527 5713 908 5768 misericordia:
936 5731 1045 5771 sua:
1070 5732 1168 5786 pro
1198 5717 1372 5771 salute
1404 5725 1614 5778 nostra,
1648 5731 1709 5768 ex
1736 5715 1879 5767 bona
1923 5712 2098 5766 Patris

523 5805 820 5874 voluntate,
853 5817 905 5865 et
939 5824 1104 5880 Opera
1175 5809 1410 5879 Spiritus
1463 5808 1659 5874 sancti,
1714 5806 1831 5862 sine
1882 5805 2091 5862 semine

2003 4689 2101 4743 bo-
2146 4751 2155 4759 .

2209 4595 2641 4666 ἀπερίγραπτος,
2681 4590 3059 4662 ἀπερινόητος,
3095 4587 3505 4656 ἁκατάληπτος,
3562 4587 3793 4653 ἀγαθὸς,

2206 4687 2437 4751 δίκαιος,
2498 4687 2949 4755 παντοδὺναμος,
3005 4682 3228 4736 πάντων
3300 4680 3409 4732 τῶν
3469 4680 3796 4748 κτισμάτων

2206 4779 2563 4852 δημιουργὸς,
2622 4779 3043 4846 παντοκράτωρ,
3094 4774 3508 4840 παντεπόπτης,
3570 4772 3798 4825 πάντων

2209 4870 2536 4941 προνοητὴς,
2583 4869 2958 4938 ἐξουσιαστὴς,
3007 4865 3218 4937 κριτὴς,
3255 4865 3352 4918 καὶ
3409 4864 3794 4933 γινώσκομεν,

2206 4965 2302 5019 καὶ
2324 4963 2702 5033 ὁμολογοῦμεν
2730 4979 2744 4994 ο
2789 4965 2882 5016 καὶ
2913 4963 2995 5015 ὅτι
3037 4955 3120 5024 εἷς
3150 4963 3266 5013 ἐστι
3297 4958 3451 5023 Θεὸς,
3485 4959 3675 5028 ἡγουν
3707 4957 3799 5028 μία

2206 5057 2396 5110 οὐσία·
2434 5059 2524 5109 καί
2577 5057 2658 5108 ὃτι
2716 5057 2776 5108 ὲν
2828 5053 3010 5125 τρισὶν
3070 5051 3401 5107 ὑποστάσεσι
3451 5049 3797 5120 γνωρίζεταί

2203 5171 2262 5206 τε
2300 5155 2390 5206 καὶ
2421 5151 2556 5215 ἔστι,
2591 5150 2783 5221 "arpi,
2816 5149 2979 5219 φημὶ,
3028 5149 3120 5202 καὶ
3155 5146 3289 5216 Υίῷ,
3319 5147 3410 5198 καὶ
3442 5145 3595 5215 ἁγίῳ
3632 5144 3802 5197 1]νεὺ-

2209 5259 2380 5308 ματιο
2412 5245 2506 5296 καὶ
2563 5244 2645 5296 ὅτι
2694 5243 2722 5294 6
2757 5242 2947 5313 Πατὴρ
2980 5241 3076 5294 καὶ
3126 5243 3152 5293 ὁ
3202 5239 3325 5302 Υἱὸς
3374 5237 3467 5289 καὶ
3524 5237 3594 5289 τὸ
3649 5237 3800 5306 ἅγιον

2206 5337 2432 5404 Πνεῦμα
2482 5335 2624 5389 κατὰ
2669 5335 2847 5388 πᾶντα
2885 5333 2942 5386 ἕν
2977 5333 3083 5384 εἰσι
3114 5330 3256 5400 πλὴν
3281 5329 3382 5398 τῆς
3419 5329 3795 5397 άγεννησὶας,

2204 5427 2427 5495 καὶτῆς
2462 5428 2788 5495 γεννήσεως,
2830 5425 2921 5479 καὶ
2961 5425 3058 5493 τῆς
3109 5421 3492 5492 ὲκπορεὺςεως
3520 5437 3538 5451 ⁶
3579 5424 3685 5475 καὶ
3718 5421 3797 5472 ὅτι

2201 5525 2228 5574 6
2259 5519 2550 5590 μονογενὴς
2583 5521 2706 5581 Υἱὸς
2735 5521 2828 5572 καὶ
2859 5519 3030 5587 Λόγος
3060 5520 3153 5570 τοῦ
3182 5515 3317 5569 Θεοῦ
3356 5513 3453 5567 καὶ
3501 5515 3682 5580 Θεὸς,
3714 5511 3801 5565 διὰ

2204 5615 2487 5683 σπλάγχνα
2541 5613 2721 5676 ἐλέους
2765 5613 2958 5677 αὑτοῦ,
3003 5611 3090 5664 διὰ
3126 5609 3223 5679 τὴν
3280 5607 3572 5679 ἡμετέραν
3616 5624 3798 5675 σωτηι

2205 5709 2344 5778 ρίαν,
2388 5707 2605 5778 εὐδοκία
2635 5707 2725 5760 τοῦ
2765 5707 2976 5778 [ἰατρὸς
3014 5706 3106 5759 καὶ
3155 5701 3445 5772 συνεργεῖ-α
3489 5701 3598 5753 τοῦ
3642 5701 3804 5768 ἀγίειι

2205 5799 2541 5870 Πνῖύμκειτος,
2581 5800 2840 5870 ἁσπὸρως
2883 5797 3226 5867 συλληφθεὶς,
3276 5794 3532 5864 ἐιςθὸρτος
3596 5796 3666 5846 ἐκ
3708 5795 3804 5860 τῆς
