  <div class='ocr_page' id='page_1' title='image "/cluster/home/n/w/nwhite01/storage/ocr_20150623/130/hvd.32044019208255/102.png"; bbox 0 0 3954 6600; ppageno 0'>
   <div class='ocr_carea' id='block_1_1' title="bbox 111 442 219 506">
    <p class='ocr_par' dir='ltr' id='par_1_1' title="bbox 111 442 219 506">
     <span class='ocr_line' id='line_1_1' title="bbox 111 442 219 506; baseline -0.009 0"><span class='ocrx_word' id='word_1_1' title='bbox 111 442 219 506; x_wconf 81' lang='lat'><strong>189</strong></span> 
     </span>
    </p>
   </div>
   <div class='ocr_carea' id='block_1_2' title="bbox 1107 435 2374 502">
    <p class='ocr_par' dir='ltr' id='par_1_2' title="bbox 1107 435 2374 502">
     <span class='ocr_line' id='line_1_2' title="bbox 1107 435 2374 502; baseline 0 -1"><span class='ocrx_word' id='word_1_2' title='bbox 1107 439 1482 502; x_wconf 84' lang='lat' dir='ltr'><strong>PANOPLIA</strong></span> <span class='ocrx_word' id='word_1_3' title='bbox 1522 435 1982 500; x_wconf 79' lang='lat' dir='ltr'><strong>DOGMATICA.</strong></span> <span class='ocrx_word' id='word_1_4' title='bbox 2013 461 2085 474; x_wconf 90' lang='grc'><strong>-·</strong></span> <span class='ocrx_word' id='word_1_5' title='bbox 2116 438 2266 501; x_wconf 83' lang='lat' dir='ltr'><strong>TIT.</strong></span> <span class='ocrx_word' id='word_1_6' title='bbox 2308 440 2374 501; x_wconf 91' lang='lat' dir='ltr'><strong>V.</strong></span> 
     </span>
    </p>
   </div>
   <div class='ocr_carea' id='block_1_3' title="bbox 3267 428 3371 508">
    <p class='ocr_par' dir='ltr' id='par_1_3' title="bbox 3267 428 3371 508">
     <span class='ocr_line' id='line_1_3' title="bbox 3267 428 3371 508; baseline 0.01 -3"><span class='ocrx_word' id='word_1_7' title='bbox 3267 428 3371 508; x_wconf 59' lang='lat'><strong>190‘</strong></span> 
     </span>
    </p>
   </div>
   <div class='ocr_carea' id='block_1_4' title="bbox 106 558 1694 636">
    <p class='ocr_par' dir='ltr' id='par_1_4' title="bbox 106 560 1685 634">
     <span class='ocr_line' id='line_1_4' title="bbox 106 560 1685 634; baseline -0.001 -19"><span class='ocrx_word' id='word_1_8' title='bbox 106 564 277 631; x_wconf 76' lang='grc' dir='ltr'><strong>ἁγξας</strong></span> <span class='ocrx_word' id='word_1_9' title='bbox 308 560 587 633; x_wconf 81' lang='grc' dir='ltr'><strong>Παρθένου</strong></span> <span class='ocrx_word' id='word_1_10' title='bbox 616 562 713 616; x_wconf 73' lang='grc' dir='ltr'><strong>καὶ</strong></span> <span class='ocrx_word' id='word_1_11' title='bbox 764 560 1034 616; x_wconf 83' lang='grc' dir='ltr'><strong>Θεοτόκου</strong></span> <span class='ocrx_word' id='word_1_12' title='bbox 1073 562 1294 634; x_wconf 73' lang='grc' dir='ltr'><strong>Μαρῐας</strong></span> <span class='ocrx_word' id='word_1_13' title='bbox 1326 560 1685 633; x_wconf 80' lang='grc' dir='ltr'><strong>γεγέννηται’</strong></span> 
     </span>
    </p>
   </div>
   <div class='ocr_carea' id='block_1_5' title="bbox 1799 558 3369 636">
    <p class='ocr_par' dir='ltr' id='par_1_5' title="bbox 1799 558 3369 636">
     <span class='ocr_line' id='line_1_5' title="bbox 1799 558 3369 636; baseline 0.004 -24"><span class='ocrx_word' id='word_1_14' title='bbox 1799 568 2147 629; x_wconf 85' lang='lat' dir='ltr'><strong>conceptum,</strong></span> <span class='ocrx_word' id='word_1_15' title='bbox 2177 568 2234 616; x_wconf 90' lang='lat' dir='ltr'><strong>et</strong></span> <span class='ocrx_word' id='word_1_16' title='bbox 2264 561 2385 617; x_wconf 84' lang='lat' dir='ltr'><strong>sine</strong></span> <span class='ocrx_word' id='word_1_17' title='bbox 2413 558 2766 631; x_wconf 74' lang='lat' dir='ltr'><strong>corruptione</strong></span> <span class='ocrx_word' id='word_1_18' title='bbox 2797 576 2865 616; x_wconf 78' lang='lat' dir='ltr'><strong>ex</strong></span> <span class='ocrx_word' id='word_1_19' title='bbox 2905 570 3093 617; x_wconf 83' lang='lat' dir='ltr'><strong>sancta</strong></span> <span class='ocrx_word' id='word_1_20' title='bbox 3151 560 3369 636; x_wconf 85' lang='lat' dir='ltr'><strong>Virgine</strong></span> 
     </span>
    </p>
   </div>
   <div class='ocr_carea' id='block_1_6' title="bbox 105 653 1686 726">
    <p class='ocr_par' dir='ltr' id='par_1_6' title="bbox 105 653 1686 726">
     <span class='ocr_line' id='line_1_6' title="bbox 105 653 1686 726; baseline -0.003 -14"><span class='ocrx_word' id='word_1_21' title='bbox 105 658 203 712; x_wconf 74' lang='grc' dir='ltr'><strong>καὶ</strong></span> <span class='ocrx_word' id='word_1_22' title='bbox 253 658 339 711; x_wconf 79' lang='grc' dir='ltr'><strong>ὅτι</strong></span> <span class='ocrx_word' id='word_1_23' title='bbox 388 657 417 709; x_wconf 79' lang='grc' dir='ltr'><strong><em>ὁ</em></strong></span> <span class='ocrx_word' id='word_1_24' title='bbox 464 656 631 719; x_wconf 72' lang='grc' dir='ltr'><strong>αὐτὸς</strong></span> <span class='ocrx_word' id='word_1_25' title='bbox 664 657 796 721; x_wconf 75' lang='grc' dir='ltr'><strong>Θεὸς</strong></span> <span class='ocrx_word' id='word_1_26' title='bbox 828 656 1035 720; x_wconf 57' lang='grc' dir='ltr'><strong>τέλειος</strong></span> <span class='ocrx_word' id='word_1_27' title='bbox 1085 657 1237 710; x_wconf 83' lang='grc' dir='ltr'><strong>ἐστιν</strong></span> <span class='ocrx_word' id='word_1_28' title='bbox 1261 654 1418 726; x_wconf 81' lang='grc' dir='ltr'><strong>ὁμοῦ,</strong></span> <span class='ocrx_word' id='word_1_29' title='bbox 1459 653 1686 710; x_wconf 60' lang='grc' dir='ltr'><strong>καὶητὲσ</strong></span> 
     </span>
    </p>
   </div>
   <div class='ocr_carea' id='block_1_7' title="bbox 104 750 1690 823">
    <p class='ocr_par' dir='ltr' id='par_1_7' title="bbox 104 750 1690 823">
     <span class='ocr_line' id='line_1_7' title="bbox 104 750 1690 823; baseline -0.001 -21"><span class='ocrx_word' id='word_1_30' title='bbox 104 751 252 815; x_wconf 82' lang='grc' dir='ltr'><strong>λειος</strong></span> <span class='ocrx_word' id='word_1_31' title='bbox 281 750 574 823; x_wconf 76' lang='grc' dir='ltr'><strong>ἄνθρωπος</strong></span> <span class='ocrx_word' id='word_1_32' title='bbox 609 753 673 807; x_wconf 80' lang='grc' dir='ltr'><strong>ἐκ</strong></span> <span class='ocrx_word' id='word_1_33' title='bbox 701 751 795 804; x_wconf 74' lang='grc' dir='ltr'><strong>δύο</strong></span> <span class='ocrx_word' id='word_1_34' title='bbox 821 750 1060 821; x_wconf 75' lang='grc' dir='ltr'><strong>φύσεων,</strong></span> <span class='ocrx_word' id='word_1_35' title='bbox 1092 751 1344 823; x_wconf 82' lang='grc' dir='ltr'><strong>Θεότητός</strong></span> <span class='ocrx_word' id='word_1_36' title='bbox 1370 767 1430 804; x_wconf 84' lang='grc' dir='ltr'><strong>τε</strong></span> <span class='ocrx_word' id='word_1_37' title='bbox 1463 750 1558 804; x_wconf 75' lang='grc' dir='ltr'><strong>καὶ</strong></span> <span class='ocrx_word' id='word_1_38' title='bbox 1595 750 1690 803; x_wconf 88' lang='grc' dir='ltr'><strong>ἀν-</strong></span> 
     </span>
    </p>
   </div>
   <div class='ocr_carea' id='block_1_8' title="bbox 106 842 1689 916">
    <p class='ocr_par' dir='ltr' id='par_1_8' title="bbox 106 842 1689 916">
     <span class='ocr_line' id='line_1_8' title="bbox 106 842 1689 916; baseline -0.001 -19"><span class='ocrx_word' id='word_1_39' title='bbox 106 842 489 916; x_wconf 82' lang='grc' dir='ltr'><strong>θρωπὸτητος,</strong></span> <span class='ocrx_word' id='word_1_40' title='bbox 518 844 611 897; x_wconf 77' lang='grc' dir='ltr'><strong>καὶ</strong></span> <span class='ocrx_word' id='word_1_41' title='bbox 651 846 709 897; x_wconf 83' lang='grc' dir='ltr'><strong>ἐν</strong></span> <span class='ocrx_word' id='word_1_42' title='bbox 740 843 834 898; x_wconf 80' lang='grc' dir='ltr'><strong>δύο</strong></span> <span class='ocrx_word' id='word_1_43' title='bbox 887 844 1081 913; x_wconf 78' lang='grc' dir='ltr'><strong>φύσεσι</strong></span> <span class='ocrx_word' id='word_1_44' title='bbox 1113 843 1426 916; x_wconf 80' lang='grc' dir='ltr'><strong>θελητικαῖς</strong></span> <span class='ocrx_word' id='word_1_45' title='bbox 1481 860 1541 896; x_wconf 88' lang='grc' dir='ltr'><strong>τε</strong></span> <span class='ocrx_word' id='word_1_46' title='bbox 1594 842 1689 897; x_wconf 79' lang='grc' dir='ltr'><strong>καὶ</strong></span> 
     </span>
    </p>
   </div>
   <div class='ocr_carea' id='block_1_9' title="bbox 105 935 1688 1007">
    <p class='ocr_par' dir='ltr' id='par_1_9' title="bbox 105 935 1688 1007">
     <span class='ocr_line' id='line_1_9' title="bbox 105 935 1688 1007; baseline -0.001 -17"><span class='ocrx_word' id='word_1_47' title='bbox 105 938 517 1007; x_wconf 80' lang='grc' dir='ltr'><strong>ἐνεργητικαῖς,</strong></span> <span class='ocrx_word' id='word_1_48' title='bbox 550 937 645 991; x_wconf 74' lang='grc' dir='ltr'><strong>καὶ</strong></span> <span class='ocrx_word' id='word_1_49' title='bbox 694 935 1087 1003; x_wconf 72' lang='grc' dir='ltr'><strong>αὐτεξουσίως,</strong></span> <span class='ocrx_word' id='word_1_50' title='bbox 1125 938 1222 991; x_wconf 73' lang='grc' dir='ltr'><strong>καὶ</strong></span> <span class='ocrx_word' id='word_1_51' title='bbox 1257 935 1444 998; x_wconf 86' lang='grc' dir='ltr'><strong>ἁπλῶς</strong></span> <span class='ocrx_word' id='word_1_52' title='bbox 1487 937 1688 1004; x_wconf 81' lang='grc' dir='ltr'><strong>εἰπεῖν,</strong></span> 
     </span>
    </p>
   </div>
   <div class='ocr_carea' id='block_1_10' title="bbox 104 1016 1689 1101">
    <p class='ocr_par' dir='ltr' id='par_1_10' title="bbox 104 1016 1689 1101">
     <span class='ocr_line' id='line_1_10' title="bbox 104 1016 1689 1101; baseline 0 -20"><span class='ocrx_word' id='word_1_53' title='bbox 104 1028 335 1092; x_wconf 77' lang='grc' dir='ltr'><strong>τελείως</strong></span> <span class='ocrx_word' id='word_1_54' title='bbox 375 1029 630 1099; x_wconf 72' lang='grc' dir='ltr'><strong>ἐχούσαις</strong></span> <span class='ocrx_word' id='word_1_55' title='bbox 668 1016 822 1084; x_wconf 73' lang='grc' dir='ltr'><strong>⁶κατὰ</strong></span> <span class='ocrx_word' id='word_1_56' title='bbox 855 1029 945 1083; x_wconf 72' lang='grc' dir='ltr'><strong>τὸν</strong></span> <span class='ocrx_word' id='word_1_57' title='bbox 995 1029 1205 1101; x_wconf 79' lang='grc' dir='ltr'><strong>ἑκάστῃ</strong></span> <span class='ocrx_word' id='word_1_58' title='bbox 1236 1028 1518 1100; x_wconf 76' lang='grc' dir='ltr'><strong>πρέποντα</strong></span> <span class='ocrx_word' id='word_1_59' title='bbox 1563 1028 1689 1099; x_wconf 81' lang='grc' dir='ltr'><strong>ὅρον</strong></span> 
     </span>
    </p>
   </div>
   <div class='ocr_carea' id='block_1_11' title="bbox 105 1119 1686 1196">
    <p class='ocr_par' dir='ltr' id='par_1_11' title="bbox 105 1119 1686 1196">
     <span class='ocr_line' id='line_1_11' title="bbox 105 1119 1686 1196; baseline -0.001 -24"><span class='ocrx_word' id='word_1_60' title='bbox 105 1135 165 1172; x_wconf 86' lang='grc' dir='ltr'><strong>τε</strong></span> <span class='ocrx_word' id='word_1_61' title='bbox 204 1120 301 1173; x_wconf 79' lang='grc' dir='ltr'>καὶ</span> <span class='ocrx_word' id='word_1_62' title='bbox 346 1119 525 1189; x_wconf 79' lang='grc' dir='ltr'><strong>λόγον,</strong></span> <span class='ocrx_word' id='word_1_63' title='bbox 555 1120 774 1191; x_wconf 74' lang='grc' dir='ltr'><strong>Θεότητί</strong></span> <span class='ocrx_word' id='word_1_64' title='bbox 819 1137 879 1174; x_wconf 85' lang='grc' dir='ltr'><strong>τε</strong></span> <span class='ocrx_word' id='word_1_65' title='bbox 932 1122 1026 1174; x_wconf 75' lang='grc' dir='ltr'><strong>καὶ</strong></span> <span class='ocrx_word' id='word_1_66' title='bbox 1066 1122 1474 1196; x_wconf 83' lang='grc' dir='ltr'><strong>ἀνθρωπὸτητι,</strong></span> <span class='ocrx_word' id='word_1_67' title='bbox 1520 1122 1686 1192; x_wconf 72' lang='grc' dir='ltr'><strong>φημὶ,</strong></span> 
     </span>
    </p>
   </div>
   <div class='ocr_carea' id='block_1_12' title="bbox 108 1211 1689 1289">
    <p class='ocr_par' dir='ltr' id='par_1_12' title="bbox 108 1211 1689 1289">
     <span class='ocr_line' id='line_1_12' title="bbox 108 1211 1689 1289; baseline 0.005 -27"><span class='ocrx_word' id='word_1_68' title='bbox 108 1212 172 1263; x_wconf 83' lang='grc' dir='ltr'><strong>ἐν</strong></span> <span class='ocrx_word' id='word_1_69' title='bbox 229 1213 336 1283; x_wconf 77' lang='grc' dir='ltr'><strong>μιᾷ</strong></span> <span class='ocrx_word' id='word_1_70' title='bbox 368 1211 613 1284; x_wconf 75' lang='grc' dir='ltr'><strong>συνθέτῳ</strong></span> <span class='ocrx_word' id='word_1_71' title='bbox 658 1214 993 1269; x_wconf 72' lang='grc' dir='ltr'><strong>ὑποστάσει·</strong></span> <span class='ocrx_word' id='word_1_72' title='bbox 1037 1216 1118 1269; x_wconf 77' lang='grc' dir='ltr'><strong>ὅτι</strong></span> <span class='ocrx_word' id='word_1_73' title='bbox 1172 1233 1233 1269; x_wconf 85' lang='grc' dir='ltr'><strong>τε</strong></span> <span class='ocrx_word' id='word_1_74' title='bbox 1278 1215 1553 1289; x_wconf 81' lang='grc' dir='ltr'><strong>ἐπείνησε,</strong></span> <span class='ocrx_word' id='word_1_75' title='bbox 1595 1218 1689 1271; x_wconf 75' lang='grc' dir='ltr'>καὶ</span> 
     </span>
    </p>
   </div>
   <div class='ocr_carea' id='block_1_13' title="bbox 107 1302 1688 1377">
    <p class='ocr_par' dir='ltr' id='par_1_13' title="bbox 107 1302 1688 1377">
     <span class='ocr_line' id='line_1_13' title="bbox 107 1302 1688 1377; baseline 0.006 -24"><span class='ocrx_word' id='word_1_76' title='bbox 107 1302 361 1375; x_wconf 72' lang='grc' dir='ltr'><strong>ἐδίψησε,</strong></span> <span class='ocrx_word' id='word_1_77' title='bbox 394 1302 493 1355; x_wconf 72' lang='grc' dir='ltr'><strong>καὶ</strong></span> <span class='ocrx_word' id='word_1_78' title='bbox 519 1304 801 1370; x_wconf 79' lang='grc' dir='ltr'><strong>ἐκοπίασε,</strong></span> <span class='ocrx_word' id='word_1_79' title='bbox 823 1307 916 1359; x_wconf 72' lang='grc' dir='ltr'><strong>καὶ</strong></span> <span class='ocrx_word' id='word_1_80' title='bbox 947 1305 1289 1377; x_wconf 81' lang='grc' dir='ltr'><strong>ἐσταυρώθη,</strong></span> <span class='ocrx_word' id='word_1_81' title='bbox 1324 1307 1417 1362; x_wconf 74' lang='grc' dir='ltr'><strong>καὶ</strong></span> <span class='ocrx_word' id='word_1_82' title='bbox 1456 1308 1688 1363; x_wconf 80' lang='grc' dir='ltr'><strong>θανάτου</strong></span> 
     </span>
    </p>
   </div>
   <div class='ocr_carea' id='block_1_14' title="bbox 108 1396 1688 1473">
    <p class='ocr_par' dir='ltr' id='par_1_14' title="bbox 108 1396 1688 1473">
     <span class='ocr_line' id='line_1_14' title="bbox 108 1396 1688 1473; baseline 0.006 -26"><span class='ocrx_word' id='word_1_83' title='bbox 108 1399 208 1449; x_wconf 81' lang='grc' dir='ltr'><strong>καὶ</strong></span> <span class='ocrx_word' id='word_1_84' title='bbox 234 1396 418 1466; x_wconf 61' lang='grc' dir='ltr'><strong>ταφῆς</strong></span> <span class='ocrx_word' id='word_1_85' title='bbox 446 1399 644 1467; x_wconf 81' lang='grc' dir='ltr'><strong>πεῖραν</strong></span> <span class='ocrx_word' id='word_1_86' title='bbox 699 1398 941 1464; x_wconf 81' lang='grc' dir='ltr'><strong>ἐδέξατο,</strong></span> <span class='ocrx_word' id='word_1_87' title='bbox 976 1400 1070 1454; x_wconf 78' lang='grc' dir='ltr'>καὶ</span> <span class='ocrx_word' id='word_1_88' title='bbox 1118 1402 1320 1473; x_wconf 82' lang='grc' dir='ltr'><strong>ἀνέστη</strong></span> <span class='ocrx_word' id='word_1_89' title='bbox 1364 1402 1688 1473; x_wconf 79' lang='grc' dir='ltr'><strong>τριήμερος,</strong></span> 
     </span>
    </p>
   </div>
   <div class='ocr_carea' id='block_1_15' title="bbox 108 1485 1692 1564">
    <p class='ocr_par' dir='ltr' id='par_1_15' title="bbox 108 1485 1692 1564">
     <span class='ocr_line' id='line_1_15' title="bbox 108 1485 1692 1564; baseline 0.006 -28"><span class='ocrx_word' id='word_1_90' title='bbox 108 1486 209 1538; x_wconf 72' lang='grc' dir='ltr'><strong>καὶ</strong></span> <span class='ocrx_word' id='word_1_91' title='bbox 231 1485 315 1547; x_wconf 82' lang='grc' dir='ltr'><strong>εἰς</strong></span> <span class='ocrx_word' id='word_1_92' title='bbox 344 1486 610 1558; x_wconf 71' lang='grc' dir='ltr'><strong>οὐρανοὺς</strong></span> <span class='ocrx_word' id='word_1_93' title='bbox 641 1488 1021 1560; x_wconf 77' lang='grc' dir='ltr'><strong>ἀνεφοίτησεν,</strong></span> <span class='ocrx_word' id='word_1_94' title='bbox 1059 1490 1185 1546; x_wconf 80' lang='grc' dir='ltr'><strong>ὅθεν</strong></span> <span class='ocrx_word' id='word_1_95' title='bbox 1235 1493 1372 1562; x_wconf 71' lang='grc' dir='ltr'><strong>πρδς</strong></span> <span class='ocrx_word' id='word_1_96' title='bbox 1398 1494 1550 1564; x_wconf 75' lang='grc' dir='ltr'><strong>ἡμᾶς</strong></span> <span class='ocrx_word' id='word_1_97' title='bbox 1581 1512 1692 1547; x_wconf 88' lang='grc' dir='ltr'><strong>πα-</strong></span> 
     </span>
    </p>
   </div>
   <div class='ocr_carea' id='block_1_16' title="bbox 109 1579 1689 1656">
    <p class='ocr_par' dir='ltr' id='par_1_16' title="bbox 109 1579 1689 1656">
     <span class='ocr_line' id='line_1_16' title="bbox 109 1579 1689 1656; baseline 0.005 -26"><span class='ocrx_word' id='word_1_98' title='bbox 109 1579 408 1646; x_wconf 67' lang='grc' dir='ltr'><strong>ρατέτονε,</strong></span> <span class='ocrx_word' id='word_1_99' title='bbox 437 1581 531 1633; x_wconf 69' lang='grc' dir='ltr'><strong>καὶ</strong></span> <span class='ocrx_word' id='word_1_100' title='bbox 563 1582 1005 1653; x_wconf 74' lang='grc' dir='ltr'>παραγενήσεται</span> <span class='ocrx_word' id='word_1_101' title='bbox 1051 1584 1214 1638; x_wconf 79' lang='grc' dir='ltr'><strong>πάλιν</strong></span> <span class='ocrx_word' id='word_1_102' title='bbox 1255 1584 1507 1655; x_wconf 79' lang='grc' dir='ltr'><strong>ὕστερον,</strong></span> <span class='ocrx_word' id='word_1_103' title='bbox 1536 1586 1630 1639; x_wconf 73' lang='grc' dir='ltr'><strong>καὶ</strong></span> <span class='ocrx_word' id='word_1_104' title='bbox 1656 1587 1689 1656; x_wconf 78' lang='grc' dir='ltr'>ἡ</span> 
     </span>
    </p>
   </div>
   <div class='ocr_carea' id='block_1_17' title="bbox 108 1667 1688 1748">
    <p class='ocr_par' dir='ltr' id='par_1_17' title="bbox 108 1667 1688 1748">
     <span class='ocr_line' id='line_1_17' title="bbox 108 1667 1688 1748; baseline 0.007 -29"><span class='ocrx_word' id='word_1_105' title='bbox 108 1667 233 1721; x_wconf 81' lang='grc' dir='ltr'><strong>Θεία</strong></span> <span class='ocrx_word' id='word_1_106' title='bbox 264 1670 457 1742; x_wconf 79' lang='grc' dir='ltr'>Γραφὴ</span> <span class='ocrx_word' id='word_1_107' title='bbox 491 1672 723 1742; x_wconf 79' lang='grc' dir='ltr'><strong>μάρτυς,</strong></span> <span class='ocrx_word' id='word_1_108' title='bbox 774 1674 868 1727; x_wconf 74' lang='grc' dir='ltr'><strong>καὶ</strong></span> <span class='ocrx_word' id='word_1_109' title='bbox 912 1676 1019 1737; x_wconf 75' lang='grc' dir='ltr'><strong>πᾶς</strong></span> <span class='ocrx_word' id='word_1_110' title='bbox 1049 1676 1077 1727; x_wconf 83' lang='grc' dir='ltr'><strong>ὁ</strong></span> <span class='ocrx_word' id='word_1_111' title='bbox 1107 1675 1221 1728; x_wconf 85' lang='grc' dir='ltr'><strong>τῶν</strong></span> <span class='ocrx_word' id='word_1_112' title='bbox 1277 1676 1451 1744; x_wconf 74' lang='grc' dir='ltr'><strong>ἁγὲων</strong></span> <span class='ocrx_word' id='word_1_113' title='bbox 1507 1678 1688 1748; x_wconf 86' lang='grc' dir='ltr'><strong>χορός.</strong></span> 
     </span>
    </p>
   </div>
   <div class='ocr_carea' id='block_1_18' title="bbox 110 1754 1688 1844">
    <p class='ocr_par' dir='ltr' id='par_1_18' title="bbox 110 1754 1688 1844">
     <span class='ocr_line' id='line_1_18' title="bbox 110 1754 1688 1844; baseline 0.008 -32"><span class='ocrx_word' id='word_1_114' title='bbox 110 1758 178 1812; x_wconf 79' lang='grc' dir='ltr'><strong>ΤΞ</strong></span> <span class='ocrx_word' id='word_1_115' title='bbox 231 1761 292 1814; x_wconf 77' lang='grc' dir='ltr'><em>δέ</em></span> <span class='ocrx_word' id='word_1_116' title='bbox 343 1764 464 1816; x_wconf 82' lang='grc' dir='ltr'><strong>ἐστι</strong></span> <span class='ocrx_word' id='word_1_117' title='bbox 506 1764 642 1818; x_wconf 85' lang='grc' dir='ltr'><strong>Θεοῦ</strong></span> <span class='ocrx_word' id='word_1_118' title='bbox 700 1766 881 1830; x_wconf 78' lang='grc' dir='ltr'><strong>οὐσία,</strong></span> <span class='ocrx_word' id='word_1_119' title='bbox 928 1767 960 1838; x_wconf 86' lang='grc' dir='ltr'>ἢ</span> <span class='ocrx_word' id='word_1_120' title='bbox 998 1767 1118 1831; x_wconf 90' lang='grc' dir='ltr'><strong>πῶς</strong></span> <span class='ocrx_word' id='word_1_121' title='bbox 1158 1754 1306 1822; x_wconf 70' lang='grc' dir='ltr'><strong>ἐστιν</strong></span> <span class='ocrx_word' id='word_1_122' title='bbox 1348 1771 1407 1823; x_wconf 85' lang='grc' dir='ltr'><strong>ἐν</strong></span> <span class='ocrx_word' id='word_1_123' title='bbox 1441 1773 1688 1844; x_wconf 80' lang='grc' dir='ltr'><strong>πᾶσιν,ἢ</strong></span> 
     </span>
    </p>
   </div>
   <div class='ocr_carea' id='block_1_19' title="bbox 1792 650 3369 725">
    <p class='ocr_par' dir='ltr' id='par_1_19' title="bbox 1792 650 3369 725">
     <span class='ocr_line' id='line_1_19' title="bbox 1792 650 3369 725; baseline 0.004 -19"><span class='ocrx_word' id='word_1_124' title='bbox 1792 652 1884 708; x_wconf 86' lang='lat' dir='ltr'><strong>Dei</strong></span> <span class='ocrx_word' id='word_1_125' title='bbox 1915 650 2195 707; x_wconf 86' lang='lat' dir='ltr'><strong>Genitrice</strong></span> <span class='ocrx_word' id='word_1_126' title='bbox 2249 652 2414 707; x_wconf 78' lang='lat' dir='ltr'><strong>Maria</strong></span> <span class='ocrx_word' id='word_1_127' title='bbox 2471 654 2753 723; x_wconf 84' lang='lat' dir='ltr'><strong>genitum;</strong></span> <span class='ocrx_word' id='word_1_128' title='bbox 2788 663 2844 709; x_wconf 89' lang='lat' dir='ltr'><strong>et</strong></span> <span class='ocrx_word' id='word_1_129' title='bbox 2886 655 3191 725; x_wconf 77' lang='lat' dir='ltr'><strong>perfectum</strong></span> <span class='ocrx_word' id='word_1_130' title='bbox 3245 673 3369 713; x_wconf 85' lang='lat' dir='ltr'><strong>esse</strong></span> 
     </span>
    </p>
   </div>
   <div class='ocr_carea' id='block_1_20' title="bbox 1791 743 3369 814">
    <p class='ocr_par' dir='ltr' id='par_1_20' title="bbox 1791 743 3369 814">
     <span class='ocr_line' id='line_1_20' title="bbox 1791 743 3369 814; baseline 0.003 -17"><span class='ocrx_word' id='word_1_131' title='bbox 1791 743 1960 798; x_wconf 87' lang='lat' dir='ltr'><strong>Deum</strong></span> <span class='ocrx_word' id='word_1_132' title='bbox 2006 743 2192 807; x_wconf 87' lang='lat' dir='ltr'><strong>simul,</strong></span> <span class='ocrx_word' id='word_1_133' title='bbox 2235 752 2290 799; x_wconf 88' lang='lat' dir='ltr'><strong>et</strong></span> <span class='ocrx_word' id='word_1_134' title='bbox 2352 743 2656 814; x_wconf 81' lang='lat' dir='ltr'><strong>perfectum</strong></span> <span class='ocrx_word' id='word_1_135' title='bbox 2706 744 2984 800; x_wconf 80' lang='lat' dir='ltr'><strong>hominem</strong></span> <span class='ocrx_word' id='word_1_136' title='bbox 3039 762 3107 800; x_wconf 76' lang='lat' dir='ltr'><strong>ex</strong></span> <span class='ocrx_word' id='word_1_137' title='bbox 3154 747 3369 803; x_wconf 89' lang='lat' dir='ltr'><strong>duabus</strong></span> 
     </span>
    </p>
   </div>
   <div class='ocr_carea' id='block_1_21' title="bbox 1792 836 3368 902">
    <p class='ocr_par' dir='ltr' id='par_1_21' title="bbox 1792 836 3368 902">
     <span class='ocr_line' id='line_1_21' title="bbox 1792 836 3368 902; baseline 0.002 -11"><span class='ocrx_word' id='word_1_138' title='bbox 1792 836 2004 892; x_wconf 87' lang='lat' dir='ltr'><strong>naturis</strong></span> <span class='ocrx_word' id='word_1_139' title='bbox 2043 837 2229 892; x_wconf 87' lang='lat' dir='ltr'><strong>divina</strong></span> <span class='ocrx_word' id='word_1_140' title='bbox 2268 847 2323 893; x_wconf 90' lang='lat' dir='ltr'><strong>et</strong></span> <span class='ocrx_word' id='word_1_141' title='bbox 2364 838 2624 902; x_wconf 85' lang='lat' dir='ltr'><strong>humana,</strong></span> <span class='ocrx_word' id='word_1_142' title='bbox 2673 847 2728 893; x_wconf 89' lang='lat' dir='ltr'><strong>et</strong></span> <span class='ocrx_word' id='word_1_143' title='bbox 2779 838 2836 893; x_wconf 90' lang='lat' dir='ltr'><strong>in</strong></span> <span class='ocrx_word' id='word_1_144' title='bbox 2881 839 3091 894; x_wconf 86' lang='lat' dir='ltr'><strong>duabus</strong></span> <span class='ocrx_word' id='word_1_145' title='bbox 3155 841 3368 894; x_wconf 87' lang='lat' dir='ltr'><strong>naturis</strong></span> 
     </span>
    </p>
   </div>
   <div class='ocr_carea' id='block_1_22' title="bbox 1791 928 3362 1001">
    <p class='ocr_par' dir='ltr' id='par_1_22' title="bbox 1791 928 3362 1001">
     <span class='ocr_line' id='line_1_22' title="bbox 1791 928 3362 1001; baseline 0.004 -19"><span class='ocrx_word' id='word_1_146' title='bbox 1791 928 2088 991; x_wconf 83' lang='lat' dir='ltr'><strong>voluntate,</strong></span> <span class='ocrx_word' id='word_1_147' title='bbox 2116 929 2351 994; x_wconf 78' lang='lat' dir='ltr'><strong>actione,</strong></span> <span class='ocrx_word' id='word_1_148' title='bbox 2381 938 2654 999; x_wconf 70' lang='lat' dir='ltr'><strong>potes-tate</strong></span> <span class='ocrx_word' id='word_1_149' title='bbox 2680 931 2895 1001; x_wconf 89' lang='lat' dir='ltr'><strong>propria</strong></span> <span class='ocrx_word' id='word_1_150' title='bbox 2933 934 3215 988; x_wconf 90' lang='lat' dir='ltr'><strong>utentibus</strong></span> <span class='ocrx_word' id='word_1_151' title='bbox 3245 949 3260 1000; x_wconf 90' lang='lat'><strong>;</strong></span> <span class='ocrx_word' id='word_1_152' title='bbox 3287 943 3362 998; x_wconf 89' lang='lat' dir='ltr'><strong>et,</strong></span> 
     </span>
    </p>
   </div>
   <div class='ocr_carea' id='block_1_23' title="bbox 1792 1020 3369 1096">
    <p class='ocr_par' dir='ltr' id='par_1_23' title="bbox 1792 1020 3369 1096">
     <span class='ocr_line' id='line_1_23' title="bbox 1792 1020 3369 1096; baseline 0.004 -21"><span class='ocrx_word' id='word_1_153' title='bbox 1792 1030 1853 1075; x_wconf 89' lang='lat' dir='ltr'><strong>ut</strong></span> <span class='ocrx_word' id='word_1_154' title='bbox 1885 1020 2343 1087; x_wconf 87' lang='lat' dir='ltr'><strong>hreviterdicam,</strong></span> <span class='ocrx_word' id='word_1_155' title='bbox 2380 1038 2481 1093; x_wconf 88' lang='lat' dir='ltr'><strong>pro</strong></span> <span class='ocrx_word' id='word_1_156' title='bbox 2537 1024 2905 1080; x_wconf 87' lang='lat' dir='ltr'><strong>conveniente</strong></span> <span class='ocrx_word' id='word_1_157' title='bbox 2957 1026 3175 1096; x_wconf 89' lang='lat' dir='ltr'><strong>utrique</strong></span> <span class='ocrx_word' id='word_1_158' title='bbox 3232 1027 3369 1081; x_wconf 82' lang='lat' dir='ltr'><strong>defi-</strong></span> 
     </span>
    </p>
   </div>
   <div class='ocr_carea' id='block_1_24' title="bbox 1792 1113 3367 1185">
    <p class='ocr_par' dir='ltr' id='par_1_24' title="bbox 1792 1113 3367 1185">
     <span class='ocr_line' id='line_1_24' title="bbox 1792 1113 3367 1185; baseline 0.003 -18"><span class='ocrx_word' id='word_1_159' title='bbox 1792 1113 2003 1168; x_wconf 90' lang='lat' dir='ltr'><strong>nitione</strong></span> <span class='ocrx_word' id='word_1_160' title='bbox 2035 1114 2356 1185; x_wconf 88' lang='lat' dir='ltr'><strong>rationeque</strong></span> <span class='ocrx_word' id='word_1_161' title='bbox 2397 1114 2639 1184; x_wconf 82' lang='lat' dir='ltr'><strong>perfecte</strong></span> <span class='ocrx_word' id='word_1_162' title='bbox 2675 1130 2801 1171; x_wconf 90' lang='lat' dir='ltr'><strong>sese</strong></span> <span class='ocrx_word' id='word_1_163' title='bbox 2830 1116 3178 1183; x_wconf 82' lang='lat' dir='ltr'><strong>habentibus,</strong></span> <span class='ocrx_word' id='word_1_164' title='bbox 3225 1118 3367 1172; x_wconf 89' lang='lat' dir='ltr'><strong>divi-</strong></span> 
     </span>
    </p>
   </div>
   <div class='ocr_carea' id='block_1_25' title="bbox 1792 1203 3368 1278">
    <p class='ocr_par' dir='ltr' id='par_1_25' title="bbox 1792 1203 3368 1278">
     <span class='ocr_line' id='line_1_25' title="bbox 1792 1203 3368 1278; baseline 0.003 -21"><span class='ocrx_word' id='word_1_165' title='bbox 1792 1204 1985 1270; x_wconf 90' lang='lat' dir='ltr'><strong>nitate,</strong></span> <span class='ocrx_word' id='word_1_166' title='bbox 2010 1203 2343 1273; x_wconf 85' lang='lat' dir='ltr'><strong>inquam,et</strong></span> <span class='ocrx_word' id='word_1_167' title='bbox 2396 1204 2738 1261; x_wconf 84' lang='lat' dir='ltr'><strong>humanitate</strong></span> <span class='ocrx_word' id='word_1_168' title='bbox 2789 1206 2843 1259; x_wconf 90' lang='lat' dir='ltr'><strong>in</strong></span> <span class='ocrx_word' id='word_1_169' title='bbox 2902 1222 3010 1259; x_wconf 90' lang='lat' dir='ltr'><strong>una</strong></span> <span class='ocrx_word' id='word_1_170' title='bbox 3061 1208 3368 1278; x_wconf 85' lang='lat' dir='ltr'><strong>conjunctis</strong></span> 
     </span>
    </p>
   </div>
   <div class='ocr_carea' id='block_1_26' title="bbox 1794 1297 3367 1368">
    <p class='ocr_par' dir='ltr' id='par_1_26' title="bbox 1794 1297 3367 1368">
     <span class='ocr_line' id='line_1_26' title="bbox 1794 1297 3367 1368; baseline 0.002 -17"><span class='ocrx_word' id='word_1_171' title='bbox 1794 1298 2090 1367; x_wconf 89' lang='lat' dir='ltr'><strong>hypostasi,</strong></span> <span class='ocrx_word' id='word_1_172' title='bbox 2119 1297 2234 1352; x_wconf 90' lang='lat' dir='ltr'><strong>sive</strong></span> <span class='ocrx_word' id='word_1_173' title='bbox 2268 1313 2523 1368; x_wconf 85' lang='lat' dir='ltr'><strong>persona.</strong></span> <span class='ocrx_word' id='word_1_174' title='bbox 2561 1297 2716 1353; x_wconf 86' lang='lat' dir='ltr'><strong>llunt:</strong></span> <span class='ocrx_word' id='word_1_175' title='bbox 2749 1308 2803 1354; x_wconf 87' lang='lat' dir='ltr'><strong>et</strong></span> <span class='ocrx_word' id='word_1_176' title='bbox 2835 1300 3097 1365; x_wconf 89' lang='lat' dir='ltr'><strong>esurisse,</strong></span> <span class='ocrx_word' id='word_1_177' title='bbox 3129 1309 3182 1353; x_wconf 92' lang='lat' dir='ltr'><strong>et</strong></span> <span class='ocrx_word' id='word_1_178' title='bbox 3215 1301 3367 1354; x_wconf 85' lang='lat' dir='ltr'><strong>sitis-</strong></span> 
     </span>
    </p>
   </div>
   <div class='ocr_carea' id='block_1_27' title="bbox 1793 1390 3373 1461">
    <p class='ocr_par' dir='ltr' id='par_1_27' title="bbox 1793 1390 3373 1461">
     <span class='ocr_line' id='line_1_27' title="bbox 1793 1390 3373 1461; baseline 0.001 -16"><span class='ocrx_word' id='word_1_179' title='bbox 1793 1405 1853 1445; x_wconf 84' lang='lat' dir='ltr'><strong>se</strong></span> <span class='ocrx_word' id='word_1_180' title='bbox 1885 1400 1939 1444; x_wconf 85' lang='lat' dir='ltr'><strong>et</strong></span> <span class='ocrx_word' id='word_1_181' title='bbox 1966 1390 2323 1461; x_wconf 79' lang='lat' dir='ltr'><strong>defatigatum</strong></span> <span class='ocrx_word' id='word_1_182' title='bbox 2354 1407 2497 1459; x_wconf 87' lang='lat' dir='ltr'><strong>esse,</strong></span> <span class='ocrx_word' id='word_1_183' title='bbox 2529 1401 2585 1446; x_wconf 89' lang='lat' dir='ltr'><strong>et</strong></span> <span class='ocrx_word' id='word_1_184' title='bbox 2628 1393 2779 1447; x_wconf 84' lang='lat' dir='ltr'><strong>cruci</strong></span> <span class='ocrx_word' id='word_1_185' title='bbox 2815 1392 2984 1447; x_wconf 80' lang='lat' dir='ltr'><strong>fuisse</strong></span> <span class='ocrx_word' id='word_1_186' title='bbox 3017 1393 3291 1458; x_wconf 64' lang='lat' dir='ltr'><strong>sumsum,</strong></span> <span class='ocrx_word' id='word_1_187' title='bbox 3317 1404 3373 1447; x_wconf 90' lang='lat' dir='ltr'><strong>et</strong></span> 
     </span>
    </p>
   </div>
   <div class='ocr_carea' id='block_1_28' title="bbox 1792 1484 3370 1555">
    <p class='ocr_par' dir='ltr' id='par_1_28' title="bbox 1792 1484 3370 1555">
     <span class='ocr_line' id='line_1_28' title="bbox 1792 1484 3370 1555; baseline 0.001 -16"><span class='ocrx_word' id='word_1_188' title='bbox 1792 1494 2022 1539; x_wconf 88' lang='lat' dir='ltr'><strong>mortem</strong></span> <span class='ocrx_word' id='word_1_189' title='bbox 2049 1500 2112 1540; x_wconf 88' lang='lat' dir='ltr'><strong>ac</strong></span> <span class='ocrx_word' id='word_1_190' title='bbox 2150 1486 2487 1555; x_wconf 83' lang='lat' dir='ltr'><strong>sepulturam</strong></span> <span class='ocrx_word' id='word_1_191' title='bbox 2516 1484 2840 1551; x_wconf 86' lang='lat' dir='ltr'><strong>subiisse,et</strong></span> <span class='ocrx_word' id='word_1_192' title='bbox 2865 1484 3166 1542; x_wconf 78' lang='lat' dir='ltr'><strong>surrexisse</strong></span> <span class='ocrx_word' id='word_1_193' title='bbox 3210 1484 3370 1540; x_wconf 90' lang='lat' dir='ltr'><strong>tertia</strong></span> 
     </span>
    </p>
   </div>
   <div class='ocr_carea' id='block_1_29' title="bbox 1793 1576 3368 1645">
    <p class='ocr_par' dir='ltr' id='par_1_29' title="bbox 1793 1576 3368 1645">
     <span class='ocr_line' id='line_1_29' title="bbox 1793 1576 3368 1645; baseline 0.001 -15"><span class='ocrx_word' id='word_1_194' title='bbox 1793 1576 1901 1641; x_wconf 90' lang='lat' dir='ltr'><strong>die,</strong></span> <span class='ocrx_word' id='word_1_195' title='bbox 1936 1592 1993 1632; x_wconf 83' lang='lat' dir='ltr'><strong>et</strong></span> <span class='ocrx_word' id='word_1_196' title='bbox 2022 1576 2077 1631; x_wconf 92' lang='lat' dir='ltr'><strong>in</strong></span> <span class='ocrx_word' id='word_1_197' title='bbox 2106 1579 2302 1632; x_wconf 72' lang='lat' dir='ltr'><strong>coelum</strong></span> <span class='ocrx_word' id='word_1_198' title='bbox 2337 1579 2482 1632; x_wconf 88' lang='lat' dir='ltr'><strong>unde</strong></span> <span class='ocrx_word' id='word_1_199' title='bbox 2510 1578 2574 1632; x_wconf 91' lang='lat' dir='ltr'><strong>ad</strong></span> <span class='ocrx_word' id='word_1_200' title='bbox 2604 1593 2706 1633; x_wconf 90' lang='lat' dir='ltr'><strong>nos</strong></span> <span class='ocrx_word' id='word_1_201' title='bbox 2754 1588 2997 1645; x_wconf 79' lang='lat' dir='ltr'><strong>venerat,</strong></span> <span class='ocrx_word' id='word_1_202' title='bbox 3033 1578 3368 1643; x_wconf 89' lang='lat' dir='ltr'><strong>ascendisse,</strong></span> 
     </span>
    </p>
   </div>
   <div class='ocr_carea' id='block_1_30' title="bbox 1792 1668 3370 1738">
    <p class='ocr_par' dir='ltr' id='par_1_30' title="bbox 1792 1668 3370 1738">
     <span class='ocr_line' id='line_1_30' title="bbox 1792 1668 3370 1738; baseline 0.001 -16"><span class='ocrx_word' id='word_1_203' title='bbox 1792 1678 1959 1738; x_wconf 85' lang='lat' dir='ltr'><strong>atque</strong></span> <span class='ocrx_word' id='word_1_204' title='bbox 1984 1668 2114 1723; x_wconf 85' lang='lat' dir='ltr'><strong>inde</strong></span> <span class='ocrx_word' id='word_1_205' title='bbox 2152 1684 2369 1724; x_wconf 87' lang='lat' dir='ltr'><strong>rursum</strong></span> <span class='ocrx_word' id='word_1_206' title='bbox 2392 1683 2516 1724; x_wconf 89' lang='lat' dir='ltr'><strong>esse</strong></span> <span class='ocrx_word' id='word_1_207' title='bbox 2547 1679 2862 1736; x_wconf 89' lang='lat' dir='ltr'><strong>venturum,</strong></span> <span class='ocrx_word' id='word_1_208' title='bbox 2887 1679 2999 1724; x_wconf 90' lang='lat' dir='ltr'><strong>tum</strong></span> <span class='ocrx_word' id='word_1_209' title='bbox 3017 1670 3199 1726; x_wconf 86' lang='lat' dir='ltr'><strong>divina</strong></span> <span class='ocrx_word' id='word_1_210' title='bbox 3219 1670 3370 1724; x_wconf 83' lang='lat' dir='ltr'><strong>Scri-</strong></span> 
     </span>
    </p>
   </div>
   <div class='ocr_carea' id='block_1_31' title="bbox 1794 1762 3372 1832">
    <p class='ocr_par' dir='ltr' id='par_1_31' title="bbox 1794 1762 3372 1832">
     <span class='ocr_line' id='line_1_31' title="bbox 1794 1762 3372 1832; baseline 0.001 -17"><span class='ocrx_word' id='word_1_211' title='bbox 1794 1770 1955 1832; x_wconf 90' lang='lat' dir='ltr'><strong>ptura</strong></span> <span class='ocrx_word' id='word_1_212' title='bbox 1979 1770 2233 1825; x_wconf 84' lang='lat' dir='ltr'><strong>testatur,</strong></span> <span class='ocrx_word' id='word_1_213' title='bbox 2266 1771 2378 1816; x_wconf 88' lang='lat' dir='ltr'><strong>tum</strong></span> <span class='ocrx_word' id='word_1_214' title='bbox 2402 1762 2582 1816; x_wconf 91' lang='lat' dir='ltr'><strong>omnis</strong></span> <span class='ocrx_word' id='word_1_215' title='bbox 2604 1773 2918 1817; x_wconf 87' lang='lat' dir='ltr'><strong>sanctorum</strong></span> <span class='ocrx_word' id='word_1_216' title='bbox 2940 1771 3134 1817; x_wconf 89' lang='lat' dir='ltr'><strong>coetus.</strong></span> <span class='ocrx_word' id='word_1_217' title='bbox 3156 1763 3226 1817; x_wconf 84' lang='lat' dir='ltr'><strong>At</strong></span> <span class='ocrx_word' id='word_1_218' title='bbox 3251 1777 3372 1832; x_wconf 76' lang='lat' dir='ltr'><strong>qua:</strong></span> 
     </span>
    </p>
   </div>
   <div class='ocr_carea' id='block_1_32' title="bbox 108 1852 1694 1959">
    <p class='ocr_par' dir='ltr' id='par_1_32' title="bbox 108 1853 1687 1935">
     <span class='ocr_line' id='line_1_32' title="bbox 108 1853 1687 1935; baseline 0.009 -29"><span class='ocrx_word' id='word_1_219' title='bbox 108 1853 232 1915; x_wconf 77' lang='grc' dir='ltr'><strong>πῶς</strong></span> <span class='ocrx_word' id='word_1_220' title='bbox 271 1854 339 1906; x_wconf 82' lang='grc' dir='ltr'><strong>ἐκ</strong></span> <span class='ocrx_word' id='word_1_221' title='bbox 359 1854 493 1907; x_wconf 83' lang='grc' dir='ltr'><strong>Θεοῦ</strong></span> <span class='ocrx_word' id='word_1_222' title='bbox 524 1855 656 1919; x_wconf 79' lang='grc' dir='ltr'><strong>Θεὸς</strong></span> <span class='ocrx_word' id='word_1_223' title='bbox 695 1857 1044 1928; x_wconf 78' lang='grc' dir='ltr'><strong>γεγέννηται,</strong></span> <span class='ocrx_word' id='word_1_224' title='bbox 1079 1859 1112 1932; x_wconf 82' lang='grc' dir='ltr'>ἢ</span> <span class='ocrx_word' id='word_1_225' title='bbox 1153 1862 1556 1933; x_wconf 77' lang='grc' dir='ltr'><strong>ὲκπεπόρευται</strong></span> <span class='ocrx_word' id='word_1_226' title='bbox 1587 1864 1687 1935; x_wconf 87' lang='lat' dir='ltr'><strong>(l),</strong></span> 
     </span>
    </p>
   </div>
   <div class='ocr_carea' id='block_1_33' title="bbox 1799 1852 3368 1959">
    <p class='ocr_par' dir='ltr' id='par_1_33' title="bbox 1799 1852 3368 1925">
     <span class='ocr_line' id='line_1_33' title="bbox 1799 1852 3368 1925; baseline 0.002 -18"><span class='ocrx_word' id='word_1_227' title='bbox 1799 1853 1867 1907; x_wconf 89' lang='lat' dir='ltr'><strong>sit</strong></span> <span class='ocrx_word' id='word_1_228' title='bbox 1893 1853 2130 1908; x_wconf 79' lang='lat' dir='ltr'><strong>essentia</strong></span> <span class='ocrx_word' id='word_1_229' title='bbox 2156 1852 2271 1915; x_wconf 86' lang='lat' dir='ltr'><strong>Dei,</strong></span> <span class='ocrx_word' id='word_1_230' title='bbox 2295 1862 2350 1907; x_wconf 93' lang='lat' dir='ltr'><strong>et</strong></span> <span class='ocrx_word' id='word_1_231' title='bbox 2370 1854 2645 1923; x_wconf 85' lang='lat' dir='ltr'><strong>quomodo</strong></span> <span class='ocrx_word' id='word_1_232' title='bbox 2676 1854 2732 1908; x_wconf 88' lang='lat' dir='ltr'><strong>in</strong></span> <span class='ocrx_word' id='word_1_233' title='bbox 2760 1855 3016 1910; x_wconf 84' lang='lat' dir='ltr'><strong>omnibus</strong></span> <span class='ocrx_word' id='word_1_234' title='bbox 3057 1856 3127 1910; x_wconf 88' lang='lat' dir='ltr'><strong>sit</strong></span> <span class='ocrx_word' id='word_1_235' title='bbox 3154 1863 3210 1911; x_wconf 90' lang='lat' dir='ltr'><strong>et</strong></span> <span class='ocrx_word' id='word_1_236' title='bbox 3261 1870 3368 1925; x_wconf 81' lang='lat' dir='ltr'><strong>qua</strong></span> 
     </span>
    </p>
   </div>
   <div class='ocr_carea' id='block_1_34' title="bbox 110 1944 1690 2024">
    <p class='ocr_par' dir='ltr' id='par_1_34' title="bbox 110 1944 1690 2024">
     <span class='ocr_line' id='line_1_34' title="bbox 110 1944 1690 2024; baseline 0.009 -28"><span class='ocrx_word' id='word_1_237' title='bbox 110 1944 293 2013; x_wconf 76' lang='grc' dir='ltr'><strong>ἦπῶς</strong></span> <span class='ocrx_word' id='word_1_238' title='bbox 324 1946 524 1999; x_wconf 71' lang='grc' dir='ltr'><strong>ἑαυτὸν</strong></span> <span class='ocrx_word' id='word_1_239' title='bbox 562 1949 811 2010; x_wconf 70' lang='grc' dir='ltr'><strong>κεινώσας</strong></span> <span class='ocrx_word' id='word_1_240' title='bbox 855 1951 882 2003; x_wconf 82' lang='grc' dir='ltr'>ὁ</span> <span class='ocrx_word' id='word_1_241' title='bbox 917 1953 1215 2024; x_wconf 80' lang='grc' dir='ltr'><strong>μονογενὴς</strong></span> <span class='ocrx_word' id='word_1_242' title='bbox 1269 1955 1392 2018; x_wconf 73' lang='grc' dir='ltr'><strong>Υἱὸς</strong></span> <span class='ocrx_word' id='word_1_243' title='bbox 1427 1958 1521 2010; x_wconf 81' lang='grc' dir='ltr'><strong>καὶ</strong></span> <span class='ocrx_word' id='word_1_244' title='bbox 1557 1956 1690 2020; x_wconf 75' lang='grc' dir='ltr'>Θεὸς</span> 
     </span>
    </p>
   </div>
   <div class='ocr_carea' id='block_1_35' title="bbox 110 2035 1692 2119">
    <p class='ocr_par' dir='ltr' id='par_1_35' title="bbox 110 2035 1692 2119">
     <span class='ocr_line' id='line_1_35' title="bbox 110 2035 1692 2119; baseline 0.008 -30"><span class='ocrx_word' id='word_1_245' title='bbox 110 2035 409 2105; x_wconf 78' lang='grc' dir='ltr'><strong>ἄνθρωπος</strong></span> <span class='ocrx_word' id='word_1_246' title='bbox 452 2039 681 2107; x_wconf 75' lang='grc' dir='ltr'><strong>γέγονεν</strong></span> <span class='ocrx_word' id='word_1_247' title='bbox 720 2040 782 2092; x_wconf 78' lang='grc' dir='ltr'><strong>ἐκ</strong></span> <span class='ocrx_word' id='word_1_248' title='bbox 833 2042 1182 2113; x_wconf 80' lang='grc' dir='ltr'><strong>παρθενικῶν</strong></span> <span class='ocrx_word' id='word_1_249' title='bbox 1218 2048 1487 2117; x_wconf 79' lang='grc' dir='ltr'><strong>αἱμάτων,</strong></span> <span class='ocrx_word' id='word_1_250' title='bbox 1520 2050 1692 2119; x_wconf 78' lang='grc' dir='ltr'><strong>ἑτέρῳ</strong></span> 
     </span>
    </p>
   </div>
   <div class='ocr_carea' id='block_1_36' title="bbox 110 2130 1692 2212">
    <p class='ocr_par' dir='ltr' id='par_1_36' title="bbox 110 2130 1692 2212">
     <span class='ocr_line' id='line_1_36' title="bbox 110 2130 1692 2212; baseline 0.009 -31"><span class='ocrx_word' id='word_1_251' title='bbox 110 2134 268 2198; x_wconf 68' lang='grc' dir='ltr'><strong>παρὰ</strong></span> <span class='ocrx_word' id='word_1_252' title='bbox 322 2130 425 2201; x_wconf 75' lang='grc' dir='ltr'><strong>τὴν</strong></span> <span class='ocrx_word' id='word_1_253' title='bbox 474 2131 641 2199; x_wconf 79' lang='grc' dir='ltr'><strong>φύσιν</strong></span> <span class='ocrx_word' id='word_1_254' title='bbox 695 2132 883 2204; x_wconf 72' lang='grc' dir='ltr'><strong>θεσμῷ</strong></span> <span class='ocrx_word' id='word_1_255' title='bbox 934 2135 1431 2209; x_wconf 78' lang='grc' dir='ltr'><strong>πλαττουργηθεὶς,</strong></span> <span class='ocrx_word' id='word_1_256' title='bbox 1477 2141 1509 2212; x_wconf 72' lang='grc' dir='ltr'>ἢ</span> <span class='ocrx_word' id='word_1_257' title='bbox 1574 2144 1692 2206; x_wconf 82' lang='grc' dir='ltr'><strong>πῶς</strong></span> 
     </span>
    </p>
   </div>
   <div class='ocr_carea' id='block_1_37' title="bbox 110 2219 1691 2304">
    <p class='ocr_par' dir='ltr' id='par_1_37' title="bbox 110 2219 1691 2304">
     <span class='ocr_line' id='line_1_37' title="bbox 110 2219 1691 2304; baseline 0.011 -33"><span class='ocrx_word' id='word_1_258' title='bbox 110 2219 373 2291; x_wconf 73' lang='grc' dir='ltr'><strong>ἁδρόχοις</strong></span> <span class='ocrx_word' id='word_1_259' title='bbox 405 2228 533 2275; x_wconf 73' lang='grc' dir='ltr'><strong>ποσὶ</strong></span> <span class='ocrx_word' id='word_1_260' title='bbox 556 2226 669 2287; x_wconf 84' lang='grc' dir='ltr'><strong>τοῖς</strong></span> <span class='ocrx_word' id='word_1_261' title='bbox 700 2223 888 2279; x_wconf 76' lang='grc' dir='ltr'><strong>ὕδασιν</strong></span> <span class='ocrx_word' id='word_1_262' title='bbox 929 2228 1289 2299; x_wconf 83' lang='grc' dir='ltr'><strong>ἐπεπόρευτο,</strong></span> <span class='ocrx_word' id='word_1_263' title='bbox 1322 2234 1416 2288; x_wconf 79' lang='grc' dir='ltr'><strong>καὶ</strong></span> <span class='ocrx_word' id='word_1_264' title='bbox 1462 2235 1691 2304; x_wconf 80' lang='grc' dir='ltr'><strong>ἀγνοοῦ-</strong></span> 
     </span>
    </p>
   </div>
   <div class='ocr_carea' id='block_1_38' title="bbox 117 2314 1694 2399">
    <p class='ocr_par' dir='ltr' id='par_1_38' title="bbox 117 2314 1694 2399">
     <span class='ocr_line' id='line_1_38' title="bbox 117 2314 1694 2399; baseline 0.015 -38"><span class='ocrx_word' id='word_1_265' title='bbox 117 2328 240 2380; x_wconf 78' lang='grc' dir='ltr'><strong>μεν,</strong></span> <span class='ocrx_word' id='word_1_266' title='bbox 271 2314 369 2366; x_wconf 79' lang='grc' dir='ltr'><strong>καὶ</strong></span> <span class='ocrx_word' id='word_1_267' title='bbox 394 2314 576 2381; x_wconf 81' lang='grc' dir='ltr'><strong>λέγειν</strong></span> <span class='ocrx_word' id='word_1_268' title='bbox 603 2317 664 2369; x_wconf 84' lang='grc' dir='ltr'><strong>οὐ</strong></span> <span class='ocrx_word' id='word_1_269' title='bbox 689 2316 987 2388; x_wconf 79' lang='grc' dir='ltr'><strong>δυνάμεθα.</strong></span> <span class='ocrx_word' id='word_1_270' title='bbox 1025 2321 1101 2374; x_wconf 85' lang='grc' dir='ltr'><strong>Οὐ</strong></span> <span class='ocrx_word' id='word_1_271' title='bbox 1134 2321 1362 2379; x_wconf 78' lang='grc' dir='ltr'><strong>δυνατὸν</strong></span> <span class='ocrx_word' id='word_1_272' title='bbox 1410 2326 1503 2381; x_wconf 80' lang='grc' dir='ltr'><strong>οὖν</strong></span> <span class='ocrx_word' id='word_1_273' title='bbox 1542 2331 1694 2399; x_wconf 67' lang='grc' dir='ltr'><strong>παρὰ</strong></span> 
     </span>
    </p>
   </div>
   <div class='ocr_carea' id='block_1_39' title="bbox 114 2404 1691 2491">
    <p class='ocr_par' dir='ltr' id='par_1_39' title="bbox 114 2404 1691 2491">
     <span class='ocr_line' id='line_1_39' title="bbox 114 2404 1691 2491; baseline 0.013 -34"><span class='ocrx_word' id='word_1_274' title='bbox 114 2404 185 2459; x_wconf 79' lang='grc' dir='ltr'><strong>τὰ</strong></span> <span class='ocrx_word' id='word_1_275' title='bbox 212 2407 455 2472; x_wconf 61' lang='lat' dir='ltr'><strong>emas;</strong></span> <span class='ocrx_word' id='word_1_276' title='bbox 481 2409 586 2462; x_wconf 75' lang='grc' dir='ltr'><strong>ὑπὸ</strong></span> <span class='ocrx_word' id='word_1_277' title='bbox 614 2410 724 2464; x_wconf 84' lang='grc' dir='ltr'><strong>τῶν</strong></span> <span class='ocrx_word' id='word_1_278' title='bbox 755 2409 917 2466; x_wconf 79' lang='grc' dir='ltr'><strong>θείων</strong></span> <span class='ocrx_word' id='word_1_279' title='bbox 944 2414 1145 2483; x_wconf 77' lang='grc' dir='ltr'><strong>λογίων</strong></span> <span class='ocrx_word' id='word_1_280' title='bbox 1172 2419 1272 2490; x_wconf 85' lang='grc' dir='ltr'><strong>τῆς</strong></span> <span class='ocrx_word' id='word_1_281' title='bbox 1305 2436 1365 2473; x_wconf 85' lang='grc' dir='ltr'><strong>τε</strong></span> <span class='ocrx_word' id='word_1_282' title='bbox 1423 2421 1691 2491; x_wconf 82' lang='grc' dir='ltr'><strong>Παλαῖας,</strong></span> 
     </span>
    </p>
   </div>
   <div class='ocr_carea' id='block_1_40' title="bbox 116 2499 1693 2587">
    <p class='ocr_par' dir='ltr' id='par_1_40' title="bbox 116 2499 1693 2587">
     <span class='ocr_line' id='line_1_40' title="bbox 116 2499 1693 2587; baseline 0.013 -37"><span class='ocrx_word' id='word_1_283' title='bbox 116 2499 214 2551; x_wconf 75' lang='grc' dir='ltr'><strong>καὶ</strong></span> <span class='ocrx_word' id='word_1_284' title='bbox 237 2500 453 2571; x_wconf 75' lang='grc' dir='ltr'><strong>Καινῆς</strong></span> <span class='ocrx_word' id='word_1_285' title='bbox 496 2502 775 2575; x_wconf 79' lang='grc' dir='ltr'><strong>Διαθήκης</strong></span> <span class='ocrx_word' id='word_1_286' title='bbox 824 2506 959 2576; x_wconf 76' lang='grc' dir='ltr'><strong>ἡμῖν</strong></span> <span class='ocrx_word' id='word_1_287' title='bbox 987 2509 1404 2585; x_wconf 75' lang='grc' dir='ltr'><strong>ἐκπεφασμένα,</strong></span> <span class='ocrx_word' id='word_1_288' title='bbox 1449 2516 1569 2587; x_wconf 76' lang='grc' dir='ltr'><strong>ἦτοι</strong></span> <span class='ocrx_word' id='word_1_289' title='bbox 1616 2518 1693 2570; x_wconf 84' lang='grc' dir='ltr'><strong>εἰ-</strong></span> 
     </span>
    </p>
   </div>
   <div class='ocr_carea' id='block_1_41' title="bbox 115 2595 1543 2677">
    <p class='ocr_par' dir='ltr' id='par_1_41' title="bbox 115 2595 1543 2677">
     <span class='ocr_line' id='line_1_41' title="bbox 115 2595 1543 2677; baseline 0.014 -34"><span class='ocrx_word' id='word_1_290' title='bbox 115 2595 353 2663; x_wconf 75' lang='grc' dir='ltr'><strong>ρημένα,</strong></span> <span class='ocrx_word' id='word_1_291' title='bbox 386 2598 562 2669; x_wconf 71' lang='grc' dir='ltr'><strong>εἰπεῖν</strong></span> <span class='ocrx_word' id='word_1_292' title='bbox 594 2615 646 2651; x_wconf 87' lang='grc' dir='ltr'><strong>τι</strong></span> <span class='ocrx_word' id='word_1_293' title='bbox 674 2599 802 2668; x_wconf 74' lang='grc' dir='ltr'><strong>περὶ</strong></span> <span class='ocrx_word' id='word_1_294' title='bbox 833 2602 993 2667; x_wconf 82' lang='grc' dir='ltr'><strong>Θεοῦ,</strong></span> <span class='ocrx_word' id='word_1_295' title='bbox 1026 2602 1056 2672; x_wconf 76' lang='grc' dir='ltr'><strong>ἢ</strong></span> <span class='ocrx_word' id='word_1_296' title='bbox 1090 2603 1228 2669; x_wconf 84' lang='grc' dir='ltr'><strong>ὅλως</strong></span> <span class='ocrx_word' id='word_1_297' title='bbox 1268 2608 1543 2677; x_wconf 69' lang='grc' dir='ltr'><strong>ἐννοῆσαι.</strong></span> 
     </span>
    </p>
   </div>
   <div class='ocr_carea' id='block_1_42' title="bbox 721 2800 1089 2857">
    <p class='ocr_par' dir='ltr' id='par_1_42' title="bbox 721 2800 1089 2857">
     <span class='ocr_line' id='line_1_42' title="bbox 721 2800 1089 2857; baseline 0.014 -5"><span class='ocrx_word' id='word_1_298' title='bbox 721 2800 967 2857; x_wconf 76' lang='grc' dir='ltr'><strong>ΤΙΤΛΟΣ</strong></span> <span class='ocrx_word' id='word_1_299' title='bbox 1017 2805 1089 2857; x_wconf 84' lang='grc' dir='ltr'><strong>Ε’.</strong></span> 
     </span>
    </p>
   </div>
   <div class='ocr_carea' id='block_1_43' title="bbox 116 2892 1693 2977">
    <p class='ocr_par' dir='ltr' id='par_1_43' title="bbox 116 2892 1693 2977">
     <span class='ocr_line' id='line_1_43' title="bbox 116 2892 1693 2977; baseline 0.01 -30"><span class='ocrx_word' id='word_1_300' title='bbox 116 2892 253 2963; x_wconf 79' lang='grc' dir='ltr'><strong>Περὶ</strong></span> <span class='ocrx_word' id='word_1_301' title='bbox 288 2894 643 2974; x_wconf 29' lang='grc' dir='ltr'><strong>θεωνυμιαςς,</strong></span> <span class='ocrx_word' id='word_1_302' title='bbox 676 2893 784 2977; x_wconf 69' lang='grc' dir='ltr'><strong>τοᾷ</strong></span> <span class='ocrx_word' id='word_1_303' title='bbox 815 2897 1251 2977; x_wconf 40' lang='grc' dir='ltr'><strong>Α’Δρεοιταγίτρυ</strong></span> <span class='ocrx_word' id='word_1_304' title='bbox 1279 2900 1348 2956; x_wconf 84' lang='grc' dir='ltr'><strong>ἐκ</strong></span> <span class='ocrx_word' id='word_1_305' title='bbox 1370 2902 1480 2959; x_wconf 85' lang='grc' dir='ltr'><strong>τοῦ</strong></span> <span class='ocrx_word' id='word_1_306' title='bbox 1506 2907 1693 2977; x_wconf 68' lang='grc' dir='ltr'><strong>λόγου</strong></span> 
     </span>
    </p>
   </div>
   <div class='ocr_carea' id='block_1_44' title="bbox 499 2966 1334 3040">
    <p class='ocr_par' dir='ltr' id='par_1_44' title="bbox 499 2966 1334 3040">
     <span class='ocr_line' id='line_1_44' title="bbox 499 2966 1334 3040; baseline 0.012 -23"><span class='ocrx_word' id='word_1_307' title='bbox 499 2966 605 3018; x_wconf 81' lang='grc' dir='ltr'><strong>τοῦ</strong></span> <span class='ocrx_word' id='word_1_308' title='bbox 638 2966 770 3032; x_wconf 72' lang='grc' dir='ltr'><strong>περὶ</strong></span> <span class='ocrx_word' id='word_1_309' title='bbox 802 2969 981 3020; x_wconf 78' lang='grc' dir='ltr'><strong>θείων</strong></span> <span class='ocrx_word' id='word_1_310' title='bbox 1010 2970 1334 3040; x_wconf 77' lang='grc' dir='ltr'><strong>ὀνομάτων.</strong></span> 
     </span>
    </p>
   </div>
   <div class='ocr_carea' id='block_1_45' title="bbox 178 3054 1693 3139">
    <p class='ocr_par' dir='ltr' id='par_1_45' title="bbox 178 3054 1693 3139">
     <span class='ocr_line' id='line_1_45' title="bbox 178 3054 1693 3139; baseline 0.012 -31"><span class='ocrx_word' id='word_1_311' title='bbox 178 3055 361 3110; x_wconf 86' lang='grc' dir='ltr'><strong>Τοῦτο</strong></span> <span class='ocrx_word' id='word_1_312' title='bbox 381 3054 478 3113; x_wconf 73' lang='grc' dir='ltr'><strong>οὖν</strong></span> <span class='ocrx_word' id='word_1_313' title='bbox 509 3057 712 3121; x_wconf 79' lang='grc' dir='ltr'><strong>ειδότες</strong></span> <span class='ocrx_word' id='word_1_314' title='bbox 755 3058 807 3112; x_wconf 75' lang='grc' dir='ltr'><strong>οἱ</strong></span> <span class='ocrx_word' id='word_1_315' title='bbox 854 3060 1115 3130; x_wconf 78' lang='grc' dir='ltr'><strong>θεολόγοι,</strong></span> <span class='ocrx_word' id='word_1_316' title='bbox 1166 3065 1262 3118; x_wconf 80' lang='grc' dir='ltr'><strong>καὶ</strong></span> <span class='ocrx_word' id='word_1_317' title='bbox 1300 3065 1374 3130; x_wconf 80' lang='grc' dir='ltr'><strong>ὡς</strong></span> <span class='ocrx_word' id='word_1_318' title='bbox 1406 3068 1693 3139; x_wconf 84' lang='grc' dir='ltr'><strong>ἀνώνυμον</strong></span> 
     </span>
    </p>
   </div>
   <div class='ocr_carea' id='block_1_46' title="bbox 116 3146 1693 3234">
    <p class='ocr_par' dir='ltr' id='par_1_46' title="bbox 116 3146 1693 3234">
     <span class='ocr_line' id='line_1_46' title="bbox 116 3146 1693 3234; baseline 0.011 -34"><span class='ocrx_word' id='word_1_319' title='bbox 116 3146 279 3201; x_wconf 69' lang='grc' dir='ltr'><strong>αὑτὸν</strong></span> <span class='ocrx_word' id='word_1_320' title='bbox 308 3148 538 3219; x_wconf 80' lang='grc' dir='ltr'><strong>ὑμνοῦσι</strong></span> <span class='ocrx_word' id='word_1_321' title='bbox 572 3149 663 3202; x_wconf 81' lang='grc' dir='ltr'><strong>καὶ</strong></span> <span class='ocrx_word' id='word_1_322' title='bbox 704 3149 771 3204; x_wconf 83' lang='grc' dir='ltr'><strong>ὲκ</strong></span> <span class='ocrx_word' id='word_1_323' title='bbox 816 3152 1020 3217; x_wconf 81' lang='grc' dir='ltr'><strong>παντὸς</strong></span> <span class='ocrx_word' id='word_1_324' title='bbox 1062 3155 1361 3227; x_wconf 67' lang='grc' dir='ltr'><strong>ὀνόματοςθ</strong></span> <span class='ocrx_word' id='word_1_325' title='bbox 1402 3160 1693 3234; x_wconf 79' lang='grc' dir='ltr'><strong>ἀνώνυμον</strong></span> 
     </span>
    </p>
   </div>
   <div class='ocr_carea' id='block_1_47' title="bbox 1795 1944 3369 2019">
    <p class='ocr_par' dir='ltr' id='par_1_47' title="bbox 1795 1944 3369 2019">
     <span class='ocr_line' id='line_1_47' title="bbox 1795 1944 3369 2019; baseline 0.003 -21"><span class='ocrx_word' id='word_1_326' title='bbox 1795 1944 2007 1999; x_wconf 81' lang='lat' dir='ltr'><strong>ratione</strong></span> <span class='ocrx_word' id='word_1_327' title='bbox 2033 1945 2175 1999; x_wconf 91' lang='lat' dir='ltr'><strong>Deus</strong></span> <span class='ocrx_word' id='word_1_328' title='bbox 2204 1958 2269 1998; x_wconf 79' lang='lat' dir='ltr'><strong>ex</strong></span> <span class='ocrx_word' id='word_1_329' title='bbox 2293 1944 2404 1999; x_wconf 89' lang='lat' dir='ltr'><strong>Deo</strong></span> <span class='ocrx_word' id='word_1_330' title='bbox 2430 1946 2648 2018; x_wconf 79' lang='lat' dir='ltr'><strong>genitus</strong></span> <span class='ocrx_word' id='word_1_331' title='bbox 2666 1946 2757 2011; x_wconf 89' lang='lat' dir='ltr'><strong>sit,</strong></span> <span class='ocrx_word' id='word_1_332' title='bbox 2789 1956 2882 2001; x_wconf 92' lang='lat' dir='ltr'><strong>aut</strong></span> <span class='ocrx_word' id='word_1_333' title='bbox 2907 1948 3166 2018; x_wconf 84' lang='lat' dir='ltr'><strong>procedat</strong></span> <span class='ocrx_word' id='word_1_334' title='bbox 3188 1965 3204 2004; x_wconf 84' lang='lat'>;</span> <span class='ocrx_word' id='word_1_335' title='bbox 3229 1964 3369 2019; x_wconf 89' lang='lat' dir='ltr'><strong>quo-</strong></span> 
     </span>
    </p>
   </div>
   <div class='ocr_carea' id='block_1_48' title="bbox 1796 2035 3373 2110">
    <p class='ocr_par' dir='ltr' id='par_1_48' title="bbox 1796 2035 3373 2110">
     <span class='ocr_line' id='line_1_48' title="bbox 1796 2035 3373 2110; baseline 0.002 -20"><span class='ocrx_word' id='word_1_336' title='bbox 1796 2051 1920 2090; x_wconf 87' lang='lat' dir='ltr'><strong>nam</strong></span> <span class='ocrx_word' id='word_1_337' title='bbox 1971 2047 2130 2106; x_wconf 89' lang='lat' dir='ltr'><strong>pacto</strong></span> <span class='ocrx_word' id='word_1_338' title='bbox 2166 2035 2492 2109; x_wconf 84' lang='lat' dir='ltr'><strong>Unigenitus</strong></span> <span class='ocrx_word' id='word_1_339' title='bbox 2525 2038 2620 2093; x_wconf 90' lang='lat' dir='ltr'><strong>Dei</strong></span> <span class='ocrx_word' id='word_1_340' title='bbox 2646 2048 2700 2092; x_wconf 87' lang='lat' dir='ltr'><strong>et</strong></span> <span class='ocrx_word' id='word_1_341' title='bbox 2730 2039 2874 2094; x_wconf 81' lang='lat' dir='ltr'><strong>Dens</strong></span> <span class='ocrx_word' id='word_1_342' title='bbox 2902 2040 3144 2110; x_wconf 90' lang='lat' dir='ltr'><strong>seipsum</strong></span> <span class='ocrx_word' id='word_1_343' title='bbox 3185 2040 3373 2094; x_wconf 79' lang='lat' dir='ltr'><strong>exina-</strong></span> 
     </span>
    </p>
   </div>
   <div class='ocr_carea' id='block_1_49' title="bbox 1794 2128 3366 2201">
    <p class='ocr_par' dir='ltr' id='par_1_49' title="bbox 1794 2128 3366 2201">
     <span class='ocr_line' id='line_1_49' title="bbox 1794 2128 3366 2201; baseline 0.003 -19"><span class='ocrx_word' id='word_1_344' title='bbox 1794 2129 1952 2183; x_wconf 87' lang='lat' dir='ltr'><strong>niens</strong></span> <span class='ocrx_word' id='word_1_345' title='bbox 2014 2142 2083 2183; x_wconf 80' lang='lat' dir='ltr'><strong>ex</strong></span> <span class='ocrx_word' id='word_1_346' title='bbox 2141 2128 2402 2201; x_wconf 81' lang='lat' dir='ltr'><strong>virgineis</strong></span> <span class='ocrx_word' id='word_1_347' title='bbox 2445 2130 2803 2201; x_wconf 81' lang='lat' dir='ltr'><strong>sanguinihus</strong></span> <span class='ocrx_word' id='word_1_348' title='bbox 2861 2133 3028 2187; x_wconf 94' lang='lat' dir='ltr'><strong>homo</strong></span> <span class='ocrx_word' id='word_1_349' title='bbox 3056 2134 3234 2188; x_wconf 77' lang='lat' dir='ltr'><strong>factus</strong></span> <span class='ocrx_word' id='word_1_350' title='bbox 3273 2134 3366 2199; x_wconf 85' lang='lat' dir='ltr'><strong>sit,</strong></span> 
     </span>
    </p>
   </div>
   <div class='ocr_carea' id='block_1_50' title="bbox 1795 2223 3370 2296">
    <p class='ocr_par' dir='ltr' id='par_1_50' title="bbox 1795 2223 3370 2296">
     <span class='ocr_line' id='line_1_50' title="bbox 1795 2223 3370 2296; baseline 0.003 -21"><span class='ocrx_word' id='word_1_351' title='bbox 1795 2224 2010 2277; x_wconf 76' lang='lat' dir='ltr'><strong>ratione</strong></span> <span class='ocrx_word' id='word_1_352' title='bbox 2060 2231 2262 2293; x_wconf 69' lang='lat' dir='ltr'><strong>praeter</strong></span> <span class='ocrx_word' id='word_1_353' title='bbox 2311 2232 2561 2277; x_wconf 88' lang='lat' dir='ltr'><strong>naturam</strong></span> <span class='ocrx_word' id='word_1_354' title='bbox 2618 2223 2904 2291; x_wconf 79' lang='lat' dir='ltr'><strong>formatus,</strong></span> <span class='ocrx_word' id='word_1_355' title='bbox 2969 2234 3063 2281; x_wconf 87' lang='lat' dir='ltr'><strong>aut</strong></span> <span class='ocrx_word' id='word_1_356' title='bbox 3094 2224 3370 2296; x_wconf 87' lang='lat' dir='ltr'><strong>quomodo</strong></span> 
     </span>
    </p>
   </div>
   <div class='ocr_carea' id='block_1_51' title="bbox 1795 2313 3370 2386">
    <p class='ocr_par' dir='ltr' id='par_1_51' title="bbox 1795 2313 3370 2386">
     <span class='ocr_line' id='line_1_51' title="bbox 1795 2313 3370 2386; baseline 0.003 -18"><span class='ocrx_word' id='word_1_357' title='bbox 1795 2313 1957 2369; x_wconf 82' lang='lat' dir='ltr'><strong>siccis</strong></span> <span class='ocrx_word' id='word_1_358' title='bbox 1989 2315 2221 2384; x_wconf 88' lang='lat' dir='ltr'><strong>pedibus</strong></span> <span class='ocrx_word' id='word_1_359' title='bbox 2254 2330 2421 2386; x_wconf 82' lang='lat' dir='ltr'><strong>super</strong></span> <span class='ocrx_word' id='word_1_360' title='bbox 2449 2314 2647 2371; x_wconf 80' lang='lat' dir='ltr'><strong>ﬂuctus</strong></span> <span class='ocrx_word' id='word_1_361' title='bbox 2695 2317 3002 2383; x_wconf 86' lang='lat' dir='ltr'><strong>incesserit,</strong></span> <span class='ocrx_word' id='word_1_362' title='bbox 3036 2333 3139 2374; x_wconf 91' lang='lat' dir='ltr'><strong>nec</strong></span> <span class='ocrx_word' id='word_1_363' title='bbox 3164 2322 3370 2374; x_wconf 84' lang='lat' dir='ltr'><strong>scimus</strong></span> 
     </span>
    </p>
   </div>
   <div class='ocr_carea' id='block_1_52' title="bbox 1794 2409 3370 2482">
    <p class='ocr_par' dir='ltr' id='par_1_52' title="bbox 1794 2409 3370 2482">
     <span class='ocr_line' id='line_1_52' title="bbox 1794 2409 3370 2482; baseline 0.005 -23"><span class='ocrx_word' id='word_1_364' title='bbox 1794 2420 1901 2461; x_wconf 81' lang='lat' dir='ltr'><strong>nec</strong></span> <span class='ocrx_word' id='word_1_365' title='bbox 1960 2421 2250 2476; x_wconf 83' lang='lat' dir='ltr'><strong>possumus</strong></span> <span class='ocrx_word' id='word_1_366' title='bbox 2304 2409 2601 2479; x_wconf 80' lang='lat' dir='ltr'><strong>explicare.</strong></span> <span class='ocrx_word' id='word_1_367' title='bbox 2662 2409 2807 2465; x_wconf 78' lang='lat' dir='ltr'><strong>Nihil</strong></span> <span class='ocrx_word' id='word_1_368' title='bbox 2861 2410 3026 2482; x_wconf 79' lang='lat' dir='ltr'><strong>igitur</strong></span> <span class='ocrx_word' id='word_1_369' title='bbox 3060 2422 3257 2482; x_wconf 70' lang='lat' dir='ltr'><strong>praeter</strong></span> <span class='ocrx_word' id='word_1_370' title='bbox 3304 2428 3370 2467; x_wconf 82' lang='lat' dir='ltr'><strong>ea</strong></span> 
     </span>
    </p>
   </div>
   <div class='ocr_carea' id='block_1_53' title="bbox 1795 2500 3372 2571">
    <p class='ocr_par' dir='ltr' id='par_1_53' title="bbox 1795 2500 3372 2571">
     <span class='ocr_line' id='line_1_53' title="bbox 1795 2500 3372 2571; baseline 0.003 -18"><span class='ocrx_word' id='word_1_371' title='bbox 1795 2514 1917 2571; x_wconf 69' lang='lat' dir='ltr'><strong>qua:</strong></span> <span class='ocrx_word' id='word_1_372' title='bbox 1941 2500 2207 2555; x_wconf 87' lang='lat' dir='ltr'><strong>divinitus</strong></span> <span class='ocrx_word' id='word_1_373' title='bbox 2233 2516 2261 2554; x_wconf 73' lang='grc' dir='ltr'><strong>ει</strong></span> <span class='ocrx_word' id='word_1_374' title='bbox 2294 2501 2495 2557; x_wconf 83' lang='lat' dir='ltr'><strong>divinis</strong></span> <span class='ocrx_word' id='word_1_375' title='bbox 2539 2505 2776 2559; x_wconf 87' lang='lat' dir='ltr'><strong>oraculis</strong></span> <span class='ocrx_word' id='word_1_376' title='bbox 2800 2513 2854 2558; x_wconf 90' lang='lat' dir='ltr'><strong>et</strong></span> <span class='ocrx_word' id='word_1_377' title='bbox 2880 2503 3063 2559; x_wconf 86' lang='lat' dir='ltr'><strong>Veteri</strong></span> <span class='ocrx_word' id='word_1_378' title='bbox 3120 2512 3175 2557; x_wconf 89' lang='lat' dir='ltr'><strong>et</strong></span> <span class='ocrx_word' id='word_1_379' title='bbox 3220 2502 3372 2557; x_wconf 81' lang='lat' dir='ltr'><strong>Novo</strong></span> 
     </span>
    </p>
   </div>
   <div class='ocr_carea' id='block_1_54' title="bbox 1795 2593 3369 2667">
    <p class='ocr_par' dir='ltr' id='par_1_54' title="bbox 1795 2593 3369 2667">
     <span class='ocr_line' id='line_1_54' title="bbox 1795 2593 3369 2667; baseline 0.003 -20"><span class='ocrx_word' id='word_1_380' title='bbox 1795 2593 2149 2648; x_wconf 72' lang='lat' dir='ltr'><strong>&#39;l‘esramento</strong></span> <span class='ocrx_word' id='word_1_381' title='bbox 2180 2595 2340 2649; x_wconf 89' lang='lat' dir='ltr'><strong>nobis</strong></span> <span class='ocrx_word' id='word_1_382' title='bbox 2376 2596 2646 2665; x_wconf 81' lang='lat' dir='ltr'><strong>patefacta</strong></span> <span class='ocrx_word' id='word_1_383' title='bbox 2705 2597 2957 2667; x_wconf 79' lang='lat' dir='ltr'><strong>dictaque</strong></span> <span class='ocrx_word' id='word_1_384' title='bbox 2979 2606 3125 2663; x_wconf 87' lang='lat' dir='ltr'><strong>sunt,</strong></span> <span class='ocrx_word' id='word_1_385' title='bbox 3159 2598 3225 2652; x_wconf 87' lang='lat' dir='ltr'><strong>de</strong></span> <span class='ocrx_word' id='word_1_386' title='bbox 3257 2596 3369 2652; x_wconf 90' lang='lat' dir='ltr'><strong>Deo</strong></span> 
     </span>
    </p>
   </div>
   <div class='ocr_carea' id='block_1_55' title="bbox 1797 2688 2657 2760">
    <p class='ocr_par' dir='ltr' id='par_1_55' title="bbox 1797 2688 2657 2760">
     <span class='ocr_line' id='line_1_55' title="bbox 1797 2688 2657 2760; baseline 0.002 -16"><span class='ocrx_word' id='word_1_387' title='bbox 1797 2688 1878 2744; x_wconf 77' lang='lat' dir='ltr'><strong>vel</strong></span> <span class='ocrx_word' id='word_1_388' title='bbox 1904 2689 2084 2745; x_wconf 85' lang='lat' dir='ltr'><strong>dicere</strong></span> <span class='ocrx_word' id='word_1_389' title='bbox 2108 2689 2233 2746; x_wconf 88' lang='lat' dir='ltr'><strong>licet</strong></span> <span class='ocrx_word' id='word_1_390' title='bbox 2269 2690 2356 2745; x_wconf 88' lang='lat' dir='ltr'><strong>vel</strong></span> <span class='ocrx_word' id='word_1_391' title='bbox 2394 2690 2657 2760; x_wconf 85' lang='lat' dir='ltr'><strong>cogitare.</strong></span> 
     </span>
    </p>
   </div>
   <div class='ocr_carea' id='block_1_56' title="bbox 2358 2801 2774 2862">
    <p class='ocr_par' dir='ltr' id='par_1_56' title="bbox 2358 2801 2774 2862">
     <span class='ocr_line' id='line_1_56' title="bbox 2358 2801 2774 2862; baseline 0.002 -5"><span class='ocrx_word' id='word_1_392' title='bbox 2358 2801 2660 2862; x_wconf 80' lang='lat' dir='ltr'><strong>TITULUS</strong></span> <span class='ocrx_word' id='word_1_393' title='bbox 2710 2801 2774 2859; x_wconf 68' lang='grc' dir='ltr'><strong>Υ.</strong></span> 
     </span>
    </p>
   </div>
   <div class='ocr_carea' id='block_1_57' title="bbox 1798 2919 3373 3046">
    <p class='ocr_par' dir='ltr' id='par_1_57' title="bbox 1798 2919 3373 3046">
     <span class='ocr_line' id='line_1_57' title="bbox 1798 2919 3373 3046; baseline -0.001 -71"><span class='ocrx_word' id='word_1_394' title='bbox 1798 2919 1874 2975; x_wconf 87' lang='lat' dir='ltr'><strong>De</strong></span> <span class='ocrx_word' id='word_1_395' title='bbox 1891 2920 2070 2976; x_wconf 84' lang='lat' dir='ltr'><strong>divina</strong></span> <span class='ocrx_word' id='word_1_396' title='bbox 2110 2920 2478 2990; x_wconf 79' lang='lat' dir='ltr'><strong>appellatione,</strong></span> <span class='ocrx_word' id='word_1_397' title='bbox 2496 2920 2826 3046; x_wconf 57' lang='grc' dir='ltr'><strong>Αιςεοῖαρὶιω</strong></span> <span class='ocrx_word' id='word_1_398' title='bbox 2848 2937 2911 2977; x_wconf 75' lang='lat' dir='ltr'><strong>ea:</strong></span> <span class='ocrx_word' id='word_1_399' title='bbox 2945 2921 3076 2976; x_wconf 83' lang='lat' dir='ltr'><strong>libro</strong></span> <span class='ocrx_word' id='word_1_400' title='bbox 3100 2922 3164 2975; x_wconf 80' lang='lat' dir='ltr'><strong>de</strong></span> <span class='ocrx_word' id='word_1_401' title='bbox 3184 2919 3373 2974; x_wconf 76' lang='lat' dir='ltr'><strong>divinis</strong></span> 
     </span>
     <span class='ocr_line' id='line_1_58' title="bbox 2432 3008 2748 3046; baseline 0.003 -1"><span class='ocrx_word' id='word_1_402' title='bbox 2432 3009 2629 3046; x_wconf 79' lang='lat' dir='ltr'><strong>nomtm</strong></span> <span class='ocrx_word' id='word_1_403' title='bbox 2665 3008 2748 3046; x_wconf 81' lang='lat' dir='ltr'><strong>us.</strong></span> 
     </span>
    </p>
   </div>
   <div class='ocr_carea' id='block_1_58' title="bbox 2432 3008 2748 3048">
    <p class='ocr_par' dir='ltr' id='par_1_58' title="bbox 2432 3008 2748 3048">
     <span class='ocr_line' id='line_1_59' title="bbox 2432 3008 2748 3048; baseline 0 -2"><span class='ocrx_word' id='word_1_404' title='bbox 2432 3008 2748 3048; x_wconf 80' lang='lat' dir='ltr'><strong>nomtnwus.</strong></span> 
     </span>
    </p>
   </div>
   <div class='ocr_carea' id='block_1_59' title="bbox 1860 3082 3372 3157">
    <p class='ocr_par' dir='ltr' id='par_1_59' title="bbox 1860 3082 3372 3157">
     <span class='ocr_line' id='line_1_60' title="bbox 1860 3082 3372 3157; baseline -0.001 -18"><span class='ocrx_word' id='word_1_405' title='bbox 1860 3082 1989 3140; x_wconf 62' lang='lat' dir='ltr'><strong>Haec</strong></span> <span class='ocrx_word' id='word_1_406' title='bbox 2039 3084 2406 3157; x_wconf 76' lang='lat' dir='ltr'><strong>intelligentes</strong></span> <span class='ocrx_word' id='word_1_407' title='bbox 2468 3084 2706 3156; x_wconf 79' lang='lat' dir='ltr'><strong>theologi</strong></span> <span class='ocrx_word' id='word_1_408' title='bbox 2772 3084 2947 3138; x_wconf 89' lang='lat' dir='ltr'><strong>Deum</strong></span> <span class='ocrx_word' id='word_1_409' title='bbox 2997 3091 3055 3137; x_wconf 88' lang='lat' dir='ltr'><strong>et</strong></span> <span class='ocrx_word' id='word_1_410' title='bbox 3112 3092 3372 3153; x_wconf 83' lang='lat' dir='ltr'><strong>tanquam</strong></span> 
     </span>
    </p>
   </div>
   <div class='ocr_carea' id='block_1_60' title="bbox 1796 3174 3377 3241">
    <p class='ocr_par' dir='ltr' id='par_1_60' title="bbox 1796 3174 3377 3241">
     <span class='ocr_line' id='line_1_61' title="bbox 1796 3174 3377 3241; baseline -0.003 -9"><span class='ocrx_word' id='word_1_411' title='bbox 1796 3179 1944 3232; x_wconf 88' lang='lat' dir='ltr'><strong>omni</strong></span> <span class='ocrx_word' id='word_1_412' title='bbox 1978 3177 2205 3233; x_wconf 88' lang='lat' dir='ltr'><strong>nomine</strong></span> <span class='ocrx_word' id='word_1_413' title='bbox 2237 3185 2540 3241; x_wconf 82' lang='lat' dir='ltr'><strong>(arentem,</strong></span> <span class='ocrx_word' id='word_1_414' title='bbox 2573 3186 2628 3231; x_wconf 91' lang='lat' dir='ltr'><strong>et</strong></span> <span class='ocrx_word' id='word_1_415' title='bbox 2662 3191 2729 3230; x_wconf 83' lang='lat' dir='ltr'><strong>ex</strong></span> <span class='ocrx_word' id='word_1_416' title='bbox 2751 3174 2901 3229; x_wconf 90' lang='lat' dir='ltr'><strong>omni</strong></span> <span class='ocrx_word' id='word_1_417' title='bbox 2958 3175 3181 3229; x_wconf 90' lang='lat' dir='ltr'><strong>nomine</strong></span> <span class='ocrx_word' id='word_1_418' title='bbox 3229 3174 3377 3229; x_wconf 89' lang='lat' dir='ltr'><strong>cele-</strong></span> 
     </span>
    </p>
   </div>
   <div class='ocr_carea' id='block_1_61' title="bbox 118 3240 1694 3341">
    <p class='ocr_par' dir='ltr' id='par_1_61' title="bbox 118 3240 1692 3324">
     <span class='ocr_line' id='line_1_62' title="bbox 118 3240 1692 3324; baseline 0.01 -31"><span class='ocrx_word' id='word_1_419' title='bbox 118 3241 240 3307; x_wconf 78' lang='grc' dir='ltr'><strong>μὲν,</strong></span> <span class='ocrx_word' id='word_1_420' title='bbox 277 3240 354 3303; x_wconf 91' lang='grc' dir='ltr'><strong>ώς</strong></span> <span class='ocrx_word' id='word_1_421' title='bbox 385 3242 515 3295; x_wconf 82' lang='grc' dir='ltr'><strong>ὅταν</strong></span> <span class='ocrx_word' id='word_1_422' title='bbox 547 3241 691 3311; x_wconf 74' lang='grc' dir='ltr'><strong>φῶσι</strong></span> <span class='ocrx_word' id='word_1_423' title='bbox 720 3242 823 3314; x_wconf 73' lang='grc' dir='ltr'><strong>τὴν</strong></span> <span class='ocrx_word' id='word_1_424' title='bbox 861 3244 1125 3316; x_wconf 78' lang='grc' dir='ltr'><strong>θεαρχίαν</strong></span> <span class='ocrx_word' id='word_1_425' title='bbox 1165 3248 1336 3318; x_wconf 74' lang='grc' dir='ltr'><strong>αὐτὴν</strong></span> <span class='ocrx_word' id='word_1_426' title='bbox 1359 3251 1420 3305; x_wconf 85' lang='grc' dir='ltr'><strong>ὲν</strong></span> <span class='ocrx_word' id='word_1_427' title='bbox 1461 3255 1560 3324; x_wconf 83' lang='grc' dir='ltr'><strong>μιᾷ</strong></span> <span class='ocrx_word' id='word_1_428' title='bbox 1586 3256 1692 3309; x_wconf 84' lang='grc' dir='ltr'><strong>τῶν</strong></span> 
     </span>
    </p>
   </div>
   <div class='ocr_carea' id='block_1_62' title="bbox 1799 3240 3378 3341">
    <p class='ocr_par' dir='ltr' id='par_1_62' title="bbox 1799 3266 3378 3341">
     <span class='ocr_line' id='line_1_63' title="bbox 1799 3266 3378 3341; baseline -0.003 -15"><span class='ocrx_word' id='word_1_429' title='bbox 1799 3273 1975 3326; x_wconf 86' lang='lat' dir='ltr'><strong>hrant.</strong></span> <span class='ocrx_word' id='word_1_430' title='bbox 2005 3270 2163 3326; x_wconf 91' lang='lat' dir='ltr'><strong>Omni</strong></span> <span class='ocrx_word' id='word_1_431' title='bbox 2191 3270 2412 3341; x_wconf 88' lang='lat' dir='ltr'><strong>quidem</strong></span> <span class='ocrx_word' id='word_1_432' title='bbox 2445 3278 2724 3324; x_wconf 89' lang='lat' dir='ltr'><strong>carentem</strong></span> <span class='ocrx_word' id='word_1_433' title='bbox 2773 3266 3022 3333; x_wconf 88' lang='lat' dir='ltr'><strong>nomine,</strong></span> <span class='ocrx_word' id='word_1_434' title='bbox 3073 3283 3196 3323; x_wconf 90' lang='lat' dir='ltr'><strong>cum</strong></span> <span class='ocrx_word' id='word_1_435' title='bbox 3230 3282 3378 3321; x_wconf 82' lang='lat' dir='ltr'><strong>sum—</strong></span> 
     </span>
    </p>
   </div>
   <div class='ocr_carea' id='block_1_63' title="bbox 119 3333 1694 3417">
    <p class='ocr_par' dir='ltr' id='par_1_63' title="bbox 119 3333 1694 3417">
     <span class='ocr_line' id='line_1_64' title="bbox 119 3333 1694 3417; baseline 0.008 -30"><span class='ocrx_word' id='word_1_436' title='bbox 119 3333 470 3403; x_wconf 71' lang='grc' dir='ltr'><strong>συμϐολικῶν</strong></span> <span class='ocrx_word' id='word_1_437' title='bbox 514 3334 617 3405; x_wconf 78' lang='grc' dir='ltr'><strong>τῆς</strong></span> <span class='ocrx_word' id='word_1_438' title='bbox 680 3336 1022 3409; x_wconf 74' lang='grc' dir='ltr'><strong>συμϐολικῆς</strong></span> <span class='ocrx_word' id='word_1_439' title='bbox 1080 3339 1404 3411; x_wconf 77' lang='grc' dir='ltr'><strong>θεοφανείας</strong></span> <span class='ocrx_word' id='word_1_440' title='bbox 1448 3340 1694 3417; x_wconf 70' lang='grc' dir='ltr'><strong>ὁράσεων</strong></span> 
     </span>
    </p>
   </div>
   <div class='ocr_carea' id='block_1_64' title="bbox 116 3426 1697 3514">
    <p class='ocr_par' dir='ltr' id='par_1_64' title="bbox 116 3426 1697 3514">
     <span class='ocr_line' id='line_1_65' title="bbox 116 3426 1697 3514; baseline 0.012 -37"><span class='ocrx_word' id='word_1_441' title='bbox 116 3426 420 3494; x_wconf 76' lang='grc' dir='ltr'><strong>επιπλῆξαι</strong></span> <span class='ocrx_word' id='word_1_442' title='bbox 446 3426 524 3497; x_wconf 87' lang='grc' dir='ltr'>τῷ</span> <span class='ocrx_word' id='word_1_443' title='bbox 549 3429 804 3499; x_wconf 80' lang='grc' dir='ltr'><strong>φήσαντι,</strong></span> <span class='ocrx_word' id='word_1_444' title='bbox 835 3431 887 3483; x_wconf 85' lang='grc' dir='ltr'><strong>τί</strong></span> <span class='ocrx_word' id='word_1_445' title='bbox 924 3432 995 3484; x_wconf 85' lang='grc' dir='ltr'><strong>Τὸ</strong></span> <span class='ocrx_word' id='word_1_446' title='bbox 1017 3431 1187 3504; x_wconf 77' lang='grc' dir='ltr'><strong>ΰνομά</strong></span> <span class='ocrx_word' id='word_1_447' title='bbox 1222 3453 1352 3502; x_wconf 82' lang='grc' dir='ltr'><strong>σου;</strong></span> <span class='ocrx_word' id='word_1_448' title='bbox 1387 3440 1479 3493; x_wconf 74' lang='grc' dir='ltr'><strong>καὶ</strong></span> <span class='ocrx_word' id='word_1_449' title='bbox 1509 3440 1697 3514; x_wconf 83' lang='grc' dir='ltr'><strong>ὥσπερ</strong></span> 
     </span>
    </p>
   </div>
   <div class='ocr_carea' id='block_1_65' title="bbox 118 3519 1699 3606">
    <p class='ocr_par' dir='ltr' id='par_1_65' title="bbox 118 3519 1699 3606">
     <span class='ocr_line' id='line_1_66' title="bbox 118 3519 1699 3606; baseline 0.013 -34"><span class='ocrx_word' id='word_1_450' title='bbox 118 3519 289 3573; x_wconf 64' lang='grc' dir='ltr'><strong>αὐτὸν</strong></span> <span class='ocrx_word' id='word_1_451' title='bbox 321 3521 429 3573; x_wconf 71' lang='grc' dir='ltr'><strong>ὑπὸ</strong></span> <span class='ocrx_word' id='word_1_452' title='bbox 456 3522 637 3591; x_wconf 75' lang='grc' dir='ltr'><strong>πάσης</strong></span> <span class='ocrx_word' id='word_1_453' title='bbox 666 3521 1019 3596; x_wconf 83' lang='grc' dir='ltr'><strong>θεωνυμικῆς</strong></span> <span class='ocrx_word' id='word_1_454' title='bbox 1068 3530 1326 3598; x_wconf 83' lang='grc' dir='ltr'><strong>γνώσεως</strong></span> <span class='ocrx_word' id='word_1_455' title='bbox 1372 3534 1699 3606; x_wconf 78' lang='grc' dir='ltr'><strong>ἁπάγουσαν</strong></span> 
     </span>
    </p>
   </div>
   <div class='ocr_carea' id='block_1_66' title="bbox 120 3613 1701 3694">
    <p class='ocr_par' dir='ltr' id='par_1_66' title="bbox 120 3613 1701 3694">
     <span class='ocr_line' id='line_1_67' title="bbox 120 3613 1701 3694; baseline 0.013 -31"><span class='ocrx_word' id='word_1_456' title='bbox 120 3613 315 3680; x_wconf 68' lang='grc' dir='ltr'><strong>φάναι,</strong></span> <span class='ocrx_word' id='word_1_457' title='bbox 356 3630 375 3664; x_wconf 82' lang='grc' dir='ltr'><strong>ι</strong></span> <span class='ocrx_word' id='word_1_458' title='bbox 408 3613 519 3667; x_wconf 77' lang='grc' dir='ltr'><strong>Καὶ</strong></span> <span class='ocrx_word' id='word_1_459' title='bbox 553 3614 639 3669; x_wconf 85' lang='grc' dir='ltr'><strong>ἵνα</strong></span> <span class='ocrx_word' id='word_1_460' title='bbox 665 3616 717 3670; x_wconf 83' lang='grc' dir='ltr'><strong>τί</strong></span> <span class='ocrx_word' id='word_1_461' title='bbox 745 3617 957 3689; x_wconf 81' lang='grc' dir='ltr'><strong>ἐρωτᾷς</strong></span> <span class='ocrx_word' id='word_1_462' title='bbox 984 3620 1044 3672; x_wconf 78' lang='grc' dir='ltr'><strong>τὸ</strong></span> <span class='ocrx_word' id='word_1_463' title='bbox 1065 3620 1236 3692; x_wconf 70' lang='grc' dir='ltr'><strong>ὄνομά</strong></span> <span class='ocrx_word' id='word_1_464' title='bbox 1263 3641 1386 3694; x_wconf 84' lang='grc' dir='ltr'><strong>μου,</strong></span> <span class='ocrx_word' id='word_1_465' title='bbox 1421 3628 1516 3680; x_wconf 76' lang='grc' dir='ltr'>καὶ</span> <span class='ocrx_word' id='word_1_466' title='bbox 1545 3627 1701 3683; x_wconf 81' lang='grc' dir='ltr'><strong>τοῦτό</strong></span> 
     </span>
    </p>
   </div>
   <div class='ocr_carea' id='block_1_67' title="bbox 119 3706 1700 3782">
    <p class='ocr_par' dir='ltr' id='par_1_67' title="bbox 119 3706 1700 3782">
     <span class='ocr_line' id='line_1_68' title="bbox 119 3706 1700 3782; baseline 0.014 -27"><span class='ocrx_word' id='word_1_467' title='bbox 119 3706 238 3759; x_wconf 77' lang='grc' dir='ltr'><strong>ἐστι</strong></span> <span class='ocrx_word' id='word_1_468' title='bbox 275 3706 628 3775; x_wconf 71' lang='grc' dir='ltr'><strong>οαυμαστάν;</strong></span> <span class='ocrx_word' id='word_1_469' title='bbox 656 3728 676 3761; x_wconf 80' lang='grc' dir='ltr'><strong>ι</strong></span> <span class='ocrx_word' id='word_1_470' title='bbox 708 3712 776 3763; x_wconf 81' lang='grc' dir='ltr'><em>Ἣ</em></span> <span class='ocrx_word' id='word_1_471' title='bbox 809 3712 929 3782; x_wconf 76' lang='grc' dir='ltr'><strong>οὐχὶ</strong></span> <span class='ocrx_word' id='word_1_472' title='bbox 950 3714 1113 3768; x_wconf 77' lang='grc' dir='ltr'><strong>τοῦτο</strong></span> <span class='ocrx_word' id='word_1_473' title='bbox 1147 3716 1316 3782; x_wconf 80' lang='grc' dir='ltr'><strong>ὄντως</strong></span> <span class='ocrx_word' id='word_1_474' title='bbox 1337 3721 1457 3774; x_wconf 74' lang='grc' dir='ltr'><strong>ἐστὶ</strong></span> <span class='ocrx_word' id='word_1_475' title='bbox 1485 3721 1543 3775; x_wconf 82' lang='grc' dir='ltr'><strong>τὸ</strong></span> <span class='ocrx_word' id='word_1_476' title='bbox 1568 3722 1700 3776; x_wconf 81' lang='grc' dir='ltr'><strong>Θαυ-</strong></span> 
     </span>
    </p>
   </div>
   <div class='ocr_carea' id='block_1_68' title="bbox 123 3797 1699 3887">
    <p class='ocr_par' dir='ltr' id='par_1_68' title="bbox 123 3797 1699 3887">
     <span class='ocr_line' id='line_1_69' title="bbox 123 3797 1699 3887; baseline 0.013 -37"><span class='ocrx_word' id='word_1_477' title='bbox 123 3797 331 3866; x_wconf 80' lang='grc' dir='ltr'><strong>μαστὸν</strong></span> <span class='ocrx_word' id='word_1_478' title='bbox 368 3799 561 3869; x_wconf 79' lang='grc' dir='ltr'><strong>ὄνομα,</strong></span> <span class='ocrx_word' id='word_1_479' title='bbox 614 3803 679 3855; x_wconf 86' lang='grc' dir='ltr'><strong>τὸ</strong></span> <span class='ocrx_word' id='word_1_480' title='bbox 726 3804 865 3872; x_wconf 80' lang='grc' dir='ltr'><strong>ὑπὲρ</strong></span> <span class='ocrx_word' id='word_1_481' title='bbox 901 3807 1011 3859; x_wconf 82' lang='grc' dir='ltr'><strong>πᾶν</strong></span> <span class='ocrx_word' id='word_1_482' title='bbox 1053 3808 1245 3879; x_wconf 62' lang='lat' dir='ltr'><strong>tivam,</strong></span> <span class='ocrx_word' id='word_1_483' title='bbox 1277 3812 1338 3866; x_wconf 84' lang='grc' dir='ltr'><strong>τὸ</strong></span> <span class='ocrx_word' id='word_1_484' title='bbox 1387 3813 1699 3887; x_wconf 83' lang='grc' dir='ltr'><strong>ἀνώνυμον,</strong></span> 
     </span>
    </p>
   </div>
   <div class='ocr_carea' id='block_1_69' title="bbox 118 3893 1700 3980">
    <p class='ocr_par' dir='ltr' id='par_1_69' title="bbox 118 3893 1700 3980">
     <span class='ocr_line' id='line_1_70' title="bbox 118 3893 1700 3980; baseline 0.015 -39"><span class='ocrx_word' id='word_1_485' title='bbox 118 3893 178 3943; x_wconf 77' lang='grc' dir='ltr'><strong>τὸ</strong></span> <span class='ocrx_word' id='word_1_486' title='bbox 226 3895 434 3957; x_wconf 62' lang='grc' dir='ltr'><strong>παντῗς</strong></span> <span class='ocrx_word' id='word_1_487' title='bbox 484 3894 917 3968; x_wconf 73' lang='grc' dir='ltr'><strong>ὑπεριδρυμένον</strong></span> <span class='ocrx_word' id='word_1_488' title='bbox 974 3900 1238 3974; x_wconf 77' lang='grc' dir='ltr'><strong>ὀνόματος</strong></span> <span class='ocrx_word' id='word_1_489' title='bbox 1293 3904 1700 3980; x_wconf 77' lang='grc' dir='ltr'><strong>ὀνομαζόμενον</strong></span> 
     </span>
    </p>
   </div>
   <div class='ocr_carea' id='block_1_70' title="bbox 121 3984 1701 4069">
    <p class='ocr_par' dir='ltr' id='par_1_70' title="bbox 121 3984 1701 4069">
     <span class='ocr_line' id='line_1_71' title="bbox 121 3984 1701 4069; baseline 0.015 -36"><span class='ocrx_word' id='word_1_490' title='bbox 121 3984 229 4037; x_wconf 75' lang='grc' dir='ltr'><strong>εἴτε</strong></span> <span class='ocrx_word' id='word_1_491' title='bbox 256 3987 317 4038; x_wconf 82' lang='grc' dir='ltr'><strong>ἐν</strong></span> <span class='ocrx_word' id='word_1_492' title='bbox 342 3986 423 4055; x_wconf 80' lang='grc' dir='ltr'><strong>τῷ</strong></span> <span class='ocrx_word' id='word_1_493' title='bbox 470 3987 626 4040; x_wconf 74' lang='grc' dir='ltr'><strong>αἰῶνι</strong></span> <span class='ocrx_word' id='word_1_494' title='bbox 667 3990 868 4058; x_wconf 71' lang='grc' dir='ltr'><strong>τούτῳ,</strong></span> <span class='ocrx_word' id='word_1_495' title='bbox 901 3993 1012 4045; x_wconf 78' lang='grc' dir='ltr'><strong>εἴτε</strong></span> <span class='ocrx_word' id='word_1_496' title='bbox 1059 3995 1117 4049; x_wconf 85' lang='grc' dir='ltr'><strong>ἐν</strong></span> <span class='ocrx_word' id='word_1_497' title='bbox 1161 3995 1237 4065; x_wconf 80' lang='grc' dir='ltr'><strong>τῷ</strong></span> <span class='ocrx_word' id='word_1_498' title='bbox 1274 3998 1558 4069; x_wconf 84' lang='grc' dir='ltr'><strong>μέλλοντι;</strong></span> <span class='ocrx_word' id='word_1_499' title='bbox 1595 4005 1701 4057; x_wconf 74' lang='grc' dir='ltr'><strong>Ποσ-</strong></span> 
     </span>
    </p>
   </div>
   <div class='ocr_carea' id='block_1_71' title="bbox 123 4079 1702 4165">
    <p class='ocr_par' dir='ltr' id='par_1_71' title="bbox 123 4079 1702 4165">
     <span class='ocr_line' id='line_1_72' title="bbox 123 4079 1702 4165; baseline 0.013 -35"><span class='ocrx_word' id='word_1_500' title='bbox 123 4079 414 4150; x_wconf 75' lang='grc' dir='ltr'><strong>&gt;.υιὶ,νυμον</strong></span> <span class='ocrx_word' id='word_1_501' title='bbox 444 4080 521 4145; x_wconf 76' lang='grc' dir='ltr'><strong>δὲ,</strong></span> <span class='ocrx_word' id='word_1_502' title='bbox 553 4080 628 4145; x_wconf 88' lang='grc' dir='ltr'><strong>ώς</strong></span> <span class='ocrx_word' id='word_1_503' title='bbox 674 4084 805 4137; x_wconf 76' lang='grc' dir='ltr'><strong>ὅταν</strong></span> <span class='ocrx_word' id='word_1_504' title='bbox 866 4081 1025 4150; x_wconf 82' lang='grc' dir='ltr'><strong>αὖθις</strong></span> <span class='ocrx_word' id='word_1_505' title='bbox 1078 4089 1250 4159; x_wconf 80' lang='grc' dir='ltr'><strong>αὐτὴν</strong></span> <span class='ocrx_word' id='word_1_506' title='bbox 1290 4093 1554 4161; x_wconf 78' lang='grc' dir='ltr'><strong>εἰσάγωσι</strong></span> <span class='ocrx_word' id='word_1_507' title='bbox 1598 4096 1702 4165; x_wconf 76' lang='grc' dir='ltr'><strong>φά-</strong></span> 
     </span>
    </p>
   </div>
   <div class='ocr_carea' id='block_1_72' title="bbox 123 4174 1699 4257">
    <p class='ocr_par' dir='ltr' id='par_1_72' title="bbox 123 4174 1699 4257">
     <span class='ocr_line' id='line_1_73' title="bbox 123 4174 1699 4257; baseline 0.015 -35"><span class='ocrx_word' id='word_1_508' title='bbox 123 4188 384 4237; x_wconf 74' lang='grc' dir='ltr'><strong>σκουσαν,</strong></span> <span class='ocrx_word' id='word_1_509' title='bbox 422 4194 441 4222; x_wconf 73' lang='grc' dir='ltr'><strong>ι</strong></span> <span class='ocrx_word' id='word_1_510' title='bbox 485 4174 628 4243; x_wconf 78' lang='grc' dir='ltr'><strong>Ἐγώ</strong></span> <span class='ocrx_word' id='word_1_511' title='bbox 661 4177 777 4246; x_wconf 77' lang='grc' dir='ltr'><strong>εἰμι</strong></span> <span class='ocrx_word' id='word_1_512' title='bbox 812 4178 839 4230; x_wconf 84' lang='grc' dir='ltr'>ὁ</span> <span class='ocrx_word' id='word_1_513' title='bbox 864 4178 959 4245; x_wconf 85' lang='grc' dir='ltr'><strong>ὢν,</strong></span> <span class='ocrx_word' id='word_1_514' title='bbox 994 4181 1027 4251; x_wconf 80' lang='grc' dir='ltr'>ὴ</span> <span class='ocrx_word' id='word_1_515' title='bbox 1056 4182 1188 4254; x_wconf 79' lang='grc' dir='ltr'><strong>ζωὴ,</strong></span> <span class='ocrx_word' id='word_1_516' title='bbox 1224 4185 1285 4238; x_wconf 74' lang='grc' dir='ltr'><strong>τὸ</strong></span> <span class='ocrx_word' id='word_1_517' title='bbox 1321 4187 1508 4257; x_wconf 76' lang='grc' dir='ltr'><strong>φῶς,ξὸ</strong></span> <span class='ocrx_word' id='word_1_518' title='bbox 1544 4188 1699 4256; x_wconf 77' lang='grc' dir='ltr'><strong>Θεὸς,</strong></span> 
     </span>
    </p>
   </div>
   <div class='ocr_carea' id='block_1_73' title="bbox 120 4262 1701 4337">
    <p class='ocr_par' dir='ltr' id='par_1_73' title="bbox 120 4262 1701 4337">
     <span class='ocr_line' id='line_1_74' title="bbox 120 4262 1701 4337; baseline 0.015 -23"><span class='ocrx_word' id='word_1_519' title='bbox 120 4262 151 4329; x_wconf 82' lang='grc' dir='ltr'>ἡ</span> <span class='ocrx_word' id='word_1_520' title='bbox 203 4263 459 4332; x_wconf 76' lang='grc' dir='ltr'><strong>ἀλήθεια.</strong></span> <span class='ocrx_word' id='word_1_521' title='bbox 493 4283 513 4315; x_wconf 75' lang='grc' dir='ltr'><strong>ι</strong></span> <span class='ocrx_word' id='word_1_522' title='bbox 547 4267 652 4319; x_wconf 70' lang='grc' dir='ltr'><strong>Καὶ</strong></span> <span class='ocrx_word' id='word_1_523' title='bbox 690 4267 817 4320; x_wconf 80' lang='grc' dir='ltr'><strong>ὅταν</strong></span> <span class='ocrx_word' id='word_1_524' title='bbox 842 4270 997 4323; x_wconf 69' lang='grc' dir='ltr'><strong>αὐτοὶ</strong></span> <span class='ocrx_word' id='word_1_525' title='bbox 1047 4272 1139 4326; x_wconf 72' lang='grc' dir='ltr'><strong>τὸν</strong></span> <span class='ocrx_word' id='word_1_526' title='bbox 1175 4277 1390 4331; x_wconf 67' lang='grc' dir='ltr'><strong>πάντων</strong></span> <span class='ocrx_word' id='word_1_527' title='bbox 1445 4280 1622 4336; x_wconf 81' lang='grc' dir='ltr'><strong>αἴτιον</strong></span> <span class='ocrx_word' id='word_1_528' title='bbox 1651 4285 1701 4337; x_wconf 74' lang='grc' dir='ltr'><strong>οἱ</strong></span> 
     </span>
    </p>
   </div>
   <div class='ocr_carea' id='block_1_74' title="bbox 121 4356 1702 4431">
    <p class='ocr_par' dir='ltr' id='par_1_74' title="bbox 121 4356 1702 4431">
     <span class='ocr_line' id='line_1_75' title="bbox 121 4356 1702 4431; baseline 0.016 -25"><span class='ocrx_word' id='word_1_529' title='bbox 121 4356 379 4426; x_wconf 65' lang='grc' dir='ltr'><strong>οεὸσοφοι</strong></span> <span class='ocrx_word' id='word_1_530' title='bbox 423 4358 798 4430; x_wconf 73' lang='grc' dir='ltr'><strong>πολυωνὺμως</strong></span> <span class='ocrx_word' id='word_1_531' title='bbox 865 4364 930 4416; x_wconf 84' lang='grc' dir='ltr'><strong>ἐκ</strong></span> <span class='ocrx_word' id='word_1_532' title='bbox 988 4366 1210 4423; x_wconf 80' lang='grc' dir='ltr'><strong>πάντων</strong></span> <span class='ocrx_word' id='word_1_533' title='bbox 1278 4371 1387 4425; x_wconf 88' lang='grc' dir='ltr'><strong>τῶν</strong></span> <span class='ocrx_word' id='word_1_534' title='bbox 1442 4376 1702 4431; x_wconf 75' lang='grc' dir='ltr'><strong>αἰτιατῶν</strong></span> 
     </span>
    </p>
   </div>
   <div class='ocr_carea' id='block_1_75' title="bbox 121 4446 1704 4536">
    <p class='ocr_par' dir='ltr' id='par_1_75' title="bbox 121 4446 1704 4536">
     <span class='ocr_line' id='line_1_76' title="bbox 121 4446 1704 4536; baseline 0.017 -38"><span class='ocrx_word' id='word_1_535' title='bbox 121 4446 390 4515; x_wconf 77' lang='grc' dir='ltr'><strong>ὑμνῶσιν,</strong></span> <span class='ocrx_word' id='word_1_536' title='bbox 417 4450 492 4515; x_wconf 83' lang='grc' dir='ltr'><strong>ὡς</strong></span> <span class='ocrx_word' id='word_1_537' title='bbox 515 4452 736 4517; x_wconf 76' lang='grc' dir='ltr'><strong>ἀγαυὸν,</strong></span> <span class='ocrx_word' id='word_1_538' title='bbox 778 4456 853 4516; x_wconf 74' lang='grc' dir='ltr'><strong>ὡς</strong></span> <span class='ocrx_word' id='word_1_539' title='bbox 902 4457 1088 4526; x_wconf 75' lang='grc' dir='ltr'><strong>καλὸν,</strong></span> <span class='ocrx_word' id='word_1_540' title='bbox 1126 4461 1203 4525; x_wconf 88' lang='grc' dir='ltr'><strong>ώς</strong></span> <span class='ocrx_word' id='word_1_541' title='bbox 1246 4465 1431 4535; x_wconf 75' lang='grc' dir='ltr'><strong>σοφὸν,</strong></span> <span class='ocrx_word' id='word_1_542' title='bbox 1459 4468 1534 4531; x_wconf 88' lang='grc' dir='ltr'><strong>ώς</strong></span> <span class='ocrx_word' id='word_1_543' title='bbox 1564 4470 1704 4536; x_wconf 61' lang='grc' dir='ltr'><strong>ἀγαά</strong></span> 
     </span>
    </p>
   </div>
   <div class='ocr_carea' id='block_1_76' title="bbox 118 4538 1694 4631">
    <p class='ocr_par' dir='ltr' id='par_1_76' title="bbox 118 4538 1694 4631">
     <span class='ocr_line' id='line_1_77' title="bbox 118 4538 1694 4631; baseline 0.016 -40"><span class='ocrx_word' id='word_1_544' title='bbox 118 4541 315 4611; x_wconf 69' lang='grc' dir='ltr'><strong>πητον,</strong></span> <span class='ocrx_word' id='word_1_545' title='bbox 348 4543 425 4606; x_wconf 83' lang='grc' dir='ltr'><strong>ώς</strong></span> <span class='ocrx_word' id='word_1_546' title='bbox 460 4543 593 4597; x_wconf 66' lang='grc' dir='ltr'><strong>Θεὸν</strong></span> <span class='ocrx_word' id='word_1_547' title='bbox 624 4538 783 4610; x_wconf 70' lang='grc' dir='ltr'><strong>Θεῶν,</strong></span> <span class='ocrx_word' id='word_1_548' title='bbox 823 4547 897 4611; x_wconf 89' lang='grc' dir='ltr'><strong>ώς</strong></span> <span class='ocrx_word' id='word_1_549' title='bbox 934 4550 1140 4621; x_wconf 74' lang='grc' dir='ltr'><strong>Κύριον</strong></span> <span class='ocrx_word' id='word_1_550' title='bbox 1175 4557 1405 4626; x_wconf 80' lang='grc' dir='ltr'><strong>κυρίων,</strong></span> <span class='ocrx_word' id='word_1_551' title='bbox 1436 4559 1512 4623; x_wconf 87' lang='grc' dir='ltr'><strong>ώς</strong></span> <span class='ocrx_word' id='word_1_552' title='bbox 1539 4561 1694 4631; x_wconf 68' lang='grc' dir='ltr'><strong>ἄτιον</strong></span> 
     </span>
    </p>
   </div>
   <div class='ocr_carea' id='block_1_77' title="bbox 120 4635 1692 4721">
    <p class='ocr_par' dir='ltr' id='par_1_77' title="bbox 120 4635 1692 4721">
     <span class='ocr_line' id='line_1_78' title="bbox 120 4635 1692 4721; baseline 0.015 -37"><span class='ocrx_word' id='word_1_553' title='bbox 120 4635 315 4702; x_wconf 73' lang='grc' dir='ltr'><strong>ἁγίων,</strong></span> <span class='ocrx_word' id='word_1_554' title='bbox 349 4636 427 4698; x_wconf 86' lang='grc' dir='ltr'><strong>ὡς</strong></span> <span class='ocrx_word' id='word_1_555' title='bbox 451 4636 691 4702; x_wconf 79' lang='grc' dir='ltr'><strong>αἰώνιον,</strong></span> <span class='ocrx_word' id='word_1_556' title='bbox 731 4638 805 4703; x_wconf 88' lang='grc' dir='ltr'><strong>ὠς</strong></span> <span class='ocrx_word' id='word_1_557' title='bbox 835 4639 982 4707; x_wconf 77' lang='grc' dir='ltr'><strong>ὄντα,</strong></span> <span class='ocrx_word' id='word_1_558' title='bbox 1016 4644 1111 4699; x_wconf 72' lang='grc' dir='ltr'><strong>καὶ</strong></span> <span class='ocrx_word' id='word_1_559' title='bbox 1144 4646 1219 4712; x_wconf 88' lang='grc' dir='ltr'><strong>ώς</strong></span> <span class='ocrx_word' id='word_1_560' title='bbox 1246 4648 1459 4703; x_wconf 78' lang='grc' dir='ltr'><strong>αἰώνων</strong></span> <span class='ocrx_word' id='word_1_561' title='bbox 1495 4653 1692 4721; x_wconf 74' lang='grc' dir='ltr'><strong>αἰτιον,</strong></span> 
     </span>
    </p>
   </div>
   <div class='ocr_carea' id='block_1_78' title="bbox 118 4725 1696 4819">
    <p class='ocr_par' dir='ltr' id='par_1_78' title="bbox 118 4725 1696 4819">
     <span class='ocr_line' id='line_1_79' title="bbox 118 4725 1696 4819; baseline 0.014 -42"><span class='ocrx_word' id='word_1_562' title='bbox 118 4725 200 4789; x_wconf 79' lang='grc' dir='ltr'><strong>ὡς</strong></span> <span class='ocrx_word' id='word_1_563' title='bbox 228 4727 377 4798; x_wconf 75' lang='grc' dir='ltr'><strong>ζωῆς</strong></span> <span class='ocrx_word' id='word_1_564' title='bbox 403 4731 777 4800; x_wconf 71' lang='grc' dir='ltr'><strong>χορηγὸν,οώ;</strong></span> <span class='ocrx_word' id='word_1_565' title='bbox 831 4734 1044 4803; x_wconf 71' lang='grc' dir='ltr'><strong>σοσρίαν,</strong></span> <span class='ocrx_word' id='word_1_566' title='bbox 1076 4738 1151 4802; x_wconf 88' lang='grc' dir='ltr'><strong>ώς</strong></span> <span class='ocrx_word' id='word_1_567' title='bbox 1210 4740 1354 4819; x_wconf 75' lang='grc' dir='ltr'><strong>νοῦν,</strong></span> <span class='ocrx_word' id='word_1_568' title='bbox 1387 4743 1462 4807; x_wconf 85' lang='grc' dir='ltr'><strong>ὡς</strong></span> <span class='ocrx_word' id='word_1_569' title='bbox 1516 4743 1696 4813; x_wconf 78' lang='grc' dir='ltr'><strong>λόγον,</strong></span> 
     </span>
    </p>
   </div>
   <div class='ocr_carea' id='block_1_79' title="bbox 120 4820 1699 4907">
    <p class='ocr_par' dir='ltr' id='par_1_79' title="bbox 120 4820 1699 4907">
     <span class='ocr_line' id='line_1_80' title="bbox 120 4820 1699 4907; baseline 0.006 -26"><span class='ocrx_word' id='word_1_570' title='bbox 120 4820 200 4881; x_wconf 68' lang='grc' dir='ltr'><strong>ὡς</strong></span> <span class='ocrx_word' id='word_1_571' title='bbox 226 4822 496 4893; x_wconf 68' lang='grc' dir='ltr'><strong>Υνὼῖτην,</strong></span> <span class='ocrx_word' id='word_1_572' title='bbox 528 4823 600 4887; x_wconf 81' lang='grc' dir='ltr'><strong>ῶς</strong></span> <span class='ocrx_word' id='word_1_573' title='bbox 631 4830 936 4900; x_wconf 78' lang='grc' dir='ltr'><strong>προέχοντα</strong></span> <span class='ocrx_word' id='word_1_574' title='bbox 984 4834 1195 4897; x_wconf 77' lang='grc' dir='ltr'><strong>πάντας</strong></span> <span class='ocrx_word' id='word_1_575' title='bbox 1223 4835 1352 4898; x_wconf 78' lang='grc' dir='ltr'><strong>τοὺς</strong></span> <span class='ocrx_word' id='word_1_576' title='bbox 1384 4837 1699 4907; x_wconf 75' lang='grc' dir='ltr'><strong>θησαυροὺς</strong></span> 
     </span>
    </p>
   </div>
   <div class='ocr_carea' id='block_1_80' title="bbox 118 4910 1695 4995">
    <p class='ocr_par' dir='ltr' id='par_1_80' title="bbox 118 4910 1695 4995">
     <span class='ocr_line' id='line_1_81' title="bbox 118 4910 1695 4995; baseline 0.012 -34"><span class='ocrx_word' id='word_1_577' title='bbox 118 4910 343 4983; x_wconf 73' lang='grc' dir='ltr'><strong>ἁπάσης</strong></span> <span class='ocrx_word' id='word_1_578' title='bbox 399 4916 498 4982; x_wconf 74' lang='grc' dir='ltr'><strong>τῆς</strong></span> <span class='ocrx_word' id='word_1_579' title='bbox 550 4916 826 4984; x_wconf 72' lang='grc' dir='ltr'><strong>γνώσεως,</strong></span> <span class='ocrx_word' id='word_1_580' title='bbox 877 4923 951 4985; x_wconf 88' lang='grc' dir='ltr'><strong>ὡς</strong></span> <span class='ocrx_word' id='word_1_581' title='bbox 1004 4923 1255 4993; x_wconf 71' lang='grc' dir='ltr'><strong>δύναμιν,</strong></span> <span class='ocrx_word' id='word_1_582' title='bbox 1301 4925 1376 4988; x_wconf 81' lang='grc' dir='ltr'><strong>ὡς</strong></span> <span class='ocrx_word' id='word_1_583' title='bbox 1408 4926 1695 4995; x_wconf 77' lang='grc' dir='ltr'><strong>δυνάστην,</strong></span> 
     </span>
    </p>
   </div>
   <div class='ocr_carea' id='block_1_81' title="bbox 118 5002 1699 5081">
    <p class='ocr_par' dir='ltr' id='par_1_81' title="bbox 118 5002 1699 5081">
     <span class='ocr_line' id='line_1_82' title="bbox 118 5002 1699 5081; baseline 0.013 -28"><span class='ocrx_word' id='word_1_584' title='bbox 118 5002 200 5064; x_wconf 77' lang='grc' dir='ltr'><strong>ὡς</strong></span> <span class='ocrx_word' id='word_1_585' title='bbox 258 5005 491 5059; x_wconf 73' lang='grc' dir='ltr'><strong>Βασιλέα</strong></span> <span class='ocrx_word' id='word_1_586' title='bbox 540 5010 649 5062; x_wconf 82' lang='grc' dir='ltr'><strong>τῶν</strong></span> <span class='ocrx_word' id='word_1_587' title='bbox 700 5011 1118 5081; x_wconf 70' lang='grc' dir='ltr'><strong>βασιλευόντων,</strong></span> <span class='ocrx_word' id='word_1_588' title='bbox 1167 5016 1243 5079; x_wconf 80' lang='grc' dir='ltr'><strong>ὡς</strong></span> <span class='ocrx_word' id='word_1_589' title='bbox 1303 5018 1531 5072; x_wconf 74' lang='grc' dir='ltr'><strong>παλαιὸν</strong></span> <span class='ocrx_word' id='word_1_590' title='bbox 1590 5022 1699 5074; x_wconf 84' lang='grc' dir='ltr'><strong>τῶν</strong></span> 
     </span>
    </p>
   </div>
   <div class='ocr_carea' id='block_1_82' title="bbox 118 5097 1701 5183">
    <p class='ocr_par' dir='ltr' id='par_1_82' title="bbox 118 5097 1701 5183">
     <span class='ocr_line' id='line_1_83' title="bbox 118 5097 1701 5183; baseline 0.014 -39"><span class='ocrx_word' id='word_1_591' title='bbox 118 5097 371 5166; x_wconf 66' lang='grc' dir='ltr'><strong>ἡμερῶν,</strong></span> <span class='ocrx_word' id='word_1_592' title='bbox 402 5098 478 5163; x_wconf 85' lang='grc' dir='ltr'><strong>ῶς</strong></span> <span class='ocrx_word' id='word_1_593' title='bbox 515 5102 897 5172; x_wconf 73' lang='grc' dir='ltr'><strong>ἀναλλοίωτον,</strong></span> <span class='ocrx_word' id='word_1_594' title='bbox 933 5107 1027 5159; x_wconf 74' lang='grc' dir='ltr'><strong>καὶ</strong></span> <span class='ocrx_word' id='word_1_595' title='bbox 1058 5109 1364 5179; x_wconf 74' lang='grc' dir='ltr'><strong>ἀγήρω,ὼς</strong></span> <span class='ocrx_word' id='word_1_596' title='bbox 1395 5112 1701 5183; x_wconf 80' lang='grc' dir='ltr'><strong>σωτηρίαν,</strong></span> 
     </span>
    </p>
   </div>
   <div class='ocr_carea' id='block_1_83' title="bbox 119 5187 1701 5273">
    <p class='ocr_par' dir='ltr' id='par_1_83' title="bbox 119 5187 1701 5273">
     <span class='ocr_line' id='line_1_84' title="bbox 119 5187 1701 5273; baseline 0.015 -38"><span class='ocrx_word' id='word_1_597' title='bbox 119 5191 222 5237; x_wconf 72' lang='grc' dir='ltr'><strong>καὶ</strong></span> <span class='ocrx_word' id='word_1_598' title='bbox 275 5187 646 5263; x_wconf 80' lang='grc' dir='ltr'><strong>δικαιοσύνην,</strong></span> <span class='ocrx_word' id='word_1_599' title='bbox 707 5194 783 5259; x_wconf 84' lang='grc' dir='ltr'><strong>ὡς</strong></span> <span class='ocrx_word' id='word_1_600' title='bbox 832 5196 1127 5267; x_wconf 69' lang='grc' dir='ltr'><strong>ἁγιασμὸν,</strong></span> <span class='ocrx_word' id='word_1_601' title='bbox 1163 5199 1238 5262; x_wconf 82' lang='grc' dir='ltr'><strong>ὡς</strong></span> <span class='ocrx_word' id='word_1_602' title='bbox 1284 5201 1573 5273; x_wconf 79' lang='grc' dir='ltr'><strong>λύτρωσιν,</strong></span> <span class='ocrx_word' id='word_1_603' title='bbox 1626 5207 1701 5270; x_wconf 83' lang='grc' dir='ltr'><strong>ὡς</strong></span> 
     </span>
    </p>
   </div>
   <div class='ocr_carea' id='block_1_84' title="bbox 117 5280 1702 5370">
    <p class='ocr_par' dir='ltr' id='par_1_84' title="bbox 117 5280 1702 5370">
     <span class='ocr_line' id='line_1_85' title="bbox 117 5280 1702 5370; baseline 0.015 -41"><span class='ocrx_word' id='word_1_604' title='bbox 117 5280 179 5329; x_wconf 66' lang='grc' dir='ltr'><strong>ὲν</strong></span> <span class='ocrx_word' id='word_1_605' title='bbox 212 5280 436 5349; x_wconf 74' lang='grc' dir='ltr'><strong>μεγέθει</strong></span> <span class='ocrx_word' id='word_1_606' title='bbox 484 5286 704 5337; x_wconf 61' lang='grc' dir='ltr'><strong>πάντων</strong></span> <span class='ocrx_word' id='word_1_607' title='bbox 742 5288 1104 5359; x_wconf 74' lang='grc' dir='ltr'><strong>ὑπερέχοντα,</strong></span> <span class='ocrx_word' id='word_1_608' title='bbox 1163 5294 1256 5347; x_wconf 73' lang='grc' dir='ltr'><strong>καὶ</strong></span> <span class='ocrx_word' id='word_1_609' title='bbox 1319 5294 1395 5357; x_wconf 80' lang='grc' dir='ltr'><strong>ὡς</strong></span> <span class='ocrx_word' id='word_1_610' title='bbox 1445 5297 1503 5349; x_wconf 84' lang='grc' dir='ltr'><strong>ἐν</strong></span> <span class='ocrx_word' id='word_1_611' title='bbox 1555 5299 1702 5370; x_wconf 78' lang='grc' dir='ltr'><strong>αὔρᾳ</strong></span> 
     </span>
    </p>
   </div>
   <div class='ocr_carea' id='block_1_85' title="bbox 120 5373 1702 5457">
    <p class='ocr_par' dir='ltr' id='par_1_85' title="bbox 120 5373 1702 5457">
     <span class='ocr_line' id='line_1_86' title="bbox 120 5373 1702 5457; baseline 0.015 -35"><span class='ocrx_word' id='word_1_612' title='bbox 120 5373 319 5445; x_wconf 72' lang='grc' dir='ltr'><strong>ὶεπτῇ.</strong></span> <span class='ocrx_word' id='word_1_613' title='bbox 353 5377 462 5428; x_wconf 76' lang='grc' dir='ltr'><strong>Καί</strong></span> <span class='ocrx_word' id='word_1_614' title='bbox 493 5394 553 5442; x_wconf 75' lang='grc' dir='ltr'><strong><em>γε</em></strong></span> <span class='ocrx_word' id='word_1_615' title='bbox 580 5380 674 5433; x_wconf 78' lang='grc' dir='ltr'><strong>καὶ</strong></span> <span class='ocrx_word' id='word_1_616' title='bbox 716 5382 773 5433; x_wconf 82' lang='grc' dir='ltr'><strong>ὲν</strong></span> <span class='ocrx_word' id='word_1_617' title='bbox 797 5384 906 5445; x_wconf 84' lang='grc' dir='ltr'><strong>νοῖς</strong></span> <span class='ocrx_word' id='word_1_618' title='bbox 937 5385 1105 5437; x_wconf 83' lang='grc' dir='ltr'><strong>αὐτὸν</strong></span> <span class='ocrx_word' id='word_1_619' title='bbox 1156 5380 1299 5439; x_wconf 74' lang='grc' dir='ltr'><strong>εἷναί</strong></span> <span class='ocrx_word' id='word_1_620' title='bbox 1337 5406 1494 5457; x_wconf 70' lang='grc' dir='ltr'><strong>φασι,</strong></span> <span class='ocrx_word' id='word_1_621' title='bbox 1526 5392 1619 5444; x_wconf 79' lang='grc' dir='ltr'>καὶ</span> <span class='ocrx_word' id='word_1_622' title='bbox 1643 5394 1702 5446; x_wconf 82' lang='grc' dir='ltr'><strong>ἐν</strong></span> 
     </span>
    </p>
   </div>
   <div class='ocr_carea' id='block_1_86' title="bbox 119 5464 1701 5555">
    <p class='ocr_par' dir='ltr' id='par_1_86' title="bbox 119 5464 1701 5555">
     <span class='ocr_line' id='line_1_87' title="bbox 119 5464 1701 5555; baseline 0.015 -41"><span class='ocrx_word' id='word_1_623' title='bbox 119 5464 345 5533; x_wconf 64' lang='grc' dir='ltr'><strong>ψυχαῖς,</strong></span> <span class='ocrx_word' id='word_1_624' title='bbox 372 5471 470 5522; x_wconf 70' lang='grc' dir='ltr'><strong>καὶ</strong></span> <span class='ocrx_word' id='word_1_625' title='bbox 496 5472 553 5522; x_wconf 77' lang='grc' dir='ltr'><strong>ἐν</strong></span> <span class='ocrx_word' id='word_1_626' title='bbox 578 5471 823 5542; x_wconf 76' lang='grc' dir='ltr'><strong>σώμασι,</strong></span> <span class='ocrx_word' id='word_1_627' title='bbox 846 5475 941 5528; x_wconf 73' lang='grc' dir='ltr'><strong>καὶ</strong></span> <span class='ocrx_word' id='word_1_628' title='bbox 974 5478 1032 5529; x_wconf 75' lang='grc' dir='ltr'><strong>ἐν</strong></span> <span class='ocrx_word' id='word_1_629' title='bbox 1059 5478 1294 5550; x_wconf 75' lang='grc' dir='ltr'><strong>οὐρανῷ,</strong></span> <span class='ocrx_word' id='word_1_630' title='bbox 1323 5485 1419 5534; x_wconf 77' lang='grc' dir='ltr'><strong>καὶ</strong></span> <span class='ocrx_word' id='word_1_631' title='bbox 1452 5487 1545 5535; x_wconf 69' lang='grc' dir='ltr'><strong>ἐπὶ</strong></span> <span class='ocrx_word' id='word_1_632' title='bbox 1575 5485 1701 5555; x_wconf 78' lang='grc' dir='ltr'><strong>γῆς,</strong></span> 
     </span>
    </p>
   </div>
   <div class='ocr_carea' id='block_1_87' title="bbox 122 5557 1703 5648">
    <p class='ocr_par' dir='ltr' id='par_1_87' title="bbox 122 5557 1703 5648">
     <span class='ocr_line' id='line_1_88' title="bbox 122 5557 1703 5648; baseline 0.016 -41"><span class='ocrx_word' id='word_1_633' title='bbox 122 5557 224 5609; x_wconf 76' lang='grc' dir='ltr'><strong>καὶ</strong></span> <span class='ocrx_word' id='word_1_634' title='bbox 251 5558 365 5631; x_wconf 66' lang='grc' dir='ltr'><strong>ἅμα</strong></span> <span class='ocrx_word' id='word_1_635' title='bbox 409 5562 469 5615; x_wconf 75' lang='grc' dir='ltr'><strong>ἐν</strong></span> <span class='ocrx_word' id='word_1_636' title='bbox 512 5565 695 5634; x_wconf 82' lang='grc' dir='ltr'><strong>ταυτῴ</strong></span> <span class='ocrx_word' id='word_1_637' title='bbox 747 5566 838 5619; x_wconf 70' lang='grc' dir='ltr'><strong>τὸν</strong></span> <span class='ocrx_word' id='word_1_638' title='bbox 880 5567 1044 5621; x_wconf 71' lang='grc' dir='ltr'><strong>αὑτὸν</strong></span> <span class='ocrx_word' id='word_1_639' title='bbox 1089 5572 1409 5643; x_wconf 71' lang='grc' dir='ltr'><strong>ὲγκόσμιον,</strong></span> <span class='ocrx_word' id='word_1_640' title='bbox 1461 5576 1703 5648; x_wconf 58' lang='lat' dir='ltr'><strong>inrepite—</strong></span> 
     </span>
    </p>
   </div>
   <div class='ocr_carea' id='block_1_88' title="bbox 196 5739 1191 5821">
    <p class='ocr_par' dir='ltr' id='par_1_88' title="bbox 196 5739 1191 5821">
     <span class='ocr_line' id='line_1_89' title="bbox 196 5739 1191 5821; baseline 0.016 -26"><span class='ocrx_word' id='word_1_641' title='bbox 196 5739 377 5809; x_wconf 52' lang='grc' dir='ltr'><strong>’,ϐαίη</strong></span> <span class='ocrx_word' id='word_1_642' title='bbox 414 5761 565 5812; x_wconf 66' lang='lat' dir='ltr'><strong>uxr,</strong></span> <span class='ocrx_word' id='word_1_643' title='bbox 594 5746 685 5803; x_wconf 76' lang='lat'><strong>26.</strong></span> <span class='ocrx_word' id='word_1_644' title='bbox 762 5750 782 5780; x_wconf 79' lang='lat'><strong>’</strong></span> <span class='ocrx_word' id='word_1_645' title='bbox 805 5749 973 5805; x_wconf 75' lang='lat' dir='ltr'><strong>Exod.</strong></span> <span class='ocrx_word' id='word_1_646' title='bbox 1002 5766 1060 5821; x_wconf 82' lang='grc' dir='ltr'><strong>ιι,</strong></span> <span class='ocrx_word' id='word_1_647' title='bbox 1102 5756 1191 5811; x_wconf 73' lang='grc'><strong>15.</strong></span> 
     </span>
    </p>
   </div>
   <div class='ocr_carea' id='block_1_89' title="bbox 1801 3357 3378 3429">
    <p class='ocr_par' dir='ltr' id='par_1_89' title="bbox 1801 3357 3378 3429">
     <span class='ocr_line' id='line_1_90' title="bbox 1801 3357 3378 3429; baseline 0.002 -18"><span class='ocrx_word' id='word_1_648' title='bbox 1801 3374 1944 3412; x_wconf 83' lang='lat' dir='ltr'><strong>mam</strong></span> <span class='ocrx_word' id='word_1_649' title='bbox 1981 3360 2153 3429; x_wconf 90' lang='lat' dir='ltr'><strong>ipsam</strong></span> <span class='ocrx_word' id='word_1_650' title='bbox 2194 3357 2546 3413; x_wconf 78' lang='lat' dir='ltr'><strong>Divinitatem</strong></span> <span class='ocrx_word' id='word_1_651' title='bbox 2597 3357 2655 3412; x_wconf 89' lang='lat' dir='ltr'><strong>in</strong></span> <span class='ocrx_word' id='word_1_652' title='bbox 2695 3374 2801 3412; x_wconf 87' lang='lat' dir='ltr'><strong>una</strong></span> <span class='ocrx_word' id='word_1_653' title='bbox 2834 3373 2900 3413; x_wconf 79' lang='lat' dir='ltr'><strong>ex</strong></span> <span class='ocrx_word' id='word_1_654' title='bbox 2931 3359 3147 3414; x_wconf 86' lang='lat' dir='ltr'><strong>arcanis</strong></span> <span class='ocrx_word' id='word_1_655' title='bbox 3197 3366 3253 3413; x_wconf 87' lang='lat' dir='ltr'><strong>et</strong></span> <span class='ocrx_word' id='word_1_656' title='bbox 3281 3374 3378 3414; x_wconf 87' lang='lat' dir='ltr'><strong>oc-</strong></span> 
     </span>
    </p>
   </div>
   <div class='ocr_carea' id='block_1_90' title="bbox 1799 3448 3379 3521">
    <p class='ocr_par' dir='ltr' id='par_1_90' title="bbox 1799 3448 3379 3521">
     <span class='ocr_line' id='line_1_91' title="bbox 1799 3448 3379 3521; baseline -0.001 -16"><span class='ocrx_word' id='word_1_657' title='bbox 1799 3451 2005 3505; x_wconf 88' lang='lat' dir='ltr'><strong>cultum</strong></span> <span class='ocrx_word' id='word_1_658' title='bbox 2039 3450 2243 3521; x_wconf 88' lang='lat' dir='ltr'><strong>aliquid</strong></span> <span class='ocrx_word' id='word_1_659' title='bbox 2265 3448 2703 3521; x_wconf 79' lang='lat' dir='ltr'><strong>signiﬁcantibus</strong></span> <span class='ocrx_word' id='word_1_660' title='bbox 2755 3450 3061 3505; x_wconf 77' lang='lat' dir='ltr'><strong>visionibus</strong></span> <span class='ocrx_word' id='word_1_661' title='bbox 3104 3464 3379 3520; x_wconf 89' lang='lat' dir='ltr'><strong>apparen-</strong></span> 
     </span>
    </p>
   </div>
   <div class='ocr_carea' id='block_1_91' title="bbox 1802 3543 3373 3614">
    <p class='ocr_par' dir='ltr' id='par_1_91' title="bbox 1802 3543 3373 3614">
     <span class='ocr_line' id='line_1_92' title="bbox 1802 3543 3373 3614; baseline -0.001 -16"><span class='ocrx_word' id='word_1_662' title='bbox 1802 3553 1907 3598; x_wconf 90' lang='lat' dir='ltr'><strong>tem</strong></span> <span class='ocrx_word' id='word_1_663' title='bbox 1936 3549 2256 3614; x_wconf 88' lang='lat' dir='ltr'><strong>increpasse</strong></span> <span class='ocrx_word' id='word_1_664' title='bbox 2280 3543 2472 3598; x_wconf 90' lang='lat' dir='ltr'><strong>dicunt</strong></span> <span class='ocrx_word' id='word_1_665' title='bbox 2521 3544 2697 3610; x_wconf 89' lang='lat' dir='ltr'><strong>illum,</strong></span> <span class='ocrx_word' id='word_1_666' title='bbox 2755 3544 2844 3614; x_wconf 85' lang='lat' dir='ltr'><strong>qui</strong></span> <span class='ocrx_word' id='word_1_667' title='bbox 2887 3546 3317 3613; x_wconf 78' lang='lat' dir='ltr'><strong>interrogaverat</strong></span> <span class='ocrx_word' id='word_1_668' title='bbox 3357 3562 3373 3597; x_wconf 87' lang='lat'><strong>:</strong></span> 
     </span>
    </p>
   </div>
   <div class='ocr_carea' id='block_1_92' title="bbox 1802 3633 3376 3705">
    <p class='ocr_par' dir='ltr' id='par_1_92' title="bbox 1802 3633 3376 3705">
     <span class='ocr_line' id='line_1_93' title="bbox 1802 3633 3376 3705; baseline -0.001 -17"><span class='ocrx_word' id='word_1_669' title='bbox 1802 3635 1957 3703; x_wconf 80' lang='lat' dir='ltr'><strong>Quod</strong></span> <span class='ocrx_word' id='word_1_670' title='bbox 1990 3647 2075 3691; x_wconf 87' lang='lat' dir='ltr'><strong>est</strong></span> <span class='ocrx_word' id='word_1_671' title='bbox 2100 3651 2301 3690; x_wconf 90' lang='lat' dir='ltr'><strong>nomen</strong></span> <span class='ocrx_word' id='word_1_672' title='bbox 2328 3635 2505 3689; x_wconf 87' lang='lat' dir='ltr'><strong>tuum?</strong></span> <span class='ocrx_word' id='word_1_673' title='bbox 2534 3646 2589 3689; x_wconf 89' lang='lat' dir='ltr'><strong>et</strong></span> <span class='ocrx_word' id='word_1_674' title='bbox 2616 3636 2791 3704; x_wconf 91' lang='lat' dir='ltr'><strong>ipsum</strong></span> <span class='ocrx_word' id='word_1_675' title='bbox 2835 3645 3090 3705; x_wconf 88' lang='lat' dir='ltr'><strong>tanquam</strong></span> <span class='ocrx_word' id='word_1_676' title='bbox 3121 3634 3190 3689; x_wconf 85' lang='lat' dir='ltr'><strong>ab</strong></span> <span class='ocrx_word' id='word_1_677' title='bbox 3225 3633 3376 3688; x_wconf 92' lang='lat' dir='ltr'><strong>omni</strong></span> 
     </span>
    </p>
   </div>
   <div class='ocr_carea' id='block_1_93' title="bbox 1800 3725 3377 3799">
    <p class='ocr_par' dir='ltr' id='par_1_93' title="bbox 1800 3725 3377 3799">
     <span class='ocr_line' id='line_1_94' title="bbox 1800 3725 3377 3799; baseline -0.004 -15"><span class='ocrx_word' id='word_1_678' title='bbox 1800 3729 1999 3784; x_wconf 74' lang='lat' dir='ltr'><strong>divina:</strong></span> <span class='ocrx_word' id='word_1_679' title='bbox 2026 3727 2407 3799; x_wconf 85' lang='lat' dir='ltr'><strong>appellationis</strong></span> <span class='ocrx_word' id='word_1_680' title='bbox 2476 3727 2787 3797; x_wconf 69' lang='lat' dir='ltr'><strong>cognitione</strong></span> <span class='ocrx_word' id='word_1_681' title='bbox 2853 3725 3223 3781; x_wconf 87' lang='lat' dir='ltr'><strong>deterrentem</strong></span> <span class='ocrx_word' id='word_1_682' title='bbox 3288 3725 3377 3779; x_wconf 82' lang='lat' dir='ltr'><strong>di-</strong></span> 
     </span>
    </p>
   </div>
   <div class='ocr_carea' id='block_1_94' title="bbox 1801 3806 3377 3889">
    <p class='ocr_par' dir='ltr' id='par_1_94' title="bbox 1801 3806 3377 3889">
     <span class='ocr_line' id='line_1_95' title="bbox 1801 3806 3377 3889; baseline -0.004 -13"><span class='ocrx_word' id='word_1_683' title='bbox 1801 3823 1976 3877; x_wconf 77' lang='lat' dir='ltr'><strong>xisse:</strong></span> <span class='ocrx_word' id='word_1_684' title='bbox 2015 3822 2154 3875; x_wconf 71' lang='lat' dir='ltr'><strong>«Cur</strong></span> <span class='ocrx_word' id='word_1_685' title='bbox 2176 3834 2376 3876; x_wconf 90' lang='lat' dir='ltr'><strong>nomen</strong></span> <span class='ocrx_word' id='word_1_686' title='bbox 2412 3806 2642 3889; x_wconf 85' lang='lat' dir='ltr'><strong>inquiris</strong></span> <span class='ocrx_word' id='word_1_687' title='bbox 2662 3833 2866 3882; x_wconf 90' lang='lat' dir='ltr'><strong>meum,</strong></span> <span class='ocrx_word' id='word_1_688' title='bbox 2895 3816 3042 3887; x_wconf 85' lang='lat' dir='ltr'><strong>quod</strong></span> <span class='ocrx_word' id='word_1_689' title='bbox 3071 3825 3158 3872; x_wconf 88' lang='lat' dir='ltr'><strong>est</strong></span> <span class='ocrx_word' id='word_1_690' title='bbox 3201 3816 3377 3871; x_wconf 78' lang='lat' dir='ltr'><strong>admi—</strong></span> 
     </span>
    </p>
   </div>
   <div class='ocr_carea' id='block_1_95' title="bbox 1804 3908 3379 3978">
    <p class='ocr_par' dir='ltr' id='par_1_95' title="bbox 1804 3908 3379 3978">
     <span class='ocr_line' id='line_1_96' title="bbox 1804 3908 3379 3978; baseline -0.003 -9"><span class='ocrx_word' id='word_1_691' title='bbox 1804 3915 2001 3972; x_wconf 77' lang='lat' dir='ltr'><strong>rabile‘</strong></span> <span class='ocrx_word' id='word_1_692' title='bbox 2026 3934 2045 3968; x_wconf 80' lang='grc' dir='ltr'><strong>ι</strong></span> <span class='ocrx_word' id='word_1_693' title='bbox 2070 3915 2092 3969; x_wconf 73' lang='lat'><strong>‘2</strong></span> <span class='ocrx_word' id='word_1_694' title='bbox 2115 3912 2307 3969; x_wconf 82' lang='lat' dir='ltr'><strong>Nonne</strong></span> <span class='ocrx_word' id='word_1_695' title='bbox 2338 3912 2392 3967; x_wconf 92' lang='lat' dir='ltr'><strong>id</strong></span> <span class='ocrx_word' id='word_1_696' title='bbox 2413 3926 2538 3966; x_wconf 82' lang='lat' dir='ltr'><strong>vere</strong></span> <span class='ocrx_word' id='word_1_697' title='bbox 2563 3910 2881 3965; x_wconf 85' lang='lat' dir='ltr'><strong>admirabile</strong></span> <span class='ocrx_word' id='word_1_698' title='bbox 2903 3925 3101 3964; x_wconf 90' lang='lat' dir='ltr'><strong>nomen</strong></span> <span class='ocrx_word' id='word_1_699' title='bbox 3131 3908 3379 3978; x_wconf 80' lang='lat' dir='ltr'><strong>estquod</strong></span> 
     </span>
    </p>
   </div>
   <div class='ocr_carea' id='block_1_96' title="bbox 1802 4002 3378 4091">
    <p class='ocr_par' dir='ltr' id='par_1_96' title="bbox 1802 4002 3378 4091">
     <span class='ocr_line' id='line_1_97' title="bbox 1802 4002 3378 4091; baseline -0.008 -27"><span class='ocrx_word' id='word_1_700' title='bbox 1802 4019 1883 4064; x_wconf 88' lang='lat' dir='ltr'><strong>est</strong></span> <span class='ocrx_word' id='word_1_701' title='bbox 1915 4023 2080 4091; x_wconf 76' lang='lat' dir='ltr'><strong>super</strong></span> <span class='ocrx_word' id='word_1_702' title='bbox 2099 4022 2262 4062; x_wconf 91' lang='lat' dir='ltr'><strong>omne</strong></span> <span class='ocrx_word' id='word_1_703' title='bbox 2288 4019 2511 4070; x_wconf 85' lang='lat' dir='ltr'><strong>nomen,</strong></span> <span class='ocrx_word' id='word_1_704' title='bbox 2546 4002 2690 4073; x_wconf 91' lang='lat' dir='ltr'><strong>quod</strong></span> <span class='ocrx_word' id='word_1_705' title='bbox 2725 4002 2985 4071; x_wconf 67' lang='lat' dir='ltr'><strong>eXplicari</strong></span> <span class='ocrx_word' id='word_1_706' title='bbox 3022 4015 3132 4054; x_wconf 91' lang='lat' dir='ltr'><strong>non</strong></span> <span class='ocrx_word' id='word_1_707' title='bbox 3172 4008 3378 4069; x_wconf 84' lang='lat' dir='ltr'><strong>potest,</strong></span> 
     </span>
    </p>
   </div>
   <div class='ocr_carea' id='block_1_97' title="bbox 1802 4092 3381 4173">
    <p class='ocr_par' dir='ltr' id='par_1_97' title="bbox 1802 4092 3381 4173">
     <span class='ocr_line' id='line_1_98' title="bbox 1802 4092 3381 4173; baseline -0.004 -17"><span class='ocrx_word' id='word_1_708' title='bbox 1802 4104 1946 4173; x_wconf 87' lang='lat' dir='ltr'><strong>quod</strong></span> <span class='ocrx_word' id='word_1_709' title='bbox 1979 4110 2204 4171; x_wconf 83' lang='lat' dir='ltr'><strong>superat</strong></span> <span class='ocrx_word' id='word_1_710' title='bbox 2233 4114 2395 4155; x_wconf 91' lang='lat' dir='ltr'><strong>omne</strong></span> <span class='ocrx_word' id='word_1_711' title='bbox 2426 4112 2627 4152; x_wconf 86' lang='lat' dir='ltr'><strong>nomen</strong></span> <span class='ocrx_word' id='word_1_712' title='bbox 2663 4109 2986 4165; x_wconf 79' lang='lat' dir='ltr'><strong>expressum</strong></span> <span class='ocrx_word' id='word_1_713' title='bbox 3031 4095 3117 4149; x_wconf 90' lang='lat' dir='ltr'><strong>vel</strong></span> <span class='ocrx_word' id='word_1_714' title='bbox 3170 4094 3224 4147; x_wconf 87' lang='lat' dir='ltr'><strong>in</strong></span> <span class='ocrx_word' id='word_1_715' title='bbox 3274 4092 3381 4149; x_wconf 79' lang='lat' dir='ltr'><strong>hoc</strong></span> 
     </span>
    </p>
   </div>
   <div class='ocr_carea' id='block_1_98' title="bbox 1803 4186 3384 4255">
    <p class='ocr_par' dir='ltr' id='par_1_98' title="bbox 1803 4186 3384 4255">
     <span class='ocr_line' id='line_1_99' title="bbox 1803 4186 3384 4255; baseline -0.009 -3"><span class='ocrx_word' id='word_1_716' title='bbox 1803 4197 2001 4252; x_wconf 67' lang='lat' dir='ltr'><strong>saeculo</strong></span> <span class='ocrx_word' id='word_1_717' title='bbox 2034 4196 2116 4251; x_wconf 84' lang='lat' dir='ltr'><strong>vel</strong></span> <span class='ocrx_word' id='word_1_718' title='bbox 2153 4195 2211 4248; x_wconf 88' lang='lat' dir='ltr'><strong>in</strong></span> <span class='ocrx_word' id='word_1_719' title='bbox 2281 4191 2512 4248; x_wconf 76' lang='lat' dir='ltr'><strong>futuro?</strong></span> <span class='ocrx_word' id='word_1_720' title='bbox 2566 4188 2701 4243; x_wconf 83' lang='lat' dir='ltr'><strong>Eum</strong></span> <span class='ocrx_word' id='word_1_721' title='bbox 2735 4203 2927 4243; x_wconf 81' lang='lat' dir='ltr'><strong>rursus</strong></span> <span class='ocrx_word' id='word_1_722' title='bbox 2981 4195 3041 4241; x_wconf 87' lang='lat' dir='ltr'><strong>ut</strong></span> <span class='ocrx_word' id='word_1_723' title='bbox 3088 4186 3384 4255; x_wconf 70' lang='lat' dir='ltr'><strong>multiplici</strong></span> 
     </span>
    </p>
   </div>
   <div class='ocr_carea' id='block_1_99' title="bbox 1802 4279 3385 4359">
    <p class='ocr_par' dir='ltr' id='par_1_99' title="bbox 1802 4279 3385 4359">
     <span class='ocr_line' id='line_1_100' title="bbox 1802 4279 3385 4359; baseline -0.009 -14"><span class='ocrx_word' id='word_1_724' title='bbox 1802 4289 2027 4345; x_wconf 88' lang='lat' dir='ltr'><strong>nomine</strong></span> <span class='ocrx_word' id='word_1_725' title='bbox 2057 4288 2347 4359; x_wconf 75' lang='lat' dir='ltr'><strong>praeditum</strong></span> <span class='ocrx_word' id='word_1_726' title='bbox 2380 4284 2679 4348; x_wconf 87' lang='lat' dir='ltr'><strong>celebrant,</strong></span> <span class='ocrx_word' id='word_1_727' title='bbox 2711 4292 2769 4337; x_wconf 91' lang='lat' dir='ltr'><strong>ut</strong></span> <span class='ocrx_word' id='word_1_728' title='bbox 2798 4296 2923 4337; x_wconf 88' lang='lat' dir='ltr'><strong>cum</strong></span> <span class='ocrx_word' id='word_1_729' title='bbox 2963 4280 3138 4350; x_wconf 86' lang='lat' dir='ltr'><strong>ipsum</strong></span> <span class='ocrx_word' id='word_1_730' title='bbox 3181 4279 3385 4333; x_wconf 74' lang='lat' dir='ltr'><strong>divini-</strong></span> 
     </span>
    </p>
   </div>
   <div class='ocr_carea' id='block_1_100' title="bbox 1805 4373 3387 4450">
    <p class='ocr_par' dir='ltr' id='par_1_100' title="bbox 1805 4373 3387 4450">
     <span class='ocr_line' id='line_1_101' title="bbox 1805 4373 3387 4450; baseline -0.006 -13"><span class='ocrx_word' id='word_1_731' title='bbox 1805 4392 1969 4437; x_wconf 89' lang='lat' dir='ltr'><strong>tatem</strong></span> <span class='ocrx_word' id='word_1_732' title='bbox 2008 4383 2081 4436; x_wconf 85' lang='lat' dir='ltr'><strong>ita</strong></span> <span class='ocrx_word' id='word_1_733' title='bbox 2147 4382 2463 4450; x_wconf 86' lang='lat' dir='ltr'><strong>loquentem</strong></span> <span class='ocrx_word' id='word_1_734' title='bbox 2513 4378 2821 4432; x_wconf 76' lang='lat' dir='ltr'><strong>inducunt:</strong></span> <span class='ocrx_word' id='word_1_735' title='bbox 2887 4374 3026 4446; x_wconf 79' lang='lat' dir='ltr'><strong>tEgo</strong></span> <span class='ocrx_word' id='word_1_736' title='bbox 3087 4389 3231 4440; x_wconf 85' lang='lat' dir='ltr'><strong>sum,</strong></span> <span class='ocrx_word' id='word_1_737' title='bbox 3287 4373 3387 4442; x_wconf 69' lang='lat' dir='ltr'><strong>qui</strong></span> 
     </span>
    </p>
   </div>
   <div class='ocr_carea' id='block_1_101' title="bbox 1806 4466 3389 4539">
    <p class='ocr_par' dir='ltr' id='par_1_101' title="bbox 1806 4466 3389 4539">
     <span class='ocr_line' id='line_1_102' title="bbox 1806 4466 3389 4539; baseline -0.003 -12"><span class='ocrx_word' id='word_1_738' title='bbox 1806 4490 1951 4539; x_wconf 90' lang='lat' dir='ltr'><strong>sum,</strong></span> <span class='ocrx_word' id='word_1_739' title='bbox 1992 4475 2122 4539; x_wconf 84' lang='lat' dir='ltr'><strong>vita,</strong></span> <span class='ocrx_word' id='word_1_740' title='bbox 2168 4474 2283 4536; x_wconf 80' lang='lat' dir='ltr'><strong>lux,</strong></span> <span class='ocrx_word' id='word_1_741' title='bbox 2321 4473 2485 4533; x_wconf 88' lang='lat' dir='ltr'><strong>Dens,</strong></span> <span class='ocrx_word' id='word_1_742' title='bbox 2518 4469 2720 4522; x_wconf 87' lang='lat' dir='ltr'><strong>veritas</strong></span> <span class='ocrx_word' id='word_1_743' title='bbox 2745 4469 2785 4519; x_wconf 85' lang='grc'><strong>².</strong></span> <span class='ocrx_word' id='word_1_744' title='bbox 2827 4484 2845 4517; x_wconf 78' lang='grc' dir='ltr'><strong>ι</strong></span> <span class='ocrx_word' id='word_1_745' title='bbox 2882 4466 2951 4521; x_wconf 85' lang='grc' dir='ltr'><strong>Ει</strong></span> <span class='ocrx_word' id='word_1_746' title='bbox 3012 4483 3135 4521; x_wconf 84' lang='lat' dir='ltr'><strong>cum</strong></span> <span class='ocrx_word' id='word_1_747' title='bbox 3196 4466 3389 4523; x_wconf 82' lang='lat' dir='ltr'><strong>divina.</strong></span> 
     </span>
    </p>
   </div>
   <div class='ocr_carea' id='block_1_102' title="bbox 1807 4560 3386 4637">
    <p class='ocr_par' dir='ltr' id='par_1_102' title="bbox 1807 4560 3386 4637">
     <span class='ocr_line' id='line_1_103' title="bbox 1807 4560 3386 4637; baseline -0.005 -14"><span class='ocrx_word' id='word_1_748' title='bbox 1807 4567 2076 4637; x_wconf 70' lang='lat' dir='ltr'><strong>sapientia</strong></span> <span class='ocrx_word' id='word_1_749' title='bbox 2147 4572 2468 4635; x_wconf 68' lang='lat' dir='ltr'><strong>praestantes</strong></span> <span class='ocrx_word' id='word_1_750' title='bbox 2522 4561 2623 4615; x_wconf 88' lang='lat' dir='ltr'><strong>viri</strong></span> <span class='ocrx_word' id='word_1_751' title='bbox 2683 4561 2859 4631; x_wconf 90' lang='lat' dir='ltr'><strong>ipsum</strong></span> <span class='ocrx_word' id='word_1_752' title='bbox 2904 4575 3086 4614; x_wconf 88' lang='lat' dir='ltr'><strong>rerum</strong></span> <span class='ocrx_word' id='word_1_753' title='bbox 3133 4560 3386 4615; x_wconf 84' lang='lat' dir='ltr'><strong>omnium</strong></span> 
     </span>
    </p>
   </div>
   <div class='ocr_carea' id='block_1_103' title="bbox 1806 4650 3385 4720">
    <p class='ocr_par' dir='ltr' id='par_1_103' title="bbox 1806 4650 3385 4720">
     <span class='ocr_line' id='line_1_104' title="bbox 1806 4650 3385 4720; baseline -0.007 -6"><span class='ocrx_word' id='word_1_754' title='bbox 1806 4669 2091 4715; x_wconf 81' lang='lat' dir='ltr'><strong>auctorem</strong></span> <span class='ocrx_word' id='word_1_755' title='bbox 2140 4657 2195 4711; x_wconf 91' lang='lat' dir='ltr'><strong>in</strong></span> <span class='ocrx_word' id='word_1_756' title='bbox 2246 4656 2414 4710; x_wconf 84' lang='lat' dir='ltr'><strong>rebus</strong></span> <span class='ocrx_word' id='word_1_757' title='bbox 2457 4652 2713 4708; x_wconf 86' lang='lat' dir='ltr'><strong>omnibus</strong></span> <span class='ocrx_word' id='word_1_758' title='bbox 2771 4652 3075 4720; x_wconf 78' lang='lat' dir='ltr'><strong>procreatis</strong></span> <span class='ocrx_word' id='word_1_759' title='bbox 3136 4650 3385 4720; x_wconf 88' lang='lat' dir='ltr'><strong>pluribus</strong></span> 
     </span>
    </p>
   </div>
   <div class='ocr_carea' id='block_1_104' title="bbox 1798 4744 3385 4819">
    <p class='ocr_par' dir='ltr' id='par_1_104' title="bbox 1798 4744 3385 4819">
     <span class='ocr_line' id='line_1_105' title="bbox 1798 4744 3385 4819; baseline -0.006 -12"><span class='ocrx_word' id='word_1_760' title='bbox 1798 4751 2114 4807; x_wconf 84' lang='lat' dir='ltr'><strong>nominibus</strong></span> <span class='ocrx_word' id='word_1_761' title='bbox 2161 4748 2458 4819; x_wconf 84' lang='lat' dir='ltr'><strong>appellant.</strong></span> <span class='ocrx_word' id='word_1_762' title='bbox 2492 4755 2551 4799; x_wconf 89' lang='lat' dir='ltr'><strong>ut</strong></span> <span class='ocrx_word' id='word_1_763' title='bbox 2583 4746 2817 4811; x_wconf 87' lang='lat' dir='ltr'><strong>bonum,</strong></span> <span class='ocrx_word' id='word_1_764' title='bbox 2842 4754 2901 4800; x_wconf 88' lang='lat' dir='ltr'><strong>ut</strong></span> <span class='ocrx_word' id='word_1_765' title='bbox 2948 4744 3261 4815; x_wconf 88' lang='lat' dir='ltr'><strong>pulchrum,</strong></span> <span class='ocrx_word' id='word_1_766' title='bbox 3324 4753 3385 4799; x_wconf 87' lang='lat' dir='ltr'><strong>ut</strong></span> 
     </span>
    </p>
   </div>
   <div class='ocr_carea' id='block_1_105' title="bbox 1798 4837 3386 4916">
    <p class='ocr_par' dir='ltr' id='par_1_105' title="bbox 1798 4837 3386 4916">
     <span class='ocr_line' id='line_1_106' title="bbox 1798 4837 3386 4916; baseline -0.006 -15"><span class='ocrx_word' id='word_1_767' title='bbox 1798 4846 2103 4916; x_wconf 85' lang='lat' dir='ltr'><strong>sapientem</strong></span> <span class='ocrx_word' id='word_1_768' title='bbox 2168 4854 2222 4897; x_wconf 80' lang='lat' dir='ltr'><strong>et</strong></span> <span class='ocrx_word' id='word_1_769' title='bbox 2295 4841 2610 4905; x_wconf 86' lang='lat' dir='ltr'><strong>amabilem,</strong></span> <span class='ocrx_word' id='word_1_770' title='bbox 2676 4848 2737 4893; x_wconf 91' lang='lat' dir='ltr'><strong>ut</strong></span> <span class='ocrx_word' id='word_1_771' title='bbox 2808 4839 3033 4893; x_wconf 88' lang='lat' dir='ltr'><strong>deorum</strong></span> <span class='ocrx_word' id='word_1_772' title='bbox 3093 4837 3286 4901; x_wconf 88' lang='lat' dir='ltr'><strong>Deum,</strong></span> <span class='ocrx_word' id='word_1_773' title='bbox 3323 4844 3386 4891; x_wconf 82' lang='lat' dir='ltr'><strong>ut</strong></span> 
     </span>
    </p>
   </div>
   <div class='ocr_carea' id='block_1_106' title="bbox 1802 4930 3385 4995">
    <p class='ocr_par' dir='ltr' id='par_1_106' title="bbox 1802 4930 3385 4995">
     <span class='ocr_line' id='line_1_107' title="bbox 1802 4930 3385 4995; baseline -0.007 -4"><span class='ocrx_word' id='word_1_774' title='bbox 1802 4940 2095 4991; x_wconf 79' lang='grc' dir='ltr'><strong>υιιιιιιιιιιιι</strong></span> <span class='ocrx_word' id='word_1_775' title='bbox 2151 4934 2517 4995; x_wconf 82' lang='lat' dir='ltr'><strong>dominorum,</strong></span> <span class='ocrx_word' id='word_1_776' title='bbox 2550 4943 2609 4985; x_wconf 91' lang='lat' dir='ltr'><strong>ut</strong></span> <span class='ocrx_word' id='word_1_777' title='bbox 2643 4930 2907 4985; x_wconf 84' lang='lat' dir='ltr'><strong>Sanetum</strong></span> <span class='ocrx_word' id='word_1_778' title='bbox 2956 4939 3293 4991; x_wconf 83' lang='lat' dir='ltr'><strong>sanctorum,</strong></span> <span class='ocrx_word' id='word_1_779' title='bbox 3323 4938 3385 4981; x_wconf 84' lang='lat' dir='ltr'><strong>ut</strong></span> 
     </span>
    </p>
   </div>
   <div class='ocr_carea' id='block_1_107' title="bbox 1798 5022 3384 5095">
    <p class='ocr_par' dir='ltr' id='par_1_107' title="bbox 1798 5022 3384 5095">
     <span class='ocr_line' id='line_1_108' title="bbox 1798 5022 3384 5095; baseline -0.008 -10"><span class='ocrx_word' id='word_1_780' title='bbox 1798 5029 2560 5095; x_wconf 54' lang='lat' dir='ltr'><strong>aeternum,utexsistentem,</strong></span> <span class='ocrx_word' id='word_1_781' title='bbox 2596 5033 2655 5077; x_wconf 87' lang='lat' dir='ltr'><strong>ut</strong></span> <span class='ocrx_word' id='word_1_782' title='bbox 2693 5022 3019 5078; x_wconf 72' lang='lat' dir='ltr'><strong>saeculorum</strong></span> <span class='ocrx_word' id='word_1_783' title='bbox 3049 5036 3291 5084; x_wconf 85' lang='lat' dir='ltr'><strong>causam,</strong></span> <span class='ocrx_word' id='word_1_784' title='bbox 3328 5031 3384 5076; x_wconf 82' lang='lat' dir='ltr'><strong>ut</strong></span> 
     </span>
    </p>
   </div>
   <div class='ocr_carea' id='block_1_108' title="bbox 1800 5117 3386 5194">
    <p class='ocr_par' dir='ltr' id='par_1_108' title="bbox 1800 5117 3386 5194">
     <span class='ocr_line' id='line_1_109' title="bbox 1800 5117 3386 5194; baseline -0.008 -15"><span class='ocrx_word' id='word_1_785' title='bbox 1800 5125 1927 5179; x_wconf 60' lang='lat' dir='ltr'><strong>vitae</strong></span> <span class='ocrx_word' id='word_1_786' title='bbox 1956 5125 2289 5194; x_wconf 80' lang='lat' dir='ltr'><strong>largitorem,</strong></span> <span class='ocrx_word' id='word_1_787' title='bbox 2321 5129 2377 5175; x_wconf 86' lang='lat' dir='ltr'><strong>ut</strong></span> <span class='ocrx_word' id='word_1_788' title='bbox 2400 5118 2751 5189; x_wconf 45' lang='lat' dir='ltr'><strong>sapientiam,</strong></span> <span class='ocrx_word' id='word_1_789' title='bbox 2778 5125 2836 5170; x_wconf 86' lang='lat' dir='ltr'><strong>ut</strong></span> <span class='ocrx_word' id='word_1_790' title='bbox 2856 5123 3116 5180; x_wconf 84' lang='lat' dir='ltr'><strong>mentem,</strong></span> <span class='ocrx_word' id='word_1_791' title='bbox 3140 5124 3197 5168; x_wconf 89' lang='lat' dir='ltr'><strong>ut</strong></span> <span class='ocrx_word' id='word_1_792' title='bbox 3217 5117 3386 5167; x_wconf 85' lang='lat' dir='ltr'><strong>ratio-</strong></span> 
     </span>
    </p>
   </div>
   <div class='ocr_carea' id='block_1_109' title="bbox 1802 5205 3386 5284">
    <p class='ocr_par' dir='ltr' id='par_1_109' title="bbox 1802 5205 3386 5284">
     <span class='ocr_line' id='line_1_110' title="bbox 1802 5205 3386 5284; baseline -0.007 -15"><span class='ocrx_word' id='word_1_793' title='bbox 1802 5230 1953 5281; x_wconf 88' lang='lat' dir='ltr'><strong>nem,</strong></span> <span class='ocrx_word' id='word_1_794' title='bbox 1996 5227 2055 5268; x_wconf 91' lang='lat' dir='ltr'><strong>ut</strong></span> <span class='ocrx_word' id='word_1_795' title='bbox 2087 5214 2447 5284; x_wconf 76' lang='lat' dir='ltr'><strong>cognitorem,</strong></span> <span class='ocrx_word' id='word_1_796' title='bbox 2473 5224 2531 5265; x_wconf 84' lang='lat' dir='ltr'><strong>ut</strong></span> <span class='ocrx_word' id='word_1_797' title='bbox 2558 5225 2750 5267; x_wconf 88' lang='lat' dir='ltr'><strong>omnes</strong></span> <span class='ocrx_word' id='word_1_798' title='bbox 2791 5208 2974 5264; x_wconf 86' lang='lat' dir='ltr'><strong>omnis</strong></span> <span class='ocrx_word' id='word_1_799' title='bbox 2994 5207 3231 5262; x_wconf 81' lang='lat' dir='ltr'><strong>scientiae</strong></span> <span class='ocrx_word' id='word_1_800' title='bbox 3265 5205 3386 5259; x_wconf 79' lang='lat' dir='ltr'><strong>the-</strong></span> 
     </span>
    </p>
   </div>
   <div class='ocr_carea' id='block_1_110' title="bbox 1805 5303 3386 5376">
    <p class='ocr_par' dir='ltr' id='par_1_110' title="bbox 1805 5303 3386 5376">
     <span class='ocr_line' id='line_1_111' title="bbox 1805 5303 3386 5376; baseline -0.01 -12"><span class='ocrx_word' id='word_1_801' title='bbox 1805 5323 1995 5364; x_wconf 86' lang='lat' dir='ltr'><strong>sauros</strong></span> <span class='ocrx_word' id='word_1_802' title='bbox 2026 5315 2397 5376; x_wconf 78' lang='lat' dir='ltr'><strong>superantem,</strong></span> <span class='ocrx_word' id='word_1_803' title='bbox 2431 5314 2490 5360; x_wconf 91' lang='lat' dir='ltr'><strong>ut</strong></span> <span class='ocrx_word' id='word_1_804' title='bbox 2525 5304 2847 5374; x_wconf 84' lang='lat' dir='ltr'><strong>potentiam,</strong></span> <span class='ocrx_word' id='word_1_805' title='bbox 2883 5309 2941 5357; x_wconf 90' lang='lat' dir='ltr'><strong>ut</strong></span> <span class='ocrx_word' id='word_1_806' title='bbox 2980 5308 3277 5370; x_wconf 85' lang='lat' dir='ltr'><strong>potentem,</strong></span> <span class='ocrx_word' id='word_1_807' title='bbox 3325 5303 3386 5349; x_wconf 88' lang='lat' dir='ltr'><strong>ut</strong></span> 
     </span>
    </p>
   </div>
   <div class='ocr_carea' id='block_1_111' title="bbox 1808 5389 3389 5471">
    <p class='ocr_par' dir='ltr' id='par_1_111' title="bbox 1808 5389 3389 5471">
     <span class='ocr_line' id='line_1_112' title="bbox 1808 5389 3389 5471; baseline -0.011 -15"><span class='ocrx_word' id='word_1_808' title='bbox 1808 5402 2008 5471; x_wconf 72' lang='lat' dir='ltr'><strong>Regem</strong></span> <span class='ocrx_word' id='word_1_809' title='bbox 2071 5414 2280 5469; x_wconf 88' lang='lat' dir='ltr'><strong>regum,</strong></span> <span class='ocrx_word' id='word_1_810' title='bbox 2333 5407 2394 5451; x_wconf 90' lang='lat' dir='ltr'><strong>ut</strong></span> <span class='ocrx_word' id='word_1_811' title='bbox 2444 5398 2734 5466; x_wconf 81' lang='lat' dir='ltr'><strong>antiquum</strong></span> <span class='ocrx_word' id='word_1_812' title='bbox 2773 5395 3008 5457; x_wconf 87' lang='lat' dir='ltr'><strong>dierum,</strong></span> <span class='ocrx_word' id='word_1_813' title='bbox 3036 5400 3095 5445; x_wconf 92' lang='lat' dir='ltr'><strong>ut</strong></span> <span class='ocrx_word' id='word_1_814' title='bbox 3129 5389 3389 5443; x_wconf 83' lang='lat' dir='ltr'><strong>immuta-</strong></span> 
     </span>
    </p>
   </div>
   <div class='ocr_carea' id='block_1_112' title="bbox 1816 5478 3385 5558">
    <p class='ocr_par' dir='ltr' id='par_1_112' title="bbox 1816 5478 3385 5558">
     <span class='ocr_line' id='line_1_113' title="bbox 1816 5478 3385 5558; baseline -0.011 -11"><span class='ocrx_word' id='word_1_815' title='bbox 1816 5493 2000 5558; x_wconf 83' lang='lat' dir='ltr'><strong>bilem,</strong></span> <span class='ocrx_word' id='word_1_816' title='bbox 2022 5501 2206 5547; x_wconf 88' lang='lat' dir='ltr'><strong>utnon</strong></span> <span class='ocrx_word' id='word_1_817' title='bbox 2232 5499 2635 5551; x_wconf 83' lang='lat' dir='ltr'><strong>senescentem,</strong></span> <span class='ocrx_word' id='word_1_818' title='bbox 2654 5498 2713 5542; x_wconf 85' lang='lat' dir='ltr'><strong>ut</strong></span> <span class='ocrx_word' id='word_1_819' title='bbox 2734 5487 2987 5547; x_wconf 85' lang='lat' dir='ltr'><strong>salutem,</strong></span> <span class='ocrx_word' id='word_1_820' title='bbox 3016 5489 3075 5536; x_wconf 83' lang='lat' dir='ltr'><strong>ut</strong></span> <span class='ocrx_word' id='word_1_821' title='bbox 3093 5478 3385 5549; x_wconf 85' lang='lat' dir='ltr'><strong>justitiam,</strong></span> 
     </span>
    </p>
   </div>
   <div class='ocr_carea' id='block_1_113' title="bbox 1816 5571 3387 5655">
    <p class='ocr_par' dir='ltr' id='par_1_113' title="bbox 1816 5571 3387 5655">
     <span class='ocr_line' id='line_1_114' title="bbox 1816 5571 3387 5655; baseline -0.011 -13"><span class='ocrx_word' id='word_1_822' title='bbox 1816 5598 1875 5642; x_wconf 80' lang='lat' dir='ltr'><strong>ut</strong></span> <span class='ocrx_word' id='word_1_823' title='bbox 1902 5587 2267 5655; x_wconf 80' lang='lat' dir='ltr'><strong>sanctitatem,</strong></span> <span class='ocrx_word' id='word_1_824' title='bbox 2300 5593 2358 5638; x_wconf 89' lang='lat' dir='ltr'><strong>ut</strong></span> <span class='ocrx_word' id='word_1_825' title='bbox 2389 5581 2844 5653; x_wconf 81' lang='lat' dir='ltr'><strong>redemptionem,</strong></span> <span class='ocrx_word' id='word_1_826' title='bbox 2901 5586 2959 5633; x_wconf 87' lang='lat' dir='ltr'><strong>ut</strong></span> <span class='ocrx_word' id='word_1_827' title='bbox 3013 5571 3387 5643; x_wconf 75' lang='lat' dir='ltr'><strong>magnitudine</strong></span> 
     </span>
    </p>
   </div>
   <div class='ocr_carea' id='block_1_114' title="bbox 187 5885 1694 5961">
    <p class='ocr_par' dir='ltr' id='par_1_114' title="bbox 187 5885 1693 5961">
     <span class='ocr_line' id='line_1_115' title="bbox 187 5885 1693 5961; baseline 0.008 -21"><span class='ocrx_word' id='word_1_828' title='bbox 187 5886 262 5947; x_wconf 72' lang='lat' dir='ltr'><strong>il)</strong></span> <span class='ocrx_word' id='word_1_829' title='bbox 291 5885 445 5940; x_wconf 70' lang='grc' dir='ltr'><strong>Τοῦτο</strong></span> <span class='ocrx_word' id='word_1_830' title='bbox 470 5891 583 5956; x_wconf 63' lang='grc' dir='ltr'><strong>περὶ</strong></span> <span class='ocrx_word' id='word_1_831' title='bbox 608 5890 862 5959; x_wconf 50' lang='lat' dir='ltr'><strong>scitir-Iw</strong></span> <span class='ocrx_word' id='word_1_832' title='bbox 889 5895 1164 5961; x_wconf 59' lang='grc' dir='ltr'><strong>Ιινενξιςπιτος</strong></span> <span class='ocrx_word' id='word_1_833' title='bbox 1188 5900 1399 5960; x_wconf 70' lang='grc' dir='ltr'><strong>νοτίτέσν.</strong></span> <span class='ocrx_word' id='word_1_834' title='bbox 1444 5898 1609 5954; x_wconf 57' lang='lat' dir='ltr'><strong>Schol.</strong></span> <span class='ocrx_word' id='word_1_835' title='bbox 1642 5900 1693 5952; x_wconf 84' lang='lat' dir='ltr'><strong>in</strong></span> 
     </span>
    </p>
   </div>
   <div class='ocr_carea' id='block_1_115' title="bbox 1799 5885 2091 5961">
    <p class='ocr_par' dir='ltr' id='par_1_115' title="bbox 1799 5898 2091 5955">
     <span class='ocr_line' id='line_1_116' title="bbox 1799 5898 2091 5955; baseline 0.003 -5"><span class='ocrx_word' id='word_1_836' title='bbox 1799 5914 1823 5950; x_wconf 46' lang='grc' dir='ltr'><strong>η.</strong></span> <span class='ocrx_word' id='word_1_837' title='bbox 1856 5898 2009 5955; x_wconf 62' lang='lat' dir='ltr'><strong>Mosa.</strong></span> <span class='ocrx_word' id='word_1_838' title='bbox 2047 5902 2091 5952; x_wconf 83' lang='lat'><strong>1.</strong></span> 
     </span>
    </p>
   </div>
  </div>
