3838 6540
511 410 613 479 191

1751 411 2122 473 EUTIIYMII
2163 409 2516 470 ZlGABENl
3663 405 3752 468 19.3

507 520 770 578 omnibus
808 519 1195 586 excellentem,
1230 528 1291 575 ut
1329 534 1452 575 cum
1479 520 1533 574 in
1571 535 1701 575 aura
1729 521 1897 581 tenui,
1926 531 2087 590 atque

2208 535 2371 588 ςμιον,
2393 517 2771 587 περικόσμιον,
2791 516 3204 588 ὑπερθυράνιον,
3231 517 3328 570 ὑπε
3342 516 3576 587 ροὺσιον,
3597 520 3762 588 ἧλον,

506 614 644 668 adeo
673 615 728 668 in
751 613 1027 668 mentibus
1067 613 1246 682 ipsum
1276 627 1399 667 esse
1439 613 1657 678 dicunt,
1697 622 1751 667 et
1786 613 1838 665 in
1887 613 2084 665 animis

506 706 642 758 etin
676 703 1019 773 corporibus,
1052 715 1106 758 et
1133 704 1186 756 in
1215 703 1376 770 caelo,
1419 703 1546 758 etin
1608 712 1774 764 terra,
1810 713 1863 756 et
1922 702 2088 756 simul

509 793 566 846 itt
599 795 815 859 eodem,
875 794 1127 860 eumdem
1177 795 1233 849 in
1292 795 1516 856 mundo,
1573 808 1736 863 supra
1801 794 2088 858 mundum,

2203 613 2434 682 ἀστέρα,
2501 610 2636 681 πῦρ,
2697 609 2881 680 ὕδωρ,
2933 609 3182 678 πνεῦμα,
3225 610 3452 681 δρόσον,
3517 615 3768 684 νεφέλην,

2198 704 2501 774 αὑτὸλιοον,
2533 703 2628 755 καὶ
2654 702 2880 774 πέτραν,
2913 703 3005 754 καὶ
3035 702 3212 756 πάντα
3241 703 3308 756 τὰ
3329 702 3478 768 ὅντα,
3506 706 3601 757 καὶ
3623 707 3768 758 οὐδὲν

2196 797 2305 848 τῶν
2346 795 2534 848 ὄντων.

506 886 654 941 circa
713 889 1022 952 mundum,
1088 887 1226 944 cmlo
1285 889 1643 956 superiorem,
1678 887 2111 958 prmstanliorem
2155 891 2418 954 essentia,
2453 893 2643 957 solem,
2700 891 3160 962 stcllam,igncm,
3206 906 3424 960 aquam,
3493 890 3765 960 spiritum,

505 993 712 1041 rorem,
755 980 1181 1050 nubem,ipsum
1205 979 1462 1050 lapidem,
1498 989 1553 1036 et
1580 990 1812 1050 petram,
1864 991 1918 1035 et
1973 983 2158 1036 omnia
2211 1000 2331 1054 qua:
2400 995 2529 1040 sunt
2562 996 2618 1040 et
2654 987 2790 1040 nihil
2825 1001 3011 1040 eorum
3040 1001 3159 1054 qua:
3199 993 3347 1040 sunt.

503 1089 634 1145 Itcnt
651 1093 1074 1164 deappeilatione
1095 1096 1296 1170 divine,
1325 1094 1505 1170 Magni
1520 1095 1763 1170 _Greqorii
1781 1095 2020 1170 Tlteologi
2035 1113 2100 1152 ea:

994 1168 1228 1221 oratione
1254 1165 1290 1219 2
1329 1164 1598 1220 De’Filio.

576 1320 736 1375 Nullo
767 1323 992 1379 nomine
1024 1325 1292 1389 Divinilas
1327 1333 1508 1398 potest
1539 1328 1842 1383 enuntiari.
1883 1328 1939 1384 ld
1975 1345 2082 1384 non

504 1413 677 1466 solum
712 1415 948 1471 rationes
967 1417 1286 1483 ostendunt,
1321 1409 1505 1476 verum
1538 1421 1703 1476 etiam
1739 1422 2087 1479 Hebraeorum

504 1505 905 1573 sapientissimi
941 1518 996 1562 et
1038 1510 1420 1576 vetustissimi,
1483 1515 1658 1582 quoad
1711 1515 1828 1568 ﬁeri
1892 1516 2099 1594 potuit.

506 1595 876 1665 declararunt,
904 1601 1108 1671 quippe
1155 1602 1246 1672 qui
1283 1604 1524 1675 propriis
1561 1605 1888 1674 quibusdam
1955 1609 2099 1663 notis

505 1701 630 1741 eum
679 1691 921 1744 venerati
971 1701 1123 1756 sunt,
1193 1709 1297 1748 nec
1363 1699 1751 1765 permiserunt,
1795 1708 1855 1752 ut
1894 1699 2100 1753 eisdem

508 1777 712 1833 litteris
743 1796 828 1844 ea,
857 1796 976 1849 quae
1012 1791 1133 1851 post
1159 1781 1326 1838 Deum
1359 1794 1510 1845 sunt.
1545 1795 1598 1840 et
1624 1786 1737 1856 ipse
1766 1788 1907 1842 Deus
1949 1788 2091 1842 indi-

2204 1079 2551 1158 ’Ἔτι-,τςερὶ⁸
2580 1082 2936 1158 ρεωιηξμίας.
2971 1080 3092 1158 Δτοῦ
3119 1079 3402 1158 ’,(ιεγάἒιου
3443 1079 3769 1158 Γρῃγοριόρ

2269 1150 2702 1272 11.013.880.1de
2738 1152 2806 1202 ἐκ
2825 1150 2929 1204 τοῦ
2959 1148 3244 1218 δευτέρου
3265 1152 3456 1218 λόγου
3487 1149 3610 1202 τῶν
3639 1151 3767 1218 περὶ

2323 1239 2440 1272 ιου.

2323 1239 2440 1273 ιου.

2267 1313 2342 1364 Τὸ
2404 1310 2548 1364 οεῐον
2612 1309 3079 1380 ἀκατονόμαστον.
3134 1308 3245 1364 Καὶ
3299 1309 3460 1363 τοῦτο
3517 1311 3766 1380 δηλοῦσιν

2195 1403 2296 1472 οὐχ
2341 1403 2389 1456 oi
2416 1402 2669 1472 λογισμοὶ
2697 1402 2881 1471 μόνον,
2908 1401 3046 1456 ἀλλὰ
3070 1403 3164 1456 καὶ
3203 1403 3479 1474 Ἐϐραίων
3508 1404 3557 1456 0i
3594 1404 3769 1474 σοφώ-

2197 1511 2350 1548 τατοι
2393 1497 2488 1548 καὶ
2542 1495 2918 1560 παλαιότατοι,
2969 1496 3094 1548 ὅσον
3146 1495 3413 1562 εἰκάζειν,
3464 1496 3674 1560 ἔδοξαν.
3710 1499 3767 1549 0!

2198 1588 2308 1657 γὰρ
2343 1587 2725 1660 χαρακτῆρσιν
2772 1589 2924 1650 ἰδίοις
2975 1587 3036 1640 τὸ
3071 1587 3215 1640 θεῖον
3261 1589 3617 1658 τιμήσαντες,
3650 1589 3766 1642 οὐδὲ

2198 1680 2518 1751 γράμμασιν
2549 1681 2908 1751 ἀνασχόμενοι
2943 1682 3057 1743 τοῖς
3105 1679 3292 1743 αὐτοῖς
3348 1680 3479 1733 ἄλλο
3524 1696 3579 1732 τι
3631 1681 3766 1750 γρά-

2201 1773 2396 1842 φεσθαι
2423 1773 2532 1826 τῶν
2561 1774 2701 1845 μετὰ
2735 1773 2890 1836 Θεὸν,
2929 1773 3025 1827 καὶ
3056 1773 3213 1837 Θεὸν,
3265 1773 3339 1836 ὡς
3373 1775 3497 1826 δέον
3529 1772 3762 1826 ἀκοινώ-

515 1881 756 1933 caretur,
784 1873 940 1938 quasi
968 1881 1218 1940 oporteat
1247 1873 1302 1927 in
1349 1874 1456 1930 hoc
1521 1878 1682 1930 etiam
1744 1879 1910 1932 Deum
1970 1895 2095 1933 cum

2208 1883 2358 1933 νητον
2393 1860 2555 1928 εἶναι,
2585 1867 2675 1917 καὶ
2708 1866 2872 1935 μέχρι
2918 1863 3112 1916 τούτου
3147 1864 3207 1915 τὸ
3235 1863 3390 1916 Θεῖον
3422 1867 3534 1926 τοῖς
3561 1863 3764 1933 ἡμετὲ-

507 1959 670 2012 rebus
699 1961 902 2015 nostris
929 1961 1068 2017 nihil
1101 1965 1304 2020 habere
1333 1981 1645 2022 commune.
1667 1969 1952 2034 Quomodo
2001 1972 2102 2042 igi-

513 2065 605 2116 ιιιι·
638 2051 991 2123 admisissent
1040 2056 1174 2111 tales
1201 2057 1330 2120 viri,
1371 2068 1621 2114 naturam
1665 2061 1805 2115 illam
1829 2062 2097 2118 insolubi-

520 2138 626 2193 lein
690 2151 746 2196 et
797 2158 894 2198 sua
927 2161 986 2199 se
1027 2147 1355 2216 pr0ptictate
1388 2151 1758 2206 continentem
1781 2170 1913 2207 voce
1940 2155 2091 2209 solu-

518 2230 610 2284 bili
653 2234 912 2290 declarari
934 2235 960 2292 ἲ
983 2236 1174 2294 Nullus
1193 2255 1430 2310 unquam
1471 2243 1714 2312 profecto
1745 2253 1914 2298 totum
1942 2245 2092 2300 t-ﬂla-

520 2326 841 2392 vitaerem;
882 2344 985 2384 nec
1015 2330 1106 2384 Dei
1150 2335 1444 2388 essentiam
1496 2336 1724 2390 omnino
1779 2337 1866 2391 vel
1926 2354 2083 2393 mens

515 2417 794 2487 concepit,
839 2421 924 2474 vel
954 2437 1056 2476 vox
1085 2426 1522 2494 comprehendit.
1560 2426 1668 2481 Sed
1723 2443 1789 2482 ex
1859 2429 1926 2483 iis
1968 2445 2088 2498 quae

511 2508 656 2561 circa
681 2510 856 2580 ipsum
885 2523 1037 2576 sunt,
1076 2514 1427 2572 Divinitatem
1463 2521 2088 2585 adutnbrantes,obscu-

511 2613 626 2651 ram
650 2601 770 2669 ejus
803 2605 1092 2672 quamdam
1129 2617 1182 2659 et
1236 2617 1455 2664 tenuem
1487 2607 1616 2664 hinc
1640 2595 1766 2666 inde
1799 2612 2088 2682 imaginem

509 2691 834 2762 colligimus.
857 2695 920 2747 Et
953 2697 1043 2751 ille
1071 2698 1280 2766 primus
1301 2715 1328 2752 a
1350 2702 1506 2756 nobis
1560 2703 1847 2772 theologus
1899 2704 2087 2757 existi-

509 2794 713 2850 matur,
745 2801 852 2840 non
885 2787 976 2856 qui
1019 2799 1186 2844 totam
1232 2791 1572 2847 divinitatem
1629 2794 1858 2859 invenit,
1935 2796 2086 2849 nullo

507 2874 656 2930 enim
682 2877 904 2935 vinculo
945 2889 1052 2964 tota
1101 2883 1408 2954 stringitur,
1449 2886 1542 2939 sed
1576 2885 1669 2954 qui
1711 2887 1881 2956 magis
1925 2903 2086 2956 quam

2203 1974 2340 2028 ροις,
2376 1958 2508 2010 πότε
2565 1957 2633 2011 ἂν
2665 1957 2932 2023 δείξαιντο
2970 1955 3206 2025 λυομένη
3261 1957 3413 2024 φωνῇ
3471 1953 3764 2024 δηλοῦσθαι

2199 2048 2299 2120 τὴν
2355 2048 2550 2102 ἄλυτον
2590 2049 2755 2118 φύσιν
2796 2049 2890 2102 καὶ
2939 2048 3271 2111 ἰδιάζουσαν.
3324 2046 3462 2100 Οὔτε
3495 2048 3602 2116 γὰρ
3633 2048 3766 2115 ἀέρι

2197 2156 2284 2204 τις
2336 2140 2600 2192 ἔπνευσεν
2659 2139 2782 2193 ὅλον
2839 2138 3082 2204 πώποτε,
3113 2139 3241 2192 οὔτε
3273 2138 3461 2191 οὐσίαν
3487 2139 3766 2201 παντελῶς

2195 2231 2357 2297 θεοῦ,
2387 2233 2420 2302 ἦ
2459 2232 2584 2296 νοῦς
2625 2231 2968 2304 κεχώρηκεν.
2995 2233 3026 2301 ἢ
3055 2232 3209 2302 φωνὴ
3236 2232 3584 2302 περιέλαϐεν.
3623 2229 3748 2283 Ἀλλ

2193 2325 2260 2378 ἐκ
2297 2326 2407 2378 τῶν
2436 2327 2565 2396 περὶ
2593 2326 2756 2378 αὐτὸν
2792 2324 3269 2396 σκιαγραφοῦντες
3312 2325 3380 2376 τὰ
3415 2325 3536 2376 κατ’
3576 2324 3762 2387 αὑτὸν,

2195 2415 2447 2486 ἀμυδρὰν
2477 2434 2598 2468 τινα
2626 2416 2718 2469 aut
2744 2416 2974 2486 ἀσθενῆ,
3001 2416 3096 2469 καὶ
3123 2415 3291 2485 ἄλλην
3326 2414 3598 2470 ἀπ’ἄλλου
3632 2432 3763 2483 quv-

2193 2511 2387 2561 τασίαν
2419 2509 2772 2578 συλλέγομεν.
2810 2511 2916 2562 Kal.
2969 2503 3126 2572 οὗτος
3187 2509 3413 2578 ἄριστος
3469 2509 3603 2577 ἡμῖν
3652 2507 3765 2560 θεο-

2197 2599 2376 2667 λόγος,
2408 2601 2508 2670 οὐχ
2541 2600 2598 2662 ὃς
2632 2595 2758 2670 εὗρε
2810 2600 2871 2652 τὸ
2899 2601 3030 2664 πᾶν,
3072 2601 3132 2653 οὐ
3169 2601 3279 2670 γὰρ
3311 2599 3528 2669 δέχεται
3564 2599 3631 2651 τὸ
3660 2600 3765 2651 πᾶν

2196 2694 2224 2744 ὁ
2255 2692 2475 2762 δεσμὸς,
2504 2693 2618 2746 ἀλλ’
2661 2693 2722 2756 ὃς
2787 2694 2883 2746 ἐὰν
2928 2694 3090 2747 ἄλλου
3127 2694 3408 2763 φαντασθῇ
3446 2691 3633 2757 πλέον,
3677 2695 3766 2746 καὶ

2195 2789 2377 2841 πλεῖον
2412 2790 2468 2840 ἐν
2495 2789 2674 2859 ἑαυτῷ
2707 2788 2988 2858 συναγάγῃ
3016 2788 3075 2840 τὸ
3101 2788 3196 2856 τῆς
3229 2785 3487 2857 ἀληθείας
3511 2785 3760 2855 ῐνδαλμα,

2196 2885 2229 2956 ἢ
2271 2884 2644 2953 ἀποσκίασμα,
2671 2883 2704 2953 ἦ
2733 2886 2760 2936 ὃ
2797 2902 2851 2936 τι
2882 2883 2977 2936 καὶ
2999 2883 3364 2952 ὀνομάζομεν.

507 2967 649 3024 alius
686 2971 1068 3042 cogitationem
1125 2975 1437 3043 intendens,
1486 2980 1749 3048 majorem
1805 2981 2049 3036 veritatis
2089 2981 2207 3034 sive
2264 2979 2698 3042 similitudinem,
2728 2978 2843 3033 sive
2888 2976 3162 3040 umbram,
3201 2977 3320 3032 sive
3377 2977 3431 3034 id
3458 2977 3566 3034 alio
3608 2975 3766 3031 modo

451 3093 455 3097 -
513 3062 597 3117 vis
631 3063 929 3135 appellare,
963 3070 1148 3127 animo
1188 3073 1588 3143 complectitur.

588 3154 869 3221 Quantum
931 3173 1062 3230 ergo
1110 3162 1268 3216 nobis
1325 3165 1538 3234 assequi
1593 3181 1914 3222 concessum
1981 3176 2085 3231 est,
2121 3177 2164 3236 (ς

515 3248 648 3312 Eua,
722 3261 777 3304 et
845 3251 1012 3315 Deus,
1093 3255 1268 3326 magis
1354 3259 1758 3328 quodammodo
1836 3263 2092 3317 essentia:

521 3337 746 3393 nomina
777 3348 940 3406 sunt;
985 3356 1052 3396 ex
1098 3343 1277 3414 iisque
1316 3349 1482 3402 etiam
1538 3364 1664 3415 vox,
1704 3347 1836 3414 Ens,
1872 3351 1938 3405 ad
1968 3367 2089 3405 eam

523 3427 870 3482 indicandam
926 3431 1105 3501 aptior
1167 3445 1287 3500 est;
1321 3453 1427 3492 non
1478 3439 1581 3495 hoc
1637 3441 1812 3496 solum
1848 3443 2090 3508 nomine,

425 3596 433 3604 ι
522 3521 665 3587 quod
696 3521 832 3591 ipse,
882 3538 1003 3577 cum
1056 3523 1221 3598 Moysi
1254 3529 1307 3583 in
1333 3541 1518 3586 monte
1559 3534 1847 3588 oraculum
1885 3535 2090 3596 ederet.

523 3624 904 3685 quaereretque
925 3617 1032 3681 ille,
1055 3633 1162 3687 quo
1183 3623 1404 3678 nomine
1422 3635 1736 3690 vocaretur,
1760 3626 1831 3680 ita
1853 3628 2094 3697 seipsum

539 3707 844 3777 appellavit,
890 3711 1106 3764 ediccns
1147 3712 1395 3767 Videlicet
1431 3715 1499 3778 ei,
1545 3723 1601 3765 ut
1640 3715 1707 3767 ad
1732 3713 1978 3782 populum
2004 3713 2091 3768 his

528 3803 706 3856 verbis
740 3815 1026 3858 uteretur:
1063 3805 1166 3869 Qui
1216 3815 1312 3872 est,
1361 3808 1496 3860 misit
1554 3823 1632 3860 me
1675 3809 1728 3870 ¹;
1786 3805 1878 3858 sed
1933 3806 2092 3858 etiam

530 3894 655 3959 quia
689 3908 880 3948 nomen
909 3894 1033 3949 illud
1058 3897 1228 3965 nugis
1267 3900 1539 3966 proprium
1567 3914 1685 3950 esse
1709 3897 2093 3964 comperimus.

533 3984 788 4046 Quamvis
992 3989 1132 4040 enim
1167 3987 1262 4040 Dei
1287 4005 1408 4052 vox,
1444 3990 1523 4042 vel
1555 4005 1582 4040 a
1618 3990 1780 4040 verho
1821 3988 1985 4051 Οὲειν,
2019 3987 2098 4040 vel

534 4075 600 4128 ab
617 4073 809 4138 αἴθειν,
828 4085 884 4130 ut
911 4088 1095 4144 putant
1120 4077 1208 4146 qui
1239 4080 1289 4132 in
1319 4080 1418 4132 hoc
1449 4094 1642 4148 genere
1668 4078 1766 4130 sibi
1799 4077 1917 4130 sciti
1944 4089 2102 4145 atque

534 4166 706 4232 arguti
731 4167 998 4230 videntur,
1034 4169 1132 4222 hoc
1157 4181 1258 4232 est,
1290 4186 1317 4221 a
1348 4170 1624 4230 currendo,
1664 4167 1744 4220 vel
1779 4167 1845 4219 ab
1877 4169 2097 4226 urendo,

537 4255 799 4309 rationem
837 4258 1061 4326 originis
1091 4274 1201 4312 suae
1241 4261 1422 4322 ducat,
1448 4267 1667 4328 propter
1704 4269 1878 4310 motus
1906 4271 2100 4326 perpc‘

539 4347 800 4411 luitatctn,
832 4359 885 4402 et
929 4351 1068 4418 quod
1113 4350 1332 4404 vitiosos
1372 4351 1582 4403 habitus
1642 4357 1919 4401 consumat
1953 4352 2095 4415 (nam

2208 4354 2335 4424 γὰρ,
2369 4353 2520 4422 φησὶ,
2560 4355 2791 4420 Κύριος,
2845 4355 2874 4404 ό
2925 4353 3068 4414 Θεός
3101 4366 3215 4402 σου
3241 4368 3252 4379 ·
3302 4349 3478 4402 τοῦτό

537 4437 661 4492 hinc
691 4455 903 4508 quoque
932 4443 1068 4512 ignis
1101 4458 1422 4497 consumens
1471 4443 1667 4496 dicitur
1699 4441 1777 4512 '),
1817 4455 1879 4494 ex
1913 4456 2098 4496 coruzu

539 4537 716 4583 tamen
751 4547 974 4586 nurnero
1004 4543 1110 4596 est,
1143 4549 1262 4601 quae
1295 4535 1358 4587 ad
1395 4533 1592 4602 aliquid
1637 4534 1970 4593 referuntur,
2003 4547 2098 4584 nec

537 4619 704 4673 libera
740 4631 795 4676 et
817 4625 1058 4678 ahsoluta
1091 4635 1203 4689 est;
1235 4626 1681 4692 quemadmodum
1715 4639 1814 4678 nec
1846 4639 1943 4676 νοτ(
1977 4624 2097 4688 ista,

537 4709 814 4779 Dominus,
856 4731 974 4784 qua:
1027 4715 1124 4768 Dei
1181 4731 1393 4784 quoque
1445 4731 1637 4768 nomen
1705 4731 1825 4768 esse
1880 4714 2098 4769 dicitur.

537 4798 651 4868 Ego
679 4804 836 4870 enim,
869 4805 1064 4873 inquit,
1111 4805 1361 4858 Dominus
1402 4804 1538 4856 Deus
1595 4816 1713 4856 (nus
1743 4805 1878 4856 :ltoc
1930 4819 2099 4856 meum

538 4907 723 4946 nomen
754 4907 827 4948 est
866 4898 925 4960 ³,
963 4907 1034 4960 et,
1069 4897 1320 4949 Dominus
1354 4913 1536 4948 nomen
1565 4895 1662 4964 ipsi
1711 4899 1749 4947 δ.
1775 4895 1845 4947 At
1885 4911 1981 4949 nos
2006 4911 2102 4947 na-

539 4970 710 5040 turam
751 4989 1012 5059 ejusmodi
1049 4991 1401 5057 exquirimus,
1431 5004 1549 5057 qua:
1609 4989 1781 5058 ipsum
1840 5004 1958 5043 esse
2009 5005 2102 5057 per

537 5097 684 5145 vero,
717 5087 986 5153 proprium
1018 5102 1148 5140 sane
1181 5097 1264 5140 est
1303 5085 1416 5151 Dei,
1455 5102 1518 5141 ac
1566 5095 1756 5150 totum,
1790 5101 1888 5140 nec
1916 5087 2093 5154 priore

538 5176 816 5232 deﬁnitum
853 5196 913 5233 ac
940 5181 1340 5235 circumcisum.

799 5276 916 5327 Alia
961 5285 1137 5329 autem
1185 5276 1398 5329 nomina
1438 5279 1630 5345 partim
1674 5277 1953 5347 potestatis
1987 5293 2106 5332 esse

541 5374 772 5419 constat.
803 5366 998 5432 partim
1033 5366 1365 5433 (econontia',
1394 5376 1446 5420 ct
1490 5367 1705 5435 quidem
1731 5368 1992 5437 duplicis;
2031 5368 2106 5420 al—

543 5457 712 5508 terius
755 5455 1008 5509 nimirum
1061 5471 1290 5522 corpore
1335 5457 1686 5521 sublimioris,
1719 5459 1943 5514 alterius
1983 5476 2104 5513 cum

543 5560 768 5614 corpore
805 5546 1126 5612 conjunctae.
1159 5545 1398 5614 Exempli
1429 5562 1613 5612 causa,
1653 5547 2007 5619 Omnipotens
2049 5549 2102 5612 ⁵,

545 5648 596 5690 et
630 5637 764 5702 ltex,
805 5636 887 5689 νυΙ
929 5635 1113 5705 gloria:
1144 5637 1196 5705 ⁸,
1227 5637 1309 5692 vel
1363 5640 1682 5694 saeculorum
1717 5643 1767 5708 ⁷,
1807 5642 1887 5694 vel
1937 5643 2106 5696 virtu-

619 5761 634 5791 ³
672 5756 840 5812 Exod.
886 5773 985 5819 Ill,
1030 5756 1114 5814 Η.

545 5829 731 5886 ‘I’sal.
768 5843 924 5898 xxiii,
959 5829 1042 5886 10.

1228 5759 1246 5788 ²
1277 5757 1431 5815 Deut.
1473 5774 1550 5822 IV,
1583 5759 1672 5815 2i.

1120 5831 1138 5863 ⁷
1175 5830 1192 5886 l
1232 5828 1373 5884 Tim.
1410 5846 1446 5898 I,
1485 5830 1570 5885 Π.

1778 5760 1796 5790 ⁸
1825 5757 1923 5815 lsa.
1967 5773 2111 5826 ιιι-ιι,
2147 5764 2201 5826 8.

2271 3165 2435 3219 Ὅσον
2463 3163 2508 3218 δ’
2542 3159 2634 3218 οὖν
2678 3165 2742 3217 ὲκ
2791 3163 2900 3218 τῶν
2951 3165 3084 3235 ἡμῖν
3121 3165 3378 3234 ἐφικτῶν,
3423 3169 3456 3220 ὀ
3509 3167 3613 3237 μὲν
3659 3165 3760 3232 ὢν,

2193 3258 2286 3311 καὶ
2319 3261 2350 3313 ό
2387 3257 2552 3322 Θεὸς,
2586 3257 2789 3327 μᾶλλόν
2822 3273 2938 3321 πως
2982 3257 3080 3326 τῆς
3110 3259 3296 3318 οὐσίας
3339 3259 3581 3328 ὀνόματα
3606 3273 3623 3290 ⁶
3678 3263 3766 3311 καὶ

2190 3351 2395 3403 τούτων
2441 3350 2642 3418 μᾶλλον
2669 3353 2701 3402 ό
2733 3347 2846 3402 ὤν’
2875 3349 2938 3402 οῦ
2969 3349 3126 3419 μόνον
3147 3351 3230 3403 ὅτι
3256 3349 3334 3420 τῷ
3365 3351 3593 3404 Μωῦσεῖ
3633 3369 3767 3421 χρη-

2195 3443 2438 3512 ματίζων
2471 3443 2565 3494 ἐπὶ
2594 3442 2684 3495 τοῦ
2718 3442 2897 3512 ὅρους,
2942 3446 3036 3496 καὶ
3062 3443 3162 3514 τήν
3191 3442 3387 3512 κλῆσιν
3427 3443 3769 3512 ἀπαιτούμε-

2193 3555 2305 3604 νος,
2364 3537 2398 3607 ἦ
2454 3536 2538 3600 τις
2599 3552 2729 3588 ποτε
2789 3536 2896 3606 εἴη,
2959 3533 3118 3588 τοῦτο
3189 3537 3486 3605 προσεῖπεν
3546 3537 3765 3591 ἑαυτὸν.

2206 3630 2270 3683 '0
2296 3629 2381 3682 ὢν
2397 3627 2747 3684 ἀπέστα.1κέ
2771 3645 2870 3697 με,
2894 3627 2972 3697 τῷ
2999 3626 3113 3698 λαῷ
3141 3627 3404 3689 κελεύσας
3423 3629 3624 3681 εἰπεῖν’
3655 3628 3769 3682 ἀλλ’

2193 3716 2276 3767 ὅτι
2317 3715 2410 3766 καὶ
2439 3714 2780 3785 κυριωτέραν
2813 3713 3012 3784 ταύτην
3053 3713 3397 3782 εὑρίσκομεν.
3435 3712 3499 3762 Ἡ
3534 3711 3640 3778 μὲν
3670 3715 3775 3777 γαρ

2203 3804 2295 3860 τοῦ
2323 3806 2490 3868 Θεοῦ,
2519 3805 2618 3858 κᾶν
2642 3805 2748 3858 ἀπὸ
2767 3804 2860 3858 τοῦ
2885 3803 3060 3866 θέειν,
3087 3803 3119 3874 ἢ
3141 3804 3349 3866 αἴθειν,
3377 3800 3776 3870 ἠτυμολόγηται

2203 3901 2315 3959 τοῖς
2351 3898 2480 3968 περὶ
2510 3897 2682 3950 ταῦτα
2712 3895 2961 3966 κομψοῖς,
3005 3895 3094 3948 διὰ
3128 3896 3188 3946 τὸ
3225 3894 3531 3962 ἀεικίνητον
3567 3895 3667 3945 καὶ
3688 3892 3778 3943 δα-

2205 3987 2502 4057 πανητικόν
2547 3988 2653 4042 τῶν
2689 3987 2973 4058 μοχθηρῶν
3013 3987 3199 4052 ἕξεων,
3225 3986 3317 4036 καὶ
3348 3984 3456 4052 γὰρ
3497 3981 3611 4052 πῦρ
3651 3997 3776 4033 κατ-

2205 4079 2492 4133 αναλίσκον
2542 4079 2790 4132 ἐντεῦθεν
2840 4079 3074 4147 λέγεται,
3117 4077 3230 4130 ἀλλ’
3289 4073 3382 4130 οὖν
3413 4076 3520 4127 τῶν
3557 4074 3701 4144 πρὸς
3731 4090 3780 4123 τι

2204 4171 2511 4240 λεγομένων
2539 4171 2675 4232 ἐστὶ,
2705 4171 2796 4224 καὶ
2824 4173 2922 4224 οὐκ
2940 4172 3152 4239 ἄφετος·
3177 4169 3363 4237 ὥσπερ
3387 4167 3480 4219 καὶ⁵
3501 4169 3533 4235 ἡ
3560 4167 3782 4232 Κύριος

2208 4263 2382 4333 φωνὴ,
2417 4262 2590 4333 ὄνομα
2624 4259 2759 4315 εἶναι
2802 4262 2937 4314 Θεοῦ
2984 4261 3078 4314 καὶ
3108 4259 3242 4329 αὐτὴ
3291 4257 3592 4327 λεγομένηο
3634 4254 3784 4321 Ἐγὼ

3662 4356 3782 4411 μου

2205 4441 2377 4494 ἐστὶν
2400 4442 2615 4509 ὄνομα·
2651 4443 2763 4504 καὶ,
2806 4441 3017 4508 Κύριος
3061 4440 3248 4507 ὄνομα
3282 4437 3462 4502 αὐτῷ.
3499 4434 3786 4505 Ἡμεῖςδὲ

2207 4531 2368 4600 φύσιν
2400 4529 2780 4602 ἐπιζητοῦμεν,
3028 4529 3090 4583 τὸ
3133 4526 3272 4581 εἶναι
3313 4527 3434 4582 καθ’
3463 4524 3649 4588 ἑαυτὸ,
3694 4524 3786 4574 καὶ

2208 4625 2309 4676 οὐκ
2347 4625 2489 4694 ἄλλῳ
2534 4623 2944 4694 συνδεδεμένον·
2988 4623 3050 4675 τὸ
3093 4623 3147 4676 δὲ
3176 4621 3272 4683 ὃν,
3455 4620 3584 4673 ἴδιον
3613 4617 3786 4677 ὅντως

2209 4715 2368 4775 Θεοῦ,
2402 4716 2494 4768 καὶ
2524 4715 2662 4778 ὅλον,
2713 4716 2851 4786 μήτε
2895 4714 2972 4786 τῷ
3002 4713 3108 4785 πρὸ
3140 4711 3325 4774 αὐτοῦ,
3368 4712 3502 4782 μήτε
3546 4708 3630 4778 τῷ
3671 4707 3787 4778 μετ’

2206 4807 2384 4867 αὑτὸν,
2420 4808 2482 4858 οὐ
2523 4806 2630 4879 γὰρ
2675 4803 2763 4879 ἦν,
2798 4807 2830 4877 ἢ
2876 4807 3058 4871 ἔσται,
3100 4803 3502 4876 περατούμενον
3543 4799 3578 4870 ἧ
3631 4816 3794 4868 περι-

2209 4912 2272 4946 κο
2281 4895 2562 4965 πτόμενον.

2143 5005 2201 5043 se
2226 4991 2439 5054 habeat,
2479 5005 2541 5045 ac
2571 5007 2674 5044 non
2715 5006 2836 5044 cum
2868 4989 2972 5042 alio
2992 4989 3244 5058 quopiam
3310 4985 3610 5053 copuletur.
3685 4983 3744 5034 Et
3771 4995 3796 5032 s

2134 5086 2313 5155 aliqua
2347 5103 2424 5151 re,
2471 5104 2568 5141 nec
2633 5086 2929 5157 posteriore
2990 5085 3112 5155 (nec
3145 5087 3286 5138 enim
3341 5093 3477 5144 erat,
3506 5086 3600 5132 aut
3637 5077 3796 5141 erit),

2420 5274 2540 5324 Τῶν
2569 5272 2612 5324 δ’
2643 5271 2817 5324 ἄλλων
2857 5260 3252 5338 προσηξκοριῶν,
3292 5267 3347 5318 αἱ
3389 5265 3486 5334 μὲν
3513 5263 3614 5334 τῆς
3645 5264 3803 5329 ἐξου-

2216 5366 2336 5429 σίας
2368 5365 2473 5417 εξσὶ
2511 5362 2821 5435 προφανῶς,
2859 5362 2914 5412 αἱ
2947 5360 3002 5412 δὲ
3045 5360 3140 5430 τῆς
3181 5359 3488 5428 οἰκονομίας
3519 5397 3535 5424 ,
3710 5356 3804 5408 καὶ

2213 5459 2414 5529 ταύτης
2433 5456 2613 5524 διττῆς
2633 5472 2644 5484 °
2672 5454 2771 5522 τῆς
2807 5453 2904 5524 μὲν
2933 5453 3070 5523 ὑπὲρ
3099 5451 3158 5505 τὺ
3187 5451 3364 5520 σῶμα.
3393 5451 3486 5520 τῆς
3510 5449 3564 5503 δὲ
3596 5451 3664 5501 ὲν
3695 5449 3801 5500 σιξ,-

2217 5568 2344 5621 ματι
2369 5566 2383 5579 ο
2414 5543 2524 5601 οἷον
2569 5549 2598 5598 ὁ
2649 5546 2745 5616 μὲν
2790 5545 3207 5615 Παντοκράτωρ,
3254 5543 3346 5595 καὶ
3376 5543 3404 5594 ὁ
3446 5537 3744 5603 Βασιλεὺς,
3774 5545 3805 5607 η

2214 5641 2314 5710 τῆς
2337 5639 2513 5708 δόξης,
2547 5637 2579 5707 ἢ
2606 5636 2711 5688 τῶν
2733 5634 2965 5699 αἰώνων,
2990 5637 3021 5705 ἦ
3044 5636 3149 5687 τῶν
3170 5635 3471 5704 δυνάμεων,
3496 5632 3528 5702 ἢ
3707 5630 3805 5682 τοῦ

2310 5759 2326 5789 ⁵
2359 5757 2527 5813 Amos
2575 5773 2652 5827 lx,
2681 5759 2746 5826 6;
2792 5757 2938 5814 l'sal.
2975 5771 3136 5822 vau,
3171 5756 3221 5808 5.
3341 5754 3360 5784 ⁸
3394 5752 3564 5807 Exod.
3621 5771 3725 5822 xv,
3787 5757 3817 5809 3
