3954 6568
100 428 193 490 133

1079 433 1452 497 PANOPLIA
1489 437 1944 502 DOGMATICA.
1987 467 2055 481 -
2087 441 2241 502 TlT-
2277 441 2346 500 V-

3233 439 3338 502 194

108 539 404 610 ἀγαπητοῦ,
453 541 489 610 ἢ
554 539 658 594 τῶν
709 539 1127 611 βασιλευόντων·
1173 547 1266 599 καὶ
1306 549 1334 600 ό
1381 549 1604 620 Κύριος,
1634 556 1668 620 η

1773 554 1878 598 ιιιηι
1914 549 1960 608 ι,
1995 546 2077 600 vel
2123 547 2304 600 dilecti
2337 551 2389 611 ’,
2426 545 2506 602 vel
2537 548 2876 619 regnantium
2911 555 2952 604 ³.
2977 549 3109 605 Item
3149 550 3331 608 Domi-

110 631 351 694 Σαϐαὼθ,
529 634 662 706 ὅπερ
693 633 809 686 ἐστὶ
849 636 1135 706 στρατιῶν,
1167 638 1200 709 ἦ
1236 639 1344 693 τῶν
1367 639 1668 712 δυνάμεων,

111 725 137 793 ἦ
163 723 264 776 τῶν
291 724 678 793 κυριευόντων.
705 725 890 780 Ταῦτα
925 727 1024 796 μὲν
1056 729 1240 798 σαφῶς
1267 732 1365 802 τῆς
1398 733 1666 800 ἐξουσίας.

89 849 101 872 .;
120 815 170 865 '0
201 813 253 866 δὲ
282 814 451 878 Θεὸς,
484 815 520 886 ἢ
550 814 640 867 τοῦ
677 815 888 882 σώζειν,
917 818 949 889 ἢ
982 820 1335 892 ὲκδικήσεων,
1363 823 1396 893 ἢ
1426 825 1666 896 εἰρήνης,

109 901 541 973 ἣδικαιοσύνης,
575 904 606 975 ἢ
645 905 916 976 Ἀϐραὰμ,
941 910 1035 962 καὶ
1082 910 1285 977 Ἰσαὰκ,
1324 915 1416 967 καὶ
1454 913 1666 982 Ἰακὼϐ,

110 996 191 1046 καὶ
367 996 575 1058 παντὸς
613 997 824 1069 Ἰσραὴλ
852 1000 944 1053 τοῦ
969 1005 1357 1073 πνευματικοῦ,
1385 1009 1479 1061 καὶ
1502 1009 1670 1080 όρῶν·

109 1103 188 1148 τος
233 1085 399 1137 Θεόν³
450 1087 627 1140 ταῦτα
669 1089 725 1142 δὲ
769 1091 868 1160 τῆς
923 1095 1250 1166 οἰκονομίας.
1299 1099 1512 1171 Ἐπειδὴ
1561 1101 1669 1173 γὰρ

109 1179 239 1248 τρισὶ
292 1177 509 1242 τούτοις
554 1179 918 1253 διοικούμεθα,
974 1185 1082 1239 δέει
1133 1206 1192 1240 τε
1239 1191 1540 1261 τιμωρίας,
1577 1198 1672 1248 καὶ

112 1269 365 1338 σωτηρίας
408 1271 613 1334 ἐλπίδι,
647 1273 782 1343 πρὸς
823 1275 878 1327 δὲ
929 1277 1020 1329 καὶ
1072 1279 1259 1351 δόξης,
1301 1283 1396 1334 καὶ
1440 1284 1672 1354 ἀσκήσει

111 1359 206 1409 τῶν
234 1359 464 1429 ἀρετῶν,
509 1361 567 1427 ἐξ
599 1355 672 1414 ὧν
706 1363 911 1417 ταῦτα·
949 1366 1011 1419 τὸ
1059 1370 1158 1438 μὲν
1199 1371 1304 1423 τῶν
1340 1372 1670 1444 ὲκδικήσεων

109 1449 260 1518 ονομα
309 1453 593 1520 οἰκονομεῖ
641 1454 730 1505 τὸν
773 1456 982 1524 φόϐονοι
1009 1460 1069 1512 τὸ
1102 1460 1156 1514 δὲ
1197 1461 1306 1515 τῶν
1353 1464 1665 1534 σωτηριῶν,

108 1540 195 1608 τὴν
224 1538 409 1591 ἐλπίδα
435 1556 449 1569 ο
483 1541 546 1592 τὸ
572 1541 628 1594 δὲ
661 1538 1033 1616 τῶνὰρετῶν,
1067 1549 1164 1620 τὴν
1201 1551 1430 1622 ἄσκησιν
1451 1570 1463 1581 ·
1494 1553 1559 1604 ἵν’
1592 1554 1670 1621 ὡς

109 1631 184 1681 τ’»ν
209 1629 334 1682 Θεὸν
385 1631 444 1686 ἐν
492 1633 672 1705 ἑαυτῷ
701 1636 900 1708 φέρων,
951 1638 979 1689 ό
1023 1640 1227 1693 τούτων
1270 1661 1323 1695 τι
1366 1647 1665 1718 κατορθῶν,

114 1721 293 1790 μᾶλλον
326 1724 622 1794 ἐπείγηται
659 1730 793 1798 πρὸς
832 1730 893 1783 τὸ
929 1731 1151 1800 τέλειον,
1189 1737 1279 1788 καὶ
1311 1737 1409 1809 τὴν
1443 1739 1499 1806 ἐξ
1534 1741 1666 1812 ἁρε-

110 1811 202 1862 τὼν
227 1814 524 1871 οίκείωσιν.
561 1819 746 1873 Ταῦτα
777 1821 876 1891 μὲν
903 1818 996 1877 οὖν
1021 1827 1135 1879 ἐστι
1299 1831 1452 1884 κοινὰ
1481 1833 1665 1907 θεότη-

1765 651 1866 689 nus
1889 636 1967 689 vel
2009 637 2249 691 Sabaoth
2287 637 2334 702 ⁸,
2373 638 2473 693 Imc
2505 647 2610 703 est,
2635 641 2995 706 exercituum,
3025 642 3103 696 vel
3155 645 3330 697 virtu-

1766 738 1876 782 tum
1913 733 1960 793 ⁸,
2003 730 2082 783 vel
2133 731 2526 784 dominantium
2569 734 2614 788 ⁸.
2675 731 2798 786 Haec
2855 734 2973 786 sine
3030 734 3132 786 ulla
3178 735 3334 789 dubi-

1767 822 1966 876 tatione
1999 823 2293 891 potentiam
2329 823 2418 877 Dei
2474 823 2786 879 ostendunt.
2825 822 2961 878 Deus
3011 841 3218 892 rursus,
3248 826 3330 880 vei

1764 913 1942 967 Salvos
1992 913 2219 966 faciendi
2262 915 2309 973 ⁷,
2351 913 2432 966 vel
2488 913 2832 976 ultiouum',
2861 914 2942 968 vel
2991 916 3137 981 pacis
3170 917 3219 978 ³,
3251 915 3330 967 vel

1759 1004 2057 1074 justilire",
2089 1004 2168 1058 vel
2203 1005 2452 1067 Abralm,
2483 1003 2658 1065 Isaac,
2713 1013 2767 1057 et
2816 1001 3072 1065 Iacob“,
3126 1004 3334 1055 univer-

1767 1099 1920 1166 sique
1979 1096 2275 1164 spiritualis
2329 1095 2562 1162 lsraelis,
2591 1111 2654 1153 ac
2688 1096 2852 1148 Deum
2900 1093 3154 1150 videntis.
3208 1092 3336 1147 "mc

1771 1188 1954 1256 utique
2000 1187 2320 1242 oeconomiae
2393 1197 2518 1240 sunt
2576 1184 2818 1240 nomina.
2870 1183 3134 1250 Quoniam
3189 1183 3334 1238 enim

1770 1281 1942 1334 tribus
1993 1282 2078 1334 his
2117 1280 2276 1334 rebus
2311 1280 2696 1351 gubernamur,
2730 1292 2920 1346 nempe
2979 1283 3031 1330 et
3084 1274 3334 1345 supplicii

1771 1379 1935 1437 metu,
1983 1383 2037 1426 et
2088 1372 2276 1427 Salutis
2301 1372 2596 1443 glorimque
2638 1384 2748 1438 spe.
2786 1378 2839 1421 et
2883 1367 3026 1421 cultu
3053 1367 3334 1430 virtutum,

1767 1464 1960 1535 quibus
1993 1464 2107 1518 inec
2137 1473 2554 1532 comparantur;
2592 1459 2852 1514 ultionem
2902 1458 3116 1527 quidem
3169 1456 3334 1510 nomi-

1767 1571 1857 1622 ne,
1893 1567 2066 1610 metus
2092 1565 2450 1624 procuratur;
2485 1551 2676 1606 salutis
2725 1561 2926 1614 autem,
2959 1565 3118 1619 spes;
3158 1549 3333 1602 virtu—

1768 1661 1879 1708 tum
1915 1653 2165 1722 denique,
2219 1649 2504 1719 probitatis
2558 1648 2796 1702 studium
2838 1653 2940 1697 :ut
2989 1642 3078 1711 qui
3135 1641 3334 1710 aliquid

1770 1746 1960 1799 horum
2001 1742 2324 1810 assequitur,
2365 1739 2584 1809 perinde
2637 1751 2698 1790 ac
2750 1736 2912 1788 Deum
2944 1733 2994 1787 in
3045 1732 3220 1802 seipso
3249 1746 3332 1801 ge-

1773 1851 1918 1902 rens,
1943 1835 2008 1888 ad
2055 1833 2446 1903 permotionem
2479 1839 2528 1882 et
2561 1826 2988 1881 familiaritatem
3018 1837 3136 1877 eam
3178 1832 3339 1891 atque

111 1920 185 1965 τος
214 1901 278 1955 τὰ
301 1905 569 1974 ὀνόματα.
604 1910 764 1962 Ἴδιον
789 1912 842 1964 δὲ
873 1917 967 1966 τοῦ
1011 1916 1111 1986 μὲν
1153 1919 1406 1992 ἀνάρχου,
1437 1901 1663 1998 Πατήρ-ς

1773 1931 2170 2002 cognationem,
2206 1944 2309 1996 qua
2345 1942 2440 1981 nos
2490 1927 2660 1980 virtus
2693 1923 2792 1992 ipsi
2841 1921 3114 1984 conciliat,
3147 1917 3339 1988 majori

113 1992 192 2043 τοῦ
213 1992 265 2044 δὲ
289 1993 550 2066 ἀνάρχως
573 2001 942 2071 γεννηθέντος,
967 2005 1094 2071 Υἱός
1119 2025 1132 2038 ·
1155 2010 1248 2062 τοῦ
1275 2011 1329 2064 δὲ
1357 1992 1665 2086 ἀγεννήτως

116 2083 447 2154 προελθόντος
467 2129 483 2154 ,
647 2092 680 2163 ἢ
724 2095 1022 2164 προϊόντος,
1054 2099 1114 2151 τὸ
1145 2101 1368 2173 Πνεῦμα
1399 2105 1458 2157 τὸ
1488 2105 1660 2173 ἅγιον.

124 2175 242 2226 Ἀλλ’
275 2177 364 2229 ἐπὶ
397 2179 503 2242 τὰς
547 2182 640 2234 τοῦ
693 2183 822 2237 Υἱοῦ
857 2187 1074 2252 κλίκσεις
1108 2189 1368 2264 ἔλθωμεν,
1401 2194 1538 2266 ὅπερ
1557 2195 1665 2268 ὡρ-

117 2265 240 2338 μήθη
269 2267 447 2337 λέγειν
475 2274 510 2324 ὁ
530 2271 707 2342 λόγος.

1774 2021 2052 2077 celeritate
2118 2020 2356 2074 festinet.
2421 2017 2595 2085 Atque
2658 2015 2770 2070 tunc
2827 2012 3084 2067 vocabula
3132 2010 3340 2064 -Deitati

1775 2112 2080 2170 communia
2140 2119 2288 2164 sunt.
2338 2109 2617 2178 Proprium
2674 2115 2852 2160 autem
2881 2105 3019 2174 ejus,
3052 2102 3140 2171 qui
3184 2102 3337 2167 prin-

1772 2205 1894 2274 cipii
1944 2217 2135 2271 expers
2185 2210 2288 2266 est,
2344 2215 2560 2262 nomen,
2613 2197 2956 2264 P.tter:ejus
3013 2191 3334 2259 autem,qui

1771 2297 1906 2350 citra
1961 2293 2125 2347 ullum
2174 2291 2494 2360 principium
2550 2288 2761 2358 genitus
2795 2296 2896 2346 est,
2939 2283 3106 2337 Filius
3140 2300 3154 2336 :
3183 2281 3326 2335 illius

117 2365 337 2431 denique,
375 2361 466 2430 qui
530 2362 664 2416 citra
713 2365 1118 2434 generationem
1173 2369 1457 2438 processit,
1495 2374 1980 2442 autprogreditur,
2010 2374 2245 2446 Spiritus
2281 2384 2520 2430 sanctus.
2561 2375 2756 2430 Verum
2793 2375 2860 2430 ad
2920 2375 3040 2430 Filii
3090 2374 3340 2441 nomina,

119 2455 172 2509 de
193 2455 376 2525 quibus
410 2453 574 2510 nobis
617 2455 798 2512 dicere
845 2461 1181 2529 propositum
1220 2471 1356 2530 erat,
1386 2465 1734 2520 accedamus.

177 2550 317 2601 Δοκεῖ
364 2549 478 2616 γάρ
521 2567 612 2620 μοι
663 2550 954 2620 λέγεσθαι,
993 2554 1120 2619 Υἱὸς
1179 2557 1315 2627 μὲν,
1347 2559 1428 2612 ὅτι
1474 2559 1672 2614 ταυτόν

123 2640 219 2691 ἔστι
247 2639 320 2710 τῷ
360 2642 544 2712 Πατρὶ
586 2643 706 2697 κατ’
738 2645 943 2698 οὑσίαψ
975 2649 1066 2701 καὶ
1115 2650 1214 2702 οὐκ
1264 2652 1441 2704 ἐκεῖνο
1487 2652 1670 2719 μόνον,

123 2732 239 2784 ἀλλὰ
287 2736 563 2791 κάκεῖθεν.
601 2739 910 2811 Μονογενὴς
943 2741 1019 2806 δὲ,
1048 2742 1145 2812 οὐχ
1178 2743 1259 2796 ὅτι
1292 2745 1452 2813 μόνος
1481 2745 1544 2798 ὲκ
1578 2746 1675 2814 μότ

124 2835 199 2872 νου
232 2823 318 2874 καί
351 2823 537 2893 μόνον,
574 2826 688 2880 ἀλλ’
717 2829 800 2880 ὅτι
849 2831 942 2882 καὶ
974 2833 1340 2902 μονοτρόπως,
1371 2835 1470 2904 οὐχ
1497 2833 1572 2897 ὡς
1605 2833 1672 2886 τὰ

125 2913 347 2982 σώματα·
381 2916 559 2984 Λόγος
587 2917 662 2981 δὲ,
697 2920 780 2974 ὅτι
813 2920 986 2986 οὕτως
1014 2922 1125 2992 ἔχει
1150 2924 1284 2995 πρὸς
1317 2925 1406 2978 τὸν
1431 2925 1670 2995 Πατέρα,

123 2998 185 3064 ὡς
208 3002 329 3073 πρὸς
356 3005 482 3062 νοῦν
531 3006 686 3073 λόγος
724 3023 742 3040 ο
921 3013 980 3064 οὐ
1029 3013 1188 3083 μόνον
1233 3014 1320 3068 διὰ
1353 3014 1414 3066 τὸ
1466 3014 1674 3079 ἀπαθὲς

124 3092 206 3160 τῆς
225 3097 544 3166 γεννήσεως,
573 3098 708 3152 ἀλλὰ
735 3101 834 3154 ικαὶ
867 3102 922 3154 τὸ
956 3105 1210 3173 συναφὲς,
1254 3107 1346 3158 καὶ
1397 3105 1456 3158 τὸ
1505 3107 1670 3174 ἐξαγ-

124 3183 336 3248 γελτικόν
352 3198 371 3217 ⁸

128 3273 242 3342 πρὸς
267 3276 323 3328 τὸ
345 3279 680 3350 ὁριζόμενον,
709 3284 894 3356 ἐπειδὴ
929 3288 1021 3340 καὶ
1062 3287 1218 3340 τοῦτο
1248 3288 1467 3357 λέγεται
1493 3289 1668 3359 λόγος.

138 3362 189 3414 '0
209 3366 306 3433 τὰρ
335 3369 659 3438 νενοηκὼς,
705 3377 861 3444 φησι,
904 3376 1012 3430 τὸν
1050 3377 1188 3431 Υίὸν
1219 3377 1396 3448 (τοῦτο
1421 3379 1529 3450 γάρ
1556 3380 1672 3431 ἐστι

128 3453 177 3507 τὸ
207 3455 506 3527 ἑωρακὼς),
548 3462 797 3529 νενόηκε
820 3464 925 3517 τὸν
965 3466 1229 3535 Πατέραο
1261 3468 1356 3520 καὶ
1379 3535 1386 3538 _
1411 3467 1672 3537 σύντομος

129 3547 367 3616 ἀπόδειξις
393 3553 494 3606 καὶ
518 3553 677 3625 ῥᾳδία
706 3555 802 3624 τῆς
831 3555 923 3608 τοῦ
953 3559 1165 3628 Πατρὸς
1196 3558 1432 3627 φύσεως,
1464 3562 1492 3612 ό
1520 3560 1668 3622 Υἱός⁶

129 3635 338 3708 γέννημα
368 3640 478 3711 γὰρ
510 3642 656 3694 ἅπαν
687 3643 780 3696 τοῦ
813 3646 1220 3716 γεγεννηκότος,
1248 3646 1468 3700 σιωπῶν
1493 3647 1668 3714 λόγος.

131 3724 181 3775 Εἰ
203 3725 355 3780 δὲκαὶ
385 3728 481 3782 διὰ
511 3729 573 3781 τὸ
602 3729 928 3800 ἐνυπάρχειν
960 3734 1073 3795 τοῖς
1102 3728 1221 3785 οὖσι
1262 3733 1547 3800 λέγοιπτις,
1575 3732 1672 3803 οὐχ

131 3815 469 3890 ἁμαρτήσεται
516 3820 609 3873 τοῦ
643 3821 831 3890 λόγουο
867 3823 920 3875 τί
966 3823 1075 3894 γάρ
1122 3825 1291 3888 ἐστιν,
1327 3825 1354 3877 ὃ
1395 3825 1470 3895 μὴ
1516 3825 1672 3895 Λόγῳ

130 3909 462 3981 συνέστηκεν;
519 3913 689 3981 Σοφία
731 3915 809 3977 δὲ,
849 3915 924 3978 ὠς
969 3917 1243 3987 ἐπιστήμη
1287 3915 1446 3971 θείων
1481 3933 1538 3969 τε
1580 3918 1672 3970 καὶ

129 3998 447 4071 ἀνθρωπίνων
495 4005 868 4074 πραγμάτων*
908 4006 1025 4070 πῶς
1061 4007 1165 4079 γὰρ
1203 4003 1313 4061 οἷόν
1348 4025 1407 4060 τε
1446 4008 1538 4062 τὸν
1583 4025 1674 4061 πε-

128 4091 377 4161 ποιηκότα,
404 4095 535 4156 τοὺς
578 4093 768 4162 λόγους
805 4095 1038 4163 ἀγνοεῖν,
1085 4089 1160 4150 ὧν
1206 4096 1506 4168 πεποίηκε;
1570 4095 1672 4148 Δύ-

127 4195 263 4251 ναμις
291 4182 362 4247 δὲ,
392 4186 473 4250 ὡς
515 4187 906 4260 συντηρητικδς
935 4187 1045 4241 τῶν
1076 4188 1402 4258 γενομένων,
1440 4189 1535 4242 καὶ
1570 4189 1670 4258 τὴν

125 4270 203 4323 τοῦ
235 4276 542 4347 συνέχεσθαι
584 4278 759 4331 ταῦτα
810 4278 1061 4350 χορηγῶν
1115 4279 1364 4350 δύναμιν.
1417 4279 1665 4350 Ἀλήθεια

125 4360 189 4428 δὲ,
222 4363 291 4427 ὡς
318 4366 394 4430 ἓν,
440 4368 503 4419 οὐ
554 4368 722 4422 πολλὰ
752 4373 818 4441 τῇ
851 4370 1008 4438 φύσει
1029 4385 1042 4398 ·
1075 4369 1137 4422 τὸ
1172 4371 1271 4440 μὲν
1303 4368 1412 4440 γὰρ
1449 4368 1663 4439 ἀληθὲς,

125 4451 202 4505 ιγ’
231 4456 287 4510 τὺ
312 4458 365 4510 δὲ
403 4459 620 4529 ψεῦδος,
679 4462 1026 4532 πολυσχιδέςο
1069 4462 1162 4515 καὶ
1204 4461 1279 4524 ὼς
1320 4459 1533 4531 καθαρὰ
1571 4459 1664 4513 τοῦ

1849 2559 2086 2615 Primum
2134 2576 2262 2634 ergo
2316 2562 2482 2618 Filius
2518 2563 2560 2595 "
2599 2563 2728 2618 mihi
2783 2563 2883 2618 dici
2946 2563 3191 2630 videtur,
3220 2562 3345 2633 quia

1777 2652 2011 2706 essentia
2049 2653 2189 2707 idem
2247 2663 2331 2709 est
2383 2671 2504 2709 cum
2555 2654 2716 2710 Patre
2749 2674 2760 2708 :
2792 2669 2968 2725 neque
3019 2655 3068 2710 id
3129 2655 3348 2720 solum,

1777 2744 1870 2798 sed
1918 2743 2042 2812 quia
2097 2744 2258 2799 etiam
2304 2760 2370 2800 ex
2429 2746 2522 2799 illo
2562 2754 2664 2800 est.
2713 2745 3030 2816 Unigenitus
3063 2745 3106 2777 "
3140 2753 3346 2808 autem,

1777 2849 1881 2888 non
1915 2835 2039 2904 quia
2089 2837 2237 2891 solus
2289 2851 2350 2890 ex
2387 2838 2522 2904 solo,
2564 2849 2617 2895 et
2663 2840 2870 2908 solum,
2901 2842 2994 2896 sed
3028 2845 3188 2900 etiam
3221 2846 3344 2916 quia

1777 2927 1935 2980 unico
1972 2942 2058 2980 mo
2081 2928 2152 2994 lo,
2184 2913 2386 2985 acinon
2435 2940 2492 2984 ιιι
2534 2946 2783 3000 corpora.
2826 2931 3057 2988 Verbum
3085 2935 3128 2969 “
3151 2950 3340 3004 porro,

1776 3017 1901 3086 quia
1929 3017 2001 3070 ita
2027 3033 2086 3072 se
2108 3019 2268 3074 habet
2305 3021 2370 3073 ad
2400 3019 2639 3088 Patrem,
2681 3034 2738 3078 ut
2768 3039 2950 3080 sermo
2990 3026 3056 3080 ad
3085 3019 3350 3094 mentem,

1776 3121 1882 3160 non
1935 3109 2093 3162 tnodo
2137 3119 2357 3178 prepter
2395 3113 2800 3181 generationem
2858 3117 3127 3185 passionis
3173 3118 3348 3174 omnis

557 3191 694 3261 τάχα
722 3191 765 3245 δ’
798 3193 864 3246 ἂν
891 3195 1037 3248 εἴποι
1065 3213 1168 3262 τις,
1197 3197 1276 3251 ὄτι
1314 3199 1405 3251 καὶ
1439 3199 1514 3262 ὡς
1545 3199 1669 3272 ὅρος

1774 3208 2048 3267 expertem
2087 3241 2102 3267 ,
2156 3216 2344 3257 verum
2405 3204 2568 3259 etiam
2631 3216 2850 3275 promer
2913 3208 3345 3279 eonjunctionem

1775 3286 1944 3355 ipsius
1975 3304 2097 3343 cum
2137 3288 2321 3353 Patre,
2360 3292 2578 3362 vimque
2630 3296 3070 3352 enuntiatricem.
3097 3298 3348 3358 Fortasse

1773 3376 1933 3429 etiam
1981 3379 2102 3447 quis
2140 3380 2356 3444 dixerit,
2388 3383 2575 3436 eodem
2617 3385 2777 3439 modo
2812 3401 2871 3440 se
2900 3387 2968 3441 ad
2996 3387 3208 3442 Patrem
3247 3389 3345 3444 ha-

1773 3463 1924 3524 bere,
1959 3481 2068 3535 quo
2098 3467 2340 3522 definitio
2367 3470 2432 3524 ad
2469 3471 2772 3537 deﬁnitum,
2804 3475 3058 3544 quoniam
3103 3476 3344 3532 definitio

1775 3568 1991 3623 quoque
2033 3555 2188 3626 λόγος
2234 3559 2454 3615 dicitur.
2497 3561 2600 3627 Qui
2648 3565 2784 3618 enim
2837 3564 3033 3620 Filium
3083 3572 3342 3640 cognovit,

1773 3645 1850 3696 ait
1898 3643 2149 3700 Christus
2207 3648 2334 3711 (hoc
2385 3652 2528 3704 enim
2563 3654 2700 3707 idem
2739 3655 3026 3724 significat,
3053 3674 3135 3724 ac,
3169 3660 3343 3732 vidit),

1774 3735 1987 3790 Patrem
2021 3755 2225 3809 quoque
2271 3746 2506 3812 cognorit
2533 3740 2577 3772 ⁸⁵
2605 3763 2616 3796 :
2647 3761 2708 3800 ac
2746 3749 2947 3813 brevis,
2989 3759 3045 3804 et
3089 3767 3344 3820 compen-

1775 3829 1921 3882 diosa
1950 3828 2228 3900 i‘acilisque
2251 3845 2487 3901 paterna:
2511 3844 2717 3891 natura:
2741 3838 3036 3894 declaratio
3056 3853 3137 3896 est
3157 3843 3341 3901 Filius.

1773 3918 1943 3972 Omne
1989 3922 2132 3974 enim
2193 3926 2334 3990 quod
2385 3926 2624 3994 genitum
2686 3937 2787 3993 est,
2831 3931 3132 3996 genitorem
3184 3950 3339 3990 suum

1775 4011 1935 4063 tacita
1995 4015 2224 4082 quadam
2273 4029 2403 4070 voce
2459 4017 2671 4070 definit.
2737 4019 2891 4087 Quod
2923 4023 2967 4077 si
3007 4026 3127 4092 quis
3157 4025 3342 4091 etiam,

1775 4102 1896 4167 quia
1929 4103 2086 4156 rebus
2116 4105 2370 4159 omnibus
2415 4107 2561 4172 insit,
2592 4109 2764 4177 Λόγον
2811 4115 2989 4166 vocari
3028 4118 3340 4184 cententlat,

1771 4205 1798 4239 a
1857 4194 2063 4245 ratione
2111 4209 2216 4246 non
2271 4196 2565 4252 aberrabit.
2597 4198 2735 4264 Quid
2761 4203 2904 4255 enim
2927 4212 3029 4268 est,
3059 4206 3199 4274 quod
3230 4222 3340 4262 nou

1771 4279 1946 4334 Verbo
1970 4284 2247 4338 conditum
2267 4285 2371 4339 sit?
2399 4285 2672 4356 Sapientia
2689 4290 2731 4322 ¹⁶
2752 4307 2895 4356 vero,
2915 4303 2972 4346 ut
2994 4310 3170 4349 rerum
3203 4299 3342 4352 divi-

1770 4386 1959 4425 narum
1977 4383 2029 4428 et
2052 4375 2402 4429 humanarum
2423 4379 2669 4434 scientia.
2699 4382 2798 4448 Qui
2827 4384 2968 4436 enim
3002 4385 3114 4439 fieri
3146 4397 3341 4455 potest,

1772 4471 1829 4515 ut
1878 4465 2129 4518 conditor
2181 4481 2357 4519 rerum
2387 4483 2415 4519 a
2444 4484 2502 4522 se
2537 4471 2875 4526 conditarum
2926 4477 3162 4531 rationes
3195 4479 3344 4548 igno-

127 4542 310 4616 Πατρός
339 4549 596 4620 σφραγὶς,
626 4552 720 4605 καὶ
735 4551 1020 4624 χαρακτὴρ
1041 4551 1450 4622 ἀψευδέστατός.
1491 4549 1666 4603 Εἰκὼν

1773 4552 1893 4606 ret?
1921 4552 2248 4619 Potentia",
2299 4569 2354 4610 ut
2397 4573 2576 4613 rerum
2629 4572 2929 4616 creatarum
2964 4581 3335 4634 conservator,

125 4633 171 4686 δὲ
198 4670 214 4698 ο
339 4639 413 4704 ὡς
445 4642 750 4712 όμοούσιον,
804 4643 899 4696 καὶ
945 4644 1028 4697 ὅτι
1080 4642 1238 4696 τοῦτο
1282 4641 1509 4705 ἐκεῖθεν,
1552 4639 1666 4693 ἀλλ’

126 4725 208 4776 οὐκ
237 4729 294 4780 ὲκ
323 4731 512 4785 τούτου
556 4735 779 4804 Πατήρ’
811 4732 950 4804 αὕτη
997 4733 1105 4804 γὰρ
1133 4732 1336 4795 εἰκόνος
1359 4731 1538 4800 φύσις,
1578 4729 1668 4802 μί’·

130 4831 263 4886 μημα
445 4817 582 4877 εἶναι
645 4825 739 4878 τοῦ
782 4824 1114 4896 ἀρχετύπου,
1167 4825 1263 4877 καὶ
1305 4815 1366 4876 οὗ
1415 4822 1664 4891 λέγεταιο

127 4905 244 4975 πλὴν
268 4910 342 4963 ὅτι
369 4915 464 4966 καὶ
493 4913 652 4966 πλέον
821 4913 1056 4966 ἐνταῦθα
1076 4929 1089 4943 ·
1120 4914 1237 4966 ἐκεῖ
1266 4913 1364 4983 μὲν
1511 4911 1622 4984 γὰρ
1651 4947 1670 4978 ν

126 4996 349 5070 ἀκίνητος
381 5005 701 5074 κινουμένου
725 5020 738 5032 ·
774 5003 1004 5059 ἐνταῦθα
1032 5004 1110 5066 δὲ,
1142 5003 1343 5069 ζῶντος
1375 5003 1469 5056 καὶ
1496 5001 1666 5067 ζῶσα,

125 5089 203 5140 καὶ
225 5092 370 5146 πλέον
529 5095 726 5166 ἔχουσα
753 5095 814 5148 τὸ
844 5095 1282 5166 ἀπαράλλακτον,
1303 5094 1338 5165 ἢ
1364 5093 1459 5146 τοῦ
1494 5093 1669 5156 Ἀδὰμ

127 5177 290 5250 ὁΣὴθ,
447 5185 540 5238 καὶ
584 5185 678 5238 τοῦ
724 5185 1020 5254 γεννῶντος
1066 5184 1266 5248 παντὸς
1309 5184 1370 5237 τὸ
1397 5183 1671 5255 γεννώμε-

126 5281 229 5318 νον·
266 5271 480 5343 τοιαύτη
520 5274 629 5345 γὰρ
679 5276 712 5345 ἡ
745 5274 855 5326 τῶν
901 5273 1086 5327 ἁπλῶν
1119 5273 1300 5342 φύσις,
1343 5272 1417 5344 μὴ
1463 5273 1541 5345 τῷ
1571 5275 1668 5345 μὲν

130 5354 350 5426 ἑοικέναι,
403 5363 480 5434 τῷ
509 5363 564 5416 δὲ
609 5365 944 5427 ἀπεοικέναι,
994 5364 1110 5418 ἀλλ’
1147 5363 1265 5417 ὅλον
1322 5364 1442 5417 ὅλου
1502 5365 1669 5419 τύπον

131 5439 264 5512 εἶναι,
287 5454 374 5506 καὶ
401 5455 597 5508 ταυτὸν
637 5455 859 5524 μᾶλλον,
887 5456 920 5528 ἢ
952 5456 1303 5527 ἀφομοίωμα.
1344 5456 1463 5521 Φῶς
1488 5456 1566 5524 δὲ,
1593 5457 1669 5521 ὡς

224 5641 352 5718 Psal.
405 5665 550 5718 um
577 5692 592 5718 ,
623 5653 713 5708 15.

129 5707 297 5780 [Ρειιι.
322 5707 486 5780 1.xvt't,
517 5707 607 5777 ρι’.

197 5779 340 5854 Joau.
364 5805 404 5854 ι,
435 5775 520 5847 18.

135 5845 169 5879 ³⁸
199 5845 402 5915 ιιοιοεεί
424 5845 517 5926 ι,ίι
531 5865 582 5920 5.

687 5723 884 5799 '_Psal.
920 5744 1073 5799 xcm,
1105 5730 1156 5785 1.
1228 5733 1249 5764 ⁹
1285 5732 1441 5789 Rom.
1468 5723 1568 5798 'xv,
1593 5731 1686 5792 55.

639 5793 913 5925 Vinii}?
923 5841 978 5935 ἰ,
996 5801 1057 5926 ἐξ.

811 5657 1017 5733 ‘_Ibid.
1112 5661 1136 5733 ξ
1169 5658 1187 5712 1
1225 5661 1369 5733 Tim.
1408 5679 1481 5730 vr,
1525 5664 1613 5733 15.
1693 5667 1715 5700 ⁸
1749 5667 1906 5723 Rom.
1938 5685 1992 5723 Ix
2017 5709 2032 5733 ,
2068 5632 2160 5726 29.

1169 5801 1212 5835 ³⁵
1243 5801 1538 5874 Joan.xtv,
1566 5807 1620 5874 7,
1659 5809 1713 5864 9.

1775 4645 1993 4715 vimque
2036 4646 2103 4700 iis
2140 4649 2490 4718 suppeditans
2529 4663 2584 4704 ut
2618 4657 3010 4708 contineantur.
3046 4655 3338 4726 Veritas",

1771 4741 1828 4787 ut
1846 4745 2034 4789 natura
2055 4753 2240 4802 unum,
2261 4755 2364 4794 non
2401 4740 2584 4796 multa.
2612 4742 2804 4798 Verum
2822 4746 3018 4815 quippe
3043 4763 3202 4801 unum
3221 4761 3342 4817 est;

1771 4829 2112 4884 mendacium
2132 4831 2401 4902 multiplex
2422 4849 2436 4884 :
2457 4846 2617 4904 atque
2631 4837 2792 4890 etiam
2812 4848 2867 4890 ut
2881 4853 3070 4907 purum
3086 4839 3264 4897 Patris
3279 4843 3348 4898 si-

1769 4918 1974 4988 gillum,
2021 4921 2346 4992 minimeque
2383 4926 2610 4978 mendax
2658 4928 3171 5001 eliaraeter.1mago
3192 4934 3254 4999 ",
3287 4942 3346 4988 ut

1769 5009 2006 5077 ejusdem
2025 5025 2144 5064 eum
2160 5011 2315 5066 Patre
2330 5015 2644 5068 substantia.-
2658 5019 2723 5080 “,
2739 5027 2789 5072 et
2803 5020 2926 5087 quia
2939 5035 3002 5074 ex
3021 5021 3108 5076 illo
3121 5032 3222 5088 est,
3240 5039 3344 5079 non

1769 5110 1947 5155 autem
1978 5115 2040 5153 ex
2071 5103 2168 5156 hoc
2194 5102 2372 5157 Pater.
2418 5103 2539 5158 Haec
2570 5107 2832 5174 siquidem
2871 5109 3118 5180 imaginis
3153 5121 3344 5168 natura

1769 5194 1870 5245 est.
1903 5195 1957 5238 ut
1986 5187 2057 5241 sit
2101 5186 2330 5242 imitatio
2355 5193 2693 5262 exemplaris,
2729 5195 2882 5266 cujus
2918 5199 3092 5270 imago
3117 5204 3343 5270 dicitur;

1781 5292 2088 5348 quanquam
2152 5281 2238 5335 hic
2291 5283 2465 5352 imago
2508 5287 2781 5355 exemplar
2839 5305 2990 5343 suum
3041 5293 3344 5360 expressius

1780 5369 1963 5424 refert.
1999 5369 2111 5424 lllic
2139 5372 2280 5425 enim
2310 5375 2386 5427 rei
2425 5376 2558 5430 vivae
2580 5392 2642 5431 ae
2677 5390 2822 5434 motu
2865 5381 3099 5448 praeditae
3133 5391 3340 5436 mortua

1775 5471 1830 5516 et
1863 5472 2040 5518 motus
2064 5478 2256 5534 expers
2289 5467 2468 5538 imago
2494 5479 2575 5523 est
2608 5487 2622 5525 :
2654 5470 2742 5524 hic
2773 5481 2954 5526 autem
3005 5473 3108 5528 vivi
3159 5487 3343 5528 exem-

2263 5673 2283 5705 ⁸
2313 5673 2452 5728 Psal.
2508 5684 2669 5737 χχιιι.
2706 5676 2793 5732 10.

1794 5741 1836 5770 ¹⁰
1873 5739 2016 5794 Psal.
2060 5758 2131 5808 tv,
2158 5743 2213 5796 2.
2290 5745 2329 5775 ¹¹
2363 5745 2532 5798 Exod.
2560 5761 2640 5809 ιιι,
2678 5746 2730 5799 6.

1799 5811 1841 5842 ³⁸
1868 5809 1886 5862 l
1917 5810 2046 5869 Cor.
2081 5829 2120 5879 ι,
2157 5812 2248 5868 50.

2897 5678 2916 5709 ⁶
2937 5677 3092 5731 Deut.
3141 5696 3204 5742 ς,
3258 5677 3346 5736 i7.

2819 5749 2861 5780 "
2896 5748 3088 5804 Matth.
3111 5765 3241 5814 xvn,
3284 5751 3336 5805 5.

2329 5815 2372 5847 ¹⁷
2409 5815 2604 5886 Epiros.
2639 5831 2690 5882 ν,
2733 5818 2820 5879 I9.
2903 5817 3105 5876 "Juau.
3138 5838 3246 5891 xlv,
3273 5823 3328 5876 6.
