3838 6556
519 447 623 514 135

1682 380 2111 510 IEUTIIYMH
2173 440 2540 503 ZIGABEN!
2587 484 2591 487 -

3646 439 3739 510 196

515 556 684 624 ptaris
713 555 830 610 viva
859 567 1072 626 quoque
1115 562 1197 611 est
1245 555 1466 626 emgies,
1517 557 1796 632 multoque
1846 563 2024 618 minus
2050 579 2080 618 a

2198 557 2512 629 λαμπρότης
2539 555 2727 627 ψυχῶν
2766 555 2860 610 καὶ
2886 553 3028 626 λόγῳ
3063 554 3156 608 καὶ
3200 552 3301 624 βίῳ
3334 553 3746 626 καθαιρομένων.

513 646 673 704 Patre
705 646 979 715 diﬂ'erens,
1007 663 1167 718 quam
1209 641 1443 705 Sethkab
1476 650 1680 708 Adamo
1720 654 1759 718 ’,
1838 654 2085 723 ﬁliusque

511 743 686 796 Omnis
717 756 745 794 a
776 753 1003 810 parente
1044 755 1161 796 suo.
1216 741 1533 811 llujusmodi
1595 760 1830 815 namque
1870 747 2081 816 simpli-

512 832 654 885 cium
705 847 884 885 rerum
941 839 1132 886 natura
1183 842 1284 897 est,
1329 843 1386 888 ut
1435 849 1538 888 non
1601 837 1795 906 partim
1837 835 1978 890 inter
2023 851 2082 891 se

510 923 718 976 similes
754 925 880 990 sint,
928 927 1123 995 partim
1177 926 1491 994 dissimiles,
1522 929 1615 983 sed
1671 938 1792 984 tota‘
1827 940 1966 986 totas
1993 947 2076 986 re-

511 1024 860 1083 przcscntent,
906 1017 1217 1086 cadentque
1254 1019 1429 1088 potius
1483 1020 1610 1084 sint,
1645 1034 1803 1090 quam
1856 1022 2080 1076 similes.

513 1106 623 1159 Lux
657 1105 677 1135 '
723 1107 887 1160 etiam
941 1108 1156 1173 dicitur,
1196 1119 1252 1162 ut
1314 1110 1620 1167 animorum
1671 1113 1945 1183 Splendor,
1983 1116 2073 1184 qui

512 1206 563 1250 et
594 1196 700 1250 vita
728 1206 781 1252 et
812 1213 1061 1252 sermone
1113 1213 1430 1271 purgantur.
1465 1203 1598 1258 Nam
1627 1206 1669 1260 si
1707 1207 2004 1276 ignorantia
2031 1218 2083 1261 et

515 1302 792 1356 peccatum
845 1291 1077 1344 tenebrae
1111 1299 1256 1356 sunt,
1291 1291 1379 1346 lux
1435 1295 1674 1364 profecto
1705 1297 1807 1349 erit
1831 1297 2079 1361 scientia,

513 1387 568 1434 et
603 1380 708 1434 vita
742 1379 942 1435 divina.
987 1380 1110 1436 Vita
1151 1379 1196 1448 ³,
1231 1385 1356 1453 quia
1404 1384 1515 1452 lux,
1559 1386 1830 1456 totiusque
1870 1389 2082 1443 ratione

527 1469 766 1538 praedita:
817 1481 1022 1526 natura:
1073 1476 1492 1542 coagmentatio,
1538 1485 1592 1531 ct
1643 1479 1980 1547 procreatio:
2015 1476 2082 1532 In

513 1560 624 1625 ipso
661 1560 796 1613 enim
831 1561 1066 1626 vivimus,
1095 1572 1143 1616 et
1178 1579 1461 1629 movemur,
1500 1574 1550 1618 et
1594 1582 1775 1620 sumus
1813 1568 1859 1630 ⁸,
1887 1581 2082 1622 secun-

514 1650 639 1702 dum
694 1650 961 1720 duplicem
1034 1653 1180 1708 illam
1237 1654 1609 1726 inspirationis
1651 1657 1672 1689 ⁵
1737 1656 2074 1713 facultatem.

513 1739 644 1794 Nam
681 1750 736 1796 et
767 1742 913 1822 illinc
939 1758 1125 1800 omnes
1159 1745 1376 1801 vitalem
1408 1747 1658 1816 spiritum
1882 1750 2083 1820 accipi-

2171 651 2256 730 ,Εἰ
2281 649 2388 721 γὰρ
2412 649 2599 710 σκότος
2629 649 2663 718 ἡ
2696 647 2887 716 ἄγνοια
2935 646 3028 700 καὶ
3070 647 3103 717 ή
3145 646 3412 718 ἁμαρτία,
3447 648 3564 717 φῶς
3588 649 3651 702 ἂν
3678 653 3749 723 εἴη

2194 743 2226 812 ἡ
2257 741 2475 810 γνῶσις,
2512 740 2606 794 καὶ
2630 739 2658 790 ὁ
2685 739 2795 810 βίος
2967 739 2996 790 ὁ
3024 737 3226 802 ἔνθεος.
3255 739 3378 810 Ζωὴ
3411 738 3489 802 δὲ,
3515 741 3597 792 ὅτι
3631 743 3750 808 φῶς,

2192 833 2288 891 καὶ
2311 833 2490 904 πάσης
2507 831 2735 900 λογικῆς
2753 829 2968 900 φύσεως
2984 829 3240 893 σύστασις
3261 830 3355 883 καὶ
3465 827 3709 892 οὐσίωσις
3737 839 3750 854 '

2205 925 2310 980 Ἐν
2337 925 2496 991 αὐτῷ
2531 925 2640 995 γὰρ
2681 922 2886 994 ζῶμεν,
2915 922 3013 977 καὶ
3051 923 3391 992 κινούμεθα,
3431 923 3530 976 καὶ
3561 922 3751 992 ἐσμὲν,

2194 1019 2336 1073 κατὰ
2361 1019 2458 1090 τὴν
2484 1017 2675 1089 διπλῆν
2852 1015 2944 1069 τοῦ
2981 1016 3378 1087 ὲμφυσήματος
3403 1015 3649 1086 δύναμιν,
3670 1018 3751 1071 καὶ

2192 1113 2388 1183 πνοήν’
2414 1109 2623 1163 ἐκεῖθεν
2779 1107 3166 1179 ὲμφυσώμενοι
3188 1107 3404 1173 πάντες,
3429 1108 3522 1161 καὶ
3544 1107 3751 1178 Πνεῦμα

2191 1199 2347 1270 ἅγιον
2375 1201 2488 1254 ὅσοι
2518 1199 2834 1270 χωρητικοὶ,
2877 1198 2972 1250 καὶ
2999 1196 3273 1261 τοσοῦτον,
3316 1197 3438 1251 καθ’
3468 1198 3591 1250 ὅσον
3619 1196 3679 1250 ἂν
3701 1199 3752 1252 τὸ

2196 1291 2385 1360 στόμα⁹
2407 1290 2507 1360 τῆς
2537 1289 2775 1352 διανοίας
2822 1287 3145 1358 άνοίξωμεν.
3182 1287 3504 1357 Δικαιοσύνη
3552 1287 3642 1354 δὲ,

2190 1379 2285 1434 τοῦ
2321 1379 2458 1451 πρὸς
2489 1379 2643 1446 ἀξίαν
2671 1378 2963 1450 διαιρὲτης,
3014 1376 3108 1430 καὶ
3148 1377 3363 1430 διαιτῶν
3401 1377 3623 1440 δικαίως
3655 1381 3752 1442 τοῖς

2191 1473 2296 1529 ὑπὸ
2331 1472 2512 1543 νόμον,
2549 1473 2643 1526 καὶ
2685 1474 2795 1536 τοῖς
2840 1471 2943 1524 ὑπὸ
2981 1470 3160 1542 χάριν,
3201 1469 3344 1541 ψυχῇ
3387 1470 3480 1523 καὶ
3535 1469 3751 1540 σώματι,

2191 1563 2334 1619 ὥστε
2365 1565 2424 1617 τὸ
2455 1565 2552 1636 μὲν
2580 1563 2788 1636 ἄρχειν,
2817 1563 2876 1616 τὸ
2908 1563 2964 1616 δὲ
2995 1561 3282 1634 ἄρχεσθαι,
3315 1561 3410 1615 καὶ⁸
3439 1559 3536 1632 τὴν
3564 1563 3752 1633 ἡγεμο-

2191 1657 2310 1713 νίαν
2335 1656 2476 1728 ἔχειν
2501 1658 2562 1710 τὸ
2592 1659 2838 1730 κρεῖττον
2867 1655 3008 1710 κατὰ
3045 1655 3139 1709 τοῦ
3174 1655 3438 1727 χείρονος,
3477 1653 3556 1718 ὡς
3592 1654 3663 1725 μὴ
3702 1655 3753 1708 τὸ

2192 1748 2374 1818 χεῖρον
2398 1745 2786 1800 ἐπανίστασθαι
2822 1746 2900 1817 τῷ
2931 1745 3158 1816 βελτίονι
3184 1762 3198 1776 ·
3240 1743 3561 1814 Ἀγίασμὸς
3592 1743 3666 1806 δὲ,
3688 1744 3752 1808 ὡς

521 1843 661 1894 mus,
716 1839 770 1885 et
803 1832 1060 1902 Spiritum
1102 1842 1373 1900 sanctum,
1407 1842 1673 1905 quotquot
1708 1834 1878 1906 ipsius
1915 1847 2082 1904 capa-

2198 1833 2516 1908 ιιαθαρότης,
2563 1835 2650 1888 ἵνα
2691 1832 2939 1904 χωρῆται
2985 1830 3048 1885 τὸ
3095 1831 3335 1905 καθαρὸν
3405 1829 3744 1901 καθαρότητι.

521 1933 612 1972 ccs
666 1936 876 1987 sumus,
934 1933 988 1978 et
1037 1934 1304 1994 quatenus
1336 1939 1399 1981 os
1434 1927 1630 1982 mentis
1697 1926 2090 1998 aperuerimus.

518 2008 732 2066 .lustitia
763 2014 783 2045 ⁶
803 2052 818 2079 ,
851 2015 979 2083 quia
1009 2030 1107 2085 pro
1132 2017 1325 2072 merito
1355 2018 1573 2087 pramia
1607 2025 1659 2074 et
1695 2031 1882 2087 poenas
1905 2015 2092 2072 distri-

524 2101 658 2166 buit,
682 2116 1003 2176 {equumque
1023 2104 1258 2174 iudicem
1286 2123 1343 2163 se
1365 2109 1567 2178 prazbet
1597 2109 1698 2173 his,
1734 2107 1824 2177 qui
1851 2107 1949 2162 sub
1979 2107 2094 2177 lege

522 2199 666 2256 sunt,
700 2201 753 2249 et
804 2193 911 2261 his,
949 2197 1040 2264 qui
1099 2197 1201 2252 sub
1246 2199 1453 2268 gratia;
1487 2199 1808 2268 corporique
1872 2199 1995 2252 item
2039 2208 2092 2251 et

523 2283 736 2349 animae,
767 2296 824 2360 nt
859 2286 987 2342 illud
1027 2298 1235 2358 pareat,
1272 2290 1388 2344 haec
1431 2289 1613 2358 praesit
1644 2298 1804 2360 atque
1842 2289 2089 2358 imperet,

524 2378 970 2448 praestantiorque
1021 2394 1146 2449 pars
1192 2379 1552 2451 principatum
1579 2381 1839 2435 adversus
1869 2379 2091 2434 inferio-

525 2491 639 2531 rem
669 2488 868 2545 tcneat,
905 2495 1004 2538 nec
1045 2481 1095 2535 id
1141 2482 1281 2550 quod
1320 2482 1557 2536 deterius
1595 2490 1697 2546 est,
1727 2480 1985 2534 adversus
2015 2479 2086 2543 id,
2127 2477 2269 2548 quod
2301 2477 2491 2533 melius
2525 2485 2631 2543 est,
2666 2476 2934 2548 insurgat.
2980 2475 3351 2532 Sanctiﬁcatio
3380 2476 3424 2537 ",

2195 2192 2276 2257 δὲ,
2319 2191 2395 2256 ὡς
2447 2191 2696 2246 ἐντεῦθεν
2745 2193 2893 2263 ἡμᾶς
2943 2192 3252 2245 άπανιστῶν
3283 2230 3298 2258 ,

2209 1922 2606 1995 Ἀπολύτρωσις
2657 1922 2750 1990 δὲ,
2813 1921 2889 1986 ὡς
2942 1919 3240 1992 ἐλευθερῶν
3299 1920 3464 1990 ἡμᾶς,
3504 1919 3610 1972 ὑπὸ
3665 1920 3749 1991 τῆς

2197 2013 2472 2084 ἁμαρτίας
2514 2011 2932 2084 κατεχομένους,
2969 2010 3063 2065 καὶ
3109 2009 3304 2082 λύτρον
3337 2010 3528 2064 ἑαυτὸν
3570 2010 3750 2064 ἀντιδι-

2195 2101 2318 2165 δοὺς
2367 2101 2524 2173 ἠμῶν
2571 2103 2670 2174 τῆς
2711 2101 3033 2172 οἰκουμένης
3070 2099 3384 2172 καθάρσιον.
3448 2101 3751 2163 Ἀνάστατις

3487 2191 3585 2246 καὶ
3634 2193 3752 2264 πρὸς

2197 2285 2294 2357 τὴν
2335 2284 2481 2358 ζωὴν
2518 2284 2808 2354 ἐπανάγων
2841 2282 3276 2357 νενεκρωμένους
3320 2282 3425 2337 ὑπὸ
3451 2285 3551 2355 τῆς
3587 2284 3752 2356 ἁμαρ-

2198 2379 2340 2443 τίας.

3480 2471 3610 2544 quia
3672 2485 3752 2541 pu-

525 2569 678 2636 ritas,
703 2580 966 2641 utpurum
1004 2571 1127 2625 illud
1157 2586 1352 2628 numen
1380 2588 1474 2642 per
1494 2573 1778 2642 puritatem
1804 2575 2067 2643 capiatur.
2125 2569 2443 2643 Redemptio
2458 2575 2500 2636 ⁸,
2528 2571 2652 2642 quia
2677 2587 2777 2628 nos
2820 2588 2849 2628 a
2884 2581 3105 2643 peccato
3139 2571 3382 2627 tletcntos
3437 2567 3490 2622 in
3555 2567 3753 2622 liberta-

525 2675 632 2723 tem
672 2666 884 2730 asserit,
916 2681 1138 2736 seseque
1169 2683 1265 2736 pro
1309 2667 1482 2731 nobis,
1517 2675 1573 2721 ut
1619 2666 1764 2722 orbis
1813 2676 2075 2723 terrarum
2117 2668 2384 2738 expietur,
2430 2666 2762 2722 liberatiouis
2827 2666 3058 2736 pretium
3103 2664 3216 2720 dat.
3268 2659 3674 2724 Resurrectio’,
3708 2667 3757 2712 ut

525 2776 623 2816 nos
669 2759 796 2816 hinc
853 2761 1112 2816 abductos
1167 2762 1461 2829 snscitans,
1493 2773 1598 2817 eta
1635 2772 1858 2831 peccato
1913 2773 2088 2817 morte
2131 2760 2352 2818 allectos
2381 2760 2446 2814 ad
2487 2760 2648 2813 vitam
2680 2759 2962 2814 reducens.

777 2854 954 2924 Atque
997 2855 1111 2909 haec
1170 2853 1342 2908 adhuc
1374 2855 1682 2910 communia
1719 2863 1867 2918 sunt,
1898 2864 2006 2909 tam
2044 2855 2091 2908 ei

523 2945 612 3014 qui
649 2959 809 3016 supra
859 2959 957 2999 nos
981 2953 1086 3011 est,
1120 2960 1280 3014 quam
1311 2947 1401 3015 qui
1434 2955 1650 3015 propter
1681 2959 1798 3000 nos.
1839 2942 1992 2999 Nunc
2027 2943 2092 2998 ad

524 3051 592 3112 ea.
633 3034 929 3096 veniamus,
962 3049 1080 3102 quae
1129 3035 1346 3103 proprie
1392 3044 1575 3088 nostra
1610 3044 1758 3100 sunt,
1789 3032 2096 3088 humanita-

2427 2852 2608 2907 Ταῦτα
2651 2853 2750 2924 μὲν
2774 2847 2866 2906 οὖν
2899 2851 2979 2904 ἔτι
3020 2849 3173 2905 κοινὰ
3208 2849 3303 2904 τοῦ
3334 2842 3405 2901 ’τε
3435 2845 3580 2918 ὑπὲρ
3605 2845 3755 2915 ἡμᾶς,

2197 2945 2293 3000 καὶ
2318 2944 2412 2999 τοῦ
2448 2944 2514 2998 δι’
2554 2945 2729 3016 ἡμᾶς·
2911 2942 2946 2998 ἃ
2975 2941 3030 2996 δὲ
3065 2942 3207 3006 ἰδίως
3238 2939 3476 3012 ἡμέτερα
3496 2981 3512 3006 ,
3553 2937 3756 3004 καὶτῆς

2199 3035 2448 3089 ἐντεῦθεν
2479 3033 2857 3107 προσλήψεως.
3035 3031 3354 3105 ’Ἄνθρωπος
3394 3029 3490 3102 μὲν
3510 3070 3526 3094 ,
3561 3028 3656 3098 οὐχ
3682 3027 3758 3080 ἵνα

527 3127 701 3195 lisque
729 3131 1034 3194 assumpta}.
1065 3124 1295 3179 Homo“
1316 3125 1494 3194 itaque
1522 3124 1742 3190 dicitur,
1786 3139 1890 3178 non
1920 3123 2090 3178 solum

2199 3127 2419 3202 χωρηθῇ
2453 3127 2614 3199 μόνον
2651 3127 2739 3180 διὰ
2783 3124 3028 3196 σώματος
3080 3125 3346 3195 σώμασιν,
3383 3123 3561 3185 ἄλλως
3587 3122 3682 3174 οὐκ
3703 3119 3758 3172 ἂν

526 3225 584 3271 ιιι
638 3232 735 3286 per
787 3231 986 3286 corpus
1025 3232 1053 3269 a
1093 3216 1412 3286 corporibus
1454 3217 1721 3286 capiatur,
1752 3217 1841 3286 qui
1898 3216 2096 3286 alioqui

524 3309 593 3361 oh
637 3307 1236 3376 incomprehensibilem
1310 3316 1558 3361 naturam
1610 3323 1761 3362 suam
1815 3308 1930 3376 capi
1991 3322 2096 3361 non

525 3407 766 3466 poterat;
821 3398 914 3453 sed
967 3399 1129 3453 etiam
1184 3409 1243 3452 ut
1293 3414 1388 3468 per
1414 3415 1472 3454 se
1508 3399 1776 3454 hominem
1812 3399 2098 3454 sanctitate

527 3489 743 3556 aﬂiciat,
797 3490 1153 3560 fernientiquc
1216 3490 1386 3546 instar
1436 3489 1700 3544 universa:
1768 3500 1960 3543 massae
2005 3487 2095 3551 sit,

526 3581 738 3651 sibique
758 3581 962 3647 ,uniens
1008 3581 1150 3652 quod
1203 3580 1619 3636 condemnatum
1685 3579 1878 3644 fuerat,
1930 3588 2096 3632 totum

528 3672 654 3728 illud
699 3689 728 3728 a
761 3673 1210 3729 condemnatione
1261 3672 1474 3736 liberet,
1534 3670 1718 3727 omnia
1767 3685 1867 3742 pro
1921 3669 2094 3735 nobis,

526 3780 646 3832 qua:
713 3781 809 3821 nos
866 3781 1072 3832 sumus,
1101 3774 1329 3834 excepto
1383 3773 1628 3833 peccato,
1661 3762 1856 3830 factus,
1881 3776 2096 3832 corpus,

527 3857 731 3921 anima,
789 3873 943 3913 mens
979 3857 1097 3926 (per
1122 3872 1241 3926 quae
1267 3856 1513 3910 videlicet
1545 3869 1688 3910 mors
1724 3853 2052 3922 pervaserat)
2079 3868 2095 3918 ;

526 3953 603 4007 et,
631 3945 775 4014 quod
802 3960 868 4000 ex
890 3947 976 4001 his
1004 3961 1292 4001 commune
1314 3954 1416 4009 est,
1453 3945 1637 4008 homo,
1673 3943 1904 3999 visibilis
1936 3943 2097 4008 Deus,

527 4045 748 4106 propter
775 4036 826 4089 id
853 4036 996 4106 quod
1028 4037 1210 4090 animo
1238 4046 1399 4103 atque
1428 4036 1706 4090 intellectu
1738 4035 2098 4106 comprehen-

528 4127 776 4182 debatur.
839 4126 1009 4183 Filius
1079 4127 1313 4183 hominis
1343 4130 1653 4198 “,propter
1703 4127 1986 4195 Adamutn,
2039 4142 2102 4184 ac

534 4218 828 4289 Virginem,
854 4233 920 4274 ex
974 4219 1174 4289 quibus
1227 4219 1458 4285 exstitit,
1489 4219 1579 4273 illo
1611 4220 1866 4274 nimirum
1915 4228 1970 4273 ut
2012 4234 2103 4290 ge-

529 4309 677 4364 neris
727 4319 971 4375 auctore,
1009 4310 1111 4366 hae
1145 4321 1325 4366 autem
1377 4321 1437 4366 ut
1489 4311 1859 4380 malre,juxta
1910 4315 2100 4368 matris

2197 3220 2466 3292 χωρηθεὶς
2493 3218 2582 3274 διὰ
2609 3218 2670 3272 τὸ
2701 3218 2798 3288 τῆς
2831 3217 3044 3288 φύσεως
3091 3217 3326 3287 ἄληπτον
3345 3227 3362 3245 ⁰
3537 3211 3653 3266 ἀλλ’
3684 3212 3759 3264 ἵνα

2197 3315 2292 3368 καὶ
2315 3311 2513 3383 ἁγιάσῃ
2537 3311 2604 3366 δι’
2623 3308 2814 3364 ἑαυτοῦ
2835 3309 2924 3362 τὸν
2945 3308 3247 3382 ἄνθρωπον,
3269 3307 3457 3377 ῶσπερ
3621 3301 3756 3374 ζύμη

2197 3406 2486 3477 γενόμενος
2515 3403 2592 3475 τῷ
2619 3404 2780 3457 παντῖ⁵
2807 3402 3107 3474 φυράματι,
3143 3400 3238 3453 καὶ
3267 3399 3398 3470 πρὸς
3427 3396 3624 3450 ἑαυτὸν
3645 3392 3761 3447 ἑνώ-

2200 3515 2298 3562 σας
2337 3497 2396 3550 τὸ
2452 3493 2816 3567 κατακριθὲν,
2868 3495 2988 3548 ὅλον
3031 3492 3168 3565 λύσῃ
3200 3490 3294 3544 τοῦ
3337 3489 3758 3560 κατακρίματος,

2200 3589 2377 3644 πάντα
2410 3589 2549 3662 ὑπὲρ
2579 3589 2795 3641 πάντων
2829 3586 3133 3658 γενόμενος,
3161 3587 3262 3639 ὅσα
3293 3585 3471 3655 ἡμεῖς.
3503 3581 3649 3649 πλὴν
3672 3580 3762 3650 τῆς

2198 3679 2496 3751 ἁμαρτίας,
2523 3678 2702 3752 σῶμα,
2725 3677 2891 3750 ψυχὴ,
2917 3675 3061 3742 νοῦς,
3092 3676 3156 3729 δι’
3181 3677 3304 3730 ὅσον
3458 3675 3486 3727 ό
3521 3673 3758 3735 θάνατος·

2199 3769 2260 3825 τὸ
2289 3759 2464 3824 κοινὸν
2492 3772 2558 3824 ὲκ
2593 3760 2818 3834 ⁸ῗῖούτων,
2853 3769 3155 3841 ἄνθρωπος,
3195 3767 3325 3830 Θεὸς
3357 3764 3661 3837 ὁρώμενος,
3686 3761 3765 3816 διὰ

2199 3863 2260 3917 τὺ
2287 3862 2600 3934 νοούμενον.
2797 3861 2924 3925 Υἱὸς
2970 3860 3027 3914 δὲ
3075 3859 3384 3932 ἀνθρώπου,
3426 3860 3522 3914 καὶ
3567 3858 3657 3913 διὰ
3685 3857 3766 3909 τὸν

2213 3954 2406 4027 Ἀδὰμ,
2455 3953 2549 4008 καὶ
2598 3951 2686 4006 διὰ
2718 3952 2814 4025 τὴν
2846 3951 3142 4025 Παρθένον,
3173 3951 3233 4017 ἐξ
3273 3945 3348 4006 ὧν
3394 3950 3645 4019 ἐγένετο·
3681 3945 3765 4001 τοῦ

2205 4047 2324 4119 μὲν,
2368 4045 2444 4109 ὡς
2484 4043 2848 4116 προπάτορος,
2883 4031 2982 4114 τῆς
3025 4043 3104 4110 δὲ,
3143 4042 3218 4107 ὼς
3253 4040 3456 4112 μητρὸς
3572 4036 3717 4106 νόμῳ
3746 4077 3760 4099 ,

2200 4138 2294 4193 καὶ
2326 4137 2387 4190 ού
2429 4136 2576 4208 νόμῳ
2627 4136 2960 4206 γεννήσεωςο
3003 4132 3237 4206 Χριστὸς
3277 4131 3356 4196 δὲ,
3401 4129 3488 4184 διὰ
3519 4130 3624 4204 τὴν
3657 4121 3765 4183 Θεό-

2200 4248 2378 4303 τητα·
2438 4228 2616 4302 χρίσις
2667 4226 2775 4300 γὰρ
2835 4225 2972 4298 αὕτη
3022 4227 3120 4297 τῆς
3163 4223 3626 4296 ἀνορωπότητος,
3676 4221 3767 4275 οὒκ

2202 4322 2452 4394 ἐνεργείᾳ
2486 4320 2627 4375 κατὰ
2665 4321 2790 4384 τοὺς
2826 4319 3018 4383 ἄλλους
3056 4317 3311 4389 χριστοὺς
3451 4315 3767 4385 ἁγιάζουσα,

532 4400 727 4468 legem,
757 4409 812 4455 et
851 4415 955 4455 non
980 4402 1132 4471 juxta
1158 4401 1325 4472 legem
1358 4403 1740 4472 generationis.
1791 4402 2091 4466 Christus",

2205 4412 2477 4486 παρουσίᾳ
2504 4412 2560 4466 δὲ
2590 4411 2712 4465 ὅλου
2735 4410 2830 4465 τοῦ
2861 4409 3102 4481 χρίοντος
3121 4423 3135 4438 ⁸
3176 4399 3244 4480 ἧς
3277 4406 3457 4478 ἔργον,
3486 4405 3771 4478 ἄνθρωπον

531 4499 748 4560 propter
792 4489 1248 4545 divinitatem:ea
1296 4492 1440 4546 enim
1501 4493 1855 4547 humanitatis
1912 4492 2099 4546 unctio
2131 4473 2432 4559 θάκᾷὖσαι

530 4596 630 4645 cSt,
669 4598 772 4636 non
803 4582 1136 4652 Operationc,
1173 4592 1229 4637 ut
1262 4584 1312 4637 in
1359 4583 1477 4637 aliis
1513 4583 1755 4647 christis,
1797 4584 1891 4639 sed
1931 4583 2097 4639 totius

529 4672 785 4744 ungentis
820 4675 1105 4743 praesentia
1139 4675 1487 4730 sanctificans
1525 4692 1538 4729 :
1576 4674 1729 4741 cujus
1762 4675 1849 4728 hic
1872 4673 2098 4732 cli‘ectus

527 4774 633 4828 est,
666 4773 725 4817 ut
750 4764 987 4834 id,quod
1022 4766 1194 4837 ungit,
1227 4768 1388 4821 homo
1417 4775 1661 4832 vocetur,
1693 4774 1768 4830 ct,
1808 4765 1950 4835 quod
1991 4781 2094 4819 un-

529 4854 692 4921 gitur,
756 4853 905 4932 Deus.
955 4851 1094 4910 ηυντ
1136 4855 1227 4911 Via
1259 4857 1323 4925 ‘3,
1347 4865 1405 4909 ut
1459 4870 1553 4926 per
1609 4871 1666 4910 se
1725 4871 1822 4910 nos
1853 4855 2093 4924 ducens;

529 4944 739 4999 Ostium
758 4943 820 5016 ⁸³,
840 4954 896 4998 ιιι
948 4945 1324 5002 introductor:
1364 4945 1555 5000 Pastor
1581 4948 1728 5018 “,ut
1763 4961 1860 5000 nos
1901 4946 1953 5000 in
1985 4946 2099 5000 loco

527 5051 741 5107 pascurc
794 5037 1091 5102 collocans,
1130 5047 1184 5093 et
1224 5054 1361 5109 aqua
1417 5039 1730 5094 refectionis
1776 5035 2095 5103 edocens”,

528 5138 690 5197 atque
720 5128 845 5183 hinc
869 5129 1023 5182 nobis
1059 5129 1269 5182 itineris
1295 5131 1482 5182 ducem
1515 5143 1571 5183 se
1591 5127 1858 5198 prtebetts,
1895 5142 2098 5182 necnon

527 5222 786 5274 adversus
819 5219 1025 5273 belluas
1078 5235 1174 5288 pro
1224 5219 1376 5274 nobis
1436 5219 1698 5274 dimicans
1726 5236 1740 5270 :
1771 5224 1881 5272 tum
1915 5219 2096 5279 etiam,

528 5317 585 5361 ut
636 5319 884 5362 errantes
937 5323 1211 5374 revocans,
1246 5316 1300 5362 et
1537 5309 1773 5377 perditos
1815 5307 2097 5374 reducens,

527 5410 579 5452 et
602 5399 906 5454 confractas
933 5399 1199 5464 obligans,
1229 5409 1282 5453 et
1319 5398 1563 5454 infirmos
1611 5399 1892 5464 roborans,
1924 5409 1977 5454 et
2012 5400 2100 5453 ﬁr-

529 5503 645 5542 mos
695 5504 758 5543 ac
797 5489 1002 5543 validos
1055 5491 1382 5557 custodiens,
1415 5501 1576 5561 atque
1625 5491 1690 5545 ad
1741 5491 1932 5545 futura:
1978 5491 2098 5545 vita:

529 5580 762 5645 caulam,
787 5594 884 5648 per
912 5580 1199 5650 pastoralis
1230 5581 1472 5638 scientiae
1521 5582 1778 5649 rationes,
1807 5581 2096 5651 colligens:

2569 4501 2631 4556 τὸ
2656 4501 2829 4574 χρίον,
2855 4500 2948 4554 καὶ
2979 4499 3202 4571 ποιῆσαι
3226 4499 3358 4552 Θεὸν
3381 4497 3443 4552 τὸ
3464 4499 3768 4571 χριόμενον

2215 4595 2361 4658 Ὀδὺς
2394 4593 2470 4657 δὲ,
2521 4593 2597 4658 ὡς
2636 4593 2703 4647 δι’
2749 4590 2941 4646 ἑαυτοῦ
2979 4591 3158 4662 φέρων
3196 4592 3368 4663 ἡμᾶς·
3415 4589 3570 4662 Θύρα
3599 4590 3676 4653 δὲ,
3705 4589 3774 4652 ὼς

2205 4684 2537 4755 εἰσαγωγεύς
2564 4698 2580 4716 ο
2628 4684 2839 4754 Ποιμὴν
2870 4683 2947 4751 δὲ,
2979 4684 3055 4745 ὼς
3087 4683 3165 4746 είς
3201 4681 3364 4736 τόπον
3406 4681 3574 4752 χλόης
3614 4697 3774 4734 κατα-

2207 4775 2443 4846 σκηνῶν,
2478 4775 2571 4828 καὶ
2600 4773 2877 4846 ὲκτρέφων
2921 4773 3012 4826 ἐπὶ
3053 4773 3244 4837 ὓδατος
3275 4771 3660 4835 ἀναπαύσεως,
3691 4770 3778 4822 καὶ

2204 4863 2452 4917 ἐντεῦθεν
2481 4862 2711 4934 ὁδηγῶν,
2741 4863 2836 4916 καὶ
2859 4861 3219 4934 προπολεμῶν
3250 4861 3389 4916 κατὰ
3413 4860 3523 4915 τῶν
3549 4861 3774 4932 Θηρίωνο

2202 4954 2264 5008 τό
2291 4952 2638 5025 πλανώμενον
2668 4954 3033 5026 ἐπιστρέφων,
3060 4954 3120 5006 τὸ
3152 4953 3429 5016 ἀπολωλὸς
3464 4953 3777 5020 ἐπανάγων,

2201 5047 2263 5100 τὸ
2309 5045 2764 5118 συντετριμμένον
2817 5045 3192 5116 καταδεσμῶν,
3231 5045 3288 5098 τὸ
3327 5044 3543 5116 ἰσχυρὸν
3585 5043 3781 5112 φυλάσο

2206 5153 2336 5202 σων,
2370 5136 2463 5190 καὶ
2494 5137 2630 5209 πρὸς
2659 5138 2758 5208 τὴν
2786 5135 2997 5191 ἐκεῖθεν
3030 5136 3270 5208 μάνδραν
3311 5135 3562 5204 συνάγων
3604 5134 3782 5202 λόγοις

2206 5230 2565 5300 ποιμαντικῆς
2605 5231 2912 5301 ἐπιστήμης
2938 5245 2954 5261 ⁸
2984 5228 3262 5299 Πρόόατον
3306 5227 3383 5293 δὲ,
3417 5228 3492 5291 ὡς
3521 5229 3778 5297 σφάγιον

2218 5317 2412 5388 Ἀμνὸς
2449 5319 2529 5384 δὲ,
2555 5319 2630 5383 ὡς
2652 5319 2874 5374 τέλειονσ
2927 5322 3242 5392 Ἀρχιερεὺς
3386 5319 3461 5382 δὲ,
3492 5319 3572 5384 ὡς
3615 5334 3782 5390 προσ-

2196 5408 2468 5478 αγωγεύς·
2533 5410 2866 5480 Μελχισεδὲκ
2895 5411 2973 5478 δὲ,
2997 5413 3072 5476 ὡς
3101 5413 3328 5484 ἀμήτωρ
3353 5410 3414 5463 τὸ
3441 5410 3586 5482 ὑπὲρ
3613 5411 3780 5482 ἡμᾶς.

2197 5502 2292 5554 καὶ
2323 5503 2552 5575 ἀπάτωρ
2580 5504 2640 5556 τὺ
2666 5503 2784 5558 καθ’
2810 5506 2960 5575 ἡμᾶς
2979 5521 2993 5537 ο
3027 5504 3120 5556 καὶ
3150 5503 3225 5567 ὡς
3251 5502 3689 5573 ἀγενεαλόγητος

2196 5593 2256 5647 τὸ
2298 5594 2409 5649 ἄνω
2429 5612 2441 5626 ⁸
2477 5597 2596 5666 Τὴν
2627 5597 2732 5669 γὰρ
2763 5598 2968 5668 gerem
3019 5596 3224 5656 αὐτοῦ,
3257 5596 3414 5667 φησὶ,
3447 5595 3539 5661 τίς
3576 5593 3778 5663 διηγή-

587 5717 620 5785 λί
659 5747 772 5803 Gen
799 5763 872 5812 iv,
903 5746 993 5802 25.
1070 5749 1090 5780 ³
1116 5745 1277 5801 Joan.
1305 5761 1431 5807 vm,
1470 5744 1555 5800 12.
1633 5743 1830 5800 'Joan.
1865 5759 1976 5806 xlv,
2011 5744 2064 5799 6.

2198 5747 2314 5803 Act.
2340 5765 2473 5810 χιιι,
2495 5749 2585 5806 28.
2663 5752 2682 5784 ⁸
2703 5749 2840 5806 Gen.
2875 5767 2934 5814 ιι,
2957 5750 3010 5804 7ο
3093 5749 3112 5780 ⁸
3141 5750 3159 5802 l
3190 5749 3316 5804 Cor.
3347 5764 3384 5807 ι,
3411 5745 3500 5801 50.
3583 5745 3605 5776 '
3643 5743 3779 5801 ibid.

529 5819 710 5874 'lbid.
787 5821 806 5851 ’
837 5818 998 5874 Joan.
1032 5833 1108 5878 xi.
1157 5816 1247 5871 25.
1355 5816 1581 5872 “Joan.
1614 5831 1688 5874 ιι,
1741 5815 1826 5869 Η.

533 5890 580 5922 ⁸⁸
611 5889 767 5948 Joan.
798 5905 849 5958 ι,
870 5888 922 5945 9.
1003 5890 1044 5921 "
1065 5887 1225 5944 Joan.
1249 5903 1304 5957 ι,
1335 5887 1423 5942 Η.
1502 5887 1544 5919 ⁸⁸
1565 5884 1708 5940 Psal.
1751 5885 1954 5952 ξηιλ.

1931 5816 1974 5846 ¹¹
2014 5814 2206 5875 Matth.
2250 5834 2396 5882 xxw,
2428 5820 2518 5889 ‘27,
2551 5821 2641 5875 Η.

2747 5823 2790 5854 ⁸³
2822 5821 3012 5876 Matth.
3047 5837 3093 5886 ι,
3134 5820 3220 5874 16.
3299 5820 3340 5851 ⁸³
3369 5815 3527 5875 Joan.
3582 5832 3701 5892 xiv,
3730 5817 3763 5870 6
