3954 6562
135 454 227 516 191

1094 458 1472 519 PANOPLIA
1512 460 1970 521 DOGMATICA.
2017 487 2085 499 —
2124 460 2271 519 TlT.
2312 460 2411 520 \‘I.

3280 461 3381 525 193

129 583 326 630 onerat;
357 570 452 621 καὶ
474 567 557 631 ὡς
587 569 836 639 βασιλεὺς
854 568 1063 641 Σαλήμ,
1093 572 1303 640 εἰρήνη
1328 572 1383 624 δὲ
1412 571 1591 637 τοῦτο,
1616 572 1689 625 κα¹

1812 574 1941 628 Ovis
1964 574 1979 605 ¹
2040 588 2222 642 porro,
2258 580 2318 626 ut
2350 572 2565 627 victima
2595 589 2609 627 ι
2644 574 2828 642 Agnus
2854 575 2896 641 ’,
2937 582 2992 629 ut
3053 574 3328 643 perfectus
3362 589 3379 627 :

130 662 202 725 ὡς
223 661 530 728 βασιλεὺς
564 663 972 731 δικαιοσύνης,
1001 666 1092 717 καὶ
1117 665 1192 729 ὡς
1220 665 1569 719 ἁποδεκατῶν
1594 682 1701 717 πα-

133 756 388 826 τριάρχας
416 756 568 809 κατὰ
618 758 726 809 τῶν
772 758 1026 830 πονηρῶν
1060 759 1347 830 δυνάμεων
1387 758 1703 830 ἀριστεύον-

133 864 241 907 τας.

1814 664 2064 719 Pontifex
2100 665 2142 728 ³,
2177 674 2234 718 ut
2266 664 2476 718 oblator
2525 683 2539 719 :
2578 664 2971 721 Melchisedech
2998 664 3040 731 ⁸,
3084 676 3142 720 οι
3185 666 3376 719 matris

1812 772 2027 827 expers,
2054 759 2196 826 quod
2226 758 2289 811 ad
2320 766 2568 811 naturam
2606 757 2751 811 illam
2789 767 2972 813 nostra
3017 759 3372 814 excelsiorem

1809 852 2023 914 attinet,
2059 858 2212 917 patre
2245 860 2423 901 autem
2457 863 2669 910 carens,
2706 858 2961 918 quantum
2996 852 3060 903 ad
3089 860 3329 904 nostram
3360 868 3373 904 :

135 949 233 992 lunt
263 940 423 993 etiam
478 942 611 1010 quia
648 943 953 998 sublinntus
984 948 1190 1012 alisque
1230 940 1538 1012 genealogis
1566 946 1667 994 e‘st.
1710 936 2132 1007 (Cenerationem
2161 938 2302 990 enim
2327 938 2489 1001 illius,
2524 938 2716 1006 inquit,
2742 941 2857 1007 quis
2884 940 3147 991 cnarrabit
3180 938 3260 1002 “7)
3300 937 3376 991 Ac

134 1042 401 1103 praetcrea,
462 1043 524 1086 ut
574 1033 686 1088 Rex
730 1033 905 1089 Solem
929 1037 972 1102 ⁸,
1015 1037 1117 1092 boc
1167 1047 1269 1098 est,
1306 1038 1469 1104 paris,
1492 1043 1546 1088 et
1593 1034 1703 1089 Rex
1723 1034 1977 1102 justitiw,
2020 1046 2083 1085 ac
2115 1031 2346 1100 denique
2378 1041 2433 1086 ut
2466 1047 2494 1085 a
2533 1030 2856 1100 patriarcltis
2907 1031 3165 1087 adversus
3213 1032 3375 1100 pesti-

134 1126 265 1179 feras
289 1132 599 1193 potestates
630 1136 849 1181 strenue
889 1144 1001 1183 rem
1028 1129 1361 1199 gerentibus,
1391 1128 1631 1183 decimas
1661 1126 1952 1195 accipiens.

706 1247 951 1301 τιτΑοΣ
1008 1246 1102 1315 q'.

136 1337 258 1404 Περὶ
292 1336 403 1404 τῆς
434 1340 607 1410 θείας
643 1339 1051 1409 δημιουργίας,
1084 1341 1191 1395 τοῦ
1235 1338 1503 1410 μεγάλου
1542 1341 1696 1406 Γρη-

194 1410 394 1482 γορίου
432 1408 543 1463 τοῦ
573 1408 868 1482 Θεολόγου
890 1412 973 1482 ex
1009 1411 1115 1466 τοῦ
1143 1408 1331 1482 λόῂιου
1360 1410 1466 1463 τοῦ
1504 1414 1593 1476 είς
1628 1410 1697 1463 τὰ

196 1478 467 1547 γενέθλια
509 1480 622 1533 τοῦ
655 1480 935 1548 Χριστοῦ.

198 1570 349 1623 Οὕτω
380 1571 483 1640 μὲν
536 1568 637 1626 οὖν
670 1572 739 1627 τὰ
763 1573 931 1641 ’Ἅγια
968 1574 1079 1628 τῶν
1108 1576 1305 1645 ἁγίων,
1355 1578 1392 1631 ἃ.
1445 1576 1536 1630 καὶ
1581 1577 1697 1639 τοῖς

132 1663 370 1733 Σεραφὶμ
408 1666 885 1733 συγκαλύπτεται,
922 1669 1016 1721 καὶ
1033 1668 1314 1735 δοξάζεται
1342 1670 1520 1740 τρισὶν
1541 1670 1697 1737 ἁγια-

134 1758 277 1825 σμοῖς
310 1759 390 1820 είς
439 1759 580 1826 μίαν
613 1758 858 1813 συνιοῦσι
911 1762 1233 1832 κυριότητα,
1293 1761 1391 1815 καὶ
1440 1760 1690 1831 θεότητα.

2369 1240 2671 1297 TlTULUS
2721 1240 2811 1295 Vl.

1807 1336 1882 1390 De
1927 1336 2137 1406 opiﬁcio
2188 1335 2300 1389 Dei.
2353 1334 2590 1407 Gregorii
2642 1335 2892 1407 Tlteologi
2931 1352 2997 1389 ea:
3040 1338 3278 1391 oratione
3307 1338 3380 1407 ξὶιι

2257 1408 2392 1460 diem
2436 1406 2666 1459 natalem
2700 1404 2917 1461 Christi.

1870 1565 1948 1620 Ita
2002 1563 2199 1619 Sancta
2254 1575 2594 1627 sanctorum,
2649 1579 2767 1634 quae
2818 1565 2948 1635 ipsis
2992 1565 3153 1619 etiam
3216 1565 3378 1620 Sera-

1798 1658 1929 1729 phin
1973 1658 2186 1713 occulta
2236 1666 2388 1722 sunt,
2442 1667 2497 1712 et
2553 1657 2748 1726 triplici
2814 1658 2880 1711 ab
2939 1658 3019 1712 eis
3080 1660 3381 1713 sanctitatis

1800 1751 1958 1806 laude
2012 1750 2382 1815 celebrantur,
2440 1750 2493 1803 in
2554 1764 2725 1804 unum
2775 1749 3137 1818 principatum
3179 1749 3379 1804 divini-

140 1850 278 1903 Ἐπεὶ
303 1850 358 1903 δὲ
386 1851 671 1922 οὑκῆρκει
703 1854 765 1922 τῇ
796 1852 1094 1923 ἁγαθότητι
1127 1853 1284 1907 τοῦτο
1317 1855 1378 1907 τὸ
1421 1853 1689 1907 κινεῖσθαι

1798 1851 2069 1911 talemque
2111 1842 2466 1897 conveniunt.
2506 1837 2703 1893 Verum
2750 1839 2875 1907 quia
2915 1839 3143 1893 bonitati
3185 1839 3381 1893 divina:

133 1944 279 2009 μόνον
314 1945 381 2013 τῇ
415 1944 628 2013 ἑαυτῆς
651 1944 877 2015 Θεωρία,
911 1944 1028 1997 ἀλλ’
1059 1944 1167 1997 ἔδει
1197 1946 1428 2015 χυθῆναι
1458 1946 1520 1998 τὸ
1558 1947 1694 2013 ἀγα-

133 2034 348 2099 θόν,καὶ
387 2036 636 2101 ὁδεῦσαι,
663 2037 740 2100 ὠς
785 2038 1011 2093 πλείονα
1065 2032 1205 2093 εἶναι
1254 2040 1323 2093 τὰ
1370 2039 1693 2108 εὐεργετού-

137 2144 278 2195 μενα,
308 2126 466 2180 τοῦτο
492 2127 610 2198 γὰρ
629 2129 728 2200 τῆς
756 2129 933 2201 ἄκρας
972 2126 1040 2201 ἦν
1068 2131 1404 2201 ἀγαθότητος
1433 2146 1451 2165 ο
1475 2132 1693 2202 πρῶτον

138 2218 224 2287 μὲν
238 2217 409 2270 ἐννοΞί
434 2218 540 2282 τὰς
568 2220 871 2288 ἁγγελικάς
899 2220 1159 2289 δυνάμεις
1176 2222 1270 2274 καὶ⁸
1294 2221 1578 2291 οὐρανίας,
1599 2222 1691 2276 καὶ

84 2318 89 2321 ’
137 2313 188 2362 τὸ
214 2309 447 2379 ἐννόημα
484 2311 655 2381 ἔργον
685 2306 773 2382 ἦν,
827 2310 971 2381 λόγῳ
1020 2312 1538 2383 συμπληρούμενον,
1597 2314 1691 2367 καὶ

140 2400 399 2471 Πνεύματι
427 2402 842 2474 τελειούμενον.
868 2406 980 2459 Καὶ
1013 2405 1186 2471 οὕτως
1210 2406 1524 2478 ὑπέστησαν
1550 2405 1691 2477 λαμ-

140 2493 385 2564 πρότητες
413 2484 701 2567 δεύτεραι,
744 2496 1053 2568 λειτουργοὶ
1110 2499 1210 2569 τῆς
1265 2497 1490 2568 πρώτης
1546 2499 1689 2568 λαμ-

139 2586 401 2657 πρότητος,
434 2590 555 2643 εἴτε
592 2593 756 2661 νοερὰ
782 2591 1086 2661 πνεύματα,
1108 2593 1220 2646 εἴτε
1250 2592 1361 2664 πῦρ
1384 2589 1498 2646 οἷον
1525 2592 1688 2646 ἅῦλον

139 2682 219 2733 καὶ
244 2681 559 2753 ἀσώματον,
592 2685 703 2738 εἴτε
744 2684 867 2741 τινὰ
894 2685 1055 2755 φύσιν
1094 2685 1263 2753 ἄλλην
1292 2686 1374 2740 ὅτι
1402 2688 1690 2758 ἐγγυτάτω

137 2775 227 2827 τῶν
251 2778 559 2848 εἰρημένων
581 2778 789 2843 ταύτας
842 2782 1203 2851 ὑποληπτέον.
1271 2782 1544 2853 Βούλομαι
1590 2784 1689 2853 μὲν

137 2868 291 2921 εἰπεῖν
345 2868 428 2937 ὅτι
474 2870 776 2941 ἀκινήτους
819 2872 961 2942 πρὸς
1001 2874 1064 2927 τὸ
1138 2874 1328 2940 κακὸν,
1383 2876 1476 2929 καὶ
1522 2876 1689 2946 μόνην

137 2957 339 3026 ἐχούσας
375 2960 474 3031 τὴν
508 2960 610 3017 τοῦ
648 2962 815 3017 καλοῦ
848 2964 1089 3034 κίνησιν,
1126 2965 1221 3019 ἅτε
1274 2967 1405 3036 περὶ
1438 2966 1570 3023 Θεὸν
1600 2966 1691 3021 οὖ-

143 3067 244 3113 σας,
276 3053 364 3105 καὶ
388 3053 461 3106 ’τὰ
513 3054 711 3127 πρῶτα
750 3058 815 3111 ὲκ
870 3057 1006 3111 Θεοῦ
1056 3059 1435 3129 λαμπομένας.
1469 3061 1549 3114 Τὰ
1580 3060 1689 3131 γὰρ

102 3141 349 3196 ’ἐνταῦθα
401 3145 671 3218 δευτέρας
720 3147 1063 3219 ἑλλάμψεως.
1133 3152 1317 3205 Πείθει
1371 3153 1428 3206 δέ
1481 3170 1550 3222 με
1613 3155 1687 3225 μὴ

1800 1949 1909 1988 non
1960 1943 2077 1987 erat
2117 1933 2269 1999 satis,
2316 1948 2412 1987 sua
2446 1932 2618 2002 ipsius
2644 1930 3106 2002 contemplatione
3148 1930 3378 1989 moveri.

1799 2029 1895 2083 sed
1924 2026 2233 2095 oportebat,
2277 2035 2336 2080 ut
2373 2026 2574 2080 bonum
2628 2024 2803 2094 ipsum
2854 2038 2975 2079 sese
3027 2022 3378 2086 diﬂ'underct,

1799 2130 1853 2175 ct
1882 2118 2328 2191 progrederetur,
2375 2133 2484 2187 quo
2511 2132 2569 2171 se
2620 2116 2869 2185 pluribus
2926 2114 3377 2171 communicaret.

1799 2211 1937 2283 (Hoc
1965 2211 2110 2265 enim
2142 2224 2368 2265 summae
2396 2208 2657 2264 bonitatis
2697 2208 2974 2278 proprium
3012 2207 3148 2277 erat)
3177 2206 3380 2261 idcirco

1798 2312 2098 2374 potestates
2174 2302 2449 2373 angelicas
2510 2311 2675 2371 atque
2721 2302 2972 2355 cmlestes
3050 2300 3381 2369 cogitatione

1796 2395 2067 2466 concepit,
2100 2403 2155 2450 et
2190 2393 2449 2464 cogitatio
2502 2393 2680 2463 reipsa
2727 2393 2830 2447 fuit
2880 2393 3046 2446 verbo
3084 2391 3377 2459 completa,

1796 2497 1853 2544 et
1906 2487 2101 2558 spiritu
2140 2486 2406 2557 perfecta.
2438 2485 2616 2556 Atque
2664 2486 2738 2540 ita
2788 2482 3011 2539 secundi
3060 2482 3380 2553 splendores

1796 2580 1959 2653 primi
1990 2579 2297 2651 splendoris
2340 2576 2600 2641 ministri,
2645 2575 2761 2631 sive
2807 2575 3030 2646 spiritus
3076 2575 3381 2644 intelligen-

1797 2683 1900 2741 tes,
1949 2670 2065 2727 sive
2105 2670 2249 2741 ignis
2294 2670 2578 2723 materiam
2630 2676 2685 2722 et
2736 2682 2935 2737 corpus
2985 2682 3096 2720 non
3147 2665 3378 2729 habens,

1795 2766 1912 2820 sive
1964 2763 2067 2818 alia
2099 2763 2279 2832 aliqua
2328 2771 2545 2827 natura,
2589 2760 2655 2814 iis
2707 2775 2826 2829 quae
2879 2759 3023 2813 dicta
3073 2765 3201 2812 sunt
3254 2773 3379 2827 pro-
3424 2766 3431 2781 ‘

1794 2857 1938 2912 xima
1984 2855 2214 2928 putandi
2261 2863 2412 2919 sunt,
2484 2852 2832 2908 exstiterunt.
2898 2851 3165 2921 Equidem
3213 2850 3376 2903 velim

1793 2948 1973 3005 dicere
2022 2947 2171 3002 nulla
2214 2962 2308 3003 eos
2348 2947 2716 3016 propensione
2748 2944 2817 2997 ad
2855 2943 3055 2997 malum
3086 2940 3237 3004 ferri,
3277 2940 3373 2995 sed

1794 3038 2004 3094 moveri
2056 3037 2317 3092 duntaxat
2376 3036 2442 3089 ad
2503 3034 2732 3096 bonum,
2798 3033 2999 3102 quippe
3066 3030 3156 3101 qui
3204 3043 3373 3100 prope

1796 3130 1966 3185 Deum
1999 3129 2129 3195 sint,
2167 3127 2435 3199 primique
2468 3126 2536 3182 ab
2579 3126 2698 3197 ipso
2739 3123 2847 3179 Deo
2878 3122 3185 3179 eﬂulser‘int
3222 3124 3371 3193 (nam

143 3217 588 3307 ἀκινήτως,ἀλλὰ
615 3217 973 3313 δυσκινήτοος
1000 3245 1097 3298 καὶ
1122 3217 1533 3315 ὑπολαμϐάνειν
1556 3217 1689 3301 τεέύέ

1797 3222 2027 3291 quaehic
2073 3229 2223 3285 sunt,
2272 3218 2514 3274 secundo
2559 3218 2681 3272 loco
2726 3217 3015 3287 fulserunt)
3083 3229 3271 3270 verum
3319 3222 3379 3268 ut

143 3343 225 3389 τας
255 3304 344 3383 καὶ
384 3331 594 3400 λέγειν,
656 3335 685 3386 ὁ
713 3333 801 3387 διὰ
831 3304 936 3405 τὴν
955 3304 1349 3409 ⁷λαμπρότητα
1390 3339 1689 3409 ἑωσφόρος,

1797 3331 1892 3371 eos
1918 3330 2027 3371 non
2062 3312 2391 3377 immobiles,
2421 3311 2514 3367 sed
2544 3310 2759 3366 diﬂicile
2788 3310 2993 3365 moveri
3022 3318 3077 3363 et
3118 3306 3372 3369 sentiam,

149 3420 311 3485 σκότος
339 3423 425 3477 διὰ
449 3423 555 3495 τὴν
588 3423 824 3497 ἔπαρσιν
859 3427 954 3480 καὶ
982 3429 1279 3498 γενόμενος
1322 3431 1420 3483 καὶ
1451 3429 1690 3507 λεγόμε-

145 3528 237 3577 νος,
252 3514 306 3567 αῖ
328 3531 383 3567 τε
401 3515 494 3569 ὁπ’
519 3515 687 3570 αὑτὸν
719 3519 1086 3573 ἁποστατικαὶ
1120 3521 1405 3590 δυνάμεις,
1428 3524 1693 3593 δημιουρ-

148 3604 223 3670 γοὶ
254 3606 347 3676 τῆς
374 3606 583 3671 κακίας
622 3610 690 3679 τῇ
721 3608 817 3662 τοῦ
847 3610 1017 3664 καλοῦ
1056 3614 1227 3683 φυγῇ,
1253 3614 1349 3667 καὶ
1382 3613 1515 3683 ἡμῖν
1553 3614 1692 3684 πρό-

147 3698 287 3760 ξενοι,

1791 3418 1847 3464 et
1872 3409 2071 3473 dicam,
2118 3407 2249 3462 facit
2290 3421 2401 3461 non
2450 3406 2625 3460 solum
2686 3405 2751 3468 is,
2782 3404 2875 3476 qui
2931 3412 3152 3473 propter
3197 3399 3380 3471 Splen-

1790 3500 1976 3555 dorem
2008 3514 2117 3569 quo
2157 3496 2535 3552 illustrabatur
2563 3494 2781 3549 Lucifer
2815 3494 2974 3557 olim,
3010 3507 3157 3546 nunc
3186 3499 3370 3544 autem

1791 3601 2017 3663 propter
2069 3589 2404 3659 superbiam,
2459 3587 2809 3641 tenebrarum
2862 3585 3116 3655 princeps
3164 3589 3218 3635 et
3264 3587 3369 3643 est,

1789 3694 1845 3741 et
1882 3682 2200 3756 appellatur,
2231 3680 2328 3735 sed
2360 3680 2525 3734 etiam
2568 3678 2694 3747 illae,
2734 3692 2854 3747 quae
2897 3690 3021 3730 cum
3072 3674 3190 3743 ipso
3228 3668 3379 3725 dele-

145 3807 330 3866 cernat,
372 3809 428 3857 et
495 3802 603 3859 sub
648 3802 770 3874 ipso
814 3811 942 3859 sunt
992 3813 1309 3875 potestates,
1355 3786 1477 3875 quae
1514 3803 1719 3860 bonum
1765 3804 2060 3875 fugientes,
2128 3800 2255 3858 mali
2288 3798 2595 3854 eﬂ'ectrices
2640 3803 2954 3863 evaserunt,
2998 3801 3051 3850 et
3098 3805 3201 3846 nos
3245 3788 3373 3842 item

144 3888 198 3942 ad
225 3893 411 3950 malum
446 3895 809 3952 cohortantur
840 3908 895 3954 et
928 3897 1235 3968 impellunt.

722 4010 836 4066 Τοῦ
869 4012 1081 4067 αὐτοῦ.

204 4102 347 4156 Οὕτω
376 4105 475 4175 μὲν
515 4104 610 4161 οὖν
638 4107 664 4160 ὁ
688 4106 879 4177 νοητὸς
911 4106 1061 4177 αὑτῷ
1104 4094 1314 4160 statera
1344 4106 1521 4160 ταῦτα
1574 4108 1683 4161 ὑπ-

148 4192 258 4263 έστη
296 4195 611 4267 κόσμος,ιῦς
638 4199 737 4267 ἐμὲ
772 4199 905 4267 γοῦν
934 4201 1066 4269 περὶ
1094 4200 1301 4253 τούτων
1324 4199 1683 4269 φιλοσοφῆσαι

149 4284 309 4355 μικρῷ
348 4286 491 4358 λόγῳ
523 4288 593 4341 τὰ
627 4289 842 4358 μεγάλα
874 4289 1291 4361 σταθμώμενον.
1351 4291 1506 4345 Ἐπεὶ
1536 4291 1593 4344 δὲ
1617 4290 1684 4343 τὰ

148 4375 313 4444 πρῶτα
344 4380 523 4444 καλῶς
554 4375 701 4451 εἶχεν
736 4380 909 4453 αὐτῷ,
943 4382 1199 4453 δεύτερον
1263 4384 1437 4436 ἒννοεῖ
1479 4382 1685 4450 κόσμον

145 4468 302 4523 ὑὶικὸν
331 4475 422 4527 καὶ
444 4474 750 4545 ὁρώμενον,
786 4476 881 4529 καὶ
910 4468 1065 4541 οὗτός
1092 4479 1209 4530 ἐστι
1239 4476 1300 4529 τὸ
1336 4476 1394 4541 ἐξ
1445 4474 1680 4545 οὐρανοῦ

148 4563 225 4613 καὶ
245 4563 336 4633 γῆς
360 4567 450 4620 καὶ
487 4567 599 4620 τῶν
620 4567 677 4619 ἐν
703 4568 853 4639 μέσῳ
877 4567 1131 4640 σύστημα
1163 4585 1222 4622 τε
1254 4570 1346 4623 καὶ
1379 4568 1680 4640 σύγκριμα

2278 3996 2357 4053 Ea:
2388 3997 2569 4051 eadem
2609 3996 2869 4051 oratione.

1857 4092 1971 4147 Hoc
2019 4090 2184 4163 igitur
2217 4096 2379 4161 pacto
2414 4089 2650 4144 mundus
2701 4086 2777 4142 illi
2829 4086 3076 4142 constitit
3120 4086 3377 4159 intelligi-

1783 4184 1930 4248 bilis,
1966 4183 2012 4237 si
2046 4196 2213 4252 parva
2246 4180 2501 4236 oratione
2524 4178 2651 4233 licet
2694 4193 2890 4246 magna
2936 4179 3372 4248 perpendontem

1786 4275 2180 4345 philos0pbari.
2239 4273 2308 4326 At
2337 4287 2459 4328 cum
2514 4271 2591 4324 illi
2641 4276 2815 4341 prima
2860 4271 3119 4340 praaclare
3167 4286 3231 4326 se
3276 4272 3375 4327 lia-

1790 4368 2002 4429 berent,
2063 4367 2295 4421 alterum
2345 4364 2609 4419 mundum
2676 4365 2933 4435 acgitavit
3000 4379 3069 4421 ex
3145 4368 3371 4423 materia

1791 4467 2132 4514 constantem
2162 4465 2217 4512 et
2244 4456 2648 4526 aSpectabilem,
2677 4456 2770 4525 qui
2800 4471 2869 4509 ex
2897 4456 3052 4523 caelo,
3097 4465 3368 4527 terraque,

1791 4558 1847 4604 et
1879 4548 1964 4604 bis
1996 4563 2116 4618 quae
2150 4547 2205 4601 in
2237 4547 2414 4602 medio
2473 4555 2619 4609 sunt,
2653 4556 2943 4600 concretus
2972 4555 3077 4612 est,
3129 4557 3183 4603 et
3235 4564 3370 4604 con-

150 4653 402 4710 ὲπαινετδν
432 4658 535 4729 μὲν
568 4657 668 4729 τῆς
699 4633 1090 4713 καθ”ἓκαστον
1148 4660 1402 4730 εὐφυΐας,
1435 4633 1689 4725 ἀξιέπαι-

1797 4643 2045 4704 stitutus,
2096 4638 2387 4694 laudabilis
2414 4637 2652 4730 ‘quidem
2717 4652 2784 4691 ex
2824 4654 3006 4691 rerum
3031 4639 3369 4708 singularum

154 4746 414 4822 νιτὼτερον
442 4751 502 4806 δὲ
533 4750 633 4821 τῆς
660 4751 718 4819 ἐξ
751 4752 1007 4807 ἁπάντων
1034 4752 1403 4823 εὐαρμοστίας
1436 4751 1530 4806 καὶ
1547 4769 1684 4822 συμ-

156 4837 348 4905 φωνίας,
395 4843 554 4897 ἄλλον
612 4836 780 4913 πρὸξ
814 4844 942 4898 ἄλλο
992 4861 1045 4897 τι
1090 4844 1271 4910 καλῶς
1308 4845 1543 4916 ἔχοντος,
1589 4850 1685 4902 καὶ

159 4929 344 4986 πάντων
375 4936 509 5007 πρὸς
541 4936 758 4991 ᾶπαντα
786 4938 865 5000 είς
892 4936 1008 5014 ἐνὸς
1030 4938 1236 5007 κόσμου
1267 4938 1681 5011 συμπλήρωσιν,

153 5016 226 5071 ἵνα
248 5020 381 5095 δείξῃ
412 5027 485 5095 μὴ
516 5029 678 5097 μόνον
714 5028 927 5081 οἰκείαν
982 5027 1161 5099 ἑαυτῷ
1190 5030 1377 5100 φύσιν,
1412 5031 1547 5084 ἀλλὰ
1591 5034 1684 5085 καὶ

153 5110 303 5183 πάντη
354 5116 509 5189 ξένην
572 5118 986 5188 ὑποστήσασθαι
1025 5121 1249 5185 δυνατὸς
1309 5121 1407 5176 ὥν.
1473 5124 1687 5177 Οῑκεῖον

153 5198 237 5267 μὲν
263 5205 360 5275 γὰρ
390 5206 642 5281 θεότητος
689 5211 747 5264 αἱ
800 5211 986 5280 νοεραὶ
1038 5210 1250 5280 φύσεις,
1287 5214 1381 5266 καὶ
1431 5213 1504 5285 νῷ
1541 5213 1688 5285 μόνῳ

148 5288 328 5360 ληπταε
348 5313 359 5326 ⁸
389 5300 537 5366 ξένον
559 5302 615 5356 δὲ
640 5303 990 5357 παντάπασιν
1017 5341 1033 5367 ,
1082 5304 1203 5358 ὅσαι
1236 5303 1342 5358 ὑπὸ
1373 5304 1471 5375 τὴν
1498 5306 1690 5377 αἰσθη-

154 5398 242 5449 σινο
274 5390 362 5444 καὶ
392 5396 597 5451 τούτων
626 5394 807 5449 αὐτῶν
836 5395 917 5450 ἔτι
945 5395 1308 5468 πορρωτέρω,
1343 5396 1466 5452 ὅσαι
1491 5415 1691 5452 παντε-

148 5475 237 5543 λῶς
262 5483 445 5557 ﬂuxo:
480 5489 573 5543 καὶ
606 5490 877 5562 ἀκίνητοι.

1788 4730 2214 4803 pulchritudine,
2264 4727 2359 4783 sed
2414 4708 2733 4781 faudabilior
2785 4726 2855 4780 ob
2920 4727 3368 4793 concinnitatem,

1787 4833 1840 4878 et
1870 4830 2220 4882 concentum,
2253 4836 2363 4889 quo
2393 4825 2506 4872 tum
2535 4834 2641 4872 una
2678 4832 2804 4872 cum
2835 4818 2961 4883 alia,
3015 4826 3129 4872 tum
3179 4835 3370 4875 omnes

1787 4929 1911 4970 cum
1994 4912 2247 4968 omnibus
2310 4910 2563 4980 prteclare
2625 4912 2938 4981 conjuncta:
3016 4911 3367 4981 vicissimque

1788 5015 2154 5077 congruentes
2187 5005 2255 5059 ad
2302 5005 2467 5059 unius
2515 5004 2663 5058 orbis
2689 5003 3081 5074 perfectionem
3134 5020 3371 5059 concur-

1790 5110 1939 5156 runt.
1990 5099 2059 5155 Ut
2113 5099 2429 5153 ostenderet
2486 5098 2541 5151 in
2596 5112 2691 5150 sua
2739 5113 2857 5152 esse
2910 5107 3368 5167 potestate,»,non

1789 5194 1962 5249 solum
2017 5201 2076 5248 ut
2128 5200 2414 5263 cognatam
2476 5189 2579 5245 sibi
2634 5196 2884 5242 naturam
2957 5188 3215 5254 eﬂiceret,
3274 5189 3367 5242 sed

1788 5285 1952 5341 etiam
1987 5295 2044 5339 ut
2098 5284 2330 5339 alienam
2385 5290 2441 5336 et
2490 5281 2830 5351 peregrinam
2883 5280 3110 5336 omnino
3167 5279 3372 5333 consti-

1790 5384 1990 5432 tueret.
2038 5374 2172 5430 Nam
2201 5383 2262 5430 ut
2316 5372 2683 5443 intelligentes
2729 5372 2833 5429 illas
2882 5380 3114 5437 naturae,
3166 5378 3221 5424 et
3245 5383 3368 5438 qun

1790 5468 1903 5524 sola
1930 5477 2112 5524 mente
2140 5467 2345 5539 percipi
2379 5473 2630 5538 possunt,
2683 5465 2803 5536 ejus
2846 5461 3189 5534 amplitudini
3233 5474 3370 5530 quo-

151 5571 406 5634 dammodo
438 5584 642 5640 similes
675 5595 1029 5658 cognatasque
1063 5596 1210 5653 sunt,
1242 5586 1320 5642 sic
1378 5586 1447 5641 ab
1504 5601 1566 5642 ea
1622 5601 1845 5658 prorsus
1887 5586 2075 5642 alienae
2099 5595 2155 5642 et
2189 5596 2431 5655 remoue,
2466 5600 2589 5657 ηοω
2627 5582 2874 5639 sensibus
2936 5589 3060 5637 sunt
3085 5578 3365 5652 expositae,

152 5677 285 5740 atque
310 5674 445 5732 inter
488 5680 583 5736 has
617 5680 722 5739 illa;
767 5683 1131 5754 potissimum,
1177 5699 1297 5757 quae
1344 5684 1524 5740 anima
1571 5694 1830 5756 motuque
1859 5693 2066 5741 carent.

214 5875 229 5906 ¹
253 5876 351 5932 lsa.
377 5896 488 5951 uu,
516 5886 574 5940 Ἰ.
646 5887 666 5919 ¹
695 5886 856 5944 Joan.
891 5901 929 5957 ι,
958 5885 1050 5942 29.
1118 5888 1149 5948 ,³
1187 5886 1351 5943 Hebr.
1380 5903 1451 5953 vr,
1481 5884 1573 5940 20.
1651 5885 1673 5918 δ

1797 5890 1873 5942 br.
1913 5900 2009 5956 vn,
2042 5887 2089 5941 ι.

2168 5886 2318 5942 l‘lsa.
2349 5900 2468 5952 LIII,
2505 5886 2558 5943 8.
2638 5885 2657 5918 ⁸
2682 5884 2850 5941 Hebr.
2892 5900 2985 5947 vn.
3010 5882 3067 5938 2.
