3838 6534
501 434 608 507 199

993 540 1078 598 Ea:
1103 541 1285 597 cadent
1315 541 1572 597 oratione.

566 661 720 719 Mens
753 658 917 731 igitur
973 668 1030 714 et
1059 671 1252 713 sensus
1285 655 1359 710 ita
1388 655 1497 726 iam
1542 656 1684 711 inter
1729 669 1788 709 se
1837 655 2072 710 discreta

498 755 615 812 suis
669 766 728 807 se
779 749 979 805 ﬁnibus
1031 747 1405 811 continebant,
1457 745 1839 815 etieetorisque
1908 745 2072 800 Verbi

500 842 958 915 magniﬁcentiam
990 852 1245 911 tanquam
1294 839 1439 894 taciti
1490 838 1708 908 quidem
1766 836 2077 892 laudatores

501 939 798 1008 eximiique
827 930 1107 1005 praecones
1133 947 1241 1003 prae
1264 946 1323 987 se
1355 930 1623 985 ferebant.
1673 928 1926 984 Nondum
1983 944 2078 982 au-

502 1040 611 1086 tem
643 1038 761 1083 erat
808 1027 915 1079 ulla
970 1040 1035 1079 ex
1096 1024 1339 1093 utrisque
1391 1020 1689 1084 concretio,
1736 1030 1791 1074 et
1839 1035 1906 1075 ex
1949 1034 2081 1074 con-

503 1122 686 1177 trariis
715 1117 916 1181 tnistio,
952 1132 1071 1185 qua:
1106 1116 1369 1183 majorem
1400 1110 1743 1182 sapientiam,
1778 1118 1833 1165 et
1872 1110 2081 1179 impen-

505 1230 620 1271 sam
659 1213 713 1266 in
739 1211 904 1265 rebus
936 1207 1254 1278 procreatis,
1287 1213 1342 1259 et
1371 1204 1567 1259 divinae
1581 1203 1841 1257 bonitatis
1867 1200 2082 1256 divitias

506 1306 792 1360 indicaret.
826 1299 1185 1367 Quamobrem
1212 1298 1311 1350 bas
1337 1304 1391 1349 ut
1408 1295 1716 1350 ostenderet
1742 1293 1921 1364 opifex
1951 1292 2083 1347 Ver-

507 1401 636 1455 bum
672 1395 872 1451 animal
902 1407 1067 1447 unum
1098 1405 1163 1445 ex
1197 1398 1426 1458 utraque
1455 1398 1669 1448 natura,
1702 1399 1765 1439 ea
1802 1383 2082 1447 nimirum,

513 1508 635 1563 quae
665 1490 928 1548 cernitur,
950 1494 1003 1539 et
1029 1484 1139 1548 illa,
1167 1498 1289 1551 qua:
1314 1496 1422 1534 non
1448 1478 1712 1540 cernitur,
1741 1485 2084 1546 compactum

506 1584 805 1637 fabricatus
836 1588 918 1633 est
951 1576 1247 1637 hominem,
1294 1588 1361 1627 ex
1394 1570 1616 1626 materia
1657 1585 1775 1637 quae
1801 1568 1912 1638 jam
1956 1582 2085 1636 sup-

506 1674 749 1746 petebat,
778 1686 976 1740 corpus
1003 1667 1298 1737 accipiens,
1330 1664 1490 1733 atque
1523 1660 1599 1715 illi
1634 1678 1700 1716 ex
1745 1676 1803 1715 se
1832 1660 2083 1729 spiritum

507 1768 779 1825 inserens,
812 1778 971 1831 quem
1006 1760 1225 1830 quidem
1261 1756 1504 1810 animum
1552 1764 1604 1809 et
1643 1753 1938 1823 imaginem
1988 1750 2085 1806 Dei

506 1867 667 1912 vocat
705 1856 1005 1924 Scriptura.
1040 1851 1196 1905 llunc
1222 1848 1377 1920 quasi
1418 1849 1581 1903 alium
1608 1847 1896 1916 quemdam
1930 1861 2089 1899 mun-

507 1952 659 2012 dum,
704 1950 758 2003 in
791 1961 957 2017 parvo
1001 1959 1256 2015 magnum
1301 1944 1355 1995 in
1400 1951 1545 1995 terra
1586 1938 1891 1999 constituit,
1923 1938 2088 1991 alium

507 2042 675 2097 veluti
719 2040 966 2109 angelum
1018 2035 1260 2098 mistum,
1310 2034 1676 2094 adoratorem,
1728 2046 1908 2085 rerum
1964 2045 2090 2100 pro-

508 2143 834 2193 creatarum,
886 2143 1005 2199 quae
1052 2136 1378 2190 cernuntur,
1433 2124 1820 2194 inspectorem,
1880 2136 2090 2185 earum,

506 2242 626 2296 qum
652 2240 759 2278 non
786 2229 1106 2286 cernuntur,
1132 2216 1635 2288 contemplatorem,
1676 2229 1855 2284 regem
1881 2227 2090 2277 eorum,

506 2334 626 2388 qua:
659 2324 789 2371 sunt
835 2316 887 2367 in
928 2322 1097 2379 terra,
1140 2325 1354 2365 summo
1400 2308 1531 2379 Regi
1576 2308 2087 2376 obtemperantem:

509 2409 791 2465 mortalem
866 2416 922 2460 et
974 2403 1332 2459 immortalem
1392 2419 1406 2456 :
1484 2401 1736 2455 sensibus
1791 2410 1845 2454 et
1911 2405 2096 2452 mente

510 2508 875 2563 constantem,
936 2504 996 2551 ut
1045 2495 1150 2550 illis
1197 2495 1345 2549 cerni
1421 2507 1485 2547 ac
1562 2491 1787 2561 intelligi
1852 2488 2021 2555 possit
2079 2504 2095 2542 :

510 2591 756 2647 medium
838 2590 982 2644 inter
1054 2586 1484 2655 magnitudinem
1557 2593 1612 2639 et
1666 2581 2094 2637 humilitatem:

509 2681 767 2737 eumdem
836 2690 949 2734 tum
1024 2677 1299 2749 spiritum.
1357 2684 1469 2730 tum
1529 2688 1791 2732 carnem.
1846 2671 2095 2742 spiritum

510 2782 739 2844 propter
764 2772 1015 2842 gratiam,
1061 2783 1279 2825 carnem
1318 2775 1540 2837 propter
1570 2765 1898 2835 superbiam.
1939 2762 2097 2829 Illud,

511 2876 573 2921 ut
605 2875 873 2931 maneret,
914 2873 969 2919 et
994 2852 1183 2917 Deum
1204 2864 1271 2916 de
1298 2874 1358 2915 se
1392 2861 1530 2914 bene
1556 2859 1809 2913 meritum
1834 2857 2099 2913 laudaret:

512 2958 637 3023 hoc,
670 2968 731 3013 ut
764 2954 1264 3030 perturbationibus
1309 2961 1365 3007 et
1415 2951 1677 3006 molestiis
1733 2958 1877 3005 esset
1926 2950 2102 3005 obno-

512 3050 681 3112 xius,
765 3058 825 3101 ut
918 3061 1040 3102 cum
1110 3040 1488 3114 magnitudine
1563 3054 1660 3096 sua
1744 3039 1921 3094 elatus
1999 3039 2102 3094 sibi

512 3139 778 3208 placeret,
832 3136 897 3190 iis
942 3134 1196 3199 aﬂlictus,
1233 3140 1286 3186 et
1325 3130 1688 3185 commonitus
1715 3129 2101 3199 resipisceret:

1718 429 2100 493 EUTIIYMII
2156 425 2517 488 ZIGABENI
3636 417 3728 482 E03

2100 544 2149 603 Α

2669 533 2779 591 Τυῦ
2801 533 2987 591 αὐτοῦ
3024 535 3233 605 λόγου.

2248 631 2392 695 Νοῦς
2418 631 2519 701 μὲν
2560 627 2655 684 οῦν
2683 629 2782 699 ἤδη
2812 629 2906 682 καὶ
2945 626 3207 698 αἴσθησις
3250 624 3425 690 οὕτως
3455 625 3552 679 ἀπ’
3574 626 3729 700 ἀλλή-

2177 724 2286 779 λων
2316 723 2693 795 διακριθέντα,
2722 720 2833 774 τῶν
2869 721 3014 774 ἰδίων
3038 721 3184 792 ὅρων
3211 720 3359 783 ἐντὸς
3395 719 3733 788 είστήκεισαν

2179 821 2274 873 καὶ
2316 818 2373 871 τὸ
2399 818 2494 871 τοῦ
2535 814 2877 888 δημιουργοῦ
2917 815 3100 882 Λόγου
3133 813 3425 885 μεγαλεῖον
3454 815 3513 867 ἐν
3532 814 3734 879 ἑαυτοῖς

2179 913 2396 982 ἔφερον,
2435 911 2698 978 σιγῶντες
2730 910 3014 963 ἐπαινέται
3056 907 3158 976 τῆς
3194 906 3603 977 μεγαλουργίας
3653 909 3737 959 καὶ

2182 1003 2500 1072 διαπρύσιοι
2531 1004 2791 1075 κήρυκες.
2831 999 3005 1056 Οῦπω
3034 999 3092 1053 δὲ
3148 995 3217 1071 ἦν
3252 1000 3445 1070 κρᾶμα
3485 998 3545 1065 ἐξ
3574 998 3738 1069 ἀμφοο

2181 1097 2380 1166 τέρων,
2406 1095 2525 1148 οὐδέ
2560 1111 2645 1157 τις
2681 1094 2829 1164 μίξις
2868 1092 2975 1146 τῶν
3020 1091 3302 1155 ἐναντίων,
3338 1090 3533 1160 σοφίας
3572 1091 3739 1161 μείζοο

2182 1207 2270 1252 νος
2297 1189 2611 1259 γνώρισμα,
2633 1188 2727 1241 καὶ
2753 1187 2849 1255 τῆς
2876 1186 3003 1256 περὶ
3025 1186 3125 1247 τὰς
3152 1184 3346 1253 φύσεις
3372 1183 3737 1247 πολυτελείας,

2182 1283 2304 1336 οὐδὲ
2357 1283 2385 1335 ό
2432 1285 2540 1345 πᾶς
2606 1280 2840 1344 πλοῦτος
2901 1281 3005 1349 τῆς
3054 1278 3392 1347 ἀγαθότητος
3447 1276 3740 1347 γνώριμος.

2186 1375 2357 1430 Τοῦτο
2389 1374 2453 1446 δὴ
2496 1374 2777 1445 βουληθεὶς
2813 1374 2840 1426 ὁ
2864 1373 3119 1442 τεχνίτης
3154 1370 3529 1434 ἐπιδείξασθαι
3558 1370 3742 1436 Λόγος,

2190 1470 2286 1523 acati.
2324 1469 2462 1533 ζῶον
2491 1468 2549 1520 ἓν
2587 1467 2650 1531 ἐξ
2676 1465 3030 1535 ἀμφοτέρων,
3064 1463 3300 1532 ἀοράτου
3341 1479 3425 1526 τε,
3455 1460 3623 1529 λέγω,
3665 1462 3746 1514 καὶ

2187 1562 2389 1634 ὁρατῆς
2412 1561 2649 1630 φύσεως,
2673 1560 2999 1630 δημιουργεῖ
3018 1557 3112 1609 τδν
3140 1554 3448 1625 ἄνθρωπον.
3473 1555 3584 1607 Καὶ
3609 1554 3747 1621 παρά

2193 1653 2293 1723 μὲν
2327 1652 2427 1722 τῆς
2460 1652 2594 1722 ὕλης
2624 1649 2808 1704 λαϐὼν
2835 1650 2896 1702 τὺ
2957 1649 3117 1718 σῶμα
3148 1648 3248 1719 ἤδη
3312 1647 3746 1718 προῦποστάσης,

2190 1746 2320 1814 παρ’
2350 1743 2544 1798 ἑαυτοῦ
2576 1744 2631 1797 δὲ
2660 1744 2831 1813 πνοὴν
2856 1742 3050 1806 ἐνθεὶς,
3084 1743 3113 1795 ὃ
3141 1741 3205 1813 δὴ
3241 1741 3421 1811 ψυχὴν
3446 1741 3642 1812 νοερὰν
3668 1743 3749 1794 καὶ

2190 1838 2374 1891 εἰκόνα
2395 1836 2531 1889 Θεοῦ
2576 1831 2717 1889 οἶδεν
2744 1835 2772 1886 ὁ
2811 1834 2987 1903 λόγος,
3007 1827 3119 1885 οἷόν
3140 1851 3258 1886 τινα
3286 1836 3487 1902 κόσμον
3501 1832 3748 1900 δεύτερον

2192 1930 2253 1982 ἐν
2314 1928 2495 1999 μικρῷ
2564 1927 2740 1996 μέγαν
2783 1928 2875 1979 ἐπὶ
2926 1925 3028 1994 τῆς
3093 1929 3195 1993 γῆς
3241 1926 3495 1994 ἵστησινο
3536 1924 3754 1991 ἄγγελον

2192 2019 2371 2083 ἄλλον,
2422 2018 2808 2090 προσκυνητὴν
2867 2018 3081 2089 μικτὸν,
3123 2016 3371 2087 ὲπόπτην
3413 2017 3513 2087 τῆς
3566 2019 3754 2087 ὁρατῇς

2193 2113 2445 2177 κτίσεως,
2506 2110 2716 2181 μύστην
2749 2114 2849 2179 τῆς
2881 2111 3201 2181 νοουμένης,
3247 2109 3471 2179 βασιλέα
3513 2108 3626 2162 τῶν
3676 2110 3758 2161 ἐπὶ
3814 2107 3821 2115 ’

2193 2204 2317 2274 γῆς,
2351 2203 2771 2273 βασιλευόμενον
2803 2203 3033 2268 ἀνωθεν,
3060 2204 3307 2269 ἐπίγειον
3359 2202 3456 2255 καὶ
3487 2200 3756 2270 οὐράνιον,

2200 2297 2541 2367 πρόσκαιρον
2577 2295 2674 2349 καὶ
2723 2295 3016 2360 ἀθάνατον,
3062 2294 3257 2366 ὁρατὸν
3297 2295 3389 2348 καὶ
3439 2294 3757 2360 νοούμενον.

2200 2389 2367 2458 μέσον
2402 2386 2671 2458 μεγέθους
2701 2387 2797 2441 καὶ
2830 2388 3243 2457 ταπεινότητος,
3268 2386 3359 2439 τὸν
3378 2386 3541 2441 αὑτὸν
3556 2388 3687 2441 πνεῦ
3697 2407 3760 2456 μα

2198 2481 2293 2533 καὶ
2329 2480 2509 2549 σάρκα
2535 2495 2549 2509 ο
2598 2478 2820 2549 πνεῦμα
2851 2480 2939 2532 διὰ
2968 2478 3067 2551 τὴν
3098 2480 3284 2549 χάριν,
3337 2479 3517 2550 σάρκα
3546 2478 3636 2532 διὰ
3676 2481 3763 2549 τὴν

2197 2572 2451 2640 ἔπαρσινο
2476 2572 2537 2625 τὸ
2558 2572 2681 2642 μὲν,
2714 2573 2802 2626 ἵνα
2832 2573 2968 2644 μένῃ
2997 2573 3091 2625 καὶ
3120 2572 3318 2644 δοξάζῃ
3334 2574 3428 2625 τὸν
3453 2572 3760 2644 εὐεργέτην,

2196 2664 2259 2716 τὸ
2297 2664 2375 2729 δὲ,
2444 2664 2533 2717 ἵνα
2573 2667 2779 2736 πάσχῃ,
2837 2666 2930 2717 καὶ
2986 2665 3233 2735 πάσχων,
3288 2666 3764 2737 ὑπομιμνήσκηται

2200 2755 2296 2809 καὶ
2327 2755 2680 2825 παιδεύηται,
2714 2755 2794 2827 τῷ
2836 2755 3059 2825 μεγέθει
3113 2757 3608 2828 φιλοτιμούμενοςο
3645 2758 3765 2822 ζῶον

2201 2847 2439 2905 ενταῦθα
2470 2849 2953 2918 οίκονομούμενον,
3003 2850 3102 2902 καὶ
3157 2847 3396 2919 ἀλλαχοῦ
3438 2849 3766 2920 μεθιστάμε-

2203 2959 2316 3009 νον,
2348 2940 2448 2997 καὶ
2477 2943 2653 3013 πέρας
2681 2940 2777 2995 τοῦ
2800 2940 3126 3012 μυστηρίου,
3159 2943 3226 3012 τῇ
3251 2941 3386 3012 πρὸς
3412 2942 3549 2996 Θεὸν
3602 2943 3767 2996 νεύσει

2206 3033 2524 3105 θεούμενον.
2582 3034 2679 3097 Εἰς
2708 3032 2871 3087 τοῦτο
2907 3033 3016 3104 γὰρ
3069 3033 3193 3103 ἐμοὶ
3234 3034 3392 3105 φέρει
3446 3038 3510 3089 τὸ
3562 3037 3771 3107 μέτριον

2206 3126 2443 3182 ἐνταῦθα
2493 3126 2696 3196 φέγγος
2754 3126 2854 3195 τῆς
2904 3125 3186 3195 ἀληθείας,
3229 3126 3597 3200 λαμπρότητα
3650 3128 3771 3182 Θεοῦ

517 3230 719 3286 animal
752 3228 841 3282 liic
866 3226 1211 3289 collocatum,
1244 3233 1304 3278 ut
1334 3224 1440 3277 alio
1468 3222 1683 3294 migret,
1718 3230 1771 3275 et
1813 3235 1934 3291 qua:
1982 3236 2099 3292 my-

2210 3220 2298 3275 καὶ
2331 3219 2458 3273 ἰδεῖν
2491 3220 2587 3274 καὶ
2628 3218 2845 3282 παθεῖν,
2910 3217 3071 3283 ἀξίαν
3120 3218 3217 3273 τοῦ
3276 3220 3373 3273 καὶ
3420 3221 3775 3294 συνδήσαντος

515 3322 669 3377 sterii
701 3331 784 3375 est
805 3320 1039 3385 summa,
1060 3328 1119 3373 ut
1141 3317 1231 3371 Dei
1256 3317 1560 3370 imitatione
1607 3313 1801 3369 evadat
1826 3314 1878 3368 in
1906 3313 2099 3368 Deum.

514 3411 727 3468 Idcirco
787 3411 931 3466 enim
978 3407 1267 3464 mediocris
1322 3406 1438 3460 lucc
1490 3404 1652 3459 nobis
1702 3404 1794 3458 lux
1842 3417 2104 3459 concessa

2207 3315 2303 3368 καὶ
2376 3313 2669 3381 λύσοντος,
2736 3313 2833 3368 καὶ
2910 3307 3069 3378 αὖθις
3161 3312 3516 3385 συνδήσοντος
3591 3314 3781 3386 ὑψηλό-

2213 3423 2397 3478 τερον.

515 3514 620 3571 est,
682 3514 741 3560 ut
790 3519 853 3559 ea
906 3503 1044 3559 duce
1110 3500 1455 3573 splendorem
1519 3498 1668 3553 illum
1718 3513 2131 3568 .assequamur,
2173 3514 2284 3569 quo
2346 3499 2491 3570 digni
2574 3500 2769 3567 simus,
2836 3499 2927 3571 qui
2982 3499 3263 3556 videamus
3316 3501 3779 3572 suscipiamusque

519 3600 712 3666 Deum,
746 3596 841 3669 qui
888 3612 988 3652 nos
1038 3604 1092 3649 et
1136 3595 1430 3663 compegit,
1479 3602 1534 3648 et
1580 3594 1775 3659 solvet,
1830 3603 1886 3647 et
1937 3595 2109 3649 multo
2142 3594 2571 3664 magniﬁcentius
2610 3596 2863 3652 restituit.

852 3690 935 3745 Ex
965 3691 1206 3744 oratione
1237 3690 1291 3742 in
1327 3688 1499 3744 Sacra
1533 3688 1785 3742 Lumina.

588 3785 793 3841 Verum
824 3783 951 3855 quia
982 3783 1269 3854 oportebat
1297 3797 1406 3836 non
1440 3781 1615 3836 solum
1661 3779 1716 3835 in
1756 3780 1909 3837 caelis
1945 3780 2115 3837 Deum

516 3879 621 3934 coli
662 3888 717 3932 et
778 3875 1016 3940 adorari,
1052 3875 1147 3930 sed
1217 3873 1432 3944 aliquos
1466 3873 1627 3928 etiam
1689 3874 1744 3928 in
1797 3873 1953 3929 terris
1996 3886 2118 3928 esse

520 3974 670 4028 illius
719 3970 955 4025 cultores
1004 3978 1057 4023 et
1110 3967 1450 4029 adoratores,
1507 3973 1567 4020 ut
1612 3967 1890 4036 (quoniam
1934 3967 2116 4021 omnia

518 4075 651 4120 sunt
706 4063 816 4117 Deo
867 4060 1049 4130 plena)
1100 4060 1283 4115 omnia
1343 4058 1434 4113 Dei
1468 4058 1638 4129 gloria
1686 4058 2116 4128 complerentur,

526 4154 655 4209 ideo
689 4167 856 4239 manu
891 4151 986 4205 Dei
1022 4150 1279 4206 conditus
1305 4160 1391 4206 est
1428 4150 1612 4217 homo,
1658 4159 1714 4205 et
1739 4150 1859 4219 ejus
1885 4148 2120 4221 imagine

524 4249 838 4305 decoratus.

741 4340 825 4395 Ex
858 4341 1101 4395 oratione
1138 4340 1195 4393 in
1226 4341 1362 4395 diem
1394 4339 1644 4394 Natalem
1676 4322 1915 4394 Christi:

595 4502 758 4556 Hunc
792 4499 847 4554 in
880 4498 1131 4569 paradiso
1178 4496 1463 4552 collocavit
1496 4496 1910 4567 (qualiscunque
1946 4494 2112 4551 fuerit

2479 3689 2581 3745 Ἕκ
2622 3690 2731 3745 τοῦ
2767 3692 2854 3757 εις
2874 3689 2945 3745 τὰ
2968 3691 3141 3763 ’Δτια
3171 3691 3333 3747 ﬁbra
3369 3693 3581 3763 λόγου.

2300 3782 2456 3836 Ἐπεὶ
2479 3782 2536 3835 δὲ
2566 3782 2674 3837 ἔδει
2710 3782 2785 3854 μὴ
2811 3785 2926 3847 τοῖς
2951 3784 3064 3838 άνω
3099 3784 3260 3855 μόνον
3286 3784 3387 3856 τὴν
3416 3787 3785 3857 προσκύνησιν

2219 3874 2685 3947 περιγράφεσθαι,
2728 3875 2845 3930 ἀλλ’
2880 3872 3025 3931 εἷναί
3054 3896 3207 3942 τινας
3234 3878 3327 3931 καὶ
3358 3880 3514 3933 κάτω
3549 3897 3785 3951 προσκυ-

2218 3968 2407 4036 νητὰς,
2443 3967 2534 4020 ἵνα
2559 3967 2821 4039 πληρωθῇ
2861 3968 2929 4021 τὰ
2961 3969 3142 4022 πάντα
3170 3968 3327 4041 δόξης
3362 3970 3524 4035 Θεοῦ,
3546 3972 3675 4025 ἐπεὶ
3703 3971 3787 4024 καὶ

2217 4057 2378 4123 Θεοῦ,
2397 4058 2488 4112 διὰ
2513 4058 2673 4113 τοῦτο
2705 4059 2950 4125 κτίζεται
2972 4062 3264 4133 ἄνθρωπος
3292 4065 3435 4135 χειρὶ
3463 4062 3607 4119 Θεοῦ
3634 4080 3790 4134 τιμη-

2217 4151 2331 4216 θεὶς
2352 4153 2447 4205 καὶ
2475 4151 2661 4209 εικόνι.

2226 4336 2321 4390 Ἐκ
2360 4335 2469 4391 τοῦ
2506 4336 2698 4403 λόγου
2737 4333 2847 4387 τοῦ
2898 4337 2986 4403 εις
3033 4339 3108 4420 εὰ
3160 4339 3443 4409 γενέθλια
3497 4343 3613 4399 τοῦ
3677 4345 3799 4415 Χρι-

2918 4424 3098 4464 στου.

2287 4499 2491 4555 Τοῦτον
2528 4501 2680 4557 ἔθετο
2712 4504 2812 4574 μὲν
2842 4506 2899 4559 ἐν
2938 4505 3015 4576 τῷ
3081 4504 3423 4576 παραδείσῳ,
3461 4506 3620 4571 ὅστις
3678 4505 3800 4559 ποτὲ

529 4595 624 4669 ille
677 4592 991 4659 Paradisus)
1051 4601 1107 4647 et
1152 4591 1384 4646 liberum
1456 4590 1750 4645 voluntatis
1829 4588 2099 4642 arbitriuu

2221 4584 2289 4661 ἦν
2319 4594 2347 4646 ὁ
2375 4594 2703 4662 παράδεισος
2761 4589 2940 4663 οὗτος,
2970 4595 3047 4667 τῷ
3075 4595 3407 4669 αύτεξουσίῳ
3435 4598 3569 4669 τιμή
3582 4616 3701 4661 σας,
3744 4600 3796 4653 ἶν’

525 4668 756 4758 largitus
786 4695 894 4753 est,
928 4694 987 4739 ut
1020 4685 1224 4740 bonum
1256 4699 1367 4738 non
1416 4682 1599 4737 minus
1643 4682 1817 4751 ipsius
1870 4678 2121 4750 eligentis

528 4789 697 4841 esset,
724 4793 886 4848 quam
937 4777 1188 4847 ejus,qui
1215 4775 1427 4831 semina
1470 4772 1771 4828 tribuisset.
1801 4770 2120 4826 Plantarum

530 4869 921 4925 immortalium
954 4868 1217 4923 cultorem
1250 4866 1563 4930 constituit,
1592 4868 1764 4931 idest,
1784 4864 2119 4926 divinarum,

532 4971 594 5020 ut
645 4962 899 5033 equidem
937 4962 1138 5027 sentio,
1172 4957 1723 5029 contemplationum,
1763 4966 1876 5010 tum
1913 4954 2126 5026 simpli-

533 5056 679 5110 cium
706 5065 819 5109 tum
848 5054 1238 5125 perfectarum.
1271 5050 1486 5106 Nudum
1518 5050 1589 5104 ob
1614 5048 2038 5118 simplicitatem,
2067 5055 2125 5101 et

532 5149 699 5203 vitam
734 5145 882 5201 nulla
905 5154 1025 5201 arte
1080 5144 1423 5207 instructam,
1452 5156 1554 5197 nec
1580 5140 1691 5196 ullo
1738 5148 1942 5195 tectum
1963 5141 2126 5195 indu-

535 5248 742 5304 mento,
759 5237 973 5307 qualem
999 5250 1121 5291 esse
1141 5233 1369 5289 decebat
1393 5232 1629 5302 primum
1648 5230 1798 5285 illum
1822 5229 2121 5286 hominem.

534 5330 675 5386 Tum
692 5330 868 5398 legem
892 5326 1185 5395 dedit,qua
1206 5324 1434 5379 liberam
1463 5323 1799 5378 voluntatem
1822 5330 2123 5377 exerceret.

534 5421 648 5477 Lex
681 5421 772 5476 illa
822 5418 1135 5474 mandatum
1183 5424 1327 5481 erat,
1379 5430 1490 5486 quo
1537 5414 1612 5469 illi
1644 5415 2125 5485 praescribebatur,

536 5526 699 5583 quam
748 5509 988 5587 plantam
1038 5506 1331 5576 attingere,
1369 5516 1425 5562 et
1456 5522 1485 5559 a
1532 5521 1638 5577 qua
1687 5506 1911 5562 deberet
1957 5506 2128 5561 absti-

537 5616 692 5657 nere.
759 5598 884 5654 llaec
938 5608 1145 5664 autem,
1198 5614 1229 5652 a
1281 5613 1387 5668 qua
1433 5611 1737 5668 temperare
1818 5599 2127 5668 oportebat,

538 5702 657 5750 erat
703 5692 945 5746 scientiae
993 5692 1201 5762 planta,
1251 5706 1373 5761 quae
1423 5692 1644 5761 quidem
1689 5692 1757 5747 ab
1812 5692 1970 5747 initio
2027 5709 2129 5747 nec

540 5785 687 5840 ma'lo
725 5794 841 5839 sata
875 5783 973 5839 fuit
1004 5785 1255 5852 consilio,
1306 5800 1407 5841 nec
1439 5785 1511 5840 0b
1556 5785 1814 5840 invidiam
1858 5787 2131 5857 prohibita

543 5876 637 5945 (ne
662 5874 875 5933 vibrent
910 5875 1015 5933 huc
1059 5874 1271 5947 linguas
1321 5891 1449 5932 suas
1499 5876 1648 5948 impii
1701 5877 1793 5948 qui
1848 5877 2122 5950 gigantum

2224 4679 2376 4755 ᾗτοῦ
2410 4684 2671 4755 ἑλομένου
2699 4688 2761 4741 τὸ
2790 4689 2995 4757 ἀγαθὸν
3053 4690 3151 4759 οὐχ
3182 4684 3347 4760 ἧττον
3395 4690 3426 4761 ἢ
3484 4690 3582 4744 τοῦ
3638 4707 3799 4762 παρα-

2229 4771 2451 4841 σχόντος
2481 4775 2549 4828 τά
2582 4776 2875 4847 σπέρματα
2904 4794 2919 4809 ’
2955 4779 3141 4847 φυτῶν
3179 4779 3471 4833 ἀθανάτων
3526 4783 3804 4850 γεωργῖιν,

2231 4861 2390 4917 θείων
2434 4866 2657 4921 ἐννοιῶν
2709 4869 2863 4933 ἴσως,
2894 4871 3006 4924 τῶν
3058 4889 3118 4925 τε
3149 4871 3540 4943 ἁπλουστέρων
3573 4875 3674 4926 καὶ
3709 4871 3810 4925 τῶν

2229 4953 2616 5025 τελεωτέρων’
2672 4959 2885 5028 γυμνὸν
2938 4963 3005 5031 τῇ
3080 4961 3347 5033 ἁπλότητι
3420 4962 3517 5016 καὶ
3572 4962 3693 5033 ζωῇ
3750 4964 3810 5030 τῇ

2235 5046 2473 5117 ἀτέχνῳ,
2501 5051 2597 5101 καὶ
2654 5049 2776 5121 δίχα
2802 5051 3005 5115 παντὸς
3039 5051 3494 5124 ὲπικαλύμματος
3536 5057 3636 5107 καὶ
3685 5071 3814 5125 προσ

2234 5134 2539 5205 δλήματος.
2602 5137 2860 5192 Τοιοῦτον
2907 5139 3018 5210 γὰρ
3082 5140 3323 5212 ἔπρεπεν
3376 5137 3521 5198 εἷναι
3570 5145 3671 5198 τὸν
3727 5145 3815 5197 ἀπ’

2235 5227 2436 5298 ἀρχῆς.
2474 5228 2588 5281 Καὶ
2613 5229 2801 5284 δίδωσι
2832 5231 3019 5302 νόμον,
3047 5231 3183 5303 ῦλην
3212 5233 3292 5304 τῷ
3348 5235 3723 5304 αὐτεξουσίῳ.
3764 5238 3816 5289 ’0

2232 5320 2290 5375 δὲ
2324 5323 2486 5391 νόμος
2523 5317 2593 5392 ἦν
2644 5322 2859 5394 ἐντολὴ,
2898 5318 2977 5379 ὧν
3006 5342 3065 5378 τε
3104 5327 3481 5397 μεταληπτέον
3521 5329 3682 5400 αὐτῷ
3728 5347 3822 5400 φυ-

2241 5413 2373 5474 τῶν,
2397 5410 2510 5465 ’καὶ
2530 5408 2591 5468 οὗ
2622 5415 2697 5486 μὴ
2721 5418 3084 5485 προσαπτέον.
3116 5417 3189 5470 Τὸ
3217 5419 3274 5472 δὲ
3302 5413 3371 5490 ἦν
3406 5420 3467 5473 τὸ
3500 5421 3669 5488 ξύλον
3728 5421 3821 5491 τῆς

2236 5504 2517 5573 γνώσεως,
2585 5504 2709 5558 οὔτε
2749 5508 3010 5575 φυτευθὲν
3062 5508 3161 5562 ἀπ’
3199 5510 3376 5581 ἀρχῆς
3432 5513 3648 5577 κακῶς,
3706 5511 3825 5565 οῦτε

2236 5595 2619 5667 ἀπαγορευθὲν
2655 5596 2957 5669 φθονερῶς.
3008 5601 3101 5671 Μὴ
3156 5605 3534 5672 πεμπέτωσαν
3562 5606 3695 5657 ἐκεῖ
3731 5604 3825 5665 τὰς

2238 5688 2489 5756 γλώσσας
2524 5691 2572 5740 οί
2597 5687 2883 5760 θεομάχοι,
2917 5692 3055 5761 μηδὲ
3084 5693 3176 5746 τὸν
3207 5694 3332 5762 ὅφιν
3387 5695 3787 5766 μιμείσθωσαν
3814 5711 3827 5725 ⁸

2238 5778 2374 5831 ἀλλὰ
2406 5780 2571 5833 καλὸν
2610 5781 2732 5849 μὲν,
2755 5780 3030 5852 εὐκαίρως
3055 5782 3629 5853 μεταλαμϐανόμενον
3653 5798 3669 5813 ⁶
3699 5784 3833 5837 θεωο

2242 5874 2333 5945 ρία
2370 5876 2477 5944 γὰρ
2501 5870 2568 5943 ἦν
2608 5875 2669 5927 τὸ
2703 5876 2889 5945 φυτὸν,
2921 5875 2997 5940 ὡς
3020 5880 3053 5947 ἠ
3107 5876 3217 5946 ἐμὴ
3249 5875 3476 5945 θεωρία,
3503 5871 3578 5950 ἦς
3647 5877 3838 5948 μόνοις
