3954 6592
226 495 319 561 201

1168 485 1546 549 PANOPLIA
1593 481 2054 545 DOGMATICA.
2088 506 2157 515 —
2197 480 2347 543 TIT.
2384 481 2487 543 VI.

3350 475 3457 539 202

226 607 518 667 ὲπιδαίνειν
548 605 814 675 ἀσφαλὲς,
848 606 961 669 τοῖς
989 604 1088 673 τὴν
1118 602 1232 667 ἕξιν
1281 598 1635 671 τελειιπέροις
1656 614 1673 631 ο
1709 597 1772 651 οὐ

1889 608 2026 653 :nore
2058 610 2182 653 cum
2214 593 2342 664 [Deo
2389 600 2655 666 pugnant,
2699 609 2801 651 nec
2847 594 3122 666 serpentis
3155 594 3306 651 virus
3343 597 3457 674 suis

227 703 378 757 καλὸν
410 701 466 754 δὲ
495 702 610 763 τοῖς
649 696 1039 768 ἁπλουστέροις
1079 695 1160 749 ἔτι
1222 692 1318 747 καὶ
1336 692 1436 762 τὴν
1473 691 1660 760 ἔφεσιν
1697 688 1776 743 λι-

223 795 502 868 χνοτέροις,
536 792 723 863 ὥσπερ
752 790 873 845 οὐδὲ
915 791 1093 862 τροφὴ
1127 786 1309 862 τελεία
1341 783 1630 854 λυσιτελὴς
1658 786 1772 847 τοῖς

221 887 434 950 ἁπαλοῖς
464 886 549 939 ἔτι
584 885 681 938 καὶ
702 883 981 953 δεομένοις
1006 882 1304 950 γάλακτος.

1883 689 2227 759 captionibus
2271 689 2598 757 imitentur),
2628 688 2724 744 sed
2768 687 2906 743 bona
2948 690 3168 760 quidem
3235 700 3371 755 erat,
3411 690 3460 745 si

1882 781 2010 850 quis
2046 789 2361 851 Opportune
2386 782 2453 837 ad
2484 781 2633 836 illam
2681 784 3023 838 accessisset.
3073 781 3265 838 Planta
3309 782 3459 837 enim

1876 874 1966 928 illa
2018 876 2100 945 (ut
2149 890 2251 945 ego
2298 876 2516 947 quidem
2566 877 2839 949 existimo)
2881 888 2999 933 erat
3043 876 3457 948 contemplatio,

220 977 280 1033 ad
317 990 471 1046 quam
511 974 615 1030 soli
664 981 782 1028 tuto
829 972 1116 1034 accedunt,
1167 970 1261 1041 qui
1317 967 1504 1023 habitu
1548 963 1775 1037 perfecti
1815 971 1963 1031 sunt,
1990 964 2082 1034 qui
2146 973 2327 1022 autem
2398 968 2707 1039 cupidiores
2747 976 2909 1039 atque
2953 969 3462 1040 intemperantiorts

220 1085 319 1125 non
378 1069 529 1123 item.
575 1064 1040 1132 Quemadmodum
1075 1079 1177 1121 nec
1230 1062 1505 1136 perfectus
1580 1068 1636 1115 et
1681 1056 1887 1113 solidus
1953 1057 2107 1113 cibus
2169 1060 2532 1118 tenerioribus
2595 1064 2776 1121 adhuc
2800 1073 2859 1121 et
2914 1066 3056 1121 lacte
3089 1062 3465 1136 indigentibus

219 1163 443 1235 prodest.

222 1259 341 1314 Ἔτι
370 1255 499 1324 περὶ
520 1254 631 1323 τῆς
658 1254 821 1319 θείας
853 1250 1260 1324 δημιουργίας,
1298 1250 1407 1305 τοῦ
1424 1249 1688 1316 Νύσσης
1706 1245 1773 1299 ἐκ

592 1324 699 1378 τοῦ
732 1321 1137 1390 κατηχητικοῦ
1164 1322 1376 1389 λόγου.

284 1418 353 1473 Τδ
380 1418 474 1472 νῦν
500 1419 561 1471 ὲν
581 1416 804 1478 ἀτόποις
833 1409 975 1469 εἶναι
999 1413 1100 1484 τὴν
1121 1411 1475 1483 ἀνθρωπίνην
1505 1408 1652 1481 ζωὴν
1672 1408 1773 1478 οὐχ

222 1509 391 1569 ἱκανός
434 1507 584 1559 ἐστιν
612 1504 835 1573 ἔλεγχος
881 1501 976 1556 τοῦ
1022 1502 1292 1571 μηδέποτε
1340 1499 1432 1553 τὸν
1485 1499 1775 1569 ἄνθρωπον

221 1602 274 1653 ὲν
298 1596 517 1666 ἀγαθοῖς
552 1595 912 1665 γεγενῆσθαι.
967 1593 1186 1662 Ἐπειδὴ
1226 1594 1335 1663 γὰρ
1376 1590 1513 1645 Θεοῦ
1555 1589 1717 1661 ἔργον
1747 1591 1776 1644 6

219 1689 488 1758 ἄνθρωπος
520 1687 618 1741 τοῦ
644 1686 713 1739 δι’
738 1685 1051 1755 ἀγαθότητα
1089 1684 1150 1737 τὸ
1172 1686 1308 1749 ζῶον
1336 1682 1497 1737 τοῦτο
1520 1698 1776 1753 παραγαο

221 1780 396 1847 γόντος
436 1780 516 1839 είς
552 1778 795 1847 γένεσιν,
821 1777 921 1829 οὐκ
941 1776 1008 1830 ἄν
1060 1792 1146 1851 τις
1185 1774 1447 1843 εὐλόγως,
1487 1768 1547 1828 οὗ
1578 1774 1777 1844 ὴαίτία

220 1870 310 1939 τῆς
368 1870 680 1933 συστάσεως
722 1868 996 1938 ἀγαθότης
1041 1866 1175 1928 ἐστὶ,
1229 1866 1417 1920 τοῦτον
1470 1867 1528 1919 ὲν
1585 1866 1777 1928 κακοῖς

1877 1239 2014 1296 Item
2047 1244 2109 1299 de
2142 1247 2494 1323 opiﬁcio__Dei,
2523 1265 2587 1303 ex
2612 1252 2851 1323 oratione
2876 1251 3193 1306 cateclwtica
3223 1251 3465 1323 Gregorii

2342 1318 2529 1388 Nyssw
2556 1322 2838 1388 pontiﬁcis.

1947 1405 2065 1461 Non
2120 1406 2318 1463 idoneo
2363 1409 2626 1478 probatur
2671 1420 3010 1483 argumento,
3078 1429 3357 1484 nunquam
3406 1412 3469 1483 in

1878 1493 2036 1549 bonis
2065 1495 2341 1552 hominem
2373 1496 2562 1565 fuisse,
2600 1500 2746 1570 quod
2776 1517 2924 1556 nunc
2953 1501 3009 1555 in
3063 1504 3220 1558 malis
3268 1520 3481 1579 verse-1

1888 1594 1976 1641 tur
2021 1585 2259 1644 humana
2308 1588 2439 1645 vita.
2487 1590 2621 1646 Nam
2659 1607 2782 1648 cum
2830 1593 2996 1648 homo
3045 1594 3115 1650 sit
3159 1610 3297 1665 opus
3344 1596 3463 1662 Dei,

1886 1677 1981 1746 qui
2033 1677 2233 1733 animal
2305 1680 2409 1736 hoc
2468 1693 2693 1752 propter
2756 1684 3055 1739 bonitatem
3134 1688 3465 1755 procreavit,

1885 1784 2048 1825 nemo
2090 1770 2266 1837 illum,
2300 1774 2455 1843 cujus
2502 1776 2825 1843 procreandi
2870 1792 3032 1831 causa
3076 1777 3292 1833 bonitas
3341 1779 3469 1851 fuit,

1884 1862 1939 1916 in
1972 1863 2127 1918 malis
2156 1878 2185 1917 a
2222 1873 2570 1934 procreatore
2618 1868 2784 1925 fuisse
2835 1856 3078 1939 genitum
3128 1873 3324 1927 merito
3373 1889 3468 1927 su-

220 1958 536 2028 γεγενῆσθαι
553 1958 706 2030 παρὰ
726 1958 822 2013 τοῦ
859 1960 1220 2029 πεποιηκότος
1242 1957 1774 2022 καθυποπτεύσειεν,

1889 1956 2148 2026 spicetur.
2185 1958 2372 2029 Itaque
2406 1960 2509 2014 alia
2556 1977 2718 2017 causa
2768 1972 2875 2029 est,
2915 1966 3268 2034 quamobrem
3318 1983 3466 2022 nunc

226 2055 330 2107 ἀλλ’
383 2053 572 2122 ἔτερόν
609 2055 759 2127 ἐστιν
804 2054 979 2107 αἴτιον
1016 2052 1112 2106 τοῦ
1180 2052 1355 2106 ταῦτά
1399 2068 1460 2104 τε
1494 2050 1590 2106 νῦν
1649 2052 1780 2121 περὶ

222 2146 359 2214 ἡμᾶς
432 2141 602 2212 εἶναι,
662 2145 755 2199 καὶ
808 2146 917 2199 τῶν
960 2147 1244 2217 προτέρων
1302 2144 1681 2216 ἐρημωθῆναι.
1720 2145 1780 2200 Ὀ

224 2238 321 2307 γὰρ
346 2237 434 2291 ἐπὶ
462 2238 732 2311 μετουσίᾳ
791 2237 903 2291 τῶν
938 2238 1088 2293 ἰδίων
1136 2237 1360 2306 ἀγαθῶν
1419 2237 1658 2308 ποιήσας
1689 2239 1780 2293 τὸν

204 2316 515 2401 ,ἀνθρώποῆ
557 2330 657 2384 καὶ¹
696 2329 912 2384 πάντων
952 2328 1103 2399 αὐτῷ
1135 2330 1244 2383 τῶν
1309 2326 1493 2382 καλῶν
1526 2328 1779 2399 ἀφορμὰς

223 2418 696 2486 έγκατασκευάσας
724 2419 791 2487 τῇ
818 2415 1004 2486 φύσει,
1030 2417 1105 2481 ῶς
1132 2417 1198 2471 ἂν
1220 2417 1287 2471 δι’
1322 2418 1552 2472 ἑκάστου
1575 2418 1779 2471 καταλ-

224 2512 382 2583 λήλως
436 2513 582 2583 πρὸς
611 2512 674 2567 τὸ
697 2513 883 2583 ὅμοιον
914 2514 947 2583 ἡ
985 2510 1167 2583 ὄρεξις
1199 2510 1439 2582 φέροιτο,
1460 2511 1563 2565 οὐκ
1594 2511 1661 2566 ἂν
1682 2511 1776 2565 τοῦ

224 2603 489 2656 καλλίστου
523 2621 589 2656 τε
648 2605 742 2657 καὶ
770 2603 1105 2674 τιμιωτάτου
1138 2602 1247 2655 τῶν
1292 2601 1513 2671 ἀγαθῶν
1547 2603 1778 2656 ἀπεστέ-

227 2710 366 2765 ρησε,
387 2694 533 2764 λέγω
558 2694 631 2766 δὴ
665 2695 764 2765 τῆς
784 2694 930 2748 κατὰ
959 2694 1022 2747 τὸ
1052 2693 1354 2747 ἀδέσποτον
1395 2694 1493 2747 καὶ
1524 2693 1781 2759 αὐτεξού-

225 2803 325 2839 σιον
354 2786 599 2858 χάριτος.
644 2785 707 2840 Εἰ
735 2787 845 2855 γάρ
878 2803 966 2849 τις
1011 2786 1231 2856 ἀνάγκη
1284 2785 1386 2856 τῆς
1427 2787 1780 2858 ἀνθρωπίνης

224 2880 496 2932 ἐπεστάτει
522 2877 699 2946 ζωῆς,
735 2878 1033 2949 διεψεύσθη
1065 2879 1185 2950 ἃ.νῆ
1215 2878 1385 2934 είκὼν
1436 2879 1561 2933 κατ’
1600 2880 1780 2934 έκεῖνο

227 2970 281 3023 τὸ
303 2970 460 3042 μέρος
489 2969 931 3039 ἀλλοτριωθεῖσα
960 2971 1040 3040 τῷ
1075 2972 1315 3041 ἀνομοίῳ
1342 2970 1481 3041 πρὸς
1523 2972 1585 3025 τὸ
1612 2973 1779 3044 ἀρχέ-

225 3080 399 3117 τυπον.
430 3063 541 3133 Τῆς
576 3062 687 3133 γὰρ
720 3062 1119 3133 βασιλευούσης
1149 3063 1368 3133 φύσεως
1422 3066 1456 3134 ἠ
1509 3065 1779 3132 ἀνάγκαις

224 3156 349 3207 τισὶν
376 3154 765 3224 ύπεζευγμένη
786 3172 846 3208 τε
878 3156 972 3209 καὶ
1016 3155 1345 3210 δουλεύουσα
1377 3156 1496 3221 πῶς
1534 3157 1778 3211 ἀνεικὼν

225 3248 556 3317 ὁνομάζοιτος
612 3246 823 3301 Οὐκοῦν
854 3246 1037 3301 τὸδιά
1086 3249 1303 3303 πάντων
1353 3247 1494 3319 πρὸς
1524 3248 1585 3302 τδ
1622 3250 1777 3303 Θεῑον

226 3328 563 3409 ὡμοιωμένον
594 3338 701 3392 ἔδει
737 3339 957 3402 πάντως
989 3339 1135 3409 ἔχειν
1184 3340 1242 3392 έν
1273 3341 1340 3410 τῇ
1378 3339 1536 3407 φύσει
1588 3342 1649 3395 τὸ
1681 3343 1779 3394 αὐ-

224 3430 464 3499 τοκρατὲς
499 3429 602 3484 καὶ
628 3430 953 3492 ἀδέσποτον,
1010 3429 1150 3481 ὥστε
1182 3414 1347 3482 ἆθλον
1381 3430 1591 3501 ἀρετῆς
1635 3426 1779 3505 εἶναι

227 3522 311 3591 τὴν
336 3522 439 3576 τῶν
474 3522 707 3593 ἀγαθῶν
743 3519 1073 3592 μετουσίαν,
1096 3519 1268 3573 Πόθεν
1300 3518 1416 3587 οὖν,
1449 3523 1617 3592 ἐρεῖς,
1638 3524 1665 3575 6
1690 3522 1778 3575 διὰ

231 3615 428 3671 πάντων
456 3619 575 3680 τοῖς
604 3615 916 3679 καλλίστοις
949 3615 1319 3684 τετιμημένος
1358 3615 1427 3667 τὰ
1464 3615 1635 3686 χείρω
1669 3617 1779 3667 τῶν

229 3705 434 3773 ἀγαθῶν
484 3704 906 3775 ἀντηλλάξατο;
941 3703 1125 3773 Σαφὴς
1175 3705 1271 3756 καὶ
1324 3705 1353 3757 6
1412 3704 1543 3775 περὶ
1590 3703 1780 3758 τούτου

229 3797 389 3867 λόγος.
424 3797 678 3868 Οὐδεμία
707 3797 883 3850 κακοῦ
912 3798 1128 3865 γένεσις
1160 3799 1225 3850 ἐκ
1258 3794 1352 3850 τοῦ
1392 3796 1536 3849 θείου
1582 3797 1782 3868 βουλή-

229 3903 380 3957 ματος
406 3887 503 3958 τὴν
536 3885 716 3957 ἀρχὴν
742 3886 901 3958 ἔσχεν
925 3903 940 3917 ο
976 3884 1013 3958 ἦ
1066 3887 1174 3959 γὰρ
1233 3888 1300 3942 ἂν
1347 3889 1454 3954 ἔξω
1518 3890 1783 3961 μέμψεως

225 3975 285 4052 ἦν
314 3982 563 4050 ἡκακία,
597 3981 731 4034 Θεὸν
763 3980 941 4049 αὐτῆς
974 3983 1400 4057 ἐπιγραφομένῃ
1432 3984 1665 4054 ποιητὴν
1688 3988 1782 4039 καὶ

224 4076 438 4147 πατέρα.
500 4074 645 4130 Ἀλλ’
677 4076 950 4145 ἐμφύεται
980 4093 1096 4140 πως
1153 4075 1213 4128 τὸ
1243 4077 1412 4130 κακὸν
1452 4075 1654 4141 ἔξωθεν
1715 4082 1781 4150 τῇ

226 4168 549 4237 προαιρέσει,
579 4168 703 4221 τότε
744 4167 1162 4238 συνιστάμενον,
1227 4171 1356 4223 ὅταν
1383 4187 1469 4234 τις
1526 4173 1636 4227 ἀπὸ
1688 4172 1783 4227 τοῦ

224 4257 375 4311 καλοῦ
422 4260 655 4330 γένηται
697 4260 797 4329 τῆς
841 4259 1020 4329 ψυχῆς
1078 4260 1454 4332 ἀναχώρησις.
1515 4265 1784 4335 Καθάπερ

225 4350 325 4419 γὰρ
351 4351 385 4421 ἠ
412 4352 509 4422 μὲν
534 4352 732 4420 ὅρασις
766 4350 986 4421 φύσεώς
1040 4354 1190 4425 hac.“
1222 4354 1499 4427 ἐνέργεια,
1535 4360 1569 4427 ἡ
1591 4359 1785 4431 δὲοπή-

227 4459 380 4513 ρωσις
409 4445 677 4517 στέρησίς
715 4446 834 4498 ἐστι
883 4445 982 4515 τῆς
1012 4445 1251 4516 φυσικῆς
1289 4447 1608 4517 ἐνεργείαςο
1641 4450 1784 4505 οὕτω

235 4535 321 4587 καὶ
347 4538 378 4605 ἡ
407 4535 582 4607 ἀρετὴ
606 4535 744 4605 πρὸς
806 4534 904 4605 τὴν
938 4535 1138 4589 κακίαν
1164 4534 1651 4608 ἀντικαθέστηκεν.
1706 4542 1781 4594 Ού

1890 2059 1944 2105 et
2004 2050 2269 2107 molestiis
2324 2054 2696 2125 mrumnisque
2747 2068 3165 2125 premamur,ct
3220 2060 3467 2129 pristinis

1887 2142 2188 2196 commodis
2224 2142 2422 2212 privati
2450 2145 2642 2200 simus.
2676 2144 2781 2212 Qui
2828 2146 2975 2201 enim
3014 2149 3289 2203 hominem
3341 2167 3468 2221 pro-

1882 2220 2127 2302 priorum
2204 2234 2474 2288 bonorum
2549 2236 2872 2309 participem
2930 2238 3155 2307 fecerat,
3234 2220 3466 2311 ejusque

1886 2332 2095 2379 natum
2160 2325 2438 2381 inseverat
2483 2327 2750 2382 virtutum
2815 2330 3059 2385 omnium
3114 2332 3345 2397 semina,
3408 2343 3469 2387 ut

1887 2416 2115 2486 singulis
2193 2417 2429 2473 vicissim
2520 2420 2836 2477 excolendis
2902 2421 2971 2476 ad
3053 2422 3467 2478 similitudinem

1886 2522 2039 2561 suam
2073 2508 2477 2577 incenderetur,
2523 2510 2872 2579 pulcherrimi
2923 2528 2985 2568 ac
3033 2515 3468 2583 prazstantissimi

1887 2602 2150 2665 muneris,
2205 2602 2391 2658 liberae
2428 2603 2687 2658 nimirum
2737 2614 2793 2660 et
2827 2605 3029 2661 nullius
3075 2607 3302 2677 imperio
3337 2610 3468 2662 sub-

1882 2691 2043 2763 jectae
2072 2693 2390 2758 voluntatis,
2420 2706 2707 2764 expertem
2742 2711 2851 2751 non
2883 2697 3211 2767 reliquisset.
3251 2700 3466 2754 Etenim

1887 2784 1936 2838 si
1986 2799 2092 2853 qua
2142 2784 2441 2840 necessitas
2475 2785 2728 2840 humanae
2776 2787 2899 2841 vitae
2944 2787 3140 2855 fuisset
3189 2790 3463 2861 imposita,

1888 2875 2076 2931 falsam
2101 2875 2157 2931 in
2178 2892 2241 2933 ea
2263 2877 2479 2947 quidem
2502 2872 2658 2947 parte
2681 2879 2970 2951 imaginem
2997 2882 3292 2947 retulisset,
3332 2884 3466 2938 alie—

1872 2980 2064 3036 Inaque
2100 2967 2169 3022 ab
2211 2967 2509 3038 exemplari
2542 2976 2765 3038 propter
2812 2968 3311 3025 dissimilitudinem
3374 2985 3470 3024 ex-

1885 3056 2271 3127 Stitisset.Qui
2316 3056 2468 3111 enim
2518 3056 2942 3129 necessitatibus
2994 3057 3232 3112 obnoxia
3282 3060 3470 3112 descr-

1874 3148 2153 3218 bviensque
2220 3156 2415 3213 natura
2494 3150 2777 3218 regnantis
2826 3147 3006 3219 imago
3058 3150 3471 3205 nominaretur?

1887 3238 2185 3310 Oportebat
2218 3228 2400 3310 igitur,
2440 3249 2520 3306 ut,
2558 3239 2704 3308 quod
2736 3239 2790 3295 in
2840 3240 3097 3295 omnibus
3132 3242 3243 3297 Dco
3290 3244 3471 3297 simile.

1888 3331 2091 3387 factum
2164 3340 2301 3395 erat,
2352 3340 2561 3386 naturae
2611 3332 2920 3403 libertatem
2976 3333 3180 3387 nullius
3240 3335 3467 3403 imperio

1888 3425 2188 3494 subjectum
2252 3423 2546 3489 obtineret,
2604 3432 2663 3477 ut
2718 3424 2937 3479 virtutis
2990 3428 3270 3495 praemium
3324 3438 3472 3482 esset

1890 3518 2159 3571 bonorum
2211 3516 2450 3586 adeptio.
2504 3515 2614 3569 Cur
2670 3515 2854 3585 igitur,
2926 3517 3163 3587 inquies,
3218 3521 3309 3589 qui
3351 3522 3472 3590 pul-

1889 3611 2175 3665 clterrimis
2201 3610 2457 3663 omnibus
2485 3608 2702 3663 dotibus
2726 3616 2950 3664 ornatus
2974 3620 3112 3674 erat,
3138 3614 3276 3665 mala
3312 3614 3470 3669 bonis

1889 3701 2231 3773 anteposuit?
2258 3701 2453 3757 Facilis
2482 3710 2537 3755 et
2563 3700 2627 3753 ad
2662 3700 2764 3753 hoc
2808 3702 3092 3771 responsio
3132 3714 3237 3759 est.
3279 3706 3472 3760 Nullus

1889 3800 2015 3854 mali
2089 3808 2241 3853 ortus
2308 3812 2338 3852 a
2404 3797 2496 3851 Dei
2567 3796 2847 3851 voluntate
2897 3797 3226 3867 principium
3284 3800 3468 3868 habet,

1890 3893 2103 3962 Alioqui
2158 3892 2350 3946 vitium
2401 3889 2723 3960 reprehendi
2774 3904 2884 3945 non
2932 3900 3143 3960 posset,
3199 3891 3243 3945 si
3299 3893 3469 3945 Deum

1870 3968 2168 4042 auctorem
2210 4000 2369 4040 suum
2424 3994 2479 4038 et
2521 3998 2761 4046 causam,
2792 3982 3031 4037 aﬂ‘erret.
3063 3984 3169 4038 Sed
3204 3985 3471 4038 extrinse-

1893 4097 1990 4136 cus
2020 4077 2419 4155 quodammodo
2463 4077 2664 4130 malum
2717 4068 3209 4142 innascitur,cum
3256 4080 3472 4133 animus

1892 4168 2171 4239 proposito
2224 4182 2288 4221 ac
2335 4166 2613 4220 voluntate
2662 4181 2759 4233 sua
2792 4168 2997 4221 recedit
3037 4170 3105 4222 ab
3162 4169 3471 4225 honestate.

1872 4248 2028 4316 Nam
2081 4270 2142 4315 ut
2194 4260 2342 4313 visus
2391 4268 2473 4315 est
2530 4257 2673 4313 actio
2724 4269 2952 4325 naturae,
3011 4262 3225 4317 cmcitas
3287 4273 3471 4317 autem

1892 4354 2123 4426 privatio
2167 4351 2429 4406 naturalis
2479 4352 2733 4416 actionis,
2796 4353 2875 4405 sic
2923 4353 3096 4406 virtus
3154 4363 3207 4408 et
3278 4355 3473 4409 vitium

1894 4448 2037 4502 inter
2064 4460 2122 4499 se
2151 4442 2421 4498 contraria
2448 4452 2593 4495 sunt.
2648 4441 2833 4511 Neque
2889 4443 3033 4497 enim
3089 4445 3246 4499 aliter
3294 4447 3469 4517 gigni-

1897 4550 1982 4594 tur
2044 4537 2257 4599 vitium,
2311 4534 2416 4588 nisi
2473 4534 2692 4587 virtutis
2764 4535 3031 4589 absentia.
3106 4537 3257 4590 Sicut
3327 4539 3473 4591 enim

236 4626 333 4699 γὰρ
353 4626 497 4680 ἔστιν
528 4628 708 4689 ἄλλως
759 4627 959 4688 κακίας
993 4626 1208 4693 γένεσιν
1254 4628 1505 4696 ἐννοῆσαι
1564 4629 1596 4699 ἢ
1655 4631 1780 4700 ἀρε-

1893 4633 2073 4689 ablato
2117 4627 2323 4681 lumine
2370 4629 2610 4678 teneler
2661 4625 3090 4694 subsequuntur,
3161 4642 3227 4680 eo
3287 4638 3473 4682 autem

226 4717 313 4783 τῆς
342 4718 602 4786 ἀπουσίᾳ.
638 4719 852 4790 Ὥσπερ
888 4718 1018 4787 γὰρ,
1049 4717 1142 4771 τοῦ
1166 4719 1341 4787 νρωτὸς
1370 4720 1783 4791 ὑφαιρεθέντος,

224 4810 248 4861 6
274 4808 427 4879 ζόφος
458 4810 899 4881 ἐπηκολούθησε,
949 4810 1216 4879 παρόντος
1241 4811 1295 4864 δὲ
1329 4813 1430 4865 οὐκ
1483 4814 1631 4867 ἔστιν
1657 4832 1671 4846 ’
1697 4815 1789 4869 οὒ-

226 4917 343 4966 τως,
377 4903 479 4965 ἕως
529 4901 597 4955 ἂν
625 4904 777 4972 παρῇ
804 4902 864 4953 τὸ
898 4900 1105 4968 ἀγαθὸν
1133 4902 1190 4953 ὲν
1213 4903 1279 4971 τῇ
1314 4903 1499 4970 φύσει,
1535 4905 1787 4976 ἀνύπαρ-

230 4995 347 5073 κτόν
373 4996 491 5047 ἐστι
520 4994 648 5048 καθ’
672 4993 871 5062 ἑαυτὴν
920 4995 952 5065 ὴ
984 4994 1176 5047 κακία.
1219 4994 1280 5047 Ἡ
1314 4995 1370 5049 δὲ
1413 4997 1505 5049 τοῦ
1545 4997 1790 5068 κρείττο-

1896 4731 2165 4794 praesente
2224 4717 2383 4772 nullae
2410 4723 2559 4781 sunt,
2612 4715 2686 4768 ita
2729 4716 2972 4783 quandiu
3035 4727 3118 4771 est
3176 4718 3229 4770 in
3284 4728 3474 4770 natura

1900 4816 2130 4874 bonum,
2191 4811 2391 4865 malum
2448 4822 2547 4877 per
2593 4823 2649 4862 se
2725 4808 2859 4863 nihil
2901 4818 3003 4863 est.
3070 4808 3219 4862 Bono
3288 4819 3474 4863 autem

1866 4906 2185 4977 recedente
2230 4906 2563 4960 contrarium
2600 4902 2924 4974 ingreditttr.
2977 4902 3113 4956 Cum
3151 4901 3314 4972 igitur
3340 4902 3478 4956 libe-

1899 5014 1970 5054 rae
2001 4999 2294 5053 voluntatis
2342 4998 2443 5052 hoc
2474 4998 2751 5067 proprium
2788 4996 2879 5060 sit,
2922 5003 2979 5049 ut
3028 4996 3296 5048 arbitratu
3351 5011 3473 5057 suo,

230 5102 310 5148 vo;
346 5086 693 5156 ἀναχώρησις
718 5087 814 5138 τοῦ
841 5087 1094 5138 ἐναντίου
1127 5087 1338 5154 γίνεται
1370 5088 1605 5157 γένεσις.
1632 5089 1780 5161 Ἐπεὶ

1892 5091 2036 5159 quod
2068 5090 2240 5160 magis
2278 5090 2429 5151 libet,
2462 5089 2857 5159 complectatur
2891 5089 3051 5150 Deus,
3099 5086 3192 5155 qui
3240 5086 3469 5139 liberam

226 5177 309 5229 οὖν
336 5178 493 5231 τοῦτο
544 5181 648 5249 τῆς
682 5178 1165 5244 αύτεξουσιότητός
1213 5183 1329 5232 ἐστι
1380 5182 1441 5233 τὸ
1479 5182 1698 5252 ἰδίωμα,
1732 5184 1792 5237 τὸ

230 5271 339 5324 κατ’
370 5272 619 5336 ἐξουσίαν
649 5271 934 5340 αἱρεῖσθαι
961 5270 1023 5323 τὸ
1051 5270 1409 5340 καταθύμιον,
1467 5274 1565 5343 οὐχ
1594 5276 1621 5326 6
1657 5275 1780 5336 Θεός

1896 5284 2109 5337 auctor,
2137 5275 2234 5329 sed
2264 5273 2542 5351 temeritas
2575 5280 2686 5338 tua,
2720 5288 2838 5341 qua:
2896 5270 3211 5326 melioribus
3260 5268 3476 5321 omissis
3514 5282 3521 5351 I:

225 5377 301 5414 σοι
350 5362 459 5416 τῶν
495 5363 786 5431 παρόντων
820 5364 966 5417 ἐστὶν
992 5364 1165 5425 αἴτιος
1212 5363 1421 5428 κακῶν,
1486 5366 1784 5420 ἀδέσποτόν

1898 5183 1992 5238 tibi
2043 5191 2297 5236 naturam
2350 5182 2564 5245 tribuit,
2622 5190 2839 5235 tuorum
2890 5195 2999 5233 non
3070 5188 3154 5233 est
3210 5178 3475 5231 malorum

1896 5370 2168 5425 deteriora
2200 5370 2577 5439 consequitur.

222 5469 276 5505 τε
308 5455 399 5508 καὶ
468 5455 659 5511 ἀνετόν
716 5473 797 5510 σοι
852 5457 1268 5531 κατασκευάσας
1301 5454 1401 5525 τὴν
1446 5455 1635 5526 φύσιν,
1699 5458 1813 5512 ἀλλ’
1857 5461 2173 5532 ἡάὄουλία,
2226 5461 2288 5514 τὸ
2350 5463 2530 5539 χεῖρον
2563 5458 2685 5515 ἀντὶ
2733 5459 2829 5512 τοῦ
2871 5459 3181 5529 κρείττονος
3249 5453 3477 5525 προελοο

226 5551 374 5623 μένη.

635 5640 739 5696 Ἐκ
770 5641 878 5695 τοῦ
905 5641 1091 5695 αὐτοῦ
1131 5643 1339 5711 λόγου.

290 5735 413 5788 Ὅτι
451 5734 549 5805 μὲν
585 5734 999 5803 ἐκτραπήσεται
1056 5731 1151 5784 τοῦ
1201 5731 1410 5800 ἀγαθοῦ
1469 5733 1529 5786 τὸ
1574 5732 1790 5805 ἀνθρὼ-

225 5843 393 5892 πινον,
453 5828 555 5879 οὐκ
611 5827 883 5893 ἠγνόησεν
928 5826 953 5877 6
1001 5824 1179 5876 πάντα
1234 5825 1665 5895 ἑμπερικρατῶν
1721 5830 1787 5896 τῇ

230 5923 496 5990 γνωστικῇ
544 5918 793 5987 δυνάμει,
848 5918 941 5970 καὶ
976 5917 1035 5970 τὸ
1076 5918 1275 5985 ἐφεξῆς
1318 5919 1397 5991 τῷ
1430 5921 1789 5990 παρῳχηκὸτι

512 6013 779 6074 ΡΑτιξοῐι.
828 6011 947 6072 Gn.
997 6012 1238 6075 CXXX.

2401 5641 2481 5693 Ex
2512 5640 2692 5694 eadem
2722 5640 2979 5695 oratione.

1971 5731 2253 5787 Hominem
2283 5748 2312 5785 a
2338 5731 2481 5785 bono
2508 5747 2849 5786 recessurum
2878 5732 3285 5802 nonignorabat
3313 5733 3479 5797 Deus,

1899 5826 1990 5895 qui
2041 5816 2269 5878 scientia
2324 5839 2420 5876 sua
2467 5832 2661 5877 cuncta
2711 5826 3149 5892 comprehendit.
3200 5836 3253 5879 et
3297 5824 3480 5879 futura

1899 5918 2130 5990 perinde
2204 5926 2365 5987 atque
2416 5916 2705 5986 priesentia
2777 5929 3093 5974 contuetur.
3152 5920 3347 5973 Verum
3421 5929 3480 5973 ut

3128 6019 3165 6073 7

3514 5329 3527 5365 ξ
