3954 6622
265 541 376 603 205

1211 524 1589 590 PANOPLIA
1630 516 2091 582 DOGMATICA.
2133 539 2203 550 -
2242 511 2390 573 ΤΙΤ.
2435 510 2529 573 VI.

3403 494 3510 559 $06

258 648 582 719 ἁγαθότητα
611 645 705 699 καὶ
737 642 836 715 τὴν
870 642 1088 713 σοφίαν,
1122 642 1211 695 ίνα
1263 641 1411 708 ἅπερ
1473 636 1624 690 ἐστὶν
1665 630 1832 694 αὐτὸς
1862 682 1863 687 η

1976 624 2103 682 nimi
2144 625 2372 698 largitus
2420 632 2505 677 est
2545 617 2873 680 habitudini.
2922 625 2982 670 ut
3019 629 3139 685 qua:
3179 626 3277 684 per
3321 626 3517 693 esseni

260 742 388 798 κατ’
414 741 626 805 οὐσίαν,
660 737 889 806 γένηται
918 736 953 806 ἠ
992 733 1172 797 κτίσις
1204 731 1347 787 κατά
1383 729 1700 800 μετουσίαν.
1730 724 1831 779 Διά

259 834 439 889 ταῦτα
499 831 597 884 καὶ
658 829 782 883 κατ’
816 826 1014 883 εἰκόνα
1067 825 1225 893 Θεοῦ,
1268 826 1365 881 καὶ
1407 823 1530 877 καθ’
1570 820 1835 891 ὁμοίωσιν

260 929 294 980 ὁ
324 916 614 994 ἄνθρωπος
646 902 1124 990 δημιουργηθῆναι
1162 918 1417 985 λέγεταιο
1473 913 1595 967 κατ’
1651 911 1839 964 εἰκόνα

264 1013 394 1085 μὲν,
421 1010 667 1075 ὠςὸντος
699 1009 797 1073 ὢν,
840 1008 937 1062 καὶ
975 1008 1065 1062 ἀεὶ
1098 1005 1252 1070 ὄντος
1292 1008 1382 1060 ἀεὶ
1415 1005 1512 1069 ὢν,
1556 1004 1606 1056 εί
1637 1002 1732 1056 καὶ
1763 1001 1839 1072 μὴ

267 1103 528 1175 ἀνάρχως
569 1099 756 1164 αὐτὸς,
793 1098 913 1153 ἀλλ’
965 1097 1367 1167 ἀτελευτήτως·
1405 1092 1531 1149 καθ’
1575 1090 1838 1163 ὁμοίωσιν

267 1198 351 1263 δὲ,
388 1197 463 1260 ὡς
493 1193 705 1265 ἀγαθοῦ
729 1192 965 1263 ἀγαθὸς,
1011 1191 1106 1247 καὶ
1136 1191 1306 1261 σοφοῦ
1332 1189 1518 1259 σοφὸς,
1571 1186 1667 1242 τοῦ
1697 1183 1842 1261 κατά

268 1289 438 1360 φύσιν
478 1290 507 1342 ὁ
544 1287 687 1341 κατὰ
744 1285 927 1356 χάριν.
969 1284 1130 1339 Ἀλλά
1186 1282 1308 1337 κατ’
1347 1282 1534 1336 εἰκόνα
1584 1279 1684 1350 μέν
1734 1278 1842 1331 εἰσι

271 1381 479 1441 πάντες
521 1376 710 1441 ἁπλῶς
738 1376 837 1430 ἄνθ
849 1392 1050 1446 ρωποι,
1085 1368 1209 1428 καθ’
1227 1374 1497 1445 ὁμοίωσιν
1517 1371 1573 1424 δὲ
1604 1369 1765 1439 μόνοι
1790 1368 1842 1421 οι

276 1468 477 1539 ἀγαθοῖ¹
507 1468 599 1523 καὶ
627 1467 806 1536 σοφοί.

885 1713 1000 1769 Τοῦ
1052 1711 1263 1768 αὐτοῦ.

349 1809 514 1863 Πᾶσα
550 1808 749 1876 λογικὴ
777 1808 874 1860 καὶ
914 1805 1081 1876 νοερά
1113 1804 1273 1858 οὐσία
1288 1803 1544 1875 διῄρηται
1576 1803 1658 1868 εῐς
1674 1804 1847 1877 τετὴν

185 1924 194 1931 -
282 1898 584 1969 ἀγγελικὴν
637 1897 733 1951 καὶ
762 1897 862 1968 τὴν
909 1896 1262 1967 ἀνθρωπίνην
1293 1896 1457 1964 φύσιν
1482 1908 1498 1923 ⁸
1556 1895 1653 1948 καὶ
1685 1896 1717 1964 ἡ
1744 1895 1850 1964 μὲν

283 1967 557 2062 ἀγγελικη
597 1967 852 2062 διῄρηται
909 1991 1072 2045 πάλιν
1106 1992 1187 2055 είς
1224 1989 1317 2043 δύο
1358 1990 1658 2051 καθολικάς
1710 1987 1853 2057 γνὼ-
1880 1967 1929 2028 Β

284 2103 394 2153 μας
438 2083 535 2137 καὶ
558 2084 793 2150 ἀγέλας,
826 2085 907 2147 ε’ίς
968 2082 1132 2151 ἁγίας
1195 2098 1256 2133 τε
1304 2081 1572 2152 Δυνάμεις
1626 2079 1722 2133 καὶ
1771 2080 1851 2141 εἷς

280 2180 505 2244 ἐναγεῖς
561 2175 856 2246 δαίμοναςο
895 2174 929 2240 ἡ
968 2174 1026 2227 δὲ
1059 2172 1379 2244 ἀνθρωπίνη
1419 2173 1583 2228 πάλιν
1646 2174 1727 2236 είς
1758 2170 1853 2226 δύο

282 2267 586 2332 καθολικᾶς
611 2267 839 2337 γνώμας
866 2266 961 2321 καὶ
986 2266 1212 2335 ἀγέλας,
1259 2266 1340 2330 είς
1368 2263 1613 2329 εὐσεϐεῖς
1643 2267 1737 2319 καὶ
1770 2265 1853 2329 είς

284 2362 531 2426 ἀσεϐεῖς.

889 2442 1002 2506 Τοῦ
1045 2450 1254 2506 αὐτοῦ.

350 2540 567 2615 Νοερδν
590 2546 691 2617 μέν
713 2546 831 2599 ἐστι
870 2542 935 2599 τὸ
982 2543 1166 2611 νοοῦν,
1216 2544 1409 2615 νοητὸν
1439 2544 1495 2599 δὲ
1536 2544 1848 2614 νοούμενον.

286 2636 552 2707 Τροέὴδέ
601 2654 723 2690 τινα
762 2635 854 2691 τοῦ
906 2636 1153 2702 νοοῦντος
1208 2636 1409 2709 τρόπον
1446 2637 1508 2692 τὸ
1546 2635 1856 2707 νοούμενον.

288 2728 453 2783 Οὕτω
481 2728 580 2799 μὲν
616 2724 710 2783 οὖν
730 2729 955 2802 κυρίως·
999 2730 1249 2802 λέγονται
1279 2729 1337 2785 δὲ
1372 2729 1473 2784 καὶ
1502 2725 1735 2797 ἐναλλὰξ
1756 2746 1859 2784 κα-

289 2822 696 2894 ταχρηστικῶς.

877 3002 993 3059 Τοῦ
1012 2998 1228 3059 αὐτοῦ.
1828 3075 1837 3079 θ

364 3095 639 3168 Ζητητέον
667 3088 781 3159 τοῖς
820 3096 1265 3167 σπουδαιοτέροις
1300 3096 1423 3150 τίνα
1462 3096 1700 3168 καθήκει
1723 3098 1864 3153 νοεῖν

292 3184 526 3243 εἶναιτὰ
555 3184 711 3257 ἔργα,
742 3180 816 3241 ὧν
846 3188 1049 3259 ἤρξατο
1095 3180 1196 3257 τῆς
1226 3190 1494 3255 γενέσεως
1523 3188 1551 3241 ὁ
1584 3187 1739 3256 Θεὸς,
1767 3190 1865 3243 καὶ

293 3280 422 3333 τίνα
473 3278 639 3334 πάλιν
668 3272 745 3332 ὧν
782 3279 887 3332 οὐκ
913 3279 1141 3352 ἤρξατο.
1174 3278 1237 3332 Et
1268 3278 1378 3350 γὰρ
1418 3278 1639 3333 πάντων
1697 3260 1863 3333 κατέέ-

294 3389 475 3426 παυσε
495 3373 604 3427 τῶν
630 3372 811 3444 ἔργων
832 3364 908 3428 ὧν
930 3371 1135 3444 ἤρξατο
1170 3372 1415 3443 ποιῆσαι,
1441 3368 1598 3444 δῆλον
1625 3374 1701 3436 ὼς
1726 3373 1868 3427 ἐκεί·

296 3482 412 3519 νων
444 3464 506 3518 οὐ
532 3463 903 3530 κατέπαυσεν,
956 3457 1031 3518 ὧν
1073 3465 1173 3519 οὐκ
1210 3462 1416 3536 ἤρξατο
1479 3465 1725 3537 ποιῆσαι.
1776 3465 1870 3535 Μή

298 3573 433 3609 ποτε
496 3552 589 3610 οὖν
639 3554 777 3625 ἔργα
813 3554 914 3624 μὲν
983 3548 1099 3609 θεία
1167 3556 1436 3628 χρονικῶς
1478 3557 1731 3628 ἡργμένα
1774 3557 1871 3612 τοῦ

298 3645 445 3701 εἷναί
468 3649 572 3699 είσι
606 3647 787 3699 πάντα
827 3646 896 3699 τὰ
917 3645 1013 3699 τοῦ
1076 3643 1218 3701 εῐναι
1273 3649 1590 3718 μετέχοντα,
1645 3644 1757 3703 οἷον
1814 3651 1872 3704 αἱ

297 3738 549 3807 διάφοροι
574 3737 682 3790 τῶν
718 3737 888 3792 ὄντων
918 3737 1120 3793 οὐσίαι·
1159 3739 1222 3794 τὸ
1255 3740 1383 3812 γὰρ.
1419 3740 1497 3813 μὴ
1548 3740 1611 3795 ὃν
1660 3740 1874 3812 ἔχουσιν

302 3831 487 3885 αὐτῶν
543 3828 639 3885 τοῦ
672 3827 812 3887 εἶναι
849 3831 1243 3905 πρεσϐύτερον.
1292 3829 1402 3891 Ἦν
1450 3837 1559 3907 γάρ
1614 3853 1744 3890 ποτε
1786 3837 1876 3890 ὅτε

298 3924 405 3976 οῦκ
431 3916 521 3991 ἦν.
559 3920 739 3991 Ἔργα
766 3920 824 3976 δὲ
853 3921 989 3976 Θεοῦ
1018 3924 1119 3977 οὐκ
1142 3923 1394 3994 ἠργμένα
1428 3924 1720 3995 χρονικῶς,
1747 3926 1876 3980 ὄντα

307 4011 570 4084 μεθεκτὰ,
606 4008 683 4066 ὧν
714 4014 857 4067 κατά
886 4013 1049 4091 χάριν
1082 4017 1375 4085 μετέχουσι
1408 4014 1478 4071 τὶ
1528 4016 1658 4070 ὄντα
1716 4018 1876 4086 μετέω

304 4123 496 4176 χοντα,
524 4101 634 4159 οἷον
743 4107 1018 4179 ἀγαθότης
1063 4109 1157 4163 καὶ
1192 4110 1300 4162 πᾶν
1322 4110 1378 4163 εῐ
1409 4127 1463 4164 τι
1500 4109 1577 4180 τῷ
1605 4111 1703 4180 τῆς
1739 4112 1881 4181 ἀγα-

306 4199 533 4268 θότητος
558 4199 947 4270 ἐμπεριέχεται
981 4198 1125 4271 λόγῳ
1154 4218 1168 4234 ο
1206 4203 1305 4255 καὶ
1333 4201 1522 4265 ἁπλῶς
1553 4204 1703 4257 πᾶσα
1740 4202 1877 4274 ζωὴ,

1941 719 2072 778 tiam
2129 718 2244 789 ipse
2298 727 2405 784 est,
2457 727 2647 769 eorum
2713 726 2801 765 res
2862 715 3160 778 procreata}
3216 701 3513 775 participes

1941 788 2155 866 tierent.
2186 808 2554 875 Quamobrem
2603 805 2764 858 homo
2806 801 2982 855 factus
3028 810 3148 853 esse
3195 790 3394 849 dicitur
3444 788 3521 873 ad

1938 901 2227 971 imaginem
2292 886 2347 954 et
2378 897 2445 953 ad
2478 888 2886 951 similitudinem
2926 888 3042 945 Dei.
3092 886 3173 943 Ad
3221 884 3514 956 imaginem

1940 994 2183 1064 quidem,
2210 988 2464 1062 quoniam
2500 1003 2563 1044 ex
2594 1002 2681 1054 eo,
2710 986 2801 1056 qui
2835 992 2938 1046 est,
2960 980 3169 1038 exsistit
3206 996 3223 1034 :
3262 987 3317 1034 et
3353 993 3416 1031 ex
3452 991 3518 1031 eo

1941 1086 2035 1156 qui
2089 1098 2305 1153 semper
2353 1090 2456 1146 est,
2512 1093 2730 1149 semper
2784 1074 3017 1130 exsistit.
3066 1066 3523 1159 Quamviscniml

1942 1190 2055 1231 non
2110 1174 2232 1228 sine
2285 1169 2554 1242 principio
2618 1168 2709 1233 sit,
2797 1178 3077 1233 nunquam
3156 1169 3337 1214 tamen
3399 1168 3520 1231 esse

1946 1267 2181 1337 desinet.
2207 1265 2289 1320 Ad
2337 1261 2751 1319 similitudinem
2799 1272 2947 1324 vero,
3000 1253 3258 1326 quoniam
3300 1268 3329 1305 a
3376 1250 3523 1323 bono

1946 1358 2143 1421 bonus,
2171 1365 2226 1411 et
2247 1371 2281 1411 a
2312 1356 2555 1425 sapiente
2589 1352 2827 1423 sapiens,
2861 1350 2990 1406 licet
3025 1348 3115 1405 ille
3146 1349 3216 1401 sit
3254 1338 3522 1415 ejusmodi

1944 1462 2049 1518 per
2100 1455 2376 1510 naturam,
2441 1444 2558 1513 ipse
2624 1450 2807 1497 autem
2864 1455 2965 1511 per
3015 1437 3266 1510 gratiam.
3327 1434 3524 1489 Verum

1949 1554 2075 1593 cum
2102 1551 2295 1592 omnes
2326 1536 2528 1607 pariter
2552 1533 2800 1590 homines
2832 1532 2901 1587 ad
2930 1531 3220 1603 imaginem
3252 1527 3387 1592 sint,
3427 1520 3527 1581 soli

1952 1630 2082 1687 boni
2111 1629 2495 1701 sapientesque
2540 1638 2667 1683 sunt
2696 1628 2763 1682 ad
2805 1624 3243 1683 similitudinem.

2621 1719 2897 1789 Ejusdem.
3516 1778 3525 1793 ,

2028 1812 2278 1869 Essentia
2303 1812 2501 1879 omnis,
2540 1826 2662 1881 quae
2695 1809 2903 1865 ratione
2956 1823 3021 1863 ac
3065 1798 3250 1863 mente
3309 1804 3531 1873 praedita

1959 1918 2065 1973 est,
2101 1907 2156 1961 in
2183 1905 2483 1978 angelicam
2520 1913 2773 1959 naturam
2814 1901 3077 1958 dividitur
3128 1910 3183 1956 et
3210 1900 3529 1955 humanam.

1954 1998 2214 2070 Angelica
2241 2010 2458 2051 rursum
2509 1994 2564 2049 in
2596 1996 2732 2048 duas
2762 1990 2930 2047 veluti
2973 1990 3176 2047 classes
3233 2000 3536 2059 gregesque

1955 2087 2352 2154 secernitur,in
2375 2095 2590 2141 sanctas
2611 2082 2939 2146 Potestates,
2963 2089 3017 2137 et
3040 2078 3407 2136 exsecrandos
3431 2082 3539 2131 dae-

1955 2196 2166 2238 mones.
2184 2178 2431 2235 Humana
2448 2179 2579 2234 item
2600 2185 2817 2233 secatur
2835 2174 2890 2230 in
2910 2180 3045 2232 duas
3058 2182 3261 2245 partes,
3285 2172 3339 2227 in
3362 2170 3538 2226 homi-

1956 2288 2059 2329 nes
2088 2273 2208 2343 pios
2256 2280 2310 2326 ct
2344 2270 2558 2341 impios.

2605 2446 2887 2520 Ejusdem.

2029 2539 2344 2612 intelligens
2370 2536 2571 2594 dicitur
2608 2540 2683 2605 id,
2717 2537 2862 2609 quod
2896 2547 3080 2593 mente
3108 2537 3295 2592 Utitur.
3335 2534 3543 2589 Intelli-

1960 2631 2106 2703 gitur
2129 2629 2369 2699 id,qu'o‘d
2392 2637 2577 2683 mente
2622 2624 3137 2697 comprehenditur.
3182 2622 3542 2693 lnlelligentis

1960 2724 2116 2779 cibus
2144 2721 2544 2792 quodammodo
2576 2728 2662 2774 est
2710 2718 2790 2782 id,
2834 2719 2977 2789 quod
3010 2716 3195 2772 animo
3251 2725 3543 2785 menteque

1961 2815 2279 2887 percipitur.
2293 2814 2365 2868 lta
2381 2811 2603 2883 quidem
2624 2809 2844 2882 proprie
2863 2825 2878 2876 ;
2896 2808 3121 2865 abusive
3158 2819 3340 2865 autem
3367 2822 3544 2861 enun-

1964 2909 2171 2965 tiantur
2200 2906 2391 2962 ordine
2421 2914 2650 2961 mutato.

2614 2995 2890 3067 Ejusdem.

2040 3097 2086 3151 Α
2140 3093 2569 3152 studiosioribus
2613 3100 2699 3147 est
2768 3088 3232 3161 investigandum,
3296 3102 3545 3158 quaenam

1966 3189 2084 3244 sint
2122 3188 2227 3243 illae
2255 3201 2362 3252 res,
2396 3200 2533 3256 quas
2562 3185 2740 3239 facere
2774 3182 2942 3253 coepit
2981 3182 3148 3247 Deus,
3174 3189 3231 3236 et
3251 3194 3371 3250 qua:
3421 3195 3543 3234 rur-

1895 3310 1939 3371 C
1970 3299 2091 3340 sum
2125 3283 2229 3337 illae
2278 3297 2415 3353 quas
2464 3295 2744 3349 nunquam
2798 3278 2984 3348 coepit.
3013 3277 3150 3333 Nam
3209 3276 3253 3332 si
3281 3276 3550 3347 requievit

1974 3376 2045 3432 ab
2087 3375 2364 3439 omnibus,
2392 3387 2533 3443 quas
2586 3371 2754 3442 coepit
2794 3369 2996 3437 facere,
3039 3368 3107 3425 ab
3146 3368 3252 3424 illis
3302 3369 3550 3438 profecto

1974 3482 2110 3539 quas
2171 3467 2349 3521 lacere
2399 3478 2678 3533 nunquam
2745 3463 2929 3533 coepit,
2982 3461 3192 3533 quievit
3247 3476 3548 3531 nnnquam.

1976 3559 2185 3626 Quibus
2212 3557 2375 3628 igitur
2404 3555 2742 3626 impertitum
2773 3564 2877 3620 est,
2910 3562 2970 3609 ut
3002 3554 3133 3619 sint,
3170 3569 3248 3610 eae
3291 3554 3555 3623 temporis

1979 3651 2181 3706 habent
2206 3647 2442 3715 initiu'tn,
2473 3648 2660 3717 quales
2689 3656 2818 3701 sunt
2866 3647 3031 3701 variae
3088 3661 3270 3702 rerum
3324 3642 3554 3710 natu'rm,

1980 3742 2183 3813 quibus
2252 3741 2430 3810 ipsum
2493 3738 2728 3793 nihilum
2787 3748 2873 3793 est
2907 3739 3206 3810 antiquius.
3241 3737 3371 3794 Fuit
3407 3741 3555 3795 enim

1982 3831 2297 3902 aliquando.
2334 3844 2456 3884 cum
2486 3829 2613 3899 ipsa:
2635 3844 2746 3884 non
2790 3839 2997 3888 essent.
3057 3830 3343 3900 Temporis
3372 3840 3558 3885 autem

1982 3921 2317 3992 principium
2387 3936 2497 3976 non
2583 3921 2809 3987 habent,
2874 3937 2997 3992 quae
3059 3922 3558 3984 communicantur,

1983 4020 2214 4083 quaram
2247 4014 2365 4067 alia:
2395 4028 2480 4067 res
2511 4028 2598 4084 per
2638 4014 2864 4084 gratiam
2890 4013 3181 4084 participes
3209 4024 3358 4080 sunt,
3387 4014 3562 4083 qualis

1980 4116 2068 4163 est
2099 4106 2332 4170 bonitas,
2358 4115 2413 4161 et
2449 4107 2713 4177 quidquid
2760 4106 3021 4162 bonitatis
3047 4107 3260 4163 ratione
3306 4122 3563 4176 compre-

1988 4197 2267 4264 henditur,
2300 4208 2357 4253 et
2384 4200 2566 4254 omnis
2597 4198 2730 4263 vita,
2762 4208 2817 4255 et
2863 4198 3268 4265 immortalitas,
3323 4209 3379 4255 et
3440 4199 3566 4254 sitn-

308 4292 405 4343 καὶ
427 4288 721 4352 ἀθανασία,
756 4291 849 4346 καὶ
884 4291 1151 4361 ἁπλότης,
1184 4296 1279 4347 καὶ
1313 4293 1570 4364 ἀτρεψία,
1604 4295 1699 4349 καὶ
1722 4296 1863 4349 ἀπει·

1987 4290 2224 4361 plicitas,
2276 4299 2332 4345 et
2380 4280 2816 4355 imtnutabilitas,
2854 4298 2911 4346 et
2975 4289 3241 4358 inﬁnitas,
3311 4301 3365 4347 et
3416 4306 3565 4361 qua»

309 4379 423 4448 pia,
454 4374 550 4432 καὶ
573 4380 673 4432 ὅσα
704 4381 832 4450 περὶ
877 4374 1013 4435 Θεὸν
1067 4382 1344 4446 οὐσιωδῶς
1379 4384 1688 4454 θεωρεῖται,
1726 4387 1863 4441 ἆτινι

1986 4397 2206 4453 cunque
2234 4384 2288 4438 in
2320 4384 2412 4439 Dei
2443 4384 2682 4439 essentia
2716 4383 3155 4449 considerantur,
3183 4400 3306 4455 quae
3348 4385 3565 4441 nullum

309 4465 404 4518 καὶ
436 4464 575 4537 ἔργα
607 4466 743 4522 Θεοῦ
783 4460 911 4535 εἶσι,
942 4470 1039 4524 καὶ⁵
1065 4469 1167 4524 οὐκ
1198 4471 1454 4541 ἡργμένα
1474 4474 1770 4543 χρονικῶς.
1803 4476 1863 4529 Οί

1990 4474 2196 4529 habent
2212 4474 2425 4529 initium
2454 4473 2741 4543 temporis.
2774 4474 3064 4544 Nunquam
3081 4467 3229 4530 enim
3248 4485 3344 4530 aut
3366 4477 3570 4532 virtute

308 4557 419 4628 γάρ
448 4574 578 4610 ποτε
604 4559 977 4631 πρεσϐύτερον
1002 4561 1206 4631 ἀρετῆς
1236 4563 1298 4615 τὸ
1319 4564 1420 4616 οὐκ
1442 4558 1540 4634 ἦν,
1570 4564 1694 4618 οὐδὲ
1737 4581 1863 4627 τινος

1990 4573 2089 4621 aut
2121 4553 2229 4620 ulla
2278 4581 2465 4620 earum
2500 4580 2705 4628 rerum,
2762 4580 2884 4635 quae
2925 4576 3366 4623 commemoratae
3419 4576 3567 4635 sunt,

309 4648 474 4702 ἄλλου
504 4649 611 4701 τῶν
639 4650 971 4720 εἰρημένων.
1014 4652 1129 4707 οὐκ
1150 4648 1221 4725 ἦν
1252 4653 1359 4724 γάρ
1392 4670 1546 4721 ποτε,
1573 4654 1663 4709 ὅτε
1687 4656 1789 4710 οὐκ
1808 4652 1863 4728 ῆι

1991 4656 2165 4728 ipsum
2196 4654 2425 4710 nihilum
2466 4655 2571 4711 fuit
2599 4656 2894 4726 antiquius.
2928 4655 3217 4726 Nunquam
3242 4658 3389 4711 enim
3443 4657 3569 4723 fuit,

309 4736 510 4801 ταῦτα,
540 4738 751 4811 ἀναρχά
780 4757 838 4792 τε
861 4742 989 4795 ὄντα
1012 4745 1301 4813 χρονικῶς,
1328 4747 1422 4799 καὶ
1448 4746 1618 4814 μόνον
1642 4747 1734 4803 τὸν
1747 4748 1863 4807 Ochi

1987 4766 2112 4807 cum
2134 4752 2219 4808 han
2270 4764 2380 4804 non
2410 4757 2596 4804 essent
2652 4763 2792 4818 quaz,
2815 4755 3076 4819 quantum
3114 4747 3183 4803 ad
3210 4758 3423 4819 tempus
3448 4765 3573 4821 pcr-

313 4828 511 4898 ἔχοντα
531 4828 626 4883 τοῦ
652 4826 794 4885 εἶναι
830 4833 1208 4905 μονιμώτατον
1248 4837 1433 4902 ἀῖδίως
1460 4840 1785 4913 γεννήτορα.
1804 4842 1863 4896 Td

1993 4845 2148 4910 tinet,
2199 4844 2318 4898 sine
2397 4841 2667 4911 principio
2692 4849 2841 4906 sunt,
2889 4840 3038 4896 etab
3072 4839 3225 4895 omni
3260 4842 3574 4896 aeternitate

318 4919 512 5020 μέντοι
549 4922 801 4992 ἡργμένα
857 4925 1125 4994 χρονικῶς
1172 4927 1268 4981 καὶ
1312 4931 1440 4996 sici,
1497 4930 1595 4985 καὶ
1640 4931 1863 5001 λέγοντα

1993 4938 2168 4996 solum
2194 4936 2364 4991 Deum
2391 4934 2598 4988 habent
2626 4942 2929 4997 auctorem,
2973 4940 3033 4986 ut
3056 4931 3188 4987 sint.
3212 4932 3349 4988 Nam
3371 4950 3490 5003 qua:
3516 4935 3571 4988 in

315 5012 450 5065 τοῦθ
481 5012 636 5084 ὅπερ*
675 5015 771 5070 καὶ
792 5017 922 5082 εἰσὶ,
958 5018 1055 5071 καὶ
1090 5019 1366 5089 λέγοντα-ι.

1996 5038 2238 5099 tempore
2263 5034 2548 5097 cmperunt
2568 5039 2708 5091 esse,
2726 5034 2782 5080 et
2797 5032 2945 5092 sunt,
2965 5035 3020 5082 ct
3036 5025 3294 5082 dicuntur
3324 5025 3376 5082 id
3396 5026 3571 5097 ipsum

1993 5123 2139 5193 quod
2172 5129 2319 5187 sunt,
2351 5128 2405 5175 et
2424 5120 2698 5175 dicuntur.

926 5200 1036 5259 τοῦ
1068 5207 1255 5262 αὐτοῦ

2624 5209 2904 5281 Ejusdem.

394 5290 553 5345 Πᾶσα
588 5294 621 5365 ὴ
650 5294 813 5366 νοερὰ
846 5298 1006 5352 οὐσία
1051 5299 1149 5352 καὶ
1180 5302 1212 5370 ὴ
1247 5300 1541 5375 αἰσθητικὴ
1582 5303 1774 5359 ἔλαϐον
1799 5303 1894 5359 δυ-

319 5385 522 5455 νάμεις
568 5390 718 5459 παρὰ
750 5390 844 5444 τοῦ
881 5392 1165 5456 κτίσαντος
1208 5394 1607 5467 ἀντιληπτικὰς
1657 5397 1767 5452 τιίν
1812 5398 1899 5451 δν-

318 5495 465 5531 των·
495 5480 527 5548 ἡ
561 5480 661 5550 μὲν
693 5483 854 5555 νοερά
875 5484 972 5548 τὰς
998 5487 1232 5558 νοήσεις,
1270 5489 1303 5558 η
1336 5488 1392 5542 δὲ
1450 5489 1746 5561 αίσθηικικὴ
1797 5494 1897 5556 τὰς

322 5572 631 5642 αἰσθήσεις.

933 5756 1044 5812 Τοῦ
1083 5759 1293 5815 αὑτοῦ.

412 5845 472 5900 ’0
514 5845 613 5915 μὲν
643 5847 1058 5923 δημιουργήσας
1095 5851 1230 5916 Θεὸς
1290 5854 1585 5926 μετέχεται
1628 5857 1816 5928 μόνον,
1866 5861 1899 5930 ὴ

324 5940 387 5995 δὲ
420 5939 598 6007 κτίσις
634 5944 781 5998 πᾶσα
835 5942 929 5997 καὶ
985 5945 1225 6018 μετέχει,
1267 5947 1361 6004 καὶ
1401 5949 1746 6019 μεταδίδωσι.
1790 5955 1901 6010 Καὶ

2064 5305 2286 5360 Naturae
2312 5312 2422 5361 tam
2441 5304 2823 5375 i-itelligentes,
2840 5318 3002 5373 quam
3022 5311 3323 5360 sentientes
3346 5316 3575 5372 accepe-

2001 5407 2129 5456 rtmt
2148 5414 2180 5453 a
2196 5412 2377 5452 rerum
2405 5396 2649 5451 omnium
2676 5405 3022 5464 procreatore
3046 5395 3353 5461 facultates,
3371 5395 3575 5464 quibus

2002 5506 2089 5546 res
2132 5486 2276 5560 ipsas
2328 5488 2876 5558 comprehenderent,
2936 5487 3304 5558 intelligentes
3332 5486 3575 5557 quidem,

2002 5590 2242 5638 mentem
2281 5589 2336 5636 et
2394 5579 2803 5653 cogitationem,
2842 5580 3145 5638 sentientes
3190 5588 3374 5636 autem
3426 5580 3580 5652 ipsos

2004 5687 2199 5730 sensus

2679 5762 2955 5821 Eiusdem.

2679 5781 2955 5832 ejusdem.

2067 5857 2388 5913 Procreator
2418 5855 2561 5912 Deus
2585 5856 2811 5927 largitur
2847 5857 3244 5915 tantummodo.
3274 5857 3383 5915 Res
3398 5868 3583 5916 autem

2005 5964 2196 6009 omnes
2208 5956 2506 6023 procreatae
2522 5958 2577 6008 et
2591 5949 2943 6025 accipiunt,et
2954 5950 3278 6026 largiuntur.
3294 5952 3584 6027 Accipiunt
3620 5976 3621 5979 η
