3838 6600
1596 507 1979 570 EUTHYMII
2016 508 2379 571 ZIGABENI

3512 514 3622 576 298

357 631 527 695 enim,
561 629 773 694 utsint,
795 637 849 681 et
891 626 1031 682 bene
1060 625 1192 682 sint.
1241 625 1571 697 Largiuntur
1619 635 1801 681 autem
1824 625 1939 680 aliis

2068 628 2268 699 ιετέχει
2300 627 2403 699 μὲν
2426 628 2521 682 τοῦ
2554 623 2718 696 εἶναι,
2752 630 2848 684 καὶ
2880 629 2975 684 τοῦ
3006 630 3069 685 εὖ
3093 626 3255 697 εἶναι,
3290 632 3624 702 μεταδίδωσι

356 727 592 782 tantum,
630 728 686 772 ut
717 718 855 772 bene
878 718 1008 771 sint.
1043 716 1223 788 Atque
1253 731 1318 771 ex
1353 716 1440 771 his
1466 716 1590 782 illae,
1636 730 1759 786 quae
1812 724 1943 769 sunt

355 808 603 880 corporis
630 814 881 878 expertes
908 816 1024 862 tum
1068 807 1326 872 dicendo,
1370 816 1485 862 tum
1539 809 1774 879 agendo,
1827 815 1941 860 tum

355 900 653 972 spectando
685 900 988 973 largiuntur
1025 900 1166 965 aliis,
1199 910 1260 955 ut
1290 901 1427 955 bene
1454 900 1583 955 sint.
1632 898 1763 966 Quae
1814 912 1945 953 vero

356 1008 632 1062 corporea:
657 1001 809 1056 sunt,
833 993 963 1047 dum
992 1001 1312 1063 speetantur
1335 990 1618 1047 duntaxat.
1644 990 1721 1045 Ac
1743 999 1943 1043 sancite

355 1084 574 1156 quidem
608 1084 714 1140 illa:
739 1084 1050 1141 Potestates
1097 1083 1408 1155 splendoris
1460 1081 1643 1137 radios
1701 1080 1842 1135 inter
1884 1093 1969 1169 διδχ

328 1174 600 1232 (vicissim
636 1174 1064 1230 communicant
1108 1181 1162 1227 et
1223 1171 1557 1241 largiuntur.
1618 1165 1945 1222 Hominibus

355 1274 491 1324 vero
518 1277 628 1321 tum
657 1267 914 1321 virtutem
950 1280 1105 1319 suam
1162 1262 1501 1333 impartiunt,
1534 1260 1663 1315 dum
1704 1272 1799 1311 eos
1836 1255 1945 1309 Deo

355 1357 567 1415 similes
583 1357 869 1413 reddunt:
898 1368 1012 1411 tum
1066 1354 1400 1427 cognitionis
1453 1366 1569 1407 sua:
1601 1344 1946 1404 faciuntillos

355 1450 674 1522 participes,
697 1449 838 1503 'dum
898 1448 1229 1504 eosdocent
1252 1446 1461 1516 aliquid
1486 1443 1567 1498 vel
1600 1441 1667 1495 de
1703 1439 1826 1494 ‘Deo
1855 1452 1948 1491 su-

353 1543 602 1609 blimius,
632 1542 714 1595 vel
737 1542 802 1596 de
830 1542 994 1596 rebus
1009 1555 1238 1611 corpore
1269 1537 1578 1595 carentibus
1594 1530 1945 1604 profundius,

355 1637 445 1690 vel
486 1635 553 1690 de
604 1634 882 1704 corporeis
942 1633 1287 1705 exquisitius,
1350 1630 1436 1687 vel
1477 1628 1547 1685 de
1601 1622 1943 1696 providentia

354 1729 563 1793 verius,
599 1727 683 1782 vel
717 1726 784 1781 de
812 1725 1019 1797 judicio
1040 1725 1241 1780 clarius

1000 1815 1273 1884 Ejusdem.

428 1910 613 1964 Rebus
626 1909 944 1980 procreatis,
970 1918 1027 1962 ut
1045 1906 1370 1976 simpliciter
1392 1905 1522 1967 sint,
1538 1920 1637 1975 per
1653 1899 1946 1959 essentiam

2042 718 2100 772 δὲ
2121 718 2218 772 τοῦ
2248 720 2309 773 εὖ
2350 716 2490 775 εἶναι
2531 721 2713 790 μόνον.
2748 722 2889 775 Ἀλλ’
2918 723 2953 793 ἠ
2988 721 3091 792 μὲν
3131 722 3425 792 ἀσώματος
3462 723 3625 776 οὐσία

2042 811 2140 866 καὶ
2170 810 2430 881 λέγουσα,
2458 812 2555 868 καὶ
2585 814 2925 885 πράττουσα,
2986 814 3083 868 καὶ
3131 814 3489 885 θεωρουμένη
3526 814 3625 867 τοῦ

2044 902 2104 957 εὖ
2129 898 2269 958 εἷναι
2304 905 2665 975 μεταδίδωσιν
2689 922 2704 938 ο
2741 906 2774 978 ὴ
2811 905 2869 959 δὲ
2918 907 3208 977 σωματικὴ
3262 909 3626 979 θεωρουμένη

2048 995 2235 1065 μόνον.
2267 998 2335 1050 Δί
2371 997 2557 1066 μέντοι
2587 998 2746 1066 ἅγιαι
2784 998 3046 1069 δυνάμεις
3075 998 3336 1069 ἀλλήλαις
3371 1000 3469 1070 μὲν
3512 1018 3628 1069 φω-

2045 1087 2244 1155 τισμοῦ
2292 1088 2662 1156 μεταδιδόασι,
2695 1091 2810 1153 τοίς
2854 1089 3167 1162 ἀνθρώποις
3202 1090 3258 1143 δὲ
3294 1091 3395 1161 τῆς
3424 1108 3482 1144 τε
3526 1093 3626 1143 αὺ-

2045 1175 2156 1230 τῶν
2178 1177 2403 1246 ἀρετῆς,
2459 1182 2557 1233 καὶ
2593 1179 2859 1245 θεοειδεῖς
2892 1182 3093 1245 αὐτοὺς
3123 1181 3628 1251 ὲργαζὸμεναι,καὶ

2045 1267 2146 1337 τῆς
2175 1269 2232 1320 ὲν
2258 1270 2449 1333 αὑταῖς
2470 1271 2728 1339 γνώσεως
2758 1272 2818 1325 ὲν
2844 1272 2923 1342 τῷ
2951 1272 3227 1326 διδάσκειν
3259 1273 3289 1342 ἢ
3319 1275 3449 1342 περὶ
3485 1272 3625 1325 Θεοῦ

2044 1376 2097 1412 τι
2123 1358 2478 1431 ὑψηλότερον,
2512 1362 2546 1434 ἢ
2573 1364 2701 1433 περὶ
2723 1364 3033 1434 ἀσωμάτων
3067 1363 3394 1434 βαθύτερον,
3424 1365 3458 1435 ἢ
3497 1365 3630 1432 περὶ

2049 1453 2323 1522 σωμάτων
2353 1455 2776 1526 ἀκριϐέστερον,
2810 1457 2842 1528 ἦ
2871 1459 3002 1527 περὶ
3050 1456 3312 1529 προνοίας
3370 1457 3633 1529 τρανότε-

2052 1544 2219 1615 ρον,ἢ
2254 1547 2381 1618 περὶ
2405 1547 2645 1618 κρίσεως
2674 1549 3033 1621 σαςέστερον.

2631 1818 2743 1871 Τοῦ
2765 1818 2976 1871 αὑτοῦ.

2136 1907 2194 1962 '0
2225 1911 2325 1979 μὲν
2349 1909 2444 1962 τοῦ
2488 1907 2675 1971 ἁπλῶς
2704 1903 2844 1960 εἶναι
2876 1906 3077 1977 τρόπος
3111 1907 3234 1959 κατ’
3263 1906 3454 1962 οὐσίαν
3475 1907 3627 1960 δέδο-

354 2014 681 2057 concessum
704 2011 814 2067 est;
844 2001 1059 2054 u‘t'bene
1084 1998 1191 2053 sint
1210 2012 1307 2067 per
1326 1997 1553 2052 liberam
1576 1995 1939 2058 voluntatem;

2068 2018 2136 2054 παι
2162 2004 2229 2072 τῇ
2265 2001 2460 2071 λογικῇ
2486 2002 2662 2054 κτίσει
2686 2016 2699 2031 ο
2740 2000 2768 2051 6
2806 2000 2860 2052 δὲ
2881 1998 2974 2052 τοῦ
2995 1994 3053 2052 εὖ
3079 1995 3222 2052 εἶναι
3254 2000 3398 2052 κατά
3428 2000 3633 2070 προαί-

353 2105 414 2149 ut
437 2095 831 2164 sempcr’bene
848 2092 977 2157 sint,
1027 2105 1124 2161 per
1150 2090 1404 2162 gratiam.
1454 2087 1757 2153 Quiautem
1776 2085 1843 2139 ab
1872 2102 1938 2141 eo

354 2187 647 2250 excidunt;
674 2194 732 2240 ut
759 2200 977 2254 semper
1018 2183 1176 2239 ‘bene
1208 2181 1340 2247 sint,
1376 2180 1431 2235 in
1469 2179 1522 2235 id
1549 2180 1856 2242 incurrunt,
1882 2187 1941 2232 ut

352 2292 568 2351 semper
615 2278 815 2333 misere
850 2278 983 2333 sint.

914 2384 1214 2442 TITULUS
1242 2385 1359 2442 VII.

349 2486 431 2539 lie
457 2485 633 2538 divina
663 2484 907 2536 humana:
938 2480 1114 2533 carnis
1161 2478 1544 2547 assumptione.
1588 2477 1937 2547 Areopagitw,
2002 2478 2003 2481 “

562 2572 625 2608 ex
651 2554 783 2607 libro
810 2551 872 2605 de
895 2550 1082 2604 divinis
1121 2548 1461 2615 Nominibus,
1494 2564 1613 2618 cap.
1644 2547 1698 2603 1.

421 2718 642 2771 Summa
668 2714 756 2769 illa
776 2713 1040 2768 Divinitas
1066 2710 1415 2784 smgulariter
1442 2717 1589 2764 amat
1637 2709 1933 2763 humanum

349 2825 542 2878 genus,
564 2808 767 2879 quippe
790 2822 911 2877 qua:
944 2809 998 2861 in
1032 2821 1139 2860 una
1167 2818 1388 2860 suarum
1423 2816 1776 2874 personarum
1810 2814 1938 2857 vere

350 2913 514 2972 atque
547 2903 756 2971 integre
787 2909 1036 2953 naturam
1086 2906 1329 2952 nostram
1384 2893 1701 2963 assumpsit,
1754 2892 1821 2947 ad
1878 2906 1941 2946 se

352 3009 635 3057 revocans,
650 2992 862 3060 sibique
883 2988 1165 3060 applicans
1186 2987 1429 3042 intimam
1451 2985 1736 3039 hominum
1758 2983 1938 3037 humi-

352 3085 585 3148 litatem,
623 3099 689 3137 ex
722 3096 853 3151 qua,
878 3084 968 3150 qui
1003 3079 1232 3151 simplex
1256 3087 1361 3144 est,
1384 3075 1545 3132 Jesus
1567 3074 1935 3145 inexplicabili

354 3175 920 3243 ratioue‘compositus
939 3181 1024 3228 est
1056 3190 1070 3228 :
1102 3172 1267 3242 etqui
1293 3182 1535 3226 aeternus
1553 3178 1656 3235 est,
1679 3168 1940 3236 temporis

349 3268 732 3325 csteusioneut
762 3267 976 3337 accepit
1010 3284 1026 3321 :
1056 3276 1109 3321 et
1147 3266 1237 3336 qui
1283 3278 1503 3320 omnem
1523 3262 1691 3317 totius
1727 3270 1935 3314 natura;

2052 2111 2205 2166 ρεσιν
2225 2110 2238 2125 ο
2269 2095 2298 2146 ὁ
2328 2094 2391 2147 δὲ
2429 2092 2525 2146 τοῦ
2564 2086 2727 2146 ἀεὶεῦ
2756 2087 2895 2145 εἶναι
2922 2091 3063 2144 κατά
3095 2090 3279 2162 χάριν.
3333 2092 3396 2143 0i
3446 2091 3636 2161 μέντοι

2048 2187 2144 2241 τοῦ
2178 2188 2265 2241 ἀεὶ
2304 2186 2365 2240 εὖ
2399 2181 2541 2240 εἶναι
2572 2185 3046 2255 ἀποτυγχάνοντες
3077 2184 3138 2235 τὸ
3206 2182 3296 2237 ἀεὶ
3352 2181 3454 2252 φεῦ
3490 2177 3636 2235 εἶναι

2045 2277 2327 2350 λαμϐάνου
2335 2294 2441 2336 σιν.

2647 2391 2896 2448 ΤΙΤΛΟΣ
2929 2392 3005 2444 Z'.

2046 2491 2186 2559 Περὶ
2233 2490 2343 2557 τῆς
2387 2490 2552 2559 θείας
2599 2484 3131 2559 ἐνανθρωίτήσεῳς,
3167 2480 3289 2559 ’τοῦ
3320 2553 3332 2559 _
3352 2482 3642 2559 Ἀρεοπα-

2110 2552 2389 2683 ,ᾆηιτογᾷἐκ
2427 2552 2541 2613 τοῦ
2563 2558 2748 2625 λόγου
2783 2552 2890 2608 τοῦ
2920 2552 3053 2620 περὶ
3087 2555 3261 2609 θείων
3300 2552 3639 2620 ὀνομάτων,

2119 2648 2272 2683 κεωα
2324 2670 2337 2683 .
2370 2635 2445 2683 a'.

2119 2635 2337 2699 κεφάλ.
2370 2635 2445 2684 a'.

2117 2722 2508 2792 Φιλάνθρωπον
2562 2720 2927 2791 διαφερὸντως
2987 2717 3021 2786 ἠ
3078 2715 3329 2785 θεαρχία,
3386 2714 3467 2767 ὅτι
3523 2714 3642 2773 τοῖς

2048 2816 2170 2871 καθ’
2220 2815 2370 2884 ἡμᾶς
2415 2813 2553 2884 πρὸς
2582 2812 2840 2883 ἀλήθειαν
2869 2811 3067 2873 δλικῶς
3094 2811 3155 2862 ὲν
3202 2809 3302 2879 μιᾷ
3331 2806 3440 2860 τῶν
3464 2806 3643 2875 αὐτῆς

2048 2906 2399 2961 ὕποστάσεων
2445 2902 2827 2974 ἐκοινώνησεν,
2880 2901 3300 2972 ἀνακαλουμένη
3345 2902 3481 2969 πρὸς
3511 2899 3646 2952 ἑαυ-

2044 2995 2164 3065 τὴν,
2216 2994 2311 3048 καὶ
2364 2991 2679 3046 ἀνατιθεῖσα
2723 2991 2823 3062 τὴν
2866 2989 3215 3060 ἀνθρωπίνην
3264 2989 3547 3058 ἐσχατιὰν,
3581 2986 3645 3053 ἐξ

2044 3085 2114 3161 ’ἧς
2159 3086 2480 3156 ἀφθέγκτως
2512 3084 2541 3136 6
2567 3084 2776 3149 ἁπλοῦς
2819 3084 3029 3155 Ἰησοῦς
3075 3081 3358 3154 συνετέθη,
3395 3083 3490 3135 καὶ
3530 3099 3649 3134 πα-

2053 3180 2313 3249 ράστασιν
2351 3175 2539 3245 εἴληφε
2587 3176 2845 3246 χρονικὴν
2904 3177 2932 3229 6
2976 3175 3165 3241 ἀΐδιος,
3218 3176 3314 3228 καὶ
3360 3173 3497 3227 εἴσω
3538 3172 3647 3241 τῆς

2052 3269 2177 3324 καθ’
2212 3269 2359 3340 ἡμᾶς
2403 3269 2644 3338 ἐγεγόνει
2694 3268 2909 3337 φύσεως
2951 3269 2979 3321 ὁ
3013 3266 3196 3337 πάσης
3224 3266 3323 3334 τῆς
3362 3264 3503 3319 κατὰ
3536 3265 3650 3334 φύ-

351 3362 602 3417 ordinem
617 3374 781 3428 supra
798 3357 1291 3413 modumessentia:
1316 3364 1563 3426 superat,
1579 3354 1719 3408 intra
1741 3364 1939 3408 naturtc

2068 3379 2140 3416 σιν
2196 3331 2377 3414 πάσαν
2441 3331 2653 3425 τάξεως
2705 3331 3051 3429 θπερουσίως
3118 3331 3440 3427 ἐκδεδηκὼς
3498 3331 3649 3425 μετὰ

350 3462 555 3507 nostrae
575 3450 841 3506 terminos
852 3448 1077 3520 genitus
1097 3457 1202 3516 est,
1228 3448 1303 3502 ita
1333 3455 1536 3512 tamen,
1556 3454 1615 3500 ut
1636 3460 1756 3514 qua:
1776 3444 1946 3514 ipsius

342 3555 483 3612 rint
517 3543 767 3614 propria,
802 3540 1220 3612 haudquaquam
1278 3549 1508 3603 mutata,
1572 3546 1665 3593 aut
1720 3535 1944 3592 confusa

334 3645 659 3692 .conservct.

461 3744 709 3814 Ejusdem
749 3760 811 3798 ex
842 3760 963 3812 cap.
1001 3744 1056 3809 2,
1090 3746 1152 3797 de
1180 3743 1458 3810 conjuncta
1490 3739 1838 3809 distinctaque

859 3815 1169 3870 Divinitatis
1214 3815 1437 3866 ratione.

398 3918 732 3984 'Qninetiam
757 3913 831 3986 {id
849 3910 994 3981 quod
1015 3910 1070 3962 in
1091 3906 1243 3961 omni
1275 3905 1544 3976 theologia
1566 3906 1798 3959 maxime
1813 3918 1945 3972 per-

342 4015 604 4082 spicuum
637 4009 740 4078 est)
776 4005 963 4061 divina
982 4001 1120 4056 Jesu
1150 4001 1203 4055 in
1229 4008 1421 4055 natura
1449 4010 1633 4054 nostra
1670 3996 1940 4060 formatio,

347 4119 452 4161 nec
466 4101 712 4158 oratione
740 4098 849 4153 nlla
863 4096 1156 4168 explicari,
1175 4108 1277 4148 nec
1301 4092 1369 4147 ab
1382 4092 1490 4147 ulla
1508 4101 1711 4158 mente,
1743 4104 1845 4144 nec
1876 4089 1944 4144 ab

347 4202 470 4267 ipso
485 4193 703 4264 quidem
733 4188 1237 4260 antiquissimorum
1274 4186 1596 4255 angelorum
1630 4185 1807 4254 primo
1844 4199 1941 4253 pu-

346 4300 457 4343 test
476 4284 862 4357 intelligi.Nam
894 4280 1040 4353 quod
1058 4280 1353 4333 humanatn
1372 4276 1664 4331 essentiam
1682 4289 1867 4329 assum
1875 4290 1939 4345 p-

346 4382 501 4445 serit,
535 4396 600 4434 ex
635 4376 908 4447 mysteriis
954 4376 1289 4442 accepimus.
1338 4367 1622 4436 Quomodo
1660 4378 1840 4421 autem
1874 4381 1939 4420 ex

345 4472 601 4544 virgineis
630 4468 1006 4539 sanguinibus,
1045 4465 1150 4518 alia
1180 4464 1297 4533 lege
1330 4469 1525 4531 praeter
1549 4468 1800 4514 naturam
1830 4458 1942 4512 for-

345 4576 526 4620 matus
548 4564 639 4628 sit,
662 4558 1004 4631 etquomodo
1022 4570 1187 4626 super
1216 4552 1495 4608 humidam
1526 4561 1579 4606 et
1628 4549 1939 4605 instabilem

342 4671 498 4727 aqua:
524 4664 775 4709 naturam
797 4649 961 4706 siccis
996 4648 1226 4717 pedibus
1255 4644 1455 4700 molem
1504 4656 1825 4713 corpoream
1866 4650 1941 4695 ‘et
1975 4685 2023 4743 Β

2054 3453 2152 3521 τῆς
2197 3449 2543 3523 ἁμεταῦόλου
2590 3449 2688 3503 καὶ
2733 3448 3043 3520 ἀσυγχύτου
3072 3448 3182 3502 τῶν
3230 3447 3447 3502 οἰκείων
3491 3447 3651 3519 ίδρύ-

2057 3561 2215 3606 σεως.

2059 3746 2170 3801 Τοῦ
2200 3745 2387 3800 αὐτοῦ
2417 3745 2485 3798 ἐκ
2516 3745 2622 3799 τοῦ
2647 3743 2709 3809 ,ϐ’
2743 3730 3075 3815 κεφαλαίου
3107 3744 3212 3798 τοῦ
3236 3744 3369 3812 περὶ
3397 3742 3644 3814 ἡνωμέ-

2291 3833 2403 3883 rm;
2440 3816 2538 3869 καί
2566 3814 3029 3883 -ὃιακεκριμένης
3059 3817 3387 3884 θεολογίας.

2137 3906 2299 3960 Ἀλλὰ
2353 3909 2447 3959 καὶ
2490 3906 2552 3959 τδ
2597 3906 2778 3975 πάσης
2812 3907 3088 3975 θεολογίας
3124 3908 3549 3976 ἐπιφανέστατον,
3605 3909 3648 3978 ἡ

2053 3997 2175 4051 καθ’
2202 4000 2353 4069 ἡμᾶς
2394 3996 2567 4068 Ἰησοῦ
2601 3997 2954 4064 θεοπλαστία,
2989 3998 3081 4051 καὶ
3122 3998 3359 4069 ἄρρητός
3392 3999 3513 4051 ἐστι
3545 3998 3642 4051 λό-

2051 4108 2134 4160 γῳ
2183 4090 2366 4155 παντὶ,
2416 4092 2507 4143 καὶ
2558 4091 2834 4159 ἄγνωστος
2882 4089 2957 4161 νῷ
3006 4091 3189 4158 παντὶ,
3234 4091 3328 4144 καὶ
3380 4091 3533 4160 αὐτῷ
3560 4093 3648 4163 τῷ

2051 4181 2341 4252 πρωτίστῳ
2384 4181 2494 4235 τῶν
2524 4182 2916 4250 πρεσϐυτάτων
2958 4181 3229 4251 ἀγγέλων.
3284 4183 3394 4235 Καὶ
3438 4184 3501 4236 τὸ
3538 4183 3647 4253 μὲν

2051 4273 2320 4342 ἀνδρικῶς
2361 4273 2527 4326 αὑτὸν
2591 4273 2920 4343 οὐσιωθῆναι
2969 4275 3249 4343 μυστικῶς
3289 4275 3649 4344 παρειλήφα-

2054 4375 2153 4428 μεν
2180 4374 2194 4388 ⁸
2240 4358 2545 4429 ἀγνοοῦμεν
2592 4358 2652 4411 δὲ
2703 4360 2849 4422 ὅπως
2889 4362 2953 4413 ὲκ
3002 4360 3350 4431 παρθενικῶν
3384 4362 3651 4430 αἱμάτων

2052 4451 2222 4520 ἑτέρῳ
2289 4450 2437 4521 παρά
2494 4452 2593 4519 τὴν
2647 4451 2813 4519 φύσιν
2868 4451 3215 4505 διεπλάττετο
3272 4452 3482 4523 θεσμῷ,
3544 4454 3656 4506 καὶ

2050 4542 2197 4605 ὅπως
2249 4542 2504 4613 ἀϐρόχοις
2546 4544 2672 4596 ’ποσί⁵
2727 4544 3039 4613 σωματικὸν
3080 4544 3246 4613 δγκον
3294 4545 3477 4615 ἔχουσι
3544 4547 3659 4598 καὶ

2052 4630 2183 4702 ὕλης
2212 4632 2373 4702 βάρος
2401 4632 2694 4703 ἀπορεύετο
2709 4633 2807 4704 τὴν
2831 4635 3005 4705 ὑγρὰν
3033 4634 3127 4687 καὶ⁵
3154 4634 3386 4689 ἄστατον
3415 4635 3655 4700 οὐσῗα-ι,

344 4724 585 4803 materiae
620 4745 833 4815 pondus
865 4740 1197 4797 habentibus
1232 4735 1614 4801 ambulaverit,
1648 4743 1703 4789 et
1732 4734 1939 4802 reliqua

2068 4725 2144 4777 ιαὶ
2177 4724 2245 4777 τὰ
2273 4724 2411 4778 ἄλλα
2437 4727 2539 4778 ὅσα
2573 4725 2670 4796 τῆς
2709 4724 3026 4797 ὑπερφυοῦς
3054 4727 3201 4779 ἐστιν
3244 4725 3417 4796 Ἰησοῦ
3450 4743 3658 4796 φυσιοο

347 4840 685 4907 omnia,qua:
707 4845 901 4889 natura
933 4832 1312 4902 praestantiora
1340 4830 1395 4882 in
1444 4828 1565 4896 ipso
1606 4826 1736 4880 Jesu
1760 4824 1944 4879 consi-

342 4934 630 4992 derantur,
659 4926 929 4991 elieccrit,
965 4925 1306 4994 ignoramus.

530 5040 781 5108 Ejusdem
811 5053 874 5091 ex
900 5035 1219 5104 epistolam!
1251 5032 1445 5087 Gaium
1475 5034 1762 5086 medicum.

419 5193 1185 5268 QuomoJoLinquiesJesus,
1215 5191 1308 5262 qui
1342 5192 1597 5246 omnibus
1636 5189 1937 5255 antecellit,

350 5308 473 5347 cum
514 5291 769 5346 omnibus
799 5304 892 5359 per
923 5287 1215 5341 essentiam
1245 5284 1574 5340 constitutus
1605 5284 1727 5338 est?
1751 5283 1938 5351 Neque

2042 4812 2250 4882 λογίας.

2050 5032 2160 5087 Τοῦ
2182 5032 2368 5088 αὐτοῦ
2398 5035 2465 5088 ἐκ
2513 5028 2625 5105 τῆς
2659 5037 2809 5104 πρὸς
2828 5037 3035 5160 υςρτον
3068 5037 3449 5105 θεραπευτὴν
3512 5037 3671 5093 £15-

2713 5122 2825 5160 στο
2873 5126 2965 5160 nc.

2713 5122 2965 5176 στονιης.

2116 5198 2261 5264 Πῶς,
2295 5200 2423 5270 φῂς,
2457 5198 2664 5263 Ἰησοῦς
2692 5200 2719 5252 6
2752 5200 2966 5254 πάντων
2997 5200 3252 5254 ἐπέκεινα
3296 5202 3462 5254 πᾶσίν
3486 5202 3585 5253 ὲσῖ
3606 5223 3674 5257 ιν

2042 5290 2315 5351 οὐσιωδὼς
2351 5292 2818 5359 συντεταγμένος;
2853 5294 2928 5343 Οὐ
2974 5291 3083 5361 γὰρ
3111 5292 3186 5351 ὡς
3217 5293 3389 5354 αἴτιος
3422 5294 3670 5361 ἀνθρὼ-

349 5388 523 5451 enim,
551 5394 605 5438 ut
640 5392 724 5438 est
761 5381 1044 5437 hominum
1083 5386 1290 5441 auctor,
1320 5376 1417 5430 sed
1449 5389 1507 5429 ut
1540 5383 1649 5430 tota
1696 5376 1809 5446 ipsa
1838 5376 1938 5430 ho-

350 5482 513 5535 minis
537 5478 773 5533 essentia
792 5489 918 5530 vere
949 5474 1112 5526 homo
1129 5471 1367 5535 exsistit,
1395 5471 1560 5524 homo
1584 5470 1808 5523 dicitur.
1829 5468 1936 5524 Nos

350 5583 530 5627 autem
563 5586 673 5624 non
698 5570 937 5623 humana
966 5562 1175 5618 ratione
1195 5560 1384 5616 Iesum
1405 5559 1719 5615 deﬁnimus.
1750 5560 1937 5630 Neque

352 5664 499 5719 enim
524 5672 606 5716 est
628 5663 789 5715 homo
815 5668 1048 5719 tantum,
1068 5671 1245 5724 neque
1294 5654 1534 5709 essentia
1566 5656 1934 5723 praestantior,

352 5764 623 5827 quatenus
651 5754 813 5807 homo
843 5751 1020 5805 solum
1045 5765 1060 5814 ;
1082 5748 1178 5803 sed
1210 5762 1334 5801 vere
1360 5756 1444 5800 est
1474 5746 1657 5809 homo,
1710 5747 1798 5814 qui
1826 5746 1938 5798 exi-

352 5848 459 5903 mie
487 5847 736 5903 homines
762 5844 991 5908 diligens
1036 5854 1204 5909 supra
1256 5835 1607 5904 homines,et
1632 5839 1934 5893 secundum

354 5941 626 6009 homines,
655 5955 722 5996 ex
753 5935 1037 5994 hominum
1062 5932 1329 6001 essentia,
1354 5945 1478 5987 cum
1509 5933 1751 5988 essentia
1776 5946 1931 6001 supe-

2044 5399 2161 5435 πων
2221 5382 2440 5449 λέγεται
2484 5381 2791 5450 ἄνθρωπος,
2838 5381 2954 5435 ἀλλ’
2987 5382 3062 5444 ὡς
3113 5384 3246 5435 αὐτὸ
3292 5385 3412 5436 κατ’
3447 5385 3679 5439 οὐσίαν

2042 5474 2171 5543 ὃλην
2234 5473 2447 5543 ἀπηθῶς
2486 5472 2773 5542 ἄνθρωπος
2814 5470 2911 5526 ὦν.
2954 5472 3143 5540 Ἡμεῖς
3193 5472 3251 5526 δὲ
3289 5474 3380 5526 τὸν
3429 5474 3683 5543 Ἰησοῦν

2043 5565 2142 5614 οὐκ
2175 5562 2541 5632 ἀνθρωπικῶς
2591 5559 2951 5630 ἀφορίζομεν.
3004 5561 3138 5613 Οὐδὲ
3190 5562 3301 5631 γὰρ
3349 5559 3679 5629 ἄνθρωπος

2045 5656 2225 5726 μόνον,
2271 5656 2391 5709 οὐδὲ⁹
2438 5654 2784 5725 ὑπερούσιος,
2823 5649 2857 5729 ᾗ
2904 5653 3190 5724 ἄνθρωπος
3238 5655 3425 5724 μόνον,
3486 5653 3661 5708 ἀλλὰ

2043 5747 2331 5816 ἄνθρωπος
2425 5746 2650 5816 ἀληθῶς,
2704 5747 2731 5797 ὁ
2795 5746 3167 5816 διαφερόντως
3226 5746 3683 5816 φιλάνθρωπος,

2044 5843 2184 5912 ὑπὲρ
2260 5843 2604 5915 ἀνθρώπους,
2662 5842 2757 5896 καὶ
2821 5843 2962 5895 κατά
3027 5842 3371 5911 ἀνθρώπους,
3426 5843 3491 5894 ὲκ
3542 5843 3689 5913 τῆς

2042 5932 2345 6004 ἀνθρώπων
2394 5936 2582 5999 οὐσίας
2629 5936 2655 5990 6
2698 5934 3023 6004 ὑπερούσιος
3073 5932 3433 6008 οὐσιωμένος.
3481 5931 3693 5989 Ἔστι
