3954 6610
257 435 367 500 209

1208 436 1587 499 PANOPLIA
1627 436 2082 499 DOGMATICA.
2123 463 2190 473 —
2225 438 2373 501 TIT.
2405 440 2542 504 VII.

3421 435 3531 501 210

259 551 319 604 δὲ
359 551 511 605 οὐδὲν
556 545 721 621 ἦττον
774 548 1228 619 υπερουσιότητος
1274 550 1632 623 ὑπερπλήρης
1667 551 1697 603 ὁ
1751 551 1839 605 ἀεὶ¹

1964 551 2057 604 -ior
2073 559 2235 618 esset,
2251 552 2545 607 essentiam
2566 549 2859 622 assumpsit
2875 551 3188 615 humanam,
3210 558 3266 606 et
3285 553 3530 606 essentia

261 642 610 712 ὑπερούσιος.
658 641 873 711 ’Λμέλει
921 643 985 709 τῇ
1017 639 1219 708 ταύτης
1271 641 1582 712 περιουσίᾳ,
1633 642 1727 696 καὶ
1759 643 1843 705 είς

260 735 454 788 οὐσίαν
514 734 732 803 ἀληθῶς
790 730 960 786 ἐλθὼν
1010 731 1153 803 ὑπὲρ
1199 732 1389 787 οὐσίαν
1440 732 1701 802 ούσιώθη,
1745 735 1841 788 καὶ

260 826 405 894 ὑπὲρ
448 825 740 896 ἄνθρωπον
788 825 1011 895 ἐνήργει
1069 825 1138 878 τὰ
1185 823 1499 895 ἀνθρώπου.
1541 826 1652 881 Καὶ
1694 825 1844 895 δηλοῖ

257 918 535 987 παρθένος
557 917 852 990 ὑπερφυῶς
888 916 1118 979 κύουσα,
1151 916 1247 969 καὶ
1287 915 1431 987 ὓδωρ
1466 916 1702 971 ἄστατον
1730 918 1843 971 ὑλιο

255 1010 374 1063 κῶν
413 1011 505 1062 καὶ
538 1010 760 1081 γεηρῶν
799 1009 978 1062 ποδῶν
1023 1007 1216 1078 ἀνέχον
1244 1009 1433 1079 βάρος,
1458 1009 1553 1062 καὶ
1587 1009 1661 1079 μὴ
1685 1009 1841 1062 ὑπεῖ⁹

253 1118 375 1165 κον,
422 1100 537 1154 ἀλλ’
578 1102 851 1171 ὑπερφυεῖ
877 1101 1102 1168 δυνάμει
1137 1099 1275 1170 πρὸς
1311 1100 1371 1153 τὸ
1399 1100 1688 1169 ἀδιάχυτον
1718 1117 1846 1154 συν-

255 1196 583 1265 ιστάμενον.-
605 1194 674 1246 Τί
719 1194 784 1249 ἄν
813 1211 897 1256 τις
924 1194 993 1247 τὰ
1022 1192 1197 1246 πολλὰ
1220 1192 1515 1263 πάμπολλα
1545 1193 1675 1247 ὄντα
1700 1193 1842 1247 διέλ-

252 1287 365 1353 θοι,
398 1286 467 1340 δι’
497 1280 573 1341 ὧν
600 1288 629 1340 ὁ
659 1286 818 1349 θείως
849 1284 992 1356 ὀρῶν
1019 1284 1159 1354 ὑπὲρ
1200 1284 1325 1338 νοῦν
1352 1283 1619 1354 γνώσεται
1648 1286 1741 1339 καὶ
1770 1285 1840 1339 τὰ

250 1384 356 1437 ἐπὶ
405 1384 472 1453 τῇ
544 1380 924 1452 φιλανθρωπίᾳ
967 1381 1062 1433 τοῦ
1122 1378 1301 1450 Ἰησοῦ
1356 1380 1837 1449 καταφασκόμενα,

247 1475 491 1545 δύναμιν
538 1474 878 1544 ὑπεροχικῆς
913 1471 1243 1540 ἀποφάσεως
1296 1470 1529 1540 ἔχοντας
1569 1471 1676 1524 Καὶ
1707 1470 1841 1542 γὰρ,

252 1566 352 1619 ἵνα
384 1567 700 1629 συνελόντες
742 1564 1010 1634 εἴπωμεν,
1039 1562 1160 1616 οὐδὲ
1192 1563 1480 1632 ἄνθρωπος
1518 1558 1608 1634 ἦν,
1639 1563 1740 1633 οὐχ
1767 1564 1844 1627 ὡς

252 1658 340 1728 μὴ
394 1658 698 1729 ἄνθρωπος,
758 1656 873 1719 ἀλλ’
918 1655 993 1719 ὡς
1045 1654 1107 1720 ἐξ
1159 1653 1491 1726 ἀνθρώπων,
1538 1654 1843 1726 ἀνθρώπων

249 1750 557 1813 ἐπέκεινα,
614 1749 710 1802 καὶ
764 1747 905 1818 ὑπὲρ
952 1746 1237 1817 ἄνθρωπον
1295 1744 1513 1814 ἀληθῶς
1557 1743 1842 1815 ἄνθρωπος

248 1839 521 1908 γεγονώς.
572 1840 683 1894 Καὶ
729 1840 789 1892 τὸ
829 1839 1019 1892 λοιπὸν
1062 1838 1122 1890 ού
1157 1837 1296 1892 κατά
1327 1836 1614 1907 ἄνθρωπον
1651 1837 1719 1891 τὰ
1749 1837 1841 1889 ἀν-

1946 639 2126 695 tamen
2152 655 2369 696 omnem
2401 642 2698 697 essentiam
2729 653 3046 714 superante,
3088 650 3148 696 ut
3185 641 3278 713 qui
3311 654 3530 710 semper

1943 732 2181 787 essentia
2214 732 2650 801 sitexellentior,
2674 751 2837 805 quam
2876 734 3254 806 plenissimus.
3287 732 3402 788 liae
3438 731 3527 787 ni-

1946 823 2141 878 mirum
2157 827 2466 881 exuberans
2483 827 2831 891 excellentia,
2851 844 2974 883 cum
2995 828 3060 882 ad
3081 835 3319 882 nostram
3337 838 3531 880 essen-

1945 915 2071 970 tiam
2095 934 2220 973 vere
2244 919 2621 986 descenderet,
2646 934 2765 974 eam
2791 920 3001 975 ratione
3026 920 3201 989 ipsam
3232 916 3530 973 essentiam

1943 1018 2240 1077 superante
2257 1010 2583 1084 assumpsit,
2600 1020 2653 1067 et
2674 1026 2764 1066 res
2780 1012 3048 1066 humanas
3067 1025 3231 1080 supra
3251 1009 3529 1063 hominem

1944 1103 2128 1176 gessit.
2155 1102 2356 1159 Indicia
2377 1118 2526 1175 sunt,
2540 1106 2706 1178 Virgo
2724 1119 2890 1175 supra
2904 1109 3165 1157 naturam-
3177 1099 3521 1171 concipiens.
3580 1118 3603 1171 gr

1942 1207 1999 1253 et
2018 1211 2153 1266 aqua
2182 1197 2450 1253 instabilis
2482 1200 2679 1269 pedum
2702 1194 3012 1252 exmateria
3064 1193 3427 1248 constantiam
3476 1200 3534 1246 et
3608 1193 3612 1201 ’

1946 1295 2286 1343 terrenorum
2333 1291 2549 1361 pondus
2599 1294 2881 1346 sustinens
2908 1299 2962 1344 et
3010 1286 3146 1343 nihil
3178 1286 3402 1349 cedens,
3433 1284 3532 1338 sed

1945 1378 2188 1449 potentia
2217 1388 2466 1435 naturam
2498 1397 2651 1452 aquae
2677 1383 2932 1437 vincente
2962 1382 3027 1435 ad
3051 1380 3277 1435 solidam
3301 1392 3360 1432 se
3393 1376 3534 1429 redi-

1945 1485 2080 1540 gens
2123 1471 2460 1528 firmitatem.
2489 1474 2625 1541 Quis
2640 1491 2701 1530 ea
2731 1490 2843 1545 prae
2863 1473 3213 1530 multitudine
3240 1485 3537 1541 persequa-

1946 1571 2052 1628 tur,
2077 1579 2141 1618 ex
2161 1566 2481 1638 quibus,qui
2502 1568 2682 1623 divine
2701 1569 3079 1635 cernit,supra
3118 1562 3533 1633 intelligentiam

1947 1653 2231 1727 intelliget,
2255 1658 2343 1712 illa
2372 1660 2557 1727 etiam,
2587 1676 2709 1730 quae
2739 1661 2807 1715 de
2841 1657 3186 1714 humanitate
3228 1655 3356 1710 Jesu
3392 1652 3535 1708 amr-

1947 1757 2185 1813 tuantur,
2230 1751 2703 1807 excellentissima:
2753 1750 3059 1823 negationis
3102 1747 3209 1803 vim
3249 1744 3536 1801 obtinere?

1950 1838 2127 1909 Atque
2186 1850 2466 1898 uteorum
2525 1860 2793 1899 summam
2854 1843 3039 1914 paucis
3081 1840 3531 1909 complectamur.

249 1932 550 2003 θρὼπινα,
620 1932 758 1986 ἀλλὰ
816 1930 1184 2002 ἀνδρωθέντος
1245 1928 1406 1993 Θεοῦ,
1468 1929 1666 1998 καινήν
1726 1946 1848 1983 τινα

1964 1946 2129 2000 neque
2149 1933 2314 1990 homo
2342 1943 2479 2001 erat,
2507 1951 2616 1992 non
2668 1937 2812 2007 quod
2837 1950 2946 1991 non
3004 1943 3151 1990 esset
3210 1934 3394 1995 homo,
3438 1929 3533 1983 sed

249 2023 363 2091 τὴν
386 2022 710 2094 οεανδρικὴν
755 2021 1034 2093 ἐνέργειαν
1063 2021 1196 2091 ἡμῖν
1224 2018 1703 2088 πεπολιτευμένος.

1956 2025 2099 2094 quod
2133 2042 2197 2082 ex
2227 2029 2565 2096 hominibus,
2588 2030 2952 2099 praestantius,
2986 2043 3146 2099 quam
3177 2026 3448 2089 homines,
3481 2029 3538 2076 et

246 2129 428 2185 Supra
458 2116 734 2171 hominem
751 2130 878 2171 vere
916 2115 1082 2170 homo
1128 2113 1304 2169 factus
1354 2120 1458 2178 est,
1502 2120 1556 2166 et
1606 2111 1866 2184 deinceps
1924 2131 2104 2187 neque
2131 2120 2372 2176 divinam
2416 2132 2475 2179 ut
2515 2123 2676 2189 Deus,
2707 2138 2886 2193 neque
2924 2123 3220 2177 humanam
3262 2127 3321 2174 ut
3348 2118 3533 2179 homo,

247 2209 359 2262 sed
385 2209 532 2279 (Deo
558 2208 781 2263 homine
805 2206 989 2278 iacto)
1024 2220 1220 2263 novam
1270 2204 1559 2276 quamdam
1589 2219 1657 2260 ex
1695 2204 1880 2262 divina
1922 2208 2273 2284 humanaque
2306 2215 2529 2272 ratione
2565 2216 2885 2287 permistam
2944 2214 3215 2270 actionem
3246 2210 3555 2266 nobiscum?

249 2317 490 2357 versans
512 2302 781 2358 exhibuit.

340 2397 452 2451 Τοῦ
476 2398 662 2453 αὑτοῦ
689 2398 759 2451 ἐκ
786 2396 904 2451 τῶν
932 2395 1293 2469 declarantur
1324 2396 1785 2466 στοιχειώσεων.

344 2491 500 2546 Ἐπεὶ
525 2492 581 2546 δὲ
614 2491 708 2546 καὶ
737 2492 839 2554 ἕως
870 2491 1087 2563 φύσεως
1126 2492 1232 2546 ὑπὸ
1278 2490 1687 2562 φιλανθρωπίας
1721 2492 1846 2561 ἐλή-

254 2584 415 2646 λυθε,
467 2584 564 2636 καὶ
612 2584 832 2656 ἀληθῶς
876 2585 1139 2656 οὑσιὼθη,
1191 2584 1286 2639 καὶ
1320 2584 1461 2656 ἀνὴρ
1501 2587 1530 2639 ὁ
1578 2584 1845 2655 ὑπέρθεος

257 2674 639 2745 ἐχρημάτισεν
699 2675 851 2745 (ἵλεω
890 2676 946 2729 δὲ
975 2676 1063 2745 εἴη
1093 2676 1231 2745 πρὸς
1271 2675 1428 2747 ἡμῶν
1456 2676 1526 2729 τὰ
1550 2675 1691 2746 ὑπὲρ
1718 2673 1843 2729 νοῦν

260 2768 359 2821 οιαὶ
386 2768 541 2837 λόγον
571 2768 929 2840 ὑμνούμενα),
948 2772 1050 2824 κάν
1070 2767 1278 2833 τούτοις
1305 2768 1421 2839 ἔχει
1448 2768 1509 2823 τὸ
1563 2768 1843 2839 ὑπερφυὲς

261 2859 365 2914 καὶ
400 2860 748 2931 ὑπερούσιον,
803 2861 864 2914 οὐ
900 2862 1081 2931 μόνον,
1189 2858 1568 2923 ἀναλλοιώτως
1595 2860 1728 2930 ἡμῖν
1749 2858 1846 2912 καὶ

261 2952 597 3022 ἀσυγχύτους
651 2952 1023 3024 κεκοινώνηκε
1091 2952 1257 3023 μηδὲν
1316 2951 1595 3015 πεπονθὼς
1655 2953 1737 3016 είς
1786 2950 1850 3005 τὸ

263 3044 623 3114 ὑπερπλῆρες
653 3043 819 3098 αὑτοῦ
876 3044 1013 3116 πρὸς
1052 3045 1155 3114 τῆς
1193 3042 1505 3112 ἀφθέγκτου
1548 3042 1852 3108 κενώσεως,

263 3136 386 3188 ἀλλ’
413 3137 494 3189 ὅτι
533 3139 626 3189 καὶ
668 3136 731 3189 τὸ
772 3136 992 3191 πάντων
1025 3136 1235 3191 καινῶν
1276 3136 1597 3191 καινότατον
1639 3138 1698 3190 ὲν
1735 3137 1849 3200 τοῖς

2258 2402 2511 2472 Ejusdem
2535 2419 2602 2457 ea:
2631 2398 2933 2476 theologicis
2956 2400 3238 2457 elementis.

2025 2491 2132 2548 Sed
2171 2495 2431 2565 quoniam
2469 2511 2569 2552 suo
2597 2511 2724 2567 erga
2766 2511 2868 2553 nos
2924 2508 3111 2549 amore
3166 2491 3426 2548 incitatus
3470 2492 3539 2546 ad

1952 2598 2194 2643 nostram
2227 2604 2401 2659 usque
2431 2598 2683 2646 naturam
2709 2589 2877 2655 venit,
2901 2588 3066 2659 etqui
3113 2601 3359 2643 summus
3399 2585 3542 2639 Deus

1951 2688 2053 2746 est,
2083 2696 2213 2736 vere
2248 2681 2426 2739 factus
2451 2690 2509 2738 et
2538 2694 2767 2738 vocatus
2805 2690 2889 2738 est
2912 2682 3078 2737 homo
3114 2678 3539 2750 (propitiasinl,
3586 2678 3589 2685 '

1947 2786 2070 2841 quze
2127 2781 2366 2828 mentem
2411 2775 2754 2831 etrationem
2814 2773 3126 2845 superantia
3158 2787 3187 2826 a
3216 2772 3374 2826 nobis
3393 2769 3538 2825 cele-

1952 2864 2236 2934 brantur),
2272 2866 2327 2920 in
2353 2866 2438 2920 his
2455 2882 2675 2937 quoque
2702 2867 2785 2922 vis
2807 2866 2928 2937 ejus
2959 2874 3154 2920 natura
3189 2863 3559 2931 essentiaquev

1954 2955 2239 3011 sublimior
2261 2957 2493 3014 exsistit.
2515 2958 2635 3015 Non
2654 2959 2828 3015 solum
2847 2959 2973 3030 quia
2990 2957 3124 3013 nihil
3144 2965 3363 3028 propter
3382 2955 3537 3009 inex-

1957 3048 2264 3119 plicabilem
2319 3050 2744 3107 exinanitionem
2778 3051 2835 3107 in
2871 3052 3206 3107 exuberante
3236 3063 3332 3102 sua
3360 3046 3538 3117 pleni-

1958 3140 2145 3196 tudine
2167 3157 2483 3212 perpessus,
2506 3158 2567 3200 se
2585 3143 2744 3200 nobis
2769 3144 2889 3199 sine
2912 3142 3295 3198 immutatione
3326 3148 3383 3195 et
3405 3154 3542 3193 con-

265 3227 546 3293 φυσικοῖς
581 3226 740 3297 ἡμῶν
791 3227 1075 3299 ὑπερφυὴς
1126 3223 1233 3298 ἦν,
1287 3228 1346 3281 ὲν
1403 3229 1517 3291 τοῖς
1576 3227 1698 3282 κατ’
1760 3227 1851 3280 ού-

1964 3229 2170 3287 lusione
2216 3234 2662 3299 communicavit,
2693 3250 2887 3291 verum
2929 3235 3093 3291 etiam
3121 3232 3301 3305 (quod
3353 3246 3551 3286 rerum

268 3318 397 3370 σίαν
462 3319 813 3389 ὑπερούσιος,
865 3320 1048 3376 πάντα
1101 3320 1262 3390 ἡμῶν
1291 3318 1432 3391 ὑπὲρ
1480 3320 1630 3390 ἡμᾶς
1681 3318 1851 3390 ὑπερ-

269 3413 299 3463 ἐ
306 3430 437 3481 χων.

1955 3322 2201 3377 omnium
2221 3323 2620 3381 admirabilium
2641 3327 2971 3382 estmaxime
2997 3324 3345 3394 admirabile)
3377 3322 3430 3376 in
3452 3321 3541 3384 iis.

1956 3430 2078 3485 quae
2104 3416 2373 3471 naturalia
2397 3426 2548 3483 sunt,
2565 3432 2729 3488 supra
2756 3427 3007 3473 naturam
3022 3416 3145 3481 fuit,
3162 3414 3220 3470 in
3235 3414 3323 3479 iis,
3340 3427 3459 3483 quae
3472 3410 3545 3465 ad

269 3509 566 3565 essentiam
629 3518 924 3580 pertinent,
949 3526 1115 3583 super
1165 3514 1481 3578 essentiam,
1530 3508 1712 3567 omnia
1756 3524 1878 3581 qua:
1925 3523 2110 3570 nostra
2135 3523 2285 3577 sunt,
2309 3529 2375 3570 ex
2404 3515 2582 3583 nobis,
2609 3525 2667 3571 et
2696 3531 2860 3588 supra
2889 3530 2990 3571 nos
3014 3512 3298 3571 excellenti
3330 3509 3542 3567 ratione

272 3608 583 3676 possidens.

280 3720 394 3775 Τοῦ
424 3721 614 3776 αὐτοῦ
634 3720 704 3775 ἐκ
731 3721 839 3777 τοῦ
881 3722 1068 3792 λόγου
1095 3722 1203 3777 τοῦ
1226 3722 1360 3791 περὶ
1393 3721 1501 3791 τῆς
1531 3723 1857 3791 ἐκκλησια‹

790 3793 1007 3862 στικῆς
1029 3794 1356 3862 ίεραρχίας.

363 3884 429 3935 Ἥ
455 3883 513 3936 δὲ
552 3882 651 3953 τῆς
674 3883 971 3953 θεαρχικῆς
999 3881 1336 3952 ἀγαθότητος
1370 3884 1705 3954 ἀπειροτατη
1733 3882 1857 3953 φιλ⁹

276 3974 564 4046 ανθρωπία
621 3976 679 4028 ὲν
716 3971 906 4043 ἀληθεῖ
956 3973 1171 4043 μεθέξει
1220 3973 1329 4027 τῶν
1367 3973 1490 4029 καθ’
1524 3976 1668 4044 nui;
1702 3992 1859 4044 γενο-

280 4069 422 4137 μένη
450 4067 842 4136 ἀναμαρτήτῳ,
870 4066 965 4120 καὶ
1002 4066 1137 4136 πρὸς
1181 4065 1243 4118 τὸ
1269 4065 1525 4119 ταπεινὸν
1557 4066 1713 4136 ἡμῶν
1744 4067 1859 4120 ἑνο-

280 4158 573 4228 ποιηθείσα
604 4157 743 4227 μετά
770 4157 869 4227 τῆς
887 4158 996 4210 τῶν
1017 4157 1235 4212 οίκείων
1262 4158 1573 4227 ἀτυγχύτου
1604 4160 1863 4215 καὶδάλω-

278 4252 449 4319 δήτου
496 4250 777 4313 παντελῶς
820 4250 1006 4317 ἕξεως,
1058 4251 1156 4320 τὴν
1188 4252 1325 4321 πρὸς
1367 4249 1537 4320 αὐτὴν
1573 4252 1705 4321 ἡμῖν
1732 4268 1861 4305 κοι-

280 4347 502 4408 νωνίαν,
534 4344 609 4406 ὡς
643 4344 930 4413 ὁμογενὲσι
972 4343 1158 4397 λοιπὸν
1210 4341 1543 4413 ἐδωρήσατο,
1599 4343 1696 4397 καὶ
1752 4341 1861 4397 τῶν

280 4436 502 4488 οίκείων
525 4434 761 4500 ἀνέδειξε
801 4435 1063 4505 μετόχους
1092 4435 1296 4489 καλῶν.

297 4548 402 4601 Ἐκ
426 4546 537 4601 τοῦ
572 4549 762 4617 λόγου
802 4547 909 4602 τοῦ
930 4547 1063 4617 περὶ
1094 4546 1202 4615 τῆς
1222 4544 1507 4615 οὐρανίου
1534 4546 1854 4615 ἱεραρχίας.
1888 4557 1937 4617 ι)

366 4638 675 4693 Ἀνανεύσω
721 4638 779 4691 δὲ
829 4638 926 4693 καὶ
959 4638 1101 4709 πρὸς
1140 4638 1240 4701 τὰς
1290 4637 1604 4708 ὑπερτάτας
1630 4636 1739 4691 τῶν
1770 4636 1860 4688 λο-

288 4732 426 4800 γίων
455 4731 776 4800 θεοφανείας
799 4747 813 4763 ·
847 4730 959 4803 ὁρῶ
997 4733 1106 4802 γάρ
1130 4732 1214 4786 ὅτι
1262 4729 1358 4784 καὶ
1383 4730 1545 4793 αὐτὸς
1583 4728 1789 4799 Ἰησοῦς
1823 4730 1858 4799 ἡ

288 4824 400 4876 τῶν
448 4822 865 4893 ὑπερουρανίων
905 4822 1103 4877 ούσιῶν
1152 4820 1477 4892 ὑπερούσιος
1507 4820 1677 4884 αἰτία,
1725 4818 1861 4889 πρὸς

289 4918 353 4970 τὸ
392 4919 514 4972 καθ’
552 4920 701 4989 ἡμᾶς
745 4916 1099 4988 ἀμεταδόλως
1138 4914 1434 4986 ἐληλυθὼς,
1476 4915 1577 4968 οὑκ
1602 4913 1860 4984 ἀποπηδᾴ

287 5009 393 5079 τῆς
449 5010 545 5062 ὑπ’
600 5010 770 5063 αὐτοῦ
812 5010 1108 5081 ταχθείσης
1155 5011 1249 5062 καὶ
1291 5008 1605 5075 αίρεθείσης
1652 5008 1864 5075 ἀνθρω-

290 5101 599 5172 ποπρεπῶς
661 5101 947 5169 εὐταξίας,
1001 5100 1119 5155 ἀλλ’
1174 5099 1444 5162 εὐπειθῶς
1503 5096 1865 5151 ὑποτάττεται

286 5198 411 5257 ταῖς
456 5195 550 5248 τοῦ
599 5195 814 5267 Harpe;
861 5194 956 5249 καὶ
999 5193 1136 5248 Θεοῦ
1184 5192 1253 5248 δι’
1281 5191 1555 5263 ,ἀγγέλων
1594 5188 1866 5243 διατυπὼ-

293 5304 467 5341 σεσιν.

284 5401 428 5453 Ἔτι
463 5399 593 5467 περὶ
628 5398 738 5467 τῆς
775 5398 938 5464 θείας
977 5395 1521 5467 ἐνανθρωπήσεως,
1560 5393 1667 5467 τοῦ
1690 5392 1869 5467 perri:

361 5475 479 5523 .tov
518 5462 849 5537 Γρηγὸρίου
868 5462 978 5523 τοῦ
1004 5462 1525 5537 Θεολόγουᾼέκ-τοῦ
1550 5465 1739 5537 λόγου
1752 5462 1869 5537 Ῑοῦ

364 5542 457 5603 εἰς
491 5532 578 5619 Eii
600 5532 875 5609 πίένέθλια
897 5537 1005 5593 τοῦ
1033 5532 1253 5607 Κυρίου
1291 5535 1459 5605 ἡμῶν
1508 5532 1712 5603 Ἰησοῦ
1746 5533 1870 5600 Χρι-

368 5626 546 5663 στου.

384 5700 538 5753 Ἐπεὶ
579 5700 638 5753 δὲ
673 5700 857 5769 φθόνῳ
886 5699 1158 5765 διαϐόλου,
1193 5699 1288 5752 καὶ
1339 5698 1596 5768 γυναικὸς
1637 5694 1872 5767 ἐπηρείᾳ

296 5793 367 5863 ἦν
410 5809 467 5844 τε
521 5791 721 5846 ἔπαθεν
771 5791 847 5857 ὡς
884 5791 1238 5861 ἁπαλωτέρα,
1275 5790 1366 5843 καὶ
1407 5792 1472 5860 ἢν
1520 5788 1872 5860 προσήγαγεν

301 5902 379 5948 ως
426 5884 770 5957 πιθανωτέρα
804 5884 928 5958 (φεῦ
967 5887 1062 5958 τῆς
1096 5885 1231 5961 ἐμῆς
1272 5883 1594 5948 ἀσθενείαςί
1634 5880 1742 5954 ἐμὴ
1765 5880 1871 5951 γὰρ

2098 3723 2350 3793 Ejusdem
2379 3738 2443 3776 ex
2464 3722 2593 3776 libro
2613 3722 2675 3776 de
2703 3720 3053 3776 ecclesiastica
3077 3721 3398 3776 Itierarctria.

2036 3881 2255 3937 inﬁnita
2297 3881 2497 3936 divinas
2529 3878 2788 3937 bonitatis
2846 3892 2972 3950 erga
3018 3892 3192 3951 genus
3240 3877 3543 3933 humanum

1965 3975 2344 4032 benevolentia
2365 3988 2494 4029 vere
2514 3989 2634 4043 quae
2678 3983 2863 4029 nostra
2895 3982 3044 4037 sunt,
3085 3985 3370 4026 assumens
3420 3970 3544 4025 sine

1965 4074 2213 4135 peccato,
2237 4079 2404 4134 seque
2424 4063 2715 4119 humilitati
2743 4071 2944 4119 nostra:
2970 4062 3329 4133 coniungens,
3352 4069 3405 4115 et
3422 4077 3547 4130 qua:

1959 4154 2179 4225 propria
2213 4154 2383 4224 ipsius
2422 4161 2573 4219 sunt,
2606 4152 2726 4209 sine
2780 4152 2887 4208 ulla
2942 4166 3169 4223 prorsus
3223 4153 3546 4207 confusione

1959 4246 2450 4315 imminutioneque
2479 4244 2741 4310 retinens,
2774 4244 2932 4300 nobis
2965 4245 3076 4316 jam
3111 4250 3171 4298 ut
3199 4244 3444 4313 cegnatis
3488 4259 3549 4297 se

1958 4336 2404 4402 communicavit,
2447 4345 2503 4392 et
2551 4349 2652 4390 nos
2698 4334 2965 4391 bonorum
2994 4349 3218 4391 suorum
3256 4334 3549 4404 participes

1968 4429 2118 4485 fecit.

2206 4542 2453 4611 Ejusdem
2476 4556 2539 4595 ex
2555 4541 2684 4595 libro
2701 4542 2765 4595 de
2778 4540 2968 4595 cmtestt'
2982 4541 3299 4595 Itierarcltia.

1956 4682 1959 4689 ,
2038 4630 2263 4694 Verum,
2285 4640 2346 4684 ut
2365 4645 2607 4686 summas
2634 4631 2764 4686 item
2796 4646 2861 4685 ac
2895 4630 3115 4685 divinas
3155 4644 3325 4686 sacra:
3355 4629 3547 4701 Scrip-

1965 4733 2099 4779 tura;
2143 4722 2637 4777 demonstrationes
2657 4722 3109 4792 contemplemur,
3160 4722 3317 4777 video
3365 4722 3545 4792 ipsum

1963 4816 2131 4872 etiam
2162 4813 2370 4880 Iesum,
2398 4813 2487 4883 qui
2517 4812 2829 4870 sublimium
2854 4815 3213 4869 essentiarum
3236 4821 3319 4867 est
3342 4825 3534 4869 auctor

1958 4907 2204 4964 esseatia
2223 4904 2536 4970 sublimior,
2559 4918 2682 4959 cum
2700 4903 2767 4960 ad
2799 4919 2901 4960 nos
2921 4905 3041 4959 sine
3061 4905 3170 4959 ulla
3192 4906 3275 4961 sui
3303 4921 3549 4960 commu-

1968 5000 2170 5055 tatione
2193 4998 2451 5064 venisset,
2474 5013 2504 5052 a
2525 4997 2643 5069 lege
2672 5006 2836 5067 atque
2881 4996 3072 5052 ordine
3093 4997 3297 5053 homini
3320 5013 3554 5068 congru-

1962 5100 2115 5157 ente,
2141 5105 2304 5161 quem
2331 5090 2447 5159 ipse
2475 5095 2740 5144 statuerat
2760 5096 2818 5144 et
2852 5088 3107 5160 elegerat,
3134 5104 3241 5142 non
3273 5089 3550 5149 recedere.

1968 5184 2065 5240 sed
2082 5183 2259 5238 Patris
2302 5190 2359 5237 et
2380 5179 2474 5236 Dei
2491 5179 2781 5246 mandatis,
2809 5196 2928 5251 qua:
2943 5195 3039 5251 per
3060 5180 3282 5252 angelos
3306 5180 3553 5237 dederat,

1969 5275 2264 5331 summisse
2291 5273 2692 5342 obtemperare.

1970 5389 2102 5444 Item
2117 5390 2180 5442 de
2195 5389 2370 5442 divina
2384 5388 2629 5441 humanm
2646 5388 2821 5440 carnis
2839 5386 3206 5453 assumptione.
3226 5382 3405 5453 magni
3422 5381 3558 5435 Gre-

2041 5460 2173 5526 gorii
2192 5458 2430 5527 Theotogi
2450 5474 2513 5512 ea:
2534 5459 2772 5512 oratione
2803 5457 2860 5510 in
2873 5451 3023 5507 diem
3048 5455 3297 5510 Natalem
3334 5451 3555 5509 Domini

2046 5530 2207 5583 nostri
2239 5527 2270 5583 Ι
2279 5545 2369 5583 esu
2384 5526 2605 5584 Christi.

2059 5688 2165 5744 Sea
2200 5695 2553 5759 posteaquam
2603 5684 2807 5739 invidia
2855 5682 3057 5739 diaboli
3116 5690 3173 5737 et
3213 5680 3561 5736 fraudulenta

1990 5781 2134 5837 illius
2162 5781 2236 5846 vi,
2254 5795 2419 5851 quam
2445 5778 2639 5834 mulier
2661 5785 2721 5832 ut
2751 5786 2806 5833 et
2824 5775 3148 5831 imbecillior
3179 5789 3432 5845 perpessa
3457 5780 3560 5837 est,

1977 5886 2032 5932 et
2078 5876 2145 5930 ad
2182 5872 2619 5945 persuadendum
2633 5868 2811 5941 aptior
2832 5866 3067 5925 obtrusit
3097 5867 3215 5923 viro
3241 5865 3563 5937 (oinﬁrmir
