3838 6614
384 402 487 471 211

1637 392 2019 465 EUTHYMII
2060 397 2424 468 ZlGABENI

3550 410 3659 478 212

388 527 555 575 tatem
572 529 746 571 meam
767 514 780 568 ι
802 525 919 573 mea
937 509 1083 567 enim
1102 516 1187 566 est
1201 506 1361 580 primi
1390 506 1633 580 parentis
1657 503 1963 576 inﬁrmitas)

2080 515 2220 586 ἰ]τοῦ
2251 517 2642 589 προπάτορος),
2687 522 2787 591 τῆς
2820 520 2920 591 μὲν
2968 522 3190 593 ἐντολῆς
3228 521 3529 593 ἐπελάθετο
3558 524 3660 593 τῆς

384 609 649 677 mandati,
674 608 819 680 quod
856 613 1143 677 acceperat
1172 603 1290 675 ipse
1321 603 1522 660 oblitus
1543 613 1648 670 est,
1696 612 1752 658 et
1779 615 1965 657 amaro

384 700 761 770 pomigustatu
799 705 1114 767 superatus,
1150 695 1317 752 simul
1351 703 1405 750 et
1431 710 1461 750 a
1485 694 1634 767 ligno
1682 693 1827 761 vitae,
1860 701 1965 749 eta

384 788 660 858 paradiso,
702 796 760 843 et
792 802 821 845 a
857 786 967 841 Deo
1020 796 1277 857 tanquam
1332 786 1487 841 exsul
1543 785 1876 852 extruditur,
1912 797 1966 841 et

384 879 624 950 pellieeis
641 878 890 935 induitur
908 879 1267 945 vestimentis,
1285 880 1552 935 crassiore
1570 878 1828 935 nimirum
1847 893 1967 934 car-

311 992 319 1045 ;
385 986 478 1038 ne,
507 985 630 1040 qua:
658 979 891 1033 mortem
921 971 1148 1035 subiret,
1181 979 1233 1027 et
1260 970 1478 1042 Spiritui
1510 978 1858 1041 repugnaret.
1893 971 1969 1027 Ac

385 1063 625 1132 primum
659 1064 885 1133 quidem,
911 1064 1159 1135 agnoscit
1192 1063 1589 1134 turpitudinem
1607 1072 1969 1133 suam,atque

384 1157 508 1211 ideo
542 1171 604 1211 se
634 1154 733 1212 Dei
786 1165 1143 1225 conspectum
1176 1155 1388 1226 fugiens
1421 1155 1731 1212 abscondit.
1760 1153 1858 1210 llic
1891 1163 1970 1210 ta-

385 1262 515 1307 men
536 1248 780 1303 lueratur
798 1257 1050 1314 mortem,
1073 1262 1346 1317 perquam
1375 1255 1661 1317 peccatum
1684 1244 1965 1302 abscindi-

382 1354 492 1409 tur,
520 1358 587 1396 ne
607 1340 829 1397 miseria
855 1342 926 1399 sit
959 1340 1305 1405 immortalis,
1341 1348 1396 1395 et
1422 1354 1545 1394 cum
1567 1338 1844 1410 supplicio
1872 1340 1968 1395 be-

382 1436 641 1491 neficium
683 1434 1035 1505 coniunctum
1081 1443 1358 1490 cernatur.
1393 1432 1505 1491 Hac
1545 1432 1692 1488 enim
1754 1433 1968 1489 ratione

384 1529 546 1593 Deus,
577 1536 638 1584 ut
665 1527 796 1581 mihi
832 1527 1050 1596 qnidem
1116 1525 1441 1597 persuadeo,
1479 1526 1654 1597 punit.
1696 1524 1966 1583 Caeterum

381 1638 511 1677 cum
525 1620 687 1677 variis
705 1620 1085 1676 occasionibus
1118 1629 1281 1689 atque
1296 1619 1652 1688 temporibus
1667 1617 1968 1673 humanum

384 1732 558 1786 genus
588 1715 882 1773 multorum
908 1723 1276 1783 peccatorum,
1316 1712 1544 1783 qumilla
1572 1711 1794 1767 malitia:
1812 1709 1967 1767 radix

384 1804 704 1872 protulerat,
757 1801 943 1859 inultis
1000 1801 1195 1871 modis,
1259 1814 1459 1869 nempe
1496 1801 1763 1865 oratione,
1827 1800 1964 1865 lege,

382 1896 685 1967 prophetis,
740 1892 1042 1961 beneficiis,
1104 1894 1288 1957 minis,
1341 1892 1536 1965 plagis,
1595 1891 1967 1957 eluvionibus,

382 1991 671 2055 incendiis,
718 1990 893 2055 bellis,
943 1988 1210 2052 victoriis,
1268 1986 1537 2053 cladibus,
1590 1984 1854 2057 prodigiis
1901 2001 1962 2038 ex

380 2085 541 2152 cutlo,
557 2099 623 2139 ex
639 2099 783 2149 aere,
805 2100 869 2143 ex
890 2093 1049 2147 terra,
1081 2066 1145 2136 ex
1167 2080 1324 2148 mari,
1349 2080 1640 2151 inSperatis
1658 2078 1965 2143 hominum,

378 2178 680 2243 civitatum,
715 2177 958 2249 gentium
995 2175 1395 2238 eversionibus,
1427 2173 1628 2244 quibus
1663 2171 1969 2228 rationibus

386 2271 520 2325 nihil
549 2271 694 2325 aliud
727 2272 1012 2340 agebatur,
1048 2268 1155 2323 nisi
1192 2278 1249 2322 ut
1312 2267 1515 2322 malitia
1565 2274 1965 2329 contereretur,

379 2364 581 2418 frustra
599 2365 755 2434 prius
786 2371 935 2419 esset
981 2360 1320 2429 admonitum
1382 2369 1435 2415 et
1469 2359 1888 2429 reprehensum,
1913 2367 1969 2412 et

378 2456 681 2527 majoribus
696 2457 954 2526 peccatis,
974 2465 1027 2510 ut
1052 2454 1255 2509 mutuis
1269 2450 1584 2513 homicidiis
1608 2493 1623 2519 ,
1657 2451 1965 2515 adulteriis,

378 2549 873 2619 perjuriis,in,sanis
903 2547 1189 2613 hominum~
1214 2546 1496 2609 amoribus
1546 2554 1599 2602 et
1632 2544 1823 2614 (quod
1845 2559 1966 2601 om-

378 2645 530 2709 nium
562 2644 840 2705 malorum.
890 2640 1271 2713 gravissimum
1334 2641 1493 2707 eral)
1547 2637 1964 2701 simulacrorum

374 2739 548 2803 cultu,
581 2752 693 2808 quo
732 2736 986 2797 homines
1041 2732 1291 2805 neglecto
1333 2733 1692 2797 Procreatore
1750 2730 1818 2787 ad
1875 2743 1967 2789 res

374 2841 688 2899 procreatas
710 2828 967 2891 colendas
1027 2840 1081 2885 et
1104 2826 1416 2907 adorandus
1446 2841 1505 2880 se
1549 2823 1963 2893 convertebant,

373 2927 833 2997 obstringeretur,
891 2923 1257 2993 gravioraque
1305 2922 1427 2991 jam,
1453 2918 1728 2989 ejusmodi
1791 2916 1965 2977 morbi

373 3018 615 3075 remedia
636 3018 1141 3083 medicamentaque
1190 3013 1559 3083 requirerent,
1588 3011 1792 3080 majora
1848 3025 1969 3081 gra-

374 3110 634 3180 vioraque
664 3118 795 3168 sunt
816 3108 1079 3167 adhibita.
1135 3106 1323 3176 Ipsum,
1377 3104 1525 3169 enim
1578 3103 1674 3165 Dei
1696 3102 1963 3170 Verbum,

2069 608 2337 680 δοθείσης,
2388 610 2482 665 καὶ
2520 611 2725 684 ἡττήθη
2772 612 2875 683 τῆς
2929 617 3133 684 πικρᾶς
3192 616 3437 685 γεύσεως
3465 631 3482 648 ο
3516 616 3658 686 ὁμοῦ

2070 701 2125 756 δὲ
2173 700 2268 756 τοῦ
2307 702 2406 773 τῆς
2452 704 2613 775 ζωῆςξ
2642 704 2823 771 ξύλου,
2874 705 2969 759 καὶ
3017 704 3113 759 τοῦ
3166 706 3518 777 παραδείσου,
3562 706 3660 760 καὶ

2071 795 2164 850 τοῦ
2192 794 2332 851 Θεοῦ
2358 796 2445 850 διὰ
2490 796 2589 869 τὴν
2611 799 2812 853 κακίαν
2845 799 3121 871 ὲξόριστος
3145 799 3375 869 γίνεται,
3409 800 3503 854 καὶ
3530 801 3660 863 τοὺς

2071 889 2435 962 δερματίνους
2481 891 2845 963 ἀμφιέννυται
2883 892 3135 963 χιτῶνας,
3171 894 3305 957 ῐσως
3345 892 3444 965 τὴν
3478 910 3666 963 παχυ-

2070 982 2236 1053 τέραν
2268 984 2470 1055 σάρκα,
2498 985 2595 1039 καὶ
2621 983 2847 1056 θνητὴν,
2877 987 2973 1040 καί
3004 986 3322 1041 ἀντίτυπον.
3354 987 3464 1039 Καὶ
3496 984 3661 1039 τοῦτο

2071 1074 2290 1147 πρῶτον
2318 1074 2584 1144 γινώσκει
2620 1077 2721 1148 τὴν
2755 1077 2890 1131 ἰδίαν
2923 1077 3210 1149 αἰσχύνην,
3255 1078 3350 1132 καί
3381 1077 3489 1131 ἀπὸ
3519 1076 3660 1129 Θεσῦ

2071 1168 2400 1240 κρύπτεται.
2439 1168 2724 1241 Κερδαίνει
2762 1169 2946 1241 μέντοι
2971 1170 3377 1237 κὰνταῦθα,τέιν
3406 1170 3661 1230 θάνατον,

2073 1268 2168 1324 καί
2197 1268 2259 1323 τὸ
2286 1269 2616 1340 διακοπῆναι
2660 1271 2761 1339 τὴν
2806 1268 3107 1341 ἁμαρτίαν,
3154 1270 3243 1325 ἵνα
3284 1268 3359 1340 μὴ
3389 1268 3666 1323 ἀθάνατον

2069 1359 2102 1435 ᾖ
2137 1362 2199 1417 τὸ
2244 1363 2415 1417 κακόν
2442 1378 2457 1394 ’
2494 1364 2588 1419 καὶ
2630 1365 2842 1432 γίνεται
2884 1362 3267 1433 φιλανθρωπία
3311 1363 3345 1433 ἡ
3389 1360 3665 1432 τιμωρία.

2072 1456 2230 1511 Οὕτω
2265 1456 2374 1528 γὰρ
2405 1456 2664 1526 πείθομαι
2694 1455 2946 1520 κολάζειν
2969 1455 3123 1511 Θεόν.
3162 1455 3385 1516 Πολλοῖς
3420 1454 3478 1509 δὲ
3530 1470 3668 1506 παι-

2069 1550 2283 1614 δευθεὶς
2327 1550 2594 1622 πρότερον
2643 1548 2767 1603 ἀντί
2808 1548 3021 1602 πολλῶν
3062 1547 3172 1601 τῶν
3218 1546 3670 1617 ἁμαρτημάτων,

2071 1641 2147 1698 ὧν
2194 1644 2228 1715 ἡ
2278 1644 2377 1713 τῆς
2422 1642 2625 1706 κακίας
2678 1643 2801 1713 ῥίζα
2837 1640 3145 1710 ἐϐλάστησε
3190 1640 3331 1694 κατά
3367 1638 3672 1708 διαφόρους

2072 1735 2254 1799 αίτίας
2295 1735 2391 1787 καὶ
2422 1733 2673 1804 χρόνους,
2715 1731 2879 1803 λόγῳ,
2922 1732 3094 1802 νόμῳ,
3139 1731 3469 1801 προφήταις,
3504 1729 3673 1799 εὐερ-

2000 1827 2307 1925 Βγεσίαις,
2362 1825 2638 1890 ἀπειλαῖς,
2694 1823 2956 1895 πληγαῖς,
3013 1822 3222 1886 ὕδασιν,
3283 1821 3670 1892 ἐμπρησμοῐς,

2071 1919 2352 1989 πολέμοις,
2400 1918 2597 1982 νίκαις,
2633 1917 2846 1988 ἥτταις,
2884 1916 3133 1986 σημείοις
3172 1912 3231 1981 ἐξ
3259 1913 3520 1986 οὐρανοῦ,
3564 1927 3671 1980 ση-

2074 2010 2250 2081 μείοις
2305 2010 2366 2077 ἐξ
2425 2004 2615 2081 ἀέρος,
2669 2011 2731 2063 ἐκ
2786 2008 2912 2080 γῆς,
2961 2008 3027 2061 ἐκ
3076 2007 3370 2078 θαλάττης,
3425 2003 3669 2075 ἀνδρῶν,

2071 2103 2303 2168 πόλεων,
2348 2102 2520 2157 ἐθνῶν
2552 2101 2897 2167 ἀνελπίστοις
2932 2100 3277 2173 μεταϐολαῖς,
3316 2098 3407 2165 ὑφ’
3438 2091 3517 2150 ὧν
3562 2096 3670 2151 ὲκ-

2068 2196 2324 2267 τριὸἦναι
2372 2194 2470 2265 τὴν
2523 2194 2721 2248 κακίαν
2772 2194 2835 2246 τὸ
2885 2192 3324 2261 σπουδαζόμενον
3375 2184 3467 2259 ἦν,
3511 2185 3671 2249 τέλος

2074 2288 2434 2360 ἰσχυροτέρου
2478 2286 2653 2341 δεῖται
2701 2286 2998 2357 φαρμάκου
3042 2287 3139 2339 ἐπὶ
3178 2282 3507 2351 δεινοτέροις
3546 2283 3671 2342 τοῖς

2071 2379 2530 2452 ἀρρωστήμασιν,
2548 2376 2986 2447 ἀλληλοφονίαις,
3013 2374 3305 2446 μοιχείαις,
3324 2370 3669 2441 ὲπιορκίαις,

2069 2473 2487 2542 ἀνδρομανὼιις,
2518 2469 2579 2525 τὸ
2617 2470 2836 2525 πάντων
2887 2468 3119 2539 ἔσχατον
3150 2466 3263 2521 τῶν
3306 2464 3520 2528 κακῶν,
3568 2461 3674 2514 καὶ

2069 2565 2308 2637 πρῶτον,
2371 2561 2873 2633 εἰδωλολατρείαις,
2933 2561 3031 2615 καὶ
3080 2561 3148 2631 τῇ
3206 2557 3499 2629 μεταθέσει
3561 2554 3672 2622 τῆς

2070 2660 2499 2729 προσκυνήσεως
2519 2656 2629 2711 ἀπὸ
2650 2652 2744 2709 τοῦ
2766 2653 3131 2725 πεποιηκότος
3158 2652 3251 2705 ἐπὶ
3271 2650 3340 2703 τὰ
3356 2648 3671 2717 κτίσματα.

2069 2754 2261 2809 Ταῦτα
2294 2751 2483 2823 ἐπειδὴ
2518 2750 2766 2821 μείζονος
2805 2749 2976 2802 ἐδεῖτο
3008 2745 3102 2801 τοῦ
3132 2744 3501 2816 βοηθήματος,
3538 2739 3675 2810 μεί-

2070 2846 2223 2911 ζονος
2279 2844 2374 2898 καὶ
2429 2842 2711 2912 τυγχάνει.
2761 2839 2843 2895 To
2875 2840 2931 2893 δὲ
2981 2835 3050 2910 ἧν
3099 2838 3264 2900 abso;
3319 2838 3349 2889 ὁ
3386 2835 3482 2888 τοῦ
3524 2832 3675 2885 Θεοῦ

2068 2940 2241 3008 Λόγος
2267 2940 2296 2992 ό
2335 2935 2689 3008 προαιὼνιος,
2722 2934 2754 2994 ό,
2788 2934 3020 3004 ἀόρατος
3066 2931 3165 2985 καὶ
3200 2926 3608 2998 ἀπερίληπτος,
3642 2924 3675 2976 ὁ

2068 3030 2385 3101 ἀσώματος,
2422 3028 2519 3082 καὶ
2558 3026 2628 3080 τά
2663 3025 2811 3094 ἑξῆς,
2855 3026 2888 3095 ἡ
2933 3022 3360 3090 ἀπαράλλακτος
3404 3016 3605 3080 εἰκὼν,
3641 3016 3672 3068 ὁ
3768 3020 3769 3023 “

2069 3122 2167 3177 τοῦ
2207 3121 2418 3192 [ἰατρὸς
2468 3120 2595 3190 ὅρος
2636 3118 2731 3172 καί
2773 3116 2948 3185 Λόγος
2997 3116 3091 3168 ἐπὶ
3138 3115 3240 3183 τὴν
3283 3112 3429 3164 ἰδίαν,
3466 3109 3675 3161 εἰκόνα

374 3203 523 3273 quod
547 3210 635 3258 est
650 3212 787 3258 ante.
808 3201 1031 3267 szecuhi,
1050 3198 1206 3269 quod.
1220 3196 1620 3267 comprehendi,
1640 3211 1748 3250 non
1770 3204 1963 3266 potest.

2080 3215 2261 3285 χωρεῖ,
2304 3210 2403 3266 καὶ
2447 3212 2630 3282 σάρκα
2665 3211 2823 3280 φορεῖ
2868 3207 2959 3265 διὰ
2991 3207 3088 3278 τὴν
3128 3208 3331 3276 σάρκα,
3366 3205 3464 3257 καί⁸
3507 3203 3673 3272 ψυχῇ

373 3295 744 3366 quodcorpus
771 3311 881 3350 non
914 3294 1079 3351 habet
1102 3291 1696 3363 (etquaesequuntur),
1722 3288 1837 3360 ipsa
1865 3286 1962 3347 Dei

373 3391 553 3463 imago
592 3389 1079 3454 incommutabilis,
1140 3388 1317 3443 Patris
1383 3386 1627 3443 deﬁnitio
1680 3394 1736 3440 et
1790 3383 1957 3456 ratio,

374 3484 690 3557 imaginem,
728 3498 895 3553 quam
925 3482 1130 3539 homini
1157 3482 1531 3552 impresserat,
1559 3479 1675 3549 ipse
1707 3479 1961 3548 suscipit,

372 3588 428 3635 et
460 3587 684 3650 propter
705 3591 951 3643 carnem,
986 3591 1205 3631 carnem
1258 3579 1419 3644 gerit,
1453 3584 1508 3629 et
1533 3574 1715 3629 animo
1752 3574 1964 3628 ratione

370 3673 601 3743 praedito
619 3687 718 3744 pro
740 3672 913 3726 salute
931 3669 1097 3723 animi
1152 3668 1257 3741 mei
1270 3668 1682 3732 commiscetur,
1714 3675 1775 3723 ut
1797 3667 1962 3722 simili

373 3767 604 3822 similem
630 3773 843 3836 purget,
870 3765 922 3818 in
949 3764 1206 3817 omnibus
1231 3761 1492 3830 denique,
1520 3773 1748 3830 peccato
1776 3768 1961 3815 tamen

370 3855 699 3925 excepto,flt
722 3856 905 3911 homo.
934 3855 1009 3915 Ex
1035 3853 1274 3925 Virgine,
1300 3852 1459 3923 cujus
1476 3852 1725 3907 animum
1752 3860 1807 3908 et
1837 3868 1962 3909 car-

371 3964 496 4004 nem
512 3947 748 4017 Spiritus
762 3957 888 4003 ante
902 3955 1244 4018 purgaverat,
1261 3947 1526 4013 nascitur.
1543 3948 1778 4005 Docebat
1793 3948 1960 4016 enim,

371 4052 507 4098 utet
528 4042 820 4097 liberorum
852 4043 1128 4111 susceptio
1178 4043 1562 4113 honor-aretur,
1588 4054 1643 4101 et
1670 4044 1747 4099 illi
1779 4054 1963 4105 tamen

374 4139 433 4192 in
460 4141 667 4192 honore
690 4135 976 4207 virginitas
1002 4136 1369 4191 anteferretur
1394 4146 1590 4207 ;atque
1617 4136 1693 4193 ita
1721 4138 1960 4195 humana

370 4233 550 4287 forma
571 4240 852 4300 assumpta
865 4230 937 4285 ad
956 4244 1055 4286 nos
1080 4231 1424 4301 progreditur
1452 4246 1619 4285 unum
1643 4245 1709 4285 ex
1745 4231 1963 4288 duobus

366 4322 684 4387 contrariis,
713 4336 879 4377 carne
901 4329 958 4376 et
980 4321 1198 4391 spiritu,
1234 4330 1515 4384 constans,
1570 4336 1805 4391 quorum
1871 4323 1962 4381 hic

369 4416 707 4471 divinitatem
746 4415 1041 4481 tribuebat,
1072 4414 1160 4468 illa
1204 4414 1491 4469 divinitate
1521 4414 1860 4472 afﬁciebatur
1888 4421 1961 4489 (ο

2066 3306 2231 3377 νοερᾷ
2275 3305 2364 3360 διά
2393 3304 2492 3377 τὴν
2539 3303 2680 3374 ἐμὴν
2722 3300 2904 3373 ψυχὴν
2944 3300 3222 3369 μίγνυται,
3265 3298 3344 3368 τῷ
3394 3296 3576 3366 ὁμοίῳ
3606 3294 3679 3346 τ’)

2065 3398 2254 3469 ὅμοιον
2296 3396 2710 3467 ἀνακαθαίρων,
2749 3394 2841 3447 καὶ
2887 3395 3065 3446 πάντα
3106 3391 3339 3458 γίνεται,
3382 3387 3529 3457 πλὴν
3560 3388 3675 3455 τῆς

2065 3492 2363 3562 ἁμαρτίας,
2387 3488 2699 3560 ἅνθρωπος,
2731 3485 2958 3557 κυηθείς
2992 3483 3092 3554 μὲν
3120 3484 3182 3535 ὲκ
3213 3481 3312 3552 τῆς
3346 3478 3673 3548 Παρθένου,

2066 3587 2159 3641 καὶ
2189 3585 2371 3656 ψυχὴν
2399 3582 2495 3638 καὶ
2527 3583 2706 3652 σάρκα
2730 3577 3213 3651 προκαθαρθείσης
3242 3575 3322 3646 τῷ
3344 3572 3674 3643 Πνεύματι.

2068 3677 2222 3735 Ἔδει
2257 3677 2368 3746 γὰρ
2421 3674 2520 3730 καὶ
2563 3674 2823 3744 γέννησιν
2859 3670 3179 3742 τιμηθῆναι,
3222 3668 3319 3723 καὶ
3351 3663 3679 3736 παρθενίαν

2065 3769 2502 3843 προτιμηθῆναι.
2537 3766 2827 3838 Προελθὼν
2854 3764 2912 3818 δὲ
2946 3763 3079 3828 Θεὸς
3110 3762 3250 3831 μετά
3283 3761 3381 3830 τῆς
3405 3758 3675 3829 προσλή-

2063 3866 2234 3935 ψεως,
2270 3863 2329 3916 ἓν
2369 3865 2432 3921 ἐκ
2470 3861 2567 3916 δύο
2608 3858 2718 3921 τῶν
2749 3858 3035 3919 ἐναντίων,
3085 3853 3299 3926 σαρκὸςΔ
3348 3853 3447 3905 καὶ
3488 3848 3681 3905 πνεύ-

2070 3975 2263 4030 ματος,
2290 3949 2368 4011 ὧν
2396 3954 2458 4009 τὸ
2487 3953 2588 4025 μὲν
2632 3952 2854 4014 ὲθέωσε,
2883 3949 2951 4011 τὸ,
2976 3948 3032 4002 δὲ
3064 3946 3270 4011 ὲθεώθη
3304 3944 3371 4016 (ὣ
3404 3945 3512 4013 τῆς
3536 3960 3684 3999 και-

2063 4051 2162 4123 νῆς
2191 4047 2413 4122 μίξεως,
2445 4046 2607 4117 ὣτῆς
2633 4043 2942 4116 παραδόξου
2975 4042 3225 4111 κράσεως
3244 4040 3310 4108 ἰ),
3346 4037 3375 4090 ό
3404 4036 3485 4090 ὢν
3515 4037 3688 4104 γίνεο

2061 4161 2177 4210 ται,
2201 4143 2295 4196 καὶ
2324 4143 2354 4195 ό
2377 4141 2631 4201 ἀκτιστος
2668 4136 2933 4202 κτίζεται,
2958 4133 3064 4200 Δκαί
3090 4134 3127 4186 ὁ.
3148 4132 3432 4203 ἀχώρητος
3454 4147 3539 4199 χω
3548 4131 3685 4199 ρεῖ-

2063 4253 2157 4290 ται
2198 4233 2293 4289 διά
2336 4233 2507 4304 μέσης
2543 4231 2723 4302 ψυχῆς
2770 4232 2966 4301 νοερᾶς
2999 4224 3396 4297 μεσιτευούσης
3436 4223 3687 4292 θεότητι

2065 4332 2164 4382 καὶ
2210 4325 2418 4399 σαρκὸς
2455 4324 2754 4395 παχύτητι,
2799 4323 2897 4377 καὶ
2934 4324 2963 4376 ό
2994 4318 3298 4381 πλουτίζων
3339 4315 3684 4385 πτωχεύει-

2067 4419 2341 4491 πτωχεύει
2377 4418 2488 4488 γὰρ
2528 4417 2628 4486 τὴν
2669 4416 2815 4486 ἐμὴν
2854 4416 3058 4485 σάρκα,
3106 4412 3173 4465 ἵν’
3208 4410 3323 4480 ἐγὼ
3354 4407 3689 4478 πλουτήσω

370 4524 567 4563 novam
596 4508 925 4565 mistioneml
964 4522 996 4561 ο
1025 4506 1471 4577 coniunctionem
1499 4507 1873 4567 admirabilem
1901 4510 1961 4583 ι)

2080 4515 2166 4587 τὴν
2194 4511 2375 4568 αὐτοῦ.
2399 4510 2659 4579 θεότητα.
2700 4509 2812 4581 Καὶ
2840 4509 2870 4569 ὁ
2907 4508 3124 4579 πλήρης
3144 4503 3434 4567 κενοῖκταιο
3472 4503 3692 4557 κενοῦ-

366 4601 484 4667 Ille,
508 4601 598 4671 qui
615 4600 1193 4670 esteﬂ‘ector,eﬂicitur
1212 4624 1229 4675 ;
1251 4603 1343 4675 qui
1368 4613 1582 4662 creator
1597 4613 1702 4673 est,
1720 4613 1959 4674 creatur;

2080 4625 2159 4662 ται
2196 4609 2304 4676 γὰρ
2333 4605 2433 4677 τῆς
2473 4602 2858 4673 ἑαυτοῦνδόξης
2906 4602 2999 4659 ἐπὶ
3048 4599 3268 4670 μικρὸν,
3306 4597 3375 4653 ἶν’
3408 4596 3528 4665 ὲιγῴ
3562 4598 3693 4666 τῆς

365 4695 459 4763 qui
489 4696 877 4766 comprehendi
908 4713 1017 4753 non
1051 4706 1247 4768 potest,
1286 4700 1509 4756 vinculo
1524 4700 1753 4757 humani
1792 4697 1961 4755 animi

2080 4698 2277 4763 ἑκείνου
2323 4695 2626 4767 μεταλάϐοι,
2660 4693 3029 4771 πληρῲσςωςε
3074 4693 3243 4762 Τίςιὸ
3290 4690 3528 4755 πλοῦτος
3568 4694 3696 4763 τῆς

364 4789 710 4845 divinitatem
732 4798 786 4844 et
806 4791 991 4847 carnis
1021 4791 1438 4847 crassitudinem
1490 4794 1786 4864 copulante
1806 4808 1961 4850 eom-

2080 4793 2441 4863 ἰγαθότητος;
2472 4790 2538 4844 Τί
2576 4791 2645 4861 τὸ,
2668 4789 2800 4860 περὶ
2829 4788 2930 4858 ἐμὲ
2952 4788 3111 4845 τοῦτο
3131 4787 3472 4861 μυστήριονς
3504 4788 3697 4847 Μετ-

366 4882 749 4954 prehenditur.
802 4884 905 4951 Qui
964 4885 1100 4940 ditat
1144 4885 1313 4951 alios,
1364 4901 1572 4957 pauper
1632 4886 1716 4942 fit.
1763 4885 1959 4945 Carnis

2080 4885 2257 4951 ξλασσν
2283 4884 2388 4955 τῆς
2418 4883 2651 4947 εἰκόνος,
2678 4884 2775 4938 καὶ
2816 4883 2918 4937 οὐκ
2956 4879 3223 4949 δφύλαξα.
3274 4878 3697 4949 Μεταλαμϐά-

364 4977 509 5031 enim
526 4991 658 5032 meae
680 4986 1052 5047 paupertatem
1080 4978 1447 5047 amplectitur,
1466 4988 1522 5034 ut
1539 4994 1642 5053 ego
1660 4979 1958 5037 divinitatis

2080 4998 2150 5037 ρει
2173 4980 2275 5050 τῆς
2314 4977 2463 5048 ἐμῆς
2500 4976 2727 5047 σαρκὸς,
2758 4975 2846 5041 ἶνα
2871 4975 2969 5031 καὶ
2998 4973 3098 5043 τὴν
3123 4972 3313 5033 εἰκόνα
3353 4970 3534 5041 σώσῃ,
3573 4973 3700 5027 καὶ

365 5069 487 5138 ejus
507 5070 723 5127 divitias
767 5084 1045 5133 assequar.
1104 5070 1208 5137 Qui
1235 5071 1427 5139 plenus
1476 5080 1581 5138 est,
1618 5073 1955 5140 exinaniatur,

2080 5074 2165 5145 τὴν
2209 5072 2399 5144 σάρκα
2443 5069 2769 5140 ἀθανατίση.
2826 5068 3103 5139 Δευτέραν
3148 5067 3400 5125 κοινωνεί
3458 5082 3701 5123 κοινω-

362 5176 663 5232 parumper
690 5162 1085 5233 enimgloriam
1118 5177 1271 5218 suam
1296 5164 1429 5219 sinit
1457 5163 1756 5232 exhauriri,
1782 5175 1840 5221 ut
1852 5180 1953 5238 ego

2080 5167 2185 5222 δίαν
2214 5164 2353 5219 πολῦ
2390 5163 2492 5233 τῆς
2536 5163 2812 5235 προτέρας
2852 5157 3317 5231 παραδοξοτέραν,
3372 5156 3487 5223 ὅσῳ
3532 5156 3701 5211 τότε

367 5253 723 5323 plenitudinis
744 5254 864 5324 ejus
893 5254 1166 5324 particeps
1182 5253 1673 5322 eiliciar.Qu:cnam
1701 5267 1830 5313 sunt
1870 5262 1952 5315 han

2080 5259 2167 5313 ιὲν
2205 5256 2300 5312 τοῦ
2328 5256 2642 5328 κρείττονος
2681 5252 2979 5324 μετέδωκε,
3010 5249 3107 5305 νῦν
3137 5249 3193 5303 δὲ
3237 5247 3703 5319 μεταλαμϐάνει

360 5346 627 5407 bonitatis
662 5344 867 5404 divitia:
895 5346 917 5400 ?
945 5344 1232 5412 Quodnam
1284 5347 1427 5403 circa
1484 5364 1570 5405 me
1627 5351 1945 5421 mysterium

2080 5352 2155 5410 ποῦ
2181 5351 2446 5424 χείρονος.

362 5450 587 5510 πββπθι
620 5439 1282 5512 ῬΕεοίωεεῖηθωνουὶιιε
1301 5441 1571 5511 particeps
1595 5443 1769 5500 factus
1820 5461 1993 5511 eram,
2035 5463 2145 5504 non
2164 5442 2735 5503 servavi.lllecarnem
2787 5453 2966 5495 meam
3014 5437 3333 5512 sus_cipit,ut
3370 5447 3426 5491 et
3447 5436 3703 5507 imagi-

362 5550 487 5588 nem
534 5510 739 5598 servet,
774 5542 829 5589 et
856 5547 1077 5589 carnem
1113 5534 1301 5600 reddat
1324 5535 1711 5592 immortalem.
1761 5540 2004 5597 Alteram
2062 5541 2164 5596 init
2220 5539 2537 5595 societatem
2568 5535 2749 5606 priore
2801 5535 3061 5589 societate
3099 5510 3168 5587 ἓο
3216 5530 3442 5600 quidem
3482 5530 3705 5604 longe

358 5624 844 5692 admirabiliorem,
877 5626 1023 5697 quod
1056 5627 1119 5691 in,
1145 5628 1351 5698 priore,
1386 5630 1733 5698 prtestantius
1761 5634 1903 5702 quod
1942 5643 2082 5703 erat,
2108 5629 2576 5696 communicavit;
2614 5629 2668 5683 in
2692 5628 3017 5700 posteriore,
3050 5625 3196 5698 quod
3222 5624 3469 5681 deterius
3503 5640 3701 5686 erat:

356 5716 591 5788 accepit.

2066 5822 2182 5876 Τοῦ
2213 5820 2402 5875 αὐτοῦ
2442 5818 2511 5872 ἐκ
2543 5816 2649 5872 τοῦ
2681 5817 2868 5887 λόγου
2898 5816 3005 5871 τοῦ
3027 5816 3123 5893 ,εὶς
3174 5815 3245 5871 τὰ
3274 5816 3416 5887 ἅγια
3449 5818 3703 5877 Mra.

2143 5912 2361 5984 Ἐπειδὴ
2407 5912 2516 5984 γὰρ
2547 5910 2686 5982 ᾤετο
2733 5910 3001 5983 ἀήττητος
3055 5906 3196 5967 εἶναι
3237 5914 3338 5984 τῆς
3380 5912 3627 5982 κακίας
3669 5920 3708 5974 ὁ

692 5890 693 5893 η
730 5814 984 5887 Ejusdem
1026 5817 1080 5873 in
1106 5816 1305 5874 Sancta
1327 5819 1577 5876 Lumina.

424 5905 560 5962 Nam
583 5907 710 5979 quia
733 5908 950 5968 malitia;
970 5908 1247 5981 inventor,
1272 5911 1366 5984 qui
1393 5913 1732 5973 scinvietum
1755 5915 1943 5972 existi-
