3838 6536
376 317 486 386 215

1610 321 1994 385 EUTHYMII
2041 323 2407 387 ZIGABENI

3540 322 3661 387 216

350 418 467 494 'no,
495 427 757 485 molestiis
781 427 1037 484 affectum
1057 442 1201 493 esse,
1232 429 1597 500 lacrymasse,
1614 432 1866 489 calumni:

2138 476 2153 501 ,
2190 436 2395 506 βρῶσίν
2440 454 2496 489 τε
2568 435 2662 490 καὶ
2697 435 2873 503 πόσιν,
2929 432 3023 489 καὶ
3055 433 3240 501 κόπον,
3297 434 3389 488 καὶ
3438 435 3654 499 ὕπνον,

370 521 656 590 judicium,
689 533 907 574 crucem
963 532 1027 573 ac
1058 528 1290 574 mortem
1316 521 1486 576 fuisse
1515 537 1859 593 perpessum,
1889 522 1943 573 in

373 615 731 683 sepUICroqne
782 612 1043 683 positum.
1104 614 1231 672 Haec
1282 616 1455 683 enim,
1513 632 1635 688 qua:
1685 615 1943 687 mysterio

372 706 933 776 comprehenduntur,
962 708 1176 764 animos
1203 724 1417 773 eorum,
1464 709 1557 779 qni
1615 717 1743 763 sunt
1795 706 1948 761 inﬁr-

372 800 574 854 miores
610 801 662 854 in
702 800 824 869 ﬁde,
877 803 1167 857 debilitant
1219 802 1660 874 infringuntque,
1722 816 1792 856 ne
1834 799 1942 865 illa.

280 947 282 950 ,
371 904 491 956 quae
514 889 774 959 deinceps
812 902 1143 962 sequuntur,
1198 901 1416 963 propter
1475 907 1560 958 ea,
1617 906 1737 961 qua:
1799 890 1944 945 dicta

274 986 278 990 ’
370 988 519 1044 sunt,
555 982 877 1052 suscipiant.
904 982 1039 1039 Nam
1075 983 1185 1039 Deo
1214 984 1435 1056 dignam
1467 1000 1531 1040 ex
1568 983 1758 1038 inferis
1797 980 1946 1037 exci-

372 1075 633 1127 tationem
681 1074 810 1129 i‘deo
831 1090 940 1132 non
972 1077 1302 1143 concedunt,
1332 1092 1402 1132 ne
1433 1084 1663 1131 mortem
1698 1074 1808 1129 Deo
1862 1074 1946 1127 in-

369 1163 589 1233 dignam
621 1165 931 1224 admittant.
965 1168 1085 1240 Ego
1112 1184 1241 1224 vero
1264 1169 1396 1224 illud
1418 1168 1553 1223 mihi
1579 1165 1946 1237 priusfacien-

370 1254 499 1308 dum
524 1263 673 1324 puto,
711 1266 768 1311 ut
793 1259 1066 1328 paulisper
1090 1275 1120 1313 a
1173 1274 1353 1315 crassa
1376 1260 1556 1315 carnis
1614 1256 1944 1312 hebetudine

371 1346 651 1412 recedam,
700 1358 754 1402 et
794 1351 1083 1404 honestum
1113 1350 1292 1421 ipsum
1330 1367 1425 1418 per
1464 1364 1524 1405 se
1573 1349 1942 1413 considerem,

370 1441 764 1509 ostendamque
787 1456 894 1494 non
925 1456 1044 1495 esse
1073 1441 1365 1510 ejusmodi,
1398 1450 1457 1495 ut
1482 1441 1569 1495 his
1595 1440 1778 1503 not-is,
1822 1439 1945 1509 qui-

370 1533 472 1584 bus
504 1545 689 1586 earum
717 1540 944 1600 utraque
974 1531 1332 1586 describatur.
1396 1530 1679 1586 Neminem
1732 1546 1942 1594 eorum,

368 1622 460 1691 qui
484 1623 599 1677 sani
649 1630 796 1688 sunt,
860 1632 1181 1692 negaturum
1248 1624 1524 1688 existimo,
1585 1639 1751 1678 unum
1813 1624 1946 1678 illud

366 1713 591 1767 omnino
612 1727 733 1768 esse
779 1712 1037 1779 dedecus,
1084 1729 1313 1778 eamque
1337 1730 1496 1768 unam
1529 1715 1941 1785 turpitudinem,

366 1818 488 1871 qua:
522 1802 639 1857 vitii
687 1802 932 1859 fmditate
961 1804 1243 1870 delinitur,
1286 1820 1313 1858 a
1346 1820 1451 1874 qua
1500 1805 1764 1875 quidquid
1815 1806 1944 1859 alie-

2049 528 2144 581 καὶ
2181 527 2391 600 λύπην,
2424 529 2517 583 καὶ
2545 527 2814 600 δάκρυον,
2860 526 3221 596 συκοφαντίαν
3256 543 3313 579 τε
3349 527 3443 579 καὶ
3474 525 3659 577 δικα-

2051 619 2295 690 στήριον,
2333 619 2565 690 σταυρδν
2598 619 2695 673 καὶ
2732 618 2985 682 θάνατον,
3019 618 3113 669 καὶ
3150 616 3248 686 τὴν
3286 617 3342 670 ὲν
3376 613 3661 686 μνημείῳ

2048 711 2218 767 θέσιν.
2252 711 2436 765 Ταῦτα
2474 711 2582 784 γάρ
2613 708 3272 783 συμπαραλαμϐανόμενα
3303 708 3381 778 τῷ
3415 720 3658 778 μυστη-

2050 803 2169 872 ρίῳ,
2194 802 2461 872 ἀμϐλύνει
2492 820 2610 867 πως
2638 803 2745 856 τῶν
2776 801 3276 873 μικροψυχωτέρων
3296 800 3394 870 τὴν
3419 799 3656 859 πίστιν,

2046 892 2120 956 ὡς
2156 893 2288 963 μηδὲ
2314 892 2385 946 τά
2414 891 2612 962 ἐφεξῆς
2640 892 2749 945 τῶν
2779 892 3088 962 λεγομένων
3136 889 3224 943 διὰ
3276 888 3344 942 τά
3377 901 3663 955 προειρη-

2051 985 2188 1055 μένα
2247 984 2785 1055 συμπαραδέχεσθαι.
2850 983 2923 1037 Τὸ
2981 982 3092 1052 γὰρ
3160 981 3465 1051 θεοπρεπὲς
3537 976 3658 1045 τῆς

2047 1080 2112 1131 ὲκ
2159 1078 2368 1148 νεκρῶν
2411 1076 2764 1140 ἀναστάσεως
2820 1075 2909 1130 διὰ
2958 1075 3019 1127 τὸ
3070 1074 3196 1146 περὶ
3247 1073 3336 1125 τὸν
3396 1070 3658 1124 θάνατον

2045 1170 2296 1240 ἀπρεπὲς
2343 1169 2404 1223 οὐ
2458 1169 2793 1239 προσίενται.
2854 1166 2997 1236 Ἐγὼ
3043 1166 3101 1220 δὲ
3145 1165 3419 1236 πρότερον
3469 1157 3658 1227 οἶμαι

2045 1262 2158 1315 δεῖν
2203 1262 2399 1331 μικρὸν
2434 1261 2532 1330 τῆς
2573 1259 2843 1330 σαρκικῆς
2878 1258 3191 1327 παχύτητος
3230 1255 3323 1307 τὸν
3364 1251 3659 1321 λογισμὸν

2046 1354 2486 1425 άποστήσαντας,
2515 1352 2645 1406 αὐτὸ
2671 1350 2731 1405 τὸ
2761 1350 2926 1405 καλὸν
2956 1350 3041 1419 ἐφ’
3075 1348 3295 1415 ἑαυτοῦ,
3328 1348 3423 1402 καὶ
3455 1346 3525 1398 τδ
3569 1342 3659 1413 μή

2045 1447 2286 1501 τοιοῦτον
2326 1445 2660 1514 κατανοῆσαι
2708 1442 2885 1505 ποίοις
2928 1442 3311 1511 γνωρίσμασιν
3365 1437 3661 1504 ἑκάτερον

2047 1536 2252 1591 τούτων
2282 1532 2784 1605 καταλαμϐάνεται.
2818 1531 3023 1585 Οὐδένα
3047 1530 3157 1600 γὰρ
3188 1530 3440 1599 ἀντερεῖν
3473 1521 3659 1593 οἶμαι

2048 1629 2157 1682 τῶν
2183 1627 2578 1697 λελογισμένων
2602 1627 2684 1680 ὅτι
2714 1628 2772 1678 ἓν
2799 1623 2942 1678 κατά
2975 1622 3137 1693 φύσιν
3167 1620 3326 1691 μόνον
3354 1618 3466 1672 τῶν
3496 1616 3665 1669 πάν-

2048 1737 2156 1774 των
2187 1720 2411 1790 αίσχρόν
2442 1720 2582 1784 ἔστι,
2618 1717 2679 1771 τὸ
2713 1719 2854 1772 κατὰ
2885 1715 3086 1769 κακίαν
3121 1712 3315 1773 πάθος.
3346 1711 3420 1764 Τὸ
3450 1709 3510 1762 δὲ
3544 1723 3663 1761 κα-

2049 1811 2175 1875 κίας
2214 1810 2367 1873 ἐκτὸς
2402 1810 2601 1871 παντὸς
2634 1808 2861 1879 αἴσχους
2881 1806 3032 1860 ἐστὶν
3065 1805 3371 1873 ἀλλότριον.
3414 1800 3660 1869 Πρέπει

368 1910 497 1949 num
531 1895 620 1958 sit,
654 1894 708 1949 id
758 1896 826 1949 ab
866 1895 1018 1950 omni
1068 1905 1336 1951 remotum
1381 1912 1504 1952 esse
1560 1896 1827 1953 dedecore
1881 1917 1884 1949 ς

2145 1904 2259 1975 Θεῷ
2282 1905 2391 1957 πᾶν
2420 1904 2447 1956 ὃ
2473 1920 2525 1955 τι
2551 1919 2657 1971 περ
2682 1902 2747 1956 ἂν
2799 1903 2858 1955 ἐν
2904 1902 2969 1971 τῇ
2999 1899 3093 1953 τοῦ
3140 1896 3309 1952 καλοῦ
3341 1895 3661 1965 θεωρεῖται

372 1986 707 2055 turpitudine
744 2001 758 2037 :
793 1986 964 2041 Deum
987 2002 1115 2041 vero
1146 1998 1343 2043 cuncta
1376 1988 1591 2054 decere,
1625 2005 1744 2058 quae
1774 1991 1829 2044 in
1851 2006 1941 2044 re-

368 2077 529 2143 gione
566 2086 867 2133 cernuntur
891 2078 1216 2135 honestatis.
1252 2080 1382 2144 Quae
1414 2095 1537 2134 cum
1567 2082 1637 2135 ita
1664 2081 1796 2145 sint,
1850 2091 1945 2136 aut

371 2170 561 2225 \ilillm
588 2185 710 2226 esse
771 2169 1177 2238 demonstrent,
1227 2174 1400 2239 nasci,
1468 2174 1687 2235 nutriri,
1737 2176 1942 2244 augeri,

367 2262 434 2315 ad
471 2274 680 2318 natura:
727 2262 1120 2333 perfectionem
1166 2265 1441 2335 progredi,
1484 2267 1643 2330 mori,
1708 2267 1945 2321 revivis-

368 2368 493 2408 cere
524 2372 537 2407 :
571 2363 665 2427 aut
694 2353 741 2410 si
793 2371 915 2424 qua:
944 2355 1084 2411 dicta
1146 2364 1295 2423 sunt,
1339 2371 1370 2411 a
1402 2356 1534 2411 vitio
1568 2366 1773 2413 remota
1827 2373 1946 2413 esse

368 2446 698 2510 concedunt,
742 2447 1051 2503 necessario
1082 2463 1193 2502 non
1242 2463 1363 2504 esse
1409 2450 1586 2519 turpia
1654 2449 1944 2503 fateantur.

369 2537 507 2590 Cum
532 2537 697 2605 igitur
723 2538 1058 2594 declaratum
1117 2540 1209 2605 sit,
1274 2541 1504 2596 honesta
1530 2556 1672 2605 esse,
1733 2557 1852 2612 qua:
1878 2542 1948 2596 ab

369 2628 521 2682 omni
547 2628 797 2686 {teditate
829 2630 949 2686 vitii
972 2631 1290 2696 abhorrent,
1345 2646 1525 2686 nonne
1584 2641 1642 2687 ut
1699 2640 1949 2688 amentes

372 2723 663 2779 miserandi
693 2732 841 2790 sunt,
874 2725 965 2794 qui
998 2726 1226 2781 honesta
1252 2726 1364 2780 Deo
1392 2736 1644 2781 asserunt
1686 2742 1795 2781 non
1826 2742 1950 2783 con-

366 2810 974 2879 venire?Atbumana,
1006 2814 1273 2887 inquient,
1329 2826 1520 2871 natura
1583 2816 1792 2886 exiguis
1841 2826 1951 2872 ter-

366 2903 531 2959 minis
565 2904 1054 2971 circumscribitur,
1118 2906 1262 2962 Deus
1304 2917 1485 2963 autem
1529 2920 1614 2964 est
1675 2909 1945 2964 inlinit‘us.

370 2995 622 3061 Quonam
674 2999 840 3070 igitur
866 3010 1026 3071 pacto
1052 3002 1199 3071 quod
1253 3004 1523 3059 inﬁnitum
1589 3014 1692 3071 est,
1752 3006 1950 3061 indivi-

2046 1998 2299 2070 χώρᾳ.“Η
2322 1996 2503 2050 τοίνυν
2533 1996 2871 2061 δειξάτωσαν
2902 1993 3099 2046 κακίαν
3130 1986 3270 2042 εἶναι
3296 1988 3395 2057 τὴν
3430 1990 3661 2055 γέννη-

2049 2108 2156 2153 σιν,
2178 2087 2276 2159 τὴν
2298 2087 2626 2158 ἀνατροφὴν,
2647 2086 2746 2156 τὴν
2770 2083 3018 2153 αὕξησιν,
3050 2081 3153 2149 τὴν
3183 2078 3322 2150 πρὸς
3344 2075 3403 2129 τὸ
3427 2076 3662 2129 τέλειον

2046 2183 2143 2251 τῆς
2171 2179 2388 2249 φύσεως
2423 2177 2648 2250 πρόοδον
2669 2218 2684 2243 ,
2717 2176 2817 2246 τὴν
2853 2174 2947 2227 τοῦ
2986 2173 3219 2227 θανάτου
3255 2170 3491 2239 πεῖραν,
3538 2164 3662 2235 τὴν

2049 2277 2112 2328 ὲκ
2154 2273 2248 2326 τοῦ
2292 2272 2526 2325 θανάτου
2554 2268 2833 2333 ἐπάνοδον,
2864 2267 2920 2336 ἢ,
2953 2268 3001 2318 εί
3031 2262 3135 2327 ἔξω
3164 2260 3362 2322 κακίας
3395 2257 3546 2312 εἶναι
3578 2256 3662 2310 τὰ

2050 2366 2317 2437 εἰρημένα
2349 2362 2705 2426 συντίθενται,
2741 2359 2893 2413 οὐδὲν
2924 2355 3151 2426 αἰσχρὸν
3173 2348 3397 2406 εἶναιτὸ
3427 2348 3662 2411 κακίας

2049 2460 2326 2527 ἀλλότριον
2357 2456 2416 2520 ἐξ
2448 2455 2695 2521 ἀνάγκης
2724 2450 3148 2520 ὁμολογήσουσι.
3186 2441 3371 2499 Καλοῦ
3401 2440 3462 2494 δὲ
3499 2439 3665 2492 πάν-

2051 2570 2157 2616 τως
2188 2547 2647 2619 άναδεικνυμένου
2679 2545 2773 2598 τοῦ
2805 2544 2986 2612 πάσης
3014 2539 3376 2610 αἱσχρότητος
3406 2534 3507 2587 καὶ
3542 2548 3666 2584 κα-

2052 2646 2177 2709 κίας
2198 2641 2647 2713 ἀπηλλαγμένου,
2677 2636 2795 2699 πῶς
2823 2636 2924 2689 οὐκ
2954 2633 3176 2686 ὲλεεινοὶ
3197 2631 3294 2701 τῆς
3322 2625 3568 2695 ἀλογίας
3603 2622 3664 2676 οἱ

2051 2740 2114 2791 τὸ
2168 2735 2342 2789 κακὸν
2400 2734 2475 2802 μὴ
2530 2730 2761 2801 πρέπειν
2818 2726 2913 2779 ἐπὶ
2964 2725 3100 2777 θεοῦ
3155 2717 3661 2790 δογματίζοντεςς

2064 2829 2230 2884 Ἀλλὰ
2292 2825 2509 2897 μικρὸν,
2564 2824 2733 2893 φησὶ,
2786 2822 2883 2873 καὶ
2935 2814 3378 2885 εὐπερίγραπτον
3430 2810 3466 2879 ὴ
3545 2808 3664 2859 ἀν-

2054 2920 2299 2994 θρωπίνη
2339 2918 2524 2987 φύσις,
2561 2916 2788 2985 ἄπειρον
2817 2912 2874 2965 δὲ
2914 2911 2948 2982 ἡ
3007 2908 3218 2976 θεότης.
3270 2904 3386 2994 Καὶ,
3419 2897 3664 2994 πῶς-ἂν

2057 2988 2395 3085 περιελήφθη
2421 3008 2498 3081 τῷ
2532 3009 2721 3077 ἀτόμῳ
2767 3005 2829 3058 τὸ
2853 3003 3082 3073 ἄπειρον
3108 3016 3122 3066 ;
3176 2996 3285 3050 Καὶ
3336 2993 3423 3057 τίς
3475 2988 3665 3043 τοῦτό

369 3087 478 3143 duo
506 3091 831 3160 corpusculo
860 3093 1260 3149 concludatur?
1294 3095 1494 3165 Ecquis
1547 3095 1700 3162 dicit,
1757 3096 1885 3151 intln

2139 3120 2238 3167 σιν,
2299 3103 2486 3172 ὅτιτῇ
2540 3098 2858 3171 περιγραφῇ
2909 3094 3010 3164 τῆς
3071 3088 3306 3161 σαρκδς,
3366 3084 3655 3176 καθάπερ

370 3190 482 3234 tam
503 3180 807 3239 divinitatis
871 3185 980 3239 vim
1046 3201 1212 3242 carne
1257 3196 1512 3257 tanquam
1572 3204 1704 3244 vase
1763 3189 1945 3258 aliquo

368 3274 840 3347 circumscriptam
867 3276 1058 3345 fuisse,
1133 3294 1256 3334 cum
1288 3296 1358 3335 ne
1385 3282 1438 3335 in
1472 3290 1665 3336 natura
1720 3282 1940 3352 quidem

366 3376 554 3423 nostra
592 3383 748 3425 mens
782 3370 899 3441 ipsa
920 3373 1103 3427 carnis
1129 3373 1377 3427 terminis
1408 3374 1945 3431 circumscribatur?

367 3462 502 3517 Nam
558 3463 809 3534 corporis
839 3464 1014 3519 moles
1078 3466 1313 3537 propriis
1364 3468 1612 3537 partibus
1668 3470 1945 3535 delinitur,

370 3554 586 3610 animus
604 3563 787 3609 autem
814 3555 1013 3610 mentis
1044 3554 1500 3627 cogitationisque
1530 3557 1773 3613 motibus
1795 3575 1945 3614 com-

368 3662 556 3702 means
593 3663 688 3717 per
721 3661 917 3702 omnes
944 3662 1035 3704 res
1091 3658 1406 3718 procreatas
1456 3650 1720 3719 ad_cmlos
1774 3668 1948 3723 usque

368 3740 712 3805 conscendit,
741 3740 809 3795 ad
840 3739 1057 3796 intimas
1086 3742 1253 3797 maris
1272 3749 1456 3811 partes
1477 3752 1750 3813 penetrat,
1787 3744 1948 3817 longe

372 3834 588 3902 lateque
618 3848 719 3902 per
743 3840 914 3888 totum
944 3834 1134 3890 orbem
1174 3842 1456 3905 evagatur,
1481 3844 1537 3890 et
1570 3836 1638 3891 ad
1688 3852 1773 3903 ea,
1827 3854 1949 3904 quae

368 3924 471 3979 sub
501 3933 641 3979 terra
662 3933 790 3979 sunt
808 3925 1017 3979 accedit
1042 3926 1262 3981 solertia
1288 3941 1407 3991 sua,
1439 3927 1738 3997 quinetiam
1758 3945 1945 3985 eorum

372 4032 496 4081 qua
525 4033 691 4084 supra
719 4021 887 4074 cmlos
908 4027 1195 4090 geruntur,
1250 4020 1661 4093 intelligentiam
1709 4024 1951 4094 plerum-

370 4126 478 4179 que
518 4112 891 4181 consequitur,
953 4127 1053 4168 nec
1087 4113 1326 4183 pondere
1356 4115 1602 4185 corporis
1624 4116 1943 4186 impeditur.

370 4205 526 4269 Quod
552 4204 596 4259 si
622 4204 839 4259 animus
870 4206 1127 4274 hominis,
1145 4216 1355 4263 naturae
1376 4209 1705 4263 necessitate
1733 4208 1947 4277 corpori

370 4297 720 4363 coniunctus,
751 4296 951 4365 ubique
975 4306 1077 4361 est,
1107 4297 1237 4364 quid
1272 4298 1414 4367 cogit
1448 4312 1550 4351 nos
1578 4298 1783 4362 dicere,
1816 4304 1950 4365 ,car-

373 4391 459 4443 nis
487 4399 684 4443 natura
715 4389 1057 4444 divinitatem
1092 4390 1415 4460 praepediri?
1460 4406 1562 4445 cur
1603 4406 1712 4445 non
1768 4394 1949 4461 potius

371 4494 561 4535 eorum
586 4480 856 4550 exemplo.
898 4494 1019 4549 quae
1068 4480 1227 4535 nobis
1286 4495 1548 4536 concessa
1587 4490 1738 4545 sunt,
1798 4482 1941 4551 quod

284 4574 293 4583 '
371 4570 611 4624 divinam
639 4569 833 4623 deceat
867 4566 1303 4636 dispositionem,
1350 4568 1677 4638 conjicimus
1709 4578 1766 4624 et
1797 4569 1948 4639 engi-

374 4660 589 4715 tazuus?
622 4659 777 4713 Sicut
808 4659 952 4714 enim
986 4658 1039 4713 in
1060 4659 1283 4717 lucerna
1311 4661 1591 4715 materiam
1623 4662 1947 4731 circumple-

372 4767 503 4805 xum
540 4750 722 4820 ignem
783 4750 1099 4820 aspicimus,
1153 4765 1389 4821 eumque
1437 4765 1465 4805 a
1524 4752 1774 4817 materia,
1825 4768 1947 4821 quae

375 4842 553 4911 ipsum
590 4841 828 4911 attingit,
858 4842 1071 4896 ratione
1104 4842 1515 4913 distinguimus,
1574 4857 1697 4912 quae
1762 4854 1947 4898 tamen

373 4948 433 4989 re
464 4936 579 5003 ipsa
613 4934 871 5004 distingui
905 4948 1009 4988 non
1039 4943 1289 5004 possunt,
1326 4944 1386 4989 ut
1408 4933 1623 4989 ﬂamma
1674 4949 1770 5003 per
1818 4949 1878 4989 se
1914 4949 1945 4989 a

385 5026 607 5079 materia
642 5026 893 5095 sejuncta
949 5026 1291 5091 ostendatur,
1323 5026 1420 5081 sed
1482 5035 1717 5095 utraque
1775 5041 1945 5081 unum

371 5119 702 5187 est(nullus
734 5130 916 5175 autem
944 5119 997 5174 id
1036 5119 1171 5173 mihi
1217 5128 1399 5175 sumat
1441 5120 1494 5173 in
1523 5120 1629 5174 hoc
1668 5120 1943 5190 exemplo,

371 5212 516 5281 quod
550 5210 690 5282 ignis
714 5221 1118 5281 corrumpatur,
1156 5211 1253 5266 sed
1302 5210 1355 5266 id
1402 5212 1577 5266 solum
1648 5213 1944 5282 accipiens,

370 5304 514 5374 quod
538 5302 882 5359 similitudini
913 5303 1192 5368 convenit,
1226 5316 1347 5371 quae
1374 5303 1442 5357 ab
1476 5317 1540 5358 ea
1589 5314 1720 5359 sunt
1768 5305 1947 5359 aliena

371 5396 821 5468 repudiet),quid
866 5395 1142 5465 prohibet,
1191 5396 1538 5465 quineodem
1597 5397 1781 5462 modo,
1837 5412 1948 5467 quo

371 5488 939 5543 cernimusllammam
971 5489 1239 5559 attingere
1292 5489 1595 5559 subiectam
1626 5489 1936 5555 materiam,

369 5593 474 5633 nec
490 5577 546 5632 in
574 5593 638 5633 ea
680 5586 861 5631 tamen
892 5575 1116 5643 includi,
1150 5578 1262 5633 beo
1295 5577 1512 5650 dignam
1544 5577 1946 5648 ,cogitationem

371 5671 763 5740 suscipiamus,
795 5670 1197 5739 credamusque
1254 5678 1505 5725 naturam
1569 5671 1809 5726 divinam
1871 5671 1943 5726 ita

371 5762 629 5834 conjungi
682 5771 847 5835 atque
875 5779 1045 5821 unum
1105 5764 1220 5822 ﬁcri
1261 5781 1383 5821 cum
1441 5766 1679 5823 humana
1724 5773 1940 5834 natura,

2049 3174 2259 3264 ἀγγείῳ
2307 3191 2437 3256 τινὶ,
2482 3191 2516 3261 ἡ
2564 3187 2790 3260 ἀπειρία
2812 3187 2914 3256 τῆς
2952 3183 3203 3254 θεότητος
3255 3174 3663 3249 περιελήφθης

2050 3284 2185 3339 Οὐδὲ
2208 3282 2315 3352 γὰρ
2348 3281 2442 3335 ἐπὶ
2462 3280 2562 3343 τίς
2586 3276 2867 3349 ἡμετέρας
2889 3276 3037 3346 ζωῆς
3064 3272 3215 3335 ὲντδς
3240 3266 3665 3323 κατακλείεται

2048 3380 2157 3433 τῶν
2197 3377 2294 3447 τῆς
2344 3372 2548 3444 σαρκὸς
2596 3372 2739 3443 ὅρων
2783 3371 2817 3441 ή
2860 3367 3025 3440 νοερὰ
3072 3364 3257 3436 φύσις,
3300 3359 3417 3415 ἀλλ’
3462 3358 3492 3410 ὁ
3542 3356 3668 3427 μὲν

2049 3472 2214 3540 ὄγκος
2241 3468 2338 3522 τοῦ
2372 3465 2626 3538 σώματος
2652 3466 2765 3526 τοῖς
2796 3461 3021 3526 οἰκείοις
3059 3459 3249 3531 μέρεσι
3286 3453 3670 3526 περιγράφε-

2049 3580 2162 3627 ται,
2191 3563 2225 3633 ή
2251 3561 2307 3614 δὲ
2329 3557 2475 3630 ψυχὴ
2502 3559 2615 3620 τοῖς
2636 3556 2737 3625 τῆς
2761 3554 3001 3617 διανοίας
3031 3551 3298 3621 κινήμασι
3327 3545 3477 3616 πάσῃ
3510 3542 3665 3596 κατ’

2052 3654 2303 3722 ἐξουσίαν
2326 3649 2668 3722 ὲφαπλοῦται
2697 3650 2763 3719 τῇ
2800 3648 2995 3709 κτίσει,
3028 3644 3123 3697 καὶ
3154 3641 3349 3712 μέχρις
3379 3640 3439 3691 οὐ
3452 3635 3664 3707 ρανῶν

2050 3743 2296 3808 ἀνιοῦσα,
2344 3743 2437 3795 καὶ.
2481 3740 2594 3793 τῶν
2638 3737 2896 3793 ἀϐύσσων
2944 3731 3363 3790 ἐπιδατεύουσα,
3410 3727 3511 3779 καὶ¹
3566 3724 3666 3795 τῷ

2052 3837 2243 3892 πλάτει
2278 3835 2376 3906 τῆς
2400 3833 2725 3903 οίκουμένης
2754 3828 3120 3900 ἐπερχομένη,
3146 3823 3245 3880 καὶ
3277 3822 3413 3893 πρδς
3434 3819 3511 3871 τὰ
3536 3835 3666 3871 κα-

2052 3928 2316 3999 ταχθόνια
2369 3926 2461 3980 διά
2517 3926 2617 3996 τῆς
2682 3918 3221 3992 πολυπραγμοσύνης
3282 3912 3662 3968 είσδύνουσα·

2052 4018 2318 4080 πολλάκις
2364 4015 2424 4068 δὲ
2471 4015 2566 4067 καὶ
2614 4013 2723 4066 τῶν
2765 4007 3182 4081 ὕπερουρανίων
3215 4002 3522 4072 θαυμάτων
3591 4001 3666 4053 ὲν

2052 4110 2304 4181 περινοίᾳ
2334 4107 2568 4177 γίνεται,
2605 4105 2756 4159 οὐδὲν
2794 4102 3135 4174 βαρυνομένη
3163 4096 3243 4167 τῷ
3270 4093 3512 4164 ὲφολκίῳ
3546 4091 3666 4144 τοῦ

2053 4203 2128 4256 σώ
2138 4218 2326 4271 ματος.
2353 4201 2416 4254 Et
2444 4200 2501 4253 δὲ
2518 4197 2811 4269 ἀνθρώπου
2832 4194 2979 4265 ψυχὴ
3004 4192 3145 4247 κατά
3171 4190 3270 4255 τὴν
3290 4189 3384 4258 τῆς
3416 4183 3672 4254 φύσεως

2054 4294 2305 4364 ἀνάγκην
2345 4288 2771 4361 συγκεκραμένη
2808 4286 2887 4357 τῷ
2923 4284 3140 4355 σώματι
3192 4275 3472 4348 πανταχοῦ
3520 4276 3671 4329 κατ’

2055 4385 2307 4450 ἐξουσίαν
2341 4383 2589 4454 γίνεται,
2629 4380 2717 4444 τίς
2752 4379 2969 4448 ἀνάγκη
3007 4379 3071 4447 τῇ
3112 4373 3272 4445 φύσει
3298 4372 3397 4443 τῆς
3431 4371 3675 4440 σαρκδς

2053 4478 2154 4548 τὴν
2183 4477 2412 4547 θεότητα
2439 4475 2618 4544 λέγειν
2640 4467 3152 4542 ὲμπεριείργεσθαι,
3179 4466 3276 4519 καὶ
3311 4464 3385 4535 μὴ
3412 4461 3507 4515 διὰ
3539 4462 3676 4517 τῶν

2054 4569 2319 4643 χωρητῶν
2361 4569 2492 4640 ἡμῖν
2526 4564 2940 4637 ὑποδειγμάτων
2988 4560 3296 4631 στοχασμὸν
3328 4574 3454 4612 τινα
3504 4560 3676 4629 πρέ-

2055 4679 2229 4716 ποντα
2273 4662 2401 4730 περὶ
2438 4659 2537 4728 τῆς
2569 4658 2721 4720 θείας
2766 4655 3082 4726 οἰκονομίας
3124 4651 3349 4715 λαόεἶνς
3395 4650 3490 4713 Ὠς
3538 4652 3677 4723 γὰρ

2053 4755 2116 4809 τὸ
2160 4752 2277 4823 πῦρ
2307 4752 2403 4806 ἐπὶ
2433 4751 2534 4821 τῆς
2563 4750 2848 4821 λαμπάδος
2878 4749 3071 4818 ὁρᾶται
3111 4746 3212 4816 τῆς
3264 4744 3677 4814 ὑποκειμένης

2054 4845 2553 4921 περιδεδραγμένον
2580 4845 2736 4915 ὕλης,
2762 4844 2859 4898 καὶ
2884 4843 3042 4911 λόγος
3071 4840 3168 4912 μὲν
3193 4839 3464 4909 διακρίνει
3490 4839 3567 4890 τό
3601 4855 3677 4893 τε

2055 4941 2151 4995 ἐπὶ
2180 4942 2278 5011 τῆς
2308 4938 2441 5009 ὕλης
2473 4938 2605 5009 πῦρ,
2637 4939 2735 4993 καὶ
2760 4937 2859 5008 τὴν
2878 4935 2939 4990 τὸ
2966 4933 3077 5004 πῦρ
3109 4933 3451 5000 ἐξάπτουσαν
3481 4930 3673 5002 ὕλην,

2055 5033 2205 5105 ἔργῳ
2250 5030 2307 5085 δὲ
2345 5031 2447 5084 οὐκ
2480 5029 2630 5083 ἔστιν
2665 5028 2764 5083 ἀπ’
2811 5025 3059 5097 ἀλλήλων
3096 5023 3271 5079 ταῦτα
3304 5022 3675 5089 διατεμόντα

2056 5125 2141 5193 ἐφ’
2169 5122 2372 5193 ἑαυτῆς
2395 5120 2567 5188 δεῖξαι
2596 5119 2694 5191 τὴν
2720 5118 2894 5190 φλόγα
2927 5116 3323 5186 διεζευγμένην
3348 5114 3451 5184 τῆς
3482 5113 3673 5183 ὕλης,

2055 5212 2175 5269 ἀλλ’
2210 5211 2271 5266 ἓν
2301 5210 2372 5264 τὰ
2401 5207 2791 5280 συναμφότερα
2821 5205 3034 5276 γίνεται
3062 5205 3082 5277 (
3100 5206 3194 5259 καί
3230 5221 3321 5273 μοι
3359 5202 3679 5273 μηδε¹ις¹τὺ

2058 5302 2358 5373 φθαρτικὸν
2398 5299 2494 5354 τοῦ
2529 5299 2702 5370 πυρὸς
2747 5294 3349 5369 συμπαραλαμϐανέτω
3376 5292 3459 5363 τῷ
3509 5294 3676 5350 ὕπο-

2055 5395 2331 5465 δείγματι,
2356 5393 2472 5448 ἀλλ’
2491 5394 2615 5448 ὅσον
2643 5391 2922 5461 εὐπρεπές
2944 5391 3063 5443 ἐστι
3090 5389 3253 5461 μόνον
3282 5388 3341 5441 ὲν
3363 5388 3432 5456 τῇ
3466 5387 3675 5443 εἰκόνι

2055 5474 2371 5554 δεξάμενος,
2402 5483 2464 5537 τὺ
2496 5482 2845 5552 ἀπεμφαῖνον
2877 5476 3250 5533 ἀποποιείσθω
3275 5475 3314 5546 ·)
3345 5476 3441 5530 τὸν
3476 5477 3676 5532 αὐτὸν

2054 5578 2289 5651 τρόπον,
2321 5578 2396 5638 ὡς
2422 5575 2644 5647 ὁρῶμεν
2672 5573 2767 5627 καὶ
2797 5572 3119 5643 ἐξημμένην
3145 5568 3240 5624 τοῦ
3269 5569 3677 5639 ὑποκειμένου

2057 5673 2155 5742 τὴν
2184 5670 2380 5741 φλόγα,
2416 5670 2509 5723 καὶ
2539 5668 2639 5721 οὐκ
2666 5666 3161 5736 ὲναποκλειομένην
3187 5666 3255 5735 τῇ
3287 5662 3409 5735 ὕλῃ,
3443 5662 3502 5714 τί
3538 5674 3677 5719 κως-

2054 5764 2191 5833 λύει,
2214 5766 2314 5836 τῆς
2338 5763 2487 5828 θείας
2513 5763 2725 5835 φύσεως
2746 5760 2939 5819 ἕνωσίν
2961 5776 3083 5816 τινα
3106 5759 3201 5815 καὶ
3225 5762 3673 5830 προσεγγισμὸν
