3954 6552
248 352 364 415 217

1206 355 1587 420 PANOPLIA
1630 363 2096 429 DUGMATICA.
2135 391 2204 404 —
2235 367 2387 428 TIT.
2420 368 2555 432 νη.

3405 372 3511 435 9.18

247 462 703 532 κατανοήσαντας
739 460 876 531 πρὸς
909 460 970 515 τὸ
1002 461 1345 532 ἀνθρώπινον
1366 509 1379 528 ,
1412 469 1511 537 τὴν
1546 467 1824 539 θεοπρεπῆ

1953 480 1992 526 ιι
2018 472 2073 526 ἰη
2101 472 2213 543 ipsa
2250 475 2644 544 conjunctione
2675 485 2838 546 atque
2872 476 3103 543 unitate,
3143 478 3393 548 quamvis
3457 483 3511 534 in

246 556 495 608 διάνοιαν
526 556 621 607 καὶ
652 556 709 607 ἐν
739 554 818 624 τῷ
850 555 1247 626 προσεγγισμῷ
1282 556 1655 612 διασώσασθαι
1678 600 1694 625 ,
1727 560 1831 614 πά-

246 663 355 715 σης
398 644 741 716 περιγραφῆς
783 644 941 707 ἐκτὸς
982 639 1123 699 εἶναι
1168 647 1228 700 τὸ
1256 649 1410 701 Θεῖον
1451 650 1827 716 πιστεύοντας,

245 734 357 787 κᾶν
387 736 441 786 ὲν
470 733 744 804 ἀνθρώπῳ
771 729 844 805 ᾖ;
889 734 948 785 El
972 734 1030 787 δὲ
1077 735 1261 803 ζητεῖς
1287 738 1401 801 πῶς
1434 743 1831 812 κατακιρνᾶται

246 826 443 891 θεότης
471 827 607 897 πρὸς
640 827 701 880 τὸ
730 828 1092 899 ἀνθρώπινον,
1121 828 1238 897 ὥρα
1273 847 1355 882 σοι
1390 833 1493 899 πρὸ
1522 833 1711 887 τούτου
1739 835 1834 905 ζη-

228 904 398 993 ίτεῖν,
430 917 513 979 τίς
548 919 686 988 πρδς
713 918 812 988 τὴν
840 919 1019 989 σάρκα
1052 921 1152 988 τῆς
1186 922 1365 991 ψυχῆς
1391 924 1425 994 ἡ
1461 928 1727 994 σύμφυτα.
1770 904 1832 983 Et

235 1010 304 1079 ¹δὲ
336 1012 438 1080 τῆς
468 1011 568 1079 σῆς
601 1012 876 1079 ἀγνοεῖται
911 1013 1089 1084 ψυχῆς
1118 1016 1148 1068 ό
1180 1016 1398 1087 τρόπος,
1435 1018 1557 1071 καθ’
1587 1019 1646 1073 ὃν
1678 1021 1831 1076 ἑνοῦ-

235 1090 340 1155 ’ται
382 1102 460 1173 τῷ
492 1103 745 1173 σώματι,
785 1105 918 1176 μηδὲ
952 1106 1130 1160 ἐκεῖνο
1158 1108 1375 1172 πάντως
1404 1109 1515 1163 οίου
1546 1112 1656 1165 δεῖν
1682 1113 1835 1177 ἐντὸς

246 1194 507 1261 γενέσθαι
533 1197 630 1266 τῆς
663 1198 763 1265 σῆς
787 1198 1165 1276 καταλήψεως.
1206 1202 1349 1255 Ἀλλ’
1388 1203 1577 1274 ὥσπερ
1603 1206 1836 1260 ἐνταῦθα

248 1289 349 1338 καὶ
376 1285 572 1356 ἕτερον
599 1283 738 1341 εἷναί
770 1306 825 1341 τι
851 1292 1006 1359 παρά
1038 1291 1098 1343 τὸ
1139 1292 1299 1362 σῶμα
1336 1294 1435 1366 τὴν
1463 1294 1642 1366 ψυχὴν
1673 1314 1836 1350 nemo

251 1376 585 1445 στεύκαμεν,
612 1380 675 1431 ἐκ
699 1379 795 1432 τοῦ
828 1383 1165 1449 μονωθεῖσαν
1193 1385 1292 1453 τῆς
1315 1385 1493 1456 ψυχῆς
1521 1386 1620 1459 τὴν
1653 1388 1834 1460 σάρκα

231 1470 455 1555 ίνεκράν
501 1487 562 1523 τε
604 1472 699 1523 καὶ
749 1471 1113 1543 ἀνενέργητον
1153 1476 1422 1544 γίνεσθαι,
1472 1479 1564 1532 καὶ
1612 1481 1705 1535 τὸν
1735 1484 1838 1552 τῆς

232 1560 505 1625 ’ἑνώσεως
560 1562 661 1615 οὐκ
707 1562 1145 1633 ἔπιγινώσκομεν
1193 1568 1432 1638 τρόπον’
1484 1570 1625 1624 οὕτω
1675 1575 1840 1626 κάκεῖ

237 1653 537 1723 ,διαφέρειν
568 1654 669 1724 μὲν
701 1655 793 1708 ἐπὶ
822 1655 883 1708 τὸ
933 1658 1515 1732 μεγαλοπρεπέστερον
1556 1663 1839 1734 τὴνθθείαν

238 1734 424 1829 ξφύσιν
466 1746 604 1815 πρὸς
634 1747 732 1817 τὴν
763 1747 961 1819 θνητὴν
996 1751 1092 1803 καὶ⁸
1124 1752 1386 1823 ἐπίκηρον
1419 1756 1795 1827 ὁμολογοῦμεν
1818 1798 1833 1823 ,

238 1838 347 1913 ,τὸν
373 1839 432 1890 δὲ
460 1840 559 1909 τῆς
597 1840 953 1911 ἀνακράσεως
984 1844 1186 1914 τρόπον
1231 1847 1329 1900 τοῦ
1364 1849 1523 1903 Θείου
1567 1851 1704 1920 πρὸς
1745 1852 1838 1905 τὸν

232 1930 548 2011 ,ἄνθρωπον
582 1934 811 1987 συνιδεῖν
851 1937 910 1988 ού
965 1936 1271 2007 χωροῦμεν.
1323 1939 1483 1993 Ἀλλά
1512 1942 1572 1994 τὸ
1609 1942 1708 2009 μὲν
1747 1959 1840 2012 γε·-

238 2020 523 2119 Ιγεμνῆσθαι
556 2022 687 2074 Θεὸν
721 2025 777 2076 ἐν
812 2023 1102 2094 ἀνθρώπου
1142 2028 1301 2095 φύσει
1328 2031 1416 2083 διὰ
1445 2031 1555 2085 τῶν
1588 2032 1835 2101 ἱστορου-

260 2114 447 2183 μένων
484 2113 781 2185 θαυμάτων
813 2120 915 2173 οὐκ
947 2121 1377 2192 ἀμφιϐάλλομεν,
1418 2124 1478 2176 τὸ
1508 2124 1553 2177 δ’
1583 2126 1728 2188 ὅπως
1762 2127 1838 2188 ὡς

262 2208 454 2275 μεῖζον
480 2206 512 2275 ἦ
544 2208 687 2262 κατὰ
714 2210 989 2280 λογισμῶν
1019 2212 1205 2280 ἔφοδον
1231 2215 1511 2287 διερευνᾷν
1541 2216 1841 2287 παραιτού-

228 2376 229 2379 η
261 2297 432 2366 μεθα.
465 2300 599 2353 Οὐδὲ
624 2300 735 2371 γὰρ
759 2303 940 2357 πᾶσαν
962 2304 1062 2375 τὴν
1094 2308 1412 2376 σωματικήν
1441 2325 1498 2360 τε
1528 2309 1621 2361 καὶ
1642 2307 1839 2379 νοητὴν

260 2388 448 2441 κτίσιν
479 2388 630 2456 παρά
660 2390 759 2460 τῆς
790 2392 1080 2461 ἀσωμάτου
1116 2410 1176 2445 τε
1216 2397 1310 2447 καὶ
1339 2393 1593 2447 ἀκτίστου
1623 2394 1840 2462 φύσεως

261 2479 573 2547 ὑποστῆναι
606 2482 980 2548 πιστεύοντες,
1018 2484 1079 2537 τὸ
1109 2484 1273 2537 πόθεν
1307 2485 1340 2553 ἢ
1377 2485 1437 2538 τὸ
1464 2485 1583 2548 πῶς
1612 2488 1676 2554 τῇ
1711 2486 1841 2555 περὶ

259 2571 472 2625 τούτων
505 2571 684 2626 πίστει
716 2573 1158 2643 συνεξετάζομεν.
1201 2576 1360 2629 Ἀλλά
1393 2576 1455 2629 τὺ
1509 2577 1840 2646 γεγενῆσθαι

263 2663 707 2732 παραδεχόμενοι
727 2705 743 2728 ,
778 2666 1343 2738 ἀπολυπραγμόνητον
1377 2669 1470 2722 τὸν
1508 2669 1711 2740 τρόπον
1742 2670 1844 2737 τῆς

261 2750 355 2802 τοῦ
412 2752 619 2816 παντὸς
662 2753 971 2818 συστάσεως
1014 2757 1435 2826 καταλείπομεν,
1483 2757 1555 2819 ώς
1606 2757 1845 2827 ἀρῤητον

264 2844 617 2898 παντάπασιν
647 2844 779 2898 ὄντα
809 2846 904 2899 κα)⁸
939 2848 1367 2919 ἀνερμήνευτον.
1399 2847 1505 2902 Τοῦ
1532 2849 1589 2902 δὲ
1623 2849 1755 2902 Θεὸν
1784 2850 1843 2902 ὲν

265 2936 435 3006 σαρκὶ
467 2936 850 3009 φανερωθῆναι
885 2940 1017 3009 ἡμῖν
1050 2941 1079 2994 ό
1107 2940 1205 3004 τὰς
1232 2939 1535 3005 ἀποδείξεις
1570 2937 1844 3006 ἐπιζητῶν

266 3029 405 3097 πρὸς
435 3030 535 3092 τὰς
564 3032 842 3101 ἐνεργείας
868 3032 1131 3102 βλεπέτω.
1161 3034 1271 3086 Καὶ
1294 3034 1403 3103 γάρ
1431 3033 1522 3086 τοῦ
1545 3033 1679 3095 ὅλως
1704 3028 1844 3086 εἶναι

1936 565 2160 620 homine
2189 566 2330 621 Deus
2349 567 2438 630 sit,
2466 567 2613 621 nulla
2631 577 2813 623 tamen
2836 569 3348 641 circumscriptione
3383 587 3517 625 con-

1935 655 2234 709 cludatur?
2271 655 2428 720 Quod
2462 655 2507 709 si
2531 657 2754 726 quaeris,
2777 658 3052 727 quomodo
3084 658 3229 713 Deus
3252 676 3376 715 cum
3414 662 3516 715 ho-

1934 748 2083 802 mine
2106 748 2428 802 commistus
2485 747 2578 811 sit,
2633 748 2787 818 prius
2827 750 3114 805 considera
3172 752 3518 821 conjunctio‘

1934 854 2060 893 nem
2096 839 2421 916 animicum
2447 854 2611 895 carne
2643 848 2755 907 tua,
2777 842 2867 910 qui
2919 842 3140 911 quidem
3193 845 3432 908 animus,
3471 844 3517 898 si

1935 930 2239 1002 intelligere
2266 948 2372 987 non
2397 942 2573 1002 potes,
2611 947 2715 1003 qua
2747 934 2957 988 ratione
2987 949 3112 990 cum
3142 950 3371 1004 corpore
3423 952 3520 990 co-

1936 1022 2177 1092 puletur,
2206 1023 2379 1077 multo
2408 1023 2592 1078 minus
2625 1025 2881 1079 existima
2935 1036 2986 1080 te
3048 1041 3211 1095 posse
3271 1027 3517 1097 assequi,

1935 1129 2045 1184 quo
2074 1124 2236 1185 pacto
2271 1116 2410 1170 Deus
2442 1131 2565 1170 cum
2600 1116 2821 1170 homine
2842 1117 3230 1189 conjungatur.
3293 1117 3517 1185 Verum,

1937 1206 2397 1274 quemadmodum
2427 1206 2481 1260 in
2503 1216 2556 1261 te
2589 1206 2769 1262 credis
2802 1208 2949 1260 aliud
2969 1207 3224 1276 quiddam
3249 1221 3371 1262 esse
3399 1208 3521 1260 ani-

1939 1313 2110 1361 mum,
2134 1312 2295 1367 quam
2322 1313 2526 1368 corpus
2553 1298 2646 1366 sit,
2670 1299 2934 1368 quoniam
2967 1313 3166 1369 corpus
3199 1299 3269 1353 ab
3330 1299 3518 1353 animo

1939 1392 2244 1458 desertum,
2283 1392 2516 1447 cadaver
2541 1392 2745 1457 evadit,
2774 1400 2939 1463 atque
2986 1394 3135 1448 iners
3192 1393 3290 1457 ﬁt,
3345 1402 3402 1447 et
3453 1393 3521 1447 ad

1940 1480 2211 1551 agendum
2237 1480 2449 1545 inutile,
2470 1481 3025 1552 licetconjunctionis
3050 1483 3320 1536 rationem
3358 1484 3518 1553 igno-

1940 1589 2057 1639 res;
2083 1572 2163 1628 sic
2184 1574 2350 1629 etiam
2372 1573 2428 1626 in
2447 1572 2537 1627 Dei
2564 1588 2689 1627 cum
2708 1573 2927 1628 homine
2949 1574 3338 1645 conjunctione
3393 1589 3525 1628 con-

1941 1665 2157 1720 ﬁtentur
2184 1664 2424 1719 divinam
2455 1673 2711 1719 naturam
2737 1665 2958 1720 caduca:
2987 1665 3319 1735 mortalique
3344 1664 3525 1718 modis

1938 1756 2195 1811 omnibus
2260 1756 2522 1828 dignitate
2579 1764 2862 1825 praestare,
2901 1770 3007 1825 qua
3075 1755 3289 1810 ratione
3337 1765 3525 1808 autem

1940 1848 2347 1919 elﬁciaturipsa
2383 1848 2705 1918 conjunctio
2736 1862 2843 1902 non
2872 1863 3168 1917 possumus
3196 1846 3521 1917 intelligere.

1940 1938 2097 2005 Quod
2132 1938 2274 1991 Deus
2304 1937 2359 1990 in
2391 1936 2627 1991 hominis
2661 1946 2853 1992 natura
2890 1939 3106 2007 genitus
3130 1939 3221 2001 sit,
3247 1952 3314 1990 ex
3351 1937 3518 1991 rebus

1941 2030 2303 2094 admirandis,
2335 2045 2456 2100 quae
2486 2030 2615 2085 visae
2647 2030 2968 2099 scriptaeque
3000 2035 3149 2092 sunt,
3202 2042 3311 2081 non
3347 2027 3523 2080 ambi-

1940 2123 2137 2195 gimus,
2165 2122 2432 2177 rationem
2489 2133 2670 2176 autem
2709 2136 2773 2177 ac
2829 2120 3074 2186 modum,
3121 2128 3181 2174 ut
3238 2119 3525 2188 majorem,

1940 2230 2107 2286 quam
2134 2231 2166 2271 a
2197 2214 2355 2270 nobis
2389 2215 2597 2285 percipi
2628 2215 2820 2285 possit,
2874 2214 3177 2269 omittimus
3244 2212 3526 2282 indagare.

1940 2308 2127 2378 Neque
2146 2310 2315 2375 enim,
2332 2323 2458 2363 cum
2481 2324 2569 2363 res
2586 2323 2776 2363 omnes
2800 2321 3111 2377 corporeas,
3131 2313 3319 2374 etquae
3341 2311 3527 2356 mente

1942 2400 2114 2454 solum
2173 2398 2556 2469 percipiuntur
2585 2413 2614 2451 a
2662 2407 2854 2452 natura
2911 2396 3252 2463 incorporea,
3299 2403 3353 2446 et
3406 2407 3528 2459 qua:

1941 2499 2125 2546 creata
2156 2506 2265 2545 non
2316 2498 2421 2553 est,
2474 2498 2792 2560 procreatas
2849 2502 2972 2541 esse
3021 2485 3316 2547 credimus,
3383 2481 3531 2535 unde

1941 2590 2036 2636 aut
2064 2580 2337 2651 quomodo
2368 2580 2522 2634 facta:
2567 2578 2701 2640 sint,
2757 2577 3184 2645 investigamus;
3243 2572 3336 2627 sed
3397 2586 3527 2625 cum

1945 2674 2210 2727 mundum
2242 2672 2411 2725 fuisse
2467 2670 2749 2725 conditum
2789 2667 3182 2736 acceperimus,
3237 2662 3529 2725 rationem,

1944 2779 2047 2832 qua
2073 2763 2324 2817 conditus
2351 2761 2518 2815 fuerit
2547 2761 2763 2815 curiose
2795 2774 2902 2812 non
2923 2757 3287 2825 exquirimus,
3319 2752 3527 2823 quippe

1945 2855 2035 2925 qui
2069 2855 2228 2924 plane
2261 2854 2520 2917 sciamus,
2554 2867 2675 2906 eam
2715 2850 2863 2904 nullo
2895 2848 3059 2901 modo
3125 2860 3286 2915 posse
3320 2842 3531 2913 percipi

1946 2955 2040 3001 aut
2067 2945 2345 3013 explicari.
2379 2942 2534 3009 Quod
2564 2953 2746 2997 autem
2788 2941 2931 2994 Deus
2954 2940 3007 2992 in
3035 2952 3202 2992 carne
3235 2935 3394 2990 nobis
3424 2950 3523 3003 ap-

1944 3038 2211 3111 paruerit,
2241 3036 2286 3091 si
2326 3036 2451 3106 quis
2473 3031 2976 3090 demonstrationes
3036 3027 3288 3097 inquirit,
3338 3026 3384 3080 is
3412 3026 3535 3092 ejus

266 3120 404 3171 Θεδν
446 3122 547 3173 οὐκ
577 3122 645 3175 ἀν
674 3139 761 3186 τις
795 3122 985 3194 ἑτέραν
1014 3123 1291 3187 ἀπόδειξιν
1338 3123 1451 3193 ἔχοι
1484 3122 1624 3193 πλὴν
1651 3123 1751 3191 τῆς
1777 3124 1844 3178 δι’

1953 3147 2118 3202 opera
2142 3130 2461 3200 conspiciat.
2485 3128 2622 3180 Nam
2651 3135 2706 3180 et
2730 3124 2875 3194 quod
2905 3123 3046 3176 Deus
3075 3122 3193 3190 ipse
3245 3121 3337 3180 sit,
3384 3117 3537 3171 nullo

267 3214 458 3267 αὐτῶν
489 3214 595 3270 τῶν
630 3215 923 3285 ἐνεργειῶν
956 3214 1286 3286 μαρτυρίας.
1316 3216 1526 3286 Ὥσπερ
1556 3216 1735 3269 τοίνυν
1769 3219 1850 3279 είς

268 3308 327 3358 ab
360 3309 478 3361 πᾶν
508 3306 838 3376 ἀφορῶντες,
866 3308 963 3363 καὶ
997 3309 1096 3372 τὰς
1124 3309 1266 3363 κατά
1295 3308 1386 3362 τὸν
1421 3309 1625 3378 κόσμον
1649 3310 1857 3362 οἰκονο-

277 3399 407 3467 μίας
440 3401 896 3465 ὲπισκοποῦντες,
927 3401 1025 3455 καὶ⁸
1054 3402 1155 3465 τάς
1189 3401 1512 3471 εὐεργεσίας
1540 3402 1637 3461 τὰς
1670 3400 1853 3453 θεόθεν

272 3492 415 3544 κτιτά
450 3491 548 3562 τὴν
574 3491 719 3563 ζωὴν
740 3492 898 3563 ήμῶν
919 3492 1319 3563 ὲνεργουμένας
1347 3491 1705 3562 ὑπερκεῖσθαι
1730 3510 1855 3548 τινα

272 3583 505 3651 δύναμιν
530 3584 817 3654 ποιητικὴν
844 3586 951 3638 τῶν
976 3585 1299 3654 γινομένων,
1329 3585 1425 3637 καὶ
1452 3586 1854 3656 συντηρητικὴν

274 3676 382 3727 τῶν
425 3676 597 3729 ὄντων
629 3678 1144 3747 καταλαμϐάνομεν
1187 3677 1329 3731 οὕτω
1375 3679 1470 3731 καὶ
1506 3678 1599 3731 ἐπὶ
1637 3678 1729 3731 τοῦ
1769 3677 1856 3731 διὰ

277 3767 482 3836 σαρκὸς
501 3769 631 3838 ἡμῖν
658 3768 1064 3837 φανερωθέντος
1088 3767 1222 3821 Θεοῦ
1250 3768 1439 3839 ἱκανὴν
1460 3768 1735 3836 ἀπόδειξιν
1758 3769 1857 3839 τῆς

275 3858 604 3927 ἐπιφανείας
629 3858 728 3925 τῆς
759 3859 1010 3929 θεότητος
1031 3859 1102 3913 τὰ
1122 3859 1265 3913 κατὰ
1292 3860 1393 3924 τὰς
1420 3860 1698 3929 ἐνεργείας
1725 3859 1857 3914 θαύ-

280 3965 434 4018 ματα
470 3950 818 4021 πεποιήμεθα
853 3952 1036 4007 πάντα
1078 3953 1190 4014 τοῖς
1233 3952 1598 4025 ίστορηθεῖσιν
1649 3953 1855 4024 ἔργοις,

276 4039 343 4092 δι’
378 4036 460 4093 ὧν
488 4043 521 4110 ἡ
547 4042 667 4095 θεία
704 4042 1165 4114 χαρακτηρίζεται
1196 4044 1355 4113 φύσις
1396 4045 1855 4117 κατανοήσαντες.

281 4132 421 4184 Θεοῦ
453 4132 512 4183 τὸ
545 4132 830 4195 ζωοποειῖν
860 4134 984 4195 τοὺς
1008 4133 1327 4205 ἀνθρώπους
1355 4150 1370 4167 ·
1405 4135 1539 4188 Θεοῦ
1569 4140 1628 4189 τὸ
1660 4153 1860 4207 συντη-

287 4228 404 4295 ρεῖν
445 4224 531 4278 διὰ
553 4226 811 4295 προνοίας
844 4225 913 4279 τά
946 4225 1077 4278 ὄντα
1102 4243 1117 4258 ·
1150 4226 1285 4281 Θεοῦ
1310 4227 1374 4280 τὸ
1403 4227 1607 4299 βρῶσιν
1637 4229 1733 4282 καὶ
1760 4228 1861 4281 πό-

287 4337 371 4372 σιν
408 4321 523 4381 τοῖς
557 4319 645 4372 διὰ
689 4319 889 4389 σαρκὸς
926 4318 1024 4389 τὴν
1058 4319 1203 4391 ζωὴν
1244 4322 1861 4393 εἰληχόσιχαρίζεσθαιο

285 4411 423 4464 Θεοῦ
462 4411 523 4463 τὸ
552 4412 862 4482 εὐεργετεῖν
892 4412 985 4466 τὸν
1010 4412 1284 4484 δεόμενον·
1313 4414 1448 4466 Θεοῦ
1484 4414 1545 4467 τὸ
1574 4431 1864 4486 παρατρα-

288 4508 486 4557 πεῖσαν
518 4504 576 4570 ἐξ
603 4504 886 4568 ἀσθενείας
913 4506 1013 4575 τὴν
1043 4506 1207 4575 φύσιν
1236 4507 1397 4561 πάλιν
1418 4507 1491 4559 δι’
1509 4507 1696 4575 ὑγείας
1725 4508 1862 4579 πρὸς

287 4594 492 4665 ιαυτὴν
522 4594 848 4662 ἐπανάγεινθ
876 4595 1011 4649 Θεοῦ
1040 4599 1100 4649 τὸ
1134 4597 1317 4667 πάσης
1347 4598 1661 4649 ἐπιστατεῖν
1683 4598 1869 4668 ὁμοιο-

286 4689 506 4758 τρόπως
557 4690 657 4759 τῆς
715 4688 968 4756 κτίσεως,
1018 4689 1144 4760 γῆς,
1200 4689 1497 4759 θαλάσσης,
1544 4688 1724 4759 ἀέρος,
1773 4689 1870 4742 καὶ

286 4783 397 4836 τῶν
443 4783 583 4854 ὑπὲρ
625 4784 717 4836 τὸν
768 4783 907 4853 ἀέρα
950 4782 1135 4835 τόπων
1171 4795 1187 4812 ⁸
1244 4781 1380 4835 Θεοῦ
1419 4781 1483 4833 τὸ
1527 4781 1662 4851 πρὸς
1691 4780 1873 4834 πάντα

290 4877 490 4948 διαρκῆ
534 4877 633 4946 τὴν
671 4877 902 4947 δύναμιν
956 4876 1121 4945 ἐχειν,
1164 4875 1258 4929 καὶ
1293 4878 1401 4946 πρό
1442 4892 1508 4943 γε
1547 4873 1766 4929 πάντων
1810 4872 1873 4925 τὸ

295 4966 525 5020 θανάτου
577 4966 673 5020 καὶ
716 4966 923 5037 φθορᾶς
970 4960 1111 5019 εἶναι
1158 4964 1464 5034 κρείττονα.
1514 4964 1578 5017 Ei
1628 4963 1728 5033 μὲν
1780 4960 1874 5015 οῦν

293 5075 438 5122 τινος
468 5059 674 5111 τούτων
716 5058 950 5111 καὶτῶν
988 5056 1244 5110 τοιούτων
1297 5054 1525 5126 ἐλλιπὴς
1571 5050 1641 5126 ἦν
1667 5057 1701 5124 ἡ
1741 5051 1873 5124 περὶ

295 5148 456 5203 αὑτὸν
485 5149 716 5219 ἱστορία,
745 5148 970 5213 εἰκότως
988 5149 1047 5201 τὸ
1067 5149 1362 5220 μυστήριον
1387 5146 1548 5219 ἡμῶν
1567 5147 1617 5199 oi
1642 5146 1745 5210 ἔξω
1770 5145 1872 5215 τῆς

299 5242 533 5305 πίστεως
574 5241 1030 5312 παρεγράφοντοο
1078 5242 1128 5294 εί
1173 5240 1235 5293 δὲ
1267 5241 1335 5293 δι’
1363 5234 1438 5294 ὧν
1474 5240 1677 5293 νοεῖται
1717 5236 1871 5301 Θεὸς,

301 5334 477 5386 πάντα
518 5333 574 5383 ὲν
606 5331 716 5393 τοῖς
755 5333 883 5402 περὶ
913 5330 1078 5385 αὐτοῦ
1117 5330 1420 5401 διηγήμααι
1454 5330 1779 5399 καθορᾶται,
1817 5326 1872 5381 τί

300 5424 361 5475 τὸ
388 5422 683 5495 ἐμποδίζον
704 5426 771 5495 τῇ
799 5424 980 5477 πίστει
999 5423 1230 5491 ranas,
1255 5423 1406 5494 (pust,
1428 5422 1758 5493 γέννησίςῖτε
1783 5420 1876 5475 καὶ

303 5512 529 5578 θάνατος
548 5514 678 5567 [διον
702 5516 802 5585 τῆς
827 5515 1097 5585 ωρκικῆς
1120 5514 1235 5567 ἐστι
1265 5515 1496 5583 φύσεως.
1515 5513 1661 5582 Φημὶ
1690 5512 1871 5579 κάγώ’

303 5605 443 5660 ἀλλά
467 5607 528 5660 τὸ
555 5608 693 5678 πρὲς
721 5608 820 5677 τῆς
846 5608 1111 5676 γενέσεως
1140 5611 1233 5662 καὶ
1269 5607 1331 5661 τὸ
1365 5608 1511 5677 μετὰ
1531 5607 1622 5660 τὸν
1648 5605 1879 5660 θάνατον

303 5700 405 5768 τὴν
430 5702 530 5771 τῆς
563 5699 780 5768 φύσεως
809 5699 967 5770 ἡμῶν
1006 5700 1264 5768 ἐκφεύγει
1294 5699 1603 5767 κοινότητα.
1640 5697 1735 5760 Ei;
1766 5696 1875 5767 γὰρ

307 5793 540 5862 ἑκάτερα
564 5792 661 5862 τῆς
690 5792 1035 5863 ἀνθρωπίνης
1062 5792 1204 5863 ζωῆς
1235 5793 1301 5845 τὰ
1321 5791 1531 5862 πέρατα
1560 5790 1870 5859 βλέποντες,

1954 3225 2062 3280 alio
2090 3222 2192 3278 nisi
2230 3236 2456 3292 operum
2512 3218 2684 3288 ipsius
2741 3214 3060 3269 testimonio
3123 3210 3535 3280 comprobatur.

1957 3317 2027 3372 Ut
2067 3314 2237 3383 igitur
2272 3326 2454 3366 rerum
2488 3306 2910 3365 universitatem
2963 3303 3267 3365 intuentes,
3320 3313 3538 3353 earum-

1953 3421 2062 3476 que
2118 3401 2549 3459 moderationem
2599 3408 2655 3452 et
2717 3396 2991 3459 ordinem,
3062 3393 3296 3460 vitzeqne
3342 3397 3540 3442 nostrae

1955 3494 2242 3552 commoda
2268 3491 2531 3547 divinitus
2567 3490 2691 3544 data
2720 3488 3162 3546 considerantes,
3188 3481 3298 3535 vim
3346 3494 3540 3549 qnam-

1956 3590 2080 3645 dam
2107 3585 2293 3641 mundi
2316 3582 2649 3639 eﬂectricem
2709 3577 3283 3644 conservatricemque
3307 3586 3542 3642 cognos-

1957 3681 2157 3742 cimus,
2187 3678 2347 3732 sicin
2378 3675 2489 3729 Deo
2521 3674 2681 3729 nobis
2714 3687 2813 3740 per
2865 3684 3085 3725 carnem
3130 3667 3398 3737 patefacto
3441 3664 3543 3717 ad-

1960 3771 2211 3828 miranda
2247 3769 2394 3823 illius
2422 3781 2589 3837 opera
2613 3764 2810 3820 similia
2830 3762 2929 3827 iis,
2956 3775 3079 3830 quae
3130 3759 3332 3828 scripta
3388 3764 3551 3821 sunt,

1957 3865 2181 3936 quibus,
2243 3870 2499 3930 tanquam
2543 3858 2689 3913 notis
2739 3861 2938 3909 natura
2980 3850 3164 3907 divina
3212 3849 3554 3911 declaratur,

1960 3957 2207 4028 locuples
2253 3953 2413 4009 nobis
2459 3948 2769 4005 divinitatis
2821 3946 2944 4015 ejus
2976 3942 3355 4000 testimonium
3406 3941 3555 3995 alie-

1960 4061 2114 4106 runt.
2142 4047 2237 4101 Dei
2284 4057 2523 4112 namque
2568 4056 2691 4096 esse
2743 4038 3149 4110 cognoscimus,
3220 4033 3555 4089 hominibus

1960 4143 2127 4197 vitam
2190 4140 2432 4197 tribuere
2464 4153 2481 4202 ;
2514 4134 2633 4198 Dei,
2672 4147 2760 4198 ea,
2818 4144 2940 4201 qua:
2999 4136 3149 4194 sunt,
3205 4124 3561 4197 providentia

1964 4233 2104 4289 tueri
2149 4247 2211 4287 ac
2242 4242 2571 4286 conservare
2597 4243 2615 4289 ;
2645 4226 2766 4293 Dei,
2797 4224 2983 4278 cibum
3008 4228 3063 4276 et
3092 4229 3283 4290 potum
3308 4219 3377 4272 iis
3398 4231 3561 4286 ,qua

1965 4328 2021 4383 in
2050 4338 2215 4379 carne
2244 4323 2407 4378 vitam
2450 4321 2676 4390 degunt,
2712 4316 2970 4388 elargiri;
2996 4314 3119 4377 Dei,
3172 4313 3243 4368 de
3291 4308 3557 4382 pauperi-

1962 4419 2064 4473 bus
2094 4425 2148 4470 et
2173 4414 2542 4486 indigentibus
2567 4411 2706 4465 bene
2741 4408 2941 4463 mereri
2969 4423 2986 4473 ;
3011 4405 3130 4469 Dei,
3152 4414 3401 4458 naturam
3430 4414 3565 4470 qua:

1892 4488 1938 4545 θ
1966 4505 2284 4563 infirmitate
2313 4520 2411 4559 sua
2446 4504 2515 4557 de
2568 4513 2718 4556 recta
2770 4501 2861 4555 via
2932 4496 3248 4560 deﬂexerat,
3288 4495 3571 4550 reducere

1973 4599 2039 4655 ad
2072 4596 2384 4659 sanitatem,
2409 4602 2464 4648 et
2489 4595 2543 4647 in
2577 4592 2867 4663 pristinum
2888 4599 3089 4644 statum
3112 4602 3407 4653 revocare;
3430 4587 3555 4652 Dei,

1980 4690 2198 4746 cunctis
2222 4702 2378 4759 reque
2406 4686 2570 4740 rebus
2594 4681 2892 4753 procreatis
2910 4682 3201 4751 imperare,
3231 4690 3409 4741 terrm,
3437 4694 3562 4731 ma-

1972 4782 2036 4845 ri,
2068 4778 2199 4843 aeri,
2224 4786 2275 4833 et
2307 4777 2390 4843 iis,
2422 4791 2543 4846 qua:
2565 4789 2731 4845 supra
2749 4788 2929 4828 aerem
2953 4772 3052 4827 sita
3075 4782 3237 4837 sunt;
3274 4770 3390 4833 Dei,
3424 4785 3571 4839 per--

1972 4880 2191 4944 petuam
2223 4870 2274 4924 in
2299 4869 2480 4925 omnia
2511 4873 2834 4938 potestatem
2879 4865 3102 4929 habere,
3167 4862 3569 4933 imprimisque-

1974 4980 2096 5021 esse
2122 4972 2300 5018 morte
2355 4972 2411 5017 et
2446 4961 2800 5030 corruptione
2850 4958 3211 5027 superiorem.
3272 4955 3474 5013 Horum
3507 4955 3565 5008 si

1987 5055 2117 5126 quid
2147 5055 2201 5109 in
2233 5052 2487 5118 historia,
2519 5066 2625 5121 qua
2651 5049 2761 5105 vita
2787 5050 2957 5120 ipsius
2990 5049 3341 5113 describitur,
3404 5047 3555 5102 desi-

1975 5147 2278 5213 deraretur,
2303 5144 2402 5207 illi,
2432 5141 2583 5213 quia
2616 5140 2878 5212 religione
2933 5149 3061 5195 sunt
3104 5140 3290 5203 alieni,
3360 5140 3565 5193 merito

1977 5236 2292 5308 mysterium
2317 5242 2566 5289 nostrum
2598 5232 2977 5303 repudiarent.
3010 5230 3106 5285 Sin
3168 5228 3373 5291 omnia,
3428 5226 3556 5295 qui—

1976 5327 2240 5383 busDeus
2265 5325 2632 5396 cognoscitur,
2692 5323 2746 5379 in
2814 5339 2877 5377 ea
2926 5321 3364 5391 conspiciuntur,
3428 5317 3558 5387 quid

1978 5420 2258 5493 prohibet,
2285 5424 2403 5487 quo
2423 5417 2608 5471 minus
2678 5414 2841 5471 ﬁdem
2909 5411 3340 5483 religionemque
3386 5407 3558 5463 susei-

1979 5508 2674 5584 pias?Atenim,inquies,
2708 5504 2857 5559 nasci
2904 5513 3067 5572 atque
3125 5501 3278 5555 obire
3328 5499 3550 5571 propria

1980 5613 2106 5660 sunt
2136 5603 2365 5673 hujusce
2391 5601 2593 5656 carnis.
2618 5596 2900 5661 Concedo;
2917 5610 3105 5649 verum
3124 5609 3209 5659 ea,
3234 5608 3356 5665 qua
3375 5600 3560 5649 ortum

1981 5702 2103 5768 ejus
2150 5704 2566 5767 praecesserunt,
2619 5705 2849 5762 quaeque
2903 5698 3136 5745 mortem
3184 5699 3313 5745 sunt
3364 5690 3559 5743 subse-

1984 5801 2126 5858 cuta,
2159 5802 2505 5845 communem
2528 5797 2738 5843 natura:
2769 5793 2967 5841 nostrae
2989 5782 3360 5840 conditionem
3399 5794 3561 5849 supe-
