3954 6558
360 335 469 396 2.23

1951 276 2035 284 —

1582 352 1968 418 EU'l‘ilYMll
2011 360 2373 426 ZIGABENI

3509 386 3613 449 9.24

359 447 677 505 deﬁnitione
704 448 938 507 virtutis.
971 455 1039 507 At
1066 452 1205 525 ipsa,
1232 456 1467 527 inquies,
1492 464 1663 516 nostri
1690 468 1912 535 corpori:

2039 475 2206 545 τούτῳ
2264 477 2507 547 γεγονὼς
2547 482 2606 536 ὲν
2661 486 2823 541 πάθει
2875 486 3105 555 γίνεται.
3168 490 3407 556 Ἀπαθὲς
3442 492 3502 547 6b
3551 499 3613 549 τδ

358 539 671 595 immutatio
709 542 837 611 quid
872 544 1015 598 aliud
1053 554 1155 612 est,
1180 562 1340 617 quani
1368 549 1585 606 auectio
1622 570 1683 608 ac
1723 568 1940 625 pertur-

356 629 525 695 batio,
545 646 575 684 a
602 646 727 700 qua,
757 634 847 702 qui
880 635 934 688 in
972 650 1201 708 corpore
1230 650 1333 706 est,
1363 642 1553 698 abesse
1579 661 1688 699 non
1723 651 1940 715 potest?

356 719 499 775 Deus
516 731 696 776 autem
728 726 906 809 omnis
937 731 1364 797 perturbationis
1390 744 1475 789 cst
1496 751 1708 805 expers.
1735 738 1939 804 Quam-

354 811 541 866 obrem
566 813 675 868 Deo
696 816 871 872 aliena
902 830 988 874 est
1014 820 1131 876 haec
1164 824 1372 894 Opinio,
1406 825 1449 881 si
1489 827 1704 896 quidem
1742 830 1931 900 Deum,

352 902 445 969 qui
480 912 673 959 natura
706 922 802 961 sua
858 921 1012 966 vacat
1051 916 1197 969 omni
1254 919 1680 985 perturbatione.
1707 923 1774 977 ad
1813 939 1933 980 eam

352 989 739 1060 degustandam
787 1001 1002 1057 venisse
1052 1006 1380 1074 praedicatis.
1423 1009 1504 1063 Ad
1553 1012 1671 1067 haec
1722 1030 1935 1085 quoque

349 1079 679 1138 confutanda
706 1089 951 1145 eamdem
980 1095 1245 1150 rationem
1285 1100 1684 1163 adhibebimus,
1730 1079 1933 1161 dicem-

348 1184 522 1239 usque
565 1174 931 1248 ali‘ectionem,
973 1199 1071 1239 seu
1120 1190 1584 1256 perturbationem
1646 1196 1933 1267 dupliciter

348 1262 547 1333 accipi,
582 1270 802 1337 proprie
831 1281 887 1326 et
921 1273 1236 1347 imprOpric.
1261 1280 1393 1345 Qua:
1417 1283 1562 1339 enim
1593 1262 1929 1344 voluntatem

346 1353 584 1425 attingit,
616 1374 844 1431 eamque
880 1379 910 1417 a
944 1366 1139 1422 virtute
1166 1372 1385 1427 deducit
1417 1375 1484 1429 ad
1541 1376 1755 1443 vitium,
1804 1395 1931 1436 vere

346 1442 547 1499 dicitur
588 1453 942 1517 perturbatio.
975 1456 1105 1523 Quae
1132 1470 1313 1517 autem
1354 1465 1545 1521 ordine
1579 1442 1813 1536 quodam
1828 1486 1929 1528 suo

345 1548 443 1603 per
471 1549 720 1598 naturam
749 1560 1017 1603 commeat
1071 1560 1234 1624 atque
1258 1558 1619 1627 progreditur,
1659 1576 1722 1617 ea
1756 1565 1926 1635 magis

346 1631 565 1698 proprie
611 1635 774 1698 actio,
818 1654 981 1708 quam
1027 1646 1368 1712 perturbatio
1418 1660 1601 1718 posset
1638 1631 1922 1725 appellari,

344 1719 521 1786 qualis
546 1731 630 1776 est
659 1734 832 1793 ortus,
864 1742 1236 1801 augmentum,
1284 1737 1628 1809 subiectique
1672 1719 1774 1814 per
1822 1719 1921 1802 ac;

342 1811 645 1869 cessionem
680 1821 1153 1894 secessionemque
1205 1828 1316 1884 cibi
1364 1836 1723 1905 conservatio,
1749 1847 1804 1893 et
1851 1841 1921 1897 ad

343 1916 545 1973 corpus
621 1910 707 1963 vel
759 1916 1201 1974 constituendum
1276 1924 1440 1981 coitio
1501 1935 1557 1983 et
1624 1945 1925 1991 concursus

341 1992 760 2067 elementorum,
794 2005 879 2058 vel
909 2006 1309 2067 dissolvendum
1351 2019 1668 2075 eorumdem
1695 2023 1924 2080 distrac-

342 2083 438 2148 tio,
469 2094 526 2139 et
559 2089 627 2143 ad
656 2093 934 2161 proprium
965 2097 1231 2169 cujusque
1263 2102 1437 2159 locum
1492 2110 1697 2167 reditus
1762 2123 1925 2184 atque

339 2178 602 2233 seceSsio.
637 2179 823 2237 Utram
856 2185 1019 2256 igitur
1068 2190 1261 2246 harum
1314 2201 1632 2266 mysterium
1676 2214 1922 2261 nostrum

338 2268 536 2323 asserit
567 2271 731 2327 Deum
758 2278 1040 2348 attigisse?
1072 2297 1285 2351 eamne,
1317 2304 1439 2357 quae
1468 2293 1687 2362 proprie
1713 2305 1921 2365 pertur-

340 2355 484 2411 batio
515 2374 754 2431 vocatur,
794 2380 848 2421 et
896 2370 1084 2426 vitium
1124 2384 1230 2443 est,
1277 2394 1347 2432 an
1402 2380 1569 2446 illam,
1617 2400 1740 2453 quae.
1784 2387 1921 2444 nihil

342 2448 491 2503 aliud
520 2460 623 2518 est,
657 2470 819 2523 quam
856 2460 1019 2525 actio,
1049 2472 1102 2517 et
1127 2475 1306 2541 motus
1354 2470 1575 2539 quidam
1626 2448 1922 2534 naturalis?

338 2537 398 2593 Si
429 2542 574 2595 enim
601 2542 655 2597 in
684 2548 923 2603 motibus
953 2551 1059 2608 illis
1080 2556 1261 2623 pravis
1278 2537 1345 2613 ac
1370 2537 1722 2630 repudiandis
1746 2565 1916 2624 Deum

335 2644 458 2684 esse
507 2641 692 2688 natum
744 2642 1219 2713 contenderemus,
1276 2650 1579 2709 doctrinam
1623 2657 1917 2715 absurdam

333 2720 572 2792 eﬂugere
610 2737 912 2797 Oportnzret,
968 2745 1025 2788 ut
1078 2752 1199 2806 quae
1251 2740 1389 2796 nihil
1422 2747 1538 2800 sani
1573 2749 1808 2805 traderet
1844 2752 1913 2808 de

334 2821 531 2867 natura
559 2815 763 2873 divina.
789 2820 926 2877 Cum
961 2834 1143 2882 autem
1166 2829 1429 2899 dicamus,
1460 2834 1629 2892 Deum
1658 2850 1918 2899 naturam

336 2902 655 2972 humanam,
688 2911 849 2982 cujus
880 2914 1024 2971 idem
1056 2919 1173 2989 ipse
1197 2934 1391 2980 auctor
1421 2928 1756 3002 eil'ectorque
1794 2934 1916 3001 fuit,

330 2999 715 3065 assumpsisse,
760 3003 890 3071 quid
917 3007 1234 3079 absurdum,
1276 3024 1373 3070 aut
1399 3020 1543 3086 quod
1582 2999 1694 3077 Deo
1737 2999 1918 3081 minus

331 3088 640 3152 conveniat,
670 3093 1068 3159 praedicamus?
1093 3100 1239 3155 Nihil
1277 3106 1421 3159 enim
1457 3108 1524 3162 de
1552 3109 1645 3165 illo
1688 3114 1915 3169 creden-

625 3145 638 3152 ,
670 3145 687 3159 ⁸
771 3145 800 3146 ,,
830 3145 1061 3152 .--μ-η.--
1093 3145 1239 3155 -..-..
1278 3145 1421 3159 νυ...-
1458 3145 1523 3162 un.
1552 3145 1645 3165 ιιι-,ι
1688 3145 1915 3169 cursucu-

329 3175 463 3228 dum
503 3180 787 3248 tradimus,
820 3188 965 3255 quod
1008 3192 1495 3265 perturbationem,
1550 3210 1647 3256 aut
1691 3204 1905 3278 vitium,
1940 3145 1985 3209 ο

327 3275 425 3320 aut
460 3271 851 3339 turpitudinem
900 3277 1187 3349 signiﬁcet.
1222 3283 1405 3358 Neque
1453 3292 1597 3347 enim
1642 3271 1913 3355 medicum

329 3358 522 3411 inorbo
586 3362 724 3419 allici
790 3366 1041 3435 dicimus,
1093 3377 1314 3442 quando
1366 3382 1558 3437 morbo
1602 3385 1913 3447 laborantes

326 3456 507 3503 curat.
532 3450 669 3507 Nam
698 3456 825 3513 licet
857 3477 952 3518 eos
977 3463 1177 3523 invisat
1223 3478 1278 3524 et
1302 3473 1551 3545 attingat,
1584 3476 1700 3548 ipse
1730 3491 1912 3538 tamen

326 3540 478 3596 nullo
534 3546 711 3602 morbi
766 3550 1114 3613 incommodo
1176 3560 1428 3622 adicitur.
1482 3567 1638 3635 Quod
1677 3572 1723 3628 si
1757 3576 1911 3633 nasci

326 3646 440 3686 non
470 3644 553 3691 est
606 3639 828 3707 malum,
884 3661 956 3702 ne
1009 3649 1194 3707 vivere
1252 3656 1475 3725 quidem
1526 3662 1729 3718 malum
1788 3681 1911 3723 esse

325 3724 546 3782 dixeris.
578 3730 647 3785 At
668 3734 960 3805 voluptatis
981 3740 1217 3813 aifectio,
1264 3750 1502 3820 inquies,
1551 3770 1672 3824 qua:
1725 3767 1908 3816 ortum

323 3822 615 3889 antecedit,
652 3826 1061 3904 viventiumque
1083 3838 1153 3893 ad
1192 3842 1396 3896 malum
1427 3822 1732 3918 vitiumque
1766 3866 1897 3921 pro-

319 3911 532 3978 pensio,
562 3926 770 3974 natura:
797 3933 996 3980 nostrae
1026 3939 1155 3984 sunt
1183 3934 1382 3988 morbi.
1423 3935 1563 4001 Quid
1589 3942 1745 4008 tum}
1780 3958 1904 3999 cum

317 4000 387 4053 ab
420 4011 654 4073 utroque
679 4008 911 4065 liberum
947 4014 1122 4084 ipsum
1147 4018 1317 4075 fuisse
1356 4028 1671 4096 mysterium
1695 4034 1905 4089 tradat?

316 4091 475 4155 Quod
500 4096 543 4147 si
580 4108 633 4151 et
661 4097 780 4154 sine
827 4104 1105 4175 voluptate
1156 4115 1371 4181 genitus
1410 4091 1535 4181 ’est,
1569 4128 1626 4174 et
1674 4122 1838 4179 vitam
1872 4142 1903 4181 a

317 4181 452 4237 vitio
482 4188 904 4249 remotissimam
935 4197 1063 4266 egit,
1096 4204 1306 4270 ecquod
1337 4204 1605 4276 reliquum
1655 4221 1738 4266 est
1785 4230 1903 4269 ma-

314 4273 454 4340 lum,
503 4278 661 4347 cuius
714 4281 888 4338 Deum
937 4290 1256 4361 participem
1307 4273 1526 4365 pietatis
1577 4307 1894 4371 mysterium

316 4365 463 4421 dicat
489 4370 804 4427 exstitisse?
826 4375 924 4430 Sin
954 4380 1150 4450 aliquis
1180 4384 1343 4439 animi
1369 4402 1400 4441 a
1424 4402 1650 4459 corpore
1680 4394 1901 4464 sejunc-

311 4456 519 4511 tionem
550 4462 751 4517 malum
785 4469 1037 4539 appellat,
1072 4472 1119 4528 is
1170 4490 1386 4545 aequum
1446 4456 1583 4548 erat,
1637 4496 1694 4539 ut
1739 4456 1897 4557 prius
1931 4491 1974 4547 D

312 4548 1071 4629 coniunctionem—utriusque
1102 4564 1305 4619 malum
1333 4571 1653 4639 appellaret.
1684 4548 1819 4630 Nam
1846 4577 1893 4631 si

313 4640 691 4708 copulatorum
730 4647 1024 4717 disjunctio
1053 4654 1191 4709 mala
1243 4667 1347 4723 est,
1401 4672 1456 4716 ct
1500 4662 1899 4733 disjunctorum

305 4731 582 4797 copulatio
624 4744 705 4788 est
755 4738 918 4792 mala.
978 4738 1276 4813 Utrobique
1328 4749 1474 4801 enim
1531 4731 1617 4806 est
1673 4754 1895 4820 quidam

302 4826 506 4886 motus,
536 4832 596 4876 ut
622 4829 1078 4892 quemadmodum
1115 4846 1543 4904 consequentem
1586 4856 1772 4909 vocas,
1815 4845 1897 4899 sic

300 4909 466 4963 etiam
499 4916 889 4980 pracedentem
920 4935 1114 4977 vocare
1137 4923 1361 4981 debeas.
1379 4927 1648 4992 Quocirca
1668 4934 1715 4987 si
1741 4935 1893 5004 prior

301 5014 507 5072 motus,
555 5024 717 5076 quem
765 5022 946 5068 ortum
995 5018 1283 5097 nominas,
1320 5036 1433 5075 non
1465 5032 1549 5078 est
1580 5029 1776 5094 malus,
1816 5045 1891 5085 ne

301 5100 573 5164 posterior
592 5101 833 5170 quidem,
861 5122 1023 5177 quem
1050 5121 1282 5167 mortem
1307 5114 1465 5179 dicis,
1501 5133 1607 5186 qua
1645 5122 1891 5190 corporis

297 5189 579 5259 animique
639 5196 954 5266 conjunctio
1026 5201 1374 5271 distrahitur,
1433 5209 1607 5266 malus
1681 5189 1889 5281 poterit

299 5278 584 5346 appellari.
642 5282 749 5340 Nos
799 5296 985 5342 autem
1055 5291 1223 5357 Deum
1284 5296 1517 5353 dicimus
1552 5301 1604 5354 in
1656 5278 1888 5374 utroque

299 5366 468 5428 fuisse
516 5383 691 5442 motu,
747 5386 860 5433 tum
897 5378 950 5433 in
1005 5382 1117 5450 illo,
1161 5401 1271 5454 quo
1296 5390 1513 5447 animus
1568 5404 1624 5448 et
1684 5411 1886 5465 corpus

300 5475 657 5533 concurrunt,
692 5476 807 5524 tum
834 5470 889 5527 in
907 5486 995 5541 eo,
1018 5490 1116 5545 per
1144 5492 1303 5548 quem
1339 5482 1555 5539 animus
1588 5500 1619 5540 a
1645 5501 1876 5558 corpore

300 5563 606 5621 separatur.

790 5678 875 5736 Ea:
899 5688 1079 5740 eadem
1113 5690 1377 5746 oratione.

369 5760 505 5820 Cum
528 5773 709 5826 autem
738 5787 878 5852 unus
902 5777 1245 5844 sitomnibus
1267 5785 1585 5847 hominibus
1610 5786 1679 5845 ad
1705 5788 1869 5848 vitam

2043 564 2218 624 Θεῖον.
2255 571 2465 626 Οὐκοῦν
2492 574 2749 646 ἀλλοτρία
2785 580 2914 649 περὶ
2939 580 3077 635 Θεοῦ
3115 583 3146 653 ἠ
3199 584 3495 656 ὑπόληψις,
3540 592 3615 643 εί-

2045 676 2151 728 περ
2183 661 2275 715 τὸν
2304 664 2493 735 ἀπαθῆ
2532 670 2672 721 κατά
2696 670 2795 741 τὴν
2825 672 2988 739 φύσιν
3011 675 3150 745 πρὸς
3175 678 3468 732 κοινωνίαν
3514 697 3615 734 πο.-

2043 750 2170 815 θους
2198 755 2374 810 ἐλθεῖν
2396 759 2455 810 rb
2492 762 2753 831 κήρυγμα
2779 765 3101 835 διορίζεται.
3145 769 3307 822 Ἀλλά
3344 771 3438 825 καὶ
3474 773 3610 843 πρὸς

2037 846 2210 901 ταῦτα
2231 848 2395 903 πάλιν
2424 850 2501 920 τῷ
2521 853 2675 923 αύτῷ
2698 853 2840 925 λόγῳ
2869 859 3205 929 χρησόμεθα,
3236 862 3318 915 ὅτι
3350 862 3524 927 πάθος
3548 864 3614 916 τὸ

2041 938 2140 1008 μὲν
2170 942 2396 1009 κυρίως,
2420 943 2482 996 rb
2508 943 2566 997 δὲ
2592 945 2656 999 ὲκ
2687 950 3081 1020 καταχρήσεως
3113 951 3359 1020 λέγεται.
3393 955 3467 1007 Τὸ
3508 955 3610 1025 μὲν

2037 1031 2131 1085 οὖν
2173 1035 2552 1104 προαιρέσεως
2584 1038 2913 1110 ἀπτόμενον,
2949 1045 3042 1097 καὶ
3077 1044 3214 1116 πρὸς
3245 1047 3454 1101 κακίαν
3499 1048 3609 1101 ἀπὸ

2034 1121 2135 1190 τῆς
2164 1122 2370 1193 ἀρετῆς
2405 1129 2805 1198 μεταστρέφον,
2836 1130 3051 1201 ἀληθῶς
3076 1136 3246 1198 πάθος
3269 1138 3405 1201 ἐστὶ,
3454 1138 3515 1192 rb
3558 1138 3609 1191 δ’

2034 1212 2159 1266 ὅσον
2198 1216 2255 1266 ὲν
2282 1217 2349 1286 τῇ
2382 1216 2542 1284 φύσει
2567 1220 2709 1273 κατά
2739 1221 2833 1274 τὸν
2860 1222 2992 1276 τδιον
3027 1226 3220 1296 εἱρμὸν
3256 1229 3608 1298 πορευομένῃ

2032 1305 2341 1371 διεξοδικῶς
2373 1310 2687 1383 θεωρεῖται,
2723 1314 2882 1368 τοῦτο
2926 1316 3260 1388 κυριώτερον
3312 1319 3476 1390 ἔργον
3534 1323 3607 1374 ἂν

2032 1402 2235 1471 μᾶλλον
2270 1402 2304 1472 ἢ
2337 1403 2510 1468 πάθος
2540 1407 3029 1478 προσαγορεύοιτο·
3060 1404 3174 1465 οἷον
3199 1413 3232 1482 ἡ
3263 1412 3538 1483 γέννησις,
3565 1416 3604 1485 ἡ

2030 1493 2339 1563 αὑξησις,ἠ
2397 1494 2488 1554 διὰ
2529 1496 2628 1567 τῆς
2679 1500 2978 1570 ἐπιρρύτου
3029 1518 3089 1555 τε
3136 1505 3233 1556 καὶ
3286 1504 3605 1575 ἀπορρύτου

2027 1586 2236 1655 τροφῆς
2261 1587 2356 1641 τοῦ
2388 1587 2757 1659 ὑποκειμένου
2790 1592 3049 1666 διαμονή,
3084 1597 3117 1665 ἡ
3163 1595 3273 1649 τῶν
3321 1598 3605 1668 στοιχείων

2027 1677 2159 1745 περὶ
2186 1677 2247 1730 rb
2273 1678 2436 1749 σῶμα
2465 1680 2763 1754 συνδρομὴ,
2813 1686 2847 1753 ὴ
2893 1684 2988 1738 τοῦ
3031 1687 3381 1753 συντεθέντος
3436 1690 3635 1744 πάλιν-

2027 1766 2269 1831 διάλυσίς
2289 1786 2349 1823 τε
2380 1772 2634 1843 καὶπρὸς
2655 1774 2723 1829 τά
2749 1777 2987 1846 συγγενῆ
3017 1778 3422 1849 μεταχώρησις.
3445 1779 3604 1862 Τίνος

2026 1860 2121 1916 οὖν
2150 1861 2296 1931 λέγει
2325 1863 2388 1917 rb
2428 1868 2726 1938 μυστήριον
2762 1868 2919 1937 ἡμῶν
2964 1863 3135 1940 ἧφθαι
3167 1871 3226 1923 τὸ
3283 1870 3459 1936 Θεῖον,
3486 1860 3603 1926 ’τοῦ

2026 1951 2238 2024 κυρίως
2279 1954 2584 2024 λεγομένου
2619 1956 2852 2023 πάθους,
2914 1959 3050 2031 ὅπερ
3105 1961 3307 2026 κακίας
3357 1964 3525 2029 ἐστὶν,
3564 1965 3603 2034 ἦ

2022 2045 2118 2099 τοῦ
2143 2046 2290 2099 κατά
2318 2047 2484 2117 φύσιν
2512 2051 2848 2119 κινήματος;
2873 2051 2936 2105 Εί
2967 2051 3071 2122 μὲν
3094 2053 3203 2123 γὰρ
3232 2054 3291 2107 ὲν
3312 2057 3423 2117 τοῖς
3453 2057 3603 2108 άπα-

2024 2140 2407 2211 γορευομένοις
2441 2144 2797 2214 γεγεννῆσθαι
2824 2144 2885 2200 rb
2919 2145 3075 2199 Θείον
3100 2149 3129 2200 ό
3149 2146 3309 2214 λόγος
3327 2147 3606 2221 διισχυρί-

2023 2231 2170 2296 ζετο,
2209 2232 2434 2301 φεύγειν
2468 2233 2577 2287 ἔδει
2605 2237 2708 2305 τὴν
2752 2235 2987 2291 ἀτοπίαν
3043 2237 3139 2290 τοῦ
3173 2237 3464 2308 δόγματος,
3525 2239 3603 2300 ὡς

2022 2322 2175 2377 οὐδὲν
2213 2323 2366 2391 ὑγιὲς
2403 2325 2530 2395 περὶ
2559 2326 2659 2396 τῆς
2684 2325 2833 2390 θείας
2863 2325 3075 2395 φύσεως
3110 2328 3402 2393 διεξιόντος
3424 2342 3445 2363 ο
3472 2330 3603 2382 εἰδὲ

2020 2419 2119 2487 τῆς
2149 2417 2365 2487 φύσεως
2396 2420 2555 2490 ἡμῶν
2583 2420 2748 2476 αὑτὸν
2784 2421 3029 2493 ἐφῆφθαι
3064 2422 3239 2491 λέγει,
3285 2418 3355 2496 ἧς
3413 2426 3511 2477 καὶ
3562 2426 3597 2493 ἡ

2022 2509 2214 2580 πρώτη
2246 2510 2461 2578 γένεσίς
2486 2528 2545 2565 τε
2590 2512 2689 2567 καὶ
2728 2513 3031 2577 ὑπόστασις
3086 2512 3216 2584 παρ’
3278 2514 3444 2567 αὑτοῦ
3498 2514 3601 2584 τὴν

2022 2599 2196 2670 ἀρχὴν
2211 2600 2359 2671 ἔσχε,
2382 2600 2487 2655 ποῦ
2512 2603 2611 2673 τῆς
2634 2603 2755 2674 Θεῷ
2783 2604 3101 2675 πρεπούσης
3128 2604 3337 2668 ἑννοίας
3362 2605 3592 2677 διαμαρ-

2018 2693 2172 2747 τάνει
2205 2694 2267 2747 rb
2292 2696 2581 2766 κήρυγμα,
2615 2697 2891 2767 μηδεμιᾶς
2942 2698 3255 2770 παθητικῆς
3304 2699 3598 2764 διαθέσεως

1928 2806 1933 2811 λ
2019 2786 2077 2839 ὲν
2107 2788 2229 2850 ταῖς
2255 2788 2386 2857 περὶ
2420 2787 2558 2843 Θεοῦ
2597 2788 2902 2861 ὑπολήψεσι
2932 2792 2999 2860 τῇ
3028 2791 3209 2844 πίστει
3258 2792 3592 2860 συνιούσης;
3654 2837 3664 2860 τ

2020 2877 2154 2930 οὐδὲ
2196 2878 2305 2948 γὰρ
2336 2882 2426 2934 τὸν
2461 2880 2645 2952 ίατρδν
2703 2882 2761 2935 ὲν
2811 2882 2976 2938 πάθει
3017 2883 3268 2952 γίνεσθαι
3325 2883 3591 2955 λέγομεν,

2021 2970 2152 3025 ὅταν
2175 2970 2455 3046 θεραπεύῃ
2484 2974 2576 3027 τὸν
2600 2975 2658 3027 ὲν
2709 2974 2870 3029 πάθει
2901 2975 3207 3045 γινόμενον.
3266 2977 3432 3031 Ἀλλά
3491 2980 3595 3033 κᾶν

2019 3064 2366 3136 προσάψηται
2395 3065 2489 3119 τοῦ
2517 3068 2979 3139 ἀρῤωστήματος,
3008 3069 3113 3135 ἔξω
3141 3070 3347 3135 πάθους
3374 3074 3400 3125 ὁ
3430 3071 3593 3143 θερα-

2018 3157 2227 3228 πευτὴς
2282 3157 2549 3230 διαμένει.
2615 3161 2737 3231 Eii)
2797 3160 3016 3230 γένεσις
3048 3161 3189 3235 αὐτὴ
3233 3163 3356 3218 καθ’
3392 3165 3591 3234 ἑαυτὴν

2017 3248 2301 3313 πάθοςούκ
2330 3250 2499 3317 ἐστιν,
2528 3252 2642 3305 οὐδ’
2662 3254 2729 3307 ἂν
2765 3253 2865 3322 τὴν
2894 3252 3043 3326 ζωήν
3072 3272 3155 3319 τις
3185 3257 3355 3321 πάθος
3384 3273 3594 3328 προσα-

2017 3344 2351 3409 γορεύσειεν.
2423 3340 2585 3395 Ἀλλά
2614 3341 2679 3396 rb
2704 3342 2828 3397 καθ’
2846 3343 3063 3416 ἡδονὴν,
3094 3346 3249 3416 φησὶ,
3288 3347 3459 3411 πάθος
3487 3349 3586 3418 τῆς

2014 3426 2366 3499 ἀνθρωπίνης
2386 3428 2708 3500 καθηγεῖται
2734 3433 3019 3501 γενέσεως,
3044 3436 3137 3489 καὶ
3169 3436 3203 3507 ἡ
3226 3437 3359 3504 πρὸς
3388 3438 3589 3492 κακίαν

2012 3519 2128 3573 τῶν
2153 3519 2375 3583 ζώντων
2417 3522 2565 3595 ὁρμὴ
2622 3524 2781 3578 τοῦτο
2825 3526 2927 3597 τῆς
2988 3528 3207 3596 φύσεως
3250 3532 3411 3600 ἡμῶν
3438 3535 3587 3586 ἐστιν

2011 3610 2373 3682 ἀρρώστημα.
2422 3614 2586 3668 Ἀλλὰ
2617 3616 2725 3687 μὴν
2753 3617 3083 3689 ἀμφοτέρων
3109 3621 3275 3676 αὑτὸν
3306 3624 3586 3694 καθαρεύ-

2010 3716 2090 3754 ειν
2118 3705 2253 3773 φησὶ
2282 3704 2345 3757 rb
2372 3707 2692 3778 μυστήριον.
2729 3709 2789 3762 Εί
2816 3711 2909 3765 οὖν
2938 3714 3134 3785 ἡδονῆς
3167 3716 3267 3784 μὲν
3305 3717 3336 3787 ἡ
3374 3720 3584 3786 γένεσις

2008 3792 2174 3846 αὐτοῦ
2210 3794 2591 3868 ἠλλοτρίωται,
2612 3801 2809 3866 κακίας
2838 3801 2894 3856 δὲ
2924 3804 3113 3876 ήζωὴ,
3143 3810 3297 3862 ποῖον
3313 3809 3588 3863 ὑπολέλει-

2008 3903 2140 3940 πται
2164 3888 2355 3954 πάθος,
2391 3884 2452 3945 οὗ
2473 3890 2568 3945 τὸν
2596 3893 2730 3947 Θεὸν
2760 3900 3221 3969 κεκοινωνηκέναι
3246 3904 3380 3973 φησὶ
3400 3903 3457 3956 rb
3484 3904 3585 3972 τῆς

2005 3978 2291 4045 εὐσεϐείας
2324 3986 2624 4054 μυστήριον
2652 4004 2667 4052 ;
2700 3988 2761 4040 Ei
2799 3988 2858 4041 δέ
2897 4007 2981 4054 τις
3003 3992 3103 4062 τὴν
3162 3994 3261 4046 τοῦ
3329 3975 3582 4064 δώματος
3631 4042 3642 4051 .

2007 4071 2103 4124 καὶ
2129 4073 2227 4141 τῆς
2261 4073 2442 4144 ψυχῆς
2469 4076 2746 4143 διάζευξιν
2768 4080 2937 4145 πάθος
2969 4084 3401 4155 προσαγορεύοι,
3441 4089 3579 4141 πολὺ

2004 4163 2274 4233 πρότερον
2303 4166 2517 4221 δίκαιον
2557 4170 2623 4224 ἀν
2658 4173 2743 4241 εἴη
2780 4176 2879 4243 τὴν
2910 4176 3217 4247 συνδρομὴν
3249 4179 3581 4250 ἀμφοτέρων

2003 4253 2146 4308 οὕτω
2176 4260 2574 4328 κατονομάσαι.
2602 4262 2664 4315 Εί
2694 4264 2803 4334 γὰρ
2836 4267 2864 4318 ὀ
2883 4268 3158 4338 χωρισμὸς
3196 4269 3308 4324 τῶν
3338 4288 3581 4341 συνηνω-

2004 4347 2186 4416 μένων
2218 4350 2387 4415 πάθος
2420 4342 2685 4420 ἐστὶ,’καὶ
2744 4358 2777 4427 ἠ
2806 4359 3076 4429 συνάφεια
3103 4361 3212 4414 τών
3261 4362 3587 4441 διεστώτων

2004 4440 2177 4503 πάθος
2205 4440 2276 4493 ἂν
2301 4443 2410 4512 εἴη.
2446 4444 2674 4516 Κίνησις
2728 4449 2839 4517 γάρ
2885 4452 2968 4512 τίς
2994 4451 3142 4504 ἐστιν
3167 4451 3225 4505 ἐν
3256 4469 3317 4505 τε
3350 4458 3415 4524 τῇ
3442 4471 3576 4523 συγ-
3604 4505 3616 4515 ,

2002 4532 2185 4604 κρίσει
2216 4534 2323 4588 τῶν
2342 4535 2653 4591 διεστώτων
2687 4542 2781 4593 καὶ⁵
2802 4541 2861 4593 ὲν
2885 4544 2955 4611 τῇ
2986 4543 3261 4614 διακρίσει
3293 4546 3403 4599 τῶν
3442 4548 3607 4629 συμ-έ,

2008 4626 2424 4696 πεπλεγμένων,
2445 4632 2539 4683 καὶ
2562 4631 2882 4701 ἡνωμένων.
2902 4633 3084 4705 Ὅπερ
3118 4637 3297 4690 τοίνυν
3331 4638 3364 4709 ἡ
3390 4638 3573 4693 τελευ-

2000 4718 2129 4772 ταία
2162 4719 2375 4789 κίνησις
2398 4721 2749 4793 ὀνομάζεται,
2780 4724 2940 4777 τοῦτο
2965 4727 3241 4796 προσήκει
3276 4729 3566 4783 καλεῖσθαι

2002 4810 2096 4863 καὶ
2127 4811 2227 4880 τὴν
2286 4812 2658 4882 προάγουσαν.
2717 4815 2781 4867 Et
2820 4815 2878 4869 δὲ
2908 4818 2941 4886 ἡ
2980 4817 3172 4889 πρώτη
3225 4819 3459 4890 κίνησις,
3507 4824 3575 4893 ἢν

1997 4902 2210 4971 γένεσιν
2267 4904 2634 4976 ὀνομάζομεν,
2698 4908 2872 4973 πάθος
2922 4910 3026 4963 ούκ
3080 4911 3251 4978 ἔστιν,
3297 4914 3408 4968 οὐδ’
3438 4915 3505 4969 ἂν
3539 4919 3572 4987 ἡ

1994 4992 2226 5065 δευτέρα
2269 4996 2506 5067 κίνησις,
2564 5001 2629 5069 ἢν
2688 4999 2919 5057 θάνατον
2975 5003 3335 5075 ὀνομάζομεν,
3400 5009 3573 5073 πάθος

1994 5084 2063 5141 ἂν
2098 5087 2241 5140 κατὰ
2260 5089 2321 5141 rb
2355 5090 2650 5145 ἀκόλουθον
2689 5092 2924 5162 λέγοιτο,
2953 5096 3077 5148 καθ’
3125 5100 3191 5168 ἢν
3222 5100 3255 5167 ὴ
3288 5099 3571 5171 συνδρομὴ

1990 5179 2085 5232 τοῦ
2138 5181 2393 5249 σώματος
2451 5186 2545 5237 καὶ
2596 5186 2700 5254 τῆς
2756 5187 2936 5258 ψυχῆς
2963 5190 3317 5260 διακρίνεται.
3360 5194 3463 5245 Τὸν
3510 5194 3571 5246 δὲ

1990 5270 2125 5324 Θεόν
2153 5290 2334 5341 φαμεν
2364 5278 2423 5329 ἐν
2446 5278 2681 5347 ἑκατέρα
2709 5280 3073 5349 γεγεννῆσθαι
3112 5286 3181 5354 τῇ
3209 5285 3307 5354 τῆς
3348 5285 3567 5370 φύσεως

1988 5364 2224 5435 κινήσει,
2255 5366 2326 5419 δι’
2356 5362 2421 5438 ἦς
2462 5368 2495 5439 ἡ
2530 5385 2589 5422 τε
2622 5369 2770 5441 ψυχὴ
2810 5371 2947 5442 πρὸς
2974 5373 3037 5425 τὸ
3062 5373 3223 5445 σῶμα
3257 5362 3568 5446 συντρέχει,

1987 5452 2048 5504 τό
2076 5468 2137 5504 τε
2171 5454 2331 5524 σῶμα
2364 5457 2460 5527 τῆς
2488 5458 2678 5528 ψυχῆς
2710 5460 3071 5533 διακρίνεται.

2418 5702 2521 5757 Ἐκ
2549 5704 2654 5759 τοῦ
2696 5707 2888 5763 αὑτοῦ
2918 5710 3138 5779 λόγου.

2051 5791 2201 5858 Μιᾶς
2225 5791 2281 5846 δὲ
2317 5796 2485 5850 πᾶσιν
2509 5795 2817 5869 ἀνθρώποις
2845 5804 2944 5875 τῆς
2976 5803 3053 5869 είς
3090 5804 3190 5876 τὴν
3216 5804 3362 5877 ζωὴν
3386 5804 3557 5878 οὖέῐης
