3954 6572
234 400 390 500 ιενδ

1235 441 1615 504 PANOPLIA
1654 441 2116 502 DOGMATICA.
2147 466 2215 477 -
2254 442 2404 506 TlT.
2447 442 2583 506 VII.

3435 447 3544 513 226

270 549 539 620 παρόδου,
568 547 737 601 πόθεν
766 547 874 603 ἔδει
927 549 1020 603 τὸν
1046 550 1287 606 εἰσιόντα
1313 552 1453 623 πρὸς
1503 554 1652 623 ἡμᾶς
1681 554 1850 608 εἰσοι-

1957 553 2152 618 aditus,
2177 554 2320 609 unde
2367 555 2655 624 Oportebat
2698 556 3051 614 accedentem
3100 559 3166 613 ad
3210 575 3309 615 nos
3360 561 3530 620 Deum

272 638 540 708 κιαθῆναι
572 638 653 707 τῷ
683 638 783 709 βίῳ
814 656 831 705 ;
876 639 969 704 Ἐξ
996 642 1253 710 ούρανοῦ,
1285 643 1452 713 φήσει
1478 643 1645 715 τυχὸν
1673 647 1701 698 ό
1735 644 1853 698 δια-

268 731 465 785 πτύων
485 730 562 793 ὼς
583 730 809 802 αἰσχρόν
835 748 894 784 τε
924 733 1019 785 καὶ
1051 732 1237 797 ἄδοξον
1259 734 1321 786 τὸ
1346 728 1485 796 εἶδος
1509 734 1609 802 τῆς
1636 734 1855 805 ἀνθρω-

267 823 443 895 πίνης
470 823 765 891 γενέσεως.
809 822 949 878 Ἀλλ’
985 825 1086 878 οὐκ
1106 820 1177 896 ἦν
1205 826 1263 879 ὲν
1295 824 1513 897 οὐρανῷ
1538 826 1601 880 τὸ
1626 826 1855 897 ἀνθρώ-

230 934 429 976 επινον
461 956 475 981 ,
538 918 659 973 οὑδὲ
711 936 799 983 τις
850 920 909 974 ὲν
954 922 1018 989 τῇ
1081 920 1439 991 ὕπερκοσμίῳ
1488 922 1603 993 ζωῇ
1655 920 1852 985 κακίας

264 1008 428 1070 νόσος
465 1008 863 1079 ὲπεχωρίαζεν.
901 1010 1069 1063 Ἔνθα
1128 1010 1309 1064 τοίνυν
1342 1012 1403 1065 τὸ
1427 1011 1596 1065 κακὸν
1637 1012 1737 1065 οὐκ
1761 1011 1851 1083 ἦν,

266 1100 394 1154 οῦδὲ
424 1102 450 1153 ό
479 1102 827 1172 ἀνθρώπινος
855 1102 1206 1156 ἐπολιτεύετο
1257 1103 1392 1173 βίος,
1423 1103 1543 1167 πῶς
1602 1103 1854 1173 ἐπιζητεῖ

269 1210 358 1256 τις
384 1193 601 1246 ἐκεῖθεν
626 1194 706 1263 τῷ
736 1193 854 1263 Θεῷ
908 1196 1319 1265 περιπλακῆναι
1382 1196 1473 1249 τὸν
1532 1196 1845 1267 ἄνθρωπον,

270 1288 478 1355 μᾶλλον
496 1288 552 1342 δὲ
581 1289 701 1360 οὐχὶ
729 1289 1037 1360 ἄνθρωπον,
1069 1289 1185 1342 ἀλλ’
1212 1289 1500 1357 ἀνθρώπου
1530 1308 1582 1343 τι
1612 1291 1842 1343 εἴδωλον

156 1418 159 1419 ν
268 1383 369 1433 καὶ
403 1382 698 1453 όμοίωμα;
732 1380 827 1446 Τίς
852 1382 909 1434 δ’
937 1381 1003 1435 ἂν
1037 1379 1252 1450 ἐγένετο
1306 1383 1407 1452 τῆς
1450 1382 1665 1451 φύσεως
1694 1381 1853 1452 ἡμῶν

267 1472 581 1543 διόρθωσις,
615 1475 664 1526 εἰ
692 1473 788 1528 τοῦ
847 1475 1096 1543 ἐπιγείου
1128 1474 1269 1540 ζώου
1304 1476 1679 1545 νενοσηκότος,
1738 1475 1854 1528 ἓτε-

273 1565 371 1635 ρόν
396 1564 587 1617 τιτῶν
618 1565 887 1636 οιὶρανίων
915 1566 1014 1636 τὴν
1054 1565 1205 1620 θείαν
1253 1565 1543 1635 ἐπιμιξίαν
1587 1568 1851 1633 ὲδέξατος

272 1654 392 1707 Οὐκ
425 1655 672 1727 ἔστιγὰρ
723 1656 1132 1727 θεραπευθῆναι
1183 1656 1277 1711 τὸν
1313 1657 1615 1727 κάμνοντα,
1649 1658 1723 1728 μὴ
1755 1655 1852 1710 τοῦ

270 1746 569 1812 πονοῦντος
608 1749 807 1819 μέρους
866 1749 1182 1814 ἰδιαζόντως
1230 1748 1529 1819 δεξαμένου
1561 1750 1660 1819 τὴν
1685 1749 1850 1805 ίασιν.

271 1837 460 1892 Εἰιοῦν
495 1840 555 1893 τὸ
613 1841 716 1911 μὲν
748 1844 961 1910 κάμνον
991 1842 1084 1894 ἐπὶ
1113 1840 1220 1911 γῆς
1270 1837 1360 1913 ἦν,
1387 1842 1421 1912 ἠ
1451 1841 1508 1895 δὲ
1540 1840 1845 1895 θείανδύνα-

1960 645 2017 700 in
2047 645 2215 699 vitam
2250 646 2501 715 ingredi?
2559 646 2601 700 E
2628 648 2789 713 coelo,
2818 650 3029 719 inquiet
3057 651 3145 705 ille
3170 651 3419 721 fortasse,
3451 657 3545 725 qui

1960 736 2355 804 prorreationis
2414 738 2665 794 humana:
2714 740 2923 797 ratione
2982 752 3042 796 ut
3098 742 3383 811 ingloriatn
3436 755 3551 802 tur-

1959 843 2195 899 pemque
2223 830 2473 900 despicit.
2501 831 2570 885 At
2602 830 2655 884 in
2716 831 2854 887 creto
2903 848 3011 887 non
3069 843 3190 889 erat
3245 836 3545 893 humanum

1962 936 2154 992 genus,
2190 936 2294 977 nec
2325 922 2469 976 ullus
2491 922 2752 977 vitiorum
2781 923 3001 978 morbus
3052 926 3121 979 ad
3151 940 3397 981 summas
3428 929 3549 983 illas

1961 1010 2083 1065 cozli
2107 1012 2265 1067 sedes
2296 1013 2613 1083 aspirabat;
2648 1014 2737 1069 ubi
2770 1024 2951 1068 autem
2998 1016 3196 1071 malum
3249 1034 3354 1073 non
3407 1030 3547 1081 erat,

1964 1103 2039 1158 ibi
2072 1119 2175 1159 nec
2207 1104 2492 1159 hominum
2523 1106 2633 1160 vita
2671 1106 3011 1161 versabalur.
3059 1106 3347 1172 Quomodo
3380 1110 3545 1179 igitur

1962 1210 1993 1250 e
2018 1196 2159 1250 coelo
2183 1197 2452 1265 quiSpiam
2489 1205 2696 1267 quaerat
2721 1198 2827 1253 Deo
2882 1198 3182 1265 hominem,
3230 1202 3313 1254 vel
3364 1203 3545 1271 potius

1963 1286 2192 1357 emgiem
2228 1287 2542 1357 quamdam,
2568 1304 2631 1343 ac
2658 1288 3012 1343 simulacrum
3039 1290 3275 1347 hominis
3328 1292 3549 1363 aﬂingi?

1963 1378 2161 1449 Ecquas
2190 1388 2397 1435 natura:
2450 1391 2648 1435 nostra:
2695 1382 2877 1436 cautio
2928 1381 3123 1437 fuisset
3187 1382 3448 1448 adhibita,
3500 1384 3546 1437 si

1962 1484 2085 1524 cum
2123 1480 2382 1526 terrestre
2415 1472 2619 1526 animal
2648 1472 2936 1533 laboraret.
2970 1475 3276 1529 ctelestium
3320 1476 3543 1546 aliquod

1962 1562 2203 1617 divinam
2277 1564 2661 1620 admissionem
2730 1567 3103 1635 suscepisset?
3164 1568 3352 1637 [\eque
3398 1569 3545 1622 enim

1961 1664 2198 1723 aegrotus
2226 1658 2409 1712 curari
2443 1666 2642 1727 potest,
2672 1658 2777 1713 nisi
2799 1659 2934 1728 parti
2964 1659 3231 1714 laboranti
3263 1660 3545 1729 proprium

1962 1744 2319 1800 admoveatur
2376 1747 2855 1802 medicamentum.
2890 1746 3075 1817 Itaque
3135 1764 3257 1802 cum
3296 1748 3348 1802 in
3405 1760 3547 1803 terra

1962 1848 2127 1903 esset,
2160 1837 2252 1907 qui
2277 1839 2589 1909 aegrotabat,
2627 1840 2670 1893 si
2730 1838 2913 1894 divina
2965 1840 3206 1910 potentia
3265 1841 3548 1910 dignitatis

273 1948 372 2001 μις
400 1931 496 1984 τοῦ
557 1931 865 2002 κάμνοντος
930 1932 1005 2003 μὴ
1072 1933 1345 2004 ἐφήψατο,
1406 1933 1544 2003 πρὸς
1592 1933 1653 1985 τὸ
1684 1933 1852 2004 ἑαυτῇ

1961 1943 2073 1982 sua:
2109 1928 2288 1983 habita
2320 1929 2535 1982 ratione
2564 1939 2919 1999 aegrotantem
2972 1945 3082 1985 non
3127 1932 3550 1999 attigisset,inu-

273 2020 558 2090 βλέπουσα
586 2022 818 2093 πρέπον,
848 2021 1125 2093 ἄχρηστος
1157 2018 1225 2093 ἦν
1255 2021 1334 2093 τῷ
1363 2022 1639 2093 ἀνθρώπῳ
1662 2023 1696 2090 ὴ
1726 2023 1856 2092 περὶ

270 2112 347 2163 τὰ
385 2112 557 2180 μηδὲν
606 2113 740 2182 ἡμῖν
775 2112 1238 2167 ἐπικοινωνοῦντα
1268 2113 1369 2183 τῆς
1398 2113 1549 2176 θείας
1567 2114 1856 2183 δυνάμεως

270 2203 522 2272 ἀσχολία.
554 2204 627 2256 Τὸ
648 2204 871 2274 μὲνγὰρ
899 2204 1147 2274 ἀπρεπὲς
1175 2205 1269 2258 ἐπὶ
1300 2204 1400 2274 τῆς
1432 2204 1685 2277 θεότητος
1714 2205 1854 2270 ίσον,

271 2298 437 2363 είπερ
514 2295 651 2359 ὅλως
745 2295 968 2365 θεμιτόν
1025 2297 1176 2349 ἐστιν
1234 2298 1363 2352 ἄλλο
1422 2314 1475 2350 τι
1535 2297 1689 2369 παρὰ
1758 2298 1857 2368 τὴν

270 2389 475 2440 κακίαν
504 2388 753 2457 ἀπρεπὲς
782 2388 984 2440 ἐννοεῖν
1014 2403 1030 2420 ⁸
1081 2388 1222 2459 πλὴν
1252 2388 1333 2459 τῷ
1388 2388 1743 2460 μικροψύχως
1798 2390 1857 2441 ἐν

268 2476 454 2546 τούτῳ
483 2477 728 2548 κρίνοντι
781 2476 880 2547 τὴν
944 2476 1097 2531 θείαν
1130 2477 1554 2548 μεγαλειότητα,
1584 2480 1640 2530 ὲν
1667 2477 1746 2547 τῷ
1774 2477 1858 2530 δέ-

274 2568 474 2629 ξασθαι
502 2568 615 2622 τῶν
643 2569 743 2638 τῆς
774 2568 989 2638 φύσεως
1044 2568 1206 2638 ⁴ἡμῶν
1243 2568 1553 2636 ἰδιωμάτων
1607 2568 1707 2638 τὴν
1736 2585 1857 2620 κοιο

276 2660 503 2725 νωνίαν,
565 2660 721 2715 οὐδὲν
777 2663 980 2732 μᾶλλον
1049 2662 1459 2731 παραμυθεῖται
1529 2661 1592 2713 τὸ
1670 2659 1856 2724 ἄδοξον

270 2753 515 2825 οὐρανίῳ
534 2753 748 2823 σώματι
766 2754 798 2827 ἦ
822 2757 978 2825 ὲπιγε
988 2754 1051 2825 ίῳ
1082 2753 1597 2825 συσχηματισθῆναι
1612 2753 1672 2807 τὸ
1692 2754 1854 2810 θετον.

270 2846 385 2899 Τοῦ
441 2849 548 2917 γὰρ
597 2848 844 2918 ὑψίστου,
901 2850 996 2902 καὶ
1056 2849 1360 2918 ἀπροσίτου
1420 2847 1563 2900 κατὰ
1607 2846 1670 2898 τὸ
1719 2844 1856 2915 ῦψος

269 2939 379 3008 τῆς
401 2940 617 3011 φύσεως
646 2942 680 3002 ἠ
715 2942 893 3005 κτίσις
931 2943 1082 2996 πᾶσα
1111 2941 1254 2996 κατὰ
1282 2940 1343 2994 τὸ
1372 2940 1485 2993 ίσον
1503 2940 1596 2993 hri.
1620 2940 1679 2993 15
1708 2941 1859 2993 κάτω

270 3032 573 3100 ἀφέστηκε,
626 3033 720 3085 καὶ
771 3033 1053 3103 όμοτίμως
1083 3032 1233 3104 αὐτῷ
1290 3033 1352 3086 τὸ
1385 3033 1493 3086 πᾶν
1522 3030 1857 3099 ύποϐέὸηκε.

273 3124 323 3175 Τ
323 3124 351 3176 δ
381 3124 493 3196 γὰρ
524 3124 751 3179 καθόλου
804 3125 1101 3197 ἀπρόσιτον
1128 3126 1190 3179 οῦ
1221 3142 1329 3178 τινι
1363 3125 1466 3193 μέν
1503 3124 1619 3177 ἐστι
1668 3139 1860 3194 προσι-

277 3215 398 3280 τὸν,
421 3214 499 3285 τῷ
526 3216 581 3268 δὲ
609 3214 1077 3286 ἀπροσπέλαστον,
1103 3213 1218 3268 ἀλλ’
1248 3214 1446 3285 ἐπίσης
1474 3212 1693 3268 πάντων
1745 3211 1858 3264 τῶν

1959 2019 2052 2073 tile
2091 2019 2285 2075 fuisset
2316 2020 2520 2074 homini
2571 2020 2767 2076 divina:
2813 2023 3072 2092 potentia:
3122 2023 3387 2089 studium,
3446 2023 3550 2077 illis

1957 2110 2290 2176 adhibitum,
2331 2127 2451 2182 quae
2502 2113 2640 2167 nihil
2704 2112 2771 2168 ad
2822 2130 2922 2169 nos
2964 2114 3320 2183 pertinerent.
3371 2115 3547 2184 Aique

1957 2203 2107 2257 enim
2166 2204 2452 2259 divinitate
2502 2205 2694 2260 fuisset
2744 2206 3049 2277 indignum,
3106 2206 3151 2262 si
3181 2207 3261 2261 fas
3321 2217 3405 2262 est
3459 2206 3550 2261 illa

1957 2296 2235 2366 quippiam
2265 2296 2545 2365 indignum
2572 2308 2768 2366 praeter
2790 2299 2978 2353 vitium
3007 2300 3211 2364 dicere,
3246 2300 3545 2354 remedTum

1961 2386 2140 2441 minus
2168 2398 2355 2457 aptum
2384 2398 2438 2443 et
2488 2390 2795 2460 appositum
2827 2391 3157 2461 excogitare.
3210 2391 3377 2456 Quid,
3405 2392 3550 2459 quod

1957 2492 2106 2542 eum,
2135 2478 2227 2548 qui
2268 2488 2477 2533 naturre
2526 2489 2727 2535 nostra:
2778 2482 3151 2535 conditionem
3198 2482 3548 2536 humiliorem

1959 2577 2137 2637 putat,
2194 2585 2357 2639 quam
2410 2580 2471 2625 ut
2532 2564 2775 2626 divinam
2842 2572 3274 2641 magnitudinem
3334 2573 3548 2637 deceat,

1958 2659 2131 2714 nihilo
2154 2662 2325 2732 magis
2344 2662 2680 2727 consolatur,
2705 2663 2849 2733 quod
2877 2663 3101 2718 caeleste
3124 2678 3344 2737 corpus,
3378 2680 3542 2733 quam

1958 2754 2103 2823 quod
2138 2760 2415 2809 terrenum
2468 2756 2609 2810 Deus
2642 2755 2919 2811 induerit?
2964 2757 3046 2812 Ab
3094 2756 3187 2811 illo
3239 2758 3385 2811 enim
3446 2756 3545 2825 qui

1959 2855 2174 2901 naturae
2200 2860 2311 2905 suae
2346 2846 2683 2902 sublimitate
2713 2857 2821 2902 tam
2854 2848 3110 2903 excelsus
3155 2858 3255 2915 est,
3305 2859 3363 2902 ut
3412 2850 3551 2906 nihil

1959 2938 2027 2991 ad
2054 2952 2177 2991 eum
2212 2937 2455 3008 aspirare
2508 2949 2691 3009 queat,
2750 2955 2944 2996 omnes
3004 2957 3092 2997 res
3139 2954 3434 3013 procreat:e
3483 2962 3551 3001 ex

1958 3044 2117 3099 aequo
2143 3030 2366 3097 distant,
2400 3045 2590 3085 omnes
2613 3030 2662 3085 ei
2703 3032 2909 3102 pariter
2934 3032 3154 3087 cedunt.
3192 3033 3242 3087 ls
3275 3036 3446 3096 cnim,
3480 3040 3548 3090 ad

1962 3135 2123 3189 quem
2155 3136 2379 3191 prorsus
2411 3136 2520 3175 non
2549 3130 2727 3191 potest
2757 3122 2962 3189 accedi,
2998 3138 3110 3177 non
3136 3134 3219 3178 est
3250 3125 3543 3195 ejusmodi,

1961 3213 2108 3268 utad
2136 3229 2259 3270 eum
2306 3214 2423 3269 alite
2457 3230 2544 3270 res
2574 3214 2781 3269 aditum
2836 3215 3095 3284 habeant,
3138 3216 3254 3271 alia:
3299 3233 3408 3271 non
3453 3218 3552 3273 ha-

269 3306 447 3360 δντων
481 3308 946 3378 ὑπερανέστηκεν.
975 3306 1157 3359 Ὅπου
1195 3306 1374 3359 τοίνυν
1401 3307 1435 3374 ἡ
1501 3306 1677 3370 νόσος,
1735 3303 1852 3356 ὲκιί

1959 3302 2141 3367 beant,
2162 3303 2258 3357 sed
2277 3303 2533 3359 omnibus
2546 3304 2826 3374 aequaliter
2846 3314 3064 3374 praestat
3079 3316 3241 3375 atque
3257 3306 3551 3364 antecellit.

270 3397 529 3465 φοιτῆσαι
549 3396 650 3467 τὴν
678 3397 915 3466 ἰωμένην
946 3396 1186 3466 δύναμιν
1214 3394 1627 3466 ὁμολογοῦντες,
1658 3394 1712 3447 τί
1744 3394 1851 3460 ἔξω

277 3490 380 3557 τῆς
415 3487 758 3557 θεοπρεποῦς
789 3487 1115 3559 ὑπολήψεως
1166 3486 1654 3557 πεπιστεύκαμενς
1691 3485 1855 3539 Ἀλλὰ

272 3580 601 3650 κωμῳδοῦσι
650 3580 747 3651 τὴν
775 3580 936 3648 φύσιν
961 3581 995 3651 ὴ
1005 3579 1143 3650 μῶν,
1176 3579 1384 3632 καὶτὸν
1415 3579 1515 3649 τῆς
1543 3578 1853 3649 γεννήσεως

269 3674 471 3744 τρόπον
528 3670 927 3742 διαθρυλλοῦσι,
985 3670 1079 3724 καὶ
1112 3669 1317 3724 οἴονται
1360 3670 1451 3725 διὰ
1502 3672 1709 3724 τούτων
1729 3672 1853 3724 ὲπι-

271 3764 539 3832 γέλαστον
563 3765 742 3817 ποιεῖν
793 3765 855 3817 τὸ
899 3763 1227 3835 μυστήριον,
1256 3762 1334 3825 ὡς
1378 3762 1623 3834 ἀπρεπὲς
1648 3762 1711 3817 ὃν
1733 3762 1852 3833 Θεῷ

270 3857 361 3910 διὰ
390 3855 651 3925 τοιαύτης
676 3854 885 3907 εἰσόδου
916 3854 1018 3923 τῆς
1043 3853 1139 3907 τοῦ
1188 3852 1530 3926 ἀνθρωπίνου
1575 3852 1694 3923 βίου
1738 3869 1852 3905 κοι-

272 3948 474 4013 νωνίας
518 3947 857 4018 ἐφάψασθαι.
931 3946 1072 3999 ⁹Δλλ²
1118 3946 1218 4017 ήδη
1244 3946 1375 4016 περὶ
1398 3943 1591 3998 τούτου
1648 3945 1745 3999 καὶ
1792 3945 1853 3999 ὲν

271 4046 389 4106 τοῖς
418 4044 726 4113 ἔμπροσθεν
753 4040 971 4113 εἴρηται
992 4040 1195 4108 λόγοις,
1223 4039 1305 4092 ὅτι
1336 4038 1496 4108 μόνον
1524 4035 1751 4106 αἰσχρὸν
1782 4037 1851 4106 τῇ

279 4134 469 4189 ἑαυτοῦ
491 4135 651 4203 φύσει
678 4132 739 4186 τὸ
773 4132 941 4187 κακόν
974 4134 1114 4197 ἐστι,
1148 4130 1244 4183 καὶ
1294 4130 1347 4183 εί
1369 4145 1422 4183 τι
1459 4129 1595 4198 πρὸς
1619 4127 1720 4198 τὴν
1750 4143 1854 4181 κα·

278 4228 401 4281 κίαν
428 4225 646 4289 οἰκείως
662 4225 897 4295 ἒχειιἮ
928 4223 985 4276 δὲ
1016 4224 1115 4293 τῆς
1137 4222 1352 4294 φύσεως
1369 4218 1682 4282 ἀκολουθία,
1717 4218 1848 4288 θείῳ

276 4316 575 4388 βουλήματι
605 4316 702 4369 καὶ
751 4314 899 4385 νόμῳ
925 4312 1294 4383 διαταχθείσα,
1342 4310 1534 4381 πόρρω
1566 4312 1668 4381 τῆς
1692 4309 1836 4363 κατὰ

277 4412 485 4462 κακίαν
514 4408 633 4461 ἐστί
689 4407 967 4477 διαϐολῆς.
1016 4407 1087 4459 Ἥ
1123 4403 1268 4459 οὕτω
1321 4403 1374 4472 γ’
1404 4403 1471 4457 ἂν
1493 4403 1587 4456 ἐπὶ
1629 4404 1722 4455 τὸν
1751 4404 1850 4472 δη-

275 4502 533 4571 μιουργδν
555 4502 588 4571 ἡ
609 4499 909 4571 κατηγορία
938 4497 1038 4568 τῆς
1065 4495 1280 4566 φύσεως
1311 4495 1547 4561 ἐπανίοι,
1578 4493 1631 4546 εί
1658 4512 1711 4548 τι
1739 4494 1851 4548 τῶν

277 4595 404 4663 περὶ
431 4594 605 4665 αὐτὴν
629 4594 705 4658 ὡς
751 4593 978 4663 αἰσχρόν
1008 4608 1067 4644 τε
1100 4591 1196 4644 καὶ
1219 4587 1469 4657 ἀπρεπὲς
1489 4586 1848 4643 διαϐάλλοιτο.

277 4688 341 4741 Εἰ
374 4680 469 4738 οῦν
516 4687 711 4748 κακίας
753 4684 815 4736 τὸ
853 4684 1013 4735 Θείον
1069 4680 1423 4752 κεχώρισται,
1484 4678 1647 4748 φύσις
1678 4677 1734 4732 δὲ
1761 4694 1858 4731 κα-

274 4781 371 4834 κία
400 4782 501 4833 ούκ
527 4779 666 4843 ἔστι,
724 4775 784 4830 τδ
836 4774 895 4830 δὲ
930 4776 1235 4847 μυστήριον
1291 4776 1349 4827 ὲν
1402 4771 1677 4843 ἀνθρώπῳ
1704 4769 1858 4840 γενέ-

276 4872 401 4927 σθαι
428 4873 521 4924 τὸν
548 4870 802 4924 Θεὸνοὺκ
833 4870 892 4922 ὲν
914 4869 1083 4939 κακία
1104 4867 1277 4935 λέγει,
1302 4867 1335 4937 ἡ
1358 4866 1416 4920 δὲ
1445 4866 1538 4919 τοῦ
1560 4865 1853 4937 ἀνθρώπου

273 4965 367 5018 ἰπὶ
415 4964 507 5016 τὸν
550 4963 663 5032 βίον
700 4961 905 5025 εἴσοδος
976 4959 1075 5030 μία
1121 4961 1259 5024 ἐστὶ,
1310 4953 1470 5029 δι’ἦς
1545 4958 1855 5027 παράγεται

274 5058 367 5109 ἐπὶ
395 5055 494 5126 τὴν
552 5054 698 5123 ζωὴν
760 5053 819 5105 τὸ
876 5050 1239 5120 γεννώμενον⁶
1298 5050 1421 5102 τίνα
1471 5045 1853 5117 νομοθετοῦσιν

275 5147 465 5216 ἕτερον
493 5145 693 5213 τρόπον
721 5144 799 5212 τῷ
841 5142 959 5211 Θεῴ
1012 5140 1107 5212 τῆς
1137 5142 1217 5203 εἰς
1248 5141 1338 5191 τὸν
1377 5138 1489 5208 βίον
1521 5138 1757 5209 παρόδου
1804 5137 1853 5188 οἰ

278 5237 685 5306 ἑπισκεφθῆναι
713 5238 809 5305 μὲν
840 5235 969 5306 περὶ
1010 5233 1107 5305 τῆς
1159 5230 1312 5293 θείας
1341 5230 1630 5300 δυνάμεως
1690 5228 1854 5282 ἀσθε-

273 5332 523 5400 νήσασαν
566 5331 624 5381 ὲν
675 5328 848 5398 κακίᾳ
906 5325 1004 5395 τὴν
1052 5324 1217 5393 φύσιν
1273 5321 1495 5389 εὔλογον
1551 5321 1851 5390 κρίνοντες,

276 5421 414 5491 πρὸς
438 5419 496 5473 δὲ
535 5421 627 5473 τὸν
652 5418 755 5489 τῆς
786 5417 1139 5485 ἐπισκέψεως
1172 5414 1373 5483 τρόπον
1404 5408 1851 5481 δυσαρεστούμε-

274 5531 359 5568 vos
394 5531 410 5579 ;
462 5515 562 5566 οὐκ
623 5512 826 5576 εἰδότες
860 5513 943 5564 ὅτι
1001 5510 1151 5562 πᾶσα
1182 5505 1322 5577 πρὸς
1384 5503 1581 5573 ἑαυτὴν
1616 5504 1649 5573 ή
1685 5518 1853 5555 καταο

274 5609 450 5679 σκευὴ
472 5607 567 5661 τοῦ
591 5604 844 5677 σώματος
871 5603 1154 5674 ὁμοτίμως
1178 5600 1311 5669 ἔχει,
1346 5597 1442 5651 καὶ
1457 5595 1609 5648 οὐδὲν
1636 5596 1693 5646 ὲν
1723 5591 1854 5646 ταύ-

271 5718 347 5773 τῃ
376 5705 485 5755 τῶν
521 5701 667 5772 πρὸς
701 5698 800 5769 τὴν
830 5699 1096 5751 σύστασιν
1125 5694 1221 5763 τῆς
1246 5690 1393 5761 ζωῆς
1447 5686 1851 5741 συντελούντων

269 5796 346 5859 ὡς
372 5795 567 5866 ἄτιμόν
598 5812 650 5848 τι
685 5794 719 5863 ἦ
768 5789 1005 5863 πονηρὸν
1034 5785 1401 5841 διαϐάλλεται.
1432 5782 1576 5852 Πρὸς
1603 5780 1697 5833 ἕνα
1740 5781 1850 5850 γὰρ

274 5889 480 5941 σκοπόν
509 5890 541 5955 ἡ
567 5886 676 5941 τῶν
703 5882 1011 5957 ὀργανικῶν
1028 5879 1215 5953 μελῶν
1240 5873 1503 5944 διασκευὴ
1533 5873 1686 5929 πᾶσα
1715 5888 1844 5927 συν-

1959 3395 2349 3462 Quamobrem,
2375 3412 2497 3450 cum
2521 3396 2647 3450 illuc
2673 3396 2925 3450 medendi
2947 3397 3257 3451 facultatem
3280 3400 3549 3454 accedere

1955 3484 2249 3550 fateamur,
2311 3486 2404 3541 ubi
2468 3486 2692 3541 morbus
2722 3496 2853 3552 1st,
2914 3486 3046 3556 quid
3107 3486 3218 3541 Deo
3271 3488 3555 3541 credimus

1954 3576 2280 3645 indignum?
2316 3578 2390 3630 At
2421 3589 2675 3631 naturam
2726 3587 2971 3632 nostram
3018 3578 3378 3648 insectantur,
3429 3595 3555 3634 nas-

1923 3669 2221 3739 .cendique
2253 3670 2469 3726 modum
2498 3672 2797 3741 exagitant,
2854 3685 3028 3739 eaque
3081 3686 3140 3725 re
3164 3686 3225 3726 se
3256 3672 3308 3724 id
3335 3686 3556 3725 assecu-

1957 3769 2109 3815 turos
2159 3760 2503 3827 existimant,
2551 3770 2610 3815 ut
2657 3762 2979 3833 mysterium
3035 3761 3349 3825 irrideatur,
3402 3763 3553 3831 quod

1958 3854 2070 3910 Deo
2095 3855 2165 3910 sit
2191 3854 2497 3925 indignum,
2526 3853 2796 3924 ejusmodi
2826 3853 3073 3923 ingressu
3104 3852 3172 3907 ad
3199 3868 3550 3908 communem

1954 3946 2241 4000 hominum
2274 3945 2439 4000 vitam
2463 3945 2782 4001 accessisse.
2817 3944 2898 3998 Ad
2942 3942 3059 3998 haec
3109 3952 3273 3997 antea
3327 3958 3566 4013 quoque,

1942 4035 2366 4105 respondimus,
2394 4034 2529 4089 nihil
2560 4049 2682 4089 esse
2723 4042 2881 4104 turpe
2918 4034 3116 4088 divinae
3162 4044 3391 4100 natura},
3439 4033 3552 4088 nisi

1953 4128 2145 4183 vitium
2210 4139 2265 4182 et
2288 4142 2408 4197 quae
2450 4143 2574 4181 cum
2612 4126 2745 4181 vitio
2798 4126 3089 4196 conjuncta
3139 4134 3290 4189 sunt,
3343 4135 3554 4180 natura:

1952 4228 2137 4274 autem
2159 4219 2408 4274 ordinem
2434 4218 2623 4274 divino
2652 4218 2884 4281 consilio
2929 4227 2984 4272 et
3028 4220 3147 4288 lege
3192 4217 3552 4272 cotistitutum

1953 4312 2022 4366 ab
2052 4313 2201 4367 omni
2233 4312 2365 4367 vitio
2392 4319 2664 4367 remotum
2708 4326 2852 4366 esse.
2884 4310 3020 4365 Nam
3053 4310 3098 4364 si
3130 4309 3261 4379 quid
3295 4308 3349 4363 in
3379 4323 3443 4363 ea
3495 4320 3557 4366 ut

1955 4410 2122 4471 turpe
2150 4412 2314 4473 atque
2334 4403 2658 4458 indecorum
2691 4402 3021 4473 reprehendi
3048 4410 3255 4471 posset,
3283 4401 3336 4455 id
3373 4402 3554 4471 ipsum

1956 4495 2012 4550 in
2041 4494 2162 4563 ejus
2191 4493 2463 4549 recideret
2491 4501 2776 4547 auctorem
2824 4491 3018 4545 Deum.
3076 4489 3232 4556 Quod
3268 4490 3312 4544 si
3342 4506 3372 4543 a
3423 4490 3557 4544 vitio

1962 4585 2105 4641 Deus
2124 4586 2404 4655 seiunctus
2450 4593 2556 4649 est,
2590 4593 2644 4639 et
2678 4582 2809 4638 vitio
2840 4592 3036 4636 natura
3071 4591 3239 4647 caret,
3273 4591 3328 4635 et
3355 4592 3562 4652 myste-

1962 4678 2104 4731 rium
2127 4677 2185 4731 in
2210 4675 2429 4730 homine
2456 4674 2653 4738 Deum,
2700 4688 2811 4728 non
2843 4672 2898 4726 in
2939 4671 3076 4727 vitio
3132 4680 3317 4724 natum
3362 4671 3555 4739 tradit,

1959 4781 2015 4826 et
2044 4768 2281 4825 hominis
2312 4783 2454 4822 unus
2482 4776 2567 4823 est
2596 4765 2652 4820 in
2680 4765 2848 4821 vitam
2896 4763 3195 4835 ingressus,
3241 4779 3340 4834 per
3387 4776 3553 4832 quem

1957 4862 2101 4934 quod
2134 4861 2379 4933 genitum
2408 4868 2511 4925 est,
2543 4857 2724 4913 editur
2774 4858 2828 4911 in
2876 4857 3095 4912 vitalem
3157 4855 3298 4910 hanc
3348 4855 3553 4921 lucem,

1957 4969 2184 5024 ecquam
2231 4953 2393 5007 aliam
2444 4950 2535 5006 isti
2587 4951 2641 5004 in
2696 4949 2862 5004 vitam
2922 4948 3235 5004 introeundi
3284 4948 3554 5002 rationem

1957 5046 2071 5100 Deo
2102 5042 2513 5116 praescribunt?
2540 5042 2701 5109 Nam,
2756 5041 2902 5112 quod
2966 5039 3132 5094 Deum
3177 5040 3417 5109 potentia
3455 5052 3554 5091 sua

1956 5138 2198 5192 invisere
2254 5136 2511 5190 debuisse
2573 5145 2825 5189 naturam
2880 5135 2934 5188 in
3006 5132 3143 5187 vitio
3200 5138 3555 5201 aegrotantem

1952 5230 2221 5301 judicant,
2255 5236 2399 5283 recte
2431 5228 2676 5283 sentiunt
2710 5226 2897 5295 :quod
2922 5234 3108 5280 autem
3164 5221 3381 5276 visendi
3435 5234 3555 5272 mo-

1958 5323 2086 5377 dum
2114 5320 2443 5390 improbant,
2472 5320 2762 5390 ,ignorant,
2817 5332 3038 5373 omnem
3091 5314 3339 5384 corporis
3390 5311 3559 5364 fabri-

1956 5427 2075 5466 cam
2109 5411 2301 5467 eodem
2351 5426 2470 5465 esse
2521 5410 2744 5465 honoris
2799 5423 2864 5462 ac
2916 5408 3075 5476 pretii
3136 5407 3275 5467 loco,
3306 5412 3358 5457 et
3416 5400 3554 5455 nihil

1959 5518 2170 5569 eorum,
2205 5518 2325 5573 qua:
2356 5505 2522 5557 vitam
2547 5510 2797 5557 assecuta
2835 5509 2984 5564 sunt,
3021 5506 3079 5552 ut
3107 5496 3421 5565 despectum
3459 5501 3555 5547 aut

1954 5605 2111 5667 turpe
2144 5596 2513 5667 reprehendi;
2551 5594 2733 5650 omnia
2774 5593 2925 5648 enim
2975 5592 3339 5645 humanorum
3383 5598 3555 5639 mem-

1952 5687 2177 5742 brorum
2215 5688 2576 5740 instrumenta
2609 5682 2841 5738 tendunt
2868 5681 2934 5736 ad
2962 5695 3130 5734 unum
3166 5677 3315 5732 illum
3361 5677 3549 5741 ﬁnem,

1953 5790 2014 5836 ut
2055 5782 2216 5834 homo
2247 5785 2607 5835 conservetur
2651 5775 2707 5829 in
2754 5774 2886 5828 vita.
2940 5772 3073 5828 Pars
3137 5770 3303 5843 igitur
3356 5783 3550 5823 eorum

1952 5882 2279 5948 praesentem
2319 5870 2486 5927 vitam
2536 5878 2742 5938 tuetur,
2790 5883 2910 5942 qua:
2956 5867 3024 5924 ad
3071 5865 3252 5922 varios
3296 5877 3427 5919 usus
3472 5860 3553 5918 ita
