3954 6564
499 363 614 440 235
1724 379 2108 445 EUTHYMII
2146 387 2471 451 ZIGABEN
2481 392 2506 450 1
3648 403 3747 465 236

500 494 699 549 ancilla
729 489 957 547 Domini.
991 488 1110 545 Fiat
1132 489 1259 544 milii
1290 493 1575 547 secuudum
1604 496 1811 549 verbum
1851 508 1996 553 tuum
2038 499 2048 530 ¹

2181 502 2427 571 θήσεται
2484 506 2613 571 Υἱὸς
2655 502 2827 561 Θεοῦ.
2882 503 2945 557 Ἥ
2984 504 3040 559 δὲ
3082 506 3218 577 πρὸς
3266 506 3449 571 αὑτὸν,
3503 509 3663 563 Ἰδοὺ
3708 514 3744 578 ἠ

501 586 633 643 Post
661 596 942 639 assensum
970 580 1133 652 igitur
1157 590 1360 638 sancta:
1390 582 1647 653 Virginis,
1680 586 1918 658 Spiritus
1943 602 2048 644 san-

2173 595 2363 665 δούλη
2401 600 2640 667 Kvplov'
2686 598 2922 667 γένοιτό
2967 615 3068 667 μοι
3120 597 3272 654 κατὰ
3316 600 3382 653 τὸ
3410 601 3577 670 ῥῆμά
3606 619 3741 659 σου.

500 690 623 735 ctus
680 693 745 733 ex
796 690 1048 731 sermone
1100 671 1316 729 Domini
1373 690 1531 744 quem
1578 680 1799 747 angelus
1856 682 2042 736 disera

2176 686 2332 741 Μετά
2371 686 2464 741 οὖν
2501 688 2601 760 τὴν
2651 690 3051 757 συγκατάθεσιν
3096 689 3196 761 τῆς
3248 691 3413 758 ἁγίας
3458 692 3743 762 Παρθένου

497 769 769 826 descendit
813 768 865 822 in
900 782 1043 833 eam,
1075 766 1353 837 ipsamque
1377 769 1644 839 purgavit,
1677 780 1731 825 et
1759 772 1864 825 vim
1898 772 1970 827 illi
1999 789 2048 827 at

2176 779 2401 850 Πνεῦμα
2437 778 2594 850 ἅγιον
2622 782 2853 851 ἐπῆλθεν
2884 783 2972 836 ἐπ’
2996 783 3190 853 αὐτὴν,
3217 782 3355 837 κατὰ
3387 785 3477 836 τὸν
3503 784 3601 838 τοῦ
3635 788 3747 840 Κυ-ι
3772 788 3777 793 ”

495 862 899 932 suscipiendam
946 859 1111 916 Verbi
1139 859 1497 925 divinitatem,
1529 870 1581 915 et
1612 862 1677 915 ad
1702 867 2048 934 generandun

2175 871 2290 941 ρίου
2339 872 2515 940 λόγον,
2558 873 2619 925 ὃν
2661 869 2815 926 εἶπεν
2860 875 2887 927 6
2932 873 3186 941 ἄγγελος,
3240 874 3502 945 καθαῖρον
3549 876 3741 949 αὐτὴν,

410 942 413 943 ⁷
493 953 737 1023 praebuit.
787 952 851 1007 Et
901 959 1027 1008 tunc
1079 951 1129 1008 ei
1164 951 1218 1006 in
1261 965 1359 1007 sua
1392 965 1613 1007 manens
1650 954 1925 1024 hypostasi
1972 958 2063 1013 Dei

492 1041 741 1098 altissimi
813 1041 1079 1112 sapientia
1108 1080 1126 1109 ,
1175 1048 1228 1097 et
1271 1041 1478 1105 virtus,
1557 1040 1723 1097 Filius
1774 1044 1889 1112 Dei,
1920 1047 2067 1118 ejus-

490 1135 614 1188 dem
670 1132 917 1188 essentiae
977 1146 1100 1188 cum
1168 1130 1330 1187 Patre
1388 1143 1637 1204 tanquam
1694 1134 1937 1192 divinum
1972 1154 2062 1194 se-

491 1238 617 1278 men
651 1222 1033 1289 obumbravit,
1085 1221 1295 1292 sibique
1348 1237 1411 1278 ex
1458 1223 1624 1279 castis
1670 1232 1725 1278 et
1756 1226 2063 1295 purissimis

489 1314 608 1385 ejus
650 1315 998 1386 sanguinibus
1022 1315 1295 1386 contpegit
1325 1317 1564 1383 [carnem
1619 1317 1909 1371 animatum
1946 1320 2063 1374 ani-

490 1421 619 1471 ma,
680 1406 923 1472 ratione,
990 1415 1277 1475 menteque
1330 1406 1593 1477 praedita,
1641 1407 1907 1476 primitias
1964 1424 2061 1463 no-

488 1504 619 1552 strai
651 1511 862 1563 massae,
894 1510 999 1551 non
1046 1497 1271 1557 semine,
1324 1498 1419 1553 sed
1485 1498 1666 1553 divino
1692 1499 1925 1555 artiﬁcio
1962 1515 2059 1567 per

489 1589 751 1657 Spiritum
784 1598 1027 1644 sanctum
1066 1602 1086 1646 τ
1114 1589 1282 1660 ﬁgura
1312 1602 1419 1644 non
1450 1590 1707 1660 paulatim
1748 1605 1847 1661 per
1873 1606 2058 1647 acces-

486 1683 666 1737 siones
694 1681 951 1750 perfecta,
987 1680 1080 1736 sed
1115 1694 1222 1735 uno
1270 1682 1569 1750 eodemque
1616 1693 1889 1738 momento
1924 1693 2058 1738 tem-

488 1774 637 1843 poris
670 1771 939 1829 absoluta.
976 1771 1155 1841 Ipsum
1187 1782 1366 1827 autem
1414 1773 1509 1827 Dei
1556 1774 1782 1829 Verbum
1815 1775 1891 1829 ita
1934 1790 2054 1829 cum

2168 964 2265 1015 xui
2294 963 2529 1034 δύναμιν
2561 963 2819 1031 δεκτικὴν
2843 963 2942 1035 τῆς
2975 965 3070 1018 τοῦ
3106 966 3282 1033 Λόγου
3313 966 3569 1036 θεότητος
3602 986 3744 1039 παρ-

2171 1053 2314 1125 έχον,
2346 1055 2463 1125 ἅμα
2492 1056 2549 1109 δὲ
2584 1058 2678 1109 xui
2714 1058 3061 1127 γεννητικὴν.
3118 1058 3225 1111 Kui
3257 1060 3379 1112 τότε
3415 1060 3741 1117 ἐπεσκίασεν

2168 1145 2337 1217 αὑτὴν
2371 1149 2404 1216 ἡ
2444 1147 2534 1200 τοῦ
2562 1146 2696 1200 Θεοῦ
2726 1147 2821 1200 τοῦ
2861 1147 3121 1217 Ὑψίστου
3156 1150 3522 1211 ὲνυπόστατος
3584 1150 3739 1221 σοφία

2166 1238 2264 1289 xui
2304 1237 2556 1307 δύναμις,
2601 1241 2630 1292 6
2682 1240 2811 1302 Υίὸς
2835 1238 2931 1293 τοῦ
2956 1239 3117 1303 Θεοῦ,
3155 1243 3185 1293 6
3209 1240 3288 1311 τῷ
3328 1242 3502 1312 Πατρὶ
3543 1242 3737 1311 όμοοὺ-

2166 1344 2303 1395 σιος,
2360 1332 2527 1382 οἱονεὶ
2568 1332 2708 1393 θεῖος
2744 1332 2965 1402 σπόρος,
3001 1333 3095 1385 καὶ
3125 1333 3427 1403 συνέπηξεν
3458 1335 3643 1403 ἑαυτῷ
3679 1336 3739 1389 ὲκ

2164 1420 2273 1474 τῶν
2300 1420 2481 1488 ἁγνῶν
2516 1421 2609 1475 xui
2640 1423 3045 1494 καθαρωτάτων
3074 1425 3244 1495 αὐτῆς
3276 1427 3527 1495 αἱμάτων
3560 1426 3737 1496 σάρκα

2170 1512 2604 1584 ινεψυχωμένην
2652 1514 2798 1586 ψυχῇ
2842 1516 3033 1585 λογικῇ
3063 1530 3123 1569 τε
3153 1516 3244 1569 xui
3274 1518 3455 1587 νοερᾷ,
3486 1518 3739 1588 ἀπαρχὴν

2163 1604 2259 1656 τοῦ
2306 1604 2578 1676 ἡμετέρου
2632 1607 2975 1677 φυράματος,
3028 1608 3088 1660 οὑ
3140 1610 3557 1677 σπερματικῶς,
3606 1611 3738 1663 ἀλλὰ

2164 1695 2576 1768 δημιουργικῶς
2622 1698 2711 1751 διὰ
2761 1699 2855 1751 τοῦ
2901 1700 3061 1767 ἁγίου
3114 1702 3456 1769 ιινεύματος,
3507 1704 3572 1755 οὑ
3621 1706 3737 1765 ταῖς

2166 1788 2309 1841 κατὰ
2364 1788 2560 1858 μικρὸν
2612 1789 2953 1860 προσθήκαις
2995 1792 3436 1862 ἀπαρτιζομένου
3469 1792 3565 1845 τοῦ
3615 1797 3738 1862 σχή-

485 1880 652 1921 carne
679 1863 1032 1935 coniunctum
1064 1874 1147 1919 est
1197 1864 1496 1934 hypostasi,
1540 1864 1783 1919 utsimul
1825 1874 1883 1921 et
1927 1880 2048 1920 caro

2160 1896 2349 1951 ματος,
2375 1880 2665 1950 ἀλλ’ὑφἘν
2698 1881 3097 1946 τελειωθέντος.
3128 1884 3299 1947 Λὺτὸς
3331 1884 3388 1937 δὲ
3412 1886 3440 1937 6
3468 1885 3565 1938 τοῦ
3595 1884 3728 1938 Θεοῦ

485 1955 669 2024 fuerit,
690 1966 746 2012 et
788 1956 881 2012 Dei
912 1955 1073 2012 Verbi
1109 1970 1260 2011 caro.
1314 1955 1485 2011 Simul
1508 1967 1561 2010 et
1592 1971 1721 2011 caro
1751 1956 1912 2013 fuerit
1942 1958 2059 2010 ani-

492 2058 632 2105 mata
684 2049 896 2105 ratione
931 2057 1215 2117 menteque
1258 2048 1504 2118 praedita,
1529 2057 1581 2102 et
1611 2048 1704 2103 Dei
1736 2047 1897 2104 Verbi
1927 2061 2058 2104 caro

491 2144 727 2197 animata
758 2142 969 2197 ratione
998 2150 1283 2210 menteque
1307 2141 1551 2210 prauiita.
1589 2139 1778 2211 Itaque
1811 2155 1917 2195 non
1965 2142 2060 2195 ho-

488 2234 686 2290 minem
720 2233 888 2289 Deum
918 2247 1041 2288 esse
1072 2233 1295 2295 factum.
1344 2234 1439 2288 sed
1489 2233 1658 2289 Deum
1708 2233 1910 2289 factum
1936 2250 2058 2291 esse

486 2326 753 2381 hominem
775 2325 1025 2381 dicimus.
1076 2323 1213 2378 Nam
1267 2325 1360 2394 qui
1401 2332 1593 2380 natura
1654 2328 1930 2396 perfectus
1972 2335 2058 2382 est

486 2419 652 2484 Deus,
679 2417 819 2472 idern
852 2425 1045 2471 natura
1098 2415 1271 2470 factus
1303 2426 1384 2471 est
1420 2418 1583 2472 homo
1614 2416 1911 2485 perlectus,
1942 2431 2050 2472 non

482 2518 675 2564 natura
709 2516 970 2573 mutatus,
1002 2521 1100 2562 nec
1124 2508 1489 2577 dispositionis
1519 2512 1753 2578 speciem
1788 2509 2056 2578 praebens,

485 2602 583 2657 sed
644 2612 919 2670 assumpta
975 2614 1042 2653 ex
1096 2610 1287 2655 sancta
1353 2598 1577 2668 Virgine
1628 2616 1793 2655 carne
1847 2601 2057 2655 ratione

484 2698 768 2758 menteque
827 2691 1088 2753 animata,
1147 2702 1269 2757 qua:
1318 2688 1371 2741 in
1433 2690 1547 2757 ipso
1598 2688 1849 2752 habebat,
1882 2696 1941 2743 ut
1969 2702 2057 2743 es-

479 2792 583 2847 set,
613 2790 667 2835 et
694 2795 815 2836 cum
852 2781 966 2851 ipso
992 2791 1109 2836 erat
1141 2794 1235 2849 per
1258 2779 1589 2849 hypostasim
1622 2761 1907 2850 ceiijuncta
1937 2780 2056 2835 sine

483 2871 819 2938 confusione,
876 2872 994 2928 sine
1073 2872 1465 2937 immutatione,
1528 2871 1650 2927 sine
1722 2872 2052 2926 inversione.

477 2965 661 3034 Neque
689 2966 830 3019 enim
876 2964 1177 3019 divinitatis
1211 2978 1321 3018 sua:
1366 2972 1618 3018 naturam
1659 2963 1710 3017 in
1738 2962 1923 3017 carnis
1953 2976 2051 3016 na-

478 3068 657 3112 turam
682 3054 968 3123 convertit,
1002 3069 1179 3123 neque
1208 3055 1391 3110 carnis
1424 3069 1534 3109 sua:
1577 3064 1827 3108 naturam
1859 3054 1911 3108 in
1937 3067 2051 3109 suae

478 3152 772 3209 divinitatis
824 3160 1072 3205 naturam
1119 3145 1489 3201 commutavit.
1525 3142 1709 3213 Neque
1750 3158 1817 3198 ex
1868 3143 2051 3198 divina

476 3262 573 3300 sua
607 3254 817 3308 natura,
863 3251 917 3296 et
956 3255 1023 3295 ex
1063 3248 1251 3291 natura
1279 3250 1441 3307 quam
1489 3236 1747 3306 suscepit,
1790 3236 2047 3299 humana,

481 3350 728 3395 naturam
772 3350 938 3390 unam
973 3332 1329 3403 compositam
1358 3329 1616 3386 reddidit.

980 3443 1254 3515 Eiusdem.
1281 3444 1415 3515 Cap.
1445 3443 1534 3499 68.

546 3542 639 3597 iis:
677 3554 853 3605 voces,
883 3538 1138 3594 divinitas
1162 3546 1216 3593 et
1241 3537 1571 3603 humanitas,
1612 3534 1902 3592 essentiam
1937 3535 2049 3591 sive

475 3647 727 3691 naturam
753 3633 1078 3703 signiﬁcant.
1110 3630 1218 3687 Illa:
1247 3628 1565 3696 vero,‘Deus
1595 3640 1648 3684 et
1676 3628 1856 3695 homo,
1888 3630 2048 3683 modo

471 3728 758 3784 essentiam
788 3726 1046 3791 indicant,
1088 3734 1147 3780 ut
1173 3740 1295 3779 cum
1329 3723 1560 3778 dicimus
1592 3739 1607 3777 :
1644 3722 1785 3777 Deus
1812 3722 2049 3777 essentia

473 3831 578 3886 est,
610 3836 731 3890 qua:
790 3817 1175 3887 comprehendi
1237 3830 1344 3870 non
1392 3822 1615 3885 potest:
1650 3824 1705 3869 et
1765 3814 1905 3869 Deus
1961 3823 2045 3868 est

471 3928 608 3968 unus
634 3930 648 3979 ;
685 3912 844 3966 modo
879 3924 1140 3979 personas
1159 3909 1459 3968 declarant,
1488 3909 1553 3962 de
1582 3906 1777 3976 quibus
1805 3905 1880 3959 ita
1910 3906 2047 3960 dici-

472 4016 581 4068 tur,
613 4013 674 4056 ut
715 4000 923 4070 species
977 4000 1044 4053 de
1078 3999 1190 4054 suis
1237 3992 1547 4061 individuis,
1593 3996 2045 4066 quemadmodum

471 4098 522 4147 in
555 4110 620 4147 eo
651 4092 946 4161 Scriptura:
978 4091 1094 4143 loco
1118 4106 1131 4142 :
1157 4086 1439 4156 Propterea
1460 4088 1613 4142 unxit
1642 4096 1691 4140 te
1718 4084 1881 4152 Deus,
1909 4084 2045 4138 Deus

472 4199 592 4241 tuus
624 4185 667 4240 '.
698 4183 836 4238 Ecce
865 4182 1004 4235 enim
1042 4180 1130 4235 hic
1152 4178 1365 4233 Patrem
1405 4189 1461 4233 et
1481 4176 1673 4232 Filium
1702 4176 2042 4248 signiﬁcavit.

470 4277 533 4332 Et
567 4292 687 4332 cum
725 4274 856 4346 legis
886 4274 940 4327 in
963 4272 1069 4327 alio
1090 4274 1249 4326 ioco:
1288 4268 1460 4325 Homo
1494 4270 1712 4340 quidam
1740 4280 1851 4324 erat
1880 4270 1934 4324 in
1962 4285 2047 4323 re-

467 4371 620 4438 gione
640 4366 885 4421 Ausitidc
915 4364 956 4419 ⁸.
982 4362 1084 4419 Job
1109 4363 1254 4418 enim
1281 4363 1428 4430 solus
1462 4361 1751 4417 indicatur.
1781 4360 2042 4428 Quoniam

471 4462 631 4531 igitur
662 4461 714 4513 in
756 4457 983 4512 Domino
1022 4466 1207 4510 nostro
1248 4452 1374 4508 Jesu
1414 4452 1632 4507 Christo
1657 4453 1792 4508 duas
1823 4462 2043 4508 naturas

2156 1971 2330 2037 Λόγος
2374 1971 2714 2040 ἔχρημάτισε
2762 1975 2828 2043 τῇ
2863 1974 3030 2044 σαρκὶ
3069 1974 3387 2041 ὑπόστασις,
3420 1976 3561 2029 ὥστε
3619 1978 3729 2046 ἅμα

2152 2064 2317 2134 σὰρξ,
2360 2063 2478 2133 ἃμα
2521 2064 2657 2118 Θεοῦ
2710 2066 2887 2133 Λόγου
2936 2065 3093 2136 σάρξ,
3128 2066 3393 2139 ἔμψυχος,
3427 2069 3622 2137 λογική
3678 2087 3731 2121 τε

2156 2154 2253 2208 xui
2305 2155 2489 2225 νοερά.
2539 2156 2631 2209 Διὸ
2682 2157 2783 2210 οὑκ
2833 2156 3121 2228 ἄνθρωπον
3170 2158 3446 2213 θεωθέντα
3481 2159 3729 2231 λέγομεν,

2155 2245 2292 2300 ἀλλὰ
2338 2246 2473 2300 Θεὸν
2514 2248 3037 2320 ἑνανθρωπήσαντα.
3074 2251 3169 2304 ’Ὡν
3196 2253 3309 2323 γὰρ
3338 2252 3498 2321 φύσει
3532 2254 3730 2315 τέλειος

2158 2338 2312 2407 Θεὸς,
2366 2339 2558 2409 γέγονε
2612 2341 2710 2395 xui
2740 2341 2901 2411 φύσει
2932 2342 3143 2408 τέλειος
3170 2343 3455 2414 ἄνθρωπος
3488 2348 3519 2400 6
3551 2346 3727 2409 αὐτὸς,

2156 2432 2220 2485 οὑ
2260 2432 2494 2503 τραπεὶς
2540 2431 2638 2503 τὴν
2682 2433 2865 2503 φύσιν,
2895 2433 3017 2488 οὑδὲ
3064 2436 3345 2504 φαντάσας
3377 2435 3477 2506 τὴν
3532 2440 3730 2489 οἰκονο-

2163 2526 2315 2595 μίαν,
2354 2526 2489 2579 ἀλλά
2521 2530 2586 2598 τῇ
2617 2528 2679 2580 ὲκ
2710 2527 2810 2593 τῆς
2840 2528 2999 2592 ἁγίας
3028 2529 3309 2600 Παρθένου
3338 2528 3612 2602 ληφθείσῃ
3649 2532 3726 2581 λο-

2156 2617 2332 2685 γικῶς
2368 2635 2426 2671 τε
2474 2619 2567 2672 καὶ
2622 2619 2825 2690 νοερῶς
2848 2621 3253 2692 ἐνεψυχωμένῃ
3314 2624 3498 2693 σαρκὶ,
3538 2627 3631 2674 xu‘:
3674 2624 3727 2673 ὲν

2156 2711 2306 2782 αὑτῷ
2362 2711 2427 2764 τὸ
2481 2707 2623 2765 εἶναι
2677 2712 2919 2784 λαχούσῃ
2975 2713 3201 2776 ἑνωθεὶς
3260 2714 3383 2766 καθ’
3431 2714 3723 2766 ὑπόστασιν

2155 2802 2505 2871 ἀσυγχὺτως,
2555 2804 2649 2857 xui
2698 2804 3101 2872 άναλλοιώτως,
3152 2805 3248 2858 xui
3283 2806 3591 2875 ἀτρέπτως,
3654 2806 3723 2874 μὴ

2160 2891 2483 2963 μεταϐαλὼν
2526 2895 2626 2962 τὴν
2654 2894 2752 2962 τῆς
2786 2894 3045 2965 θεότητος
3079 2894 3246 2949 αὑτοῦ
3303 2896 3466 2963 φύσιν
3503 2897 3584 2959 είς
3632 2898 3721 2965 τὴν

2156 2984 2256 3054 τῆς
2307 2987 2509 3054 σαρκὸς
2534 2985 2753 3052 οὐσίαν,
2790 2986 2929 3058 μήτε
2960 2985 3066 3058 μὴν
3099 2988 3200 3057 τὴν
3254 2988 3440 3039 οὐσίαν
3468 2986 3573 3057 τῆς
3603 3003 3722 3057 σαρ-

2155 3076 2249 3139 κὸς
2294 3076 2459 3129 αὑτοῦ
2492 3078 2573 3140 είς
2604 3077 2704 3148 τὴν
2734 3078 2840 3147 -τῆς
2870 3078 3126 3149 θεότητος
3176 3078 3339 3133 αὑτοῦ
3370 3080 3557 3148 φύσιν,
3608 3080 3720 3132 οὐδὲ

2156 3168 2222 3221 ὲκ
2277 3170 2376 3238 τῆς
2414 3168 2566 3233 Θείας
2618 3169 2783 3225 αὑτοῦ
2819 3170 3055 3240 φύσεως,
3112 3175 3205 3225 καὶ
3257 3166 3324 3242 ἦς
3358 3172 3718 3240 προσελάϐετο

2151 3258 2501 3332 ἀνθρωπίνης
2548 3259 2764 3331 φύσεως
2795 3260 2927 3332 μίαν
2976 3260 3139 3331 φύσιν
3200 3262 3538 3327 ἀποτελέσας
3599 3261 3718 3315 stiv-

2152 3349 2326 3405 θετον.
2434 3360 2435 3363 “

2505 3444 2617 3500 Τοῦ
2650 3443 2859 3500 αὑτοῦ.
2896 3443 3240 3513 Κεφάλαιον
3269 3444 3370 3515 ξη’.

2220 3536 2294 3591 Τὸ
2364 3537 2465 3607 μὲν
2518 3536 2619 3606 τῆς
2674 3537 2930 3607 θεότητος
2997 3537 3093 3591 xui
3140 3539 3237 3607 τῆς
3298 3537 3717 3608 ἀνθρωπότητος

2146 3629 2319 3700 ὄνομα
2344 3628 2451 3684 τῶν
2471 3629 2669 3684 οὐσιῶν
2694 3631 2864 3696 ἐστιν,
2888 3630 3009 3700 ἦτοι
3043 3630 3259 3700 φύσεων
3286 3632 3714 3702 παραστατικόνο

2148 3720 2208 3773 τὸ
2251 3721 2307 3774 δὲ
2346 3720 2478 3784 Θεὸς
2506 3721 2602 3775 xui
2641 3719 2925 3791 ἄνθρωπος
2958 3727 3054 3776 xui
3094 3724 3188 3776 ἐπὶ
3225 3724 3325 3795 τῆς
3363 3724 3553 3787 οὐσίας
3598 3725 3715 3778 τάτ-

2148 3829 2299 3867 τεται
2319 3826 2337 3844 ⁶
2365 3812 2440 3865 ὦο
2452 3829 2553 3883 περ
2580 3814 2708 3867 ὅταν
2730 3814 2982 3885 λέγομεν,
3013 3816 3145 3879 Θεός
3166 3817 3313 3869 ἐστιν
3334 3816 3713 3886 ἀκατάληπτος

2147 3904 2327 3970 οὐσία,
2357 3905 2452 3958 καὶ
2490 3906 2573 3959 ὅτι
2617 3901 2698 3969 εἷς
2744 3907 2772 3959 6
2810 3906 2963 3971 Θεός.
2995 3908 3359 3979 ,Λαμῆάνεται
3394 3910 3450 3962 δὲ
3488 3912 3586 3963 καὶ
3627 3911 3713 3961 ἐπὶ

2145 3997 2255 4051 τῶν
2289 3997 2664 4062 ὑποστάσεων,
2695 3999 2771 4061 ὡς
2799 3998 2892 4052 τοῦ
2934 4002 3309 4071 μερικωτίρου
3340 4001 3629 4071 δεχομένου
3656 4002 3712 4053 τὸ

2147 4089 2241 4142 τοῦ
2267 4089 2704 4161 καθολικωτέρου
2735 4091 2905 4161 όνομα
2930 4108 2945 4123 ο
2978 4092 3052 4157 ὡς
3075 4094 3205 4146 ὅταν
3236 4096 3402 4163 φησιν
3433 4097 3464 4164 ἡ
3502 4094 3705 4165 Γραφὴ.

2145 4181 2248 4233 Διά
2272 4179 2449 4235 τοῦτο
2478 4179 2685 4249 ἐχρισέ
2714 4195 2787 4233 σε
2806 4186 2836 4233 ό
2868 4181 3032 4247 Θεὸς,
3065 4186 3097 4237 ὀ
3128 4185 3272 4250 Θεός
3299 4200 3440 4250 σου,
3474 4185 3579 4238 ίδου
3607 4183 3708 4253 γὰρ

2143 4273 2235 4325 τὸν
2262 4272 2482 4343 Πατέρα
2501 4274 2597 4325 xui
2624 4272 2714 4325 τὸν
2743 4273 2868 4325 Υίὸν
2888 4276 3131 4344 ὲσὴμανε
3152 4290 3168 4306 ’
3196 4277 3288 4329 xui
3309 4276 3385 4339 ὡς
3410 4277 3541 4331 ὅταν
3560 4277 3707 4347 λέγῃ.

2148 4365 2480 4433 Ἄνθρωπός
2526 4380 2618 4431 τις
2646 4360 2727 4435 ἦν
2753 4363 2825 4417 ἐν
2846 4363 3003 4432 χώρᾳ
3030 4364 3106 4434 τῇ
3132 4366 3435 4419 Αὺσίτιδι·
3478 4367 3573 4420 τὸν
3605 4367 3708 4436 γὰρ

2157 4456 2276 4509 ἰὼσ
2318 4456 2480 4526 μόνον
2514 4446 2804 4528 ἐδήλωσεν.
2846 4458 2969 4511 Ἐπὶ
3015 4457 3147 4527 γοῦν
3179 4458 3275 4512 τοῦ
3318 4459 3530 4531 Κυρίου
3556 4459 3707 4532 ἡμῶν

466 4553 827 4622 agnoscimus,
884 4555 935 4603 et
963 4562 1126 4603 unam
1160 4552 1366 4600 tantum
1413 4559 1729 4615 personam,
1792 4560 1913 4615 qua:
1967 4559 2033 4599 ex

2154 4547 2325 4619 Ἰησοῦ
2360 4549 2621 4620 Χριστοῦ,
2660 4549 2851 4621 ἐπειδὴ
2890 4549 2985 4602 δύο
3023 4551 3126 4621 μὲν
3154 4552 3254 4615 τὰς
3299 4551 3498 4621 φύσεις
3550 4548 3706 4622 γινώ-

468 4658 696 4713 utraque
732 4651 946 4697 constat
976 4651 1172 4695 natura
1205 4657 1217 4693 :
1246 4638 1471 4709 proinde
1492 4654 1614 4693 cum
1652 4648 1876 4691 naturas
1912 4652 2041 4690 con—

466 4736 823 4805 tcmplamur,
884 4734 1219 4788 divinitatem
1291 4740 1345 4785 et
1400 4730 1730 4783 humanitem
1790 4727 2037 4783 dicimus.

466 4827 691 4892 Quando
726 4837 904 4880 autem
935 4841 998 4879 ex
1034 4835 1227 4879 natura
1256 4829 1593 4877 constantem
1646 4833 1955 4888 personam,
1992 4816 2037 4872 si

467 4935 534 4973 ex
565 4926 795 4988 utraque
832 4927 1023 4970 natura
1056 4924 1311 4970 constare
1343 4914 1741 4977 consideretur,
1764 4926 1886 4967 eam
1922 4921 2034 4963 tum

463 5010 761 5073 Christum,
808 5017 921 5061 tum
972 5006 1166 5070 Deum,
1211 5016 1322 5060 tum
1371 5008 1641 5060 hominem
1680 5019 1744 5057 ex
1782 5018 1940 5073 aequo
1984 5011 2039 5059 et

466 5100 629 5152 Deum
660 5096 933 5151 hominem
986 5094 1182 5150 factum
1216 5094 1581 5149 nominamus.
1654 5094 1748 5149 Sin
1795 5107 1860 5147 ex
1904 5108 2036 5158 una,

465 5204 577 5247 tum
608 5196 775 5247 Deum
813 5194 1070 5248 duntaxat
1105 5202 1157 5246 et
1210 5190 1407 5246 Filium
1444 5190 1562 5256 Dei,
1622 5201 1730 5245 tum
1765 5188 2033 5245 hominem

463 5290 636 5341 solum
690 5284 1043 5357 appellamus.
1076 5282 1143 5339 Et
1169 5285 1458 5353 aliquando
1508 5284 1727 5354 quidem
1763 5298 1829 5339 ex
1858 5282 2034 5339 subli-

463 5381 723 5433 mioribus
746 5378 1071 5444 rationibus,
1100 5377 1391 5447 aliquando
1423 5386 1602 5432 autem
1628 5391 1694 5431 ex
1722 5376 2027 5431 humiliori-

462 5473 562 5523 bus
584 5471 980 5525 consideratur.
1008 5468 1159 5524 Unus
1196 5468 1337 5522 enim
1369 5477 1473 5534 est,
1498 5468 1611 5525 sive
1644 5469 1764 5535 hoc,
1798 5467 1912 5523 sive
1944 5467 2034 5521 illo

461 5560 621 5615 modo
654 5559 908 5615 similiter
939 5560 1184 5614 exsistat.
1210 5558 1328 5614 Jam
1366 5574 1488 5614 cum
1527 5560 1867 5615 divinitatem
1902 5559 2033 5612 dici-

463 5666 603 5715 mus,
630 5665 750 5705 eam
780 5650 1140 5705 humanitatis
1181 5652 1602 5721 proprietatibus
1636 5665 1741 5705 non
1782 5652 2031 5705 denomi-

535 5832 550 5860 ’
578 5827 709 5885 Luc.
739 5844 776 5893 ι,
806 5826 875 5880 ‘28
898 5846 1012 5896 sqq.
1093 5832 1110 5859 ¹
1142 5827 1279 5884 Psal.
1319 5843 1462 5889 XLIV,
1494 5825 1545 5880 8.
1626 5826 1645 5856 ³
1670 5826 1768 5881 Job
1800 5843 1835 5884 t,
1866 5827 1910 5880 i.

2146 4658 2372 4713 σκομεν,
2407 4642 2535 4712 μίαν
2564 4642 2621 4696 δὲ
2649 4642 2744 4713 τὴν
2777 4644 3079 4698 ὑπόστασιν
3110 4644 3170 4710 ἐξ
3213 4645 3544 4718 ἀμφοτέρων
3586 4647 3705 4700 σύν-

2144 4731 2316 4794 θετον,
2347 4733 2473 4785 ὅταν
2520 4736 2619 4803 μὲν
2661 4734 2761 4797 τὰς
2800 4734 2993 4803 φύσεις
3019 4735 3443 4808 ἀναθεωρῶμεν,
3485 4737 3706 4809 θεότητα

2144 4826 2237 4876 xui
2268 4825 2659 4898 ἀνθρωπότητα
2692 4827 2964 4897 καλοῦμεν
2983 4844 3000 4861 ο
3034 4831 3162 4883 ὃταν
3191 4829 3247 4883 δὲ
3278 4830 3377 4901 τὴν
3403 4835 3463 4884 ἑκ
3500 4832 3704 4900 φύσεως

2146 4916 2492 4971 συντεθεῖσαν
2528 4919 2847 4985 ὑπόστασιν,
2888 4921 3019 4973 ποτὲ
3063 4922 3160 4991 μὲν
3192 4924 3256 4975 ὲκ
3286 4923 3381 4976 τοῦ
3436 4938 3701 4991 συναμφο-

2140 5006 2301 5077 τέρου
2332 5008 2565 5078 Χριστὸν
2610 5008 2971 5079 ὀνομάζομεν,
2999 5010 3093 5062 xui
3120 5010 3253 5063 Θεὸν
3291 5011 3385 5065 xui
3427 5010 3702 5080 ἄνθρωπον

2136 5099 2282 5153 κατὰ
2309 5101 2523 5166 ταύτὸν,
2562 5104 2650 5155 καὶ
2691 5102 2827 5156 Θεὸν
2869 5103 3326 5173 σεσαρκωμένον·
3368 5101 3500 5155 ποτὲ
3550 5101 3607 5154 δὲ
3644 5098 3700 5163 ἐξ

2139 5192 2258 5255 ἑνὸς
2292 5192 2404 5246 τῶν
2455 5193 2640 5264 μερῶν
2688 5192 2823 5247 Θεὸν
2861 5194 3044 5263 μόνον,
3090 5196 3186 5249 xui
3218 5194 3348 5247 Υἱὸν
3398 5192 3553 5260 Θεοῦ,
3613 5193 3699 5246 xui

2140 5284 2428 5356 ἄνθρωπον
2458 5286 2639 5356 μόνον,
2672 5286 2768 5339 xui
2801 5287 2916 5340 υἱὸν
2952 5286 3242 5359 ἀνθρώπου
3268 5301 3283 5316 ·
3315 5286 3409 5339 xui
3444 5284 3573 5339 ποτὲ
3610 5283 3698 5354 μὲν

2140 5379 2205 5429 ἐκ
2234 5376 2342 5430 τῶν
2374 5378 2595 5447 ὑψηλῶν
2650 5380 2849 5449 μόνων,
2908 5380 3040 5432 ποτὲ
3077 5380 3134 5433 δὲ
3180 5381 3244 5432 ἐκ
3283 5380 3391 5432 τῶν
3437 5375 3699 5432 ταπεινῶν

2146 5471 2341 5538 μόνων.
2374 5467 2466 5531 Εἷς
2490 5471 2596 5540 γάρ
2619 5473 2765 5525 ἐστιν
2796 5472 2823 5524 6
2850 5472 3097 5540 κάκεῖνο,
3129 5470 3227 5525 xui
3256 5470 3416 5524 τοῦτο
3448 5472 3698 5541 ὑπάρχων

2139 5560 2361 5627 ὁμοίως.
2394 5559 2634 5630 Θεότητα
2672 5561 2772 5630 μὲν
2803 5558 2897 5615 οὖν
2931 5562 3203 5630 λέγοντες,
3236 5562 3298 5615 οὑ
3338 5561 3694 5629 κατονομάξοα

2144 5669 2243 5719 μεν
2278 5653 2448 5723 αὐτῆς
2477 5654 2546 5706 τά
2579 5654 2671 5723 τῆς
2703 5654 3120 5725 άνθρωπότητος
3161 5653 3428 5724 ἰδιώματα
3452 5671 3465 5686 '
3506 5656 3566 5701 οὐ
3597 5649 3693 5715 γάρ
