3954 6554
481 351 589 415 Ξ39

1717 344 2098 405 EU‘I‘HYMII
2141 346 2502 408 ZIGABENI

3624 348 3660 409 2
3673 346 3725 407 ιο

481 478 603 522 esse
636 457 952 532 perfectam,
987 465 1152 510 totam
1193 456 1248 509 in
1280 454 1461 518 Patre,
1498 460 1662 508 totam
1698 454 1751 509 in
1781 456 1939 521 Filio,
1970 464 2051 509 to-

2156 456 2297 519 λειος
2330 457 2462 519 Θεὸς
2491 458 2519 509 ὀ
2548 454 2694 521 Υἱὸς,
2735 454 2933 518 τέλειος
2963 452 3094 517 Θεὸς
3124 454 3184 509 τὸ
3216 451 3435 521 Πνεῦμα
3461 456 3518 508 τὸ
3542 458 3721 524 ἅγιον.

488 564 594 607 tam
624 554 679 605 in
706 549 912 620 Spiritu
951 556 1160 602 sancto.
1195 546 1462 613 Quocirca
1496 555 1550 600 et
1602 545 1878 614 perfectus
1910 545 2053 601 Deus

484 652 569 699 est
626 642 804 705 Pater,
869 646 925 692 et
970 637 1243 707 perlectus
1291 635 1431 690 Deus
1486 645 1567 690 est
1617 634 1805 699 Filius,
1842 646 1896 690 et
1936 652 2055 703 per-

487 737 661 789 lectus
721 730 865 784 Deus
920 738 1002 784 est
1060 728 1295 798 Spiritus
1355 736 1598 781 sanctus.
1666 726 1754 782 Sic
1811 728 1934 782 item
1998 728 2053 781 in

488 822 824 881 humanitate
884 828 1163 888 assumpta
1236 820 1302 873 ab
1354 834 1463 873 uno
1518 828 1719 872 sancta:
1775 819 2056 875 Trinitatis

485 916 596 971 Deo
664 913 844 967 Verbo
904 923 1070 967 totam
1123 919 1181 966 et
1232 912 1529 981 perfectam
1593 909 1894 965 divinitatis
1957 924 2055 963 na-

484 1019 682 1073 turam,
745 1007 798 1061 in
852 1019 958 1058 una
1008 1018 1230 1057 suarum
1291 1016 1670 1071 personarum,
1720 1002 1815 1055 toti
1868 1002 2058 1055 huma-

480 1119 564 1159 na:
621 1112 850 1162 naturae.
921 1115 1029 1152 non
1094 1107 1274 1153 autem
1319 1106 1525 1166 partem
1557 1096 1692 1166 parti
1722 1095 1889 1150 fuisse
1928 1112 2058 1151 con-

482 1197 729 1264 junctam
766 1192 1012 1246 dicimus.
1049 1190 1207 1255 Nam,
1261 1200 1319 1244 ut
1352 1189 1570 1243 divinus
1627 1189 1802 1256 inquit
1828 1190 2059 1256 Aposto-

485 1288 591 1350 lus,
635 1284 701 1338 In
744 1284 858 1353 ipso
904 1282 1167 1336 inhabitat
1223 1282 1393 1335 omnis
1436 1281 1703 1349 plenitudo
1763 1280 2057 1333 divinitatis

488 1376 831 1448 corporaliter
855 1376 894 1441 ¹,
930 1376 985 1430 id
1018 1384 1122 1440 est,
1157 1375 1210 1428 in
1237 1388 1402 1428 carne
1448 1374 1585 1441 ejus.
1617 1371 1681 1424 Et
1712 1370 1863 1425 Pauli
1899 1372 2061 1426 disci-

489 1468 654 1537 pulus
678 1467 729 1520 in
760 1466 925 1519 rebus
954 1464 1155 1518 divinis
1203 1462 1538 1532 exillicandis
1569 1462 2059 1517 excellcut'ssimus

484 1558 798 1629 Dionysius.
829 1555 895 1611 Se
918 1564 1106 1618 totam,
1138 1554 1333 1624 inquit,
1353 1556 1404 1607 in
1438 1570 1542 1607 una
1566 1570 1782 1607 suarum
1806 1568 2057 1622 persona-

484 1668 601 1704 rum
629 1648 1056 1704 communicavit.
1123 1646 1236 1700 Nec
1291 1654 1470 1699 tamen
1537 1660 1794 1715 cogemur
1851 1645 2056 1710 dicere,

483 1756 676 1796 oinnes
704 1756 799 1795 seu
838 1748 949 1793 tres
975 1746 1177 1792 sanctae
1225 1736 1530 1792 divinitatis
1576 1752 1844 1806 personas
1879 1736 2058 1791 omni-

2158 548 2313 602 Οῦτω
2342 540 2533 603 κοιιὲν
2565 552 2631 618 τῇ
2677 548 3089 619 ὲνανθρωπήσει
3131 548 3226 601 τοῦ
3261 548 3378 612 ἑνὸς
3423 550 3520 619 τῆς
3565 551 3725 618 ἁγίας

2157 643 2385 711 Τριάδος
2422 643 2558 697 Θεοῦ
2589 643 2765 712 Λόγου
2802 643 2982 713 φαμὲν
3021 645 3203 697 πᾶσαν
3237 644 3332 697 καὶ
3374 646 3590 697 τελεάν
3630 644 3727 713 τὴν

2158 736 2319 803 φύσιν
2346 739 2443 806 τῆς
2474 736 2725 806 θεότητος
2765 738 2821 789 ὲν
2866 738 2966 808 μιᾷ
3006 736 3113 789 τῶν
3148 736 3349 806 ἑαυτῆς
3378 737 3726 789 ὑποστάσεων

2158 828 2424 897 ὲνωθῆναι
2466 830 2616 901 πάσῃ
2642 831 2707 897 τῇ
2750 828 3064 900 ἀνθρωπίνῃ
3099 829 3279 897 φύσει,
3308 828 3405 881 καὶ
3449 829 3509 881 οὑ
3559 830 3725 897 μέρος

2160 921 2339 992 μέρει.
2372 922 2512 990 Φησὶ
2549 922 2678 989 γοῦν
2708 922 2737 973 6
2765 922 2906 983 θεῖος
2947 919 3293 984 Ἀπόστολος,
3320 921 3402 973 ὅτι
3434 920 3539 974 Ἐν
3570 918 3727 984 αὐτῷ

2158 1014 2428 1067 κατοικεῖ
2455 1013 2577 1067 πᾶν
2630 1013 2695 1066 τὸ
2731 1012 3019 1081 πλήρωμα
3062 1012 3172 1079 τῆς
3214 1015 3493 1077 θεότητος
3526 1026 3727 1079 σωμα-

2158 1104 2353 1171 τικῶς,
2387 1106 2666 1158 τουτέστιν
2698 1107 2754 1157 ὲν
2788 1106 2851 1173 τῇ
2891 1104 3056 1173 σαρκὶ
3088 1102 3274 1157 αὐτοῦ.
3322 1103 3432 1157 Καὶ
3463 1104 3492 1155 ὁ
3536 1102 3727 1155 τούτου

2158 1196 2463 1266 τεῖροιτητὴς,⁵
2481 1196 2576 1248 καὶ
2610 1195 2774 1258 πολὺς
2817 1195 2884 1247 τὰ
2917 1196 3037 1248 θεῖα
3071 1194 3367 1259 Διονύσιος,
3404 1194 3487 1246 ὅτι
3533 1192 3728 1254 ὑλικῶς

2160 1289 2291 1356 ἡμῖν
2327 1290 2385 1340 ὲν
2431 1288 2530 1357 μιᾷ
2572 1288 2681 1339 τῶν
2715 1286 2917 1355 ἑαυτῆς
2951 1286 3314 1356 ἐκοινώνησεν
3354 1282 3729 1337 ὑποστάσεων.

2160 1384 2236 1437 Οὐ
2293 1382 2398 1453 μὴν
2449 1382 2506 1435 δὲ
2562 1382 2743 1450 λέγειν
2796 1378 3336 1449 ἀναγκασθησόμεθα
3394 1378 3580 1439 πάσας
3633 1376 3729 1438 τάς

2160 1474 2489 1536 ὑποστάσεις
2515 1472 2618 1541 τῆς
2644 1471 2805 1539 ἁγίας
2836 1470 3115 1541 θεότητος,
3142 1471 3263 1541 ἦτοι
3285 1470 3385 1533 τὰς
3420 1470 3594 1539 τρεῖς,
3631 1467 3727 1520 πά·

2161 1582 2285 1629 σαις
2322 1567 2440 1628 ταῖς
2473 1567 2573 1635 τῆς
2613 1562 3033 1634 ἀνθρωπότητος
3069 1562 3401 1614 ὑποστάσεσι
3441 1557 3568 1611 καθ’
3606 1557 3726 1610 ὑπό-

2159 1675 2347 1713 στασιν
2390 1656 2658 1729 ἡνῶσθαι.
2699 1657 2836 1710 Κατ’
2862 1656 3055 1709 οὐδένα
3095 1656 3204 1723 γάρ
3233 1650 3606 1721 κεκοινώνηκε
3649 1650 3726 1703 λό·

2160 1767 2258 1819 γον
2297 1752 2326 1804 6
2355 1751 2568 1822 Πατὴρ,
2602 1750 2698 1804 καὶ
2728 1749 2789 1803 τὸ
2822 1749 3047 1817 Πνεῦμα
3081 1747 3141 1799 τὸ
3172 1749 3328 1813 ἅγιον
3355 1748 3416 1815 τῇ
3455 1744 3727 1814 σαρκώσει

485 1835 586 1888 bus
617 1831 970 1886 humanitatis
995 1828 1248 1900 personis
1290 1828 1593 1883 secundum
1647 1842 1911 1899 personas
1937 1842 2051 1882 esse

2158 1843 2253 1899 τοῦ
2290 1842 2427 1898 Θεοῦ
2460 1821 2660 1911 Λόγου,
2696 1843 2744 1894 εί
2778 1840 2854 1911 μὴ
2900 1838 3022 1893 κατ’
3052 1838 3301 1893 εὐδοκίαν
3328 1838 3419 1891 καὶ
3455 1835 3727 1907 βούλησιν.

482 1928 822 1995 conjunctas.
860 1924 1015 1978 Nulla
1042 1923 1188 1977 enim
1222 1922 1350 1988 alia,
1401 1922 1507 1977 nisi
1568 1923 1976 1992 approbationis
2003 1930 2058 1977 et

482 2019 782 2074 voluntatis
811 2017 1023 2071 ratione
1057 2015 1236 2081 Pater,
1272 2023 1326 2069 et
1384 2015 1622 2083 Spiritus
1682 2024 1907 2069 sanctus
1968 2029 2057 2068 as-

470 2123 714 2181 sumpta:
746 2127 773 2163 a
809 2110 920 2163 Deo
952 2108 1130 2163 Verbo
1170 2107 1495 2162 humanitati
1560 2106 2054 2162 communicaruut.

478 2205 672 2260 Totam
714 2218 844 2259 vero
878 2202 1183 2257 divinitatis
1221 2202 1516 2256 essentiam
1560 2201 1659 2256 toti
1690 2201 1942 2256 humanae
1970 2217 2058 2257 na-

484 2309 621 2352 turae
653 2295 1000 2366 coniunctam
1038 2293 1357 2357 asscrimus,
1402 2290 1529 2360 quia
1557 2289 1691 2344 nihil
1720 2305 1907 2345 eorum
1937 2307 2058 2362 quae

484 2401 691 2445 naturae
718 2396 927 2442 nostrae
960 2385 1106 2440 Deus
1170 2384 1402 2439 Verbum
1441 2384 1693 2449 inseruit,
1733 2400 1860 2441 cum
1897 2386 2055 2440 initio

480 2497 581 2536 nos
621 2485 952 2550 procrearet,
985 2476 1215 2538 dimisit.
1246 2475 1343 2531 sed
1396 2477 1577 2531 omnia
1604 2478 1867 2548 suscepit,
1903 2493 2058 2532 nem-

478 2587 547 2641 pe
572 2584 791 2639 col-pus,
827 2569 1087 2629 animam,
1142 2575 1324 2620 mente
1381 2565 1703 2636 rationeque
1752 2566 2052 2636 praeditam,

477 2674 535 2719 et
563 2678 751 2719 eorum
785 2660 1149 2730 proprietates
1212 2657 1439 2727 (animal
1470 2660 1638 2721 enim,
1665 2659 1809 2727 quod
1846 2658 2043 2713 harum

475 2756 654 2825 aliqua
686 2762 839 2823 parte
874 2760 1042 2817 caret,
1078 2765 1187 2805 non
1212 2759 1299 2805 est
1326 2750 1537 2817 homo).
1567 2749 1764 2805 Totum
1793 2750 1938 2806 enim
1961 2758 2051 2805 to-

480 2863 567 2903 tus
594 2844 910 2916 assumpsit,
943 2851 998 2899 et
1039 2852 1188 2898 totus
1221 2842 1317 2896 ιοιί
1372 2842 1701 2912 coniunctus
1727 2851 1833 2906 est,
1872 2851 1928 2896 ut
1956 2841 2053 2897 toti

477 2940 704 2994 salutem
745 2938 1054 3005 largiretur.
1115 2933 1271 3000 Quod
1314 2934 1462 2989 enim
1497 2949 1609 2987 non
1637 2943 1781 2988 esset
1804 2947 2053 3002 assump-

479 3039 594 3083 tum
616 3026 757 3081 foret
804 3024 1126 3080 incurabilc.
1169 3022 1537 3091 Conjunctum
1574 3022 1737 3091 igitur
1769 3032 1853 3077 est
1898 3022 2051 3076 carni

480 3121 713 3176 Verbum
740 3119 854 3180 Dei,
895 3126 951 3171 et
980 3117 1122 3171 Deus
1148 3131 1244 3184 per
1276 3124 1516 3170 mentem
1556 3115 1702 3169 inter
1749 3114 1848 3168 Dei
1903 3113 2053 3185 puri-

477 3221 670 3278 tatem,
728 3218 784 3263 et
841 3206 1025 3262 carnis
1101 3206 1516 3261 crassitudinem
1592 3206 2044 3262 intercedentem.

470 3303 611 3359 Nam
644 3300 841 3355 animae
871 3297 1091 3369 quidem
1117 3297 1405 3367 carnisque
1451 3296 1706 3368 princeps
1734 3307 1818 3353 est
1867 3313 2043 3365 mens,

476 3404 667 3465 utpote
691 3391 982 3462 purissima
1030 3388 1203 3459 ipsius
1235 3388 1430 3442 animae
1462 3403 1609 3459 pars,
1668 3388 1812 3444 Deus
1862 3397 2047 3444 autem

478 3486 651 3558 ipsius
679 3481 901 3547 mentis,
931 3496 1052 3551 quae
1099 3495 1221 3535 cum
1252 3480 1397 3537 cedit
1424 3480 1807 3550 praestantiori,
1840 3480 2047 3550 princi-

470 3594 662 3652 patum
700 3575 938 3631 ostendit
967 3588 1148 3631 suum.
1184 3574 1277 3628 Sic
1323 3582 1505 3628 autem
1537 3585 1657 3627 cum
1699 3572 2045 3639 praestantio-

475 3673 522 3728 ri
558 3668 928 3740 coniungitur,
963 3677 1125 3736 atque
1152 3666 1229 3721 illi
1267 3665 1605 3737 obsequitur,
1631 3672 1690 3718 ut
1713 3665 1873 3719 faciat
1901 3680 2047 3735 qua:-

476 3778 693 3835 cunque
738 3761 989 3815 voluntas
1024 3758 1207 3813 divina
1256 3757 1578 3828 prtescribit.
1616 3756 1765 3812 Mens
1796 3769 1878 3813 est
1907 3759 2048 3813 divi-

479 3857 667 3913 nitatis
706 3852 809 3909 sibi
843 3867 939 3923 per
971 3865 1262 3923 personam
1295 3850 1599 3918 conjunctae
1635 3850 1804 3913 locus,
1866 3866 2051 3919 quem-

479 3949 770 4005 admodum
815 3954 871 3999 ct
935 3957 1084 3997 caro.
1138 3942 1257 3995 Non
1308 3951 1489 3995 autem
1541 3942 1707 3995 simul
1758 3942 2045 4009 inhabitat,

484 4052 542 4095 ut
571 4036 845 4109 Opinionis
879 4048 1064 4089 errore
1094 4032 1440 4101 decipiuntur
1470 4032 1734 4100 ιιεειειίρί,
1766 4033 1880 4102 qui,
1905 4032 2050 4099 Quo-

476 4132 660 4193 modo,
699 4128 977 4197 inquiunt,
1009 4124 1152 4195 quod
1186 4139 1354 4178 unum
1417 4132 1624 4178 tantum
1686 4126 1925 4180 modium
1956 4142 2047 4181 ca-

473 4226 578 4295 pit,
604 4224 744 4276 duos
782 4219 992 4272 modios
1019 4214 1363 4271 continebit?
1393 4216 1592 4270 Errant
1622 4216 1884 4287 imperiti,
1920 4218 2046 4289 quia

466 4316 691 4384 ratione
730 4325 988 4382 corporea
1029 4308 1329 4378 dijudicant
1365 4323 1452 4374 ea,
1475 4323 1644 4378 quaaa
1666 4310 1891 4364 materia
1922 4320 2048 4365 sunt

480 4406 864 4464 remotissima.
888 4401 1171 4467 Quomodo
1190 4400 1332 4455 enim
1355 4400 1606 4456 Christus
1638 4402 1849 4456 dicetur
1869 4402 2047 4473 perfe-

2162 1935 2317 2008 Πάσῃ
2338 1934 2394 1987 δὲ
2415 1936 2484 2003 τῇ
2512 1930 2828 2004 ἀνθρωπίνῃ
2850 1929 3009 1999 φύσει
3038 1928 3219 1998 φαμὲν
3248 1925 3520 1995 ὲνωθῆναι
3554 1926 3728 1978 πᾶσαν

2157 2025 2257 2095 τὴν
2285 2024 2384 2094 τῆς
2425 2022 2682 2093 θεότητος
2721 2020 2933 2083 οὐσίαν,
2982 2021 3063 2071 ὅτι
3102 2017 3259 2071 οὐδὲν
3296 2010 3371 2069 ὧν
3405 2014 3727 2085 ὲνεφύτευσε

2157 2121 2226 2189 τῇ
2267 2116 2512 2188 ἡμετέρᾳ
2557 2114 2719 2182 φύσει
2755 2115 2783 2166 6
2816 2112 2948 2173 Θεὸς
2995 2111 3188 2178 Λόγος,
3233 2107 3475 2180 ἀρχῆθεν
3521 2106 3725 2164 πλάσας

2156 2211 2307 2279 ἡμᾶς
2339 2208 2605 2271 ἐνέλιπεν,
2637 2204 2775 2259 ἀλλὰ
2819 2207 2995 2267 πάντα
3039 2201 3291 2263 ἀνέλαϐε,
3338 2199 3518 2267 σῶμα,
3551 2195 3726 2265 ψυχὴν

2156 2302 2351 2373 γοεράν
2381 2301 2475 2355 καὶ
2529 2298 2780 2367 λογικὴν,
2822 2296 2916 2349 καὶ
2960 2296 3030 2348 τά
3059 2293 3267 2347 τούτων
3305 2292 3599 2362 ἰδιώματα.
3658 2287 3725 2341 Τὸ

2156 2395 2267 2464 γάρ
2320 2394 2437 2456 ἑνὸς
2484 2393 2691 2445 τούτων
2742 2386 3009 2458 ἀμοιροῦν
3045 2386 3204 2451 ζῶον,
3267 2385 3367 2436 οὑκ
3418 2384 3723 2453 ἄνθρωπος.

2158 2488 2323 2543 Ὀλον
2373 2487 2481 2556 γὰρ
2521 2486 2641 2548 ὅλος
2680 2481 2914 2540 ἀνέλαϐέΔ
2950 2497 3039 2550 με.
3077 2481 3172 2531 καὶ
3222 2477 3341 2539 ὅλος
3377 2476 3483 2544 ὅλῳ
3521 2472 3723 2543 ήνώθη,

2156 2582 2224 2637 ἶν’
2251 2581 2358 2653 ὅλῳ
2382 2581 2479 2651 τὴν
2510 2577 2783 2648 σωτηρίαν
2813 2574 3128 2645 χαρίσηται.
3184 2572 3257 2625 Τὸ
3292 2573 3400 2641 γάρ
3448 2569 3717 2638 ἀπρόσλη-

2155 2690 2290 2729 πτον
2339 2668 3002 2742 ἀθεράπευτον.Ἤνωται
3041 2665 3221 2719 τοίνυν
3255 2665 3418 2733 σαρκὶ
3436 2661 3527 2714 διά
3561 2663 3721 2729 μέσον

2155 2768 2249 2823 νοῦ
2278 2767 2308 2820 6
2346 2765 2520 2833 Λόγος
2548 2763 2643 2817 τοῦ
2678 2761 2815 2816 Θεοῦ
2846 2762 2942 2815 καὶ
2984 2758 3139 2826 Θεὸς,
3183 2756 3563 2828 μεσιτεύοντος
3589 2751 3721 2807 Θεοῦ

2155 2859 2512 2931 καθαρότητι,
2540 2857 2634 2910 καὶ
2660 2855 2862 2925 σαρκὸς
2889 2852 3180 2923 παχύτητι.
3225 2848 3586 2917 Ἡγεμοθικὸν
3620 2845 3721 2914 γάρ

2154 2952 2336 3023 ψυχῆς
2364 2950 2461 3005 καὶ
2491 2951 2695 3020 σαρκὸς
2722 2951 2749 3002 6
2777 2946 2926 3010 νοῦς,
2961 2946 3061 3014 τῆς
3090 2944 3268 3013 ψυχῆς
3298 2942 3358 2994 τὸ
3392 2939 3719 3008 καθαρώτα-

2152 3061 2267 3099 τον.
2306 3042 2465 3096 Ἀλλὰ
2497 3042 2591 3096 καὶ
2613 3041 2705 3095 νοῦ
2732 3041 2760 3093 6
2793 3038 2947 3101 Θεός.
2983 3036 3094 3090 Καὶ
3125 3037 3213 3087 ὅτε
3250 3033 3348 3104 μὲν
3380 3031 3721 3100 παραχωρ;ῖσ

2154 3152 2244 3188 ται
2277 3133 2381 3188 ὑπὸ
2408 3131 2503 3186 τοῦ
2538 3133 2871 3202 κρείττονος,
2904 3128 3003 3197 τὴν
3033 3126 3243 3179 οἰκείαν
3280 3127 3308 3177 6
3356 3122 3477 3184 νοῦς
3519 3124 3722 3191 ἡγεμο-

2155 3228 2276 3282 νίαν
2339 3226 2693 3287 ἐνδείκνυται,
2764 3222 3050 3275 ἑκνικᾶται
3105 3219 3183 3282 δὲ,
3253 3217 3348 3269 καὶ
3402 3217 3601 3268 ἕπεται
3651 3212 3723 3282 τῷ

2155 3316 2447 3388 κρείττονι,
2479 3315 2572 3369 καὶ
2605 3312 2779 3366 ταῦτα
2808 3311 3023 3381 ἐνεργεῖ
3054 3308 3089 3362 ἃ
3124 3307 3370 3377 βούλεται
3405 3309 3437 3376 ἡ
3484 3305 3608 3357 θεία
3641 3303 3724 3356 θέ·

2154 3408 2331 3477 λησις.
2374 3404 2589 3473 Χωρίον
2625 3403 2654 3455 6
2713 3401 2837 3464 νοῦς
2874 3403 3067 3470 γέγονε
3111 3401 3208 3470 τῆς
3250 3398 3374 3451 καθ’
3426 3397 3724 3449 ὑπόστασιν

2154 3497 2304 3568 αὐτῷ
2355 3495 2641 3567 ἡνωμένης
2678 3493 2933 3563 θεότητος
2960 3508 2974 3523 ·
3012 3491 3199 3564 ὥσπερ
3265 3491 3330 3561 δὴ
3380 3490 3474 3543 καὶ
3519 3492 3552 3559 ἡ
3596 3488 3723 3556 σάρξ

2153 3594 2216 3648 οὑ
2254 3592 2519 3654 σύνοικος,
2552 3588 2626 3652 ὡς
2671 3588 2705 3659 ἠ
2740 3586 2849 3639 τῶν
2890 3586 3185 3658 αἱρετικῶν
3220 3583 3417 3654 ἐναγὴς
3456 3581 3721 3637 πλανᾶται

2154 3684 2356 3752 οἴησις.
2399 3682 2474 3734 Οὐ
2534 3679 2642 3749 γὰρ
2699 3677 2765 3732 ἂν
2823 3677 3137 3748 μεδιμναῖον
3190 3675 3445 3742 λέγουσα,
3500 3674 3720 3743 χωρήσῃ

2152 3776 2493 3846 διμέδιμνον,
2532 3771 2861 3842 σωματικῶς
2901 3770 2969 3822 τά
3013 3768 3153 3822 άῦλα
3192 3766 3472 3837 κρίνουσα.
3504 3766 3629 3827 Πῶς
3669 3762 3721 3815 δὲ

2154 3868 2284 3930 Θεὸς
2331 3867 2558 3927 τέλειος,
2600 3866 2692 3917 καὶ
2726 3863 3010 3932 ἄνθρωπος
3052 3861 3274 3925 τέλειος,
3316 3860 3411 3912 καὶ
3440 3854 3721 3926 ὁμοούσιος

2153 3962 2229 4030 τῷ
2264 3959 2441 4030 Πατρι
2465 3957 2560 4010 καὶ
2590 3957 2721 4027 ἡμῖν
2766 3956 2793 4007 6
2825 3953 3058 4022 Χριστὸς
3096 3950 3448 4023 λεχθήσεται,
3482 3950 3533 4002 εί
3565 3947 3720 4019 μέρος

2153 4055 2251 4124 τῆς
2276 4053 2427 4113 θείας
2458 4049 2672 4118 φύσεως
2715 4048 2872 4119 μέρει
2919 4047 3017 4116 τῆς
3068 4044 3419 4115 ἀνθρωπίνης
3470 4044 3530 4095 ὲν
3577 4036 3715 4107 αὑτῷ

2153 4146 2359 4219 ἥνωται
2409 4143 2661 4211 φύσεως;
2694 4141 2941 4209 Λέγομεν
2973 4138 3030 4190 δὲ
3083 4142 3181 4207 τὴν
3213 4136 3375 4205 φύσιν
3416 4133 3573 4206 ἡμῶν
3601 4133 3719 4201 ἐγη-

2153 4237 2347 4308 γέρθαι
2375 4236 2437 4289 ὲκ
2467 4236 2577 4288 τῶν
2606 4233 2841 4304 νεκρῶν,
2868 4232 2962 4286 καὶ
2995 4229 3386 4300 ἀνεληλυθέναι
3424 4230 3520 4281 καὶ
3559 4242 3717 4281 κεκα-

2154 4330 2364 4386 θικέναι
2388 4331 2452 4382 ὲκ
2482 4326 2672 4391 δεξιῶν
2695 4324 2787 4379 τοῦ
2828 4324 3062 4394 Πατρός,
3089 4324 3147 4375 οὑ
3178 4322 3314 4375 καθὸ
3343 4322 3511 4375 πᾶσαι
3534 4321 3591 4373 αἱ
3618 4317 3716 4371 τῶν

2152 4425 2454 4495 ἀνθρώπων
2493 4420 2818 4481 ὑποστάσεις
2849 4419 3175 4486 ἀνέστησαν,
3210 4416 3305 4468 καὶ
3359 4416 3624 4469 ἐκάθισαν
3660 4415 3716 4463 ἐκ

476 4507 604 4553 ctus
633 4496 799 4563 Deus,
820 4503 875 4549 et
895 4493 1056 4548 homo
1073 4492 1368 4562 perfectus,
1390 4500 1446 4545 et
1466 4490 1706 4561 ejusdem
1731 4508 1853 4546 cum
1885 4490 2047 4547 Patre

2155 4490 2342 4583 δεξιῶν
2368 4516 2461 4569 τοῦ
2494 4513 2724 4585 Πατρδς,
2774 4511 2909 4565 ἀλλὰ
2941 4510 3073 4565 καοδ
3100 4512 3249 4564 πᾶσα
3282 4509 3315 4580 ἡ
3368 4509 3528 4577 φύσις
3565 4504 3715 4576 ἡμῶν

482 4596 538 4642 et
564 4587 845 4643 nobiscum
877 4584 1151 4649 essentim,
1173 4584 1217 4638 si
1248 4593 1456 4653 partem
1484 4584 1682 4637 divinae
1698 4593 1904 4638 natura:
1928 4601 2053 4638 cum

481 4687 634 4749 parte
660 4687 863 4731 naturae
889 4676 1139 4730 humanae
1162 4676 1216 4729 in
1238 4690 1297 4730 se
1320 4676 1437 4745 ipso
1454 4676 1771 4746 coniungat?
1786 4675 1955 4729 Porro
1974 4675 2057 4731 di-

480 4773 657 4826 cimus
678 4778 928 4823 naturam
953 4776 1196 4821 nostram
1228 4782 1255 4819 a
1288 4767 1522 4821 mortuis
1560 4766 1889 4827 surrexisse,
1914 4776 1966 4818 et
1998 4766 2051 4819 in

484 4861 682 4918 caelum
704 4857 1036 4923 ascendisse,
1055 4867 1108 4911 et
1126 4856 1333 4911 sedisse
1350 4857 1417 4911 ad
1434 4856 1715 4910 dexteram
1735 4855 1930 4919 Patris,
1945 4871 2053 4910 non

479 4953 624 5024 quod
651 4966 844 5007 omnes
877 4949 1432 5004 omniumhominum
1487 4963 1736 5019 persona:
1791 4964 2050 5004 surrexe-

478 5041 610 5103 rint,
650 5047 702 5093 et
735 5039 800 5093 ad
841 5039 1123 5093 dexteram
1178 5036 1356 5091 Patris
1385 5037 1757 5103 consederint,
1784 5040 1877 5094 sed
1903 5040 2045 5110 quod

479 5129 662 5183 omnis
688 5138 883 5183 natura
912 5138 1099 5182 nostra
1165 5128 1282 5182 haec
1316 5128 1368 5182 in
1432 5126 1637 5184 Christi
1692 5144 1927 5199 persona
1977 5134 2049 5187 sit

476 5231 798 5277 consecuta.
836 5220 963 5288 Nos,
997 5220 1176 5290 inquit
1229 5218 1446 5275 divinus
1493 5220 1813 5290 Apostolus,
1835 5238 2050 5276 consur-

474 5332 595 5387 gere
630 5323 677 5368 et
712 5314 983 5368 consedere
1026 5312 1145 5383 fecit
1177 5313 1230 5365 in
1271 5310 1477 5367 Christo
1509 5313 1552 5364 ’.
1604 5312 1873 5369 Praeterea
1905 5315 2042 5370 dici-

480 5424 602 5462 mus
625 5398 1069 5478 coniunctionem
1108 5405 1250 5459 hanc
1279 5420 1343 5458 ex
1376 5406 1755 5461 communibus
1788 5410 2042 5465 essentiis

473 5501 801 5554 coniectam.
838 5499 971 5552 Nam
1004 5500 1181 5552 omnis
1209 5499 1441 5554 essentia
1496 5510 1556 5555 ut
1598 5516 1893 5556 commune
1954 5512 2040 5557 at-

471 5608 579 5664 que
611 5591 922 5647 universum
948 5594 1203 5663 quiddam
1259 5608 1449 5648 omnes
1484 5594 1585 5649 sibi
1616 5595 1890 5667 subiectas
1917 5611 2041 5665 per-

546 5778 562 5810 ²
594 5775 710 5831 Col.
742 5792 800 5839 tl,
837 5777 885 5830 9.
966 5780 984 5810 ’
1014 5780 1212 5850 Ephcs.
1255 5797 1317 5844 tl,
1355 5782 1409 5840 ϐ,

2155 4612 2213 4664 ὲν
2246 4613 2313 4680 τῇ
2352 4606 2459 4661 ’τοῦ
2500 4605 2740 4678 Χριστοῦ
2774 4604 3091 4659 ὑποστάσει.
3154 4604 3293 4673 Φησὶ
3346 4602 3474 4671 γοῦν
3512 4603 3541 4655 6
3581 4603 3714 4661 θεῖος

2154 4696 2498 4761 Ἀπόστολος,
2515 4695 2840 4764 Συνήγειρε
2854 4691 2949 4746 καί
2966 4691 3372 4746 συνεκάθισεν
3385 4687 3504 4757 ἡμᾶ
3510 4711 3539 4753 ς
3555 4689 3625 4743 ἐκ
3641 4684 3715 4750 τῷ

2154 4789 2405 4862 Χριστῷ.
2446 4788 2554 4842 Καὶ
2585 4786 2744 4840 τοῦτο
2774 4785 2831 4840 δέ
2865 4801 3065 4855 φαμεν,
3096 4784 3177 4837 ὅτι
3208 4785 3271 4836 ὲκ
3297 4780 3495 4835 κοινῶν
3522 4778 3712 4833 οὐσιῶν

2156 4886 2190 4955 ἡ
2214 4883 2408 4945 ἒνωσις
2431 4881 2649 4948 γέγονε.
2681 4878 2837 4931 Πᾶσα
2866 4876 2974 4946 γάρ
3011 4875 3167 4929 οὐσία
3197 4875 3353 4943 κοινή
3382 4875 3496 4925 ἐστι
3531 4869 3712 4923 πασῶν

2152 4977 2259 5029 τῶν
2288 4972 2380 5027 ὑπ’
2409 4974 2580 5039 αὑτῆς
2608 4968 3020 5041 περιεχομένων
3056 4966 3429 5025 ὑποστάσεων,
3480 4965 3575 5015 καὶ
3620 4959 3710 5011 οὒκ

2151 5067 2297 5119 ἐστιν
2349 5066 2534 5133 εὑρεῖν
2584 5061 2822 5132 μερικὴν
2871 5059 2966 5112 καὶ
3017 5057 3326 5121 ἰδιάζουσαν
3365 5055 3546 5122 φύσιν,
3600 5052 3710 5121 ήτοι

2148 5159 2362 5212 οὐσίαν.
2427 5156 2579 5209 Ἐπεὶ
2632 5154 2847 5222 ἀνάγκη
2899 5152 3000 5213 τὰς
3044 5151 3215 5211 αὐτὰς
3259 5150 3581 5207 ὑποστάσεις
3625 5144 3710 5195 καὶ

2150 5247 2464 5320 ὁμοουσίους
2516 5250 2609 5298 καὶ
2640 5243 3011 5315 ὲτεροουσίους
3038 5241 3222 5308 λέγειν
3245 5256 3259 5272 ·
3312 5240 3403 5293 καὶ
3437 5238 3533 5307 τὴν
3556 5236 3710 5304 άγῐαν

2150 5341 2356 5413 Τριάδα
2396 5341 2489 5393 καὶ
2533 5337 2846 5407 ὁμοοῦσιον,
2886 5336 2981 5389 καὶ
3032 5333 3374 5404 ἑτεροοὺσιον
3424 5329 3565 5384 κατὰ
3622 5327 3710 5393 τὴν

2152 5433 2380 5503 θεότητα
2431 5432 2629 5499 λέγειν.
2691 5426 2753 5482 Ἦ
2799 5429 2939 5497 αὑτὴ
2990 5429 3173 5479 τοῗνυν
3221 5424 3383 5495 φύσις
3418 5424 3474 5475 ὲν
3513 5420 3710 5487 ἑκάστῃ

2150 5528 2260 5579 τῶν
2302 5525 2655 5578 ὑποστάσεων
2686 5521 2994 5591 θεωρεῖται.
3050 5522 3155 5571 Καὶ
3199 5518 3285 5570 ὅτε
3336 5516 3578 5584 εῑπωμεν
3621 5508 3708 5576 τὴν

2152 5620 2221 5687 (ξύ
2234 5636 2314 5672 σιν
2337 5616 2428 5671 τοῦ
2453 5617 2627 5683 Λόγου
2657 5614 3064 5684 σεσαρκῶσθαι,
3102 5613 3237 5666 κατὰ
3258 5613 3382 5674 τοὺς
3416 5605 3705 5679 μακαρίους
