3954 6554
191 450 330 512 ’241

1183 465 1560 526 PANOPLIA
1603 467 2058 534 DOGMA'I‘ICA.
2107 504 2172 510 -
2217 481 2362 538 'i'l'l‘.
2411 484 2539 545 HI.

3393 485 3501 547 942

221 555 544 614 Ἀθαῗιάσιον
584 566 678 618 καὶ
699 567 982 637 Κύριλλον,
1002 571 1098 641 τὴν
1117 571 1348 642 θεότητά
1362 591 1541 644 φαμεν
1559 575 1794 644 ἡνῶσθαι

1910 597 2070 638 sonas
2093 588 2493 658 complectitur.
2531 591 2644 646 Nec
2682 592 2810 648 licet
2861 595 3109 649 naturam
3153 594 3267 649 sive
3301 609 3498 648 esseu-

209 653 395 721 σαρκί.
415 654 504 708 Διὸ
520 657 583 708 ού
600 657 874 727 δυνάμεθα
894 662 1087 725 εἰπεῖν,
1106 660 1168 716 Ἦ
1186 666 1345 732 φύσις
1368 665 1460 719 τοῦ
1482 666 1655 734 Λόγου
1679 667 1812 728 ἐπα,

209 742 301 795 Θεν
325 761 338 774 ·
375 745 434 798 ού
476 749 586 818 γὰρ
620 749 875 820 ἔπκθενή
923 753 1113 826 θεότης
1149 757 1402 826 εει-αύτῷ.
1430 759 1699 828 Λὲγοντες
1741 761 1799 813 δὲ

207 833 309 903 τὴν
343 835 694 911 ἀνθρωπίνην
722 841 880 910 φύσιν
908 848 1238 899 πεπονθέναι
1271 849 1328 900 ὲν
1351 850 1428 920 τῷ
1464 851 1708 922 Χριστῷ,
1735 853 1795 905 ού

209 927 391 992 πάσας
435 930 530 994 τὰς
565 933 674 985 τῶν
708 934 1014 1005 ἀνθρώπων
1048 937 1378 1004 ὑποστάσεις
1413 943 1792 1014 ἑμφαίνομεν,

209 1018 352 1071 ἀλλὰ
390 1024 457 1090 τῇ
495 1023 1022 1098 ἀνθρωπίνῃ.φύσει
1061 1031 1434 1102 ὁμολογοῦμεν
1467 1036 1801 1091 πεπονθέναι

208 1110 304 1164 τὸν
331 1113 587 1183 Χριστόν.
621 1118 783 1172 Ὥστε
814 1121 976 1191 φύσιν
1007 1122 1100 1175 τοῦ
1132 1125 1308 1194 Λόγου
1341 1126 1597 1194 λέγοντες
1633 1130 1798 1184 αὐτὸν

210 1209 306 1259 τὸν
345 1209 520 1277 Λόγον
555 1217 918 1286 σημαίνομεν.
971 1219 1030 1272 Ὀ
1068 1219 1124 1273 δὲ
1158 1222 1332 1291 Λόγος
1373 1225 1464 1276 καὶ
1504 1225 1564 1278 τὸ
1613 1226 1794 1279 κοινὸν

211 1299 314 1366 τῆς
374 1302 560 1364 οὐσίας
618 1306 917 1378 κέκτηται,
973 1311 1070 1366 καὶ
1130 1312 1190 1366 τὸ
1253 1313 1452 1380 ἰδιάζον
1501 1316 1600 1386 τῆς
1663 1317 1794 1371 ὐπο-

214 1390 487 1454 στάσεως.

1926 676 2053 730 tiam
2098 679 2260 733 ullam
2290 681 2643 752 singularem,
2688 684 3061 754 privatamque
3114 685 3376 755 reperire.
3407 684 3499 740 Sic

1919 769 2065 823 enim
2101 780 2246 826 esset
2274 774 2668 839 necessarium,
2723 791 2997 845 personas
3049 779 3194 848 ipsas
3223 772 3500 831 'esseutite

1913 868 1966 913 et
1989 862 2236 930 ejusdem
2289 878 2432 931 esse,
2501 875 2556 920 et
2585 866 2834 922 diversae.
2877 871 2940 922 Et
2981 877 3224 923 sanctam
3257 868 3498 923 Trinita-

1913 961 2019 1006 tem
2053 954 2299 1019 ejusdem
2331 971 2475 1021 esse.
2513 958 2856 1030 dtversmque
2905 961 3159 1016 essentia:
3230 969 3496 1032 quantum

1914 1046 2154 1112 pertinet
2185 1050 2251 1100 ad
2315 1046 2680 1104 divinitatem.
2714 1051 2918 1105 Eadem
2954 1052 3121 1122 igitur
3179 1061 3374 1107 natura
3444 1051 3498 1104 in

1916 1125 2148 1206 singulis
2171 1138 2421 1207 personis
2447 1140 2852 1198 consideratur.
2887 1143 2950 1198 Et
2984 1145 3206 1214 quando
3238 1144 3499 1207 dicimus,

1910 1224 2072 1280 Verbi
2120 1237 2373 1284 naturam
2431 1246 2653 1288 carnem
2707 1235 3100 1306 assumpsisse,
3154 1235 3496 1290 divinitatem

1908 1331 1972 1372 ex
2003 1316 2287 1373 beatorum
2317 1320 2626 1386 Athanasii,
2689 1323 2988 1396 (Iyrillique
3045 1326 3319 1381 sententia
3346 1325 3498 1380 carui

1902 1423 2025 1462 esse
2051 1409 2401 1480 conjunctam
2431 1413 2782 1472 allirmamus.
2811 1415 3182 1482 Quamobrem
3218 1432 3328 1473 non
3369 1430 3496 1486 pos-

210 1499 406 1540 sumus
469 1489 654 1546 dicere
684 1489 848 1549 Verbi
913 1507 1160 1553 naturam
1193 1515 1315 1557 esse
1363 1516 1602 1571 passam.
1670 1513 1850 1574 neque
1913 1505 2059 1558 enim
2099 1504 2355 1560 divinitas
2401 1509 2453 1562 in
2510 1507 2628 1580 ipso
2682 1526 2840 1582 passa
2861 1522 2968 1567 est.
3014 1514 3270 1568 Dicentes
3319 1522 3499 1572 autem

211 1589 469 1634 naturam
509 1582 805 1639 httmanam
849 1586 1015 1644 fuisse
1071 1609 1287 1662 passam
1344 1595 1398 1652 in
1456 1587 1696 1660 Christo,
1743 1612 1848 1652 non
1912 1613 2104 1657 omnes
2158 1604 2445 1661 hominum
2510 1622 2774 1677 personas
2832 1610 3227 1684 significamus,
3291 1608 3386 1663 sed
3446 1607 3502 1660 in

209 1679 410 1726 natura
442 1673 682 1729 humana
738 1676 1016 1734 Christum
1071 1698 1192 1738 eSSe
1227 1701 1446 1756 passum
1488 1689 1834 1743 conﬁtemur.
1866 1690 2047 1756 Quare
2077 1712 2198 1751 cum
2235 1696 2408 1752 Verbi"
2431 1709 2686 1754 naturam
2737 1700 2994 1768 dicimus,
3050 1700 3226 1772 ipsmu
3258 1698 3507 1778 Verbum

211 1761 550 1820 iudicamus.
615 1764 854 1823 Verbum
924 1781 1196 1830 autemet
1257 1779 1509 1834 essentim
1548 1779 1998 1839 communitatem
2055 1789 2288 1858 obtinet,
2322 1801 2376 1845 et
2432 1805 2676 1861 persona“:
2713 1795 3130 1867 proprietatem.

585 1881 700 1961 Τρῦ
740 1885 929 1979 aurai}
951 1889 1294 1979 κεράμιον
1325 1899 1457 1979 σαπῇ
1664 1967 1676 1979 .

2052 1968 2084 1979 _
2357 1903 2669 1979 _E__ius_r_lem.
2701 1907 2832 1979 Cap.
2880 1908 2972 1963 7'1.

208 1946 355 2015 Περὶ
397 1949 506 2016 τῆς
540 1953 684 2020 μιᾶς
723 1955 828 2009 τοῦ
871 1946 1258 2044 Θερῦ’Λόγου
1297 1966 1599 2018 συνθετου
1650 1967 1794 2020 ὐπο-

2398 1946 2436 1955 .,
2469 1946 2669 1964 πηνα..
2702 1946 2773 1964 υι.
2817 1949 2832 1962 .
2889 1946 2972 1963 ...

2043 1968 2119 2024 De
2176 1988 2280 2026 una
2349 1946 2458 2027 Dei,
2513 1975 2660 2032 Verbi
2724 1946 3013 2048 cofnposita
3073 1996 3322 2048 persona.

854 2041 1152 2094 στάσεως.

287 2109 590 2181 Τοιγαροῦν
619 2115 999 2187 ὁμολογοῦμεν
1036 2121 1200 2175 αὐτὸν
1229 2125 1496 2181 ἓναιΥἱὸν
1527 2128 1665 2183 Θεοῦ
1698 2132 1797 2185 καὶ

210 2203 356 2268 μετᾶ
383 2204 484 2271 τὴν
511 2207 948 2281 ἐνανθρὼπησιν,
982 2213 1076 2266 καὶ
1105 2213 1236 2270 Υἰὸν
1263 2217 1557 2289 ἀνθρώπου
1587 2223 1680 2278 τὸν
1703 2226 1800 2279 αύ-

204 2293 340 2346 τόνλ
393 2297 490 2349 ἕνα
531 2299 784 2370 Χριστὸν,
831 2302 925 2358 ἕνα
969 2305 1197 2378 Κύριον,
1231 2310 1323 2364 τὸν
1373 2317 1637 2387 μονογενῆ
1669 2317 1800 2372 Υἱὸν

209 2391 308 2437 καὶ
338 2389 510 2456 Λόγον
541 2392 638 2444 τοῦ
671 2393 828 2460 Θεοῦ,
875 2398 1082 2466 Ἰησοῦν
1119 2401 1210 2457 τὸν
1238 2405 1448 2476 Κύριον
1477 2410 1669 2481 ἡμῶν,
1705 2412 1801 2469 δύο

206 2479 382 2531 αὐτοῦ
417 2479 517 2542 τὰς
551 2486 836 2549 γεννήσεις
869 2489 1143 2559 σέϐοντες,
1176 2493 1308 2564 μίαν
1335 2492 1438 2566 μὲν
1462 2479 1564 2571 την
1593 2502 1658 2555 ὲκ
1684 2503 1802 2557 Πα-

203 2571 343 2640 τρὸς
384 2574 716 2642 προαιώνιον
750 2579 892 2649 ὑπὲρ
919 2583 1102 2637 αξτέαν
1132 2588 1227 2640 καὶ
1260 2587 1420 2658 λόγον
1477 2593 1570 2646 καὶ
1609 2597 1801 2666 χρόνον

209 2665 314 2715 καὶ
343 2665 510 2733 φύσιν
533 2682 560 2698 ’-
581 2669 680 2722 καὶ
713 2670 844 2738 μίαν
870 2672 968 2741 τὴν
997 2674 1086 2729 ἐπ’
1115 2679 1366 2748 ἐσχάτων
1395 2681 1462 2735 δι’
1485 2665 1670 2753 ἡμᾶς,
1705 2686 1801 2741 καὶ

206 2754 339 2806 καθ’
379 2757 551 2826 ἡμᾶς,
587 2761 680 2812 καὶ
724 2761 878 2833 ὑπὲρ,
908 2765 1079 2834 ἡμᾶς.
1112 2769 1190 2823 Δι’
1231 2773 1404 2842 ἡμᾶς,
1451 2774 1534 2828 ὅτι
1575 2776 1663 2829 διὰ
1703 2777 1804 2850 τὴν

206 2847 496 2942 ἡμετέραν
526 2855 806 2922 σωτηρῖαν
826 2870 841 2888 ο
873 2858 996 2911 καθ’
1025 2861 1192 2931 ἡμᾶς,
1217 2865 1300 2919 ὅτι
1332 2867 1560 2934 γέγονεν
1590 2847 1801 2942 ἄνθρω·

106 3007 115 3016 ⁸
209 2952 320 3030 Ero;
355 2937 420 3030 εκ
449 2943 746 3030 γυναικὸς,
788 2946 884 2998 καὶ
910 2949 1090 3019 χρόνῳ
1121 2953 1408 3023 κυήσεωςο
1443 2957 1583 3028 ὑπὲρ
1609 2937 1794 3030 ἡμας,

204 3021 299 3073 ὅτι
321 3023 424 3076 ούκ
445 3027 509 3077 ἐκ
535 3031 762 3098 σπορᾶς,
791 3033 908 3085 ἀλλ’
938 3034 997 3100 ἐξ
1027 3039 1182 3106 ἁγίου
1214 3021 1532 3113 Πνεύματος
1552 3021 1563 3028 1
1585 3021 1680 3103 κᾶι

205 3113 386 3180 ἁγίας
414 3117 693 3186 Παρθένου
723 3122 864 3195 ὑπὲρ
890 3126 1056 3194 νόμον
1085 3132 1364 3202 κυήσεως·
1392 3138 1452 3190 ού
1475 3139 1610 3192 Θεὶν
1637 3113 1802 3196 αύτὸν

1975 2122 2239 2179 Eumdem
2304 2127 2469 2198 igitur
2518 2131 2683 2184 etiam
2742 2143 2866 2201 post
2918 2132 3214 2186 humanam
3266 2147 3494 2187 carnem

1903 2229 2240 2285 assumptum
2293 2235 2460 2273 unum
2494 2221 2689 2277 Filium
2740 2225 2857 2289 Dei,
2891 2233 2948 2280 et
2979 2224 3175 2278 Filium
3218 2225 3488 2285 hominis,

1903 2325 2073 2362 unum
2143 2311 2460 2376 Christum,
2516 2331 2682 2368 unum
2752 2315 3065 2382 Dominum,
3141 2317 3486 2386 unigenitum

1904 2401 2133 2467 Filium,
2167 2414 2222 2459 ct
2259 2406 2492 2460 Verbum
2533 2408 2647 2472 Dei,
2681 2407 2868 2464 Jesum
2912 2411 3206 2466 Dominum
3237 2419 3490 2465 nostrum

1901 2495 2246 2558 conﬁtemur,
2291 2497 2429 2551 duos
2481 2497 2655 2564 ipsius
2711 2510 2866 2554 ortus
2917 2511 3265 2568 venerantes,
3323 2517 3492 2556 unum

1901 2584 2122 2653 quidem
2158 2599 2222 2639 ex
2255 2585 2415 2642 Patre
2445 2597 2572 2642 ante
2594 2589 2791 2643 saecula
2838 2590 2984 2644 omni
3015 2605 3177 2645 causa
3203 2601 3258 2644 et
3285 2589 3496 2643 ratione

1905 2685 2017 2730 tum
2054 2677 2336 2747 temporis.
2387 2688 2502 2733 tum
2555 2691 2763 2735 natura:
2824 2683 3192 2750 superiorem,
3254 2683 3488 2736 alterunt

1906 2777 2098 2822 autem
2142 2768 2198 2822 in
2229 2769 2546 2826 novissimis
2594 2774 2934 2842 temporibus
2984 2783 3212 2846 propter
3262 2790 3386 2833 nos.
3439 2784 3494 2830 et

1904 2874 1971 2911 ex
2005 2859 2185 2924 nobis,
2223 2869 2278 2915 et
2310 2877 2472 2932 supra
2509 2879 2630 2919 nos.
2678 2865 2908 2936 Propter
2941 2883 3062 2932 nos,
3097 2867 3223 2937 quia
3269 2877 3492 2936 propter

1904 2951 2133 3004 salutent
2164 2963 2405 3007 nostram
2433 2972 2448 3017 ;
2484 2971 2550 3010 ex
2580 2957 2761 3020 nobis,
2795 2960 2924 3028 quia
2955 2975 3022 3014 ex
3052 2959 3282 3014 muliere
3329 2970 3489 3014 natus

1904 3050 1991 3094 est
2046 3043 2212 3098 homo
2265 3045 2511 3116 legitimo
2558 3058 2752 3118 partus
2805 3059 3087 3121 tempore;
3143 3068 3310 3122 supra
3367 3067 3498 3117 nos,

1904 3137 2030 3200 quia
2086 3135 2207 3191 sine
2259 3138 2493 3202 semine,
2541 3154 2608 3193 ex
2665 3140 2872 3211 Spiritu
2929 3154 3141 3207 sancto,
3195 3155 3250 3200 et
3298 3155 3491 3199 sancta

213 3203 384 3272 μόνον
415 3209 782 3277 κηρύττοντες
817 3218 1024 3288 γυμνὸν
1049 3222 1150 3293 τῆς
1183 3227 1306 3278 καθ’
1333 3229 1482 3298 ἡμᾶς
1506 3233 1794 3305 ἀνθρωπό-

1908 3225 2147 3297 Virgine,
2195 3244 2359 3299 supra
2412 3231 2660 3300 pariendi
2705 3233 2903 3304 legem.
2948 3235 3059 3292 Nec
3101 3237 3268 3292 Deum
3311 3238 3490 3292 solum

205 3312 400 3364 τητος,
428 3300 550 3352 οὐδὲ
582 3304 687 3373 μὴν
709 3304 1000 3378 ἄνθρωπον
1026 3313 1188 3382 μόνον
1207 3316 1490 3386 ψιλοῦντες
1518 3300 1680 3378 αὐτὸν
1700 3331 1798 3399 τῆς

209 3389 494 3460 θεότητος,
539 3395 640 3448 ούκ
687 3398 847 3454 ἄλλον
913 3407 1007 3457 καὶ
1047 3407 1226 3471 ἄλλον,
1269 3411 1386 3465 ἀλλ’
1429 3414 1525 3470 ἕνα
1564 3420 1658 3472 καὶ

210 3483 384 3536 αὑτὸν
411 3486 548 3579 ὅμοῦ
571 3488 709 3544 Θεόν
731 3509 792 3545 τε
822 3497 917 3548 καὶ
939 3496 1232 3569 ἄνθρωπον
1250 3519 1264 3533 ·
1290 3504 1423 3559 Θεὸν
1447 3509 1673 3579 τέλειον,
1703 3515 1798 3569 καὶ

207 3572 503 3645 ἄνθρωπον
536 3580 742 3635 τέλειον
771 3601 788 3616 ο
828 3585 950 3640 ὅλον
983 3588 1150 3657 Θεὸν,
1181 3595 1275 3646 καὶ
1311 3596 1433 3651 ὅλον
1463 3572 1752 3673 ἄνθρωπον
1779 3622 1793 3636 ο

207 3664 299 3719 διὰ
341 3667 438 3719 τοῦ
472 3670 668 3738 εἰπεῖν,
700 3673 908 3729 τέλειον
937 3678 1072 3733 Θεὸν
1114 3686 1208 3737 καὶ
1239 3687 1448 3741 τέλειον
1484 3664 1792 3763 ἄνθρωπον,

207 3757 271 3810 τὸ
310 3760 520 3832 πλῆρες
589 3766 682 3817 καὶ
735 3767 1019 3835 ἀνελλιπὲς
1060 3773 1348 3843 δηλοῦντες
1396 3782 1504 3835 τῶν
1546 3757 1793 3854 (passum;

205 3849 300 3904 διὰ
333 3851 392 3904 δὲ
421 3853 515 3906 τοῦ
548 3856 746 3923 εἰπεῖν,
778 3860 899 3914 ὅλον
922 3863 1056 3916 Θεὸν
1104 3868 1196 3922 xal
1227 3869 1350 3923 ὅλον
1380 3849 1694 3945 ἄνθρωπον,
1735 3878 1796 3933 τὸ

211 3943 513 4011 μοναδικὸν
548 3946 857 4016 δεικνύντες
887 3955 988 4023 τῆς
1023 3957 1400 4026 ὑποστάσεως.
1436 3943 1547 4020 Kal
1580 3970 1708 4040 μίαν
1739 3971 1795 4025 δὲ

164 4055 182 4064 -
206 4037 379 4105 φύσιν
418 4037 512 4092 τοῦ
539 4041 675 4094 Θεοῦ
705 4044 881 4112 Λόγου
920 4056 1350 4126 σεσαρκωμὲνην
1381 4037 1756 4132 ὁμολογοῦμεν
1779 4106 1794 4131 ,

205 4131 302 4185 διὰ
366 4132 460 4185 τοῦ
524 4142 957 4214 σεσαρκωμένην
1014 4144 1112 4216 τὴν
1173 4149 1275 4219 τῆς
1341 4153 1544 4223 σαρκὸς
1609 4131 1796 4218 ούσὶας

203 4228 595 4298 σημαίνοντες,
637 4234 774 4288 κατὰ
799 4234 892 4288 τὸν
933 4239 1208 4311 μακάριον
1239 4242 1531 4313 Κύριλλον.
1568 4247 1678 4301 Καὶ
1708 4267 1797 4302 σε·

206 4321 499 4389 σάρκωται
521 4324 704 4378 τοίνυν
730 4328 758 4379 ὅ
787 4328 987 4396 Λόγος,
1021 4333 1116 4384 καὶ
1142 4335 1240 4403 τῆς
1263 4336 1471 4400 οἰκείας
1500 4337 1796 4410 ἀῦλότητος

1904 3317 2081 3386 ipsum
2124 3322 2488 3388 praedicamus
2511 3340 2538 3378 a
2565 3334 2749 3380 nostra
2779 3324 3087 3396 seiunctum
3121 3329 3498 3391 humanitate,

1901 3424 2004 3464 nec
2044 3411 2220 3466 solum
2277 3413 2556 3469 hominem
2616 3427 2884 3471 remotum
2930 3435 2959 3474 a
3009 3420 3333 3484 divinitate,
3383 3434 3494 3474 nec

1901 3502 2066 3556 alium
2105 3514 2269 3574 atque
2309 3506 2628 3572 alium,sed
2676 3524 2845 3564 unum
2902 3521 2959 3565 et
2993 3512 3270 3576 eumdem,
3323 3513 3487 3569 simul

1903 3595 2070 3652 Deum
2103 3608 2265 3666 atque
2292 3600 2591 3667 hominem,
2623 3602 2790 3656 Deum
2840 3604 3145 3672 perlectum
3202 3615 3257 3660 et
3302 3606 3485 3676 perfe-

1901 3698 2049 3742 ctum
2093 3689 2392 3755 hominem,
2425 3699 2598 3746 totum
2649 3693 2816 3748 Deum
2850 3705 2902 3748 et
2949 3704 3122 3750 totum
3177 3699 3478 3764 hominem,

1901 3781 2156 3835 eumdem
2208 3791 2381 3836 totum
2437 3783 2608 3838 Deum
2663 3785 2826 3840 etiam
2881 3802 3005 3840 cum
3054 3803 3221 3842 carne
3272 3803 3390 3856 sua,
3430 3803 3510 3847 ct-

1906 3878 2082 3925 totum
2120 3872 2401 3927 hominem
2432 3875 2598 3929 etiam
2649 3890 2773 3930 cum
2825 3892 3038 3933 summa
3083 3879 3388 3949 divinitate,
3425 3893 3486 3938 ttt

1900 3962 2168 4031 dicentes,
2202 3964 2504 4032 perfectum
2551 3967 2720 4023 Deum
2756 3981 2811 4024 et
2838 3973 3137 4041 perlectqu
3177 3975 3481 4043 hominem,

1899 4057 2202 4114 absolutam
2242 4065 2298 4112 et
2319 4059 2466 4114 nulla
2495 4076 2552 4115 re
2573 4060 2920 4118 deiicientem
2947 4074 3268 4121 naturarum
3303 4071 3478 4139 pleni-

1900 4150 2145 4205 tudinem
2171 4151 2551 4216 ostendamus,
2586 4153 2834 4209 dicentes
2859 4164 3063 4222 autem,
3095 4167 3266 4213 totum
3307 4160 3476 4217 Deum

1896 4247 1953 4294 et
1979 4248 2148 4294 totum
2177 4239 2480 4307 hominem,
2503 4241 2719 4297 unicam
2745 4253 2801 4298 et.
2824 4245 3154 4316 singularem
3190 4265 3480 4319 personam

1898 4329 2268 4386 declaremtts.
2295 4331 2472 4388 Unam
2506 4333 2634 4388 item
2659 4333 2751 4389 Dei
2783 4334 2948 4392 Verbi
2976 4348 3224 4394 naturam
3257 4357 3478 4398 raruem

201 4414 308 4465 οὐκ
339 4414 624 4488 ὲξέστηκε.
657 4418 762 4472 Kal
810 4420 930 4485 ὅλος
987 4425 1369 4495 σεσάρκωται,
1427 4430 1523 4482 καὶ
1575 4432 1698 4496 ὅλος
1727 4429 1794 4504 ἦν

1903 4423 2263 4491 assumpsisse
2314 4424 2665 4490 conﬁtemur,
2715 4426 2766 4480 id
2799 4435 2905 4495 est,
2939 4431 3118 4486 carnis
3155 4435 3476 4500 essentiam,

201 4505 652 4577 ἁπερίγραπτος.
682 4510 1049 4583 Σμικρύνεται
1101 4519 1431 4588 σωματικῶς
1457 4522 1550 4574 καὶ
1580 4526 1794 4579 συστέλ-

1903 4523 1959 4568 ut
1979 4513 2172 4569 beatus
2195 4515 2426 4585 Cyrillus
2450 4516 2721 4588 intelligit.
2763 4517 2995 4575 Carnem
3043 4522 3210 4592 igitur
3237 4525 3474 4582 Verbum

203 4593 383 4650 λεται.
421 4599 532 4652 Καὶ
559 4597 757 4665 θεῖκῶς
784 4604 932 4656 ἐστιν
962 4606 1409 4679 ἀπερίγραπτος,
1459 4613 1520 4665 οὑ
1577 4631 1794 4684 συμπα-

1903 4603 2211 4674 assumpsit,
2238 4605 2340 4660 nec
2370 4617 2551 4661 tamen
2585 4623 2614 4660 a
2639 4618 2833 4664 natura
2861 4626 2957 4664 sua
2979 4620 3208 4668 recessit
3238 4621 3478 4673 materiae

205 4691 637 4762 ρεκτεινομὲνης
683 4695 782 4766 τῆς
827 4698 1034 4768 σαρκὸς
1069 4701 1237 4755 αὑτοῦ
1282 4705 1347 4774 τῇ
1393 4705 1794 4780 ἀπεριγράπτσρ

1903 4704 2145 4765 experte.
2177 4697 2241 4752 Et
2268 4710 2395 4751 cum
2424 4707 2596 4753 totam
2627 4714 2848 4755 carnem
2884 4706 3263 4772 assumpserit,
3300 4716 3472 4761 totum

204 4779 452 4851 θεότητι.
491 4783 654 4848 Ὅλος
701 4788 798 4856 μὲν
827 4785 920 4844 οὖν
951 4791 1068 4844 ἐστι
1102 4793 1238 4856 Θεὸς
1266 4797 1469 4861 τέλειος
1495 4839 1506 4858 .
1542 4799 1640 4870 ούχ
1671 4779 1794 4856 ὅλον

203 4873 263 4927 δὲ
314 4875 450 4938 Θεός
476 4893 494 4909 ⁸
527 4879 590 4932 ού
621 4879 731 4950 γὰρ
773 4881 932 4952 μόνον
961 4883 1117 4950 Θεὸς,
1156 4885 1294 4940 ἀλλὰ
1342 4889 1436 4941 καὶ
1482 4890 1790 4963 ἄνθρωπος.

204 4965 322 5018 Καὶ
360 4967 482 5032 ὅλος
512 4971 802 5039 ἄνθρωπος
834 4973 1040 5037 τέλειος
1060 5017 1076 5039 ,
1109 4977 1211 5046 οὐχ
1245 4979 1364 5031 ὅλον
1397 4980 1452 5032 δὲ
1479 4981 1790 5050 ἄνθρωπος.

203 5057 288 5112 Οὐ
319 5060 483 5128 μόνον
505 5062 612 5132 γὰρ
643 5063 952 5136 ἄνθρωπος,
981 5067 1119 5121 ἀλλὰ
1143 5072 1238 5123 καὶ
1263 5070 1415 5134 Θεὸς.
1449 5073 1522 5127 Τὸ
1553 5076 1653 5142 μὲν
1678 5075 1787 5146 γὰρ

201 5150 334 5204 ὅλον
365 5152 580 5219 φύσεώς
607 5157 727 5208 ἐστι
761 5161 1192 5227 παραστατικὸν,
1224 5161 1286 5214 τὸ
1314 5162 1367 5215 δὲ
1396 5163 1516 5226 ὅλος
1545 5165 1788 5220 ὑποστά-

203 5258 353 5304 σεως
379 5259 394 5273 ⁸
427 5242 619 5314 ὥσπερ
643 5245 706 5298 τὸ
732 5247 831 5317 μὲν
861 5249 992 5304 ἄλλο
1019 5250 1256 5318 φύσεως,
1284 5252 1345 5305 τὸ
1373 5253 1430 5307 δὲ
1461 5255 1621 5316 ἄλλος
1651 5257 1784 5310 ὐπο-

203 5335 474 5396 στάσεως.
520 5336 614 5389 Ἐν
640 5340 775 5391 πᾶσι
809 5340 908 5409 μὲν
932 5337 998 5406 ἦν
1019 5381 1033 5404 ,
1064 5344 1158 5394 καὶ
1192 5343 1330 5414 ὑπὲρ
1360 5346 1427 5398 τὰ
1464 5348 1660 5409 πάντα,
1692 5350 1787 5402 καὶ

199 5430 261 5482 ὲν
305 5431 374 5501 τῇ
403 5434 608 5502 γαστρὶ
643 5435 743 5504 τῆς
772 5435 1122 5505 Θεομὴτορος
1146 5474 1161 5498 ,
1189 5435 1307 5488 ἀλλ’
1338 5437 1396 5488 ἐν
1424 5436 1596 5508 ταύτῃ
1637 5439 1788 5508 ἐνερ-

201 5517 335 5586 γείᾳ
367 5520 722 5587 σαρκώσεως.
760 5523 956 5575 Ἰστέον
981 5523 1036 5576 δὲ
1063 5524 1160 5586 ὡς,
1187 5525 1236 5576 εἰ
1263 5525 1358 5578 καὶ
1383 5531 1710 5597 περιχωρεῖν
1729 5531 1786 5582 ὲν

204 5603 474 5675 ἀλλήλαις
498 5615 596 5676 τὰς
619 5614 717 5667 τοῦ
742 5615 947 5686 Κυρίου
976 5616 1168 5686 φύσεις
1195 5617 1394 5686 φαμὲν,
1428 5620 1544 5672 ἀλλ’
1564 5622 1786 5686 οἴδαμεν

203 5695 289 5757 ὥς
341 5697 405 5750 ἐκ
445 5702 546 5769 τῆς
590 5703 741 5768 θείας
787 5705 1001 5774 φύσεως
1047 5709 1080 5779 ἡ
1133 5709 1507 5784 περιχώρησις
1553 5713 1782 5781 γίνεται.

207 5787 361 5859 Αὕτη
393 5792 496 5860 μὲν
538 5793 646 5864 γὰρ
670 5797 760 5850 διὰ
789 5801 1007 5854 πάντων
1035 5800 1214 5868 διήκει
1234 5840 1245 5861 ,
1281 5804 1465 5867 καθὼς
1497 5804 1781 5874 βούλεται,

211 5879 309 5930 καὶ
333 5886 648 5948 περιχωρεῖ,
681 5885 747 5938 δι’
774 5887 945 5954 αὐτῆς
968 5887 1022 5941 δὲ
1048 5888 1220 5942 οὐδέν.
1256 5891 1361 5944 Καὶ
1389 5891 1528 5956 αὕτη
1549 5894 1652 5954 μὲν
1681 5895 1788 5950 τῶν

1899 4797 2080 4846 tamen
2133 4791 2288 4847 nullo
2351 4793 2586 4848 termino
2656 4794 3151 4852 circumscribitur.
3228 4799 3473 4872 Corpore

1895 4881 2162 4938 minuitur
2227 4892 2396 4954 atque
2465 4885 2843 4951 contrahitur,
2906 4894 2964 4942 et
3015 4887 3302 4946 divinitate
3362 4909 3470 4948 non

1892 4975 2411 5032 circumscribitur:
2449 4992 2573 5032 cum
2615 4978 2733 5047 ejus
2777 4994 2906 5036 caro
2951 4996 3115 5051 super
3161 4984 3470 5049 divinitate,

1892 5083 2014 5138 quae
2055 5068 2430 5129 circumscribi
2489 5085 2593 5123 non
2659 5080 2861 5141 potest,
2923 5089 3034 5128 non
3112 5080 3465 5135 extendatur.

1894 5157 2068 5214 Totus
2113 5173 2244 5229 ergo
2276 5160 2555 5229 perlectus
2586 5172 2670 5216 est
2705 5162 2869 5230 Deus,
2899 5180 3008 5220 non
3059 5177 3231 5222 totum
3285 5183 3467 5225 autem

1894 5249 2076 5315 Deus;
2109 5265 2287 5320 neque
2338 5251 2484 5305 enim
2532 5253 2708 5309 solum
2761 5255 2922 5322 Deus,
2953 5259 3048 5312 sed
3081 5261 3243 5313 etiam
3283 5263 3469 5320 ltonw.

1894 5345 1962 5399 Et
1986 5352 2131 5398 totus
2165 5343 2330 5398 homo
2361 5344 2658 5413 perfectus,
2692 5364 2800 5403 non
2831 5359 3014 5404 autem
3049 5361 3222 5406 totum
3261 5353 3464 5416 homo;

1891 5419 2070 5507 neque
2110 5439 2258 5490 enim
2307 5437 2483 5492 solum
2530 5437 2716 5504 homo,
2765 5456 2954 5495 verum
2993 5442 3160 5496 etiam
3201 5443 3363 5498 Deus.
3401 5445 3466 5500 Ut

1891 5536 2063 5582 totum
2129 5527 2349 5597 quidem
2401 5537 2651 5584 naturam
2705 5531 3021 5591 constituat.
3073 5541 3219 5586 totus
3276 5542 3461 5590 autem

1889 5633 2214 5688 personam,
2249 5619 2493 5689 itemque
2534 5629 2743 5675 naturae
2791 5622 2860 5674 sit
2891 5621 3058 5683 aliud,
3096 5623 3236 5679 alius
3276 5637 3460 5681 autem

1889 5726 2156 5780 personat.
2203 5711 2263 5764 In
2292 5712 2550 5766 omnibus
2584 5719 2724 5775 erat,
2757 5721 2813 5767 et
2853 5729 3019 5782 super
3067 5717 3250 5770 oumi-a
3294 5718 3456 5775 etiam

1890 5802 1945 5855 iu
2010 5810 2164 5856 utero
2227 5801 2426 5857 divinae
2487 5801 2804 5867 Genitricis,
2870 5804 2922 5859 in
2991 5805 3098 5859 hoc
3159 5816 3340 5862 tamen
3395 5825 3460 5864 ea

1901 5894 2245 5959 potissimum
2283 5893 2519 5960 actione,
2554 5910 2659 5964 qua
2717 5910 2939 5954 carnem
2992 5897 3271 5954 induebat.
3321 5901 3460 5955 l‘ltud
