3954 6554
230 426 344 487 ⁵245

1202 424 1577 486 PANOPLIA
1619 424 2079 486 DOGMATICA.
2122 449 2190 459 ·-
2225 423 2371 481 'i‘l'l‘.
2417 423 2545 482 VH.

3376 414 3483 475 ειιδ
3580 500 3583 503 _

232 537 478 606 ἰδρὼτες,
522 538 573 589 οἱ
621 536 851 606 θρόμϐοι
902 536 994 590 τοῦ
1042 536 1297 608 αἵματος,
1338 540 1371 609 ἡ
1417 539 1504 592 διὰ
1545 539 1606 592 τὸ
1650 537 1811 592 ἀσθε-

1947 535 2196 600 tssitudo,
2226 535 2400 599 dolor,
2447 537 2718 606 lacrymaa,
2776 533 3050 596 interitus,
3086 529 3275 584 mortis
3315 545 3483 583 causa

226 627 319 689 vt;
378 627 469 697 τῆς
509 626 725 695 φύσεως
780 627 886 679 ὑπὸ
947 627 1054 681 τῶν
1109 629 1359 697 ἀγγέλων
1416 629 1661 701 βοήθεια,
1713 630 1807 683 καὶ

1947 629 2102 691 imor,
2133 642 2322 697 angor,
2355 642 2423 682 ex
2478 641 2587 696 quo
2637 626 2893 685 sudores,
2947 622 3234 692 sanguinis
3292 628 3480 692 guttas,

225 718 298 770 τὰ
339 717 587 783 τοιαῦτα,
631 717 791 771 ἅτινα
848 720 983 773 πᾶσι
1034 722 1147 783 τοῖς
1200 719 1511 791 ἀνθρώποις
1561 720 1809 789 φυσικῶς

1949 718 2230 789 ngelorum
2291 728 2518 788 propter
2568 729 2782 774 natura:
2816 718 3241 773 imbecillitatem
3301 715 3483 770 subsi-

228 811 623 880 ἐνυπάρχουσι.
693 811 873 864 Πάντα
921 811 1102 866 τοίνυν
1160 812 1441 878 ἀνέλαϐεν,
1494 813 1581 867 ἵνα
1637 814 1814 867 πάντα

1948 809 2058 863 ium
2098 817 2155 863 et
2204 809 2531 875 consolatio,
2591 808 2709 864 hac
2743 818 2797 864 et
2848 810 2957 863 alia
3006 807 3060 861 id
3111 820 3305 879 genus,
3365 819 3485 875 quae

228 901 459 972 ἁγιάσῃ.
520 901 739 967 Ἀμέλει
787 902 855 955 τὰ
896 905 1102 971 φυσικὰ
1142 904 1298 975 ἡμῶν
1326 905 1481 975 ,πάθη
1532 906 1625 960 καὶ
1670 906 1812 960 κατὰ

1949 900 2169 955 mnibus
2214 901 2561 967 naturaliter,
2628 900 2812 956 omnia
2862 901 3121 970 suscepit,
3177 908 3238 954 ut
3301 895 3485 952 omnia

229 989 395 1057 φύσιν
426 989 517 1042 καὶ
546 990 688 1060 ὑπὲρ
721 990 883 1059 φύσιν
912 985 1055 1062 ἦσαν
1073 992 1130 1044 tv
1158 992 1236 1061 τῷ
1266 993 1510 1064 Χριστῷ.
1537 992 1645 1046 Καὶ
1669 991 1812 1046 κατὰ

1952 1005 2140 1047 τοι-ευε
2187 1000 2377 1047 sancta
2429 990 2704 1046 redderet.
2750 990 3040 1045 Naturales
3085 998 3265 1043 autem
3294 999 3488 1042 onmes

227 1078 393 1146 φύσιν
451 1079 548 1146 μὲν
597 1082 828 1134 ἐκινεῖτο
894 1083 951 1136 tv
1007 1082 1175 1153 αὐτῷ,
1231 1084 1318 1135 ὅτε
1366 1084 1676 1153 παρεχώρει
1740 1084 1809 1154 τῇ

228 1170 400 1239 σαρκὶ
434 1171 663 1241 πάσχειν
697 1174 763 1226 τὰ
797 1173 940 1228 ἴδια*
972 1174 1112 1242 ὑπὲρ
1144 1173 1304 1243 φύσιν
1334 1173 1413 1239 δὲ,
1434 1176 1516 1227 ὅτι
1547 1176 1607 1227 οὗ
1635 1191 1807 1245 προη-

228 1262 380 1327 γεῖτο
416 1262 476 1314 tv
508 1262 586 1333 τῷ
631 1265 820 1335 Κυρίῳ
845 1266 943 1336 τῆς
978 1265 1248 1331 θελήσεως
1292 1267 1360 1321 τὰ
1395 1269 1601 1338 φυςικά
1622 1286 1633 1300 ο
1658 1268 1808 1322 οὐδὲν

231 1352 340 1422 γὰρ
369 1351 793 1425 ἠναγκασμένον
819 1355 908 1407 ἐπ’
941 1356 1105 1410 αὑτοῦ
1140 1356 1446 1426 θεωρεῖται,
1472 1358 1605 1411 ἀλλὰ
1633 1358 1809 1412 πάντα

232 1443 485 1499 ἑκούσια.
517 1445 699 1499 Θέλων
725 1447 830 1518 γὰρ
850 1449 1134 1518 ὲπεὶνησε.
1169 1449 1341 1503 θέλων
1369 1450 1610 1521 ἐδίψησε,
1639 1448 1810 1504 θέλων

231 1534 521 1602 ὲόειλεασε,
555 1538 725 1593 θέλων
759 1542 1017 1596 ἀπέθανε.

1918 1082 2261 1150 all‘ectiones,
2290 1092 2347 1140 et
2396 1097 2465 1139 ex
2493 1092 2717 1148 natura,
2751 1090 2807 1137 et
2840 1097 3003 1152 supra
3048 1088 3299 1159 naturam
3331 1085 3495 1133 erant

1919 1174 1974 1230 in
2004 1174 2245 1231 Christo.
2302 1177 2381 1231 Ex
2435 1185 2633 1232 natura
2682 1175 2831 1231 enim
2885 1175 2939 1229 in
2992 1188 3059 1230 eo
3109 1174 3489 1236 movebantur,

1918 1284 2042 1326 cum
2100 1270 2453 1339 permittebat
2524 1268 2699 1335 carni,
2764 1277 2825 1323 ut
2873 1282 2995 1337 quae
3062 1264 3280 1335 propria
3344 1262 3490 1317 illius

1919 1369 2084 1427 sunt,
2146 1368 2429 1431 pateretur
2490 1370 2654 1431 atque
2701 1360 2953 1415 sentiret.
3005 1357 3181 1426 Supra
3243 1363 3492 1409 naturam

1919 1467 2075 1519 vero,
2137 1452 2396 1522 quoniam
2453 1452 2733 1507 naturales
2801 1451 2858 1505 in
2916 1449 3149 1505 Domino
3204 1457 3383 1502 motus
3439 1452 3494 1498 et

1921 1542 2243 1600 all‘ectiones
2289 1544 2412 1615 ejus
2463 1542 2729 1599 voluntati
2778 1558 2890 1597 non
2948 1539 3313 1612 imperabant.
3346 1533 3494 1591 Nihil

234 1624 385 1679 enim
437 1626 495 1680 in
550 1642 617 1681 eo
689 1638 963 1695 coactum,
1028 1631 1283 1697 invitum,
1342 1640 1397 1686 et
1452 1632 1818 1686 necessarium
1881 1633 2287 1701 consideratur,
2340 1634 2435 1691 sed
2486 1634 2670 1690 omnia
2727 1631 3058 1689 voluntaria.
3116 1628 3317 1685 Volens
3348 1627 3495 1685 enim

233 1718 453 1781 osuriit,
512 1717 701 1774 volens
742 1721 934 1786 sitivit,
982 1722 1174 1777 volens
1204 1723 1404 1789 timuit,
1436 1721 1622 1777 volens
1664 1732 1912 1779 mortuus
1945 1710 2048 1780 est.
2970 1742 2977 1747 “

602 1861 718 1918 Τοῦ
739 1864 949 1933 αὐτοῦ,
980 1864 1322 1933 Κεφάλαιον
1343 1863 1449 1933 ιιζυ.

2440 1866 2709 1937 Ejusdem.
2746 1865 2876 1932 Cap.
2909 1863 2999 1921 97.

236 1928 340 1983 Διά
368 1932 429 1984 τί
453 1934 486 1986 ό
506 1933 781 2009 Υἱὸς-τοᾷ
815 1928 1465 2009 ΘεοᾷᾳένήΑνρρώπηὰὲ,
1498 1935 1597 1989 καὶ
1634 1936 1747 2009 οὐχ
1785 1938 1817 1997 d

1947 1936 2031 1993 Zur
2064 1937 2232 1992 Filius
2267 1937 2361 1991 Dei
2388 1928 2599 2009 carnem
2644 1928 2932 2009 humaﬁam
2966 1930 3335 1999 assumpserit,
3395 1945 3505 1989 non

629 2002 852 2072 Πατὴρ,
888 2002 1029 2058 οὐδὲ
1054 2004 1120 2057 τὸ
1151 2004 1410 2073 Πνεῦμα.

308 2133 504 2207 Πατὴρ
537 2136 566 2185 6
604 2135 825 2207 Πατὴρ,
862 2139 956 2189 καὶ
988 2137 1086 2209 οὐχ
1115 2137 1266 2202 Υἱός.
1324 2137 1453 2202 Υἱὸς
1481 2142 1509 2191 6
1541 2140 1702 2205 Υἱὸς,
1732 2140 1828 2199 καὶ

239 2226 299 2280 οὐ
331 2227 553 2297 Πατήρ.
585 2227 815 2298 Πνεῦμα
842 2228 997 2297 ἅγιον
1037 2228 1096 2282 τὸ
1121 2228 1369 2301 Πνεῦμα,
1399 2231 1494 2285 καὶ
1520 2231 1582 2285 οὐ
1613 2231 1825 2303 Πατὴρ,

238 2315 363 2371 οὐδὲ
419 2316 572 2380 Υἱός.
632 2318 699 2371 Ἦ
761 2318 870 2394 γᾴρ
915 2319 1119 2391 ἰδιότης
1163 2320 1441 2391 ἀκίνητος.
1490 2324 1561 2375 Ἢ
1602 2323 1719 2386 πῶς
1757 2324 1825 2378 ἂν

242 2405 445 2475 ἰδιότης
496 2407 701 2476 μείναι,
743 2409 1038 2481 κινουμένη
1088 2410 1181 2464 καὶ
1234 2413 1696 2482 μεταπίπτουσα;
1725 2414 1826 2474 Διά

240 2497 400 2553 τοῦτο
435 2501 465 2553 6
502 2499 630 2563 Υἱὸς
662 2501 755 2555 τοῦ
786 2501 925 2556 Θεοῦ
982 2502 1107 2573 Υἱὸς
1144 2504 1436 2575 ἀνθρώπου
1470 2507 1705 2574 γίνεται,
1740 2507 1827 2561 ἵνα

246 2589 405 2661 μείνῃ
449 2592 487 2661 ἠ
527 2591 724 2663 ἰδιότης
776 2594 1051 2664 ἀκίνητος.
1094 2595 1222 2664 Υἰδς
1260 2596 1370 2667 γὰρ
1406 2595 1481 2653 ὢν
1518 2600 1611 2650 τοῦ
1650 2597 1820 2666 Θεοῦ’,

246 2681 373 2745 Tib;
427 2683 722 2753 ἀνθρώπου
768 2685 982 2754 γέγονε,
1041 2688 1350 2758 σαρκωθεὶς
1396 2691 1461 2742 ἐκ
1508 2691 1606 2759 τῆς
1646 2690 1825 2759 αάγίας

246 2772 557 2844 Παρθένου,
594 2777 691 2833 καὶ
720 2777 821 2831 οὐκ
852 2779 1057 2844 ἐκστὰς
1085 2781 1185 2851 τῆς
1215 2780 1399 2851 υἰικῆς
1432 2780 1715 2854 ἰδιότητος.

248 2998 370 3052 Ἔτι
421 3000 558 3069 περὶ
605 3003 717 3071 τῆς
766 3004 951 3128 (ictui,
985 3004 1517 3127 ἐξαγθρωπήσεως.
1580 3008 1827 3079 Ἐ’τέρων

948 3091 1019 3128 ατ
1051 3092 1190 3128 οων.

948 3091 1190 3143 ατερων.

316 3184 379 3237 Εἰ
419 3182 483 3237 τὸ
515 3183 627 3257 πῦρ
664 3185 825 3255 μένον
852 3186 993 3241 κατὰ
1029 3188 1213 3261 χώραν
1244 3190 1458 3244 ἑνοῦται
1497 3193 1590 3246 καὶ
1629 3193 1705 3265 τῷ
1742 3211 1824 3248 σι-

2173 2018 2351 2062 autent
2411 2005 2591 2071 Pater,
2639 2016 2731 2059 aut
2780 2002 2989 2074 Spritus
3020 2010 3257 2055 sanctus.

1995 2139 2159 2197 Pater
2179 2148 2265 2198 est
2288 2139 2467 2202 Pater,
2493 2154 2604 2193 non
2648 2136 2841 2194 Filius.
2883 2134 3150 2193 Filiusest
3181 2131 3372 2197 Filius,
3388 2144 3501 2187 non

1932 2228 2120 2286 Pater.
2149 2230 2383 2300 Spiritus
2408 2238 2637 2285 sanctus
2659 2236 2742 2284 est
2793 2226 3030 2297 Spiritus
3087 2232 3337 2289 sanctus,
3389 2234 3500 2277 non

1927 2320 2213 2381 Pateraut
2239 2321 2433 2379 Filius.
2465 2320 2783 2393 Proprietas
2837 2321 2988 2379 enim
3043 2316 3338 2381 immobilis
3395 2324 3502 2375 est.

1926 2415 2059 2483 Quae
2093 2415 2139 2471 si
2190 2423 2477 2470 moveatur
2511 2423 2568 2471 et
2600 2413 2886 2480 concidat,’
2907 2413 3184 2483 quomodo
3257 2409 3504 2482 proprie-

1927 2517 2009 2565 tas
2038 2508 2417 2582 permanebit?
2445 2508 2653 2567 Idcirco
2693 2506 2865 2563 Filius
2909 2505 3004 2560 Dei
3032 2504 3092 2560 lit
3127 2502 3367 2559 hominis
3417 2499 3506 2555 ιη.

1928 2600 2055 2667 lius,
2121 2609 2183 2655 ut
2220 2601 2535 2674 proprietas
2594 2600 2748 2656 ﬁrma
2803 2609 2859 2655 et
2916 2595 3210 2653 immobilis
3265 2602 3503 2651 maneat.
3574 2628 3581 2633 -

1926 2691 2064 2753 Nam
2087 2708 2211 2753 cum
2243 2693 2316 2750 sit
2345 2691 2517 2756 Filius
2542 2693 2659 2758 Dei,
2694 2691 2870 2751 factus
2892 2702 2977 2747 est
3034 2688 3207 2747 Filius
3243 2686 3505 2751 hominis,

1928 2781 2005 2843 ita
2035 2797 2254 2841 carnem
2284 2798 2571 2841 assumens
2598 2799 2666 2841 ex
2712 2781 2957 2853 Virgine.
3004 2789 3065 2839 ut
3089 2794 3198 2834 non
3227 2776 3507 2833 recederet

1926 2887 1958 2933 ε
1987 2871 2107 2926 Filii
2134 2874 2493 2943 proprietate.

1928 3008 2065 3064 Item
2093 3010 2157 3066 de
2184 3010 2365 3066 diuina
2415 3013 2664 3067 humanm
2690 3014 2866 3067 carnis
2922 3009 3300 3079 assumptione.
3362 3009 3481 3062 AJo

2562 3099 2682 3138 rum
2714 3082 2957 3138 Patrum.

2003 3191 2059 3249 Si
2088 3193 2228 3267 ignis
2258 3198 2312 3251 in
2341 3212 2442 3253 suo
2474 3197 2595 3253 loco
2625 3212 2852 3254 manens
2881 3211 3004 3251 cum
3065 3194 3210 3250 ferro
3272 3192 3509 3263 conjun-

248 3276 417 3348 δήρῳ.
450 3276 629 3348 πολλῷ
658 3279 862 3349 μᾶλλον
894 3280 984 3334 καὶ
1012 3282 1040 3335 6
1064 3282 1469 3353 παντοδύναμος
1504 3282 1680 3353 μένων
1710 3284 1830 3338 ἀκί-

1947 3285 2102 3357 ;itur,
2128 3290 2333 3345 mundo
2363 3291 2537 3364 magis
2564 3292 2671 3353 ille,
2706 3291 2798 3361 qui
2828 3298 2911 3347 est
2939 3286 3509 3361 omnipotens,immoo

250 3386 411 3438 νητος
462 3369 648 3439 ἠνώοη
701 3369 778 3440 τῷ
843 3374 1258 3443 προσλήμματι,
1328 3374 1423 3429 καὶ
1478 3375 1599 3440 ὅλος
1654 3371 1721 3446 ἢν
1778 3379 1837 3433 ὲν

252 3460 327 3531 τῷ
359 3462 560 3531 Πατρὶ,
593 3463 689 3516 καὶ
722 3464 841 3527 ὅλος
873 3459 942 3534 ἦν
976 3465 1035 3517 tv
1063 3465 1140 3536 τῷ
1176 3466 1591 3538 προσλήμματι.
1639 3470 1838 3541 ’Υπερ-

260 3551 399 3622 cui};
442 3552 534 3608 οὖν
571 3555 598 3607 6
628 3549 872 3619 τοιοῦτος
908 3554 1101 3627 λόγος,
1137 3557 1268 3613 διότι
1302 3561 1331 3614 6
1369 3561 1497 3626 Υἱὸς
1537 3562 1627 3616 καὶ
1667 3563 1839 3632 Λόγος

261 3644 580 3716 ὑπερφυής.

328 3845 508 3916 Εἴπερ
528 3845 556 3899 6
586 3846 707 3912 νοῦς
727 3848 872 3920 ψυχῇ
898 3851 1277 3923 συνδεδεμένος
1298 3854 1583 3926 ὲνοικούοῃ
1607 3856 1839 3927 σώματι,

263 3938 536 4005 μηδέποτε
550 3939 757 4011 ταύτην
777 3943 1172 4014 ἀπολιμπάνων
1187 3944 1317 4001 ἔνθα
1337 3944 1586 4016 βούλεται
1603 3949 1843 4020 πρόεισι,

261 4030 356 4083 καὶ
382 4030 816 4102 ἀνεκφοιτήτως,
852 4034 921 4089 ἵν’
953 4036 1125 4099 οὕτως
1155 4037 1315 4104 εῐπω,
1348 4039 1509 4110 φοιτᾷ
1541 4039 1840 4110 πανταχοῦ,

266 4120 564 4193 περίεργον
595 4123 844 4195 ἀπορεῖν,
886 4124 1005 4193 πῶς
1039 4128 1067 4185 6
1100 4127 1229 4191 Υἱὸς
1268 4128 1364 4183 καὶ
1392 4128 1524 4192 Θεὸς
1559 4130 1636 4202 μὴ
1666 4129 1842 4185 λιπὼν

261 4212 350 4269 τὸν
382 4213 610 4285 Πατέρα
639 4214 732 4269 καὶ
763 4217 887 4280 τοὺς
911 4217 1172 4289 οὐρανοὺς
1195 4220 1462 4290 κατῆλθεν
1494 4221 1573 4285 εἰς
1594 4221 1719 4291 γῆν,
1752 4222 1846 4278 καὶ

262 4302 553 4376 ἀχώρητος
584 4305 683 4373 ὢν,
739 4307 992 4380 ὲχωρήθη
1023 4307 1166 4381 ψυχῇ
1204 4310 1302 4364 καὶ
1339 4309 1577 4380 σώματι.
1638 4312 1702 4368 Et
1737 4313 1846 4385 γὰρ

263 4394 322 4448 τὸ
359 4396 571 4467 κτίσμα
617 4397 878 4465 τοιοῦτον,
906 4399 1148 4471 ὀκτισης
1169 4401 1350 4465 ὁποῖος
1392 4401 1422 4454 6
1468 4402 1545 4472 τῷ
1587 4402 1849 4475 κτίσματι

264 4486 424 4543 τοῦτο
452 4487 578 4553 δοὺς
608 4489 670 4547 τὸ
697 4488 1013 4561 θαυμαστόν
1041 4508 1101 4546 τε
1139 4492 1236 4546 καὶ
1261 4493 1666 4565 ἀνερμήνευτον
1689 4512 1705 4563 ;

1934 3378 2059 3435 bilis
2090 3396 2317 3443 manens
2346 3393 2643 3453 assumptis
2670 3382 2818 3438 carni
2850 3380 3177 3451 coniunctus
3204 3385 3309 3446 est,
3332 3388 3393 3433 ut
3417 3376 3513 3448 qui

1939 3482 2084 3529 totus
2111 3477 2302 3529 eratin
2338 3477 2518 3540 Patre,
2556 3486 2702 3533 totus
2740 3476 2795 3531 in
2844 3476 2935 3532 illa
2979 3484 3126 3532 esset
3180 3456 3543 3542 assumptio?

1936 3582 2031 3622 ne.
2063 3566 2192 3633 Quae
2222 3568 2439 3638 quidem
2465 3569 2606 3623 ratio
2634 3569 2679 3624 si
2717 3577 2926 3624 naturae
2984 3569 3090 3623 vim
3137 3574 3381 3638 superat,
3436 3563 3511 3618 nil

1940 3659 2136 3714 mirum
2165 3670 2268 3726 est,
2303 3662 2523 3731 quando
2556 3660 2726 3718 Filius
2778 3671 2833 3719 et
2877 3661 3115 3717 Verbum
3149 3658 3267 3730 ipsa
3295 3666 3383 3715 est
3412 3670 3512 3711 na-

1940 3759 2065 3807 tura
2089 3755 2461 3824 praestantius.

2014 3867 2071 3924 Si
2103 3883 2258 3923 mens
2282 3869 2479 3925 animas
2510 3884 2712 3941 corpus
2753 3870 3012 3926 incolenti
3055 3869 3351 3940 conjuncta
3381 3880 3517 3936 quo-

1940 3963 2076 4020 libet
2104 3962 2455 4035 progreditur
2488 3964 2663 4034 ipsam
2691 3962 2930 4019 animam
2965 3977 3075 4018 non
3106 3960 3516 4030 derelinquens,

1942 4065 1998 4112 et
2048 4055 2482 4126 impenetrabilis
2522 4058 2604 4125 (ut
2630 4054 2707 4111 ita
2759 4053 2962 4124 dicam)
2998 4070 3096 4126 per
3146 4052 3330 4110 omnia
3371 4064 3522 4107 com-

1945 4158 2090 4207 meat
2119 4159 2175 4207 et
2198 4156 2466 4220 penetrat,
2483 4163 2953 4219 supervacaneum
2982 4157 3068 4203 est
3089 4146 3361 4214 dubitare,
3381 4161 3521 4215 quo-

1949 4240 2113 4299 modo
2135 4239 2329 4307 Filius,
2359 4250 2415 4295 et
2438 4239 2583 4295 Deus
2614 4254 2719 4296 nec
2771 4238 2989 4294 Patrem
3047 4237 3383 4309 relinquens,
3417 4255 3521 4295 nec

1950 4334 2150 4390 omium
2180 4334 2442 4390 deserens
2468 4332 2523 4388 in
2574 4343 2774 4390 terram
2848 4332 3218 4397 descenderit,
3284 4340 3343 4388 et
3394 4346 3521 4387 cum

1951 4434 2192 4495 nequeat
2231 4426 2648 4494 comprehendi,
2700 4425 2773 4479 sit
2827 4427 2895 4480 ab
2948 4424 3129 4479 animo
3186 4433 3241 4479 et
3292 4422 3524 4494 corpore

1953 4518 2405 4588 comprehensus.
2447 4517 2586 4572 Nam
2616 4517 2662 4572 si
2706 4531 2794 4570 res
2824 4528 3106 4585 procreata
3151 4518 3291 4571 hanc
3316 4516 3526 4573 obtinet

268 4616 625 4679 potestatem,
673 4610 853 4681 qualis
897 4610 1006 4667 erit
1057 4620 1374 4683 procreator
1434 4611 1574 4683 ipse,
1627 4614 1961 4673 aomirabilis
2009 4614 2196 4687 hujus,
2252 4629 2374 4684 quin
2421 4613 2602 4669 verbis
2667 4613 2925 4680 explicari
2985 4627 3098 4667 non
3133 4620 3332 4682 patest,
3378 4610 3524 4666 οἰοῖ--

268 4699 413 4784 δίδοι·
429 4699 457 4754 ἰ

348 4824 410 4878 Ὀ
460 4825 634 4894 Λόγος
683 4823 778 4879 καὶ
818 4825 952 4889 Θεὸς
998 4824 1118 4889 ὅλος
1163 4828 1529 4897 σεσάρκωται,
1590 4828 1684 4882 καὶ
1728 4828 1835 4890 ὅλος

2026 4826 2224 4881 'l'otum
2249 4824 2507 4889 Verbum,
2540 4821 2632 4893 qui
2667 4820 2810 4876 Deus
2829 4831 2935 4882 est.
2964 4835 3184 4876 carnem
3209 4823 3526 4894 assumpsit,

273 4916 426 4972 ἐστὶν
456 4918 892 4989 ἀπερίγραπτος.
924 4917 1025 4971 Διὰ
1044 4918 1203 4971 τοῦτο
1228 4918 1323 4971 καὶ
1348 4919 1406 4973 ὲν
1430 4918 1510 4990 τῷ
1541 4919 1726 4989 κόλπῳ
1754 4916 1848 4972 τοῦ

273 5009 409 5064 Θεοῦ
447 5010 537 5064 καὶ
574 5010 788 5081 Πατρὸς
816 5007 907 5082 ἦν,
942 5010 1033 5065 καὶ
1066 5012 1124 5067 tv
1162 5013 1227 5083 τῇ
1268 5010 1420 5082 νηδύϊ
1450 5012 1550 5082 τῆς
1578 5009 1853 5081 Θεομήτο-

280 5119 369 5171 ρος
393 5119 411 5137 ο
448 5104 624 5159 έκεῖνο
664 5104 763 5174 μὲν
797 5104 872 5169 ὡς
902 5103 1315 5176 ἀπερίγραπτος
1335 5146 1349 5172 ,
1382 5103 1542 5158 τοῦτο
1569 5102 1626 5157 δὲ
1660 5102 1735 5167 ὠς
1765 5119 1855 5156 σε-

279 5195 661 5268 σαρκωμένος.

348 5310 731 5382 Σαρκούμενος
760 5313 789 5366 6
821 5275 993 5381 Λόκρος
1031 5310 1126 5367 καὶ
1156 5309 1289 5376 Θεὸς
1324 5309 1418 5364 καὶ
1457 5310 1513 5364 tv
1546 5311 1659 5373 τοῖς
1692 5309 1857 5362 πᾶσιν

277 5397 369 5474 ἧν,
393 5403 469 5466 ὡς
498 5403 675 5457 πάντα
706 5404 927 5473 πληρῶν
957 5405 1053 5458 καὶ
1081 5404 1221 5476 ὑπὲρ
1246 5403 1315 5456 τὰ
1339 5402 1537 5467 πάντα,
1570 5401 1645 5464 ὡς
1674 5399 1861 5471 ἀπερί-

280 5509 525 5563 γραπτος
555 5495 651 5549 καὶ
681 5497 846 5549 πᾶσιν
878 5495 1183 5567 ἁκὼρητος,
1214 5495 1311 5549 καὶ
1345 5496 1402 5547 ἐν
1437 5497 1503 5564 τῇ
1538 5492 1735 5562 γαστρὶ
1766 5492 1835 5565 τῆ

1962 5493 2113 5549 nullo
2164 5492 2403 5549 termino
2456 5499 2551 5547 aut
2610 5490 2729 5545 loco
2769 5486 3137 5544 circumscribi
3188 5492 3389 5555 potest,
3441 5491 3537 5558 aut
3623 5534 3633 5545 ,

284 5583 629 5657 Θεομήτορος
669 5581 738 5658 ἦν
777 5586 1028 5659 ἐνεργείᾳ
1068 5583 1401 5656 σαρκώσεως
1438 5583 1533 5637 καὶ
1572 5580 1866 5654 ἀπεριγρὰ-

1954 4927 2009 4974 et
2083 4927 2256 4974 totum
2323 4916 2512 4986 nequit
2563 4911 2979 4985 comprehendi.
3057 4912 3420 4979 Quamobrem
3474 4924 3528 4970 et
3606 4901 3622 4930 ’⁸

1959 5018 2132 5065 totum
2168 5008 2328 5063 simul
2365 5007 2420 5062 in
2454 5016 2612 5061 utero
2643 5004 2840 5059 divinae
2863 5003 3068 5068 Matris,
3103 5003 3233 5071 illic,
3295 5015 3352 5058 ut
3380 5003 3530 5058 nullo

1960 5102 2193 5157 termino
2250 5101 2743 5170 comprehensum,
2797 5099 2886 5154 hic
2941 5110 3121 5155 autem
3157 5109 3217 5155 ut
3279 5099 3528 5154 indutum

1959 5194 2197 5249 humana
2258 5207 2444 5249 carne.

2029 5307 2259 5362 Carnem
2288 5321 2573 5361 assumens
2618 5303 2859 5365 Verbum
2889 5314 2945 5360 et
2967 5305 3133 5368 Deus,
3188 5311 3245 5357 et
3268 5302 3321 5357 in
3353 5301 3532 5357 omn!-

1959 5400 2063 5456 bus
2095 5409 2231 5465 erat,
2260 5410 2318 5454 ut
2346 5398 2528 5455 omnia
2560 5397 2874 5469 complens,
2907 5407 2963 5452 et
2986 5411 3147 5465 super
3180 5393 3381 5455 omnia,
3406 5392 3533 5462 quia

1964 5584 2394 5656 comprehendi,
2430 5584 2560 5639 etin
2604 5590 2761 5639 utero
2805 5580 3005 5637 divinae
3033 5576 3240 5640 Matris,
3275 5575 3536 5647 quoniam

287 5693 463 5745 πτως,
496 5680 591 5733 καὶ
620 5681 678 5733 tv
707 5680 784 5751 τῷ
816 5680 1202 5751 προσλήμματι
1226 5673 1292 5749 ἦν
1329 5674 1520 5730 ἐνώσει
1550 5676 1748 5745 σαρκὸς
1772 5693 1835 5728 κα

1971 5678 2402 5745 assumptionem
2454 5674 2638 5730 carnis
2670 5673 2741 5727 ita
2798 5671 3109 5744 peragebat,
3174 5676 3233 5724 ut
3264 5686 3369 5724 non
3427 5669 3540 5723 cir-

284 5767 489 5836 ὁμοίως
524 5772 977 5843 ἀπεριγράπτως.
1029 5768 1447 5841 Ἐνηνθρώπησε
1487 5767 1542 5822 δὲ
1581 5767 1647 5820 δι’
1677 5767 1821 5838 ἡμᾶς
1844 5806 1857 5831 ν

290 5865 384 5918 κατ.
419 5866 538 5919 καθ’
574 5869 740 5938 ἡμᾶς,
778 5869 873 5922 καὶ
904 5868 1043 5936 ὑπὲρ
1080 5868 1251 5938 ἡμᾶς,
1291 5865 1370 5917 ὅτι
1409 5863 1493 5917 διὰ
1534 5862 1626 5933 τὴν
1657 5860 1859 5933 ἡμετέ-

1968 5764 2435 5822 cumscriberetnr
2465 5776 2692 5827 tamen;
2759 5770 2813 5815 et
2867 5761 2922 5819 in
2984 5760 3101 5832 ipsa
3164 5758 3540 5828 assumptione

1973 5866 2195 5929 propter
2246 5854 2428 5913 carnis
2481 5852 2947 5925 conjunctionem,
3017 5868 3179 5926 quam
3234 5851 3381 5908 nullo
3412 5850 3543 5921 item
