3838 6542
422 374 527 441 247

1656 379 2046 448 EUTIIYMII
2086 387 2443 448 ZIGABENI

3553 382 3655 443 218

424 486 585 539 modo
616 485 1061 556 circumscriptus
1116 486 1403 544 elliciebat.
1466 489 1666 545 Factus
1688 500 1872 546 autem
1915 500 1993 546 est

2105 512 2202 563 ραν
2253 496 2546 566 σωτηρίαν,
2598 493 2693 548 καὶ
2744 495 2825 550 ὅτι
2878 495 2941 547 ἐκ
2986 492 3259 562 γυναικκ,
3309 490 3403 544 καὶ
3460 490 3541 543 ὅτι
3595 493 3655 544 ἐκ

422 577 586 629 homo
607 587 828 646 propter
868 592 987 641 nos,
1020 587 1072 633 et
1098 594 1160 634 ex
1204 584 1380 647 nobis,
1420 592 1475 638 et
1503 598 1666 652 supra
1701 600 1820 647 nos,
1859 601 1994 656 quo-

423 667 566 721 niam
601 676 656 721 et
677 682 772 736 pro
798 667 973 723 salute
1020 681 1226 735 nostra,
1296 685 1349 729 et
1390 690 1455 729 cx
1513 677 1764 743 muliere,
1819 690 1871 732 et
1925 696 1990 732 ex

422 760 649 829 virgine.

490 854 607 908 Jam
646 864 778 909 ante
805 856 994 910 mundi
1052 858 1503 913 constitutionem
1539 868 1598 913 ut
1637 858 1778 916 Deus
1804 862 1991 917 huma-

424 960 548 998 nam
587 962 808 1000 carnem
857 955 1180 1013 assumeret,
1246 950 1571 1019 praeﬁnitum
1638 963 1773 1008 erat.
1840 954 1991 1008 Nun-

420 1052 583 1105 quam
640 1048 823 1094 autem
885 1051 1012 1096 ante
1063 1041 1458 1098 sanctissimam
1525 1043 1741 1099 Mariam
1797 1047 1993 1101 divinae

421 1131 603 1187 carnis
624 1133 1000 1201 assumptione
1025 1134 1247 1203 dignum
1286 1146 1565 1206 repertum
1624 1146 1709 1191 est
1765 1138 1996 1193 domici-

423 1218 577 1274 lium.
617 1220 721 1276 Uhi
765 1230 943 1275 artem
987 1234 1261 1290 repertum
1313 1233 1418 1284 cst,
1449 1224 1739 1278 humanam
1775 1241 1991 1280 carnem

422 1312 719 1380 assumpsit
746 1312 906 1367 Dens.
934 1312 1035 1379 Qui
1070 1312 1192 1368 ideo
1218 1314 1272 1368 in
1304 1314 1569 1385 desponsa
1611 1315 1832 1388 Virgine
1858 1332 1992 1371 con-

422 1397 529 1469 cipi
595 1400 786 1466 voluit,
852 1411 912 1456 ut
951 1411 1006 1457 et
1065 1404 1472 1460 matrimonium
1560 1408 1718 1478 cujus
1776 1408 1991 1465 initium

422 1491 693 1561 sponsalia
724 1502 870 1559 sunt,
930 1497 1356 1562 commendaret,
1424 1498 1559 1554 etei
1630 1500 1991 1571 virginitatem

422 1592 800 1654 anteponeret.

494 1672 817 1730 Humanitas
839 1691 957 1745 qua:
981 1691 1077 1746 per
1102 1676 1607 1746 conjunct‘onemin
1642 1696 1747 1735 una
1775 1680 1993 1737 eadem-

422 1783 529 1835 que
559 1783 790 1837 per’ona
839 1779 1110 1835 assumpta
1143 1778 1245 1833 est,
1274 1785 1338 1823 ex
1370 1769 1488 1837 ipsa
1527 1770 1910 1841 conjunctione
1940 1782 1994 1828 et

422 1862 809 1915 communione
833 1861 1019 1916 elTecta
1049 1861 1229 1916 divina
1252 1872 1358 1926 est,
1394 1864 1683 1934 statimque
1710 1867 1779 1922 ab
1800 1866 1996 1920 huma-

2097 586 2402 651 Παρθένου.

2167 853 2343 906 Πάλαι
2411 853 2508 921 μὲν
2572 849 2677 921 πρὸ
2735 848 3036 919 καταϐολῆς
3092 846 3298 918 κόσμου
3358 844 3659 915 προώριστο

2093 947 2126 1015 ἡ
2164 944 2255 997 τοῦ
2294 943 2429 997 Θεοῦ
2465 942 2895 1013 ένανθρὼπησις,
2929 939 3083 994 οῦπω
3108 939 3164 991 δὲ
3203 938 3362 1008 μέχρι
3396 937 3493 1004 τῆς
3523 952 3659 987 παν-

2094 1036 2252 1104 αγίας
2296 1034 2515 1101 Μαρίας
2543 1034 2690 1100 ἀξιον
2737 1032 2935 1103 εὑρέθη
2958 1030 3057 1097 τῆς
3084 1028 3548 1096 ένανθρωπήσεως
3576 1028 3660 1093 ἐρ-

2100 1128 2421 1197 γαστήριον.
2449 1127 2579 1180 Ὀτε
2609 1120 2702 1179 οὖν
2725 1124 2945 1194 εὑρέθη,
2976 1122 3095 1176 τότε
3124 1121 3217 1174 καὶ
3245 1119 3403 1189 ένηνθ
3415 1116 3657 1189 ρὼπησε.

2097 1216 2411 1291 Συνελήφθῃ
2457 1219 2512 1270 δὲ
2555 1219 2613 1270 έν
2645 1219 2711 1288 τῇ
2761 1213 3216 1285 μεμνηστευμένῃ
3260 1210 3553 1281 Παρθένῳ⁶
3605 1209 3661 1261 έν

2098 1309 2554 1379 μεμνηστευμένη
2611 1308 2731 1377 μὲν,
2763 1308 2849 1361 ἵνα
2890 1306 3093 1377 τιμηθῇ
3142 1307 3170 1358 6
3220 1304 3393 1370 γάμος
3421 1318 3435 1333 ο
3482 1299 3658 1369 γάμου

2095 1402 2205 1471 γὰρ
2241 1401 2383 1471 ἀρχὴ
2438 1402 2471 1470 ἠ
2514 1399 2815 1471 μνηστεία’
2869 1401 2927 1452 ὲν
2975 1396 3228 1467 παρθένῳ
3266 1395 3344 1460 δὲ,
3392 1394 3477 1447 ίνα
3529 1409 3661 1462 προ-

2095 1490 2301 1562 τιμηθῇ
2335 1492 2367 1562 ἡ
2395 1490 2683 1560 παρθενία.

2169 1676 2242 1729 Τὸ
2267 1676 2604 1748 πρόσλημμα
2629 1677 2716 1731 διὰ
2736 1675 2836 1748 τὴν
2859 1676 2983 1731 καθ’
3011 1675 3311 1730 ὑπόστασιν
3331 1672 3550 1734 ἕνωσιν,
3572 1668 3663 1723 καὶ

2095 1766 2194 1837 τὴν
2233 1768 2534 1837 ταυτότητα
2569 1767 2670 1837 τῆς
2716 1767 3101 1832 ὑποστάσεως,
3130 1765 3188 1833 ἐξ
3224 1764 3391 1834 αὐτῆς
3418 1761 3663 1823 ένώσεως

2098 1859 2194 1911 καὶ
2239 1859 2524 1921 κοινωνίας
2565 1858 2787 1925 θεωθὲν,
2830 1859 3092 1929 μετέσχεν
3136 1857 3333 1913 αὐτίκα
3363 1855 3471 1909 τῶν
3508 1852 3662 1905 θείων

421 1968 506 2008 me
528 1962 730 2008 naturae
772 1952 1019 2009 terminis
1051 1969 1159 2009 non
1222 1955 1504 2021 recedens,
1556 1956 1881 2013 excellentes
1945 1966 1993 2013 et

2104 1950 2586 2022 πλεονεκτημάτων
2617 1952 2712 2005 καὶ
2745 1950 3251 2022 μεγαλοπρεπειῶν.
3282 1948 3393 2004 Καὶ
3424 1946 3538 2000 τῶν
3570 1946 3662 2015 μὲν

421 2047 736 2117 magniﬁcas
795 2046 1090 2103 divinitatis
1142 2047 1296 2104 dotes
1353 2050 1584 2120 accepit,
1629 2060 1688 2106 ut
1730 2059 1785 2106 et
1833 2050 1996 2106 vitam

423 2136 709 2204 tribueret,
757 2147 810 2193 et
838 2149 980 2193 esset
1003 2138 1365 2207 omnipotens,
1395 2150 1451 2196 et
1484 2142 1666 2196 omnia
1725 2152 1994 2201 cerneret.

424 2229 631 2284 Dicitur
659 2238 837 2285 autem
866 2244 1043 2299 serva,
1101 2240 1159 2286 et
1214 2233 1417 2302 ignara,
1471 2243 1522 2288 et
1561 2234 1681 2289 aliis
1727 2236 1994 2305 ejusmodi

423 2321 742 2377 nominibus
775 2323 1106 2392 appellatur,
1138 2324 1182 2379 si
1204 2323 1325 2393 quis
1356 2324 1439 2396 (ut
1466 2324 1641 2395 inquit
1704 2326 1997 2398 Gregorius

423 2410 757 2483 Theologus)
780 2412 894 2469 sola
946 2414 1087 2469 nuda
1110 2414 1434 2485 cogitatione
1463 2426 1676 2486 separet
1724 2418 1798 2483 id,
1853 2420 1996 2490 quod

421 2502 662 2567 videtur,
696 2505 764 2558 ab
808 2520 894 2572 eo,
955 2506 1099 2576 quod
1148 2506 1482 2578 intelligitur.
1548 2509 1605 2563 ln
1663 2512 1766 2567 hac
1816 2522 1995 2568 autem

421 2593 674 2652 Christus
689 2597 953 2655 obnoxius
976 2597 1079 2653 fuit
1097 2600 1439 2656 naturalibus
1479 2612 1534 2659 et
1559 2604 1715 2671 culpa
1763 2605 1999 2660 carenti-

421 2685 527 2740 bus
544 2685 947 2753 aﬂ'ectionibus,
976 2694 1038 2740 ut
1066 2700 1167 2741 nec
1197 2702 1226 2741 a
1258 2690 1477 2760 propria
1505 2698 1703 2745 natura
1754 2691 1997 2747 discede—

426 2783 528 2841 ret,
551 2783 605 2831 et
632 2790 692 2831 se
721 2791 849 2832 vere
875 2790 1098 2833 carnem
1126 2777 1418 2834 humanam
1441 2780 1805 2851 assumpsisse
1836 2798 1993 2838 .con-

424 2864 685 2931 ﬁrmaret,
719 2875 775 2921 et
793 2865 1075 2922 doloribus
1099 2866 1214 2923 suis
1243 2878 1460 2925 nostros
1480 2880 1717 2937 curaret,
1751 2881 1806 2927 et
1836 2883 1996 2931 natu-

423 2956 628 3017 ralibus
659 2957 1042 3015 aﬂectionibus
1071 2974 1186 3025 eas,
1210 2975 1331 3030 quae
1355 2973 1482 3017 sunt
1514 2973 1714 3032 praeter
1738 2978 1993 3024 naturam

428 3049 694 3114 aboleret,
725 3060 781 3105 et
801 3050 1037 3120 denique
1069 3061 1130 3107 ut
1163 3067 1256 3110 eas
1286 3054 1515 3113 vincens
1562 3057 1678 3129 ipse
1739 3070 1992 3131 tanquam

426 3140 589 3201 homo
615 3140 771 3195 nobis
806 3139 968 3197 simili
999 3149 1192 3200 natura
1220 3138 1407 3201 secum
1438 3149 1745 3219 conjunctis
1790 3160 1845 3206 et
1898 3166 1991 3207 co-
2017 3174 2063 3238 ο

426 3232 594 3303 gnitis
625 3233 906 3288 victoriam
946 3233 1117 3304 ipsam
1149 3235 1457 3307 largiretur.
1493 3239 1780 3296 Peccatum
1842 3242 1988 3298 enim

428 3339 540 3383 non
565 3334 651 3380 est
670 3324 883 3381 aﬂ‘ectio
900 3326 1185 3394 naturalis,
1203 3338 1609 3403 etqumcunque
1625 3332 1689 3387 ad
1712 3343 1991 3404 peccatum

425 3417 721 3486 pertinent.

498 3505 569 3561 Ut
596 3508 736 3577 ignis
769 3510 971 3566 ferrum
1005 3513 1232 3584 ignitum
1260 3523 1314 3570 et
1365 3515 1577 3571 illustre
1603 3516 1835 3573 reddens
1892 3519 1989 3575 fri-

425 3598 666 3667 gtrlitatis
697 3609 751 3657 et
780 3602 1082 3670 nigredinis
1107 3607 1225 3677 ejus
1251 3606 1521 3678 particeps
1550 3607 1666 3678 ipse
1694 3624 1803 3665 non
1825 3610 1993 3666 eﬂici-

424 3697 535 3753 tur,
560 3691 630 3745 ita
666 3691 923 3749 divinitas
965 3696 1215 3752 virtutem
1247 3713 1400 3753 suam
1464 3701 1787 3758 humanitati
1848 3718 1995 3759 com—

428 3780 713 3836 municans
738 3782 859 3853 ejus
890 3798 995 3839 non
1027 3787 1237 3859 accepit
1265 3787 1711 3847 imbecillitatem.

2097 2044 2237 2114 ὅρων
2268 2043 2368 2113 τῆς
2396 2041 2745 2114 ἀνθρωπίνης
2774 2043 2989 2114 φύσεως
3012 2042 3111 2095 οὐκ
3138 2042 3354 2109 ἐξέστη,
3384 2039 3580 2108 γέγονε
3608 2036 3662 2089 δὲ

2099 2136 2362 2201 ζωοποιὺν
2386 2137 2482 2190 καὶ
2511 2137 2945 2208 παντοδῶναμον,
2978 2136 3071 2189 καὶ
3103 2134 3280 2188 πάντα
3303 2133 3462 2195 εἶδός.
3497 2130 3662 2196 Λέγε·

2096 2245 2187 2282 ται
2218 2229 2274 2282 δὲ
2312 2228 2519 2296 δοῦλον,
2555 2228 2650 2283 καὶ
2684 2227 2936 2295 ἀγνοοῦν,
2975 2228 3068 2281 καὶ
3095 2228 3162 2280 τὰ
3200 2223 3443 2289 τοιαῦτα,
3480 2221 3548 2276 ἀν
3584 2236 3665 2281 τις

2098 2321 2159 2374 τὸ
2198 2320 2520 2390 φαινόμενον
2543 2322 2770 2392 χωρήσῃ
2798 2318 2895 2373 τοῦ
2919 2316 3236 2387 νοουμένου,
3267 2314 3411 2368 καθά
3435 2328 3604 2383 φησιν
3639 2312 3666 2362 6

2096 2412 2357 2481 Θεολόγος
2397 2411 2717 2482 Γρηγόριος,
2741 2410 2952 2482 ὲπινοίᾳ
3005 2408 3247 2479 δηλονότι
3287 2406 3439 2479 ψιλῇ.
3497 2403 3665 2457 Ὑπέ-

2098 2522 2249 2559 κειτο
2286 2503 2343 2557 δὲ
2374 2505 2485 2566 τοῖς
2520 2504 2766 2571 φυσικοῖς
2816 2502 2911 2556 καὶ
2940 2500 3282 2571 ἀδιαόλήτοις
3304 2497 3561 2559 πάθεσιν,
3594 2495 3666 2557 ὡς

2100 2597 2176 2668 μὴ
2207 2598 2405 2650 ὲκστάν
2439 2595 2537 2664 τῆς
2564 2594 2775 2657 οἰκείας
2811 2593 3046 2663 φύσεως,
3081 2591 3174 2644 καὶ
3201 2591 3288 2643 ίνα
3327 2590 3359 2660 ἡ
3392 2582 3667 2658 ὲνανθρώο

2098 2705 2266 2759 πησις
2295 2670 2563 2757 πιστωθῇ,
2595 2684 2692 2738 κάι
2718 2684 2805 2737 ἵνα
2830 2686 2940 2745 τοῖς
2966 2681 3159 2736 ἑαυτοῦ
3182 2680 3412 2734 πάθεσιν
3442 2679 3663 2746 ίάσηται

2097 2781 2444 2855 ’τὰ-ἡμέτερα
2476 2778 2645 2852 πάθη,
2682 2779 2914 2842 καὶτοῖς
2946 2772 3287 2847 φυσικοίξτά
3311 2769 3473 2846 παρά
3504 2768 3665 2840 φύσιν

2095 2874 2413 2944 έξαφανίσῃ,
2449 2874 2539 2927 καὶ
2562 2870 2857 2942 συλλήϐδην
2886 2872 3082 2936 εἰπεῖν,
3114 2869 3199 2921 ἵνα
3224 2864 3453 2935 νικήσας
3480 2862 3664 2927 αὐτὸς,

2096 2966 2173 3029 ὡς
2201 2964 2508 3034 ἄνθρωπος,
2539 2964 2633 3017 καὶ
2665 2964 2798 3032 ἡμῖν
2821 2962 2933 3021 τοῖς
2959 2957 3222 3030 ὁμοφυέσι
3250 2956 3345 3009 καὶ
3372 2952 3666 3022 συγγενέσι

2094 3056 2195 3125 τὴν
2231 3055 2354 3110 κατ’
2377 3054 2558 3108 αὐτῶν
2588 3053 2878 3123 χαρίσηται
2905 3050 3082 3121 νίκην.
3210 3046 3396 3119 μέντοι
3421 3042 3669 3133 ἁμαρτία

2093 3146 2153 3200 οὐ
2190 3146 2439 3216 φυσικὸν,
2475 3142 2611 3198 ἀλλά
2641 3141 2793 3214 παρά
2829 3140 2993 3211 φύσιν
3040 3137 3235 3205 πάθος,
3290 3135 3385 3191 καὶ
3435 3134 3543 3188 ὅσα
3575 3132 3669 3199 τῆς

2092 3239 2389 3312 ἁμαρτίας.

2168 3505 2384 3576 Ὥσπερ
2417 3502 2479 3557 τὸ
2513 3501 2626 3575 πῦρ
2659 3499 2935 3572 πυρακτοῖ
2968 3497 3066 3570 μὲν
3106 3494 3202 3550 καὶ
3236 3489 3550 3564 λαμπρύνει
3582 3489 3669 3541 τὸν

2097 3593 2337 3662 σίδηρον,
2370 3591 2432 3644 οὐ
2462 3589 2866 3664 μεταλαμϐάνει
2894 3586 2950 3641 δὲ
2979 3585 3079 3657 τῆς
3108 3582 3273 3639 αὐτοῦ
3325 3581 3669 3651 ψυχρότητος

2096 3684 2129 3753 ἢ
2160 3682 2418 3753 μελανίας
2436 3698 2452 3714 ⁸
2485 3680 2627 3735 οὕτω
2655 3680 2748 3734 καὶ
2776 3680 2809 3746 ἠ
2836 3677 3029 3748 θεότης
3055 3674 3322 3746 μετέδωκε
3356 3672 3454 3741 μὲν
3488 3672 3556 3740 τῇ
3582 3672 3671 3721 div-

2098 3775 2405 3844 θρωπότητι
2428 3773 2525 3843 τῆς
2555 3770 2762 3835 οίκείας
2786 3768 3088 3840 δυνάμεως,
3114 3765 3177 3819 οὗ
3201 3762 3465 3835 μετέλαϐε
3494 3760 3551 3814 δὲ
3568 3758 3668 3845 ’τῆς

2099 3866 2387 3929 ἀσθενείας
2418 3863 2607 3931 αὐτῆς.

493 3950 713 4007 Puritas
740 3954 960 4022 quidem
993 3971 1116 4011 cum
1170 3960 1419 4016 sordibus
1477 3964 1679 4018 nostris
1724 3974 1993 4033 versatur,

2178 3957 2244 4010 Ἦ
2277 3955 2375 4025 μὲν
2404 3954 2713 4024 καθαρότης
2742 3951 2921 4022 ὁμιλεῖ
2948 3948 3025 4043 τῷ
3054 3946 3309 4043 ἡμετέρῳ
3339 3946 3523 4043 ρὐιν,
3552 3941 3669 4043 δ’δὲ

423 4043 516 4096 sed
568 4043 699 4112 ipsa;
737 4052 919 4099 tamen
942 4047 1134 4103 sordes
1192 4050 1482 4119 puritatem
1547 4068 1657 4107 non
1724 4053 1991 4111 inﬁciunt.

2104 4048 2270 4120 ῥύπος
2313 4048 2412 4117 οὐχ
2464 4046 2694 4101 ἅπτεται
2750 4044 2852 4114 τῆς
2924 4040 3314 4112 καθαρότητος.
3395 4036 3468 4090 Τὸ
3535 4036 3662 4104 φῶς

426 4132 546 4185 Lua:
610 4132 756 4188 enim
781 4134 1004 4204 (inquit)
1037 4137 1092 4189 in
1118 4139 1340 4193 tenebris
1363 4141 1517 4205 lucet,
1547 4152 1595 4196 et
1631 4144 1857 4197 tenebrw
1878 4158 1993 4197 eam

2104 4141 2230 4209 γὰρ,
2273 4139 2457 4209 φησὶν,
2506 4135 2577 4191 ἐν
2621 4135 2696 4204 τῇ
2745 4135 2961 4201 σκοτίᾳ
3007 4132 3226 4203 φαίνει,
3262 4129 3354 4183 καί
3383 4129 3421 4195 ἠ
3453 4126 3670 4180 σκοτία

424 4235 530 4275 non
584 4221 1080 4287 comprehenderunt
1109 4224 1150 4279 '.
1198 4223 1332 4281 Nam
1383 4242 1507 4281 cum
1576 4217 1812 4285 tenebrae
1859 4246 1993 4301 prae-

2104 4231 2245 4288 αὺτὸ
2280 4233 2352 4285 οὐ
2393 4230 2742 4285 κατέλαϐεν.
2794 4225 3140 4296 Ἀφανίζεται
3164 4221 3274 4292 γάρ
3294 4222 3359 4289 τῇ
3391 4217 3670 4289 παρουσίᾳ

423 4311 886 4381 sentiamdiorum
904 4314 1367 4384 expellantur,'sol
1386 4325 1565 4372 tamen
1585 4334 1616 4373 a
1635 4321 1993 4393 tenebrisnon

2104 4325 2198 4392 τῆς
2236 4324 2452 4384 ἀκτῖνος
2500 4323 2528 4375 6
2575 4320 2759 4390 ζόφος,
2805 4318 2867 4373 οὐ
2914 4317 2992 4389 τῷ
3040 4315 3189 4386 ζόφῳ
3241 4311 3592 4383 ἀμαυροῦται
3644 4307 3671 4358 6

424 4404 774 4460 obscuratur.

2104 4417 2274 4488 ἣλιος.

450 4482 451 4485 “
491 4495 671 4552 Unum
698 4497 900 4553 dicitur
929 4499 983 4553 in
1010 4497 1080 4555 iis
1105 4498 1348 4569 quidem,
1398 4516 1519 4571 quae
1575 4512 1702 4558 sunt
1751 4504 1993 4576 ejusdem

2122 4482 2133 4488 -
2168 4509 2241 4563 Τὸ
2268 4506 2326 4560 ἓν
2356 4508 2445 4559 ἐπὶ
2480 4504 2580 4576 μὲν
2605 4504 2713 4558 τῶν
2742 4503 3038 4574 όμοουσίων
3065 4498 3302 4568 λέγεται,
3321 4494 3449 4550 ἔνθα
3476 4491 3670 4592 ταυτόῖ

421 4586 696 4652 essentia,
728 4602 852 4642 cum
888 4587 1079 4643 eadem
1106 4597 1191 4644 est
1218 4599 1433 4656 natura,
1484 4600 1541 4647 et
1590 4591 1822 4649 diversae
1861 4609 1991 4665 per-

2104 4618 2197 4673 της
2225 4602 2324 4671 μὲν
2354 4598 2589 4668 φύσεως,
2613 4597 2869 4667 ἑτερότης
2898 4594 2954 4647 δὲ
2982 4592 3353 4653 ὑποστάσεων,
3380 4588 3457 4649 ὡς
3484 4586 3548 4639 τὸ
3582 4582 3674 4637 καὶ

421 4690 590 4731 some.
624 4675 701 4730 Ex
731 4690 841 4746 quo
883 4676 1037 4743 illud,
1068 4677 1137 4733 Et
1175 4679 1280 4732 tria
1332 4696 1492 4734 unum
1555 4692 1675 4736 sunt
1730 4683 1772 4737 ⁹.
1819 4683 1876 4738 1η
1922 4684 1991 4741 iis

2104 4694 2169 4747 τὰ
2192 4691 2322 4760 τρία
2342 4690 2412 4745 ἓν
2431 4706 2447 4721 ο
2495 4688 2587 4742 ἐπὶ
2614 4688 2672 4742 δὲ
2699 4687 2808 4742 τῶν
2850 4683 3223 4758 έτεροουσίων,
3253 4680 3380 4734 ἔνθα
3400 4677 3671 4744 ταυτότης

420 4774 633 4834 autem,
664 4782 785 4839 quae
810 4768 1039 4826 diversae
1066 4779 1193 4829 sunt
1220 4772 1486 4827 essentia.
1543 4788 1711 4829 unum
1768 4775 1987 4839 dicitur,

2106 4783 2207 4853 μὶν
2238 4782 2611 4846 ὑποστάσεων,
2648 4780 2906 4851 ἑτερότης
2936 4779 2993 4833 δὲ
3026 4772 3368 4846 φύσεων,1ὡ;
3401 4770 3460 4824 τδ
3488 4769 3586 4823 καὶ
3612 4766 3672 4819 τὸ

421 4875 548 4915 cum
578 4862 765 4915 eadem
790 4876 1021 4932 persona
1042 4872 1144 4929 est,
1174 4871 1228 4919 et
1249 4864 1478 4919 diversae
1507 4874 1735 4927 naturze,
1764 4882 1831 4922 ex
1883 4884 1993 4939 quo

2104 4873 2513 4945 συναμφότερον
2543 4872 2623 4938 ἓν,
2668 4872 2786 4927 ἀλλ’
2817 4872 2877 4924 οὐ
2902 4873 2969 4942 τῇ
2996 4868 3177 4937 φύσει,
3201 4868 3266 4937 τῇ
3298 4865 3353 4917 δὲ
3384 4860 3609 4927 συνόδῳ.

421 4952 575 5015 illud,
602 4959 657 5009 et
678 4964 969 5026 utrumque
1002 4967 1192 5009 unum.
1227 4953 1406 5010 Unum
1441 4964 1624 5011 autem
1656 4972 1766 5014 non
1814 4968 2031 5029 natura,
2073 4964 2168 5021 sed
2216 4965 2602 5036 conjunctione
2645 4963 2873 5019 duarum
2922 4970 3241 5016 naturarum
3295 4957 3350 5011 in
3402 4970 3512 5008 una
3551 4965 3673 5022 per—

420 5058 580 5105 80113.

490 5142 956 5209 Quemadmodum
988 5160 1154 5199 unum
1178 5154 1264 5200 est
1282 5161 1347 5201 ex
1376 5162 1563 5202 eorum
1592 5164 1822 5204 numero
1871 5166 1990 5223 qua:

2165 5151 2375 5221 ’Ὠσπερ
2402 5149 2460 5203 τὸ
2488 5149 2547 5202 ἓν
2568 5150 2676 5202 τῶν
2702 5145 2987 5217 πολλαχῶς
3014 5142 3325 5212 λεγομένων
3353 5138 3494 5238 ἐστι.
3514 5137 3677 5238 λέγεί

416 5233 699 5303 multiplici
723 5233 932 5288 ratione
953 5234 1243 5300 dicuntur;
1276 5235 1473 5289 dicitur
1501 5238 1645 5291 enim
1687 5254 1855 5293 unum
1909 5240 1993 5294 vel

2104 5259 2182 5298 tat
2204 5242 2312 5312 γὰρ
2339 5240 2397 5293 ἒν
2424 5241 2501 5310 τῷ
2527 5239 2768 5311 ἀριθμῷ,
2787 5239 2862 5301 ὡς
2889 5238 2917 5291 6
2947 5236 3156 5302 Πέτρος
3179 5234 3361 5302 τυχὸν,
3388 5230 3485 5283 καὶ
3514 5228 3575 5281 ἓν
3601 5228 3675 5295 τῷ

418 5340 671 5389 numero,
708 5334 764 5380 ut
785 5325 1021 5394 exempli
1041 5326 1233 5396 gratia,
1274 5325 1503 5392 Petrus;
1558 5328 1643 5383 vel
1678 5331 1881 5400 specie,
1931 5341 1991 5387 ut

2104 5334 2243 5399 εἴδει,
2268 5333 2343 5396 ὡς
2370 5334 2398 5386 6
2427 5331 2736 5403 ἄνθρωπος,
2770 5330 2866 5383 καὶ
2894 5330 2951 5383 ἓν
2979 5327 3057 5397 τῷ
3087 5328 3258 5396 γένει,
3288 5324 3363 5385 ὡς
3391 5321 3450 5374 τὸ
3482 5321 3632 5383 ζῶον
3658 5335 3672 5349 ⁸

418 5419 620 5485 homo;
655 5421 736 5472 vel
769 5432 985 5488 genere,
1022 5429 1078 5472 ut
1109 5418 1349 5482 animal;
1380 5417 1459 5474 sic
1479 5419 1640 5477 etiam
1668 5421 1795 5475 duo.
1860 5420 1993 5476 Nam

2104 5424 2236 5479 36m)
2280 5424 2374 5477 καὶ
2421 5425 2489 5477 τὰ
2537 5421 2649 5476 δύο.
2704 5422 2937 5491 Λέγεται
2987 5420 3094 5488 γὰρ
3142 5418 3234 5471 δύο
3279 5416 3355 5485 τῷ
3412 5411 3674 5484 ἀριθμῷ,

302 5524 309 5531 °
418 5517 474 5562 et
500 5523 730 5563 numero
754 5509 1159 5573 dicunturduo,
1193 5521 1248 5565 ut
1279 5510 1473 5565 Petrus
1536 5521 1589 5569 et
1655 5511 1881 5580 Paulus;
1940 5521 1993 5569 et

2104 5518 2168 5581 ὥς
2201 5515 2404 5588 Πέτρος
2432 5516 2526 5569 καλ⁸
2554 5513 2787 5580 Παῦλος,
2821 5512 2915 5565 καὶ
2940 5510 3036 5565 δύο
3062 5508 3141 5579 τῷ
3171 5508 3323 5573 εἴδει,
3356 5506 3432 5568 ὡς
3455 5503 3675 5572 ἀνθρωο

417 5600 624 5671 specie,
656 5610 720 5655 ut
744 5601 905 5654 homo
936 5609 990 5654 et
1017 5615 1225 5670 equus;
1260 5611 1315 5657 et
1335 5618 1554 5674 genere,
1588 5612 1642 5660 ut
1670 5606 1903 5663 essentia
1931 5614 1985 5662 et

2104 5626 2195 5673 πος
2240 5610 2337 5662 καὶ
2381 5608 2565 5677 ἵππος,
2608 5606 2704 5661 καὶ
2750 5604 2845 5658 δύο
2892 5603 2971 5675 τῷ
3021 5601 3192 5672 γένει,
3239 5597 3315 5662 ὡς
3363 5596 3519 5650 οὐσία
3580 5593 3674 5648 καὶ

492 5782 681 5841 *Joan.
714 5800 754 5847 ι,
788 5781 838 5834 5.
917 5784 936 5814 ³
969 5781 1163 5840 IJoan.
1202 5803 1255 5853 v,
1284 5791 1336 5846 7.
