3954 6562
302 402 413 463 24)

1268 405 1639 465 PANOPLIA
1689 408 2148 473 DUGMATICA.
2181 437 2249 448 —
2287 414 2435 478 TlT.
2472 419 2606 481 VII.

3439 422 3546 484 250

302 513 522 586 χρῶμα.
539 514 714 567 Ὅταν
741 513 832 568 οῦν
856 513 1086 585 λέγομεν
1104 514 1172 569 τὰ
1192 516 1285 569 δύο
1310 518 1404 569 ἐπὶ
1422 517 1514 570 τοῦ
1538 518 1793 588 Χριστοῦ,
1809 535 1838 570 ο

1945 571 1946 576 η
1977 523 2147 579 color.
2179 525 2407 592 Quando
2428 530 2593 598 igitur
2622 533 2732 589 duo
2764 532 2816 587 in
2842 532 3060 589 Christo
3116 535 3368 599 dicimus,
3432 551 3537 589 non

300 607 401 660 δύο
436 606 512 676 τῷ
553 607 776 677 ἀριθμῷ
820 607 1007 661 τοῦτον
1056 608 1308 679 λέγομεν,
1352 611 1471 663 ἀλλ’
1507 612 1604 665 ἕνα
1648 612 1747 679 μὲν
1795 613 1840 665 τι

1973 631 2202 690 numero
2252 620 2602 691 intelligimus
2634 624 2760 686 duo,
2793 626 3047 693 quoniam
3096 636 3180 681 est
3212 626 3368 681 unica
3413 643 3539 696 per-

300 695 525 767 ἀριῦμῷ
553 697 643 750 διὰ
702 698 803 766 τὴν
836 697 1036 765 μονάδα
1066 697 1163 767 τῆς
1195 698 1678 763 ῦποστάσεως,δύο
1711 700 1766 753 δὲ
1792 702 1840 752 τί

1971 719 2125 767 sona,
2150 709 2244 762 sed
2274 716 2453 778 specie
2479 713 2606 776 duo,
2645 712 2747 767 hoc
2777 724 2881 779 est,
2916 725 3130 779 natura,
3160 732 3281 785 qua:
3334 695 3534 786 duplex

293 787 451 850 εῖδει,
482 788 730 840 τουτέστι
755 788 821 857 τῇ
850 786 1031 855 φύσει.
1061 787 1149 841 διὰ
1176 787 1278 857 τὴν
1303 786 1470 840 δυάδα
1497 787 1604 840 τῶν
1630 788 1864 856 φύσεων.

290 879 435 946 Φησὶ
463 880 574 945 γὰρ
608 878 703 930 καὶ
731 878 1030 948 Γρηγόριος
1057 882 1083 931 ὁ
1107 879 1364 945 Θεολόγος
1392 879 1476 933 ὅτι
1499 881 1560 931 τὸ
1590 879 1867 949 συναμφόο

288 984 458 1036 τερον
510 969 569 1020 ἓν
597 968 659 1020 οὐ
687 971 755 1038 τῇ
785 969 971 1036 φύσει,
997 970 1063 1036 τῇ
1091 967 1145 1020 δὲ
1178 967 1525 1037 συνόδῳ.Καὶ
1553 968 1865 1037 Ἀριστοτέ-

291 1057 391 1125 λης
414 1058 471 1109 δὲ
494 1056 595 1125 τὴν
620 1056 751 1126 ὓλην
774 1055 949 1117 καὶτὸ
978 1053 1115 1118 εἶδος
1139 1055 1197 1107 ἒν
1224 1054 1323 1123 μὲν
1342 1055 1488 1123 λέγει
1517 1055 1594 1125 τῷ
1621 1055 1861 1125 ἀριθμῷ,

287 1146 385 1199 δύο
412 1146 469 1197 δὲ
499 1145 575 1215 τῷ
606 1147 757 1199 εῖδει.
790 1143 1008 1207 Ταύτας
1032 1145 1132 1206 τὰς
1161 1143 1253 1196 δύο
1280 1146 1507 1214 χρήσεις
1534 1145 1864 1215 προσλητέον

288 1239 433 1290 κατὰ
475 1237 587 1290 τῶν
616 1237 882 1303 λεγόντων
926 1235 1008 1287 δτι
1049 1234 1165 1298 ἑνὸς
1209 1234 1309 1304 μὲν
1353 1234 1525 1295 εἴδους
1565 1235 1732 1287 πολλὰ
1766 1235 1862 1287 εὑ-

289 1328 555 1396 ρίσκομεν
582 1328 785 1395 ἄτομα,
811 1326 903 1379 δύο
928 1325 984 1378 δὲ
1010 1326 1125 1395 είόη
1156 1325 1248 1377 ἐπὶ
1273 1325 1391 1388 ἑνὸς
1419 1324 1621 1395 ἀτόμου
1649 1327 1744 1379 καὶ
1772 1328 1861 1380 εὑ-

290 1422 408 1487 ρεῖν
433 1419 714 1481 ἀδύνατον,
750 1420 844 1471 καὶ
873 1418 1051 1484 λέγειν
1081 1418 1298 1485 ἄλογον.

360 1511 437 1562 Τὸ
458 1510 653 1562 ταύτὸν
684 1510 897 1577 λέγεται
923 1509 1023 1578 μὲν
1046 1510 1112 1579 τῇ
1135 1510 1312 1578 οὐσίᾳ,
1339 1509 1412 1571 ὡς
1439 1510 1640 1578 Πέτρος
1665 1510 1859 1578 Παύλῳ

283 1605 351 1671 τῇ
397 1601 558 1671 οὐσίᾳ
595 1600 823 1663 ταυτὸν,
864 1600 1021 1653 τοῦτο
1061 1601 1119 1653 δὲ
1151 1602 1244 1654 καὶ
1274 1599 1438 1668 φύσει
1472 1601 1667 1653 ταυτὸν
1706 1600 1859 1668 λέγο-

286 1710 391 1761 μεν
416 1710 429 1722 ·
483 1693 700 1758 λέγεται
728 1693 783 1745 δὲ
832 1695 925 1745 κα)⁵
962 1693 1042 1762 τῷ
1082 1693 1252 1760 γένει,
1299 1693 1374 1754 ὡς
1424 1692 1547 1761 βοῦς
1586 1694 1736 1763 ίππῳ
1779 1692 1857 1762 τῷ

282 1787 432 1851 γένει
462 1785 680 1850 ταυτὸν,
717 1785 872 1851 γένος
894 1785 1001 1855 γὰρ
1031 1786 1232 1853 ἀμφοῖν
1261 1786 1319 1836 τὸ
1344 1784 1535 1852 ἄλογον
1562 1786 1730 1847 ζῶονο
1764 1786 1853 1837 λέ-

1969 796 2025 850 in
2048 798 2141 853 illo
2178 811 2282 856 est.
2314 803 2451 858 Dicit
2477 804 2620 859 enim
2652 805 2945 876 Gregorius
2961 806 3288 879 Theologns,
3325 820 3537 864 utrum-

1968 905 2073 959 que
2104 908 2225 947 esse
2255 912 2420 948 unum
2448 912 2557 951 non
2584 907 2804 961 natura,
2857 900 2950 953 sed
3017 902 3423 972 conjunctione,
3481 912 3538 955 et

1966 984 2288 1040 Aristoteles
2315 985 2595 1041 materiam
2624 997 2677 1041 et
2718 986 2952 1041 formam
2987 1005 3155 1043 unum
3216 1006 3338 1044 esse
3401 991 3535 1046 dicit

1967 1090 2220 1138 numero,
2249 1077 2430 1145 specie
2455 1087 2636 1132 autem
2679 1079 2811 1133 duo.
2844 1080 3127 1149 Duplicem
3166 1082 3310 1135 hunc
3372 1097 3532 1136 nsunt

1964 1176 2178 1234 oportet
2197 1184 2502 1237 proponere
2529 1171 2792 1226 adversus
2816 1187 2932 1236 eos,
2961 1173 3053 1241 qui
3104 1173 3269 1227 unius
3313 1172 3530 1242 quidem

1963 1260 2165 1327 speciei
2193 1261 2345 1314 multi
2391 1262 2618 1332 reperiri
2676 1264 2984 1319 concedunt
3031 1264 3346 1330 individua,
3395 1266 3532 1320 duas

1963 1357 2142 1405 autem
2162 1352 2372 1420 species
2390 1352 2443 1407 in
2463 1370 2570 1407 uno
2590 1356 2869 1410 individuo
2888 1371 2988 1419 nec
3006 1357 3232 1425 reperiri
3282 1371 3379 1410 nec
3425 1357 3531 1412 dici

1960 1456 2120 1511 posse
2147 1445 2505 1499 contendunt.

2031 1533 2174 1589 idem
2206 1534 2405 1590 dicitur
2434 1537 2517 1591 vel
2548 1539 2807 1601 esscntia,
2869 1554 2988 1604 seu,
3046 1538 3190 1607 quod
3238 1539 3381 1593 idem
3424 1548 3530 1603 est,

1958 1633 2175 1688 natura,
2210 1635 2269 1677 ut
2298 1625 2562 1681 Petruset
2593 1627 2792 1681 Paulus
2824 1629 2962 1682 idem
2988 1636 3180 1681 natura
3228 1636 3392 1682 sunt:
3445 1629 3531 1682 vel

1957 1730 2192 1785 genere;
2225 1719 2505 1786 utriusque
2532 1719 2675 1772 enim
2715 1734 2891 1787 genus
2915 1727 2998 1775 est
3038 1718 3256 1773 animal
3306 1718 3532 1774 rationis

1955 1822 2190 1876 expers;
2223 1810 2305 1863 vel
2346 1810 2550 1877 specie,
2612 1818 2671 1863 ut
2714 1809 2870 1865 Titus
2916 1820 2968 1866 et
3023 1811 3342 1866 Timotheus
3386 1811 3528 1866 idem

276 1894 435 1946 γεται
475 1878 530 1931 δὲ
559 1878 650 1929 καὶ
678 1877 755 1947 τῷ
792 1877 943 1938 εῖδει,
969 1852 1050 1938 tiu;
1073 1852 1246 1939 Ῠτίτος
1294 1876 1542 1947 Τιμοθέῳ
1588 1877 1667 1947 τῷ
1719 1878 1840 1930 εῖδει

1958 1852 2190 1876 --r-.-,
2234 1852 2305 1863 η..
2346 1852 2550 1877 ww.-.
2614 1852 2671 1863 υ.
2725 1852 2870 1865 -..μυ
2917 1852 2968 1866 υ.
3035 1852 3341 1866 ...............,
3387 1852 3528 1866 ων...

1955 1909 2082 1954 sunt
2106 1901 2319 1970 specie:
2339 1917 2464 1955 nam
2491 1904 2591 1957 sub
2620 1904 2835 1957 homine
2852 1914 2980 1957 sunt
3000 1904 3192 1971 ambo;
3222 1903 3307 1958 vel
3335 1916 3529 1957 nume-

276 1970 499 2031 ταυτδν,
557 1968 663 2020 ὑπὸ
729 1970 836 2039 γὰρ
894 1968 985 2021 τὸν
1045 1966 1329 2037 ἄνθρωπον
1383 1968 1581 2038 ἄμφω·
1633 1968 1849 2036 λέγεται

276 2062 334 2115 δὲ
369 2063 467 2116 καὶ
497 2061 575 2132 τῷ
601 2061 818 2131 ἀριθμῷ
839 2100 853 2123 ,
885 2061 960 2123 ὼς
992 2059 1054 2113 τὸ
1089 2060 1440 2128 πολυώνυμον
1470 2061 1689 2131 ἀριθμῷ
1717 2080 1851 2115 ταυ·

272 2154 366 2205 τὸν
385 2195 401 2221 ,
437 2153 592 2221 ξίφος
631 2154 757 2223 γὰρ,
789 2152 883 2205 καὶ
909 2151 1009 2217 ἆορ
1028 2191 1045 2215 ,
1073 2154 1164 2205 καὶ
1194 2152 1373 2222 σπάθη
1403 2153 1460 2206 ἓν
1494 2153 1569 2221 τῷ
1595 2153 1846 2223 ἀριθμῷ,

274 2245 334 2297 ἓν
374 2243 490 2315 γὰρ
543 2243 776 2296 ἐνταῦθα
801 2243 862 2296 τὸ
898 2244 1254 2314 ὑποκείμενον
1279 2260 1292 2274 ⁸
1326 2244 1543 2312 λέγεται
1574 2244 1628 2297 δὲ
1662 2247 1754 2298 καὶ
1782 2248 1847 2317 τῇ

275 2335 566 2405 ἀναλογίᾳ,
598 2335 673 2397 ὡς
712 2334 741 2387 ὁ
770 2333 892 2398 νοῦς
924 2334 1002 2403 τῷ
1032 2333 1296 2402 ὀφθαλμῷ
1323 2337 1389 2406 τῇ
1422 2336 1684 2408 ἀναλογίᾳ
1714 2355 1848 2390 ταυ-

274 2426 390 2488 τὸν,
419 2426 450 2478 ὃ
474 2425 580 2494 γὰρ
609 2424 882 2495 ὀφθαλμὸς
908 2426 966 2477 ὲν
989 2422 1222 2494 σώματι,
1250 2424 1407 2479 τοῦτο
1439 2425 1563 2490 νοῦς
1586 2427 1802 2499 ἐνψυχῇ
1830 2444 1845 2459 ·

269 2516 493 2585 λέγεται
522 2518 579 2570 δὲ
606 2518 701 2571 καὶ
723 2518 786 2588 τῇ
809 2517 1100 2572 ὑποστάσει
1125 2519 1340 2583 ταυτὸν,
1370 2519 1444 2582 ὡς
1466 2520 1561 2573 ἐπὶ
1587 2520 1845 2591 Χριστοῦ,

269 2612 324 2661 αἱ
354 2610 609 2679 διάφοροι
639 2608 745 2678 γὰρ
782 2607 972 2678 φύσεις
1003 2607 1168 2661 αὑτοῦ
1198 2611 1264 2680 τῇ
1298 2609 1597 2663 ὑποστάσει
1625 2613 1849 2679 ταυτὸν,

271 2703 447 2773 ἦγουν
478 2701 557 2755 ἓν.

352 2792 484 2855 Ἐπὶ
508 2792 744 2862 Χριστοῦ
770 2792 867 2855 τὰς
896 2793 990 2846 δύο
1014 2793 1203 2863 φύσεις
1230 2793 1443 2866 ἐπινοίᾳ
1473 2793 1573 2864 μὲν
1602 2794 1694 2847 τοῦ
1723 2794 1849 2849 διω-

271 2887 534 2955 ρισμένου
569 2885 739 2938 ποσοῦ
770 2885 999 2953 λέγομεν
1022 2925 1038 2950 ,
1077 2886 1150 2948 ὠς
1190 2887 1403 2957 ἐπινοίᾳ
1439 2885 1574 2956 μόνῃ
1605 2885 1847 2957 διαιρου-

270 2978 467 3044 μένα;,
512 2977 801 3050 πράγματι
826 2977 882 3031 δὲ
935 2977 1029 3031 τοῦ
1079 2979 1355 3049 συνεχοῦς,
1403 2979 1477 3041 ὡς
1508 2978 1842 3049 ἀδιαιρέτους

271 3070 589 3139 πράγματι.

1953 2005 2036 2055 ro,
2060 1999 2119 2045 ut
2138 1991 2280 2059 quod
2304 1990 2472 2046 multa
2496 1992 2659 2046 habet
2675 1994 2891 2047 nomina
2912 2010 2924 2045 :
2942 1994 3152 2064 gladius
3177 1998 3345 2058 enim,
3361 1993 3529 2051 ensis.

1953 2097 2140 2136 mucro
2174 2082 2311 2137 idem
2344 2099 2594 2150 numero,
2656 2085 2740 2139 his
2772 2086 2918 2139 enim
2979 2101 3145 2140 unum
3203 2085 3526 2153 subjicitur;

1952 2174 2036 2229 vel
2061 2175 2325 2245 analogia,
2356 2191 2451 2229 seu
2475 2176 2880 2241 convenientia,
2906 2187 3000 2231 aut
3051 2177 3420 2248 proportione,
3468 2187 3530 2232 ut

1950 2281 2106 2321 mens
2150 2277 2205 2321 et
2238 2268 2429 2323 oculus
2472 2267 2615 2322 idem
2645 2278 2773 2323 sunt
2801 2270 3172 2337 proportione.
3202 2268 3355 2335 Quod
3377 2269 3523 2323 enim

1950 2366 2034 2411 est
2065 2358 2256 2412 oculus
2288 2358 2341 2411 in
2394 2373 2644 2428 corpore,
2686 2358 2825 2413 idem
2853 2367 2936 2413 est
2990 2374 3145 2412 mens
3198 2358 3251 2411 in
3308 2358 3526 2425 animo;

1948 2447 2034 2500 vel
2059 2461 2313 2516 persona,
2348 2457 2408 2504 ut
2431 2450 2486 2502 in
2517 2449 2754 2517 Christo;
2786 2450 2905 2519 ejus
2936 2450 3081 2504 enim
3110 2450 3336 2505 diversa:
3365 2460 3527 2504 natu-

1948 2550 2022 2590 rae
2035 2552 2266 2607 persona
2286 2539 2430 2595 idem
2451 2550 2599 2604 sunt,
2628 2540 2742 2595 sive
2766 2556 2953 2595 unum.

2019 2806 2248 2868 Duas'in
2274 2814 2493 2870 Christo
2522 2824 2748 2870 naturas
2776 2814 3105 2886 cogitatione
3135 2816 3355 2884 quidem
3380 2816 3518 2870 dici-

1947 2921 2070 2959 mus
2094 2920 2215 2960 esse
2246 2906 2493 2961 discrette
2525 2907 2864 2975 quantitatis,
2895 2916 2954 2961 ut
2987 2923 3105 2976 quae
3152 2907 3265 2960 sola
3317 2909 3518 2977 cogita-

1947 2996 2093 3051 tione
2122 2997 2451 3063 dividantur,
2479 3013 2537 3054 re
2559 3008 2743 3052 autem
2767 2998 2999 3053 dicimus
3023 3013 3118 3053 eas
3167 3013 3285 3051 esse
3344 3014 3519 3066 quan-

1946 3087 2116 3143 titatis
2154 3089 2462 3155 continuae,
2506 3099 2562 3142 ut
2598 3104 2718 3159 quae
2755 3105 2814 3144 re
2855 3089 2969 3158 ipsa
3010 3105 3118 3143 non
3183 3088 3516 3143 dividantur.

338 3160 575 3224 Ἐνωσίς
627 3160 744 3213 ἐστι
796 3158 1099 3215 διεστώτων
1146 3163 1490 3233 πραγμάτων
1546 3162 1840 3234 κοινωνικὴ

2019 3178 2152 3245 Qua:
2183 3178 2397 3234 diversa
2426 3174 2574 3242 sunt',
2603 3179 2787 3233 multis
2819 3180 2993 3233 modis
3025 3194 3293 3233 concursu
3327 3187 3516 3233 mutuo

271 3251 565 3321 συνδρομή.
609 3250 821 3304 Γίνεται
866 3250 922 3303 δὲ
959 3252 1097 3305 κατὰ
1139 3253 1428 3324 διαφόρους
1464 3254 1719 3322 τρόπους.
1769 3255 1838 3308 Ἢ

266 3346 373 3412 γὰρ
404 3344 551 3397 κατὰ
576 3344 773 3414 κρᾶσιν
792 3382 808 3405 ,
832 3343 905 3407 ὡς
936 3344 1028 3396 ἐπὶ
1057 3344 1240 3415 ὑγρῶν
1261 3384 1274 3407 ,
1307 3346 1450 3398 οἴνου
1479 3344 1573 3397 καὶ
1605 3344 1795 3408 ὓδατος
1816 3360 1836 3379 ο

268 3438 300 3508 ἦ
326 3436 475 3490 κατὰ
509 3437 761 3505 σωρείαν,
791 3436 863 3498 ὡς
896 3437 985 3489 ἐπὶ
1008 3436 1209 3506 ξηρῶν,
1247 3436 1394 3489 σίτου
1423 3438 1514 3490 καὶ
1542 3437 1737 3509 κριθῆς
1760 3453 1776 3469 °
1801 3438 1834 3510 ἢ

267 3529 406 3581 κατὰ
450 3526 677 3595 φύρσιν,
728 3525 803 3588 ὡς
851 3527 943 3579 ἐπὶ
994 3526 1160 3597 ξηροῦ
1207 3531 1301 3581 καὶ
1350 3526 1559 3598 ὑγροῦ,
1600 3529 1701 3599 γῆς
1743 3528 1837 3582 καὶ

267 3619 463 3683 ὓδατος
486 3635 500 3649 ⁶
528 3619 559 3689 ἦ
585 3617 726 3671 κατὰ
744 3617 1021 3687 ἀνάμιξιν,
1051 3618 1127 3683 ὡς
1155 3620 1247 3672 ὲπὶ
1268 3619 1539 3691 διαφόρων
1560 3620 1832 3692 ἀλεύρωνο

265 3714 296 3781 ἢ
323 3714 469 3765 κατὰ
510 3711 788 3779 σύγχυσιν,
821 3710 896 3776 ὡς
938 3712 1030 3764 ἐπὶ
1056 3714 1291 3783 τηκτῶν,
1325 3713 1524 3784 χρυσοῦ
1550 3716 1644 3770 καὶ
1668 3712 1836 3785 ἀργύ-

269 3820 395 3875 ρσιν,
443 3802 613 3873 κηροῦ
644 3805 738 3857 καὶ⁹
773 3804 1006 3873 πίσσηςο
1043 3804 1075 3876 ἢ
1114 3805 1255 3858 κατὰ
1287 3806 1556 3877 ἁρμονίαν
1578 3846 1591 3871 ,
1628 3805 1703 3870 ὡς
1739 3808 1834 3860 ἐπὶ

265 3895 434 3947 λίθων
457 3912 471 3926 ·
514 3895 546 3963 ἢ
582 3898 721 3948 κατὰ
758 3896 1057 3965 παράθεσιν
1077 3938 1091 3960 ,
1118 3897 1193 3960 ὡς
1222 3898 1313 3950 ἐπὶ
1344 3898 1557 3962 σανίδος
1577 3915 1592 3931 ·
1626 3898 1657 3970 ἢ
1692 3900 1831 3954 κατὰ

266 3985 615 4055 συναλοιφὴν,
646 3987 718 4049 ὡς
753 3988 844 4039 ὲπὶ
883 3987 1163 4058 λαμπάδος
1200 3991 1263 4041 ὲκ
1295 3991 1467 4058 πυρὸς
1494 3992 1832 4063 προερχομέ-

261 4096 371 4147 νης,
402 4081 498 4129 καὶ
525 4074 676 4141 αὖθις
705 4079 995 4151 ἑνουμένης
1022 4098 1032 4109 ν
1057 4080 1089 4150 ἢ
1110 4082 1231 4133 κατ’
1262 4081 1556 4149 οὐσίαν,ὼς
1583 4084 1674 4135 ἐπὶ
1709 4083 1834 4136 ἀτό-

263 4189 399 4237 μων,
440 4173 643 4239 Πέτρου
671 4174 765 4225 κα¹ι
794 4172 1089 4244 Παύλου,ἢ
1122 4172 1280 4227 τινῶν
1309 4174 1511 4241 ἵππων,
1544 4176 1576 4246 ἢ
1608 4176 1767 4245 βοῶν,
1794 4177 1827 4247 ἢ

258 4262 462 4331 ἑτέρων
507 4261 698 4325 ζώων·
745 4265 778 4332 ἢ
829 4263 971 4317 κατὰ
1022 4264 1227 4333 σχέσιν,
1273 4264 1347 4327 ὡς
1393 4266 1482 4318 ἐπὶ
1523 4266 1696 4334 φίλων
1736 4271 1833 4321 καὶ

258 4353 513 4422 γνωμῶν,
557 4355 633 4417 είς
661 4354 719 4405 ἓν
754 4355 965 4425 θέλημα
998 4359 1408 4428 συνερχομένων
1433 4371 1449 4388 ⁸
1476 4358 1509 4429 ἦ
1540 4360 1681 4412 κατὰ
1708 4359 1831 4413 σύν-

261 4445 432 4508 θεσιν,
465 4445 537 4509 ὡς
566 4447 658 4500 ἐπὶ
689 4446 868 4517 ψυχῆς
903 4447 999 4501 καὶ
1030 4448 1300 4519 σώματος.
1342 4450 1409 4502 Ἦ
1441 4450 1499 4504 δὲ
1537 4450 1659 4502 καθ’
1697 4452 1827 4505 ὑπό-

1942 3282 2171 3343 possunt
2193 3272 2265 3327 ita
2296 3272 2578 3342 conjungi,
2610 3281 2668 3327 ut
2700 3287 2867 3325 unum
2900 3272 3026 3327 sint.
3046 3272 3139 3325 Vel
3158 3271 3517 3334 mistionc,ut

1938 3363 1993 3417 in
2026 3363 2111 3427 iis,
2131 3380 2252 3432 qua:
2271 3363 2472 3433 liquida
2495 3372 2642 3426 sunt,
2668 3363 2846 3431 qualia
2897 3372 3026 3417 sunt
3069 3362 3249 3415 vinum
3273 3370 3329 3416 et
3352 3378 3514 3430 aqua.

1938 3451 2035 3510 Vel
2063 3469 2281 3515 acervo.
2317 3455 2455 3508 utin
2489 3454 2575 3518 iis,
2618 3468 2737 3521 quae
2803 3464 2930 3507 sunt
2985 3451 3160 3519 arida,
3214 3452 3372 3522 quale
3432 3460 3516 3507 est

1937 3546 2175 3601 triticum
2200 3554 2254 3600 et
2289 3546 2572 3599 hordeum.
2614 3544 2704 3600 Vel
2753 3543 3116 3605 imbibitione,
3150 3543 3288 3599 utin
3323 3543 3517 3597 humi-

1935 3638 2006 3692 do
2031 3647 2085 3691 et
2111 3638 2279 3702 sicco,
2301 3637 2475 3706 qualis
2502 3646 2585 3693 cst
2620 3646 2761 3691 terra
2789 3646 2842 3692 et
2865 3652 3028 3707 aqua.
3058 3637 3150 3691 Vel
3199 3636 3514 3690 remistione

1936 3738 1997 3784 ut
2029 3729 2082 3783 in
2115 3730 2344 3785 diversis
2392 3729 2601 3784 farinis.
2668 3729 2765 3783 Vel
2816 3728 3159 3792 confusione,
3209 3736 3267 3781 ut
3322 3726 3377 3779 in
3424 3727 3512 3791 iis,

1935 3837 2052 3891 qua:
2075 3820 2375 3890 liqueﬁunt,
2412 3820 2587 3890 qualia
2610 3829 2736 3875 sunt
2759 3835 2950 3875 aurum
3012 3828 3067 3872 et
3097 3826 3402 3889 argentum,
3456 3827 3514 3870 et

1934 3929 2057 3970 cera
2082 3922 2136 3969 et
2166 3912 2275 3982 pix.
2328 3912 2423 3968 Vel
2459 3910 2833 3983 eertgruetttia.
2870 3918 2929 3965 ut
2955 3911 3007 3964 in
3055 3909 3351 3979 lapidibus.
3413 3906 3512 3960 Vel

1932 4007 2377 4076 appositionemt
2417 4004 2471 4057 in
2501 4001 2716 4056 tabulis.
2768 4000 2865 4055 Vel
2906 3994 3312 4069 conjunctione,
3360 4006 3418 4052 ut
3454 3997 3511 4051 in

1932 4099 2204 4168 lampade,
2230 4113 2350 4167 quae
2380 4112 2447 4151 ex
2479 4096 2604 4166 igne
2638 4092 3019 4164 proﬁciscitur,
3059 4102 3112 4146 et
3138 4108 3352 4147 rursum
3376 4106 3510 4145 con-

1928 4188 2193 4259 iungitur.
2228 4188 2327 4244 Vel
2354 4188 2612 4249 essentia,
2639 4196 2695 4241 ut
2730 4187 2782 4241 in
2813 4186 3129 4246 individuis.
3162 4186 3353 4255 quales
3384 4192 3511 4238 sunt

1933 4279 2129 4333 Petrus
2158 4286 2212 4332 et
2236 4278 2454 4340 Paulus,
2486 4284 2581 4331 aut
2626 4274 2791 4345 aliqui
2842 4275 2925 4330 vel
2984 4274 3132 4343 equi,
3185 4273 3267 4326 vel
3320 4271 3508 4332 boves,

1933 4378 2028 4423 aut
2055 4368 2163 4424 alia
2194 4368 2470 4423 animalia.
2498 4367 2595 4421 Vel
2628 4366 2839 4430 habitu,
2882 4374 2943 4420 ut
2965 4365 3020 4419 in
3052 4362 3243 4418 amicis
3274 4371 3328 4415 et
3378 4376 3510 4415 seno

1933 4458 2119 4512 tentiis
2175 4458 2231 4510 in
2279 4472 2441 4511 unam
2491 4455 2822 4510 voluntatem
2881 4453 3357 4509 convenientibus.
3411 4448 3509 4503 Vel

261 4554 449 4589 στασιν
503 4540 593 4591 ἐπὶ
637 4539 807 4607 μόνης
846 4540 1058 4603 λέγεται
1098 4541 1195 4612 τῆς
1232 4543 1290 4594 ἐν
1311 4541 1531 4613 Χριστῷ
1579 4542 1830 4615 Θεότητος

1945 4548 2347 4620 compositione,
2379 4558 2439 4602 ut
2460 4549 2517 4601 in
2548 4547 2749 4613 anima,
2776 4555 2830 4600 et
2850 4560 3099 4615 corpore.
3121 4545 3214 4599 Vel
3247 4558 3506 4613 persona,

257 4630 350 4682 καὶ
376 4628 816 4700 ἁνθρωπότητος.
858 4632 1211 4702 Ἐδογμάτισε
1236 4633 1293 4685 δὲ
1324 4635 1528 4707 ταύτην
1554 4637 1771 4706 πρῶτος
1801 4639 1828 4690 ὁ

254 4722 308 4773 ἐν
341 4722 521 4789 ἁγίοις
553 4720 841 4791 Κύριλλος.
873 4722 1172 4793 Νεστορίου
1204 4725 1312 4795 γὰρ
1349 4727 1491 4780 κατὰ
1526 4728 1711 4798 σχέσιν
1743 4746 1829 4799 γε·

254 4812 439 4865 νέσθαι
478 4812 574 4883 τὴν
619 4813 813 4866 ἕνωσιν
843 4813 952 4867 τῶν
994 4816 1051 4868 ὲν
1093 4816 1317 4887 Χριστῷ
1354 4817 1448 4870 δύο
1492 4818 1707 4888 φύσεων
1746 4821 1826 4873 δι-

251 4904 578 4971 δάσκοντος,
644 4906 806 4968 αὐτὸς
877 4907 1400 4976 ἁντικαθιστάμενος
1465 4913 1532 4982 τῇ
1597 4914 1824 4983 τοιαύτῃ

257 4996 577 5068 βλασφημίᾳ⁸
608 4996 705 5068 τὴν
737 4999 860 5052 καθ’
891 5000 1189 5052 ὑπόστασιν
1220 5001 1486 5071 εἰσήγαγε
1509 5041 1524 5069 ,
1556 5002 1823 5072 δηλοῦσαν

252 5090 328 5143 ὅτι
365 5089 510 5141 κατά
546 5089 676 5158 μίαν
713 5091 1045 5153 ὑπόστασιν,
1082 5092 1248 5161 ἧγςυν
1283 5094 1360 5154 εἰς
1396 5092 1454 5145 ἓν
1492 5094 1819 5163 πρόσωπον,

249 5181 555 5249 ήνώθησαν.
603 5182 699 5232 Ἒν
738 5181 1025 5244 πρόσωπον
1058 5182 1214 5251 ἔσχον
1243 5184 1298 5235 al
1330 5182 1424 5235 δύο
1459 5182 1654 5252 φύσεις
1675 5223 1691 5242 .
1727 5186 1821 5239 καὶ
1842 5172 1853 5189 κ

248 5272 307 5324 οὐ
345 5271 443 5324 δύο
481 5271 621 5324 κατὰ
665 5271 758 5322 τὸν
797 5271 958 5339 λῆρον
996 5272 1309 5341 Νεστόριον.
1352 5275 1584 5337 Λέγεται
1626 5275 1684 5328 δὲ
1727 5277 1820 5329 καὶ

245 5364 504 5432 οὑειώδης
540 5366 571 5432 ἡ
608 5363 832 5433 τοιαύτη
874 5362 1089 5430 ἓνωσις,
1138 5366 1309 5436 ἤγουν
1350 5366 1580 5438 ἀληθὴς,
1619 5369 1714 5421 καὶ
1755 5370 1815 5422 οὐ

246 5459 385 5508 κατὰ
425 5455 749 5523 φαντασίαν.

316 5635 425 5687 Καὶ
450 5634 623 5697 ἄλλως
651 5634 707 5687 δὲ
742 5634 861 5687 καθ’
901 5634 1199 5691 ὑπόστασιν
1233 5636 1431 5700 ’ἐνωσις
1463 5638 1611 5691 ἐστιν
1640 5639 1673 5709 ἡ
1707 5640 1814 5692 τῶν

244 5725 598 5793 ἐτεροουσίων
623 5728 699 5789 εἰς
734 5726 863 5795 μίαν
888 5726 1187 5780 ὑπόστασιν
1222 5726 1461 5793 σύνοδος,
1496 5730 1813 5805 σωζομένης

247 5817 456 5886 ἑκάστῳ
490 5820 578 5871 χοὶ
612 5819 749 5888 μετά
782 5821 883 5891 τὴν
910 5818 1107 5874 ἕνωσιν
1132 5821 1227 5887 τῆς
1255 5823 1490 5892 φυσικῆς
1528 5824 1807 5893 ἰδιότητος.

1930 4641 2007 4703 id,
2039 4641 2183 4710 quod
2209 4640 2275 4695 de
2318 4640 2430 4693 sola
2460 4637 2743 4693 divinitate
2771 4646 2825 4691 et
2855 4636 3191 4689 humanitate
3214 4635 3267 4688 in
3289 4633 3510 4688 Christo

1929 4733 2150 4789 dicitur.
2212 4731 2325 4786 [loc
2380 4742 2557 4786 autem
2612 4728 3022 4800 conjunctionis
3079 4742 3253 4798 genus
3301 4727 3509 4796 primus

1928 4826 2149 4883 tradidit
2172 4835 2393 4883 sanctus
2422 4824 2669 4896 Cyrill‘us,
2700 4839 2824 4877 cum
2864 4832 3192 4892 repugnaret
3232 4819 3505 4883 Nestorio,

1924 4922 2017 4991 qui
2075 4921 2303 4976 duarum
2352 4921 2406 4975 in
2454 4920 2675 4975 Christo
2719 4930 3040 4975 naturarum
3102 4915 3500 4986 copulationem

1924 5016 2112 5070 habitu
2152 5015 2268 5069 ﬁeri
2315 5014 2566 5078 docebat,
2614 5012 2972 5068 Exsecrandze
3006 5010 3151 5064 enim
3193 5010 3339 5063 illius
3368 5008 3504 5061 resi-

1923 5118 2077 5164 stens
2102 5108 2372 5178 opinioni,
2397 5107 2859 5177 conjunctionem,
2892 5121 3011 5175 quae
3038 5104 3098 5159 ﬁt
3122 5120 3217 5173 per
3245 5104 3503 5171 hyposta-

1923 5197 2025 5252 sim
2056 5198 2173 5251 sive
2212 5212 2527 5267 personam,
2559 5197 2794 5258 induxit,
2855 5212 2960 5264 qua
3016 5195 3136 5250 duae
3192 5204 3400 5248 natura:
3436 5192 3505 5265 in

1924 5303 2030 5342 una
2075 5303 2329 5358 persona,
2353 5303 2462 5342 non
2495 5297 2675 5343 autem
2707 5288 2761 5341 in
2788 5287 3018 5349 duabus,
3077 5294 3135 5338 ut
3185 5284 3344 5350 nugis
3390 5281 3504 5334 suis

1919 5380 2198 5435 asserebat
2230 5378 2534 5443 Nestorius,
2565 5380 2912 5449 capulantur.
2942 5377 3147 5430 Dicitur
3179 5381 3358 5427 autem
3387 5373 3503 5425 hsrc

1918 5477 1975 5522 et
2015 5484 2112 5538 per
2132 5474 2426 5525 essentiam
2444 5471 2780 5540 conjunctio,
2812 5468 2957 5539 quod
2985 5483 3110 5521 vera
3152 5466 3244 5530 sit,
3267 5481 3374 5518 non
3401 5480 3501 5518 au-

1919 5569 2025 5614 tem
2058 5560 2169 5614 sola
2189 5560 2448 5632 opinione
2480 5562 2736 5632 tingatur.

1985 5653 2158 5706 Aliter
2182 5653 2348 5708 etiam
2380 5669 2464 5715 ea,
2497 5667 2617 5722 quae
2651 5652 2879 5707 diversae
2915 5657 3044 5705 sunt
3096 5648 3351 5703 essentia:
3396 5662 3495 5717 per

1918 5760 2080 5799 unam
2109 5760 2395 5814 personam
2411 5744 2489 5798 sic
2506 5743 2934 5813 conjunguntur,
2961 5750 3020 5796 ut
3044 5756 3213 5796 unum
3244 5742 3356 5796 sint
3374 5755 3501 5809 sua,

1917 5836 2115 5905 cuique
2143 5836 2223 5888 vel
2256 5843 2377 5904 post
2404 5833 2855 5904 conjunctionem
2886 5845 3099 5891 servata
3136 5833 3490 5904 proprietate.
