3954 6562
375 416 477 478 251

1624 411 2006 474 EUTHYMII
2048 408 2407 470 ZlGABENI

3522 408 3626 471 259.

379 532 510 595 Quae
535 528 756 595 quidem
793 526 1108 595 conjunctio
1149 525 1383 595 quadrat
1438 524 1601 579 etiam
1658 524 1853 578 animae
1911 529 1963 573 et

2095 517 2239 571 Τοῦτο
2258 515 2313 568 δὲ
2346 516 2639 584 ἀρμόσειεν
2675 514 2740 567 ἂν
2784 516 2877 567 καὶ
2913 514 3006 567 ἐπὶ
3046 514 3224 584 ψυχῆς
3256 515 3350 567 καὶ
3379 514 3629 583 σώματος

380 627 601 697 corpori
638 627 690 679 in
712 642 875 679 unam
895 625 1223 680 coeuntibus
1243 638 1557 694 personam,
1585 631 1645 676 ut
1664 622 1954 675 Damasce-

384 736 487 772 nus
506 718 744 772 edocuit.

454 811 703 877 Ejusdem
731 810 930 864 dicitur
959 825 1083 863 esse
1116 824 1361 877 persona:
1410 807 1488 867 id,
1546 806 1689 875 quod
1755 805 1805 858 in
1856 820 1960 857 una

384 902 684 969 eademque
749 917 981 971 persona
1030 916 1153 955 cum
1228 901 1336 952 alio
1386 914 1414 951 a
1473 914 1581 967 quo
1629 896 1849 951 diﬁ'erre
1877 912 1963 949 es-

384 994 560 1047 Sentia
586 993 955 1061 conjungitur,
991 1001 1049 1045 ut
1075 992 1129 1044 in
1169 990 1348 1044 anima
1371 1004 1586 1057 quoque
1620 989 1681 1042 lit
1736 999 1791 1041 et
1842 1002 1966 1041 cor-

383 1099 534 1154 pore.

456 1174 723 1227 Omnibus
748 1175 906 1227 rebus
937 1174 1207 1228 immistus
1233 1185 1316 1227 est
1347 1173 1488 1227 Deus
1516 1188 1613 1241 per
1640 1170 1964 1243 potentiam,

386 1275 643 1318 naturam
679 1267 944 1332 cujusque
985 1274 1260 1333 regentem
1292 1275 1344 1318 et
1382 1272 1819 1327 conservantem,
1880 1261 1968 1315 Fi-

387 1357 493 1409 lius
535 1356 959 1408 autemetDeus
993 1370 1117 1409 cum
1158 1355 1498 1408 humanitate
1541 1361 1815 1423 assumpta
1868 1356 1970 1407 mi—

389 1455 506 1498 stus
532 1454 615 1497 est
650 1460 745 1510 per
784 1459 1092 1512 personam.

462 1535 575 1599 Qua
606 1536 816 1588 ratione
837 1533 981 1587 Patri
1016 1535 1340 1604 coniunctus
1359 1542 1441 1588 est
1471 1532 1746 1594 Christus,
1778 1530 1969 1585 eadem

393 1633 447 1680 et
468 1626 626 1680 nobis
652 1627 981 1696 conjunct-us
1008 1634 1111 1687 est,
1138 1640 1233 1695 per
1265 1635 1516 1679 naturam
1568 1624 1850 1678 nimirum.
1909 1623 1974 1676 Et

391 1733 498 1781 qua
523 1718 730 1771 ratione
764 1717 997 1773 diﬂ‘erta
1043 1719 1227 1780 Patre,
1278 1718 1467 1771 eadem
1516 1733 1547 1770 a
1600 1716 1763 1771 nobis
1806 1717 1974 1771 etiam

395 1811 603 1874 diﬂ'ert,
635 1825 835 1876 nempe
866 1825 963 1879 per
996 1825 1306 1879 personam,
1329 1809 1429 1863 sibi
1449 1818 1627 1862 autem
1662 1824 1761 1877 per
1788 1823 1975 1877 perso-

396 1919 516 1957 nam
546 1901 605 1955 in
624 1910 793 1954 unum
814 1901 1119 1969 copulatur,
1153 1916 1251 1969 per
1288 1911 1539 1954 naturam
1593 1915 1731 1955 vero
1782 1900 1977 1954 dividi-

398 2004 504 2049 tur.
536 1994 757 2048 Etcum
793 1994 951 2047 Patre
988 1992 1209 2061 quidem
1244 2000 1298 2046 et
1346 1992 1633 2046 nobiscum
1690 2000 1776 2046 est
1830 1991 1978 2061 ejus-

396 2086 518 2140 dem
556 2095 783 2149 naturae,
819 2100 927 2138 non
956 2094 1139 2138 autem
1166 2084 1411 2152 ejusdem
1468 2098 1734 2153 personae,
1790 2097 1975 2136 secum

396 2182 576 2229 autem
608 2175 725 2244 ipse
748 2175 995 2243 ejusdem
1022 2189 1291 2243 persona},
1347 2187 1457 2226 non
1513 2181 1696 2226 autem
1732 2171 1977 2240 ejusdem

397 2275 626 2320 naturae.
650 2266 708 2320 lu
736 2282 801 2321 eo
828 2280 1066 2336 namque
1095 2274 1304 2319 natura:
1324 2272 1453 2319 sunt
1478 2264 1619 2329 dum,
1642 2272 1696 2319 et
1712 2279 1820 2317 una
1841 2264 1981 2317 dun-

400 2371 546 2414 taxat
564 2374 817 2428 persona.

472 2452 700 2517 Quando
731 2453 803 2516 id,
829 2452 974 2521 quod
989 2450 1352 2519 compositum
1383 2457 1688 2510 cst,carum
1721 2445 1976 2515 partium,

401 2561 469 2599 ex
497 2543 692 2613 quibus
721 2552 955 2605 constat.
998 2542 1319 2596 nominibus
1341 2541 1612 2610 appellare
1640 2554 1751 2592 non
1784 2553 1979 2604 possu-

406 2652 546 2700 mus,
582 2636 908 2705 tuncipsam
962 2645 1212 2688 naturam
1266 2650 1430 2687 unam
1503 2633 1749 2686 absolute
1795 2631 1979 2685 dicere

402 2723 809 2792 consuevimus,
845 2735 903 2781 ut
949 2742 1166 2797 corpus,
1208 2728 1446 2795 quodex
1492 2735 1726 2793 quatuor
1766 2731 1981 2807 constat

402 2820 707 2883 e’lernentis,
737 2829 903 2884 terra,
938 2835 1098 2889 aqua,
1122 2833 1269 2884 aere,
1296 2827 1350 2872 et
1389 2818 1532 2887 igne,
1566 2831 1689 2870 cum
1753 2817 1973 2885 proprie

403 2926 507 2965 nec
530 2918 757 2977 terram,
791 2927 895 2965 nec
916 2926 1133 2980 aquam,
1166 2925 1267 2963 nec
1308 2925 1511 2974 aerem,
1545 2924 1645 2961 uec
1670 2907 1845 2977 ignem
1887 2923 1983 2960 no-

404 3000 618 3054 minare
651 3002 945 3070 possimus,
984 3001 1130 3071 quod
1164 3001 1280 3056 haac
1326 3000 1592 3069 simplicia
1661 3000 1794 3061 sint,
1848 2997 1983 3053 illud

405 3092 794 3161 compositum,
830 3108 992 3145 unam
1018 3093 1194 3162 ipsam
1217 3100 1469 3145 naturam
1497 3090 1748 3159 corporis
1793 3091 1983 3160 appel-

2060 610 2140 672 είς
2192 608 2321 677 μίαν
2356 607 2667 660 ἑνωθέντων
2699 605 3020 671 ὑπόστασιν,
3073 606 3149 669 ὡς
3199 608 3228 660 6
3272 607 3631 679 Δαμασκηνὸς

2061 698 2318 763 ἐδίδαξεν.

2146 790 2595 858 Ὀμοῦπόστατόν
2648 790 2856 842 ἔστιτὸ
2904 788 2986 853 είς
3020 788 3152 859 μίαν
3198 789 3291 842 καὶ
3335 789 3437 859 τὴν
3469 789 3634 861 αὐτὴν

2063 880 2366 934 ὑπόστασιν
2390 881 2535 951 ἄλλῳ
2567 881 3002 950 συντεθειμένον,
3035 880 3290 955 διαφέρον
3318 881 3375 933 δὲ
3410 881 3543 949 πρὸς
3575 882 3633 932 τὸ

2069 973 2200 1025 αὐτὸ
2234 973 2376 1026 κατά
2407 972 2504 1041 τὴν
2543 972 2753 1037 οὐσίαν,
2800 972 2874 1036 ὡς
2900 972 2991 1025 ἐπὶ
3017 971 3196 1042 ψυχῆς
3234 971 3329 1024 καὶ
3363 970 3631 1035 σώματος.

2140 1148 2283 1201 nam
2319 1148 2417 1217 μὲν
2464 1148 2799 1218 ἐγκέκραται
2839 1150 2866 1201 6
2900 1146 3033 1211 Θεδς
3076 1147 3219 1200 κατά
3262 1147 3361 1215 τὴν
3393 1162 3639 1199 συνεκτιο

2068 1237 2173 1308 κήν
2196 1240 2429 1307 δύναμιν
2457 1239 2558 1307 τῆς
2613 1242 2669 1291 ἐν
2723 1239 2937 1307 ἑκάστῳ
2969 1238 3203 1306 φύσεως,
3244 1238 3272 1289 6
3299 1237 3356 1291 δὲ
3391 1237 3518 1296 Υἱὸς
3547 1240 3639 1290 καὶ

2070 1330 2203 1393 Θεὸς
2248 1331 2326 1400 τῷ
2358 1329 2753 1399 προσλήμματι
2778 1329 2904 1383 καθ’
2933 1330 3231 1383 ὑπόστασιν
3257 1330 3639 1400 ἐγκαταμέμι-

2072 1442 2223 1476 κται.

2142 1509 2212 1588 τί)
2245 1515 2387 1585 λόγῳ
2412 1517 2439 1568 6
2462 1516 2696 1586 Χριστὸς
2732 1517 2938 1587 ἥνωται
2989 1516 3067 1584 τῷ
3116 1515 3313 1585 Πατρὶ,
3340 1516 3517 1585 τούτῳ
3549 1517 3641 1569 καὶ

2071 1606 2206 1672 ἡμῖν
2227 1620 2243 1636 ο
2275 1605 2414 1658 κατὰ
2443 1606 2542 1676 τὴν
2575 1607 2737 1673 φύσιν
2770 1606 2877 1676 γάρ
2903 1604 2997 1659 καὶ
3022 1604 3068 1675 ᾣ
3097 1606 3241 1675 λόγῳ
3266 1604 3520 1676 διῄρηται
3548 1605 3641 1657 τοῦ

2076 1697 2311 1763 nam,
2333 1697 2507 1767 τούτῳ
2536 1697 2629 1750 καὶ
2659 1697 2819 1767 ἡμῶν
2839 1714 2852 1729 ·
2892 1699 3032 1751 κατὰ
3049 1698 3150 1768 τὴν
3188 1698 3487 1751 ὑπόστασιν
3512 1696 3641 1765 γάρ’

2077 1789 2257 1858 ἑαυτῷ
2301 1788 2357 1841 δὲ
2412 1788 2556 1843 κατὰ
2596 1790 2693 1857 μὲν
2732 1788 2830 1860 τὴν
2877 1790 3176 1843 ὑπόστασιν
3225 1791 3467 1860 ἥνωται,
3503 1786 3645 1844 κατά

2008 1852 2049 1906 Β
2076 1878 2132 1929 δὲ
2157 1852 2254 1948 τὴῖ.
2285 1881 2450 1947 φύσιν
2478 1852 2751 1951 διῄρηται.
2786 1852 2899 1935 Καὶ
2934 1881 3049 1933 ἔστι
3080 1880 3159 1951 τῷ
3190 1852 3289 1951 μέν
3319 1852 3495 1953 Πατρὶ
3548 1882 3647 1935 καὶ¹

2079 1972 2213 2040 ἡμῖν
2275 1971 2546 2040 όμοφυὴς,
2601 1973 2662 2024 οὐ
2721 1973 2829 2043 μὴν
2875 1974 3315 2043 όμοῡπόστατος·
3370 1972 3552 2043 ἐαυτῷ
3591 1972 3647 2025 δὲ

2079 2066 2106 2115 6
2117 2065 2514 2131 μοεπόστατος,
2542 2065 2602 2117 ού
2632 2065 2739 2135 μὴν
2768 2066 3034 2134 ὀμοφυής.
3071 2064 3216 2118 Διότι
3239 2065 3298 2121 αἱ
3327 2064 3435 2135 μὲν
3457 2062 3648 2134 φύσεις

2081 2156 2138 2209 ὲν
2164 2155 2312 2225 αὑτῷ
2345 2156 2460 2221 δύο,
2496 2157 2593 2227 μία
2618 2156 2673 2209 δὲ
2699 2158 2731 2226 ἡ
2764 2157 3083 2221 ὑπόστασις.

2152 2446 2226 2498 Τὸ
2248 2446 2303 2498 δὲ
2328 2444 2582 2498 σύνθετον
2604 2445 2800 2514 μηκέτι
2817 2444 3089 2514 δυνάμεθα
3110 2443 3313 2513 κυρίως
3331 2444 3516 2497 καλεῖν
3540 2459 3649 2504 τοις

2081 2542 2309 2610 ὀνόμασι
2350 2541 2459 2592 τῶν
2508 2542 2716 2610 μερῶν,
2768 2541 2827 2605 ἐξ
2882 2534 2957 2594 ὧν
2996 2540 3277 2611 συνετέθη.
3334 2538 3470 2592 Τότε
3520 2539 3651 2607 μίαν

2083 2633 2232 2702 αὖτῷ
2260 2632 2421 2699 φύσιν
2460 2632 2742 2695 ἀπολύτως
2785 2632 2967 2698 λέγειν
3007 2632 3299 2702 εἰώθαμεν·
3347 2626 3458 2683 οἷον
3494 2630 3561 2683 τὸ
3587 2630 3648 2682 ὲκ

2083 2728 2369 2795 τεσσάρων
2404 2726 2683 2796 στοιχείων
2724 2725 3082 2795 συγκείμενον
3119 2724 3429 2794 οἱονδήποτε
3466 2720 3648 2789 σῶμα,

2082 2815 2207 2884 γῆς,
2261 2816 2475 2881 ὓδατος,
2527 2816 2707 2883 ἀέρος,
2751 2816 2943 2886 πυρὸς,
2981 2817 3056 2886 μὴ
3104 2815 3392 2885 δυνάμενοι
3447 2813 3653 2882 κυρίως

2087 2907 2267 2959 καλεῖν
2294 2907 2325 2977 ἢ
2362 2909 2485 2977 γῆν,
2512 2908 2544 2976 ἦ
2577 2908 2740 2978 ὕδωρ,
2766 2908 2798 2979 ἧ
2824 2908 2983 2978 ἀέρα,
3021 2907 3194 2978 ἥπῦρ,
3219 2906 3391 2960 ταῦτα
3423 2907 3523 2973 μὲν
3545 2905 3653 2974 γὰρ

2087 2997 2251 3061 ἁπλᾶ,
2281 3001 2456 3052 ἐκεῖνο
2493 2999 2548 3053 δὲ
2574 2999 2865 3059 σύνθετον,Δ
2894 2998 3025 3068 μίαν
3052 2998 3180 3051 αύτό
3213 2999 3377 3065 φύσιν
3400 2997 3652 3065 σώματος

2088 3091 2448 3161 ὀνομάζομεν.
2511 3091 2667 3145 Οὕτω
2718 3092 2776 3144 δὲ
2828 3090 3012 3143 λοιπὸν
3057 3092 3151 3144 καὶ
3193 3090 3282 3142 τὸν
3342 3089 3654 3154 ἄνθρωπον,

406 3177 604 3233 lamus.
639 3178 732 3233 Sic
756 3179 889 3233 item
920 3180 1220 3242 hominem,
1258 3196 1383 3236 cum
1444 3180 1666 3251 proprie
1717 3196 1820 3235 nec
1863 3183 1980 3235 ani-

2095 3184 2307 3254 meinep
2334 3185 2393 3236 οὐ
2417 3183 2691 3253 δυνάμεθα
2716 3184 2920 3253 κυρίως
2938 3182 3121 3235 καλεῖν
3142 3181 3173 3252 ἥ
3198 3179 3395 3251 ψυχὴν,
3422 3179 3453 3248 ἥ
3476 3178 3655 3247 σῶμα,

408 3282 577 3334 mam,
606 3285 709 3324 nec
732 3285 953 3340 corpus,
979 3286 1044 3324 ex
1065 3271 1263 3340 quibus
1288 3273 1625 3340 compositus
1652 3281 1753 3337 est,
1781 3288 1979 3328 vocare

407 3366 705 3424 vateamus,
738 3360 883 3429 quod
921 3360 1024 3415 alia
1060 3362 1133 3415 sit
1157 3362 1370 3429 animat,
1399 3363 1501 3417 alia
1551 3364 1823 3432 corporis,
1878 3364 1980 3418 alia

410 3451 648 3505 hominis
671 3451 937 3515 deﬁnitio,
964 3468 1123 3506 unam
1147 3468 1213 3508 ex
1237 3464 1465 3523 utroque
1510 3463 1848 3510 constantem
1882 3470 1983 3510 na-

411 3549 585 3595 turam
608 3541 858 3598 dicimus.
877 3542 1198 3612 Quanquam
1249 3542 1547 3612 Scriptura:
1596 3560 1714 3599 mos
1762 3554 1866 3607 est,
1923 3554 1984 3599 ut

410 3632 663 3686 libertate
695 3633 935 3702 Spiritus
962 3643 1121 3688 utens
1154 3650 1217 3688 ex
1263 3641 1415 3704 parte
1444 3643 1615 3688 totum
1647 3636 1982 3691 denominet.

412 3718 472 3776 In
496 3723 714 3778 Christo
734 3734 916 3779 autem
942 3726 1257 3795 conjunctio
1289 3735 1372 3781 est
1399 3725 1689 3795 ejusmodi,
1717 3736 1775 3780 ut
1802 3728 1985 3782 verbis

413 3824 646 3884 nequeat
681 3817 964 3885 explicari,
993 3816 1102 3871 imo
1141 3832 1210 3872 ne
1242 3816 1475 3872 humihis
1532 3817 1752 3887 quidem
1803 3826 1987 3873 mente

413 3909 828 3976 comprehendi.
885 3908 1071 3977 Neque
1117 3910 1265 3964 enim
1314 3910 1474 3964 aliam
1532 3911 1637 3965 sibi
1698 3925 1987 3979 personam

415 3996 650 4052 Verbum
679 3999 947 4066 adiunxit,
984 3981 1080 4054 sed
1117 4006 1365 4054 naturam
1393 4002 1688 4054 humanam
1715 4014 1780 4054 ea
1816 4000 1990 4053 ratio-

418 4103 511 4155 ne,
545 4105 706 4159 quam
743 4092 857 4160 ipse
885 4090 1059 4154 novit,
1092 4092 1387 4161 assumpsit
1417 4104 1667 4160 personae
1694 4105 1822 4155 suae,
1860 4091 1989 4144 etin

416 4197 475 4236 se
497 4180 635 4250 ipso,
659 4192 718 4235 ut
740 4183 908 4252 magis
922 4183 1139 4254 proprie
1162 4183 1362 4247 dicam,
1383 4182 1694 4252 supposuit.
1719 4180 1989 4247 Quoniam

417 4282 600 4327 autem
636 4274 833 4342 ipsum,
862 4275 953 4344 qui
985 4291 1051 4329 ex
1088 4274 1379 4329 divinitate
1417 4282 1635 4328 constat
1685 4281 1740 4327 et
1792 4274 1994 4328 huma-

421 4362 619 4429 nitate,
652 4367 916 4434 partium,
949 4381 1070 4434 quae
1099 4366 1152 4418 in
1186 4364 1307 4434 ipso
1340 4364 1601 4432 copulata:
1643 4372 1792 4430 sunt,
1820 4364 1992 4418 nomi-

402 4455 585 4510 Wtibus
614 4459 830 4527 pr0prie
860 4472 1154 4528 possumus
1204 4455 1478 4526 appellare
1507 4472 1522 4522 ;
1562 4455 1784 4526 proprie
1840 4456 1989 4511 enim

421 4548 570 4603 illum
603 4558 658 4603 et
690 4548 855 4603 Deum
887 4549 1138 4612 dicimus,
1158 4558 1212 4603 et
1241 4548 1519 4603 hominem
1579 4547 1797 4618 preprie
1824 4548 2000 4602 nomi—
2031 4536 2074 4589 ο

422 4657 650 4707 namus;
702 4642 895 4697 merito
926 4651 1148 4712 propter
1199 4641 1525 4697 antedictam
1585 4655 1804 4695 causam
1859 4640 1997 4695 duas

425 4734 599 4803 ipsum
634 4746 877 4798 naturas,
916 4749 1023 4787 non
1055 4742 1237 4788 autem
1271 4748 1459 4798 unam,
1487 4740 1548 4786 ut
1604 4741 1820 4794 caetera,
1881 4746 2003 4799 quae

424 4826 725 4895 composita
751 4836 901 4886 sunt,
932 4825 1182 4886 dicimus,
1204 4839 1308 4877 nec
1329 4811 1437 4876 tres
1468 4838 1485 4888 ;
1518 4837 1696 4891 neque
1718 4822 1867 4874 enim
1908 4822 2006 4876 ho-

426 4915 630 4970 minem
666 4916 801 4969 duas
833 4916 1067 4969 dicimus
1092 4923 1336 4974 naturas,
1366 4912 1495 4967 licet
1544 4911 1600 4965 in
1648 4911 1883 4980 duabus,
1946 4922 2007 4969 ut

426 5008 861 5063 demonstratum
888 5015 991 5069 est,
1020 5006 1230 5061 naturis
1260 5014 1493 5060 constet.

498 5100 689 5158 Omnis
718 5100 1042 5169 compositio
1071 5114 1135 5153 ex
1176 5098 1420 5167 partibus
1479 5098 1728 5170 proxima
1783 5113 2009 5168 compo-

430 5192 690 5246 nentibus
754 5198 1126 5257 nuncupatur.
1164 5185 1348 5256 Itaque
1402 5196 1460 5241 ut
1493 5188 1740 5251 domum,
1783 5201 1893 5241 non
1938 5201 2006 5240 ex

433 5293 579 5339 terra
634 5291 689 5337 et
719 5297 881 5351 aqua,
916 5280 1013 5335 sed
1044 5294 1111 5334 ex
1155 5278 1427 5348 lapidibus
1474 5286 1528 5333 et
1583 5278 1776 5349 lignis;
1826 5277 2006 5331 bomi~

436 5390 669 5443 nemque
699 5391 806 5428 non
834 5390 896 5428 ex
923 5382 1157 5442 quatuor
1186 5372 1491 5439 elementis,
1523 5373 1616 5427 sed
1648 5388 1715 5426 ex
1737 5370 1935 5437 anima;
1951 5377 2007 5423 et

433 5478 664 5533 corpore
689 5462 941 5533 componi
982 5463 1249 5527 dicimus;
1299 5463 1377 5517 sic
1405 5463 1685 5517 Christum
1718 5477 1785 5515 ex
1809 5459 2007 5515 divini-

436 5564 546 5609 tate
571 5564 626 5608 et
650 5554 987 5608 humanitate
1020 5572 1034 5608 :
1062 5570 1166 5608 non
1191 5554 1339 5608 enim
1375 5556 1609 5624 partium
1641 5564 1825 5623 partes
1874 5566 2010 5605 con-

436 5644 759 5707 sideramus,
802 5644 898 5700 sed
932 5659 1025 5701 eas
1054 5654 1247 5715 partes
1272 5646 1436 5711 solas,
1486 5662 1607 5716 qua:
1653 5645 1915 5716 proximae
1954 5650 2011 5697 et

434 5747 663 5788 animum
680 5743 825 5790 ευιιι.

2087 3279 2144 3344 ἐξ
2174 3270 2248 3329 ὧν
2282 3278 2565 3347 συνετέθη.
2614 3276 2741 3330 ἀλλο
2796 3276 2905 3347 γὰρ
2959 3277 3083 3348 ὅρος
3142 3274 3341 3343 ψυχῆς.
3388 3273 3481 3325 καὶ
3530 3271 3659 3325 ἄλλο

2089 3370 2361 3439 σώματος,
2398 3370 2492 3424 καὶ
2539 3369 2666 3423 ἀλλο
2713 3367 3002 3438 ἀνθρώπου
3047 3366 3140 3419 τοῦ
3190 3367 3248 3431 ἐξ
3273 3366 3498 3434 ἀμφοῖν,
3527 3364 3662 3432 μίαν

2088 3461 2251 3527 φύσιν
2305 3459 2492 3514 τοῦτον
2531 3461 3015 3530 προσαγορεύομεν
3044 3475 3057 3489 ·
3110 3458 3159 3511 εί
3200 3459 3291 3510 καὶ
3329 3455 3563 3525 σύνηθες
3599 3457 3659 3522 τῇ

2092 3554 2286 3625 Γραφῇ
2315 3553 2574 3614 πολλάκις
2602 3555 2671 3622 τῇ
2710 3551 2993 3621 ἐλευθερίᾳ
3020 3549 3336 3621 κεχρημένη
3366 3547 3458 3599 τοῦ
3492 3549 3663 3600 Πνεύ-

2094 3662 2263 3715 ματος
2325 3645 2387 3696 ἐκ
2432 3642 2525 3696 τοῦ
2574 3644 2774 3714 μέρους
2825 3642 2885 3694 τὸ
2931 3641 3051 3694 ὅλον
3099 3639 3406 3707 ὀνομάζειν.
3453 3634 3582 3691 Ἐπὶ
3610 3637 3666 3691 δὲ

2090 3736 2183 3790 τοῦ
2218 3735 2459 3806 Χριστοῦ
2490 3736 2765 3806 ἄφραστος
2822 3733 2920 3805 μὲν
2960 3736 2993 3806 ἡ
3047 3734 3276 3795 ἔνωσις’
3336 3732 3395 3784 ού
3431 3734 3541 3802 γὰρ
3599 3730 3665 3784 ἄν

2094 3829 2339 3897 ὲφῖκοιτο
2377 3827 2579 3897 ταύτης
2614 3826 2953 3895 ἀνθρώπινος
2995 3826 3138 3889 νοῦς.
3176 3825 3316 3877 Οὐδὲ
3356 3824 3464 3894 γὰρ
3532 3824 3667 3876 ὑπό-

2095 3930 2291 3975 στασιν
2326 3921 2519 3993 ἑτέραν
2564 3921 2590 3973 ό
2636 3919 2809 3987 Λόγος
2841 3919 3053 3989 ἥνωσεν
3094 3916 3295 3986 ἑαυτῷ,
3342 3916 3476 3973 ἀλλά
3503 3916 3668 3983 φύσιν

2094 4011 2468 4081 ἀνθρωπίνην,
2503 4010 2578 4075 ὡς
2623 4011 2783 4080 μόνος
2816 4010 2978 4073 αὐτὸς
3019 4007 3151 4072 οἶδε,
3188 4012 3254 4079 τῇ
3292 4008 3486 4062 ἑαυτοῦ
3536 4010 3670 4062 ὐπο-

2099 4100 2287 4153 στάσει
2337 4100 2538 4170 ἥνωσε,
2587 4099 2681 4151 καὶ
2734 4099 2790 4149 ἐν
2843 4096 3041 4166 ἑαυτῷ,
3097 4096 3433 4168 κυριώτερον
3460 4098 3666 4162 εἰπεῖν,

2097 4193 2425 4260 ὑπέστησεν.
2454 4190 2605 4242 Ἐπεὶ
2630 4190 2686 4243 δὲ
2720 4189 2879 4243 αὐτὸν
2904 4190 2969 4241 ἐκ
2993 4188 3244 4256 θεότητος
3266 4189 3357 4239 καὶ
3380 4186 3668 4256 ἀνθρωπό-

2103 4301 2263 4353 τητος
2321 4283 2451 4337 ὄντα
2486 4282 2767 4351 δυνάμεθα
2821 4281 3023 4353 κυρίως
3076 4280 3259 4333 λαλεῖν
3287 4282 3399 4342 τοῖς
3438 4280 3669 4349 ὀνόμασι

2096 4376 2204 4430 τῶν
2256 4375 2563 4429 ἑνωθέντων
2624 4373 2826 4444 μερῶν,
2883 4373 3015 4425 Θεὸν
3066 4372 3173 4442 γὰρ
3227 4372 3391 4425 αὑτὸν
3434 4371 3673 4440 λέγομεν

2100 4467 2323 4536 κυρίως.
2371 4466 2467 4521 καὶ
2513 4466 2796 4537 ἄνθρωπον
2834 4465 2996 4519 αὐτὸν
3030 4464 3374 4535 ὀνομάζομεν
3425 4465 3667 4535 κυρίως’

2102 4559 2325 4620 εἰκότως
2364 4558 2470 4628 ἄρα
2500 4554 2709 4611 καὶδύο
2741 4555 2932 4624 ῳύσεις
2972 4556 3135 4609 αὑτὸν
3164 4556 3669 4626 προσαγορεύομεν,

2103 4650 2197 4702 καὶ
2231 4648 2354 4702 οὕτε
2387 4649 2537 4720 μίαν,
2566 4647 2641 4711 ὡς
2671 4647 2841 4701 τᾶλλα
2892 4646 3214 4701 συντεθέντα
3248 4646 3337 4700 διὰ
3368 4646 3466 4715 τὴν
3499 4664 3671 4716 προαο

2104 4740 2418 4793 ποδοθεῑσαν
2452 4738 2651 4802 αἰτίαν,
2682 4738 2803 4791 οὔτε
2833 4741 3003 4809 τρεῖς.
3052 4740 3127 4792 Οὐ
3155 4740 3263 4807 γὰρ
3300 4739 3394 4792 δύο
3424 4738 3620 4804 φύσεις
3646 4738 3673 4790 6

2104 4830 2389 4901 ἄνθρωπος
2418 4829 2658 4897 λέγεται,
2695 4833 2744 4884 εί
2784 4832 2875 4883 καὶ
2899 4832 2963 4883 ὲκ
2995 4830 3087 4883 δύο
3119 4830 3334 4899 φύσεων
3362 4830 3671 4897 σύγκειται,

2105 4922 2288 4984 καθὼς
2317 4922 2719 4976 ἀποδέδεικται.

2180 5084 2334 5136 Πᾶσα
2386 5081 2638 5141 σύνθεσις
2690 5082 2754 5134 ὲκ
2812 5082 2921 5135 τῶν
2971 5078 3257 5150 προσεχιῖλς
3310 5079 3677 5133 συντεθέντων

2108 5174 2476 5229 συντεθεῖσθαι
2509 5174 2749 5243 λέγεται.
2774 5175 2986 5241 Ὥσπερ
3017 5172 3125 5242 γὰρ
3152 5171 3242 5224 τὸν
3262 5167 3408 5225 οἷκον
3432 5174 3492 5223 οὐ
3520 5172 3676 5237 λέγο-

2110 5284 2212 5337 μεν
2259 5267 2324 5319 ὲκ
2350 5267 2452 5334 γῆς
2495 5264 2591 5318 καὶ
2638 5265 2851 5327 ὓδατος,
2902 5264 3017 5317 ἀλλ’
3063 5266 3126 5316 ὲκ
3158 5262 3322 5316 λίθων
3369 5267 3461 5315 καὶ
3504 5264 3678 5327 ξύλων

2109 5358 2505 5423 συντεθεῖσθαι,
2543 5356 2743 5427 ὁμοίως
2792 5356 2852 5409 δὲ
2903 5356 2997 5408 καὶ
3034 5354 3126 5408 τὸν
3160 5355 3447 5425 ἄνθρωπον
3479 5355 3577 5406 οὐκ
3613 5355 3678 5407 ἐκ

2108 5452 2217 5504 τῶν
2246 5450 2529 5520 τεσσάρων
2563 5449 2861 5519 στοιχείων,
2900 5447 3015 5499 ἀλλ’
3042 5448 3107 5499 ὲκ
3144 5447 3399 5515 σώματος
3440 5448 3533 5499 καὶ
3568 5446 3677 5513 ψυ-

2110 5544 2209 5613 χῆς
2230 5558 2244 5571 ⁸
2282 5540 2425 5593 οὕτω
2452 5540 2546 5593 καὶ
2573 5540 2663 5591 τὸν
2690 5538 2927 5608 Χριστὸν
2951 5538 3013 5590 ὲκ
3053 5538 3307 5605 θεότητος
3343 5537 3435 5587 καὶ
3466 5535 3676 5602 ἀνθρω-

2108 5636 2362 5703 πότητος,
2402 5634 2464 5685 οὐ
2509 5632 2576 5684 τά
2613 5632 2753 5701 μέρη
2788 5630 2897 5683 τῶν
2936 5630 3119 5700 μερῶν
3152 5627 3502 5690 σκοποῦντες,
3540 5626 3678 5678 ἀλλὰ

2112 5726 2250 5797 μόνα.
2315 5723 2383 5777 τὰ
2452 5721 2859 5792 προσεχέστερα
2924 5720 3063 5788 μέρη
3141 5719 3233 5772 καὶ
3312 5716 3679 5786 κεφαλαιωδὲ-

2113 5832 2301 5879 στερα.
