3954 6558
160 1490 171 1525 κ

299 382 403 447 257

1227 381 1607 445 PANOPLIA
1651 381 2112 443 DOGMATICA.
2148 403 2213 421 -ί
2254 383 2403 443 Tl'l‘.
2454 386 2623 447 VllI.

3439 403 3548 464 253

294 494 577 549 ἐκλεῖπον
627 495 783 563 ὑπὲρ
832 495 972 563 τοὺς
1021 496 1187 562 υἱοὺς
1234 497 1354 550 τῶν
1404 500 1752 568 ἀνθρώπων,
1789 500 1852 559 ὼς

1970 497 2180 565 species
2211 498 2264 553 in
2295 515 2455 556 cruce
2480 502 2652 572 turpis
2677 505 2954 573 apparuit,
2987 517 3042 573 et
3067 525 3188 562 cum
3227 511 3542 583 ignominia,

308 586 539 649 Ἡσαΐας
589 588 741 656 φησί.
794 591 905 642 Καὶ
951 591 1012 641 τὸ
1046 591 1153 658 πρὸ
1205 591 1314 643 τῶν
1364 591 1863 661 συσταυρωθέντων

293 678 443 747 αὑτῴ
478 677 692 748 λῃστῶν
715 679 1036 750 τεθνηκέναι
1067 682 1176 734 ἀπὸ
1200 683 1297 753 τῆς
1330 684 1520 753 ὀδύνης
1554 685 1665 736 τῶν
1694 684 1861 754 ἥλων,

291 769 420 822 εἰδὲ
456 768 634 837 βούλει
680 771 774 824 καὶ
803 771 864 824 τὸ
898 773 1036 842 μετά
1072 772 1169 844 τὴν
1201 775 1499 829 ἀνάστασιν
1558 777 1615 829 ἐν
1658 777 1864 831 εὐτελεί

292 863 479 929 μορφῇ
536 860 814 932 κηπουροῦ
865 862 1119 932 ὀφθῆναι,
1161 867 1257 918 καὶ
1304 866 1365 919 τὸ
1416 868 1543 930 τοὺς
1590 868 1864 935 μώλωπας

293 949 392 1002 καὶ
422 953 627 1014 τύπους
658 952 767 1006 τῶν
812 956 1147 1025 τραυμάτων
1178 961 1291 1021 τοῖς
1340 960 1659 1024 ἀποστόλοις
1690 960 1861 1015 ἐνδεί-

290 1040 543 1103 κνυσθαι,
574 1045 666 1096 καὶ
687 1046 746 1097 τὸ
773 1047 911 1115 μετά
942 1048 1041 1118 τὴν
1072 1049 1369 1103 ἀνάστασιν
1399 1051 1619 1107 ἐσθίειν.
1654 1054 1861 1117 Πάντες

292 1131 405 1200 γάρ
456 1134 505 1185 οἱ
559 1135 834 1204 ἄνθρωποι
887 1141 1028 1209 μετά
1073 1141 1174 1212 τὴν
1210 1143 1273 1195 ἐκ
1322 1144 1533 1211 νεκρῶν
1562 1146 1860 1200 ἀνάστασιν

292 1224 669 1294 ἐκλάμψουσιν
703 1229 777 1292 ὠς
808 1232 834 1284 ὁ
861 1232 1034 1302 ἥλιος,
1081 1235 1175 1286 καὶ
1219 1235 1393 1296 οὐδεὶς
1437 1238 1548 1302 ἕξει
1573 1240 1861 1307 σωματικά

289 1318 598 1381 τηνικαῦτα
643 1322 965 1391 τραύματα,
1009 1325 1042 1396 ἦ
1089 1327 1291 1391 τύπους
1333 1330 1688 1399 τραυμάτων.
1737 1332 1859 1386 οὐδὲ

287 1407 681 1478 προσδεήσεται
715 1411 989 1479 βρώσεως.

371 1498 429 1550 Ὀ
461 1500 588 1564 Υἱὸς
611 1504 705 1554 τοῦ
736 1504 873 1556 Θεοῦ
902 1506 994 1557 καὶ
1015 1506 1146 1569 Θεὸς
1175 1507 1336 1570 αὐτὸς
1368 1507 1585 1576 λέγεται
1609 1511 1702 1564 καὶ
1730 1510 1859 1563 συλ-

281 1589 581 1658 ληφθῆναι,
614 1592 709 1645 καὶ
751 1594 1099 1665 γεννηθῆναι,
1137 1598 1229 1649 καὶ
1275 1597 1568 1662 διδάσκειν,
1605 1603 1698 1652 καὶ
1731 1600 1862 1654 θαυ-

283 1685 641 1752 ματουργείν,
683 1686 774 1738 καὶ
812 1687 996 1751 ἁπλῶς
1046 1692 1244 1755 εἰπεῖν,
1294 1691 1362 1743 τά
1408 1690 1507 1761 μὲν
1535 1692 1755 1761 δρᾶσαι,
1790 1693 1857 1746 τά

280 1773 336 1824 δὲ
369 1775 588 1840 παθεῖν,
636 1776 949 1843 ἀποθανεῖν,
996 1780 1091 1832 καὶ
1122 1782 1442 1851 ἀναστῆναι.
1497 1784 1641 1837 Διότι
1692 1786 1854 1849 αὐτὸς

279 1866 514 1930 γέγονεν
548 1866 842 1930 ὑπόστασις
870 1869 947 1939 τῷ
977 1872 1387 1941 προσλήμματι,
1424 1873 1502 1943 μὴ
1538 1875 1649 1927 ὄντι
1679 1875 1765 1928 διὰ
1793 1876 1853 1928 τὸ

275 1954 522 2024 ἄσπορον
557 1958 966 2031 ιδιοῦποστάτῳ.
1017 1964 1167 2015 Ἐπεὶ
1201 1961 1295 2017 οὖν
1324 1967 1354 2034 ἡ
1384 1964 1477 2017 τοῦ
1517 1968 1853 2035 προσλαϐόνο

275 2060 369 2109 τος
402 2046 704 2111 ὑπόστασις
758 2052 895 2121 αὐτὴ
939 2053 1036 2107 καὶ
1080 2053 1173 2107 τοῦ
1224 2056 1656 2128 προσλήμματός
1704 2064 1852 2112 ἐστιν

276 2136 605 2202 ὑπόστασις,
636 2141 800 2205 αὐτὸς
821 2142 1040 2211 λέγεται
1066 2147 1159 2198 καὶ
1188 2147 1449 2218 ἐνεργεῖν,
1476 2151 1574 2203 καὶ
1598 2152 1850 2222 πάσχειν,

275 2230 348 2291 ὡς
381 2230 445 2284 ἓν
476 2234 767 2301 πρόσωπον
795 2233 870 2288 ὢν
889 2254 904 2269 ο
939 2237 1181 2307 ἐνεργεῖν
1205 2240 1261 2292 δὲ
1310 2239 1377 2293 τά
1408 2241 1727 2312 ἀνθρώπινα
1755 2245 1848 2297 καὶ

276 2323 517 2392 πάσλειν
559 2328 702 2381 κατά
738 2329 840 2401 τὴν
874 2330 1037 2399 φύσιν
1074 2331 1168 2385 τοῦ
1204 2333 1653 2402 προσλήμματος.
1687 2336 1851 2389 Ὅθεν

277 2418 373 2467 καὶ
408 2418 711 2473 οἰκειοῦται
743 2425 812 2474 τὰ
839 2424 935 2475 τοῦ
988 2422 1209 2487 οἰκείου,
1283 2423 1358 2485 ὡς
1406 2425 1566 2487 αὐτὸς
1605 2423 1679 2479 ὢν
1719 2425 1852 2479 ὑπό-

277 2522 471 2570 στασις
502 2510 669 2563 αὑτοῦ
697 2513 789 2565 καὶ
817 2516 1128 2583 πρόσωπον,
1159 2514 1234 2577 ὡς
1259 2513 1572 2583 δεδήλωται.

345 2599 487 2653 Θεὸν
534 2602 636 2671 μὲν
670 2604 1195 2676 ὲνανθρωπήσαντα,
1245 2609 1338 2660 καὶ
1370 2609 1503 2661 Θεὸν
1539 2609 1699 2678 σαρκὶ
1748 2627 1851 2662 πα-

277 2689 447 2745 θόντα
474 2694 677 2764 φαμὲν,
714 2696 943 2767 θεότητα
971 2698 1027 2752 δὲ
1057 2700 1584 2771 ὲνανθρωπήσασαν,
1616 2701 1648 2772 ἢ
1686 2705 1849 2771 σαρκὶ

276 2784 561 2839 παθοῦσαν
619 2788 681 2840 οὑ
732 2787 987 2859 λέγομεν,
1034 2793 1084 2844 ει
1122 2792 1412 2862 μέλλοιμεν
1457 2793 1845 2863 κυριολεκτείνο

274 2874 355 2927 ὅτι
398 2878 500 2931 καὶ
530 2878 564 2948 ὴ
613 2878 884 2949 Παρθένος
915 2881 1048 2933 Θεὸν
1086 2883 1186 2952 μὲν
1214 2883 1526 2954 ἐγέννησεν,
1562 2885 1700 2938 ἀλλὰ
1731 2888 1849 2938 066-

274 2982 445 3034 τητος
476 2966 775 3021 ὑπόστασιν
815 2971 946 3040 μίαν
986 2974 1436 3046 σεσαρκωμένην,
1479 2976 1602 3046 ἥτις
1642 2977 1792 3035 ἐστὶν
1820 2979 1849 3031 ό

273 3057 429 3123 Υἱὸς,
464 3059 550 3113 ἵνα
578 3061 606 3112 ὁ
636 3060 747 3115 ἄνω
768 3062 895 3128 Υἱὸς
945 3064 1030 3135 εἴη
1055 3068 1149 3119 καὶ
1184 3066 1335 3121 κάτω
1364 3070 1496 3135 υίὸς,
1529 3071 1623 3124 καὶ
1650 3071 1682 3139 ἡ
1722 3069 1847 3122 ἰδιό-

1967 598 2023 642 et
2059 588 2323 658 deﬁciens,
2355 602 2410 645 ut
2443 593 2616 661 inquit
2649 594 2829 662 Isaias,
2866 614 3027 664 supra
3068 600 3204 667 ﬁlios
3255 604 3545 671 hominum;

1966 681 2219 747 quodque
2259 681 2410 749 prius
2438 698 2596 750 quam
2625 684 2881 746 latrones.
2910 686 3003 757 qui
3028 690 3187 744 simul
3220 693 3277 747 in
3324 711 3544 752 crucem

1971 770 2078 824 acti
2099 780 2275 837 erant,
2299 788 2409 842 prm
2448 774 2725 835 clavorum
2758 777 2942 832 dolore
2977 791 3224 835 mortuus
3250 797 3368 851 est;
3405 788 3545 842 adde

1968 873 2022 918 et
2046 865 2206 929 illud,
2234 866 2281 920 si
2312 868 2508 937 placet,
2541 869 2686 937 quod
2716 871 2813 923 sub
2850 872 3038 927 humili
3072 875 3244 930 forma
3265 877 3542 935 hortuloni

1974 968 2034 1008 se
2065 964 2183 1022 post
2218 957 2678 1012 resurrectionem
2736 963 3185 1030 conspiciendum
3210 969 3458 1037 praebuit,
3489 982 3545 1027 ct

1966 1045 2230 1114 apostolis
2291 1046 2576 1103 cicatrices
2628 1060 2682 1104 et
2742 1051 2856 1105 loca
2928 1058 3209 1112 vulnerum
3279 1064 3539 1129 ostendit,

1964 1138 2218 1209 quodque
2241 1142 2421 1196 cibum
2454 1145 2616 1212 cepit.
2649 1143 2781 1197 Nam
2808 1145 2999 1215 reliqui
3027 1148 3296 1216 homines,
3322 1166 3541 1222 postea-

1962 1244 2124 1296 quam
2183 1230 2390 1287 iuerint
2440 1234 2495 1289 in
2544 1235 2708 1289 vitam
2744 1239 3004 1303 revocati,
3038 1240 3323 1311 fulgebunt
3351 1257 3407 1299 ut
3437 1249 3541 1313 sol,

1961 1323 2232 1376 necullus
2261 1340 2450 1379 eorum
2506 1327 2775 1404 ejusmodi
2828 1330 3110 1386 cicatrices
3164 1335 3215 1387 in
3288 1351 3542 1408 corpore,

1962 1423 2056 1466 aut
2091 1414 2375 1469 vulnerum
2414 1417 2529 1472 loca
2560 1420 2837 1483 retinebit.
2867 1438 2967 1476 nec
2992 1427 3261 1480 comedet.

2038 1503 2204 1560 Filius
2235 1505 2327 1560 Dei
2358 1518 2521 1577 atque
2550 1509 2689 1564 idem
2724 1512 2888 1573 Deus,
2910 1522 2965 1566 et
2995 1526 3327 1582 conceptus,
3360 1528 3411 1572 et
3443 1536 3523 1573 ua-

1960 1606 2049 1652 tus
2070 1612 2192 1652 esse
2216 1598 2432 1664 dicitur,
2466 1610 2520 1655 et
2541 1601 2821 1666 docuisse,
2852 1614 2906 1658 et
2934 1620 3020 1659 res
3048 1607 3396 1665 admirandas
3455 1612 3536 1667 fe-

1960 1688 2121 1753 cisse,
2156 1698 2234 1756 et,
2267 1698 2323 1743 ut
2360 1690 2548 1759 paucis
2564 1693 2743 1744 omnia
2781 1694 3133 1763 complectar,
3195 1707 3306 1750 tum
3341 1701 3540 1769 egisse,

1912 1838 1927 1855 ι
1964 1792 2073 1834 tum
2110 1795 2302 1849 passus
2331 1797 2452 1837 esse
2489 1792 2542 1837 et
2577 1795 2849 1851 mortuus,
2911 1796 2965 1841 et
3003 1789 3328 1844 surrexisse.
3393 1794 3533 1859 Quo.

1958 1875 2102 1925 niam
2140 1885 2433 1953 assumpta:
2464 1875 2644 1929 carnis
2674 1876 2791 1946 ipse
2823 1878 2925 1931 fuit
2958 1894 3212 1948 persona,
3246 1898 3364 1952 qua:
3420 1887 3533 1952 qui-

1957 1964 2081 2018 dem
2111 1981 2238 2018 caro
2263 1966 2382 2019 sine
2409 1968 2615 2021 semine
2637 1969 2817 2037 genita
2841 1969 3046 2024 nullam
3075 1972 3236 2027 aliam
3258 1978 3535 2045 propriam

1955 2068 2246 2121 personam
2274 2054 2481 2108 habuit.
2511 2054 2780 2120 Quocirca
2811 2072 2934 2111 cum
2974 2065 3303 2119 assumentis
3334 2076 3388 2119 et
3443 2081 3538 2121 as-

1953 2154 2183 2214 sumpta:
2208 2146 2459 2201 humanae
2495 2155 2707 2202 naturae
2741 2164 2847 2203 una
2905 2150 2976 2204 sit
3006 2153 3303 2224 eademque
3351 2173 3539 2225 perso-

1952 2253 2042 2299 na,
2075 2238 2189 2305 ipse
2219 2238 2417 2292 dicitur
2435 2249 2488 2292 et
2510 2254 2669 2309 agere
2687 2247 2740 2293 et
2774 2241 2883 2310 pati
2906 2260 2969 2296 ex
2993 2242 3131 2313 ejus,
3151 2248 3293 2316 quod
3319 2263 3536 2304 assum-

1952 2332 2080 2396 psit,
2106 2339 2325 2383 natura.
2363 2329 2427 2383 Et
2460 2346 2581 2400 quae
2610 2331 2757 2386 illius
2781 2334 3001 2403 propria
3035 2346 3185 2403 sunt,
3246 2340 3349 2394 sibi
3395 2344 3537 2397 asci-

1950 2421 2051 2475 scit
2110 2429 2168 2474 ut
2222 2423 2464 2492 propria,
2525 2439 2725 2495 quippe
2760 2427 2852 2493 qui
2915 2427 2989 2481 sit
3048 2428 3168 2498 ejus
3231 2431 3534 2501 hypostasis

1950 2525 2111 2581 atque
2136 2528 2395 2582 persona.
2429 2525 2490 2569 ut
2526 2516 3045 2576 demonstravimus.

2022 2622 2192 2677 Deum
2228 2624 2646 2681 humanitatem.
2678 2628 2918 2684 induisse
2948 2641 3005 2687 et
3029 2633 3082 2686 in
3118 2649 3286 2692 carne
3310 2651 3532 2704 passum

1949 2728 2069 2769 esse
2095 2714 2346 2771 dicimus.
2408 2716 2756 2774 Di\initatem
2802 2739 2931 2777 vero
2980 2740 3085 2779 nec
3137 2727 3531 2785 humaniatcm

1949 2807 2331 2875 asmmpsisse.
2358 2825 2459 2864 nec
2489 2826 2705 2877 passum
2754 2820 2875 2868 e5se
2907 2815 3166 2881 dicimus,
3197 2819 3240 2872 si
3282 2821 3536 2877 volumus

1948 2897 2169 2967 proprie
2199 2899 2368 2968 loqui.
2399 2898 2533 2954 Nam
2560 2910 2617 2955 et
2639 2902 2799 2973 Virgo
2834 2903 3003 2959 Deum
3058 2908 3277 2976 quidem
3320 2911 3532 2980 genuit,

1948 2989 2292 3045 divinitatem
2322 3004 2503 3048 autem
2542 3011 2651 3049 non
2686 2998 2897 3067 genuit.
2954 3000 3024 3054 At
3076 3015 3185 3055 una
3233 3001 3534 3057 divinitatis

1948 3094 2184 3149 persona
2216 3092 2469 3138 naturam
2493 3087 2788 3156 assumpsit
2813 3088 3132 3145 humanam.
3190 3089 3289 3146 llic
3347 3104 3533 3147 autem

270 3164 367 3219 της
403 3151 567 3224 μείνῃ
596 3153 876 3221 ἀκίνητος.
915 3155 990 3208 Τὸ
1021 3157 1127 3227 γάρ
1161 3159 1452 3226 γεννᾶσθαι
1498 3161 1561 3213 οὐ
1610 3161 1844 3229 φύσεως,

1961 3167 2227 3224 estFitius
2279 3170 2392 3236 Dei,
2452 3183 2511 3227 ut
2562 3175 2656 3243 qui
2681 3151 2761 3230 an
2808 3177 2959 3233 cretis
2981 3189 3067 3233 est
3121 3179 3312 3247 Filius,
3361 3179 3534 3238 Filius

272 3242 388 3295 ἀλλ’
428 3244 781 3311 ὑποστάσεως
808 3242 897 3318 ἦν.
931 3249 996 3302 Εἰ
1030 3250 1138 3320 γάρ
1173 3251 1388 3319 φύσεως
1416 3248 1515 3323 ἦν,
1553 3256 1655 3307 οὐκ
1679 3254 1746 3310 ἂν
1790 3257 1847 3308 ὲν

272 3338 335 3404 τῇ
370 3336 517 3407 αὐτῇ
548 3337 710 3405 φύσει
738 3340 799 3391 τὸ
835 3343 1096 3410 γεννητὸν
1123 3341 1432 3413 ὲθεωρείτο,
1469 3345 1563 3398 καὶ
1596 3345 1656 3399 τὸ
1684 3346 1848 3413 ἀγέν-

272 3445 461 3498 νητον.
505 3431 657 3483 Ἐπεὶ
699 3433 756 3485 δὲ
786 3433 877 3486 τὸν
924 3434 1157 3505 Χριστὸν
1205 3438 1513 3508 ἐγέννησεν,
1540 3438 1696 3503 ’ὅστις
1732 3440 1848 3494 ἐστὶ

274 3522 405 3583 θεὸς
431 3523 524 3573 καὶ
551 3523 860 3593 ἄνθρωπος,
900 3529 964 3580 ἐκ
1013 3526 1106 3580 τοῦ
1165 3531 1474 3599 κρείττονος
1510 3531 1604 3584 καὶ
1645 3548 1846 3600 κυριω-

274 3615 442 3683 τέρου
469 3616 667 3686 μέρους
697 3617 959 3682 Θεοτόκος
993 3620 1379 3691 ἐπωνομάσθη.
1417 3620 1627 3685 Ἀλλως
1658 3639 1718 3675 τε
1752 3624 1848 3676 καὶ

277 3707 310 3775 ἡ
345 3706 448 3759 τοῦ
500 3709 927 3780 προσλήμματος
976 3713 1274 3776 ὑπόστασις
1326 3713 1447 3768 θεία
1500 3710 1593 3785 ἦν,
1643 3715 1737 3769 καὶ
1787 3713 1848 3769 τὸ

274 3799 617 3872 πρόσλημμα
647 3802 704 3855 δὲ
736 3802 795 3869 ἐξ
832 3804 1006 3870 αὐτῆς
1038 3803 1286 3871 ἑνὼσεως
1316 3805 1547 3878 ὶθεὼθη.

871 4070 1121 4124 ΤΙΤΛΟΣ
1168 4068 1253 4125 Η’.

274 4182 442 4237 Κατὰ
477 4183 876 4255 Ἐϐραίων-Ἐκ
898 4184 1010 4251 τῆς
1024 4184 1358 4255 λεγομένης
1379 4178 1533 4239 εἶναι
1560 4185 1668 4239 τοῦ
1692 4185 1852 4240 Νύσ-

344 4271 470 4320 σης
519 4256 743 4319 ,ϐίϐλου
791 4254 900 4323 τῆς
944 4254 1546 4324 προσαγορευομένης
1586 4259 1848 4324 Θεογνωο

346 4328 491 4388 σίας
536 4327 605 4377 τὰ
655 4325 1104 4403 ὑποτεταχμέιία
1157 4328 1356 4379 πάντα
1423 4329 1850 4403 σρνελέεγησᾳν

345 4398 641 4461 κεφάλαια
666 4395 841 4463 μέχρι
862 4396 981 4447 τῶν
1020 4395 1547 4463 Χρυσοστομικῶν.
1596 4400 1665 4450 To
1711 4397 1850 4462 μέν·

347 4472 441 4545 τοι
467 4467 763 4558 ’πέμπτον
796 4468 1026 4519 τούτων
1069 4467 1176 4520 τοῦ
1206 4470 1479 4536 μεγάλου
1522 4467 1846 4521 Βασιλειω
1877 4503 1922 4558 D

348 4535 541 4590 ἐστίν.
818 4554 835 4567 ί

360 4651 427 4705 ὐ
465 4652 627 4720 νόμος
662 4649 783 4720 μὲν,
811 4649 907 4704 καὶ
937 4651 986 4703 ot
1016 4654 1316 4723 προφῆται,
1364 4644 1439 4705 ὧν
1486 4647 1554 4723 ἦν
1609 4652 1845 4722 Χριστὸς

280 4744 581 4814 πλήρωμα,
618 4743 686 4796 τὰ
712 4744 843 4813 περὶ
889 4743 1081 4796 τούτου
1120 4744 1299 4796 πάντα
1324 4744 1673 4815 λεπτομερῶς
1719 4746 1847 4799 ἀνε-

279 4836 582 4906 γράψαντα,
602 4837 817 4907 καὶμὴν
844 4837 937 4889 καὶ
965 4837 1096 4907 περὶ
1119 4837 1219 4907 τῆς
1240 4836 1681 4917 ἀγιαςνΤριάδος.
1709 4840 1848 4906 Παρ-

279 4928 614 4981 εντέθεινται
643 4928 699 4981 δὲ
733 4928 1032 4999 σποράδην,
1060 4931 1154 4982 καὶ
1183 4929 1423 5001 ἀσαφείᾳ
1455 4930 1850 4998 συνεσκιάσθη-

279 5036 378 5072 σαν
404 5020 475 5072 τὰ
503 5020 675 5073 πολλὰ
702 5020 841 5073 κατὰ
866 5020 1019 5074 θείαν
1074 5021 1355 5091 πρόνοιαν,
1390 5021 1478 5074 ἵνα
1532 5022 1607 5091 μὴ
1662 5023 1847 5089 νηπιό-

279 5127 475 5182 φρενες
498 5111 575 5164 ἐτι
606 5112 757 5174 ὄντες
779 5111 1046 5176 Ἰουδαῖοι,
1068 5114 1160 5165 καὶ
1182 5114 1348 5182 μήπω
1371 5114 1511 5165 νοεῖν
1537 5112 1848 5183 ὑψηλότερα

277 5202 592 5272 δυνάμενοι,
629 5206 705 5268 εἰς
736 5205 963 5270 ἀναξίας
1019 5205 1317 5275 ὑπολήψεις
1375 5205 1688 5269 ἐκκλίνωσι,
1750 5205 1846 5257 καὶ

278 5295 477 5349 πάθεσι
506 5298 566 5350 τὸ
596 5299 804 5361 ἀπαθὲς
827 5290 1184 5368 ἀπαγάγωσι.
1244 5300 1355 5355 Καὶ
1411 5302 1519 5371 γὰρ
1552 5303 1609 5354 ὲν
1643 5300 1845 5368 Χωρήὸ

279 5388 374 5441 τοῦ
408 5390 543 5441 θεοῦ
574 5389 756 5442 λαλεῖν
809 5393 947 5461 πρὸς
984 5392 1181 5456 αὐτοὺς
1215 5394 1552 5463 ἀρξαμένου,
1597 5392 1846 5463 παρῃτή-

285 5495 446 5533 σαντο
483 5482 580 5551 τὴν
614 5484 872 5552 τοιαύτην
918 5486 1103 5552 φωνὴν
1146 5483 1213 5537 δι’
1267 5484 1470 5536 οἰκείαν
1537 5483 1841 5549 ἀσθένειαν,

287 5574 529 5637 εἰπόντες
554 5591 569 5606 ο
599 5578 680 5628 Οὐ
709 5576 1140 5644 προσθήσομεν
1175 5577 1437 5631 ἀκοῦσαι
1487 5576 1597 5643 τῆς
1641 5575 1848 5645 φωνῆς

285 5668 504 5731 Κυρίου
533 5667 638 5721 τοῦ
668 5668 814 5723 θεοῦ
852 5670 1041 5737 ἡμῶν,
1076 5670 1174 5723 καὶ
1204 5670 1269 5722 τὸ
1300 5670 1419 5737 πῦρ
1450 5672 1513 5723 τὸ
1546 5669 1698 5739 μέγα
1735 5674 1846 5723 οὐκ

285 5758 550 5826 ὀψόμεθα
582 5760 689 5826 ἔτι,
719 5760 845 5816 οὐδ’
879 5763 952 5815 οὺ
992 5763 1078 5832 μὴ
1114 5760 1525 5831 ἀποθάνωμεν.
1569 5765 1677 5817 Καὶ
1716 5759 1845 5816 εἷπε

1950 3259 2076 3314 item
2110 3270 2253 3315 esset
2279 3262 2333 3315 iu
2360 3266 2541 3329 terris,
2568 3276 2623 3320 et
2656 3268 2963 3337 proprietas
2986 3270 3282 3325 immobilis
3314 3288 3531 3341 perma-

1948 3361 2126 3405 neret.
2159 3350 2317 3422 Gigni
2344 3357 2489 3409 enim
2517 3372 2629 3412 non
2666 3369 2877 3413 natura:
2932 3359 3055 3425 fuit,
3109 3363 3205 3416 sed
3255 3372 3529 3431 personte.

1948 3441 2159 3498 Etenim
2188 3444 2455 3502 sifuisset
2485 3457 2716 3516 naturae,
2773 3466 2881 3505 non
2916 3454 2969 3505 in
3004 3452 3199 3507 eadem
3230 3464 3428 3509 natura
3479 3464 3533 3510 et

1946 3536 2193 3605 genitum
2224 3545 2281 3592 et
2318 3538 2618 3608 ingenitum
2653 3542 2974 3599 exstitisset.
3014 3543 3209 3598 Verum
3237 3544 3361 3614 quia
3418 3547 3528 3600 vir-

1947 3640 2014 3695 go
2038 3625 2547 3695 genuitChristum,
2582 3631 2672 3700 qui
2725 3631 2868 3686 Deus
2896 3640 2980 3686 est
3011 3643 3066 3686 et
3098 3635 3282 3698 homo,
3315 3649 3346 3688 a
3400 3651 3531 3705 par-

1952 3725 2003 3771 te
2033 3717 2395 3786 praestantiori
2425 3728 2481 3774 et
2501 3721 2878 3777 excellentiori
2917 3721 3010 3775 Dei
3042 3720 3290 3777 Genitrix
3323 3724 3517 3792 appel-

1946 3808 2111 3874 latur,
2132 3808 2454 3880 Quanquam
2479 3818 2536 3865 et
2565 3820 2859 3880 assumptae
2882 3821 3093 3865 naturte
3152 3827 3382 3882 persona
3440 3814 3530 3869 di-

1945 3899 2074 3956 vina
2102 3910 2208 3965 est,
2235 3910 2292 3958 et
2332 3911 2611 3972 assumpta
2641 3912 2841 3957 natura
2888 3912 3109 3974 propter
3158 3904 3329 3975 ipsam
3393 3920 3533 3961 con-

1942 3990 2282 4061 iunctionem
2310 3992 2494 4049 divina
2526 4002 2610 4048 est
2640 3995 2871 4049 reddita.

2496 4108 2798 4167 TITULUS
2838 4110 2973 4167 Vill.

1947 4217 2016 4272 In
2065 4219 2333 4299 Deliras”.
2381 4219 2573 4299 Omnia
2618 4239 2737 4299 qua:
2775 4238 3064 4299 sequuntur
3122 4232 3317 4299 capita,
3372 4246 3533 4299 usque

2022 4291 2089 4343 ad
2131 4291 2226 4344 illa
2286 4308 2412 4366 Δφατε
2445 4293 2747 4366 collegimus
2765 4291 2852 4366 ρξε’
2876 4291 3265 4366 Chrysostomo,
3304 4291 3527 4366 sumpta

2018 4375 2137 4439 sunt
2185 4378 2249 4415 ex
2277 4363 2408 4416 libro
2465 4363 2555 4430 qui
2591 4364 2898 4439 inscribitur
2945 4363 3369 4439 Decoynitione
3411 4363 3528 4431 Dei,

2021 4432 2174 4510 cujus
2227 4441 2411 4485 auctor
2440 4433 2745 4510 esseferlur
2828 4432 3112 4510 Gregorius
3132 4432 3344 4510 'Nyssw
3395 4456 3532 4509 pon-

2031 4503 2180 4570 tifex,
2231 4508 2442 4567 excepto
2480 4502 2682 4568 quinto,
2734 4504 2873 4571 quod
2902 4502 2974 4558 est
3025 4502 3236 4564 Basilii'
3258 4502 3458 4579 Magni.

2029 4673 2138 4727 Lex
2188 4680 2243 4727 et
2286 4671 2586 4742 prophetae,
2640 4690 2870 4745 quorum
2940 4680 3225 4748 plenitudo
3274 4682 3528 4738 Christus

1950 4776 2051 4831 est,
2084 4763 2283 4827 omnia,
2309 4780 2426 4833 qu-e
2456 4773 2566 4818 tum
2591 4765 2655 4820 ad
2683 4767 2857 4836 ipsum
2889 4769 3188 4837 Christum,
3221 4783 3334 4828 tum
3366 4780 3525 4829 etiam

1949 4860 2014 4913 ad
2045 4867 2285 4913 sanctam
2336 4856 2610 4926 pertinent
2660 4857 3005 4926 Trinitatem,
3071 4865 3341 4921 subtiliter
3406 4883 3525 4936 per-

1950 4950 2312 5017 scripserunt.
2349 4945 2455 4999 Sed
2486 4946 2671 5002 divina
2702 4948 2901 5005 factum
2948 4960 3032 5007 cst
3074 4956 3436 5023 providentia,
3468 4967 3528 5010 ut

1950 5041 2120 5096 multa
2158 5038 2276 5093 fuse
2302 5053 2487 5108 sparsa
2550 5039 3014 5113 disseminataque
3042 5045 3174 5112 sint,
3216 5058 3271 5101 et
3298 5048 3528 5103 obscure

1949 5131 2148 5201 posita,
2179 5145 2247 5184 ne
2283 5145 2407 5185 cum
2446 5131 2623 5186 adhuc
2670 5146 2855 5190 essent
2903 5137 3139 5191 infantes
3188 5138 3382 5203 Judaei,
3418 5155 3528 5194 nec

1948 5236 2071 5287 quae
2102 5221 2422 5276 sublimiora
2457 5232 2585 5277 sunt
2642 5236 2867 5294 possent
2907 5230 3207 5298 percipere,
3239 5231 3305 5284 ad
3352 5232 3524 5301 indig-

1950 5330 2047 5367 nas
2071 5313 2361 5382 opiniones
2392 5314 2754 5382 declinarent,
2805 5331 2858 5372 et
2894 5321 3038 5387 quod
3074 5321 3142 5373 ab
3176 5322 3323 5374 omni
3354 5323 3523 5376 affer-

1951 5405 2096 5458 tione
2132 5402 2553 5458 remotissimum
2609 5414 2715 5469 est,
2783 5407 3163 5461 aﬂ'ectionibus
3228 5409 3521 5465 obnoxium

1948 5494 2363 5548 arbitrarentur.
2392 5495 2603 5549 Etenim
2630 5510 2757 5549 cum
2793 5498 2936 5551 Deus
2967 5497 3020 5551 in
3054 5496 3233 5552 Horeb
3270 5516 3365 5553 eos
3395 5504 3524 5554 atto-

1948 5586 2039 5653 qui
2087 5584 2366 5654 coepisset,
2409 5586 2675 5655 ejusmodi
2723 5590 2967 5641 oratione
2999 5604 3150 5642 suam
3180 5590 3522 5648 imbecilt.ta-

1951 5686 2058 5731 tem
2088 5686 2417 5731 excusarunt
2449 5694 2462 5730 :
2494 5676 2613 5732 Non
2645 5695 2939 5749 pergamus,
2986 5682 3308 5751 inquientes,
3340 5690 3526 5740 audire

1949 5783 2122 5821 vocem
2155 5768 2363 5821 Domini
2397 5766 2496 5821 Dei
2531 5769 2718 5835 nostri,
2759 5784 2851 5823 nec
2880 5771 3049 5840 ignem
3095 5776 3231 5828 hunc
3280 5793 3527 5847 magnum
