3954 6558
299 400 394 463 261

1204 396 1589 457 PANOPLIA
1629 395 2100 458 DOGMA'l‘lCA.
2137 422 2207 433 -
2248 398 2400 461 TlT.
2441 399 2614 461 VIII.

2572 302 2597 331 κ

3428 393 3532 455 ⁸262

290 513 471 566 λέκτου
502 507 799 579 ἱδὲωμα,τδ
836 506 1120 579 χρώμενον
1161 507 1309 561 ἐστιν
1355 508 1441 562 ὅτε
1484 511 1598 574 τοῖς
1646 510 1847 572 ἑνικοῖς

1963 510 2036 563 nis
2074 510 2479 579 proprietatem,
2510 525 2613 579 qua
2646 526 2906 566 numerus
2938 509 3089 581 plura
3142 509 3390 565 indicans
3438 520 3535 584 pro

288 601 675 673 πληθυντικῶς.
709 602 776 652 Ἦ
805 601 915 671 γὰρ
948 600 1035 666 ἂν,
1072 602 1166 653 καὶ
1224 600 1310 670 ἐφ’
1375 599 1413 655 ἃ
1462 602 1539 670 μὴ
1603 602 1711 673 χρὴ
1768 601 1846 672 τῷ

286 694 503 762 τοιούτῳ
529 694 775 763 ἰδιώματι
801 693 1244 763 καταχρώμενοι,
1270 693 1473 763 πολλῆς
1492 693 1847 765 ὲμπλήσομεν

287 787 406 849 τοὺς
437 785 812 854 ἀντιλέγοντας
833 787 1107 855 ταραχῆς.

815 878 917 931 Ἐκ
955 877 1067 945 τῆς
1098 876 1314 943 αὐτῆς.

352 968 455 1022 Kal
479 964 648 1021 εἶπεν
671 970 704 1023 ὁ
728 966 896 1033 Θεὸς,
923 967 1079 1022 Ἰδοὺ
1101 966 1275 1035 Ἀδὰμ
1296 966 1546 1036 γέγονεν
1561 969 1642 1032 ὼς
1666 959 1754 1030 εἷς
1778 965 1847 1028 ἐξ

288 1058 468 1126 ἡμῶν,
494 1060 661 1129 ἤγουν
681 1058 756 1122 ὡς
777 1058 1007 1120 ἕκαστος
1024 1059 1058 1127 ἡ
1067 1056 1183 1127 μῶν
1212 1056 1320 1109 τῶν
1353 1057 1408 1110 ὲν
1422 1059 1487 1127 τῇ
1513 1058 1609 1127 μιᾷ
1633 1057 1846 1125 θεότητι

289 1152 606 1223 προσώπων.
641 1152 701 1203 Εἰ
736 1150 844 1219 γὰρ
877 1150 973 1202 καὶ
1001 1149 1300 1219 εἰρωνικῶς
1335 1151 1576 1219 εἴρηται,
1606 1148 1720 1201 ἀλλ’
1754 1146 1846 1199 οὖν

289 1246 396 1305 ἑνὸς
428 1243 723 1313 προσώπου
757 1242 1095 1313 σημαντικὸν
1133 1241 1269 1305 ὅλως
1305 1237 1443 1295 εἶναι
1469 1242 1529 1295 οὺ
1560 1241 1806 1295 δύναται.

817 1424 919 1478 Ἐκ
948 1421 1059 1490 τῆς
1105 1420 1318 1489 αὐτῆς.

352 1516 457 1570 Kal
472 1514 644 1570 εἶπεν
661 1519 693 1569 ὁ
712 1516 877 1582 Θεὸς,
892 1516 1071 1569 Δεῦτε
1089 1515 1186 1567 καὶ
1204 1512 1572 1577 καταϐάντες
1588 1510 1851 1579 συγχέω-

284 1628 388 1679 μεν
406 1609 606 1664 αὐτῶν
618 1611 723 1676 τὰς
740 1609 1046 1677 γλώσσας.
1065 1609 1137 1659 Τὸ
1146 1610 1254 1676 γὰρ
1270 1606 1439 1660 δεῦτε
1459 1605 1595 1674 πρὸς
1621 1604 1713 1657 δύο
1729 1603 1849 1656 τοὺ-

286 1703 522 1771 λάχιστον
545 1704 574 1754 ὁ
600 1702 774 1768 λέγων
795 1702 966 1768 λέγει,
991 1703 1086 1752 καὶ
1108 1690 1278 1769 Τριᾶς
1300 1695 1551 1749 ἐντεῦθεν
1573 1711 1849 1764 συναπαρ-

284 1793 504 1856 τίζεται.
534 1792 679 1862 Πρὸς
714 1792 1069 1861 ίσοδυνάμους
1123 1790 1202 1855 δὲ,
1263 1790 1353 1840 καί
1409 1786 1733 1855 ὸμοουσίους
1787 1785 1846 1837 τὸ

1952 602 2066 665 illo,
2099 605 2190 672 qui
2222 619 2388 657 unum
2416 602 2704 677 signiﬁcat,
2738 615 3052 673 usurpatur,
3098 607 3187 659 ubi
3218 622 3329 660 non
3366 620 3533 677 opor-

1950 701 2048 759 tet,
2083 692 2402 748 confusione
2435 693 2760 762 replebinius
2789 696 3248 750 contradicentes.

2511 869 2592 923 Ea:
2619 870 2797 923 eodem
2827 870 2982 923 libro.

2025 961 2092 1015 Et
2148 963 2280 1015 dixit
2346 960 2482 1015 Deus
2522 978 2541 1015 :
2604 961 2738 1015 Ecce
2801 964 2973 1015 Adam
3024 965 3198 1033 factus
3229 972 3346 1028 est;
3397 964 3526 1017 sicut

1952 1068 2086 1105 unus
2127 1066 2191 1104 ex
2223 1053 2367 1104 nobis
2394 1051 2409 1080 ¹
2438 1094 2452 1117 ,
2482 1051 2574 1120 qni
2608 1066 2799 1103 sumus
2826 1052 3081 1105 nimirum
3127 1054 3179 1105 in
3240 1069 3343 1106 una
3393 1053 3524 1108 divi.

1950 1138 2120 1192 nitate
2164 1154 2537 1208 personarum.
2597 1136 2710 1191 Hoc
2771 1140 2930 1191 enim
2991 1139 3091 1192 etsi
3169 1155 3294 1194 cum
3354 1139 3526 1193 ironia

1948 1230 2151 1285 dictum
2186 1241 2285 1294 est,
2322 1248 2481 1284 unam
2518 1242 2693 1284 tamen
2730 1232 2992 1286 duntaxat
3018 1247 3305 1302 personam
3363 1230 3524 1303 signi-

1948 1324 2111 1378 ﬁcare
2144 1339 2248 1378 non
2293 1333 2491 1393 potest.

2472 1415 2555 1470 Ea:
2591 1418 2767 1470 eodem
2797 1416 2951 1470 libra.

1947 1511 1997 1573 ,ξπ
2020 1506 2085 1560 Ει
2137 1508 2270 1561 dixit
2306 1507 2439 1560 Deus
2472 1523 2490 1560 :
2548 1507 2749 1573 Venite,
2808 1508 3202 1571 descendamus,
3238 1519 3287 1561 et
3314 1513 3532 1580 confun-

1947 1600 2131 1652 damus
2162 1599 2397 1668 linguam
2427 1614 2605 1651 eorum
2635 1600 2679 1652 ’.
2743 1598 2879 1651 Illud
2934 1600 3077 1653 enim
3109 1618 3121 1652 :
3156 1602 3344 1657 Venite.
3399 1600 3537 1655 duos

1948 1690 2233 1759 signiﬁcat.
2279 1689 2343 1742 Et
2377 1706 2516 1743 unus
2545 1699 2648 1753 est,
2680 1690 2770 1757 qui
2809 1690 3070 1758 loquitur.
3122 1690 3199 1743 Ex
3250 1705 3358 1759 quo
3394 1689 3522 1744 Tri-

1948 1785 2090 1836 nitas
2148 1782 2385 1852 perl‘ccla
2435 1783 2762 1837 declaratur.
2822 1784 2977 1848 Quod
3031 1793 3215 1837 autem
3271 1799 3390 1847 eos,
3440 1784 3534 1854 qui

284 1882 824 1951 δεῦτε,ποιήσωμεν
851 1882 1006 1944 τόδε,
1028 1882 1125 1934 καὶ
1146 1880 1206 1932 οὐ
1231 1878 1367 1949 πρὸς
1390 1876 1654 1944 ἀγγέλους
1683 1877 1846 1945 ἐρεῖς,

1963 1874 2194 1943 ejusdem
2243 1876 2524 1945 potestatis
2561 1884 2611 1930 et
2643 1877 2893 1929 essentia:
2932 1884 3080 1935 sunt.
3143 1877 3446 1947 allziqnatur
3495 1893 3509 1928 :

284 1972 408 2040 ὅπερ
440 1975 591 2024 ἐστὶν
626 1972 848 2026 ἄτοπον.
895 1972 965 2023 Ἥ
999 1970 1144 2032 οἴους
1175 1969 1261 2036 ἂν,
1313 1968 1407 2020 καὶ
1461 1968 1618 2027 ὅσους
1678 1968 1843 2032 ἐρεῖς,

286 2078 427 2130 παρα
438 2062 762 2133 γραιθόμεθα
778 2061 866 2116 διὰ
887 2064 949 2115 τὸ
977 2063 1319 2132 ἀμάρτυρον.

1959 1967 2178 2034 Venite,
2220 1968 2497 2037 inquiens,
2557 1969 2660 2021 hoc
2719 1968 3000 2033 faciamus,
3060 1968 3213 2023 facile
3269 1978 3517 2038 apparet.

1956 2059 2107 2124 Quod
2142 2058 2187 2113 si
2227 2056 2448 2127 angelos
2480 2055 2755 2108 ministros
2796 2056 3089 2110 allocutum
3162 2054 3531 2123 respondetis,

285 2159 389 2211 sive
441 2173 657 2221 omnes,
710 2159 857 2228 quod
909 2159 1208 2212 absurdum
1263 2164 1370 2226 est,
1431 2155 1527 2211 sed
1578 2168 1783 2223 paucos
1834 2154 2063 2220 dixeris,
2120 2169 2241 2207 cum
2300 2151 2356 2205 id
2418 2150 2569 2203 nullo
2628 2149 2920 2220 Scriptura:
2973 2148 3287 2204 testimonio
3337 2148 3533 2200 fultum

287 2251 369 2312 sit,
404 2260 461 2303 ut
511 2250 711 2305 falsum
746 2251 1195 2322 improbabimus.

360 2345 476 2407 Πῶς
501 2345 639 2408 Θεὸς
667 2344 1003 2413 διαλέγεται;
1030 2340 1180 2417 ’Λρα
1213 2347 1304 2400 τὸν
1330 2349 1599 2419 ἡμέτερον
1620 2348 1854 2419 τρόπον;

287 2434 667 2503 εὐσεϐέστερον
694 2435 894 2502 λέγειν,
941 2436 1021 2489 ὅτι
1088 2438 1148 2488 τὸ
1185 2437 1327 2489 θεῖον
1392 2438 1661 2508 βούλημα,
1699 2438 1851 2507 καὶὴ

288 2527 466 2598 πρώτη
487 2530 638 2598 ὁρμὴ
681 2527 779 2581 τοῦ
836 2530 1027 2599 νοερθῦ
1083 2532 1414 2601 κινήματος,
1462 2532 1620 2584 τοῦτο
1682 2532 1853 2598 Λόγος

290 2620 396 2672 ἐστὶ
423 2620 513 2673 τοῦ
544 2620 707 2672 Θεοῦ.
761 2620 1097 2689 Σχηματὶζει
1145 2621 1203 2673 δὲ
1257 2622 1423 2675 αὑτὸν
1472 2621 1785 2686 διεξοδικῶς
1816 2622 1853 2690 ἠ

292 2713 490 2783 Γραφὴ,
534 2713 627 2765 ἵνα
650 2713 822 2785 δείξῃ,
848 2714 931 2766 ὅτι
962 2712 1081 2783 οὐ,χί
1101 2712 1361 2781 γενέσθαι
1394 2714 1554 2783 μόνον
1582 2714 1851 2783 ἐϐουλήθη

290 2810 380 2872 τὴν
412 2804 615 2868 κτίσιν,
651 2804 787 2859 ἀλλά
831 2804 918 2857 διά
968 2820 1116 2867 τινος
1175 2804 1442 2873 συνεργοῦ
1501 2804 1853 2875 παραχθῆναι

290 2896 482 2966 ταύτην
508 2898 594 2957 εἰς
653 2895 887 2964 γένεσιν.
964 2895 1225 2951 Ἠδὺνατο
1273 2899 1402 2967 γὰρ,
1438 2897 1514 2959 ὡς
1575 2896 1635 2959 ἐξ
1678 2896 1853 2967 ἀρχῆς

291 2980 423 3049 εἶπε,
452 2987 589 3056 περὶ
620 2985 840 3039 πάντων
860 2984 1197 3050 ἐπεξελθεῖν.
1239 2986 1328 3041 Ἐν
1356 2986 1501 3055 ἀρχῇ
1542 2984 1799 3053 ἐποίησεν
1823 2986 1850 3037 ὁ

291 3077 410 3139 Θεὸς
435 3076 525 3130 τὸν
572 3076 828 3147 οὐρανὸν,
858 3076 954 3129 καὶ
1004 3077 1102 3145 τὴν
1148 3078 1273 3144 γῆν.
1346 3072 1481 3129 Εἶτα
1532 3075 1758 3145 ἐποίησε
1787 3075 1851 3127 τὸ

2028 2334 2314 2404 Quomodo
2359 2333 2599 2402 loquitur
2635 2332 2774 2386 Deus
2804 2331 2826 2385 ?
2858 2330 3004 2384 Eone
3035 2329 3193 2385 modo
3226 2346 3334 2400 quo
3361 2329 3534 2399 loqui-

1956 2446 2078 2484 mur
2105 2427 2246 2481 nos?
2272 2426 2501 2495 lmpium
2537 2424 2627 2487 sit,
2678 2422 2750 2477 ita
2803 2421 3027 2477 sentire.
3057 2423 3192 2476 Nam
3242 2422 3528 2476 consilium

1955 2517 2220 2582 divinum,
2253 2525 2308 2571 et
2337 2517 2547 2586 primus
2584 2513 2673 2568 ille
2703 2513 2899 2567 mentis
2949 2514 3305 2584 intelligentis
3351 2521 3534 2567 motus

1955 2614 2040 2659 cst
2103 2605 2297 2659 Sermo
2344 2602 2465 2664 Dei,
2520 2618 2682 2671 quem
2744 2603 2823 2659 sic
2877 2605 3102 2674 exponit
3154 2612 3209 2657 et
3270 2602 3529 2672 exprimit

1956 2693 2261 2766 Scriptura.
2296 2704 2356 2748 ut
2382 2695 2667 2767 signiﬁcet,
2705 2693 2875 2749 Deum
2920 2710 3028 2749 non
3060 2695 3218 2749 modo
3247 2708 3536 2764 procreare

1957 2786 2235 2842 hominem
2268 2787 2526 2850 voluisse,
2573 2787 2667 2841 sed
2698 2786 2930 2855 alicujus
2962 2802 3123 2855 opera
3177 2787 3228 2839 id
3283 2786 3523 2840 voluisse

1954 2890 2233 2952 praestare.
2266 2879 2485 2935 Poterat
2512 2880 2655 2933 enim
2686 2888 2743 2932 ut
2769 2878 2837 2932 ab
2868 2877 3028 2931 initio
3056 2875 3207 2941 fecit,
3235 2877 3317 2932 sic
3344 2878 3531 2931 omnia

1953 2975 2225 3046 persequi.
2256 2973 2316 3027 In
2352 2974 2622 3043 principio
2654 2973 2783 3027 fecit
2819 2974 2958 3027 Deus
2989 2972 3187 3026 coelum
3220 2980 3275 3026 et
3302 2982 3533 3025 terram.

1959 3066 2165 3121 Deinde
2202 3066 2331 3121 fecit
2382 3069 2589 3128 lucem,
2647 3075 2835 3136 postea
2895 3065 3316 3119 ﬁrmamentum.
3380 3062 3537 3118 Nunc

292 3169 429 3237 φῶς,
469 3146 596 3220 εἶτα
624 3168 853 3237 ἐποίησε
891 3167 952 3220 τὸ
979 3167 1285 3236 στερέωμα.
1314 3166 1431 3219 Νῦν
1465 3166 1522 3219 δὲ
1566 3166 1660 3220 τὸν
1720 3166 1855 3218 Θεὸν

1963 3167 2137 3213 autem
2174 3156 2344 3212 Deum
2376 3157 2530 3226 quasi
2568 3156 2974 3226 praecipientem
3015 3164 3071 3210 et
3128 3157 3530 3225 colloquentem

291 3259 441 3312 οἱονεὶ
497 3261 915 3331 προστάσσοντα
956 3259 1050 3311 καὶ
1087 3259 1470 3328 διαλεγόμενον
1530 3246 1852 3327 εἰσάγουσα,

292 3355 373 3404 τὶν
390 3346 432 3419 ᾧ
459 3353 779 3420 διαλέγεται
806 3350 951 3404 κατὰ
976 3351 1036 3403 τὸ
1064 3351 1419 3421 σιωπώμενον
1447 3350 1762 3421 ὑποφαίνει,
1792 3355 1853 3405 οὐ

293 3443 654 3512 βασκαίνουσα
699 3444 832 3515 ἡμῖν
891 3441 992 3511 τῆς
1054 3442 1330 3511 γνώσεως,
1392 3442 1510 3497 ἀλλ’
1559 3444 1856 3499 ἐκκαίουσα

294 3538 427 3605 ἡμᾶς
452 3537 593 3605 πρὸς
621 3536 713 3589 τὸν
742 3533 928 3598 πόθον,
952 3533 1019 3588 δι’
1042 3528 1118 3589 ὧν
1155 3535 1274 3606 ἴχνη
1301 3534 1423 3592 τινὰ
1468 3538 1561 3590 καί
1589 3536 1857 3606 ἐμφάσεις

294 3629 577 3685 ὑποϐάλλει
621 3627 718 3681 τοῦ
775 3628 1120 3699 ἀπορρήτου.
1177 3627 1251 3681 Τὸ
1292 3627 1401 3698 γὰρ
1456 3628 1604 3698 πόνῳ
1656 3628 1857 3697 κτηθὲν

297 3720 606 3792 περιχαρῶς
664 3719 961 3788 ὑπεδέχθη,
1014 3720 1113 3772 καὶ
1151 3717 1459 3788 φιλοπόνως
1502 3702 1856 3789 διεφυλάχθη.

294 3806 383 3864 Ὧν
411 3813 603 3881 μέντοι
632 3811 923 3882 πρόχειρος
949 3813 978 3865 ὁ
1013 3811 1308 3882 πορισμὸς,
1365 3808 1573 3863 τούτων
1602 3812 1640 3882 ἡ
1676 3810 1856 3875 κτίσις

300 3908 793 3977 εὐκαταφρόνητος.
850 3905 951 3958 Διὰ
1001 3904 1162 3957 τοῦτο
1216 3902 1320 3973 ὁδῷ
1402 3920 1510 3957 τινι
1566 3906 1661 3957 καὶ
1707 3904 1858 3971 τάξει

296 3999 430 4066 ἡμᾶς
451 4001 529 4061 εἰς
554 3999 660 4068 τὴν
693 4000 821 4069 περὶ
853 3996 947 4051 τοῦ
965 3996 1302 4065 Μονογενοῦς
1320 3995 1525 4049 ἔννοιαν
1544 3995 1857 4066 ἐμϐιϐάζει,

297 4091 461 4146 καίτοι
486 4110 550 4161 γε
585 4092 679 4144 τοῦ
700 4094 763 4144 ’ὲν
788 4092 939 4161 φωνῇ
974 4090 1135 4158 λόγου
1188 4089 1312 4142 οὐδὲ
1348 4089 1525 4153 οὕτως
1583 4086 1651 4160 ἦν
1699 4088 1858 4159 χρεία

294 4187 353 4251 τῇ
376 4184 654 4254 ἀσωμάτῳ
670 4182 860 4251 φύσει,
903 4182 1082 4234 αὐτῶν
1114 4181 1225 4234 τῶν
1279 4182 1586 4251 νοηθέντων
1644 4181 1860 4250 μεταδι-

295 4274 465 4327 δοσθαι
497 4276 823 4343 δυναμένων
846 4273 923 4343 τῷ
949 4274 1325 4344 συνεργοῦντι.
1377 4273 1540 4328 Ὥστε
1579 4274 1664 4337 τίς
1696 4273 1858 4343 χρεία

295 4366 441 4433 λόγου
468 4370 583 4427 τοῖς
606 4363 925 4435 δυναμένοις
959 4363 1019 4428 ἐξ
1060 4363 1225 4416 αὑτοῦ
1269 4364 1361 4417 τοῦ
1414 4366 1686 4435 νοήματος
1741 4380 1859 4416 κοι-

1960 3248 2244 3312 induccns,
2289 3262 2413 3301 eum
2482 3262 2716 3315 quocum
2774 3247 3032 3314 loquitur,
3095 3253 3255 3300 tacite
3312 3244 3537 3299 demon-

1960 3349 2118 3404 strat,
2156 3355 2261 3393 non
2313 3338 2456 3407 quod
2504 3339 2665 3393 nobis
2703 3340 3066 3408 cognitionem
3116 3337 3376 3402 invideat,
3442 3338 3536 3391 sed

1961 3442 2017 3485 ut
2077 3446 2178 3485 nos
2239 3430 2389 3485 illius
2428 3430 2611 3485 arcani
2677 3430 2933 3483 incendat
3006 3430 3327 3497 cupiditate.
3380 3429 3537 3497 cuius

1957 3522 2182 3589 vestigia
2236 3521 2438 3575 indicat
2486 3532 2541 3575 et
2586 3520 2795 3575 semina
2848 3520 3096 3589 quaedam
3154 3518 3393 3588 ευυςίαὶι.
3441 3520 3537 3572 Et-

1960 3615 2108 3668 enim
2148 3628 2267 3683 qua:
2304 3613 2489 3667 labore
2520 3621 2673 3681 parta
2704 3620 2857 3675 sunt,
2888 3627 3010 3666 cum
3071 3612 3252 3664 laetitia
3303 3612 3537 3680 percipi-

1960 3721 2102 3773 mus,
2144 3706 2536 3776 diligenterque
2581 3717 3008 3764 conservamus;
3044 3719 3164 3772 quae
3193 3719 3317 3755 vero
3375 3703 3534 3757 facile

1959 3812 2358 3868 comparamus,
2402 3796 2687 3865 despicere
2745 3806 2798 3849 et
2829 3795 3099 3866 negligere
3130 3795 3534 3857 consuevimus.

1960 3890 2145 3958 Itaque
2170 3888 2255 3944 via
2289 3887 2519 3957 quadam
2557 3896 2612 3942 et
2663 3888 2853 3942 ordine
2887 3903 2987 3943 nos
3016 3888 3083 3939 ad
3121 3886 3395 3957 Unigeniti
3450 3888 3538 3939 in.

1964 3981 2312 4053 telligentiam
2338 3980 2488 4036 ducit
2515 3986 2570 4035 et
2620 3980 2813 4035 allicit.
2870 3981 3035 4050 Atqui
3102 3982 3389 4045 sermonis,
3442 3980 3535 4049 qui

1958 4089 2057 4142 per
2122 4087 2315 4126 vocem
2369 4071 2621 4135 effertur,
2657 4088 2787 4125 usus
2843 4088 2953 4125 non
2998 4080 3118 4125 erat
3172 4070 3518 4126 necessarius

1962 4176 2169 4220 natura:
2221 4165 2293 4219 illi
2340 4165 2585 4234 corporis
2639 4165 2868 4234 experti,
2912 4180 3035 4218 cum
3081 4174 3267 4235 posset
3304 4164 3535 4233 cogitata

1961 4258 2049 4313 his
2092 4258 2276 4313 verbis
2305 4257 2470 4311 simul
2513 4261 2693 4326 agenti
2738 4257 3165 4311 communicare.
3229 4255 3335 4309 Vox
3389 4256 3534 4310 enim

1958 4358 2179 4419 propter
2208 4349 2475 4414 auditum,
2516 4359 2571 4404 et
2630 4350 2853 4403 auditus
2884 4350 3031 4403 vocis
3080 4358 3163 4402 est
3193 4349 3386 4419 gratia.
3434 4348 3533 4402 Ubi

297 4461 475 4510 νιονείν
497 4458 755 4527 ἀλλήλοις
782 4457 891 4510 τῶν
942 4456 1368 4526 βουλευμάτωνς
1407 4457 1558 4525 φωνὴ
1597 4456 1697 4525 μὲν
1749 4456 1855 4525 γὰρ

1963 4454 2146 4499 autem
2202 4457 2306 4498 nec
2345 4458 2439 4496 aer
2484 4451 2599 4507 est,
2658 4457 2760 4497 nec
2804 4442 3006 4513 lingua.
3051 4456 3153 4496 nec
3209 4455 3390 4504 aures,
3435 4457 3538 4497 nec

298 4551 480 4620 ἀκοὴν,
511 4552 612 4603 καὶ
654 4551 794 4617 ἀκοὴ
812 4550 1001 4618 φωνῆς
1027 4548 1237 4602 ἕνεκεν.
1276 4547 1447 4601 Ὅπου
1494 4545 1551 4598 δὲ
1577 4546 1676 4598 οὒκ
1725 4548 1858 4615 ἀὴρ,
1902 4612 1917 4615 _

300 4644 414 4712 οὐχὶ
436 4646 682 4711 γλῶσσα,
706 4642 828 4695 οὐδὲ
861 4640 978 4703 οὒς,
1018 4640 1080 4692 οὐ
1110 4640 1277 4709 πόρος
1314 4636 1521 4697 σκολιὺ,
1548 4637 1641 4688 ἐπὶ
1669 4637 1767 4707 τὴν
1797 4639 1857 4688 ὲν

301 4735 360 4801 τῇ
385 4732 591 4802 κεφαλῇ
619 4731 971 4799 συναίσθησιν
995 4731 1284 4798 ἀναφέρων
1319 4732 1447 4785 τοὺς
1481 4728 1712 4796 ψόφους,
1747 4728 1863 4780 ἐκεῖ

301 4823 411 4875 οὐδὲ
445 4824 707 4894 ῥημάτων
742 4822 925 4891 χρεία,
956 4818 1073 4873 ἀλλ’
1118 4820 1181 4883 ἐξ
1237 4837 1273 4871 α
1310 4821 1442 4885 τῶν,
1479 4819 1556 4882 ὡς
1611 4820 1675 4873 ἂν
1717 4818 1860 4871 εἴποι

301 4931 393 4975 τις,
412 4915 520 4967 τῶν
550 4918 609 4966 ἐν
636 4915 832 4985 καρδίᾳ
859 4914 1145 4983 νοημάτων
1174 4910 1267 4963 τοῦ
1289 4912 1595 4981 θελήματος
1623 4913 1655 4981 ἠ
1687 4912 1857 4981 μετά-

302 5009 459 5071 δοσις.
491 5011 671 5078 Ὅπερ
710 5003 803 5060 οὖν
843 5008 1004 5075 ἔφην,
1039 5004 1183 5059 ὥστε
1216 5005 1565 5072 διαναστῆναι
1598 5008 1689 5058 τὸν
1740 5005 1866 5059 νοῦν

306 5100 453 5169 ἡμῶν
482 5103 619 5171 πρὸς
646 5102 743 5169 τὴν
766 5102 993 5169 ἔρευναν
1031 5100 1125 5151 τοῦ
1166 5098 1485 5169 προσώπου,
1527 5100 1664 5166 πρὸς
1698 5098 1758 5151 ὃν
1815 5099 1866 5153 οἱ

308 5192 448 5260 λόγοι
499 5197 679 5261 capte;
732 5194 829 5246 καὶ
876 5194 1168 5262 ιντὲχνως,
1215 5190 1375 5243 τοῦτο
1427 5190 1526 5257 τῆς
1576 5190 1864 5244 διαλέκτου

309 5288 695 5356 παρείληπται.

865 5378 965 5430 Ἐκ
990 5375 1096 5443 τῆς
1120 5376 1330 5443 αὐτῆς.

376 5473 561 5539 Ὠφοη
597 5471 663 5524 δὲ
698 5487 779 5536 τῳ
821 5469 1078 5539 Ἀϐραὰμ
1111 5473 1142 5523 ό
1175 5469 1322 5535 Θεὸς
1344 5470 1495 5536 πρὸς
1521 5466 1593 5535 τῇ
1622 5467 1760 5535 δρυῒ
1794 5467 1866 5536 τῇ

310 5563 573 5631 Μαμϐρῆ,
590 5562 926 5633 καθημένου
941 5561 1126 5615 αὑτοῦ
1143 5560 1242 5613 ἐπὶ
1260 5559 1371 5628 τῆς
1387 5560 1565 5626 θύρας
1586 5558 1696 5626 τῆς
1717 5577 1865 5625 σχη-

311 5654 419 5721 νῆς
435 5654 620 5709 αὑτοῦ
633 5654 1025 5725 μεσημϐρίας.
1042 5650 1412 5718 Ἀναϐλέψας
1428 5649 1494 5703 δὲ
1509 5650 1629 5715 τοῖς
1647 5652 1867 5719 ι’φθαλ-

380 5816 397 5845 ⁸
428 5814 559 5867 Cen.
590 5830 645 5873 ll,
693 5813 776 5867 Ἡ.
859 5813 878 5842 ¹
910 5810 1042 5865 Gen.
1082 5826 1155 5872 τι,
1197 5810 1247 5866 7.

1962 4536 2203 4604 obliqua;
2269 4533 2372 4586 illa:
2418 4534 2631 4586 aurium
2686 4533 2894 4586 semitae
2928 4547 3095 4585 sonos
3154 4534 3221 4586 ad
3286 4549 3534 4596 sensum,

1968 4622 2062 4693 qui
2096 4624 2146 4676 in
2180 4622 2360 4690 capite
2397 4628 2499 4684 cst,
2536 4618 2918 4687 perducenles.
2975 4619 3045 4672 ibi
3077 4620 3236 4673 verba
3265 4635 3375 4673 non
3411 4629 3538 4673 sunt

1962 4710 2296 4770 necessaria,
2343 4707 2436 4761 sed
2466 4723 2528 4761 ex
2559 4707 2690 4775 ipsis
2738 4707 2942 4769 cordis,
2979 4717 3036 4760 ut
3068 4708 3141 4762 ita
3187 4710 3384 4774 dicam,
3444 4720 3537 4763 aut

1968 4797 2133 4851 animi
2186 4795 2503 4857 nationibus
2566 4792 2923 4864 cogitationes
2978 4796 3262 4865 pateﬁunt.
3334 4796 3537 4863 Quam-

1969 4891 2155 4945 obrem
2209 4887 2493 4957 Scriptura
2542 4887 2818 4955 sapienter
2862 4894 2917 4939 et
2962 4886 3118 4950 scite,
3165 4898 3224 4941 ut
3280 4878 3537 4952 diximus,

1967 4983 2110 5037 hanc
2162 4982 2387 5051 ﬁguram
2450 4989 2696 5047 usurpat,
2752 4990 2813 5034 ut
2856 4986 3096 5032 mentem
3173 4988 3420 5034 nostram
3468 4979 3535 5033 ad

1966 5090 2278 5144 personam,
2332 5089 2457 5127 cum
2509 5090 2614 5145 qua
2668 5089 2851 5129 sermo
2905 5074 3237 5141 instituitur,
3308 5075 3537 5127 investi-

1965 5168 2200 5229 gandam
2230 5166 2498 5222 inmellat.

2522 5365 2603 5422 Ea:
2635 5368 2811 5422 eodem
2847 5367 2999 5420 libro.

2040 5464 2300 5533 Apparuit
2335 5471 2513 5515 autem
2550 5462 2626 5513 illi
2660 5461 2795 5513 Deus
2847 5460 2913 5510 ad
2958 5471 3203 5525 quercum
3261 5453 3537 5518 Mumbrm,

1972 5559 2176 5611 sedente
2203 5559 2313 5625 ipso
2342 5558 2393 5608 in
2425 5556 2554 5607 ostio
2585 5550 2906 5605 tabernaculi
2933 5550 3034 5607 sui,
3062 5548 3117 5599 in
3144 5547 3379 5599 meridie.
3406 5544 3508 5599 Sua

1974 5650 2167 5703 viciens
2216 5657 2390 5701 autent
2447 5646 2607 5697 oculis
2667 5646 2775 5695 suis
2824 5642 2970 5698 cidit,
3024 5649 3072 5692 et
3121 5654 3235 5692 ecce
3292 5647 3394 5691 tres
3443 5638 3540 5690 tiri
