3838 6550
358 423 463 486 263

1577 407 1959 467 EllTllYMll
2008 404 2373 463 ZlGABENl

3492 406 3594 468 264

360 542 612 591 steterunt
642 547 795 600 super
832 544 970 582 eum.
998 525 1064 579 Et
1084 524 1257 578 videns
1288 524 1517 577 cucurrit
1560 526 1613 577 in
1655 535 1923 577 occursum

2048 520 2359 585 ιοῑςιιύτοῦ
2378 514 2520 583 εἶδε,
2545 519 2645 572 καὶ
2673 518 2803 572 ἰδοὺ
2827 518 2979 588 τρεῖς
2996 517 3383 586 εἷστήκεισαν
3402 519 3598 573 ἐπάνω

360 630 453 692 eis,
485 641 530 682 et
572 622 811 678 adoravit
840 636 995 685 super
1043 629 1261 683 terram,
1308 626 1356 670 et
1391 616 1525 670 dixit
1555 632 1568 669 :
1602 615 1842 681 Domine,
1883 618 1929 669 si

2048 613 2235 666 κὺτοῦ.
2258 612 2364 666 Καὶ
2386 611 2548 677 ἰδὼν,
2567 612 2986 680 προσέδραμεν
2999 614 3087 676 εἰς
3105 612 3486 677 συνάντησιν
3499 612 3598 663 αὺ-

360 721 537 788 utique
581 714 750 769 inveni
795 711 1027 780 gratiam
1067 725 1246 762 coram
1289 718 1356 771 te,
1407 722 1472 759 ne
1521 715 1758 760 transeas
1815 721 1929 760 ser-

360 826 479 863 vum
518 818 664 859 tuum
698 804 736 857 ⁸.
764 804 833 857 Ει
858 801 1019 873 paulo
1048 810 1173 870 post
1202 814 1216 852 :
1259 799 1404 853 Dixit
1431 809 1606 853 autem
1644 799 1712 852 ad
1764 814 1879 851 eum
1908 811 1926 849 :

366 900 463 953 Ubi
512 899 650 952 Sara
691 912 824 950 uxor
888 904 980 947 tua
1023 896 1049 950 1
1080 893 1174 947 llle
1214 901 1395 945 autem
1457 890 1797 959 respondens
1844 890 1928 943 di-

360 990 435 1044 xit
469 1008 482 1043 :
528 988 660 1042 Ecce
691 989 747 1041 in
784 985 1142 1041 tabernaculo.
1176 984 1238 1037 Et
1268 984 1381 1036 ait:
1421 981 1696 1035 Revertens
1724 981 1929 1035 veniam

363 1085 433 1138 ad
487 1094 576 1145 te,
628 1091 683 1136 et
735 1097 855 1150 quae
914 1088 1232 1148 sequuntur.
1289 1077 1426 1131 Ecce
1496 1073 1760 1142 scriptum
1826 1082 1927 1139 est,

364 1175 527 1227 Deum
586 1173 901 1242 apparuisse
953 1170 1247 1230 Abraham,
1326 1178 1436 1222 tres
1505 1176 1685 1219 autem
1739 1165 1926 1229 fuisse,

361 1263 455 1333 qui
487 1270 874 1331 apparuerunt.
908 1260 971 1314 Et
1004 1275 1126 1313 cum
1155 1259 1263 1312 sint
1295 1267 1424 1322 tres,
1457 1270 1639 1310 sermo
1664 1269 1787 1311 cum
1817 1269 1929 1308 uno

365 1363 577 1409 tantum
615 1353 938 1416 instituitur,
975 1361 1031 1405 ut
1059 1358 1273 1404 constet
1297 1349 1541 1410 omnino,
1592 1360 1752 1400 unam
1809 1360 1931 1399 esse

365 1448 529 1500 trium
601 1457 954 1513 personarum
1028 1426 1386 1493 divinitatem.
1447 1435 1602 1500 Quod
1660 1436 1704 1489 si
1762 1448 1933 1487 unum

363 1539 583 1609 quidem
616 1551 737 1592 esse
780 1532 981 1588 dixeris
1039 1530 1231 1594 Deum,
1279 1530 1500 1599 angelos
1528 1536 1711 1582 autem
1771 1526 1930 1592 duos,

364 1627 637 1700 quomodo
660 1634 957 1697 potuerunt
1004 1637 1127 1676 cum
1166 1618 1397 1673 Domino
1429 1618 1718 1674 considere
1744 1618 1768 1671 Ἰ

911 1712 997 1767 Ea:
1029 1714 1202 1766 eodem
1249 1710 1405 1764 libro.

438 1809 689 1863 Dominus
737 1806 869 1877 pluit
927 1820 1083 1872 super
1128 1802 1435 1865 Sodomam,
1472 1810 1521 1853 et
1587 1798 1932 1856 Gomorrham

2028 704 2174 769 τοῖς,
2209 705 2307 758 καὶ
2356 705 2823 772 προσεκύνησεν
2856 705 2952 757 ἐπὶ
2986 704 3102 772 τὴν
3139 702 3273 774 γῆν,
3317 703 3415 756 καὶ
3449 700 3596 766 εἷπε,

2030 798 2227 863 Κύριε,
2263 798 2315 848 εἰ
2344 796 2457 864 ἄρα
2480 791 2663 863 εὗρον
2684 795 2864 864 χάριν
2882 794 3164 848 ἐναντίον
3214 810 3352 861 σου,
3379 794 3465 863 μὴ
3490 810 3599 847 πα-

2024 890 2251 957 ρέλθῃς
2274 888 2380 940 τὸν
2403 886 2586 939 παῖδά
2614 902 2751 941 σου.
2790 883 2942 940 Line
2969 885 3037 937 δὲ
3065 886 3215 953 πρὸς
3238 886 3446 947 αὑτὸν,
3481 884 3598 937 Ποῦ

2032 976 2229 1045 Σάρῤα
2250 978 2288 1043 ἡ
2307 976 2459 1045 γυνή
2479 992 2628 1041 σου;
2652 973 2713 1029 ’0
2732 975 2787 1029 δὲ
2808 974 3123 1045 ἀποκριθεὶς
3144 969 3316 1036 εἶπεν,
3348 970 3517 1030 Ἰδοὺ,
3535 988 3601 1024 ιν

2032 1066 2107 1136 τῇ
2149 1065 2374 1133 σκηνῇ.
2410 1067 2517 1117 Kal
2560 1061 3256 1131 εἷπεν,Ἐπαναστρέερων
3284 1061 3411 1128 ἥξω
3453 1061 3601 1127 πρὸς

2033 1160 2128 1224 σὲ,
2178 1161 2268 1212 καὶ
2296 1160 2364 1210 τὰ
2400 1158 2544 1225 ἑξῆς.
2582 1157 2710 1209 Ἰδοὺ
2758 1157 3087 1227 γέγραπται,
3131 1153 3360 1222 ὀφθῆναι
3400 1154 3498 1220 μὲν
3527 1151 3601 1219 τῷ

2047 1250 2303 1319 Ἀϐραὰμ
2335 1251 2428 1304 τὸν
2451 1250 2537 1303 Θε¹
2555 1268 2606 1316 ν,
2640 1243 2778 1302 εῖναι
2809 1248 2865 1301 δὲ
2894 1249 3044 1317 τρεῖς
3072 1244 3484 1313 τοὺςόφθέντας,
3513 1244 3602 1294 καὶ

2032 1345 2201 1415 τριῶν
2234 1345 2401 1397 ὄντων
2432 1342 2570 1414 πρὸς
2601 1343 2695 1395 ἕνα
2717 1342 2815 1412 τὴν
2840 1339 3073 1403 διάλεξιν
3094 1338 3362 1406 γίνεσθαι,
3396 1337 3476 1398 εἰς
3508 1337 3602 1403 ἔμ-

2033 1453 2201 1505 φασιν
2230 1435 2444 1497 πὰντω;
2466 1434 2563 1487 τοῦ
2585 1435 3025 1501 τρισυποστὰτου
3048 1433 3149 1500 τῆς
3180 1433 3309 1500 μιᾶς
3329 1430 3602 1498 θεότητος.

2033 1528 2095 1581 Ei
2123 1526 2180 1579 δὲ
2207 1527 2295 1579 τὸν
2332 1526 2428 1579 ἕνα
2478 1527 2574 1591 μὲν
2605 1528 2747 1596 ἐρεῖς
2791 1521 2931 1578 εἶναι
2975 1525 3128 1588 Θεὸν,
3166 1523 3292 1585 τοὺς
3332 1521 3524 1581 ἄλλους
3551 1521 3605 1574 bs

2033 1619 2322 1689 ἀγγέλους,
2362 1619 2479 1682 πῶς
2522 1618 2812 1688 ἠνέσχοντο
2846 1618 3175 1687 συγκαθίσαι
3202 1615 3280 1687 τῷ
3328 1615 3603 1685 Asander};

2589 1710 2691 1764 Ἐκ
2721 1709 2831 1779 τῆς
2871 1711 3086 1775 αὐτῆς.

2109 1805 2323 1873 Κύριος
2354 1803 2599 1872 ἔϐρεξεν
2625 1802 2725 1856 ἐπὶ
2755 1802 2990 1869 Σόδομα
3020 1802 3116 1855 καὶ
3150 1800 3425 1869 Γόμορρα
3450 1798 3611 1851 θεῖον

365 1897 582 1966 sulphur
636 1905 683 1949 et
712 1867 881 1965 ianem
917 1910 951 1945 a
990 1867 1215 1945 Domino
1274 1891 1339 1943 de
1375 1889 1500 1943 caelo
1540 1889 1583 1948 ¹.
1642 1888 1775 1955 Qua:
1813 1889 1933 1958 qui-

2048 1896 2142 1948 καὶ
2171 1867 2471 1964 aii-pomeri
2490 1895 2710 1962 Κυρίου
2734 1894 2800 1951 ἐκ
2822 1867 2928 1947 τοῦ
2958 1867 3242 1960 οὐρανοῦ.
3261 1892 3381 1943 Τῶν
3395 1890 3492 1944 δύο
3518 1891 3612 1959 μὲν

366 1985 490 2039 dem
554 1982 719 2036 verba
761 1990 817 2034 et
872 1980 1008 2034 duas
1064 1978 1306 2033 indicant
1350 1992 1632 2048 personas,
1690 1986 1745 2033 et
1793 1977 1934 2032 idem

2048 1988 2201 2042 τοῦτο
2235 1986 2542 2059 προσώπων
2579 1986 2936 2057 ἐμφαντικὸν,
2968 1988 3059 2038 καὶ
3106 1986 3204 2054 τῆς
3234 1982 3609 2048 αὑτοὸουλὶας,

366 2068 659 2127 causilium
752 2067 1123 2137 aaqualemque
1215 2066 1493 2121 declarant
1574 2076 1933 2135 potestatem.

373 2160 514 2216 Duas
573 2169 753 2215 autem
801 2161 1156 2229 consequitur
1207 2162 1387 2223 tertia,
1442 2159 1695 2229 quoniam
1742 2169 1937 2214 mutuo

369 2256 511 2310 inter
561 2268 622 2308 se
671 2253 886 2307 vinculo
914 2253 987 2308 ita
1034 2252 1340 2324 conjunctae
1377 2260 1526 2316 sunt,
1578 2261 1639 2306 ut
1693 2253 1937 2322 separari

373 2362 483 2401 non
548 2345 783 2416 possint.

1037 2432 1212 2488 Exodi
1244 2434 1285 2488 ³.

444 2531 607 2597 Audi,
639 2529 833 2594 Israel,
871 2527 1124 2583 Dominus
1155 2527 1293 2581 Deus
1325 2536 1469 2592 tuus,
1511 2527 1765 2581 Dominus
1803 2543 1940 2581 unus

372 2630 473 2677 est.
526 2619 664 2676 Illud
704 2637 719 2673 :
759 2622 1053 2685 Dominus,
1099 2629 1155 2674 et
1214 2618 1377 2682 Deus,
1411 2629 1464 2673 et
1513 2617 1774 2672 Dominus
1829 2626 1941 2675 tres

380 2729 638 2784 personas
682 2712 940 2777 ostendit,
970 2710 1101 2765 illud
1130 2720 1309 2764 autem
1342 2726 1357 2764 :
1398 2708 1541 2785 Unus
1591 2718 1691 2775 est,
1740 2709 1941 2765 divini-

373 2814 539 2860 tatem
584 2816 637 2859 Cl
670 2816 919 2859 naturam
967 2819 1153 2857 unam.

654 2895 866 2949 Davidis
903 2894 975 2966 [et
998 2895 1296 2958 Zachariaz,
1323 2904 1368 2946 et
1402 2890 1564 2947 Isaia:
1604 2890 1648 2965 ].

443 2984 510 3039 In
549 2983 655 3038 Deo
685 2984 913 3037 laudabo
952 2982 1201 3047 verbum;
1230 2983 1284 3035 in
1310 2980 1532 3034 Domino
1556 2977 1788 3034 laudabo
1827 2994 1939 3033 ser-

373 3093 600 3134 monem.
648 3076 711 3132 In
768 3077 874 3130 Deo
905 3076 1132 3144 speravi,
1185 3090 1288 3129 non
1344 3074 1555 3139 timebo,
1602 3074 1727 3146 quid
1775 3074 1937 3142 facfat

378 3171 504 3226 mihi
528 3232 531 3235 λ
555 3171 707 3226 homo
737 3169 782 3221 ’⁵.
825 3171 889 3223 Et
913 3183 1128 3222 rursum
1173 3183 1188 3221 :
1219 3166 1446 3221 Immola
1479 3164 1586 3220 Deo
1620 3165 1937 3234 sacri/icium

376 3263 575 3327 laudis,
603 3271 653 3317 et
707 3262 862 3316 redde
912 3260 1179 3314 Altissimo
1221 3269 1342 3314 vota
1378 3270 1492 3325 tua,
1549 3268 1598 3312 et
1636 3259 1818 3311 invoca
1860 3273 1941 3310 me

381 3353 438 3405 in
487 3352 572 3405 die
618 3350 974 3404 tribulationis
1005 3359 1110 3402 tutu
1146 3350 1184 3403 ⁸.
1223 3348 1289 3403 Et
1336 3363 1603 3403 rursum:
1652 3346 1787 3401 Vivit
1835 3344 1940 3398 Do-

375 3444 569 3507 minus,
601 3450 650 3497 et
686 3442 986 3496 benedictus
1016 3439 1177 3504 Deus,
1206 3450 1257 3493 et
1285 3438 1549 3494 exaltetur
1582 3438 1717 3494 Deus
1745 3434 1940 3495 salutis

376 3552 507 3589 mea:
538 3536 579 3588 '.
608 3535 739 3589 Item
770 3550 785 3588 :
817 3532 882 3588 In
913 3533 1110 3588 lumine
1133 3542 1222 3586 tuo
1254 3533 1533 3587 videbimus
1564 3531 1740 3587 lumen
1762 3536 1803 3599 ⁷,
1840 3536 1943 3589 hoc

374 3635 483 3691 est,
510 3627 565 3682 in
611 3626 747 3682 Filio
782 3635 875 3682 tuo
909 3627 1209 3682 videbimus
1246 3626 1509 3694 Spiritum
1543 3639 1811 3680 sanctum.
1842 3627 1943 3681 Per

374 3718 553 3787 ipsum
625 3719 772 3772 enim
823 3718 996 3772 multo
1056 3718 1260 3773 clarius
1316 3715 1531 3771 Patrem
1576 3726 1628 3771 et
1678 3718 1940 3788 Spiritum

374 3817 621 3866 sanctum
653 3811 1029 3882 cognoVimus.
1060 3810 1224 3865 Multa
1257 3820 1520 3880 prazterea
1569 3814 1929 3880 reperiemus,

372 3903 574 3973 quibus
622 3914 808 3957 sancta
870 3902 1110 3957 Trinitas
1137 3901 1430 3956 indicatur.
1477 3902 1723 3972 Hymnus
1780 3906 1941 3957 etiam

377 3994 655 4065 angelicus
715 3993 1130 4058 ille:Sanctus,
1194 4006 1431 4059 sanctus,
1480 4003 1694 4045 sanctus
1762 3993 1945 4047 Domi-

376 4102 473 4139 nus
505 4086 549 4147 ⁸,
599 4094 764 4140 terna:
811 4085 1115 4139 sanctitatis
1140 4083 1508 4139 celebratione
1537 4093 1646 4137 tres
1684 4100 1943 4154 personas

373 4180 732 4241 demonstrat,
787 4178 956 4231 semel
1027 4187 1208 4230 autem
1271 4175 1563 4228 Dominum
1629 4176 1939 4241 nominans,

374 4265 591 4321 unicam
621 4264 861 4320 declarat
895 4262 1258 4317 divinitatem.
1292 4260 1489 4315 Verum
1524 4262 1695 4317 multo
1738 4262 1944 4335 signiﬁ-

372 4361 586 4413 cantius
617 4356 787 4412 David
815 4357 883 4410 de
929 4354 1087 4408 Patre
1122 4362 1176 4407 et
1205 4352 1341 4407 Filio
1383 4353 1646 4423 loquitur,
1696 4370 1764 4410 ex
1811 4371 1939 4424 per-

371 4465 502 4506 sona
531 4449 706 4504 Patris
732 4449 798 4503 ad
830 4447 1026 4501 Filium
1070 4461 1085 4498 :
1130 4444 1214 4499 Ea:
1244 4454 1410 4509 utero,
1444 4447 1717 4516 inquiens,
1765 4447 1932 4516 genui

2049 2082 2404 2152 ἰσοδυναμίας
2432 2078 2754 2151 δηλωτικὸν,
2802 2080 2912 2141 τοῖς
2947 2077 3069 2130 δυσὶ
3104 2077 3159 2130 δὲ
3193 2077 3285 2130 καὶ
3317 2077 3377 2129 τὸ
3427 2075 3612 2145 τρίτον

2047 2173 2452 2242 συνεισάγεται,
2482 2172 2569 2225 διὰ
2601 2171 2661 2224 τὸ
2686 2170 2991 2241 ἀχώριστον
3026 2170 3122 2223 καὶ
3149 2169 3506 2239 φεράλὶηλον.

2631 2431 2748 2501 Τῆς
2783 2431 3055 2496 Ἐεόδου.

2118 2526 2349 2594 Ἄκουε,
2384 2523 2653 2594 Ἰσραὴλ,
2679 2525 2893 2601 Κύριος
2916 2527 2949 2578 ὁ
2971 2524 3114 2590 Θεός
3134 2540 3271 2588 σου,
3292 2525 3514 2592 Κύριος
3532 2521 3618 2591 εἷς

2043 2618 2195 2672 ἐστι.
2225 2616 2299 2671 Τὸ
2335 2618 2435 2687 μὲν
2466 2617 2577 2686 γὰρ
2608 2615 2833 2683 Κύριος,
2869 2615 2963 2669 καὶ
2988 2615 3143 2679 Θεὸς,
3174 2615 3271 2668 καὶ
3296 2617 3502 2686 Κύριος
3520 2622 3617 2680 τὶς

2043 2713 2193 2781 τρεῖς
2226 2710 2557 2774 ὑποστάσεις
2583 2710 2941 2780 ὐπεμφαινει,
2963 2710 3025 2761 τὸ
3048 2707 3105 2762 δὲ
3137 2708 3227 2775 εἷς
3253 2708 3388 2763 ἐστι
3426 2711 3533 2782 τὴν
3562 2712 3619 2761 ὲν

2044 2803 2195 2873 τρισὶ
2227 2802 2360 2873 μίαν
2390 2802 2622 2873 θεότητα
2657 2803 2753 2855 καὶ
2776 2803 2962 2872 φύσιν.

2654 2892 2766 2949 Τοῦ
2803 2894 3002 2949 Δαόιδ.

2124 2986 2257 3043 Ἐπὶ
2280 2985 2359 3053 τῷ
2380 2986 2500 3053 Θεῷ
2521 2985 2744 3043 αινέσω
2757 2987 2945 3058 ῥῆμα,
2971 2987 3068 3041 ἐπὶ
3092 2986 3173 3053 τῷ
3188 2986 3384 3055 Κυρίῳ
3399 2987 3621 3043 αἰνέσω

2042 3081 2250 3150 λόγον.
2284 3079 2417 3133 Ἐπὶ
2439 3078 2520 3144 τῷ
2546 3078 2669 3145 Θεῷ
2694 3078 2950 3147 ἤλπισα,
2990 3080 3062 3134 οὺ
3094 3078 3527 3148 φοϐηθήσομαι.
3567 3079 3624 3130 τι

2045 3171 2284 3238 ποιήσει
2306 3188 2410 3239 μοι
2438 3170 2769 3237 ἄνθρωπος.
2802 3171 2912 3222 Καὶ
2945 3170 3136 3224 πάλιν·
3167 3168 3367 3223 Θῦσον
3386 3168 3472 3234 τῷ
3505 3168 3623 3235 Θεῷ

2043 3265 2265 3318 θυσίαν
2288 3262 2596 3327 αἰνέσεως,
2627 3261 2724 3314 και
2747 3260 2978 3329 ἀπόδος
3005 3260 3087 3327 τῷ
3118 3262 3376 3332 Ὺψίστῳ
3400 3263 3513 3327 τὰς
3529 3264 3625 3315 εὑ-

2042 3354 2154 3425 χὰς
2182 3369 2320 3418 σου,
2348 3352 2446 3407 καὶ
2484 3353 2847 3407 ἐπικάλεσαί
2873 3370 2951 3422 με
2973 3352 3163 3422 ᾑμέρᾳ
3191 3354 3455 3421 θλίψεώς
3485 3370 3621 3407 σου.

2044 3448 2153 3500 Καὶ
2182 3440 2361 3510 αὖθις,
2383 3444 2471 3515 Ζῇ
2513 3447 2748 3514 Κύριος,
2775 3446 2876 3498 καὶ
2909 3445 3241 3515 εὐλογητὸς
3268 3449 3302 3499 ό
3328 3445 3498 3511 Θεὸς,
3530 3445 3627 3497 καὶ

2044 3537 2337 3606 ὺψωθήτω
2375 3540 2408 3591 ό
2439 3536 2582 3602 Θεὸς
2611 3535 2721 3605 τῆς
2745 3540 3045 3604 σωτηρίας
3060 3555 3198 3606 μου.
3232 3538 3341 3591 Kal
3370 3540 3625 3606 προσέτι,

2055 3632 2157 3683 Ἐν
2176 3628 2256 3694 τῷ
2275 3630 2423 3698 φωτί
2438 3644 2556 3682 σου
2570 3629 2836 3697 ὀψόμεθα
2848 3627 2997 3697 φῶς,
3013 3630 3310 3691 τουτέστιν,
3336 3631 3392 3681 ὲν
3415 3631 3498 3698 τῷ
3517 3629 3628 3698 Υἱῷ

2045 3737 2136 3773 σου
2173 3720 2497 3791 γνωσόμεθα
2539 3721 2600 3773 τὸ
2626 3720 2848 3791 Πνεῦμα
2890 3722 2949 3774 τὸ
2995 3722 3169 3789 ἅγιον.
3198 3720 3277 3772 Δι’
3301 3720 3472 3775 αὑτοῦ
3519 3721 3626 3790 γὰρ

2043 3811 2193 3865 ὥσπε
2200 3830 2232 3884 ρ
2247 3812 2316 3866 τὰ
2335 3811 2466 3883 περὶ
2480 3812 2574 3866 τοῦ
2590 3811 2821 3882 Πατρὸς,
2839 3810 2982 3865 οὕτω
2999 3815 3091 3865 καὶ
3111 3813 3180 3865 τὰ
3196 3828 3264 3864 πε
3270 3814 3326 3882 pl
3344 3810 3441 3864 τοῦ
3469 3813 3628 3880 ἁγίου

2045 3903 2363 3973 Πνεῦματος
2426 3902 2813 3973 ἀριδηλότερον
2880 3904 3453 3974 ἑμυσταγωγήθημεν.
3518 3904 3629 3957 Καὶ

2042 3995 2215 4047 πολλὰ
2248 3993 2474 4049 τοιαῦτα
2493 3998 2592 4065 τῆς
2615 3993 2774 4063 ἁγίας
2798 3995 3027 4064 Τριὰδος
3052 3995 3380 4064 εὑρίσκομεν
3410 4012 3625 4062 καταγ-

2045 4089 2290 4156 γελτικά.
2327 4091 2436 4143 Καὶ
2469 4092 2497 4143 ὁ
2543 4089 2831 4158 ἁγγελικὸς
2870 4090 2925 4142 δὲ
2965 4089 3155 4159 ὕμνος,
3188 4090 3629 4159 Ἀγιος,ἄγιος,

2043 4181 2213 4249 ἅγιος
2235 4184 2470 4249 Κύριος,
2488 4181 2577 4236 διὰ
2604 4182 2703 4250 μὲν
2727 4180 2822 4233 τοῦ
2852 4183 3163 4249 τρισαγίου
3188 4181 3247 4234 τὸ
3265 4184 3635 4251 τρισυπόστλ-

2045 4289 2158 4337 τον,
2181 4271 2269 4324 διὰ
2292 4271 2348 4325 δὲ
2376 4272 2469 4325 τοῦ
2493 4274 2704 4340 Κύριος
2729 4273 2928 4325 ἐνιαῖον
2965 4272 3200 4341 ἐδήλωσε
3222 4273 3319 4340 τῆς
3347 4272 3629 4343 θεότητος.

2060 4363 2562 4433 Ἐκφαντικώτερον
2588 4363 2646 4415 δὲ
2676 4364 2806 4433 περὶ
2858 4362 3074 4433 Πατρὸς
3106 4365 3199 4416 καὶ
3226 4363 3355 4416 Υἱοῦ
3392 4380 3568 4431 φησιν
3600 4366 3627 4415 ὁ

2045 4453 2209 4505 Δαεὶδ
2231 4453 2296 4505 ὲκ
2328 4452 2619 4522 προσώπου
2669 4456 2764 4506 τοῦ
2796 4454 3012 4522 [ἰατρὸς
3045 4453 3182 4524 πρὸς
3216 4456 3305 4507 τὸν
3330 4454 3483 4519 Υιδν,
3538 4457 3631 4506 Ἐκ

372 4552 420 4595 te
447 4542 489 4595 ’.
524 4540 628 4594 Per
680 4550 903 4595 uterum
957 4545 1237 4606 paternam
1298 4536 1457 4592 docet
1509 4538 1801 4592 essentiam
1887 4546 1937 4593 et

2048 4545 2311 4611 γαστρὸς
2338 4546 2452 4609 πρὸ
2473 4544 2784 4613 ἑωσφόρον
2806 4544 3108 4613 ἐγέννησά
3128 4561 3222 4610 σε,
3246 4548 3489 4615 γαστρὸς
3516 4547 3635 4599 θεο-

373 4642 622 4689 naturam
653 4631 901 4702 intelligi.
945 4628 1117 4696 Quem
1149 4637 1331 4683 autem
1361 4630 1567 4699 poteris
1620 4631 1787 4684 alium
1819 4630 1939 4684 sine

374 4735 618 4795 tempore
643 4724 883 4796 genitum
912 4721 1198 4778 invenire?
1223 4722 1296 4775 Ex
1318 4737 1546 4790 persona
1572 4732 1755 4777 autem
1779 4721 1898 4776 Filii
1923 4734 1941 4781 :

375 4816 651 4879 Dominus,
685 4815 960 4885 inquiens,
1015 4814 1153 4868 dixit
1196 4816 1266 4867 ad
1297 4831 1380 4868 me
1422 4825 1441 4869 :
1478 4813 1649 4868 Filius
1697 4831 1843 4867 meus
1888 4831 1940 4868 es

374 4918 454 4973 tu,
484 4922 577 4977 ego
608 4906 760 4960 hodie
802 4909 956 4977 genui
981 4914 1029 4961 te
1060 4906 1123 4961 “.
1168 4905 1301 4962 Illud
1338 4907 1484 4962 enim
1527 4926 1542 4962 :
1576 4906 1748 4961 Hodie
1785 4909 1942 4979 genui

374 5016 442 5069 te,
502 5014 682 5058 ortum
714 5003 832 5074 ejus
882 5004 937 5057 in
994 5012 1236 5074 tempore
1270 5019 1338 5057 ex
1380 5002 1600 5073 Virgine
1657 5004 1944 5074 signiﬁcat.

374 5094 573 5161 Genui,
619 5111 718 5165 pro
761 5112 846 5161 eo,
884 5097 1031 5166 quod
1091 5106 1195 5163 est,
1248 5105 1301 5150 te
1349 5095 1491 5166 gigni
1549 5096 1680 5149 mihi
1718 5095 1942 5165 placuit,

375 5189 459 5244 vel
488 5189 786 5258 procreavi.
826 5187 962 5243 Huic
1007 5200 1187 5243 autem
1238 5203 1483 5257 persona:
1514 5185 1637 5241 Filii
1686 5180 1945 5258 congr’uit

375 5280 539 5334 etiam
573 5278 705 5333 illud
733 5279 1043 5335 Solomonis
1079 5296 1094 5333 :
1125 5277 1379 5355 Dominus
1403 5279 1594 5330 creavit
1622 5294 1723 5338 me,
1750 5287 1805 5331 et
1825 5293 1945 5347 qua:

378 5382 701 5443 sequuntur.
735 5373 942 5427 Deinde
965 5373 1187 5441 subjicit
1212 5387 1226 5435 ;
1250 5371 1382 5424 Ante
1410 5386 1583 5422 omnes
1605 5370 1758 5422 colles
1789 5387 1945 5440 gene-

2049 4634 2275 4703 πρεπῶς
2304 4635 2598 4701 νοουμένης
2626 4635 2723 4704 τῆς
2745 4634 3021 4704 πατρικῆς
3037 4635 3226 4697 οὐσίας
3257 4639 3352 4688 καὶ
3372 4635 3625 4702 φύσεως.

2050 4726 2187 4778 Τίνα
2217 4727 2325 4794 γὰρ
2355 4725 2516 4778 ἄλλον
2548 4729 2695 4795 ἐρεῖν
2737 4729 2979 4796 ἰσχύσεις
3016 4728 3261 4797 ἀχρόνως
3292 4729 3635 4796 γεγεννημὲ-

2051 4832 2175 4880 νον;
2216 4818 2281 4868 ὲκ
2303 4816 2359 4868 δὲ
2400 4816 2697 4887 προσώπου
2720 4818 2814 4870 τοῦ
2848 4818 2978 4871 Υἱοῦ
3002 4832 3020 4851 ο
3053 4820 3269 4887 Κύριος
3294 4814 3425 4871 εἷπε
3477 4820 3635 4886 πρός

2046 4924 2146 4977 με,
2173 4908 2305 4973 Υἱός
2319 4925 2439 4976 μου
2457 4904 2512 4961 εἷ
2532 4907 2634 4973 σὺ,
2652 4909 2766 4978 ἐγὼ
2780 4909 3049 4979 σήμερον
3064 4910 3391 4981 γεγέννηκὰ
3409 4927 3511 4973 σε,
3534 4913 3633 4981 τὴν

2054 4999 2311 5069 χρονικὴν
2341 5001 2507 5053 αὑτοῦ
2528 5000 2681 5070 δηλοῖ
2695 5002 2971 5071 γέννησιν,
2991 5004 3091 5071 τὴν
3110 5005 3173 5054 ὲκ
3193 5003 3289 5070 τῆς
3321 5003 3633 5073 Παρθένου.

2053 5090 2363 5162 ιἐγέννηκα
2392 5090 2521 5162 γὰρ,
2585 5093 2706 5145 ἀντὶ
2754 5092 2850 5145 τοῦ
2884 5095 3213 5165 γεννηθῆναι
3261 5094 3564 5164 εὖδόκησα,
3599 5094 3634 5164 ἢ

2052 5183 2264 5236 sutura.
2294 5184 2498 5254 Ετρηκε
2546 5184 2602 5237 δὲ
2636 5185 2940 5254 συμφώνως
2976 5186 3151 5255 τούτῳ
3213 5187 3307 5238 καὶ
3345 5167 3635 5255 ’Σολομὼν

2050 5275 2331 5345 προσώπῳ
2357 5276 2450 5327 τοῦ
2483 5276 2625 5342 υἱοῦ,
2659 5279 2874 5345 Κύριος
2895 5278 3101 5332 ἔκτισέ
3124 5295 3224 5346 με,
3254 5279 3346 5331 καὶ
3372 5280 3442 5332 τὰ
3475 5280 3638 5349 ἑξῆς.

2052 5365 2184 5417 Εἶτα
2214 5369 2460 5436 ἐπήγαγε
2478 5384 2492 5398 ’
2520 5369 2640 5436 Πρὸ
2668 5368 2735 5420 δὲ
2760 5368 3001 5422 πάντων
3036 5369 3283 5433 βουνὼν
3316 5370 3504 5439 γεννᾷ
3541 5388 3636 5437 με.

378 5472 463 5515 rat
494 5480 574 5518 me
614 5463 680 5517 “.
711 5464 841 5518 Illud
881 5464 1050 5527 enim,
1096 5462 1313 5515 Crcavit
1342 5476 1447 5522 me,
1482 5473 1659 5514 ortum
1710 5461 1854 5514 illius
1891 5462 1937 5515 in

2053 5457 2124 5509 To
2145 5458 2243 5525 μὲν
2262 5458 2368 5527 γὰρ
2392 5457 2595 5510 ἔκτισε
2624 5456 2719 5525 τῆς
2752 5459 2902 5511 κάτω
2929 5459 3020 5509 καὶ
3038 5460 3293 5528 χρονιχῆς
3316 5459 3487 5510 αὑτοῦ
3517 5475 3641 5526 γεν-

386 5567 631 5625 tempore
656 5557 952 5610 humanum
984 5554 1271 5623 signiﬁcat.
1311 5555 1378 5606 At
1428 5553 1555 5605 illud
1581 5562 1707 5604 ante
1761 5567 1937 5606 omne:

2058 5556 2286 5619 νὴσεώς,
2326 5553 2387 5601 τὸ
2427 5550 2483 5602 δὲ
2513 5550 2629 5617 πρὸ
2655 5549 2900 5603 πάντων
2921 5551 3172 5614 ,Βουνῶν
3208 5547 3387 5617 γεννᾷ
3413 5568 3500 5617 με
3538 5551 3639 5619 τῆς

454 5743 469 5771 ¹
494 5741 627 5796 Gen.
654 5754 808 5801 xviii,
846 5740 867 5791 1
906 5751 1028 5806 sqq.
1107 5739 1126 5769 ⁸
1163 5735 1298 5789 Gcn.
1334 5752 1442 5801 XIX,
1473 5734 1562 5788 24.
1637 5733 1690 5806 γ’
1722 5732 1837 5806 lm_o
1868 5733 1937 5806 De

2059 5732 2212 5806 vi,_4.
2277 5732 2507 5806 __‘_Psal.
2536 5749 2620 5799 ιγ,
2646 5733 2707 5806 ll
2847 5736 2867 5767 ⁸
2888 5735 3031 5790 Psal.
3059 5753 3207 5803 χιιι,
3236 5737 3319 5791 14,
3433 5739 3455 5768 ⁸
3482 5736 3636 5793 Psal.

2847 5736 2867 5767 ⁸
2888 5735 3031 5790 Psal.
3059 5753 3207 5803 χιιι,
3236 5737 3319 5791 14,

377 5829 505 5866 xvii.
537 5812 625 5864 47.
711 5808 900 5864 ’Psal.
947 5802 1107 5871 silv,
1148 5806 1229 5859 1υ-
1312 5806 1462 5859 ⁸1εει.
1517 5805 1671 5869 “,5.
1751 5804 1935 5860 ’Psal.
1986 5819 2093 5868 CIX,
2142 5802 2195 5856 5.
2274 5803 2317 5834 ¹⁰
2352 5802 2495 5858 Psal.
2525 5818 2591 5869 tt,
2650 5805 2717 5871 7.,

2783 5806 2823 5839 ¹¹
2854 5807 3015 5862 Prov.
3072 5823 3192 5866 vni.
3233 5809 3340 5892 25..
