3954 6604
256 337 366 401 265

1170 335 1565 427 .PANOPLIA
1607 328 2074 399 DGGMATICA.
2124 366 2192 378 -·
2241 339 2390 402 TIT.
2435 340 2578 399 Vili

3418 318 3523 404 ita

259 455 397 518 ἄνω,
425 455 520 508 καὶ
534 454 789 526 ἀχρόνου,
804 458 902 511 καὶ
928 456 1279 527 προαιωνέου.
1305 456 1413 511 Καὶ
1436 456 1595 511 πάλιν
1611 457 1638 509 ὀ
1656 454 1843 515 Δαϐιδ,

1959 456 2137 523 colles,
2177 456 2413 513 alterum
2438 459 2589 513 illum
2617 457 2894 513 caelestem
2929 466 2983 511 et
3013 456 3132 513 s’ne
3168 466 3435 529 tempore,
3469 469 3526 515 et

265 544 351 610 Τῷ
367 547 535 616 Λόγῳ
551 549 776 616 Κυρίου
792 551 844 603 οἱ
866 550 1111 618 οὐρανοὶ
1134 548 1617 619 ἐστερεώθησαν,
1636 547 1735 602 καὶ
1758 547 1840 611 τῷ

258 642 564 710 Πνεύματι
597 642 705 695 τοῦ
742 645 1046 711 στόματος
1075 644 1266 698 αὐτοῦ
1303 644 1473 698 πᾶσα
1501 643 1539 710 ἡ
1584 642 1839 710 δύναμις

255 735 484 785 αὐτῶν·
512 735 720 804 Κύριον
749 737 847 804 μὲν
871 737 962 791 τὸν
987 739 1205 808 Πατέρα
1238 737 1433 805 λέγων,
1467 737 1639 804 Λόγον
1664 734 1719 787 δὲ
1748 735 1841 788 τὶν

257 824 395 877 Υἱὸν
428 827 616 893 αὐτοῦ,
639 829 722 880 ὅτι
749 829 897 891 ὅπως
926 830 1039 901 ἔχει
1061 831 1195 901 πρὸς
1210 831 1301 883 τὸν
1332 831 1572 900 Πατέρα,
1607 829 1683 891 ὡς
1705 828 1840 897 πρὸς

258 919 393 971 νοῦν
422 919 600 988 λόγος.
626 921 690 973 ού
726 924 887 991 μόνον
914 923 1005 977 διὰ
1031 924 1094 977 τὸ
1117 922 1329 985 ἀπαθὲς
1353 923 1453 992 τῆς
1506 921 1839 991 γεννήσεως,

1942 561 2069 605 ante
2104 551 2301 605 saecula
2336 548 2597 606 declarat.
2650 549 2783 605 Item
2825 549 2990 605 David
3030 567 3041 602 :
3089 548 3267 615 Verbo,
3320 552 3521 621 inquit,

1943 645 2156 698 Domini
2192 644 2309 698 curii
2338 641 2537 712 ﬁrmati
2565 653 2704 706 sunt,
2741 653 2790 699 et
2822 643 3027 714 Spiritu
3054 646 3161 698 oris
3194 646 3306 711 ejus
3350 647 3522 701 omnis

1942 736 2105 788 virtus
2150 750 2330 788 eorum
2358 734 2375 765 '
2406 749 2423 799 ;
2477 733 2765 789 Dominum
2800 735 3036 805 appellat
3073 735 3322 803 Patrem;
3388 738 3527 793 Ver-

1943 827 2072 881 bum
2104 836 2285 882 autem
2312 825 2509 882 Filium
2532 826 2724 896 ipsius,
2744 828 3003 896 quoniam
3026 827 3099 882 ita
3119 844 3177 883 se
3200 829 3367 883 habet
3394 846 3522 885 cum

1942 917 2123 981 Patre,
2155 926 2216 973 ut
2255 933 2378 972 cum
2410 926 2597 971 mente
2623 917 2851 972 verbum
2884 926 2937 973 et
2975 919 3173 982 oratio,
3210 936 3317 975 non
3342 922 3521 977 solum

261 1012 405 1065 ἀλλὰ
427 1015 525 1068 καὶ
543 1015 606 1067 τὸ
635 1016 894 1085 συναφὲς,
930 1016 1027 1070 καὶ
1061 1016 1120 1069 τὸ
1155 1016 1544 1085 ὲξαγγελτικόν
1569 1032 1585 1049 ο
1614 1014 1841 1083 Πνεῦμα

1959 1020 2164 1077 iroptcr
2191 1018 2371 1064 ortum
2403 1009 2495 1079 qui
2539 1009 2660 1063 sine
2692 1009 2798 1064 ulla
2831 1009 2935 1064 fuit
2965 1010 3279 1079 aIl‘ectione,
3328 1030 3519 1069 verum

258 1105 340 1168 δὲ,
381 1108 443 1159 τὸ
469 1107 695 1175 Πνεῦμα
731 1110 791 1162 rb
826 1109 1001 1176 ἅγιον.
1029 1108 1139 1161 Καὶ
1184 1110 1349 1163 πάλιν
1418 1110 1551 1179 περὶ
1598 1108 1697 1178 μὲν
1750 1106 1841 1158 τοῦ

261 1199 443 1265 Λόγου
469 1201 563 1252 καὶ
585 1198 736 1263 Υῐοῦ,
776 1200 1123 1255 Ἀπέστειλε
1152 1202 1258 1255 τὸν
1288 1202 1484 1271 Λόγον
1508 1200 1718 1261 αὐτοῦ,
1744 1199 1844 1252 καὶ

259 1289 480 1343 ἰάσατο
497 1290 740 1357 αὐτοὺς,
760 1293 787 1342 ὀ
807 1292 996 1362 Πατὴρ
1016 1292 1258 1363 δηλονότι
1280 1294 1371 1346 τὸν
1389 1292 1541 1358 Υἱδν,
1554 1290 1843 1352 νοσοῦντας

261 1382 322 1433 ὲν
342 1382 544 1451 πλάνῃ.
570 1383 706 1451 Περὶ
734 1383 790 1435 δὲ
817 1383 913 1436 τοῦ
937 1384 1095 1450 ἁγίου
1123 1384 1464 1453 Πνεύματος,
1482 1383 1847 1445 Ἐξαποστε-

259 1474 396 1539 λεῖς
412 1474 477 1526 τὸ
493 1473 736 1542 Πνεῦμα
754 1489 873 1529 σου
889 1478 984 1530 καὶ
1004 1476 1458 1546 κτισθήσονται,
1473 1477 1521 1528 οἱ
1538 1475 1635 1545 τῆς
1652 1473 1846 1541 καινῆς

258 1561 467 1630 δηλαδὴ
502 1563 759 1627 κτίσεως,
782 1566 879 1618 καὶ
905 1565 1276 1632 ἁνακαινιεῐς
1301 1567 1367 1619 τὸ
1385 1566 1712 1633 πρόσωπον
1736 1562 1847 1631 τῆς

261 1651 406 1720 τῆς,
429 1654 530 1722 τῆς
562 1656 974 1727 παλαιωθείσης
1001 1659 1060 1711 ὲν
1086 1659 1405 1729 ἁμαρτίαις.
1434 1657 1572 1712 Οὔτε
1595 1659 1651 1712 δὲ
1674 1662 1845 1730 Λόγος

262 1746 611 1816 προφητικὸς
645 1748 1037 1803 ἀποστέλλεται
1064 1751 1153 1804 διὰ
1177 1751 1287 1805 τῶν
1327 1753 1652 1821 φωνητικῶν
1675 1756 1839 1826 όργά-

264 1856 378 1890 νων
408 1841 487 1901 εἰς
514 1841 605 1893 τὸν
657 1841 797 1914 ἀέρα
846 1844 1133 1913 χεόμενος,
1190 1845 1285 1898 καὶ
1342 1846 1627 1917 λυόμενος.
1676 1848 1838 1914 Λέγει

262 1932 381 2001 γὰρ
412 1932 471 1984 ὲν
502 1932 705 1997 ἄλλοις·
739 1936 845 2000 Εις
866 1936 975 1988 τὸν
993 1934 1204 2000 αῖῶνα,
1231 1938 1428 2005 Κύριε,
1454 1941 1487 1993 ό
1517 1938 1709 2009 Λόγος
1727 1956 1844 1994 σου

258 2023 533 2091 διαμένει
559 2025 630 2078 ἐν
648 2026 730 2096 τῷ
753 2026 1010 2094 οὐρανῷ.
1045 2027 1184 2082 Οὔτε
1217 2027 1440 2100 Πνεῦμα
1480 2030 1551 2082 δι’
1580 2031 1847 2084 ἀναπνεύ-

263 2120 477 2173 στικῶν
504 2122 705 2190 ὁμοίως
728 2123 978 2192 ὀργάνων
1007 2123 1404 2193 ἐξωθούμενον,
1451 2124 1845 2197 καὶλυόμενον,

264 2214 366 2265 καὶ
395 2214 679 2283 χεόμενον.
719 2214 908 2269 Ταῦτα
941 2216 1051 2287 γὰρ
1104 2217 1395 2287 σωμάτων.
1450 2219 1689 2288 Φανερδν
1730 2218 1845 2283 οὖν,

265 2304 353 2355 ὅτι
376 2304 577 2371 Λόγος,
608 2306 706 2357 καὶ
735 2305 981 2374 Πνεῦμα,
1017 2306 1387 2373 ἐνυπόστατα,
1430 2309 1526 2361 καὶ
1545 2308 1716 2374 ἀΐδια,
1753 2311 1850 2362 καὶ

248 2396 604 2467 Δδημιουργά.
641 2398 753 2451 Kal
778 2399 806 2450 6
848 2396 969 2451 Ἰὼϐ
992 2399 1049 2452 δέ
1083 2416 1239 2470 φησι,
1271 2399 1358 2468 Ζῇ
1387 2401 1624 2470 Κύριος,
1646 2402 1850 2456 ὀοῦτω

260 2504 343 2556 με
372 2488 610 2556 κρίνας,
637 2490 736 2544 καὶ
768 2493 801 2545 ό
834 2492 1289 2561 παντοκράτωρ,
1326 2495 1358 2547 ό
1390 2494 1851 2562 παραπικράνας

262 2595 389 2646 μου
416 2579 534 2648 τὴν
561 2580 800 2651 ψυχὴν,
834 2582 933 2635 καὶ
968 2582 1210 2652 Πνεῦμα
1247 2582 1413 2639 θεῖον
1437 2585 1508 2638 τὸ
1546 2584 1756 2653 περιὸν
1782 2584 1853 2638 ἐν

261 2672 404 2738 ῥισί
426 2690 568 2742 μου.
590 2675 703 2727 Καὶ
723 2677 749 2727 6
771 2676 1043 2747 Ζαχαρίας
1063 2677 1126 2730 ὲκ
1143 2677 1441 2747 προσώπου
1474 2679 1569 2731 τοῦ
1596 2678 1730 2733 Θεοῦ
1758 2684 1852 2734 καὶ

269 2766 516 2835 Πατρός,
536 2766 685 2835 Ἐγὼ
702 2768 832 2836 μεθ’
850 2767 1019 2837 ὑμῶν
1042 2772 1183 2835 εἰμι,
1211 2771 1307 2824 καὶ
1334 2774 1368 2825 ό
1384 2773 1575 2840 Λόγος
1590 2789 1730 2839 μου,
1753 2772 1851 2825 καὶ

266 2858 339 2910 τὸ
364 2857 610 2927 Πνεῦμα
630 2875 770 2927 μου.
796 2859 909 2913 Καὶ
930 2860 959 2913 6
986 2859 1234 2924 Ἦσατας.
1256 2862 1386 2916 Νῦν
1408 2862 1625 2931 Κύριος
1640 2862 1853 2927 ἐξαπέ-

262 2948 509 3002 «me
529 2964 629 3017 με,
662 2949 763 3004 καὶ
795 2950 864 3004 τὸ
894 2953 1138 3022 Πνεῦμα
1162 2954 1371 3008 αὐτοῦ.

757 3206 982 3261 Βίϐλον
1026 3204 1356 3272 Γενέσεως.

343 3297 546 3366 Φησὶν
560 3297 773 3352 Ἰακὼϐ
785 3299 935 3366 πρὸς
952 3300 1059 3365 τὰς
1079 3298 1190 3354 δύο
1205 3298 1500 3369 γυναῖκας
1510 3303 1723 3357 αὐτοῦ’
1741 3302 1853 3357 Kal

266 3388 408 3447 εἶπέ
418 3409 521 3461 μοι
541 3394 573 3445 ό
595 3391 852 3460 ἅγγελος
875 3389 984 3446 τοῦ
1009 3390 1157 3445 Θεοῦ
1177 3393 1307 3446 καθ’
1319 3391 1576 3460 ὕπνους,
1596 3393 1858 3463 Ἑώρακα

269 3486 399 3539 ὅσα
424 3501 524 3538 σοι
542 3484 753 3541 Mitior
774 3482 953 3551 ποιεῖ’,
984 3485 1081 3539 καὶ
1099 3484 1169 3538 τὰ
1192 3485 1343 3555 ἑξῆς.
1372 3481 1532 3552 Elea,
1581 3487 1724 3558 Ἐγώ
1737 3493 1856 3559 ειμι

268 3579 309 3631 ὀ
328 3577 496 3643 Θεὸς,
519 3578 552 3630 ό
582 3576 788 3645 ὀφθείς
810 3587 912 3630 σοι
941 3577 1012 3631 ἐν
1037 3579 1205 3643 τόπῳ
1229 3578 1402 3633 Θεοῦ.
1458 3580 1523 3633 Et
1564 3577 1659 3635 οὖν
1689 3584 1855 3653 ἄγγε-

270 3671 367 3731 λος
426 3668 613 3733 ἁπλῶς
675 3664 745 3739 ἦν
801 3664 883 3732 εἷς
935 3668 1047 3724 τῶν
1102 3670 1494 3743 λειτουργιῶν
1548 3672 1854 3746 δυνάμεων,

269 3763 399 3825 πῶς
425 3763 620 3817 ἑαυτὸν
645 3762 831 3817 ἐκάλει
898 3763 1071 3831 Θεόν;
1105 3764 1139 3835 ἢ
1172 3765 1389 3831 πάντως
1418 3768 1447 3821 6
1501 3768 1633 3832 Υἱὸς
1679 3764 1767 3841 ἦν,
1800 3772 1858 3836 ὅς

271 3857 429 3909 ἐστιν
474 3855 707 3925 ἄγγελος
731 3856 826 3910 τοῦ
853 3856 988 3911 Θεοῦ
1029 3857 1124 3911 καὶ
1154 3857 1389 3927 Πατρός,
1419 3859 1498 3924 ὡς
1533 3859 1690 3930 λόγος
1720 3862 1812 3916 νοῦ
1840 3880 1855 3896 ο

272 3949 667 4018 ἐξαγγελτικὸς
687 3952 799 4022 γὰρ
823 3950 852 4002 6
871 3950 1025 4019 λόγος
1044 3950 1138 4003 τοῦ
1163 3949 1278 4015 νοῦ,
1298 3950 1377 4005 ἔτι
1394 3952 1472 4019 δὲ,
1502 3953 1600 4007 καὶ
1621 3953 1697 4018 ὡς
1720 3954 1858 4025 μετὰ

271 4048 380 4114 τὴν
404 4044 818 4113 ἐνανθρώπησιν
845 4043 1177 4113 ἁναγγεὶλας
1196 4044 1331 4114 ἡμῖν
1358 4044 1418 4097 τὸ
1448 4044 1550 4115 τῆς
1576 4046 1854 4117 πατρότη-

272 4154 369 4198 τος
384 4136 577 4205 ὄνομα.
593 4134 978 4204 Ἕφανέρωσα
996 4134 1129 4205 γὰρ,
1145 4136 1297 4203 φησὶ,
1313 4134 1381 4188 τὸ
1401 4134 1589 4205 ὄνομά
1606 4150 1724 4192 σου
1735 4138 1861 4205 τοῖς

270 4225 644 4293 ἀνθρώποις,
676 4227 771 4279 καὶ
791 4227 867 4288 ὼς
885 4227 983 4295 τῆς
1021 4225 1295 4295 μεγάλης
1309 4226 1555 4296 ,βουλῆς
1575 4227 1856 4298 ἄγγελος.

278 4318 447 4373 Οὕτω
476 4318 585 4389 γὰρ
614 4319 779 4372 αὐτὸν
800 4319 1248 4390 προσηγόρευσεν
1300 4320 1529 4384 Ἡσαΐας
1554 4336 1570 4353 ⁶
1608 4324 1857 4391 προσέτι,

281 4415 385 4468 καὶ
416 4412 767 4482 θαυμαστόν
806 4412 1186 4480 σύμϐουλον,
1245 4413 1345 4467 καὶ
1399 4415 1550 4469 Θεὸν
1602 4416 1861 4485 ισχυρὸν

280 4504 707 4573 ἐξονσιαστὴν
739 4506 1123 4575 κατονομάσας
1168 4507 1355 4559 αὐτόν.
1404 4508 1500 4570 Τίς
1554 4507 1664 4576 γὰρ
1724 4507 1860 4561 Θεοῦ

285 4598 623 4668 σύμϐουλος,
649 4598 700 4652 ει
733 4598 810 4669 μὴ
830 4599 860 4651 6
891 4599 1202 4670 ὁμοούσιος,
1230 4601 1326 4654 καὶ
1347 4600 1744 4671 αὑτοδύναμος,
1767 4602 1862 4654 καὶ

284 4694 541 4763 ἰσότιμος
571 4692 702 4755 Υἱὸς
728 4709 743 4757 ;
782 4692 943 4764 βουλὴ
966 4694 1023 4746 δὲ
1052 4693 1148 4747 τοῦ
1184 4694 1433 4766 Πατρός,
1453 4696 1487 4765 ἡ
1514 4693 1604 4748 διὰ
1629 4695 1739 4748 τῶν
1768 4696 1867 4749 ἀν-

282 4783 549 4854 θρώπων.
587 4785 654 4836 Ἠ
683 4784 849 4855 βουλὴ
881 4785 939 4839 δὲ
972 4785 1065 4838 τοῦ
1091 4786 1332 4856 Πατρός,
1394 4788 1489 4839 καὶ
1547 4788 1645 4840 τοῦ
1705 4786 1857 4851 Υἱοῦ,

278 4876 579 4939 αὑτοθελὲς
614 4878 932 4931 αἰνίττεται.
1022 4878 1147 4931 Ὅτι
1194 4879 1253 4931 δὲ
1309 4881 1337 4931 6
1384 4878 1511 4942 Υἱὸς
1545 4873 1703 4942 οὗτος
1764 4879 1860 4933 διαὶ

276 4970 423 5031 Θεὸς
447 4968 859 5040 ὲνηνθρώπησε,
892 4972 1055 5041 φησὶν
1115 4974 1143 5026 6
1216 4971 1379 5033 αὐτός
1409 4988 1424 5003 ο
1451 4971 1581 5025 Ὀτι
1616 4972 1859 5025 παιδίον

280 5061 589 5132 ἐγεννήθη
616 5063 783 5132 ἡμῖν,
800 5065 931 5130 Υἱὸς
950 5068 1046 5118 καὶ
1078 5064 1257 5132 ἐδόθη
1282 5064 1447 5134 ἡμῖν.
1472 5065 1551 5119 Δι’
1574 5067 1719 5136 ἡμᾶς
1751 5068 1860 5137 γὰρ

285 5154 568 5224 ἐγεννήθη
602 5156 817 5208 παιδίον
857 5159 883 5209 ὁ
913 5157 1063 5223 Υἱὸς,
1095 5159 1191 5210 καὶ
1225 5158 1641 5227 συνανεστρὰφη
1705 5161 1857 5229 ἡμῖν.

284 5246 431 5317 Περὶ
469 5247 577 5317 γὰρ
610 5250 702 5301 τοῦ
725 5249 929 5317 κυρίως
958 5250 1086 5301 Υἱοῦ
1120 5249 1293 5303 ταῦτα
1333 5254 1732 5320 προεφήτευσε,
1767 5254 1862 5306 καὶ

277 5342 344 5393 οὐ
374 5340 509 5409 περὶ
540 5339 727 5402 ἁπλῶς
759 5340 895 5404 υἱοῦ,
926 5342 1018 5394 καὶ
1044 5340 1119 5403 ὡς
1172 5343 1475 5413 παράδοξον
1532 5344 1715 5413 ἔργον.
1798 5345 1862 5396 Ti

274 5432 338 5485 δὲ
358 5432 670 5499 παράδοξον
692 5431 882 5494 ἁπλῶς
906 5434 1021 5486 υἱὸν
1035 5433 1363 5503 γεννηθῆναι
1389 5435 1635 5502 παιδίον;
1665 5436 1745 5489 διὸ
1770 5441 1864 5492 καὶ

274 5525 351 5577 «ἀ
380 5522 513 5591 ἑξῆς
543 5523 906 5593 ἀριδηλότατα
941 5525 1285 5596 προσέθηκεν
1334 5528 1414 5589 εἰς
1469 5526 1710 5597 ἔμφασιν
1763 5528 1865 5597 τῆς

358 5717 379 5749 ί
420 5714 757 5785 Psaltxxxn,
788 5714 840 5767 6.
919 5717 937 5746 ²
964 5714 1103 5771 Psal.
1136 5732 1245 5779 ενι,
1274 5719 1365 5775 ‘20.
1444 5720 1464 5750 ³
1495 5720 1619 5774 Psal
1648 5736 1765 5785 cm,
1797 5721 1889 5778 50.

1944 1107 2109 1159 etiam
2150 1116 2371 1176 propter
2421 1105 2867 1175 eonjunetionem
2924 1121 3049 1161 eum
3088 1105 3269 1169 Patre,
3304 1119 3358 1163 et
3393 1115 3522 1179 quia

1945 1197 2278 1251 voluntatem
2307 1196 2427 1267 eius
2456 1196 2724 1251 enuntiat.
2757 1195 3020 1266 Spiritum
3055 1210 3188 1252 vero
3223 1205 3379 1251 vocat
3397 1197 3523 1266 Spi-

1946 1288 2110 1343 ritum
2134 1298 2404 1344 sanctum.
2442 1290 2571 1344 Item
2599 1290 2668 1345 de
2691 1288 2870 1345 Verbo
2921 1297 2974 1345 et
3005 1288 3142 1345 Filio
3178 1306 3192 1343 :
3220 1289 3362 1344 Misit
3394 1290 3527 1345 Ver-

1948 1382 2066 1434 bum
2105 1397 2283 1444 suum,
2316 1381 2511 1453 inquit,
2544 1392 2592 1437 et
2620 1382 2831 1436 sanavit
2865 1398 2954 1436 eos
2989 1383 3028 1436 '.
3074 1380 3233 1437 Pater
3259 1382 3526 1437 nimirum

1947 1473 2098 1528 misit
2121 1471 2340 1540 Filium,
2373 1483 2427 1529 et
2449 1474 2663 1530 sanavit
2688 1474 3007 1544 ignorantia
3044 1475 3237 1529 morbo
3270 1474 3528 1529 laboran-

1950 1572 2050 1618 tes.
2082 1564 2151 1618 At
2192 1565 2260 1619 de
2286 1563 2493 1634 Spiritu
2516 1574 2705 1621 sancto
2736 1582 2750 1620 :
2786 1565 2981 1633 Mittas,
3031 1567 3231 1637 inquit,
3267 1567 3529 1636 Spiritum

1949 1668 2116 1721 tuum,
2155 1666 2206 1711 et
2250 1658 2566 1711 creabantur
2600 1698 2614 1723 ,
2698 1673 2838 1712 nova
2892 1658 3082 1729 utique
3125 1658 3445 1724 creatione;
3478 1669 3529 1714 et

1949 1736 2219 1804 renovabis
2246 1751 2431 1821 faciem
2455 1759 2605 1805 terrw
2636 1751 2679 1814 ',
2709 1765 2829 1821 quae
2857 1750 3146 1806 consenuit
3175 1751 3231 1807 in
3260 1750 3527 1821 peccatis.

1952 1840 2138 1909 Neque
2191 1855 2323 1894 vero
2386 1840 2670 1895 vocalibus
2746 1839 3127 1895 instrumentis
3182 1840 3529 1896 enuntiatum

1948 1931 2052 1985 hoc
2086 1930 2312 1985 verbum
2345 1929 2399 1984 in
2432 1944 2560 1985 aera
2593 1928 2914 1985 diﬂ'unditur
2971 1939 3136 2000 atque
3189 1930 3528 1986 dissolvitur.

1951 2023 2043 2080 Sic
2068 2025 2214 2078 enim
2243 2024 2378 2080 dicit
2406 2040 2422 2078 :
2455 2021 2522 2079 In
2550 2024 2822 2090 secutum,
2854 2024 3095 2091 Domine,
3132 2023 3351 2080 Verbum
3378 2034 3530 2080 tuum

1950 2124 2221 2183 permanet
2249 2117 2305 2170 in
2334 2115 2463 2171 εωιο
2502 2116 2543 2171 ⁵.
2580 2117 2691 2173 Nec
2743 2115 2981 2187 Spiritus
3012 2116 3103 2172 ille
3151 2117 3397 2187 spirandi
3443 2118 3531 2173 in-

1951 2207 2265 2262 strumentis
2303 2205 2612 2277 expellitur,
2643 2216 2739 2262 aut
2765 2208 3036 2280 spargitur
3072 2218 3127 2264 et
3173 2209 3472 2281 dissipatur
3504 2228 3520 2265 :

1954 2299 2069 2356 haec
2109 2300 2254 2356 enim
2284 2303 2607 2373 corporibus
2640 2302 2985 2372 contingunt.
3040 2303 3396 2375 Perspicuum
3424 2304 3529 2375 igi-

1952 2403 2028 2447 tut
2065 2402 2171 2461 est,
2195 2394 2432 2449 Verbum
2480 2401 2538 2450 et
2562 2394 2823 2465 Spiritum
2860 2396 2914 2449 in
2947 2410 3045 2450 sua
3095 2406 3386 2468 utrumque
3436 2414 3532 2451 ex-

1950 2487 2145 2543 sistere
2179 2502 2436 2557 persona,
2510 2498 2716 2544 etesse
2771 2499 3063 2554 aeternum,
3093 2497 3149 2544 et
3205 2501 3532 2546 creatorem.

1951 2575 2215 2631 Praeterea
2256 2574 2358 2632 Job
2381 2576 2516 2632 dicit
2546 2594 2560 2632 :
2608 2576 2742 2632 Vivit
2774 2577 2936 2643 Dens,
2965 2578 3056 2649 qui
3087 2580 3164 2633 ita
3205 2595 3287 2634 me
3316 2580 3531 2651 judica-
3610 2580 3613 2589 “

1952 2669 2051 2733 rit,
2101 2677 2150 2722 et
2177 2668 2505 2737 omnipotens
2554 2671 2645 2740 qui
2714 2686 2963 2724 amaram
3009 2670 3237 2725 reddidit
3297 2672 3533 2725 animum

1953 2779 2148 2827 meam,
2179 2770 2227 2816 et
2254 2761 2483 2831 Spiritus
2504 2762 2599 2817 Dei
2623 2764 2751 2816 mihi
2786 2764 2843 2816 in
2881 2764 3101 2817 naribus
3134 2764 3376 2817 circumit
3397 2763 3442 2817 ⁸.
3469 2762 3532 2818 Et

1955 2856 2247 2911 Zacharias
2295 2869 2363 2910 ex
2404 2869 2639 2925 persona
2686 2853 2781 2910 Dei
2812 2863 2869 2910 et
2929 2853 3106 2912 Patris
3156 2855 3308 2926 :Ego
3366 2856 3532 2911 vobis-

1956 2946 2325 3018 cum,inquit,
2376 2964 2515 3015 sum,
2577 2956 2627 3000 et
2662 2946 2886 3002 Verbum
2940 2965 3137 3015 meum,
3196 2959 3245 3003 et
3302 2946 3533 3017 Spiritus

1957 3056 2121 3094 mens.
2164 3037 2232 3093 Et
2261 3037 2430 3091 Isaias
2462 3033 2680 3100 :Nunc,
2734 3036 2929 3107 inquit,
2974 3036 3228 3092 Dominus
3261 3039 3403 3093 misit
3432 3055 3533 3101 mc,

1880 3143 1924 3202 ε
1957 3142 2004 3187 et
2028 3130 2260 3203 Spiritus
2291 3130 2467 3199 ejus‘.

2420 3224 2503 3279 E1:
2538 3224 2723 3281 Genesi
2776 3223 2848 3297 [et
2880 3223 3068 3298 Isaia].

2032 3317 2178 3373 Dixit
2211 3315 2374 3372 Jacob
2417 3317 2488 3370 ad
2514 3318 2649 3371 duas
2682 3332 2870 3371 uxores
2909 3333 3036 3372 suas
3085 3334 3105 3373 :
3136 3317 3204 3373 Et
3239 3321 3374 3374 dixit
3408 3321 3535 3373 mihi

1959 3410 2177 3480 angelus
2206 3408 2301 3465 Dei
2328 3410 2384 3463 in
2426 3409 2678 3464 somnis"
2711 3425 2726 3465 :
2769 3409 2889 3464 Vidi
2928 3427 3251 3485 quwcunque
3292 3412 3414 3483 fecit
3449 3415 3535 3469 tibi

1960 3502 2169 3567 Laban,
2197 3510 2253 3558 et
2269 3516 2387 3573 qua:
2406 3509 2728 3571 sequuntur.
2756 3499 2963 3556 Deinde
2996 3517 3010 3553 :
3041 3500 3172 3572 Ego,
3199 3501 3393 3573 inquit,
3421 3519 3535 3556 sum

1962 3595 2123 3658 Deus,
2171 3594 2261 3665 qui
2308 3594 2541 3664 apparui
2595 3593 2690 3647 tibi
2738 3594 2796 3647 in
2851 3592 2963 3647 loco
3016 3591 3136 3649 Dei.
3195 3593 3254 3649 Si
3311 3595 3536 3667 angelus

1959 3696 2077 3744 erat
2105 3702 2248 3743 unus
2301 3703 2332 3743 e
2378 3700 2608 3742 numero
2667 3685 3098 3743 ministrantium
3174 3696 3534 3756 potestatum.

1960 3780 2232 3853 quomodo
2258 3795 2317 3835 se
2347 3780 2525 3852 ipsum
2556 3779 3015 3851 appellatDeum?
3038 3782 3120 3836 An
3151 3781 3339 3853 utique
3366 3781 3540 3838 Filios

1962 3880 2101 3938 erat,
2158 3873 2252 3942 qui
2288 3870 2383 3927 Del
2412 3879 2468 3927 et
2515 3870 2693 3926 Patris
2731 3879 2815 3927 est
2841 3872 3086 3945 angelus,
3125 3873 3229 3928 hoc
3269 3882 3353 3929 est
3397 3889 3541 3928 nunc

1960 3969 2093 4034 tius,
2159 3975 2222 4021 ut
2278 3964 2474 4020 mentis
2544 3964 2706 4020 index
2761 3972 2846 4020 est
2910 3967 3139 4020 verbum
3173 4006 3189 4033 ,
3235 3976 3292 4022 et
3359 3982 3542 4023 sermo

1963 4059 2164 4114 mentis
2217 4068 2272 4114 et
2332 4056 2501 4113 animi
2552 4072 2772 4113 sensum
2798 4057 3213 4115 indicat?Post
3248 4059 3544 4115 humanam

1962 4152 2107 4206 enim
2158 4164 2379 4206 carnem
2438 4160 2776 4221 assumptam
2825 4151 3086 4207 nuntians
3145 4151 3303 4208 nobis
3366 4150 3544 4207 Patris

1965 4260 2184 4311 nomen,
2226 4242 2509 4311 Nuntiavi,
2540 4244 2962 4317 inquitfnomen
2992 4256 3138 4300 tuum
3169 4245 3463 4301 hominibus
3500 4246 3541 4300 ⁸.

1966 4337 2033 4391 Ει
2065 4336 2242 4405 magni
2294 4336 2501 4390 consilii
2529 4335 2754 4407 Angelus
2787 4345 3012 4392 vocatur
3043 4337 3112 4392 ab
3139 4336 3294 4403 Isaia,
3342 4346 3396 4392 et
3428 4354 3545 4391 ma-

1967 4445 2095 4497 gnus
2129 4427 2493 4491 Consiliarius,
2552 4438 2601 4481 et
2644 4427 2781 4482 Dens
2821 4430 2996 4498 fortis,
3026 4439 3076 4483 et
3113 4439 3294 4501 potens
3321 4430 3364 4482 ’.
3411 4428 3546 4495 Quis

1970 4534 2133 4589 porro
2162 4519 2512 4574 consiliarius
2538 4518 2654 4583 Dei,
2687 4518 2791 4572 nisi
2822 4520 2912 4588 qui
2945 4519 3187 4589 ejusdem
3223 4529 3305 4575 est
3352 4534 3543 4573 essen-

1970 4611 2078 4673 tiat,
2109 4608 2463 4679 ejusdemque
2498 4606 2780 4678 potestatis
2811 4615 2866 4660 et
2898 4605 3174 4677 dignitatis
3219 4604 3440 4676 :equalis
3458 4603 3545 4658 Fi-

1968 4698 2074 4755 lius
2102 4700 2127 4752 ?
2174 4698 2477 4755 Consilium
2534 4699 2897 4769 voluntasque
2932 4699 3105 4755 Patris
3152 4706 3236 4754 est
3261 4698 3540 4754 hominum

1969 4787 2115 4843 salus
2146 4802 2241 4858 per
2266 4786 2577 4858 evangelica
2634 4787 2908 4844 mandata.
2943 4788 3118 4845 Patris
3164 4804 3295 4845 vero
3328 4798 3382 4845 et
3422 4789 3545 4844 Filii

1969 4882 2193 4937 consilio
2226 4881 2415 4937 eadem
2448 4883 2697 4938 voluntas
2755 4882 3107 4955 signiﬁcatur.
3152 4883 3309 4951 Quod
3362 4893 3544 4939 autem

1970 4973 2144 5029 Filius
2193 4975 2283 5029 hic
2330 4983 2386 5029 et
2439 4974 2581 5029 Deus
2644 4990 2863 5030 carnem
2904 4977 3213 5030 .humanam
3271 4976 3536 5042 induerit,

1973 5068 2213 5122 ostendit
2242 5067 2385 5122 idem
2417 5067 2583 5122 Isaias
2616 5084 2630 5120 :
2667 5066 2825 5130 Puer,
2856 5067 3130 5137 inquiens,
3168 5078 3321 5122 natus
3340 5079 3413 5122 est
3448 5085 3545 5122 no-

1974 5162 2049 5214 bis
2101 5170 2148 5215 et
2193 5161 2334 5229 ﬁlius
2372 5161 2529 5214 datus
2579 5169 2654 5214 est
2691 5158 2837 5214 nobis
2879 5161 2939 5214 ιο.
2976 5161 3203 5230 Propter
3247 5176 3347 5216 nos
3397 5160 3543 5216 enim

1970 5263 2129 5308 natus
2159 5264 2243 5308 est
2269 5269 2405 5323 puer
2434 5255 2523 5308 ille
2549 5252 2737 5317 Filius,
2772 5262 2825 5308 et
2858 5254 3140 5309 nobiscum
3176 5264 3425 5309 versatus
3439 5263 3544 5310 est.

1973 5346 2104 5401 Nam
2159 5348 2225 5402 de
2251 5348 2363 5410 illo,
2428 5349 2681 5417 quivere
2715 5344 2884 5401 Filius
2929 5356 3034 5412 est,
3076 5362 3184 5401 non
3246 5355 3426 5401 autem
3479 5346 3546 5400 de

1973 5440 2216 5511 quolibet
2244 5441 2354 5494 tilio
2387 5441 2502 5495 hare
2533 5440 2784 5510 praedixit
2830 5440 3114 5509 propheta.
3164 5438 3231 5493 Et
3262 5453 3401 5509 opus
3447 5439 3546 5494 hoc

1977 5546 2036 5588 ut
2084 5534 2460 5588 admirandum
2506 5534 2787 5605 prazdicat.
2833 5530 2973 5597 Quid
3039 5540 3220 5587 autem
3270 5532 3545 5587 admiran-

1968 5720 1989 5750 ⁸
2022 5720 2164 5774 Psal.
2186 5735 2371 5783 cxvm,
2395 5719 2483 5774 89.
2562 5719 2583 5750 ⁸
2604 5718 2727 5774 Job.
2762 5710 2935 5784 xxvn,
2962 5715 3019 5785 2,
3051 5718 3105 5773 5.
3185 5718 3206 5749 ⁸
3227 5716 3335 5776 Isa.
3357 5734 3548 5784 ιινιη.

274 5791 382 5843 16.
466 5785 485 5816 ⁷
521 5784 661 5839 Gen.
720 5800 869 5849 χχιι,
902 5785 989 5838 ιι.
1064 5792 1084 5821 ⁸
1113 5787 1275 5843 JOan.
1331 5806 1463 5855 xvu,
1499 5790 1551 5843 6.
1629 5793 1651 5823 ⁹
1683 5784 1785 5845 lsa.
1815 5807 1852 5845 ti

1965 5832 1977 5843 .
2059 5792 2101 5822 ¹⁰
2140 5790 2241 5843 lsa.
2279 5805 2354 5853 Ix,
2391 5792 2442 5842 6.

620 5877 866 5937 PATROL
941 5881 1057 5939 Gtt.
1095 5881 1346 5942 CXXX.

3195 5879 3231 5939 9

3486 5944 3600 5968 ..Δ
