3838 6536
465 277 571 342 $57

1700 275 2087 349 EUTHIMII
2126 277 2493 340 ZIGABENI

3607 278 3705 347 268

458 394 616 459 dum,
643 407 769 448 eum
804 389 898 461 qui
926 386 1253 459 simpliciter
1284 387 1428 445 illius
1459 387 1553 455 sit,
1590 403 1819 460 puerum
1848 391 2047 446 nasci?

2166 393 2315 447 ιι)τοῦ
2381 394 2658 467 θεότητος,
2722 394 2817 449 καὶ
2869 391 3163 466 διαστολὴν
3221 393 3325 464 τῆς
3370 393 3560 461 ἁπλῶς
3603 398 3705 451 υίό-

458 488 823 559 Quamobrem
846 495 911 540 et
945 484 1178 539 clariora
1207 484 1467 555 deinceps
1498 484 1751 555 subjecit,
1793 493 1852 540 ut
1895 483 2039 539 divi-

460 585 687 637 nitatem
739 579 885 634 illius
948 591 1005 632 et
1036 576 1401 632 dillerentiam
1459 578 1603 632 inter
1660 592 1788 635 eum
1808 585 1863 633 et
1911 574 2039 631 reli-

459 689 618 744 quos.
643 671 734 742 qui
771 668 1090 738 simpliciter
1131 667 1226 722 ﬁlii
1261 676 1417 733 sunt,
1459 668 1747 724 indicaret.

759 761 1003 817 Jeremite
1034 761 1162 833 [imo
1195 759 1407 814 Baruch
1438 774 1485 813 et
1518 759 1727 834 Isaiw].

537 858 634 911 llic
662 865 738 910 est
771 855 909 909 Deus
960 862 1181 908 noster:
1210 864 1261 907 et
1324 869 1428 907 non
1494 854 1843 908 testimabttur
1902 853 2043 907 alius

461 952 709 1006 adversus
759 964 878 1003 eum
936 984 952 998 .
991 945 1197 1001 Deinde
1225 945 1420 1001 addit:
1464 941 1591 999 Post
1639 944 1751 999 lucc
1788 946 1842 998 in
1888 945 2044 998 terris

462 1043 599 1095 visus
642 1050 740 1102 est,
796 1048 846 1091 et
894 1054 1011 1093 cum
1058 1036 1353 1092 hominibus
1412 1045 1746 1093 conveisatus
1783 1048 1858 1089 est
1900 1038 1941 1089 ί.
1980 1035 2044 1090 Ει

460 1132 627 1187 Isaias
660 1149 676 1187 :
711 1131 864 1198 Ecce,
899 1130 1096 1201 inquit,
1127 1130 1264 1183 Deus
1292 1139 1484 1183 noster.
1512 1127 1634 1198 Ipse
1664 1128 1904 1196 veniet,et
1932 1128 2044 1182 sal-

462 1225 605 1280 vabit
641 1240 733 1277 nos
774 1224 819 1275 ’.
849 1221 1098 1277 All‘ercns
1128 1229 1310 1277 autem
1356 1222 1570 1291 signum
1622 1220 1889 1275 adventus
1922 1220 2042 1289 ejus

463 1320 519 1372 in
554 1332 718 1373 carne
748 1315 1029 1387 subjungit
1072 1330 1086 1368 :
1140 1314 1280 1368 Tunc
1332 1314 1637 1383 aperientur
1686 1313 1826 1366 oculi
1870 1328 2040 1366 ctcco-

462 1424 605 1470 rum,
644 1416 691 1461 et
749 1422 903 1460 aures
937 1409 1215 1460 surdorum
1266 1406 1504 1458 audient.
1543 1402 1683 1458 Tunc
1737 1403 1914 1467 saliet,
1981 1411 2040 1457 ut

464 1498 946 1565 cervus,'clautlus,
975 1508 1024 1552 et
1056 1498 1253 1551 diserta
1282 1497 1381 1550 erit
1440 1496 1625 1567 lingua
1672 1496 1969 1553 bulborum
1994 1495 2035 1551 ³.

466 1597 598 1656 Qua:
653 1590 871 1660 quidem
923 1588 1103 1643 omnia
1150 1603 1210 1642 re
1266 1587 1381 1656 ipsa
1442 1586 1681 1658 perfecta
1718 1589 2037 1644 .humanam

466 1691 686 1730 carnem
718 1676 786 1730 al)
823 1675 913 1729 illo
952 1684 1292 1745 assumptam
1344 1674 1545 1731 indicio
1580 1678 1886 1732 certissima
1956 1687 2041 1732 te-

466 1778 700 1822 stantur.
745 1764 1003 1836 Idemque
1046 1782 1239 1821 rursus
1289 1766 1367 1822 ait
1418 1785 1432 1821 :
1477 1766 1598 1821 Non
1652 1768 1882 1838 legatus,
1940 1786 2040 1824 non

467 1858 703 1931 angelus,
753 1863 842 1913 sed
894 1858 1004 1929 ipse
1049 1858 1305 1913 Dominus
1360 1862 1589 1913 servavit
1637 1878 1747 1915 eos.
1815 1860 2050 1933 Legatus

468 1954 611 2008 enim
644 1951 1114 2017 est_iutercessor,
1157 1949 1331 2021 qualis
1364 1950 1465 2005 fuit
1496 1951 1724 2023 Moyses,
1760 1962 1816 2009 et
1844 1954 1888 2009 si
1928 1954 2050 2025 quis

466 2046 605 2101 alius
640 2054 763 2116 post
786 2043 1047 2116 Moysem.
1079 2043 1158 2097 Ac
1208 2056 1308 2113 per
1364 2041 1568 2111 legatos
1616 2044 1834 2113 quidem
1888 2055 2051 2116 atque

467 2138 690 2209 angelos
734 2137 891 2193 multi
929 2149 1312 2208 saepenumero
1362 2135 1571 2193 servati
1638 2148 1789 2206 sunt,
1831 2148 1893 2194 ut
1950 2138 2049 2205 illi,

466 2247 606 2303 quos
642 2231 725 2287 vel
756 2229 965 2302 Moyses
996 2230 1080 2286 vel
1109 2229 1269 2288 Jesus
1310 2231 1458 2289 Nave
1490 2234 1655 2300 illius,
1685 2242 1740 2289 et
1780 2232 1869 2287 alii
1912 2232 2054 2301 ejus-

469 2322 621 2378 modi
680 2330 940 2381 rexerunt
988 2330 1045 2378 et
1093 2322 1491 2396 gubernarunt.
1560 2325 1626 2380 Et
1675 2324 1769 2395 qui
1831 2323 2053 2379 luerunt

476 2416 579 2472 sub
613 2415 867 2481 Esechia,
937 2431 1047 2487 quo
1099 2415 1319 2487 quidem
1376 2426 1617 2489 tempore
1647 2418 1875 2488 angelus
1933 2431 2043 2472 una

470 2517 631 2565 nocte
657 2518 875 2564 centum
907 2509 1179 2580 octoginta
1216 2509 1457 2580 quinque
1491 2509 1659 2564 millia
1692 2508 2049 2581 Assyriorum

471 2599 690 2656 delevit.
744 2599 867 2654 Haec
916 2599 1161 2670 profecto
1224 2598 1320 2655 Dei
1375 2597 1869 2671 peregrinationem
1928 2599 2051 2654 cla-

472 2690 691 2749 rissime
721 2689 1082 2761 patefaciunt.

1169 2780 1351 2839 Isaitc.

544 2876 699 2929 Dabit
748 2875 998 2929 Dominus
1052 2876 1163 2945 ipse
1220 2876 1362 2930 vobis
1405 2876 1663 2946 signum:
1702 2873 1840 2931 Ecce
1902 2878 2053 2948 virgo

475 2969 745 3035 concipiet,
776 2977 823 3021 et
849 2968 1020 3035 pariet
1049 2968 1219 3036 ﬁlium
1253 2968 1290 3022 ⁸.
1330 2967 1522 3024 Omnis
1572 2969 1742 3032 enim,
1789 2985 1910 3041 qua:
1971 2971 2054 3026 (e-

2149 503 2333 555 τητος.

2790 749 3097 820 Ἰερεμίου.

2224 837 2411 909 Οὗτος
2436 845 2467 897 ό
2496 842 2643 907 Θεὸς
2686 842 2878 912 ἡμῶν,
2925 846 2998 897 οὐ
3036 841 3477 911 λογισθήσεται
3519 842 3711 911 ἕτερος

2152 938 2302 1005 πρὸς
2319 936 2526 989 αὐτόν.
2546 930 2677 987 Εἶτα
2692 935 2962 1003 ἐπήγαγε,
2980 934 3143 989 Μετὰ
3166 934 3352 987 ταῦτα
3373 934 3467 986 ἐπὶ
3490 933 3599 1001 τῆς
3614 937 3712 1004 γῆς

2152 1028 2340 1097 ὤφθη,
2366 1028 2464 1080 καί
2492 1026 2616 1092 τοῖς
2634 1025 2965 1095 ἀνθρώποις
2982 1028 3474 1096 συνιινεστράςρη.
3498 1029 3604 1078 Καὶ
3622 1030 3713 1081 πά-

2154 1127 2236 1174 λιν
2269 1124 2326 1173 ὲν
2351 1121 2525 1190 ἑτέρῳ
2555 1120 2719 1190 λόγῳ⁸
2769 1118 2925 1174 Ἰδοὺ
2953 1122 2985 1172 ὀ
3014 1119 3159 1185 Θεὸς
3188 1120 3358 1188 ἡμῶν
3379 1122 3563 1185 αὐτὸς
3594 1119 3712 1186 ἣξει

2151 1212 2251 1267 καὶ
2283 1211 2469 1267 σώσει
2496 1210 2678 1281 ἡμᾶς.
2699 1212 2898 1275 Διδοὺς
2936 1211 2993 1264 δὲ
3016 1214 3111 1265 καὶ
3135 1215 3363 1281 σημεῖον
3401 1215 3500 1282 τῆς
3531 1214 3712 1279 ὲνσάρ-

2161 1324 2259 1360 κου
2280 1304 2586 1376 παρουσίας
2606 1304 2772 1357 αὐτοῦ
2791 1304 3122 1375 προσέθηκε,
3160 1308 3299 1359 Τότε
3320 1303 3713 1373 ἀνοιχθήσενο

2150 1416 2243 1453 ται
2264 1398 2559 1467 ὀφθαλμοὶ
2592 1395 2861 1466 τυφλῶν,
2880 1396 2980 1449 καί
3008 1392 3131 1451 ὦτα
3160 1394 3377 1465 κωφῶν
3413 1396 3709 1449 ἀκούσον-

2154 1510 2266 1547 ται.
2300 1495 2437 1547 Τότε
2455 1490 2687 1545 εἱλεῖται
2711 1489 2793 1555 ὡς
2828 1488 3058 1558 ἔλαφος
3085 1491 3116 1543 d
3149 1490 3367 1558 χωλὸς,
3397 1486 3496 1541 καὶ
3538 1488 3713 1555 τρανή

2150 1585 2321 1639 ἔσται
2355 1581 2608 1653 γλῶσσα
2635 1581 2992 1651 μογιλάλον·
3035 1581 3181 1651 ἅπερ
3213 1582 3430 1635 ἅπαντα
3461 1580 3713 1647 γεγονότα

2154 1676 2457 1747 μαρτύριον
2478 1674 2709 1744 ἀψευδὲς
2731 1673 2832 1743 τῆς
2849 1674 3010 1727 ὲνανθ
3023 1676 3178 1744 ρωπή
3189 1690 3326 1736 eam;
3343 1672 3533 1725 αὑτοῦ.
3549 1673 3608 1725 ’0
3629 1672 3716 1725 αὖ·

2150 1774 2237 1835 τὸς
2272 1773 2327 1827 δὲ
2357 1774 2449 1825 καὶ
2472 1768 2630 1833 αὖθις
2654 1772 2896 1841 εἴρηκεν·
2926 1771 3009 1824 Οὐ
3030 1769 3301 1837 πρέσόις,
3318 1770 3432 1822 οὐκ
3451 1768 3713 1837 ἅγγελος,

2148 1865 2288 1921 ἀλλ’
2318 1866 2501 1930 αὐτὸς
2528 1867 2559 1917 ό
2579 1864 2794 1931 Κύριος
2824 1863 3062 1916 ἔσωσεν
3080 1861 3344 1927 αὑτούςδ
3363 1860 3599 1930 Πρέσσις
3620 1858 3716 1927 γὰρ

2150 1961 2179 2012 6
2203 1958 2455 2028 μεσίτης,
2484 1950 2595 2019 οἷος
2626 1951 2693 2027 ἦν
2717 1957 2746 2008 6
2766 1957 3031 2025 Μωῦσῆς,
3061 1955 3156 2007 καὶ
3177 1953 3230 2004 εῐ
3246 1969 3329 2014 τις
3354 1949 3475 2004 κατ’
3498 1952 3714 2003 ἐκεῖνον’

2152 2051 2249 2106 καί
2285 2068 2368 2104 τοι
2393 2050 2491 2104 καὶ
2522 2048 2613 2102 διὰ
2670 2049 2921 2119 μεσίτου,
2984 2048 3081 2101 καὶ
3148 2044 3217 2100 δι’
3268 2044 3508 2113 ἀγγέλου
3542 2042 3716 2096 πολλοὶ

2154 2143 2415 2207 πολλάκις
2442 2142 2751 2213 ἐσώθησαν,
2774 2140 2853 2205 ὡς
2890 2141 2941 2194 οί
2964 2140 3051 2194 διὰ
3074 2140 3322 2203 Μωσέως
3364 2134 3714 2207 δημαξωγού-

2157 2256 2329 2309 μενοι,
2360 2241 2454 2289 καὶ
2509 2236 2599 2290 διὰ
2636 2233 2811 2306 Ἰησοῦ
2839 2233 2933 2288 τοῦ
2957 2234 3138 2303 Ναυῆ,
3174 2235 3273 2285 καὶ
3306 2231 3415 2284 τῶν
3444 2227 3715 2285 τοιούτων.

2152 2331 2261 2383 Καὶ
2295 2327 2474 2392 αὖθις,
2502 2326 2555 2379 οἱ
2583 2327 2716 2397 περὶ
2743 2325 2836 2379 τὸν
2877 2324 3149 2389 Ἐζεκίαν,
3206 2322 3294 2392 ἐφ’
3328 2317 3391 2377 οὗ
3446 2323 3551 2387 τὰς
3609 2339 3717 2393 puer

2154 2421 2401 2492 χιλιάδας
2435 2419 2545 2472 τῶν
2590 2418 2890 2490 Ἀσσυρίων
2920 2418 2950 2471 6
2980 2416 3210 2485 ἄγγελος
3230 2414 3406 2469 ἀνεῖλε
3431 2415 3536 2485 μιᾷ
3556 2414 3715 2468 νυκτί.

2154 2513 2429 2585 Πρόδηλον
2462 2508 2581 2575 οὖν,
2610 2512 2694 2565 ὅτι
2725 2510 2971 2579 φανερὰν
3009 2508 3310 2579 ἐπιδημίαν
3345 2506 3486 2561 Θεοῦ
3520 2506 3589 2560 τὰ
3622 2507 3714 2576 ρη-

2157 2621 2303 2675 ματα
2340 2600 2634 2674 μηνύουσι.

2785 2782 3056 2839 Ἡσαΐου.

2234 2875 2421 2931 Δώσει
2444 2877 2663 2944 Κύριος
2677 2874 2858 2941 αὐτὸς
2875 2874 3019 2944 ἡμῖν
3039 2874 3318 2944 σημεῖον.
3346 2872 3511 2931 Ἰδοὺ
3530 2873 3570 2942 ἡ
3584 2876 3719 2944 Παρ-

2157 2969 2331 3036 θένος
2349 2970 2420 3025 ἐν
2440 2969 2651 3039 γαστρί
2673 2969 2819 3035 ἕξει,
2852 2968 2951 3022 καὶ
2987 2968 3221 3033 τέξεται
3240 2968 3400 3023 υίόν.
3436 2969 3604 3020 Πᾶσα
3632 2968 3719 3049 μὲν

476 3075 590 3113 tum
653 3059 708 3113 iu
765 3069 922 3114 utero
956 3063 1113 3128 gerit,
1160 3076 1270 3113 non
1325 3070 1409 3116 est
1456 3061 1630 3131 virgo.
1683 3061 1810 3119 Hazc
1869 3073 2047 3119 autem

2166 3062 2222 3115 ὲν
2246 3061 2446 3131 γαστρὶ
2465 3059 2684 3130 ἔχουσα,
2711 3060 2811 3113 οὐκ
2841 3058 2958 3113 ἐστι
3008 3058 3300 3130 παρθένος.
3340 3056 3494 3128 Αὕτη
3551 3056 3607 3109 δὲ
3666 3059 3719 3108 ἐν

472 3149 640 3205 fetum
670 3150 725 3204 in
764 3160 917 3205 utero
948 3166 1144 3222 gerens
1181 3151 1285 3204 erit
1342 3152 1513 3221 virgo.
1543 3152 1697 3218 Quod
1730 3153 1949 3223 quidem
1984 3164 2044 3210 ut

2166 3153 2356 3222 γαστρὶ
2390 3152 2614 3223 ἔχουσα,
2650 3150 2923 3222 παρθένος
2954 3147 3045 3223 ἦν.
3070 3153 3161 3205 Διὸ
3187 3152 3285 3205 καὶ
3344 3150 3419 3215 ὡς
3478 3149 3710 3220 παραδο-

472 3241 793 3297 admirabile
822 3243 1197 3299 testimonium
1220 3252 1384 3315 atque
1404 3244 1665 3300 indicium
1696 3247 2043 3318 proponitur.

1082 3334 1355 3404 Ejusdem.

544 3432 835 3499 Antequam
863 3428 993 3482 sciat
1041 3444 1171 3497 puer
1221 3426 1436 3493 bonum,
1467 3438 1559 3482 aut
1595 3446 1820 3495 mantat,
1870 3446 2038 3499 repro-

478 3521 566 3574 bat
593 3521 855 3573 malitiam
902 3530 958 3573 ut
990 3518 1149 3589 eligat
1184 3520 1371 3575 bonum
1392 3521 1434 3573 ⁸.
1470 3520 1698 3577 Cuinam
1736 3538 1906 3593 puero
1938 3524 2051 3578 hzee

477 3600 624 3669 dices
651 3611 985 3669 convenire?
1019 3611 1177 3667 Solus
1206 3612 1459 3668 Christus
1496 3622 1781 3684 peccatum
1829 3616 2049 3686 (inquit)

479 3721 588 3761 non
617 3705 771 3774 fecit,
792 3720 896 3761 nec
926 3704 1183 3760 inventus
1214 3714 1299 3761 est
1319 3705 1479 3761 dolus
1510 3706 1565 3761 in
1587 3723 1682 3762 ore
1704 3706 1845 3777 ejus,
1870 3707 1923 3763 id
1944 3718 2050 3773 est,

480 3813 759 3869 nequere,
803 3812 980 3869 neque
1022 3798 1208 3854 verbis
1258 3799 1527 3869 peccavit.
1571 3799 1818 3857 Aliorum
1871 3810 2050 3856 autem

477 3892 721 3948 omnium
748 3890 928 3945 nullus
956 3890 1177 3961 (inquit)
1206 3906 1377 3963 purus
1402 3907 1433 3945 a
1464 3880 1705 3947 macula;

1156 4068 1206 4123 Μ
1217 4071 1388 4125 ichete.

554 4164 621 4219 Et
664 4173 742 4229 tu,
774 4162 1040 4217 Bethleem
1066 4173 1206 4218 terra
1239 4164 1399 4231 Iuda,
1449 4181 1779 4236 nequaquam
1832 4167 2052 4220 minima

481 4273 533 4311 es
574 4256 627 4309 in
658 4255 978 4324 principibus
1009 4254 1169 4309 Juda.
1194 4254 1276 4309 Ex
1306 4265 1354 4310 te
1383 4256 1520 4310 enim
1555 4258 1679 4311 nti/ti
1729 4256 1890 4311 exibit
1922 4258 2051 4323 dux,

484 4346 571 4415 qui
601 4352 744 4415 regat
770 4343 1018 4414 populum
1046 4361 1215 4399 meum
1241 4343 1495 4400 Israelem
1560 4385 1573 4399 .
1607 4344 1807 4401 Verum
1845 4354 1905 4401 ut
1950 4364 2039 4403 os-

2157 3244 2247 3310 ξον
2288 3247 2369 3310 εἰς
2400 3249 2629 3316 σημεῖον
2652 3245 2886 3299 δέδοται.

2791 3338 2903 3392 Τοῦ
2940 3336 3156 3395 αὐτοῦ.

2230 3427 2376 3497 Πρὶν
2391 3427 2431 3496 ἢ
2454 3425 2675 3497 γνῶναι
2691 3429 2759 3483 τὸ
2775 3428 3017 3483 παιδίον
3029 3429 3259 3500 ἀγαθὸν
3275 3430 3315 3500 ἢ
3334 3432 3556 3496 κακὸν,
3570 3430 3721 3486 ἀπει-

2165 3520 2260 3576 θεῖ
2278 3525 2536 3589 πονηρίᾳ
2565 3517 2673 3575 τοῦ
2697 3521 3067 3585 ἐκλέξασθαι
3092 3522 3161 3576 τὸ
3184 3520 3434 3590 ἀγαθόν.
3495 3525 3641 3594 Ποίῳ
3671 3524 3721 3577 δὲ

2163 3612 2317 3667 παιδὶ
2355 3611 2530 3666 ταῦτα
2554 3614 2968 3683 προσαρμόσας
3002 3614 3222 3681 ςΜόνος
3244 3615 3353 3686 γὰρ
3413 3617 3442 3669 6
3496 3614 3722 3686 Χριστὸς

2159 3702 2464 3773 ἁμαρτίαν,
2494 3705 2684 3773 φησιν,
2712 3706 2814 3758 οὐκ
2840 3705 3119 3774 ἐποίησεν,
3184 3705 3309 3759 οὐδὲ
3354 3706 3563 3777 εὑρέθη
3583 3706 3721 3767 δδλος

2160 3792 2218 3843 ὲν
2254 3790 2333 3861 τῷ
2372 3792 2607 3861 στόματι
2648 3792 2836 3859 αὐτοῦ,
2882 3793 3162 3849 τουτέστιν
3194 3794 3320 3850 οὕτε
3382 3796 3558 3867 λόγῳ,
3609 3797 3723 3851 οὔτε

2160 3882 2309 3954 εργῳ
2337 3883 2653 3954 ἡμάρτηκε.
2683 3881 2804 3939 Τῶν
2826 3884 3004 3940 ἄλλων
3023 3885 3080 3939 δὲ
3106 3885 3322 3942 πάντων
3344 3886 3548 3954 οὐδεὶς,
3578 3889 3723 3959 φησι,

2162 3974 2400 4044 καθαρὸς
2427 3974 2537 4029 ἀπὸ
2569 3975 2767 4046 ῥύπου.

2830 4070 3111 4139 Μιχαίου.

2230 4156 2342 4212 Καί
2369 4157 2473 4224 σὺ,
2487 4160 2762 4231 Βηθλεὲμ
2783 4159 2859 4230 τῆ
2891 4161 3112 4229 Ἰούδα,
3138 4162 3415 4234 οὐδαμῶς
3430 4163 3724 4235 ἐλαχίστη

2160 4245 2298 4305 εἶέν
2319 4251 2444 4318 τοῖς
2487 4252 2785 4323 ἡγεμόσιν
2818 4254 3026 4311 Ἰούδα.
3058 4255 3160 4311 Ἐκ
3183 4258 3302 4313 σοῦ
3346 4258 3461 4328 γάρ
3486 4245 3726 4329 pateﬁe-

2158 4343 2442 4397 λεύσεται
2463 4345 2815 4414 ἡγούμενος,
2833 4346 3004 4414 ὅστις
3025 4349 3307 4412 ποιμανεῖ
3320 4350 3427 4404 τὸν
3444 4352 3606 4405 λαόν
3618 4368 3727 4421 μου

484 4437 733 4491 tenderet
756 4436 900 4491 hunc
932 4451 1040 4491 non
1066 4451 1188 4492 esse
1220 4436 1496 4492 hominem
1530 4438 1735 4493 nudum
1771 4448 1826 4494 et
1852 4441 2047 4504 solum,

2166 4434 2261 4484 τὸν
2290 4432 2558 4500 Ἰσραήλ.
2596 4434 2714 4488 ’Ίνα
2745 4436 2803 4489 δὲ
2825 4436 3036 4507 διδάξῃ,
3060 4439 3256 4492 ὅτιούκ
3276 4440 3424 4493 ἐστιν
3443 4442 3727 4512 ἄνθρωπος

482 4528 577 4582 scd
611 4542 733 4582 cum
766 4524 876 4581 Deo
910 4528 1285 4597 conjunctum,
1307 4528 1506 4599 adjecit
1536 4544 1551 4583 :
1587 4529 1777 4584 Exitus
1830 4531 1946 4600 ejus
1990 4532 2057 4585 ab

408 4668 417 4673 -
483 4620 655 4684 initio,
690 4634 723 4672 a
774 4618 956 4672 diebus
984 4618 1169 4674 swculi
1198 4620 1239 4675 ‘.
1267 4619 1545 4687 Actiones,
1596 4620 1794 4688 inquit,
1822 4622 1941 4691 ejus
1988 4622 2055 4676 ad

483 4710 819 4766 divinitatem
869 4711 1228 4781 pertinentes,
1278 4709 1361 4766 vel
1394 4720 1547 4767 ortus
1585 4712 1724 4781 ejus,
1773 4712 1840 4767 ab
1880 4712 2055 4777 initio,

484 4817 546 4857 ex
580 4804 761 4857 satculi
808 4803 1114 4867 intervallo,
1153 4804 1256 4858 hoc
1282 4812 1387 4866 est,
1429 4804 1499 4859 ab
1548 4806 1697 4858 omni
1727 4804 2051 4859 aeternitate.

486 4894 787 4950 Zorobabel
823 4905 1002 4951 autem
1036 4895 1306 4967 Babylone
1354 4904 1516 4950 natus
1559 4905 1663 4953 est.
1690 4894 1851 4951 Vides
1875 4896 2061 4968 exqui-

484 4988 742 5043 sitissime
762 4989 1085 5044 subductam
1120 4988 1385 5044 rationem
1417 4988 1485 5044 ad
1521 4988 1698 5044 locum
1734 4989 1938 5059 'usque,
2004 4989 2059 5043 in

490 5092 597 5146 quo
628 5087 785 5133 natus
816 5087 899 5133 est
927 5076 1199 5132 Christus.

1190 5252 1397 5311 Daniel.

560 5343 799 5396 Videbam
842 5345 897 5396 in
926 5342 1124 5397 visione
1177 5346 1363 5409 noctis,
1416 5357 1463 5400 et
1496 5364 1610 5403 ecce
1668 5364 1783 5403 tum
1834 5349 2055 5404 nubibus

2159 4525 2316 4592 ψιλὸς
2342 4542 2518 4591 οοτος,
2588 4526 2705 4581 ἀλλ’
2745 4529 3022 4598 ἡνωμένος
3069 4528 3211 4600 Θεῷ,
3268 4532 3643 4604 προσέθηκεν,
3670 4534 3729 4587 Al

2164 4616 2368 4681 ἔξοδοι
2392 4617 2583 4673 αὐτοῦ
2612 4619 2715 4674 ἀπ’
2735 4620 2931 4689 ἀρχῆς
2958 4622 3059 4690 ἀφ’
3084 4622 3323 4691 ἡμερῶν
3367 4622 3593 4692 αἰῶνος
3620 4641 3636 4657 σ
3677 4624 3729 4676 al

2164 4707 2306 4762 κατὰ
2333 4710 2434 4781 τὴν
2453 4710 2707 4780 ϐιότητα,
2745 4714 2933 4784 φησὶν,
2961 4713 3236 4783 ἐνέργειαι
3269 4714 3463 4782 αὐτοῦ,
3493 4716 3531 4786 ἢ
3553 4717 3587 4785 ἠ
3611 4714 3727 4785 γέν·

2164 4818 2318 4870 νησις
2345 4803 2512 4857 αὑτοῦ
2541 4804 2640 4859 ἀπ’
2678 4806 2853 4877 ἀρχῆς
2909 4809 2975 4859 tx
3030 4807 3422 4878 διαστημάτων
3515 4809 3729 4871 αἰῶνος,

2165 4892 2333 4961 ἤγουν
2366 4895 2599 4955 αίώλνιοι.
2637 4898 2697 4951 '0
2713 4898 2771 4951 δὲ
2797 4899 3106 4969 Ζοροδὰδελ
3133 4902 3191 4953 ὲν
3216 4899 3506 4955 Βαϐυλῶνι
3545 4902 3729 4970 γετένο

2165 5001 2349 5053 νηται.
2393 4986 2557 5058 Ὀρᾷς
2588 4987 2977 5057 ἀκριϐολογίαν
2999 4989 3165 5059 μέχρι
3189 4988 3285 5042 καὶ
3336 4987 3434 5043 τοῦ
3457 4980 3730 5057 τόπου,οὒ

2127 5093 2132 5099 ·
2165 5075 2193 5127 6
2215 5074 2448 5146 Χριστὸς
2506 5078 2828 5147 γεγέννηται
2855 5095 2872 5144 ;

2817 5265 3059 5318 Aurum.

2817 5265 2957 5316 Δανι
2999 5266 3059 5318 .l.

2247 5351 2569 5419 Ἐθεώρουν
2585 5352 2653 5407 ἐν
2671 5352 2918 5424 ὁράματι
2937 5262 3037 5423 cf};
3062 5357 3307 5424 νυκτὸς,
3321 5358 3423 5413 καί
3443 5358 3583 5415 ιδοὺ
3590 5358 3734 5429 μετὰ

483 5434 597 5487 caeli
630 5433 782 5501 quasi
810 5431 953 5501 ﬁlius
983 5434 1211 5487 hominis
1242 5436 1496 5501 veniebat,
1547 5449 1596 5492 et
1658 5440 1727 5492 ad
1765 5440 2047 5510 Antiquum

2166 5441 2279 5495 τῶν
2308 5443 2582 5511 νεφελῶν
2620 5445 2729 5500 τοῦ
2764 5448 3046 5516 οὐρανοῦ,
3072 5450 3217 5504 ὡσεί
3251 5452 3384 5518 υίὸς
3414 5453 3734 5521 ἀνθρώπου

486 5523 689 5576 dierum
731 5523 972 5586 accessit,
1028 5531 1077 5576 et
1132 5525 1201 5576 ad
1265 5525 1375 5591 ejus
1429 5542 1751 5597 conspectum
1800 5534 2047 5587 adductus

2166 5540 2488 5606 ἐρχόμενος
2513 5536 2610 5609 ἦν.
2640 5542 2748 5596 Kal
2777 5542 2887 5609 ἓως
2919 5545 3022 5599 τοῦ
3054 5547 3323 5604 Παλαιοῦ
3352 5548 3473 5602 τῶν
3498 5549 3734 5622 ἠμείῶν

454 5754 459 5759 .
559 5706 578 5738 ⁸
609 5706 728 5760 Bar.
772 5719 853 5767 ut.
889 5703 943 5768 6,
988 5706 1075 5763 38.
1154 5711 1174 5741 '
1205 5708 1308 5766 lsa.
1344 5727 1504 5777 xxxv,
1530 5714 1584 5768 4.
1668 5716 1686 5746 ³
1716 5716 1846 5771 ibid.
1880 5717 1934 5782 5,
1972 5717 2022 5773 6.

2188 5717 2289 5773 lsa.
2331 5738 2426 5786 vn,
2463 5723 2544 5777 Η.
2622 5728 2641 5757 ⁸
2698 5726 2828 5782 ibid.
2869 5730 2949 5785 l5.
3032 5732 3051 5764 ⁸
3081 5733 3242 5789 Mich.
3285 5753 3335 5795 ν.
3389 5736 3445 5792 2.
