3954 6550
115 1388 122 1396 ,
226 1338 336 1399 τὴν
373 1339 780 1411 δικαιοσύνην
800 1352 931 1409 σουξ
959 1346 1040 1412 τῷ
1068 1347 1177 1412 υίῷ
1221 1350 1327 1404 τοῦ
1368 1351 1699 1420 βασιλέως.
1745 1356 1807 1408 '0

250 301 356 366 269
1170 312 1546 375 PANOPLIA
1592 317 2053 384 DOGMATICA.
2090 349 2157 360 -
2197 310 2349 388 'l‘l‘l‘.
2394 328 2564 390 vm.

3414 337 3522 404 270

240 416 489 482 ἔφθασε,
509 409 602 465 καὶ
625 413 887 470 ἐνώπιον
902 416 1093 475 αὐτοῦ
1113 425 1530 493 προσηνέχθη,
1554 427 1651 482 καὶ
1668 431 1792 483 αὐτα

1935 445 2033 497 est,
2065 443 2113 487 et
2137 436 2293 489 (latus
2323 446 2397 490 est
2432 437 2513 491 illi
2540 440 2726 503 honor,
2761 449 2809 494 et
2849 442 3152 509 imperium,
3183 451 3234 499 et
3277 463 3520 519 regnum,

237 506 416 607 ἐδόθη
462 505 499 570 ἡ
526 504 706 571 ἀρχὴ,
739 508 839 561 καὶ
872 511 909 578 ἡ
952 512 1124 581 τιμὴ,
1171 516 1269 567 καὶ
1302 517 1338 582 ἠ
1367 517 1683 584 βασιλεία,
1724 538 1792 574 xu

1930 536 1980 580 et
2006 544 2185 583 omnes
2215 532 2419 599 populi,
2451 532 2643 601 tribus,
2687 533 2885 607 lingua:
2914 539 3151 593 serviunt
3196 541 3300 597 illi.
3335 504 3524 598 vI’o’e;

237 596 464 661 πάντες
496 598 545 649 οί
570 599 733 662 λαοί,
760 602 969 667 φυλαὶ,
996 604 1277 673 γλῶσσαι
1307 607 1470 672 αὐτῷ
1491 611 1790 667 δουλεύου

1926 631 2041 674 stas
2073 621 2189 691 ejus
2213 632 2444 692 potestas
2487 627 2826 691 sempiterna,
2860 645 2977 697 qua
3018 647 3119 685 non
3149 637 3519 703 pertransibit,

232 704 358 746 σιν.
401 693 474 745 Ἠ
489 689 743 753 ἐξουσία
772 696 969 750 αὐτοῦ
1005 698 1262 762 ἐξουσία
1290 702 1548 769 αἰώνιος,
1585 706 1719 774 ἣτις
1747 725 1792 761 οι

1928 724 1975 769 et
2033 731 2251 787 regnum
2303 718 2451 772 illius
2525 735 2630 773 non
2669 725 2991 779 evertetur‘.
3032 689 3231 797 Ecquis
3295 737 3378 783 est
3434 730 3522 785 hic

232 782 689 850 παρελεύσεται.
711 786 817 838 Καὶ
838 788 875 852 ἡ
889 790 1183 852 βασιλεία
1198 795 1387 848 αὐτοῦ
1403 798 1476 850 οὐ
1488 797 1787 867 διαφθαρή

1923 807 2064 862 ﬁlius
2110 809 2366 868 hominis.
2404 812 2497 881 qui
2549 820 2876 881 potestatem
2946 782 3145 888 accipi;
3211 820 3517 875 absolutam

231 890 423 928 σεται.
455 874 552 936 Τίς
582 874 677 928 οὖν
707 880 878 942 ἐστιν,
904 883 932 934 ὁ
959 882 1034 946 ὡς
1056 885 1169 948 υἱὸς
1188 885 1481 957 ἀνθρώπου
1507 890 1692 943 λαϐὼν
1715 894 1792 962 τὴε

1924 898 1977 952 in
2078 914 2270 955 omnes
2351 916 2414 956 ac
2470 936 2473 937 ν
2511 903 2953 972 sempiternam?
3040 907 3213 963 Homo
3244 960 3263 979 ,
3296 911 3516 978 quidem

229 966 483 1032 ἐξουσίαν
557 972 935 1043 ἀναφαίρετον
986 976 1129 1028 κατὰ
1183 977 1446 1041 πάντων;
1481 981 1792 1053 Ἄνθρωποέ

1941 995 2168 1049 omnino
2229 996 2431 1060 nullus,
2482 998 2577 1053 sed
2625 998 2739 1070 ipse
2812 1000 2957 1056 Deus
3010 1013 3064 1057 et
3120 1003 3283 1058 homo
3349 1005 3521 1062 Chri-

233 1064 330 1128 μὲν
382 1064 607 1125 πάντως
663 1066 860 1130 οὐδεὶς,
912 1068 940 1119 6
988 1068 1343 1140 θεάνθρωπος
1417 1072 1477 1126 δὲ
1547 1075 1784 1144 Χριστὸς

1916 1092 2075 1141 stus.
2128 1086 2205 1141 De
2282 1104 2392 1157 quo
2459 1100 2514 1144 et
2565 1064 2732 1147 David
2807 1093 2973 1148 Deum
3040 1077 3098 1150 et~
3146 1098 3361 1153 Patrem
3432 1098 3515 1154 sic

227 1152 355 1223 περὶ
376 1171 439 1207 on
475 1156 572 1209 καὶ
598 1159 626 1209 6
665 1158 834 1211 Δαϐὶδ
863 1158 1056 1229 εἴρηκε
1093 1164 1228 1230 προς
1255 1164 1348 1216 τὸν
1381 1165 1518 1219 Θεὸν
1551 1169 1643 1219 καὶ
1691 1169 1792 1221 ιΙα·

1913 1176 2207 1246 alloquitur
2237 1194 2251 1229 :
2300 1152 2463 1246 Deus,
2489 1180 2754 1248 judicium
2791 1193 2936 1238 tuum
2972 1188 3081 1256 regi
3117 1191 3209 1251 da,
3252 1152 3302 1243 et
3351 1152 3527 1258 justi-

226 1246 377 1316 τέρα’
410 1247 480 1301 '0
510 1251 675 1316 Θεές,
708 1251 778 1304 τὸ
801 1254 980 1322 κρίμα
1008 1268 1126 1308 σου
1160 1256 1240 1321 τῷ
1266 1258 1523 1322 ,βασιλεῖ
1550 1260 1678 1326 δὸς,
1709 1279 1792 1315 και

1912 1270 2089 1324 titiam
2128 1280 2274 1325 tuam
2307 1272 2419 1341 ﬁlio
2445 1276 2580 1344 regis
2602 1278 2643 1331 ¹.
2674 1276 2929 1334 Christus
2951 1282 3100 1336 enim
3139 1291 3194 1337 et
3251 1246 3512 1344 uti'Deus

227 1433 463 1501 Χριστὶς
494 1435 607 1505 γὰρ
648 1437 742 1490 καὶ
781 1437 859 1498 ὡς
915 1439 1049 1502 Θεὸς
1080 1440 1339 1511 βασιλεύς
1374 1444 1515 1509 ἐστι,
1548 1447 1641 1498 καὶ
1691 1448 1806 1512 υἱὸς

226 1530 515 1599 βασιλέως.
555 1532 667 1586 Καὶ
684 1534 761 1598 ὡς
820 1534 1109 1605 ἄνθρωπος
1147 1537 1404 1608 βασιλεὺς
1460 1542 1676 1609 γέγονε,
1708 1548 1803 1596 καὶ

224 1624 331 1688 υἱὸς
359 1625 633 1695 βασιλέως
670 1627 767 1682 τοῦ
791 1630 973 1693 Δαδιδ,
1008 1632 1092 1684 διὸ
1116 1675 1121 1680 .
1142 1633 1240 1686 καὶ
1298 1632 1529 1701 ὕστερον
1588 1634 1801 1704 ἔλεγεν,

232 1715 433 1785 Ἐδόθη
464 1736 571 1788 μοι
600 1721 857 1785 ἐξουσία
886 1722 956 1775 ἐν
984 1724 1223 1791 οὐρανῷ
1240 1726 1337 1779 καὶ
1369 1725 1467 1779 ἐπὶ
1499 1725 1631 1795 γῆς.
1657 1729 1801 1798 Πρὸς

222 1808 279 1860 ὃν
304 1812 330 1861 6
377 1814 572 1882 Πατὴρ
608 1815 751 1883 μετὰ
788 1814 849 1867 τὸ
878 1814 1069 1868 λαϐεῖν
1100 1816 1201 1887 τὴν
1231 1817 1536 1887 βασιλείαν,
1577 1819 1656 1883 ὡς
1712 1820 1798 1872 ἄνα
1834 1798 1877 1855 Β

220 1904 433 1972 ορωπον
459 1905 639 1973 ἔλεγε,
656 1905 856 1960 Κάθου
878 1907 944 1962 ἐκ
963 1905 1180 1971 δεξιῶν
1199 1925 1342 1976 μου.
1369 1905 1522 1963 Eine
1542 1910 1671 1981 γὰρ,
1698 1927 1801 1979 φη-

221 1994 370 2061 σὶν,ὁ
399 1998 620 2065 Κύριος
644 1997 723 2063 τῷ
754 2001 947 2066 Κυρίῳ
959 2015 1100 2068 μου·
1120 2001 1319 2063 Κάθου
1350 2002 1419 2055 ἐκ
1450 2001 1667 2066 δεξιῶν
1682 2022 1802 2072 μου

218 2088 324 2155 ἕως
347 2090 426 2143 ἂν
453 2090 542 2145 θῶ
566 2091 711 2157 τοὺς
740 2090 997 2159 ἐχθρούς
1020 2105 1140 2145 σου
1168 2092 1506 2148 ὑποπόδιον
1529 2092 1648 2147 τῶν
1695 2110 1804 2147 πο-

217 2181 333 2234 δῶν
354 2199 494 2237 σου.
530 2185 601 2237 Ἢ
633 2184 778 2246 τινες
812 2184 953 2238 εἰσὶν
989 2186 1083 2239 δύο
1112 2184 1294 2256 κύριοι
1316 2185 1410 2239 τοῦ
1448 2187 1634 2252 Δαϐὶδ,
1670 2188 1802 2257 περὶ

217 2268 289 2328 ὧν
308 2276 336 2326 ό
374 2276 566 2344 λόγος,
589 2278 637 2330 εἰ
668 2277 743 2347 μὴ
770 2280 998 2343 τούτους
1032 2279 1180 2348 ἐρεῖς
1211 2294 1225 2342 ;
1262 2278 1446 2331 Εἰπὼν
1472 2280 1529 2332 δὲ
1552 2281 1581 2332 6
1610 2280 1798 2344 Δαόὶδ,

228 2367 286 2421 '0
316 2367 482 2432 Θεὸς,
503 2370 577 2420 τὸ
596 2370 774 2437 κρίμα
785 2383 903 2423 σου
921 2367 1002 2434 τῷ
1016 2368 1274 2434 βασιλεῖ
1290 2368 1418 2436 δὸς,
1444 2371 1627 2426 καὶτὰ
1645 2371 1798 2441 ἑξῆς,

220 2461 650 2531 προσεπήγαγεν
666 2460 749 2513 ὃτι
766 2459 888 2528 Πρὸ
911 2461 1019 2514 τοῦ
1035 2462 1216 2530 ἡλίου
1236 2462 1502 2532 διαμένει
1524 2463 1591 2516 τὸ
1610 2462 1799 2528 ὄνομα

217 2553 415 2618 αὐτοῦ,
452 2554 521 2606 τὸ
547 2553 649 2624 τῆς
677 2553 1012 2625 θεότητο;,ἣ
1051 2554 1155 2622 τῆς
1212 2554 1466 2626 υῐότητος
1525 2554 1795 2625 δηλονότι.

227 2646 331 2698 Ἀεὶ
361 2646 472 2717 γὰρ
507 2642 582 2718 ἦν
607 2647 916 2719 ἀμφότερα.
937 2647 1033 2709 Ti;
1057 2646 1151 2701 οὖν
1188 2648 1217 2701 6
1236 2646 1482 2711 τοιοῦτος
1514 2647 1793 2718 βασιλεὺς,

215 2740 260 2792 ει
297 2740 367 2811 μὴ
386 2759 551 2805 omo;
584 2759 600 2809 ;
632 2742 736 2795 τίνι
759 2741 817 2795 δὲ
848 2742 944 2796 καὶ
974 2743 1156 2797 πάντα
1184 2742 1255 2795 τὰ
1284 2741 1414 2813 ἔθνη
1444 2742 1791 2808 ὲδούλευσαν,

216 2833 305 2885 καὶ
332 2833 804 2905 ὲνευλογὴθησαν,
844 2834 936 2888 καὶ
995 2834 1370 2905 ὲμακάρισαν,
1402 2835 1452 2887 εἰ
1513 2833 1590 2905 μὴ
1631 2835 1795 2904 μόνον

212 2927 297 2979 τδν
323 2927 565 2996 Χριστόν
588 2944 605 2996 ;
629 2929 679 2982 sl
705 2927 844 2981 δ’ἒτι
874 2917 1195 2999 περιμένεις
1223 2927 1410 2993 αὑτὸν,
1437 2928 1526 2981 ὅτε
1551 2931 1577 2981 ὁ
1602 2927 1795 2991 Ἠλίας

212 3018 613 3091 προδραμεῖται
640 3020 853 3087 τούτου,
882 3020 982 3091 τὴν
1007 3020 1268 3091 δευτέραν
1296 3020 1529 3075 κάθοδον
1549 3020 1644 3074 τοῦ
1670 3020 1786 3074 Σω-

1909 1378 2001 1417 rex
2040 1373 2146 1428 est,
2174 1377 2229 1418 ct
2261 1366 2401 1419 ﬁlius
2426 1369 2607 1438 regis;
2650 1381 2706 1425 et
2739 1372 2818 1426 uti
2852 1373 3018 1429 homo
3056 1360 3232 1431 lactus
3259 1387 3345 1439 est
3384 1396 3511 1445 rex,

1907 1463 1962 1507 et
1990 1454 2132 1509 ﬁlius
2158 1456 2321 1526 regis,
2356 1472 2556 1527 nempe
2582 1460 2819 1517 Davidis.
2846 1462 2924 1517 Ex
2953 1480 3062 1534 quo
3088 1478 3275 1536 postea
3311 1454 3511 1526 :Datu

1907 1556 2003 1611 est,
2040 1546 2236 1617 inquit,
2289 1550 2421 1602 mihi
2485 1552 2656 1606 omnis
2722 1564 2957 1625 potestas
3021 1559 3077 1612 iu
3152 1565 3281 1615 casto
3348 1572 3398 1616 et
3454 1566 3512 1617 in

1907 1649 2052 1691 terra
2086 1638 2127 1691 ⁸.
2161 1638 2242 1693 Ad
2270 1653 2432 1708 quem
2484 1642 2667 1708 Pater,
2728 1656 3039 1717 postquam,
3081 1658 3141 1703 nt
3180 1651 3368 1717 homo,
3411 1668 3515 1723 po-

1907 1739 2158 1789 testatem
2217 1734 2426 1803 accepit
2467 1751 2481 1788 :
2520 1733 2673 1800 Sede,
2736 1740 2938 1808 inquit,
2989 1758 3023 1795 α
3084 1743 3286 1800 dextris
3357 1748 3509 1803 meis.

1911 1824 2054 1879 Dixit
2089 1828 2236 1881 enim
2276 1829 2359 1897 (ut
2410 1828 2485 1882 ait
2542 1828 2737 1900 David)
2790 1831 3042 1888 Dominus
3075 1835 3314 1902 Domino
3368 1856 3512 1907 meo,

1910 1918 2047 1973 Sede
2087 1938 2119 1973 a
2147 1921 2350 1974 dextris
2402 1923 2560 1988 meis,
2640 1924 2806 1978 donec
2850 1941 3045 1991 ponam
3092 1931 3335 1986 inimicos
3390 1943 3508 1988 tuos

1905 2011 2193 2066 scabellum
2216 2013 2406 2082 pedum
2432 2023 2642 2068 tuorum
2679 2016 2720 2069 ⁸.
2743 2016 2978 2083 Quinam
3018 2030 3146 2076 sunt
3175 2023 3228 2077 hi
3260 2025 3371 2080 duo
3404 2024 3512 2082 Do-

1906 2103 2037 2157 mini
2071 2105 2245 2174 ipsius
2280 2105 2522 2168 Davidis.
2560 2108 2667 2162 nisi
2721 2109 2821 2164 bos
2847 2114 3233 2169 concesseris?
3264 2118 3338 2172 At
3374 2132 3504 2173 cum

1904 2196 2132 2252 dixisset
2186 2198 2353 2253 David
2395 2212 2410 2251 :
2449 2198 2608 2263 Deus,
2666 2200 2929 2268 judicium
2956 2212 3105 2257 tuum
3143 2209 3254 2279 regi
3282 2210 3375 2273 da.
3442 2220 3505 2267 et

1902 2305 2025 2359 quae
2086 2300 2409 2360 sequuntur,
2490 2292 2775 2361 subjecit:
2821 2292 3086 2360 Quoniam
3166 2307 3290 2355 ante
3337 2304 3505 2360 sulem

1900 2389 2176 2450 permanet
2196 2396 2383 2435 nomen
2419 2380 2533 2450 ejus
2567 2380 2610 2444 ',
2639 2396 2838 2437 nomen
2901 2383 3037 2439 illud
3106 2387 3294 2458 utique
3355 2391 3505 2460 quod

1904 2471 2055 2526 illum
2096 2473 2291 2537 Deum,
2322 2484 2417 2528 aut
2448 2473 2644 2528 Filium
2686 2489 2805 2530 esse
2853 2474 3216 2534 demonstrat.
3273 2479 3504 2552 Semper

1900 2564 2044 2619 enim
2076 2576 2368 2637 utrumque
2408 2565 2534 2621 fuit.
2577 2567 2775 2637 Ecquis
2808 2567 2969 2639 igitur
3023 2572 3292 2641 ejusmodi
3377 2589 3503 2643 rex,

1900 2656 2007 2710 nisi
2036 2656 2125 2712 hic
2154 2657 2178 2710 ἲ
2210 2657 2320 2712 Cui
2373 2658 2683 2712 servierunt
2725 2674 2917 2715 omnes
2950 2672 3159 2731 gentes,
3191 2665 3296 2719 nisi
3337 2666 3502 2720 Chri-

1898 2745 2241 2811 sto?Quem
2292 2746 2400 2800 nisi
2447 2746 2726 2801 Christum
2783 2749 3182 2815 collaudarunt,
3246 2752 3500 2808 beatum-

1896 2854 2003 2908 que
2025 2839 2510 2909 prtedicaverunt?
2557 2839 2654 2893 Sin
2714 2840 2894 2895 adhuc
2945 2842 3126 2912 ipsum
3184 2856 3495 2916 exspectas,

1895 2931 2075 3001 quoad
2123 2940 2422 3002 praecurrat
2476 2930 2645 2997 Elias,
2701 2933 3003 2988 secundum
3055 2933 3363 2993 Senatoris
3402 2942 3498 2993 de-

1895 3038 2150 3081 scensum
2171 3033 2477 3094 exspectas,
2499 3040 2622 3079 cum
2646 3025 2819 3080 aderit
2837 3026 3026 3082 mundi
3045 3027 3190 3084 linis.
3213 3027 3344 3084 Nam
3363 3046 3491 3087 cum

214 3116 368 3185 τῆρος
386 3115 514 3196 λέγε
525 3132 595 3180 ις,
618 3116 707 3169 ὅτε
727 3115 821 3169 καὶ
844 3116 877 3186 ὴ
896 3115 990 3168 τοῦ
1008 3116 1218 3186 κόσμου
1234 3116 1536 3170 συντέλεια.
1556 3115 1659 3168 Δύο
1679 3115 1787 3186 γὰρ

1901 3118 2003 3173 duo
2035 3117 2365 3175 sintChristi
2407 3117 2730 3181 descensus,
2779 3133 2922 3174 unus
2949 3133 3073 3174 cum
3121 3121 3189 3175 ad
3233 3132 3487 3178 naturam

214 3208 375 3260 οὐσῶν
393 3192 667 3272 καθόδω-ι,
691 3209 791 3279 τῆς
820 3208 920 3279 μὲν
947 3209 1089 3263 κατὰ
1117 3209 1217 3280 τὴν
1239 3208 1399 3263 ὲνανθ
1410 3206 1666 3279 ρὼπησιν
1690 3208 1788 3261 αὒ-

214 3302 417 3373 τοῦ,τῆς
442 3303 505 3356 δὲ
539 3302 685 3356 κατὰ
706 3304 808 3375 τὴν
828 3303 1133 3372 μέλλουσαν
1159 3303 1503 3373 παγκόσμιον
1525 3300 1728 3372 κρίσιν,
1749 3302 1784 3372 ἠ

218 3398 306 3467 μὲν
334 3398 435 3467 ἤδη
464 3397 726 3466 γέγονεν,
757 3392 827 3468 ἧς
860 3396 1175 3468 πρόδρομος
1206 3397 1493 3467 Ἰωάννης,
1534 3397 1562 3448 6
1596 3393 1786 3447 δεύτε-

219 3506 300 3558 ρος
345 3490 543 3553 Ἠλίας
577 3502 594 3518 ⁸
638 3491 672 3560 ἠ
733 3489 793 3542 δὲ
857 3490 1153 3560 γενήσεται
1221 3488 1539 3561 πρόδρομον
1586 3487 1787 3557 ἔχουσα

215 3582 394 3635 Ἦλίαν
415 3583 515 3635 τὸν
542 3582 796 3652 δεύτερον
828 3581 1110 3652 Ἰωάννην.
1149 3580 1511 3659 ’Λμφότεροιηλ
1531 3579 1641 3649 γὰρ
1683 3576 1780 3631 τοῦ

217 3674 371 3728 αὗτοῦ
424 3672 780 3745 Πνεῦματος,
830 3674 928 3728 sui.
972 3674 1076 3744 τῆς
1130 3673 1303 3745 αὐτῆς
1349 3673 1600 3745 χάριτος,
1693 3664 1790 3726 καῖ

218 3766 515 3836 δυνάμεως,
556 3766 681 3822 ὅσον
711 3768 793 3832 εἰς
818 3766 882 3820 τὸ
907 3765 1235 3839 προτρέχειν
1271 3766 1538 3837 Χριστοῦ.

278 3861 378 3914 Τὸν
400 3862 748 3931 ἡλειμμένον
769 3860 865 3913 καλ⁵
899 3861 1155 3929 μεσσίαν,
1186 3858 1246 3911 ὃν
1272 3856 1668 3927 ἀπεκδέχεσθε,
1699 3857 1790 3927 ψι-

217 3952 297 4016 λός
318 3955 464 4008 ἔστιν
508 3952 882 4023 ἄνθρωπος,ἢ
912 3950 1267 4022 θεάνθρωπος
1292 3966 1308 4016 ;
1339 3950 1402 4003 El
1433 3949 1537 4021 μὲν
1563 3949 1671 4020 γὰρ
1695 3950 1789 4021 ψι-

215 4042 292 4106 λὸς
337 4045 648 4114 ἄνθρωπος,
677 4044 776 4097 οὐκ
804 4044 949 4096 ἔστιν
975 4042 1032 4095 ὃν
1071 4042 1121 4094 οἱ
1162 4041 1445 4112 προφῆται
1481 4038 1782 4111 κατήγγειο

217 4134 325 4189 λαν.
354 4129 518 4190 Οὗτοι
552 4137 663 4206 γὰρ
695 4137 895 4206 σημεῖα
923 4134 1180 4204 θεότητος
1234 4132 1383 4204 αὐτῷ
1407 4132 1785 4205 προστιθέασι,
1844 4206 1847 4209 _

216 4227 607 4292 διαστέλλοντες
642 4228 752 4282 ἀπὸ
788 4227 897 4281 τῶν
936 4225 1110 4296 ψιλῶν
1157 4225 1482 4297 ἀνθρώπων.
1540 4227 1649 4279 Καὶ
1689 4226 1786 4278 πό-

218 4319 546 4373 Θενᾶλλοθεν
590 4317 851 4389 μαθόντες
908 4316 1247 4387 προσδοκᾶτε
1312 4315 1551 4380 τοῦτονς
1596 4316 1659 4369 Ei
1722 4315 1780 4368 δὲ

218 4409 558 4479 Θεάνθρωπός
588 4412 758 4475 ἐστιν,
791 4409 900 4462 ἰδοὺ
930 4411 1023 4461 καὶ
1077 4408 1205 4461 ἄλλο
1258 4407 1550 4477 πρόσωπον
1592 4406 1783 4477 θεότη-

1899 3209 2191 3265 humanam
2214 3209 2600 3265 assumendam
2624 3209 2797 3275 venit,
2819 3210 2959 3266 alter
2976 3226 3100 3267 cum
3118 3213 3302 3268 veniet
3322 3215 3490 3283 adju-

1897 3300 2193 3355 dicandum
2233 3301 2432 3356 orbem
2472 3300 2821 3367 universum,
2845 3300 3130 3372 priorjam
3160 3302 3287 3367 fuit,
3327 3304 3489 3374 cujus

1896 3408 2202 3465 praecursor
2218 3400 2475 3462 tanquam
2494 3392 2634 3448 alter
2655 3392 2801 3448 Elias
2817 3392 3057 3450 Joannes
3071 3394 3491 3466 exstitit,poste-

1897 3487 2010 3541 rior
2040 3487 2163 3552 erit,
2184 3495 2239 3541 et
2262 3486 2435 3540 Etiam
2459 3495 2717 3556 tanquam
2746 3486 2979 3541 alterum
3004 3484 3276 3542 Joannem
3305 3489 3483 3545 habe-

1894 3578 1975 3634 bit
1991 3592 2404 3648 praecursorem.
2425 3577 2602 3633 Ambo
2620 3578 2766 3632 enim
2797 3587 2925 3632 sunt
2951 3578 3196 3649 ejusdem
3224 3579 3484 3651 Spiritus,

1892 3678 1950 3727 et
1967 3669 2212 3741 ejusdem
2244 3670 2428 3742 gratiae
2462 3678 2626 3740 atque
2648 3670 2885 3737 virtutis,
2909 3679 3181 3741 quatenus
3206 3671 3484 3730 Christum

1896 3771 2261 3833 praecurrunt.
2886 3792 2889 3793 ν

1970 3858 2183 3914 Unctus
2218 3856 2306 3911 ille
2331 3865 2387 3911 et
2412 3855 2655 3921 Messias,
2686 3870 2847 3927 quem
2874 3856 3224 3927 exspectatis,
3258 3865 3343 3913 est
3376 3872 3482 3928 pu-

1896 3965 1992 4006 rus
2023 3950 2209 4015 homo,
2243 3963 2313 4003 an
2347 3950 2492 4004 Deus
2518 3959 2574 4004 et
2619 3949 2832 4003 homo?
2862 3947 2996 4003 Nam
3028 3949 3072 4004 si
3111 3963 3282 4020 purus
3315 3950 3482 4004 homo
3534 3942 3539 3951 ’

1896 4051 2005 4109 est,
2044 4058 2154 4098 non
2180 4050 2265 4098 est
2297 4042 2409 4108 ille,
2441 4056 2602 4112 quem
2645 4041 3021 4112 pmdixeruut
3051 4041 3348 4109 prophetae,
3382 4040 3478 4111 qui

1898 4137 2055 4208 signa
2075 4137 2126 4191 ei
2174 4134 2479 4189 divinitatis
2535 4133 2924 4200 adjunxerunt,
2954 4141 3015 4186 ut
3063 4131 3244 4201 ipsum
3268 4146 3300 4187 a
3327 4133 3478 4201 puris

1897 4237 1952 4282 et
1980 4226 2147 4281 meris
2179 4224 2496 4280 hominibus
2529 4232 2865 4294 separarent,
2888 4236 2985 4276 vos
3019 4231 3197 4277 autem
3219 4236 3250 4276 a
3280 4222 3480 4291 quibus

1894 4317 2016 4371 aliis
2059 4315 2326 4372 didicistis
2354 4324 2510 4370 notas
2539 4325 2592 4369 et
2621 4314 2772 4386 signa
2804 4314 2970 4379 illius,
3001 4328 3164 4383 quem
3194 4323 3477 4384 exspecta-

1897 4407 2000 4483 tis?
2036 4405 2133 4461 Sin
2167 4407 2313 4461 Deus
2340 4415 2426 4461 est
2456 4407 2640 4469 homo,
2674 4419 2859 4458 nonne
2888 4403 3341 4467 animadvertttis,
3378 4419 3477 4459 vos

218 4516 301 4564 τος
338 4501 732 4572 ὁμολογοῦντες
772 4499 1089 4555 λανθάνετε.
1132 4501 1206 4554 Οὐ
1259 4501 1369 4571 γὰρ
1421 4498 1513 4551 τὸν
1571 4498 1790 4567 Πατέρα

1901 4481 2054 4553 aliam
2094 4497 2396 4554 divinitatis
2442 4511 2731 4565 personam
2771 4494 3055 4551 conﬁteri?
3097 4494 3286 4564 Neque
3326 4496 3472 4551 enim

222 4594 426 4658 πάντως
445 4597 644 4665 ἐρεῖτε.
665 4593 914 4647 Παιδίον
934 4593 1063 4664 γὰρ,
1088 4592 1276 4663 φησιν,
1293 4591 1592 4662 ἐγεννήθη
1616 4590 1788 4661 ἡμῖν,

222 4683 363 4750 Υἱὸς,
393 4686 514 4739 ἀλλ’
548 4685 648 4754 οὐχ
680 4687 707 4738 ὁ
746 4686 958 4755 Πατήρ.
1004 4682 1114 4738 Τοῦ
1171 4683 1416 4753 ἀλείφειν
1440 4683 1497 4738 δὲ
1532 4685 1627 4737 καὶ
1691 4682 1788 4735 τοῦ

220 4777 380 4847 χρίειν
398 4759 584 4831 ⁸τοιυτὺ
613 4779 1008 4848 σημαινόντων,
1038 4778 1068 4830 6
1102 4777 1265 4841 αὑτός
1316 4778 1465 4829 ἐστιν
1521 4774 1791 4846 ἠλειμμέ-

222 4884 321 4933 νος,
346 4869 441 4922 καὶ
464 4870 723 4939 Χριστός.
754 4868 975 4922 Σῦνετε
1006 4866 1106 4935 δὴ,
1139 4868 1401 4938 ἄφρονες
1429 4868 1500 4921 ἐν
1534 4866 1615 4933 τῷ
1635 4866 1786 4932 λαῷ,

222 4963 313 5015 καὶ
342 4965 530 5033 μωροί
559 4979 705 5017 ποτε
728 4961 1096 5031 φρονήσατε.
1119 4962 1231 5016 Καὶ
1252 4964 1281 5016 6
1309 4962 1541 5024 Ἡσαΐας
1571 4962 1628 5014 δέ
1651 4977 1786 5031 φησι

223 5058 349 5126 πρὸς
378 5059 546 5129 ὑμᾶς,
571 5059 636 5110 Ol
669 5055 909 5125 τυφλοὶ,
946 5054 1322 5124 sumen-ate,
1356 5054 1456 5109 καί
1488 5057 1544 5109 ol
1571 5053 1781 5123 κωφοί,

222 5149 539 5206 ἀκούσατε.
574 5150 644 5204 Ἦ
681 5150 814 5219 γοῦν
867 5149 1156 5219 προδήλως
1206 5146 1784 5217 ὲϐελοτυφλὼττετε,ἢ

225 5244 491 5307 παντελῶς
520 5240 923 5310 ἁναισθητεῖτεῑ
976 5242 1115 5295 Πότε
1171 5236 1268 5294 οὖν
1320 5239 1602 5309 ὀνομάτων
1643 5234 1790 5307 ὁμωέ

223 5337 433 5403 νομίας,
488 5335 523 5405 ἢ
566 5334 828 5404 ῥημάτων
850 5331 1211 5403 σημασίας,ῆ
1262 5331 1463 5396 λέξεων
1514 5331 1782 5399 ἰδιότητας

223 5422 560 5489 διαστελεῖτε,
624 5424 692 5477 δι’
748 5420 824 5478 ὧν
880 5422 1359 5487 καταλαμϐάνεται
1419 5423 1453 5493 ὴ
1512 5421 1779 5492 ἀλήθεια,

496 5517 633 5587 Περὶ
669 5516 788 5573 τῶν
819 5515 1026 5570 παθῶν
1049 5515 1157 5569 τοῦ
1185 5516 1466 5584 Χριστοῦ.

290 5609 453 5678 Φησὶν
482 5613 510 5663 6
534 5609 697 5663 Aa6‘:6
727 5609 789 5661 ὲκ
827 5611 1123 5677 προσώπου
1146 5606 1241 5660 τοῦ
1284 5606 1522 5678 Χριστοῦ
1550 5622 1566 5637 ·
1595 5607 1785 5658 Συνα-

1895 4591 2088 4646 dicetis
2122 4591 2267 4645 hunc
2291 4603 2414 4643 esse
2440 4587 2676 4641 Patrem.
2718 4585 2875 4651 Nam,
2909 4586 3076 4652 Puer,
3095 4587 3287 4656 inquit,
3313 4602 3470 4640 natus

1891 4692 1967 4739 est
1990 4683 2138 4737 nobis
2155 4683 2197 4737 ⁸.
2224 4679 2416 4747 Filius,
2440 4694 2550 4733 non
2577 4688 2761 4734 autem
2785 4677 2963 4733 Pater.
2987 4676 3107 4733 Jam
3141 4676 3383 4742 Messias,
3413 4687 3471 4734 et

1892 4770 2162 4835 Christus,
2185 4778 2239 4823 et
2280 4776 2476 4822 unctus
2508 4767 2649 4822 idem
2682 4774 2783 4821 est.
2824 4765 3133 4836 Intelligite,
3166 4767 3469 4836 insipientes

1892 4865 1947 4917 in
1979 4862 2190 4932 populo,
2220 4871 2269 4915 et
2298 4859 2465 4925 stulti,
2492 4858 2780 4930 aliquando
2806 4859 2972 4929 sapite
3001 4858 3044 4914 '.
3082 4857 3149 4914 Et
3174 4859 3340 4915 Isaias
3374 4874 3469 4915 vos

1888 4955 2197 5024 alloquitur,
2231 4951 2391 5020 chi,
2422 4951 2698 5022 inquiens,
2739 4952 2995 5020 inspicite,
3022 4960 3071 5005 et
3107 4951 3278 5017 surdi,
3311 4952 3481 5005 audi-.

1888 5060 1938 5104 te
1968 5050 2010 5102 ⁸.
2047 5048 2273 5105 Ultrone
2301 5048 2432 5103 caci
2457 5047 2629 5103 estis?
2654 5062 2723 5100 an
2764 5044 2991 5101 omnino
3031 5046 3288 5101 sensibus
3315 5061 3468 5101 care-

1887 5144 1998 5198 tis?
2044 5143 2337 5213 Ecquando
2371 5142 2539 5213 igitur
2584 5143 2868 5196 nominum
2929 5140 3333 5211 ambiguitates,
3373 5152 3465 5196 ant

1888 5236 2182 5291 verborum
2229 5235 2675 5306 signiﬁcationes,
2706 5240 2802 5287 aut
2831 5232 3129 5287 dictionum
3162 5232 3473 5302 proprietas

1892 5338 1974 5383 tes
2005 5327 2369 5398 distinguetis,
2399 5326 2599 5395 quibus
2632 5327 2832 5380 veritas
2873 5322 3399 5395 comprehenditur?

2202 5507 2278 5560 De
2308 5505 2503 5561 Christi
2533 5504 2853 5559 cruciatibus
2895 5513 2945 5557 et
2977 5511 3163 5557 morte.

1966 5602 2131 5658 David
2168 5616 2233 5654 ex
2267 5614 2500 5679 persona
2526 5596 2752 5659 Christi,
2785 5594 3093 5673 Consilium,
3124 5588 3317 5661 inquit,
3352 5607 3455 5645 ma«

293 5724 308 5754 ¹
349 5722 484 5777 Dan.
520 5742 611 5787 vn.
648 5726 727 5792 15,
765 5725 850 5779 Μ.
926 5721 948 5749 ’
975 5721 1116 5776 Psal.
1140 5721 1365 5786 Lxmﬂ.
1445 5721 1464 5751 ³
1489 5720 1678 5775 Matth.
1714 5734 1904 5784 xxvm,
1937 5718 2026 5772 l8.
2103 5714 2288 5771 ‘Psal.
2315 5712 2500 5779 cnt,l.
2577 5707 2764 5764 'Psal.
2796 5707 3051 5773 Lxx1,l7.
3131 5706 3274 5762 ‘lsa.
3302 5722 3376 5772 ιι,
3401 5706 3457 5765 6.

231 5791 247 5821 ⁷
276 5792 411 5848 Psal.
445 5810 589 5860 1cm,
618 5796 671 5850 8.
748 5797 769 5827 '
794 5796 897 5849 lsa.
932 5806 1060 5855 ml,
1123 5796 1213 5849 ιε.

3441 5899 3479 5911 -κ
