3954 6554
229 485 339 551 273

1163 489 1541 553 ΡΛΝΟΡΙᾸᾹ
1587 494 2048 559 DOGMATICA.
2089 526 2154 534 -
2195 502 2344 562 'l‘lT.
2388 505 2553 564 VIII.

3400 498 3505 575 e't
3614 469 3620 476 ’

226 604 325 655 λαὶ
369 602 535 654 πάνυ.
590 601 837 671 Ἔρημος
880 602 978 673 μὲν
1013 602 1120 671 γὰρ
1165 605 1195 673 ἡ
1236 604 1293 671 ἐξ
1337 605 1507 657 ιθνῶν
1550 607 1812 677 ἐκκλησία

1930 611 2050 665 Nam
2085 612 2326 683 gentium
2377 613 2613 670 Ecclesia
2653 615 2831 672 nullos
2863 626 3021 672 antea
3066 618 3276 675 fructus
3327 622 3510 676 fcren-

224 690 337 743 τῶν
376 690 648 761 ἀκάρπων
684 695 833 763 πρὶν,
868 693 965 746 καὶ
996 694 1165 747 ὄντων
1192 697 1509 765 οἰκητήριον
1541 699 1648 750 τῶν
1683 717 1811 768 νοη-

222 783 332 835 τῶν
378 783 773 854 θηρίων,-ἦτις
819 785 1126 855 φλεγομένη
1166 786 1244 857 τῷ
1298 789 1433 856 πυρὶ
1470 790 1579 842 τῶν
1628 791 1817 842 παθῶν

225 871 378 939 ἐδὶψε
457 872 791 940 θεογνωσίας
844 876 935 927 καί
972 876 1264 944 σωτηρίας,
1311 878 1419 930 Καὶ
1451 877 1690 947 τυχοῦσα
1720 880 1813 930 τοῦ

228 964 595 1033 κηρύγματος
631 967 1011 1035 εὐφραίνεται,
1042 970 1138 1021 καὶ
1161 969 1509 1035 ἁγαλλιᾶται,
1546 973 1637 1023 καὶ
1665 972 1819 1025 ἀνθεῖ

225 1058 294 1123 τῇ
313 1057 660 1127 φαιδρότητι,
683 1060 778 1110 καὶ
797 1059 996 1129 εὐωδίᾳ
1017 1059 1125 1111 τῶν
1146 1060 1377 1126 ἀρετῶν.
1398 1062 1583 1132 Ἐδόθη
1603 1063 1659 1115 δὲ
1676 1064 1811 1134 αὐτῇ

229 1146 327 1201 καὶ
355 1150 387 1217 ἡ
409 1149 538 1215 δόξα
561 1149 657 1201 τοῦ
682 1150 941 1213 Λιϐάνου,
960 1151 1207 1204 τουτέστι
1222 1149 1313 1205 τοῦ
1333 1152 1564 1213 παλαιοῦ
1583 1153 1738 1217 λαοῦ,
1755 1154 1813 1206 ὃν

230 1240 329 1292 καὶ
359 1240 661 1310 Κάρμηλον
692 1241 969 1313 ὠνόμασε.
1012 1244 1153 1308 Δόξα
1184 1244 1241 1298 δὲ
1277 1244 1469 1299 τούτου
1492 1246 1586 1298 καὶ
1604 1246 1740 1317 τιμὴ
1779 1247 1811 1317 ή

225 1332 508 1396 εὐσέϐεια,
540 1334 633 1387 καὶ
662 1336 694 1404 ή
730 1335 867 1406 πρὸς
888 1336 1021 1389 Θεδν
1040 1337 1337 1404 οἰκείωσις,
1369 1338 1464 1390 καὶ
1485 1339 1546 1390 τὸ
1570 1336 1813 1406 Oti/cci};

223 1424 387 1491 δόξης
422 1428 516 1478 καὶ
547 1426 641 1479 τοῦ
671 1428 860 1497 νόμου,
901 1429 994 1481 καὶ
1023 1430 1083 1482 τὸ
1121 1430 1228 1481 τῶν
1271 1429 1433 1481 θείων
1466 1430 1809 1498 ἀντιλήψεων

222 1516 560 1583 ἁμφιλαφὲς,
577 1518 669 1569 καὶ
687 1518 750 1568 τὸ
770 1517 879 1568 τῶν
892 1519 1132 1587 χαρίτων
1151 1518 1480 1585 κατάκομον.
1500 1518 1610 1569 Καὶ
1626 1516 1812 1575 πάλιν,

223 1607 637 1675 Εὐφράνθητι,
681 1608 908 1675 στεῖρα,
956 1611 994 1676 ὴ
1045 1612 1117 1662 οὐ
1155 1610 1466 1672 τίκτουσα,
1495 1607 1695 1675 ῥῆξον
1715 1608 1814 1660 καὶ

218 1697 490 1762 βόησον,
513 1699 679 1764 ἡούκ
702 1698 1028 1757 ὠδίνουσα,
1056 1699 1148 1753 ὅτι
1174 1699 1375 1753 πολλά
1404 1701 1473 1752 τὰ
1501 1699 1680 1751 τέκνα
1708 1697 1817 1765 τῆς

222 1788 456 1855 ἐρήμου
468 1789 737 1856 μᾶλλον,
758 1790 793 1856 ἢ
829 1790 939 1857 τῆς
961 1790 1231 1858 ἐχούσης
1259 1790 1368 1843 τὸν
1383 1790 1597 1858 ἄνδρα.
1618 1790 1813 1860 Στείρα

228 1881 334 1950 μὲν
361 1880 470 1961 γὰρ
508 1883 543 1952 ὴ
577 1881 881 1950 δηλωθεῖσα
912 1883 1199 1951 ἐκκλησία,
1232 1885 1327 1935 καὶ
1361 1883 1553 1950 ἄγονος
1583 1883 1814 1953 καρπῶν

224 1948 541 2041 αρετῆς-’τον
572 1948 840 2045 πρότερον
863 2015 879 2039 ,
916 1948 1145 2042 ὕστερον
1186 1974 1261 2027 δὲ’
1281 1974 1350 2027 τὰ
1392 1948 1685 2045 σπέρματα
1713 1973 1813 2043 τῆς
1846 1948 1889 2007 Β

229 2066 522 2129 εὐσεϐείας
553 2065 928 2137 ὑποδεξαμένη
956 2068 1228 2130 πολύπαις
1263 2068 1513 2136 ἐγένετο,
1545 2069 1816 2139 νικήσασα

226 2161 298 2229 τῇ
334 2158 719 2230 πολυπληθειᾳ.
741 2159 838 2229 τὴν
874 2159 1171 2231 ἰουδαίκὴν
1206 2161 1552 2231 συναγωγὴν,
1586 2156 1653 2232 ἧς
1676 2158 1816 2230 ἀνὴρ

227 2255 260 2305 ὁ
280 2254 415 2315 Θεὸς
444 2253 506 2313 τὸ
532 2253 677 2323 πρὶν,
705 2252 936 2320 ἀγαπῶν
959 2254 1056 2306 καὶ
1080 2252 1476 2322 προνοούμενος
1500 2253 1596 2306 καὶ
1617 2252 1818 2323 φυλάτο

228 2361 342 2397 των
382 2343 579 2415 αὐτὴν,
613 2344 646 2415 ἢ
693 2346 788 2398 καὶ
817 2346 845 2398 ὁ
873 2345 1056 2414 νόμος.
1090 2344 1259 2397 Πάλιν
1302 2344 1361 2397 δὲ
1399 2345 1680 2416 προσώπῳ
1721 2347 1817 2398 τοῦ

227 2435 373 2488 Θεοῦ
406 2436 503 2489 καὶ
537 2436 754 2506 Πατρὸς
784 2438 812 2489 ὁ
853 2437 1083 2501 Ἡσαΐας
1109 2439 1246 2507 πρὸς
1283 2440 1375 2492 τὸν
1410 2438 1534 2491 Υἱὸν
1563 2438 1658 2492 καὶ
1685 2438 1817 2494 Θεόν

227 2547 421 2599 φησιν·
442 2530 599 2585 Ἰδοὺ
613 2530 848 2585 δέδωκά
869 2548 941 2585 σε
959 2534 1047 2598 εἰς
1063 2531 1363 2600 διαθήκην
1381 2532 1575 2588 ἐθνῶν
1591 2532 1698 2586 τοῦ
1715 2549 1816 2585 κα-

228 2621 540 2688 ταστῆσαι
570 2621 688 2689 τὴν
719 2622 855 2691 γῆν,
888 2623 985 2677 καὶ
1021 2624 1480 2694 κληρονομῆσαι
1522 2627 1819 2691 κληρονο-

223 2716 384 2783 μίαν
409 2715 659 2783 ἐρήμου,
692 2716 787 2768 καὶ
820 2715 886 2768 τὰ
927 2716 1077 2785 ἑξῆς.
1127 2718 1237 2770 Καὶ
1267 2716 1358 2770 διὰ
1384 2716 1480 2769 τοῦ
1512 2716 1679 2770 Δαθὶδ
1708 2717 1818 2789 γὰρ

225 2806 605 2875 ἐπηγγείλατο
630 2807 707 2878 τῷ
728 2806 842 2877 Υἱῷ
862 2808 1057 2875 λέγων,
1077 2808 1187 2862 Καὶ
1213 2808 1387 2862 δώσω
1401 2822 1502 2862 σοι
1519 2809 1689 2877 ἔθνη,
1705 2811 1822 2877 τὴν

161 2947 181 2959 ,
228 2901 654 2967 κληρονομίαν
672 2901 889 2955 σου.⁹0
922 2900 1084 2964 αὐτὸς
1110 2900 1167 2953 δὲ
1195 2901 1359 2953 saeta
1390 2902 1692 2971 παρεκάλει
1725 2903 1818 2955 τὸν

231 2994 463 3062 Πατέρα
481 2995 607 3063 περὶ
624 2995 824 3047 τούτων
836 2994 1034 3063 λέγων,
1050 2994 1476 3061 Κατάστησον,
1502 2995 1701 3063 Κύριε,
1724 3011 1820 3049 νο-

230 3104 302 3155 get;
316 3087 505 3154 θέτην
530 3086 624 3139 ἐπ’
642 3088 886 3153 αὐτούς.
908 3087 1017 3139 Καὶ
1036 3089 1064 3139 ὁ
1095 3087 1321 3151 Ἦσαῖας
1346 3086 1402 3139 δὲ
1423 3084 1617 3157 εἴρηκε
1645 3103 1820 3157 προσ-

233 3180 379 3250 ώπῳ
398 3179 494 3234 τοῦ
509 3180 755 3233 τοιούτου
791 3180 1104 3249 νομοθέτου·
1128 3181 1328 3248 Νόμος
1357 3179 1495 3248 παρ’
1520 3179 1667 3250 ἐμοῦ
1687 3180 1817 3244 ἑξε-

236 3274 547 3337 λεύσεται,
568 3272 665 3326 καὶ
684 3274 721 3342 ἡ
755 3273 955 3340 κρίσις
976 3290 1095 3341 μου
1122 3274 1210 3338 εις
1232 3271 1358 3340 φῶς
1379 3271 1590 3336 ἐθνῶν,
1619 3274 1715 3330 καὶ

233 3366 352 3421 τὸν
374 3363 680 3434 ,βραχίονα
707 3381 828 3434 μου
858 3364 1006 3432 ἔθνη
1039 3363 1345 3419 ἑλπιοῦσι.
1379 3363 1475 3428 Τίς
1506 3364 1564 3418 δὲ
1594 3367 1623 3418 ὁ
1662 3366 1825 3436 νόμος

232 3453 398 3521 οὗτος
440 3457 594 3525 παρὰ
621 3456 715 3509 τὸν
746 3455 1101 3525 εὐαγγελικδν
1124 3494 1139 3521 ,
1178 3456 1233 3520 ὃς
1288 3455 1523 3524 ἐφώτισε
1564 3456 1633 3510 τὰ
1662 3459 1825 3510 ἐσκοα

234 3545 478 3614 τισμένα
496 3546 563 3613 τῇ
586 3544 766 3616 πλάνῃ
795 3544 923 3614 ¹ἑθνη
947 3562 964 3612 ;
1002 3544 1063 3598 '0
1090 3544 1200 3615 γὰρ
1229 3544 1524 3607 Μωσαῖκὸς
1568 3544 1673 3614 πρὸ
1698 3546 1825 3598 πολ-

234 3637 356 3691 λῶν
378 3636 514 3691 ὲτῶι
540 3636 884 3709 ἐξελήλυθεν.

862 3730 975 3787 Τοῦ
1013 3730 1224 3785 αὑτοῦ.

316 3831 455 3901 Περὶ
501 3831 602 3900 τῆς
630 3828 824 3897 καινῆς
866 3825 1137 3894 διαθήκης
1176 3824 1271 3879 τοῦ
1314 3827 1636 3895 εὐαγγελίου
1667 3827 1831 3881 πάλιν

236 3925 657 3995 προεφήτευσεν
671 3923 901 3987 Ἡσαΐας
924 3921 1115 3985 εἰπὼν,
1133 3921 1235 3975 Ἐκ
1259 3918 1415 3974 Σιὼν
1440 3918 1829 3984 ἐξελεύσεται

237 4016 433 4083 νόμος
468 4015 568 4068 καὶ
599 4015 781 4085 λόγος
818 4016 1037 4080 Κυρίου
1066 4013 1134 4077 ἐξ
1175 4011 1599 4080 Ἰερουσαλήμ.
1637 4011 1696 4064 '0
1720 4012 1829 4081 γὰρ

239 4108 458 4178 Κύριος
490 4107 648 4178 ήμῶν
690 4106 900 4176 Ἰησοῦς
939 4105 1175 4178 Χριστὸς
1220 4104 1315 4158 νῦν
1361 4103 1462 4174 μὲν
1500 4106 1558 4156 ὲν
1599 4103 1679 4174 τῷ
1715 4104 1829 4175 ὄρει

241 4202 396 4257 Σιὼν
423 4203 755 4273 καθήμενος,
781 4204 874 4254 καὶ
894 4200 1184 4263 διδάσκων,
1217 4198 1312 4252 νῦν
1336 4198 1393 4253 δὲ
1417 4198 1475 4250 ὲν
1492 4200 1555 4268 τῇ
1582 4198 1735 4252 πόλει
1761 4202 1829 4270 τῇ

255 4297 333 4351 Ἶε
344 4296 622 4366 ρουσαλὴμ.
637 4293 952 4365 διατρίϐων,
975 4292 1341 4363 ἐνομοθέτησε
1360 4291 1450 4344 τὸν
1472 4292 1831 4359 εὐαγγελικὸν

242 4392 421 4462 νόμον
452 4406 510 4442 τε
545 4389 638 4444 καὶ
669 4389 849 4456 λόγον.
878 4389 951 4439 Οὑ
979 4385 1088 4455 γὰρ
1127 4386 1255 4456 περὶ
1283 4386 1379 4438 τοῦ
1410 4384 1706 4439 Μωςαϊκοῢ
1737 4384 1831 4437 νῦν

243 4500 423 4553 φησιν
452 4484 480 4536 ὀ
500 4482 805 4551 προφήτης.
836 4479 957 4543 Πῶς
981 4478 1109 4548 γὰρ,
1136 4477 1195 4540 ὃς
1223 4478 1279 4530 ὲν
1307 4476 1386 4547 τῷ
1415 4478 1544 4547 Σινᾷ
1574 4476 1831 4545 ἐνομοθε-

243 4572 396 4644 τήθη
417 4614 432 4635 ,
466 4571 580 4625 ἀλλ’
615 4574 718 4624 οὐκ
744 4572 802 4624 ὲν
834 4570 991 4634 Σιὼν,
1034 4568 1156 4621 οὐδὲ
1217 4568 1277 4620 ὲν
1319 4565 1697 4637 Ἰερουσαλὴμ,
1735 4566 1831 4620 καὶ

1927 706 2060 758 tium
2098 716 2216 761 erat
2250 708 2495 776 quaedam
2536 710 2699 763 veluti
2732 710 2988 774 solitudo,
3022 713 3206 782 inqua
3243 714 3509 784 degebant
3596 768 3610 779 ,

1924 796 2182 851 vitiorum
2238 798 2388 852 lene.
2426 799 2551 854 Ilmc
2592 800 2681 853 Dei
2744 802 3106 871 cognitionem
3168 802 3507 874 salutemque

1922 890 2112 944 sitiens
2160 890 2392 953 tutatur,
2457 902 2510 946 et
2574 893 2828 956 exsultat,
2890 904 2944 949 et
2998 894 3172 955 ﬂoret.
3232 898 3505 950 fructuum

1922 982 2330 1052 pulchritudine
2374 993 2428 1037 et
2474 984 2743 1038 snavitate
2799 986 3075 1040 decorata.
3132 968 3504 1041 Data‘autcnt

1922 1084 2010 1126 est
2044 1073 2116 1126 illi
2173 1074 2340 1143 gloria
2410 1074 2624 1137 Libani,
2711 1075 2815 1129 hoc
2869 1086 2975 1140 est,
3039 1077 3247 1142 antiqui
3303 1077 3507 1146 populi,

1920 1180 2082 1235 quem
2126 1175 2181 1220 et
2230 1164 2542 1222 Carmelum
2603 1177 2784 1234 vocat,
2826 1166 2981 1235 cujus
3047 1168 3214 1240 gloria
3244 1178 3297 1222 et
3334 1170 3509 1222 honor

1921 1268 2004 1313 est
2046 1259 2236 1328 pictas,
2270 1258 2458 1330 religio
2492 1262 2562 1313 ’ct
2591 1258 2830 1315 amicitia
2865 1259 2975 1323 Dei,
3022 1269 3075 1313 et
3106 1260 3290 1327 gloriae
3344 1260 3504 1329 legis-

1919 1365 2025 1420 que
2084 1351 2413 1414 suhlimitas,
2476 1363 2531 1406 et
2587 1353 2897 1407 divinorum
2971 1367 3258 1406 munerum
3327 1352 3507 1420 copia,

1919 1453 2081 1511 atque
2110 1444 2405 1511 gratiarum
2461 1444 2813 1498 abundantia.
2850 1444 2913 1498 Et
2954 1459 3168 1498 rursum
3228 1462 3241 1498 :
3277 1444 3507 1506 Ltrtarc,

1918 1534 2132 1596 sterilis,
2164 1550 2281 1603 qua:
2318 1550 2419 1588 non
2467 1536 2611 1601 paris
2632 1553 2651 1599 ;
2692 1550 2903 1600 erumpe
2934 1543 2981 1586 et
3031 1534 3228 1601 clama,
3265 1550 3382 1604 qua:
3409 1552 3512 1587 mm

1918 1631 2174 1698 parturis.
2216 1630 2478 1693 Quoniam
2515 1630 2667 1683 multi
2742 1640 2863 1683 sunt
2895 1628 2994 1698 ﬁlii
3051 1631 3217 1698 magis
3270 1629 3509 1694 deserar,

1920 1737 2078 1791 quam
2122 1720 2360 1775 habentis
2395 1722 2563 1775 virum
2599 1723 2637 1774 ⁸.
2669 1720 2832 1775 Steril
2856 1738 2883 1775 s
2918 1720 3062 1775 enim
3090 1728 3208 1775 erat
3239 1719 3500 1782 Ecclesia,

1918 1833 2081 1885 quam
2109 1816 2473 1880 ostendimus,
2519 1831 2619 1871 nec
2649 1816 2790 1870 ullos
2837 1825 2965 1869 ante
3007 1815 3211 1869 ferebat
3242 1814 3507 1868 virtutum

1919 1910 2151 1964 fructus.
2187 1907 2317 1962 Post
2368 1917 2551 1963 autem
2606 1907 2863 1977 pietatem
2918 1914 2976 1960 et
3015 1905 3333 1974 religionem
3383 1919 3507 1957 am-

1916 2000 2089 2071 plexa,
2121 2000 2412 2055 multorum
2443 1999 2583 2053 facta
2612 2008 2697 2052 est
2719 1998 2951 2052 ﬁliorum
2977 2006 3167 2061 mater,
3191 1996 3515 2050 Judaicam-

1916 2110 2028 2163 que
2057 2094 2418 2164 Synagogam,
2452 2091 2613 2160 cujus
2631 2098 2791 2144 antea
2820 2089 2906 2144 vir
2933 2100 3050 2144 erat
3076 2089 3240 2152 Deus,
3263 2089 3351 2156 qui
3386 2103 3505 2142 eam

1917 2186 2198 2257 diligebat,
2226 2195 2280 2240 et
2314 2184 2658 2255 providentia
2694 2199 2791 2238 sua
2840 2183 3055 2237 fovebat
3112 2197 3177 2237 ac
3225 2182 3501 2243 tuebatur,

1919 2279 2009 2333 vel
2037 2279 2202 2333 etiam
2233 2279 2343 2345 lex,
2374 2277 2503 2332 vicit
2559 2276 2917 2331 fecunditate.
2964 2274 3203 2329 Rursum
3254 2290 3319 2328 es
3380 2289 3508 2343 pcr-

1918 2387 2055 2428 sona
2085 2371 2178 2426 Dei
2211 2382 2267 2427 et.
2299 2370 2475 2425 Patris
2511 2369 2704 2424 Filium
2764 2379 2815 2423 et
2864 2369 3035 2423 Deum
3084 2368 3369 2438 alloquens
3431 2367 3512 2420 sic

1918 2466 1993 2521 ait
2027 2465 2193 2519 Isaias
2239 2481 2254 2518 :
2306 2464 2441 2518 Ecce
2486 2464 2605 2517 dedi
2635 2474 2684 2516 te
2721 2479 2775 2515 ιη
2818 2462 2982 2532 {edas
3019 2463 3278 2531 gentium,
3312 2470 3369 2512 ut
3402 2470 3511 2512 ter-

1920 2574 2037 2611 ram
2097 2556 2411 2617 constituas,
2465 2566 2512 2608 et
2563 2555 2864 2609 solitudinis
2922 2555 3183 2621 suscipias
3232 2553 3517 2607 [neredita-

1922 2662 2024 2706 tem
2055 2651 2097 2717 ’,
2131 2658 2184 2704 et
2213 2665 2335 2719 qua:
2363 2658 2690 2719 sequuntur.
2719 2648 2801 2713 Qu
2818 2648 2886 2701 od
2915 2648 3079 2701 etiam
3122 2662 3216 2715 per
3249 2645 3509 2700 Davidcm

1925 2744 2060 2799 Filio
2095 2742 2363 2813 pollicitus
2391 2751 2493 2804 est,
2529 2739 2595 2792 Et
2627 2740 2782 2804 dabo,
2820 2740 3099 2809 inquiens,
3134 2751 3309 2809 gentes
3337 2739 3507 2792 hwrc-

1922 2835 2144 2889 ditatem
2176 2842 2322 2887 tuam
2350 2834 2391 2883 ³.
2426 2833 2502 2886 Ac
2530 2833 2649 2901 ipse
2682 2831 2903 2902 quidem
2949 2832 3115 2886 David
3173 2832 3387 2886 Patrem
3440 2833 3505 2884 ad

1923 2927 2029 2982 hoc
2053 2925 2394 2988 hortabatur,
2452 2923 2739 2988 Constitue,
2776 2923 3050 2994 inquiens,
3083 2923 3325 2988 Domine,
3358 2925 3513 2993 leg-sv

1924 3015 2148 3078 latorem
2207 3038 2373 3090 super
2403 3038 2488 3076 eos
2520 3022 2567 3077 δ.
2593 3023 2662 3076 At
2694 3021 2860 3075 Isaias
2891 3035 2957 3074 ex
2995 3019 3160 3090 hujus
3189 3020 3512 3089 legislatoris

1923 3131 2158 3188 persona
2187 3156 2202 3180 ,
2263 3114 2397 3180 Lex,
2461 3114 2657 3185 inquit,
2711 3114 3005 3185 egredietur
3040 3130 3073 3167 a
3128 3129 3209 3166 me
3246 3116 3299 3165 in
3343 3113 3511 3165 lucem

1926 3214 2183 3283 gentium,
2252 3220 2297 3266 et
2359 3212 2415 3265 in
2475 3212 2686 3264 brachio
2752 3225 2866 3263 meo
2931 3219 3105 3281 gentes
3155 3208 3509 3276 spcrabunt'.

1737 3276 1895 3357 “Cc
1926 3276 2184 3371 bnaenam
2238 3304 2340 3357 alia
2391 3312 2470 3358 est
2544 3303 2631 3357 illa
2690 3303 2798 3367 lex,
2850 3276 3051 3371 praeter
3106 3300 3507 3370 evangelicam,

1926 3410 2046 3465 quae
2077 3405 2266 3467 gentes
2294 3394 2345 3447 in
2390 3392 2709 3464 ignorantiae
2751 3391 2990 3446 tenebris
3019 3390 3336 3445 aberrantes
3380 3388 3506 3441 illu-

1929 3487 2119 3543 stravit
2145 3487 2168 3539 ?
2196 3485 2331 3540 Nam
2362 3484 2445 3539 lex
2470 3485 2688 3555 quidem
2721 3482 2951 3538 Mosaica
2986 3482 3172 3536 multis
3208 3482 3321 3551 jam
3352 3479 3513 3534 annis

1927 3585 2319 3635 antecesserat.

2579 3732 2852 3801 Ejusdem.

2005 3829 2121 3884 Jam
2189 3829 2256 3883 de
2329 3838 2471 3879 novo
2539 3821 2815 3891 Evangelii
2889 3829 3216 3875 testamento
3293 3835 3511 3874 rursum

1928 3922 2096 3979 Isaias
2129 3929 2255 3974 ante
2300 3919 2512 3972 locutus
2540 3925 2621 3969 est
2662 3931 2674 3967 :
2712 3912 2793 3966 Ea:
2818 3910 2944 3967 Sion
2971 3949 2985 3974 ,
3041 3910 3291 3981 inquiens
3316 3952 3331 3976 ,
3397 3914 3512 3964 exi-

1931 4017 2002 4071 bit
2029 4014 2133 4080 lex,
2194 4022 2241 4067 et
2293 4026 2465 4065 sermo
2522 4007 2733 4062 Domini
2782 4022 2845 4059 ea:
2898 4003 3195 4058 Jerusalem
3232 4002 3274 4055 '.
3333 4001 3516 4071 Siqui-

1930 4109 2055 4165 dem
2118 4105 2381 4161 Dominus
2440 4113 2625 4157 noster
2698 4100 2855 4155 Jesus
2924 4096 3177 4152 Christus
3240 4111 3387 4150 nunc
3458 4095 3511 4148 in

1933 4210 2119 4255 monte
2169 4197 2299 4252 Sion
2339 4195 2540 4250 sedens
2596 4202 2648 4247 et
2710 4191 2935 4255 docens,
2994 4204 3137 4243 nunc
3193 4189 3245 4242 in
3293 4186 3513 4242 civitate

1931 4290 2234 4346 Jerusalem
2295 4300 2545 4349 versans,
2585 4283 2756 4353 legem
2804 4288 2861 4335 et
2909 4279 3211 4335 doctrinam
3274 4294 3511 4349 evange-

1934 4386 2094 4439 licam
2124 4379 2366 4436 tradidit.
2400 4379 2587 4447 Neque
2632 4375 2778 4430 enim
2809 4375 2875 4428 de
2932 4372 3170 4428 Mosaica
3224 4374 3341 4441 lege
3387 4386 3514 4441 pro-

1934 4475 2095 4547 pheta
2168 4485 2317 4527 nunc
2361 4470 2618 4539 loquitur.
2664 4466 2768 4532 Qui
2838 4465 2982 4519 cnim
3054 4464 3106 4518 id
3139 4462 3253 4516 ﬁeri
3310 4471 3514 4531 queat,

1935 4585 2058 4626 cum
2089 4583 2154 4623 ea
2179 4581 2290 4621 non
2326 4566 2380 4619 in
2425 4562 2595 4628 Sion,
2654 4577 2755 4616 nec
2806 4559 2860 4613 iu
2916 4559 3215 4614 Jerusalem
3251 4599 3266 4622 ,
3318 4556 3412 4611 sed
3460 4558 3513 4609 in

246 4642 426 4720 παλαι
457 4662 641 4734 πολλῷ
676 4662 784 4733 πρδ
811 4661 908 4715 τοῦ
949 4661 1203 4726 Ἡσαΐου,
1233 4660 1447 4731 ῶσπερ,
1477 4658 1824 4728 εὐαγγελικὸς

1942 4671 2127 4717 monte
2170 4660 2303 4716 Sion
2348 4657 2511 4713 fuerit
2554 4657 2661 4709 lata
2695 4694 2710 4719 ,
2786 4652 2957 4706 multo
3011 4660 3300 4718 antequam
3353 4656 3517 4701 natus

245 4757 443 4826 πολλῷ
477 4758 619 4825 μετὰ
650 4755 740 4809 τὸν
773 4754 1036 4821 Ἠσαῖανς
1070 4753 1162 4806 Διὸ
1194 4753 1289 4805 καὶ
1320 4752 1613 4823 προσφυῶς
1641 4746 1797 4806 εἶπεν
1819 4792 1832 4816 ,

230 4853 343 4913 ,ὅτι
377 4849 787 4913 ἐξελεύσεται.
817 4846 876 4899 '0
906 4844 1139 4908 παλαιὸς
1169 4844 1276 4915 γὰρ
1309 4842 1522 4912 ἐξῆλθε.
1544 4844 1679 4913 Περὶ
1709 4842 1832 4897 τού-

249 4962 357 4998 του
389 4944 449 4999 δὲ
486 4942 581 4998 τοῦ
626 4941 819 4996 καινοῦ
851 4943 947 4995 καὶ
983 4939 1254 5011 Ἱερεμίας
1299 4937 1595 5007 προείρηκε
1627 4935 1801 5005 λέγων
1821 4974 1836 4998 ,

265 5035 424 5093 Ἰδοὺ
448 5034 659 5105 ἡμέραι
677 5034 977 5102 ἔρχονται,
993 5031 1157 5102 λέγει
1176 5032 1411 5099 Κύριος,
1434 5030 1533 5085 καὶ
1560 5027 1841 5094 διαθήσο-

248 5146 369 5201 μαι
385 5128 530 5198 ὑμῖν
544 5126 845 5194 διαθήκην
865 5125 1109 5193 καινὴν.
1128 5127 1201 5178 οὐ
1219 5122 1368 5177 κατὰ
1384 5123 1500 5189 τὴν
1519 5120 1839 5187 διαθήκην,

254 5220 349 5287 ἣν
374 5219 654 5287 διεθέμην
676 5217 800 5284 τοῖς
828 5217 1132 5286 πατράσιν
1147 5216 1316 5285 ὑμῶν
1332 5216 1401 5269 ἐν
1419 5214 1609 5284 ἡμέρᾳ
1626 5214 1840 5266 ἐπιλα-

255 5311 520 5381 ϐομένου
540 5328 661 5380 μου
682 5308 794 5377 τῆς
816 5313 1016 5379 χειρὸς
1030 5307 1254 5375 αὐτῶν,
1271 5306 1591 5377 ἐξαγαγεῖν
1618 5305 1845 5369 αὐτοὺς

256 5409 337 5463 ἐκ
366 5406 477 5477 τῆς
498 5408 822 5476 Αἰγύπτου,
849 5405 940 5459 ὅτι
958 5404 1131 5460 αὐτοὶ
1150 5407 1263 5459 οὐκ
1278 5403 1596 5473 ἐνέμειναν
1622 5402 1696 5472 τῇ
1720 5402 1847 5455 δια-

262 5500 429 5569 θήκῃ
444 5518 561 5570 μου
590 5498 755 5569 κάγὼ
775 5500 1061 5569 ἠμέλησα
1086 5497 1309 5553 αὐτῶν.
1328 5497 1766 5566 Συνεσκιασμένα
1791 5493 1848 5548 δὲ

263 5590 445 5647 ταῦτα
471 5594 566 5646 καὶ
587 5592 653 5646 τὰ
673 5591 919 5659 τοιαῦτα,
942 5592 1028 5643 ἵνα
1053 5589 1131 5661 μὴ
1174 5590 1520 5658 ἀφανισθῶσι
1546 5592 1615 5641 τὰ
1637 5586 1841 5658 βιδλία.

270 5683 454 5738 Ὅπου
466 5684 575 5753 γὰρ
597 5684 861 5755 παρόντα,
882 5683 976 5738 καὶ
996 5683 1093 5736 θαυ
1103 5680 1519 5752 ματουργοῡντα
1538 5680 1846 5751 βλέποντες,

270 5775 370 5829 καὶ
390 5774 603 5829 τελείαν
633 5775 908 5840 ἀπόδειξιν
933 5777 1032 5845 τῆς
1050 5774 1248 5828 ἑαυτοῦ
1267 5774 1520 5844 θεότητος
1536 5771 1849 5844 παρεχόμε-

353 5916 369 5945 ¹
392 5913 493 5967 lsa.
523 5931 628 5983 LIV,
666 5917 715 5971 l.
818 5918 837 5947 ’
867 5916 969 5972 lsa.
1000 5931 1142 5981 χιιι,
1173 5916 1224 5970 8.
1340 5913 1360 5944 ³
1386 5910 1527 5967 Psal.
1568 5927 1626 5978 ιι,
1658 5911 1711 5967 8.

452 5928 628 6020 35L”,
666 5917 715 5971 l.
818 5918 837 5947 ’
867 5916 969 5972 lso.
1000 5931 1142 5981 χιιι,

269 5999 419 6046 xxxi.
452 5994 540 6040 52.
1196 5994 1199 5997 ’

1813 5909 1834 5942 ⁸
1868 5906 2013 5963 Psal.
2044 5919 2118 5968 ιχ,
2151 5899 2241 5955 21.

1935 4764 2081 4811 esset
2144 4752 2367 4817 .lsaias,
2448 4744 2908 4819 quemadmodqu
2977 4741 3286 4813 evangelica
3342 4739 3515 4794 multo

1942 4856 2067 4921 post
2137 4847 2312 4917 ipsum
2394 4841 2589 4897 Isaiam
2655 4850 2901 4909 tempore
2967 4835 3302 4905 promulgata
3375 4832 3521 4887 fuit?

1940 4942 2280 5009 Quapropter
2304 4933 2549 5005 apposite
2575 4922 2762 4986 dixit':
2802 4927 2978 4982 Exibit
3003 4944 3022 4993 ;
3055 4927 3314 4996 quoniam
3372 4924 3518 4979 anti-

1942 5043 2047 5098 qua
2095 5027 2181 5081 lex
2212 5025 2322 5094 jam
2351 5021 2579 5077 exierat.
2618 5018 2731 5073 lloc
2757 5026 2938 5073 autem
2980 5027 3194 5086 tempus
3252 5014 3519 5070 Jeremias

1948 5121 2076 5175 item
2107 5104 2480 5187 pronuntiavit
2515 5110 2601 5165 his
2651 5109 2831 5164 verbis
2881 5126 2894 5162 :
2946 5109 3080 5161 Ecce
3137 5110 3347 5161 veniunt
3389 5107 3520 5169 dies,

1947 5213 2072 5269 dicit
2103 5209 2384 5271 Dominus,
2410 5215 2457 5259 et
2485 5205 2676 5275 feriam
2701 5202 2959 5257 vobiscum
2988 5202 3153 5272 [trdus
3178 5217 3388 5265 novum,
3420 5216 3524 5252 non

1950 5304 2233 5360 secundum
2262 5299 2394 5353 illud
2430 5298 2615 5369 fwdus,
2641 5294 2777 5366 quod
2828 5293 2956 5347 iniri
2982 5309 3098 5346 cum
3160 5292 3397 5361 patribus
3440 5307 3525 5344 ue-

1951 5399 2098 5458 stris,
2127 5410 2231 5464 qua
2271 5390 2355 5444 die
2394 5404 2610 5443 manum
2641 5402 2819 5440 eorum
2847 5384 3189 5454 apprehendi,
3224 5392 3277 5435 ut
3339 5382 3526 5436 educe-

1954 5505 2060 5544 rem
2100 5503 2187 5542 eos
2216 5486 2280 5539 de
2311 5494 2452 5537 terra
2476 5480 2721 5550 Egypti,
2758 5478 3004 5547 quoniam
3036 5475 3115 5528 illi
3154 5475 3320 5545 fmdus
3353 5491 3525 5529 meum

1953 5596 2055 5635 non
2090 5577 2450 5637 observarunt,
2487 5580 2536 5626 et
2566 5586 2657 5638 ego
2701 5566 2903 5636 neglexi
2955 5567 3105 5620 eos".
3152 5564 3276 5620 llaec
3341 5573 3397 5620 ct
3445 5567 3529 5620 his

1953 5671 2153 5728 similia
2199 5668 2431 5723 obscure
2478 5661 2671 5716 tradita
2701 5670 2829 5713 sunt
2862 5696 2877 5723 ,
2918 5674 2987 5712 ne
3020 5658 3337 5714 delerentur
3379 5658 3527 5713 libri.

1953 5763 2086 5818 Nam
2133 5758 2224 5831 qui
2246 5755 2525 5814 Christum
2576 5758 2920 5823 praesentem,
2952 5759 3007 5806 et
3054 5766 3141 5806 res
3184 5751 3530 5807 admirabiles

2346 5895 2366 5926 ⁵
2398 5893 2505 5950 lsa.
2532 5909 2606 5959 ιι,
2644 5892 2699 5947 4.
2806 5892 2826 5922 θ
2876 5890 2980 5946 lsa.
3017 5906 3077 5956 tt,
3118 5890 3172 5945 5.
3282 5890 3301 5921 ⁷
3326 5887 3527 5943 Jerem.
