3838 6554
418 452 527 516 275

1686 464 2071 528 EUTHYMII
2116 469 2485 529 ZlUABENl

3606 466 3708 530 276

418 571 771 636 cllieientem,
814 583 872 628 et
910 577 1213 633 certissima
1264 579 1569 635 divinitatis
1622 596 1735 635 sum
1784 581 2009 636 aﬂeren-

2134 598 2214 633 ιον
2234 582 2333 634 οὐκ
2363 581 2698 653 ᾐδέσθησαν,
2720 581 2835 633 ἀλλ’
2853 579 3232 648 ἐσταύρωσαν,
3260 582 3425 650 σχολῇ
3445 579 3499 649 γ’
3522 578 3588 636 ἂν
3608 583 3711 637 τῶν

421 663 757 719 tbmiudicia
779 678 1107 725 contuentes
1140 686 1250 725 non
1302 685 1690 741 susceperunt,
1742 675 1837 729 sed
1893 691 2021 745 ege-

419 769 546 811 runt
582 758 639 811 in
686 773 929 826 crucem,
968 761 1022 815 hi
1051 762 1264 819 scilicet
1309 764 1614 834 prophetiis
1646 768 2026 837 pepercissent

418 849 488 903 de
527 851 646 919 ipso
678 850 1057 920 loquentibus,
1087 855 1133 910 si
1165 872 1262 912 eas
1295 856 1444 913 nulla
1482 865 1764 914 contectus
1809 862 2023 923 umbra,

418 940 514 994 sed
552 948 771 1011 apertas
805 959 868 996 ac
902 946 1080 1001 nudas
1141 949 1532 1018 accepissent?
1577 947 1696 1004 Jam
1728 967 1858 1006 vero
1924 968 2024 1008 nos

415 1034 622 1092 Christi
686 1040 913 1097 nomine
972 1043 1301 1112 appellatum
1376 1045 1443 1099 iri
1499 1046 1750 1115 prmdixit
1797 1048 2020 1102 Isaias:

422 1130 543 1194 Vos,
578 1131 854 1202 inquiens,
883 1136 1029 1190 tollet
1060 1148 1354 1209 evertetque
1381 1139 1652 1195 Dominus.
1684 1141 1802 1195 Illis
1826 1155 2021 1211 autem,

418 1226 512 1294 qui
549 1228 775 1281 servient
830 1232 978 1295 mihi,
1032 1248 1222 1285 novum
1289 1250 1475 1288 nomen
1518 1235 1768 1303 imponet,
1805 1235 1944 1305 quod
1969 1238 2022 1291 in

419 1319 661 1373 universa
691 1330 831 1374 terra
864 1322 1214 1378 celebrabitur
1244 1326 1285 1381 ¹.
1311 1326 1570 1397 Idemque
1598 1342 1823 1383 rursus:
1866 1328 2024 1384 Vide-

419 1411 572 1477 bunt,
609 1412 808 1482 inquit,
859 1425 1039 1483 gentes
1064 1416 1294 1484 gloriam
1331 1430 1503 1482 tuam,
1567 1429 1619 1473 et
1673 1435 1851 1473 omnes
1878 1436 2021 1490 reges

414 1505 684 1573 justitiam
706 1519 876 1561 tuam.
901 1510 1260 1563 Etvocabitur
1291 1526 1479 1563 nomen
1517 1513 1885 1581 novum,fquod
1912 1512 2023 1581 ipse

419 1600 681 1655 Dominus
710 1602 1075 1669 pronuntiabit
1110 1603 1155 1658 ’.
1189 1601 1303 1657 lloc
1332 1604 1500 1658 Oseas
1530 1604 1659 1659 item
1714 1603 1969 1674 praedixit
2002 1623 2018 1660 ε

420 1689 490 1743 Et
521 1694 643 1756 erit,
694 1693 970 1762 inquiens,
1014 1696 1072 1747 in
1100 1695 1399 1749 novissimis
1453 1698 1777 1765 temporibus
1833 1713 2023 1750 nomen

422 1784 539 1846 eius
595 1784 802 1839 illustre
832 1787 886 1841 in
931 1788 1177 1842 universa
1237 1796 1407 1843 terra.
1463 1788 1533 1842 Et
1587 1790 1797 1844 nomine
1876 1789 2020 1844 illius

419 1876 574 1930 inulti
605 1879 787 1947 populi
814 1879 1251 1948 appellabuntur.
1305 1880 1374 1934 Et
1410 1882 1575 1957 ibunt
1629 1884 1685 1935 in
1736 1883 1835 1937 viis
1883 1885 2015 1951 ejus,

418 1979 467 2019 et
498 1968 670 2023 vivent
701 1971 756 2024 in
806 1972 957 2039 ipsis.

1070 2068 1341 2137 Ejusdem.
1364 2108 1367 2111 λ

492 2158 559 2214 Et
589 2161 659 2214 in
684 2172 733 2215 te
757 2162 1115 2230 precabantur
1134 2203 1150 2228 ,
1176 2166 1429 2233 quoniam
1452 2166 1508 2219 in
1538 2176 1590 2219 te
1621 2166 1883 2221 Dominus
1915 2176 2016 2223 est.

416 2253 490 2308 Et
522 2271 625 2308 non
660 2259 739 2310 est
773 2255 916 2311 Deus
942 2267 1139 2324 prwter
1170 2265 1243 2312 te.
1280 2256 1358 2311 Tu
1381 2260 1521 2312 enim
1550 2276 1604 2313 es
1630 2258 1796 2323 Deus,
1834 2268 1883 2313 et
1914 2276 2019 2314 non

416 2349 754 2416 cognovimus
784 2389 795 2399 .
828 2347 988 2413 illud,
1046 2350 1115 2404 Et
1144 2349 1517 2419 precabuntur
1537 2351 1591 2405 in
1632 2360 1709 2417 te,
1738 2351 2021 2423 praesigni-

418 2440 547 2495 ﬁcat
571 2455 686 2502 eos.
719 2440 814 2512 qui
842 2441 1199 2497 crediderunt
1228 2443 1283 2497 in
1309 2442 1616 2499 Christum.
1643 2444 1779 2499 illud
1809 2455 2018 2512 autem,

417 2532 684 2598 Quoniam
730 2535 784 2587 in
837 2544 885 2590 te
916 2534 1057 2589 Deus
1083 2546 1160 2590 est
1186 2537 1227 2600 ⁸,
1268 2536 1322 2590 in
1361 2551 1527 2591 carne
1553 2547 1831 2607 assumpta
1879 2553 2021 2607 pra:-

416 2638 686 2685 monstrat
716 2628 1082 2685 divinitatem.
1148 2629 1217 2687 At
1263 2630 1418 2695 illud,
1456 2634 1532 2684 Tu
1585 2632 1725 2685 enim
1768 2649 1822 2686 es
1858 2631 2019 2700 Deus,

419 2731 469 2772 et
497 2735 601 2776 non
630 2724 990 2793 cognovimus,
1025 2722 1435 2778 excusationem
1468 2723 1674 2779 indicat
1704 2724 2017 2779 Judzeorum

418 2812 475 2865 in
502 2811 710 2881 judicio
738 2813 945 2879 futuro,
990 2830 1113 2886 quas
1140 2815 1309 2871 stulta
1341 2826 1508 2887 atque
1554 2817 1736 2876 inanis
1785 2818 1912 2875 erit.
1960 2819 2019 2873 Si

417 2903 672 2961 Christus
722 2906 993 2976 impostor
1054 2906 1179 2973 fuit,
1236 2909 1512 2978 quomodo
1564 2924 1687 2978 quae
1732 2909 2018 2980 praedixit,

420 3004 622 3049 eventu
672 2997 1032 3066 comprobata
1088 3006 1220 3052 sunt
1270 2998 1457 3053 omnia
1504 3014 1519 3052 :
1564 3008 1623 3054 ut
1671 3014 1757 3064 ea,
1793 3016 1917 3070 quae
1949 2999 2017 3054 ad

420 3090 611 3159 templi
641 3090 1099 3152 destructionem,
1135 3106 1257 3159 quite
1289 3091 1356 3145 ad
1418 3092 1697 3147 civitatem
1759 3092 2019 3148 Hieroso-

419 3180 690 3250 lymorum
757 3183 1178 3251 expugnandam
1238 3182 1746 3251 evertendamque,
1820 3194 1876 3239 et
1950 3184 2017 3239 ad

2129 676 2256 745 περὶ
2286 673 2452 728 αὑτοῦ
2495 674 2846 746 προφητειών
2889 673 3211 742 ἐφείσαντο,
3244 675 3294 726 εἰ
3324 673 3531 737 ταύτας
3585 675 3713 727 ἀσυ-

2128 767 2421 830 σιιάστους
2457 767 2648 821 ἔλαϐον
2695 767 2792 821 καὶ
2838 768 3076 836 γυμνάςς
3110 767 3231 819 Ἔτι
3269 766 3328 820 δὲ
3367 768 3467 820 καὶ
3518 767 3579 819 τὸ
3622 767 3711 820 τοῦ

2127 858 2367 927 Χριστοῦ
2412 860 2583 929 ὄνομα
2627 859 2819 930 κλῆσις
2857 861 2991 929 ἡμῖν
3038 859 3217 923 ἔσται,
3262 860 3567 929 προείρηκε
3619 861 3711 929 μὲν

2139 948 2386 1013 Ἡσαΐας,
2405 948 2611 1019 Ὑμεῖς,
2638 950 2835 1017 λέγων,
2855 950 3066 1005 ἀνελεῖ
3082 952 3322 1019 Κύριος.
3342 954 3467 1018 τοῖς
3490 951 3561 1004 δὲ
3582 952 3712 1005 60v-

2126 1042 2384 1097 λεύουσί
2398 1061 2501 1111 μοι
2528 1046 2905 1111 κληθήσεται
2929 1044 3119 1113 ὄνομα
3140 1045 3379 1107 καινὸν,
3408 1045 3511 1098 καὶ
3542 1046 3712 1097 £0.10-

2126 1134 2454 1203 7'n0'iiaetat
2471 1137 2566 1189 ἐπὶ
2594 1136 2805 1205 πάσης
2828 1136 2933 1207 τῆς
2955 1137 3086 1207 γῆς.
3107 1138 3217 1192 Καὶ
3235 1136 3713 1207 αὖθιςποψογται

2124 1226 2272 1294 ἔθνη
2301 1228 2414 1296 τὴν
2431 1228 2624 1294 δόξαν
2653 1246 2796 1298 σου,
2827 1230 2928 1284 καὶ
2956 1230 3183 1298 πάντες
3206 1235 3259 1285 cl
3281 1232 3576 1296 βασιλεῖς
3608 1231 3714 1295 τὴν

2129 1320 2535 1388 δικαιοσύνην
2560 1338 2701 1387 σου,
2735 1322 2834 1376 καὶ
2865 1324 3243 1391 κληθήσεται
3282 1323 3348 1377 τὸ
3403 1323 3598 1392 ὄνομα
3648 1324 3713 1376 τὸ

2126 1414 2365 1479 καινὸν,
2390 1412 2422 1467 ὃ
2455 1416 2488 1467 ό
2510 1415 2730 1481 Κύριος
2756 1415 3045 1484 ὀνομάσει
3074 1417 3223 1470 αὑτό
3274 1418 3512 1485 Προεῖπε
3542 1415 3602 1468 δὲ
3626 1418 3715 1471 καὶ

2143 1508 2325 1579 Ὠσηὲ,
2354 1508 2465 1563 Καὶ
2502 1509 2700 1574 ἔσται,
2732 1510 2935 1579 φήσας.
2990 1508 3084 1561 ἐπ’
3116 1508 3397 1578 ἐσχάτων
3427 1507 3496 1560 τὸ
3529 1508 3715 1575 ὄνομα

2124 1601 2313 1655 αὐτοῦ
2347 1601 2617 1670 ἐμφανὲς
2650 1601 2721 1654 ἐν
2761 1600 2928 1669 πάσῃ
2971 1599 3045 1669 τῇ
3088 1599 3189 1670 τῇ,
3220 1601 3319 1654 καί
3348 1599 3426 1665 τῷ
3464 1602 3712 1669 ὀνόματι

2121 1692 2313 1747 αὑτοῦ
2376 1692 2896 1760 ἐπικληθήσονται
2943 1693 3084 1748 λαοὶ
3130 1694 3374 1756 πολλοὶ,
3416 1694 3514 1746 καὶ
3570 1694 3715 1747 κατὰ

2123 1784 2233 1852 τὰς
2265 1785 2446 1852 ὀδοὺς
2488 1787 2678 1841 αὐτοῦ
2728 1788 3132 1856 πορεύσονται.
3179 1788 3279 1843 καὶ
3325 1787 3615 1854 ζήσω-ται
3651 1788 3714 1839 ἐν

2126 1880 2359 1946 αὐταῖς.

2738 2070 2850 2125 Tui?
2880 2071 3090 2125 αὐτοῦ.

2193 2167 2304 2218 Kat
2325 2164 2397 2217 ἐν
2411 2163 2513 2218 σοι
2530 2164 3003 2231 προσεύεονται,
3019 2164 3109 2218 ὅτι
3127 2164 3198 2218 ἐν
3214 2164 3314 2219 σοὶ
3346 2168 3378 2220 ό
3399 2166 3548 2233 Θεός
3564 2166 3713 2230 ἐστι,

2121 2255 2222 2309 καὶ
2246 2257 2360 2310 οὐκ
2382 2256 2517 2311 ἐστι
2546 2258 2692 2323 Θεὸς
2716 2258 2887 2326 πλήν
2915 2272 3057 2311 σου.
3093 2257 3177 2311 σὺ
3208 2258 3319 2327 γὰρ
3340 2256 3402 2311 εἴ
3425 2262 3601 2324 Θεὸς,
3625 2259 3717 2313 καὶ

2122 2349 2237 2402 οὐκ
2267 2347 2538 2417 ᾔδειμεν.
2573 2349 2647 2402 Τὸ
2680 2348 2782 2417 μὶν
2808 2347 2923 2414 οὖν,
2961 2350 3072 2401 Καὶ
3098 2349 3157 2402 ἑν
3181 2351 3264 2402 σοὶ
3293 2350 3711 2420 προσεύξονται,

2122 2440 2434 2510 προφητεία
2470 2440 2604 2511 περὶ
2636 2440 2749 2492 τῶν
2780 2442 3195 2496 πιστευσάντων
3221 2442 3301 2505 εἰς
3330 2441 3420 2495 τὸν
3460 2443 3713 2513 Χριστόν.

2120 2533 2195 2586 Τὸ
2222 2533 2279 2586 δὲ
2301 2534 2383 2586 ὅτι
2425 2534 2529 2587 'Er
2555 2533 2655 2586 σοὶ
2681 2533 2715 2586 ό
2745 2533 2891 2597 Θεός
2920 2532 3078 2598 ἐστι,
3102 2535 3204 2602 τὴν
3230 2535 3286 2587 ἐν
3311 2532 3390 2603 τῷ
3423 2534 3711 2603 ammp-

2125 2642 2257 2694 ματι
2288 2624 2520 2695 θεότητα
2553 2624 2938 2692 καταγγέλλει.
2979 2624 3053 2677 Τὸ
3071 2624 3150 2690 δὲ,
3180 2624 3290 2678 Kal
3316 2624 3428 2693 τὰρ
3457 2621 3516 2679 εἷ
3540 2624 3707 2691 θεὸς,

2121 2718 2221 2771 καὶ
2249 2718 2361 2771 οὐκ
2388 2716 2657 2786 ᾔδειμεν,
2689 2718 2963 2785 ἀπολογία
2997 2734 3080 2779 τις
3114 2717 3224 2770 τῶν
3260 2716 3536 2770 Ἰουδαίων
3570 2718 3627 2768 ὲν
3654 2720 3713 2787 τῇ

2124 2811 2393 2882 μελλούσῃ
2418 2812 2621 2880 κρίσει,
2656 2813 2704 2865 εἰ
2730 2814 2825 2865 καὶ
2857 2806 3063 2881 ματαία
3095 2814 3186 2866 καί
3217 2813 3627 2881 ἀπαράδεκτος.
3655 2813 3711 2865 Ei

2123 2904 2325 2967 πλάνος
2348 2900 2417 2974 ἦν
2444 2905 2474 2955 ό
2506 2905 2761 2974 Χριστὸς,
2797 2905 2913 2967 πῶς
2943 2907 3043 2959 ὅσα
3077 2905 3408 2976 προείρηκεν
3442 2907 3524 2966 εἰς
3559 2905 3707 2964 τέλος

2120 2992 2572 3066 ἐξέϐησαν;οἷον
2619 2997 2686 3049 τὰ
2736 2999 2869 3065 περὶ
2916 3001 3017 3069 τῆς
3050 2998 3389 3068 ἐρημώσεως
3431 2997 3533 3051 τοῦ
3588 2995 3711 3050 ναοῦ

2122 3091 2232 3144 τῶν
2273 3090 2686 3161 Ἰεροσολύμων,
2721 3093 2815 3143 καὶ
2843 3092 2942 3161 τῆς
2975 3091 3256 3155 ἁλώσεως,
3293 3093 3513 3161 καὶτῆς
3548 3108 3713 3146 κατα-

2127 3183 2371 3255 στροφῆς
2427 3184 2527 3255 τῆς
2580 3185 2814 3248 πόλεως,
2873 3186 2967 3238 καλ⁸
3019 3187 3119 3254 τῆς
3180 3185 3573 3255 πανωλεθρίας
3610 3184 3713 3237 τῶν

420 3273 861 3330 internecionem
907 3274 1245 3339 Judaeorum,
1298 3290 1530 3344 quicque
1591 3277 1658 3332 ad
1719 3278 2009 3348 discipulos

2135 3278 2426 3341 Ἰουδαίων,
2465 3278 2559 3332 καὶ
2604 3279 2704 3332 ὅσα
2749 3280 2879 3347 περί
2920 3279 3029 3332 τῶν
3075 3278 3335 3349 μαθητῶν
3386 3276 3582 3343 αὐτοῦ,
3628 3281 3715 3331 καὶ

420 3380 575 3427 suos,
603 3374 660 3420 et
688 3366 755 3420 ad
789 3382 877 3422 res
908 3367 1281 3434 admirandas,
1336 3387 1476 3440 quas
1520 3370 1578 3425 in
1640 3370 1864 3426 nomine
1914 3387 2015 3426 suo

417 3470 581 3516 erant
629 3462 847 3529 facturi,
882 3464 1215 3534 pertinentia
1244 3465 1677 3536 praenuntiavit?

419 3594 558 3654 Item
588 3606 773 3651 contra
815 3598 1089 3657 Ilebrwos.
1129 3601 1309 3668 magni
1376 3598 1598 3653 Joannis
1652 3598 2014 3668 Clirysostomi

489 3670 667 3734 capita
725 3669 957 3722 maxime
1011 3672 1273 3737 appOsita.
1342 3681 1391 3723 et
1457 3679 1752 3738 opportuna
1818 3686 1881 3722 ea:
1953 3687 2012 3723 eo

492 3739 684 3793 selecto
720 3740 983 3794 volumine
1022 3756 1122 3810 quo
1169 3742 1436 3795 orationes
1477 3743 1530 3795 in
1587 3740 1798 3794 Judwos
1845 3742 2015 3793 conti-

489 3820 707 3865 nentur.

494 3925 553 3982 Si
586 3928 759 3985 virum
790 3927 1024 3998 aliquem
1062 3927 1457 3995 venerandum,
1487 3937 1649 3998 atque
1686 3927 2013 3999 praeclarum

419 4023 477 4077 in
507 4034 834 4095 cauponam,
879 4031 972 4075 aut
998 4021 1271 4075 latronum
1318 4021 1678 4077 diversorium
1715 4021 2012 4075 adductum

419 4130 701 4178 cerneres,
742 4122 986 4185 eumque
1021 4114 1227 4170 deinde
1278 4115 1628 4170 contumeliis
1671 4122 1725 4169 et
1770 4114 2007 4168 verberi-

418 4210 527 4264 bus
578 4208 838 4263 aﬂectum
897 4207 1221 4275 gravissima
1295 4223 1483 4262 corum
1560 4206 2011 4261 debacchantium

418 4301 621 4374 probra
656 4302 870 4373 perpeti
903 4302 1393 4367 animadverteres,
1418 4311 1783 4370 pr0plereanc
1810 4317 2013 4370 caupo-

418 4410 569 4458 nam.
613 4404 708 4453 aut
734 4394 1098 4450 diversorium
1129 4394 1262 4451 illud
1304 4394 1686 4449 admirandum
1735 4394 2012 4449 existima-

418 4502 529 4554 res,
579 4487 725 4557 quod
768 4487 898 4543 illuc
952 4478 1182 4556 insignis
1239 4487 1326 4543 ille
1383 4489 1464 4542 vir
1519 4488 1783 4543 adductus
1822 4489 2012 4542 esset?

417 4597 487 4633 an
521 4580 704 4650 potius
751 4580 1107 4636 detestareris
1142 4597 1225 4642 ea,
1271 4598 1394 4651 qua:
1444 4583 1799 4651 perspiceres,
1842 4592 1898 4635 et
1942 4581 2010 4635 ab

2126 3372 2238 3426 τῶν
2304 3374 2363 3424 ὲν
2428 3372 2657 3443 ὀνόματι
2724 3372 2892 3426 αὐτοῦ
2960 3372 3296 3443 θαυμάτων,
3367 3373 3462 3425 καὶ
3527 3372 3716 3435 ἁπλῶς

2127 3464 2357 3520 ἅπαντα.

2130 3603 2260 3657 Ἔτι
2301 3604 2450 3657 κατὰ
2495 3604 2796 3671 Ἐϐραίων,
2828 3604 2935 3657 τοῦ
2975 3604 3245 3672 μεγάλου
3282 3604 3575 3659 Ἰωάννου
3615 3604 3717 3659 τοῦ

2210 3674 2644 3754 ΧρυςοσΛτ-ρμου
2658 3674 2957 3754 κεξράλαια
2980 3673 3337 3754 καιριώτατᾷ
3358 3675 3715 3754 ἐπίλεγέγςα

2193 3746 2261 3795 ἐκ
2294 3744 2404 3808 τῆς
2426 3744 2651 3808 ,ϐίϐλου
2678 3744 2788 3811 τῆς
2814 3748 3219 3813 περιεχούσης
3243 3746 3383 3812 τοὺς
3416 3746 3574 3799 κατὰ
3603 3744 3717 3798 τῶν

2209 3815 2514 3869 Ἰουδαίων
2542 3817 2764 3884 λόγους
2786 3815 2999 3869 αὑτοῦ.

2196 3930 2260 3983 Εἴ
2290 3948 2409 3983 τινα
2444 3926 2584 3993 εἶδες
2624 3931 2954 4000 ἄνθρπωπον
2991 3932 3295 4002 αἰδέσιμον.
3332 3933 3426 3986 καὶ
3458 3932 3717 4002 λαμπρδν

2122 4028 2201 4088 εἰς
2244 4025 2538 4095 καπηλεῖον
2560 4026 2905 4094 εἰσαχθέντα,
2930 4026 2962 4097 ἢ
3000 4028 3077 4090 εἰς
3102 4025 3450 4096 καταγώγιον
3473 4026 3711 4099 λῃστῶν.

2122 4110 2246 4167 εἶτα
2296 4113 2657 4185 ὑϐριζόμενον
2711 4116 2848 4177 ἐκεῖ,
2906 4116 3001 4168 καὶ
3049 4116 3409 4185 τυπτόμενον,
3470 4119 3574 4170 καὶ
3623 4117 3714 4187 τὴν

2121 4208 2357 4276 ἐσχάτην
2389 4206 2764 4277 ὑφιστάμενον
2796 4209 3107 4279 παροινίαν,
3148 4205 3258 4279 ἆρα
3294 4210 3359 4263 ἂν
3391 4208 3714 4279 ἐθαύμασας

2122 4299 2183 4353 τὸ
2231 4301 2548 4367 καπηλεῖον,
2592 4301 2624 4370 ἧ
2670 4300 2732 4354 τὸ
2783 4302 3068 4373 σπήλαιον,
3112 4304 3195 4356 ὃτι
3248 4303 3399 4356 ἔνδον
3447 4304 3637 4356 αὐτων
3687 4302 3715 4353 ὁ

2130 4393 2231 4444 llam
2242 4392 2446 4463 μαστὶς
2465 4393 2602 4456 ὅλως
2622 4392 2855 4462 εἰσήχθη
2881 4411 2896 4459 ;
2940 4393 2972 4453 ἢ
3003 4394 3203 4464 μᾶλλον
3225 4392 3493 4458 ὲϐδελύξω
3514 4393 3713 4454 ταῦτα.

2120 4485 2215 4538 καὶ
2245 4485 2632 4555 ἀπεστράφης,
2669 4485 2751 4537 ὅτι
2776 4485 2923 4537 ἔνδον
2954 4484 3138 4537 αὐτῶν
3165 4484 3487 4555 ὑϐρίζεται;
3522 4483 3713 4538 Τοιοῦ-

2118 4596 2211 4631 τον
2240 4574 2380 4631 εἶναι
2419 4577 2606 4642 νόμιζε
2644 4578 2738 4631 καὶ
2775 4578 2865 4631 τὸν
2906 4582 3070 4631 τόπον
3102 4579 3202 4648 τῆς
3245 4578 3580 4647 συναγωγῆς
3608 4578 3715 4631 τῶν

415 4673 527 4730 illis
577 4674 929 4739 abhorreres,
993 4675 1138 4745 quod
1201 4676 1322 4733 talis
1355 4676 1437 4729 vir
1476 4676 1547 4730 ibi
1622 4685 1728 4729 tam
1773 4675 2009 4745 indignis

2134 4674 2423 4726 Ἰουδαίων.
2481 4672 2585 4725 Τὸν
2634 4673 2744 4743 γὰρ
2798 4672 3023 4737 [Μωσέα
3077 4672 3173 4724 καὶ
3242 4672 3371 4734 τοὺς
3425 4671 3713 4742 προφῆται,

415 4765 598 4821 ιιιοόίε
625 4777 886 4838 acceptus
927 4771 1113 4822 esset?
1145 4766 1390 4823 Similem
1421 4768 1693 4837 ejusmodi
1739 4766 1860 4822 loco
1886 4782 2010 4823 esse

416 4871 551 4927 puta
604 4858 941 4931 Synagogam
988 4860 1449 4928 Judarorunuqni
1500 4860 1737 4932 Moysem
1780 4869 1834 4913 et
1888 4876 2012 4929 pro-

414 4949 613 5022 phetas
646 4950 703 5004 in
735 4950 878 5005 illam
902 4953 1165 5007 adductos
1194 4953 1493 5025 ignominia
1527 4952 1710 5023 potius
1740 4952 2007 5017 alliciunt,

414 5056 581 5113 quam
615 5042 842 5096 honore.
889 5042 1103 5098 Etenim
1152 5059 1277 5098 cum
1320 5044 1528 5108 dicant,
1578 5057 1674 5097 eos
1706 5042 1842 5096 nihil
1886 5057 2009 5097 esse

413 5135 632 5192 locutos
674 5134 742 5189 de
779 5137 1017 5202 Christo,
1065 5137 1241 5205 deque
1272 5137 1417 5191 illius
1472 5135 1831 5201 humanitate,
1898 5137 2009 5191 imo

414 5244 550 5283 vero
610 5243 771 5282 voces
826 5244 1018 5284 eorum
1077 5230 1181 5285 hoc
1249 5229 1555 5284 indicantes
1616 5236 2006 5299 corrumpant,

420 5337 606 5376 nonne
663 5322 949 5376 manifesta
1004 5321 1126 5377 illos
1167 5320 1409 5376 alliciunt
1474 5319 1819 5397 ignominia?
1873 5318 2007 5373 Nam

417 5423 474 5467 ct
506 5413 788 5484 Serapidis
828 5413 1090 5483 templum
1134 5413 1232 5467 hos
1280 5413 1450 5469 libros
1486 5432 1515 5467 ο
1566 5413 1863 5468 Ptoienneo
1916 5413 2011 5467 de-

414 5505 649 5576 scriptos
678 5506 1021 5570 continebat,
1062 5522 1241 5577 neque
1289 5516 1467 5561 tamen
1494 5508 1564 5561 ob
1622 5507 1673 5561 id
1720 5508 2007 5578 quisquam

417 5599 678 5670 templum
715 5599 846 5655 illud
893 5607 1144 5653 Sanctum
1201 5598 1559 5653 existimabit.
1630 5598 1735 5669 Ipsi
1788 5600 2006 5669 quidem

418 5692 543 5751 libri
592 5695 870 5762 propriam
926 5692 1203 5752 habebant
1287 5693 1658 5755 sanctitatem,
1743 5694 1835 5746 sed
1888 5708 2005 5746 eam

415 5786 619 5854 templo
649 5802 758 5839 non
803 5784 1189 5853 impertiebant
1218 5798 1443 5856 propter
1486 5787 1852 5856 impuritatein
1918 5804 2009 5838 cn-

502 5948 515 5974 ’
546 5947 650 6004 La.
680 5962 781 6001 va
812 5952 1029 6021 passim.
1110 5954 1127 5983 ²
1165 5953 1267 6010 lsa.
1310 5971 1443 6023 Lm,
1479 5959 1531 6011 ‘.’..

1613 5958 1631 5987 ³
1686 5956 1789 6011 lsa.
1827 5974 1947 6022 uti,
1996 5957 2073 6012 l-l.

2118 4767 2505 4835 εἰσαγαγόντες
2550 4767 2665 4819 ἐκεῖ
2704 4766 2905 4837 μᾶλλον
2948 4765 3338 4835 ἀτιμάζουσιν,
3384 4765 3417 4835 ἢ
3452 4766 3711 4836 τιμῶσιν.

2122 4860 2296 4912 Ὅταν
2333 4860 2442 4929 γὰρ
2469 4859 2672 4925 λέγωσι
2704 4858 2872 4928 μηδὲν
2901 4858 3097 4921 αὐτοὺς
3129 4858 3414 4929 εἰρηκέναι
3449 4858 3585 4928 περὶ
3616 4856 3709 4909 to")

2117 4949 2361 5018 Χριστοῦ
2403 4950 2493 5001 καὶ
2527 4950 2625 5017 τῆς
2677 4948 3146 5018 ὲνανθρωπήσεως
3180 4948 3344 5001 αὐτοῦ
3367 4989 3382 5013 ,
3422 4948 3634 5018 μᾶλλον
3661 4948 3716 5001 δὲ

2118 5043 2545 5113 πχραφθείρωσι
2580 5043 2674 5104 τὰς
2705 5043 2864 5096 τοῦτο
2890 5042 3253 5105 διδασκούσας
3282 5044 3475 5112 ῥήσεις
3503 5039 3712 5099 αὐτῶν.

2114 5137 2343 5207 πότερον
2376 5136 2434 5189 οὐ
2468 5137 2753 5207 προδήλως
2786 5134 2983 5197 αὐτοὺς
3019 5134 3369 5204 ὐϐρίζουσιν;
3422 5134 3584 5187 Ἐπεὶ
3617 5134 3712 5189 καὶ

2111 5234 2141 5285 ὀ
2197 5232 2292 5282 τοῦ
2351 5229 2658 5297 Σαράπιδος
2709 5228 2839 5291 ναὸς
2892 5222 3006 5298 εἶχε
3064 5228 3166 5289 τὰς
3223 5226 3440 5296 βίϐλους
3498 5229 3713 5287 ταύτας

2119 5322 2568 5395 μεταγραφείσας
2616 5320 2766 5392 παρὰ
2804 5321 3145 5390 Πτολεμαίου
3192 5319 3287 5372 τοῦ
3338 5319 3712 5386 φιλαδέλφου,

2113 5415 2230 5470 ἀλλ’
2263 5416 2324 5467 οὐ
2356 5414 2443 5466 διὰ
2479 5410 2641 5465 τοῦτο
2673 5410 2808 5481 φαίη
2842 5428 2928 5473 τις
2961 5414 3029 5465 ἂν
3062 5411 3221 5477 ἆγιον
3249 5411 3481 5464 ἐκεῖνον.
3533 5404 3713 5462 Δῦται

2122 5508 2220 5577 μὲν
2252 5508 2361 5576 γὰρ
2388 5502 2533 5574 εἶχον
2563 5503 2663 5575 τὴν
2693 5502 2902 5557 οἰκείαν
2932 5502 3271 5571 ἁγιωσύνην,
3303 5502 3363 5554 οὐ
3396 5500 3711 5570 μεταδεδώο

2121 5619 2248 5656 κασι
2272 5602 2331 5654 δὲ
2355 5599 2562 5669 ταύτης
2594 5598 2687 5650 καὶ
2715 5594 2795 5664 τῷ
2819 5596 2954 5665 ναῷ,
2984 5596 3075 5649 διὰ
3100 5598 3200 5666 τὴν
3226 5595 3336 5649 τῶν
3357 5596 3477 5648 ἐκεῖ
3504 5594 3713 5647 συνιόν-

2117 5714 2225 5751 των
2256 5692 2501 5764 μιαρίαν.
2542 5689 2703 5743 Ἀλλὰ
2735 5690 2829 5742 καί⁸
2867 5688 3139 5753 ’Δξώτιοι,
3170 5689 3271 5758 τὴν
3306 5687 3543 5741 κιϐωτόν
3578 5702 3711 5741 ποτε

2117 5786 2498 5849 λαϐἇντες,εἰς
2540 5782 2599 5836 τὸ
2628 5782 2773 5853 ἱερὸν
2813 5780 2993 5835 αὐτῶν
3037 5782 3356 5851 εἰσήγαγον,
3403 5781 3495 5834 καὶ
3554 5778 3711 5834 οὐδὲν
