3954 6548
261 497 383 562 277

1217 492 1595 559 PANOPLIA
1636 485 2096 551 DOGMATICA.
2132 509 2201 520 --
2236 487 2392 548 ΤΙΤ.
2434 486 2603 549 Vlli.

3423 470 3532 535 278

260 604 430 681 ἦττον
469 606 648 663 ἐκεῖνο
692 606 887 675 μιαρὸν
938 600 1025 677 ἦν.
1058 607 1221 659 Ὥστε
1268 605 1355 658 διὰ
1405 603 1567 657 τοῦτο
1613 600 1845 671 μάλιστα

1979 612 2090 661 um,
2119 595 2209 665 qui
2245 596 2372 651 illuc
2397 592 2868 667 ingrediebantur.
2891 586 3034 656 Quid
3091 585 3265 642 Azotii
3294 586 3318 639 ἲ
3349 599 3533 640 nonne

264 698 450 765 μισεῖν
483 695 796 759 Ἰουδαίους,
824 696 916 748 καὶ
937 697 1035 763 τὴν
1058 694 1381 763 συναγωγὴν
1408 692 1589 746 αὐτῶν
1610 691 1839 749 δίκαιον,

260 789 349 840 δτι
384 788 563 849 οὕτως
608 787 1031 858 ἑμπαροινοῠσιν
1072 790 1149 851 είς
1198 787 1291 840 τὸν
1322 784 1526 839 Μωσέα
1581 782 1674 835 καὶ
1713 780 1843 843 τούς

263 883 581 952 προφήτας.
622 880 806 933 Βίϐλοι
837 881 946 952 γάρ
983 881 1493 950 ἀναγινωσκόμεναι
1539 877 1676 948 μετά
1711 876 1845 927 άπι-

264 970 446 1034 στίας,
468 970 597 1024 οὐτε
618 970 802 1034 τόπον,
827 972 952 1025 οὐτε
975 972 1099 1036 τοὺς
1122 971 1597 1040 ἀναγινώσκοντας
1618 968 1848 1036 ἁγιάσαι

262 1063 795 1127 δύνανται.Δικαίως
817 1064 1017 1135 ἐρρέθη
1040 1065 1177 1134 πρὸς
1195 1066 1412 1129 αὐτοὺς,
1436 1066 1518 1118 ὅτι
1537 1063 1849 1128 Σπήλαιον

265 1155 493 1225 ὑαίνης
518 1154 759 1224 ἐγένετό
780 1173 881 1226 μοι
902 1159 935 1212 ό
963 1152 1131 1224 οἶκος
1157 1155 1345 1226 ὑμῶν’
1377 1156 1569 1224 ὑαίνης
1595 1151 1732 1223 ὁμοῦ
1753 1151 1848 1204 καὶ

264 1247 590 1318 ἀκαθάρτου
616 1247 835 1318 θηρίου.

891 1516 1003 1571 Τοῦ
1036 1519 1249 1575 αὐτοῦ.

344 1607 411 1661 E!
453 1607 527 1678 μὴ
553 1608 683 1668 τούς
710 1607 1001 1677 προφήτας
1040 1604 1221 1677 εἷχον,
1256 1610 1303 1661 εί
1346 1608 1420 1681 μὴ
1457 1608 1553 1670 τὰς
1593 1606 1742 1677 ἱερὰς
1774 1605 1854 1675 βία

277 1699 455 1791 σλους
488 1699 897 1791 νάνεγίνωσκον,
931 1702 1030 1755 οὐκ
1062 1701 1129 1755 ἂν
1173 1701 1344 1765 οὕτως
1372 1718 1514 1773 ησαν
1554 1700 1854 1773 ἀκάθαρτοι

272 1790 371 1842 καὶ
398 1790 639 1861 βέὅηλοι.
662 1792 777 1846 Νῦν
796 1792 852 1845 δὲ
875 1794 1055 1865 πάσης
1073 1794 1477 1863 ἀπεστέρηνται
1500 1790 1851 1860 συγγνώμης,

1946 705 2131 745 arcam
2198 698 2413 759 captam
2472 689 2527 744 in
2560 686 2821 757 templum
2876 698 3035 738 suum
3087 679 3530 739 introduxerunt,

1961 781 2105 849 quod
2135 791 2318 836 tamen
2350 780 2651 851 permansit
2692 777 3010 847 impurum?
3064 773 3298 842 [Equum
3371 769 3534 839 igitur

1946 885 2055 938 est,
2086 873 2324 936 Judaeos,
2351 883 2407 929 et
2435 888 2623 928 eorum
2660 871 2998 944 Synagogam
3031 867 3151 921 ideo
3176 864 3522 934 potissimum

1947 968 2243 1025 exsecrari,
2273 963 2417 1034 quod
2462 963 2515 1017 in
2555 962 2788 1034 Moysem
2821 969 2877 1013 et
2902 958 3193 1029 prophetas
3253 950 3535 1007 insaniunt

1947 1067 2004 1112 et
2034 1056 2461 1111 debacchentur.
2523 1054 2809 1109 Librorum
2877 1047 3247 1109 enim'lectio,
3294 1044 3341 1098 si
3397 1042 3532 1096 fides

1949 1149 2110 1213 absit,
2145 1163 2248 1203 nec
2276 1149 2479 1214 locum,
2504 1161 2608 1202 nec
2634 1146 2878 1216 legentes
2911 1150 3129 1198 sanctos
3156 1146 3383 1209 possunt
3428 1134 3539 1190 effi-

1948 1257 2094 1298 cere.
2117 1242 2307 1310 Itaque
2321 1241 2515 1295 merito
2545 1240 2599 1293 in
2627 1253 2722 1293 eos
2747 1236 2954 1293 dictum
2980 1242 3098 1288 est:
3130 1233 3322 1287 Domus
3340 1231 3537 1301 hymno:

1953 1334 2126 1402 factus
2164 1343 2240 1388 est
2278 1333 2407 1387 mihi
2425 1331 2565 1388 locus
2583 1329 3002 1400 vester;by:ena:
3023 1326 3268 1394 inquam,
3295 1318 3535 1377 crudelis

1951 1436 2008 1481 et
2038 1426 2387 1482 exsecrandae
2418 1426 2570 1481 ferte.

2625 1518 2898 1587 Ejusdem.

2024 1612 2136 1668 Nisi
2187 1612 2483 1683 prophetas
2522 1612 2807 1675 baberent,
2846 1619 2901 1663 et
2945 1621 3133 1665 sacros
3182 1605 3351 1659 libros
3394 1601 3541 1671 lege:-

1956 1715 2100 1770 rent,
2126 1721 2236 1760 non
2267 1715 2449 1761 essent
2488 1714 2596 1760 tam
2630 1701 2977 1758 detestabiles
3027 1710 3083 1754 et
3111 1696 3349 1768 profani.
3386 1693 3543 1746 Nunc

1957 1809 2139 1856 autem
2189 1798 2390 1854 nullam
2427 1806 2708 1853 merentur
2755 1795 2994 1856 veniam,
3042 1790 3300 1860 quicum
3336 1800 3543 1858 praeco-

269 1882 357 1985 ότι
386 1882 513 1946 τοὺς
545 1884 792 1953 κήρυκας
819 1884 919 1954 τῆς
944 1886 1205 1956 ἀληθείας
1230 1885 1468 1954 ἔχοντες,
1493 1884 1633 1954 πρὸς
1659 1883 1856 1947 αὐτοὺς

1977 1902 2062 1941 mes
2090 1886 2326 1941 habeant
2354 1883 2619 1951 veritatis,
2663 1882 2928 1939 adversus
2975 1879 3098 1935 illos
3152 1876 3546 1945 veritatemque

268 1975 541 2041 ἐκείνους,
576 1977 671 2029 καὶ
704 1976 840 2048 πρὸς
868 1976 965 2047 τὴν
992 1976 1254 2048 ἀλήθειαν
1281 1978 1687 2046 άπομάχονται.

892 2068 1003 2123 Τοῦ
1041 2069 1251 2123 αὑτοῦ.

370 2158 497 2210 Ἐπὶ
539 2158 652 2212 τῶν
711 2159 1018 2213 Ἰουδαϊκῶν
1058 2162 1263 2232 ἑορτῶν
1309 2161 1370 2215 οὐ
1419 2163 1581 2232 μόνον
1631 2163 1825 2233 καιρὸν
1846 2199 1862 2226 ,

275 2249 420 2303 ἀλλὰ
456 2253 551 2313 καὶ
601 2251 769 2306 τόπον
802 2256 1145 2323 παρατηρεῖν
1182 2255 1472 2309 ἐκέλευσεν
1499 2258 1528 2309 ό
1558 2255 1714 2319 Θεός.
1754 2257 1867 2308 Κα-

276 2342 461 2412 θάπερ
499 2342 609 2413 γάρ
632 2342 727 2398 τοῦ
774 2344 960 2415 πάσχα
995 2346 1186 2415 καιρὲις
1220 2348 1320 2417 μὲν
1358 2349 1390 2418 ἡ
1433 2347 1498 2401 ιδ’
1538 2347 1634 2401 τοῦ
1698 2347 1867 2417 μηνὸς

278 2434 377 2487 τοῦ
417 2434 661 2504 πρώτου,
694 2436 861 2499 τόπος
891 2437 950 2491 δὲ
979 2438 1050 2491 τά
1093 2440 1465 2511 Ἱεροσόλυμα,
1500 2440 1644 2493 οὕτω
1673 2440 1737 2509 δὴ
1773 2441 1867 2492 καὶ⁵

282 2525 399 2578 τῶν
421 2524 616 2579 ἄλλων.
653 2526 794 2579 Ἀλλ’
824 2527 852 2579 ό
881 2528 978 2598 μὲν
1002 2528 1195 2596 καιρὸς
1218 2529 1326 2582 τῶν
1358 2529 1563 2599 ἑορτῶν
1588 2528 1865 2598 διάφορος,

273 2618 311 2670 ό
356 2618 417 2670 δὲ
462 2617 625 2682 τόπος
660 2614 763 2681 εἷς.
800 2621 910 2674 Καὶ
946 2621 1046 2674 οὐκ
1096 2621 1222 2692 ἐξῆν
1254 2622 1285 2692 ἢ
1331 2624 1425 2675 τὸν
1465 2622 1674 2691 καιρὸν,
1716 2620 1868 2690 ἢτδν

278 2708 451 2763 τόπον
492 2709 874 2781 παραϐαίνειν.
918 2713 1134 2767 Μᾶλλον
1175 2715 1232 2768 δὲ
1274 2714 1365 2767 τὸν
1391 2715 1490 2781 μὲν
1532 2715 1725 2784 καιρὸν
1774 2712 1871 2765 ἐπὶ

281 2801 389 2854 τοῦ
441 2802 634 2873 Πάσχα
667 2802 739 2856 δι’
792 2804 1039 2875 ἀνάγκην
1095 2809 1457 2876 συνεχωρεῖτο
1483 2806 1869 2876 παραϐαίνειν,

280 2893 381 2946 τὸν
407 2893 465 2947 δὲ
492 2896 656 2949 τόπον
699 2895 976 2965 οὐδαμῶς.
1031 2900 1112 2951 Οὐ
1146 2898 1410 2953 δύνασαι
1443 2900 1552 2969 γὰρ
1581 2899 1777 2953 ποιεῖν
1804 2901 1873 2955 τὸ

282 2984 526 3056 Πάσχα,
552 2989 742 3058 φησιν,
769 2989 839 3042 ἐν
864 2989 1116 3059 οὐδεμιᾷ
1138 2990 1259 3044 τῶν
1278 2991 1536 3056 πόλεων,
1556 2986 1644 3046 ὧν
1661 2994 1874 3061 Κύριος

282 3084 321 3134 ὁ
351 3080 499 3146 Θεός
517 3094 635 3135 σου
657 3080 871 3134 δίδωσί
898 3098 1019 3146 σοι,
1034 3083 1174 3137 ἀλλ’
1193 3083 1231 3151 ἢ
1263 3083 1333 3137 ἐν
1350 3083 1611 3153 μόνῳτῷ
1628 3086 1811 3153 τόπῳ,
1826 3082 1875 3155 ᾧ

222 3230 233 3231 ί
284 3171 371 3226 ἂν
388 3171 705 3239 ἐκλέξηται
725 3171 942 3240 Κύριος
969 3177 1001 3227 ὸ
1021 3176 1255 3241 Θεός.ἰἰ
1271 3171 1391 3251 οὗςις
1417 3176 1593 3248 ἑαυτῷ
1612 3179 1878 3232 ἐναντιοῦ-

1963 1980 2299 2050 depugnant.

2616 2068 2888 2139 Ejusdem.

2034 2168 2277 2226 Judaicis
2324 2163 2737 2222 celebritatibus
2782 2176 2893 2216 non
2923 2159 3104 2216 solum
3164 2164 3402 2225 tempus,
3449 2151 3548 2207 sed

1964 2261 2129 2319 etiam
2159 2261 2337 2316 locum
2362 2255 2761 2313 observandum
2795 2250 3125 2323 praescripsit
3156 2250 3319 2303 Deus.
3349 2245 3548 2300 Exem.

1970 2354 2043 2425 pli
2082 2352 2275 2425 gratia,
2326 2361 2538 2420 tempus
2579 2348 2646 2402 ad
2689 2346 2893 2400 Pascha
2950 2338 3337 2422 celebrandum
3374 2336 3552 2407 praeli-

1967 2443 2141 2498 nitum
2173 2451 2292 2497 erat
2328 2439 2449 2495 dies
2505 2445 2733 2509 quartus
2787 2432 3033 2489 decimus
3087 2417 3291 2485 mensis
3343 2426 3549 2498 primi;

1966 2536 2120 2589 locus
2162 2541 2351 2587 autem
2412 2529 2800 2598 Hierosolyma.
2859 2528 2930 2581 At
2991 2539 3116 2580 cum
3169 2521 3548 2587 celebritatum

1983 2637 2229 2697 tempora
2256 2635 2443 2680 essent
2488 2622 2729 2685 diversa,
2765 2621 2917 2673 locus
2946 2625 3063 2671 crat
3110 2629 3274 2687 unus.
3306 2613 3551 2680 Cumque

1969 2736 2001 2775 a
2073 2716 2389 2788 praescripto
2453 2722 2698 2782 tempore
2754 2718 2809 2765 et
2869 2709 2989 2764 loco
3054 2704 3315 2761 recedere
3396 2702 3553 2758 nefas

1970 2818 2137 2875 esset,
2176 2805 2492 2863 necessitati
2550 2814 2731 2857 tamen
2768 2798 3188 2861 concedebatur,
3227 2804 3285 2849 ut
3339 2804 3552 2863 tempus

1974 2904 2028 2959 in
2055 2898 2395 2958 observando
2441 2895 2708 2951 Pascbate
2752 2891 2937 2947 minus
2981 2889 3384 2944 observaretur.
3443 2884 3550 2940 Lo-

1982 3011 2109 3051 cum
2166 3004 2350 3047 autem
2386 2988 2538 3043 nullo
2588 2994 2749 3058 pacto
2804 2981 3006 3040 licebat
3059 2994 3171 3033 non
3209 2977 3549 3032 observare:

1977 3087 2101 3143 Non
2130 3083 2345 3151 poterit,
2378 3080 2575 3149 inquit,
2607 3077 2868 3132 celebrare
2900 3072 3110 3128 Pascha
3139 3072 3194 3124 in
3226 3068 3338 3123 ulla
3366 3084 3552 3123 earum

1976 3182 2274 3241 ciuitatum,
2304 3192 2438 3247 quas
2464 3173 2555 3227 tibi
2577 3171 2718 3226 Deus
2752 3169 2944 3232 tradet,
2968 3175 3160 3235 praeter
3189 3163 3361 3227 illam,
3392 3177 3552 3230 quam

226 3292 235 3298 ε
285 3280 412 3328 ται,
449 3263 596 3318 θύειν
627 3263 728 3333 μὲν
766 3265 825 3316 ὲν
857 3266 938 3317 ἑνὶ
966 3267 1118 3336 τόπῳ
1164 3269 1566 3340 νομοθετήσας,
1598 3272 1763 3325 αὐτὸν
1810 3273 1867 3328 δὲ

1977 3272 2229 3327 Dominus
2263 3268 2399 3322 Deus
2439 3264 2652 3335 elegerit
2685 3264 2724 3317 ⁸.
2750 3260 2935 3327 Quid?
2965 3258 3147 3314 sibine
3206 3256 3323 3327 ipse
3363 3254 3530 3309 adver

288 3357 459 3411 πάλιν
489 3357 585 3409 τὸν
611 3357 776 3409 τόπον
800 3358 1207 3427 καταστρέψας,
1237 3361 1330 3413 καὶ
1361 3361 1562 3415 ἄϐατον
1599 3363 1872 3428 Ἰουδαίοις

287 3447 672 3517 ἐργασάμενος
695 3465 710 3514 ;
743 3448 1032 3518 Οὐδαμῶς.
1052 3448 1198 3503 Ἀλλ’
1214 3452 1446 3523 ἐπείπερ
1465 3454 1581 3506 οὐδὲ
1605 3457 1755 3525 παρά
1773 3458 1876 3526 τὴν

289 3539 474 3611 ἀρχὴν
504 3540 688 3603 αὐτοῖς
726 3539 910 3593 δοῦναι
942 3541 1043 3604 τὰς
1080 3541 1272 3605 θυσίας
1306 3544 1559 3598 ὲσούλετο
1581 3586 1595 3611 ,
1632 3548 1877 3601 κατενόει

288 3632 352 3686 δὲ
382 3632 777 3701 μαινομένους,
810 3634 1174 3702 ἀγχομένους,
1207 3635 1612 3707 ἐπιθυμοῦντας
1645 3638 1876 3703 θυσιῶν,

293 3723 397 3779 καὶ
428 3726 1009 3795 παρεσκευασμένους,
1041 3729 1089 3781 εξ
1125 3729 1200 3800 μὴ
1228 3728 1469 3797 λάϐοιεν,
1499 3732 1881 3805 αὐτομολῆσαι

290 3815 438 3885 πρὸς
469 3816 938 3885 εἰδωλολατρείαν,
965 3820 1328 3892 οἰκονομικῶς
1348 3825 1655 3896 ἐπέτρεψεν
1683 3827 1879 3891 αὐτὰς,

291 3906 411 3961 τῶν
461 3907 696 3996 εἰδῶλων
736 3910 816 3973 είς
861 3910 1060 3963 ἑαυτὸν
1102 3912 1307 3977 ταύτας
1360 3918 1733 3988 μεταστήσας.
1770 3919 1881 3974 Καὶ

294 4000 653 4071 συνεχώρησε
685 4000 748 4054 τὸ
786 4004 937 4070 μεῖον
970 4003 1139 4057 κακὸν
1160 4044 1181 4070 ,
1209 4006 1295 4060 ἵνα
1332 4008 1410 4078 μὴ
1451 4008 1531 4080 τῷ
1561 4011 1768 4080 μείζονι
1794 4032 1890 4066 πε-

294 4093 605 4166 ριπέσοιεν.
648 4091 784 4148 Εἶτα
811 4095 897 4148 διὰ
930 4099 1250 4169 σοφωτάτης
1282 4099 1507 4170 μεθόδου
1540 4105 1636 4158 καλ⁸
1664 4106 1870 4169 ταύτας

295 4182 579 4255 περιεῖλε,
609 4187 707 4250 τὰς
742 4189 840 4257 μὲν
868 4188 1060 4252 θυσίας
1094 4193 1150 4245 ἐν
1200 4194 1298 4261 μιᾷ
1339 4193 1492 4247 πόλει
1526 4198 1846 4268 περιορίσας
1867 4241 1882 4266 ,

292 4279 407 4348 τὴν
440 4279 497 4332 δὲ
520 4280 679 4333 πόλιν
704 4280 912 4352 ταύτην
939 4282 1186 4337 καθελὼν
1214 4285 1461 4357 ὕστερον,
1495 4288 1589 4343 ἵνα
1620 4293 1696 4361 μὴ
1732 4291 1887 4346 δυνά·

296 4388 464 4443 μενοι
504 4372 656 4427 θύειν
693 4373 800 4439 ἔξω
846 4376 1053 4449 ταύτης
1082 4379 1172 4432 διὰ
1202 4379 1292 4433 τὸν
1325 4380 1513 4450 νόμον,
1555 4383 1884 4455 εὐμηχάνως

292 4465 511 4531 ταύτας
565 4466 938 4538 ἀφαιρεθεῖεν.
985 4472 1096 4524 Καὶ
1143 4471 1203 4524 τὸ
1245 4471 1309 4544 δὴ
1359 4472 1699 4544 θαυμαστὸν,
1731 4479 1883 4531 πᾶσα

300 4557 411 4628 μὲν
452 4559 665 4611 ἀνεῖται
702 4561 819 4623 τοῖς
858 4561 1131 4626 Ἰουδαίοις
1162 4565 1196 4633 ἡ
1225 4565 1517 4637 οἰκουμένη
1564 4567 1693 4621 ἔνθα
1736 4568 1885 4622 θύειν

1911 4608 1967 4668 D

1976 3376 2128 3423 satur
2154 3364 2177 3418 ?
2207 3362 2300 3432 qui
2329 3375 2455 3417 cum
2484 3372 2595 3413 uno
2619 3356 2674 3411 in
2706 3353 3035 3425 locojubeat
3064 3349 3391 3412 sacrificare,
3426 3362 3552 3403 eum

1976 3459 2184 3529 ipsum.
2213 3456 2403 3510 locum
2451 3452 2533 3506 sic
2571 3449 2791 3513 evertit,
2829 3456 2892 3501 ut
2948 3446 3014 3501 ad
3048 3459 3177 3499 eum
3229 3442 3401 3497 Judaei
3453 3456 3553 3496 ne-

1976 3557 2180 3621 queant
2210 3544 2513 3603 accedere?
2541 3542 2764 3597 Minime
2785 3554 2941 3607 vero,
2969 3537 3064 3593 sed
3090 3533 3555 3606 quemadmodum

1981 3644 2088 3711 illis
2122 3656 2193 3695 ne
2222 3638 2475 3695 victimas
2503 3634 2723 3706 quidem
2775 3632 2934 3687 initio
2966 3628 3184 3684 volebat
3227 3625 3554 3689 concedere,

1984 3752 2123 3809 quas
2166 3744 2374 3797 tamen,
2407 3744 2536 3785 cum
2569 3727 2692 3783 illos
2718 3726 2964 3787 insanos,
3003 3721 3219 3785 anxios,
3243 3730 3300 3774 et
3361 3732 3552 3772 earum

1984 3831 2059 3885 ita
2095 3825 2327 3896 cupidos
2355 3821 2704 3892 intelligeret,
2752 3826 2814 3873 ut
2858 3815 2965 3871 nisi
3027 3811 3345 3869 immolandi
3398 3819 3553 3879 pote-

1984 3932 2182 3977 atatem
2269 3913 2637 3983 accepissent,
2721 3910 2788 3967 ad
2857 3906 3277 3964 simulacrorum
3346 3901 3555 3957 cultum

1986 4014 2132 4069 ultro
2165 4015 2354 4065 essent
2401 4003 2711 4076 praecipites
2757 3998 2982 4064 ruituri,
3034 4012 3102 4053 eo
3134 3994 3363 4052 consilio
3408 4008 3555 4048 con-

1983 4105 2171 4172 cessit,
2213 4112 2271 4156 ut
2296 4114 2393 4156 eos
2418 4114 2448 4153 a
2481 4095 2786 4153 simulacris
2815 4094 2879 4147 ad
2921 4105 2981 4147 se
3008 4088 3296 4145 colendum
3329 4100 3561 4141 conver-

1989 4205 2150 4259 teret,
2191 4196 2402 4249 minore
2454 4191 2597 4245 malo
2648 4187 2940 4258 permisso,
3002 4200 3069 4238 ne
3108 4182 3163 4237 in
3201 4182 3421 4252 gravius
3483 4181 3560 4233 in-

1986 4295 2296 4353 currerent,
2323 4287 2403 4341 sic
2432 4282 2833 4355 sapientissima
2865 4279 3297 4345 brevissimaque
3348 4274 3560 4328 ratione

1987 4384 2108 4438 illas
2140 4378 2382 4443 sustulit,
2420 4393 2542 4433 cum
2604 4378 2655 4429 in
2708 4390 2817 4429 una
2857 4382 3068 4426 tantum
3112 4370 3331 4425 civitate
3366 4368 3561 4419 immo-

1987 4475 2102 4528 lare
2135 4472 2492 4543 permitteret,
2540 4468 2682 4523 hanc
2733 4475 2913 4520 autem
2965 4461 3319 4517 evertendam
3352 4474 3415 4511 ac
3466 4458 3559 4511 de-

1991 4569 2209 4625 lendam
2262 4571 2504 4628 curaret,
2557 4570 2639 4625 ut,
2720 4574 2844 4615 cum
2904 4564 3057 4611 extra
3119 4555 3263 4609 illaut
3319 4561 3559 4608 mactare

294 4649 408 4703 οὐκ
460 4648 660 4716 ἔξεστι,
721 4653 857 4722 μόνη
895 4654 951 4707 δὲ
993 4654 1203 4720 τούτοις
1251 4659 1285 4728 ἡ
1349 4659 1701 4733 Ἰερουσαλὴμ
1749 4665 1871 4717 άπο·

1990 4663 2238 4719 victimas
2268 4674 2363 4728 per
2397 4657 2571 4727 legem
2604 4668 2715 4707 non
2751 4652 2959 4713 liceret,
2987 4664 3052 4703 ea
3082 4644 3553 4702 sublataivictimu:

300 4738 656 4809 κέκλεισται,
688 4742 818 4798 ἔνθα
856 4744 1005 4798 θύειν
1040 4748 1201 4816 μόνον
1237 4749 1384 4819 ἐξῆν.
1419 4752 1632 4820 Ὥσπερ
1666 4755 1774 4822 γάρ
1804 4760 1885 4809 ei-

298 4831 538 4901 κοδόμος
571 4834 852 4904 θεμελίους
883 4838 995 4901 θεὶς
1015 4879 1032 4906 ,
1060 4840 1272 4911 τοίχους
1302 4844 1618 4914 ἀναστήσας
1641 4886 1656 4911 ,
1687 4846 1886 4917 ὄροφον

301 4926 673 4997 καμαρώσας,
702 4928 802 5001 τὴν
829 4933 1089 5002 καμάραν
1119 4933 1337 5005 ἐκείνην
1363 4939 1442 4999 εἰς
1465 4937 1559 4990 ἕνα
1590 4939 1712 4991 τινὰ
1735 4939 1882 4993 λίθον

306 5020 481 5088 μέσον
513 5021 824 5092 συνέδησεν,
862 5018 981 5077 εἶτα
1004 5024 1095 5077 τὸν
1125 5026 1272 5080 λίθον
1294 5028 1505 5082 ἐκεῖνον
1527 5031 1762 5098 ἀφελὼν,
1790 5034 1881 5087 τὸν

303 5109 491 5163 πάντα
524 5116 623 5183 τῆς
653 5115 950 5197 ρίκοδομῆς
978 5116 1193 5171 διέλυσε
1218 5118 1544 5190 σύνδεσμον,
1577 5124 1719 5177 οὕτω
1742 5127 1882 5180 καὶὸ

300 5204 483 5270 Θεὸςδ,
515 5206 769 5277 καθάπερ
806 5210 929 5261 τινὰ
962 5209 1254 5281 σύνδεσμον
1293 5212 1390 5281 τῆς
1417 5215 1509 5267 διὰ
1547 5218 1747 5270 θυσιῶν
1790 5219 1884 5272 λα-

302 5313 339 5348 τ
348 5297 499 5366 ρείας
514 5298 984 5372 τὴνῚερουσαλὴμ
1012 5305 1357 5375 ὁρισάμενος,
1381 5304 1500 5362 εἶτα
1522 5309 1731 5379 ταύτην
1751 5311 1883 5365 dua-

303 5390 516 5459 τρέψας
532 5392 674 5462 ὁμοῦ
693 5392 963 5447 κατέλυσε
980 5398 1077 5449 καὶ
1093 5398 1189 5470 τὴν
1215 5399 1473 5469 λατρείαν
1504 5401 1614 5455 τῶν
1653 5402 1877 5459 θυσιῶν.

1988 4756 2324 4810 tollerentur.
2372 4748 2544 4803 Totus
2586 4745 2731 4800 enim
2766 4753 3032 4799 terrarum
3068 4737 3239 4800 orbis,
3263 4735 3409 4807 quod
3437 4735 3556 4805 qui-

1982 4850 2103 4905 dem
2136 4843 2385 4901 mirabile
2419 4850 2525 4905 est,
2552 4836 2760 4894 Iudaeis
2802 4833 3144 4896 conceditur,
3201 4830 3292 4885 ubi
3350 4827 3561 4882 sacrifi-

1982 4952 2113 4996 care
2171 4950 2281 4990 non
2327 4934 2481 4997 licet,
2527 4946 2557 4984 a
2615 4930 2728 4986 sola
2790 4934 2977 4982 autem
3029 4922 3331 4979 Jerusalem
3365 4921 3553 4975 exclu-

1981 5035 2206 5095 duntur,
2239 5028 2295 5081 in
2330 5039 2436 5095 qua
2468 5038 2573 5078 una
2604 5022 2732 5088 illis,
2771 5029 2831 5075 ut
2862 5017 3197 5081 sacrificent,
3231 5014 3561 5086 permissum

1981 5133 2088 5181 est.
2131 5123 2262 5177 Nam
2325 5129 2383 5174 ut
2426 5117 2784 5181 architectus,
2830 5113 2876 5169 si
2949 5112 3113 5183 iactis
3170 5107 3562 5169 fundamentis,

1980 5217 2287 5284 erectisque
2317 5210 2638 5283 parietibus,
2685 5206 2883 5281 fastigii
2926 5204 3256 5260 testudinem
3292 5201 3356 5253 ad
3428 5198 3564 5264 lapi-

1981 5311 2105 5369 dem
2137 5323 2308 5362 unum
2336 5306 2393 5361 in
2420 5303 2600 5359 medio
2631 5300 2867 5372 positum
2914 5295 3208 5355 devinciat,
3269 5304 3333 5343 eo
3386 5286 3563 5355 lapide

1982 5404 2196 5461 sublato
2226 5409 2397 5456 totum
2424 5392 2925 5453 evertitzediiicium
2950 5405 2966 5442 :
2988 5390 3060 5442 ita
3080 5387 3221 5440 Deus
3243 5395 3366 5436 cum
3387 5378 3561 5449 quod-

308 5480 439 5537 dam
501 5485 675 5541 veluti
736 5487 1131 5546 sacriﬁciorum
1206 5493 1485 5550 vinculum
1553 5495 1855 5554 Jerusalem
1928 5496 2329 5564 constituisset,
2382 5493 2488 5549 bac
2535 5504 2727 5548 eversa
2785 5486 3034 5542 victimas
3087 5476 3400 5534 immolandi
3471 5475 3563 5545 jus

306 5578 611 5651 abrogavit.

925 5678 1036 5734 Τοῦ
1088 5682 1302 5737 αὐτοῦ.

387 5768 509 5821 Ὀτι
560 5768 685 5822 οὐδὲ
704 5772 824 5833 ταῖς
855 5771 1068 5838 θυσίαις
1099 5775 1464 5846 ἀρεσκόμενος
1492 5778 1519 5829 ό
1548 5776 1679 5841 Θεὸς
1700 5778 1890 5849 ἐννομο-

391 5949 413 5977 ¹Α
441 5947 597 6003 Deut.
638 5966 743 6015 ενι,
785 5952 838 6009 5,
872 5952 924 6007 θι

2652 5674 2924 5731 Eiusdem.

2652 5694 2924 5743 Bjusaem.

2069 5775 2226 5844 Quod
2256 5781 2451 5830 autem.
2481 5772 2623 5828 Deus
2676 5764 3021 5825 sacrificandi
3068 5776 3217 5832 teget
3248 5761 3390 5820 tulit.
3451 5773 3561 5812 non
