3838 6540
440 436 553 498 9.79

1686 448 2031 507 EUTUYMJ

2139 450 2294 510 516A
2310 453 2489 511 BENI
2752 484 2759 491 ς
3605 469 3689 535 ρδς)

436 548 583 618 quod
602 548 729 619 ipse
758 548 994 604 victimis
1038 550 1375 619 placaretur,
1421 553 1516 608 sed
1565 556 1691 625 quia
1725 554 2031 610 Judaeoruui

2146 556 2342 619 θέτησε
2378 562 2502 633 περὶ
2535 561 2760 628 τούτων,
2791 564 2924 619 and;
2952 567 3070 628 ταῖς
3095 564 3410 629 ἀσθενείαις
3439 567 3542 620 τῶν
3578 572 3690 629 Ἰου.

437 647 699 714 tanquam
746 642 1040 698 infantium
1107 644 1421 716 indulgeret
1479 649 1868 717 imbecillitati,
1935 667 2031 719 per

438 735 629 790 Isaiam
667 735 906 790 ostendit
958 753 971 790 :
1028 736 1147 792 Non
1193 750 1292 803 est,
1333 740 1534 811 inquit,
1593 744 1721 798 mihi
1786 746 2030 798 voluntas

435 831 491 882 in
516 831 683 886 vobis.
714 829 911 885 Plenus
936 848 1076 886 sum.
1108 830 1435 889 Ilolocausta
1462 836 1718 903 arietum,
1745 848 1791 891 et
1823 837 2037 906 adipem

435 934 790 992 agnorum,et
827 926 1140 996 sanguinem
1175 938 1475 996 taurorum,
1501 938 1551 984 et
1588 930 1857 985 hircorum
1888 930 2030 985 uolo.

435 1015 566 1079 Quis
620 1019 759 1071 enim
819 1020 1103 1088 exquisivit
1159 1022 1324 1077 [me
1387 1025 1632 1078 manibus
1708 1024 2031 1080 vestris?Si

436 1111 737 1168 obtuleritis
788 1115 1078 1187 siliginem,
1123 1119 1281 1172 inane
1333 1120 1705 1188 sufﬁmentum,
1755 1122 2029 1191 fastidium

434 1205 568 1260 mihi
597 1209 743 1266 est‘.
784 1208 854 1263 Et
886 1225 1109 1266 rursum
1146 1228 1161 1263 :
1203 1211 1320 1266 Non
1348 1213 1620 1267 Itonorasti
1670 1230 1775 1278 me,
1832 1214 2030 1285 inquit,

435 1299 668 1354 uictimis
705 1317 798 1355 nec
827 1302 979 1356 donis
1008 1305 1216 1365 serviin
1247 1306 1377 1363 mihi
1411 1346 1424 1359 .
1461 1306 1525 1359 Et
1556 1320 1657 1375 per
1686 1306 1978 1363 Jeremiam
2013 1322 2027 1360 :

438 1388 570 1457 Cur,
630 1393 828 1462 inquit,
875 1397 993 1449 thus
1048 1413 1075 1450 c
1138 1395 1282 1451 Saba
1332 1398 1607 1467 fertis?et
1636 1400 2031 1453 cinnamomum

437 1499 502 1538 ex
540 1493 683 1539 terra
720 1487 1007 1558 longinqua
1033 1489 1098 1557 ’j?
1138 1488 1206 1543 Et
1244 1506 1466 1544 rursum
1498 1508 1511 1544 :
1570 1490 1899 1546 llolocausta
1945 1509 2031 1546 ve-

434 1588 569 1642 stra,
607 1578 805 1649 inquit.
872 1597 977 1636 non
1016 1582 1330 1651 placuerunt
1382 1584 1508 1637 milii
1566 1624 1579 1639 .
1627 1585 1695 1639 Et
1762 1600 2028 1641 rursum:

436 1669 762 1727 llolocausta
798 1684 970 1729 vestra
1029 1692 1148 1730 cum
1204 1676 1429 1731 victimis
1468 1679 1654 1732 vestris
1688 1677 1799 1732 odit
1846 1678 2032 1732 animo

435 1780 575 1817 mea.
625 1764 709 1821 Ad
760 1764 925 1822 haec:
973 1763 1096 1820 Non
1144 1767 1349 1822 locutus
1404 1784 1549 1836 sum,
1608 1767 1810 1838 inquit,
1863 1770 2032 1837 patri-

434 1861 529 1912 bus
558 1860 743 1913 castris
768 1860 834 1914 de
864 1860 1112 1926 victimis,
1146 1865 1331 1932 neque
1387 1862 1453 1916 de
1504 1861 1831 1917 holocaustis
1877 1879 2029 1917 man-

432 1948 557 2005 davi
597 1953 725 2007 illis.
759 1951 897 2007 Nam
929 1953 975 2009 si
1008 1955 1124 2009 baze
1179 1954 1592 2026 exquisivisset,
1641 1967 1884 2022 veteres,
1931 1959 2025 2028 qui

438 2050 571 2097 ante
611 2043 736 2098 illos
793 2043 1018 2100 luerunt
1059 2046 1326 2113 illustres,
1376 2047 1586 2117 primos
1633 2047 1699 2103 ad
1757 2048 1847 2104 illa
1879 2064 2030 2104 com-

433 2135 692 2205 pulisset.
736 2135 897 2193 Nunc
937 2146 1122 2194 autem
1162 2156 1287 2211 quae
1334 2142 1401 2196 ad
1457 2151 1677 2211 tempus
1714 2146 2028 2211 concessit,

433 2244 632 2284 rursus
678 2229 929 2300 abrogat.
975 2229 1082 2287 Per
1140 2232 1399 2289 Davidem
1440 2234 1610 2300 enim,
1670 2233 1796 2290 Non
1862 2240 2031 2293 susci-

356 2364 365 2371 .
432 2322 607 2391 piam,
668 2322 872 2394 inquit,
924 2325 988 2379 de
1037 2326 1196 2381 domo
1267 2336 1360 2381 tua
1440 2328 1658 2394 vitulos,
1740 2348 1901 2401 neque
1971 2336 2033 2389 de

438 2413 685 2485 gregibus
719 2416 825 2469 tuis
848 2417 1049 2481 hircos;
1064 2427 1142 2479 et,
1178 2416 1457 2490 Numquid
1493 2423 1825 2478 manducabo
1851 2440 2033 2479 carnes

435 2516 738 2574 taurorum,
813 2518 909 2563 aut
950 2512 1265 2581 sanguinem
1307 2513 1578 2569 hircorum
1637 2516 1830 2584 potabo
1862 2518 1934 2571 ’i
1977 2530 2035 2574 et

434 2600 611 2656 multa
641 2601 938 2671 ejusmodi.
1004 2607 1217 2662 Deirde
1258 2609 1591 2666 sacriﬁcium
1634 2614 1835 2668 rationi
1900 2631 2035 2669 ccn-

436 2708 644 2763 gruens
685 2694 999 2753 introducit
1023 2715 1035 2751 :
1063 2698 1795 2773 Miscricordiam,inqu‘ens.
1818 2705 1956 2770 volo,
1987 2718 2034 2762 et

437 2800 546 2840 non
592 2789 940 2858 sacriﬁcium.
987 2791 1045 2843 Et
1093 2791 1281 2848 :Ecce
1335 2805 1556 2864 prastat
1589 2797 1815 2860 obedire,
1876 2816 2037 2869 quam

436 2880 740 2937 immolare.
778 2881 845 2935 Et
878 2899 893 2938 :
926 2884 1260 2954 Sacriﬁcium
1294 2887 1476 2942 laudis
1524 2888 1893 2959 honoriﬁrabit
1935 2909 2033 2948 me.

443 2970 514 3025 Et
546 2988 560 3024 :
612 2971 974 3044 Magniﬁcabo
1013 2990 1206 3033 nomen
1235 2977 1333 3034 Dei
1370 2980 1473 3034 mei
1524 2997 1645 3035 cum
1674 2982 1895 3037 laude‘.‘
1932 2985 1996 3039 Et
2020 3007 2037 3043 τι

441 3065 691 3123 Placebit
716 3068 824 3124 Deo
853 3086 1012 3142 super
1047 3070 1270 3127 vitulum
1332 3091 1527 3129 novum
1549 3076 1570 3108 ⁴
1606 3115 1620 3128 .
1665 3076 1728 3130 Et
1763 3093 1777 3130 :
1814 3077 2055 3149 Sacriﬁ-.

439 3160 582 3214 cium
609 3161 717 3217 Deo
739 3165 960 3233 spiritus
989 3167 1377 3223 contribulatus
1402 3169 1444 3224 ⁵.
1471 3166 1538 3223 Ει
1573 3185 1589 3225 :
1623 3168 1956 3239 Sacriﬁcium
1990 3182 2039 3227 et

2137 652 2302 707 δαίων
2328 657 2403 717 ὡς
2427 656 2639 724 νηπίων
2663 656 2743 710 ἔτι
2766 658 3219 724 συγκαταϐαίνων
3241 659 3479 727 ἐδήλωσε
3503 664 3590 731 μὲν
3610 672 3689 722 καὶ

2136 746 2223 800 διὰ
2260 749 2485 800 Ἡσαΐου
2511 747 2710 816 λέγων,
2758 752 2879 804 Οὐκ
2910 752 3043 804 ἐστι
3078 769 3180 818 μοι
3205 750 3436 820 θέλημα
3457 753 3524 805 ὲν
3544 759 3687 825 ὑμῖν.

2137 840 2383 909 Πλήρης
2402 842 2539 910 ειμι,
2575 843 3047 912 ὁλοκαυτώματα
3064 844 3271 912 κριῶν,
3292 845 3387 897 καὶ
3412 844 3587 914 στέαρ
3606 852 3691 918 ἀρ.

2134 933 2277 999 νῶν,
2294 935 2391 987 καὶ
2410 931 2555 1005 alga
2575 937 2809 1005 ταύρων
2829 936 2928 990 καί
2946 935 3179 1006 τράγων
3199 938 3272 989 οὐ
3286 936 3600 1005 βούλομαι.
3613 947 3691 1010 Τίς

2134 1027 2247 1094 γὰρ
2282 1026 2474 1082 ταῦτα
2494 1026 2860 1097 έξεζήτησεν
2882 1032 2950 1083 ἐκ
2983 1030 3099 1083 τῶν
3132 1029 3346 1099 χειρῶν
3385 1028 3578 1097 ὑμὼν;
3602 1040 3686 1091 Καὶ

2134 1119 2245 1174 ἐὰν
2266 1122 2651 1191 προσφέρητέ
2660 1140 2763 1192 μοι
2781 1123 3131 1193 σεμίδαλιν,
3153 1123 3415 1191 μάταιον
3430 1126 3690 1195 θυμίαμα,

2129 1211 2456 1281 βδέλυγμά
2475 1214 2579 1283 μοί
2611 1214 2765 1270 ἐστι.
2814 1216 2924 1267 Kal
2975 1214 3154 1276 αὖθις,
3184 1216 3307 1268 Οὐκ
3331 1213 3617 1277 ἐδόξασα(
3631 1237 3693 1285 με

2132 1307 2201 1358 ἐν
2219 1306 2482 1371 θυσίαις,
2500 1306 2644 1359 οὐδὲ
2658 1306 3034 1371 ἐδούλευσάς
3047 1324 3148 1375 μοι
3169 1307 3238 1360 ἐν
3252 1304 3487 1374 δώροις.
3508 1309 3607 1360 Καὶ
3621 1311 3693 1364 διὰ

2144 1395 2433 1468 Ἱερεμίου·
2469 1397 2595 1450 Ἵνα
2621 1397 2678 1450 τί
2691 1414 2795 1465 μοι
2815 1398 3076 1450 λίϐανον
3097 1396 3164 1449 ἐκ
3186 1395 3347 1450 Σαϐᾶ
3365 1397 3585 1464 φέρετε,
3612 1402 3694 1455 καὶ

2134 1488 2481 1557 κινάμωμον
2505 1489 2574 1542 ἐκ
2610 1487 2724 1557 γῆς
2756 1491 3103 1557 μακρόθεν;
3136 1489 3210 1541 Τὰ
3247 1491 3697 1560 ὁλοκαυτώματα

2132 1580 2302 1651 ὑμῶν
2319 1583 2434 1650 οὐχ
2452 1580 2695 1649 ἧδυναν
2708 1599 2805 1651 με.
2829 1583 2938 1636 Kal
2948 1582 3134 1644 πάλιν,
3159 1581 3234 1636 Τὰ
3252 1582 3698 1651 ὁλοκαυτώματα

2133 1675 2303 1745 ὑμῶν
2320 1678 2473 1744 μετὰ
2497 1673 2618 1729 τῶν
2647 1675 2879 1731 θυσιῶν
2902 1674 3073 1745 ὑμῶν
3104 1676 3454 1745 μεμίσηκεν
3487 1676 3521 1742 ἡ
3548 1680 3696 1746 ψυχὴ

2128 1788 2269 1840 μου.
2287 1771 2399 1823 Kal
2421 1769 2561 1838 πρὸς
2578 1770 2813 1831 τούτοις,
2830 1771 2954 1824 Οὐκ
2970 1768 3256 1835 ἐλάλησα
3276 1770 3431 1836 πρὸς
3455 1769 3591 1836 τοὺς
3606 1787 3699 1825 πα-

2134 1863 2312 1934 τέρας
2342 1862 2511 1933 ὑμῶν
2525 1862 2661 1932 περὶ
2679 1861 2932 1929 θυσιῶν,
2970 1861 3116 1916 οὐδέ
3139 1862 3275 1932 περὶ
3298 1865 3700 1933 ὁλοκαυτωμά-

2137 1973 2255 2010 των
2276 1953 2676 2026 ἐνετειλάμην
2690 1955 2921 2022 αὐτοῖς.
2947 1956 3009 2008 El
3032 1955 3143 2026 γὰρ
3176 1954 3353 2009 ταῦτα
3374 1954 3576 2025 ἐζήτει,
3593 1959 3700 2022 τοὺς

2131 2050 2400 2115 παλαιοὺς
2426 2050 2492 2105 ἂν
2512 2051 2641 2114 τοὺς
2672 2051 2781 2122 πρὸ
2814 2049 2998 2103 αὐτῶν
3046 2049 3373 2120 λάμψαντας
3396 2089 3412 2111 ,
3470 2052 3698 2117 πρώτους

2130 2145 2344 2215 ἤγαγεν
2386 2144 2482 2197 ἐπὶ
2515 2142 2710 2197 ταῦτα.
2758 2141 2875 2197 Νῦν
2905 2143 2965 2197 δὲ
3011 2143 3156 2196 κατὰ
3194 2143 3385 2212 καιρὸν
3419 2142 3554 2196 αὐτὰ
3588 2161 3698 2211 συγ-

2131 2236 2393 2307 χωρήσας
2424 2234 2582 2298 αὖθις
2618 2235 2945 2290 ἀπελαύνει.
2978 2235 3121 2306 Φησὶ
3146 2234 3256 2307 γὰρ
3283 2235 3381 2287 καὶ
3414 2234 3504 2287 διὰ
3537 2234 3698 2297 Δαϐὶδ,

2136 2333 2219 2385 οὐ
2232 2329 2481 2399 δέξομαι
2496 2330 2565 2384 ἐκ
2581 2328 2691 2383 τοῦ
2710 2330 2883 2384 οἴκου
2905 2343 3023 2383 σου
3038 2329 3335 2398 μόσχους,
3357 2328 3503 2383 οὐδὲ
3519 2329 3583 2381 ἐκ
3600 2328 3703 2381 τῶν

2134 2422 2428 2492 ποιμνίων
2448 2437 2567 2477 σου
2594 2422 2949 2492 χιμὰρῤους.
2986 2421 3129 2485 Καὶ,
3162 2422 3259 2487 Μὴ
3286 2421 3557 2490 primum
3579 2422 3703 2488 κρέα

2132 2516 2392 2583 ταύρων,
2417 2515 2457 2583 ἢ
2480 2514 2624 2583 αἷμα
2643 2514 2878 2583 τράγων
2895 2513 3149 2582 πίωμαι;
3174 2513 3463 2565 καὶπολλὰ
3482 2512 3700 2569 τοιαῦτα.

2134 2600 2270 2660 Εῐτα
2289 2605 2390 2677 τὴν
2414 2603 2644 2676 λογικὴν
2662 2602 2980 2671 ἀντεισάγει
2996 2603 3281 2674 λατρείαν,
3296 2602 3703 2669 λέγων,”Ελεεν

2135 2698 2309 2762 θέλω,
2325 2699 2424 2753 καὶ
2442 2699 2516 2753 οὐ
2530 2696 2780 2753 θυσίαν.
2798 2696 2934 2762 Kal,
2955 2696 3151 2751 Θυσία
3164 2696 3462 2762 αἰνέσεως
3478 2693 3704 2759 δοξάσει

2134 2808 2229 2863 με.
2252 2790 2382 2856 Kal,
2398 2790 2631 2846 Δινέσω
2656 2788 2725 2844 τὸ
2746 2789 2938 2858 ὄνομα
2959 2787 3067 2843 τοῦ
3088 2786 3239 2843 Θεοῦ
3252 2804 3373 2857 μου
3392 2785 3527 2856 μετ’
3542 2785 3702 2852 ᾠδῆς.

2132 2880 2458 2953 μεταλυνῶ
2472 2882 2665 2936 αὐτὸν
2697 2881 2768 2935 έν
2798 2882 3051 2936 αἰνέσει.
3088 2881 3222 2946 Kal,
3260 2878 3488 2948 Ἁρέσει
3502 2877 3581 2942 τῷ
3601 2876 3705 2940 Θεῷ

2138 2977 2293 3045 ὑπὲρ
2311 2975 2556 3046 μόσχον
2585 2974 2749 3030 νέον.
2792 2975 3190 3036 ΚαὶίΘυσίαν
3235 2974 3335 3028 καὶ
3373 2971 3707 3041 προσφορὰν

2140 3078 2253 3132 οὐκ
2267 3075 2607 3143 ἠθέλησας,
2632 3070 2806 3142 σῶμα
2830 3058 2899 3125 δέ
2925 3072 3268 3139 κατηρτίσω
3285 3086 3412 3138 μοι,
3444 3067 3636 3138 δηλαδὴ
3660 3068 3708 3118 τὸ

2143 3168 2502 3231 Δεσποτικδν,
2540 3167 2604 3221 τὸ
2659 3167 2810 3236 παρὰ
2844 3166 2955 3220 ’τῶν
2989 3167 3185 3237 ἱερέων
3232 3167 3500 3221 ἑκάστοτε
3531 3164 3707 3231 θυόμε-

420 3252 758 3321 oblationem
805 3258 1050 3325 uoluisti,
1077 3278 1264 3331 corpus
1287 3271 1465 3315 autem
1505 3264 1811 3333 compegisti
1845 3265 2031 3330 mihi"1

2149 3280 2261 3328 νον,
2294 3263 2389 3317 καὶ
2414 3263 2531 3324 τοῖς
2564 3259 2737 3327 ἀξίοις
2759 3260 3153 3330 διανεμόμενον
3183 3261 3263 3323 είς
3292 3256 3618 3330 μετάληψ.ν.

435 3366 641 3422 corpus
679 3353 900 3413 Domini
949 3358 1159 3428 utique,
1198 3357 1345 3429 quod
1397 3373 1425 3411 a
1475 3358 1863 3416 sacerdotibus
1918 3362 2167 3431 quotidie
2223 3361 2470 3421 offertur,
2508 3366 2565 3412 et
2625 3356 2804 3427 dignis
2845 3355 3218 3419 distribuitur,
3281 3363 3341 3409 ut
3395 3353 3520 3422 ejus
3564 3347 3712 3420 parti-

435 3444 593 3516 cipes
620 3446 777 3504 tiam.

1117 3543 1396 3615 Ejusdem.

508 3630 926 3705 inter-rogentur
986 3635 1226 3703 Hebraei,
1284 3640 1563 3708 quomodo
1652 3639 1824 3695 festos
1911 3639 2031 3694 dies

439 3726 745 3785 celebrent.
784 3729 979 3786 Nonne
1017 3731 1373 3803 perspicuum
1402 3741 1505 3799 est,
1545 3747 1661 3798 eos,
1702 3747 1828 3787 cum
1886 3731 2033 3787 cele-

439 3818 821 3889 britatis_luco
872 3833 1121 3890 careant,
1168 3825 1213 3878 si
1259 3824 1591 3890 sacriﬁcent,
1633 3840 1663 3879 a
1702 3824 1840 3896 legis
1888 3838 2031 3893 pra!-

446 3915 655 3986 scripto
708 3916 1038 3974 discedere?
1071 3918 1209 3973 Nam
1252 3918 1298 3973 si
1356 3918 1655 3988 prophetae,
1699 3917 1792 3987 qui
1833 3916 2033 3986 captivi

450 4008 580 4063 olim
626 4007 850 4066 abducti
901 4010 1140 4079 fuerant,
1200 4009 1403 4065 amissa
1469 4009 1775 4064 Jerusalem
1832 4009 2042 4063 sacriﬁ-

443 4116 575 4157 care
605 4116 715 4156 non
758 4103 1035 4160 audebant
1077 4122 1091 4159 :
1136 4104 1255 4159 Non
1319 4113 1403 4159 est
1454 4104 1625 4171 enim,
1654 4103 1931 4169 dicebant,
1980 4103 2031 4157 in

446 4196 555 4250 hoc
609 4206 860 4268 tempore
907 4198 1315 4262 holocaustum,
1367 4211 1471 4251 nec
1522 4196 1878 4256 sacriﬁcium.
1932 4211 2035 4251 nec

446 4289 667 4356 oblatio,
712 4306 821 4346 non
851 4292 1025 4355 locus,
1069 4299 1129 4345 ut
1155 4290 1394 4345 fructum
1444 4290 1702 4357 feramus}
1744 4304 1929 4344 coram
1955 4297 2033 4353 te,

448 4392 505 4438 et
567 4384 921 4440 inveniamus
989 4383 1447 4439 misericordiam.
1500 4382 1644 4449 Quin
1697 4384 1863 4438 etiam
1904 4397 2027 4437 cum

444 4492 645 4533 canere
712 4486 1063 4548 cogerentur,
1098 4478 1167 4532 ab
1198 4477 1287 4541 iis,
1351 4493 1380 4532 a
1429 4477 1629 4546 quibus
1670 4480 1725 4532 in
1770 4475 2033 4532 servitute

445 4571 859 4633 detinebantur,
896 4570 1132 4640 aliquem
1167 4586 1198 4625 e
1234 4571 1462 4626 canticis
1485 4564 1643 4638 Sio'n,
1683 4569 2030 4636 recusabant,

2745 3536 2855 3589 Τοῦ
2882 3535 3092 3589 αὐτοῦ.

2209 3632 2647 3703 Ἐρωτάσθωσαν
2680 3630 2925 3683 Ἰουδαῖοι
2958 3629 3074 3693 πῶς
3113 3630 3442 3699 ἑορτάζουσι
3475 3630 3548 3700 μὴ
3579 3630 3711 3699 ἔχον·-

2137 3743 2230 3790 τες
2261 3726 2429 3779 τόπον
2478 3724 2712 3796 ἐορτῆςς
2754 3719 2880 3793 ’Ἆρ’
2925 3722 2986 3775 οὐ
3042 3722 3331 3793 προδήλως
3369 3722 3713 3791 παρανομοῦ-

2141 3834 2261 3884 etv;
2300 3816 2361 3869 Εἰ
2388 3817 2505 3884 γὰρ
2536 3816 2586 3867 οι
2621 3810 3161 3884 αἰχμαλωτισθέντες
3218 3813 3392 3867 πάλαι
3449 3816 3714 3884 προφῆται

2136 3910 2261 3965 οὔτε
2287 3910 2438 3965 θύειν
2462 3907 2731 3979 ἐτόλμων,
2752 3908 3173 3972 ἐκπεπτωκότες
3197 3908 3302 3977 τῆς
3334 3907 3708 3979 Ἰερουσαλήμ·

2138 4004 2254 4056 Οὐκ
2298 4002 2417 4055 ἔστι
2469 3998 2602 4070 γὰρ,
2661 4002 2850 4071 φησὶν,
2905 4002 2964 4053 ἐν
3012 3999 3091 4069 τῷ
3145 3999 3325 4068 καιρῷ
3371 4000 3557 4069 τούτῳ
3608 3999 3714 4051 οὐδὲ

2138 4091 2535 4163 ὁλοκαύτωμα,
2594 4091 2717 4144 οὐδὲ
2774 4090 2974 4151 ουσία,
3039 4090 3162 4144 οὐδὲ
3223 4090 3560 4160 προσφορὰ,
3611 4087 3717 4141 οὐδὲ

2141 4189 2432 4257 Θυμέαμα,
2489 4188 2551 4239 οὐ
2597 4186 2765 4249 τόπος
2812 4183 2906 4237 τοῦ
2971 4185 3262 4251 καρπῶσαι
3318 4184 3561 4237 ἐνώπιόν
3615 4200 3717 4241 σου,

2141 4282 2236 4336 καὶ
2295 4281 2480 4350 εὑρεῖν
2540 4278 2709 4341 ἔλεος.
2762 4277 2922 4332 Ἀλλὰ
2971 4278 3063 4331 καὶ
3122 4278 3268 4349 ᾄδειν
3309 4278 3376 4331 ὲκ
3424 4278 3537 4329 τῶν
3584 4276 3717 4346 ᾠδῶν

2142 4371 2279 4428 Σιὼν
2325 4370 2765 4439 ἀναγκαζόμενοι
2816 4371 2969 4441 παρὰ
3018 4371 3130 4423 τῶν
3191 4372 3718 4442 αἰχμαλωτισὰντων

2141 4468 2241 4520 οὐκ
2268 4465 2573 4536 ἠνείχοντο,
2608 4463 2883 4533 λέγοντες,
2984 4464 3117 4531 Πῶς
3141 4465 3388 4534 ᾄσωμεν
3418 4466 3541 4533 τὴν
3573 4461 3721 4531 ᾠδὴν

2143 4562 2366 4629 Κυρίου
2407 4558 2506 4612 ἐπὶ
2536 4558 2651 4630 γῆς
2683 4558 3049 4628 ἀλλοτρίας;
3083 4559 3191 4611 Nai.
3232 4557 3339 4629 μὴν
3371 4560 3472 4611 καὶ
3513 4559 3601 4611 διὰ
3630 4558 3725 4609 Zz-

444 4661 694 4717 dicentes
740 4659 1063 4727 :Quomodo
1120 4661 1454 4717 cantabimus
1496 4664 1764 4717 canticum
1822 4662 2031 4715 Domini

2145 4655 2337 4724 χαρίου
2382 4656 2411 4708 δ
2450 4655 2584 4718 Θεὸς
2630 4653 2840 4723 ἑτέροις
2888 4650 3064 4720 ἔλεγε,
3097 4650 3194 4719 Μὴ
3238 4651 3542 4718 νηστείαν
3568 4663 3726 4711 νενη-

444 4753 500 4803 in
530 4760 669 4804 terra
694 4750 869 4805 aliena
886 4753 905 4782 τ
922 4751 1137 4821 Ῡ,Ᾱῑ‹ιιιε
1158 4768 1251 4823 per
1282 4751 1606 4807 Zachariam
1631 4750 1891 4807 Dominus
1914 4749 2033 4804 aliis

445 4844 580 4899 dicit
612 4859 627 4896 :
656 4843 997 4913 Jejuniumne
1028 4847 1314 4916 jejunastis
1376 4845 1716 4915 septuaginta
1779 4843 1935 4896 annis
1965 4844 2033 4898 ⁸2

447 4937 648 5006 quibus
705 4937 970 4993 nimirum
1018 4938 1220 5007 captivi
1282 4938 1670 5009 premebantur
1738 4935 2027 4992 servitute.

444 5027 735 5096 Quomodo
767 5029 932 5102 igitur
979 5046 1103 5086 cum
1160 5030 1490 5087 sacriﬁcium
1566 5045 1676 5086 non
1698 5030 1812 5096 sit,
1848 5045 2030 5100 neque

444 5123 747 5186 canticum,
793 5139 973 5193 neque
999 5123 1293 5194 jejunium,
1340 5135 1395 5179 et
1427 5124 1574 5178 nulla
1631 5123 1837 5179 idcirco
1878 5124 2028 5179 cele—

442 5216 638 5281 britas,
706 5215 977 5284 siquidem
1031 5216 1212 5272 omnis
1259 5215 1500 5286 legitima
1541 5217 1831 5272 celebritas
1869 5217 2037 5272 sarri-

442 5308 571 5365 ﬁcio
598 5310 984 5381 peragebatur,
1031 5310 1236 5365 audent
1281 5310 1392 5374 isti,
1429 5309 1695 5380 jejunium
1754 5318 1850 5364 aut
1891 5309 2036 5364 diem

442 5396 647 5453 Festum
716 5414 899 5471 agere,
961 5410 1056 5455 aut
1112 5400 1288 5454 ullum
1356 5400 1581 5455 omnino
1637 5401 1846 5457 cultum
1910 5401 2030 5467 lege

426 5491 838 5581 ipraescriptum
925 5490 1209 5560 exsequi?
1277 5489 1440 5557 Quod
1494 5501 1679 5546 autem
1748 5488 2033 5562 propheta:

428 5595 629 5666 {neque
660 5580 1011 5638 immolarent
1052 5581 1283 5646 Pascha,
1325 5597 1504 5653 neque
1558 5581 1706 5637 diem
1737 5582 1903 5637 alium
1956 5581 2035 5634 fe-

426 5680 595 5726 tstum
634 5671 807 5729 ullum
838 5682 1183 5747 peragerent.
1217 5689 1282 5729 ex
1320 5672 1560 5730 Danielis
1611 5674 1826 5746 jejunio
1872 5673 2033 5729 intel-

526 5857 541 5888 ¹
577 5856 682 5910 lsa.
724 5874 762 5917 ι,
809 5856 1033 5925 passim.
1148 5860 1166 5889 ’
1197 5857 1441 5925 Jer._vt,
1499 5856 1585 5911 20.

450 5927 633 5985 'Psal.
664 5944 850 5995 χχχιχ,
906 5930 955 5983 7.

1697 5858 1715 5887 ³
1772 5858 1917 5910 Psal.
1982 5873 2131 5921 xm,
2182 5857 2234 5920 9,
2303 5854 2386 5908 15.

1034 5929 1053 5959 ⁷
1087 5928 1231 5984 Psal.
1269 5919 1488 5993 cs'uvt,
1526 5927 1581 5981 4.
1660 5927 1679 5959 ⁸
1713 5928 1883 5985 'Lacb.
1918 5942 2015 5993 vn,
2046 5929 2097 5981 ὅ.

2146 4748 2441 4802 στεύκατέ
2464 4766 2565 4818 μοι
2591 4748 2696 4815 ἔτη
2738 4744 3182 4814 ἐϐδομήκοντα;
3229 4742 3483 4812 δηλονότι
3531 4741 3616 4794 τὰν
3642 4740 3728 4805 τῆς

2145 4842 2546 4911 αἰχμαλωσίας.
2572 4841 2748 4895 Ὅπου
2779 4840 2837 4893 δὲ
2872 4838 3033 4892 ουσία
3058 4839 3161 4891 οὐκ
3188 4832 3279 4908 ἦν,
3308 4837 3437 4891 οὐδὲ
3463 4836 3595 4907 ᾠδὴ,
3615 4832 3723 4886 οὐδὲ

2144 4934 2369 5005 νηστεία
2412 4935 2654 4998 πάντως,
2699 4932 2820 4986 οὐδὲ
2854 4932 3057 5000 ἑορτή’
3099 4932 3252 4984 πᾶσα
3294 4930 3408 5000 γὰρ
3456 4927 3622 5001 ἑορτὴ
3651 4943 3727 4978 vo-

2147 5026 2283 5097 μικὴ
2334 5026 2424 5080 διὰ
2469 5025 2660 5089 θυσίας
2710 5026 3058 5078 ὲπετελεϊτοο
3096 5024 3214 5087 πῶς
3262 5022 3550 5093 τολμῶσιν
3598 5012 3731 5073 οὗτοι

2140 5120 2447 5189 νηστεύειν,
2484 5119 2519 5189 ἢ
2569 5118 2872 5188 ἑορτάζειν,
2917 5116 2950 5187 ἢ
3006 5117 3145 5179 ὅλως
3180 5117 3420 5186 νομικὴν
3481 5132 3604 5168 τινα
3651 5113 3732 5162 λα-

2140 5211 2331 5280 τρείαν
2383 5212 2686 5270 ἐπιτελεῖνξ
2734 5211 2859 5264 Ὀτι
2922 5209 2981 5263 δὲ
3034 5210 3086 5262 οἱ
3152 5208 3441 5280 προφῆται
3508 5207 3630 5260 οὐδὲ
3682 5206 3732 5253 τὸ

2146 5303 2338 5374 Πάσχα
2382 5304 2558 5367 ἔθυόν,
2619 5304 2729 5356 οὐδ’
2771 5302 2939 5370 ἀλλην
2998 5300 3193 5373 ἑορτὴν
3231 5303 3290 5354 ὲν
3343 5298 3620 5371 ἀλλοτρίᾳ
3649 5298 3733 5364 τῇ»

2142 5398 2302 5467 δῆλον
2329 5399 2421 5450 καὶ
2444 5399 2553 5450 ἀπὸ
2581 5397 2684 5464 τῆς
2714 5397 2973 5466 νηστείας
3005 5395 3100 5448 τοῦ
3137 5395 3357 5464 Δανιὴλ.
3401 5391 3735 5463 Ἀρξάμενος

2144 5491 2254 5559 γὰρ
2292 5489 2403 5542 ἀπὸ
2460 5489 2562 5560 τῆς
2600 5490 2793 5559 τρίτης
2856 5489 3071 5560 ἡμέρας
3130 5487 3226 5541 τοῦ
3287 5486 3522 5558 πρώτου
3556 5482 3732 5557 μηνὸς,

2144 5583 2441 5654 ὲνήστευσε
2499 5584 2650 5653 τρεῖς
2698 5581 3001 5649 ἑϐδομάδας
3043 5580 3174 5652 ἄχρι
3221 5578 3323 5650 τῆς
3350 5581 3622 5649 εἰκοστῆς
3652 5594 3734 5628 τε·

2143 5675 2348 5745 τάρτης
2389 5672 2558 5729 αὑτοῦ
2592 5690 2605 5704 ’
2663 5676 2721 5726 ἐν
2757 5671 2936 5745 τούτῳ
2984 5675 3041 5727 δὲ
3083 5672 3161 5744 τῷ
3198 5671 3332 5744 μηνὶ
3377 5670 3484 5726 ναὶ
3514 5671 3550 5741 ἡ
3582 5666 3732 5739 ἑορτὴ

2496 5856 2516 5887 ⁸
2559 5854 2702 5909 Psal.
2742 5870 2932 5923 vaui,
2970 5854 3060 5921 51,
3090 5854 3178 5908 52.
3392 5854 3625 5920 t’sal.t.,
3655 5848 3731 5905 19.
