3838 6544
395 484 504 552 283

1619 474 2006 539 EUTHYMII
2047 472 2382 535 ZIGABEN
2389 472 2416 532 Ι

3542 454 3646 523 284

394 616 502 661 vos,
539 604 589 651 et
605 602 837 651 statuam
869 607 1019 662 super
1041 606 1128 645 vos
1156 590 1311 645 verba
1333 605 1449 644 mea
1478 589 1634 655 bona,
1661 599 1718 643 ut
1740 597 1976 642 reverta-

2090 589 2224 642 γίαν
2253 585 2442 656 ὑμῶν,
2486 580 2583 637 καί
2643 579 2903 650 ἀθροίσω
2947 574 3104 645 ὑμᾶς
3149 574 3218 629 ἐκ
3263 572 3508 627 πάντων
3533 572 3649 625 τῶν

397 690 527 742 mini
572 686 630 741 in
698 686 869 738 locum
940 684 1101 746 hunc,
1152 692 1202 737 et
1245 691 1544 737 convertam
1605 681 1968 743 captivitatem

393 786 643 840 vestram,
673 782 722 827 et
747 774 1073 844 congregabo
1093 788 1181 827 vos
1229 788 1294 827 ea:
1322 773 1566 826 omnibus
1615 770 1875 839 gentibus,
1912 770 1971 822 in

393 884 525 937 quas
547 867 766 935 dispersi
815 881 922 931 vos,
953 866 1120 934 inquit
1155 866 1431 929 Dominus,
1460 872 1509 918 et
1536 874 1836 919 convertam
1883 877 1972 914 vos

397 960 450 1013 in
486 960 655 1011 locum
682 963 821 1012 unde
865 959 1162 1029 demigrare
1202 974 1291 1013 vos
1332 959 1428 1028 {cci
1493 959 1533 1011 ⁸.
1570 955 1734 1011 Vides
1790 954 1973 1008 omnia

396 1066 526 1105 vere
556 1059 879 1105 enumerata
916 1050 1155 1119 ?ltaque
1192 1049 1382 1105 Daniel
1434 1064 1542 1103 non
1561 1056 1687 1102 ante
1729 1062 1827 1116 pro
1867 1045 1975 1100 illis

396 1138 746 1208 supplicavit,
771 1153 932 1207 quam
960 1138 1303 1209 septuaginta
1364 1137 1518 1202 anui,
1584 1144 1642 1189 ut
1706 1136 1780 1189 ait
1830 1134 1973 1203 ipse,

396 1230 653 1298 completi
679 1238 827 1293 sunt,
853 1245 922 1284 ne
953 1229 1071 1299 ipse
1094 1244 1311 1299 quoque
1332 1228 1566 1291 audiret,
1591 1228 1738 1296 quod
1782 1224 1977 1279 audie-

400 1326 482 1370 rat
504 1316 769 1372 Jeremias
794 1334 809 1371 :
858 1316 941 1370 Ne
970 1319 1200 1372 oraveris
1223 1332 1316 1385 pro
1342 1318 1531 1384 populo
1556 1319 1649 1369 hoc
1676 1331 1838 1386 neque
1888 1331 1984 1384 po-

398 1412 678 1467 stulaveris
727 1429 823 1481 pro
862 1412 989 1476 illis,
1032 1414 1281 1482 quoniam
1332 1428 1439 1466 non
1490 1412 1707 1465 audiam
1742 1421 1790 1463 te
1818 1410 1862 1463 ’.
1903 1408 1982 1461 Ac

403 1503 585 1570 justus
634 1502 853 1570 quidem
905 1517 1067 1555 orans
1090 1502 1486 1559 condemnabat
1518 1516 1601 1563 se,
1636 1499 1980 1555 Peccavimus

414 1591 689 1659 inquiens,
734 1592 929 1662 injuste
988 1595 1211 1663 egimus,
1261 1594 1593 1663 iniquitatem
1637 1593 1875 1663 fecimus.
1912 1593 1983 1645 At

406 1685 486 1738 itli
512 1686 604 1756 qui
640 1686 905 1739 malorum
934 1696 1094 1741 erant
1144 1688 1311 1757 pleni,
1353 1697 1545 1742 contra
1601 1702 1661 1741 se
1687 1687 1978 1756 gerebant.

403 1778 776 1842 Servavimus,
812 1779 1051 1845 aiebant,
1086 1780 1341 1833 mandata
1395 1790 1507 1833 tua.
1554 1777 1619 1833 Et
1644 1793 1789 1832 nunc
1853 1779 1982 1831 hea-

407 1880 492 1925 tos
523 1870 755 1924 dicimus
774 1870 1002 1935 alienos,
1035 1880 1090 1926 et
1111 1887 1256 1927 nunc
1296 1871 1647 1937 reae'dilicant,
1684 1872 1775 1940 qui
1830 1870 1981 1925 fece-

2074 680 2283 743 ὲθνῶν,
2315 673 2386 732 οὗ
2427 675 2739 743 διέσπειρα
2780 670 3003 734 αὐτοὺς
3032 666 3176 732 ἐκεῖ,
3220 664 3375 735 φησί
3415 665 3649 732 Κύριος,

2075 775 2173 828 καὶ
2204 769 2548 838 ἐπιστρέψω
2567 766 2723 835 ὑμᾶς
2745 766 2833 830 είς
2862 765 2968 816 τὸν
2994 761 3181 814 τόπον
3210 759 3354 811 ὅθεν
3370 754 3658 820 ἀπῴκισα

2075 866 2231 936 ὑμᾶς
2269 863 2518 919 ἐκεῖθεν.
2564 856 2716 921 Εἶδες
2747 857 2926 911 πάντα
2979 852 3120 922 μετὰ
3150 848 3409 919 ἀληθείας
3449 846 3655 917 προδη-

2075 958 2354 1022 λωθέντα;
2388 954 2486 1007 Διὰ
2514 951 2674 1005 τοῦτο
2706 948 2799 1002 καὶ
2837 948 2865 999 ὁ
2898 943 3096 1015 Δανιὴλ
3127 942 3189 995 οὐ
3220 942 3487 1011 πρότερον
3524 938 3655 1006 περὶ

2077 1048 2255 1104 αὐτῶν
2296 1049 2592 1109 ἱκέτευσεν,
2622 1042 2728 1105 ἕως
2766 1034 2828 1095 οὗ
2874 1039 2944 1093 τὰ
2990 1037 3365 1105 ἐσδομήκοντα
3389 1032 3486 1103 ἐτη
3522 1046 3652 1082 συν-

2080 1142 2467 1212 ετελὲσθησαν,
2499 1139 2573 1201 ὡς
2623 1137 2783 1199 αὐτὸς
2848 1150 3036 1204 φησιν,
3073 1131 3161 1184 ἴνα
3211 1127 3285 1197 μὴ
3317 1124 3526 1193 ἀκούσῃ
3561 1121 3663 1175 καὶ

2081 1236 2263 1298 αὐτὸς,
2323 1234 2458 1303 ὅπερ
2511 1231 2748 1301 ήκουσεν
2812 1223 3108 1295 Ἱερεμίας,
3163 1220 3259 1287 Μὴ
3309 1216 3665 1286 προσεύχου

2082 1324 2214 1393 περὶ
2246 1323 2350 1378 τοῦ
2372 1321 2526 1377 λαοῦ
2559 1320 2801 1382 τούτου,
2826 1317 2927 1369 καί
2959 1315 3041 1385 μὴ
3072 1314 3250 1377 ἀξίου
3274 1309 3409 1377 περὶ
3434 1305 3663 1361 αὐτῶν

2083 1418 2171 1472 ὅτι
2231 1419 2344 1471 οὐκ
2392 1412 2833 1480 είσακούσομαί
2881 1424 3018 1464 σου.
3052 1407 3161 1459 Καὶ
3207 1406 3234 1456 ὁ
3285 1404 3382 1473 μὲν
3449 1400 3671 1458 δίκαιος

2088 1510 2531 1582 προσευχόμενος
2561 1505 2751 1559 ἐαυτὸν
2778 1498 3105 1562 κατεδίκαζε
3134 1496 3332 1563 λέγων,
3374 1491 3673 1559 Ἥμαρτο-

2080 1621 2217 1674 μεν,
2275 1597 2689 1670 ήνομήσαμεν,
2748 1590 3143 1662 ἠδικήσαμεν.
3203 1588 3266 1639 Οἱ
3328 1584 3385 1637 δὲ
3444 1582 3669 1653 μυρίων

2084 1697 2351 1765 γέμοντες
2408 1689 2595 1744 κακῶν
2657 1683 2973 1740 τούναντίον
3034 1680 3252 1734 ἐποίουν
3308 1678 3666 1745 φάσκοντες·

2099 1763 2477 1855 Ἕφυλάξαμεν
2544 1780 2614 1833 τὰ
2696 1773 3101 1846 προστάγματα
3174 1788 3268 1823 σου
3297 1809 3312 1832 ,
3391 1767 3486 1820 καὶ
3572 1763 3677 1818 νῦν

2092 1876 2471 1949 μακαρίζομεν
2560 1871 2878 1941 ἀλλοτρίους
2905 1910 2921 1934 ,
3014 1868 3108 1921 καὶ
3186 1858 3677 1929 ἀνοικοδομοῦνται

405 1972 535 2018 runt
574 1963 782 2032 iniqua.
815 1962 949 2017 Nam
982 1974 1039 2017 ut
1066 1964 1190 2017 boui
1255 1965 1432 2019 solent
1486 1975 1606 2033 post
1645 1973 1793 2019 recte
1843 1965 1983 2017 facta

2090 1971 2136 2023 οί
2198 1967 2478 2029 ποιοῦντες
2527 1966 2877 2035 ἀνομήματα.
2945 1962 3159 2028 Ὠσπερ
3204 1956 3316 2027 γὰρ
3364 1956 3478 2015 τοῖς
3525 1952 3676 2018 αγα-

412 2058 661 2112 modeste
691 2058 760 2111 de
784 2072 843 2110 se
871 2056 1102 2117 sentire.
1139 2056 1221 2111 sic
1279 2058 1652 2126 improborum
1705 2071 1823 2110 mos
1875 2068 1983 2119 est,

409 2158 469 2203 ut
502 2159 622 2218 post
647 2148 880 2203 admissa
922 2159 1142 2218 peccata
1195 2164 1257 2203 se
1294 2149 1569 2218 jactitent.
1597 2148 1672 2203 De
1713 2148 1799 2202 illa
1857 2165 1986 2203 vero

406 2255 530 2309 qua
564 2239 663 2293 fuit
691 2239 795 2294 sub
820 2239 1093 2293 Antiocho
1122 2239 1323 2293 lllustri
1343 2238 1578 2294 dilucide
1630 2239 1843 2293 locutus
1902 2249 1987 2293 est

413 2331 621 2391 Daniel.
648 2330 742 2399 qui
772 2332 1004 2385 arietem
1040 2331 1257 2401 quidem
1290 2331 1528 2401 appellat
1592 2331 1812 2386 Darium
1853 2331 1989 2387 Per-

410 2437 601 2476 sarum
632 2438 839 2493 regem,
874 2422 1088 2477 hircum
1145 2431 1326 2477 autem
1388 2439 1567 2493 regem
1625 2423 1984 2479 Macedonum

409 2514 811 2580 Alexandrum;
848 2526 1078 2585 quatuor
1109 2532 1235 2571 vero
1274 2517 1417 2571 illius
1457 2531 1686 2583 cornua,
1707 2532 1861 2586 reges
1897 2516 1988 2586 qui

410 2606 723 2661 Alexandro
776 2607 1038 2663 defuncto
1092 2609 1379 2679 imperium
1438 2610 1613 2679 ipsius
1665 2608 1988 2674 diviserunt,

412 2698 694 2767 posterius
733 2709 918 2754 autem
941 2716 1116 2755 cornu
1152 2701 1324 2766 illum,
1352 2717 1516 2770 quem
1549 2702 1809 2767 diximus,
1871 2709 1982 2758 An-

417 2791 684 2848 tiochum.
714 2792 856 2847 Tum
891 2793 1179 2850 declarans
1211 2794 1704 2852 administrationis
1750 2796 1992 2852 Judaica:

411 2884 775 2951 eversionem,
806 2900 965 2956 quam
1002 2887 1092 2941 hic
1140 2885 1321 2942 intulit
1351 2904 1367 2943 :
1402 2887 1505 2942 Per
1533 2888 1725 2955 ipsum,
1793 2888 1992 2959 inquit,

414 2976 777 3029 conturbatum
811 2985 888 3031 est
917 2979 1263 3047 sacriﬁcium,
1299 2987 1349 3033 et
1402 2990 1647 3033 sanctum
1679 2981 1993 3033 vastabitur.

415 3064 488 3121 Et
510 3068 695 3122 datum
736 3078 810 3124 est
849 3081 1121 3139 peccatum
1181 3075 1236 3127 in
1288 3074 1610 3143 sacriﬁcium
1647 3074 1690 3127 ³.
1760 3074 1996 3128 Simula-

415 3176 573 3216 crum
603 3160 751 3215 enim
799 3162 853 3215 in
880 3164 1081 3232 templo
1126 3164 1430 3229 constituit,
1461 3167 1547 3221 cui
1592 3164 1849 3220 scelestas
1898 3167 1997 3220 ho-

2089 2061 2201 2123 θοῖς
2259 2058 2383 2122 ἔθος
2437 2057 2576 2128 μετὰ
2636 2055 2706 2108 τὰ
2760 2050 3171 2124 κατορθώματα
3224 2044 3673 2117 μετριοφρονείν,

2088 2151 2233 2204 οὕτω
2308 2150 2406 2205 καὶ
2479 2150 2593 2209 τοῖς
2648 2145 2912 2216 πονηροῖς
2974 2143 3112 2213 μετὰ
3168 2140 3238 2193 τὰ
3288 2137 3679 2206 ἁμαρτήματα

2090 2242 2433 2312 ἐπαίρεσθαι.
2470 2239 2604 2310 Περὶ
2631 2238 2687 2291 δὲ
2719 2239 2819 2308 τῆς
2856 2234 3134 2302 ’Δντιόχου
3182 2230 3277 2284 τοῦ
3334 2223 3680 2294 Ἐπιφανοῦς

2090 2328 2467 2398 προηγόρευσε
2500 2324 2687 2394 σαφῶς
2720 2328 2749 2378 ὀ
2772 2323 2995 2392 Δανιὴλ.
3034 2320 3203 2391 Κριὸν
3258 2319 3361 2388 μὲν
3394 2315 3508 2386 γὰρ
3538 2314 3681 2368 ἐκά-

2090 2419 2214 2472 λεσε
2247 2418 2337 2470 τὸν
2390 2416 2613 2487 βασιλέα
2663 2414 2773 2468 τῶν
2812 2412 3043 2482 Περσῶν
3096 2410 3342 2479 Δαρεῖον,
3373 2406 3587 2477 τράγον
3620 2404 3682 2456 δὲ

2091 2514 2182 2566 τὸν
2215 2511 2442 2578 βασιλέα
2486 2509 2599 2562 τῶν
2641 2506 2968 2562 Μακεδόνων
3026 2502 3397 2570 Ἀλέξανδρον,
3426 2500 3686 2566 τέσσαρα

2092 2604 2147 2658 δέ
2178 2602 2370 2656 τούτου
2427 2600 2660 2669 κέρατα,
2700 2597 2828 2660 τοὺς
2881 2595 3003 2666 μετ’
3058 2594 3270 2647 ἐκεῖνον
3324 2590 3684 2658 διελομένους

2092 2697 2193 2767 τὴν
2236 2694 2412 2765 ἀρχὴν
2454 2690 2622 2746 αὑτοῦ
2683 2688 2946 2759 βασιλεῖς,
2984 2686 3213 2753 ὕστερον
3262 2683 3319 2736 δέ
3368 2682 3538 2747 κέρας
3582 2679 3686 2731 τὸν

2100 2784 2390 2857 εἰρημένον
2430 2780 2725 2851 Ἀντίοχον.
2756 2779 2886 2832 Elea
2924 2776 3104 2848 δηλῶν
3134 2775 3233 2846 τὴν
3263 2774 3331 2827 δι’
3370 2771 3543 2828 αὑτοῦ
3577 2790 3682 2824 κα-

2095 2877 2338 2946 θαίρεσιν
2365 2876 2469 2943 τῆς
2510 2871 2810 2940 Ἰουδαϊκῆς
2841 2868 3120 2928 πολιτείας
3152 2865 3287 2937 φησί
3316 2881 3328 2896 ·
3367 2863 3448 2917 Δι’
3484 2863 3687 2916 αὑτὸν

2096 2969 2280 3025 θυσία
2326 2964 2661 3034 ἐταράχθη,
2722 2962 2823 3017 καί
2868 2963 2934 3015 τὸ
2980 2960 3153 3029 ἅγιον
3203 2956 3687 3025 ἐρημωθήσεται,

2097 3061 2196 3112 καὶ
2228 3058 2405 3125 ἐδόθη
2437 3056 2536 3110 ἐπὶ
2569 3057 2684 3122 τὴν
2708 3056 2933 3109 θυσίαν
2977 3049 3254 3121 ἁμαρτία.
3304 3045 3539 3100 Εἴδωλον
3573 3047 3691 3113 γὰρ

2097 3153 2155 3204 ὲν
2188 3151 2265 3222 τῷ
2294 3150 2407 3219 ναῷ
2440 3149 2670 3217 στήσας,
2705 3144 2897 3207 θυσίας
2942 3142 3148 3213 μιαρὰς
3179 3136 3430 3192 ἐπετέλει
3458 3135 3648 3204 τούτῳ
3671 3152 3686 3164 ο

417 3250 556 3305 stias
585 3250 909 3306 immolavit.
1039 3252 1185 3307 humi
1220 3251 1422 3320 dcjecta
1478 3264 1554 3307 est
1575 3256 1808 3323 justitia.
1890 3254 1992 3310 Le«

2100 3246 2209 3301 Kal
2235 3244 2443 3313 ἐρρίφη
2476 3241 2656 3310 χαμαί
2685 3238 3062 3303 δικαιοσύνη,
3090 3233 3157 3287 τὰ
3206 3229 3552 3300 δικαιώματα
3587 3228 3691 3281 τοῦ

417 3342 737 3413 gisjudicia
769 3343 1043 3414 intelligit.
1090 3346 1154 3400 Et
1203 3345 1311 3400 alio
1349 3349 1649 3419 prophetiae
1712 3363 1823 3403 suae
1882 3351 2000 3403 loco

419 3435 630 3504 longius
683 3435 799 3490 haec
830 3445 1081 3506 repetens
1108 3438 1379 3506 latiusque
1420 3439 1699 3495 declarans
1760 3456 1882 3495 cum
1936 3442 2005 3497 ad

418 3526 746 3582 Antiochum
772 3530 1130 3599 pervenisset,
1156 3530 1397 3586 addidit:
1431 3530 1655 3586 Brachia
1682 3535 2001 3602 exorientur,

420 3634 470 3672 et
529 3619 890 3688 profanabant
933 3633 1194 3686 sanctum,
1249 3632 1297 3676 et
1332 3626 1648 3694 transferent
1691 3626 2008 3679 continuati-

420 3725 593 3775 onem,
641 3712 743 3767 hoc
792 3722 875 3767 est
919 3714 1192 3771 solemnes
1238 3724 1295 3770 et
1336 3715 1681 3784 quotidianas
1731 3718 2005 3774 victimas.

422 3802 490 3856 Et
518 3802 740 3873 inferent
768 3805 821 3857 in
849 3805 1021 3873 ipsum
1065 3808 1530 3874 abominationem,
1584 3825 1779 3879 nempe
1831 3812 2004 3864 simu.
2031 3846 2050 3862 .

421 3895 648 3959 lacrum,
684 3903 733 3949 et
785 3896 962 3965 gladio
1008 3907 1164 3968 atque
1208 3899 1314 3968 igni
1352 3898 1767 3955 debilitabuntur
1799 3901 2007 3972 (civita-

423 3986 494 4041 tis
516 3986 824 4040 incendium
857 3986 1127 4059 intelligitl
1161 3999 1209 4042 et
1240 3990 1569 4056 captivitate,
1607 4000 1654 4044 et
1691 3993 2002 4063 direptione.

424 4072 492 4125 Et
526 4075 757 4141 interim,
783 4075 908 4128 dum
937 4076 1374 4144 inﬁrmubuntur,
1408 4080 1611 4134 auxilio
1653 4098 1814 4149 parvo
1851 4085 2007 4154 adju-

422 4154 683 4218 vabu'ntur
726 4165 1023 4233 ,(inducias
1085 4167 1406 4239 signiﬁcat),
1489 4170 1688 4226 deinde
1760 4190 2006 4243 causam,

423 4253 793 4308 calamitatum
817 4255 1039 4325 subjicit
1078 4257 1171 4312 :Ut
1195 4258 1314 4328 igne
1334 4260 1387 4311 in
1423 4260 1550 4329 ipsis
1588 4262 1874 4330 probentur
1909 4308 1921 4327 ,
1958 4277 2004 4320 rt

422 4344 691 4414 eligantur
733 4345 943 4412 albique
978 4347 1140 4413 ﬁant,
1178 4365 1335 4419 usque
1366 4354 1437 4405 ad
1489 4356 1733 4423 temporis
1774 4357 1931 4426 ﬁnem
1960 4360 2003 4423 ⁸,

426 4436 531 4490 hoc
565 4447 667 4502 est,
695 4444 755 4489 ut
780 4439 1078 4507 probentur
1104 4438 1281 4505 electi,
1309 4451 1363 4495 et
1416 4456 1715 4513 purgentur
1771 4447 1848 4502 illi
1910 4451 2003 4515 qui

421 4535 805 4596 peccaverunt.
844 4526 981 4583 Tum
1019 4528 1086 4584 de
1113 4530 1402 4586 maledicto
1434 4536 1689 4590 Antiochi
1735 4541 1788 4592 in
1823 4538 1997 4593 Deum

2105 3339 2271 3407 νόμου
2324 3336 2522 3402 λέγων.
2559 3332 2671 3388 Καὶ
2721 3327 2878 3393 αὖθις
2938 3328 3066 3395 περὶ
3125 3326 3332 3379 τούτων
3385 3326 3444 3377 ὲν
3502 3325 3695 3394 ἑτέρῳ

2106 3431 2256 3498 τόπῳ
2289 3432 2387 3497 τῆς
2428 3423 2764 3496 προφητείας
2807 3418 2971 3474 αὑτοῦ
3014 3418 3421 3488 διηγησάμενος
3468 3416 3695 3470 ἄνωθεν

2108 3521 2464 3590 πλατύτερον,
2498 3518 2593 3570 καὶ
2625 3518 2705 3578 εἰς
2737 3514 2831 3567 τὸν
2877 3512 3147 3580 Ἀντίοχον
3183 3508 3464 3562 κατελθὼν
3505 3524 3696 3579 προσ-

2108 3614 2321 3683 τίθησι·
2375 3611 2702 3679 Βραχίονες
2748 3603 3231 3673 ἀναστήσονται,
3263 3602 3361 3654 καὶ
3399 3600 3695 3670 ,ϐεϐηλώ-

2109 3723 2293 3761 σουσι
2315 3706 2381 3759 τὸ
2406 3704 2693 3773 ἁγιασμα,
2734 3700 2830 3753 καί
2852 3698 3314 3767 μεταστήσουσι
3357 3695 3466 3748 τὸν
3514 3693 3697 3748 ἐνδε-

2107 3797 2441 3867 λεχισμὸν,
2495 3795 2615 3865 ἦτοι
2659 3792 2760 3856 τὰς
2806 3792 3101 3862 ἐνδελεχεῖς
3156 3798 3248 3847 καὶ
3300 3791 3700 3862 καθημερινὰς

2107 3892 2330 3955 θυσίας’
2363 3889 2464 3943 καί
2511 3887 2820 3941 δώσουσιν
2862 3888 2949 3952 είς
2980 3885 3171 3940 αὑτὸν
3216 3884 3559 3955 βδέλυγμα,
3592 3884 3702 3954 δηο

2107 3986 2240 4054 λαδὴ
2273 3982 2513 4046 είδωλον,
2542 3980 2642 4035 καί
2676 3979 3136 4046 ἀσθενήσουσιν
3164 3978 3235 4031 ἐν
3259 3978 3551 4046 ῥομφαίᾳ,
3590 3980 3702 4032 καὶ

2106 4074 2175 4128 ἐν
2198 4072 2397 4141 φλογὶ,
2432 4070 2519 4123 τὸν
2555 4069 2881 4141 ἐμπρησμὸν
2906 4068 3007 4137 τῆς
3038 4066 3247 4127 πόλεως
3282 4067 3697 4135 αἰνιττόμενος·

2107 4163 2206 4216 καί
2233 4163 2302 4215 ἐν
2333 4160 2731 4229 αἰχμαλωσίᾳ,
2765 4159 2862 4212 καὶ
2898 4160 2968 4212 ἑν
2997 4156 3321 4226 διαρπαγῇ,
3358 4158 3456 4214 καὶ
3492 4157 3565 4209 ὲν
3612 4159 3700 4224 τῷ

2106 4251 2444 4320 ἀσθενῆσαι
2489 4252 2730 4317 αὐτοὺς,
2762 4249 3177 4319 ,βοηθήσονται
3238 4249 3540 4315 ,ϐοήθειαν
3590 4269 3703 4319 μι-

2106 4349 2278 4415 κρὰν,
2322 4346 2419 4416 τὴν
2461 4345 2664 4413 μεταξὺ
2706 4344 2815 4396 τῶν
2870 4341 3060 4395 κακῶν
3114 4341 3338 4394 ἐκείνων
3390 4342 3705 4413 ἀνακωχὴν

2107 4438 2409 4510 ἐμφαίνων.
2447 4436 2561 4489 Εἶθ’
2617 4434 2762 4488 οὕτω
2820 4435 2916 4487 καὶ
2971 4433 3069 4504 τὴν
3124 4432 3305 4489 αἰτίαν
3356 4432 3707 4502 προστίθησι

2108 4534 2216 4585 τῶν
2245 4529 2545 4601 συμφορῶν
2572 4545 2585 4557 ο
2633 4526 2747 4581 Τοῦ
2772 4526 3045 4595 πυρῶσαι
3081 4527 3213 4598 γὰρ,
3247 4527 3435 4595 φησὶν,
3477 4525 3549 4579 ἐν
3589 4530 3706 4582 αὐ-

422 4617 654 4681 locutus,
676 4618 748 4672 ita
766 4618 1142 4689 prosequitur;
1166 4620 1233 4674 Et
1252 4638 1497 4692 prospere
1519 4636 1637 4695 aget
1660 4635 1821 4681 donec
1841 4630 1992 4697 ﬁnia-

2106 4624 2254 4691 τοῗς,
2278 4623 2375 4677 καὶ
2405 4622 2509 4676 τοῦ
2547 4620 2933 4685 ἐκλέξασθαι,
2976 4620 3075 4673 καί
3105 4618 3211 4672 τοῦ
3245 4618 3542 4674 λευκᾶναι
3580 4621 3707 4685 ἕως

428 4720 517 4763 tur
563 4710 674 4775 ira,
711 4709 762 4765 id
784 4720 886 4776 est,
924 4712 1101 4767 donec
1130 4712 1420 4783 impleatur
1470 4716 1549 4771 ira
1588 4717 1682 4772 Dei
1736 4720 2001 4777 adversus
2046 4770 2049 4773 ,

421 4799 661 4855 Iudaeos.
685 4799 929 4870 Cumque
958 4801 1339 4859 denuntiasset
1367 4811 1423 4859 et
1453 4806 1560 4861 alia
1610 4808 1801 4874 multa,
1848 4820 1901 4863 et
1935 4809 2002 4864 ad

426 4892 621 4946 horum
655 4892 1135 4947 commutationem
1176 4896 1521 4964 pervenisset
1555 4914 1569 4951 :
1610 4897 1677 4950 Et
1702 4911 1999 4969 consurget,

426 4983 626 5052 inquit,
661 4982 889 5037 Michael
917 4986 1157 5053 princeps
1184 5003 1428 5055 maqnus,
1467 4990 1557 5057 qui
1589 4998 1694 5042 stat
1740 5007 1837 5060 pro
1875 4992 2004 5061 ﬁliis

425 5080 604 5145 papuli
627 5082 722 5135 tui.
757 5079 823 5133 Et
854 5082 952 5134 erit
978 5090 1179 5148 tempus
1211 5082 1532 5153 aﬂlictionis,
1556 5086 1716 5157 quale
1750 5104 1852 5141 non
1879 5090 2003 5159 fuit,

427 5188 492 5225 ex
515 5187 616 5240 quo
643 5189 766 5242 gens
811 5173 1009 5227 exstitit
1039 5190 1196 5242 super
1241 5186 1441 5229 terram
1474 5194 1634 5247 usque
1678 5179 1748 5232 ad
1800 5190 2002 5250 tempus

427 5263 581 5318 illud.
620 5264 760 5317 Tunc
791 5264 961 5317 omnis
988 5264 1211 5335 populus
1264 5268 1575 5331 servabitur,
1628 5271 1719 5339 qui
1769 5271 2004 5325 inventus

427 5356 583 5425 fuerit
615 5360 902 5425 descriptus
929 5359 972 5423 ⁸,
998 5359 1257 5412 nimirum
1291 5360 1345 5413 in
1369 5359 1510 5415 libro
1544 5360 1862 5428 viventium,
1901 5363 2005 5419 hoc

426 5458 532 5514 est,
572 5448 629 5512 ii,
660 5450 752 5519 qui
800 5462 963 5504 erunt
1004 5451 1182 5505 salute
1223 5451 1389 5522 digni.
1428 5453 1471 5507 Α
1518 5464 1747 5523 tempore
1801 5466 2002 5522 autem,

430 5538 628 5610 inquit,
655 5543 958 5596 mutationis
987 5539 1392 5609 Endelechismi,
1428 5546 1529 5601 hoc
1573 5558 1676 5610 est,
1718 5548 2006 5605 solutionis

429 5631 707 5699 sacriﬁcii,
738 5634 845 5685 dies
876 5644 1025 5686 erunt
1056 5634 1199 5688 mille
1245 5635 1452 5692 ducenti
1487 5641 1801 5710 nonaginta.
1850 5640 2006 5707 Quod

433 5722 652 5791 quidem
684 5722 918 5792 spatium
950 5734 1056 5781 tres
1091 5740 1280 5795 annos,
1306 5740 1360 5785 et
1414 5731 1716 5795 dimidium,
1748 5742 1801 5787 et
1849 5733 2008 5802 paulo

541 5842 558 5872 ί
616 5840 729 5895 Jer.
761 5857 904 5905 XXIX,
956 5841 1018 5897 l0
1051 5858 1170 5912 sqq.

430 5910 450 5941 '
474 5908 611 5965 Dan.
645 5927 744 5977 xu,
784 5914 829 5965 l.

1320 5844 1476 5901 'Jcr.
1521 5862 1616 5911 vn,
1660 5845 1769 5909 lG;
1826 5861 1898 5911 XI,
1955 5844 2050 5909 ιις

2110 4718 2317 4786 καιροῦ
2340 4714 2617 4784 πέρατος,
2639 4714 2940 4778 τουτέστιν,
2958 4712 3101 4764 ὥστε
3129 4709 3529 4780 δοκιμασθῆναι
3563 4716 3708 4777 τοὺς

2111 4809 2425 4873 ἐκλεκτοὺς,
2487 4808 2579 4860 καὶ
2640 4805 3039 4875 καθαρισθῆναι
3068 4805 3195 4868 τοὺς
3228 4806 3707 4877 ἁμαρτήσαντας.

2111 4900 2267 4955 Μετὰ
2302 4897 2474 4953 ταῦτα
2498 4898 2553 4950 δὲ
2586 4898 2714 4968 περὶ
2741 4896 2842 4965 τῆς
2865 4896 3009 4949 κατὰ
3038 4896 3131 4949 τοῦ
3159 4896 3293 4949 Θεοῦ
3326 4896 3707 4967 βλασφημίας

2110 4993 2206 5047 τοῦ
2249 4993 2522 5061 Ἀντιόχου
2554 4990 2771 5055 διδάξας
2800 4990 3019 5057 ἐπάγει,
3061 4991 3143 5043 ὅτι
3179 4989 3286 5044 Καὶ
3329 4989 3711 5043 κατευθυνεῖ

2107 5083 2282 5155 μέχρι
2310 5083 2415 5138 τοῦ
2461 5078 2949 5147 συντελεσθῆναι
2988 5079 3103 5148 τὴν
3135 5079 3355 5149 ἀρχὴν,
3391 5079 3560 5149 μέχρι
3604 5082 3711 5151 δη-

2112 5178 2289 5232 λονότι
2327 5175 2422 5229 τοῦ
2472 5173 2830 5245 πληρωθῆναι
2888 5171 2988 5242 τὴν
3048 5173 3191 5225 κατὰ
3240 5172 3349 5224 τῶν
3413 5170 3712 5223 Ἰουδαίων

2111 5268 2279 5339 ὀργὴν
2313 5265 2407 5320 τοῦ
2449 5266 2607 5319 Θεοῦ.
2652 5261 3018 5330 ’Δπαγγείλας
3055 5261 3112 5314 δὲ
3158 5261 3252 5315 καὶ
3288 5260 3457 5315 τᾶλλα
3489 5261 3708 5321 πάντα.

2114 5363 2208 5415 καὶ
2248 5361 2342 5413 ἐπὶ
2365 5358 2465 5429 τὴν
2522 5355 2847 5425 ἀπαλλαγὴν
2894 5356 3101 5407 τούτων
3127 5353 3320 5420 ἐλθὼν,
3374 5354 3549 5423 φησί·
3588 5356 3711 5409 Καὶ

2112 5450 2521 5518 ἀναστήσεται
2570 5446 2816 5516 Μιχαὴλ
2857 5447 2893 5500 ὁ
2940 5446 3145 5515 ἄρχων
3172 5447 3205 5499 ό
3241 5443 3454 5514 μέγας,
3490 5447 3527 5499 ὁ
3562 5446 3715 5514 esse-

2111 5542 2354 5611 στηκὼς
2402 5542 2501 5596 ἐπὶ
2564 5539 2708 5605 τοὺς
2764 5539 2938 5605 υἱοὺς
2993 5538 3101 5593 τοῦ
3159 5537 3317 5592 λαοῦ
3375 5552 3535 5591 σου·
3599 5539 3712 5593 καὶ

2112 5635 2283 5690 ἔσται
2311 5634 2514 5702 καιρὸς
2546 5633 2826 5701 θλίψεως,
2867 5627 2993 5697 οἷος
3033 5632 3104 5685 οὐ
3158 5630 3409 5700 γέγονεν
3460 5628 3571 5699 ἀφ’
3631 5626 3713 5687 οὗ

2117 5729 2426 5799 γεγένηται
2455 5726 2623 5787 ἔθνος
2668 5722 2766 5775 ἐπὶ
2815 5720 2950 5791 γῆς,
2980 5721 3089 5789 ἕως
3127 5720 3233 5776 τοῦ
3288 5721 3502 5790 καιροῦ
3538 5721 3716 5776 ἐκεί-

2102 5858 2212 5909 xw,
2263 5840 2347 5907 ll.
2454 5835 2636 5892 'Dan.
2684 5851 2800 5900 vnn,
2836 5836 2922 5901 ll,
2962 5836 3048 5891 l2.
3125 5833 3305 5891 ‘Dan.
3340 5837 3506 5899 31,5]
3569 5856 3713 5911 sqq.
