3954 6548
230 460 343 521 285

1179 466 1559 529 PANOPLIA
1607 470 2068 535 DOGMA'I‘ICA.
2112 504 2181 512 -
2223 482 2368 542 Tl'l'.
2414 486 2583 546 Vili.

3403 495 3512 558 286

228 589 367 627 νου.
402 571 545 627 Τότε
575 571 645 626 δὲ
673 573 1016 641 σωθήσεται
1056 578 1090 630 ό
1111 579 1261 645 λαός
1287 579 1427 645 πᾶς,
1468 585 1500 635 ὀ
1536 587 1802 654 εὑρεθεὶς

1916 593 2139 660 atitplius
2154 596 2398 653 αυιιίὶοίι.
2427 599 2568 656 Ecce
2589 601 2680 656 tibi
2699 612 2751 656 et
2774 604 3036 673 temporis
3056 605 3358 677 luttgitttdn.
3378 610 3514 663 Itur-

224 663 637 734 τετραμμένος
698 666 769 719 ἐν
812 665 887 735 τῇ
930 668 1150 735 βίϐλῳ,
1183 670 1384 739 δηλαδὴ
1434 675 1542 729 τῶν
1572 678 1813 746 ζώντων,

224 754 401 826 ἤγουν
436 757 487 810 οἱ
517 759 796 830 σωτηρίας
824 761 987 827 ἀξιοι.
1032 764 1165 815 Ἀπὸ
1195 764 1253 818 δὲ
1289 765 1384 818 τοῦ
1417 771 1634 838 καιροῦ,
1658 775 1813 841 φησὶ,

222 847 323 917 τῆς
384 849 723 916 ἐναλλάξεως
777 853 872 907 τοῦ
926 856 1334 927 ὲνδελεχισμοῦ,
1367 864 1654 917 τουτέστιν
1708 868 1816 921 ἀπὸ

222 942 326 1008 τῆς
360 942 716 1008 καταλύσεως
750 945 851 1016 τῆς
873 949 1085 1012 οὐσίας,
1141 953 1349 1023 ἡμέραι
1409 955 1583 1025 χίλιαι
1627 959 1815 1014 διακό-

223 1048 343 1088 σιαι
394 1037 779 1108 ἐννενήκοντα,
810 1041 949 1110 ὅπερ
1004 1042 1155 1097 ἐστὶν
1197 1045 1290 1116 ἔτη
1346 1049 1476 1118 τρία
1508 1050 1680 1119 ἥμισυ
1717 1054 1815 1107 καὶ

222 1127 429 1198 μικρόν
486 1147 539 1182 τι
598 1135 763 1201 πρός.
818 1133 950 1188 Ἰδοὺ
988 1136 1084 1190 καὶ
1132 1138 1191 1192 τὸ
1236 1139 1416 1210 μῆκος
1460 1142 1557 1197 τοῦ
1591 1145 1811 1215 καιροῦ.

218 1215 360 1273 Εἶτα
409 1221 560 1291 λέγει
604 1225 801 1279 πάλιν·
855 1226 1160 1298 Μακάριος
1213 1234 1245 1285 ό
1304 1236 1661 1305 ὑπομείνας,
1712 1237 1815 1291 καί

219 1314 468 1382 φθάσας
495 1319 582 1382 είς
611 1319 839 1387 ἡμέρας
879 1325 1081 1391 χιλίας
1111 1329 1461 1394 τριακοσίας
1492 1331 1816 1396 τριάκοντα

220 1408 411 1462 πέντε
438 1425 452 1439 ·
481 1409 643 1464 τοῦτο
695 1413 1016 1482 εὐαγγέλιον
1065 1418 1163 1486 τῆς
1217 1420 1568 1491 ἀπαλλαγῆς.
1606 1424 1814 1494 Προσέ⁹

220 1500 361 1572 θηκε
386 1502 446 1555 δὲ
474 1504 686 1576 ἡμέρας
725 1508 1142 1579 τεσσαράκοντα
1196 1515 1382 1579 πέντε,
1415 1515 1553 1568 διότι
1610 1518 1668 1569 ἐν
1719 1534 1811 1569 το-

218 1594 457 1658 σαύταις
516 1596 756 1667 ἡμέραις
812 1603 845 1670 ἡ
900 1602 1172 1673 συμΰο).ὴ,
1209 1606 1304 1660 καὶ
1366 1607 1398 1676 ἡ
1458 1609 1608 1678 νίκη,
1651 1612 1809 1679 καὶὴ

218 1688 502 1760 παντελὴς
535 1691 828 1762 ἀπαλλαγὴ
870 1694 979 1747 τῶν
1024 1696 1217 1751 δεινῶν
1250 1699 1491 1765 ἐγένετο.
1526 1701 1641 1753 Οὐκ
1671 1704 1813 1767 ἐμα-

216 1778 423 1848 κάρισε
454 1782 512 1835 δὲ
542 1784 634 1835 τὸν
664 1784 854 1848 ἁπλῶς
881 1786 1190 1855 φθάσαντα,
1218 1790 1357 1843 ἀλλὰ
1391 1792 1485 1844 τὸν
1516 1793 1639 1861 μεθ’
1670 1793 1806 1845 ὑπο-

215 1877 421 1946 μονῆς.
448 1876 541 1927 καὶ
594 1877 671 1947 μὴ
700 1880 1084 1948 προδεδωκότα
1110 1883 1213 1950 τὴν
1246 1884 1558 1939 εὐσέϐειαν.
1597 1885 1764 1958 Ὀρας
1791 1928 1807 1953 ,

1919 698 2172 754 sumque:
2191 685 2406 748 Beatus.
2428 690 2624 759 inquit.
2639 694 2729 761 qui
2740 699 2960 749 sustinet
2970 708 3042 757 ,et
3054 701 3286 765 pervenit
3300 700 3373 752 ad
3392 702 3508 755 dies

1919 777 2062 831 mille
2150 791 2406 836 trecentos
2437 785 2679 854 triginta.
2716 789 2946 857 quinque
2980 789 3021 843 ¹.
3088 790 3214 846 Haec
3257 802 3346 847 est
3412 794 3514 847 b0-

1919 887 1985 925 na
2028 873 2368 929 liberationis
2410 877 2774 935 denuntiatio.
2834 882 3096 943 Adjttmit
3172 894 3355 939 autem
3397 887 3513 941 dies

1920 965 2271 1036 quadraginta
2295 968 2557 1038 quinque,
2586 971 2713 1041 quia
2745 983 2825 1026 tot
2862 975 3076 1031 dierum
3118 978 3296 1039 spatio
3354 978 3510 1031 futu-

1920 1073 2038 1111 rum
2073 1070 2208 1122 erat,
2242 1072 2299 1116 ut
2320 1063 2632 1130 consilium,
2686 1075 2741 1121 et
2780 1067 3032 1133 victoria,
3065 1079 3119 1123 et
3141 1084 3517 1123 aerumnarum

1919 1151 2205 1208 dissolutio
2234 1157 2685 1213 constitueretur.
2718 1159 2906 1229 Neque
2930 1176 3066 1216 vero
3105 1162 3323 1216 beatum
3370 1162 3507 1217 sim-

1917 1244 2134 1311 pliciter
2208 1248 2366 1311 dixit,
2420 1251 2513 1318 qui
2572 1255 2885 1321 perveniret
2939 1255 3005 1308 ad
3058 1253 3192 1309 illttd
3271 1264 3508 1324 tempus.

1918 1339 2012 1393 sed
2085 1341 2177 1407 qui
2246 1357 2373 1396 cum
2444 1344 2712 1412 patientia
2793 1346 3127 1416 perveniret,
3204 1347 3409 1417 quique
3476 1363 3508 1401 a

1917 1432 2119 1500 pietate
2215 1450 2324 1487 non
2411 1434 2749 1492 deﬂexisset.
2821 1439 3019 1495 Cernis
3087 1448 3143 1493 et
3226 1440 3509 1508 captivita-

1919 1534 2052 1590 tem,
2151 1536 2208 1581 et
2291 1528 2697 1593 liberationem,
2775 1548 2886 1586 non
2970 1547 3145 1599 usque
3222 1532 3289 1585 ad
3390 1547 3507 1585 an-

1916 1634 2043 1684 nos,
2077 1629 2131 1673 et
2158 1636 2394 1685 menses,
2438 1624 2534 1678 sed
2556 1638 2729 1694 USlllle
2761 1625 2826 1679 ad
2855 1626 2998 1679 diem
3057 1642 3225 1679 unum
3286 1625 3509 1679 subtili-

1919 1719 2001 1763 ter
2037 1710 2336 1778 explicatas
2377 1723 2431 1766 et
2465 1715 2879 1779 praenuntiatus.
2930 1716 3056 1770 Haec
3113 1725 3180 1770 ει·
3225 1714 3506 1783 Iosephus

1918 1798 2177 1855 Hebraeus
2200 1802 2499 1859 clarissime
2519 1806 2863 1876 conscripsit.
2891 1806 3135 1877 lnsignes
3193 1807 3360 1877 igitur
3400 1806 3505 1860 illa:

1916 1892 2259 1962 captivitates
2318 1895 2390 1950 ita
2439 1898 2820 1966 praenuntiata:
2851 1908 2998 1963 sunt,
3033 1909 3093 1954 ut
3172 1908 3229 1955 et
3259 1899 3507 1969 quandiu

208 1969 278 2021 οὐ
346 1970 546 2040 μέχρις
607 1972 876 2025 ἐνιαυτῶν
928 1974 1024 2028 καὶ
1093 1977 1305 2046 μηνῶν,
1363 1977 1500 2032 ἀλλὰ
1555 1980 1651 2034 καὶ
1702 1980 1807 2044 ἕως

1916 1984 2211 2053 duraturae,
2241 1989 2548 2058 et‘quando
2580 2001 2768 2047 essent
2821 1992 3214 2057 dissolvendae,
3275 1968 3511 2062 praedic-

208 2063 439 2133 ἡμέρας
467 2065 600 2132 μιᾶς
638 2065 733 2118 καὶ
758 2066 857 2137 τὴν
907 2066 1313 2137 αἰχμαλωσίαν,
1346 2070 1441 2123 καὶ
1473 2069 1574 2141 τὴν
1624 2073 1806 2125 ἀπαλ-

208 2153 395 2224 λαγην
447 2154 998 2228 ἀκριϐολογηθείσας,
1054 2161 1149 2212 καὶ
1198 2163 1807 2232 προαναφωνηθείσαςς

210 2246 409 2300 Ταῦτα
448 2248 544 2301 καὶ
582 2248 847 2320 Ἰώσηπος
870 2252 899 2304 ὁ
938 2251 1191 2322 Ἐϐραῖος
1244 2253 1619 2324 ἀριδηλότατα
1650 2273 1805 2309 συνε-

211 2340 495 2411 γράψπο.
568 2342 712 2396 ’Δλλ⁹
768 2345 861 2396 ἐπὶ
932 2346 1034 2415 μὲν
1086 2345 1198 2401 τῶν
1251 2348 1543 2418 ἐπισήμων
1596 2349 1806 2403 τούτων

213 2434 614 2505 αἰχμαλωσιᾶη
667 2436 764 2489 καὶ
804 2438 988 2500 αὑταὶ,
1023 2438 1120 2493 καὶ
1164 2439 1232 2494 τὰ
1281 2441 1434 2512 μήκη
1460 2442 1569 2496 τῶν
1602 2445 1815 2515 καιρῶν

1914 2087 2027 2131 tum
2064 2077 2155 2143 sit;
2197 2078 2252 2133 in
2289 2079 2392 2136 hac
2422 2090 2607 2135 autem
2657 2092 2928 2149 extrema,
2963 2093 3018 2139 et
3078 2085 3291 2138 nullum
3341 2084 3507 2138 tinem

1912 2171 2187 2237 habitura,
2217 2189 2338 2243 quze
2389 2175 2563 2232 multo
2612 2177 2881 2249 insignior
2963 2186 3069 2244 est,
3134 2178 3509 2248 Hierosolyma

1910 2265 2134 2335 quidem
2186 2282 2219 2321 a
2244 2266 2502 2324 Romanis
2544 2272 2840 2327 evertenda
2875 2272 3280 2344 redigendaque
3315 2270 3369 2324 in
3420 2284 3511 2323 so-

1910 2357 2197 2413 litudinem
2226 2361 2551 2430 praedictum
2574 2372 2680 2420 est.
2720 2363 2877 2430 Quod
2911 2375 3108 2419 autem
3131 2365 3246 2418 sint
3267 2377 3509 2433 unquazn

1922 2449 2303 2517 instauranda,
2336 2453 2475 2507 nihil
2503 2457 2732 2511 omnino
2772 2458 3217 2526 pronuntiatum,

213 2533 428 2598 αὐτῶν,
462 2535 557 2587 καὶ
586 2535 644 2587 αἱ
686 2533 1008 2605 ἀπαλλαγαὶ
1056 2537 1592 2610 προεφητεύθησανο
1626 2542 1723 2595 ἐπὶ
1783 2543 1838 2595 δὲ
1877 2546 1975 2615 τῆς
2002 2546 2328 2609 τελευταίας
2357 2548 2584 2619 ταύτης,
2616 2552 2713 2605 καὶ
2743 2552 3107 2623 ἀτελευτήτου
3148 2551 3253 2621 τῆς
3323 2550 3508 2618 πολλῷ

210 2628 430 2682 τούτων
491 2628 924 2699 ὲπισημοτέρας,
990 2631 1073 2684 ὅτι
1137 2630 1237 2700 μὲν
1296 2633 1733 2703 ἐρημωθήσεται
1783 2636 1852 2688 τὰ
1924 2635 2280 2708 Ἱεροσόλυμα
2337 2639 2428 2693 διὰ
2495 2640 2784 2711 Ῥωμαίων
2843 2640 3251 2713 προεφητεύθη,
3305 2642 3388 2694 ὅτι
3446 2639 3511 2692 δὲ.

214 2724 486 2796 στήσεταί
514 2742 647 2779 ποτε
679 2725 751 2779 τά
787 2726 889 2795 τῆς
922 2725 1257 2795 ἐρημώσεως
1291 2727 1685 2800 ἀπεσιωπήθη.

828 2820 945 2876 Τοῦ
974 2822 1186 2876 αὐτοῦ.

288 2914 547 2987 Ἔγραψε
582 2917 783 2987 Δανιὴλ
829 2918 910 2971 ὅτι
946 2912 1079 2988 ἦλθε
1130 2916 1269 2987 πρὸς
1315 2916 1483 2971 αὐτὸν
1536 2916 1804 2988 Γαϐριὴλ,

206 3013 311 3067 καί
386 3028 588 3082 φησιν’
647 3011 1098 3081 Ἓὸὅομήκοντα
1167 3010 1495 3081 ἐϐδομάδες
1554 3028 1805 3065 avrata.

206 3105 540 3173 .léa’OnO'ar
571 3105 673 3160 ἐπὶ
705 3106 816 3159 τὸν
858 3107 1016 3160 λαόν
1063 3121 1202 3165 σου.
1236 3104 1521 3160 τουτέστιν
1566 3105 1808 3176 ὡρίσθη-

2560 2818 2838 2890 Ejusdem.

1980 2935 2165 2991 Daniel
2183 2935 2398 2991 venisse
2412 2932 2916 3006 Gabrielem,seque
2929 2937 3009 2992 sie
3024 2937 3259 2993 allocutn
3269 2955 3320 2993 ιιι
3338 2941 3502 2997 dicit:

1907 3029 2256 3100 Septuaginta
2276 3030 2616 3101 hebdpmada:
2639 3032 2881 3102 perfecta:
2913 3041 3035 3085 sunt
3078 3049 3235 3101 super
3258 3034 3511 3105 populum

1910 3130 2060 3174 tuum
2080 3124 2126 3185 ',
2162 3121 2270 3176 hoc
2305 3130 2411 3183 est,
2465 3121 2750 3191 praeﬁnitas
2782 3130 2933 3175 sunt.
2964 3119 3101 3176 Nam
3142 3139 3244 3193 pro
3287 3133 3510 3194 septua-

212 3219 342 3255 σαν.
382 3202 533 3254 ’Δντὶ
564 3201 675 3270 γὰρ
704 3202 812 3255 τῶν
858 3202 1230 3272 ἑϐδομήκοντα
1259 3201 1406 3255 ’ἐτῶν
1446 3201 1548 3268 τῆς
1595 3202 1653 3253 ὲν
1694 3201 1803 3253 Βα-

1916 3213 2059 3284 ginta
2089 3212 2269 3277 annis,
2289 3212 2488 3283 quibus
2511 3212 2709 3269 misere
2733 3212 2965 3269 amictus
3001 3223 3086 3269 est
3112 3214 3168 3268 in
3212 3215 3510 3289 Babylone,

212 3293 421 3347 συλῶνι
456 3292 842 3363 ταλαιπωρίας
889 3292 1093 3363 ὥρισεν
1123 3294 1309 3357 αὐτοῖς
1338 3295 1366 3346 ὁ
1395 3292 1532 3354 Θεὸς
1562 3292 1803 3361 ἐϐδομή-

208 3404 386 3442 κοντα
414 3387 720 3458 ἑϐδομάδας
777 3387 916 3442 ἑτῶν
965 3389 1023 3440 ὲν
1077 3390 1144 3457 τῇ
1198 3388 1426 3458 λατρεία
1480 3387 1675 3452 στῆναι
1734 3387 1803 3456 τῇ

206 3484 444 3552 νομικῇ,
475 3479 595 3535 εἶτα
632 3483 889 3536 ἐκπεσεῖν
907 3482 1083 3551 αὐτῆς
1123 3481 1213 3535 διὰ
1262 3482 1324 3533 τὸ
1376 3478 1521 3533 κατὰ
1560 3477 1806 3549 Χριστοῦ

206 3574 495 3644 τόλμημα.
527 3573 731 3627 Τούτου
762 3574 872 3644 γὰρ
924 3573 1113 3626 ἕνεκεν
1169 3569 1322 3625 εἶπεν
1352 3569 1453 3624 ἐπὶ
1494 3568 1603 3623 τὸν
1650 3567 1808 3622 λαόν

209 3682 364 3733 σου,
399 3666 492 3720 τὸν
528 3666 630 3720 οὐκ
655 3665 739 3721 ἔτι
771 3665 866 3719 τοῦ
898 3666 1058 3720 Θεοῦ.
1099 3666 1166 3718 Αἱ
1192 3664 1373 3719 τοίνυν
1425 3662 1806 3739 ἑϐδομήκοντα

213 3758 519 3829 ὲδδομάδες
564 3760 897 3829 τετρακόσια
932 3759 1294 3830 ἐννενήκοντα
1335 3758 1431 3825 ἐτη
1462 3755 1805 3823 συναπαρτί-

213 3853 429 3918 ζουσιν,
466 3853 611 3924 ᾶπερ
666 3853 949 3923 ἀρχόμενα
980 3852 1089 3905 ἀπὸ
1120 3851 1225 3922 τῆς
1264 3851 1353 3905 διὰ
1392 3849 1630 3917 Νεεμίου
1662 3848 1808 3902 οἰκος

210 3947 394 4017 δομῆς
423 3946 518 4001 τοῦ
560 3946 690 3999 ναοῦ
725 3946 835 3999 τῶν
877 3944 1275 4014 Ἰεροσολύμων
1322 3942 1659 3996 τελειοῦνται
1700 3941 1807 4004 ἓως

210 4040 314 4096 τοῦ
344 4037 717 4110 βαπτισθῆναι
743 4037 836 4092 τὸν
876 4038 1132 4108 Χριστόν.
1166 4034 1383 4106 Προϊὼν
1419 4036 1530 4103 γὰρ
1569 4033 1807 4102 ἐδήλωσε

208 4133 318 4205 τὴν
365 4134 544 4205 ἀρχὴν
601 4132 804 4197 αὐτῶν,
839 4132 948 4185 καὶ·
980 4130 1041 4183 τὸ
1089 4129 1244 4192 τέλος
1297 4126 1494 4192 εἰπὼν,
1530 4127 1665 4182 Ἀπὸ
1702 4125 1808 4181 τοῦ

213 4225 619 4296 οίκ-οόομῆσαι
634 4223 1043 4295 Ἰερουσαλὴμ
1054 4223 1165 4290 ἕως
1182 4222 1441 4290 Χριστοῦ
1463 4220 1809 4291 ἡγουμένου

210 4316 555 4387 ἐὸὄομὰὄες
599 4317 774 4378 ἑπτὰ,
809 4316 908 4370 καί
962 4313 1288 4384 ἑϐδομάδες
1331 4312 1634 4382 ἑξήκοντα
1675 4312 1808 4377 δύο,

215 4414 395 4481 ἧγουν
429 4410 723 4481 ἐϐδομάδες
750 4409 1017 4479 ἐξήκοντα
1039 4407 1222 4471 ἐννέα,
1257 4409 1390 4476 μιᾶς
1423 4407 1503 4470 είς
1524 4406 1625 4469 τὰς
1657 4403 1811 4459 ἑϐδο-

217 4507 475 4577 μήκοντα
500 4500 821 4571 λειπούσης.
850 4501 916 4553 At
945 4501 1046 4569 μὲν
1072 4498 1181 4570 γὰρ
1209 4498 1590 4569 ἐϐδομήκοντα
1613 4496 1814 4566 ἄρχονς

1912 3307 2258 3377 septuaginta
2281 3321 2549 3361 annorum
2572 3306 2944 3362 hebdomadas
2970 3308 3043 3361 illi
3072 3309 3312 3378 praziinit
3336 3311 3505 3375 Deus,

1911 3409 1973 3453 ut
2002 3399 2059 3452 in
2093 3399 2241 3453 cultu
2269 3397 2405 3469 legis
2440 3408 2710 3464 maneret,
2757 3399 2957 3454 deinde
3006 3410 3232 3472 propter
3274 3402 3509 3472 facinus,

1911 3490 2059 3559 quod
2088 3505 2256 3545 ausus
2287 3500 2373 3545 est
2409 3490 2706 3546 admittere
2757 3492 2812 3546 in
2846 3492 3152 3559 Christum,
3208 3495 3277 3550 ab
3325 3512 3389 3552 ea
3420 3513 3511 3553 ex-

1911 3583 2245 3639 cluderetur.
2278 3584 2487 3639 Idcirco
2510 3585 2658 3639 enim
2681 3586 2819 3640 dixit
2865 3603 3024 3655 super
3046 3588 3303 3661 papulum
3334 3601 3508 3659 tuum,

1914 3683 2093 3739 tuum,
2131 3675 2383 3744 inquam,
2416 3691 2527 3729 non
2559 3676 2798 3746 amplius
2834 3676 2950 3732 Dei.
2983 3676 3342 3750 Septuaginta
3372 3681 3509 3735 heb—

1912 3764 2165 3823 domadze
2216 3767 2647 3838 quadringentos
2698 3777 2757 3823 et
2813 3770 3109 3838 nonaginta
3157 3787 3332 3827 annos
3383 3788 3512 3828 con~

1865 3856 2127 3914 ‘ﬁeiunt.
2189 3855 2294 3925 Qui
2368 3858 2695 3930 incipientes
2757 3861 2828 3916 ab
2889 3861 3247 3917 mditicatinne
3318 3866 3509 3935 templi

1910 3954 2416 4026 Hierosolymorum
2453 3953 2599 4009 facta
2629 3971 2727 4026 per
2758 3955 3078 4013 Nehemiam
3132 3957 3260 4013 illuc
3326 3974 3503 4027 usque

1913 4047 2267 4117 perveniunt,
2300 4063 2426 4104 eum
2483 4048 2793 4119 baptizatus
2848 4059 2931 4105 est
2991 4050 3266 4106 Christus.
3330 4051 3513 4122 Pergit

1912 4142 2059 4197 enim
2132 4141 2427 4197 ostendere
2501 4150 2558 4197 et
2628 4142 2963 4213 principium
3051 4157 3264 4208 eorum,
3334 4152 3391 4199 et
3453 4144 3514 4198 ti-

1914 4250 2092 4290 nem:
2136 4233 2224 4289 Ea:
2274 4252 2399 4301 quo,
2451 4234 2730 4305 inquiens,
2796 4235 3151 4304 atdiﬁcabitur
3218 4234 3514 4290 Jerusalem

1913 4344 2076 4396 usque
2106 4330 2179 4380 ad
2200 4324 2472 4381 Christum
2501 4327 2690 4382 ducem
2745 4326 3098 4381 hebdomades
3156 4335 3377 4395 septem,
3464 4337 3513 4379 et

1914 4418 2267 4472 Itebdomades
2317 4418 2599 4486 sexaginta
2643 4418 2764 4471 dua:
2795 4416 2839 4482 ³,
2878 4432 3002 4486 quae
3060 4425 3192 4471 sunt
3229 4418 3509 4488 sexaginta

1918 4526 2140 4575 novem,
2176 4509 2465 4566 deﬁciente
2485 4524 2593 4564 una
2649 4508 2719 4564 ad
2767 4508 3162 4579 perliciendum
3220 4524 3511 4563 numerum

216 4615 317 4654 ται
350 4596 460 4652 ἀπὸ
477 4595 574 4650 τοῦ
601 4592 1103 4663 ἀνοικοδομηθῆναι
1124 4591 1219 4645 τὸν
1249 4590 1396 4657 ναὸν,
1430 4590 1486 4642 αἱ
1508 4589 1565 4642 δὲ
1587 4588 1809 4658 ἑξηκον-

1922 4606 2289 4676 septuaginta.
2316 4603 2453 4658 Nam
2507 4603 2856 4673 septuaginta
2907 4601 3180 4672 incipiunt
3234 4617 3263 4656 a
3316 4603 3510 4673 templi

216 4693 457 4747 ταεννέα
488 4688 596 4744 ἀπὸ
626 4687 721 4741 τοῦ
762 4688 857 4741 καὶ
886 4687 984 4757 τὴν
1016 4686 1174 4739 πόλιν
1218 4683 1637 4754 Ἱεροσολύμων.
1677 4684 1814 4753 Φησὶ

215 4787 357 4856 γὰρ,
403 4783 952 4854 Οίκοδομηθήσεται
1008 4779 1265 4835 πλατεῖα
1310 4778 1410 4833 καί
1454 4781 1809 4848 περίτειχος.

229 4879 429 4933 Ὁπότε
475 4878 584 4947 γὰρ
627 4880 655 4930 ὁ
697 4875 934 4948 Χριστὸς
991 4872 1341 4944 ἐϐαπτίσθη,
1391 4872 1489 4925 καὶ
1553 4874 1801 4944 ἡγήσατο

220 4971 511 5043 μαθητῶν,
542 4970 667 5023 τότε
717 4969 813 5023 καὶ
869 4969 920 5021 οί
978 4967 1224 5022 Ἰουδαῖοι
1260 4965 1561 5037 ἀρξάμενοι
1598 4964 1800 5036 λυττᾷν

220 5064 352 5120 κατ’
396 5063 587 5127 αὐτοῦ,
645 5063 746 5135 τῆς
801 5060 954 5125 θείας
1004 5061 1314 5129 ἐπισκοπῆς
1376 5058 1805 5130 ὲγυμνὼθησαν.

220 5158 343 5214 Καὶ
366 5159 472 5230 ὅρα
523 5158 704 5212 πάντα
726 5155 1134 5227 διασαφηθέντα
1165 5154 1247 5225 τῷ
1277 5153 1480 5225 Δανιὴλ
1514 5154 1668 5224 παρά
1709 5153 1807 5207 τοῦ

216 5251 488 5320 ἀγγέλου.
514 5250 647 5305 Eius
670 5250 801 5320 γὰρ,
831 5249 943 5305 Τοῦ
965 5250 1238 5305 παλαιωθ
1249 5246 1387 5316 ria-at
1410 5247 1807 5317 παράπτωμα,

214 5349 250 5403 ὅ
304 5348 481 5408 ἐστιν,
523 5346 615 5399 ὅτε
666 5345 952 5416 ὑπεραρθῇ
1008 5342 1255 5414 ἁμαρτία
1287 5358 1303 5375 ο
1353 5342 1483 5399 ποία
1530 5341 1588 5396 δὲ
1645 5358 1810 5412 κορυο

216 5439 497 5511 φαιοτέρα
562 5441 662 5511 τῆς
695 5438 1132 5510 Κυριοκτονίαςς
1200 5437 1300 5491 καὶ
1330 5437 1435 5491 τοῦ
1468 5435 1810 5505 σφραγίσαι

210 5532 544 5602 ἁμαρτίας,
570 5532 710 5585 ὥστε
744 5530 913 5601 μηδὲν
942 5529 1127 5601 μεῖζον
1149 5530 1561 5599 ὑπολελεῖφθαι.
1591 5532 1684 5584 Διὸ
1716 5530 1813 5585 καὶ

208 5633 242 5682 ὁ
283 5623 528 5693 Χριστὸς
558 5623 696 5694 πρὸς
736 5623 935 5686 αὐτοὺς
984 5622 1143 5692 ἔλεγε
1163 5640 1180 5657 ο
1212 5624 1584 5693 Πληρώοιατε
1617 5625 1683 5679 τὸ
1704 5623 1810 5694 μέ·-

210 5736 371 5789 τρον
396 5719 517 5772 τῶν
537 5717 814 5786 πατέρων
849 5715 1037 5787 ὑμῶν.
1086 5717 1317 5771 Ἐκεῖνοι
1366 5717 1467 5788 μὲν
1520 5718 1629 5788 γὰρ
1684 5736 1812 5789 προ.

210 5816 408 5886 φήτας
439 5811 672 5879 ἀνεῖλον,
699 5812 860 5877 ὑμεῖς
900 5810 960 5863 δὲ
1000 5810 1096 5865 τὸν
1140 5809 1421 5880 Δεσπότην
1453 5810 1561 5863 τῶν
1592 5826 1810 5881 προφη-

1922 4696 2365 4753 reaediiicatione.
2398 4686 2694 4768 Sexaginta
2734 4709 2931 4751 novem
2983 4702 3168 4749 autem
3218 4693 3507 4764 incipiunt,

1924 4802 1989 4840 ex
2024 4800 2134 4854 quo
2165 4784 2358 4840 civitas
2391 4784 2556 4840 etiam
2588 4783 3096 4855 Hierosolymorum
3133 4799 3349 4839 rursum
3377 4787 3512 4841 aedi-

1918 4880 2133 4935 ﬁcatur.
2183 4877 2390 4948 Itaque,
2429 4877 2645 4943 Platea,
2684 4879 2883 4947 inquit,
2917 4887 2967 4933 et
3008 4880 3204 4932 mania
3274 4878 3513 4949 adiﬁca-

1916 4973 2115 5027 buntur
2143 4972 2184 5026 ⁸.
2214 4971 2351 5028 Cum
2371 4972 2517 5027 enim
2553 4972 2864 5042 baptizatus
2892 4982 2979 5027 est
2998 4972 3273 5040 Christus,
3309 4982 3367 5028 et
3394 4974 3511 5029 dis-

1912 5065 2125 5134 cipulos
2152 5063 2413 5128 instituit,
2450 5071 2580 5119 tunc
2601 5063 2774 5120 Judaei
2806 5063 3137 5135 incipientes
3222 5067 3282 5120 in
3331 5066 3513 5135 ipsum

1910 5159 2103 5213 saevire
2129 5173 2160 5212 a
2193 5157 2380 5214 divina
2405 5170 2541 5212 cura
2576 5157 2921 5215 exciderunt.
2973 5157 3109 5213 Vide
3154 5167 3340 5213 autem
3392 5174 3515 5213 om-

1911 5250 2004 5305 nia
2034 5258 2224 5320 aperte
2254 5248 2324 5304 ab
2347 5248 2540 5320 angelo
2563 5248 2837 5304 declarata
2866 5248 3077 5304 Danieli
3107 5265 3122 5303 :
3155 5248 3295 5304 dixit
3332 5248 3508 5303 enim:

1917 5344 1981 5400 Ut
2026 5343 2369 5397 inveterascet
2430 5352 2722 5411 peccatum,
2776 5341 2880 5397 hoc
2923 5349 3027 5404 est,
3084 5348 3144 5395 ut
3221 5339 3515 5395 extollatur

1914 5446 2226 5508 peccatum.
2254 5435 2427 5503 Quale
2474 5445 2657 5490 autem
2696 5433 3026 5503 peccatum?
3058 5433 3193 5489 lllud
3235 5432 3511 5501 {nimirum

1913 5529 2158 5585 omnium
2186 5528 2570 5603 gravissimum
2600 5529 2655 5584 in
2692 5524 2839 5584 caede
2864 5524 3079 5582 Domini
3116 5534 3512 5597 perpetratum.

1921 5622 1986 5678 Ut
2021 5623 2362 5694 obsignentur
2380 5632 2622 5694 peccata,
2646 5618 2699 5674 id
2728 5626 2833 5687 est,
2860 5626 2921 5673 ut
2955 5618 3355 5689 compleantur,
3380 5621 3516 5676 adeo

1916 5729 1975 5771 ut
2003 5717 2139 5773 nihil
2166 5718 2345 5787 majus
2374 5718 2502 5773 addi
2534 5716 2728 5786 possit.
2760 5714 3128 5780 Quamobrem
3176 5724 3231 5770 et
3258 5711 3517 5770 Christus

1916 5813 1983 5868 ad
2016 5830 2132 5878 eos,
2157 5813 2397 5883 Implete,
2431 5814 2629 5884 inquit,
2662 5820 2875 5882 peccata
2904 5821 3118 5882 patrum
3151 5818 3443 5865 vestrorum
3469 5811 3512 5871 9ο

294 5960 313 5992 ‘
338 5955 473 6014 ibid.
510 5957 600 6014 l2.
674 5960 697 5993 ¹
721 5955 859 6013 Dan.
891 5972 968 6026 ιι,
992 5956 1086 6015 '24.
1168 5958 1187 5991 ³
1227 5954 1364 6015 Ibid.
1396 5955 1487 6013 25.
1562 5958 1583 5989 ⁸
1632 5954 1763 6014 lhid.

1916 5956 2088 6015 llatth.
2120 5973 2277 6027 mn,
2333 5957 2424 6013 52.
