3954 6548
195 287 297 354 293

1133 284 1514 348 PANOPLIA
1557 282 2024 345 DOGMATICA.
2061 308 2127 320 -—
2169 244 2324 348 TlT,
2360 285 2526 350 vm.

3344 287 3454 354 294

201 417 356 472 μοσιν
381 396 807 469 ἀπεδείχθησαν.
837 399 910 454 Τὸ
939 399 1071 472 γὰρ,
1103 401 1220 452 Οὐκ
1249 396 1416 470 ἦλθον
1447 397 1636 469 βαλεῖν
1694 397 1764 450 εί-

1872 395 1961 450 ubi
1993 396 2332 469 divulgatum
2359 408 2442 454 est
2477 397 2855 470 Evangelium,
2889 415 3083 456 omnes
3127 416 3294 473 unum
3327 418 3454 458 cor-

193 495 361 564 ρήνήν
387 493 481 545 ἐπὶ
529 493 625 563 τὴν
659 492 784 562 γῆν,
815 492 951 546 ἀλλὰ
975 495 1278 564 μάχαιραν,
1311 492 1375 546 οὐ
1435 492 1568 562 περὶ
1601 491 1765 544 πολε-

196 583 355 654 μικῆς
396 581 610 651 εἴρηται
649 582 952 652 μαχαίρας.
1012 568 1280 654 Μάχᾶιρα
1313 582 1424 652 γὰρ
1453 582 1523 653 ἢν
1569 581 1767 634 ἔϐαλεν

191 675 220 726 6
246 672 497 743 Χριστὸς,
529 672 588 724 τὸ
619 673 904 742 κήρυγμα,
949 675 1044 729 καὶ
1071 675 1103 744 ἡ
1145 674 1340 727 τούτου
1382 673 1592 736 πίστις,
1625 672 1767 725 διαι-

195 759 357 831 ροῦσα
386 762 481 812 τὸν
503 761 692 813 πιστὸν
739 761 848 814 ἀπὸ
896 763 990 816 τοῦ
1031 764 1287 826 ἀπίστου,
1346 763 1440 816 xal.
1489 765 1768 834 τέμνουσα

193 854 286 922 τήν
312 855 403 905 ἐπὶ
433 854 590 923 κακῷ
627 853 817 924 σχέσιν
869 856 964 908 καὶ
990 855 1315 924 συμφωνίαν
1371 856 1578 909 αὐτῶν.
1621 854 1766 908 Ἀλλ’

194 948 328 1002 οὕτω
361 946 463 1016 μὲν
493 945 556 998 τὸ
574 947 716 1001 κατὰ
742 949 987 1018 Μιχαίαν
1014 962 1030 979 ο
1066 949 1268 1018 ίδωμεν
1292 948 1349 1002 δὲ
1380 951 1477 1002 καὶ
1523 949 1584 1002 τὸ
1623 949 1769 1002 κατὰ

204 1038 491 1108 Ἰερεμίαν.
527 1040 735 1110 Σημεῖα
783 1041 894 1108 γὰρ
925 1040 1098 1096 πολλὰ
1129 1043 1225 1096 καὶ
1262 1044 1477 1114 μεγάλα
1508 1042 1604 1096 τοῦ
1632 1045 1768 1114 Χρι-

195 1132 312 1186 στοῦ
383 1133 693 1200 ποιοῦντος,
759 1137 811 1189 οί
873 1137 1266 1208 συντρέχοντες
1328 1140 1424 1194 καὶ
1471 1140 1768 1209 βλέποντες

194 1226 380 1292 ταῦτα,
413 1227 620 1291 πάντες
654 1229 764 1282 ἀπὸ
791 1230 992 1303 μικροῦ
1027 1230 1134 1296 ἕως
1187 1233 1434 1303 μεγάλου
1467 1235 1598 1298 τοὺς
1635 1236 1765 1288 ἐαυ-

193 1320 290 1372 τῶν
318 1320 639 1391 ὀφθαλμοὺς
685 1319 836 1394 εἶχον
857 1325 1223 1391 διδασκάλους
1267 1329 1630 1398 Θεογνωσίας,
1673 1331 1768 1384 καὶ

197 1415 586 1478 κατανοοῦντες
613 1416 715 1481 τὰς
752 1421 1084 1490 θεοπρεπεῖς
1112 1423 1383 1493 δυνάμεις
1419 1424 1610 1489 αὐτοῦ,
1674 1443 1770 1478 τα-

192 1507 319 1578 χέως
345 1507 416 1560 δι’
447 1508 666 1564 ἑαυτῶν
691 1511 1024 1580 ἐμάνθανον,
1058 1515 1142 1568 ὅτι
1183 1516 1318 1580 Θεός
1344 1519 1514 1583 ἐστιν,
1537 1517 1613 1582 ὡς
1649 1518 1767 1573 ἔστι

192 1600 510 1654 καταλαϐεῖν
541 1602 605 1656 οὐ
648 1604 815 1672 μόνον
835 1607 944 1661 ἀπὸ
981 1608 1079 1678 τῆς
1110 1611 1220 1662 τῶν
1251 1612 1606 1681 Εὐαγγελίων
1627 1631 1768 1685 γρα-

193 1690 309 1760 φῆς,
353 1691 494 1746 άλλὰ
537 1694 636 1748 καὶ
667 1696 777 1750 ἀπὸ
818 1698 932 1751 τῶν
988 1700 1111 1752 καθ’
1157 1701 1451 1772 Ἐϐραίους
1495 1706 1766 1774 χρονικῶν

1876 504 1982 558 pus
2014 489 2194 544 effecti
2228 499 2378 554 sunt,
2406 500 2462 546 et
2491 507 2664 546 unum
2722 491 3108 564 liabentcaput
3148 493 3452 558 Christum,

1869 593 1925 634 et
1949 580 2280 638 formidandi
2338 583 2680 640 daemonibus
2707 595 3022 640 evaserunt.
3073 584 3230 650 Quod
3266 597 3452 640 autem

1871 673 1990 744 ipse
2019 675 2179 739 dixit,
2211 691 2274 731 se
2314 678 2548 740 venisse,
2581 693 2691 731 non
2753 685 2818 731 ut
2872 693 3064 747 pacein
3136 679 3191 732 in
3245 687 3450 734 terram

1869 764 2115 822 aﬂ'erret.
2143 767 2236 822 sed
2275 768 2539 838 gladium.
2565 769 2615 824 id
2649 784 2758 824 non
2793 770 3118 840 intelligitur
3143 771 3212 825 de
3267 771 3455 842 gladio

1872 859 2086 914 bellico.
2121 859 2347 914 Gladius
2380 861 2552 927 enim,
2578 875 2741 932 quem
2775 862 2890 930 ipse
2927 864 3055 917 tulit
3107 863 3244 918 nihil
3300 864 3452 920 aliud

1869 959 1973 1014 est,
2018 950 2125 1004 nisi
2150 952 2427 1022 religionis
2459 953 2578 1021 ejus
2604 953 2920 1024 divulgatio,
2957 963 3014 1008 et
3045 955 3097 1007 in
3133 970 3259 1010 eum
3315 957 3452 1012 fides

1869 1057 1992 1112 qua:
2017 1052 2241 1112 separat
2275 1043 2488 1098 tidelem
2517 1044 2587 1098 ab
2621 1044 2846 1108 infideli,
2906 1046 3348 1115 coniunctionem
3395 1058 3455 1102 et

1872 1150 2205 1190 consensum
2266 1150 2455 1190 eorum
2516 1138 2568 1188 in
2607 1138 2888 1206 peccando
2938 1139 3167 1193 dirimit.
3220 1141 3284 1194 Et
3337 1140 3454 1196 haec

1872 1228 2092 1296 quidem
2119 1227 2263 1282 dicta
2288 1228 2399 1282 sint
2421 1229 2489 1282 de
2523 1228 2810 1299 prapbctia
2833 1229 3098 1286 Michzete.
3137 1231 3456 1298 Videamus,

1871 1320 2310 1390 qtnnalereinia
2385 1322 2530 1376 dicta
2565 1331 2718 1376 sunt.
2750 1323 2886 1378 Cum
2935 1321 3106 1376 multa
3154 1338 3459 1394 magnaque

1872 1414 2026 1484 signa
2086 1414 2290 1469 faceret
2337 1413 2620 1480 Christus,
2672 1414 2772 1477 illi,
2819 1415 2911 1485 qui
2968 1415 3368 1470 concurrebant
3406 1423 3460 1470 ct

1873 1506 2288 1576 exspectabant,
2317 1521 2563 1562 omnesa
2601 1523 2768 1578 parvo
2823 1523 2996 1578 usque
3059 1509 3124 1562 ad
3200 1523 3458 1577 magnum

1871 1600 2062 1655 oculos
2095 1601 2354 1670 proprios
2399 1601 2679 1656 habebant
2711 1602 2916 1657 divina:
2961 1601 3293 1674 cognitionis
3345 1617 3463 1656 ma-

1872 1691 2076 1763 gistros
2108 1703 2163 1748 et
2191 1694 2424 1764 iudices.
2465 1702 2522 1748 et
2573 1693 3084 1749 animadvertentes
3137 1693 3354 1749 divinas
3385 1693 3456 1746 il-

193 1786 434 1854 Γραφῶν,
493 1789 588 1842 καὶ
641 1789 752 1842 τῶν
798 1791 920 1846 καθ’
971 1771 1269 1864 Ἕλληνας
1305 1771 1764 1866 ἱστοριογράφων.

1872 1787 1977 1842 lius
2009 1787 2262 1850 virtutes,
2313 1788 2603 1842 confestim
2659 1787 3039 1858 intelligebant
3095 1788 3275 1857 ipsum
3331 1801 3459 1842 esse

191 1878 442 1935 Δείπεται
461 1877 562 1936 οῦν
596 1884 778 1938 εἰπεῖν
804 1887 938 1956 περὶ
959 1887 1057 1940 τοῦ
1089 1889 1233 1942 κατὰ
1264 1889 1358 1942 τὸν
1408 1890 1643 1944 Ἡσαΐαν
1671 1909 1770 1964 ση-

196 1972 340 2041 μείου
388 1977 492 2047 τῆς
524 1976 839 2047 παρουσίας
870 1977 1136 2050 Χριστοῦ.
1195 1971 1367 2045 Οὗτος
1404 1983 1526 2047 ταῖς
1579 1983 1768 2053 διαφοο

198 2071 308 2138 ραῖς
333 2069 441 2122 τῶν
459 2071 696 2142 ἡμέρων
725 2090 786 2126 τε
841 2074 938 2128 καὶ
982 2075 1192 2146 ἀγρίων
1225 2075 1382 2140 ζώων
1413 2078 1482 2130 τὰ
1531 2077 1768 2150 διάφορα

193 2161 292 2214 τῶν
315 2161 628 2232 ἀνθρώπων
676 2164 785 2236 non
834 2166 1224 2239 παρεδήλωσε,
1259 2169 1357 2223 καὶ
1383 2168 1476 2223 διὰ
1492 2170 1592 2239 τῆς
1621 2172 1768 2224 ἐκεί-

197 2270 292 2306 νων
320 2255 751 2328 συνδιαιτήσεως
780 2259 882 2328 τὴν
925 2258 1059 2329 μίαν
1114 2260 1323 2315 τούτων
1355 2262 1597 2335 ποίμνην
1647 2263 1769 2336 ᾐνί-

200 2348 330 2416 ξατο,
367 2350 462 2404 καὶ
496 2351 604 2414 τὰς
635 2353 698 2405 ὲκ
715 2353 930 2406 τούτων
958 2357 1382 2425 συστησομένας
1411 2355 1767 2430 Ἐκκλησίας,

198 2441 347 2495 λύκον
370 2442 472 2512 μὲν
495 2443 742 2508 καλέσας
768 2444 863 2498 τὸν
886 2444 1016 2512 ὀξὺν
1052 2449 1134 2511 είς
1160 2449 1440 2520 ἁρπαγήν,
1506 2451 1646 2520 ἄρνα
1700 2451 1760 2504 δὲ

199 2535 281 2588 τὴν
306 2535 746 2607 εῠεπηρέαστον,
780 2540 875 2592 καὶ
927 2540 1196 2610 πάρδαλιν
1232 2544 1333 2612 μὲν
1383 2546 1478 2597 τὸν
1520 2544 1766 2599 ποικιλό-

197 2644 418 2700 γνωμον,
444 2631 648 2701 ἔριφον
695 2633 754 2686 δὲ
781 2635 876 2688 τὸν
902 2634 1130 2690 ἁπλοῦν.
1164 2637 1276 2691 Kai
1326 2637 1626 2710 μοσχάριον
1667 2639 1768 2709 μὲν

199 2723 278 2775 τὸν
300 2727 494 2792 πρᾶον,
523 2725 735 2796 ταῦρον
790 2727 849 2780 δὲ
918 2728 1014 2782 τὸν
1066 2729 1298 2801 Θρασὺν,
1357 2731 1547 2784 λέοντα
1584 2733 1640 2785 δὲ
1670 2734 1764 2786 τὸν

199 2815 562 2887 ὑπερήφανον,
586 2819 684 2884 οὓς
719 2821 862 2887 ἄξει,
899 2822 1000 2875 καὶ
1023 2825 1287 2893 ποιμανεῖ
1346 2823 1638 2895 ἄνθρωπος
1696 2828 1762 2898 τῇ

202 2906 292 2986 μὲν
315 2910 588 2981 φρονήσει
619 2911 832 2977 πολιὸς,
866 2911 948 2984 τῷ
974 2913 1033 2966 δὲ
1061 2915 1329 2986 ἁπονήρῳ
1357 2914 1456 2969 καὶ
1479 2919 1546 2987 τῇ
1577 2933 1774 2970 ταπει-

200 3002 490 3074 νοφροσύνῃ
529 3005 773 3060 παιδίον.
821 3007 930 3058 Καὶ
981 3006 1158 3077 μέγας
1190 3008 1292 3078 μὲν
1338 3010 1406 3080 τῇ
1441 3011 1635 3080 ἀρετῇ,
1679 3027 1772 3081 μι-

202 3093 322 3196 κρὸς
359 3097 415 3151 δὲ
445 3101 512 3171 τῇ
541 3099 850 3172 φαινομένῃ
875 3100 1126 3172 εὐτελείᾳ
1155 3101 1247 3154 καὶ
1281 3099 1554 3172 λιτότητι.
1575 3102 1768 3157 Τοιοῦ-
1795 3131 1839 3196 c

199 3202 272 3239 τοι
296 3187 350 3240 δὲ
401 3189 452 3241 οί
498 3189 622 3242 τῶν
681 3189 995 3260 ἐκκλησιῶν
1044 3192 1414 3262 προεστῶτες,
1457 3193 1551 3263 ὑφ’
1590 3188 1666 3248 ὧν
1715 3197 1768 3250 οἱ

203 3279 433 3351 διάφοροι
471 3284 595 3345 τοῖς
623 3281 817 3352 ἤθεσιν
865 3283 1128 3354 ἀγόμενοι
1162 3285 1525 3356 ρυθμίζονταί
1577 3304 1636 3340 τε
1675 3288 1797 3354 καὶ,

205 3376 655 3444 συναρμόζονται.
704 3376 815 3429 Kal
855 3376 1012 3441 αὖθις
1047 3377 1178 3449 βοῦν
1211 3382 1313 3448 μὲν
1338 3382 1426 3434 τὶν
1448 3383 1768 3452 ἐργατικὸν,

202 3469 381 3538 ἄρκτον
414 3473 471 3526 δὲ
503 3472 606 3526 τὸν
633 3471 1077 3544 γαστρίμαργον.
1112 3475 1223 3528 Καὶ
1247 3475 1413 3530 πάλιν
1439 3477 1631 3532 λέοντα
1668 3481 1769 3550 μὲν

201 3564 279 3615 τὸν
313 3565 651 3635 ήγεμοτικόν
699 3582 758 3618 τε
785 3565 882 3619 καὶ
907 3565 1163 3638 ἀρχικὸν,
1227 3567 1356 3637 βοῦν
1389 3568 1447 3622 δὲ
1503 3570 1600 3623 τὸν
1664 3571 1771 3625 ὑπὸ

203 3655 349 3723 ζυγὸν
371 3659 648 3724 δουλείας,
691 3659 788 3711 καὶ
821 3659 1292 3727 ὑποτεταγμένον.
1352 3660 1572 3732 Ἀχυρα
1626 3661 1686 3716 δὲ
1733 3664 1768 3732 ἠ

203 3752 399 3821 εὐτελὴς
429 3752 526 3806 τοῦ
565 3752 673 3803 ὑπό
710 3751 877 3819 ζυγὸν
905 3753 1107 3822 τροφή.
1141 3752 1620 3824 Συσσιτηθήσεται
1656 3756 1768 3827 γὰρ

201 3845 226 3895 ὁ
259 3844 603 3901 ὑποτάσσων,
633 3847 713 3914 τῷ
777 3844 1213 3915 ὑποτασσομένῳ
1261 3845 1354 3900 διὰ
1398 3847 1501 3918 τήν
1537 3849 1768 3920 ἑνότητα

203 3937 290 4006 τῆς
355 3940 622 4003 πίστεως.
682 3939 904 3993 Παιδίον
974 3938 1035 3992 δὲ
1099 3940 1296 4008 νήπιον
1369 3939 1604 4005 ἕκαστος
1660 3943 1770 3997 τῶν

206 4039 574 4102 προεστώτων,
623 4033 700 4096 ὡς
769 4033 1013 4106 εἴρηται,
1069 4035 1356 4103 νήπιάζων
1439 4037 1498 4090 ἑν
1575 4039 1773 4111 κακίᾳ,-

207 4119 260 4178 ob
285 4127 465 4196 χεὶρή
516 4125 854 4180 διδασκαλία
889 4125 980 4179 διὰ
1043 4127 1105 4179 τὺ
1149 4127 1594 4198 ἀνυσιμώτατον,
1643 4132 1770 4202 ἥτις

207 4216 539 4273 ἐπιϐάλλεται
571 4219 690 4282 τοῖς
729 4217 1002 4284 ἀπίστοις,
1027 4219 1226 4282 οἵτινές
1259 4223 1370 4272 είσι
1395 4219 1641 4291 τρῶγλαι
1673 4223 1770 4276 καὶ

204 4312 507 4377 καταδύσεις
547 4313 649 4367 καὶ
705 4313 1003 4385 οἰκητήρια
1063 4313 1158 4366 καὶ
1210 4313 1596 4386 ἀναπαυτήρια
1661 4315 1768 4368 τῶν

205 4404 393 4474 νοητῶν
445 4406 724 4471 ἀσπίδων,
757 4406 880 4476 ἦτοι
917 4405 1034 4459 τῶν
1101 4405 1331 4460 ίοὸόλων
1381 4409 1478 4461 καὶ
1526 4409 1767 4482 θανατη-

1873 1879 2070 1942 Deum.
2115 1889 2175 1934 ut
2203 1879 2393 1950 colligi
2425 1887 2609 1950 potest
2639 1895 2748 1934 non
2771 1881 2950 1934 solum
3011 1895 3078 1934 ex
3131 1894 3460 1934 monumen-

1871 1972 1946 2026 tis
1971 1973 2416 2041 Evangeliorum,
2441 1986 2632 2026 verum
2665 1972 2834 2026 etiam
2860 1986 2929 2025 ett
2974 1969 3276 2025 annalibus
3331 1967 3444 2024 lle-

1873 2065 2145 2120 brteomm
2178 2074 2236 2120 et
2291 2066 2537 2136 gentium
2575 2062 2873 2119 bisturieis.
2908 2061 3205 2133 Reliquum
3253 2073 3358 2122 est.
3399 2072 3460 2118 ut

1871 2158 2088 2230 signum
2116 2158 2384 2214 adventus
2429 2156 2633 2213 Christi
2683 2156 3097 2226 pratdictumab
3154 2154 3292 2210 lsaia
3329 2169 3463 2208 eon-

1873 2251 2199 2306 sideremus.
2260 2251 2364 2305 Hic
2416 2250 2740 2305 animalium
2814 2251 3061 2306 cicurum
3108 2256 3163 2303 et
3217 2247 3458 2302 ferarum

1871 2344 2190 2398 discrimine
2221 2343 2497 2416 signiﬁcat
2525 2345 2774 2401 diversos
2821 2343 3106 2398 hominum
3149 2355 3354 2406 mores,
3402 2346 3460 2394 ct

1875 2451 1974 2508 per
2001 2451 2350 2492 communem
2418 2437 2644 2492 illorum
2684 2438 2912 2501 victum,
2975 2443 3033 2490 et
3081 2443 3329 2489 mutuam
3378 2433 3460 2488 vi-

1875 2531 2035 2586 vendi
2094 2529 2579 2591 consuetudinem.
2616 2545 2787 2585 unum
2838 2527 3126 2583 hominum
3177 2527 3344 2591 ovile,
3401 2535 3460 2582 et

1876 2622 2150 2679 Ecclesias
2221 2638 2286 2677 ex
2345 2623 2430 2676 his
2476 2621 2888 2677 constituendas
2939 2620 3201 2682 ostendit,
3268 2621 3458 2690 lupum

1878 2716 2098 2787 quidem
2142 2715 2426 2785 appellans
2473 2729 2597 2769 eum
2635 2716 2727 2782 qui
2753 2714 2820 2768 ad
2865 2713 3090 2784 rapinas
3119 2713 3276 2766 velox
3319 2719 3456 2766 est:

1881 2825 2086 2880 agnum
2133 2817 2316 2863 autem
2343 2824 2492 2872 eum,
2540 2808 2632 2876 qui
2690 2807 2886 2877 praedae
2931 2804 3311 2875 ctdireptioni
3365 2812 3455 2859 est

1874 2901 2198 2972 expositus:
2255 2901 2481 2970 pardum
2534 2900 2706 2964 illum,
2751 2899 2845 2970 qui
2891 2908 3106 2954 astutus
3155 2907 3214 2952 et
3270 2907 3459 2953 mento

1877 2996 2061 3050 varius
2094 3011 2108 3048 :
2138 2994 2354 3048 haedum
2393 2995 2571 3058 illum,
2616 2993 2706 3065 qui
2736 2991 3006 3047 candidus
3047 3000 3104 3046 et
3143 2990 3374 3062 simplex
3435 3006 3456 3046 :

1877 3087 2320 3151 vitulum'illum,
2352 3088 2443 3159 qui
2479 3102 2566 3144 est
2592 3096 2913 3144 mansuetus
2973 3105 2986 3141 :
3036 3096 3252 3141 taurum
3301 3101 3456 3152 eum,

1870 3182 1965 3252 qui
1990 3191 2076 3237 est
2115 3180 2341 3236 audax:
2389 3183 2602 3236 leonem
2648 3181 2826 3244 illum,
2867 3179 2960 3251 qui
3020 3189 3106 3235 est
3143 3180 3456 3250 superbus;

1870 3290 2010 3344 quos
2037 3273 2202 3329 ducet
2245 3281 2300 3328 et
2339 3283 2526 3343 pascet
2553 3274 2715 3328 homo
2748 3272 3040 3343 prudentia
3089 3272 3310 3344 quidem
3361 3287 3454 3328 se-

1877 3383 2007 3424 nex.
2035 3366 2358 3422 innocentia
2415 3374 2600 3420 autem
2632 3373 2689 3419 et
2724 3364 2989 3420 modestia
3018 3367 3303 3434 puerulus,
3343 3381 3460 3420 ma-

1869 3475 2012 3534 gnus
2046 3461 2270 3525 virtute,
2298 3458 2398 3514 sed
2428 3459 2738 3529 frugalitate
2775 3465 2832 3514 et
2862 3457 3210 3527 simplicitate
3234 3473 3456 3528 parvus.

1870 3555 2031 3610 Tales
2057 3564 2186 3610 sunt
2217 3554 2582 3608 Ecclesiarum
2637 3550 2899 3622 praefecti,
2951 3551 3150 3622 quibus
3207 3551 3456 3624 regenti-

1873 3645 1976 3701 bus
2020 3653 2075 3698 et
2098 3643 2554 3715 gubernantibus,
2583 3644 2675 3712 qui
2714 3642 2948 3698 diversis
2997 3642 3241 3696 moribus
3301 3651 3452 3708 sunt,

1873 3738 2019 3792 inter
2039 3753 2099 3792 se
2137 3737 2500 3800 conveniunt,
2525 3745 2578 3790 et
2599 3743 2784 3790 mutua
2807 3734 3187 3789 benevolentia
3217 3737 3452 3803 conjun-

1872 3841 2095 3902 guntur.
2121 3830 2252 3885 Item
2282 3845 2380 3900 per
2404 3829 2600 3884 bovem
2631 3810 2885 3882 homines
2927 3827 3180 3898 intelligit
3216 3828 3456 3884 laborio-

1868 3939 1982 3980 sos.
2017 3923 2120 3978 Per
2141 3938 2330 3978 ursum
2363 3923 2540 3978 ventri
2590 3921 2829 3976 deditos.
2865 3919 2967 3974 Per
3025 3910 3265 3986 lennem,
3334 3937 3454 3982 ens.

1871 4017 1964 4089 qui
1999 4024 2244 4088 prmsunt
2278 4027 2330 4070 et
2366 4015 2660 4084 imperant.
2695 4012 2803 4068 Per
2828 4013 3048 4079 bovem,
3073 4029 3188 4079 eos,
3219 4014 3309 4082 qui
3336 4005 3458 4070 scr-

1870 4107 2065 4163 vitutis
2125 4095 2453 4178 premuntur
2496 4105 2650 4176 iugo,
2685 4114 2741 4159 et
2794 4103 3022 4160 alterius
3070 4105 3304 4176 imperio
3356 4119 3457 4175 pa-

1870 4213 2014 4258 rent.
2045 4201 2151 4258 Per
2179 4201 2363 4272 paleas
2391 4200 2655 4270 frugalem
2714 4214 2782 4254 ac
2837 4207 3056 4254 tenuem
3111 4199 3315 4254 victum
3361 4215 3459 4253 eo-

1873 4315 2018 4362 rum,
2064 4299 2156 4368 qui
2189 4297 2393 4352 subditi
2414 4305 2565 4356 sunt.
2600 4295 2774 4350 Simul
2803 4304 2984 4348 autem
3018 4305 3311 4362 pascentur
3353 4294 3452 4358 ilLi,

1872 4393 1962 4462 qui
1988 4401 2256 4460 reguntur
2291 4401 2348 4444 et
2373 4399 2591 4460 parent.
2645 4397 2702 4442 et
2763 4387 2839 4440 illi
2875 4387 2967 4456 qui
3005 4386 3314 4456 gubernant
3373 4397 3458 4440 at-

207 4498 368 4568 φόρων
405 4500 708 4570 δαιμόνων,
738 4492 813 4552 ὧν
839 4498 1043 4567 ἔκγονα
1104 4498 1173 4551 τὰ
1209 4498 1383 4571 πάθη.
1423 4499 1532 4553 Καὶ
1588 4481 1767 4564 ἄλλως

1875 4501 1984 4556 que
2062 4485 2357 4553 imperant,
2423 4491 2645 4551 propter
2707 4481 2831 4535 fidei
2883 4481 3352 4535 necessitudinem
3397 4489 3455 4534 et

208 4591 257 4644 δὲ
281 4595 486 4648 οἱκατὰ
520 4592 768 4664 Χριστὸν
821 4590 1026 4657 ζῶντες
1060 4593 1160 4662 τὴν
1191 4593 1352 4662 χεῖρα
1399 4595 1514 4655 τοῖς
1579 4592 1769 4663 δαίμο-

211 4699 284 4736 σιν
311 4684 721 4747 ἑπιῦάλλοντες,
755 4683 851 4737 καὶ
879 4683 939 4736 τὸ
966 4680 1059 4735 τοῦ
1092 4682 1334 4752 σταυροῦ
1371 4687 1600 4751 σημεῖον
1629 4684 1768 4737 ἐπά-

209 4793 407 4844 γοντες,
465 4778 572 4830 οὐκ
597 4775 731 4828 ἐῶσι
765 4775 895 4839 τοὺς
934 4773 1291 4836 ἐνοικοῦντας
1343 4775 1610 4845 δαίμονας
1668 4794 1772 4830 κα-

209 4875 428 4926 κοποιεῖν
490 4873 577 4925 ἔτι
626 4871 756 4934 τοὺς
797 4870 1132 4939 πάσχοντας.
1201 4869 1322 4922 Ὀτι
1373 4868 1433 4922 δὲ
1493 4869 1658 4941 Θηρία
1703 4872 1769 4924 τὰ

210 4963 342 5035 ἔθνη,
363 4965 514 5034 λέγει
539 4963 808 5028 πολλάκις
842 4965 876 5034 ή
921 4963 1141 5035 Γραφή.
1199 4964 1374 5034 Φήσὶν
1403 4964 1431 5018 ὁ
1463 4963 1601 5026 Θεὸς
1678 4949 1769 5018 διὰ

219 5063 380 5133 Ὦσηέο
409 5063 670 5134 Διαθήσω
701 5061 973 5132 διαθήκην
1001 5061 1060 5112 ὲν
1091 5061 1157 5130 τῇ
1189 5057 1374 5129 ἡμέρᾳ
1404 5058 1591 5129 ἐκείνῃ
1624 5059 1768 5127 μετὰ

209 5153 306 5207 τῶν
354 5155 562 5226 θηρίων
627 5153 724 5208 τοῦ
784 5153 983 5224 ἀγροῦ,
1031 5155 1126 5206 καὶ
1187 5152 1298 5206 τῶν
1349 5151 1617 5205 πετεινῶν
1673 5151 1765 5204 τοῦ

215 5245 452 5315 οὐρανοῦ,
483 5247 582 5300 καὶ
613 5245 726 5299 τῶν
753 5244 1010 5315 ἑρπετῶν
1034 5243 1134 5314 τῆς
1173 5241 1306 5310 γῆς,
1343 5239 1765 5310 καθολικωτέρῳ

207 5334 334 5407 λόγῳ
349 5339 512 5410 θηρία
533 5337 634 5410 μὲν
653 5337 748 5392 τοῦ
760 5336 934 5408 ἀγροῦ
949 5337 1079 5400 τοὶις
1094 5336 1324 5407 ἀγρίους
1342 5335 1434 5387 καὶ
1451 5334 1638 5402 ὠμοὺς
1649 5333 1766 5385 ὀνο-

214 5429 402 5495 μάςων,
419 5429 645 5483 πετεινά
664 5427 721 5482 δὲ
738 5429 864 5491 τοὺς
884 5427 1280 5498 ὑψηλοτέρους,
1306 5425 1516 5494 ἑρπετᾶ
1553 5425 1610 5476 δὲ
1636 5421 1764 5488 τοὺς

210 5522 605 5590 ταπεινοτέρους
630 5534 646 5550 °
684 5519 718 5590 ἢ
758 5519 984 5572 πετεινὰ
1023 5517 1124 5587 μὲν
1160 5518 1286 5580 τοὺς
1322 5517 1390 5585 τῇ
1431 5505 1765 5584 ἀστρολογία⁵

210 5611 636 5682 προσκειμένονς,
655 5609 864 5682 ἑρπετὰ
881 5609 939 5664 δὲ
959 5610 1083 5672 τοὺς
1113 5605 1548 5678 ρυπαινομένους
1571 5607 1629 5660 ἐν
1651 5607 1764 5668 τοῖς

211 5699 422 5753 uiliter
455 5703 548 5757 καὶ
585 5698 740 5765 αὖθις
790 5701 880 5756 διὰ
932 5699 1182 5754 Ἡσαΐου·
1229 5695 1628 5766 summa
1684 5711 1762 5766 με

212 5791 273 5844 τὰ
304 5795 472 5862 θηρία
497 5795 600 5852 τοῦ
627 5795 837 5863 ἀγροῦ
874 5794 971 5849 καὶ
999 5793 1092 5848 διὰ
1123 5790 1396 5858 Ἱερεμίου
1442 5789 1628 5846 πάλινο
1665 5787 1762 5842 Δέ-

1875 4575 2345 4647 conjunctionem,
2385 4573 2607 4628 Puetuli
2643 4589 2794 4635 vero,
2840 4572 3093 4626 infantttli
3124 4574 3192 4626 ad
3227 4572 3454 4634 malum,

1875 4682 1938 4726 ut
1965 4671 2172 4725 dictum
2194 4677 2296 4729 est.
2327 4675 2459 4720 sunt
2495 4665 2864 4718 Ecclesiarum
2897 4663 3161 4732 prmfecti,
3218 4679 3456 4732 quorum

1875 4774 2071 4817 manus
2096 4759 2339 4814 doctrina
2376 4765 2482 4821 est,
2517 4764 2741 4826 propter
2767 4769 3038 4809 summam
3080 4769 3244 4824 quam
3299 4753 3463 4808 aditi-

1879 4859 2009 4912 bent
2043 4853 2380 4926 diligentiam
2411 4869 2427 4918 ;
2466 4867 2588 4921 qua:
2615 4850 2835 4916 quidem
2871 4864 3064 4902 manus
3097 4847 3339 4918 injicitur
3373 4848 3460 4902 in-

1879 4949 2154 5012 fidelibus,
2186 4945 2276 5016 qui
2300 4954 2430 4999 sunt
2461 4944 2624 4998 veluti
2665 4957 2915 4997 caverna:
2943 4950 3000 4996 et
3062 4941 3353 5006 foramina,
3403 4949 3461 4994 et

1878 5043 2117 5098 ferarum
2165 5038 2386 5101 cubilia,
2427 5048 2482 5090 et
2513 5037 2788 5105 aspitlum,
2827 5049 2923 5088 seu
2974 5044 3367 5091 venenatorum
3405 5039 3462 5085 ct

1877 5135 2311 5208 perniciosorum
2368 5128 2680 5184 daemonum
2714 5127 3017 5186 domicilia.
3069 5143 3304 5195 quorum
3362 5127 3459 5180 filii

1875 5220 2196 5280 snntanimi
2230 5218 2677 5291 perturbationes
2701 5229 2755 5273 et
2784 5220 2942 5274 vitia.
2972 5217 3142 5274 Aliter
3169 5217 3332 5271 etiam
3365 5217 3460 5286 qui

1872 5334 1940 5373 ex
2002 5313 2202 5370 Christi
2270 5312 2546 5368 sententia
2607 5313 2841 5376 vivunt,
2906 5326 3129 5366 manum
3195 5309 3462 5364 daemonic

1871 5409 1971 5464 bus
2031 5405 2306 5478 injiciunt,
2359 5415 2413 5459 et
2454 5403 2632 5460 crucis
2669 5404 2883 5474 signum
2943 5412 3284 5481 Opponentes
3347 5415 3459 5454 non

1867 5503 2060 5556 sinunt
2133 5499 2451 5553 obsidentes
2527 5498 2805 5552 daemones
2874 5495 3128 5549 obsessos
3205 5493 3459 5548 homines

1866 5595 2083 5650 laedere.
2146 5592 2302 5658 Quod
2362 5601 2544 5646 autem
2602 5589 2888 5658 Scriptura
2958 5598 3150 5657 gentes
3204 5602 3460 5657 sar-penu-

1867 5705 2021 5746 mero
2069 5689 2213 5744 feras
2268 5697 2461 5747 vocet,
2523 5687 2879 5756 perspicuum
2956 5691 3058 5740 est.
3123 5682 3266 5738 Dicit
3307 5683 3458 5738 enim

1869 5784 2012 5842 Deus
2082 5799 2179 5849 per
2249 5779 2445 5838 Oscam
2502 5798 2517 5837 :
2581 5778 2801 5833 Faciam
2869 5776 3035 5838 fartus
3090 5774 3147 5829 iu
3211 5773 3306 5827 illa
3368 5773 3456 5827 die
