3954 6552
179 336 286 398 28f

1147 340 1513 400 l‘z‘lNUl'LlA
1564 343 2013 405 DOGMATICA.
2050 366 2116 377 —
2149 341 2292 399 TIT.
2345 338 2499 399 Vill.

3289 340 3394 405 $98

178 456 274 508 καὶ
312 456 511 524 ὕμνοις,
571 454 662 507 καὶ
717 454 877 523 (Mai;
934 456 1353 522 πνευματικαῖς,
1406 456 1495 506 καὶ
1534 456 1731 526 μελέτῃ

1862 457 1903 511 ιδ
1936 453 2102 508 Deum
2134 468 2193 508 se
2222 455 2579 524 colligerent;
2616 457 2905 527 septimum
2943 474 3135 528 nempe
3165 459 3305 514 diem
3337 462 3391 515 in

178 546 282 597 τῶν
310 546 459 596 (tain
483 545 715 613 Γραφῶν
734 545 947 596 ἃπασαν
963 544 1057 613 τὴν
1077 545 1309 613 ἑϐδόμην
1332 546 1734 612 ἀναλίσκοντες,

173 637 269 688 καὶ
299 639 354 687 ὲν
380 634 495 703 6εῷ
545 635 970 698 καταπαύοντες.
1003 636 1131 687 Ὅτε
1173 636 1269 704 μὲν
1298 636 1406 705 γὰρ
1546 638 1644 689 οὐκ
1671 634 1734 706 ἦν

172 726 361 793 νόμος,
388 726 448 778 οὐ
472 725 659 795 Γραφῆ
695 726 1070 790 Θεόπνευστος,
1103 725 1227 779 οὗτε
1258 727 1316 778 τὸ
1355 728 1627 782 Σάϐϐατον
1660 729 1735 799 τῷ

172 816 295 883 Θεῷ
338 816 627 887 ἀφιέρωτο.
684 818 810 869 ’Ὀτε
859 818 913 869 δὲ
958 819 1369 888 ήοεόπνευστος
1416 819 1605 891 Γραφὴ
1650 821 1737 874 διὰ

175 908 455 971 Μωῦσέως
489 908 668 977 ἐδόθη,
692 909 971 980 ἀφιερὼοη
1002 909 1076 979 τῷ
1107 910 1226 979 Θεῷ
1260 911 1317 964 τὸ
1350 911 1646 975 Σάδδατον,
1668 912 1741 975 ὡς

175 998 243 1051 ἂν
279 998 406 1068 περὶ
454 1000 552 1067 τὴν
586 999 785 1070 ταύτης
828 1000 1056 1071 μελέτην
1103 1002 1161 1054 ὲν
1194 1002 1343 1067 αὐτῷ
1374 1002 1744 1072 ἁδολεσχὴσω-

179 1103 297 1148 σιν,
346 1089 394 1139 οἱ
433 1088 505 1158 μὴ
540 1089 716 1142 πάντα
756 1093 843 1142 τὸν
881 1090 993 1159 βίον
1026 1090 1102 1159 τῷ
1144 1091 1261 1160 Θεῷ
1293 1092 1663 1162 ἀφιεροῦντες,
1695 1096 1744 1147 oi

182 1174 260 1244 μὴ
288 1176 439 1243 πὸοῳ
476 1176 551 1245 τῷ
578 1178 820 1249 Δεσπότῃ
851 1178 923 1241 ὼς
948 1180 1123 1249 Harp).
1148 1180 1503 1246 δουλεύοντες,
1532 1182 1644 1234 ἀλλ’
1669 1183 1744 1245 ὡς

180 1266 359 1318 δοῦλοι
388 1266 722 1337 ἀγνώμονες,
759 1270 860 1323 κᾶν
886 1270 1075 1340 μικρὸν
1121 1271 1214 1322 καὶ
1259 1271 1543 1339 ἐλάχιστον
1578 1273 1743 1341 μέρος

181 1358 279 1426 τῆς
307 1359 517 1410 ἑαυτῶν
556 1356 699 1427 ζωῆς
737 1360 812 1428 τῷ
850 1360 967 1429 Θεῷ
1010 1360 1410 1431 ἀποτέμωνται,
1456 1363 1548 1414 καί
1590 1362 1747 1414 τοῦτο

184 1448 338 1517 φόϐῳ
375 1448 483 1500 τῶν
516 1449 607 1501 ἐπὶ
636 1452 701 1520 τῇ
747 1451 1050 1520 παραϐάσει
1101 1450 1338 1503 εὐθυνῶν
1372 1452 1465 1503 καὶ
1497 1453 1748 1521 ἐπιτιμή-

188 1556 325 1592 σεων
346 1558 360 1572 ο
398 1542 610 1607 Ama/rp
642 1542 748 1609 γὰρ
775 1542 953 1608 νόμος
975 1544 1045 1594 οὐ
1073 1540 1277 1605 κεῖται,
1300 1541 1457 1595 ἀλλὰ
1495 1542 1699 1609 ἀδίκῳ.

198 1630 353 1681 Ἐπεὶ
386 1631 601 1698 πρῶτος
649 1631 887 1699 Μωῦσῆς
935 1632 1334 1701 τεσσαράκοντα
1360 1632 1600 1703 ἡμερῶν,
1656 1632 1750 1684 καὶ

1839 545 2065 615 psalmis
2088 554 2141 599 et
2174 544 2389 615 hymnis
2428 555 2483 599 et
2525 547 2758 601 canticis
2811 548 3205 615 spiritualibus,
3256 548 3395 603 divi-

1840 651 2144 705 narumque
2169 635 2579 702 Scripturarum
2610 636 2845 692 lectione
2885 647 3058 692 totum
3089 640 3395 707 expenden-

1842 735 1942 789 tes,
1984 735 2146 796 atque
2177 726 2229 778 iu
2285 725 2393 779 Deo
2443 726 2912 795 conquiescentes.
2964 727 3123 791 Nam,
3173 728 3394 797 quando

1838 815 1920 869 lex
1955 830 2060 869 non
2091 824 2234 876 erat,
2274 831 2372 869 nec
2399 816 2683 884 Scriptura
2723 816 2987 873 divinitus
3020 818 3303 886 inspirata.
3330 834 3395 871 ne

1842 905 2137 963 Salrhatum
2186 907 2407 978 quidem
2442 905 2549 960 Deo
2582 917 2962 961 consecratum
2992 916 3126 963 eral.
3159 908 3221 961 At
3250 920 3397 976 post-

1841 1014 2001 1067 quam
2036 996 2320 1068 Scriptura
2350 999 2533 1052 divina
2563 1014 2656 1067 per
2689 998 2905 1069 Moysen
2950 999 3073 1052 data
3104 1007 3206 1061 est,
3258 999 3397 1051 Sab-

1842 1086 2025 1140 batum
2055 1103 2276 1157 quoque
2304 1086 2412 1141 Deo
2452 1087 2691 1163 dicatum
2731 1086 2854 1150 fuit,
2900 1099 2956 1140 ut
3004 1088 3123 1155 ejus
3171 1085 3394 1139 medita-

1847 1179 1981 1232 tioni
2034 1188 2312 1237 vacarent.
2357 1180 2447 1247 qui
2513 1188 2682 1231 totum
2734 1179 2858 1232 vitae
2909 1189 3120 1247 tempus
3154 1176 3259 1232 Deo
3292 1192 3395 1229 non

1850 1270 2188 1338 impendunt,
2234 1286 2330 1324 nec
2361 1270 2588 1322 Domino
2623 1280 2879 1337 tanquam
2921 1270 3058 1338 patri
3104 1277 3219 1321 toto
3255 1268 3387 1321 desi-

1849 1358 1999 1413 derio
2033 1361 2313 1413 serviunt:
2351 1359 2445 1413 sed
2486 1360 2633 1413 velut
2684 1360 2880 1430 ingrati
2938 1361 3079 1413 servi
3108 1399 3123 1422 ,
3180 1373 3396 1426 parvam

1850 1452 2044 1506 saltem
2075 1465 2136 1505 ac
2171 1452 2519 1522 perexiguam
2573 1454 2695 1506 vitae
2727 1453 3045 1522 particulam
3087 1452 3160 1504 illi
3201 1451 3400 1520 imper-

1848 1543 2031 1605 tirent,
2182 1541 2347 1610 idque
2502 1558 2783 1612 pmnarnm
2832 1554 2883 1596 et
2932 1543 3397 1613 objurgationum.

1849 1648 1967 1702 quae
1997 1632 2436 1697 pitevarir-atorns
2461 1645 2701 1697 manent,
2736 1636 2963 1687 timore:
3004 1633 3123 1687 Non
3150 1634 3284 1685 enim
3319 1635 3401 1685 (ea:

186 1716 347 1783 αὖθις
376 1722 581 1792 ἐτέρων
602 1722 1008 1792 τεσσαράκοντα
1039 1722 1260 1792 νηστείᾳ
1348 1721 1748 1792 προσεδρεύσας

1869 1740 1983 1783 usto
2010 1729 2184 1795 posita
2214 1739 2313 1791 est,
2346 1728 2437 1782 sed
2460 1727 2655 1796 injusto
2705 1728 2742 1780 ί.
2768 1727 3107 1795 Argumcnto
3130 1731 3234 1787 est,
3266 1722 3412 1791 quod

175 1812 254 1878 τῷ
282 1813 428 1883 θεῷ,
458 1815 674 1877 πάντως
700 1816 792 1869 καὶ
822 1818 931 1877 τοῖς
960 1816 1199 1868 Σάϐϐασι
1228 1815 1314 1868 διὰ
1347 1816 1597 1884 νηστείας
1626 1815 1751 1868 ἑκά.

176 1920 274 1954 κου
309 1904 529 1968 ἑαυτὸν,
566 1906 658 1959 τοῦ
691 1907 855 1977 νόμου
887 1906 959 1978 μὴ
1001 1907 1202 1960 κακοῦν
1234 1908 1458 1983 ἑαυτοὺς
1488 1909 1543 1960 ὲν
1578 1910 1640 1977 τῇ
1665 1905 1756 1960 τοῦ

177 1995 468 2049 Σαϐϐἁτου
505 1997 686 2069 ἡμέρᾳ
742 2000 1200 2070 προστάσσοντος.
1254 2000 1316 2051 El
1362 1999 1416 2051 δὲ
1450 2001 1625 2067 φαῖεν,
1674 1999 1755 2051 δτι

177 2084 285 2151 πρὸ
318 2084 416 2136 τοῦ
442 2086 605 2156 νόμου
640 2089 909 2150 τούτου,τί
946 2090 1177 2159 φήσουσι
1211 2088 1339 2157 περὶ
1370 2089 1465 2141 τοῦ
1497 2089 1756 2141 Θεσϐίτου

190 2175 399 2239 Ἠλιοῦ,
463 2179 874 2248 τεσσαράκοντα
922 2179 1146 2251 ἡμερῶν
1200 2179 1317 2233 ὁδὸν
1370 2179 1665 2242 ἀνύσαντος
1702 2182 1761 2234 ἐν

181 2264 387 2337 βρώσει
427 2270 558 2339 μιᾷ;
592 2265 759 2333 υῦτος
796 2272 905 2343 γὰρ
932 2271 993 2324 ού
1050 2271 1207 2343 μόνον
1236 2272 1323 2325 διὰ
1348 2274 1445 2343 τῆς
1489 2274 1759 2343 νηστείας,

180 2358 315 2411 ἀλλὰ
350 2360 451 2413 καὶ
484 2360 572 2415 διὰ
628 2362 727 2431 τῆς
777 2362 1083 2433 ὁδοιπορίας
1133 2365 1190 2416 ὲν
1237 2367 1349 2427 τοῖς
1388 2365 1629 2419 Σάϐϐασι
1657 2364 1764 2418 τῶν

184 2452 599 2523 τεσσαράκοντα
655 2453 882 2526 ἡμερῶν
935 2456 1128 2509 ἑαυτὸν
1178 2454 1456 2519 κακώσας,
1508 2456 1664 2508 ἔλυσε
1701 2455 1763 2508 τὸ

184 2541 474 2595 Σάϐϐατον
500 2558 513 2572 ο
548 2544 644 2596 καὶ
674 2545 773 2596 ούκ
827 2545 1076 2616 ὠργίσθη
1128 2547 1304 2617 τούτῳ
1336 2549 1363 2600 ὁ
1415 2548 1566 2611 Θεὸς,
1596 2548 1625 2599 ὁ
1671 2546 1763 2600 τὸν

178 2641 346 2710 νόμον
406 2641 677 2707 δεδωκὼς,
740 2644 875 2697 ἀλλὰ
923 2645 1016 2698 καὶ
1068 2644 1143 2706 ὼς
1193 2645 1392 2716 ἀρετῆς
1427 2642 1679 2705 ἔπαθλον,
1708 2645 1764 2698 ὲν

1847 1820 2055 1889 primus
2109 1821 2225 1889 ipse
2266 1819 2478 1891 Moyses
2526 1828 2669 1873 totos
2703 1817 3070 1887 quadraginta
3120 1816 3256 1877 dies,
3292 1830 3415 1867 rur-

1847 1926 2079 1980 sumque
2141 1911 2366 1965 totidem
2434 1911 2576 1966 alios
2622 1910 2844 1979 jejunus
2898 1908 3164 1962 assistens
3209 1905 3319 1959 Deo
3372 1906 3414 1968 ⁸,

1850 2004 2043 2074 procul
2083 2004 2252 2059 dubio
2282 1994 2417 2072 ipsis
2447 2018 2663 2073 quoque
2698 2000 2955 2056 Sahbatis
2994 2015 3115 2055 sese
3170 2012 3418 2051 macera-

1853 2097 1962 2157 hat.
1986 2109 2113 2149 cum
2148 2106 2328 2149 tamen
2365 2094 2448 2148 lex
2480 2095 2719 2163 juberet,
2752 2108 2821 2147 ne
2862 2092 2989 2161 quis
3041 2106 3100 2145 se
3151 2090 3239 2144 die
3284 2088 3422 2141 Sab-

1853 2187 1961 2241 hati
1990 2185 2271 2257 amigeret.
2309 2186 2463 2252 Quod
2487 2186 2532 2241 si
2564 2187 2668 2241 hoc
2722 2195 2849 2239 ante
2883 2184 3065 2237 datam
3120 2181 3291 2252 legem
3331 2195 3423 2248 ge-

1854 2287 1999 2335 stum
2034 2278 2208 2335 fuisse
2234 2279 2412 2340 aiunt.
2440 2280 2572 2349 quid
2607 2280 2672 2334 de
2709 2278 2822 2333 Elia
2871 2276 3131 2329 Thesbite
3176 2280 3306 2330 sunt
3340 2272 3425 2325 di-

1855 2372 2020 2436 cturi,
2050 2372 2142 2442 qui
2170 2372 2535 2441 quadraginta
2560 2372 2772 2426 dierum
2809 2369 2930 2435 iter,
2959 2367 3126 2422 semel
3156 2366 3427 2420 duntaxat

1858 2471 2075 2532 sumpto
2107 2463 2231 2518 cibo
2264 2462 2502 2517 coniecit
2550 2461 2614 2515 ’?
2647 2461 2860 2516 Etenim
2901 2461 3017 2529 ipse
3070 2472 3178 2511 non
3213 2456 3428 2525 jejunio

1859 2554 2062 2617 solum,
2096 2553 2191 2609 sed
2227 2556 2391 2610 etiam
2447 2555 2664 2617 itinere,
2714 2554 2766 2607 in
2821 2554 3012 2606 horum
3070 2549 3430 2619 quadraginta

1859 2643 2071 2701 dierum
2111 2644 2356 2700 sabbatis
2403 2660 2523 2699 sese
2557 2645 2824 2712 allligeus,
2878 2642 3176 2696 Sabbatum
3213 2640 3372 2695 solvit
3411 2653 3427 2693 :

184 2732 392 2803 Χωρὴϐ
429 2734 618 2787 ἑαυτὸν
646 2736 949 2803 ἐνεφάνισε.
984 2738 1048 2788 Τί
1078 2736 1133 2788 δὲ
1175 2736 1302 2806 περὶ
1334 2735 1530 2807 Δανιὴλ
1560 2735 1759 2804 φήσου-

1862 2748 2040 2803 neque
2086 2744 2370 2804 propterea
2408 2734 2551 2790 Deus
2596 2736 2689 2804 qui
2723 2735 2893 2802 legem
2941 2733 3167 2794 tulerat,
3202 2731 3250 2785 ei
3302 2745 3434 2783 suc-

186 2840 302 2890 σιν;
344 2824 485 2894 Οὐχὶ
520 2827 668 2896 τρεῖς
702 2826 1001 2895 ἑϐδομάδας
1025 2826 1324 2880 διετέλεσεν
1355 2827 1575 2890 ἄσιτοςς
1618 2826 1681 2878 Τί
1710 2824 1759 2878 δὲ

1862 2826 2118 2888 censuit;
2152 2828 2281 2897 quin
2326 2827 2506 2896 porius
2537 2827 2590 2879 iu
2625 2826 2849 2880 virtutis
2898 2824 3203 2893 prmmium,
3260 2822 3336 2875 illi
3376 2837 3436 2877 se

186 2917 293 2980 πᾶς
331 2917 575 2987 Ἰσραὴλ,
608 2919 667 2970 οὐ
699 2918 1018 2989 περιτέμνει
1050 2922 1108 2972 τὸ
1143 2918 1355 2975 παιδίον
1379 2920 1434 2970 ἐν
1466 2918 1759 2987 Σαϐϐάτῳ,

1866 2915 1918 2969 in
1952 2914 2134 2969 lloreb
2186 2905 2649 2984 conspiciendum
2693 2913 2944 2982 praebuit.
2983 2911 3124 2978 Quid
3179 2912 3305 2966 item
3369 2910 3437 2966 de

186 3010 233 3063 el
255 3008 415 3080 τύχοι
442 3009 826 3079 ὀκταήμερονς
871 3011 1005 3079 Οὐχὶ
1043 3010 1097 3061 δὲ
1145 3011 1240 3063 καὶ
1269 3009 1365 3079 τὴν
1396 3009 1634 3079 μεγάλην
1668 3026 1759 3079 νη-

1867 3005 2089 3061 Daniele
2125 3006 2355 3060 dicent?
2389 3006 2583 3058 Annon
2619 3013 2731 3059 tres
2772 3002 3141 3058 hebdomadas
3192 3002 3437 3070 integras

188 3096 402 3159 στείαν,
431 3098 498 3167 ἦν
523 3098 994 3167 νενομοθέτηνται,
1022 3097 1069 3149 εί
1106 3099 1162 3148 ὲν
1192 3097 1454 3166 Σαϐϐάτῳ
1495 3099 1759 3167 καταντή-

1862 3095 2084 3166 jejunus
2113 3098 2224 3165 egit
2270 3096 2289 3126 δ
2314 3097 2336 3148 ‘l
2365 3094 2506 3160 Quid
2541 3096 2712 3150 vero?
2737 3093 2993 3163 Nunquid
3029 3108 3137 3147 non
3180 3092 3438 3150 lsraclitae

190 3202 300 3245 σοι,
403 3186 723 3257 νηστεύουσι
745 3204 759 3251 ;
783 3188 917 3258 Ούχὶ
945 3187 999 3240 δὲ
1031 3189 1123 3240 καὶ
1143 3190 1191 3240 οἱ
1224 3189 1388 3256 ἱερεῖς
1420 3188 1513 3240 καὶ
1540 3188 1587 3239 οἱ
1611 3185 1768 3240 Λευῖ-

189 3293 276 3331 ται
310 3279 374 3329 ὲν
407 3281 521 3345 τοῖς
562 3279 658 3348 τῆς
692 3280 892 3348 σκηνῆς
926 3278 1106 3350 ἔργοις
1157 3279 1443 3349 βεϐηλοῦσι
1466 3280 1524 3332 τὸ
1553 3279 1768 3332 Σάϐϐα-

188 3382 294 3430 τον,
321 3367 423 3419 καὶ
461 3356 862 3420 ἁναίτιοίίείσιν
888 3386 903 3432 ;
942 3368 1103 3420 Ἀλλὰ
1124 3369 1216 3421 καὶ
1246 3370 1440 3437 κτῆνος
1477 3368 1541 3421 ἂν
1566 3370 1644 3432 είς
1675 3368 1766 3437 βόε

191 3453 314 3524 θρον
344 3456 583 3523 ἐμπέσοι
608 3457 665 3507 ὲν
706 3456 990 3526 Σαϐϐάτῳ,
1038 3459 1066 3509 ὁ
1096 3456 1195 3527 μὲν
1242 3456 1580 3518 ἀνασπάσας,
1614 3455 1767 3509 ἀναί-

190 3562 322 3606 τιος,
379 3548 409 3598 ὁ
457 3546 513 3598 δὲ
554 3546 835 3616 παριδὼν,
940 3547 1290 3620 κατάκριτος.
1321 3547 1385 3599 Τί
1429 3547 1484 3599 δὲ
1516 3548 1619 3609 πᾶς
1663 3547 1765 3598 Ἰσ-

195 3634 349 3703 ραὴλ,
378 3634 502 3705 οὐχὶ
548 3635 688 3688 έπτᾶ
719 3636 925 3708 ἡμέρας
952 3637 1048 3707 τὴν
1075 3635 1166 3689 τοῦ
1199 3634 1330 3689 Θεοῦ
1356 3635 1584 3688 κιϐωτὸν
1612 3652 1768 3704 περι-

192 3723 475 3790 φέροντες,
506 3726 573 3778 τὰ
608 3723 990 3794 Ἱεριχούντινα
1062 3725 1216 3795 τείχη
1248 3722 1565 3796 περιῄεσαν,
1600 3725 1655 3776 ὲν
1680 3716 1766 3788 αἷς

193 3813 411 3875 πάντως
439 3810 507 3885 ἦν
528 3816 619 3869 καὶ
640 3818 699 3869 τὸ
722 3816 1032 3881 Σάϐϐατονς

1866 3202 2057 3242 omnes
2092 3186 2354 3242 infantem
2388 3186 2631 3241 Sabbato
2660 3183 3084 3246 circumcidunt,
3121 3183 3167 3239 si
3212 3182 3436 3252 quidem

1869 3284 2001 3332 tunc
2029 3286 2281 3331 octavum
2319 3278 2442 3331 vitm
2489 3276 2633 3341 diem
2680 3275 2926 3343 attigerit
2970 3274 3033 3326 'l
3080 3273 3276 3329 Nonne
3316 3288 3437 3333 ma-

1866 3383 2032 3439 gnum
2061 3369 2193 3423 illud
2222 3370 2517 3438 jejunium,
2550 3368 2699 3438 quod
2731 3369 2845 3437 lege
2885 3368 3265 3437 prtescriptum
3316 3374 3436 3430 est,

1870 3460 1917 3521 si
1953 3460 2006 3514 in
2038 3461 2277 3518 Sabhato
2301 3463 2632 3527 occurrerit,
2658 3462 2866 3518 obeunt
2916 3460 2978 3513 ⁸2
3015 3460 3213 3515 Annon
3251 3457 3438 3511 itidem

1871 3552 2194 3613 sacerdotes
2223 3564 2276 3609 et
2310 3553 2513 3613 Levitae
2540 3554 2592 3607 in
2626 3551 2964 3607 tabernaculi
3010 3550 3193 3619 operis
3232 3547 3442 3602 Subba-

1871 3649 1987 3699 tum
2020 3644 2244 3708 violant,
2277 3660 2377 3699 nec
2401 3645 2470 3699 ob
2501 3645 2552 3698 id
2608 3644 2661 3698 in
2705 3643 2867 3710 culpa
2916 3648 3047 3696 sunt
3098 3638 3155 3684 τν
3183 3636 3351 3702 Quin,
3393 3636 3443 3689 si

1870 3730 2179 3802 inruentum
2212 3736 2301 3789 die
2342 3735 2566 3790 Sabhati
2601 3734 2656 3788 in
2704 3732 2914 3787 foveam
2962 3730 3288 3801 prolabitur,
3347 3724 3442 3794 qui

1879 3822 2011 3887 illud
2032 3821 2349 3893 extraxerit,
2367 3819 2617 3873 criminis
2630 3828 2715 3873 est
2744 3819 2931 3872 insons
2955 3861 2968 3883 ,
3011 3835 3138 3873 reus
3169 3835 3317 3883 vero,
3339 3820 3431 3890 qui

215 3911 320 3969 hoc
376 3914 559 3971 facere
616 3919 936 3990 neglexerit.
967 3916 1104 3972 Num
1148 3918 1329 3972 cuncti
1383 3916 1641 3977 Israelita;
1686 3930 1781 3984 per
1811 3912 2119 3986 septiduum
2141 3928 2328 3985 arcam
2371 3911 2461 3965 Dei
2511 3910 3181 3975 ferentesﬂerichuntina
3228 3912 3437 3968 mmnia

210 4024 316 4062 non
334 4010 623 4075 circuiere,
638 4010 785 4065 inter
796 4027 933 4080 quos
950 4011 1065 4066 dics
1100 4012 1253 4079 plane
1269 4011 1561 4067 Sabbatum
1577 4019 1694 4065 erat
1709 4008 1765 4061 πῖ

273 4108 363 4169 Ὠς
400 4103 491 4159 οὖν
512 4108 666 4176 ἔπν,
694 4107 886 4177 σχολῆς
910 4107 1070 4159 ἕνεκα
1100 4106 1195 4174 τῆς
1220 4104 1354 4173 πρὸς
1378 4103 1530 4167 Θεὸν,
1555 4103 1641 4153 ἵνα
1665 4101 1759 4155 κᾶν

1862 4128 1863 4135 η
1955 4103 2165 4171 Itaque,
2231 4099 2684 4171 quemadmodum
2713 4099 2842 4164 dixi,
2880 4108 2935 4154 ut
2968 4100 3079 4155 Deo
3113 4111 3434 4168 vacaretur,

200 4197 575 4266 σμικροτάτην
605 4196 913 4265 ἀπόμοιραν
938 4192 1085 4262 αύτῷ
1125 4192 1438 4260 ἀπονέμωσι
1461 4230 1476 4254 ,
1512 4190 1607 4243 καὶ
1635 4190 1771 4242 ἁνα-

201 4287 543 4351 παύσωνται,
569 4286 596 4337 ὃ
617 4302 676 4337 τε
702 4284 885 4347 δοῦλος
916 4285 1009 4339 καὶ
1038 4283 1099 4337 τὸ
1121 4281 1433 4350 ὑποζύγιον,
1464 4282 1497 4349 ἡ
1522 4279 1613 4331 τοῦ
1641 4278 1772 4331 Σαϐ-

204 4374 369 4428 ϐἀτου
394 4375 625 4445 τήρησις
658 4374 993 4444 ἐπινενόητο,
1025 4375 1137 4435 τοῖς
1164 4372 1377 4442 νηπίοις
1409 4370 1509 4435 ἔτι,
1540 4370 1636 4423 κα)⁸
1669 4366 1773 4421 ὑπὸ

201 4466 265 4519 τὰ
300 4469 544 4535 στοιχεῖα
578 4465 672 4517 τοῦ
708 4466 913 4534 κόσμου
941 4464 1377 4533 δεδουλωμένοις,
1435 4462 1545 4525 τοῖς
1580 4476 1768 4529 σαρκι-

204 4558 335 4617 κοῖς,
376 4556 472 4607 καὶ
516 4554 682 4624 μηδὲν
730 4553 868 4621 ὑπὲρ
895 4553 953 4605 τὸ
990 4552 1166 4623 σῶμα,
1199 4551 1291 4605 καὶ
1323 4550 1380 4602 τὸ
1421 4550 1654 4619 γράμμα
1685 4550 1772 4600 ὲν-

204 4644 398 4713 νοῆσαι
424 4643 762 4713 δυναμένοις.
795 4643 933 4695 Ὅτε
970 4642 1037 4695 δὲ
1061 4638 1205 4711 ἦλθε
1245 4640 1311 4693 τὸ
1353 4639 1640 4707 πλήρωμα
1669 4636 1773 4690 τοῦ

207 4740 451 4806 χρόνου.
475 4735 902 4800 ἐξαπέστειλεν
929 4737 959 4788 d
991 4735 1134 4803 Θεὸς
1162 4733 1269 4785 τὸν
1297 4732 1432 4785 Υὶὸν
1460 4730 1643 4784 αὑτοῦ
1675 4730 1776 4782 τὸν

205 4825 524 4896 μονογενῆ,
560 4829 884 4899 γενόμενον
910 4828 977 4880 ἐκ
1009 4825 1296 4897 γυναικὸς
1322 4823 1653 4890 ἄνθρωπον,
1680 4836 1775 4888 γε·-

200 4909 465 4987 ’νόμενον
489 4918 606 4973 ὑπὸ
650 4918 855 4985 νόμον,
899 4917 999 4969 ἵνα
1029 4915 1169 4981 τοὺς
1208 4913 1325 4968 ὑπὸ
1362 4913 1549 4981 νόμον
1571 4912 1777 4979 ἐξαγο-

204 5008 391 5075 ράσῃ,
431 5007 532 5061 ἵνα
566 5006 679 5073 τὴν
706 5007 1013 5060 υἱοθεσίαν
1035 5004 1445 5071 ἀπολάϐωμεν.
1486 5005 1640 5055 Ὅσοι
1670 5001 1779 5071 γὰρ

213 5098 478 5165 ἐλάϐομεν
523 5097 684 5148 αὑτὸν
705 5140 720 5164 ,
767 5096 966 5151 ἔδωκεν
995 5097 1126 5164 ἡμῖν
1173 5092 1418 5157 ἐξουσίαν
1448 5091 1612 5144 τέκνα
1644 5089 1777 5143 Θεοῦ

215 5187 485 5255 γενέσθαι,
523 5190 636 5249 τοῖς
683 5186 1025 5238 πιστεύουσιν
1079 5185 1158 5246 είς
1200 5184 1392 5236 αὐτόν’
1432 5174 1569 5235 ὥστε
1596 5179 1778 5233 οὐκέτι

216 5281 381 5344 ἐσμὲν
411 5279 606 5343 δοῦλοι,
636 5279 750 5332 ἀλλ’
776 5279 881 5331 υίοί
902 5294 914 5306 ·
945 5278 1131 5330 οὐκέτι
1160 5276 1266 5330 ὑπὸ
1310 5275 1495 5344 νόμον,
1533 5273 1646 5327 ἀλλ’
1677 5272 1780 5326 ὑπὸ

294 5521 311 5596 _‘
340 5521 616 5596 lTimnth.
643 5542 680 5588 ι,
703 5524 755 5580 9.
831 5530 850 5560 ³
882 5528 1053 5583 Exod.
1090 5546 1233 5593 xxrv.
1271 5533 1335 5588 18
1365 5550 1377 5596 ;
1428 5550 1607 5590 xxxiv.
1662 5537 1753 5592 28.

230 5587 445 5680 abierit:
474 5609 634 5680 artu:
666 5581 756 5653 9.7.
831 5598 852 5629 '
887 5581 1380 5669 ίίέιιιίάζῖέιίίεζ
1799 5581 1955 5680 seqq:
2016 5581 2428 5678 leitfr'.7v,'s.
2507 5581 2824 5675 ﬁliifilii,
2842 5610 2893 5664 5.

231 5656 271 5687 "
290 5659 460 5714 Galat.
492 5678 572 5727 iv,
598 5664 652 5721 7.

414 5755 686 5821 Puaoe.
711 5760 837 5821 Gtt.
874 5762 1127 5823 CXXX.

1890 4194 2045 4248 etvel
2080 4192 2299 4246 minima
2336 4193 2525 4245 saltem
2554 4193 2674 4243 vita:
2703 4193 2964 4259 particula
3002 4192 3051 4245 ei
3089 4195 3436 4255 tribueretur.

1884 4300 1985 4341 nec
2032 4300 2141 4339 non
2185 4293 2243 4336 ut
2286 4298 2476 4337 servus
2528 4284 2945 4351 jumentumque
3008 4286 3435 4352 requiescerent.

1882 4374 2103 4429 Sabbati
2150 4373 2454 4426 observatio
2500 4374 2751 4427 consulto
2785 4376 2992 4428 invecta
3046 4375 3153 4429 illis
3188 4375 3310 4435 fuit.
3343 4376 3437 4443 qui

1880 4480 2005 4517 cum
2062 4465 2273 4533 parvuli
2341 4463 2519 4518 adhuc
2599 4473 2655 4516 et
2722 4465 2970 4519 carnales
3050 4475 3254 4529 essent,
3333 4469 3436 4519 sub

1881 4555 2117 4608 element
2142 4570 2164 4607 s
2198 4553 2381 4606 mundi
2411 4557 2705 4607 servientes
2726 4556 2745 4585 ’
2773 4554 2931 4617 ,nihil
2978 4570 3139 4623 supra
3161 4572 3357 4623 corpus
3378 4573 3392 4608 ι
3412 4565 3433 4608 t

1882 4642 2116 4696 litteram
2201 4642 2445 4695 valerent
2522 4643 2779 4710 cogitare.
2857 4643 2987 4697 Cum
3065 4654 3242 4697 autem
3301 4648 3443 4698 venit

1888 4731 2159 4801 plenitudo
2193 4735 2460 4801 temporis,
2493 4735 2630 4786 misit
2668 4733 2801 4787 Deus
2835 4732 3034 4786 Filium
3063 4750 3217 4789 suum
3253 4737 3441 4803 unige-

1884 4824 2087 4885 nitum,
2182 4824 2452 4878 hominem
2525 4825 2724 4892 factum
2795 4843 2858 4881 ex
2924 4825 3162 4890 muliere,
3239 4827 3437 4894 factum

1882 4913 1975 4965 sub
2051 4912 2180 4982 lege,
2234 4923 2289 4965 ut
2325 4929 2408 4966 eos
2467 4916 2558 4979 qui
2608 4916 2699 4966 sub
2752 4914 2860 4983 lege
2891 4922 3043 4966 erant
3108 4914 3437 4977 redimeret;

1884 5012 1940 5055 ut
2002 5007 2333 5073 adoptionem
2382 5004 2611 5071 ﬁliorum
2667 5006 3105 5074 reciperentur“.
3161 5006 3439 5073 Quotquot

1884 5095 2031 5153 enim
2101 5098 2409 5165 recepimus
2475 5112 2625 5161 eum,
2705 5098 2857 5153 dedit
2908 5098 3069 5155 nobis
3118 5107 3436 5167 potestatem

1885 5187 2023 5240 ﬁlios
2114 5186 2204 5241 Dei
2296 5188 2511 5254 lleri“,
2571 5191 2666 5258 qui
2753 5191 2808 5245 in
2879 5191 3057 5259 ipsum
3137 5189 3434 5245 credimus.

1882 5277 2059 5344 Quare
2089 5294 2196 5333 non
2252 5282 2360 5350 jam
2403 5296 2591 5336 sumus
2629 5285 2795 5347 servi,
2850 5284 2946 5339 sed
3002 5282 3164 5339 liberi
3190 5283 3266 5333 ης
3323 5296 3434 5335 non

1842 5539 1861 5569 ³
1892 5541 1955 5593 Ill
2014 5542 2141 5604 Reg.
2188 5558 2297 5604 xix,
2330 5542 2382 5595 8.
2485 5542 2505 5573 ⁸
2534 5545 2664 5595 Dan.
2698 5559 2746 5602 χ.
2772 5544 2824 5595 2.
2916 5544 2935 5574 ⁸
2964 5540 3138 5594 Levit.
3195 5558 3305 5597 χιιι
3330 5585 3342 5604 .
3371 5546 3425 5601 3.

3000 5611 3039 5642 ⁸⁸
3064 5610 3219 5665 Joan.
3266 5628 3302 5679 ι,
3340 5616 3429 5670 12.

2935 5773 3003 5830 10
