3954 6556
456 378 565 440 299

444 487 549 551 iam
587 482 689 536 sub
726 481 862 548 lege,
909 476 1000 531 sed
1036 475 1138 529 sub
1168 473 1343 544 gratia
1383 490 1395 525 :

448 575 623 627 solum
657 584 765 639 pra:
790 576 932 620 metu
971 564 1203 617 Domino
1232 562 1506 617 servimus
1536 578 1550 625 ;
1599 558 1692 612 sed
1726 555 1792 609 ad
1838 566 2009 609 totum

444 673 661 732 tempus
694 660 742 713 ei
779 655 1213 713 consecrandum
1260 668 1452 707 sumus
1499 648 1745 720 obligati,
1783 649 1918 701 adeo
1957 652 2013 700 ut

447 769 606 809 servo
644 752 745 815 illi,
771 751 884 812 irm,
928 749 1175 816 inquam,
1217 754 1271 798 et
1307 742 1619 812 cupiditati,
1652 740 1938 810 quiescere
1984 750 2014 789 a

451 851 697 913 peccato,
732 839 950 908 Deoque
984 836 1240 891 feriatum
1274 849 1395 889 esse
1439 832 1780 901 iubeamus;
1836 837 2017 882 erecta

449 933 670 1003 quidem
714 939 983 1002 perpetuo
1012 941 1212 981 versus
1243 924 1412 978 Deum
1444 922 1771 992 cupiditate,
1810 929 2016 972 armata

451 1040 581 1079 vero
628 1030 819 1078 contra
865 1020 955 1074 Dei
1007 1020 1193 1072 hostes
1242 1015 1521 1070 iracundia
1555 1033 1567 1067 :
1603 1027 1665 1065 ac
1713 1011 2022 1082 iumentum

455 1117 606 1176 item,
632 1128 833 1183 corpus
857 1112 1137 1177 nimirum,
1160 1122 1185 1159 a
1216 1106 1428 1176 peccati
1458 1103 1723 1159 servitute
1756 1101 1883 1155 dato
1909 1099 2023 1153 otio

1674 368 2055 429 EU'l'llYMll
2118 368 2475 428 ZZGABENI

1448 485 1552 524 non
1588 470 1699 539 jam
1727 485 1791 523 ex
1849 477 2010 537 parte

2148 464 2328 535 (ἀριψ
2381 466 2563 517 οὐκέτι
2623 465 2863 535 μερικῶς
2898 466 2976 536 τῷ
3020 468 3210 539 Κυρίῳ
3259 469 3609 533 δουλεύυντες
3660 476 3724 526 ἐκ

3599 359 3711 424 300

2136 558 2323 627 φόϐου,
2354 558 2486 611 ἀλλά
2518 559 2693 612 πάντα
2718 560 2807 612 τὸν
2836 560 3028 631 χρόνον
3056 564 3155 631 τῆς
3204 562 3348 630 ζωῆς
3391 563 3543 631 αὑτῷ
3589 566 3723 617 ἀνα·

2132 651 2337 705 τιθέναι
2354 650 2677 718 ὀφείλοντες,
2703 652 2792 704 καὶ
2816 652 2903 705 ἀεὶ
2930 652 3020 705 τὸν
3049 652 3252 719 δοῦλον,
3275 655 3365 707 τὸν
3382 655 3557 725 θυμὸν
3575 655 3725 723 λέγω

2132 742 2228 795 καὶ
2259 742 2359 812 τὴν
2401 741 2718 811 ἐπιθυμίαν,
2756 743 2864 795 ἀπὸ
2912 747 3011 814 τῆς
3051 744 3325 815 ἁμαρτίας
3374 746 3728 798 καταπαύον-

2131 850 2241 894 τες,
2272 832 2363 887 καὶ
2401 832 2476 903 τῷ
2512 833 2627 900 Θεῷ
2668 834 2951 903 σχολάζειν
3006 836 3424 906 ἐπιτρέποντες·
3457 837 3561 909 τὴν
3615 840 3726 908 μὲν

2129 921 2424 989 ἐπιθυμίαν
2456 921 2672 975 ἃπασαν
2700 923 2785 974 ἀεὶ
2814 924 2949 992 πρὸς
2972 923 3103 976 Θεὸν
3128 925 3518 990 ἀνατείνοντες,
3544 925 3638 977 τὸν
3664 926 3724 979 δὲ

2126 1011 2300 1082 θυμὸν
2334 1012 2476 1065 κατὰ
2499 1012 2606 1064 τῶν
2640 1013 2732 1066 τοῦ
2780 1013 2911 1065 Θεοῦ
2939 1014 3219 1083 δυσμενῶν
3250 1014 3683 1079 καθοπλίζοντες
3704 1031 3720 1045 ·

2126 1105 2219 1158 καὶ
2268 1104 2329 1157 τὸ
2356 1104 2671 1174 ὑποζύγιον,
2729 1106 2847 1176 ῆτοι
2896 1106 2955 1158 τὸ
2988 1106 3168 1176 σῶμα,
3205 1108 3431 1176 ὁμοίως,
3464 1107 3564 1176 τὴν
3605 1107 3722 1174 μὲν

456 1221 792 1271 recreemus,
826 1215 879 1258 et
916 1202 983 1256 ad
1031 1197 1443 1256 inserviendum
1490 1194 1694 1250 divinis
1737 1191 2029 1263 praeceptis

2148 1197 2369 1250 ἱουλείαν
2394 1197 2492 1266 τῆς
2522 1199 2799 1268 ἁμαρτίας
2833 1198 3235 1264 ἀναπαύοντες,
3272 1204 3392 1262 ταῖς
3440 1200 3497 1252 δὲ
3538 1199 3726 1263 θείαις

458 1298 876 1367 compellamus.

534 1389 658 1443 llaec
685 1396 812 1442 sunt
849 1401 968 1455 qua:
1001 1383 1308 1455 spiritualis
1334 1379 1541 1436 Christi
1567 1379 1652 1433 lex
1698 1375 1859 1431 nobis
1893 1373 2028 1428 indi-

466 1482 561 1546 cit,
605 1496 789 1551 quam,
818 1478 908 1549 qui
944 1475 1284 1534 custodiunt,
1312 1471 1544 1524 Mosaica
1579 1470 1694 1537 lege
1721 1454 2031 1536 superiores

462 1575 764 1628 exsistunt.
790 1571 947 1633 Nam,
991 1584 1053 1621 ex
1088 1582 1196 1635 quo
1234 1564 1381 1617 venit
1419 1560 1563 1631 quod
1599 1559 1896 1629 perfectum
1927 1566 2029 1623 est,

462 1672 791 1718 evamatum
825 1670 908 1715 est
941 1659 1083 1729 quod
1120 1673 1181 1710 ex
1218 1662 1371 1724 parte
1396 1659 1516 1706 erat
1567 1654 1621 1717 ¹;
1652 1664 1713 1703 ac
1740 1649 1915 1703 scisso
1939 1662 2034 1717 per

466 1754 778 1809 Salvatoris
812 1765 1034 1806 crucem
1079 1752 1397 1816 legumento

464 1849 571 1914 gis,
609 1853 913 1913 sanctoque
948 1839 1153 1906 Spiritu
1190 1836 1366 1906 igneis
1408 1832 1607 1903 linguis
1650 1831 2030 1892 illucescente,

466 1940 650 1994 littera
685 1932 979 1997 obsolevit,
1019 1925 1332 1997 corporalia
1378 1927 1691 1985 cessarunt,
1719 1926 1771 1971 et
1814 1917 2031 1987 impleta

465 2032 583 2099 lege
612 2026 917 2086 servitutis,
954 2024 1041 2075 lex
1074 2016 1353 2074 libertatis
1392 2012 1773 2067 nobisdonata
1802 2016 1903 2062 est.
1942 2006 2036 2060 At-

467 2098 575 2191 que
678 2117 979 2188 perfectam
1010 2113 1262 2166 humanm
1288 2116 1505 2162 natura:
1530 2102 1777 2173 requiem
1804 2098 2041 2153 celebra-

470 2189 616 2278 mus,
649 2212 755 2265 hoc
788 2215 875 2263 est
902 2200 1333 2263 resurrectionis
1367 2199 1535 2262 diem,
1559 2195 1614 2249 in
1645 2207 1753 2263 qua
1782 2189 2042 2245 Dominus

468 2304 650 2364 Iesus,
686 2303 812 2357 vita:
843 2308 1035 2354 auctor
1064 2305 1119 2350 et
1154 2294 1428 2353 Salvator,
1473 2303 1575 2343 nos
1604 2286 1669 2339 ad
1715 2282 2041 2353 promissam

473 2397 582 2449 illis
609 2394 702 2465 qui
745 2389 1019 2462 spirituali
1056 2387 1206 2441 cultu
1239 2384 1349 2438 Deo
1372 2380 1643 2442 serviunt,
1670 2373 2043 2429 hereditatem

476 2485 813 2550 introduxit;
838 2484 890 2536 in
918 2495 1078 2552 quam
1106 2479 1363 2532 nimirum
1388 2475 1504 2543 ipse
1530 2481 1838 2541 praecursor
1862 2470 2049 2518 noster

477 2581 764 2649 ingressus
800 2581 906 2637 est,
944 2579 1238 2641 postquam
1268 2583 1296 2621 a
1338 2572 1515 2619 morte
1547 2561 1612 2615 ad
1645 2561 1811 2612 vitam
1860 2554 2047 2618 rediit,

479 2642 834 2725 et‘rcseratis
867 2660 1273 2735 patefactisque
1305 2656 1409 2711 sibi
1454 2653 1577 2708 cceli
1615 2648 1822 2720 jnuuis,
1866 2646 1917 2699 in
1949 2642 2052 2735 Pa:

482 2763 584 2815 tris
618 2760 843 2814 dextera
868 2731 1195 2809 secundum
1248 2760 1451 2816 corpus
1505 2741 1779 2805 consedit,
1828 2750 1938 2805 quo
1971 2731 2051 2788 illi

481 2853 648 2907 etiam
702 2848 794 2920 qui
848 2845 950 2916 legi
995 2842 1236 2914 Spiritus
1285 2851 1492 2893 morem
1539 2838 1758 2904 gerunt,
1792 2827 2053 2893 deinceps

484 2952 613 2999 sunt
641 2938 942 2996 introituri.

754 3023 1022 3088 Quocirca
1064 3019 1130 3073 ad
1181 3032 1326 3081 nos,
1407 3016 1499 3086 qui
1557 3013 1781 3083 spiritu,
1822 3026 1886 3064 ac
1940 3021 2049 3062 non

481 3114 659 3166 littera
689 3110 1021 3174 incedimus,
1050 3110 1231 3162 omnis
1265 3106 1571 3160 carnalium
1602 3118 1783 3157 rerum
1815 3100 2052 3169 abjectio

482 3210 719 3272 spectat,
762 3201 1051 3269 cultusque
1087 3197 1417 3268 spiritualis,
1445 3202 1500 3251 et
1525 3209 1648 3249 cum
1672 3193 1783 3249 Deo
1818 3191 2053 3260 conjun-

482 3294 613 3347 ctio.
667 3291 1032 3345 Circumcisio
1094 3289 1335 3358 quippe,
1408 3300 1689 3355 corporea:
1752 3280 2052 3352 voluptatis

483 3399 780 3451 rerumque
812 3380 1210 3450 superﬂuarum
1245 3393 1309 3432 ac
1341 3377 1570 3432 minimc
1618 3375 2054 3430 necessariarum

484 3483 569 3527 est
592 3472 848 3540 abjectio.
888 3470 1223 3540 Pratputium
1262 3482 1394 3522 vero
1423 3466 1558 3521 nihil
1598 3464 1748 3519 aliud
1794 3473 1901 3525 est,
1939 3461 2051 3516 nisi

486 3562 759 3634 superﬂua
801 3563 946 3618 cutis
981 3563 1213 3616 membri
1245 3561 1394 3616 illius
1427 3562 1481 3614 in
1517 3572 1627 3629 quo
1664 3556 1833 3611 libido
1852 3555 2052 3609 cietur.

485 3657 677 3711 Omnis
708 3670 873 3726 porro
901 3655 1175 3724 voluptas,
1202 3668 1323 3723 quae
1352 3667 1452 3707 nec
1475 3667 1539 3705 ex
1572 3651 1702 3711 Deo,
1730 3662 1829 3703 nec
1855 3647 1911 3701 in
1946 3645 2059 3700 Deo

486 3749 719 3816 rapitur,
746 3748 1042 3816 voluptatis
1064 3754 1148 3799 est
1172 3745 1448 3814 superﬂua
1470 3743 1671 3811 portio,
1691 3740 1853 3810 cujus
1879 3741 2053 3808 ligura

486 3839 809 3911 praeputium
839 3846 969 3891 est:
1028 3837 1332 3890 Sabbatum
1392 3846 1569 3888 autem
1634 3841 1718 3886 est
1764 3830 1984 3900 requies
2026 3842 2057 3882 α

486 3938 740 4001 peccato.
770 3928 1141 3994 Quamobrem
1170 3928 1280 3980 duo
1302 3928 1417 3981 haec
1444 3940 1613 3979 unum
1648 3937 1879 3993 prorsus
1906 3928 2058 3981 sunt,

488 4028 656 4087 atque
690 4021 763 4071 ita
792 4019 956 4071 ambo
988 4017 1171 4078 simul,
1202 4017 1250 4070 si
1283 4016 1354 4070 ab
1384 4015 1449 4068 iis
1502 4014 1594 4083 qui
1639 4013 1836 4082 spiritu
1867 4016 2057 4081 agunt,

2136 1287 2373 1351 ἐντολαῖς
2410 1288 2863 1359 ἑξυπηρετεῖσθαι
2899 1290 3316 1359 προτρέποντες.

2206 1385 2392 1439 Ταῦτα
2431 1388 2458 1439 ὁ
2482 1384 2849 1454 πνευματικὸς
2875 1385 3005 1453 ἡμῖν
3032 1384 3334 1436 ἐντέλλεται
3357 1382 3452 1436 τοῦ
3475 1382 3729 1449 Χριστοῦ

2131 1476 2316 1546 νόμος,
2346 1473 2439 1528 καὶ
2461 1473 2510 1525 οἱ
2535 1472 2720 1525 τοῦτον
2744 1472 3131 1540 φυλάσσοντες,
3154 1469 3445 1539 ὑπέρτεροι
3466 1468 3561 1519 τοῦ
3585 1468 3729 1519 Μω-

2134 1564 2326 1620 σαῖκοῦ
2354 1566 2521 1633 νόμου
2548 1564 2856 1631 γεγόνασιν.
2899 1562 3174 1624 Ἐλθόντος
3211 1560 3319 1630 γὰρ
3350 1559 3445 1612 τοῦ
3477 1559 3722 1617 τελείου,

2131 1656 2191 1709 τὸ
2223 1658 2285 1709 ἑκ
2316 1655 2515 1727 μέρους
2554 1656 2894 1723 κατήργηται
2916 1693 2929 1715 ,
2967 1650 3059 1704 καὶ
3102 1650 3195 1702 τοῦ
3231 1648 3589 1717 καλύμματος
3613 1645 3724 1697 τοῦ

1622 1740 1738 1795 εἶτε
1788 1738 1908 1792 \‘elO
1955 1737 2029 1792 '8'
2067 1743 2108 1798 Β
2135 1748 2320 1817 νόμου,
2348 1747 2465 1817 ἡτοι
2492 1744 2583 1797 τοῦ
2617 1745 3110 1813 καταπετάσματος
3140 1741 3227 1794 διά
3271 1741 3369 1808 τῆς
3397 1740 3491 1794 τοῦ
3525 1738 3726 1805 Σωτῆ-

2139 1854 2228 1908 ρος
2275 1834 2663 1907 διαῤῥαγέντος
2714 1832 3089 1903 σταυρώσεως,
3126 1830 3221 1884 καὶ
3267 1830 3359 1883 τοῦ
3393 1828 3727 1896 Πνεύματος

2134 1927 2384 2000 πυρίναις
2401 1925 2671 1995 γλώσσαις
2691 1922 3086 1993 ἐκλάμψαντος,
3107 1922 3165 1975 τὸ
3180 1922 3412 1990 γράμμα
3432 1922 3729 1989 κατήργηο

2132 2037 2241 2081 ται,
2266 2019 2333 2071 τά
2354 2018 2637 2088 σωματικᾶ
2664 2016 2962 2080 πέπαυται,
2991 2015 3085 2068 καὶ
3109 2016 3248 2085 ὁτῆς
3275 2013 3519 2073 δουλείας
3550 2012 3726 2080 νόμος

2135 2110 2516 2181 πεπλήρωται,
2549 2108 2642 2161 καὶ
2672 2107 2835 2175 νόμος
2881 2104 3196 2175 ἐλευθερίας
3225 2105 3356 2174 ἡμῖν
3388 2103 3719 2171 δεδώρηται..

2136 2201 2243 2254 Καὶ
2277 2200 2606 2271 ἑορτάζομεν
2636 2198 2734 2267 τὴν
2764 2197 2973 2251 τελείαν
3004 2197 3099 2268 τῆς
3122 2196 3471 2267 ἀνθρωπίνης
3502 2194 3727 2260 φύσεως

2139 2294 2483 2346 κατάπαυσιν
2506 2308 2520 2322 ·
2556 2292 2699 2360 φημὶ
2729 2290 2785 2343 δὲ
2820 2290 2919 2353 τὴν
2945 2288 3043 2358 τῆς
3074 2287 3425 2344 ἀναστάσεως
3481 2284 3724 2355 ἡμέραν,

2139 2386 2196 2437 ὲν
2291 2385 2435 2453 ἡμᾶς
2464 2385 2492 2435 ὁ
2518 2382 2720 2452 Κύριος
2763 2380 2990 2450 Ἰησοῦς,
3012 2380 3040 2431 ὁ
3062 2379 3158 2449 τῆς
3181 2376 3327 2446 ζωῆς
3352 2375 3596 2446 ἀρχηγὸς
3621 2374 3726 2425 καὶ

2141 2476 2355 2546 Σωτὴρ,
2392 2478 2471 2537 εἰς
2500 2474 2595 2544 τὴν
2626 2472 3043 2544 ἐπηγγελμένην
3076 2472 3184 2532 τοῖς
3221 2465 3603 2537 πνευματικῶς
3637 2462 3725 2532 τῷ

2142 2567 2262 2637 Θεῷ
2287 2568 2613 2637 λατρεύουσι
2639 2563 2971 2635 κληρουχίαν
3016 2560 3423 2631 είσήγαγεν,είς
3458 2558 3523 2626 ἡν
3553 2556 3724 2619 αὑτὶς

2143 2660 2446 2729 πρόδρομος
2480 2659 2635 2728 ἡμῶν
2671 2656 2938 2726 εἰσῆλθεν,
2975 2654 3213 2716 ἀναστὰς
3249 2653 3313 2704 ὲκ
3351 2649 3584 2720 νεκρῶν.
3620 2648 3723 2701 καὶ

2141 2749 2467 2819 ἀνοιγέντων
2516 2740 2661 2819 αὑτῷ
2684 2749 2795 2801 τῶν
2831 2746 3097 2814 οὐρανίων
3136 2741 3338 2806 πυλῶν,
3364 2744 3420 2794 ἐν
3447 2742 3600 2811 δεξιᾷ
3621 2738 3720 2790 τοῦ

2143 2843 2358 2914 Πατρὸς
2384 2842 2641 2895 κεκάθικε
2684 2837 3030 2911 σωματικῶς,
3060 2837 3188 2891 ἔνθα
3222 2837 3316 2889 καὶ
3344 2838 3393 2888 οἱ
3422 2834 3515 2887 τὸν
3550 2850 3718 2886 πνευσ

2087 2940 2127 2997 C
2146 2932 2374 3005 ματικὸν
2404 2931 2696 3003 τηροῦντες
2721 2930 2883 2998 νόμον
2915 2926 3333 2981 εἰσελεύσονται.

2223 3014 2598 3094 Ἦμτνποίνυν
2629 3023 2741 3084 τοῖς
2772 3019 2847 3089 τῷ
2883 3018 3155 3089 πνεύματι
3198 3014 3497 3085 στοιχοῦσι,
3532 3013 3627 3067 καλ⁵
3655 3012 3720 3065 οὑ

2141 3114 2222 3185 τῷ
2254 3114 2565 3185 γράμματι,
2599 3114 2747 3166 πάσα
2780 3114 2812 3180 ἡ
2849 3110 2958 3163 τῶν
3006 3108 3288 3177 σαρκικῶν
3331 3109 3479 3160 ἐστιν
3518 3105 3724 3159 ἀπόθε-

2147 3224 2252 3270 σις,
2277 3206 2369 3259 καὶ
2401 3206 2434 3275 ἡ
2461 3202 2803 3273 πνευματικὴ
2841 3202 3085 3273 λατρεία,
3116 3202 3209 3255 καὶ
3229 3203 3261 3271 ἡ
3284 3200 3418 3272 πρὸς
3442 3200 3576 3253 Θεὸν
3597 3216 3723 3252 συν-

2146 3292 2633 3364 άφεια.Περιτομὴ
2684 3292 2783 3362 μὲν
2814 3292 2922 3361 γάρ
2974 3295 3121 3345 ἔστιν
3178 3293 3211 3361 ἡ
3260 3292 3357 3360 τῆς
3402 3290 3724 3358 σωματικῆς

2146 3388 2359 3459 ἡδονῆς,
2392 3386 2485 3438 καὶ
2510 3385 2617 3436 τῶν
2648 3384 2939 3453 περιττῶν,
2970 3383 3065 3436 καὶ
3108 3383 3207 3436 οὑκ
3236 3380 3551 3449 ἀναγκαίων
3583 3381 3722 3433 ἀπό-

2147 3479 2316 3541 θεσις.
2360 3474 2717 3545 Ἀκροϐυστία
2748 3474 2858 3545 γάρ
2945 3474 3099 3527 οὐδὲν
3130 3473 3318 3543 ἕτερόν
3363 3474 3537 3530 ἔστιν.
3572 3472 3619 3522 εί
3646 3469 3727 3539 μὴ

2147 3569 2342 3637 δέρμα,
2372 3566 2618 3637 ἡδονικοῦ
2647 3565 2836 3637 μορίου
2885 3565 3226 3635 περίττωμα.
3268 3564 3424 3615 Πᾶσα
3464 3561 3524 3614 δὲ
3561 3560 3726 3629 ἡδονὴ

2152 3662 2228 3728 μὴ
2260 3660 2321 3709 ὲκ
2346 3656 2479 3709 Θεοῦ
2508 3657 2600 3709 καὶ
2624 3658 2680 3708 ὲν
2710 3655 2827 3725 Θεῷ
2859 3652 3119 3724 γινομένη
3165 3652 3491 3723 περίττωμα
3530 3651 3726 3720 ἡδονῆς

2149 3751 2296 3801 ἐστιν
2313 3764 2326 3779 ·
2360 3742 2427 3818 ἦς
2454 3747 2622 3810 τύπος
2646 3748 2678 3817 ἡ
2703 3746 3054 3817 ἀκροϐυστία.
3078 3744 3353 3798 Σάϐϐατον
3376 3742 3454 3802 δὲ,
3480 3744 3513 3810 ἡ
3540 3744 3602 3793 ὲκ
3624 3739 3727 3809 τῆς

2151 3839 2428 3912 ἁμαρτίας
2492 3839 2857 3902 κατάπαυσις.
2898 3838 3057 3891 ’Ὥστε
3102 3836 3388 3906 ἀμφότερα
3424 3834 3482 3885 ἒν
3518 3832 3726 3901 τυγχά-

2152 3950 2304 3987 νουσι
2322 3967 2337 3994 ,
2417 3933 2509 3985 καὶ
2530 3932 2701 3995 οὑτως
2730 3932 3018 4001 ἀμφότερα
3052 3929 3169 3999 ἅμα
3220 3927 3323 3979 ὑπὸ
3350 3925 3462 3977 τῶν
3484 3942 3729 3993 πνευμαο

2149 4023 2318 4075 τικῶν
2345 4024 2667 4094 τελούμενα,
2720 4022 2840 4075 οὐδὲ
2894 4022 2993 4091 τὴν
3055 4018 3329 4089 τυχοῦσαν
3373 4014 3727 4086 παρανομίαν

490 4110 882 4172 observentur,
931 4123 999 4162 ne
1036 4108 1319 4161 minimam
1360 4106 1580 4177 quidem
1632 4104 1821 4174 ﬂagitii
1874 4109 2047 4156 notam

2154 4113 2502 4184 ἐργάζονται.

491 4210 703 4257 ereaut.

570 4292 710 4357 Quin
762 4289 895 4345 illud
956 4303 1173 4359 quoque
1233 4288 1530 4345 notandum
1586 4299 1706 4356 est,
1750 4291 2062 4361 septenario

500 4398 733 4438 numero
792 4398 1030 4452 praesens
1075 4396 1238 4436 omne
1275 4391 1490 4451 tempus
1552 4382 1852 4453 designari,
1908 4384 2065 4453 juxta

501 4487 669 4545 atque
720 4473 1163 4543 sapientissimus
1184 4472 1438 4527 Salomon
1486 4473 1643 4536 dixit,
1676 4479 1806 4526 dare
1860 4483 2066 4540 partem

498 4577 717 4636 srptcm,
740 4575 899 4631 atque
931 4566 1087 4617 etiam
1126 4564 1296 4618 oclo'.
1323 4562 1391 4616 Et
1435 4563 1807 4631 diviniloquus
1842 4561 2006 4615 David
2031 4563 2073 4627 ',

501 4671 626 4710 cum
688 4657 755 4710 de
804 4666 991 4709 octava
1027 4654 1294 4724 psalmum
1331 4652 1537 4715 ederet,
1585 4652 1653 4705 de
1709 4651 1893 4704 futura
1950 4660 2072 4717 post

509 4749 968 4803 resurrectionem
995 4745 1392 4801 instauratione
1422 4758 1604 4799 rerum
1630 4743 1883 4796 canebat.
1919 4742 2065 4807 Quo-

510 4841 679 4904 circa,
709 4838 1152 4907 quandoquidem
1180 4837 1264 4890 lex
1311 4835 1401 4888 die
1457 4833 1691 4901 septimo
1722 4847 1751 4885 a
1782 4831 2066 4899 corporeis

512 4932 679 4986 rebus
702 4945 921 4985 cessare
952 4930 1322 5000 praecipiebat,
1354 4935 1410 4980 et
1441 4923 1820 4993 spiritualibus
1851 4936 2065 4985 vacare,

513 5038 644 5077 vero
675 5023 960 5085 Israelita,
1013 5035 1186 5089 eaque
1216 5026 1397 5072 mente
1448 5016 1681 5085 przedito
1710 5029 1832 5083 quae
1892 5013 2063 5066 Deum

520 5114 725 5179 videat,
755 5127 951 5168 arcana
974 5110 1186 5165 ratione
1214 5108 1317 5162 hoc
1344 5106 1752 5168 subindieabat,
1788 5118 2064 5173 nunquam

507 5208 560 5261 id
586 5222 695 5261 non
736 5207 1005 5276 agendum
1029 5218 1167 5265 esse,
1196 5208 1256 5255 ut
1290 5214 1410 5255 sese
1434 5198 1544 5252 Deo
1576 5196 1795 5263 oﬂ‘erat,
1820 5205 1873 5250 et
1902 5210 2065 5264 supra

502 5315 591 5355 res
622 5311 915 5368 corporeae
946 5301 1216 5363 assurgat.

575 5470 590 5501 '
624 5463 799 5522 ICor.
852 5476 969 5526 xui,
995 5458 1079 5513 10.
1157 5457 1177 5487 ²
1212 5452 1395 5509 Eccle.
1452 5468 1526 5517 ιι,
1561 5450 1618 5503 2.
1696 5448 1715 5480 ³
1750 5448 1888 5504 Psal.
1922 5462 1996 5509 vr,
2038 5445 2122 5497 ll.

2228 4298 2347 4349 Ἔτι
2402 4297 2458 4349 δὲ
2517 4298 2690 4350 ίστέον
2742 4298 2821 4351 ὅτι
2867 4300 2895 4349 ὁ
2953 4298 3091 4352 ἐπτά
3144 4298 3378 4367 ἀριθμὸς
3406 4297 3587 4351 πάντα
3640 4294 3730 4349 τὸν

2156 4387 2400 4457 παρόντα
2426 4388 2617 4458 χρόνον
2639 4388 2807 4458 δηλοῖ,
2843 4390 2917 4451 ῶς
2957 4405 3121 4458 φησιν
3152 4389 3180 4440 ὁ
3222 4389 3538 4454 σοφώτατος
3572 4386 3731 4437 Σολοε-

2160 4479 2297 4549 μῶν,
2327 4478 2538 4532 δοῦναι
2562 4479 2770 4548 μερίδα
2810 4480 2935 4545 τοῖς
2978 4480 3146 4544 ἑπτὰ,
3187 4479 3289 4533 καί
3319 4495 3385 4546 τε
3410 4478 3533 4544 τοῖς
3559 4475 3727 4529 ὀκτώ.

2156 4570 2264 4623 Καὶ
2290 4572 2317 4623 ὁ
2352 4570 2615 4640 θεηγόρος
2648 4571 2811 4623 Δαϐἱδ
2842 4570 2971 4641 περὶ
3002 4571 3097 4639 τῆς
3132 4569 3579 4640 ὀγδόηςψάλλων,
3604 4568 3731 4634 περὶ

2156 4659 2253 4727 τῆς
2291 4658 2589 4729 μελλούσης
2628 4658 2765 4728 μετά
2787 4659 2887 4728 τὴν
2918 4660 2981 4711 ἐκ
3008 4658 3218 4730 νεκρῶν
3240 4659 3538 4711 ἀνάστασιν
3561 4673 3729 4709 κατα-

2159 4749 2403 4811 στάσεως
2459 4748 2679 4817 ἔψαλλε.
2734 4749 2842 4819 Τὴν
2880 4749 3116 4819 ἑϐδόμην
3141 4744 3233 4802 οῦν
3260 4749 3499 4819 ἡμέραν,
3532 4746 3733 4819 ἀργίαν

2161 4838 2259 4905 μὲν
2290 4836 2444 4904 άγειν
2468 4836 2531 4889 ὲκ
2559 4837 2669 4890 τῶν
2700 4839 3047 4907 σωματικῶν,
3072 4840 3186 4902 τοῖς
3239 4839 3296 4892 δὲ
3336 4840 3733 4908 πνευματικοῖς

2158 4928 2565 4998 ὲνασχολεῖσθαι
2601 4930 2959 4999 προστάσσων
2982 4930 3008 4981 ὁ
3032 4930 3216 4999 νόμος,
3249 4929 3529 4999 μυστικῶς
3554 4931 3734 4981 πάντα

2157 5018 2249 5071 τὸν
2296 5020 2485 5090 χρόνον
2540 5019 2619 5087 τῷ
2675 5019 2914 5091 ἀληθινῷ
2957 5018 3192 5090 Ἰσραὴλ,
3223 5020 3317 5073 καὶ
3362 5019 3491 5073 νοῦν
3521 5019 3735 5091 ὁρῶντα

2157 5108 2289 5162 Θεὸν
2316 5110 2512 5180 ἔχοντι,
2562 5110 2827 5180 ὑπέφηνε,
2884 5109 2961 5180 τῷ
3011 5109 3132 5179 Θεῷ
3168 5110 3362 5163 ἑαυτὸν
3407 5109 3735 5179 προσάγειν,

2158 5203 2251 5256 καὶ
2285 5202 2538 5272 ὑπεράνω
2562 5201 2672 5254 τῶν
2713 5200 3043 5271 σωματικῶν
3072 5200 3341 5266 γίνεσθαι.

2024 5682 2182 5698 _
