3954 6562
266 362 373 423 301

1225 359 1600 419 PANOPLIA
1637 358 2096 421 DOGMATICA.
2130 385 2196 396 --
2241 363 2394 425 TlT.
2427 363 2594 425 VIII.

3417 360 3527 425 302

265 477 411 543 Περὶ
446 475 555 548 τῆς
609 472 948 548 Ἰουδαῄὶςκῆς
1018 473 1342 548 περιτομῆς
1368 544 1376 548 _
1406 472 1512 548 τοιξ
1570 470 1841 548 μεγάλου

1953 474 2022 528 De
2045 472 2275 530 Iudaica
2335 476 2748 545 circumcisione.
2799 478 2983 548 Magni
3028 474 3255 548 Joannis
3303 472 3532 545 Chrysa.

356 540 636 598 Ἰωάννου
670 543 774 596 τοῦ
793 540 1227 609 Χρυσοστόμού
1268 544 1385 596 ἀπὸ
1434 540 1544 608 τῆς
1576 540 1579 541 ⁷
1615 541 1842 609 ἐξηγή-

337 630 497 680 σεως
528 613 634 681 τῆς
671 615 758 679 είς
780 611 891 679 τὴν
910 614 957 676 ,Β
984 614 1131 665 ὅλον
1164 612 1269 679 τῆς
1300 613 1624 676 Γενέσεως.

335 728 502 789 Τίνος
531 726 740 788 ἕνεκεν,
774 727 896 778 είπέ
934 744 1048 795 μοι,
1088 725 1183 779 νῦν
1215 725 1607 795 περιτέμνεσθε
1638 742 1653 789 ;
1708 726 1843 778 Τότε

260 821 404 891 γὰρ,
439 821 525 873 ἴνα
552 822 627 890 μὴ
655 822 767 882 τοῖς
825 821 1169 889 παρανόμοις
1224 820 1438 872 ἔθνεσιν
1477 820 1527 871 ot
1590 819 1844 887 πρόγονοι

262 911 427 979 ὑμῶν
490 910 936 978 συναναφυρῶσι,
974 909 1133 962 τοῦτο
1192 911 1567 981 ὲπετάγησαν.
1620 908 1731 962 Νῦν
1786 909 1843 962 δὲ

264 1003 359 1056 διὰ
401 1002 501 1071 τὴν
532 1001 625 1054 τοῦ
658 1001 796 1054 θεοῦ
832 1001 993 1071 χάριν
1026 1002 1248 1055 πάντων
1278 1002 1415 1073 πρὸς
1437 1000 1537 1071 τὴν
1582 1000 1844 1071 ἀλήθειαν

262 1092 366 1145 τοῦ
396 1093 573 1161 φωτδς
596 1094 1145 1164 χειραγωγηθέντων,
1172 1094 1324 1146 ποῖον
1384 1094 1483 1163 τῆς
1540 1095 1843 1163 περιτομῆς

264 1186 469 1252 ὄφελος
500 1201 513 1248 ;
545 1185 638 1254 Μὴ
682 1186 789 1254 γάρ
814 1184 947 1254 πρὸς
978 1185 1076 1254 τὴν
1115 1185 1217 1254 τῆς
1261 1184 1440 1255 ψυχῆς
1519 1184 1843 1255 ἐλευθερίαν

267 1276 644 1344 συμϐάλλεταί
705 1294 759 1328 τι
827 1278 859 1345 ἡ
918 1276 1018 1345 τῆς
1088 1277 1292 1346 σαρκὸς
1362 1277 1663 1341 ἀπόθεσις;
1729 1277 1843 1329 Οὐκ

262 1370 544 1439 ἠκούσατε
574 1369 760 1437 σαφῶς
790 1367 882 1422 τοῦ
915 1367 1049 1420 Θεοῦ
1082 1367 1331 1434 λέγοντος
1352 1384 1367 1400 ⁸
1406 1367 1511 1421 Καὶ
1562 1367 1733 1422 ἔσται
1772 1368 1843 1421 ἐν

270 1454 507 1523 σημείῳ
532 1454 855 1522 διαθήκης;
893 1456 1175 1525 μονονουχὶ
1213 1455 1544 1519 δεικνύντος,
1609 1457 1692 1509 ὅτι
1752 1457 1844 1511 διὰ

263 1546 367 1615 τὴν
404 1546 602 1614 πολλὴν
629 1546 815 1600 αὐτῶν
853 1546 1256 1617 ἀγνωμοσύνην
1288 1544 1381 1599 τοῦ
1435 1547 1681 1602 τοιούτου
1747 1566 1848 1619 ση-

268 1639 431 1706 μείου
465 1637 785 1709 ἐδεήθησαν.
815 1637 971 1691 Οὕτω
1002 1638 1109 1709 γὰρ
1137 1638 1238 1691 καὶ
1265 1638 1362 1691 επὶ
1392 1637 1501 1691 τῶν
1559 1638 1844 1709 ἀνθρωπί-

263 1745 379 1780 νων
412 1727 678 1790 πολλάκις
710 1728 922 1795 γίνεται
970 1726 1580 1797 πραγμάτων,ὲπειδάν
1610 1728 1685 1800 μὴ
1715 1728 1845 1801 θαρ-

266 1818 456 1888 ρῶμέν
482 1836 615 1883 τισι,
646 1820 872 1888 σημεῖον
908 1819 1167 1890 ὲνεχύρου
1195 1819 1357 1890 χάριν
1380 1819 1685 1889 λαμϐάνειν
1717 1822 1848 1891 παρ’
1880 1804 1925 1864 Β

264 1909 455 1961 αὐτῶν
488 1908 885 1979 σπουδάζομεν.
911 1910 1066 1963 Οὕτω
1092 1910 1186 1963 καὶ
1212 1911 1238 1963 ὁ
1288 1908 1395 1964 τῶν
1429 1910 1569 1965 ὅλων
1593 1910 1724 1975 Θεὸς
1777 1913 1854 1965 εί·

262 1997 377 2063 δὼς
407 2000 587 2052 αὐτῶν
616 2001 717 2070 τὴν
752 1999 1005 2054 εὐκολίαν
1073 2002 1175 2072 τῆς
1232 2002 1482 2073 γνώμης,
1524 2003 1585 2056 τὸ
1622 2005 1849 2073 σημεῖον

264 2091 434 2146 τοῦτο
465 2093 597 2162 παρ’
628 2093 810 2145 αὐτῶν
854 2095 1159 2163 ἀπαιτῆσαι
1218 2096 1565 2163 κατεδέξατο,
1616 2097 1716 2166 οὐχ
1765 2095 1855 2149 ἵνα

264 2182 535 2250 διηνεκῶς
571 2184 712 2257 μένῃ
741 2183 801 2238 τὸ
825 2187 1051 2255 σημεῖον
1073 2184 1255 2251 τοῦτο,
1282 2186 1396 2240 ἀλλ’
1452 2186 1560 2254 ἶνα,
1595 2187 1704 2241 τῶν
1733 2188 1855 2241 τότε

279 2272 443 2337 τέλος
473 2273 882 2343 λαμϐανόντων,
911 2276 1005 2328 καὶ
1049 2277 1083 2346 ἡ
1124 2276 1219 2329 τοῦ
1265 2278 1497 2347 σημείου
1556 2277 1715 2349 χρεία
1762 2296 1858 2333 πε-

272 2366 557 2439 ριαιρεθῇ.
590 2368 803 2438 Ὠσπερ
832 2369 939 2439 γὰρ
968 2369 1096 2423 ὅταν
1124 2370 1354 2440 σημεῖόν
1378 2388 1521 2434 τινες
1557 2371 1853 2437 ἀπαιτῶσι,

277 2457 375 2512 καὶ
413 2459 669 2529 ἐνέχυρον
711 2458 992 2529 βούλονται
1032 2459 1357 2528 λαμϐάνειν,
1413 2462 1635 2516 ἐπειδὰν
1676 2462 1733 2517 δὲ
1761 2462 1854 2517 τοῦ

271 2548 602 2619 πράγματος
648 2550 683 2619 ἡ
751 2541 1015 2614 ὑπόθεσις
1058 2552 1232 2621 πέρας
1262 2606 1263 2609 η
1290 2551 1451 2624 λάϐῃ,
1498 2554 1595 2607 καὶ
1640 2552 1702 2607 τό
1755 2571 1855 2623 ση-

272 2642 429 2709 μεῖον
482 2639 667 2693 λοιπὸν
723 2640 937 2711 αἴρεται
968 2658 983 2673 ο
1012 2640 1176 2709 ⁸οὕτω
1199 2642 1265 2711 δὴ
1291 2643 1387 2696 καὶ
1441 2644 1698 2708 δνταῦθα,
1755 2647 1856 2699 ἐπ-

270 2730 395 2800 ειδὴ
442 2730 530 2783 διὰ
554 2730 616 2784 τὸ
654 2731 887 2803 φανερὸν
917 2727 1055 2787 εἶναι
1102 2734 1192 2787 τὸν
1220 2735 1348 2787 λαὸν
1378 2736 1472 2788 τοῦ
1514 2737 1855 2808 πατριάρχου

269 2822 337 2875 to
405 2825 627 2892 σημεῖον
663 2823 820 2877 τοῦτο
875 2826 1008 2896 παρ’Δ
1079 2826 1234 2896 ὑμῶν
1300 2827 1625 2899 εἰσηνέχθη,
1689 2830 1857 2899 ἔχρῆν

271 2914 390 2969 τῶν
426 2914 594 2968 ἐθνῶν
632 2914 878 2982 ἐκείνων,
936 2916 1005 2971 δι’
1058 2916 1151 2983 οὒς
1185 2918 1244 2971 τὸ
1294 2921 1522 2990 σημεῖον
1582 2919 1855 2987 ἐδέξασθε,

272 3006 389 3060 τῶν
445 3009 543 3078 μὲν
604 3009 774 3080 ἄρδην
821 3010 1247 3079 ἀφανισθέντων,
1287 3017 1396 3065 τῶν
1446 3015 1503 3067 δὲ
1561 3015 1676 3084 μετ’
1710 3014 1859 3067 ὲκεί-

2231 548 2384 600 stomi
2400 563 2463 600 ea:
2487 546 2912 616 interpretatione
2935 550 2985 601 in
3011 546 3267 604 Cenesim.

2017 724 2147 787 Cur,
2203 740 2409 794 quaeso,
2469 742 2614 781 nunc
2672 727 3154 783 circumcidimini?
3228 729 3361 784 Nam
3406 732 3535 786 olim

1946 825 2202 885 parentes
2231 817 2394 869 vestri
2452 817 2589 885 jussi
2639 824 2766 869 sunt
2798 819 3136 882 circumcidi,
3193 835 3260 874 ne
3282 822 3536 891 gentibus

1946 905 2049 958 illis
2077 920 2106 959 a
2147 906 2260 977 lege
2308 906 2503 960 alienis
2557 906 3067 962 commiscerentur.
3129 907 3286 964 Nunc
3328 920 3535 975 autem,

1917 990 2067 1050 ’cum
2097 1011 2287 1051 omnes
2350 1008 2540 1068 gentes
2596 1013 2690 1067 per
2744 998 2970 1067 gratiam
3030 1000 3120 1053 Dei
3175 1000 3239 1054 ad
3293 1002 3539 1055 Veritatis

1945 1086 2121 1142 lucem
2185 1088 2458 1157 perductae
2506 1089 2636 1151 sint,
2702 1105 2951 1160 quaenam
2995 1099 3078 1145 est
3099 1091 3535 1145 circumcisionis

1946 1178 2362 1235 utilitas‘iNum
2420 1180 2487 1235 ad
2535 1181 2699 1236 animi
2755 1180 3059 1236 libertatem
3086 1182 3306 1251 expedit
3358 1184 3538 1238 carnis

1946 1271 2170 1340 rejectio
2199 1272 2222 1326 ?
2253 1270 2441 1327 Nonne
2475 1273 2763 1327 audivistis
2795 1273 2961 1327 Deum
2993 1282 3179 1342 aperte
3220 1272 3490 1328 dicentem
3518 1294 3534 1331 :

1946 1360 2013 1414 Et
2044 1362 2141 1415 erit
2177 1363 2315 1416 inter
2341 1379 2421 1417 me
2451 1372 2499 1417 et
2540 1380 2630 1417 vos
2668 1364 2721 1416 in
2755 1363 2960 1432 signum
2990 1364 3198 1434 [aderis
3234 1364 3250 1395 ³
3276 1364 3300 1416 ?
3328 1364 3540 1429 Quibus

1945 1451 2125 1505 verbis
2157 1460 2364 1506 tantum
2411 1467 2518 1505 non
2566 1452 2788 1519 indicat,
2818 1468 2915 1507 vos
2940 1463 3162 1523 pr0pter
3188 1468 3437 1523 magnam
3469 1464 3543 1509 teo

1946 1540 2249 1595 meritatem
2273 1542 2529 1612 etingrati
2551 1542 2716 1595 animi
2742 1541 2930 1596 vitium
2954 1542 3247 1614 indiguisse
3270 1543 3540 1612 ejusmodi

1946 1630 2100 1702 signo
2129 1641 2184 1687 et
2230 1643 2379 1687 nota.
2433 1633 2522 1688 Sic
2554 1636 2699 1687 enim
2748 1632 2805 1687 fit
2835 1648 2976 1702 saepe
3007 1636 3171 1689 etiam
3212 1634 3265 1688 in
3304 1634 3540 1705 negotiis

1952 1727 2225 1783 humanis.
2262 1724 2484 1790 Quoties
2516 1725 2661 1779 enim
2698 1724 2857 1778 alicui
2892 1739 2999 1779 non
3039 1724 3302 1780 habemus
3356 1725 3541 1791 fidem,

1956 1815 2196 1888 pignoris
2232 1814 2404 1885 gratia
2462 1814 2675 1885 signum
2723 1813 2939 1883 aliquod
2982 1815 3049 1868 ah
3089 1830 3153 1870 eo
3189 1814 3541 1885 flagitandum

1966 1908 2363 1963 existimamus.
2431 1907 2503 1960 Ita
2579 1905 3064 1969 rerumomnium
3119 1907 3383 1962 Dominus
3448 1924 3543 1962 co-

1954 2018 2225 2074 gnoseens
2282 2001 2495 2057 Iudaeos
2529 2016 2651 2056 esse
2708 2000 2893 2054 animo
2956 2000 3218 2065 instabili,
3273 2010 3328 2055 et
3384 2000 3543 2058 facile

1955 2092 2281 2153 sententiam
2331 2104 2562 2161 mutare,
2621 2095 2838 2163 signum
2883 2093 2985 2148 hoc
3042 2093 3111 2149 ab
3160 2094 3241 2149 eis
3293 2096 3543 2164 accipere

1956 2186 2148 2249 voluit,
2208 2202 2315 2239 non
2376 2194 2435 2238 ut
2487 2194 2754 2254 perpetuo
2809 2192 3073 2249 maneret,
3125 2183 3220 2238 sed
3258 2192 3319 2237 ut
3375 2185 3542 2239 rebus

1956 2277 2084 2343 illis,
2121 2292 2242 2347 qua:
2297 2285 2427 2330 tunc
2498 2275 2899 2338 tractabantur,
2957 2273 3120 2329 tinem
3186 2275 3539 2344 habentibus,

1957 2369 2095 2439 signi
2129 2368 2293 2421 etiam
2330 2380 2460 2420 usus
2519 2365 2824 2420 tolleretur.
2876 2363 3350 2429 Quemadmodum
3389 2368 3540 2421 enim

1955 2460 2048 2530 qui
2096 2459 2335 2523 arrham,
2383 2468 2437 2514 et
2466 2457 2662 2530 pignus
2716 2457 2935 2527 aliquod
2996 2467 3209 2528 petunt,
3239 2466 3295 2514 et
3351 2460 3544 2515 volunt

1956 2555 2222 2622 arc‘pere,
2280 2565 2402 2606 cum
2449 2551 2664 2621 negotia
2706 2541 2977 2604 transacta
3035 2549 3258 2618 fuerint,
3322 2550 3376 2606 id
3432 2567 3541 2607 non

1956 2645 2191 2714 amplius
2219 2650 2433 2705 curant,
2465 2642 2655 2695 eodem
2688 2641 2849 2695 modo
2888 2641 3153 2713 contingit
3199 2641 3255 2696 in
3308 2643 3409 2697 hac
3457 2658 3539 2699 re.

1957 2736 2093 2791 Nam
2126 2735 2253 2805 quia
2291 2731 2727 2787 circumcisionis
2747 2732 2944 2802 pignus
2973 2748 3003 2786 a
3028 2733 3185 2788 vobis
3209 2734 3541 2804 postulatum

1958 2836 2061 2892 est,
2098 2834 2160 2880 ut
2187 2840 2251 2880 eo
2279 2824 2433 2895 signo
2464 2823 2791 2893 patriarcha:
2843 2825 3075 2893 p0pulus
3126 2825 3543 2897 dignosceretur

1958 2917 2028 2971 ab
2051 2916 2173 2970 aliis
2208 2914 2482 2986 gentibus,
2517 2922 2949 2967 consentaneum
2996 2924 3132 2979 erat,
3181 2924 3260 2982 ut,
3328 2927 3543 2987 postea.

1957 3024 2120 3081 quam
2154 3007 2256 3062 illa:
2305 3006 2507 3077 partim
2557 3005 2747 3060 deleta:
2790 3016 2995 3070 essent,
3035 3008 3233 3077 partim
3289 3010 3357 3065 ad
3396 3009 3545 3065 veri-

268 3116 402 3161 νους
428 3102 527 3170 τῆς
562 3100 822 3171 ἀληθείας
876 3102 954 3173 τῷ
990 3104 1131 3173 φωτὶ
1177 3104 1667 3175 προσδραμόντων,
1715 3123 1849 3177 μηκ-

1962 3101 2090 3154 tatis
2138 3101 2318 3153 lumen
2351 3099 2617 3163 adductas,
2658 3110 2756 3152 vos
2797 3099 3124 3154 temeritatis
3184 3110 3238 3156 et
3298 3102 3544 3157 stultitim

274 3192 362 3245 ἐτι
402 3192 496 3245 τὸν
535 3192 756 3265 ἔλεγχον
798 3197 896 3266 τῆς
933 3195 1138 3261 οἰκείας
1192 3198 1588 3266 ἀγνωμοσύνης
1622 3200 1851 3269 περιφέ-

274 3300 419 3355 ρειν,
452 3283 571 3338 ἁλλ’
635 3283 1100 3351 ἀπαλλάττεσθαι,
1164 3287 1259 3341 καὶ
1307 3289 1387 3351 είς
1442 3290 1542 3357 τὴν
1582 3288 1855 3359 προτέραν

271 3374 561 3443 εὐγινειαν
588 3373 1009 3446 ὲπανατρέχειν.
1055 3376 1345 3448 Ἐννόησον
1397 3380 1505 3450 γάρ
1564 3395 1655 3449 μοι
1708 3380 1793 3431 ὅτι
1827 3378 1856 3433 ὁ

271 3467 583 3539 θαυμάσιος
603 3471 816 3533 ἐκεῖνος
840 3469 1194 3542 πατριάρχης
1242 3473 1373 3542 πρὶν
1415 3472 1576 3545 ἢτῆς
1632 3490 1854 3545 περιτο-

274 3560 388 3631 μῆς
418 3560 786 3632 δέξισθαιτὴν
833 3561 1079 3632 ἐντολὴν,
1140 3562 1469 3634 ἐνενήκοντα
1526 3563 1686 3618 ὲννέα
1738 3564 1848 3636 γάρ

272 3649 417 3703 in?»
445 3646 534 3721 ἦν,
578 3649 739 3721 ἡνίκα
794 3648 951 3703 τοῦτο
1009 3651 1360 3718 ὲπετάττετο,
1416 3654 1510 3709 καὶ
1559 3654 1854 3724 εὐάρεστος

270 3741 474 3809 γέγονε
492 3740 568 3812 τῷ
605 3740 749 3811 Θεῷ,
778 3742 875 3796 καὶ
908 3743 1170 3812 μυριάκις
1194 3744 1548 3818 ἀνεκηρύχθη
1574 3749 1725 3819 παρὰ
1758 3746 1853 3802 τοῦ

277 3833 579 3887 Δεσπότου.
604 3835 714 3888 Καὶ
756 3833 949 3904 ἐπειδὴ
969 3834 1155 3888 λοιπὸν
1195 3838 1276 3899 είς
1318 3837 1481 3909 ἔργον
1503 3840 1731 3909 ἔμελλεν
1756 3843 1852 3895 ὲκ-

271 3924 489 3978 ϐαίνειν
512 3926 579 3979 τὰ
602 3928 700 3996 τῆς
738 3928 1098 3999 ἐπαγγελίας,
1123 3930 1221 3982 καὶ
1243 3929 1523 3984 τίκτεσθαι
1553 3932 1580 3985 ὸ
1642 3932 1852 4001 Ἰσαὰκ,

271 4016 381 4069 καὶ
428 4015 759 4081 αὐξάνεσθαι
788 4020 846 4073 τὸ
898 4021 1079 4089 γένος,
1131 4022 1275 4075 καὶὸ
1322 4024 1666 4095 πατριάρχης
1725 4027 1856 4095 μεθ-

276 4106 533 4160 ίστασθαι
563 4109 662 4177 τῆς
719 4110 883 4181 ζωῆς,
916 4111 1035 4164 τότε
1079 4111 1296 4182 δέχεται
1326 4113 1426 4184 τὴν
1481 4115 1702 4188 ἐντολὴν
1754 4119 1853 4189 τῆς

275 4200 609 4271 περιτομῆς,
648 4205 743 4255 xxi.
797 4204 854 4255 ὲν
910 4203 1099 4273 ἡλικίᾳ
1154 4204 1378 4275 τοιαύτῃ
1435 4209 1848 4279 περιτέμνεται,

276 4291 374 4343 ῐνα
431 4294 541 4355 τοῖς
600 4293 728 4364 ὲξῆς
775 4295 952 4348 ἅπασι
1012 4296 1172 4366 νόμος
1212 4314 1336 4364 τις,
1381 4301 1474 4350 καὶ
1526 4298 1705 4353 κανὼν
1763 4301 1856 4368 γέ-

270 4398 439 4451 νηται
498 4385 566 4437 τά
616 4385 765 4455 παρά
815 4386 909 4439 τοῦ
940 4388 1279 4458 πατριάρχου
1318 4390 1694 4459 γεγενημένα.
1740 4394 1853 4446 Καὶ

1957 3194 2170 3261 signum
2211 3189 2447 3259 amplius
2477 3204 2587 3244 non
2632 3189 3079 3255 circumferretis,
3110 3192 3204 3246 sed
3236 3193 3306 3248 ad
3353 3195 3541 3265 pristi—

1958 3298 2082 3338 nam
2171 3280 2472 3337 nobilitatis
2548 3280 2869 3352 dignitatem
2925 3285 3362 3340 reverteremini.
3420 3286 3541 3341 Jam

1965 3368 2097 3431 illud
2115 3375 2247 3430 mihi
2263 3375 2567 3439 considera,
2588 3374 2963 3430 admirabilem
2982 3374 3130 3430 illum
3151 3378 3538 3447 patriarcham,

1956 3467 2279 3539 priusquam
2344 3466 2781 3523 circumcisionis
2846 3467 3161 3522 mandatum
3241 3470 3537 3539 acciperet,

1958 3560 2128 3615 fuisse
2189 3560 2482 3632 nonaginta
2540 3574 2735 3614 novem
2804 3574 3101 3632 annorum,
3190 3568 3318 3614 ante
3390 3563 3539 3632 quod

1958 3662 2173 3724 tempus
2194 3661 2243 3706 et
2271 3652 2550 3721 placuerat
2578 3650 2707 3717 Deo,
2751 3659 2808 3705 et
2846 3652 3147 3721 saepissime
3220 3669 3253 3707 a
3305 3655 3538 3709 Domino

1956 3743 2134 3798 fuerat
2200 3740 2556 3811 approbatus,
2601 3755 2838 3810 cumque
2889 3742 3000 3811 jam
3065 3742 3139 3796 illi
3196 3746 3463 3813 promissa
3505 3762 3537 3801 a

1956 3835 2068 3890 Deo
2105 3831 2666 3897 essentexsolvenda,
2703 3841 2763 3886 ut
2816 3841 2871 3886 et
2930 3832 3041 3888 ﬁlio
3102 3833 3247 3889 Isaac
3310 3851 3537 3907 augere-

1957 3936 2064 3991 tur,
2093 3936 2149 3981 et
2204 3923 2517 3997 progeniem
2578 3923 2987 3993 multiplicaret,
3054 3935 3103 3979 ει
3176 3928 3363 3997 paucis
3410 3938 3537 3998 post

1955 4018 2113 4071 annis
2147 4025 2290 4071 esset
2338 4030 2368 4070 e
2395 4015 2506 4070 vita
2552 4014 2919 4080 discessurus,
2962 4024 3073 4070 tum
3101 4016 3321 4072 demum
3367 4018 3539 4076 fuisse

1952 4111 2165 4182 jussum
2224 4116 2283 4161 ut
2313 4121 2372 4161 se
2405 4105 2841 4165 circumcideret.
2868 4120 2928 4160 ea
2961 4105 3215 4161 nimirum
3250 4107 3317 4162 de
3348 4124 3534 4175 causa,

1957 4210 2015 4255 ut
2057 4214 2177 4270 qua:
2224 4199 2339 4268 ipse
2368 4206 2607 4268 gesserat
2639 4206 2895 4266 tanquam
2948 4198 3032 4253 lex
3082 4209 3135 4254 et
3162 4204 3346 4272 regula
3390 4219 3537 4273 (μιξε-

1956 4291 2080 4348 dam
2115 4290 2352 4361 posteris
2390 4302 2573 4346 essent
2604 4292 2902 4362 proposita.
2936 4291 3071 4347 Nam
3118 4295 3260 4363 quod
3300 4295 3435 4349 nihil
3467 4297 3536 4350 ad

1957 4382 2122 4438 animi
2154 4384 2409 4436 virtutem
2449 4383 2700 4452 expediat
2766 4383 3130 4450 circumi-isio,
3159 4402 3223 4440 ex
3280 4386 3366 4451 iis,
3419 4403 3537 4456 quas

272 4475 368 4527 ινα
400 4475 608 4545 μάθητε
641 4477 907 4544 ἀκριϐῶς,
942 4479 1017 4541 ὡς
1046 4480 1198 4532 οὐδὲν
1226 4478 1386 4534 τοῦτο
1422 4482 1559 4552 πρὸς
1615 4484 1715 4552 τὴν
1744 4485 1848 4554 ψυ-

1956 4474 2097 4529 l‘acta
2129 4482 2277 4537 sunt,
2314 4488 2458 4527 nunc
2516 4488 2805 4543 possumus
2845 4474 3177 4546 intelligere.
3235 4477 3344 4530 Cur
3386 4478 3529 4530 enim

269 4566 380 4636 χῆς
410 4566 615 4637 ἀρετὴν
674 4570 917 4621 συντελεῖ
967 4571 1025 4636 ἐξ
1085 4571 1265 4624 αὐτῶν
1348 4571 1458 4627 τῶν
1522 4574 1846 4643 γινομένων,

270 4659 392 4710 νυνὶ
428 4660 658 4712 συνιδεῖν
682 4660 927 4715 δυνατόν.
952 4662 1018 4714 Τί
1045 4662 1155 4729 γάρ
1179 4661 1365 4731 φησιν,
1388 4662 1578 4716 Ὀκτὼ
1610 4664 1850 4733 ἡμερῶν

267 4747 520 4801 παιδίον
548 4750 1048 4819 περιτμηθήσεται
1077 4770 1097 4818 ;
1125 4752 1230 4805 Τὸν
1279 4753 1336 4804 δι
1409 4753 1600 4823 χρόνον
1659 4754 1851 4809 τοῦτον

268 4835 433 4908 οἶμαι
483 4840 714 4909 ὡρίσθαι
768 4842 919 4912 παρά
966 4844 1060 4897 τοῦ
1119 4843 1503 4916 φιλανθρώπου
1561 4844 1697 4899 Θεοῦ
1754 4847 1849 4901 δύο

266 4930 487 4985 τούτων
540 4931 723 4997 ἕνεκα,
784 4934 900 4998 ἐνὸς
942 4935 1063 5005 μὲν,
1098 4934 1187 4988 ἶνα
1216 4938 1285 5006 τῇ
1308 4936 1474 5007 ἀώρῳ
1518 4937 1703 5009 ἡλικίᾳ
1725 4956 1851 4993 κου-

268 5022 506 5091 φότερον
537 5025 782 5091 ἐνεγκεῖν
815 5027 912 5096 τῆς
946 5028 1248 5098 περιτομῆς
1276 5029 1366 5081 τὸν
1403 5029 1565 5082 πόνον
1601 5029 1804 5100 δυνηθῇ
1832 5049 1846 5063 ·

266 5115 528 5185 δεύτερον
552 5118 629 5182 δὲ,
663 5118 748 5170 ἵνα
782 5117 850 5171 δι’
879 5119 1059 5171 αὐτῶν
1088 5121 1196 5173 τῶν
1230 5120 1408 5191 ἔργων
1440 5122 1844 5192 παιδευθῶμεν,

268 5205 353 5267 ὡς
376 5207 475 5258 οὐκ
499 5208 578 5269 είς
604 5207 786 5278 ψυχήν
810 5227 861 5262 τι
892 5211 1136 5263 συντελεῖ
1158 5212 1219 5263 τὸ
1244 5212 1547 5280 γινόμενον,
1583 5212 1719 5268 ἀλλὰ
1742 5231 1845 5284 ση-

271 5295 439 5365 μείου
470 5297 631 5367 χάριν
658 5297 813 5352 τοῦτο
844 5299 1076 5367 γίνεται.
1105 5300 1175 5353 Τὸ
1203 5300 1311 5371 γὰρ
1342 5302 1519 5372 άωρον
1549 5303 1759 5357 παιδίον
1787 5303 1847 5357 τὸ

273 5384 360 5457 μὴ
387 5387 655 5453 γινῶσκον
684 5388 753 5441 τὰ
778 5390 1055 5461 γινόμενα,
1092 5392 1225 5463 μηδὲ
1260 5391 1509 5462 αἴσθησίν
1544 5410 1666 5447 τινα
1699 5393 1844 5464 ἔχον,

269 5479 441 5533 ποίαν
465 5480 725 5549 ὠφέλειαν
761 5484 838 5546 είς
862 5482 959 5552 τὴν
986 5484 1160 5555 ψυχὴν
1178 5485 1241 5537 ἐκ
1264 5484 1453 5538 τούτου
1474 5483 1729 5549 δέξασθαι
1758 5485 1849 5538 δυ-

272 5571 502 5639 νήσεται
527 5589 542 5639 ;
577 5575 748 5626 'Exsis
768 5591 785 5625 ι
821 5576 931 5645 γάρ
958 5579 1071 5629 ἐστι
1109 5576 1206 5645 τῆς
1230 5577 1408 5647 ψυχῆς
1443 5576 1625 5638 ἰδικῶς
1648 5593 1848 5647 κατορ-

274 5666 531 5735 θώματα,
551 5668 617 5720 τὰ
640 5669 702 5720 ὲκ
726 5688 792 5738 πι-
806 5670 1097 5740 ναιρέσεως
1114 5669 1589 5741 γινόμενα.¹1⁹υχῆς
1606 5670 1713 5740 γάρ
1730 5672 1846 5723 ἐστι

356 5780 370 5805 ³
405 5768 540 5830 Gen.
578 5795 710 5845 xm,
747 5780 828 5834 ll.

1954 4574 2278 4637 perceptum
2311 4573 2415 4627 est,
2443 4574 2502 4617 ut
2532 4580 2666 4633 puer
2684 4572 2806 4620 octo
2829 4567 3040 4620 dierum
3074 4566 3530 4621 circumcidatur?

1952 4659 2065 4718 Cur
2092 4669 2308 4728 tempus
2347 4657 2452 4713 hoc
2491 4672 2519 4710 a
2568 4658 2899 4728 benignitate
2928 4660 3109 4714 divina
3150 4660 3250 4714 fuit
3291 4661 3529 4730 praelini-

1951 4761 2086 4819 tum,
2112 4753 2239 4816 nisi,
2276 4761 2334 4806 ut
2364 4768 2464 4823 ego
2495 4754 2692 4816 sentio,
2728 4753 2813 4807 his
2866 4752 3077 4807 duabus
3121 4754 3190 4808 de
3211 4756 3431 4809 causis:
3470 4764 3529 4809 ut

1952 4841 2383 4897 circumcisionis
2476 4840 2634 4893 dolor
2703 4842 2754 4895 in
2804 4840 2892 4896 illa
2938 4852 3125 4897 tenera
3171 4852 3335 4898 astate
3396 4844 3528 4899 faci-

1950 4930 2059 4986 lius
2095 4929 2443 4999 perferretur,
2476 4938 2531 4984 et
2554 4945 2612 4984 re
2641 4929 2754 4999 ipsa
2793 4939 3089 4997 constaret,
3146 4932 3346 4987 factum
3398 4933 3531 4988 illud

1949 5024 2135 5078 animo
2157 5024 2291 5077 nihil
2312 5030 2591 5093 prodesse,
2607 5024 2701 5077 sed
2716 5022 2855 5094 signi
2882 5034 3092 5078 tantum
3117 5026 3222 5079 vim
3242 5026 3489 5082 obtinere
3504 5028 3528 5065 ν

1950 5116 2123 5183 Quam
2170 5116 2314 5169 enim
2372 5116 2659 5171 utilitatem
2698 5117 2822 5172 inde
2854 5118 3116 5187 percipiat
3147 5119 3380 5173 tenellus
3437 5119 3527 5174 ille

1950 5208 2231 5278 puerulus,
2267 5207 2359 5276 qui
2416 5223 2578 5263 sensu
2619 5223 2757 5279 pene
2803 5224 3015 5272 carens,
3072 5226 3133 5265 ea
3178 5226 3301 5280 qua:
3367 5211 3523 5277 fiunt,

1949 5304 2170 5371 penitus
2205 5300 2460 5367 ignorat?
2490 5299 2622 5354 Nam
2654 5300 2740 5353 illa
2771 5310 2898 5355 sunt
2924 5302 3142 5372 proprie
3181 5311 3323 5355 recta
3356 5302 3523 5355 animi

1951 5392 2145 5457 oﬂicia,
2169 5407 2288 5462 qua:
2309 5408 2374 5446 ex
2402 5393 2682 5447 voluntate
2724 5393 3163 5462 proﬁciscuntur.
3216 5394 3523 5448 Perfectum

1950 5484 2117 5539 animi
2140 5499 2297 5554 opus,
2317 5493 2372 5539 et
2398 5483 2633 5539 oﬂicium
2650 5497 2753 5547 est.
2777 5496 2833 5539 ut
2864 5486 3117 5539 virtutem
3145 5485 3521 5555 amplectatur.

1949 5588 2004 5634 et
2034 5581 2219 5633 vitium
2276 5578 2487 5648 fugiat;
2548 5586 2606 5630 ut
2644 5578 2794 5646 plura
2853 5592 2921 5631 ne
2986 5580 3361 5648 concupiscat,
3424 5580 3521 5635 sed

1949 5688 2035 5736 ea,
2064 5671 2385 5739 «utrilibet,
2440 5670 2726 5739 egentibus
2771 5669 3002 5739 benigne
3076 5670 3369 5727 distribuat
3402 5689 3523 5738 ;.ne
