3838 6586
376 367 478 429 3¹)3

1615 366 1999 429 EUTHYMII
2041 365 2403 426 ZlGABENI
2563 381 2572 390 ‘
3514 392 3601 455 3m,

385 495 567 537 rerum
614 480 967 551 praesentium
1022 477 1293 535 desiderio
1338 480 1713 546 contabescat,
1755 480 1849 535 sed
1883 480 1957 535 his

2070 477 2469 550 κατορθώματα
2491 477 2551 531 τὸ
2581 478 2784 549 ἀρετὴν
2814 478 3055 544 ἑλέσθαι,
3085 481 3176 534 καὶ
3203 488 3391 543 κακίαν
3412 503 3599 565 φυγεῖν.

379 576 579 645 Spretis
626 582 788 641 atque
837 571 1185 640 contemptis,
1221 570 1434 626 futuras
1459 580 1698 641 expetat,
1733 582 1787 627 et
1827 570 1963 626 assi-

385 668 490 719 due
537 664 759 733 cogitet.
783 666 841 717 1n
873 662 1295 718 circumcisione
1342 678 1471 717 vero
1513 664 1665 733 quid,
1709 673 1768 718 ut
1792 673 1960 731 recte,

376 768 431 813 ct
496 757 781 811 voluntate
870 754 1074 809 factum
1157 756 1491 810 laudabitur?
1552 757 1659 811 Sed
1717 770 1961 814 amentes

374 866 437 904 ac
489 864 651 903 sensu
717 854 973 917 expertes
1009 847 1178 902 Judaei
1230 850 1458 903 veritate
1533 851 1642 919 jam
1692 852 1959 919 patefacta

376 943 430 995 in
464 940 653 994 umbra
680 940 861 994 adhuc
890 939 1102 1001 sedent,
1150 954 1385 1006 cumque
1457 940 1537 995 sol
1584 941 1767 995 radios
1833 958 1961 996 suos

372 1032 425 1083 in
465 1046 658 1085 omnes
689 1041 877 1101 partes
928 1029 1203 1094 effuderit,
1269 1031 1448 1085 adhuc
1494 1032 1961 1101 exiguaelucerna:

372 1122 563 1175 lumini
602 1122 899 1176 inhaerent.
929 1121 995 1173 Et
1028 1121 1343 1191 postulante
1398 1123 1509 1192 jam
1585 1132 1831 1192 tempore
1903 1133 1961 1178 ut

370 1215 543 1268 solido
576 1214 699 1268 cibo
724 1212 1066 1278 nutriantur,
1104 1229 1213 1267 non
1277 1225 1506 1282 possunt
1536 1230 1566 1268 a
1590 1214 1725 1270 laete
1787 1215 1962 1270 dimo-

372 1308 505 1371 veri,
537 1322 639 1361 nec
692 1307 911 1361 beatum
976 1306 1205 1360 Paulum
1267 1307 1461 1361 audire
1490 1308 1678 1361 volunt
1734 1309 1806 1362 ita
1854 1310 1962 1387 cla-

369 1411 630 1464 mantem,
681 1408 735 1452 et
771 1396 1041 1453 dicentem
1084 1399 1150 1454 de
1208 1400 1519 1468 patriarcha
1559 1418 1573 1453 :
1636 1399 1702 1454 Et
1751 1402 1960 1471 signum

342 1493 579 1561 'acrepit
628 1492 1043 1545 circumcisianis
1097 1492 1430 1562 signaculum
1475 1492 1704 1561 justitiw
1751 1494 1873 1562 ﬁdei
1904 1495 1958 1547 in

370 1587 630 1653 prmputio
689 1586 727 1640 ¹.
808 1583 973 1638 Vides
1040 1584 1312 1654 quomodo
1365 1582 1453 1640 hic
1513 1600 1614 1640 nos
1670 1597 1961 1657 utrumque

367 1676 636 1743 docuerit,
693 1692 893 1747 nempe
925 1677 1291 1747 patriarcham
1331 1687 1382 1732 et
1415 1677 1557 1750 signi
1615 1682 1789 1749 gratla
1854 1679 1959 1733 cir-

367 1769 761 1824 cumcisionem
804 1769 1104 1840 accepisse,
1134 1780 1187 1824 et
1230 1786 1355 1824 cum
1386 1782 1531 1826 esset
1590 1772 1643 1826 in
1694 1772 1959 1842 praeputio

375 1859 645 1928 justitiam
679 1876 742 1914 ex
783 1861 889 1914 ﬁde
920 1876 1032 1930 pra:
1074 1874 1133 1915 se
1175 1860 1366 1916 tulisse
1397 1862 1420 1914 ?
1476 1860 1610 1915 Nam
1637 1877 1705 1916 ne
1737 1861 1956 1917 Iudaeus

376 1952 724 2021 impudenter
752 1962 1042 2016 assereret,
1072 1961 1128 2007 et
1168 1952 1644 2009 circumcisionem
1703 1953 1805 2022 ipsi
1864 1956 1956 2025 ju-

369 2043 574 2098 stitiam
602 2044 869 2111 attulisse,
903 2045 1105 2098 idcirco
1131 2045 1323 2099 beatus
1353 2043 1442 2099 hic
1471 2045 1537 2099 ad
1566 2046 1732 2115 pedes
1756 2045 1955 2102 Gama-

367 2138 506 2191 lit:lis
540 2138 771 2192 edoctus
803 2153 864 2192 ea
913 2154 1032 2207 quae
1073 2138 1138 2192 ad
1173 2138 1495 2208 exquisitam
1539 2140 1670 2210 legis
1704 2141 1954 2211 peritiam

366 2231 659 2298 pertinent,
679 2229 757 2284 Ne
788 2232 1010 2299 putetis,
1050 2231 1244 2299 inquit,
1270 2230 1953 2300 impudentissimiJudaei,

365 2322 836 2377 circumcisionem
854 2322 1147 2392 quidquam
1171 2326 1220 2375 ei
1248 2322 1312 2377 ad
1334 2323 1601 2392 justitiam
1623 2325 1951 2392 contulisse;

367 2415 568 2467 etenim
618 2430 726 2483 quo
783 2424 1034 2482 tempore
1098 2414 1423 2484 praeputium
1494 2415 1750 2479 habebat,
1834 2433 1952 2472 eam

367 2507 527 2561 tidem
584 2522 694 2576 pra:
758 2521 817 2560 se
871 2504 1011 2573 tulit,
1045 2516 1103 2560 ut
1153 2506 1417 2561 meruerit
1484 2506 1614 2561 illud
1708 2510 1951 2566 audire:

373 2594 614 2649 Credidit
683 2596 952 2650 Abraham
1026 2595 1157 2660 Deo,
1193 2607 1243 2649 et
1291 2606 1594 2666 reputatum
1642 2600 1723 2653 illi
1750 2611 1826 2654 est
1887 2604 1955 2655 ad

358 2689 639 2757 justitiam
665 2690 708 2744 '.
747 2689 884 2744 Cum
920 2689 1083 2759 igitur
1106 2691 1215 2760 jam
1244 2699 1388 2745 esset
1418 2691 1471 2745 in
1498 2691 1706 2762 justitia
1734 2703 1955 2764 propter

366 2782 550 2845 tidem,
602 2791 732 2836 tunc
770 2781 906 2853 signi
963 2797 1131 2837 causa
1207 2783 1692 2839 circumcisionem
1718 2788 1950 2858 accepit.

366 2876 497 2928 item
534 2877 654 2945 ejus
699 2873 908 2929 nomini
940 2875 1082 2928 Deus
1150 2874 1483 2928 elementum
1547 2875 1817 2947 adiungit,
1900 2886 1956 2933 et

365 2978 556 3037 postea
592 2966 858 3038 praecipit,
920 2976 978 3020 ut
1024 2965 1471 3032 circumcidatur,
1507 2976 1561 3022 et
1611 2968 1865 3023 ostendat
1896 2985 1954 3027 se

365 3066 586 3128 propter
615 3070 864 3133 magnam
914 3056 1045 3126 justi
1083 3055 1342 3109 virtutem
1376 3055 1478 3112 sibi
1528 3056 1679 3110 illum
1715 3058 1951 3113 amicum

2066 571 2260 641 Ψυχῆς
2281 572 2612 642 κατόρθωμα
2639 572 2697 625 τὸ
2716 573 2791 641 μὴ
2808 573 2915 626 τῶν
2935 572 3195 628 πλειόνων
3222 579 3474 653 ἐφίεσθαι,
3489 592 3604 650 ἀλλὰ

2068 665 2161 714 καὶ
2222 662 2289 714 τὰ
2340 661 2470 715 ὄντα
2502 664 2764 733 προέσθαι
2794 667 2906 727 τοῖς
2968 664 3257 735 δεομένοις.
3292 671 3471 745 Ψυχῆς
3502 681 3600 737 ἐστι

2066 753 2402 825 κατόρθωμα
2452 755 2603 825 τὸμὴ
2631 759 2744 819 τοῖς
2770 759 3003 829 παροῦσι
3029 766 3468 835 προστετηκέναι,
3492 774 3605 830 ἀλλὰ

2064 844 2273 898 τούτων
2307 847 2406 916 μὲν
2431 847 2731 917 ὑπερορᾷν,
2754 851 2821 901 τά
2864 849 3130 919 μέλλοντα
3155 852 3211 904 δὲ
3263 856 3381 909 καθ’
3397 860 3605 937 ἑκάστην

2063 937 2278 1006 ἡμέραν
2307 936 2700 1005 φαντάζεσθαι.
2739 938 2801 993 Ἠ
2834 944 3107 1013 περιτομὴ
3163 944 3219 995 δὲ
3250 950 3397 1001 ποῖον
3448 954 3506 1006 ἂν
3535 957 3604 1028 εἴη
3649 974 3655 992 τ

2065 1028 2436 1098 κατόρθωμα;
2521 1030 2660 1084 Ἀλλ’
2718 1033 2765 1084 oi
2848 1034 3167 1102 ἀγνώμονες
3216 1038 3313 1090 καὶ⁵
3352 1040 3605 1112 ἀχάριστοι

2077 1120 2324 1174 Ἰουδαῖοι
2354 1122 2451 1187 τῆς
2480 1123 2739 1193 ἀληθείας
2764 1128 3048 1196 φανείσης,
3084 1127 3162 1181 ἔτι
3186 1132 3255 1200 τῇ
3287 1137 3411 1204 σκιᾷ
3447 1154 3607 1206 παρα-
3645 1142 3650 1175 ὲ

2066 1210 2389 1281 καθήμενοι,
2423 1215 2518 1266 καὶ
2546 1215 2639 1267 τοῦ
2664 1215 2818 1285 ἡλίου
2851 1218 2952 1284 τῆς
2980 1218 3329 1292 δικαιοσύνης
3384 1224 3609 1295 lauda»-

2062 1319 2177 1367 τος,
2200 1305 2293 1355 καὶ
2319 1305 2418 1367 τὰς
2457 1308 2681 1370 ἀκτῖνας
2707 1308 2802 1360 τοῦ
2822 1334 2833 1345 κ
2852 1310 3027 1378 φωτὸς
3058 1314 3336 1384 πανταχοῦ
3365 1316 3606 1385 ἀφιέντος,

2069 1395 2150 1447 ἔτι
2191 1396 2270 1466 τῷ
2295 1395 2560 1467 λυχνιαίῳ
2592 1400 2731 1467 φωτὶ
2759 1398 3199 1470 προσηλωμένοι,
3230 1406 3322 1456 καὶ
3371 1410 3500 1476 μετά
3530 1413 3607 1463 τὸν

2064 1487 2258 1555 καιρὸν
2285 1486 2383 1554 τῆς
2420 1492 2650 1557 στερεᾶς
2682 1490 2893 1559 τροφῆς
2927 1490 3007 1543 ἔτι
3034 1492 3111 1562 τῷ
3161 1495 3392 1562 γάλακτι
3438 1502 3607 1570 τρεφό-

2066 1593 2244 1645 μενοι,
2280 1576 2399 1629 ούδὲ
2430 1576 2524 1629 τοῦ
2552 1581 2831 1649 μακαρίου
2886 1578 3101 1633 Παύλου
3169 1582 3388 1636 ἀκούειν
3413 1588 3609 1656 ἀνέχον-

2063 1686 2152 1721 ται
2182 1668 2438 1739 βοῶντος,
2460 1672 2554 1723 καὶ
2573 1671 2824 1739 λέγοντος
2854 1673 2985 1743 περὶ
3009 1673 3103 1726 τοῦ
3132 1674 3489 1746 πατριάρχου·
3518 1682 3611 1734 Καὶ

2064 1762 2319 1829 σημεῖον
2338 1764 2518 1818 ἔλασε
2554 1764 2901 1834 περιτομῆς,
2933 1765 3206 1836 agam-76a
3261 1767 3371 1837 τῆς
3425 1770 3615 1826 δικαιο-

1986 1839 2259 1922 Βσύνης
2296 1855 2406 1925 τῆς
2430 1859 2692 1921 πίστεως
2722 1857 2833 1925 τῆς
2901 1859 2973 1912 ἐν
3042 1860 3431 1928 ἀκροϐυστίᾳ.
3493 1863 3616 1935 Ὅρα

2058 1950 2175 2010 πῶς
2208 1949 2497 2017 ἀμφότερα
2548 1950 2698 2019 ἡμᾶς
2742 1948 2977 2004 ἐνταῦθα
3018 1951 3228 2017 ἐδίδαξε
3256 1992 3271 2018 ,
3324 1956 3415 2007 καὶ
3435 1955 3616 2027 ὃτιση-

2062 2037 2215 2107 μείου
2263 2037 2424 2106 χάριν
2478 2037 2577 2108 τὴν
2628 2037 2935 2109 περιτομὴν
2981 2041 3337 2105 κατεδέξατο,
3395 2043 3485 2095 καὶ
3548 2044 3617 2099 ὅτι

2058 2130 2223 2200 ἡνίκα
2276 2132 2614 2200 ἀκρίὸυστον
2654 2129 2742 2204 ἦν,
2785 2133 2883 2205 τὴν
2944 2134 3297 2206 δικαιοσύνην
3345 2136 3443 2207 τὴν
3464 2138 3521 2190 ἐκ
3544 2139 3619 2191 πί-

2068 2240 2240 2286 στεως
2280 2223 2615 2290 ἐπεδείξατο.
2666 2225 2785 2279 Ἵνα
2834 2226 2942 2296 γὰρ
2978 2228 3054 2298 μὴ
3090 2228 3425 2300 ἀναισχυντῇ
3448 2229 3612 2282 ὀἸου-

2057 2314 2224 2381 δαῖος,
2292 2318 2385 2369 καὶ
2413 2317 2582 2388 λέγῃ,
2634 2317 2779 2389 ὁτιή
2823 2319 3096 2388 περιτομὴ
3157 2318 3256 2388 τὴν
3305 2319 3621 2391 δικαιοσύνην

2060 2408 2209 2477 αύτῷ
2241 2407 2600 2479 προεξένησε,
2633 2409 2722 2462 διὰ
2782 2408 2944 2463 τοῦτο
2997 2415 3024 2464 ὀ
3086 2412 3365 2480 μακάριος
3422 2404 3621 2478 οὖτος,ὀ

2062 2499 2212 2569 παρὰ
2244 2501 2371 2562 τοὺς
2419 2501 2585 2564 πόδας
2628 2501 2911 2572 Γαμαλιὴλ
2967 2501 3362 2571 μαθητευθεὶς,
3426 2503 3454 2555 ὸ
3499 2503 3622 2558 κατὰ

2057 2589 2343 2661 ἀκρίϐειαν
2411 2592 2505 2644 τοῦ
2557 2593 2724 2663 νόμου
2766 2595 3071 2658 παιδευθεὶς
3112 2596 3253 2665 φησί
3282 2609 3300 2627 ⁸
3334 2595 3429 2663 Μὴ
3478 2597 3622 2664 ropi-

2057 2695 2227 2748 σητε,
2278 2677 2326 2736 ὦ
2370 2683 2767 2753 ἀναίσχυντοι
2826 2684 3132 2753 Ἰουδαῖοι,
3162 2686 3254 2739 ὅτι
3293 2684 3331 2754 ή
3360 2685 3621 2757 περιτομή

2057 2791 2109 2827 τι
2149 2776 2239 2841 είς
2286 2776 2690 2845 δικαιοσύνην
2741 2775 2902 2841 αὑτῷ
2930 2778 3335 2833 συνετέλεσε.
3375 2780 3480 2832 Καὶ
3530 2780 3624 2847 γὰρ

2057 2866 2115 2919 ἐν
2165 2866 2243 2937 τῷ
2302 2867 2477 2939 καιρῷ
2529 2868 2631 2936 τῆς
2675 2868 3042 2940 ἀκροϐυστίας
3103 2870 3207 2939 τὴν
3265 2870 3449 2924 πίστιν
3516 2872 3623 2924 ἐπι-

2057 2956 2369 3028 δειξάμενος
2433 2961 2668 3029 ἤκουσεν
2691 2975 2706 2991 ο
2780 2959 3139 3014 Ἐπίστευσε
3166 2960 3237 3013 δὲ
3278 2959 3524 3029 Ἀϐραὰμ
3557 2958 3625 3026 τῷ

2064 3049 2222 3115 Θεῷ,
2301 3040 2397 3102 καί
2469 3051 2756 3121 ἐλογίσθη
2827 3051 2989 3117 αὐτῷ
3060 3056 3157 3119 εἰς
3228 3052 3626 3122 δικαιοσύνην.

366 3150 708 3220 adjunxisse,
739 3159 795 3205 et
825 3160 1047 3220 propter
1073 3150 1229 3204 illum
1275 3160 1528 3220 posteros
1558 3151 1722 3205 etiam
1758 3152 1953 3222 ipsius.

2066 3143 2351 3212 Γενόμενος
2381 3142 2473 3196 οὖν
2498 3146 2554 3197 ἐν
2582 3147 2649 3216 τῇ
2675 3146 2992 3220 δικαιοσύνῃ
3012 3144 3106 3199 διὰ
3136 3150 3241 3218 τὴν
3274 3146 3478 3213 πίστιν,
3522 3147 3627 3199 τότε

366 3247 467 3309 Ac,
545 3241 1005 3311 quemadmodum
1058 3241 1149 3312 qui
1213 3257 1431 3296 servum
1485 3243 1838 3312 comparavit,
1902 3255 1955 3300 et

368 3352 568 3390 nomen
602 3336 772 3406 ipsius
806 3344 861 3390 ct
895 3335 1140 3389 habitum
1198 3336 1520 3405 plerumque
1549 3346 1871 3402 commutat,
1902 3346 1957 3391 et

366 3430 550 3481 utiutia
621 3426 771 3485 facit,
808 3435 865 3480 ut
918 3425 1009 3479 ille
1046 3434 1406 3495 cognoscatur
1438 3440 1607 3495 seque
1670 3427 1953 3481 dominum

366 3518 485 3585 ejus
518 3532 638 3571 esse
662 3516 902 3571 declaret
934 3533 946 3569 :
988 3514 1066 3569 sic
1097 3516 1226 3569 item
1279 3530 1461 3570 rerum
1514 3516 1759 3570 omnium
1786 3517 1951 3582 Deus,

368 3626 491 3664 cum
565 3610 726 3664 vellet
820 3608 1187 3678 patriarcham
1257 3623 1287 3661 a
1348 3608 1577 3680 reliquis
1639 3609 1955 3665 hominibus

369 3703 731 3775 distinguere,
764 3708 821 3756 et.
853 3701 1095 3755 litteram
1149 3714 1313 3755 unam
1357 3705 1474 3771 ejus
1506 3702 1711 3759 nomini
1760 3703 1955 3772 adjuno

369 3814 501 3869 gens
585 3812 710 3851 eum
764 3796 882 3849 fore
948 3793 1241 3849 multarum
1318 3794 1817 3877 gentium.patrem
1871 3796 1957 3849 in-

368 3888 589 3950 dicavit,
647 3895 702 3941 et
737 3901 833 3956 per
864 3884 1339 3939 circumcisionem
1409 3884 1654 3940 ostendit
1690 3885 1793 3941 sibi
1863 3900 1958 3955 po-

368 3982 558 4053 pulum
585 3979 867 4041 eximium,
901 3986 1017 4030 eta
1083 3977 1309 4045 reliquis
1367 3977 1678 4047 seiunctum
1740 3979 1959 4048 populis

371 4092 439 4129 ex
472 4074 685 4129 semine
715 4073 836 4140 ejus
857 4070 1125 4123 futurum.
1156 4070 1223 4123 At
1249 4069 1324 4122 illi
1356 4070 1666 4142 ignorantia
1699 4071 1959 4127 obcaecati

371 4165 556 4219 carnis
612 4161 1091 4217 circumcisionem
1147 4160 1327 4214 adhuc
1403 4161 1763 4217 observantes
1839 4177 1952 4216 non

374 4257 605 4311 audiunt
692 4252 922 4308 Paulum
983 4252 1064 4306 sic
1122 4266 1220 4307 eos
1271 4252 1469 4307 iterum
1534 4252 1959 4323 alloquentem:

374 4352 431 4405 Si
457 4346 934 4408 circumcidamini,
968 4344 1200 4400 Christus
1226 4344 1366 4398 vobis
1394 4346 1523 4399 nihil
1547 4347 1775 4414 proderit
1797 4348 1817 4378 ³
1844 4363 1858 4412 ;
1893 4346 1962 4401 oh

372 4443 427 4495 id
454 4441 598 4495 enim
635 4448 797 4492 natus
814 4447 896 4491 est
928 4436 1209 4503 Dominus,
1231 4447 1288 4490 ut
1320 4436 1435 4492 haec
1464 4439 1647 4493 omnia
1698 4439 1959 4496 auferret.

2063 3233 2281 3303 δέχεται
2339 3237 2567 3305 σημείου
2609 3237 2771 3307 χάριν
2831 3236 2931 3307 τὴν
2994 3240 3332 3310 περιτομὴν,
3371 3240 3465 3293 καί¹
3511 3238 3629 3310 6μοῦ

2063 3333 2155 3386 καὶ
2185 3333 2260 3401 τῷ
2296 3333 2521 3403 ὀνόματι
2545 3334 2713 3385 αὑτοῦ
2774 3333 2836 3385 τὸ
2864 3335 3138 3403 στοιχεῖον
3170 3334 3481 3403 ἐπιτίθησι,
3548 3333 3631 3387 καὶ

2062 3427 2198 3497 μετὰ
2228 3425 2403 3479 ταῦτα
2430 3426 2529 3497 τὴν
2558 3427 2861 3498 περιτομὴν
2896 3428 3210 3493 ἐπιτάττει,
3240 3427 3330 3481 ἵνα
3360 3425 3524 3499 δείξῃ,
3562 3428 3633 3480 ὅτι

2058 3519 2143 3571 διὰ
2166 3519 2263 3587 τὴν
2295 3517 2504 3588 πολλὴν
2524 3520 2721 3589 ἀρετὴν
2741 3519 2929 3572 λοιπὸν
2959 3519 3051 3572 τὸν
3070 3520 3292 3573 δίκαιον
3318 3520 3629 3592 ᾠκειώσατο,

2058 3610 2153 3664 καὶ
2184 3610 2251 3662 δι’
2282 3612 2485 3664 ἐκεῖνον
2523 3611 2614 3665 καὶ
2647 3613 2775 3674 τοὺς
2804 3612 2861 3677 ἐξ
2918 3611 3091 3664 αὐτοῦ
3155 3615 3478 3683 ἐσομένους.
3542 3612 3635 3665 Kal.

2061 3703 2315 3773 καθάπερ
2349 3722 2433 3766 τις
2481 3706 2701 3775 οίκέτην
2726 3704 3097 3774 κτησάμενος,
3133 3705 3406 3768 πολλάκις
3470 3705 3555 3757 καὶ
3581 3702 3634 3756 τὸ

2060 3794 2233 3865 ὗνομα
2281 3796 2452 3851 αὐτοῦ
2488 3796 2835 3868 μετατίθησι,
2864 3796 3041 3850 καὶτὸ
3074 3796 3300 3868 σχῆμα,
3338 3797 3435 3852 καλ⁵
3476 3796 3637 3851 πάντα

2069 3893 2237 3955 ποιεῖ,
2264 3889 2403 3943 ὥστε
2437 3891 2747 3962 κατάδηλον
2770 3893 2932 3945 αὑτὸν
2961 3894 3225 3963 ποιῆσαι,
3256 3893 3345 3945 ἵνα
3404 3891 3491 3945 διὰ
3522 3890 3639 3945 πάν-

2066 4000 2174 4035 των
2207 3984 2456 4063 κηρύττη
2513 3986 2612 4055 τὴν
2648 3984 2968 4039 δεσποτείαν
2996 3985 3186 4039 ὀὓτω
3238 3986 3308 4058 δὴ
3363 3986 3460 4040 καὶ
3493 3986 3520 4039 ὁ
3547 3982 3641 4037 τῶν

2066 4077 2208 4131 ὅλων
2244 4077 2397 4144 Θεὸς,
2452 4078 2644 4150 ὥσπερ
2668 4082 2905 4152 χωρίσαι
2938 4082 3045 4134 τῶν
3095 4083 3282 4137 ἄλλων
3353 4081 3641 4151 ἀνθρώπων

2067 4169 2233 4220 αὐτὸν
2258 4168 2600 4238 βουλόμενος,
2636 4170 2724 4223 διὰ
2756 4171 2855 4240 μὲν
2887 4171 2986 4241 τῆς
3014 4172 3354 4245 προσθήκης
3386 4170 3482 4225 τοῦ
3516 4185 3643 4222 στοι-

2066 4261 2238 4330 χείου,
2273 4262 2355 4313 ὅτι
2380 4261 2594 4313 πολλῶν
2631 4262 2801 4315 ἐθνῶν
2826 4265 3012 4334 πατὴρ
3043 4263 3210 4316 ἔσται
3263 4264 3531 4332 ἐμήνυσε,
3568 4258 3644 4312 διὰ

2065 4352 2119 4404 δὲ
2152 4353 2247 4421 τῆς
2283 4354 2609 4424 περιτομῆς,
2647 4354 2727 4407 ὅτι
2756 4354 3033 4425 ἐξαίρετος
3082 4353 3263 4408 αὐτοῦ
3326 4354 3484 4406 ἔσται
3508 4349 3641 4413 λαδς,

2067 4446 2160 4498 καὶ
2191 4445 2299 4497 τῶν
2327 4445 2530 4498 λοιπῶν
2590 4446 2761 4499 ἐθνῶν
2797 4448 3225 4519 κεχωρισμένον
3286 4448 3350 4499 τὸ
3410 4447 3469 4511 ἐξ
3496 4444 3643 4498 αὑτοῦ

375 4534 442 4587 Ει
477 4530 684 4588 idcirco
712 4531 828 4600 ipse
866 4538 1038 4583 totam
1075 4528 1246 4599 legem
1294 4528 1559 4599 implevit,
1593 4538 1649 4583 ut
1674 4531 1810 4604 legis
1866 4531 1957 4586 ob-

2073 4535 2265 4604 μέλλον
2296 4536 2582 4589 τίκτεσθαι
2618 4537 2840 4608 σπέρμα
2870 4553 2884 4568 ⁶
2919 4542 2967 4591 εί
2999 4541 3098 4590 καὶ
3150 4540 3363 4591 ἐκεῖνοι
3409 4538 3498 4590 διὰ
3562 4533 3647 4603 τὴν

376 4623 738 4678 servationem
769 4635 877 4674 non
911 4620 1118 4674 sineret
1164 4619 1389 4674 ulterius
1446 4620 1726 4689 progredi.
1813 4620 1957 4687 Qua-

2069 4622 2273 4675 οίκείαν
2305 4623 2565 4695 πώρωσιν
2598 4625 2677 4678 ἔτι
2702 4630 2803 4691 τὴν
2828 4627 3140 4697 περιτομὴν
3184 4631 3291 4698 τῆς
3323 4627 3531 4696 σαρκὸς
3561 4642 3651 4693 φυ-

373 4725 596 4785 ptopter
661 4722 717 4769 et
760 4712 955 4767 beatus
984 4710 1192 4765 Paulus
1229 4710 1501 4766 clamabat
1536 4728 1549 4764 :
1579 4710 1679 4775 Qui
1711 4711 1764 4764 in
1824 4716 1956 4783 lege,

2069 4714 2284 4769 λάπτειν
2328 4717 2630 4787 βούλονται,
2676 4719 2777 4771 οὐκ
2826 4718 3121 4782 ἀκούοντες
3208 4721 3381 4775 πάλιν
3453 4718 3648 4772 Παύλου

373 4804 1054 4875 inquiens,justiﬁcamini,
1089 4820 1120 4857 a
1153 4805 1329 4872 gratia
1363 4802 1629 4855 excidistis
1663 4803 1705 4856 ⁸.

2068 4808 2318 4877 λέγοντος
2341 4829 2355 4844 ο
2375 4812 2515 4865 Ἐὰν
2541 4812 2993 4882 περιτέμνησθε,
3016 4814 3288 4881 Χριστός
3308 4811 3654 4885 ὑμᾶςρὺδὲν

373 4898 696 4969 ὠφελήσει.
724 4898 823 4949 Διά
865 4895 974 4967 γὰρ
1006 4894 1166 4949 τοῦτο
1198 4896 1532 4965 παρεγένετο
1582 4897 1610 4947 ὁ
1651 4894 1949 4967 Δεσπότης,
1988 4899 2072 4951 ἵνα
2090 4903 2263 4956 ταῦτα
2289 4904 2452 4975 ἀνέλῃ
2481 4918 2494 4932 ·
2533 4907 2628 4957 καὶ
2652 4906 2741 4959 διὰ
2773 4906 2930 4958 τοῦτο
2950 4908 3135 4960 πάντα
3174 4912 3274 4961 τὶν
3315 4910 3485 4979 νόμον
3502 4908 3655 4978 ἐπλή·

380 5008 573 5061 ρωσεν,
600 4992 687 5044 ἵνα
718 4992 893 5061 στήσῃ
920 4988 1107 5040 λοιπὸν
1133 4987 1228 5039 τοῦ
1243 4988 1409 5057 νόμου
1442 4986 1541 5054 τὴν
1567 4988 1976 5055 παρατήρησιν.
2010 4994 2108 5047 Διὰ
2145 4996 2302 5048 τοῦτο
2329 4995 2481 5062 ἐϐόα,
2516 5000 2608 5051 καὶ
2646 4996 2832 5066 ἔλεγεν
2856 5000 2881 5051 ὀ
2910 4998 3203 5069 μακάριος
3238 5001 3482 5065 Παῦλο,’
3517 5002 3656 5053 Οἷτι⁴

375 5102 478 5150 rec
502 5084 570 5136 έν
599 5084 759 5152 νόμῳ
786 5080 1138 5135 δικαιοῦσθε
1164 5077 1275 5146 τῆς
1309 5078 1551 5147 χάριτος
1579 5078 1923 5142 ἐξεπέσετε.
3689 5122 3692 5147 l

444 5197 471 5250 Ι
480 5211 578 5251 tem
604 5202 666 5252 de
697 5194 1110 5249 circumcisione.
1137 5191 1218 5245 Ex
1258 5191 1610 5256 Damasceno,
1639 5210 1757 5262 cap.
1794 5196 1888 5251 54.

2071 5199 2416 5265 Κεφάλαιον
2439 5197 2552 5253 .16".
2588 5198 2730 5281 Περὶ
2762 5199 2873 5265 τῆς
2911 5200 3107 5281 αὐτῇς
3160 5204 3529 5274 περιτομῆς,
3559 5201 3656 5258 τοῦ

2652 5275 3075 5335 Δαμασκηνοῦ.
3418 5330 3423 5335 ,

2156 5363 2217 5416 Ἠ
2237 5362 2514 5432 περιτομὴ
2552 5363 2656 5432 πρὸ
2689 5361 2782 5415 τοῦ
2806 5364 2970 5433 νόμου
3004 5363 3175 5435 ἐδὸθη
3241 5366 3329 5431 τῷ
3397 5365 3659 5437 Ἀϐραὰμ.

2070 5455 2209 5523 μετά
2269 5456 2367 5515 τὰς
2418 5454 2694 5520 εὐλογίας,
2766 5456 2905 5523 μετὰ
2958 5456 3053 5524 τὴν
3124 5458 3530 5527 ἐπαγγελίαν,
3576 5472 3661 5525 ση-

2080 5548 2232 5614 μεῖον
2287 5546 2710 5599 ἁποδιαστέλλον
2761 5547 2945 5611 αὑτὸν,
3020 5548 3125 5599 καὶ
3179 5550 3319 5612 τοὺς
3390 5551 3452 5617 ἐξ
3484 5547 3661 5612 αὑτοῦ,

2076 5638 2167 5689 καὶ
2226 5636 2353 5698 τοὺς
2413 5637 2578 5689 αἱ.τοῦ
2636 5639 2933 5705 οἰκογενεῖς
2988 5640 3049 5691 ἐκ
3115 5640 3235 5694 τῶν
3288 5641 3492 5711 ἐθνῶν,
3554 5637 3661 5712 μεθ’

3686 5750 3693 5775 i

448 5354 575 5409 Post
609 5352 802 5423 legem,
842 5358 965 5420 post
994 5347 1455 5414 benedictionem,
1488 5360 1611 5419 post
1640 5352 1957 5420 promissio-

379 5462 503 5501 nem
551 5443 895 5500 circumcisio
948 5441 1072 5495 data
1123 5450 1206 5494 est
1255 5441 1550 5505 Abraham,
1597 5445 1672 5497 uti
1720 5445 1955 5514 signum,

377 5539 523 5607 quod
553 5552 699 5599 cum,
735 5545 790 5588 et
823 5534 961 5587 ﬁlios
988 5540 1151 5602 atque
1180 5533 1511 5590 domesticos
1542 5537 1683 5605 ejus,
1726 5552 1754 5589 a
1787 5540 1964 5605 genti-

377 5631 501 5697 bus,
534 5627 855 5698 quibuscum
874 5625 1213 5691 versabatur,
1234 5626 1608 5696 distingueret.
1644 5630 1757 5683 iioc
1782 5638 1963 5683 autem

454 5792 471 5823 ’
509 5791 669 5846 Rom.
726 5807 799 5860 ιν,
852 5792 936 5847 11.
1016 5796 1034 5826 ²
1066 5790 1202 5848 Gen.
1238 5808 1327 5859 xv,
1356 5794 1420 5861 6;
1454 5795 1611 5850 Rom.
1642 5811 1714 5863 tv,
1740 5795 1793 5852 5.
1875 5794 1893 5827 ⁸
1930 5794 1957 5849 C

2079 5812 2131 5862 ν,
2168 5797 2223 5854 2.
2321 5796 2494 5851 ‘ibid.
2533 5798 2589 5851 4.
