3954 6558
411 415 517 481 307

1652 424 1972 488 EUTHYM
1985 427 2039 488 Π
2082 430 2443 494 ZlGABENl

3571 439 3671 502 308

413 532 528 585 mali
578 540 628 586 et
659 541 814 587 term
846 533 885 587 ⁸.
935 532 1067 599 Quae
1128 549 1252 589 cum
1299 531 1373 589 ita
1409 534 1540 599 sint,
1582 540 1859 607 quomodo
1898 539 2000 593 erit

2118 543 2631 615 Ἐξομολογοῦμαί
2672 560 2793 609 σοι,
2825 547 3013 615 Πάτερ
3054 547 3224 616 Κύριε
3266 546 3373 601 τοῦ
3416 548 3673 616 οὐρανοῦ

412 623 553 677 alter
576 634 773 693 prat'ter
804 624 950 680 hunc
976 624 1160 682 Deus?
1187 627 1295 682 Aut
1328 629 1548 682 ubinam
1574 628 1679 683 erit
1710 644 1999 684 commen-

415 716 569 771 titius
599 717 827 773 istorum
867 719 1032 783 Deus,
1067 734 1192 775 cum
1233 722 1380 776 solus
1426 720 1534 785 hic,
1564 728 1619 774 et
1652 736 1815 775 verus
1854 719 1997 775 Deus

412 818 611 862 cuncta
660 811 782 866 caeli
852 820 1121 881 terraeque
1169 813 1455 883 complexu
1506 812 1782 881 compleat
1830 811 2002 866 lAut

412 902 687 967 quomodo
724 903 796 957 sit
828 918 1016 957 earum
1051 919 1231 957 rerum
1266 904 1581 968 fabricator,
1617 920 1846 974 quarum
1885 905 1998 973 ipse

411 990 556 1046 Deus
580 1001 634 1047 et
657 991 820 1048 l'ater
839 994 1043 1050 Christi
1068 996 1330 1050 Dominus
1359 1006 1463 1060 est,
1489 1007 1547 1050 ut
1573 1010 1669 1051 ore
1702 1011 1801 1052 suo
1836 993 1998 1050 Chri-

412 1094 531 1139 stus
574 1094 806 1140 testatur
834 1088 858 1141 'l
890 1087 1001 1143 Nisi
1026 1104 1147 1159 quae
1194 1088 1284 1144 Dei
1330 1089 1457 1144 boni
1504 1098 1651 1153 sunt,
1699 1104 1888 1144 eorum
1933 1102 1997 1142 ex

411 1193 571 1247 aequo
603 1187 658 1232 et
691 1180 894 1233 malum
926 1196 1046 1236 esse
1080 1197 1239 1251 posse
1269 1182 1553 1237 dominum
1588 1182 1816 1237 dicant?
1844 1180 1997 1246 Quod

412 1270 455 1324 si
491 1269 748 1335 dixerint,
781 1271 1026 1338 attende,
1054 1272 1107 1327 in
1147 1282 1404 1344 quantam
1443 1273 1785 1343 impietatem
1816 1272 2000 1327 incur-

416 1372 561 1419 rent.
610 1364 667 1418 In
711 1364 778 1420 iis
812 1366 981 1431 enim,
1016 1382 1249 1436 quorum
1282 1382 1432 1438 aequa
1463 1376 1707 1438 potestas
1736 1374 1841 1432 est,
1878 1375 2002 1421 uter

416 1455 765 1525 praestantior
808 1457 898 1521 sit,
945 1458 1173 1529 reperiri
1212 1474 1319 1514 non
1362 1469 1561 1531 potest.
1614 1460 1750 1514 Nam
1791 1459 1835 1515 si
1890 1474 2002 1515 uno

417 1548 588 1602 invito
617 1549 754 1603 alter
812 1558 916 1614 est,
946 1549 1171 1620 aequalis
1205 1560 1260 1606 et
1293 1567 1390 1621 par
1419 1562 1504 1607 est
1560 1553 1850 1622 utriusque
1886 1561 2000 1607 tum

416 1639 521 1705 vis,
550 1649 667 1695 tum
698 1641 1066 1699 imbecillitas.
1096 1643 1344 1714 Equalis
1364 1644 1509 1700 enim
1536 1645 1619 1700 vis
1648 1661 1713 1701 ex
1740 1660 1808 1701 εο
1871 1660 2002 1715 per-

412 1729 600 1799 spicua
643 1740 747 1800 est,
776 1733 920 1803 quod
952 1748 1011 1789 se
1042 1734 1278 1789 vicissim
1308 1745 1593 1805 superant,
1616 1751 1741 1789 cum
1784 1734 2004 1790 nolente

412 1823 586 1878 altero
616 1833 846 1894 uterque
869 1834 985 1894 est;
1019 1841 1118 1897 par
1143 1837 1325 1881 autem
1357 1827 1704 1883 imbecillitas
1733 1828 1860 1881 inde
1886 1826 2002 1880 col-

2103 635 2202 689 καί
2228 634 2340 703 τῆς
2366 635 2498 705 γῆς.
2529 637 2588 690 Εἰ
2616 637 2670 691 δὲ
2702 632 2781 698 είς
2804 639 2950 691 ἐστιν
2980 642 3008 693 ὁ
3031 639 3187 701 Θεὸς,
3212 640 3306 691 καὶ
3335 632 3493 701 οὗτος
3514 641 3677 709 ούρα-

2105 726 2197 781 νοῦ
2246 731 2340 783 καὶ
2386 728 2490 798 γῆς
2523 730 2746 799 Κύριος,
2791 732 2908 794 πῶς
2946 730 3103 794 ἀλλος
3136 732 3202 785 ἂν
3237 734 3320 800 είη
3360 730 3494 793 Θεὸς
3531 733 3677 800 παρά

2103 818 2326 886 τοῦτον;
2375 820 2483 874 ῐῐοῦ
2528 822 2583 873 δὲ
2630 823 2724 875 καὶ
2750 822 2906 876 ἔσται
2944 824 2972 875 ὀ
3017 822 3142 875 κατ’
3178 823 3377 886 αὐτοὺς
3413 822 3571 887 Θεὸς,
3614 825 3679 875 τὰ

2106 906 2288 961 πάντα
2316 908 2411 961 τοῦ
2443 910 2606 978 μόνου
2637 911 2732 963 καὶ
2758 911 3015 981 ἀληθινοῦ
3043 913 3151 981 πλη
3163 912 3381 982 ροῦντος
3409 913 3555 966 κατά
3583 914 3682 972 τὴν

2104 997 2201 1051 τοῦ
2222 998 2454 1068 οὐρανοῦ
2480 1000 2572 1053 καὶ
2590 1000 2694 1068 γῆς
2720 1001 3015 1072 περίληψιν
3046 1020 3060 1067 ;
3087 1001 3209 1063 Πῶς
3234 1002 3291 1054 δὲ
3321 1004 3415 1055 καὶ
3438 1001 3599 1064 ἀλλος
3617 1002 3683 1055 ἀν

2105 1086 2195 1158 εἴη
2221 1089 2470 1160 ποιητὴς,
2490 1084 2566 1144 ὧν
2598 1091 2761 1153 αὐτὸς
2783 1094 2810 1144 ὁ
2832 1091 2963 1153 Θεὸς
2988 1092 3081 1145 καὶ
3104 1092 3294 1163 Πατὴρ
3320 1091 3413 1145 τοῦ
3442 1091 3685 1161 Χριστοῦ

2107 1181 2225 1233 ἐστι
2264 1178 2485 1248 Κύριος,
2521 1181 2665 1234 κο.τά
2694 1182 2794 1251 τὴν
2820 1181 2917 1235 τοῦ
2956 1182 3208 1253 Σωτῆρος
3240 1182 3469 1250 φωνήν;
3512 1181 3575 1233 Εί
3612 1181 3687 1250 μὴ

2106 1272 2215 1339 ἄρα
2245 1266 2379 1326 ὦσιν
2428 1276 2486 1327 ὲν
2527 1275 2849 1347 ίσοστασίῳ,
2883 1276 2979 1330 κα)⁸
3016 1275 3124 1328 τῶν
3180 1275 3274 1328 τοῦ
3306 1273 3517 1342 ἀγαθοῦ
3548 1273 3689 1327 Θεοῦ

2107 1362 2200 1416 τὺν
2229 1364 2433 1434 φαῦλον
2457 1366 2718 1421 δύνασθαι
2748 1368 3002 1436 γενέσθαι
3033 1370 3240 1438 Κύριον
3272 1370 3501 1421 εἴποιεν.
3544 1365 3689 1420 Ἀλλ’

2111 1456 2206 1509 ὲάν
2236 1455 2394 1509 τοῦτο
2426 1458 2680 1524 λέγωσιν,
2706 1460 2807 1529 ὅρα
2831 1462 2909 1523 εἰς
2939 1461 3072 1531 ὅσην
3101 1459 3359 1513 ἀσέϐειαν
3387 1459 3691 1511 ἐκπίπτου-

2115 1566 2219 1604 σιν.
2262 1551 2349 1603 Ἐν
2378 1552 2489 1623 γὰρ
2516 1556 2627 1616 τοῖς
2647 1554 2715 1606 τὰ
2747 1552 2837 1607 ἷσα
2862 1553 3183 1621 δυναμένοις
3208 1552 3271 1606 τὸ
3301 1552 3569 1623 ὑπερέχον
3589 1550 3690 1604 καὶ

2110 1642 2358 1710 κρεῖττον
2405 1643 2505 1695 ούκ
2538 1643 2604 1697 ἂν
2650 1644 2923 1717 εὑρεθείη.
2958 1644 3065 1699 Καὶ
3095 1645 3202 1715 γὰρ
3234 1647 3284 1698 εί
3323 1644 3398 1715 μὴ
3443 1645 3693 1708 θέλοντος

2110 1734 2204 1787 τοῦ
2239 1734 2428 1805 ἑτέρου
2466 1736 2523 1787 τὸ
2562 1735 2748 1804 ἕτερον
2786 1737 2954 1797 ἐστιν,
2988 1736 3079 1806 ἴση
3111 1737 3435 1808 ἀμφοτέρων
3464 1736 3499 1805 ἠ
3526 1734 3693 1788 δύνα-

2115 1843 2228 1895 μις,
2263 1826 2358 1879 καὶ
2386 1826 2642 1880 ἀσθένειά
2676 1829 2823 1880 ἐστιν
2848 1842 2865 1861 ο
2899 1827 2987 1896 ίση
3018 1828 3118 1896 μὲν
3156 1829 3187 1897 ή
3214 1826 3467 1895 δύναμις,
3492 1827 3574 1879 ὅτι
3602 1844 3695 1879 νι-

412 1913 621 1985 ligitur.
653 1917 798 1987 quod
829 1932 915 1973 res
946 1931 1143 1988 praeter
1166 1918 1453 1990 utriusque
1488 1920 1817 1975 sententiam
1845 1919 1993 1973 acci-

2114 1917 2269 1971 ιῶσιν
2321 1918 2569 1987 ἀλλήλων
2617 1921 2716 1989 τὴν
2760 1918 3015 1990 βούλησιν
3068 1921 3124 1973 ὲν
3147 1918 3224 1990 τῷ
3267 1915 3412 1972 εἶναι
3448 1936 3461 1951 ο
3497 1920 3585 1987 ίση
3633 1918 3697 1971 es

412 2006 587 2073 dunt,
622 2006 888 2077 siquidem
918 2018 973 2064 et
1000 2009 1220 2065 nolente
1244 2010 1386 2064 malo
1412 2010 1588 2065 bonus
1617 2019 1721 2075 est,
1753 2019 1807 2064 et
1829 2010 2001 2064 malus

413 2099 586 2155 invito
619 2098 786 2157 bono.
826 2098 1118 2166 Prteterea,
1156 2102 1201 2156 si
1233 2104 1408 2158 malus
1436 2103 1618 2159 eﬂ'ecit
1641 2119 1703 2157 ea
1734 2118 1854 2172 qua:
1884 2117 2004 2157 cer-

412 2191 618 2259 nimus,
652 2192 862 2263 ecquod
904 2192 1030 2248 boni
1069 2194 1287 2249 tandem
1311 2194 1414 2249 erit
1440 2194 1627 2266 opus?
1675 2192 1821 2248 Nihil
1857 2193 2000 2248 enim

410 2284 662 2338 cernitur
684 2294 884 2354 praeter
909 2283 1173 2340 mundum
1202 2286 1348 2341 hunc
1367 2286 1435 2340 ab
1456 2284 1648 2355 opitlce
1674 2284 2002 2354 perfectum.

414 2377 537 2445 Quo
573 2379 741 2451 igitur
773 2378 977 2434 iudicio
1008 2394 1130 2435 esse
1158 2387 1520 2449 cognoscetur
1550 2379 1658 2442 ille,
1694 2379 1787 2448 qui
1832 2378 2006 2432 bonus

412 2486 520 2535 εει,
549 2485 673 2525 cum
702 2470 852 2525 nulla
892 2479 1109 2526 exstent
1139 2485 1305 2541 Opera
1334 2470 1525 2541 ipsius,
1560 2483 1625 2523 ex
1656 2469 1857 2539 quibus
1891 2466 2006 2536 ipse

410 2560 654 2631 dignosci
689 2562 905 2631 queat?
944 2561 1150 2617 Artifex
1188 2564 1334 2617 enim
1386 2578 1452 2616 ex
1485 2563 1747 2633 operibus
1798 2575 2003 2630 cogno-

412 2650 612 2706 scitur.
635 2650 754 2707 Jam
786 2653 1060 2722 quomodo
1085 2652 1245 2708 simul
1277 2667 1398 2708 esse
1429 2661 1688 2722 poterunt
1717 2650 1828 2704 duo
1859 2650 2004 2703 inter

412 2761 473 2799 se
508 2747 784 2802 contraria
810 2748 832 2802 ?
861 2748 969 2803 Aut
992 2747 1121 2817 quid
1153 2762 1216 2801 ea
1248 2746 1479 2809 dividet,
1505 2755 1564 2801 ut
1587 2743 2009 2817 disjungantur?

412 2839 549 2893 Nam
586 2848 645 2895 ut
685 2840 847 2896 simul
868 2841 997 2904 sint,
1033 2841 1146 2897 ﬁeri
1180 2856 1289 2896 non
1323 2847 1525 2911 potest,
1558 2856 1679 2894 cum
1710 2850 2004 2908 utrumque

413 2932 646 2987 alterum
684 2934 859 2989 tollat.
896 2935 1090 3004 Neque
1120 2944 1179 2989 ut
1209 2948 1379 2989 unum
1424 2934 1477 2987 iu
1524 2932 1699 2987 altero
1732 2932 1826 2995 sit,
1866 2945 2008 2999 quo-

410 3032 561 3088 niam
594 3044 785 3085 eorum
831 3036 1028 3082 natura
1078 3026 1356 3082 dissimilis
1390 3039 1499 3078 non
1546 3023 1749 3093 patitur
1784 3022 2013 3091 conjun-

404 3127 675 3183 cetionem.
696 3123 944 3179 Tertium
973 3122 1139 3192 igitur
1168 3119 1293 3185 erit,
1321 3117 1464 3190 quod
1488 3134 1548 3172 ea
1579 3118 1817 3179 dirimat,
1835 3119 2008 3185 quod-

2086 2014 2137 2079 νὴ
2162 2010 2439 2075 ἀσθένεια,
2477 2011 2560 2063 ὅτι
2587 2011 2661 2082 μὴ
2693 2009 3042 2081 βουλομένοις
3062 2012 3246 2073 αὐτοῖς
3282 2010 3434 2080 παρά
3462 2008 3701 2079 γνώμην

2105 2102 2394 2156 ἀποϐαίνει
2437 2102 2504 2156 τά
2553 2103 2879 2173 πράγματα.
2925 2105 3085 2157 Ἐστι
3135 2106 3245 2174 γὰρ
3293 2105 3387 2157 καὶ
3422 2106 3451 2157 ὁ
3489 2101 3705 2169 ἀγαθὸς

2106 2192 2261 2263 παρά
2303 2191 2529 2263 γνώμην
2570 2191 2665 2245 τοῦ
2709 2192 2944 2261 φαύλου.
2996 2193 3154 2246 Ἐστι
3192 2192 3247 2247 δὲ
3292 2194 3383 2247 καὶ
3426 2195 3456 2246 ὁ
3493 2191 3705 2260 φαῦλος

2107 2283 2260 2352 παρὰ
2285 2280 2543 2351 βούλησιν
2562 2283 2654 2336 τοῦ
2679 2282 2908 2351 ἀγαθοῦ.
2934 2284 3147 2345 ’Ἄλλως
3172 2301 3255 2347 τε,
3291 2286 3387 2337 καὶ
3406 2280 3565 2335 τοῦτο
3586 2282 3659 2350 γά
3668 2297 3705 2350 ρ

2109 2377 2177 2431 ἄν
2208 2393 2294 2437 τις
2329 2376 2515 2438 αὐτοῖς
2542 2375 2709 2439 εἴποι,
2743 2376 2793 2428 εί
2827 2375 2896 2429 τά
2921 2377 3227 2446 φαινόμενα
3254 2375 3390 2443 ἔργα
3417 2373 3513 2427 τοῦ
3548 2374 3664 2441 φαύ
3685 2401 3706 2414 ο

2110 2466 2202 2519 λου
2246 2467 2384 2531 ἐστὶ,
2431 2467 2484 2519 τί
2535 2466 2597 2520 τὸ
2649 2466 2813 2537 ἔργον
2858 2468 2954 2521 τοῦ
2999 2466 3245 2536 ἀγαθοῦ;
3292 2466 3547 2521 Φαίνεται
3588 2466 3709 2532 γάρ

2111 2560 2267 2614 οὐδὲν
2303 2560 2449 2630 πλὴν
2485 2560 2583 2630 τῆς
2615 2560 2712 2613 τοῦ
2745 2559 3086 2631 δημιουργοῦ
3122 2563 3376 2622 κτίσεως.
3406 2560 3472 2612 Τί
3503 2558 3561 2612 δὲ
3601 2557 3709 2611 καὶ

2110 2653 2206 2706 τοῦ
2252 2648 2396 2708 εἶναι
2433 2655 2525 2705 τὸν
2567 2654 2770 2722 ἀγαθὸν
2815 2653 3132 2724 γνώρισμα,
3177 2654 3279 2705 οὐκ
3313 2654 3482 2706 ὅντων
3528 2649 3705 2703 αὑτοῦ

2112 2748 2321 2817 ἔργων,
2358 2745 2426 2799 δι’
2456 2739 2531 2800 ὧν
2569 2746 2634 2799 ἂν
2680 2746 2988 2817 γνωσθείη;
3036 2747 3132 2798 Ἐκ
3168 2746 3276 2815 γάρ
3313 2743 3421 2797 τῶν
3455 2744 3633 2812 ἔργων
3674 2744 3709 2795 ὁ

2112 2839 2452 2909 δημιουργὸς
2475 2839 2829 2905 γινώσκεται.
2864 2838 2988 2901 Πῶς
3015 2839 3071 2891 δὲ
3095 2838 3233 2900 ὅλως
3269 2838 3363 2890 καὶ
3398 2837 3493 2890 δύο
3518 2835 3585 2890 ἀν
3611 2836 3703 2905 εἴη

2113 2929 2334 2983 ἐναντία
2362 2928 2646 2998 mpm;
2683 2928 2748 2981 "ll
2783 2929 2836 2981 τί
2867 2929 2929 2981 τὸ
2960 2926 3207 2995 διαιροῦν
3238 2928 3355 2979 ἐστι
3395 2926 3574 2978 ταῦτα
3605 2924 3703 2976 ἶνα

2117 3022 2290 3093 χωρὶς
2340 3022 2586 3093 ἀλλήλων
2638 3022 2949 3089 γένωνται;
3004 3016 3148 3075 εἶναι
3199 3022 3309 3091 γᾶιρ
3358 3017 3535 3073 ταῦτα
3588 3017 3711 3085 ἅμα

2120 3112 2383 3164 ἀδύνατον
2407 3151 2422 3176 ,
2462 3112 2552 3165 διὰ
2587 3112 2647 3164 τὸ
2680 3109 3007 3182 ἀναιρετικά
3047 3110 3301 3179 ἀλλήλων
3341 3103 3507 3161 εἶναι.
3560 3106 3710 3157 Ἀλλ’

410 3233 523 3290 que
551 3218 624 3273 sit
663 3224 719 3272 et
760 3216 940 3286 ipsum
972 3213 1139 3269 Deus.
1174 3213 1244 3267 At
1281 3210 1587 3281 qualisnam
1624 3210 1725 3263 erit
1765 3216 1819 3261 et
1862 3206 2004 3261 tertii

2120 3205 2238 3259 οὑδὲ
2270 3204 2458 3273 ἕτερον
2489 3206 2546 3258 ἐν
2571 3204 2743 3274 ἑτέρῳ
2766 3204 3019 3273 δυνηθείη
3054 3203 3122 3256 ἀν
3180 3195 3323 3254 εἶναι
3356 3199 3444 3253 διὰ
3484 3197 3545 3251 τὸ
3577 3196 3712 3266 ἀμι-

412 3310 658 3369 natura?
698 3308 907 3363 Bouive
948 3305 1169 3369 similis,
1200 3318 1268 3358 an
1305 3302 1476 3357 mali?
1517 3301 1812 3368 Utriusque
1852 3303 2000 3354 enim

412 3419 538 3459 esse
595 3416 705 3457 non
753 3408 956 3471 potest.
1004 3394 1148 3466 Ergo
1194 3412 1317 3453 cum
1363 3396 1589 3450 istorum
1635 3401 2005 3448 cummcntum

413 3497 667 3568 putidum
699 3507 825 3549 esse
861 3483 1238 3555 convincatur,
1277 3487 1645 3545 necessarium
1690 3495 1775 3541 est
1827 3495 1887 3539 ut
1919 3500 2009 3539 ec-

415 3588 739 3646 clesiasticae
787 3584 1050 3642 doctrinae
1096 3584 1304 3639 veritas
1350 3582 1584 3645 eluceat,
1673 3596 1794 3651 qua:
1846 3577 2010 3634 tradit

419 3685 624 3739 malum
654 3696 757 3736 nec
788 3695 818 3735 a
858 3678 968 3733 Deo
999 3676 1328 3748 profectum,
1357 3692 1460 3730 nec
1492 3676 1545 3729 in
1589 3673 1698 3729 Deo
1733 3689 1877 3739 esse,
1907 3687 2010 3727 nec

422 3778 494 3832 ab
522 3776 679 3831 initio
711 3774 884 3829 fuisse
919 3772 1146 3837 factum,
1178 3784 1356 3840 neque
1390 3780 1665 3833 naturam,
1695 3777 1789 3822 aut
1817 3780 2007 3821 essen-

413 3874 548 3927 tiam
585 3870 708 3940 ejus
734 3868 897 3923 ullam
930 3865 1220 3929 exsistere,
1253 3864 1345 3917 sed
1366 3861 1617 3916 homines
1648 3859 2008 3931 privationem

412 3962 546 4020 boni
574 3961 902 4032 cogitantes.
932 3957 1165 4026 cmpisse
1188 3971 1276 4018 ea,
1302 3969 1425 4023 qua:
1450 3969 1559 4007 non
1593 3962 1741 4014 sunt,
1777 3966 2006 4022 quaeque

414 4056 515 4122 ipsi
564 4054 777 4119 volunt,
825 4050 927 4105 sibi
973 4049 1105 4118 ipsis
1150 4047 1466 4118 contingere
1493 4087 1508 4109 .
1555 4056 1610 4101 et
1641 4043 2007 4100 comminisci.

418 4141 895 4213 Quemadmodum
926 4140 1074 4196 enim
1107 4140 1151 4194 si
1180 4140 1303 4208 quis
1333 4140 1546 4192 lucente
1578 4139 1712 4203 sole,
1753 4149 1806 4193 et
1840 4136 2008 4191 radiis

419 4238 538 4293 suis
566 4246 767 4291 terram
800 4232 1112 4288 universam
1146 4230 1451 4287 illustrante
1480 4229 1740 4287 clauserit
1785 4228 2000 4295 oculos,

414 4325 520 4381 sibi
555 4324 675 4394 ipse
708 4324 979 4385 tenebras,
1010 4334 1136 4390 quas
1161 4319 1331 4376 nullae
1368 4332 1516 4388 sunt,
1549 4322 1761 4391 pariet;
1795 4334 1859 4375 ex
1899 4334 2009 4390 quo

417 4418 533 4482 ﬁet,
562 4425 620 4472 ut
647 4432 843 4472 errans
870 4415 929 4469 in
954 4412 1194 4469 tenebris
1227 4414 1490 4479 ambulet,
1531 4426 1585 4470 et
1620 4429 1762 4485 saepe
1789 4412 2008 4476 titubet,

416 4520 472 4566 et
504 4510 686 4577 cadat,
718 4518 776 4565 et
811 4524 843 4564 e
874 4510 1011 4565 locis
1042 4510 1335 4580 prmruptis
1364 4524 1605 4579 preceps
1642 4516 1788 4574 ruat,
1818 4506 2006 4562 existi-

2116 3314 2246 3349 κτον
2269 3297 2359 3350 sui
2381 3297 2635 3366 ἀνόμοιον
2661 3294 2842 3348 αὐτῶν
2869 3295 2969 3365 τῆς
2997 3293 3233 3361 φύσεως.
3256 3289 3472 3348 Οὐκοῦν
3497 3291 3563 3341 ὲκ
3588 3290 3711 3358 τρί-

2110 3405 2204 3442 του
2254 3389 2316 3441 τὸ
2362 3386 2608 3458 διαιροῦν
2646 3388 2972 3456 φανήσεται,
3006 3388 3102 3439 καὶ
3154 3384 3287 3439 αὐτὸ
3326 3382 3485 3444 Θεός.
3542 3380 3713 3434 Ἀλλά

2118 3483 2276 3546 ποίας
2301 3481 2368 3536 ἀν
2396 3483 2481 3554 εἴη
2515 3485 2606 3537 καὶ
2631 3481 2693 3535 τὸ
2722 3482 2908 3553 τρίτον
2933 3480 3145 3551 φύσεως
3169 3496 3183 3545 ;
3220 3479 3456 3548 Πότερον
3481 3476 3581 3546 τῆς
3608 3473 3711 3527 τοῦ

2110 3571 2302 3639 καλοῦ,
2329 3572 2362 3642 ἦ
2395 3574 2491 3640 τῆς
2515 3571 2611 3624 τοῦ
2646 3570 2851 3640 φαύλου
2880 3587 2896 3635 ;
2927 3570 3023 3639 τῆς
3057 3570 3166 3640 γὰρ
3196 3568 3529 3639 ἀμφοτέρων
3557 3561 3704 3618 εἶναι

2112 3664 2243 3717 αὐτὸ
2273 3663 2560 3718 ἀδύνατον.
2600 3662 2812 3733 Σαθρᾶς
2842 3661 2907 3731 δὴ
2947 3660 3129 3714 τοίνυν
3159 3661 3257 3729 τῆς
3288 3660 3550 3727 τοιαύτης
3584 3658 3709 3709 δια-

2116 3759 2266 3822 νοίας
2302 3758 2482 3812 αὐτῶν
2517 3758 2871 3828 φαινομένης,
2908 3755 3125 3824 ἀνάγκη
3154 3754 3255 3825 τὴν
3291 3754 3554 3824 ἀλήθειαν
3584 3753 3706 3806 δια-

2115 3855 2356 3921 λάμπειν
2384 3852 2486 3921 τῆς
2514 3849 2985 3919 ἐκκλησιαστικῆς
3014 3850 3296 3916 γνώσεως,
3329 3848 3413 3899 ὅτι
3445 3846 3507 3899 τὸ
3534 3847 3712 3899 κακὸν

2116 3945 2178 3998 οὐ
2212 3943 2365 4014 παρά
2393 3942 2550 4003 Θεοῦ,
2583 3942 2706 3995 οὐδὲ
2741 3943 2798 3994 ὲν
2825 3939 2964 4009 Θεῷ,
2994 3936 3121 3991 οὔτε
3155 3937 3214 4001 ὲξ
3249 3936 3426 4006 ἀρχῆς
3456 3935 3711 4003 γέγονεν,

2112 4036 2234 4089 οὕτε
2259 4034 2416 4088 οὐσία
2437 4034 2518 4097 τίς
2541 4035 2689 4086 ἐστιν
2725 4030 2912 4093 αὑτοῦ,
2940 4028 3076 4084 ἀλλά
3098 4027 3376 4096 ἄνθρωποι
3421 4027 3563 4079 κατά
3590 4027 3716 4077 στέ-

2118 4144 2277 4201 ρησιν
2304 4127 2408 4194 τῆς
2440 4126 2534 4179 τοῦ
2566 4124 2736 4179 καλοῦ
2772 4122 3077 4191 φαντασίας
3108 4123 3322 4181 ἑαυτοῖς
3351 4121 3591 4185 ἐπινοεῖν
3614 4119 3716 4189 ἡρ-

2116 4226 2278 4286 ξαντο
2304 4222 2399 4273 καὶ
2425 4218 2792 4272 ἀναπλάττειν
2813 4217 2882 4270 τὰ
2905 4216 3003 4268 ιύκ
3025 4215 3172 4277 ὄντα,
3199 4214 3291 4267 καὶ
3321 4211 3468 4282 άπερ
3495 4210 3715 4281 βούλον-

2114 4332 2226 4369 ται.
2274 4314 2363 4376 Ὠς
2398 4313 2506 4381 γὰρ
2536 4312 2601 4364 ἄν
2624 4328 2710 4372 τις
2743 4309 2896 4379 ἡλίου
2932 4308 3243 4377 φαίνοντος,
3270 4306 3369 4359 καὶ
3398 4306 3582 4373 πάσης
3614 4302 3714 4371 τῆς

2115 4407 2219 4474 γῆς
2245 4405 2323 4475 τῷ
2349 4406 2490 4473 φωτὶ
2510 4403 2701 4457 τούτου
2722 4399 3253 4471 καταλαμπομένης,
3278 4396 3560 4467 καμμύων
3586 4395 3715 4455 τοὺς

2117 4497 2435 4568 ὀφθαλμοὺς
2461 4495 2652 4557 σκότος
2681 4492 2859 4561 ἑαυτῷ
2888 4492 3118 4551 ἐπινοεῖ,
3151 4489 3251 4541 οὐκ
3273 4488 3429 4549 ὄντος
3461 4486 3711 4546 σκότους,

414 4620 575 4661 mans
616 4604 795 4660 lucem
836 4620 949 4659 non
996 4607 1208 4671 adesse,
1256 4605 1354 4661 sed
1396 4604 1672 4669 tenebras,
1703 4618 1840 4673 quas
1877 4616 2002 4657 cum

2114 4594 2206 4647 καὶ
2244 4590 2433 4643 λοιπὸν
2460 4588 2535 4651 ὡς
2576 4589 2633 4641 ἐν
2667 4588 2851 4639 σκότει
2875 4582 3225 4651 πλανώμενος
3256 4578 3555 4648 περιπατεῖ
3585 4574 3717 4626 πολ-

415 4698 617 4754 inlueri
659 4715 719 4756 se
752 4710 925 4769 putet,
962 4700 1101 4755 nihil
1131 4699 1278 4755 videt
1306 4716 1319 4752 :
1365 4697 1445 4752 sic
1483 4707 1539 4751 et
1570 4696 1854 4751 hominum
1886 4694 2005 4749 ani-

2107 4681 2267 4745 λάκις
2316 4682 2549 4743 πίπτων,
2578 4677 2675 4731 καὶ
2716 4675 2857 4729 κατά
2877 4673 3141 4744 κρημνῶν
3181 4670 3431 4737 ὑπάγων,
3474 4664 3717 4733 νομίζων

416 4808 541 4846 ntus
586 4792 851 4849 claudens
895 4794 1096 4848 mentis
1131 4791 1341 4853 oculos,
1377 4788 1580 4859 quibus
1612 4795 1793 4856 potest
1830 4785 2004 4840 Deum

2114 4772 2213 4825 οὑκ
2241 4767 2379 4822 εἶναι
2411 4767 2545 4837 φῶς,
2574 4766 2710 4820 ἀλλά
2739 4766 2954 4828 σκότος,
2999 4767 3171 4817 δοκων
3220 4763 3330 4830 γὰρ
3363 4757 3584 4828 βλέπειν
3605 4754 3716 4805 οὐδ’

418 4899 672 4949 cernere,
703 4885 806 4940 sibi
840 4884 959 4954 ipse
1003 4885 1145 4939 mala
1175 4880 1525 4950 excogitavit,
1555 4879 1608 4932 in
1643 4878 1847 4947 quibus
1879 4890 2003 4932 sese

420 4989 672 5039 movens,
699 4986 877 5030 nescit
909 4990 991 5039 se,
1026 4975 1157 5028 dum
1193 4974 1406 5029 videtur
1435 4969 1536 5025 sibi
1567 4970 1747 5025 facere
1782 4968 2007 5037 aliquid,

420 5067 789 5125 nihilfacere.
824 5066 1003 5135 Fingit
1046 5066 1193 5121 enim
1236 5080 1358 5135 qua
1394 5080 1503 5119 non
1555 5072 1705 5125 sunt,
1751 5077 1853 5117 nec
1893 5061 2014 5116 talis

422 5168 630 5222 manet,
679 5156 856 5227 qualis
888 5156 1063 5210 factus
1091 5164 1196 5219 est,
1262 5154 1355 5209 sed
1389 5152 1601 5223 qualem
1630 5167 1689 5206 se
1718 5150 1833 5219 ipse
1863 5164 2011 5204 coru-

425 5251 669 5313 miscuit.
700 5249 821 5305 talis
843 5249 1005 5303 etiam
1037 5258 1286 5319 apparet.
1315 5246 1450 5300 Nam
1482 5247 1573 5314 qui
1607 5245 1783 5298 factus
1808 5254 1913 5305 est,
1949 5254 2008 5296 ut

424 5342 597 5398 Deum
626 5341 917 5411 aspiceret,
940 5350 997 5394 et
1020 5339 1394 5394 illustraretur
1418 5353 1447 5391 a
1484 5338 1615 5398 Deo,
1640 5337 1743 5390 sibi
1779 5336 1894 5405 ipse
1921 5348 2006 5397 ea,

424 5449 549 5504 qua:
604 5442 1062 5500 corrumpuntur,
1117 5440 1173 5485 et
1224 5429 1478 5484 tenebras
1519 5426 1884 5498 conquisivit.
1937 5426 2011 5482 Ut

425 5526 668 5596 quodam‘
695 5526 814 5579 loco
857 5522 1136 5592 Scriptura
1183 5520 1449 5590 signiﬁcat
1478 5538 1495 5575 :
1524 5517 1690 5585 Fecit,
1730 5520 2009 5589 inquiens,

427 5619 570 5675 Deus
592 5619 856 5672 hominem
881 5628 1077 5671 rectum
1101 5618 1143 5681 ',
1175 5630 1240 5669 ac
1274 5615 1387 5686 ipse
1410 5615 1509 5670 sibi
1537 5614 1777 5669 ratione:
1808 5611 2016 5667 multas

423 5711 771 5783 excogitavit.

506 5894 524 5927 ⁸
557 5894 745 5952 Matth.
774 5910 851 5962 xt,
885 5892 971 5950 εδ.
1052 5895 1072 5925 ¹
1107 5894 1281 5952 Ecl-lo.
1322 5910 1415 5960 vn,
1449 5893 1538 5948 30.

2234 4878 2251 4923 ;
2282 4861 2383 4930 ὁρᾷ
2407 4875 2423 4891 ⁸
2460 4859 2603 4912 οὕτω
2633 4857 2728 4910 καὶ
2759 4858 2785 4926 ἡ
2810 4856 2959 4926 ψυχὴ
2988 4854 3095 4906 τῶν
3132 4852 3228 4905 ἀνθ
3240 4851 3440 4921 ρώπων
3486 4844 3718 4916 καμμύ-

2122 4974 2262 5010 σασα
2305 4955 2397 5006 τὸν
2427 4950 2708 5020 ὀφθαλμὸν
2729 4990 2745 5015 ,
2781 4949 2851 5003 δι’
2884 4945 2945 5002 οῦ
2980 4948 3069 5001 τὸν
3106 4947 3240 4999 Θεὸν
3274 4946 3407 5014 ὀρᾷν
3449 4941 3713 4999 δύναται,

2121 5048 2292 5117 ἑαυτῇ
2325 5046 2390 5098 τὰ
2418 5046 2563 5097 κακᾶ
2594 5041 2941 5109 ὲπενεόησεν,
2974 5040 3030 5090 ὲν
3061 5031 3143 5099 οἷς
3171 5035 3475 5102 κινουμένη
3506 5031 3609 5082 οὐκ
3636 5023 3697 5080 οἷο

2117 5140 2209 5194 διν
2236 5139 2318 5191 ὅτι
2359 5136 2594 5192 δοκοῦσά
2629 5153 2681 5188 τι
2721 5138 2896 5205 ποιεῖν
2934 5132 3087 5184 ούίὲν
3122 5130 3289 5183 ποιεῖ.
3322 5126 3404 5178 Τὰ
3449 5125 3553 5177 οὐκ
3582 5123 3714 5175 ὄντα

2118 5232 2229 5302 γὰρ
2258 5230 2689 5289 ἀναπλάττεται,
2739 5226 2835 5279 καὶ
2870 5226 2969 5294 οὐχ
3009 5222 3173 5277 ὁποία
3220 5219 3457 5288 λέγομεν
3482 5214 3717 5281 τοιαύτη

2116 5325 2215 5377 καὶ
2283 5322 2522 5392 ἔμεινεν,
2575 5318 2691 5372 ἀλλ’
2741 5320 2933 5371 ὁποίαν
2983 5313 3184 5383 ἑαυτὴν
3231 5313 3435 5379 ἀνέφυε
3485 5305 3716 5375 τοιαύτη

2119 5417 2216 5471 καὶ
2247 5416 2525 5485 φαίνεται.
2563 5412 2761 5480 Γέγονε
2801 5410 2900 5480 μὲν
2931 5407 3041 5477 γάρ
3079 5409 3161 5467 εις
3193 5405 3255 5457 τὸ
3292 5404 3427 5473 ὸρᾷν
3458 5402 3553 5453 τὸν
3581 5400 3719 5452 Θεὸν
3768 5474 3771 5479 Ι

2121 5510 2220 5564 καὶ
2249 5509 2342 5562 ὑπ’
2372 5506 2539 5561 αὐτοῦ
2572 5503 2925 5573 φωτίζεσθαι,
2955 5502 3096 5571 αὕτη
3122 5500 3181 5554 δὲ
3212 5498 3334 5551 ἀντὶ
3362 5495 3458 5549 τοῦ
3488 5495 3630 5548 Θεοῦ
3651 5496 3719 5547 τά

2129 5601 2373 5673 φθαρτὰ,
2431 5601 2527 5653 καλ⁵
2569 5598 2632 5651 τὸ
2684 5596 2873 5658 σκότος
2909 5594 3199 5665 ἐζήτησεν,
3256 5592 3332 5655 ὥς
3376 5606 3481 5642 που
3531 5590 3629 5642 καὶ
3685 5588 3720 5656 ἡ

2127 5697 2319 5766 Γραφή
2343 5710 2509 5763 φησιν
2534 5708 2549 5722 ⁸
2592 5693 2655 5745 '0
2686 5690 2857 5763 [Θεὸς
2894 5690 3002 5744 τὸν
3057 5688 3376 5756 ἀνθρωπον
3424 5685 3727 5752 ἐποίησεν

2129 5788 2299 5856 εὺθῆ,
2338 5788 2490 5840 αὐτοὶ
2524 5785 2580 5842 δὲ
2610 5786 2880 5857 ἐζήτησαν
2907 5784 3204 5854 λογισμοὺς
3231 5778 3480 5841 πολλούς.
