3954 6560
235 440 353 503 309

1229 434 1601 494 PANOI‘LIA
1648 433 2199 493 DOGMATICA.-
2236 434 2385 493 ΤΙΤ.
2431 432 2534 491 IX.

3379 427 3489 487 310

238 549 359 604 Ίυῦ
402 546 589 600 αὐτοῦ
645 546 797 599 κατὰ
830 546 1234 605 Οὐαλεντίνου
1292 548 1364 602 τὰ
1403 546 1604 601 πολλὰ
1659 547 1811 604 σύμ-

1920 543 2165 615 Ejusdem
2214 554 2396 597 contra
2464 542 3019 615 Valentinumrquiin
3062 540 3238 615 multis
3266 556 3487 594 consen-

309 635 536 688 φρονος
567 617 740 683 ὄντος
764 617 887 684 τοῖς
918 617 1452 687 προδιαληφθεῖσιν
1475 616 1810 685 αΙρετικοῒς.

311 730 440 791 Πῶς
473 727 661 795 λέγετε
691 728 783 781 τὸν
818 729 1053 800 Χριστὸν
1085 729 1349 800 οὐρανίαν
1383 728 1562 801 σάρκα
1598 727 1817 797 περιϐε-

201 835 207 888 ;
236 815 498 883 ϐλῆσθαι,
530 818 617 868 καὶ
645 817 743 869 οὐκ
767 816 1136 887 ἀνθρωπίνην,
1162 819 1339 872 καίτοι
1364 818 1459 872 τοῦ
1486 818 1813 873 Ἀποοτόλου

237 907 565 976 φάσκοντοςο
613 907 664 959 Ὀ
698 908 967 976 ἁγιάζων,
993 909 1085 963 καὶ
1114 911 1167 963 οί
1195 909 1562 978 ἁγιαζόμενοι
1584 910 1651 973 ἐξ
1678 908 1817 973 ἐνὸς

235 1001 491 1066 πάντες-ς
546 1000 624 1054 Δι’
671 1002 738 1073 ἢν
781 1002 964 1054 αιτίαν
1008 1004 1107 1055 οὐκ
1161 1004 1569 1075 ἐπαισχύνεται,
1631 1003 1813 1071 φησὶν,

237 1093 505 1162 ἀδελφοὺς
522 1095 714 1157 αὐτοὺς
735 1094 941 1161 καλεῖν,
960 1095 1156 1161 λέγων’
1182 1094 1517 1164 Ἀπαγγελὼ
1541 1096 1603 1148 τὸ
1629 1093 1817 1162 ὄνομά

235 1201 363 1240 σου
395 1186 515 1251 τοῖς
538 1185 825 1255 ἀδελφοῖς
837 1204 980 1256 μου.
1001 1185 1056 1238 Ἐ
1063 1186 1098 1251 ξ
1116 1187 1255 1250 ἐνὸς
1281 1187 1337 1239 δέ
1360 1204 1503 1250 τινος
1524 1186 1617 1239 τοῦ
1646 1186 1817 1254 Ἀδὰμ

236 1278 514 1348 δηλονότι,
550 1279 692 1331 κατὰ
741 1279 841 1349 τὴν
892 1277 985 1330 τοῦ
1043 1280 1231 1333 Λουκᾶ
1278 1278 1648 1347 γενεαλογίαν.
1710 1278 1818 1331 Καὶ

237 1371 411 1424 πάλιν
436 1386 451 1399 ·
498 1370 659 1423 Ἐπεὶ
700 1371 771 1423 τὰ
802 1370 1008 1424 παίδιά
1038 1372 1430 1439 κεκοινώνηκε
1462 1370 1687 1440 σαρκὸς
1720 1369 1817 1437 καὶ

234 1460 494 1529 αἵματος
516 1501 529 1524 ,
578 1460 679 1514 καί
726 1461 909 1528 αὐτὸς
943 1465 1383 1532 παραπλησίως
1412 1464 1669 1533 μετέσχε
1699 1463 1819 1517 τῶν

234 1551 463 1608 αὐτῶν.
506 1554 771 1623 Ἀναιρῶν
799 1555 855 1609 δὲ
887 1557 980 1609 καὶ
1010 1557 1109 1625 τὴν
1138 1556 1408 1626 ὑπόληψιν
1432 1558 1529 1627 τῆς
1563 1555 1816 1627 οὐρανίου

237 1643 447 1712 σαρκὸς
474 1644 774 1712 ἐπήγαγεν⁹
810 1647 891 1697 Οὺ
919 1644 1028 1714 γὰρ
1055 1644 1255 1713 δήπου
1278 1646 1551 1714 ἀγγέλων
1570 1648 1819 1716 ἐπιλαμ-

234 1730 481 1785 ϐάνεται
493 1775 504 1793 ,
522 1732 683 1786 ἀλλὰ
702 1735 1046 1802 σπέρματος
1062 1736 1120 1789 Ἀ
1130 1734 1318 1804 ὄραὰμ
1333 1737 1814 1805 ἐπιλαμϐάνεται.

235 1822 413 1877 ὐθεν
435 1824 630 1892 ὤφειλε
666 1827 809 1880 κατὰ
836 1827 1014 1880 πάντα
1043 1830 1155 1888 τοῖς
1183 1828 1431 1899 ἀδελφοῖς
1456 1831 1814 1901 ὁμοιωθῆναι.

228 1915 350 1969 Καὶ
366 1917 534 1969 πολλά
550 1919 792 1974 τοιαῦτα.
820 1920 958 1972 Ἀλλ’
983 1922 1010 1974 6
1042 1921 1264 1992 Κύριος,
1298 1927 1481 1989 φασιν,
1512 1924 1731 1994 εἴρηκεν
1760 1925 1817 1978 ὲν

230 2009 350 2069 τοῖς
385 2008 737 2077 Εὑαγγελίοις
758 2026 771 2041 ·
806 2011 1010 2076 Οὐδεὶς
1043 2012 1416 2079 ἀναϐέϐηκεν
1444 2016 1534 2080 είς
1570 2014 1681 2068 τὸν
1714 2016 1816 2069 οὐ⁴

223 2098 431 2165 partir-
449 2100 500 2153 ει
523 2100 610 2168 μὴ
641 2103 674 2154 ὁ
692 2101 762 2155 ἐκ
791 2102 895 2158 τοῦ
913 2105 1174 2173 οὐρανοῦ
1198 2104 1476 2171 καταϐὰς,
1496 2109 1529 2161 ὁ
1561 2107 1692 2174 Υἱὸς
1715 2109 1817 2163 τοῦ

230 2191 578 2260 ἀνθρώπου,
605 2196 638 2248 ό
674 2193 760 2247 ὢν
787 2196 857 2248 ἐν
884 2195 963 2261 τῷ
992 2198 1243 2265 οὐρανῷ.
1286 2200 1394 2253 Καὶ
1426 2200 1454 2251 6
1497 2199 1818 2267 Ἀπόστολος

232 2285 295 2338 δὲ
324 2284 531 2340 πάλινο
569 2286 623 2339 '0
679 2288 911 2355 πρῶτος
952 2290 1263 2361 ἅνθρωπος
1308 2294 1377 2349 ἐκ
1427 2294 1540 2365 γῆς
1589 2298 1816 2365 χοϊκός,

237 2379 273 2430 ό
300 2376 578 2444 δεύτερος
603 2378 911 2448 ἄνθρωπος
934 2384 967 2437 ὀ
993 2385 1209 2452 Κύριος
1248 2386 1315 2450 ἐξ
1356 2389 1637 2456 οὐρανοῦ.
1688 2390 1817 2442 Ἰδοὺ

237 2468 355 2539 γάρ
398 2469 793 2542 ἀμφοτέρωθεν
833 2474 1083 2544 οὐράνιος
1134 2477 1422 2549 ἄνθρωπος
1467 2480 1814 2550 ὀνομάζεται.

236 2558 386 2627 Πρὸς
418 2559 511 2624 οὓς
544 2563 776 2633 ἐροῦμεν
806 2564 911 2632 ὅτι,
945 2566 1065 2619 ἐπεὶ
1096 2567 1316 2632 διπλοῦς
1346 2568 1419 2623 ὢν
1444 2573 1562 2635 ταῖς
1582 2571 1810 2639 φύσεσιν

233 2652 268 2703 ὁ
293 2650 549 2720 Χριστὸς.
575 2654 859 2722 μοναδικός
880 2657 995 2710 ἐστι
1017 2658 1115 2728 τὴν
1140 2659 1455 2726 ὑπόστασιν,
1484 2662 1816 2717 ίδιοποιεῖται

230 2740 309 2794 τά
341 2744 441 2813 τῆς
476 2743 743 2815 ἑκατέρας
775 2745 1010 2814 φύσεως.
1049 2749 1159 2803 Καὶ
1200 2751 1448 2823 καθάπερ
1482 2756 1509 2806 6
1556 2755 1817 2807 Ἀπόστο-

230 2830 512 2892 λοςείπὼν
544 2836 806 2906 περὶτῶν
838 2843 1255 2909 χριστοκτόνων,
1277 2843 1379 2910 ὅτι,
1419 2843 1484 2897 El
1509 2844 1810 2913 ἔγνωσαν,

234 2924 352 2975 οὐκ
375 2922 451 2977 ἂν
469 2924 578 2978 τὸν
607 2928 825 2994 Κύριον
853 2928 962 2997 τῆς
984 2929 1172 2999 δόξης
1193 2931 1608 3001 ἐσταύρωσαν,
1632 2938 1692 2988 οὐ
1717 2937 1816 3007 τὴν

236 3012 482 3083 θεότητα
523 3017 852 3072 πεπονθέναι
897 3021 1086 3090 φησὶν,
1130 3025 1250 3093 ἥτις
1305 3026 1421 3078 ἐστὶ
1465 3026 1668 3097 Κύριος
1715 3028 1815 3097 τῆς

238 3101 433 3171 δόξης,
468 3104 604 3158 ἀλλὰ
635 3106 694 3160 τὸ
734 3108 1073 3180 πρόσλημμα
1097 3128 1111 3143 ’
1148 3112 1289 3166 οὕτω
1332 3117 1426 3167 καὶ
1456 3116 1547 3168 ἐπὶ
1579 3118 1685 3171 τῶν
1719 3121 1815 3188 ρη-

243 3193 357 3246 τῶν
386 3195 592 3250 τούτων
649 3198 811 3262 αὐτὸς
853 3201 952 3270 μὲν
981 3204 1008 3255 6
1040 3204 1166 3267 Υἱὸς
1201 3208 1295 3259 καὶ
1325 3206 1457 3269 Θεὸς
1486 3212 1813 3265 πεπονθέναι

241 3284 473 3354 λέγεται
509 3288 599 3341 sta
632 3289 729 3360 τὴν
762 3292 890 3361 μίαν
921 3294 1222 3350 ὑπόστασιν
1254 3300 1351 3368 τῆς
1382 3298 1654 3371 θεότητος,
1691 3303 1815 3373 ἥτις

238 3380 340 3432 καὶ
367 3382 433 3449 τῇ
463 3379 782 3456 ἀνθρωπίνῃ
810 3385 967 3453 φύσει
1000 3389 1225 3455 γέγονεν
1260 3390 1555 3456 ὑπόστασις
1575 3411 1590 3426 ·
1620 3413 1685 3447 πε
1698 3414 1817 3448 πον-

239 3468 400 3522 θέναι
427 3470 484 3524 δὲ
515 3474 656 3527 κατά
684 3473 784 3545 τὴν
817 3476 1167 3551 ἀνθρωπίνην
1201 3481 1362 3549 φύσιν
1394 3485 1555 3538 αὑτοῦ
1581 3500 1597 3517 ⁶
1632 3489 1724 3540 καὶ
1751 3489 1815 3541 ἐκ

236 3561 338 3650 τοῦ
371 3563 600 3634 οὖρανοῦ
636 3566 737 3636 μὲν
772 3570 1231 3641 καταϐεϐηκέναι,
1268 3578 1361 3629 καὶ
1395 3578 1451 3631 δν
1486 3578 1563 3646 τῷ
1596 3580 1813 3650 οὐρανῷ

238 3649 385 3707 εἶναι
413 3657 553 3709 κατά
574 3656 673 3727 τὴν
702 3659 1004 3716 ὑπόστασιν
1034 3664 1131 3733 τῆς
1160 3664 1413 3732 θεότητος
1439 3686 1453 3700 ·
1479 3668 1605 3730 Υἱὸς
1637 3669 1694 3722 δὲ
1726 3649 1820 3724 ἀν-

239 3743 465 3815 θρώπου
498 3741 637 3800 εῖναι
669 3749 812 3804 κατὰ
843 3751 942 3820 τὴν
981 3750 1211 3824 ὕστερον
1242 3758 1687 3829 προσληφθεῖσαν
1719 3760 1819 3828 φύ-

241 3852 328 3886 σιν
358 3837 497 3904 μετά
524 3837 622 3908 τὴν
645 3839 701 3905 ἐξ
724 3841 956 3910 οὐρανοῦ
989 3843 1235 3900 κάθοδον.
1270 3849 1380 3902 Καὶ
1410 3850 1571 3903 πάλιν
1598 3854 1626 3905 6
1654 3854 1815 3920 αὑτὸς

238 3926 450 3995 Κύριος
474 3929 560 3981 διὰ
584 3931 685 3998 τὴν
724 3931 854 3999 μίαν
882 3933 1180 3989 ὑπόστασιν
1206 3938 1455 4010 δεύτερος
1484 3942 1584 4013 μὲν
1611 3944 1813 4016 ἀνθρω·

237 4035 345 4082 aro;
367 4020 508 4073 κατὰ
531 4020 628 4091 τὴν
655 4024 947 4095 ἡνωμένην
969 4028 1389 4100 ἀνθρωπότητα,
1415 4032 1474 4097 ἐξ
1499 4034 1731 4106 οὐρανοῦ
1756 4038 1814 4092 δὲ

236 4113 385 4165 κατά
411 4113 507 4183 τὴν
531 4112 784 4185 θεότητα.
818 4116 879 4170 Ei
909 4120 1018 4188 γὰρ
1059 4122 1134 4190 μὴ
1164 4126 1445 4194 νοήσωμεν
1479 4125 1712 4182 ἕκαστον
1738 4130 1815 4182 oi-

237 4205 428 4270 κείως,
462 4207 520 4261 ὲν
553 4208 885 4278 ἀντιλογίαις
919 4211 1299 4284 ὑποϐαλοῦμεν
1337 4216 1428 4271 τὸν
1465 4220 1811 4276 Ἀπόστολον.

235 4295 367 4358 Πῶς
391 4296 501 4367 γὰρ
528 4300 669 4353 κατά
696 4302 873 4355 πάντα
900 4304 1083 4373 ὅμοιος
1115 4308 1244 4375 ἡμῖν
1274 4310 1384 4371 τοῖς
1411 4312 1617 4379 γηῖνοις
1640 4331 1655 4379 ;
1689 4315 1812 4379 Πῶς

232 4387 293 4442 δὲ
321 4387 549 4457 ἀδελφὸς
575 4391 731 4461 ἡμῶν
749 4393 778 4445 6
807 4394 989 4464 σάρκα
1014 4397 1269 4463 οὐρανίαν
1292 4402 1763 4475 περιϐεϐλημένος
1792 4424 1807 4473 ;

234 4478 353 4535 Καὶ
384 4480 519 4535 ἄλλα
548 4483 603 4536 δὲ
632 4484 799 4554 μυρία
836 4488 1012 4541 ἄτοπα
1043 4488 1252 4556 ἕψεται.

2191 616 2349 667 tiebat
2391 629 2504 665 cum
2555 613 2906 683 superioribus
2935 612 3208 665 hwretieis.

1986 729 2269 793 Quomodo
2347 726 2623 782 Christum
2693 726 2934 781 asseritis
3007 726 3305 788 caelestem,
3378 740 3490 779 non

1916 835 2097 878 autem
2151 823 2443 875 humanam
2497 834 2715 873 carnem
2773 818 3050 881 induisse,
3099 834 3224 873 cum
3292 815 3491 871 Paulus

1915 915 2080 977 dicat,
2112 912 2214 977 Qui
2256 910 2569 979 sanctiﬁcat,
2598 919 2645 962 et
2689 908 2778 978 qui
2814 908 3228 975 sanctiﬁcantur,
3278 925 3340 962 ea:
3386 923 3489 960 uno

1917 1022 2091 1059 omnes
2120 1003 2181 1057 '?
2209 1003 2572 1069 Quamobrem
2603 1016 2710 1055 nou
2742 1000 3036 1063 erubescit,
3067 1000 3263 1071 inquit,
3292 1001 3491 1055 fratres

1918 1113 2014 1151 eos
2067 1096 2364 1167 appellare,
2431 1093 2717 1155 Nuntiabo,
2772 1090 3041 1158 inquiens,
3102 1108 3287 1145 nomen
3340 1103 3491 1144 tuum

1917 1190 2169 1261 fratribus
2201 1188 2325 1241 meis
2356 1188 2399 1239 '.
2436 1184 2519 1239 Ex
2546 1199 2649 1238 uno
2697 1193 2877 1236 autem
2927 1196 3049 1235 cum
3096 1180 3264 1246 dicit,
3316 1182 3489 1237 Adam

1920 1277 2176 1332 nimirum
2224 1275 2498 1345 intelligit,
2550 1282 2609 1326 ut
2658 1270 2818 1325 Lucae
2867 1270 3177 1340 genealogia
3227 1270 3488 1325 declarat.

1918 1370 1985 1425 ΕΙ,
2016 1385 2228 1425 rursum
2273 1387 2286 1423 :
2328 1369 2611 1433 Quoniam,
2664 1364 2858 1434 inquit,
2911 1364 3013 1433 ﬁlii
3058 1366 3230 1419 carnis
3275 1373 3320 1419 et
3362 1381 3492 1417 san-

1918 1460 2092 1532 guinis
2120 1459 2401 1528 participes
2435 1468 2576 1521 sunt,
2606 1467 2653 1511 et
2687 1459 2793 1524 ipse
2822 1453 3073 1513 similiter
3105 1473 3283 1511 eorum
3319 1456 3495 1523 parti-

1920 1569 2037 1621 σερε
2063 1552 2162 1621 fuit
2188 1551 2227 1605 ⁸.
2261 1551 2439 1619 Atque
2468 1559 2526 1605 ut
2554 1550 2788 1606 caelestis
2818 1553 2997 1607 carnis
3038 1550 3302 1605 adimeret
3321 1548 3499 1618 suspi-

1920 1642 2155 1705 cionem,
2205 1641 2436 1711 subjecit
2470 1659 2485 1696 :
2519 1640 2700 1712 Neque
2742 1644 2879 1697 enim
2932 1644 3144 1714 angelos
3189 1641 3493 1709 assumpsit,

1919 1733 2010 1787 sed
2067 1748 2243 1785 semen
2306 1732 2533 1786 Abrahae
2559 1731 2600 1789 ⁸.
2658 1733 2837 1799 Quare
2885 1735 3075 1790 debuit
3122 1734 3177 1788 in
3245 1734 3497 1788 omnibus

1921 1840 2040 1879 esse
2070 1825 2295 1881 fratrum
2346 1827 2560 1882 similis.
2614 1826 2678 1881 Et
2724 1828 2827 1883 alia
2884 1829 3071 1884 multa.
3122 1827 3189 1882 At
3234 1827 3497 1881 Dominus

1924 1918 1976 1971 in
2008 1919 2360 1990 Evangeliis:
2425 1919 2609 1983 Nemo,
2667 1918 2865 1989 inquit,
2903 1919 3141 1974 ascendit
3190 1920 3245 1972 in
3288 1920 3495 1980 caelum,

1923 2012 2024 2065 nisi
2050 2012 2140 2077 qui
2165 2012 2425 2065 descendit
2457 2013 2520 2065 de
2550 2011 2697 2073 celo,
2732 2009 2905 2065 Filius
2938 2012 3180 2077 hominis,
3215 2011 3304 2080 qui
3345 2021 3417 2064 est
3446 2011 3499 2062 in

1920 2102 2045 2157 caelo
2072 2102 2114 2156 ⁸.
2148 2103 2213 2156 Ει
2246 2103 2535 2173 Apostolus
2571 2117 2819 2157 rursum:
2852 2101 3084 2168 Primus,
3116 2102 3314 2173 inquit,
3347 2103 3498 2154 homo

1918 2198 1981 2250 de
2021 2204 2163 2250 terra
2208 2205 2465 2259 terrenus,
2513 2196 2776 2250 secundus
2810 2204 2987 2250 autem
3018 2196 3193 2262 homo,
3236 2196 3500 2250 Dominus

1920 2289 2129 2357 utique,
2168 2288 2230 2341 de
2260 2288 2387 2341 caelo
2436 2287 2655 2342 cwlestis
2678 2288 2720 2341 θ.
2755 2288 2914 2353 Ecce,
2953 2287 3145 2357 inquit,
3210 2287 3499 2356 utrobique

1917 2380 2153 2435 cmlestis
2184 2380 2346 2434 homo
2373 2379 2704 2435 nominatur.
2735 2376 3169 2449 Respondemus,
3195 2377 3497 2442 Christum,

1917 2488 2041 2527 cum
2081 2488 2148 2526 ex
2198 2472 2411 2527 duabus
2465 2480 2681 2527 constet
2726 2471 2957 2537 naturis,
3008 2478 3065 2526 et
3121 2484 3227 2524 una
3286 2478 3494 2524 tantum

1917 2579 2172 2635 persona,
2201 2577 2285 2626 ea,
2320 2578 2442 2631 quae
2486 2568 2775 2632 utriusque
2813 2573 3024 2618 natura:
3077 2561 3297 2633 propria
3344 2571 3495 2624 sunt,

1917 2656 2176 2710 retinere.
2213 2658 2291 2711 Ac
2320 2656 2782 2726 quemadmodum
2832 2654 3051 2719 Paulus,
3086 2671 3211 2710 cum
3243 2655 3395 2719 dicit,
3427 2655 3495 2709 de

1917 2748 2025 2803 illis
2054 2788 2069 2813 ,
2121 2748 2215 2817 qui
2261 2748 2540 2803 Christum
2599 2749 2945 2811 occiderunt,
2998 2746 3058 2802 Si
3106 2747 3496 2818 cognovissent,

1919 2854 2187 2908 nunquam
2253 2838 2533 2893 Dominum
2565 2839 2751 2909 gloria:
2799 2838 3180 2905 cruci/inissent
3200 2838 3242 2901 ⁷,
3271 2853 3381 2892 non
3419 2838 3496 2892 si-

1917 2930 2155 3003 gniﬁcat,
2211 2932 2549 2987 divinitatem
2586 2947 2706 2986 esse
2747 2946 2959 3001 passam
3012 2948 3131 3001 qua:
3165 2946 3263 3000 per
3313 2931 3500 2985 Domi~

1917 3038 2046 3075 num
2079 3021 2261 3092 glorise
2304 3021 2644 3091 intelligitur,
2696 3020 2789 3074 sed
2844 3020 3235 3074 [inmanitatem
3269 3019 3393 3073 :sic
3441 3018 3495 3071 in

1919 3112 2005 3178 iis,
2038 3129 2156 3185 quae
2200 3114 2342 3170 dicta
2395 3124 2543 3179 sunt,
2589 3117 2705 3184 ipse
2754 3112 2966 3182 quidem
3006 3111 3200 3176 Filius,
3248 3120 3304 3166 et
3358 3111 3498 3165 Deus

1843 3236 1888 3297 Ο
1917 3221 2109 3276 passus
2136 3220 2257 3262 esse
2283 3207 2480 3260 dicitur
2509 3222 2606 3277 per
2642 3221 2800 3259 unam
2832 3205 3134 3260 divinitatis
3185 3220 3496 3275 personam,

1920 3315 2039 3366 qua:
2067 3308 2148 3354 est
2202 3298 2392 3353 eadem
2436 3310 2644 3353 natura:
2694 3300 2944 3353 humanae
2995 3314 3250 3368 persona,
3309 3313 3501 3367 passus

1918 3398 2098 3443 autem
2145 3390 2198 3443 in
2236 3398 2430 3443 natura
2483 3390 2654 3457 ipsius
2705 3389 2978 3456 humana;
3034 3400 3197 3460 atque
3244 3390 3311 3443 de
3360 3390 3497 3443 cmlo

1916 3481 2285 3546 descendisse,
2317 3490 2367 3536 et
2397 3482 2450 3534 in
2480 3481 2617 3536 cwlo
2652 3495 2791 3545 esse,
2819 3492 3090 3550 quatenus
3120 3481 3185 3536 ad
3210 3496 3498 3550 personam

1919 3572 2156 3641 pertinet
2214 3571 2535 3635 divinitatis,
2596 3570 2766 3624 Filius
2829 3579 3009 3627 autem
3087 3587 3207 3626 esse
3267 3571 3500 3625 hominis

1919 3662 2253 3717 habitatione
2280 3663 2428 3717 illius
2452 3671 2682 3728 naturae,
2710 3678 2868 3732 quam
2915 3677 2945 3715 e
2975 3662 3112 3716 coelo
3163 3662 3500 3716 descendens

1917 3753 2189 3822 posterius
2206 3752 2517 3821 assumpsit.
2537 3750 2601 3805 Et
2617 3768 2802 3806 rursus
2829 3751 2969 3806 idem
2989 3752 3249 3806 Dominus
3274 3761 3497 3821 prople

1918 3859 2101 3908 unam,
2118 3859 2279 3914 quam
2296 3844 2487 3910 habet,
2505 3859 2817 3913 personam,
2840 3845 3311 3899 secundusautem
3334 3846 3501 3901 homo

1915 3944 2136 4005 propter
2181 3933 2490 4003 adjunctam
2524 3933 2937 3998 humanitatem,
2985 3950 3051 3988 ex
3113 3935 3253 3989 cmlo
3309 3945 3492 3990 autem

1912 4037 2134 4098 propter
2148 4026 2504 4081 divinitatem.
2524 4024 2636 4079 Nisi
2655 4027 2801 4080 enim
2827 4027 3249 4097 unumquodque
3276 4029 3498 4099 proprie

1914 4119 2473 4184 consideraverimus,
2517 4118 2889 4189 apostolorum
2929 4122 3283 4192 repugnantia
3312 4121 3499 4176 dicere

1914 4212 2337 4281 suspicabimur.
2375 4211 2660 4278 Quomodo
2703 4212 2849 4267 enim
2882 4223 2978 4266 aut
3007 4228 3100 4282 per
3129 4214 3310 4269 omnia
3336 4215 3507 4269 nobis

1916 4306 2132 4369 similis,
2193 4316 2286 4360 aut
2340 4304 2509 4358 frater
2564 4312 2775 4369 noster,
2851 4306 2895 4359 si
2953 4321 3169 4361 carnem
3219 4308 3494 4362 caelestem

1914 4396 2127 4452 induit?
2157 4395 2281 4450 llaec
2310 4396 2454 4450 enim
2484 4404 2537 4450 et
2563 4396 2666 4449 alia
2691 4396 3107 4452 innumerabilia
3152 4400 3492 4454 incommoda

1914 4496 2345 4558 consequentur.

240 4574 376 4627 Ἐτι
424 4576 573 4654 κατὰ
610 4574 968 4654 τῷνᾼᾳὺτῷν
1000 4583 1106 4654 tog
1162 4584 1434 4653 μεγάλου
1483 4590 1807 4647 Βασιλείου

1919 4577 2050 4632 Item
2106 4588 2287 4632 contra
2343 4577 2544 4654 eosdem
2596 4577 2789 4654 Das-iiii
2835 4578 3021 4647 Magni
3058 4598 3119 4634 ex
3162 4584 3402 4637 oratione
3458 4600 3493 4639 ll

488 4645 556 4698 ἐκ
586 4647 695 4700 τοῦ
720 4647 780 4711 ,β’
810 4650 996 4719 λόγου
1030 4652 1140 4719 τῆς
1162 4645 1564 4725 ’⁹Εξαημέρου.

314 4752 336 4786 e
374 4737 486 4790 Καὶ
512 4737 701 4802 σκότος
729 4742 912 4794 ἐπάνω
934 4745 1032 4812 τῆς
1058 4744 1352 4802 ἀϐύσσου.»
1380 4750 1452 4802 Τὸ
1483 4752 1672 4816 σκότος
1703 4753 1803 4825 οὐχ

231 4825 313 4888 ὡς
345 4828 590 4895 πέφυκεν
631 4830 974 4899 ἐξηγοῦνται,
1031 4836 1168 4907 ἀέρα
1224 4839 1345 4892 τινά
1398 4840 1725 4908 ἀφώτιστον,
1774 4846 1807 4916 ἢ

231 4916 403 4970 τόπον
429 4919 487 4985 ἐξ
518 4921 897 4991 ἀντιφράξεως
942 4924 1195 4997 σώματος
1241 4932 1616 5003 σκιαζόμενον,
1671 4938 1808 4992 ἀλλά

232 5008 470 5098 δύναμιν
503 5012 697 5083 κακὴν,
745 5016 944 5084 μᾶλλον
965 5019 1021 5073 δὲ
1053 5022 1183 5075 αὐτὸ
1211 5022 1273 5077 τὸ
1312 5025 1483 5081 κακὸν
1527 5031 1657 5098 παρ’
1680 5030 1809 5084 ἑαυ-

233 5097 339 5152 τοῦ
365 5098 465 5167 μὲν
491 5100 591 5168 τὴν
622 5100 798 5171 ἀρχὴν
839 5104 988 5174 ἔχον,
1021 5108 1399 5179 ἀντικείμενον
1426 5113 1483 5166 δὲ
1530 5097 1623 5169 καί
1650 5120 1809 5171 ὲναν-

232 5188 358 5243 τίον
381 5191 448 5259 τῇ
481 5190 779 5262 ἀγαθότητι
802 5194 897 5249 τοῦ
925 5196 1083 5254 Θεοῦ.
1120 5199 1181 5251 Ei
1201 5200 1309 5272 γὰρ
1334 5203 1361 5253 ό
1383 5203 1515 5266 Θεὸς
1540 5205 1652 5273 φῶς
1672 5209 1809 5274 ἐστι,

227 5278 396 5349 δῆλον
422 5281 504 5333 ότι
534 5282 566 5351 ἡ
598 5282 1125 5359 ἀντιστρατευομένη
1157 5292 1305 5362 αὐτῷ
1332 5292 1559 5363 δύναμις
1624 5298 1812 5363 σκότος

226 5369 300 5423 ἂν
332 5371 434 5441 εἴη,
464 5376 620 5443 φησὶ,
649 5375 791 5429 κατά
834 5378 892 5429 τὸ
920 5379 1020 5447 τῆς
1044 5380 1281 5447 διανοίας
1328 5385 1623 5439 ἀκόλουθον
1642 5403 1656 5418 ο
1686 5390 1812 5443 σκό-

230 5476 331 5521 τος
351 5461 412 5513 οὐ
446 5461 576 5533 παρ’
600 5464 789 5533 ἐτέρου
827 5466 888 5519 τὸ
914 5462 1053 5522 εἶναι
1088 5470 1239 5541 ἔχον,
1296 5473 1432 5526 ἀλλά
1460 5477 1628 5529 κακὸν
1653 5477 1805 5531 αὐτοι

232 5549 505 5620 γίννητον
529 5568 543 5582 ·
576 5554 765 5616 σκότος
807 5557 1064 5628 πολέμιον
1084 5558 1292 5632 ψυχῶν,
1330 5562 1559 5617 θανάτου
1599 5584 1810 5636 ποιητισ

226 5644 356 5705 κὸν,
386 5644 591 5715 ἀρετῆς
646 5650 991 5713 ὲναντίωσις,
1024 5653 1163 5723 ὅπερ
1223 5656 1315 5707 καὶ
1359 5657 1677 5725 ὑφιστάναι,
1715 5661 1809 5714 καὶ

2510 4648 2566 4699 in
2598 4647 2981 4705 Hexaemeron.

1993 4738 2057 4793 Et
2097 4740 2321 4794 tenebrae
2349 4746 2498 4793 erant
2527 4754 2681 4807 super
2721 4741 2962 4811 abyssum
2988 4741 3030 4795 ⁸.
3056 4740 3336 4798 Tenebras
3379 4761 3490 4799 non

1915 4831 1991 4886 uti
2053 4840 2247 4885 natura
2302 4840 2447 4897 sunt,
2521 4832 2967 4902 interpretantur,
3040 4849 3236 4905 nempe
3307 4854 3497 4893 aerem-

1914 4926 2200 4994 quemdam
2230 4926 2350 4980 luce
2386 4942 2495 4981 non
2531 4926 2877 4991 illustratum,
2926 4938 3019 4981 aut
3052 4928 3227 4984 locum
3273 4930 3499 4999 obiectu

1914 5017 2158 5085 corporis
2189 5016 2560 5083 obscuratum,
2611 5018 2704 5072 sed
2754 5018 3054 5089 potentiam
3107 5018 3324 5083 malam,
3382 5021 3491 5074 imo

1912 5124 2041 5164 vero
2069 5110 2246 5180 ipsum
2284 5111 2506 5177 malum,
2542 5110 2688 5181 quod
2735 5128 2763 5165 a
2797 5128 2854 5167 se
2888 5112 3106 5181 quidem
3160 5113 3490 5183 principium

1911 5198 2128 5265 habeat,
2164 5202 2482 5257 adversetur
2506 5212 2687 5257 autem
2736 5212 2790 5256 et
2826 5204 3161 5257 contrarium
3207 5204 3275 5258 sit
3328 5204 3495 5257 boni-

1912 5292 2007 5346 tati
2041 5292 2157 5347 Dei.
2193 5293 2325 5347 Nam
2377 5296 2421 5348 si
2478 5294 2642 5360 Deus,
2691 5294 2965 5364 inquiunt,
3011 5304 3092 5349 est
3128 5295 3239 5357 lux,
3290 5296 3491 5349 rationi

1910 5396 2332 5441 consentaneum
2374 5396 2459 5443 est
2514 5399 2571 5443 ut
2598 5405 2718 5458 qum
2748 5390 2821 5443 illi
2851 5406 2914 5444 es
2962 5391 3190 5445 adverso
3226 5398 3491 5461 repugnat

1912 5480 2149 5547 potentia
2203 5481 2439 5536 tenebra:
2498 5483 2629 5546 sint,
2696 5499 2805 5537 non
2878 5484 3099 5538 aliunde
3157 5483 3489 5553 principium

1913 5570 2194 5635 habentes,
2247 5573 2340 5627 sed
2370 5588 2469 5643 per
2512 5588 2571 5628 se
2626 5573 2839 5645 genitm.
2896 5574 3024 5640 Qua:
3074 5575 3293 5644 quidem
3348 5574 3499 5631 nihil

1909 5662 2055 5716 aliud
2090 5672 2238 5727 sunt,
2275 5664 2376 5718 nisi
2410 5666 2586 5734 ipsum
2624 5665 2844 5726 malum,
2888 5666 3031 5731 quod
3066 5666 3278 5721 animos
3321 5683 3496 5737 oppu.

229 5733 319 5805 μὴ
338 5735 491 5805 παρά
518 5737 651 5791 Θεοῦ
693 5741 1020 5810 γεγενῆσθαι
1048 5745 1139 5798 ὑπ’
1162 5746 1339 5801 αὐτῶν
1371 5750 1669 5820 μηνύεαθαι
1700 5752 1806 5806 τῶν

1919 5761 2054 5822 gnat,
2090 5764 2319 5811 mortem
2353 5733 2510 5826 parit,
2541 5756 2795 5809 virtutem
2830 5769 2886 5809 ut
2940 5758 3109 5813 hostis
3160 5733 3485 5830 insequitur.

306 5846 322 5877 ¹
347 5847 549 5929 Αιιειπ.
584 5868 643 5929 ιι,
675 5852 759 5929 ll.
788 5926 812 5929 Α
900 5860 919 5889 ³
954 5857 1100 5915 Psnl.
1130 5879 1245 5929 ut,
1283 5864 1372 5921 25.

222 5918 245 5949 '
285 5916 306 5973 Ι
344 5916 472 5976 Cor.
498 5936 560 5993 ιι,
594 5923 646 5979 8.
724 5926 744 5959 ⁸
777 5926 913 5985 Gen.
952 5945 993 5994 ι,
1024 5930 1078 5986 2.

1488 5868 1507 5898 ³
1535 5866 1697 5925 llcbr.
1737 5886 1793 5937 ιι,
1833 5870 1917 5932 Η.

2015 5874 2035 5901 ⁵
2067 5874 2198 5928 iliid.
2240 5872 2321 5929 l6.
2426 5872 2621 5928 'Joan.
2684 5891 2761 5943 ιιι,
2830 5877 2911 5929 15.
3015 5878 3034 5907 ⁸
3065 5877 3083 5931 Ι
3111 5878 3237 5932 Cor.
3276 5895 3362 5946 xv,
3395 5878 3490 5935 47.
