3838 6564
509 451 609 516 311

1743 457 1951 519 EUTH
1964 458 2127 518 YMII
2170 457 2533 517 ZIGADENI
3620 468 3697 533 312

509 559 676 636 idque
708 580 804 635 per
832 579 890 618 se
919 563 1242 632 consistere,
1270 581 1380 620 non
1412 575 1591 622 autem
1639 581 1667 622 a
1724 567 1836 624 Deo
1885 568 2084 623 factum

2195 569 2284 622 τοῦ
2316 568 2596 638 προφήτου
2651 567 2827 636 λόγων
2869 567 3264 634 ἐξαπατῶνται.
3316 568 3406 623 Ἐκ
3444 571 3503 644 δὴ
3547 577 3695 634 τούτου

509 673 651 720 esse,
680 672 744 710 ex
795 655 924 724 ipsis
957 658 1237 727 praplieue
1289 658 1482 716 verbis:
1514 659 1816 741 .signiﬁcari
1874 661 2086 727 dicunt,

505 747 598 801 sed
648 745 928 800 falluntur.
961 743 1038 801 Ex
1087 746 1192 802 hoc
1247 749 1412 803 verbo
1465 764 1584 818 quae
1626 765 1736 804 non
1787 767 1985 822 pravre,
2035 763 2091 807 et

505 838 686 906 impiae
739 839 1026 906 opiniones
1087 839 1334 893 conﬁctae
1389 842 1556 895 sunt?
1605 843 1682 897 Ex
1750 843 1852 898 hac
1920 860 2088 914 prava

504 923 698 984 vocula
735 945 893 999 quam
944 945 1136 1001 graves
1163 930 1274 1001 lupi
1324 933 1663 988 occasionem
1712 936 2087 1005 arripuerunt,

507 1030 565 1075 ut
599 1021 691 1076 Dei
735 1036 951 1093 gregem
991 1023 1368 1090 dilacerarent,
1403 1033 1458 1078 et
1488 1023 1700 1082 animos
1734 1027 2090 1082 invaderent?

503 1109 697 1167 Nonne
750 1113 1053 1167 Mareiones
1106 1114 1233 1169 hinc
1305 1117 1643 1184 eruperunt?
1696 1133 1881 1173 nonne
1959 1120 2089 1175 hinc

504 1196 778 1259 Valentini
834 1206 1011 1260 exorti
1066 1206 1238 1260 sunt?
1305 1221 1490 1260 nonne
1559 1208 1686 1263 hinc
1756 1211 2088 1266 exsecranda

505 1295 928 1351 Manic‘hamrum
969 1297 1190 1351 haeresis
1223 1297 1459 1368 profecta
1499 1297 1616 1353 est?
1661 1315 1822 1370 quam
1876 1301 1920 1355 si
1968 1303 2090 1369 quis

508 1399 720 1458 putrem
753 1386 1117 1444 Ecclesiarum
1149 1389 1357 1443 saniem
1404 1390 1658 1462 appellet,
1707 1408 1816 1445 non
1862 1395 2086 1450 errabit.

507 1482 662 1547 Quod
698 1491 838 1535 terra
870 1488 1012 1534 esset
1041 1481 1349 1542 invisibilis,
1395 1495 1460 1535 ex
1508 1496 1593 1546 eo,
1630 1481 1771 1552 quod
1819 1483 2086 1553 sequitur,

506 1572 878 1628 confirmatur.
913 1569 1179 1636 Quoniam
1219 1573 1464 1646 abyssus,
1503 1589 1624 1646 quae
1664 1573 1736 1629 illi
1767 1574 2088 1642 inliazrebat,

505 1672 621 1722 erat
638 1667 750 1737 ipsa
772 1681 986 1738 quoque
1007 1667 1242 1722 tenebris
1261 1668 1519 1724 involuta.
1557 1669 1919 1736 Quamobrem
1942 1670 2093 1742 abys-

503 1772 599 1816 ους
631 1774 739 1813 non
775 1767 859 1814 est
913 1758 1205 1813 multitudo
1232 1760 1636 1816 adverSanlium
1657 1771 2011 1832 potestatum,
2035 1771 2092 1817 ut

503 1851 723 1916 quidam
762 1851 965 1922 Opinati
1016 1859 1165 1906 sunt.
1225 1849 1334 1907 Nec
1388 1853 1627 1908 tenebrae
1675 1865 1802 1908 sunt
1851 1856 2091 1925 potentia

503 1945 747 2013 qumdam
783 1945 1056 2014 princeps,
1091 1952 1145 1999 et
1179 1944 1449 2015 improba,
1495 1962 1614 2016 quae
1670 1923 1873 2000 bonum
1913 1947 2088 2018 ipsum
2123 1923 2164 1980 Β

503 2037 804 2108 impugnet.
837 2037 955 2092 Duo
983 2038 1150 2102 enim,
1181 2035 1301 2108 qua!
1333 2038 1436 2093 sibi
1466 2037 1703 2094 vicissim
1747 2039 1918 2108 aequis
1962 2038 2091 2094 viri-

502 2128 607 2183 bus
636 2128 856 2199 prmdita
901 2132 1281 2194 adversentur,
1334 2145 1453 2188 sese
1503 2141 1692 2184 mutuo
1740 2141 2092 2202 corrumpent

503 2222 748 2284 omnino,
803 2230 856 2277 et
913 2232 1179 2293 perpetuo
1238 2222 1381 2278 bello
1434 2223 1510 2278 sic
1579 2225 1971 2288 distrahentur,
2033 2234 2090 2281 ut

501 2315 777 2383 negotium
809 2331 1087 2385 nunquam
1133 2331 1243 2370 non
1283 2315 1540 2382 habeant,
1592 2328 1646 2372 et
1693 2319 1798 2373 sibi
1851 2318 2089 2372 vicissim

501 2406 818 2461 exhibeant.
856 2407 1010 2474 Quod
1048 2409 1090 2463 si
1139 2407 1349 2463 vitibus
1382 2426 1547 2464 unum
1598 2410 1929 2478 pra‘stitcrit.
1953 2411 2090 2464 alte-

501 2513 626 2552 rum
659 2515 883 2568 prorsus
937 2499 1202 2554 abolebit.
1250 2500 1437 2570 Itaque
1469 2500 1544 2570 [si
1601 2517 1786 2570 parem
1835 2502 1983 2567 mali,
2035 2510 2090 2556 et

501 2593 626 2649 boni
664 2595 767 2648 vim
805 2607 924 2665 esse
956 2602 1219 2658 statuunt,
1248 2593 1525 2647 assiduum
1578 2594 1801 2656 bellum,
1856 2603 1910 2648 et
1964 2609 2088 2664 pcr-

499 2695 723 2753 petuum
757 2683 1035 2739 interitum
1079 2683 1454 2748 introducunt,
1482 2700 1602 2738 eum
1635 2687 1837 2756 pariter
1870 2695 1925 2739 et
1972 2685 2090 2739 vin-

499 2787 588 2832 cat
617 2789 931 2846 uttzumque,
967 2786 1020 2830 et
1054 2776 1305 2830 vincatur
1335 2777 1401 2829 ab
1435 2775 1628 2830 altero.
1683 2775 1775 2830 Sin
1828 2777 1954 2829 boni
2007 2777 2087 2832 vis

498 2869 796 2932 antecellit.
824 2869 952 2939 quid
975 2868 1174 2934 obstat,
1194 2867 1486 2938 quominus
1504 2877 1696 2922 natura
1721 2868 1843 2922 mali
1865 2870 2085 2939 penitus

499 2962 783 3019 deleatur?
813 2961 910 3015 Sin
946 2969 1158 3025 contra,
1191 2960 1336 3030 quod
1368 2959 1530 3015 nefas
1557 2970 1639 3015 est
1667 2960 1872 3025 dicere,
1895 2963 2083 3030 miror,

499 3070 597 3109 cur
630 3068 738 3108 non
772 3067 803 3107 a
832 3067 892 3108 se
944 3051 1163 3121 ipsimet
1204 3049 1439 3120 fugiant,
1493 3061 1546 3105 ct
1593 3051 1943 3118 abhorreant,
1992 3053 2085 3124 qui

497 3157 610 3201 tam
643 3146 810 3216 impia
838 3153 893 3200 et
946 3142 1269 3199 detestanda
1321 3143 1610 3198 maledicta
1666 3145 2089 3200 comminiscun-

2191 661 2244 715 τί
2277 661 2397 731 οὐχὶ
2424 660 2768 728 συνεπλάσθη
2791 659 2899 712 τῶν
2926 657 3179 730 πονηρῶν
3220 662 3314 714 καὶ
3346 662 3509 717 ἀθέων
3536 666 3698 738 δογμά.

2191 770 2327 817 των;
2364 754 2513 806 Ποῖοι
2565 751 2721 804 λύκοι
2763 752 2950 822 βαρεῖς
3007 751 3338 815 διασπῶντες
3397 753 3452 807 τὸ
3498 758 3699 828 ποίμνιον

2189 844 2284 897 τοῦ
2313 841 2450 896 Θεοῦ
2484 845 2602 913 οὐχὶ
2629 844 2737 896 ἀπὸ
2775 842 2874 912 τῆς
2908 843 3113 912 μικρᾶς
3163 843 3366 912 ταύτης
3417 848 3580 917 φωνῆς
3625 855 3699 923 τὴν

2192 933 2364 1004 ἀρχὴν
2389 933 2646 996 λαϐόντες
2693 933 3042 986 ἐπεπόλασαν
3088 935 3207 996 ταῖς
3234 933 3427 1003 ψυχαῖς
3453 951 3468 1000 ;
3504 939 3556 990 ού
3582 942 3700 1015 Μσρα

2193 1027 2422 1090 κίωνεςς
2447 1025 2549 1080 ούκ
2583 1025 2932 1079 Οὑαλεντῖνοι
2955 1043 2967 1056 ·
3005 1026 3104 1096 ούχ
3129 1027 3160 1094 ἡ
3185 1025 3441 1098 βδελυκτὴ
3456 1029 3698 1089 τῶνΜανι-

2191 1119 2360 1189 χαίων
2408 1118 2657 1187 αἵρεσιςς
2710 1118 2775 1187 ἣν
2835 1116 3104 1186 σηπεδόνα
3153 1134 3238 1180 τις
3280 1119 3384 1170 τῶν
3419 1120 3698 1191 Ἐκκλησιῶν

2194 1209 2510 1280 προσειπὼν
2547 1209 2644 1278 οὐχ
2699 1209 3010 1278 ἁμαρτήσει
3073 1207 3167 1261 τού
3225 1212 3587 1280 προσήκοντος.
3619 1215 3699 1270 Τοῦ

2192 1304 2422 1372 ἀόρατον
2447 1295 2588 1355 εἶναι
2647 1300 2744 1370 τῆν
2813 1301 2917 1369 γῆν
2977 1301 3470 1355 κατασκευαστικόν
3519 1303 3615 1358 ἐστι
3657 1307 3700 1359 τὸ

2192 1395 2558 1464 ἐπαγόμενον,
2595 1393 2676 1446 ὅτι
2705 1391 2944 1455 ἄϐυσσος
2988 1387 3056 1463 ἦν
3085 1392 3118 1460 ὴ
3154 1391 3442 1461 ἐπέχουσα,
3474 1395 3557 1446 καὶ
3595 1394 3700 1466 αὑτὴ

2193 1485 2572 1557 ἐσκοτισμένη,
2612 1485 2749 1538 Ούτε
2800 1485 2891 1539 ob:
2945 1485 3180 1546 ἄϐυσσος
3223 1483 3489 1554 δυνάμεων
3545 1485 3700 1557 πλῆθος

2193 1581 2608 1651 ἀντικειμένων,
2651 1579 2726 1643 ὣς
2750 1597 2894 1642 τινες
2935 1577 3377 1646 ἐφαντάσθησαν,
3407 1576 3516 1631 οὗτε
3554 1581 3699 1644 σκότος

2195 1672 2399 1743 ἀρχική
2431 1688 2515 1734 τις
2551 1671 2645 1724 καὶ
2675 1675 2889 1743 πονηρὰ
2937 1670 3174 1740 δύναμις
3224 1669 3601 1742 ἀντεξαγομένη
3644 1673 3699 1742 τῷ

2191 1762 2407 1832 ἀγαθῷ.
2451 1763 2554 1815 Δύο
2587 1764 2698 1833 γὰρ
2730 1761 3052 1830 ἐξισάζοντα
3084 1759 3332 1831 ἀλλήλοις
3359 1761 3474 1814 κατ’
3501 1764 3700 1816 ἐναντίωο

2199 1872 2280 1910 σιν
2303 1853 2578 1925 φθαρτικὰ
2610 1855 2760 1907 ἐσται
2791 1853 3006 1917 πάντως
3032 1856 3133 1925 τῆς
3163 1851 3403 1924 ἀλλήλων
3427 1855 3698 1921 συστάσεως,

2195 1955 2289 2002 καὶ
2325 1947 2626 2018 πράγματα
2653 1946 2761 2013 ἕξει
2791 1945 3078 2018 διηνεκῶς,
3118 1945 3214 1998 καὶ
3247 1943 3462 2014 παρέξει
3491 1946 3700 2016 ἀπαύστῳ

2195 2037 2330 2109 προς
2350 2036 2555 2108 ἄλληλα
2577 2039 2910 2109 συνεχόμενα
2934 2037 3009 2108 τῷ
3036 2036 3279 2105 πολέμῳ.
3312 2037 3423 2088 Κᾶν
3445 2036 3700 2108 ὑπερϐάλλῃ

2194 2131 2426 2201 δυνάμει
2443 2130 2552 2181 τῶν
2584 2131 2986 2199 ἀντικειμένων
3015 2129 3074 2182 τὸ
3125 2128 3334 2197 ἕτερον,
3395 2127 3701 2198 δαπανητικὶν

2193 2223 2492 2287 ἐξάπαντος
2525 2223 2617 2275 τοῦ
2662 2222 3026 2292 κρατηθέντος
3089 2223 3325 2286 γίνεται.
3358 2221 3507 2274 Ὥστε
3549 2222 3589 2274 εἰ
3631 2221 3701 2290 μὲν

2197 2315 2486 2386 ἰσόρροπον
2517 2313 2737 2381 λέγουσι
2760 2311 2854 2364 τοῦ
2896 2311 3070 2365 κακοῦ
3104 2310 3206 2382 ’τὴν
3255 2312 3385 2380 πρὸς
3433 2311 3489 2363 τδ
3545 2313 3701 2380 ἀγαθὸν

2192 2409 2534 2468 ἐναντίωσιν,
2589 2408 2870 2460 ἄπαυστον
2931 2403 3217 2473 είσάγουσι
3254 2405 3497 2473 πόλεμον,
3527 2407 3604 2459 καὶ
3621 2406 3702 2478 διη-

2193 2504 2328 2572 νεκῆ
2356 2503 2458 2575 τὴν
2493 2501 2722 2571 φθορὰν,
2747 2498 3096 2571 κρατούντων
3148 2501 3206 2552 ἐν
3248 2499 3421 2570 μέρει,
3475 2501 3558 2552 καὶ
3596 2516 3700 2570 κρα-

2191 2594 2469 2665 τουμένων
2491 2611 2504 2624 ·
2542 2594 2588 2644 εἰ
2630 2593 2684 2644 δὲ
2715 2591 2974 2660 ὑπερέχει
3007 2590 3249 2660 δυνάμει
3282 2591 3339 2642 τδ
3367 2589 3566 2656 ἀγαθον,
3594 2589 3699 2656 τίςή

2191 2688 2340 2740 αἰτία
2371 2685 2464 2740 τοῦ
2494 2686 2590 2755 τὴν
2622 2685 2786 2754 φύσιν
2813 2683 2984 2738 κακοῦ
3022 2686 3096 2754 μὴ
3137 2682 3408 2742 παντελῶς
3436 2682 3697 2760 ἀνῃρῇσϐαι;

2193 2779 2255 2831 Εἰ
2282 2778 2360 2842 δέ,
2390 2775 2418 2830 ό
2449 2777 2525 2846 μὴ
2576 2776 2731 2845 Θέμις
2761 2778 2957 2839 είπεῖν,
2994 2773 3282 2844 θαυμάζω,
3312 2771 3422 2834 πῶς
3459 2773 3562 2843 οὐχὶ
3607 2771 3701 2839 φεύ-

2191 2887 2377 2938 γουσιν
2403 2869 2558 2922 αὐτοὶ
2594 2869 2821 2931 ἑαυτοὺς
2853 2866 2991 2937 πρὸς
3053 2863 3202 2917 οὕτω
3255 2863 3578 2934 βλασφημίας
3606 2862 3700 2915 ἀθε-

2193 2962 2384 3033 μίτους
2414 2963 2819 3033 ὑποφερόμενοι
2845 2979 2862 3028 ;
2888 2961 2962 3015 υύ
2998 2958 3104 3030 μὴν
3143 2957 3264 3012 ούδέ
3327 2954 3468 3024 παρὰ
3507 2952 3619 3006 Θεοῦ
3656 2953 3701 3005 τὸ

2190 3058 2362 3112 κακὸν
2394 3059 2491 3126 τὴν
2524 3057 2742 3126 γένεσιν
2780 3055 2928 3126 ἔχειν
2961 3051 3187 3116 εὐσεϐές
3221 3053 3336 3104 ἐστι
3363 3050 3546 3118 λέγειν,
3568 3045 3637 3101 διὰ
3657 3046 3698 3098 τὸ

2193 3150 2359 3220 μηδὲν
2381 3149 2488 3202 τῶν
2515 3149 2771 3202 ἐναντίων
2825 3146 2979 3214 παρὰ
3041 3143 3141 3198 τοῦ
3194 3144 3439 3196 ἐναντίου
3484 3139 3697 3209 γίνεσθαι.

498 3250 610 3297 tur.
641 3238 750 3294 Nec
784 3249 965 3293 tamen
1016 3238 1164 3308 pium
1196 3244 1276 3291 est
1327 3237 1507 3292 dicere
1546 3237 1612 3291 ab
1659 3238 1776 3307 ipso
1819 3237 1931 3312 Deo
1977 3254 2088 3292 ma-

2195 3239 2331 3294 Ούτε
2362 3242 2470 3312 γὰρ
2495 3243 2526 3310 ἠ
2552 3239 2664 3310 ζωὴ
2696 3240 2926 3294 θάνατον
2966 3237 3156 3307 γεννᾷ,
3193 3234 3314 3288 οὔτε
3348 3234 3403 3288 τὸ
3433 3235 3596 3292 σκότος
3620 3248 3701 3299 φω-

497 3332 611 3387 lum
671 3331 824 3385 oriri.
884 3329 1340 3399 Quandoquidem
1393 3329 1600 3383 nullum
1665 3330 1995 3383 contrarium
2058 3347 2086 3383 a

500 3426 778 3480 contrario
831 3423 912 3479 ﬁt.
979 3422 1166 3492 Neque
1206 3423 1352 3477 enim
1391 3422 1499 3476 vita
1557 3431 1787 3475 mortem
1845 3431 2086 3492 generat.

497 3518 611 3573 Nec
668 3516 904 3571 tenebrae
958 3514 1136 3570 lucem
1195 3515 1430 3584 pariunt.
1489 3511 1597 3566 Nec
1661 3512 1880 3566 morbus
1936 3512 2084 3566 vale-

503 3607 748 3661 tudinem
805 3606 986 3662 efﬁcit.
1024 3607 1092 3661 At
1127 3605 1168 3660 si
1223 3603 1446 3667 malum,
1508 3603 1785 3671 inquiunt.
1840 3618 1941 3658 nec
2003 3601 2086 3654 in-

501 3699 744 3770 genitum
792 3707 894 3763 est,
960 3713 1062 3753 nec
1095 3697 1336 3768 genitum
1388 3713 1416 3750 a
1469 3696 1600 3759 Deo,
1654 3695 1796 3748 unde
1840 3705 2086 3748 naturam

445 3832 462 3848 ..
500 3790 703 3845 liabet?
730 3789 862 3845 Nam
904 3790 1042 3845 mala
1067 3789 1282 3860 quidem
1312 3804 1432 3844 esse
1479 3789 1662 3842 nullus
1704 3787 1942 3857 negabit,
1994 3785 2087 3856 qui

498 3884 622 3937 vita:
669 3898 895 3938 munere
930 3883 1208 3952 fungatur.
1262 3881 1403 3946 Quid
1439 3878 1601 3952 igitur
1655 3880 1938 3935 dicemus?
1975 3879 2087 3932 Ma-

500 3976 614 4030 lum
665 3989 776 4028 non
826 3988 946 4028 esse
1009 3983 1259 4026 naturam
1299 3973 1502 4037 vivam,
1559 3979 1722 4042 atque
1767 3972 2086 4036 animatam,

502 4069 597 4124 sed
637 4067 981 4138 aﬂectionem
1009 4066 1298 4137 quamdam
1324 4065 1376 4118 in
1413 4065 1618 4130 animo,
1673 4081 1791 4134 qua!
1831 4062 2088 4133 quoniam

501 4159 571 4212 ab
608 4158 841 4212 honesto
869 4158 1105 4221 decedit,
1153 4167 1236 4212 est
1274 4156 1456 4211 virtuti
1482 4156 1776 4219 contraria,
1800 4165 1854 4208 et
1880 4153 2090 4224 ignavis

502 4250 830 4304 innascitur.
869 4250 1048 4317 Quare
1081 4265 1191 4306 non
1223 4259 1328 4313 est,
1370 4265 1469 4304 cur
1512 4249 1710 4303 malum
1763 4246 2090 4301 intrinsecus

505 4341 856 4414 pervestiges,
885 4353 978 4398 aut
1006 4344 1304 4414 principem
1332 4342 1493 4396 ullam
1522 4339 1886 4410 improbitatis
1917 4347 2088 4392 natu-

503 4451 621 4490 ram
671 4435 936 4506 opineris,
976 4439 1068 4490 sed
1095 4452 1205 4490 suae
1230 4417 1463 4505 quisque
1487 4433 1704 4488 malitiae
1731 4449 1788 4487 se
1810 4443 2087 4486 auctorem

502 4540 782 4600 agnoscat.
817 4530 1053 4585 Proinde
1091 4545 1320 4599 quorum
1363 4538 1418 4584 tu
1466 4528 1722 4584 dominus
1771 4542 1850 4589 es.
1901 4541 2090 4580 eorum

503 4621 718 4678 aliunde
751 4639 820 4678 ne
847 4638 1060 4693 quzeras
1105 4622 1277 4677 initia.
1317 4620 1425 4676 Sed
1475 4621 1732 4689 intelligo,
1771 4619 1912 4688 quod
1965 4632 2092 4687 pro-

502 4714 644 4782 prie,
696 4723 752 4770 et
781 4731 908 4770 vere
953 4715 1154 4769 malum
1207 4723 1311 4778 est,
1366 4712 1418 4768 id
1453 4728 1516 4766 ex
1569 4711 1877 4766 voluntario
1934 4709 2086 4779 lapsu

503 4805 836 4875 principium
893 4807 1117 4862 ducere.
1186 4805 1319 4861 Nam
1374 4807 1418 4860 si
1481 4813 1676 4876 prmter
1755 4808 2089 4859 voluntatem

504 4895 802 4956 accideret,
839 4911 950 4951 non
984 4905 1168 4952 tantus
1199 4912 1265 4951 ex
1309 4894 1518 4964 legibus
1554 4894 1716 4948 timor
1766 4892 2090 4961 delinquen-

2194 3335 2284 3396 τός·
2313 3335 2460 3386 ἐστιν
2488 3332 2654 3403 ἀρχὴ,
2682 3330 2808 3384 οὗτε
2838 3331 2869 3401 ἡ
2900 3329 3054 3392 νόσος
3070 3327 3391 3396 ύγείαςέστὶ
3413 3322 3700 3395 δημιουργός.

2191 3427 2253 3480 El
2279 3425 2481 3490 τοίνυν,
2512 3426 2666 3495 φησὶ,
2725 3425 2860 3493 μήτε
2894 3420 3184 3490 ἀγένητον,
3246 3421 3379 3489 μήτε
3424 3417 3557 3488 παρὰ
3601 3414 3701 3467 Θεοῦ

2196 3514 2443 3582 γεγονὸς,
2476 3518 2641 3567 πόθεν
2693 3511 2803 3582 ἔχει
2834 3511 2932 3581 τὴν
2992 3511 3190 3580 φύσινς
3255 3509 3330 3562 Τὸ
3371 3507 3472 3578 γὰρ
3506 3503 3620 3559 εἶναι
3653 3503 3702 3557 τὰ

2198 3607 2346 3660 κακὰ
2379 3606 2554 3669 οὐδεὶς
2582 3606 2799 3674 ἀντερεῖ
2825 3603 2932 3656 τῶν
2967 3603 3311 3673 μετεχόντων
3335 3601 3424 3654 τοῦ
3443 3595 3703 3669 βίουἹίοῦν

2193 3716 2410 3768 φαμεν;
2441 3698 2564 3750 Ὀτι
2597 3696 2658 3749 τὸ
2693 3699 2862 3750 κακὸν
2887 3697 2986 3750 οὐκ
3019 3695 3173 3748 ἔστιν
3201 3694 3355 3748 ούσία
3384 3693 3518 3758 ζῶσα
3536 3692 3612 3744 καὶ
3632 3690 3703 3754 Ep-

2190 3791 2385 3860 ψυχος,
2425 3789 2559 3841 ἀλλὰ
2581 3787 2823 3850 διάθεσις
2843 3789 2900 3839 ἐν
2921 3788 3066 3856 ψυχῇ
3102 3788 3362 3850 ἐναντίως
3393 3785 3570 3854 ἔχουσα
3598 3779 3702 3848 πρὶς

2191 3883 2395 3953 ἀρετὴν
2419 3883 2503 3935 διὰ
2529 3883 2626 3951 τὴν
2651 3881 2758 3934 ἀπὸ
2788 3880 2880 3932 τού
2912 3880 3079 3932 καλοῦ
3108 3881 3424 3934 ἀπόπτωσιν
3450 3878 3548 3937 τοῖς
3576 3868 3701 3943 @95-

2193 3989 2315 4043 μοις
2345 3972 2692 4042 ἐγγινομένη.
2731 3971 2821 4040 Μὴ
2839 3968 3018 4021 τοίνυν
3051 3969 3162 4036 ἔξω
3210 3969 3308 4039 μὲν
3339 3967 3398 4020 τὸ
3445 3964 3592 4019 κακον
3633 3976 3704 4012 πε-

2196 4063 2468 4135 ρισκόπει,
2507 4061 2642 4133 μηδέ
2671 4061 2966 4132 ἀρχέγονόν
2989 4078 3109 4114 τινα
3146 4061 3310 4130 φύσιν
3333 4057 3575 4126 πονηρίας
3603 4068 3704 4121 φαν-

2189 4156 2377 4221 τάζου,
2409 4154 2547 4208 ἀλλὰ
2585 4155 2681 4223 τῆς
2714 4154 2770 4206 ἐν
2823 4151 2973 4223 αὐτῷ
3027 4153 3231 4216 κακίας
3289 4153 3504 4212 ἕκαστος
3559 4143 3705 4198 ἑαυτὸν

2193 4247 2439 4318 ἀρχηγὸν
2496 4247 2833 4315 γνωριζέτω,
2875 4240 2980 4298 Ὠν
3036 4245 3220 4297 τοίνυν
3263 4241 3420 4305 αὐτὸς
3465 4236 3508 4292 εἷ
3540 4235 3702 4300 κύριος,

2191 4339 2399 4392 τούτων
2429 4340 2527 4402 τὰς
2559 4339 2736 4409 ἀρχὰς
2769 4338 2844 4408 μὴ
2868 4337 3114 4408 ζητήσῃς
3148 4335 3432 4406 ἑτέρωθεν,
3467 4330 3583 4385 ἀλλὰ
3602 4326 3706 4394 γνὺ-

2199 4431 2311 4500 ριζε
2338 4433 2398 4485 τὸ
2427 4431 2633 4502 κυρίως
2657 4431 2826 4484 κακὸν
2851 4432 2917 4483 ἐκ
2940 4429 3048 4482 τῶν
3074 4425 3470 4500 προαιρετικῶν
3497 4423 3703 4476 ὰποπτω·

2202 4524 2387 4596 μάτων
2418 4523 2518 4590 τὴν
2551 4520 2726 4592 ἀρχὴν
2749 4520 2994 4590 εἰληφός.
3023 4518 3099 4572 Ub
3133 4521 3240 4590 γὰρ
3294 4519 3378 4583 ἂν,
3412 4517 3554 4582 εἴπερ
3587 4505 3708 4562 ἁκού-

2201 4635 2316 4670 σιον
2337 4611 2426 4685 ἦν,
2450 4615 2545 4667 καὶ
2575 4615 2650 4684 μὴ
2671 4615 2754 4682 ἐφ’
2779 4615 2935 4684 ἡμῖν.
2954 4613 3210 4677 τοσοῦτος
3244 4611 3344 4682 μὲν
3367 4611 3429 4662 ἐκ
3457 4605 3553 4659 τῶν
3569 4601 3708 4668 νόμων

2198 4711 2223 4762 ὁ
2249 4707 2411 4777 φόϐος
2451 4709 2562 4767 τοῖς
2595 4705 3008 4776 πλημμελοῦσιν
3044 4707 3348 4776 ἐπήρτητο,
3385 4700 3517 4754 οὕτω
3537 4696 3583 4748 δὲ
3608 4693 3709 4744 ἀπα-

2199 4801 2441 4872 ραίτητοι
2473 4800 2583 4853 τῶν
2615 4799 2977 4872 δικαστηρίων
3011 4800 3064 4851 αἱ
3093 4798 3340 4862 κολάσεις
3370 4794 3429 4847 τὸ
3461 4790 3579 4861 πρὸς
3592 4782 3708 4846 ἀξίαν

2196 4894 2306 4954 τοῖς
2337 4891 2670 4961 κακούργοις
2703 4891 3126 4961 ἐπιμετροῦσαι.

509 4987 653 5042 tibus
680 4986 1039 5056 impenderet.
1082 4986 1238 5040 Nunc
1287 4996 1488 5051 autem,
1515 4984 1774 5054 quoniam
1819 4999 1848 5036 a
1895 4983 2175 5039 voluntate
2227 4983 2606 5054 proﬁciscitur,
2657 4991 2804 5038 certa
2843 4982 3172 5053 judiciorum
3225 4979 3499 5052 supplicia,
3547 4975 3708 5030 facino-

506 5079 650 5134 rosis
679 5079 991 5136 bominibus
1037 5095 1136 5150 pro
1187 5079 1451 5149 cujusque
1496 5079 1706 5134 meritis
1753 5078 2086 5148 irrogantur.

427 5201 432 5204 -
505 5174 641 5230 Item
669 5175 724 5230 in
751 5177 979 5229 eosdem.
1016 5175 1096 5226 Ea:
1129 5173 1284 5232 libro,
1314 5174 1402 5240 qui
1430 5172 1681 5240 Gregorio
1724 5171 1907 5239 Nyssce
1959 5187 2095 5240 pon-

783 5247 908 5316 tiﬁci
939 5246 1246 5310 ascribilur,
1287 5242 1362 5296 De
1389 5244 1679 5314 cognitione
1707 5243 1826 5296 Dei.

580 5403 649 5459 Et
685 5405 927 5466 tenebrat,
972 5403 1145 5473 inquit
1184 5401 1381 5462 Moses,
1433 5409 1584 5453 erant
1627 5415 1780 5468 super
1824 5399 2087 5469 abyssum.

511 5498 590 5552 Ex
633 5513 742 5567 quo
798 5496 1070 5550 malitiose
1119 5495 1210 5549 isti
1267 5496 1654 5548 ratiocinantes
1701 5492 1886 5546 dicunt
1940 5501 2089 5545 tene-

510 5589 640 5643 bras
694 5587 884 5653 fuisse,
940 5602 1170 5655 quarum
1229 5586 1470 5639 ellectrix
1534 5599 1694 5638 causa
1759 5584 1830 5638 sit
1884 5583 2086 5636 malum

510 5680 861 5749 principium.
894 5677 1098 5732 Deinde
1128 5689 1180 5732 et
1209 5679 1391 5732 divisit
1423 5677 1566 5732 Deus
1612 5677 1753 5729 inter
1804 5674 1976 5728 lucrm
2033 5684 2088 5728 et

511 5773 786 5827 tenebras.
818 5772 874 5826 Si
905 5772 991 5825 luv
1029 5782 1132 5835 est,
1161 5782 1216 5825 et
1263 5771 1498 5826 tenebrae
1543 5780 1691 5830 sunt.
1723 5783 1858 5838 quas
1905 5781 1934 5822 a
1968 5763 2088 5822 llfce

517 5867 799 5933 sejunctas
849 5863 1124 5933 intelligis.
1185 5863 1311 5918 llaec
1357 5863 1683 5918 tenebriuisi
1744 5861 1851 5926 isti,
1897 5861 1985 5929 qui
2034 5861 2085 5913 in

513 5960 638 6017 luce
667 5958 978 6016 cmcutiunt.
1013 5958 1118 6014 Nos
1149 5971 1327 6016 autent
1377 5960 1630 6029 dicimus,
1688 5958 1937 6014 tenebras
1981 5971 2088 6012 non

2206 5167 2329 5219 Ἔτι
2358 5167 2507 5220 κατά
2536 5167 2656 5219 τῶν
2717 5165 2917 5220 αὐτῶν
2962 5167 3030 5220 ἐκ
3074 5166 3190 5233 τῆς
3227 5163 3544 5233 ,λεγομένης
3592 5155 3709 5212 εἶναι

2272 5236 2380 5326 τοῦ
2407 5237 2663 5302 Νύσσης
2692 5238 2937 5304 βίϐλου,
2974 5237 3072 5291 καί
3099 5234 3472 5306 καλουμένης
3499 5235 3710 5299 6.903111:-

2272 5325 2434 5373 σίας.

2271 5401 2376 5453 Καὶ
2427 5401 2651 5465 σκότος
2681 5399 2881 5453 ἐπάνω
2917 5398 3028 5466 τῆς
3062 5399 3359 5462 ἀϐύσσου,
3423 5395 3545 5465 φησὶ
3584 5391 3711 5445 Marii-

2202 5496 2322 5563 σῆς.
2359 5492 2524 5546 Ὅθεν
2565 5486 2712 5545 οὗτοι
2745 5491 3076 5560 κακούργως
3128 5489 3439 5561 ὀρμώμενοί
3468 5502 3611 5555 φασιν
3650 5481 3708 5533 ὅτι

2197 5580 2264 5653 ἧν
2293 5585 2354 5635 τὸ
2394 5584 2606 5644 σκότος,
2645 5578 2706 5635 οὒ
2739 5585 3025 5654 ποιητικὸν
3082 5580 3314 5651 αἴτιονὴ
3357 5575 3556 5647 πονηρά
3581 5569 3705 5641 ἀρχή-

2198 5673 2327 5729 Εἷτα
2353 5676 2450 5730 καὶ
2477 5675 2795 5746 διεχώρισεν
2828 5680 2854 5728 ὁ
2875 5676 3014 5739 Θεὸς
3043 5675 3147 5728 ἀνὰ
3201 5675 3364 5744 μέσον
3413 5669 3501 5723 τοῦ
3552 5662 3692 5733 φωτὸς

2197 5771 2292 5822 καὶ
2322 5769 2424 5824 ἁνᾶ
2461 5770 2628 5838 μέσον
2655 5771 2750 5823 τοῦ
2781 5771 3031 5833 σκότους.
3061 5768 3123 5822 Εἰ
3153 5767 3246 5820 οὖν
3275 5766 3329 5818 τὸ
3361 5761 3469 5830 φῶς
3524 5757 3592 5819 ὃν»
3640 5765 3690 5801 κο

2197 5864 2258 5914 τὺ
2290 5865 2476 5926 σκότος
2529 5863 2610 5926 ὃν,
2644 5865 2749 5933 ἄρα
2796 5863 2858 5914 τὸ
2913 5860 3199 5915 διασταλέν
3253 5858 3359 5911 ἀπὸ
3417 5851 3504 5907 τού
3553 5841 3699 5941 φωτάξῆ

2201 5955 2383 6014 Ταῦτα
2419 5956 2587 6029 μὲνοὶ
2617 5955 2882 6009 σκοτεινοὶ
2926 5956 3053 6026 περὶ
3107 5952 3169 6006 τὸ
3228 5952 3341 6022 φῶς
3385 5962 3537 6002 οοτοι.
3588 5935 3640 5990 Τί
3667 5944 3708 5982 οἱ
