3954 6558
219 452 336 517 317
1191 466 1564 529 PANOPIJA
1608 471 2076 533 DOGMATICA.
2115 499 2182 510 -—
2224 474 2370 536 Tl'I‘.
2418 475 2524 537 Ix.
3397 464 3501 533 318

221 567 384 634 ἔλεγε
414 582 429 598 ο
466 569 712 638 Κραυγὴ
759 569 1035 640 Σοδόμων
1079 576 1174 627 καὶ
1231 577 1551 645 Γομόρρων
1584 580 1786 648 ἐρχετο

1926 582 2071 644 lit-at,
2106 581 2210 635 nisi
2244 598 2309 635 eo
2341 582 2572 636 consilio
2624 582 2799 636 Deum
2845 581 2919 637 ita
2947 582 3189 636 locutum
3243 596 3385 646 esse,
3442 592 3505 638 ut

220 665 382 727 srch
403 678 522 729 ys;
570 661 640 716 ἸΙ
668 662 763 732 γῆ,
802 666 956 737 φησὶ,
980 665 1104 735 βοᾷ
1130 668 1225 720 καὶ
1259 670 1372 736 πρὸ
1398 670 1513 722 τῶν
1540 674 1779 740 apag-pd

1918 686 2021 725 nos
2053 674 2321 738 erudiret,
2361 690 2430 729 ne
2457 692 2694 746 unquam
2730 677 3037 746 praecipites
3093 677 3365 732 irruamus
3430 678 3497 733 ad

219 769 367 820 των,
398 755 435 821 ἢ
465 757 618 808 αὐτὰ
646 758 717 809 τὰ
746 757 1060 827 πράγματα
1092 760 1305 833 κρᾴζει.
1336 763 1536 815 Πολλοὶ
1557 765 1611 816 δὲ
1636 766 1785 818 τοιαῦ

1920 764 2205 835 irrogauda
2263 770 2548 837 supplicia,
2608 780 2888 837 propterea
2966 768 3110 837 quod
3167 769 3494 838 aliquorum

220 861 314 897 ται
340 846 406 897 οὐ
451 851 612 914 μόνον
642 850 797 918 παρὰ
849 853 915 919 τῇ
972 852 1205 922 Παλαιᾷ,
1262 852 1397 905 ἀλλὰ
1432 854 1528 906 καὶ
1559 858 1707 927 παρὰ
1743 859 1786 923 τῆ

1917 858 2118 925 ﬂagitia
2144 861 2559 929 prospiciamus,
2612 862 2706 915 sed
2738 870 3139 930 exspectemus,
3177 872 3235 915 ut
3271 878 3328 915 re
3382 862 3497 929 ipsa

220 936 344 1007 Νέᾳ
383 937 693 1009 ἐρωτήσειε
715 943 808 994 τοῦ
838 945 1093 1014 Χριστοῦ.
1130 947 1304 998 Πᾶσαι
1340 946 1397 998 δὲ
1431 949 1779 1017 οἰκονομικαὶ

1917 950 2154 1019 perlecta
2206 952 2335 1007 sint.
2373 954 2505 1006 Nam
2534 956 2576 1007 si
2647 968 2755 1006 non
2816 952 3160 1019 commovisset
3220 953 3496 1021 quomodo

222 1030 319 1080 καί
346 1046 401 1081 τι
420 1031 607 1101 ἕτερον
635 1035 1164 1098 κατασκευάζουσαι.
1204 1036 1363 1090 Ἰδιον
1394 1038 1503 1107 γὰρ
1542 1038 1633 1090 τοῦ
1677 1040 1786 1091 θεολ

1920 1042 2192 1111 potuisset
2220 1046 2407 1100 dicere
2442 1065 2453 1099 :
2484 1046 2703 1099 Clamor
2763 1042 3120 1098 Sodomorum
3152 1054 3207 1099 et
3263 1043 3497 1099 Gomor-

220 1120 283 1171 τὸ
318 1121 491 1174 πάντα
516 1122 805 1189 γινώσκειν
825 1142 839 1157 ο
869 1126 959 1179 καὶ
996 1128 1023 1179 6
1050 1127 1126 1198 μὴ
1159 1129 1338 1181 πάντα
1378 1127 1532 1191 εἰδὼς
1584 1130 1642 1179 οὐ
1672 1129 1786 1181 πὰνι

1917 1132 2030 1187 rha:
2054 1135 2201 1188 venit
2228 1136 2290 1189 ad
2327 1136 2455 1190 me?
2488 1136 2677 1201 Terra,
2712 1134 2912 1204 inquit,
2956 1134 3175 1199 clamat,
3207 1136 3368 1188 etiam
3399 1151 3497 1187 an-

221 1230 334 1268 των
366 1215 518 1277 Θεόςο
1914 1234 1965 1279 te
2003 1240 2112 1281 res.
2147 1225 2212 1280 Et
2245 1227 2373 1298 ipsa:
2405 1243 2489 1283 res
2521 1226 2894 1283 vociferantur
2953 1233 3008 1278 et
3044 1224 3300 1278 clamant.
3359 1223 3498 1277 Mul-

223 1320 450 1365 taesuut
495 1311 761 1382 ejusmodi
820 1313 1272 1383 interrogationes
1320 1330 1426 1367 non
1483 1315 1658 1367 solum
1716 1314 1770 1366 in
1820 1314 2019 1383 Veteri,
2093 1321 2191 1375 sed
2256 1323 2419 1375 etiam
2482 1322 2535 1375 iu
2600 1320 2749 1374 Novo
2799 1317 3174 1381 Testamento,
3229 1332 3350 1385 qua:
3406 1328 3491 1371 ta-

227 1418 362 1457 men
393 1417 590 1457 omnes
625 1404 1285 1474 mysteriumcontinent,
1313 1413 1368 1456 et
1397 1401 1599 1472 aliquid
1652 1404 1799 1457 aliud
1842 1418 2030 1477 agunt.
2064 1408 2200 1464 Nam
2267 1410 2358 1466 Dei
2421 1410 2703 1482 proprium
2752 1419 2838 1464 est
2893 1415 3090 1463 cuncta
3138 1421 3495 1479 cognoscere,

220 1509 278 1554 et
305 1499 401 1570 qui
425 1495 608 1553 omnia
636 1513 744 1553 non
776 1499 935 1552 habet
959 1498 1197 1567 cognita,
1236 1513 1343 1552 non
1376 1507 1456 1552 est
1482 1497 1728 1551 omnium
1754 1497 1917 1553 Deus.

765 1590 867 1643 Ἐκ
898 1589 1009 1658 τῆς
1039 1590 1252 1658 αὐτῆς.

298 1683 424 1747 Πῶς
455 1701 593 1752 φατε
623 1683 713 1738 τὸν
747 1685 845 1753 μὲν
872 1687 974 1753 τῆς
1023 1684 1264 1746 παλαιᾶς
1309 1682 1583 1753 Διαοήκης
1634 1697 1798 1750 νομο-

221 1776 391 1848 θέτην
421 1776 654 1841 δίκαιον,
715 1776 809 1829 τὸν
867 1776 921 1828 δὲ
960 1777 1057 1843 τῆς
1126 1776 1253 1838 νέας
1286 1774 1514 1842 ἀγαθὸν,
1555 1775 1651 1826 καὶ
1707 1773 1797 1826 διὰ

218 1870 400 1921 ταῦτα
424 1868 586 1922 ἄλλον
617 1871 712 1922 καὶ
743 1868 902 1923 dif/ev
939 1862 1081 1919 εἶναι
1111 1865 1545 1936 διισχυρίζεσοε;
1584 1865 1641 1916 Εἰ
1692 1864 1790 1931 μὲν

217 1962 334 2031 γὰρ
360 1960 655 2012 τὸδίκαιον
696 1958 922 2026 ἀγαθὸν,
966 1959 993 2010 6
1040 1957 1250 2017 δίκαιος
1304 1956 1521 2015 πάντως
1560 1954 1789 2020 ἁγαθός.

222 2054 299 2107 οὗ
342 2053 455 2121 γὰρ
489 2052 743 2120 ἀλλήλοις
786 2049 1243 2118 ἀντιδιαιρηῦνται
1272 2047 1331 2099 τὸ
1362 2046 1567 2115 ἀγαθὸν
1602 2050 1694 2100 καὶ
1735 2046 1798 2098 τὸ

219 2145 432 2196 δίκαιον
454 2159 469 2174 ·
526 2145 622 2195 καὶ
654 2143 681 2194 6
709 2142 913 2210 ἀγαθὸς
948 2141 1169 2205 πάντως
1217 2124 1445 2203 δίκαίος.
1480 2138 1702 2211 Μυρίων
1740 2140 1796 2193 δὲ

218 2236 477 2305 χρήσεων
518 2233 723 2300 ἀγαθὸν
771 2229 912 2285 εἶναι
953 2234 1045 2285 τὸν
1073 2233 1170 2300 τῆς
1213 2232 1449 2295 παλαιᾶς
1497 2231 1795 2302 νομοθέτην

219 2326 636 2397 κηρυττουσῶν,
662 2328 794 2396 μίαν
830 2324 1221 2396 παραθήσομαι
1249 2342 1263 2355 ·
1304 2324 1797 2393 Ἐξομολογεῖσθε

217 2419 297 2483 τῷ
325 2420 550 2486 Κυρίῳ,
584 2419 674 2471 ὅτι
707 2418 929 2486 ἀγαθός
950 2434 964 2447 ·
1011 2417 1229 2470 εἰπάτω
1249 2416 1324 2483 δὴ
1347 2413 1513 2481 οἶκος
1539 2414 1795 2484 Ἰσραὴλ

217 2512 306 2567 ὅτι
328 2512 563 2581 ἀγαθός
591 2528 605 2542 ·
644 2512 735 2563 καὶ
768 2512 817 2563 οἱ
848 2510 1088 2579 καθεξῆς
1123 2510 1215 2562 δύο
1249 2511 1445 2579 στίχοι.
1489 2512 1596 2563 Καὶ
1628 2510 1654 2560 6
1695 2512 1794 2579 τῆς

216 2604 345 2663 νέας
369 2603 429 2656 δὲ
460 2601 756 2671 νομοθέτης
779 2616 792 2631 ·
827 2602 931 2653 Kal
962 2603 998 2669 ἠ
1033 2601 1231 2668 κρίσις
1258 2598 1326 2652 δὲ
1360 2602 1394 2667 ἡ
1441 2600 1553 2669 ἐμὴ
1586 2599 1793 2652 δικαία

213 2696 385 2750 ἐστι’
427 2695 523 2747 καὶ
563 2694 701 2765 πρὸς
744 2693 835 2746 τὸν
871 2693 1128 2763 Ἰωάννην
1155 2708 1168 2722 ·
1212 2693 1397 2760 Ἀρες
1426 2693 1559 2759 ἄρτι
1582 2708 1597 2722 ο
1634 2692 1791 2745 οὕτω

217 2791 331 2858 τὰρ
376 2786 616 2856 πρέπον
669 2786 842 2840 ἐστὶν
898 2784 1045 2855 ἡμῖν
1085 2783 1406 2853 πληρῶσαι
1465 2782 1677 2839 πᾶσαν
1709 2783 1795 2836 δι-

214 2877 588 2942 καιοσύνην.
625 2876 748 2928 Ὀτι
779 2874 833 2929 δὲ
859 2868 939 2937 εἷς
963 2876 990 2927 6
1019 2874 1113 2926 καὶ
1144 2874 1244 2943 τῆς
1294 2872 1530 2935 παλαιᾶς
1560 2874 1656 2926 καὶ
1695 2874 1790 2941 τῆς

211 2970 340 3031 νέας
415 2966 754 3036 νομοθέτης,
829 2965 1162 3036 προείρηκεν
1236 2964 1513 3034 Ἱερεμίας
1574 2963 1787 3031 λέγων·

224 3059 375 3115 ἰὄοὺ
400 3058 616 3127 ἡμέραι
652 3057 956 3124 ἔρχονται,
988 3055 1150 3124 λέγει
1175 3056 1413 3122 Κύριος,
1454 3056 1551 3107 καὶ
1589 3054 1793 3121 διαθή-

211 3169 401 3223 σομαι
426 3150 571 3221 ὑμῖν
618 3147 921 3216 Διαθήκην
944 3146 1186 3215 καινὴν,
1243 3148 1314 3200 οὐ
1339 3148 1488 3201 κατὰ
1521 3147 1635 3214 τὴν
1658 3149 1793 3198 Δια-

2545 1590 2632 1645 Ex
2656 1592 2856 1646 eodem.

1977 1681 2259 1749 Quomodo
2293 1683 2471 1738 dicitis
2497 1685 2703 1752 antiqui
2739 1682 3073 1739 Testamenti
3131 1681 3493 1751 legislatorem

1906 1776 2141 1839 justum,
2174 1776 2298 1828 novi
2349 1784 2533 1829 autem
2592 1776 2818 1837 bouum,
2855 1786 3016 1844 atque
3068 1775 3190 1829 ideo
3221 1790 3390 1827 unum
3429 1775 3498 1828 ab

1902 1863 2009 1917 alio
2043 1864 2317 1917 diversum
2345 1878 2465 1917 esse
2490 1864 2862 1918 contenditis?
2910 1863 3041 1917 Nam
3088 1864 3133 1917 si
3196 1864 3341 1933 quod
3396 1863 3493 1933 ju-

1905 1966 2046 2010 stum
2094 1966 2200 2019 est,
2269 1956 2468 2010 bonum
2512 1966 2616 2023 est,
2658 1957 2839 2026 justus
2868 1957 2971 2010 erit
3018 1955 3193 2010 bonus
3245 1955 3495 2010 omnino.

1900 2048 2092 2119 Neque
2118 2050 2261 2103 enim
2294 2050 2569 2103 contraria
2601 2059 2729 2103 sunt
2783 2049 3014 2120 justum,
3047 2060 3101 2103 et
3130 2048 3355 2102 bonum.
3386 2045 3495 2101 Sed

1897 2142 2048 2211 justo
2113 2151 2379 2211 repugnat
2404 2140 2667 2210 iujustum
2698 2150 2753 2195 et
2803 2140 2946 2195 bono
2976 2140 3175 2194 malum
3232 2139 3495 2193 adversa-

1900 2241 1988 2288 tur
2020 2250 2035 2288 :
2067 2244 2329 2301 prmterea
2362 2233 2405 2287 si
2432 2233 2646 2286 'malum
2695 2234 2980 2303 iniustum,
3036 2232 3241 2287 bonum
3308 2232 3494 2297 utique

1895 2324 2124 2394 justum,
2155 2337 2209 2379 et
2235 2324 2411 2380 bonus
2436 2326 2665 2379 omnino
2692 2327 2895 2397 justus.
2931 2324 3065 2382 Cum
3096 2336 3277 2379 autem
3328 2323 3493 2377 innu-

1899 2418 2183 2472 merabilia
2225 2418 2337 2471 sint
2388 2419 2725 2483 testimonia,
2772 2418 2972 2488 quibus
3043 2417 3249 2472 veteris
3296 2414 3492 2470 Testa-

1900 2508 2066 2562 menti
2100 2508 2243 2563 Deus
2266 2525 2391 2564 esse
2422 2510 2736 2565 declaratur
2760 2513 2954 2576 bonus,
3008 2525 3109 2581 ego
3142 2525 3311 2563 unum
3344 2508 3493 2563 dun.

1898 2608 2047 2653 taxat
2077 2600 2131 2653 iu
2179 2600 2419 2654 medium
2476 2600 2749 2656 aderam:
2798 2601 2977 2663 Dicat,
3051 2600 3250 2669 inquit,
3299 2599 3490 2662 Israel,

1913 2694 2161 2761 quoniam
2193 2694 2353 2747 bonus
2390 2694 2432 2758 ⁸,
2467 2703 2521 2748 ct
2548 2694 2642 2764 qui
2687 2694 2950 2764 deinceps
2995 2703 3319 2763 sequuntur,
3383 2693 3493 2745 duo

1897 2785 2171 2839 versiculi.
2209 2785 2386 2839 Unum
2423 2784 2575 2849 item,
2619 2801 2727 2853 quo
2788 2788 2916 2839 novi
2977 2784 3309 2839 Tcstamcuti
3350 2781 3492 2836 Deus

1890 2876 2071 2946 justus
2180 2876 2641 2933 ostenditur:Et
2672 2875 2960 2947 judicium,
3031 2877 3247 2944 inquit,
3316 2891 3488 2929 meum

1886 2969 2091 3037 justum
2153 2968 2299 3021 est’.
2332 2967 2484 3032 Quod
2539 2977 2721 3021 autem
2772 2984 2935 3034 unus,
2997 2979 3160 3038 atque
3212 2970 3352 3022 idem
3418 2966 3490 3020 sit

1893 3062 2095 3113 veteris
2148 3074 2211 3113 ac
2267 3061 2391 3114 novi
2421 3059 2757 3115 Testameuti
2812 3060 2976 3125 Deus,
3029 3058 3276 3128 praedixit
3337 3055 3490 3111 Jere-

1891 3151 2045 3214 mias,
2106 3149 2262 3212 Ειεε,
2299 3152 2571 3222 inquiens,
2599 3152 2709 3205 dies
2734 3154 2962 3217 veniunt,
2988 3152 3114 3205 dicit
3206 3151 3487 3212 Dominus,

211 3247 437 3314 θήκην,
469 3243 550 3312 ἣν
584 3243 865 3311 διεθέμην
912 3240 1039 3306 τοῖς
1088 3239 1392 3308 πατράσιν
1437 3237 1626 3307 ὑμῶν,
1660 3238 1786 3290 ἐπι-

1895 3252 1942 3293 et
1987 3244 2307 3295 constituam
2351 3244 2490 3296 vobis
2552 3241 2941 3297 Testamentum
2999 3258 3207 3307 novum,
3268 3258 3371 3295 non
3428 3252 3484 3294 ut

210 3335 559 3405 λαϐομένου
588 3352 707 3405 μου
737 3333 845 3401 τῆς
871 3332 1070 3402 χειρὸς
1098 3331 1298 3385 αὐτῶν
1328 3330 1648 3399 ἐξαγαγεῖν
1676 3332 1781 3383 αὺ-

211 3429 359 3494 τοὺς
385 3429 456 3481 ἐκ
484 3424 597 3496 γῆς
625 3425 955 3494 Αἰγύπτου,
1004 3424 1095 3478 ὅτι
1123 3423 1290 3478 αὐτοὶ
1332 3425 1444 3477 οὐκ
1470 3423 1789 3492 ἐνέμειναν

210 3516 290 3586 τῇ
320 3517 588 3585 Διαθήκῃ
612 3532 756 3587 μου,
785 3514 949 3584 κάγὼ
984 3514 1266 3584 ἠμέλησα
1286 3516 1506 3571 αὐτῶν.
1542 3518 1650 3571 Kal
1685 3518 1789 3569 πά-

211 3607 303 3661 λιν
340 3607 579 3670 αὐτὸς,6
613 3611 709 3661 καὶ
739 3605 947 3675 ταύτης
972 3606 1233 3677 κάκείνης
1294 3607 1595 3678 νομοθέτης
1659 3609 1790 3679 Χρι-

215 3698 366 3761 στὸς,
396 3693 551 3751 εἶπεν
575 3716 589 3729 ·
642 3701 762 3751 Οὐκ
795 3693 989 3767 ἦλθον
1021 3698 1365 3752 καταλῦσαι
1418 3698 1528 3751 τὸν
1576 3697 1787 3765 νόμον,

211 3790 381 3844 ἀλλὰ
406 3790 756 3859 πληρῶσαι*
788 3793 1075 3847 τουτέστιν
1105 3790 1272 3862 ἀτελῆ
1312 3791 1445 3843 ὄντα
1466 3789 1556 3843 διὰ
1589 3792 1647 3843 τὸ
1680 3790 1789 3843 τῶν

230 3882 507 3953 Ἐϐραίων
555 3885 744 3948 ἀτελὲς
770 3886 1057 3938 τελειῶσαι
1095 3886 1163 3955 τῇ
1199 3883 1411 3955 μείζονι
1463 3884 1788 3955 φιλοσοφίᾳ,

211 3978 311 4030 καὶ
330 3976 562 4045 ἀνδράσι
598 3980 901 4051 πρεπούσῃ.
957 3978 1016 4031 ὐ
1044 3978 1143 4046 μὲν
1183 3980 1294 4047 γὰρ
1330 3973 1398 4048 ἧν
1428 3977 1790 4044 παιδαγωγὸς

212 4067 517 4137 γυμνάζων
548 4068 641 4121 ἐπὶ
666 4068 726 4121 τὸ
753 4069 1111 4136 Εὐαγγέλιον,
1154 4070 1311 4122 τοῦτο
1341 4068 1395 4121 δέ
1426 4070 1542 4120 ἐστι
1579 4086 1790 4138 μυστα-

208 4163 399 4229 γωγῖς
444 4160 711 4215 διδάσκων
762 4160 833 4214 τὰ
858 4160 1181 4233 τελεώτερα.
1245 4163 1357 4216 Kal
1388 4164 1415 4215 6
1451 4162 1551 4230 μὲν
1597 4162 1793 4233 ἐρρύθ-

209 4252 342 4323 μιζε
400 4252 469 4306 τὰ
527 4251 778 4319 σώματα,
840 4252 901 4305 τὸ
961 4251 1017 4305 δὲ
1052 4252 1374 4323 καταρτίζει
1440 4254 1540 4315 τὰς
1586 4252 1789 4321 ψυχάς.

206 4343 488 4413 Συνεργὸς
550 4343 644 4396 οὖν
692 4345 726 4415 ἡ
771 4343 981 4397 παλαιὰ
1034 4345 1134 4415 τῆς
1178 4347 1325 4410 νέας,
1376 4347 1470 4399 καὶ
1502 4362 1791 4418 προπαρα-

210 4434 414 4507 σκευὴ,
437 4436 535 4489 καὶ
562 4436 895 4509 ὁδοποίησις.

1895 3328 2281 3387 Testamentum
2309 3334 2461 3400 illud,
2504 3336 2782 3399 quodcum
2834 3335 3080 3403 patribus
3140 3334 3325 3387 vestris
3361 3347 3487 3385 con-

1888 3426 2061 3489 stitui,
2089 3442 2190 3495 quo
2217 3428 2300 3479 die
2330 3443 2546 3480 manum
2589 3442 2770 3480 eorum
2819 3425 3155 3495 apprehendi,
3191 3434 3247 3477 ut
3303 3423 3487 3477 educe-

1889 3532 2000 3570 rem
2030 3534 2113 3571 eos
2152 3534 2217 3572 ex
2251 3517 2502 3588 Egypto.
2555 3519 2695 3583 Quia
2756 3519 2855 3587 ipsi
2910 3533 3012 3570 non
3067 3525 3371 3570 manserunt
3428 3514 3485 3567 in

1890 3610 2217 3664 Testamento
2272 3626 2409 3664 meo.
2463 3609 2530 3662 Et
2578 3627 2671 3680 ego
2721 3608 2924 3679 neglexi
2967 3609 3087 3663 illos
3140 3609 3183 3664 ³.
3246 3609 3312 3663 Et
3366 3609 3485 3676 ipse

1890 3709 2002 3755 tum
2038 3698 2271 3767 antiqui.
2328 3708 2441 3752 tum
2484 3699 2604 3751 novi
2631 3695 2968 3749 Testameuti
3029 3705 3220 3749 auctor
3318 3696 3482 3750 Chri-

1892 3800 2053 3845 stus:
2084 3788 2199 3842 Non
2255 3790 2391 3851 veni,
2445 3788 2640 3857 inquit,
2683 3797 2739 3841 ut
2773 3786 2936 3857 legem
2994 3786 3376 3851 solverem,sed
3425 3800 3480 3840 ut

1890 3893 2007 3930 eam
2032 3877 2297 3944 implerem
2330 3876 2352 3908 ⁸
2380 3894 2393 3941 ;
2421 3876 2523 3929 hoc
2558 3885 2661 3940 cst,
2702 3883 2761 3929 ut
2791 3875 2934 3928 illam
2970 3886 3194 3945 propter
3224 3875 3483 3931 Heber-

1892 3984 2011 4022 rum
2080 3968 2558 4041 imper'i‘ectioncm
2588 3970 2960 4039 imperfectam
2994 3970 3202 4039 majore
3220 3970 3476 4039 quadam,

1894 4070 1950 4115 et
1979 4061 2109 4115 viris
2141 4072 2479 4130 congruente
2529 4063 2875 4132 pbiIOSOphia
2918 4062 3236 4133 perlicercm
3296 4071 3352 4116 et
3383 4062 3480 4116 ab-

1895 4152 2189 4207 solverem.
2226 4153 2317 4207 llla
2341 4153 2489 4207 enim
2522 4164 2641 4209 erat
2671 4156 3018 4225 pmdagogus,
3051 4156 3145 4225 qui
3200 4154 3267 4209 ad
3295 4152 3478 4208 Evan-

1893 4242 2095 4313 gelium
2124 4243 2539 4313 suscipiendum
2570 4245 2914 4301 instituebat.
2976 4244 3101 4301 Haec
3153 4256 3333 4301 autem
3389 4257 3475 4301 est

1896 4344 2201 4404 praeceptor
2232 4334 2370 4404 ipse,
2398 4336 2490 4405 qui
2539 4337 2699 4391 docet
2737 4338 3088 4408 perfectiora.
3144 4338 3208 4393 Et
3240 4338 3326 4392 illa
3351 4340 3475 4408 qui-

1895 4428 2020 4481 dem
2050 4443 2283 4497 corpora
2306 4429 2654 4494 iulormabat,
2679 4430 2793 4484 haec
2819 4441 3000 4484 autem
3027 4429 3241 4484 animos
3269 4430 3471 4484 erudit.

1896 4514 2068 4571 Vetus
2101 4532 2231 4586 ergo
2256 4526 2342 4571 est
2370 4518 2616 4571 ministra
2651 4534 2828 4583 noue,
2881 4520 2948 4575 ad
2973 4535 3166 4575 novam
3196 4520 3342 4574 enim
3370 4521 3473 4574 du-

1816 4623 1870 4682 D
1898 4609 1995 4671 cit,
2031 4618 2085 4662 et
2122 4609 2259 4661 viam
2288 4611 2530 4665 ostendit
2554 4624 2607 4664 et
2637 4622 2813 4681 parat.

1887 4700 2026 4756 Item
2071 4700 2320 4773 adversus
2349 4702 2577 4773 eosdem.
2620 4702 2800 4771 Magni
2841 4702 3067 4773 Joannis
3116 4704 3469 4773 Chrysostomi

1955 4786 2018 4823 ea:
2064 4771 2306 4823 oratione
2368 4770 2423 4823 in
2471 4788 2533 4825 ea
2584 4770 2780 4843 verba:
2813 4791 2830 4822 ι
2858 4772 3042 4839 Pater,
3072 4776 3118 4828 si
3152 4770 3269 4842 ﬁeri
3304 4792 3398 4843 po-

1955 4849 2073 4905 test,
2116 4848 2352 4894 transeat
2381 4858 2412 4895 a
2446 4858 2525 4895 me
2560 4841 2701 4895 calix
2730 4844 2826 4897 iste
2848 4844 2893 4896 ⁵.
2938 4862 2958 4896 ι

207 4676 339 4731 ἐτι
371 4678 524 4731 κατὰ
546 4675 665 4730 τῶν
711 4676 912 4732 αὐτῶν
933 4679 1041 4733 τοῦ
1069 4681 1342 4748 μεγάλου
1378 4681 1649 4736 Ἰωάννου
1674 4683 1780 4738 τοῦ

277 4748 715 4820 Χρυσοστομου
738 4748 807 4801 ἐκ
827 4750 1135 4820 τοῦλόγου
1154 4751 1259 4804 τοῦ
1284 4754 1367 4817 εὶς
1396 4754 1465 4804 τό
1482 4769 1495 4783 ·
1531 4754 1775 4820 «Πάτερ,

273 4821 330 4942 Et
361 4818 626 4899 (lyr-utor
644 4858 660 4884 ,
687 4818 1028 4885 παρελθέτω
1060 4823 1124 4874 τὸ
1148 4822 1442 4889 ποτήριον
1466 4823 1646 4878 τοῦτο
1673 4818 1775 4878 ἄξι’

304 4906 447 4957 μου.
484 4907 502 4939 ι

279 4982 343 5033 Et
376 4981 504 5049 γὰρ,
545 4979 751 5033 τούτων
792 4981 1123 5049 γενομένων,
1156 4984 1215 5035 τὸ
1262 4984 1502 5052 πονηρὸν
1534 4984 1625 5038 τοῦ
1657 4986 1777 5039 δια-

202 5072 366 5124 ϐόλου
402 5072 577 5138 στόμα
601 5071 688 5125 διὰ
712 5071 1035 5141 Μαρκίωνος
1068 5073 1162 5126 τοῦ
1200 5075 1465 5127 Ποντικοῦ
1516 5080 1608 5129 καὶ
1633 5078 1777 5133 Οὐα-

199 5164 469 5225 λεντίνου,
503 5163 597 5214 καὶ
640 5162 950 5232 Μανιχαίου
1012 5163 1108 5217 τοῦ
1171 5166 1408 5233 Πέρσου,
1445 5172 1536 5221 καὶ
1572 5170 1776 5239 ἑτέρων

199 5250 477 5303 πλείστων
514 5250 806 5321 αἱρετικῶν
840 5252 1195 5323 ἐπεχείρησεν
1224 5255 1534 5325 ἀνατρέψαι
1558 5259 1650 5311 τὸν
1675 5261 1774 5331 τῆς

198 5342 521 5411 οἰκονομίας
552 5342 730 5409 λόγον,
762 5346 857 5396 κα)⁵
913 5344 1086 5415 ἤχησε
1145 5351 1447 5417 σατανικήν
1487 5367 1608 5403 τινα
1638 5353 1775 5423 ἠχὴν

198 5435 362 5501 λέγον
416 5434 498 5486 ὁτι
548 5434 681 5487 Οὐδὲ
722 5435 1044 5506 ἐσαρκὼθη,
1120 5440 1241 5492 οὐδὲ
1275 5440 1433 5509 σῶμα
1478 5446 1774 5515 περιεοάλ·

196 5524 346 5587 λετο,
384 5523 522 5577 ἀλλὰ
573 5525 794 5595 δόκησις
858 5527 1021 5580 τοῦτο
1080 5523 1170 5599 ἦν,
1213 5532 1310 5582 καὶ
1342 5535 1637 5601 φαντασία,
1681 5538 1776 5589 καὶ

196 5616 355 5677 σκιὰ,
387 5617 481 5667 καὶ
509 5616 818 5687 ὑπόκρισις,
870 5620 1049 5670 καίτοι
1106 5619 1215 5672 τῶν
1274 5622 1463 5676 παθών
1496 5623 1771 5694 βοώντων,

193 5704 296 5757 τοῦ
316 5704 570 5772 θανάτου,
607 5709 701 5759 τοῦ
732 5711 937 5777 τάφου·
985 5711 1034 5763 εξ
1069 5713 1235 5782 μηδὲν
1251 5715 1457 5767 τούτων
1485 5721 1751 5786 ἐγεγόνει,

1950 4999 2018 5055 Et
2047 5016 2169 5056 cum
2196 5004 2313 5057 haec
2343 5001 2479 5056 facta
2507 5003 2636 5067 sint,
2668 5004 2978 5076 improbum
3018 5016 3200 5063 tamen
3246 5024 3309 5062 ac
3330 5024 3460 5063 sce-

1879 5084 2110 5141 leratum
2174 5105 2235 5143 os
2275 5090 2475 5144 diaboli
2527 5108 2624 5162 per
2670 5091 3002 5150 Marcionem
3060 5094 3369 5159 Ponticum,
3407 5106 3464 5152 ct

1881 5176 2254 5245 Valentinum,
2305 5190 2361 5236 et
2403 5182 2759 5239 Manicba-um
2816 5185 3057 5253 Persam,
3084 5201 3139 5242 et
3173 5191 3309 5243 alios
3344 5189 3463 5257 plu-

1884 5269 2053 5324 riuios
2089 5280 2307 5327 teutans
2341 5273 2540 5332 dit'itue
2586 5277 2963 5347 dispositionis
2996 5282 3263 5335 rationem
3296 5296 3460 5334 ever-

1888 5369 2025 5427 tere,
2079 5365 2378 5419 satanicmn
2436 5366 2581 5421 illam
2648 5385 2834 5424 vocem
2891 5372 3091 5435 emisit,
3140 5382 3197 5425 ut
3250 5372 3458 5426 diceret

1882 5448 2057 5506 Deum
2101 5471 2211 5521 non
2240 5462 2606 5528 assumpsisse
2638 5478 2881 5527 carnem,
2922 5479 3099 5531 neque
3140 5480 3337 5533 corpus
3368 5465 3452 5517 iu-

1882 5544 2088 5611 duisse,
2138 5547 2230 5602 scd
2281 5549 2331 5603 id
2382 5551 2549 5606 fuisse
2602 5555 2840 5622 speciem
2874 5554 3184 5623 quamdam,
3235 5566 3292 5608 et
3334 5556 3453 5624 upi-

1876 5637 2119 5703 uiOueut,
2157 5649 2319 5707 atque
2375 5644 2645 5708 umbram,
2691 5654 2745 5697 et
2794 5645 3224 5710 simulationem,
3268 5647 3441 5701 recla-

1867 5730 2144 5786 mantibus
2242 5733 2543 5802 passione,
2616 5744 2824 5801 morte,
2900 5737 3201 5806 sepultura.
3292 5740 3448 5806 Quod

271 5849 287 5879 ³
320 5847 461 5902 Psal.
501 5865 665 5913 cavu,
696 5850 746 5902 ι).
827 5852 845 5879 ²
871 5848 1029 5905 Joan.
1067 5867 1176 5917 \iu,
1225 5854 1305 5907 lli.
1386 5854 1536 5910 ‘Jer.
1574 5874 1717 5924 xxxi,
1762 5859 1786 5914 Ξ

1895 5863 1969 5919 5‘2.
2047 5866 2066 5895 ⁸
2097 5865 2286 5923 M..ttli.
2326 5885 2376 5937 ν,
2420 5870 2499 5923 l7.
2578 5871 2598 5903 ⁸
2628 5869 2817 5926 Matth,
2860 5875 3127 5940 uv1,39.
3214 5938 3217 5941 Α
