3838 6552
513 415 623 484 319

1747 433 2094 493 EUTI—IYMI
2109 433 2132 494 Ι
2175 435 2346 494 ZIGA
2360 437 2502 497 BEN
2512 437 2536 498 [
2834 462 2836 464 ·
3615 459 3690 526 320

513 536 563 591 si
599 535 734 589 nihil
758 533 1028 603 ejusmodi
1063 531 1265 588 factum
1293 547 1464 599 esset,
1516 549 1722 608 quanto
1766 545 1938 613 magis
1983 545 2084 598 im-

2197 562 2314 601 mo:
2338 549 2400 602 ού
2439 549 2645 618 μᾶλλον
2675 551 2740 605 τὰ
2776 551 2990 622 πονηρὰ
3037 552 3208 608 ταῦτα
3270 555 3333 612 ἂν
3373 558 3569 635 ἔσπειρε
3597 571 3692 643 δόγ.

518 629 750 697 probam
809 628 968 682 istam
1033 627 1334 697 impietatis
1381 630 1688 685 doctrinam
1739 633 2094 690 disseminas-

520 719 686 774 sent?

571 829 824 899 Ejusdem
869 845 934 883 ex
958 831 1392 899 interpretatione
1418 835 1470 886 in
1502 836 1776 904 mysticam
1803 853 2027 892 mnam.

584 979 850 1046 Quoniam
903 982 1212 1046 Marcionis,
1251 995 1306 1039 et
1348 986 1641 1051 Valentini,
1702 998 1757 1043 et
1811 990 2088 1046 Manichaei

515 1073 757 1128 fautores
809 1085 964 1129 erant
1032 1077 1288 1142 venturi,
1344 1080 1434 1150 qui
1485 1081 1624 1136 banc
1672 1082 2080 1151 dispositionem

512 1173 802 1232 negarent,
846 1167 1048 1224 idcirco
1096 1170 1314 1241 assidue
1365 1173 1556 1226 mortis
1603 1189 1716 1227 suae
1747 1175 2080 1230 mentionem

515 1255 669 1317 fecit.
703 1260 866 1312 etiam
914 1275 1011 1328 per
1037 1263 1313 1332 mysteria,
1353 1272 1412 1316 ut
1467 1279 1629 1319 nemo
1658 1264 1810 1319 falsis
1855 1268 2086 1322 rationi-

517 1347 622 1403 bus
657 1353 1110 1422 argumentisque
1142 1355 1319 1425 decipi
1368 1366 1570 1426 posset,
1605 1359 1700 1413 sed
1751 1375 1850 1428 per
1879 1375 2088 1416 sacram

517 1437 665 1493 illam
702 1456 944 1495 mensam
977 1443 1138 1498 simul
1168 1454 1221 1498 et
1251 1458 1510 1512 servaret,
1559 1457 1613 1500 et
1665 1451 1997 1507 institueret.

727 1531 978 1599 Ejusdem
1009 1552 1073 1588 ea:
1097 1539 1525 1605 interpretatione
1560 1540 1615 1593 in
1677 1559 1878 1613 magos.

605 1618 906 1679 Erubescat
993 1626 1194 1682 Paulus
1279 1629 1722 1698 Samosatensis,
1802 1636 2087 1692 erubescat

519 1709 743 1777 Marcio,
780 1716 867 1783 qui
911 1717 1205 1774 noluerunt
1235 1721 1442 1782 videre,
1484 1724 1628 1789 quod
1665 1726 1801 1796 magi
1835 1728 2086 1783 Ecclesiae

520 1807 897 1873 progenitores
914 1823 1354 1878 conspexerunt:
1383 1830 1562 1886 neque
1596 1817 1739 1870 enim
1769 1834 1961 1873 vereor
1993 1835 2088 1874 eos

2204 657 2348 709 ματα
2376 641 2476 712 τῆς
2505 642 2763 708 ἀσεϐείας
2785 661 2800 710 ;

2200 830 2310 886 Τοῦ
2339 834 2527 889 αὐτοῦ
2551 834 2620 889 ἐκ
2656 835 2766 905 τῆς
2795 840 2880 904 εις
2906 839 3013 960 τὸτί
3029 844 3327 908 μυστικὸν
3353 843 3582 906 δεῖπνον
3622 860 3692 928 ἐρ.
3746 847 3750 874 ⁵

2830 926 2981 960 unus
3008 927 3100 960 (Ir.

2825 926 3100 977 μηνειιις.

2283 995 2500 1058 Ἐπειδὴ
2563 999 2670 1068 γὰρ
2724 999 2950 1068 ἔμελλον
2983 1005 3032 1054 oi
3074 1005 3204 1073 napi.
3270 1008 3566 1078 Μαρκίωνα,
3623 1024 3692 1074 καὶ

2201 1085 2573 1151 Οὐαλεντῖνον,
2611 1091 2706 1142 καὶ
2739 1092 3042 1162 Μακνιχαῖον
3069 1096 3296 1163 φύεσθαι
3319 1101 3510 1172 ταύτην
3538 1107 3691 1176 ἀρνοις-

2203 1194 2356 1245 μενοι
2387 1179 2485 1247 τὴν
2509 1182 2846 1249 οίκονομίαν,
2914 1186 3180 1254 διηνεκῶς
3213 1191 3593 1261 ἀναμιμνήσκει
3625 1205 3692 1256 τοῦ

2199 1268 2429 1333 πάθους,
2462 1273 2557 1325 καὶ
2586 1271 2674 1326 διὰ
2705 1274 2811 1328 τῶν
2841 1279 3180 1347 μυστηρίων,
3227 1281 3363 1336 ὥστε
3407 1289 3586 1357 μηδένα
3615 1313 3691 1347 παι

2199 1361 2591 1434 ραλογισθῆναι
2614 1406 2628 1428 ,
2663 1366 2797 1434 ὁμοῦ
2834 1368 2932 1437 μὲν
2985 1371 3196 1438 σώζων,
3232 1375 3366 1445 ὁμοῦ
3400 1378 3451 1430 δὲ
3476 1384 3694 1440 παιδεύων

2195 1454 2284 1509 διὰ
2321 1457 2420 1526 τῆς
2445 1459 2598 1528 ἱερᾶς
2628 1462 2910 1532 τραπέζης
2949 1465 3185 1537 ἐκείνης.

2235 1543 2349 1599 Τοῦ
2378 1547 2565 1601 αὑτοῦ
2599 1550 2669 1603 ἐκ
2705 1549 2818 1619 τῆς
2840 1554 2929 1618 είς
2952 1553 3095 1619 τοὺς
3118 1556 3350 1627 μάγους
3375 1567 3666 1632 apum-siam

2265 1638 2616 1708 Αίσχυνέσθω
2664 1643 2878 1707 Παῦλος
2929 1648 2956 1698 ὁ
2989 1647 3360 1716 Σαμοσατεὺς,
3406 1655 3691 1724 αἰσχυνέσθω

2197 1729 2482 1800 Μαρκίων,
2517 1732 2591 1804 μὴ
2621 1733 2974 1805 βουληθέντες
3001 1737 3131 1792 ἰδεῖν
3157 1738 3299 1808 ἅπερ
3327 1743 3374 1794 οἱ
3401 1744 3549 1812 μάγοι
3569 1741 3693 1811 εἶδον,

2197 1823 2246 1874 oi.
2277 1825 2377 1890 τῆς
2417 1823 2746 1896 Ἑκκλησίας
2796 1828 3049 1896 πρόγονοι
3084 1843 3101 1859 ·
3159 1829 3221 1882 ού
3257 1834 3364 1900 γὰρ
3427 1832 3694 1904 αἰσχύνομαι

518 1892 598 1948 sic
623 1896 916 1965 appellare.
964 1900 1266 1958 Erubescat
1291 1903 1552 1972 Marcion,
1587 1908 1777 1962 videns
1809 1909 1974 1964 Deum
2033 1911 2084 1964 in

2194 1888 2369 1976 οὕτως
2399 1888 2619 1981 αὐτοὺς,
2660 1888 2867 1975 καλεῖν.
2915 1888 3284 1993 Ἀίσχυνὲσθω
3313 1888 3554 1997 Ιίίαρκίιιῑν
3589 1888 3694 2000 δρῶν

517 1998 682 2040 carne
734 1988 969 2044 adorari.
1029 1991 1166 2046 Nam
1220 1997 1361 2063 quod
1416 1997 1468 2050 in
1497 2014 1662 2052 carne
1717 1999 1804 2064 sit,
1840 2000 2004 2069 panni
2037 2011 2092 2058 et

517 2090 768 2148 praesepe
827 2091 1124 2137 testantur.
1177 2083 1331 2150 Quod
1395 2100 1582 2144 autem
1643 2090 1792 2144 illum
1857 2108 1965 2147 non
2032 2101 2092 2146 ut

516 2181 716 2234 purum
753 2179 807 2224 et
845 2172 1144 2242 simplicem
1171 2178 1446 2233 hominem
1479 2184 1678 2246 colant,
1707 2199 1772 2236 ex
1829 2200 1894 2238 eo
1944 2194 2092 2254 patet

514 2261 662 2329 quod
704 2263 758 2316 in
789 2272 976 2320 tenera
1006 2277 1165 2324 artate
1213 2271 1497 2326 exsistenti
1547 2291 1776 2330 munera
1829 2277 2089 2344 oﬂ‘erunt,

514 2365 636 2419 qua:
659 2357 996 2410 conveniunt
1030 2360 1160 2416 Deo.

516 2463 865 2551 Ejusdemea:
887 2474 1320 2553 interpretatione
1343 2479 1396 2531 in
1421 2479 1512 2533 illa
1544 2483 1697 2535 verba
1734 2497 1752 2537 :
1801 2502 1818 2534 ι
1852 2483 1919 2537 lu
1939 2486 2092 2553 prin-

737 2542 873 2610 cipio
905 2545 1025 2618 fecit
1063 2546 1201 2600 Deus
1225 2548 1411 2603 coelum
1437 2561 1485 2604 et
1511 2562 1707 2606 terram
1739 2557 1776 2608 ⁸.
1824 2574 1842 2606 ι

588 2711 746 2779 Quod
779 2714 822 2770 si
864 2714 1197 2773 Manichmus
1227 2722 1470 2787 accedat,
1506 2731 1560 2777 et
1598 2725 1764 2793 dicat,
1807 2731 2089 2786 materiam

512 2813 644 2860 ante
678 2809 973 2873 exstitisse,
1005 2820 1059 2865 et
1085 2811 1344 2878 Marcion,
1390 2825 1446 2869 et
1483 2817 1819 2882 Valentinus,
1855 2829 1907 2875 et
1939 2820 2090 2878 Gras-

512 2896 583 2960 ci,
619 2909 672 2950 tu
694 2897 798 2952 illis
823 2899 938 2954 lucc
960 2902 1124 2957 verba
1146 2918 1361 2973 oppone
1394 2905 1487 2960 :In
1518 2909 1774 2980 principio
1799 2911 1919 2978 fecit
1954 2912 2092 2968 Deus

513 2986 701 3041 caelum
758 2999 807 3044 et
836 3000 1056 3048 terram.
1103 2994 1172 3048 At
1207 2996 1297 3051 ille
1323 2997 1619 3070 Scriptura:
1662 3017 1780 3056 non
1810 3005 2004 3071 credit,
2036 3017 2091 3063 et

514 3089 577 3134 tu
606 3096 732 3136 eum
767 3093 825 3138 ut
859 3084 1136 3151 insanum,
1176 3098 1232 3144 et
1261 3101 1446 3147 mente
1491 3103 1710 3163 captum
1751 3098 1925 3154 evita.
1987 3100 2089 3168 Qui

519 3167 670 3222 enim
701 3185 881 3225 rerum
907 3175 1152 3230 omnium
1190 3182 1524 3247 procreatori
1560 3184 1724 3238 ﬁdem
1755 3201 1866 3241 non
1901 3167 2065 3246 habet

2192 2006 2325 2058 Θεὸν
2358 2007 2416 2059 ὲν
2447 2011 2614 2081 σαρκὶ
2675 2016 3172 2085 προσκυνούμενον.
3211 2019 3329 2071 Ὀτι
3375 2021 3470 2088 μὲν
3517 2023 3607 2092 γὰρ
3652 2025 3696 2076 ὲν

2197 2098 2384 2166 σαρκὶ,
2417 2098 2486 2150 τὰ
2517 2100 2810 2170 σπάργανα
2834 2105 3102 2171 δείκνυσι,
3138 2111 3233 2161 καὶ
3263 2109 3295 2179 ἡ
3330 2111 3493 2181 φάτνη
3519 2129 3531 2142 ·
3557 2114 3622 2166 ὅτι
3652 2114 3694 2166 δὲ

2193 2190 2292 2258 οὐχ
2319 2190 2391 2253 ὡς
2416 2189 2575 2261 ψιλὸν
2629 2193 2919 2266 ἄνθρωπον
2977 2200 3372 2268 προσεκύνουν,
3402 2202 3625 2274 δηλοῦσιν
3653 2207 3696 2258 ἐν

2192 2280 2354 2351 ἀώρῳ
2387 2285 2486 2354 τῆς
2549 2285 2765 2355 ἡλικίας
2797 2289 3026 2344 τοιαῦτα
3088 2291 3243 2362 δῶρα
3288 2296 3642 2366 προσάγοντες,
3670 2299 3696 2352 ἃ

2192 2373 2310 2444 Θεῷ
2344 2378 2646 2447 προσάγειν
2677 2379 2825 2444 είκδς
2849 2377 2936 2454 ἦν.

2199 2467 2306 2546 Τοᾷ
2339 2470 2528 2546 αἰίτρῦ
2565 2471 2633 2546 ἐκ
2684 2473 2794 2540 τῆς
2820 2475 3140 2542 ἑρμηνείας
3181 2476 3291 2543 τῆς
3331 2480 3414 2546 είς
3441 2482 3535 2535 τόο
3566 2501 3581 2534 ι
3621 2485 3697 2537 Ἔν

2265 2537 2423 2619 ἀρχῇ
2447 2537 2749 2609 ἐπτοίησεν·⁷
2773 2537 2811 2599 δ
2846 2537 3157 2616 ⁷Θιςιῖςβὸὲ
3184 2537 3457 2616 adpare-ﬁ
3489 2553 3576 2606 καὶ
3612 2553 3698 2622 τὴν

2263 2626 2404 2677 την.
2447 2629 2465 2662 ι

2264 2701 2386 2754 Κᾶν
2415 2701 2524 2772 γὰρ
2556 2703 2855 2773 Μανιχαίος
2882 2708 3184 2781 ὕπεισέλθῃ
3243 2710 3412 2779 λέγων
3459 2710 3548 2780 τὴν
3597 2711 3697 2780 ὕλην

2191 2793 2595 2864 προϋπάρχειν,
2631 2797 2736 2850 κᾶν
2761 2799 3054 2871 Μαρκίων,
3104 2800 3210 2856 κᾶν
3245 2803 3590 2869 Οὐαλεντίνος,
3619 2805 3697 2857 κᾶν

2202 2884 2477 2957 Ἐλλήνων
2531 2889 2740 2956 παῖδες,
2805 2890 2931 2959 λέγε
2971 2893 3114 2965 πρὸς
3176 2893 3370 2957 αὐτούς
3398 2910 3412 2926 ·
3456 2895 3548 2949 Ἔν
3578 2896 3697 2963 ἀρχῇ

2191 2977 2488 3048 ἐποίησεν
2514 2985 2546 3036 ό
2570 2983 2713 3049 Θεὸς
2736 2985 2844 3038 τὸν
2871 2985 3142 3054 οὐρανὸν
3173 2987 3272 3040 καὶ
3305 2984 3415 3054 τὴν
3444 2985 3568 3056 γῆν.
3588 2986 3698 3038 Ἀλλ’

2193 3072 2256 3126 οὐ
2287 3073 2538 3127 πιστεύει
2569 3077 2635 3145 τῇ
2667 3075 2898 3149 Γραφῇ·
2922 3077 3316 3149 ἁποστράφηθι
3354 3079 3529 3132 λοιπὸν
3574 3078 3699 3131 αὐτον

2194 3159 2269 3224 ὡς
2333 3164 2666 3234 μαινόμενον
2730 3168 2823 3221 καὶ
2885 3167 3243 3240 ἐξεστηκότα.
3281 3171 3342 3224 ὐ
3378 3169 3482 3240 γὰρ
3533 3168 3600 3239 τῷ
3631 3169 3700 3237 δη·

919 3225 1152 3230 .-Νη--
1190 3225 1524 3247 ,πω-η...
1560 3225 1724 3238 ην...
1755 3225 1866 3241 ..υ..
1901 3225 2084 3256 unum,

517 3267 574 3314 et
603 3262 873 3317 mendacii
914 3265 1200 3324 veritatem
1241 3273 1439 3342 arguit,
1503 3290 1664 3344 quam
1712 3294 1952 3350 unquam
2001 3299 2084 3340 ve-

2198 3225 2447 3327 μιουργῷ
2494 3225 2604 3312 τῶν
2635 3258 2772 3312 ὅλων
2807 3225 3080 3327 eadem,
3141 3261 3219 3325 ὡς
3269 3225 3591 3332 καὶῑψεῦδος
3627 3225 3701 3328 siit

519 3351 670 3404 niam
723 3360 1093 3427 assequetur?
1159 3361 1255 3417 Sin
1313 3367 1558 3423 veritatis
1617 3370 1804 3428 hostes
1863 3386 2092 3448 pergant

519 3444 820 3514 adversari,
856 3451 1102 3508 dicentes
1136 3455 1254 3512 ﬁeri
1301 3474 1412 3515 non
1466 3477 1648 3532 posse,
1702 3474 1762 3521 ut
1811 3482 1875 3522 ex
1917 3444 2091 3526 nihilo

515 3537 813 3607 quidquam
849 3541 960 3611 ﬁat,
995 3560 1090 3600 eos
1120 3547 1412 3622 interroga,
1449 3563 1632 3610 utrum
1685 3558 1892 3628 primus
1923 3561 2091 3618 homo

513 3643 580 3683 ex
623 3638 788 3696 terra,
815 3647 886 3688 an
916 3651 982 3689 ex
1016 3638 1121 3693 alia
1152 3655 1210 3695 re
1254 3643 1523 3700 conﬂatus
1553 3647 1646 3702 sit.
1702 3648 1778 3704 Ex
1814 3660 1960 3708 terra
2004 3670 2092 3710 re—

514 3723 888 3791 Spondebunt,
909 3737 961 3782 et
985 3730 1396 3789 conﬁtebuntur
1421 3740 1670 3796 omnino.
1700 3742 1894 3799 Dicant
1926 3746 2092 3817 igitur

513 3813 674 3869 nobis
711 3819 990 3886 quomodo
1041 3836 1108 3876 ex
1154 3832 1301 3880 terra
1345 3831 1528 3886 carnis
1572 3841 1769 3889 natura
1821 3836 1964 3893 facta
1995 3842 2088 3895 sit.

514 3903 593 3958 Ex
651 3916 797 3962 terra
825 3911 973 3966 enim
1029 3913 1229 3981 lutum,
1287 3928 1340 3972 et
1377 3920 1598 3987 lateres,
1654 3927 1869 3996 tegulae,
1931 3937 2092 4000 atque

509 3997 631 4053 olla:
665 3999 780 4054 ﬁeri
841 4003 1042 4058 solent.
1108 4006 1393 4072 Quomodo
1443 4013 1608 4082 igitur
1659 4019 1842 4071 carnis
1892 3997 2089 4076 natura

509 4087 656 4144 facta
685 4100 769 4146 est
799 4102 855 4147 et
903 4097 1079 4160 nervi,
1118 4108 1175 4153 et
1201 4103 1437 4169 arteriae,
1486 4114 1543 4159 et
1588 4107 1779 4178 adeps,
1835 4118 1888 4164 et
1922 4113 2088 4178 cutis,

513 4191 570 4237 et
631 4199 860 4254 ungues,
892 4196 948 4242 et
973 4191 1196 4260 capilli?
1239 4193 1320 4248 Ad
1352 4195 1463 4252 lucc
1523 4198 1599 4253 illi
1657 4202 1804 4271 quod
1859 4219 2088 4274 respon-

512 4277 697 4342 deant,
730 4277 865 4332 nihil
899 4280 1198 4349 habebunt,
1228 4287 1320 4342 sed
1345 4289 1747 4348 obmutescent.
1810 4295 1957 4361 Quid
1985 4312 2088 4350 au-

513 4378 624 4422 tem
677 4370 874 4440 loquor
911 4373 980 4428 de
1012 4385 1198 4432 nostro
1227 4369 1476 4450 corpore
1513 4382 1534 4436 ί
1568 4384 1755 4439 dicant
1803 4388 1962 4443 nobis
2019 4387 2088 4443 de

509 4475 672 4530 pane,
703 4477 864 4532 quem
917 4466 1166 4534 quotidie
1215 4473 1577 4539 comedimus,
1625 4479 1926 4545 quomodo,
1960 4495 2084 4535 cum

2192 3346 2455 3417 ἀληθείας
2488 3351 2940 3419 καταγινώσκων,
2975 3353 3140 3414 ποίας
3165 3353 3233 3409 ἃν
3251 3353 3387 3426 τύχῃ
3425 3351 3700 3422 συγγνώμης

2194 3439 2324 3492 ποτέ
2348 3454 2364 3507 ;
2392 3439 2452 3492 Et
2473 3441 2529 3493 δὲ
2561 3442 2960 3512 ἐπιμένοιενβῑ
2987 3445 3088 3516 τῆς
3117 3445 3378 3516 ἀληθείας
3432 3444 3596 3516 ἐχθροὶ
3632 3444 3702 3497 λέο

2192 3546 2385 3599 γοντες
2410 3532 2672 3588 ἀδύνατον
2710 3530 2852 3589 εῖναι
2877 3537 2934 3603 ἐξ
2977 3537 3079 3591 οὐκ
3112 3538 3286 3593 ὄντων
3318 3557 3371 3593 τι
3401 3536 3700 3610 προαχθῆναι,

2194 3623 2451 3695 ἐρώμεθα
2487 3628 2703 3692 αὐτοὺς,
2735 3629 2794 3683 '0
2819 3633 3038 3702 πρῶτος
3061 3633 3348 3704 ἅνθρωπος
3375 3636 3436 3686 ὲκ
3462 3633 3556 3702 γῆς
3576 3630 3703 3683 inid.

2195 3718 2319 3790 σθη,
2347 3719 2378 3789 ἢ
2414 3721 2684 3791 ἑτέρωθεν
2716 3725 2879 3778 ποθεν
2903 3742 2917 3791 ;
2951 3725 3180 3790 Πάντως
3202 3727 3414 3797 ὲροῦσιν
3435 3727 3510 3779 ὅτι
3531 3726 3586 3777 ὲκ
3605 3724 3700 3792 γῆς,

2193 3810 2288 3863 καὶ
2324 3813 2875 3886 συνομολογήσουσιν.
2917 3816 3252 3872 Είπάτωσαν
3278 3814 3370 3873 οὖν
3395 3820 3519 3888 ἡμῖν
3537 3816 3638 3877 πῶς
3657 3817 3704 3866 ὲκ

2192 3907 2298 3975 γῆς
2328 3907 2551 3974 ἐγένετο
2583 3907 2776 3975 φύσις;
2809 3909 2947 3962 Ἀπὸ
2971 3910 3080 3980 γῆς
3101 3909 3214 3982 γὰρ
3248 3910 3433 3980 πηλὸς,
3483 3910 3568 3963 καὶ
3589 3907 3703 3961 πλίν-

2193 3999 2307 4064 θος,
2341 4000 2439 4052 καὶ
2481 3999 2748 4072 κέραμος,
2810 4003 2902 4056 καὶ
2945 4003 3219 4075 ὄστρακον
3275 4005 3342 4059 ἂν
3371 4005 3581 4072 γένοιτο.
3611 4001 3705 4062 Πῶς

2191 4089 2287 4144 οὖν
2322 4092 2522 4162 σαρκὸς
2572 4093 2734 4159 φύσις
2783 4095 3004 4163 ἐγένετο
3033 4113 3047 4163 ;
3106 4097 3224 4161 πῶς
3260 4099 3413 4163 ὀστᾶ,
3441 4096 3527 4149 καὶ
3554 4093 3706 4162 νεῦρα,

2193 4183 2288 4236 καὶ
2321 4183 2603 4254 ἀρτηρίαι,
2647 4187 2742 4239 καὶ
2769 4186 2997 4258 πιμελὴ,
3037 4189 3130 4242 καὶ
3165 4189 3361 4261 δέρμα,
3417 4189 3506 4243 καὶ
3535 4187 3704 4256 ὄνυχες,

2193 4276 2290 4328 κοιλ⁸
2315 4276 2521 4348 τρίχες,
2549 4278 2643 4329 καὶ
2666 4279 2728 4331 ὲκ
2762 4280 2889 4348 μιᾶς
2915 4280 3296 4354 ὑποκειμένης
3328 4281 3457 4351 ὕλης
3483 4278 3706 4347 διαφόρων

2191 4371 2395 4423 οὐσιῶν
2429 4372 2748 4441 ποιότητες;
2782 4373 2920 4427 Ἀλλ’
2959 4374 3069 4427 οὐδ’
3096 4374 3165 4429 ἂν
3193 4375 3470 4446 δυνηθεῖεν
3495 4375 3546 4427 τδ
3569 4371 3708 4440 στόμα

2191 4461 2377 4534 διᾶραι
2412 4465 2546 4536 πρὸς
2571 4464 2742 4518 ταῦτά
2789 4482 2943 4519 ποτε.
2991 4466 3056 4519 Τί
3087 4465 3145 4518 δὲ
3181 4465 3328 4536 λέγω
3365 4466 3487 4536 περὶ
3517 4463 3598 4516 τοῦ
3625 4457 3708 4513 σώ-

511 4553 673 4608 unius
699 4557 916 4626 generis
939 4558 1026 4622 sit,
1052 4560 1105 4614 in
1133 4564 1479 4634 sanguinem,
1513 4566 1788 4637 pituitam,
1817 4580 1872 4628 et
1899 4572 2084 4638 bilem,

2196 4574 2366 4627 ματος
2389 4557 2483 4610 τοῦ
2517 4561 2548 4629 ἡ
2560 4560 2826 4629 μετέρου;
2855 4559 3105 4631 περὶτοῦ
3135 4560 3306 4630 ἄρτου
3352 4551 3413 4612 ού
3455 4555 3566 4611 καθ’
3609 4555 3711 4605 ἑκα-

509 4654 566 4699 et
603 4647 784 4703 varios
816 4649 1078 4708 humores
1109 4664 1503 4722 commutetur,
1536 4668 1594 4713 et
1638 4675 1738 4714 cur
1770 4677 1894 4717 cum
1927 4665 2086 4734 panis

511 4735 774 4794 frumenti
804 4741 1048 4796 colorem
1075 4743 1333 4810 retineat,
1386 4749 1609 4818 sanguis
1634 4749 1752 4819 ipse
1785 4752 1861 4805 sit
1904 4753 2087 4818 rufus,

511 4834 609 4882 aut
637 4831 815 4901 niger.
851 4832 1011 4897 Quod
1041 4833 1091 4888 si
1123 4837 1260 4902 haec,
1295 4853 1414 4906 qua:
1443 4839 1688 4908 quotidie
1736 4851 1866 4898 ante
1901 4845 2088 4898 oculos

513 4911 801 4988 habemus,
825 4925 982 4980 nobis
1009 4943 1285 4999 nunquam
1318 4939 1575 5000 poterunt
1599 4932 1894 5002 explicare,
1923 4935 2091 4991 multo

513 5017 696 5069 minus
727 5017 932 5088 reliqua
975 5019 1070 5073 Dei
1118 5037 1282 5090 opera
1317 5021 1694 5078 declarabunt.
1767 5027 1834 5080 At
1868 5028 1912 5082 si
1967 5038 2090 5098 post

515 5118 722 5165 tantam
781 5125 1232 5183 argumentorum
1301 5116 1514 5186 copiam
1571 5118 1846 5174 obstinate
1904 5122 2090 5176 volent

514 5215 843 5273 repugnare,
892 5217 947 5260 et
993 5209 1128 5260 tueri
1165 5207 1492 5262 sententiam
1537 5225 1714 5276 suam,
1767 5228 1866 5268 nos
1909 5224 2087 5270 tamen

510 5310 617 5348 non
647 5297 973 5354 desistcmus
1006 5301 1116 5354 haec
1145 5301 1333 5355 eadem
1367 5302 1496 5372 ipsis
1533 5315 1807 5372 repetere:
1838 5305 1904 5360 In
1944 5309 2092 5378 prin-

508 5389 642 5454 cipio
682 5391 801 5460 fecit
846 5392 982 5446 Deus
1030 5393 1214 5448 certum
1240 5406 1286 5448 et
1331 5406 1526 5451 terram
1561 5401 1597 5452 ⁸.
1628 5399 1738 5452 Hoc
1771 5401 1916 5455 enim
1969 5418 2085 5458 ver-

508 5481 636 5533 bum
666 5483 885 5537 unicum
924 5493 1099 5552 potest
1131 5503 1320 5544 omnes
1349 5505 1532 5543 eorum
1570 5501 1768 5557 turres,
1800 5503 1856 5548 ct
1881 5511 2082 5566 propu-

507 5577 734 5641 gnacula
793 5588 1063 5641 evertere,
1113 5580 1403 5651 omniaque
1467 5584 1704 5641 humana
1761 5599 2079 5661 argumenta

509 5667 732 5734 penitus
764 5669 1030 5739 refellere,
1071 5681 1126 5726 et
1161 5673 1470 5744 confutare,
1529 5688 1586 5734 et
1621 5695 1734 5747 eos,
1785 5680 1828 5736 si
1860 5681 2076 5736 tandem

584 5845 599 5875 ¹
627 5844 760 5902 Gen-
799 5859 833 5909 I.
871 5849 918 5905 ί.

2191 4667 2324 4721 στην
2352 4651 2566 4723 ἡμέραν
2596 4650 2895 4722 σιτούμεθα
2927 4652 3252 4706 είπάτωσαν
3278 4653 3430 4722 ἡμῖν,
3457 4648 3565 4710 πῶς
3589 4661 3711 4715 μονο-

2189 4746 2338 4815 ειδὴς
2371 4744 2446 4798 ὢν
2486 4744 2998 4814 μεταϐάλλεταιηείς
3031 4740 3200 4814 αἷμα,
3259 4745 3354 4798 καὶ
3379 4743 3603 4812 φλέγμα,
3641 4735 3712 4797 καὶ

2188 4835 2370 4905 χολὴν,
2400 4835 2492 4889 καὶ
2517 4837 2813 4908 διαφόρους
2835 4836 3050 4907 χυμούς
3079 4855 3095 4902 ;
3130 4838 3227 4891 καὶ
3257 4837 3284 4890 ὁ
3318 4837 3416 4906 μὲν
3472 4832 3711 4901 σιτόχρους

2194 4927 2456 4990 πολλάκις
2481 4929 2619 4992 ἐστὶ,
2648 4929 2709 4982 τὸ
2737 4929 2792 4981 δὲ
2822 4923 2963 4999 αἷμα
2997 4931 3210 5000 πυρρὸν
3242 4929 3274 5001 ἡ
3318 4929 3504 4998 μέλαν.
3541 4924 3594 4976 Ei
3625 4919 3713 4972 τοί-

2189 5032 2286 5070 νυν
2313 5015 2486 5069 ταῦτα
2514 5018 2578 5070 τὰ
2605 5019 2726 5072 καθ’
2757 5019 2998 5089 ἑκάστην
3030 5018 3248 5089 ἡμέραν
3291 5019 3398 5090 πρὸ
3425 5019 3527 5071 τῶν
3548 5012 3714 5083 ὀφθαλ-

2197 5109 2315 5180 μῶν
2345 5108 2604 5179 ὁρώμενα
2635 5111 2810 5163 εἰπεῖν
2864 5111 2998 5184 ἡμῖν
3055 5109 3157 5164 οὐκ
3185 5110 3252 5165 ἂν
3303 5108 3546 5165 δύναιντο
3592 5117 3713 5167 ποτε,

2191 5201 2356 5274 σχολῇ
2399 5202 2452 5272 γ’
2485 5202 2551 5256 ἂν
2582 5203 2788 5255 εἴποιεν
2829 5205 2958 5274 περὶ
2995 5203 3103 5257 τῶν
3133 5204 3317 5258 ἄλλων
3375 5204 3465 5257 τοῦ
3495 5199 3615 5255 Θεοῦ
3646 5197 3716 5263 δη·
3746 5214 3754 5222 “

2193 5294 2651 5366 μιουργημάτων.
2695 5292 2835 5346 Ἀλλ’
2900 5297 2950 5348 εἰ
2999 5297 3095 5349 καὶ
3145 5296 3290 5367 μετὰ
3347 5292 3603 5362 τοσαύτην
3632 5292 3714 5340 τῶν

2189 5389 2524 5454 ἀποδείξεων
2557 5386 2877 5457 περιουσίαν
2901 5389 3212 5458 ὲπιμένοιεν
3243 5390 3342 5459 τὴν
3371 5385 3569 5440 οἰκείαν
3593 5381 3715 5452 φιλο-

2190 5483 2400 5536 νεικίαν
2452 5482 2742 5554 κρατύνειν
2800 5481 3144 5552 βουλόμενοι,
3201 5483 3365 5552 ἡμεῖς
3409 5481 3536 5550 μηδὲ
3599 5475 3713 5528 οὕτω

2191 5577 2518 5647 παυσόμεθα
2546 5578 2611 5631 τὰ
2647 5576 2787 5630 αὐτὰ
2839 5576 3004 5631 πάλιν
3053 5577 3311 5644 λέγοντες
3345 5575 3478 5646 πρὸς
3517 5568 3706 5627 αὐτούς·

2202 5675 2304 5728 Ἑν
2332 5670 2492 5743 ἀρχῇ
2526 5672 2817 5741 ἐποίησεν
2847 5674 2878 5726 ό
2903 5669 3046 5738 Θεὸς
3077 5671 3184 5725 τὸν
3211 5668 3472 5741 οὐρανὸν
3509 5664 3595 5720 καί
3627 5657 3714 5729 τὴν
