3954 6584
161 381 274 447 321

1150 383 1522 445 PANOPLIA
1570 381 2031 442 DOGMATICA.
2069 406 2138 418 --·
2172 381 2321 442 ΤΙΤ.
2366 383 2469 441 1X.

3318 380 3437 444 322

160 499 311 569 γῆν.
344 498 516 551 Τοῦτο
547 494 659 565 γὰρ
698 494 885 547 ἱκανὸν
929 492 1090 562 μὸνον
1127 492 1188 545 τὸ
1222 496 1374 564 ῥῆμα
1406 494 1614 556 πάντας
1637 495 1746 547 τῶν

1862 493 2140 563 ιιίςμιοιιάο
2175 494 2444 546 voluerim
2483 492 2826 561 resipiscere,
2887 492 2942 546 in
2999 490 3249 547 veritatis
3280 492 3427 546 viain

156 590 435 645 ἐναντίων
500 590 629 649 τοὺς
666 588 915 656 πύργους
975 582 1337 647 καταϐαλεῖν,
1399 586 1494 638 καὶ
1531 584 1743 647 πάντας

1853 585 2148 639 adducere.

156 687 298 746 τοὺς
325 683 705 753 ἀνθρωπίνους
732 676 1033 745 λογισμοὺς
1066 674 1125 739 ἐξ
1155 673 1335 725 αὐτῶν
1365 678 1475 730 τῶν
1513 679 1729 749 βάθρων
1769 675 2101 739 ἀνασπάσαι,
2160 676 2253 727 καὶ
2309 677 2357 728 εἰ
2416 676 2725 747 βουληθεῖεν
2769 677 2866 748 ὀψέ
2900 694 3030 732 ποτε
3055 678 3156 749 τῆς
3191 675 3434 748 (primm-

158 779 294 842 χίας
327 778 692 847 ἀποσχέσθαι,
734 780 871 847 πρὸς
899 782 1000 850 τὴν
1030 787 1130 855 τῆς
1159 782 1421 853 ἀληθείας
1455 777 1574 831 ὁδὸν
1633 773 1830 835 αὐτοὺς
1872 772 2292 841 χειραγωγῆσαι
2329 770 2639 841 δυνήσεται.

524 868 625 922 Ἕκ
654 870 767 937 τῆς
795 870 989 939 αὐτῆς
1017 872 1403 937 ἀκολουθίας.

252 960 401 1013 Ἀλλ’
454 959 593 1030 οίτῇ
642 960 818 1032 πλάνῃ
869 962 1409 1033 προκατειλημμένοι
1467 960 1529 1014 οὐ
1578 974 1749 1028 προσ-

66 1074 76 1093 ι
158 1054 392 1122 ἔχοντες
424 1055 489 1123 τῇ
519 1053 814 1124 ἀκολουθίᾳ
841 1054 951 1106 τῶν
988 1055 1318 1124 είρημένωιῐ,
1352 1053 1475 1107 οὐδὲ
1522 1052 1749 1106 ἀκούον-

156 1164 257 1208 τες
314 1147 414 1200 τοῦ
463 1147 737 1217 μακαρίου
766 1149 1046 1212 Μωῡσέως
1106 1151 1358 1216 λέγοντος
1393 1164 1408 1176 “
1453 1146 1556 1199 Ἐγ
1590 1142 1750 1212 ἀρχῇ

158 1238 429 1306 ἐποίησε
462 1240 570 1292 τὸν
599 1239 865 1307 οὐρανὸν
898 1242 994 1293 καί
1029 1240 1144 1310 τὴν
1170 1240 1307 1310 γῆν,
1352 1240 1444 1292 καὶ
1493 1238 1615 1290 τότε
1647 1238 1744 1289 ὲπ-

156 1332 422 1399 ἀγοντος.
470 1331 530 1386 Ἠ
560 1330 630 1384 δὲ
656 1328 732 1402 γῆ
763 1330 842 1402 ἦν
872 1333 1131 1400 ἀόρατος
1192 1333 1288 1386 καί
1336 1328 1771 1386 ἀκατασχεύαέ

157 1438 320 1487 στος
356 1421 457 1475 διὰ
485 1423 554 1475 τὸ
580 1421 661 1488 τῷ
697 1426 899 1488 σκότῳ
955 1423 1052 1478 καὶ
1085 1423 1211 1489 τοῖς
1262 1422 1443 1476 ὕδασι
1493 1419 1751 1474 κεκαλύ-

157 1520 315 1583 φθαι
350 1530 365 1545 ⁸
399 1515 545 1569 οὕτω
566 1515 675 1586 γὰρ
712 1514 857 1580 ἔδοξε
888 1516 965 1585 τῷ
992 1516 1239 1587 Δεσπότῃ
1274 1516 1330 1581 ἐξ
1365 1515 1539 1584 ἀρχῆς
1570 1529 1748 1583 παρα-

160 1612 375 1677 γαγεῖν
415 1625 432 1640 ⁸
466 1614 654 1677 φασὶν,
688 1610 773 1661 ὅτι
802 1610 1169 1681 προῦπέκειτο
1196 1611 1227 1677 ἡ
1257 1607 1380 1675 ὕλη,
1416 1606 1510 1659 καὶ
1542 1605 1600 1659 τὸ
1626 1605 1750 1657 σκό-

155 1719 257 1763 τος
282 1702 629 1773 προϋπῆρχε.
654 1702 722 1754 Τί
758 1702 965 1771 ταύτης
994 1703 1096 1770 τῆς
1127 1701 1313 1765 ἀνοίας
1340 1702 1524 1771 χεῖρον
1550 1698 1746 1767 γένοιτ’

156 1791 271 1854 du;
321 1790 570 1854 Ἀκούεις
601 1792 681 1844 ὅτι
715 1792 775 1843 ὲν
803 1793 943 1862 ἀρχῇ
983 1791 1243 1859 ἐποίησεν
1274 1792 1302 1843 ὁ
1334 1789 1467 1853 Θεὸς
1508 1788 1599 1841 τὸν
1649 1788 1744 1840 οὑ-

160 1886 339 1953 ρανὺν
370 1885 465 1935 καὶ
497 1884 595 1952 τὴν
620 1886 745 1953 γῆν,
816 1884 910 1936 καὶ
945 1886 1032 1938 ὅτι
1064 1883 1123 1947 ἐξ
1163 1883 1266 1936 οὐκ
1300 1882 1474 1935 ὄντων
1528 1880 1745 1948 ἐγένετο

159 1978 234 2029 τὰ
257 1976 414 2041 ὄντα,
451 1978 543 2030 καὶ
574 1977 753 2043 λέγεις
784 1977 867 2030 ὅτι
898 1977 1261 2046 προϋπῆρχεν
1285 1977 1318 2046 ἡ
1346 1975 1482 2044 ὖλη;
1521 1974 1633 2027 Καὶ
1660 1973 1746 2037 τίς

161 2069 465 2137 ἀνάσχοιτο
499 2070 769 2141 τοσαύτης
807 2071 1097 2140 παροινίας
1154 2069 1265 2121 τῶν
1305 2067 1430 2122 νοῦν
1473 2068 1744 2138 ὲχόντων;

161 2162 261 2228 Μὴ
293 2162 407 2232 γὰρ
442 2161 729 2226 ἄνθρωπός
765 2164 916 2215 ἐστιν
974 2164 1001 2215 ὁ
1058 2160 1429 2231 δημιουργῶν,
1461 2160 1549 2213 ἵνα
1581 2157 1749 2228 δεηθῇ

162 2268 319 2313 τινος
382 2252 884 2321 προϋποκειμένου,
917 2254 1012 2306 καὶ
1048 2252 1193 2304 οὕτω
1258 2251 1328 2304 τὰ
1394 2253 1494 2317 τῆς
1553 2250 1750 2319 τέχνης

168 2344 518 2414 ἐπιδείξηται
547 2362 561 2410 ;
586 2346 720 2408 Θεός
764 2350 941 2408 ἒστιν,
976 2340 1021 2413 ᾧ
1061 2346 1239 2397 πάντα
1272 2344 1431 2405 είκει,
1470 2341 1616 2412 λόγῳ
1656 2342 1753 2395 καὶ

2414 885 2499 936 Ea:
2524 887 2701 935 eodem
2738 882 2871 936 loco.

1926 973 2033 1030 Sed
2070 974 2166 1044 qui
2203 990 2393 1030 errore
2420 983 2676 1030 tenentur
2705 974 2972 1044 oppressi,
3010 989 3119 1029 non
3176 973 3423 1030 animad-

1855 1075 2135 1122 vertentcs
2181 1081 2269 1132 ea,
2322 1082 2443 1136 qua:
2486 1082 2554 1121 ex
2598 1066 2681 1121 bis
2738 1065 2918 1122 verbis
2974 1077 3423 1136 consequuntur,

1855 1172 2031 1226 neque
2062 1158 2351 1213 audientes
2399 1157 2604 1213 Mosem
2662 1157 2988 1213 dicentem:
3050 1156 3113 1211 In
3162 1158 3424 1224 principio

1854 1249 1974 1317 fecit
1999 1248 2135 1302 Deus
2163 1248 2347 1303 caelum
2370 1257 2418 1303 et
2467 1258 2684 1312 terram,
2732 1249 3240 1318 subjicientcmque,
3268 1248 3427 1303 Terra

1855 1346 2032 1391 autem
2072 1346 2185 1391 erat
2216 1337 2489 1392 invisibilis
2517 1348 2565 1392 et
2614 1339 2862 1392 inornata
2885 1338 2901 1369 ⁸
2933 1353 2949 1404 ;
2982 1338 3237 1407 queuiam
3270 1345 3427 1393 tene-

1855 1428 1986 1493 bris,
2020 1436 2076 1482 et
2120 1429 2277 1499 aquis
2308 1429 2675 1499 operiebatur,
2740 1430 2981 1487 nendum
3013 1430 3160 1486 enim
3184 1429 3430 1484 voluerat

1852 1520 1996 1575 Deus
2034 1536 2063 1575 a
2093 1522 2364 1592 principio
2414 1538 2536 1577 eam
2605 1524 2878 1579 educere:
2915 1522 3107 1577 dicunt
3142 1522 3429 1579 materiam

1856 1621 1981 1669 ante
2015 1612 2202 1680 fuisse,
2232 1622 2397 1683 atque
2429 1615 2559 1670 item
2593 1616 2865 1671 tenebras.
2898 1615 3040 1681 Quid
3065 1614 3169 1671 hac
3199 1614 3429 1669 demen-

1856 1706 1927 1759 tia
1964 1703 2207 1759 deterius
2244 1704 2358 1757 lieri
2386 1704 2612 1772 potest?
2644 1704 2813 1758 Audis
2857 1703 3025 1760 Deum
3067 1705 3121 1757 in
3154 1702 3427 1773 principio

1854 1794 2050 1850 fecisse
2079 1795 2277 1848 coelum
2313 1804 2367 1849 et
2395 1805 2619 1859 terram,
2643 1805 2697 1850 et
2721 1811 2785 1849 ex
2816 1796 3008 1857 nihilo,
3037 1806 3093 1850 et
3122 1795 3262 1851 dicis
3292 1800 3423 1848 ante

1859 1887 2145 1941 materiam
2211 1888 2529 1942 exstitisse?
2587 1887 2785 1955 Ecquis
2835 1886 3055 1957 sapiens
3117 1886 3427 1955 mentisque

1851 1978 2178 2047 composita
2211 1978 2449 2033 deliret?
2475 1978 2614 2033 Num
2636 1980 2797 2034 homo
2828 1990 2931 2045 cst,
2969 1982 3060 2050 qui
3082 1979 3214 2050 agit,
3244 1989 3304 2035 ut
3328 1993 3427 2046 pa-

1847 2079 1962 2125 rata
2014 2069 2241 2123 materia
2268 2070 2529 2140 indigeat,
2589 2088 2698 2141 quo
2744 2086 2909 2142 opera
2979 2072 3233 2129 ostendat
3285 2070 3427 2125 sua?

1847 2160 1989 2215 Deus
2012 2170 2116 2226 est,
2165 2161 2251 2216 cui
2283 2163 2464 2217 omnia
2501 2172 2715 2231 parent,
2767 2164 2859 2234 qui
2917 2163 3103 2227 verbo,
3156 2171 3211 2218 et
3260 2162 3424 2232 jussu

1850 2263 2049 2307 cuncta
2074 2254 2226 2309 fecit.
2258 2253 2396 2310 Ecce
2439 2256 2587 2310 enim
2650 2256 2783 2311 dixit
2824 2256 3018 2324 solum,
3051 2266 3109 2311 et
3158 2255 3300 2310 facta
3341 2262 3426 2309 est

1852 2348 1967 2415 lux,
2002 2357 2058 2403 et
2082 2348 2324 2402 tenebrat
2360 2348 2750 2407 discesserunt.

167 2440 566 2508 προστάγματι
605 2439 784 2492 πάντα
845 2436 1217 2507 δημιουργῶν.
1272 2436 1415 2507 Ὅρα
1467 2437 1595 2506 γὰρ,
1650 2430 1774 2488 εἷπε
1815 2440 1997 2509 μόνον,
2052 2440 2148 2493 καὶ
2203 2440 2462 2512 παρήχθη
2525 2439 2585 2494 τὸ
2630 2440 2765 2510 φῶς,
2811 2441 2909 2496 καὶ
2956 2438 3322 2513 παρεχώρησε
3359 2435 3424 2491 τὸ

169 2531 397 2591 σκότος.

180 2621 291 2675 Ἐκ
331 2619 445 2688 τῆς
472 2620 795 2689 ἑρμηνείας
826 2623 937 2692 τῆς
969 2625 1058 2688 είς
1087 2622 1230 2688 τοὺς
1279 2625 1460 2675 πέντε
1506 2623 1748 2689 ἄρτους.

246 2710 363 2762 Καὶ
389 2709 532 2763 διατί
560 2711 624 2762 οὑ
652 2713 800 2763 ποιεί
826 2713 890 2764 ἐκ
941 2710 1018 2781 μὴ
1069 2710 1258 2774 ὄντων,
1316 2712 1649 2782 ὲμφράττων
1686 2711 1749 2763 τὸ

167 2801 511 2871 Μαρκίωνος
569 2802 664 2854 καὶ
723 2802 1030 2872 Μανιχαίου
1068 2802 1267 2873 στόμα,
1296 2802 1407 2856 τῶν
1434 2802 1534 2875 τὴν
1571 2802 1751 2857 κτίσιν

169 2894 614 2964 ἁλλοτριούντων
673 2895 867 2961 αὑτοῦ,
903 2896 999 2948 καὶ
1048 2895 1136 2948 διὰ
1171 2894 1281 2948 τῶν
1318 2893 1501 2965 ἔργων
1571 2894 1753 2947 αὐτῶν

170 2987 459 3041 παιδεύων
490 2988 573 3041 ὅτι
606 2988 673 3041 τὰ
703 2986 958 3059 ὁρώμενα
984 2987 1200 3043 ἅπαντα
1252 2987 1423 3040 αὑτοῦ
1457 2987 1617 3057 ἔργα,
1658 2987 1755 3040 καὶ

172 3080 463 3151 κτίσματά
499 3084 605 3135 εἰσι
628 3098 643 3115 ⁸
674 3084 766 3135 καὶ
791 3080 1007 3145 δεικνὺς
1033 3081 1117 3136 ὅτι
1150 3080 1318 3144 αὐτός
1363 3080 1514 3133 ἐστιν
1552 3083 1581 3133 ὁ
1625 3080 1752 3141 τοὺς

172 3172 438 3243 καρποὺς
457 3172 656 3238 διδοὺς,
689 3175 716 3226 ὁ
746 3174 918 3227 εἰπὼν
950 3174 1009 3238 ἐξ
1034 3175 1212 3244 ἀρχῆς
1230 3189 1245 3207 ’
1274 3170 1689 3238 Βλαστησάτω
1714 3171 1752 3237 ἡ

1958 2618 2232 2689 Ejusdem,
2261 2635 2326 2673 ea:
2354 2620 2783 2689 interpretatione
2805 2620 2860 2674 in
2882 2622 3112 2692 quinque
3131 2638 3318 2690 partes.
3350 2676 3355 2679 _

1920 2712 2036 2770 Cur
2066 2722 2247 2769 autem
2276 2728 2385 2766 non
2411 2727 2506 2767 eos
2539 2712 2752 2767 facile:
2782 2712 2977 2779 nihilo,
3007 2726 3066 2767 ut
3095 2715 3341 2772 obstruat
3362 2731 3428 2773 os

1850 2803 2164 2868 Marcionis,
2215 2813 2269 2858 et
2317 2802 2635 2868 Manichzei,
2690 2803 2783 2872 qui
2838 2804 3087 2861 adimunt
3143 2803 3194 2861 ei
3238 2820 3425 2862 rerum

1853 2896 2336 2969 procreationem?
2376 2897 2490 2953 lmo
2542 2911 2672 2952 vero
2724 2896 2881 2953 factis
2927 2897 3186 2962 ostendit,
3239 2899 3424 2955 omnia

1852 3006 1974 3060 qua:
2007 2999 2326 3052 cernuntur,
2368 3004 2398 3045 ε
2441 3004 2502 3044 se
2557 2988 2725 3047 fuisse
2747 2989 2985 3055 condita,
3021 2999 3079 3045 et
3114 3002 3424 3062 procreata,

1851 3098 2023 3151 seque
2059 3081 2215 3138 illum
2245 3096 2386 3148 esse,
2419 3081 2513 3152 qui
2542 3081 2753 3138 fructus
2780 3080 3063 3153 elargitur,
3092 3081 3185 3151 qui
3219 3081 3287 3136 ab
3313 3081 3425 3137 ini-

1852 3178 1930 3231 tio
1956 3175 2098 3231 dixit
2134 3193 2148 3230 :
2186 3174 2450 3245 Cermi‘net
2481 3184 2620 3228 terra
2650 3174 2863 3228 herbam
2893 3172 3019 3243 feni,
3042 3181 3091 3228 et
3120 3172 3422 3241 producant

171 3263 560 3335 γῆβοτάνην
584 3266 824 3334 χόρτου,
891 3265 991 3320 καὶ
1046 3266 1384 3335 ὲξαγαγέτω
1439 3263 1512 3315 τὰ
1563 3261 1752 3319 ὕδατα

1862 3284 2009 3339 aqua:
2057 3267 2268 3337 reptilia
2297 3268 2601 3323 animarum
2643 3266 2924 3323 viventium
2949 3267 2994 3321 '.
3041 3265 3231 3334 Neque
3273 3264 3421 3321 enim

171 3360 403 3426 ἑρπετὰ
425 3357 646 3427 ψυχῶν
671 3356 896 3419 ζωσῶν.
944 3358 1058 3411 Οὐκ
1100 3357 1323 3410 ἔλαττον
1374 3354 1482 3424 γὰρ
1512 3352 1609 3407 τοῦ
1644 3353 1754 3407 ἀπὸ

173 3454 281 3522 γῆς
316 3452 491 3518 δεῖξαι
532 3451 764 3521 καρπὸν,
793 3452 886 3504 καὶ
926 3450 1035 3505 ἀπὸ
1061 3450 1269 3503 ὑδάτων
1297 3449 1506 3519 ἑρπετά
1532 3446 1753 3517 ἔμψυχα

170 3546 238 3599 τὸ
266 3548 382 3600 ἀπὸ
411 3548 578 3600 πέντε
606 3546 788 3617 ἄρτων
812 3544 1040 3615 ποιῆσαι
1078 3544 1277 3614 ἄρτους
1298 3541 1612 3604 τοσούτους,
1656 3538 1754 3593 καὶ

170 3638 287 3692 ἀπὸ
337 3637 539 3707 ἰχθύων
579 3639 764 3703 πάλιν,
816 3637 845 3691 ὃ
887 3640 1115 3709 σημεῖον
1148 3632 1214 3708 ἦν
1252 3634 1347 3690 τοῦ
1380 3635 1475 3688 καὶ
1513 3634 1611 3705 τῆς
1648 3631 1756 3703 γῆς

177 3730 278 3782 καὶ
307 3729 411 3798 τῆς
439 3727 720 3799 θαλάσσης
746 3726 912 3782 αὑτὸν
942 3716 1185 3798 κρατεῖν.

929 3828 938 3861 l

180 3887 296 3942 Τοῦ
328 3884 518 3939 αὐτοῦ
541 3884 611 3940 ἐκ
638 3883 747 3951 τῆς
773 3882 1096 3952 ἑρμηνείας
1137 3880 1247 3950 τῆς
1277 3883 1365 3947 είς
1389 3881 1456 3935 τό
1482 3897 1496 3912 ο
1532 3900 1551 3933 ι
1578 3880 1754 3939 Πᾶσα

248 3958 490 4025 φυτεία,
534 3954 611 4021 ῆν
634 3958 747 4009 οὐκ
780 3956 1121 4026 ἐφύτευσεν
1144 3956 1175 4006 ό
1197 3952 1400 4021 Πατήρ
1422 3969 1565 4023 μου,
1595 3953 1753 4021 ἐκρι-

250 4029 363 4089 ζωο
376 4029 612 4095 licetat.
652 4042 672 4077 ι

254 4192 431 4246 Τοῦτο
457 4189 587 4261 περὶ
615 4187 711 4243 τοῦ
742 4188 908 4259 νόμου
950 4188 1117 4256 φασὶν
1151 4184 1408 4257 εἰρῆσθαι
1436 4186 1487 4238 οἱ
1518 4186 1588 4239 τὰ
1627 4186 1753 4240 Μα·

176 4286 412 4356 νιχαίων
442 4280 748 4344 νοσοῦντες.
803 4279 942 4333 Ἀλλ’
970 4278 1316 4347 ἐπιστομίζει
1346 4278 1415 4329 τὰ
1442 4275 1756 4347 ἔμπροσθεν

178 4378 458 4449 εἰρημένα
483 4376 700 4438 αὐτούς.
732 4374 796 4427 Ei
825 4373 931 4444 γὰρ
968 4372 1096 4442 περὶ
1122 4370 1218 4424 τοῦ
1240 4370 1408 4439 νόμον
1441 4370 1617 4436 ἔλεγε,
1638 4370 1756 4433 πῶς

177 4470 450 4536 ἀνωτέρω
474 4466 825 4533 ἀπολογεῖται
864 4462 1007 4531 ὑπὲρ
1038 4462 1229 4526 αὑτοῦ,
1264 4460 1361 4514 καὶ
1390 4461 1624 4530 μάχεται
1664 4458 1754 4511 λέ-

179 4579 298 4628 γων
322 4574 337 4589 ο
371 4557 537 4611 Amr!
570 4555 966 4624 παραϐαίνετε
1004 4551 1120 4620 τὴν
1169 4550 1433 4618 ἐντολὴν
1475 4549 1578 4602 τοῦ
1606 4549 1755 4603 Θεοῦ

1857 3361 2039 3416 minus
2073 3369 2158 3416 est
2197 3375 2261 3414 ex
2298 3359 2538 3429 quinque
2584 3358 2817 3427 panibus
2860 3358 3042 3414 facere
3081 3365 3191 3412 tam
3224 3357 3426 3412 multos

1862 3468 2056 3523 panes,
2141 3460 2237 3507 aut
2293 3467 2360 3506 ex
2440 3452 2653 3507 duobus
2730 3449 2978 3520 piscibus
3064 3458 3174 3505 tam
3230 3449 3428 3507 inultos

1857 3546 2064 3613 pisces,
2119 3542 2263 3611 quod
2316 3542 2554 3601 declarat
2584 3556 2710 3598 eum
2752 3555 2874 3598 esse
2925 3551 3104 3603 terrae,
3149 3542 3428 3611 marisque

1860 3634 2186 3698 Dominum,
2216 3649 2379 3703 quam
2434 3634 2673 3689 fructum
2699 3647 2731 3689 e
2762 3640 2927 3696 terra.
2961 3640 3017 3689 et
3064 3632 3279 3700 reptilia
3305 3633 3430 3689 ani-

1857 3736 2002 3784 mata
2029 3742 2097 3782 ex
2128 3726 2286 3798 aquis
2313 3727 2639 3785 ostendisse.

1855 3885 2128 3955 Ejusdem,
2166 3900 2231 3937 ex
2259 3882 2686 3955 interpretatione
2722 3880 2792 3955 in
2813 3880 2907 3955 il_la
2941 3882 3132 3937 verba:
3165 3900 3184 3934 ι
3244 3881 3429 3955 Omnis

1926 3955 2206 4025 plantatio,
2238 3970 2518 4025 quamnon
2552 3952 2814 4022 plantavit
2832 3951 2993 4005 Pater
3016 3968 3158 4006 meus
3183 3951 3424 4021 caelestis,

1933 4025 2306 4080 eradicabitur.
2337 4024 2356 4057 ³
2388 4042 2407 4076 ι

1926 4181 2039 4238 Hoc
2072 4183 2139 4238 de
2171 4183 2293 4253 lege
2340 4181 2543 4237 dictum
2572 4195 2692 4237 esse
2725 4180 2936 4243 volunt.
2974 4179 3065 4251 qui
3099 4180 3430 4236 Manichaeo—
3478 4202 3479 4205 η

1856 4289 1978 4329 rem
2010 4273 2261 4328 laborant
2290 4271 2503 4338 morbo,
2550 4271 2644 4329 sed
2673 4270 2988 4340 opinionem
3041 4286 3233 4329 eorum
3264 4269 3431 4328 refel-

1857 4366 1974 4423 lunt
2005 4380 2091 4429 ea,
2129 4380 2252 4435 quae
2284 4363 2536 4433 superius
2584 4362 2729 4419 dicta
2761 4372 2911 4421 sunt.
2959 4363 3094 4420 Nam
3124 4365 3169 4419 si
3222 4364 3328 4420 hoc
3360 4364 3432 4419 de

1857 4458 1974 4528 lege
2012 4456 2271 4525 loquitur,
2304 4470 2402 4509 cur
2433 4469 2554 4513 eam
2585 4462 2717 4509 ante
2745 4454 3168 4511 defendit?Cur
3204 4470 3306 4525 pro
3335 4456 3430 4511 illo

1858 4548 2200 4621 propugnat?
2245 4544 2403 4611 Quid,
2435 4545 2713 4614 inquiens,
2740 4546 3169 4614 transgredimini
3201 4548 3429 4600 manda-

180 4649 280 4701 διὰ
300 4648 418 4714 τὴν
450 4643 789 4712 παράδοσιν
818 4641 1022 4710 ὑμῶν;
1074 4640 1199 4705 Πῶς
1228 4640 1285 4703 δὲ
1329 4641 1420 4693 τὶν
1465 4640 1750 4709 προφήτην

1862 4651 1963 4694 tum
1990 4638 2090 4693 Dei
2109 4648 2320 4707 propter
2343 4638 2679 4692 traditionem
2698 4646 2927 4690 vestram
2943 4637 2963 4669 '*
2982 4636 3003 4690 ?
3022 4635 3133 4690 Cur
3150 4636 3432 4706 pmpheta

184 4742 402 4807 εἰσάγει
462 4740 542 4800 είς
602 4738 766 4806 μέσον
813 4734 1087 4802 λέγονται
1130 4732 1193 4785 '0
1222 4732 1374 4797 λαός
1409 4725 1591 4797 οὗτος
1628 4728 1750 4796 τοῖς

186 4831 431 4902 χείλεσι
476 4847 555 4899 με
590 4827 747 4897 τιμᾷ,
774 4828 869 4881 καὶ
896 4828 965 4881 τὰ
1011 4825 1137 4894 ἑξῆς
1159 4839 1173 4889 ;
1198 4822 1364 4877 Ἀλλὰ
1412 4822 1543 4891 περὶ
1576 4820 1758 4875 αὐτῶν

184 4926 437 4986 ἐκείνων,
465 4924 561 4975 καὶ⁵
593 4922 704 4974 τῶν
737 4919 1096 4989 παραδόσεων
1126 4916 1305 4971 αὐτῶν
1336 4914 1515 4970 ταῦτά
1563 4931 1753 4984 φησιν.

184 5022 251 5074 Et
286 5020 398 5087 γὰρ
433 5018 461 5069 ὁ
490 5014 623 5078 Θεὸς
650 5009 794 5067 είπεο
820 5014 962 5080 Τίμα
986 5013 1093 5065 τὸν
1113 5009 1340 5077 πατέρα
1369 5022 1486 5062 σου
1514 5008 1612 5061 καὶ
1644 5006 1761 5075 τὴν

180 5109 413 5181 μητέρα
445 5122 585 5170 σου,
622 5105 739 5168 πῶς
786 5106 887 5156 οὐκ
928 5103 1047 5155 ἔστι
1092 5102 1287 5169 φυτεία
1344 5098 1480 5153 Θεοῦ
1512 5098 1573 5151 τὸ
1603 5097 1757 5167 παρὰ

184 5202 329 5257 Θεοῦ
360 5200 682 5269 είρτιμένον;
714 5197 824 5250 Καὶ
853 5194 915 5249 τὸ
939 5193 1065 5264 ἑξῆς
1093 5194 1148 5246 δὲ
1179 5193 1452 5246 δείκνυσιν
1497 5190 1579 5242 ὅτι
1627 5187 1757 5257 περὶΙ

184 5296 374 5350 αὐτῶν
388 5294 725 5362 domat,le
749 5290 856 5343 τῶν
882 5286 1234 5355 παραδόσεων
1252 5285 1456 5338 αὐτῶν.
1476 5282 1757 5350 Ἑπήγαγε

185 5389 325 5457 γοῦν
350 5405 363 5420 ·
405 5385 646 5452 Ὀδητοί
677 5385 795 5437 εισι
824 5379 1093 5450 τυφλῶν.
1131 5380 1194 5433 Et
1226 5379 1283 5433 δὲ
1308 5377 1549 5446 περὶτοῦ
1591 5375 1755 5443 νόμου

185 5483 370 5549 ἔλεγε,
392 5479 553 5531 τοῦτο
586 5474 742 5531 εἶπεν
767 5474 1102 5544 ἀν”Οδηγός
1140 5473 1256 5525 ἐστι
1286 5470 1485 5540 τυφλὸς
1519 5467 1757 5536 τυφλῶν.

198 5574 347 5631 Ἀλλ’
378 5574 479 5644 οὐχ
510 5572 685 5637 οὕτως
719 5566 895 5638 εἶπεν,
928 5569 1044 5625 ἀλλ’
1082 5566 1296 5636 Ὀδηγοί
1317 5567 1423 5620 είσι
1455 5562 1645 5632 τυφλοὶ
1665 5580 1757 5616 τυ-

1855 4732 2181 4787 sententiain
2212 4731 2265 4783 in
2300 4729 2537 4785 medium
2574 4728 2804 4798 profert,
2838 4727 3073 4783 dicentis
3108 4744 3125 4785 :
3172 4727 3432 4796 .Populus

1855 4826 1940 4881 hic
2000 4824 2155 4879 labiis
2206 4840 2288 4878 me
2328 4823 2551 4877 honorat
2584 4822 2628 4885 ⁵,
2676 4830 2732 4876 et
2761 4835 2882 4890 quae
2920 4820 3266 4889 sequuntur?
3307 4819 3445 4875 Non

1857 4916 2021 4986 igitur
2046 4922 2113 4970 de
2140 4916 2277 4987 lege.
2306 4915 2400 4971 sed
2423 4914 2493 4970 de
2524 4914 2629 4969 illis
2655 4912 2810 4984 ipsis,
2845 4927 3144 4980 eorumque
3177 4911 3428 4970 doctrina

1858 5011 1975 5066 lucc
1995 5010 2137 5065 dicta
2169 5016 2318 5065 sunt.
2350 5007 2483 5062 Nam
2520 5007 2565 5064 si
2596 5006 2737 5066 Deus
2767 5006 2900 5061 dicit
2926 5022 2939 5059 :
2979 5002 3199 5059 Honora
3224 5013 3433 5075 patrem

1862 5114 2031 5169 tuum,
2067 5112 2114 5158 et
2140 5113 2361 5156 matrem
2397 5109 2545 5155 tuam
2582 5100 2624 5163 ⁸,
2679 5100 2772 5168 qui
2801 5096 2915 5152 ﬁeri
2971 5106 3171 5166 potest.
3222 5102 3284 5151 ut
3336 5095 3432 5151 Dei

1855 5196 2120 5266 plantatio
2153 5209 2263 5249 non
2293 5194 2385 5257 sit,
2416 5192 2561 5263 quod
2596 5207 2625 5245 a
2662 5192 2775 5247 Deo
2800 5190 3006 5245 dictum
3038 5195 3121 5244 est
3147 5188 3169 5243 ?
3196 5186 3263 5242 Et
3285 5187 3433 5256 quod

1858 5292 2134 5361 sequitur,
2170 5286 2417 5343 ostendit
2467 5287 2535 5341 de
2577 5284 2738 5353 ipsis,
2785 5291 2841 5337 et
2886 5281 3132 5337 doctrina
3188 5279 3433 5348 ipsorum
3472 5324 3475 5329 λ

1860 5383 2031 5439 fuisse
2074 5380 2325 5445 dictum;
2385 5377 2606 5447 subiicit
2647 5376 2796 5432 enim
2833 5391 2846 5429 :
2904 5373 3071 5428 Duces
3110 5380 3232 5427 sunt
3280 5370 3433 5434 arci,

1861 5491 2121 5535 carorum
2155 5472 2197 5525 ⁷.
2225 5470 2383 5538 Quod
2425 5470 2470 5526 si
2502 5469 2570 5524 de
2600 5469 2718 5538 lege
2752 5467 3016 5522 voluisset
3059 5461 3310 5532 intelligi,
3354 5460 3436 5518 di-

1864 5566 2037 5623 xisset
2078 5581 2093 5619 :
2124 5562 2280 5620 ϐειοε
2307 5571 2391 5620 est
2418 5574 2795 5629 meorumque
2820 5559 2947 5616 dux.
2998 5555 3120 5613 Non
3146 5562 3326 5617 autem
3357 5551 3434 5611 ita

259 5779 276 5808 ⁸
310 5774 449 5830 Gen.
484 5790 524 5844 I,
547 5773 602 5830 2.
667 5773 687 5804 ²
712 5770 843 5827 ibid.
876 5769 961 5826 Η.
1041 5768 1274 5825 'Mattlt.
1305 5784 1396 5839 xv,
1442 5768 1524 5824 i3.
1604 5767 1625 5801 ⁸
1650 5766 1784 5824 ibid.
1818 5766 1876 5824 8.
1956 5768 1976 5799 ⁸
2009 5765 2142 5823 ibid.
2178 5765 2229 5821 6.
2338 5764 2360 5797 ⁸
2386 5761 2561 5819 Exod.
2600 5776 2692 5815 xx.
2748 5758 2832 5813 12.
2944 5756 2963 5790 ⁷
2986 5755 3182 5812 Matth.
3221 5769 3313 5823 xv,
3340 5752 3430 5813 Η.
