3954 6554
549 355 662 418 323
1786 338 2174 400 EUTHYMll
2215 338 2580 403 ZIGABENI
3688 347 3774 411 321

550 468 705 530 dixit,
736 465 832 521 sed
862 477 928 518 eo
954 462 1133 532 potius
1163 459 1323 513 modo
1358 474 1370 511 :
1409 454 1549 510 Caeci
1583 464 1740 517 sunt,
1769 462 1826 505 et
1859 462 2125 505 caecorum

2232 454 2401 521 φλῶν,
2426 456 2635 509 ἐκεῖνον
2668 454 2770 524 μέν
2799 453 3160 509 ἀπαλλάττων
3193 456 3294 526 τῆς
3333 455 3681 528 κατηγορίας,
3707 465 3770 523 είς

552 564 741 623 duces,
801 567 859 612 ut
888 565 943 611 et
974 556 1120 609 illam
1170 567 1199 606 a
1238 548 1679 620 reprehensione
1732 544 2009 606 liberaret,
2072 550 2125 597 et

2232 546 2289 599 δὲ
2321 547 2546 612 τούτους
2568 549 2629 602 τὸ
2656 550 2765 603 πᾶν
2797 549 3126 620 περιέλκων.

549 652 761 722 culpam
818 648 875 702 in
922 660 1016 701 eos
1071 657 1288 698 omnem
1327 632 1620 695 conferret.

2578 814 2679 868 Ἐκ
2709 813 2817 881 τῆς
2848 813 3040 882 αὐτῆς
3071 814 3455 880 ἀκολουθίας.

1109 869 1193 923 Ea:
1215 869 1395 922 eodem
1423 865 1554 919 loco.

618 965 1024 1033 lnterrogemus
1054 960 1220 1031 igitur
1260 975 1377 1022 eos,
1409 957 1503 1027 qui
1538 957 1711 1023 legem
1753 954 2119 1024 insectantur,

550 1068 731 1112 utrum
779 1064 1112 1125 praeceptum
1167 1049 1321 1109 illud.
1352 1054 1475 1118 'quo
1532 1049 1890 1118 prohibemur
1941 1044 2122 1108 irasci,

550 1148 884 1204 contrarium
913 1145 983 1199 sit
1010 1143 1081 1207 ei,
1119 1157 1229 1211 quo
1260 1151 1508 1194 vetamur
1528 1139 1802 1201 occidere,
1843 1152 1910 1191 an
1945 1137 2125 1206 potius

556 1240 722 1308 hujus
746 1239 797 1291 id
826 1236 1091 1307 perfectio
1118 1237 1212 1297 sit,
1252 1242 1306 1289 et
1347 1232 1713 1287 conﬁrmatio.
1767 1230 2123 1299 Perspicuum

550 1338 654 1396 cst,
685 1329 815 1383 illud
847 1343 966 1382 esse
1000 1324 1393 1397 perfectionem
1419 1322 1581 1391 hujus
1612 1331 1666 1376 et
1697 1320 2122 1385 absolutionem,

550 1431 606 1477 et
632 1433 919 1492 propterea
968 1420 1146 1489 majus
1198 1434 1340 1473 esse.
1374 1416 1479 1483 Qui
1512 1416 1657 1469 enim
1697 1414 1762 1469 ad
1818 1414 1958 1469 iram
2012 1427 2123 1467 non

550 1512 829 1573 incitatur,
853 1526 883 1564 a
918 1511 1065 1565 cmde
1094 1510 1305 1563 facilius
1327 1507 1639 1561 abstinebit.
1672 1504 1735 1559 Et
1766 1504 1857 1574 qui
1880 1504 2123 1558 animum

551 1602 779 1657 cohibet
832 1615 1018 1665 suum,
1075 1598 1250 1653 multo
1308 1598 1478 1667 magis
1534 1610 1731 1650 manus
1791 1595 2121 1649 continebit.

544 1693 682 1749 Nam
714 1695 793 1749 ira
823 1694 986 1750 ezedis
1019 1704 1102 1750 est
1133 1694 1309 1761 radix,
1357 1706 1522 1763 quam
1568 1689 1659 1759 qui
1693 1689 1898 1751 evellit,
1950 1690 2123 1743 multo

547 1788 720 1855 magis
746 1785 997 1842 concidet
1030 1801 1233 1853 ramos,
1272 1788 1383 1840 imo
1425 1798 1557 1838 vero
1589 1797 1657 1837 ne
1704 1781 1852 1836 nasci
1901 1780 2121 1849 quidem

547 1880 669 1935 illos
702 1880 1001 1950 permittet.
1038 1878 1405 1945 Quamobrem
1440 1876 1555 1930 hac
1586 1890 1693 1929 non
1730 1874 1798 1929 ad
1824 1873 1957 1944 legis
1978 1872 2121 1928 inte-

547 1971 713 2025 ritum
745 1972 988 2043 iubebat,
1016 1971 1110 2026 sed
1127 1971 1194 2025 ad
1224 1970 1485 2039 majorem
1516 1966 1658 2022 illius
1691 1964 2119 2021 observantiam.

548 2063 667 2129 Quo
683 2078 919 2133 namque
953 2062 1183 2117 consilio
1209 2062 1326 2116 hzec
1352 2059 1635 2115 sanciebat
1662 2058 1778 2127 ipsa
1814 2058 1896 2110 lex
1917 2056 1941 2109 ?
1962 2054 2125 2111 Non-

550 2168 640 2217 ne,
678 2164 740 2208 ut
765 2170 925 2208 nemo
977 2154 1289 2223 proximum
1326 2151 1663 2205 interficeret
1695 2149 1718 2201 ?
1780 2148 1905 2220 Legi
1959 2149 2124 2219 igitur

552 2245 901 2301 adversantia
956 2244 1335 2316 praecepisset,
1366 2242 1459 2313 qui
1512 2242 1767 2312 jussissvt
1794 2240 2120 2297 interﬁcere.

547 2339 664 2392 Hoc
693 2337 859 2400 enim,
891 2336 1087 2401 occide,
1143 2335 1239 2398 illi,
1286 2348 1349 2387 ne
1389 2333 1615 2397 occidas,
1652 2332 1988 2387 contrarium
2017 2340 2120 2387 est.

552 2430 740 2500 Itaque
768 2430 813 2484 si
843 2444 911 2483 ne
945 2430 1112 2484 irasci
1142 2427 1365 2498 quidem
1392 2427 1662 2493 concedit,
1694 2426 1745 2480 id
1770 2426 1914 2496 quod
1946 2442 1976 2480 a
2006 2426 2123 2497 lege

544 2520 774 2591 iubetur
853 2521 1026 2576 multo
1095 2519 1266 2591 magis
1330 2520 1634 2573 confirmat.
1713 2518 1903 2587 Neque
1973 2519 2119 2573 enim

548 2613 776 2685 perinde
808 2613 914 2667 sibi
953 2612 1283 2682 temperabit
1331 2626 1361 2665 a
1399 2611 1565 2674 cmde.
1606 2610 1699 2680 qui
1746 2612 1990 2666 studiose
2032 2628 2124 2667 ca-

554 2710 661 2766 vet,
690 2716 762 2756 ne
798 2701 1107 2773 quempiam
1133 2700 1369 2765 occidat,
1412 2709 1473 2755 ut
1514 2700 1608 2756 ille
1645 2700 1735 2770 qni
1761 2700 1931 2769 ipsam
1968 2716 2120 2770 quo-

556 2807 662 2862 que
688 2792 947 2849 interﬁcit
975 2793 1334 2848 iracundiam.
1371 2791 1470 2848 Hic
1518 2792 1661 2846 enim
1708 2792 1919 2864 longius
1948 2794 2123 2848 multo

564 2883 721 2939 abest
749 2885 817 2938 ab
861 2886 977 2953 ipso
1020 2892 1241 2939 conatu.
1299 2883 1497 2938 Verum
1542 2892 1599 2938 ut
1627 2898 1723 2938 eos
1755 2884 1929 2953 magis
1955 2886 2121 2939 etiam

554 2973 968 3039 convincamus,
992 2975 1175 3029 omnia
1212 2989 1334 3044 qua:
1362 2975 1430 3028 ab
1450 2974 1585 3045 ipsis
1613 2974 1891 3039 dicuntur,
1925 2976 1978 3029 in
2004 2991 2123 3030 nie-

554 3062 706 3117 dium
734 3063 1044 3119 afferamus.
1076 3066 1335 3131 Quaenam
1359 3074 1538 3119 autem
1576 3064 1680 3119 ista
1730 3066 1897 3121 sunt?
1952 3066 2121 3120 Deum

552 3155 728 3220 illum,
763 3157 856 3226 qui
884 3156 1150 3212 mundum
1189 3158 1333 3211 hunc
1364 3157 1661 3212 fabricatus
1687 3165 1799 3223 est,
1832 3158 1923 3226 qui
1954 3157 2120 3213 solem

552 3262 714 3307 suum
741 3248 877 3303 oriri
909 3248 1041 3304 facit
1067 3263 1234 3318 super
1264 3247 1457 3313 malos,
1494 3255 1550 3301 et
1593 3247 1798 3313 bonos;
1848 3248 1938 3318 qui
1989 3249 2127 3319 pluit

557 3352 722 3408 super
743 3339 923 3408 justos
946 3346 1003 3393 et
1031 3338 1287 3407 injustos,
1318 3338 1518 3391 malum
1546 3352 1668 3393 esse
1693 3338 1985 3394 affirmant.
2023 3340 2128 3407 Qui

557 3438 736 3485 autem
766 3445 831 3485 ex
864 3429 969 3484 illis
999 3429 1245 3485 mitiores
1272 3436 1420 3495 sunt,
1446 3444 1558 3484 rem
1589 3431 1659 3483 ita
1718 3439 2039 3501 temperant,
2072 3442 2128 3488 ut

557 3537 681 3577 eum
720 3522 930 3593 justum
960 3535 1084 3576 esse
1109 3522 1374 3578 duntaxat
1402 3521 1727 3586 concedant,
1761 3522 1963 3579 bonum
2029 3540 2131 3579 au-

553 3624 663 3670 tem
688 3626 911 3688 negent.
962 3616 1209 3671 Alterum
1261 3625 1443 3671 autem
1496 3616 1807 3685 quemdam,
1864 3617 1958 3687 qui
2007 3632 2131 3671 ~non

548 3710 643 3774 sit,
677 3709 878 3779 quique
900 3709 1039 3764 nihil
1084 3724 1298 3776 eorum,
1341 3725 1462 3781 qua
1492 3713 1657 3776 sunt,’
1681 3710 1945 3777 effecerit,
1975 3710 2132 3766 Cbri-
2160 3723 2167 3732 '

556 3810 643 3853 sto
670 3808 879 3868 patrem
911 3800 1214 3871 assignant.
1247 3801 1313 3855 Et
1341 3816 1490 3868 eum,
1522 3802 1611 3872 qui
1641 3802 1815 3857 bonus
1867 3816 1975 3856 non
2026 3812 2128 3867 est,

2317 904 2719 977 Ἐρωτήσωμεν
2740 906 2920 959 τοίνυν
2951 908 3077 969 τοὺς
3109 906 3199 959 τὸν
3221 907 3385 975 νόμον
3406 905 3772 975 ἐμϐάλλοντας,

2230 997 2292 1050 τὸ
2360 997 2435 1068 μὴ
2504 996 2823 1069 ὀργίζεσθαι
2881 996 2976 1049 τοῦ
3029 998 3102 1067 μὴ
3149 996 3402 1066 φονεύειν
3454 998 3772 1069 ἐναντίον,ἢ

2235 1088 2438 1157 μᾶλλον
2492 1089 2704 1142 ἐκείνου
2763 1090 3046 1152 τελείωσις
3106 1086 3288 1154 τοῦτο,
3326 1088 3420 1140 καὶ
3448 1074 3772 1155 κατασκευή,

2232 1180 2470 1250 Εὔδηλον
2518 1181 2602 1235 ὅτι
2664 1180 2827 1234 τοῦτο
2870 1181 3086 1234 ἐκείνου
3118 1180 3422 1249 πλήρωσις,
3487 1179 3584 1231 καὶ
3617 1180 3775 1248 μεῖζον

2230 1273 2426 1328 τούτου
2449 1274 2658 1328 ἕνεκεν.
2713 1274 2771 1327 '0
2803 1277 2915 1345 γὰρ
2951 1275 3088 1345 πρὸς
3120 1275 3291 1344 ὀργὴν
3329 1274 3431 1328 οὐκ
3497 1274 3775 1343 ἐκφερόμε·

2232 1383 2321 1430 νος
2352 1366 2536 1436 πολλῷ
2596 1366 2799 1436 μᾶλλον
2854 1366 3017 1436 φόνου
3085 1366 3372 1434 ἀφέξεταν
3425 1366 3525 1420 καὶ
3565 1369 3593 1419 6
3629 1366 3775 1435 θυμὸν

2231 1456 2465 1528 χαλινῶν
2491 1456 2673 1528 πολλῷ
2705 1458 2905 1525 μᾶλλον
2935 1458 3032 1520 τὰς
3056 1459 3246 1527 χεῖρας
3273 1456 3499 1523 καθέξει
3524 1473 3639 1518 πως
3664 1457 3773 1508 ἑαυο

2230 1548 2348 1603 τοῦ.
2389 1548 2542 1614 Ῥίζα
2599 1549 2709 1620 γὰρ
2770 1548 2864 1601 τοῦ
2929 1550 3093 1617 φόνου
3156 1547 3351 1618 θυμός.
3387 1548 3449 1601 ’0
3489 1549 3665 1600 τοίνυν
3694 1547 3774 1612 τὴν

2233 1641 2391 1713 ῥίζαν
2412 1642 2698 1695 ἐκκόπτων
2738 1639 2920 1711 πολλῷ
2961 1640 3162 1708 μᾶλλον
3191 1639 3481 1710 ἀναιρήσει
3514 1642 3638 1703 τοὺς
3663 1639 3774 1693 κλά-

2230 1734 2375 1798 δους,
2406 1733 2608 1803 μᾶλλον
2629 1733 2686 1786 δὲ
2720 1733 2842 1787 οὐδέ
2872 1733 3038 1802 φῦναι
3094 1732 3194 1800 τὴν
3228 1731 3404 1802 ἀρχὴν
3458 1716 3774 1786 ἐάσει.ούχ-

2157 1810 2199 1868 Β
2227 1829 2321 1883 οῦν
2351 1829 2460 1882 οὐκ
2493 1828 2582 1881 ἐπ’
2610 1829 2892 1899 ἀναιρέσει
2922 1826 3016 1881 τοῦ
3046 1825 3238 1897 νόμου,
3297 1824 3424 1879 ἀλλ’
3470 1826 3565 1877 ἐπὶ
3596 1824 3771 1877 πλείονι

2225 1922 2403 1975 ταῦτα
2434 1920 2753 1991 ἐνομοθέτει
2813 1920 3056 1990 φυλακῇ.
3126 1919 3193 1971 Τί
3229 1918 3338 1989 γὰρ
3404 1917 3769 1987 βουλόμενοςὸ

2224 2014 2389 2083 νόμος
2424 2013 2598 2067 ταῦτα
2638 2013 2943 2080 ἐπέταξεν;
2985 2014 3097 2083 Οὐχ
3130 2014 3216 2067 ἵνα
3257 2012 3449 2082 μηδεὶς
3477 2010 3671 2082 φονεύῃ
3699 2009 3771 2061 τὸν

2226 2106 2488 2176 πλησίον;
2522 2105 2736 2159 Οὐκοῦν
2768 2106 2864 2160 τοῦ
2923 2106 3237 2177 μαχομένου
3270 2103 3349 2175 τῷ
3401 2104 3553 2174 νόμῳ
3600 2105 3653 2159 τὸ
3689 2121 3765 2156 κε-

2227 2197 2407 2252 λεύειν
2431 2198 2661 2267 φονεῦον
2689 2194 2778 2270 ἦν.
2807 2198 2883 2253 T6
2918 2199 3028 2269 γὰρ
3064 2196 3313 2268 φονεύειν
3344 2196 3615 2251 ἐναντίον.
3649 2196 3703 2248 Εί
3724 2195 3769 2247 δέ

2228 2290 2306 2360 μὴ
2333 2290 2653 2360 ὀργίζεσθαι
2687 2291 3005 2362 ἐπιτρέπει,
3067 2290 3208 2360 ὅπερ
3247 2291 3278 2342 6
3330 2288 3499 2357 νόμος
3524 2286 3764 2349 ἐϐούλετο,

2225 2382 2391 2436 τοῦτο
2455 2383 2659 2454 μᾶλλον
2719 2383 2963 2454 ῐστησιν.
2993 2382 3071 2436 οὐ
3102 2382 3211 2452 γὰρ
3257 2381 3464 2452 ὁμοίως
3526 2379 3762 2449 ἀφέξεται

2228 2477 2391 2545 φόνου
2424 2476 2482 2553 \6
2546 2475 2785 2546 μελετῶν
2820 2478 2895 2546 μὴ
2925 2474 3182 2545 φονεύειν
3249 2473 3326 2544 τῷ
3357 2475 3456 2527 καὶ
3486 2472 3584 2543 τὴν
3626 2471 3767 2543 ὀργήν

2226 2569 2549 2643 ἀνῃρηκότι.
2581 2568 2928 2641 Ποῤῥωτέρω
2968 2569 3077 2639 γὰρ
3109 2560 3265 2631 οῦτος
3295 2566 3502 2635 ἕστηκε
3526 2564 3620 2618 τοῦ
3651 2565 3752 2617 τολ-

2230 2660 2506 2731 μήματος.
2537 2659 2655 2711 Ἵνα
2706 2657 2765 2711 δέ
2801 2659 2896 2712 καὶ
2926 2657 3131 2727 ἑτέρως
3176 2656 3377 2718 αὐτοὺς
3444 2655 3666 2724 ἕλωμεν,
3698 2655 3759 2713 είς

2231 2754 2395 2822 μέσον
2422 2751 2465 2806 ἃ
2491 2752 2743 2820 λέγουσιν
2769 2751 3071 2822 ἀγάγωμεν
3098 2749 3340 2804 ᾶπαντα.
3363 2747 3502 2802 Τίνα
3534 2741 3623 2800 οῦν
3642 2748 3762 2798 ἐστιν

2229 2843 2265 2897 ἃ.
2295 2860 2457 2911 φασιν
2480 2860 2495 2908 ;
2523 2844 2605 2896 ὅτι
2627 2845 2655 2896 6
2677 2840 2768 2895 τὸν
2790 2843 2995 2912 κόσμον
3024 2844 3259 2912 ποιήσας
3291 2839 3450 2905 Θεὸς,
3481 2841 3510 2892 6
3534 2838 3619 2891 τὸν
3638 2836 3762 2906 ἣλιον

2226 2934 2537 2989 ἀνατέλλων
2575 2938 2668 2987 ἐπὶ
2703 2934 2979 3005 πονηροὺς
3051 2934 3146 2986 καὶ
3182 2933 3448 3000 ἀγαθοὺς,
3512 2933 3541 2984 6
3587 2929 3761 3000 βρέχων

2228 3032 2321 3082 ἐπὶ
2360 3031 2606 3092 δικαίους
2637 3030 2734 3082 καὶ
2768 3029 2995 3091 ἀδίκους
3045 3027 3283 3098 πονηρός
3314 3027 3399 3089 τίς
3434 3028 3601 3079 ἐστιν.
3633 3024 3687 3076 Οί
3714 3021 3760 3074 δέ

2232 3123 2635 3193 ἐπιεικέστεροι
2669 3122 2832 3191 δῆθεν
2886 3122 3067 3176 αὐτῶν
3125 3119 3290 3175 τοῦτο
3362 3116 3759 3190 παραιτοῦνται.

2152 3211 2194 3269 C
2230 3219 2454 3271 Δίκαιον
2488 3217 2545 3269 δὲ
2575 3216 2743 3267 αὑτὸν
2798 3213 2944 3269 εἶναι
2972 3214 3226 3283 λέγοντες
3283 3209 3651 3284 ἀποστεροῦσι
3685 3207 3758 3261 τοῦ

2232 3307 2373 3363 εἶναι
2399 3308 2626 3376 ἀγαθόν.
2667 3305 2900 3377 Ἕτερον
2927 3306 2983 3360 δέ
3013 3306 3105 3361 τὸν
3135 3306 3237 3359 οὐκ
3269 3305 3422 3366 ὅντα,
3453 3303 3576 3356 οὔτε
3626 3301 3755 3365 ποιή-

2233 3401 2404 3455 σαντά
2427 3417 2479 3452 τι
2501 3398 2610 3451 τῶν
2644 3398 2815 3451 ὄντων
2844 3397 3060 3469 πατέρα
3079 3397 3287 3450 διδόασι
3317 3396 3396 3467 τῷ
3427 3392 3655 3465 Χριστῷ.
3674 3391 3760 3446 Καὶ

2232 3493 2324 3545 τὸν
2352 3492 2452 3561 μὲν
2478 3492 2578 3544 ούκ
2607 3490 2812 3558 ἀγαθὸν
2868 3490 2928 3545 ἐν
2987 3492 3102 3551 τοῖς
3159 3481 3328 3541 αὐτοῦ
3364 3487 3573 3557 μένειν,
3610 3482 3763 3538 καὶτὰ

2232 3586 2397 3640 αὑτοῦ
2419 3586 2698 3655 διατηρεῖν
2727 3599 2891 3651 φασι·
2945 3581 3035 3637 τὸν
3065 3583 3120 3635 δὲ
3144 3580 3345 3649 ἀγαθὸν
3375 3579 3490 3633 τῶν
3506 3578 3763 3646 ἀλλοτρίων

2232 3678 2509 3750 ἐφίεσθαι,
2573 3678 2668 3731 καὶ
2727 3670 2802 3729 ὦν
2850 3675 2953 3729 οὐκ
2990 3675 3215 3743 ἐγένετο
3252 3671 3607 3743 δημιουργός.
3637 3665 3761 3728 Εἶδες

2233 3772 2329 3824 τοῦ
2355 3770 2604 3823 διαϐόλου
2661 3769 2731 3822 τὰ
2760 3768 2951 3827 τέκνα.
3009 3766 3130 3829 πῶς
3193 3765 3304 3818 ἀπὸ
3335 3764 3438 3835 τῆς
3482 3761 3657 3833 πηγῆς
3689 3757 3762 3812 τοῦ

2234 3860 2446 3931 πατρὸς
2511 3860 2842 3929 φθέγγονται
2898 3855 3312 3927 ἀλλοτριοῦντες
3374 3854 3474 3907 τοῦ
3506 3852 3632 3908 Θεοῦ
3682 3851 3761 3918 τὴν

2233 3954 2596 4026 δημιουργίαν
2617 3968 2634 4019 ;
2658 3952 2754 4004 τοῦ
2790 3951 3037 4005 Ἰωάννου
3074 3949 3307 4019 βοῶντος
3327 3950 3411 4002 ὅτι
3443 3950 3552 4015 Είς
3580 3945 3644 4000 τὰ
3667 3943 3764 3997 Idm

2233 4044 2406 4118 ἦλθε,
2438 4048 2533 4100 καὶ
2575 4046 2636 4099 '0
2667 4046 2895 4113 κόσμος
2923 4044 2999 4097 δι’
3037 4042 3225 4097 αὑτοῦ
3253 4043 3514 4112 ἐγένετο.
3552 4036 3672 4093 Εἶτα
3695 4037 3764 4088 τὸν

2234 4139 2399 4207 νόμον
2433 4136 2778 4202 ἐξετάζοντες
2803 4137 2894 4189 τὸν
2925 4138 2982 4189 ἐν
3011 4135 3078 4204 τῇ
3119 4136 3354 4206 Παλαιᾷ,
3384 4134 3481 4188 τὸν
3512 4130 3764 4187 κελεύοντα

550 3890 609 3946 in
641 3892 758 3946 suis
784 3905 844 3945 se
904 3892 1157 3947 terminis
1216 3893 1522 3959 continere,
1571 3901 1625 3949 et
1679 3909 1802 3963 quae
1857 3909 1953 3947 sua
1977 3901 2127 3958 sunt,

556 3981 695 4037 tueri
727 3981 939 4037 dicunt.
975 3981 1131 4037 llunc
1160 3998 1311 4046 vero,
1345 3986 1438 4055 qui
1472 3985 1648 4039 bonus
1674 3994 1778 4049 est,
1844 3984 2045 4047 aliena,
2077 3994 2134 4039 et

556 4087 679 4141 quae
715 4072 965 4142 ipse-non
999 4072 1148 4139 fecit,
1182 4085 1464 4144 appetere.
1505 4076 1770 4145 Agnoscis
1822 4074 1961 4128 ﬁlios
2012 4075 2133 4130 dia-

559 4161 704 4217 boli?
767 4160 1052 4228 Quomodo
1103 4179 1135 4219 e
1192 4167 1360 4235 patris
1413 4166 1565 4221 fonte
1626 4166 1789 4221 verba
1852 4165 2129 4233 hauriant,

557 4268 679 4323 qua:
703 4254 1020 4324 loquantur,
1053 4224 1478 4310 dum.auferunt
1516 4257 1625 4312 Deo
1660 4258 1846 4311 mundi
1901 4224 2125 4313 fabrica:

2234 4232 2520 4304 ὀφθαλμὸν
2549 4232 2672 4286 ἀντὶ
2706 4230 3015 4299 ὀφθαλμοῦ,
3051 4233 3149 4283 καὶ
3187 4229 3383 4283 ὀδόντα
3432 4230 3556 4284 ἀντὶ
3585 4224 3763 4279 ὀδόντος

558 4344 805 4410 tionem,
860 4360 984 4400 cum
1033 4344 1275 4400 Joannes
1308 4346 1621 4401 exclamet:
1664 4344 1729 4399 In
1777 4351 1993 4416 propria
2052 4365 2110 4403 ve

2234 4327 2553 4390 ἐκϐάλλειν,
2584 4323 3013 4395 ἐπεμϐαίνουσιν
3029 4324 3203 4386 ἀθέως
3224 4324 3479 4390 λέγοντες
3500 4336 3516 4353 ο
3544 4318 3644 4372 Καὶ
3674 4318 3764 4374 πῶς

557 4434 654 4495 nit,
686 4443 763 4501 ct,
800 4433 1032 4489 Mundus
1078 4452 1172 4505 per
1204 4452 1321 4489 eum
1350 4437 1524 4505 factus
1582 4444 1656 4491 est
1694 4438 1736 4490 ί.
1777 4405 1902 4494 dam
1962 4442 2125 4513 legem

2238 4420 2305 4473 ἂν
2341 4418 2559 4472 δύναιτο
2604 4416 2810 4486 ἀγαθὸς
2847 4411 2991 4469 εἶναι
3054 4418 3081 4469 6
3130 4414 3306 4468 ταῦτα
3361 4414 3566 4482 λέγων;
3604 4408 3661 4463 Τί
3688 4405 3762 4459 οὖν

554 4529 875 4582 examinant
912 4538 968 4581 et
995 4503 1313 4597 expendunt
1348 4503 1403 4581 in
1447 4528 1628 4585 Veteri
1661 4503 2125 4602 Testamentovju-

2235 4513 2372 4583 πρὸς
2400 4511 2577 4566 ταῦτά
2603 4528 2822 4582 φαμεν;
2856 4509 2981 4576 Ὅτι
3009 4509 3268 4579 μέγιστον
3324 4506 3462 4569 εἶδος
3490 4503 3763 4576 φιλανθρω-

530 4621 799 4684 ,bentem,
831 4631 891 4676 ut
920 4622 1111 4676 oculus
1141 4637 1239 4690 pro
1261 4622 1440 4688 oculo,
1494 4630 1548 4675 et
1605 4622 1741 4677 dens
1800 4639 1899 4693 pro
1966 4598 2125 4678 dente

2234 4607 2366 4668 πίας
2392 4605 2564 4663 ἐστίν.
2620 4605 2695 4656 Οὐ
2753 4607 2861 4672 γὰρ
2920 4603 3007 4656 ἵνα
3037 4603 3164 4663 τοὺς
3195 4602 3447 4671 ἀλλήλων
3508 4598 3759 4693 κόπτωμξν

555 4712 843 4768 evellatur.
895 4714 1073 4783 Atque
1131 4714 1204 4767 ita
1248 4713 1417 4783 impie
1469 4713 1763 4776 irruentes,
1800 4681 2125 4783 .Quomodo,

2232 4695 2549 4765 ὀφθαλμοὺς
2570 4692 2791 4746 τέθεικε
2818 4692 2910 4745 τὸν
2942 4693 3109 4761 νόμον
3143 4690 3361 4756 τοῦτον,
3391 4688 3506 4744 ἀλλ’
3532 4689 3614 4741 ἶνα
3642 4681 3763 4752 φόδῳ

554 4805 835 4875 inquiunt,
872 4805 1051 4860 bonus
1084 4806 1155 4860 sit
1188 4806 1234 4861 is
1261 4808 1355 4874 qui
1384 4806 1511 4860 talia
1546 4807 1829 4876 preecipit?
1855 4808 1994 4874 Quid
2022 4825 2123 4867 nos

556 4898 625 4952 ad
659 4898 775 4952 hanc
825 4897 1325 4967 respondebimus?
1386 4898 1680 4951 Maximam
1746 4898 1801 4952 id
1859 4899 1952 4955 Dei
2001 4918 2129 4975 erga

558 5003 662 5044 nos
692 4987 1132 5042 benevolentiam
1161 4987 1425 5042 indicare.
1492 4987 1680 5058 Neque
1737 4991 1882 5044 enim
1947 4998 2130 5051 sanxit

559 5080 702 5135 hanc
730 5079 927 5150 legem,
962 5088 1023 5133 ut
1064 5080 1225 5134 nobis
1256 5081 1443 5136 oculos
1472 5080 1707 5135 vicissim
1745 5082 2130 5153 eﬂ’oderemus,

2244 4787 2340 4841 τοῦ
2375 4788 2451 4857 μὴ
2480 4786 2678 4839 παθεῖν
2698 4783 2788 4853 ὑφ’
2814 4785 3019 4855 ἐτέρων
3048 4782 3385 4853 ἀπεχώμεθα
3414 4781 3506 4835 τοῦ
3532 4774 3707 4849 δρᾶσαί
3723 4790 3762 4823 τι

2233 4881 2478 4935 τοιοῦτον
2508 4880 2773 4949 ἑταίροις.
2800 4879 3013 4947 Ὠσπερ
3041 4874 3136 4931 οῦν
3155 4880 3269 4940 τοῖς
3301 4876 3603 4934 Νινευῖταις
3631 4864 3760 4937 ἠπεί-

2236 4974 2368 5044 λησε
2391 4974 2801 5043 καταστροφὴν,
2866 4972 2965 5040 οὐχ
3024 4970 3113 5023 ἶνα
3152 4970 3354 5030 αὐτοὺς
3402 4966 3561 5036 ἀνέλῃ
3583 4959 3759 5033 (sl-{69

2239 5065 2402 5119 τοῦτο
2436 5063 2711 5126 ἐϐούλετο,
2784 5064 2947 5133 σιγᾷν
3014 5064 3229 5134 ἐχρῆν),
3267 5062 3382 5115 ἀλλ’
3420 5062 3508 5115 ἵνα
3546 5057 3619 5125 τῷ
3638 5051 3759 5119 φόῦψ

556 5172 652 5229 sed
698 5173 882 5242 petius
916 5178 1065 5225 utea
1108 5170 1381 5235 deterriti,
1442 5187 1512 5225 ne
1542 5173 2012 5230 committeremus
2076 5146 2125 5229 in

2239 5157 2482 5228 βελτίους
2507 5159 2741 5226 ποιήσας
2784 5157 2971 5226 παύσῃ
3001 5156 3099 5225 τὴν
3136 5157 3311 5225 ὀργήν
3345 5170 3359 5184 °
3394 5153 3535 5206 οὕτω
3562 5150 3644 5202 καὶ
3671 5146 3758 5201 toi;

555 5263 812 5337 alterum,
839 5262 985 5331 quod
1030 5261 1193 5316 nobis
1250 5262 1353 5330 ipsi
1392 5262 1726 5319 timeremus.
1767 5266 2125 5330 Quemadmo-

2241 5252 2554 5323 προχείρως
2609 5252 2919 5320 ἐπιπηδῶσι
2962 5252 3076 5313 τοῖς
3127 5250 3331 5320 ἐτέρων
3389 5244 3671 5316 ὀφθαλμοῖς
3694 5254 3759 5337 τι·

556 5336 687 5411 dum
719 5362 777 5408 et
813 5352 1077 5408 Ninivitis
1102 5354 1469 5409 comminatus
1494 5365 1577 5410 est
1626 5357 1987 5425 eversionem,
2018 5376 2125 5414 non

2241 5349 2454 5421 μωρίαν
2492 5348 2711 5418 ἔθηκεν,
2748 5349 2855 5409 ἵνα,
2891 5346 2997 5399 κᾶν
3027 5347 3140 5401 ἀπὸ
3174 5344 3546 5415 προαιρέσεως
3574 5327 3757 5403 ἀγαθῆἱ

512 5468 515 5471 λ
554 5458 618 5504 ιιι
646 5463 745 5504 eos
789 5447 1139 5503 exscinderet
1192 5455 1249 5502 et
1296 5447 1579 5503 aboleret:
1637 5451 1923 5505 tacendum
1982 5452 2125 5507 enim

2251 5448 2329 5518 μὴ
2354 5445 2677 5516 βούλωνται,
2713 5442 3030 5511 ἀπέχωνται
3054 5441 3156 5506 τῆς
3187 5437 3493 5508 ὠμότητος.

553 5544 750 5608 fuerat.
782 5543 830 5598 si
853 5542 906 5598 id
936 5541 1159 5597 omnino
1186 5543 1398 5599 efﬁcere
1442 5543 1796 5607 decrevisset,
1848 5546 1943 5600 sed
1999 5557 2057 5601 ut
2110 5564 2207 5604 eos
2274 5560 2449 5618 poenae
2510 5541 2803 5596 formidine
2855 5536 3109 5592 meliores
3182 5533 3454 5592 redderet,
3511 5536 3660 5595 atque
3696 5518 3757 5618 ξω

556 5637 718 5703 iram,
746 5652 853 5707 qua
887 5635 942 5690 in
996 5650 1404 5705 eosqaccensus
1435 5645 1572 5704 erat,
1602 5638 1999 5707 exstingueret.
2058 5642 2147 5698 Sic
2181 5650 2238 5699 et
2276 5612 2377 5708 iis,
2430 5637 2522 5708 qui
2572 5642 2817 5707 prompte
2870 5631 2937 5686 ad
3004 5628 3277 5685 eruendos
3332 5624 3557 5681 aliorum
3604 5612 3756 5672 oculos

631 5758 650 5790 ⁸
682 5752 839 5811 Joan.
878 5754 1149 5824 ι,10,11.
