3954 6562
290 351 405 413 325

292 462 564 525 involant,
589 467 919 536 supplicium
972 474 1274 538 praposuit,
1337 486 1392 530 ut
1423 477 1545 543 ejus

289 562 547 609 IEN‘OI'CK.

1270 363 1641 426 PANOPLIA
1682 369 2145 435 DOGMATICA.
2187 403 2253 413 —
2294 380 2439 443 TIT.
2484 385 2590 445 1X.

3433 396 3543 463 326

1604 481 1904 537 acerbitate
1957 500 2075 552 eos,
2127 487 2173 542 si
2214 488 2357 545 bono
2384 494 2553 548 animi
2583 499 2862 567 proposito
2892 517 3002 557 non
3040 516 3410 575 moverentur,
3442 509 3541 566 de-

290 672 421 724 Ἕτι
451 670 602 723 κατὰ
644 671 764 726 τῶν
809 677 1028 741 αὐτῶν,
1080 680 1187 735 τοῦ
1228 682 1402 749 ἁγίου
1454 684 1500 738 Κ
1507 687 1755 752 ιερίλλοι)
1798 685 1842 738 ἐι

368 742 478 777 7n?-
516 743 659 777 orn)”:
705 745 813 777 ολ..
851 748 984 777 an...
1009 749 1101 777 τι..
1142 751 1466 777 ξηροί-.-η
1518 771 1837 777 _-A_,A-__m

1970 684 2102 739 Item
2129 689 2374 777 adversas
2423 696 2644 777 eosdem.
2711 697 2897 753 Sancti
2961 701 3151 773 (ἴξινὶΗί
3183 727 3246 768 ea;
3294 710 3425 771 libro
3466 722 3539 777 ad

368 742 478 794 τοῦ
510 743 659 822 ίτρὸς

365 828 560 865 τικου.

368 928 444 981 Τὸ
476 930 831 987 ἀποστολικδν
858 935 1022 1006 ῥητὸν
1048 937 1107 991 τὸ
1123 939 1279 1007 λέγον
1306 958 1370 993 πε
1382 941 1432 1012 pi
1457 940 1548 996 τοῦ
1577 942 1825 1014 Σωτῆρος
1847 962 1863 980 ο

300 1016 413 1071 Ἐν
456 1021 775 1090 ὁμοιώματι
830 1026 1148 1094 ἀνθρώπου
1201 1037 1547 1102 γενόμενος,
1579 1034 1677 1087 καὶ
1711 1036 1869 1103 σχή-

705 745 1103 810 τὸνβασιλέα
1141 745 1466 808 Θεοδόσιον
1510 745 1870 825 σξροσφωνη·

2268 761 2607 820 Theodosium
2627 761 3230 847 imperatorent'scrtpto.

2035 939 2108 993 Ea
2140 942 2380 1011 Apostoli
2407 947 2568 1002 verba
2597 950 2663 1005 de
2718 950 3005 1012 Servatore
3037 976 3051 1013 :
3102 959 3165 1014 In
3192 963 3537 1028 similitudine

1963 1032 2229 1086 hominum
2266 1036 2461 1105 fartus,
2484 1048 2533 1093 et
2585 1042 2771 1096 habitu
2805 1046 3041 1104 inventus
3073 1069 3130 1105 ut
3177 1057 3328 1111 homo
3361 1061 3400 1129 ¹,
3449 1079 3541 1117 ar-

277 1126 431 1174 ματι
461 1114 727 1181 εὑρεθεὶς
768 1118 848 1183 ὡς
894 1120 1229 1189 ἅνθρωπος,
1269 1125 1708 1195 προϐαλλόμενος
1737 1127 1842 1179 ἔκαε

1964 1120 2167 1191 ripiunt
2198 1126 2456 1191 haeretici,
2492 1138 2550 1183 ut
2582 1137 2927 1191 exsecranda:
2966 1138 3225 1198 doctrinas
3246 1161 3355 1202 suae
3384 1114 3536 1207 inen-

283 1216 419 1264 στος
449 1208 559 1258 τῶν
579 1208 875 1278 αἱρετικῶν
897 1212 1008 1265 τῶν
1040 1214 1315 1286 βδελυρῶν
1356 1217 1647 1287 δογμάτων
1686 1237 1861 1274 κατα-

281 1297 552 1360 σκευάζει
574 1301 634 1353 τὸ
672 1303 888 1370 ψεῦδος.
926 1306 1145 1377 Ἄρειος
1170 1310 1290 1377 μὲν,
1317 1310 1409 1363 καὶ
1443 1310 1734 1381 Εὐνόμιος,
1769 1312 1861 1366 καὶ

292 1388 728 1461 Ἀπολλινάριος,
766 1398 856 1448 καὶ
895 1396 955 1449 τὸ
1001 1400 1272 1467 ὁμοίωμα,
1308 1402 1401 1453 καὶ
1449 1402 1509 1453 τὸ
1537 1403 1723 1472 σχῆμα
1764 1403 1858 1455 τοῦ

276 1482 579 1551 ἀνθρώπου
624 1486 684 1537 τὸ
742 1490 1072 1557 φαινόμενον
1137 1495 1237 1561 τῆς
1286 1495 1569 1563 ἡμετέρας
1639 1494 1860 1563 φύσεως

280 1574 454 1642 μόνον
509 1579 797 1647 σημαίνειν
861 1582 1272 1653 διαγορεύοντες
1303 1602 1316 1616 ο
1368 1589 1416 1640 οἱ
1476 1587 1533 1639 δὲ
1569 1588 1670 1658 τῆς
1747 1588 1856 1641 τῶν

274 1669 526 1722 Δοκιτῶν
579 1671 858 1741 φάλαγγος
908 1675 1009 1745 (8),
1070 1677 1164 1731 καὶ
1213 1678 1274 1731 τὸ
1327 1680 1604 1750 ὁμοίωμα,
1652 1679 1748 1734 καὶ
1793 1679 1855 1735 τὸ

274 1761 473 1830 σχῆμα
501 1766 581 1826 εἰς
612 1766 772 1818 σκιάν
804 1782 947 1831 τινα,
983 1770 1075 1822 καὶ
1100 1770 1376 1836 εξκασίαν,
1422 1774 1513 1825 καὶ
1545 1771 1852 1839 φαντασίαν

276 1850 504 1922 σώματι
570 1857 813 1910 ἐοικυῖαν
880 1857 1272 1924 λαμϐάνοντες.
1312 1862 1420 1914 Καὶ
1492 1862 1611 1930 μεθ’
1665 1864 1849 1934 ἕτεραο

286 1940 489 2012 Ἡμεῖς
522 1946 577 1998 δὲ
608 1947 671 2000 τὸ
696 1950 754 2000 ὲν
785 1948 1095 2021 ὁμοιώματι
1122 1952 1413 2022 ἀνθρώπου
1450 1954 1727 2023 γενέσθαι,
1757 1960 1849 2010 καὶ

1961 1210 2114 1266 dacia
2144 1223 2398 1271 tueantur
2430 1228 2594 1288 atque
2627 1223 2979 1282 confirment.
3028 1227 3164 1284 Nam
3194 1234 3360 1289 Arius
3413 1239 3536 1307 qui-

1959 1300 2108 1367 dem,
2141 1314 2195 1359 et
2217 1304 2538 1372 Eunomius,
2606 1320 2659 1366 et
2690 1313 3059 1383 Apollinarius
3125 1300 3536 1383 similitudinem

1959 1400 2014 1446 et
2039 1393 2282 1450 habitum
2323 1399 2402 1454 sic
2429 1402 2730 1471 accipiunt,
2763 1413 2825 1459 ut
2889 1417 3099 1464 naturae
3148 1421 3355 1468 nostra:
3410 1432 3536 1487 spe-

1957 1491 2094 1543 ciem
2145 1491 2409 1549 duntaxat
2458 1500 2746 1566 quamdam
2785 1502 3110 1572 significent.
3143 1506 3386 1578 Reliquae
3439 1528 3536 1567 au-

1958 1589 2064 1634 tem
2130 1584 2515 1642 haereticorum
2559 1592 2733 1661 copiae
2774 1609 2873 1664 per
2918 1596 3329 1655 similitudinem
3360 1611 3413 1658 et
3434 1603 3533 1659 ha-

1952 1673 2405 1732 bitumumbram
2432 1680 2746 1751 quamdam,
2810 1694 2869 1740 et
2933 1688 3249 1760 imaginem,
3297 1702 3354 1749 et
3412 1692 3532 1751 for—

1951 1781 2093 1820 mam
2121 1770 2336 1839 corpori
2365 1772 2595 1828 similem
2628 1774 3083 1847 interpretantur.
3115 1784 3182 1840 Et
3236 1797 3358 1857 post
3379 1789 3483 1844 alia
3512 1804 3530 1846 :

1949 1857 2058 1913 Nos
2082 1870 2264 1915 autem
2296 1863 2349 1916 in
2379 1864 2736 1922 similitudine
2771 1869 3006 1927 hominis
3039 1873 3266 1941 factum,
3303 1888 3360 1933 et
3424 1880 3528 1935 ha-

1948 1948 2063 2005 bitu
2108 1951 2388 2008 inventum
2422 1955 2538 2012 sive
2585 1958 2859 2029 cognitum
2901 1972 2962 2016 ut
3000 1963 3298 2033 hominem,
3333 1968 3414 2025 sic
3446 1972 3531 2026 in-

272 2037 525 2105 σχήματι
554 2040 865 2111 εὑρεθῆναι,
896 2043 1014 2111 ἤτοι
1045 2046 1415 2116 γνωρισθῆναι
1446 2047 1519 2108 ὡς
1542 2047 1842 2118 ἄνθρωπον¹

1958 2037 2272 2108 telligimus,
2322 2053 2381 2098 ut
2430 2054 2680 2101 naturam
2746 2059 2990 2105 nostram
3049 2059 3423 2127 assumpserit,
3471 2070 3530 2117 et

267 2127 424 2181 οὕτω
462 2131 747 2201 νοήσωμεν
774 2145 789 2161 ⁸
831 2134 914 2186 ὅτι
963 2136 1063 2203 τὴν
1100 2137 1379 2206 ἡμετέραν
1411 2136 1574 2205 φύσιν
1611 2138 1853 2208 προσλα-

271 2222 410 2288 ὗὼν,
449 2226 541 2277 καὶ
572 2227 685 2290 tuo;
740 2229 877 2298 ἡμῖν
930 2224 1019 2299 ἦν,
1068 2231 1163 2283 καὶ
1207 2231 1425 2301 ὅμοιος·
1477 2234 1589 2296 ῐσος
1623 2236 1744 2305 μὲν,
1774 2235 1850 2301 ὡς

274 2319 501 2389 μορφὴν
552 2320 741 2374 δούλου
812 2318 1015 2384 λαϐὼν,
1057 2322 1227 2392 ἦγουν
1296 2324 1460 2394 φύσιν
1512 2326 1843 2397 ἀνθρώπουο

270 2415 465 2482 ὅμοιος
521 2413 598 2475 δὲ,
638 2414 715 2477 ὡς
763 2415 882 2486 δίχα
940 2419 1277 2487 σπέρματος.
1335 2420 1408 2472 To
1465 2421 1564 2490 μὲν
1624 2422 1734 2492 γὰρ
1784 2424 1849 2475 ὲκ

270 2504 537 2573 γυναικὸς
590 2506 953 2578 ἀνθρώπινον,
1012 2511 1072 2563 τὸ
1121 2511 1178 2564 δὲ
1237 2514 1300 2564 ἐκ
1356 2513 1632 2583 παρθένου
1703 2513 1847 2584 ὑπὲρ

268 2597 585 2667 ἄνθρωπον.
648 2599 739 2651 Ἐν
799 2601 1107 2670 ὁμοιώματι
1162 2603 1260 2672 μὲν
1319 2598 1414 2656 οὖν
1465 2601 1608 2669 εἷπε,
1644 2603 1731 2657 διὰ
1784 2604 1846 2657 τὸ

265 2690 443 2742 τᾶλλα
492 2689 593 2758 μὲν
649 2691 761 2744 ἴσον
814 2694 946 2761 ἡμῖν
991 2688 1132 2745 εἶναι
1190 2696 1332 2748 κατὰ
1380 2695 1480 2767 τὴν
1522 2696 1707 2765 φύσιν,
1744 2698 1845 2751 οὐκ

266 2782 467 2851 ἓχειδὲ
512 2784 574 2835 τὸ
626 2786 690 2837 ἐκ
737 2789 1051 2857 σπέρματος
1096 2789 1444 2844 συνεστάναι.
1484 2790 1557 2843 Τὸ
1606 2792 1737 2844 αὐτὸ
1786 2792 1843 2845 δὲ

263 2875 423 2944 δηλοῖ
470 2876 563 2929 καὶ
625 2877 684 2928 τὸ
744 2878 1009 2947 Σχήματι
1057 2862 1342 2947 ἐὑρεθεὶς
1387 2882 1468 2948 ὡς
1510 2881 1842 2950 ἄνθρωπος.

264 2968 469 3038 Σχῆμα
502 2986 606 3037 γ.;ρ
635 2971 797 3023 πάλιν
823 2970 968 3040 εἶπε,
996 2973 1132 3027 διότι
1166 2976 1214 3027 εὶ
1266 2976 1360 3028 καὶ
1398 2975 1458 3028 τὸ
1498 2975 1843 3046 ἀνθρώπινον

265 3056 417 3135 εἶδος
444 3056 576 3131 εἶχε,
603 3064 696 3115 καὶ
723 3065 940 3135 ἀληθῶς
980 3066 1111 3120 αὐτὸ
1141 3067 1554 3139 περιεϐέϐλητο,
1591 3068 1707 3123 ἀλλ’
1749 3065 1843 3123 οὖν

265 3154 437 3209 πλέον
471 3153 616 3225 εἶχεν
666 3158 956 3229 ἀνθρώπου
1004 3161 1080 3231 τῷ
1134 3162 1208 3231 μὴ
1259 3162 1414 3231 ψιλὸν
1468 3163 1628 3216 αὐτὸν
1676 3159 1839 3230 εἶναι,

265 3250 391 3303 ἀλλ’
426 3253 707 3323 ἡνωμένον
737 3252 971 3312 θεότητι.
1002 3253 1138 3310 Ειδὲ
1172 3257 1310 3310 κατά
1338 3258 1639 3325 φαντασίαν
1683 3258 1835 3310 ἐνανο

263 3340 561 3412 θρωπῆσαι
613 3344 705 3396 τὸν
728 3344 955 3414 Σωτῆρα
1004 3346 1483 3420 δεξόμεθα,μὰτην
1525 3351 1573 3402 οἱ
1616 3349 1845 3402 ἀπόστο-
1873 3365 1914 3423 c

266 3435 379 3499 λοι,
413 3436 592 3503 μάτην
611 3436 672 3485 τὸ
713 3436 998 3505 κήρυγμα,
1033 3438 1126 3491 καὶ
1151 3440 1428 3510 συντόμως
1464 3442 1640 3495 εἰπεῖν
1667 3442 1723 3494 οἵ
1754 3458 1845 3512 χε·-

262 3543 361 3580 τειι
398 3528 567 3580 πᾶσιν
597 3528 631 3598 ἡ
665 3532 935 3600 σωτηρίας
978 3530 1154 3594 ἐλπίς.

797 3777 1147 3846 Κεφάλαιον
1192 3777 1304 3834 κϐ.

411 3847 544 3900 Ἔτι
576 3845 726 3900 κατὰ
754 3845 1117 3913 τῶναύτῶν,
1152 3851 1256 3905 τοῦ
1286 3855 1710 3922 Δαμασκηνοῦ.

340 3936 467 3994 Ὀτι
504 3941 565 3993 οὐ
601 3940 698 3993 δύο
728 3942 912 4012 ἀρχαὶ,
951 3942 1054 4011 μία
1087 3943 1288 4015 ἀγαθὴ,
1327 3945 1421 3998 καὶ
1461 3948 1561 4017 μία
1601 3951 1835 4023 πονηρὰ,

262 4030 523 4085 ἐντεῦθεν
557 4031 835 4100 εἰσόμεθα.
886 4033 1131 4087 Ἐναντία
1165 4036 1302 4090 εῑσὶν
1333 4036 1583 4108 ἀλλήλοις
1612 4042 1673 4094 τὸ
1702 4044 1839 4110 ἀγα-

266 4124 386 4186 θὸν,
418 4123 598 4177 καὶτὸ
633 4127 888 4195 πονηρὸν,
920 4128 1015 4179 καὶ
1047 4126 1289 4200 ἀλλήλων
1330 4129 1625 4200 φθαρτικὰ,
1655 4136 1749 4187 καὶ
1778 4137 1835 4190 ὲν

259 4214 541 4283 ἀλλήλοις,
572 4216 727 4285 ἢσὺν
755 4215 1003 4286 ἀλλήλοις
1030 4218 1127 4289 οὐχ
1161 4219 1519 4290 ὑφιστάμενα,
1560 4224 1648 4279 Ἐν
1677 4226 1834 4299 μέρει

260 4304 362 4361 οὖν
389 4310 593 4362 τούτων
630 4307 859 4362 ἕκαστον
888 4310 1042 4364 ἔσται
1084 4310 1177 4364 τοῦ
1216 4314 1433 4377 παντός.
1473 4317 1583 4369 Καὶ
1616 4319 1832 4387 πρῶτον

263 4400 369 4468 μὲν
414 4403 918 4472 περιγραφῄσονται
959 4403 1057 4473 οὐχ
1105 4402 1212 4456 ὑπὸ
1254 4405 1348 4457 τοῦ
1399 4407 1601 4472 παντὸς
1650 4411 1831 4479 μόνον,

259 4493 403 4546 ἀλλὰ
440 4494 535 4546 καὶ
577 4494 682 4547 ὑπὸ
720 4495 924 4566 μέρους
955 4497 1049 4548 τοῦ
1085 4497 1285 4560 παντὸς
1318 4500 1526 4554 τούτων
1563 4502 1791 4557 ἕκαστον
1813 4518 1829 4536 ·

257 5044 313 5097 δ’-
356 5044 541 5115 ἕτερος
586 5047 616 5099 ὁ
660 5044 866 5099 τούτων
909 5047 1125 5119 ἑκάστῳ
1165 5050 1264 5121 τὴν
1307 5054 1518 5111 οἰκείαν
1555 5057 1824 5128 ἀφορίσας

252 5136 562 5207 διατριϐὴν,
611 5137 814 5200 ἐκεῖνος
861 5139 1063 5207 μᾶλλον
1100 5142 1249 5197 ἔσται
1291 5144 1439 5209 θεός.
1490 5147 1727 5221 Ἀνάγκη
1767 5150 1823 5204 δὲ

252 5232 351 5285 καὶ
368 5230 513 5283 δυοῖν
540 5230 786 5300 θάτερον,
811 5231 842 5300 ἢ
895 5232 1183 5315 ᾶτξτεσθαι.
1217 5238 1308 5291 καὶ
1332 5239 1575 5308 φθείρειν
1596 5240 1819 5312 ἄλληλα,

252 5322 288 5388 ἢ
320 5316 460 5373 εἶναι
490 5338 544 5373 τι
577 5322 768 5391 μέσον,
797 5324 855 5376 ὲν
887 5318 930 5391 ᾧ
962 5326 1083 5378 οὐδὲ
1116 5327 1178 5379 τὸ
1216 5328 1405 5393 κακον,
1438 5330 1559 5383 οὐδὲ
1593 5334 1653 5385 τὸ
1683 5335 1824 5403 ἀγα-

252 5412 349 5466 θόν
374 5412 548 5481 ἔσται,
575 5414 765 5484 ὥσπερ
802 5433 854 5469 τι
881 5416 1204 5490 διάφραγμα
1233 5419 1468 5492 διεῖργον
1494 5423 1552 5491 ἐξ
1575 5424 1822 5497 ἀλλήλων

331 5530 348 5561 ι
380 5527 615 5601 Philipp.
661 5545 719 5598 u,
745 5534 798 5587 7.

330 5643 411 5721 (_8)
441 5645 520 5700 Ad
543 5646 732 5721 verba,
764 5648 825 5721 Ol
865 5645 921 5700 δὲ
963 5644 1064 5721 τῇς
1091 5646 1199 5721 τῷν
1247 5646 1816 5721 Δοκιτῷνᾉφάλαγγος,

1950 2130 2172 2197 aequalis
2202 2133 2362 2189 nobis
2384 2150 2447 2190 ac
2474 2136 2669 2195 similis
2703 2139 2888 2198 fuerit.
2924 2143 3195 2215 Equaiis,
3227 2150 3351 2219 quia
3378 2152 3525 2209 servi

1950 2218 2204 2289 formam,
2238 2239 2334 2280 seu
2359 2238 2611 2284 naturam
2642 2232 2939 2290 humanam
2993 2240 3230 2309 accepit.
3292 2240 3520 2312 Similis,

1950 2312 2075 2380 quia
2108 2314 2228 2368 sine
2257 2318 2485 2375 semine.
2513 2319 2646 2377 Nam
2681 2325 2824 2392 quod
2859 2341 2927 2381 ex
2974 2329 3203 2386 muliere
3238 2341 3400 2391 natus
3429 2336 3523 2404 sit,

1952 2403 2249 2461 humanum
2279 2408 2332 2462 id
2362 2418 2464 2464 est.
2490 2410 2647 2478 Quod
2677 2425 2860 2471 autem
2895 2432 2962 2474 ex
2994 2420 3226 2492 virgine.
3284 2424 3338 2479 id
3392 2403 3527 2485 vero

1948 2496 2187 2553 humana
2241 2502 2559 2559 conditione
2615 2510 2989 2577 praestantius.
3046 2511 3105 2568 In
3165 2515 3526 2575 similitudine

1948 2589 2110 2658 igitur
2142 2590 2298 2655 dixit,
2325 2595 2587 2663 quoniam
2623 2613 2745 2653 cum
2793 2600 2847 2653 in
2878 2602 3105 2672 reliquis
3127 2621 3225 2674 par
3247 2618 3394 2663 esset
3422 2624 3527 2665 no-

1947 2681 2031 2736 bis
2072 2691 2126 2737 et
2150 2685 2392 2753 aequalis,
2422 2696 2685 2756 quantum
2746 2691 2813 2746 ad
2841 2701 3092 2748 naturam
3124 2698 3383 2764 pertinet,
3410 2714 3523 2754 non

1947 2782 2130 2829 tamen
2158 2792 2223 2831 ex
2263 2779 2471 2834 semine
2525 2792 2832 2852 conceptus
2880 2794 2987 2839 est.
3051 2786 3310 2859 Idemque
3339 2791 3523 2848 verbis

1946 2865 2052 2921 illis
2078 2867 2436 2936 signiﬁcatur,
2471 2872 2543 2927 Et
2574 2874 2777 2939 habitu,
2812 2890 2905 2931 seu
2940 2876 3131 2948 ﬁgura,
3178 2881 3421 2935 inventus
3463 2892 3527 2936 ut

1943 2953 2116 3008 homo.
2152 2955 2401 3026 Figuram
2460 2960 2605 3014 enim
2654 2962 2810 3029 dixit,
2872 2966 2998 3034 quia
3056 2966 3180 3022 licet
3222 2969 3519 3026 humanam

1945 3044 2207 3112 speciem,
2233 3057 2289 3101 et
2330 3058 2577 3103 naturam
2619 3052 2869 3117 haberet,
2929 3070 3165 3120 vereque
3213 3057 3371 3113 illam
3430 3060 3519 3115 in-

1942 3128 2173 3197 duisset,
2208 3132 2431 3190 homine
2462 3145 2646 3193 tamen
2704 3139 2942 3198 habebat
2997 3145 3207 3215 aliquid
3238 3148 3517 3205 excellen-

1946 3226 2069 3289 tius,
2106 3225 2233 3295 quia
2264 3242 2373 3282 non
2411 3244 2583 3298 purus
2612 3241 2728 3287 erat
2778 3245 2834 3288 et
2895 3235 3124 3306 simplex
3185 3237 3369 3304 homo,
3417 3240 3517 3296 sed

1948 3333 2071 3374 cum
2107 3320 2389 3375 divinitate
2418 3323 2765 3393 conjunctus.
2790 3325 2945 3391 Quod
2985 3329 3029 3383 si
3065 3330 3248 3399 specie
3272 3339 3511 3397 tantum,

1946 3420 2003 3465 et
2034 3410 2267 3482 imagine
2310 3413 2568 3481 quadam,
2624 3428 2689 3469 ac
2754 3416 3103 3472 simulatione
3164 3419 3514 3473 Servatorem

1942 3504 2182 3560 hominis
2208 3506 2572 3576 assumpsisse
2604 3516 2855 3562 naturam
2903 3509 3266 3575 admittimus,
3327 3509 3512 3565 inanis

1944 3582 2063 3649 fuit.
2081 3596 2236 3652 labor
2263 3599 2657 3667 apostolorum,
2708 3599 2890 3655 inanis
2927 3610 3011 3656 est
3056 3600 3333 3674 Evangelii
3382 3616 3513 3674 pro-

1942 3684 2226 3758 mulgatio,
2256 3686 2433 3744 inanis
2459 3689 2697 3761 denique
2743 3689 2936 3745 salutis
2976 3706 3123 3762 spes.

2149 3818 2283 3875 Item
2315 3832 2495 3878 contra
2530 3826 2756 3882 eosdem.
2786 3826 3098 3886 Damascem'
3148 3832 3234 3888 29.

2015 3976 2134 4033 Duo
2175 3994 2283 4033 non
2309 3994 2427 4035 esse
2453 3981 2739 4053 principia,
2767 4001 2934 4042 unum
2951 3989 3173 4059 bonum,
3203 4004 3257 4050 et
3277 3996 3504 4057 alterum

1938 4069 2164 4135 malum,
2192 4071 2273 4127 sic
2306 4072 2687 4144 intelligemus.
2730 4077 2938 4134 Bonum
2996 4094 3051 4139 et
3120 4089 3318 4144 malum
3372 4107 3506 4150 con-

1940 4163 2102 4217 traria
2136 4173 2286 4229 sunt,
2335 4180 2503 4235 seque
2531 4168 2771 4224 vicissim
2816 4173 3162 4243 interimunt,
3189 4189 3245 4235 et
3314 4198 3504 4241 eorum

1936 4263 2229 4324 utrumque
2264 4270 2366 4311 nec
2397 4257 2453 4311 in
2502 4259 2696 4324 altero,
2749 4278 2852 4318 nec
2910 4281 3034 4321 cum
3092 4270 3264 4327 altero
3324 4287 3507 4345 patest

1936 4344 2258 4401 consistere.
2309 4345 2610 4416 Separatim
2644 4350 2807 4421 igitur
2835 4365 3015 4418 erunt.
3058 4358 3110 4412 in
3149 4361 3263 4429 ipsa
3319 4344 3500 4423 rerum

1937 4434 2313 4502 universitate,
2351 4446 2403 4491 et
2447 4439 2685 4508 primum
2735 4442 2807 4498 ita
2862 4446 3399 4521 circumscribentur,
3444 4469 3505 4516 ut

1934 4540 2043 4579 non
2085 4527 2257 4579 solum
2291 4526 2344 4580 in
2390 4530 2594 4585 mundo
2622 4532 2748 4597 sint,
2780 4534 2877 4590 sed
2904 4553 3070 4593 unum
3094 4542 3150 4595 in
3178 4558 3284 4599 una
3312 4550 3501 4604 mundi

1926 4979 2174 5050 junctum
2218 4992 2392 5041 esset:
2430 4999 2533 5040 nec
2582 4986 2787 5041 bonum
2819 4998 2964 5044 esset
3022 4990 3247 5060 bonum,
3303 4997 3349 5052 si
3417 4999 3491 5055 illi

1927 5088 2052 5129 cum
2100 5074 2242 5129 malo
2297 5076 2634 5131 conveniret.
2697 5075 2792 5132 Sin
2857 5082 3049 5136 tertius
3088 5084 3285 5155 aliquis
3334 5105 3492 5146 suum

1930 5165 2146 5235 utrique
2202 5166 2540 5222 domicilium
2596 5168 2931 5237 praelinivit,
2994 5173 3081 5228 ille
3136 5180 3315 5246 potius
3390 5183 3494 5238 erit

1926 5258 2087 5313 Deus.
2189 5259 2526 5314 Alterutrum
2611 5270 2792 5315 autem
2881 5272 2966 5317 est
3069 5270 3488 5337 necessarium,

1924 5356 1983 5401 ut
2037 5348 2120 5402 vel
2181 5363 2238 5402 se
2275 5349 2594 5421 contingant
2650 5363 2946 5423 mutuoque
2988 5356 3346 5425 interimant,
3407 5362 3492 5416 vel

1923 5436 2070 5492 inter
2132 5454 2197 5494 ea
2254 5440 2326 5495 sit
2385 5441 2616 5512 aliquod
2656 5445 2922 5513 medium,
2962 5446 3017 5501 in
3061 5462 3170 5517 quo
3231 5465 3335 5508 nec
3388 5451 3494 5508 bo-

1921 5660 2169 5733 λὲγοντες
2204 5661 2304 5731 τὴν
2349 5661 2500 5716 θείαν
2530 5663 2950 5733 ὲνανθρώπησιν
2976 5682 2990 5699 °
3038 5668 3214 5724 ὁποῖοι
3248 5671 3355 5726 εἰσι
3394 5675 3489 5730 καὶ

250 5716 453 5783 legitur
495 5717 760 5769 schoiium
808 5718 861 5771 in
916 5717 1101 5771 codice
1151 5716 1558 5784 Mosquensil':
1591 5716 1813 5775 Δωιῖται

251 5788 345 5821 νηι
366 5786 540 5821 4......
552 5788 765 5821 ,πηκηηι
818 5787 864 5821 ην
882 5786 1097 5821 anna...
1120 5788 1208 5821 ιη’.
1230 5790 1494 5821 mnu.-.“
1520 5795 1796 5821 .....-.....-.

1951 5734 1969 5821 il
1994 5716 2271 5802 ἶινινωτέρω⁸
2293 5735 2351 5787 ὲν
2374 5733 2518 5804 ἀρχῇ
2540 5716 2634 5787 τοῦ
2673 5716 2943 5805 ήτὶαρϐνέσξ

251 5786 791 5857 καὶῡαντασιασταὶ,
818 5787 866 5841 οι
882 5786 1101 5857 δοκήσει
1120 5788 1212 5841 καὶ
1230 5790 1497 5857 φαντασία
1520 5795 1802 5861 γεγονέναι
1912 5800 2117 5864 θέντες.
