3838 6550
470 338 575 405 3'27

1712 324 2096 385 EUTIIYMII
2136 321 2501 383 ZIGABENI
2618 384 2619 387 η
3586 332 3666 398 33.8

473 466 606 508 num
672 462 773 502 nec
813 443 1009 499 malum
1056 447 1448 502 commoretur,
1498 437 1751 507 quodque
1790 447 2047 506 tanquam

2171 434 2460 504 ὶμφότερα.
2501 432 2611 486 Καὶ
2644 429 2742 485 οὐκ
2772 430 2851 486 ἐτι
2885 430 2998 495 δύο,
3034 429 3171 485 ἀλλὰ
3198 435 3341 500 τρεῖς
3373 437 3523 508 ἀρχαὶ
3549 444 3667 500 ἐστιν.

472 552 684 612 septum
729 548 957 603 utraque
1049 532 1298 602 sejungat
1365 538 1421 583 et
1480 528 1723 585 dirimat.
1804 528 1871 582 Et
1944 528 2050 582 hoc

471 633 689 704 quidem
748 638 905 699 pacto
982 639 1088 681 n0n
1146 623 1257 677 duo
1304 629 1488 686 erunt,
1532 622 1628 677 scd
1689 620 1789 676 tria
1850 620 2051 690 princi-

471 727 583 795 pia.
637 722 901 776 Praeterea
959 732 1183 772 necesse
1233 724 1315 771 est
1365 723 1424 770 ut
1464 714 1549 769 vel
1581 715 1637 768 in
1666 729 1800 785 pace
1829 714 2049 785 degant,

470 814 613 885 quod
647 813 845 867 malum
868 826 975 864 non
1005 818 1210 873 potest:
1231 808 1372 876 quod
1389 806 1531 861 enim
1554 806 1604 859 in
1624 821 1751 874 pace
1768 805 1926 875 degit,
1947 819 2052 858 non

469 918 556 967 est
603 905 801 959 malum
839 902 965 967 ;ve|
1020 909 1285 971 pugnent,
1341 899 1485 971 quod
1544 901 1733 968 nequit
1795 897 1996 952 bonum
2037 912 2051 949 :

474 1000 620 1074 quod
661 997 807 1055 enim
879 994 1078 1053 bellum
1139 994 1316 1063 gerit,
1382 988 1621 1060 perfecte
1686 988 1888 1043 bonum
1944 1002 2052 1043 non

472 1100 610 1158 est;
661 1089 745 1144 vel
794 1086 991 1140 malum
1039 1085 1258 1153 quidem
1313 1090 1556 1150 pugnet,
1616 1081 1818 1135 bonum
1873 1092 2053 1134 autem

473 1198 582 1237 non
604 1188 866 1250 repugnet
889 1195 902 1230 :
932 1192 1035 1247 qua
1060 1192 1191 1232 sane
1214 1175 1421 1229 ratione
1438 1174 1641 1228 bonum
1671 1188 1701 1225 a
1729 1173 1871 1226 malo
1904 1170 2057 1225 dele-

472 1285 622 1330 retur
654 1282 744 1326 aut
760 1279 907 1325 certe
935 1275 1221 1323 vexaretur
1246 1273 1299 1319 et
1364 1262 1805 1325 discruciaretur,
1834 1260 1980 1329 quod
2028 1273 2055 1311 a

475 1366 619 1425 bono
635 1364 872 1418 alienum
914 1371 1026 1415 est.
1056 1359 1231 1414 Unum
1253 1372 1382 1425 ergo
1417 1354 1741 1425 principium
1764 1360 1870 1416 est,
1897 1353 2057 1422 idque

474 1457 680 1513 bonum
735 1463 790 1510 et
847 1453 914 1507 ab
942 1451 1089 1507 omni
1142 1449 1348 1504 malitia
1417 1445 1863 1500 remotissimum.
1901 1443 2056 1510 Quod

475 1548 519 1603 si
581 1547 783 1605 dixeris
812 1545 968 1601 Unde
1000 1543 1163 1617 igitur
1190 1540 1419 1595 malum?
1449 1555 1477 1594 a
1518 1538 1660 1593 bono
1689 1536 1833 1592 enim
1874 1545 2057 1605 ortum

477 1639 681 1697 habere
713 1653 821 1691 non
874 1644 1055 1706 potest
1082 1650 1097 1699 ;
1120 1633 1532 1702 respondemus,
1551 1627 1895 1685 tnalumniltil
1913 1626 2059 1682 aliud

476 1745 601 1789 csse
633 1730 735 1784 nisi
772 1729 1129 1799 privationem
1162 1726 1309 1790 boni,
1341 1735 1389 1777 et
1414 1724 1889 1781 commutationem
1910 1736 2059 1783 exeo

2152 542 2260 579 ται.
2305 524 2545 594 Ἀνάγκη
2572 523 2629 576 δὲ
2653 524 2855 578 τούτων
2880 522 2937 575 τὸ
2964 520 3148 590 ἕτερον
3180 524 3211 594 ἢ
3237 527 3540 596 εἰρηνεύειν,
3559 535 3667 609 ius?

2153 615 2213 668 τὸ
2245 614 2414 669 κακὸν
2452 614 2513 667 οὐ
2552 613 2798 675 δύναται,
2834 612 2893 665 τὸ
2929 613 3037 683 γὰρ
3074 614 3348 682 είρηνεῦον
3373 618 3428 669 οὐ
3458 623 3667 696 mxima

2157 707 2447 779 μάχεσθαι,
2508 708 2643 777 ὅπερ
2692 708 2754 759 τὸ
2811 706 3012 775 ἀγαθὸν
3072 708 3129 759 οὐ
3186 706 3430 763 δύναταιο
3482 714 3536 765 τὸ
3585 721 3669 789 γὰρ

2158 800 2465 868 μαχόμενον
2495 800 2554 852 οὐ
2598 798 2795 860 τελέως
2848 798 3051 865 ἀγαθόν
3078 813 3094 831 ο
3124 798 3154 868 ἢ
3185 800 3242 850 τὸ
3276 801 3368 869 μὲν
3411 806 3560 859 κακὸν
3592 813 3670 877 μά-

2155 892 2369 963 χεσθαι,
2399 893 2457 945 τὸ
2487 892 2542 944 δὲ
2581 891 2784 959 ἀγαθον
2812 892 2886 960 μὴ
2919 892 3327 959 ἀντιμάχεσθαι,
3355 895 3460 945 ἀλλ’
3489 898 3578 952 ὑπὸ
3599 904 3669 955 τοῦ

2157 981 2328 1037 κακοῦ
2380 982 2732 1051 φθείρεσθαι,
2786 983 2817 1052 ἢ
2877 982 2964 1034 ἀεὶ
3010 980 3329 1046 λυπεῖσθαι,
3379 986 3467 1036 καὶ
3512 1004 3671 1043 κακον.

2157 1074 2390 1144 χεῖσθαι,
2423 1074 2560 1145 ὅπερ
2590 1074 2650 1127 οὐ
2681 1073 2775 1127 τοῦ
2810 1072 3017 1141 ἀγαθοῦ
3047 1074 3354 1142 γνώρισμα.
3401 1077 3507 1131 Μία
3531 1081 3671 1138 τοίνυν

2157 1167 2298 1236 ἀρχὴ
2327 1166 2504 1236 ἀγαθὴ
2529 1167 2707 1235 πάσης
2727 1165 2922 1228 κακίας
2956 1165 3365 1237 ἀπηλλαγμένη.
3396 1169 3520 1223 Ἀλλ’
3543 1175 3671 1227 εἰτοῦ

2157 1261 2217 1313 τό
2275 1276 2428 1326 φασι,
2483 1258 2650 1311 Πόθεν
2692 1258 2749 1310 τὸ
2782 1259 2990 1321 κακον;
3049 1259 3328 1330 ἀμήχανον
3364 1262 3464 1331 γὰρ
3515 1265 3570 1318 ὲκ
3599 1269 3672 1320 τοῦ

2158 1348 2364 1416 ἀγαθοῦ
2391 1348 2450 1401 τὸ
2475 1349 2639 1401 κακὸν
2658 1348 2801 1417 ἔχειν
2830 1347 2927 1421 τὴν
2960 1350 3175 1411 γένεσιν
3202 1367 3213 1380 ·
3245 1350 3417 1419 φαμὲν
3436 1349 3520 1405 οὖν
3541 1356 3608 1407 ὅτι
3629 1361 3674 1409 τὸ

2160 1443 2327 1495 κακὸν
2359 1442 2510 1494 οὐδὲν
2532 1441 2718 1512 ἕτερον
2748 1444 2893 1494 ἐστιν
2922 1443 2968 1494 εί
2994 1442 3067 1513 μὴ
3101 1442 3195 1494 τοῦ
3224 1444 3421 1511 ἀγαθοῦ
3447 1447 3672 1518 στέρησις,

2163 1536 2255 1585 καὶ
2300 1535 2364 1586 ὲκ
2398 1532 2489 1585 τοῦ
2542 1533 2682 1585 κατά
2730 1534 2891 1602 φύσιν
2935 1533 3015 1596 ἐίς
3050 1537 3109 1587 τὸ
3155 1536 3301 1603 παρά
3342 1536 3494 1605 φύσιν
3532 1556 3674 1609 παρι-

2161 1622 2362 1693 τροπή,
2405 1623 2568 1674 Οὖὸὲν
2613 1624 2717 1692 γὰρ
2767 1624 2935 1677 κακὸν
2978 1624 3120 1677 κατὰ
3157 1626 3352 1692 φύσιν·
3400 1628 3560 1681 πάντα
3598 1636 3677 1699 γάρ

2163 1712 2263 1765 ὅσα
2286 1714 2541 1781 ἐποίησεν
2560 1716 2585 1766 ὁ
2618 1714 2746 1777 Θεὸς
2781 1732 2837 1766 κ;
2854 1714 2918 1767 λὰ
2948 1715 3091 1777 λίαν,
3110 1715 3231 1767 καθ’
3256 1715 3282 1767 ὃ
3315 1716 3541 1783 γέγονεν.
3559 1720 3679 1771 υῦςω

474 1820 620 1893 quod
663 1792 962 1877 secundum
995 1827 1240 1870 naturam
1268 1815 1431 1869 estin
1468 1814 1519 1867 id
1569 1813 1715 1883 quod
1751 1820 1834 1865 est
1868 1824 2058 1865 contra

2171 1805 2341 1858 τοίνυν
2388 1807 2617 1877 μένοντα
2672 1807 2851 1870 καθὼς
2897 1807 3165 1871 ἔκτισται,
3218 1808 3354 1861 καλὰ
3395 1807 3503 1859 λίαν
3538 1812 3677 1861 eiciv-

475 1922 725 1969 naturam
748 1950 762 1965 .
795 1910 943 1965 Nihil
977 1910 1123 1964 enim
1157 1915 1361 1961 natura
1384 1909 1606 1965 malum.
1660 1903 1793 1958 Nam
1853 1903 2057 1967 omnia,

479 2020 602 2079 quae
665 2004 809 2059 Deus
853 2002 1003 2066 fecit,
1035 2001 1191 2059 valde
1234 2010 1365 2055 sunt
1401 2000 1542 2053 bona
1600 2009 1869 2067 quatenus
1923 1996 2059 2053 facta

477 2107 629 2153 sunt.
694 2097 879 2164 Itaque
931 2094 975 2148 si
1024 2101 1247 2148 manent
1311 2090 1771 2160 quemadmodum
1843 2088 2065 2147 fuerunt

476 2196 788 2256 procreata,
830 2186 987 2240 valde
1026 2185 1167 2237 bona
1195 2192 1344 2237 sunt.
1391 2180 1489 2236 Sin
1532 2198 1561 2236 a
1595 2181 1816 2252 proprio
1851 2190 2066 2236 natura:

476 2287 621 2339 statu
679 2277 957 2335 voluntate
992 2274 1289 2331 deﬂecmnt
1321 2275 1370 2328 in
1396 2274 1751 2338 contrarium,
1805 2275 1859 2329 in
1926 2273 2066 2327 malo

474 2368 805 2431 consistunt.
860 2367 1068 2425 Natura
1102 2367 1266 2438 igitur
1313 2366 1654 2437 procreatori
1688 2376 1881 2423 cuncta
1945 2382 2065 2421 ser-

476 2463 635 2519 viunt
684 2467 739 2515 et
770 2470 982 2530 parent.
1032 2458 1259 2525 Quando
1297 2470 1477 2514 autem
1511 2469 1705 2529 sponte
1729 2474 1826 2514 sua
1867 2459 2068 2528 aliquid

477 2560 692 2609 eorum.
743 2560 864 2617 qua
895 2557 1179 2615 procreata
1209 2557 1359 2613 sunt,
1419 2547 1704 2619 imperium
1762 2547 2071 2603 detrectans

477 2638 547 2693 ab
567 2648 792 2695 auctore
816 2654 917 2694 suo
939 2640 1223 2705 defecerit,
1247 2639 1300 2693 in
1326 2653 1382 2695 se
1402 2642 1519 2709 ipso
1542 2639 1742 2694 malum
1766 2638 2068 2696 constituit.

473 2728 675 2787 italum
743 2732 889 2790 enim
922 2748 1024 2788 nec
1052 2734 1289 2795 essentia
1315 2744 1418 2799 est,
1452 2748 1554 2788 nec
1584 2732 1785 2803 aliquid
1824 2734 2075 2791 essentia:

478 2821 780 2891 groprinm,
850 2820 943 2877 sed
969 2823 1241 2887 accidens,
1282 2832 1336 2878 et
1360 2823 1537 2889 abeo,
1570 2824 1714 2892 quod
1774 2825 2074 2879 secundum

476 2919 730 2969 naturam
791 2920 895 2974 est.
918 2912 971 2973 in
993 2911 1045 2971 id
1099 2913 1244 2985 quod
1279 2924 1489 2968 natura:
1536 2913 1858 2967 adversatur
1910 2913 2079 2969 decli-

478 3002 656 3063 natio.
725 3000 837 3065 Hoc
868 3012 1049 3060 autem
1106 3004 1243 3058 nihil
1294 3004 1441 3059 aliud
1490 3014 1593 3070 est,
1642 3006 1747 3059 nisi
1772 3014 2073 3079 peccatum.

481 3089 636 3149 Unde
693 3092 861 3167 igitur
889 3096 1254 3165 peccatumia
1294 3094 1510 3164 propria
1554 3095 1830 3153 voluntate
1879 3096 2075 3155 diaboli

482 3194 798 3249 inventum.
824 3186 974 3257 Ergo
1004 3185 1252 3243 diabolus
1290 3187 1464 3242 malus
1492 3187 1657 3243 YNon
1684 3198 1951 3257 quatenus
1998 3190 2075 3244 fa-

479 3284 602 3329 ctus
633 3284 738 3331 est.
773 3273 1169 3337 Lucidissimus
1189 3278 1333 3332 enim
1363 3288 1418 3333 et
1452 3279 1896 3347 praeclaris-simus
1913 3295 2074 3350 angev

481 3363 568 3418 lus
637 3365 1077 3451 fuitprocreatus
1099 3371 1164 3425 ab
1202 3371 1395 3440 upilice
1432 3371 1558 3436 Deo,
1590 3370 1757 3425 libera
1815 3372 2075 3440 praeditus

483 3457 792 3525 voluntate,
840 3461 1041 3532 quippe
1067 3461 1158 3532 qui
1186 3462 1395 3517 ratione
1419 3473 1645 3521 ornatus
1664 3464 1757 3519 sit.
1788 3462 1941 3518 Ultro
1971 3481 2071 3519 au-

2166 1896 2423 1960 ἑκουσίως
2453 1898 2507 1952 δὲ
2535 1900 2915 1967 ἁποφοιτὼντα
2940 1898 3033 1951 τοῦ
3059 1901 3199 1953 κατά
3232 1899 3408 1967 φύσιν,
3438 1903 3520 1954 καὶ
3546 1902 3610 1964 είς
3638 1904 3680 1953 τὸ

2165 1992 2318 2060 παρά
2357 1990 2519 2057 φύσιν
2551 1991 2821 2061 ἐρχόμενα
2843 2030 2858 2056 ,
2897 1992 2954 2043 ὲν
2984 1989 3061 2061 τῷ
3097 1990 3251 2060 κακῷ
3284 1992 3525 2058 γίνονται.
3563 1994 3682 2047 Κατὰ

2167 2083 2328 2153 φύσιν
2378 2086 2474 2152 μὲν
2515 2077 2608 2134 οὖν
2648 2083 2822 2137 πάντα
2873 2082 3059 2146 δοῦλα,
3116 2085 3210 2137 καὶ
3259 2084 3462 2154 ὑπήκοα
3496 2083 3573 2137 τοῦ
3605 2088 3682 2154 Δῃ-

2171 2175 2457 2249 μιουργοῦ.
2514 2175 2682 2227 Ὅταν
2736 2174 2792 2226 δὲ
2842 2175 3111 2237 ἑκουσίως
3160 2192 3212 2226 τι
3265 2174 3368 2227 τῶν
3420 2176 3681 2244 κτισμάτων

2167 2268 2466 2338 ἀφηνιάσῃ,
2500 2267 2593 2319 καὶ
2619 2268 2897 2335 παρήκοον
2923 2265 3015 2318 τοῦ
3056 2267 3375 2333 ποιήσαντος
3415 2266 3532 2319 αὐτὸ
3556 2268 3679 2334 γένη·

2168 2378 2280 2422 ται,
2310 2362 2366 2413 ὲν
2394 2359 2570 2429 ἑαυτῷ
2598 2359 2961 2429 συνεστήσατο
2980 2359 3079 2428 τὴν
3111 2358 3325 2414 κακίαν.
3361 2358 3421 2410 Ἠ
3444 2358 3584 2411 κακία
3602 2359 3683 2430 γὰρ

2170 2452 2293 2505 οὔτε
2325 2452 2481 2505 οὐσία
2506 2452 2587 2514 τίς
2623 2456 2789 2517 ἐστιν,
2823 2449 2948 2504 οὗτε
2982 2452 3174 2514 οὐσίας
3204 2452 3415 2522 ἰδίωμα,
3442 2450 3560 2505 ἀλλά
3582 2470 3686 2519 συμ-

2178 2546 2431 2617 6ε6ηκὸς,
2470 2545 2637 2614 ἡγουν
2676 2546 2740 2598 ὲκ
2767 2543 2861 2597 τοῦ
2898 2545 3040 2596 κατὰ
3072 2544 3235 2613 φύσιν
3262 2545 3339 2608 είς
3366 2544 3424 2597 τὸ
3454 2546 3585 2611 παρά
3610 2544 3687 2613 φύ-

2176 2656 2261 2693 σιν
2310 2639 2555 2702 ἑκούσιος
2604 2635 2957 2707 παρατροπὴ,
3009 2638 3149 2706 ὅπερ
3207 2637 3349 2689 ἐστὶν
3396 2638 3427 2707 ἡ
3473 2636 3684 2706 ἁμαρτία.

2176 2732 2343 2787 Πόθεν
2376 2730 2465 2785 οὖν
2493 2732 2526 2802 ἡ
2562 2731 2842 2800 ἀμαρτία;
2883 2730 2980 2797 τῆς
3008 2728 3357 2795 αὐτεξουσίου
3389 2728 3587 2799 γνώμης
3617 2732 3687 2781 τοῦ

2176 2824 2423 2879 διαϐόλου
2450 2823 2677 2893 εὕρεμα.
2710 2822 2891 2886 Κακδς
2915 2820 3064 2875 οῦν’ὀ
3097 2820 3361 2884 διάϐολος,
3395 2821 3453 2875 οὐ
3485 2823 3597 2875 καθὸ
3618 2821 3689 2888 γέ·

2179 2934 2338 2985 γονεν
2369 2934 2383 2949 ’
2416 2916 2648 2985 ἄγγελος
2680 2915 2789 2985 γὰρ
2822 2913 3213 2984 φωτεινότατος
3247 2915 3338 2967 καὶ
3370 2915 3687 2983 λαμπρότατος

2183 3007 2287 3061 ὑπὸ
2312 3005 2407 3060 τοῦ
2430 3006 2775 3076 Δημιουργοῦ
2806 3005 3073 3068 ἔκτισται,
3100 3003 3458 3068 αὑτεξούσιος,
3487 3005 3550 3066 ὡς
3575 3004 3688 3071 λογι-

2104 3123 2148 3185 C
2183 3098 2275 3159 κός
2303 3111 2316 3124 ·
2343 3094 2601 3156 ἑκουσίως
2624 3094 2680 3146 δὲ
2707 3094 2802 3163 τῆς
2822 3092 2963 3147 κατὰ
2986 3093 3152 3163 φύσιν
3174 3094 3367 3161 ἀρετῆς
3412 3092 3688 3161 ἀπεφοίτηοε

2182 3189 2275 3241 καὶ
2310 3189 2368 3242 ὲν
2408 3187 2482 3258 τῷ
2519 3186 2667 3257 ζόφῳ
2703 3187 2801 3257 τῆς
2837 3187 3033 3250 κακίας
3078 3186 3313 3253 ἐγένετο,
3336 3183 3460 3237 Θεοῦ
3493 3201 3689 3255 μίικρυν-

2183 3281 2295 3343 θεὶς
2325 3279 2419 3333 τοῦ
2452 3280 2613 3349 μόνου
2642 3277 2847 3345 ἀγαθοῦ
2882 3281 2974 3331 καὶ
2998 3278 3286 3343 ζωοποιοῦ.
3330 3277 3415 3341 Ἐξ
3446 3277 3585 3330 αὑτοῦ
3611 3275 3689 3343 γὰρ

2183 3377 2289 3427 πᾶν
2342 3373 2541 3442 ἀγαθὸν
2585 3371 2938 3440 ἁγαθύνεται.
2987 3371 3099 3425 Καὶ
3145 3372 3267 3424 καθ’
3317 3372 3436 3424 ὅσον
3472 3368 3526 3435 ἐξ
3565 3367 3689 3420 αὐτοῦ

2184 3465 2507 3535 ἑμακρύνθει
2523 3465 2713 3535 γνώμῃ
2736 3502 2751 3525 ,
2801 3465 2860 3517 οὐ
2881 3464 2991 3534 γὰρ
3007 3463 3160 3535 τόπῳ
3180 3504 3194 3527 ,
3217 3463 3273 3515 ὲν
3287 3464 3359 3533 τῷ
3373 3463 3510 3530 κακῷ
3526 3460 3690 3529 γέγονε.

482 3555 592 3605 tem
631 3557 682 3602 et
707 3549 893 3605 volens
915 3566 944 3604 a
966 3552 1166 3613 virtute
1188 3556 1510 3625 congruenti
1544 3562 1748 3610 naturae
1778 3569 1890 3610 suae
1938 3557 2224 3619 discedens
2253 3557 2301 3609 in
2331 3556 2549 3610 malitia:
2585 3555 2835 3609 tenebras
2866 3554 3071 3619 incidit,
3105 3556 3293 3625 procul
3337 3563 3532 3609 amotus
3568 3567 3593 3605 a
3613 3552 3691 3602 Deo

479 3640 573 3712 qui
619 3640 766 3695 solus
820 3650 901 3696 est
960 3642 1135 3701 bonus
1186 3654 1240 3699 et
1271 3644 1489 3715 largitor
1527 3646 1669 3700 vitm.
1719 3647 1801 3700 Ab
1854 3645 1973 3715 ipso
2022 3648 2164 3710 enim
2210 3646 2468 3716 quidquid
2514 3656 2597 3701 est
2626 3646 2826 3700 bonum
2860 3645 3120 3712 habet,ut
3160 3648 3358 3701 bonum
3388 3647 3472 3711 sit,
3520 3653 3565 3698 ct
3594 3643 3691 3696 dum

480 3736 759 3791 voluntate
801 3736 999 3791 recidit
1032 3737 1100 3791 ab
1130 3753 1195 3791 eo
1230 3737 1529 3805 (voluntate
1550 3742 1848 3807 enim,non
1879 3741 2023 3803 loco,
2050 3742 2118 3796 ab
2143 3742 2235 3796 illo
2288 3741 2578 3810 receditur)
2627 3741 2680 3794 in
2714 3742 2920 3801 malum
2957 3740 3217 3798 incurrit.

1039 3848 1347 3907 TITULUS
1435 3852 1506 3909 Χ.

480 3942 741 3999 Adversus
768 3942 1085 4016 διιίιείίὶιιηιἶ
1116 3942 1515 4016 δαηειίβθνὶιιὶ
1566 3962 1631 4000 ex
1674 3946 2076 4013 interpretatio-

880 4030 942 4067 ne
971 4005 1026 4067 in
1055 4012 1281 4069 Joannis
1308 4005 1676 4087 Euangelium.

558 4193 615 4249 Si
651 4193 792 4248 idem
826 4204 912 4249 est
941 4192 1138 4258 Filius,
1183 4195 1275 4264 qui
1302 4193 1484 4262 Pater,
1508 4211 1628 4265 quae
1652 4205 1736 4252 est
1775 4196 2081 4253 distinctio-

484 4286 571 4341 nis
626 4287 909 4340 nominum
937 4287 1121 4341 ratio?
1166 4286 1299 4347 Nam
1332 4289 1375 4342 si
1406 4288 1572 4344 alium
1593 4304 1702 4343 non
1738 4290 1944 4359 genuit,
1974 4305 2073 4343 cur

2789 3854 3038 3909 ΤιΤΑοΣ
3079 3852 3138 3909 ι’.

2188 3945 2301 4001 Τοῦ
2347 3946 2417 3999 ἐν
2459 3946 2649 4015 ἁγίοις
2692 3946 2997 4012 Κυρίλλου
3040 3947 3196 4000 κατὰ
3240 3944 3568 4000 Σαϐελλίου.
3620 3943 3695 3997 Ἕκ

2254 4017 2397 4096 τῆς-
2420 4017 2576 4096 κατὰ
2598 4086 2622 4096 θ
2645 4017 2933 4096 Ἰωάννης
2999 4017 3377 4087 Εὐαγγέλιαν
3432 4017 3697 4086 ἑρμηνείας

2255 4085 2326 4138 τὰ
2366 4085 2479 4139 ὅλα
2516 4086 2701 4140 ταῦτα
2732 4086 3051 4154 κεφάλαια.

2257 4199 2321 4251 Et
2361 4199 2522 4261 αὐτός
2555 4201 2703 4253 ἔστιν
2729 4199 2757 4250 ό
2791 4199 2935 4263 Υἱὸς,
2968 4200 3064 4254 καὶ
3101 4200 3310 4270 Πατὴρ,
3344 4198 3487 4253 ποῖον
3513 4192 3696 4282 ἔχεινλόο

2185 4305 2282 4356 γον
2323 4291 2354 4360 ὴ
2392 4290 2499 4343 τῶν
2542 4290 2824 4361 ὀνομάτων
2867 4291 3165 4363 ﬁrmato“);
3212 4292 3276 4346 Et
3323 4292 3395 4361 μὴ
3435 4290 3532 4360 γὰρ
3576 4286 3696 4341 ἄλλον

482 4388 711 4445 vocatur
765 4377 1055 4433 PaterlEt
1117 4382 1207 4453 qui
1267 4396 1299 4434 a
1333 4380 1491 4436 Patre
1540 4381 1755 4450 genitus
1818 4396 1927 4436 nou
1972 4391 2063 4445 est,

2185 4382 2501 4452 ἐγέννησεν.
2566 4383 2709 4436 ἱνατί
2757 4386 3001 4437 καλεῖται
3053 4386 3245 4455 Πατήρ
3274 4400 3307 4450 ;ν
3337 4375 3455 4445 Illi):
3497 4381 3548 4436 δὲ
3592 4379 3697 4436 ὅλως

486 4472 762 4543 quomodo
818 4485 1042 4541 prorsus
1066 4480 1151 4525 est
1177 4470 1392 4526 Filius?
1423 4472 1685 4536 Quoniam
1720 4472 1882 4543 igitur
1924 4473 2076 4543 geni-

494 4570 612 4615 tum
643 4575 767 4615 esse
803 4559 997 4614 Filium
1057 4562 1253 4617 divinae
1314 4563 1607 4629 Scriptura:
1671 4573 1964 4627 testantur.
2023 4574 2079 4620 et

486 4653 691 4707 veritas
752 4653 824 4707 ita
858 4668 979 4708 sese
1005 4654 1191 4721 habet,
1238 4671 1335 4726 per
1367 4670 1428 4713 se
1474 4657 1529 4711 in
1574 4659 1788 4728 propria
1849 4656 2078 4728 quisque

487 4758 725 4817 persona
802 4745 1073 4800 exsistunt
1128 4744 1289 4799 Pater
1338 4754 1393 4800 et
1476 4745 1666 4802 Filius.
1721 4746 2078 4816 Quandoqui-

482 4836 608 4889 dem
640 4851 784 4890 unus
834 4836 901 4889 ab
959 4837 1135 4893 altero
1225 4837 1581 4908 distinguitur
1631 4846 1691 4891 ut
1747 4852 1777 4890 ο
1824 4837 2079 4913 gignente

483 4927 734 4998 genitus.

556 5019 755 5072 Beatus
785 5018 987 5075 Paulus
1010 5020 1076 5076 ad
1110 5018 1493 5095 Philippenses
1521 5019 1588 5075 de
1626 5018 1764 5075 Filio
1805 5020 2075 5088 scribens,

484 5108 589 5174 Qui
616 5112 884 5176 rapinam,
914 5112 1109 5182 inquit,
1131 5129 1236 5166 non
1255 5121 1329 5166 est
1347 5113 1656 5177 arbitratus,
1679 5128 1788 5167 esse
1812 5129 1865 5166 se
1887 5129 2069 5183 a'qua-

486 5187 587 5254 lem
631 5202 741 5256 Deo
766 5205 808 5258 ‘.
854 5204 987 5270 Quis
1018 5205 1181 5275 igitur
1212 5207 1298 5260 ille
1348 5213 1453 5271 est,
1483 5206 1575 5272 qui
1599 5205 1772 5260 noluit
1826 5206 2070 5275 rapinam

482 5295 764 5359 arbitrari,
802 5311 860 5350 se
889 5311 1010 5351 esse
1044 5297 1305 5366 aequalem
1340 5298 1448 5352 Deo
1478 5298 1500 5352 ‘3
1532 5294 1723 5353 Nonne
1776 5298 2068 5351 dicendum

484 5395 568 5439 est
587 5390 895 5442 necessario
911 5403 1077 5466 unum
1097 5389 1317 5458 quidem
1335 5388 1484 5442 illum
1504 5403 1649 5452 esse,
1666 5390 1757 5460 qni
1776 5399 1859 5444 est
1882 5390 1935 5441 in
1965 5389 2077 5445 for-

484 5492 571 5530 ma
602 5478 712 5543 Dei,
734 5482 965 5534 alterum
986 5489 1165 5534 autem
1198 5496 1323 5534 eum
1339 5482 1493 5550 cujus
1511 5492 1596 5536 est
1614 5482 1832 5537 ferina?
1864 5482 2069 5538 Omnes

486 5566 595 5624 hoc
628 5578 688 5623 ut
723 5570 1073 5640 perspicuum
1124 5570 1470 5627 conﬁtentur.
1512 5572 1691 5640 Quare
1742 5590 1853 5631 non
1896 5590 2064 5629 unum

562 5734 581 5768 ³
614 5732 810 5803 Philip.
844 5749 902 5800 ιι,
938 5733 993 5790 6.

2186 4474 2330 4539 Υίδς,
2361 4478 2411 4528 εί
2442 4476 2517 4544 μὴ
2550 4474 2813 4545 ἐγεννήθη
2846 4475 2995 4546 παρά
3032 4478 3245 4546 Πατρός
3270 4495 3287 4544 ;
3329 4474 3529 4543 Ἐπειδὴ
3555 4473 3602 4525 δὲ
3625 4486 3694 4537 γει

2180 4566 2472 4634 γεννῆσθαι
2500 4568 2591 4619 τὸν
2620 4568 2745 4620 Υίον
2777 4569 2834 4621 al
2859 4567 2999 4621 θεῖαι
3033 4569 3360 4638 κηρύττουσι
3386 4566 3597 4637 Γραφαὶ,
3627 4559 3698 4615 καὶ

2182 4658 2209 4708 ὁ
2246 4658 2347 4727 τῆς
2385 4658 2645 4723 ἀληθείας
2682 4660 2854 4724 οὕτως
2891 4661 3001 4731 ἔχει
3030 4660 3211 4730 λόγος,
3252 4662 3595 4729 ὑφεστήκασιν
3617 4655 3699 4723 ἄρα

2183 4751 2306 4806 καθ’
2339 4753 2586 4818 (autem,
2609 4754 2703 4817 καί
2733 4756 2870 4807 εἰσὶν
2900 4755 3214 4819 ἰδιαζόντως
3238 4758 3331 4811 καὶ
3352 4758 3381 4809 ὁ
3412 4754 3599 4821 Πατὴρ.
3626 4747 3698 4800 καὶ

2180 4842 2209 4900 ό
2239 4842 2385 4909 Υἱὸς,
2420 4842 2578 4912 εἴπερ
2606 4844 2792 4913 ἕτερον
2820 4846 2878 4909 ig
2906 4847 3095 4915 ἐτέρου
3124 4844 3452 4915 φαίνεταιτὸ
3479 4839 3699 4911 γεννώμε-

2181 4949 2271 4992 νον
2307 4932 2379 4995 ὡς
2418 4936 2555 5003 πρὸς
2588 4936 2647 4988 τὸ
2684 4938 2911 5002 γεννῶν.

2265 5025 2324 5078 '0
2345 5027 2622 5093 μακάριος
2643 5027 2853 5092 Παῦλος
2873 5029 3213 5083 ἐπιστέλλων
3232 5025 3591 5096 Φιλιππηείοις
3607 5017 3704 5088 περὶ

2175 5118 2269 5173 τοῦ
2306 5118 2436 5173 Υίοῦ
2478 5136 2642 5190 φησιν
2667 5138 2682 5153 ·
2724 5138 2742 5172 ι
2786 5123 2882 5183 ’ος
2909 5125 2966 5175 ὲν
2998 5126 3178 5192 μορφῇ
3210 5122 3343 5175 Θεοῦ
3371 5120 3604 5188 ὑπάρχων
3627 5113 3702 5178 οὑχ

2182 5208 2472 5278 ἁρπαγμὸν
2520 5211 2760 5280 ἡγήσατο
2807 5212 2866 5265 τὸ
2901 5207 3039 5265 εἶναι
3066 5214 3156 5267 [σα
3178 5211 3317 5281 θεῷ.
3360 5231 3378 5263 ι
3409 5210 3475 5262 Ἦ
3505 5208 3600 5275 γὰρ
3627 5201 3703 5253 οὐκ

2184 5299 2397 5369 ἀνάγκη
2430 5300 2609 5367 λέγειν
2644 5302 2738 5353 ἕνα
2776 5303 2874 5371 μὲν
2903 5319 3024 5355 τινα
3064 5304 3334 5373 ὑπάρχειν
3366 5302 3451 5355 τὸν
3474 5301 3527 5351 ὲν
3558 5291 3702 5366 μορφῇ

2184 5392 2321 5451 Θεοῦ
2343 5431 2359 5457 ,
2398 5392 2586 5463 ἕτερον
2623 5394 2680 5446 δὲ
2724 5396 2886 5449 πάλιν
2922 5397 2982 5448 τὸ
3014 5398 3151 5466 ὅπερ
3197 5392 3266 5467 ἦν
3299 5397 3331 5466 ἡ
3369 5390 3560 5464 μορφής
3597 5381 3703 5439 Ἀλλ’

2180 5488 2298 5540 ἔστι
2331 5486 2489 5557 δῆλον
2521 5489 2692 5541 ἅπασι
2725 5490 2819 5543 καὶ
2849 5491 3304 5560 ὁμολογούμενον.
3337 5487 3534 5543 Οὐκοῦν
3557 5483 3638 5549 οὐχ
3660 5476 3703 5529 ἕν

2177 5595 2232 5632 τι
2273 5579 2415 5633 κατὰ
2455 5579 2651 5633 ταυτὸν
2690 5582 2768 5654 τῷ
2802 5582 3019 5654 ἀριθμῴ
3052 5584 3239 5657 Πατὴρ
3260 5621 3274 5647 ,
3305 5581 3395 5638 καὶ
3434 5579 3583 5643 Υίὸς,
3611 5566 3701 5628 ἀλλ’
