3954 6558
242 372 359 439 329

1234 375 1608 437 PANOPLIA
1646 374 2107 438 DOG'MA'HCA.
2141 401 2209 410 -
2247 379 2394 436 Tl'l‘.
2434 380 2503 437 Χ.

3393 387 3499 448 3.33

247 491 638 552 ιδ.οσύστατοι,
673 489 767 544 καὶ
797 491 854 544 ὲν
880 490 1131 563 ἀλλήλοις
1159 493 1526 562 θεωρούμενοι
1549 492 1690 546 κατὰ
1723 492 1822 561 τὴν

1936 490 2180 560 quiddam
2197 507 2428 548 numero
2453 501 2579 548 sunt
2636 493 2792 550 Pater
2827 505 2882 549 et
2929 494 3121 561 Filius,
3147 496 3246 553 sed
3293 501 3346 554 in
3400 516 3499 556 sua

254 579 554 646 r1ur6rnta
580 581 678 650 τῆς
711 582 921 648 οὐσίας,
955 583 1003 635 εἰ
1031 583 1125 636 καὶ
1155 578 1236 646 εἷς
1269 584 1324 648 ἐξ
1355 583 1493 644 ἑνὸς,
1529 582 1731 653 δηλαδὴ
1763 583 1826 634 ἐκ

247 669 472 741 Harpe;
499 672 526 722 6
554 671 695 732 Υἱός.

333 849 486 919 Ἐγὼ
515 850 612 904 καί
642 854 674 905 ὁ
706 851 907 919 Πατὴρ
932 853 1003 906 ἓν
1032 853 1239 921 ἐσμεν,
1271 853 1509 920 ἔφασκεν
1548 851 1576 903 6
1609 852 1821 924 Σωτὴρ,

237 943 328 1008 ὡς
359 945 517 1008 εἰδὼς
540 944 783 1015 δηλονότι
815 947 910 998 καὶ
936 945 1128 998 ἑαυτὸν
1161 945 1306 1008 ἰδίως
1336 945 1706 1020 ὕφεστηκότα,
1731 948 1824 999 καί

244 1035 342 1088 τὸν
379 1037 621 1107 Πατέρα.
653 1037 714 1089 Ei
745 1037 800 1090 δὲ
839 1037 914 1107 μὴ
949 1037 1121 1100 οὕτως
1147 1037 1262 1105 ἔχει
1301 1038 1394 1090 τοῦ
1433 1029 1760 1107 πράγματος
1789 1039 1820 1106 ἡ

247 1128 505 1198 ἀλήθεια,
537 1129 589 1182 τί
619 1128 693 1198 μὴ
715 1132 961 1199 τηρήσας
983 1133 1047 1200 τῇ
1082 1130 1228 1182 evasi
1253 1129 1314 1182 τὸ
1342 1129 1541 1198 τρέπον
1563 1128 1820 1198 ἔφασκεν,

264 1219 417 1288 Ἐγὼ
439 1220 536 1274 καί
557 1223 590 1274 ὁ
621 1219 824 1288 Πατὴρ
847 1221 917 1273 ἓν
944 1223 1093 1289 εΙμι;
1129 1221 1342 1291 Ἐπειδὴ
1377 1221 1432 1273 δὲ
1466 1223 1545 1283 είς
1583 1220 1846 1290 πληθυκμ-

246 1313 408 1366 τικδν
457 1312 690 1384 ἀριθμὸν
729 1315 790 1365 τὸ
826 1314 1220 1384 σημαινόμενον
1261 1314 1506 1378 ἑξαπλοῖ,
1547 1313 1703 1382 δῆλος
1760 1314 1824 1365 ἂν

248 1404 342 1473 είη
403 1403 588 1456 λοιπ’,ν
635 1403 734 1466 τὴν
783 1404 891 1458 τῶν
942 1404 1264 1474 ἑτεροδόξων
1315 1405 1639 1476 ἀνατρέπων
1689 1405 1823 1457 ὑπό-

246 1511 427 1552 νοιαν.

338 1587 436 1639 Ἐκ
483 1587 585 1655 τῆς
629 1587 817 1651 οὐσίας
848 1589 976 1642 ὄντα
1025 1585 1124 1658 τῆς
1161 1588 1256 1642 τοῦ
1303 1589 1438 1642 Θεοῦ
1485 1592 1578 1644 καὶ
1613 1594 1824 1662 Ιίατρὸς

249 1680 612 1734 ἐπιδεικνύων
644 1681 847 1732 ἑαυτὸν
881 1683 908 1732 6
949 1679 1072 1740 Υἱός
1113 1681 1246 1748 φησί
1281 1697 1384 1732 που
1425 1681 1583 1734 πάλιν
1618 1697 1631 1711 ⁸
1679 1680 1827 1750 Ἐγὼ

242 1773 318 1824 ἐκ
362 1771 469 1825 τοῦ
508 1773 735 1838 Πατρός
773 1771 1059 1841 ἐξῆλθον,
1099 1775 1198 1828 καὶ
1239 1774 1386 1841 ἥκω.
1433 1773 1556 1837 ιΙῶς
1594 1770 1686 1830 οὖν
1728 1775 1825 1845 οὐχ

246 1866 441 1934 ἕτερος
492 1866 644 1919 ἔσται
693 1866 826 1934 παρ’
875 1867 1059 1930 αὑτὸν,
1113 1867 1189 1929 ὡς
1237 1869 1294 1920 ὲν
1352 1865 1671 1932 ὑποστάσει,
1729 1867 1826 1919 καὶ

249 1956 501 2026 ἀριθμῷ,
537 1959 737 2019 παντὸς
765 1959 911 2029 ἡμᾶς
938 1958 1326 2020 ἁναπείθοντος
1361 1957 1520 2024 λόγου
1554 1959 1614 2010 τὸ
1645 1958 1708 2009 ἐκ
1741 1975 1825 2034 τιτ

246 2063 339 2104 νος
375 2045 636 2116 προελθὸν
665 2045 854 2116 ἕτερον
888 2042 1028 2098 εἶναι
1064 2045 1192 2115 παρ’
1221 2048 1398 2099 ἐκεῖνο
1431 2047 1594 2108 νοεῖν,
1631 2045 1725 2115 ἀφ’
1763 2039 1825 2100 οὗ

247 2138 314 2204 δὴ
337 2138 433 2189 καὶ
451 2137 852 2208 προελήλυθενς
883 2137 1092 2192 Οὐκοῦν
1121 2137 1324 2210 ἀληθὴς
1347 2137 1598 2208 οὐδαμῶς
1627 2142 1740 2202 τοίς
1757 2137 1826 2191 δι’

246 2228 504 2291 ἐναντίας
542 2231 570 2282 6
601 2228 778 2297 λόγος.

335 2319 427 2386 Ἐξ
459 2320 627 2392 ὀργῆς
658 2320 1049 2391 ἐμπεπρῆσθαι
1080 2319 1214 2372 Θεοῦ
1250 2319 1349 2382 τὰς
1383 2319 1490 2374 τῶν
1520 2319 1826 2390 Σοδομιτῶν

246 2413 435 2475 πόλεις
476 2415 509 2483 η
554 2412 673 2465 θεία
718 2412 867 2481 λέγει
906 2413 1118 2484 Γραφή.
1167 2411 1538 2483 Ἑξηγουμένη
1585 2411 1641 2465 δὲ
1678 2413 1824 2476 ὅπως

243 2505 434 2566 αὐτοῖς
477 2507 504 2556 6
540 2504 682 2566 θεῖος
719 2505 1078 2575 ἐπενήνεκται
1114 2505 1318 2574 θυμὸς,
1361 2506 1456 2558 καὶ
1495 2505 1585 2557 τὸν
1624 2507 1824 2575 τρόπον

241 2595 347 2664 τῆς
379 2593 665 2657 ἀπωλείας
691 2594 1080 2649 ἐκδιδάσκουσι
1111 2596 1318 2664 σαφῶς,
1360 2595 1628 2664 Ἕὸρεξε,
1666 2598 1820 2665 φησὶ,

241 2688 465 2754 Κύριος
504 2686 624 2757 πῦρ
660 2687 819 2756 παρὰ
855 2689 1078 2756 Κυρίου
1115 2689 1214 2743 ἐπὶ
1252 2689 1508 2759 Σόδομα,
1551 2689 1698 2758 πῦρ,
1726 2689 1824 2744 καὶ

244 2782 433 2838 θεῖον.
477 2782 631 2834 Ἐπεὶ
660 2780 756 2836 καὶ
789 2780 926 2848 αῦτη
959 2783 1071 2844 τοῖς
1103 2783 1286 2836 ἐκεῖνα
1322 2782 1665 2852 πλημμελεῖν
1695 2783 1821 2835 είω-

243 2873 400 2925 θόσιν
426 2877 460 2946 ἠ
490 2876 646 2946 μερὶς
676 2871 772 2926 τοῦ
793 2874 1052 2943 ποτηρίου
1078 2873 1524 2945 πρεπωδεστάτη.
1553 2876 1710 2937 Ποῖος
1729 2870 1822 2927 οὖν

245 2965 360 3036 ἄρα
396 2967 595 3036 Κύριος
620 2967 769 3037 παρὰ
797 2967 948 3019 ποίου
982 2967 1186 3038 Κυρίου
1210 2967 1270 3018 τὸ
1299 2965 1410 3035 πῦρ
1428 2965 1702 3036 ἐπαφῆκε,
1729 2966 1822 3018 καὶ

241 3061 347 3121 τὰς
387 3058 494 3111 τῶν
546 3059 850 3128 Σοδομιτῶν
894 3057 1189 3126 κατέφλεξε
1238 3057 1454 3120 πόλεις;
1525 3057 1662 3109 Ἀλλ’
1706 3057 1820 3111 ἔστι

241 3149 406 3218 δῆλον
439 3149 512 3212 ὡς
542 3151 567 3201 ὁ
601 3149 790 3218 Πατὴρ
816 3150 990 3201 πάντα
1011 3148 1078 3201 δι’
1111 3145 1242 3199 Υἱοῦ
1275 3149 1532 3218 ἐνεργῶν,
1569 3150 1692 3202 ἐπεὶ
1729 3151 1820 3203 καὶ

243 3241 478 3312 δύναμις
500 3239 668 3294 αὐτοῦ
698 3242 792 3294 καὶ
849 3241 1088 3311 βραχίων
1119 3243 1284 3304 ἐστὶν,
1316 3242 1477 3294 αὑτὸν
1508 3243 1821 3312 Σοδομίταις

244 3333 368 3385 ὕειν
391 3333 566 3384 ἐποίει
586 3334 646 3384 τὸ
668 3332 797 3401 πῦρ.
833 3333 963 3384 Ὅτε
991 3333 1169 3385 τοίνυν
1201 3331 1404 3402 Κύριος
1433 3338 1584 3404 παρὰ
1615 3335 1820 3406 Κυρίου

241 3427 308 3478 τὸ
336 3424 449 3497 πῦρ
476 3425 701 3488 ἐκείνοις
741 3425 949 3494 ἐφίησι,
983 3424 1098 3486 πῶς
1129 3425 1227 3495 οὐχ
1252 3425 1462 3494 ἔτερος,
1499 3427 1623 3478 ὅσον
1653 3429 1733 3490 είς
1764 3429 1824 3479 τὸ

243 3517 399 3579 ἰδίως
424 3518 712 3588 ὑπάρχειν,
744 3517 892 3587 παρὰ
915 3517 1005 3568 τὸν
1039 3517 1160 3569 Υἱὸν
1190 3521 1217 3570 6
1249 3517 1457 3587 Πατὴρ,
1497 3519 1590 3570 καὶ
1626 3515 1691 3571 αὖ
1722 3521 1824 3570 πά-

238 3611 330 3662 λιν
363 3610 391 3660 6
425 3607 548 3670 Υἱὸς
584 3609 734 3678 παρᾶ
772 3609 863 3660 τὸν
892 3608 1108 3678 Πατέρα
1133 3624 1146 3673 ;
1173 3610 1246 3661 T6
1278 3610 1386 3680 γὰρ
1417 3610 1474 3660 ἓν
1514 3612 1588 3674 ὼς
1621 3611 1678 3675 ἐξ
1707 3612 1823 3674 ἐνὸς

242 3706 303 3757 ἐν
346 3702 519 3771 τούτῳ
559 3701 906 3772 σημαίνεται.
1628 3773 1632 3779 _

333 3795 806 3859 Ἑξαπόστειλον
834 3795 899 3847 τὸ
936 3795 1062 3862 φῶς
1092 3809 1230 3861 σου,
1266 3795 1364 3848 καὶ
1395 3794 1511 3864 τὴν
1532 3794 1824 3862 ἀλήθειάν

243 3902 388 3940 σου.
434 3887 592 3936 Ποῖον
651 3882 743 3938 οὖν
780 3885 888 3955 ἄρα
929 3888 1046 3937 ἐστὶ
1087 3886 1237 3955 φῶς;
1274 3886 1408 3940 Ποία
1445 3887 1500 3940 δὲ
1533 3889 1566 3958 ἡ
1596 3887 1824 3958 ἀλήθεια

244 3975 451 4042 αὑτοῦ;
484 3976 748 4044 Λέγοντος
767 3978 928 4031 ἄκουε
953 3977 1046 4030 τοῦ
1073 3977 1201 4031 Υἱοῦ
1224 3995 1238 4009 ο
1285 3978 1429 4049 Ἐγώ
1448 3982 1561 4048 εἰμι
1583 3979 1647 4033 τὸ
1677 3979 1822 4047 φῶς,

248 4071 373 4135 καὶ,
404 4071 550 4139 Ἔπώ
568 4073 681 4140 εἶμι
702 4071 739 4139 ἠ
757 4070 1026 4139 ἀλήθεια.
1046 4071 1110 4122 ΕΞ
1134 4071 1188 4123 δὲ
1217 4073 1497 4140 πέμπεται
1529 4074 1661 4143 πρὸς
1677 4073 1825 4142 ἡμᾶς

246 4162 312 4214 τὸ
336 4161 452 4230 φῶς
479 4163 574 4214 καὶ
608 4163 640 4233 ἡ
671 4161 898 4233 ἀλήθεια.
923 4162 1018 4214 τοῦ
1055 4163 1291 4232 Πατρὶς,
1314 4163 1590 4218 τουτέστιν
1618 4164 1645 4215 6
1671 4163 1818 4229 Υἱὸς,

247 4253 374 4315 πῶς
407 4253 507 4324 οὐχ
538 4254 724 4325 ἕτερός
755 4255 872 4306 ὲστι
911 4255 1041 4324 παρ’
1074 4254 1268 4319 αὐτὸν,
1312 4256 1434 4308 ὅσον
1471 4257 1549 4317 είς
1589 4257 1647 4308 τὸ
1682 4255 1824 4318 ἰδίως

249 4347 542 4416 ὑπάρχειν,
571 4347 617 4398 εί
651 4346 740 4398 καὶ
763 4345 820 4398 ἓν
845 4347 992 4398 ἐστιν
1010 4344 1085 4408 ὡς
1108 4346 1240 4415 πρὸς
1265 4347 1450 4410 αὑτὸν,
1475 4347 1596 4400 ὅσον
1624 4349 1703 4412 είς
1725 4347 1823 4420 τὴν

243 4439 353 4507 τῆς
379 4438 564 4500 οὐσίας
593 4439 931 4505 taurorum;
962 4436 1023 4488 Εί
1054 4438 1163 4504 γὰρ
1195 4439 1269 4508 μὴ
1295 4437 1466 4500 οὕτως
1507 4438 1651 4508 ἔχειν
1680 4438 1822 4493 οἷον·

244 4531 342 4582 ταί
369 4546 533 4595 τινες,
569 4531 596 4582 6
628 4528 788 4592 αὐτὸς
826 4530 882 4582 δὲ
915 4529 1008 4582 καὶ
1065 4523 1144 4591 εἷς
1176 4531 1293 4582 ἐστι
1325 4527 1516 4600 Πατὴρ
1553 4532 1646 4582 καὶ
1676 4529 1822 4594 Υίὸς,

241 4622 299 4674 τί
337 4621 414 4691 μὴ
442 4620 626 4694 ἕτερον
661 4623 894 4675 ἑποιεῖτο
924 4621 1014 4674 τὸν
1046 4621 1143 4693 τῆς
1175 4623 1337 4693 εὐχῆς
1373 4624 1574 4692 τρόπον
1602 4623 1630 4674 6
1658 4639 1823 4675 πνευο

247 4714 559 4784 ματοςρόρος
611 4712 772 4784 βοῶν.
811 4712 962 4766 Ἐλθὲ
991 4714 1124 4782 πρὸς
1158 4715 1326 4784 ἡμᾶς,
1349 4708 1393 4768 ὦ
1417 4714 1532 4782 φῶς
1564 4716 1657 4767 καὶ
1690 4714 1822 4786 ἀλή-

243 4806 408 4872 θεια;
450 4805 666 4876 Ἐπειδὴ
692 4805 746 4858 δὲ
771 4805 850 4872 τὸ,
891 4806 1308 4873 Ἐξαπόστειλον
1335 4844 1349 4870 ,
1373 4806 1540 4876 λέγει,
1571 4806 1730 4878 δῆλος
1753 4805 1819 4874 ἂν

242 4901 337 4967 εἴη
365 4898 554 4951 λοιπὸν
583 4899 768 4969 ἓτερον
802 4899 900 4968 μὲν
933 4899 1023 4954 τὸν
1055 4899 1457 4954 ἀποστέλλοντα
1489 4900 1666 4965 εἰδὼς,
1703 4901 1820 4954 ἔτει

247 5007 346 5062 ρον
391 4989 449 5043 δὲ
491 4991 584 5043 τὸν
628 4989 1108 5061 ἁποστελλόμενον.
1163 4991 1222 5042 '0
1264 4991 1322 5044 δὲ
1364 4993 1460 5062 τῆς
1511 4993 1817 5064 ἀποστολῆς

242 5084 453 5153 τρόπος
485 5083 708 5136 νοείσθω
739 5084 1079 5153 θεοπρεπῶς.

318 5173 471 5228 Ἐπεὶ
526 5175 581 5227 δὲ
625 5175 704 5246 τῷ
742 5176 1016 5246 Σαϐελλίῳ
1067 5177 1340 5240 ἀντίθετός
1371 5181 1518 5230 ἐστιν
1553 5177 1770 5248 Ἀρειος
1799 5189 1811 5206 ⁸

242 5271 454 5331 ἐκεῖνος
490 5269 588 5338 μὲν
627 5271 734 5338 γὰρ
772 5270 838 5321 τὰ
863 5270 986 5339 τρία
1029 5270 1292 5338 πρόσωπα
1325 5269 1593 5340 συναιρῶν
1625 5271 1704 5333 είς
1738 5269 1816 5334 ἓν,

242 5359 310 5411 ἓν
345 5361 635 5430 πρόσωπον
668 5359 760 5412 καὶ
797 5359 922 5428 μίαν
957 5358 1117 5426 φύσιν
1147 5357 1501 5427 ἐδογμάτιζεν
1526 5374 1541 5390 ο
1574 5353 1728 5421 οὗτος
1761 5358 1820 5412 δὲ

239 5451 349 5521 τὴν
380 5452 505 5521 μίαν
538 5451 700 5521 φύσιν
722 5450 964 5523 διαιρῶν,
990 5454 1137 5523 τρεῖς
1167 5452 1353 5520 φύσεις
1387 5451 1481 5504 καὶ
1506 5451 1630 5522 τρία
1649 5451 1821 5522 πρόσ-

237 5562 375 5599 ωπα
416 5544 724 5596 τούναντίον
763 5545 1246 5613 ἀντεδογμάηζενσ
1277 5546 1324 5597 οἱ
1374 5544 1523 5598 ἄλλοι
1559 5545 1825 5614 Πατέρες,

269 5636 603 5702 Αθανασιος,
643 5638 736 5689 καὶ
780 5637 1078 5700 Βασίλειος,
1123 5640 1217 5691 καὶ
1262 5638 1582 5710 Γρηγόριος,
1625 5641 1683 5692 ἐν
1732 5633 1814 5701 οἷς

321 5798 336 5828 ³
368 5795 522 5850 ιω..
561 5814 612 5856 ιι.
642 5798 730 5850 50.

596 5900 841 5956 ίίῐιιυι.
909 5903 950 5956 U
964 5915 1020 5958 tt.
1066 5900 1107 5957 [λ
1121 5898 1166 5955 Χ
1183 5898 1220 5955 X
1234 5898 1303 5955 Χ.

1930 591 2160 650 uterque
2213 582 2462 638 consistit
2517 599 2765 653 persona,
2833 595 2884 642 et
2944 590 3193 658 quamvis
3245 607 3386 646 unus
3431 595 3500 648 ab

1925 689 2039 728 uno
2071 677 2160 738 sit,
2193 692 2389 745 nempe
2417 676 2593 733 Filius
2624 694 2652 731 a
2685 678 2863 746 Patre,
2904 697 3066 736 unam
3101 691 3277 760 tamen
3308 699 3497 740 essen-

1928 771 2054 820 tiam
2077 777 2130 820 et
2148 777 2393 821 naturam
2419 769 2636 822 habent.

2001 855 2113 926 Ego
2145 866 2193 909 et
2221 856 2383 911 Pater
2413 857 2607 928 (inquit
2643 859 2918 928 Servatur)
2972 877 3132 916 unum
3163 880 3376 931 sumus,
3396 867 3414 898 ‘
3441 875 3500 921 ut

1928 947 2018 1016 qui
2049 947 2235 1011 sciret,
2269 959 2324 1003 et
2352 964 2409 1003 se
2437 958 2491 1002 et
2542 949 2756 1004 Patrem
2806 952 3020 1020 propria
3047 963 3334 1026 utrumque
3377 973 3500 1028 per~

1929 1050 2061 1089 sona
2085 1038 2404 1092 subsistere.
2430 1037 2563 1092 Nam
2585 1040 2689 1094 nisi
2719 1056 2807 1095 res
2832 1040 2904 1095 ita
2932 1058 3062 1096 vero
3095 1059 3151 1097 se
3175 1044 3360 1108 habet,
3402 1062 3500 1101 cur

1928 1141 2039 1184 non
2071 1130 2306 1183 servavit.
2338 1129 2560 1184 unitatis
2595 1131 2874 1197 decorum,
2928 1133 3064 1204 Ego,
3120 1133 3394 1205 inquiens,
3448 1148 3499 1191 et

1930 1219 2274 1274 Paterunum
2309 1213 2445 1278 sum.
2507 1221 2744 1278 Numero
2805 1224 2968 1295 igitur
3041 1237 3201 1281 utens
3253 1227 3498 1298 pluribus

1929 1314 2275 1383 congruenti,
2307 1330 2495 1369 eorum
2531 1315 2800 1384 quialiter
2829 1316 3077 1373 sentiunt
3120 1317 3320 1373 evertit
3383 1321 3502 1374 oni-

1931 1420 2168 1460 nionem.

1999 1584 2246 1654 Seipsum
2283 1603 2404 1640 esse
2430 1601 2492 1640 ex
2526 1586 2618 1642 Dei
2669 1596 2726 1642 et
2759 1586 2934 1644 Patris
2958 1589 3196 1645 essentia
3219 1591 3503 1650 declarans

1929 1675 2122 1741 Filius,
2157 1679 2286 1749 Ego,
2309 1679 2504 1748 inquit,
2535 1696 2565 1732 ιι
2615 1679 2775 1734 Patre
2822 1685 2960 1735 exivi
2996 1685 3038 1736 ’.
3069 1682 3350 1748 Quomodo
3403 1686 3501 1756 igi-

1933 1780 2020 1825 tur
2051 1787 2161 1826 uon
2187 1772 2324 1826 alter
2355 1771 2422 1826 ab
2457 1771 2548 1824 illo
2577 1772 2683 1827 erit
2710 1788 2942 1842 persona
2976 1777 3267 1842 duntaxat,
3295 1787 3349 1832 et
3397 1795 3499 1833 nu-

1930 1878 2102 1926 mero,
2135 1877 2259 1918 cuin
2287 1863 2470 1917 omnis
2506 1879 2606 1919 nos
2640 1865 2776 1918 ratio
2812 1865 3024 1930 doceat,
3055 1868 3104 1920 id
3137 1868 3281 1937 quod
3309 1884 3374 1922 ex
3401 1869 3514 1922 ali~

1929 1971 2039 2023 quo
2065 1955 2431 2024 proficiscitur
2471 1956 2537 2010 ab
2563 1972 2631 2011 eo
2656 1958 2936 2013 diversum
2969 1961 3207 2032 cogitare
3233 1961 3256 2015 ?
3317 1962 3498 2028 Quare

1929 2056 2164 2117 constat,
2201 2051 2359 2107 aliter
2410 2051 2764 2106 sentientium
2787 2053 3096 2122 Opinionem
3136 2051 3495 2110 esst-falsam.

2000 2320 2077 2372 Ex
2099 2319 2175 2374 ira
2211 2319 2306 2375 Dei
2346 2319 2753 2377 Sodomitaruin
2789 2323 3038 2381 civitates
3084 2324 3253 2382 fuisse
3311 2327 3499 2382 incen-

1927 2425 2020 2466 sas
2050 2421 2214 2481 atque
2261 2414 2572 2469 combustas
2601 2424 2830 2469 testatur
2845 2417 3026 2471 divina
3059 2417 3500 2489 Scriptura,qu.i:

1927 2514 2115 2574 aperte
2137 2506 2446 2570 declarans,
2477 2509 2750 2578 quomodo
2773 2509 2919 2563 Deus
2951 2511 3057 2564 illis
3102 2516 3496 2577 succensuerit,

1927 2601 1981 2647 et
2011 2597 2283 2664 quomodo
2312 2612 2516 2652 eversa:
2547 2599 2846 2670 deletaeque
2904 2599 3108 2655 fuerint
3141 2644 3156 2668 ,
3188 2602 3355 2665 Pluit,
3416 2605 3470 2660 in

1927 2685 2066 2752 quit,
2132 2683 2389 2739 Dominus
2413 2704 2444 2739 a
2470 2688 2694 2742 Domino
2720 2707 2878 2757 super
2927 2689 3211 2747 Sodomam
3237 2697 3406 2764 ignem
3451 2707 3498 2750 et

1927 2776 2148 2844 sulphur
2181 2776 2220 2831 ⁸.
2263 2776 2375 2832 Hoc
2397 2779 2542 2832 enim
2561 2781 2863 2848 puuitionis
2893 2798 3064 2854 genus
3084 2782 3362 2854 ﬂagitiosis
3398 2786 3499 2839 illis

1941 2868 2190 2922 maxime
2217 2870 2574 2940 congruebat.
2631 2872 2764 2937 Quis
2813 2888 2941 2944 ergo
3001 2875 3263 2930 Dominus
3305 2893 3334 2930 a
3390 2895 3500 2949 quo

1929 2957 2157 3013 Domino
2193 2961 2370 3031 ignem
2400 2963 2637 3028 demisit,
2673 2975 2728 3018 ct
2755 2963 3160 3021 Sodomitarum
3183 2971 3344 3024 urbes
3373 2971 3501 3026 abo-

1928 3051 2096 3107 levit?
2118 3051 2278 3108 Pater
2303 3055 2562 3108 nimirum
2598 3058 2782 3110 omnia
2816 3073 2910 3128 per
2938 3056 3134 3112 Filium
3164 3077 3351 3129 agens,
3405 3065 3496 3132 qui

1851 3173 1892 3232 ο
1931 3147 2104 3201 virtus
2141 3157 2222 3201 est
2289 3159 2341 3201 et
2379 3148 2660 3202 brachium
2693 3151 2886 3221 ipsius,
2919 3151 3048 3207 fecit
3094 3165 3150 3208 ut
3207 3155 3384 3225 ἰείη-ιιι
3446 3159 3497 3208 in

1930 3236 2240 3292 Sodomitas
2273 3244 2501 3307 plueret.
2537 3239 2900 3306 Quamobrem
2931 3245 3022 3315 qui
3070 3245 3184 3300 ﬁeri
3211 3257 3407 3316 potest,
3444 3259 3500 3303 ut

1924 3343 2047 3382 cum
2085 3329 2343 3385 Dominus
2375 3349 2403 3385 a
2447 3332 2672 3387 Domino
2705 3336 2880 3406 ignem
2939 3336 2992 3390 in
3047 3353 3140 3393 eos
3177 3342 3494 3410 conjecerit.

1925 3436 2035 3474 non
2061 3423 2131 3475 sit
2158 3423 2452 3479 distinctus
2480 3435 2536 3480 et
2567 3441 2596 3478 a
2631 3424 2768 3479 Filio
2794 3425 2974 3492 Pater,
3007 3438 3063 3483 ut
3098 3435 3309 3500 preptia
3353 3439 3497 3486 exsi-

1927 3525 2082 3566 Stens
2118 3530 2372 3583 persona,
2411 3526 2467 3570 et
2488 3534 2703 3571 rursum
2733 3534 2763 3572 a
2792 3518 2952 3574 Patre
2986 3520 3191 3578 Filius?
3224 3522 3320 3578 llic
3353 3525 3496 3578 enim

1927 3619 2093 3658 unum
2127 3607 2195 3660 ab
2219 3623 2328 3661 uno
2359 3608 2712 3678 signiﬁcatur.

1995 3793 2192 3846 Emitte
2214 3792 2380 3845 lucem
2408 3802 2553 3845 tuam
2576 3802 2624 3846 et
2669 3803 2943 3849 veritatem
2978 3807 3122 3851 tuam
3166 3804 3205 3851 ⁸.
3241 3800 3498 3866 Quanam

1926 3886 2073 3940 illius
2103 3893 2186 3938 est
2217 3883 2329 3948 lux,
2351 3892 2408 3938 et
2465 3886 2704 3941 veritas?
2734 3887 2875 3941 Audi
2923 3887 3145 3954 Filium,
3200 3891 3314 3962 qui,
3349 3893 3458 3965 Ego
3483 3933 3498 3960 ,

1927 3975 2123 4044 inquit,
2173 3991 2290 4028 sum
2328 3974 2440 4038 lum,
2476 3991 2568 4046 ego
2605 3994 2725 4031 sum
2753 3980 2967 4035 veritas.
2997 3981 3181 4052 Itaque
3209 3985 3254 4039 si
3320 3985 3408 4040 lux
3448 3997 3503 4041 et

1927 4069 2125 4124 veritas
2152 4067 2347 4131 Patris,
2375 4082 2573 4136 nempe
2611 4069 2804 4137 Filius,
2835 4073 2905 4128 ad
2929 4089 3030 4128 nos
3054 4076 3310 4143 mittitur,
3368 4095 3502 4147 quo-

1925 4160 2086 4216 modo
2109 4176 2218 4214 non
2264 4169 2347 4215 est
2374 4160 2443 4214 ab
2473 4161 2565 4214 illo
2597 4163 2914 4229 distinctus,
2944 4177 3220 4234 quatenus
3272 4172 3495 4240 propria

1927 4253 2173 4308 subsistit
2201 4268 2459 4322 persona,
2487 4254 2614 4309 licet
2647 4272 2769 4309 cum
2797 4256 2890 4310 illo
2917 4273 3087 4312 unum
3113 4261 3204 4325 sit,
3234 4272 3498 4336 quantum

1927 4345 1996 4399 ad
2029 4359 2191 4398 unam
2250 4353 2306 4399 et
2351 4347 2600 4401 eamdem
2661 4349 2957 4402 essentiam
3005 4351 3286 4420 pertinet?
3345 4353 3497 4420 Quod

1930 4438 1998 4503 si,
2038 4448 2097 4491 ut
2125 4439 2344 4507 quidam
2372 4439 2694 4508 opinantur,
2730 4459 2870 4496 unus
2902 4453 2985 4498 est
3013 4444 3171 4498 Pater
3194 4447 3354 4512 idem,
3407 4451 3496 4518 qui

1857 4509 1900 4564 ί)
1930 4529 1986 4578 et
2015 4524 2203 4590 Filius,
2232 4541 2330 4580 cur
2360 4543 2469 4582 non
2487 4543 2549 4581 ea
2573 4530 2756 4598 potius
2803 4532 3060 4599 precandi
3108 4534 3317 4588 ratione
3370 4552 3498 4590 usus

1923 4616 2206 4671 estdivino
2238 4616 2444 4688 Spiritu
2477 4619 2691 4674 alllatus
2715 4621 3000 4689 propheta:
3030 4621 3186 4685 Veni,
3222 4625 3494 4695 inquiens,

1923 4706 2129 4774 atinas,
2161 4723 2194 4762 ο
2237 4709 2326 4762 lux
2355 4717 2410 4765 et
2444 4711 2682 4765 veritas?
2716 4712 2894 4778 Quare
2933 4728 3054 4766 cum
3083 4715 3297 4780 dixerit,
3325 4715 3494 4779 Mitte.

1924 4797 2087 4851 alium
2129 4799 2316 4870 utique
2351 4800 2616 4856 intellexit
2642 4802 2796 4856 illum
2849 4818 2992 4867 esse,
3054 4806 3148 4874 qui
3211 4807 3398 4870 mittit.
3443 4823 3497 4865 et

1923 4888 2091 4944 alium
2145 4906 2292 4956 eum,
2353 4892 2445 4962 qui
2492 4893 2740 4948 mittitur.
2809 4891 3087 4952 Missionis
3129 4909 3310 4953 autem
3363 4903 3499 4958 ratio

1929 4973 2038 5029 Deo
2068 4981 2404 5036 conveniens
2438 4982 2723 5053 cogitetur.

2001 5179 2198 5235 Verum
2221 5179 2344 5248 quia
2377 5175 2501 5234 cum
2531 5178 2766 5238 Sabellio
2791 5185 2950 5241 Arius
2992 5197 3232 5257 pugnat:
3266 5206 3388 5245 nam
3411 5193 3500 5248 ille

1932 5281 2043 5324 tres
2068 5285 2332 5339 personas
2357 5271 2407 5324 in
2429 5288 2594 5328 unum
2625 5273 2696 5327 ita
2732 5276 3025 5342 contraxit,
3061 5289 3118 5331 ut
3171 5294 3332 5332 unam
3382 5290 3500 5335 tan-

1933 5372 2046 5417 tum
2071 5378 2380 5434 personam,
2401 5374 2454 5419 et
2486 5375 2734 5421 naturam
2763 5384 2922 5421 unam
2952 5384 3072 5424 esse
3097 5371 3448 5428 contenderet
3479 5392 3494 5432 :

1939 5456 2029 5510 hic
2051 5465 2230 5510 autem
2263 5467 2513 5510 naturam
2548 5475 2710 5513 unam
2741 5461 2814 5513 ita
2849 5461 3054 5526 divisit,
3087 5472 3142 5516 ut
3168 5472 3277 5518 tres
3336 5473 3499 5522 natu-
3599 5499 3616 5506 ~-

1939 5563 2049 5610 ras,
2086 5557 2142 5602 et
2167 5556 2280 5602 tres
2315 5564 2576 5618 personas
2597 5561 2912 5608 assereret:
2943 5555 3297 5620 Athanasius,
3328 5560 3504 5616 etBa-

1927 5640 2109 5704 silius,
2144 5650 2200 5694 et
2225 5638 2546 5713 Gregorius,
2586 5655 2642 5699 et
2670 5645 2760 5700 alii
2797 5643 2987 5702 Patres
3035 5663 3157 5701 cum
3209 5666 3503 5708 exsecran-

811 5795 1003 5849 ’Joatt.
1043 5815 1150 5859 χιι,
1175 5799 1265 5851 9.8.
1343 5801 1364 5832 ³
1390 5798 1525 5853 Gen.
1551 5813 1682 5863 M'Il,
1717 5798 1808 5851 ει.
1884 5798 2070 5855 ³1³5³1.
2111 5815 2238 5867 un,
2271 5803 2320 5858 5.

3065 5903 3125 5968 ll
