3954 6562
545 373 646 442 331

1771 367 2155 431 EUTHYMIl
2213 367 2572 429 ZIGABENI
3574 426 3576 428 ,
3672 373 3753 438 332

547 488 672 541 dam
711 485 820 541 Arii
853 485 1167 555 Opinionem
1202 481 1607 551 impugnarent,
1643 479 1802 534 simul
1835 480 1997 535 etiam
2020 478 2131 533 Sa-

2246 479 2540 548 ινέτρεψαν
2575 479 2674 549 τὴν
2717 476 2925 548 Ἀρείου
2969 475 3345 546 βλασφημίαν,
3381 477 3757 547 συμπιρέλαὸον

549 579 696 634 bellii
722 577 1052 639 doctrinam,
1082 575 1147 631 ad
1179 591 1340 646 quam
1370 573 1750 636 refellendam,
1779 584 1837 628 ιιι
1857 584 1980 643 pote
1999 588 2128 642 pau-

552 673 632 729 cis
658 669 1130 740 comprehensam,
1164 683 1274 723 non
1309 669 1493 722 multis
1523 683 1662 736 opus
1691 676 1808 720 erat
1835 680 2130 736 argumen-

557 766 646 828 tis,
680 770 1018 818 everterunt.

1122 872 1423 930 'l’lTULUS
1447 872 1536 926 Xl.

551 971 618 1026 In
650 973 895 1025 Aricinos.
929 968 1106 1040 Magni
1133 966 1435 1040 Athanasii.
1494 981 1556 1018 ea;
1603 975 1790 1034 quarto
1813 974 1992 1017 contra
2043 976 2128 1015 eo:

1169 1039 1308 1106 ipsus
1332 1037 1483 1090 libro.

614 1135 814 1191 Beatus
837 1132 1143 1188 Alexander
1179 1131 1470 1199 episcopus
1496 1126 1732 1181 Ecclesia
1779 1126 1965 1180 Arium
2013 1125 2126 1196 eje-

551 1227 648 1289 cit,
683 1235 740 1280 et
761 1223 987 1279 extrusit
1015 1222 1288 1276 dicentem
1353 1220 1467 1272 hinc
1503 1235 1516 1272 :
1569 1217 1682 1271 Non
1731 1232 1948 1286 semper
1985 1214 2128 1269 Deus

555 1317 735 1376 Pater,
757 1330 864 1368 non
889 1328 1106 1382 semper
1139 1310 1307 1364 Filius
1349 1309 1473 1362 fuit.
1525 1309 1626 1361 Sed
1687 1324 1810 1360 cum
1853 1323 2034 1361 omnia
2063 1324 2129 1361 ex

555 1409 730 1462 nihilo
789 1406 927 1460 facta
969 1407 1099 1467 sint,
1124 1403 1316 1458 eodem
1360 1402 1522 1456 modo
1569 1411 1622 1455 ct
1665 1400 1830 1454 Filius
1899 1398 2128 1462 exstitit,

553 1500 647 1567 qui
708 1508 762 1552 et
794 1498 908 1567 ipse
937 1512 1000 1551 ex
1036 1497 1199 1550 rebus
1234 1495 1530 1564 procreatis
1561 1505 1614 1546 et
1668 1493 1824 1545 r-tt‘llS
1870 1508 1973 1544 una
2023 1500 2126 1543 est.

552 1593 804 1660 (Eumque
835 1589 1017 1642 omnia
1045 1603 1154 1640 non
1181 1593 1363 1640 essent
1395 1585 1568 1654 prius,
1620 1599 1778 1652 quam
1812 1583 1950 1636 facta
1983 1591 2130 1646 sunt,

558 1684 636 1739 sic
672 1685 774 1737 fuit
815 1678 1128 1750 aliquando,
1160 1694 1284 1733 cum
1318 1688 1372 1730 et
1406 1677 1494 1733 Dei
1534 1675 1770 1731 Verbum
1805 1690 1915 1729 non
1963 1684 2126 1730 esset.

481 1793 492 1806 ι’
560 1779 745 1846 Neque
778 1776 925 1829 enim
951 1784 1066 1827 erat
1095 1783 1220 1825 ante
1274 1786 1435 1840 quam
1496 1771 1826 1839 gigneretur,
1860 1769 1954 1823 sed
1983 1770 2127 1822 exsi—

2237 573 2328 624 καὶ
2359 573 2457 642 τὴν
2497 572 2786 625 Σαϐελλίου
2822 572 2917 624 καὶ
2952 570 3380 638 συνανέτρεψαν,
3408 569 3488 621 ὅτι
3513 571 3636 641 μηδέ
3661 575 3757 627 πολ-

2235 663 2342 716 λῶν
2381 665 2549 717 ἐδεῖτο
2585 665 2759 734 λόγων
2799 664 3114 732 εὖέλεγκτος
3147 658 3313 726 οὖσα,
3358 661 3453 714 καὶ
3485 664 3558 726 εἰς
3593 663 3760 734 ὀλίγους

2237 758 2512 827 φθάσασα.

2834 873 3081 926 ΉΤΛΟΣ
3107 876 3170 926 ΙΑ
3194 916 3207 929 .

2241 963 2357 1019 Τοῦ
2382 964 2651 1035 μεγάλου
2697 966 3046 1019 Ἀθανασίου
3077 969 3226 1020 κατὰ
3272 966 3656 1035 “petat-timet:
3682 970 3759 1024 τοῦ

2486 1036 2636 1087 κατὰ
2684 1036 3004 1102 Ἄρειοι-ὡν
3036 1037 3321 1105 τετάρτου
3352 1039 3554 1104 λόγου.

2322 1125 2380 1179 Ὀ
2423 1126 2695 1196 μακάριος
2738 1125 3086 1198 Ἀλέξανδρος
3126 1130 3221 1181 καὶ
3250 1129 3548 1193 ἐπίσκοπος
3584 1130 3757 1195 ὲξέὅαλε

2238 1219 2328 1272 τὸν
2355 1219 2570 1290 Ἀρειον
2599 1219 2698 1286 τῆς
2735 1219 3061 1289 Ἐκκλησίας
3085 1218 3318 1286 λέγοντα
3347 1219 3517 1272 ταῦτα
3543 1238 3556 1253 ο
3583 1222 3679 1274 υῦκ
3697 1224 3759 1275 ἀεὶ

2237 1318 2264 1368 6
2288 1315 2420 1378 Θεὸς
2454 1317 2662 1387 Πατήρ.
2687 1318 2799 1370 Οὔκ
2819 1317 2904 1369 ἀεὶ
2928 1313 2996 1390 ἦν
3013 1317 3040 1368 6
3067 1317 3216 1380 Υἱὸς,
3244 1315 3382 1370 ἀλλὰ
3407 1319 3612 1372 πάντων
3629 1320 3758 1372 όντων

2239 1409 2298 1475 ἐξ
2327 1411 2424 1463 οὐκ
2454 1410 2644 1474 όντων,
2676 1412 2767 1462 καὶ
2793 1412 2820 1462 ό
2841 1411 2968 1473 Tit;
2993 1410 3087 1463 τοῦ
3115 1408 3253 1462 Θεοῦ
3280 1408 3340 1474 ἐξ
3363 1411 3460 1462 οὐκ
3483 1413 3636 1464 ὄντων
3654 1414 3757 1466 ἐστί.

2241 1505 2348 1557 Καὶ
2383 1505 2597 1556 πάντων
2619 1503 2791 1555 ὄντων
2824 1504 3160 1570 κτισμάτων,
3182 1504 3279 1556 καὶ
3302 1505 3460 1566 αὐτὸς
3494 1509 3674 1575 κτίσμα
3692 1508 3758 1558 καὶ

2239 1594 2450 1664 ποίημὰ
2480 1596 2614 1648 ἔστι.
2654 1595 2761 1647 Καὶ
2794 1598 3012 1647 πάντων
3043 1595 3142 1647 οὐκ
3179 1594 3354 1648 όντων
3386 1596 3649 1666 πρότερον,
3675 1595 3758 1648 ἀλλ’

2244 1688 2667 1755 ἐπιγενομένων,
2699 1688 2791 1739 καὶ
2822 1688 2984 1750 αὐτθς
3011 1689 3038 1739 ό
3079 1688 3172 1741 τοῦ
3207 1689 3345 1742 Θεοῦ
3372 1689 3538 1757 Λόγος
3559 1685 3618 1761 ἦν
3645 1709 3758 1754 ποτε,

2239 1780 2325 1832 ὅτε
2351 1783 2449 1833 οὐκ
2473 1777 2562 1850 ἦν,
2595 1782 2688 1833 καὶ
2719 1781 2818 1833 οὐκ
2842 1775 2910 1850 ἦν
2944 1783 3070 1850 πρὶν
3098 1781 3446 1852 γεννηθῆναι.
3483 1783 3660 1853 Ἀρχὴν
3677 1785 3760 1854 ἔχει

570 1870 750 1925 stcndi
787 1867 1116 1938 principium
1142 1865 1353 1927 habuit,
1388 1880 1508 1915 ('tlllt
1569 1861 1708 1915 Deus
1741 1861 1910 1914 voluit
1956 1859 2138 1928 ipsum

2246 1873 2336 1925 τοῦ
2371 1869 2530 1926 εἶναι.
2568 1871 2701 1926 Τότε
2738 1874 2847 1940 γὰρ
2879 1873 3125 1941 γέγονεν,
3161 1875 3250 1926 ὅτε
3295 1873 3604 1943 βεϐούλευτο
3638 1877 3758 1928 αὑτὸν

558 1966 792 2018 ellieere.
822 1960 957 2014 Nam
990 1976 1156 2012 unum
1190 1974 1257 2011 ex
1289 1959 1561 2009 universas
1590 1954 1846 2024 operibus
1877 1945 2131 2023 etipsum

561 2069 665 2112 est.
704 2057 770 2110 Et
822 2053 1079 2123 quoniam
1115 2062 1330 2119 .natura
1398 2049 1656 2102 mutabile
1713 2059 1817 2112 est,
1866 2048 2144 2102 voluntate

561 2149 864 2222 permansit
889 2147 1116 2209 bonum,
1176 2159 1299 2198 cum
1343 2154 1521 2194 tamen
1579 2152 1634 2193 ιιι
1694 2139 1902 2208 reliqua
1959 2138 2139 2192 omnia

562 2245 759 2300 mutari
803 2240 1000 2307 possit,
1033 2236 1407 2306 quandovult.
1441 2234 1647 2288 Idcirco
1675 2234 1821 2286 enim
1857 2233 1999 2285 Deus
2018 2247 2140 2284 cum

563 2336 897 2408 prteviderct
950 2333 1127 2401 ipsum
1164 2329 1406 2382 futurum
1445 2327 1668 2390 bonum,
1713 2323 1852 2377 hanc
1900 2324 1973 2377 illi
2025 2323 2142 2392 glo-

564 2432 700 2484 riam
768 2427 983 2484 tribuit,
1015 2437 1176 2492 quam
1209 2437 1269 2474 ex
1325 2421 1524 2473 virtute
1575 2419 1829 2484 deinceps
1885 2416 2138 2468 obtinuit.

563 2526 762 2577 Dicunt
807 2521 989 2591 igitur,
1021 2516 1294 2571 Christum
1365 2528 1472 2566 non
1535 2527 1656 2565 esse
1709 2527 1892 2564 verum
1951 2510 2140 2571 Deum,

563 2616 658 2670 sed
690 2613 1081 2667 communione
1118 2608 1285 2660 Deum
1323 2603 1473 2669 -dici,
1539 2613 1596 2656 ut
1644 2602 1882 2671 reliquos
1928 2617 2140 2656 (names.

563 2708 788 2760 Addunt
817 2713 1100 2774 prmtcrea,
1131 2699 1309 2768 ipsum
1347 2713 1453 2750 non
1490 2713 1609 2750 esse
1674 2711 1725 2746 ιιι
1759 2693 1913 2746 Patre
1952 2703 2143 2746 natura

563 2813 619 2855 et
652 2799 932 2870 proprium
969 2795 1225 2849 essentia:
1263 2791 1406 2844 illius
1465 2789 1707 2843 Verbum
1752 2797 1810 2858 et
1869 2785 2140 2857 propriam

563 2896 685 2962 ejus
732 2889 1077 2961 sapientiam,
1139 2901 1245 2955 qua
1315 2888 1584 2937 mundum
1647 2881 1792 2934 hunc
1849 2880 2143 2932 fabricatus

563 3001 665 3040 t-St.
694 2983 854 3038 Aliud
879 2981 1020 3035 enim
1061 2992 1183 3032 esse
1224 2973 1621 3029 Verbumillud
1662 2972 1940 3040 proprium
1997 2970 2141 3040 quod

568 3083 620 3133 in
653 3070 815 3131 Patre
841 3083 950 3137 est,
988 3071 1262 3138 aliamque
1296 3066 1572 3136 propriam
1616 3067 1670 3117 in
1723 3064 1880 3117 Patre
1923 3064 2140 3131 sapien-

2243 1967 2272 2018 6
2309 1965 2440 2028 Θεὸς
2480 1966 2910 2036 δημιουργῆσαι.
2959 1967 3056 2018 Ἓν
3091 1966 3201 2037 γὰρ
3242 1967 3352 2021 τῶν
3390 1967 3592 2021 πάντων
3627 1968 3760 2038 ἔργων

2247 2057 2363 2109 ἐστὶ
2399 2058 2492 2108 καὶ
2525 2055 2706 2119 αὑτός.
2743 2058 2849 2111 Kal
2877 2058 2959 2110 ὅτι
2989 2061 3054 2126 τῇ
3087 2060 3183 2126 μὲν
3217 2057 3382 2128 φύσει
3412 2059 3622 2130 τρεπτός
3654 2062 3756 2123 ἐστι,

2250 2148 2327 2217 τῷ
2366 2148 2420 2199 δὲ
2459 2149 2571 2218 ἰδίῳ
2604 2146 2938 2217 αὑτεξουσίῳ
2974 2146 3227 2217 βούλεται
3262 2151 3449 2218 μένειν
3502 2152 3758 2216 uate-az.-

2248 2242 2431 2311 μέντοι
2481 2241 2648 2307 Οέλει,
2679 2240 2902 2294 δύναται
2941 2243 3242 2312 τρέπεσθαι
3277 2246 3372 2297 καὶ
3415 2245 3585 2309 αὐτὸς,
3618 2243 3760 2316 ὥσπερ

2244 2338 2337 2389 καὶ
2376 2337 2442 2388 τὰ
2477 2336 2673 2388 πάντα.
2723 2334 2821 2388 Διά
2849 2334 3006 2387 τοῦτο
3030 2336 3137 2405 γὰρ
3183 2339 3210 2389 ό
3253 2338 3390 2403 Θεὸς
3436 2337 3758 2409 προγινώσκων

2243 2429 2459 2481 ἔσεσθαι
2492 2429 2656 2481 καλὸν
2682 2427 2846 2482 αὐτὸν
2882 2427 3176 2497 προλαϐὼν
3205 2430 3360 2498 αὐτῷ
3387 2430 3581 2500 ταύτην
3605 2429 3680 2498 τὴν
3698 2429 3759 2481 δό-

2249 2521 2344 2586 ξαν
2393 2521 2648 2586 δέδωκεν,
2691 2521 2758 2591 ἢν
2800 2521 2865 2574 ἂν
2906 2522 2999 2573 καὶ
3030 2522 3092 2573 ἐκ
3123 2522 3225 2591 τῆς
3275 2525 3471 2594 ἀρετῆς
3510 2525 3618 2592 ἔςχε
3655 2523 3756 2592 μετὰ

2245 2614 2436 2668 ταῦτα.
2470 2615 2705 2680 Λέγουσι
2734 2611 2863 2681 γοῦν
2899 2615 2981 2666 ὅτι
3012 2613 3134 2667 οὐδὲ
3158 2616 3292 2678 Θεὸς
3333 2615 3569 2682 ἀληθινός
3598 2616 3755 2668 ὲστινό

2245 2707 2504 2778 Χριστος,
2547 2705 2684 2757 ἀλλὰ
2735 2708 2934 2776 μετοχῇ
2981 2706 3072 2759 καὶ
3122 2707 3311 2775 αὐτὸς,
3353 2707 3534 2778 ὥσπερ
3569 2707 3610 2760 ol
3647 2705 3754 2760 ἄλλοι

2247 2803 2470 2864 πάντες,
2503 2799 2721 2866 λίγεται
2757 2801 2907 2863 Θεός.
2939 2801 3304 2871 Προστιοέασι
3334 2802 3388 2856 δὲ
3420 2803 3510 2856 καὶ
3536 2801 3752 2877 τοῦτογότι

2245 2896 2343 2948 οὐκ
2380 2895 2526 2947 ἐστιν
2559 2893 2719 2954 αὐτὸς
2761 2896 2820 2946 ὲν
2858 2893 2933 2963 τῷ
2974 2896 3148 2962 [lupi
3181 2894 3382 2964 φύσει,
3423 2895 3515 2949 καὶ
3547 2896 3655 2957 ίδιος
3684 2894 3755 2961 τῆς

2245 2987 2432 3050 οὐσίας
2461 2985 2626 3039 αὑτοῦ
2655 2986 2848 3054 Λόγος,
2883 2986 2977 3040 καὶ
3005 2988 3037 3058 ἡ
3066 2986 3170 3040 ἰδία
3198 2988 3384 3058 σοφία,
3407 2982 3514 3062 ὲνῇ
3541 2987 3754 3056 πεποίηκε

2245 3079 2431 3134 τοῦτον
2468 3079 2560 3133 τὸν
2606 3081 2828 3150 κόσμον,
2873 3079 2984 3132 ἀλλ’
3032 3080 3190 3144 ἄλλος
3237 3082 3341 3149 μέν
3383 3083 3522 3135 ἐστιν
3555 3082 3580 3134 ό
3617 3080 3664 3133 ἐν
3698 3077 3753 3148 τῷ

567 3174 720 3237 tiam,
754 3184 862 3238 qua
887 3165 1106 3237 quidem
1141 3160 1412 3232 sapientia
1444 3167 1499 3213 et
1563 3155 1795 3210 Verbum
1845 3157 1945 3209 hoc
1992 3154 2138 3210 fecit.

2251 3171 2426 3239 Πατρὶ
2487 3170 2658 3224 αὐτοῦ
2721 3170 2850 3233 ἴδιος
2915 3170 3109 3239 Λόγος,
3177 3173 3273 3225 καὶ
3337 3172 3467 3242 ἄλλη
3519 3173 3548 3242 ἡ
3599 3174 3646 3224 ἑν
3701 3167 3754 3238 τῷ

567 3269 725 3320 Hunc
748 3262 893 3316 enim
916 3260 1094 3328 ipsum
1129 3255 1421 3309 Dominum
1450 3251 1710 3320 opinione
1743 3245 1981 3302 Verbum
2048 3263 2135 3299 ra-

569 3362 887 3424 tionemque
911 3351 1016 3406 dici
1052 3357 1277 3418 propter
1303 3339 1415 3410 illa,
1444 3353 1565 3413 quae
1593 3342 1804 3395 ratione
1832 3349 1960 3393 sunt
2007 3355 2141 3409 pne-

568 3454 677 3507 dita
721 3439 1332 3518 :0pinioneitenrdici
1380 3437 1702 3507 sapientiam
1762 3443 1981 3502 propter
2029 3433 2139 3496 illa,

567 3563 690 3617 qua:
721 3539 988 3614 sapientia
1059 3544 1187 3589 sunt
1227 3541 1439 3586 ornata.
1488 3528 1738 3597 Denique
1797 3542 1919 3580 cum
1959 3525 2142 3580 omnia

567 3640 680 3692 sint
709 3635 886 3690 aliena
919 3641 975 3686 et
1000 3626 1312 3700 peregrina,
1347 3632 1400 3678 et
1431 3621 1500 3676 ab
1539 3619 1778 3676 essentia
1837 3617 2012 3672 Patris
2054 3633 2145 3671 re-

568 3729 891 3791 motissima,
925 3725 1002 3779 sic
1033 3732 1090 3776 et
1111 3721 1289 3791 ipsum
1312 3723 1569 3773 asserunt
1599 3713 1668 3767 ah
1687 3711 1922 3766 essentia
1968 3708 2144 3762 Patris

565 3821 961 3879 alienissimum
1007 3833 1070 3871 ac
1109 3811 1554 3874 remotissimum,
1586 3808 1787 3880 quippe
1837 3805 1931 3877 qui
1970 3805 2145 3859 factus

566 3931 620 3971 et
648 3923 866 3972 cicatus
889 3912 980 3975 sit,
1016 3920 1070 3964 et
1095 3923 1262 3961 unum
1303 3919 1462 3974 opus.
1497 3903 1580 3957 Ad
1621 3902 1737 3956 hinc
1789 3903 1942 3954 aiunt
1973 3899 2142 3954 Deum

566 4027 673 4064 non
702 4016 923 4079 pr0pter
947 4004 1096 4056 illum
1125 4016 1225 4057 nos
1259 4011 1608 4068 procreasse,
1643 3995 1738 4049 sed
1781 3994 1934 4048 illum
1984 4007 2147 4062 prop-

569 4114 799 4155 ternos.
840 4098 970 4151 Erat
995 4091 1467 4159 enim,inquiunt,
1493 4086 1641 4143 solus
1691 4087 1852 4150 Deus,
1901 4095 1954 4139 et
2019 4099 2143 4139 cum

535 4255 547 4268 ,
570 4200 661 4252 illo
687 4211 794 4251 non
829 4198 947 4246 erat
970 4189 1231 4244 Verbum.
1259 4184 1466 4240 Deinde
1491 4199 1614 4237 cum
1637 4182 1798 4236 vellet
1821 4195 1922 4234 nos
1963 4179 2146 4232 elliceo

571 4309 653 4355 re,
695 4300 825 4342 tunc
857 4294 912 4338 et
946 4281 1077 4355 illud
1102 4279 1382 4341 eﬁecit,et
1414 4292 1476 4330 ex
1505 4290 1613 4344 quo
1647 4274 1851 4327 factum
1887 4270 2146 4336 est,Ver-

569 4351 722 4444 bunt,
762 4387 818 4434 et
870 4351 1089 4437 Filium,
1151 4382 1203 4425 et
1228 4368 1547 4440 sapientiam
1607 4368 1784 4437 ipsum
1836 4363 2146 4435 appellavit,

569 4486 632 4532 ut
661 4488 765 4529 nos
791 4486 886 4542 per
917 4467 1047 4523 illud
1084 4472 1417 4536 procrearet.
1456 4460 1522 4518 Et
1549 4458 2008 4531 quemadmodum
2058 4471 2145 4510 rc-

2245 3266 2423 3336 Πατρὶ
2488 3265 2591 3318 ἰδία
2647 3264 2809 3332 σοφία
2857 3264 3042 3328 αὐτοῦ,
3089 3267 3148 3318 ὲν
3298 3269 3458 3337 σοφίᾳ
3497 3265 3580 3320 καὶ
3611 3261 3754 3316 τοῦτον

2243 3359 2335 3411 τὶν
2391 3360 2563 3425 Λόγον
2613 3356 2932 3426 πεποίηκεν.
2985 3358 3157 3421 Αὐτὸς
3203 3358 3262 3411 δὲ
3317 3354 3468 3422 οὗτος
3525 3360 3550 3411 ό
3600 3355 3755 3422 Κύριος

2245 3449 2360 3500 κατ’
2410 3447 2651 3499 ἐπίνοιαν
2702 3447 2920 3514 λέγεται
2977 3447 3150 3514 Λόγος
3205 3449 3297 3502 διὰ
3350 3451 3415 3502 τὰ
3463 3433 3659 3517 λογικὰ,
3689 3444 3754 3498 καὶ

2245 3539 2365 3592 κατ’
2425 3541 2668 3592 ἐπίνοιαν
2718 3539 2936 3608 λέγεται
2979 3541 3138 3609 σοφία
3198 3541 3292 3598 διὰ
3350 3542 3415 3596 τὰ
3465 3538 3750 3610 σοφιζόμενα.

2257 3631 2472 3700 ’Λμέλει
2537 3634 2699 3702 φασὶν
2751 3633 2833 3686 ὅτι
2887 3635 3103 3687 πάντων
3159 3634 3327 3700 ξένων
3392 3636 3480 3690 καὶ
3521 3633 3753 3701 ἀλλοτρίων

2245 3727 2414 3780 ὄντων
2483 3726 2620 3777 κατὰ
2675 3725 2775 3794 τὴν
2827 3726 3015 3778 οὐσίαν
3081 3726 3174 3780 τοῦ
3233 3727 3464 3797 Πατρός,
3513 3723 3637 3779 οὕτω
3687 3721 3754 3772 καὶ

2245 3819 2409 3880 αὐτὸς
2452 3816 2604 3883 ξένος
2662 3817 2782 3887 μὲν,
2831 3821 2921 3870 καὶ
2975 3819 3256 3890 ἀλλότριος
3311 3821 3409 3890 τῆς
3463 3817 3550 3870 τοῦ
3594 3815 3752 3883 Πατρὶς

2246 3911 2429 3974 οὐσίας
2472 3911 2590 3964 ἔστι
2617 3927 2631 3942 ο
2676 3911 2784 3963 τῶν
2819 3913 2874 3964 δὲ
2903 3912 3178 3982 γεννητῶν
3220 3914 3317 3966 καὶ
3343 3913 3631 3982 κτισμάτων
3660 3905 3753 3961 lito;

2249 4005 2340 4054 καὶ
2372 3995 2450 4063 εἷς
2481 4001 2762 4072 τυγχάνει.
2792 4001 3013 4072 Κτίσμα
3043 4002 3154 4069 γάρ
3179 4003 3320 4065 ἐστι,
3347 4006 3436 4055 καὶ
3462 4001 3661 4070 ποίημα,
3687 3993 3753 4046 καὶ

2247 4095 2431 4165 ἔργον.
2463 4096 2632 4148 Πάλιν
2663 4095 2721 4148 τέ
2752 4111 2916 4163 φασιν
2945 4097 3026 4149 ὅτι
3058 4097 3156 4166 οὐχ
3196 4097 3346 4167 ἡμᾶς
3376 4097 3546 4149 ἔκτισε
3572 4092 3630 4146 δι’
3652 4089 3755 4143 ἐκεῖ·

2249 4206 2362 4252 νον,
2409 4188 2525 4242 ἀλλ’
2564 4191 2768 4241 ἐκεῖνον
2813 4189 2880 4241 δι’
2925 4190 3093 4258 ἡμᾶς.
3133 4183 3240 4242 Ἦν
3271 4191 3399 4260 γὰρ,
3443 4186 3600 4258 φησὶ,
3633 4180 3752 4251 μόνος

2249 4283 2277 4334 ὁ
2334 4282 2464 4344 Θεὸς
2496 4322 2510 4346 ,
2553 4284 2646 4336 καὶ
2717 4283 2816 4335 οὐκ
2872 4278 2940 4354 ἦν
2999 4286 3025 4336 6
3081 4284 3255 4351 Λόγος
3309 4283 3404 4337 σὺν
3468 4276 3617 4348 αὐτῷ.
3659 4267 3752 4324 Εῐτιι

2251 4374 2482 4446 θελήσας
2510 4376 2656 4445 ἡμᾶς
2686 4375 3112 4445 δημιουργῆσαι,
3146 4377 3268 4426 τότε.
3311 4373 3565 4440 πεποίηκε
3592 4363 3749 4419 τοῦτον.

2253 4469 2364 4522 Kal
2410 4467 2505 4538 ἀφ’
2545 4462 2606 4524 οὗ
2651 4469 2897 4538 γέγονεν,
2946 4470 3230 4540 ὠνόμασεν
3279 4470 3440 4523 αὑτὸν
3483 4467 3649 4534 Λόγον,
3685 4456 3754 4509 καὶ

568 4569 713 4638 liqua
746 4562 929 4619 omnia
983 4558 1076 4614 Dei
1111 4556 1392 4612 voluntate
1444 4553 1792 4617 exstiterunt,
1853 4563 1977 4604 cum
2038 4563 2141 4602 non

2253 4559 2411 4628 Υίδν,
2448 4561 2542 4614 καὶ
2582 4560 2797 4629 σοφίαν,
2833 4560 2919 4614 ἵνα
2951 4563 3045 4615 καὶ
3079 4563 3229 4632 ἡμᾶς
3259 4561 3330 4616 δι’
3365 4557 3522 4616 αὑτοῦ
3547 4557 3752 4638 δημιουρς

568 4667 752 4716 essent
785 4655 956 4728 prim,
985 4652 1064 4707 sic
1111 4660 1167 4704 et
1194 4649 1396 4718 ipsum,
1431 4663 1553 4702 eum
1585 4655 1744 4700 antea
1808 4660 1919 4698 non
1978 4651 2146 4710 esset,

570 4757 776 4810 factum
803 4758 910 4804 est.
939 4746 1124 4814 Neque
1151 4743 1326 4807 enim,
1352 4742 1629 4809 inquiunt,
1667 4739 1920 4808 proprius
1954 4747 2008 4792 et
2051 4753 2150 4792 na-

571 4845 760 4902 turalis
795 4840 965 4896 Filius
994 4838 1171 4894 Patris
1205 4844 1288 4890 est
1324 4834 1583 4898 Verbum,
1619 4833 1714 4887 sed
1741 4842 1794 4885 et
1825 4831 2001 4900 ipsum
2051 4846 2150 4901 per

572 4937 802 5010 gratiam
833 4931 1063 4988 exstitit.
1108 4927 1212 4993 Qui
1266 4927 1415 4980 enim
1455 4936 1538 4978 est
1577 4924 1740 4987 Deus,
1794 4921 2017 4988 Filium,
2058 4923 2150 4992 qui

571 5047 682 5090 non
733 5035 871 5092 erat,
907 5025 1037 5080 fecit
1069 5040 1133 5076 ea
1165 5021 1466 5083 voluntate,
1517 5034 1625 5088 qua
1657 5017 1785 5071 fecit
1811 5026 1866 5071 et
1919 5016 2152 5071 fabrica-

571 5125 654 5179 vit
686 5133 740 5176 et
767 5134 886 5175 esse
936 5118 1104 5174 voluit
1132 5115 1336 5170 omnia.
1369 5111 1502 5166 Nam
1539 5110 1669 5164 illud
1722 5109 1884 5164 etiam
1935 5111 2147 5180 dicunt,

572 5210 847 5268 Christum
877 5224 985 5262 non
1013 5223 1134 5261 esse
1168 5204 1472 5258 naturalem
1502 5212 1554 5256 et
1607 5217 1788 5256 veram
1829 5201 2006 5257 Patris
2039 5205 2148 5257 vir-

573 5316 771 5372 tutem,
801 5303 898 5357 sed
931 5296 1392 5370 quemadmodum
1427 5294 1691 5358 bruchus,
1743 5305 1798 5350 et
1850 5311 2031 5361 eruca,
2073 5301 2150 5354 sic

575 5409 629 5456 et
661 5400 778 5469 ipse
825 5396 1029 5461 Patris,
1063 5392 1340 5461 inquiunt,
1390 5390 1562 5444 virtus
1591 5390 1810 5446 dicitur.
1841 5391 1975 5447 Illud
2021 5395 2148 5449 item

574 5493 898 5562 adiungunt,
937 5488 1150 5541 Patrem
1187 5498 1306 5537 esse
1367 5481 1504 5536 Filio
1527 5482 1872 5549 invisibiletn,
1951 5485 2148 5539 Filium

575 5583 722 5640 enim
742 5582 958 5636 Patrem
997 5591 1097 5630 nec
1132 5575 1338 5636 videte,
1367 5589 1468 5628 nec
1546 5575 1846 5645 intelligere
1910 5579 2150 5646 perfecte

577 5691 633 5732 et
663 5673 932 5730 absolute.
965 5667 1100 5722 Nam
1132 5682 1255 5721 cum
1316 5667 1616 5721 essistendi
1667 5668 1988 5738 principium
2051 5669 2149 5724 ba-

577 5772 726 5833 heat,
753 5781 862 5820 non
892 5778 1052 5834 posse
1084 5776 1234 5827 eum,
1274 5759 1364 5831 qui
1413 5759 1676 5830 principio
1739 5770 1908 5826 caret,
1964 5764 2150 5834 cogni-

585 5875 697 5919 tum
735 5859 955 5914 habere.
989 5853 1143 5921 Quod
1163 5853 1206 5909 si
1239 5862 1530 5926 cognoscat
1556 5865 1609 5911 et
1635 5853 1833 5919 videat,
1865 5869 1963 5925 pro
1993 5870 2148 5909 men-

2251 4653 2418 4725 γήσῃ.
2480 4654 2586 4706 Kal
2630 4653 2820 4723 ὥσπερ
2866 4654 2934 4706 τὰ
2987 4654 3166 4708 πάντα
3203 4653 3498 4725 βουλήματι
3537 4645 3614 4701 τοῦ
3654 4635 3751 4692 Θεοῦ

2253 4743 2462 4814 ὑπέστη
2491 4745 2591 4797 οὐκ
2618 4744 2749 4797 ὄντα
2782 4744 3068 4814 πρότερον,
3108 4742 3250 4797 οὕτω
3283 4742 3378 4798 καὶ
3403 4737 3550 4799 αὐτὸς
3576 4731 3638 4800 τῷ

2253 4837 2458 4906 λήματι
2510 4836 2603 4890 τοῦ
2663 4836 2799 4889 Θεοῦ
2856 4837 2956 4889 οὐκ
3014 4835 3090 4889 ὢν
3139 4835 3404 4906 πρότερον
3452 4829 3654 4897 ἐγένετο.
3698 4815 3748 4868 Οὐ

2252 4929 2361 5000 γάρ
2400 4930 2515 4982 ἐστι
2541 4930 2636 4983 τοῦ
2658 4930 2875 5000 Πατρδς
2905 4929 3036 4982 ἴδιον
3067 4927 3160 4980 καὶ
3193 4927 3353 4996 φύσει
3386 4923 3608 4995 γέννημα
3632 4917 3654 4966 ὁ
3676 4907 3747 4963 Λό-

2250 5039 2368 5090 γος,
2400 5021 2536 5075 ἀλλά
2566 5024 2659 5076 καὶ
2698 5022 2859 5086 αὐτὸς
2888 5022 3073 5092 χάριτι
3101 5022 3346 5091 γέγονεν,
3365 5022 3421 5070 '0
3451 5016 3548 5086 γὰρ
3574 5009 3636 5062 ὢν
3655 5001 3750 5092 Θεὸς

2251 5115 2340 5168 τὸν
2392 5115 2469 5185 μὴ
2519 5115 2646 5168 ὄντα
2695 5115 2821 5168 Υἱὸν
2865 5090 3136 5185 ττεττοίηκε
3177 5090 3473 5185 τῇ-βουλῇ,
3520 5107 3571 5158 ἐν
3683 5090 3749 5144 κ²ὶ

2250 5206 2318 5260 τὰ
2353 5205 2533 5259 πάντα
2578 5205 2864 5272 πεποίηκε,
2893 5203 2990 5257 καὶ
3023 5203 3444 5275 ἐδημιούργησε,
3479 5195 3563 5248 καὶ
3592 5189 3747 5242 ἔκτισεν

2253 5300 2344 5353 καὶ
2371 5296 2628 5366 γενέσθαι.
2655 5295 2913 5367 ἠθέλησε.
2945 5297 3053 5350 Καὶ
3082 5296 3192 5367 γὰρ
3224 5295 3318 5348 καὶ
3343 5291 3492 5346 τοῦτο
3517 5285 3744 5367 λέγουσινι

2251 5395 2332 5447 ὅτι
2361 5393 2459 5445 οὐκ
2488 5391 2636 5444 ἐστιν
2662 5392 2691 5442 6
2717 5366 2950 5460 Χριστὸς
2976 5391 3010 5460 ἡ
3035 5366 3240 5461 φυσικὴ
3271 5389 3366 5442 καὶ
3391 5376 3598 5451 ἀληθινῆ
3633 5366 3746 5461 δξδνφ

2255 5503 2346 5557 μις
2382 5486 2475 5539 τοῦ
2510 5484 2678 5549 Θεοῦ,
2722 5459 2839 5538 ἀλλ’
2873 5459 3064 5552 ὦπτερ
3107 5484 3142 5554 ἡ
3179 5459 3370 5552 κάμπη
3405 5477 3491 5531 καὶ
3519 5474 3543 5526 6
3572 5459 3745 5538 βροῦχοὶ

2251 5580 2503 5647 λέγονται
2538 5578 2805 5646 δύναμις,
2838 5575 2980 5629 οὕτω
3009 5577 3102 5628 καὶ
3141 5573 3307 5638 αὐτὸς
3340 5571 3541 5634 λέγεται
3571 5558 3744 5647 δύναμις

2254 5641 2350 5726 τοῦ
2384 5670 2616 5741 Πατρός.
2648 5641 2790 5739 Πρὸς
2822 5668 3039 5731 τούτοις
3071 5667 3257 5736 ἔλεγεν
3287 5669 3365 5720 ὅτι
3403 5660 3474 5730 τῷ
3506 5652 3596 5722 Υιῷ
3669 5641 3746 5694 ﬂ"

2255 5765 2359 5835 τὴρ
2391 5737 2618 5834 ἀόρατος
2655 5737 2914 5830 ὐττάρκει.
2958 5763 3049 5812 καὶ
3089 5758 3213 5813 οὕτε
3244 5760 3362 5828 ὁρᾷ,
3393 5753 3508 5810 οὔτε
3546 5737 3742 5835 γιγώσιξίξ

2257 5819 2476 5920 τελείως
2510 5819 2617 5908 καὶ.
2633 5819 2874 5925 ἁκριόιῦς
2898 5819 2989 5908 τὸν
3014 5850 3234 5923 Πατέρα
3489 5832 3656 5906 Ἀρχὴν
3669 5819 3744 5890 γὰρ
