3954 6554
227 465 341 528 333

1206 457 1584 522 PANOPLIA
1622 455 2062 521 DOGMATICA
2105 481 2173 492 -
2207 455 2354 518 TIT.
2398 457 2500 517 Xl.

3385 453 3488 515 334

227 572 376 642 ἔχων
414 569 508 626 τοῦ
543 565 684 623 εἶναι
733 568 794 624 ού
827 567 1052 622 δύναται
1091 567 1183 620 τὸν
1213 567 1452 638 ἄναρχον
1498 565 1809 632 γινώσκειν.

1938 579 2060 618 iura:
2092 579 2204 618 sure
2237 574 2448 619 ratione
2495 577 2828 634 cegnoseere
2868 574 2922 620 et
2971 564 3174 628 videre,
3227 564 3484 634 quemadc

239 664 407 718 Ἀλλὰ
431 663 523 717 καὶ
542 662 571 716 ὃ
597 661 854 732 γινώσκει
885 663 982 715 δια)⁸
1032 659 1240 730 βλέπει,
1272 660 1550 728 ἀναλόγως
1567 654 1674 710 οἶδε
1703 657 1816 718 τοῖς

232 755 390 818 ίδίοις
411 756 650 823 μέτροις.
670 755 781 808 Καὶ
803 752 1013 823 βλέπει,
1031 752 1180 804 ὥσπε
1189 769 1220 822 ρ
1244 752 1336 804 καὶ
1361 753 1522 819 ἡμεῖς
1553 748 1819 817 γινώσκο-

233 862 339 915 μεν
369 849 464 900 καὶ
483 847 755 918 βλέπομεν
782 846 926 900 κατὰ
942 845 1038 918 τὴν
1060 846 1196 899 ίδίαν
1222 845 1469 912 δύναμιν.
1499 842 1816 913 Προσετίθει

228 939 288 991 δὲ
312 941 412 991 καὶ
439 940 619 1002 τοῦτο,
649 939 732 992 ὅτι
763 939 824 991 οὐ
850 939 1013 1007 μόνον
1039 937 1128 990 τὸν
1146 935 1370 1008 Πατέρα
1386 935 1485 986 οὐκ
1502 932 1640 987 οἶδεν
1663 935 1818 1003 ἀκρι-

232 1033 372 1094 6ὦς,
391 1031 506 1084 ἀλλ’
531 1032 653 1084 οὐδὲ
682 1031 780 1100 τὴν
803 1030 940 1084 ἰδίαν
962 1029 1156 1084 ἑαυτοῦ
1186 1030 1374 1080 οὐσίαν
1394 1023 1522 1080 οἶδε.
1554 1026 1736 1078 Πάντα
1761 1024 1819 1076 δὲ

230 1123 413 1177 ταῦτα
445 1122 553 1176 τῶν
575 1121 806 1192 Γραφῶν
828 1123 976 1174 ἐστιν
1005 1119 1242 1175 ἐναντία.
1285 1119 1341 1172 '0
1375 1120 1471 1189 μὲν
1497 1117 1605 1186 γὰρ
1644 1117 1821 1169 Ἰωάν-

232 1230 339 1281 νης
379 1214 567 1281 φησιν,
624 1213 728 1266 'Er
755 1211 914 1281 ἀρχῇ
958 1207 1035 1281 ἦν
1077 1213 1109 1264 ό
1138 1212 1361 1276 Λόγος·
1408 1201 1554 1260 οὗτοι
1610 1205 1666 1258 δὲ
1718 1206 1819 1274 φά-

237 1319 488 1369 σκουσιν,
514 1304 626 1356 Ούκ
651 1299 720 1373 ἦν
747 1305 876 1374 πρὶν
895 1301 1248 1372 γεννηθῆναι.
1271 1301 1374 1352 Καὶ
1393 1299 1553 1362 αὐτὸς
1576 1298 1632 1350 δὲ
1658 1300 1822 1352 πᾶσιν

237 1394 477 1464 ἔγραψε,
517 1395 630 1448 Καί
673 1395 861 1462 ἐσμεν
889 1396 958 1447 ἐν
986 1391 1066 1458 τῷ
1091 1389 1357 1459 ἀληθινῷ
1379 1391 1448 1443 ἐν
1475 1389 1555 1454 τῷ
1593 1389 1702 1454 Υιῷ
1726 1391 1826 1442 αὺ-

237 1486 354 1540 τοῦ
395 1486 590 1554 Ἰησοῦ
616 1484 866 1553 Χριστῷ.
899 1481 1087 1548 Οὗτός
1105 1485 1276 1537 ἐστιν
1293 1486 1324 1537 ό
1343 1481 1630 1549 ἀληθινὸς
1659 1483 1822 1546 Θεὸς,

236 1577 344 1629 καί
386 1578 424 1644 ἡ
465 1577 576 1643 ζωὴ
623 1578 660 1644 ἡ
691 1557 962 1642 αίῶνιος·
1016 1569 1162 1629 οὗτοι
1201 1575 1258 1628 δὲ
1293 1575 1480 1644 ὥσπερ
1531 1575 1826 1642 ἀντιμαχόο

237 1685 401 1739 μενοι
427 1670 695 1737 φάσκουσι
731 1669 805 1740 μὴ
829 1667 967 1722 εἶναι
993 1672 1084 1722 τὸν
1119 1669 1354 1739 Χριστὸν
1385 1667 1640 1738 ἀληθινὸν
1669 1667 1823 1733 Θεὸν,

235 1762 382 1813 ἀλλὰ
413 1762 560 1814 κατὰ
593 1763 829 1833 μετοχὴν
859 1762 954 1814 καὶ
987 1762 1174 1824 αὐτὸν,
1205 1760 1280 1823 ὡς
1307 1760 1534 1826 πάντας,
1570 1759 1825 1828 λέγεσθαι

236 1855 400 1908 Θεὸν.
435 1857 546 1908 Καὶ
576 1858 602 1909 ὁ
641 1855 740 1924 μὲν
785 1855 1104 1916 ’Λπόστολος
1119 1857 1358 1907 αἰτιᾶται
1393 1858 1516 1916 τοὶς
1536 1853 1822 1922 Ἕλληνας,

235 1946 326 1998 ὅτι
357 1945 562 2016 κτίσμα
588 1946 828 2010 σέϐουσι,
867 1945 1039 2013 λέγων
1059 1963 1074 1976 ·
1101 1942 1513 2012 Ἐλάτρευσαν
1543 1943 1611 2011 τῇ
1635 1945 1825 1998 κτίσει

235 2037 404 2105 παρὰ
454 2038 561 2090 τὸν·
593 2038 882 2091 κτίσαντα
921 2036 1070 2090 Θεόν
1095 2055 1110 2069 ο
1145 2033 1289 2091 οὗτοι
1323 2036 1379 2088 δὲ
1412 2035 1618 2106 κτίσμα
1643 2035 1827 2103 λέγον·

237 2146 332 2190 τες
377 2126 522 2180 εἶναι
561 2133 654 2182 τ“.ν
681 2129 886 2200 Κύριον
920 2132 1012 2181 καὶ
1051 2129 1126 2189 ὡς
1166 2129 1428 2198 κτίσματι
1470 2128 1828 2199 λατρεύοντες

237 2222 416 2292 αὐτῷ,
458 2223 510 2275 τί
538 2223 890 2292 διαφέρουσιν
929 2221 1198 2293 Ἑλλήνων
1227 2239 1240 2286 ;
1272 2221 1398 2284 Πῶς
1433 2220 1563 2290 γὰρ,
1593 2222 1640 2272 εί
1668 2219 1828 2272 τοῦτο

239 2315 558 2384 φρονοῦσιν,
589 2315 711 2383 οὐχὶ
735 2315 830 2367 καὶ
856 2314 980 2366 κατ’
1005 2313 1188 2368 αὐτῶν
1214 2313 1332 2364 ἐστι
1358 2313 1419 2365 τὸ
1447 2314 1784 2382 ἀνάγνωσμα
1809 2351 1825 2376 ,

238 2409 338 2460 καὶ
387 2407 580 2477 ὥσπερ
624 2407 874 2468 ἐκείνοις,
925 2403 1067 2458 οὕτω
1104 2407 1200 2457 καὶ
1245 2405 1430 2468 αὐτοῖς
1478 2405 1827 2474 μεμφόμενός

241 2500 396 2552 ἔστιν
420 2500 450 2551 ὁ
482 2500 754 2568 μακάριος
785 2498 1032 2564 nail“;
1079 2500 1189 2550 Καὶ
1215 2500 1242 2550 ὁ
1276 2497 1378 2568 μὲν
1406 2496 1605 2566 Κύριός
1629 2513 1826 2568 φησιν·

252 2591 407 2658 Ἐγὼ
451 2591 549 2644 καί
583 2594 615 2644 d
645 2591 846 2659 Πατὴρ
866 2591 934 2644 ἐν
961 2591 1168 2660 ἐσμεν,
1193 2592 1308 2653 καὶ,
1343 2591 1406 2644 '0
1431 2587 1701 2658 ἑωρακὼς
1727 2590 1831 2658 ἐμὲ

240 2682 474 2748 ἑώρακε
493 2684 602 2736 τὸν
632 2681 862 2752 Πατέρα
885 2700 898 2714 ο
931 2685 1028 2736 καὶ
1071 2686 1100 2736 ὁ
1137 2685 1270 2753 παρ’
1298 2682 1466 2737 αὑτοῦ
1497 2683 1552 2734 δὲ
1594 2685 1832 2736 ἀποστα-

242 2773 362 2838 λεὶς
411 2775 706 2844 κηρύττειν
744 2775 1069 2838 ’Λπόστολος
1110 2777 1353 2846 γράφει·
1393 2777 1488 2841 Ὃς
1539 2773 1622 2827 ὢν
1642 2775 1832 2828 ἀπαύ-

241 2879 454 2933 τασμα
484 2865 592 2934 τῆς
617 2866 804 2934 δόξης
835 2865 938 2919 καὶ
955 2866 1261 2934 χαρακτὴρ
1295 2865 1405 2934 τῆς
1432 2865 1829 2932 ὑποστάσεως

244 2955 441 3010 αὑτοῦ
471 2972 486 2986 ⁸
542 2950 687 3010 οὗτοι
733 2957 790 3010 δὲ
839 2957 1080 3028 τολμῶσι
1123 2959 1373 3029 διαιρεῖν,
1421 2958 1513 3010 καὶ
1556 2957 1832 3028 ἀλλότριον

244 3049 418 3100 αὐτὸν
442 3049 540 3118 τῆς
573 3050 666 3102 τού
695 3051 908 3118 Πατρὸς
948 3050 1136 3112 οὐσίας
1167 3051 1260 3104 καὶ
1294 3049 1596 3120 ἀῖδιότητος
1628 3050 1828 3118 λέγειν,

250 3141 352 3193 καὶ
391 3140 624 3210 τρεπτδν
677 3142 918 3209 εἰσάγειν
972 3142 1021 3194 οί
1080 3141 1253 3204 ἄθεοι,
1305 3140 1366 3193 οὐ
1422 3140 1710 3210 βλέποντες
1750 3140 1862 3192 ὅτι·

1923 655 2142 710 modum
2172 656 2337 711 etiam
2370 671 2470 709 nos
2499 671 2596 724 pro
2627 657 2832 710 viribus
2880 657 3086 710 nostris
3117 657 3497 726 cognoscimus

1919 759 1983 802 et
2007 747 2305 801 intuemur.
2329 751 2402 800 Ac
2435 762 2544 799 non
2577 746 2751 800 solum
2783 748 3107 817 exquisitam
3136 763 3244 802 non
3295 749 3496 803 habere

1922 838 2099 893 Patris
2120 841 2511 910 cognitionem.
2545 840 2639 894 sed
2680 855 2749 893 ne
2807 841 3084 910 propriam
3134 842 3354 910 quidem
3413 846 3496 896 sui

1924 931 2095 999 ipsius
2123 931 2416 985 essentiam
2445 947 2627 986 nosse.
2660 929 2791 997 Quae
2815 932 3033 1001 quidem
3079 935 3261 987 omnia
3317 932 3504 1002 Serip—

1931 1026 2067 1076 tm-is
2099 1023 2300 1078 divinis
2328 1025 2708 1078 adversantur.
2746 1024 2808 1078 In
2833 1026 3088 1092 principio
3127 1025 3294 1088 enim,
3337 1024 3503 1079 Joan-

1927 1133 2023 1170 nes
2073 1117 2268 1185 inquit,
2305 1108 2416 1172 erat
2473 1118 2696 1172 Verbum
2728 1119 2778 1184 ';
2823 1119 2909 1173 isti
2947 1133 3077 1172 vero
3109 1120 3294 1172 dicunt
3327 1136 3339 1171 :
3381 1118 3498 1172 Non

1930 1219 2047 1263 erat
2080 1209 2234 1277 prius
2283 1226 2446 1278 quam
2486 1221 2863 1282 generaretur.
2897 1210 2957 1262 Et
2989 1211 3115 1264 alibi
3146 1226 3161 1263 :
3200 1210 3392 1264 Sumus
3448 1213 3502 1264 in

1925 1318 2042 1354 vero
2063 1300 2202 1355 Filio
2229 1303 2362 1372 ejus,
2387 1303 2508 1356 Iesu
2531 1303 2757 1358 Christo.
2781 1302 2878 1356 Ilic
2906 1313 2978 1356 est
2997 1320 3146 1356 verus
3169 1302 3304 1362 Deus
3317 1313 3364 1355 et
3394 1305 3502 1358 vita

1927 1403 2127 1446 (eterna
2157 1394 2203 1446 '.
2239 1397 2306 1446 At
2336 1394 2424 1448 isti
2456 1402 2820 1464 repugnantes
2851 1394 3062 1456 dicunt,
3085 1393 3361 1449 Christum
3395 1409 3503 1448 non

1928 1499 2050 1538 esse
2077 1501 2267 1539 verum
2294 1484 2486 1550 Deum,
2537 1487 2629 1540 sed
2693 1486 3082 1539 communione
3133 1486 3392 1555 quadam,
3450 1495 3508 1540 ut

1930 1587 2059 1631 sunt
2093 1571 2287 1647 reliqui
2319 1592 2532 1644 omnes,
2569 1577 2661 1647 qui
2693 1587 2961 1632 vocantur
2989 1578 3086 1631 dii.
3134 1579 3199 1632 Et
3269 1581 3504 1646 Aposto-

1929 1666 2015 1721 lus
2042 1668 2261 1736 quidem
2297 1678 2488 1739 gentes
2508 1677 2749 1733 accusat,
2775 1670 2918 1738 quod
2947 1683 3033 1723 res
3063 1678 3376 1738 procreatas
3413 1683 3510 1723 co-

1932 1761 2066 1824 lant,
2104 1760 2169 1814 Et
2206 1762 2523 1825 servierunt,
2568 1761 2842 1831 inquiens,
2868 1770 3127 1815 creatura:
3149 1763 3324 1833 potius
3349 1777 3507 1831 quam

1933 1853 2240 1908 Creatori’.
2275 1853 2366 1908 Isti
2397 1863 2577 1908 autem
2614 1869 2736 1908 cum
2773 1853 3062 1908 Dominum
3085 1865 3328 1910 creatum
3358 1869 3509 1909 asse-

1934 1957 2078 2006 rant.
2118 1946 2271 2000 etilli
2309 1958 2488 2001 tamen
2525 1949 2788 2012 serviant,
2821 1947 2949 2017 quid
2974 1965 3003 2002 a
3053 1949 3310 2018 gentibus
3348 1949 3508 2004 diﬂ'e-

1931 2037 2235 2093 runt?Cur
2266 2041 2436 2106 enim,
2461 2040 2503 2094 si
2539 2041 2612 2093 ita
2659 2041 2924 2105 sentiunt,
2956 2056 3062 2095 non
3105 2041 3269 2096 etiam
3319 2041 3371 2094 in
3415 2055 3512 2096 eos

1923 2131 2190 2200 judicium
2211 2133 2301 2195 sit,
2325 2142 2378 2185 et
2427 2132 2888 2201 quemadmodum
2912 2134 3188 2203 gentibus,
3225 2135 3304 2187 sic
3343 2134 3506 2187 etiam

1929 2223 2062 2292 ipsis
2087 2224 2276 2277 beatus
2315 2223 2515 2278 l’aulus
2559 2225 2867 2280 irascatur?
2915 2226 2980 2280 Et
3032 2207 3313 2290 Dominus,
3375 2224 3508 2294 Ego,

1930 2315 2126 2384 inquit,
2183 2326 2231 2369 et
2277 2316 2436 2369 Pater
2479 2334 2641 2370 unum
2700 2335 2880 2371 sumus
2915 2337 2930 2383 ;
2967 2329 3019 2372 et
3051 2337 3065 2373 :
3093 2317 3198 2384 Qui
3224 2321 3349 2373 vidit
3405 2337 3506 2386 me,

1927 2408 2051 2462 vidit
2073 2418 2122 2461 et
2146 2407 2421 2462 Patrem‘.
2453 2407 2517 2461 Et
2535 2411 2824 2478 Apostolus
2853 2412 2920 2464 ab
2938 2427 3002 2465 eo
3026 2413 3225 2466 missus
3248 2416 3312 2465 ad
3335 2411 3512 2468 Evan-

1930 2497 2124 2565 gelium
2157 2497 2543 2566 divulgandum
2577 2499 2648 2551 ita
2680 2481 2868 2553 scribit
2907 2517 2920 2553 :
2983 2499 3085 2565 Qui
3107 2518 3223 2553 cum
3244 2504 3311 2554 sit
3337 2502 3512 2566 splen-

1931 2587 2028 2641 dor
2051 2587 2259 2657 gloriw,
2292 2597 2340 2642 et
2372 2589 2546 2659 ﬁgura
2593 2590 2902 2645 substantia:
2932 2593 3043 2660 ejus
3072 2593 3115 2648 '.
3154 2599 3219 2647 At
3257 2595 3340 2649 isti
3377 2597 3484 2650 divi

1933 2678 2060 2730 dere
2091 2679 2315 2742 audent,
2379 2694 2615 2746 eumque
2671 2681 2741 2735 ab
2794 2681 3034 2736 essentia
3100 2685 3514 2754 arternitateque

1933 2768 2108 2822 Patris
2132 2769 2393 2836 alienum,
2421 2779 2474 2824 et
2494 2772 2807 2826 mutabilem
2859 2773 3060 2828 dicere.
3119 2775 3230 2829 Nec
3268 2778 3516 2832 animad-

1937 2869 2158 2914 vertunt
2201 2859 2354 2929 impii
2411 2876 2491 2922 se,
2554 2863 2682 2914 dum
2732 2861 2848 2915 tunc
2898 2861 3142 2925 dicunt,,
3207 2863 3358 2918 illum
3405 2881 3512 2920 non

1933 2953 2167 3022 amplius
2200 2969 2366 3006 unum
2398 2968 2518 3006 cum
2555 2951 2730 3015 Patre,
2771 2954 2864 3007 sed
2906 2969 3029 3007 cum
3067 2959 3231 3009 rebus
3254 2971 3513 3024 procrea-

1937 3045 2004 3098 tis
2057 3044 2408 3098 constituere.
2438 3044 2573 3109 Quis
2608 3045 2752 3097 enim
2789 3061 2898 3098 non
2932 3045 3104 3113 videt,
3133 3063 3162 3100 a
3197 3047 3320 3104 luce
3355 3065 3518 3120 sepa-

1937 3136 2041 3188 rari
2076 3152 2182 3189 non
2229 3152 2387 3205 posse
2451 3137 2821 3206 splendorem,
2853 3139 3012 3206 eujus
3065 3140 3347 3209 pr0prium
3407 3153 3514 3202 est.

250 3231 430 3284 ταῦτα
470 3232 714 3300 λέγοντες
748 3235 846 3286 οὐκ
880 3234 960 3286 ἔτι
986 3233 1230 3287 ποιοῦσιν
1277 3232 1442 3288 αὐτὸν
1475 3233 1532 3285 ἓν
1564 3234 1705 3303 μετὰ
1739 3231 1831 3284 τοῦ

1940 3237 1997 3284 ut
2031 3230 2262 3283 naturali
2310 3229 2525 3284 vinculo
2550 3244 2672 3283 cum
2723 3230 2810 3283 illa
2837 3245 3054 3299 semper
3075 3232 3401 3302 coniunctus
3426 3237 3516 3294 sit.

254 3324 492 3394 Πατρὸς,
520 3325 654 3380 ἀλλὰ
698 3325 835 3396 μετὰ
892 3326 1000 3380 τῶν
1044 3325 1384 3396 κτισμάτων.
1440 3326 1536 3388 Τίς
1578 3325 1687 3394 γὰρ
1733 3324 1831 3392 οὺχ

252 3416 365 3486 ὁρᾷ
388 3417 470 3468 ὅτι
501 3417 806 3487 ἀδιαίρετόν
829 3419 946 3470 ἐστι
975 3418 1034 3471 τὸ
1064 3416 1408 3488 ἀπαύγασμα
1442 3420 1579 3487 πρὸς
1608 3418 1670 3470 τὸ
1694 3417 1831 3485 φῶς,

251 3513 356 3560 καὶ
401 3509 532 3561 [διον
570 3510 738 3562 αὐτοῦ
771 3511 1116 3581 συνυπάρχον
1155 3512 1329 3582 τούτῳ
1372 3511 1566 3580 φύσει,
1601 3511 1694 3564 καὶ
1735 3511 1835 3563 οὐκ

254 3600 578 3669 ἐπιγέγονεν
633 3601 905 3673 ὕστερονς
956 3601 1088 3657 Εἶτα
1143 3604 1236 3657 τοῦ
1289 3605 1502 3675 Πατρὸς
1557 3604 1831 3672 λέγοντος,

258 3690 456 3758 οὗτός
500 3695 669 3747 ἐστιν
719 3698 752 3748 ὁ
798 3695 930 3761 Υἱός
978 3712 1096 3764 μου
1140 3699 1172 3750 d
1212 3697 1542 3764 ἀγαπητὸς,
1588 3697 1680 3748 καὶ⁵
1725 3695 1834 3747 τῶν

256 3786 490 3856 Γραφῶν
511 3787 786 3853 λεγουσῶν
826 3787 1012 3840 τοῦτον
1034 3784 1170 3840 εἶναι
1197 3788 1290 3840 τοῦ
1319 3788 1530 3858 Πατρὸς
1559 3789 1749 3857 Λόγον,
1776 3793 1832 3843 ὲν

253 3871 300 3944 ᾧ
354 3879 403 3930 οἱ
434 3879 654 3948 οὐρανοὶ
697 3879 1132 3950 ἐστερεώθησαν,
1172 3883 1263 3933 καὶ
1302 3881 1491 3943 ἁπλῶς
1537 3883 1714 3935 πάντα
1765 3882 1832 3934 δι’

258 3968 429 4023 αὑτοῦ
466 3972 704 4038 ἐγένετο,
751 3965 898 4025 οὗτοι
964 3973 1167 4024 καινῶν
1206 3974 1496 4042 ὲφευρεταὶ
1547 3974 1835 4041 δογμάτων

255 4063 355 4113 καὶ
388 4061 642 4114 πλαστῶν
691 4063 967 4132 γινόμενοι
1011 4063 1198 4134 ἓτερον
1233 4064 1588 4134 ἐπεισάγουσι
1624 4067 1830 4134 Λόγον,

254 4157 356 4208 καὶ
386 4155 552 4225 ἀλλην
583 4156 775 4224 σοφίαν
807 4154 902 4208 τοῦ
937 4156 1151 4224 Πατρδς
1183 4153 1322 4210 εἶναι
1342 4198 1356 4220 ,
1388 4158 1577 4212 τοῦτον
1615 4159 1674 4212 δὲ
1711 4161 1831 4213 κατ’

256 4245 508 4299 ἐπίνοιαν
539 4245 627 4299 διὰ
653 4247 721 4300 τὰ
751 4246 946 4314 λογικὰ
977 4246 1233 4314 λέγεσθαι
1265 4248 1436 4317 Λόγον
1487 4249 1582 4303 καὶ
1617 4251 1831 4320 σοφίαν,

255 4339 365 4408 οὐχ
399 4337 665 4408 ὁρῶντες,
701 4340 825 4392 ὅσον
864 4339 927 4392 ἐκ
966 4339 1156 4393 τούτου
1189 4341 1250 4392 τὸ
1279 4340 1501 4394 ἄτοπον.
1536 4343 1598 4395 Εἰ
1631 4343 1739 4413 γὰρ
1770 4341 1836 4396 δι’

259 4431 413 4500 ἡμᾶς
441 4430 660 4499 λέγεται
696 4431 817 4485 κατ’
845 4433 1091 4486 ἐπίνοιαν
1148 4433 1320 4501 Λόγος
1351 4434 1446 4486 καὶ
1481 4435 1662 4502 σοφία,
1692 4439 1744 4488 τί
1773 4439 1838 4490 ἂν

261 4521 355 4591 εἴη
400 4521 584 4589 αὐτὸς,
634 4523 735 4576 οὐκ
782 4523 850 4576 ἂν
889 4522 1116 4577 εἴποιεν.
1174 4524 1235 4576 El
1287 4525 1397 4594 γὰρ
1445 4525 1618 4580 ταῦτα
1677 4529 1840 4581 αὑτὸν

1943 3338 2052 3377 non
2108 3331 2287 3376 autem
2333 3332 2518 3392 postea
2547 3323 2598 3375 in
2661 3321 2747 3375 illa
2795 3321 3008 3377 fat-tus?
3033 3323 3233 3378 Adhzec
3265 3340 3386 3378 cum
3422 3325 3518 3380 Pa-

1951 3426 2030 3468 ter
2052 3415 2198 3468 dicat
2232 3433 2244 3467 :
2284 3413 2386 3466 llic
2418 3426 2491 3468 est
2538 3415 2706 3468 Filius
2761 3432 2904 3468 mens
2954 3417 3242 3478 dilectus“,
3272 3427 3326 3471 et
3376 3417 3522 3471 Scri-

1949 3518 2119 3576 ptura:
2163 3505 2452 3571 aﬂirment,
2491 3507 2636 3560 hunc
2658 3524 2780 3561 esse
2805 3505 2986 3560 Patris
3017 3507 3274 3569 Verbum,
3309 3509 3360 3562 in
3411 3524 3521 3577 quo

1946 3610 2000 3653 et
2039 3602 2162 3655 caeli
2200 3601 2398 3654 ﬁrmati
2440 3610 2590 3667 Sunt,
2628 3610 2682 3655 et
2709 3601 2890 3654 omnia
2932 3602 3167 3672 denique
3209 3619 3305 3672 per
3342 3603 3517 3673 ipsum

1947 3695 2199 3746 condita:
2261 3695 2351 3747 isti
2396 3709 2552 3747 nova:
2601 3693 3104 3762 eommentitiaeqne
3157 3695 3520 3749 doctrinaein-

1950 3784 2365 3840 ventoresaliud
2397 3785 2664 3840 inducunt
2697 3783 2956 3850 Verbum,
3010 3794 3064 3840 et
3102 3785 3261 3838 aliam
3335 3785 3514 3840 Patris

1948 3875 2271 3944 sapientiam
2299 3874 2789 3930 comminiscuntur
2828 3893 2841 3929 :
2874 3875 3020 3929 hunc
3051 3875 3198 3930 enim
3259 3877 3518 3946 opinione
3600 3879 3602 3882 ’

1949 3977 2157 4020 tantum
2197 3973 2424 4036 prepter
2469 3965 2580 4030 illa,
2647 3981 2768 4034 qua":
2804 3965 3018 4020 ratione
3085 3975 3211 4021 sunt
3271 3967 3517 4038 praedita,

1952 4058 2186 4112 Verbum
2214 4067 2268 4111 et
2316 4057 2638 4127 sapientiam
2670 4057 2798 4114 dici.
2826 4055 2936 4114 Nec
2967 4060 3154 4113 vidi-nt
3197 4076 3356 4130 quam
3415 4064 3522 4120 ab-

1947 4152 2172 4207 surdum
2205 4151 2278 4206 sit
2299 4152 2377 4216 id,
2404 4155 2549 4222 quod
2574 4167 2638 4206 ex
2661 4168 2854 4207 eorum
2917 4155 3189 4208 sententia
3249 4158 3518 4227 sequitur.

1948 4241 2082 4296 Nam
2119 4243 2161 4297 si
2194 4243 2456 4314 opinione
2483 4252 2692 4299 tantum
2735 4254 2961 4314 propter
3007 4261 3107 4302 nos
3170 4247 3428 4317 Verbum,
3470 4263 3523 4308 et

1948 4335 2219 4405 sapientia
2251 4335 2475 4402 dicitur,
2529 4335 2660 4405 quid
2695 4335 2811 4404 ipse
2845 4337 2942 4402 sit,
2971 4353 3081 4392 non
3119 4347 3379 4408 poterunt
3440 4343 3524 4398 di-

1947 4440 2100 4481 cere.
2157 4423 2370 4480 Etenim
2419 4441 2544 4480 cum
2601 4425 2898 4496 Scriptura:
2957 4429 3162 4492 dicant,
3219 4448 3344 4486 eum
3399 4449 3524 4490 esse

1948 4518 2187 4574 Verbum
2237 4527 2292 4572 et
2315 4518 2666 4588 sapientiam,
2698 4519 2797 4586 ipsi
2847 4529 3029 4574 autem
3088 4523 3372 4578 Dominum
3406 4526 3524 4581 haec

260 4614 516 4681 λέγουσιν
544 4613 602 4666 αί
634 4613 870 4684 Γραφαὶ,
893 4608 1040 4668 οὗτοι
1061 4613 1118 4667 δὲ
1142 4613 1316 4668 ταῦτα
1345 4611 1483 4669 εἶναι
1517 4617 1607 4668 τὸν
1630 4617 1831 4688 Κύριον

1943 4625 2062 4666 esse
2104 4618 2321 4680 negant,
2344 4623 2414 4663 ne
2435 4609 2784 4679 essequidem
2834 4610 2985 4664 illum
3033 4612 3224 4666 volunt
3276 4615 3522 4671 homines

263 4706 326 4759 οὐ
359 4705 598 4770 θέλουσι,
625 4705 878 4776 φανερῶς
926 4707 1047 4759 οὐδὲ
1079 4706 1345 4776 ὑπάρχειν
1370 4707 1532 4761 αὐτὸν
1562 4709 1834 4776 θέλουσιν,

262 4800 314 4853 0i
344 4799 494 4854 ἄθεοι
520 4799 616 4852 καὶ
638 4797 745 4852 τῶν
773 4798 1008 4870 Γραφῶν
1055 4801 1308 4854 ἐναντίοι.
1339 4801 1446 4853 Καὶ
1477 4802 1635 4855 τοῦτο
1655 4805 1703 4856 0i
1737 4805 1838 4874 μὲν

265 4891 449 4943 πιστοὶ
468 4888 725 4942 δύνανται
753 4888 882 4959 παρ’
909 4889 1082 4958 αὐτῆς
1105 4905 1162 4940 τε
1194 4892 1292 4960 τῆς
1321 4892 1601 4961 Πατρικῆς
1632 4896 1836 4964 φωνῆς,

264 4984 363 5036 καὶ
403 4982 555 5052 παρὰ
596 4981 703 5034 τῶν
747 4981 1199 5052 προσκυνούντων
1239 4982 1402 5036 αὑτὸν
1436 4986 1704 5053 ἀγγέλων,
1749 4992 1842 5042 καὶ

262 5074 377 5128 τῶν
405 5076 533 5143 περὶ
563 5073 729 5127 αὑτοῦ
763 5075 1092 5144 γραψάντων
1120 5075 1291 5136 ἁγίων
1326 5075 1518 5145 μαθεῖν
1540 5092 1555 5108 ο
1585 5075 1731 5133 οὗτοι
1763 5081 1838 5146 δὲ,

265 5167 393 5218 ἐπεὶ
423 5163 524 5232 τὴν
559 5163 798 5219 διάνοιαν
829 5166 930 5218 οὑκ
968 5165 1150 5234 ἔχουσι
1184 5165 1434 5236 καθαρὰν
1454 5207 1470 5230 ,
1505 5171 1624 5223 οὐδὲ
1655 5169 1844 5225 δύναν-

265 5273 362 5309 ται
396 5256 558 5311 θείων
590 5257 884 5340 ἐπακούειν
918 5259 1012 5310 καὶ
1041 5258 1307 5326 θεολόγων
1342 5261 1557 5331 ἁδρῶν
1580 5301 1594 5326 ,
1648 5263 1845 5318 δύνανς

261 5368 358 5406 ται
380 5349 480 5404 κᾶν
500 5352 651 5421 παρὰ
678 5351 786 5404 τῶν
815 5351 1016 5421 ὁμοίων
1039 5352 1222 5415 αὐτοῖς
1249 5353 1518 5423 δαιμόνων
1548 5355 1740 5426 μαθεῖν
1761 5359 1843 5410 ὅτι

267 5444 349 5514 μὴ
378 5443 452 5506 ὡς
483 5443 693 5497 πολλῶν
723 5444 891 5497 ὄντων
929 5446 1263 5512 ᾲνεφὼνουν,
1295 5448 1430 5501 ἀλλὰ
1461 5451 1648 5503 τοῦτον
1685 5454 1845 5520 μόνον

264 5535 470 5596 εἰδότες
511 5535 697 5603 ἔλεγον
719 5577 734 5602 ,
772 5537 842 5590 Σὺ
872 5532 923 5590 εῑ
967 5539 994 5590 ὁ
1027 5539 1178 5605 ἅγιος
1213 5540 1306 5592 τοῦ
1340 5541 1500 5606 Θεοῦ,
1532 5543 1623 5595 καὶ
1658 5545 1686 5596 ὁ
1719 5543 1844 5606 Υἱὸς

265 5628 363 5682 τοῦ
388 5628 548 5682 Θεοῦ.
579 5629 688 5681 Καὶ
722 5629 830 5699 γὰρ
852 5632 880 5683 ὀ
908 5630 1008 5699 τὴν
1036 5630 1251 5701 αἵρεσιν
1286 5635 1468 5697 αὐτοῖς
1501 5635 1842 5700 ύποὸἀλλων,

264 5720 553 5790 πειράζων
582 5722 639 5775 ἐν
669 5721 746 5792 τῷ
775 5722 913 5793 ὄρει,
946 5725 1047 5778 οὐκ
1081 5724 1287 5792 ἔλεγεν,
1327 5726 1388 5779 Εἰ
1415 5727 1508 5780 καὶ
1540 5728 1602 5780 σὺ
1637 5727 1762 5790 Υἱὸς
1796 5724 1846 5779 εί

1944 4702 2163 4767 nefarii,
2199 4711 2254 4757 et
2279 4701 2487 4757 inimici
2539 4701 2968 4772 Scripturarum.
2993 4711 3070 4759 Ac
3093 4703 3280 4760 ﬁdeles
3300 4706 3518 4777 quidem

1944 4797 2047 4852 viri
2083 4805 2313 4866 possunt
2353 4797 2457 4852 hoc
2498 4797 2709 4853 discere
2749 4808 2860 4866 tum
2886 4813 2915 4852 a
2937 4797 3114 4855 Patris
3137 4815 3290 4863 voce,
3318 4804 3521 4858 tum'ab

1948 4889 2158 4960 angelis
2215 4887 2395 4958 ipsum
2426 4887 2804 4954 adorantibns,
2843 4898 2955 4943 tum
2979 4905 3009 4943 a
3045 4889 3248 4944 sanctis
3284 4892 3519 4963 scripto-

1948 4987 2117 5048 ribus,
2142 4984 2231 5054 qui
2261 4985 2328 5040 de
2365 4985 2459 5039 illo
2504 4984 2668 5038 locuti
2707 4994 2858 5039 sunt.
2895 4984 2989 5039 lsti
3014 5000 3168 5052 vero,
3225 4987 3316 5056 qui
3368 5003 3524 5042 men-

1953 5089 2058 5133 tem
2090 5080 2290 5133 habent
2317 5080 2608 5147 ‘nnpuram.
2640 5094 2740 5132 nec
2771 5093 2858 5132 res
2883 5077 3123 5144 divinas,
3171 5092 3272 5133 nec
3313 5079 3524 5135 theolo-

1951 5187 2047 5240 gos
2073 5171 2218 5223 viros
2243 5169 2577 5240 intelligunt,
2606 5180 2837 5238 possunt
2867 5184 2896 5221 a
2945 5169 3284 5224 daemonibus
3332 5170 3521 5225 saltent

1952 5264 2033 5316 sui
2061 5262 2327 5316 similibus
2348 5261 2587 5316 edoceri.
2625 5261 2726 5338 Qui
2753 5261 3081 5325 clamabant,
3121 5278 3230 5316 non
3262 5270 3520 5330 tanquam

1953 5353 2174 5416 multos,
2200 5353 2293 5406 sed
2326 5361 2384 5406 ut
2430 5352 2580 5406 bunc
2604 5353 2782 5407 solmn
2835 5350 3105 5416 viderent,
3134 5360 3188 5404 et
3217 5350 3478 5405 dicebant
3505 5368 3517 5404 :

1955 5442 2037 5497 Tu
2069 5460 2126 5497 es
2151 5451 2374 5498 sanctus
2404 5443 2496 5498 Dei
2519 5453 2574 5498 et
2597 5442 2765 5497 Filius
2795 5442 2910 5497 Dei.
2952 5441 3084 5495 Nam
3129 5442 3243 5511 ipse
3275 5441 3522 5510 quidem,

1957 5535 2048 5601 qui
2091 5536 2340 5589 haeresim
2388 5533 2586 5588 animis
2626 5548 2816 5588 eorum
2862 5531 3071 5602 injecit,
3113 5547 3236 5586 cum
3291 5541 3526 5588 tentaret

1954 5625 2103 5680 illum
2148 5631 2198 5682 in
2242 5637 2452 5692 monte,
2479 5643 2586 5680 non
2612 5626 2750 5679 dixit
2783 5643 2796 5678 :
2825 5623 2879 5679 Si
2927 5633 2981 5678 et
3023 5633 3078 5676 tu
3113 5623 3278 5678 Filius
3321 5622 3414 5678 Dei
3437 5639 3525 5691 es,

1956 5723 2108 5792 quasi
2153 5730 2409 5775 essentct
2447 5719 2562 5785 alii,
2594 5718 2686 5772 sed
2713 5727 2970 5787 tanquam
3003 5718 3152 5773 solus
3197 5718 3312 5789 ipse
3353 5726 3522 5782 esset,

344 5903 552 5960 ‘Joan.
578 5920 617 5971 ι,
646 5908 694 5961 l.
771 5909 789 5938 ³
822 5907 840 5963 l
871 5905 1028 5963 Joan.
1063 5926 1114 5976 v,
1142 5907 1230 5962 “20.
1308 5908 1326 5938 ³
1359 5908 1514 5962 Rom.
1552 5908 1699 5971 t,25.
1778 5909 1831 5961 ⁸.

1943 5924 1978 5962 ι.
2008 5921 2055 5973 ι,
2087 5905 2174 5959 50.
2251 5905 2271 5936 ⁵
2305 5900 2472 5957 llebr.
2496 5917 2533 5966 ι,
2559 5900 2610 5955 5.
2689 5900 2709 5932 ⁸
2743 5897 2934 5955 Matth.
2973 5915 3059 5966 nt,
3087 5899 3170 5956 17.
