3954 6558
519 371 625 435 339

1755 386 2138 451 EUTHYMH
2178 393 2539 458 ZIGABENI
3287 447 3294 453 -
3645 413 3730 476 340

512 481 749 539 Verbum
777 493 878 548 est.
907 486 1106 542 idcirco
1145 490 1306 544 etiam
1383 491 1523 550 Deus
1558 506 1660 551 est.
1699 502 1772 554 Ac
1824 503 2082 571 quemad-

2197 506 2212 558 5
2239 507 2364 573 Υίὸς
2394 512 2557 584 ἁρχὴ,
2587 514 2673 567 ἵνα
2711 515 2786 587 μὴ
2815 515 2908 570 δύο
2936 517 3126 587 ἁρχαὶ,
3160 515 3334 583 οὕτως
3359 521 3387 573 6
3419 522 3482 572 ἐκ
3509 521 3602 590 τῆς
3622 527 3730 594 μιᾶς

513 574 731 629 modum
761 574 930 632 Filius
963 594 1068 633 non
1098 590 1182 636 est
1213 583 1442 639 alterum
1489 587 1838 659 principium,
1877 607 1946 646 ne
1973 595 2081 648 duo

511 667 777 736 principia
825 670 954 735 sint,
1023 673 1102 726 sic
1162 675 1419 743 Verbum,
1473 683 1617 750 quod
1686 701 1752 739 ex
1829 703 1937 742 uno
1999 700 2081 744 est

509 759 795 828 principio,
822 777 925 816 non
950 763 1284 833 dissolvitur,
1312 786 1492 841 neque
1525 786 1608 828 est
1637 794 1738 830 vox
1767 779 2083 850 sintplioter

507 850 840 920 signiﬁcans.
878 856 968 909 sed
1033 868 1114 912 est
1143 876 1237 928 per
1261 866 1554 918 essmtiam
1609 868 1866 934 Verbum,
1903 882 1957 926 et
1988 890 2082 941 per

507 944 796 998 essentiam
860 949 1148 1017 sapientia.
1207 970 1325 1022 qua:
1357 973 1480 1012 vere
1517 969 1598 1014 cst
1650 961 1836 1017 Filius.
1874 965 2002 1018 Nam
2037 969 2078 1021 si

507 1050 604 1104 per
645 1040 934 1094 essentiam
975 1057 1082 1095 non
1118 1057 1282 1111 esset,
1345 1049 1486 1105 Dens
1535 1056 1760 1108 essetin
1834 1073 1955 1111 aera
2002 1060 2083 1112 lo—

509 1140 704 1196 qurns,
737 1139 786 1183 et
816 1145 1034 1200 corpus,
1097 1138 1238 1204 quod
1291 1141 1425 1194 nihil
1485 1143 1794 1202 hominibus
1850 1153 2083 1220 amplius

508 1217 830 1274 contineret.
874 1218 1072 1276 Verum
1137 1229 1392 1294 quoniam
1461 1248 1567 1286 non
1611 1247 1692 1290 est
1747 1217 1955 1305 bonto,’
1985 1260 2084 1299 nec

512 1305 750 1362 Verbum
821 1314 940 1381 ejus
996 1325 1100 1378 est,
1159 1328 1216 1372 ut
1249 1321 1412 1391 exigit
1457 1323 1734 1382 hominum
1797 1332 2082 1389 imbecilli-

513 1405 615 1453 tas.
683 1401 835 1456 Sicut
900 1406 1042 1460 enim
1107 1424 1212 1463 una
1274 1415 1504 1468 essentia
1565 1419 1890 1489 principium
1961 1433 2082 1486 est,

513 1491 595 1546 sic.
652 1509 817 1549 unum
852 1512 947 1565 per
971 1501 1261 1556 essentiam
1297 1505 1599 1560 subsistens
1636 1510 1864 1565 Verbum
1915 1526 1966 1568 et
2001 1531 2086 1569 sa-

515 1581 734 1648 pientia.
771 1584 903 1639 Nam
942 1596 999 1642 ut
1051 1604 1115 1642 ex
1175 1590 1283 1644 Deo
1319 1593 1461 1648 Deus
1513 1608 1616 1660 est.
1669 1609 1722 1654 et
1753 1619 1818 1656 ex
1843 1605 2086 1672 sapiente

511 1673 797 1742 sapientia,
829 1689 882 1731 et
903 1694 965 1732 ex
1011 1681 1278 1738 rationem
1326 1685 1557 1743 habente
1614 1693 1773 1758 ratio,
1823 1710 1917 1750 seu
1961 1697 2086 1751 Ver-

513 1766 663 1830 bum,
695 1775 751 1823 et
789 1784 854 1825 ex
899 1772 1055 1828 Patre
1087 1773 1286 1832 Filius:
1320 1779 1398 1834 sic
1435 1795 1500 1836 ex
1532 1798 1620 1850 eo,
1647 1786 1736 1854 qui
1777 1788 1830 1841 in
1869 1793 2084 1861 propria

2191 600 2361 669 A670;
2395 605 2456 656 οὑ
2499 605 2904 677 διαλελυμένος,
2937 609 2968 680 ἢ
3000 609 3184 673 ἁπλῶς
3222 609 3373 681 φωνὴ
3407 617 3727 683 σημαντικὴ,

2189 690 2324 742 ἀλλὰ
2350 694 2611 765 οὑσιὼδης
2637 699 2827 765 Λόγος,
2853 701 2946 752 καὶ
2969 701 3235 768 οὑσιώδης
3259 701 3447 769 σοφία,
3470 701 3584 770 ἥτις
3607 703 3731 756 ἐστὶν

2188 785 2216 835 6
2250 784 2375 846 Υἱὸς
2410 786 2646 856 ἀληθῶς.
2682 787 2742 842 Ei
2774 789 2882 860 γὰρ
2911 791 2974 861 δὴ
3011 791 3083 861 μὴ
3113 792 3383 860 οὑσιὼδης
3410 794 3520 862 εἴη,
3551 793 3732 850 ἔσταιό

2189 875 2320 936 Θεὸς
2359 877 2537 931 λαλῶν
2563 881 2646 952 ,είς
2678 881 2815 949 ἀέρα
2837 921 2851 946 ,
2892 882 2985 934 καὶ
3016 883 3176 952 σῶμα
3195 924 3208 945 ,
3246 883 3403 935 οὐδὲν
3431 883 3587 936 πλέον
3616 885 3731 954 ἔχων

2189 967 2295 1018 τῶν
2326 969 2649 1040 ἀνθρώπων.
2697 971 2914 1042 Ἐπειδὴ
2939 973 2994 1026 δὲ
3021 976 3120 1027 οὑκ
3153 974 3298 1027 ἔστιν
3330 975 3628 1046 ἄνθρωπ’,
3651 979 3731 1030 οὐκ

2191 1060 2256 1111 ἂν
2287 1061 2370 1132 εἴη
2401 1063 2518 1114 οὑδὲ
2548 1066 2573 1115 6
2603 1065 2772 1130 Λόγος
2805 1065 2972 1118 αὑτοῦ
3008 1067 3150 1118 κατὰ
3179 1067 3276 1134 τὴν
3311 1067 3424 1118 τῶν
3458 1067 3732 1134 ἀνθρώπων

2191 1151 2500 1206 ἀσθένειαν.
2527 1154 2736 1222 Ὥσπερ
2768 1157 2876 1225 γὰρ
2911 1156 3006 1224 μία
3029 1157 3186 1208 οὑσία
3215 1159 3246 1227 ὴ
3275 1157 3444 1229 ἁρχὴ,
3477 1157 3638 1221 οὑτως
3669 1157 3732 1223 εἷς

2191 1245 2454 1314 οὑσιώδης
2482 1247 2576 1298 καὶ
2602 1247 2896 1312 ὑφεστὼςὸ
2929 1249 3131 1319 ταύτης
3157 1249 3348 1316 Λόγος,
3381 1253 3474 1302 καὶ
3514 1252 3546 1318 ὴ
3578 1252 3729 1327 σοφία.

2205 1334 2292 1397 Ὠς
2325 1337 2431 1406 γὰρ
2465 1339 2528 1390 ὲκ
2554 1339 2650 1414 frob
2675 1338 2809 1392 Θεοῦ
2838 1340 2968 1404 Θεός
2997 1343 3134 1408 ἐστι,
3167 1343 3260 1394 καὶ
3287 1343 3352 1394 ἐκ
3382 1343 3548 1411 σοφοῦ
3575 1345 3730 1412 σοφία,

2193 1428 2288 1480 καὶ
2317 1429 2380 1480 ὲκ
2411 1429 2630 1497 λογικοῦ
2665 1432 2837 1498 Λόγος
2857 1471 2871 1495 ,
2913 1433 3007 1485 καὶ
3040 1433 3103 1485 ἐκ
3136 1434 3348 1504 [Ia-:96;
3395 1434 3522 1496 Υἱὸς
3544 1474 3557 1496 ,
3589 1434 3733 1498 οὕτως

2192 1516 2250 1583 ἐξ
2277 1520 2629 1583 ὑποστάσεως
2651 1523 2972 1595 ὑποστετὸς,
2993 1526 3086 1578 καὶ
3109 1525 3165 1590 ἐξ
3182 1526 3372 1588 οὐσίας
3392 1526 3733 1597 οὑσιώδηςκαὶ

2194 1608 2451 1672 ἐνούσιος,
2487 1611 2581 1662 καὶ
2624 1609 2682 1676 ἐξ
2711 1613 2862 1676 ὄντος
2883 1612 2978 1668 ὢν.
3025 1614 3176 1666 Ἐπεὶ
3206 1614 3254 1666 εί
3285 1613 3363 1684 μὴ
3391 1614 3643 1686 οὑσιὼδης
3665 1633 3734 1668 σου

2195 1699 2312 1770 φία,
2349 1704 2446 1754 καὶ
2478 1703 2716 1768 ἑνοὺσιος
2748 1706 2921 1770 Λόγος
2944 1746 2959 1772 ,
2997 1708 3089 1758 καὶ
3115 1705 3189 1758 ὢν
3229 1707 3378 1770 Υἱὸς,
3414 1706 3543 1760 ἀλλὰ
3577 1707 3733 1770 ἁπλῶς

2195 1793 2374 1862 σοφία,
2404 1797 2494 1848 καὶ
2517 1797 2713 1864 Λόγος,
2737 1797 2829 1850 καὶ
2853 1798 2976 1858 Υἱὸς
3003 1799 3059 1850 ὲν
3081 1792 3159 1865 τῷ
3191 1799 3389 1867 “arpi,
3408 1799 3493 1866 εῐη
3519 1800 3582 1853 ἂν
3601 1799 3735 1860 αὐτὸς

514 1859 731 1914 exsistit
795 1877 1066 1931 persona,
1117 1867 1172 1921 in
1239 1886 1472 1940 persona
1530 1877 1746 1946 propria
1798 1859 2084 1949 exsistens,

2197 1886 2222 1937 6
2246 1859 2434 1957 Πατὴρ
2460 1859 2708 1950 σύνθετος
2741 1891 2804 1941 ἐκ
2856 1890 3047 1958 σοφίας
3075 1859 3168 1942 καὶ
3192 1859 3393 1958 A6706.
3421 1859 3556 1944 Erl-6s
3586 1889 3733 1954 τοῦτο,

513 1958 570 2004 et
599 1963 665 2005 ex
692 1955 929 2010 essentia
975 1957 1182 2014 babens
1246 1965 1559 2031 essentiam,
1629 1968 1683 2023 in
1743 1974 2086 2044 essentiaque

2197 1955 2544 2049 ἀκολουθήσει
2588 1982 2655 2032 τὰ
2690 1955 3065 2050 προειρηιδένα
3122 1955 3321 2037 ἄτοπα.
3369 1984 3560 2036 Ἔσται
3587 1983 3734 2035 δὲκαὶ

514 2049 794 2109 constans,
832 2054 883 2100 et
919 2061 987 2100 ex
1021 2062 1108 2114 eo,
1141 2053 1230 2120 qui
1264 2064 1372 2114 est.
1431 2057 1477 2112 is
1562 2059 1654 2129 qui
1704 2073 1806 2116 est.
1873 2065 2085 2122 Etenim

2197 2072 2351 2136 αὐτὸς
2381 2072 2573 2126 ἑαυτοῦ
2601 2049 2791 2144 Πατήρ
2821 2049 3094 2138 καιίΥἰδς.
3122 2075 3285 2139 αὑτὸς
3317 2075 3513 2136 ἑαυτὸν
3542 2075 3732 2142 γεννῶν,

517 2134 624 2187 nisi
651 2146 797 2190 esset
828 2139 1090 2210 sapientia
1127 2160 1223 2212 per
1273 2152 1588 2216 essentiam,
1622 2162 1676 2208 et
1733 2156 1969 2213 Verbum
2030 2163 2085 2216 in

2197 2165 2285 2218 καὶ
2318 2134 2656 2234 γεννώμενος
2691 2134 2780 2232 ὑᾷ
2805 2166 3025 2228 ἑαυτοῦ,
3155 2134 3296 2236 μετᾶ
3324 2134 3522 2237 μικρον
3551 2134 3734 2235 ὑειχθήλ

516 2229 752 2282 essentia
788 2242 1072 2298 constans,
1108 2247 1162 2290 et
1194 2238 1360 2294 Filius
1411 2245 1698 2310 exsistens,
1753 2252 1847 2305 sed
1881 2253 2090 2324 simpli-

2197 2229 2376 2313 σεται·
2421 2261 2453 2331 ἣ
2498 2229 2668 2332 ὑνομα
2709 2229 2867 2330 μξόνον
2911 2262 3030 2314 ἐστὶ
3058 2229 3250 2329 Λόγος,
3293 2229 3394 2315 θεαὶ
3445 2260 3616 2328 σοφία,
3661 2260 3734 2310 καὶ

516 2318 653 2374 citer
677 2333 818 2377 esset
849 2326 1134 2396 sapientia,
1164 2340 1218 2384 et
1250 2331 1504 2399 Verbum,
1537 2349 1588 2393 et
1623 2341 1787 2396 Filius
1819 2345 1871 2398 in
1907 2318 2084 2413 Patre,

2197 2355 2348 2418 Υἱὸς,
2373 2318 2472 2426 οὑξ(
2493 2318 2768 2424 ὑφέιστηξιε
2791 2355 2869 2421 δὲ,
2898 2355 3022 2408 καθ’
3056 2349 3119 2409 οὑ
3145 2318 3376 2424 λέγεται
3407 2318 3595 2421 ταῦτα,
3627 2353 3735 2422 μᾶλα

520 2410 636 2480 ipse
695 2413 856 2469 Pater
935 2429 1205 2479 esset.ex
1263 2429 1523 2495 sapientia
1591 2433 1867 2504 Vel‘boqtte
1946 2455 2091 2494 COIII-

2197 2449 2280 2500 λον
2431 2410 2489 2510 6;
2519 2410 2634 2500 im
2665 2410 2868 2502 1.1611:
2907 2449 2968 2501 Ei
3003 2444 3096 2502 οὖν
3129 2410 3238 2519 οὑχ.
3261 2450 3586 2519 ὑφέστηκεν,
3616 2410 3732 2516 όργὰ

518 2505 748 2572 positus.
780 2508 856 2563 Ex
883 2527 992 2580 quo
1046 2528 1404 2584 sequerentur
1431 2535 1515 2585 ea,
1565 2539 1685 2592 qua:
1745 2529 2090 2595 praediximus

2200 2543 2265 2596 ἂν
2297 2505 2392 2610 εἴη,
2419 2505 2513 2594 καὶ
2542 2541 2674 2594 κενὰ
2708 2541 2776 2596 τὰ
2824 2541 3089 2612 ὀνόματα.
3115 2505 3276 2607 ius};
3307 2505 3359 2595 ἐι
3393 2505 3473 2613 μή
3493 2543 3552 2596 ἄν
3578 2505 3732 2603 τιςέίο

520 2599 885 2669 incnmmoda,
912 2615 1166 2674 essetque
1201 2609 1432 2678 ipsemet
1486 2617 1568 2668 sui
1631 2617 1799 2686 ipsius
1836 2621 2010 2687 Pater,
2037 2633 2091 2678 et

2197 2651 2286 2686 ποι
2312 2633 2646 2704 αὑτοσοφίαν
2673 2629 2814 2687 εἶναι
2871 2636 2966 2687 καὶ
2995 2635 3288 2703 αὑτοὶόγον
3321 2637 3414 2689 τὸν
3442 2634 3585 2688 Θεόν.
3621 2631 3733 2686 Ἀλλ’

523 2689 712 2757 Filius,
753 2705 810 2749 et
840 2697 1081 2765 seipsum
1139 2715 1430 2770 generatis,
1489 2715 1543 2759 et
1596 2723 1708 2761 as»
1741 2712 1974 2776 genitus,
2035 2725 2091 2769 ut

2197 2726 2240 2778 εἰ
2291 2723 2467 2788 τοῦτο,
2515 2689 2598 2795 εἴη
2649 2724 2716 2778 ἂν
2750 2725 2911 2789 αὑτὸς
2959 2725 3154 2779 ἑαυτοῦ
3203 2689 3400 2796 ᾖατὴρ
3466 2726 3556 2778 καὶ
3595 2722 3730 2784 ΥΞός⁴

520 2783 682 2850 paulo
720 2798 840 2855 post
869 2791 1246 2848 oszendemus.
1289 2797 1398 2849 Ant
1449 2801 1670 2854 nomine
1740 2811 1946 2859 tantum
2009 2817 2091 2864 est

2197 2815 2384 2887 Πατὴρ
2422 2783 2543 2885 μ’ὲν,
2576 2783 2663 2868 ότε
2698 2783 3044 2884 σοφὸς-Υἱὸς
3069 2816 3145 2879 δὲ,
3177 2819 3264 2870 ὅτε
3295 2783 3478 2878 σοξρία.
3516 2817 3640 2872 Ἀλλ’
3658 2814 3731 2880 οὐχ

519 2873 778 2943 Verbum,
812 2887 868 2935 et
893 2882 1176 2952 sapientia,
1207 2895 1261 2940 et
1281 2886 1466 2952 Filius,
1503 2905 1608 2945 non
1639 2902 1819 2948 autem
1844 2898 2091 2954 subsistit

2197 2908 2269 2972 ὡς
2304 2873 2636 2977 τέοιότηςτις
2665 2873 2922 2961 ratirati»)
2953 2873 3041 2976 τῷ⁷
3063 2873 3181 2978 Θεῷ
3210 2927 3224 2941 ο
3256 2908 3464 2977 ἄπαγε.
3504 2905 3732 2976 Ἀπρεσὲς

520 2967 569 3023 is
587 2968 654 3023 de
676 2985 782 3039 quo
815 2969 931 3026 haec
957 2975 1233 3041 dicuntur,
1259 2979 1343 3032 vel
1371 2984 1551 3049 potius
1582 2986 1671 3050 qui
1710 2985 1822 3040 haec
1848 2987 1962 3056 ipsa
1987 2999 2089 3047 est.

2197 2967 2372 3053 τοὺτο.
2418 2967 2789 3070 Εὑοεῦήσεται
2825 2999 2928 3068 γὰρ
2961 2967 3214 3063 σὺνοετος
3246 3003 3272 3054 6
3306 2967 3446 3063 826;
3480 3001 3534 3066 ἐξ
3580 2967 3731 3056 οὑσίας

521 3062 577 3117 Si
611 3079 716 3117 non
741 3065 1012 3129 subsistit,
1053 3068 1232 3121 inania
1257 3070 1371 3124 haec
1397 3082 1524 3126 sunt
1551 3076 1768 3130 nomina
1814 3089 1868 3134 et
1897 3095 2090 3152 super-

2197 3090 2288 3142 καὶ
2328 3062 2628 3160 ποιότητοςί
2649 3091 2805 3144 Πᾶσα
2957 3092 3180 3162 ποιότης
3239 3111 3256 3146 δ
3273 3093 3437 3162 οὐσίᾳ
3462 3062 3586 3146 ἐστί.
3606 3089 3730 3142 Κατὰ

521 3169 784 3220 vacanea,
819 3156 921 3211 nisi
955 3159 1078 3228 quis
1113 3160 1257 3214 dicat
1286 3161 1454 3216 Deum
1486 3178 1609 3219 esse
1649 3167 1816 3237 ipsam
1871 3175 2089 3244 sapien-

2197 3181 2349 3235 τοῦτο
2400 3181 2456 3235 δὲ
2504 3185 2536 3252 ἡ
2583 3183 2702 3236 θεία
2741 3185 2929 3252 μονὰς,
2965 3183 3270 3253 ἀδιαίρετος
3331 3180 3485 3241 οὖσα.
3523 3180 3730 3240 σύνθετος

521 3247 676 3312 tiam,
708 3258 762 3304 et
805 3250 984 3319 ipsum
1048 3249 1306 3308 Verbum.
1338 3258 1404 3307 At
1454 3256 1558 3310 boc
1613 3271 1772 3328 pacto
1835 3263 1951 3334 ipse
2005 3273 2088 3324 sui

2197 3247 2864 3342 φανήσεταιίτεμνοξιένη
2905 3247 2980 3335 εἰς
3015 3247 3204 3326 οὐσίαν
3251 3247 3348 3327 icui.
3411 3270 3730 3344 συμὸεόηκός.

521 3341 696 3412 ipsius
716 3353 863 3400 esset
899 3344 1077 3410 Pater,
1107 3354 1161 3400 et
1185 3345 1354 3401 Filius
1393 3346 1598 3403 :Pater
1657 3354 1877 3421 quidem
1941 3364 2157 3429 quando
2192 3341 2442 3434 sapiens;
2494 3341 2659 3418 Filius
2715 3376 2896 3420 autem
2974 3364 3191 3434 quando
3247 3365 3532 3432 sapientia.
3573 3360 3730 3416 Verum

524 3439 641 3494 btec
666 3455 776 3494 non
820 3449 949 3496 sunt
1001 3443 1052 3496 in
1087 3441 1216 3506 Deo,
1254 3453 1314 3497 ut
1344 3445 1576 3514 qualitas
1613 3452 1880 3518 quaedam.
1910 3459 2082 3513 Absit.
2120 3460 2432 3515 Absurdum
2488 3461 2632 3514 enim
2687 3462 2789 3514 hoc
2828 3469 2930 3514 est.
2977 3459 3109 3514 Nam
3142 3460 3285 3514 Deus
3323 3460 3428 3514 hoc
3451 3458 3598 3512 modo
3616 3463 3731 3508 esset

523 3537 861 3607 compositus
916 3555 982 3594 ex
1049 3541 1287 3595 essentia
1351 3552 1406 3608 et
1456 3545 1733 3612 qualitate.
1800 3546 2074 3618 Siquidem
2125 3555 2306 3607 omnis
2348 3556 2583 3624 qualitas
2611 3563 2695 3609 est
2740 3555 2793 3608 in
2822 3555 3076 3610 essentia.
3126 3552 3192 3607 Et
3237 3555 3344 3608 boc
3395 3554 3516 3608 dato
3540 3550 3730 3604 divinam

525 3633 814 3704 unitatem,
839 3636 1141 3706 quaefdividi
1170 3653 1275 3693 non
1296 3650 1493 3707 potest,
1521 3644 1871 3712 compositam
1891 3660 2012 3701 esse
2029 3660 2320 3717 constaret,
2343 3651 2542 3722 quippe
2557 3667 2675 3722 qua:
2706 3650 2759 3704 in
2784 3652 3077 3705 essentiam
3125 3660 3177 3704 et
3195 3649 3454 3705 accidens
3483 3656 3730 3704 secaretur.
3813 3681 3818 3687 -

1054 3729 1139 3784 Ex-
1213 3732 1391 3787 eodem
1451 3734 1601 3789 libro.-

2644 3743 2744 3795 Ἐκ
2784 3743 2890 3796 τοῦ
2919 3743 3106 3796 αὐτοῦ
3135 3743 3349 3811 λόγου.

593 3820 1060 3888 Quemadmodum
1082 3839 1208 3878 vere
1244 3824 1404 3880 Pater
1427 3836 1534 3892 est,
1567 3828 1645 3883 sic
1672 3829 1937 3900 sapientia
1972 3847 2091 3886 vere

2278 3834 2488 3904 Ὥσπερ
2514 3833 2727 3903 ἀληθῶς
2756 3834 2967 3904 Πατὴρ,
2984 3833 3155 3897 οὕτως
3179 3833 3396 3903 ἀληθῶς
3424 3831 3589 3900 σοφία.
3611 3829 3732 3884 Κατὲ

525 3920 631 3968 est.
677 3912 790 3968 Hac
824 3915 985 3984 igitur
1016 3915 1229 3970 ratione
1306 3918 1416 3971 duo
1448 3929 1592 3983 sunt,
1645 3925 1903 3990 quoniam
1964 3939 2091 3986 non.

2202 3929 2357 3982 τοῦτο
2377 3925 2470 3984 οὖν
2495 3928 2588 3982 δὺο
2612 3930 2731 3999 μὲν,
2760 3930 2840 3982 ὅτι
2866 3929 2940 3998 μὴ
2968 3929 3107 3981 κατὰ
3128 3928 3417 3982 Σαῦέλλιον
3437 3928 3463 3980 6
3483 3926 3626 3987 αὐτὸς
3651 3925 3733 3975 Πα·

527 4011 586 4056 ιιι
606 4001 876 4058 Sabellius
900 4003 1176 4073 apinatur,
1207 4004 1348 4062 idem
1371 4016 1455 4062 est
1487 4007 1644 4063 Pater
1689 4019 1739 4064 et
1771 4009 1959 4065 Filius.
1990 4011 2091 4066 Sed

2202 4021 2305 4090 τήρ
2329 4023 2420 4074 καὶ
2445 4021 2593 4084 Υἱός.
2629 4020 2770 4073 Ἀλλ’
2797 4023 2824 4074 6
2847 4020 3035 4091 Πατὴρ
3065 4021 3274 4090 Πατὴρ.
3307 4021 3404 4073 καὶ
3427 4023 3454 4073 6
3480 4016 3727 4084 ΥἱὸςξΥίός.

526 4093 691 4150 Pater
714 4104 796 4150 est
821 4095 1000 4159 Pater,
1027 4105 1082 4152 et
1110 4095 1277 4154 Filius
1316 4109 1402 4154 est
1438 4098 1628 4154 Filius.
1677 4100 1857 4156 Unum
1911 4112 2091 4158 autem

2210 4113 2308 4166 Ἓν
2341 4111 2418 4174 δὲ,
2452 4112 2534 4164 ὅτι
2570 4113 2595 4163 6
2621 4111 2748 4174 Υἱὸς
2780 4111 2876 4178 τῆς
2914 4113 3101 4173 οὐσίας
3137 4111 3235 4163 τοῦ
3275 4111 3488 4179 Πατρός
3518 4111 3619 4160 ἐστι
3649 4102 3730 4170 οὗ·

527 4202 699 4253 sunt;
739 4187 863 4256 quia
891 4188 1058 4243 Filius
1087 4205 1187 4261 per
1211 4200 1458 4248 naturam
1497 4203 1577 4248 est
1599 4195 1854 4249 essentia:
1894 4196 2091 4258 l'atris,

2207 4219 2311 4268 σει,
2364 4204 2491 4266 ίδιος
2534 4202 2794 4274 ὑπάρχων
2836 4201 3004 4268 Λόγος
3053 4202 3236 4255 αὑτοῦ.
3291 4202 3462 4256 Τοῦτο
3507 4201 3532 4252 6
3570 4198 3743 4265 Κύριος.

529 4279 1002 4352 propriumipsius
1033 4280 1269 4340 Verbum
1316 4285 1605 4343 exsislens.
1662 4285 1775 4342 Hoc
1835 4287 2091 4343 Dominus

2207 4293 2422 4359 ἔλεγεν·
2492 4293 2636 4361 Ἐγὼ
2681 4294 2779 4346 καὶ
2813 4293 2843 4345 ὁ
2895 4291 3097 4360 Πατὴρ
3138 4292 3208 4345 ἓν
3237 4293 3443 4362 ἐσμεν.
3489 4289 3608 4345 Οὔτε
3651 4289 3732 4354 γὰρ

528 4371 756 4431 docebat
788 4395 800 4429 :
833 4376 965 4447 Ego,
1014 4376 1286 4446 inquiens,
1318 4387 1366 4431 et
1395 4377 1562 4432 Pater
1607 4395 1769 4432 unum
1826 4396 2005 4434 stt-tua
2056 4381 2091 4436 ί.

2209 4383 2238 4435 6
2293 4383 2463 4450 Λόγος
2517 4380 2848 4452 κεχώρισται
2895 4381 2988 4434 τοῦ
3041 4381 3286 4453 Πατρὸς,
3339 4381 3462 4435 οὔτε
3510 4381 3536 4432 6
3581 4376 3730 4442 Πατὴρ

529 4466 716 4538 Neque
743 4471 887 4523 enim
913 4469 1150 4526 Verbum
1183 4486 1212 4524 a
1247 4470 1404 4525 Patre
1431 4481 1738 4541 separatum
1770 4482 1877 4536 est,
1923 4488 2091 4542 teque

2207 4475 2398 4543 ἄλογός
2445 4491 2573 4532 ποτε
2602 4471 2690 4546 ἦν,
2722 4475 2755 4545 ἧ
2789 4476 2924 4528 ἐστι.
2956 4477 3064 4529 Καὶ
3104 4476 3130 4527 6
3160 4476 3332 4542 Λόγος
3379 4473 3468 4528 οὑν
3499 4472 3633 4534 Θεὸς,
3658 4469 3732 4521 καὶ

530 4562 691 4616 Pater
711 4561 827 4616 sine
857 4561 1035 4618 Verbo
1067 4579 1305 4632 unquam
1362 4563 1485 4628 fuit,
1521 4571 1739 4619 autest.
1800 4570 1984 4629 Quare
2049 4576 2091 4620 ei

2211 4569 2240 4621 6
2281 4567 2470 4637 Πατὴρ
2499 4567 2598 4620 οὑκ
2624 4565 2838 4643 ἄλογος.

528 4653 766 4710 Verbum
810 4665 894 4711 est
936 4657 1098 4719 Deus,
1129 4665 1183 4712 et
1237 4657 1398 4711 Pater
1427 4672 1536 4711 non
1563 4658 1684 4713 sine
1737 4656 1937 4713 Verbo.

1060 4747 1143 4802 Ex
1183 4749 1362 4803 eodem
1426 4750 1576 4802 libro.

607 4837 861 4894 Christus
891 4849 974 4893 est
1006 4839 1245 4894 Verbum
1274 4841 1392 4894 Dei.
1423 4838 1614 4894 Utrum
1649 4840 1813 4910 igitur
1867 4842 1946 4894 sic
1979 4857 2009 4895 a
2047 4857 2107 4896 se

527 4928 738 4982 exstitit
770 4937 828 4982 ut
858 4944 953 4996 per
978 4943 1038 4983 se
1079 4930 1384 4989 subsistens
1406 4930 1776 5000 agglutinatus
1809 4931 2044 4986 sitPatri
2090 4949 2104 4984 :

529 5036 597 5073 an
633 5021 774 5074 Deus
822 5022 998 5090 ipsum
1035 5021 1180 5084 fecit,
1206 5033 1259 5077 et
1289 5022 1525 5078 Verbum
1564 5040 1722 5079 suum
1771 5025 2108 5094 appellavit?

530 5111 586 5164 Si
622 5112 854 5180 primum
882 5113 1059 5178 detur,
1096 5124 1153 5168 ut
1182 5113 1276 5183 per
1299 5131 1356 5169 se
1389 5117 1675 5180 exstiterit,
1723 5117 1972 5185 Deusque
2012 5117 2102 5179 sit,

530 5204 639 5260 duo
678 5213 836 5258 erunt
857 5205 1142 5274 principia,
1178 5222 1354 5275 neque
1381 5208 1485 5261 erit
1503 5224 1631 5262 vere
1655 5211 1905 5278 proprius
1927 5210 2104 5264 Patris

529 5295 722 5360 Filius,
786 5297 988 5366 quippe
1021 5297 1111 5365 qui
1175 5313 1280 5353 non
1319 5299 1490 5368 ipsius
1525 5301 1594 5354 sit
1644 5299 1838 5360 Patris.
1870 5302 1962 5356 sed
2021 5303 2101 5356 sui

533 5389 742 5457 ipsius;
789 5389 873 5441 sin
905 5389 1234 5444 concedatur
1278 5392 1598 5456 secundum,
1639 5393 1711 5450 uti
1767 5393 2107 5447 extrinsecus

533 5482 709 5535 factus
735 5480 917 5542 fuerit,
951 5482 1056 5535 erit
1091 5497 1178 5536 res
1211 5491 1514 5550 procreata.
1575 5483 1864 5553 Reliquum
1937 5485 2104 5555 igitur

530 5580 614 5625 est
681 5579 739 5624 ut
771 5571 920 5623 illum
956 5587 1022 5626 ex
1060 5573 1168 5626 Deo
1202 5572 1446 5626 dientnus
1472 5587 1613 5627 esse.
1653 5573 1724 5628 Ut
1753 5574 1898 5627 aliud
1932 5575 2003 5628 sit
2028 5575 2105 5640 id,

530 5661 678 5731 quod
718 5676 784 5714 ex
814 5661 997 5730 aliquo
1028 5672 1131 5725 est,
1178 5670 1234 5716 et
1267 5661 1422 5716 aliud“
1472 5661 1540 5716 sit
1599 5663 1674 5730 id,
1703 5679 1764 5719 ex
1806 5679 1915 5734 quo
1969 5665 2102 5718 illud

2643 4742 2743 4796 Ἐκ
2774 4741 2882 4796 τοῦ
2915 4741 3102 4796 αὑτοῦ
3134 4741 3342 4811 λόγου.

2255 4818 2258 4822 Ι
2291 4835 2351 4890 '0
2378 4835 2612 4906 Χριστὸς
2640 4836 2814 4902 Λόγος
2843 4834 2936 4888 τοῦ
2967 4833 3102 4886 Θεοῦ
3134 4835 3270 4888 ἐστι..
3306 4835 3532 4903 Πότερον
3558 4828 3636 4882 οὖν
3658 4822 3728 4925 (ut?

2209 4929 2400 4981 ἑαυτοῦ
2459 4927 2685 4995 ὑπέστη,
2742 4927 2838 4978 καὶ
2895 4925 3134 4988 ὑποστὰς
3189 4923 3630 4997 προσκεκόὶλητκι
3669 4923 3726 4983 τῳ

2207 5021 2406 5092 Πατρὶ,
2461 5019 2493 5087 ἢ
2550 5019 2578 5069 6
2624 5018 2755 5080 Θεὸς
2808 5016 2967 5068 αὑτὸν
2998 5017 3288 5086 πεποίηκε,
3338 5018 3430 5070 καὶ
3485 5013 3726 5078 ὠνόμακεν

2205 5113 2398 5166 ἑαυτοῦ
2430 5111 2639 5178 Λόγον;
2674 5110 2738 5164 Εἰ
2789 5109 2886 5177 μὲν
2927 5105 3018 5160 οὖν
3048 5108 3107 5161 τὸ
3145 5109 3384 5179 πρῶτον,
3425 5107 3558 5170 λέγω
3585 5103 3637 5171 δὴ
3678 5097 3725 5148 τὸ

2204 5205 2381 5272 ἐαυτῷ
2425 5204 2655 5272 ὑπέστη,
2705 5201 2799 5254 καὶ
2843 5199 2973 5261 Θεός
3018 5201 3154 5265 ἐστι,
3206 5200 3298 5253 δύο
3330 5204 3392 5254 ἂν
3437 5196 3536 5251 εἷεν
3573 5189 3721 5261 ἀρχαί.

2205 5297 2320 5350 Οὐκ
2355 5293 2507 5346 ἔσται
2536 5291 2592 5343 δὲ
2626 5289 2849 5350 εἰκότως
2881 5286 3002 5341 οὑδὲ
3035 5287 3129 5339 τοῦ
3167 5289 3377 5356 [ἰατρὸς
3407 5287 3547 5346 ἴδιος,
3579 5279 3652 5332 διὰ
3677 5275 3722 5325 τὸ

2209 5389 2284 5459 μὴ
2314 5384 2477 5439 αὑτοῦ
2507 5383 2598 5436 τοῦ
2634 5380 2868 5450 Πατρὸς,
2903 5379 3016 5432 ἀλλ’
3049 5379 3244 5432 ἑαυτοῦ
3276 5377 3429 5432 εἶναι.
3465 5378 3518 5429 Εἰ
3544 5373 3592 5424 δὲ
3619 5369 3721 5464 iit»:

2205 5480 2295 5532 θεν
2325 5476 2640 5544 πεποέηται,
2669 5473 2756 5542 εἴη
2789 5471 2853 5524 ἂν
2881 5471 3106 5540 κτίσμα.
3135 5472 3390 5524 Λείπεται
3419 5469 3479 5539 δὴ
3505 5466 3557 5530 ἐξ
3587 5461 3717 5515 αὐτου

2203 5572 2295 5626 τοῦ
2326 5569 2460 5623 Θεοῦ
2500 5567 2677 5635 λέγειν
2708 5564 2891 5618 αὐτόν.
2934 5564 2994 5616 Ei
3027 5564 3082 5617 δὲ
3112 5563 3292 5625 τοῦτο,
3332 5563 3456 5618 ἄλλο
3487 5562 3547 5612 ἂν
3578 5554 3651 5620 εἴη
3674 5545 3719 5598 τὸ

2203 5663 2266 5716 ἔκ
2307 5677 2471 5723 τινος,
2513 5660 2605 5712 καὶ
2647 5657 2775 5710 ἄλλο
2813 5655 2871 5708 τὸ
2900 5653 2958 5719 ἐξ
3001 5647 3062 5708 οὑ
3105 5655 3242 5708 ἐστι.
3286 5653 3435 5707 Κατά
3469 5648 3608 5703 τοῦτο
3635 5641 3716 5710 ἄρα

606 5819 618 5850 ¹
651 5817 806 5872 Joan.
863 5833 916 5870 κ.
948 5817 1034 5871 50.
