3954 6568
210 424 327 487 341

1174 426 1552 488 PANOPLIA
1592 424 2057 485 DOGMATICA.
2088 448 2156 457 —
2195 423 2345 483 'l'lT.
2390 421 2491 480 XI.

3368 416 3471 480 3i2

209 538 337 593 δύο.
372 538 430 590 Εἰ
460 537 514 590 δὲ
549 538 623 609 μὴ
670 538 764 591 δύο
799 540 907 607 εἴη,
936 539 1050 595 ἀλλ’
1081 539 1172 593 ἐπὶ
1206 540 1300 593 τοῦ
1331 540 1497 593 αὐτοῦ
1527 543 1584 594 τὸ
1610 542 1799 612 Πατὴρ

1911 550 2010 595 est.
2047 541 2313 607 Atqueita
2366 544 2524 607 erunt
2550 535 2679 590 duo.
2710 534 2864 602 Quod
2922 534 2967 589 si
3000 536 3107 590 duo
3172 552 3278 590 non
3339 536 3470 597 sint,

207 633 311 682 καὶ
335 630 395 683 τὸ
427 628 553 693 Υἱὸς
578 631 807 698 λέγοιτο,
838 630 986 685 ἔσται
1027 633 1087 685 τὸ
1115 633 1245 685 αὐτὸ
1279 634 1449 686 αἰτιον
1497 634 1588 687 καὶ
1619 635 1793 687 αίτια-

204 723 325 786 τὸν,
369 725 465 775 καὶ
501 722 837 791 γεννώμενον
891 727 982 777 καὶ
1016 725 1221 791 γεννῶν
1243 766 1255 787 ,
1292 726 1428 796 ὅπερ
1467 726 1665 779 ἄτοπον
1701 726 1793 778 ἐπὶ

206 813 305 865 τοῦ
354 813 642 867 Σαδελλίου
676 814 963 868 δέδεικται.
1010 816 1071 867 Εἰ
1101 816 1155 868 δὲ
1204 817 1259 882 ἐξ
1286 817 1451 870 αὐτοῦ
1499 817 1597 886 μέν
1627 818 1791 882 ἐστιν,

207 905 315 955 οὐκ
348 904 481 957 ἄλλο
506 904 586 967 δὲ,
613 905 764 958 ἔσται
799 907 891 958 καὶ
920 906 1124 974 γεννῶν
1178 908 1269 960 καὶ
1303 907 1377 977 μὴ
1408 907 1609 975 γεννῶν
1634 922 1648 938 ο
1676 924 1795 975 γεν-

212 996 327 1047 νῶν
368 998 492 1065 μὲν,
526 997 607 1049 ὅτι
639 996 699 1061 ἐξ
730 998 891 1050 αὐτοῦ
924 998 1189 1069 προφέρει
1214 1016 1225 1029 ·
1264 997 1342 1070 μὴ
1373 997 1574 1065 γεννῶν
1606 999 1682 1061 6t,
1713 998 1793 1051 ὅτι

210 1089 290 1156 μὴ
338 1088 497 1150 ἄλλος
545 1088 737 1141 ἑαυτοῦ
788 1090 959 1145 ἔστιν.
998 1090 1061 1143 Εἰ
1106 1090 1160 1143 δὲ
1204 1091 1383 1152 τοῦτο,
1428 1090 1513 1159 εἴη
1558 1089 1624 1142 ἂν
1676 1089 1794 1142 κατ’

206 1183 465 1233 ἐπίνοιαν
503 1182 795 1250 λεγόμενος
830 1181 857 1232 6
902 1182 1065 1246 αὐτὸς
1104 1182 1291 1253 Πατὴρ
1322 1182 1414 1235 καὶ
1454 1181 1599 1244 Υἱός.
1634 1183 1692 1233 Εἰ
1738 1182 1794 1236 δὲ

206 1275 469 1341 ἀπρεπὲς
516 1273 709 1340 οὕτως,
756 1272 839 1344 εἴη
895 1276 939 1327 6‘
997 1274 1061 1328 ἂν
1116 1275 1209 1328 δύο
1258 1276 1446 1345 Πατὴρ
1500 1276 1592 1326 καὶ
1626 1274 1790 1337 Υἱός·

207 1365 267 1417 ἓν
324 1367 387 1418 δὲ
408 1406 423 1429 ,
456 1367 538 1419 ὅτι
581 1368 608 1418 6
646 1367 768 1429 Υἱὸς
799 1366 897 1419 οὐκ
929 1366 1146 1433 ἔξωθεν,
1183 1367 1297 1419 ἀλλ’
1350 1368 1413 1420 ὲκ
1442 1366 1577 1420 Θεοῦ
1608 1367 1797 1436 γεγέν-

207 1474 399 1525 νηται.
447 1460 506 1511 Εἰ
546 1459 602 1512 6t
644 1458 836 1529 φεύγει
871 1477 951 1522 τις
1007 1460 1066 1512 τὸ
1102 1460 1280 1527 λέγειν
1326 1460 1602 1530 γέννημα,
1638 1458 1797 1529 μόνον

205 1546 266 1600 δὲ
294 1548 454 1615 λέγει
484 1550 747 1620 ὑπάρχειν
774 1552 865 1604 τὸν
896 1551 1072 1619 Λόγον
1102 1553 1199 1603 σὺν
1231 1550 1309 1620 τῷ
1331 1550 1469 1621 Θεῷ,
1504 1549 1797 1620 φοϐηθήτω

207 1641 235 1689 6
262 1639 521 1703 τοιοῦτος
552 1642 629 1710 μὴ
656 1640 871 1709 φεύγων
902 1645 962 1695 τὸ
994 1641 1097 1695 ὑπὸ
1118 1642 1216 1711 τῆς
1246 1643 1464 1712 Γραφῆς
1496 1642 1797 1713 λεγόμενον

207 1731 442 1804 ἐμπέσῃ
484 1732 566 1796 εἰς
600 1734 833 1787 ἀτοπίαν
854 1776 865 1797 ,
898 1735 1065 1804 διφυῆ
1102 1752 1221 1788 τινα
1258 1734 1493 1802 εἰσάγων
1520 1734 1609 1788 τὸν
1640 1734 1793 1791 Θεόν.

207 1822 303 1893 Μὴ
346 1824 521 1887 διδοὺς
554 1825 659 1894 γὰρ
685 1828 747 1878 ἐκ
779 1827 875 1895 τῆς
906 1826 1133 1896 μονάδος
1165 1821 1305 1880 εἶναι
1333 1826 1425 1879 τὸν
1454 1826 1649 1893 Λόγον,
1677 1826 1793 1879 ἀλλ’

1895 634 1988 688 sed
2024 634 2091 687 de
2134 632 2325 686 eodem
2355 630 2571 685 dicatur
2597 629 2759 683 Pater
2792 640 2845 683 et
2873 629 3059 691 Filius,
3100 630 3241 683 idem
3276 628 3379 683 erit
3422 637 3477 682 et

1896 743 2056 783 causa
2114 736 2165 778 et
2198 725 2341 795 quod
2376 739 2405 777 a
2448 739 2605 777 causa
2637 723 3017 791 proﬁciscitur,
3061 723 3203 776 idem
3250 723 3477 789 gignens

1895 836 1950 873 et
2000 816 2442 889 genitum.Quod
2486 815 2703 880 quidem
2756 814 3058 869 adsurdum
3111 815 3165 867 in
3225 813 3469 868 Sabellio

1896 912 2299 980 deprehensum
2367 917 2472 962 est.
2534 910 2599 960 At
2656 907 2697 960 si
2784 924 2851 960 ex
2906 908 3023 975 ipso
3055 907 3144 970 sit,
3207 907 3301 960 sed
3353 922 3462 958 nun

1896 1004 2062 1067 aliud,
2077 1004 2177 1058 erit
2196 1014 2246 1055 et
2263 1002 2507 1071 gignens,
2534 1011 2587 1054 et
2613 1015 2717 1053 non
2736 1001 2957 1070 gignens
2978 1015 2992 1059 ;
3013 998 3236 1068 gignens
3254 997 3473 1065 quidem

1894 1099 2148 1167 quoniam
2199 1112 2256 1150 se
2303 1093 2524 1164 profert,
2556 1108 2662 1147 non
2693 1094 2917 1163 gignens
2952 1102 3156 1157 autem,
3199 1090 3320 1160 quia
3341 1089 3475 1142 nihil

1896 1192 2063 1250 aliud.
2086 1205 2247 1259 quam
2268 1204 2326 1242 se
2352 1186 2575 1256 profert.
2599 1187 2675 1240 Ex
2697 1200 2803 1255 quo
2824 1195 3103 1252 sequetur,
3132 1192 3190 1239 ut
3209 1184 3468 1252 opinione

1898 1292 2104 1337 tantum
2167 1282 2308 1335 idem
2382 1279 2594 1335 dicatur
2664 1280 2822 1333 Pater
2886 1287 2937 1331 et
2987 1277 3180 1332 Filius.
3242 1274 3372 1341 Quae
3430 1275 3476 1328 si

1898 1372 2135 1427 absurda
2170 1380 2320 1432 sunt,
2363 1370 2472 1424 duo
2512 1370 2622 1424 sint
2647 1372 2809 1421 Pater
2837 1376 2889 1421 et
2920 1364 3109 1420 Filius.
3166 1363 3345 1420 Unum
3379 1377 3477 1415 au-

1899 1472 2030 1525 tem,
2063 1461 2186 1532 quia
2214 1460 2384 1515 Filius
2436 1478 2544 1515 non
2617 1460 2957 1515 extrinsecus
2987 1457 3161 1511 factus
3215 1464 3319 1517 est,
3383 1452 3475 1509 sed

1897 1568 1961 1608 ex
1983 1554 2090 1608 Deo
2109 1554 2351 1623 genitus.
2384 1553 2540 1619 Quod
2560 1553 2602 1605 si
2633 1552 2752 1622 quis
2782 1553 3024 1622 genitum
3059 1555 3272 1603 recusat
3294 1546 3478 1601 dicere

1899 1657 1953 1701 et
1981 1647 2358 1701 tantummodo
2424 1646 2577 1710 dicit,
2636 1645 2870 1705 Verbum
2935 1658 3055 1698 esse
3130 1656 3253 1697 cum
3340 1640 3473 1699 Deo,

1899 1750 2085 1793 caveat
2115 1740 2179 1803 is,
2213 1754 2281 1793 ne
2307 1739 2435 1793 dum
2464 1738 2667 1809 lugitid
2699 1738 2889 1807 quoda
2923 1736 3201 1805 Scriptura
3250 1732 3471 1795 dicitur,

1901 1833 1954 1887 in
1988 1833 2277 1886 absurdam
2305 1832 2539 1901 aliquam
2573 1831 2891 1900 opinionem
2963 1828 3224 1889 incurrat,
3275 1833 3329 1878 et
3357 1838 3474 1891 _na-

203 1914 410 1979 ἁπλῶς
444 1916 804 1985 κεκολλῆσθαι
839 1918 917 1988 τῷ
957 1919 1132 1989 Πατρὶ
1169 1919 1376 1988 Λόγον,
1408 1917 1574 1971 δυάδα
1602 1918 1787 1982 οὐσίας

1914 1938 2009 1976 ura
2044 1921 2240 1990 duplici
2274 1921 2442 1974 Deum
2496 1918 2825 1973 introducat.
2875 1917 2976 1983 Qui
3036 1918 3182 1969 enim
3252 1927 3363 1966 non
3413 1925 3477 1964 ex

203 2005 452 2074 εἰσάγει,
485 2008 786 2079 μηδετέραν
817 2010 915 2076 τῆς
943 2010 1132 2082 ἐτέρας
1155 2012 1376 2083 Πατέρα
1400 2010 1785 2081 τυγχάνουσαν.

204 2097 283 2149 Τὸ
320 2098 458 2151 αὐτὸ
482 2099 538 2152 δὲ
571 2100 665 2154 καὶ
696 2102 825 2171 περὶ
858 2104 1161 2173 δυνάμεως.

203 2189 493 2260 duplicem
581 2193 791 2249 inducit
881 2198 1195 2263 essentiam,

210 2296 438 2340 testate.

662 2378 762 2431 Ἐκ
798 2378 902 2443 τοῦ
936 2380 1125 2434 αὐτοῦ
1152 2382 1363 2450 λόγου.

307 2470 372 2524 ’0
398 2470 529 2533 Θεὸς
557 2470 740 2540 σοφὸς,
763 2474 858 2525 καὶ
886 2473 983 2525 οὐκ
1012 2473 1201 2542 ἄλογός
1235 2476 1406 2541 ἐστιν,
1434 2474 1467 2545 ἢ
1498 2473 1804 2527 τούναντίον

216 2563 431 2631 ἇσοφος
464 2564 558 2615 καὶ
582 2562 792 2632 ἄλογος.
830 2565 891 2617 Εἰ
927 2564 1025 2633 μὲν
1054 2565 1148 2619 οὖν
1183 2568 1246 2619 τὸ
1273 2566 1543 2638 δεύτερον,
1581 2565 1807 2619 αὐτόθεν

216 2656 343 2728 ἔχει
368 2658 599 2711 ἀτοπίαν
622 2674 638 2690 ⁶
668 2660 718 2711 εἰ
747 2658 801 2710 δὲ
826 2660 887 2711 τὸ
921 2660 1157 2729 πρῶτον,
1192 2662 1516 2731 ὲρωτητέον,
1551 2660 1667 2722 πῶς
1692 2662 1805 2713 ἐστι

218 2750 414 2819 σοφὸς,
448 2752 539 2803 καὶ
566 2751 666 2804 οὐκ
692 2752 885 2819 ἄλογος
909 2769 923 2817 ;
956 2753 1191 2824 Πότερον
1214 2753 1414 2819 ἔξωθεν
1445 2753 1691 2823 ἐσχηκὼς
1717 2754 1805 2806 τὸν

217 2844 405 2908 Λόγον
438 2844 531 2896 καὶ
562 2843 661 2911 τὴν
689 2844 902 2911 σοφίαν,
927 2844 958 2912 ᾗ
982 2843 1041 2909 ἐξ
1074 2845 1267 2896 ἑαυτοῦ
1294 2843 1402 2910 ςἘἰ
1433 2844 1529 2913 μὲν
1558 2848 1650 2895 οὐν
1681 2842 1806 2909 ἔξω·

219 2933 343 2996 θεν,
382 2934 536 2987 ἐσται
573 2953 656 2997 τις
682 2936 709 2986 6
746 2934 1102 3007 προδεδωκὼς
1131 2936 1303 3004 αὐτῷ,
1334 2936 1426 2987 καὶ
1461 2937 1590 3005 πρὶν
1617 2934 1804 2988 λαϐεῖν

219 3024 435 3094 ἄσοφος
487 3021 555 3097 ἧν
602 3028 697 3080 καὶ
734 3026 960 3094 ἄλογος’
997 3029 1045 3080 εἰ
1075 3026 1130 3080 6t
1164 3028 1223 3092 ἐξ
1268 3027 1462 3080 ἑαυτοῦ
1483 3068 1498 3093 ,
1530 3026 1688 3096 δῆλον
1722 3028 1803 3082 ὅτι

220 3119 332 3169 οὐκ
374 3118 431 3183 ἐξ
459 3122 557 3171 οὐκ
601 3117 789 3183 ὄντων,
826 3118 947 3171 οὐδὲ
995 3115 1061 3190 ἦν
1110 3137 1262 3184 ποτε,
1306 3121 1393 3173 ὅτε
1422 3121 1520 3172 οὐκ
1550 3116 1639 3191 ἧν.
1688 3121 1796 3173 Ἀεὶ

1288 2214 1519 2268 quarum
1600 2207 1796 2252 neutra
1862 2196 1932 2252 sit
1982 2197 2206 2252 alterius
2265 2196 2445 2250 Pater.
2529 2194 2786 2265 [demque
2870 2192 3135 2261 contingit

1898 2017 2105 2069 unitate
2132 2012 2367 2067 Verbum
2397 2027 2518 2068 esse
2541 2011 2811 2075 concedit,
2842 2009 2934 2064 scd
2968 2006 3282 2076 simpliciter
3334 2002 3478 2057 Patri

1900 2107 2133 2160 Verbum
2188 2104 2302 2158 vult
2365 2116 2487 2159 esse
2536 2102 2891 2171 coniunctum
2954 2106 3009 2153 et
3063 2097 3475 2169 agglutinatum,

3246 2188 3314 2243 de
3385 2201 3480 2256 po-

2456 2399 2536 2454 Ea;
2564 2401 2743 2454 eodem
2775 2398 2929 2452 libro.

1974 2494 2124 2550 Deus
2162 2505 2259 2550 aut
2289 2494 2506 2564 sapiens
2554 2504 2653 2559 est,
2692 2508 2797 2548 nec
2827 2493 3057 2557 ratione,
3082 2507 3180 2547 seu
3210 2494 3477 2561 oratione,

1902 2596 1996 2640 aut
2027 2585 2206 2641 Verbo
2233 2598 2400 2651 caret,
2431 2594 2525 2642 aut
2551 2595 2742 2640 contra
2774 2584 3060 2654 insipiens,
3095 2593 3149 2638 et
3173 2584 3354 2640 Verbo
3387 2602 3479 2641 ca-

1907 2693 2053 2731 rens.
2091 2679 2207 2731 [Ιοο
2236 2679 2278 2732 si
2318 2678 2655 2739 admiserint,
2686 2677 2866 2731 statim
2894 2690 2991 2745 per
3021 2692 3079 2732 se
3104 2684 3165 2731 ut
3192 2676 3475 2731 absurdis-

1905 2767 2103 2820 simum
2132 2776 2371 2821 corruet.
2411 2767 2503 2821 Sin
2534 2766 2666 2819 illud
2697 2765 3090 2827 concesserint,
3112 2766 3481 2834 interrogandi

1902 2866 2049 2925 sunt,
2077 2860 2350 2927 quomodo
2394 2858 2610 2928 sapiens
2637 2861 2725 2921 sit,
2756 2874 2823 2912 ne
2856 2858 3031 2914 Verbo
3056 2870 3257 2912 careat.
3291 2858 3481 2914 Utrum

1903 2952 2260 3017 extrinsecus,
2289 2966 2355 3005 an
2417 2967 2480 3005 ex
2530 2965 2590 3005 se
2638 2949 2875 3004 Verbum
2933 2960 2985 3005 et
3027 2951 3347 3019 sapientiam
3386 2952 3485 3005 ha-

1901 3045 2104 3099 buerit.
2127 3042 2261 3100 Nam
2293 3047 2339 3100 si
2374 3047 2737 3110 extrinsecus,
2771 3043 3005 3100 Verbum
3038 3044 3111 3099 illi
3141 3053 3196 3099 ut
3240 3043 3484 3101 additum

1867 3146 1968 3207 .et
2014 3137 2408 3208 agglutinatum
2472 3138 2791 3205 adhaerebit,
2846 3148 2901 3192 et
2957 3141 3074 3208 ipse
3118 3140 3269 3209 prius
3320 3156 3486 3208 quam

221 3211 339 3280 γὰρ
382 3204 491 3280 ἦν’
542 3211 664 3262 ἐπεὶ
729 3211 824 3263 καὶ
869 3206 929 3264 06
990 3215 1137 3264 ἐστιν
1189 3212 1372 3278 εἰκὼν,
1418 3215 1502 3268 ἀεὶ
1548 3214 1803 3283 ὑπάρχει.

1914 3233 2045 3288 illud
2085 3240 2489 3300 assequcretur,
2540 3231 2803 3301 insipiens
2849 3241 2964 3286 erat
3019 3241 3073 3285 et
3120 3232 3237 3286 sine
3289 3233 3485 3287 Verbo.

234 3298 369 3350 Ἐὰν
399 3298 452 3349 δὲ
480 3298 732 3365 λέγωσιν,
762 3301 843 3354 ὅτι
872 3302 1034 3369 σοφὸς
1067 3304 1164 3372 μέν
1189 3304 1326 3365 ἐστι,
1358 3304 1450 3375 καὶ
1475 3304 1572 3356 οὐκ
1596 3304 1808 3371 ἄλογος,

227 3396 374 3447 ίδίαν
398 3396 454 3448 6t
483 3397 593 3466 ἔχει
619 3400 675 3450 ἐν
704 3399 882 3467 ἐαυτῷ
915 3400 1127 3467 σοφίαν,
1158 3404 1253 3454 καὶ
1276 3400 1403 3452 ἴδιον
1418 3402 1607 3468 Λόγον,
1635 3402 1691 3452 06
1720 3399 1811 3453 τὸν

225 3486 469 3557 Χριστὸν
508 3488 585 3549 6t,
637 3487 773 3539 ἀλλὰ
817 3490 874 3538 ὲν
915 3481 957 3553 ᾧ
1005 3488 1101 3540 καὶ
1143 3488 1234 3540 τὸν
1277 3488 1510 3557 Χριστὸν
1563 3486 1808 3556 ἐποίησε,

228 3580 457 3631 λεκτέον
488 3582 569 3632 ὅτι
604 3581 649 3633 εἰ
676 3581 702 3632 6
732 3579 964 3649 Χριστὸς
998 3582 1054 3634 ἐν
1091 3580 1285 3651 ἐκείνῳ
1316 3580 1394 3649 τῷ
1410 3582 1567 3649 Λόγῳ
1600 3579 1813 3646 γέγονε,

227 3671 396 3739 δῆλον
447 3674 529 3725 ὅτι
561 3674 655 3726 καὶ
694 3676 762 3728 τὰ
813 3677 1023 3731 πάπτα-
1077 3678 1167 3727 καί
1209 3674 1368 3736 αὐτὸς
1404 3672 1469 3726 ἂν
1518 3672 1623 3742 εἴη,
1684 3672 1815 3741 περὶ

229 3755 297 3816 οὗ
354 3765 499 3832 λέγει
543 3767 571 3817 6
626 3765 897 3838 Ἰωάννης,
954 3767 1155 3821 Πάντα
1197 3768 1272 3819 δι’
1311 3766 1500 3820 αὑτοῦ
1547 3766 1809 3833 ἐγένετο.

237 3859 348 3909 Καὶ
398 3859 425 3910 6
455 3858 757 3928 Ψαλμῳδδς
809 3859 886 3923 δὲ,
926 3860 1126 3912 Πάντα
1155 3859 1224 3910 ἐν
1265 3859 1451 3927 σοφίᾳ
1498 3858 1812 3925 ἐποίησας.

239 3950 611 4019 Εὑρεοήσεται
648 3952 704 4003 δὲ
745 3954 771 4005 6
802 3953 1035 4022 Χριστὸς
1067 3952 1394 4021 ψευδόμενος
1422 3952 1615 4020 λέγων,
1668 3950 1816 4020 Ἐγὼ

234 4041 308 4091 ἐν
352 4038 431 4104 τῷ
478 4042 684 4109 Πατρί,
722 4041 873 4103 ὄντος
917 4042 1104 4111 ἑτέρου
1152 4044 1209 4095 ὲν
1242 4043 1317 4108 τῷ
1363 4043 1554 4112 Πατρί.
1603 4044 1710 4094 Κοιί¹
1734 4042 1816 4109 τὸ,

249 4132 304 4184 Ὀ
331 4134 522 4201 ΛόγὉς
547 4134 702 4202 σὰρξ
725 4133 982 4203 ἐγένετο,
1012 4135 1109 4186 οὐκ
1136 4135 1334 4203 ἀληθὲς
1359 4136 1479 4186 κατ’
1503 4135 1721 4197 αὐτούς.
1752 4135 1817 4189 Εἰ

242 4223 352 4292 γὰρ
389 4225 444 4275 ὲν
486 4216 530 4290 ᾧ
566 4224 634 4276 τὰ
667 4226 844 4276 πάντα
877 4223 1115 4291 ἐγένετο,
1153 4224 1313 4285 αὐτὸς
1347 4224 1564 4292 ἐγένετο
1596 4224 1755 4295 σὰρξ,
1789 4225 1816 4278 6

238 4314 296 4369 δὲ
326 4314 561 4386 Χριστὸς
588 4316 687 4369 οὐκ
715 4315 859 4369 ἔστιν
883 4317 910 4368 6
942 4318 1000 4369 tv
1027 4316 1105 4386 τῷ
1139 4316 1313 4387 Πατρί
1343 4318 1534 4383 Λόγος,
1566 4317 1634 4368 δι’
1664 4315 1725 4370 06
1751 4318 1817 4370 τὰ

241 4408 420 4462 πάντα
460 4407 697 4476 ἐγένετο.
748 4410 857 4475 ἄρα
889 4412 915 4462 6
957 4410 1132 4478 Λόγος
1169 4410 1230 4461 06
1277 4410 1466 4477 γέγονε
1506 4409 1661 4480 σὰρξ,
1702 4410 1819 4463 ἀλλ’

240 4498 370 4560 ἴσως
397 4495 696 4567 ὠνομάσθη
728 4501 897 4565 Λόγος
919 4503 944 4551 ὀ
969 4501 1221 4569 Χριστός.
1253 4501 1360 4553 Καὶ
1384 4502 1431 4552 εἰ
1461 4499 1639 4565 τοῦτο,
1669 4500 1819 4575 πρῶ-

1917 3326 2009 3381 Sin
2042 3342 2107 3381 ex
2141 3342 2223 3390 se,
2255 3325 2596 3394 perspicuum
2629 3324 2875 3389 est,illud
2909 3338 3016 3377 non
3048 3339 3112 3377 ex
3146 3323 3316 3377 nihilo
3351 3340 3488 3377 con-

1915 3420 2137 3482 stitisse,
2198 3434 2373 3487 neque
2426 3418 2594 3471 fuisse
2654 3433 2913 3486 unquam,
2967 3433 3089 3470 cum
3134 3432 3242 3470 non
3300 3426 3485 3480 esset;

1914 3529 2129 3582 semper
2162 3512 2305 3565 enim
2340 3510 2458 3574 fuit,
2492 3511 2745 3578 quoniam
2782 3519 2833 3564 et
2868 3510 2935 3573 is,
2985 3509 3141 3579 cujus
3165 3508 3339 3579 imago
3381 3518 3486 3569 est,

1914 3617 2127 3671 semper
2156 3610 2254 3655 est.
2290 3601 2443 3666 Quod
2475 3588 2521 3653 si
2553 3599 2813 3660 dixerint,
2861 3600 3030 3652 Deum
3075 3598 3293 3667 quidem
3362 3614 3487 3652 esse

1916 3698 2240 3767 sapientem,
2275 3710 2381 3749 nec
2410 3692 2591 3749 Verbo
2632 3707 2844 3756 vacare,
2874 3693 2964 3745 sed
2998 3692 3269 3760 prOpriatu
3304 3692 3355 3743 in
3401 3706 3490 3744 se-

1918 3791 2036 3859 ipso
2106 3788 2425 3859 sapientiam
2482 3796 2537 3840 et
2578 3785 2862 3855 proprium
2914 3782 3151 3838 Verbum
3217 3784 3487 3844 obtinere,

1916 3880 2060 3950 quod
2093 3889 2271 3934 tamen
2314 3894 2421 3931 non
2459 3880 2529 3931 sit
2557 3877 2829 3938 Christus,
2875 3891 2999 3929 cum
3030 3876 3083 3928 in
3114 3890 3179 3930 eo
3210 3874 3488 3930 Christum

1919 3974 2081 4030 etiam
2127 3972 2361 4035 fecerit;
2400 3970 2835 4041 respondendum
2891 3968 3012 4031 erit,
3057 3968 3099 4021 si
3151 3968 3401 4023 Christus
3436 3969 3488 4023 in

1920 4067 2010 4121 illo
2045 4066 2220 4120 factus
2247 4075 2349 4125 est,
2382 4075 2437 4118 et
2471 4062 2651 4116 omnia
2684 4061 2939 4114 nimirum
2981 4059 3037 4111 in
3073 4059 3163 4112 illo
3215 4060 3381 4113 fuisse
3417 4060 3492 4111 fa-

1919 4168 2026 4220 cta,
2065 4167 2121 4211 et
2149 4170 2269 4210 esse
2311 4154 2546 4209 Verbum
2594 4152 2745 4213 illud,
2771 4152 2838 4205 de
2865 4166 2970 4219 quo
3006 4160 3058 4204 et
3083 4150 3339 4211 Joannes,
3370 4148 3492 4203 0m-

1922 4248 2032 4311 m'a,
2067 4247 2264 4316 inquit,
2293 4262 2383 4313 per
2415 4246 2582 4313 ipsum
2619 4244 2763 4310 facta
2792 4251 2911 4293 sunt
2942 4243 2956 4272 ¹
2985 4257 3006 4295 .’
3040 4249 3094 4294 et
3132 4240 3295 4293 David
3318 4281 3331 4303 ,
3371 4241 3492 4294 0m-

1921 4339 2030 4400 nia,
2056 4337 2248 4404 inquit,
2295 4335 2350 4386 in
2400 4333 2663 4401 sapientia
2721 4331 2886 4399 fecisti
2921 4329 2964 4381 '.
3009 4328 3167 4393 Quod
3222 4328 3265 4379 si
3349 4326 3491 4379 aliud

1922 4426 2156 4480 Verbum
2189 4426 2241 4477 in
2274 4424 2428 4476 Patre
2473 4424 2565 4484 sit,
2591 4422 2840 4475 Christus
2900 4419 3129 4472 mendax
3183 4418 3491 4486 deprehen-

1921 4520 2099 4584 detur,
2147 4532 2271 4570 cum
2332 4516 2501 4569 dicit:
2540 4513 2648 4584 Ego
2694 4516 2747 4566 in
2788 4513 2970 4574 Putre,
3000 4521 3048 4564 et
3104 4510 3267 4564 Pater
3326 4512 3378 4563 in
3416 4528 3495 4563 me

240 4607 331 4642 τον
369 4591 472 4659 μὶν
504 4591 658 4653 ἄλλος
700 4591 765 4644 ἂν
799 4593 883 4661 εἴη
919 4592 1067 4663 παρὰ
1101 4594 1159 4643 τὸ
1196 4594 1366 4662 ὃνομα
1390 4607 1402 4620 ⁸
1439 4593 1625 4645 ἔπειτα
1654 4594 1712 4646 οὐ
1753 4594 1808 4646 δι⁴

1925 4622 1997 4665 est
2039 4611 2079 4664 ³.
2133 4608 2268 4662 lllttd
2320 4616 2449 4660 item
2523 4606 2713 4657 falsum
2766 4620 2883 4658 esse
2930 4602 3221 4657 constabit:
3274 4601 3493 4655 Verbum

240 4683 409 4737 αὐτοῦ
444 4685 663 4752 ἐγένετο
691 4684 757 4736 τὰ
789 4686 988 4751 πάντα,
1025 4685 1140 4739 ἁλλ’
1179 4687 1236 4737 ὲν
1275 4686 1487 4755 ἐκείνῳ,
1517 4687 1573 4736 ὲν
1600 4678 1643 4754 ᾧ
1678 4687 1768 4738 καὶ
1793 4685 1820 4737 6

242 4777 501 4847 Χριστός.
555 4777 617 4831 Εἰ
656 4776 711 4829 6t
757 4777 987 4847 φήσαιεν
1016 4780 1105 4847 ζὼς
1150 4779 1413 4847 ποιότητα
1458 4773 1597 4831 εἶναι
1646 4780 1704 4830 ὲν
1745 4777 1821 4846 τῷ

251 4872 427 4939 Πατρὶ
464 4870 563 4940 τὴν
598 4870 811 4936 σοφίαν,
846 4870 878 4939 ἢ
911 4872 1239 4937 αὐτοσοφίαν
1272 4867 1432 4931 εἶναι,
1467 4871 1823 4941 ἀκολουθήσει

245 4964 313 5015 τὰ
356 4961 571 5025 ἄτοπα,
606 4963 674 5015 τὰ
707 4964 763 5014 tv
801 4965 912 5024 τοῖς
954 4963 1266 5032 ἔμπροσθεν
1306 4963 1593 5034 εἰρημένα.
1634 4963 1825 5017 Ἔσται

248 5055 356 5124 γὰρ
385 5053 660 5121 σύνθετος,
695 5056 788 5108 καὶ
822 5058 981 5119 αὐτὸς
1007 5056 1201 5110 ἑαυτοῦ
1233 5057 1358 5119 Υίές
1406 5059 1499 5111 καί
1528 5057 1719 5126 Πατὴρ
1740 5073 1827 5124 γι-

249 5148 499 5212 νόμενος.
547 5148 691 5219 Πλὴν
731 5150 1050 5217 ἐλεγκτέον,
1087 5150 1182 5202 καὶ
1213 5149 1563 5219 δυσωπητέον
1594 5151 1826 5214 αὐτοὺς,

250 5242 333 5292 ετι
364 5243 393 5293 6
426 5242 485 5293 ὲν
516 5242 593 5310 τῷ
635 5242 756 5314 Θεῷ
786 5243 957 5307 Λόγος
989 5245 1087 5295 οὐκ
1117 5242 1183 5297 ἂν
1226 5244 1309 5312 είη
1338 5243 1545 5311 κτίσμα
1566 5284 1580 5308 ,
1618 5242 1736 5294 οὐδὲ
1766 5244 1827 5294 ὲκ

250 5336 345 5385 τοῦ
378 5332 454 5401 μὴ
484 5333 635 5395 ὄντος
668 5333 817 5398 ὄντος
845 5333 902 5386 δὲ
934 5334 1079 5400 ἅπαξ
1108 5335 1165 5386 ὲν
1194 5334 1312 5403 Θεῷ
1342 5334 1536 5401 Λόγου,
1568 5334 1725 5396 αὐτὸς
1761 5334 1827 5386 ἂν

254 5425 339 5491 εἴη
377 5425 405 5476 6
434 5425 688 5495 Χριστος,
724 5426 751 5476 6
789 5424 978 5492 λέγων,
1026 5426 1171 5491 Ἐγὼ
1208 5426 1275 5477 ἐν
1304 5426 1382 5491 τῷ
1414 5426 1617 5492 ﬂagri,
1659 5428 1753 5480 καὶ
1791 5429 1824 5481 d

256 5514 460 5581 Πατὴρ
518 5516 587 5567 ἐν
630 5516 780 5584 ἐμοὶ,
836 5518 863 5568 6
905 5517 992 5569 δὰ
1039 5515 1193 5568 τοῦτο
1240 5519 1333 5569 καὶ
1384 5517 1676 5587 μονογενὴς
1726 5516 1821 5571 ῶν.

270 5605 491 5677 Ἐπειδὴ
518 5608 617 5658 οὐκ
645 5608 803 5670 ἄλλος
832 5625 914 5670 τις
946 5606 1008 5674 ἐξ
1040 5608 1202 5661 αὑτοῦ
1233 5608 1521 5678 ἐγεννήθη.
1554 5606 1644 5672 Εἷς
1673 5603 1828 5672 οὗτος

261 5696 410 5760 Υἱὸς,
437 5698 494 5759 6;
526 5698 641 5750 tam
669 5697 861 5767 Λόγος,
896 5699 1075 5768 σοφία,
1103 5696 1350 5769 δύναμις.
1385 5698 1461 5752 Οὐ
1495 5699 1602 5771 γὰρ
1636 5698 1824 5754 σύνθε-

337 5836 351 5866 ¹
383 5835 544 5891 Joan.
600 5852 636 5896 t,
666 5835 719 5889 ὅ.
824 5836 844 5864 ¹
870 5836 1008 5890 Psal.
1047 5852 1096 5901 x,
1126 5835 1215 5890 24.

1921 4719 2045 4756 caro
2102 4704 2300 4769 factum
2355 4708 2429 4751 est
2464 4700 2507 4750 ⁸.
2539 4697 2697 4760 Nam,
2730 4698 2785 4750 δί’
2830 4694 3088 4757 Verbum,
3128 4696 3181 4747 in
3217 4710 3325 4763 quo
3354 4693 3492 4748 facta

1922 4798 2048 4847 sunt
2076 4789 2279 4851 omnia,
2338 4787 2535 4841 factum
2564 4794 2647 4839 est
2681 4801 2829 4850 caro,
2882 4785 3129 4838 Christus
3172 4794 3351 4836 autent
3388 4798 3492 4836 non
3574 4831 3583 4837 .

1924 4888 2009 4935 est
2040 4878 2277 4935 Verbum
2322 4878 2449 4930 illud
2480 4892 2509 4930 a
2556 4876 2735 4937 Patre,
2780 4890 2877 4945 per
2932 4873 3076 4944 quod
3125 4874 3307 4926 omnia
3357 4874 3494 4927 facta

1926 4981 2073 5035 sunt,
2103 4970 2337 5025 Verbum
2374 4971 2556 5039 utique
2579 4984 2707 5023 caro
2732 4967 2929 5021 factum
2966 4981 3074 5021 non
3100 4976 3202 5027 est,
3233 4966 3325 5020 sed
3360 4964 3496 5018 forte

1926 5062 2177 5116 Christus
2210 5059 2520 5113 nominatus
2554 5066 2639 5111 est
2684 5055 2949 5110 Verbum.
3005 5054 3077 5108 Ex
3103 5069 3211 5124 quo
3262 5052 3494 5123 primum

1927 5153 2194 5222 sequitur,
2235 5160 2294 5205 ut
2320 5150 2465 5204 aliud
2492 5148 2585 5212 sit,
2615 5163 2777 5217 quam
2822 5162 3020 5202 nomen
3069 5145 3295 5207 indicat,
3341 5143 3495 5197 dein-

1927 5247 2014 5308 de,
2049 5257 2109 5298 ut
2134 5260 2241 5299 non
2274 5258 2368 5312 per
2395 5241 2740 5311 ipsum'l‘acta
2774 5242 2884 5295 sint
2920 5242 3127 5305 omnia,
3161 5239 3256 5291 sed
3288 5237 3343 5288 in
3375 5235 3487 5296 illo,

1927 5337 1981 5389 in
2018 5350 2126 5405 quo
2166 5346 2221 5388 et
2251 5333 2523 5387 Christus.
2556 5330 2712 5397 Quod
2754 5331 2796 5385 si
2826 5327 3171 5398 sapientiam,
3203 5335 3297 5378 aut
3324 5324 3495 5392 ipsam

1934 5427 2259 5496 sapientiam
2292 5424 2607 5493 qualitatem
2640 5438 2763 5477 esse
2798 5420 3032 5475 dixerint
3064 5419 3117 5471 in
3173 5417 3284 5470 Deo
3314 5415 3495 5475 Patre,

1932 5519 2148 5580 eadem,
2189 5532 2307 5586 quae
2347 5532 2509 5585 supra
2548 5515 2689 5569 dicta
2725 5522 2872 5572 sunt,
2914 5509 3260 5564 incommoda
3306 5522 3499 5562 conse-

1936 5619 2196 5678 quentur,
2228 5617 2367 5662 utet
2398 5606 2734 5676 compositus
2780 5602 2867 5667 sit,
2909 5611 2963 5655 et
2993 5602 3110 5670 ipse
3158 5599 3329 5668 ipsius
3386 5607 3498 5649 tum

1929 5698 2121 5761 Filius,
2154 5706 2265 5751 tum
2296 5696 2477 5750 Pater.
2509 5695 2759 5748 Attamen
2803 5706 2898 5745 eos
2959 5690 3083 5745 inde
3134 5688 3389 5763 redargui
3446 5698 3500 5742 ct

1320 5836 1338 5865 ³
1364 5834 1521 5891 Juan.
1589 5850 1698 5896 xiv,
1735 5834 1821 5887 10.
1896 5832 1917 5863 ὀ
1948 5831 2103 5886 Joan.
2139 5846 2177 5895 ι,
2212 5830 2292 5884 Η.
