3954 6550
229 446 337 510 345
1118 449 1490 509 PANOPLIA
1527 449 1986 511 DOGVIATICA.
2022 474 2092 487 -
2130 450 2283 510 TIT.
2331 452 2435 511 XI.
3357 447 3467 511 346

227 555 592 628 ὑπερύψωσεν.
623 555 711 609 Ἐν
735 555 1007 629 ἀνθρώπῳ
1027 557 1136 631 γὰρ
1160 557 1234 616 ὢν
1260 561 1288 613 6
1313 559 1484 630 Λόγος
1626 563 1782 636 ὕπερ-

1892 567 1972 638 pii
2006 567 2119 622 lucc
2144 566 2444 638 acciperet;
2478 583 2578 626 nec
2599 568 2724 624 item
2754 583 2952 641 purum
2973 565 3210 623 Verbum
3238 565 3324 622 his
3345 581 3465 636 pos-

227 649 399 718 ὑψωσε
431 647 525 702 τὸν
555 647 839 719 ἄνθρωπον
860 667 872 679 ³
899 651 991 704 καὶ⁴
1016 652 1072 704 ὲν
1101 651 1370 724 ἀνθρώπῳ
1395 653 1546 718 ὄντος
1570 654 1661 708 τοῦ
1691 655 1782 710 Λό-

1892 669 1964 715 set
1995 659 2235 732 indigere
2267 679 2280 716 :
2312 659 2666 729 conjunctum
2693 661 2857 730 igitur
2887 660 3045 715 nobis
3069 669 3153 714 est
3181 657 3458 725 Verbum,

234 757 336 809 (ου,
363 737 553 792 ἔλασεν
581 739 609 791 6
633 737 938 811 ἄνθρωπος.
984 741 1134 794 Ἐπεὶ
1166 737 1258 795 οὖν
1287 743 1380 796 τοῦ
1425 743 1597 812 Λόγου
1642 743 1782 809 ὄντος

1892 758 2119 820 tuncque
2144 767 2242 807 nos
2267 751 2552 821 potestatis
2579 753 2868 822 participes
2905 752 3139 808 reddidit
3170 761 3223 807 et
3251 752 3458 806 exalta-

226 834 280 886 ὲν
307 830 470 901 σαρκὶ
489 870 505 895 ,
544 829 731 901 ὑψώθη
751 833 778 884 6
809 832 1092 904 ἄνθρωπος
1116 873 1130 898 ,
1169 835 1260 888 καὶ
1289 834 1479 888 ἔλαϐεν
1508 835 1782 902 ἐξουσίαν⁴

1892 843 1978 896 vit.
2005 841 2238 898 Verbum
2259 844 2525 914 siquidem
2552 845 2605 898 in
2633 845 2853 899 homine
2873 845 3160 906 exsisleus,
3184 845 3456 898 hominem

223 922 306 975 διὰ
330 921 488 974 τοῦτο
517 923 594 984 εἰς
624 921 715 972 τὸν
761 923 935 990 Λόγον
988 925 1319 998 ἀναφέρεται
1362 926 1533 980 ταῦτα
1555 971 1567 987 ,
1605 927 1782 999 ἐπειδῆ

1892 936 2143 990 exaltavit
2178 953 2190 989 :
2233 946 2287 990 et
2320 933 2496 991 Verbo
2529 937 2655 990 item
2689 936 2743 990 in
2783 936 3000 991 homine
3041 939 3337 992 exsistente
3370 952 3462 990 ac-

223 1015 284 1068 6t'
307 1014 469 1067 αὐτὺν
495 1013 648 1085 ἐδόθη
668 1033 680 1044 ·
705 1014 792 1066 διὰ
814 1014 924 1085 γὰρ
945 1015 1035 1069 τὸν
1063 1019 1118 1070 ἐν
1149 1018 1243 1072 ἀνθ
1255 1018 1418 1089 ρώπῳ
1442 1019 1611 1087 Λόγον
1637 1020 1790 1092 ἐδόθη

222 1104 383 1160 ταῦτα
415 1105 484 1159 τὰ
508 1105 841 1177 χαρίσματα.
880 1107 987 1160 Καὶ
1017 1107 1204 1181 ὥσπερ
1229 1112 1256 1162 ὁ
1293 1111 1464 1178 Λόγος
1506 1112 1641 1184 σὰρξ
1672 1113 1794 1182 ὲγέ-

222 1215 358 1262 νετο,
393 1196 540 1250 οῦτω
589 1199 684 1252 καὶ
717 1199 745 1248 6
787 1196 1071 1270 ἄνθρωπος
1115 1199 1182 1253 τὰ
1214 1200 1302 1253 διὰ
1346 1202 1452 1255 τοῦ
1486 1203 1660 1272 Λόγου
1712 1204 1791 1256 εί-

220 1292 368 1362 ληφε.
396 1289 585 1344 Πάντα
631 1290 741 1360 γὰρ
774 1292 875 1344 ὅσα
915 1292 944 1342 6
991 1289 1274 1363 ἄνθρωπος
1310 1291 1534 1364 εἴληφεν
1559 1333 1572 1356 ,
1614 1297 1641 1347 6
1688 1296 1788 1350 Λό-

222 1400 309 1450 γος
473 1380 692 1451 λέγεται
713 1381 992 1452 εἰληφέναι
1013 1399 1026 1413 ο
1057 1384 1144 1437 ἵνα
1167 1383 1372 1455 δειχθῇ,
1406 1384 1487 1438 ὅτι
1523 1383 1623 1436 οὐκ
1645 1382 1789 1447 ἄξιος

225 1475 292 1530 ὒν
313 1478 340 1530 6
373 1476 660 1549 ἄνθρωπος
690 1479 898 1544 λαϐεῖν,
933 1483 1053 1534 ὅσον
1077 1479 1210 1553 ἧκεν
1252 1484 1332 1546 εἰς
1357 1484 1456 1555 τὴν
1489 1482 1654 1537 αὑτοῦ
1691 1484 1792 1552 φύ-

223 1583 320 1632 σιν,
355 1568 502 1638 ὅμως
534 1570 623 1623 διὰ
671 1572 765 1623 τὸν
803 1572 1093 1642 γενόμενον
1128 1573 1304 1644 σάρκα
1333 1575 1500 1643 Λόγον
1546 1576 1786 1648 εἴληφεν.

225 1658 374 1712 Ὅθεν
399 1660 494 1712 ἐάν
521 1680 573 1714 τι
599 1662 822 1733 λέγηται
851 1663 1084 1717 δίδοσθαι
1109 1665 1187 1734 τῷ
1218 1665 1427 1737 Κυρίῳ,
1457 1667 1490 1737 ἦ
1531 1685 1582 1720 τι
1615 1666 1787 1720 τοιοῦι

217 1769 320 1813 τον,
357 1757 496 1806 νοεῖν
520 1754 606 1808 δεῖ
641 1755 714 1824 μὴ
751 1757 899 1827 αὑτῷ
927 1758 1003 1820 ώς
1050 1758 1306 1830 χρῄζοντι
1522 1755 1785 1821 δίδοσθαι,

221 1842 341 1896 ἀλλὰ
365 1843 441 1914 τῷ
467 1845 741 1918 ἀνθρώπῳ
763 1848 850 1900 διὰ
879 1849 971 1901 τοῦ
1006 1852 1178 1918 Λόγου
1236 1851 1344 1904 Καὶ
1383 1850 1489 1922 γὰρ
1523 1851 1631 1913 πᾶς
1654 1867 1786 1920 πρε-

1886 1028 2028 1098 cepit
2052 1030 2232 1082 homo.
2256 1026 2394 1094 Quia
2421 1043 2550 1098 ergo
2573 1026 2749 1082 Verbo
2778 1029 2828 1081 in
2850 1044 3013 1083 carne
3036 1028 3352 1090 exsistente,
3373 1043 3468 1081 ex-

1886 1121 2087 1176 altatus
2112 1121 2276 1174 homo
2298 1129 2401 1186 est,
2422 1129 2856 1190 potestatemque
2881 1118 3108 1188 accepit,
3130 1117 3333 1172 idcirco
3362 1117 3466 1171 ista

1887 1214 1953 1268 ad
1979 1213 2212 1268 Verbum
2231 1211 2559 1278 referuntur,
2579 1212 3024 1282 quandoquidem
3047 1217 3262 1280 propter
3286 1209 3463 1278 ipsum

1889 1311 2012 1362 dita
2039 1320 2186 1364 sunt.
2229 1307 2352 1365 Haec
2380 1309 2526 1364 enim
2564 1309 2703 1362 dona
2739 1313 2960 1376 propter
3006 1301 3244 1358 Verbum
3278 1303 3330 1355 in
3362 1302 3463 1354 ho-

1890 1401 2036 1456 mine
2065 1401 2333 1456 exsistens
2371 1416 2628 1456 concessa
2660 1407 2806 1454 sunt.
2838 1397 2988 1451 Unde
3005 1394 3464 1466 quemadmodum

1903 1482 2134 1538 Verbum
2163 1501 2293 1540 caro
2323 1485 2520 1540 factum
2552 1495 2633 1540 est
2663 1503 2674 1538 :
2709 1485 2779 1538 ita
2809 1495 2861 1538 et
2897 1484 3060 1536 homo
3087 1498 3208 1552 qua:
3231 1483 3459 1550 accepit,

1894 1590 1987 1641 per
2017 1573 2252 1629 Verbum
2282 1575 2508 1644 accepit.
2539 1574 2730 1628 Omnia
2754 1576 2897 1628 enim
2929 1589 3048 1644 qua:
3088 1573 3250 1626 homo
3301 1586 3460 1627 acce-

1894 1667 1992 1734 pit,
2028 1665 2264 1721 Verbum
2304 1670 2578 1737 acet-pisse
2601 1668 2799 1720 dicitur
2831 1686 2842 1720 :
2891 1677 2947 1720 ut
2996 1665 3245 1719 videlicet
3277 1673 3460 1718 osten-

1891 1760 2129 1823 deretur,
2160 1761 2418 1830 quoniam
2453 1761 2612 1812 homo
2643 1774 2738 1827 pro
2767 1775 2878 1812 suae
2918 1767 3122 1811 naturae
3151 1756 3461 1812 Conditione

1891 1852 2088 1921 dignus
2120 1869 2224 1906 non
2265 1862 2427 1915 essm,
2477 1853 2568 1921 qui
2640 1852 2728 1904 illa
2761 1851 3048 1919 acciperet,
3082 1865 3175 1919 per
3223 1847 3456 1903 Verbum

221 1930 414 1985 σεεύων
438 1934 581 2004 ὑπὲρ
598 1935 779 1996 ἄλλου,
798 1939 960 2001 αὐτὸς
980 1939 1076 2010 τὴν
1093 1940 1251 2010 χάριν
1273 1939 1559 2010 λαμϐάνει,
1578 1941 1634 1992 οῦ
1661 1939 1782 2013 χρῂ·

1893 1960 2110 2000 carnem
2155 1944 2380 2006 factum,
2418 1960 2479 1997 ca
2536 1943 2684 1996 illum
2737 1943 3030 2011 accepisse.
3089 1941 3356 2006 Quocirca
3412 1937 3456 1993 si

219 2025 334 2090 ζων,
373 2027 510 2081 ἀλλά
533 2028 624 2082 διὰ
655 2029 745 2082 τὸν
779 2031 917 2103 ὑπὲρ
951 2025 1012 2086 οῦ
1050 2033 1361 2103 πρεσϐεύει.

1898 2037 2024 2107 quid
2053 2036 2284 2090 Domino
2314 2037 2498 2090 datum
2523 2051 2661 2100 esse,
2693 2036 2775 2089 vel
2832 2033 3034 2102 aliquid
3078 2030 3456 2102 hujuscemodi

218 2117 419 2182 dicitur,
451 2121 862 2191 intelligendum
894 2132 974 2177 est
1005 2139 1110 2176 non
1145 2124 1192 2177 ei
1232 2133 1487 2194 tanquam
1520 2123 1780 2194 indigenti
1818 2124 1990 2181 fuisse
2040 2129 2248 2190 datum,
2308 2127 2399 2179 sed
2439 2125 2644 2179 homini
2691 2141 2784 2194 per
2827 2124 3000 2193 ipsum
3046 2121 3304 2176 Verbum.
3335 2118 3460 2172 Ete-

220 2209 316 2264 nim
349 2210 602 2279 quisquis
630 2227 727 2282 pro
761 2212 866 2265 alio
896 2212 909 2265 i
937 2214 1197 2277 itcrccdit,
1240 2215 1468 2284 gratiam
1524 2215 1638 2282 ipse
1683 2215 1900 2284 accipit,
1938 2231 2041 2268 non
2087 2215 2214 2284 quia
2246 2215 2502 2284 indigeat,
2534 2215 2625 2268 sed
2669 2223 2885 2283 propter
2921 2214 3068 2266 illum
3107 2212 3264 2280 cujus
3290 2225 3456 2265 causa

220 2301 505 2356 intercedit.

361 2394 578 2464 Ὠσπερ
607 2395 715 2464 γάρ
745 2393 843 2456 τὰς
870 2394 1155 2459 ἀσθενείας
1330 2397 1488 2466 ἡμῶν
1518 2396 1782 2466 λαμϐάνει

218 2485 304 2537 οὐκ
331 2481 596 2548 ἀσθενῶν,
633 2486 726 2538 καὶ
771 2487 929 2556 πεινᾷ
976 2487 1035 2538 οῦ
1077 2488 1297 2552 πεινῶν,
1343 2488 1478 2541 ἀλλὰ
1515 2489 1584 2542 τὰ
1627 2488 1782 2557 ἡμῶν

217 2576 513 2646 ἀναπέμπει
553 2578 635 2638 εἰς
665 2577 725 2629 τὸ
759 2575 1140 2648 ἐξαλειφθῆναι
1162 2596 1176 2610 ⁸
1215 2579 1356 2632 οῦτω
1393 2579 1492 2640 τὰς
1526 2579 1645 2632 ἀντὶ
1675 2579 1782 2632 τῶν

217 2667 488 2720 ἀσθενειῶν
674 2668 824 2738 παρὰ
845 2667 978 2720 Θεοῦ
1009 2669 1219 2741 δωρεὰς
1255 2670 1418 2722 πάλιν
1452 2670 1614 2731 αὐτὸς
1641 2669 1786 2738 δέχε-

218 2774 312 2822 ται,
336 2759 417 2812 ἵνα
446 2759 743 2828 συναφθεὶς
775 2761 1057 2832 ἄνθρωπος
1088 2761 1411 2832 μεταλαϐεῖν
1440 2760 1662 2832 δυνηθῇ.
1691 2760 1782 2813 Λέ-

217 2864 293 2916 γει
324 2847 446 2916 γοῦν
484 2850 512 2902 6
576 2847 806 2919 Κύριος·
861 2849 1063 2904 Πάντα
1105 2851 1222 2903 ὅσα
1247 2851 1509 2917 δέδωκάς
1530 2869 1654 2920 μοι,
1690 2849 1782 2902 δέ·

219 2935 361 2989 dum
409 2937 655 3003 αὐτοῖς’
710 2939 800 2991 καὶ
860 2939 1060 3002 πάλιν,
1108 2939 1277 3009 Ὑπὲρ
1320 2939 1520 2993 αὐτῶν
1567 2939 1776 3008 ἐρωτῶ.

229 3028 426 3100 Ἥρώτα
457 3031 576 3100 γὰρ
605 3029 745 3100 ὑπὲρ
779 3030 935 3100 ἡμῶν
965 3029 1032 3083 τὰ
1059 3031 1214 3102 ἡμῶν
1250 3032 1657 3102 ἀναδεχόμενος,
1688 3033 1781 3086 καὶ

219 3118 371 3171 ἐδίδου
403 3119 437 3174 ἃ
467 3120 800 3191 ἐλάμϐανεν.
844 3121 1062 3192 Ἐπειδὴ
1105 3119 1198 3176 οὖν
1223 3164 1236 3188 ,
1285 3123 1643 3192 συναφθέντος
1686 3123 1779 3176 τοῦ

220 3211 374 3279 Λόγου
410 3209 489 3278 τῷ
516 3211 815 3283 ἀνθρώπῳ,
863 3215 942 3278 εἰς
973 3214 1064 3266 τὸν
1091 3215 1262 3282 Λόγον
1303 3201 1621 3268 ἀποϐλέπων
1654 3219 1782 3286 ἐχα-

2040 2393 2304 2446 Nimirum
2348 2391 2800 2461 quemadmodum
2853 2399 3068 2445 nostras
3108 2388 3453 2446 infirmitates

1892 2487 2006 2556 ipse
2035 2499 2142 2539 non
2183 2484 2431 2538 inﬁrmus
2455 2484 2714 2551 suscepit,
2750 2495 2802 2536 et
2823 2483 3045 2537 esurivit
3072 2483 3320 2551 quamvis
3348 2497 3454 2535 non

1883 2575 2156 2639 esuriens,
2189 2583 2246 2627 ut
2277 2584 2464 2627 nostra
2513 2571 2659 2625 Patri
2692 2573 2924 2626 oﬂ'erens
2952 2573 3153 2624 deleret
3183 2591 3194 2626 :
3234 2571 3305 2625 ita
3361 2585 3456 2637 pro

1890 2665 2316 2728 inﬁrmitatibus,
2351 2663 2492 2718 dona
2545 2679 2574 2716 a
2627 2663 2734 2716 Deo
2775 2663 2888 2731 ipse
2937 2662 3153 2731 accipit,
3185 2673 3242 2716 ut
3293 2662 3455 2715 homo

1889 2758 1990 2828 ipsi
2024 2759 2348 2827 coniunctus
2383 2759 2575 2810 horum
2611 2758 2879 2825 particeps
2913 2771 3034 2809 esse
3083 2765 3264 2823 queat.
3317 2751 3456 2808 Hinc

1889 2851 2003 2920 ipse
2032 2850 2106 2903 ait
2131 2867 2144 2903 :
2173 2848 2362 2903 Omnia
2385 2864 2703 2918 quwcunqne
2729 2847 2922 2901 dedisti
2953 2847 3101 2905 milii,
3128 2847 3248 2900 dedi
3277 2847 3352 2900 eis
3387 2848 3402 2878 ¹
3437 2865 3452 2901 :

1887 2950 1940 2996 et
1969 2942 2184 3005 iterum,
2219 2939 2326 2992 Pro
2353 2940 2426 2992 eis
2475 2955 2598 3008 rogo
2652 2942 2694 2992 '.
2752 2936 2856 2990 Pro
2884 2937 3040 2991 nobis
3075 2952 3267 3005 nempe
3298 2951 3456 3005 roga-

1889 3033 2000 3089 bat.
2035 3030 2121 3084 bis
2147 3043 2268 3100 qua:
2302 3038 2484 3084 nostra
2519 3038 2647 3082 sunt
2698 3029 2987 3096 susceptis,
3024 3036 3077 3080 et
3113 3028 3278 3080 dabat
3333 3041 3455 3097 quae

1887 3123 2002 3193 ipse
2022 3123 2338 3191 accipiebat.
2353 3120 2618 3187 Quoniam
2643 3121 2805 3189 igitur
2825 3118 3000 3174 Verbo
3020 3118 3311 3189 conjuncto
3329 3133 3451 3173 cum

1888 3215 2125 3277 homine,
2153 3213 2313 3268 Pater
2344 3222 2563 3283 propter
2585 3213 2762 3282 ipsum
2784 3211 3022 3265 Verbum
3061 3210 3266 3264 homini
3291 3209 3454 3265 dabat

223 3302 382 3372 ρίζετο
405 3303 434 3354 6
467 3302 660 3374 Πατὴρ
689 3303 766 3373 τῷ
793 3303 1066 3374 ἀνθρώπῳ
1091 3304 1152 3357 τὸ
1193 3304 1494 3375 ὑψωθῆναι,
1535 3305 1596 3357 τὸ
1637 3305 1780 3375 ἔχειν

1892 3317 1946 3362 ut
1983 3307 2332 3373 exaltaretur,
2372 3323 2697 3377 omnemque
2743 3315 3062 3377 potestatem
3101 3306 3342 3370 haberet,
3400 3309 3454 3360 et

221 3391 382 3443 πᾶσαν
428 3390 705 3458 ἐξουσίαν,
753 3393 846 3444 καὶ
878 3393 978 3444 ὅσα
1021 3390 1278 3444 τοιαῦτα·
1310 3391 1399 3444 διὰ
1433 3391 1590 3444 τοῦτο
1631 3392 1781 3464 αὐτῷ

219 3481 288 3552 τῷ
310 3483 456 3552 Λόγῳ
493 3483 680 3535 πάντα
713 3482 1066 3554 ἀναφέρεται,
1098 3483 1187 3536 καὶ
1219 3484 1294 3546 ὼς
1333 3483 1482 3554 αὐτῷ
1525 3484 1779 3554 διδόμενά

221 3573 371 3638 ἐστιν,
415 3574 449 3630 ἃ
484 3575 562 3628 δι’
593 3575 760 3628 αὐτοῦ
809 3577 969 3646 ἡμεῖς
1016 3575 1382 3647 λαμϐάνομεν.
1430 3577 1516 3640 Ὠς
1555 3577 1662 3647 γὰρ
1713 3577 1778 3630 δι’

221 3665 352 3736 ἡμᾶς
398 3666 824 3740 ἐνηνθρώπησεν
869 3667 1032 3730 αὐτὸς
1055 3709 1071 3733 ,
1107 3668 1280 3731 οὕτως
1323 3670 1481 3739 ἡμεῖς
1518 3668 1585 3720 δι’
1618 3668 1778 3722 αὐτὸν

222 3757 499 3829 ὑψούμεθα.
557 3760 721 3812 Οὐδὲν
761 3753 853 3812 οὖν
887 3759 1115 3823 ἄτοπον,
1159 3761 1243 3825 εἰ,
1286 3759 1474 3830 ὥσπερ
1519 3760 1584 3812 δι’
1632 3762 1779 3830 ἡμᾶς

220 3846 566 3904 ἐταπείνωσεν
595 3851 807 3915 ἑαυτὸν,
843 3853 936 3904 καὶ
959 3852 1022 3904 δι’
1044 3854 1192 3922 ἡμᾶς
1363 3851 1580 3920 λέγεται
1613 3853 1780 3921 ὑπερ-

220 3941 462 4008 υζνῶσθαι.
504 3943 866 4011 Ἐχιιρίσατο
906 3939 998 3996 οῦν
1033 3943 1213 4008 αὐτῷ,
1245 3943 1365 3996 ἀντὶ
1406 3942 1522 4002 τοῦ,
1555 3945 1686 4014 ἡμῖν
1706 3943 1772 3996 δι’

219 4030 385 4096 αῦτδν,
431 4033 530 4086 καὶ
563 4033 987 4101 ὑπερύψωσεν,
1028 4034 1148 4086 ἀντὶ
1191 4033 1306 4096 τοῦ,
1339 4034 1484 4104 ἡμᾶς
1514 4037 1570 4088 ἐν
1605 4033 1774 4105 αὐτῷ.

220 4123 318 4176 Καὶ
352 4124 509 4189 αὐτὸς
559 4123 615 4177 δὲ
645 4125 672 4177 6
699 4125 888 4193 Λόγος,
921 4124 1075 4194 ἡμῶν
1107 4125 1448 4195 ὑψουμένων,
1496 4127 1590 4180 καὶ
1639 4127 1780 4198 λαμ-

220 4209 486 4280 ϐανόντων,
533 4215 630 4268 καὶ
670 4215 1047 4286 βοηθουμένων
1073 4255 1086 4277 ,
1117 4215 1192 4280 ὡς
1244 4216 1404 4280 αὐτὸς
1453 4217 1776 4288 ὑψούμενος,

220 4303 303 4354 καὶ
337 4303 649 4374 λαμϐάνων,
684 4306 776 4357 καὶ
796 4304 1176 4374 βοηθούμενος,
1216 4306 1529 4379 εὐχαριστεῖ
1559 4309 1634 4378 τῷ
1667 4313 1780 4366 ηα-

219 4394 317 4463 τρὶ,
353 4395 420 4448 τὰ
463 4396 714 4467 ἡμέτερα
759 4399 838 4460 είς
885 4399 1076 4452 ἑαυτὸν
1114 4400 1400 4470 ἀναφέρων
1442 4401 1537 4452 καὶ
1581 4401 1776 4470 λέγων’

220 4481 404 4536 Πάν-τα
435 4485 556 4539 ὅσα
584 4485 848 4550 δέδωκάς
872 4504 991 4553 μοι,
1019 4487 1247 4541 δέδωκα
1281 4489 1504 4554 αὐτοῖς.

1886 3400 1992 3453 alia
2036 3399 2348 3468 bujusmodi
2391 3417 2404 3452 :
2447 3399 2650 3452 ideirco
2696 3400 2880 3454 omnia
2942 3399 3292 3453 ascribuntur
3349 3396 3453 3466 ipsi

1895 3489 2084 3553 Verbo,
2131 3492 2218 3545 cui
2252 3498 2305 3544 et
2351 3492 2513 3544 veluti
2570 3490 2769 3544 dantur
2818 3505 3158 3560 quaecunque
3201 3505 3301 3545 nos
3361 3504 3454 3558 per

1886 3582 2063 3650 ipsum
2091 3582 2405 3649 accipimus.
2435 3579 2660 3636 Utenim
2696 3592 2914 3650 propter
2951 3597 3046 3636 nos
3079 3581 3242 3635 homo
3277 3579 3454 3633 iactus

1885 3682 1972 3726 est
2004 3691 2016 3726 :
2048 3673 2119 3726 ita
2158 3688 2257 3727 nos
2291 3684 2510 3742 propter
2561 3690 2683 3727 eum
2734 3675 3057 3726 exaltamur.
3099 3671 3242 3724 Nihil
3291 3671 3454 3741 igitur

1886 3763 2103 3818 absurdi
2131 3773 2214 3817 est
2241 3763 2307 3822 si,
2342 3764 2797 3832 quemadmodum
2839 3764 3076 3832 seipsum
3111 3771 3328 3832 propter
3354 3777 3454 3814 nos

1889 3856 2214 3919 bumiliarit,
2255 3856 2324 3908 ita
2357 3867 2409 3910 et
2437 3865 2655 3924 propter
2679 3872 2776 3910 nos
2807 3854 3033 3909 exaltari
3083 3855 3314 3908 dicatur.
3347 3852 3456 3906 lta~

1887 3963 1992 4016 que
2024 3947 2239 3999 donavit
2295 3945 2396 4008 illi,
2432 3945 2482 3998 id
2535 3956 2636 4007 est,
2673 3946 2830 4000 nobis
2885 3953 3104 4014 propter
3149 3945 3325 4013 ipsum
3354 3983 3371 4010 ,
3399 3951 3456 3997 et

1885 4040 2158 4102 exultavit,
2197 4039 2373 4105 idest,
2415 4054 2512 4092 nos
2564 4039 2614 4092 in
2658 4039 2793 4107 ipso.
2833 4037 3064 4091 Verbum
3098 4052 3280 4107 porro,
3327 4050 3452 4089 cum

1884 4149 1983 4187 nos
2027 4133 2354 4196 exaltamur,
2410 4131 2731 4199 accipimus,
2773 4139 2827 4184 et
2870 4131 3193 4198 adjuvantur
3225 4169 3244 4194 ,
3293 4125 3450 4197 quasi

1883 4226 2059 4295 ipsum
2088 4227 2437 4289 exaltaretur,
2473 4225 2740 4292 acciperet
2771 4233 2819 4278 et
2847 4224 3214 4291 avljtirarctur,
3248 4221 3451 4291 gratias

1881 4318 1992 4384 agit
2022 4316 2184 4381 Patri,
2226 4327 2517 4386 nostraque
2551 4319 2602 4371 in
2640 4319 2877 4386 seipsum
2918 4316 3196 4377 transfert,
3231 4324 3284 4367 et
3321 4313 3399 4366 ait
3434 4329 3452 4366 :

1887 4410 2078 4462 Omnia
2103 4426 2420 4479 qua'cunqnc
2448 4411 2640 4462 dedisti
2675 4411 2822 4476 mihi,
2866 4409 2988 4462 dedi
3015 4425 3086 4461 eis
3139 4409 3182 4462 ³.

230 4583 316 4640 ἐκ
341 4587 444 4643 τοῦ
462 4589 673 4642 αὑτοῦ.
701 4590 979 4644 Δείκνυσι
1025 4590 1166 4655 τοὺς
1212 4591 1654 4659 ’Λρειομηνίτης
1684 4587 1780 4641 καί

1892 4583 1967 4640 Ea;
2025 4588 2204 4642 eadem
2241 4588 2394 4642 libro.
2455 4587 2722 4653 Ostendit,
2788 4589 3022 4640 homines
3053 4588 3188 4659 Arii
3213 4587 3387 4640 morbo
3411 4597 3469 4659 et

283 4659 423 4729 πρὸς
457 4659 713 4726 ἑαυτοὺς
750 4660 1211 4729 διαφερομένους
1234 4678 1246 4691 ·
1275 4663 1338 4713 τὸ
1405 4663 1512 4729 γὰρ
1556 4659 1784 4728 ψεῦδος

283 4728 417 4782 οὐδὲ
445 4732 598 4798 πρὸς
633 4733 810 4784 ἑαυτό
843 4731 1216 4799 συμφωνοῦν
1245 4733 1394 4786 ἐστι.

282 4844 340 4899 οι
415 4845 553 4917 Περὶ
629 4845 888 4900 Εὖσὲδιον
969 4849 1019 4902 οἱ
1122 4848 1579 4920 Ἀρειομανῖται,
1673 4849 1773 4915 ἀρ-

229 4936 315 5008 χὴν
345 4939 434 4992 τοῦ
475 4935 618 4992 εἶναι
659 4939 736 5009 τῷ
771 4939 885 5009 Υἱῷ
923 4940 1190 5002 διδόντες,
1238 4939 1662 5009 προσποιοῦνται
1711 4938 1785 5010 μὴ

231 5027 501 5096 βούλεσθαι
534 5029 704 5100 ἀρχὴν
729 5030 889 5083 αὑτὸν
923 5030 1063 5100 ἔχειν
1096 5029 1389 5100 βασιλείας.
1427 5031 1583 5083 Ἐστι
1611 5030 1667 5083 δὲ
1695 5047 1788 5099 γε-

231 5118 378 5178 λοῖον.
419 5124 475 5176 ’0
510 5123 621 5194 γὰρ
664 5121 840 5194 ἀρχὴν
881 5121 974 5174 τοῦ
1004 5119 1141 5175 εἶναι
1173 5121 1344 5184 διδους
1374 5121 1452 5192 τῷ
1483 5122 1616 5193 Υίῴ,
1650 5122 1786 5193 πρό-

229 5212 392 5283 δηλον,
431 5216 513 5270 ὅτι
556 5213 767 5268 καὶτοῦ
814 5213 1111 5282 βασιλεύειν
1144 5209 1317 5285 ἀρχὴν
1353 5213 1568 5267 δίδωσιν
1609 5212 1780 5284 αὐτῷ·

231 5302 357 5358 ὥστε
389 5305 778 5378 ὁμολογοῦντες
823 5305 850 5358 ὃ
889 5304 1202 5376 ἀρνοῦνται,
1239 5303 1630 5372 τυφλώττουσι.
1677 5302 1788 5358 Καί

233 5395 376 5448 πάλιν
403 5399 447 5450 οἱ
479 5398 729 5466 λέγοντες
769 5397 926 5466 μόνον
971 5396 1140 5465 ὄνομα
1169 5392 1306 5449 εἶναι
1351 5395 1504 5457 Υἱοῦ,
1541 5396 1786 5448 ἀνούσιον

233 5485 283 5538 δὲ
301 5489 387 5541 καὶ
416 5490 781 5544 ἀνυπόστατον
811 5486 946 5543 εἶναι
970 5490 1060 5541 τὸν
1091 5489 1219 5541 Υἱὺν
1240 5487 1333 5540 τοῦ
1360 5487 1516 5552 Θεοῦ,
1543 5487 1786 5540 τουτέστι

235 5574 320 5626 τὸν
358 5577 524 5645 Λόγον
563 5579 656 5631 τοῦ
710 5577 924 5648 Πατρδς
953 5618 968 5642 ,
1001 5575 1423 5649 προσποιοῦνται
1613 5578 1787 5644 ἀγαν-

237 5670 410 5720 ακτεῖν
455 5670 591 5723 κα.τά
627 5670 733 5724 τῶν
783 5669 1068 5736 λεγόντων,
1100 5665 1210 5720 Ἦν
1241 5684 1392 5730 ποτε,
1437 5669 1524 5721 ὅτε
1563 5669 1663 5720 οὐκ
1694 5663 1783 5739 ἦν.

299 5875 313 5906 ¹
355 5877 506 5933 Joan.
546 5895 676 5941 xm,
715 5881 765 5937 7.
864 5881 882 5911 ³
927 5882 1058 5937 ibid.
1102 5882 1154 5936 9.
1249 5877 1269 5908 ³
1320 5879 1449 5937 ibid.
1494 5880 1545 5933 7.

1954 4660 2163 4712 insania
2217 4659 2514 4712 laborantes
2556 4661 2691 4712 inter
2723 4676 2774 4712 se
2804 4659 3100 4710 dissentire.
3155 4657 3285 4722 Qua:
3335 4658 3471 4711 enim

1953 4730 2089 4798 [ιιιδτι
2121 4740 2262 4795 sunt,
2299 4746 2358 4783 ne
2389 4731 2490 4783 sibi
2517 4731 2725 4799 quidem
2749 4731 2864 4797 ipsa
2895 4744 3200 4797 congruere.

1966 4842 2172 4903 Ariani,
2209 4841 2428 4896 Eusebii
2455 4842 2720 4910 gregales,
2751 4856 2877 4895 cum
2939 4839 3075 4894 Filio
3125 4838 3463 4910 principium

1887 4937 2186 4994 exsistcndi
2215 4939 2483 5003 tribuunt,
2517 4938 2775 4998 simulant
2817 4953 2875 4992 se
2935 4937 3077 4990 nolle
3131 4951 3254 4990 eum
3305 4935 3458 5005 regni

1889 5030 2215 5099 principium
2243 5030 2464 5084 habere.
2489 5031 2650 5099 Atqui
2672 5028 2814 5084 istud
3030 5028 3320 5083 ridiculum
3345 5027 3460 5082 fue-

1887 5121 1976 5174 rit.
2006 5120 2281 5190 Siquidem
2327 5122 2419 5190 qui
2458 5120 2596 5175 Filio
2641 5122 2732 5190 dat
2763 5120 3056 5174 exsistendi
3090 5118 3414 5188 principium
3442 5157 3457 5182 ,

1889 5138 1976 5174 ru.
2006 5138 2281 5190 mquruem
2327 5138 2419 5190 qui
2458 5138 2596 5175 riuo
2641 5138 2732 5263 ait
2763 5138 3056 5174 exsrstenur
3090 5138 3414 5188 prlnClptum
3442 5157 3457 5182 ,

1889 5210 2175 5265 manifeste
2211 5211 2536 5280 principium
2572 5227 2642 5280 qu
2686 5226 2790 5280 que
2820 5209 3081 5279 regnandi
3111 5208 3188 5262 illi
3230 5206 3364 5273 dat;
3393 5220 3460 5261 ac

1890 5304 2114 5373 proinde
2141 5302 2530 5370 l'atcndoquod
2562 5312 2780 5371 negant,
2836 5317 2894 5356 se
2941 5315 3115 5356 caecos
3168 5299 3270 5369 ipsi
3334 5313 3458 5353 esse

1892 5397 2144 5464 produnt.
2179 5394 2280 5460 Qui
2320 5397 2443 5448 item
2472 5395 2628 5449 aiunt
2663 5409 2872 5448 merum
2902 5406 3099 5447 nomen
3163 5389 3286 5444 Filii
3313 5403 3455 5454 esse,

1891 5487 2085 5542 Filium
2122 5497 2298 5540 autem
2330 5485 2446 5548 Dei,
2479 5487 2529 5539 id
2561 5495 2665 5550 est,
2717 5483 2950 5538 Verbum
2987 5479 3186 5548 Patris,
3223 5479 3459 5536 essentia

1891 5589 1945 5634 et
1979 5581 2282 5634 substantia
2320 5595 2549 5632 vacuum
2583 5593 2722 5639 esse,
2751 5578 2958 5642 tingunt
3000 5589 3058 5628 se
3085 5574 3347 5629 adversus
3397 5571 3458 5627 il-

1894 5671 1976 5726 los
2009 5669 2410 5741 indignariqu
2457 5668 2674 5732 dicunt,
2706 5665 3146 5734 Fuitaliquando
3177 5681 3300 5721 cum
3350 5678 3459 5719 non
