3954 6622
467 419 572 481 347

1695 419 2041 480 ΕυΤΗΥΠΙ

2168 415 2483 478 [GABENI
3597 415 3679 478 348

471 549 636 595 esset.
670 538 831 608 Atqui
861 538 914 593 id
945 537 1107 593 etiam
1142 537 1428 592 ridiculum
1459 547 1559 591 est.
1592 535 1726 590 Nam
1757 538 1852 606 qui
1885 537 2030 590 illum

2157 535 2313 586 Ἔστι
2341 531 2396 584 δὲ
2428 530 2520 582 καὶ
2564 525 2721 579 τοῦτο
2771 525 2996 594 γελοῖον.
3053 525 3116 576 0i
3157 523 3262 594 γὰρ
3304 524 3442 587 ὅλως
3481 526 3535 578 τὸ
3576 525 3686 583 εἶναι

473 647 540 686 ne
563 647 683 687 esse
712 631 929 701 quidem
962 630 1175 693 volunt,
1227 631 1334 684 illis
1371 639 1719 694 succensent,
1772 630 1863 697 qui
1910 645 2032 683 eum

467 723 656 778 saltem
693 724 744 777 in
770 735 1008 793 tempore
1047 738 1169 778 esse
1211 724 1535 778 concedunt.
1563 724 1746 791 itaque
1779 722 1830 774 bi
1874 722 2034 774 etiam

468 814 793 868 conﬁtentur
824 814 966 882 quod
999 823 1216 883 negant,
1257 830 1379 868 cum
1430 815 1563 867 alios
1620 812 2034 881 reprehendunt.

469 900 756 968 Praeterea,
776 901 1067 957 Eusebiani
1101 903 1189 972 qui
1214 900 1410 956 Filium
1430 903 1775 963 conﬁtentur,
1794 917 1916 954 eum
1943 915 2037 954 na-

470 1003 591 1049 tura
613 994 850 1048 Verbum
887 1009 1008 1049 csse
1034 1004 1250 1064 negant,
1279 995 1502 1064 solaque
1531 994 1855 1064 cogitatione
1876 989 2034 1044 Verbi

471 1102 669 1143 nomen
699 1087 839 1142 Filio
872 1088 1058 1140 volunt
1090 1089 1350 1142 concedi:
1387 1090 1478 1143 alii
1507 1105 1634 1143 vero
1687 1085 2031 1158 quchrbum

473 1175 818 1238 conﬁtentur,
851 1185 1052 1246 negant
1080 1178 1256 1246 ipsum
1291 1194 1412 1233 esse
1441 1179 1662 1242 Filium,
1690 1180 1915 1249 solaque
1939 1195 2034 1232 co-

474 1267 735 1335 gitatione
767 1281 963 1320 nomen
999 1267 1120 1322 Filii
1158 1267 1338 1324 Verbo
1397 1271 1560 1325 tribui
1613 1273 1845 1328 volunt:
1904 1290 2046 1327 vano

477 1358 696 1426 utrique
727 1368 951 1413 conatu.
1474 1353 1478 1357 ’

628 1449 738 1519 Ego
762 1461 811 1504 et
846 1450 1008 1506 Pater
1031 1469 1192 1506 unum
1223 1471 1402 1508 sumus
1451 1454 1592 1509 '.Vcl
1620 1456 1728 1510 duo
1751 1473 1846 1512 vos
1879 1474 2048 1512 unum

475 1557 596 1596 esse
618 1543 818 1606 dicitis,
843 1544 926 1597 vel
950 1561 1118 1600 unum
1159 1546 1360 1616 duplici
1391 1548 1609 1602 nomine
1627 1560 1880 1604 ornatum
1907 1566 2048 1616 esse,

2152 625 2302 696 αὐτῷ
2339 622 2412 693 μὴ
2440 621 2688 682 διδόντες,
2718 606 3084 686 ἀγανακτοῦσι
3125 613 3264 668 κατά
3290 614 3687 691 τῶν.κάν,χρόνῳ

2152 719 2420 775 διδόντων.
2464 713 2572 768 Καὶ
2599 707 2743 766 οὗτοι
2765 705 2856 764 οῦν
2880 710 3015 780 ὅπερ
3038 708 3346 780 ἀρνοῦνται,
3379 708 3467 761 διὰ
3487 710 3569 763 τοῦ
3592 713 3687 765 im-

2156 812 2320 882 τιμᾷν
2349 811 2461 871 τοῖς
2491 805 2691 868 ἄλλοις,
2720 800 3058 874 ὁμολογοῦσι.
3100 801 3268 854 Πάλιν
3293 818 3354 854 τε
3387 802 3434 853 οἱ
3465 803 3580 873 περὶ
3608 805 3689 857 Εὖ-

2161 901 2357 974 σέϐιον,
2407 897 2532 950 Υἱὸν
2577 892 2985 966 ὁμολογοῦντες,
3051 888 3339 960 ἀρνοῦνται
3390 891 3544 943 αὐτὸν
3582 888 3689 946 εἶναι

2160 993 2316 1063 φύσει
2355 990 2543 1057 Λόγον,
2576 988 2668 1040 καὶ
2706 983 2824 1038 κατ’
2857 983 3098 1036 ἐπίνοιαν
3130 982 3300 1051 Λόγον
3340 982 3584 1050 λέγεσθαι
3619 986 3689 1037 τὸν

2160 1087 2288 1140 Υῑὺν
2327 1084 2636 1154 βούλονται·
2687 1080 2736 1132 οἱ
2778 1078 2832 1130 δὲ
2868 1076 3066 1148 ἕτεροι,
3105 1075 3276 1142 Λόγον
3323 1075 3689 1145 ὁμολογοῦντες,

2140 1173 2426 1244 ἀρνοῦνται
2457 1171 2618 1223 αὐτὸν
2649 1165 2784 1223 εἶναι
2821 1168 2970 1233 Υἱὸν,
3021 1168 3116 1221 καὶ
3150 1167 3270 1220 κατ’
3306 1167 3545 1218 ἐπίνοιαν
3595 1169 3688 1220 Υἱδν

2147 1266 2400 1334 λέγεσθαι
2456 1264 2545 1316 τὸν
2598 1263 2770 1331 Λόγον
2832 1261 3145 1332 βούλονται,
3208 1257 3266 1321 ἐξ
3326 1257 3441 1309 ἴσου
3507 1259 3690 1311 κενοεα·

2146 1360 2384 1422 τοῦντες.

2426 1448 2574 1516 Ἐγὼ
2604 1448 2700 1500 καὶ
2728 1449 2760 1500 o'
2784 1444 2984 1514 Πατὴρ
3005 1443 3074 1496 ἐν
3087 1443 3292 1512 ἐσμεν.
3310 1441 3392 1493 Τά
3411 1440 3498 1494 δύο
3515 1441 3564 1492 ἓν
3582 1437 3692 1495 εἷναί

2151 1561 2307 1614 φατε,
2345 1543 2376 1612 ἢ
2412 1541 2471 1593 τὸ
2501 1541 2557 1593 ἒν
2590 1539 2878 1608 διώνυμον,
2918 1537 2951 1607 ἢ
2993 1535 3155 1589 πάλιν
3191 1535 3252 1587 τὸ
3286 1533 3344 1585 ἓν
3389 1534 3466 1596 εἰς
3499 1533 3581 1585 δύο
3605 1534 3693 1608 διῃ-

475 1634 558 1687 vcl
589 1650 755 1687 unum
798 1635 851 1690 in
881 1636 989 1691 duo
1013 1653 1132 1693 esse
1161 1639 1417 1694 divisum.
1449 1639 1515 1711 Si
1554 1657 1721 1694 unum
1755 1642 1806 1695 in
1832 1642 1941 1694 duo
1969 1643 2047 1696 di~

2156 1635 2373 1708 ρῆσοαι.
2423 1633 2485 1684 Εἰ
2525 1633 2620 1702 μὲν
2654 1626 2746 1684 οῦν
2785 1629 2846 1682 τὸ
2877 1629 2933 1682 ἒν
2965 1629 3046 1690 εἰς
3084 1627 3177 1680 δύο
3206 1625 3481 1697 διῄρηται,
3516 1625 3692 1695 ἀνάγκη

477 1723 649 1780 visum
678 1734 780 1788 est,
803 1742 1027 1782 necesse
1051 1737 1130 1782 est
1159 1744 1358 1798 corpus
1385 1745 1508 1784 esse
1551 1731 1602 1784 id
1641 1732 1786 1800 quod
1814 1731 2047 1784 divisum

2156 1725 2312 1796 σῶμα
2347 1720 2485 1777 εἶναι
2518 1722 2580 1774 τὸ
2612 1719 2900 1792 διαιρεθὲν,
2934 1718 3028 1772 καὶ
3056 1715 3352 1788 μηδέτερον
3377 1715 3600 1782 τέλειον,

476 1824 583 1882 εει,
609 1825 970 1886 neutrumque
986 1835 1105 1875 esse
1122 1819 1443 1890 perfectum,
1468 1807 1666 1892 quippe
1688 1839 1811 1877 cum
1838 1832 2047 1878 utrum-

2157 1819 2321 1890 μέρος
2355 1816 2465 1887 γὰρ
2492 1815 2755 1885 ἑκάτερον
2795 1811 2891 1866 καὶ
2922 1812 3022 1880 οὐχ
3057 1810 3203 1863 ὅλον·
3249 1811 3298 1861 εἰ
3345 1807 3402 1860 δὲ
3437 1809 3496 1860 τὸ
3523 1808 3574 1860 ἓν
3601 1806 3694 1860 διώ.

475 1921 583 1974 que
605 1921 732 1974 pars
756 1908 845 1974 sit,
876 1924 982 1963 non
1009 1925 1135 1964 vero
1171 1921 1370 1965 totum.
1408 1912 1512 1966 Sed
1559 1915 1604 1968 si
1647 1930 1814 1968 unum
1840 1925 1924 1969 est
1953 1915 2047 1969 du-

2156 1931 2342 1983 νυμον,
2378 1908 2670 1962 Σαϐελλίου
2703 1906 2766 1960 τὸ
2790 1903 3146 1975 ἐπιτήδευμα,
3177 1901 3269 1954 τὸν
3298 1900 3458 1954 αὐτὸν
3484 1899 3598 1953 Υῐὸν
3623 1901 3695 1953 καὶ

477 1998 604 2067 plici
645 2011 898 2056 ornatum
935 2004 1154 2058 nomine
1182 2023 1195 2058 :
1227 2004 1344 2060 bmc
1376 2004 1600 2061 Sabellii
1633 2009 1899 2062 sententia
1947 2016 2047 2071 est,

2156 2004 2375 2075 Πατέρα
2394 2001 2666 2069 λέγοντος,
2703 1999 2796 2050 καὶ
2822 1995 3082 2069 ἑκάτερον
3111 1991 3484 2066 ἀναιροῦντος,
3516 1993 3595 2045 ὅτε
3619 1993 3694 2062 μὲν

480 2090 572 2160 qui
609 2091 822 2147 Patrem
855 2103 907 2148 et
931 2095 1126 2149 Filium
1151 2097 1399 2153 eumdem
1429 2114 1549 2154 esse
1574 2100 1819 2166 docet,et
1841 2111 2047 2154 utrum-

2156 2096 2304 2160 Υἱὸς,
2333 2095 2425 2147 τὸν
2452 2093 2694 2163 Πατέρα,
2727 2091 2813 2143 ὅτε
2837 2089 2893 2141 δὲ
2928 2086 3137 2159 Πατὴρ,
3164 2086 3256 2138 τὸν
3291 2085 3438 2138 Υἰόν.
3487 2084 3542 2138 Εἰ
3574 2083 3622 2136 δὲ
3643 2083 3693 2136 τὰ

481 2198 587 2252 que
610 2183 766 2246 tollit,
790 2184 1005 2241 Patrem
1054 2188 1296 2258 quidem,
1348 2205 1471 2243 cum
1499 2189 1671 2245 Filius
1699 2199 1782 2245 est
1809 2209 1823 2256 ;
1860 2190 2047 2245 Filium

2156 2188 2248 2243 δύο
2281 2187 2360 2251 ἓν,
2402 2185 2615 2254 ἀνάγκη
2657 2182 2751 2236 δύο
2797 2183 2893 2252 μὲν
2928 2175 3089 2243 εἶναι,
3132 2178 3188 2232 ἓν
3220 2178 3278 2230 δὲ
3470 2175 3596 2230 κατά
3620 2174 3694 2246 τὴν

480 2289 632 2342 vero,
661 2291 784 2330 cum
826 2285 909 2332 est
955 2277 1134 2333 Pater.
1167 2279 1320 2346 Quod
1353 2282 1398 2336 si
1452 2282 1562 2336 duo
1593 2298 1760 2336 unum
1795 2284 1926 2344 sint,
1964 2299 2047 2337 ne-

2157 2280 2406 2348 θεότητα,
2441 2277 2537 2330 καὶ
2570 2275 2714 2329 κατά
2760 2273 2820 2326 τὸ
2863 2271 3145 2342 ὁμοοῦσιον
3178 2267 3321 2323 εἶναι
3366 2266 3454 2322 τὸν
3492 2267 3602 2320 Υἱδν
3635 2266 3694 2338 τῷ

480 2381 635 2423 cesse
661 2377 743 2421 est
775 2367 898 2422 illos
928 2369 1066 2425 duos
1093 2372 1313 2439 quidem
1338 2388 1482 2438 esse,
1511 2390 1680 2428 unum
1706 2390 1838 2428 vero
1862 2391 2047 2429 secun-

2157 2371 2356 2442 Πατρι,
2389 2370 2482 2423 καὶ
2515 2368 2576 2433 ἐξ
2607 2367 2774 2421 αὐτοῦ
2817 2365 2910 2418 τοῦ
2958 2363 3171 2435 Πατρὸς
3207 2357 3352 2416 εἶναι
3393 2361 3483 2414 τὸν
3520 2360 3690 2428 Λόγον·

481 2455 610 2510 dum
638 2458 1000 2522 divinitatem,
1051 2470 1104 2516 et
1129 2471 1398 2532 quatenus
1431 2464 1601 2520 Filius
1635 2464 1781 2520 Patri
1807 2473 1891 2520 est
1923 2480 2047 2519 con-

2159 2463 2298 2515 ὥστε
2336 2461 2428 2514 δύο
2465 2461 2563 2531 μὲν
2603 2455 2760 2521 εἶναι,
2792 2459 2872 2510 ὅτι
2912 2456 3101 2525 Πατήρ
3294 2452 3413 2504 ἐστι
3451 2450 3537 2504 καὶ
3575 2449 3692 2513 Υἱκ,

483 2547 883 2613 substantialis,
906 2560 958 2604 et
991 2567 1054 2605 ex
1099 2553 1215 2622 ipso
1250 2553 1407 2609 Patre
1441 2554 1678 2610 Verbum
1709 2565 1792 2610 est
1825 2575 1836 2610 :
1882 2557 1955 2611 ila
1993 2563 2047 2610 ut

2157 2557 2184 2610 ὅ
2221 2557 2336 2608 ἐστι
2374 2553 2563 2622 Λόγος,
2595 2551 2651 2604 ἓν
2679 2551 2757 2612 δὲ,
2790 2549 2872 2602 ὅτι
2908 2542 2987 2610 εἷς
3025 2547 3175 2610 Θεός.
3209 2547 3273 2600 El
3305 2543 3413 2615 γάρ
3445 2543 3515 2615 μὴ
3558 2542 3694 2605 οὕτως

482 2638 592 2692 duo
625 2639 842 2707 quidem
868 2642 996 2708 sint,
1026 2644 1154 2712 quia
1186 2643 1342 2700 Pater
1375 2654 1460 2700 est
1482 2655 1536 2700 et
1568 2647 1760 2711 Filius,
1789 2648 1931 2715 quod
1967 2654 2047 2702 est

2158 2648 2326 2711 ἐστὶν,
2358 2647 2464 2700 ἔδει
2495 2647 2691 2707 εἰπεῖν,
2733 2642 2873 2711 Ἐγώ
2913 2644 3028 2713 ειμι
3073 2642 3099 2693 ό
3131 2638 3344 2710 Πατὴρ,
3372 2637 3428 2708 ἧ,
3473 2635 3599 2705 Ἐγὼ
3622 2634 3694 2688 καὶ

485 2729 760 2795 Verbum;
789 2749 956 2790 unum
981 2745 1182 2800 autem,
1213 2737 1340 2805 quia
1380 2736 1524 2793 Deus
1579 2755 1724 2794 unus
1760 2748 1869 2794 est.
1915 2737 2047 2793 Nam

2157 2743 2185 2794 6
2214 2742 2404 2810 Πατήρ
2445 2740 2582 2808 εἰμι.
2636 2736 2749 2789 Νῦν
2798 2736 2854 2789 δὲ
2907 2737 2963 2787 ὲν
2995 2733 3092 2802 τῷ,
3137 2731 3278 2801 Ἐγὼ
3311 2774 3328 2800 ,
3487 2730 3570 2781 τὸν
3594 2727 3693 2780 ma

484 2823 588 2880 nisi
621 2825 695 2879 ita
727 2825 816 2890 sit,
845 2825 1136 2882 dicendum
1186 2839 1332 2884 certe
1356 2831 1434 2885 illi
1462 2840 1579 2884 erat
1606 2851 1618 2886 :
1657 2831 1768 2902 Ego
1791 2848 1912 2886 sum
1949 2831 2047 2884 Pa-

2160 2833 2452 2906 σημαίνει·
2493 2834 2550 2884 ἐν
2586 2829 2642 2882 δὲ
2671 2828 2768 2899 τῷ,
2802 2830 2899 2882 καὶ
2937 2831 2969 2882 ό
2993 2827 3217 2894 Πατὴρ,
3251 2824 3347 2878 τὸν
3377 2825 3690 2894 γεννήσαντα·

483 2925 585 2981 ter,
617 2917 699 2972 vel
731 2915 845 2987 Ego
873 2929 925 2974 et
946 2918 1101 2974 Pater
1124 2937 1266 2976 sum.
1293 2921 1447 2978 Nune
1463 2939 1588 2979 vero
1613 2925 1714 2979 ista
1743 2940 1896 2986 voce,
1922 2923 2047 2994 Ego,

2163 2923 2221 2976 ὲν
2252 2921 2308 2976 δὲ
2329 2919 2427 2992 τῷ,
2457 2917 2548 2986 ἓν,
2573 2918 2670 2989 τὴν
2700 2917 2828 2988 μίαν
2854 2915 3083 2987 Θεότητα
3107 2914 3203 2968 καὶ
3231 2912 3295 2966 τὸ
3337 2911 3599 2984 ὁμοούσιον
3616 2911 3688 2964 αὺ-

483 3006 680 3062 Filium
714 3009 986 3080 signiﬁcat
1012 3029 1027 3075 ;
1058 3013 1358 3081 genitorem
1383 3024 1588 3080 autem,
1623 3031 1746 3071 cum
1777 3015 1980 3080 subdit,
2005 3025 2054 3072 et
2089 3013 2132 3072 (Ξ
2163 3015 2276 3069 τοῦ.

488 3099 649 3153 Pater
671 3115 690 3154 :
721 3101 956 3170 denique
993 3093 1252 3169 dictione,
1296 3123 1482 3171 unum,
1516 3123 1679 3161 unam
1713 3108 2054 3163 divinitatem
2101 3099 2104 3102 λ

482 3206 750 3260 suamque
785 3194 1030 3262 designat.
1065 3198 1708 3254 consubslautialitatcm.

483 3287 566 3343 Ex
616 3290 796 3344 eodem
845 3291 1002 3343 libro.
1036 3291 1251 3344 Patrem
1279 3303 1327 3346 et
1363 3291 1566 3347 Filium
1624 3310 1726 3347 non
1777 3312 1888 3350 esse
1919 3297 2049 3352 duos

797 3359 950 3424 Deos,
1005 3362 1124 3416 licet
1172 3367 1276 3415 sint
1304 3369 1422 3417 dua:
1455 3380 1713 3432 personae.

546 3448 812 3506 Caeterum
873 3453 917 3505 si
978 3454 1100 3522 quis
1149 3456 1286 3512 duos
1331 3473 1454 3512 esse
1503 3457 1720 3513 Patrem
1750 3468 1805 3514 et
1851 3457 2049 3511 Filium

478 3539 725 3602 audiens.
764 3557 862 3596 nos
909 3545 1275 3600 calumnietur
1303 3550 1458 3616 quasi
1492 3551 1585 3618 qui
1633 3552 1771 3606 duos
1803 3551 1936 3607 deos
1969 3551 2054 3605 in-

479 3631 746 3686 ducamus
784 3632 1051 3701 (nonnulli
1079 3638 1224 3691 euim
1261 3640 1312 3693 id
1346 3639 1451 3695 sibi
1497 3642 1729 3712 lingunt,
1761 3642 2056 3712 statimque

479 3736 580 3776 nos
603 3723 686 3777 bis
711 3725 886 3780 verbis
910 3727 1156 3794 irrident,
1180 3729 1286 3786 Vos
1313 3723 1450 3788 duos
1478 3734 1608 3788 deos
1641 3735 1932 3802 asseritis),
1957 3736 2057 3788 bu-

479 3812 714 3884 iusmodi
752 3818 1061 3875 hominibus
1107 3823 1187 3878 sic
1238 3826 1678 3895 respondendum
1721 3837 1803 3882 est
1834 3846 1845 3880 :
1883 3827 1937 3880 Si
1969 3828 2013 3881 is
2039 3867 2053 3891 ,

479 3907 570 3976 qui
608 3907 819 3964 Patrem
847 3923 902 3965 et
945 3912 1138 3966 Filium
1177 3917 1423 3986 agnoscit
1449 3954 1465 3981 ,
1513 3917 1653 3972 duos
1694 3918 1826 3972 deos
1879 3918 2050 3972 dicit:

481 4015 703 4054 necesse
735 4012 820 4056 est
867 4003 1032 4072 igitur
1067 4013 1128 4063 ut
1178 4006 1316 4060 Filio
1356 4008 1663 4078 repudiato.
1730 4023 1762 4062 a
1817 4009 2056 4062 Sabellio

480 4099 584 4144 stet
610 4091 698 4160 qui
735 4108 901 4146 unum
926 4111 1047 4150 esse
1077 4097 1271 4153 credit.
1299 4097 1549 4168 Namque
1580 4100 1623 4153 si
1663 4099 1728 4162 is,
1762 4099 1856 4169 qui
1915 4100 2047 4154 duos

2156 4097 2382 4168 ληνίζει,
2418 4095 2611 4150 οὐκοῦν
2655 4098 2683 4148 6
2722 4095 2894 4162 λέγων
2941 4093 2998 4145 ἓν
3189 4087 3516 4150 Σαϐελλίζει.
3553 4082 3690 4136 Τοῦτο

479 4180 630 4240 dicit.
675 4183 890 4252 gentilis
913 4195 1033 4240 est:
1064 4186 1231 4256 igitur
1275 4190 1386 4254 ille,
1433 4194 1528 4259 qui
1557 4206 1726 4244 unum
1757 4190 1912 4253 dicit.
1955 4189 2047 4245 Sa-

2156 4192 2208 4246 δὲ
2231 4193 2329 4245 οὐκ
2359 4191 2473 4244 ἔστι
2493 4209 2506 4221 ·
2542 4191 2615 4261 μὴ
2640 4187 2846 4258 γένοιτο
2871 4189 2883 4239 l
2913 4187 3024 4240 ἀλλ’
3052 4186 3238 4253 ὥσπερ
3265 4185 3291 4237 6
3318 4183 3485 4252 λέγων
3510 4179 3690 4244 Πατέρα

479 4272 746 4328 bellianus
775 4285 877 4331 est.
908 4275 1104 4331 Verum
1138 4294 1246 4333 non
1275 4279 1349 4333 ita
1390 4295 1448 4335 se
1496 4297 1584 4336 res
1635 4281 1831 4347 habet;
1859 4282 2004 4337 absit
2035 4284 2047 4336 !

2156 4285 2246 4337 καὶ
2286 4283 2413 4336 Υἱὸν
2455 4283 2547 4336 δύο
2581 4282 2676 4334 ἕνα
2727 4280 2860 4332 Θεὸν
2909 4278 3082 4346 λέγει,
3126 4276 3296 4338 οὕτως
3343 4277 3370 4328 ὁ
3422 4272 3579 4338 λέγων
3616 4268 3690 4318 ἕνα

478 4363 574 4419 ιιεά
604 4366 1062 4435 quemadmodum
1099 4369 1166 4432 is,
1196 4371 1288 4440 qui
1320 4370 1533 4427 Patrem
1578 4381 1629 4427 et
1664 4373 1860 4427 Filium
1915 4375 2047 4431 duos

2156 4376 2284 4429 Θεὸν
2329 4375 2421 4428 δύο
2455 4373 2716 4445 φρονείτω
2897 4370 3119 4441 Πατέρα
3165 4368 3257 4421 καὶ
3303 4367 3450 4429 Υἰὸν,
3492 4361 3688 4419 ἒνόντας

478 4472 600 4513 esse
620 4461 886 4529 agnoscit,
913 4477 1079 4516 unum
1118 4462 1283 4518 Deum
1319 4479 1444 4520 esse
1477 4468 1810 4522 conﬁtetur:
1853 4470 1924 4522 ita
1963 4468 2047 4524 ille

2156 4473 2216 4541 τῇ
2243 4469 2474 4539 θεότητι,
2515 4468 2608 4520 καὶ
2635 4465 2711 4536 τῷ
2741 4463 2800 4528 ἐξ
2825 4463 2989 4518 αὐτοῦ
3031 4461 3330 4532 ἀμέριστον
3373 4459 3462 4512 καὶ
3488 4453 3686 4522 ἀδιαίρε-

479 4550 572 4618 qni
604 4548 772 4605 Deum
798 4568 966 4608 unum
997 4555 1189 4617 credit,
1227 4555 1440 4611 Patrem
1459 4567 1512 4613 et
1545 4559 1740 4614 Filium
1772 4561 1912 4614 duos
1941 4577 2047 4616 cre-

2156 4576 2244 4612 τον
2270 4557 2366 4611 καὶ
2400 4556 2701 4628 ἀχώριστον
2734 4551 2869 4607 εἶναι
2900 4554 2990 4606 τὸν
3020 4555 3191 4620 Λόγον
3224 4550 3332 4604 ἀπὸ
3375 4547 3462 4601 τοῦ
3491 4541 3685 4614 Πατρός.

478 4641 571 4696 dat
601 4658 740 4707 esse,
777 4645 870 4699 sed
901 4661 1069 4700 unum
1099 4647 1400 4716 divinitate,
1435 4662 1489 4706 et
1513 4662 1781 4721 quatenus
1807 4669 1870 4706 ex
1895 4652 2047 4708 Patre

2157 4651 2338 4702 Ἔστω
2360 4649 2416 4702 δὲ
2451 4646 2798 4718 παράδειγμα
2835 4643 3192 4717 ἀνθρώπινον,
3221 4641 3280 4694 τὸ
3312 4640 3422 4711 πῦρ
3450 4638 3534 4691 καὶ
3559 4635 3610 4686 τὸ
3642 4630 3686 4694 ἐξ

479 4741 666 4788 natum
701 4733 959 4796 Verbum,
993 4739 1062 4792 ab
1095 4739 1209 4809 ipso
1243 4739 1402 4796 Patre
1440 4758 1539 4798 nec
1574 4745 1816 4812 separari
1843 4762 1938 4799 nec
1969 4746 2047 4797 di-

2156 4739 2316 4795 αὐτοῦ
2347 4739 2712 4808 ἀπαύγασμα,
2739 4736 2830 4790 δύο
2859 4736 2958 4808 μὲν
2980 4735 3058 4805 τῷ
3087 4730 3225 4787 εἶναι
3253 4733 3348 4784 καὶ
3387 4727 3614 4800 ὁρᾶσθαι,
3642 4721 3686 4774 ἓν

479 4823 588 4878 vidi
629 4839 728 4879 nec
756 4826 966 4895 sejungi
998 4836 1194 4896 potest.
1223 4827 1494 4895 Humano,
1527 4831 1572 4884 si
1607 4833 1800 4900 placet,
1833 4842 2047 4886 utamur

2156 4834 2214 4888 δὲ
2246 4833 2320 4903 τῷ
2360 4833 2420 4897 ἐξ
2447 4830 2612 4885 αὑτοῦ
2806 4829 2900 4884 καὶ
2936 4827 3237 4898 ἀδιαίρετον
3286 4819 3425 4878 εἶναι
3461 4821 3517 4874 τὺ
3543 4814 3688 4872 ἀπαύ-

478 4914 748 4983 exemplo.
779 4914 920 4983 Ignis
951 4926 1005 4972 et
1036 4918 1294 4986 splendor
1321 4935 1385 4974 ex
1411 4935 1476 4972 eo
1499 4931 1671 4985 ortus,
1692 4921 1801 4975 duo
1830 4923 2047 4991 quidem

2157 4938 2349 4993 γασμα
2377 4919 2561 4974 αὐτοῦ.

478 5015 609 5062 sunt
639 5015 906 5076 quatenus
935 5010 1201 5064 exsistunt
1234 5017 1288 5065 et
1328 5007 1629 5066 cernuntur
1660 5031 1673 5066 :
1707 5029 1878 5071 unum
1915 5031 2043 5070 vero
2081 5025 2228 5080 sunt,
2259 5024 2529 5084 quatenus
2557 5013 2815 5084 splendor
2843 5012 2913 5066 ab
2941 5011 3064 5080 igne
3117 5019 3227 5076 est,
3278 5025 3378 5066 nec
3407 5007 3472 5064 ab
3519 5017 3577 5058 e0
3623 4996 3687 5052 ἀί·

479 5099 588 5155 vidi
617 5108 813 5170 potest.
3565 5107 3568 5111 ’

2170 3301 2270 3351 Ἐιι
2304 3296 2410 3350 τοῦ
2456 3295 2642 3351 αὑτοῦ
2671 3295 2882 3362 λόγου.
2916 3293 3047 3346 Ὀτι
3071 3291 3143 3345 οὐ
3170 3289 3280 3362 δύο
3312 3287 3440 3343 Θεοὶ
3474 3285 3690 3362 dilutius

2229 3368 2328 3422 καὶ
2353 3371 2384 3421 ὀ
2425 3367 2578 3432 Υἱὸς,
2603 3368 2654 3420 sl
2687 3359 2782 3420 xui
2811 3366 2922 3420 δύο
2950 3362 3100 3418 κατὰ
3131 3360 3237 3425 τὰς
3267 3359 3641 3421 ὑποστάσεις.

2242 3457 2366 3510 Ἐάν
2425 3457 2636 3522 δὲ,ὂτι
2699 3455 2792 3510 δύο
2841 3454 2992 3508 ἐστὶν
3056 3456 3085 3506 6
3143 3451 3338 3521 Πατὴρ
3383 3448 3475 3504 καὶ
3515 3449 3540 3500 ὁ
3575 3444 3691 3508 Υἱὸς.

2159 3545 2370 3600 ἀκούων
2394 3561 2475 3608 τις
2501 3542 2795 3606 διαϐάλλοι,
2821 3541 2895 3604 ὡς
2919 3540 3010 3592 δύο
3055 3537 3190 3590 Θεῶν
3213 3532 3690 3606 καταγγελλομένων

2159 3637 2421 3709 (τοιαῦτα
2455 3638 2562 3705 γάρ
2592 3653 2732 3698 τινες
2764 3635 2975 3696 ἑαυτοῖς
3015 3630 3463 3692 ἀναπλάττονται,
3503 3626 3585 3679 καὶ
3610 3623 3690 3675 εὑ·-

2158 3729 2295 3793 Οέως
2327 3729 2575 3798 γελῶσιν,
2609 3729 2689 3781 ὅτι
2725 3724 2827 3778 Δύο
2854 3725 3009 3788 θεοὺς
3045 3723 3229 3791 λέγετε
3251 3724 3290 3790 )·
3349 3720 3554 3774 λεκτέον
3582 3714 3688 3784 πρὸς.

2156 3822 2284 3885 τοὺς
2313 3821 2615 3884 τοιούτους·
2651 3821 2712 3872 Εἰ
2740 3823 2767 3873 ό
2802 3819 3020 3886 Πατέρα
3050 3818 3142 3869 καὶ
3167 3816 3294 3868 Υἱὸν
3323 3813 3589 3884 γινώσκων
3617 3807 3691 3860 δύο

2158 3913 2313 3978 θεοὺς
2339 3913 2484 3982 λέγει
2513 3945 2530 3973 ν
2678 3911 2794 3983 ὥρα
2820 3911 2912 3963 καὶ
2956 3907 3046 3960 τὸν
3077 3908 3304 3976 λέγοντα
3338 3907 3452 3968 ἕνα,
3488 3901 3690 3970 ἀναιρεῖν

2155 4008 2244 4060 τὸν
2272 4006 2419 4070 Υἱδν,
2445 4006 2538 4058 καὶ
2570 4002 2926 4066 Σαϐελλίζειν.
2959 4002 3018 4053 Εἰ
3053 3999 3160 4070 γὰρ
3190 4000 3215 4050 6
3243 3998 3419 4066 λέγων
3456 3995 3559 4057 δύο,
3597 3991 3689 4044 Ἐλ-

601 5201 730 5266 Qua:
750 5205 1000 5274 objiciunt
1028 5206 1234 5263 Ariani.
1285 5207 1368 5262 Ea:
1391 5209 1565 5277 primo
1597 5209 1832 5274 eiusdem

1148 5283 1199 5332 iu
1221 5296 1306 5333 eos
1326 5281 1477 5333 libro.

543 5360 917 5434 Sinunquam,
951 5365 1227 5436 inquiunt,
1253 5368 1374 5435 fuit,
1404 5386 1526 5425 cum
1551 5388 1655 5424 nun
1685 5385 1828 5428 esset
1858 5374 2046 5442 Filius,

470 5452 565 5508 sed
593 5467 829 5511 aeternus
859 5468 1034 5525 est,et
1063 5460 1222 5516 simul
1247 5477 1370 5516 cum
1399 5464 1560 5516 Patre
1589 5473 1691 5530 cst,
1720 5483 1826 5520 non
1854 5467 2046 5523 tilium

471 5549 566 5602 sed
608 5549 828 5606 fratrem
861 5555 1038 5609 Patris
1076 5557 1434 5610 constituitis.
1479 5557 1640 5612 Stultl
1682 5559 1935 5616 homines
1991 5571 2048 5616 et

471 5639 716 5712 litigiosi,
755 5644 799 5699 si
827 5655 1089 5703 aeternum
1131 5652 1428 5716 duntaxat,
1465 5666 1575 5706 nun
1615 5667 1795 5708 autem
1849 5653 2045 5711 Filium

546 5822 564 5857 ¹
591 5823 750 5880 Joan.
801 5841 855 5891 ι,
882 5825 972 5883 50.

2169 5217 2500 5284 Ἀντίθεσις
2554 5217 2864 5286 Ἆρειανῶν
2905 5218 2973 5270 ἐκ
3014 5215 3121 5271 τοῦ
3167 5217 3402 5286 πρώτου
3447 5211 3566 5268 κατ’
3603 5207 3686 5263 αὐ-

2756 5287 2876 5340 τῶν
2923 5291 3128 5356 λόγου.

2227 5378 2289 5430 Εἰ
2315 5378 2388 5447 μὴ
2407 5373 2471 5449 ἦν
2497 5396 2648 5444 ποτε,
2673 5379 2764 5432 ὅτε
2794 5381 2891 5432 οὐκ
2908 5375 2995 5449 ἦν,
3021 5381 3134 5433 ἀλλ’
3163 5379 3330 5442 ἀΐδιός
3355 5381 3493 5431 ἐστιν
3511 5377 3536 5426 ό
3562 5367 3682 5428 Υίδς.

2156 5471 2252 5524 καὶ
2285 5473 2617 5541 συνυπάρχει
2658 5473 2730 5541 τῷ
2765 5474 2966 5543 Πατρὶ,
3005 5474 3104 5526 οὐκ
3139 5474 3217 5526 ἔτι
3250 5474 3395 5536 Υἱον,
3423 5469 3530 5522 ἀλλ’
3557 5459 3685 5516 ἀδελ·

2156 5567 2255 5633 φὸν
2294 5561 2436 5619 εἶναι
2481 5567 2574 5621 τοῦ
2637 5568 2850 5639 Πατρός
2889 5569 3074 5637 λέγετε
3121 5569 3304 5621 αὐτόν.
3351 5563 3574 5630 ’Δνόητοι
3610 5549 3684 5606 καὶ

2155 5660 2470 5728 φιλόνεικοι,
2502 5662 2550 5714 ει
2593 5661 2694 5733 μὲν
2725 5662 2913 5726 ἀϊδίως
2957 5664 3198 5718 συνεῖναι
3240 5660 3398 5731 μόνον
3420 5643 3682 5710 αὐτὸνέλέν-
