3954 6564
161 382 260 446 349

1107 402 1483 466 PANOPLIA
1525 409 1996 478 DOGMATICA.
2039 440 2106 449 -
2143 417 2293 478 TIT.
2341 417 2450 476 XI.

3306 412 3413 477 350

164 519 342 601 γορεν,
393 505 487 558 καὶ
529 503 613 601 μὴ-
648 505 796 570 Υίὺν.
842 508 1040 582 πιθανή
1073 531 1156 578 τις
1200 512 1269 587 ἦν
1300 520 1478 572 αὐτῶν
1516 524 1548 593 ἡ
1587 525 1722 594 πρὸς
1753 578 1754 582 η

1861 543 1942 582 sse
1973 528 2302 594 diceremus,
2337 531 2541 601 aliquid
2593 531 2826 586 iortasse
2848 547 2954 586 non
3008 528 3412 586 inconsiderate

164 594 341 646 τοῦτον
377 599 744 668 προσποίητος
778 602 1035 658 εὐλάϐεια
1059 617 1073 636 ⁸
1105 611 1153 660 εἰ
1188 609 1242 661 δὲ
1273 613 1443 667 ἀΐδιον
1474 616 1724 681 λέγοντες

163 686 524 755 ὁμολογοῦμεν
551 690 710 744 αὑτὸν
739 693 866 747 Υίὸν
893 696 958 748 ὲκ
984 699 1213 771 Πατρὸς,
1243 703 1359 767 πῶς
1390 707 1418 759 6
1445 708 1726 776 γεννηθεὶς

167 777 378 845 ἀδελφὸς
404 780 503 834 τοῦ
528 785 883 853 γεννήσαντος
904 787 1130 844 δύναται
1164 794 1482 862 νομίζεσθαι
1504 814 1519 863 ;
1549 801 1658 853 Καὶ
1679 802 1727 854 εί

171 870 242 929 εἰς
271 869 509 940 Πατέρα,
560 874 654 926 καὶ
692 875 818 928 Υίόν
864 879 1011 933 ἐστιν
1061 883 1217 951 ἡμῶν
1272 887 1303 955 ἡ
1351 887 1551 952 πίστις,
1601 890 1731 945 ποία

170 957 455 1031 ἀδελφότης
482 963 540 1014 ἐν
561 963 772 1029 τούτοις
799 969 978 1030 ὲστίνς
1018 970 1088 1024 Ἦ
1119 973 1235 1034 πῶς
1257 973 1478 1028 δύναται
1503 980 1528 1029 6
1559 978 1729 1048 Λόγος

171 1050 382 1120 ἀδελφὸς
406 1052 661 1122 λέγεσθαι
692 1058 904 1123 τούτου,
933 1054 994 1115 οὗ
1021 1065 1113 1116 καὶ
1141 1064 1256 1118 ἐστι
1284 1067 1489 1136 Λόγος;
1519 1067 1597 1122 Οὐ
1622 1070 1730 1141 γὰρ

174 1144 229 1195 ἐκ
256 1161 397 1208 τινος
431 1149 607 1219 ἀρχῆς
640 1155 1104 1226 προϋπαρχούσης
1137 1160 1163 1212 6
1195 1162 1384 1229 Πατὴρ
1416 1164 1510 1215 καὶ
1542 1164 1570 1214 ὁ
1605 1164 1733 1226 Υἱὸς

173 1238 550 1308 ἐγεννήθησαν,
592 1243 675 1296 ἵνα
699 1245 918 1314 ἀδελφοὶ
947 1250 1297 1318 νομισθῶσιν,
1329 1253 1444 1306 ἀλλ’
1483 1255 1511 1307 6
1545 1257 1732 1328 Πατὴρ

175 1330 301 1401 ἁρχὴ
329 1331 424 1384 τοῦ
451 1333 584 1387 Υἱοῦ
617 1337 992 1412 καὶγεννητής
1025 1344 1164 1398 ἐστι.
1206 1346 1316 1400 Κλὶ
1347 1348 1374 1400 6
1406 1348 1595 1418 Πατὴρ
1627 1352 1736 1401 Πα-

180 1424 269 1493 τήρ
302 1426 434 1490 ἐστι,
477 1428 571 1480 καὶ
615 1429 711 1500 οὐχ
745 1432 874 1496 Υἱὸς
900 1436 1116 1504 γέγονε.
1156 1439 1263 1490 Καὶ
1293 1439 1320 1490 6
1349 1438 1475 1502 Υίὺς
1504 1441 1561 1492 δὲ
1610 1441 1736 1505 Υἱός

181 1518 305 1583 ἐστι,
343 1519 438 1571 καὶ
468 1519 572 1573 οὐκ
611 1521 859 1591 ἁδελφός.

285 1632 375 1686 Ἐκ
401 1634 512 1688 τοῦ
535 1637 725 1691 αὐτοῦ
751 1640 939 1708 λόγου
961 1642 1264 1710 ἀντίθεσις
1304 1645 1631 1714 ’Λρειανῶν.

241 1724 299 1778 Εἰ
336 1726 586 1796 γέννημά
618 1733 763 1782 ἐστιν
800 1734 828 1785 6
867 1731 994 1795 Υίὸς
1031 1735 1122 1788 τοῦ
1163 1737 1394 1806 Πατρὸς,
1428 1741 1521 1790 καὶ
1554 1737 1739 1806 εἰκὼν,

185 1818 264 1870 καὶ
287 1819 468 1886 ὅμοιός
515 1823 636 1874 ἐστι
689 1826 835 1876 κατὰ
883 1828 1058 1879 πάντα
1104 1827 1197 1880 τοῦ
1256 1829 1486 1899 Πατρός,
1538 1826 1741 1899 ὀφείλει

187 1910 405 1974 πίντως,
439 1911 635 1984 ὥσπερ
671 1916 1015 1986 γεγέννηται,
1055 1921 1251 1990 γεννᾷν
1286 1923 1379 1974 καὶ⁵
1411 1923 1440 1975 6
1473 1922 1620 1987 Υἱὸς,
1656 1924 1747 1977 καὶ

186 2003 408 2070 γίνεσθαι
444 2009 540 2060 καὶ
577 2007 738 2074 αὐτὸς
779 2011 967 2082 Πατὴρ
1004 2011 1134 2064 Υἱοῢ
1159 2054 1174 2077 ,
1214 2013 1374 2068 πάλιν
1407 2033 1463 2068 τε
1495 2017 1522 2069 6
1550 2015 1610 2081 ἐξ
1647 2019 1747 2070 αὖα

185 2093 639 2168 τοῦγεννώμενος
677 2104 872 2173 γεννᾷν
907 2106 1001 2156 καὶ
1039 2105 1222 2168 αὐτὸς,
1261 2107 1353 2160 καὶ
1397 2108 1634 2176 καθεξῆς
1670 2111 1749 2173 είς

189 2188 412 2258 ἄπειρον.
455 2192 631 2246 Τοῦτο
665 2198 770 2264 γὰρ
801 2197 986 2263 ὅμοιον
1031 2197 1269 2251 δείκνυσι
1306 2200 1396 2251 τὸν
1425 2201 1752 2271 γεννηθέντα

192 2279 270 2333 τοῦ
298 2284 677 2352 γεννήσαντος.
711 2287 772 2339 Ei
805 2288 904 2356 μὲν
931 2287 1006 2352 ὡς
1034 2289 1322 2360 ἄνθρωπός
1362 2294 1516 2345 ἐστιν
1543 2294 1572 2346 6
1601 2294 1751 2360 Υἱὸς,

196 2375 405 2440 γινέσθω
457 2379 553 2430 καὶ
596 2379 846 2447 γενέτης,
882 2380 965 2433 ἵνα
1007 2383 1098 2434 καὶ
1145 2385 1173 2435 6
1212 2383 1338 2447 Υἱὸς
1375 2385 1558 2455 ἔτερος
1590 2388 1753 2457 γένηο

194 2483 268 2519 ται
295 2469 502 2539 Πατὴρ,
528 2472 627 2523 καὶ
651 2470 790 2524 οὕτω
817 2473 874 2524 δὲ
895 2473 1129 2544 καθεξῆς
1146 2475 1206 2541 ἐξ
1231 2478 1478 2548 ἀλλήλων
1499 2479 1758 2546 γινέσθω-

197 2575 299 2622 σαν,
329 2559 409 2611 ῐνα
441 2562 539 2614 καὶ
576 2563 656 2624 είς
688 2562 890 2630 πλῆθος
923 2563 1060 2617 θεῶν
1088 2566 1121 2635 ὴ
1154 2566 1375 2638 διαδοχὴ
1405 2568 1526 2621 κατ’
1557 2570 1755 2634 αὐτοὺς

195 2651 393 2723 uagam.
435 2653 494 2706 Ei
536 2653 597 2706 δὲ
633 2655 731 2708 οὐκ
771 2655 920 2708 ἐστιν
957 2657 1031 2720 ὡς
1069 2657 1358 2728 ἄνθρωπος
1390 2661 1417 2713 6
1455 2661 1622 2724 Θεὸς,
1655 2663 1756 2716 οὒκ

196 2743 294 2798 ἔστι
318 2748 439 2816 γὰρ.
471 2747 536 2800 οὐ
568 2747 650 2799 δεῖ
675 2747 743 2800 τὰ
768 2748 1076 2818 ἀνθρώπων,
1103 2751 1193 2804 ἐπ’
1225 2752 1392 2806 αὑτοῦ
1416 2753 1754 2821 λογίζεσθαι.

199 2836 267 2889 Τὰ
292 2839 383 2908 μὲν
409 2838 519 2910 γὰρ
560 2840 698 2896 ἄλλα
728 2841 846 2906 ζῶα
883 2843 979 2896 καὶ
1013 2844 1063 2896 οἱ
1093 2844 1372 2914 ἄνθρωποι
1401 2847 1465 2899 ἔκ
1497 2848 1759 2919 δημιουρ-

199 2932 338 3000 γικῆς
377 2935 557 3004 ἀρχῆς
591 2934 732 2988 κατὰ
774 2935 1020 3007 διαδοχὴν
1051 2936 1396 3007 ὲξ.ἁλλήλων
1431 2940 1753 3008 γεννῶνται.

201 3025 294 3078 Καὶ
320 3029 345 3080 6
374 3027 714 3098 γεννώμενος
746 3030 810 3082 ἐκ
838 3029 1189 3099 γεννηθέντος
1220 3033 1426 3101 πατρὸς
1457 3032 1758 3100 γεννηθεὶς,

200 3115 399 3196 dada»;
436 3119 533 3171 καὶ
586 3118 748 3180 αὐτὸς
795 3120 985 3192 ἐτέρου
1016 3122 1224 3189 γίνεται
1266 3123 1469 3195 πατὴρ,
1511 3125 1650 3194 ἔχων
1695 3127 1760 3178 ἐκ

1828 619 1999 673 videri
2055 631 2277 689 possent
2329 622 2614 685 objecisse,
2664 637 2812 676 nunc
2868 633 3073 683 autem,
3133 637 3257 675 cum
3337 633 3414 673 te-

1833 722 2048 766 ternum
2111 715 2381 776 dicentes,
2440 715 2708 769 lateamur
2773 716 2951 784 ἱρειιιη
2998 730 3118 770 esse
3179 729 3211 768 a
3254 715 3418 768 Patre

1834 806 2051 868 Filium,
2085 809 2361 876 quomodo
2397 809 2613 877 genitus
2677 809 2949 880 gignentis
3031 808 3202 862 frater
3230 815 3408 877 potest

1832 899 2178 954 existimari?
2214 899 2278 954 Et
2316 902 2363 955 si
2403 917 2502 954 nos
2545 901 2599 954 in
2633 899 2872 962 Patrem,
2932 910 2987 955 et
3024 900 3218 954 Filium
3276 913 3403 954 cre-

1833 992 2034 1058 dimus,
2063 993 2189 1062 quid
2231 993 2289 1048 in
2321 993 2405 1048 his
2455 990 2755 1047 fraternum
2811 993 2938 1048 est?
2993 1001 3090 1046 aut
3135 989 3407 1061 quomodo

1835 1094 2009 1152 potest
2051 1085 2290 1140 Verbum
2317 1085 2423 1139 dici
2452 1084 2619 1138 frater
2645 1084 2812 1149 illius,
2837 1083 2994 1151 cujus
3016 1089 3101 1136 est
3137 1079 3374 1134 Verbum
3397 1080 3424 1135 Υ

1836 1179 2023 1249 Neque
2053 1179 2201 1232 enim
2248 1178 2316 1232 ab
2353 1177 2536 1245 aliquo
2564 1175 2669 1228 alio
2706 1174 2976 1244 principio
3028 1175 3190 1226 Pater
3239 1181 3294 1225 et
3332 1171 3423 1225 Fi-

1837 1274 1942 1326 lius
1982 1270 2148 1340 geniti
2205 1277 2353 1331 sunt,
2417 1277 2476 1324 ut
2536 1269 2732 1323 fratres
2789 1277 3052 1336 putentur
3119 1279 3261 1329 esse,
3323 1264 3420 1318 sed

1838 1367 1999 1418 Puer
2041 1363 2159 1417 Filii
2212 1361 2538 1432 principium
2581 1370 2636 1415 et
2695 1361 2910 1430 genitor
2967 1369 3072 1413 est.
3137 1357 3204 1410 Et
3255 1356 3423 1411 Pater

1838 1461 2122 1523 esaPateiy
2151 1473 2256 1510 non
2283 1446 2464 1511 autem
2495 1453 2685 1510 Filius.
2710 1454 2772 1506 Et
2797 1454 2966 1508 Filius
2988 1463 3070 1508 est
3099 1451 3287 1515 Filius,
3313 1436 3424 1506 neu

1840 1562 2018 1604 autem
2075 1549 2262 1603 frater.

2035 1640 2172 1705 Quid
2206 1639 2458 1710 objiciunt
2487 1638 2696 1692 Ariani.
2755 1637 2839 1691 Ex
2867 1637 3045 1690 eodem
3075 1623 3231 1689 libro.

1928 1731 1985 1785 Si
2042 1732 2218 1785 Filius
2247 1729 2422 1784 Patris
2454 1739 2539 1783 est
2568 1743 2817 1799 germen,
2851 1736 2907 1782 et
2956 1727 3010 1780 in
3045 1725 3306 1780 omnibus
3349 1724 3426 1779 si-

1847 1824 1993 1878 milis
2043 1824 2215 1886 Patri,
2255 1823 2414 1876 debet
2444 1865 2459 1888 ,
2488 1821 2770 1889 inquiunt,
2798 1819 3024 1873 onmino
3048 1818 3192 1872 sicut
3211 1817 3428 1886 genitus

1851 1929 1955 1981 est,
1992 1917 2068 1970 sic
2104 1917 2269 1970 etiam
2328 1916 2574 1986 gignere,
2601 1925 2655 1970 et
2704 1913 2818 1967 ﬁeri
2856 1913 2970 1982 ipse
3003 1925 3222 1980 quoque
3269 1910 3427 1964 Pater

1853 2007 1998 2068 Filii.
2030 2014 2085 2060 et
2119 2005 2207 2060 hic
2239 2021 2429 2059 rursus
2473 2005 2543 2059 ab
2579 2005 2698 2073 ipso
2722 2002 2959 2073 genitus,
3006 2003 3166 2056 etiam
3201 1999 3319 2071 ipse
3347 1999 3431 2070 gi-

1853 2113 2040 2169 gnere,
2103 2107 2266 2166 atque
2302 2098 2374 2151 ita
2395 2095 2655 2165 deinceps
2682 2098 2735 2147 in
2765 2084 3062 2147 inﬁnitum.
3118 2091 3212 2146 Sic
3268 2091 3417 2145 enim

1854 2202 2152 2250 constaret.
2192 2206 2341 2253 eum,
2378 2191 2469 2259 qui
2511 2189 2730 2258 genitus
2759 2187 3064 2254 est,.illius,
3094 2184 3185 2254 qui
3219 2185 3429 2253 genuit,

1855 2300 1974 2338 esse
1997 2283 2259 2339 similem.
2289 2282 2733 2352 Respondemus,
2769 2279 2812 2332 si
2846 2278 3014 2332 Filius
3035 2285 3119 2331 est
3147 2290 3216 2331 eo
3245 2275 3431 2339 modo,

1855 2391 1963 2446 quo
1998 2376 2250 2430 homines
2279 2374 2373 2429 ﬁlii
2407 2383 2556 2439 sunt,
2581 2367 2869 2427 tiat'etiam
2897 2370 3130 2440 genitor,
3170 2377 3228 2423 ut
3258 2367 3432 2422 Filius

1856 2470 1928 2523 sit
1973 2467 2111 2521 alter
2141 2466 2325 2531 Pater,
2368 2475 2534 2536 atque
2579 2465 2653 2520 ita
2713 2463 2973 2531 deinceps
3033 2459 3172 2515 alius
3225 2475 3292 2514 ex
3329 2459 3437 2514 alio

1858 2559 2134 2632 gignatur,
2172 2569 2232 2613 ut
2267 2573 2458 2614 eorum
2490 2556 2768 2612 successio
2795 2562 3082 2625 augeatur,
3116 2560 3174 2608 et
3209 2551 3436 2607 deorum

1859 2653 2160 2707 constituat
2195 2651 2629 2710 multitudinem.
2677 2647 2834 2714 Quod
2863 2648 2908 2702 si
2944 2662 3054 2702 non
3085 2659 3150 2700 ea
3201 2645 3437 2709 ratione,

1858 2760 1962 2813 qua
1999 2743 2272 2805 homines,
2306 2741 2477 2794 Filius
2510 2749 2618 2806 est,
2671 2756 2780 2794 non
2813 2747 2943 2794 sunt
2977 2737 3051 2802 ei,
3109 2750 3233 2806 qua“:
3263 2733 3440 2788 homi-

1861 2852 1993 2891 num
2043 2844 2194 2898 sunt,
2228 2831 2602 2890 attribuenda.
2651 2831 2784 2886 Nam
2820 2831 3029 2899 reliqua
3061 2829 3283 2899 quidem
3313 2827 3437 2880 ani-

1863 2929 2046 2990 malia,
2099 2936 2266 2995 atque
2297 2928 2462 2980 etiam
2497 2923 2880 2992 hominesjam
2916 2922 3044 2977 inde.
3075 2921 3145 2974 ab
3173 2920 3294 2989 ipso
3315 2932 3442 2988 pro-

1869 3021 2168 3076 creationis
2207 3019 2365 3074 initio
2419 3027 2609 3072 mutuo
2639 3016 2876 3086 quodam
2930 3012 3300 3070 successionis
3344 3025 3436 3064 or-

1867 3095 2389 3181 dine‘generantur,
2416 3119 2472 3162 et
2504 3116 2790 3179 generant,
2825 3116 2883 3160 ut
2910 3104 3002 3173 qui
3030 3111 3280 3173 generat,
3311 3115 3437 3156 cum

206 3209 386 3278 πατρὸς
415 3213 471 3264 ὲν
498 3212 688 3282 ἐαυτῷ
717 3213 896 3277 τοῦτο,
929 3213 989 3278 ἐξ
1017 3209 1078 3268 οὗ
1111 3217 1203 3270 καὶ
1237 3216 1398 3280 αὐτὸς
1430 3219 1640 3286 γέγονε.
1669 3218 1754 3272 Διὸ

1861 3221 1927 3260 ex
1959 3213 2216 3277 generato
2256 3213 2412 3273 patre
2437 3211 2734 3272 generatus
2771 3199 2877 3263 sit,
2909 3200 3108 3252 merito
3147 3196 3268 3267 ipse
3299 3210 3443 3266 quo-

205 3298 308 3352 οὐδὲ
333 3298 470 3354 ἔστιν
514 3303 581 3354 ὲν
611 3305 720 3366 τοῖς
776 3305 1038 3368 τοιούτοις
1067 3307 1272 3376 κυρίως
1303 3309 1510 3379 πατὴρ,
1543 3309 1637 3362 καὶ
1661 3327 1760 3362 κυ-

206 3390 318 3458 ρίως
366 3394 501 3456 υίός.
558 3395 618 3448 '0
653 3393 761 3464 γὰρ
800 3395 962 3460 αὐτὸς
1000 3397 1115 3460 υίὸς
1146 3399 1356 3466 γίνεται
1408 3401 1503 3452 καὶ
1543 3401 1760 3472 πατὴρ,

206 3483 300 3543 υἱὸς
332 3483 425 3552 μὲν
450 3484 549 3538 τοῦ
583 3487 968 3554 γεννήσαντος,
995 3489 1176 3558 πατὴρ
1206 3489 1260 3541 δὲ
1288 3489 1381 3542 τοῦ
1415 3494 1762 3559 γεννωμένου

205 3573 256 3636 ἐξ
277 3576 447 3631 αὐτοῦ.
488 3576 622 3630 Ἐπὶ
657 3577 711 3630 δὲ
742 3579 839 3648 τῆς
869 3579 1122 3650 θεότητος
1152 3581 1250 3634 οὐκ
1282 3581 1428 3636 ἔστιν
1458 3582 1654 3645 οὕτως.
1685 3585 1760 3637 Οὐ

206 3665 297 3736 γὰρ
335 3666 404 3731 ὡς
451 3666 744 3739 ἄνθρωπος
777 3668 806 3720 6
843 3669 997 3731 Θεός.
1045 3669 1184 3722 Οὔτε
1232 3671 1340 3741 γὰρ
1389 3672 1417 3724 6
1463 3673 1652 3741 Πατὴρ
1698 3675 1762 3724 ὲκ

208 3753 392 3824 Πατρός
447 3760 610 3811 ἐστι’
674 3757 755 3811 δ.ὸ
808 3754 929 3813 οὐδὲ
986 3762 1151 3832 γεννᾷ
1211 3761 1302 3814 τὸν
1365 3765 1762 3833 γεννησόμενον

211 3848 400 3918 Πατέρα
421 3866 436 3881 ·
465 3849 598 3904 οὔτε
624 3853 652 3905 6
680 3851 806 3914 Υἱὸς
835 3852 895 3917 ἐξ
923 3853 1221 3924 ἀπορροίας
1256 3855 1373 3907 ἐστὶ
1402 3855 1496 3908 τοῦ
1528 3855 1761 3926 Πατρὸς,

206 3939 311 3994 οὔτε
362 3946 424 3997 ὲκ
460 3944 819 4015 γεννηθέντος
874 3947 1084 4012 Πατρὸς
1125 3947 1476 4018 γεγέννηται.
1515 3950 1604 4002 Διὸ
1643 3950 1764 4002 οὐδὲ

207 4038 500 4110 γεγέννηται
563 4045 643 4105 είς
675 4045 736 4097 τὸ
775 4045 991 4115 γεννᾷν.
1024 4045 1188 4098 Ὅθεν
1237 4047 1326 4097 ἐπὶ
1357 4046 1456 4114 τῆς
1506 4046 1764 4115 θεότητος

211 4126 355 4195 μόνης
379 4132 406 4182 6
439 4131 635 4201 Πατὴρ
685 4133 892 4202 κυρίως
938 4135 1054 4186 ἐστὶ
1090 4133 1298 4204 Πατὴρ,
1332 4135 1426 4187 κα)⁵
1457 4135 1486 4186 6
1520 4135 1644 4196 Υἱὸς
1668 4151 1763 4187 κυ-

210 4217 324 4286 ρίως
369 4223 483 4282 Υἱός
516 4225 658 4277 ἐστι.
695 4226 807 4278 Καὶ
845 4225 940 4279 ἐπὶ
978 4229 1183 4280 τούτων
1218 4227 1312 4280 καὶ
1351 4229 1531 4295 μόνων
1565 4228 1764 4299 ἕστηκε

209 4311 261 4362 τὸ
285 4312 367 4366 τὸν
409 4318 632 4386 Πατέρα
667 4318 754 4372 ἀεὶ
783 4319 1002 4388 Πατέρα
1043 4316 1206 4385 εἶναι,
1249 4321 1342 4372 καὶ
1378 4319 1469 4372 τὸν
1521 4321 1647 4373 Υἰὸν
1677 4321 1766 4374 ἀεὶ

211 4399 483 4459 Υίδνεῐναι.
510 4409 724 4460 Οὐκοῦν
746 4409 774 4458 ὁ
793 4407 987 4475 λέγων,
1009 4408 1162 4460 Διατί
1189 4406 1262 4478 μὴ
1285 4407 1605 4476 γεννητικὸς
1637 4407 1762 4460 Υἱοῦ

211 4495 237 4548 6
261 4495 407 4562 Υίόςς
436 4497 707 4569 ζητείτω,
739 4500 882 4554 διατι
930 4499 1006 4571 μὴ
1035 4501 1253 4568 Πατέρα
1288 4501 1446 4570 ἔσχεν
1489 4503 1516 4552 6
1552 4501 1761 4569 Πατήρ.

223 4561 370 4646 ’Λλλᾶ
397 4561 574 4647 ταιίτά
601 4611 661 4660 γε
694 4561 1391 4664 όιμφότεραμεστὰ-πάσης
1419 4561 1763 4654 δυσσεόείαῖς.
1800 4561 1839 4609 D

215 4680 400 4754 Ὠσπερ
431 4688 544 4754 γὰρ
586 4685 614 4735 6
659 4684 844 4754 Πατὴρ
887 4685 972 4738 ἀεὶ
1018 4685 1206 4755 Πατὴρ
1249 4685 1344 4737 καὶ
1388 4685 1486 4738 οὐκ
1530 4684 1594 4738 ἄν
1637 4700 1767 4736 ποτε

214 4774 410 4844 γένηται
467 4778 634 4840 Υἱὸς,
677 4777 850 4840 οὕτως
898 4777 928 4829 6
975 4777 1101 4838 Υἱὸς
1143 4778 1229 4830 ἀεὶ
1278 4777 1404 4840 Υίός
1459 4778 1613 4840 ἐστι,
1674 4781 1768 4829 καὶ

215 4864 297 4918 οὐχ
321 4867 382 4921 ἄν
416 4886 548 4922 ποτε
574 4869 787 4938 γένοιτο
817 4868 1030 4939 Πατήρ.
1056 4868 1166 4922 Καὶ
1194 4869 1253 4921 ὲν
1286 4868 1461 4937 τούτῳ
1489 4869 1598 4937 γὰρ
1630 4868 1766 4936 μᾶλ-

214 4953 290 5009 λον
320 4960 601 5030 χαρακτὴρ
629 4959 703 5013 ὢν
742 4959 838 5012 τοῦ
873 4959 1086 5026 Πατρὸς
1127 4960 1223 5013 καὶ
1271 4958 1434 5012 εἰκὼν
1464 4959 1764 5022 δείκνυται,

218 5048 372 5115 μένων
391 5054 418 5105 ὃ
436 5054 573 5117 ἐστι,
601 5054 695 5105 καὶ
715 5052 816 5105 οὐκ
843 5052 1216 5122 ἀλλασσόμενο
1231 5070 1269 5117 ·,
1291 5050 1404 5103 ἀλλ’
1432 5050 1568 5119 ἔχων
1586 5051 1649 5102 ὲκ
1670 5049 1764 5102 τοῦ

216 5139 406 5210 Πατρός
430 5145 528 5215 τὴν
572 5145 896 5212 ταυτότητα.
941 5143 1000 5195 Εἰ
1041 5145 1138 5214 μὲν
1182 5138 1276 5196 οὖν
1319 5144 1347 5194 6
1385 5142 1569 5212 Πατὴρ
1601 5158 1771 5210 μετασ-

218 5231 467 5304 6άλὶεταπ,
509 5235 927 5307 μεταϐαλλέσθω
949 5237 1043 5290 καὶ
1065 5237 1098 5306 ἡ
1125 5233 1311 5288 εἰκώνν
1338 5237 1386 5286 εἰ
1411 5234 1468 5286 δὲ
1497 5233 1767 5301 ἄτρεπτός

219 5322 347 5378 ἔστιν
396 5331 423 5380 ό
478 5326 702 5398 Πατὴρ,
741 5330 838 5382 καὶ
879 5328 956 5390 ὼς
999 5329 1146 5382 ἔστιν
1194 5327 1337 5380 οὕτω
1389 5326 1656 5396 διαμένει,
1707 5323 1768 5387 ἐξ

218 5416 440 5492 ἀνάγκης
469 5425 562 5475 καὶ
611 5424 644 5494 ἡ
677 5422 842 5475 εἰκὼν
862 5462 876 5486 ,
905 5421 980 5484 ὡς
1011 5421 1162 5474 ἐστιν
1197 5420 1342 5472 οὕτω
1367 5418 1643 5486 διαμένει,
1671 5420 1766 5472 καὶ

217 5509 270 5562 οὐ
298 5517 639 5583 τραπήσεται.

1864 3312 1973 3367 (ιυε
2016 3297 2107 3350 ﬁat
2156 3295 2386 3349 alterius
2434 3303 2610 3362 pater,
2655 3307 2781 3346 eum
2814 3306 2843 3345 a
2875 3305 2975 3346 suo
3001 3300 3154 3361 patre
3192 3290 3248 3343 in
3298 3303 3356 3343 se
3388 3287 3440 3342 id

1865 3390 2044 3461 ipsum
2081 3389 2298 3450 habeat,
2345 3403 2411 3442 ex
2447 3403 2558 3455 quo
2595 3395 2650 3440 et
2684 3391 2804 3455 ipse
2853 3384 2958 3438 fuit
3014 3390 3328 3453 generatus.
3368 3381 3443 3434 Ex

1864 3497 1972 3555 quo
1999 3486 2095 3546 tit,
2142 3490 2201 3534 ut
2227 3479 2412 3534 nullus
2449 3478 2592 3532 inter
2622 3491 2719 3532 eos
2775 3475 2998 3546 proprie
3027 3475 3098 3529 sit
3135 3486 3311 3544 pater,
3347 3482 3444 3526 aut

1867 3574 2089 3646 proprie
2111 3573 2275 3637 (ilius,
2296 3587 2420 3626 cum
2449 3571 2593 3624 idem
2633 3579 2689 3624 et
2719 3578 2875 3638 pater
2901 3568 3149 3629 exsistat,
3187 3572 3242 3620 et
3274 3565 3438 3618 ﬁlius.

1865 3665 2029 3721 Pater
2084 3665 2304 3734 quidem
2363 3662 2532 3722 illius.
2569 3675 2731 3730 quem
2765 3659 3072 3730 generavit,
3115 3667 3233 3722 est;
3295 3656 3439 3710 illius

1866 3765 2050 3812 autem
2087 3757 2207 3826 ejus
2237 3771 2265 3808 ιι
2297 3770 2405 3823 quo
2438 3755 2554 3822 ipse
2585 3760 2880 3822 generatus
2912 3762 3017 3805 est.
3052 3749 3109 3803 ln
3143 3750 3262 3818 ipsa
3304 3764 3436 3803 vero

1867 3849 2150 3905 divinitate
2179 3862 2287 3901 non
2334 3847 2406 3899 ita
2442 3853 2546 3899 εει.
2587 3843 2775 3913 Neque
2833 3843 2981 3898 enim
3033 3842 3178 3896 Deus
3226 3849 3334 3904 est,
3383 3848 3446 3892 ut

1868 3943 2116 3996 homines
2143 3948 2288 3994 sunt.
2325 3938 2539 3992 Etenim
2571 3937 2728 3990 Pater
2756 3949 2864 3989 non
2905 3942 2988 3989 est
3013 3933 3080 3986 ab
3113 3932 3220 3986 alio
3258 3931 3440 3986 Patre.

1827 4062 1832 4066 ~
1867 4033 2045 4099 Quare
2087 4047 2186 4085 nec
2229 4032 2398 4101 gignit
2424 4029 2760 4100 geniturum,
2811 4027 3170 4094 futurumque
3200 4023 3442 4078 Patrem.

1866 4125 1976 4180 Nec
2005 4123 2173 4177 Filius
2206 4139 2269 4176 ex
2312 4120 2487 4175 Patris
2519 4130 2604 4174 est
2649 4121 2879 4180 semine,
2930 4131 3108 4186 neque
3160 4131 3225 4169 ex
3265 4113 3447 4184 genito

1869 4216 2043 4270 Patre
2079 4217 2298 4285 genitus
2334 4225 2436 4268 est.
2465 4211 2835 4279 Quamobrem
2861 4225 2966 4264 nec
2993 4209 3062 4263 ad
3108 4208 3443 4278 gignendum

1871 4321 1955 4364 est
1985 4312 2224 4378 genitus.
2278 4306 2518 4361 Proinde
2561 4307 2611 4358 in
2643 4305 2755 4358 sola
2799 4303 3083 4357 divinitate
3120 4300 3278 4354 Pater
3315 4313 3448 4368 pro-

1872 4405 1988 4473 prie
2022 4403 2178 4456 Pater
2206 4409 2312 4464 est,
2347 4409 2403 4453 et
2433 4399 2602 4456 Filius
2665 4397 2884 4466 prOprie
2934 4394 3103 4448 Filius
3134 4401 3240 4446 cst.
3292 4392 3359 4444 Et
3391 4391 3444 4444 in

1875 4497 1970 4550 his
2006 4495 2140 4549 solis
2191 4494 2322 4547 illud
2376 4495 2594 4545 lirmum
2647 4501 2702 4543 et
2749 4496 3011 4542 constans
3044 4495 3149 4547 est,
3196 4493 3260 4538 ut
3284 4483 3450 4536 Pater

1872 4606 2090 4660 semper
2135 4590 2199 4644 sit
2251 4587 2438 4649 Pater,
2493 4594 2548 4639 et
2590 4582 2761 4637 Filius
2809 4596 3026 4649 semper
3061 4579 3254 4632 Filius.
3304 4576 3451 4642 Quo-

1868 4684 2011 4736 circa
2061 4681 2150 4750 qui
2193 4679 2348 4741 dicit,
2401 4676 2513 4730 Cur
2559 4674 2730 4728 Filius
2765 4689 2872 4726 non
2923 4679 3007 4725 est
3045 4667 3338 4738 ejusmodi,
3390 4676 3451 4719 ut

1868 4775 2036 4827 ﬁlium
2065 4771 2331 4842 generet?
2363 4769 2501 4824 idem
2537 4775 2766 4836 quzerat,
2801 4764 2912 4819 Cur
2937 4762 3095 4816 Pater
3124 4776 3230 4814 non
3258 4757 3448 4813 [tabuit

1867 4868 2104 4922 Patrem?
2118 4867 2221 4922 Sed
2255 4875 2482 4934 utraque
2505 4861 2731 4931 quaestio
2752 4869 2835 4913 est
2860 4855 3160 4926 impietatis
3187 4851 3446 4922 plenissi-

1875 4977 1980 5013 ma.
2004 4958 2472 5025 Quemadmodum
2487 4953 2632 5008 enim
2650 4951 2808 5005 Pater
2828 4949 3128 5012 itasemper
3147 4954 3232 4999 est
3259 4943 3443 5025 Pater,

1874 5058 1934 5101 ut
1967 5023 2242 5117 nunquam
2267 5046 2438 5100 Filius
2483 5044 2598 5097 ﬁeri
2623 5051 2807 5112 queat,
2854 5039 3004 5092 itaet
3023 5023 3284 5089 Filiusita
3308 5047 3424 5086 seni

1872 5157 1968 5209 per
1996 5151 2081 5195 est
2106 5140 2273 5192 Filius
2311 5148 2366 5191 ut
2399 5151 2672 5205 nunquam
2694 5133 2854 5187 Pater
2887 5130 3000 5184 iieri
3035 5135 3220 5197 queat.
3252 5127 3310 5180 In
3338 5137 3448 5193 quo

1875 5232 2043 5302 magis
2077 5231 2386 5285 ostenditur
2420 5243 2538 5282 esse
2590 5228 2761 5280 forma
2805 5233 2861 5277 et
2897 5222 3070 5290 imago
3099 5219 3292 5280 Patris,
3317 5216 3446 5268 dum

1876 5333 2060 5377 manet
2129 5323 2205 5388 id,
2240 5321 2384 5390 quod
2441 5329 2546 5379 est.
2608 5328 2664 5371 et
2730 5329 3018 5384 nunquam
3104 5311 3450 5371 immutatur,

1873 5431 1996 5470 cum
2031 5416 2276 5469 eamdem
2314 5428 2342 5466 a
2380 5412 2536 5464 Patre
2573 5409 2866 5463 essentiam
2918 5405 3136 5458 habeat.
3193 5399 3375 5465 Quare
3405 5399 3448 5452 si

1875 5519 2118 5561 nmtatur
2167 5507 2348 5570 Pater,
2385 5514 2630 5559 mutetur
2663 5512 2718 5556 ct
2773 5502 2968 5567 imago.
3000 5497 3094 5548 Sin
3157 5494 3316 5570 Pater
3369 5502 3453 5545 est

220 5595 567 5666 immutabilis,
600 5612 653 5656 et
687 5603 830 5657 sicut
884 5613 989 5668 est,
1025 5602 1104 5656 sic
1165 5604 1328 5656 etiam
1393 5609 1597 5666 manet,
1646 5603 1822 5670 imago
1880 5613 2096 5668 quoque
2150 5596 2462 5652 necessario
2504 5597 2647 5646 sicut
2677 5600 2780 5655 est,
2830 5589 2908 5642 sic
2937 5586 3102 5640 etiam
3146 5591 3352 5650 manet,
3393 5593 3451 5638 et

220 5703 313 5746 non
342 5694 496 5748 immu
505 5695 719 5750 labitur.

635 5792 730 5845 Ἕκ
763 5791 866 5846 τοῦ
895 5790 1082 5846 αὐτοῦ
1105 5793 1310 5860 λόγου.

285 5881 341 5934 ΕΞ
386 5885 478 5938 οὒκ
523 5885 701 5950 nam;
751 5885 996 5940 σύνεστιν
1028 5886 1054 5938 6
1087 5883 1260 5952 Λόγος
1306 5880 1381 5952 τῷ
1427 5879 1622 5951 Πατρὶ,
1665 5877 1761 5933 οὐκ

2435 5776 2518 5830 Ex
2542 5776 2715 5828 eodem
2754 5772 2906 5825 liln'o.

1943 5871 2000 5928 Si
2038 5869 2273 5928 Verbum
2308 5880 2419 5922 non
2445 5872 2528 5920 est
2552 5863 2619 5917 ab
2650 5861 2799 5919 omni
2833 5858 3137 5914 :eternitatc
3170 5870 3294 5913 cum
3341 5852 3444 5911 Pa-
