3954 6642
496 439 610 502 355
1740 423 2117 487 EUTllYMIl
2158 419 2521 480 ZIGABENI
3677 413 3760 474 356

498 552 609 613 Aut
639 545 913 621 quomodo
941 543 1054 614 ipse
1085 543 1137 598 in
1164 550 1458 613 conspectu
1496 540 1676 595 Patris
1704 549 1861 594 antea
1887 537 2087 608 gaude-
2116 579 2122 594 λ

2232 535 2523 603 ύφραίνετο
2556 532 2613 584 ἐν
2663 522 2938 602 προσώπῳ
2990 527 3084 583 τοῦ
3128 527 3405 598 Πατρόςς
3458 525 3585 592 Πῶς
3628 528 3695 591 δὲ,
3724 536 3761 587 tl

498 647 590 700 hat
618 618 937 695 {Praeterea
990 636 1282 707 quomodo,
1311 635 1353 689 si
1402 644 1524 702 post
1566 640 1795 687 mortem
1848 631 2081 697 adeptus

2232 631 2327 683 ετὰ
2358 629 2447 681 τὸν
2474 628 2703 682 θάνατον
2726 624 2888 677 ἔλαϐε
2916 623 2978 677 τὸ
3031 618 3519 692 προσκυνεῖσθαι,
3546 620 3765 687 φαίνεται

502 746 588 792 est
623 746 680 787 ut
703 733 1041 794 adoreretur,
1061 727 1237 798 ipsum
1256 726 1499 781 adoravit
1520 724 1811 780 Abraham.
1832 730 1884 777 et
1910 720 2085 774 Moses

2255 721 2514 790 Ἀϐραὰμ
2569 718 2731 772 αὐτὸν
2785 713 3127 785 προσκυνῶν,
3187 713 3299 766 καὶ
3334 713 3589 781 Μωῦσῆς
3611 710 3663 764 ὲν
3712 718 3763 785 τῇ

500 827 555 880 in
579 827 712 878 rubo
744 823 765 874 ?
801 824 858 875 Et
894 821 966 890 (id
990 820 1132 889 quod
1189 818 1375 872 Daniel
1436 817 1589 883 vidit)
1651 830 1887 884 quonam
1926 822 2084 881 pacto

2228 818 2360 886 ἀτῳ,
2397 814 2492 867 καὶ
2531 811 2605 874 ὼς
2641 806 2750 863 εἶδε
2803 807 3024 877 Δανιὴλ,
3083 804 3294 877 μύριαι
3356 804 3652 874 μυριάδες,
3693 809 3767 858 iui

474 915 904 971 innumerabilia
933 913 1154 966 millium
1186 911 1355 964 millia
1382 908 1750 962 ministrabant
1781 908 1829 961 ei
1864 909 1877 937 ¹
1901 906 1922 957 ?
1944 905 2090 969 Quo-

2230 911 2360 962 ίλιαι
2406 908 2643 977 χιλιάδες
2676 905 3053 976 ἐλειτούργουν
3090 902 3280 971 αὺτῷς
3330 899 3467 960 Πῶς
3499 899 3579 962 δὲ,
3626 900 3668 952 al
3694 899 3767 952 νῦν

466 1000 471 1004 ’
501 1025 626 1062 nam
654 1015 813 1076 pacto
844 1004 887 1057 si
924 1017 1092 1065 nunc,
1119 1010 1178 1053 ut
1207 1000 1291 1054 isti
1337 999 1545 1062 volunt,
1592 1010 1876 1051 assecutus
1903 1004 1985 1048 est
2034 1004 2093 1047 ut

503 1099 696 1154 melior
764 1105 819 1148 et
879 1092 1221 1163 pra-stantior
1269 1089 1444 1155 ﬁeret,
1499 1089 1746 1159 gloriam,
1802 1101 1921 1155 quae
1968 1094 2093 1137 ante

510 1190 777 1246 mundum
813 1196 898 1242 est
948 1195 999 1237 et
1019 1184 1222 1238 mundo
1241 1182 1518 1252 pra'cellit,
1546 1181 1661 1249 ipse
1695 1179 1761 1233 de
1784 1194 1839 1231 se
1869 1178 2095 1245 loquens

506 1288 920 1342 commemorat,
945 1276 1187 1344 Clariﬁca
1218 1290 1318 1335 me,
1340 1272 1621 1341 inquiens,
1654 1269 1832 1332 Pater,
1851 1285 1909 1321 ea
1930 1267 2097 1338 gloria

508 1388 667 1443 quant
690 1371 872 1434 habui,
900 1370 1202 1436 priusquam
1224 1363 1622 1432 mundus/ierat,
1654 1370 1793 1429 apud
1822 1371 1867 1412 le
1892 1360 1947 1412 "3
1973 1358 2101 1424 Qua:

511 1479 633 1519 cum
664 1464 734 1516 ita
756 1463 885 1522 siut,
926 1474 1034 1512 non
1063 1458 1403 1512 descendens
1427 1458 1542 1524 ipse
1583 1454 1772 1507 melior
1800 1451 1973 1505 iactus
1996 1459 2099 1515 est,

511 1557 606 1611 sed
634 1570 753 1625 qua:
786 1568 849 1607 ea
878 1568 934 1607 re
962 1551 1212 1621 egebant,
1233 1548 1453 1602 meliora
1481 1547 1608 1599 fecit
1631 1585 1645 1609 ,
1673 1554 1725 1597 et
1752 1544 2104 1596 homolactus

514 1646 767 1703 homines
812 1643 905 1696 Dei
936 1643 1074 1696 lilios
1130 1656 1192 1693 ac
1226 1641 1356 1694 deos
1399 1638 1651 1691 reddidit.
1702 1635 1817 1689 Non
1836 1650 1963 1704 ergo
1981 1650 2104 1687 eum

513 1739 683 1794 homo
718 1745 864 1790 esset
896 1736 1067 1804 prius,
1100 1733 1297 1787 deinde
1328 1732 1503 1785 laetus
1544 1740 1625 1784 est
1652 1731 1791 1783 Deus
1820 1746 1835 1795 ;
1870 1728 1961 1781 sed
1984 1742 2105 1780 cum

2196 1004 2317 1057 κατ’
2346 1002 2546 1063 αὐτοὺς
2590 1000 2716 1070 ἔσχε
2750 999 2848 1069 τὴν
2913 999 3223 1069 βελτίωσιν,
3283 997 3396 1060 τῆς
3444 994 3554 1063 πρδ
3595 996 3767 1065 κόσμον

2195 1099 2289 1151 καὶ
2318 1096 2691 1167 ύπερκοσμίου
2740 1095 2900 1165 δόξης
2932 1092 3126 1146 ἑαυτοῦ
3172 1090 3567 1162 μνημονεύων
3615 1092 3768 1160 ἔλεγεν

2198 1191 2357 1254 αὐτὸς
2381 1192 2407 1243 ὁ
2425 1189 2568 1251 Υἱὸς,
2587 1189 2860 1251 Δόξασόν
2875 1204 2971 1256 με,
2992 1188 3201 1253 Πάτερ,
3231 1184 3316 1253 τῇ
3356 1184 3545 1250 δόξῃ.
3568 1179 3607 1255 ᾖ
3636 1182 3771 1253 εἶχον

2200 1284 2315 1350 πρὸ
2346 1282 2451 1335 τοῦ
2485 1284 2593 1333 τὸν
2645 1297 2879 1348 κοσμον
2933 1277 3088 1333 εἶναι
3130 1280 3305 1346 παρὰ
3355 1280 3504 1341 σοί;
3538 1280 3645 1331 Οὐκ
3689 1281 3770 1348 ἄρα

2203 1376 2443 1438 καταϐὰς
2466 1374 2781 1444 ὲδελτιώῦη.
2801 1374 2937 1426 ἀλλὰ
2958 1374 3158 1440 μᾶλλον
3181 1375 3534 1427 ἐδελτίωσεν
3561 1376 3707 1437 αὐτὸς
3720 1376 3772 1428 τὰ

2203 1470 2432 1537 δεόμενα
2458 1466 2813 1536 βελτιώσεως,
2838 1464 2933 1517 καὶ
2954 1464 3276 1531 υἱοποίησεν
3308 1465 3471 1533 ἡμᾶς
3505 1463 3583 1534 τῷ
3609 1464 3769 1536 Πατρὶ,

2206 1564 2296 1615 καὶ
2344 1561 2545 1613 ὲθέωσε
2592 1560 2717 1621 τοὺς
2762 1557 3081 1627 ἀνθρώπους
3128 1559 3447 1625 γενόμενος
3499 1558 3769 1627 ἄνθρωπος.

2206 1655 2320 1709 Οὐκ
2350 1655 2456 1721 ἄρα
2492 1653 2779 1721 ἄνθρωπος
2808 1651 2903 1715 ὢν,
2938 1651 3165 1721 ὕστερον
3210 1652 3427 1719 γέγονε
3487 1650 3636 1713 Θεὸς.
3668 1651 3771 1705 ἀλλὰ

2208 1747 2341 1809 Θεὸς
2385 1746 2481 1810 ὣν,
2520 1745 2746 1813 ὕστερον
2795 1746 3021 1812 γέγονεν
3072 1743 3417 1814 ἄνθρωπος,
3469 1744 3558 1797 ἵνα
3605 1745 3770 1813 μᾶλλον

518 1831 662 1885 Deus
684 1836 850 1891 esset,
876 1827 1070 1879 deinde
1094 1824 1264 1878 factus
1289 1835 1372 1877 est
1407 1824 1592 1885 homo,
1624 1833 1680 1874 ut
1699 1837 1798 1875 nos
1822 1820 2109 1874 divinitate

2226 1842 2359 1911 ἡμᾶς
2410 1839 2733 1908 Θεοποιήσῃ.
2768 1837 2890 1899 Πῶς
2924 1837 3019 1890 οὖν
3050 1840 3424 1905 πρωτότοκος
3468 1838 3647 1905 πάσης
3679 1838 3769 1890 κτί-

520 1924 822 1978 decoraret.
854 1918 933 1973 At]
965 1920 1076 1972 ιιωο
1104 1919 1198 1987 qui
1232 1930 1416 1987 posset
1441 1916 1694 1985 appellari
1718 1914 2108 1983 pt'itnogeuitus

522 2028 701 2068 rerum
730 2011 973 2066 omnium
1017 2006 1511 2077 procreatarum,si
1561 2014 1687 2057 ante
1741 2019 1797 2055 se
1863 2005 2107 2062 haberet,

521 2107 613 2175 qui
643 2103 739 2157 lilii
774 2112 829 2157 et
862 2101 947 2155 dei
982 2109 1310 2155 vocarentur
1342 2098 1363 2150 ἲ
1406 2098 1511 2150 Aut
1533 2112 1629 2149 cur
1683 2093 1846 2164 primi
1895 2093 1968 2145 illi
1999 2106 2109 2144 non

520 2205 650 2251 sunt
670 2194 959 2266 ejusmodi,
990 2202 1047 2246 ut
1076 2192 1143 2245 de
1166 2191 1271 2244 illis
1294 2190 1533 2253 dicatur,
1568 2186 1635 2239 In
1686 2186 1940 2255 principio
1998 2188 2113 2236 erat

534 2288 846 2352 Verbum,et
885 2286 1109 2340 Verbum
1145 2293 1259 2337 erat
1324 2284 1465 2351 apud
1497 2282 1681 2345 Deum,
1712 2291 1760 2332 et
1817 2279 1955 2331 Deus
2001 2281 2113 2329 erat

460 2358 465 2363 1
527 2379 820 2440 Verbum’,
862 2388 918 2431 et
966 2384 1187 2445 propter
1216 2390 1315 2427 nos
1364 2383 1555 2443 postea
1588 2372 1824 2425 Verbum
1877 2372 1978 2423 hoc
2004 2367 2115 2422 fac-

525 2481 640 2526 tum
665 2480 747 2524 est
771 2485 897 2523 caro
923 2469 945 2521 ’ἒ
969 2468 1147 2533 Quare
1178 2466 1329 2525 illud.
1354 2466 1792 2532 superem/tavit,
1820 2478 1926 2516 non
1948 2461 2115 2530 signi‘

524 2560 653 2615 licat
684 2556 852 2613 Verbi
875 2558 1168 2612 essmtiam
1210 2561 1521 2610 exattatam.
1569 2555 1689 2609 Fuit,
1710 2554 1856 2607 enim
1880 2568 2115 2621 semper,

524 2660 581 2706 et
606 2662 691 2707 est
714 2652 935 2720 aqualis
985 2650 1118 2714 Deo,
1165 2650 1259 2704 sed
1310 2648 1573 2703 exaltatio
1629 2647 1717 2701 illa
1772 2646 2004 2716 pertinet
2054 2646 2118 2697 ad

528 2744 943 2800 humanitatem.
967 2743 1029 2798 Et
1049 2745 1168 2797 ideo
1192 2758 1298 2797 non
1325 2742 1472 2811 prius
1491 2742 1605 2796 stC
1625 2741 1770 2795 dicta
1790 2748 1937 2804 sunt,
1959 2753 2119 2808 quam

524 2833 761 2891 Verbum
791 2849 916 2887 caro
945 2834 1147 2887 factum
1179 2841 1281 2894 est,
1303 2841 1360 2885 ut
1388 2831 1737 2901 perspicuum
1762 2837 1924 2888 esset.
1960 2842 2122 2881 voces

527 2923 665 2986 illas,
693 2923 1071 2987 humiliavit,el
1100 2920 1449 2984 exaltavit,ad
1476 2920 1751 2974 hominem
1782 2918 1970 2973 referri
1992 2933 2123 2982 ;ru-

524 3014 627 3085 jus
657 3015 802 3068 enim
838 3014 1117 3068 humilitas
1149 3022 1251 3076 est,
1285 3012 1529 3081 ejusdem
1561 3021 1643 3067 est
1673 3019 1728 3063 et
1757 3007 2125 3064 exaltatio.Et

528 3107 573 3161 si
597 3115 816 3175 propter
846 3104 1027 3158 carnis
1071 3104 1499 3172 assumptiouem
1519 3103 1777 3171 scriptum
1824 3111 1906 3156 est
1943 3101 2122 3154 Immi-

531 3196 702 3261 liavit,
728 3196 1080 3251 manifestum
1107 3203 1190 3249 est
1218 3194 1364 3263 quod
1403 3203 1624 3263 propter
1660 3195 1833 3264 ipsam
1856 3193 2120 3262 scriptum
2155 3223 2197 3282 α
2233 3193 2517 3293 ἀᾷορωπος

530 3298 617 3344 est
637 3288 820 3353 etiam,
850 3287 1122 3341 exultavit.
1157 3286 1495 3341 Exaltalione
1533 3286 1679 3340 enim
1728 3286 1918 3357 egebat
1964 3286 2127 3339 homo

532 3390 755 3451 propter
782 3380 959 3434 carnis
972 3389 1027 3432 et
1047 3380 1238 3433 mortis
1259 3378 1650 3433 humilitatem.
1674 3378 1939 3443 Quoniam
1966 3379 2129 3449 igitur

537 3468 805 3535 Verbum,
847 3485 972 3525 cum
1007 3480 1151 3525 esset
1174 3470 1351 3542 imago
1374 3470 1571 3536 Patris,
1592 3480 1644 3525 et
1665 3471 1971 3525 immortale
1988 3457 2127 3525 servi

535 3558 763 3615 formam
785 3561 1014 3631 accepit,
1046 3570 1099 3615 et
1118 3572 1337 3631 propter
1358 3579 1458 3617 nos
1491 3567 1541 3616 in
1571 3577 1735 3616 carne
1755 3577 1851 3616 sua
1896 3571 2124 3616 mortem

534 3651 780 3722 pertulit,
813 3651 961 3706 utita
1008 3667 1067 3706 se
1128 3668 1225 3722 pro
1261 3653 1420 3708 nobis
1477 3669 1575 3724 per
1619 3664 1849 3708 mortem
1902 3653 2128 3707 oﬂerret

532 3737 705 3805 Patri,
739 3739 942 3794 idcirco
964 3740 1128 3794 etiam
1150 3752 1209 3795 ut
1234 3744 1394 3797 homo
1416 3753 1638 3813 propter
1664 3759 1765 3797 nos
1783 3753 1835 3796 et
1854 3760 1950 3814 pro
1968 3742 2128 3798 nobis

536 3829 735 3884 dicitur
779 3831 1070 3894 exaltatus,
1101 3843 1159 3884 ut
1200 3834 1339 3885 sicut
1365 3848 1464 3887 nos
1489 3842 1662 3887 morte
1701 3833 1877 3901 ipsius
1937 3847 2129 3889 omnes

539 3924 738 3976 mortui
770 3938 958 3977 sumus
992 3924 1044 3975 in
1097 3923 1336 3989 Christo,
1382 3926 1461 3978 sic
1512 3925 1673 3978 etiam
1716 3926 1767 3977 in
1822 3924 2061 3988 Christo,
2100 3942 2130 3980 a

538 4015 770 4068 mortuis
788 4016 1027 4079 excitati,
1058 4026 1109 4068 et
1128 4015 1182 4068 in
1210 4016 1405 4069 ccelum
1442 4015 1690 4085 profecti,
1718 4032 1825 4083 quo
1854 4019 2131 4089 ipseprm-

537 4120 729 4159 cursor
750 4116 938 4160 noster
967 4107 1234 4177 pervenit,
1255 4106 1576 4161 exaltemur.
1596 4107 1749 4172 Quod
1783 4109 1825 4161 si
1854 4124 1999 4162 nunc
2033 4124 2130 4179 pro

538 4199 697 4251 nobis
736 4198 808 4251 ita
862 4213 920 4251 se
947 4198 1189 4264 demisit,
1226 4199 1472 4267 quamvis
1516 4210 1565 4253 et
1603 4214 1773 4265 nunc,
1805 4209 1858 4254 et
1903 4211 2049 4265 ante,
2074 4209 2130 4256 et

540 4304 757 4357 seraper
785 4297 932 4342 esset
954 4287 1239 4354 Dominus,
1289 4304 1388 4356 pro
1415 4289 1569 4344 nobis
1609 4290 1795 4360 utique
1857 4292 2128 4347 exaltatus

540 4380 819 4434 scribitur.
862 4386 925 4433 Et
984 4381 1444 4450 quemadmodum
1473 4381 1611 4451 ipse,
1652 4382 1896 4451 quamvis
1941 4399 2132 4437 omnes

542 4482 756 4526 sanctos
779 4472 997 4539 eﬂiciat,
1024 4473 1156 4526 dicit
1173 4482 1353 4526 tamen
1378 4482 1437 4527 ut
1462 4488 1521 4528 se
1550 4475 1873 4537 sanctiﬁcet,
1894 4491 1999 4529 non
2024 4491 2131 4543 quo

544 4561 783 4618 Verbum
825 4574 1074 4619 sant-tuin
1107 4564 1218 4629 ﬁat,
1252 4564 1348 4619 sed
1389 4574 1445 4617 ut
1476 4581 1576 4619 nos
1617 4581 1809 4620 omnes
1848 4566 1903 4619 in
1935 4581 1993 4620 se
2018 4566 2135 4635 ipso
2163 4560 2213 4619 D

540 4667 756 4710 sanctos
816 4656 1050 4711 reddat:
1111 4658 1191 4709 sic
1234 4667 1288 4710 et
1349 4657 1519 4721 illud,
1580 4658 1725 4726 quod
1776 4657 1981 4712 dictum
2036 4667 2139 4721 est,

539 4748 811 4803 Exaltat-it
837 4750 1008 4814 illum,
1069 4765 1175 4803 non
1231 4765 1295 4804 eo
1332 4751 1588 4819 pertinet,
1619 4763 1672 4803 ut
1706 4752 1819 4819 ipse
1848 4751 2139 4810 exaltetur,

542 4852 627 4895 est
655 4842 800 4895 enim
831 4842 1151 4908 altissimus,
1196 4842 1289 4896 sed
1325 4851 1383 4895 ut
1411 4842 1528 4910 ipse
1577 4842 1798 4909 quidem
1856 4856 1954 4911 pro
1986 4842 2141 4895 nobis

538 4932 749 5004 justitia
779 4932 994 4995 liat,nos
1025 4943 1205 4986 autem
1226 4936 1278 4985 in
1305 4933 1422 5001 ipso
1453 4932 1775 4995 exaltemur,
1806 4942 1858 4984 et
1896 4932 1947 4984 in
1970 4932 2140 4985 ratio—

544 5037 667 5075 rttm
700 5020 845 5075 fores
883 5022 1277 5091 ingrediamur,
1338 5036 1473 5090 quas
1503 5036 1604 5091 pro
1652 5023 1810 5075 nobis
1844 5021 1962 5091 ipse
1986 5033 2139 5092 pate-

544 5113 698 5178 fecit,
735 5127 857 5167 cum
900 5124 1296 5184 praecurrentes
1315 5113 1531 5168 dicant:
1553 5112 1741 5168 Tollite
1763 5123 1961 5181 portas,
1989 5117 2141 5185 prin--

543 5205 702 5275 cipes,
723 5214 940 5268 vostras,
959 5215 1005 5259 et
1029 5205 1323 5271 clcvamitti,
1342 5218 1504 5273 porta:
1523 5207 1816 5268 mlerttales,
1832 5220 1878 5259 et
1904 5208 2138 5260 introibit

543 5296 655 5351 Rex
676 5297 857 5366 gloria:
883 5295 926 5350 δ.
952 5297 1140 5366 Neque
1162 5304 1309 5350 enim
1355 5298 1452 5367 ipsi
1488 5298 1715 5351 Domiuo
1736 5308 1787 5351 et
1810 5314 1990 5352 rerum
2018 5314 2133 5351 om-

545 5392 696 5445 nium
731 5388 975 5444 elfeetori
1007 5389 1281 5443 conclusae
1300 5398 1473 5451 erant,
1505 5389 1596 5443 sed
1621 5399 1842 5459 propter
1866 5406 1986 5455 nos,
2012 5392 2131 5459 qui-

544 5482 647 5536 bus
680 5482 799 5535 εαξιί
835 5480 980 5534 fores
1004 5487 1161 5533 erant
1189 5479 1405 5537 clausae,
1430 5481 1509 5534 sic
1530 5481 1787 5551 scriptum
1821 5491 1919 5535 est.
1948 5483 2135 5550 Itaque

547 5582 777 5643 propter:
797 5586 1040 5634 carnem,
1067 5587 1229 5639 quam
1254 5572 1519 5643 gestabat,
1562 5571 1803 5626 humano
1834 5588 1986 5627 more
2021 5574 2135 5626 dic-

548 5671 662 5714 tum
691 5672 809 5716 est:
845 5661 1027 5715 Tollite
1056 5672 1274 5730 portas:
1310 5676 1362 5717 et
1388 5664 1655 5728 Introibit,
1690 5676 1945 5733 tanquam
1967 5664 2155 5716 homu-

548 5754 903 5823 ingrediutur.
934 5756 1002 5808 At
1048 5755 1113 5809 de
1141 5755 1260 5825 ipso
1316 5772 1555 5822 rursum,
1598 5766 1656 5811 ut
1686 5756 1778 5826 qui
1833 5756 1975 5810 Deus
2034 5759 2123 5820 sit,

635 5869 647 5898 ²
686 5867 816 5923 Diu.
853 5886 947 5935 vn,
982 5870 1066 5924 10.
1143 5874 1162 5904 ³
1196 5870 1349 5928 Joau.
1383 5890 1513 5943 xvu,
1569 5876 1619 5930 5.
1699 5875 1719 5905 ³
1766 5872 1925 5928 Joan.
1978 5888 2016 5938 ι,
2052 5871 2133 5925 ll.

2213 1951 2371 1997 σεως,
2404 1934 2544 2001 ἔχων
2577 1931 2684 2001 πρὸ
2716 1929 2884 1983 αὐτοῦ
2938 1929 3243 1999 κληθέντας
3276 1930 3445 1992 υἱοὺς
3492 1931 3585 1982 καὶ
3614 1929 3766 1995 Θεούς;

2214 2030 2339 2091 Πῶς
2384 2029 2440 2083 δὲ
2471 2029 2521 2082 οἱ
2573 2028 2795 2098 μέτοχοι
2858 2027 3068 2096 πρῶτοι
3115 2020 3177 2079 οὗ
3239 2026 3551 2095 μετέχουσι
3599 2028 3768 2095 Λόγους

2226 2124 2322 2176 Ἐν
2356 2121 2513 2191 ἀρχῇ
2548 2119 2673 2191 ἥνό
2708 2122 2921 2190 Λόγος,
2972 2120 3068 2174 καὶ
3117 2124 3149 2174 d
3184 2122 3392 2190 Λόγος
3420 2117 3502 2189 ἦν
3530 2122 3668 2189 πρὸς
3691 2124 3770 2175 τὸν

2217 2216 2388 2280 Θεὸν,
2425 2215 2523 2268 καὶ
2562 2214 2707 2278 θεὸς
2728 2209 2806 2281 ἦν
2838 2218 2869 2266 ό
2898 2216 3109 2282 Λόγος.
3157 2216 3271 2268 Καὶ
3300 2214 3377 2266 δι’
3406 2216 3555 2284 ἡμᾶς
3585 2215 3772 2283 ὕστερον

2216 2311 2243 2363 ὁ
2270 2309 2440 2376 Λόγος
2460 2304 2612 2368 οὗτος
2638 2306 2776 2376 σὰρξ
2807 2308 3042 2375 ἐγένετο.
3074 2306 3145 2359 Τὸ
3178 2304 3281 2360 οὖν
3311 2308 3767 2374 ὑπερύψωσενώ

2216 2400 2314 2469 τὴν
2338 2400 2524 2451 οὐσίαν
2544 2400 2635 2450 τοῦ
2666 2398 2839 2466 Λόγου
2872 2398 3017 2465 λέγει
3044 2398 3403 2467 ύψουμένην.
3438 2392 3547 2450 Ἦν
3568 2396 3667 2465 γὰρ
3685 2396 3767 2456 ἀεὶ,

2218 2487 2313 2538 καὶ
2342 2484 2487 2538 ἔστιν
2517 2486 2607 2539 ῐσα
2645 2484 2785 2555 Θεῷ,
2825 2486 2962 2538 ἀλλὰ
2994 2487 3095 2555 τῆς
3127 2486 3565 2557 ἀνθριυπότητός
3595 2486 3764 2554 ἐστινὴ

2222 2579 2452 2648 ὓψωσις.
2489 2578 2565 2632 Ού
2596 2578 2726 2648 πρὶν
2757 2576 2888 2643 γοῦν
2916 2578 3133 2648 εἴρηται
3165 2578 3375 2637 ταῦτα,
3420 2580 3469 2629 ει
3500 2578 3573 2648 μὴ
3594 2580 3672 2629 ὅτε
3696 2576 3766 2642 γέ-

2222 2690 2345 2740 γονε
2379 2670 2516 2739 σὰρξ
2550 2671 2577 2723 ό
2605 2671 2798 2738 Λόγος,
2823 2670 2911 2722 ῐνα
2938 2668 3161 2740 γένηται
3192 2670 3444 2740 φανερὸν
3475 2670 3554 2723 ὅτι
3582 2670 3635 2722 τὸ
3663 2671 3761 2722 ἐτα-

2222 2765 2508 2825 πείνωσε,
2531 2762 2625 2816 καὶ
2653 2762 2713 2813 τὸ
2734 2763 3141 2829 ὑπερύψωσεν
3167 2763 3265 2814 ἐπὶ
3290 2763 3391 2815 τοῦ
3421 2761 3687 2831 ἀνθρώπου
3708 2760 3765 2811 λέ-

2223 2872 2403 2924 γεται.
2437 2849 2514 2908 Ob
2544 2853 2652 2924 γάρ
2678 2855 2795 2906 ἐστι
2824 2854 2882 2906 τὸ
2903 2854 3183 2918 ταπεινὸν,
3216 2853 3429 2906 τούτου
3462 2856 3555 2906 καὶ
3580 2853 3633 2904 τὸ
3654 2851 3763 2919 titiu-

2226 2946 2386 3013 θῆναι
2411 2945 2476 2997 ἂν
2506 2944 2615 3014 εἴη.
2663 2943 2774 2996 Καὶ
2804 2945 2852 2996 εἰ
2883 2942 2971 2997 διὰ
3000 2944 3097 3014 τὴν
3126 2944 3455 3015 πρόσληψιν
3479 2944 3577 3011 τῆς
3604 2942 3763 3011 σαρκὸς

2226 3038 2287 3090 τὸ
2314 3037 2682 3090 ἐταπείνωσε
2697 3037 3027 3105 γέγραπται,
3074 3036 3233 3106 δῆλον
3269 3039 3358 3091 ὅτι
3414 3040 3509 3090 καὶ
3540 3036 3596 3088 τὸ
3620 3038 3761 3103 ὑπερ-

2227 3132 2442 3200 ύψωσε
2462 3130 2529 3183 δι’
2559 3128 2728 3199 αὐτὴν
2741 3130 3074 3200 γέγραπται.
3100 3130 3314 3185 Τούτου
3348 3131 3460 3201 γὰρ
3482 3126 3549 3203 ἦν
3574 3126 3764 3196 ἐνδεὴςὸ

2545 3222 2631 3275 διὰ
2661 3222 2723 3274 τὸ
2758 3223 3013 3276 ταπεινὸν
3040 3224 3138 3293 τῆς
3171 3225 3407 3294 σαρκὸς,
3442 3224 3532 3277 καὶ
3571 3220 3655 3275 τοῦ
3695 3219 3761 3272 οσ-

2230 3318 2415 3370 νάτου.
2460 3316 2615 3369 Ἐπεὶ
2643 3310 2736 3368 οὖν
2766 3315 2931 3369 εἰκὼν
2960 3315 3037 3369 ὢν
3066 3314 3160 3370 τοῦ
3207 3316 3456 3388 Πατρός,
3484 3316 3589 3385 ⁵καὶ
3612 3312 3753 3366 ἀθάνα-

2229 3428 2319 3473 τος
2354 3410 2430 3463 ὢν
2460 3410 2654 3477 Λόγος,
2704 3408 2865 3462 ἕλαδε
2913 3408 3012 3481 τὴν
3066 3409 3160 3463 τοῦ
3192 3409 3393 3463 δούλου
3443 3406 3661 3479 μορφήν,
3691 3402 3761 3456 καὶ

2230 3503 2495 3573 ὑπέμεινε
2530 3503 2597 3556 δι’
2628 3505 2774 3575 ἡμᾶς
2806 3504 2863 3555 ὲν
2903 3505 2967 3574 τῇ
2999 3501 3193 3555 ἑαυτοῦ
3237 3503 3414 3573 σαρκὶ
3440 3500 3530 3553 τὸν
3562 3499 3760 3555 Θάνατον,

2231 3597 2319 3650 ἵνα
2381 3596 2555 3659 οὕτως
2616 3597 2810 3651 ἑαυτὸν
2865 3597 3008 3666 ὑπὲρ
3059 3597 3218 3666 ἡμῶν
3283 3596 3379 3650 διὰ
3431 3594 3525 3647 τοῦ
3578 3590 3760 3646 θανάτου

2231 3691 2575 3761 προσενέγκῃ
2606 3690 2683 3762 τῷ
2730 3690 2928 3761 Πατρὶ,
2969 3688 3057 3742 διὰ
3087 3687 3246 3743 τοῦτο
3291 3688 3391 3743 καὶ
3432 3687 3508 3750 ὡς
3531 3684 3761 3752 ἄνθρωπᾶ

2231 3786 2298 3837 δι’
2331 3785 2502 3854 ἡμᾶς,
2532 3785 2625 3837 καὶ
2652 3784 2794 3853 ὑπὲρ
2824 3784 2983 3854 ἡμῶν
3013 3783 3230 3851 λέγεται
3259 3777 3674 3852 ὑπερυψοῦσθαι,
3713 3771 3760 3825 ἵν’

2232 3878 2424 3947 ὥσπερ
2476 3879 2637 3948 ἡμεῖς
2664 3876 2741 3947 τῷ
2775 3877 2991 3947 θανάτῳ
3034 3873 3201 3929 αὐτοῦ
3231 3877 3442 3939 πάντες
3471 3869 3759 3936 ἀπεθάνομεν

2233 3971 2291 4022 ὲν
2323 3970 2565 4039 Χριστῷ,
2601 3967 2774 4031 οὓτως
2818 3968 2875 4021 ὲν
2902 3967 3054 4039 αὐτῷ
3084 3967 3166 4039 τῷ
3197 3966 3431 4037 Χριστῷ
3470 3963 3621 4017 πάλιν
3639 3954 3762 4028 ἡμεῖς

2234 4062 2711 4135 ύπερυψωθῶμεν,
2745 4062 2809 4114 ἔκ
2843 4078 2903 4113 τε
2934 4061 3042 4114 τῶν
3074 4060 3285 4131 νεκρῶν
3326 4057 3669 4129 ἐγειρόμενοι,
3689 4044 3759 4100 καὶ

2236 4160 2315 4220 εἰς
2362 4157 2627 4229 οὐρανοὺς
2677 4155 3058 4225 ἀνερχόμενοι,
3120 4155 3245 4208 ἔνθα
3318 4152 3618 4224 πρόδρομος
3655 4140 3760 4207 ὕπέρ

2237 4251 2392 4321 ἡμῶν
2426 4249 2643 4319 εἰσῆλθε
2694 4248 2951 4319 Χριστός.
3003 4249 3063 4300 El
3093 4248 3150 4300 δὲ
3177 4249 3273 4302 νῦν
3306 4246 3451 4315 ὑπὲρ
3484 4238 3643 4311 ἡμῶν,
3668 4231 3756 4286 καί·

2236 4363 2317 4398 τοι
2345 4344 2442 4398 κα)⁸
2468 4344 2575 4414 πρὸ
2600 4345 2816 4407 τούτου,
2851 4342 2946 4395 καὶ
2971 4342 3057 4394 ἀεὶ
3084 4340 3287 4413 Κύριος
3314 4340 3389 4393 ὢν
3432 4336 3523 4392 καὶ
3550 4334 3759 4402 δημιουρ·

2237 4439 2332 4506 γδς
2358 4439 2464 4491 τῶν
2492 4436 2761 4509 οὐρανῶν,
2800 4436 2942 4505 ὑπὲρ
2967 4437 2999 4506 ἡ
3010 4435 3125 4505 μῶν
3167 4437 3272 4507 ἄρα
3306 4437 3404 4489 καί
3431 4433 3490 4485 τὸ
3518 4421 3758 4493 ὑπερυψιιι·

2242 4530 2400 4604 ϐῆναι
2452 4530 2547 4584 νῦν
2582 4531 2917 4601 γέγραπται.
2981 4530 3091 4580 Καὶ
3149 4528 3343 4599 ὥσπερ
3393 4521 3551 4585 αὐτὸς
3595 4515 3758 4569 πάντας

2244 4627 2487 4694 ἁγιάζων
2516 4625 2663 4693 λέγει
2698 4625 2862 4679 πάλιν
2894 4625 2973 4695 τῷ
3022 4625 3218 4694 Πατρὶ,
3252 4621 3447 4676 ἑαυτὸν
3490 4614 3616 4682 ὑπὲρ
3639 4604 3755 4695 ἡμῶν

2245 4720 2513 4787 ἀγιάζειν,
2547 4718 2643 4788 οὐχ
2697 4717 2781 4769 Eva
2830 4694 2984 4785 ἅγιος
3030 4717 3057 4768 ὁ
3108 4716 3278 4782 Λόγος
3304 4714 3548 4782 γένηταιν
3577 4694 3756 4788 “rm

2242 4814 2405 4877 αὐτὸς
2440 4815 2497 4865 ὲν
2541 4811 2721 4881 ἐαυτῷ
2768 4811 2977 4883 ἁγιάσῃ
3020 4809 3229 4871 πάντας
3275 4808 3466 4877 ἡμᾶς’
3500 4797 3650 4855 οὕτως
3677 4787 3755 4883 όρα

2241 4910 2335 4961 καὶ
2364 4906 2424 4959 τὸ
2455 4906 2550 4958 νῦν
2585 4905 2898 4972 λεγόμενον,
2951 4902 3311 4971 ὑπερύψωσεν
3341 4899 3518 4959 αὑτὸν,
3570 4889 3652 4955 οὐχ
3691 4881 3754 4933 ἶνα

2246 5001 2411 5063 αὐτὸς
2440 4998 2648 5069 ὑψωθῇ,
2685 4997 2909 5067 ὕψιστος
2931 4997 3039 5068 γάρ
3065 4997 3236 5058 ἐστιν,
3272 4993 3388 5047 ἀλλ’
3418 4991 3501 5043 ἵνα
3528 4980 3668 5069 αὐτὸς
3682 4972 3752 5043 μὲν

2246 5094 2387 5163 ὑπὲρ
2415 5092 2571 5163 ἡμῶν
2591 5067 2909 5159 δικαιοσύνη
2936 5067 3168 5157 γένηται
3196 5124 3213 5151 ,
3245 5086 3406 5155 ἡμεῖς
3431 5080 3485 5133 δὲ
3508 5067 3753 5163 ὑψωθιξμεν

2246 5188 2305 5239 ἐν
2345 5158 2516 5253 αὑτῶ,
2550 5183 2645 5235 καὶ
2687 5183 2769 5244 εἰς
2800 5181 2899 5242 τὰς
2938 5179 3115 5242 πύλας
3148 5177 3476 5243 εἰσέλθωμεν
3503 5166 3597 5219 τῶν
3622 5158 3748 5253 οὖρα·

2245 5281 2373 5345 νῶν,
2412 5251 2478 5340 εξ
2514 5277 2677 5339 αὐτὸς
2705 5275 2868 5329 πάλιν
2900 5273 3043 5343 ὑπὲρ
3083 5270 3240 5343 ἡμῶν
3281 5265 3502 5336 ἀνέῳξε,
3539 5251 3748 5319 λεγόντων

2245 5375 2354 5426 τῶν
2405 5369 2839 5440 προτρεχόντων,
2911 5367 3125 5432 Ἀμιτε
3166 5366 3387 5428 πύλας,
3421 5360 3471 5412 οἱ
3499 5353 3742 5441 ἄρχωνξεςι

2242 5436 2559 5535 {quiia-pacat
2590 5436 2904 5529 ἐπάρϐητε,
2922 5459 3107 5511 πύλαι
3140 5457 3382 5517 ultimm,
3418 5448 3509 5504 καὶ
3533 5436 3743 5535 desisti:

2238 5532 2409 5612 σεται
2457 5560 2489 5611 ὁ
2532 5553 2837 5619 βασιλεὺς
2866 5552 2979 5618 τῆς
3029 5552 3237 5617 δόξης.
3276 5548 3381 5603 Καὶ
3426 5538 3519 5595 ὧδε
3549 5532 3638 5600 γὰρ
3670 5532 3741 5622 aut

2235 5652 2383 5722 αὐτῷ
2404 5647 2541 5719 ἦσαν
2566 5651 2620 5702 αἱ
2660 5648 2821 5699 πύλαι
2849 5647 3255 5713 κεκλεισμέναι,
3281 5638 3461 5710 Κυρίῳ
3484 5630 3565 5683 καὶ
3590 5624 3740 5682 ποιητῐι

2240 5750 2463 5802 πάντων
2510 5746 2627 5797 ὄντι
2651 5760 2663 5772 ·
2698 5743 2835 5795 ἀλλά
2874 5742 2942 5794 δι’
2968 5742 3113 5811 ἡμᾶς
3171 5741 3262 5792 καὶ
3298 5736 3447 5791 τοῦτο
3472 5722 3735 5796 γέγραπται.

2214 5870 2233 5899 ³
2268 5866 2411 5921 1³811.
2459 5864 2710 5930 xmtk7,
2744 5863 2795 5917 9.
