3954 6562
160 394 282 460 357

1147 398 1529 462 PANOPLIA
1570 401 2028 466 DOGMATICA.
2071 429 2140 438 —
2178 403 2323 465 TlT.
2369 405 2474 464 Χῐ.

3361 411 3468 481 358

159 501 257 568 οἷς
295 501 370 576 ἦν
401 505 434 574 ἡ
460 500 601 574 θύρα
627 504 721 557 τοῦ
752 505 1082 576 παραδείσου
1118 509 1502 579 κεκλεισμένη.
1549 511 1639 561 At?)
1672 510 1762 563 καὶ

1869 509 2066 564 dicitur
2098 511 2132 565 :‘
2152 510 2216 564 Et
2233 514 2464 567 introibit
2489 513 2595 567 Rea
2613 514 2814 584 gluriw.
2845 514 2919 569 Ac
2943 516 3211 584 ejusmodi
3237 521 3456 590 quidem

161 596 545 666 ἀνθρωπίνως
584 597 707 666 μὲν,
751 596 821 651 δι’
865 597 933 669 ἦν
983 599 1215 670 ἐφόρεσε
1279 601 1479 672 σάρκα,
1544 601 1760 669 λέγεται

161 689 313 756 περὶ
341 689 508 742 αὐτοῦ
536 689 596 742 τὸ
631 691 836 758 Ἄρατε
868 692 1090 758 πύλας,
1123 693 1218 744 καὶ
1244 693 1303 745 τὸ
1323 693 1760 756 εἰσελεύσεται,

161 779 247 843 ὡς
297 780 592 848 ἀνθρώπου
639 783 1052 854 εἰσερχομένου.
1095 785 1305 846 Θεῖκῶς
1337 785 1393 838 δὲ
1438 785 1604 838 πάλιν
1634 785 1762 854 περὶ

163 870 352 925 αὐτοῦ
376 873 770 941 λέγεταινὲπεὶ
802 876 897 928 καὶ
929 875 1061 938 Θεός
1091 878 1240 930 ἐστιν
1267 879 1294 930 ό
1323 879 1518 946 Λόγος.
1547 873 1760 932 ὅτιοῦ-

164 963 280 1028 τός
299 962 438 1018 ἐστι
463 967 699 1033 Κύριος,
730 967 824 1021 καὶ
849 967 1151 1033 βασιλεὺς
1169 967 1278 1037 τῆς
1301 970 1509 1036 δόξης.
1547 969 1662 1036 Τὴν
1705 968 1762 1020 δὲ

163 1058 443 1127 τοιαύτην
491 1058 791 1129 λεγομένην
831 1060 911 1123 είς
941 1063 1092 1130 ἡμᾶς
1127 1061 1336 1130 ὕψωσιν
1385 1057 1761 1130 προανεφώνει

164 1147 234 1198 τὸ
270 1146 504 1216 Πνεῦμα
534 1149 592 1200 ὲν
621 1147 965 1220 ὀγδοηκοστῷ
994 1149 1194 1220 ψαλμῷ
1229 1151 1408 1217 λέγον,
1446 1149 1552 1204 Καὶ
1586 1149 1657 1202 ἐν
1685 1146 1761 1216 τῇ

166 1239 545 1311 δικαιοσύνῃ
589 1256 706 1296 σου
751 1243 1202 1311 ὑψωθὴσονται.
1253 1243 1313 1295 El
1347 1242 1402 1296 δὲ
1445 1240 1759 1311 δικαιοσύνη

165 1333 333 1384 ἐστὶν
358 1334 384 1385 ό
416 1333 564 1398 Υίὺς,
600 1333 701 1387 οὐκ
737 1334 847 1404 ἄρα
886 1334 1048 1396 αὑτός
1093 1335 1244 1386 ἐστιν
1279 1333 1355 1397 ὡς
1385 1332 1568 1402 ἐνδεὴς
1601 1332 1762 1402 ύψού-

170 1443 371 1495 μενος,
407 1425 523 1478 ἀλλ’
560 1427 723 1495 ἡμεῖς
773 1429 940 1496 ἐσμεν
975 1428 1022 1478 cl
1050 1429 1115 1496 τῇ
1149 1425 1466 1496 δικαιοσύνῃ
1516 1424 1760 1495 ὖψούμε-

166 1535 280 1580 νοι,
324 1518 444 1588 ητις
491 1519 638 1571 ἐστὶν
696 1519 878 1582 αὑτός.
911 1519 1021 1576 Καὶ
1047 1519 1156 1590 γὰρ
1180 1519 1272 1572 καὶ
1310 1520 1370 1573 τὸ
1404 1519 1761 1586 Ἐχαρίσατο

163 1608 344 1674 αὐτῷ
376 1611 436 1663 οὐ
477 1611 564 1664 διὰ
591 1610 683 1663 τὸν
723 1611 895 1678 Λόγον
934 1613 1245 1682 γέγραπται
1272 1626 1286 1641 ⁸
1323 1607 1390 1683 ἦν
1420 1611 1527 1681 γὰρ
1561 1612 1753 1676 πάλαι,

165 1701 274 1751 καὶ
302 1701 435 1768 πρὶν
462 1701 690 1771 γένηται
714 1701 1023 1768 ἅνθρωπος,
1049 1703 1542 1772 προσκυνούμενος,
1570 1701 1759 1771 ὥσπερ

163 1792 393 1845 ἄνωθεν
439 1794 687 1864 εἴπομεν,
725 1791 832 1848 ὑπὸ
881 1795 1128 1863 ἀγγέλων
1175 1795 1271 1848 καὶ
1312 1795 1494 1863 πάσης
1524 1794 1758 1856 κτίσεως

1867 603 1936 658 de
1967 604 2532 661 nobisexaltationem
2553 608 2786 676 Spiritus
2820 617 3043 663 sanctus
3070 615 3463 678 praenuntiavit

1865 693 1918 747 in
1939 695 2278 763 octogesimo
2313 697 2526 752 Psalmo
2555 715 2574 752 :
2605 699 2669 752 Et
2708 704 2760 752 in
2795 700 2999 766 iustitia
3031 711 3142 769 tua,
3182 703 3460 774 inquiens.

1864 785 2266 841 exaltabuntur.
2298 786 2451 853 Quod
2479 790 2522 842 si
2555 789 2667 859 ipse
2703 789 2870 844 Filius
2896 793 3108 860 justitia
3166 807 3270 859 est,
3341 811 3453 850 non

1865 876 2052 945 utique
2098 886 2353 947 tanquam
2394 878 2552 947 inops
2586 889 2668 933 est
2702 881 2995 945 exaltatus,
3035 882 3129 936 sed
3192 898 3292 936 nos
3349 899 3450 952 per

1858 970 2304 1040 justi:iam,quaa
2352 971 2470 1041 ipse
2530 981 2636 1038 est,
2693 972 2908 1026 exaltati
2970 989 3178 1029 sumus.
3237 974 3372 1028 Nam
3406 990 3461 1044 et

1865 1060 1998 1116 illud
2027 1101 2043 1126 ,
2072 1060 2135 1114 Et
2173 1061 2382 1116 donavit
2409 1062 2510 1124 illi,
2543 1077 2654 1117 non
2690 1074 2911 1132 propter
2937 1063 3170 1118 Verbum
3194 1067 3457 1136 scriptum

1865 1160 1973 1206 est.
2009 1152 2124 1206 Jam
2164 1155 2390 1208 enimet
2429 1165 2554 1210 ante
2609 1172 2770 1224 quam
2827 1155 2994 1222 fieret
3028 1157 3211 1218 homo,
3275 1167 3332 1212 et
3387 1157 3458 1214 ab

1863 1245 2152 1315 angelis,et
2174 1251 2241 1301 ab
2260 1247 2513 1303 omnibus
2545 1249 2708 1304 rebus
2741 1249 3038 1318 procreatis
3067 1250 3135 1303 ob
3157 1258 3444 1318 paternam

1869 1342 2287 1409 preprietalem,
2314 1351 2371 1396 ut
2401 1343 2666 1407 diximus,
2701 1344 3064 1397 adorabatur:
3096 1343 3190 1398 sed
3238 1354 3460 1413 propter

1869 1444 1992 1492 nos,
2035 1439 2089 1484 et
2119 1447 2216 1500 pro
2245 1432 2426 1495 nobis,
2467 1433 2570 1488 hoc
2601 1434 2728 1487 item
2773 1433 2977 1487 dictum
2996 1433 3202 1503 deipso
3219 1433 3458 1488 cst.Ete-

1862 1521 1974 1575 nim
2005 1521 2257 1578 Christus
2284 1525 2740 1592 quemadmodum
2775 1534 2833 1579 ut
2888 1525 3050 1578 homo
3090 1535 3146 1578 et
3201 1535 3456 1580 mortuus

1862 1623 1916 1668 et
1942 1614 2208 1668 exaltatus
2237 1625 2342 1680 est,
2368 1616 2446 1669 sic
2473 1615 2636 1669 etiam
2664 1627 2720 1669 nt
2771 1616 2935 1670 bono
2987 1617 3186 1671 dicitur
3208 1618 3457 1685 accipere

1860 1704 2102 1776 id,quod
2157 1722 2373 1777 semper
2413 1709 2647 1762 habebat
2678 1722 2736 1762 ut
2771 1710 2933 1774 Deus,
2966 1719 3021 1761 ut
3043 1709 3212 1780 gratia
3246 1710 3368 1764 data
3401 1710 3453 1764 in

1860 1813 1962 1852 nos
1996 1801 2322 1867 perveniret.
2354 1801 2472 1854 Non
2525 1801 2671 1855 enim
2711 1801 3057 1856 imminutum
3096 1811 3178 1857 est
3208 1801 3450 1858 Verbum

165 1885 322 1936 κατὰ
359 1885 460 1954 τὴν
506 1885 787 1956 Πατρικὴν
845 1886 1087 1956 ἰδιότητα
1123 1902 1138 1918 ⁸
1167 1886 1302 1939 ἀλλὰ
1347 1885 1416 1940 δι’
1448 1886 1618 1956 ἡμᾶς,
1662 1884 1760 1938 καὶ

1866 1903 2071 1959 corpus
2107 1905 2411 1953 assumens,
2442 1899 2498 1944 ut
2526 1891 2626 1945 sibi
2685 1892 2910 1962 gratiam
2970 1893 3300 1962 acquirctet,
3355 1893 3454 1948 sed

166 1977 323 2046 ὑπὲρ
353 1976 512 2046 ἡμῶν
547 1977 708 2031 πάλιν
735 1979 954 2050 εἴρηται
979 1978 1139 2032 τοῦτο
1174 1980 1301 2049 περὶ
1330 1977 1518 2032 αὐτοῦ.
1549 1979 1756 2050 Ὠσπερ

166 2069 286 2137 γὰρ
332 2069 408 2134 ὡς
457 2069 745 2140 ἄνθρωπος
793 2072 820 2124 ὁ
864 2071 1096 2141 Χριστὸς
1138 2070 1401 2134 ἀπέθανε,
1450 2071 1546 2124 καὶ
1592 2071 1758 2142 ὑπερ-

168 2161 397 2232 υψώθη,
453 2161 626 2224 οὕτως
683 2163 758 2226 ὡς
816 2163 1103 2234 ἄνθρωπος
1155 2163 1375 2231 λέγεται
1433 2149 1781 2234 ὶαμϐάνειν,’

167 2257 318 2326 ὅπερ
346 2252 497 2326 εἶχεν
529 2257 615 2310 ἀεὶ
649 2257 724 2318 ὡς
775 2257 925 2320 Θεὸς.
979 2257 1046 2309 ἵν’
1081 2260 1159 2320 εἰς
1192 2260 1338 2328 ἡμᾶς
1377 2258 1559 2331 φθάσῃ
1605 2261 1693 2311 καὶ
1724 2260 1756 2328 ἡ

171 2350 407 2419 τοιαύτη
457 2349 675 2403 δοθεῖσα
720 2351 900 2421 χάρις.
948 2351 1022 2404 Οὐ
1055 2350 1162 2419 γὰρ
1208 2350 1496 2420 ἠλαττώοη
1530 2353 1557 2403 ό
1587 2351 1758 2417 Λόγος

175 2441 342 2510 σῶμα
398 2441 603 2506 λαϐὼν,
639 2443 725 2496 ἵνα
772 2446 866 2497 καὶ
907 2443 1068 2515 χάριν
1111 2443 1326 2516 ζητήσῃ
1373 2442 1580 2506 λαϐεῖν,
1621 2444 1760 2497 άλλά

173 2537 383 2605 μᾶλὶον
419 2537 516 2590 καὶ
546 2538 919 2609 ὲθεοποίησεν,
956 2539 1094 2610 ὅπερ
1125 2540 1436 2602 ἐνεδύσατο,
1470 2539 1564 2590 καὶ
1593 2538 1758 2592 πλέον

170 2631 477 2701 ἐχαρίσατο
507 2631 584 2700 τῷ
632 2633 779 2698 γένει
829 2631 937 2686 τῶν
973 2631 1279 2702 ἀνθρώπων
1331 2629 1507 2683 τοῦτο.
1549 2631 1774 2700 Ὠσπερ

171 2720 288 2792 γὰρ
323 2719 413 2772 ἀεὶ
439 2723 831 2791 προσεκυνεῖτο
868 2722 1041 2790 Λόγος
1073 2721 1172 2783 ὢν,
1203 2721 1298 2774 καὶ
1325 2724 1381 2773 ἐν
1412 2722 1595 2791 μ’ρφῇ
1623 2719 1758 2772 Θ;οῦ

174 2811 468 2882 ὑπάρχων,
499 2813 672 2875 οὕτως
711 2814 738 2865 ὁ
767 2813 928 2878 αὐτὸς
957 2811 1052 2877 ὣν,
1088 2813 1182 2866 καὶ
1213 2813 1502 2883 ἄνθρωπος
1533 2811 1759 2880 γενόμε-

174 2919 267 2965 νος
295 2903 522 2972 κληθείς
547 2921 608 2958 τε
650 2905 879 2976 Ἰησοῦς,
911 2903 1066 2960 οὐδὲν
1091 2900 1255 2978 ἦττον
1295 2905 1410 2975 ἔχει
1441 2906 1621 2958 πᾶσαν
1651 2904 1758 2957 ὑπὸ

173 2996 350 3060 πόδας
373 2998 474 3065 τὴν
499 2998 695 3064 κτίσιν,
714 2999 804 3052 καὶ
833 2999 892 3052 ὲν
914 2997 1088 3070 τούτῳ
1111 2997 1188 3069 τῷ
1211 2997 1436 3068 ὀνόματι
1464 2997 1532 3050 τὰ
1559 2999 1758 3065 γόνατα

176 3087 548 3157 κάμπτουσαν
576 3089 745 3160 αὐτῷ.
777 3091 871 3144 καὶ
903 3088 1427 3160 ὲξομολογουμένην,
1457 3091 1539 3144 ὅτι
1575 3092 1668 3144 καὶ
1698 3091 1758 3143 τὸ

1861 1981 2062 2050 potius,
2099 1990 2156 2035 nt
2187 1982 2330 2046 quod
2369 1982 2621 2036 induerat
2652 1998 2872 2052 corpus,
2900 1979 3148 2037 divinum
3173 1981 3453 2040 redderet.

1860 2071 1995 2126 lllud
2027 2077 2206 2126 autem
2233 2074 2472 2127 humano
2498 2076 2680 2143 generi
2717 2075 2956 2139 donavit,
3009 2084 3066 2129 ut
3092 2078 3455 2145 quemadmo-

1859 2163 1987 2218 dum
2023 2163 2257 2220 Verbum
2288 2177 2341 2219 et
2377 2167 2429 2218 in
2461 2165 2631 2220 forma
2669 2165 2762 2219 Ουὶ
2813 2169 3084 2222 exsistens
3103 2168 3454 2234 adorabatur,

1859 2257 2332 2312 sicetiamfactutii
2357 2259 2537 2321 homo,
2557 2269 2916 2326 vocntnmque
2949 2259 3134 2321 Jesus,
3165 2261 3447 2314 nihilomi-

1861 2366 1963 2404 nus
1993 2367 2078 2406 res
2103 2366 2291 2406 omnes
2318 2361 2628 2421 procreatas
2650 2353 2750 2406 sub
2781 2353 3008 2421 pedibus
3053 2353 3280 2422 positas,
3304 2365 3356 2408 et
3381 2369 3450 2410 eo

1861 2445 2082 2498 nomine
2103 2459 2278 2513 genua
2295 2444 2396 2498 sibi
2427 2443 2727 2506 ﬂectentes,
2767 2460 2931 2514 seque
2951 2446 3320 2501 collaudantes
3353 2450 3454 2501 ha-

1862 2539 2034 2590 beret.
2074 2538 2149 2591 Ex
2192 2552 2256 2591 eo
2289 2537 2458 2605 enim,
2518 2538 2662 2607 quod
2702 2537 2932 2591 Verbum
2967 2553 3094 2592 caro
3127 2537 3328 2591 factum
3365 2546 3452 2592 est

1859 2639 1912 2682 et
1952 2639 2180 2683 mortem
2227 2629 2280 2683 in
2319 2644 2481 2682 carne
2513 2628 2752 2695 pertulit,
2782 2629 2986 2682 nullum
3017 2629 3080 2682 ad
3112 2628 3454 2682 divinitatem

1859 2723 2092 2776 dedecus
2151 2722 2416 2790 pervenit,
2473 2721 2566 2774 sed
2591 2722 2756 2791 gloria
2806 2721 2988 2790 potius
3016 2721 3082 2774 ad
3121 2720 3454 2774 Patrem.Si-

1857 2813 2072 2882 quidem
2091 2813 2262 2881 gloria
2293 2812 2469 2866 Patris
2493 2820 2597 2872 est,
2628 2812 2864 2865 uthomo
2882 2812 2974 2882 qui
3001 2813 3234 2882 perierat
3264 2813 3456 2868 inven-

1861 2914 1946 2960 tus
1966 2906 2056 2971 sit,
2083 2913 2136 2960 et
2166 2907 2258 2974 qui
2290 2913 2538 2960 mortuus
2569 2914 2705 2970 erat,
2741 2906 2812 2960 sit
2865 2905 2918 2958 in
2940 2904 3102 2958 vitam
3158 2915 3450 2962 revocatus

1859 3006 1914 3052 et
1934 2995 2022 3051 Dei
2046 2996 2302 3064 templum
2321 2995 2738 3062 evaserit.Quod
2759 3008 2937 3051 autem
2963 2996 3273 3059 Dominum,
3291 3012 3454 3068 quem

1858 3088 2088 3143 virtutes
2117 3089 2218 3142 illa:
2244 3089 2495 3143 cmlestes
2510 3104 2725 3158 semper
2756 3089 3078 3154 adorabant,
3107 3106 3253 3146 nunc
3283 3089 3448 3144 etiam

177 3183 440 3250 γενέσθαι
469 3183 648 3252 σάρκα
677 3183 770 3238 τδν
801 3183 994 3250 Λόγον,
1043 3183 1140 3236 καὶ
1184 3184 1414 3238 θάνατον
1461 3183 1755 3252 ὑπομεῖναι

1865 3177 2094 3231 adorent
2128 3176 2181 3230 in
2220 3176 2442 3230 nomine
2465 3175 2616 3237 Jesu.
2639 3189 2825 3230 nastta
2843 3178 2957 3232 hzec
2977 3187 3061 3232 est
3093 3178 3261 3248 gloria
3282 3189 3447 3248 atque

179 3275 351 3346 σαρκὶ
381 3275 482 3330 οὐκ
505 3276 599 3327 ἐπ’
630 3273 816 3346 ἀδοξίᾳ
861 3278 958 3344 τῆς
1005 3274 1262 3344 Θεότητος
1301 3273 1464 3328 αὐτοῦ
1501 3275 1750 3344 γέγονεν,

176 3367 296 3423 ἀλλ’
329 3370 410 3432 είς
439 3367 597 3434 δόξαν
623 3366 760 3421 Θεοῦ
807 3366 1043 3436 Πατρός.
1087 3366 1226 3431 Δόξα
1265 3365 1320 3420 δὲ
1364 3367 1578 3436 Πατρός
1615 3366 1754 3432 ἐστι,

176 3463 273 3516 τὸν
325 3461 626 3530 γενόμενον
673 3459 963 3530 ἄνθρωπον
1010 3461 1103 3512 καὶ
1149 3457 1486 3528 ἀπολόμενον
1532 3457 1763 3529 εὐρεθῆ-

178 3571 292 3615 ναι,
337 3553 436 3604 καὶ
461 3551 808 3622 νεκρωθέντα
859 3549 1287 3620 ζωοποιηθῆναι,
1327 3552 1422 3604 καὶ
1461 3550 1587 3602 ναὸν
1612 3551 1766 3619 γενέ-

180 3645 306 3698 σθαι
335 3645 494 3699 Θεοῦ.
518 3645 625 3698 Καὶ
658 3647 766 3716 γὰρ
789 3643 1012 3697 καὶτῶν
1065 3645 1123 3696 ὲν
1183 3644 1431 3714 οὐρανοῖς
1481 3643 1766 3712 δυνάμεων

1782 3227 1826 3286 C

1859 3269 2110 3324 exaltatio
2131 3309 2145 3332 ,
2164 3279 2218 3323 et
2241 3268 2383 3338 quod
2407 3267 2499 3323 Dei
2521 3268 2690 3324 Filius
2712 3269 2874 3324 etiam
2891 3271 3056 3325 homo
3073 3270 3455 3326 l'actuscolitur

1863 3374 1920 3417 et
1947 3363 2203 3417 aduratur
2230 3362 2298 3416 ab
2329 3360 2460 3431 ipsis
2495 3362 2791 3417 virtutibus
2817 3363 3155 3426 caelestibus,
3189 3379 3312 3432 quae
3342 3379 3448 3420 nos

1867 3465 2150 3512 consortes
2188 3455 2329 3524 ejus,
2360 3464 2415 3508 et
2433 3470 2599 3508 unum
2631 3456 2889 3524 cumipso
2907 3471 3110 3526 corpus
3140 3455 3367 3512 eﬂectos
3394 3463 3454 3511 et

1871 3547 1925 3602 in
1955 3546 2070 3600 loca
2109 3563 2204 3600 sua
2240 3546 2582 3601 introductos
2615 3561 2723 3601 non
2757 3547 2965 3601 alienos
2995 3556 3090 3602 aut
3133 3548 3452 3619 peregrinos

1875 3639 2282 3693 existimabunt.

180 3741 268 3791 ἀεὶ
296 3739 397 3807 μὲν
435 3737 861 3806 προσκυνουσῶν
889 3738 1054 3791 αὑτὸν
1077 3777 1092 3802 ,
1127 3735 1551 3808 προσκυνουσῶν
1573 3734 1631 3787 δὲ
1671 3734 1764 3787 καὶ
1791 3730 1884 3785 νῦν
1910 3731 1966 3781 ὲν
1987 3729 2065 3798 τῷ
2095 3728 2323 3795 ὀνόματι
2364 3726 2539 3797 Ἰησοῦ
2573 3730 2666 3781 τὸν
2703 3727 2927 3798 Κύριον,
2947 3729 3107 3798 ἡμῶν
3143 3729 3290 3781 ἔστιν
3307 3727 3447 3798 αὕτη

182 3831 214 3900 ἡ
240 3831 424 3901 χάρις,
455 3831 546 3882 καὶ
574 3828 929 3900 ὑπερύψωσις
957 3829 1039 3883 ὅτι
1065 3845 1124 3882 τε
1157 3829 1248 3882 καὶ
1273 3828 1562 3899 ἄνθρωπος
1590 3825 1879 3897 γενόμενος
1901 3823 2280 3893 προσκυνεῖται
2320 3822 2348 3874 ό
2376 3821 2467 3873 τοῦ
2496 3821 2798 3891 ΘεοῦιΥἱὸς,
2833 3822 2925 3874 καὶ
2954 3821 3016 3874 οὐ
3044 3820 3450 3892 ξενισθήσοντα·

179 3923 236 3975 αἱ
265 3921 517 3992 οὐράνιαι
544 3920 821 3991 δυνάμεις,
843 3922 1272 3991 βλέπουσαιτοῦς
1307 3920 1627 3992 συσσὼμους
1665 3918 1898 3980 ἐκείνους
1931 3915 2138 3979 πάντας
2176 3916 2324 3985 ἡμᾶς
2351 3914 2734 3985 είσαγομένους
2770 3917 2849 3977 είς
2876 3914 2974 3978 τὰς
3003 3914 3184 3986 χώρας
3213 3915 3444 3970 ἑαυτῶν.

618 4015 719 4070 Ἐκ
757 4015 864 4069 τοῦ
897 4015 1085 4070 αὑτοῦ
1123 4017 1332 4085 λόγου.
1654 4050 1658 4054 -

254 4108 318 4161 Εί
342 4107 432 4161 διὰ
455 4107 515 4160 τὸ
544 4107 968 4178 προσκυνεῖσθαι
999 4109 1054 4159 ὲν
1081 4107 1157 4177 τῷ
1191 4106 1390 4176 ψαλμῷ
1417 4147 1432 4172 ,
1460 4105 1563 4159 Διὰ
1588 4101 1766 4159 τοῦτο

181 4199 394 4268 ἐχρισέ
413 4213 488 4252 σε
518 4200 551 4251 ό
590 4197 734 4263 Θεὸς
759 4200 791 4251 d
818 4196 961 4263 Θεός
982 4211 1122 4261 σου,
1162 4197 1226 4249 ὲκ
1252 4197 1349 4265 τῆς
1378 4195 1464 4247 διὰ
1488 4193 1649 4247 τοῦτο
1675 4192 1767 4245 λέ-

185 4295 326 4358 ξεως
365 4293 638 4362 πρόφασιν
674 4291 838 4344 πάλιν
869 4291 1081 4352 ἑαυτοῖς
1115 4291 1195 4351 εἰς
1225 4287 1261 4342 ἃ
1303 4287 1582 4358 βούλονται
1614 4285 1768 4356 πορί-

187 4383 373 4446 ζονται
399 4398 414 4413 ο
448 4381 743 4452 γνώτωσαν
775 4383 822 4435 οί
850 4380 958 4434 τῶν
990 4380 1222 4452 Γραφῶν
1255 4378 1507 4448 ἀμαθεῖς,
1542 4379 1634 4430 καὶ
1663 4377 1765 4446 τῆς

187 4473 443 4537 ἁσεὸείας
483 4474 793 4542 ἑφευρεταῖ,
837 4473 1052 4540 ὃτιζκαὶ
1084 4471 1318 4526 ἐνταῦθα
1365 4469 1525 4524 πάλιν
1564 4467 1622 4522 τὸ
1665 4469 1764 4524 διὰ

189 4564 365 4619 τοῦτο
413 4564 474 4617 ού
519 4563 708 4633 μισθὸν
748 4563 950 4634 ἀρετῆς
994 4565 1029 4635 ἢ
1079 4561 1331 4634 πράξεως
1374 4559 1629 4631 σημαίνει
1671 4559 1763 4612 τοῦ

190 4655 389 4724 Λόγου,
423 4654 560 4708 ἀλλὰ
583 4654 645 4708 τὸ
670 4655 842 4708 αἴτιον
870 4652 1034 4707 πάλιν
1066 4653 1164 4721 τῆς
1195 4653 1274 4715 είς
1298 4652 1444 4720 ἡμᾶς
1474 4648 1638 4702 αὐτοῦ
1667 4667 1765 4704 κα-

191 4746 343 4800 θόδου
369 4785 386 4810 ,
419 4747 513 4800 καὶ
547 4748 646 4818 τῆς
677 4745 818 4816 ὑπὲρ
853 4745 1010 4816 ἡμῶν
1055 4746 1134 4803 εἰς
1165 4744 1327 4796 αὐτὸν
1360 4745 1650 4812 γινομένης
1675 4741 1765 4794 τοῦ

193 4836 509 4906 Πνεύματος
530 4837 785 4906 χρίσεως.
806 4836 879 4887 ού
903 4834 1008 4904 γάρ
1029 4829 1173 4897 εἷπε,
1188 4835 1286 4886 Διὰ
1304 4832 1460 4885 τοῦτο
1481 4831 1664 4901 ἔχρισέ
1683 4848 1766 4895 σε,

192 4927 283 4979 ἵνα
314 4927 445 4996 γένῃ
490 4925 645 4988 Θεὸς,
677 4925 710 4996 ἢ
757 4924 904 4987 Υἱὸς,
944 4923 976 4992 ἢ
1017 4922 1191 4990 Λόγος
1217 4936 1231 4951 ο
1267 4916 1335 4989 ἧν
1381 4919 1490 4987 γὰρ
1520 4920 1612 4972 καὶ
1663 4917 1769 4988 πρὸ

193 5015 409 5080 τούτου,
438 5017 532 5069 καὶ
558 5015 706 5068 ἐστιν
735 5015 845 5079 ἀεὶ,
870 5012 1121 5081 καθάπερ
1145 5011 1411 5065 δέδεικται
1439 5025 1449 5036 ·
1477 5008 1610 5061 ἀλλὰ
1635 5007 1770 5079 μᾶλ-

193 5109 305 5173 λον,
341 5109 561 5178 Ἐπειδὴ
609 5107 740 5170 Θεὸς
783 5102 852 5176 ἧς
899 5107 995 5158 κα)⁵
1040 5105 1311 5176 βασιλεὺς,
1345 5104 1430 5156 διὰ
1473 5102 1629 5156 τοῦτο
1675 5103 1768 5156 καὶ

192 5198 473 5270 ιχρίσθης.
531 5199 683 5250 Ἐπεὶ
725 5197 844 5250 οὐδὲ
873 5196 1034 5251 ἄλλου
1061 5191 1127 5266 ἦν
1172 5193 1406 5263 συνάψαι
1436 5193 1525 5245 τὸν
1555 5191 1766 5263 ἀνορω-

197 5308 300 5346 πον
340 5289 417 5360 τῷ
449 5289 725 5359 Πνεύματι
757 5287 836 5359 τῷ
869 5287 1009 5359 ἁγίῳ
1042 5287 1075 5357 ἢ
1126 5285 1244 5354 σοῦ,
1296 5286 1394 5356 τῆς
1431 5285 1639 5347 εἰκόνος
1670 5282 1764 5338 τοῦ

196 5380 428 5452 Πατρός,
472 5377 592 5432 καθ’
617 5380 684 5448 ῆν
713 5379 804 5430 καὶ
838 5377 896 5442 ἐξ
935 5376 1108 5448 ἀρχῆς
1156 5374 1481 5443 γεγόναμεν.
1522 5372 1623 5426 Σοῦ
1659 5373 1764 5443 γάρ

194 5475 308 5526 ἐστι
337 5475 433 5526 καὶ
463 5471 525 5525 τὸ
565 5470 813 5539 Πνεῦμα.
837 5469 958 5522 Τῶν
992 5468 1090 5538 μὲν
1118 5471 1228 5538 γὰρ
1258 5467 1501 5537 γενητῶν
1530 5467 1562 5535 ὴ
1603 5468 1764 5533 φύσις

192 5564 293 5617 οὐκ
322 5559 388 5633 ἢν
413 5561 724 5628 ἀξιόπιστος
751 5561 830 5623 είς
854 5558 1034 5622 τοῦτο,
1065 5557 1313 5625 ἀγγέλων
1347 5556 1447 5624 μὲν
1484 5555 1762 5626 παραϐάν-

193 5674 320 5720 των,
357 5654 664 5724 ἀνθρώπων
689 5652 744 5705 δὲ
780 5651 1270 5722 παρακουσὰντων.
1308 5649 1406 5702 Διὰ
1434 5647 1596 5702 τοῦτο
1624 5645 1760 5700 Θεοῦ

266 5822 278 5850 ¹
315 5816 455 5870 Psal.
488 5831 635 5875 λων,
668 5817 720 5878 8,

2428 4005 2512 4061 Ea:
2543 4008 2726 4062 eodem
2750 4007 2904 4061 libro.

1955 4099 2036 4166 Si,
2064 4098 2322 4169 quoniam
2364 4099 2420 4153 in
2457 4100 2668 4170 psalmo
2699 4101 2963 4170 scriptum
3001 4107 3085 4154 est
3116 4115 3128 4150 :
3154 4097 3446 4168 Propterea

1863 4190 2018 4242 unxit
2051 4199 2100 4242 te
2128 4187 2288 4253 Deus,
2323 4187 2465 4242 Deus
2500 4199 2622 4242 tuus
2645 4189 2693 4252 ί,
2731 4188 3073 4242 occasionem
3116 4187 3180 4242 ad
3207 4204 3292 4253 ea,
3325 4204 3448 4258 quae

1863 4279 2056 4333 volunt
2098 4278 2467 4333 conﬁrmanda
2517 4293 2583 4331 ex
2624 4277 2710 4331 his
2741 4277 2924 4332 verbis
2976 4277 3272 4348 arripiunt,
3324 4279 3446 4332 ani-

1870 4370 2214 4424 madvertant
2269 4370 2524 4423 homines
2587 4368 2999 4438 Seripturarum
3057 4370 3333 4439 imperiti,
3387 4379 3444 4425 et

1872 4462 2172 4531 impietatis
2202 4461 2538 4522 inventores,
2591 4460 2679 4515 hic
2705 4477 2923 4516 rursum
2957 4477 3068 4516 non
3107 4461 3266 4516 Verbi
3297 4476 3446 4530 pra:-

1871 4554 2039 4608 mium
2072 4551 2291 4605 virtutis
2337 4550 2652 4612 actionisve,
2702 4550 2795 4604 sed
2858 4549 3159 4604 descensus
3198 4551 3346 4603 illius
3377 4551 3443 4603 ad

1871 4659 1992 4706 nos,
2026 4653 2082 4698 et
2124 4643 2401 4698 unctionis
2431 4641 2668 4711 Spiritus
2707 4640 2762 4694 in
2811 4640 2930 4709 ipso
2966 4655 3064 4710 pro
3101 4640 3257 4694 nobis
3287 4639 3444 4694 factae

1874 4749 2096 4788 causam
2153 4731 2468 4803 significari.
2535 4731 2652 4784 Non
2703 4731 2847 4784 enim
2907 4730 3042 4784 dixit
3090 4747 3103 4783 :
3148 4729 3444 4799 Propterea

1878 4825 2034 4880 unxit
2075 4833 2127 4879 te
2151 4865 2166 4888 ,
2206 4834 2266 4878 ut
2305 4822 2470 4883 Deus.
2503 4833 2595 4876 aut
2637 4821 2746 4876 Rex
2774 4862 2788 4886 ,
2826 4832 2918 4875 aut
2950 4820 3136 4886 Filius,
3180 4831 3274 4874 aut
3313 4820 3420 4875 Ver

1869 4916 2000 4970 bum
2035 4915 2166 4980 ﬁas;
2223 4923 2342 4968 erat
2376 4915 2521 4967 enim
2555 4926 2703 4977 ante,
2737 4923 2792 4966 et
2822 4927 3043 4981 semper
3095 4919 3200 4975 est,
3253 4921 3311 4964 nt
3343 4911 3444 4965 dc-

1866 5007 2238 5072 claravimus;
2285 5007 2380 5060 sed
2451 5005 2654 5075 potius,
2715 5004 2848 5069 Quia
2897 5003 3038 5058 Deus
3087 5018 3165 5065 es,
3203 5010 3258 5056 et
3307 5002 3442 5067 Rex,

1865 5098 2075 5155 idcirco
2101 5107 2158 5152 et
2197 5108 2398 5152 unctus
2422 5113 2504 5151 es.
2551 5096 2819 5162 Quoniam
2853 5112 2962 5150 non
2994 5096 3060 5150 ad
3089 5095 3254 5149 alium
3289 5109 3447 5164 spec-

1867 5189 2031 5250 tabat,
2065 5189 2270 5258 Spiritu
2303 5197 2492 5242 sancto
2511 5188 2785 5243 hominem
2805 5189 3097 5258 intingere,
3134 5187 3237 5240 nisi
3266 5186 3333 5238 ad
3368 5195 3439 5247 te,

1865 5281 1956 5351 qui
2012 5281 2195 5335 Patris
2235 5282 2412 5349 imago
2443 5295 2531 5342 es,
2573 5279 2640 5334 ad
2672 5296 2834 5350 quam
2869 5280 3088 5350 quidem
3149 5277 3438 5346 imaginem

1866 5383 1920 5428 et
1951 5372 2108 5426 initio
2141 5373 2269 5426 facti
2299 5387 2509 5426 sumus.
2539 5371 2688 5424 Tuus
2711 5373 2856 5425 enim
2885 5380 2938 5425 et.
2961 5371 3205 5440 Spiritus
3229 5378 3331 5424 est.
3359 5367 3439 5422 Ex

1865 5461 2030 5517 rebus
2074 5463 2220 5516 enim
2252 5462 2564 5532 procreatis
2607 5461 2754 5521 nulla
2811 5469 2930 5515 erat
2960 5460 3139 5529 digna,
3193 5458 3281 5514 cui
3335 5457 3440 5512 hoc

1865 5569 2062 5608 munus
2085 5557 2545 5619 committeretur,
2581 5568 2703 5607 cum
2735 5561 2790 5608 et
2824 5551 2998 5622 angeli
3055 5549 3438 5619 deliquissent,

1838 5655 1920 5701 -οι
1951 5645 2202 5700 homines
2229 5661 2336 5701 non
2371 5645 2863 5713 obtemperassent.
2890 5632 3238 5712 Quapropter
3268 5641 3437 5697 Deum
