3860 6544
154 416 273 509 εις)

1132 415 1515 477 PANOPLIA
1566 415 2027 480 DOGMATICA.
2061 444 2130 454 -
2159 419 2309 480 Tl'l‘.
2352 420 2459 482 XI.

3318 410 3443 474 3'“)

165 533 381 601 ποίημα
421 530 485 583 ἂν
512 528 619 601 εἴη.
655 531 918 583 Σκοπεῖτε
955 529 1063 601 γὰρ
1098 531 1264 584 πόσον
1295 532 1408 601 ἔχει
1443 532 1646 600 πτῶμα
1679 532 1739 583 τὸ

1865 533 2075 588 'actum.
2130 535 2333 589 Cuncta
2385 553 2500 606 qua:
2537 537 2691 606 ﬁunt,
2746 544 2803 590 ut
2851 535 3025 605 inquit
3057 531 3313 587 Salomon
3368 530 3426 585 in

164 628 344 695 λέγειν
388 627 598 693 ποίημα
638 624 726 676 τὸν
774 624 901 676 Υἱὸν
938 625 1029 676 τοῦ
1063 624 1216 678 Θεοῦ.
1250 625 1412 692 Λέγει
1442 641 1543 676 που
1582 623 1739 675 Σολο-

167 719 281 789 μὼν
308 718 367 769 ἐν
399 715 476 786 τῷ
516 714 918 785 Ἐκκλησιαστῇ
978 716 1060 767 ὅτι
1111 715 1364 784 Σύμπαν
1416 716 1481 768 τὸ
1511 714 1742 781 ποίημα

163 816 197 864 ό
239 807 388 873 Θεὸς
426 808 550 870 ἄξει
594 809 679 872 εἰς
722 805 946 874 κρίσιν.
995 806 1204 859 (ιῦκοῦν
1248 808 1297 859 εί
1346 806 1556 875 ποίημά
1596 806 1742 859 ἐστιν

162 908 191 955 ὁ
222 902 395 968 Λόγος
416 941 431 963 ,
468 900 758 969 ἀχθήσεται
795 900 921 969 παρ’
951 899 1079 967 ὑμῖν
1113 899 1205 951 καὶ
1240 898 1401 962 αὐτὸς
1430 899 1509 961 εἱς
1539 897 1739 967 κρίσιν.

167 994 270 1045 Καὶ
294 991 399 1042 ποῦ
434 990 614 1042 λοιπὸν
644 992 676 1061 ἠ
710 989 909 1059 κρίσις,
937 990 1256 1059 κρινομένου
1288 988 1382 1042 τοῦ
1419 988 1603 1060 κριτοῦ
1632 1006 1645 1054 ;
1680 990 1739 1042 El

168 1084 209 1133 6‘
231 1082 311 1134 ὅτι
334 1082 649 1151 γέγραπται
677 1081 898 1134 πιστὸν
928 1081 1071 1133 ὄντα
1087 1077 1165 1146 τῷ
1190 1079 1513 1150 ποιήσαντι
1534 1079 1740 1141 αὐτὸν,

170 1174 469 1238 σπαράττει
513 1172 675 1226 πάλιν
716 1174 914 1236 αὐτοὺς
957 1172 1115 1227 τοῦτο
1157 1169 1493 1243 νομίζοντας,
1537 1172 1613 1235 ὡς
1649 1172 1744 1225 ἐπὶ

165 1270 383 1321 πάντων
442 1267 696 1335 λέγεσθαι
753 1268 846 1320 καὶ
900 1266 989 1321 ἐπ’
1044 1266 1210 1322 αὐτοῦ
1268 1268 1328 1320 τὸ
1362 1267 1603 1332 πιστὸν,
1661 1267 1755 1319 ἔτι

169 1360 443 1415 πιστεύων
490 1361 767 1430 ἐκδέχεται
810 1361 910 1430 τῆς
959 1361 1196 1423 πίστεως
1245 1362 1336 1413 τὶν
1372 1361 1581 1431 μισθὸν,
1628 1358 1743 1430 ὧραι

171 1453 261 1505 καὶ
303 1453 394 1506 διὰ
444 1453 603 1505 τοῦτο
651 1452 816 1506 πάλιν
868 1453 1064 1515 αὐτοὺς
1114 1452 1365 1521 ἐγκαλεῖν
1412 1455 1602 1506 Μωσεῖ
1646 1456 1743 1523 μὲν

168 1545 413 1612 λέγοντι,
452 1545 599 1611 Θεὸς
633 1544 869 1609 πιστὸς,
902 1543 977 1610 τῷ
1015 1544 1324 1614 Ἀποστὸλῳ
1357 1546 1412 1598 δὲ
1446 1546 1742 1613 γράφοντι,

170 1636 389 1701 Πιστὸς
422 1639 459 1691 ὁ
497 1637 677 1703 Θεὸς,
706 1636 769 1704 ὃς
808 1639 919 1692 οὐκ
952 1638 1117 1692 ἐάσει
1158 1638 1312 1707 ὑμᾶς
1350 1639 1744 1707 πειρασθῆναι

172 1727 316 1797 ὑπὲρ
344 1727 375 1781 ὃ
403 1727 696 1784 δύνασθε.
737 1728 898 1781 ’Λλλὰ
926 1727 1093 1781 ταῦτα
1118 1728 1368 1797 λέγοντες
1397 1730 1444 1780 οἱ
1480 1728 1621 1795 ἅγιοι
1646 1728 1745 1780 οὑκ

174 1819 487 1889 ἀνθρώπινα
543 1820 674 1889 περὶ
721 1817 815 1873 τοῦ
871 1819 1004 1872 Θεοῦ
1051 1819 1419 1873 διανοοῦνται·
1469 1818 1581 1871 ἀλλ’
1632 1819 1743 1886 ἐγί-

173 1926 373 1962 νωσκον
404 1909 628 1963 διπλοῦν
655 1903 792 1964 εἶναι
819 1909 912 1961 τὸν
947 1909 1071 1962 νοῦν
1096 1910 1151 1961 ὲν
1180 1913 1244 1979 τῇ
1276 1911 1467 1979 Γραφῇ
1497 1909 1625 1978 περὶ
1650 1909 1743 1963 τοῦ

175 2001 481 2064 πιστοῦ,τδ
509 2002 607 2069 μὲν
624 2001 696 2064 ὡς
722 2002 996 2064 πιστεῦον,
1019 2004 1077 2053 τὸ
1100 2002 1154 2053 δὲ
1184 2003 1258 2063 ὡς
1279 2002 1592 2066 ἀξιόπιστον
1614 2020 1625 2032 ·
1650 2002 1746 2055 καὶ

172 2096 229 2148 τὸ
270 2095 366 2165 μὲν
421 2094 515 2147 ἐπ’
558 2085 883 2164 ἀνθρώπων,
931 2094 991 2148 τὸ
1043 2095 1100 2148 δὲ
1148 2095 1241 2147 ἐπὶ
1282 2095 1416 2148 Θεοῦ
1464 2097 1744 2167 ἁρμόζειν.

179 2189 364 2252 Πιστὸς
407 2187 544 2256 γοῦν
587 2188 853 2259 ’Λὸραὰμ.
887 2189 990 2253 ὅτι,
1025 2188 1101 2257 τῷ
1136 2189 1381 2242 λαλοῦντι
1413 2190 1746 2243 πεπίστευκε

174 2281 320 2346 Θιῷο
368 2282 564 2344 πιστὸς
612 2282 664 2335 δὲ
712 2282 740 2333 6
782 2281 932 2343 Θεὸς,
974 2284 1056 2335 ὅτι
1100 2282 1283 2345 καθὼς
1323 2282 1513 2351 ψάλλει
1563 2282 1747 2348 Δασιδ,

183 2373 390 2436 Πιστός
419 2373 599 2426 ἐστιν
627 2373 699 2427 ἐν
724 2372 849 2437 τοῖς
880 2374 1083 2443 λόγοις
1110 2374 1296 2428 αὺτοῦ
1326 2380 1358 2430 6
1380 2377 1617 2443 Κύριος,
1655 2381 1749 2432 καὶ

180 2468 490 2532 ἀξιόπιστος
522 2506 537 2530 ,
610 2468 705 2520 καὶ
757 2466 1017 2522 ἀδύνατόν
1069 2470 1185 2522 ἐστι
1239 2469 1569 2538 ψεύσασθαι.
1642 2474 1750 2525 Καὶ

182 2560 236 2610 τὸ
256 2558 562 2627 γεγράφθαι
585 2557 763 2611 τοίνυν
797 2559 983 2611 πιστὸν
1014 2559 1143 2614 ὄντα
1167 2560 1244 2630 τῷ
1272 2564 1560 2632 ποιήσαντι
1590 2564 1752 2617 αὐτὸν

180 2651 234 2699 οὗ
260 2650 390 2719 πρὸς
422 2649 624 2712 ἄλλους
655 2648 763 2720 ἔχει
783 2650 879 2719 τὴν
904 2650 1220 2720 ὁμοιότητα,
1241 2652 1352 2705 οὐδ’
1372 2655 1452 2706 ὅτι
1483 2650 1755 2709 πιστεύων

186 2743 465 2812 εὐάρεστος
515 2742 774 2809 γέγονεν,
813 2742 927 2795 ἀλλ’
970 2743 1053 2796 ὅτι
1098 2744 1224 2807 Υἱὸς
1259 2743 1335 2798 ὢν
1369 2745 1464 2800 τοῦ
1498 2746 1753 2817 ἀληθινοῦ

184 2834 306 2886 Θεοῦ
332 2834 528 2897 πιστός
559 2837 672 2888 ἐστι
702 2835 794 2887 καὶ
818 2835 999 2898 αὐτὸς,
1032 2836 1262 2905 ὀφείλων
1295 2838 1664 2905 πιστεύεσθαι,
1699 2843 1757 2895 ὲν

185 2920 256 2987 οἷς
302 2924 365 2977 ἂν
394 2924 536 2996 λέγῃ
581 2926 675 2979 καὶ
707 2928 858 2995 ποιῇ,
909 2927 1070 2997 αὐτὸς
1117 2928 1385 2999 ἄτρεπτος
1436 2932 1632 3000 μένων,
1664 2932 1757 2985 καὶ

192 3017 257 3085 μὴ
290 3016 674 3088 ἀλλοιούμενος
704 3020 761 3072 ὲν
793 3022 859 3090 τῇ
892 3020 1211 3092 ἀνθρωπίνῃ
1238 3023 1539 3096 οἰκονομίᾳ,
1571 3026 1660 3078 καὶ
1688 3028 1755 3097 τῇ

190 3110 421 3178 ἒνσὰρκῳ
456 3110 756 3181 παρουσίᾳ.
803 3112 876 3164 Οὐ
932 3112 1114 3165 τοίνυν
1154 3112 1222 3166 τὰ
1254 3113 1358 3183 πρὸ
1391 3114 1491 3183 τῆς
1528 3116 1761 3181 κτίσεως

1846 628 2198 695 Ecclesiaste,
2236 629 2372 682 Deus
2408 631 2463 682 in
2483 630 2747 699 judicium
2796 630 3018 682 adducet
3049 628 3087 681 ‘.
3126 624 3307 691 Quare
3365 623 3411 676 si

1848 721 2081 799 Verbum
2107 735 2190 777 est
2223 738 2309 777 res
2339 723 2501 788 facta,
2535 724 2817 777 nobiscum
2853 722 2904 775 in
2931 719 3197 789 judicium
3252 717 3429 773 addu-

1844 827 2023 872 cetur.
2052 816 2271 888 Ecquod
2304 828 2487 871 autem
2530 815 2792 886 judicium
2840 814 2962 877 erit,
3016 814 3062 869 si
3101 812 3264 878 iudex
3310 812 3428 880 ipse

1840 909 2215 982 judicabitur?
2243 908 2394 973 Quod
2427 909 2473 962 si
2511 907 2915 978 perturbantur.
2989 905 3247 974 quoniam
3292 903 3431 957 scri-

1846 1017 1997 1075 ptum
2033 1013 2138 1069 est,
2195 1019 2312 1057 eum
2343 1018 2451 1056 esse
2504 1001 2712 1071 ﬁdelem
2761 1001 2830 1063 ei,
2860 999 2949 1070 qui
2993 999 3112 1069 fecit
3177 996 3429 1067 ipsum’,

1846 1097 1989 1167 quod
2023 1096 2338 1152 existiment
2361 1095 2501 1149 hanc
2530 1108 2744 1158 vocem,
2774 1092 3011 1162 ﬁdelem,
3037 1090 3110 1144 ita
3160 1090 3227 1143 de
3256 1088 3346 1141 illo
3373 1096 3434 1139 ut

1846 1189 1911 1243 de
1941 1189 2197 1243 omnibus
2230 1187 2420 1255 accipi,
2455 1201 2578 1240 cum
2629 1185 2674 1239 is
2701 1185 2791 1254 qui
2829 1182 3005 1237 ﬁdelis
3034 1188 3138 1242 est,
3189 1181 3293 1234 hoc
3345 1188 3432 1232 est

1845 1281 1935 1349 qui
1988 1280 2182 1343 credit,
2241 1278 2541 1332 mercedem
2597 1276 2850 1347 accipiat,
2900 1274 3141 1340 videant,
3202 1287 3273 1328 ne
3329 1271 3436 1325 hoc

1848 1370 2064 1424 nomine
2094 1370 2325 1441 Moysen)
2357 1369 2517 1423 etiam
2547 1370 2599 1422 in
2637 1371 2842 1423 crimen
2866 1372 3080 1424 vocent.
3106 1366 3219 1432 qui.
3269 1362 3433 1421 Deus.

1847 1463 2046 1532 inquit.
2114 1463 2284 1530 ﬁdelis
2312 1463 2441 1526 est’,
2480 1472 2534 1517 et
2577 1460 2894 1529 Apostolum
2938 1457 3116 1526 ipsum
3172 1454 3257 1507 illa
3303 1453 3441 1507 serr-

1847 1553 2087 1609 benteni:
2117 1553 2314 1610 Fidelis
2351 1555 2506 1617 Dens,
2536 1556 2625 1622 qui
2657 1570 2757 1606 non
2795 1552 3064 1616 permittet
3099 1565 3184 1601 vos
3241 1546 3437 1599 tentari

1847 1664 2007 1711 supra
2045 1648 2097 1700 id
2130 1649 2267 1710 quod
2290 1648 2500 1717 potestis
2534 1647 2572 1698 ⁸.
2617 1646 2911 1700 Sciendum
2937 1651 3024 1697 est
3082 1641 3243 1712 igitur
3294 1638 3446 1690 vires

1848 1752 2069 1795 sanctos
2133 1756 2242 1795 non
2284 1756 2383 1804 ea,
2425 1756 2544 1808 quae
2601 1738 2920 1792 hominibus
2972 1732 3332 1794 conveniunt,
3380 1729 3437 1782 in

1850 1834 2018 1889 Deum
2044 1833 2313 1896 conferre,
2339 1832 2432 1886 sed
2461 1846 2647 1885 vocem
2675 1831 2831 1891 hanc,
2859 1826 3085 1896 ﬁdelem,
3109 1826 3161 1877 in
3193 1821 3439 1890 Scriptu-

1851 1943 1909 1981 ra
1945 1925 2232 1992 dupliciter
2261 1922 2451 1991 accipi.
2490 1922 2621 1975 Nam
2652 1920 2827 1975 ﬁdelis
2856 1919 3054 1972 dicitur
3088 1915 3153 1976 is,
3182 1913 3272 1979 qui
3309 1927 3436 1967 ere.

1846 2017 1943 2083 dit,
1968 2026 2022 2071 et
2054 2016 2122 2083 is,
2176 2016 2265 2084 qui
2299 2014 2494 2085 dignus
2519 2024 2626 2079 est,
2664 2022 2719 2067 ut
2767 2012 2818 2064 ei
2852 2010 3127 2065 credatur.
3164 2004 3296 2058 lllud
3332 2004 3440 2057 ho-

1848 2110 2085 2163 minbus
2106 2108 2374 2179 congruit,
2392 2108 2494 2160 hoc
2525 2107 2655 2160 Deo.
2682 2103 2916 2158 Proinde
2947 2101 3121 2155 ﬁdelis
3138 2098 3441 2175 Abraham.

1848 2203 1937 2271 qui
1962 2200 2319 2270 Dcoloqucnti
2340 2199 2605 2261 credidit;
2637 2196 2812 2251 ﬁdelis
2843 2204 2927 2250 est
2947 2195 3108 2257 Deus,
3144 2189 3428 2261 quoniam.

1850 2292 2114 2347 ut'David
2154 2290 2374 2359 cecinit,
2415 2288 2612 2344 Fidelis
2662 2298 2739 2344 est
2786 2288 3037 2342 Dominus
3094 2287 3148 2338 in
3197 2283 3436 2337 omnibus

1850 2383 2015 2437 verbis
2068 2383 2177 2435 suis
2208 2382 2251 2445 ⁸,
2301 2390 2355 2435 ει
2407 2380 2629 2448 dignus,
2693 2379 2780 2434 cui
2846 2377 2981 2431 ﬁdes
3031 2377 3316 2439 habeatur,
3380 2381 3438 2427 et

1851 2474 2070 2528 mentiri
2110 2489 2217 2527 non
2274 2483 2471 2542 potest.
2534 2470 2600 2525 Et
2629 2472 2779 2526 locus
2815 2470 2979 2535 igitur
3026 2468 3114 2522 ille
3146 2466 3235 2520 ubi
3305 2465 3443 2519 scri—

1852 2579 2005 2638 ptum
2031 2575 2132 2628 est,
2167 2565 2377 2620 ﬁdelem
2408 2579 2528 2619 esse
2558 2564 2633 2629 ei,
2668 2562 2759 2632 qui
2806 2561 2935 2616 fecit
2994 2560 3196 2631 ipsum,
3228 2573 3336 2613 non
3365 2557 3442 2611 ita

1854 2670 1936 2713 est
1995 2659 2403 2730 intelligendus,
2460 2668 2518 2711 ut
2573 2656 2640 2711 ad
2674 2654 3100 2710 similitudinem
3157 2650 3440 2706 hominum

1855 2752 2085 2806 credens
2112 2749 2397 2819 placuerit,
2434 2748 2528 2802 sed
2554 2746 2695 2817 quod
2723 2762 2846 2801 cum
2876 2746 2948 2800 sit
2979 2744 3094 2799 veri
3123 2742 3213 2797 Dei
3244 2741 3440 2801 Filius.

1858 2844 2034 2898 ﬁdelis
2063 2853 2147 2900 est
2174 2842 2339 2897 etiam
2395 2841 2533 2909 ipse,
2583 2840 2688 2895 hoc
2741 2850 2824 2895 est
2878 2838 3094 2906 dignus,
3160 2836 3244 2889 cui
3308 2833 3445 2888 ﬁdes

1858 2939 2121 2993 habeatur
2146 2938 2199 2991 in
2228 2935 2501 2992 omnibus.
2540 2948 2662 3003 quae
2719 2930 2799 2985 vel
2836 2928 2984 2994 facit,
3021 2928 3103 2983 vel
3139 2927 3303 2990 dicit;
3328 2936 3445 2979 sta-

1859 3032 1983 3087 bilis
2010 3031 2158 3086 enim
2190 3038 2245 3085 et
2273 3030 2388 3098 ipse
2448 3035 2551 3088 εει,
2617 3034 2674 3079 ει
2701 3039 2811 3077 non
2862 3032 3120 3085 mutatur,
3179 3025 3444 3089 quantum

1862 3126 1928 3181 ad
1991 3125 2285 3178 humanam
2343 3117 2777 3189 diSpositionem,
2830 3113 2977 3169 et’ad
3026 3112 3145 3181 ejus
3166 3112 3218 3165 in
3278 3122 3444 3163 carne

190 3202 302 3269 ῑιι,γ
335 3200 537 3268 ύςιενος
566 3204 594 3255 6
636 3202 952 3266 Ἀπόστολος
982 3205 1238 3275 εἴρηκεν,
1263 3206 1380 3261 ἀλλ’
1412 3208 1501 3262 ὅτε
1531 3210 1559 3262 6
1584 3209 1755 3278 Λόγος

1865 3219 2150 3274 adventum
2193 3208 2593 3284 pertinet..Non
2654 3207 2800 3263 enim
2843 3205 2911 3267 ab
2945 3204 3204 3275 Apostolo
3266 3202 3325 3258 id
3363 3203 3447 3257 di-

197 3292 321 3362 σὰρξ
362 3292 605 3362 ἐγένετο.
646 3294 781 3349 Πότε
816 3297 924 3370 γὰρ
956 3298 1328 3372 ἀπεστάλη,ἢ
1370 3303 1607 3373 ὁπηνίκα
1658 3303 1760 3376 τὴν

195 3384 461 3453 ἡμετέραν
500 3385 785 3441 ἐνεδύσατο
823 3389 1036 3458 σάρκας
1071 3392 1204 3444 Πότε
1244 3393 1300 3447 δὲ
1342 3394 1632 3466 ἀρχιερεὺς
1660 3396 1763 3465 τῆς

197 3477 476 3546 ὁμολογίας
514 3479 668 3548 ἡμῶν
698 3481 942 3549 γέγονεν,
980 3482 1013 3552 ἢ
1050 3483 1136 3536 ὅτε
1167 3487 1541 3556 προσενέγκας
1570 3488 1762 3543 ἑαυτὸν

197 3570 324 3641 ὑπὲρ
354 3572 519 3641 ἡμῶν
548 3573 769 3641 ἤγειρεν
801 3576 865 3626 ἐκ
920 3575 1133 3641 νεκρῶν
1181 3576 1239 3629 τὸ
1270 3576 1431 3646 σῶμα
1468 3595 1482 3643 ;
1520 3580 1627 3632 Καὶ
1669 3578 1767 3634 νῦν

198 3662 348 3726 αὐτὸς
376 3665 509 3727 τοὺς
540 3666 1015 3735 προσερχομένους
1047 3665 1212 3722 αὐτοῦ
1246 3671 1311 3739 τῇ
1348 3671 1529 3724 πίστει
1560 3673 1769 3741 προσάο

200 3771 294 3819 γει.
331 3756 422 3808 καὶ
456 3758 763 3828 προσφέρει
793 3758 867 3829 τῷ
901 3760 1102 3832 Πατρὶ,
1139 3762 1502 3834 λυτρούμενος
1535 3764 1762 3832 πάντας,

199 3867 231 3901 κ
264 3850 284 3901 ἱ
310 3852 445 3925 ὑπὲρ
492 3852 713 3908 πάντων
742 3854 1093 3927 ἱλασκόμενος
1120 3857 1187 3911 τὰ
1215 3859 1350 3929 πρὸς
1386 3860 1478 3914 τὸν
1506 3862 1658 3917 Θεόν.
1692 3861 1765 3916 Ού

200 3941 287 4010 τὴν
315 3944 509 3997 οὐσίαν
545 3946 652 4016 ἄρα
686 3944 778 3999 τοῦ
809 3947 982 4015 Λόγου
1003 3989 1017 4005 .
1047 3949 1168 4002 οὐδὲ
1200 3950 1297 4011 τὴν
1332 3953 1395 4005 ὲκ
1428 3953 1637 4023 Πατρδς
1667 3955 1767 4007 αῦ-

202 4037 286 4089 τοῦ
336 4036 501 4106 φύσει
543 4038 797 4109 γέννησιν
846 4043 1089 4109 σημᾶναι
1136 4042 1308 4096 θέλων
1358 4045 1389 4098 6
1449 4045 1772 4112 Ἀπόστολος

204 4130 376 4196 εἴρηκε
409 4133 638 4183 πιστὸν
671 4131 815 4184 ὄντα
847 4132 925 4197 τῷ
956 4133 1277 4201 ποιήσαντι
1313 4137 1531 4205 αὑτὸν,
1571 4139 1646 4211 μὴ
1680 4140 1772 4209 γέ-

207 4239 335 4275 vet-.0
360 4239 371 4254 '
409 4224 584 4278 ποιῶν
614 4224 722 4296 γάρ
755 4226 902 4280 ἐστιν
930 4228 957 4280 6
983 4229 1155 4298 Λόγος
1175 4270 1187 4293 ,
1224 4231 1284 4283 οὑ
1319 4233 1642 4304 ποιούμενος
1670 4237 1771 4289 αὖε

206 4315 288 4378 τός
308 4333 321 4347 ·
346 4317 486 4371 ἀλλὰ
510 4320 607 4388 τὴν
643 4320 722 4383 είς
758 4320 1079 4391 ἀνθρώπους
1107 4324 1271 4378 αὑτοῦ
1303 4326 1529 4381 κάθοδον
1552 4331 1646 4381 καὶ
1675 4330 1772 4400 ἀρε

208 4410 535 4480 χιερωσύνην
572 4412 889 4481 γενομένην,
923 4413 988 4483 ἥν
1020 4415 1201 4478 καλῶς
1233 4417 1299 4469 ἂν
1331 4435 1413 4482 τις
1445 4418 1541 4472 ἴδοι
1581 4420 1645 4474 ἐκ
1673 4420 1774 4491 τῆς

212 4501 340 4555 κατὰ
369 4501 459 4554 τὸν
483 4502 644 4572 νόμον
672 4506 767 4558 καὶ
792 4505 882 4558 τὸν
922 4504 1132 4576 ’Λαρὼν
1158 4507 1417 4576 ἱστορίας.

226 4614 320 4669 Ἐκ
373 4618 486 4690 τῆς
537 4619 688 4672 κατὰ
748 4620 856 4690 τὼν·
919 4621 1135 4689 Ἀαρὼν
1184 4623 1454 4690 ἱστορίας
1510 4622 1577 4677 τὸ
1630 4626 1778 4679 κατὰ

278 4688 536 4763 Χριστὸν
588 4689 932 4763 μυστήριον
986 4688 1583 4763 παριστῶν’ἐλέγχει
1639 4695 1781 4761 τοὺς

279 4759 409 4823 περὶ
436 4775 512 4831 Δτι
562 4763 688 4814 κατ’
738 4762 927 4815 αὑτὸν
974 4759 1619 4831 σφαλλομένους.””Εκ
1670 4759 1777 4821 τοῦ

282 4828 465 4882 αὐτοῦ
502 4834 712 4901 λόγου.

283 4938 439 4997 Οὗτο·
474 4948 500 4997 6
543 4944 751 5015 Ἀαρὼν
775 4946 834 4999 οὗ
868 4946 1157 5015 γεγένηται
1190 4949 1497 5018 ἀρχιερεὺς,
1533 4950 1665 5003 ἀλλὰ
1692 4954 1783 5006 ἇν-

223 5033 428 5103 θρωπος
448 5054 464 5069 ο
494 5039 585 5091 καὶ
632 5039 768 5105 μετὰ
799 5040 987 5108 χρὸκον
1017 5040 1103 5091 ὅτε
1139 5041 1167 5092 6
1198 5040 1327 5104 026,-
1352 5041 1583 5111 ἠθέλησε
1623 5042 1783 5111 γέγο-

223 5144 303 5179 νεν
328 5129 577 5199 ἂρχιερεῦ
596 5150 608 5159 -
630 5171 647 5204 ,
677 5134 770 5182 καὶ
806 5131 1025 5199 γέγονεν
1059 5134 1155 5204 οὐχ
1187 5134 1404 5197 ἁπλῶς,
1437 5135 1554 5187 οὐδὲ
1588 5136 1649 5188 ὲκ
1677 5137 1787 5189 τῶν

227 5222 457 5290 συνήθων
484 5202 713 5291 ἱματίων
741 5202 1162 5292 γνωριζόμενος,
1192 5224 1309 5277 ἀλλ’
1341 5226 1786 5297 ὲπενδιδυσκόμε-

227 5328 305 5373 νος
360 5314 458 5384 τὴν
505 5316 775 5384 ἐπωμίδα,
826 5315 886 5368 τδ
928 5316 1154 5385 λογεῖον,
1212 5317 1302 5370 τὸν
1347 5318 1576 5387 ποδήρη,
1632 5318 1667 5371 ἃ
1723 5321 1781 5373 αἱ

230 5407 472 5472 γυναῖκες
521 5408 617 5477 μὲν
671 5409 995 5477 εἱργάσαντο
1040 5407 1333 5476 προστάξει
1377 5410 1472 5462 τοῦ
1523 5408 1680 5475 Θεοῦ,
1727 5410 1784 5461 ἐν

232 5496 425 5560 τούτοις
469 5499 523 5551 δὲ
567 5501 946 5571 εἱςερχίμενος
985 5502 1063 5562 εἱς
1101 5503 1169 5554 τὰ
1200 5501 1330 5569 ἅγια
1372 5501 1469 5571 τὴν
1512 5501 1650 5571 ὑπὲρ
1689 5502 1783 5555 τοῦ

232 5583 355 5641 λαοῦ
385 5588 567 5642 θυσίαν
602 5592 964 5661 προσέφερεν.
1002 5591 1157 5644 Οὕτω
1193 5593 1373 5644 τοίνυν
1403 5593 1496 5645 καὶ
1524 5591 1551 5643 6
1582 5590 1786 5661 Κύριος

237 5675 288 5726 ἓν
330 5680 463 5748 ἀρχῇ
504 5682 600 5748 μὲν
633 5676 698 5750 ἦν
727 5682 755 5733 6
783 5682 980 5749 Λόγος,
1016 5683 1105 5735 ὅτε
1131 5682 1189 5736 δὲ
1218 5682 1479 5753 ἠθέλησεν
1523 5683 1550 5736 6
1595 5682 1789 5754 Πατὴρ

239 5765 370 5840 ὅπερ
394 5771 601 5827 πάντων
630 5773 822 5845 λύτρον
850 5773 1068 5843 δοθῆναι
1087 5815 1101 5839 ,
1132 5773 1227 5826 καὶ
1266 5774 1399 5827 πᾶσι
1428 5771 1780 5842 χαρίσασθαι,

1862 3324 2009 3370 etum
2037 3308 2221 3368 estde
2254 3307 2343 3361 illo
2374 3315 2665 3373 antequam
2689 3309 2903 3356 creatus
2951 3306 3057 3367 est,
3106 3297 3199 3353 sed
3228 3306 3446 3367 postea-

1864 3400 2293 3475 quamVerbum
2309 3412 2438 3453 caro
2460 3395 2662 3451 factum
2688 3400 2795 3449 εει.
2823 3391 3052 3459 Quando
3078 3391 3221 3443 enim
3249 3388 3445 3443 missus

1863 3498 1991 3554 est?.
2012 3508 2191 3551 nonne
2227 3490 2444 3562 quando
2476 3500 2699 3543 carnem
2732 3493 2974 3539 nostram
3004 3482 3218 3538 induit?
3261 3481 3452 3547 Quan-

1864 3590 1933 3646 do
1956 3585 2210 3657 princeps
2258 3576 2618 3637 confessionis
2646 3584 2845 3630 nostra:
2892 3572 3066 3627 factus
3124 3572 3452 3627 est?nonne

1867 3679 2310 3751 quando.corpus
2338 3685 2515 3729 suum.
2550 3683 2674 3722 cum
2718 3682 2778 3723 se
2825 3682 2924 3737 pro
2960 3665 3116 3720 nobis
3145 3663 3458 3727 obtulisset,

1867 3787 1898 3826 a
1936 3768 2165 3825 mortuis
2203 3761 2488 3820 excitavit?
2520 3760 2587 3815 Et
2638 3774 2784 3813 nunc
2812 3758 3139 3814 accedentes
3186 3756 3253 3811 ad
3287 3755 3447 3809 ﬁdem

1869 3878 2022 3920 suam
2052 3859 2293 3923 adducit,
2311 3866 2363 3911 et
2391 3854 2551 3910 oﬂ'ert
2583 3854 2750 3914 Patri,
2779 3867 2902 3905 cum
2951 3865 3145 3905 omnes
3200 3848 3450 3907 redeme-

1871 3955 1960 4019 rit,
1991 3963 2048 4009 et
2076 3951 2331 4008 omnibus
2363 3949 2532 4002 Deum
2578 3944 2896 4016 placaverit.
2946 3941 3105 3997 Absit
3148 3941 3331 4013 igitur,
3388 3948 3453 3994 ut

1870 4045 2181 4108 credamus,
2212 4041 2529 4113 Apostolum
2556 4041 2779 4102 dixisse,
2814 4036 3028 4090 ﬁdelem
3057 4050 3179 4088 eum
3208 4049 3329 4089 esse
3351 4033 3452 4098 illi,

1871 4136 1962 4206 qui
1996 4133 2126 4190 fecit
2158 4133 2358 4205 ipsum,
2397 4140 2457 4185 ut
2488 4128 2651 4184 Verbi
2709 4128 3002 4182 essentiam
3059 4134 3114 4181 et
3165 4133 3344 4181 ortum
3384 4139 3454 4180 ex

1869 4226 2031 4282 Patre
2061 4223 2410 4295 signiﬁcaret,
2440 4218 2701 4292 (Verbum
2731 4218 2876 4271 enim
2918 4214 3065 4281 facit,
3104 4229 3215 4268 non
3269 4220 3454 4268 autem

1874 4318 1978 4385 ﬁt),
2017 4316 2110 4372 sed
2139 4325 2198 4370 ut
2233 4312 2451 4384 ejus,ad
2505 4312 2754 4366 homines
2801 4309 3123 4363 descensum
3181 4315 3236 4362 et
3270 4306 3456 4376 ponti-

1876 4412 2094 4465 ﬁcatum
2128 4408 2462 4470 ostenderet,
2498 4419 2659 4473 quem
2682 4402 2839 4457 facile
2868 4417 2934 4456 ex
2979 4401 3096 4473 lege
3145 4408 3200 4455 et
3226 4398 3459 4455 historia

1880 4504 2058 4557 Aaron
2088 4501 2294 4571 poteris
2324 4498 2647 4568 intelligere.

1874 4619 1958 4675 Ea:
2013 4617 2201 4671 Aaron
2248 4612 2467 4667 historia
2516 4610 2819 4680 mysterium
2892 4609 3085 4664 Christi
3138 4610 3458 4680 constituens

1944 4688 2114 4769 arguit
2167 4683 2419 4769 illos,qui
2450 4682 2512 4735 de
2536 4677 2648 4750 ipso
2670 4682 2842 4734 minus
2879 4690 3014 4734 recte
3062 4681 3315 4736 sentiunt;
3372 4677 3469 4737 E3

1952 4757 2130 4812 eodem
2163 4756 2315 4809 libro.

1957 4939 2054 4996 Hic
2081 4941 2257 4993 Aaron
2289 4952 2394 4991 non
2450 4934 2712 5006 pontifex.
2766 4934 2859 4989 sed
2920 4934 3084 4989 homo
3139 4940 3303 4989 natus
3352 4940 3461 4988 est‘.

1887 5032 2014 5087 Post
2039 5040 2239 5095 autem,
2270 5028 2487 5099 quando
2519 5027 2720 5097 placuit
2752 5026 2882 5090 Deo,
2902 5025 3077 5081 factus
3100 5034 3205 5091 est,
3241 5024 3334 5079 sed
3363 5023 3459 5089 ita,

1886 5132 1945 5178 ut
1988 5138 2097 5177 non
2162 5136 2224 5176 ex
2278 5120 2453 5175 solitis
2515 5119 2857 5174 vestimentis
2913 5127 3315 5190 agnosceretur,
3363 5117 3463 5172 sed

1890 5213 2339 5285 superbumcrale
2386 5220 2442 5267 et
2493 5212 2756 5266 rationale
2801 5220 2856 5265 et
2909 5211 3145 5266 tunicam
3184 5210 3465 5273 indueret,

1888 5324 2008 5377 qua:
2070 5305 2291 5375 quidem
2366 5298 2684 5357 ornamenta
2755 5301 3009 5356 mandato
3055 5299 3152 5354 Dei
3207 5299 3463 5354 mulieres

1889 5398 2259 5455 confecerant.
2288 5395 2383 5451 llis
2412 5396 2639 5451 indutus
2676 5398 2729 5448 in
2784 5404 2969 5448 sancta
3029 5391 3461 5463 ingrediebatur,

1886 5499 1941 5546 et
1974 5505 2073 5561 pro
2111 5488 2311 5558 populo
2343 5487 2665 5542 sacriﬁcium
2703 5486 2949 5540 faciebat.
2983 5483 3072 5538 Sic
3099 5491 3155 5539 ct
3202 5481 3473 5539 Dominus

1892 5582 2047 5636 initio
2078 5580 2297 5649 quidem
2361 5578 2594 5634 Verbum
2661 5586 2803 5639 erat,
2870 5576 2965 5630 sed
3019 5576 3250 5645 quando.
3291 5574 3462 5628 voluit

1890 5675 2056 5727 Pater
2087 5672 2231 5726 illius
2257 5672 2522 5725 sacriﬁcio
2567 5684 2664 5738 pro
2714 5669 2968 5723 omnibus
3008 5669 3191 5723 oblato
3233 5668 3467 5738 placari,

1892 5774 2049 5830 tunc,
2079 5772 2140 5819 ut
2166 5766 2348 5819 Aaron
2373 5762 2632 5827 tunicam,
2660 5761 2739 5816 sic
2766 5758 3004 5816 Verbum
3026 5774 3246 5817 carnem
3267 5767 3468 5816 huma-

317 5885 331 5912 ‘
354 5884 522 5943 Eccle.
558 5904 654 5955 xu,
688 5888 775 5945 Η.
850 5890 870 5920 ’
894 5887 1058 5945 Hebr.
1097 5904 1175 5960 ιιι,
1198 5887 1252 5943 2.
1335 5888 1355 5920 ³
1388 5886 1547 5944 Deut.
1583 5899 1683 5956 vn,
1712 5884 1760 5941 9.

1888 5881 1907 5937 1
1936 5880 2060 5937 Cor.
2094 5879 2259 5947 3,13.
2338 5882 2359 5912 ⁸
2390 5876 2532 5933 Psal.
2559 5891 2736 5943 cxuv,
2770 5875 2857 5931 l5.
