3860 6556
421 429 523 494 371

1648 440 2036 526 summu
2077 440 2443 506 ZIGABENI

3565 455 3663 543 3:2

419 567 547 609 nam
591 552 824 624 sumpsit
857 563 1078 610 eterra.
1129 555 1350 612 Mariam
1403 558 1547 614 enim
1610 560 1908 630 Virginem.
1949 572 2003 616 ut

2111 561 2224 615 τότε
2261 563 2323 633 δὴ
2353 566 2378 616 6
2415 564 2582 634 Λόγος
2605 609 2619 633 ,
2654 566 2728 630 ὡς
2769 566 2978 638 Ἀαρὼν
3010 567 3098 622 τὸν
3130 568 3343 640 ποδήρη
3363 607 3380 634 ,
3413 566 3550 624 οὕτω
3576 575 3662 627 καὶ

421 652 622 698 terram
654 647 914 701 inmotam
942 647 1045 702 sibi
1078 659 1308 704 matrem
1334 652 1515 721 elegit,
1562 661 1620 707 ut
1646 652 1999 723 habensjam,

417 738 564 807 quod
595 737 862 792 immolari
897 750 1102 810 posset,
1141 751 1402 811 tanquam
1438 745 1693 798 sacerdos
1729 760 1787 798 se
1822 744 2000 814 ipsum

415 828 641 885 oﬂ'erret
672 831 840 896 Patri,
876 842 930 886 et
962 834 1185 902 proprio
1215 835 1479 904 sanguine
1511 851 1612 891 nos
1660 851 1854 892 omnes
1906 853 2002 890 οι·
2049 825 2069 858 ⁹

414 919 592 989 piaret
623 936 650 974 a
693 922 949 991 peccatis,
983 935 1038 979 et
1066 940 1094 977 a
1121 926 1349 980 mortuis
1407 926 1688 982 excitaret.
1719 927 1783 982 Et
1807 944 2003 998 quem-

414 1013 706 1069 admodum
782 1017 962 1070 Aaron
1043 1033 1150 1072 non
1218 1020 1577 1086 nudabatur,
1637 1021 1783 1093 \licet
1854 1031 2004 1077 veste

418 1122 569 1161 sacra
599 1119 747 1162 esset
792 1109 1036 1177 indutus,
1069 1111 1139 1164 ita
1177 1107 1434 1174 Verbum,
1473 1128 1696 1168 manens
1746 1113 1796 1167 id
1855 1116 2000 1183 quod

415 1209 555 1266 erat,
604 1202 980 1256 tantummodo
1033 1202 1332 1273 tegebatur.
1368 1203 1432 1257 Et
1461 1203 1555 1275 qui
1605 1205 1784 1259 Aaron
1834 1206 2004 1259 sacri-

416 1293 670 1346 ﬁcantem
704 1293 1073 1363 conspicatus.
1103 1293 1351 1351 dicebat:
1376 1294 1514 1350 Ecce
1546 1298 1807 1350 habemus
1841 1296 2003 1350 hodie

416 1386 733 1457 pontificem
768 1387 974 1452 Aaron,
1002 1403 1109 1440 non
1161 1387 1500 1459 signiﬁcabat
1549 1405 1672 1444 eum
1708 1398 1839 1443 tunc
1882 1404 2004 1442 esse

419 1478 619 1534 factum
671 1479 948 1534 hominem
1015 1479 1168 1549 (erat
1241 1482 1386 1534 enim
1462 1481 1622 1536 homo
1687 1487 2002 1550 priusquam

417 1572 673 1628 sacerdos
703 1572 905 1643 ﬁ-‘ret),
953 1573 1045 1628 sed
1075 1573 1380 1628 ministerio
1417 1573 1620 1628 factum
1656 1589 1776 1628 esse
1820 1575 2005 1644 ponti-

417 1663 599 1728 ficem,
639 1665 1011 1735 amictutnque
1074 1666 1416 1722 vestimentis
1474 1669 1538 1722 ad
1563 1682 1685 1722 eum
1742 1670 1832 1736 qui
1886 1683 2008 1723 mu-

415 1772 553 1812 nere
604 1756 884 1826 pont‘ﬁcio
934 1757 1254 1828 fungeretur
1301 1760 1677 1815 exornandum
1739 1761 1896 1816 factis
1955 1772 2009 1816 et

416 1852 746 1923 comparatis
772 1871 784 1907 :
809 1854 1001 1908 eodem
1033 1853 1194 1908 modo
1241 1869 1534 1924 possumus
1558 1855 1624 1909 de
1646 1853 1876 1910 Domino
1925 1871 2010 1910 re-

2104 657 2264 719 αὺτδς
2289 656 2447 710 ἔλαϐε
2474 659 2570 728 τὴν
2591 657 2700 712 ἀπὸ
2731 660 2834 730 γῆς
2861 661 3202 730 ἀνθρωπίνην
3230 662 3433 730 σάρκα,
3462 662 3658 732 Μαρίαν

2105 746 2202 816 τὴν
2226 750 2495 816 παρθένον
2527 751 2646 804 ἀντὶ
2669 753 2769 823 τῆς
2793 754 3135 825 ἀνεργάστου
3165 755 3264 824 γῆς
3298 754 3545 824 ἐσχηκὼς
3572 775 3658 827 μη.

2103 839 2235 909 τέρα
2260 841 2352 893 τοῦ
2382 847 2653 913 σώματος,
2685 845 2772 900 ἵνα
2797 846 2934 916 ἐχων
2964 847 3024 899 τὸ
3050 847 3496 916 προσφερόμενον
3520 850 3659 911 αὐτὸς

2105 931 2177 992 ὼς
2225 933 2512 1005 ἀρχιερεὺς
2541 938 2751 992 ἐαυτέν.
2772 940 3118 1011 προσενέγκῃ
3147 939 3222 1008 τῷ
3254 939 3456 1009 Πατρὶ,
3487 942 3574 992 καὶ
3596 941 3658 1010 τῷ

2111 1022 2225 1092 ίδίῳ
2265 1023 2459 1093 αἵματι
2490 1025 2694 1090 πάντας
2724 1029 2870 1098 ἡμᾶς
2911 1029 3017 1081 ἀπὸ
3045 1028 3152 1082 τῶν
3189 1028 3477 1098 ἁμαρτιῶν
3520 1029 3664 1081 καθα-

2108 1117 2255 1189 ρίσῃ,
2293 1120 2385 1170 καὶ
2426 1119 2531 1172 ἀπὸ
2557 1121 2668 1174 τῶν
2708 1121 2918 1188 νεκρῶν
2949 1122 3252 1193 ἀναστήσῃ.
3291 1123 3405 1175 Καὶ
3442 1120 3664 1190 ὥσπερό

2120 1208 2330 1274 Ἀαρὼν
2351 1209 2450 1262 οὐκ
2483 1209 2806 1277 ἠλλάσσετο,
2830 1210 3238 1280 περιτιθέμενος
3271 1209 3374 1279 τὴν
3409 1209 3663 1279 ἱερατικὴν

2108 1299 2313 1369 ἐσθῆτα
2336 1339 2351 1360 ,
2383 1301 2518 1354 ἀλλὰ
2553 1300 2731 1370 μένων
2759 1303 2786 1353 6
2813 1301 2978 1364 αὐτὸς
3006 1300 3348 1353 ἐκαλύπτετο
3379 1299 3556 1371 μόνον.
3587 1300 3664 1352 καὶ

2107 1392 2157 1444 εί
2185 1393 2341 1460 ἐλεγέ
2365 1411 2445 1457 τις
2482 1393 2743 1464 ἑωρακὼς
2775 1393 2937 1446 αὐτὸν
2971 1396 3388 1464 προσφέροντα,
3441 1392 3564 1444 Ἰδοὺ
3589 1392 3667 1458 γέ·

2107 1501 2233 1552 γονε
2278 1487 2519 1555 σήμερον
2558 1488 2586 1539 6
2642 1486 2852 1556 Ἀαρὼν
2881 1486 3195 1556 ἀρχιερεὺς,
3242 1483 3348 1536 οὒκ
3399 1483 3667 1550 ἐσήμαινεν

2109 1575 2271 1628 αὐτὸν
2302 1577 2589 1648 ἄνθρωπον
2607 1577 2727 1650 τότε
2752 1577 3104 1646 γεγενῆσθαι,
3129 1571 3196 1647 ἦν
3217 1576 3330 1645 γὰρ
3354 1575 3460 1643 πρὸ
3477 1572 3564 1625 τοῦ
3587 1575 3676 1642 ἀρα

2108 1670 2328 1739 χιερεὺς
2374 1669 2630 1738 γενέσθαι
2675 1669 2998 1742 ἄνθρωπος,
3030 1669 3145 1722 ἀλλ’
3173 1669 3256 1722 ὄτι
3289 1669 3356 1737 τῇ
3384 1666 3667 1734 λειτουργία

2111 1765 2406 1835 πεποίηται
2425 1764 2736 1835 ἀρχιερεὺς,
2763 1762 3120 1834 περιθέμενος
3139 1763 3206 1814 τὰ
3230 1780 3300 1813 πε
3314 1760 3571 1829 πιημένα
3589 1760 3666 1810 καὶ

2112 1856 2633 1910 κατασκευασθέντα
2691 1857 2880 1925 ἱμάτια
2930 1857 2998 1924 τῇ
3052 1853 3332 1925 ίερατείᾳο
3389 1851 3477 1902 τὸν
3529 1851 3672 1902 αὑτὸν

419 1955 512 2001 cte
544 1947 810 2018 cogitare,
850 1960 974 2000 eam
1016 1957 1295 2016 assumpta
1329 1961 1495 2002 carne
1523 1962 1631 2002 non
1687 1949 1853 2002 alium
1883 1964 2004 2004 esse

2111 1948 2309 2019 τρόπον
2337 1949 2432 2002 καὶ
2459 1949 2550 2002 ἐπὶ
2578 1948 2672 2001 τοῦ
2701 1949 2905 2018 Κυρίου
2929 1945 3154 2000 δυνατόν
3179 1947 3298 1998 ἐστι
3326 1942 3505 2008 καλῶς
3523 1945 3667 2007 νοεῖν,

414 2036 643 2102 factum,
681 2039 776 2094 sed
804 2055 868 2095 ea
897 2055 956 2094 se
989 2041 1318 2096 contexisse.
1348 2041 1415 2095 Et
1453 2039 1580 2095 ill’ud
1613 2057 1628 2096 :
1657 2040 1851 2095 Factus
1911 2050 2005 2100 est.

417 2131 579 2187 nefas
613 2141 696 2186 est
725 2131 802 2186 sic
857 2133 1231 2203 interpretari,
1262 2141 1321 2188 ut
1353 2149 1500 2198 eum,
1549 2141 1821 2202 quatenus
1875 2133 2009 2189 Ver-

414 2226 547 2282 bum
573 2235 678 2292 est,
711 2223 912 2278 factum
955 2225 1360 2297 intelligamus;
1392 2226 1485 2281 sed
1519 2227 1588 2280 ita
1628 2228 2005 2296 accipiendum

415 2327 522 2381 est.
557 2326 615 2373 ut
675 2335 799 2375 cum
847 2328 996 2373 esset
1044 2314 1280 2374 Verbum
1331 2328 1386 2375 et
1434 2329 1769 2392 procreator.
1810 2321 2008 2375 deinde

415 2419 699 2479 assumpto
757 2424 986 2480 corpore
1036 2409 1183 2466 facto
1240 2418 1296 2465 et
1343 2421 1652 2481 procreato.
1714 2414 1860 2483 quod
1907 2429 2018 2484 pro

414 2501 574 2558 nobis
601 2501 799 2558 oﬁ‘err'e
846 2511 1055 2573 posset,
1080 2503 1395 2574 pontiﬁcem
1463 2520 1586 2560 esse
1653 2505 1857 2561 factum
1911 2523 2007 2564 co-

415 2610 768 2665 gnoscamus.
826 2593 1056 2665 Quando
1095 2595 1240 2651 enim
1275 2595 1471 2663 factus,
1519 2605 1613 2652 aut
1645 2597 1846 2653 missus
1897 2606 2004 2662 est,

420 2689 526 2745 nisi
597 2705 728 2745 cum
809 2698 1012 2744 nostra
1079 2689 1314 2744 similem
1361 2706 1581 2746 carnem
1665 2701 1719 2746 et
1778 2691 2002 2762 sangui.

416 2797 542 2837 nem
578 2781 857 2853 sumpsit?
881 2780 947 2836 Et
978 2783 1199 2852 quando
1250 2781 1427 2837 factus
1454 2789 1538 2838 est
1583 2783 1898 2839 misericors
1952 2793 2011 2840 et

414 2873 591 2929 ﬁdelis
657 2874 958 2944 pontifex?
1031 2889 1219 2930 nonne
1275 2883 1426 2938 tunc,
1478 2891 1602 2930 eum
1651 2891 1748 2943 per
1820 2876 2004 2931 omnia

414 2967 680 3022 fratribus
760 2966 955 3022 similis
1033 2966 1278 3022 evasit?
1370 2966 1526 3022 Tunc
1619 2977 1802 3021 autem
1890 2967 1995 3023 fuit

414 3057 717 3125 ejusmodi,
771 3073 896 3113 cum
953 3059 1117 3112 homo
1171 3059 1343 3114 factus
1407 3069 1533 3123 est,
1581 3068 1637 3114 et
1685 3059 2002 3115 misericors

414 3152 648 3207 effectus
673 3163 777 3217 est,
797 3167 921 3207 cum
961 3168 1018 3209 se
1046 3169 1143 3223 pro
1173 3154 1332 3208 nobis
1348 3153 1585 3208 offerens
1617 3154 1876 3208 misertus
1919 3165 2004 3208 est

2110 2039 2185 2102 ὠς
2218 2039 2318 2093 οὐκ
2347 2039 2505 2102 ἄλλος
2535 2040 2725 2110 γέγονε
2757 2041 2857 2111 τὴν
2888 2039 3066 2110 σάρκα
3092 2035 3296 2100 λαϐὼν,
3330 2036 3448 2090 ἀλλ’
3477 2039 3505 2090 6
3527 2035 3666 2098 αὐτὸς

2109 2131 2185 2187 ὢν
2233 2131 2567 2187 ἐκαλύπτετο
2605 2131 2798 2202 ταύτῃ.
2844 2132 2955 2185 Kal
2995 2131 3056 2183 τὸ
3103 2128 3317 2200 γέγονε
3356 2129 3435 2194 δὲ,
3485 2128 3664 2184 κα“ι,τδ

2107 2226 2450 2291 πεποίηται,
2473 2226 2572 2294 οὐχ
2591 2225 2672 2277 ὅτι
2695 2226 2722 2277 6
2752 2223 2942 2288 Λόγος,
2975 2239 3008 2298 ῃ
3035 2223 3203 2291 Λόγος
3225 2221 3376 2284 ἐστὶ,
3403 2221 3668 2289 πεποίηται·

2108 2320 2250 2372 νοεῖν
2281 2315 2461 2386 Θέμις,
2493 2315 2608 2370 ἀλλ’
2639 2316 2722 2369 ὅτι
2757 2315 2930 2383 Λόγος
2963 2313 3038 2367 ὢν
3069 2313 3426 2385 δημιουργὸς,
3463 2314 3666 2382 ὕστερον

2109 2410 2405 2479 πεποίηται
2432 2409 2744 2480 ἀρχιερεὺς,
2771 2409 3132 2477 ἐνδυσάμενος
3184 2407 3354 2475 σῶμα
3382 2407 3440 2460 τὸ
3468 2405 3670 2475 γενητὸν

2107 2508 2205 2560 καὶ
2251 2503 2495 2573 ποιητὸν,
2553 2504 2691 2574 ὅπερ
2743 2503 2837 2556 καὶ
2896 2503 3287 2572 προσενεγκεῖν
3340 2500 3478 2570 ὑπὲρ
3532 2499 3664 2568 ἡμῶν

2106 2597 2354 2652 δύναται.
2389 2597 2478 2650 Διὺ
2512 2597 2608 2650 καὶ
2637 2596 2859 2664 λέγεται
2893 2595 3245 2663 πεποιῆσθαι.
3283 2594 3421 2648 Πότε
3451 2594 3550 2663 γὰρ
3582 2609 3662 2644 πε-

2109 2690 2351 2760 ποίηται,
2378 2689 2472 2744 καὶ
2511 2690 2639 2743 πότε
2676 2685 2974 2750 ἀπόστολος
3004 2685 3252 2754 γέγονεν,
3283 2686 3333 2739 εί
3367 2685 3440 2755 μὴ
3467 2687 3548 2738 ὅτε
3575 2701 3662 2736 πα-

2109 2781 2429 2855 ραπλησίως
2480 2782 2611 2850 ἡμῖν
2667 2779 2892 2848 μετέσχε
2945 2777 3038 2831 καὶ
3091 2778 3256 2840 αὐτὸς
3313 2777 3539 2846 αἵματος
3581 2775 3657 2826 καὶ

2110 2875 2312 2943 σαρκός
2342 2890 2356 2938 ;
2393 2875 2503 2926 Καὶ
2537 2873 2666 2925 πότε
2704 2872 2926 2941 γέγονεν
2958 2870 3205 2940 ἐλεήμων
3237 2873 3334 2922 καὶ
3369 2869 3546 2930 πιστὸς
3577 2870 3658 2936 ἀρ-

2109 2968 2352 3036 χιερεὺς,
2392 2966 2424 3036 ἢ
2457 2967 2544 3020 ὅτε
2572 2965 2714 3019 κατὰ
2745 2964 2926 3019 πάντα
2957 2967 3068 3026 τοῖς
3102 2963 3353 3030 ἀδελφοῖς
3391 2961 3657 3033 ὡμοιώθης

2109 3057 2369 3129 ὡμοιώθη
2398 3058 2453 3110 δὲ
2480 3058 2624 3122 τότε,
2655 3058 2742 3110 ὅτε
2771 3057 2994 3125 γέγονεν
3014 3055 3325 3124 ἄνθρωπος.
3353 3055 3456 3108 Kai
3473 3053 3663 3120 γέγονεν

2109 3151 2354 3221 ἐλεήμων
2395 3151 2514 3220 μὲν,
2561 3151 2648 3204 ὅτε
2679 3151 2806 3220 περὶ
2845 3148 3004 3221 ήμῶν
3051 3150 3427 3219 προσενέγκας
3464 3147 3666 3216 ἠλέησεν

415 3247 615 3302 nostri.
649 3247 770 3302 Jam
805 3246 978 3300 fidelis
1001 3255 1086 3300 est
1132 3247 1334 3310 factus,
1368 3261 1477 3300 non
1511 3246 1671 3300 ﬁdem
1693 3247 1992 3316 accipiens,

2115 3244 2261 3313 ἡμᾶς
2284 3260 2296 3272 ⁸
2329 3244 2515 3305 πιστὸς
2543 3242 2620 3307 δὲ,
2651 3243 2710 3295 οὐ
2744 3242 2979 3304 πίστεως
3015 3241 3281 3311 μετέχων,
3313 3240 3432 3294 οὐδὲ
3461 3240 3532 3301 είς
3562 3255 3657 3290 τινα

417 3347 514 3392 aut
566 3337 619 3392 in
657 3337 895 3408 aliquem
932 3338 1168 3393 credens
1232 3339 1697 3409 quemadmodum
1745 3354 1867 3403 nos,
1905 3341 2002 3396 sed

331 3450 338 3457 ·
418 3431 616 3508 dignus
645 3431 921 3493 exsistens
950 3432 1036 3487 cui
1071 3431 1204 3488 fides
1241 3434 1296 3488 in
1323 3432 1601 3495 omnibus,
1635 3447 1755 3501 qua:
1807 3431 2006 3486 dixerit

417 3535 512 3580 aut
537 3525 758 3594 fecerit,-
787 3525 1075 3590 habeatur,
1113 3533 1168 3580 et
1191 3525 1334 3594 quod
1365 3523 1579 3579 fidelem
1607 3523 1840 3578 hostiam
1859 3522 2001 3578 illam

420 3630 853 3685 permanentem,
884 3624 937 3672 et
963 3630 1240 3686 nunquam
1279 3615 1623 3671 deﬁcientem
1659 3615 1821 3671 oﬂ‘ert
1847 3630 2002 3670 :nam

415 3703 538 3781 qua
563 3710 698 3782 legis
731 3711 1052 3781 praescripto
1084 3709 1512 3764 immolabantur
1547 3709 1761 3774 hostiae,
1815 3708 2002 3764 ﬁdeles

391 3819 483 3866 .ac
535 3801 708 3857 ﬁrma:
758 3817 869 3856 non
903 3812 1082 3869 erant,
1114 3801 1424 3856 Servatoris
1490 3809 1674 3854 autem
1707 3799 1885 3856 hostia
1916 3814 1994 3855 se-

425 3893 532 3950 mel
560 3893 740 3949 oblata
769 3894 1000 3966 perfecit
1023 3895 1206 3949 omnia
1246 3904 1302 3949 et
1334 3893 1508 3948 ﬁdelis
1532 3901 1638 3953 cst.
1707 3903 2006 3947 aeta-num-

418 4004 528 4058 que
563 3998 862 4059 permanet.
886 3981 1092 4041 Fidelis
1121 3995 1204 4041 est
1238 3987 1404 4056 igitur
1434 3994 1493 4043 ut
1523 3985 1615 4055 qui
1667 4001 1777 4040 non
1831 3995 2006 4041 muta-

419 4091 531 4145 tur,
551 4079 646 4134 sed
663 4079 808 4134 idem
823 4087 1010 4133 manet
1049 4079 1428 4148 promissaque
1446 4079 1680 4150 perﬁcit,
1702 4075 1901 4142 Videte,
1924 4079 2006 4134 in-

419 4173 636 4243 quiens,
669 4173 795 4243 quia
819 4187 910 4243 ego
939 4189 1058 4227 sum
1086 4181 1135 4226 et
1181 4187 1286 4225 non
1309 4179 1482 4225 mutor
1513 4172 1553 4226 ⁸.
1586 4171 1777 4242 Itaque
1837 4173 2003 4228 verba

426 4265 540 4329 illa,
561 4265 734 4334 factus
765 4273 838 4318 est
866 4273 923 4318 et
957 4274 1162 4319 creatus
1192 4275 1291 4330 est,
1318 4265 1598 4320 hominem
1627 4265 1778 4320 illum
1805 4266 2007 4336 signifi-

422 4366 551 4413 cant
599 4371 721 4412 esse
755 4355 980 4411 factum.
1007 4357 1379 4423 Quamobrem
1409 4360 1679 4415 etPetrus
1740 4374 1864 4414 cum
1919 4358 2004 4414 di-

425 4450 622 4513 xisset,
659 4447 944 4503 Dominum
974 4459 1023 4502 et
1066 4449 1336 4504 Christum
1396 4451 1516 4522 fecit
1575 4453 1768 4520 ipsum,
1819 4451 2002 4506 statim

426 4540 681 4610 subjecit,
717 4541 857 4594 hunc
879 4540 1079 4606 Iesum,
1117 4559 1272 4612 quem
1311 4559 1400 4598 vos
1427 4545 1762 4614 cruciﬁxistis
1790 4548 1835 4600 ³.
1898 4545 2004 4600 Ne-

2118 3334 2420 3397 πιστεύων,
2461 3333 2648 3405 ὥσπερ
2680 3335 2876 3406 ἡμεῖς,
2911 3333 3044 3387 ἀλλὰ
3077 3333 3431 3387 πιστεύεσθαι
3462 3329 3658 3402 ὀφείλων

2115 3430 2244 3499 περὶ
2274 3422 2349 3482 ὧν
2394 3429 2459 3482 ἂν
2490 3429 2624 3501 λέγῃ
2659 3429 2754 3481 καὶ
2799 3431 2948 3499 ποιῇ,
2994 3430 3085 3481 καὶ
3133 3428 3214 3480 ὅτι
3258 3427 3456 3497 πιστὴν
3500 3423 3664 3478 θυσίαν

2117 3521 2434 3592 προσφέρει,
2484 3523 2580 3588 τὴν
2612 3521 2878 3589 μένουσαν
2920 3520 3014 3572 xal
3053 3519 3125 3590 μὴ
3165 3519 3570 3572 διαπίπτουσαν.
3604 3514 3657 3566 At

2119 3613 2216 3684 μὲν
2259 3614 2369 3683 γὰρ
2416 3612 2558 3665 κατὰ
2597 3613 2760 3680 νόμον
2805 3612 3245 3683 προσφερόμεναι
3298 3613 3398 3665 οὐκ
3442 3607 3574 3679 εἶχον
3610 3606 3658 3658 τὸ

2116 3705 2304 3761 πιστὸν
2329 3747 2344 3772 ,
2380 3707 2412 3775 ἠ
2454 3705 2510 3757 δέ
2544 3705 2639 3757 τοῦ
2681 3704 2931 3774 Σωτῆρος
2969 3705 3128 3759 θυσία
3166 3704 3318 3772 απαξ
3353 3699 3656 3773 γεγενημένη

2114 3798 2432 3852 τετελείωκε
2471 3797 2531 3851 τδ
2573 3799 2704 3863 πᾶν,
2753 3799 2849 3851 καὶ
2890 3798 3055 3868 πιστὴ
3097 3799 3291 3866 γέγονε
3335 3800 3556 3868 μένουσα
3587 3793 3660 3846 διὰ

2115 3890 2337 3953 παντός.
2375 3891 2568 3953 Πιστὸς
2607 3892 2715 3960 γὰρ
2751 3894 2825 3953 ὡς
2856 3891 2954 3943 οὐκ
2985 3889 3419 3959 ἀλλασσόμενος,
3450 3887 3555 3942 ἀλλ’
3588 3885 3657 3938 ἀεὶ

2114 3981 2406 4051 διαμένων,
2438 3982 2531 4035 καὶ
2557 3982 2836 4047 ἀποδιδοὺς
2868 3982 2902 4035 ἃ
2928 3983 3258 4052 ἐπήγγελται
3287 3983 3475 4050 λέγων,
3508 3975 3659 4033 Ἵδετέ·

2111 4092 2211 4144 με,
2273 4074 2362 4128 ὅτι
2418 4073 2532 4145 ἐγώ
2563 4077 2700 4142 εἰμι,
2757 4077 2856 4130 καί
2909 4075 3020 4130 οὐκ
3070 4076 3420 4146 ἡλλοίωμαι.
3470 4075 3565 4128 Kal
3608 4069 3654 4122 τὸ

2115 4167 2431 4234 πεποίηται
2456 4163 2608 4235 γοῦν,
2635 4165 2806 4220 καὶτὸ
2827 4164 3194 4232 πέπλασται,
3219 4168 3315 4220 καὶ
3337 4166 3396 4219 τὸ
3424 4165 3660 4218 ἔκτισται

2116 4258 2178 4313 τὸ
2211 4258 2494 4327 ἄνθρωπον
2523 4257 2687 4312 αὐτὸν
2718 4257 2971 4326 γενέσθαι
3008 4260 3288 4327 σημαίνει.
3327 4257 3435 4311 Kal
3459 4255 3554 4323 γὰρ
3581 4239 3684 4304 καί

2115 4353 2143 4404 ὁ
2201 4353 2400 4422 Πέτρος
2454 4350 2715 4422 εἰρηκὼς,
2762 4352 2979 4421 Κύριον
3035 4353 3130 4406 καί
3187 4351 3445 4417 Χριστὸν
3499 4348 3661 4400 αὺτίν

2113 4446 2426 4516 ἐποίησεν,
2453 4446 2612 4509 εὐθὺς
2636 4447 2904 4515 ἐπήγαγε,
2938 4447 3154 4501 τοῦτον
3183 4446 3292 4500 τὸν
3332 4441 3572 4514 Ἰησοῦν,
3597 4437 3654 4490 ὃν

2119 4539 2288 4608 ὑμεῖς
2301 4538 2743 4608 ἐσταυρώσατε.
2767 4539 2846 4592 Οὐ
2875 4538 2983 4612 γὰρ
3006 4539 3216 4610 εἶρηκε,
3244 4538 3388 4592 καθὰ
3407 4535 3650 4604 προεῖπον.

421 4646 529 4697 que
555 4630 727 4695 enim,
760 4639 820 4686 ut
853 4640 980 4686 ante
1042 4632 1378 4700 monuimus,
1420 4613 1579 4699 dixit,
1620 4635 1774 4690 Fecit
1823 4637 2004 4708 ipsum

2112 4634 2398 4706 Ἐποίησεν
2417 4634 2580 4688 αὐτὸν
2601 4632 2794 4702 Λόγον,
2816 4633 2952 4688 ἀλλὰ
2984 4636 3205 4704 Κύριον.
3233 4634 3339 4688 Kal
3359 4633 3452 4701 οὐχ
3473 4624 3649 4685 ἀπλῶςο

422 4721 684 4787 Verbum,
717 4723 811 4778 sed
835 4723 1147 4789 Dominum,
1174 4741 1275 4780 nec
1318 4726 1660 4796 simplioiter,
1695 4727 1790 4781 sed
1820 4728 1874 4782 in
1919 4745 2008 4782 vos

422 4825 471 4868 et
519 4816 575 4868 in
601 4816 771 4869 medio
801 4824 1029 4872 vestrum
1060 4818 1204 4887 fecit,
1267 4818 1414 4888 quod
1452 4818 1677 4886 perinde
1720 4829 1824 4886 est,
1858 4835 1922 4874 ac
1965 4821 2011 4874 si

425 4911 654 4974 diceret,
711 4910 1029 4966 declaravit.
1073 4912 1129 4966 ld
1163 4915 1305 4982 quod
1336 4914 1452 4983 ipse
1486 4913 1681 4970 Petrus
1712 4915 1854 4969 hanc
1907 4915 2010 4970 do-

426 5001 665 5056 ctrinam
722 5002 1011 5057 exordiens
1042 5018 1167 5057 cum
1199 5004 1585 5059 observatione
1646 5005 2007 5076 signiﬁcabat,

423 5107 549 5148 cum
582 5089 800 5145 Jud:eos
825 5090 908 5147 sic
936 5089 1331 5162 alloqueretur,
1365 5091 1476 5148 Viri
1513 5084 1791 5160 Israelitw,
1818 5097 2001 5151 audite

415 5182 577 5254 uerba
624 5191 735 5238 lucc
763 5199 782 5238 :
816 5184 997 5239 Iesum
1042 5185 1381 5241 Nazarenam
1437 5188 1607 5240 uirum
1657 5189 2010 5257 approbatum

426 5294 458 5330 a
502 5275 610 5330 Deo
636 5277 690 5330 in
725 5276 864 5330 vobis
889 5279 1188 5344 virtutibus,
1219 5288 1268 5332 et
1299 5279 1576 5350 prodigiis,
1597 5289 1646 5334 et
1702 5281 1864 5351 signis
1895 5298 2011 5350 qua:

416 5369 546 5439 fecit
582 5367 719 5422 Deus
740 5385 833 5437 per
859 5369 1009 5423 illum
1037 5370 1092 5424 in
1121 5369 1292 5426 medio
1318 5373 1496 5437 vestri,
1524 5373 1658 5425 sicut
1690 5388 1777 5426 vos
1805 5372 1950 5426 scitis
1970 5375 2014 5429 ³.

2109 4727 2226 4781 ἀλλ’
2253 4730 2333 4792 εἰς
2355 4728 2522 4798 ὑμᾶς,
2551 4728 2644 4781 καὶ
2671 4729 2729 4780 ἐν
2763 4726 2912 4798 μέσῳ
2937 4727 3091 4796 ὑμῶν
3118 4727 3390 4798 ἐποίησεν,
3416 4725 3442 4778 ὅ
3464 4721 3565 4776 ἴσον
3588 4713 3657 4783 τῷ

2112 4823 2305 4886 εἰπεῖν,
2343 4819 2638 4884 Ἀπέδειξε.
2665 4819 2773 4872 Kal
2793 4820 2952 4872 τοῦτο
2979 4819 3278 4889 ἀρχόμενος
3304 4821 3330 4872 6
3359 4818 3545 4888 Πέτρος
3570 4807 3649 4875 τῆς

2113 4913 2370 4983 τοιαύτης
2399 4912 2748 4976 διδασκαλίας
2774 4913 2912 4981 μετὰ
2939 4913 3368 4983 παρατηρήσεως
3395 4908 3646 4976 ἐσήμανενι

2122 5005 2276 5075 ἡνίκα
2304 5003 2442 5075 πρὸς
2492 5005 2691 5066 αὐτοὺς
2740 5003 2948 5073 ἔλεγεν,
3005 5004 3248 5072 Ἄνδρες
3306 4994 3649 5070 Ἰσραηλῖται,

2111 5097 2414 5152 ἀκούσατε
2444 5095 2586 5160 τοὺς
2613 5097 2837 5164 λόγους
2858 5097 3113 5162 τούτους
3135 5115 3147 5126 ·
3189 5095 3400 5166 Ἄνδρα
3428 5091 3533 5146 ἀπὸ
3561 5083 3650 5139 τοῦ

2113 5190 2263 5246 Θεοῦ
2291 5188 2798 5258 ἀποδεδειγμένον
2831 5191 2920 5256 είς
2948 5187 3106 5259 ὑμᾶς
3134 5188 3443 5258 δυνάμεσι,
3471 5181 3555 5236 καί
3582 5175 3648 5230 τέ·

2104 5299 2274 5354 μασι,
2325 5282 2425 5336 καί
2481 5282 2780 5351 σημείοις,
2829 5275 2922 5348 οἶς
2978 5281 3232 5348 ἐποίησε
3283 5280 3357 5335 δι’
3410 5271 3577 5331 αὐτοῦ
3621 5267 3648 5320 ὁ

2118 5377 2264 5444 Θεὸς
2290 5375 2361 5429 ἐν
2383 5375 2552 5444 μέσῳ
2579 5372 2767 5444 ὑμῶν,
2801 5373 2998 5441 καθὼς
3026 5374 3197 5429 αὐτοὶ
3231 5375 3444 5428 οἴδατε.
3473 5369 3537 5421 Τὸ
3560 5362 3646 5430 ἄρα

426 5460 584 5526 Quod
623 5460 768 5516 enim
801 5463 856 5514 in
887 5462 1153 5516 orationis
1183 5461 1288 5518 ﬁne
1327 5463 1533 5518 dictum
1564 5473 1650 5518 est
1679 5464 1824 5533 fecit,
1879 5465 2004 5522 dicit

2119 5469 2254 5541 πρὸς
2283 5469 2344 5521 τὸ
2375 5469 2527 5529 τέλος
2551 5468 2804 5534 ἐποίησε
2829 5467 3142 5536 λεγόμενον,
3174 5466 3330 5521 τοῦτο
3356 5466 3411 5517 ἐν
3438 5462 3498 5530 τῇ
3527 5450 3643 5541 ἀρζθ

428 5554 520 5611 hic
582 5555 924 5624 approbavit,
958 5571 1057 5612 seu
1087 5555 1413 5611 declaravit.
1446 5555 1525 5610 Ex
1551 5555 1718 5626 signis
1746 5559 1894 5613 enim
1955 5567 2004 5613 el

2116 5536 2338 5636 εέρηκεν
2366 5560 2703 5625 ἀπέδειξεν.
2750 5560 2886 5613 Ἀπὸ
2915 5560 3026 5631 γὰρ
3063 5561 3170 5614 τῶν
3200 5558 3451 5630 σημείων,
3482 5545 3561 5602 καὶ
3584 5536 3642 5636 ξω

431 5645 597 5702 rebus
618 5648 958 5704 admirandis
1014 5663 1150 5718 quas
1181 5647 1448 5705 Dominus
1479 5647 1634 5712 fecit.
1665 5666 1775 5705 non
1793 5650 2004 5722 simpliv

427 5741 568 5799 clter
593 5741 902 5801 declaratus
929 5753 1016 5800 est
1044 5744 1230 5809 homo,
1251 5744 1343 5801 sed
1367 5745 1422 5800 in
1469 5759 1698 5815 corpore
1760 5745 2004 5802 humano

499 5887 515 5918 '
549 5838 680 5943 Luc.
712 5901 858 5958 μιν,
893 5887 979 5944 50.
1058 5889 1076 5920 ⁸
1107 5888 1228 5946 Act.
1257 5904 1316 5954 ιι,
1349 5888 1437 5946 56.
1512 5887 1530 5922 ³
1553 5889 1679 5947 ibid.
1710 5890 1800 5946 9‘2.

2119 5633 2345 5721 ἐποίησε
2377 5653 2698 5722 θαυμασίων
2727 5653 2755 5704 6
2787 5652 2988 5723 Κύριος
3009 5693 3024 5714 ,
3057 5651 3347 5722 ἀπεδείχθη
3371 5649 3460 5713 οὐχ
3488 5633 3641 5723 ἁπλῶς

2118 5746 2430 5816 ἄνθρωπος,
2459 5742 2594 5799 ἀλλὰ
2625 5742 2756 5808 ea..-
2783 5741 2858 5798 ὢν
2887 5745 2943 5796 ὲν
2962 5722 3208 5815 σώματι,
3239 5742 3332 5796 καὶ
3359 5735 3540 5808 Κύριος
3563 5722 3638 5780 αι»
