3838 6554
542 432 656 498 379

1782 430 2171 493 EUTIIYMII
2218 431 2591 492 ZIGABENI
3655 450 3729 515 383

542 549 822 616 inquiunt,
841 553 1057 602 constat
1078 544 1276 600 similia
1314 560 1410 615 per
1440 546 1586 599 aliud
1607 546 1787 601 simile
1809 546 1921 600 ﬁeri
1950 560 2109 614 posse

2243 544 2409 597 πολὺν
2438 542 2597 613 ὄχλον
2624 544 2950 615 ὲπιρῤέοντα
2996 544 3250 615 μεσιτῶν,
3287 545 3376 600 καὶ
3406 546 3563 618 οὕτως
3585 557 3729 615 ἀεὺνιι.

540 641 671 707 Qua:
701 641 786 692 isti
812 655 935 691 cum
960 638 1170 695 dicunt.
1207 637 1398 698 miror,
1427 654 1527 691 cur
1556 654 1664 692 non
1697 654 1756 692 se
1812 638 1863 691 in
1894 638 2123 691 latebris

536 733 795 789 condant.
840 746 908 783 ne
936 746 1045 799 prae
1072 730 1283 795 pudore
1308 730 1742 785 confundantur.
1796 730 1974 785 Moses
2010 745 2123 783 non

538 826 605 877 ad
647 824 947 877 creandum
977 824 1177 877 missus
1199 833 1305 885 est,
1343 838 1526 892 neque
1557 808 1623 877 ad
1684 826 1989 878 vocandum
2036 840 2120 886 ea,

537 932 656 984 quae
671 931 777 969 non
801 925 951 975 sunt,
991 925 1049 969 ut
1073 922 1279 976 essent,
1309 931 1484 983 neque
1506 916 1571 970 ad
1607 916 1689 969 sui
1713 915 1923 970 similes
1948 916 2123 969 homi-

537 1024 637 1061 nes
668 1008 990 1062 conﬁandos
1029 1018 1077 1060 et
1121 1008 1477 1078 elﬁngendas,
1513 1009 1609 1062 sed
1643 1010 1727 1061 ad
1757 1025 1957 1062 munus
2018 1008 2123 1061 hoc

538 1101 966 1157 observandum.
988 1109 1046 1153 ut
1067 1100 1159 1153 Dei
1179 1101 1344 1153 verba
1373 1100 1575 1169 populo
1606 1109 1659 1153 et
1694 1098 1962 1152 Pharaoni
2007 1099 2120 1169 regi

540 1192 849 1247 nuntiaret.
878 1191 1015 1257 Quis
1043 1201 1224 1245 autem
1256 1190 1523 1245 inﬁnitam
1563 1192 1615 1243 in
1638 1190 1721 1243 bis
1752 1189 2119 1244 diﬁcreutiam

540 1300 646 1337 non
684 1284 851 1347 videt,
887 1299 1009 1337 cum
1048 1283 1337 1355 legationis
1384 1299 1609 1337 munere
1673 1283 1822 1351 iungi
1856 1290 1911 1336 et
1958 1284 2121 1336 mini-

539 1390 715 1430 szrare
740 1378 810 1430 sit
836 1391 1047 1439 eorum,
1079 1391 1200 1445 qua:
1240 1385 1423 1429 creata
1459 1386 1509 1430 et
1568 1390 1726 1428 serva
1778 1383 1931 1435 sunt,
1989 1390 2121 1445 pro-

540 1468 947 1537 prium,facere
982 1477 1248 1521 autemet
1306 1452 1598 1537 procreare
1654 1467 1827 1522 solius
1890 1466 2008 1535 Dei,
2067 1476 2123 1521 et

544 1562 701 1614 Verbi
732 1562 922 1630 ipsius,
958 1568 1013 1615 et
1041 1560 1367 1629 sapientiae?
1442 1559 1793 1629 Quapropter
1818 1560 2005 1614 nullus
2039 1560 2122 1613 in-

546 1654 754 1713 veniet,
798 1669 1130 1723 quemquam
1169 1668 1483 1722 procreare,
1511 1654 1611 1707 nisi
1650 1655 1830 1708 solum
1861 1654 1952 1709 Dei
1983 1653 2121 1708 Ver-

538 1746 905 1801 bum.0:uuia
934 1747 1079 1800 enim
1113 1747 1167 1800 in
1198 1746 1471 1815 sapientia
1515 1746 1655 1802 facta
1702 1757 1849 1811 sunt,
1894 1756 1949 1802 et
2000 1749 2121 1803 sine

548 1838 727 1892 Verbo
763 1854 831 1891 ne
863 1854 1029 1891 unum
1059 1818 1280 1907 quidam
1306 1839 1510 1894 factum
1543 1849 1667 1895 est:
1699 1840 1767 1894 ad
1796 1842 1901 1895 alia
1934 1852 2116 1897 autem

539 1946 766 1984 munera
798 1932 1048 1985 obeunda
1072 1947 1177 1983 non
1199 1948 1339 1987 unus
1355 1948 1421 1987 ex
1448 1932 1705 1987 omnibus
1728 1934 2003 2005 deligitur,
2023 1936 2121 1989 sed

540 2024 718 2086 inulti,
747 2039 883 2092 quos
914 2024 1032 2078 vult
1056 2024 1171 2089 ipse
1207 2024 1367 2079 Deus.
1396 2026 1545 2080 Multi
1598 2026 1743 2081 enim
1776 2028 1980 2081 adsunt
2027 2043 2120 2080 ar-

538 2116 815 2185 changeli,
844 2116 995 2170 multi
1028 2115 1261 2180 'l‘liroui,
1331 2119 1516 2173 multa:
1555 2120 1882 2183 Potestates,
1935 2120 2122 2175 multa

539 2206 970 2268 Doniinationes,
1002 2208 1422 2265 innumerabilia
1447 2212 1683 2281 denique
1734 2223 1935 2282 praesto
1994 2224 2122 2268 sunt

537 2298 703 2351 millia
730 2300 1130 2365 ministrorum,
1168 2304 1259 2372 qui
1296 2306 1531 2374 prompti
1558 2308 2121 2374 cxspectantmitten-

533 2392 602 2443 tis
631 2391 941 2461 imperium.
975 2393 1260 2465 Propheta:
1284 2408 1540 2466 praeterea
1573 2400 1751 2461 multi,
1786 2410 1841 2454 et
1894 2412 2118 2470 aposto-

536 2482 569 2535 li
600 2483 911 2547 duodecim,
942 2497 995 2539 et
1042 2486 1262 2552 Paulus,
1302 2488 1553 2546 etllloses
1606 2490 1745 2561 ipse,
1798 2508 1901 2547 nec
1967 2494 2118 2548 solus

534 2582 741 2640 tamen,
793 2577 889 2632 sed
914 2588 969 2632 et
1018 2578 1195 2633 Aaron
1228 2597 1351 2635 cum
1384 2582 1523 2651 ipso,
1575 2593 1631 2637 ct
1673 2584 1763 2638 alii
1797 2585 1925 2639 item
1990 2602 2118 2655 sep-

536 2667 784 2734 tuaginta
816 2669 925 2723 duo
958 2670 1215 2739 discipuli
1260 2672 1453 2740 repleti
1521 2673 1731 2743 Spiritu
1794 2685 2005 2741 sancto,
2062 2686 2118 2730 et

535 2758 666 2811 Mosi
693 2762 957 2814 successit
993 2760 1157 2815 Jusue
1191 2763 1333 2815 ﬁlius
1360 2762 1529 2823 Nave,
1562 2774 1617 2818 et
1650 2766 1777 2818 huic
1838 2765 1941 2834 ipsi
2018 2764 2115 2819 Ju-

531 2853 699 2917 dires,
732 2862 785 2907 et
820 2853 905 2907 his
952 2870 1058 2908 non
1085 2872 1252 2919 unus,
1288 2858 1384 2910 sed
1413 2857 1567 2912 multi
1624 2874 1799 2928 reges.
1864 2859 2031 2929 Quod:
2069 2862 2113 2914 si

528 2956 765 3013 creatus,
798 2958 850 3003 cl
880 2966 1019 3004 unus
1046 2966 1110 3005 ex
1143 2952 1209 3005 iis
1232 2953 1322 3021 qui
1359 2952 1492 3007 facti
1528 2965 1676 3017 sunt.
1740 2964 1860 3010 erat
1920 2956 2112 3021 Filius,

530 3054 654 3093 esse
742 3041 944 3095 multos
992 3042 1262 3109 ejusmodi
1319 3043 1461 3099 ﬁlios
1495 3049 1811 3115 Oportebat,
1873 3055 1933 3103 ut
1970 3051 2112 3104 mul-

532 3144 616 3185 tos
697 3132 970 3201 ejusmodi
1062 3134 1345 3191 ministros
1417 3138 1641 3193 haberet
1712 3142 1897 3205 Deus,
1977 3159 2111 3212 que-

2226 653 2317 688 τον
2358 635 2662 705 ὑποστῆναι
2701 638 2800 704 τὴν
2838 638 3042 701 κτίσιν,
3095 639 3183 691 ἀεὶ
3243 641 3454 708 μεσίτου
3505 647 3727 722 δεομένηνν

2224 728 2317 779 καὶ
2340 726 2432 780 τοῦ
2459 729 2625 797 μέσου
2662 728 2736 798 μὴ
2766 728 3067 797 δυναμένου
3099 730 3347 798 γενέσθαι
3395 738 3547 805 χωρὶς
3584 743 3726 815 ἑτέρου

2225 820 2473 889 μεσίτου,
2514 820 2600 873 διὰ
2627 821 2685 873 τὸ
2713 820 2921 885 πάντας
2974 817 3115 875 εἶναι
3148 822 3249 892 τῆς
3277 829 3497 896 γενητῆς
3544 833 3725 904 φύσεως,

2224 913 2321 981 τῆς
2381 914 2458 982 μὴ
2492 914 2800 983 δυναμένης
2855 918 3153 986 μετασχεῖν
3183 918 3281 987 τῆς
3308 922 3450 990 παρὰ
3499 928 3632 993 μόνον
3657 935 3723 988 τοῦ

2225 1004 2360 1057 Θεοῦ
2388 1006 2676 1071 ἐργασίας,
2707 1008 2783 1070 ὡς
2827 1008 2986 1076 ὑμεῖς
3016 1008 3224 1077 λέγετε.
3269 1011 3410 1064 Ἀλλ’
3463 1017 3575 1081 ἰδοὺ,
3611 1029 3724 1094 φησὶ,

2225 1100 2320 1149 καὶ
2348 1098 2435 1151 διὰ
2474 1101 2715 1161 Μωσέως
2749 1100 2985 1171 ἐξήγαγε
3020 1101 3111 1155 τὸν
3133 1102 3260 1154 λαδν
3298 1104 3353 1171 ἐξ
3373 1107 3637 1176 Αἰγύπτου,
3662 1122 3728 1172 καὶ

2224 1190 2290 1243 δι’
2318 1192 2482 1245 αὑτοῦ
2536 1193 2627 1244 τὸν
2678 1193 2844 1261 νόμον
2884 1193 3075 1256 ἔδωκε,
3137 1197 3313 1251 καίτοι
3346 1200 3433 1252 καὶ
3464 1205 3608 1258 αὐτοῦ
3632 1226 3727 1278 τυγ.

2224 1284 2481 1353 χάνοντος
2506 1284 2816 1353 ἀνθρώπου.
2846 1285 2987 1340 ὥστε
3013 1288 3233 1342 δυνατὸν
3265 1293 3357 1345 καὶ
3381 1293 3461 1346 διὰ
3485 1297 3565 1349 τοῦ
3589 1301 3726 1367 ὁμοίου

2224 1379 2294 1428 τὰ
2316 1377 2474 1447 ὅμοια
2502 1379 2767 1446 γίνεσθαι.
2827 1379 3000 1434 Τοῦτο
3034 1380 3088 1434 δὲ
3125 1382 3309 1450 λέγειν
3342 1389 3526 1451 αὐτοὺς
3554 1393 3729 1459 ἐγκαλυ-

2226 1469 2533 1536 πτομένους
2578 1471 2841 1539 ἔπρεπεν,
2891 1472 2979 1526 ἵνα
3028 1472 3103 1543 μὴ
3139 1474 3337 1547 πολλὴν
3374 1480 3607 1550 αἰσχύνην
3634 1487 3728 1540 ἀπε.

2225 1560 2549 1627 νέγκωντσιι.
2595 1563 2837 1633 Μωῦσῆς
2869 1564 2978 1634 γὰρ
3008 1567 3068 1618 οὐ
3104 1567 3453 1641 δημιουργεῖν
3491 1576 3727 1649 ἐπέμπετο,

2224 1652 2341 1706 οὐδὲ
2374 1654 2442 1707 τὰ
2478 1656 2549 1725 μὴ
2602 1656 2731 1709 ὄντα
2774 1658 2853 1721 είς
2893 1658 2953 1710 τὸ
2991 1653 3134 1711 εἶναι
3170 1660 3415 1727 καλέσαι,
3460 1667 3545 1718 καὶ
3579 1670 3729 1727 πλάσαι

2223 1749 2348 1809 τοὺς
2374 1748 2596 1817 ὁμοίους
2621 1748 2963 1820 ἀνθρώπους,
2998 1751 3138 1805 ἀλλὰ
3160 1753 3476 1825 διακονῆσαι
3507 1763 3641 1829 μόνον
3663 1771 3728 1837 pii.

2226 1856 2372 1907 ματα
2401 1840 2539 1909 πρὸς
2564 1841 2653 1893 τδν
2691 1842 2845 1906 λαὸν,
2891 1844 2984 1896 καὶ
3024 1847 3163 1913 πρὸς
3191 1846 3282 1898 τὸν
3324 1845 3532 1917 βασιλέα
3558 1855 3725 1926 Φαραώ.

2231 1930 2383 1999 Ἔχει
2409 1933 2463 1985 δὲ
2489 1933 2647 1987 τοῦτο
2674 1935 2878 2008 πολλὴν
2909 1941 3009 2007 τὴν
3034 1938 3326 2011 δαφορὰν,
3357 1942 3435 1995 ὅτι
3463 1943 3516 1996 τὸ
3544 1949 3624 2015 μὲν
3646 1950 3726 2004 δια-

2226 2023 2405 2076 κονεῖν
2457 2024 2566 2077 τῶν
2610 2027 2858 2097 γενητῶν
2911 2030 3005 2084 καὶ
3043 2031 3251 2085 δούλων
3306 2034 3453 2100 ἐστὶ,
3486 2038 3538 2091 τὸ
3580 2041 3624 2095 δὲ
3661 2044 3727 2117 δη·

2228 2119 2511 2187 μιουργεῖν
2569 2120 2665 2171 καὶ
2691 2121 2896 2185 κτίζειν
2925 2122 3090 2192 μόνου
3116 2125 3211 2178 τοῦ
3249 2126 3380 2179 Θεοῦ
3410 2129 3533 2193 ἐστι,
3565 2136 3726 2191 καὶτοῦ

2226 2208 2356 2262 ἰδίου
2384 2210 2556 2278 Λόγου
2588 2213 2775 2276 αὐτοῦ,
2806 2215 2898 2266 καὶ
2945 2216 3047 2285 τῆς
3091 2219 3308 2286 σοφίας.
3361 2222 3454 2275 Διὰ
3484 2224 3617 2279 τοῦτο
3634 2229 3727 2296 γοῦν

2222 2300 2314 2353 ἐπὶ
2345 2300 2443 2369 μὲν
2476 2300 2570 2354 τοῦ
2602 2302 2958 2373 δημιουργεῖν
2984 2306 3087 2359 οὐκ
3153 2308 3219 2362 ἄν
3254 2326 3335 2372 τις
3381 2311 3525 2365 ἄλλον
3551 2314 3723 2389 εὖροι,ἢ

2231 2393 2393 2462 μόνον
2422 2394 2513 2445 τὸν
2536 2393 2628 2447 τοῦ
2657 2395 2794 2449 Θεοῦ
2825 2398 3002 2464 Λόγον
3026 2416 3041 2431 ·
3076 2400 3252 2453 πάντα
3289 2405 3395 2473 γὰρ
3428 2406 3479 2457 ὲν
3514 2409 3645 2479 σοφίᾳ
3661 2410 3725 2476 γέ.

2222 2500 2371 2553 γονε,
2412 2485 2505 2540 καὶ
2535 2488 2701 2556 χωρὶς
2734 2488 2825 2542 τοῦ
2856 2490 3034 2558 Λόγου
3089 2492 3310 2559 ἐγένετο
3348 2496 3461 2548 οὐδὲ
3515 2498 3592 2550 ἒν·
3627 2502 3723 2571 πρὸς

2223 2577 2278 2629 δὲ
2301 2579 2395 2641 τὰς
2417 2578 2692 2639 διακονίας
2720 2582 2819 2650 οὐχ
2846 2576 2947 2648 εἷς,
2977 2583 3100 2638 ἀλλ’
3150 2586 3215 2639 ὲκ
3258 2588 3467 2641 πάντων
3496 2591 3648 2645 πολλοί
3671 2596 3725 2645 εί·

2225 2685 2330 2732 σιν,
2359 2668 2453 2731 οὓς
2485 2669 2550 2723 ἂν
2583 2670 2713 2743 οέλῃ
2748 2673 2990 2743 πέμπειν
3026 2679 3053 2729 6
3076 2676 3305 2748 Κύριος.
3339 2682 3515 2735 Πολλοὶ
3554 2683 3723 2753 μὲνγὰρ

2222 2760 2468 2828 ἄγγελοι,
2504 2764 2692 2817 πολλοὶ
2724 2766 2779 2819 δὲ
2805 2767 3009 2837 θρόνοι,
3064 2770 3162 2822 καὶ
3197 2771 3446 2837 ἐξουσίαι,
3478 2776 3559 2828 καὶ
3590 2778 3723 2845 κυριόο

2218 2871 2416 2920 τητες,
2453 2857 2627 2925 χίλιαι
2670 2858 2933 2928 χιλιάδες,
2969 2863 3063 2915 καὶ
3110 2864 3304 2936 μύριαι
3342 2867 3575 2937 μυριάδες
3598 2886 3722 2937 παρε-

2219 2943 2452 3011 στήκασι
2496 2945 2828 3017 λειτουργῶν
2866 2955 2957 3003 καὶ
2992 2952 3231 3021 ἑτοίμων
3289 2955 3366 3017 εἰς
3394 2954 3450 3007 τὸ
3474 2954 3723 3019 ὲξαποστὲλ·

2216 3034 2426 3091 λεσθαι.
2462 3039 2569 3091 Kal.
2602 3042 2885 3111 προφῆται
2945 3044 3047 3112 μὲν
3109 3044 3316 3110 πολλοί,
3371 3051 3460 3101 καὶ
3504 3048 3720 3101 ἀπόστολοι

2217 3129 2349 3184 δέκα
2391 3131 2623 3197 καὶδύο,
2653 3135 2747 3187 καὶ
2784 3134 3014 3199 Παῦλος,
3066 3140 3161 3191 καὶ
3192 3139 3423 3209 Μωῦσῆς
3454 3140 3502 3193 δὲ
3532 3141 3657 3201 αὐτὸς
3680 3143 3719 3193 οὔ

532 3223 880 3279 madmodum
933 3233 987 3281 et
1049 3228 1103 3281 in
1179 3228 1299 3282 aliis
1350 3230 1645 3286 ordinibus
1734 3234 1891 3287 multi
1956 3244 2110 3289 sunt.

2220 3222 2400 3289 μόνος,
2423 3225 2559 3279 ἀλλὰ
2588 3229 2682 3279 καὶ
2726 3229 2937 3296 Ἀαρὼν
2976 3232 3074 3282 σὺν
3112 3230 3283 3302 αὐτῷ,
3336 3234 3426 3286 καὶ
3459 3235 3573 3302 μετὰ
3602 3235 3721 3287 ταῦτα

532 3317 690 3381 Quod
721 3318 764 3373 si
794 3334 902 3373 non
932 3320 1059 3374 licet
1080 3322 1184 3375 hoc
1224 3321 1447 3385 intueri,
1470 3324 1566 3377 sed
1629 3339 1751 3376 cum
1798 3326 1982 3378 multae
2029 3342 2112 3379 res

532 3422 729 3465 ereatm
770 3412 897 3477 sint,
924 3429 1090 3467 unum
1123 3414 1387 3467 duntaxat
1426 3415 1657 3470 Verbum
1698 3425 1799 3482 cst,
1852 3419 1973 3487 quis
2004 3435 2111 3474 non

532 3500 919 3555 animadvertit
960 3502 1214 3557 Filiuma
1285 3505 1449 3558 rebus
1503 3508 1755 3560 omnzbus
1814 3510 2113 3576 procreatis

539 3593 611 3644 ita
653 3592 897 3656 ώσω-τε,
926 3605 984 3647 ιιι
1024 3594 1161 3647 nihil
1192 3597 1400 3664 aequale
1425 3612 1548 3651 cum
1588 3598 1694 3652 illis
1741 3599 1960 3662 habeat.
2018 3602 2111 3656 scd

532 3683 716 3736 omnia
745 3700 868 3737 cum
906 3684 1067 3739 Patre
1124 3689 1347 3756 propria
1396 3697 1451 3742 et
1498 3690 1698 3758 paria?
1743 3691 2109 3756 Quamobrem

532 3795 643 3831 non
680 3778 847 3831 multa
880 3788 1008 3832 sunt
1046 3778 1242 3847 Verba,
1276 3781 1371 3835 sed
1402 3797 1573 3835 unum
1605 3782 1781 3837 Patris
1843 3782 2107 3850 Verbum,

530 3881 583 3931 cl
614 3886 721 3931 una
763 3871 940 3947 imago
971 3871 1093 3925 Dei.
1123 3872 1192 3926 At
1242 3874 1321 3926 sol
1382 3875 1569 3937 etiam,
1643 3874 1923 3945 inquiunt,
1948 3862 2112 3932 'solus

531 3981 632 4035 est,
664 3978 877 4025 ctterra
895 3963 1235 4023 una.E‘adcm
1258 3965 1469 4020 ratione
1490 3966 1678 4021 dicant
1712 3968 1877 4021 etiam
1907 3984 2110 4038 aquam

530 4080 652 4119 esse
687 4078 873 4126 uuam,
906 4069 959 4115 et
996 4062 1173 4130 ignem
1210 4076 1331 4113 esse
1359 4075 1553 4124 unum,
1592 4060 1844 4115 homines
1884 4062 2111 4131 imperi-

533 4158 588 4209 ti.
613 4153 703 4223 qui
728 4154 976 4206 nesciunt
994 4150 1419 4218 unumquodque
1433 4166 1647 4215 eorum,
1667 4167 1787 4220 quae
1805 4152 1943 4208 facta
1963 4166 2112 4221 sunt,

528 4252 609 4302 sic
631 4263 794 4301 unum
809 4262 932 4299 esse
955 4255 1147 4299 natura
1167 4259 1285 4305 sua,
1305 4252 1365 4297 ut
1384 4259 1493 4298 non
1514 4245 1585 4299 ob
1605 4244 1653 4297 id
1676 4255 1858 4300 tamen
1880 4248 1947 4301 ad
1966 4248 2113 4316 ejus-

531 4340 675 4396 modi
701 4337 1324 4409 munusexsequendum
1374 4336 1444 4390 sit
1491 4337 1769 4391 idoneum.
1826 4336 1921 4391 Sic
1961 4340 2107 4393 enim

530 4434 745 4505 singula
834 4446 1003 4485 unum
1070 4439 1219 4491 sunt,
1301 4438 1360 4483 ut
1420 4437 1607 4483 mutua
1660 4431 1815 4499 quasi
1869 4431 2111 4485 membra

529 4529 784 4599 quaedam
835 4527 983 4581 inter
1031 4540 1090 4579 se
1137 4526 1269 4587 sint.
1326 4534 1382 4580 et
1448 4542 1617 4579 unum
1708 4525 2112 4592 quodammodo

528 4637 734 4691 corpus
792 4620 1055 4675 nmudum
1105 4618 1421 4674 conﬁciant.
1482 4619 1635 4686 Quod
1667 4620 1707 4673 si
1733 4619 1925 4672 Filium
1948 4621 2112 4674 etiam

531 4717 699 4769 talem
778 4714 1114 4775 existimant,
1198 4713 1536 4781 repellantur
1607 4714 1674 4765 ab
1726 4712 2006 4773 omnibus,
2058 4724 2115 4769 ut

529 4808 627 4877 qui
734 4815 945 4876 partem
1046 4804 1419 4858 uiiivei‘sitatis
1498 4802 1735 4858 Verbqu
1838 4814 2111 4865 asserunt,

530 4910 590 4953 et
622 4906 831 4967 partem
867 4895 1163 4966 ejusmodi,
1195 4909 1315 4963 qua:
1362 4893 1482 4947 sine
1518 4894 1639 4947 aliis
1670 4895 1919 4963 partibus
1968 4909 2111 4947 com-

532 4992 761 5047 missum
784 4991 881 5044 sibi
916 5005 1115 5043 munus
1142 4989 1291 5042 obire
1310 5002 1414 5040 non
1451 4986 1641 5055 possit.
1672 4986 1816 5039 Istuc
1842 4997 2026 5040 autem
2063 4988 2111 5040 si

534 5086 695 5155 plane
719 5094 933 5141 constat
970 5097 1091 5138 esse
1116 5082 1366 5150 impium,
1399 5088 1701 5149 agnoscant
1736 5077 1969 5133 Verbum
2002 5096 2111 5133 non

536 5187 907 5250 procreatum,
930 5176 1023 5231 sed
1050 5176 1289 5229 omnium
1326 5172 1835 5243 procreatorcm.At
1870 5173 2013 5225 enim
2044 5174 2112 5226 ita

534 5272 737 5326 factum
804 5283 859 5326 et
908 5278 1156 5325 creatum
1189 5266 1481 5329 aliirmaut,
1516 5274 1574 5318 ut
1607 5262 1675 5318 ab
1723 5264 1982 5318 eﬂectore
2016 5282 2115 5319 suo

536 5374 792 5433 tanquam
819 5378 849 5417 a
878 5362 1140 5429 magistro
1179 5356 1439 5412 didicerit
1470 5369 1782 5426 procreare,
1837 5364 2003 5423 atque
2041 5356 2113 5410 ita

538 5454 857 5529 praeceptori
892 5456 1000 5508 Deo
1042 5452 1332 5506 inservire.
1404 5449 1531 5503 Ilaec
1564 5451 1711 5503 enim
1776 5458 1830 5503 et
1865 5448 2116 5503 Asterius

534 5550 802 5619 sophista,
850 5555 909 5601 ut
956 5545 1046 5614 qui
1105 5544 1297 5599 didicit
1342 5556 1543 5609 negare
1574 5542 1767 5604 Deum.
1817 5558 1984 5598 ausus
2032 5552 2118 5599 est

532 5642 840 5696 litterarum
898 5635 1267 5691 monumentis
1314 5633 1592 5699 mandare,
1626 5650 1728 5689 nec
1774 5635 2116 5688 aniruadvi-r-

534 5736 618 5797 tit,
667 5747 829 5803 quam
867 5730 1101 5786 absurda
1135 5728 1265 5796 sint,
1313 5744 1434 5798 qua:
1463 5744 1527 5783 ex
1565 5728 1648 5781 his
1681 5736 2114 5794 consequuntur.

533 5828 669 5881 Nam
723 5825 768 5879 si
814 5822 1037 5879 creandi
1087 5822 1226 5875 ratio
1257 5820 1441 5874 doceri
1485 5827 1685 5888 potest,
1744 5827 1994 5883 caveant,
2046 5835 2115 5875 ne

538 5921 707 5975 Deam
742 5916 908 5972 etiam
939 5915 1114 5986 ipsum
1148 5928 1259 5970 non
1289 5920 1506 5977 natura,
1553 5909 1649 5967 sed
1679 5909 1924 5968 doctrina.
1982 5926 2109 5982 fro-

2216 3313 2367 3367 ἄλλοι
2423 3317 2803 3387 ἐϐδομήκοντα
2833 3321 3155 3389 Πνεύματος
3190 3322 3562 3395 ἐπληρώθησαν
3590 3325 3719 3392 ἁγίου.

2217 3407 2325 3459 Καὶ
2363 3408 2600 3479 Μωῦσῆν
2641 3412 2917 3476 διεδέξατο
2957 3414 3166 3485 Ἰησοῦς
3202 3416 3229 3469 6
3254 3418 3440 3486 Ναυῆ,
3474 3419 3721 3471 κάκεῖνονοί

2216 3501 2421 3569 κριταὶ,
2456 3504 2741 3567 κάκείνους
2772 3505 2871 3575 οὐχ
2900 3500 3001 3570 εἷς,
3046 3508 3186 3561 ἀλλὰ
3244 3509 3473 3562 πλεῖστοι
3521 3510 3719 3579 βισιλεῖς.

2216 3593 2391 3663 Εἴπερ
2419 3590 2511 3647 οῦν
2542 3597 2754 3667 κτίσμα
2793 3595 2883 3669 ἦν,
2927 3600 3018 3653 καὶ
3046 3601 3158 3654 τῶν
3194 3602 3429 3672 γενητῶν
3456 3604 3481 3656 ὁ
3511 3602 3627 3666 Υἱὸς,
3646 3603 3722 3655 ἔδει

2217 3686 2445 3751 πολλοὺς
2470 3683 2611 3742 εἶναι
2642 3690 2913 3753 τοιούτους
2940 3692 3124 3757 Υίοὺς,
3148 3695 3233 3747 ἵνα
3264 3695 3357 3748 καὶ
3378 3694 3580 3757 πολλοὺς
3596 3693 3717 3745 τοιού-

2214 3796 2340 3842 τους
2371 3780 2651 3845 διακόνους
2680 3783 2776 3855 ἔχῃ
2799 3786 2826 3837 6
2855 3784 3009 3847 Θεὸς,
3039 3785 3293 3857 καθάπερ
3327 3790 3413 3841 καί
3449 3789 3532 3842 ἐπὶ
3552 3786 3638 3839 τῶν
3656 3786 3719 3838 ἆλ-

2214 3870 2323 3924 λων
2354 3873 2554 3944 πλῆθός
2585 3875 2753 3929 ὲστ;ν.
2790 3877 2849 3928 Et
2880 3876 2935 3928 δὲ
2968 3876 3130 3931 τοῦτο
3180 3879 3279 3931 οὐκ
3311 3878 3450 3931 ἔστιν
3482 3876 3720 3944 ίδεῖν,ἀλ),ὰ

2214 3964 2283 4017 τὰ
2314 3964 2414 4035 μὲν
2465 3968 2739 4036 κτίσματα
2767 3968 2961 4030 πολλὰ,
3014 3973 3040 4023 6
3068 3970 3126 4023 δὲ
3156 3972 3325 4038 Λόγος
3356 3966 3430 4035 εἷς
3459 3974 3576 4032 ἐστι.
3598 3970 3659 4033 τίς
3679 3969 3721 4020 οὐ

2218 4061 2419 4131 συνορᾷ
2450 4061 2541 4113 καὶ
2562 4063 2625 4114 ὲκ
2656 4060 2885 4126 τούτων,
2915 4063 2997 4115 ὅτι
3027 4064 3054 4116 ὁ
3092 4063 3219 4127 Tib;
3250 4064 3489 4134 διέστηκε
3520 4063 3607 4116 τῶν
3627 4062 3720 4113 πᾶν·

2214 4170 2342 4217 των,
2376 4153 2469 4206 καὶ
2489 4155 2548 4206 οὐ
2602 4155 2741 4222 πρὸς
2792 4156 2859 4209 τὰ
2923 4156 3205 4224 κτίσματα
3255 4156 3349 4229 τὴν
3379 4155 3715 4223 ἑξίσωσινὲχει,

2215 4245 2353 4299 ἀλλὰ
2398 4246 2536 4315 πρὸς
2585 4250 2674 4300 τὸν
2714 4247 2934 4317 Πατέρα
2987 4246 3087 4319 τὴν
3148 4248 3415 4318 ἰδιότητας
3452 4248 3589 4301 Ὅθεν
3635 4243 3717 4298 οὐδὲ

2217 4337 2401 4390 πολλοὶ
2441 4338 2627 4405 Λόγοι,
2676 4340 2813 4394 ἀλλὰ
2844 4339 3005 4410 μόνος
3048 4335 3131 4405 είς
3166 4340 3261 4395 τοῦ
3294 4341 3408 4403 ἐνὸς
3438 4339 3619 4409 [ἰατρὸς
3648 4336 3719 4389 Δὸ·

2215 4446 2330 4496 γος,
2365 4430 2459 4483 καὶ
2489 4430 2585 4500 μία
2616 4430 2709 4483 τοῦ
2742 4430 2876 4483 Θεοῦ
2916 4430 3079 4485 εἰκών
3106 4433 3273 4485 ἐστιν.
3321 4430 3455 4485 Ἀλλ’
3478 4430 3588 4494 ἰδοὺ,
3610 4427 3717 4496 φησὶν

2218 4524 2312 4577 καὶ
2335 4524 2362 4575 6
2397 4523 2545 4593 ἥλιος
2584 4522 2743 4591 μόνος
2780 4519 2882 4587 εἷς,
2910 4524 3008 4578 καὶ
3035 4526 3066 4596 ὴ
3103 4526 3176 4594 γῆ
3208 4525 3326 4587 μία.
3351 4524 3453 4577 Καὶ
3474 4524 3516 4576 οί
3544 4523 3719 4590 ἄφρονες

2220 4616 2553 4673 εἰπάτωσαν,
2583 4614 2665 4667 ὅτι
2695 4617 2788 4667 καὶ
2824 4615 2968 4685 ὕδωρ
3002 4617 3082 4680 ἓν,
3121 4619 3213 4670 καὶ
3246 4617 3356 4688 πῦρ
3401 4616 3474 4682 ἒν,
3508 4615 3579 4667 iv:
3603 4608 3721 4665 ἀκού-

2222 4724 2388 4759 σωσιν
2410 4708 2491 4759 ὅτι
2521 4705 2630 4757 τῶν
2666 4712 2975 4777 γενομένων
3009 4709 3244 4765 ἕκαστον
3290 4709 3347 4763 ἓν
3388 4708 3479 4779 μέν
3504 4708 3599 4760 ἐστι
3620 4699 3719 4755 κατὰ

2216 4802 2314 4869 τὴν
2346 4798 2484 4850 ἰδίαν
2521 4799 2710 4853 οὐσίαν
2732 4838 2747 4862 ,
2788 4800 2925 4868 πρὸς
2961 4800 3019 4853 δὲ
3075 4802 3174 4871 τὴν
3204 4800 3612 4872 ἐγχειριζομένην
3632 4794 3716 4846 διαο

2215 4894 2403 4948 κονίαν
2451 4895 2547 4948 καὶ
2572 4895 2917 4964 λειτουργίαν
2950 4895 3051 4949 οὐκ
3108 4896 3253 4950 ἔστιν
3282 4894 3458 4950 ἰκανὸν
3486 4894 3565 4946 καὶ
3603 4888 3719 4959 μόνον

2216 4990 2527 5058 αὐτάρκως,
2564 4988 2679 5043 ἀλλ’
2704 4990 2939 5042 ἕκαστον
2990 4991 3100 5043 τῶν
3128 4991 3448 5062 γενομένων,
3480 4986 3636 5050 ὥσπερ
3654 4979 3719 5033 ἀλ·

2216 5079 2416 5150 λὴλων,
2442 5078 2575 5131 ὄντα
2619 5079 2754 5150 μέλη
2812 5080 2893 5145 ἒν,
2947 5080 3201 5152 καθάπερ
3235 5081 3390 5149 σῶμα
3414 5118 3428 5143 ,
3466 5075 3545 5129 τὸν
3568 5072 3719 5140 κόσμον

2215 5172 2593 5229 ἀποτελοῦσιν.
2628 5173 2690 5226 El
2716 5172 2895 5227 τοίνυν
2924 5172 3067 5228 οὕτω
3090 5174 3183 5227 καὶ
3207 5174 3298 5227 τὸν
3327 5173 3445 5225 Υίὸν
3472 5160 3719 5232 ὑπολαμῶ-

2217 5283 2398 5319 νουσιν
2429 5259 2590 5329 εἶναι,
2624 5265 3008 5336 βαλλέσΘωσαν
3061 5268 3209 5335 παρὰ
3245 5266 3469 5325 πάντων,
3506 5262 3643 5331 μέρος
3669 5249 3720 5304 εἶ’

2217 5376 2303 5410 ναι
2340 5356 2651 5425 νομίζοντες
2704 5358 2810 5409 τῶν
2844 5359 3066 5412 πάντων
3116 5360 3208 5411 τὸν
3254 5357 3440 5424 Λόγον,
3490 5354 3567 5406 καὶ
3599 5348 3719 5418 μέρος

2216 5452 2310 5520 οὐχ
2342 5449 2527 5503 ἱκανὸν
2554 5450 2685 5503 ἄνευ
2721 5451 2830 5504 τῶν
2857 5452 3033 5505 ἄλλων
3060 5451 3196 5522 πρὸς
3227 5449 3325 5519 τὴν
3358 5440 3718 5516 ὲγχειρισθεῖσιν

2218 5539 2365 5608 αὐτῷ
2401 5540 2769 5610 λειτουργίαν.
2803 5542 2865 5593 Εἰ
2900 5540 2955 5593 δὲ
3005 5541 3161 5594 τοῦτο
3192 5543 3255 5593 ἐκ
3281 5535 3502 5608 φανεροῦ
3524 5524 3719 5585 δυσσεὸές

2219 5634 2383 5697 ἐστιν,
2444 5632 2861 5701 ὲπιγνώτωσαν,
2914 5635 2994 5686 ὅτι
3046 5635 3120 5704 μὴ
3165 5632 3271 5685 τῶν
3321 5627 3545 5699 γενητῶν
3570 5615 3716 5676 ἐστινό
3762 5696 3763 5701 η

2226 5724 2412 5792 Λόγος,
2449 5724 2557 5777 τῶν
2590 5724 2647 5777 δὲ
2682 5726 2930 5797 γενητῶν
2976 5725 3326 5797 δημιουργός.
3390 5718 3521 5773 Ἀλλ’
3549 5714 3716 5781 εἰρήκει
3762 5712 3763 5729 ‘

2220 5833 2330 5883 σιν,
2363 5818 2443 5870 ὅτι
2481 5816 2688 5888 κτίσμα
2720 5818 2859 5883 ἐστὶ,
2888 5818 2983 5872 καὶ
3006 5818 3115 5873 τῶν
3145 5815 3408 5887 γενητῶν,
3440 5811 3508 5875 ὡς
3535 5808 3580 5861 δὲ
3610 5797 3716 5869 περὶ

2218 5909 2546 5965 διδασκάλου
2599 5910 2692 5965 καὶ
2728 5910 2972 5983 τεχνίτου
3012 5910 3296 5984 μεμάθηκε
3327 5908 3383 5963 τὸ
3413 5895 3713 5975 δημιουργεῖν,
