3860 6602
103 458 193 526 381

1099 466 1468 527 PANOPLIA
1514 467 1973 531 DOGMATICA.
2014 497 2085 511 -
2125 476 2275 536 TIT.
2313 476 2419 537 Xl.

3260 480 3367 544 382

104 578 192 631 καὶ
218 573 397 638 οὕτως
432 576 759 647 ὑπηρέτησε
794 576 873 646 τῷ
926 575 1202 640 διδάξαντι
1241 578 1317 649 τῷ
1345 579 1485 651 Θεῷ.
1509 578 1670 634 Ταῦτι

1808 592 2117 641 creatorem
2145 603 2268 643 esse
2297 589 2501 652 dicant,
2537 598 2595 644 ut
2624 589 2797 659 possit
2826 591 2991 647 etiam
3032 600 3203 648 artem
3232 594 3371 648 ubli-

101 669 205 736 γὰρ
232 668 328 721 καὶ
368 667 660 737 ’Λστέριος
687 668 715 720 δ
750 670 1029 739 σοφιστὴς.
1063 670 1139 731 ὡς
1178 671 1366 739 μαθὼν
1400 672 1686 741 ἀρνεῖσθαι

102 760 186 813 τὸν
213 759 448 829 Κύριον,
483 759 697 831 γράψαι
726 762 1080 831 τετόλμηκεν,
1122 762 1183 815 οὐ
1219 764 1455 833 συνορῶν
1482 764 1581 832 τὴν
1623 764 1689 818 ὲκ

102 852 299 905 τούτων
333 850 598 917 ἀλογίαν.
644 853 703 905 Εί
733 853 843 923 γὰρ
881 853 1127 907 διδακτόν
1176 856 1290 907 ἐστι
1317 854 1378 907 τὸ
1424 856 1688 925 δημιουρ-

101 947 230 1013 γεῖν,
264 945 682 1006 σκοπείτωσαν.
735 947 808 1018 μὴ
839 947 932 1000 καὶ
961 947 1122 1001 αὑτὸν
1154 948 1245 1000 τὸν
1275 947 1409 1001 Θεὸν
1448 948 1541 1001 καί
1576 950 1686 1001 [Ια-

102 1042 223 1107 τέρα
261 1040 468 1091 εἴπωσι
526 1041 603 1108 μὴ
635 1041 816 1109 φύσει,
865 1040 981 1093 ἀλλ’
1008 1043 1287 1113 ἐπιστήμῃ
1336 1042 1685 1112 δημιουργὸν

104 1128 247 1194 εἶναι,
302 1130 454 1183 ὥστε
494 1135 593 1186 καὶ
650 1133 876 1187 δυνατὸν
929 1134 1294 1203 μεταπίπτειν
1345 1135 1440 1188 ἀπ’
1492 1134 1679 1190 αὑτοῦ.

108 1226 350 1283 Ἔπειτα,
389 1225 439 1275 εί
479 1226 514 1294 ἡ
549 1227 707 1292 σοφία
738 1225 831 1279 τοῦ
866 1227 1002 1279 Θεοῦ
1051 1230 1113 1280 ὲκ
1141 1227 1487 1289 διδασκαλίας
1521 1229 1684 1296 ἐκτή-

107 1336 223 1372 σατο
250 1318 309 1369 τὸ
358 1317 753 1388 δημιουργεῖν,
787 1320 908 1381 πῶς
949 1320 1030 1373 ἔτι
1068 1321 1229 1388 σοφία
1285 1320 1401 1373 ἐστὶ
1449 1319 1681 1390 δεομένη

109 1410 471 1477 μαθημάτωνς
528 1410 597 1462 Τί
648 1411 702 1463 δὲ
737 1407 805 1474 ἦν
837 1411 929 1464 καὶ
961 1411 1067 1480 πρὸ
1098 1412 1191 1464 τοῦ
1227 1411 1458 1481 μαθεῖν;
1518 1411 1681 1479 σοφία

104 1498 202 1566 γὰρ
244 1500 363 1566 οὐκ,
380 1495 452 1569 ἦν
499 1499 800 1572 λειπομένη
848 1501 1215 1564 διδασκαλίας.
1278 1502 1450 1554 Κενὸν
1494 1501 1599 1570 ἄρα
1627 1518 1679 1555 τι

107 1594 321 1659 πρᾶγμα
361 1587 454 1661 ἦν,
516 1594 616 1646 καὶ
650 1593 750 1645 οὐκ
784 1592 933 1646 ἔστιν
963 1591 1229 1662 οὑσιώδης
1261 1592 1444 1661 σοφία,
1474 1592 1591 1646 ἀλλ’
1617 1595 1681 1646 ὲκ

106 1682 374 1750 προκοπῆς
402 1684 536 1750 ἔσχε
564 1683 625 1734 τὸ
655 1683 823 1752 ὄνομα
856 1684 953 1752 τῆς
990 1683 1201 1751 σοφίας.
1239 1684 1350 1736 Καὶ
1375 1685 1467 1736 ἐπὶ
1494 1683 1682 1737 τοσοῦ-

108 1792 186 1826 τον
212 1775 359 1826 ἔσται
400 1776 590 1841 σοφία,
650 1775 753 1837 ἕως
784 1774 872 1836 ἃν,
911 1776 939 1827 ὃ
968 1776 1281 1845 μεμάθηκε,
1315 1776 1575 1846 φυλάττῃ.
1614 1778 1678 1829 Ὃ

109 1870 203 1934 γὰρ
234 1868 303 1935 μὴ
361 1866 530 1933 φύσει
571 1869 697 1928 τινὶ,
728 1867 849 1926 ἀλλ’
886 1869 953 1919 ὲκ
989 1867 1280 1937 μαθήσεως
1320 1868 1674 1935 προσγέγονε,

110 1958 311 2013 δυνατὸν
337 1960 430 2013 καὶ
456 1960 774 2025 ἀπομαθεῖν
805 1976 957 2013 ποτε.
995 1958 1234 2013 Τοιαῦτα
1253 1959 1309 2013 δὲ
1337 1958 1516 2027 λέγειν
1548 1960 1675 2029 περὶ

111 2053 188 2105 τοῦ
213 2054 379 2119 Λόγου
412 2052 510 2104 τοῦ
569 2052 707 2106 Θεοῦ
738 2054 798 2106 οὐ
847 2054 1211 2123 Χριστιανῶν,
1244 2054 1361 2106 ἀλλ’
1406 2054 1676 2124 Ἑλλήνων

115 2146 232 2199 ἐστί.
259 2147 364 2199 Καὶ
395 2146 510 2216 γὰρ
528 2148 579 2197 εἰ
610 2148 673 2199 ὲκ
705 2146 1059 2210 διδασκαλίας
1088 2149 1148 2201 τὸ
1183 2147 1539 2218 δημιουργεῖν
1567 2164 1674 2201 τινι

116 2238 461 2307 προσγίνεται,
523 2237 725 2304 φθόνον
777 2241 871 2291 καὶ
904 2238 1192 2293 ἀσθένειαν
1245 2241 1373 2308 περὶ
1401 2241 1494 2294 τὸν
1541 2240 1676 2293 Θεὸν

121 2331 403 2398 εἰσάγουσιν
431 2331 482 2383 οἱ
528 2332 789 2399 ἄφρονες·
819 2331 1010 2398 φθόνον
1062 2332 1183 2400 μὲν,
1214 2332 1296 2384 ὅτι
1330 2334 1406 2402 μὴ
1446 2332 1676 2396 πολλοὺς

114 2424 437 2492 δημιουργεῖν
490 2424 759 2488 ἐδίδαξεν,
815 2423 883 2476 ἶν’
944 2424 1133 2494 ὥσπερ
1187 2425 1378 2478 πολλοὶ
1427 2424 1672 2491 ἄγγελοι,

117 2514 239 2566 οὒτω
268 2514 359 2566 καὶ
388 2514 585 2567 πολλοὶ
622 2515 945 2582 δημιουργοὶ
976 2514 1143 2568 αὐτοῦ
1192 2508 1325 2568 ὦσιν
1348 2530 1360 2543 ·
1386 2515 1674 2568 ἀσθένειαν

115 2607 177 2667 δὲ,
209 2607 284 2658 ὅτι
316 2607 387 2676 μὴ
424 2607 593 2676 μόνος
622 2607 861 2677 ἠδυνήθη
917 2609 1159 2676 ποιῆσαι,
1224 2604 1489 2673 συνεργοῦ
1526 2605 1603 2669 δὲ,
1640 2606 1671 2675 ἢ

120 2700 366 2769 ὑπουργοῦ
413 2700 618 2770 χρείαν
651 2700 801 2768 ἔσχε,
841 2700 1022 2752 καίτοι
1079 2700 1388 2769 δειχθείσης
1433 2700 1521 2751 καί
1572 2699 1673 2766 τῆς

118 2793 321 2860 γενητῆς
354 2793 597 2858 φύσεως,
634 2792 865 2861 δυνατῆς
915 2790 1081 2861 οὔσης
1112 2791 1357 2865 γίνεσθαι
1390 2793 1542 2860 παρὰ
1576 2790 1671 2859 μό-

122 2885 298 2938 νουτοῦ
338 2886 496 2947 Θεοῦ.
528 2887 590 2939 εῖ
618 2905 681 2954 γε
719 2888 840 2939 κατ’
863 2888 1062 2947 αὐτοὺς
1103 2890 1132 2939 ό
1177 2887 1299 2949 Υίὸς
1344 2888 1568 2955 γενητὸς
1597 2886 1672 2939 ὢν

120 2977 325 3047 ὴ“υνήθη
376 2980 527 3048 παρὰ
584 2979 749 3048 μόνου
790 2978 885 3031 τοῦ
916 2980 1054 3032 Θεοῦ
1088 2980 1363 3047 γενέσθαι.
1398 2979 1540 3033 Ἀλλ’
1582 2980 1671 3031 οὐ-

122 3071 240 3134 lati;
260 3072 433 3124 ὶστινδ
460 3072 603 3132 Θεὸς
627 3072 831 3141 ἐνδεὴς,
858 3072 931 3143 μὴ
955 3074 1187 3141 γένοιτο.
1212 3074 1379 3135 Αὐτὸς
1402 3074 1510 3141 γὰρ
1525 3069 1667 3139 εἷπε,

124 3166 330 3231 Ultimi;
343 3168 479 3233 εἰμί.
501 3167 647 3220 Οὐδὲ
670 3167 730 3219 lx
754 3166 1103 3229 διδασκαλίας
1124 3167 1315 3235 γέγοθε
1337 3166 1668 3235 δημιουργὸς

1795 676 1946 734 visci.
1976 676 2244 733 Pmterea
2282 678 2326 734 si
2358 681 2625 749 sapientia
2677 680 2767 736 Dei
2805 682 3068 738 discendo
3119 695 3365 740 assecuta

1791 778 1893 831 est,
1933 780 1988 823 ut
2022 782 2353 839 procrearet,
2380 772 2656 841 quomodo
2686 774 2953 843 sapientia
2983 785 3089 841 est,
3122 792 3245 830 cum
3282 778 3366 830 in—

1793 859 1976 929 digeat
2004 862 2289 933 disciplina
2321 864 2343 917 ?
2372 864 2512 928 Quid
2547 880 2711 933 porro
2749 872 2865 919 erat
2896 877 3023 920 ante
3054 883 3214 934 quam
3249 869 3364 925 dis-

1786 951 1981 1005 ceret?
2015 953 2291 1022 Sapientia
2327 954 2471 1007 enim
2501 952 2606 1007 dici
2642 967 2753 1007 non
2777 962 3010 1022 poterat,
3041 971 3165 1008 cum
3194 956 3367 1009 scien-

1787 1044 1866 1098 tia
1896 1054 1956 1099 et
1978 1047 2171 1117 peritia
2206 1056 2447 1103 vacaret.
2483 1047 2669 1102 inanis
2701 1063 2831 1118 ergo
2864 1063 2951 1102 res
2973 1058 3110 1110 erat,
3138 1066 3241 1105 nec
3277 1067 3365 1104 ve-

1785 1152 1847 1191 re
1882 1140 2176 1207 sapientia,
2209 1143 2302 1195 sed
2350 1156 2640 1211 progressu
2689 1140 2808 1209 ipso
2837 1140 3121 1209 sapientiae
3154 1157 3357 1195 nomen

1785 1232 2088 1288 obtinebat.
2147 1234 2214 1288 Et
2261 1233 2451 1287 tandiu
2503 1234 2607 1287 erit
2646 1233 2933 1303 sapientia,
2987 1234 3228 1302 quandiu
3284 1234 3358 1298 id,

1785 1325 1932 1392 quod
1963 1324 2174 1383 didit-it.
2211 1324 2579 1379 conservabit.
2630 1324 2782 1389 Quod
2828 1324 2974 1378 enim
3016 1340 3125 1378 non
3167 1334 3363 1380 natura

1785 1414 2009 1468 insitum
2032 1424 2134 1473 est.
2170 1415 2264 1470 sed
2294 1416 2541 1470 doctrina
2572 1426 2809 1485 partum,
2832 1416 3043 1470 dedisci
3071 1417 3363 1484 aliquando

1782 1516 1988 1576 potest.
2026 1506 2146 1562 Haec
2172 1518 2356 1562 autem
2389 1508 2457 1563 de
2500 1509 2592 1562 Dei
2626 1508 2801 1563 Verbo
2856 1508 3063 1570 dicere,
3098 1523 3206 1561 non
3239 1523 3363 1571 pro-

1782 1599 1926 1654 fecto
1963 1599 2424 1665 Christianorum,
2455 1601 2551 1655 sed
2598 1600 2881 1670 gentilium
2912 1610 3015 1655 est.
3067 1599 3280 1654 Etenim
3314 1601 3358 1654 si

1780 1690 2015 1746 facultas
2037 1691 2257 1746 creandi
2282 1692 2528 1745 doctrina
2550 1692 2852 1760 comparari
2877 1700 3063 1761 queat,
3093 1692 3357 1745 invidiam

1780 1781 1866 1836 vel
1925 1782 2093 1836 etiam
2153 1782 2581 1837 imbecillitatem
2636 1783 2800 1836 stulte
2844 1782 2899 1835 in
2961 1783 3131 1836 Deum
3191 1783 3351 1837 indu-

1781 1883 1950 1928 cunt:
1993 1872 2252 1927 invidiam
2294 1873 2536 1941 quidem,
2567 1872 2694 1941 quia
2737 1887 2844 1926 non
2872 1873 3075 1927 multos
3111 1873 3361 1928 docuerit

1780 1965 1999 2019 creandi
2032 1974 2231 2028 artem,
2263 1973 2323 2018 ut
2351 1963 2810 2033 quemadmodum
2842 1964 2997 2018 multi
3032 1964 3175 2017 circa
3208 1966 3358 2019 illum

1777 2065 1907 2112 sunt
1958 2058 2269 2128 archangeli
2326 2066 2381 2111 ει
2441 2057 2641 2127 angeli,
2710 2055 2784 2110 ita
2855 2065 2909 2110 et
2952 2057 3105 2111 multi
3170 2068 3359 2111 essent

1777 2156 2056 2201 creatures
2090 2165 2105 2201 :
2141 2146 2569 2202 imbecillitatem
2603 2161 2752 2207 vero,
2787 2148 2913 2216 quia
2941 2163 3046 2201 non
3079 2147 3227 2201 solus
3270 2163 3358 2201 res

1778 2240 2015 2308 potuerit
2044 2239 2244 2303 facere,
2297 2240 2393 2295 sed
2428 2241 2679 2305 adjutore
2737 2249 2794 2294 et
2833 2239 3156 2294 administro
3218 2255 3355 2305 opus

1776 2328 2028 2385 habuerit
2071 2347 2085 2382 :
2140 2345 2449 2399 quanquam
2482 2328 2678 2383 factam
2731 2338 2981 2382 naturam
3030 2346 3057 2381 a
3102 2330 3218 2382 solo
3248 2330 3356 2382 Deo

1776 2421 1892 2475 ﬁeri
1927 2438 2088 2490 posse
2121 2432 2404 2491 ostensum
2428 2422 2537 2490 jam
2565 2430 2669 2485 est,
2702 2420 3143 2490 quandoquidem
3186 2420 3357 2474 Filius

1774 2514 1891 2584 qui,
1929 2524 1987 2569 ut
2019 2523 2237 2583 putant,
2275 2524 2358 2567 est
2392 2513 2594 2574 factus.
2638 2529 2665 2567 a
2714 2512 2826 2566 Deo
2850 2513 2969 2567 solo
3008 2514 3184 2580 potuit
3215 2512 3352 2565 lit-ri.

1774 2606 1974 2662 Verum
2007 2608 2152 2660 nulla
2183 2622 2238 2660 re
2258 2616 2403 2660 certe
2436 2622 2574 2674 opus
2609 2606 2772 2659 habet
2805 2607 2946 2661 Deus
2981 2623 2993 2657 :
3031 2606 3192 2659 absit.
3227 2605 3352 2674 lpsc
3450 2648 3453 2649 ν

1772 2698 1918 2752 enim
1970 2697 2147 2751 dixit:
2189 2696 2381 2749 Plenus
2410 2713 2528 2750 sum
2552 2697 2615 2750 ⁸⁵.
2652 2695 2763 2750 Nec
2797 2697 2921 2749 itetu
2972 2695 3207 2748 Verbum
3242 2696 3355 2748 dis-

1771 2791 1945 2843 cendo
1991 2789 2168 2841 factus
2216 2796 2300 2841 cst
2343 2796 2609 2842 creator:
2666 2788 2760 2841 sed
2804 2802 2926 2851 cum
2973 2788 3043 2840 sit
3078 2788 3253 2856 imago
3300 2795 3355 2840 ct

1772 2880 2038 2950 sapientia
2082 2879 2276 2942 Patris,
2328 2895 2391 2933 ea
2440 2895 2560 2947 qua:
2598 2887 2727 2933 sunt
2774 2878 2951 2932 Patris
2991 2878 3176 2957 ellicit.
3240 2876 3352 2932 Nec

1770 2974 1933 3028 etiam
1962 2973 2156 3027 Filiqu
2180 2972 2407 3033 creavit,
2436 2987 2619 3025 rerum
2641 2972 2904 3025 factarum
2930 2970 3343 3025 eﬂicienilarum

1770 3080 1933 3118 causa
1951 3082 1964 3118 :
1984 3080 2217 3135 namque
2236 3064 2482 3133 quamvis
2506 3065 2733 3117 exsistat
2754 3063 2944 3125 Filius,
2968 3061 3130 3115 Pater
3154 3062 3351 3115 nihiln-

1770 3157 1950 3210 minus
1974 3157 2103 3227 agit,
2128 3166 2187 3210 ut
2216 3157 2329 3225 ipse
2363 3156 2623 3211 Dominus
2643 3156 2726 3209 his
2755 3154 2934 3207 verbis
2966 3154 3159 3208 docet:
3192 3153 3355 3207 Pater

127 3258 331 3326 ὸλόγος,
360 3261 472 3313 ἀλλ’
501 3260 676 3314 είκὼν
700 3260 792 3314 καὶ
830 3261 991 3329 σοφία
1018 3259 1093 3312 ὢν
1123 3260 1219 3313 τοῦ
1249 3262 1455 3330 Πατρὸς
1482 3262 1550 3314 τὰ
1572 3260 1664 3314 τοῦ
1693 3269 1737 3328 C
1771 3264 1915 3302 mw‘
1945 3264 2105 3318 "54“
2144 3249 2295 3300 ⁷⁷³0άο
2325 3256 2598 3316 operam"
2666 3255 2713 3299 εί
2762 3263 2850 3315 εῡο
2894 3246 3135 3313 οΡε²”ο¹⁶¹·
3194 3246 3352 3310 Ουοά

126 3351 301 3420 Ιίιτρὸς
339 3354 660 3421 ἐργάζεται.
713 3353 847 3405 Οὐδὲ
895 3353 994 3421 τῆς
1028 3351 1135 3405 τῶν
1190 3353 1437 3423 γενητῶν
1482 3352 1668 3405 ἕνεκεν

125 3443 348 3507 inania;
375 3445 463 3497 τὸν
491 3445 630 3497 Υἱὸν
655 3444 976 3511 πεποίηκεν.
1023 3445 1155 3519 Ἰδοὺ
1181 3445 1289 3515 γὰρ
1312 3448 1404 3497 καὶ
1420 3444 1511 3497 τοῦ
1540 3446 1667 3497 Υἱοῦ

127 3533 269 3599 ὄντος,
313 3536 469 3589 πάλιν
496 3535 874 3608 ἐργαζόμενὸς
904 3541 1054 3589 ἐστιν
1078 3538 1105 3588 ὁ
1141 3535 1348 3605 Πατὴρ,
1384 3536 1459 3598 ῶς
1507 3537 1668 3599 αὐτὸς

126 3626 149 3674 ὸ
174 3623 345 3695 Κύριός
368 3646 531 3696 φησιν
560 3650 575 3662 ο
606 3630 667 3681 '0
686 3630 886 3696 Πατήρ
908 3648 1025 3698 μου
1053 3630 1164 3694 ἕως
1196 3629 1327 3696 ἄρτι
1343 3628 1664 3697 ἐργάζεται,

129 3719 260 3787 κάγὼ
284 3722 612 3792 ἐργάζομαι.
641 3725 701 3776 Ei
733 3725 789 3777 δὲ
816 3724 937 3779 καθ’
964 3725 1111 3793 ὑμᾶς
1143 3725 1229 3777 διὰ
1257 3723 1418 3776 τοῦτο
1440 3727 1667 3791 γέγονεν

130 3813 295 3877 όΥίὸς,
325 3816 406 3869 ἵνα
431 3818 498 3870 τὰ
543 3815 666 3886 μετ’
688 3816 853 3870 αὑτὸν
881 3817 1207 3887 ἐργάσηται,
1253 3816 1511 3884 φαίνεται
1541 3816 1599 3868 δὲ
1638 3818 1666 3869 ὁ

132 3907 286 3978 Πατὴρ
312 3912 397 3962 καὶ
426 3916 571 3979 μετά
601 3912 693 3962 τὸν
726 3911 851 3963 Υίὸν
874 3908 1263 3979 ἐργαζόμενος,
1293 3909 1523 3979 περιττὴ
1541 3908 1665 3962 καθ’

132 3997 248 4063 ὑμᾶς
276 4004 405 4053 κατὰ
431 4004 599 4056 τοῦτο
626 4006 659 4073 ἡ
690 4002 783 4054 τοῦ
810 4003 1057 4055 τοιούτου
1099 4001 1226 4054 Υἱοῦ
1258 4003 1499 4071 ποίησις.
1535 4001 1666 4053 Ἀλ-

132 4084 216 4149 λως
240 4106 289 4142 τε
319 4091 454 4145 amt
490 4094 635 4155 ὅλως
668 4093 840 4147 Θέλων
882 4092 1068 4145 κτίσαι
1100 4091 1258 4162 ζητεῖ
1280 4092 1375 4145 τὸν
1409 4097 1659 4162 μεσίτην,

132 4176 294 4239 έλςοὺκ
330 4184 627 4252 ἀρκοῦντος
658 4184 753 4237 τοῦ
800 4184 1147 4255 βουλήματος
1186 4184 1351 4237 αὑτοῦ
1388 4186 1663 4255 συστῆσαι

136 4269 237 4336 περὶ
255 4265 319 4324 ὧν
346 4274 405 4326 ἂν
434 4276 588 4345 αὐτῷ
615 4276 795 4343 δοκεῖ;
825 4278 935 4330 Καὶ
971 4274 1071 4345 μὲν
1092 4276 1147 4329 αἱ
1173 4277 1388 4347 Γραφαὶ
1417 4277 1659 4346 λέγουσι,

134 4357 301 4414 Πάντα
346 4364 457 4419 ὅσα
489 4368 802 4435 ἠθέλησεν
824 4368 1103 4434 ἐποίησε,
1141 4370 1256 4431 καὶ,
1306 4367 1390 4434 Τῷ
1422 4370 1662 4439 ,βουλή-

132 4466 244 4516 ματι
268 4458 436 4511 αὑτοῦ
463 4463 559 4525 τίς
577 4460 988 4527 ἀνθέστηκεν;
1020 4461 1079 4513 Εί
1112 4460 1280 4514 δὲκαὶ
1319 4462 1379 4513 τὸ
1416 4461 1663 4531 βούλημα

141 4543 268 4608 μόνον
295 4549 466 4603 ίκανόν
494 4553 651 4605 ἐστιν
680 4550 847 4604 αὐτοῦ
879 4552 1015 4622 πρὸς
1040 4552 1137 4622 τὴν
1171 4553 1280 4606 τῶν
1315 4554 1532 4607 πάντων
1565 4555 1660 4622 δη-

1773 3340 1840 3403 si,
1873 3350 1931 3394 ut
1975 3340 2200 3409 putatis,
2256 3340 2461 3394 idcirco
2492 3339 2665 3393 Filius
2697 3339 2870 3393 factus
2901 3348 3005 3403 est,
3049 3347 3107 3391 ut
3136 3353 3197 3392 ea
3230 3352 3350 3406 qua:

1773 3441 1895 3499 post
1956 3432 2105 3486 illum
2159 3433 2450 3495 exsistunt,
2501 3433 2866 3497 produceret,
2908 3441 2960 3486 et
3014 3432 3132 3501 ipse
3168 3442 3349 3484 tamen

1771 3522 1929 3578 Pater
1980 3535 2100 3594 post
2137 3525 2343 3579 editum
2398 3525 2591 3578 Filium
2633 3536 2892 3595 operatur
2950 3544 2964 3579 :
3006 3539 3348 3595 supervacua

1770 3632 1900 3672 sane
1952 3629 2036 3672 est
2068 3619 2379 3686 hujusmodi
2440 3618 2560 3675 Filii
2615 3619 2943 3686 proereatio.
3020 3622 3344 3687 Quanquam

1769 3724 1893 3762 cum
1942 3711 2100 3764 vellet
2143 3725 2231 3764 res
2284 3725 2609 3778 procreare,
2652 3725 2751 3763 cur
2801 3711 2965 3763 medii
3022 3709 3347 3777 cujusquam

1769 3815 1993 3869 Operam
2028 3802 2347 3871 exquisivit,
2379 3817 2505 3854 cum
2539 3803 2659 3870 ejus
2695 3803 2968 3865 voluntas,
3008 3803 3073 3853 ad
3102 3816 3185 3862 ea,
3226 3816 3350 3869 quae

1770 3893 1842 3946 illi
1873 3892 2108 3960 placent,
2139 3893 2472 3946 conﬁcienda
2497 3894 2628 3947 satis
2653 3885 2772 3946 sit?
2812 3892 2899 3945 Sic
2924 3892 3072 3944 enim
3103 3890 3350 3959 Scriptu-

1771 3998 1844 4036 ne
1877 3991 2147 4037 testantur
2176 3983 2261 4037 his
2299 3984 2480 4037 verbis
2513 4000 2527 4037 :
2564 3982 2778 4047 Omnia,
2803 3998 3126 4053 quacunque
3158 3982 3344 4045 voluit,

1766 4077 1965 4145 fecit?
2021 4086 2097 4141 et,
2172 4075 2439 4129 Voluntati
2492 4076 2605 4144 ejus
2651 4078 2764 4145 quis
2806 4076 3046 4130 restitit?
3093 4073 3252 4140 Quod
3299 4072 3351 4130 si

1767 4170 2016 4222 voluntas
2054 4170 2174 4237 ejus
2210 4170 2346 4223 satis
2375 4178 2459 4222 est
2486 4170 2551 4221 ad
2588 4184 2770 4223 rerum
2802 4168 3048 4220 omnium
3092 4181 3350 4235 procrea-

1769 4260 1999 4323 tionem,
2033 4274 2098 4312 ει
2127 4259 2402 4313 sententia
2440 4258 2684 4327 ipsorum
2718 4259 2945 4311 alterius
2977 4272 3141 4325 opera
3176 4255 3347 4309 medii

1764 4365 2165 4420 supervacanea
2186 4349 2433 4404 est.Nam
2459 4349 2707 4414 Mosis,ct
2726 4350 2874 4414 solis,
2906 4360 2962 4403 et
2992 4350 3134 4402 lunae
3158 4364 3353 4402 exem-

1764 4444 1937 4511 plum,
1973 4442 2118 4510 quod
2178 4441 2439 4504 allerunt,
2493 4442 2692 4495 nullius
2721 4458 2840 4496 esse
2868 4440 3129 4494 momenti
3163 4439 3348 4494 decla-

1766 4545 1941 4587 ratum
1968 4542 2071 4588 est.
2107 4533 2247 4599 .latn,
2280 4542 2337 4587 ut
2373 4533 2475 4587 hoc
2498 4535 2659 4588 etiam
2693 4544 3017 4603 argumento
3049 4532 3343 4587 conluten-

142 4640 387 4706 μουργίαν,
418 4644 652 4716 περιττὴ
686 4646 852 4699 πάλιν
885 4619 1007 4698 καθ’
1040 4619 1188 4715 sua;
1222 4648 1254 4716 ή
1290 4645 1386 4698 τοῦ
1435 4619 1658 4715 μεσίτου

1772 4636 1875 4691 tur,
1909 4625 1955 4680 si
1976 4623 2119 4680 Deus
2153 4625 2340 4679 volens
2369 4640 2549 4678 rerum
2583 4626 2994 4678 universitatem
3034 4636 3341 4691 procreare,

140 4729 283 4792 χρεία.
313 4733 418 4788 Καὶ
446 4737 560 4807 γὰρ
618 4738 716 4789 καὶ
755 4738 815 4790 τὸ
856 4739 1212 4808 παράδειγμα
1275 4739 1336 4790 τὸ
1385 4739 1518 4808 περὶ
1566 4738 1659 4792 τοῦ

142 4814 394 4889 Μωῡσὲως,
427 4830 640 4882 καὶτοῦ
676 4829 853 4901 ἡλίου,
927 4832 1022 4883 καὶ
1060 4830 1161 4900 τῆς
1224 4832 1457 4900 σελήνης
1506 4832 1662 4901 ὑμῶν

142 4904 361 4969 δέδεικται
390 4921 607 4990 σαθρόν.
638 4923 873 4975 Κάκεῖνο
902 4923 1065 4977 πάλιν
1113 4923 1262 4993 ὑμᾶς
1294 4924 1558 4995 ἐντρίψει.
1597 4924 1662 4979 Ei

146 4995 281 5054 θέλων
307 5008 331 5059 ὁ
353 5008 477 5075 Θεὸς
506 5014 608 5083 τὴν
640 5015 877 5085 γενητὴν
915 5015 1102 5068 κτίσαι
1160 5013 1344 5082 φύσιν,
1396 5018 1493 5069 καὶ
1531 5017 1662 5086 περὶ

144 5090 309 5165 ταύτης
331 5098 757 5174 βουλευσάμενος
784 5110 1028 5174 ἐπινοεῖ,
1069 5113 1163 5165 καὶ
1192 5114 1368 5177 κτίζει
1400 5116 1493 5168 τὸν
1534 5115 1664 5169 Υίὸν

149 5179 245 5278 καθ’
268 5185 415 5255 ὑμᾶς,
441 5195 527 5250 ἵνα
582 5196 651 5249 δι’
674 5198 842 5252 αὐτοῦ
892 5201 1039 5270 ἡμᾶς
1077 5202 1465 5278 δημιουργήσῐὶ
1486 5223 1499 5237 ’
1536 5224 1663 5260 σκ⁰⁹

150 5274 271 5369 iiiis
324 5284 486 5357 πόσην
541 5290 800 5344 ἀσέϐειαν
860 5292 1197 5362 φθέγγεσθαι
1253 5274 1649 5369 τετολμηκατε.

150 5359 332 5455 ίΙρῶτον
370 5377 482 5444 μὲν,
518 5382 599 5435 ὅτι
635 5359 884 5452 φαίνεται
930 5359 1134 5454 μᾶλλον
1172 5387 1334 5451 αὐτὸς
1369 5359 1548 5455 δ’Υίὸς
1586 5391 1657 5445 δι’

1766 4719 1942 4788 deque
1975 4734 2037 4773 ea
2090 4734 2149 4773 re
2184 4718 2475 4771 consulens
2524 4716 2790 4786 excogitat
2829 4725 2884 4768 et
2934 4722 3085 4767 creat
3119 4712 3342 4776 Filium,

1759 4820 1819 4865 ut
1868 4809 1970 4878 ipsi
2028 4808 2238 4872 dicunt,
2273 4806 2492 4861 videant
2550 4816 2809 4876 quantam
2862 4805 3193 4875 impietatem
3232 4821 3340 4858 au-

1759 4904 1923 4959 deant
1978 4900 2355 4972 pronuntiare.
2433 4899 2674 4952 Primum
2738 4898 2953 4953 videtur
3004 4898 3122 4967 ipse
3172 4897 3345 4957 Filius

1761 5004 1986 5065 propter
2034 5009 2136 5048 nos
2168 4993 2343 5047 factus
2388 5008 2531 5055 esse,
2587 5008 2692 5044 non
2738 5005 2919 5046 autem
2969 5007 3071 5045 nos
3119 5004 3348 5063 promer

1764 5088 1937 5141 illum.
1972 5087 2093 5141 Non
2120 5086 2265 5139 enim
2294 5100 2395 5138 nos
2432 5093 2653 5153 propter
2692 5084 2869 5152 ipsum
2912 5084 3083 5138 creati
3115 5099 3328 5147 sumus,

1760 5180 1856 5234 sed
1891 5179 2007 5249 ipse
2039 5189 2259 5248 pr0pter
2296 5192 2393 5231 nos
2416 5176 2593 5231 factus
2620 5186 2724 5239 est,
2756 5186 2814 5230 ut
2840 5176 2996 5230 nobis
3032 5179 3210 5246 potius
3239 5178 3330 5232 ille

1759 5271 1991 5341 gratiam
2042 5270 2261 5333 debeat,
2292 5284 2454 5337 quam
2515 5283 2616 5320 nos
2665 5266 2763 5332 illi,
2798 5268 3252 5336 quemadmodum
3284 5275 3339 5321 ει

1759 5363 1955 5417 mulier
1974 5362 2107 5415 viro.
2145 5361 2264 5413 Non
2288 5362 2447 5422 enim,
2481 5359 2672 5427 inquit,
2703 5361 2784 5411 vir
2811 5369 3022 5428 propter
3042 5359 3334 5423 mulierem,

288 5470 522 5538 γεγονὼς,
558 5448 659 5528 καί
690 5476 788 5546 οὐχ
831 5448 994 5548 ἡμεῖς
1043 5478 1110 5530 δι’
1137 5448 1328 5532 αὐτόνξ
1350 5478 1425 5534 Οὐ
1456 5448 1563 5551 γὰρ
1590 5481 1658 5535 δι’

1772 5454 1844 5507 ted
1886 5455 2078 5506 mulier
2118 5461 2327 5519 propter
2370 5452 2539 5505 virum
2570 5450 2615 5504 ³.
2698 5449 2875 5514 Quare
2926 5448 3069 5503 sicut
3115 5449 3196 5503 vir
3253 5457 3339 5502 est

154 5544 279 5642 ῗὺτδν
301 5554 626 5633 ὲκτίσϐημεν,
690 5544 807 5619 ἀλλ’
852 5544 1032 5628 ⁷αὐτὸς
1063 5568 1131 5621 δι’
1166 5572 1314 5639 ἡμᾶς
1335 5544 1657 5641 πεποίηται,

153 5647 264 5735 mare:
284 5645 422 5713 χάριν
450 5655 604 5708 αὐτὸν
635 5658 767 5727 ἡμῖν
798 5659 1001 5727 μᾶλλον
1028 5660 1194 5730 ἔχειν.
1250 5661 1346 5716 καὶ
1396 5661 1471 5732 μὴ
1498 5663 1653 5735 ἡμᾶς

123 5794 128 5800 ,
155 5724 292 5799 α’δτῴ,
324 5737 492 5814 ὥσπερ
521 5751 614 5802 καὶ
644 5724 831 5821 ήνγυνη
851 5752 929 5821 τῷ
947 5724 1124 5823 ἀνδρί.
1145 5756 1228 5809 Οὐ
1253 5758 1363 5824 γὰρ
1384 5724 1658 5826 ἐκὲιᾶθη)

209 5867 223 5895 ⁸
250 5870 379 5935 ίυλη.
414 5902 463 5950 v,
493 5890 570 5943 l7.
649 5894 668 5923 ’
700 5891 846 5947 Ρειί.
869 5908 1019 5955 cx’n,
1053 5891 1105 5947 5.
1184 5893 1204 5923 ⁸
1232 5892 1251 5946 ι
1280 5892 1405 5948 Cur.
1439 5907 1513 5958 XI,
1550 5894 1635 5950 Η.

1761 5545 1941 5616 imago
1995 5555 2051 5599 et
2087 5544 2259 5615 glaria
2292 5544 2407 5605 Dei,
2445 5542 2639 5596 mulier
2666 5550 2848 5595 autem
2876 5548 2959 5593 est
3005 5540 3177 5610 gloria
3206 5540 3333 5607 viri,

1758 5640 1830 5693 ita
1861 5656 1963 5694 nos
2018 5639 2197 5709 imago
2254 5636 2350 5690 Dei
2400 5644 2454 5689 ct
2510 5633 2677 5704 gloria
2729 5632 2900 5701 ipsius
2946 5630 3072 5686 facti
3118 5648 3332 5698 sumus,

1764 5730 1937 5790 Filius
1969 5711 2149 5787 autem
2186 5730 2363 5799 imago
2391 5738 2596 5793 nostra,
2655 5735 2707 5781 et
2739 5726 2803 5780 ad
2838 5725 3059 5795 gluriam
3087 5738 3331 5782 uosuam
