3860 6552
56 416 156 479 335

993 410 1385 473 'PANOPL'IA
1414 412 1888 477 BOGNlATlCA.
1928 438 1997 449 —
2034 415 2188 477 TlT.
2228 416 2340 477 ΧΤ.

3214 421 3322 480 88')

54 531 125 597 τῷ
166 525 378 594 Πατρίς
408 524 503 577 -καὶ
538 524 643 591 γὰρ
677 523 771 575 καὶ
816 523 864 573 οἱ
914 520 1195 592 ἄνθρωποι
1228 524 1285 589 ἐξ
1317 524 1622 594 ἀνθρώπων

1750 537 1832 577 est
1856 525 2016 578 simul
2053 541 2175 579 esse
2205 542 2331 581 cum
2362 527 2566 583 Patre?
2597 530 2810 583 Etenim
2833 530 2923 584 lilii
2953 544 3066 599 pOSI
3109 543 3323 602 tempus

60 622 190 693 μετὰ
222 624 420 690 χρόνον
449 616 554 670 υἱοὶ
582 618 845 683 γίνονται.
884 618 991 668 Καὶ
1030 618 1059 667 6
1096 618 1194 683 μὲν
1221 619 1404 686 πατὴρ
1470 617 1627 687 τριά-

56 731 205 767 κοντα
230 712 399 781 τυχὸν
434 710 565 763 ἐτῶν
605 712 774 774 ἐστιν,
808 711 834 760 6
894 708 950 760 δὲ
1014 707 1128 771 υἱὸς
1162 708 1337 777 ἀρχὴν
1363 708 1474 776 ἔχει
1507 708 1626 758 τότε

59 807 354 877 γεννηθεὶς,
388 807 483 857 καὶ
508 804 641 865 ὅλως
665 805 775 865 πᾶς
801 802 913 864 υἱὸς
947 800 1236 871 ἀνθρώπου
1269 800 1366 852 οὐκ
1396 794 1464 870 ἦν
1492 799 1626 869 πρὶν

59 898 300 967 γεννηθῇ.
342 897 514 949 Πάλιν
550 895 606 948 δέ
633 893 1012 963 ψιθυρίζουσι,
1050 892 1171 955 Πῶς
1204 892 1427 945 δύναται
1452 894 1478 943 ὁ
1507 893 1630 954 Υἱὸς

62 992 213 1061 Λόγος
240 987 423 1055 εἷναις
456 990 538 1061 ῆό
563 988 733 1055 Λόγος
778 987 942 1041 εἰκὼν
976 986 1069 1041 τοῦ
1106 986 1275 1050 Θεοῦ;
1319 984 1376 1037 '0
1411 986 1518 1054 γὰρ
1538 986 1632 1035 ἀνι

65 1084 283 1155 Ορὼπων
310 1082 473 1149 λόγος
504 1082 567 1134 ἐκ
593 1080 872 1133 συλλαϐῶν
902 1078 1280 1146 συγκείμενος,
1309 1076 1629 1145 μόνονέσή-

69 1193 188 1246 μανε
227 1173 288 1226 τὺ
323 1173 587 1243 βούλημα
644 1172 735 1226 τοῦ
792 1171 1146 1239 λαλήσαντος,
1180 1168 1273 1221 καὶ
1322 1167 1484 1228 εὐθὺς
1533 1168 1631 1217 πέ-

68 1282 250 1317 παυται
296 1266 393 1317 καὶ
466 1264 781 1333 ἠφάνισται.
844 1262 1072 1316 Ἐκεῖνοι
1125 1263 1223 1332 μὲν
1262 1255 1377 1322 οὖν,
1440 1257 1632 1329 ὥσπερ

68 1356 432 1426 ἐπιλαϐόμενοι
458 1356 566 1411 τῶν
625 1354 1037 1424 πρώεχθέντων
1089 1353 1208 1407 κατ’
1245 1351 1423 1407 αὐτῶν
1469 1351 1633 1421 ἐλέγ-

70 1467 184 1518 χων,
223 1450 389 1501 πάλιν
435 1446 831 1515 διαλογίζονται
873 1444 1124 1499 τοιαῦτα.
1155 1442 1218 1498 '0
1272 1443 1327 1496 δὲ
1363 1442 1461 1513 τῆς
1494 1441 1631 1512 ἀλη-

72 1544 202 1604 θείας
236 1541 395 1605 λόγος
463 1541 680 1609 ἐλέγχει
744 1539 967 1601 τούτους
1008 1537 1181 1600 οὕτως
1214 1550 1228 1565 ⁸
1263 1536 1325 1589 El
1354 1535 1465 1606 μὲν
1502 1534 1633 1603 περὶ

71 1633 339 1703 ἀνθρώπου
371 1632 521 1694 τινὸς
582 1630 917 1698 λογίζονται,
949 1627 1311 1699 ἀνθρωπίνως
1380 1625 1632 1696 καὶπερὶ

70 1725 149 1778 τοῦ
180 1726 332 1793 λόγου
365 1725 559 1788 αὐτοῦ,
592 1727 685 1778 καὶ
712 1723 804 1776 τοῦ
841 1724 958 1776 υἱοῦ
989 1721 1154 1775 αὐτοῦ
1203 1720 1633 1789 λογιζέσθωσαν.

74 1820 126 1871 Ei
152 1822 202 1873 δὲ
232 1818 478 1889 περὶτοῦ
513 1819 647 1872 Θεοῦ
683 1817 776 1871 τοῦ
818 1818 1103 1882 κτίσαντος
1134 1818 1261 1881 τοὺς
1282 1815 1631 1888 ἀνθρώπους,

78 1912 251 1984 μηκέτι
290 1911 655 1981 ἀνθρωπίνως
678 1952 692 1977 ,
719 1912 854 1965 ἀλλὰ
885 1911 1063 1976 ἄλλως
1104 1912 1245 1984 ὑπὲρ
1272 1912 1374 1983 τὴν
1402 1912 1510 1965 τῶν
1538 1914 1634 1966 ἀν·

77 2008 283 2076 Θρὼπων
321 2003 489 2073 φύσιν
508 2003 954 2057 διανοείσθωσαν.
1001 2003 1215 2067 Ὀποτος
1253 2005 1360 2073 γὰρ
1387 2004 1452 2057 ἂν
1494 2007 1579 2075 εἴη
1603 2005 1632 2057 6

76 2096 275 2164 γεννῶν,
305 2094 557 2149 τοιοῦτον
579 2096 794 2166 ἀνάγκη
832 2095 1006 2149 καὶτὸ
1035 2096 1282 2165 γέννημα
1311 2092 1475 2150 εἶναι.
1514 2096 1627 2151 Καὶ

79 2191 231 2250 ὁποῖος
260 2186 323 2241 ἂν
349 2188 435 2257 εἴη
466 2190 496 2241 6
522 2174 615 2241 τοῦ
660 2187 818 2256 λόγου
844 2189 1050 2261 πατὴρ,
1068 2189 1308 2251 τοιοῦτος
1338 2189 1404 2243 ἄν
1428 2190 1513 2259 εἴη
1538 2188 1633 2240 καὶ

80 2280 259 2349 ὁλόγος
303 2280 498 2336 αὑτοῦ.
538 2280 596 2334 '0
625 2285 724 2351 μὲν
748 2281 842 2334 οὖν
874 2281 1161 2353 ἄνθρωπος
1188 2283 1244 2337 ἐν
1267 2283 1443 2352 χρόνῳ
1475 2282 1632 2350 γενό-

85 2390 237 2444 μενος,
268 2375 323 2425 ἐν
353 2374 538 2444 χρόνῳ
569 2376 664 2426 καὶ
728 2373 892 2438 αὐτὸς
950 2375 1118 2444 γεννᾷ
1147 2374 1209 2426 τὸ
1254 2374 1467 2428 τέκνον.
1521 2373 1633 2426 Καὶ

83 2467 243 2534 ἐπειδὴ
266 2467 325 2518 ὲκ
353 2465 449 2518 τοῦ
489 2465 569 2536 μὴ
592 2464 740 2527 ὄντος
776 2466 965 2533 γέγονε
986 2506 1000 2529 ,
1046 2465 1138 2518 διὰ
1170 2465 1329 2518 τοῦτο
1352 2467 1444 2519 καὶ
1475 2467 1501 2518 6
1540 2464 1631 2517 λόο

83 2576 160 2625 γος
181 2559 331 2610 αὑτοῦ
364 2556 629 2620 παύεται,
661 2559 756 2610 καὶ
784 2559 843 2611 οὐ
877 2558 1051 2627 μένει.
1095 2557 1154 2610 '0
1188 2557 1245 2610 δὲ
1279 2557 1410 2620 Θεὸς
1432 2557 1529 2626 οὐχ
1558 2556 1635 2620 ὡς

83 2650 331 2721 ἄνθρωπός
356 2652 476 2702 ἐστι
502 2666 517 2680 °
547 2649 704 2703 τοῦτο
738 2650 846 2720 γὰρ
875 2645 1027 2702 εἶπεν
1057 2652 1090 2720 ἡ
1136 2650 1326 2720 Γραφή
1356 2667 1368 2678 ·
1411 2649 1527 2703 ἀλλ’
1557 2647 1633 2702 ὧν

88 2746 200 2809 ἔστι,
226 2743 412 2796 natae!
438 2744 585 2798 ἐστι.
609 2743 709 2795 Διά
735 2742 896 2795 τοῦτο
942 2744 1037 2795 καὶ
1084 2744 1112 2795 6
1162 2742 1334 2808 Λόγος
1366 2740 1531 2795 αὑτοῦ
1557 2740 1633 2794 ὢν

89 2832 203 2895 ἐστι,
233 2834 323 2886 καὶ
373 2833 570 2895 ἀϊδίως
616 2834 732 2887 ἐστὶ
767 2833 904 2902 μετὰ
929 2831 1024 2886 τοῦ
1080 2832 1319 2901 Πατρὸς,
1354 2831 1428 2896 ὡς
1461 2831 1641 2886 ό,παὺ-

91 2941 245 2993 γασμα
278 2926 471 2994 φωτός.
506 2926 618 2978 Καὶ
642 2927 668 2977 ὁ
703 2924 800 2994 μὲν
866 2923 974 2977 τῶν
1014 2925 1320 2993 ἀνθρώπων
1374 2923 1534 2992 λόγος
1573 2926 1636 2977 ἐκ

92 3014 334 3067 συλλαϐὼν
354 3019 473 3068 ἐστι
514 3014 893 3084 συγκείμενος,
933 3013 1029 3067 καὶ
1088 3014 1211 3067 οὔτε
1277 3014 1366 3085 ζῇ,
1430 3014 1553 3067 οὔτε
1585 3031 1638 3067 τι

95 3109 289 3177 ἐνεργεῖ,
346 3107 488 3160 ἀλλὰ
523 3108 681 3177 μόνον
718 3108 836 3159 ἐστὶ
886 3107 1222 3176 σημαντικὸς
1279 3109 1377 3178 τῆς
1408 3107 1503 3159 τοῦ
1544 3108 1638 3160 λα-

94 3196 272 3259 λοῦντος
324 3198 591 3262 διανοίας,
657 3200 749 3249 καὶ
777 3198 941 3267 μόνον
991 3196 1205 3267 ἐξῆλθεν
1260 3201 1355 3252 καὶ
1384 3197 1627 3269 παρῆλθε

100 3293 259 3360 μηκέτι
284 3291 644 3361 φανούμενος,
678 3290 868 3360 ἐπειδὴ
892 3289 1012 3343 οὐδὲ
1042 3286 1109 3361 ἦν
1134 3290 1269 3354 ὅλως
1304 3294 1433 3362 πρὶν
1470 3292 1636 3361 λαλη-

96 3385 244 3450 οῇναι.
269 3385 354 3435 Διὸ
379 3384 510 3435 οὒτε
542 3383 608 3451 ζῇ
631 3421 645 3445 ,
673 3380 796 3433 οὕτε
820 3382 1055 3451 ἐνεργεῖ,
1080 3380 1205 3435 οὔτε
1237 3382 1373 3446 ὅλως
1422 3383 1637 3454 ἀνθρω-

98 3479 174 3537 πός
201 3479 332 3529 ἐστιν
370 3480 397 3530 ὁ
419 3476 538 3529 τῶν
562 3475 867 3545 ἀνθρώπων
895 3475 1075 3543 λόγος.
1141 3474 1345 3546 Πάσχει
1375 3475 1430 3528 δὲ
1457 3476 1635 3539 τοῦτο,

98 3570 216 3621 καθὰ
238 3573 512 3639 προεῖπον,
548 3571 737 3638 ἐπειδὴ
764 3571 858 3622 καὶ
903 3571 931 3622 6
968 3568 1172 3638 γεννῶν
1199 3568 1388 3621 τοῦτον
1414 3567 1602 3637 ἄνθρω
1619 3597 1638 3611 ο

100 3675 178 3723 πως
208 3663 263 3714 ἐκ
288 3663 374 3716 τοῦ
403 3663 489 3734 μὴ
515 3664 664 3727 ὄντος
712 3664 823 3732 ἔχει
848 3662 949 3733 τὴν
982 3660 1168 3730 φύσιν.
1201 3660 1257 3713 Ὀ
1284 3661 1342 3713 δὲ
1373 3659 1466 3713 τοῦ
1501 3659 1637 3713 Θεοῦ

100 3756 257 3820 Λόγος,
285 3760 378 3827 οὐχ
403 3758 482 3820 ὡς
526 3758 592 3811 ἄν
629 3774 713 3820 τις
741 3757 908 3822 εἴποι,
940 3759 1276 3826 προφορικός
1308 3757 1485 3818 ἐστιν,
1517 3753 1641 3806 οὐδέ

101 3849 235 3916 eno;
258 3851 537 3922 ῥημάτων,
565 3849 689 3903 οὐδὲ
726 3850 788 3902 τὸ
817 3848 1124 3920 προστάξαι
1146 3847 1276 3900 Θεὸν
1312 3845 1405 3899 τοῦ
1418 3846 1469 3898 :6
1489 3848 1639 3897 ἐστιν

105 3941 221 4007 Υἱὸς,
255 3945 359 3996 ἀλλ’
381 3945 456 4007 ὡς
498 3945 636 4013 φῶς,
672 3944 763 3996 καὶ
793 3940 1136 4011 ἀπαύγασμα
1162 3940 1332 4003 οὕτως
1359 3940 1479 3991 ἐστὶ
1519 3943 1640 4005 γεν-

104 4054 223 4105 νημα
237 4039 423 4091 τέλειον
451 4044 522 4092 ἐκ
545 4036 775 4091 τελείου.
794 4036 885 4089 Διὸ
915 4040 1009 4089 καὶ
1035 4035 1201 4088 εἰκὼν
1224 4034 1317 4086 τοῦ
1340 4033 1475 4087 Θεοῦ
1497 4036 1642 4099 ἐστι,

105 4134 179 4181 καὶ
203 4132 337 4196 Θεός.
360 4135 471 4188 Καὶ
494 4132 623 4195 Θεὸς
666 4132 774 4202 γὰρ
807 4126 897 4201 ἦν,
933 4130 1119 4200 φησὶν,
1152 4130 1180 4181 6
1211 4129 1381 4196 Λόγος
1406 4143 1420 4158 ο
1447 4127 1558 4179 Καὶ
1587 4127 1640 4180 0i

109 4220 186 4288 μὲν
210 4222 341 4291 λόγοι
370 4226 478 4278 τῶν
511 4223 818 4294 ἀνθρώπων
844 4221 998 4275 οὐδέν
1024 4222 1164 4275 εἰσιν
1207 4222 1286 4284 εἱς
1331 4222 1640 4291 ἐνέργειαν.

108 4315 177 4364 Διὸ
200 4320 279 4368 καὶ
316 4318 373 4368 οὐ
402 4317 499 4370 διὰ
524 4316 719 4384 λόγων,
774 4313 915 4367 ἀλλὰ
964 4312 1051 4368 διὰ
1091 4312 1292 4382 χειρῶν
1357 4312 1646 4381 ἄνθρωπος

111 4407 381 4475 ἐργάζεται,
410 4412 497 4463 ὅτι
522 4403 685 4462 αὗται
711 4408 812 4478 μὲν
844 4406 1205 4478 ὑπάρχουσιν,
1243 4406 1272 4458 6
1293 4405 1349 4457 δέ
1370 4404 1525 4472 λόγος
1550 4405 1647 4455 αὑ·

112 4500 183 4551 τοῦ
204 4503 290 4573 οὐχ
316 4504 623 4571 ὑφίσταται.
670 4499 732 4555 '0
760 4500 817 4553 δὲ
853 4498 945 4552 τοῦ
978 4498 1115 4552 Θεοῦ
1162 4498 1355 4566 Λόγος,
1392 4496 1467 4560 ὡς
1493 4491 1648 4549 εἶπεν

1736 618 1989 673 homines
2022 634 2089 673 ex
2121 620 2435 675 hominibus
2473 622 2631 687 ﬁunt;
2666 631 2719 675 et
2753 637 2899 685 cum,
2928 624 3077 675 verbi
3123 640 3316 687 causa,

1734 720 1891 780 pater
1948 709 2173 780 triginta
2236 728 2506 767 annorum
2551 723 2654 779 est,
2716 724 2845 768 tunc
2892 714 3034 767 lilius
3101 718 3322 783 genitus

1736 804 2067 872 principium
2112 805 2295 872 habet;
2316 807 2611 877 nullusque
2670 811 2893 862 omnino
2922 813 3157 865 hominis
3185 812 3327 863 illius

1736 906 1852 950 erat
1884 909 2175 967 antequam
2216 900 2568 968 gigneretur?
2608 899 2953 970 Rursumque
2988 905 3228 972 garriunt
3257 904 3323 956 ad

1738 989 1883 1042 hunc
1942 992 2163 1045 modum
2194 993 2410 1047 :Filius
2446 994 2678 1047 Verbum
2712 1008 2830 1046 esse
2862 1034 2877 1057 ,
2928 1006 3023 1049 aut
3089 997 3327 1050 Verbum

1735 1082 1913 1151 imago
1970 1083 2098 1147 Dei,
2154 1090 2372 1153 quan-lo
2431 1087 2654 1138 verbum
2698 1086 2935 1141 hominis
2988 1103 3052 1140 ex
3106 1089 3326 1159 syllabis

1736 1184 1994 1229 consutns
2051 1176 2227 1230 solum
2272 1177 2543 1246 loquentis
2574 1177 2959 1245 cogitationem
2996 1179 3224 1242 indicat,
3267 1192 3327 1234 et

1736 1266 1900 1319 simul
1966 1282 2031 1322 ac
2086 1269 2358 1337 prolatum
2403 1278 2505 1332 est,
2569 1268 2870 1338 dissipatur
2917 1279 2971 1323 et
3018 1271 3333 1324 evanescit?

1728 1357 1832 1412 Isti
1863 1359 2085 1429 quidem
2116 1374 2308 1414 earum
2337 1360 2631 1426 rationem,
2651 1361 2858 1429 quibus
2888 1370 3017 1415 ante
3049 1362 3327 1426 ,coniutati

1736 1458 1898 1512 sunt,
1960 1449 2137 1511 obliti,
2202 1450 2321 1505 haec
2365 1450 2571 1505 iterum
2618 1449 2873 1515 aderunt,
2928 1453 3028 1506 sed
3083 1453 3329 1507 veritatis

1737 1542 1967 1596 verbum
2017 1555 2111 1595 eos
2134 1540 2333 1595 refellit
2364 1540 2469 1596 hoc
2502 1543 2662 1597 modo
2694 1558 2713 1596 :
2754 1543 2811 1597 Si
2834 1542 2901 1597 de
2925 1543 3150 1597 homine
3178 1558 3324 1613 quo-

1732 1634 1881 1704 piam
1908 1634 2207 1700 disserunt,
2237 1635 2476 1689 humano
2528 1650 2678 1689 more
2701 1635 2768 1689 de
2788 1637 2980 1699 verbo,
3007 1635 3185 1705 deque
3219 1635 3331 1689 tilio

1738 1725 1914 1797 ipsius
1956 1727 2273 1796 loquantur.
2338 1728 2437 1782 Sin
2462 1726 2531 1781 de
2590 1729 2724 1790 Deo,
2774 1731 2872 1797 qui
2905 1729 3160 1783 homines
3196 1743 3327 1798 pro-

1740 1820 1965 1885 creavit,
2018 1836 2130 1874 non
2194 1821 2455 1885 humana,
2496 1820 2589 1874 sed
2640 1820 3039 1876 excellentiore
3091 1821 3330 1890 quadam

1743 1914 1956 1968 ratione
1991 1912 2059 1967 de
2112 1912 2205 1968 illo
2246 1913 2506 1984 cogitent.
2558 1912 2743 1979 Qualis
2784 1913 2928 1967 enim
2976 1913 3191 1985 genitor
3219 1923 3329 1979 est,

1741 2007 1868 2062 talis
1893 2015 1977 2060 est
2010 2006 2175 2061 etiam
2226 2005 2317 2073 qui
2369 2005 2609 2076 gignitur
2638 2005 2971 2061 necessario.
3033 2006 3099 2059 Et
3152 2004 3332 2075 qualis

1741 2108 1827 2155 est
1880 2098 2035 2154 verbi
2088 2108 2283 2168 pater,
2335 2098 2441 2153 tale
2484 2099 2746 2152 nimirum
2786 2108 2872 2153 est
2907 2098 3129 2153 verbum
3184 2098 3329 2167 ejus.

1742 2193 2087 2262 Quapropter
2141 2192 2305 2247 homo
2360 2192 2414 2245 in
2474 2202 2717 2260 tetttpot'e
2787 2193 3023 2262 genitus,
3087 2191 3142 2245 in
3195 2199 3336 2245 tem-

1744 2302 1877 2356 pore
1927 2295 1981 2339 et
2046 2285 2161 2354 ipse
2220 2284 2393 2339 lilium
2455 2284 2648 2354 gignit.
2717 2284 2781 2337 Et
2837 2282 3098 2352 quoniam
3143 2297 3208 2336 ex
3246 2282 3333 2336 ni-

1745 2378 1860 2433 hilo
1891 2376 2068 2432 factus
2092 2388 2174 2431 est
2203 2376 2390 2439 homo,
2449 2375 2655 2430 ideirco
2687 2376 2910 2429 verbum
2964 2375 3129 2429 etiam
3184 2374 3335 2429 illius

1741 2469 1797 2524 in
1850 2469 2082 2524 nihilum
2141 2468 2407 2538 redigitur
2472 2479 2527 2521 et
2584 2469 2863 2522 aboletur.
2934 2466 3075 2522 Deus
3124 2475 3333 2532 autem,

1746 2570 1809 2615 ut
1841 2558 2124 2629 Scriptura
2149 2567 2401 2620 testatur,
2429 2568 2661 2623 nonest,
2700 2560 2842 2612 sicut
2877 2557 3135 2612 homines
3177 2566 3328 2621 sunt,

1744 2652 1839 2705 sed
1867 2661 1950 2706 est
1977 2650 2085 2716 ille,
2118 2649 2211 2720 qui
2240 2660 2345 2716 est,
2378 2659 2434 2705 et
2464 2650 2553 2719 qui
2607 2664 2825 2719 semper
2845 2657 2929 2703 est
2958 2648 2998 2702 ¹.
3048 2649 3234 2720 Itaque
3279 2657 3335 2704 et

1744 2742 1983 2798 Verbum
2012 2742 2134 2811 ejus
2166 2756 2295 2797 vere
2326 2750 2429 2807 est,
2456 2751 2509 2795 et
2541 2742 2609 2795 ab
2632 2740 2780 2794 omni
2843 2742 3150 2795 aeternitate
3205 2756 3333 2795 cum

1746 2835 1907 2891 Patre
1954 2846 2060 2901 est,
2097 2844 2353 2904 tanquam
2391 2834 2651 2904 splendor
2682 2833 2839 2887 lueis.
2859 2835 3035 2903 Atque
3054 2832 3336 2888 hominum

1746 2928 1968 2999 quidem
2011 2928 2238 2981 verbum
2284 2940 2353 2980 ex
2404 2924 2625 2995 syllabis
2660 2934 2894 2989 constat,
2942 2939 3122 2994 neque
3178 2924 3334 2987 vivit,

1746 3036 1928 3091 neque
1960 3021 2261 3089 quidquam
2286 3020 2424 3090 agit,
2455 3018 2549 3071 sed
2612 3026 2820 3071 tantum
2882 3017 3155 3086 loquentis
3212 3032 3342 3070 sen-

1750 3114 1978 3169 tentiam
2016 3111 2553 3201 explicat,etsolutn(
2608 3112 2741 3173 exit,
2804 3117 2861 3163 et
2924 3110 3183 3179 praeterit,
3239 3125 3342 3166 nec

1659 3228 1707 3291 ο
1749 3206 1985 3277 amplius
2037 3214 2310 3275 apparet:
2345 3204 2547 3273 quippe
2576 3204 2719 3272 quod
2764 3218 2868 3256 nec
2915 3212 3338 3272 eratantequam

1742 3301 2144 3355 enuntiaretur.
2203 3295 2381 3362 Quare
2411 3310 2512 3350 nec
2544 3295 2697 3358 vivit,
2732 3310 2831 3348 nec
2880 3296 2989 3365 agit
3022 3294 3343 3364 quidquam,

1744 3408 1848 3451 nec
1879 3392 2105 3447 omnino
2139 3390 2367 3445 verbum
2392 3386 2634 3443 hominis
2668 3388 2835 3442 homo
2856 3396 2960 3441 est.
2990 3388 3108 3441 Hoc
3157 3396 3343 3441 autem

1749 3484 1975 3549 accidit,
2000 3491 2061 3538 ut
2098 3488 2226 3537 ante
2256 3480 2389 3544 dixi,
2420 3478 2676 3549 quoniam
2719 3487 2772 3533 et
2824 3478 3008 3543 homo,
3059 3478 3153 3549 qui
3215 3494 3341 3534 ver-

1743 3580 1873 3632 bum
1904 3575 2008 3631 hoc
2031 3574 2195 3644 parit,
2226 3588 2291 3628 ex
2322 3572 2496 3626 nihilo
2518 3580 2769 3625 naturam
2796 3571 2983 3626 habet.
3004 3571 3072 3625 At
3097 3571 3187 3625 Dei
3209 3571 3346 3627 Ver-

1745 3669 1875 3723 bum
1902 3683 2037 3732 non,
2069 3666 2338 3734 utaliquis
2363 3666 2642 3729 dicat,0re
2662 3662 3067 3732 pronuntiatur,
3096 3677 3199 3717 nec
3229 3663 3347 3719 edit

1747 3761 1895 3815 vocis
1918 3773 2137 3822 sonum,
2170 3770 2351 3826 neque
2385 3756 2529 3825 quod
2557 3755 2858 3810 mandatae
2894 3755 3139 3824 pra-cipit
3175 3754 3339 3819 Deus,

1748 3852 1802 3907 id
1853 3852 2023 3906 Filius
2054 3857 2156 3916 est,
2184 3848 2278 3903 sed
2308 3847 2382 3902 uti
2414 3848 2503 3902 lus
2530 3856 2585 3902 et
2607 3846 2883 3917 Splendor,
2907 3849 2985 3901 sic
3012 3856 3091 3901 est
3116 3862 3346 3917 germen

1749 3948 2053 4015 perfectum
2097 3957 2166 3997 ex
2219 3940 2478 4011 perfecto.
2500 3940 2865 4006 Quamobrem
2898 3949 2955 3993 et
2985 3938 3127 3994 Deus
3162 3946 3265 4003 est,
3287 3946 3342 3993 et

1748 4020 1927 4107 imago
1954 4034 2066 4089 Dei.
2087 4032 2154 4087 Et
2178 4032 2315 4086 Deus
2338 4031 2505 4092 enim,
2530 4027 2728 4098 inquit,
2747 4041 2862 4083 erat
2890 4030 3132 4085 Verbum.
3152 4030 3229 4085 Ac
3248 4031 3342 4086 ho-

1750 4129 1956 4182 minem
1971 4127 2191 4196 quidem
2222 4126 2388 4180 verba
2408 4141 2465 4177 re
2487 4125 2622 4178 nihil
2642 4133 2789 4178 sunt.
2813 4123 3077 4188 Quocirca
3091 4139 3199 4177 non
3224 4139 3346 4179 ver-

1752 4221 1859 4283 bis,
1888 4220 1985 4275 scd
2021 4219 2278 4273 manibus
2301 4230 2465 4288 agunt
2488 4218 2756 4270 homines.
2784 4219 2920 4283 Quia
2960 4233 3155 4271 manus
3194 4216 3345 4271 exsi-

1752 4320 1928 4383 Stunt,
1957 4310 2125 4363 verba
2155 4318 2337 4361 autent
2360 4308 2493 4361 nihil
2532 4307 2737 4361 habent
2762 4308 3114 4361 ﬁrmamenti.
3147 4310 3216 4361 At
3246 4307 3347 4363 Dei

1761 4401 2017 4467 Verbum,
2067 4411 2127 4455 ttt
2155 4399 2447 4469 Apostolus
2467 4398 2541 4451 ait
2568 4400 2609 4462 ⁸,
2666 4400 2815 4464 vivit,
2847 4408 2901 4453 et
2929 4397 3115 4452 eilicax
3147 4407 3249 4462 est,
3288 4408 3348 4452 et

1757 4494 2152 4565 penetrabilius
2180 4493 2329 4546 omni
2358 4492 2533 4562 gladio
2569 4491 2820 4560 ancipiti,
2851 4500 2906 4545 et
2940 4492 3197 4559 pertingit
3253 4506 3346 4544 us-

115 4568 470 4661 δ’Λπόστολος,
508 4595 618 4660 ζὼν
647 4596 780 4659 ἐστι,
817 4593 911 4647 καὶ
968 4591 1199 4663 ἐνεργὴς
1222 4630 1239 4657 ,
1277 4593 1371 4644 καὶ
1405 4589 1638 4659 τομώτε-

1755 4601 1865 4658 que
1903 4586 1970 4639 ad
1998 4583 2321 4640 divisionem
2355 4581 2528 4635 anitni
2556 4592 2613 4635 et
2641 4582 2886 4649 spiritus.
2912 4581 3148 4634 Decet-at
3173 4583 3348 4646 enim,

120 4688 335 4758 ροςῦπὲρ
365 4692 545 4742 πᾶσαν
583 4688 859 4757 μάχαιραν
918 4684 1195 4755 δίστομον,
1251 4684 1349 4737 καὶ
1408 4680 1648 4735 διικνού-

123 4794 247 4843 μῑνος
278 4784 395 4852 ἄχρι
431 4781 702 4852 μερισμοῦ
723 4779 901 4850 ψυχῆς
941 4778 1034 4831 καὶ
1074 4779 1354 4847 σώματος.
1391 4776 1648 4846 Ἐπρεπε

122 4887 222 4941 rip,
241 4876 343 4938 ἐνὸς
365 4878 517 4939 ὄντος
551 4876 643 4927 τοῦ
663 4874 822 4939 Θεοῦ,
852 4875 980 4943 μίαν
1010 4868 1151 4923 εἶναι
1190 4872 1283 4922 καὶ
1307 4868 1406 4937 τὴν
1435 4868 1645 4932 εἰκόνα,

123 4968 194 5015 καὶ
217 4967 299 5019 Eva.
328 4970 413 5023 τὸν
438 4968 633 5022 τούτου
660 4968 858 5034 Λόγον,
888 4968 981 5017 καὶ
1019 4965 1147 5033 μίαν
1176 4963 1273 5034 τὴν
1310 4961 1501 5015 τούτου
1566 4978 1654 5013 σου

126 5060 245 5122 φίιν.
267 5063 344 5113 Διὸ
372 5065 459 5116 καὶ
491 5059 759 5130 Θαυμάζω
798 5074 937 5121 πως,
996 5058 1113 5119 ἐνὸς
1149 5057 1302 5117 ὄντος
1328 5054 1421 5107 τοῦ
1486 5052 1650 5118 Θεοῦ,

125 5143 242 5203 οὗτοι
268 5156 395 5207 κατὰ
426 5156 523 5217 τὰς
565 5152 697 5213 ἰδίας
744 5150 986 5211 ἐπινιίας
1038 5149 1239 5209 πολλὰς
1267 5149 1508 5210 εἰκόνας,
1552 5148 1653 5199 καὶ

129 5240 301 5305 σοφίῃ,
348 5245 435 5295 καὶ
460 5242 652 5308 λόγους
676 5240 999 5307 ἐπενόησαν.
1034 5239 1141 5288 Καὶ
1191 5237 1351 5289 ἄλλον
1379 5235 1478 5307 μὲν
1508 5232 1654 5288 εἶναι

128 5329 196 5377 τὸν
218 5330 327 5383 ἴδιον
355 5336 444 5385 καὶ
471 5333 632 5401 φύσει
678 5330 848 5397 Λόγον
876 5328 969 5380 τοῦ
1023 5328 1232 5396 Ιιιτρδς
1268 5326 1548 5396 λέγουσιν.
1592 5330 1650 5379 ἐν

130 5411 162 5484 ᾧ
189 5428 263 5474 καὶ
292 5428 372 5478 τὸν
414 5427 540 5479 ἴῐὸν
587 5427 854 5494 πεποίηκε
874 5439 886 5453 ·
915 5424 1005 5475 τὸν
1039 5422 1095 5473 δὲ
1130 5421 1347 5489 άληθῶς
1381 5421 1507 5472 Υῐὸν
1534 5420 1654 5472 κατ’

134 5513 332 5567 ἐπίνοιαν
358 5517 605 5585 λέγεσθαι
629 5518 820 5584 Λόγον,
851 5515 925 5577 ὠς
956 5514 1220 5583 ἄμπελον,
1256 5516 1347 5565 καὶ
1378 5513 1520 5577 ὁδὸν,
1562 5512 1656 5564 καὶ

135 5601 290 5673 θύραν,
314 5614 399 5662 καὶ
425 5610 576 5675 ξύλον
608 5610 775 5679 ζωῆς.
810 5610 1011 5675 Σοφίαν
1046 5625 1097 5661 τε
1144 5607 1372 5675 ὀνόματι
1396 5604 1657 5673 λέγεσθαι

137 5695 264 5749 αὐτόν
291 5718 462 5768 φασιν,
488 5706 651 5775 ἄλλην
677 5721 860 5773 μεντοι
887 5699 1029 5754 εἶναι
1062 5704 1166 5772 τὴν
1219 5700 1356 5754 ιδίαν
1394 5699 1489 5755 καὶ
1516 5700 1654 5769 ἀλη-

196 5835 297 5893 ‘llt
337 5847 383 5898 tl.
421 5864 500 5915 tu,
529 5849 607 5901 H.
688 5846 707 5875 ’
736 5844 899 5901 llehr.
932 5860 1005 5911 tv,
1039 5842 1124 5897 12.

1758 4688 1821 4733 ιιι
1846 4694 1970 4734 cum
2018 4690 2159 4731 unus
2202 4682 2347 4730 esset
2382 4673 2549 4734 Deus,
2587 4688 2692 4725 una
2726 4672 2855 4725 item
2890 4683 3040 4727 esset
3064 4674 3241 4744 imago
3262 4674 3348 4744 ip-

1763 4772 1900 4837 sius,
1936 4780 1992 4825 et
2032 4769 2265 4822 Verbum
2302 4781 2493 4829 unum,
2528 4776 2581 4819 et
2613 4780 2716 4818 una
2755 4766 3046 4834 sapientia.
3078 4766 3349 4832 Quamob-

1758 4882 1873 4919 rem
1925 4878 2113 4927 mtror,
2157 4876 2255 4915 cur
2287 4860 2398 4925 isti,
2430 4874 2555 4913 eum
2593 4874 2736 4914 unus
2770 4860 2843 4913 sit
2875 4858 3040 4925 Deus,
3069 4860 3353 4930 Opittionis

1757 4973 1943 5015 errore
1979 4956 2177 5009 multas
2203 4952 2305 5007 sibi
2338 4953 2623 5021 imagines,
2652 4962 2707 5007 et
2732 4953 3048 5021 sapientius,
3084 4965 3139 5008 et
3182 4955 3350 5010 verba

1762 5048 2145 5109 conlinxerint.
2178 5047 2353 5113 Atque
2383 5045 2529 5097 aliud
2564 5045 2785 5113 quidem
2825 5047 3132 5116 propriutn,
3164 5058 3220 5101 et
3252 5064 3351 5100 na-

1764 5154 1887 5201 tura
1942 5142 2183 5197 Verbum
2219 5138 2416 5202 Patris,
2464 5154 2573 5207 quo
2609 5139 2803 5193 Filium
2841 5141 3003 5195 etiam
3043 5140 3192 5204 fecit,
3228 5155 3351 5194 esse

1761 5237 1972 5292 dicunt.
2033 5232 2169 5285 Nam
2219 5244 2349 5283 vere
2383 5228 2581 5284 Filium
2635 5234 2889 5301 opinione
2939 5232 3045 5286 dici
3088 5232 3351 5295 Verbum,

1763 5331 1907 5385 sicut
1958 5328 2119 5382 etiam
2161 5325 2305 5390 vitis,
2338 5336 2392 5378 et
2425 5325 2509 5378 via
2546 5325 2764 5387 dicitur,
2796 5338 2850 5378 et
2886 5323 3110 5385 ostium,
3146 5323 3350 5391 lignum

1763 5421 1914 5485 vitat,
1951 5430 2006 5474 et
2062 5421 2329 5489 sapientia
2366 5419 2588 5473 nomine
2648 5418 2935 5470 duntaxat.
2967 5413 3142 5466 Aliam
3204 5412 3353 5466 enim

1760 5529 1881 5571 esse
1915 5528 2096 5569 veram
2131 5496 2279 5568 illam
2306 5512 2483 5568 Patris
2512 5509 2856 5581 sapientiam,
2882 5524 3000 5575 qua:
3030 5521 3137 5559 non
3170 5506 3354 5575 genita

1762 5622 1889 5662 cum
1919 5607 2038 5676 ipso
2061 5604 2333 5668 consistit,
2354 5620 2463 5673 qua
2480 5602 2519 5656 F
2527 5603 2674 5655 ilium
2700 5603 2826 5655 fecit
2842 5613 2990 5659 eum,
3016 5612 3180 5665 quem
3207 5599 3354 5666 quod

1760 5698 1905 5754 illius
1934 5708 2081 5753 esset
2111 5695 2395 5768 sapientiae
2455 5692 2754 5765 particeps,
2797 5690 3129 5762 sapientiam
3160 5689 3349 5745 nomi-
