3860 6574
129 401 218 464 389
957 384 960 386 ’
1023 393 1406 455 'PANOPLIA
1446 391 1918 454 DOGMATICA.
1945 415 2014 426 —
2054 391 2202 453 TIT.
2249 392 2352 454 XL

3226 393 3342 460 390

126 512 412 583 Παροιμίαις
449 509 505 562 τὸ
526 508 789 570 ἔκτισεν,
813 507 876 560 οὐ
907 507 988 561 δεῖ
1015 521 1222 578 κτισμα
1242 509 1364 561 ὅλον
1385 511 1450 579 τῇ
1485 506 1645 576 φύσει

1761 520 1816 560 ex
1865 504 2182 560 Proverbiis
2215 507 2253 568 ',
2302 505 2516 567 creauit,
2559 519 2670 560 non
2719 513 2900 561 totum
2951 513 3150 562 natura
3181 523 3341 564 crea-

122 608 239 660 νοεῖν
263 604 343 658 τὸν
373 603 557 670 Λόγον,
629 601 746 654 ἀλλ’
808 603 890 655 ὅτι
957 602 1018 655 τὸ
1081 603 1302 655 κτιστὸν
1360 601 1648 654 ἐνεδύσατο

124 699 275 766 σῶμα,
308 695 395 748 καὶ
453 693 587 763 ὑπὲρ
622 694 780 763 ἡμῶν
846 693 1062 746 ἔκτισεν
1097 695 1260 746 αὑτὸν
1319 696 1346 748 ὀ
1396 694 1529 756 Θεὸς
1569 696 1650 756 εἰς

121 789 264 858 ἡμᾶς,
288 787 342 838 τὺ
372 787 581 838 κτιστδν
609 785 758 854 αὑτῷ
785 787 1141 855 καταρτίσας,
1185 786 1260 850 ὡς
1310 786 1645 856 γέγραπται,

122 881 274 948 σῶμα.
302 879 364 930 ἵν’
388 880 444 930 ὲν
467 877 610 948 αὐτῷ
640 880 1097 950 ἁνακαινισθῆναι
1133 882 1226 933 καὶ
1263 878 1646 949 υἱοποιηοῆναι

114 969 419 1039 δυνηθῶμεν.
477 970 539 1023 Τί
597 970 776 1023 τοίνυν
811 971 956 1041 ὑμᾶς
984 973 1290 1040 ἠπάτησεν,
1326 964 1370 1023 ὧ
1401 971 1646 1042 ἀνόητοι,

117 1063 264 1115 εἰπεῖν
312 1061 402 1112 τὸν
455 1062 693 1130 Κτ’στην
737 1063 982 1134 κτίσμα;
1130 1064 1294 1115 πόθεν
1337 1065 1649 1134 ὴγορὰσατε

117 1155 299 1214 ἑαυτοῖς
321 1153 378 1204 τὸ
405 1154 588 1206 καινὸν
618 1153 876 1222 φρόνημα
916 1153 1095 1212 τοῦτο.
1122 1157 1220 1208 καὶ
1251 1158 1307 1208 ὲν
1334 1155 1484 1225 αὐτῷ
1511 1173 1653 1226 πομ-

114 1246 426 1310 πεύετε;·Δί
481 1246 588 1316 γὰρ
635 1245 936 1316 Παροιμίαι
982 1248 1202 1315 λέγουσι
1260 1249 1322 1302 τὸ
1354 1251 1647 1316 ἔκτισεν,

111 1339 281 1391 ἀλλὀὐ
308 1339 522 1406 λέγουσι
549 1341 756 1408 κτίσμα
786 1341 878 1394 τὸν
917 1342 1066 1407 Υἱδν,
1105 1344 1243 1398 άλλὰ
1274 1346 1543 1415 γέννημα.
1572 1345 1646 1398 Τὸ

112 1434 157 1484 δὲ
179 1433 342 1484 ἔκτισε
375 1431 634 1500 λέγουσαι
688 1435 790 1488 οὐκ
843 1436 935 1488 ἐπὶ
967 1437 1069 1506 τῆς
1122 1437 1316 1500 οὐσίας
1364 1438 1530 1491 αὑτοῦ
1561 1437 1651 1490 λέ-

113 1542 293 1593 γουσιν,
328 1525 462 1578 ἀλλὰ
491 1527 707 1580 πολλῶν
737 1528 871 1582 ὁδῶν
930 1529 1105 1600 ἀρχὴν
1167 1531 1332 1584 αὐτὸν
1392 1531 1650 1601 γενέσθαι

113 1619 458 1689 σημαίνουσιν.

523 1711 618 1764 Ἐκ
649 1710 754 1765 τοῦ
773 1711 962 1766 αὐτοῦ
987 1712 1195 1781 λόπιου.

169 1808 234 1859 Οὐ
257 1806 449 1875 κτίσμα
475 1808 646 1866 ἐστὶν,
704 1806 842 1858 ἀλλὰ
881 1809 1106 1876 κτίστης
1162 1805 1262 1874 μέν
1309 1807 1458 1858 ἐστιν
1497 1807 1526 1859 ὁ
1554 1805 1650 1860 τοῦ

109 1898 222 1952 Θεοῦ
241 1900 420 1966 Λόγος.
444 1900 582 1951 Τότε
608 1899 664 1952 δὲ
685 1898 835 1967 λέγει
857 1899 1265 1969 παροιμιωδῶς,
1289 1898 1533 1954 Ἕκτισέ
1549 1916 1646 1968 με,

107 1999 176 2049 ὅτε
205 1995 292 2067 τὴν
317 1998 541 2065 κτιστὴν
573 1995 868 2049 ἐνεδύσατο
913 1996 1111 2066 σάρκα.
1143 1998 1250 2050 Καὶ
1294 1996 1457 2049 τοῦτο
1485 1996 1650 2050 πάλιν

107 2088 302 2140 δυνατόν
331 2090 444 2140 ἐστι
509 2089 608 2140 καὶ
660 2086 718 2151 ἐξ
751 2085 919 2138 αὐτοῦ
956 2085 1051 2138 τοῦ
1087 2087 1255 2157 ῥητοῦ
1288 2087 1647 2141 διανοεῖσθαι.

109 2179 214 2242 Υἱὸς
241 2178 338 2247 γὰρ
362 2178 456 2243 ὢν,
493 2180 594 2232 καὶ
621 2179 842 2250 Πατέρα
869 2179 958 2232 τὸν
989 2179 1120 2232 θεὸν
1150 2179 1310 2250 ἔχων,
1346 2180 1514 2234 αὑτοῦ
1541 2183 1648 2251 γὰρ

109 2271 216 2322 ίδιόν
245 2271 646 2340 ἐπιγέννημα,
677 2271 828 2342 ὅμως
870 2272 1074 2344 Κύριον
1100 2274 1356 2342 ὀνομάζει
1412 2276 1504 2328 τὸν
1543 2277 1652 2328 Πα-

109 2365 237 2432 τέρα,
257 2363 346 2434 οὐχ
368 2363 664 2426 ὄτιδοῦλος
728 2361 818 2436 ἧν,
853 2365 970 2417 ἀλλ’
1032 2367 1114 2419 ὅτι
1158 2367 1260 2435 τὴν
1320 2367 1414 2419 τοῦ
1449 2368 1642 2422 δούλου

114 2453 297 2523 μορφὴν
351 2454 639 2509 ἀνέλαϐεν.
677 2457 926 2528 Ἐπρεπε
957 2459 1066 2530 γὰρ
1086 2458 1270 2523 αὐτὸν,
1304 2458 1490 2530 ὥσπερ
1518 2459 1650 2512 ὅντα

110 2547 253 2614 Λόγον
287 2549 346 2602 ὲκ
403 2551 498 2604 τοῦ
538 2551 776 2621 Πατρὺς,
847 2553 1072 2622 Πατέρα
1121 2552 1214 2608 τὸν
1278 2553 1410 2606 Θεὸν
1442 2555 1646 2608 καλεῖν.

112 2643 254 2697 Τοῦτο
297 2645 398 2715 γάρ
453 2645 554 2699 καλ⁵
589 2648 719 2700 [διον
739 2646 874 2699 Υί.ῦ
906 2647 1038 2717 πρὸς
1065 2649 1301 2718 Πατέρα,
1362 2647 1532 2712 οὕτως
1567 2647 1652 2700 ὲλ-

113 2735 245 2788 (ιὸιιτα
286 2738 571 2792 τελειῶσαι
605 2740 662 2792 τὸ
691 2739 876 2809 ἔργον,
927 2741 1024 2794 καὶ
1069 2741 1262 2794 δούλου
1297 2742 1516 2813 μορφὴν
1555 2743 1652 2796 λα-

113 2825 268 2890 ϐόντα,
307 2829 505 2898 Κύριον
556 2829 850 2899 ὀνομάζειν
897 2832 986 2884 τὸν
1025 2832 1259 2903 Πατέρα.
1298 2833 1405 2885 Καὶ
1446 2832 1651 2906 ταύτην

113 2916 188 2987 τὴν
210 2918 456 2990 διαφορὰν
482 2922 654 2984 αὐτὸς
670 2922 876 2986 ἐδίδαξε
905 2925 1043 2994 μετὰ
1092 2925 1266 2995 καλῆς
1315 2927 1414 2996 τῆς
1437 2926 1653 2981 διαστο-

115 3008 190 3078 λῆς
227 3010 388 3079 λέγων
439 3016 497 3066 ὲν
555 3017 670 3077 τοῖς
711 3015 1087 3084 Εὑαγγελίοις,
1129 3017 1654 3088 Ἐξομολογοῦμαί

121 3117 219 3167 σοι,
263 3104 481 3174 Ιίὰτερο
521 3101 672 3169 εἶτα,
714 3109 894 3176 Κύριε
951 3109 1059 3163 τοῦ
1091 3109 1354 3178 οὐρανοῦ
1407 3113 1503 3165 καὶ
1540 3113 1651 3179 τῆς

1753 607 1868 652 tum
1905 599 2138 652 Verbum
2168 599 2431 652 debemus
2468 598 2791 670 intelligere,
2833 599 2928 652 sed
2951 612 3154 666 corpus
3185 613 3340 652 crea-

1754 699 1867 743 tum
1895 692 2224 759 suscepisse.
2256 690 2361 744 Pro
2382 691 2542 744 nobis
2569 691 2710 744 cnim
2735 689 2938 744 creavit
2970 689 3148 760 ipsum
3179 689 3339 756 Deus,

1751 790 1992 836 creatum
2026 782 2164 851 ipsi,
2193 791 2253 835 ut
2287 781 2550 850 scriptum
2583 792 2664 834 est
2692 781 2738 844 ',
2804 796 3002 850 corpus
3034 796 3344 835 accommo-

1751 873 1907 937 dans,
1939 881 1997 928 ut
2027 874 2079 926 in
2104 889 2170 928 eo
2201 889 2490 943 possemus
2521 890 2622 928 nos
2654 874 2926 939 renovari,
2959 874 3163 943 tibique
3197 873 3340 929 ﬁeri.

1751 963 1890 1030 Quid
1926 980 2056 1036 ergo
2085 965 2298 1036 decepit
2334 981 2449 1028 vos,
2483 982 2516 1019 0
2543 965 2715 1026 stulti,
2743 974 2803 1019 ut
2832 964 3147 1019 Creatorem
3191 981 3346 1020 crea.

1753 1061 1866 1106 tum
1892 1067 2022 1107 esse
2068 1052 2380 1107 diceretis?
2413 1055 2521 1107 Aut
2574 1054 2726 1108 unde
2786 1041 2946 1107 vobis"
2988 1054 3149 1107 inane
3196 1052 3343 1107 istud

1755 1139 2069 1207 ﬁgttieotum
2133 1142 2520 1210 comparastis,
2585 1142 2638 1196 in
2693 1157 2803 1212 quo
2844 1143 3001 1198 vobis
3063 1153 3348 1212 tantopere

1752 1231 1981 1301 placetis
2025 1241 2080 1287 et
2108 1233 2370 1302 plauditis
2402 1235 2424 1286 ?
2459 1233 2514 1286 In
2553 1235 2692 1289 libro
2724 1235 2873 1289 enim
2925 1234 3346 1289 Proverbiorum

1753 1324 1985 1394 legimus
2018 1325 2260 1394 quidem.
2301 1328 2523 1389 creavit,
2574 1343 2682 1380 non
2719 1337 2897 1381 tamen
2931 1328 3238 1382 invenimus
3260 1327 3350 1381 Fi-

1746 1413 1885 1470 lium
1940 1425 2185 1471 creatum
2241 1419 2382 1483 dici,
2444 1429 2498 1474 et
2555 1435 2677 1474 esse
2704 1421 2944 1488 genitum
2980 1459 2996 1484 ,
3050 1421 3144 1474 scd
3194 1420 3346 1476 illud.

1751 1508 1963 1563 creavit
2001 1526 2111 1565 non
2154 1510 2395 1565 refertur
2422 1511 2490 1566 ad
2525 1513 2648 1580 ejus
2678 1512 2998 1575 essentiam,
3029 1513 3121 1566 sed
3153 1527 3238 1576 eo,
3291 1521 3351 1565 ut

1750 1599 2047 1655 multa-rum
2097 1601 2308 1657 viarum
2345 1602 2566 1656 initium
2595 1619 2717 1658 esse
2745 1602 2949 1658 factum
3003 1603 3349 1658 ostendatur.

2121 1789 2125 1796 Ι
2334 1715 2418 1769 Ea:
2449 1717 2629 1770 eodem
2662 1717 2817 1770 libro.

1827 1807 1918 1862 Dei
1948 1808 2180 1863 Verbum
2205 1825 2313 1865 non
2337 1821 2415 1864 est
2437 1820 2710 1876 creatum,
2731 1810 2824 1864 sed
2843 1819 3075 1877 creator;
3108 1822 3236 1868 tunc
3251 1831 3352 1868 an-

1755 1910 1864 1956 tem
1896 1902 1950 1955 in
1979 1900 2288 1958 Proverbiis
2338 1917 2397 1957 se
2431 1912 2674 1957 ereatum
2760 1903 2918 1966 dicit,
2951 1919 3074 1958 cum
3127 1921 3349 1962 Carnem

1753 2003 2000 2049 creatam
2043 1992 2248 2046 induit.
2285 1992 2440 2056 Quod
2482 1991 2802 2060 quidem‘ex
2847 1993 3044 2048 eodem
3081 1995 3200 2049 loco
3227 2007 3353 2066 pot-

1755 2095 1860 2141 test
1886 2086 2130 2157 intelligi.
2152 2083 2365 2139 Etenim
2395 2101 2518 2138 cum
2550 2084 2720 2140 Filius
2747 2085 2836 2149 sit,
2869 2095 2924 2140 et
2950 2083 3118 2140 Deum
3155 2086 3244 2140 bal
3264 2097 3355 2141 eat

1755 2179 1996 2242 Patrem,
2059 2188 2143 2234 est
2185 2179 2331 2239 enim
2388 2178 2666 2250 praprium
2724 2195 2947 2250 germen
3012 2180 3204 2250 ipsius,
3270 2191 3356 2234 ta-

1753 2290 1881 2329 men
1912 2290 2035 2330 cum
2093 2273 2379 2329 Dominum
2434 2284 2610 2338 vocat,
2660 2289 2769 2328 non
2810 2274 2961 2345 quod
3011 2289 3203 2328 servus
3257 2275 3352 2338 sit,

1754 2367 1853 2421 sed
1886 2369 2008 2438 quia
2041 2367 2182 2421 servi
2230 2366 2459 2420 formam
2504 2366 2742 2433 accepit.
2785 2367 3018 2422 Deccbat
3087 2369 3258 2434 enim,
3294 2378 3352 2422 nt

1754 2473 1818 2513 ex
1851 2460 2010 2514 Patre
2076 2459 2316 2513 Verbum
2377 2459 2652 2513 exsistens
2680 2457 2894 2513 Patrem
2941 2457 3109 2513 Deum
3169 2461 3355 2530 appel-

1758 2551 1918 2618 laret,
1950 2552 2176 2605 veniens
2205 2561 2387 2606 autem
2432 2554 2497 2604 ad
2532 2560 2732 2605 nostra:
2789 2551 2980 2605 salutis
3035 2567 3171 2620 Opus
3198 2567 3357 2606 exse-

1755 2643 2031 2712 quendqu
2072 2652 2127 2698 et
2169 2645 2312 2698 servi
2366 2643 2598 2697 formam
2646 2659 2895 2710 sumens,
2930 2642 3148 2698 Patrem
3182 2660 3347 2700 νοιδ-

1755 2745 1840 2790 ret
1873 2735 2142 2789 Domium.
2171 2735 2348 2806 Atque
2379 2737 2520 2790 hanc
2549 2737 2772 2806 quidem
2798 2737 3168 2791 diﬂerentiam
3200 2752 3341 2802 pra»

1755 2827 1897 2882 clara
1927 2826 2287 2882 distinctione
2341 2828 2528 2882 docuit
2559 2830 2672 2898 ipse
2705 2827 2971 2883 Dominus
3000 2846 3014 2883 :
3071 2829 3356 2897 Conﬁteor,

1753 2921 2010 2991 inquiens
2035 2921 2089 2974 in
2114 2919 2444 2992 Evangeliis.
2468 2921 2584 2986 tibi,
2605 2919 2788 2985 Pater,
2813 2921 3010 2978 deinde
3036 2923 3357 2993 subjicit-ns,

1752 3014 1978 3067 Domine
2029 3011 2142 3066 ccli
2209 3022 2256 3066 et
2319 3023 2472 3068 terra:
2509 3012 2551 3068 ³.
2601 3012 2678 3068 Ac
2732 3013 3194 3084 quemadmodum
3257 3029 3362 3070 nos

1755 3106 1932 3162 Patris
1950 3106 2171 3163 nomine
2201 3105 2486 3160 Dominum
2514 3106 2877 3177 appellantes,
2903 3108 3209 3162 naturalem
3238 3125 3351 3163 non

117 3193 220 3262 γῆς,
253 3198 386 3251 Ἀλλ’
439 3199 638 3271 ὥσπερ
700 3203 889 3271 ἡμεῖς,
949 3203 1168 3275 Πατέρα
1235 3205 1533 3269 καλοῦντες
1570 3208 1653 3262 τὸν

1767 3216 2034 3272 negamus
2084 3201 2428 3270 servitutem,
2485 3217 2677 3258 sumus
2735 3205 2878 3258 enim
2936 3203 3110 3272 ipsius
3159 3218 3356 3274 Opera,

117 3287 302 3357 Κύριον,
329 3292 424 3347 οὐκ
463 3293 788 3363 ἀρνούμεθα
822 3293 920 3364 τὴν
980 3296 1120 3349 κατὰ
1176 3298 1335 3364 φύσιν
1380 3297 1650 3352 δουλείαν·

116 3381 253 3434 αὑτοῦ
293 3388 394 3453 γάρ
428 3387 604 3455 ἐσμεν
636 3386 794 3454 ἔργα,
827 3387 922 3439 καὶ
969 3388 1132 3452 αὐτὸς
1186 3389 1448 3459 ἐποίησεν
1475 3393 1645 3462 ἡμᾶς,

116 3472 190 3524 καὶ
217 3474 300 3544 οὐχ
327 3478 480 3546 ἡμεῖς
501 3491 515 3506 ο
563 3476 740 3540 οὕτως
797 3479 925 3532 ὅταν
955 3480 982 3531 ὀ
1009 3479 1139 3541 Υἱὸς
1195 3483 1294 3551 τὴν
1317 3482 1413 3535 τοῦ
1453 3484 1646 3539 δούλου

118 3568 294 3638 μορφὴν
319 3571 620 3636 λαμϐάνων
656 3569 809 3640 λέγῃ,
847 3571 1061 3639 Κύριος
1103 3571 1308 3626 ἕκτισέ
1349 3591 1426 3642 με
1451 3576 1651 3644 ἀρχὴν

117 3656 246 3710 ὐδῶν
274 3661 472 3726 αὑτοῦ,
527 3662 610 3732 μὴ
655 3663 1035 3732 ἀρνείσοωταν
1077 3663 1178 3735 τὴν
1225 3665 1504 3735 ἀῐόιότητα
1557 3669 1656 3738 τῆς

119 3749 278 3803 τούτου
310 3752 588 3823 Θεὸτητος,
622 3755 716 3806 καὶ
761 3755 844 3808 ὅτι
873 3757 932 3807 ὲν
963 3755 1108 3826 ἀρχῇ
1159 3752 1228 3827 ἦν
1265 3757 1292 3810 ὁ
1328 3757 1524 3826 Λόγος,
1560 3759 1655 3812 καὶ

120 3842 264 3898 πάντα
293 3846 353 3899 δι’
383 3848 550 3902 αὐτοῦ
587 3849 804 3915 γέγονε,
829 3851 924 3902 καὶ
952 3851 1008 3901 ὲν
1043 3849 1191 3920 αὐτῷ
1213 3852 1282 3905 τὰ
1307 3853 1486 3906 πάντα
1511 3853 1659 3906 ἐκτι-

120 3951 240 3990 οται.
263 3939 330 3992 Τὸ
374 3940 428 3994 δὲ
479 3946 540 3995 ὲν
568 3944 684 4003 ταῖς
719 3941 1048 4010 Παροιμίαις
1083 3942 1269 4011 ῥητὸν,
1295 3943 1480 4006 καθὼς
1517 3963 1651 4015 1:90-

116 4030 258 4096 εἶπον,
285 4035 340 4085 οὖ
377 4036 476 4104 τὴν
503 4035 724 4096 οὐσίαν,
754 4033 890 4087 ἀλλὰ
917 4034 974 4087 τὸ
1011 4033 1356 4105 ἀνθρώπινον
1415 4037 1511 4089 τοῦ
1559 4040 1660 4091 Λό-

113 4138 194 4189 γου
234 4130 496 4195 σημαίνει.
558 4129 624 4181 El.
674 4132 784 4199 γὰρ
836 4129 916 4191 είς
948 4129 1108 4198 ἔργα,
1165 4131 1354 4198 φησὶν,
1387 4130 1658 4195 ἔκτισται,

117 4219 330 4285 φαίνεται
354 4223 425 4292 μὴ
451 4224 558 4291 τὴν
589 4221 778 4274 οὐσίαν
803 4221 997 4274 ἑαυτοῦ
1032 4226 1279 4292 σημᾶναι
1308 4224 1498 4288 θέλων,
1519 4224 1657 4277 ἀλλὰ

114 4310 193 4379 τὴν
207 4314 278 4376 εἰς
303 4314 434 4385 ἔργα
467 4316 638 4369 αὑτοῦ
672 4315 986 4385 οἰκονομίαν
1007 4317 1334 4386 γενομένην,
1366 4318 1499 4387 ὅπερ
1532 4316 1658 4371 δεύ-

115 4406 244 4473 τερόν
272 4409 382 4460 ἐστι
406 4409 497 4462 τοῦ
529 4405 696 4463 εἶναι.
729 4410 809 4461 Τά
848 4409 958 4479 γὰρ
989 4411 1316 4479 κτιζόμενα,
1384 4409 1481 4464 καὶ
1509 4412 1656 4480 γινό-

119 4513 232 4565 μενα
258 4503 688 4574 προηγουμένως
716 4502 906 4555 ἕνεκεν
931 4502 1025 4556 τοῦ
1056 4499 1311 4557 εἶναικαὶ
1339 4503 1432 4556 τοῦ
1477 4504 1656 4574 ὑπάρο

1761 3296 1957 3362 θιὶμεε
1979 3296 2100 3365 fecit
2127 3310 2245 3355 nos,
2273 3310 2377 3347 non
2408 3304 2585 3346 autem
2645 3295 2750 3365 ipsi
2803 3311 2893 3348 nos
2925 3293 2970 3359 ⁸,
3031 3294 3110 3348 sic
3139 3295 3360 3365 quando

1764 3387 1937 3442 Filius
1960 3387 2103 3442 servi
2124 3386 2354 3441 formam
2387 3385 2695 3457 suscipiens
2719 3386 2852 3442 dicit
2877 3402 2892 3440 :
2925 3386 3186 3441 Dominus
3209 3402 3360 3441 creua

1761 3481 1834 3534 υξι
1897 3495 1978 3533 me
2033 3479 2244 3533 initium
2311 3481 2518 3532 viarum
2599 3480 2872 3533 suarum“
2908 3519 2923 3541 ,
2982 3479 3166 3534 nullus
3215 3488 3359 3533 aus:t

1766 3569 2068 3626 divinitatis
2135 3571 2253 3640 ejus
2322 3572 2686 3625 aeternitatem
2762 3584 2983 3641 negare.
3059 3584 3238 3639 neque
3300 3568 3355 3622 in

1762 3661 2035 3732 principio
2065 3659 2298 3715 Verbum
2329 3669 2564 3719 esse.'et
2599 3661 2781 3716 omnia
2815 3677 2912 3730 per
2965 3663 3140 3730 ipsum
3187 3660 3360 3714 fuisse

1765 3756 1936 3811 facta.
1980 3754 2114 3810 Nam
2160 3755 2367 3810 dictum
2399 3755 2532 3810 illud
2561 3756 2612 3808 in
2647 3755 2785 3810 libro
2815 3754 3266 3820 Proverbiorum,
3297 3765 3360 3809 ut

1769 3847 1977 3914 monui,
2032 3863 2142 3902 non
2195 3848 2492 3903 essentiam
2553 3847 2732 3913 Verbi,
2805 3849 2900 3903 sed
2958 3848 3356 3919 humanitatem

1768 3940 1888 4013 ejus
1925 3939 2216 4010 signiﬁcat.
2257 3938 2394 3993 Cum
2431 3941 2578 3994 enim
2605 3955 2663 3994 se
2697 3941 2763 3995 ad
2810 3943 3082 4010 agendum
3113 3953 3359 3997 creatum

1773 4041 2186 4096 commemoret,
2217 4033 2564 4104 perspicumu
2590 4041 2696 4100 est,
2721 4032 2898 4103 ipsum
2928 4049 3036 4088 nou
3063 4035 3358 4088 essentiam

1680 4200 1685 4205 ,
1765 4159 1945 4208 suam,
2010 4145 2104 4198 sed
2174 4144 2434 4198 curandae
2489 4144 2682 4199 salutis
2752 4145 3007 4200 humana:
3067 4145 3358 4200 consilium

1767 4238 2042 4292 iudicare:
2098 4239 2243 4307 quod
2304 4238 2526 4306 quidem
2605 4238 2846 4292 essentia
2896 4240 3172 4310 posterius
3251 4252 3357 4295 est.

1765 4330 1894 4396 Qua:
1928 4332 2073 4385 enim
2105 4341 2362 4385 creantur
2391 4340 2444 4384 et
2480 4332 2635 4394 iiunt,
2690 4331 2761 4384 ob
2793 4331 2844 4385 id
2881 4334 3115 4401 primum
3163 4348 3358 4387 crean-

1769 4433 1860 4478 tur
1894 4431 1950 4478 et
1999 4423 2160 4489 fiunt,
2189 4431 2248 4477 ut
2287 4422 2421 4487 sint,
2449 4423 2647 4478 deinde
2678 4427 2790 4478 vim
2833 4423 3037 4480 habent
3071 4428 3265 4497 agendi
3292 4444 3359 4482 ca

1765 4531 1886 4586 quae
1934 4514 2136 4569 iuerint
2168 4515 2451 4584 imperata.
2485 4513 2599 4568 Hoc
2633 4526 2815 4570 autem
2849 4517 2901 4569 in
2926 4518 3183 4572 omnibus
3214 4519 3347 4572 licet

117 4603 211 4656 χειν
237 4595 547 4664 πεποίηται,
571 4595 668 4648 καὶ
699 4594 957 4664 δεύτερον
981 4593 1168 4665 ἔχουσι
1207 4595 1268 4647 τδ
1315 4598 1490 4648 ποιεῖν
1524 4595 1651 4665 περὶ

1761 4613 2095 4679 perspicere.
2123 4606 2294 4662 Adam
2347 4607 2496 4660 enim
2529 4618 2749 4663 creatus
2783 4617 2891 4670 est,
2913 4623 3022 4662 non
3059 4618 3118 4662 ut
3145 4619 3360 4679 ageret,

122 4673 182 4732 ὢν
209 4685 379 4750 αὐτοῖς
415 4690 440 4740 ὀ
473 4687 648 4754 Λὸγος
675 4687 1027 4756 προστάττει,
1059 4687 1135 4748 ὡς
1163 4687 1256 4738 ἐπὶ
1291 4688 1512 4740 πάντων
1542 4689 1659 4741 ἐστὶ

118 4775 166 4824 τὸ
193 4779 418 4834 τοιοῦτον
451 4781 608 4834 ἰδεῖν.
659 4780 832 4849 Ἀδὰμ
868 4780 977 4849 γὰρ
1012 4779 1265 4847 ἐκτίσθη,
1303 4780 1401 4850 οὐχ
1455 4779 1540 4833 ἵνα
1569 4781 1662 4850 ἑρ-

124 4867 342 4938 τάζηται,
385 4872 507 4925 ἀλλ’
541 4873 630 4926 ἴνα
665 4872 880 4942 πρῶτον
915 4873 1141 4942 ὑπάρχῃ
1164 4871 1474 4943 ἄνθρωπος.
1502 4873 1661 4926 Μετὰ

118 4960 266 5015 ταῦτα
293 4966 398 5036 γὰρ
446 4967 643 5020 ἔλαϐεν
695 4965 916 5033 ἐντολὴν
949 4965 1181 5018 κιϐωτὸν
1211 4969 1654 5022 κατασκευάσαι.

119 5055 208 5108 Καὶ
230 5060 306 5128 ἐφ’
332 5061 566 5114 ἑκάστου
598 5059 780 5129 ζητῶν
809 5058 980 5111 ταῦτα
1004 5057 1154 5127 εὖροι
1184 5076 1265 5120 τις
1298 5060 1385 5113 ἄν.
1419 5061 1527 5113 Καὶ
1549 5059 1658 5131 γὰρ

121 5149 199 5199 καὶ
215 5151 440 5224 Μωῦσῆς
484 5155 512 5206 δ
553 5155 727 5223 μέγας
754 5153 968 5223 πρῶτον
1020 5152 1308 5222 ἄνθρωπος
1342 5154 1661 5224 γεγένηται,

120 5241 461 5315 καῗδεύτερον
496 5245 594 5314 τὴν
619 5245 920 5315 ἡγεμονίαν
947 5243 1040 5296 τοῦ
1081 5243 1213 5296 λαοῦ
1273 5245 1659 5302 πεπίστευται.

123 5309 305 5385 Οὐίκοῦν
351 5338 446 5389 καὶ
495 5336 733 5390 ἐνταῦθα
763 5336 923 5389 τοῦτο
975 5338 1119 5388 νοεῖν
1155 5335 1353 5400 ἔξεστι.
1386 5335 1558 5390 Τοῦτο
1600 5338 1658 5392 δὲ

120 5423 256 5476 πάλιν
293 5429 388 5481 καὶ
447 5430 509 5482 τὸ
563 5429 786 5498 Πνεῦμα
850 5432 1228 5505 προσημαῖνον
1277 5430 1336 5482 ὲν
1408 5430 1662 5500 Ψαλμοῖς

120 5513 280 5581 ἐλεγε-
311 5523 414 5573 Καὶ
453 5522 843 5588 κατέστησας
877 5523 1066 5576 αὑτὸν
1119 5522 1218 5575 ἐπί
1262 5521 1335 5576 τὰ
1361 5522 1504 5592 ἔργα
1542 5521 1662 5577 τῶν

120 5612 308 5676 ὶεῳῶν
352 5629 492 5676 σου,
547 5616 685 5685 ὅπερ
738 5617 834 5669 καὶ
890 5616 1019 5683 περὶ
1062 5615 1263 5669 ἑαυτοῦ
1329 5617 1665 5686 σημαίνωνό

121 5699 296 5765 litim;
348 5725 548 5778 φησιν’
609 5709 754 5778 Ἰῑγὼ
799 5709 868 5762 δὲ
925 5709 1308 5777 κατεστάθην
1360 5711 1666 5780 βασιλεὺς

782 5832 801 5861 ³
842 5829 1007 5886 Hebr.
1037 5845 1092 5896 ι,
1114 5832 1170 5886 5.

220 5825 232 5852 '
272 5826 417 5881 Prov.
458 5845 577 5893 vui,
613 5829 704 5886 ιξθὶ,

122 5886 140 5917 ’
166 5890 292 5948 Psal.
324 5911 385 5962 ιι,
405 5898 463 5953 6.

1285 5831 1304 5862 ³
1330 5829 1466 5886 huc.
1505 5846 1561 5895 ιι,
1591 5829 1684 5884 21.

1762 4701 1857 4756 sed
1888 4701 2120 4770 primum
2159 4706 2218 4753 ut
2251 4707 2398 4753 esset
2429 4701 2612 4754 homo.
2646 4698 2783 4753 Tum
2811 4702 3001 4770 agendi
3038 4705 3358 4757 mandatum

1764 4793 1992 4862 accepit.
2045 4792 2157 4846 Noe
2207 4800 2392 4846 autem
2443 4801 2662 4845 creatus
2700 4801 2802 4852 est,
2835 4806 2942 4845 non
2987 4803 3214 4862 propter
3269 4808 3360 4848 ar-

1764 4902 1905 4951 cam,
1934 4885 2027 4940 sed
2066 4893 2123 4938 ιιι
2150 4886 2382 4955 primunt
2419 4884 2727 4947 exsisteret,
2785 4895 2950 4954 atque
2983 4885 3149 4940 homo
3188 4895 3356 4941 esset.

1767 4977 1896 5031 Post
1951 4978 2094 5031 enim
2131 4979 2319 5048 jussus
2351 4985 2435 5030 est
2488 4991 2669 5030 arcam
2701 4977 3065 5032 exmditicare.
3104 4977 3170 5032 Et
3208 4993 3358 5046 mag-

1761 5083 1865 5121 nus
1912 5067 2002 5122 ille
2042 5067 2219 5123 Moses
2255 5067 2493 5138 primum
2548 5068 2712 5122 homo
2763 5067 2942 5122 factus
2999 5078 3103 5135 est,
3157 5069 3362 5124 deinde

1762 5163 1946 5230 populi
1978 5161 2087 5215 dux
2159 5169 2516 5214 constitutus.
2563 5161 2741 5230 Atque
2790 5164 2862 5216 ita
2905 5162 3174 5233 sigillatim
3206 5172 3362 5232 potes

1761 5254 1944 5308 omnia
1981 5257 2251 5322 persequi.
2290 5251 2652 5318 Quamobrem
2683 5251 2825 5307 idem
2855 5262 2909 5306 et
2941 5253 3028 5306 hic
3055 5252 3181 5306 licet
3215 5252 3364 5322 cogi-

1767 5358 1908 5403 tare.
1962 5346 2078 5401 Hoc
2108 5355 2160 5400 et
2193 5345 2430 5416 Spiritus
2481 5354 2608 5399 ante
2671 5345 2986 5414 signiﬁcans
3019 5345 3073 5398 in
3127 5344 3364 5398 Psalmis

1770 5441 1986 5495 locutus
2014 5447 2097 5492 est
2150 5436 2216 5491 ad
2273 5437 2419 5492 hunc
2465 5438 2711 5501 modum,
2763 5435 2835 5489 Et
2876 5437 3196 5490 constituisti
3237 5452 3359 5490 eum

1769 5546 1928 5602 super
1967 5545 2126 5600 opera
2167 5544 2418 5582 manuum
2453 5537 2670 5583 tuarum
2695 5528 2738 5580 ⁸.
2790 5527 2942 5592 Quod
2976 5527 3122 5582 etde
3176 5529 3364 5597 seipso

1771 5617 2038 5674 Dominus
2087 5617 2358 5684 indicans,
2380 5616 2511 5687 Ego,
2534 5617 2728 5684 inquit,
2760 5617 3073 5670 constitutus
3103 5634 3221 5671 sum
3250 5617 3364 5672 Rex

1772 5713 1838 5766 ab
1864 5728 1923 5766 eo
1952 5727 2108 5780 super
2135 5710 2261 5766 Sion
2295 5719 2519 5764 montem
2552 5720 2791 5764 sanctum
2846 5710 2961 5779 ejus
2983 5709 3026 5765 ⁷.
3087 5711 3362 5777 Ωιιοιιιιιιιο

1773 5828 1798 5861 ⁸
1833 5828 1981 5885 Psal.
2013 5841 2202 5896 acsts,
2234 5827 2288 5884 3.
2366 5826 2388 5859 ⁸
2416 5825 2577 5883 Prov.
2607 5841 2730 5891 vni,
2755 5826 2851 5882 2?.
2927 5827 2948 5859 ‘
2971 5827 3113 5884 Psal.
3155 5844 3273 5896 vnt,
3306 5829 3360 5883 7.
