3860 6574
160 470 250 536 393
1075 458 1454 521 PANOPLIA
1495 456 1712 516 DOGM,

1818 455 1962 516 ICA.
1997 476 2062 490 -··
2100 452 2252 515 ΤΙΤ.
2295 453 2400 511 Χί.
3264 446 3375 511 394

159 581 406 652 σημαίνων
457 577 602 644 ἔλεγε
648 575 851 645 ταύτην
878 591 888 603 ·
941 572 1321 640 Κιιτιιϐἐϐηκα
1345 574 1414 626 ἐκ
1438 571 1546 625 τοῦ
1582 574 1681 623 οὑ-
1709 621 1712 628 ,

1822 569 2064 622 ovissimo
2097 568 2202 620 die.
2231 571 2382 620 -Ηαέ
2417 576 2488 616 est
2521 565 2657 617 enim
2720 563 2956 616 voluntas
3020 561 3198 614 Patri:
3250 565 3373 624 mei,

147 670 332 745 ρανοῦ,
366 671 474 735 οὐχ
505 669 601 720 ἵνα
632 665 782 718 ποιῶ
823 663 887 717 τὸ
934 663 1167 732 θέλημα
1202 666 1268 716 τὸ
1316 663 1487 732 ἐμὸν,
1522 659 1684 715 duo

1818 672 1846 714 τι
1896 661 2070 715 omnis
2104 661 2193 728 qui
2232 661 2363 712 videt
2391 657 2611 714 Filium.
2641 667 2689 710 et
2719 658 2882 710 credit
2921 658 2971 709 in
3020 672 3157 718 eum,
3184 656 3376 710 habeat

155 764 212 819 τὸ
233 762 446 829 θέλημα
479 757 583 812 τοῦ
613 757 971 827 πέμψαντός
1013 773 1108 825 με,
1132 756 1234 809 ἵνα
1260 754 1384 811 πᾶν
1409 755 1440 808 ὃ
1463 753 1688 807 δέδωκέ

1821 756 1950 806 itam
1999 763 2271 812 wternam,
2314 762 2359 804 et
2392 767 2485 819 ego
2529 751 2770 803 suscitem
2824 765 2938 802 eum
2994 749 3048 800 in
3099 748 3378 802 novissimo

139 873 254 931 μοι,
297 853 379 922 μὴ
437 850 716 905 ἀπολέσω
750 849 821 913 ἐξ
880 848 1092 914 αὐτοῦ,
1137 847 1300 903 ἀλλὰ
1355 846 1686 912 ἀναστήσω

1818 847 1874 898 'ie
1908 844 2034 898 '.Et
2061 859 2276 896 rursum
2318 858 2330 894 :
2372 840 2504 910 Ego,
2563 841 2762 910 inquit,
2799 842 2912 894 veni
2969 840 3061 893 tua:
3123 841 3176 893 in
3221 855 3378 892 mun-

151 949 276 1004 αὐτὸ
306 950 373 1000 ἐν
400 943 471 1013 τῇ
496 942 726 1012 ἐσχάτῃ
755 941 967 1012 ἡμέρᾳ.
997 941 1184 996 Τοῦτο
1207 941 1319 1008 γὰρ
1348 940 1415 993 τὸ
1455 938 1688 1008 θέλημα

1818 941 1936 1001 tum,
1967 947 2023 991 ut
2049 938 2218 990 omnis
2263 938 2351 1006 qui
2373 936 2535 988 credit
2559 935 2614 986 in
2649 949 2731 987 me
2759 949 2862 986 non
2899 944 3110 986 maneat
3145 933 3198 986 in
3233 943 3379 986 tene-

1791 1031 1898 1085 bris
1927 1031 1966 1084 ‘.
2026 1029 2094 1083 Et
2139 1044 2356 1082 rursum
2423 1029 2477 1080 in
2536 1026 2834 1096 Evangelio
2896 1026 3173 1080 Joannis:
3241 1024 3377 1097 Ego,

1791 1123 1988 1194 inquit,
2023 1123 2094 1176 ad
2126 1124 2222 1176 hoc
2256 1130 2414 1174 natus
2458 1137 2601 1184 sum,
2642 1130 2692 1172 et
2729 1119 2800 1172 ad
2827 1119 2920 1174 hoc
2948 1119 3081 1180 veni,
3116 1128 3173 1171 ut
3228 1120 3380 1172 testi-

1793 1219 2025 1271 monium
2077 1215 2377 1284 per/tibeam
2408 1216 2616 1268 veritati
2648 1213 2687 1264 ⁸.
2741 1211 2982 1267 Joannes
3007 1223 3186 1266 autem
3242 1213 3386 1265 scri-

1792 1311 1900 1380 psit
1949 1329 1961 1364 :
2003 1311 2288 1377 PrOpterea
2337 1311 2584 1378 apparuit
2617 1310 2788 1364 Filius
2843 1309 2961 1374 Dei,
3020 1319 3077 1362 ut
3138 1308 3384 1362 dissolvat

1796 1420 1954 1473 opera
2017 1404 2216 1458 diaboli
2253 1405 2296 1456 ".
2336 1403 2406 1458 Ut
2434 1404 2805 1458 testimonium
2846 1403 3012 1474 igitur
3047 1402 3381 1473 perhiberet.

1794 1505 1848 1549 et
1909 1505 2140 1550 mortem
2174 1513 2272 1566 pro
2327 1496 2487 1550 nobis
2553 1496 2781 1560 subiret,
2825 1506 2882 1548 et
2935 1495 3172 1550 solveret
3216 1509 3381 1564 opera

1795 1589 2030 1654 diaboli‘,
2060 1588 2208 1642 venit
2254 1589 2533 1643 Servator.
2589 1586 2712 1641 Haec
2771 1599 2855 1642 est
2905 1603 3066 1641 causa
3119 1589 3386 1641 adventus

151 1687 373 1753 κόσμον,
448 1684 552 1736 ἵνα
607 1681 974 1753 μαρτυρήσω
1042 1680 1118 1750 τῇ
1188 1681 1461 1747 ἀληθείᾳ.
1522 1679 1582 1732 Ὀ
1634 1678 1693 1732 δὲ

1818 1684 1913 1751 :jus
1956 1682 2010 1734 in
2041 1694 2224 1735 carne.
2267 1680 2616 1735 Resurrectio
2648 1680 2794 1734 enim
2855 1695 2965 1734 non
3021 1679 3241 1744 fuisset,
3275 1677 3382 1733 nisi

161 1777 383 1845 Ἰωάννης
435 1776 682 1846 ἔγραψεν
712 1793 727 1807 ·
764 1778 868 1837 Εἰς
893 1773 1074 1828 τοῦτο
1102 1773 1452 1842 ἐφανερώθη
1485 1775 1516 1827 ό
1561 1771 1695 1837 Υἱὸς

1818 1773 2004 1828 inisset
2052 1786 2219 1832 mers,
2247 1784 2346 1824 nec
2384 1784 2552 1835 mors,
2579 1768 2682 1824 nisi
2706 1779 2905 1838 corpus
2936 1770 3165 1824 mortale
3195 1785 3388 1824 susce-

152 1866 240 1920 τοῦ
257 1866 418 1930 Θεοῦ,
441 1867 544 1919 ἵνα
571 1867 736 1935 λύσῃ
768 1867 842 1918 τὰ
861 1867 1006 1935 ἔργα
1031 1863 1136 1918 τοῦ
1169 1864 1478 1918 διαϐόλου.
1507 1863 1606 1917 Διὰ
1634 1864 1696 1916 τὸ

1821 1866 1993 1918 ἠθείη.
2043 1864 2099 1917 Id
2133 1863 2200 1916 ab
2262 1863 2384 1931 ipso
2417 1861 2684 1916 didicerat
2722 1861 3039 1932 Apostolus,
3088 1869 3389 1932 propterea

155 1923 472 2029 μαρτυρῆσαι
503 1961 638 2029 ἄρα,
668 1923 764 2012 κᾶν
791 1923 949 2028 ὑπέρ.
988 1958 1149 2029 ἡμῶν
1179 1957 1546 2022 ἀναδέξασθαι
1600 1955 1693 2010 θά-

1818 1956 1939 2011 lixit
1969 1970 1984 2009 :
2031 1957 2292 2021 Quoniam
2333 1957 2479 2024 pueri
2495 1956 2778 2025 participes
2810 1958 3155 2009 erantcarnis
3183 1965 3229 2008 et
3261 1971 3391 2008 san-

155 2071 308 2115 ναῖον,
332 2054 420 2106 καὶ
445 2052 534 2105 διὰ
591 2052 654 2104 τὸ
705 2053 1015 2123 ἀναστῆσαι
1070 2051 1197 2114 τοὺς
1223 2050 1564 2121 ἀνθρώπους,
1603 2051 1696 2104 καὶ

1818 2050 1994 2117 minis,
2037 2059 2082 2102 et
2118 2049 2227 2118 ipse
2266 2049 2510 2103 similiter
2542 2049 2716 2102 carnis
2775 2056 2823 2102 et
2879 2048 3152 2118 sanguinis
3217 2049 3394 2116 parti-

151 1042 242 1096 τοῦ
273 1039 496 1106 Πατρός
522 1055 662 1106 μου,
719 1037 820 1089 ἵνα
855 1033 974 1100 πᾶς
1023 1039 1056 1088 ὁ
1089 1034 1326 1102 θεωρῶν
1385 1033 1492 1085 τὸν
1528 1033 1686 1096 Ηὸν,

151 1133 232 1186 καί
258 1130 544 1184 πιστεύων
571 1131 658 1193 εις
696 1127 908 1190 αὐτὸν,
966 1125 1077 1194 ἔχῃ
1113 1123 1268 1192 ζωὴν
1298 1126 1430 1178 αἰών
1445 1140 1558 1188 ιον,
1591 1122 1691 1176 καὶ

151 1224 249 1292 ἐγὼ
277 1224 599 1289 ἀναστήσω
635 1218 828 1275 αὑτὸν
857 1219 928 1272 ἐν
978 1217 1050 1286 τῇ
1081 1216 1308 1286 ἐσχάτῃ
1335 1217 1544 1284 ἡμέρᾳ.
1583 1217 1690 1267 Καὶ

154 1316 322 1370 πάλιν·
360 1313 504 1382 Ἐγὼ
531 1312 658 1381 φῶς
679 1315 766 1377 εις
802 1311 913 1364 τὸν
956 1314 1192 1378 κόσμον
1235 1309 1529 1377 ἐλήλυθα,
1591 1309 1692 1360 ἵνα

151 1408 254 1474 πᾶς
274 1413 304 1462 ό
327 1408 624 1460 πιστεύων
651 1408 740 1469 είς
770 1405 876 1474 ἐμὲ
902 1405 970 1457 ἐν
997 1402 1071 1472 τῇ
1101 1402 1319 1470 σκοτίᾳ
1361 1403 1448 1471 μή
1487 1399 1686 1470 μείνῃ.

153 1503 240 1554 Καὶ
269 1501 420 1553 πάλιν
451 1500 508 1551 ἐν
545 1499 624 1569 τῷ
679 1498 824 1552 κατὰ
860 1498 1117 1567 Ἰωάννην
1168 1497 1334 1565 φησίν
1361 1512 1377 1528 ⁸
1419 1493 1568 1563 Ἐγὼ
1603 1495 1691 1557 εὶς

149 1592 300 1648 τοῦτο
335 1590 676 1660 γεγένημαι,
703 1591 798 1643 καὶ
827 1590 909 1653 εἱς
935 1588 1123 1642 τοῦτο·
1173 1587 1573 1655 Ἐλήλυθαείς
1589 1587 1693 1640 τὸν

151 2144 286 2197 λῦσαι
308 2145 370 2198 τὰ
401 2144 539 2214 ἔργα
568 2143 664 2197 τοῦ
685 2143 941 2198 διαϐόλου
971 2143 1232 2215 ἐλήλυθεν
1267 2145 1294 2196 ό
1345 2143 1559 2213 Σωτήρ.
1589 2143 1698 2196 Καὶ

153 2236 271 2305 αὕτη
304 2238 500 2307 ἐστὶνὴ
533 2237 688 2290 αἰτία
715 2238 813 2308 τῆς
843 2239 1114 2309 ὲνσάρκου
1146 2236 1456 2308 παρουσίας
1509 2237 1694 2292 αὐτοῦ.

160 2328 336 2389 Ἄλλως
368 2328 474 2398 γὰρ
506 2329 811 2392 ἀνάστασις
843 2329 943 2382 οὐκ
980 2329 1048 2382 ἂν
1077 2331 1318 2397 ἐγένετο,
1381 2333 1430 2382 εί
1471 2328 1547 2401 μὴ
1600 2329 1698 2383 θάο

160 2439 289 2485 vnto;
321 2423 588 2490 ἐγεγόνει.
637 2423 878 2485 Θάνατος
920 2423 978 2476 δὲ
1008 2423 1126 2486 πῶς
1159 2423 1427 2491 ἐγεγόνει,
1455 2425 1504 2475 εἰ
1539 2423 1614 2493 μὴ
1641 2423 1701 2475 τὸ

161 2515 472 2584 ἀποθνῆσκον
528 2518 759 2585 ὲσχήκει.
823 2515 1021 2585 adipe;
1081 2515 1253 2568 Τοῦτο
1313 2515 1504 2585 μαθὼν
1567 2518 1699 2586 παρ’

159 2605 299 2659 αὐτοῦ
327 2608 415 2661 καὶ
439 2609 467 2659 ὁ
506 2607 837 2671 Ἀπόστολος
869 2607 1088 2676 ἔλεγεν·
1136 2608 1302 2662 Ἐπεί
1333 2603 1448 2664 οὖν
1469 2608 1540 2663 τὰ
1569 2625 1703 2662 παι-

160 2698 239 2751 ὃίη
266 2700 656 2768 κεκοινιίινηκε
682 2701 935 2768 σαρκὸς,
959 2701 1057 2755 καί
1095 2701 1365 2769 αἵματος,
1400 2699 1497 2754 καί
1522 2703 1704 2768 αὐτὸς

160 2795 566 2860 παραπλησίως
592 2794 851 2863 μετέσχε
870 2792 986 2846 τῶν
1005 2791 1225 2860 αὐτῶν,
1240 2795 1341 2847 ἵνα
1364 2792 1460 2847 διὰ
1485 2793 1592 2848 τοῦ
1609 2798 1706 2848 θα-

163 2887 320 2942 νάτου
336 2888 690 2958 καταργήσῃ
710 2888 818 2941 τὸν
838 2890 905 2941 τὸ
927 2887 1143 2955 κράτος
1159 2888 1381 2955 ἔχοντα
1401 2887 1508 2942 τοῦ
1530 2890 1710 2942 θανά·

161 2981 547 3044 του,τουτέστι
569 2982 676 3034 τὸν
695 2979 999 3035 διάϐολον.
1026 2981 1085 3032 Ei
1107 2980 1234 3033 δὲού
1255 2981 1321 3033 δι’
1340 2982 1552 3044 ἑαυτὸν,
1574 2982 1710 3035 ἀλλὰ

163 3071 218 3122 δι’
244 3072 375 3142 ἡμᾶς
394 3071 782 3136 musteum):
813 3071 961 3123 ἐστιν
990 3071 1099 3140 ἄρα
1127 3071 1290 3133 αὐτὸς
1318 3072 1552 3142 κτίσμα,
1575 3073 1712 3127 ἀλλὰ

164 3165 246 3232 τὴν
269 3164 416 3232 ἡμῶν
449 3163 825 3234 ἐνδυσάμενος
872 3165 1054 3235 σάρκα
1086 3163 1260 3218 ταῦτα
1287 3165 1463 3233 λέγει.
1498 3167 1713 3238 Ὠσπερ

1802 2160 1918 2212 σερε
1954 2145 2124 2213 [actus
2155 2152 2251 2207 est,
2282 2153 2337 2195 ut
2371 2158 2464 2212 per
2516 2151 2733 2195 mortem
2787 2140 3076 2195 destrueret
3137 2157 3255 2194 eum
3302 2143 3393 2209 qui

1803 2235 2024 2288 habebat
2095 2237 2279 2288 mortis
2356 2235 2654 2303 imperium,
2742 2233 2794 2286 id
2868 2241 2966 2297 est,
3019 2233 3290 2287 diabolum
3348 2235 3393 2284 ⁵.

1807 2327 1960 2394 Quod
1980 2329 2023 2382 si
2056 2337 2284 2397 propter
2309 2343 2432 2390 nos,
2462 2341 2572 2380 non
2598 2335 2780 2382 autem
2810 2333 3034 2396 propter
3053 2339 3112 2380 se
3146 2336 3391 2392 creatur,

1810 2423 1924 2492 ipse
1953 2432 2169 2477 creatus
2202 2438 2308 2475 non
2341 2431 2445 2485 est,
2473 2423 2566 2475 sed
2598 2436 2818 2475 carnem
2852 2429 3094 2475 nostram
3153 2431 3395 2477 creatam

1811 2518 2036 2572 indutus
2081 2517 2194 2572 haec
2224 2517 2379 2570 dicit.
2415 2515 2884 2581 Quemadtnodum
2909 2514 3054 2569 enim
3104 2514 3396 2568 infirmita-

1813 2619 1896 2665 tes
1923 2619 2142 2664 nostras
2171 2609 2498 2678 suscipiens,
2531 2607 2733 2663 dicitur
2766 2607 2884 2678 ipse
2943 2607 3218 2674 inﬁrmus,
3269 2623 3397 2662 cum

1813 2701 2268 2758 tameninﬁrmus
2293 2711 2347 2757 et
2405 2701 2711 2757 imbecillus
2754 2717 2862 2756 non
2903 2701 2994 2768 sit,
3049 2702 3250 2771 quippe
3302 2689 3396 2771 qui

1814 2797 1990 2850 virtus
2019 2805 2103 2848 est
2128 2794 2246 2861 Dei,
2272 2803 2328 2849 et
2363 2802 2647 2864 peccatum
2681 2809 2780 2864 pro
2812 2795 2971 2848 nobis
3002 2794 3180 2848 lactus
3213 2803 3317 2858 est,
3341 2804 3400 2848 et

1815 2887 2338 2950 maledictum,cum
2373 2897 2551 2940 tamen
2583 2887 2704 2957 ipse
2757 2904 2866 2941 non
2911 2889 3239 2957 peccaverit,
3301 2888 3398 2942 sed

1815 2988 2037 3049 peccata
2067 2990 2122 3033 et
2138 2978 2774 3037 maledietiones’nostras
2793 2980 2905 3051 ipse
2931 2982 3132 3044 tulerit,
3175 2982 3254 3034 sic
3287 2995 3400 3034 non

1815 3073 1873 3126 in
1893 3072 1967 3126 sei
1975 3087 2073 3142 pso
2085 3086 2278 3127 creans
2292 3073 2422 3127 dicit
2443 3091 2456 3128 :
2476 3073 2941 3145 Dominusereavit
2957 3091 3057 3140 me,
3072 3088 3195 3128 cum
3217 3084 3402 3127 tamen

1819 3169 1937 3238 ipse
1966 3174 2185 3222 creatus
2215 3182 2325 3220 non
2348 3167 2441 3224 sit.

164 3257 253 3328 γὰρ
288 3258 379 3322 τὰς
425 3259 723 3322 ἀσθενείας
754 3259 916 3328 ἡμῶν
950 3259 1241 3330 δεχόμενος
1305 3260 1524 3329 λέγεται
1583 3264 1749 3326 αὐτὸς
1785 3263 2057 3330 ἀσθενεῖν,
2128 3263 2309 3318 καίτοι
2377 3261 2455 3332 μὴ
2502 3260 2746 3314 ἀσθενῶν
2780 3261 2964 3328 αὐτὸς,
3000 3261 3227 3333 δύναμις
3292 3261 3403 3331 γάρ

164 3349 258 3402 ἐστι
287 3350 375 3404 τοῦ
401 3349 566 3417 Θεοῦ,

161 3551 243 3602 με,
271 3535 437 3588 καίτοι
465 3536 679 3605 κτίσμα
711 3536 787 3604 μὴ
815 3535 891 3588 ὢν
917 3538 1102 3600 αὐτός,

579 3630 680 3682 Ἐκ
715 3631 822 3684 τοῦ
845 3631 1034 3684 αὐτοῦ
1065 3636 1282 3700 Λοτου.

224 3722 279 3775 Et
304 3723 396 3792 μὲν
429 3726 493 3793 τῇ
533 3723 702 3789 φύσει
733 3723 828 3774 καὶ
879 3727 943 3793 τῇ
979 3723 1138 3794 οὐσίᾳ
1195 3723 1402 3794 κτίσμα
1457 3726 1487 3778 ὁ
1514 3725 1710 3795 Λόγος,

167 3817 244 3867 καὶ
275 3818 344 3886 μὴ
375 3815 618 3886 διαφορὰ
647 3810 714 3886 ἦν
735 3815 830 3868 τοῦ
861 3818 1204 3886 γεννήματος
1237 3817 1374 3888 πρὸς
1402 3819 1465 3872 τὸ
1481 3818 1713 3890 κτίσμα,

165 3907 248 3960 οὐκ
278 3909 338 3960 ἂν
367 3909 623 3979 ἐπήγαγε
679 3906 741 3960 τὸ
789 3905 991 3976 Γεννςῖ
1051 3924 1143 3976 με,
1193 3906 1314 3963 ἀλλ’
1361 3911 1590 3980 ἠρκεῖτο
1636 3909 1716 3980 τῷ

166 3999 399 4067 ἔκτισεν,
442 4003 519 4066 ὡς
574 4001 676 4070 τῆς
726 4002 928 4066 λέξεως
977 4001 1181 4073 ταύτης
1234 4005 1614 4072 σημαινούσης
1657 4004 1718 4056 τὸ

165 4092 455 4163 ἐγέννησεν·
515 4093 621 4148 νῦν
670 4094 729 4148 δὲ
783 4095 1059 4166 εἰρηκώς*
1097 4095 1346 4150 "Emme
1390 4113 1468 4167 με
1518 4096 1720 4166 ἀρχὴν

165 4182 300 4238 ὁδῶν
330 4187 515 4242 αὑτοῦ
548 4188 640 4252 εις
678 4187 823 4256 ἔργα
849 4187 1061 4255 αὐτοῦ,
1087 4189 1366 4259 ἐπήγαγεν
1397 4189 1497 4260 οὐχ
1528 4190 1719 4252 ἁπλῶς

166 4277 218 4328 τὸ
245 4279 430 4349 Γεννᾷ
447 4299 551 4352 με,
578 4280 716 4333 ἀλλὰ
767 4280 908 4351 μετὰ
966 4281 1292 4352 συμπλοκῆς
1317 4282 1434 4348 τοῦ,
1468 4283 1559 4350 δὲ,
1589 4299 1716 4338 συν-

169 4368 370 4439 δέσμου,
403 4373 480 4437 ὡς
541 4372 990 4447 ἀσφαλιζόμενος
1024 4377 1080 4427 ὲν
1111 4373 1292 4443 τούτῳ
1332 4376 1433 4443 τὴν
1496 4375 1560 4427 ἐκ
1619 4375 1715 4428 τοῦ

165 4462 346 4520 ἔκτισε
401 4467 555 4532 λέξιν
627 4468 840 4535 λέγων’
895 4467 1018 4536 Πρὸ
1072 4466 1140 4520 δὲ
1183 4467 1428 4521 πάντων
1476 4465 1722 4532 βουνῶν

168 4556 331 4622 γεννᾷ
361 4576 453 4627 με.
480 4560 557 4612 Τὸ
585 4560 696 4632 γὰρ
733 4561 898 4630 γεννᾷ
927 4577 993 4630 με
1023 4557 1100 4630 τῷ
1129 4541 1722 4627 ἐκτισίσυμπεπλεγ-

169 4649 320 4716 μένως
382 4655 806 4725 ἐπιφερόμενον,
877 4652 1006 4722 μίαν
1074 4655 1222 4706 ποιεῖ
1302 4653 1402 4722 τὴν
1438 4651 1718 4705 διάνοιαν⁸

167 4743 245 4792 καὶ
269 4743 566 4811 δείκνυσιν,
601 4747 682 4799 ὅτι
713 4745 775 4798 τὸ
811 4745 908 4815 μὲν
939 4745 1146 4800 ἔκτισε
1203 4746 1292 4800 διὰ
1323 4764 1376 4798 τι.
1415 4747 1628 4816 εἴρηκε,
1664 4745 1724 4798 τὸ

167 4829 212 4884 δὲ
239 4837 408 4904 γεννᾷ
432 4856 510 4908 με
536 4841 647 4909 πρὸ
673 4838 767 4893 τοῦ
799 4837 1045 4894 ἔκτισεν
1065 4839 1261 4893 ἐστιν.
1294 4839 1478 4909 Ωσπερ
1510 4839 1618 4910 γὰρ
1643 4840 1722 4902 εἰς

169 4923 379 4992 ἔμπαλιν
413 4933 636 5001 εἰρήκει
687 4931 904 4998 Κύριος
952 4928 1140 4998 γεννᾷ
1182 4946 1281 4998 με,
1335 4929 1429 4982 καὶ
1459 4929 1718 4998 ἐπέφερεν

105 5009 107 5012 ’
171 5020 272 5084 Πρὸ
303 5021 367 5075 δὲ
395 5023 645 5076 πάντων
668 5021 918 5088 ,Βουνῶν
941 5020 1148 5076 ἐκτισέ
1174 5039 1273 5091 με,
1313 5022 1536 5084 πάντως
1591 5038 1728 5091 προ·

170 5115 336 5177 ηγεῐτο
362 5116 454 5167 τοῦ
483 5115 784 5184 ἐγέννησε
829 5114 896 5168 τὸ
934 5115 1212 5179 ἔκτισεν,
1264 5113 1436 5176 οὕτως
1483 5114 1723 5183 είρηκὼς

172 5206 365 5268 πρύτον
388 5207 659 5270 ἔκτισεν,
694 5203 811 5260 εἶτα
845 5205 1143 5276 ἐπαγαγών
1167 5223 1182 5237 ο
1217 5208 1336 5274 Πρὸ
1377 5205 1446 5259 δὲ
1479 5205 1725 5259 πάντων

167 5294 391 5354 βουνῶν
420 5299 609 5369 γεννᾷ
638 5319 734 5369 με,
787 5301 846 5365 ἐξ
881 5301 1129 5371 ἀνάγκης
1185 5301 1432 5353 δείκνυσι
1460 5301 1726 5368 προηγεί-

175 5381 282 5438 σθαι
299 5389 354 5440 τὸ
380 5392 642 5459 ἐγέννησε
676 5393 767 5444 τοῦ
798 5393 1004 5445 ἔκτισε.
1074 5391 1179 5446 Καὶ
1239 5390 1344 5460 γὰρ
1385 5391 1480 5444 καὶ
1509 5390 1683 5457 λέγων
1711 5405 1724 5419 °

178 5478 279 5542 Πρὸ
317 5482 560 5538 πάντων
587 5484 772 5555 γεννᾷ
797 5502 896 5554 με,
925 5484 1086 5538 ἄλλον
1122 5481 1263 5537 εἶναι
1299 5483 1493 5536 ἑαυτὸν
1530 5482 1733 5552 σημαί-

175 5581 246 5620 νει
268 5573 370 5626 τῶν
399 5578 618 5630 πάντων
645 5595 658 5608 ·
689 5579 829 5630 Ἀλλ’
853 5580 945 5630 ἐπὶ
963 5578 1065 5649 μὲν
1092 5578 1183 5632 τοῦ
1217 5578 1398 5631 ἔκτισε
1424 5581 1600 5632 κεῖται.
1631 5578 1735 5646 ἀρ-

177 5660 284 5728 χὴν
326 5666 501 5731 ὁδῶν,
547 5670 637 5722 ἐπὶ
671 5671 725 5724 δὲ
769 5671 863 5724 τοῦ
906 5671 1092 5740 γεννᾷ
1110 5690 1209 5740 με,
1252 5672 1314 5723 οὐ
1341 5673 1523 5726 κεῖται
1555 5671 1731 5741 ἀρχὴν

178 5758 326 5827 γεννᾷ
380 5777 468 5828 με,
519 5763 653 5817 ἀλλὰ
692 5766 798 5834 πρὸ
830 5767 1056 5819 πάντων
1107 5767 1272 5836 γεννᾷ
1307 5782 1396 5835 με.
1447 5764 1505 5818 '0
1533 5765 1587 5817 δὲ
1620 5764 1726 5834 πρὸ

245 5890 259 5920 ¹
299 5892 451 5949 Joan.
487 5911 564 5961 νι,
592 5900 779 5955 58-40.
889 5907 908 5934 ²
947 5903 1106 5959 Joan.
1142 5923 1239 5969 xu,
1271 5907 1356 5960 Mi.

482 5995 749 6057 PATRUL.
798 6002 912 6062 tin.
956 6001 1204 6064 CXXX.

625 3351 874 3421 ἁμαρτία
906 3368 966 3403 τε
1017 3351 1154 3420 ὑπὲρ
1187 3351 1348 3422 ἡμῶν
1376 3354 1591 3422 γέγονε,
1643 3355 1738 3408 καὶ
1777 3355 2014 3425 κατάρα,
2085 3357 2264 3410 καίτοι
2314 3355 2390 3426 μὴ
2422 3356 2752 3425 ἁμαρτήσας
2779 3355 2965 3420 αὐτὸς,
3020 3353 3136 3407 ἀλλ’
3166 3355 3249 3408 ὅτι
3303 3355 3404 3418 τὰς

165 3441 408 3511 ἁμαρτίας
436 3443 629 3515 ἡμῶν,
657 3444 754 3497 καὶ
809 3443 910 3514 τὴν
939 3445 1190 3514 κατάραν
1225 3446 1527 3501 ὲόάστασεν
1557 3448 1720 3513 αὑτός
1748 3465 1762 3478 ⁶

1806 3450 1980 3516 οὕτως
2001 3451 2152 3522 ἡμᾶς
2182 3450 2240 3503 ὲν
2269 3449 2452 3520 ἐαυτῷ
2475 3449 2677 3514 κτίζων
2714 3448 2864 3518 λέγει
2894 3464 2905 3477 ·
2943 3449 3158 3518 Κύριος
3196 3439 3404 3503 ἕκτισέ

2374 3635 2456 3688 Ex
2486 3636 2667 3688 eodem
2699 3635 2850 3690 libra.

1888 3729 1942 3784 Si
1979 3740 2171 3783 natura
2202 3739 2366 3799 atque
2397 3728 2637 3782 essentia
2671 3725 2907 3782 Verbum
2945 3734 3093 3783 esset
3138 3744 3226 3784 res
3277 3745 3408 3800 pro~

1817 3833 2021 3889 creata,
2055 3832 2109 3877 et
2143 3823 2288 3876 inter
2326 3837 2443 3876 rem
2513 3829 2858 3891 procreatam
2904 3831 2961 3876 et
3015 3819 3216 3877 Filium
3265 3823 3402 3877 nihil

1821 3914 2142 3980 interesset,
2171 3929 2284 3968 non
2314 3913 2618 3968 addidisset
2646 3912 2775 3966 illud
2815 3930 2829 3966 :
2882 3912 3058 3982 Gignit
3096 3930 3214 3980 me;
3237 3914 3331 3969 sed
3354 3925 3402 3968 ei

1821 4005 2018 4060 fuisset
2069 4004 2206 4062 satis
2228 4004 2437 4060 dixisse
2472 4019 2486 4056 :
2518 4003 2729 4060 Creavit
2795 4021 2896 4060 me.
2951 4002 3235 4075 Siquidem
3288 4008 3410 4062 haec

1822 4113 1927 4153 vox
1997 4098 2162 4153 etiam
2245 4097 2500 4169 gignendi
2559 4095 3020 4167 signiﬁcationem
3068 4099 3408 4154 contineret.

1823 4191 1983 4246 Nunc
2000 4201 2180 4246 autem
2201 4207 2325 4245 cum
2349 4190 2548 4246 dixerit
2579 4206 2594 4242 :
2625 4191 2835 4246 Creavit
2863 4207 2943 4244 me
2967 4191 3178 4245 initium
3201 4193 3410 4246 viarum

1827 4303 2052 4341 suarum
2092 4287 2162 4338 ad
2206 4303 2364 4356 Opera
2386 4303 2505 4350 sua,
2538 4286 2689 4341 addit
2725 4303 2738 4338 :
2778 4284 2954 4356 Giguit
2987 4302 3086 4339 me.
3113 4286 3302 4356 Neque
3357 4286 3411 4339 id

1825 4381 2173 4450 simpliciter,
2198 4380 2293 4435 sed
2321 4381 2388 4434 ad
2419 4379 2768 4433 Inliuiendam
2807 4395 2994 4436 vocem
3023 4381 3168 4433 illam
3194 4396 3208 4433 :
3243 4379 3411 4434 Crea-

1825 4473 1920 4536 vit,
1967 4473 2068 4524 hoc
2109 4471 2282 4525 veluti
2337 4471 2612 4524 vinculum
2655 4471 2982 4526 subnectit:
3021 4471 3155 4526 Ante
3224 4489 3408 4526 omnes

1826 4564 1984 4618 colles
2012 4565 2176 4634 gignit
2204 4580 2303 4616 me.
2355 4563 2468 4617 Hoc
2492 4564 2684 4618 enim:
2729 4563 2908 4634 Gigm‘t
2967 4581 3069 4628 me,
3117 4580 3240 4619 cum
3294 4566 3409 4628 illo,

1828 4657 2033 4716 Creavil
2062 4674 2164 4724 me,
2184 4657 2476 4726 conjuncte
2503 4657 2768 4725 prolatam
2800 4657 2940 4712 banc
2977 4657 3141 4711 habet
3202 4658 3414 4730 signiﬁ-

1826 4751 2122 4815 cationem,
2144 4760 2200 4804 ut
2236 4762 2290 4806 et
2322 4750 2554 4814 Creavit,
2582 4762 2802 4820 propter
2828 4751 3034 4820 aliquid
3057 4753 3266 4807 dictum
3317 4756 3412 4819 sit,

1827 4855 1884 4902 et
1927 4844 2128 4917 Gigm‘t,
2160 4844 2594 4900 antecedatillud
2629 4860 2644 4898 :
2677 4844 2908 4900 Creavit.
2943 4844 3414 4910 Quemadmodum

1831 4938 1978 4992 enim
2004 4939 2049 4993 si
2081 4938 2352 5003 dixisset,
2397 4937 2572 5008 Gigm‘t
2628 4955 2710 4991 me
2747 4954 2764 4991 :
2797 4937 2996 5004 deinde
3041 4940 3365 5010 subjecisset
3399 4961 3412 4994 :

1831 5031 1967 5084 Ante
2007 5046 2184 5084 omnes
2212 5030 2368 5083 colles
2399 5032 2588 5083 creavit
2621 5047 2721 5084 me.
2754 5031 3184 5100 intelligeremus
3233 5035 3415 5087 omni-

1827 5139 1922 5184 no.
1953 5122 2056 5176 hoc
2090 5122 2326 5184 Cream’t.
2362 5123 2462 5186 illi,
2503 5123 2704 5192 Gignil,
2731 5123 3096 5190 antecedere;
3146 5125 3225 5180 sic
3286 5140 3411 5180 cum

1828 5214 2030 5269 dixerit
2083 5214 2255 5281 prius,
2319 5213 2550 5278 Creavit,
2611 5214 2810 5268 deinde
2852 5214 3214 5282 adjunxerit:
3280 5215 3415 5268 Ante

1831 5321 2006 5358 omnes
2029 5305 2186 5359 colles
2205 5306 2370 5376 gignit
2403 5323 2502 5370 me,
2528 5306 2633 5361 hoc
2655 5306 2854 5377 Cignit,
2886 5307 2960 5360 illi
3018 5306 3226 5360 Creavit
3279 5321 3419 5375 prte-

1833 5396 2028 5449 cedere
2056 5394 2370 5450 necessario
2400 5396 2828 5460 demonstratur,
2866 5393 3001 5448 Nam
3031 5411 3154 5449 cum
3214 5394 3361 5450 dicat
3398 5412 3414 5448 :

1841 5489 1976 5541 Ante
2015 5505 2192 5542 omnes
2219 5489 2384 5559 gignit
2413 5506 2513 5553 me,
2549 5489 2821 5560 significat
2850 5502 2908 5542 se
2935 5486 3081 5542 aliud
3114 5501 3234 5542 esse
3251 5501 3417 5556 quam

1842 5596 2032 5635 ontnes
2067 5581 2195 5635 sint.
2221 5584 2423 5636 Atcum
2446 5581 2578 5637 dicit
2613 5599 2627 5634 ι
2660 5579 2872 5634 Creavit
2894 5596 2997 5643 me,
3021 5577 3417 5649 subjicitzlni-

1841 5677 1972 5726 tium
1996 5675 2203 5726 viarum
2233 5691 2475 5727 suarum.
2531 5673 2686 5739 Quod
2747 5672 2823 5726 illi
2863 5672 3077 5743 :Cignit
3142 5689 3244 5738 me,
3306 5686 3419 5728 non

1838 5776 1921 5820 est
1955 5767 2292 5838 adjunctum,
2312 5768 2403 5821 sed
2431 5768 2610 5837 potius
2632 5769 2877 5823 additum
2901 5778 3018 5824 est:
3053 5768 3184 5822 Ante
3217 5781 3417 5823 omnes.

1437 5910 1454 5936 ³
1482 5907 1509 5959 J
1535 5927 1637 5960 'ztn.
1709 5924 1857 5975 XVIII,
1893 5910 1955 5962 57
2059 5912 2077 5939 “
2111 5907 2126 5959 l
2155 5905 2312 5961 Joan.
2355 5925 2438 5975 ιιι,
2467 5910 2518 5964 8.
2597 5912 2616 5941 "
2661 5911 2827 5966 llcbr.
2859 5928 2916 5978 ιι,
2958 5912 3041 5963 i—i.

3023 6003 3092 6066 13
