3860 6544
191 393 285 456 307

1151 405 1524 469 PANOPLIA
1564 412 2022 479 DUGMATICA.
2055 444 2122 455 -
2163 420 2311 485 Tl'l‘.
2347 427 2454 486 ΧΙ.

3327 446 3433 505 398

200 508 431 577 ἑτέραν,
469 508 570 564 καὶ
602 512 752 576 λαὸς
787 515 820 567 ό
860 513 1197 586 κτιῖὸμενος
1234 521 1458 578 αἰνέσει
1499 525 1605 580 τὸν
1639 528 1753 582 [ι’ὐ-
1781 583 1785 592 ,

1867 531 2268 590 Δηιιιιηιῑαιιίιιιι·
2303 538 2522 594 Domino
2551 548 2819 614 generatio
2859 559 3102 615 ventura,
3134 563 3183 606 et
3221 573 3435 610 annun-

193 616 338 669 ριον.
402 602 510 654 Καὶ
541 603 702 658 πάλιν
731 608 790 659 ὲν
841 608 919 679 τῷ
941 616 1024 663 κα⁹
1077 611 1314 685 ψαλμῷ,
1366 617 1764 690 Ἀναγγελήσε-

196 708 280 744 ται
315 692 390 761 τῷ
422 694 608 765 Κυρίῳ
647 698 810 764 γενεὰ
849 699 884 768 ἡ
918 700 1187 775 ἐρχομένη
1209 745 1224 769 ,
1267 706 1360 760 καὶ
1398 709 1760 778 ἀναγγελοῦσι

195 783 290 854 τὴν
346 784 693 858 δικαιοσύνην
743 791 907 846 αὐτοῦ
957 795 1069 864 λαῷ
1120 798 1196 868 τῷ
1249 801 1657 874 τεχθησομένῳ,
1703 807 1762 858 ὃν

195 875 440 945 ἐποίησεν
472 880 501 931 6
533 879 757 947 Κύριος.
784 885 896 937 Οὐκ
931 886 1009 940 ἔτι
1049 889 1155 962 γὰρ
1174 892 1518 962 ἀκουσόμεθα
1546 911 1564 928 ο
1602 890 1682 969 τῌ
1710 897 1764 950 δ’

194 971 264 1024 ἂν
307 974 496 1042 ἡμέρᾳ
532 977 810 1046 pay-node
852 983 954 1036 ἀπ’
1000 986 1210 1054 αὐτοῦ,
1258 991 1491 1059 θανάτῳ
1541 995 1765 1049 ἀποθα-

192 1063 384 1118 νεῖσθε
412 1083 426 1097 ο
465 1069 582 1120 ἀλλ’
611 1071 804 1125 Ὅπου
843 1075 959 1142 εἰμὶ
994 1077 1111 1148 ἐγὼ
1133 1119 1146 1141 ,
1185 1082 1283 1135 καί
1318 1084 1488 1152 ὑμεῖς
1521 1086 1760 1142 ἔσεσθε.

197 1155 349 1209 Ὥστε
380 1157 562 1226 λέγειν
586 1161 752 1230 ἡμᾶς,
771 1166 940 1220 Αὐτοῦ
963 1171 1071 1241 γάρ
1095 1173 1260 1242 ἐσμεν
1281 1175 1402 1246 ποίη
1414 1193 1489 1246 μα
1514 1177 1762 1231 κτισθέν-

194 1264 280 1311 τες
310 1248 402 1300 ὑπ’
427 1251 592 1306 αὐτοῦ
621 1254 714 1307 ἐπὶ
734 1254 918 1326 ἔργοις
941 1261 1187 1326 ἀγαθοῖς.
1222 1266 1389 1320 Πάλιν
1413 1268 1469 1320 δὲ
1486 1270 1673 1338 ἐπειδὴ
1702 1269 1762 1322 τὸ

196 1338 348 1408 ἔργον
378 1340 475 1393 τοῦ
508 1342 668 1408 Θεοῦ,
701 1349 980 1406 τουτέστιν
1011 1355 1037 1404 6
1083 1354 1368 1422 ἄνθρωπος
1406 1359 1610 1425 τέλειος
1641 1378 1762 1414 κτι-

195 1433 349 1496 σθεὶς,
384 1434 612 1506 ἐλλιπὴς
643 1439 833 1508 γέγονε
866 1443 955 1497 διὰ
987 1446 1085 1516 τῆς
1118 1432 1510 1518 παραϐάσεως..
1541 1453 1635 1508 καὶ
1666 1453 1759 1520 γέ.

190 1540 304 1591 γονε
359 1529 424 1596 τῇ
481 1527 730 1602 ἁμαρτία
787 1537 998 1604 νεκρὸς,
1054 1541 1300 1610 ἀπρεπὲς
1351 1543 1408 1597 δὲ
1461 1541 1528 1615 ἦν
1581 1547 1762 1614 μένειν

190 1617 244 1668 τὸ
273 1617 430 1688 ἔργον
468 1621 564 1674 τοῦ
601 1623 736 1677 Θεοῦ
766 1627 976 1695 ἀτελὲς,
1009 1631 1090 1684 διὸ
1119 1634 1212 1685 καὶ
1243 1635 1448 1689 ἐδέοντο
1477 1638 1675 1702 πάντες
1710 1640 1760 1692 οἱ

194 1711 330 1778 ᾶγιοι
383 1714 516 1784 περὶ
570 1716 762 1771 τούτου
823 1720 1072 1789 λέγοντες
1123 1727 1179 1778 ὲν
1236 1727 1316 1798 τῷ
1377 1730 1713 1802 ρλξ⁹ῲαλμῷ
1744 1751 1756 1763 ’

188 1802 369 1892 lii-pre,
402 1804 478 1858 τὰ
505 1806 655 1878 ἔργα
687 1809 806 1864 τῶν
834 1816 1049 1883 χειρῶν
1074 1833 1192 1873 σου
1221 1819 1306 1888 μὴ
1340 1822 1596 1892 nuptam
1615 1867 1629 1891 ,
1671 1825 1758 1879 διὰ

187 1891 334 1944 τοῦτο
358 1895 384 1948 6
412 1893 626 1960 τέλειος
653 1899 748 1953 τοῦ
786 1901 923 1957 Θεοῦ
962 1905 1134 1973 Λόγος
1170 1909 1231 1961 τὸ
1262 1910 1448 1974 ἀτελὲς
1484 1891 1758 1984 περιτίθε-
1789 1892 1832 1948 Β

188 2000 270 2037 ut
302 1985 478 2056 σῶμα,
525 1990 623 2044 καὶ¹
652 1991 868 2059 λέγεται
901 1998 980 2058 είς
1017 1999 1082 2051 τὰ
1126 2001 1261 2070 ἔργα
1306 2003 1624 2072 κτίζεσθαι,
1672 2007 1758 2061 ἵνα

193 2075 302 2168 άνθ⁹
333 2078 489 2145 ἡμῶν
523 2081 626 2152 τὴν
658 2083 875 2155 ὀφειλὴν
903 2087 1132 2152 ἀποδοὺς
1172 2093 1237 2145 τὰ
1268 2093 1522 2150 λείποντα
1558 2099 1635 2168 τῷ
1665 2101 1759 2152 άν-

193 2167 380 2260 θρώπῳ
409 2168 478 2220 δι’
509 2170 712 2224 ἑαυτοῦ
741 2175 1038 2248 τελειώσῃ,
1080 2179 1258 2234 ἔλειπε
1294 2184 1348 2236 δὲ
1390 2185 1534 2256 αὒτῷ
1568 2167 1762 2260 θάθα-

191 2258 359 2322 νισία,
395 2263 488 2313 καὶ
517 2263 552 2331 ἡ
588 2263 668 2327 είς
699 2264 789 2317 τδν
825 2268 1151 2338 παράδεισον
1178 2271 1310 2335 ὁδός.
1334 2275 1440 2329 Καὶ
1469 2258 1626 2331 τοῦτό
1646 2281 1761 2333 ἐστι

196 2351 248 2400 τὴ
285 2351 578 2422 λεγόμενον
629 2356 777 2428 παρὰ
826 2359 918 2412 τοῦ
964 2362 1216 2433 Σωτῆρος
1247 2381 1264 2399 ο
1294 2366 1360 2418 Τὸ
1417 2367 1592 2437 ἔργον
1643 2371 1765 2424 ἐτε-

197 2443 405 2496 λείωσα
425 2488 438 2508 ,
467 2445 503 2498 ὃ
539 2445 811 2516 δέδωκάς
834 2469 936 2521 μοι
957 2495 972 2519 ,
1001 2455 1102 2507 ἵνα
1136 2456 1386 2523 ποιήσω.
1422 2462 1530 2513 Καὶ
1565 2464 1724 2516 πάλιν
1745 2481 1758 2494 ο

198 2532 264 2586 Τὰ
289 2536 448 2604 ἔργα,
497 2538 538 2591 ἂ
587 2539 810 2596 δέδωκέ
856 2563 962 2613 μοι
1000 2549 1033 2600 ό
1073 2551 1298 2616 Πατὴρ,
1332 2551 1434 2603 ἵνα
1470 2554 1764 2607 τελειώσω

103 2645 106 2648 ‘
197 2627 354 2693 αὐτὰ,
390 2631 587 2684 ταῦτα
617 2635 688 2688 τὰ
717 2635 860 2704 ἔργα
901 2637 938 2690 ἆ
970 2635 1084 2707 ἐγὼ
1115 2641 1283 2706 ποιῶ,
1312 2645 1606 2716 μαρτυρεῖ
1627 2651 1760 2716 περὶ

197 2718 348 2784 ἐμοῦ.
384 2724 445 2772 ’Δ
482 2722 543 2774 δὲ
581 2724 728 2791 λέγει
765 2726 998 2781 ἐνταῦθα
1032 2728 1169 2800 ἔργα
1201 2733 1488 2788 δεδοικέναι
1529 2737 1618 2790 τὸν
1649 2740 1764 2791 Πα-

197 2810 312 2878 τέρα
341 2813 419 2876 είς
441 2815 749 2883 τελείωσιν,
771 2818 946 2872 ταῦτά
971 2821 1116 2875 ἐστιν
1143 2825 1221 2888 εἰς
1243 2823 1278 2878 ά
1303 2827 1560 2892 κτίζεται,
1593 2829 1765 2898 λέγων

197 2903 247 2954 ἐν
272 2905 386 2967 ταῖς
411 2906 749 2977 Ιῖαροιμῐαις
767 2926 781 2940 ο
813 2909 1030 2980 Κύριος
1059 2914 1264 2970 ἐκτισέ
1284 2935 1360 2987 με
1387 2919 1583 2989 ἀρχὴν
1612 2922 1768 2977 ὀδών

196 2996 364 3049 αὑτοῦ
384 3039 397 3058 ,
428 3001 516 3064 εις
548 2999 697 3069 ἔργα
736 3003 944 3058 αὐτοῦ.
979 3007 1120 3060 Ἴσον
1152 3010 1258 3080 γάρ
1288 3012 1466 3078 ἐστιν,
1497 3014 1544 3066 εί
1576 3009 1762 3068 εἷπενο

202 3087 390 3141 Ἐἲιωκέ
425 3108 515 3160 μοι
552 3093 583 3144 6
615 3093 802 3164 Πατὴρ
833 3098 901 3150 τὰ
931 3096 1066 3168 ἔργα
1095 3103 1174 3162 είς
1204 3103 1263 3154 τὸ
1292 3103 1596 3160 τελειῶσαι.
1629 3109 1763 3161 Τότε

199 3181 292 3251 γὰρ
327 3183 408 3236 διὰ
438 3186 497 3236 τὸ
545 3187 881 3259 γεγενῆσθαι
919 3191 1006 3244 διὰ
1046 3192 1143 3263 τῆς
1183 3196 1542 3265 παραϐάτεως
1598 3201 1761 3272 ἀτελῆ

202 3276 282 3326 καὶ
309 3277 452 3345 χωλά
481 3279 556 3359 τά
586 3278 742 3350 ἔργα,
774 3283 988 3351 λέγεται
1020 3288 1366 3353 σωματικῶς,
1398 3290 1478 3344 ὅτι
1498 3292 1760 3359 κτίζεται,

201 3365 279 3419 ἵνα
315 3356 614 3436 τελειώσας
652 3374 823 3438 αὐτὰ,
856 3379 950 3428 καὶ
983 3375 1253 3452 ὁλόκληρα
1287 3383 1553 3452 ποιήσας,
1586 3356 1764 3453 rapa;

203 3458 360 3534 στήσῃ
389 3462 465 3532 τῷ
502 3463 684 3535 ῐίατρὶ
715 3466 814 3535 τὴν
860 3465 1222 3539 Ἐκκλησίαν,
1254 3473 1328 3536 ώς
1357 3469 1508 3527 εἴπεν
1533 3475 1561 3528 6
1607 3475 1766 3528 Ἀπό-

201 3551 386 3612 στολος,
413 3552 488 3624 μὴ
510 3553 716 3625 ἔχουςα
733 3559 938 3625 σπῖλον,
962 3561 992 3631 ἢ
1023 3563 1210 3632 ῥυτίδα
1233 3565 1265 3634 ἦ
1287 3583 1338 3616 τι
1355 3565 1464 3618 τῶν
1484 3567 1761 3635 τοιούτων,

203 3640 304 3694 ἀλλ’
326 3643 402 3697 ίνα
481 3646 619 3714 ἁγία
639 3651 733 3704 καὶ
757 3649 1006 3724 ἄμωμος.
1032 3655 1388 3710 Τετελείωται
1410 3657 1502 3712 οὖν
1523 3663 1578 3712 ὲν
1595 3662 1763 3732 αὐτῷ,

203 3736 284 3786 καὶ
321 3739 744 3815 ἀποκατεστάθη
784 3743 973 3818 ὥσπερ
1019 3744 1104 3820 ἦν,
1137 3752 1230 3802 καὶ
1273 3753 1415 3804 κατὰ
1454 3753 1552 3824 τὴν
1593 3754 1766 3825 ἀρχὴν

202 3833 405 3898 γεγονὸς
450 3834 511 3888 τὸ
575 3835 915 3908 ἀνθρώπινον
955 3842 1131 3908 γένος,
1182 3844 1278 3896 καὶ
1331 3844 1517 3916 μεῖζον
1567 3847 1768 3916 μᾶλλον

207 3924 394 3994 χάριτι.
429 3927 800 3995 ’Δναστάντες
831 3931 939 4004 γὰρ
973 3933 1035 3986 ὲκ
1067 3935 1297 4006 νεκρῶν,
1333 3938 1431 3992 οὐκ
1461 3936 1541 3992 ἔτι
1572 3941 1770 4010 φοϐού-

211 4015 331 4083 μεθα
351 4016 598 4076 θάνατον.
627 4019 743 4074 ἀλλ’
770 4023 826 4075 ὲν
847 4022 1064 4094 Χριστῷ
1085 4023 1438 4093 βασιλεύομεν
1462 4027 1549 4080 ἀεὶ
1574 4028 1630 4080 ἐν
1655 4031 1770 4092 τοῖς

204 4109 456 4176 οὐρανοῖς.
481 4114 658 4167 Τοῦτο
688 4115 744 4168 δὲ
773 4115 1016 4184 γέγονεν,
1047 4117 1232 4186 ἐπειδὴ
1265 4119 1428 4182 αὐτὸς
1460 4119 1488 4173 6
1513 4121 1604 4174 τοῦ
1631 4121 1765 4175 Θεοῦ

207 4203 358 4269 Λόγος
387 4205 515 4269 ίδιος
549 4208 644 4259 καὶ
672 4209 734 4260 ἐκ
758 4209 852 4261 τοῦ
884 4210 1094 4281 Πατρὸς
1125 4210 1218 4274 ὢν,
1245 4211 1532 4266 ἐνεδύσατο
1567 4215 1762 4284 σάρκα,

208 4293 287 4344 καὶ
317 4296 538 4362 γέγονεν
565 4296 872 4368 ἄνθρωπος.
906 4300 966 4351 El
998 4301 1108 4372 γὰρ
1138 4300 1349 4371 κτίσμα
1382 4302 1457 4354 ὣν
1481 4343 1494 4366 ,
1526 4304 1768 4371 ἐγεγόνει

204 4381 483 4454 ἄνθρωπος,
500 4389 698 4459 ἔμενεν
722 4391 873 4444 οὐδὲν
895 4387 1056 4465 ἧττον
1083 4396 1109 4447 6
1136 4395 1440 4466 ἅνθρωπος,
1462 4397 1649 4469 ὥσπερ
1677 4400 1770 4452 καὶ

1869 626 2078 681 tiabunt
2137 629 2401 692 iustitiam
2444 635 2557 703 ejus
2605 639 2796 708 populo
2843 642 2932 712 qui
2960 657 3222 710 nascelur,
3281 665 3437 718 quem

1866 717 1986 784 fecit
2019 718 2274 774 Dominus
2305 722 2346 779 ¹.
2410 721 2523 779 Nec
2581 729 2722 780 cnim
2753 731 2984 800 amplius
3041 736 3274 790 audituri
3339 754 3436 792 su-

1867 823 1985 862 mus
2019 826 2035 856 :
2069 809 2391 885 Quacunque
2415 817 2500 869 die
2532 820 2856 875 romederitis
2889 841 2952 878 ea:
2996 841 3076 891 eo,
3109 837 3273 881 morte
3323 846 3436 882 mo-

1867 901 2076 955 riemini
2101 904 2120 933 '
2155 922 2168 969 ;
2207 905 2321 971 scd,
2375 907 2468 962 Ubi
2515 925 2627 962 sunt
2653 928 2763 982 ego,
2810 922 2857 967 et
2892 931 2978 968 vos
3012 919 3156 972 eritis
3186 919 3245 975 ἰ
3293 921 3431 976 adeo

1864 1002 1924 1048 ut
1968 995 2076 1065 jam
2109 999 2291 1054 dicere
2345 1000 2505 1056 liccat
2539 1020 2553 1060 :
2594 1003 2767 1073 Ipsius
2819 1009 2956 1061 enim
2989 1011 3198 1080 factura
3229 1030 3433 1080 sumus,

1864 1090 2032 1144 creati
2101 1091 2156 1144 in
2215 1095 2452 1161 operibus
2503 1097 2651 1150 bonis
2684 1096 2730 1151 ⁵.
2807 1098 3080 1156 Praeterea
3145 1113 3435 1176 postquam

1863 1197 2000 1251 opus
2031 1181 2146 1249 Dei,
2181 1184 2230 1239 id
2282 1196 2366 1242 est
2390 1186 2574 1254 homo,
2608 1188 2883 1259 perfectus
2930 1199 3166 1261 creatus,
3224 1212 3432 1266 praeva-

1865 1272 2130 1329 ricatione
2158 1276 2316 1345 inops
2347 1277 2578 1334 effectus
2617 1287 2722 1342 est,
2780 1290 2836 1335 et
2873 1291 3102 1352 peccato
3140 1295 3431 1349 mortuus;

1865 1377 1988 1417 cum
2019 1365 2148 1419 item
2199 1367 2489 1424 dedeceret
2514 1385 2652 1441 opus
2701 1369 2796 1426 Dei
2827 1371 3208 1443 imperfectum
3258 1391 3437 1428 rema-

1866 1470 2022 1522 nere,
2072 1459 2218 1514 unde
2246 1459 2305 1513 ιιι
2338 1468 2398 1514 ιιι
2441 1475 2634 1516 omnes
2666 1464 2838 1518 sancti
2894 1465 3104 1535 psalmo
3134 1469 3436 1521 centesimo

1867 1551 2142 1623 trigesimo
2186 1555 2419 1625 septimo
2463 1557 2630 1612 Deum
2687 1560 2785 1613 hac
2843 1559 2908 1614 de
2963 1575 3022 1613 re
3075 1559 3148 1613 ita
3205 1574 3436 1628 precen-

1867 1651 1974 1709 tur,
2024 1643 2270 1711 Domine,
2334 1647 2583 1703 retribues
2639 1664 2733 1717 pro
2788 1665 2868 1702 me
2931 1665 2950 1713 ;
2995 1650 3236 1715 Domine,
3275 1667 3436 1718 opera

1863 1753 2119 1791 manuum
2180 1748 2394 1793 tuarum
2450 1757 2513 1794 ne
2563 1742 2821 1811 despicias
2867 1742 2887 1774 ⁸
2953 1759 2967 1795 :
3040 1741 3247 1797 idcirco
3312 1758 3442 1813 per—

1864 1825 2067 1880 fectum
2103 1826 2195 1882 Dei
2255 1829 2518 1895 Verbum,
2551 1845 2748 1896 corpus
2803 1831 3182 1900 imperfectum
3218 1833 3438 1898 induit;

1861 1924 2025 1986 atque
2056 1917 2109 1972 in
2142 1936 2309 1989 opera
2365 1921 2539 1976 creari
2576 1921 2796 1987 dicitur,
2840 1932 2897 1977 ut
2928 1937 3027 1993 pro
3062 1923 3221 1979 nobis
3255 1923 3442 1978 debito

1863 2007 2062 2070 soluto,
2091 2024 2152 2062 ea
2180 2024 2301 2079 «lure
2328 2010 2535 2064 homini
2572 2012 2818 2075 deerant,
2855 2027 2954 2081 per
2977 2013 3217 2084 seipsum
3246 2013 3436 2083 exple-

1865 2109 1946 2152 ret
1981 2110 2144 2168 atque
2189 2100 2492 2169 perﬁceret.
2525 2101 2952 2158 Decrantautem
2977 2103 3186 2158 homini
3217 2105 3443 2159 immor-

1867 2191 2044 2246 talitas
2067 2199 2120 2246 et
2140 2192 2221 2246 via
2256 2194 2322 2248 ad
2351 2195 2685 2264 paradisum.
2721 2193 2832 2249 [loc
2861 2194 3038 2265 ipsum
3072 2194 3324 2250 Salvator
3353 2197 3439 2250 his

1863 2285 2047 2338 verbis
2095 2285 2300 2339 indicat
2336 2306 2348 2340 :
2375 2285 2486 2358 Ego
2510 2297 2559 2341 te
2583 2287 2873 2357 gloriﬁcaai
2893 2289 2946 2340 in
2977 2291 3155 2342 terra':
3173 2305 3300 2356 opus
3322 2305 3444 2355 per—

1864 2369 1964 2437 feci
1993 2373 2129 2440 quod
2157 2373 2453 2441 faciendum
2481 2375 2608 2427 mihi
2637 2376 2826 2428 dediin
2845 2375 2884 2429 ‘.
2914 2375 3196 2430 Etiterum
3224 2393 3236 2426 :
3267 2378 3442 2443 Opera

1865 2479 1982 2530 quae
2010 2462 2172 2516 Pater
2205 2464 2332 2516 mihi
2381 2466 2701 2534 perﬁcienda
2750 2467 2892 2520 dedit
2924 2483 2941 2520 :
2979 2469 3098 2535 ipsa
3129 2485 3287 2534 opera
3326 2484 3442 2536 qua:

1865 2554 2026 2621 (acia,
2057 2555 2408 2608 testimonium
2454 2559 2718 2626 perhibent
2749 2559 2811 2612 de
2867 2575 2949 2613 me
2981 2560 3025 2613 ⁷.
3072 2560 3247 2629 Opera
3281 2575 3444 2630 porro

1864 2664 1984 2716 qua:
2009 2649 2108 2703 sibi
2153 2650 2362 2704 Patrem
2402 2652 2733 2721 perﬁcienda
2765 2653 2982 2709 dedisse
3011 2653 3278 2716 declarat,
3318 2655 3438 2724 ipsa

1867 2738 1953 2792 illa
1985 2747 2112 2793 sunt
2144 2741 2195 2793 in
2229 2757 2349 2809 quae
2385 2753 2626 2806 creatur,
2665 2753 2722 2797 ut
2753 2745 2806 2797 iu
2831 2742 3136 2800 Proverbiis
3176 2746 3252 2800 ait
3291 2764 3304 2800 :
3340 2745 3446 2799 Do-

1877 2829 2052 2881 minus
2105 2831 2300 2882 creavit
2360 2847 2440 2883 me
2491 2832 2805 2900 principium
2847 2833 3059 2886 uiarum
3110 2849 3335 2886 suarum
3389 2834 3448 2886 in

1866 2933 2022 2985 opera
2069 2937 2190 2974 sua.
2240 2921 2371 2975 Nam
2427 2922 2570 2977 idem
2601 2932 2682 2977 est
2711 2923 2914 2989 dicere,
2949 2924 3095 2977 dedit
3124 2924 3250 2977 mihi
3277 2923 3444 2977 Pater

1866 3027 2048 3080 opera,
2089 3023 2165 3075 et,
2194 3015 2388 3068 creavit
2419 3030 2499 3067 me
2527 3013 2779 3068 Dominus
2812 3015 2868 3068 in
2905 3031 3084 3084 opera.
3109 3014 3264 3068 Tunc
3294 3015 3444 3068 enim

1865 3102 2010 3171 quod
2042 3117 2207 3171 Opera
2237 3103 2551 3172 imperfecta
2574 3113 2629 3158 et
2662 3105 2849 3158 mutila
2884 3114 3107 3174 peccato
3145 3105 3286 3160 facta
3319 3105 3446 3160 fue-

1869 3199 2012 3258 rant,
2049 3193 2222 3248 creari
2257 3195 2557 3249 secundum
2598 3210 2798 3265 corpus
2826 3195 3049 3261 dicitur,
3089 3205 3148 3250 ut
3181 3196 3288 3251 illis
3317 3212 3450 3267 per—

1871 3289 2030 3344 fectis
2084 3297 2246 3359 atque
2280 3290 2334 3344 in
2368 3291 2644 3361 integrum
2679 3301 2880 3345 statum
2915 3289 3208 3355 restitutis,
3263 3290 3448 3347 Eccle-

1867 3381 2002 3436 siam
2025 3380 2172 3436 l‘atri
2225 3381 2514 3438 exhiberet
2541 3399 2644 3437 non
2666 3385 2939 3437 habentem
2973 3383 3260 3447 maculam,
3292 3394 3351 3437 ut
3373 3383 3450 3437 ait

1865 3473 2184 3544 Apostolus,
2211 3486 2301 3527 aut
2335 3491 2543 3545 rugam,
2576 3484 2671 3529 aut
2701 3475 2906 3545 aliquid
2928 3475 3253 3544 hujusmodi,
3279 3476 3370 3528 sed
3393 3485 3450 3528 ut

1867 3566 1937 3618 sit
1965 3576 2157 3620 sancta
2194 3576 2244 3618 et
2278 3566 2630 3620 immaculata
2683 3564 2727 3620 '.
2780 3567 2840 3621 In
2869 3565 2962 3620 illo
2989 3581 3120 3638 ergo
3148 3565 3449 3634 perlectum

1867 3667 1950 3711 est
1981 3657 2262 3712 hominum
2295 3673 2484 3728 genus,
2523 3659 2790 3727 qualeque
2813 3658 2972 3712 initio
3005 3657 3212 3713 factum
3272 3657 3450 3712 fuerat

1869 3748 1953 3802 vol
1985 3749 2167 3818 potius
2222 3749 2488 3818 ampliore
2528 3764 2652 3804 cum
2703 3750 2875 3821 gratia
2909 3750 3222 3804 restitutum
3277 3759 3443 3818 atque

1869 3851 2177 3911 reparatum
2204 3850 2309 3896 est.
2350 3840 2633 3912 Siquidem
2656 3855 2724 3896 es
2757 3841 2990 3896 mortuis
3023 3841 3269 3908 excitati,
3299 3857 3449 3896 mor-

1871 3945 1983 3988 tem
2043 3948 2154 3988 non
2211 3933 2445 4004 amplius
2475 3931 2937 4004 pertimescimus,
2985 3932 3080 3988 sed
3131 3933 3186 3987 in
3226 3933 3450 3988 Christo

1870 4039 2086 4095 semper
2114 4025 2168 4080 in
2186 4027 2336 4080 caelis
2376 4041 2566 4081 sumus
2594 4025 2891 4094 regnaturi.
2916 4023 3072 4090 Quod
3100 4024 3220 4079 ideo
3255 4040 3433 4080 conse-

1871 4117 2119 4186 quimur,
2156 4116 2302 4186 quod
2346 4117 2528 4188 ipsum
2561 4117 2653 4171 Dei
2682 4118 2920 4174 Vcrhum
2963 4116 3249 4186 proprium
3287 4123 3450 4186 atque

1873 4225 1939 4263 ex
1990 4219 2144 4279 parte
2177 4211 2422 4280 genitum
2453 4225 2669 4263 carnem
2706 4209 2886 4263 induit
2933 4209 3219 4278 factusque
3281 4208 3450 4262 homo

1875 4309 1976 4354 est.
2006 4298 2141 4354 Nam
2179 4300 2221 4354 si
2259 4309 2498 4355 creatam
2534 4315 2656 4354 cum
2700 4299 2928 4355 haberet
2959 4307 3235 4363 naturam,
3269 4295 3450 4355 factus

1874 4401 2064 4460 postea
2122 4389 2320 4444 fuisset
2380 4391 2566 4452 homo,
2642 4389 2784 4443 idem
2820 4389 3068 4459 profecto
3115 4388 3260 4460 quod
3293 4397 3448 4444 antea

207 4470 295 4546 ἦν,
333 4484 388 4534 οὐ
428 4482 726 4548 συναφθεὶς
753 4483 830 4556 τῷ
859 4485 998 4558 Θεῷ.
1031 4486 1154 4552 Πῶς
1182 4488 1290 4559 γὰρ
1320 4489 1384 4542 ἂν
1427 4489 1635 4560 ποίημα
1687 4489 1761 4544 ὣν

1875 4484 2160 4536 mansisset
2187 4477 2469 4538 ho‘minum
2492 4496 2683 4552 genus,
2713 4498 2891 4551 neque
2909 4497 3034 4536 cum
3065 4481 3179 4536 Deo
3208 4482 3448 4552 conjun-

208 4567 283 4620 διὰ
331 4574 629 4642 ποιήματος
678 4577 1008 4630 συνάπτοιτο
1047 4579 1123 4648 τῷ
1180 4579 1464 4646 κτίσαντι;
1517 4583 1587 4634 Ἦ
1634 4584 1761 4637 ποία

1868 4587 2014 4631 ctum
2033 4575 2248 4630 fuisset.
2288 4575 2394 4639 Qui
2432 4574 2580 4628 euim
2646 4589 2734 4628 res
2765 4575 2914 4628 facta
2956 4589 3056 4644 per
3086 4589 3201 4629 rem
3245 4573 3448 4628 factam

211 4659 411 4729 βοήθεια
446 4666 602 4733 παρὰ
640 4667 746 4719 τῶν
788 4667 986 4738 ὁμοίων
1029 4672 1139 4732 τοῖς
1178 4671 1384 4740 ὁμοίοις
1432 4673 1628 4741 γένοιτ’
1674 4674 1760 4738 ἂν,

203 4749 450 4822 δεομένων
468 4757 562 4808 καὶ
588 4756 768 4810 αὐτῶν
799 4761 898 4829 τῆς
921 4759 1089 4827 αὐτῆς
1109 4760 1364 4832 βοηθείας
1388 4780 1401 4827 ;
1433 4763 1559 4828 Πῶς
1583 4764 1660 4826 δὲ,
1687 4765 1763 4817 εί-

213 4861 304 4917 περ
325 4849 522 4918 κτίσμα
546 4846 613 4920 ἦν
640 4852 666 4902 6
687 4852 877 4919 Λόγος,
903 4852 1000 4923 τὴν
1023 4854 1298 4923 ἀπόφασιν
1326 4855 1419 4909 τοῦ
1447 4857 1580 4910 Θεοῦ
1603 4858 1761 4910 λῦσαι

211 4931 415 4999 δυνατὸς
442 4935 528 5006 ἦν,
558 4937 655 4990 καὶ
683 4941 898 5004 ἀφεῖναι
926 4941 1024 5003 τὰς
1049 4942 1344 5012 ἁμαρτίας,
1374 4947 1761 5013 γεγραμμένου

215 5033 348 5095 παρὰ
379 5032 488 5092 τοῖς
525 5031 858 5101 προφήταις,
883 5033 962 5085 ὅτι
991 5033 1147 5086 τοῦτο
1176 5034 1310 5088 Θεοῦ
1346 5037 1496 5102 ὲστις
1533 5039 1628 5104 Τίς
1658 5037 1766 5110 γὰρ

218 5117 365 5182 Θεὸς,
393 5119 597 5188 ὥσπερ
627 5122 729 5186 σὺ,
748 5123 1002 5192 ἐξαίρων
1027 5123 1334 5193 ἁμαρτίας,
1361 5127 1455 5179 καὶ
1495 5129 1768 5196 ὑπερϐαι-

211 5225 318 5262 nor
338 5215 587 5283 ἀνομίας
609 5233 625 5282 ;
658 5217 718 5270 Ὀ
743 5218 838 5285 μὲν
859 5216 969 5287 γὰρ
997 5219 1127 5281 Θεὸς
1149 5215 1266 5272 εἷπε
1287 5237 1299 5250 ·
1327 5219 1415 5286 Γῆ
1447 5217 1522 5285 εἴ,
1553 5222 1649 5272 καὶ
1675 5222 1764 5288 εἰς

215 5302 317 5371 γῆν
335 5308 644 5376 ἁπελεύσῃ
666 5325 679 5340 ο
702 5312 750 5362 ol
773 5310 828 5362 δὲ
846 5310 1120 5380 ἄνθρωποι
1141 5313 1393 5379 γεγόνασι
1421 5314 1619 5381 θνητοί.
1644 5314 1765 5376 Πῶς

218 5397 378 5451 τοίνυν
398 5397 506 5454 οἷον
528 5419 584 5454 τε
608 5398 674 5472 ἦν
701 5403 852 5473 παρὰ
874 5403 980 5455 τῶν
1004 5405 1246 5475 γενητῶν
1267 5404 1491 5474 λυθῆναι
1515 5406 1610 5476 τὴν
1631 5407 1764 5459 ἀπό-

219 5505 391 5559 φασιν;
426 5495 656 5548 Ἐλυσεν
682 5496 774 5549 οὖν
802 5496 971 5566 αὐτὴν
995 5499 1021 5550 6
1047 5497 1267 5568 Κύριος,
1298 5497 1373 5561 ὼς
1404 5494 1559 5552 εἶπεν
1582 5499 1760 5562 αὐτός’

214 5578 343 5636 Ἐὰν
355 5585 436 5653 μὴ
450 5590 482 5640 d
495 5587 624 5653 Υιὸς
641 5586 789 5657 ὑμᾶς
814 5585 1213 5657 ἐλευθερώσῃ,
1231 5591 1328 5644 καὶ
1342 5589 1538 5656 ἔδειξεν
1553 5589 1766 5660 άληθῶς

214 5677 366 5744 οΥίδς
385 5681 778 5752 ἐλευθερώσας,
801 5683 883 5735 ὅτι
903 5683 1003 5736 οὐκ
1026 5683 1142 5736 ἔστι
1160 5682 1388 5754 κτίσμα,
1413 5683 1532 5737 οὐδὲ
1556 5683 1662 5737 τῶν
1683 5701 1775 5754 γε-

1871 4684 1994 4722 eum
2043 4669 2298 4721 Creatore
2357 4667 2611 4737 conjungi
2655 4667 2876 4736 posset?
2920 4666 3029 4720 Aut
3075 4666 3204 4734 quid
3261 4666 3449 4718 auxilii

1870 4757 2143 4812 similibus
2173 4757 2493 4825 possctdari
2525 4772 2554 4814 a
2587 4755 2885 4817 similibus,
2918 4771 3043 4810 cum
3096 4755 3212 4824 ipsa
3252 4755 3450 4809 eodem

1870 4847 2071 4902 auxilio
2101 4847 2420 4917 indigeant?
2453 4847 2556 4913 Qui
2590 4861 2741 4907 vero,
2789 4847 2832 4900 si
2868 4845 3104 4900 Verbum
3141 4861 3230 4900 res
3268 4856 3448 4900 creata

1870 4920 2032 4998 esset.
2075 4950 2261 5009 posset
2296 4938 2390 4992 Dei
2427 4938 2758 4992 sententiam
2799 4938 3100 5007 abrogare,
3135 4945 3452 5006 peccatum.

1861 5048 1968 5101 que
1997 5031 2292 5094 dimittere,
2345 5045 2470 5084 cum
2505 5030 2607 5083 hoc
2633 5029 2724 5083 Dei
2749 5029 3030 5098 proprium
3063 5043 3186 5083 esse
3213 5031 3452 5098 scripse-

1861 5128 1970 5179 rint
2011 5123 2334 5192 praphetae?
2381 5120 2544 5187 Nam,
2595 5120 2745 5186 Quis,
2789 5123 2948 5186 Deus,
2992 5120 3185 5175 similis
3223 5121 3325 5184 tui,
3357 5120 3451 5190 qui

1861 5221 2037 5285 aufers
2071 5224 2306 5285 peccata,
2340 5224 2390 5268 et
2413 5215 2742 5269 lrauscendis
2773 5216 3095 5286 iniquitates
3136 5213 3207 5266 ’τ
3266 5213 3450 5282 Siqui—

1860 5309 1980 5364 dem
2006 5307 2146 5362 Deus
2168 5308 2304 5361 dixit
2336 5325 2350 5361 :
2389 5307 2555 5362 Terra
2589 5323 2664 5372 es,
2683 5317 2730 5360 et
2754 5308 2808 5360 in
2833 5318 3028 5361 terram
3055 5305 3328 5361 reverteris
3375 5305 3444 5369 ",

1871 5416 2044 5470 eaque
2066 5415 2228 5456 causa
2258 5410 2341 5456 est
2366 5416 2463 5457 cur
2485 5401 2738 5455 homines
2763 5399 2891 5455 iacti
2919 5399 3178 5454 mortales
3205 5397 3448 5454 fuerint:

1873 5493 2147 5562 quomodo
2213 5494 2544 5562 sententiam
2633 5494 2776 5548 hanc
2860 5500 3083 5562 possent
3141 5506 3230 5546 res
3293 5490 3452 5546 facta:

1873 5589 2130 5645 solvere?
2162 5587 2361 5644 Verum
2394 5589 2514 5658 ipse
2547 5587 2711 5643 solvit
2747 5586 3032 5652 Dominus,
3063 5595 3123 5639 ut
3148 5585 3291 5640 idem
3331 5584 3450 5654 ipse

1880 5685 1998 5740 ait:
2034 5682 2158 5736 Nisi
2192 5682 2358 5736 Filius
2389 5699 2478 5735 vos
2513 5682 2810 5738 liberaverit
2856 5681 3174 5751 ",vercque
3213 5677 3452 5734 ostendit

283 5793 463 5868 'i’sal.
507 5815 617 5864 ιιι,
646 5801 737 5854 59..
811 5801 832 5832 '
863 5798 1062 5854 Genes.
1095 5815 1151 5854 ιι.
1193 5799 1282 5853 17.
1362 5800 1383 5831 ³
1409 5799 1565 5855 Joan.
1603 5816 1710 5864 xxv,
1748 5799 1781 5852 5

1882 5803 1902 5832 ⁵
1941 5801 2142 5868 Ephes.
2193 5815 2251 5856 ιι.
2289 5799 2372 5851 i0.
2450 5800 2468 5830 ⁵
2499 5797 2884 5857 Psal.cxxxvu,
2929 5796 2980 5851 8.
3063 5797 3082 5826 ‘
3109 5794 3268 5849 .loan.
3311 5808 3447 5853 xvu,

222 5865 261 5916 ι.
331 5867 347 5895 ⁷
375 5867 525 5924 Joau.
552 5873 706 5936 v,56.
763 5871 800 5905 ~°
832 5871 1028 5941 Ephes.
1073 5887 1124 5936 ν,
1150 5872 1241 5924 ‘27.

1343 5871 1361 5902 ’
1400 5870 1561 5925 Mich.
1595 5888 1688 5937 vn,
1727 5872 1814 5928 18.
1895 5873 1937 5903 ’°
1979 5871 2113 5925 Gen.
2148 5884 2230 5936 ιιι,
2255 5870 2345 5923 21).
2425 5869 2461 5898 ¹¹
2495 5868 2651 5925 Joau.
2683 5885 2801 5934 vtu,
2833 5868 2920 5922 56.
