3770 6584
391 392 502 453 39'.)

386 602 481 657 sed
516 611 728 656 natura:
758 599 955 662 Patris,
983 597 1074 666 qui
1109 599 1435 652 sententiam
1475 597 1620 652 illam
1680 597 1835 652 initio
1871 607 1960 653 tu-

386 693 546 758 lerat,
594 692 857 760 solusque
905 699 1131 761 peccata
1165 690 1462 752 condonat,
1498 690 1779 760 proprium
1837 706 1959 746 esse

386 784 622 840 Verbum
655 793 711 839 et
741 784 1055 856 imaginem.
1092 785 1226 839 Cum
1261 787 1408 839 enim
1442 791 1495 839 in
1540 785 1717 840 Verbo
1749 785 1957 840 dictum

383 880 569 942 fuerit,
604 879 768 934 Terra
801 897 854 934 es
906 891 956 935 et
988 882 1042 934 in
1069 889 1265 934 terram
1292 882 1586 944 reverteris,
1629 880 1786 934 valde
1831 895 1960 933 con-

384 982 642 1043 gruenter
664 989 763 1044 per
793 974 938 1029 idem
985 975 1167 1046 ipsum
1198 973 1443 1030 Verbum
1500 985 1666 1046 atque
1717 973 1773 1028 in
1839 973 1958 1044 ipso

385 1067 610 1122 libertas
637 1077 694 1124 et
721 1068 921 1124 solutio
953 1069 1324 1126 damnationis
1356 1071 1494 1126 facta
1523 1078 1627 1124 est.

457 1159 668 1229 Atqui,
743 1160 1054 1231 inquiunt,
1119 1162 1336 1219 etiarnsi
1413 1161 1665 1217 Salvator
1746 1168 1964 1216 creatus

375 1258 542 1312 esset,
580 1257 796 1318 poterat
829 1247 982 1305 Deus
1021 1249 1404 1306 tantummodo
1439 1250 1646 1317 dicere,
1685 1258 1851 1322 atque
1887 1253 1962 1307 ita

375 1341 588 1394 solvere
635 1339 1102 1395 maledictionem.
1157 1341 1225 1396 At
1275 1340 1440 1396 simili
1489 1341 1653 1396 modo
1703 1341 1837 1411 ipsis
1886 1342 1960 1398 ita

374 1433 592 1487 occurri
625 1433 838 1502 possit:
878 1431 1053 1486 Etiam
1087 1432 1207 1488 sine
1243 1433 1354 1488 ullo
1384 1433 1504 1503 ejus
1541 1434 1775 1489 adventu
1810 1444 1960 1504 pote-

373 1534 459 1579 rat
482 1525 626 1580 Deus
658 1526 1040 1580 tantummodo
1071 1525 1271 1591 dicere,
1303 1535 1467 1596 atque
1498 1527 1570 1582 ita
1598 1527 1809 1583 solvere
1838 1543 1957 1583 ma-

371 1616 743 1672 ledictionem.
785 1616 986 1672 Verum
1028 1618 1305 1673 attendere
1332 1627 1548 1688 oportet
1584 1619 1714 1688 quid
1761 1620 1833 1674 sit
1860 1619 1958 1674 bo-

369 1709 610 1764 minibus
646 1709 800 1776 utile,
836 1724 945 1764 non
987 1722 1171 1764 autem
1214 1710 1344 1780 quid
1385 1711 1438 1764 in
1487 1712 1744 1768 omnibus
1785 1713 1956 1783 possit

1623 392 2010 454 EUTl—IYMII
2043 396 2407 457 ZIGABENI

389 507 560 562 Filius
621 507 882 562 liberator
934 521 991 560 se
1021 518 1124 559 nec
1146 513 1394 559 creatum
1427 519 1530 560 nec
1585 504 1789 560 factum
1827 520 1964 573 esse,

2056 533 2259 602 νητῶν,
2310 533 2444 588 ἀλλὰ
2478 531 2630 600 ἴδιος,
2672 533 2768 586 xui
2814 532 2979 586 εἰκὼν
3017 536 3076 602 τῆ

3490 412 3577 486 400

3025 536 3113 605 τῆς
3157 535 3242 589 τοῦ
3301 543 3487 613 Πατρὶς
3511 556 3586 608 οὐ.

2064 632 2208 692 σίας,
2238 629 2334 682 τοῦ
2385 629 2478 682 καὶ
2529 628 2671 682 κατὰ
2717 629 2818 699 τὴν
2877 628 3048 698 ἀρχὴν
3092 629 3485 704 ἀποφηναμένου
3511 650 3586 702 xui

2061 722 2316 790 ἀφίεντος
2347 722 2510 790 μόνου
2535 725 2633 784 τὰς
2665 723 2961 790 ἁμαρτίας.
3003 721 3218 793 Ἐπειδὴ
3259 726 3360 796 γὰρ
3404 731 3586 804 εἴρηται

2061 817 2120 868 ὲν
2151 817 2228 884 τῷ
2257 817 2438 886 Λόγῳ.
2470 815 2559 880 Γῆ
2605 813 2663 870 εἷ
2719 817 2815 868 καί
2862 817 2949 881 εἰς
2980 813 3098 883 γῆν
3135 816 3450 890 ἀπελεύσῃ,
3481 829 3589 883 ἀκο.

2061 910 2268 972 λούθως
2301 909 2369 962 δι’
2404 908 2574 961 αὐτοῦ
2613 908 2706 961 τοῦ
2738 908 2918 976 Λόγου
2949 911 3041 960 καὶ
3087 908 3144 960 ὲν
3177 908 3322 980 αὐτῷ
3353 913 3591 978 ήὲλευθέ..

2063 1003 2155 1073 ρία
2185 1003 2278 1055 xui
2309 1004 2339 1073 ἡ
2365 1001 2522 1066 λύσις
2539 1001 2637 1072 τῆς
2670 1000 3057 1070 κατακρίσεως
3098 1001 3398 1074 γεγένηται.

2150 1159 2296 1226 Ἀλλ’,
2337 1159 2602 1229 ἠδύνατο,
2653 1160 2822 1229 φασὶ,
2859 1160 2952 1215 xui
3007 1159 3301 1226 κτίσματος
3344 1163 3480 1228 ὄντος
3515 1167 3594 1222 τοῦ

2062 1241 2334 1313 Σωτῆρος,
2365 1243 2523 1314 μόνον
2552 1244 2727 1297 εἰπεῖν
2748 1245 2775 1296 6
2795 1243 2924 1307 Θεὸς
2956 1245 3051 1298 xui
3076 1245 3232 1300 λῦσαι
3251 1249 3346 1322 τὴν
3367 1254 3592 1328 κατάραν.

2063 1335 2136 1388 Τὸ
2161 1335 2290 1390 αὐτὸ
2315 1337 2357 1389 δ’
2383 1338 2447 1392 ἂν
2476 1338 2767 1393 ἀκούσαιεν
2794 1342 2888 1394 xui
2914 1341 3069 1396 αὐτοὶ
3092 1346 3220 1416 παρ’
3243 1345 3418 1418 ἐτέρου
3443 1350 3597 1420 λέγον-

2059 1443 2178 1490 τος·
2226 1427 2482 1482 Ἦδύνατο
2513 1431 2605 1484 xui
2641 1431 2762 1501 μηδ’
2791 1431 2929 1495 ὅλως
2972 1433 3398 1504 ἐπιδημήσαντος
3435 1441 3592 1506 αὑτοῦ,

2064 1520 2222 1588 μόνον
2261 1520 2434 1574 εἰπεῖν
2476 1523 2504 1574 6
2540 1523 2672 1587 Θεὸς
2706 1524 2802 1578 xui
2843 1523 3001 1577 λῦσαι
3035 1525 3134 1595 τὴν
3169 1527 3424 1600 κατάραν.
3464 1531 3596 1588 Ἀλλὰ

2062 1615 2282 1665 σκοπεῖν
2311 1613 2391 1666 δεῖ
2435 1613 2494 1666 τὸ
2515 1617 2626 1678 τοῖς
2668 1613 2974 1688 ἀνθρώποις
3019 1617 3325 1671 λυσιτελοῦν
3353 1622 3437 1674 xui
3460 1626 3526 1694 μὴ
3549 1628 3596 1678 ὲν

2060 1706 2191 1756 πᾶσι
2218 1705 2278 1758 τὸ
2307 1706 2532 1761 δυνατὸν
2565 1707 2660 1760 τοῦ
2684 1708 2818 1762 Θεοῦ
2854 1709 3190 1778 λογίζεσθαι’
3225 1713 3345 1766 ἐπεὶ
3493 1716 3599 1784 ἡδύ-

365 1798 533 1856 Deus.
577 1798 825 1870 Namque
845 1801 1011 1856 etiam
1033 1812 1164 1857 ante
1187 1802 1300 1858 Noe
1330 1819 1536 1870 arcam,
1569 1805 1822 1861 homines
1861 1805 1955 1874 qui

2061 1814 2187 1849 νατο
2213 1798 2306 1852 καὶ
2331 1799 2436 1871 πρὸ
2463 1800 2563 1870 τῆς
2584 1800 2706 1854 Νῶε
2736 1801 2972 1854 κιϐωτοῦ
2993 1804 3118 1867 τοὺς
3143 1804 3262 1856 τότε
3286 1807 3613 1876 παραϐάντας·

363 1903 728 1960 peccaverant
767 1902 978 1962 poterat
1019 1894 1367 1950 interimere:
1410 1905 1590 1951 tamen
1634 1897 1686 1951 id
1736 1898 1953 1953 nonnisi

363 1994 490 2053 post
536 1999 722 2040 arcam
768 1985 917 2042 fecit.
964 1987 1184 2044 Poterat
1235 2004 1456 2060 quoque
1497 1989 1706 2059 absque
1748 1989 1951 2061 Moyse,

363 2077 713 2134 solummodo
730 2079 934 2147 dicere,
955 2081 1329 2151 populumque
1349 2081 1580 2136 educere
1601 2096 1668 2136 ex
1686 2079 1949 2152 IEgypto:

362 2177 421 2222 at
451 2169 503 2224 id
544 2185 643 2240 per
678 2170 918 2243 Moyscm
953 2172 1081 2241 .ﬁeri
1134 2172 1516 2228 conveniebat.
1560 2171 1950 2227 Poterat°item

363 2259 514 2316 Deus
545 2262 811 2332 populum
845 2263 963 2318 sine
987 2263 1268 2333 judicibus
1299 2278 1628 2320 conservare
1655 2281 1670 2318 :
1710 2278 1898 2318 verum
1921 2278 1953 2320 e

359 2367 418 2408 re
460 2355 647 2424 populi
698 2365 816 2410 erat
860 2355 1073 2426 judices
1115 2371 1214 2426 pro
1263 2366 1510 2427 tempore
1548 2356 1769 2412 habere.
1807 2354 1949 2423 Quin

358 2446 523 2500 etiam
552 2448 670 2517 ipse
706 2446 960 2503 Salvator
985 2458 1198 2518 poterat
1229 2447 1296 2502 ab
1333 2449 1493 2503 initio
1536 2450 1793 2506 advenire
1821 2468 1834 2517 ;
1868 2453 1950 2508 vel

360 2545 658 2607 postquam
684 2538 924 2604 advenit,
945 2548 1160 2610 poterat
1186 2554 1294 2594 non
1322 2540 1460 2594 tradi
1489 2538 1694 2596 Pilato:
1713 2550 1946 2596 attamen

357 2628 416 2683 in
461 2629 568 2684 fine
609 2631 936 2687 saeculorum
972 2631 1215 2706 advenit,
1259 2640 1314 2686 et
1347 2633 1610 2702 quaesitus
1640 2633 1795 2700 dixit,
1834 2631 1946 2704 Ego

356 2737 476 2774 sum
520 2723 559 2775 '.
593 2721 754 2788 Quod
783 2723 927 2778 enim
965 2722 1056 2778 ille
1081 2723 1233 2790 facit,
1266 2723 1319 2779 id
1362 2724 1676 2781 hominibus
1709 2726 1944 2796 expedit,

354 2826 456 2867 nec
497 2811 656 2868 aliter
693 2814 811 2869 fieri
859 2814 1081 2870 decuit:
1117 2815 1262 2886 quod
1315 2825 1496 2870 autem
1543 2826 1596 2872 et
1636 2817 1854 2888 expedit
1893 2828 1949 2875 et

354 2905 530 2971 decet,
568 2907 618 2962 id
657 2908 775 2978 ipse
796 2917 953 2963 curat
978 2918 1032 2964 et
1058 2910 1321 2979 providet.
1357 2905 1514 2965 Venit
1540 2909 1724 2981 itaque
1749 2925 1858 2966 non
1886 2920 1950 2967 ut

352 2997 434 3053 illi
463 2999 900 3066 ministraretur,
939 3001 1032 3057 sed
1067 3010 1124 3056 ut
1156 3002 1270 3072 ipse
1301 3001 1638 3058 ministraret
1673 3010 1726 3068 ί,
1764 3011 1819 3058 et
1845 3017 1946 3058 no-

351 3092 438 3148 bis
474 3093 791 3148 restitueret
821 3095 1076 3150 salutem.
1108 3095 1267 3150 Certe
1298 3095 1516 3150 tametsi
1547 3094 1719 3165 legem
1746 3111 1776 3150 e
1804 3095 1944 3152 caelo

2056 3107 2136 3144 ται
2162 3090 2455 3162 σωτηρίαν.
2505 3090 2720 3162 Ἀμέλει
2753 3091 3048 3162 δυνάμενος

351 3195 565 3254 poterat
581 3186 892 3251 enuntiare,
913 3186 1048 3241 vidit
1071 3196 1252 3241 tatnen
1301 3186 1618 3241 hominibus
1639 3187 1946 3242 conducere

351 3291 471 3330 eam
503 3292 533 3331 e
561 3285 747 3332 monte
783 3275 917 3332 Sina
955 3277 1228 3347 proferri:
1267 3279 1412 3348 quod
1455 3277 1674 3347 quidem
1721 3276 1848 3332 fecit
1890 3287 1948 3333 ut

349 3377 404 3422 el.
446 3366 661 3438 Moyses
699 3377 884 3437 posset
921 3368 1242 3435 ascendere,
1291 3377 1348 3422 et
1377 3369 1474 3434 illi,
1514 3369 1680 3424 verba
1719 3369 1946 3440 prapius

349 3459 659 3528 audiendo,
704 3459 924 3516 facilius
961 3462 1266 3517 crederent.
1310 3463 1700 3520 Verumtamen
1739 3474 1944 3534 quanta

348 3569 474 3606 cum
516 3552 729 3608 ratione
757 3553 810 3608 id
852 3552 1054 3608 factum
1098 3552 1283 3616 fuerit,
1324 3569 1392 3608 ex
1427 3555 1510 3610 his
1536 3557 1843 3625 perspicere
1880 3557 1945 3611 li-

348 3651 454 3696 eet.
501 3639 558 3696 Si
601 3641 744 3697 Deus
791 3656 892 3712 pro
934 3658 1034 3698 sua
1075 3644 1322 3712 polentia
1362 3645 1612 3711 dixisset,
1657 3647 1944 3718 solutaque

345 3741 493 3786 esset
522 3731 870 3788 maledictio:
920 3734 1271 3803 apparuisset
1311 3735 1532 3805 quidem
1569 3736 1815 3804 jubentis
1847 3754 1942 3808 po-

348 3833 541 3889 testas,
567 3825 802 3894 talisque
834 3823 1014 3880 factus
1035 3824 1233 3882 fuisset
1251 3827 1418 3882 homo
1444 3829 1622 3897 qualis
1647 3830 1746 3882 fuit
1768 3830 1938 3885 Adam

347 3920 478 3964 ante
513 3918 824 3979 peccatum,
867 3911 961 3982 qui
1016 3911 1278 3966 nimirum
1322 3914 1552 3983 gratiam
1597 3914 1939 3970 extrinsecus

345 4002 660 4070 acciperet,
703 4017 804 4055 nec
874 4017 994 4055 eam
1063 4003 1280 4073 corpori
1336 4019 1636 4058 connexam
1695 4005 1935 4060 haberet.

346 4092 642 4146 Enimvero
675 4107 802 4147 cum
831 4092 1144 4148 istiusmodi
1175 4103 1324 4148 esset
1364 4094 1558 4160 Adam,
1597 4095 1649 4149 in
1679 4097 1936 4165 paradiso

345 4194 429 4240 est
479 4185 820 4240 collocatus:
860 4185 971 4239 imo
1009 4201 1139 4240 vero
1185 4185 1325 4241 forte
1374 4187 1526 4257 pejor
1578 4186 1755 4243 factus
1817 4199 1931 4253 est,

345 4279 549 4353 quippe
592 4278 685 4346 qui
728 4293 956 4347 peccare
1003 4279 1275 4334 didicerit.
1316 4277 1472 4345 Quod
1512 4281 1590 4342 si,
1641 4297 1764 4334 cum
1814 4281 1935 4336 talis

346 4368 562 4429 fuisset,
594 4371 915 4441 contigisset
943 4387 1163 4442 quoque
1206 4381 1264 4426 ut
1298 4387 1328 4427 a
1366 4381 1615 4442 serpente
1651 4372 1931 4442 decipere—

2056 1888 2376 1960 ἀνθρώπους
2403 1891 2666 1947 ἀπολέσαι
2687 1910 2699 1923 ·
2724 1893 2861 1946 ἀλλά
2885 1891 3024 1964 μετὰ
3044 1893 3142 1965 τὴν
3168 1894 3391 1950 κιϐωτὸν
3412 1901 3598 1972 πεποίη-

2056 1999 2170 2037 κεν.
2227 1983 2484 2038 Ἠδύνατο
2514 1985 2609 2037 xui
2641 1984 2811 2056 χωρὶς
2847 1986 3090 2048 Μωσέως
3124 1987 3218 2038 xui
3255 1988 3407 2058 μόνον
3431 1992 3598 2053 εἰπεῖν,

2056 2075 2146 2126 xui
2171 2075 2459 2143 ἐξαγαγεῖν
2493 2075 2582 2128 τὸν
2617 2076 2744 2129 λαὸν
2774 2077 2832 2143 ἐξ
2859 2076 3168 2145 Αἰγύπτου·
3217 2078 3350 2132 ἀλλὰ
3373 2083 3599 2154 συνέφερε

2053 2165 2138 2219 διὰ
2175 2167 2714 2230 Μωσέως.’ί·Ιδύνατο
2742 2167 2833 2220 xui
2865 2167 3034 2238 χωρὶς
3061 2167 3172 2220 τῶν
3210 2171 3404 2242 κριτῶν
3439 2173 3599 2238 σώζειν

2052 2258 2143 2312 τὸν
2169 2258 2294 2312 λαὸν
2320 2261 2347 2312 ὁ
2370 2259 2501 2322 Θεός
2522 2277 2534 2288 ·
2567 2258 2701 2312 ἀλλὰ
2733 2259 2998 2330 συνέφερε
3026 2262 3142 2324 τοῖς
3170 2262 3319 2326 λαοῖς
3484 2266 3600 2318 κατὰ

2053 2352 2243 2422 καιρὸν
2281 2350 2589 2423 ἐγείρεσθαι
2629 2351 2819 2423 κριτὴν
2873 2354 3075 2416 αὐτοῖς.
3144 2353 3402 2410 Ἦδύνατο
3433 2357 3518 2409 xui
3554 2359 3600 2423 ἐξ

2050 2443 2222 2514 ἀρχῆς
2249 2445 2276 2496 6
2298 2442 2484 2517 Σωτὴρ
2510 2443 2881 2514 ἐπιδημῆσαι,
2910 2443 2944 2514 ἢ
2973 2443 3144 2499 ἐλθὼν
3172 2446 3247 2518 μὴ
3271 2447 3599 2518 παραδοθῆναι

2051 2533 2269 2605 Πιλάτῳ
2289 2551 2301 2564 ·
2325 2534 2460 2588 ἀλλὰ
2481 2537 2573 2589 xui
2603 2536 2695 2588 ἐπὶ
2869 2539 3151 2609 συντελείᾳ⁴
3171 2540 3280 2593 τῶν
3307 2540 3503 2594 αἰώνων
3527 2539 3602 2612 ifi-

2051 2626 2107 2679 θε
2128 2667 2143 2692 ,
2175 2627 2271 2681 xui
2307 2626 2635 2699 ζητούμενος
2667 2623 2818 2682 εἶπεν
2840 2648 2852 2661 ·
2900 2629 3046 2699 Ἐγώ
3073 2634 3195 2701 εἰμι
3218 2649 3231 2663 ·
3281 2633 3311 2685 ὃ
3343 2633 3446 2702 γάρ
3466 2638 3602 2694 ποιεῖ,

2047 2716 2205 2774 τοῦτο
2253 2720 2345 2774 xui
2375 2720 2643 2790 συμφέρει
2681 2723 2794 2784 τοῖς
2823 2721 3136 2792 ἀνθρώποις
3155 2763 3169 2787 ,
3208 2725 3302 2778 xui
3335 2725 3496 2790 ἄλλως
3523 2728 3604 2780 οὐκ

2048 2810 2256 2885 ἔπρεπε
2289 2811 2576 2882 γενέσθαι·
2609 2814 2703 2866 xui
2730 2814 2867 2886 ὅπερ
2893 2815 2950 2868 δὲ
2981 2817 3257 2888 συμφέρει
3288 2819 3380 2871 xui
3411 2820 3602 2890 πρέπει,

2045 2905 2236 2959 τούτου
2256 2906 2350 2959 xui
2370 2905 2628 2976 πρόνοιαν
2646 2909 2901 2961 ποιεῖται.
2920 2901 3094 2961 Ἦλθε
3117 2909 3274 2977 γοῦν,
3297 2911 3392 2980 οὐχ
3411 2911 3490 2963 ἵνα
3513 2909 3606 2962 δια-

2046 2997 2248 3071 κονηθῇ
2270 3038 2282 3062 ,
2315 2997 2429 3052 ἀλλ’
2463 2999 2548 3054 ἵνα
2581 3000 2873 3069 διακονήσῃ
2897 3039 2910 3062 ,
2945 3001 3038 3052 xui
3065 3001 3168 3071 τὴν
3207 3001 3363 3073 ἡμῶν
3394 3001 3603 3072 ἐργάση-

3221 3093 3330 3146 ἁπὸ
3359 3093 3448 3146 τοῦ
3470 3093 3606 3164 ούρα-

2048 3181 2140 3236 νοῦ
2173 3183 2405 3254 λαλῆσαι
2437 3184 2528 3237 τὸν
2560 3185 2752 3255 νόμον,
2787 3179 2926 3238 εἶδεν
2949 3225 2963 3249 ,
2996 3186 3080 3238 ὅτι
3107 3186 3376 3240 λυσιτελεῖ
3399 3189 3499 3249 τοῖς
3527 3188 3604 3239 ἁν-

2048 3272 2284 3345 θρώποις
2307 3275 2416 3328 ἀπὸ
2443 3274 2538 3328 τοῦ
2566 3275 2698 3327 Σινᾶ
2729 3274 2982 3345 λαλῆσαι,
3008 3274 3107 3328 xui
3137 3275 3299 3329 τοῦτο
3319 3275 3604 3346 πεποίηκεν,

2047 3365 2133 3419 ἵνα
2166 3365 2260 3419 xui
2294 3365 2503 3436 Μωσῆς
2552 3364 2819 3435 ἀναϐῆναι
2853 3365 3076 3438 δυνηθῇ,
3112 3367 3360 3421 κάκεῖνοι
3531 3365 3606 3417 τὸν

2045 3456 2200 3528 λόγον
2223 3458 2452 3528 ἐγγύθεν
2477 3458 2788 3522 ἀκούοντες,
2809 3458 3006 3528 μᾶλλον
3032 3458 3328 3512 πιστεῦσαι
3349 3457 3607 3529 δυνηθῶσι.

2045 3550 2190 3622 Πλὴν
2238 3552 2330 3604 xui
2366 3551 2427 3604 τὸ
2459 3549 2678 3619 εὔλογον
2709 3550 2804 3604 τοῦ
2835 3551 3128 3622 γενομένου
3162 3551 3389 3623 θεωρεῖν
3427 3548 3605 3616 ἔξεστιν

2044 3640 2293 3694 ἐντεῦθεν
2311 3659 2324 3671 ο
2357 3642 2419 3695 El
2447 3641 2535 3700 διὰ
2556 3642 2617 3696 τὸ
2641 3643 2865 3696 δυνατὸν
2888 3644 3125 3715 εἰρήκει,
3160 3645 3258 3697 καὶ
3424 3640 3607 3695 ἐλέλυτο

2043 3733 2074 3802 ἡ
2103 3733 2345 3802 κατάρα·
2375 3732 2468 3786 τοῦ
2506 3733 2605 3803 μὲν
2627 3733 2980 3798 κελεύσαντος
3004 3735 3038 3806 ἡ
3067 3733 3306 3804 δύναμις
3330 3732 3607 3788 ἐπεδείκνυ-

2040 3843 2120 3889 το,
2157 3828 2184 3878 6
2222 3827 2404 3896 μέντοι
2434 3825 2720 3898 ἄνθρωπος
2747 3825 2986 3892 τοιοῦτος
3020 3827 3242 3896 ἐγίνετο
3262 3867 3277 3892 ,
3309 3822 3419 3889 οἷος
3442 3821 3506 3898 ῆν
3531 3825 3610 3878 καὶ

2039 3917 2066 3966 6
2096 3916 2267 3986 ’Λδὰμ
2435 3917 2543 3988 πρὸ
2563 3917 2663 3988 τῆς
2687 3917 3071 3988 παραϐάσεως,
3102 3916 3308 3984 ἔξωθεν
3332 3917 3504 3972 λαϐὼν
3524 3915 3607 3988 τὴν

2040 4009 2197 4077 χάριν
2218 4047 2232 4072 ,
2282 4008 2376 4061 xui
2429 4009 2504 4080 μὴ
2547 4011 3003 4083 συνηρμοσμένην
3037 4011 3184 4082 ἔχων
3221 4011 3393 4085 αὐτὴν
3419 4010 3492 4081 τῷ
3519 4009 3607 4062 ad).

2042 4104 2198 4169 ματι·
2232 4100 2473 4165 τοιοῦτος
2499 4103 2607 4173 γὰρ
2637 4103 2710 4155 ὢν
2743 4107 2834 4157 καὶ
2865 4104 2986 4158 τότε
3023 4105 3242 4159 τέθειτο
3268 4105 3327 4158 ὲν
3357 4103 3433 4176 τῷ
3455 4119 3608 4174 παρα·

2036 4193 2196 4262 δείσῳ
2217 4211 2228 4223 ·
2271 4193 2410 4263 τάχα
2442 4195 2498 4247 δὲ
2534 4199 2626 4249 xui
2653 4196 2851 4268 χείρων
2879 4197 3088 4264 ἐγίνετο
3109 4239 3124 4262 ,
3153 4198 3240 4251 ὅτι
3414 4198 3502 4250 xui
3521 4212 3609 4248 rru-

2039 4287 2317 4357 ραϐαίνειν
2355 4288 2693 4358 μεμάθηκεν.
2757 4291 2848 4340 Ὧν
2897 4289 3075 4344 τοίνυν
3123 4289 3412 4354 τοιοῦτος,
3457 4290 3502 4341 εί
3529 4288 3607 4340 καὶ

2036 4379 2452 4451 παραπέπειστο
2497 4381 2602 4434 ὑπὸ
2633 4383 2728 4434 τοῦ
2769 4382 2946 4452 ὄφεως
2966 4423 2979 4445 ,
3032 4383 3255 4450 ἐγίνετο
3285 4382 3447 4436 πάλιν
3476 4379 3611 4451 χρεία

347 4474 455 4529 tur,
494 4462 666 4518 Deum
699 4464 896 4519 iterum
930 4465 1126 4536 jubere
1164 4477 1218 4522 et
1246 4465 1684 4522 maledictionem
1717 4466 1928 4522 solvere
1961 4481 1964 4535 ς

2056 4471 2332 4542 τροστάξαι
2352 4471 2441 4525 τὸν
2465 4472 2596 4525 Θεὸν
2619 4472 2714 4528 xui
2733 4473 2890 4526 λῦσαι
2913 4474 3010 4544 τὴν
3033 4474 3292 4546 κατάραν
3313 4492 3325 4504 ·
3351 4475 3442 4529 xui
3459 4471 3610 4534 οὕτως

345 4573 484 4627 opus
513 4557 730 4626 fuisset,
766 4573 944 4630 eoque
983 4561 1144 4616 modo
1178 4560 1391 4616 nullum
1426 4559 1589 4615 ﬁnem
1627 4569 1922 4616 consecuta

341 4661 487 4709 esset
516 4651 836 4717 necessitas,
891 4650 1252 4717 hominesque
1280 4646 1639 4700 nihilominus
1666 4646 1744 4696 rei
1771 4656 1894 4695 man
1912 4668 1928 4679 ο

346 4742 568 4808 sissent,
609 4757 673 4797 ac
715 4749 941 4812 peccato
984 4740 1321 4794 serviissent.
1364 4735 1438 4790 Ita
1485 4744 1669 4790 autem
1717 4746 1931 4801 semper

346 4835 653 4903 peccando,
691 4848 910 4903 semper
950 4833 1292 4889 contionante
1322 4843 1462 4897 opus
1490 4826 1834 4886 habuissent.
1867 4838 1932 4877 ae

346 4923 576 4994 proinde
602 4940 883 4996 nunquam
924 4925 1160 4980 fuissent
1188 4919 1424 4986 liberati,
1458 4933 1584 4974 eum
1615 4932 1684 4971 ex
1726 4931 1785 4971 se
1831 4914 1931 4995 toti

347 5016 461 5071 sint
493 5016 702 5083 carnei,
743 5025 908 5086 atque
939 5016 1010 5070 ob
1030 5013 1212 5069 carnis
1233 5011 1607 5066 infirmitatem
1643 5007 1747 5078 legi
1784 5021 1932 5062 sem-

347 5120 445 5175 per
483 5107 865 5163 succumbant.

543 5217 813 5273 Praeterea
851 5219 896 5273 si
929 5215 1100 5272 Filius
1130 5231 1218 5272 res
1247 5225 1428 5270 creata
1456 5221 1622 5277 esset,
1655 5212 1820 5267 homo
1860 5211 1936 5265 ni-

350 5310 652 5366 hilominus
683 5313 934 5367 mortalis
977 5317 1305 5374 remaneret,
1334 5315 1522 5376 utpote
1555 5305 1778 5360 minime
1807 5320 1932 5359 cum

347 5401 462 5459 Deo
485 5389 794 5475 copulatus.
824 5403 934 5459 Nec
955 5403 1104 5458 enim
1133 5418 1223 5458 res
1255 5401 1438 5470 aliqua
1471 5410 1655 5456 creata
1686 5413 1773 5454 res
1799 5398 1934 5454 alias

348 5506 564 5552 creatas
599 5512 726 5553 cum
763 5496 875 5552 Deo
905 5493 1086 5565 potest
1111 5495 1465 5564 conjungere,
1509 5507 1635 5546 cum
1661 5491 1778 5562 ipsa
1803 5507 1934 5546 con-

345 5589 660 5662 jungentem
723 5590 962 5660 aliquem
1028 5597 1257 5658 quaerat.
1320 5584 1509 5657 Neque
1565 5599 1694 5655 pars
1752 5584 1934 5654 aliqua

351 5692 545 5738 creata:
573 5691 784 5737 natura:
809 5681 1039 5738 salutem
1068 5681 1144 5736 illi
1176 5691 1362 5751 posset
1393 5678 1588 5735 afferre
1628 5716 1643 5743 ,
1809 5692 1935 5734 cum

450 5847 463 5875 ¹
493 5847 652 5904 Joan.
687 5861 840 5908 xvm.
877 5848 928 5902 5.
1002 5847 1020 5879 ²
1057 5845 1243 5902 Matth.
1274 5861 1363 5908 xx.
1390 5845 1479 5902 28.

2030 4564 2109 4625 εἰς
2133 4562 2359 4634 ἄπειρον
2393 4562 2602 4637 ἐγίνετο
2635 4564 2667 4634 ἡ
2705 4564 2862 4635 χρεία
2883 4603 2896 4627 ,
2931 4565 3022 4618 xui
3053 4565 3214 4620 οὐδὲν
3249 4559 3413 4637 ἦττον
3456 4565 3501 4616 oi
3530 4561 3610 4615 άν·

2037 4649 2244 4720 θρωποι
2274 4649 2463 4720 ἔμενον
2493 4649 2784 4703 υπεύθυνοι
2810 4691 2824 4712 ,
2860 4649 3210 4712 δουλεύοντες
3239 4655 3307 4721 τῇ
3355 4650 3608 4720 ἁμαρτίᾳ·

2037 4741 2124 4794 ἀεὶ
2155 4741 2212 4794 δὲ
2241 4742 2642 4814 ἁμαρτάνοντες
2663 4781 2676 4805 ,
2720 4743 2805 4795 ἀεὶ
2831 4741 3040 4794 ἐδέοντο
3065 4742 3166 4795 τοῦ
3198 4740 3613 4812 συγχωροῦντος,

2039 4835 2133 4890 xui
2158 4833 2413 4888 οὐδέποτε
2447 4834 2864 4906 ἠλευθεροῦντο.
3076 4837 3292 4907 σάρκες
3328 4836 3476 4898 ὅντες
3509 4833 3612 4886 καθ’

2040 4926 2265 4988 ἑαυτοὺς
2285 4966 2299 4990 ,
2347 4926 2440 4979 xui
2473 4926 2560 4980 ἀεὶ
2589 4925 2888 4997 ἡττώμενοι
2933 4925 3013 4997 τῷ
3045 4927 3204 4998 νόμῳ
3233 4926 3327 4980 διὰ
3351 4926 3450 4996 τὴν
3477 4923 3615 4980 ἀσθέ-

2037 5033 2184 5070 νειαν
2217 5017 2316 5087 τῆς
2343 5017 2567 5088 σαρκός.

2216 5217 2384 5272 Πάλιν
2413 5235 2470 5270 τε
2500 5221 2548 5270 εί
2577 5219 2783 5289 κτίσμα
2822 5215 2889 5290 ἦν
2925 5223 2953 5274 6
2995 5221 3161 5286 Υἱὸς,
3225 5221 3421 5292 ἔμενεν
3463 5221 3490 5272 6
3535 5216 3616 5270 άν-

2031 5311 2244 5382 θρωπος
2300 5310 2452 5364 οὐδὲν
2493 5307 2656 5382 ἦττον
2697 5311 2910 5382 θνητὸς,
2959 5313 3033 5384 μὴ
3084 5313 3505 5385 συναπτόμενος
3547 5307 3615 5379 τῷ

2028 5401 2147 5473 Θεῷ
2187 5416 2202 5432 ⁶
2356 5405 2416 5456 οὐ
2463 5403 2572 5474 γάρ
2597 5403 2804 5475 κτίσμα
2846 5405 3084 5476 συνῆπτε
3137 5408 3210 5461 τὰ
3246 5407 3522 5477 κτίσματα
3547 5401 3613 5470 τῷ

2026 5492 2146 5564 Θεῷ
2163 5535 2177 5560 ,
2204 5492 2399 5563 ζητοῦν
2426 5494 2519 5547 xui
2546 5494 2677 5548 αὐτὸ
2697 5495 2789 5548 τὸν
2817 5495 3163 5550 συνάπτοντα
3187 5515 3200 5527 ·
3225 5498 3353 5552 οὐδὲ
3381 5498 3444 5550 τὸ
3469 5495 3616 5568 μέρος

2027 5585 2124 5656 τῆς
2169 5586 2400 5650 κτίσεως
2433 5586 2677 5658 σωτηρία
2707 5587 2806 5658 τῆς
2837 5587 3069 5652 κτίσεως
3111 5589 3184 5642 ἂν
3215 5591 3308 5661 εἴη
3330 5631 3344 5654 ,
3381 5589 3614 5658 δεόμενον

2028 5677 2118 5732 xui
2144 5679 2274 5732 αὐτὸ
2299 5679 2590 5750 σωτηρίας.
2619 5681 2737 5735 Ἵνα
2767 5675 2858 5735 οὖν
2892 5680 3027 5752 μηδὲ
3060 5679 3234 5735 τοῦτο
3368 5680 3578 5748 γένηται
3599 5713 3614 5740 ,
