3860 6562
1311 350 1347 367 ,ν

184 503 270 574 ιω
569 465 572 468 ’
1132 495 1513 558 PANOPLIA
1571 495 2031 559 DOGMATICA.
2067 519 2130 532 --
2166 497 2321 560 TlT.
2340 499 2441 560 x1.

3301 495 3412 562 402

174 617 356 686 πέμπει
386 609 475 664 τὸν
517 608 706 663 ἑαυτοῦ
758 607 918 673 Υίδν,
975 609 1069 661 καὶ
1117 609 1324 677 γίνεται
1359 608 1474 671 υίὸς
1509 607 1721 679 ἀνθρώ-

1838 602 1946 672 ipsa
1983 601 2158 658 salute
2186 605 2408 675 quoque
2451 603 2710 678 indigeat.
2755 604 2911 672 Quod
2960 619 3026 660 ne
3064 605 3233 670 fieret,
3273 603 3413 658 Deus

173 724 291 768 που,
322 703 415 774 τὴν
463 701 679 772 κτιστὴν
734 698 913 771 σάρκα
963 697 1176 754 λαϐών⁴
1237 700 1336 762 ἵν’,
1371 698 1560 770 ἐπειδὴ
1589 700 1724 754 πάν-

175 815 245 860 τες
274 797 400 849 εἰσὶν
432 793 718 847 ὑπεύθυνοι
754 792 831 863 τῷ
866 791 1081 864 θανάτῳ
1100 833 1115 859 ,
1151 791 1310 856 ἄλλος
1342 791 1420 845 ὣν
1449 792 1558 844 τῶν
1593 792 1724 845 πάν-

169 908 290 950 των,
321 888 474 950 αὐτὸς
503 887 642 957 ὑπὲρ
673 886 888 939 πάντων
925 885 986 939 τὸ
1029 885 1158 939 ῐδιον
1191 885 1352 956 σῶμα
1387 884 1464 955 τῷ
1505 883 1721 953 θανάτῳ

168 980 482 1053 προσενέγκῃ
502 1019 516 1042 ,
561 978 655 1031 καὶ
683 976 867 1031 λοιπὸν
887 1017 902 1042 ,
931 978 1008 1042 ὡς
1038 978 1254 1032 πάντων
1289 977 1355 1031 δι’
1387 976 1552 1030 αὑτοῦ
1588 977 1724 1031 ἀπο-

166 1073 428 1134 θανόντων,
446 1073 475 1124 ό
501 1070 596 1141 μὲν
615 1068 772 1138 λόγος
791 1070 890 1141 τῆς
912 1069 1239 1139 ἀποφάσεως
1267 1068 1529 1141 πληρωθῇ
1570 1068 1729 1139 (πάν-

162 1181 241 1228 τες
266 1164 366 1235 γὰρ
395 1162 663 1216 ἀπέθανον
696 1163 754 1214 ὲν
787 1161 1030 1234 Χριστῷ)
1050 1181 1066 1196 ο
1216 1161 1417 1225 πάντες
1440 1161 1496 1214 δὲ
1525 1161 1594 1214 δι’
1625 1161 1726 1214 αύ-

160 1256 242 1312 τοῦ
265 1254 517 1324 γένωνται
546 1253 731 1306 λοιπὸν
759 1253 1034 1325 ἐλεύθεροι
1063 1253 1162 1324 μὲν
1188 1253 1294 1308 ἀπὸ
1320 1253 1419 1324 τῆς
1453 1253 1726 1324 ἁμαρτίας

162 1346 355 1415 καὶτῆς
374 1345 441 1398 δι’
470 1344 640 1416 αὐτὴν
663 1344 932 1416 κατάρας,
955 1344 1171 1416 άληθῶς
1189 1345 1247 1398 δὲ
1387 1345 1726 1416 διαμείνωσιν

161 1439 314 1493 εἰσαεὶ
366 1438 698 1501 ἀναστάντες
751 1439 815 1490 ὲκ
871 1436 1114 1510 νεκρῶν,
1145 1437 1240 1489 καὶ
1292 1436 1591 1492 ἀθανασίαν
1631 1437 1726 1489 καὶ

162 1529 446 1601 ἀφθαρσίαν
475 1529 851 1599 ἐνδυσάμενοι.
881 1529 988 1582 Τοῦ
1023 1527 1134 1599 γὰρ
1153 1528 1327 1596 Λόγου
1360 1527 1726 1598 ὲνδυσαμένου

159 1623 245 1692 τὴν
268 1623 459 1694 σάρκα,
477 1613 665 1686 καθὼς
685 1620 944 1684 πολλάκις
968 1620 1259 1684 δέδεικται,
1287 1621 1395 1672 πᾶν
1420 1619 1519 1690 μὲν
1540 1619 1724 1691 δῆγμα

157 1713 239 1769 τοῦ
265 1715 430 1784 δφεως
455 1713 524 1767 δι’
559 1712 684 1767 ὅλου
716 1711 1114 1765 κατεσϐέννυτο
1147 1711 1242 1764 ἀπ’
1269 1710 1465 1783 αὐτῆς·
1501 1710 1630 1764 εἴτι
1661 1711 1726 1764 ὲκ

157 1811 251 1863 τῶν
282 1807 555 1881 σαρκικῶν
584 1806 900 1876 κινημάτων
928 1803 1192 1873 ἀνεφύετο
1217 1804 1407 1868 κακὸν,
1438 1801 1726 1867 ὲξεκόπτε-

157 1917 238 1966 το,
262 1901 349 1954 καὶ
376 1900 732 1971 συνανῃρεῖτο
855 1895 1067 1960 τούτοις
1099 1897 1127 1948 6
1153 1895 1257 1966 τῆς
1293 1894 1571 1966 ἁμαρτίας
1597 1894 1728 1948 ἀκό-

1829 695 1915 750 sui
1949 695 2122 765 ipsius
2151 694 2352 751 Filium
2377 697 2549 765 misit,
2584 698 2679 769 qui
2721 707 2905 754 creata
2933 713 3098 753 carne
3131 706 3414 766 assumpta

1829 785 2009 842 factus
2056 797 2140 844 est
2194 788 2340 845 ﬁlius
2375 789 2636 857 hominis,
2677 799 2738 846 ut
2787 791 3049 862 quoniam
3098 805 3294 845 omnes
3339 791 3416 845 rei

1824 885 2018 932 essent
2047 878 2264 948 mortis,
2297 879 2390 935 ille
2418 880 2510 950 qui
2544 879 2688 936 alius
2713 889 2801 936 est
2847 881 2918 936 ab
2959 881 3240 947 omnibus,
3289 895 3416 950 pro-

1826 971 2004 1039 prium
2037 985 2239 1042 corpus
2269 987 2368 1043 pro
2393 974 2650 1028 omnibus
2686 974 2845 1028 morti
2877 974 3117 1040 oﬂerret,
3149 984 3313 1045 atque
3342 974 3415 1027 ita

1827 1063 2088 1120 omnibus
2122 1066 2290 1121 veluti
2318 1081 2412 1136 per
2444 1067 2623 1137 ipsum
2658 1068 2914 1134 mortuis,
2949 1077 3002 1122 ct
3031 1068 3299 1124 sententia
3321 1069 3416 1123 ad.

1828 1174 2046 1212 versum
2116 1175 2218 1215 nos
2266 1161 2373 1216 lata
2423 1162 2793 1231 compleretur
2855 1163 3085 1232 (omnes
3146 1162 3288 1217 cnim
3361 1162 3414 1216 in

1827 1250 2047 1306 Christo
2078 1253 2281 1308 mortui
2312 1256 2491 1323 sunt),
2533 1264 2586 1309 et
2615 1269 2807 1309 oumcs
2843 1254 3100 1324 deinceps
3135 1269 3164 1308 a
3193 1263 3418 1324 peccato

1828 1349 1880 1392 et
1918 1341 2322 1408 maledictione,
2358 1359 2481 1412 qua:
2509 1361 2572 1398 ex
2611 1359 2679 1398 eo
2710 1353 2895 1400 secuta
2941 1353 3045 1410 est,
3090 1360 3186 1415 per
3237 1345 3417 1416 ipsum

1827 1432 2023 1486 tierent
2058 1433 2236 1498 liberi,
2275 1451 2510 1505 vereque
2541 1437 2594 1489 in
2636 1445 2959 1505 perpetuum
3009 1449 3416 1506 permanerent,

1829 1523 2246 1580 immortalitate
2294 1536 2348 1582 et
2375 1528 2806 1598 incorruptione,
2846 1539 3136 1599 postquam
3173 1545 3422 1586 resurre-

1828 1616 2060 1682 xissent,
2089 1618 2286 1674 induti.
2321 1618 2569 1690 Namque
2600 1630 2889 1692 postquam
2929 1623 3163 1679 Verbum
3195 1638 3420 1680 carnem

1829 1709 2028 1777 induit,
2059 1718 2118 1766 ut
2141 1727 2284 1783 saepe
2313 1711 2522 1769 dictum
2549 1722 2654 1780 est,
2686 1714 2756 1769 ab
2775 1730 2837 1769 ea
2869 1715 3175 1771 exstinctus
3205 1716 3422 1786 penitus

1829 1813 1912 1858 est
1936 1805 2208 1873 serpentis
2243 1819 2484 1870 morsus,
2519 1816 2574 1860 et
2605 1805 2874 1876 quidquid
2911 1806 3039 1862 mali
3071 1807 3426 1863 exoriebatur

1827 1911 1891 1951 ex
1927 1896 2114 1952 carnis
2155 1897 2415 1963 motibus,
2454 1899 2746 1968 praecisum
2776 1898 3001 1954 omnino
3036 1909 3139 1965 est,
3169 1915 3237 1956 ac
3266 1901 3424 1956 deni-

158 1992 322 2054 λουθος
345 1990 597 2054 θάνατος,
623 1989 700 2052 ὡς
732 1987 895 2052 αὐτὸς
915 1991 944 2042 6
977 1988 1183 2058 Κύριός
1212 2004 1377 2057 φησιν
1395 2004 1410 2019 ο
1449 1988 1726 2056 Ἔρχεται

1838 2005 1934 2060 que
1961 1989 2078 2060 ipsa
2110 2005 2259 2046 mors
2291 1991 2499 2062 peccati
2529 2006 2716 2050 eomes
2742 1993 2847 2049 fuit
2875 1993 3039 2049 simul
3075 1994 3424 2064 interempta,

160 2088 188 2139 ὁ
232 2083 420 2152 ἄρχων
461 2081 576 2136 τοῦ
613 2081 850 2150 κόσμου
883 2081 1127 2144 τούτου,
1169 2079 1270 2134 καὶ
1321 2077 1502 2135 οὐδὲν
1562 2081 1724 2148 εὑρί-

161 2191 276 2229 σκει
379 2173 450 2227 ἐν
474 2172 631 2242 ἐμοί·
658 2172 773 2237 καὶ,
795 2172 899 2237 Εἰς
926 2169 1102 2224 τοῦτο
1127 2169 1241 2240 γὰρ
1265 2170 1627 2240 ἐφανερώθη,
1649 2168 1726 2233 ὡς

161 2264 371 2335 ἔγραψεν
400 2265 428 2317 6
470 2263 730 2333 Ἰωάννης
752 2305 768 2329 ,
809 2261 912 2317 ἵνα
935 2262 1102 2330 λύσῃ
1131 2262 1203 2316 τὰ
1224 2260 1369 2333 ἔργα
1401 2262 1507 2317 τοῦ
1537 2262 1728 2317 διαϐό-

162 2361 274 2414 λου.
294 2357 501 2411 Τούτων
535 2357 596 2411 δὲ
726 2355 996 2410 λυθέντων
1017 2356 1126 2409 ἀπὸ
1149 2357 1248 2426 τῆς
1274 2356 1499 2429 σαρκὸς,
1525 2357 1727 2421 πάντες

162 2451 282 2505 οὓτω
331 2450 468 2505 κατὰ
501 2449 606 2522 τὴν
633 2447 950 2518 συγγένειαν
983 2448 1084 2518 τῆς
1117 2448 1322 2520 σαρκὸς
1349 2448 1729 2520 ἠλευθερώθη-

165 2563 267 2616 μεν,
291 2545 378 2600 καὶ
394 2545 587 2598 λοιπὸν
616 2543 970 2616 συνήφθημεν
991 2544 1086 2598 καὶ
1113 2546 1277 2615 ἡμεῖς
1303 2545 1382 2616 τῷ
1397 2546 1574 2616 Λόγῳ.
1595 2546 1730 2600 Συν-

163 2637 397 2707 αφθέντες
427 2639 483 2692 δὲ
514 2637 603 2708 τῷ
656 2636 774 2707 Θεῷ
795 2679 810 2704 ,
845 2636 1028 2689 ούκέτι
1064 2638 1162 2708 μὲν
1194 2637 1288 2690 ἐπὶ
1321 2637 1426 2708 γῆς
1458 2637 1730 2708 ἀπομένο-

167 2747 250 2800 μεν
273 2769 289 2795 ,
404 2731 519 2786 ἀλλ’
552 2731 631 2794 ὡς
661 2729 822 2794 αὐτὸς
847 2723 1025 2796 εἶπεν,
1051 2730 1188 2783 ὅπου
1224 2729 1386 2793 αὐτὸς
1407 2769 1422 2795 ,
1455 2729 1549 2783 καὶ
1568 2732 1730 2802 ἡμεῖς

168 2821 388 2894 ἐσόμεθα.

686 2919 808 2972 Ἔτι
839 2921 927 2985 εἰς
947 2921 1012 2973 τὸ
1051 2921 1219 2975 αὑτό.

247 3004 302 3058 Εἰ
323 3006 496 3061 τοίνυν
518 3011 590 3080 τῇ
621 3010 780 3082 σοφίᾳ
821 3013 853 3080 ἡ
883 3013 954 3081 γῆ
1003 3013 1418 3081 τεθεμελίωται,
1453 3015 1568 3080 πῶς
1591 3016 1620 3067 6
1648 3015 1737 3070 θε-

191 3094 366 3162 μελιῶν
388 3097 775 3166 θεμελιοῦται;
817 3101 976 3155 Ἀλλά
1005 3105 1388 3174 παροιμιωδῶς
1413 3108 1562 3159 ἐστιν
1590 3108 1740 3177 εἰρη-

188 3183 321 3247 μένον
337 3185 423 3237 καί
441 3183 620 3240 τοῦτο·
643 3189 736 3240 καὶ
749 3187 829 3240 δεῖ
848 3189 940 3243 καὶ
955 3190 1143 3242 τούτου
1156 3191 1246 3244 τὸν
1263 3191 1386 3244 νοῦν
1538 3193 1740 3263 ζητεῖν,

1827 2088 1887 2134 ut
1913 2080 2027 2149 ipse
2064 2079 2328 2137 Dominus
2369 2083 2682 2153 huiusmodi
2726 2085 2909 2141 verbis
2947 2085 3224 2142 declarat:
3270 2083 3424 2139 Venit

1827 2174 2066 2242 princeps
2086 2174 2243 2244 hujus
2279 2177 2484 2242 mundi,
2507 2187 2556 2231 et
2577 2178 2710 2232 nihil
2738 2179 2790 2232 in
2822 2195 2902 2234 me
2928 2179 3124 2234 invenit
3179 2183 3217 2234 ¹.
3241 2178 3424 2235 ΕιτΙιι

1829 2266 1925 2320 hoc
1959 2268 2099 2322 enim
2131 2271 2403 2338 apparuit,
2436 2271 2515 2326 uti
2537 2269 3042 2342 scripsitJoannes,
3083 2283 3136 2327 ut
3167 2273 3427 2329 dissolvat

1831 2376 1986 2428 opera
2016 2360 2220 2416 diaboli
2265 2368 2307 2417 ε.
2339 2361 2435 2419 His
2470 2375 2656 2419 autem
2688 2380 2854 2421 carne
2895 2365 3198 2434 dissolutis,
3232 2381 3425 2422 omnes

1829 2463 2050 2522 propter
2077 2455 2261 2510 carnis
2281 2458 2666 2525 cognationem
2697 2457 2915 2514 liberati
2943 2475 3160 2526 sumus,
3190 2459 3421 2530 jamque

1831 2559 1934 2600 nos
1961 2545 2124 2600 etiam
2151 2560 2275 2602 cum
2316 2545 2498 2603 Verbo
2538 2549 2778 2619 copulati
2813 2548 3042 2608 fuimus.
3094 2549 3266 2606 Porro
3301 2568 3427 2607 eum

1831 2636 1944 2693 Deo
1972 2638 2272 2707 conjuncti,
2307 2656 2415 2696 non
2451 2642 2688 2712 amplius
2720 2643 2772 2696 in
2813 2652 2955 2698 terra
2987 2645 3422 2722 re‘nianebimus,

1832 2731 1951 2797 sed,
1988 2739 2047 2786 ut
2085 2731 2202 2802 ipse
2235 2732 2375 2788 dixit
2417 2732 2462 2799 ³,
2502 2733 2593 2790 ubi
2623 2734 2713 2790 ille
2761 2734 2884 2801 erit,
2919 2752 3019 2791 nos
3047 2751 3266 2807 quoque
3316 2737 3427 2790 cri-

1831 2837 1978 2880 mus.
2135 2825 2140 2830 '

2354 2922 2420 2974 In
2457 2919 2695 2975 eumdem
2731 2923 2924 2975 locum.

1918 3015 1972 3072 Si
2039 3015 2200 3086 igitur
2261 3011 2526 3082 sapientia
2591 3020 2789 3064 terram
2843 3007 3107 3069 fundavit,
3154 3007 3245 3076 qui
3305 3001 3420 3058 lieti

1847 3115 2020 3177 potest
2075 3116 2131 3160 ut
2195 3104 2241 3160 is
2298 3101 2391 3173 qui
2451 3101 2673 3162 fundat,
2737 3099 3040 3153 fundetur?
3096 3097 3295 3151 Verum
3367 3096 3420 3150 id

1845 3188 2006 3242 etiam
2036 3189 2310 3258 proverbii
2361 3188 2534 3243 instar
2576 3189 2781 3244 dictum
2836 3197 2953 3255 est,
2988 3188 3216 3259 ejusque
3262 3189 3419 3244 nobis

187 3271 258 3324 ἶνα
286 3273 660 3347 γινώσκωμεν,
698 3278 779 3331 ὅτι
806 3282 871 3350 τῇ
902 3281 999 3350 μὲν
1027 3282 1188 3351 σοφίᾳ
1215 3283 1242 3334 6
1272 3282 1461 3355 Πατὴρ
1489 3284 1552 3355 δη
1564 3303 1733 3356 μιουρ-

1846 3281 2136 3351 ίιυαξισοηιιο
2168 3280 2492 3350 significatio
2524 3293 2609 3338 est
2634 3321 2649 3347 ,
2687 3289 2746 3337 ut
2776 3298 3175 3353 cognoscamus
3203 3281 3417 3337 Patrem

185 3365 271 3427 γεί,
294 3365 378 3417 καὶ
401 3365 646 3436 θεμελιῶ
669 3367 766 3438 τὴν
785 3368 889 3438 γῆν
909 3370 990 3432 εἰς
1014 3370 1076 3422 τὸ
1097 3364 1233 3423 εῖναι
1257 3371 1481 3442 ἑδραίαν
1507 3374 1601 3426 καὶ
1625 3373 1742 3427 δια-

187 3455 344 3521 μένειν
372 3457 544 3530 αὑτήν
568 3474 583 3488 ·
614 3459 752 3530 αὑτὴ
779 3459 836 3512 δὲ
877 3462 909 3531 ή
956 3462 1115 3530 σοφία
1143 3463 1486 3533 ὲθεμελιοῦτο
1663 3469 1744 3530 εἰς

185 3547 328 3612 ἡμᾶς,
351 3549 433 3603 ἶνα
453 3551 602 3622 ἀρχὴ
618 3552 710 3604 καὶ
726 3551 972 3622 θεμέλιος
995 3555 1094 3624 τῆς
1117 3555 1310 3626 καινῆς
1330 3559 1362 3627 ἡ
1371 3557 1487 3627 μῶν
1513 3559 1742 3622 κτίσεως

187 3639 266 3690 καὶ
294 3640 679 3705 άνακαινίσεως
714 3642 958 3712 γένηται.
1017 3645 1130 3698 Ούκ
1161 3646 1349 3716 εἴρηκε
1377 3647 1506 3715 γοῦν
1536 3647 1657 3700 οὐδὲ
1686 3650 1743 3702 ἐν

188 3728 368 3794 τούτοις
395 3769 410 3796 ,
474 3783 484 3791 ,
551 3732 669 3804 Πρὸ
696 3732 790 3786 τοῦ
809 3732 1003 3797 αἰῶνος
1025 3735 1246 3807 Λόγονῆ
1269 3737 1396 3790 Υίόν
1428 3755 1495 3808 με
1513 3737 1745 3811 πεποίη-

191 3836 268 3872 κεν
286 3860 300 3884 ,
329 3823 408 3876 ἵνα
443 3823 516 3895 μὴ
544 3823 624 3887 ὡς
657 3825 828 3896 ἀρχὴν
854 3826 949 3898 ἔχῃ
977 3827 1072 3880 τοῦ
1105 3829 1404 3882 ποιεῖσθαι·
1451 3829 1610 3883 τοῦτο
1635 3829 1743 3903 γὰρ

191 3914 279 3983 πρὸ
303 3916 508 3971 πάντων
530 3918 617 3972 δεῖ
644 3919 844 3990 ζητεῖν,
877 3923 925 3973 εί
957 3921 1084 3985 Υἱός
1109 3922 1244 3984 ὲστι,
1276 3922 1371 3975 καὶ
1399 3923 1527 3994 περὶ
1548 3921 1741 3976 τούτου

187 4001 269 4064 τὰς
298 4003 508 4075 Γραφὰς
543 4009 972 4078 προηγουμένως
1003 4012 1246 4083 ἐρευνᾷν.
1293 4011 1464 4066 Τοῦτο
1633 4012 1740 4086 γὰρ

185 4096 375 4152 καὶτῶν
389 4099 704 4155 ἀποστόλων
731 4102 1110 4172 ἐρωτηθέντων
1129 4105 1157 4156 6
1179 4104 1383 4177 Πέτρος
1414 4105 1745 4178 ἀπεκρίνατο

186 4185 332 4254 λέγων
347 4207 363 4223 ο
383 4190 467 4246 Σὺ
494 4188 554 4246 εἷ
579 4195 613 4246 ό
644 4192 917 4262 Χριστὸς,
951 4197 983 4248 ὀ
1016 4194 1147 4262 Υἱὸς
1171 4196 1276 4251 τοῦ
1299 4197 1447 4252 Θεοῦ
1476 4198 1583 4252 τοῦ
1604 4197 1741 4259 ζῶν-

185 4293 268 4342 τος
296 4295 313 4312 ’
472 4285 636 4338 τοῦτο
670 4285 778 4356 γάρ
811 4287 905 4340 καὶ
932 4289 960 4340 6
992 4289 1175 4361 πατὴρ
1199 4289 1301 4359 τῆς
1344 4289 1630 4362 Ἀρειανῆς
1661 4291 1739 4345 ai-

189 4368 364 4435 ρέσεως
387 4373 443 4427 ὲν
471 4374 715 4447 πρώτοις
736 4375 1038 4448 ἠρώτησεν,
1085 4381 1153 4433 El
1188 4380 1320 4446 Υἱὸς
1345 4376 1401 4434 εἴ
1420 4380 1526 4436 τοῦ
1567 4381 1736 4435 Θεοῦ.

1845 3373 2112 3442 sapientia
2145 3386 2334 3427 creare
2365 3381 2420 3428 et
2449 3371 2679 3429 fundare
2707 3381 2935 3438 terram,
2973 3381 3032 3427 ut
3057 3372 3210 3427 firma
3233 3383 3286 3428 et
3309 3382 3420 3428 sta—

1846 3465 1971 3521 bilis
2028 3474 2344 3536 permaneat
2402 3484 2415 3520 :
2481 3465 2653 3535 ipsam
2706 3480 2834 3520 vero
2883 3465 3200 3534 sapientiam
3247 3467 3418 3520 nostri

1845 3572 2012 3613 causa
2033 3571 2156 3613 esse
2179 3556 2482 3624 fundatam,
2507 3566 2566 3611 ut
2590 3556 2838 3611 videlicet
2864 3566 3064 3611 nostra:
3087 3572 3239 3610 novae
3264 3573 3421 3611 crea-

1845 3643 2010 3701 tionis
2061 3653 2115 3700 et
2159 3646 2532 3701 renovationis
2579 3645 2903 3714 principium
2940 3644 3091 3699 fleret
3122 3655 3176 3700 et
3228 3645 3422 3700 funda-

1846 3743 2108 3790 mentum.
2140 3733 2278 3790 Hinc
2301 3751 2402 3791 nec
2435 3751 2500 3791 eo
2531 3737 2584 3790 in
2617 3737 2736 3791 loco
2770 3737 2880 3790 ait:
2917 3736 3054 3790 Ante
3089 3751 3262 3791 avum
3295 3736 3421 3790 Ver-

1845 3827 1974 3882 bum
2003 3827 2089 3882 vel
2126 3826 2326 3882 Filium
2375 3843 2461 3882 me
2507 3827 2669 3891 fecit,
2705 3843 2773 3882 ne
2810 3827 2968 3897 quasi
3024 3826 3270 3895 initium,
3311 3845 3422 3898 quo

1844 3917 1961 3973 ﬁeri
1989 3919 2270 3989 crepisset,
2310 3919 2512 3975 habere
2537 3920 2868 3975 crederetur.
2911 3919 3154 3991 Namque
3200 3922 3252 3975 id
3295 3931 3426 3976 ante

1845 4009 2028 4065 omnia
2059 4010 2415 4082 quaerendum
2447 4019 2564 4078 est,
2594 4011 2641 4067 si
2692 4026 2886 4082 nempe
2933 4009 3100 4068 Filius
3151 4012 3265 4082 ipse
3300 4025 3415 4073 est,

1843 4115 2017 4171 eaque
2049 4101 2116 4157 de
2139 4118 2198 4156 re
2229 4100 2524 4172 Scriptura:
2555 4111 2683 4158 sunt
2704 4103 2974 4173 praecipue
3005 4105 3330 4158 scrutandae.
3364 4104 3418 4157 ld

1845 4191 1989 4244 enim
2020 4207 2143 4246 eum
2187 4191 2657 4261 interrogarentur
2688 4201 2742 4247 et
2789 4191 2890 4262 ipsi
2923 4193 3188 4262 apostoli,
3222 4192 3419 4248 Petrus

1843 4284 1914 4336 ita
1939 4283 2247 4353 respondit:
2280 4281 2356 4337 Tu
2387 4301 2440 4338 es
2472 4283 2736 4351 Christus,
2766 4283 2950 4343 Filius,
2977 4284 3076 4338 Dei
3111 4285 3323 4339 viventis
3370 4289 3410 4334 ⁸,

1842 4370 1988 4427 Idem
2045 4389 2174 4428 vero
2230 4382 2283 4428 et
2335 4373 2452 4443 ipse
2480 4381 2634 4444 pater
2681 4373 2898 4429 Arianae
2936 4375 3159 4430 lmresis
3209 4375 3262 4428 in
3309 4376 3420 4444 pri-

188 4462 321 4534 ᾜδει
347 4466 452 4540 γὰρ
470 4508 485 4533 ,
516 4470 601 4522 ὅτι
625 4470 782 4524 τοῦτό
809 4472 956 4526 ἐστιν
983 4475 1016 4544 ή
1042 4473 1264 4545 ἀλήθεια
1292 4512 1306 4535 ,
1353 4472 1447 4527 καὶ
1467 4473 1528 4527 τὸ
1554 4473 1733 4545 κύριον

1843 4467 1946 4520 mis
1975 4475 2365 4535 percunctatus
2393 4476 2508 4533 est,
2533 4467 2594 4523 Si
2621 4467 2800 4522 Filius
2828 4468 2941 4522 Dei
2958 4485 3010 4522 es
3069 4469 3109 4522 ⁸.
3136 4466 3249 4522 Ηοε
3273 4469 3415 4522 ειιὶιιι

185 4552 269 4624 τῆς
287 4557 512 4624 πίστεως
529 4560 690 4632 ἡμῶν
706 4578 719 4591 ’
740 4563 833 4616 καὶ
848 4564 949 4629 ὅτι,
968 4563 1062 4617 ὲάν
1083 4564 1181 4635 μὲν
1201 4564 1360 4630 αύτδς
1378 4561 1452 4639 ᾖό
1569 4561 1695 4627 Υἱὸς
1722 4606 1734 4628 ν

186 4643 316 4711 τέλος
339 4649 444 4715 ἔξει
469 4653 503 4723 ἡ
528 4652 810 4725 διαϐολικὴ
837 4657 1090 4727 τυραννίς
1107 4675 1118 4686 ·
1146 4656 1239 4710 ἐὰν
1267 4657 1320 4711 δὲ
1345 4657 1548 4729 κτίσμα
1572 4653 1629 4731 ᾗ,
1660 4653 1741 4722 εἷς

188 4731 286 4788 ἔστι
311 4741 399 4793 καὶ
435 4743 602 4807 αὐτὸς
644 4743 752 4796 τῶν
782 4745 846 4797 ὲκ
890 4745 982 4798 τοῦ
1037 4746 1207 4818 Ἀδὰμ
1231 4747 1324 4801 τοῦ
1370 4748 1740 4819 ἀπατηθέντος

189 4830 303 4896 παρ’
330 4831 490 4886 αὐτοῦ
519 4872 535 4900 ,
718 4837 812 4889 καὶ
840 4837 1061 4908 οὐδεμία
1095 4841 1312 4911 φροντὶς
1351 4835 1417 4911 ἦν
1447 4839 1613 4911 αὐτῷ.
1644 4842 1739 4893 Διὰ

189 4917 322 5007 τοῦτο
346 4923 436 4976 καὶ
462 4925 512 4977 οἱ
541 4923 664 4978 τότε
694 4926 933 4982 Ἰουδαῖοι
961 4931 1324 4999 ἠγανάκτουν,
1352 4934 1432 4986 ὅτι
1478 4933 1506 4985 6
1534 4935 1738 5007 Κύριος

189 5002 298 5059 Υίὸν
315 5009 440 5065 Θεοῦ
467 5015 660 5068 ἑαυτὸν
682 5017 777 5071 καὶ
805 5019 1025 5090 Πατέρα
1048 5020 1177 5075 ἴδιον
1201 5021 1386 5090 ἔλεγεν
1549 5002 1740 5078 ἑαυτοῦ

190 5090 310 5152 εἶναι
334 5103 421 5156 τὸν
449 5104 603 5164 Θεόν.
636 5108 698 5161 Εἰ
726 5110 833 5181 γὰρ
867 5106 935 5184 ἦν
956 5112 1144 5165 ἑαυτὸν
1177 5113 1273 5165 ἕνα
1293 5112 1399 5166 τῶν
1425 5112 1739 5183 κτισμάτων

190 5187 400 5261 εἰρηκὼς
419 5235 433 5260 ,
471 5196 505 5269 ἢ
531 5198 612 5252 ὅτι
636 5201 857 5273 Ποίημά
885 5204 1000 5272 είμι
1022 5243 1036 5266 ,
1068 5205 1168 5258 ούκ
1195 5203 1742 5274 ἐξενίζοντσάκούον-

191 5296 296 5347 τες,
327 5287 442 5342 οὐδὲ
477 5290 826 5364 βλασφημίαν
855 5295 1101 5366 ἐνόμιζον
1135 5295 1203 5349 τὰ
1233 5295 1457 5350 τοιαῦτα
1495 5297 1736 5368 ῥήματα,

191 5372 365 5441 είδότες
399 5382 492 5436 καὶ
523 5384 768 5453 ἀγγέλων
797 5387 1093 5459 ἐπιδημίαν
1119 5390 1414 5460 γενομένην
1447 5389 1582 5460 πρὸς
1613 5391 1736 5452 τοὺς

193 5466 411 5538 πατέρας
430 5488 442 5501 ·
470 5473 582 5527 ἀλλ’
608 5475 794 5548 ἐπειδὴ
825 5477 951 5532 Υίδν
976 5479 1168 5532 ἑαυτὸν
1202 5479 1384 5548 ἔλεγεν
1409 5521 1425 5549 ,
1579 5478 1739 5532 ἐθεώ-

197 5567 308 5622 ρουν
337 5557 409 5631 μὴ
430 5560 723 5633 κτίσματος
751 5560 893 5620 εἶναι
920 5577 982 5619 το
1004 5565 1244 5622 τοιοῦτον
1265 5566 1576 5639 γνώρισμα,
1603 5566 1739 5622 ἀλλά

196 5644 424 5722 θεότητος
449 5655 543 5708 καὶ
569 5655 781 5726 φύσεως
811 5660 1108 5731 πατρικῆς.

1842 4557 2129 4612 veritatem
2159 4567 2212 4612 et
2245 4558 2578 4628 praecipuum
2609 4569 2810 4614 nostra:
2839 4558 2964 4614 fidei
3005 4559 3414 4613 fundamentum

1842 4665 1963 4705 esse
1995 4665 2104 4704 non
2139 4650 2424 4720 ignorabat
2447 4691 2462 4716 ,
2497 4660 2583 4716 et,
2621 4651 2668 4706 si
2701 4650 2830 4721 ipse
2849 4661 2994 4705 esset
3025 4649 3219 4716 Filius,
3254 4649 3416 4704 linem

1843 4741 2150 4796 habituram
2183 4756 2308 4797 esse
2338 4741 2663 4797 diabolicam
2699 4742 3040 4815 tyrannidem
3076 4761 3091 4798 :
3119 4745 3203 4798 sin
3236 4752 3417 4796 autem

1843 4844 2060 4889 creatus
2099 4844 2286 4901 esset,
2323 4850 2492 4888 unum
2551 4850 2769 4905 quoque
2824 4850 2948 4889 eum
3003 4851 3125 4892 esse
3166 4851 3231 4890 ex
3290 4837 3418 4890 Athe

1843 4928 2078 4997 posteris
2119 4942 2280 4997 quem
2317 4927 2448 4981 olim
2473 4926 2722 4997 decepit,
2765 4927 3102 4998 proindeque
3141 4928 3273 4982 nihil
3317 4929 3418 4981 hoc

1845 5020 2146 5074 curandum
2170 5034 2312 5074 esse.
2333 5017 2407 5071 Ea
2433 5017 2684 5074 similiter
2708 5019 2775 5073 de
2798 5034 2964 5074 causa
2981 5018 3152 5075 Judaei
3176 5020 3420 5090 indigna-

1843 5111 2042 5165 bantur
2063 5150 2078 5174 ,
2115 5111 2260 5180 quod
2285 5109 2552 5165 Dominus
2583 5125 2643 5166 se
2670 5109 2869 5165 Filium
2897 5109 3026 5179 Dei,
3051 5121 3104 5167 et
3128 5111 3296 5167 Deum
3333 5114 3418 5166 sui

1843 5201 2125 5273 proprium
2158 5200 2373 5258 Patrem
2401 5203 2628 5258 diceret.
2663 5201 2798 5258 Nam
2832 5203 2875 5260 si
2914 5219 2972 5259 se
3007 5220 3170 5258 unam
3205 5221 3235 5258 e
3267 5219 3419 5258 crea-

1845 5295 1912 5347 tis
1937 5293 2099 5348 rebus
2126 5294 2208 5348 vel
2237 5292 2439 5348 factum
2469 5309 2589 5350 esse
2636 5295 2894 5363 dixisset,
2953 5295 3089 5349 nihil
3146 5295 3268 5350 illos
3299 5310 3418 5364 per-

1845 5385 2160 5441 turbassent
2195 5385 2512 5456 huiusmodi
2535 5385 2729 5448 verba,
2763 5401 2861 5440 nec
2914 5386 3082 5456 impia
3114 5401 3232 5440 esse
3279 5385 3419 5454 judi-

1843 5487 2089 5542 cassent,
2126 5485 2316 5546 utpote
2349 5476 2548 5550 quibus
2579 5491 2687 5533 non
2713 5475 2913 5531 latebat
2935 5475 3159 5547 angelos
3194 5474 3322 5528 olim
3347 5475 3416 5527 ad

1841 5583 1975 5626 suos
1999 5576 2180 5638 patres
2211 5566 2530 5622 accessisse.
2561 5565 2760 5620 Verum
2789 5565 2918 5634 quia
2948 5579 3006 5619 se
3038 5563 3237 5618 Filium
3262 5563 3412 5620 diee-

1845 5663 1957 5723 bat,
1999 5661 2048 5714 id
2088 5673 2192 5713 non
2229 5659 2305 5711 rei
2353 5666 2568 5721 creatae,
2603 5656 2698 5711 sed
2730 5655 3032 5712 divinitatis
3086 5672 3148 5712 ac
3179 5665 3419 5728 paternas

1846 5766 2054 5807 natura:
2088 5761 2270 5805 notam
2303 5763 2424 5803 esse
2454 5748 2872 5817 perspiciebant.

264 5914 278 5946 ⁸
308 5914 457 5976 Joan.
489 5938 599 5991 xw,
623 5927 710 5983 50.
790 5929 851 5984 ’l
881 5926 1037 5985 Joan.
1071 5948 1150 5999 ιιι,
1187 5933 1240 5988 8.
1318 5935 1336 5966 ⁸
1368 5933 1524 5990 Joan.
1561 5952 1671 6002 xtv,
1707 5938 1733 5990 5

1838 5939 1856 5970 ι
1894 5936 2082 5990 Matth.
2118 5951 2229 6001 xw,
2275 5936 2356 5990 l6.
2436 5938 2455 5967 '
2490 5937 2679 5992 Matth.
2723 5955 2794 6001 tv,
2827 5937 2880 5995 6.
