3770 6552
459 454 566 520 403
1662 458 2048 521 summu
2111 455 2473 518 ZIGABENI
3284 440 3293 450 ’
3556 473 3632 539 ιιι

650 568 756 623 Par
794 569 983 637 itaque
1004 577 1120 622 eral
1145 566 1380 622 Arianos
1413 567 1603 622 saltem
1629 584 1791 623 suum
1832 569 2035 625 imitari
2066 572 2113 626 Δ

2332 568 2478 621 Ἔδει
2504 568 2681 621 τοίνυν
2712 570 2837 632 τοὺς
2884 571 3216 640 ’Λρειανοὺς,
3258 574 3350 630 κᾶν
3373 578 3454 633 τὸν
3477 590 3638 662 πατέρα

454 672 661 733 patrem
680 660 981 725 diabolum,
998 660 1240 730 quidque
1264 662 1340 715 rei
1357 670 1501 716 esset
1524 660 1819 731 inquirere,
1844 663 1917 739 ita

2149 659 2344 714 ἑαυτῶν
2372 660 2463 713 τὸν
2492 660 2736 713 διάϐολον
2782 662 3147 732 μιμουμένους
3171 705 3185 729 ,
3216 659 3638 739 περιεργάζεσθάι.

453 726 501 809 si
534 754 758 809 dixisset
780 726 1029 823 quidem,
1065 726 1295 808 Verbum
1324 754 1407 809 vel
1437 726 1633 807 Filium
1661 726 1942 807 mefunda‘

2152 752 2231 805 ιαὶ
2260 753 2308 803 εί
2346 752 2444 821 μὲν
2475 752 2663 823 εἴρηκε
2684 791 2699 817 ,
2728 726 2898 820 Λόγον
2920 726 3105 824 ἣΎίόν
3138 726 3200 825 με
3289 726 3300 738 ’
3355 726 3641 835 ἐθὲμὲλιῴξὲ,

453 846 597 899 idem
632 845 897 900 sentirent
931 853 1095 914 atque
1121 860 1267 899 nunc
1284 846 1529 901 sentiunt
1555 864 1567 900 :
1594 856 1648 900 at
1683 846 1728 900 si
1775 862 1884 901 non
1920 847 1942 900 ι]

2149 845 2389 914 ρρονείν,
2442 843 2517 906 ὡς
2550 843 2836 928 φρονοῦσιν
2870 860 2883 874 '
2929 845 2975 897 εί
3021 844 3076 898 δὲ
3125 847 3197 917 μὴ
3249 847 3408 915 οὕτως
3456 855 3638 928 εἴρηκε¹

450 936 571 1007 ejus
604 945 789 991 essent
815 937 981 992 verba
1004 978 1019 1003 ,
1052 953 1117 993 ea
1149 953 1368 1008 quoque
1392 954 1515 1008 qua:
1559 952 1665 991 non
1700 948 1883 993 essent
1922 956 1939 991 r

2151 936 2211 1006 κὴ
2240 936 2470 989 ἐπινοεῖν
2501 937 2709 999 ἑαυτοῖς
2782 924 2791 931 ’
2878 935 2947 989 τὰ
2978 936 3052 1006 μὴ
3085 936 3227 991 ὄντα.
3263 941 3331 991 Οὐ
3360 942 3455 1013 γὰρ
3478 924 3640 1019 signa

450 1027 1019 1083 comminiscereutur.
1073 1030 1187 1084 Nec
1237 1029 1381 1083 enim
1436 1028 1605 1095 dixit,
1660 1028 1799 1084 Ante
1856 1044 1931 1083 an

2152 1028 2247 1101 Ιρδ
2288 1028 2382 1082 τοῦ
2416 1029 2609 1093 αἰῶνος
2648 1028 2820 1097 Λόγον
2852 1029 2884 1099 ἥ
2914 1028 3041 1081 Υἱόν
3074 1046 3139 1097 με
3170 1030 3527 1101 ἐθεμελίωσεν·
3558 1043 3641 1095 ἀλλ’

451 1119 692 1176 Verbum
728 1121 813 1175 vel
852 1120 1050 1175 Filium
1085 1137 1172 1176 me
1194 1120 1478 1186 fundavit,
1514 1120 1606 1176 sed
1644 1129 1877 1185 tantum,
1910 1121 1940 1188 ρ

2153 1120 2353 1186 ιπλῶς,
2399 1120 2756 1186 ἐθεμελίωσέ
2778 1138 2883 1189 με,
2919 1120 3005 1172 ἵνα
3036 1119 3180 1191 δείξῃ
3215 1123 3396 1189 πάλιν,
3442 1128 3642 1204 καθάπερ

449 1216 597 1270 davit
621 1233 731 1281 me,
792 1225 850 1270 ut
892 1215 1152 1269 nimirum
1210 1215 1510 1277 indicaret,
1563 1214 1930 1283 quemadmod

2149 1211 2285 1268 εἶπον
2305 1253 2319 1279 ,
2350 1214 2431 1267 ὅτι
2461 1213 2522 1267 οὐ
2554 1213 2618 1266 δι’
2651 1214 2874 1278 ἑαυτὸν,
2904 1211 2993 1265 διὰ
3020 1211 3077 1264 δὲ
3102 1213 3223 1275 τοὺς
3256 1214 3638 1290 ἐποικοδομουμέ.

447 1307 560 1374 jam
580 1305 899 1367 observavi,
921 1320 1028 1358 non
1060 1315 1277 1373 prepter
1307 1321 1388 1370 sc,
1422 1304 1514 1358 sed
1543 1314 1761 1373 propter
1789 1305 1911 1359 illos

2149 1324 2255 1370 mu;
2463 1308 2549 1359 ἐπ’
2581 1306 2741 1359 αὑτὸν
2785 1303 3170 1376 παροιμιωδῶς
3201 1309 3289 1360 καὶ
3331 1308 3474 1363 τοῦτο
3513 1312 3638 1381 λέγει.

450 1413 615 1467 super
644 1398 822 1467 ipsum
845 1396 1182 1451 aedificantur
1202 1437 1217 1461 ,
1249 1397 1383 1464 haec,
1418 1396 1691 1466 proverbii
1719 1396 1910 1464 instar,

2151 1396 2300 1449 Γοῦτο
2324 1396 2432 1467 γὰρ
2458 1396 2614 1460 εἰδὼς
2652 1397 2747 1449 καὶ
2784 1398 2811 1449 ό
2852 1396 3169 1461 Ἀπόστολος
3192 1398 3381 1469 γράφει
3410 1416 3423 1432 ο
3568 1407 3640 1457 Θε.

448 1500 633 1543 cntum
667 1504 806 1543 esse.
846 1487 900 1541 Id
924 1487 1125 1558 Optime
1173 1488 1505 1557 intelligebat
1561 1488 1853 1558 Apostolus
1903 1503 1931 1542 c

2154 1488 2342 1543 ιέλιον
2361 1487 2469 1559 γὰρ
2497 1488 2691 1543 ἄλλον
2723 1487 2918 1554 οὐδεὶς
2945 1488 3191 1543 δύναται
3216 1490 3389 1544 θεῖναι
3410 1493 3546 1559 παρὰ
3565 1494 3643 1547 τὸν

447 1580 523 1635 ita
550 1580 771 1650 scripsit
812 1598 824 1633 :
874 1577 1299 1633 Fundamentum
1339 1577 1494 1631 aliud
1549 1594 1696 1631 nemo
1735 1587 1901 1647 potest
1934 1634 1936 1647 Α

2152 1582 2426 1651 ιείμενον,
2460 1582 2528 1647 ὅς
2555 1581 2726 1635 ἐστιν
2761 1582 2999 1650 Ἰησοῦς
3028 1584 3295 1651 Χριστός.
3324 1585 3579 1653 Ἕκαστος
3594 1589 3641 1642 δὲ

447 1688 604 1736 nere,
636 1680 828 1741 prater
869 1671 920 1724 id
958 1671 1095 1741 quod
1129 1671 1357 1740 positum
1405 1678 1515 1736 est,
1556 1670 1693 1740 quod
1748 1682 1821 1723 est
1869 1668 1934 1724 le

2151 1673 2424 1739 Βλεπέτω,
2478 1672 2603 1739 πῶς
2654 1673 3050 1743 ἐποικοδομεῖ.
3259 1675 3477 1745 Ἀνάγκη
3504 1676 3550 1730 δὲ
3574 1680 3640 1733 τὸν

445 1762 709 1818 Christus.
762 1760 1126 1831 Unusquisque
1173 1770 1347 1813 autent
1414 1759 1585 1813 videat
1628 1761 1888 1830 quomodo
1929 1798 1934 1811 ς

2152 1767 2375 1838 ιεμέλιον
2411 1766 2649 1820 τοιοῦτον
2681 1762 2841 1830 εἶναι,
2871 1760 2959 1820 οἷα
2993 1766 3090 1820 καὶ
3118 1766 3187 1820 τὰ
3212 1768 3641 1841 ὲποικοδομούμενά

444 1852 763 1925 perwdiﬁcet
816 1856 855 1907 ι.
888 1851 1059 1906 Ροιϊο
1104 1867 1328 1907 necesse
1361 1861 1443 1907 est
1490 1851 1679 1906 uttale
1723 1853 1794 1906 sit
1826 1851 1933 1905 funi

2150 1874 2293 1921 στιν,
2325 1859 2410 1911 ἵνα
2438 1858 2529 1912 καὶ
2558 1858 3081 1929 συναρμολογεῖσθαι
3127 1859 3342 1931 δυνηθῇ.
3392 1862 3538 1931 Λόγος
3569 1865 3639 1933 μὲν

444 1956 688 2000 mentum
712 1945 894 2016 qualia
918 1954 1047 1999 sunt
1082 1959 1204 2014 quae
1233 1960 1400 2015 super
1428 1945 1607 2015 ipsum
1642 1945 1933 2000 aedificanti

2150 1944 2217 2002 ὗν
2244 1948 2320 2003 ὢν
2338 1990 2352 2005 .
2445 1949 2613 2018 Λόγος
2646 1950 2824 2011 ἐστὶν,
2853 1950 2953 2005 οὐκ
2983 1950 3097 2021 ἔχει
3120 1951 3382 2015 τοιούτους
3401 1991 3416 2016 ,
3440 1948 3533 2018 οἷός
3554 1957 3639 2009 ἐστι

442 2050 505 2093 ιιι
532 2039 674 2094 inter
703 2053 761 2094 se
802 2037 1019 2108 possint
1049 2045 1171 2108 apte
1214 2052 1537 2107 congruere.
1574 2037 1736 2107 Atqui
1776 2047 1834 2091 ut
1886 2036 1928 2091 V

2148 2041 2219 2095 :ai.
2246 2040 2405 2104 αὐτὸς
2428 2079 2447 2106 ,
2606 2042 2733 2105 τοὺς
2761 2042 3359 2115 συναρμολογουμένους
3383 2046 3539 2118 αὐτῷ’
3566 2065 3637 2118 μοι

442 2131 613 2197 hum,
643 2129 1015 2200 tales,qualis
1261 2138 1317 2183 et
1360 2129 1474 2199 ipse
1514 2139 1634 2191 est,
1682 2130 1775 2200 qui
1833 2142 1931 2185 sec1

2149 2133 2346 2205 »ογενὴς
2378 2134 2485 2205 γάρ
2512 2134 2660 2188 ἐστιν
2679 2150 2692 2163 ·
2723 2132 3008 2205 ἄνθρωπος
3029 2134 3087 2188 δὲ
3135 2133 3412 2206 γενόμενος
3430 2135 3525 2206 ἔχει
3545 2140 3638 2201 τοὺς

443 2221 773 2278 conveniant
808 2221 1006 2277 habere
1060 2235 1167 2276 non
1209 2230 1428 2291 potest,
1487 2220 1727 2290 quippe,
1777 2236 1901 2276 cum

2146 2225 2373 2296 ιμοίους,
2416 2218 2491 2281 ὧν
2536 2227 2631 2280 καὶ⁸
2670 2226 2769 2297 τὴν
2808 2226 3002 2298 ὁμοίαν
3045 2226 3324 2280 ἐνεδύσατο
3484 2230 3635 2301 σάρκα.

442 2312 775 2385 unigenitus.
810 2313 881 2366 At
910 2310 1087 2366 factus
1118 2312 1281 2366 homo
1309 2311 1516 2366 similes
1557 2312 1754 2376 habet,
1781 2328 1931 2383 quorl

2149 2316 2331 2372 )ὑκοῦν
2349 2318 2489 2372 κατὰ
2508 2318 2568 2372 τὸ
2582 2318 2921 2391 ἀνθρώπινον
2938 2318 3298 2389 θεμελιοῡται,
3321 2320 3402 2373 ἵνα
3418 2320 3499 2373 καὶ
3518 2323 3638 2391 misi;

441 2406 695 2463 videlicet
726 2404 958 2461 similem
993 2418 1214 2459 carnem
1240 2403 1562 2473 assumpsit.
1596 2401 1785 2473 Itaque
1818 2418 1930 2459 SCCI

2146 2411 2215 2473 ιπῖ
2230 2411 2392 2466 αὑτὸν
2419 2412 2495 2475 ὡς
2524 2411 2659 2465 λίθοι
2684 2412 2854 2483 τίμιοι
2876 2410 3342 2482 ὲποικοδομεῖσθαι
3360 2411 3635 2482 δυνηθῶμεν,

441 2502 571 2557 dum
606 2508 858 2555 naturam
899 2497 1195 2552 humanam
1223 2495 1519 2563 fundatur,
1563 2505 1621 2550 ut
1663 2505 1716 2551 et
1748 2511 1849 2552 nos
1894 2509 1930 2551 ιε

2146 2502 2216 2557 ml
2242 2501 2529 2574 γενώμεθα
2560 2503 2686 2567 ναὸς
2711 2503 2804 2557 τοῦ
2835 2504 2892 2557 ὲν
2918 2506 3053 2575 ἡμῖν
3233 2501 3487 2567 οἰκοῦντος
3520 2505 3635 2571 ἁγίου

441 2605 604 2661 quam
631 2590 837 2660 lapides
864 2588 1081 2659 pretiosi
1114 2602 1276 2658 super
1307 2588 1487 2656 ipsum
1537 2587 1795 2643 :editicari
1837 2602 1930 2658 pos

2147 2594 2456 2666 Ινεύματος.
2493 2596 2702 2666 Ὥσπερ
2728 2595 2785 2649 δὲ
2814 2595 3063 2666 θεμέλιος
3090 2596 3269 2659 αὐτὸς,
3301 2596 3447 2665 ἡμεῖς
3469 2594 3517 2647 δὲ
3534 2595 3636 2648 λίθοι

442 2699 567 2737 nius
593 2724 607 2748 ,
632 2690 686 2738 et
716 2680 976 2750 templum
1010 2679 1307 2735 efficiamur
1331 2681 1504 2735 sancti
1544 2680 1784 2751 Spiritus
1826 2681 1881 2735 in
1920 2698 1931 2734 ι

2145 2686 2633 2759 ,ποικοδομούμενοι
2656 2688 2743 2741 ἐπ’
2773 2688 2968 2741 αὐτόν·
3004 2687 3180 2752 οὕτως
3213 2688 3368 2752 αὐτὸς
3395 2688 3533 2740 πάλιν
3557 2687 3634 2755 ἄμ-

440 2775 525 2830 bis
558 2774 872 2829 habitantis.
900 2772 1166 2827 Ceterum
1200 2782 1257 2827 ut
1280 2774 1395 2842 ipse
1440 2772 1854 2828 fundamentum
1895 2788 1929 2828 e

2145 2777 2282 2842 τελός
2305 2780 2471 2842 ἐστιν,
2502 2780 2661 2850 ἡμεῖς
2682 2780 2738 2833 δὲ
2761 2779 2837 2843 ὡς
2865 2779 3124 2851 κλήματα
3274 2781 3571 2849 συνημμένα,
3591 2781 3634 2831 οὺ

440 2883 544 2923 nos
575 2878 756 2923 autem
785 2883 978 2922 sumus
1016 2868 1108 2937 qui
1140 2882 1302 2937 super
1335 2868 1512 2937 ipsum
1535 2866 1874 2921 aaditicamur
1903 2886 1915 2919 :

2146 2870 2263 2924 ιατὰ
2304 2870 2400 2941 τὴν
2442 2869 2628 2924 οὐσίαν
2664 2870 2762 2941 τῆς
2796 2870 3048 2942 θεότητος
3071 2887 3084 2900 '
3123 2871 3374 2925 ἀδύνατον
3397 2870 3490 2941 γὰρ
3520 2864 3635 2921 τοῦτό

440 2961 604 3016 etiam
629 2960 768 3016 idem
797 2958 912 3028 ipse
948 2959 1072 3013 vitis
1107 2967 1217 3022 est,
1263 2970 1363 3013 nos
1395 2967 1577 3012 autem
1622 2958 1789 3013 veluti
1820 2958 1929 3027 pall

2145 2978 2185 3014 ἐ
2200 2979 2213 2992 °
2237 2960 2372 3015 ἀλλὰ
2403 2962 2562 3015 πάλιν
2585 2962 2725 3015 κατὰ
2756 2963 2817 3015 τὸ
2839 2961 3180 3034 ἀνθρώπινον
3203 2980 3215 2994 ν
3238 2962 3391 3032 ὃμοια
3418 2960 3510 3031 γὰρ
3531 2955 3634 3013 είναι

439 3062 523 3108 tes
550 3052 918 3118 cohaerentes,
955 3066 1064 3105 non
1104 3050 1323 3121 quidem
1364 3051 1665 3105 secundum
1718 3051 1928 3105 divinitz

2145 3057 2201 3109 isi
2232 3054 2298 3109 τὰ
2332 3054 2587 3126 κλήματα
2632 3057 2697 3126 τῇ
2744 3018 3001 3125 ἀμπέλιξιο
3051 3054 3172 3108 ἐπεὶ
3206 3018 3297 3108 καλ
3331 3018 3634 3125 ἠμείςῑόμοιοι

439 3151 693 3198 naturam
717 3183 733 3209 ,
768 3157 891 3195 nam
926 3142 1030 3196 hoc
1056 3140 1169 3195 fieri
1195 3141 1382 3211 nequit
1404 3180 1417 3205 ,
1459 3138 1554 3198 sed
1577 3142 1875 3196 secundum
1913 3159 1928 3195 ι

2144 3146 2263 3200 ιατὰ
2308 3148 2406 3218 τὴν
2437 3146 2616 3219 σάρκα
2648 3148 2987 3219 τυγχάνομεν
3019 3146 3171 3211 ὅντες
3202 3144 3381 3201 αὑτοῦ.
3541 3142 3633 3195 ’Άλ-

442 3246 620 3291 turam
651 3234 946 3289 humanam
997 3234 1241 3300 (necesse
1299 3235 1444 3289 enim
1500 3243 1584 3290 est
1634 3234 1762 3290 vitis
1809 3234 1931 3298 simi

2144 3257 2229 3303 ,ως
2241 3257 2296 3292 τε
2316 3237 2630 3311 ἀνθρώπινα
2652 3238 2981 3311 φρονοῦντας
3002 3241 3130 3303 τοὺς
3151 3238 3458 3310 αἱρετικοὺς,
3474 3233 3633 3304 ἀνθρω-

438 3342 561 3382 esse
587 3326 880 3397 palmites),
913 3325 1039 3396 quia
1072 3342 1173 3380 nos
1206 3326 1413 3381 scilicet
1444 3326 1742 3381 secundum
1797 3342 1924 3381 carn

2143 3331 2296 3394 τίνοις
2319 3330 2720 3401 παραδείγμασι
2749 3330 3044 3401 διελέγχειν
3068 3331 3326 3401 προσήκει
3350 3327 3431 3381 διὰ
3451 3325 3539 3378 τῶν
3559 3325 3632 3377 αὑ-

440 3419 649 3475 similes
677 3418 822 3473 illius
848 3434 1059 3474 sumus.
1095 3415 1367 3482 Quoniam
1423 3432 1555 3472 vero
1608 3418 1847 3471 hmrctici
1881 3417 1929 3471 ni

2143 3421 2227 3475 τῶν
2253 3422 2443 3490 λόγων.
2508 3423 2622 3476 Οὐκ
2648 3422 2838 3494 εἴρηκε
2865 3424 3014 3491 γοῦν,
3051 3424 3134 3477 ὃτι
3168 3421 3416 3493 Θεμέλιόν
3585 3435 3632 3486 με

437 3514 545 3568 nisi
580 3513 876 3566 humanum
909 3511 1157 3581 sapiunt,
1192 3512 1333 3563 haud
1364 3510 1461 3564 abs
1491 3526 1547 3563 re
1581 3510 1745 3563 fuerit
1778 3526 1871 3564 eos
1918 3511 1926 3563 Ι

2143 3516 2437 3586 πεποίηκεν,
2469 3516 2554 3569 ἵνα
2586 3516 2695 3587 μὴ,
2722 3515 2796 3579 ὡς
2839 3517 3142 3586 ποιήματος
3169 3516 3261 3568 καὶ
3286 3513 3445 3586 ἀρχὴν
3467 3513 3632 3582 ἔχοντος

438 3605 617 3659 mauis
653 3605 919 3674 exemplis
949 3604 1139 3657 eodem
1167 3618 1230 3656 ex
1287 3603 1406 3657 loco
1434 3602 1770 3671 depromptis
1827 3616 1927 3655 con

2143 3605 2283 3659 ιύτοῦ
2312 3605 2406 3658 τοῦ
2433 3605 2706 3674 γίνεσθαι,
2741 3606 2843 3659 κᾶν
2877 3608 2934 3659 ὲν
2964 3606 3138 3677 τούτῳ
3166 3606 3422 3678 πρόφασιν
3448 3601 3632 3673 εὕρωσιν

436 3707 576 3753 tare.
616 3696 801 3767 Itaque
828 3712 935 3751 nou
972 3696 1130 3759 dixit,
1156 3693 1591 3750 Fundamentum
1625 3708 1713 3749 me
1757 3692 1912 3758 fecit,

2139 3699 2465 3768 ιναίσχυντον
2487 3698 2623 3769 πρὸς
2644 3699 2896 3751 ἀσέϐειαν
2920 3717 2932 3729 ·
2962 3700 3078 3752 ἀλλ’
3096 3702 3177 3753 ὅτι
3202 3692 3548 3766 Ἐθεμελίωσέ
3559 3708 3628 3761 με.

435 3789 563 3844 inde
589 3805 713 3844 cum
745 3804 857 3843 rem
895 3787 1091 3843 factam
1126 3803 1248 3843 esse
1292 3798 1455 3858 atque
1483 3798 1639 3843 ortus
1685 3786 1924 3857 principii

2142 3788 2193 3841 Γὸ
2217 3787 2274 3840 δὲ
2293 3787 2706 3857 θεμελιούμενον
2734 3787 3075 3857 θεμελιοῦται
3108 3789 3204 3859 μὲν
3226 3788 3309 3841 διὰ
3327 3788 3442 3849 τοὺς
3460 3780 3631 3836 ἐπιϐαλσ

435 3883 695 3939 habuisse
745 3883 1005 3952 suspicati
1038 3882 1302 3945 haeretici,
1340 3882 1637 3952 impietatis
1678 3882 1924 3937 stabilien

2139 3879 2375 3949 ,ομένους
2406 3880 2491 3930 ἐπ’
2512 3879 2641 3931 αὐτὸ
2809 3879 2987 3942 λίθους
3010 3896 3022 3908 ·
3053 3880 3257 3947 γίνεται
3277 3880 3331 3932 δὲ
3355 3878 3444 3947 οὐχ
3468 3872 3628 3933 ἁπλῶς,

435 3972 783 4025 occasionem
815 3968 1154 4037 impudenter
1177 3967 1479 4036 arriperent
1499 3967 1637 4033 ;‘sed
1662 3967 1798 4020 dixit
1824 3985 1836 4021 :
1864 3966 1924 4019 F1

2142 3967 2237 4022 ιλλ’
2266 3968 2393 4022 ὅταν
2427 3966 2488 4031 ἐξ
2513 3967 2670 4039 ὅρους
2704 3966 2995 4037 μετενεχθῇ
3025 3966 3192 4030 λίθος,
3225 3966 3315 4019 καὶ
3341 3966 3411 4026 είς
3432 3962 3485 4015 τὺ
3508 3960 3631 4031 βάθος

445 4063 590 4116 davit
627 4076 726 4114 nte.
760 4057 931 4111 Porro
982 4059 1124 4127 quod
1183 4058 1471 4123 fundatur,
1535 4058 1800 4128 lapidibus
1850 4074 1934 4128 sul

2144 4058 2225 4129 ῖῆς
2243 4058 2345 4129 γῆς
2365 4057 2653 4129 κατατιθῇ.
2674 4058 2784 4110 Καὶ
2806 4056 2909 4119 ἕως
2933 4056 3031 4127 μὲν
3057 4057 3114 4109 ὲν
3137 4053 3213 4125 τῷ
3227 4054 3340 4125 ὄρει
3359 4052 3486 4114 λίθος
3505 4049 3633 4109 ἐστὶν,

445 4152 625 4222 ipsum
659 4149 914 4219 proiectis
944 4147 1235 4213 fundatur,
1271 4149 1416 4219 quod
1443 4149 1662 4219 quidem
1686 4163 1792 4203 non
1816 4164 1934 4218 quo

2147 4152 2274 4204 ιῠπω
2300 4149 2686 4221 τεθεμελίωται
2704 4168 2717 4179 ·
2756 4148 2976 4202 ἐπειδὰν
3004 4148 3062 4201 δὲ
3085 4148 3117 4219 ἡ
3144 4146 3299 4217 χρεία
3321 4144 3522 4212 ἀπαιτῇ,
3568 4138 3636 4192 καὶ

444 4239 609 4294 modo
643 4237 921 4308 perﬁcitur
940 4278 955 4301 ,
982 4237 1075 4291 sed
1100 4253 1222 4292 cum
1255 4238 1391 4308 lapis
1417 4254 1447 4292 e
1476 4248 1660 4292 monte
1694 4238 1933 4293 translati

2143 4242 2417 4314 ιετενεχθῇ
2438 4284 2455 4311 ,
2623 4241 2716 4295 καὶ
2746 4239 3106 4312 περιϐάληται
3135 4239 3194 4292 τὸ
3239 4237 3393 4309 βάθος
3418 4234 3506 4302 τῆς
3534 4231 3632 4299 γῆς·

445 4331 503 4385 in
544 4329 668 4383 imis
701 4328 857 4382 terris
889 4328 1205 4382 collocatur.
1235 4327 1370 4382 Nam
1396 4328 1636 4398 quandiu
1668 4328 1807 4399 lapis
1849 4338 1933 4384 est

2144 4334 2242 4386 τότε
2267 4331 2451 4385 λοιπὸν
2470 4372 2484 4398 ,
2526 4334 2572 4386 εί
2601 4331 2754 4384 λάϐοι
2785 4332 2967 4402 φωνὴν
2997 4332 3025 4382 ό
3057 4330 3203 4394 λίθος
3224 4370 3238 4394 ,
3276 4327 3412 4380 εἴποι
3441 4325 3522 4379 ἄν’
3552 4318 3633 4373 Νῦν

444 4430 661 4484 monte,
698 4420 942 4474 nondum
976 4421 1184 4490 positus
1202 4430 1287 4475 est
1319 4422 1372 4475 in
1402 4420 1839 4477 fundamentum.
1874 4419 1933 4474 Cl

2145 4423 2447 4494 ιθεμελίωσέ
2465 4440 2552 4494 με,
2689 4425 2717 4476 ὁ
2734 4422 2789 4489 ἐξ
2808 4423 2965 4493 ὅρους
2977 4415 3078 4474 ὦδε
3096 4419 3359 4492 μεταθείς.
3376 4412 3552 4470 Οὐκοῦν
3564 4410 3634 4477 οὐχ

442 4527 575 4566 vero
603 4512 855 4582 exigente
896 4527 1095 4577 causa,
1146 4514 1442 4569 translatus
1491 4512 1689 4577 fuerit,
1744 4523 1798 4568 et
1859 4522 1931 4566 ter

2145 4534 2152 4565 ι
2177 4514 2376 4586 Κύριος
2404 4517 2497 4565 καὶ
2529 4515 2616 4566 ὅτε
2646 4512 3066 4581 τεθεμελίωται,
3086 4510 3257 4583 ἀρχὴν
3285 4510 3389 4579 ἔχει
3418 4504 3499 4559 τοῦ
3533 4499 3634 4555 εἶναι

439 4601 709 4673 profundo
732 4613 1049 4674 coopertus,
1087 4613 1215 4660 tunc
1246 4605 1292 4661 si
1327 4621 1430 4659 vox
1449 4605 1613 4675 lapidi
1636 4605 1875 4669 daretur,
1900 4605 1928 4658 ιι

2157 4602 2223 4677 ἦν
2249 4606 2355 4675 γὰρ
2378 4605 2471 4657 καὶ
2500 4604 2604 4675 πρὸ
2630 4602 2820 4656 τούτου
2850 4603 3040 4673 Λόγος)
3058 4620 3070 4633 ·
3104 4602 3217 4656 ἀλλ’
3243 4603 3329 4655 ὅτε
3348 4601 3403 4653 τὸ
3424 4596 3634 4669 ἡμέτερον

440 4695 629 4764 utique
660 4703 843 4765 posset
866 4694 1080 4749 dicere:
1110 4690 1213 4761 Qui
1245 4710 1333 4751 me
1368 4696 1474 4750 huc
1505 4694 1827 4764 Ltraustulit,
1869 4711 1929 4748 ιιι

2145 4695 2405 4749 ,νεδύσατο
2432 4693 2612 4764 σῶμα,
2648 4693 2782 4765 ὅπερ
2805 4694 2871 4746 ὲκ
2899 4693 3120 4765 Μαρίας
3145 4692 3344 4763 τμηθὲν
3370 4685 3527 4749 ἔλαϐε,
3545 4681 3634 4735 τότε

438 4782 688 4837 fundavit
714 4797 817 4835 me.
852 4782 1020 4853 Igitur
1044 4783 1159 4851 ipse
1185 4798 1405 4854 quoque
1433 4783 1725 4848 Dominus,
1756 4798 1865 4837 non
1886 4792 1927 4836 tt

2144 4787 2305 4859 ρησὶν,
2470 4783 2854 4853 Ἐθεμελίωσέ
2879 4800 2984 4853 με’
3023 4784 3135 4837 ἴσον
3164 4783 3240 4853 τῷ
3268 4782 3459 4851 εἰπεῖν·
3502 4773 3633 4837 Λόγον

437 4888 560 4928 esse
607 4873 801 4941 εωρίι,
851 4890 974 4928 cum
1031 4872 1290 4929 fundatus
1350 4882 1433 4929 est
1483 4872 1793 4944 (siquidem
1859 4886 1925 4924 an

2146 4895 2249 4930 ιντα
2275 4893 2340 4947 με
2368 4874 2657 4946 περιέϐαλε
2688 4876 2860 4946 γηΐνῳ
2888 4874 3120 4945 σώματι.
3155 4872 3306 4926 Οὕτω
3329 4870 3424 4941 γὰρ
3446 4867 3502 4919 δι’
3523 4862 3635 4933 ἡμᾶς

436 4972 555 5019 erat
587 4962 889 5033 Verbum),
926 4966 1019 5021 sed
1049 4975 1338 5036 postquam
1374 4972 1625 5019 nostrum
1664 4964 1839 5017 induit
1893 4979 1923 5019 c

2144 4965 2456 5037 ιεμελιοῦται
2476 5006 2489 5031 ,
2519 4965 2588 5017 τὰ
2618 4967 2650 5035 ἠ
2661 4965 2775 5035 μῶν
2810 4963 3197 5034 ἀναδεχόμενος
3216 5002 3230 5025 ,
3276 4961 3359 5013 ἴνα
3384 4957 3553 5027 ἡμεῖςν
3580 4947 3633 5008 ὡς

436 5070 541 5125 pus
567 5094 581 5119 ,
611 5057 756 5125 quod
789 5073 854 5111 ex
876 5058 1047 5113 Maria
1081 5058 1357 5112 desectum
1391 5056 1632 5125 accepit,
1682 5064 1811 5110 tunc
1843 5054 1925 5108 dis

2143 5058 2399 5127 ξύστωμοι
2434 5054 2985 5128 συναρμολογούμενοι
3016 5054 3110 5107 καὶ
3138 5050 3464 5106 συνδεθέντες
3490 5044 3536 5094 ὲν
3562 5037 3632 5091 αὖ·

438 5147 705 5204 Fuudarit
759 5168 837 5204 me
870 5168 887 5205 :
926 5152 1070 5221 quod
1106 5151 1243 5205 idem
1288 5158 1371 5204 est
1420 5165 1484 5204 ac
1532 5150 1577 5204 si
1607 5149 1809 5204 diceret
1843 5168 1855 5201 :
1886 5147 1927 5201 Μ

2143 5152 2194 5222 ᾧ
2311 5150 2397 5204 διὰ
2409 5150 2505 5219 τῆς
2520 5147 2831 5220 ὁμοιώσεως
2842 5148 2940 5217 τῆς
2963 5146 3184 5216 σαρκὸς,
3202 5145 3279 5205 εἰς
3300 5140 3453 5208 ἄνδρα
3472 5133 3632 5186 τέλειον

435 5241 527 5308 qui
562 5256 680 5294 sum
717 5241 952 5295 Verbum
992 5260 1004 5295 :
1039 5249 1255 5294 terreno
1302 5254 1531 5308 corpore
1588 5239 1886 5308 cooperuit.
1922 5245 1924 5287 ς

2140 5244 2569 5313 ιαταντήσαντες,
2604 5238 2859 5292 ἀθάνατοι
2893 5237 2986 5290 καὶ
3014 5235 3279 5306 ἄφθαρτοι
3300 5226 3629 5299 διαμείνωμενι

440 5336 586 5393 euim
640 5336 748 5399 ille,
786 5336 877 5405 qui
940 5341 1123 5389 nostra
1162 5334 1413 5402 suscipit,
1474 5334 1649 5387 nostri
1700 5347 1865 5386 causa
1916 5331 2194 5395 fundatur,
2247 5338 2306 5383 ut
2356 5343 2477 5393 nos,
2527 5327 2618 5398 qui
2669 5326 2850 5381 simile
2912 5326 3177 5380 habemus
3229 5336 3440 5390 corpus,
3485 5322 3630 5412 carnis

442 5433 799 5489 similitudine
825 5432 879 5484 in
912 5429 1005 5485 illo
1038 5429 1206 5499 aptati
1267 5440 1320 5483 et
1349 5429 1612 5499 colligati,
1644 5429 1699 5482 in
1727 5429 1900 5482 virum

2143 5435 2255 5480 tum
2313 5439 2666 5480 occurramus
2698 5424 2742 5489 ³,
2795 5422 3243 5489 ιιηιηοτιςιῐοεψιο
3290 5425 3342 5471 et
3374 5414 3625 5474 incorrupti

447 5542 787 5583 maneamus.
3587 5589 3603 5598 .

514 5623 687 5677 Nemo
730 5632 857 5673 vero
913 5616 997 5671 his
1048 5620 1210 5671 etiam
1259 5617 1513 5685 loquendi
1570 5618 1745 5673 modis
1794 5626 2003 5672 conlur-

2191 5616 2265 5667 Τὸ
2305 5612 2384 5677 δὲ,
2442 5606 2560 5679 Πρὸ
2618 5613 2725 5664 τοῦ
2766 5609 3003 5673 αἰῶνος,
3027 5608 3140 5671 καὶ,
3164 5604 3283 5674 Πρὸ
3314 5601 3414 5657 τοῦ
3438 5604 3534 5666 τὴν
3549 5606 3630 5662 γην

444 5718 602 5771 Ιιοιιιτ
644 5731 657 5767 :
695 5714 829 5765 Ante
892 5727 1089 5779 arvum,
1125 5724 1214 5776 οι,
1253 5711 1570 5781 Priusquam
1627 5723 1817 5765 terram
1877 5713 1929 5782 fa

2142 5705 2396 5776 τοιῆσαι,
2426 5706 2540 5771 καὶ,
2596 5704 2716 5773 Πρὸ
2754 5703 2859 5758 τοῦ
2894 5701 3000 5771 ὅρη
3050 5695 3430 5768 ἑδρασθῆναι,
3470 5686 3631 5765 μηδένα

520 5898 534 5927 ⁸
564 5896 586 5951 ι
614 5899 739 5953 Cor.
780 5914 863 5968 ιιι,
897 5899 981 5963 Il,
1013 5898 1095 5955 i0.
1173 5902 1191 5932 ²
1226 5901 1527 5969 Ephes.1v,
1565 5897 1646 5953 I5.
