3860 6558
188 394 289 461 405

185 510 493 583 ταραττέτω
523 520 542 538 ⁸

185 607 257 676 τῷ
275 646 287 667 ,
314 601 699 670 ἐθεμελίωσε,
728 600 822 651 καὶ
850 596 928 668 τῷ
947 638 961 662 ,
1007 597 1211 653 ἔκτισε
1229 613 1242 628 ⁸
1274 597 1433 651 τοῦτο
1457 596 1566 667 γὰρ
1593 596 1753 649 πάλιν

182 693 277 760 τῆς
309 688 450 743 κατά
493 687 667 756 σάρκα
695 686 1005 757 οἰκονομίας
1052 686 1304 739 ἅπτεται.
1369 685 1435 739 Ἠ
1462 684 1571 757 γὰρ
1603 684 1755 755 παρὰ

183 783 270 835 τοῦ
301 781 553 851 ἃυτῆρος
578 781 659 843 εἰς
687 780 833 850 ἡμᾶς
861 778 1124 849 γενομένη
1141 777 1319 849 χάρις,
1345 779 1469 849 ἄρτι
1499 778 1595 848 μὲν
1621 780 1750 829 επε-

185 874 319 943 φάνη
344 916 357 938 ,
388 874 468 936 ὼς
496 868 647 925 εἶπεν
680 872 710 924 6
751 870 1088 934 Ἀπόστολος,
1108 871 1214 935 καὶ
1242 871 1461 940 γέγονεν
1487 870 1642 941 ὲπιδη
1653 870 1754 939 μή-

186 982 365 1028 σαντος
385 964 551 1017 αὐτοῦ
566 980 581 995 ’
601 965 1001 1035 προητοίμαστο
1016 962 1071 1015 δὲ
1091 960 1231 1033 αὕτη
1246 963 1340 1016 καὶ
1358 962 1484 1033 πρὶν
1504 959 1754 1029 γενέσθαι

182 1062 353 1129 ἡμᾶς,
386 1058 587 1129 μᾶλλον
630 1057 687 1110 δὲ
717 1059 811 1111 καὶ
855 1057 960 1128 πρὸ
1161 1055 1261 1125 τῆς
1309 1054 1613 1124 καταϐολῆς
1660 1052 1753 1106 τοῦ

184 1148 412 1217 κόσμου·
462 1147 618 1217 καὶὴ
678 1146 825 1199 αίτια
876 1147 1086 1217 χρηστὴ
1140 1145 1234 1199 καὶ
1293 1144 1580 1213 θαυμαστὴ
1640 1142 1756 1205 πώς

181 1241 335 1292 ἐστιν.
369 1238 487 1291 Οὐκ
520 1237 726 1307 ἔπρεπε
745 1237 835 1290 τὸν
857 1236 988 1290 Θεὸν
1014 1235 1236 1307 ὕστερον
1275 1235 1405 1306 περὶ
1426 1234 1583 1305 ἡμῶν
1637 1232 1759 1303 βου-

182 1328 445 1390 λεύεσθαι,
484 1330 572 1381 ἵνα
600 1329 674 1400 μὴ
706 1328 781 1392 ὡς
807 1327 1015 1397 ἀγνοῶν
1040 1327 1110 1381 τὰ
1136 1328 1258 1381 καθ’
1295 1329 1442 1398 ἡμᾶς
1472 1327 1751 1397 φαίνηται.

180 1419 382 1484 Κτίζων
408 1418 591 1473 τοίνυν
629 1421 776 1491 ἡμᾶς
802 1418 888 1473 διὰ
921 1419 1013 1473 τοῦ
1059 1420 1189 1473 ἰδίου
1220 1419 1392 1487 Λόγου
1424 1420 1452 1471 6
1480 1417 1589 1472 τῶν
1620 1418 1756 1471 ὅλων

180 1511 329 1575 Θεὸς,
360 1512 455 1564 καὶ
481 1509 640 1574 εἰδὼς
682 1510 747 1565 τὰ
778 1514 809 1583 ὴ
821 1511 938 1582 μῶν
968 1511 1108 1585 ὑπὲρ
1142 1513 1289 1583 ἡμᾶς
1310 1551 1324 1575 ,
1364 1510 1754 1583 προγινώσκων

180 1621 252 1667 τε,
286 1605 384 1667 ὅτι,
414 1602 573 1656 καλοὶ
599 1604 878 1673 γενόμενοι
906 1644 920 1665 ,
958 1603 1180 1675 ὕστερον
1207 1603 1517 1676 παραϐάται
1541 1604 1639 1675 τῆς
1662 1604 1750 1655 ὲν-

178 1695 325 1767 τολῆς
348 1694 607 1766 ἐσόμεθα,
628 1696 721 1750 καὶ
748 1697 810 1749 ὲκ
830 1696 921 1751 τοῦ
944 1698 1271 1768 παραδείσου
1298 1695 1749 1767 ἐκϐληθησόμεθα

179 1786 258 1840 διὰ
282 1786 377 1856 τὴν
403 1786 694 1857 παρακοήν
719 1825 738 1851 ,

180 1875 556 1948 προετοιμάζει
578 1878 638 1931 ἐν
798 1876 877 1948 τῷ
901 1878 1015 1948 ἰδίῳ
1030 1878 1208 1947 Λόγῳ,
1232 1878 1298 1931 δι’
1322 1873 1382 1932 οὗ
1416 1878 1511 1931 καὶ
1537 1878 1752 1932 ἔκτισεν

180 1969 334 2036 ἡμᾶς,
366 1967 466 2039 τὴν
494 1968 630 2039 περὶ
652 1967 753 2038 τῆς
785 1968 1058 2039 σωτηρίας
1084 1968 1242 2039 ἡμῶν
1271 1968 1602 2039 οἰκονομίαν,
1640 1969 1749 2033 ἵνα,

182 2059 275 2112 κᾶν
298 2058 671 2130 ἀπατηθέντες
696 2058 847 2131 παρὰ
869 2058 963 2113 τοῦ
990 2059 1168 2127 ὄφεως
1187 2060 1533 2131 ἐκπέσωμεν,
1561 2060 1636 2133 μὴ
1665 2060 1754 2114 τέ-

182 2149 287 2202 λεον
315 2148 704 2219 ἀπομείνωμεν
733 2149 953 2221 νεκροὶ,
1002 2148 1116 2202 ἀλλ’
1143 2149 1358 2220 ἔχοντες
1394 2152 1453 2203 ὲν
1480 2148 1559 2220 τῷ
1590 2150 1750 2221 Λόγῳ

180 2242 268 2315 τὴν
290 2243 807 2314 προητοιμασμένην
849 2245 983 2314 ἡμῖν
1029 2242 1296 2314 λύτρωσιν
1344 2260 1403 2296 τε
1426 2242 1521 2298 καὶ
1571 2261 1748 2315 σωτη-

185 2337 314 2407 ρίαν,
347 2336 509 2389 πάλιν
535 2336 886 2402 ἀναστάντες,
924 2335 1179 2391 ἀθάνατοι
1204 2336 1592 2407 διαμείνωμεν,
1622 2336 1748 2390 ὅταν

182 2428 326 2492 αὐτὸς
355 2427 492 2499 ὑπὲρ
518 2429 683 2501 ἡμῶν
714 2428 855 2502 ἀρχὴ
885 2428 994 2481 τῶν
1015 2428 1150 2482 ὁδῶν
1183 2428 1397 2500 κτισθῇ,
1427 2429 1522 2482 καὶ⁸
1546 2431 1574 2481 6
1601 2445 1747 2499 πρωα

185 2520 380 2583 τύτοκος
427 2519 531 2591 τῆς
584 2520 815 2584 κτίσεως
846 2521 1069 2592 γένηται
1106 2520 1451 2591 πρωτότοκος
1480 2519 1747 2590 ἀδελφῶν,

184 2612 265 2664 καὶ
296 2611 451 2674 αὐτὸς
482 2611 714 2683 ἀπαρχὴ
738 2610 855 2665 ’τῶν
888 2611 1096 2684 νεκρῶν
1130 2612 1357 2683 ἀναστῇ.
1392 2609 1564 2664 Τοῦτο
1592 2610 1742 2664 Παῦ-

184 2701 263 2766 λος
284 2702 311 2755 ὁ
346 2703 619 2775 μακάριος
643 2703 939 2767 ἀπόστολος
1124 2702 1352 2774 γράφων
1377 2702 1617 2757 διδάσκει
1636 2718 1651 2733 ·
1682 2701 1744 2757 τὸ

176 2800 271 2869 γὰρ
299 2800 352 2851 ὲν
377 2800 495 2860 ταῖς
526 2794 883 2867 Παροιμίαις,
912 2790 1034 2860 Πρὸ
1061 2791 1169 2844 τοῦ
1198 2792 1435 2855 αίωνος,
1466 2788 1579 2855 καὶ,
1610 2789 1733 2858 Πρὸ

179 2888 271 2943 τοῦ
289 2889 396 2956 τὴν
413 2887 533 2957 γῆν
555 2885 857 2955 γενέσθαι,
879 2881 1267 2953 διερμηνεύων,
1285 2880 1427 2935 οὕτω
1446 2880 1579 2951 φησὶ
1598 2881 1734 2952 πρὸς

183 2979 267 3048 μὲν
314 2976 609 3048 Τιμόθεον
663 2970 1214 3043 Συγκακοπάθησον
1251 2968 1331 3034 τῷ
1372 2968 1733 3039 Εὑαγγελίῳ,

182 3070 311 3122 κατὰ
339 3068 596 3137 δύναμιν
617 3065 764 3119 Θεοῦ
784 3065 891 3118 τοῦ
913 3063 1226 3128 σώσαντος
1252 3059 1409 3131 ἡμᾶς
1434 3061 1531 3115 καί
1560 3060 1738 3114 καλέο-

178 3178 379 3228 σαντος
413 3160 639 3227 κλήσει
671 3159 834 3229 ἁγίᾳ·
866 3160 938 3211 οὐ
967 3156 1115 3211 κατὰ
1140 3156 1213 3209 τὰ
1236 3156 1377 3223 ἔργα

185 3253 320 3307 ἀλλὰ
361 3253 509 3307 κατὰ
560 3249 676 3318 τὴν
726 3249 884 3303 ἰδίαν
919 3248 1204 3317 πρόθεσιν
1232 3245 1327 3299 καὶ
1358 3244 1565 3313 χάριν,
1623 3244 1736 3313 τὴν

184 3343 436 3401 δοθεῖσαν·
460 3344 614 3414 ἡμῖν
642 3344 713 3396 ἐν
730 3341 958 3412 Χριστῷ
998 3339 1188 3408 Ἰησοῦ
1211 3338 1320 3405 πρὸ
1351 3339 1586 3407 χρόνων
1607 3337 1738 3389 alw-

182 3438 338 3501 τίων,
383 3432 833 3506 φανερωθεῖσαν
870 3431 941 3485 δὲ
966 3430 1083 3485 νῦν
1116 3429 1211 3482 διὰ
1251 3425 1357 3495 τῆς
1387 3426 1739 3495 ἐπιφανείας

186 3529 275 3582 τοῦ
297 3528 569 3597 Σωτῆρος
600 3524 771 3595 ημῶν
808 3522 1002 3591 Ἰησοῦ
1028 3520 1306 3590 Χριστοῦ,
1336 3516 1740 3586 καταργήσαν-

187 3634 273 3686 τος
282 3619 386 3688 μὲν
400 3620 505 3673 τὸν
520 3617 802 3681 θάνατον,
816 3616 1189 3684 φωτίσαντος
1211 3611 1279 3665 δὲ
1299 3610 1412 3679 τὴν
1564 3607 1735 3676 ζωήν,

189 3709 312 3780 Πρὸς
357 3711 411 3763 δὲ
462 3710 598 3772 τοὺς
644 3706 953 3777 Ἐφεσίους*
1003 3700 1350 3771 Εὐλογητὸς
1386 3703 1420 3755 ό
1453 3698 1597 3765 Θεὸς
1635 3697 1736 3751 καὶ

190 3799 365 3867 Πατὴρ
395 3800 498 3854 τοῦ
530 3799 755 3866 Κυρίου
780 3795 948 3865 ’ἡμῶν
967 3784 1184 3862 ⁴Ἰησοῦ
1207 3791 1487 3861 Χριστοῦ,
1513 3794 1544 3845 ό
1568 3792 1742 3844 εὐλοο

188 3891 359 3960 γήσας
386 3891 546 3962 ἡμᾶς
578 3892 648 3945 ὲν
673 3888 839 3957 πάσῃ
861 3887 1104 3957 εὐλογίᾳ
1125 3881 1498 3954 πνευματικῇ
1526 3883 1596 3935 ἐν
1616 3880 1740 3946 τοῖς

191 3984 542 4051 ἐπουρανίοις
572 3982 642 4035 ἐν
660 3978 890 4050 Χριστῷ
925 3976 1120 4045 Ἰησοῦ
1150 3986 1165 4003 ’
1325 3972 1519 4039 καθὼς
1538 3969 1741 4035 ἐξελέ-

194 4073 317 4137 ξατο
353 4073 504 4143 ἡμᾶς
535 4073 608 4126 ἐν
630 4071 790 4136 αὐτῷ
814 4067 929 4138 πρὸ
965 4065 1303 4134 καταϐολῆς
1328 4065 1558 4133 κόσμου
1589 4058 1741 4117 εἷναι

193 4164 327 4233 ἡμᾶς
349 4166 553 4235 ἁγίους
580 4163 679 4217 καὶ
703 4161 979 4232 ἀμώμους
1012 4159 1136 4213 κατ’
1173 4158 1431 4211 ἐνώπιον
1459 4154 1646 4209 αὑτοῦ
1674 4154 1744 4208 ἐν

1207 390 1587 456 PANOPLIA
1633 386 2095 451 DOGMATICA.
2132 409 2202 420 --
2230 385 2381 447 ΤιΤ.
2423 387 2532 447 XI.

727 507 869 561 πάνυ
898 505 1004 578 γὰρ
1038 506 1132 559 καὶ
1154 504 1309 559 τοῦτο
1343 503 1523 568 καλῶς
1553 503 1747 574 συνῆψε

1854 508 1952 565 ret,
2007 508 2081 563 et,
2123 498 2419 568 Antequam
2468 506 2667 553 ntontes
2718 497 3105 553 collocarentur
3180 505 3217 557 ί.
3266 503 3428 560 Recte

3320 384 3434 450 405’

1852 591 2015 663 enin;
2029 592 2131 647 ista
2153 592 2439 661 conjunxit
2465 606 2591 647 cum
2630 591 2841 657 verbis,
2881 592 3157 661 fundavit,
3188 606 3242 649 et
3277 613 3419 651 crea-

1852 686 1947 738 vit.
1986 683 2233 755 Namque
2259 685 2375 740 haec
2403 685 2523 755 ejus
2550 687 2849 741 secundum
2883 700 3103 741 carnem
3144 690 3428 759 dispensa-

1856 776 2062 831 tionem
2092 785 2359 845 spectant.
2396 775 2607 832 Etenim
2642 778 2814 857 gratia
2841 794 2961 848 qua:
2989 780 3149 836 nobis
3181 797 3209 835 a
3242 781 3428 837 Salva-

1856 879 1971 924 tore
2018 869 2221 924 donata
2250 878 2373 935 est,
2428 871 2603 948 modo
2643 870 2857 939 quidem
2904 874 3192 942 apparuit,
3246 884 3301 929 ut
3352 877 3428 931 ait

1853 962 2148 1033 Apostolus
2200 965 2246 1028 ',
2281 970 2582 1033 exortaque
2607 971 2691 1017 est
2711 971 2998 1033 postquam
3028 964 3142 1034 ipse
3168 967 3385 1021 advenit
3410 987 3423 1021 :

1852 1070 2045 1111 verum
2070 1062 2362 1125 antequam
2409 1071 2506 1110 nos
2538 1070 2886 1111 nasceremur
2914 1098 2927 1122 ,
2965 1059 3045 1112 vel
3080 1061 3260 1129 potius
3305 1073 3429 1115 ante

1853 1148 2048 1202 mundi
2095 1148 2540 1202 constitutionem
2595 1158 2897 1217 praeparata
2944 1148 3075 1216 fuit,
3126 1152 3284 1220 cujus
3313 1153 3429 1208 haec

1859 1254 2028 1294 causa
2055 1249 2112 1294 et
2155 1249 2300 1293 recta
2335 1247 2421 1293 est
2468 1248 2521 1293 et
2561 1238 2900 1294 admiranda.
2954 1242 3121 1295 Deum
3152 1242 3218 1296 de
3272 1244 3428 1299 nobis

1854 1331 2131 1402 posterius
2160 1330 2463 1386 deliberare
2517 1331 2740 1385 minime
2763 1332 3020 1399 decebat,
3074 1348 3141 1388 ne
3188 1349 3276 1389 res
3333 1350 3430 1389 no-

1855 1433 2000 1478 stras
2037 1423 2292 1494 ignorare
2328 1423 2625 1478 videretur.
2666 1422 2933 1490 Quocirca
2962 1440 3085 1479 eum
3112 1440 3213 1481 nos
3244 1441 3426 1481 rerum

1853 1514 2235 1568 universarum
2259 1511 2402 1569 Deus
2418 1529 2513 1584 per
2538 1514 2817 1584 proprium
2844 1514 3075 1571 Verbum
3106 1528 3316 1572 crearet
3333 1559 3351 1584 ,
3377 1528 3430 1573 et

1853 1616 1952 1668 ea,
1977 1618 2099 1674 quae
2136 1602 2204 1657 ad
2236 1618 2337 1658 nos
2367 1604 2671 1674 pertinent,
2709 1621 2872 1676 supra
2906 1623 3006 1662 nos
3053 1611 3419 1678 prospiceret,

1850 1704 2323 1765 prtenosceretque
2349 1711 2447 1751 nos
2480 1706 2766 1767 postquam
2794 1699 2922 1754 boni
2954 1699 3081 1754 facti
3107 1700 3425 1769 fuissemus,

890 1786 1269 1858 φιλάνθρωπος
1298 1788 1392 1841 καὶ
1419 1786 1621 1857 ἀγαθὸς
1651 1787 1747 1851 ὢν,

1853 1783 2024 1853 legem
2061 1784 2390 1852 violaturos,
2423 1795 2585 1856 atque
2612 1786 2817 1843 idcirco
2867 1802 2898 1842 ο
2954 1790 3209 1858 paradiso
3240 1796 3429 1863 expel~

1852 1875 2044 1931 lendos
2076 1894 2089 1930 :
2124 1875 2215 1931 ille
2250 1877 2342 1947 qui
2389 1878 2763 1947 perhumanus
2805 1886 2859 1933 et
2903 1879 3169 1951 benignus
3207 1892 3318 1951 est,
3373 1886 3426 1939 in

1851 1967 2075 2038 proprio
2113 1965 2324 2033 Verbo,
2358 1984 2454 2039 per
2486 1970 2631 2040 quod
2660 1986 2761 2027 nos
2790 1972 3017 2039 creavit,
3226 1985 3427 2030 nostra!

1851 2060 2049 2116 salutis
2096 2060 2561 2130 dispensationem
2620 2064 2978 2133 praeparavit,
3017 2072 3078 2120 ut
3137 2065 3423 2134 videlicet,

1853 2151 2070 2208 etiamsi
2098 2152 2439 2224 contingeret
2458 2162 2519 2207 ut
2544 2168 2576 2207 a
2607 2154 2853 2211 daemone
2881 2155 3242 2211 circumventi
3269 2160 3427 2213 cade-

1852 2258 2076 2310 remus,
2130 2260 2198 2300 ne
2246 2245 2447 2300 mortui
2489 2246 2709 2316 penitus
2758 2262 3199 2316 remaneremus,
3242 2252 3335 2305 sed
3370 2262 3427 2306 ut

1849 2334 2279 2405 redemptionem
2309 2344 2364 2390 et
2386 2336 2618 2391 salutem
2665 2337 2719 2391 in
2758 2336 2938 2393 Verbo
2966 2340 3126 2395 nobis
3164 2356 3427 2411 praapara-

1851 2434 1962 2482 tam
1998 2426 2292 2495 habentes,
2318 2428 2769 2485 revivisceremus
2806 2440 2859 2484 et
2902 2431 3236 2489 immortales
3284 2450 3425 2489 εδει·-

1851 2532 2007 2583 mus,
2043 2526 2334 2589 postquam
2359 2519 2479 2591 ipse
2508 2534 2610 2589 pro
2643 2520 2805 2575 nobis
2843 2521 3175 2591 principium
3210 2525 3420 2579 viarum

1847 2617 1933 2666 est
1964 2618 2215 2675 creatus,
2242 2618 2296 2664 et
2320 2610 2414 2680 qui
2441 2618 2705 2665 creaturae
2730 2611 3127 2685 primogenitus
3174 2626 3283 2679 est,
3318 2616 3425 2669 fra-

1848 2710 1993 2757 trum
2017 2700 2194 2757 factus
2221 2700 2327 2756 fuit
2354 2701 2783 2771 primogenitus,
2807 2712 2862 2758 et
2891 2703 3037 2773 ipse,
3082 2715 3421 2761 mortuorum

1851 2798 2142 2871 primitiae,
2167 2792 2383 2848 revixit.
2416 2789 2543 2844 Haec
2570 2789 2685 2858 ipsa
2720 2796 2803 2841 est
2833 2784 2975 2839 beati
3011 2784 3242 2852 apostoli
3276 2783 3424 2836 Pauli

1851 2886 2133 2949 doctrina,
2167 2883 2262 2953 qui
2296 2882 2385 2936 illa
2418 2878 2835 2934 Proverbiorum
2869 2874 3063 2940 verba,
3087 2882 3206 2926 ante
3236 2890 3425 2934 wvum,

1852 2988 1929 3047 et,
1961 2988 2241 3048 antequam
2281 2985 2420 3028 terra
2451 2973 2625 3041 ﬁeret,
2660 2970 2732 3022 ita
2774 2967 3015 3037 Epistola
3058 2966 3124 3021 ad
3155 2964 3425 3019 Timothe-

1853 3088 1945 3127 um
1980 3072 2365 3139 interpretatur
2408 3064 2429 3095 ³
2458 3084 2471 3119 :
2516 3062 2797 3117 Collabora
2830 3059 3113 3128 Evangelia
3140 3058 3426 3111 secundum

1535 3150 1737 3221 ἡμῶν,
1772 3160 1814 3219 C
1852 3162 1952 3216 Dei
1980 3162 2220 3215 virtutem
2242 3199 2256 3222 ,
2288 3158 2376 3226 qui
2411 3156 2580 3210 salvos
2635 3170 2726 3207 nos
2774 3152 2898 3222 fecit
2927 3163 2976 3207 et
3037 3152 3232 3207 vocavit
3276 3166 3428 3204 voca-

1855 3256 1993 3309 tione
2026 3264 2241 3309 sancta.
2280 3266 2381 3303 non
2415 3247 2700 3303 secundum
2743 3262 2900 3316 opera
2935 3255 3152 3311 nostra,
3202 3245 3290 3298 sed
3346 3260 3427 3297 se-

1853 3346 2081 3400 cundum
2106 3344 2378 3413 proprium
2412 3341 2737 3410 propositum
2757 3350 2803 3392 et
2835 3339 3063 3407 gratiam
3086 3377 3098 3401 ,
3136 3352 3252 3406 qua:
3278 3334 3424 3389 nobis

1852 3442 1981 3491 data
2008 3446 2083 3490 est
2113 3436 2167 3489 in
2228 3434 2437 3488 Christo
2476 3432 2602 3486 Jesu
2653 3440 2772 3484 ante
2818 3440 3018 3483 a'terna
3066 3438 3332 3496 tempora,
3376 3434 3426 3480 et

1854 3545 1990 3582 nunc
2016 3528 2261 3596 apparuit
2293 3543 2385 3596 per
2431 3527 2708 3579 adventum
2755 3520 3047 3575 Saluatoris
3090 3521 3256 3575 nostri
3296 3518 3427 3573 Jestt

1853 3620 2080 3687 Christi,
2112 3619 2201 3689 qui
2240 3630 2455 3671 mortem
2485 3617 2695 3687 quidem
2720 3615 2985 3669 destruxit
3010 3652 3024 3673 ,
3054 3613 3218 3666 vitam
3248 3620 3425 3663 autem

1851 3708 2197 3763 illuminavit.
2261 3706 2325 3760 Et
2369 3707 2435 3759 ad
2490 3704 2753 3774 Ephesios
2786 3723 2798 3757 :
2831 3702 3144 3756 Benedictus
3193 3699 3333 3752 Deus
3374 3709 3421 3751 et

1853 3800 2020 3856 Pater
2051 3800 2262 3854 Domini
2286 3799 2451 3852 nostri
2478 3797 2607 3851 Iesu
2627 3796 2849 3861 Christi,
2873 3796 2961 3865 qui
2986 3793 3247 3849 benedixit
3273 3792 3423 3845 nobis

1852 3893 2077 3946 inomni
2141 3892 2495 3945 benedictione
2544 3888 2848 3958 spirituali,
2907 3888 2964 3939 in
3009 3883 3336 3946 caelestibus,
3368 3882 3422 3934 in

1851 3983 2066 4041 Christo
2100 3984 2266 4051 Jesu,
2307 3987 2443 4039 sicut
2481 3983 2637 4053 elegit
2688 3998 2779 4035 nos
2828 3982 2885 4033 in
2924 3981 3037 4049 ipso
3080 3987 3202 4031 ante
3239 3975 3423 4029 mundi

1852 4078 2299 4141 constitutionem,
2342 4087 2399 4129 ut
2435 4091 2666 4130 essemus
2711 4073 2884 4127 sancti
2911 4079 2957 4125 et
3000 4066 3333 4123 immaculati
3365 4067 3423 4119 in

1852 4178 2129 4239 conspectu
2165 4168 2279 4238 ejus
2305 4169 2360 4222 in
2382 4168 2663 4233 charitate,
2704 4166 2795 4236 qui
2820 4162 3210 4233 praedestinavit
3239 4175 3330 4214 nos
3363 4160 3422 4212 in

195 4254 734 4325 ἀτάπῃ,προορίσας
762 4250 920 4322 ἡμᾶς
954 4253 1042 4319 εις
1062 4249 1371 4305 υἱοθεσίαν
1403 4247 1502 4300 διὰ
1542 4242 1744 4311 Ἰησοῦ

1853 4264 2181 4333 adoptionem
2212 4278 2303 4331 per
2323 4261 2506 4315 Iesum
2541 4260 2811 4316 Christum
2841 4259 2895 4312 in
2923 4258 3096 4327 ipsum
3141 4258 3185 4309 δ.

200 4349 429 4417 Χριστοῦ
449 4352 541 4414 είς
568 4346 775 4403 αὐτόν.

358 4460 476 4524 Πῶς
501 4454 597 4513 οὖν
622 4456 923 4526 ἐξελέξατο,
954 4454 1086 4527 πρὶν
1101 4452 1353 4523 γενέσθαι
1375 4453 1543 4523 ἡμᾶς,
1575 4452 1624 4503 εί
1648 4450 1744 4522 μὴ,

194 4550 256 4613 ὡς
275 4552 421 4616 αὐτὸς
456 4552 679 4623 εἴρηκεν
699 4590 714 4614 ,
763 4552 822 4603 ὲν
853 4547 1002 4619 αὐτῷ
1036 4543 1178 4619 ἦμεν
1227 4544 1745 4617 προτετυπωμένρη

198 4642 301 4705 Πῶς
321 4644 371 4695 δὲ
396 4644 551 4707 ὅλως,
582 4644 710 4714 πρὶν
730 4640 1048 4714 ἀνθρώπους
1070 4638 1376 4709 κτισθῆναι,
1403 4639 1435 4708 ή
1445 4639 1550 4707 μᾶς
1572 4635 1751 4707 προώ-

206 4748 332 4801 ρισεν
360 4736 433 4798 εἰς
460 4733 732 4787 υἱοθεσίαν
758 4769 774 4797 ,
939 4732 988 4783 εί
1019 4730 1093 4803 μὴ
1126 4730 1288 4793 αὐτὸς
1312 4731 1340 4783 6
1364 4728 1490 4792 Υἱὸς
1522 4728 1628 4799 πρὸ
1654 4725 1749 4780 τοῦ

205 4824 373 4889 αἰῶνος
412 4825 804 4897 τεθεμελίωτο,
852 4822 1245 4893 ἀναδεξάμενος
1282 4821 1380 4893 τὴν
1422 4822 1562 4892 ὑπὲρ
1594 4820 1751 4891 ἡμῶν

206 4918 511 4990 οἱκονομίαν;
541 4922 611 4973 Ἢ
638 4919 773 4983 πῶς,
792 4918 867 4981 ὡς
888 4905 1141 4987 ἐπιφέρει
1164 4915 1335 4983 λέγων
1356 4917 1385 4968 6
1412 4914 1749 4978 Ἀπόστολος,

207 5006 596 5081 ἐκληρώθημεν
618 5009 1091 5079 προορισθέντες,
1113 5010 1160 5061 εί
1188 5008 1261 5079 μὴ
1290 5007 1449 5071 αὐτὸς
1476 5009 1503 5061 6
1527 5007 1751 5078 Κύριος,

210 5101 300 5170 πρὸ
315 5103 400 5155 τοῦ
428 5105 618 5168 αἰῶνος
644 5101 711 5176 ἦν
737 5102 1106 5175 θεμελιωθεὶς,
1134 5100 1277 5155 ὥστε
1305 5101 1466 5155 αὑτὸν
1496 5100 1754 5172 πρόθεσιν

210 5189 331 5259 ἔχειν
362 5193 497 5266 ὑπὲρ
540 5196 698 5267 ἡμῶν
740 5196 920 5249 πάντα
950 5196 1041 5248 τὸν
1080 5193 1200 5248 καθ’
1236 5193 1392 5265 ἡμῶν
1436 5193 1630 5263 κλῆρον
1662 5191 1755 5245 τοῦ

210 5280 448 5351 κρίματος
624 5286 982 5354 ἀναδέξασθαι
1010 5287 1098 5340 διὰ
1128 5285 1227 5355 τῆς
1258 5285 1459 5356 σαρκὸς
1480 5324 1494 5347 ,
1528 5284 1619 5336 καὶ
1647 5282 1755 5335 λοι-

212 5373 298 5425 πδν
332 5377 470 5445 ἡμᾶς
512 5380 569 5433 ὲν
611 5378 761 5450 αὐτῷ
800 5378 1238 5451 ζωοποιηθῆναις
1270 5375 1393 5440 Πῶς
1426 5374 1484 5429 δδ
1512 5374 1607 5427 καὶ
1650 5373 1757 5443 πρὸ

213 5467 395 5532 χρόνων
417 5472 648 5527 αἰωνίων
671 5472 1049 5542 ἐλαμϐάνομεν
1078 5473 1429 5543 χάριν,μήπω
1450 5468 1755 5538 γεγονότες,

216 5555 258 5605 εί
286 5558 352 5628 μὴ
380 5563 433 5613 ἐν
460 5563 536 5634 τῷ
559 5562 779 5635 Χριστῷ
806 5559 874 5635 ἦν
900 5562 1237 5636 ἀποκειμένη
1271 5563 1301 5630 ἡ
1330 5563 1409 5625 είς
1439 5560 1585 5631 ἡμᾶς
1621 5559 1758 5629 φθά-

301 5759 312 5787 ¹
348 5758 499 5817 I‘rov.
536 5779 651 5829 vtu,
684 5762 890 5820 2535:
992 5767 1010 5796 ³
1054 5764 1159 5817 Tit.
1191 5779 1251 5830 ιι,
1290 5763 1376 5815 Η.

1490 5764 1508 5794 ³
1553 5764 1594 5817 ιι
1628 5762 1766 5817 Tim.
1795 5776 1831 5827 ι,
1866 5762 2014 5816 8-10.

2034 4462 2316 4529 Quomodo
2345 4477 2472 4531 ergo
2498 4476 2597 4516 nos
2634 4460 2798 4530 elegit
2828 4468 3117 4527 antequam
3146 4469 3420 4514 essemus,

1855 4555 1985 4621 nisi,
2034 4563 2094 4609 ut
2140 4556 2257 4623 ipse
2295 4553 2449 4617 dixit,
2487 4553 2539 4605 in
2570 4552 2688 4620 ipso
2732 4550 3027 4604 fuissemus
3062 4544 3424 4616 praesignati?

1854 4646 1960 4714 Qui
1985 4660 2114 4700 vero
2150 4644 2265 4699 ﬁeri
2314 4642 2525 4713 potuit,
2559 4650 2618 4695 ut
2648 4655 2766 4705 nos,
2810 4639 3130 4708 priusquam
3172 4634 3425 4689 homines

1853 4746 2209 4802 crearentur,
2260 4737 2314 4790 in
2359 4734 2703 4803 adeptionem
2758 4726 3261 4801 prmdestinaverit,
3317 4725 3424 4778 nisi

1854 4830 1969 4901 ipse
2020 4827 2192 4883 Filius
2244 4834 2369 4881 ante
2408 4839 2584 4878 avum
2617 4821 2875 4875 fundatus
2920 4824 3102 4881 esset,
3132 4822 3384 4882 suscepta
3408 4851 3422 4875 ,

1855 4923 2029 4978 nostri
2083 4922 2254 4992 gratia
2288 4962 2303 4985 ,
2352 4914 2801 4988 dispensatione?
2853 4911 2950 4967 Vel
2999 4907 3275 4979 quomodo
3308 4946 3323 4970 ,
3368 4911 3441 4956 ut'

1858 5015 2079 5087 subjicit
2132 5011 2425 5083 Apostolus
2452 5051 2466 5075 ,
2510 5021 2651 5064 sorte
2697 5021 2878 5060 sumus
2932 4999 3298 5073 prcedestinati
3357 4999 3378 5030 ⁸
3410 5038 3425 5060 ,

1855 5110 1963 5164 nisi
1998 5109 2110 5178 ipse
2139 5106 2401 5161 Dominus
2437 5110 2561 5157 ante
2590 5116 2764 5158 aevum
2799 5096 3059 5151 fundatus
3087 5094 3301 5155 fuisset,
3347 5089 3421 5140 ita

1857 5212 1918 5257 ut
1946 5201 2043 5270 ipsi
2070 5198 2407 5269 propositum
2440 5194 2605 5249 fuerit
2636 5207 2851 5248 omnem
2896 5187 3087 5260 judicii
3136 5185 3423 5239 adversum

1858 5308 1957 5349 nos
1985 5292 2075 5347 lati
2110 5298 2311 5347 sortem
2355 5301 2517 5343 carne
2558 5284 2855 5354 suscipere,
2892 5296 3003 5350 quo
3039 5292 3139 5331 nos
3172 5274 3425 5340 deinceps

1862 5372 1918 5427 in
1951 5371 2069 5441 ipso
2097 5369 2531 5425 viviﬁcaremur?
2550 5368 2832 5435 Quomodo
2852 5376 3035 5419 autem
3069 5373 3124 5419 et
3149 5372 3273 5418 ante
3302 5371 3435 5417 tem-

1863 5481 1992 5538 pora
2020 5464 2296 5520 szecularia
2328 5464 2551 5533 gratiam
2591 5460 3007 5530 accepissemus,
3059 5456 3148 5525 qui
3186 5455 3428 5509 nondmn

1867 5575 2107 5625 eramus,
2139 5558 2241 5611 nisi
2276 5556 2449 5628 gratia
2478 5555 2667 5608 fuisset
2698 5554 2750 5605 in
2793 5551 3005 5605 Christo
3048 5550 3283 5619 reposita
3315 5563 3433 5616 qua:

2752 5758 2770 5786 ⁵
2812 5755 2943 5810 ibid.
2982 5757 3065 5809 Η.

2140 5756 2158 5786 ⁸
2198 5757 2397 5826 Eplies.
2435 5772 2472 5819 l,
2517 5756 2634 5811 5-5.
