3770 6582
423 356 529 422 407

1669 369 2047 430 EU'l'llYMll
2093 372 2458 434 ZlGABENI

3535 408 3613 477 408

426 478 494 533 ad
522 491 625 534 nos
673 490 792 533 erat
825 488 1152 548 perventura
1183 481 1206 534 ?
1233 481 1373 538 l-linc
1404 482 1494 538 ille
1523 489 1576 538 in
1611 485 1840 556 judicio,
1877 503 1997 542 cum

2106 507 2271 586 νουσα
2294 509 2488 586 χαρις;
2515 493 2607 586 Aie
2635 493 2728 548 καὶ
2753 493 2811 546 ἐν
2838 495 2902 564 τῇ
2935 494 3112 564 κρίσει
3139 500 3262 559 ὅταν
3280 509 3486 585 ἕκαστος
3508 537 3613 586 κατὰ

428 569 804 640 unusquisque
836 585 933 640 pro
959 571 1072 625 suis
1106 571 1264 627 lactis
1286 576 1598 631 mercedem
1631 585 1714 633 est
1743 587 2003 648 acceptu-

429 677 544 723 rus,
573 659 713 715 dicet
747 677 762 714 :
809 658 1011 726 Venite,
1037 661 1299 717 benedicti
1331 663 1516 719 Patris
1552 668 1654 720 mei
1690 681 1708 720 :
1743 669 2004 735 possidete

428 761 678 820 paratum
730 751 869 804 vobis
927 767 1144 823 regnum
1210 770 1242 806 a
1302 757 1676 812 constitutione
1734 760 2000 814 mundi’.

427 843 713 910 Quomodo
763 843 946 915 igitur,
996 834 1093 899 vel'
1116 845 1172 899 in
1203 862 1334 915 quo,
1389 855 1682 919 antequam
1731 865 2000 918 essemus,

425 944 676 1006 paratum
714 946 821 1003 est,
849 936 953 992 nisi
991 937 1044 992 in
1083 937 1335 1001 Domino.
1367 941 1458 1009 qui
1518 949 1647 996 ante
1676 957 1855 998 aevum
1881 959 1999 998 eam

425 1027 496 1079 ob
543 1041 763 1082 causam
798 1026 1060 1082 fundatus
1091 1036 1197 1094 est,
1241 1039 1300 1083 ut
1330 1045 1428 1086 nos
1459 1047 1626 1102 super
1653 1031 1830 1102 ipsum
1880 1041 2001 1088 tan-

423 1134 585 1188 quam
618 1119 868 1174 mdificati
892 1161 906 1185 ,
961 1121 1088 1176 vitae
1117 1131 1170 1176 et
1200 1122 1386 1192 gratiae
1415 1138 1536 1192 quae
1585 1123 1654 1178 ab
1681 1123 1773 1178 illo
1801 1125 2000 1191 oritur,

422 1208 574 1264 velut
595 1209 704 1280 apti
735 1209 965 1280 lapides,
1019 1210 1314 1281 participes
1341 1227 1592 1269 essemus
1616 1214 1638 1267 τ
1666 1212 1855 1284 Itaque
1877 1216 2002 1286 jure

421 1301 620 1355 merito
681 1300 918 1356 Verbum
970 1302 1022 1355 in
1075 1313 1317 1358 nostram
1371 1304 1600 1359 veniens
1650 1319 1895 1371 carnem,
1946 1306 2000 1360 in

423 1409 598 1464 eaque
642 1395 975 1464 principium
1032 1395 1237 1449 viarum
1276 1397 1330 1450 in
1374 1413 1540 1466 opera
1592 1413 1690 1452 sna
1725 1407 1996 1465 creatum,

422 1491 524 1544 hac
555 1491 788 1554 ratione,
820 1502 879 1544 ut
905 1501 1023 1545 erat
1049 1492 1100 1544 in
1134 1491 1250 1560 ipso
1286 1492 1463 1547 Patris
1500 1493 1773 1558 voluntas,
1806 1493 2002 1548 fundav

422 1591 534 1644 tur,
585 1582 745 1636 sicuti
803 1591 1288 1638 commemoratum
1342 1591 1460 1647 est,
1515 1594 1643 1637 ante
1693 1599 1891 1649 ievum,
1946 1593 2001 1638 et

421 1681 713 1740 antequam
769 1680 913 1728 terra
966 1671 1140 1736 ﬁeret,
1190 1684 1245 1726 et
1309 1684 1521 1728 montes
1576 1676 1996 1743 collocarentur,

419 1768 709 1837 fontesque
777 1768 1166 1831 scaturirent',
1238 1782 1308 1822 ne
1357 1768 1606 1832 scilicet,
1645 1785 1770 1823 cum
1827 1779 1999 1833 terra,

417 1871 656 1927 montes,
683 1876 974 1930 rerumque
997 1862 1378 1930 apparentium
1421 1862 1685 1935 ﬁgurati"
1715 1863 1822 1917 line
1857 1879 1999 1932 preco

419 1953 590 2008 sentis
623 1953 720 2007 αενί
754 1953 1142 2023 praeterierint,
1187 1969 1310 2015 nos.
1357 1954 1634 2021 similiter,
1669 1965 1728 2009 ut
1759 1956 1871 2020 illa,
1906 1973 1999 2010 ve-

418 2053 620 2101 tustate
668 2043 1106 2110 conﬁcercmnr;
1160 2046 1253 2100 sed
1289 2049 1473 2116 potius
1505 2055 1563 2100 ut
1597 2048 1760 2100 etiam
1807 2055 1996 2116 postea

414 2135 600 2190 vivere
650 2135 982 2202 valeremus,
1021 2145 1212 2206 utpote
1246 2138 1340 2207 qui
1380 2138 1539 2194 nobis
1566 2147 1696 2192 ante
1760 2153 1848 2193 res
1880 2139 1998 2193 illas

411 2237 776 2299 praeparatam
827 2230 884 2284 in
946 2230 1067 2301 ipso
1113 2229 1292 2286 Verbo
1345 2232 1646 2286 habeamus
1693 2234 1996 2288 secundum

412 2321 733 2376 electionem
780 2321 950 2376 vitam
1013 2331 1069 2376 et
1135 2321 1576 2377 benedictionem
1629 2323 1996 2393 spiritualem.

413 2412 506 2467 Sic
547 2415 694 2468 enim
753 2414 921 2469 vitam
965 2414 1192 2470 minime
1237 2415 1438 2470 ﬂuxam
1471 2415 1657 2472 licebit
1701 2416 1993 2487 consequi,

411 2517 836 2578 constanterque
871 2509 924 2563 in
957 2508 1178 2565 Christo
1227 2510 1498 2575 vivemus,
1545 2510 1804 2580 quoniam
1867 2520 1997 2566 ante

411 2600 502 2652 illa
545 2599 730 2653 omnia
766 2600 874 2653 vita
931 2609 1119 2654 nostra
1173 2600 1224 2653 in
1260 2599 1482 2654 Christo
1518 2598 1649 2655 Jesu
1679 2599 1905 2654 fundata
1941 2609 1995 2654 et

410 2703 598 2761 parata
631 2692 816 2746 fuerit.
873 2691 986 2747 Nec
1018 2692 1164 2748 enim
1211 2693 1264 2746 in
1319 2691 1429 2746 alio
1456 2707 1620 2762 quam
1653 2691 1706 2745 in
1763 2691 1996 2747 Domino

408 2786 500 2853 qui
526 2795 613 2840 est
643 2795 773 2840 ante
810 2786 1032 2851 saecula,
1071 2796 1124 2840 ct
1177 2801 1273 2855 per
1300 2801 1460 2856 quem
1489 2783 1630 2838 facta
1660 2793 1790 2839 sunt
1820 2800 1996 2840 saecu-

407 2877 458 2932 la
483 2878 525 2939 ³.
562 2879 728 2932 vitam
767 2889 1012 2934 nostram
1066 2878 1281 2932 l'uudari
1325 2893 1424 2948 par
1455 2887 1596 2938 erat,
1630 2883 1709 2941 ut,
1750 2892 1873 2930 cum
1906 2877 1997 2931 illa

406 2974 462 3026 in
487 2972 606 3042 ipso
631 2973 797 3027 veluti
827 2983 994 3038 esset,
1025 2989 1124 3027 nos
1157 2973 1319 3027 etiam
1350 2981 1569 3026 internae
1602 2971 1727 3024 vita:
1755 2971 1998 3025 lmredes

406 3078 528 3118 0339.
556 3079 841 3133 possemus
852 3109 863 3120 .

404 3154 664 3224 Ejusdem
682 3157 890 3212 exlibro
909 3160 1059 3212 tertio
1075 3161 1130 3212 in
1154 3158 1399 3223 Arianos,
1430 3161 1480 3211 in
1529 3175 1588 3211 ea
1616 3157 1770 3212 verba
1801 3174 1817 3210 :
1856 3155 1999 3226 «Ego

821 3240 869 3283 et
887 3229 1050 3284 Pater
1081 3247 1241 3282 unum
1276 3245 1457 3282 sumus
1494 3232 1533 3280 ‘.
1574 3249 1591 3278 ι

475 3321 630 3378 Illam
643 3321 840 3378 deinde
857 3321 1180 3377 sententiam
1196 3319 1408 3374 Domini
1427 3334 1651 3388 carpere
1666 3326 1944 3388 cmperunt
1983 3334 1997 3371 :

403 3414 518 3486 Ego
551 3416 604 3469 in
630 3414 814 3477 Patre,
852 3425 899 3469 et
926 3413 1088 3468 Pater
1118 3414 1174 3467 in
1205 3430 1284 3467 me
1305 3415 1346 3467 '.
1379 3412 1662 3478 Quomodo
1680 3418 1880 3481 potest,
1919 3411 2002 3465 in-

403 3507 620 3578 quiunt,
653 3508 742 3564 hic
769 3509 821 3563 in
843 3509 934 3563 illo
952 3523 1097 3575 esse,
1128 3516 1222 3561 aut
1241 3507 1329 3562 ille
1343 3506 1411 3560 ab
1435 3507 1538 3560 hoc
1561 3505 1956 3575 comprehendi
1981 3507 2002 3559 ?

405 3601 694 3665 Quomodo
731 3609 912 3670 potest
936 3600 1118 3664 Pater,
1149 3599 1242 3668 qui
1284 3599 1461 3667 major
1486 3607 1589 3661 est,
1615 3598 1668 3651 in
1708 3597 1865 3662 Filio,
1906 3599 2000 3666 qui

406 3694 714 3765 minorest,
747 3693 974 3749 inesse?
1003 3692 1225 3746 Scilicet
1273 3690 1472 3745 mirum
1534 3699 1640 3754 est,
1688 3690 1882 3744 Filium
1945 3690 1999 3743 in

405 3787 567 3842 Patre
595 3803 740 3854 esse,
794 3803 918 3842 cum
949 3787 1017 3842 de
1065 3786 1224 3841 nobis
1279 3785 1445 3840 etiam
1488 3785 1755 3855 scriptum
1803 3784 1874 3840 sit
1906 3783 2002 3838 ειη

419 3897 516 3948 pso
571 3881 814 3946 vivimus,
866 3895 1132 3933 movemur
1170 3888 1217 3932 et
1253 3894 1435 3931 sumus
1478 3879 1521 3930 ‘.
1583 3876 1777 3932 Merito
1821 3887 2001 3930 tamen

401 3971 511 4027 hoc
545 3973 654 4027 illis
684 3972 906 4036 accidit,
941 3988 1042 4042 pro
1072 3988 1237 4042 prava
1279 3971 1520 4041 ipsorum
1567 3978 1769 4031 ruente,
1798 3971 2002 4040 quippe

397 4065 493 4136 qui
525 4064 698 4119 Deum
727 4079 850 4120 esse
867 4078 1069 4132 corpus
1109 4063 1448 4122 existiment,
1484 4076 1586 4117 nec
1627 4061 1717 4130 qui
1741 4061 1809 4116 sit
1839 4075 2002 4115 verus

399 4155 586 4224 Pater,
607 4166 700 4210 aut
730 4169 893 4211 verus
912 4147 1214 4218 Filius,aut
1246 4155 1334 4207 lux
1368 4153 1679 4218 invisibilis,
1705 4164 1800 4206 aut
1824 4153 2004 4223 Splen-

396 4255 749 4308 doraetcrnus
767 4249 938 4319 ipsius
958 4249 1265 4309 invisibilis,
1285 4258 1379 4303 aut
1396 4249 1635 4302 essentia
1658 4247 1998 4321 incorporea,

399 4356 455 4399 et
479 4343 1009 4410 l’ormaincorporea,
1033 4352 1087 4395 et
1106 4342 1278 4411 imago
1307 4341 1497 4410 ipsius,
1545 4331 1999 4394 animadvertant.

397 4437 517 4492 Non
552 4437 801 4501 enim,ut
833 4435 908 4488 illi
941 4435 1256 4504 cpiuantur,
1291 4435 1413 4502 quia
1447 4433 1649 4488 dictum
1695 4442 1780 4488 est
1820 4450 1830 4484 :
1892 4431 2001 4500 Ego

396 4536 454 4586 in
482 4530 661 4593 Patre,
685 4540 733 4583 et
767 4529 923 4582 Pater
949 4530 1002 4580 in
1045 4544 1145 4589 me,
1177 4528 1248 4580 ita
1300 4536 1608 4580 commeant
1658 4527 1798 4580 inter
1828 4540 1908 4588 se,
1941 4533 1998 4578 ut

394 4627 644 4681 videmus
664 4625 1004 4692 contingere,
1039 4637 1159 4675 cum
1183 4637 1307 4675 vasa
1333 4620 1514 4674 inania
1534 4619 1795 4686 vicissim,
1821 4634 1986 4674 unum

393 4735 459 4773 ex
485 4719 593 4772 alio
623 4716 925 4785 replentur.
946 4713 1194 4768 UtFilius
1219 4713 1268 4766 id
1291 4712 1434 4781 quod
1469 4713 1520 4766 in
1553 4711 1714 4766 Patre
1756 4727 1986 4767 vacuum

397 4820 503 4873 est,
532 4821 588 4865 et
631 4811 789 4863 Pater
829 4808 882 4862 id
909 4809 1050 4876 quod
1084 4809 1136 4859 iu
1173 4805 1309 4860 Filio
1346 4807 1588 4861 vicissim
1619 4815 1702 4860 est
1730 4820 1983 4867 vacuum,

392 4904 636 4972 impleat,
661 4911 714 4956 et
741 4911 937 4955 neuter
981 4916 1169 4953 eorum
1217 4901 1428 4970 plenus,
1497 4909 1659 4968 atque
1717 4897 1989 4968 perfectus

393 5000 485 5052 sit.
529 4995 640 5049 Hoc
677 4995 823 5048 enim
865 5004 950 5048 est
979 5009 1268 5062 corporum
1311 4993 1610 5061 proprium.
1644 4991 1987 5060 Quapropter

393 5087 512 5142 hinc
537 5087 619 5141 vel
643 5086 821 5141 dicere
837 5086 1015 5140 scelus
1037 5096 1120 5138 est
1145 5083 1443 5152 impietatis
1490 5083 1726 5150 plenum.
1791 5084 1990 5137 Plenus

390 5179 540 5237 enim
579 5189 743 5248 atque
763 5177 1036 5246 perfectus
1065 5186 1149 5229 est
1171 5174 1350 5227 Pater.
1379 5173 1436 5224 Et
1462 5173 1634 5227 Filius
1683 5173 1991 5228 Divinitatis

390 5280 477 5327 est
504 5269 805 5338 plenitudo.
827 5267 1012 5334 Neque
1043 5265 1205 5328 Deus,
1241 5273 1300 5315 ut
1333 5278 1479 5325 vasa,
1514 5264 1557 5315 si
1579 5264 1629 5316 in
1666 5263 1770 5318 illis
1820 5275 1988 5329 esset,

392 5359 979 5421 eonﬁrmaret,eodcu‘i
1015 5355 1179 5409 modo
1214 5353 1500 5408 conﬁrmat
1550 5354 1769 5410 Filium.
1819 5356 1989 5410 Filius

394 5453 537 5506 enim
569 5463 651 5507 est
683 5451 856 5505 Patris
889 5451 1060 5503 virtus
1101 5461 1154 5501 et
1202 5449 1466 5517 sapientia
1491 5450 1529 5501 ⁷.
1551 5452 1626 5505 Ac
1646 5467 1731 5506 res
1772 5453 1989 5519 quidem

393 5555 719 5614 procreatae,
745 5553 1020 5612 quatenus
1053 5541 1346 5609 participes
1399 5542 1544 5596 illius
1578 5552 1726 5608 sunt,
1787 5546 1981 5613 spiritu

391 5646 593 5692 sancta:
623 5635 913 5703 litmt,ipse
938 5643 1120 5687 autem
1163 5632 1330 5686 Filius
1361 5651 1465 5688 non
1530 5641 1821 5706 particeps,
1885 5640 1979 5692 scd

466 5753 478 5781 '
514 5750 700 5824 iliitth.
742 5764 866 5824 μιν,
897 5748 972 5803 5i.
1039 5751 1057 5780 ’
1087 5752 1244 5804 Prov.
1269 5767 1386 5813 ιἰιι,
1420 5751 1610 5806 9.5-2.5.
1687 5754 1704 5783 ³
1734 5754 1893 5808 llebr.
1928 5773 1961 5821 I,
1996 5769 1997 5776 ‘

2130 5757 2325 5812 Ιιιοοιι.
2357 5776 2407 5824 x,
2431 5757 2516 5811 '50.

388 5819 412 5856 ⁷
446 5823 468 5884 ι
501 5821 645 5885 Gor.‘
670 5837 705 5892 ι,
739 5819 828 5879 25.

2105 583 2204 691 την
2241 584 2867 691 πρᾶξιν-ἀπολαμϐάνω
2902 587 3071 691 ιρήσει
3093 607 3106 621 ·
3141 595 3312 654 Δεῦτε
3339 607 3389 659 οἱ
3416 583 3616 691 sulem:

2099 674 2272 743 μένοι
2289 677 2402 773 ’τοῦ
2421 678 2652 773 Πατρός·
2681 696 2824 746 μου,
2846 681 3337 773 κληρονομήσατε
3358 699 3459 764 τὴν
3495 674 3615 773 me}.

2098 769 2424 865 {eamme
2437 770 2580 865 ἡμῖν
2588 771 2920 865 βασιλείαν
2941 772 3060 865 sae
3076 783 3400 856 καταϐολῆς
3411 769 3615 865 κόσμου,

2104 857 2236 957 11-5,;-
2256 859 2372 957 οὒνέ
2399 862 2519 957 -ὲν
2550 862 2658 957 τίνι
2681 864 2807 957 πρὶν
2834 863 3098 957 γενέ-σθαι
3125 870 3271 939 ἡμᾶς
3298 857 3560 957 ἡτοιμάοθη
3583 896 3618 946 ει

2219 949 2276 1000 ὲν
2307 949 2383 1019 τῷ
2420 951 2608 1022 Κυρίῳ
2643 951 2718 1021 τῷ
2754 953 2859 1023 πρὸ
2887 953 3085 1018 αίῶνος
3117 959 3198 1022 είς
3228 963 3378 1018 τοῦτο
3405 947 3618 1041 Θεμελξω.

2103 1038 2271 1105 θέντι,
2337 1041 2403 1092 i'v‘
2457 1044 2620 1111 ἡμεῖς
2677 1043 2754 1107 ὡς
2814 1043 2901 1096 ἐπ’
2953 1045 3118 1101 αὐτὸν
3165 1038 3618 1133 ἐποικοδομούμενοι

2107 1132 2506 1203 μεταλάϐωμεν
2547 1135 2622 1198 ὡς
2661 1135 2798 1189 λίθοι
2842 1137 3170 1207 εὐάρμοστοι
3218 1145 3312 1214 τῆς
3352 1152 3470 1221 παρ’
3507 1157 3620 1228 αὐτῷ

2111 1224 2259 1294 ζωῆς
2285 1243 2344 1278 τε
2383 1227 2476 1278 καὶ
2513 1227 2773 1298 χάριτος;
2813 1228 3027 1282 Οὐκοῦν
3062 1233 3285 1300 εἰκότως
3324 1224 3622 1304 ἔπιϐαίνωνδ

2101 1315 2273 1384 Λόγος
2306 1317 2386 1378 είς
2415 1317 2513 1386 τὴν
2545 1319 2820 1389 ἡμετέραν
2855 1321 3067 1391 σάρκα,
3102 1324 3197 1376 καὶ
3228 1327 3284 1380 ὲν
3320 1330 3446 1402 αὐτῇ
3482 1341 3622 1401 una-

2105 1421 2286 1472 μενος,
2322 1407 2464 1478 ἀρχὴ
2489 1408 2622 1461 ὁδῶν
2655 1412 2736 1472 είς
2761 1409 2901 1480 ἔργα
2929 1412 3095 1466 αὐτοῦ
3122 1415 3451 1485 θεμελιοῦται
3470 1426 3620 1493 οὕτως,

2101 1497 2292 1568 ὥσπερ
2323 1495 2390 1570 ἦν
2421 1501 2479 1553 ὲν
2503 1501 2648 1566 αὐτῷ
2675 1503 2734 1556 τὸ
2761 1503 3009 1576 βούλημα
3035 1505 3129 1560 τοῦ
3167 1509 3388 1579 Πατρὸς,
3420 1516 3621 1590 καθάπερ

2102 1591 2342 1662 εἴρηται,
2395 1595 2502 1664 «pb
2558 1596 2654 1648 τοῦ
2708 1597 2925 1662 αἰῶνος,
2984 1599 3080 1652 καὶ
3129 1601 3234 1672 πρὸ
3279 1605 3368 1658 τοῦ
3419 1607 3505 1678 τὴν
3545 1614 3621 1680 γῆν

2101 1683 2378 1748 γενέσθαι,
2411 1688 2504 1737 καὶ
2537 1685 2643 1755 πρὸ
2677 1685 2768 1738 τοῦ
2796 1687 2897 1757 ὅρη
2930 1688 3284 1758 ἑδρασθῆναι,
3320 1695 3410 1748 καὶ
3436 1699 3527 1766 πρὸ
3549 1701 3620 1753 τοῦ

2101 1775 2199 1835 τὰς
2230 1776 2416 1844 πηγὰς
2447 1774 2752 1844 προελθεῖν.
2780 1776 2898 1829 Ἵνα
2921 1775 3025 1830 κᾶν
3047 1779 3079 1846 ἡ
3109 1779 3202 1848 γῆ,
3227 1782 3398 1836 καὶτὰ
3423 1784 3527 1855 ὅρη,
3552 1790 3621 1842 καὶ

2036 1863 2076 1915 Β
2108 1866 2176 1918 τὰ
2209 1867 2464 1936 σχήματα
2493 1867 2604 1919 τῶν
2638 1869 2981 1937 φαινομένων
3021 1869 3270 1942 παρέλθῃ
3302 1874 3355 1925 ὲν
3385 1878 3446 1944 τῇ
3473 1892 3621 1931 συντε.

2108 1957 2230 2028 λείᾳ
2275 1955 2370 2011 τοῦ
2421 1957 2639 2020 αἰῶνος,
2687 1958 2763 2028 μὴ
2803 1958 2924 2011 κατ’
2970 1959 3114 2012 αὐτὰ.
3159 1961 3525 2033 παλαιωθῶμεν
3553 1972 3620 2022 καὶ

2106 2050 2292 2119 ἡμεῖς,
2313 2049 2450 2103 ἀλλὰ
2473 2050 2797 2121 δυνηθῶμεν
2827 2051 2924 2103 καὶ
2950 2053 3091 2120 μετὰ
3120 2052 3288 2106 ταῦτα
3317 2055 3428 2124 ζῇν,
3455 2057 3620 2126 ἔχοντες

2102 2143 2203 2213 τὴν
2229 2143 2336 2214 προ
2363 2144 2570 2197 τούτων
2593 2144 3013 2213 ἑτοιμασθεῖσαν
3030 2146 3162 2214 ἡμῖν
3183 2148 3240 2199 ὲν
3261 2147 3400 2217 αὓτῴ
3418 2149 3485 2218 τῷ
3502 2151 3620 2221 Λόγῳ

2103 2231 2222 2285 κατ’
2264 2233 2498 2304 ἐκλογὴν
2546 2234 2694 2306 ζωήν
2737 2252 2796 2288 τε
2840 2237 2932 2288 καὶ
2980 2236 3236 2304 εὐλογίαν
3280 2244 3618 2311 πνευματικήν.

2099 2322 2260 2378 Οὖτω
2280 2325 2391 2395 γὰρ
2405 2325 2748 2397 δυνησόμεθα
2768 2329 2844 2398 μὴ
2869 2327 3006 2399 πρὸς
3030 2329 3224 2396 καιρὸν
3241 2328 3376 2400 ἔχειν
3391 2330 3474 2400 τὴν
3493 2329 3620 2401 ζωὴν,

2102 2415 2243 2470 ἀλλὰ
2279 2419 2374 2471 καὶ
2411 2419 2552 2488 μετὰ
2584 2420 2754 2473 ταῦτα
2796 2420 3073 2490 διαμεῖναι
3108 2421 3307 2486 ζῶντες
3334 2425 3388 2476 ἑν
3428 2424 3619 2494 Χριστῷ.

2118 2502 2339 2578 Ἐπειδὴ
2382 2511 2476 2561 καὶ
2507 2509 2614 2578 πρὸ
2649 2509 2856 2563 τούτων
2886 2511 2918 2578 ἡ
2953 2509 3069 2579 ζωὴ
3106 2497 3260 2580 ἡμῶν
3285 2511 3620 2580 τεθεμελίωτο,

2107 2599 2202 2651 καὶ
2232 2597 2533 2669 ἡτοίμαστο
2557 2601 2616 2652 ὲν
2640 2600 2882 2672 Χριστῷ.
2907 2599 3045 2656 Οὐδὲ
3072 2603 3180 2672 γὰρ
3209 2603 3326 2657 οὐδὲ
3353 2606 3403 2657 ἐν
3427 2604 3548 2673 ἄλλῳ
3563 2603 3622 2656 ϐε·

2105 2692 2441 2763 μελιωθῆναι
2481 2693 2579 2764 τὴν
2618 2694 2765 2764 ζωὴν
2807 2695 2966 2765 ἡμῶν
3001 2694 3245 2766 ἔπρεπεν
3288 2696 3335 2748 εί
3375 2696 3442 2766 μὴ
3488 2698 3534 2749 ὲν
3563 2696 3622 2765 τῷ

2102 2786 2292 2858 Κυρίῳ
2327 2786 2404 2856 τῷ
2433 2788 2540 2858 πρὸ
2567 2787 2782 2842 αἰώνων
2811 2787 2947 2852 δντι,
2979 2788 3048 2842 δι’
3079 2781 3140 2840 οὗ
3170 2789 3261 2841 καὶ
3291 2790 3338 2840 οἱ
3366 2788 3532 2848 αἰῶνες
3555 2804 3621 2855 τι·

2101 2879 2342 2947 γόνασιν,
2373 2879 2440 2932 ἵν’
2465 2880 2539 2944 ὡς
2563 2882 2622 2934 ὲν
2650 2881 2799 2952 αὐτῷ
2825 2882 2998 2950 αὐτῆς
3025 2880 3214 2953 οὔσης,
3245 2880 3531 2951 δυνηθῶμεν
3554 2881 3622 2935 καὶ

2105 2971 2264 3038 ἡμεῖς
2298 2971 2515 3024 αἰώνιον
2554 2972 2962 3043 κληρονομῆσαι
2997 2973 3162 3042 ζωήν.

2051 3213 2069 3231 η
2116 3158 2224 3211 Τοῦ
2255 3159 2440 3212 αὐτοῦ
2471 3161 2537 3213 ἐκ
2572 3159 2675 3214 τοῦ
2704 3159 2856 3214 κατὰ
2901 3160 3224 3230 Ἀρειανῶν
3251 3160 3438 3227 τρίτου
3459 3161 3622 3227 λόγου,

2029 3216 2072 3271 C
2272 3233 2360 3294 εἰς
2391 3234 2458 3284 τό
2499 3251 2515 3282 ι
2564 3231 2709 3300 Ἐγὼ
2739 3232 2837 3285 καὶ
2873 3235 2904 3285 ὀ
2938 3216 3146 3300 Πατὴρ
3177 3231 3246 3284 ἓν
3267 3216 3456 3299 ἐσμεν.
3488 3249 3503 3280 ι

2183 3325 2456 3394 Ἤρξαντο
2488 3326 2674 3378 λοιπὸν
2701 3325 2977 3395 διασύρειν
3009 3325 3072 3378 τὸ
3104 3325 3208 3378 ὑπὸ
3238 3323 3328 3376 τοῦ
3358 3321 3537 3391 Κυρίου
3561 3321 3622 3370 λε-

2105 3416 2336 3487 γόμενον
2357 3433 2371 3448 ·
2405 3416 2552 3484 Ἐγὼ
2569 3418 2638 3471 ἐν
2667 3417 2744 3482 τῷ
2767 3417 2970 3494 Πατρί,
3007 3420 3111 3472 καὶ
3143 3420 3192 3472 ὁ·
3209 3415 3401 3483 Πατὴρ
3426 3413 3487 3467 ἐν
3510 3410 3621 3482 ἐμοὶ,

2105 3510 2374 3577 λέγοντες,
2415 3510 2536 3572 Πῶς
2566 3511 2788 3565 δύναται
2823 3505 2978 3575 οὗτος
3007 3513 3067 3564 ὲν
3097 3509 3310 3576 ἐκείνῳ,
3345 3508 3562 3566 κάκεῖνος
3585 3506 3625 3553 ἐν

2105 3602 2278 3672 τούτῳ
2302 3605 2496 3672 χωρεῖν
2519 3619 2533 3667 ;
2565 3604 2632 3655 Ἢ
2659 3604 2774 3666 πῶς
2800 3603 2938 3667 ὅλως
2964 3604 3196 3658 δύναται
3220 3605 3248 3658 ὁ
3273 3601 3449 3670 Πατὴρ
3471 3597 3626 3668 μείζων

2105 3696 2181 3749 ὢν
2233 3699 2291 3750 ὲν
2319 3699 2396 3768 τῷ
2425 3698 2538 3769 Υἱῷ
2579 3701 2825 3754 ἐλάττονι
2849 3700 2961 3754 ὄντι
2992 3701 3232 3770 χωρεῖν;
3266 3695 3443 3750 Καίτοι
3467 3694 3509 3745 τί
3533 3693 3623 3745 Bav-

2109 3789 2334 3860 μαστὸν,
2358 3793 2408 3844 εἰ
2435 3791 2556 3854 Υἱὸς
2583 3793 2638 3842 ἐν
2665 3791 2742 3861 τῷ
2771 3791 2944 3861 Πατρι
2968 3808 2984 3857 ;
3014 3792 3155 3844 ὅπου
3180 3807 3242 3858 γε
3267 3789 3355 3842 καὶ
3375 3785 3488 3854 περὶ
3508 3783 3626 3852 ἡμῶν

2105 3881 2414 3951 γέγραπται
2435 3899 2447 3912 ”
2491 3885 2587 3936 'Er
2624 3884 2782 3950 αὐτῷ
2816 3885 2928 3953 γὰρ
2961 3883 3172 3954 ζῶμεν,
3210 3880 3307 3934 καὶ
3339 3876 3624 3943 κινούμεθα,

2106 3975 2204 4028 καί
2238 3974 2446 4045 ἐσμέν.
2489 3977 2764 4046 Πάσχουσι
2801 3978 2857 4030 δὲ
2889 3976 3046 4028 τοῦτο
3076 3974 3380 4035 ἀκολούθως
3411 3975 3469 4040 τῇ
3498 3984 3626 4022 κακο-

2105 4067 2223 4138 νοίᾳ
2262 4067 2496 4133 ἑαυτῶν,
2548 4069 2709 4137 σῶμα
2761 4070 3076 4138 νομίζοντες
3109 4063 3249 4121 εἶναι
3277 4065 3363 4117 τὸν
3391 4062 3524 4124 Θεὸν,
3557 4053 3625 4111 xxi
3704 4079 3712 4092 -

2110 4162 2184 4230 μὴ
2224 4161 2491 4224 νοοῦντες,
2537 4163 2677 4232 μήτε
2718 4162 2800 4224 τίς
2832 4162 2981 4214 ἐστιν
3026 4158 3281 4228 ἀληθινὸς
3325 4153 3513 4224 Πατὴρ,
3556 4149 3626 4203 καὶ

2107 4253 2358 4324 ἀληθινὸς
2381 4253 2527 4318 Υἱὸς,
2561 4256 2695 4324 μήτε
2722 4254 2802 4317 τίς
2827 4255 2940 4306 ἐστι
2963 4253 3080 4322 φῶς
3111 4255 3360 4324 ἀόρατον,
3386 4247 3473 4300 καὶ
3495 4242 3626 4297 ἀίδιον

2109 4349 2454 4419 ἀπαύγασμα
2483 4349 2646 4403 αὐτοῦ
2679 4350 2933 4422 ἀόρατον,
2967 4351 3109 4420 μήτε
3134 4349 3188 4402 τί
3217 4349 3363 4400 ἐστιν
3389 4339 3626 4409 ἀσώματος

2105 4441 2424 4503 ὑπόστασις,
2463 4441 2558 4496 καὶ
2589 4441 2878 4510 χαρακτὴρ
2911 4440 3228 4510 ἀσώματος,
3263 4437 3354 4490 καὶ
3380 4429 3528 4487 εἰκὼν
3550 4425 3626 4480 οὖα

2031 4553 2073 4606 D
2102 4536 2224 4605 τῆς.
2256 4534 2330 4587 Οὐ
2363 4533 2470 4604 γὰρ
2495 4532 2570 4595 ὡς
2590 4534 2787 4586 ἐκεῖνοι
2817 4530 3134 4601 νομίζουσιν
3162 4523 3628 4599 ἁντεμὸιϐαζόμενοι

2097 4631 2179 4691 είς
2223 4627 2485 4698 ἀλλήλους
2540 4628 2678 4678 εἰσὶν
2731 4628 2788 4679 ὲν
2818 4625 2913 4695 ’τῷ
2963 4625 3221 4692 λέγεσθαι
3255 4638 3269 4652 ·
3309 4618 3446 4688 Ἐγὼ
3478 4616 3536 4667 ἐν
3568 4609 3628 4672 τῷ

2097 4720 2297 4787 Harp),
2329 4721 2426 4773 καὶ
2467 4723 2499 4775 ό
2547 4718 2752 4788 Πατὴρ
2797 4719 2868 4772 ἐν
2933 4718 3086 4787 ἐμοὶ,
3123 4717 3311 4786 ὥσπερ
3341 4716 3394 4767 ἐν
3428 4705 3627 4776 ἀγγείοις

2097 4815 2276 4875 κενοῖς
2311 4813 2369 4877 ἐξ
2399 4812 2639 4883 ἀλλήλων
2670 4813 3093 4883 πληρουμένοις,
3123 4811 3264 4864 ὥστε
3295 4808 3381 4861 τὸν
3420 4803 3506 4874 μὲν
3534 4798 3624 4850 Υῐδν

2097 4905 2341 4974 πληροῦν
2363 4907 2423 4957 τὸ
2452 4904 2607 4958 κενὸν
2633 4905 2723 4958 τοῦ
2749 4906 2982 4975 Πατρδς,
3005 4905 3098 4958 τὸν
3127 4904 3184 4956 δὲ
3205 4901 3413 4969 Πατέρα
3429 4886 3625 4961 πληροῦν

2093 4997 2153 5049 τὸ
2196 4995 2368 5049 κοῖλον
2413 4996 2508 5048 τοῦ
2554 4997 2706 5061 Υίοῦ,
2747 4999 2840 5049 καὶ
2880 4997 3143 5067 ἑκάτερον
3196 4992 3378 5053 αὐτοῖς
3413 4986 3481 5056 μὴ
3515 4976 3623 5033 εἶναι

2089 5091 2274 5159 πλήρη
2299 5090 2390 5142 καὶ
2421 5089 2642 5144 τέλειον.
2669 5088 2945 5157 Σωμάτων
2975 5089 3083 5157 γὰρ
3129 5086 3260 5141 ἴδιον
3281 5080 3432 5137 τοῦτό
3457 5093 3530 5145 γε.
3553 5069 3622 5124 Διὸ

2089 5185 2180 5236 καὶ
2219 5183 2280 5236 τὸ
2325 5183 2486 5252 μόνον
2518 5182 2690 5234 εἰπεῖν
2727 5179 2884 5232 τοῦτο
2921 5178 3207 5233 ἀνάπλεών
3243 5179 3356 5229 ἐστι
3391 5165 3621 5224 ἀσεϐείαςο

2093 5276 2311 5345 Πλήρης
2329 5275 2436 5343 γὰρ
2468 5274 2562 5330 καὶ
2589 5272 2791 5336 τέλειός
2823 5274 2970 5325 ἐστιν
2991 5271 3242 5340 ὁΠατὴρ,
3272 5264 3365 5321 καὶ
3393 5259 3622 5331 πλήρωμα

2095 5369 2348 5439 Θεότητός
2381 5370 2528 5419 ἐστιν
2559 5367 2586 5417 ὸ
2623 5366 2770 5428 Υἱός.
2805 5364 2928 5416 Οὐδ’
2959 5365 3025 5417 αὖ
3060 5365 3222 5418 πάλιν
3252 5361 3434 5427 ὥσπερ
3459 5355 3511 5406 ὲν
3534 5346 3619 5407 τοῖς

2095 5462 2272 5529 ἁγίοις
2313 5461 2596 5529 γινόμενος
2636 5461 2663 5512 ὁ
2697 5458 2832 5519 Θεὸς
2877 5457 3203 5526 ἐνεδυνάμου
3243 5450 3450 5511 αὐτοὺς,
3480 5440 3618 5500 οὕτως

2093 5557 2207 5606 ἐστὶ
2239 5555 2330 5606 καὶ
2361 5556 2417 5605 ὲν
2451 5553 2526 5618 τῷ
2559 5551 2670 5618 Υίῷ
2698 5568 2711 5580 ι
2743 5551 2903 5611 αὐτὸς
2939 5549 3048 5619 γάρ
3079 5551 3226 5600 ἐστιν
3260 5547 3292 5613 ἡ
3327 5541 3415 5596 τοῦ
3447 5532 3619 5602 Ηατρδς

2091 5647 2318 5714 δύναμις
2350 5645 2443 5696 καὶ
2479 5645 2658 5712 σοφία.
2693 5641 2803 5694 Καὶ
2836 5642 2902 5692 τὰ
2937 5641 3035 5710 μὲν
3066 5641 3268 5709 γενητὰ
3302 5633 3490 5707 μετοχῇ
3520 5623 3618 5676 τού·

2621 5755 2640 5785 ⁵
2667 5754 2822 5812 Joan.
2851 5771 2976 5821 xm,
3012 5756 3100 5809 lO.
3188 5753 3347 5807 6Act.
3392 5760 3509 5809 imi,
3547 5737 3615 5792 98-
