3770 6564
465 424 564 486 411

1735 402 2121 464 EU'I‘HYMII
2160 402 2518 463 ZIGABENI
3554 425 3628 489 4ιῖ

465 540 520 590 in
556 536 715 588 Putre
745 548 878 582 Mli".
911 526 997 581 Sic
1034 525 1165 577 Dem
1201 531 1313 575 erat
1346 521 1397 573 in
1429 518 1637 573 Christo
1673 517 1923 570 mundum
1960 531 2044 568 rc-

2169 512 2303 567 τοῦτό
2351 517 2498 567 ἐστιν
2525 530 2538 545 ο
2572 516 2674 580 Ὃς
2724 515 2794 568 ἐν
2820 514 3022 583 μορφῇ
3068 518 3208 571 Θεοῦ
3244 523 3511 591 ὑπάρχων·
3549 536 3630 590 οῦκ

467 626 752 679 comitium
811 622 979 675 sibi‘.
1031 615 1318 683 Pmprium
1370 613 1513 667 enim
1559 611 1733 665 Patris
1788 609 2040 662 essentia:

466 714 638 766 Filius
665 722 766 769 ea,
801 709 854 761 in
894 721 1002 774 quo
1058 703 1294 758 mundus
1331 703 1441 755 Deo
1493 699 1897 782 recnineiliatur.
1951 696 2041 750 Sic

466 819 586 870 qua:
624 800 785 854 Ιιίιιιις
820 800 948 866 agit,
982 796 1156 850 Patris
1204 804 1332 847 sunt
1359 808 1545 862 opera.
1595 793 1684 845 Sic
1729 790 1820 858 qui
1846 788 2039 841 Filium

467 898 635 961 videt,
666 894 877 947 Patrem
923 892 1088 943 videt.
1118 889 1174 942 ln
1208 898 1431 957 paterna
1460 886 1605 940 enim
1627 885 1913 940 divinitate
1954 882 2043 935 Fi-

469 988 574 1040 lius
604 995 689 1039 est
745 996 798 1038 et
827 992 1122 1051 spectatur.
1182 982 1249 1035 Et
1274 991 1498 1049 paterna
1542 994 1661 1045 quze
1688 977 1743 1030 in
1772 977 1891 1039 ipso
1920 989 2045 1042 spe-

470 1081 583 1131 cies
619 1086 723 1133 est.
758 1076 811 1127 in
847 1090 911 1127 eo
948 1072 1161 1125 Patrem
1190 1070 1448 1128 ostendit.
1481 1080 1537 1123 et
1566 1068 1643 1121 sic
1687 1076 1771 1120 est
1794 1067 1954 1120 Pater
1990 1064 2044 1115 in

472 1172 630 1225 Filio.
669 1169 731 1222 Et
764 1164 1065 1235 proprietas
1082 1172 1242 1231 atque
1262 1161 1519 1215 divinitas
1551 1175 1617 1212 ex
1640 1156 1799 1211 Patre
1831 1156 1884 1208 in
1910 1154 2046 1208 Filio

470 1264 551 1318 sic
587 1260 824 1316 ostendit
850 1257 1046 1311 Filium
1090 1255 1144 1309 in
1169 1253 1348 1317 Patre,
1374 1261 1431 1305 ut
1461 1251 1528 1305 ab
1566 1266 1631 1304 eo
1662 1247 1901 1317 separari
1937 1262 2048 1299 non

470 1356 665 1423 possit.
712 1351 813 1417 Qui
855 1364 984 1404 vero
1016 1349 1187 1412 audit,
1231 1355 1286 1400 et
1331 1345 1482 1400 videt
1513 1359 1574 1397 ea
1614 1357 1734 1411 quae
1791 1342 2048 1395 dicuntur

471 1449 539 1501 de
566 1447 747 1508 Patre,
777 1443 843 1498 de
867 1442 1004 1495 Filio
1036 1442 1163 1494 item
1194 1438 1321 1501 dici,
1349 1452 1459 1490 non
1487 1434 1632 1504 quod
1675 1450 1769 1503 per
1819 1433 2047 1502 gratiam

477 1538 552 1592 sit
599 1550 788 1590 eorum
828 1533 1123 1603 particeps,
1153 1540 1315 1598 atque
1347 1529 1417 1582 ita
1456 1526 1654 1581 habeat
1685 1526 1772 1578 illa
1805 1524 1962 1577 insita
1994 1525 2050 1575 in

476 1631 719 1685 essentia
756 1642 877 1691 sua,
907 1626 1001 1680 sed
1041 1624 1185 1693 quod
1218 1622 1388 1691 ipsius
1413 1617 1798 1697 Filii‘essentia
1823 1615 1893 1670 sit
1922 1631 2051 1684 pro-

474 1724 654 1793 prium
678 1717 931 1775 essentia:
965 1724 1207 1786 paterna:
1230 1724 1453 1781 germen
1479 1709 1544 1773 is,
1592 1704 2050 1777 quemadmodum

476 1827 605 1870 ante
637 1813 770 1878 dixi,
808 1811 1063 1882 prieclare
1088 1805 1342 1877 intelligit
1387 1804 1595 1858 dictum
1629 1799 1762 1855 illud
1793 1816 1805 1852 :
1844 1797 1951 1867 Ego
1998 1798 2051 1847 in

2148 607 2211 657 ὲκ
2269 606 2467 674 μέρους
2518 605 2576 658 δὲ
2635 608 2667 675 ή
2719 606 2817 675 τῆς
2876 605 3129 676 θεότητος
3185 612 3386 679 μορφὴ,
3440 618 3551 673 ἀλλὰ
3589 628 3631 679 τι

2149 695 2422 765 πλήρωμα
2469 697 2568 764 τῆς
2621 695 2713 749 τοῦ
2770 696 2982 763 [ἰατρὸς
3037 696 3277 767 θεότητός
3345 705 3450 757 ἑστι
3490 711 3538 761 τὸ
3578 713 3633 766 εἷ.

2149 807 2239 841 ναι
2269 788 2361 842 τοῦ
2395 790 2547 843 Υξοῦ.
2586 791 2695 843 Kal
2719 790 2838 851 ὅλος
2882 788 3016 849 Θεός
3044 790 3186 841 ἐστιν
3207 794 3232 843 6
3258 793 3393 855 Υἱός.
3417 800 3498 852 Διά
3515 804 3631 859 τοῦτο

2150 882 2244 934 καὶ
2275 880 2365 935 ἴσα
2408 882 2525 948 Θεῷ
2561 881 2657 947 ὢν,
2703 884 2799 951 οὐχ
2854 882 3144 952 ἁρπαγμὸν
3180 883 3235 934 τὸ
3279 884 3405 939 εἶναι
3451 892 3526 944 [ea
3550 897 3635 949 θεώ

2151 974 2408 1041 ἡγήσατο.
2442 974 2553 1026 Καὶ
2592 975 2752 1027 πάλιν
2798 974 2985 1042 ἐπειδὴ
3037 972 3127 1025 τοῦ
3164 974 3287 1026 Υἱοῦ
3323 979 3352 1046 ἡ
3390 978 3548 1051 θεότης
3568 952 3633 1042 καὶ

2151 1064 2212 1115 τὸ
2250 1059 2387 1125 εἶδος
2424 1062 2638 1124 οὖδενὸς
2685 1061 2842 1116 ἄλλου
2886 1061 3036 1131 ἢτοῦ
3088 1064 3294 1132 Πατρός
3347 1068 3475 1133 ἐστι,
3516 1077 3636 1132 τοῦτο

2156 1154 2299 1205 ἐστιν
2325 1155 2460 1223 ὅπερ
2496 1150 2670 1217 εἶπεν,
2705 1153 2787 1206 ὃτι
2837 1152 2985 1221 Ἐγὼ
3014 1152 3085 1205 ἐν
3132 1152 3209 1217 τῷ
3234 1158 3420 1221 Πατρί.
3452 1161 3639 1226 Οὕτωςὸ

2154 1244 2283 1307 Θεὸς
2314 1240 2380 1315 ἦν
2411 1247 2467 1297 έν
2491 1245 2731 1315 Χριστῷ,
2766 1245 2972 1313 κόσμον
3005 1245 3181 1315 ἐαυτῷ
3207 1250 3566 1309 καταλλάσσων.
3588 1260 3641 1309 Τὸ

2158 1334 2266 1405 γὰρ
2306 1336 2440 1389 ἴδιον
2467 1338 2565 1405 τῆς
2591 1336 2686 1390 τοῦ
2716 1337 2926 1403 Πατρὸς
2952 1336 3137 1400 οὐσίας
3166 1338 3308 1391 ἐστὶν
3339 1341 3365 1393 6
3388 1341 3515 1405 Υἱὸς,
3541 1349 3585 1398 ἐν
3613 1345 3643 1405 ὦ

2155 1429 2399 1499 ἡκτίσις
2456 1433 2594 1496 πρὸς
2641 1430 2733 1481 τὸν
2778 1430 2911 1482 Θεὸν
2956 1429 3371 1498 κατηλλάσσετο.
3423 1403 3572 1502 Οὕτως

2159 1522 2450 1589 ἐργάζεται
2498 1523 2525 1571 6
2567 1520 2712 1584 Υἱὸς,
2741 1521 2836 1573 τοῦ
2870 1521 3081 1590 Πατρός
3114 1523 3256 1574 ἐστιν
3307 1524 3449 1592 ἔργα.
3481 1530 3541 1580 Τὸ
3566 1532 3643 1600 γὰρ

2159 1611 2297 1674 εἶδος
2326 1613 2422 1683 τῆς
2450 1613 2543 1665 τοῦ
2575 1614 2787 1683 Πατρὸς
2840 1613 3093 1681 θεότητός
3148 1615 3291 1667 ἐστιν
3329 1618 3355 1669 6
3384 1616 3512 1680 Υἱὸς,
3538 1622 3645 1685 ὅστις

2160 1705 2449 1775 ἐργάζεται
2480 1704 2550 1758 τὰ
2578 1707 2735 1774 ἔργα.
2766 1704 2925 1759 Οὕτω
2951 1706 3007 1758 δὲ
3039 1708 3065 1757 6
3100 1706 3308 1775 βλέπων
3338 1710 3421 1761 τὸν
3451 1710 3557 1765 Υἱὸν
3576 1716 3647 1785 ὁρᾷ

2161 1798 2251 1852 τὸν
2291 1797 2536 1867 Πατέρα.
2572 1798 2658 1849 Ἐν
2680 1798 2789 1865 γὰρ
2814 1799 2881 1867 τῇ
2923 1795 3154 1867 πατρῴᾳ
3186 1798 3388 1866 Θεότητί
3416 1802 3536 1867 ἐστι,
3582 1808 3647 1858 καὶ

478 1910 660 1973 Patre,
689 1920 735 1961 et
766 1880 992 1960 Peterin
1022 1920 1139 1966 me;
1172 1911 1227 1955 et
1262 1900 1390 1954 illud
1420 1917 1433 1953 :
1467 1896 1575 1967 Ego
1611 1905 1660 1949 et
1692 1894 1852 1946 Pater
1891 1907 2055 1945 unum

2169 1891 2443 1962 θεωρεῖται
2474 1894 2501 1944 6
2551 1891 2697 1953 Υἱός.
2744 1891 2855 1943 Kal
2884 1892 2945 1942 τὸ
2972 1891 3031 1943 ἐν
3082 1891 3229 1961 αὐτῷ
3281 1894 3521 1963 πατρικὸν
3547 1893 3649 1959 εἶδος

474 2017 677 2053 struma.
718 1999 813 2053 Est
838 1997 985 2050 enim
1020 1994 1210 2055 Filius,
1244 1990 1421 2061 qualis
1451 1988 1630 2054 Pater,
1660 1985 1917 2055 quoniam
1940 1999 2057 2036 0m-

477 2096 589 2155 nia,
625 2108 743 2160 qua:
778 2090 953 2144 Patris
979 2100 1124 2149 sunt,
1152 2086 1338 2140 habet.
1365 2084 1544 2149 Quare
1569 2080 1730 2135 simul
1751 2080 1911 2133 etiam
1931 2091 2053 2131 cum

480 2183 641 2235 Patre
676 2179 1031 2249 signiﬁcatur.
1058 2175 1249 2229 Nullus
1277 2175 1444 2236 enim,
1473 2172 1574 2224 nisi
1629 2170 1768 2223 ﬁlius
1810 2168 2057 2231 exsistat,

478 2285 689 2343 patrem
733 2272 1036 2341 appellarit.
1084 2268 1216 2322 Nam
1240 2268 1328 2337 qui
1364 2268 1533 2319 Deum
1562 2262 1875 2317 elfectorem
1906 2260 2058 2324 dicit,

480 2383 592 2421 non
618 2383 680 2421 ea
715 2365 977 2420 continuo
1000 2378 1117 2432 qum
1148 2362 1285 2415 facta
1326 2368 1475 2423 sunt,
1500 2358 1757 2412 ostendit.
1794 2355 1890 2409 Est
1910 2354 2058 2408 enim

480 2463 730 2525 ell'vctor,
772 2469 827 2515 et
859 2460 1037 2529 epifex
1068 2458 1227 2512 etiam
1258 2462 1549 2522 antequam
1585 2451 1673 2505 illa
1695 2451 1828 2505 sint.
1859 2449 1927 2503 At
1967 2445 2060 2516 qui

484 2555 699 2609 Patrem
750 2552 902 2615 dicit,
952 2551 1134 2604 statim
1181 2547 1450 2614 significat
1477 2555 1531 2599 et
1567 2543 1861 2599 essentiam
1910 2539 2055 2595 Filii.

485 2648 666 2712 Quare
692 2646 781 2715 qui
814 2644 986 2697 credit
1012 2643 1066 2695 in
1088 2640 1311 2703 Filium,
1338 2639 1499 2693 etiam
1530 2636 1585 2691 in
1616 2635 1831 2690 Patrem
1864 2634 2059 2689 credit.

480 2740 670 2795 Credit
694 2738 845 2791 enim
877 2737 931 2789 in
960 2733 1135 2789 Patris
1158 2731 1416 2787 essentia:
1444 2730 1857 2799 prepi-ietatem.
1887 2727 2062 2794 Atque

482 2837 556 2889 ita
613 2850 721 2889 una
765 2841 849 2887 est
883 2831 1015 2884 fides
1046 2831 1096 2882 in
1130 2843 1299 2881 unum
1330 2825 1519 2880 "cum.
1554 2823 1620 2877 Et
1647 2823 1737 2892 qui
1768 2821 1980 2883 adorat,
2009 2826 2064 2872 et

481 2929 612 2982 colit
635 2925 854 2986 Filium,
887 2924 939 2977 in
977 2922 1111 2977 Filio
1134 2920 1351 2975 Patrem
1384 2919 1549 2971 etiam
1610 2915 1801 2969 adorat
1828 2923 1883 2967 et
1911 2911 2060 2966 colit.

479 3021 600 3076 Una
633 3021 779 3074 enim
812 3026 895 3073 est
918 3018 1266 3079 divinitas,et
1296 3012 1499 3067 idcirco
1517 3024 1656 3063 unus
1691 3017 1773 3062 est
1798 3007 1992 3069 honor,
2010 3011 2066 3058 et

485 3130 593 3167 una
626 3112 870 3167 adoratio
898 3111 950 3163 in
985 3108 1144 3170 Filio,
1169 3114 1223 3160 et
1245 3120 1344 3175 per
1365 3104 1558 3157 Filium
1580 3100 1873 3154 exhibetur
1893 3094 2059 3149 Patri.

2158 1976 2431 2038 δείκνυσιν
2480 1985 2539 2036 ἐν
2579 1984 2729 2054 αύτῷ
2767 1984 2857 2036 τὸν
2889 1982 3127 2053 Πατέρα.
3170 1984 3277 2037 Καὶ
3322 1984 3475 2044 οὕτως
3500 1989 3651 2041 ἐστῖνό

2163 2075 2348 2145 Πατὴρ
2375 2078 2431 2127 ὲν
2456 2074 2533 2144 τῷ
2562 2074 2697 2145 Υἱῷ.
2736 2076 2844 2129 Kal
2877 2075 2909 2144 ή
2952 2077 3017 2128 ὲκ
3048 2073 3142 2127 τοῦ
3197 2076 3399 2145 Πατρὸς
3425 2073 3473 2128 δὲ
3500 2080 3549 2130 ἐν
3568 2079 3652 2149 Υῐῷ

2162 2168 2359 2237 ιδιότης
2384 2169 2478 2221 καὶ
2523 2167 2713 2237 Θεότης
2742 2167 2985 2220 δείκνυσι
3016 2166 3109 2221 τὸν
3164 2166 3289 2221 Υἱὸν
3321 2168 3374 2219 ἐν
3409 2168 3476 2236 τῷ
3505 2170 3651 2240 Πατρί,

2160 2260 2255 2311 καὶ
2312 2258 2398 2311 ἀεὶ
2448 2257 2755 2329 ἀδιαίρετον
2807 2257 2997 2311 αὐτοῦ.
3038 2258 3147 2309 Kal
3180 2259 3208 2311 6
3246 2258 3444 2311 ἀκούων
3487 2260 3560 2326 δὲ,
3588 2262 3654 2313 καὶ

2163 2350 2378 2421 βλέπων
2415 2352 2481 2405 τὰ
2500 2351 2768 2420 λεγόμενα
2807 2350 2935 2420 περὶ
2961 2350 3057 2402 τοῦ
3092 2351 3319 2420 ΙΙατρὸς,
3350 2350 3502 2404 ταῦτα
3538 2350 3654 2418 λεγό-

2164 2463 2301 2516 μενα
2349 2446 2478 2513 περὶ
2508 2444 2601 2498 τοῦ
2632 2445 2788 2508 Υἱοῦ,
2823 2446 2885 2498 ού
2913 2445 3055 2497 κατὰ
3083 2445 3260 2515 χάριν.
3289 2445 3319 2515 ῆ
3351 2445 3552 2516 μετοχὴν
3569 2449 3656 2499 im-

2161 2538 2424 2608 γινόμενα
2446 2542 2511 2609 τῇ
2548 2539 2708 2609 οὐσίᾳ
2726 2537 2916 2603 αὑτοῦ,
2943 2535 3063 2590 ἀλλ’
3102 2538 3184 2590 ὅτι
3216 2537 3342 2589 αὐτὸ
3376 2538 3432 2589 τὸ
3457 2532 3571 2591 εῖναι
3591 2537 3656 2590 toi

2163 2631 2317 2694 Υἱοῦ,
2374 2632 2505 2684 [διον
2560 2631 2661 2699 τῆς
2695 2632 2970 2701 πατρικῆς
3032 2631 3221 2695 οὐσίας
3276 2630 3656 2699 ἐστὶλγέννηζια,

2162 2726 2344 2795 νοήσει
2404 2724 2582 2785 καλῶς
2621 2725 2680 2777 τὸ
2710 2724 3021 2795 εἰρημένον,
3079 2724 3219 2777 καθὰ
3250 2726 3526 2791 προεῖπον·
3560 2723 3659 2791 Ἐγὼ

2162 2817 2231 2870 ἐν
2251 2816 2329 2881 τῷ
2362 2816 2565 2884 Πατρὶ,
2585 2816 2683 2870 καὶ
2717 2817 2748 2869 ό
2776 2815 2979 2884 Πατὴρ
2997 2816 3068 2869 ἐν
3084 2816 3233 2883 ἐμοί’
3262 2817 3368 2869 καεο
3386 2815 3531 2883 Ἐγὼ,
3550 2815 3660 2867 καὶὸ

2164 2910 2368 2978 Πατὴρ
2393 2910 2463 2963 ἓν
2485 2912 2694 2979 ἐσμεν.
2738 2908 2896 2964 Ἐστι
2924 2908 3035 2981 γὰρ
3079 2908 3108 2961 6
3137 2910 3282 2974 Υἱὸς,
3322 2905 3423 2972 οἷος
3451 2911 3474 2961 6
3504 2908 3660 2974 Πατὴρ,

2164 3002 2243 3073 τῷ
2273 3004 2449 3056 πάντα
2475 3003 2545 3056 τὰ
2583 3002 2677 3055 τοῦ
2716 3003 2928 3072 [ἰατρὸς
2957 3004 3126 3073 ἔχειν.
3178 3002 3268 3055 Διὸ
3310 3003 3398 3055 καὶ
3446 3000 3561 3072 μετᾶ
3595 2999 3661 3051 τοῦ

2168 3098 2383 3168 Πατρὸς
2410 3098 2755 3167 σημαίνεται.
2790 3096 3013 3165 Πατέρα
3070 3095 3180 3165 γὰρ
3233 3095 3328 3147 οὐκ
3358 3095 3417 3147 ἄν
3443 3112 3513 3155 τις
3540 3094 3661 3154 εἴποι,

486 3207 553 3261 Et
576 3207 665 3275 qui
693 3206 771 3259 sic
789 3204 1040 3265 adorant,
1079 3214 1247 3253 unum
1290 3197 1481 3251 adorat
1512 3194 1704 3247 Deum.
1737 3191 1888 3247 Unus
1917 3188 2063 3243 enim

2174 3190 2247 3260 μὴ
2281 3190 2617 3259 ὑπάρχοντος
2651 3188 2805 3245 Υἰοῦ.
2855 3189 2913 3242 '0
2966 3188 3151 3256 μέντοι
3180 3186 3399 3256 ποιητὴν
3425 3186 3569 3254 λέγων
3603 3184 3665 3236 τὸν

488 3300 630 3354 Deus
647 3310 751 3359 est,
770 3306 826 3350 et
844 3310 951 3349 non
973 3301 1057 3349 est
1074 3293 1211 3346 alius
1231 3299 1429 3359 praeter
1452 3289 1652 3357 ipsum.
1674 3285 1739 3338 Et
1763 3283 1924 3337 verba
1943 3282 2059 3335 illa:

488 3391 599 3461 Ego
618 3407 755 3451 sum,
781 3398 827 3442 et
856 3396 1044 3457 prater
1069 3400 1147 3438 me
1169 3399 1271 3436 non
1302 3392 1376 3435 est
1401 3382 1539 3433 alius
1568 3378 1703 3431 Deus
1750 3378 1805 3439 ';
1836 3384 1925 3428 et:
1952 3372 2064 3445 Ego

487 3485 689 3554 primus
714 3484 769 3546 ³;
816 3489 871 3535 ct
905 3478 1051 3547 :Ego
1083 3484 1197 3546 post
1227 3476 1337 3528 hac
1360 3473 1403 3540 ⁸,
1436 3479 1586 3525 recte
1607 3468 1887 3523 dicuntur.
1920 3464 2065 3519 Deus

488 3579 635 3633 enim
678 3590 840 3638 unus,
871 3583 924 3627 et
971 3571 1139 3634 solus,
1195 3578 1249 3622 et
1299 3566 1507 3637 primus
1550 3570 1653 3617 est.
1715 3560 1826 3614 Nec
1870 3557 2068 3611 tollunt

484 3675 682 3728 Filium
715 3672 829 3726 [nec
858 3670 1046 3724 verba.
1078 3665 1254 3720 Absit!
1293 3664 1389 3718 Est
1414 3660 1563 3716 enim
1586 3667 1641 3714 et
1666 3656 1782 3728 ipse
1811 3654 1985 3708 Filius
2010 3652 2065 3706 in

490 3783 620 3833 uno,
651 3776 703 3820 et
738 3764 873 3827 solo,
901 3771 954 3816 et
990 3759 1189 3829 primo.
1229 3755 1300 3811 Ut
1345 3754 1437 3824 qui
1468 3753 1651 3817 unius,
1675 3758 1731 3805 et
1774 3748 1969 3811 solius,
2011 3754 2069 3803 et

484 3860 648 3929 primi
685 3857 835 3911 solus
867 3864 953 3908 eet
986 3851 1253 3911 Verbum,
1278 3856 1333 3900 et
1366 3842 1657 3915 sapientia,
1686 3849 1743 3896 et
1787 3838 2063 3907 splendor.

487 3952 605 4006 Non
632 3950 793 4021 igitur
820 3955 879 4000 ut
910 3945 1130 3999 tollatur
1164 3941 1355 4005 Filius,
1390 3939 1507 3993 haec
1536 3937 1679 3991 dicta
1719 3943 1867 3999 sunt,
1892 3933 1986 3987 sed
2012 3940 2071 3986 ut

490 4044 833 4100 ostendatur,
870 4054 978 4092 non
1004 4050 1123 4091 esse
1168 4035 1358 4095 alium,
1412 4030 1588 4099 qualis
1636 4036 1720 4081 est
1770 4025 1952 4090 Pater,
2014 4034 2070 4079 et

491 4134 652 4205 quale
698 4143 781 4187 εει
836 4127 1097 4184 Υιιιιὶιιιιιι.
1163 4123 1399 4183 Etenim,
1450 4120 1705 4188 quoniam
1763 4119 1853 4186 qti
1904 4116 2073 4171 falsos

492 4232 722 4283 adorant
741 4224 893 4283 deos,
924 4236 954 4274 a
987 4235 1117 4273 vero
1135 4216 1245 4271 Deo
1280 4214 1583 4272 deciscunt,
1618 4210 1759 4264 Deus
1789 4209 1881 4279 qui
1913 4208 2071 4262 beni-

494 4335 633 4389 gnus
664 4327 767 4378 est.
794 4327 847 4370 et
884 4315 1135 4368 homines
1181 4314 1358 4370 curat,
1390 4316 1654 4358 revocans
1708 4312 1762 4355 et
1818 4308 2073 4354 avertens

495 4431 590 4469 eos
615 4414 680 4467 ab
698 4423 879 4465 errore
903 4424 920 4462 :
952 4404 1083 4475 Ego,
1111 4400 1305 4471 inquit,
1330 4399 1466 4453 Deus
1484 4395 1661 4458 solus;
1683 4405 1738 4448 et
1764 4412 1776 4448 :
1808 4392 1918 4462 Ego
1933 4408 2071 4454 smn,

496 4520 544 4563 et
575 4516 765 4577 prwter
796 4519 878 4558 me
922 4516 1027 4557 non
1060 4506 1134 4551 est
1178 4496 1345 4560 Deus,
1380 4500 1435 4547 et
1464 4492 1568 4547 alia
1609 4488 1898 4558 ejusmodi.
1941 4486 2075 4550 Qum

2168 3282 2301 3335 Θεὸν
2358 3282 2416 3332 ού
2444 3282 2660 3341 πάντως
2693 3280 2784 3332 καὶ
2820 3279 2886 3332 τὰ
2916 3278 3183 3347 γενόμενα
3209 3278 3369 3350 δηλοῖ.
3420 3278 3549 3331 Ἐστι
3591 3278 3666 3344 γὰρ

2172 3375 2264 3426 καὶ
2299 3373 2403 3444 πρὸ
2459 3373 2569 3425 τῶν
2607 3372 2927 3441 ποιημάτων
2980 3374 3239 3443 ποιητής.
3308 3372 3363 3424 Ὀ
3400 3370 3449 3422 δὲ
3504 3370 3666 3439 Πατέρα

2171 3465 2345 3533 λέγων
2383 3464 2550 3526 εὐθὺς
2577 3464 2719 3533 μετὰ
2742 3462 2835 3517 τοῦ
2870 3463 3089 3533 Πατρὸς
3124 3462 3372 3533 σημαίνει
3401 3462 3481 3514 καὶ
3508 3464 3586 3530 τὴν
3602 3458 3668 3510 τοῦ

2172 3558 2302 3610 Υἱοῦ
2360 3557 2619 3627 ὓπαρξιν.
2676 3555 2777 3608 Διὰ
2805 3555 2967 3607 τοῦτο
3022 3558 3117 3609 καὶ
3147 3558 3175 3608 6
3227 3554 3483 3608 πιστεύων
3512 3555 3574 3614 εἰς
3605 3550 3669 3602 τὸν

2173 3648 2302 3703 Υῐὸν
2330 3652 2407 3711 εἰς
2455 3649 2548 3701 τὸν
2596 3649 2815 3718 Πατέρα
2866 3648 3140 3702 πιστεύει.
3181 3648 3289 3699 Καὶ
3313 3645 3443 3699 οὕτω
3467 3643 3670 3714 μίαέστὶν

2174 3744 2209 3813 ἡ
2245 3744 2427 3806 πίστις
2452 3744 2534 3805 εἰς
2558 3742 2654 3796 ἕνα
2680 3741 2831 3794 Θεόν.
2868 3743 2974 3793 Kal
3002 3744 3029 3794 6
3064 3740 3382 3811 προσκυνῶν
3417 3739 3485 3797 δὲ,
3517 3737 3591 3789 καὶ
3614 3752 3671 3785 τι·

2179 3835 2295 3905 μῶν
2322 3835 2416 3887 τὸν
2459 3834 2597 3899 Υἱὸν,
2629 3836 2685 3886 ἐν
2713 3832 2827 3904 Υἱῷ
2858 3836 3164 3904 προσκυνεῖ
3213 3833 3303 3885 καὶ
3344 3833 3468 3901 τιμᾷ
3499 3830 3573 3882 τὸν
3597 3828 3674 3878 Πομ

2174 3927 2330 3995 τέρα.
2377 3925 2492 3980 Μία
2548 3925 2655 3996 γάρ
2692 3927 2840 3978 ἐστιν
2874 3927 2907 3995 ἡ
2939 3924 3135 3997 Θεότης
3161 3966 3175 3989 ,
3217 3925 3312 3979 καὶ
3359 3922 3440 3976 διὰ
3460 3921 3589 3975 τοῦτο
3610 3917 3676 3983 μία

2175 4022 2332 4089 τιμὴ,
2364 4021 2456 4075 καὶ
2506 4020 2602 4089 μία
2652 4020 2769 4071 ἐστὶ
2820 4017 3199 4085 προσκύνησις
3252 4019 3309 4070 ἐν
3360 4014 3494 4083 Υῐῷ,
3530 4007 3674 4063 καὶδι⁴

2178 4110 2345 4165 αὐτοῦ
2394 4110 2652 4180 γινομένη
2686 4108 2763 4178 τῷ
2803 4110 3003 4179 Πατρί.
3038 4110 3152 4162 Καὶ
3181 4110 3208 4159 6
3237 4108 3372 4159 οὕτω
3423 4098 3675 4172 προσκυνῶν

2177 4205 2277 4258 ’ἐνα
2321 4203 2453 4255 Θεὸν
2502 4204 2820 4272 προσκυνεῖ.
2876 4195 2968 4261 Εἷς
3018 4202 3130 4270 γὰρ
3187 4199 3319 4261 Θεός
3361 4190 3678 4258 {cruminis

2178 4296 2325 4349 ἐστιν
2353 4296 2509 4358 ἄλλος
2535 4294 2674 4365 πλὴν
2715 4292 2903 4347 αὑτοῦ.
2937 4294 3046 4346 Kal
3092 4293 3155 4345 τὸ
3191 4290 3336 4360 Ἓγὼ
3360 4291 3485 4357 ειμι,
3514 4282 3678 4338 καὶούκ

2180 4384 2491 4448 ἕστιπλὴν
2518 4382 2663 4452 ἐμοῦ
2689 4384 2878 4448 ἄλλος
2904 4383 3069 4449 Θεόςο
3098 4382 3194 4435 καὶ
3223 4380 3305 4433 τό⁶
3341 4377 3477 4449 Ἐγὼ
3494 4372 3680 4441 πρῶτος.

2182 4479 2277 4530 καὶ
2306 4478 2365 4531 τὸ
2406 4476 2553 4545 Ἐγὼ
2596 4477 2746 4546 μετὰ
2788 4475 2974 4529 ταῦτα
3001 4475 3184 4537 καλῶς
3233 4474 3460 4539 λέγεται.
3495 4463 3573 4528 Εἷς
3605 4462 3683 4530 γὰρ

495 4555 715 4672 quidem
739 4597 922 4652 omnia
952 4590 1215 4661 loquitur,
1250 4595 1391 4640 utea
1420 4599 1541 4653 quae
1569 4597 1675 4636 non
1712 4589 1860 4641 sunt,
1889 4576 2064 4645 expel«

2177 4569 2310 4632 Θεὸς
2341 4570 2433 4622 καὶ
2464 4571 2645 4637 μόνος,
2675 4569 2769 4620 καὶ
2792 4566 3009 4636 πρῶτός
3033 4568 3206 4620 ἐστιν.
3232 4565 3341 4617 Ούκ
3368 4564 3442 4623 εἰς
3470 4555 3685 4623 ἀναίρεσιν

2181 4664 2222 4672 --
2342 4661 2365 4671 -
2421 4662 2484 4672 ι...
2526 4659 2550 4670 ι-
2597 4661 2611 4672 .
2640 4661 2650 4672 .
2868 4660 2886 4671 .
3090 4659 3100 4672 1
3227 4658 3238 4672 ι
3366 4670 3372 4672 Α
3414 4671 3421 4672 ,
3483 4645 3685 4672 1--....“

495 4668 589 4757 lat,
627 4703 677 4747 et
707 4703 899 4745 omnes
931 4684 1179 4739 homines
1205 4680 1273 4735 ad
1298 4693 1355 4734 se
1386 4682 1683 4731 convertat.
1713 4676 1788 4726 Ac
1810 4668 2075 4739 quemad-

496 4789 721 4847 modum
761 4785 806 4838 si
846 4782 968 4851 quis
998 4792 1121 4831 cum
1152 4775 1271 4828 dies
1297 4779 1462 4833 esset.
1492 4779 1546 4823 et
1585 4769 1665 4822 sol
1703 4766 2071 4825 illuceseeret,

494 4886 703 4952 itgnutn
762 4874 1078 4943 simpliciter
1114 4870 1379 4939 pingeret,
1412 4876 1515 4916 nec
1548 4861 1655 4913 ulla
1707 4857 1846 4911 lucis
1893 4854 2079 4909 habita

504 4976 714 5027 ratione
762 4970 990 5030 diceret,
1028 4965 1291 5035 picturam
1322 4958 1471 5011 illam
1499 4967 1625 5007 esse
1671 4948 1808 5002 lueis
1834 4961 2080 5008 causam,

502 5066 586 5121 sol
631 5070 812 5117 autem
858 5074 917 5113 re
967 5062 1255 5126 perspecta
1302 5050 1607 5104 clamaret:
1641 5041 1771 5109 Ego,
1804 5039 2078 5108 inquiens,

503 5175 624 5215 sum
653 5159 745 5212 lux
770 5156 897 5215 diei,
928 5167 1031 5206 nec
1060 5146 1206 5202 aliud
1234 5144 1402 5197 ullum
1429 5149 1513 5195 est
1540 5139 1650 5193 diei
1678 5139 1859 5191 lumen
1888 5143 2083 5203 praeter

508 5265 713 5314 meum,
755 5247 800 5301 si
846 5245 1028 5300 solita
1059 5242 1397 5307 loqueretur,
1435 5247 1548 5286 non
1584 5246 1649 5285 eo
1692 5237 1984 5299 spectaret,
2025 5236 2085 5280 ut

508 5343 853 5414 splendorem
910 5349 1091 5397 suum,
1140 5329 1235 5384 sed
1286 5336 1347 5381 ut
1382 5338 1625 5379 errorem
1670 5332 1729 5377 et
1772 5320 2062 5376 stultitiam

510 5411 676 5498 illius,
731 5432 819 5500 qui
858 5427 989 5497 ligni
1040 5421 1277 5492 speciem
1326 5417 1688 5487 depinxisset,
1745 5411 2084 5475 excluderet,

479 5532 485 5537 ’
510 5532 590 5583 sic
621 5529 763 5581 Deus
790 5540 806 5577 :
836 5521 969 5589 Ego,
999 5514 1195 5582 inquit,
1226 5528 1378 5578 sum;
1429 5520 1483 5566 et
1512 5529 1524 5563 :
1553 5509 1664 5580 Ego
1701 5505 2007 5569 Deussoius,
2043 5512 2093 5558 et

512 5637 613 5681 non
646 5628 719 5672 est
768 5614 904 5668 alius
934 5617 1127 5680 prater
1178 5621 1281 5669 me,
1308 5612 1366 5657 ut
1420 5601 1675 5656 homines
1722 5615 1750 5652 a
1784 5597 1937 5652 falsis
1970 5596 2089 5651 deis

516 5711 763 5773 colendis
793 5711 1064 5762 averteret
1113 5710 1169 5757 et
1231 5705 1507 5763 avocaret,
1557 5702 1614 5748 et
1654 5692 1724 5747 ad
1784 5704 1845 5745 se
1902 5703 2097 5745 verum

593 5854 607 5891 ν
642 5851 681 5904 ιι
718 5847 845 5904 Cor.
873 5862 924 5912 γ,
948 5845 1034 5901 19.
1112 5843 1132 5873 ⁸
1173 5839 1277 5893 lsa.
1318 5851 1463 5897 XLIV,
1498 5834 1550 5889 6.
1629 5832 1649 5865 ⁸
1675 5831 1806 5887 ibid.
1884 5830 1903 5859 ⁵
1936 5828 2067 5882 ibid.

2177 4664 2235 4715 δὲ
2274 4661 2369 4713 τοῦ
2421 4659 2553 4713 Υἱοῦ
2597 4661 2743 4728 λέγει
2789 4660 2985 4722 ταῦτα,
3040 4659 3117 4728 μὴ
3178 4658 3383 4726 γένοιτο
3410 4671 3424 4685 ’
3482 4645 3685 4712 ἔστιγὰρ

2182 4759 2277 4811 καὶ
2309 4756 2471 4818 αὐτὸς
2502 4757 2561 4808 ὲν
2588 4754 2665 4823 τῷ
2689 4754 2790 4816 ἑνὶ,
2827 4756 2924 4805 καὶ
2958 4752 3131 4822 μόνῳ,
3159 4752 3256 4804 καὶ
3302 4750 3513 4818 πρώτῳ,
3548 4736 3687 4800 ὡςτοῦ

2184 4851 2300 4912 ἑνὸς
2331 4850 2424 4902 καὶ
2460 4848 2650 4916 μόνου,
2699 4844 2793 4899 καὶ
2821 4844 3041 4913 πρῶτον
3087 4843 3249 4913 μόνος
3305 4842 3486 4906 Λόγος,
3532 4831 3691 4883 καὶσΨ

2180 4941 2304 5010 (pia,
2331 4940 2424 4993 καὶ
2459 4938 2801 5007 ἀπαύγασμα
2852 4936 2927 4990 ῶν
2948 4953 2961 4968 ⁸
2986 4934 3190 4990 οὔκουν
3227 4933 3294 4987 δι’
3329 4930 3479 4984 αὐτὸν
3512 4926 3689 4994 εἴρηται,

2188 5033 2306 5086 ἀλλ’
2335 5033 2414 5095 εἰς
2440 5031 2723 5100 ἀναίρεσιν
2774 5031 2869 5081 τοῦ
2925 5030 3000 5098 μὴ
3031 5022 3173 5081 εἶναι
3201 5027 3404 5095 ἕτερον,
3438 5015 3537 5079 οἷός
3584 5015 3692 5067 ἐστιν

2184 5127 2215 5179 6
2242 5124 2453 5193 Πατὴρ,
2503 5124 2599 5175 καὶ
2628 5125 2654 5175 6
2682 5122 2872 5173 τούτου
2904 5121 3097 5187 Λόγος.
3146 5117 3361 5186 Ἐπειδὴ
3384 5112 3483 5181 γὰρ
3507 5108 3551 5162 οἱ
3576 5117 3695 5193 προσς

2184 5220 2427 5288 κείμενοι
2482 5220 2593 5279 τοῖς
2643 5215 3024 5284 ψευδωνύμως
3099 5213 3250 5275 θεοῖς
3306 5208 3600 5277 ἀφίστανται
3629 5190 3693 5245 τῡῦ

2191 5310 2449 5383 ἀληθινοῦ
2470 5310 2633 5373 Θεοῦ,
2669 5309 2760 5361 διὰ
2788 5308 2943 5361 τοῦτο
2971 5306 3179 5375 ἀγαθὸς
3212 5304 3311 5364 ὢν,
3346 5292 3433 5355 καὶ
3467 5294 3697 5366 κηδόμενος

2197 5410 2305 5463 τῶν
2337 5408 2431 5462 ἀνθ
2446 5408 2641 5477 ρώπων
2666 5406 2694 5458 6
2721 5404 2877 5469 Θεὸς,
2928 5402 3373 5471 ἀνακαλούμενος
3402 5395 3515 5454 τοὺς
3548 5389 3699 5449 πλανη-

2200 5502 2411 5562 θέντας,
2444 5496 2608 5568 φησιν
2634 5511 2649 5527 ο
2696 5495 2845 5563 Ἐγὼ
2892 5496 3039 5559 Θεὸς
3058 5495 3273 5562 μόνος,
3307 5490 3399 5543 xal
3453 5478 3580 5551 Ἑγώ
3600 5479 3697 5568 εἶμι,

2202 5591 2301 5645 καὶ
2336 5562 2516 5654 πλὴν.
2536 5586 2684 5655 ἐμοῦ
2724 5562 2835 5641 ούκ
2871 5587 3004 5639 ἐστι
3056 5582 3223 5647 Θεὸς,
3281 5581 3376 5632 καὶ
3411 5576 3502 5628 ὅσα
3533 5562 3699 5655 comi-Ita

2208 5684 2370 5754 ῥητὰ,
2405 5647 2493 5734 ἵνα
2544 5647 2610 5732 τὰ
2653 5678 2753 5748 μὲν
2789 5677 2863 5747 μὴ
2906 5676 3035 5729 ὄντα
3081 5674 3336 5741 διαϐάλῃ,
3388 5647 3701 5729 ἑπιστρέᾇῃδὲ
