3860 6554
487 442 590 509 415

1740 437 2121 503 summu
2161 436 2523 498 ZIGABENI
3624 433 3703 495 ,εἶθ

490 556 666 623 imago
719 569 826 606 non
876 553 969 617 sit,
1010 553 1199 606 sedne
1252 532 1637 621 proprietatem
1693 549 1909 616 quidem
1966 554 2057 601 aut

2166 543 2298 597 Θεοῦ
2323 561 2338 609 ;
2363 544 2493 615 περὶ
2528 540 2586 595 δὲ
2618 538 2806 606 αὐτοῦ,
2853 539 2937 593 ὅτι
2964 538 3122 608 μόνος
3163 536 3331 591 εἰκὼν
3362 535 3600 609 ἀληθινὴ,
3629 546 3703 597 καὶ

488 646 895 699 similitudinem
924 645 1100 699 Patris
1136 644 1300 697 ullam
1358 643 1559 695 habere
1610 639 1877 693 videatur.
1930 636 2062 703 Qua:

488 737 630 789 enim
676 736 771 796 illi.
821 736 865 789 si
909 736 1310 790 commutabilis
1360 746 1461 795 est,
1500 750 1623 788 cum
1652 732 1811 787 Patre
1866 732 2061 786 simili-

492 825 658 878 tudo?
686 825 747 879 Et
778 824 978 879 Paulus
1003 826 1232 879 docebat
1262 840 1449 879 eorum
1476 825 1694 888 similia,
1718 839 1838 892 qua!
1862 824 2063 877 docue—

492 926 573 970 rat
616 917 889 979 Servator,
931 932 1033 970 nec
1074 925 1254 970 tamen
1318 916 1366 969 ei
1413 917 1606 969 similis
1650 928 1767 969 erat
1805 916 2059 969 essentia.

491 1010 771 1076 Ejusmodi
811 1019 938 1063 sunt
988 1010 1215 1061 istorum
1257 1024 1436 1077 nugae.
1499 1010 1567 1061 At
1595 1008 1762 1061 Filius
1795 1018 1845 1061 et
1900 1007 2059 1060 Pater

488 1104 566 1154 se
598 1116 765 1153 unum
793 1109 939 1165 sunt,
971 1109 1029 1152 nt
1060 1098 1254 1151 Filium
1285 1114 1406 1151 cum
1431 1097 1605 1160 Patre,
1633 1107 1689 1151 et
1709 1097 2059 1167 splendorem

488 1206 612 1245 eum
641 1190 755 1244 sole
788 1206 955 1242 unum
1001 1204 1124 1243 esse
1170 1190 1569 1259 cognoscimus.
1616 1188 1688 1241 Ex
1721 1205 1827 1256 quo
1880 1188 1955 1243 iit.
2000 1196 2064 1241 nt

490 1290 683 1350 agente
728 1279 868 1333 Filio
896 1278 1057 1334 Pater
1089 1289 1232 1350 agat,
1267 1291 1319 1333 et
1352 1280 1601 1333 veniente
1653 1279 1790 1333 Filio
1829 1283 1892 1333 ad
1941 1294 2064 1332 san-

491 1384 631 1437 ctos,
674 1372 833 1425 Pater
868 1373 921 1425 in
953 1374 1091 1427 Filio
1132 1375 1335 1427 veniat.
1383 1374 1617 1441 lmagine
1645 1373 1789 1425 enim
1821 1373 2064 1426 cernitur

489 1462 671 1527 Pater,
694 1474 749 1515 et
781 1463 833 1515 in
859 1462 1147 1531 splendOi-e
1172 1464 1261 1517 lux
1287 1473 1393 1516 est.
1424 1463 1788 1535 Quapmptcr,
1811 1467 1869 1513 ut
1900 1461 2062 1530 panlo

489 1562 616 1607 ante
640 1554 897 1614 diximus,
930 1552 1088 1605 Patre
1141 1555 1365 1623 gratiam
1412 1562 1464 1606 et
1522 1566 1710 1620 pacem
1775 1552 2059 1620 largiente,

488 1662 608 1698 eam
642 1645 865 1714 largitur
901 1644 1091 1709 Filius,
1119 1654 1175 1697 ut
1220 1646 1420 1698 Paulus
1447 1646 1499 1697 in
1534 1644 1786 1696 omnibus
1809 1642 2063 1711 Epistolis

489 1738 605 1790 suis
649 1736 919 1806 signiﬁcat
967 1753 979 1789 :
1019 1738 1203 1790 Gratia
1266 1738 1429 1799 vobis,
1474 1736 1749 1803 inquiens,
1793 1744 1842 1787 et
1896 1748 2058 1801 paxa

488 1829 597 1881 Deo
638 1827 803 1882 Patre
850 1840 1024 1881 nostra
1070 1840 1117 1881 et
1157 1830 1378 1881 Domino
1427 1828 1554 1881 Jesu
1604 1826 1808 1880 Christo
1840 1826 1880 1878 ¹.
1940 1825 2059 1878 Una

2165 640 2325 703 φύσει
2343 635 2438 689 τοῦ
2476 636 2690 702 Πατρός
2719 634 2889 687 ἐστιν.
2923 631 2983 684 Ei
3018 631 3127 701 γάρ
3156 630 3249 683 καὶ
3277 632 3405 682 κατ’
3436 632 3608 686 εἰκόνα
3630 650 3704 700 γε·

2163 727 2420 797 γόναμεν,
2450 728 2543 778 καὶ
2568 724 2754 790 είκὼν,
2784 724 2880 776 καὶ
2920 722 3047 789 δόξα
3077 722 3211 775 Θεοῦ
3255 722 3700 792 ὲχρηματίσαμεν,

2162 819 2279 872 ἀλλ’
2318 818 2376 871 οῦ
2413 818 2480 870 δι’
2510 818 2737 879 ἑαυτοὺς
2787 816 2973 880 πάλιν,
3031 814 3119 866 διὰ
3145 814 3199 866 δὲ
3246 815 3354 883 τὴν
3383 816 3705 884 ὲνοικήσασαν

2162 910 2295 978 ἡμῖν
2331 910 2536 971 εἰκόνα,
2584 910 2677 961 καὶ
2714 906 2890 977 άληθῆ
2922 906 3078 970 δόξαν
3122 906 3215 957 τοῦ
3242 904 3406 968 Θεοῦ,
3440 906 3558 975 ἥτις
3587 906 3705 959 ἐστὶν

2162 1001 2191 1051 6
2229 998 2398 1067 Λόγος
2436 997 2531 1051 τοῦ
2575 996 2742 1062 Θεοῦ,
2789 996 2908 1048 όδι’
2964 997 3110 1064 ἡμᾶς
3164 994 3399 1061 ὕστερον
3452 994 3707 1062 γενόμενος

2166 1088 2325 1157 σὰρξ,
2354 1086 2560 1156 ταύτην
2588 1089 2689 1157 τῆς
2712 1087 2955 1157 κλήσεως
2981 1084 3176 1154 ἔχομεν
3198 1084 3296 1153 τὴν
3333 1085 3516 1155 χάριν.
3548 1085 3707 1153 Ἀνάγ-

2164 1200 2232 1250 κη
2267 1181 2321 1233 δὲ
2375 1180 2473 1252 τὴν
2496 1180 2758 1249 ὁμοίωσιν
2803 1179 2897 1233 καὶ
2930 1179 3026 1249 τὴν
3056 1178 3284 1245 ἑνότητα
3318 1180 3411 1229 ἐπ’
3443 1179 3601 1249 αὐτὴν
3629 1179 3704 1249 τὴν

2163 1272 2351 1325 οὐσίαν
2376 1270 2467 1323 τοῦ
2501 1269 2632 1323 Υίοῦ
2671 1270 2882 1339 φέρειν.
2932 1271 2989 1321 EE
3018 1269 3125 1338 γάρ
3162 1270 3237 1339 μὴ
3264 1268 3415 1321 οὕτω
3456 1286 3537 1331 τις
3560 1270 3700 1337 λέγει,

2164 1362 2286 1415 οῦτε
2312 1362 2470 1415 πλέον
2490 1379 2542 1415 τι
2581 1362 2689 1413 τῶν
2737 1361 2977 1429 γενητῶν
3022 1361 3160 1430 ἔχων
3189 1360 3516 1429 φανήσεται,
3548 1359 3704 1428 ὥσπερ

2165 1456 2401 1522 εἴρηται,
2431 1452 2553 1506 οὔτε
2577 1453 2669 1505 τοῦ
2701 1452 2911 1522 Πατρδς
2935 1454 3118 1521 ὅμοιος
3138 1450 3318 1513 ἔσται,
3344 1449 3483 1504 άλλά
3508 1450 3609 1502 τῶν
3628 1452 3703 1502 τοῦ

2166 1545 2377 1612 Πατρδς
2412 1544 2593 1612 ὅμοιος
2625 1543 2779 1595 ἔσται
2806 1542 3115 1611 δογμάτων,
3152 1543 3246 1595 καὶ
3270 1540 3369 1594 τοῦ
3402 1541 3599 1611 Πατρδς
3617 1540 3709 1593 διας

2165 1636 2343 1704 φέρει.
2380 1635 2500 1687 Ὀτι
2537 1635 2637 1702 μὲν
2673 1634 2859 1704 Πατὴρ
2890 1636 3078 1704 Πατήρ
3112 1636 3253 1697 ἐστι,
3282 1634 3355 1686 τά
3393 1632 3449 1686 δὲ
3478 1634 3707 1702 δόγματα,

2166 1728 2260 1778 καὶ
2286 1728 2318 1795 ἡ
2341 1726 2657 1779 διδασκαλία
2689 1726 2785 1779 τοῦ
2821 1726 3032 1795 Πατρός
3082 1728 3250 1778 ἐστιν.
3278 1726 3343 1777 Ei
3378 1725 3553 1778 τοίνυν
3596 1726 3708 1777 κατὰ

2166 1817 2234 1867 τὰ
2262 1816 2509 1884 δόγματα
2561 1818 2656 1869 καὶ
2684 1816 2784 1884 τὴν
2813 1815 3162 1870 διδασκαλίαν
3183 1815 3375 1884 ὅμοιός
3401 1817 3543 1867 ἐστιν
3565 1816 3590 1867 6
3611 1815 3708 1877 Υἱὸς

488 1919 637 1971 enim
672 1929 727 1973 et
754 1919 940 1973 eadem
981 1930 1063 1972 est
1096 1919 1264 1987 gratia
1298 1934 1326 1971 a
1362 1917 1518 1969 Patre
1563 1918 1615 1968 in
1656 1916 1815 1979 Filio,
1845 1927 1903 1969 ut
1952 1931 2057 1968 una

2166 1910 2256 1962 τοῦ
2296 1909 2527 1978 Πατρδς,
2552 1910 2578 1961 6
2610 1908 2711 1978 μὲν
2747 1909 2939 1977 Πατὴρ
2973 1907 3093 1960 κατ’
3122 1909 3327 1970 αὐτοὺς
3378 1908 3590 1978 ὀνόματι
3618 1909 3705 1960 Πα-

491 2010 583 2063 Ιιιιι
611 2019 694 2064 εει
728 2011 860 2063 solis
889 2020 941 2063 et
976 2011 1298 2077 splendoris.
1335 2010 1570 2062 Rursum
1602 2009 1667 2062 ad
1702 2008 2057 2062 Thessaloni-

492 2115 687 2155 censes
721 2101 989 2159 scribens,
1034 2112 1287 2169 precatur
1334 2116 1348 2153 :
1403 2101 1539 2169 Ipse,
1588 2099 1866 2164 inquiens,
1922 2099 2059 2150 Deus

490 2201 686 2253 noster,
733 2202 780 2245 et
838 2190 1088 2245 Dominus
1148 2202 1318 2245 noster
1366 2192 1515 2245 Jcsus
1564 2191 1802 2243 Christus
1868 2191 2061 2254 dirigat

489 2289 629 2340 viam
658 2295 891 2341 nostram
919 2287 987 2339 ad
1024 2303 1109 2339 vos
1138 2287 1184 2342 ⁸.
1222 2286 1278 2339 In
1309 2300 1414 2353 quo
1453 2282 1669 2352 quidem
1723 2283 1841 2334 loco
1891 2283 2067 2333 anim-

488 2381 883 2434 advertendum
967 2388 1074 2444 est,
1142 2380 1318 2448 ipsum
1374 2391 1480 2431 non
1528 2376 1759 2429 dicere:
1797 2373 2062 2442 Dirigant,

489 2470 611 2533 sed,
678 2469 913 2539 Dirigat,
958 2477 1016 2522 ut
1044 2484 1154 2522 non
1180 2478 1432 2537 tanquam
1476 2482 1502 2517 a
1531 2465 1745 2519 duobus
1791 2463 2059 2533 duplicem

490 2564 742 2631 gratiam,
791 2562 886 2615 sed
942 2571 1000 2616 ut
1044 2564 1113 2615 ab
1158 2575 1269 2614 uno
1311 2559 1538 2627 gratiam
1600 2572 1761 2610 unam
1805 2556 1923 2610 dari
1961 2554 2061 2606 dc-

491 2664 778 2710 monstret.
838 2655 1109 2719 Quoniam
1166 2652 1328 2706 Pater
1375 2652 1516 2704 illam
1563 2665 1662 2719 per
1707 2648 1900 2702 Filium
1946 2648 2060 2705 dat.

491 2745 625 2810 Qua:
663 2748 821 2816 plane
854 2761 941 2800 res
967 2744 1141 2799 Patris
1176 2753 1230 2797 et
1262 2742 1383 2797 Filii
1417 2742 1622 2796 indicat
1668 2740 1955 2793 unitatem.

2163 2002 2267 2069 τὴρ
2294 2001 2465 2063 ἐστιν,
2500 2001 2528 2052 6
2554 2000 2611 2053 δὲ
2641 1999 2767 2061 Υἱὸς
2793 2002 2895 2051 οῦκ
2921 1998 3347 2065 ἀπαράλλακτος
3382 1998 3561 2061 είκὼν,
3592 2000 3702 2067 μᾶλ-

2165 2092 2255 2143 λον
2285 2091 2342 2143 δὲ
2386 2090 2524 2157 ,οὐδὲ
2554 2090 2692 2151 ὅλως
2726 2089 2985 2159 ἰδιότητα,
3016 2089 3334 2160 ῆὸμοίωσίν
3362 2106 3479 2142 τινα
3518 2088 3603 2140 τοῦ
3623 2089 3708 2141 ﬂa-

2166 2182 2292 2250 τρδς
2324 2180 2461 2250 ἔχων
2489 2181 2815 2251 φανήσεται.
2848 2180 2983 2232 Ποία
3004 2181 3112 2250 γὰρ
3136 2181 3403 2250 ὁμοίωσις
3432 2180 3523 2231 καὶ
3546 2179 3707 2248 ἰδιότης

2172 2274 2250 2343 τῷ
2278 2273 2785 2344 παρεξηλλαγμένῳ
2817 2271 2912 2325 τοῦ
2953 2272 3166 2342 Πατρός
3194 2289 3209 2337 ;
3258 2274 3376 2326 Καὶ
3405 2274 3510 2341 γάρ
3538 2272 3561 2324 6
3593 2271 3703 2323 Παῦ-

2168 2367 2259 2429 λος
2289 2368 2451 2435 ὄμοια
2481 2365 2558 2435 τῷ
2594 2363 2772 2434 Πατρὶ
2803 2363 3090 2427 διδάσκων,
3146 2364 3247 2416 οὐκ
3304 2361 3373 2433 ἦν
3409 2363 3526 2415 κατ’
3556 2363 3707 2416 οὐσίαν

2168 2460 2349 2527 ὅμοιος
2380 2458 2548 2527 αὐτῷ.
2593 2458 2821 2511 Ἐκεῖνοι
2864 2456 2965 2526 μὲν
2994 2452 3088 2511 οὖν
3119 2457 3350 2509 τοιαῦτα
3382 2454 3702 2525 φλυαροῦσιν·

2166 2550 2194 2602 6
2218 2549 2273 2601 δὲ
2300 2549 2424 2611 Υἱὸς
2456 2550 2548 2601 καὶ
2574 2549 2601 2599 6
2646 2549 2836 2619 Πατὴρ
2860 2548 3034 2611 οὕτως
3074 2548 3216 2600 εἰσὶν
3241 2547 3322 2610 ἓν,
3342 2547 3418 2610 ὡς
3442 2548 3573 2598 ἐστιν
3592 2547 3705 2605 ἰδεῖν,

2169 2642 2265 2695 καὶ
2315 2643 2454 2693 νοεῖν
2492 2641 2619 2693 Υίδν
2668 2641 2804 2708 πρὸς
2840 2641 3087 2710 Πατέρα,
3139 2640 3235 2693 καὶ
3290 2640 3354 2693 τὸ
3410 2638 3703 2705 ἀπαύγασμα

2170 2734 2306 2803 πρὸς
2357 2734 2446 2785 τὸν
2497 2734 2668 2802 ἥλιον.
2726 2733 2824 2786 Διὰ
2856 2734 2965 2803 γὰρ
2994 2734 3054 2785 τὸ
3084 2732 3261 2796 οῦτως
3293 2750 3434 2785 ειναι
3479 2732 3562 2784 τὸν
3590 2729 3702 2802 Υἱδν.

491 2838 856 2907 ἐργαζομένου
886 2836 981 2890 τοῦ
1016 2836 1169 2899 Υίοῦ,
1211 2838 1239 2889 6
1271 2834 1454 2904 Πατὴρ
1492 2830 1785 2902 ἐργάζεται
1812 2870 1827 2895 ,
1863 2830 1957 2882 καὶ
2004 2827 2299 2897 ἐρχομένου
2339 2825 2431 2877 τοῦ
2502 2825 2633 2879 Υίοῦ
2672 2826 2810 2897 πρὸς
2850 2826 2977 2890 τοὺς
3032 2825 3250 2895 ἁγίους,
3291 2824 3321 2876 6
3352 2823 3539 2893 Πατήρ
3594 2822 3704 2874 ἐστιν

489 2935 519 2984 6
549 2931 839 3000 ἐρχόμενος
861 2932 920 2981 ὲν
940 2928 1019 2999 τῷ
1042 2929 1178 2995 Υίῷ.
1211 2928 1301 2979 Ἐν
1325 2927 1432 2996 γάρ
1476 2928 1541 2993 τῇ
1583 2926 1754 2975 εικόνι
1778 2922 2066 2990 Θεωρεϊται
2104 2919 2133 2970 6
2205 2917 2416 2988 Πατὴρ,
2447 2918 2542 2971 καὶ
2589 2920 2647 2972 ὲν
2668 2918 2745 2989 τῷ
2789 2916 3191 2986 άπαυγάσματί
3239 2917 3360 2970 ἐστι
3403 2915 3464 2969 τὸ
3495 2914 3705 2983 erimina

489 3024 839 3101 10513,:ta86t
879 3023 1061 3092 μικρῷ
1098 3022 1328 3092 πρόσθεν
1379 3020 1629 3089 εἴπομεν,
1690 3018 1923 3078 διδόντος
1972 3014 2065 3068 τοῦ
2105 3014 2318 3085 Πατρδς
2384 3015 2545 3084 χάριν
2577 3016 2672 3068 καὶ
2723 3016 2965 3085 εἰρήνην,
3036 3012 3244 3083 ταύτην
3275 3014 3306 3067 6
3358 3012 3484 3075 Υἱὸς
3513 3009 3703 3069 δίδωσιν,

490 3114 567 3175 ὼς
603 3114 630 3164 6
662 3111 871 3172 Παῦλος
912 3109 1336 3179 ἐπισημαίνεται
1392 3107 1480 3160 διὶι
1540 3107 1720 3173 πάσης
1776 3104 2067 3173 ἐπιστολῆς
2123 3106 2373 3175 γράφων,
2429 3105 2611 3172 Χάρις
2671 3106 2813 3174 ὑμῖν
2863 3106 2963 3159 καί
3036 3106 3249 3174 εἰρήνη
3289 3105 3409 3158 ἀπὸ
3443 3103 3579 3157 Θεοῦ
3611 3105 3703 3155 Πα-

494 3206 633 3271 τρὸς
669 3202 858 3271 ἡμῶν,
925 3202 1026 3255 καί
1058 3202 1279 3269 Κυρίου
1316 3198 1521 3267 Ἰησοῦ
1560 3198 1839 3265 Χριστοῦ.
1866 3198 1979 3250 Μία
2037 3198 2144 3267 γὰρ
2178 3197 2269 3251 καὶ
2298 3199 2331 3267 ἡ
2387 3198 2524 3268 αὑτὴ
2579 3200 2738 3269 χάρις
2786 3199 2906 3251 ἐστὶ
2958 3198 3112 3268 παρὰ
3147 3200 3365 3265 Πατρὺς
3398 3199 3454 3249 ὲν
3504 3196 3697 3265 Υίῴ.ὠ;

494 3298 642 3349 ἔστιν
668 3296 727 3349 ἓν
760 3296 821 3349 τὺ
850 3294 966 3363 φῶς
991 3294 1083 3346 τοῦ
1140 3295 1317 3363 ἡλίου,
1366 3294 1460 3345 καὶ
1489 3291 1583 3343 τοῦ
1640 3291 2093 3359 άπαυγάσματος.
2139 3293 2307 3346 Πάλιν
2348 3290 2439 3347 οὖν
2501 3292 2865 3362 ἐπευχόμενος
2908 3291 3372 3344 Θεσσαλονικεῦσι
3418 3291 3507 3344 καὶ
3548 3289 3699 3355 λέγων’

492 3392 687 3456 Αὐτὸς
714 3392 783 3443 δὲ
811 3394 841 3443 ό
873 3391 1019 3455 Θεὸς
1057 3389 1155 3442 καὶ
1200 3389 1404 3456 Πατὴρ
1456 3389 1624 3457 ἡμῶν
1684 3386 1785 3439 καὶ
1845 3390 1877 3440 ό
1926 3388 2141 3455 Κύριος
2176 3388 2343 3456 ἡμῶν
2412 3388 2651 3456 Ἰησοῦς
2676 3386 2930 3455 Χριστὸς
2984 3387 3418 3440 κατευθύναιεν
3448 3385 3552 3451 τὴν
3596 3381 3704 3434 (dir

495 3485 666 3555 ἡμῶν
704 3487 854 3553 πρὸς
882 3485 1057 3555 ὑμᾶς,
1097 3486 1196 3555 τὴν
1226 3486 1449 3552 ἑνότητα
1473 3482 1565 3536 τοῦ
1598 3482 1809 3552 Πατρδς
1840 3482 1935 3534 καὶ
1974 3482 2066 3534 τοῦ
2107 3484 2237 3536 Υἱοῦ
2274 3484 2555 3552 ἐφύλαξεν.
2591 3483 2664 3537 Οὐ
2723 3482 2830 3552 γὰρ
2862 3478 2983 3534 εἷπε
3050 3480 3464 3542 κατευθύναιεν,
3489 3476 3553 3537 ὡς
3588 3474 3701 3540 παρὰ

494 3576 587 3631 δύο
608 3577 909 3645 διδομένης,
940 3577 1089 3644 παρὰ
1124 3574 1316 3627 τούτου
1366 3576 1461 3627 καὶ
1487 3572 1679 3626 τούτου
1740 3571 1936 3641 διπλῆς
1995 3572 2240 3643 χάριτος,
2292 3575 2427 3627 άλλὰ
2457 3575 2839 3635 κατευθύναι,
2893 3574 2980 3624 ἵνα
3042 3571 3212 3641 δείξῃ,
3259 3571 3341 3624 ὅτι
3383 3570 3409 3621 6
3444 3568 3609 3636 Πατὴρ
3637 3564 3701 3615 διὰ

498 3672 588 3725 τοῦ
619 3668 747 3724 Υἱοῦ
778 3669 960 3722 δίδωτι
982 3667 1206 3737 ταύτην.
1260 3670 1367 3721 Καὶ
1404 3670 1436 3736 ἡ
1477 3669 1623 3730 δόσις
1657 3665 1795 3735 αῦτη
1826 3665 2064 3719 δείκνυσι
2105 3670 2202 3736 τὴν
2232 3671 2462 3738 ἑνότητα
2491 3670 2585 3721 τοῦ
2623 3667 2833 3736 Πατρδς
2867 3666 3073 3719 καὶτοῦ
3098 3666 3254 3721 Υίοῦ.

1030 3759 1113 3813 Ea:
1148 3762 1323 3813 eodem
1359 3761 1509 3814 libro.

2630 3762 2731 3813 Ἐκ
2759 3760 2863 3814 τοῦ
2898 3759 3083 3814 αὑτοῦ
3115 3758 3330 3818 λόγου.

570 3858 770 3911 Beatus
793 3853 1032 3908 Joannes
1064 3852 1286 3906 brevius
1335 3860 1389 3905 et
1414 3851 1712 3921 perfectius
1753 3869 1912 3921 qnam
1951 3868 2057 3915 nos

2268 3854 2322 3903 Ὀ
2350 3851 2612 3922 μακάριος
2652 3851 2903 3921 Ἰωάνιης
2936 3854 2998 3902 ἐκ
3029 3848 3127 3917 τῆς
3157 3848 3444 3918 ἐπιστολῆς
3474 3848 3525 3898 ἐν
3544 3843 3701 3910 ὀλίγοις

505 3953 698 4004 borum
720 3947 1005 4001 verborum
1058 3959 1275 3999 sensum
1330 3944 1661 4013 explanabit,
1709 3952 1766 3997 et
1802 3945 2047 3997 cobibelii

2183 3948 2277 3999 καὶ
2299 3946 2621 4013 τελεώτερον
2667 3946 2868 4013 μᾶλλον
2900 3945 3056 4015 ἡμῶν
3083 3945 3248 4009 δείξει
3280 3944 3389 3999 τῶν
3432 3941 3700 4013 γεγραμμέ-

497 4040 748 4101 Arianos,
787 4053 855 4090 ne
884 4036 1111 4105 amplius
1164 4049 1222 4089 se
1270 4035 1425 4101 tales,
1487 4036 1663 4103 qualis
1725 4045 1810 4089 est
1864 4034 2033 4090 Filius

2183 4054 2288 4090 νων
2327 4037 2419 4089 τὸν
2448 4037 2592 4101 νοῦν,
2645 4040 2737 4089 καί
2788 4036 2992 4090 παύσει
3046 4037 3233 4090 λοιπὸν
3272 4039 3397 4100 τοὺς
3435 4032 3699 4105 Ἀρειανοὺς

497 4129 808 4197 opinentur.
901 4126 1149 4194 Alioquin
1250 4125 1350 4195 ipsi
1438 4140 1657 4195 quoque
1739 4126 1871 4180 illud
1975 4142 2057 4178 au-

2185 4132 2381 4200 μηκέτι
2427 4130 2668 4199 νομίζειν
2719 4130 2946 4192 ἑαυτοὺς
2990 4130 3207 4181 ἔσεσθαι
3248 4130 3325 4193 ὼς
3354 4131 3443 4182 τὸν
3477 4129 3606 4190 Υἱὸν,
3634 4124 3697 4175 ἵνα

497 4221 694 4273 dient:
737 4218 817 4273 Tu
872 4232 929 4273 es
978 4219 1161 4282 homo,
1208 4226 1264 4272 et
1310 4232 1421 4271 non
1468 4215 1630 4270 Deus.
1666 4215 1731 4270 Et
1756 4217 1893 4281 noli,
1952 4232 2057 4270 cun

2185 4222 2259 4291 μὴ
2306 4223 2400 4274 καὶ
2442 4222 2594 4274 αὐτοὶ
2642 4220 2949 4273 ἀκούσωσισ
2984 4220 3068 4274 Σὺ
3100 4216 3158 4273 εἷ
3183 4219 3493 4289 ἄνθρωπος
3529 4216 3613 4270 καί
3647 4216 3700 4267 οὐ

497 4327 703 4381 pauper
758 4309 854 4374 sis,
888 4320 937 4363 te
965 4325 1087 4363 cum
1121 4309 1291 4362 divite
1342 4308 1418 4361 uti
1483 4307 1748 4376 aequalem
1796 4322 2057 4376 compara

2183 4311 2344 4375 Θεὸς,
2370 4310 2465 4361 καὶ
2484 4310 2569 4377 μὴ
2592 4310 3112 4378 συμπαρεκτείνου
3134 4308 3327 4375 πένης
3346 4308 3429 4361 ὢν
3455 4302 3697 4364 πλουσίῳ.

498 4421 579 4459 re.
606 4402 696 4457 Sic
727 4404 890 4473 igitur
929 4401 1167 4455 Joannes
1214 4400 1438 4454 scribit:
1464 4400 1527 4452 In
1571 4400 1665 4452 hoc
1697 4401 2057 4469 cognoscimus

2180 4404 2219 4455 Γ
2226 4404 2385 4473 ράιρει
2442 4403 2619 4455 τοίνυν
2652 4402 2681 4453 6
2722 4402 2972 4471 Ἰωάννης
3002 4401 3145 4455 οῦτω
3179 4401 3356 4470 λέγων
3381 4437 3401 4456 .
3429 4399 3527 4453 Ἕν
3553 4394 3701 4457 τούτῳ

496 4497 708 4565 quodin
738 4496 849 4564 ipso
879 4510 1149 4547 manemus
1195 4501 1243 4547 et
1275 4492 1456 4559 ipsein
1489 4493 1657 4556 nobis,
1718 4494 1961 4562 quoniam
2012 4501 2057 4546 άι

2180 4494 2569 4564 γινώσκομεν,
2603 4493 2690 4546 ὅτι
2712 4493 2782 4547 ἐν
2811 4493 2972 4558 αὐτῷ
3022 4493 3307 4563 μένομεν,
3339 4493 3436 4547 καὶ
3461 4488 3620 4554 αὐτὸς
3648 4485 3699 4537 ὲν

496 4588 705 4656 Spiritu
724 4603 819 4640 suo
839 4586 981 4640 nobis
1001 4586 1140 4639 dedit
1166 4584 1208 4638 ³.
1258 4589 1436 4649 Quare
1459 4593 1681 4653 propter
1701 4585 1926 4653 gratiam
1950 4583 2057 4652 Spi-

2180 4584 2344 4654 ἡμῖν,
2372 4584 2460 4637 ὅτι
2491 4585 2559 4638 ἐκ
2586 4584 2691 4639 τοῦ
2721 4585 3069 4652 Πνεύματος
3090 4584 3278 4638 αὑτοῦ
3303 4583 3549 4637 δέδωκεν
3571 4575 3695 4645 ἡμῖν.

495 4680 633 4734 ritus
665 4680 823 4734 nobis
845 4678 1203 4746 impertitam,
1231 4685 1287 4730 et
1314 4692 1415 4729 nos
1453 4678 1504 4729 in
1540 4677 1658 4745 ipso
1713 4691 1998 4730 manemus
2019 4685 2075 4730 et

495 4771 612 4838 ipse
638 4770 693 4822 in
720 4767 900 4823 nobis.
938 4766 1005 4819 Et
1032 4765 1288 4835 quoniam
1339 4764 1576 4832 Spiritus
1639 4764 1732 4818 Dei
1788 4774 1889 4829 est,
1920 4778 1986 4818 eo
2018 4764 2070 4816 in

492 4859 648 4913 nobis
685 4857 1002 4918 exsistente,
1039 4868 1140 4908 nos
1177 4854 1304 4907 item
1332 4854 1425 4921 qui
1496 4853 1646 4908 illum
1698 4853 1985 4914 habemus,
2016 4853 2057 4906 ir

2178 4855 2287 4907 Καὶ
2316 4856 2504 4925 ἐπειδὴ
2541 4855 2603 4908 τὸ
2652 4855 2877 4926 Πνεῦμα
2920 4856 3015 4909 τοῦ
3070 4855 3208 4909 Θεοῦ
3248 4858 3389 4921 ἐστι,
3447 4854 3527 4908 διὰ
3571 4849 3695 4903 τοῦτο

496 4949 606 5002 Deo
665 4960 788 5001 esse
820 4944 1213 4998 existimamur.
1254 4940 1322 4995 Et
1352 4942 1429 4995 sic
1470 4950 1549 4995 est
1609 4942 1755 4996 Deus
1786 4942 1839 4993 in
1894 4942 2057 5006 nobis,

2176 4945 2364 4999 τούτου
2427 4948 2713 5015 γινομένου
2770 4950 2826 5000 ἐν
2881 4950 3035 5017 ἡμῖν,
3091 4949 3319 5012 εἰκότως
3376 4947 3571 5018 ἔχοντες
3625 4938 3694 4992 καὶ

495 5053 601 5091 non
629 5045 687 5089 nt
703 5045 784 5089 est
812 5034 977 5088 Filius
1007 5033 1060 5086 in
1083 5032 1260 5087 Patre.
1281 5031 1399 5085 Non
1429 5032 1573 5087 enim
1598 5031 1767 5086 Filius
1798 5032 2057 5102 particeps

2176 5039 2337 5107 ἡμεῖς
2375 5038 2435 5089 τὸ
2464 5037 2706 5106 Πνεῦμα,
2738 5038 3075 5108 νομιζόμεθα
3104 5041 3162 5093 ἐν
3186 5041 3263 5107 τῴ
3309 5039 3425 5108 Θεῷ
3460 5030 3692 5104 γενέσθαι.

497 5128 757 5196 Spiritus,
786 5135 845 5178 ut
871 5139 971 5194 per
1000 5123 1152 5177 illum
1185 5124 1240 5177 in
1270 5123 1430 5177 Patre
1464 5124 1556 5187 sit,
1605 5138 1782 5192 neque
1813 5125 1929 5193 ipse
1952 5125 2057 5193 Spit

2179 5128 2288 5181 Kal.
2311 5126 2482 5192 οῦτως
2510 5130 2662 5182 ἐστὶν
2686 5131 2713 5182 6
2744 5130 2877 5194 Θεὸς
2901 5132 2958 5183 ὲν
2984 5133 3141 5201 ἡμῖν,
3174 5131 3273 5184 οὐκ
3298 5132 3403 5200 ἄρα
3439 5130 3507 5189 ὡς
3532 5125 3649 5178 ἔστιν
3672 5118 3692 5169 6

499 5231 659 5274 ritum
689 5218 908 5286 accipit,
939 5216 1210 5270 sedilium
1253 5216 1434 5285 potius
1468 5216 1720 5271 omnibus
1763 5217 2057 5285 dilargitur.

2176 5217 2304 5280 Υἱὸς
2330 5219 2384 5269 ὲν
2406 5217 2483 5285 τῷ
2514 5218 2704 5288 Πατρί.
2744 5219 2818 5271 Οὐ
2846 5219 2952 5287 γάρ
2988 5219 3082 5271 καὶ
3129 5218 3157 5271 6
3191 5219 3319 5281 Υἱὸς
3354 5216 3574 5287 μετέχων
3604 5205 3691 5261 ἐπὶ

493 5311 604 5365 Nec
631 5308 869 5378 Spiritus
889 5306 1171 5374 coniungit
1202 5303 1433 5360 Verbum
1468 5321 1591 5359 cum
1621 5307 1801 5370 Patre,
1832 5307 1925 5361 sed
1955 5306 2057 5375 ipse

2174 5309 2267 5363 τοῦ
2309 5309 2644 5376 Πνεύματος,
2702 5310 2788 5362 ἵνα
2844 5310 2929 5362 διὰ
2980 5309 3138 5363 τοῦτο
3189 5312 3285 5365 καὶ
3319 5314 3375 5362 ἐν
3434 5306 3504 5374 τῷ
3551 5297 3689 5364 [1139‘-

496 5402 681 5471 potius
705 5416 735 5452 a
771 5399 950 5452 Verbo
975 5398 1029 5452 id
1062 5397 1279 5467 accipit.
1306 5398 1370 5452 Et
1400 5399 1568 5453 Filius
1600 5400 1815 5469 quidem
1835 5400 1888 5455 in
1910 5400 2057 5454 Patre

2177 5401 2427 5469 γένηται,
2484 5400 2604 5452 οὐδὲ
2637 5400 2929 5469 λαμϐάνων
2953 5403 3070 5453 ἐστὶ
3100 5400 3161 5453 τὸ
3187 5401 3426 5469 Πνεῦμα,
3451 5395 3570 5450 ἀλλὰ
3586 5387 3690 5459 μᾶλ-

496 5500 601 5558 est,
622 5501 683 5545 ut
708 5490 942 5545 Verbum
976 5490 1279 5561 pr0prium,
1310 5499 1366 5545 et
1410 5491 1664 5557 Splendor
1712 5491 1901 5559 ipsius.
1959 5487 2057 5541 Nos

2174 5492 2265 5544 λον
2292 5490 2452 5553 αὐτὸς
2482 5492 2595 5551 τοῖς
2622 5492 2755 5543 πᾶσι
2786 5489 2945 5543 τοῦτο
2968 5492 3323 5561 χορηγεῖ,καὶ
3348 5490 3407 5543 οὐ
3429 5486 3485 5541 τὸ
3513 5478 3688 5545 Πνεῦμα

496 5592 676 5638 autem
721 5582 841 5637 sine
895 5581 1123 5651 Spiritu,
1154 5592 1211 5635 ut
1259 5582 1530 5652 peregrini
1587 5581 1849 5645 etalieni,
1910 5581 2057 5649 longe

2177 5582 2439 5635 συνάπτει
2490 5582 2581 5633 τὸν
2644 5581 2816 5650 Λόγον
2870 5583 2947 5651 τῷ
2996 5584 3205 5654 Πατρὶ,
3260 5581 3390 5637 ἀλλά
3450 5573 3620 5648 μᾶλλον
3640 5565 3686 5617 τὸ

498 5677 759 5729 absumus
788 5688 817 5726 a
844 5673 974 5738 Deo,
1012 5672 1247 5742 Spiritus
1288 5681 1469 5727 autem
1519 5673 1905 5729 communione
1943 5686 2057 5724 cum

2178 5669 2402 5737 Πνεῦμα
2433 5670 2524 5723 διὰ
2546 5671 2639 5725 τοῦ
2678 5672 2853 5741 Λόγου
2893 5673 3053 5727 τοῦτο
3105 5674 3392 5745 λαμϐάνει.
3424 5668 3524 5724 Καὶ
3551 5664 3574 5715 ὅ
3610 5655 3684 5729 μὲν

2179 4676 2387 4730 Οὐκοῦν
2431 4676 2518 4729 διὰ
2560 4677 2660 4745 τὴν
2687 4675 2981 4744 δεδομένην
3015 4677 3148 4744 ἡμῖν
3174 4676 3338 4746 χάριν
3370 4675 3459 4727 τοῦ
3497 4668 3698 4736 Πνεῦμα·

2177 4780 2266 4825 τος
2300 4765 2458 4832 ἡμεῖς
2480 4780 2536 4816 τε
2566 4765 2625 4817 ὲν
2652 4764 2800 4833 αὑτῷ
2839 4765 3127 4833 γινόμεθα,
3171 4770 3265 4818 καὶ
3296 4764 3455 4826 αὐτὸς
3497 4764 3548 4814 ἐν
3575 4760 3693 4828 ἡμῖν.

580 5813 592 5842 ¹
628 5810 645 5864 l
679 5811 801 5867 Cor.
830 5832 864 5875 ι,
890 5814 922 5867 5
947 5824 997 5868 et
1033 5813 1153 5869 alibi
1187 5816 1405 5883 passim.
1486 5820 1503 5847 ²
1533 5815 1547 5867 l
1581 5815 1773 5869 Thess.
1812 5832 1891 5882 ιιι,
1934 5814 2016 5867 ll.
2101 5814 2119 5844 ⁸
2146 5814 2163 5866 l
2187 5811 2345 5867 Joan.
2388 5828 2461 5877 tv,
2492 5815 2574 5867 l3.

1486 5820 1503 5847 ²
1533 5815 1547 5867 l
1581 5815 1773 5869 Thess.
1812 5832 1891 5882 ιιι,
1934 5814 2016 5867 ll.
