3860 6568
142 434 229 497 417

1070 424 1441 484 PANOPLIA
1486 422 1946 485 DOGMATICA.
1979 448 2047 461 -α
2086 425 2231 485 ΤΙΤ.
2271 427 2371 487 Xl.

3246 426 3355 489 £18

141 545 251 606 Υῐδς
281 543 334 594 ἐν
364 537 434 609 τῷ
464 534 634 608 Περί
683 534 852 599 ἐστιν,
889 534 962 595 ὡς
1007 534 1176 601 Λόγος
1207 534 1335 597 ἴδιος
1369 535 1459 587 καὶ
1492 534 1671 588 ἀπαύ-

1785 532 2057 587 divinitate
2086 532 2409 602 capulamur
2444 552 2457 586 :
2485 542 2541 588 ut
2585 534 2728 603 quod
2786 534 2946 590 simul
2974 536 3026 591 in
3084 537 3265 609 Patre,
3298 537 3355 596 id

141 649 302 704 γασμα
330 626 512 691 αὐτοῦ,
547 627 708 696 ἡμεῖς
731 624 787 678 δὲ
815 626 981 695 χωρὶς
1004 624 1103 695 μὲν
1129 624 1221 678 τοῦ
1260 626 1465 694 Πατρός
1502 626 1666 692 ξένοι,

143 726 223 780 καὶ
250 720 451 793 μακράν
499 720 667 788 ἐσμεν
710 720 804 771 τοῦ
832 718 990 782 Θεοῦ,
1029 720 1091 788 τῇ
1122 717 1180 771 δὲ
1224 719 1318 771 τοῦ
1351 716 1670 787 Πνεῦματος

145 819 318 888 μετοχῇ
358 810 738 881 συναπτόμεθα
791 809 857 880 τῇ
903 811 1138 880 θεότητι.
1207 811 1371 863 Ὥστε
1432 811 1492 863 τὸ
1528 809 1670 864 εἶναι

142 912 267 979 ἡμᾶς
312 910 365 960 ὲν
395 904 470 975 τῷ
504 904 680 974 Πατρὶ
736 902 811 973 μὴ
863 904 1134 973 ἡμέτερον
1184 899 1345 967 εἶναι,
1409 901 1548 956 ἀλλὰ
1577 901 1669 956 τοῦ

142 999 423 1065 Πνεύματος
468 995 560 1047 τοῦ
603 996 659 1044 ὲν
694 996 828 1063 ἡμῖν
861 994 1033 1058 ὄντος,
1068 992 1163 1046 καὶ
1210 996 1266 1046 ὲν
1306 995 1437 1062 ἡμῖν
1481 994 1671 1061 μένον-

140 1107 233 1154 τος,
254 1090 348 1150 ἕως
383 1087 512 1139 αὐτὸ
535 1088 600 1155 τῇ
630 1084 894 1154 ὁμολογίᾳ
919 1083 1264 1153 φυλάττομεν
1289 1086 1345 1136 ὲν
1380 1085 1531 1153 ἡμῖν.
1569 1084 1673 1137 Λέ-

138 1197 297 1250 γοντος
317 1178 370 1230 δὲ
400 1177 560 1230 πάλιν
586 1175 679 1228 τοῦ
725 1175 969 1229 Ἰωάννου
992 1191 1007 1206 ·
1038 1176 1143 1241 Ὃς
1191 1174 1267 1227 ἂν
1295 1173 1669 1243 ὁμολογήσῃ,

140 1276 214 1327 ὅτι
228 1271 449 1340 Ἰησοῦς
476 1270 648 1324 ἐστιν
677 1272 710 1323 ὀ
743 1268 877 1334 Υἱὸς
898 1266 1005 1322 τοῦ
1025 1267 1191 1333 Θεοῦ,
1217 1271 1249 1321 ό
1269 1267 1413 1333 Θεὸς
1429 1268 1498 1321 ἐν
1513 1266 1674 1333 αὐτῷ

138 1365 300 1434 μένει,
329 1361 421 1415 καὶ
445 1362 630 1426 αὐτὸς
676 1360 746 1413 ὲν
796 1360 876 1426 τῷ
933 1363 1077 1426 Θεῷ,
1110 1362 1239 1413 ποία
1278 1360 1555 1430 ὁμοιότης,
1578 1360 1673 1413 καὶ

140 1460 247 1508 ποία
299 1455 475 1522 ἰσότης
528 1453 686 1523 ἡμῶν
727 1453 863 1521 πρὸς
922 1453 1015 1505 τὸν
1059 1452 1227 1516 Υἱόν;
1289 1451 1359 1503 Ἦ
1411 1452 1526 1514 πῶς
1574 1452 1675 1505 οὐκ

140 1547 415 1615 ἐλέγχονται
454 1544 787 1614 πανταχόθεν
841 1546 892 1596 οἱ
928 1544 1199 1614 Ἀρειανοὶ
1225 1582 1240 1605 ,
1282 1543 1377 1596 καὶ
1435 1544 1676 1614 μάλιστα

140 1639 264 1706 παρὰ
292 1636 379 1689 τοῦ
418 1636 687 1697 Ἰωάννου,
720 1639 803 1689 ὅτι
849 1636 1025 1698 ἄλλως
1080 1637 1179 1706 μὲν
1218 1636 1366 1690 ἐστιν
1408 1640 1435 1690 ὁ
1460 1638 1586 1700 Υἱὸς
1618 1639 1674 1690 ἐν

135 1730 199 1799 τῷ
223 1729 400 1796 Πιτρὶ,
434 1726 611 1791 ἄλλως
644 1726 701 1781 δὲ
738 1729 898 1797 ἡμεῖς
941 1727 997 1778 ὲν
1037 1727 1188 1797 αὐτῷ
1228 1727 1529 1798 γινόμεθα;
1564 1728 1675 1781 Καὶ

135 1824 238 1875 οὔτε
259 1826 408 1893 ἡμεῖς
448 1822 528 1885 ὡς
579 1824 779 1884 ἐκεῖνος
812 1821 1046 1890 ἐσόμεοά
1077 1839 1229 1883 ποτε,
1275 1820 1398 1874 οὔτε
1448 1822 1476 1872 ὁ
1502 1822 1675 1891 Λόγος

1773 640 1879 680 non
1914 626 2014 695 ipsi
2044 626 2218 688 nobis,
2252 628 2346 680 sed
2378 626 2600 695 Spiritui
2636 628 2686 680 in
2718 628 2873 682 nobis
2900 631 3183 685 cxsistenti
3220 633 3351 687 etin

1775 718 1934 773 nobis
1954 719 2193 772 manenti
2214 726 2498 787 acceptum
2520 719 2840 775 referamus.
2869 721 2937 776 At
2966 737 3089 777 cum
3117 723 3358 780 Joannes

1774 809 1915 864 idem
1951 811 2089 864 dicat
2128 827 2141 863 :
2178 809 2279 872 Qui
2329 811 2603 878 conﬁtetur
2658 811 2835 865 Iesum
2878 830 2985 867 esse
3014 814 3061 866 F
3066 817 3212 869 ilium
3235 816 3353 882 Dei,

1773 899 1913 953 Deus
1932 902 1984 954 in
2008 901 2121 969 ipso
2140 912 2331 965 manet,
2359 912 2408 955 et
2430 905 2539 970 ipse
2564 905 2617 955 in
2659 903 2762 956 Deo
2790 905 2804 933 ‘
2831 944 2847 968 ,
2895 920 3140 974 quamam
3161 907 3356 962 simili-

1774 991 1927 1057 tudo,
1947 1004 2040 1048 aut
2065 995 2341 1064 aequalitas
2369 996 2522 1049 nobis
2555 1010 2675 1049 cum
2702 995 2882 1050 Filio?
2915 997 3106 1052 Nonne
3156 1000 3349 1054 Ariani

1775 1086 2037 1155 undique,
2072 1097 2124 1141 et
2158 1104 2186 1141 a
2210 1087 2418 1144 Joanne
2448 1089 2788 1159 potissimum
2826 1080 3091 1145 coniuta‘ti
3127 1093 3351 1145 tandem

1777 1179 2217 1233 animadvertunt
2257 1181 2419 1235 aliter
2469 1197 2588 1236 esse
2613 1181 2808 1236 Filium
2837 1182 2891 1235 in
2916 1180 3096 1246 Patre,
3117 1191 3169 1237 et
3199 1183 3360 1237 aliter

1774 1285 1877 1324 nos
1908 1271 1961 1324 in
1986 1273 2122 1341 ipso,
2156 1283 2209 1325 et
2228 1288 2404 1342 neque
2432 1289 2535 1329 nos
2570 1290 2803 1343 unquam
2847 1282 2901 1327 ut
2957 1271 3191 1327 Verbum
3218 1272 3360 1337 fore,

1775 1377 1955 1431 neque
1973 1362 2210 1417 Verbum
2237 1375 2296 1417 ut
2329 1378 2429 1419 nos
2457 1362 2633 1426 ?Nisi,
2655 1374 2713 1418 ut
2736 1380 2922 1417 eorum
2946 1379 3059 1417 mos
3081 1374 3184 1427 est,
3216 1379 3362 1417 nunc

1776 1455 1937 1508 etiam
1967 1455 2206 1509 audeant
2257 1456 2439 1510 dicere
2469 1457 2855 1510 communione
2883 1455 3136 1523 Spiritus,
3168 1462 3223 1509 ct
3250 1458 3361 1507 vir-

1781 1546 1913 1599 tutis
1931 1560 2220 1616 progressu
2253 1545 2446 1599 Filiqu
2490 1548 2651 1601 etiam
2701 1547 2879 1617 ipsum
2912 1550 2963 1601 in
3010 1547 3167 1601 Patre
3216 1563 3360 1602 esse.

1780 1638 1934 1702 Quod
1966 1637 2184 1707 quidem
2224 1639 2276 1690 iu
2312 1638 2501 1707 primis
2543 1640 2771 1709 impium
2799 1649 2884 1694 est
2912 1640 2995 1695 vel
3027 1643 3284 1711 cog'tare,
3314 1641 3358 1695 si

1779 1729 1997 1797 quidem
2028 1729 2164 1798 ipse,
2186 1740 2243 1783 ut
2268 1730 2471 1784 dictum
2496 1741 2600 1794 est,
2624 1731 2883 1800 Spiritum
2914 1733 3119 1795 tribuit,
3137 1741 3192 1785 et
3214 1739 3359 1802 quod

1780 1823 1947 1876 habet
1986 1823 2222 1890 Spiritus
2284 1822 2335 1876 id
2368 1824 2436 1876 ab
2469 1839 2532 1876 eo
2572 1824 2758 1879 habet.
2822 1824 3186 1888 Quamobrem
3238 1842 3363 1879 eum

135 1889 357 1986 ὼςὴμεῖς
396 1912 777 1982 τυγχάνειῶν,
821 1916 868 1966 εί
913 1889 999 1984 μὴ
1028 1915 1135 1983 ἄρα
1169 1913 1439 1981 τολμῶσιν
1495 1913 1569 1975 ὡς
1595 1889 1672 1965 ἰν

1785 1915 2039 1969 Servator
2069 1914 2135 1969 de
2164 1915 2321 1968 nobis
2358 1916 2487 1968 dicit
2522 1933 2533 1967 :
2573 1915 2723 1969 Sicut
2754 1924 2830 1979 tu,
2861 1916 3041 1979 Pater,
3070 1918 3121 1968 in
3167 1934 3266 1977 me,
3315 1927 3364 1969 (ι

136 2009 246 2059 πᾶσι
292 2007 381 2058 καὶ
410 2005 508 2057 νῦν
533 2006 731 2066 εἰπεῖν,
763 2004 844 2055 ὅτι
879 2006 906 2054 ὁ
948 2004 1071 2064 Υἱὸς
1110 2005 1310 2072 μετοχῇ
1364 2001 1459 2054 τοῦ
1503 1999 1675 2053 Πνεύ-

138 2116 296 2165 ματος,
328 2098 416 2150 καὶ
448 2095 739 2165 βελτιώσει
771 2093 1021 2164 πράξεως
1049 2095 1240 2162 γέγονε
1274 2097 1367 2147 καὶ
1417 2093 1579 2155 αὐτὸς
1613 2094 1671 2144 ὲν

134 2192 198 2259 τῷ
238 2189 419 2259 Πατρί.
459 2187 629 2242 Ἀλλὰ
676 2188 773 2240 καὶ
823 2187 979 2239 τοῦτο
1028 2187 1190 2239 πάλιν
1230 2186 1495 2256 ὑπερλίαν
1524 2186 1671 2237 ἐστὶν

135 2283 318 2344 ἀσεϐὲς,
350 2281 452 2333 κᾶν
494 2280 630 2340 ὅλως
670 2281 745 2340 εἰς
777 2278 1075 2348 ἐνθύμησιν
1107 2278 1311 2331 λαϐεῖν.
1342 2279 1511 2339 Αὐτὸς
1541 2278 1669 2348 γὰρ,

135 2370 291 2446 ὥσπερ
316 2372 558 2443 εἴρηται,
588 2371 648 2423 τὸ
684 2371 905 2438 Πνεῦμα
938 2370 1143 2429 δίδωσι,
1202 2371 1295 2422 καὶ
1322 2371 1422 2422 ὅσα
1448 2370 1560 2440 ἔχει
1612 2368 1673 2419 τὸ

140 2464 344 2534 Πνεῦμα,
366 2462 548 2516 ταῦτα
572 2462 719 2530 παρὰ
736 2461 831 2514 τοῦ
848 2461 1021 2529 Λόγου
1044 2461 1177 2530 ἔχει.
1199 2461 1406 2514 Οὐκοῦν
1429 2463 1454 2512 ὁ
1485 2462 1673 2531 Πατὴρ

134 2560 279 2624 λέγων
303 2556 425 2625 περὶ
452 2555 620 2625 ἡμῶν
649 2555 707 2607 τό
734 2570 751 2587 ⁶
784 2554 988 2619 Καθὼς
1017 2555 1122 2616 σὺ,
1158 2555 1369 2621 Πάτερ.
1410 2554 1479 2606 ἐν
1523 2554 1673 2622 ἐμοὶ,

136 2650 268 2719 κάγὼ
293 2651 357 2702 ὲν
387 2649 521 2714 σοι,
546 2649 649 2702 ἵνα
692 2648 791 2701 καὶ
825 2648 995 2701 αὐτοὶ
1051 2649 1116 2700 ἐν
1144 2648 1286 2715 ἡμῖν
1321 2648 1391 2699 ἓν
1414 2643 1587 2712 ὦσιν,
1613 2648 1672 2699 οὐ

133 2744 213 2811 τὴν
257 2746 562 2809 ταυτότητα
591 2744 739 2811 ἡμᾶς
798 2741 1059 2811 μένοντας
1110 2743 1168 2792 ἐν
1208 2740 1354 2809 αὺτῷ
1396 2741 1540 2809 ἔχειν
1577 2756 1675 2808 ση-

140 2835 311 2904 μαίνει,
358 2835 495 2888 ἀλλὰ
529 2834 754 2899 ἀξίωσίς
786 2822 901 2886 ἑστι
954 2836 1089 2899 πρὸς
1124 2834 1213 2885 τὸν
1253 2833 1494 2902 Πατέρα,
1545 2834 1620 2889 ὡς
1650 2836 1677 2886 ὁ

148 2928 366 2999 Ἰωάννης
394 2926 663 2998 ἔγραψεν,
696 2927 784 2978 ἵνα
811 2925 870 2978 τὸ
899 2926 1121 2995 Πνεῦμα
1152 2928 1443 2997 χαρίσηται
1477 2925 1544 2978 δι’
1575 2927 1677 2977 αὑ-

140 3018 215 3070 τοῦ
248 3022 352 3082 τοῖς
379 3017 723 3080 πιστεύουσι,
757 3018 823 3070 δι’
862 3013 924 3072 οῦ
955 3020 1047 3073 καὶ
1075 3019 1340 3087 δοκοῦμεν
1373 3020 1430 3070 ἐν
1452 3018 1529 3087 τῷ
1560 3017 1677 3087 Θεῷ

139 3110 368 3176 γίνεσθαι,
398 3110 494 3164 καὶ
531 3108 675 3162 κατά
704 3109 863 3163 τοῦτο
886 3110 1248 3163 συνάπτεσθαι
1286 3110 1464 3179 αὐτῷ.
1494 3111 1677 3164 Ἐπει-

1776 2022 1869 2074 ego
1892 2007 1943 2058 in
1976 2014 2043 2069 te,
2071 2004 2208 2057 sicet
2232 2005 2333 2073 ipsi
2357 2004 2574 2057 inuobis
2600 2006 2705 2057 sint
2743 2007 2786 2071 ³,
2814 2021 2920 2058 non
2959 2007 3197 2059 Ostendit
3216 2018 3365 2059 eam"

1776 2100 1897 2152 dem
1927 2113 2028 2151 nos
2062 2112 2183 2151 cum
2212 2097 2343 2165 ipsis
2387 2097 2683 2150 essentiam
2717 2097 2934 2150 habere.
2998 2097 3104 2150 Sed
3143 2099 3364 2151 Patrem

1776 2188 2641 2258 o;at,quemadmodumloannes
2671 2188 2880 2251 scribit,
2909 2198 2967 2242 ut
3008 2190 3361 2244 credentibus

1781 2280 2046 2349 Spiritum
2087 2296 2182 2348 per
2203 2296 2260 2333 se
2291 2280 2565 2349 largiatur,
2601 2296 2699 2349 per
2730 2295 2888 2348 quem
2910 2281 2964 2333 in
3012 2282 3120 2334 Deo
3144 2296 3283 2345 esse,
3309 2293 3367 2335 et

1777 2375 1986 2429 idcirco
2016 2391 2137 2428 cum
2176 2375 2294 2443 ipso
2324 2373 2580 2442 conjungi
2625 2374 2924 2427 videamur.
2979 2372 3189 2427 Etenim
3236 2373 3365 2440 quia

1778 2468 2017 2522 Verbum
2061 2475 2145 2520 est
2168 2466 2223 2519 in
2266 2467 2429 2519 Patre
2455 2475 2507 2519 et
2560 2465 2796 2534 Spiritus
2850 2481 2913 2520 ex
2950 2467 3126 2520 Verbo
3179 2467 3362 2531 datur,

1779 2559 1902 2611 vult
1932 2566 1988 2610 ut
2013 2556 2273 2625 Spiritum
2323 2555 2675 2624 accipiamus,
2710 2566 2767 2608 ut
2818 2566 3165 2625 pOsteaquam
3208 2573 3364 2611 acce-

1794 2650 2056 2718 perimus,
2080 2649 2345 2702 habentes
2364 2647 2631 2717 Spiritum
2654 2648 2813 2701 Verbi
2848 2649 2898 2702 in
2918 2648 3079 2702 Patre
3098 2650 3367 2702 exsisten-

1736 2802 1741 2805 τ
1790 2742 1881 2804 tis,
1908 2740 2190 2794 videamur
2222 2750 2278 2793 et
2319 2756 2420 2794 nos
2444 2757 2543 2810 per
2587 2740 2847 2809 Spiritum
2900 2755 3019 2794 esse
3075 2756 3240 2793 unum
3312 2740 3366 2793 in

1786 2834 1984 2896 Verbo,
2016 2843 2071 2886 et
2104 2849 2199 2902 per
2228 2831 2467 2887 Verbum
2495 2833 2551 2887 in
2584 2832 2758 2887 Patre.
2817 2833 2951 2887 lllud
2970 2843 3172 2899 autem,
3231 2834 3366 2886 sicut

1794 2944 1884 2980 nos
1906 2927 2046 2980 nihil
2066 2927 2211 2982 aliud
2250 2926 2538 2995 signiﬁcat,
2568 2926 2674 2980 nisi
2702 2935 2757 2979 ut
2806 2942 2866 2978 ea
2900 2927 3067 2991 gratia
3132 2925 3366 2994 Spiritus

1781 3020 1836 3073 in
1868 3019 2165 3088 discipulos
2194 3020 2486 3074 distributa
2520 3034 2796 3087 nunquam
2821 3019 3055 3081 excidat,
3087 3034 3366 3085 nunquam

1778 3111 2070 3167 adimatur.
2102 3112 2158 3165 ld
2189 3112 2334 3181 quod
2367 3111 2664 3181 Apostolus
2715 3111 2888 3173 novit,
2936 3126 3061 3163 cum
3103 3110 3316 3163 diceret
3346 3126 3362 3163 :

137 3204 189 3272 δὴ
217 3203 312 3274 γὰρ
333 3206 360 3256 ὁ
386 3205 566 3273 Λόγος
588 3205 735 3257 ἐστὶν
762 3205 818 3255 ἐν
843 3204 921 3272 τῷ
955 3204 1153 3273 Πατρὶ,
1179 3204 1239 3255 τὸ
1274 3203 1329 3255 δὲ
1361 3203 1583 3272 Πνεῦμα
1613 3205 1677 3255 ἐκ

1785 3203 1909 3268 Quis
1932 3219 2023 3257 nos
2040 3204 2306 3270 separabit
2354 3220 2384 3255 a
2410 3203 2667 3255 cltaritate
2692 3201 2788 3254 Dei
2816 3203 2836 3233 ³
2857 3202 2878 3253 ?
2899 3200 3186 3269 Nunquam
3215 3201 3364 3253 enim

137 3295 214 3347 τοῦ
239 3297 401 3363 Λόγου
427 3296 654 3357 δίδοται,
704 3294 848 3348 θέλει
879 3294 1063 3348 λαϐεῖν
1115 3296 1263 3364 ἡμᾶς
1315 3294 1374 3347 τὸ
1429 3295 1676 3364 Πνεῦμα,

140 3387 227 3450 ἵνα,
253 3388 373 3440 ὅταν
405 3390 595 3441 ἐκεῖνο
636 3386 913 3456 λάϐωμεν,
942 3386 1065 3439 τότε
1112 3387 1325 3456 ἔχοντες
1357 3386 1416 3439 τὸ
1450 3388 1678 3457 Πνεῦμα

137 3476 213 3529 τοῦ
263 3478 430 3546 Λόγου
465 3478 569 3531 τοῦ
623 3476 775 3540 ὄντος
824 3479 881 3529 ὲν
924 3477 1002 3547 τῷ
1045 3478 1255 3547 Πατρὶ,
1297 3477 1537 3548 δόξωμεν
1585 3480 1679 3531 καὶ

138 3572 274 3639 ἡμεῖς
310 3572 393 3624 διὰ
423 3570 485 3624 τὸ
511 3570 739 3638 Πνεῦμα
780 3569 837 3622 ἒν
867 3570 1119 3636 γενέσθαι
1146 3570 1203 3621 ὲν
1242 3571 1316 3637 τῷ
1344 3571 1531 3641 «Λόγῳ,
1585 3573 1679 3623 καὶ

137 3659 194 3711 δι’
219 3660 397 3713 ἑαυτοῦ
427 3662 486 3713 ὲν
516 3660 596 3728 τῷ
621 3659 817 3729 Πατρι.
847 3660 917 3711 Τὸ
937 3658 993 3711 δὲ
1019 3658 1192 3725 ἡμεῖς
1223 3660 1317 3711 ἐὰν
1347 3659 1504 3731 λέγῃ,
1529 3661 1679 3715 οὐδὲν

138 3752 299 3821 ἕτερον
326 3754 485 3806 πάλιν
516 3754 689 3816 ἐστὶν,
730 3752 760 3817 ἢ
787 3751 872 3804 ἵνα
904 3753 937 3820 ἡ
971 3752 1225 3821 γινομένη
1261 3752 1483 3823 τοιαύτη
1518 3753 1680 3823 χάρις

138 3844 205 3905 εἰς
249 3844 369 3906 τοὺς
416 3842 673 3913 μαθητὰς
723 3842 1057 3905 ἀδιάπτωτος
1117 3843 1210 3896 καὶ
1271 3845 1679 3915 ἀμεταμέλητος

138 3937 357 4006 γένηταν
384 3938 527 4007 ὅπερ
581 3938 609 3989 ὁ
651 3935 977 3998 ’Δπὸστολος
1007 3935 1290 4004 γινώσκων
1341 3936 1494 4003 ἔλεγε
1531 3953 1545 3968 ·
1586 3936 1683 4002 Τίς

139 4029 272 4098 ἡμᾶς
318 4033 563 4100 χωρίσει
615 4032 733 4084 ἀπὸ
785 4030 893 4097 τῆς
948 4030 1187 4099 ἀγάπης
1243 4031 1347 4084 τοῦ
1387 4031 1684 4098 Χριστοῦ;

1785 3296 2015 3365 poenitet
2035 3295 2201 3350 Deum
2221 3308 2449 3349 munera
2462 3310 2564 3347 sua
2585 3293 2831 3363 largitum
2861 3306 3002 3357 esse,
3022 3302 3078 3345 et
3126 3291 3367 3344 vocatio-

1785 3391 1871 3443 nis
1894 3388 2121 3458 gratiam
2146 3387 2422 3442 tribuisse.
2448 3386 2689 3456 Spiritus
2718 3385 2863 3439 enim
2915 3394 3018 3449 est,
3051 3384 3143 3453 qui
3169 3385 3221 3437 in
3254 3383 3364 3437 Deo

1786 3483 2021 3546 exsistit,
2056 3498 2165 3535 non
2188 3493 2364 3535 autem
2384 3495 2485 3534 nos
2540 3495 2635 3548 per
2662 3493 2785 3533 nos.
2814 3479 2879 3531 Et
2906 3477 3360 3546 quemadmodum

1788 3576 1879 3630 lilii
1898 3584 1957 3630 et
1987 3576 2059 3630 dii
2088 3574 2350 3628 eiiicimur
2370 3575 2439 3627 ob
2463 3573 2698 3626 Verbum
2720 3570 2865 3640 quod
2895 3572 2947 3623 in
2978 3569 3134 3623 nobis
3158 3578 3260 3630 est,
3284 3570 3362 3622 sic

1785 3683 1885 3738 per
1906 3666 2167 3737 Spiritum
2187 3667 2239 3719 in
2274 3665 2431 3719 nobis
2456 3666 2834 3727 exsisteutem,
2858 3664 2948 3731 qui
2975 3673 3058 3715 est
3081 3662 3133 3714 iu
3161 3662 3359 3722 Verbo,

1784 3760 1933 3830 quod
1962 3761 2123 3814 estin
2158 3758 2339 3820 Patre,
2364 3771 2533 3809 unum
2558 3756 2613 3809 in
2644 3756 2778 3809 Filio
2802 3764 2855 3809 et
2889 3754 3046 3807 Patre
3073 3755 3275 3807 erimus
3309 3764 3363 3806 et

1787 3867 1908 3907 esse
1920 3850 2367 3906 existimabimur.
2392 3848 2620 3914 Quando
2639 3846 2799 3915 igitur
2818 3845 3012 3915 aliquis
3046 3860 3141 3913 per
3164 3857 3364 3913 pecca-

1782 3954 1896 3999 tum
1924 3944 2139 4014 aliquod
2176 3943 2373 3998 excidit
2407 3957 2434 3995 a
2469 3942 2696 4010 Spiritu,
2724 3940 2900 3995 isnon
2940 3928 3024 3994 est
3049 3937 3282 4006 amplius
3308 3936 3362 3989 in

1782 4034 2355 4104 Deo,quaudoquidem
2375 4034 2442 4086 ab
2468 4034 2774 4087 eorccessit
2793 4030 3031 4099 Spiritus
3065 4038 3289 4111 sanctus
3312 4031 3367 4081 (τι

149 4123 550 4196 ’Λμεταμέλητα
602 4125 710 4193 γὰρ
760 4124 825 4175 τὰ
858 4126 1173 4193 χαρίσματα
1203 4123 1296 4176 τοῦ
1337 4123 1495 4186 Θεοῦ,
1529 4124 1621 4175 καὶ
1651 4125 1678 4191 ἡ

1785 4132 2110 4189 consolator,
2165 4127 2259 4179 sed
2295 4128 2400 4179 erit
2431 4126 2484 4178 in
2540 4125 2632 4177 illo
2665 4126 2751 4177 cui
2807 4124 3046 4191 seipsum
3088 4120 3368 4197 peccandq

139 4216 277 4285 χάρις
294 4218 391 4287 τῆς
423 4218 699 4287 κλήσεως.
736 4213 813 4268 Τὸ
862 4214 971 4283 γὰρ
1001 4213 1226 4282 Πνεῦμὰ
1266 4215 1381 4266 ἐστι
1431 4213 1491 4265 τὸ
1515 4216 1572 4267 ὲν
1609 4216 1678 4278 τῷ

1785 4218 2035 4284 subjecit.
2057 4217 2521 4281 Quemadmodum
2547 4218 2693 4271 Sauli
2729 4215 2975 4283 contigit,
2995 4228 3026 4266 a
3056 4228 3165 4281 quo
3185 4226 3366 4265 reccso

139 4307 243 4378 θεῷ
264 4312 559 4381 τυγχάνον,
620 4311 717 4362 καὶ
769 4309 864 4377 οὐχ
922 4307 1244 4377 ήμείς.καΘ’
1294 4307 1545 4370 ἑαυτούς.
1578 4308 1678 4361 Κοιῖ

1787 4309 1858 4361 sit
1901 4310 2139 4377 Spiritus
2194 4310 2304 4373 Uei,
2345 4320 2399 4362 et
2428 4309 2655 4362 vexabat
2706 4323 2832 4360 eum
2892 4306 3123 4375 Spiritus
3167 4302 3365 4356 malus.

142 4398 308 4472 ὥσπερ
353 4404 459 4455 υἱοὶ
489 4404 591 4454 καὶ
656 4400 769 4452 θεοὶ
810 4400 900 4451 διὰ
948 4399 1039 4450 τὸν
1083 4399 1141 4450 ἐν
1206 4400 1341 4467 ἡμῖν
1373 4399 1551 4465 λόγον,
1584 4399 1755 4459 οὕτως
1798 4401 1853 4451 ὲν
1889 4402 1965 4469 τῷ
1994 4400 2107 4468 Υἱῴ
2141 4401 2235 4452 καὶ
2264 4402 2321 4451 ἐν
2349 4400 2429 4468 τῷ
2466 4401 2637 4466 Πατρῖ
2670 4397 2929 4464 ἐσόμεθα,
2981 4395 3075 4446 καὶ
3107 4389 3366 4462 νομισθη-

143 4493 323 4560 σόμεθα
361 4494 419 4546 ἓν
462 4491 836 4561 γεγενῆσθαι,
898 4488 985 4542 διὰ
1035 4488 1095 4540 τὸ
1154 4489 1209 4539 ὲν
1251 4490 1384 4558 ἡμῖν
1442 4486 1586 4541 εἶναι
1632 4489 1690 4540 τὸ
1734 4489 1978 4556 Πνεῦμα,
2028 4490 2219 4559 ὥσπερ
2270 4492 2414 4541 ἐστὶν
2467 4492 2522 4541 ἐν
2572 4489 2651 4555 τῷ
2708 4489 2863 4552 Λόγῳ
2902 4486 2980 4553 τῷ
3021 4485 3133 4537 ὄντι
3166 4484 3222 4533 ἐν
3288 4481 3364 4548 cf)

146 4586 313 4656 Πατρί.
339 4586 470 4639 Ὅτε
504 4582 641 4649 γοῦν
671 4584 929 4635 ἐκπίπτει
979 4598 1066 4643 τις
1098 4581 1205 4633 ἀπὸ
1252 4580 1346 4633 τοῦ
1378 4581 1695 4648 Πνεύματος
1743 4582 1831 4635 διά
1852 4598 1974 4634 τινα
2003 4583 2220 4643 κακίαν,
2258 4583 2356 4634 οὐκ
2391 4580 2470 4633 ἔτι
2501 4581 2559 4631 ὲν
2600 4579 2679 4648 τῷ
2707 4580 2824 4647 Θεῷ
2862 4579 3011 4628 ἐστιν
3065 4578 3273 4634 ἐκεῖνος
3335 4578 3363 4626 ὁ

144 4678 321 4740 πεσὼν,
349 4680 436 4733 διὰ
463 4678 527 4731 τὸ
582 4676 887 4746 ἀποστῆναι
933 4674 1028 4727 ἀπ’
1076 4673 1243 4726 αὐτοῦ
1282 4673 1343 4724 τὸ
1369 4676 1425 4727 ὲν
1447 4671 1523 4741 τῷ
1568 4672 1687 4741 Θεῷ
1726 4672 1881 4740 ἆγιον
1900 4676 1990 4725 καὶ
2019 4675 2368 4741 παράκλητον
2397 4673 2623 4739 Πνεῦμα
2646 4689 2658 4700 υ
2687 4670 2806 4722 ἀλλ’
2836 4674 2889 4721 ὲν
2946 4668 3138 4737 ἐκείνῳ
3191 4668 3363 4733 ἔσται,

144 4766 178 4836 ᾧ
209 4774 386 4824 ἑαυτὸν
443 4766 716 4833 ὑπέταξεν
774 4766 1128 4835 ἁμαρτάνων,
1173 4766 1249 4828 ὡς
1287 4766 1379 4818 ἐπὶ
1445 4764 1541 4817 τοῦ
1583 4765 1756 4818 Σαοὺλ
1795 4766 2033 4832 γέγονεν.
2091 4764 2324 4831 Ἀπέστη
2379 4763 2486 4831 γὰρ
2538 4762 2632 4813 ἀπ’
2685 4759 2847 4813 αὐτοῦ
2885 4759 2945 4810 τὸ
3001 4756 3228 4827 Πνεῦμα
3265 4754 3363 4808 τοῦ

144 4864 282 4927 Θεοῦ,
311 4866 405 4917 καὶ
430 4862 646 4917 ἕθλιϐεν
676 4859 838 4912 αὑτὸν
878 4859 1097 4927 πνεῦμα
1128 4859 1383 4928 πονηρόν.

559 4960 660 5011 Ἐκ
685 4956 791 5010 τοῦ
818 4954 1000 5009 αὐτοῦ
1041 4955 1247 5021 λόγου.

2334 4944 2417 4997 Ea:
2453 4944 2633 4995 eodem
2664 4941 2818 4993 libro.

203 5049 317 5107 Πῶς
362 5050 592 5102 δύναται
632 5049 661 5100 ὁ
693 5047 819 5105 Υἱὸς
862 5048 925 5098 ὲκ
971 5046 1064 5098 τοῦ
1115 5045 1326 5115 Πατρὸς
1369 5041 1507 5098 εἶναι
1530 5043 1692 5112 φύσει

149 5141 225 5190 ni
257 5142 433 5209 ὅμοιος
473 5140 626 5207 αὐτῷ
664 5140 786 5192 κατ’
815 5139 1004 5191 οὐσίαν
1033 5140 1061 5190 ὁ
1085 5137 1257 5204 λέγων
1282 5151 1296 5166 ·
1351 5136 1561 5203 Ἐδόθη
1589 5152 1692 5203 μοι

148 5234 294 5287 πᾶσα
313 5234 573 5297 ἐξουσία
596 5248 616 5296 ;
651 5231 745 5284 καί
771 5248 786 5262 ο
817 5232 875 5284 '0
908 5228 1094 5300 Πατὴρ
1124 5229 1312 5282 οὐδένα
1331 5228 1526 5299 κρίνει,
1557 5225 1691 5279 ἀλλὰ

146 5324 231 5391 τὴν
266 5328 445 5393 κρίσιν
476 5325 664 5377 πᾶσαν
685 5323 919 5377 δέδωκεν
948 5322 1026 5390 τῷ
1056 5320 1198 5390 mp;
1238 5320 1332 5373 καί
1363 5334 1376 5349 ·
1420 5320 1479 5372 Ὀ
1506 5320 1690 5388 Πατὴρ

147 5416 314 5486 ἀγαπᾷ
362 5418 457 5471 τὸν
509 5416 661 5481 Υἱὸν,
711 5415 803 5466 καὶ
853 5414 1031 5467 πάντα
1079 5411 1312 5465 δέδωκεν
1359 5414 1417 5464 ὲν
1448 5414 1513 5481 τῇ
1544 5412 1692 5481 χειρὶ

144 5506 321 5573 αὐτοῦς
352 5508 450 5560 καὶ
480 5506 680 5560 πάλινο
716 5504 919 5557 Πάντα
943 5519 1041 5571 μοι
1092 5501 1391 5569 παρεδόθη
1422 5501 1539 5554 ὑπὸ
1590 5500 1694 5552 τοῦ

146 5602 355 5667 Πατρός
379 5616 528 5670 μου;
560 5600 651 5652 καὶ
679 5598 843 5655 πάλιν
872 5613 888 5628 ·
913 5594 1043 5651 Πᾶν
1079 5593 1110 5646 ὃ
1143 5592 1362 5646 δέδωκέ
1396 5610 1497 5658 μοι
1524 5595 1555 5643 ό
1587 5595 1699 5643 Hu-

146 5688 241 5755 τὴρ
279 5692 429 5759 πρὸς
464 5691 575 5760 ἐμὲ
608 5689 763 5758 ἥξει.
801 5685 931 5740 Εἶτα
963 5685 1326 5752 ἐπιλέγουσιν,
1388 5682 1452 5734 Εἰ
1481 5676 1571 5749 ἦν,
1621 5679 1696 5742 ὡς

210 5826 400 5882 ’Jnan.
439 5845 513 5892 tv,
554 5828 636 5883 15.
734 5828 753 5857 ²
790 5826 945 5882 Joan.
986 5840 1115 5888 “lli,
1178 5823 1267 5876 2|.

148 5911 211 5959 rt,
239 5898 323 5951 '57.

1369 5818 1699 5877 ’llout.\'tti,
1907 5815 1927 5845 ⁸
1960 5812 2148 5867 Matth.
2203 5826 2388 5877 xxvnn,
2432 5811 2513 5868 18.

1872 5037 1976 5103 Qui
2019 5036 2134 5091 ﬁeri
2164 5043 2365 5106 potest,
2408 5035 2606 5103 inquit,
2656 5043 2714 5087 ut
2750 5031 2921 5087 Filius
2952 5033 3025 5089 sit
3065 5044 3258 5090 natura
3298 5052 3366 5092 ex

1799 5131 2087 5194 Patre.vel
2134 5128 2277 5182 Patri
2326 5127 2623 5181 secundum
2674 5134 2922 5179 naturam
2975 5126 3187 5190 similis,
3240 5143 3364 5181 cum

1800 5223 1917 5292 ipse
1968 5222 2155 5277 dicat:
2191 5220 2329 5273 Data
2367 5227 2444 5273 est
2494 5219 2621 5272 mihi
2681 5220 2848 5271 omnis
2897 5226 3124 5284 potestas
3155 5217 3210 5280 ις
3268 5226 3362 5271 et:

1802 5319 1966 5370 Pater
2023 5315 2276 5369 neminem
2315 5311 2557 5381 judicat,
2589 5311 2677 5364 sed
2724 5326 2874 5364 omne
2921 5310 3182 5377 judicium
3228 5309 3368 5360 dedit

1800 5406 1932 5459 Filio
1963 5406 1983 5435 '
2018 5414 2109 5469 et,
2150 5402 2308 5456 Pater
2368 5401 2539 5470 diligit
2600 5399 2801 5453 Filium
2844 5407 2890 5451 et
2931 5398 3105 5450 omnia
3147 5396 3366 5447 tradidit

1797 5500 1852 5550 in
1912 5513 2072 5550 manu
2138 5495 2276 5560 eius.
2334 5493 2402 5547 Et
2455 5494 2696 5547 iterum:
2750 5488 2937 5544 Omnia
2993 5487 3119 5540 milii
3166 5484 3364 5538 tradita

1802 5599 1923 5642 sunt
1975 5606 2004 5639 α
2070 5585 2230 5640 Patre
2264 5602 2421 5639 meo:
2453 5595 2506 5639 et
2537 5597 2725 5636 rursus
2757 5600 2770 5635 :
2822 5579 2984 5635 Omne
3046 5580 3182 5648 quod
3226 5580 3369 5633 dedit

1803 5680 1927 5732 mihi
1958 5677 2141 5739 Pater,
2178 5677 2247 5729 ad
2299 5692 2379 5728 me
2444 5674 2606 5728 veniet
2648 5673 2689 5726 '.
2756 5669 2895 5725 Tum
2928 5671 3005 5724 ita
3039 5669 3370 5725 ratiocinan-

2616 5809 2818 5866 l‘Joan.
2864 5826 2929 5875 ν,
2965 5805 3056 5862 ‘22.
3162 5805 3365 5862 'Joan.
