3860 6544
146 408 236 473 4ΞῙ

1125 404 1498 467 PANOPLIA
1539 405 1997 471 DOGMATICA.
2036 432 2106 443 ’-
2139 408 2285 469 ΤιΤ.
2315 410 2419 469 XI.

3281 403 3387 471 422

146 523 327 577 κείνων
350 521 588 585 ἐξετάζοι
611 523 851 593 ῥήματα,
884 519 1103 591 εὑρήσει
1133 521 1348 581 παντως
1376 521 1457 583 είς
1481 519 1576 590 τὴν
1608 519 1703 571 αὐ-

1810 523 2041 578 clament
2066 540 2078 576 ι
2109 522 2219 577 Cur
2237 521 2507 585 Christus,
2529 521 2617 590 qui
2642 521 2805 576 homo
2832 530 2936 587 est,
2956 520 3194 590 seipsum
3214 517 3384 575 Deum

142 614 232 685 τὴν
267 612 464 676 αὐτοὺς
506 614 878 675 συναντῶντας
916 614 1195 678 ἀπιστίαν,
1240 613 1335 663 καὶ
1378 612 1498 681 ἴσην
1534 611 1713 664 αὐτῶν

142 706 232 772 si};
262 704 513 766 ἀσεϐείας
553 704 649 773 τὴν
682 705 906 774 τόλμαν,
943 706 1036 756 καὶ
1080 706 1266 774 κοινὴν
1312 704 1494 757 αὐτῶν
1546 703 1713 757 οὖσαν

140 798 228 865 τὴν
256 796 389 864 πρὸς
417 797 565 865 ἡμᾶς
598 797 797 865 μάχην.
837 797 1078 849 Ἰουδαῖοι
1111 797 1207 865 μὲν
1225 798 1332 865 γὰρ
1354 797 1537 863 ἔλεγον
1556 812 1567 823 ·
1590 796 1711 857 Πῶς

144 887 449 957 Ἀνθρωπος
477 887 571 952 ὢν,
599 888 817 941 δύναται
850 890 978 951 Θεὸς
1003 887 1141 942 εἶναι
1170 907 1185 953 ;
1235 891 1501 961 Ἀρειανοὶ
1517 890 1574 942 δέ
1598 904 1611 918 ·
1649 890 1711 941 Εἰ

140 983 259 1043 θεὸς
300 977 369 1052 ἦν
405 983 652 1052 ἀληθινὸς
698 985 760 1035 ὲκ
805 984 892 1035 τοῦ
939 983 1094 1046 Θεοῦ,
1148 985 1379 1053 ἠδύνατο
1426 984 1710 1047 ἄνθρωπος

143 1076 407 1137 γενέσθαι;
446 1077 539 1127 καὶ
584 1075 828 1127 Ἰουδαῖοι
859 1074 1329 1138 ἐσκανδαλίζοντο,
1367 1077 1461 1127 καὶ
1496 1074 1712 1144 ἐχλεύα’

141 1167 220 1229 ζον
241 1166 513 1232 λέγοντξςο
540 1170 650 1221 Οὐκ
672 1168 737 1221 ἂν
761 1162 939 1233 οὗεος,
958 1172 1006 1223 εί
1034 1166 1099 1240 ἦν
1124 1170 1205 1221 Υί“
1223 1188 1247 1232 ς
1271 1170 1429 1233 θεοῦ,
1451 1170 1707 1239 ὑπέμεινε

142 1258 374 1323 σταυρόν.
423 1260 690 1328 Ἀρειανοὶ
728 1260 783 1311 δὲ
830 1262 911 1324 εἰς
958 1262 1018 1312 τὸ
1062 1262 1395 1333 καταντικρὺ
1422 1264 1708 1331 στήκοντες

140 1350 305 1399 αὐτῶν
342 1352 645 1417 φάσκουσιν
674 1353 804 1421 ἡμῖν
828 1394 841 1415 ,
902 1354 1022 1414 Πῶς
1056 1354 1289 1422 τολμᾶτε
1322 1354 1499 1421 λέγειν
1536 1355 1705 1421 Λόγον

142 1440 259 1491 ἴδιον
290 1439 424 1494 εἶναι
452 1443 553 1509 τῆς
584 1444 676 1495 τοῦ
712 1446 920 1515 [ἰατρὸς
951 1447 1139 1507 οὐσίας
1170 1447 1259 1499 τὸν
1290 1448 1483 1516 ἔχοντα
1515 1446 1703 1515 σῶμα;

150 1525 271 1584 Εἶτα
306 1533 410 1583 τῶν
465 1534 737 1587 Ἰουδαίων
769 1536 1076 1605 ζητούντων
1110 1538 1431 1591 ἀποκτεῖναι
1463 1538 1552 1589 τὸν
1588 1538 1705 1589 Κύ·

147 1640 268 1691 ριον,
314 1622 391 1676 ὅτι
444 1625 666 1695 Πατέρα
706 1627 799 1679 τὸν
837 1628 969 1680 Θεδν
1008 1628 1194 1696 ἔλεγεν
1237 1629 1366 1681 ἴδιον
1406 1624 1567 1693 εἶναι,
1608 1628 1704 1683 καὶ

145 1715 241 1766 ἶσον
264 1716 451 1767 ἑαυτδν
473 1719 651 1769 ἐποίει
680 1720 1101 1789 ἐργαζόμενοςρ
1125 1722 1415 1789 ἐργάζεται
1442 1722 1469 1772 ὁ
1490 1721 1700 1791 Πατὴρ,

142 1806 325 1870 ἔμαθον
347 1808 395 1859 οἱ
420 1807 695 1875 Ἀρειανοὶ
720 1812 899 1877 λέγειν
924 1812 1013 1864 καὶ
1040 1813 1215 1875 αὐτοὶ,
1234 1814 1314 1865 ὅτι
1336 1812 1458 1865 οὔτε
1490 1814 1601 1875 ἶσος
1625 1814 1701 1883 τῷ

1816 616 1947 672 fecit
1981 617 1995 647 ¹
2032 618 2054 669 ?
2108 616 2195 670 his
2249 615 2395 670 enim
2427 625 2481 670 et
2513 615 2786 671 similibus
2831 613 3178 669 sermonibus
3209 612 3381 669 Judaei

1813 710 1946 764 olim
1996 708 2402 777 obstrepebant,
2455 723 2578 761 cum
2617 707 2734 762 haec
2768 707 3040 766 viderent.
3070 720 3189 775 qua:
3229 720 3379 761 nunc

1812 800 1996 855 Ariani
2052 800 2312 869 legentes,
2371 799 2567 852 uolunt
2618 798 2867 861 credere,
2900 796 2997 853 sed
3026 798 3092 851 ad
3129 796 3382 864 ὺιιιμριιο-

1813 895 1954 946 mias
2003 892 2209 961 delapsi
2273 900 2423 943 sunt.
2483 890 2696 957 Siquis
2763 889 2927 957 igitur
2972 887 3287 943 Judzeorum
3326 893 3383 940 et

1811 986 2135 1038 Arianorum
2192 984 2355 1037 verba
2394 982 2532 1036 inter
2564 997 2622 1035 se
2667 980 2795 1034 velit
2840 980 3111 1041 conferre,
3142 980 3189 1032 is
3223 978 3381 1032 facile

1810 1076 2105 1147 perspiciet
2129 1076 2250 1130 illos
2272 1077 2325 1129 in
2359 1075 2610 1131 eamdem
2634 1074 2861 1129 omnino
2889 1072 3261 1128 inﬁdelitatem
3298 1073 3383 1125 in-

1807 1185 2054 1234 currere,
2085 1184 2382 1239 paremque
2413 1182 2603 1222 eorum
2638 1166 2970 1236 impietatem
2994 1174 3047 1219 ct
3074 1164 3380 1228 audaciam,

1808 1276 1870 1315 ac
1908 1276 2257 1315 communem
2290 1260 2402 1314 illis
2435 1267 2628 1313 contra
2660 1272 2760 1311 nos
2789 1272 2912 1311 esse
2953 1271 3210 1325 pugnam.
3241 1252 3379 1307 Nam

1805 1353 1978 1408 Jutliei
2029 1354 2248 1423 quidem
2306 1354 2570 1407 aiebant:
2640 1350 2743 1416 Qui
2802 1350 2917 1404 ﬁeri
2952 1357 3130 1418 potest
3198 1356 3257 1401 ut
3292 1348 3381 1403 ille

1804 1448 1897 1517 qui
1933 1450 2094 1502 homo
2125 1459 2229 1508 est,
2280 1447 2420 1500 Deus
2452 1447 2562 1499 sit?
2608 1445 2797 1498 Ariani
2825 1458 2953 1497 vero
2984 1460 2997 1495 :
3034 1442 3091 1496 Si
3117 1442 3259 1495 Deus
3290 1456 3380 1494 ve-

1806 1555 1900 1593 rus
1948 1549 2116 1595 estex
2174 1541 2301 1601 Deo,
2334 1556 2440 1606 quo
2478 1548 2635 1608 pacto
2674 1537 2851 1605 potuit
2882 1535 2996 1589 lieri
3026 1533 3191 1587 homo
3227 1533 3248 1585 ?
3278 1531 3381 1586 Ju-

1803 1633 1901 1688 daei
1938 1641 2195 1702 praeterea
2233 1632 2548 1686 scandalum
2568 1631 2933 1701 patiebantur,
2959 1625 3382 1695 hujnsmodique

1805 1724 2200 1780 cavillabantur
2230 1723 2413 1779 verbis
2447 1741 2459 1777 :
2500 1720 2558 1776 Si
2599 1720 2766 1775 Filius
2800 1719 2890 1774 Dei
2924 1728 3070 1774 esset
3102 1719 3225 1779 iste,
3256 1732 3382 1770 cru-

1805 1832 1923 1871 cem
1956 1832 2065 1871 non
2096 1817 2400 1870 tolerasset.
2424 1813 2500 1868 Ex
2533 1815 2757 1869 adversa
2821 1821 3005 1867 autem
3038 1820 3189 1881 parte
3220 1809 3381 1863 Aria-

146 1897 249 1966 Θεῷ
278 1900 443 1961 ἐστιν,
478 1900 604 1951 abte
641 1901 833 1971 Πατὴρ
867 1904 995 1965 ἴδιός
1019 1906 1130 1956 ἐστι
1168 1905 1258 1956 καὶ
1287 1904 1446 1973 φύσει
1478 1904 1570 1957 τοῦ
1599 1904 1703 1959 Λό-

1810 1907 1865 1958 ni
1898 1905 2012 1958 haec
2043 1921 2142 1958 nos
2164 1908 2501 1973 interrogant
2552 1922 2565 1957 :
2599 1904 2778 1967 Quare
2825 1916 3141 1957 asseverare
3168 1900 3383 1954 audetis

146 2005 229 2050 γον
264 1991 290 2039 ὀ
319 1990 451 2052 Sed;
477 2008 489 2020 '
552 1994 686 2044 ἀλλὰ
719 1996 843 2055 τοὺς
878 1994 944 2048 τὰ
982 1996 1207 2048 τοιαῦτα
1242 1997 1569 2066 φρονοῦντας
1606 1998 1705 2069 ζη-

142 2081 307 2133 τοῦσιν
334 2083 678 2139 ἀποκτεῖναι.
708 2086 879 2139 Πάλιν
902 2105 957 2140 τε
985 2088 1092 2142 τῶν
1121 2089 1393 2143 Ἰουδαίων
1412 2090 1701 2158 λεγόντωνσ

143 2175 248 2241 υὺχ
270 2170 440 2238 οὗτός
474 2178 652 2231 ἐστιν
691 2180 971 2247 Ἰησοῦςό
1000 2182 1129 2246 Υἱὸς
1174 2181 1411 2251 Ἰωσὴφ,
1431 2179 1503 2239 οὗ
1529 2183 1704 2251 ἡμεῖς

146 2265 368 2334 οἴδαμεν
387 2270 493 2324 τὸν
520 2272 770 2341 πατέρα,
790 2274 890 2328 καί
915 2274 1030 2340 τὴν
1048 2276 1303 2343 μητέρα;
1325 2276 1447 2337 Πῶς
1472 2271 1587 2331 οὖν
1605 2276 1707 2330 λέ-

148 2375 221 2424 γει
244 2377 253 2388 ’
280 2364 427 2428 Πρὶν
476 2365 738 2435 Ἀϐραὰμ
770 2367 1045 2435 γενέσθαι
1072 2368 1186 2437 ἐγιὶ)
1208 2372 1343 2437 ειμι,
1372 2369 1468 2421 καὶ
1492 2369 1561 2422 ἐκ
1593 2369 1699 2422 τοῦ

148 2453 382 2517 οὐρανοῦ
425 2449 847 2525 κάταόέϐηκα;
893 2460 1249 2531 ΟίἈρειανοὶ
1274 2460 1699 2513 ἐπακολουθοῦσι

150 2547 226 2597 καὶ
246 2547 387 2600 αὐτοὶ
414 2548 616 2614 ὲξῖσου
638 2551 889 2619 λέγοντες
912 2570 926 2585 ο
950 2552 1072 2615 Πῶς
1098 2551 1322 2606 δύναται
1349 2553 1514 2619 Λόγος
1536 2546 1696 2616 εἶναι,

149 2637 313 2705 ῆθιδς
334 2640 359 2690 ὀ
386 2642 735 2712 κοιμώμενος
764 2644 838 2707 ὡς
862 2626 1166 2713 ἄνθρωπος,
1214 2645 1310 2697 καὶ
1343 2644 1565 2702 κλαίων,
1604 2643 1700 2695 καὶ

151 2728 527 2800 πυνθανοῗμενος
554 2750 569 2797 ;
614 2735 938 2803 Ἀμφότεροι
973 2735 1066 2788 οῦν
1093 2737 1155 2788 ὲκ
1186 2735 1292 2788 τῶν
1323 2733 1697 2803 ἀνθρωπίνων,

151 2809 214 2869 ὧν
242 2819 523 2890 ὑπέμεινεν
565 2825 593 2875 ὁ
625 2824 816 2893 Σωτὴρ
846 2824 910 2877 δι’
942 2827 1005 2894 ἢν
1041 2822 1151 2894 εἶχε
1188 2824 1383 2895 σάρκα,
1411 2822 1698 2893 ἀρνοῦνται

152 2910 235 2976 τὴν
257 2909 531 2983 ἀῖδιότητα
568 2917 661 2967 irai.
694 2916 921 2985 θεότητα
956 2916 1048 2968 τοῦ
1080 2918 1277 2984 Λόγου.

1804 1996 1957 2051 illum
2010 1998 2290 2065 proprium
2336 2005 2548 2049 natura:
2591 1994 2768 2048 Patris
2808 1994 3043 2047 Verbum
3102 2007 3243 2054 esse,
3289 1991 3381 2058 qui

1816 2103 2015 2158 corpus
2050 2087 2194 2155 quod
2229 2087 2338 2156 pati
2370 2087 2546 2155 possit
2580 2084 2785 2139 habet?
2836 2084 3005 2138 Jttdazi
3036 2082 3166 2135 item
3201 2080 3383 2132 Domi-

1807 2196 1933 2233 num
1974 2180 2278 2233 necandum
2311 2179 2645 2247 quaerebant,
2681 2177 2824 2246 quod
2855 2176 3044 2239 Deum,
3074 2189 3233 2228 suum
3259 2187 3385 2226 esse

1802 2271 2017 2327 Patrem
2053 2273 2280 2336 diceret,
2305 2271 2466 2341 eique
2500 2286 2559 2325 se
2590 2285 2773 2339 parem
2812 2267 3040 2332 faceret,
3073 2280 3195 2320 cum
3228 2279 3287 2317 se
3319 2280 3383 2318 ea

1805 2378 1965 2432 agere
2016 2379 2136 2432 qua:
2168 2362 2255 2416 ille
2287 2363 2399 2433 agit
2435 2371 2743 2416 testaretur.
2780 2359 2979 2413 Eadem
3034 2372 3251 2427 quoque
3300 2365 3384 2410 cst

1806 2454 2137 2507 Arianorum
2186 2454 2456 2516 doctrina,
2512 2453 2666 2505 illum
2715 2466 2915 2520 nempe
2964 2465 3144 2518 neque
3197 2463 3383 2517 parem

1806 2562 1927 2600 esse
1988 2546 2116 2608 Deo,
2178 2560 2357 2614 neque
2411 2544 2579 2598 Deum
2629 2543 2909 2613 proprium
2959 2557 3022 2595 ac
3080 2540 3384 2594 naturalem

1810 2638 1967 2691 Verbi
1998 2638 2215 2691 Patrem
2246 2653 2368 2691 esse
2416 2655 2429 2691 :
2481 2638 2612 2706 quin
2638 2637 2801 2690 etiam
2853 2636 2990 2699 illos,
3026 2634 3112 2703 qui
3149 2633 3220 2685 ita
3257 2648 3387 2709 seu;

1808 2729 1971 2790 tiunt,
2008 2729 2072 2782 ad
2100 2744 2289 2783 necem
2327 2730 2672 2798 perquirunt.
2722 2726 2949 2796 Insuper
2988 2726 3032 2778 is
3073 2734 3190 2779 erat
3216 2724 3381 2777 etiam

1807 2822 2116 2877 Judccorum
2167 2838 2348 2876 sermo
2404 2840 2417 2876 :
2478 2821 2666 2876 Nonne
2711 2822 2792 2874 hic
2820 2831 2893 2874 est
2928 2818 3099 2873 Filius
3160 2817 3382 2885 Ioseph,

1810 2915 1961 2983 cujus
2007 2931 2099 2968 nos
2142 2926 2349 2983 patrem
2398 2923 2445 2967 et
2506 2926 2731 2968 matrem
2782 2912 3055 2966 novimus?
3110 2911 3384 2975 Quomodo

152 2995 292 3070 igitur
339 3005 503 3070 dicit,
546 3008 863 3077 Priusquam
904 3010 1169 3063 Abraham
1233 3010 1399 3077 ﬁeret.
1436 3024 1528 3079 ego
1556 3024 1694 3071 sum,
1726 3018 1771 3060 et
1815 3009 1877 3061 de
1924 3009 2051 3061 cwlo
2086 3008 2332 3061 descendi
2357 3009 2398 3061 '.
2429 3008 2634 3063 Judaeis
2673 3004 3027 3060 consentiunt
3060 3002 3271 3063 Ariani,
3304 3008 3380 3052 at-

152 3111 239 3160 que
268 3097 362 3153 ista
396 3102 609 3166 pariter
627 3103 964 3158 decantant:
1007 3104 1109 3170 Qui
1174 3105 1286 3158 fieri
1326 3115 1503 3172 potest
1537 3112 1596 3155 ut
1628 3102 1718 3155 ille
1758 3102 1829 3154 sit
1890 3102 2122 3156 Verbum
2187 3102 2273 3156 vel
2331 3102 2493 3166 Deus,
2525 3102 2617 3169 qui
2676 3098 2896 3161 dormit,
2934 3106 2994 3150 ut
3052 3096 3235 3157 homo,
3292 3096 3382 3160 qui

152 3188 227 3244 ﬂet
275 3204 324 3249 et
382 3196 722 3271 interrogat?
784 3200 1009 3254 Scilicet
1041 3200 1278 3269 utriqu‘,
1319 3201 1588 3253 humanas
1620 3208 1839 3267 propter
1902 3198 2242 3259 alfectioncs,
2303 3198 2505 3266 quibus
2562 3210 2661 3264 pro
2715 3194 2918 3260 carnis,
2961 3206 3125 3262 quam
3184 3188 3382 3250 induit.

152 3285 417 3341 conditioni
447 3304 508 3345 se
544 3293 779 3361 subjecit
819 3291 1090 3357 Salvator,
1141 3291 1302 3346 Verbi
1333 3293 1721 3362 proprietatem
1753 3298 1809 3343 et
1836 3290 2178 3345 divinitatem
2210 3289 2490 3360 rejiciunt.

166 3426 248 3501 Ἐκ
289 3430 392 3501 τοῦ
439 3431 635 3485 αὐτοῦ
682 3433 869 3501 λόγου
929 3434 1061 3501 περὶ
1115 3434 1220 3487 τοῦ
1284 3434 1519 3488 σκοποῦ
1579 3433 1689 3499 τῆς

1810 3433 1881 3488 Et:
1911 3437 2086 3487 eodem
2111 3433 2265 3486 libro.
2285 3431 2496 3486 Sancta:
2555 3442 2603 3485 et
2632 3431 2824 3501 divina:
2855 3427 3143 3501 Scriptura:
3192 3441 3383 3493 propo-

212 3498 365 3571 ἀγίᾷς
386 3503 480 3553 καὶ
514 3504 682 3567 θείας
716 3498 1110 3571 Γραρῆς,’ὄτι
1150 3503 1379 3570 διπλῆν
1418 3501 1540 3557 οἶδε
1578 3498 1693 3570 τὴν

210 3568 326 3641 περὶ
375 3571 478 3624 τοῦ
535 3568 807 3640 Σωτῆρος
846 3568 1240 3641 ἐπαγγελίαν.
1296 3568 1411 3638 τὴν
1464 3575 1579 3641 μὲν
1618 3568 1697 3638 ὡς

210 3638 388 3717 didior;
417 3643 566 3717 ΠοῦΔ
590 3638 889 3717 καῖ’ρεοῦ,
918 3638 1033 3709 τὴν
1060 3644 1129 3717 δὲ
1156 3646 1236 3708 ὠς
1260 3638 1515 3711 ὕστερον
1552 3645 1699 3711 ἀλη-

212 3712 311 3775 θῶς
342 3712 437 3767 καὶ
460 3714 709 3789 τελείως
740 3714 1345 3782 ἐνανθρωπήσαντος.

214 3825 407 3891 Σκοπὸς
448 3829 636 3882 τοίνυν
684 3820 841 3892 οὗτος
894 3831 985 3883 καὶ
1039 3830 1328 3901 χαρακτὴρ
1389 3831 1490 3897 τῆς
1543 3829 1708 3894 ἁγίας

160 3914 371 3979 τροφῆς,
391 3915 464 3978 ὡς
494 3912 760 3976 πολλάκις
781 3912 1035 3984 εἴπομεν,
1065 3913 1258 3983 διπλῆν
1288 3909 1427 3965 εἶναι
1457 3914 1555 3984 τὴν
1583 3913 1711 3984 περὶ

158 3996 238 4049 τοῦ
265 4000 503 4071 Σωτῆρος
552 4002 885 4071 ἐπαγγελίαν
1082 4003 1140 4055 ὲν
1184 4004 1354 4073 αὑτῇο
1390 4004 1470 4056 ὅτι
1515 4021 1574 4056 τε
1619 4004 1709 4057 ἀεὶ

158 4086 271 4153 Θεὸς
288 4087 351 4162 ἦν
366 4095 457 4148 καὶ
482 4094 616 4159 Υἱός
650 4097 786 4160 ἐστι,
816 4096 987 4163 Λόγος
1011 4092 1087 4149 ὢν
1113 4095 1209 4149 καὶ⁵
1238 4095 1579 4168 ἀπαύγασμα
1614 4098 1709 4152 καὶ

160 4179 298 4247 σοφία
322 4182 410 4235 τοῦ
443 4185 692 4256 Πατρός’
724 4186 820 4238 καὶ
844 4186 925 4238 ὃτι
957 4184 1214 4257 ὕστερον,
1248 4186 1315 4239 δι’
1341 4188 1491 4257 ἡμᾶς
1528 4188 1708 4259 σάρκα

158 4263 313 4324 λαῦὼν
339 4274 401 4325 ὲκ
430 4274 716 4344 Παρθένου
748 4267 851 4345 τῆς
881 4275 1145 4329 Θεοτόκου
1330 4278 1572 4347 Μαρίας,
1616 4280 1709 4333 άν-

160 4351 346 4424 ορωπος
370 4363 585 4430 γέγονε.
621 4364 731 4417 Καὶ
752 4364 867 4418 ἔστι
890 4366 988 4435 μὲν
1003 4364 1193 4419 τοῦτον
1222 4367 1400 4438 εὑρεῖν
1417 4366 1502 4418 διὰ
1527 4368 1707 4438 πάσης

157 4444 239 4515 τῆς
264 4446 616 4506 θεοπνεύστου
647 4455 868 4526 Γραφῆς
907 4456 1326 4527 σημαινόμενον,
1376 4458 1453 4522 ὡς
1485 4458 1646 4523 αὐτὸς
1678 4462 1707 4513 ὁ

1864 3514 2023 3557 διιιιηι
2056 3511 2265 3564 esse,ut
2329 3503 2607 3571 dupliciter
2662 3502 2724 3553 de
2780 3498 3056 3571 Servatum
3106 3497 3380 3571 loquatur,

1868 3586 1974 3627 tum
2000 3585 2056 3626 ut
2084 3576 2145 3626 de
2178 3565 2490 3635 sempiterno
2525 3571 2656 3625 Filio
2684 3578 2734 3623 et
2767 3570 2890 3631 Deo,
2923 3580 3029 3619 tum
3055 3576 3111 3618 ut
3148 3569 3211 3618 de
3267 3565 3379 3628 illo,

1864 3646 1954 3711 qui
1984 3656 2166 3713 postea
2204 3659 2323 3695 vere
2350 3642 2675 3710 perfectoque
2706 3640 2879 3709 [actus
2899 3640 2967 3691 sit
2999 3639 3174 3690 homo.

1869 3827 1970 3883 llic
2036 3825 2200 3898 igitur
2267 3839 2468 3895 scopus
2543 3833 2598 3879 et
2676 3822 2963 3878 character
3020 3829 3105 3875 est
3184 3829 3386 3873 sancta:

1812 3906 2124 3977 Scripturae,
2162 3911 2236 3964 uti
2264 3928 2403 3981 smpe
2430 3913 2690 3977 diximus,
2729 3930 2921 3984 nempe
2951 3921 3006 3968 ut
3037 3912 3146 3967 duo
3174 3912 3240 3967 de
3266 3911 3388 3967 Sal-

1808 4009 1997 4054 vatore
2046 4000 2410 4066 demonstret,
2475 4002 2627 4056 illum
2676 4005 2882 4059 scilicet
2939 4005 3106 4059 Deum
3171 4016 3387 4072 semper

1812 4088 2000 4159 fuisse,
2036 4102 2089 4147 et
2129 4092 2328 4148 Filium
2374 4110 2514 4161 esse,
2551 4096 2749 4165 quippe
2780 4111 2901 4150 cum
2936 4098 3008 4151 sit
3040 4096 3216 4152 Patris
3255 4090 3386 4148 Ver-

1808 4183 1937 4237 bum
1982 4185 2346 4256 splendorque
2399 4196 2451 4241 et
2496 4187 2794 4255 sapientia,
2852 4189 3138 4259 ipsumque
3196 4200 3382 4259 postea

1806 4286 2027 4344 propter
2060 4292 2183 4340 nos,
2230 4293 2398 4332 cat-ne
2442 4294 2507 4332 ex
2559 4272 2779 4350 Virgine
2823 4282 3049 4350 Deipara
3085 4281 3251 4336 Maria
3293 4298 3382 4338 as-

1807 4377 2043 4436 sumpta,
2068 4369 2344 4423 hominem
2373 4370 2573 4426 laetum
2604 4388 2746 4428 esse.
2780 4374 2961 4442 Atque
2991 4375 3134 4429 hunc
3158 4376 3377 4443 quidem

1807 4471 2029 4527 scopum
2080 4474 2177 4527 per
2216 4460 2524 4515 universam
2571 4463 2834 4517 divinitus
2880 4465 3198 4533 inspiratam
3233 4466 3382 4522 Scri-

160 4534 333 4630 Κύριος
370 4542 591 4615 εἴρηκεν
618 4562 631 4577 °
676 4545 990 4613 Ἐρευνᾶτε
1031 4546 1139 4613 τὰς
1178 4549 1445 4617 Γραφὰς,
1477 4548 1567 4602 ὅτι
1606 4552 1703 4602 αὑ-

1810 4560 2022 4617 pturam
2058 4550 2317 4605 inculcari
2346 4552 2747 4621 deprehendere
2780 4565 2885 4621 est,
2919 4558 3378 4625 quemadmodum

160 4626 238 4676 tul
256 4631 404 4683 εισιν
584 4636 644 4687 ai
677 4635 1093 4703 μαρτυροῦσαι
1138 4637 1272 4705 περὶ
1308 4637 1486 4706 ἐμοῦ·
1524 4637 1612 4691 ἵνα
1647 4637 1705 4692 δὲ

162 4718 242 4787 μὴ.
269 4723 435 4777 πάντα
459 4725 530 4778 τὰ
562 4727 701 4796 ῥητὰ
736 4728 981 4795 συνάγων
1025 4772 1041 4796 ,
1176 4730 1343 4793 πολὺς
1368 4732 1425 4784 ἐν
1450 4730 1526 4801 τῷ
1567 4731 1704 4801 γρά-

161 4821 261 4871 φειν
288 4815 547 4886 γένωμαι,
579 4817 936 4888 ἁρκεσθῶμεν
967 4818 1042 4882 ὡς
1066 4819 1280 4873 πάντων
1309 4822 1701 4891 μνημονεῦσαι,

159 4898 235 4950 τοῦ
258 4903 344 4969 μὲν
388 4906 633 4961 Ἰωάννου
658 4908 907 4976 λέγοντος
928 4925 940 4938 ’
987 4908 1089 4962 Ἐν
1124 4909 1284 4979 ἀρχῇ
1315 4907 1394 4981 ἦν
1422 4915 1455 4965 ό
1490 4914 1699 4983 Λόγος,

160 4989 242 5042 καὶ
261 4996 289 5045 ό
320 4998 503 5066 Λόγος
529 4996 610 5069 ἦν
636 4999 786 5066 πρὸς
812 4998 917 5052 tor
949 5000 1115 5064 Θεὸν,
1145 5002 1241 5055 καὶ
1269 5003 1411 5069 Θεὸς
1437 4999 1516 5074 ἦν
1541 5008 1573 5058 ό
1593 5007 1705 5060 Λό-

161 5092 247 5143 γος
266 5098 277 5111 ·
308 5084 480 5153 οὗτος
509 5084 589 5157 ἦν
614 5089 685 5142 ὲν
710 5087 869 5157 ἀρχῇ
898 5089 1048 5157 πρὸς
1075 5091 1182 5143 τὸν
1204 5091 1371 5145 Θεόν.
1398 5093 1601 5149 Πάντα
1626 5096 1701 5149 δι’

161 5170 320 5227 αὑτοῦ
348 5176 602 5246 ἐγένετο,
632 5178 730 5233 καὶ
761 5180 936 5247 χωρὶς
968 5181 1152 5234 αὐτοῦ
1181 5181 1415 5250 ἐγένετο
1448 5183 1591 5237 οὐδὲ
1608 5184 1698 5239 ἓν.

164 5255 274 5315 Εἶτα
304 5280 317 5295 ·
478 5270 585 5323 Καὶ
617 5273 650 5324 ό
680 5272 870 5339 Λόγος
897 5271 1054 5339 σὰρξ
1091 5271 1349 5341 ἐγένετο,
1393 5274 1489 5327 καὶ
1520 5274 1703 5342 ἐσκή-

162 5365 330 5409 νωσεν
358 5358 424 5411 ὲν
467 5361 640 5429 ἡμῖν,
682 5363 778 5415 καὶ
823 5363 1192 5433 ἐθεασάμεθα
1226 5363 1341 5432 τὴν
1377 5363 1566 5429 δόξαν
1596 5367 1702 5419 οὺ-

164 5443 270 5507 τοῦ,
298 5448 476 5513 δόξαν
512 5454 591 5519 ὡς
624 5456 993 5525 μονογενοῦς
1033 5456 1191 5523 παρὰ
1222 5456 1453 5523 Πατρός
1478 5472 1492 5487 ·
1522 5456 1617 5509 τοῦ
1643 5457 1699 5511 δὲ

166 5531 349 5591 Παύλου
402 5544 701 5613 γράφοντος
736 5563 748 5576 ·
794 5549 932 5613 Ὃς,
967 5548 1035 5600 ἐν
1072 5545 1275 5614 μορφῇ
1317 5549 1464 5602 θεοῦ
1512 5548 1701 5617 ὑπάρ’

167 5635 309 5687 κων,
371 5633 480 5699 οὺχ
550 5634 861 5703 ἁρπαγμόν
920 5634 1189 5703 ἡγήσατο
1255 5636 1321 5690 τὸ
1381 5633 1531 5691 εἶναι
1595 5640 1701 5693 ἶσα

1808 4649 2034 4695 testatur
2064 4642 2177 4709 ipse
2212 4640 2476 4698 Dominus
2509 4644 2594 4699 his
2624 4646 2803 4700 verbis
2830 4666 2841 4699 :
2873 4646 3198 4701 Scrutamini
3233 4648 3379 4703 Scri-

1805 4741 2011 4800 pturus,
2036 4734 2160 4802 quia
2190 4733 2298 4787 illa:
2325 4742 2447 4786 sunt
2486 4751 2604 4804 qua:
2630 4736 2984 4789 testimonium
3014 4737 3279 4805 perhibent
3313 4740 3379 4794 de

1806 4838 1887 4873 me
1933 4822 1973 4875 ³.
2010 4821 2206 4875 Verum
2253 4839 2355 4883 ne.
2393 4824 2576 4877 omnia
2626 4824 2743 4878 loca
2787 4826 3123 4888 adducenda.
3174 4830 3381 4885 multus

1804 4911 1906 4965 hac
1939 4914 1991 4966 in
2024 4930 2077 4966 re
2106 4915 2375 4983 probanda
2407 4916 2609 4980 \idear,
2634 4932 2717 4980 ea,
2752 4932 2871 4986 quae
2901 4928 3223 4987 sequuntur,
3261 4928 3379 4977 vice

1805 5007 2047 5058 omnium
2075 5006 2265 5059 allen-re
2291 5008 2422 5061 satis
2449 5007 2630 5061 fuerit.
2660 5007 2783 5063 Haec
2808 5009 2971 5079 igitur
2994 5020 3120 5064 sunt
3152 5010 3380 5069 Joannis

1805 5098 1963 5150 verba
2007 5116 2019 5151 :
2069 5097 2131 5149 In
2171 5098 2431 5167 principio
2462 5108 2575 5151 erat
2626 5098 2865 5165 Verbum,
2903 5109 2953 5154 et
3000 5098 3224 5155 Verbum
3263 5113 3377 5157 erat

1804 5191 1943 5257 apud
1975 5188 2159 5256 Deum,
2189 5200 2236 5242 et
2275 5190 2411 5243 Deus
2445 5200 2558 5244 erat
2596 5189 2859 5246 Verbum:
2886 5191 2981 5245 hoc
3007 5204 3121 5247 erat
3152 5196 3204 5247 in
3234 5196 3377 5264 prin-

1803 5282 1940 5348 cipio
1974 5282 2114 5350 apud
2151 5282 2331 5336 Deum.
2367 5281 2560 5337 Omnia
2601 5300 2694 5353 per
2740 5286 2913 5353 ipsum
2950 5286 3096 5355 facta
3140 5298 3280 5352 sunt,
3324 5296 3375 5341 et

1801 5374 1911 5426 sine
1946 5374 2058 5441 ipso
2111 5374 2311 5442 factum
2351 5385 2428 5428 est
2462 5376 2593 5429 nihil
2640 5376 2680 5430 ‘.
2718 5375 2919 5431 Deinde
2959 5393 2973 5429 :
3025 5376 3093 5429 Et
3152 5378 3374 5432 Verbum

1802 5481 1924 5518 caro
1959 5466 2161 5533 factum
2196 5476 2304 5533 est,
2351 5476 2399 5519 et
2446 5467 2705 5520 habitavit
2737 5470 2792 5519 in
2822 5468 2991 5532 nobis,
3041 5478 3091 5521 et
3144 5470 3373 5525 vidimus

1800 5558 2023 5628 gloriam
2073 5558 2209 5625 eius,
2264 5559 2489 5628 gloriam
2539 5561 2694 5629 quasi
2747 5561 3003 5629 unigeniti
3047 5578 3078 5614 a
3124 5560 3280 5615 Patre
3327 5563 3369 5616 ⁸.

1802 5647 2001 5703 Paulus
2036 5658 2213 5703 autem
2265 5649 2339 5703 ita
2382 5650 2607 5705 scribit:
2648 5650 2753 5716 Qui
2790 5668 2910 5706 cum
2958 5652 3012 5706 in
3059 5653 3231 5724 [arma
3272 5654 3372 5709 Dei

231 5804 421 5861 ‘Jian.
456 5830 502 5873 τ,
539 5814 619 5869 55.
681 5818 697 5845 '
729 5813 887 5869 loan.
926 5814 1132 5881 v1.42;
1168 5831 1284 5879 vm,
1310 5814 1396 5870 58.
1464 5815 1484 5845 ⁸
1512 5812 1703 5870 Joan.‘

1810 5817 1859 5872 9.
1922 5816 1943 5849 ⁵
1968 5814 2122 5871 Joan.
2153 5834 2191 5882 ι,
2228 5818 2248 5871 1
2286 5818 2339 5872 2.
2409 5817 2582 5873 l'ibid.
2611 5818 2697 5876 14.
