3770 6584
448 402 552 469 423
1653 407 2028 468 EUTilYMU

2093 404 2458 465 ZIGABENI
3551 437 3626 500 η,

447 541 604 593 esset,
653 547 755 584 non
802 531 1041 600 rapinam
1074 531 1364 585 arbitratus
1409 543 1484 585 est
1525 549 1634 586 esse
1673 551 1726 587 se
1768 534 2022 602 a'qualem

2143 526 2265 591 Θεῷ
2289 543 2303 557 ο
2351 528 2486 581 ἀλλ’
2514 527 2732 582 ἑαυτὸν
2761 529 3041 594 ὲκένωσε,
3070 538 3302 608 μορφὴν
3329 545 3522 608 δούλου
3545 565 3624 615 λα.

450 621 579 689 Deo,
607 624 696 676 sed
724 624 1055 690 semetipsum
1077 625 1387 689 exinanivit,
1411 626 1583 694 [arma
1619 627 1751 679 servi
1786 635 2019 694 accepta,

447 715 505 767 in
535 713 936 768 similitudinem
967 715 1236 768 hominum
1263 717 1459 785 factus,
1497 727 1547 770 et
1579 719 1750 786 ﬁgura
1782 717 2020 771 inuentus

449 815 506 856 ιιι
551 808 724 858 homo.
772 803 1088 860 Humiliavit
1146 808 1516 874 semetipsum,
1562 808 1736 877 [actus
1780 807 2019 860 obediem

447 913 608 966 usque
650 897 720 950 ad
758 908 997 963 mortem,
1041 909 1260 954 mortem
1306 911 1480 954 autem
1519 902 1689 954 crucis
1742 895 1778 953 '.
1820 897 1895 952 Ex
1935 898 2021 952 his

448 1001 630 1054 porro,
667 987 714 1042 si
759 989 883 1058 quis
917 991 1105 1045 eadem
1154 991 1362 1045 ratione
1417 992 1726 1046 universam
1779 989 2020 1059 Scriptu-

448 1092 561 1128 ram
596 1077 928 1145 perlustrare
960 1081 1214 1146 voluerit,
1249 1082 1397 1137 clare
1421 1082 1684 1152 percipiet
1710 1097 1878 1151 quare
1912 1079 2019 1132 ini-

451 1171 526 1224 tio
553 1170 714 1226 Pater
738 1171 814 1225 illi
847 1171 987 1225 dixit
1016 1189 1030 1225 :
1069 1170 1196 1224 Fiat
1230 1171 1324 1224 lux
1378 1171 1418 1236 ',
1451 1180 1525 1236 et,
1567 1171 1691 1225 Fiat
1719 1174 2028 1241 ﬁrmamen-

442 1272 563 1316 .tum
602 1267 650 1326 ³,
680 1271 753 1328 et,
796 1261 1084 1316 Faciamus
1123 1263 1388 1316 hominem
1438 1265 1459 1296 ⁵
1485 1280 1500 1318 :
1530 1279 1630 1318 cur
1661 1263 1790 1318 item
1818 1278 1942 1317 eum
1975 1262 2030 1314 in

453 1353 558 1408 line
599 1355 923 1408 smculorum
964 1355 1017 1408 in
1050 1355 1314 1408 mundum
1347 1354 1579 1416 miserit,
1619 1371 1729 1409 non
1773 1365 1833 1409 ut
1876 1370 2036 1408 mnu-

450 1445 580 1499 dum
631 1445 924 1514 judicaret,
969 1445 1065 1501 sed
1105 1455 1164 1499 ut
1202 1445 1439 1498 mundus
1475 1460 1570 1513 per
1621 1445 1800 1515 ipsum
1850 1445 2035 1499 salvus

453 1536 605 1591 ﬁeret
637 1538 657 1568 '
699 1554 715 1592 :

651 1622 756 1688 Qui
785 1622 949 1692 igitur
978 1621 1216 1675 divinam
1259 1621 1600 1690 Scripturatn
1630 1622 1839 1690 legerit,
1866 1621 2039 1676 discat

452 1710 676 1782 quidem
715 1715 875 1768 verba
904 1730 969 1768 ex
1003 1714 1195 1768 Vetere
1218 1711 1591 1778 Testamento,
1629 1715 1721 1767 sed
1765 1731 1829 1768 ex
1860 1711 2037 1767 Evan-

451 1807 594 1875 gelio
657 1809 899 1860 attendat
953 1806 1243 1861 Dominum
1303 1808 1577 1862 hominem
1639 1807 1839 1862 factum
1895 1822 2036 1860 esse.

453 1898 612 1963 Nam,
660 1898 898 1961 Verbum,
930 1899 1124 1966 inquit,
1159 1918 1281 1954 caro
1318 1901 1518 1970 factum
1543 1909 1654 1960 est.
1691 1910 1739 1952 et
1778 1899 2035 1952 habitavit

453 1992 508 2042 in
533 1991 685 2043 nobis
740 1986 780 2044 ⁸.
828 1989 1022 2053 Homo,
1063 1992 1309 2060 inquam,
1347 1991 1523 2045 factus
1549 2002 1650 2054 est,
1700 2006 1806 2043 non
1853 2001 2036 2043 autem

458 2083 509 2134 in
542 2079 819 2134 hominem
848 2082 1014 2134 venit.
1049 2080 1100 2134 Id
1141 2082 1286 2135 enim
1317 2084 1462 2136 scire
1493 2083 1656 2135 etiam
1688 2097 1909 2136 necesse
1934 2092 2036 2147 est,

455 2188 524 2226 ne
557 2171 698 2227 forte
729 2173 784 2226 in
820 2173 1133 2243 huiusmodi
1175 2176 1504 2230 sententiam
1547 2175 1895 2230 deﬁectentes
1934 2175 2037 2228 im-

452 2262 549 2331 pii,
585 2262 803 2332 aliquos
842 2264 1138 2333 decipiant,
1173 2265 1360 2332 illique
1404 2265 1738 2331 existiment,
1766 2265 2033 2334 quemad;
2067 2243 2111 2302 Β

456 2355 674 2408 modum
709 2355 838 2409 olim
871 2354 1108 2409 Verbum
1146 2357 1201 2410 in
1232 2373 1675 2427 unumquemque
1720 2367 2037 2412 sanctorum

452 2447 769 2513 descendit,
803 2448 874 2502 ita
916 2449 1080 2502 etiam
1117 2450 1171 2503 in
1200 2451 1475 2504 hominem
1525 2452 1740 2506 venisse
1763 2493 1779 2518 ,
1809 2461 1866 2506 ut
1913 2466 2040 2505 eum

454 2547 707 2592 sanctum
755 2538 1022 2603 redderet,
1059 2548 1113 2593 et
1144 2539 1196 2592 in
1223 2540 1342 2609 ipso
1380 2550 1688 2610 appareret,
1725 2542 1804 2595 uti
1836 2541 1890 2595 in
1917 2541 2041 2595 aliis

454 2629 702 2699 contigit.
737 2629 794 2685 Si
825 2631 971 2685 enim
1018 2631 1092 2684 ita
1135 2647 1194 2685 se
1223 2648 1312 2686 res
1342 2633 1604 2699 haberet,
1645 2642 1698 2688 et
1728 2633 1782 2688 in
1820 2634 2040 2688 homine

458 2721 835 2776 tantummodo
866 2723 1246 2792 apparuisset:
1277 2725 1408 2778 nihil
1439 2741 1572 2780 sane
1600 2733 1743 2781 esset
1767 2726 1914 2796 quod
1943 2727 2038 2780 ad-

456 2814 802 2868 mirationem
832 2824 1014 2884 possct
1060 2831 1298 2883 movere,
1339 2832 1439 2872 nec
1481 2817 1573 2886 qui
1606 2834 1728 2872 eum
1965 2819 2042 2872 vi-

455 2905 677 2970 debant,
709 2905 1070 2974 obstupefacti
1107 2907 1408 2964 dixissent:
1432 2909 1713 2964 Undenam
1739 2911 1842 2965 iste
1861 2920 1942 2965 est
1976 2911 1992 2939 ⁷
2019 2911 2041 2964 ?

454 3006 532 3061 et,
556 2997 738 3050 Curtu
759 2997 923 3049 homo
938 3013 1063 3050 cum
1092 2998 1190 3063 sis,
1220 2999 1450 3067 teipsum
1485 2997 1619 3054 facis
1638 2999 1807 3054 Deum
1855 2999 2041 3052 ‘?Au-—

456 3087 576 3141 dire
591 3086 860 3155 siquidem
893 3087 970 3140 illi
997 3102 1424 3143 consueverant:
1452 3089 1670 3145 Factum
1702 3103 1784 3146 est
1805 3089 2038 3146 Verbum

455 3178 678 3234 Domini
721 3178 786 3232 ad
823 3179 1067 3248 singulos
1105 3183 1418 3250 prophetas.
1466 3181 1622 3238 Nunc
1673 3192 1850 3237 autem
1897 3194 2042 3252 post-

459 3283 626 3336 quam
681 3265 774 3320 Dei
820 3265 1080 3335 Verbum,
1129 3285 1223 3338 per
1272 3272 1416 3338 quod
1469 3273 1652 3325 omnia
1703 3271 1842 3325 facta
1892 3282 2040 3334 sunt,

378 3424 383 3430 _
460 3365 624 3417 etiam
663 3361 804 3417 ﬁlius
850 3362 1088 3418 hominis
1119 3363 1234 3418 ﬁeri
1278 3381 1384 3418 non
1435 3367 1634 3432 renuit,
1667 3382 1830 3435 seque
1864 3366 2040 3436 ipsum

461 3453 792 3517 humiliavit,
819 3453 961 3508 servi
991 3453 1166 3508 forma
1203 3469 1422 3526 accepta
1456 3476 1466 3509 :
1501 3459 1705 3512 idcirco
1732 3476 1862 3513 erus
1891 3458 2046 3512 Chri-

463 3544 535 3599 sti
563 3541 765 3598 Judaeis
793 3551 878 3599 est
905 3545 1246 3614 scandalum,
1280 3548 1436 3603 nobis
1467 3559 1647 3602 autem
1671 3550 1924 3606 Christus
1950 3548 2040 3605 Dei

463 3635 637 3690 virtus
679 3643 734 3690 et
780 3635 874 3691 Dei
909 3637 1174 3706 sapientia
1204 3649 1288 3695 est
1349 3646 1388 3694 ν.
1426 3640 1558 3694 Nam
1596 3639 1840 3707 Verbum,
1883 3651 1939 3697 ut
1968 3644 2045 3697 ait

461 3725 738 3789 Joannes,
780 3744 902 3780 caro
955 3729 1154 3797 factum
1207 3741 1286 3786 est
1329 3729 1388 3785 ¹⁶.
1457 3730 1737 3802 Siquidem
1788 3750 1907 3789 mos
1961 3743 2046 3789 est

465 3815 760 3887 Scriptum
788 3836 958 3874 sacrze
995 3823 1268 3877 hominem
1311 3839 1528 3880 carnem
1575 3826 1866 3894 appellare.
1909 3825 2045 3880 Hinc

464 3909 603 3975 apud
635 3906 837 3962 Joelem
871 3913 1188 3980 prephetam
1218 3913 1418 3967 dicitur
1449 3931 1462 3965 :
1503 3913 1787 3983 Effundant
1824 3916 1888 3969 de
1919 3916 2043 3986 Spi-

463 4002 574 4054 ritu
604 4018 716 4054 meo
751 4003 804 4055 in
837 4021 1040 4056 omnem
1085 4020 1294 4057 carnem
1325 4001 1386 4059 “.
1429 4003 1560 4058 item
1604 4005 1791 4060 Daniel
1821 4008 2044 4078 Astyagi

464 4090 602 4144 dixit
629 4110 641 4145 :
679 4091 788 4161 Ego
812 4093 956 4146 idola
986 4094 1294 4164 manufacta
1321 4111 1426 4148 non
1455 4094 1590 4157 colo,
1621 4097 1710 4150 sed
1761 4097 1924 4151 Deum
1968 4099 2046 4152 ri-

465 4192 692 4245 oentem,
735 4185 825 4252 qui
862 4184 1049 4238 uelum
1082 4197 1131 4238 et
1175 4197 1371 4239 terram
1414 4188 1629 4251 creavit,
1662 4199 1708 4241 et
1739 4190 1791 4241 in
1840 4207 2043 4244 onmem

466 4286 678 4323 carnem
717 4273 1053 4326 dominatum
1103 4271 1256 4326 habet
1282 4274 1343 4326 ¹¹¹.
1379 4273 1479 4328 Hic
1513 4275 1680 4340 enim,
1723 4287 1780 4330 ut
1818 4289 1872 4332 et
1903 4276 2041 4345 Jocl,

467 4359 746 4414 hominum
779 4363 1160 4430 genuscal'nis
1194 4364 1414 4417 nomine
1442 4366 1731 4436 signiﬁcat.

664 4450 802 4505 Olim
846 4452 1011 4521 igitur
1057 4453 1120 4504 ad
1162 4453 1406 4524 singulos
1451 4468 1670 4513 sanctos
1723 4458 1924 4514 factum
1962 4468 2045 4514 est

473 4538 729 4607 Verbum,
756 4556 962 4612 eosque
983 4583 999 4608 ,
1035 4543 1127 4612 qui
1158 4543 1334 4614 ipsum
1370 4546 1530 4618 digne
1559 4560 1939 4618 susceperunt.
1963 4550 2044 4605 ef-

465 4630 591 4686 fecit
629 4642 848 4688 sanctos
879 4651 892 4686 :
927 4649 1028 4688 nec
1057 4645 1238 4690 tamen
1277 4653 1402 4692 cum
1437 4639 1512 4694 illi
1546 4656 1920 4707 nascerentur,
1956 4644 2040 4697 di—

463 4732 608 4776 ctum
656 4733 740 4778 est
786 4724 963 4792 ipsum
1019 4725 1298 4780 hominem
1337 4727 1540 4784 factum
1575 4747 1716 4796 esse,
1767 4749 1868 4788 nec
1917 4750 2042 4788 cum

462 4821 793 4879 paterentur,
825 4827 1046 4880 passum
1081 4829 1222 4869 esse.
1256 4817 1391 4870 Cum
1421 4827 1602 4873 autem
1645 4823 1697 4874 in
1731 4821 1838 4877 ﬁne
1871 4838 2044 4878 smcu-

462 4901 640 4954 lorum
672 4903 738 4956 ad
776 4903 1162 4960 destruendum
1197 4918 1480 4976 peccatum
1521 4925 1584 4964 ex
1632 4912 1800 4968 Maria
1843 4919 2040 4984 prodiit

463 4992 558 5060 (ita
581 4993 724 5046 enim
745 4991 886 5046 Patri
909 4995 1081 5049 visum
1103 5005 1187 5052 est
1204 5015 1363 5053 suum
1385 5003 1598 5058 mittere
1615 5003 1810 5059 Filium
1832 5007 2032 5062 factum

468 5101 535 5141 ex
555 5086 801 5149 muliere,
817 5084 1022 5139 factum
1039 5085 1140 5139 sub
1169 5083 1365 5152 lege",
1387 5092 1516 5136 tunc
1535 5083 1738 5136 dictum
1750 5093 1832 5137 est
1858 5083 2032 5152 ipsum

2140 615 2280 681 ὅὼν,
2318 618 2388 670 ἐν
2415 617 2727 687 ὁμοιώματι
2753 618 3076 686 ἀνθρώπων
3096 630 3395 702 γενόμενος
3428 686 3441 710 ,
3554 656 3626 708 και

2139 707 2402 778 σχήματι
2443 709 2704 777 εὑρεθεὶς
2755 711 2836 776 ὡς
2882 710 3204 782 ἄνθρωπος.
3272 707 3628 795 Ἐταπείνωσειέ

2138 799 2376 865 ἑαυτὸν,
2415 803 2734 870 γενόμενος
2761 802 3029 868 ὑπήκοος
3067 805 3234 876 μέχρι
3280 817 3521 888 θανάτου,
3552 835 3627 886 θα.

2136 890 2321 947 νάτου
2345 893 2414 946 δὲ
2435 894 2726 963 σταυροῦ.
2776 895 2908 948 Ἀπὸ
2935 896 3134 952 τούτων
3160 902 3281 976 γὰρ,
3309 913 3373 980 τῇ
3392 914 3508 987 αὐτῇ
3541 922 3628 976 δια.

2137 985 2256 1058 νοία
2286 987 2631 1079 διερχόμενός
2649 1006 2732 1051 τις
2765 990 2946 1079 πᾶσαν
2974 989 3073 1061 τὴν
3106 991 3337 1067 Γραφὴν,
3355 985 3518 1072 ὄψεται
3544 1013 3628 1079 πῶς

2137 1080 2194 1132 ὲν
2215 1079 2354 1150 ἀρχῇ
2395 1079 2492 1149 μὲν
2521 1076 2639 1132 εἷπε
2685 1078 2858 1150 τούτῳ
2889 1081 2917 1132 6
2962 1081 3180 1152 Πατήρ·
3210 1088 3496 1160 Γενηθήτω
3519 1076 3629 1169 φῶς,

2131 1171 2245 1234 καὶ,
2275 1173 2593 1239 Γενηθήτω
2625 1173 2947 1243 στερέωμα,
2975 1177 3086 1238 καὶ,
3124 1180 3454 1254 Ποιήσωμεν
3473 1192 3636 1265 ἄνθρω,

2137 1277 2255 1315 πον
2277 1281 2286 1292 ·
2319 1265 2413 1317 ἐπὶ
2433 1265 2490 1317 δὲ
2519 1267 2798 1338 συντελείᾳ
2821 1268 2928 1319 τῶν
2968 1267 3176 1323 αἰώνων
3202 1273 3492 1334 ἀπέστειλεν
3511 1287 3636 1346 αὐτὸν

2136 1355 2216 1418 είς
2243 1355 2334 1408 τὸν
2367 1357 2590 1428 κόσμον,
2631 1361 2728 1428 οὐχ
2773 1361 2859 1412 ἵνα
2893 1361 3052 1433 κρίνῃ
3079 1362 3168 1415 τὸν
3195 1365 3404 1436 κόσμον,
3444 1373 3538 1428 ἀλλ’
3571 1380 3634 1434 ἵνα

2140 1447 2284 1519 σωθῇ
2319 1449 2428 1519 (84)
2454 1451 2481 1502 6
2511 1450 2714 1521 κόσμος
2740 1451 2805 1504 δι’
2836 1452 3000 1504 αὑτοῦ
3025 1470 3036 1482 ο

2357 1620 2416 1673 '0
2458 1621 2636 1674 τοίνυν
2673 1622 3012 1691 ἐντυγχάνων
3057 1624 3122 1693 τῇ
3171 1623 3285 1696 θεία
3328 1627 3524 1702 Γραφῇ⁹
3560 1635 3637 1687 ἀπὸ

2146 1711 2243 1781 μὲν
2271 1711 2378 1766 τῶν
2411 1711 2663 1766 Παλαιῶν
2692 1710 2762 1764 τὰ
2794 1711 2933 1783 ῥητὰ
2961 1713 3405 1783 καταμανθανέτω
3435 1757 3449 1778 ,
3562 1725 3637 1776 ἀπο

2141 1803 2198 1856 δὲ
2234 1802 2342 1856 τῶν
2387 1801 2734 1871 Εὑαγγελίων
2765 1802 3039 1873 Θεωρείτω
3072 1803 3162 1855 τὸν
3192 1805 3381 1876 Κύριον
3411 1811 3636 1881 γενόμενον

2142 1895 2459 1968 ἄνθρωπον·
2507 1897 2569 1948 '0
2603 1895 2794 1964 Adpoc
2855 1897 2985 1965 γὰρ,
3038 1895 3208 1964 φησὶ,
3255 1899 3401 1966 σὰρξ
3438 1901 3633 1970 ἐγένετο,

2144 1988 2240 2040 καὶ
2274 1987 2629 2053 ἐσκήνωσεν
2651 1988 2722 2040 ἐν
2747 1987 2916 2056 ἡμῖν.
2949 1987 3265 2056 Ἀνθρωπος
3295 1988 3348 2040 δὲ
3377 1990 3552 2060 γέγονε,
3571 1997 3637 2050 καὶ

2142 2079 2241 2131 οὐκ
2281 2081 2359 2141 εἰς
2401 2079 2685 2150 ἄνθρωπον
2724 2075 2853 2150 ἦλθε
2879 2094 2892 2110 ·
2947 2078 3041 2132 καὶ
3076 2077 3230 2132 τοῦτο
3265 2080 3368 2151 γὰρ
3410 2083 3637 2151 ἀναγκαῖον

2144 2171 2368 2224 εἰδέναιο
2405 2173 2614 2243 μήποτε
2655 2173 2767 2233 καὶ,
2804 2172 2884 2235 εἰς
2915 2170 3076 2225 τοῦτο
3105 2172 3351 2237 πεσόντες
3381 2177 3424 2227 οἱ
3459 2177 3634 2242 ἀσεϐεῖς,

2142 2264 2463 2334 ἁπατήσωσί
2529 2282 2714 2330 τινας,
2765 2265 3008 2317 κάκεῖνοι
3061 2264 3350 2335 νομίσωσιν
3390 2308 3404 2331 ,
3552 2269 3635 2331 ὅτι,

2141 2356 2332 2427 ὥσπερ
2367 2359 2423 2408 ἐν
2461 2359 2572 2420 τοῖς
2607 2355 2917 2427 ἔμπροσθεν
2963 2356 3177 2427 χρόνοις
3217 2357 3294 2418 είς
3334 2355 3528 2410 ἕκαστον
3561 2358 3636 2413 τῶν

2141 2448 2312 2514 ἁγίων
2342 2447 2572 2514 ἐγίνετο,
2617 2447 2760 2501 οὕτω
2793 2448 2886 2500 καὶ
2929 2446 3024 2500 νῦν
3063 2447 3144 2510 εἰς
3192 2446 3457 2516 ἄνθρωπον
3491 2448 3636 2517 ἐπεδή-

2145 2555 2316 2610 μησεν
2348 2540 2376 2590 ὁ
2413 2538 2584 2606 Λόγος
2609 2537 2852 2607 ἁγιάζων
2881 2538 2975 2592 καὶ
3003 2537 3216 2600 τοῦτον,
3253 2537 3340 2589 καὶ
3366 2536 3635 2606 φανερούμε-

2142 2649 2230 2696 νος
2253 2631 2442 2702 ὥσπερ
2464 2631 2558 2684 καὶ
2591 2633 2648 2685 ὲν
2679 2634 2790 2694 τοῖς
2831 2630 3030 2694 ἄλλοις.
3084 2630 3146 2682 Εί
3170 2629 3272 2700 γὰρ
3304 2628 3459 2690 οὕτως
3479 2623 3548 2698 ἧν,
3572 2630 3638 2680 καὶ

2146 2727 2304 2795 μόνον
2331 2727 2388 2777 ὲν
2407 2725 2502 2778 ἀνθ
2512 2723 2676 2795 ρώπῳ
2700 2723 2887 2793 φανεὶς
2909 2718 3164 2792 ἧν,οὐδὲν
3179 2717 3246 2792 ἦν
3271 2719 3532 2791 παράδοξον
3626 2761 3636 2787 ,

2141 2815 2265 2869 οὔτε
2302 2818 2353 2869 oi
2390 2815 2626 2887 ὁρῶντες
2671 2813 2969 2880 ὲξενίζοντο
2997 2813 3278 2882 λέγοντεςο
3323 2811 3538 2873 noram;
3565 2812 3638 2881 ἄρα

2143 2908 2290 2960 ἐστὶν
2322 2902 2514 2972 οὗτο;;
2561 2907 2678 2971 καὶ,
2728 2906 2829 2959 Διὰ
2868 2906 2922 2959 τί
2957 2907 3054 2970 σὺ,
3104 2905 3378 2976 ἄνθρωπος
3405 2903 3487 2967 ὣν,
3516 2906 3638 2966 ποιεῖς

2146 2999 2369 3054 σεαυτὸν
2399 2997 2573 3064 Θεόν;
2610 2995 2770 3070 Εἶχον
2809 2999 2918 3070 γὰρ
2957 2999 3055 3070 τὴν
3095 2996 3369 3070 συνήθειαν
3397 2994 3637 3056 ἀκούοντες·

2145 3093 2255 3145 Καὶ
2283 3091 2500 3159 ἐγένετο
2525 3092 2694 3160 Λόγος
2718 3091 2921 3162 Κυρίου
2952 3092 3092 3162 πρὸς
3120 3092 3338 3145 ἕκαστον
3360 3088 3454 3142 τῶν
3481 3104 3638 3158 προφη-

2144 3184 2270 3238 τῶν.
2307 3183 2422 3237 Νῦν
2454 3184 2533 3250 δὲ,
2573 3184 2760 3255 ἐπειδὴ
2785 3185 2814 3236 6
2845 3183 2940 3236 τοῦ
2967 3183 3104 3236 Θεοῦ
3133 3182 3318 3250 Λόγος,
3341 3181 3401 3234 δι’
3423 3174 3475 3233 οὗ
3499 3181 3638 3247 γέγονε

2142 3276 2213 3330 τὰ
2255 3277 2453 3341 πάντα,
2491 3275 2751 3347 ὑπέμεινε
2793 3275 2886 3328 καὶ
2935 3275 3063 3328 Υἰὸν
3113 3272 3387 3344 ἀνθρώπου
3429 3269 3637 3340 γενέσθαι,

2145 3368 2239 3421 καὶ
2271 3366 2631 3420 ἐταπείνωσεν
2664 3365 2878 3427 ἑαυτὸν,
2913 3363 3095 3416 λαϐὼν
3123 3363 3303 3416 δούλου
3351 3364 3555 3434 μορφήνο
3579 3361 3640 3414 διὰ

2143 3457 2302 3512 τοῦτο
2339 3458 2615 3522 Ἰουδαίοις
2643 3457 2740 3529 μὲν
2772 3457 3067 3511 σκάνδαλόν
3099 3459 3244 3510 ἐστιν
3276 3457 3304 3508 6
3339 3455 3426 3508 τοῦ
3463 3451 3640 3524 Χριστοῦ

2148 3548 2398 3621 σταυρὸς,
2431 3549 2563 3620 ἡμῖν
2583 3547 2640 3600 δὲ
2667 3545 2902 3619 Χριστὸς
2929 3545 3063 3599 Θεοῦ
3094 3546 3316 3616 δύναμις
3339 3543 3424 3597 καὶ
3453 3541 3560 3596 Θεοῦ
3577 3557 3640 3593 σο·

2148 3643 2281 3712 φίαο
2325 3642 2378 3693 Ὁ
2410 3641 2603 3710 Λόγος
2633 3638 2742 3710 γὰρ
2765 3680 2781 3704 ,
2831 3637 2906 3702 ὼς
2945 3635 3102 3692 εἷπεν
3141 3641 3169 3692 6
3234 3636 3495 3705 Ἰωάννης,
3529 3629 3641 3699 σὰρξ

2145 3733 2382 3807 ἐγένετο
2402 3751 2415 3764 ⁹
2440 3733 2540 3802 τῆς
2571 3731 2792 3802 Γραφῆς
2818 3729 2937 3792 ἔθος
2962 3731 3196 3801 ἐχούσης
3222 3729 3392 3798 λέγειν
3415 3727 3559 3796 σάρκα
3578 3721 3641 3774 τὸν

2143 3826 2449 3898 ἄνθρωπον,
2468 3825 2543 3888 ὼς
2569 3825 2660 3878 διὰ
2685 3825 2838 3896 Ἰωὴλ
2867 3822 2960 3876 τοῦ
2990 3823 3270 3893 προφήτου
3294 3820 3458 3891 φησίν·
3485 3810 3642 3883 Ἐκχεῶ

2145 3919 2264 3975 ἀπὸ
2294 3919 2400 3972 τοῦ
2437 3917 2784 3986 Πνεύματός
2812 3934 2932 3984 μου
2959 3915 3058 3968 ἐπὶ
3093 3914 3297 3969 πᾶσαν
3331 3911 3536 3978 σάρκα·
3575 3904 3640 3958 καὶ

2145 4013 2220 4076 ὡς
2412 4009 2612 4080 Δανιὴλ
2655 4009 2845 4079 εἴρηκε
2885 4007 2963 4078 τῷ
3009 4007 3311 4076 Ἀστυάγῃ·
3348 4005 3421 4057 Οὐ
3459 3999 3642 4066 σέϐομαι

2143 4105 2366 4160 εῑδωλα
2391 4103 2795 4172 χειροποίητα,
2838 4100 3001 4155 ἀλλὰ
3028 4100 3138 4154 τὸν
3180 4099 3357 4159 ζῶντα
3392 4093 3536 4155 Θεὸν,
3567 4090 3643 4142 τὸν

2145 4197 2438 4249 κτίσαντα
2472 4193 2578 4246 τὸν
2609 4194 2871 4260 οὐρανὸν
2902 4192 3002 4246 καὶ
3034 4192 3151 4260 τὴν
3185 4190 3325 4261 τῆν,
3362 4187 3455 4241 καὶ
3481 4185 3643 4254 ἔχοντα

2145 4284 2349 4351 πάσης
2379 4280 2608 4350 σαρκὸς
2638 4283 2882 4349 κυρείαν
2910 4300 2924 4312 ο
2960 4283 3140 4352 σάρκα
3181 4281 3289 4352 γὰρ
3320 4279 3409 4333 καὶ
3430 4269 3557 4337 οὗτος
3579 4271 3642 4325 καὶ

2157 4377 2310 4448 Ἰωὴλ
2337 4375 2399 4428 τὺ
2422 4375 2530 4428 τῶν
2559 4373 2655 4426 ἀνθ
2665 4373 2859 4444 ρώπων
2882 4373 3037 4442 γένος
3061 4374 3326 4441 λέγουσιν.

2335 4467 2513 4522 Πάλαι
2566 4468 2662 4538 μὲν
2697 4463 2788 4519 οὗν
2834 4465 2970 4536 πρὸς
3009 4466 3238 4518 ’ἑκαστον
3399 4458 3493 4512 τῶν
3521 4454 3644 4522 ἁγίων

2143 4555 2374 4623 ἐγίνετο,
2401 4557 2495 4609 καὶ
2520 4554 2713 4626 ἡγίαζε
2745 4554 2842 4624 μὲν
2870 4555 2996 4616 τοὺς
3022 4554 3260 4624 γνησίως
3282 4548 3563 4621 δεχομένους
3579 4542 3645 4596 αὺ“

2143 4647 2255 4701 τάνυ
2276 4646 2398 4700 οὔτε
2419 4647 2496 4713 δὲ,
2537 4645 2892 4716 γεννωμένων
2915 4645 3160 4709 ἐκείνων,
3189 4644 3413 4716 εἴρηται,
3432 4643 3498 4694 ὅτι
3527 4633 3643 4693 αὐτὸς

2145 4741 2434 4810 γεγένηται
2483 4739 2788 4809 ἄνθρωπος,
2821 4737 2965 4801 οὔτε,
3004 4738 3320 4808 πασχόντων
3353 4733 3559 4792 ἐκείνων,
3593 4724 3644 4778 εἴ·

2151 4845 2341 4901 ρηται’
2385 4829 2658 4882 Πέπονθεν
2691 4829 2874 4891 αὐτός.
2913 4830 3042 4882 Ὅτε
3082 4829 3138 4883 δὲ
3177 4831 3241 4881 ὲκ
3287 4825 3484 4896 Μαρίας
3504 4817 3643 4885 inii;-

2073 4938 2118 4993 ι)
2150 4937 2320 4993 μησεν
2353 4918 2498 4984 ἅπαξ
2679 4919 2774 4972 ἐπὶ
2800 4919 3080 4991 συντελείᾳ
3099 4919 3209 4972 τῶν
3243 4916 3439 4970 αἰώνων
3465 4913 3530 4973 είς
3553 4905 3639 4961 ἀθέ-

2144 5028 2298 5081 τησιν
2364 5011 2637 5083 ἁμαρτίας
2689 5008 2870 5080 (οὕτω
2936 5011 3046 5081 γὰρ
3101 5009 3396 5079 εὐδοκήσας
3439 5006 3466 5057 6
3507 4996 3645 5060 Πατὴρ

2142 5086 2358 5156 ἔπεμψε
2383 5089 2472 5138 τὸν
2497 5088 2692 5142 ἑαυτοῦ
2734 5091 2859 5143 Υίδν
2885 5095 3176 5162 γενόμενον
3221 5095 3285 5147 ἐκ
3309 5087 3552 5162 γυναικὸς,
3577 5098 3643 5148 γε·

2071 3589 2116 3651 C

469 5193 633 5233 carne
683 5187 962 5246 assumpta
993 5175 1271 5229 hominem
1310 5172 1516 5226 factum
1548 5187 1690 5236 esse,
1737 5184 1900 5241 atque
1941 5188 2032 5242 pro

2143 5177 2364 5247 νόμενον
2395 5179 2499 5231 ὑπδ
2525 5179 2734 5250 νόμον),
2762 5182 2885 5235 τότε
2932 5185 3174 5254 εῐρηται,
3222 5187 3303 5238 ὅτι
3333 5183 3493 5251 σάρκα
3519 5187 3642 5243 προσ·

471 5274 624 5328 nobis
646 5273 698 5328 in
725 5288 785 5327 ea
813 5286 932 5326 esse
951 5283 1190 5338 passu'n,
1215 5275 1272 5319 ut
1303 5266 1370 5318 ait
1394 5265 1586 5320 Petrus
1609 5282 1622 5318 ;
1647 5263 1856 5320 Christo
1876 5268 2032 5336 igitur

2143 5269 2324 5323 λαϐὼν
2359 5273 2653 5344 γεγένηται
2687 5275 2998 5345 ἄνθρωπος,
3027 5281 3120 5331 καὶ
3147 5282 3205 5330 ἐν
3247 5276 3411 5346 ταύτῃ
3441 5267 3643 5324 πέπονθεν

466 5383 561 5434 pro
587 5365 734 5418 nobis
761 5378 916 5431 passo
945 5364 994 5412 in
1015 5375 1171 5412 carne
1196 5359 1259 5422 “,
1291 5370 1348 5410 ut
1378 5357 1586 5411 scilicet
1617 5358 1835 5426 planum
1865 5359 2032 5422 ﬁeret,

2143 5361 2285 5432 ὑπὲρ
2311 5363 2490 5433 ἡμῶν,
2517 5364 2593 5427 ὡς
2627 5359 2781 5418 εἶπεν
2809 5368 2837 5418 6
2872 5368 3079 5438 Πέτρος
3103 5387 3118 5401 ·
3155 5366 3406 5436 Χριστοῦ
3439 5357 3536 5416 οὖν
3569 5372 3644 5407 πσ-

467 5472 770 5525 omnesque
833 5454 1177 5509 crederemus
1228 5465 1353 5504 eum
1415 5451 1626 5518 ipsum,
1675 5450 1768 5519 qui
1825 5466 2032 5520 semper

2141 5454 2352 5520 θέντος
2384 5456 2538 5525 ὑπὲρ
2575 5456 2746 5526 ἡμῶν
2787 5463 3010 5528 σαρκί·
3058 5462 3141 5514 ἵνα
3197 5459 3397 5530 δειχθῇ,
3424 5454 3508 5507 καὶ
3547 5449 3644 5500 πάν-

467 5548 610 5602 Deus
640 5549 762 5612 fuit,
793 5556 847 5602 et
881 5561 1000 5612 eos,
1032 5543 1099 5598 ad
1129 5561 1266 5614 quos
1299 5545 1552 5610 accessit,
1584 5552 1805 5599 sanctos
1833 5545 2030 5611 eﬁ‘eeit,

2143 5563 2236 5611 ’τες
2283 5548 2689 5620 πιστεύσωμεν,
2719 5552 2825 5616 ὅτι,
2875 5555 2961 5607 ἀεὶ
2996 5552 3072 5608 ὣν
3124 5554 3276 5619 Θεὸς,
3317 5551 3407 5605 καὶ
3450 5541 3651 5613 ἁγιάζωνν

539 5711 556 5741 ⁸
591 5710 783 5780 Philip.
819 5723 878 5769 tt,
918 5707 950 5762 6
981 5707 1032 5762 8.
1111 5709 1130 5739 '
1163 5707 1298 5762 Gen.
1337 5724 1376 5771 ι,
1409 5708 1461 5760 '5.
1537 5707 1558 5740 ³
1587 5707 1718 5762 ibid.
1755 5709 1807 5764 ﬁ.
1883 5710 1905 5742 ⁸
1940 5709 2032 5762 ibit

730 5798 753 5814 ν
819 5780 889 5814 τι
1009 5782 1029 5810 ν
1063 5777 1076 5814 l
1107 5778 1213 5814 η...
1291 5795 1303 5814 ι
1383 5777 1452 5814 et
1583 5781 1625 5811 ι.)
1661 5777 1792 5814 1......
1868 5797 1881 5814 .
1957 5781 2019 5814 ιι

2141 5707 2199 5813 91.
2241 5708 2480 5814 Ιιῖιέοῧξιο
2498 5725 2592 5814 gini,
2767 5715 2812 5814 I':
2840 5711 2998 5767 Joan-
3033 5714 3128 5814 l'l‘
3153 5714 3195 5766 ι.
3223 5707 3460 5814 ιιςίέξῖἰῗ.
3491 5714 3578 5814 xli“

466 5779 672 5904 :Jinl‘P.
730 5777 780 5841 ᾗ
819 5780 908 5833 3³⁸
1009 5782 1029 5810 ν
1063 5777 1078 5830 Ι
1107 5778 1232 5834 CM'
1291 5795 1325 5841 ¹⁹
1383 5777 1470 5830 24'
1583 5781 1625 5811 ω
1659 5777 1814 5833 ³⁰²¹¹¹ο
1868 5797 1904 5845 Is
1957 5781 2042 5833 η·
2150 5782 2190 5813 ⁸⁸
2229 5777 2370 5836 ³061.
2411 5795 2470 5844 ιι,
2498 5780 2588 5834 28.
2693 5781 2736 5814 ⁸³
2765 5782 2898 5838 Dan.
2932 5800 3037 5848 xw,
3072 5784 3123 5836 4.
3223 5781 3266 5813 ¹⁸
3290 5779 3451 5832 Galat.
3502 5785 3562 5830 tv,
3600 5777 3636 5814 i-

495 5857 512 5881 ‘
634 5863 728 5903 -tr.
763 5868 832 5916 tv,
875 5859 918 5903 Ι.
