3860 6542
106 392 194 455 ηδ
1035 372 1412 436 PANOPLIA
1459 370 2018 434 DOGMATICA.-
2047 368 2201 431 Tl’l‘.
2246 367 2349 433 x1.
3284 364 3388 430 425

116 502 235 563 πηὸς
272 494 361 559 οὒς
388 494 638 561 εγενετο,
686 484 1003 556 διακοσμῶν
1041 500 1102 538 τε
1153 482 1293 539 κατά
1320 481 1381 536 τὸ
1425 477 1640 551 βούλημ

1861 474 2084 547 miaque
2133 472 2294 546 juxta
2361 474 2544 533 Patris
2601 475 2937 534 voluntatem
3014 476 3385 552 administrat,

114 564 196 647 τοῦ
223 588 430 660 [ἰατρὸς
466 586 532 639 τὰ
558 584 757 649 πάντα,
788 581 1018 652 ὕστερον
1046 578 1140 631 καὶ
1170 575 1237 631 δι’
1268 577 1418 647 ἡμᾶς
1450 574 1638 644 γέγονε

1856 580 2016 640 opter
2058 584 2159 625 nos
2191 569 2471 624 hominem
2508 579 2697 641 postea
2744 572 2950 628 factum
2998 573 3169 631 fuisse
3195 585 3380 648 atque,

114 683 400 751 ἄνθρωπος,
427 677 526 731 καὶ
553 672 906 745 σωματικῶς,
939 672 1016 735 ῶς
1050 688 1217 742 φησιν
1257 671 1286 724 ό
1330 666 1638 722 ’Λπόστολοι

1902 661 2149 733 loquitur
2174 661 2491 733 Apostolus,
2542 663 2882 720 divinitatem
2931 668 3292 737 corporaliter
3327 670 3384 726 in

112 771 412 842 κατῴκησεν
462 770 497 839 ἡ
524 767 713 837 θεότης
742 767 801 816 ὲν
852 764 919 834 τῇ
960 761 1128 832 σαρκί
1154 777 1170 794 υ
1213 762 1327 814 ίσον
1379 760 1457 831 τῷ
1490 759 1636 829 φάνα

1862 772 1960 812 rne
2005 754 2281 811 habitasse
2316 757 2358 823 ¹,
2392 756 2539 827 quod
2597 756 2737 813 idem
2790 769 2874 815 est
2926 775 2990 816 ac
3045 760 3093 817 si
3151 762 3379 827 diceret,

111 866 226 926 θεὸς
262 860 357 927 ὢν,
414 861 547 914 ῐδιυν
601 859 727 929 ἔσχε
781 855 968 927 σῶμα,
1010 856 1108 910 καὶ
1164 852 1341 924 τούτῳ
1397 852 1635 924 χρώμενι

1857 865 1930 903 tm
1963 845 2109 903 Deus
2150 857 2319 913 esset,
2354 847 2637 920 proprium
2690 851 2882 908 habuit
2911 867 3134 925 corpus,
3175 873 3286 926 quo
3321 866 3381 913 ut

109 958 329 1029 ὀργάνῳ,
370 954 597 1024 γέγονεν
626 953 915 1023 ἅνθρωπος
947 949 1015 1003 δι’
1047 950 1219 1021 ἡμᾶς.

1788 942 2156 996 instrumento
2187 951 2367 1007 utens,
2400 941 2562 996 homo
2595 952 2820 1013 propter
2847 960 2946 1001 nos
2975 944 3154 1003 lactus
3182 958 3290 1005 est.

515 1046 631 1116 Τῆς
663 1044 856 1114 αὐτῆς
883 1044 1275 1109 ἀκολουθίας.

2258 1035 2335 1089 De
2376 1036 2557 1091 eodem
2583 1048 2917 1107 argumento.

168 1140 272 1210 Τῆς
332 1139 538 1211 σαρκὸς
602 1133 941 1204 πασχούσης,
991 1134 1092 1186 οὐκ
1142 1128 1211 1204 ἦν
1269 1130 1426 1193 ἐκτὸς
1476 1128 1682 1201 ταύτης

1862 1128 2002 1184 llinc
2054 1144 2180 1185 eum
2237 1145 2366 1186 caro
2413 1140 2711 1201 pateretur,
2734 1140 2885 1186 extra
2923 1148 3044 1189 eam
3095 1151 3206 1191 non
3264 1146 3383 1196 erat

106 1234 130 1282 ὁ
193 1232 361 1298 Λόγος
398 1244 415 1261 ο
474 1228 563 1281 διὰ
610 1226 770 1281 τοῦτο
812 1228 923 1296 γὰρ
978 1223 1143 1279 αὑτοῦ
1192 1222 1413 1290 λέγεται
1469 1222 1565 1273 καὶ
1617 1236 1630 1270 ι

1868 1221 2045 1285 rhum,
2088 1236 2208 1292 quae
2238 1238 2402 1277 causa
2438 1232 2524 1279 est
2546 1239 2645 1279 cur
2673 1224 2794 1295 ejus
2839 1239 2959 1281 esse
3000 1226 3184 1297 passio
3233 1229 3385 1284 dica.

107 1308 287 1370 πάθος·
323 1304 418 1359 καὶ
457 1305 653 1368 θεῖκῶς
686 1306 743 1359 δὲ
778 1306 1057 1370 ποιοῦντος
1094 1307 1259 1361 αὐτοῦ
1299 1308 1368 1362 τὰ
1393 1308 1529 1380 ἔργα
1559 1308 1631 1361 τοὶ

1858 1330 1915 1366 ll‘.
1966 1313 2101 1368 Cum
2145 1313 2268 1367 item
2311 1312 2428 1382 ipse
2475 1308 2656 1367 Patris
2695 1325 2859 1381 opera
2903 1312 3085 1367 divine
3127 1313 3382 1369 elIiceret.

104 1400 314 1470 Πατρὸς,
347 1400 448 1451 ούκ
474 1395 543 1470 ἦν
564 1399 761 1463 ἔξωθεν
793 1399 957 1461 αὐτοῦ
984 1402 1017 1471 ἡ
1047 1400 1181 1472 σάρξ
1205 1417 1221 1434 ⁶
1251 1400 1366 1455 ἀλλ’
1407 1402 1465 1457 ὲν
1508 1402 1628 1458 αὐτὶ

1861 1414 1958 1459 :tra
1987 1406 2162 1475 ipsum
2200 1421 2307 1460 non
2333 1416 2450 1461 erat
2478 1420 2627 1470 raro,
2658 1405 2751 1461 sed
2777 1405 2828 1459 in
2864 1405 2982 1475 ipso
3013 1419 3242 1476 corpore
3271 1407 3385 1461 haec

102 1491 167 1559 τῷ
189 1489 392 1559 σώματι
432 1491 605 1544 ταῦτα
630 1490 790 1546 πάλιν
828 1491 857 1543 ό
890 1490 1091 1565 Κύριος
1127 1492 1304 1547 ὲποίει
1324 1509 1337 1523 ·
1370 1492 1462 1548 διά
1496 1493 1626 1548 τοῦτ

1861 1495 2069 1550 [ieiebat
2101 1494 2382 1552 Dominus.
2416 1496 2621 1551 Idcirco
2662 1498 2805 1551 enim
2845 1495 3021 1553 laetus
3066 1497 3230 1554 homo
3275 1500 3385 1554 aie-

105 1580 198 1649 γὰρ
223 1579 312 1630 καὶ
331 1577 624 1653 ἄνθρωπος
652 1575 940 1646 γενόμενος
970 1575 1157 1643 ἔλεγεν
1177 1591 1190 1604 ·
1225 1578 1294 1628 Et
1316 1576 1386 1629 οὐ
1410 1575 1556 1629 ποιῶ
1590 1592 1629 1629 τι

1857 1588 1888 1635 ιι
1916 1598 1930 1635 :
1961 1578 2019 1633 Si
2052 1579 2228 1633 Patris
2257 1581 2354 1632 mei
2380 1597 2536 1649 opera
2566 1597 2667 1633 non
2700 1581 2862 1650 facio,
2902 1580 3030 1634 mihi
3053 1581 3262 1635 credere
3285 1597 3381 1635 no-

101 1674 228 1740 ἕργα
254 1671 355 1725 τοῦ
383 1670 621 1738 Πατρός
660 1686 803 1739 μου,
840 1666 928 1738 μὴ
971 1665 1283 1722 πιστεύετέ
1303 1684 1406 1737 μοι
1444 1683 1458 1698 ο
1498 1669 1552 1721 ει
1591 1664 1625 1722 δ

1858 1687 1885 1725 e
1916 1687 1936 1725 :
1970 1671 2017 1724 si
2053 1681 2228 1724 autem
2266 1671 2441 1740 facio,
2477 1672 2524 1724 si
2567 1669 2695 1724 milii
2722 1670 2931 1725 credere
2971 1672 3176 1738 nolitis,
3202 1673 3377 1741 operi-

103 1763 247 1829 ποιῶ,
283 1762 397 1816 κᾶν
432 1762 569 1831 ἐμοὶ
604 1761 691 1831 μὴ
734 1761 1089 1829 πιστεύητε,
1139 1759 1263 1827 τοῖς
1314 1760 1514 1831 ἔργοις
1565 1775 1627 1815 ut

1850 1780 1888 1817 ts
1912 1764 2101 1818 saltem
2124 1764 2341 1829 credite,
2372 1774 2428 1817 ut
2456 1764 2781 1833 cognoscatis
2815 1763 3030 1817 Patrem
3058 1764 3111 1817 in
3138 1779 3218 1817 me
3244 1779 3374 1824 esse,

102 1857 340 1917 στεύετε,
369 1854 472 1909 ἵνα
500 1853 837 1923 γινώσκητε
872 1889 889 1914 ,
1006 1851 1097 1906 ὅτι
1118 1852 1189 1907 ἐν
1216 1852 1344 1922 ἐμοὶ
1370 1854 1404 1906 ό
1431 1850 1626 1921 Πατὴρ

1868 1874 1947 1913 me
1975 1858 2030 1911 in
2067 1857 2163 1913 illo
2212 1864 2253 1913 ’.
2292 1856 2450 1912 Certe
2491 1873 2615 1911 cum
2658 1872 2796 1928 opus
2841 1854 2942 1912 fuit
2984 1872 3199 1913 socrum
3232 1855 3378 1912 Petri

363 1907 550 2013 αὐτῶ.
599 1907 815 2016 Ἀμέλει
860 1907 948 1999 δτε
984 1944 1142 2017 χρεία
1177 1907 1368 2015 γέγονε
1400 1944 1499 2017 τὴν
1527 1907 1628 1999 ne-v

2240 1907 2253 1913 _
2301 1907 2447 1912 η---
2497 1907 2615 1911 ___-_
2666 1907 2793 1928 ,τη
2841 1907 2940 1912 ___,
2985 1907 3199 1913 ,πη-η
3233 1907 3376 1912 η---

1852 1950 1928 2005 bri
1978 1949 2315 2005 laborantem
2359 1964 2554 2003 curare
2604 1952 2649 2016 ⁸,
2683 1948 2926 2005 humano
2974 1950 3193 2020 quidem
3229 1964 3376 2005 more

104 2038 246 2108 θεράν
263 2036 353 2091 τοῦ
383 2037 600 2109 Πέτρου
625 2036 1003 2104 πυρέσσουσαν
1041 2038 1271 2110 ἐγεῖραι,
1302 2035 1628 2108 ἀνθρωπίνω

1851 2063 2017 2103 anum
2057 2046 2318 2113 extendit,
2368 2050 2462 2103 sed
2500 2045 2751 2101 morbum
2791 2042 3056 2101 divinitus
3094 2043 3370 2114 repressit.

108 2132 191 2201 μὲν
214 2131 434 2196 ἐξέτεινε
462 2130 566 2203 τὴν
594 2134 773 2202 χεῖρα,
811 2129 1009 2196 θεϊχῶς
1042 2131 1099 2184 δὲ
1123 2126 1193 2203 ἦν
1222 2130 1411 2185 παύων
1447 2130 1546 2201 τὴν
1573 2129 1632 2185 νό

1859 2139 2057 2199 militer
2112 2153 2237 2193 cum
2278 2152 2480 2194 caecum
2527 2147 2713 2191 natum
2768 2136 3019 2204 sanavit,
3072 2137 3373 2189 humanum

108 2241 198 2275 σον.
222 2224 324 2278 Καὶ
353 2224 446 2275 ἐπὶ
472 2223 577 2294 μὲν
609 2222 703 2277 τοῦ
734 2225 799 2277 ὲκ
826 2224 1051 2296 γενετῆς
1203 2222 1403 2293 τυφλοῦ
1445 2220 1626 2296 ἀνθρώ

1852 2238 2014 2286 nutum
2057 2245 2089 2286 e
2134 2244 2300 2285 carne
2343 2229 2543 2296 emisit,
2580 2229 2673 2284 sed
2702 2244 2798 2299 per
2827 2230 3001 2284 lutum
3035 2228 3225 2283 oculos
3257 2226 3376 2296 ejus

112 2332 238 2368 πινον
266 2314 370 2368 ἀπὸ
408 2314 513 2384 τῆς
566 2315 769 2386 σαρκὸς
807 2315 958 2385 ἠφίει
985 2315 1048 2368 τὸ
1086 2314 1330 2386 πτύσμα,
1373 2313 1571 2379 θεῖκῶς
1601 2313 1636 2367 ἃ

1850 2321 1973 2377 vine
2022 2322 2250 2391 aperuit.
2279 2320 2336 2375 ln
2369 2320 2576 2376 Lazaro
2623 2336 2842 2391 quoque
2890 2335 2921 2375 a
2967 2319 3198 2375 mortuis
3225 2321 3373 2374 exei-

107 2408 211 2471 τοὺς
240 2406 551 2477 ὀφθαλμοὺς
577 2408 762 2479 ἧνοιγε
802 2406 891 2461 διά
928 2406 1021 2461 τοῦ
1070 2407 1276 2479 πηλοῦο
1318 2408 1411 2461 ἐπὶ
1458 2405 1516 2461 δὲ
1564 2424 1631 2461 το

1850 2410 1957 2466 ndo
1989 2411 2285 2466 humanam
2321 2411 2540 2482 quidem
2595 2425 2804 2477 vocem,
2842 2418 2902 2464 ut
2944 2410 3132 2475 homo,
3161 2408 3372 2464 edidit:

109 2498 327 2570 Λαζάρου
349 2498 537 2569 φωνὴν
563 2499 681 2569 μὲν,
705 2498 781 2562 ὡς
803 2498 1110 2571 ἅνθρωπος,
1128 2498 1474 2571 ἀνθρωπίνην
1489 2498 1633 2568 ἠφίει

1848 2501 1882 2558 d
1915 2502 2117 2569 divine,
2163 2511 2223 2558 ut
2265 2500 2430 2569 Deus,
2462 2500 2732 2556 Lazarum
2774 2500 2841 2554 ad
2877 2500 3043 2555 vitam
3076 2499 3372 2554 revocavit.

109 2590 273 2655 θείκῶς
294 2592 367 2656 δὲ,
397 2591 475 2655 ὡς
512 2591 670 2656 Θεὸς,
698 2591 789 2645 τὸν
815 2591 1066 2665 Λάζαρον
1091 2594 1310 2665 ἧγειρεν
1335 2592 1400 2645 ὲκ
1428 2590 1633 2663 νεκρῶν

1850 2610 1916 2650 ee
1942 2604 2126 2650 autent
2169 2594 2372 2650 idcirco
2424 2593 2499 2649 ita
2556 2593 2733 2664 palam
2787 2592 3002 2657 ﬁebant,
3063 2593 3208 2663 quod
3262 2607 3374 2647 non.

110 2684 265 2737 Ταῦτα
287 2685 341 2738 δὲ
372 2684 553 2748 οὕτως
585 2682 798 2754 ἐγίνετο
836 2717 852 2744 .
979 2685 1074 2740 καὶ
1113 2684 1408 2749 ἐδείκνυτο,
1454 2683 1537 2738 ὅτι
1584 2681 1634 2754 μὲ

1850 2686 1971 2741 eeie
2014 2686 2109 2742 sed
2149 2700 2339 2741 revera
2376 2701 2576 2756 corpus
2610 2684 2855 2739 haberet.
2906 2682 3109 2753 Nempe
3149 2682 3374 2738 decebat

112 2777 347 2849 φαντασίᾳ
382 2777 523 2832 ἀλλὰ
563 2775 779 2849 ἀληθῶς
818 2771 887 2849 ἦν
930 2777 1069 2849 ἔχων
1109 2778 1302 2850 σῶμαο
1349 2776 1559 2849 ἔπρεπε
1601 2776 1636 2830 δι

1845 2778 2112 2843 ominum,
2162 2778 2458 2832 humanam
2510 2792 2731 2833 carnem
2791 2777 3145 2841 induentem,
3203 2783 3369 2829 totam

112 2870 184 2922 τδν
211 2869 420 2942 Κύριον,
452 2870 900 2942 ὲνδιδυσκόμενον
926 2871 1275 2945 ἀνθρωπίνην
1300 2870 1501 2944 σάρκα,
1536 2869 1636 2924 ταύ

1856 2885 1906 2924 m
1956 2885 2080 2925 cum
2122 2869 2359 2941 propriis
2394 2868 2776 2925 all‘eetionibus
2810 2868 3053 2927 induere,
3087 2874 3146 2919 ut
3178 2881 3373 2935 quem-

112 2977 190 3029 την
233 2961 363 3031 μετά
405 2962 519 3015 τῶν
567 2960 711 3015 ἰδίων
763 2961 954 3016 παθῶν
1001 2964 1171 3035 αὐτῆς
1212 2962 1340 3035 ὅλην
1502 2958 1636 3015 ὲνδύ

1846 2960 2081 3016 [modum
2122 2961 2402 3032 proprium
2437 2960 2557 3030 ejus
2605 2974 2725 3015 esse
2765 2972 2966 3028 corpus
3009 2955 3263 3020 dicimus,
3297 2955 3370 3009 ila

116 3052 306 3118 σαςθαι,
353 3054 467 3119 ἵνα,
524 3054 715 3127 ὥσπερ
761 3055 891 3109 ῐδιον
936 3055 1103 3109 αὐτοῦ
1157 3055 1388 3127 λέγομεν
1426 3051 1640 3109 εἶναιτί

1844 3053 1950 3107 iam
1992 3058 2237 3123 corporis
2287 3052 2625 3119 all‘eetiones,
2655 3050 2897 3121 ejusdem
2928 3048 3105 3104 solum
3141 3048 3365 3117 prOpt'i:E

116 3141 263 3212 σῶμα,
294 3143 428 3197 οὕτω
461 3145 564 3199 καὶ
593 3146 662 3199 τά
707 3144 803 3198 τοῦ
853 3144 1104 3217 σώματος
1141 3146 1287 3218 πάθη
1342 3146 1451 3199 ίδια
1497 3145 1640 3217 μόνοι

1850 3160 1908 3199 se
1952 3144 2287 3210 dicerentur,
2318 3144 2532 3198 tametsi
2568 3142 2688 3212 ejus
2715 3156 2823 3195 non
2852 3138 3191 3210 attingebant
3234 3137 3372 3191 divi-

116 3234 247 3288 ιιὺτοῦ
277 3235 520 3307 λέγηται,
564 3235 612 3289 εί
652 3238 746 3289 καὶ
787 3235 861 3309 μὴ
896 3238 1100 3308 ἥπτετο
1240 3238 1383 3293 κατά
1414 3238 1514 3309 τὴν
1544 3235 1640 3293 θιό

1849 3243 2032 3290 tatem.
2062 3232 2249 3305 Itaque
2278 3235 2321 3290 si
2355 3233 2581 3289 alterius
2610 3240 2755 3289 esset
2779 3245 3002 3301 corpus,
3030 3230 3178 3283 illius
3205 3229 3367 3283 etiam

113 3343 225 3393 τητα
253 3299 429 3381 αὐτοῦ.
464 3299 534 3380 Eii
573 3327 672 3399 μὲν
710 3299 802 3381 οῦν
827 3299 1014 3400 ἑτέρου
1041 3324 1109 3401 ἦν
1141 3329 1204 3383 τὸ
1233 3328 1413 3400 σῶμα,
1444 3299 1637 3385 ἐκείνοι

1849 3341 1906 3382 se
1948 3325 2262 3382 all‘ectiones
2303 3326 2658 3384 dicerentur:
2700 3324 2793 3379 sed
2847 3324 2892 3379 si
2934 3321 3093 3376 Verbi
3127 3336 3255 3376 caro
3289 3332 3369 3374 est

114 3416 165 3469 ἂν
190 3417 380 3486 λέγοιτο
420 3421 519 3474 καὶ
555 3419 624 3473 τὰ
666 3420 842 3491 πάθηυ
890 3422 939 3473 εί
981 3421 1040 3474 δὲ
1084 3419 1181 3475 τοῦ
1226 3421 1400 3490 Λόγου
1445 3422 1479 3493 ἠ
1521 3420 1638 3495 σάρι

1845 3415 2044 3469 ’erbum
2078 3417 2223 3472 enim
2256 3432 2381 3471 caro
2404 3418 2608 3487 factum
2642 3424 2719 3471 est
2758 3413 2777 3445 ⁸
2808 3414 2849 3485 ),
2884 3428 3105 3469 necesse
3135 3420 3218 3467 est
3245 3427 3369 3465 car-

116 3510 164 3575 (ό
187 3510 277 3579 γὰρ
302 3513 485 3582 Λόγος
517 3513 677 3582 σὰρξ
719 3512 1013 3582 ἐγένετο),
1051 3512 1264 3583 ἀνάγκη
1449 3514 1542 3567 καὶ
1586 3514 1640 3568 τὸ

1848 3525 1873 3564 s
1902 3507 2215 3565 aﬂ‘ectiones
2251 3510 2397 3565 illius
2420 3510 2530 3565 diei
2557 3510 2716 3579 cujus
2764 3509 2880 3578 ipsa
2908 3522 3037 3563 caro
3063 3515 3165 3561 est.
3200 3505 3370 3576 Cujus

113 3600 191 3670 τῆς
233 3604 420 3674 σαρκὸς
468 3604 625 3674 πάθη
671 3603 925 3673 λέγεσθαι
957 3604 1147 3671 αὐτοῦ,
1193 3599 1255 3659 οῦ
1302 3605 1398 3659 καὶ
1439 3606 1473 3676 ἡ
1517 3604 1637 3677 σάρξ

1842 3614 1952 3655 )rro
2002 3601 2260 3656 dicuntur
2297 3601 2637 3667 affectiones,
2669 3602 2857 3672 quales
2898 3600 2952 3654 in
2984 3600 3174 3671 primis
3205 3610 3366 3665 sunt,

115 3692 250 3747 ἐστιν.
279 3688 346 3749 Oi}
374 3696 428 3750 δὲ
458 3697 685 3765 λέγεται
724 3697 794 3751 τά
825 3698 996 3769 πάθη,
1030 3696 1120 3753 οἷά
1152 3699 1270 3752 ἐστι
1429 3694 1639 3766 μάλιστι

1843 3694 2141 3748 ιηᾱεωηατί
2164 3736 2178 3761 ,
2206 3693 2431 3766 ﬂagellis
2463 3693 2595 3750 caedi
2616 3734 2631 3759 ,
2667 3693 2840 3759 sitire,
2872 3693 3021 3749 cruci
3051 3691 3211 3762 aﬂigi,
3248 3707 3367 3745 mo-

115 3781 162 3834 τὸ
183 3788 580 3861 κατακριθῆναι,
614 3789 679 3842 τὸ
712 3788 1140 3862 μαστιγωθῆναι,
1194 3789 1256 3843 τὸ
1298 3789 1478 3860 διψᾷν,
1509 3790 1601 3845 καὶ
1629 3808 1639 3843 ι

1844 3827 1854 3852 ,
1888 3787 2116 3856 aliaeque
2154 3788 2402 3856 corporis
2444 3786 2812 3854 infirmitates,
2862 3787 3105 3854 ejusdem
3149 3800 3368 3855 quoque

117 3880 327 3949 σταυρὸς,
350 3883 441 3936 καὶ
468 3885 500 3937 ὁ
544 3882 802 3949 θάνατος,
838 3884 933 3937 ml.
972 3885 1029 3937 αι
1072 3883 1229 3938 ἄλλαι
1266 3883 1361 3938 τοῦ
1405 3884 1641 3956 σώματος

1843 3886 1915 3931 mt
1937 3887 2055 3932 tum
2086 3878 2343 3947 praeclare
2372 3888 2523 3946 gesta
2559 3888 2672 3932 tum
2717 3878 2908 3948 gratia.
2942 3875 3073 3930 Eam
3109 3876 3271 3946 igitur
3297 3874 3367 3929 ob

111 3966 368 4035 ἀσθένειαι,
411 3974 609 4027 τούτου
652 3974 747 4027 καὶ
790 3974 851 4027 τὸ
898 3974 1231 4047 κατόρθωμα
1281 3975 1376 4029 καὶ
1418 3976 1450 4046 ἡ
1495 3976 1635 4047 χάρις

1840 3986 1897 4024 ιω
1949 3979 2315 4042 congruenter
2364 3979 2418 4025 et
2458 3968 2844 4025 convenienter
2882 3968 3193 4038 hujusmodi
3230 3966 3364 4022 alie-

112 4060 220 4115 ὲστί.
248 4063 339 4117 Διά
368 4066 533 4120 τοῦτο
560 4067 738 4120 τοίνυν
760 4065 1069 4130 ἀκολούθως
1092 4068 1185 4121 καὶ
1216 4067 1532 4138 πρεπόντως
1555 4067 1636 4121 ού)

1841 4060 1993 4115 iones
2035 4075 2143 4115 non
2176 4059 2431 4124 alterius,
2464 4059 2558 4114 sed
2593 4056 2807 4113 Domini
2842 4073 2963 4113 esse
2993 4056 3271 4124 dicuntur,
3306 4066 3364 4112 ut

112 4150 261 4221 ἄλλου,
286 4156 412 4210 ἀλλά
438 4158 539 4211 τοῦ
578 4159 786 4226 Κυρίου
834 4156 1052 4227 λέγεται
1092 4157 1160 4211 τὰ
1205 4158 1430 4212 τοιαῦτα.
1463 4157 1636 4231 πάθη

1837 4151 2037 4220 ,gratia
2067 4151 2136 4205 ab
2167 4151 2257 4205 illo
2293 4152 2396 4219 sit,
2439 4160 2494 4207 et
2534 4151 2735 4206 nullius
2767 4151 2940 4216 alius,
2972 4150 3065 4206 sed
3103 4165 3228 4205 vere
3268 4149 3361 4204 Dei

111 4241 179 4292 ἵνα
208 4247 289 4298 καὶ
318 4248 348 4316 ἠ
388 4248 554 4320 χάρις
588 4248 715 4318 παρ’
755 4246 920 4300 αὑτοῦ
1016 4247 1109 4301 καὶ
1146 4248 1220 4317 μὴ
1262 4248 1422 4302 ἄλλον
1458 4248 1635 4318 “ww

1839 4241 2018 4298 tltores
2048 4257 2328 4307 essemus,
2360 4243 2559 4314 quippe
2591 4243 2683 4312 qui
2716 4243 2918 4297 nullam
2956 4258 2985 4297 e
3018 4243 3181 4297 rebus
3207 4240 3363 4296 factis

112 4334 351 4404 γινώμεθα
391 4374 405 4397 .
554 4338 693 4393 ἀλλά
734 4339 949 4409 ἀληθῶς
989 4339 1292 4405 θεοσεϐεῖς,
1326 4341 1408 4395 ὅτι.
1449 4341 1636 4412 μηδένα

1840 4346 1885 4387 :c
1913 4332 2189 4403 vulgarem
2225 4334 2461 4402 aliquem
2497 4334 2795 4401 hominem,
2829 4335 2920 4388 sed
2952 4348 3138 4388 verum
3184 4344 3235 4388 et
3264 4349 3364 4387 na-

112 4422 197 4476 τῶν
221 4430 479 4499 γενητῶν,
520 4432 653 4501 μηδὲ
693 4432 870 4485 κοινόν
906 4450 1029 4486 τινα
1060 4431 1369 4505 ἄνθρωπον,
1402 4432 1537 4487 ἀλλὰ
1559 4433 1636 4490 “ubi

1838 4440 1903 4478 ra
1936 4438 2002 4479 ex
2044 4424 2151 4479 Deo
2198 4426 2440 4494 genitum
2491 4423 2687 4479 Filium
2728 4424 3066 4491 invocemus,
3098 4425 3190 4494 qni
3223 4424 3362 4479 idem

115 4513 163 4566 ἐκ
182 4518 260 4571 τοῦ
290 4519 419 4575 Θεοῦ
449 4522 612 4592 φύσει
638 4524 732 4577 καὶ
758 4523 1010 4596 ἀληθινὸν
1038 4524 1169 4578 Υἱὸν
1337 4525 1525 4580 τοῦτον
1556 4527 1639 4581 xui

1841 4516 1999 4570 metsi
2045 4514 2221 4569 factus
2268 4523 2348 4570 est
2399 4516 2587 4579 homo,
2622 4516 2979 4571 nihilominus
3019 4525 3073 4570 et
3103 4515 3363 4570 Dominus

118 4608 358 4678 ΐενῦμενον
396 4612 707 4686 ἄνθρωπον,
739 4616 889 4670 οὐδὲν
920 4612 1083 4690 ἦττον
1115 4618 1320 4691 Κύριον
1350 4620 1511 4676 αὐτὸν
1555 4620 1652 4677 καὶ
1780 4614 1832 4660 εί
1867 4605 2009 4661 Deus
2036 4616 2089 4660 ει
2116 4605 2365 4659 δίιινίιίοτ
2393 4613 2495 4661 εει·

118 4694 216 4749 θεὸν
241 4704 326 4754 καὶ
348 4704 577 4773 Σωτῆρα
605 4707 863 4760 ὲπικαλού
874 4709 1031 4777 μεθα.
1692 4699 1731 4751 υ

183 4784 329 4838 Τοῦτο
353 4786 409 4840 δὲ
451 4788 538 4850 τίς
572 4788 671 4841 ούκ
702 4787 772 4842 ἂν
820 4787 1191 4859 θαυμάσειεν;
1246 4789 1278 4860 ἢ
1324 4808 1407 4854 τις
1450 4792 1550 4847 οὐκ
1596 4794 1663 4848 ἂν

1840 4789 1941 4845 Cui
1984 4804 2146 4860 porro
2191 4789 2244 4844 id
2274 4789 2595 4846 admirabile
2644 4804 2754 4845 non
2786 4787 3080 4854 videbitur,
3110 4786 3189 4842 vel
3217 4788 3343 4859 quis

127 4872 335 4931 σύνθοιτο
382 4879 526 4935 θεῖον
558 4880 774 4951 ἀληθῶς
818 4878 961 4934 εἶναι
1016 4881 1077 4934 τδ
1128 4883 1400 4952 πρᾶγμας
1437 4886 1497 4938 Et
1553 4885 1651 4956 γὰρ

1822 4896 1884 4935 :m
1923 4897 2046 4936 vere
2075 4881 2316 4937 divinam
2353 4898 2477 4939 esse
2508 4897 2618 4938 non
2651 4881 3027 4939 consenserit?
3061 4881 3174 4937 Nisi
3201 4881 3346 4937 enim

126 4965 179 5015 τὰ
199 4968 284 5035 τῆς
312 4969 562 5041 θεότητος
604 4972 699 5026 τοῦ
730 4973 906 5041 Λόγου
940 4972 1079 5045 ἔργα
1109 4974 1184 5045 μὴ
1213 4975 1299 5030 διὰ
1347 4975 1441 5029 τοῦ
1470 4978 1650 5048 σῶμα·

1820 4975 2075 5031 ivinitatis
2126 4974 2290 5031 Verbi
2330 4990 2495 5045 opera
2532 4990 2627 5046 per
2680 4989 2884 5044 corpus
2939 4984 3119 5029 essent
3178 4972 3344 5037 facta,

125 5070 198 5118 τθς
246 5060 481 5129 ὶγίνετο,
534 5065 635 5119 ούκ
688 5066 756 5119 ἀν
813 5066 1136 5139 ὲθεοποιήθη
1192 5068 1518 5139 ἄνθρωπος’
1570 5069 1649 5124 καΊ

1820 5082 2051 5138 unquam
2109 5067 2272 5122 homo
2337 5067 2558 5123 divinus
2602 5067 2833 5123 ell'ectus
2875 5065 3113 5123 luisset:
3156 5076 3209 5121 et
3260 5066 3344 5119 vi-

128 5148 281 5212 κὰλιν,
316 5154 362 5206 ei
408 5157 477 5210 τὰ
508 5156 617 5209 ίδια
651 5159 751 5229 τῆς
801 5146 1005 5229 σαρκὸς
1048 5161 1149 5214 οὐκ
1177 5161 1394 5229 ἐλέγετο
1439 5161 1535 5215 τοῦ
1564 5161 1652 5214 Λό-

1825 5161 1957 5216 ssini
2012 5161 2116 5218 nisi
2163 5175 2287 5230 qua:
2333 5160 2515 5215 carnis
2549 5160 2773 5231 propria
2820 5170 2970 5225 sunt,
3024 5158 3185 5213 Verbi
3226 5172 3347 5212 esse

126 5255 225 5306 του,
269 5247 363 5300 οὐκ
404 5249 470 5304 ἂν
514 5252 863 5323 ἠλευθερώθη
913 5251 1197 5316 παντελῶς
1237 5254 1347 5308 ἀπὸ
1394 5253 1600 5309 τούτων
1635 5256 1650 5309 ἐ

1830 5264 2104 5317 cerentur,
2163 5252 2232 5309 ab
2286 5252 2373 5309 his
2412 5254 2577 5307 homo
2625 5267 2735 5307 non
2777 5252 2995 5322 penitus
3046 5248 3242 5303 fuisset
3287 5248 3347 5300 li-

128 5331 380 5404 ἆνθρωπος
405 5358 419 5371 ο
458 5343 573 5397 ἀλλ’
597 5346 645 5398 si
680 5346 787 5416 ἄρα
822 5348 960 5417 πρὸς
987 5346 1165 5415 ὀλίγον
1200 5346 1301 5417 μὲν
1331 5348 1652 5416 ἀνεπαύετο,

1818 5355 2015 5402 eratus.
2071 5346 2269 5403 Verum
2324 5347 2373 5402 si
2441 5345 2666 5417 aliquod
2730 5356 2941 5415 tempus
3010 5347 3342 5404 cessassent,

134 5425 267 5513 πάλιν
294 5432 348 5484 δὲ
394 5434 584 5505 ἔμενεν
631 5440 663 5508 ἡ
695 5440 944 5508 ἁμαρτία
986 5439 1047 5493 ὲν
1071 5440 1221 5511 αὐτῷ
1268 5442 1363 5495 καὶ
1396 5443 1430 5513 ἡ
1462 5442 1658 5511 φθοράς

1822 5456 1966 5496 trsus
2022 5450 2205 5496 tamen
2258 5440 2310 5495 in
2347 5440 2567 5496 homine
2618 5444 2907 5509 peccatum
2959 5441 3015 5488 et
3064 5432 3346 5502 corruptio

132 5512 291 5591 ὥσπερ
319 5525 409 5578 ἐπὶ
452 5529 560 5583 τῶν
614 5530 925 5601 ἔμπροσθεν
970 5531 1273 5603 ἀνθρώπων
1306 5512 1520 5602 γέγονε,
1567 5536 1656 5587 καὶ

1819 5534 2145 5599 :mansisset,
2204 5536 2280 5588 uti
2337 5540 2493 5587 antea
2542 5529 2765 5601 contigit
2824 5525 3184 5582 hominibus:
3242 5538 3343 5578 ne-

133 5608 266 5664 τοῦτο
307 5615 593 5677 δείκνυται.
647 5623 839 5677 Πολλοὶ
884 5623 1015 5693 γοῦν
1068 5624 1215 5694 ἀγιοι
1260 5626 1518 5695 γεγόνασι
1568 5626 1657 5682 καὶ

1820 5642 1873 5682 te
1906 5627 1957 5682 id
1988 5628 2220 5697 probatu
2251 5635 2337 5684 est
2378 5625 2613 5682 dillicile.
2652 5620 2805 5678 Multi
2855 5628 3050 5691 nempe
3088 5618 3258 5676 sancti
3291 5624 3344 5674 et

196 5793 211 5825 '
241 5793 439 5859 Coloss.
472 5819 528 5870 ιι,
559 5804 612 5861 9.
689 5808 710 5840 '
741 5806 903 5863 Joan.
935 5823 990 5873 ι,
1026 5810 1115 5876 57,
1138 5810 1230 5865 58.
1306 5812 1326 5844 ³
1357 5811 1549 5869 Matth.
1587 5824 1706 5879 vnt,

766 5806 903 5863 loan.
935 5823 990 5873 ι,
1026 5810 1115 5876 57,
1138 5810 1230 5865 58.
1306 5812 1326 5844 ³
1357 5811 1549 5869 Matth.
1587 5824 1706 5879 vttt,
1736 5807 1824 5866 Η.
1898 5809 1918 5844 ⁵
1943 5809 2101 5868 Joan.
2138 5826 2175 5877 t,
2206 5809 2290 5865 li.

480 5905 746 5969 Ρλτιιοι..
784 5908 905 5971 Gn.
940 5908 1198 5973 CXXX.

2788 5904 2860 5969 ib
