3770 6594
439 401 548 465 4°27

444 621 584 676 mias
627 621 696 674 ab
744 630 896 673 utero
931 628 1155 674 sanctus
1201 627 1284 674 est
1328 618 1550 675 etl‘ectus
1594 621 1640 686 ¹,
1684 628 1738 675 et
1785 619 2023 676 Joannes

441 728 564 767 cum
615 713 668 766 in
706 711 894 766 matris
928 723 1085 766 utero
1116 711 1296 768 adhuc
1326 720 1649 782 gestaretur,
1682 713 1748 767 ad
1781 712 2024 783 Deiparze

441 801 621 856 Mari-ae
648 818 834 857 vocem
873 803 1056 858 laetitia
1086 803 1381 859 exsultavit
1431 805 1476 860 '.
1505 803 1892 859 Verumtamen
1921 803 2022 857 Re-

442 891 618 966 gnavit
663 913 805 950 mors
851 895 917 949 ob
955 897 1129 951 Adam
1166 914 1328 969 usque
1362 897 1431 950 ad
1477 895 1691 968 Moysen
1715 938 1728 961 ,
1765 899 1924 951 etiam
1966 899 2018 950 in

439 1008 545 1054 eos,
573 991 660 1060 qui
687 1008 790 1045 non
812 1002 1176 1063 peccaverunt,
1202 993 1257 1046 in
1281 991 1683 1046 similitudinem
1703 991 2025 1060 pracvarica-

441 1084 601 1136 tiom's
631 1084 758 1138 Ade:
795 1091 845 1150 ³,
874 1094 1039 1154 atque
1080 1086 1153 1139 ita
1196 1082 1442 1139 homines
1482 1081 1836 1136 nihilominus
1877 1093 2022 1134 mor-

442 1175 575 1231 tales
616 1185 670 1230 et
708 1177 950 1246 corrupti
997 1176 1343 1247 propriisque
1395 1184 1600 1231 naturae
1643 1171 2020 1227 allectionibus

439 1269 668 1337 subjecti
713 1283 1082 1337 permansere.
1127 1267 1245 1323 Jam
1291 1282 1417 1323 vero
1455 1276 1740 1338 postquam
1779 1265 2018 1318 Verbum

442 1357 605 1409 homo
637 1355 813 1412 factus
845 1365 947 1420 est,
987 1365 1040 1410 et
1081 1372 1203 1426 qua:
1241 1357 1419 1411 carnis
1463 1366 1609 1420 sunt,
1650 1353 1872 1424 prepria
1916 1352 2018 1407 sibi

438 1462 560 1500 esse
589 1447 780 1512 voluit,
820 1447 936 1502 lucc
980 1462 1088 1501 non
1131 1446 1362 1517 amplius
1391 1461 1588 1516 corpus
1621 1444 1916 1515 attingunt,
1949 1441 2020 1496 ob

442 1537 680 1594 Verbum
713 1539 856 1608 quod
905 1539 957 1592 in
1005 1539 1123 1608 ipso
1167 1536 1366 1593 factum
1403 1544 1514 1605 est,
1558 1537 1650 1592 sed
1697 1541 2024 1603 consumpta

440 1629 508 1684 ab
532 1629 625 1683 illo
656 1638 804 1693 sunt,
841 1644 939 1684 nec
962 1629 1077 1700 jam
1106 1631 1353 1685 homines
1383 1644 1510 1684 suas
1538 1636 1755 1700 prepter
1780 1624 2022 1682 alfectio-

426 1737 540 1776 .nes
575 1731 892 1792 peccatores
926 1731 976 1776 ct
1005 1721 1204 1776 mortui
1230 1730 1470 1788 manent,
1498 1721 1593 1775 sed
1629 1719 1788 1774 Verbi
1823 1719 2020 1773 virtute

440 1813 846 1879 reviviscentes,
893 1812 1231 1868 immortales
1274 1821 1436 1882 atque
1482 1810 1785 1881 incorrupti
1829 1823 2021 1880 perpe-

442 1915 536 1960 tuo
569 1905 786 1960 durant.
821 1902 1088 1973 Quocirca
1119 1918 1243 1959 cum
1293 1918 1425 1958 caro
1463 1917 1528 1958 ex
1576 1901 1806 1972 Deipara
1846 1899 1931 1955 Ma

1293 1918 1425 1958 caro
1463 1917 1528 1958 ex
1576 1901 1806 1972 Deipara
1846 1899 2017 1955 Maria
2058 1929 2096 1985 Β
2127 1898 2290 1955 Ὅθεν
2316 1902 2410 1955 καὶ
2431 1903 2779 1976 γεννωμένης

441 1996 709 2063 nascitur,
758 1995 874 2068 ipse
920 2004 1100 2052 tamen
1140 2003 1301 2052 natus
1338 2008 1461 2050 esse
1500 1994 1719 2061 dicitur,
1769 2009 1877 2063 quo
1915 1993 2018 2049 do-

442 2098 606 2146 nante
651 2087 744 2144 alii
788 2097 1093 2144 nascuntur
1136 2096 1199 2143 ut
1243 2087 1383 2156 sint,
1426 2096 1485 2143 ut
1520 2087 1728 2144 scilicet
1769 2093 2018 2141 nostrum

442 2184 560 2254 ipse
605 2189 783 2237 ortum
815 2182 870 2236 in
913 2195 973 2236 se
1015 2178 1328 2245 transferat,
1356 2177 1593 2249 hincque
1617 2191 1721 2233 nos
1748 2191 1856 2232 nou
1878 2176 2014 2248 jam,

443 2283 503 2329 ut
546 2284 689 2329 terra
724 2271 865 2337 sola,
898 2270 952 2326 in
994 2279 1196 2328 terram
1237 2277 1594 2335 revertamur,
1626 2266 1719 2324 sed
1745 2265 2018 2336 tanquam

441 2381 568 2423 cum
621 2364 831 2422 caelesti
874 2361 1056 2418 Verbo
1110 2360 1420 2432 conjuncti,
1471 2359 1528 2414 in
1576 2357 1746 2414 ctelos
1788 2357 1856 2412 ab
1896 2357 2016 2428 ipso

440 2457 828 2528 perducamur.
880 2453 1142 2509 Similiter
1184 2451 1350 2524 igitur
1378 2449 1525 2504 haud
1574 2446 1779 2518 absque
1806 2445 2016 2501 ratione

418 2550 576 2604 .alias
619 2547 866 2618 corporis
910 2544 1225 2601 atl‘ectioncs
1264 2543 1318 2599 in
1350 2541 1590 2612 seipsum
1622 2538 1922 2603 transtulit,
1957 2544 2019 2593 ut

423 2639 706 2704 --videlicet,
737 2653 843 2693 non
873 2636 986 2708 jam
1028 2645 1086 2690 ut
1132 2633 1406 2701 homines,
1460 2631 1553 2688 sed
1599 2637 1659 2686 ut
1698 2629 1918 2702 proprie
1949 2627 2018 2684 ad

429 2731 617 2802 ipsum
654 2727 894 2784 Verbum
925 2727 1276 2800 pertinentes,
1316 2735 1533 2781 aeternae
1560 2724 1684 2779 vitae
1722 2721 2017 2794 participes

427 2822 811 2878 .redderemur.
838 2818 947 2875 Nec
976 2819 1120 2873 enim
1155 2817 1432 2888 deinceps,
1467 2825 1527 2873 ut
1559 2817 1613 2871 in
1647 2813 1818 2887 priori
1849 2814 2021 2886 origi-

435 2928 528 2977 ne,
557 2913 610 2966 in
639 2911 810 2966 Adam
840 2909 1124 2975 morimur,
1154 2909 1247 2964 sed
1275 2917 1462 2964 nostra
1492 2907 1705 2978 origine
1737 2905 2020 2962 omnibus-

439 3019 545 3073 que
575 3003 758 3059 carnis
801 3001 1211 3058 inﬁrmitatibus
1242 3000 1296 3055 in
1328 2998 1563 3054 Verbum
1611 2999 1789 3069 ipsum
1834 3006 2015 3053 trans-

444 3082 590 3148 latis,
615 3094 815 3140 eterra
837 3089 1161 3154 excitamur,
1189 3091 1365 3146 soluta
1394 3093 1598 3162 peccati
1623 3091 2020 3156 maledictione,

1477 487 1479 489 ί
1651 401 2038 465 EUTIIYMH
2095 401 2453 464 ZlGABENl

2127 401 2453 464 :lGABENl
3537 425 3616 494 493

443 525 510 584 ab
541 529 689 586 omni
733 538 954 599 peccato
991 529 1113 599 puri
1148 530 1405 585 exstitere
1463 547 1476 585 :
1525 529 1823 601 quinetiam
1866 527 1927 585 Je

1463 547 1476 585 :
1525 529 1823 601 quinetiam
1866 527 2020 586 Jere-
2057 544 2097 596 Α
2121 527 2350 599 καθαροὶ
2379 528 2558 599 πάσης
2577 526 2849 600 ἁμαρτίας
2885 546 2899 560 -

3021 526 3278 602 Ἱερεμίας
3290 534 3342 591 δὲ
3357 539 3437 594 καὶ
3449 541 3504 599 ὲκ
3532 566 3615 606 χοι.

2121 623 2242 687 λίας
2271 620 2540 693 ἡγιάσθηο
2576 621 2671 675 καὶ
2717 621 2967 693 Ἰωάννης
3003 621 3083 678 ἔτι
3253 637 3616 708 κυοφοροὺμενος

2121 715 2443 784 ἐσκίρτησεν
2465 713 2521 766 έν
2546 713 2863 782 ἀγαλλιάσει
2902 713 2996 766 ἐπὶ
3027 716 3093 784 τῇ
3129 721 3270 788 φωνῇ
3290 721 3381 790 τῆς
3405 725 3615 787 Θεοτόκου

2121 806 2342 877 Μαρίας
2366 823 2380 838 ο
2414 805 2508 860 καὶ
2554 807 2703 876 ὅμως
2747 805 3169 859 Ἐϐασίλευσεν
3211 812 3241 862 ὁ
3277 811 3502 881 θάνατος
3530 822 3619 877 ἀπὸ

2132 895 2313 964 Ἀδὰμ
2335 894 2511 966 μέχρι
2543 894 2819 961 Μωσέως,
2875 895 2973 949 καί
3021 895 3117 948 ἐπὶ
3145 898 3280 964 τοὺς
3300 902 3378 970 μὴ
3413 906 3621 978 ἁμαρτῆ.

2120 1000 2371 1052 σαντας,
2407 987 2506 1040 ἐπὶ
2540 985 2618 1052 τῷ
2653 985 2966 1055 ὁμοιώματι
3006 984 3117 1054 τῆς
3151 990 3507 1062 παραϐάσεως
3549 1001 3620 1055 Ἀ.

2119 1077 2237 1148 δάμ
2260 1096 2274 1110 ·
2318 1079 2412 1132 καὶ
2457 1077 2630 1142 οὕτως
2678 1078 2868 1150 έμενον
2913 1077 3062 1132 οὐδὲν
3105 1074 3262 1152 ἦττον
3307 1083 3353 1135 οἱ
3399 1085 3618 1160 ἄνθρωποι

2120 1168 2306 1239 θνητοὶ
2337 1170 2432 1222 καὶ
2473 1170 2722 1242 φθαρτοὶ,
2752 1170 2990 1224 δεκτικοὶ
3025 1171 3132 1224 τῶν
3168 1171 3306 1226 ἰδίων
3341 1175 3431 1245 τῆς
3457 1179 3623 1247 φύσεως

2119 1261 2328 1314 παθῶν.
2361 1261 2474 1314 Νῦν
2499 1263 2554 1315 δὲ
2591 1261 2686 1314 τοῦ
2717 1262 2890 1330 Λόγου
2919 1262 3214 1332 γενομένου
3370 1267 3623 1341 ἀνθρώπου,

2119 1353 2214 1406 καὶ
2251 1352 2672 1424 ίδιοποιουμένου
2700 1353 2767 1407 τὰ
2796 1357 2896 1425 τῆς
2925 1354 3145 1425 σαρκὸς,
3176 1355 3350 1410 οὐκέτι
3390 1361 3537 1415 ταῦτα
3559 1367 3626 1418 τοῦ

2124 1442 2374 1514 σώματος
2409 1445 2638 1498 ἅπτεται
2679 1436 2777 1499 ’διὰ
2797 1446 2887 1498 τὸν
2912 1447 2968 1499 ὲν
3002 1446 3149 1517 αὐτῷ
3180 1448 3450 1519 γενόμενον
3477 1454 3624 1523 Λόγον·

2121 1533 2234 1586 ἀλλ’
2263 1535 2352 1588 ὑπ’
2389 1534 2554 1588 αὑτοῦ
2580 1536 2679 1607 μὲν
2707 1536 2980 1608 ἀνήλωται
3019 1569 3036 1597 ,
3189 1537 3366 1593 λοιπὸν
3399 1541 3452 1594 δὲ
3491 1546 3530 1597 οἱ
3564 1549 3632 1600 ἄν.

2125 1625 2334 1697 θρωποι
2372 1627 2556 1681 οὐκέτι
2595 1628 2738 1682 κατά
2777 1629 2843 1682 τὰ
2877 1628 2984 1682 ἴδια
3027 1628 3174 1701 πάθη
3220 1630 3454 1698 μένουσιν
3495 1635 3631 1709 ἀμαρ-

2123 1717 2284 1771 τωλοὶ
2309 1719 2402 1772 καὶ
2425 1720 2630 1791 νεκροὶ,
2663 1719 2800 1774 ἀλλὰ
2839 1721 2982 1774 κατὰ
3005 1721 3105 1792 τὴν
3140 1721 3233 1774 τοῦ
3271 1724 3432 1794 Λόγου
3453 1726 3634 1800 δύναμιν

2124 1809 2475 1876 ἀναστάντες,
2507 1811 2763 1865 ἀθάνατοι
2799 1813 2890 1866 καὶ
2923 1812 3188 1884 ἄφθαρτοι
3211 1813 3296 1868 ἀεὶ
3326 1815 3631 1888 διαμένουσιν.

2944 1905 3046 1975 τῆς
3076 1907 3275 1976 σαρκὸς
3301 1909 3362 1960 ὲκ
3381 1908 3471 1978 τῆς
3490 1910 3636 1964 Θεστά-

2128 2009 2223 2047 κου
2251 1993 2487 2066 Μαρίας,
2522 1993 2684 2059 αὐτὸς
2723 1995 2939 2065 λέγεται
2979 1997 3358 2068 γεγεννῆσθαι,
3399 2003 3427 2054 ὁ
3449 2004 3543 2066 τοῖς
3569 2005 3639 2056 ἂλ-

2123 2083 2237 2150 λοις
2260 2085 2473 2155 γένεσιν
2495 2089 2576 2152 εις
2598 2089 2659 2142 τὸ
2681 2084 2820 2145 εἶναι
2849 2089 3112 2163 παρέχων
3135 2107 3150 2122 ο
3188 2091 3274 2144 ἵνα
3300 2091 3394 2163 τὴν
3420 2093 3554 2165 ἡμῶν
3582 2099 3640 2160 είς

2127 2177 2320 2234 ἑαυτὸν
2352 2181 2557 2254 μεταθῇ
2585 2181 2798 2252 γένεσιν
2835 2222 2852 2249 ,
2985 2184 3080 2238 καλ⁸
3115 2184 3311 2256 μηκέτι
3335 2185 3406 2250 ὡς
3439 2188 3502 2256 γῆ
3537 2188 3638 2258 μόνη

2124 2267 2277 2334 ὄντες
2317 2271 2397 2334 είς
2441 2271 2546 2342 γῆν
2589 2271 2932 2343 ἀπέλθωμεν,
2972 2272 3089 2328 ἀλλ’
3133 2272 3211 2338 ὡς
3254 2273 3332 2345 τῷ
3374 2275 3428 2341 ἐξ
3461 2277 3641 2348 οὐρανιῦ

2123 2361 2282 2434 Λόγῳ
2309 2363 2666 2433 συναφθέντες
2687 2393 2709 2429 ,ι
2732 2366 2814 2428 είς
2839 2365 3102 2436 οὐρανοὺς
3376 2368 3642 2438 ἀναχθῶμεν

2126 2455 2259 2526 παρ’
2292 2453 2477 2509 αὐτοῦ.
2506 2455 2717 2509 Οὐκοῦν
2745 2455 2889 2510 οὕτω
2913 2457 3007 2510 καὶ
3029 2456 3106 2510 τὰ
3130 2456 3268 2511 ἄλλα
3300 2457 3439 2530 πάθη
3463 2459 3542 2512 τοῦ
3565 2461 3643 2513 σώ-

2129 2561 2296 2615 ματος
2323 2545 2424 2598 οὐκ
2443 2545 2745 2609 ἀπεικότως
2776 2548 2856 2609 εἰς
2888 2546 3080 2600 ἑαυτὸν
3126 2547 3442 2618 μετέθηκεν
3469 2549 3540 2601 ῐνα
3566 2567 3644 2619 pq-

2126 2636 2244 2690 κέτι
2276 2636 2352 2699 ὡς
2375 2636 2670 2711 ἄνθρωποι,
2705 2638 2818 2691 ἀλλ’
2849 2637 2924 2702 ὡς
2955 2636 3074 2692 ἴδιοι
3103 2638 3198 2692 τοῦ
3220 2637 3409 2708 Λόγου,
3435 2641 3522 2710 τῆς
3543 2643 3644 2694 αἰω-

2125 2725 2237 2781 νίου
2266 2726 2410 2798 ζωῆς
2441 2728 2819 2801 μετάσχωμεν.
2851 2729 3048 2784 Οὐκέτι
3072 2729 3189 2801 γὰρ
3210 2731 3351 2784 κατά
3377 2731 3466 2802 τὴν
3493 2731 3646 2802 προτέ-

2127 2832 2228 2888 ραν
2260 2816 2471 2885 γένεσιν
2517 2819 2575 2871 ὲν
2612 2817 2690 2889 τῷ
2732 2819 2902 2890 ’Δδάμ
2940 2819 3362 2890 ἀποθνήσκομεν
3385 2834 3400 2849 '
3427 2820 3547 2873 ἀλλὰ
3567 2820 3648 2872 λοι-

2127 2906 2228 2960 πὸν
2268 2910 2367 2978 τὴς
2410 2908 2678 2977 γενέσεως
2719 2909 2877 2980 ἡμῶν
2917 2910 3009 2965 καὶ
3055 2911 3248 2979 πάσης
3292 2911 3392 2981 τῆς
3437 2912 3650 2982 σαρκικῆς

2127 2999 2410 3064 ἀσθενείας
2456 3003 2859 3072 μετατεθέντων
2896 3004 2976 3066 εἰς
3019 3003 3119 3055 τὸν
3165 3002 3357 3070 Λόγον,
3383 3002 3655 3074 ὲγειρόμεθα

2124 3089 2230 3143 ἀπὸ
2261 3088 2403 3158 γῆς,
2447 3084 2704 3156 λυθείσης
2740 3085 2841 3156 τῆς
2885 3084 2953 3137 δι’
2995 3084 3283 3156 ἁμαρτίαν

3463 3085 3656 3153 κατάρας

443 3174 566 3243 ejus
597 3175 814 3246 merito,
849 3180 942 3250 qui
976 3181 1030 3235 in
1063 3181 1245 3248 nobis,
1275 3184 1449 3238 nostri
1479 3183 1674 3255 gratia,
1717 3183 1932 3238 maledit

2173 3179 2208 3232 ὰ
2239 3178 2331 3231 τὸν
2361 3179 2418 3231 ὲν
2452 3177 2585 3248 ἡμῖν
2619 3176 2760 3248 ὑπὲρ
2791 3175 2950 3248 ἡμῶν
2981 3177 3282 3244 γενόμενον
3307 3176 3561 3246 κατάραν·
3589 3175 3658 3227 καὶ

445 3263 622 3320 factus
671 3276 754 3322 est
790 3310 806 3334 ,
864 3269 1028 3340 idque
1074 3272 1368 3327 admodum
1426 3271 1828 3328 convenienter.
1883 3269 1931 3326 N

2174 3270 2351 3333 κότως
2377 3285 2464 3338 γε.
2501 3269 2716 3340 ’Ὠσπερ
2747 3267 2857 3338 γὰρ
2883 3269 3082 3340 ὲκιγῆς
3110 3267 3270 3331 ὄντες
3311 3267 3500 3330 πάντες
3535 3269 3582 3319 ὲν
3606 3264 3660 3333 τῷ

443 3357 900 3426 quemadmodum
929 3378 1028 3418 nos
1063 3378 1274 3428 omnes,
1304 3371 1365 3418 ut
1397 3363 1490 3434 qui
1526 3378 1594 3418 ex
1623 3372 1766 3419 terra
1794 3380 1932 3420 sumi

2171 3363 2305 3434 mp
2333 3338 2752 3431 ἀποθνήσκομεν
2775 3401 2790 3425 ,
2835 3359 3008 3424 οὕτως
3037 3338 3271 3415 ’ἄνωθεν
3304 3359 3362 3424 ἐξ
3393 3358 3560 3420 ὓδατος
3593 3358 3660 3409 καὶ

441 3443 495 3498 in
536 3443 707 3501 Adam
740 3451 1010 3506 morimur
1049 3471 1063 3507 :
1112 3452 1183 3507 ita
1211 3467 1278 3508 ex
1306 3467 1448 3524 aqua
1480 3460 1535 3507 et
1576 3453 1771 3522 spiritu
1803 3469 2021 3509 sursum

441 3539 740 3605 regenerati
766 3581 782 3605 ,
820 3555 1012 3597 omnes
1048 3542 1103 3596 in
1137 3541 1358 3597 Christo
1391 3541 1499 3597 vita
1544 3543 1835 3600 douamur.

645 3634 716 3691 Ut
769 3645 952 3692 autem
997 3636 1313 3692 accuratius
1349 3635 1607 3706 cognosci
1647 3634 1823 3706 possit
1866 3642 2026 3689 natu-

442 3743 558 3782 ram
589 3725 752 3784 Verbi
794 3728 904 3799 pati
945 3728 1083 3781 nihil
1115 3743 1296 3798 posse,
1342 3726 1634 3796 carnisque
1681 3725 2026 3780 inﬁrmitates

441 3829 660 3892 propter
683 3836 899 3876 carnem
931 3820 1032 3890 ipsi
1059 3819 1302 3884 attribui,
1331 3819 1471 3873 haud
1499 3818 1656 3873 absre
1681 3817 1784 3872 erit
1807 3817 2023 3871 beatum

441 3910 662 3968 Petrum
683 3912 888 3966 'audire
917 3930 929 3965 :
964 3911 1163 3981 dignus
1195 3909 1462 3980 siquidem
1511 3910 1664 3964 testis
1701 3916 1786 3964 est
1825 3908 1912 3963 cui
1957 3907 2025 3961 de

444 4005 730 4059 Salvatore
755 4003 954 4057 dicenti
987 4001 1121 4057 ﬁdes
1165 4001 1452 4056 habeatur.
1502 3999 1595 4055 Sic
1633 4015 1763 4071 ergo
1807 4001 1860 4054 in
1896 3999 2023 4070 Epi-

443 4096 581 4151 stola
610 4093 837 4148 scribit:
866 4093 1075 4148 Christo
1105 4093 1267 4163 igitur
1299 4108 1392 4163 pro
1419 4092 1566 4146 nobis
1599 4107 1757 4146 came
1785 4108 1940 4161 passo
1977 4099 2022 4147 ⁸.

445 4185 678 4241 Proinde
701 4199 824 4239 cum
849 4183 1060 4238 esurire
1083 4184 1280 4238 dicitur
1302 4191 1355 4237 et
1378 4182 1550 4248 sitire,
1577 4182 1848 4250 laborare,
1877 4182 2031 4252 igno—

446 4294 590 4343 rare,
616 4276 876 4343 dormire,
905 4273 1055 4338 ﬂere,
1097 4273 1395 4344 postulare,
1428 4273 1638 4344 fugere,
1687 4278 1865 4341 nasci,
1900 4273 2032 4328 cali-

444 4384 563 4424 cem
583 4367 884 4437 deprecari,
905 4381 970 4421 ac
985 4366 1217 4436 denique
1237 4381 1579 4437 quaecunque
1605 4366 1788 4421 carnis
1812 4365 2031 4436 propria

447 4470 595 4523 sunt,
619 4461 684 4514 de
699 4459 927 4530 singulis
950 4466 1093 4512 recte
1107 4457 1210 4512 dici
1235 4458 1437 4528 possit:
1463 4457 1688 4513 Christo
1710 4457 1896 4527 igitur,
1917 4470 2036 4513 car-

451 4567 519 4606 ne
534 4567 633 4622 pro
654 4550 830 4617 nobis,
856 4549 1132 4604 esuriente
1154 4558 1206 4604 et
1231 4549 1469 4614 sitiente,
1494 4564 1661 4620 seque
1684 4549 1938 4619 ignorare
1958 4549 2035 4604 di-

445 4655 630 4700 cente.
659 4641 905 4712 colaphis
934 4656 1097 4704 cazso,
1117 4650 1170 4695 et
1212 4641 1495 4696 laborante
1516 4657 1615 4711 pro
1645 4640 1802 4696 nobis
1825 4655 1990 4696 carne
2015 4657 2029 4695 :

446 4736 684 4790 exaltato
708 4737 857 4801 item,
882 4744 1160 4800 nascente,
1179 4741 1482 4798 crescente,
1511 4747 1710 4800 carne;
1738 4733 1935 4788 timenti

1820 4737 1961 4788 Ιθηιθ
1982 4742 2035 4788 ει
2061 4751 2102 4806 D
2131 4749 2289 4824 ἡμῶν
2324 4747 2526 4818 σαρκί·
2570 4746 2666 4800 καὶ
2704 4745 2778 4818 μὴ
2810 4746 3009 4799 εἰδέναι
3036 4744 3309 4814 λέγοντος

447 4827 666 4892 latente,
681 4843 867 4895 carne;
887 4842 949 4881 ac
963 4825 1176 4880 dicente
1187 4824 1456 4892 similiter,
1476 4823 1536 4879 Si
1549 4824 1668 4894 ﬁeri
1826 4833 1990 4893 potest
2015 4866 2032 4892 ,

451 4928 682 4975 transeat
704 4937 736 4972 a
763 4935 844 4972 me
859 4917 999 4972 calix
1015 4919 1114 4972 iste
1145 4927 1166 4960 υ
1180 4957 1197 4985 ,
1215 4917 1511 4987 vapulante
1532 4925 1587 4972 et
1613 4915 1915 4987 accipiente
1935 4929 2033 4985 pro

451 5012 608 5066 nobis
632 5027 796 5069 carne
828 5029 840 5066 :
871 5010 923 5064 in
950 5009 1162 5065 caeteris
1209 5007 1431 5063 demum
1465 5006 1741 5062 similibus
1779 5006 1882 5061 rite
1907 5005 2033 5060 addi

429 5113 633 5176 (queat,
662 5121 756 5174 pro
784 5105 931 5158 nobis
954 5120 1132 5157 carne.
1166 5101 1374 5158 Idcirco
1409 5102 1555 5157 enim
1587 5109 1640 5155 et
1669 5101 1782 5170 ipse
1803 5100 2034 5171 Aposto-

453 5197 538 5251 lus
557 5196 708 5258 dicit,
744 5193 956 5250 Christo
1009 5195 1173 5264 igitur
1213 5209 1393 5264 passo,
1434 5207 1543 5246 non
1593 5192 1906 5252 divinitate,
1938 5191 2033 5246 sed

447 5303 546 5357 pro
577 5287 723 5340 nobis
755 5302 932 5352 carne,
951 5295 1011 5339 ut
1039 5285 1142 5338 illa:
1165 5283 1480 5338 adfectiones
1499 5297 1607 5336 non
1625 5283 1857 5352 propria:
1873 5281 2034 5338 Verbi

429 5377 682 5448 :naturaz,
729 5379 823 5435 sed
867 5375 1053 5433 carnis
1098 5385 1294 5431 natura
1338 5375 1574 5446 propriae
1623 5389 2037 5446 esse-agnosce-

452 5481 662 5527 rentur.
711 5471 922 5526 Nemini
967 5470 1144 5540 igitur-
1177 5469 1291 5524 haec
1337 5468 1575 5522 humana
1620 5467 1729 5522 sint
1759 5468 2034 5534 seandalo,

451 5564 548 5618 sed
579 5578 770 5617 omnes
800 5563 982 5632 potius
1016 5572 1381 5631 agnoscamus
1415 5555 1654 5611 Verbum
1684 5557 1900 5626 quidem
1936 5573 2034 5628 pro

424 5649 663 5710 "natum:
695 5670 808 5711 sua:
841 5653 1154 5709 conditione
1187 5650 1460 5720 nihilpati
1490 5663 1672 5719 posse,
1702 5651 1794 5706 sed
1821 5661 2036 5721 propter

2123 3456 2433 3526 πνεύματος
2467 3453 2961 3525 ἀναγεννηθέντες,
3017 3454 3078 3506 ὲν
3127 3452 3211 3523 τῷ
3251 3450 3470 3524 Χριστῷ
3510 3451 3664 3510 πάντες

2123 3545 2557 3632 ζωοποιούμεθα.

2327 3649 2446 3702 Ἵνα
2473 3647 2531 3701 δὲ
2555 3647 2648 3702 καὶ
2674 3646 2733 3700 τὸ
2766 3645 2975 3709 ἀπαθὲς
3000 3644 3104 3714 τῆς
3134 3640 3237 3696 τοῦ
3269 3641 3442 3708 Λόγου
3472 3635 3664 3706 φύσεως,

2124 3742 2342 3807 καὶτὰς
2379 3741 2467 3794 διὰ
2508 3741 2608 3811 τὴν
2651 3739 2828 3810 σάρκα
2867 3735 3173 3806 λεγομένας
3221 3730 3496 3791 ἀσθενείας
3535 3723 3663 3779 αὐτοῦ

2123 3832 2414 3904 γινώσκειν
2447 3847 2529 3892 τις
2559 3827 2947 3900 ἀκριϐέστερον
2977 3823 3081 3896 ἔχῃ
3115 3863 3135 3888 ,
3293 3817 3452 3904 καλὸν
3484 3812 3668 3904 ἀκοῦσαι

2122 3900 2217 3979 τοῦ
2250 3923 2520 3997 μακαρίου
2563 3921 2792 3992 Πέτρου’
2819 3916 3136 3982 ἀξιόπιστος
3179 3912 3292 3984 γὰρ
3339 3903 3488 3970 οὗτος
3514 3900 3668 3997 γένοιτ

2124 4015 2190 4070 ἂν
2227 3994 2436 4085 μάρτυς
2465 4010 2592 4080 περὶ
2621 4008 2714 4062 τοῦ
2746 4007 2996 4079 Σωτῆρος
3018 4020 3032 4034 ⁶
3075 4003 3292 4074 γράφει
3330 3999 3502 4053 τοίνυν
3543 3998 3590 4049 ὲν
3621 3994 3670 4061 τῇ

2137 4105 2424 4175 Ἐπιστολῇ
2453 4103 2646 4172 λέγων·
2674 4098 2926 4170 Χριστοῦ
3091 4093 3214 4152 οὖν
3241 4094 3530 4156 ,παθόντος
3556 4085 3672 4150 ὑπὲρ

2129 4197 2298 4268 ἡμῶν
2333 4196 2535 4264 σαρκί.
2587 4191 2796 4248 Οὐκοῦν
2823 4190 2916 4245 καὶ
2953 4190 3083 4243 ὅταν
3121 4188 3359 4259 λέγηται
3391 4184 3581 4252 πεινᾷν,
3605 4177 3676 4268 καὶ

2131 4267 2329 4360 διψᾷν,
2360 4287 2456 4340 και
2508 4285 2784 4356 κάμνειν,
2815 4282 2914 4336 και
2965 4281 3039 4352 μὴ
3097 4279 3352 4341 εἰδέναι,
3397 4275 3488 4328 καὶ
3525 4267 3677 4360 meat:

2130 4356 2246 4435 δειν
2267 4417 2283 4442 ,
2438 4377 2536 4432 καὶ
2565 4374 2796 4439 κλαίειν,
2837 4373 2932 4427 καὶ
2978 4373 3184 4434 αίτεῖν,
3219 4372 3321 4424 καὶ
3354 4365 3583 4436 φεύγειν,
3609 4356 3681 4412 καὶ

2131 4468 2442 4541 γεννᾶσθαι,
2464 4469 2560 4522 καλ¹
2589 4463 2974 4538 παραιτεῖσθαι
3005 4461 3068 4515 τὸ
3102 4463 3399 4532 ποτήριον,
3422 4455 3511 4510 καὶ
3535 4449 3680 4541 arae;

2130 4539 2308 4617 πάντα
2345 4563 2416 4618 τὰ
2459 4562 2559 4633 τῆς
2598 4559 2800 4632 σαρκὸς
2825 4595 2842 4622 ,
2884 4556 3110 4628 λεχθείη
3167 4555 3238 4607 ἂν
3290 4548 3584 4619 ἀκολούθοις
3620 4539 3681 4608 ἐφ’

2132 4657 2394 4712 ἑκάστου·
2430 4652 2669 4725 Χριστοῦ
2702 4647 2796 4706 οὖν
2831 4649 3130 4712 πεινῶντος
3173 4651 3276 4703 καὶ
3305 4646 3555 4716 διψῶντος
3578 4637 3685 4704 ὑπὲρ

3499 4736 3584 4792 καί
3613 4735 3686 4804 ta-

2133 4819 2431 4910 π-ιζομένου
2457 4877 2472 4903 ,
2507 4837 2605 4890 καὶ
2643 4837 2943 4908 κάμνοντος
2988 4835 3139 4906 ὑπὲρ
3187 4833 3353 4904 ήμῶν
3402 4828 3581 4899 σαρκί·
3620 4819 3713 4873 καὶ·

2131 4930 2438 5002 ὑψουμένου
2485 4929 2670 4996 πάλιν,
2725 4930 2818 4983 καὶ
2846 4926 3198 4997 γεννωμένου
3223 4966 3239 4991 ,
3289 4924 3388 4981 καὶ
3420 4920 3690 4985 αὐξάνοντα,

2135 5021 2300 5095 σαρκί
2328 5039 2342 5052 °
2387 5022 2484 5076 καὶ
2528 5019 2901 5091 φοϐουμένου,
2945 5017 3039 5071 καὶ
3082 5016 3481 5089 κρυπτομένου
3532 5003 3689 5077 σαρκί·

2133 5116 2227 5170 καὶ
2250 5113 2518 5183 λέγοντος,
2539 5115 2610 5167 El
2633 5111 2913 5170 δυνατὸν,
2943 5108 3307 5177 παρελθέτω
3330 5105 3432 5162 ἀπ’
3578 5096 3691 5168 ἐμοῦ

2133 5204 2200 5258 τὸ
2243 5201 2526 5269 ποτήριον
2565 5201 2778 5266 τοῦτο,
2821 5199 2920 5252 καὶ
2966 5197 3355 5269 τυπτομένου,
3395 5193 3488 5248 καὶ
3527 5185 3698 5259 lay-5&-

2134 5311 2316 5358 νοντος
2376 5292 2518 5364 ὑπὲρ
2546 5291 2702 5363 ἡμῶν
2730 5289 2926 5362 σαρκί·
2962 5289 3054 5342 καὶ
3081 5289 3235 5353 ὅλως
3263 5287 3449 5342 πάντα
3470 5282 3536 5339 τὰ
3550 5274 3696 5336 τοιαῦ-

2133 5403 2206 5440 τα
2393 5384 2545 5453 ὑπὲρ
2599 5381 2771 5453 ἡμῶν
2803 5382 3007 5452 σαρκί.
3067 5382 3193 5436 Καὶ
3227 5383 3344 5453 γὰρ
3383 5379 3478 5434 καὶ
3516 5367 3700 5431 αὐτδςό

2151 5477 2469 5541 ’Δπὸστολος
2499 5476 2588 5531 διὰ
2620 5474 2765 5529 τοῦτ’
2799 5476 3008 5546 εῐρηκε,
3047 5475 3331 5542 Χριστοῦ
3372 5468 3485 5528 οὖν
3523 5463 3700 5523 statim"

2135 5587 2238 5636 τος
2276 5571 2350 5623 οὐ
2382 5569 2635 5636 θειότητι,
2666 5567 2806 5622 ἀλλ’
2840 5565 2992 5634 ὑπὲρ
3037 5564 3227 5634 ἡμῶν
3279 5565 3490 5633 σαρκὶ,
3531 5561 3608 5613 ἵνα
3645 5550 3702 5623 μὴ

2137 5660 2308 5714 αὐτοῦ
2336 5659 2429 5714 τοῦ
2467 5659 2642 5728 Λόγου
2679 5657 2786 5712 tam
2827 5657 2971 5712 κατά
3017 5655 3218 5725 φύσιν,
3271 5655 3394 5711 ἀλλ’
3443 5652 3601 5721 αὐτῆς
3627 5643 3704 5713 τῆς

533 5847 545 5873 ³
582 5841 786 5896 Jcrem.
820 5856 858 5908 I,
888 5845 940 5896 5.
1019 5839 1040 5871 '
1068 5838 1202 5895 Luc.
1238 5854 1278 5908 ι,
1303 5837 1394 5896 44.
1467 5833 1676 5892 ’Rom.
1700 5850 1756 5903 v,
1793 5834 1881 5890 Η.
1958 5835 1980 5869 ⁸
2015 5834 2207 5893 [Pr-tr.
2239 5855 2312 5902 tv,
2345 5841 2396 5893 1.
2473 5840 2495 5873 ⁸
2529 5837 2717 5893 Matth.
2759 5855 2904 5906 xxvi,
2940 5839 3030 5893 '59.
