3860 6574
232 386 338 450 429

1220 385 1598 449 PANOPLIA
1639 380 2107 445 DOGMATICA.
2133 407 2201 419 ·-
2231 381 2385 443 ΤΙΤ.
2421 381 2530 443 XI.

3387 381 3492 445 Γοθ

228 523 436 597 σαρκὸς
468 521 572 577 ῐδια
624 519 785 590 φύσει
821 517 888 573 τὰ
934 489 1081 591 πάθή
1136 517 1465 589 ἐπιγνωσθῇ.
1502 517 1594 589 Μὴ
1626 516 1810 572 τοίνυν

1911 527 2130 571 carnem
2172 527 2336 583 quam
2384 509 2561 566 induit
2608 510 2712 567 lsta
2745 509 2830 565 illi
2856 511 3108 578 attribui,
3140 512 3271 583 quia
3297 529 3495 586 mmpe

225 619 289 670 ἐκ
319 616 432 668 τῶν
464 612 819 685 ἀνθρωπίνων
867 627 953 673 τις
989 607 1458 672 σκανδαλιζέσθω,
1488 608 1624 662 ἀλλὰ
1670 607 1809 679 μᾶλ-

225 708 315 758 λον
344 704 680 773 γινωσκέτω,
725 703 800 766 ὡς
834 703 934 774 τὴν
974 700 1135 769 φύσιν
1162 699 1323 762 αὐτὸς
1375 699 1403 751 ὁ
1450 700 1621 768 Λόγος
1666 700 1811 755 ἀπα-

231 795 329 865 θής
362 797 499 857 ἐστι,
539 795 631 847 κοιλ⁵
663 794 812 863 ὅμως
967 791 1037 844 δι’
1069 792 1135 863 ἢν
1169 790 1453 844 ἐνεδύσατο
1490 790 1687 861 σάρκα,
1723 791 1811 845 λέ-

229 903 384 954 γεται
454 884 573 955 περὶ
608 883 772 936 αὐτοῦ
816 882 1026 949 ταῦτα,
1079 883 1266 954 ἐπειδὴ
1309 882 1412 953 τῆς
1456 883 1554 953 μὲν
1602 882 1809 954 σαρκὸς

231 979 335 1031 [δια
369 978 565 1041 ταῦτα,
593 977 687 1030 τοῦ
713 978 769 1031 δέ
805 977 1055 1048 Σωτῆρος
1083 975 1213 1030 ἴδιον
1240 976 1371 1030 αὐτὸ
1395 975 1457 1029 τὸ
1484 974 1662 1045 σῶμα.
1696 977 1808 1029 Καὶ

230 1070 393 1134 αὐτὸς
435 1071 533 1141 μὲν
563 1069 780 1141 ἀπαθὴς
824 1068 921 1140 τὴν
955 1068 1137 1137 φύσιν,
1182 1069 1258 1132 ὡς
1290 1068 1405 1121 ἔστι
1430 1107 1446 1130 ,
1616 1065 1808 1138 διαμέ-

226 1179 325 1224 νει,
367 1162 445 1232 μὴ
489 1160 863 1232 βλαπτόμενος
895 1160 1003 1214 ἀπὸ
1045 1161 1279 1233 τούτων,
1315 1159 1451 1213 ἀλλὰ
1489 1159 1688 1231 μᾶλλον
1719 1160 1807 1227 ἐξ·

227 1251 508 1321 αφανίζων
532 1252 627 1305 καὶ
656 1251 939 1305 ἀπολλύων
956 1253 1112 1307 αὐτόν
1132 1253 1181 1305 οἱ
1203 1252 1259 1305 δέ
1280 1252 1579 1323 ἄνθρωποι,
1732 1251 1810 1316 ὡς

228 1346 304 1407 εἰς
336 1344 430 1399 τὸν
477 1345 664 1415 ἀπαθῆ
716 1343 1063 1417 μεταϐάντων
1098 1345 1276 1400 αὐτῶν
1324 1344 1431 1397 τῶν
1485 1344 1671 1398 ⁸παθῶν
1714 1344 1811 1399 καὶ

228 1425 678 1494 ἁπηλειμμένων,
711 1425 940 1486 ἀπαθεῖς
964 1423 1058 1475 καὶ
1084 1420 1357 1494 ἐλεύθεροι
1390 1421 1592 1476 τούτων
1622 1421 1805 1474 λοιπὸν

228 1516 319 1567 καὶ
350 1515 508 1568 αὐτοὶ
537 1517 616 1578 εἰς
637 1517 762 1579 τοὺς
784 1513 986 1577 αἰῶνας
1014 1512 1312 1582 γίγνονται,
1345 1510 1529 1576 καθὼς
1571 1513 1808 1580 ἐδίδαξεν

228 1608 256 1658 ὁ
296 1606 550 1677 Ἰωάννης
591 1606 765 1676 λέγων
792 1623 807 1638 ο
848 1604 959 1659 Καὶ
991 1604 1224 1669 οἴδατε,
1264 1603 1354 1657 ὅτι
1397 1602 1631 1669 ἐκεῖνος
1663 1602 1808 1673 ἐφα-

228 1697 475 1763 νερώθη,
519 1696 621 1751 ἵνα
660 1696 769 1763 τὰς
816 1695 1105 1765 ἁμαρτίας
1298 1691 1471 1763 ἡμῶν
1506 1692 1620 1762 ἄρῃ
1644 1709 1658 1722 ·
1707 1694 1806 1748 καὶ

229 1788 483 1856 ἁμαρτία
510 1789 580 1841 ἐν
600 1786 761 1853 αὐτῷ
784 1788 895 1841 οὐκ
926 1786 1079 1841 ἐστι.
1113 1784 1316 1838 Τούτου
1351 1784 1409 1839 δὲ
1436 1782 1608 1846 οὕτως
1632 1783 1805 1849 ὄντος,

228 1881 322 1932 οὐκ
355 1880 647 1949 ἐγκαλέσει
671 1898 754 1945 τις
784 1880 1078 1953 αἱρετικὸς,
1097 1878 1198 1932 Διὰ
1223 1879 1274 1931 τί
1300 1877 1582 1933 ἀνίσταται
1605 1878 1637 1948 ἡ
1671 1874 1809 1948 σὰρξ

231 1975 384 2040 φύσει
406 1971 581 2044 θνητὴ
614 1972 955 2043 τυγχάνουσα
988 1986 1007 2034 ς

227 2064 309 2117 διὰ
342 2063 394 2117 τί
450 2065 532 2136 μὴ
584 2065 747 2119 πάλιν
795 2066 958 2136 πεινᾷ
1002 2064 1097 2116 καὶ
1127 2062 1275 2133 διψᾷ,
1316 2062 1411 2116 καὶ
1457 2061 1679 2132 πάσχει,
1715 2060 1811 2115 καὶ

233 2156 374 2227 μένει
408 2156 623 2228 evnti);
672 2156 765 2211 Ἐκ
790 2158 900 2229 γὰρ
931 2157 1032 2228 τῆς
1059 2156 1164 2227 γῆς
1191 2157 1406 2226 γέγονε,
1446 2157 1542 2209 καὶ
1567 2155 1627 2208 τὸ
1666 2155 1809 2209 κατὰ

230 2247 385 2316 φύσιν
418 2248 544 2313 πῶς
570 2247 637 2301 ἂν
679 2248 772 2302 ἀπ’
804 2248 972 2319 αὐτῆς
1000 2246 1297 2307 παύσοντος
1333 2246 1650 2316 Δυναμένης
1686 2245 1806 2298 τότε

230 2337 321 2408 τῆς
359 2338 571 2409 σαρκὸς
598 2337 992 2409 ἀποκρίνεσθαι
1170 2336 1308 2408 πρὸς
1347 2334 1439 2389 τὸν
1474 2334 1618 2389 οὕτω
1661 2334 1808 2403 φιλό-

229 2448 398 2484 νεικον
423 2430 740 2504 αἱρετικὸν·
768 2432 900 2502 Εἰμὶ
926 2430 1024 2501 μὲν
1049 2430 1115 2483 ἐκ
1139 2431 1243 2501 γῆς
1266 2428 1409 2483 κατὰ
1436 2427 1596 2499 φύσιν
1618 2426 1805 2497 θνητὴ,

229 2523 336 2577 ἀλλ’
385 2523 621 2596 ’ὕστερον
677 2523 771 2577 τοῦ
823 2523 999 2590 Λόγου
1033 2522 1237 2591 γέγονα
1287 2520 1446 2593 σὰρξ,
1501 2520 1597 2575 καὶ
1645 2519 1807 2584 αὐτὸς

228 2614 495 2680 ἐϐάσταξέ
675 2632 777 2687 μου
807 2614 876 2669 τὰ
903 2614 1074 2687 πάθη,
1103 2614 1281 2668 καίτοι
1308 2611 1525 2682 ἀπαθὴς
1551 2611 1626 2664 ὧν
1646 2628 1661 2643 ο
1695 2608 1808 2679 ἐγὼ

228 2706 277 2760 δὲ
297 2706 503 2776 γέγονα
525 2705 732 2761 τούτων
761 2706 1020 2778 ἐλευθέρα
1046 2746 1060 2771 ,
1090 2705 1192 2759 οὐκ
1223 2703 1505 2776 ἀφιεμένη.
1537 2702 1808 2756 δουλεύειν

228 2797 299 2849 ἔτι
327 2797 549 2863 τούτοις
583 2799 673 2853 διὰ
722 2796 813 2849 τὸν
852 2792 1301 2866 ἐλευθερώσαντα
1342 2809 1411 2864 με
1455 2789 1660 2863 Κύριον
1703 2789 1823 2854 άπὸ,

226 2889 437 2943 τούτων.
482 2891 544 2944 Ei
570 2890 677 2963 γὰρ
708 2888 980 2958 ἐγκαλεῖς,
1018 2887 1099 2941 ὃτι
1136 2886 1233 2957 τῆς
1259 2884 1400 2940 κατὰ
1433 2882 1593 2953 φύσιν
1633 2882 1808 2953 ἀπηλ-

226 2979 385 3052 λάγην
411 2980 651 3054 φθορᾶς,
674 2981 774 3051 ὅρα
946 2978 1019 3049 μὴ
1050 2976 1371 3047 ἐγκαλέσῃς,
1404 2976 1488 3028 ὅτι
1512 2973 1649 3027 ὁτοῢ
1671 2968 1805 3027 ει)εοῦ

227 3073 382 3142 Λόγος
405 3074 535 3145 τὴν
551 3072 689 3143 ἐμὴν
712 3072 810 3142 τῆς
836 3071 1078 3134 δουλείας
1111 3068 1270 3123 ἔλαϐε
1300 3068 1535 3139 μορφήν.
1723 3066 1809 3129 Ὠς

1913 607 2029 661 hmo
2061 606 2245 661 carnis
2271 604 2488 674 propria
2529 611 2657 658 sunt
2689 604 2977 674 ipsumque
3004 619 3211 675 corpus
3243 603 3493 661 Salvato-

1912 694 1990 750 ris
2030 704 2113 749 est
2157 694 2461 765 proprium.
2497 690 2763 758 Quocirca
2815 693 2905 748 ille
2949 692 3189 763 quidem,
3220 694 3383 750 nullis
3424 710 3493 749 ex

1914 794 2109 840 natura
2129 799 2227 839 sua
2252 784 2524 838 obnoxius
2542 783 2944 851 aﬂ‘ectionibus,
2977 785 3140 839 siculi
3167 794 3249 839 est
3279 802 3494 855 perma-

1914 886 2023 944 net,
2058 891 2159 931 nec
2190 877 2258 930 ab
2294 876 2383 931 his
2420 875 2651 941 lazditur,
2685 876 2778 930 sed
2809 890 2903 931 eas
2928 878 3111 946 potius
3142 878 3282 932 delet
3314 886 3367 931 et
3398 894 3494 933 ex-

1914 969 2170 1025 terminat
2213 987 2225 1022 :
2286 968 2533 1023 homines
2585 975 2786 1032 autem,
2833 966 2967 1036 ipsis
3017 967 3395 1023 aﬂ‘ectionibus
3437 972 3491 1023 in

1915 1063 2089 1128 illum,
2119 1061 2212 1132 qui
2241 1074 2429 1115 earum
2456 1074 2652 1130 expers
2680 1069 2783 1123 est,
2812 1059 2976 1114 veluti
3009 1061 3286 1116 translatis
3318 1072 3372 1116 et
3398 1063 3495 1116 de-

1915 1155 2060 1221 letis,
2097 1155 2163 1210 iis
2190 1162 2244 1208 et
2282 1152 2386 1223 ipsi
2430 1150 2587 1207 liberi
2636 1152 2837 1222 pariter
2879 1150 2934 1205 in
2979 1160 3299 1222 perpetuum
3331 1154 3491 1220 ﬁunt,

1916 1245 2375 1320 quemadmodum
2416 1244 2502 1303 his
2528 1242 2709 1298 verbis
2740 1241 2981 1297 Joannes
3012 1242 3169 1297 docet
3196 1261 3208 1296 :
3250 1241 3315 1295 Et
3346 1245 3493 1299 scitis

1917 1339 2056 1410 quod
2091 1337 2181 1391 ille
2208 1336 2480 1406 apparuit,
2504 1343 2563 1388 ut
2591 1342 2809 1403 peccata
2837 1342 3019 1387 nostra
3043 1333 3268 1395 tolleret,
3299 1345 3349 1389 et
3375 1353 3497 1405 pec-

1907 1429 2085 1474 catum
2104 1420 2156 1472 in
2182 1436 2240 1474 eo
2271 1436 2372 1473 non
2402 1429 2479 1474 est
2527 1422 2565 1474 ⁸.
2594 1421 2725 1487 Quae
2753 1438 2877 1478 cum
2907 1423 2978 1477 ita
3006 1422 3324 1488 sint,nullus
3350 1433 3499 1478 certe

1916 1513 2070 1569 locus
2113 1512 2367 1569 hzeretico
2409 1514 2736 1585 relinquitur
2766 1517 2871 1572 hoc
2918 1518 3080 1572 modo
3110 1519 3494 1575 obtrectandi:

1914 1604 2094 1671 Quare
2113 1620 2241 1661 caro
2256 1622 2377 1675 quae
2404 1615 2597 1661 natura
2620 1609 2867 1664 mortalis
2884 1618 2967 1665 est
2993 1609 3306 1665 reviviscit?
3339 1608 3495 1677 Quod

1915 1700 1960 1751 si
1992 1696 2287 1759 reviviscit,
2320 1712 2422 1752 cur
2452 1712 2560 1753 non
2601 1699 2798 1754 iterum
2827 1702 3003 1756 esurit
3036 1682 3090 1757 ct
3117 1701 3250 1767 sitit,
3280 1712 3331 1755 et
3352 1702 3498 1772 pati-

1914 1797 2022 1850 tur,
2052 1787 2407 1857 mortalisque
2432 1798 2616 1844 manet
2636 1805 2760 1845 cum
2782 1806 2847 1846 ex
2877 1801 3017 1846 terra
3044 1792 3115 1847 sit
3148 1792 3323 1847 facta?
3350 1791 3500 1858 Quo-

1914 1880 2077 1935 modo
2113 1895 2242 1937 vero
2288 1883 2439 1952 quod
2495 1882 2571 1936 illi
2619 1883 2867 1938 naturale
2900 1893 2982 1938 est
3016 1884 3084 1938 ab
3114 1899 3175 1938 ea
3205 1883 3497 1939 discessit?

1169 1972 1235 2024 Ei
1278 1970 1336 2023 δὲ
1378 1970 1475 2025 καὶ
1502 1969 1805 2032 ἀνίσταται,

1914 1970 2069 2027 Tunc
2095 1973 2240 2027 enim
2272 1988 2401 2028 caro
2435 1974 2501 2028 ad
2536 1973 2849 2043 huiusmodi
2881 1990 3146 2045 nugacem
3178 1975 3497 2030 haereticum

1914 2076 2100 2133 posset
2134 2066 2465 2135 respondere
2493 2085 2507 2121 :
2540 2065 2651 2137 Ego
2689 2067 2908 2137 quidem
2955 2083 3021 2122 ex
3074 2076 3217 2121 terra
3252 2083 3371 2122 sum
3412 2082 3500 2123 se-

1913 2157 2154 2212 cundum
2194 2168 2449 2212 naturam
2495 2158 2762 2221 mortalis,
2792 2158 2885 2213 scd
2934 2166 3121 2228 postea
3167 2154 3329 2212 Verbi
3371 2173 3499 2213 caro

1913 2245 2055 2303 facta
2074 2260 2220 2311 sum,
2244 2246 2391 2317 quod
2412 2261 2562 2302 meas
2587 2246 2923 2313 ail‘ectiones,
2950 2246 3163 2301 tametsi
3185 2262 3375 2323 earum
3398 2262 3498 2301 ex-

1913 2353 2058 2408 pers,
2095 2338 2352 2408 portavit,
2388 2337 2584 2409 hisque
2626 2339 2740 2408 ipsa
2784 2338 2950 2392 libera
2993 2337 3184 2393 eil'ecta
3218 2354 3367 2402 sum,
3400 2353 3500 2393 nec

1908 2430 2021 2499 jam
2068 2430 2332 2501 deinceps
2366 2430 2472 2486 illis
2521 2431 2702 2486 servio
2744 2430 2814 2485 ob
2855 2428 3147 2484 Dominum
3177 2428 3271 2500 qui
3310 2444 3396 2484 me
3429 2428 3499 2483 ah

1912 2522 2104 2577 iisdem
2134 2522 2404 2578 liberavit.
2427 2521 2564 2577 Nam
2594 2521 2640 2577 si
2666 2536 2752 2577 me
2782 2521 3136 2592 reprehendis
3163 2520 3307 2591 quod
3337 2536 3368 2575 a
3402 2535 3499 2574 na-

1914 2616 2075 2671 turali
2115 2616 2466 2686 corruptione
2511 2614 2709 2670 fuerim
2765 2614 2991 2669 liberata
3022 2631 3034 2667 :
3065 2612 3188 2667 vide
3227 2626 3295 2666 ne
3332 2612 3494 2666 etiam

1913 2706 2300 2776 reprehendas,
2321 2707 2464 2776 quod
2487 2706 2583 2761 Dei
2614 2705 2850 2761 Verbum
2876 2720 3051 2760 meam
3085 2703 3358 2759 servitutis
3385 2703 3500 2758 for-

1912 2812 2055 2852 mam
2085 2798 2374 2868 acccperit.
2419 2796 2490 2853 Ut
2520 2798 2664 2852 enim
2701 2796 2985 2859 Dominus,
3016 2796 3207 2850 induto
3241 2811 3493 2867 corpore,

1915 2890 2080 2949 homo
2104 2901 2188 2946 est
2221 2891 2428 2956 factus;
2460 2890 2533 2946 ita
2568 2906 2668 2945 nos
2700 2889 2948 2945 homines
2970 2904 3066 2959 per
3080 2886 3243 2943 Verbi
3272 2904 3493 2944 carnem

1914 2981 2203 3050 assumpti,
2245 2982 2413 3036 divini
2458 2983 2527 3037 ab
2577 2997 2638 3037 eo
2681 2980 2966 3045 cﬂicimur,
3016 2991 3340 3050 aeternaeque
3372 2981 3496 3034 vitae

1914 3070 2155 3127 haeredes
2202 3074 2255 3126 in
2289 3052 2814 3143 posterum‘sumus.

229 3164 371 3237 γὰρὸ
398 3163 1007 3238 Κύριος,ἐνδυσάμενος
1038 3161 1099 3214 τὸ
1126 3160 1304 3232 σῶμα,
1336 3160 1557 3229 γέγονεν
1589 3159 1893 3231 ἄνθρωπος,
1923 3160 2096 3228 οὕτως
2126 3166 2287 3235 ἡμεῖς
2320 3166 2369 3218 οἱ
2419 3165 2695 3237 ἄνθρωποι
2730 3164 2881 3235 παρὰ
2914 3162 3006 3218 τοῦ
3056 3164 3229 3233 Λόγου
3278 3181 3339 3217 τε
3379 3163 3496 3219 θεο-

234 3258 525 3330 ποιούμεθα

235 3442 319 3496 ἐὰν
373 3442 580 3513 ἴδωμεν
638 3441 798 3494 αὑτὸν
839 3441 903 3494 δι’
934 3441 1166 3512 ὀργάνου
1223 3439 1318 3492 τοῦ
1377 3438 1505 3492 ἰδίου
1562 3436 1814 3509 σώματος

237 3531 416 3596 θεῖκῶς
437 3531 749 3604 πράττοντά
797 3548 849 3584 τι
911 3531 945 3601 ἢ
995 3530 1242 3599 λέγοντα,
1291 3527 1673 3599 γινώσκωμεν,
1729 3529 1812 3583 ὅτι

236 3619 355 3684 Θεὸς
373 3619 465 3686 ὣν,
502 3619 678 3685 ταῦτα
706 3619 1017 3691 ἐργάζεται·
1050 3620 1144 3673 καὶ
1169 3618 1350 3684 πάλιν,
1375 3618 1470 3672 ἐὰν
1503 3618 1699 3689 ῐδωμεν
1722 3618 1814 3673 αύο

237 3712 318 3765 τὸν
349 3711 706 3786 ἀνθρωπίνως
749 3711 1090 3783 λαλούντα,ἢ
1140 3711 1439 3781 πάσχοντα,
1484 3709 1558 3781 μὴ
1608 3708 1815 3778 ἀγνοῶ-

241 3823 351 3876 μεν,
377 3808 455 3860 ὅτι
493 3806 676 3878 σάρκα
705 3807 885 3877 φορῶν
929 3806 1149 3876 γέγονεν
1199 3805 1503 3876 ἅνθρωπος,
1555 3804 1648 3858 καὶ
1671 3804 1814 3858 οὕτω

239 3896 396 3952 ταῦτα
434 3902 582 3952 ποιεῖ
617 3899 711 3951 καὶ
739 3898 908 3952 λαλεῖ.
954 3898 1214 3952 Ἐκάστου
1242 3897 1351 3966 γὰρ
1400 3896 1463 3949 τὸ
1495 3895 1625 3949 ἴδιον
1650 3896 1815 3965 γινώ-

241 4004 460 4054 σκοντες,
487 3990 585 4042 καὶ
612 3990 893 4060 ἀμφότερα
920 3986 979 4053 ἐξ
1000 3988 1117 4053 ἐνὸς
1144 3988 1493 4059 πραττόμενα
1521 3986 1810 4057 βλέποντες

240 4080 323 4130 καὶ
346 4082 612 4145 νοοῦντες,
638 4080 812 4151 ὀρθῶς
842 4079 1187 4151 πιστεύομεν,
1220 4080 1314 4132 καὶ
1334 4080 1435 4132 οὐκ
1459 4079 1525 4132 ἄν
1681 4094 1813 4135 ποτε

240 4168 705 4241 πλανηθησόμεθα.
751 4172 877 4223 Ἐὰν
916 4170 974 4224 δέ
1022 4187 1126 4233 τις,
1177 4168 1373 4232 θεῖκῶς
1425 4169 1495 4223 τὰ
1529 4172 1681 4240 παρὰ
1718 4168 1810 4222 τοῦ

241 4261 397 4329 Λόγου
429 4263 693 4333 γινόμενα
723 4262 955 4333 βλέπων,
989 4263 1292 4333 ἀρνήσηται
1327 4260 1387 4313 τὸ
1432 4261 1670 4331 σῶμα,ἢ
1714 4261 1809 4314 καὶ

236 4352 297 4405 τὰ
330 4353 418 4406 τοῦ
458 4353 713 4424 σώματος
777 4355 885 4408 [δια
931 4354 1165 4424 βλέπων,
1219 4353 1526 4423 ἀρνήσηται
1575 4351 1672 4423 τὴν
1711 4350 1806 4404 τοῦ

238 4447 395 4517 Λόγου
574 4449 834 4521 ἔνσαρκον
862 4447 1184 4521 παρουσίαν,
1214 4447 1246 4517 ἦ
1288 4448 1352 4500 ἐκ
1394 4445 1503 4500 τῶν
1537 4445 1811 4516 ἀνθρωπί-

240 4556 334 4591 νων
361 4542 592 4596 ταπεινὰ
615 4544 740 4614 περὶ
768 4540 862 4595 τοῦ
879 4542 1051 4610 Λόγου
1075 4542 1318 4613 φρονήσῃ
1351 4579 1367 4607 ,
1494 4540 1523 4592 ὁ
1547 4538 1806 4603 τοιοῦτος’

238 4630 305 4694 ὡς
336 4634 430 4702 μὲν
470 4635 757 4701 Ἰουδαϊκὸς
788 4634 1027 4704 κάπηλος
1076 4634 1283 4704 μίσγων
1337 4633 1429 4686 τὸν
1458 4627 1599 4685 οἶνον
1631 4631 1805 4697 ὕδατι,

240 4722 519 4776 σκάνδαλον
571 4724 781 4793 νομίσει

244 4814 434 4883 μωρίαν
460 4815 728 4887 ἡγήσεται
752 4813 813 4867 τὸ
836 4815 1119 4886 κήρυγμα,
1150 4810 1238 4869 οἷα
1260 4815 1325 4887 δὴ
1358 4814 1451 4868 καὶ
1477 4817 1526 4868 oi
1556 4815 1814 4889 θεομάχοι

256 4903 509 4975 Ἀρειανοὶ
532 4907 851 4962 πεπόνθασι.
906 4907 1135 4980 Τὰ¹γὰρ
1172 4907 1488 4981 ἀνθρώπινα
1525 4909 1814 4980 βλέποντες

245 4996 327 5049 τοῦ
360 5000 612 5073 Σωτῆρος
665 5001 921 5073 ἐνόμισαν
950 5001 1112 5057 αὑτὸν
1162 4998 1301 5056 εἶναι
1338 5003 1567 5074 κτίσμα.
1600 5004 1813 5057 Οὐκοῦν

247 5087 341 5141 ἔδει
368 5093 458 5144 καὶ
487 5093 555 5145 τὰ
594 5092 751 5147 θεῖκὰ
782 5092 1078 5163 βλέποντας
1126 5096 1325 5159 αὐτοὺς
1377 5094 1514 5166 ἔργα
1563 5095 1657 5148 τοῦ
1710 5095 1814 5149 Λό-

247 5193 334 5245 γου
369 5218 383 5238 .
531 5183 868 5255 ἀρνήσασθαι
902 5184 997 5238 τοῦ
1050 5184 1299 5255 σώματος
1332 5184 1495 5239 αὑτοῦ
1525 5185 1623 5258 τὴν
1655 5184 1812 5253 γένε-

251 5286 351 5336 σιν,
411 5276 503 5328 καὶ
549 5276 735 5329 λοιπὸν
792 5276 884 5330 καὶ
926 5277 1253 5349 Μανιχαίοις
1301 5271 1529 5341 ἐαυτοὺξ
1580 5293 1818 5346 συγκατ-

250 5363 504 5437 αριθμεῖν.
537 5368 675 5422 Ἀλλ’
698 5370 895 5423 ἐκεῖνοι
927 5370 1026 5441 μὲν
1059 5370 1165 5424 κᾶν
1184 5371 1283 5441 ὀψέ
1310 5387 1443 5424 ποτε
1611 5369 1815 5440 μανθα-

250 5454 496 5527 νέτωσαν,
540 5461 621 5515 ὅτι
668 5462 887 5531 όΛόγος
940 5462 1078 5535 σὰρξ
1129 5463 1364 5531 ἐγένετο·
1396 5465 1556 5535 ἡμεῖς
1591 5462 1670 5529 δὲ,
1725 5462 1815 5516 τὸν

254 5550 555 5624 σκοπὺντῆς
594 5554 824 5619 πίστεως
868 5554 1099 5626 ἔχοντες,
1144 5554 1598 5627 ἐπιγινώσκωμεν
1781 5554 1816 5607 ἃ

253 5634 563 5701 διανοουνται
592 5641 738 5702 οὗτοι
770 5648 977 5716 κακῶς,
1005 5647 1173 5722 ὀρθὴν
1200 5648 1391 5719 ἔχοντα
1418 5649 1517 5719 τὴν
1554 5649 1814 5703 διάνοιαν.

334 5807 347 5837 ¹
381 5808 400 5861 l
429 5808 577 5869 Joan.
608 5828 689 5879 In,
722 5813 773 5869 5.
850 5815 868 5844 '
899 5812 1002 5870 lsa.
1034 5829 1071 5881 I,
1100 5812 1192 5868 Q2.
1273 5815 1292 5847 ³
1326 5816 1345 5869 ι
1381 5813 1504 5870 Cor.
1541 5832 1576 5880 ι,
1604 5816 1693 5871 25.

724 3256 1162 3330 προσληφθέντες
1214 3256 1301 3309 διὰ
1346 3256 1446 3326 τῆς
1489 3254 1692 3327 σαρκὸς
1727 3253 1915 3320 αὑτοῦ,
1950 3258 2043 3312 καὶ
2075 3258 2260 3313 λοιπὸν
2290 3260 2433 3332 ζωὴν
2458 3257 2673 3313 αἰώνιον
2708 3257 3176 3332 κληρονομοῦμεν.

555 3347 743 3403 Ταῦτα
792 3348 1109 3417 ἀναγκαίως
1171 3346 1649 3419 προεξητάσαμεν,
1699 3346 1872 3423 ἵνα,(;

2091 3349 2215 3407 Haec
2238 3352 2472 3421 primum
2492 3351 2793 3421 eXpendere
2819 3364 3045 3406 necesse
3081 3349 3203 3415 fuit,
3225 3359 3280 3404 ut
3305 3348 3351 3406 si
3389 3348 3495 3404 Do-

1907 3441 2116 3496 n‘inum
2139 3441 2460 3507 viderimus,
2494 3442 2579 3497 sui
2612 3440 2857 3511 corporis
2885 3443 3268 3506 instrumento,
3288 3441 3492 3511 aliquid

1905 3531 2087 3586 divine
2110 3542 2356 3604 agentem
2376 3535 2772 3597 autdiccntem,
2789 3533 3200 3589 meminerimus
3218 3549 3341 3588 eum
3364 3546 3517 3587 eum‘

1906 3620 2047 3678 Deus
2070 3624 2160 3688 sit,
2186 3623 2288 3679 ista
2307 3624 2536 3678 ellieere.
2569 3623 2622 3677 Si
2644 3637 2771 3677 vero
2799 3637 2989 3677 rursus
3020 3622 3272 3677 eumdem
3301 3621 3495 3677 videri-

1916 3731 2038 3768 mus
2052 3715 2292 3770 humano
2316 3731 2464 3771 more
2482 3716 2629 3787 loqui
2646 3724 2699 3771 et
2715 3716 2848 3785 pati,
2862 3731 2968 3768 non
2986 3716 3300 3784 ignoremus
3314 3714 3488 3774 illum,

1911 3807 2539 3875 carneinduta,l‘actum
2575 3823 2696 3863 esse
2738 3807 3037 3872 hominem,
3080 3807 3266 3876 sicque
3303 3805 3392 3860 illa
3437 3816 3492 3860 et

1913 3913 2072 3967 agere
2095 3899 2329 3969 etloqui.
2354 3899 2411 3953 Si
2435 3899 2579 3954 enim
2610 3899 2758 3969 quod
2795 3900 3081 3969 utriusque
3107 3899 3384 3969 proprium
3407 3908 3492 3954 est

1914 3989 2391 4061 perceperimus,et
2404 3999 2633 4057 utraque
2645 3986 2716 4043 ab
2736 4000 2846 4042 uno
2860 3986 2946 4059 agi
2966 3988 3491 4047 consideraverimus

1912 4091 1966 4137 et
1983 4080 2432 4144 intellexerimus,
2451 4089 2598 4135 recta
2611 4079 2857 4150 profecto
2873 4079 2977 4137 erit
2995 4080 3025 4135 ﬁ
3035 4081 3129 4137 des
3153 4065 3365 4150 nostra,
3390 4098 3492 4138 nec

1914 4187 2152 4241 unquam
2172 4171 2414 4226 futurum
2439 4181 2606 4228 estut
2633 4187 2901 4228 erremus.
2922 4171 2991 4224 At
3008 4172 3053 4226 si
3086 4171 3231 4242 quis,
3266 4172 3352 4228 bis
3369 4190 3492 4243 qua:

1908 4280 1940 4318 a
1963 4260 2142 4318 Verbo
2165 4264 2346 4318 divine
2371 4265 2508 4318 liunt
2532 4265 2863 4334 conspectis,
2888 4263 3008 4332 ejus
3030 4278 3230 4333 corpus
3257 4280 3492 4335 negave-

1917 4355 1992 4409 rit
2023 4373 2036 4409 :
2077 4355 2161 4409 vel
2193 4355 2241 4410 si
2272 4370 2334 4409 ea
2379 4370 2501 4425 quae
2524 4356 2771 4425 corporis
2818 4354 3033 4425 propria
3074 4366 3203 4410 sunt
3236 4355 3487 4423 intuitus,

1911 4463 2234 4518 corporeum
2461 4445 2618 4502 Verbi
2648 4448 2943 4502 adventum
2975 4463 3143 4503 ausus
3171 4448 3334 4503 fuerit
3365 4449 3486 4504 inti-

1911 4536 2067 4602 ciari,
2093 4548 2188 4591 ant
2215 4553 2280 4591 ex
2313 4537 2568 4595 humanis
2611 4538 2781 4607 gestis
2810 4538 3019 4607 abiecte
3061 4538 3128 4593 de
3158 4535 3334 4593 Verbo
3364 4556 3485 4595 sen-

1910 4631 2063 4697 serit,
2085 4630 2176 4685 isti
2212 4645 2319 4684 non
2346 4646 2504 4687 secus
2526 4646 2590 4686 ac
2614 4630 2842 4686 Iudaico
2866 4632 3121 4701 cauponi,
3150 4632 3334 4686 vinum
3360 4650 3483 4688 cum

982 4724 1070 4776 τὸν
1105 4721 1355 4792 σταυρόν,
1394 4722 1470 4784 ὡς
1501 4721 1559 4775 δὲ
1588 4722 1805 4794 Ἕλλην,

1915 4739 2055 4791 aqua
2090 4723 2341 4777 miscenti
2381 4725 2424 4787 ³,
2450 4740 2579 4779 crux
2599 4722 2915 4777 scandalum
2942 4724 3061 4786 erit,
3085 4724 3333 4793 idemque
3358 4742 3488 4795 gen—

1904 4816 1984 4874 tili
2004 4814 2224 4880 similis,
2241 4813 2675 4883 praedicationem
2700 4813 2988 4870 stultitiam
3010 4827 3131 4869 esse
3147 4812 3391 4869 censebit
3441 4814 3485 4871 ³.

1903 4908 2051 4977 quod
2078 4907 2190 4979 jam
2214 4905 2309 4963 Dei
2335 4905 2588 4963 hostibus
2609 4905 2828 4963 Arianis
2853 4906 3073 4975 accidit,
3106 4906 3201 4976 qui
3226 4905 3489 4961 nimirum

1904 5003 1975 5059 ob
2023 5002 2294 5058 humanos
2347 4998 2645 5057 Salvatoris
2689 5008 2867 5068 actus,
2907 5010 3157 5056 creatum
3194 5015 3319 5055 eum
3366 5014 3490 5054 esse

1905 5093 2154 5149 arbitrati
2190 5101 2337 5148 sunt.
2378 5092 2579 5160 Quidni
2621 5091 2785 5164 igitur
2812 5093 2981 5149 etiam
3018 5093 3090 5149 ob
3120 5091 3306 5147 divina
3342 5090 3489 5146 illius

1903 5203 2090 5258 opera,
2125 5190 2244 5256 ejus
2287 5187 2534 5257 corporis
2576 5172 3015 5257 procreationem
3054 5185 3372 5256 negaverint
3402 5198 3490 5239 se-

1902 5294 2070 5349 seque
2099 5278 2355 5349 deinceps
2392 5277 2707 5334 Manichaeis
2738 5276 3125 5349 adjunxerint?
3158 5273 3355 5330 Verum
3400 5273 3487 5328 vel

1901 5372 2093 5428 saltem
2116 5387 2240 5428 sero
2273 5371 2349 5427 illi
2376 5371 2592 5444 quidem
2611 5372 2827 5426 discant
2849 5368 3085 5425 Verbum
3116 5382 3339 5423 carnem
3363 5381 3488 5422 esse

1904 5464 2103 5519 factum
2138 5485 2151 5520 :
2190 5481 2290 5520 nos
2318 5473 2498 5521 autem
2535 5464 2657 5520 lidei
2690 5479 2918 5533 scopum
2958 5462 3279 5528 retinentes,
3312 5474 3486 5531 agno-

1900 5572 2121 5613 scamus
2148 5572 2363 5622 eorum,
2388 5572 2508 5627 qua:
2527 5556 2666 5611 male
2683 5555 2757 5609 illi
2776 5554 3104 5625 intelligunt,
3135 5560 3338 5609 rectam
3363 5566 3485 5607 esse

1898 5649 2370 5721 signiﬁcationem.
2389 5646 2523 5704 Nam
2550 5647 2665 5703 hzec
2694 5647 2858 5714 dicta,
2888 5645 3050 5700 Pater
3078 5645 3258 5715 diligit
3280 5642 3482 5699 Filium
