3860 6606
403 386 494 451 431
1590 376 1979 450 summu
2032 389 2390 455 ZiGABENl
3543 407 3627 471 432

401 532 452 575 et
477 520 656 575 omnia
681 519 825 575 dedit
856 520 907 575 in
936 535 1095 575 manu
1126 517 1239 589 ejus
1292 515 1307 548 ¹
1335 533 1349 584 ;
1376 524 1450 582 et,
1487 516 1682 573 Omnia
1718 518 1849 573 mihi
1871 529 1947 574 tra

2091 516 2164 570 T6
2192 518 2322 591 γὰρ,
2355 519 2409 573 '0
2437 522 2640 592 Πατηρ
2677 522 2881 595 ἀγαπᾷ
2916 525 3024 581 τόν
3083 527 3240 594 Υιὸν,
3294 531 3388 585 καὶ
3462 535 3624 594 πάντα

400 614 515 666 dita
544 622 665 667 sunt
681 631 713 667 a
734 612 894 667 Patre
917 628 1025 666 meo
1066 613 1120 679 ';
1146 620 1220 679 et,
1243 608 1366 664 Non
1385 626 1599 680 possum
1621 626 1714 681 ego
1732 627 1765 664 a
1787 613 1981 679 meipso

398 705 572 773 facere
610 706 914 776 quidquam,
932 704 1030 759 sed
1069 706 1207 757 sicut
1240 702 1423 770 audio,
1452 703 1639 772 judico
1694 711 1733 769 ³,
1766 704 1983 775 aliaque

398 799 450 853 id
485 814 655 869 genus
675 814 1016 869 nequaquam
1044 798 1427 853 demonstrant
1457 794 1657 850 Filium
1683 797 1980 867 aliquando

396 892 497 946 ista
523 908 629 947 non
660 893 934 948 habuisse.
1117 891 1221 957 Qui
1256 890 1402 944 enim
1444 890 1558 944 fieri
1598 890 1792 961 possit,
1831 900 1890 944 ut
1915 905 1979 947 ea

393 1000 513 1053 qum
541 983 702 1038 Pater
733 985 913 1047 habet,
941 984 1030 1039 ille
1070 998 1178 1038 non
1211 998 1427 1052 semper
1456 982 1731 1049 habuerit,
1763 983 1854 1053 qui
1885 998 1978 1038 so-

394 1076 477 1130 Ius
507 1085 701 1130 natura
733 1074 970 1130 Verbum
1013 1084 1068 1130 et
1116 1074 1396 1144 Sapientia
1439 1072 1620 1128 Patris
1650 1082 1739 1129 est
1769 1092 1782 1129 :
1816 1073 1977 1145 cujus

390 1171 519 1224 item
553 1171 666 1225 hac
698 1179 830 1225 sunt
856 1170 1052 1224 verba:
1089 1169 1283 1224 Omnia
1313 1185 1431 1240 qure
1461 1168 1615 1224 habet
1649 1166 1836 1229 Pater.
1860 1185 1976 1223 mea

388 1272 511 1316 sunt
546 1276 591 1330 ι,
616 1272 691 1328 et,
718 1278 839 1332 qua:
884 1278 1003 1316 mea
1045 1271 1195 1327 sunt,
1230 1260 1408 1319 Patris
1433 1264 1595 1317 etiam
1632 1268 1762 1317 sunt
1814 1261 1881 1315 5?
1915 1260 1975 1315 Si

386 1353 533 1407 enim
562 1369 684 1423 qum
716 1352 903 1408 Patris
944 1362 1091 1418 sunt,
1137 1362 1266 1408 sunt
1303 1369 1521 1424 quoque
1568 1352 1712 1417 Filii,
1752 1353 1974 1423 hzecque

388 1460 601 1513 seraper
622 1444 789 1499 Pater
824 1445 1004 1511 habet,
1044 1445 1395 1515 perspicuum
1427 1460 1559 1500 sane
1609 1452 1713 1512 est,
1757 1460 1821 1499 ea
1852 1459 1973 1515 quae

388 1536 559 1591 Filius
587 1537 767 1602 habet,
802 1553 926 1593 cum
959 1537 1145 1591 eadem
1181 1537 1288 1593 sint
1321 1536 1522 1603 Patris,
1548 1552 1761 1608 semper
1796 1536 1850 1590 in
1877 1536 1971 1590 illo

383 1642 524 1681 esse.
558 1626 675 1681 Non
709 1628 874 1700 igitur
905 1628 1008 1683 ista
1038 1628 1528 1693 commemorabat,
1561 1627 1721 1698 quasi
1756 1642 1821 1681 ea
1864 1626 1967 1680 ali-

382 1717 604 1786 quando
638 1732 744 1771 non
772 1717 1020 1772 habuerit
1052 1717 1188 1773 :sed
1219 1717 1363 1787 quod
1388 1716 1580 1782 Filius,
1615 1718 1707 1788 qui
1743 1731 1807 1772 ea
1845 1732 1967 1787 quae
2008 1758 2015 1759 κ

381 1808 563 1874 habet,
601 1824 814 1880 semper
841 1809 1021 1873 habet,
1055 1808 1172 1879 ipsa
1205 1825 1237 1864 a
1266 1807 1427 1865 Patre
1452 1809 1632 1865 habet.

2088 610 2346 673 δέδωκεν
2374 613 2445 668 ὲν
2470 614 2544 683 τῇ
2572 617 2724 686 χειρὶ
2781 618 2991 673 αὑτοῦ·
3036 621 3129 675 καὶ
3179 622 3259 688 16,
3313 623 3499 679 Πάντα
3544 648 3628 699 μοι

2088 704 2387 774 παρεδόθη
2414 707 2533 761 ὑπὸ
2558 709 2663 763 τοῦ
2688 712 2920 780 Πατρός
2959 731 3102 782 μου·
3140 715 3235 768 καὶ
3263 715 3341 780 16,
3371 721 3447 772 Οὐ
3476 719 3624 775 δύνα-

2082 813 2189 865 μαι
2210 797 2325 867 ἐγὼ
2357 800 2550 854 ποιεῖν
2571 801 2672 857 ἀπ’
2693 803 2955 872 ἐμαυτοῦ
2987 805 3169 860 οὐδέν
3190 822 3205 838 ⁸
3316 828 3321 832 λ
3344 810 3491 865 ἀλλὰ
3512 820 3625 870 κοθ-

2085 887 2167 953 ὼς
2210 890 2426 957 ἀκούω,
2463 895 2666 961 κρίνω·
2704 898 2798 951 καὶ
2861 898 2961 951 ὅσα
2990 899 3222 955 τοιαῦτά
3260 899 3371 955 ἐστι
3410 904 3549 975 ῥητὰ,
3576 909 3624 961 οὐ

2078 980 2140 1033 τὸ
2172 982 2247 1052 μὴ
2281 984 2573 1056 ἐσχηκέναι
2602 989 2733 1041 ποτὲ
2767 989 2859 1043 τὸν
2885 990 3013 1044 Υἱὸν
3047 991 3222 1047 ταῦτα
3246 994 3494 1051 δείκνυσι.
3526 998 3626 1061 Πῶς

2077 1070 2187 1144 γὰρ
2209 1072 2245 1127 ἃ.
2270 1073 2380 1145 ἔχει
2405 1078 2432 1128 6
2465 1077 2679 1149 Πατὴρ,
2718 1080 2818 1133 οὐκ
2851 1076 2996 1152 εἶχεν
3054 1083 3238 1148 ἀϊδίως
3287 1086 3315 1137 6
3356 1087 3504 1156 μόνος
3528 1092 3625 1142 κατ’

2075 1162 2264 1217 οὐσίαν
2293 1164 2386 1217 τοῦ
2421 1166 2634 1239 Πατρὸς
2656 1169 2830 1237 Λόγος
2860 1172 2955 1225 καὶ
2976 1173 3168 1242 Σοφία,
3207 1175 3235 1227 6
3439 1178 3524 1229 καὶ
3558 1177 3626 1230 λέ-

2074 1269 2188 1322 γων
2209 1268 2221 1281 ·
2250 1255 2453 1310 Πάντα
2476 1257 2594 1311 ὅσα
2621 1258 2747 1327 ἔχει
2777 1264 2809 1314 ό
2835 1260 3057 1331 Πατὴρ,
3094 1263 3206 1332 ἐμά
3243 1263 3399 1318 ἐστι·
3429 1266 3533 1331 καὶ,
3570 1266 3625 1320 τὰ

2074 1344 2182 1416 ἐμὰ
2209 1346 2303 1399 106
2340 1348 2555 1421 Πατρός
2601 1350 2779 1416 ὲστιν;
2822 1352 2883 1404 Εἰ
2912 1354 3020 1424 γὰρ
3065 1354 3135 1407 τὰ
3192 1354 3286 1408 τοῦ
3334 1356 3530 1427 Πατρός
3549 1355 3624 1411 106

2072 1438 2205 1493 Υὶοῦ
2237 1441 2512 1508 ὲστιν,ἁεὶ
2559 1442 2618 1495 δὲ
2663 1442 2836 1498 ταῦτα
2877 1446 2991 1515 ἔχει
3034 1448 3062 1499 6
3112 1447 3324 1519 Πατὴρ,
3500 1452 3626 1519 δῆλον

2070 1532 2153 1585 ὃτι
2185 1532 2221 1586 ἃ
2254 1532 2367 1602 ἔχει
2401 1534 2430 1586 6
2455 1533 2602 1602 Υἱὸς,
2645 1534 2820 1589 ταῦτα
2853 1537 2982 1592 ὄντα
3011 1538 3105 1592 τοῦ
3138 1539 3373 1613 Πατρός,
3395 1539 3474 1593 ἀεί
3502 1541 3623 1595 ἐστιν

2069 1623 2128 1676 ὲν
2150 1623 2318 1694 αὐτῷ.
2354 1625 2429 1677 Οὐ
2475 1624 2563 1679 διὰ
2600 1626 2661 1679 16
2697 1627 2772 1700 μὴ
2822 1628 3114 1699 ἐσχηκέναι
3165 1626 3260 1684 οὖν
3309 1648 3435 1684 ποτε
3480 1631 3625 1685 ταῦτα

2067 1714 2271 1784 ἔλεγεν·
2304 1717 2418 1771 ἀλλ’
2441 1718 2470 1772 ὃ
2503 1704 2643 1789 Eximi
2670 1720 2856 1785 ἁῖδίως
2891 1724 2921 1774 6
2944 1721 3074 1786 Υἱὸς
3114 1722 3150 1778 ἃ
3191 1722 3333 1794 ἔχει,
3499 1723 3624 1795 παρὰ

2064 1804 2159 1859 106
2188 1808 2210 1859 Ι
2216 1806 2403 1879 ἰατρὸς
2436 1808 2571 1878 ἔχει.

565 1900 644 1958 Ne
670 1903 794 1973 quis
822 1901 1189 1958 enim'Filium
1225 1902 1411 1957 omnia
1439 1917 1561 1973 qua:
1589 1902 1753 1956 habet
1780 1900 1943 1957 Pater

2290 1901 2407 1953 Ἵνα
2456 1902 2566 1973 γὰρ
2613 1903 2689 1974 μή
2731 1920 2835 1971 τις,
2890 1903 3102 1975 βλέπων
3148 1905 3241 1960 16v
3295 1905 3421 1960 Υἱδν
3465 1904 3624 1976 ἔχοντα

376 1994 581 2050 habere
615 1993 944 2066 intelligens,
971 2009 1039 2050 ex
1062 2009 1281 2050 summa
1312 1993 1404 2047 illa
1439 1992 1818 2059 similitudine,
1842 2008 1947 2063 qua

2064 1990 2243 2045 πάντα
2305 1992 2405 2046 ὅσα
2458 1993 2569 2064 ἔχει
2620 1996 2650 2046 6
2701 1995 2911 2069 Πατὴρ,
2953 1999 3018 2051 ἐκ
3074 1997 3175 2069 τῆς
3235 1998 3624 2069 ἀπαραλλάκτου

375 2089 585 2161 absque
613 2089 724 2144 ulla
757 2098 841 2144 est
873 2087 1210 2156 dili'erentia,
1246 2095 1301 2144 et
1326 2102 1393 2144 ex
1423 2087 1727 2153 identitate,
1769 2095 1826 2141 ut
1859 2086 1964 2143 hoc

374 2183 541 2237 verbo
584 2194 728 2250 utar,
772 2195 962 2237 eorum
1002 2196 1126 2252 qua:
1159 2179 1343 2247 habet,
1382 2194 1450 2235 eo
1500 2177 1794 2249 impietatis
1834 2193 1960 2233 cum

374 2272 612 2329 Sabellio
650 2287 846 2328 errans
873 2272 1174 2339 deveniret,
1202 2281 1259 2327 ut
1281 2272 1459 2343 ipsum
1484 2286 1607 2339 esse
1633 2270 1847 2327 Patrem
1872 2286 1959 2325 ar-

373 2365 708 2421 bitraretur:
743 2364 949 2420 idcirco
997 2364 1084 2419 his
1109 2372 1193 2420 est
1234 2380 1370 2419 usus
1403 2364 1656 2430 vocibus,
1699 2363 1843 2417 Data
1874 2372 1951 2418 est

371 2457 503 2512 mihi
554 2464 596 2526 ⁸,
621 2457 796 2528 accepi
816 2467 858 2526 τ,
891 2457 1094 2513 tradita
1117 2466 1239 2512 sunt
1264 2456 1392 2510 mihi
1416 2458 1461 2524 ⁸,
1487 2463 1545 2511 ut
1575 2455 1626 2510 id
1654 2456 1832 2511 solum
1863 2470 1952 2511 os-

368 2550 638 2617 tenderet,
685 2564 745 2604 se
780 2548 1032 2605 videlicet
1070 2546 1287 2603 Patrem
1320 2563 1428 2603 non
1459 2562 1602 2613 esse,
1638 2548 1732 2602 sed
1777 2546 1954 2602 Patris

368 2637 611 2695 Verbum
646 2652 1022 2711 aeternumque
1049 2654 1171 2695 esse
1197 2637 1418 2706 Filium,
1441 2639 1534 2709 qui
1553 2639 1623 2694 ob
1644 2653 1798 2693 suam
1830 2636 1953 2707 qui-

365 2733 488 2788 dem
523 2749 646 2789 cum
683 2731 845 2790 Patre
874 2733 1288 2789 similitudinem
1316 2746 1530 2801 semper
1554 2731 1715 2785 habet
1743 2746 1865 2800 qua:
1887 2728 1956 2783 ab

364 2842 432 2883 eo
466 2827 659 2895 habet;
690 2829 817 2899 quia
847 2842 977 2883 vero
1008 2826 1183 2881 Filius
1209 2826 1349 2881 idem
1378 2825 1495 2895 ipse
1525 2833 1628 2893 est,
1657 2824 1862 2879 idcirco
1887 2838 1953 2877 ex

365 2904 529 2975 Patre
568 2919 735 2974 habet
777 2934 899 2990 qua:
947 2932 1163 2988 semper
1218 2917 1400 2971 habet.
1444 2915 1601 2982 Quod
1647 2915 1792 2970 enim
1837 2913 1953 2967 haec

364 3011 551 3078 Verba,
584 3013 716 3064 data
755 3020 854 3077 est,
891 3011 1094 3064 tradita
1137 3020 1281 3075 sunt,
1312 3008 1526 3077 aliaque
1563 3006 1786 3071 similia,
1826 3004 1950 3059 Filii

264 3126 269 3127 ν
362 3104 703 3159 divinitatem
748 3118 854 3157 non
885 3103 1154 3167 minuant,
1195 3101 1287 3156 sed
1324 3102 1506 3169 potius
1545 3113 1671 3155 eum
1700 3114 1826 3153 vere
1860 3096 1951 3151 Fi-

363 3198 497 3252 lium
521 3212 644 3253 esse
676 3204 999 3266 argumento
1029 3194 1162 3260 sint,
1202 3209 1266 3247 ex
1302 3193 1493 3247 iisdem
1531 3192 1639 3247 illis
1665 3190 1949 3247 vocabulis

361 3288 489 3343 licet
507 3287 739 3342 discere.
758 3285 893 3339 Nam
916 3286 961 3339 si
982 3285 1166 3338 omnia
1195 3285 1271 3338 illi
1297 3284 1493 3338 tradita
1516 3290 1667 3345 sunt.
1704 3282 1943 3352 primum

2061 2083 2379 2155 ὁμοιότητος
2424 2085 2519 2139 καὶ
2564 2087 2895 2159 ταυτότητος
2990 2152 2998 2158 Α
3074 2082 3151 2143 ὧν
3185 2089 3324 2161 ἔχει,
3366 2088 3624 2160 πλανηθεὶς

2061 2176 2203 2231 κατὰ
2229 2177 2520 2233 Σαϐέλλιον
2567 2178 2838 2253 ἁσεὸήσῃ,
2888 2182 3118 2253 νομίσας
3165 2182 3333 2238 αὑτὸν
3391 2177 3518 2236 εἶναι
3550 2182 3624 2236 τδν

2061 2267 2303 2359 Πατέρα’
2342 2268 2433 2323 διὰ
2449 2268 2607 2323 τοῦτο
2649 2270 2734 2337 16,
2772 2271 3111 2359 ἐδόθηιομοι,
3168 2274 3266 2328 καὶ
3292 2274 3375 2340 16,
3412 2274 3622 2338 ἔλαϐον,

2060 2360 2156 2412 καὶ
2186 2358 2269 2425 16,
2304 2360 2608 2430 παρεδόθη
2773 2380 2899 2433 μοι,
2931 2358 3153 2436 εἴρηκεν
3190 2366 3337 2437 ὑπὲρ
3371 2366 3461 2419 106
3491 2367 3624 2437 μόνον

2059 2450 2230 2518 δεῖξαι
2253 2454 2335 2507 ὅτι
2356 2453 2458 2506 οὐκ
2482 2453 2627 2507 ἐστιν
2651 2454 2815 2520 αὐτὸς
2843 2459 2871 2510 6
2904 2456 3115 2528 Πατὴρ,
3146 2458 3288 2512 ἀλλὰ
3328 2459 3421 2515 τοῦ
3442 2458 3623 2529 [ἰατρὸς

2058 2544 2088 2597 6
2116 2543 2309 2613 Λόγος,
2334 2546 2426 2599 καὶ
2471 2548 2501 2600 6
2520 2547 2692 2611 ἀΐδιος
2705 2547 2834 2612 Υἱός
2856 2550 2995 2614 ἐστι,
3028 2550 3117 2604 διὰ
3148 2552 3246 2621 μὲν
3274 2552 3375 2622 τὴν
3404 2551 3625 2621 ὁμοιότη-

2058 2652 2129 2689 τα
2154 2636 2248 2690 106
2285 2639 2500 2711 Πατρὸς
2525 2639 2665 2711 ἔχων
2696 2640 2886 2705 ἀῖδιως
2933 2641 3077 2714 ἅπερ
3116 2642 3228 2713 ἔχει
3285 2645 3415 2715 παρ’
3457 2641 3618 2695 αὐτοῦ’

2059 2727 2149 2783 διὰ
2177 2729 2235 2782 δὲ
2260 2729 2323 2783 16
2346 2727 2485 2786 εἶναι
2517 2732 2680 2786 αὐτὸν
2712 2732 2838 2787 Υἱὺν
2876 2767 2892 2795 ,
3045 2736 3108 2787 ὲκ
3155 2734 3255 2788 106
3299 2735 3501 2807 [ἰατρὸς
3529 2734 3621 2803 ἔχει

2060 2818 2206 2891 ἅπερ
2232 2814 2418 2887 ἀϊδίως
2450 2822 2580 2894 ἔχει.
2603 2823 2727 2877 Ὅτι
2753 2824 2864 2897 γὰρ
2892 2826 2973 2888 16,
3014 2825 3216 2893 ἐδόθη,
3264 2826 3363 2879 καὶ
3398 2824 3476 2889 16,
3496 2839 3620 2891 πορ-

2056 2912 2256 2982 εδόθη,
2292 2915 2387 2968 καὶ
2425 2916 2493 2969 τὰ
2530 2917 2692 2987 ὅμοια
2720 2916 2950 2983 τούτοις,
2994 2918 3094 2971 οὐκ
3140 2916 3361 2971 ἐλαττοῖ
3391 2918 3485 2990 τὴν
3521 2914 3618 2969 Θεόι

2054 3024 2192 3078 τητα
2223 3006 2319 3060 τοῦ
2350 3007 2503 3072 Υἱοῦ,
2523 3007 2660 3064 ἀλλὰ
2682 3010 2778 3063 καὶ
2805 3010 3004 3080 μᾶλλον
3032 3010 3309 3065 δείκνυσιν
3337 3009 3492 3064 αὑτὸν
3517 3010 3621 3079 ἀλη-

2056 3098 2165 3163 Θῶς
2191 3098 2342 3164 Υἱὸν,
2377 3098 2553 3163 ἔξεστι
2582 3101 2679 3154 καὶ
2720 3102 2815 3156 ἀπ’
2840 3101 3022 3155 αὐτῶν
3052 3101 3161 3159 τῶν
3190 3102 3375 3174 ῥητῶν
3537 3118 3619 3157 κσ-

2054 3189 2341 3261 ταμαθείν.
2375 3190 2437 3244 Εἰ
2466 3190 2575 3263 γὰρ
2603 3191 2783 3246 πάντα
2803 3193 2953 3264 αὑτῷ
2979 3194 3277 3265 παρεδόθη·
3308 3194 3514 3264 πρῶτον
3537 3194 3617 3264 μὲν

2053 3282 2213 3345 ἄλλος
2233 3282 2350 3335 ἐστὶ
2381 3282 2490 3337 τῶν
2522 3284 2762 3351 πάντων,
2793 3280 2869 3339 ὧν
2909 3285 3234 3357 πρέλαὸεν·
3274 3288 3481 3349 ἔπειτα,
3500 3286 3615 3338 πάν-

358 3371 616 3439 sequitur
657 3382 786 3423 eum
840 3366 1006 3422 alium
1044 3382 1169 3423 esse
1213 3368 1284 3423 ab
1330 3369 1593 3426 onmibus
1626 3349 1749 3441 qua:
1800 3389 1947 3430 acce-

2058 3390 2148 3427 κιιν
2187 3370 2265 3424 ὢν
2319 3369 2682 3440 κληρονόμος,
2742 3349 2903 3439 μόνος
2949 3349 3145 3434 ό’Υιός
3180 3372 3303 3423 ἐστι
3357 3370 3450 3423 καὶ
3503 3368 3613 3429 [ὄιος

360 3467 458 3535 pit.
497 3463 727 3528 Deinde,
778 3477 903 3517 cum
952 3462 1203 3517 omnium
1241 3466 1315 3519 sit
1369 3464 1562 3527 heres,
1613 3475 1766 3519 certe
1803 3466 1958 3524 solus

2038 3465 2161 3520 κατ’
2221 3465 2414 3518 οὐσίαν
2452 3464 2545 3517 τοῦ
2579 3463 2814 3534 Πατρός.
2850 3462 2914 3516 Et
2975 3465 3083 3535 γὰρ
3110 3459 3190 3526 εἷς
3232 3457 3305 3534 ἦν
3349 3462 3455 3515 τῶν
3488 3461 3609 3513 πάν-

360 3558 477 3627 ipse
511 3570 736 3627 quoque
803 3553 976 3611 Filius
1024 3564 1079 3609 et
1114 3557 1367 3626 proprius
1416 3565 1500 3611 est
1551 3556 1729 3612 Patris
1768 3573 1947 3614 secun.

2058 3576 2171 3626 των,
2220 3558 2283 3612 οὐ
2336 3557 2559 3611 πάντων
2615 3553 2684 3628 ἦν
2750 3555 2914 3620 αὐτὸς
2972 3555 3341 3627 κληρονόμος.
3392 3555 3502 3607 Νῦν
3548 3551 3611 3614 δὲ,

362 3650 492 3702 dum
546 3657 823 3704 naturam.
862 3647 919 3701 Si
970 3648 1119 3702 enim
1155 3663 1184 3702 e
1233 3664 1460 3702 numero
1490 3650 1737 3702 omnium
1788 3661 1947 3717 esset1

2058 3651 2225 3707 πάντα
2258 3648 2555 3721 λαμϐάνων
2580 3648 2769 3714 αὐτὸς,
2800 3647 2961 3711 ἄλλος
3006 3648 3127 3700 ἐστὶ
3158 3649 3268 3701 τῶν
3298 3650 3510 3701 πάντων
3537 3642 3615 3695 καὶ

363 3757 471 3795 non
526 3742 772 3795 omnium
843 3738 1088 3810 profecto
1144 3750 1293 3794 esset
1360 3741 1551 3795 haeres.
1610 3740 1947 3811 Quapropter

2058 3740 2206 3809 μόνος
2262 3740 2394 3803 ῐδιος
2414 3739 2508 3792 τοῦ
2535 3740 2770 3808 Πατρός.
2799 3739 2922 3791 Ὀτι
2951 3738 3007 3791 δὲ
3034 3738 3192 3790 πάλιν
3215 3739 3297 3802 16,
3327 3736 3519 3799 ἐδόθη,
3540 3738 3616 3783 xal

361 3838 486 3876 eum
520 3826 701 3879 omnia
734 3826 850 3896 ipse
882 3828 1133 3897 accipiat,
1174 3829 1315 3883 alius
1346 3831 1533 3900 utique
1565 3839 1649 3885 est
1669 3831 1736 3885 ab
1758 3831 1936 3884 omni-

362 3913 497 3981 bus,
546 3916 804 3987 solusque
852 3927 935 3974 est
980 3920 1232 3988 proprius
1264 3918 1462 3975 Patris.
1499 3920 1651 3988 Quod
1692 3938 1820 3977 vero
1850 3924 1934 3979 his

359 4007 539 4060 verbis
554 4008 681 4061 data
709 4017 892 4075 est,et,
912 4011 1113 4063 tradita
1146 4020 1287 4073 sunt,
1319 4026 1424 4064 non
1455 4012 1791 4081 signiﬁcetur
1808 4028 1935 4068 eum

361 4098 446 4152 his
464 4098 771 4166 aliquando
793 4100 1055 4166 caruisse,
1081 4116 1145 4154 ex
1170 4102 1332 4155 simili
1350 4102 1473 4155 loco
1491 4104 1801 4173 perspicere.
1826 4120 1934 4161 caa-

356 4201 580 4261 teraque
615 4193 739 4246 inde
770 4192 895 4246 licet
926 4192 1248 4261 imelligere.
1473 4196 1565 4249 Ait
1591 4212 1783 4266 nempe
1813 4197 1934 4252 Sal-

354 4296 509 4340 vator
532 4287 684 4356 ipse:
714 4285 865 4341 Sicut
895 4286 1053 4341 Pater
1076 4288 1227 4342 habet
1254 4290 1414 4343 vitam
1440 4290 1493 4343 in
1519 4294 1793 4361 semetipso
1813 4333 1827 4356 ,
1856 4294 1934 4347 sic

352 4378 499 4433 dedit
533 4387 583 4432 et
607 4377 751 4433 Filio
782 4381 943 4432 vitam
972 4379 1157 4434 habere
1182 4382 1241 4434 in
1280 4382 1613 4451 semetipso’.
1638 4381 1770 4436 Nam
1806 4400 1929 4437 cum

352 4470 503 4531 dicit,
531 4470 695 4535 dedit,
730 4486 788 4526 se
821 4486 927 4526 non
963 4486 1084 4527 esse
1108 4470 1322 4527 Patrem
1349 4473 1587 4529 declarat
1623 4494 1636 4531 :
1666 4477 1930 4545 particula

352 4570 555 4623 autem,
594 4564 701 4627 sic,
727 4563 918 4626 utitur,
946 4572 1005 4618 ut
1033 4565 1334 4619 naturalem
1357 4564 1485 4620 Filii
1518 4583 1641 4621 cum
1670 4567 1832 4623 Patre
1853 4570 1930 4623 si-

344 4654 706 4709 militudinem
741 4664 793 4709 et
814 4655 1197 4726 proprietatem
1224 4656 1511 4727 significet.
1553 4657 1609 4712 Si
1642 4658 1805 4728 igitur
1830 4659 1930 4714 fuit

2058 4653 2129 4706 ότι
2158 4654 2251 4707 καὶ
2272 4654 2300 4705 6
2326 4653 2453 4717 Υἱὸς
2482 4648 2547 4724 ἦν
2576 4655 2664 4706 ὅτε
2692 4654 2793 4706 οὐκ
2820 4650 2983 4723 εἶχεν.
3032 4655 3116 4717 Ὠς

348 4745 637 4814 aliquando
669 4762 793 4801 cum
822 4746 988 4802 ’Pater
1032 4762 1139 4801 non
1189 4748 1414 4803 haberet
1453 4764 1515 4805 ea
1567 4766 1689 4820 quae
1720 4752 1924 4808 habet:

347 4837 552 4892 nullum
588 4839 811 4892 dubium
841 4848 923 4893 est
960 4840 1090 4908 quin
1131 4840 1293 4893 etiam
1324 4840 1484 4895 fuerit
1517 4843 1809 4913 aliquando
1841 4842 1929 4898 Fi-

346 4928 471 4995 lius,
502 4943 625 4984 cum
657 4929 742 4983 illa
780 4944 885 4982 non
919 4930 1159 4985 haberet.
1194 4930 1327 4984 Nam
1368 4944 1425 4986 ut
1462 4930 1619 4986 Pater
1650 4933 1832 4999 habet,
1855 4933 1927 4987 ita

346 5019 612 5077 etFilius.
639 5018 840 5074 Verum
870 5024 913 5075 si
938 5022 997 5075 id
1027 5023 1256 5094 impium
1284 5025 1431 5079 dictu
1458 5033 1559 5088 est,
1590 5040 1625 5080 e
1651 5025 1926 5080 contrario

345 5120 526 5164 autem
559 5111 706 5180 pium
731 5122 812 5165 est
838 5112 1124 5179 allirmare,
1154 5130 1369 5184 semper
1392 5112 1614 5170 Patrem
1642 5116 1921 5182 habuisse,

344 5219 412 5255 an
455 5218 561 5256 non
602 5202 998 5273 perabsurdum
1035 5213 1138 5267 est,
1167 5204 1305 5261 Filio
1347 5216 1693 5275 asseverante
1734 5221 1927 5275 quem-

343 5294 635 5349 admodum
678 5293 843 5350 Pater
884 5295 1046 5350 habet
1087 5296 1160 5351 ita
1196 5306 1248 5352 et
1295 5296 1493 5362 Filium
1539 5298 1759 5363 habere,
1802 5298 1925 5352 illos

343 5388 700 5442 nihilominus
726 5388 1053 5444 contendere
1090 5405 1199 5443 non
1246 5389 1320 5443 ita
1360 5390 1455 5444 sed
1489 5390 1655 5444 aliter
1680 5387 1923 5442 habere?

312 5474 538 5552 'Utique
577 5478 817 5534 Verbum
858 5480 1031 5550 magis
1062 5479 1167 5533 fide
1199 5480 1423 5551 dignum
1451 5487 1555 5543 est,
1585 5479 1924 5548 proindeque

341 5575 525 5629 omnia
555 5590 677 5644 quae
709 5589 767 5630 se
791 5590 825 5628 a
848 5573 1007 5628 Patre
1026 5573 1307 5643 accepisse
1328 5580 1581 5638 testatur,
1614 5587 1676 5626 ea
1706 5586 1923 5640 semper

2054 3828 2351 3897 παρεδόθη
2377 3866 2393 3892 .
2422 3865 2443 3885 ι,
2559 3826 2621 3880 οὐ
2655 3826 2716 3879 τό
2744 3842 2872 3879 ποτε
2903 3825 2977 3896 μὴ
3010 3826 3155 3895 ἔχειν
3185 3825 3352 3877 αὐτὸν
3382 3823 3613 3884 δείκνυσι,

2049 3917 2274 3971 δυνατὸν
2293 3918 2356 3969 ὲκ
2388 3915 2481 3969 τοῦ
2504 3916 2690 3987 ὁμοίου
2726 3916 2890 3988 ῥητοῦ
2925 3917 3018 3969 καὶ
3074 3915 3202 3988 περὶ
3262 3916 3475 3969 πάντων
3508 3931 3613 3967 συν-

2056 4007 2181 4062 ιδεῖν
2218 4007 2278 4061 16
2304 4006 2561 4061 τοιοῦτον.
2597 4008 2734 4078 Φησὶ
2762 4008 2871 4078 γὰρ
2914 4006 3077 4072 αὐτὸς
3117 4009 3145 4060 6
3172 4008 3386 4079 Σωτήρ·
3417 4007 3615 4072 ’Ὠσπερ

2051 4101 2085 4153 ό
2113 4098 2317 4167 Πατὴρ
2366 4098 2519 4165 ζωὴν
2537 4100 2661 4167 ἔχει
2685 4100 2755 4153 ἐν
2784 4100 2996 4165 ἐαυτῷ,
3028 4100 3217 4165 οὕτως
3270 4100 3371 4154 καὶ
3426 4098 3502 4165 τῷ
3524 4096 3614 4161 Υὶῷ

2049 4189 2269 4244 δέδωκε
2297 4188 2448 4258 ζωὴν
2474 4193 2639 4258 ἔχειν
2663 4192 2733 4245 ἐν
2750 4192 2964 4257 ἐαυτῷ.
3151 4194 3246 4245 Ἐκ
3278 4194 3377 4263 μὲν
3409 4192 3511 4263 γὰρ
3536 4188 3612 4242 τοῦ

2050 4282 2250 4351 λέγειν,
2275 4282 2513 4345 δέδωκε,
2551 4283 2806 4354 σημαίνει
2861 4284 3051 4337 ἑαυτὸν
3088 4285 3164 4356 μὴ
3203 4280 3346 4339 εἶναι
3387 4285 3474 4337 τὸν
3521 4285 3614 4335 Ila-

2047 4374 2200 4445 τέρα·
2237 4375 2294 4427 ὲν
2323 4374 2378 4427 δὲ
2416 4373 2493 4445 τῷ
2518 4374 2718 4441 λέγειν,
2753 4374 2960 4439 οὕτως,
2986 4368 3227 4429 δείκνὺσι
3262 4376 3362 4448 τὴν
3390 4376 3516 4447 πρὸς
3537 4374 3612 4425 16v

2048 4466 2272 4538 Πατέρα
2324 4466 2418 4519 τοῦ
2450 4467 2583 4520 Υἱοῦ
2636 4467 2869 4538 φυσικὴν
2911 4470 3200 4539 ὁμοιότητα
3250 4472 3345 4523 καὶ
3381 4470 3607 4539 ἰδιότητα.

2047 4560 2111 4613 El
2138 4560 2237 4631 μὲν
2262 4556 2353 4615 οὖν
2384 4557 2459 4632 ἦν¹
2482 4578 2611 4615 ποτε
2669 4562 2756 4613 ὅτε
2792 4563 2891 4614 οὐκ
2925 4558 3070 4632 εἶχεν
3126 4564 3153 4614 6
3187 4562 3400 4634 Πατὴρ,
3453 4561 3608 4631 δῆλον,

3314 4655 3423 4726 γὰρ
3462 4657 3488 4708 ὁ
3512 4656 3609 4706 Πα-

2046 4746 2169 4817 τὴρ,
2204 4745 2377 4809 οὕτως
2406 4746 2500 4799 καὶ
2525 4748 2552 4799 6
2583 4745 2710 4808 Υἱὸς
2736 4746 2867 4815 ἔχει.
2905 4747 2968 4798 Εἰ
3012 4746 3067 4799 δὲ
3114 4744 3309 4811 ἀσέϐὲς
3345 4747 3443 4818 μὲν
3474 4744 3610 4799 τοῦτο

2045 4834 2245 4903 λέγειν,
2283 4836 2505 4901 εὐσεϐὲς
2532 4838 2588 4890 δὲ
2622 4836 2821 4907 μᾶλλόν
2837 4839 2981 4891 ἐστιν
3010 4840 3206 4899 εἰπεῖν,
3243 4839 3326 4892 ὅτι
3354 4839 3439 4892 ἀεὶ
3460 4836 3560 4907 ἔχει
3587 4834 3610 4885 6

2045 4924 2258 4995 Πατήρ’
2314 4925 2430 4989 πῶς
2474 4926 2575 4979 οὐκ
2616 4925 2819 4980 ἄτοπον
2870 4926 2964 4980 106
3002 4927 3132 4980 Υἱοῦ
3194 4927 3465 4996 λέγοντος,
3519 4926 3606 4983 ὅτι.

2044 5013 2121 5079 ὡς
2143 5016 2171 5068 6
2194 5016 2384 5089 Πατὴρ
2404 5016 2537 5088 ἔχει,
2568 5017 2740 5089 οὕτως
2764 5019 2855 5072 καὶ
2884 5020 2912 5072 6
2942 5020 3069 5083 Υἱὸς
3109 5020 3244 5091 ἔχει,
3292 5019 3510 5081 τούτους
3537 5015 3611 5068 λέ-

2042 5125 2160 5177 γειν
2189 5110 2263 5181 μὴ
2292 5109 2465 5174 οὕτως
2489 5110 2655 5181 ἔχειν,
2691 5112 2807 5164 ἀλλ’
2836 5112 3008 5176 ἄλλως
3065 5113 3243 5183 ἔχεινς
3293 5112 3505 5167 Μᾶλλον
3532 5102 3609 5162 οὖν

2037 5200 2074 5253 6
2094 5200 2263 5269 Λόγος
2288 5201 2480 5263 πιστός
2505 5202 2641 5266 ἐστι,
2673 5203 2767 5255 καὶ
2793 5203 2992 5270 πάντα,
3045 5203 3081 5257 ἃ
3114 5203 3265 5270 λέγει
3326 5200 3606 5274 εἰληφέναι,

2043 5290 2133 5346 ἀεὶ
2167 5292 2322 5363 ἔχων,
2348 5294 2487 5348 αὐτὰ
2514 5294 2629 5366 ἔχει
2848 5296 3000 5367 παρὰ
3041 5294 3135 5348 106
3192 5296 3428 5368 Πατρός·
3477 5291 3608 5347 καὶὸ

2048 5383 2148 5455 μὲν
2174 5385 2363 5457 Πατὴρ
2394 5386 2453 5439 οὐ
2484 5388 2634 5458 παρά
2676 5405 2841 5452 τινος,
2870 5390 2898 5441 6
2946 5387 3001 5442 δὲ
3028 5388 3157 5451 Υἱὸς
3186 5386 3341 5459 παρὰ
3375 5384 3467 5439 106
3510 5384 3608 5438 lla-

2041 5478 2171 5550 196;
2193 5479 2326 5549 ἔχει.
2370 5479 2457 5544 Ὠς
2507 5464 2617 5552 γὰρ
2644 5482 2739 5534 zcal.
2789 5481 2881 5534 ἐπὶ
2941 5481 3033 5535 τοῦ
3094 5482 3537 5551 ἀπαυγάσματος,
3568 5474 3609 5527 εἶ

2044 5569 2174 5623 αὐτὸ
2196 5569 2258 5633 τὸ
2283 5570 2625 5642 ἀπαύγασμα
2679 5571 2848 5642 λέγοι·
2884 5575 3071 5629 Πάντα
3116 5576 3280 5630 τόπον
3307 5570 3501 5626 δέδωκέ
3534 5584 3607 5639 μοι

415 5710 429 5741 ¹
463 5706 626 5763 Josn.
656 5702 839 5766 111,35.
916 5702 939 5755 ἓ
969 5699 1160 5754 Matth.
1193 5697 1413 5770 31,37.
1465 5693 1670 5770 f10an.
1704 5696 1868 5770 v,_50.
1944 5697 2144 5755 ‘Joan.
2170 5714 2276 5767 ni,
2313 5698 2400 5756 l5.
2476 5701 2497 5733 '
2525 5698 2683 5755 Joan.
2718 5714 2852 5767 xvu,
2883 5699 2970 5754 10.
3048 5699 3068 5731 ⁶
3097 5700 3287 5759 Matth.
3326 5698 3605 5770 xxvul,l8.

344 5781 365 5813 '
390 5778 555 5836 Joau.
593 5792 648 5844 ι,
680 5765 769 5829 18.
846 5773 868 5807 ⁸
898 5773 1096 5828 Matth.
1129 5785 1204 5837 ιι,
1232 5768 1323 5823 27.
1400 5769 1420 5802 ⁹
1457 5765 1617 5823 Joau.
1654 5784 1705 5823 ν.
1739 5767 1827 5823 26.
