3770 6580
286 5828 287 5831 “
391 5824 445 5878 8.
515 5823 534 5854 ⁷
565 5822 721 5876 Joau.
758 5833 885 5881 xvu,
914 5815 972 5869 ὕ.
1050 5816 1071 5846 ⁸
1105 5818 1290 5871 Matth.
1322 5833 1396 5882 iv,
1438 5818 1523 5873 10.

375 452 484 514 435

1606 440 1985 501 ΕΗἹἩΥΜΙΙ
2031 440 2392 500 ΖΙΟΑΒΕἪ

3440 474 3445 481 ’
3488 461 3571 531 ιιι

374 564 616 618 divinam
647 558 899 615 reddidit.
926 558 1059 613 Nam
1080 554 1545 629 quemadmodum
1565 554 1619 609 in
1650 554 1764 625 ipsa
1792 554 1863 607 int

2085 555 2262 626 iapxa.
2284 557 2393 609 Kal
2420 555 2525 628 γὰρ
2552 555 2742 625 ὥσπερ
2770 555 2826 607 ἐν
2854 553 2991 625 αὐτῇ
3017 524 3484 633 ὲπυνθάνετο,οὖτω
3501 524 3574 635 uel

375 657 624 728 rogabat,
678 654 751 709 ita
818 654 871 706 in
905 652 1096 708 eadem
1128 659 1404 706 mortuum
1456 649 1738 711 excitavit,
1772 648 1953 702 omni-

374 754 586 820 basque
618 756 810 819 aperte
842 746 1105 802 indicavit
1141 760 1266 799 eum
1301 744 1393 815 qui
1446 742 1678 797 mortuis
1715 740 1878 795 vitam
1905 749 1958 795 et

368 844 610 903 animam
640 838 899 902 restituit,
954 838 1127 893 multo
1186 836 1358 906 magis
1386 852 1469 890 res
1492 848 1685 890 omnes
1714 832 1958 887 occultas

372 937 577 1008 optime
616 949 800 988 nosse.
840 930 1060 987 Sciebat
1111 930 1275 1001 igitur
1314 929 1404 985 ubi
1428 929 1643 999 jaceret
1692 928 1956 991 Lazarus,

373 1032 466 1084 sed
498 1039 677 1083 tamen
714 1025 1026 1080 sciscitatus
1057 1032 1164 1079 est.
1199 1023 1254 1078 ld
1285 1030 1470 1077 autem
1515 1020 1646 1076 fecit
1676 1017 1959 1073 sanctissi-

374 1137 522 1176 mum
565 1120 659 1176 Dei
692 1118 952 1183 Verbum,
984 1118 1129 1189 quod
1163 1115 1348 1173 omnia
1379 1114 1553 1171 nostri
1593 1128 1757 1169 causa
1788 1111 1957 1166 susti-

379 1216 525 1280 nuit,
554 1229 679 1268 cum
715 1221 774 1267 ut
804 1212 907 1268 hoc
941 1211 1104 1267 modo
1144 1220 1387 1265 nostram
1426 1206 1793 1280 ignorantiam
1826 1219 1956 1276 por-

382 1318 527 1373 tans,
562 1306 723 1361 nobis
748 1305 922 1361 solius
950 1303 1063 1358 veri
1098 1303 1181 1357 Sui
1221 1302 1399 1356 Patris
1448 1300 1822 1372 cognitionem
1856 1297 1960 1351 im-

374 1400 623 1470 pertiret,
656 1408 769 1455 tum
806 1406 978 1452 utnos
1007 1396 1228 1451 doceret
1253 1395 1491 1465 seipsum
1520 1401 1743 1464 propter
1768 1406 1870 1447 nos
1891 1390 1961 1445 ad

372 1496 619 1547 omnium
670 1491 900 1547 salutem
953 1488 1180 1543 missum
1239 1502 1385 1549 esse,
1435 1500 1539 1555 qua
1588 1484 1760 1552 gratia
1811 1481 1961 1537 nulla

372 1596 525 1642 certe
553 1585 726 1656 major
752 1584 923 1655 possit
954 1597 1097 1636 esse.
1133 1583 1201 1635 At
1232 1580 1276 1633 si
1318 1578 1555 1632 Verbum
1591 1576 1739 1633 venit
1774 1585 1827 1630 ut
1865 1575 1960 1630 lio-

372 1679 584 1733 minum
639 1690 814 1749 genus
864 1673 1158 1729 redimeret
1188 1680 1351 1741 atque
1404 1676 1462 1723 ut
1489 1678 1712 1724 sanctos
1748 1667 1871 1721 illos
1906 1675 1962 1721 et

373 1771 589 1827 divinos
628 1768 889 1825 redderet
915 1781 1042 1821 caro
1078 1764 1283 1819 factum
1319 1774 1425 1829 est,
1462 1761 1550 1817 cui
1584 1759 1825 1816 nondum
1868 1775 1963 1814 ex-

373 1864 643 1936 ploratum
680 1870 768 1917 est
822 1875 886 1915 ea
918 1874 1039 1926 qua:
1067 1873 1191 1911 cum
1226 1871 1354 1911 caro
1384 1857 1584 1912 factum
1632 1864 1734 1918 est,
1770 1869 1831 1910 se
1868 1868 1959 1908 ac-

322 1966 327 1969 '
373 1957 587 2028 cepisse
618 1962 872 2019 testatur,
912 1967 1023 2006 non
1077 1958 1303 2021 propter
1350 1949 1624 2020 seipsum,
1660 1947 1759 2002 sed
1826 1962 1957 2017 pro-

382 2058 510 2120 pter
561 2063 784 2106 carnem
841 2062 900 2103 se
951 2047 1230 2116 accepisse
1284 2042 1629 2115 signiﬁcare?
1681 2040 1963 2111 Siquidem

376 2142 563 2213 gratia:
585 2157 684 2212 per
713 2140 891 2212 ipsum
923 2156 954 2195 a
985 2140 1147 2194 Patre
1177 2138 1315 2193 dat-.e
1333 2136 1401 2193 ad
1436 2137 1579 2191 illam
1613 2134 1966 2207 pertinebant

378 2249 626 2301 carnem,
667 2233 722 2287 in
753 2248 861 2303 qua
896 2232 988 2287 ille
1034 2233 1149 2302 ipse
1180 2239 1302 2286 erat
1333 2232 1427 2299 qui
1464 2230 1567 2285 ista
1619 2228 1960 2299 loquebatur.

382 2325 677 2383 Videamus
712 2334 896 2381 autem
935 2340 1189 2397 quaenam
1233 2324 1478 2394 petebat,
1512 2330 1709 2393 etquae
1742 2323 1964 2377 tandem

380 2416 471 2472 illa
546 2426 677 2472 sunt
760 2431 884 2490 quae
938 2429 999 2472 se
1072 2414 1354 2485 accepisse
1430 2412 1588 2478 dixit,
1661 2422 1719 2468 ut
1772 2413 1964 2468 saltem

379 2509 455 2564 ita
485 2506 560 2563 illi
592 2506 936 2563 erubescant.
957 2505 1196 2560 Gloriam
1223 2505 1389 2576 igitur
1410 2504 1633 2576 petebat
1660 2504 1676 2534 ⁸
1705 2542 1722 2569 ,
1755 2503 1964 2559 aiebat-

380 2617 506 2674 que,
533 2600 725 2657 Omnia
757 2601 883 2654 mihi
907 2600 1107 2654 tradita
1132 2599 1293 2653 sunt’
1323 2616 1338 2653 :
1388 2607 1512 2669 post
1541 2612 1694 2652 suam
1728 2597 1855 2652 item
1878 2612 1964 2651 rec

380 2694 785 2753 surreetionem
815 2707 876 2749 se
902 2706 1121 2748 omnem
1147 2692 1431 2762 accepisse
1466 2698 1793 2761 potestatem
1817 2688 1965 2743 afﬁr-

380 2799 495 2844 mat
513 2787 555 2841 ⁸.
598 2786 1072 2857 Atquiantequam
1088 2784 1228 2840 dixit
1248 2784 1457 2840 :Omnia
1474 2784 1599 2838 mihi
1614 2782 1811 2837 tradita
1822 2792 1967 2849 sunt,

382 2880 628 2935 omnium
652 2887 769 2934 erat
792 2876 1078 2933 Dominus:
1099 2876 1303 2947 quippe
1323 2891 1447 2931 cum
1470 2875 1651 2930 omnia
1674 2890 1773 2944 per
1789 2874 1969 2945 ipsum

381 2974 527 3031 facta
591 2973 699 3027 sint
726 2968 771 3035 ⁸.
810 2980 868 3027 et
922 2985 1065 3026 unus
1123 2976 1273 3025 esset
1327 2968 1615 3032 Dominus,
1675 2982 1775 3036 per
1802 2982 1970 3038 quem

383 3066 566 3121 omnia
602 3066 645 3120 ⁸.
706 3063 972 3125 Similiter
1002 3079 1129 3119 cum
1168 3062 1395 3135 gloriam
1430 3061 1757 3132 postularet,
1785 3060 1973 3116 Domi-

385 3173 493 3215 nus
523 3156 717 3228 utique
746 3156 934 3230 gloria:
968 3166 1023 3212 et
1054 3162 1174 3210 erat
1200 3163 1259 3210 et
1294 3162 1402 3218 est,
1435 3154 1511 3209 uti
1561 3152 1766 3208 Paulus
1802 3162 1971 3210 testa-

2064 652 2121 703 ἐν
2137 648 2276 719 αὐτῇ
2302 648 2392 703 τὸν
2413 648 2603 721 νεκρὸν
2626 650 2813 719 ἤγειρε
2835 662 2847 676 ·
2879 647 2973 700 καὶ
2995 649 3156 703 πᾶσιν
3174 653 3360 721 ἔδειξεν
3383 663 3455 719 ὅτι
3472 670 3494 719 ὁ
3511 688 3577 724 νε.

2062 740 2227 809 χρὼς
2247 738 2527 803 ζωοποιῶν
2546 740 2638 790 καὶ
2658 737 2757 807 τὴν
2780 736 2957 808 ψυχὴν
2979 738 3413 815 ἀνακαλούμενος,
3435 757 3581 831 πιλλῷ

2064 830 2267 902 μᾶλλον
2286 830 2353 884 τὰ
2384 831 2604 902 κρυπτὰ
2627 831 2847 885 πάντων
2880 832 3227 898 ἐπιγινώσκει
3257 842 3343 893 καὶ
3363 830 3582 912 ἐγίνωσκε

2064 926 2167 981 ποῦ
2190 928 2368 980 κεῖται
2390 924 2640 996 Λάζαρος
2659 942 2673 955 ο
2693 924 2806 977 ἀλλ’
2826 926 3149 980 ἐπυνθάνετο
3164 944 3178 958 ⁸
3208 932 3370 987 sacis:
3400 939 3492 1011 γὰρ
3509 947 3585 998 καὶ

2064 1020 2267 1072 τοῦτοὸ
2289 1020 2553 1086 πανάγιος
2588 1017 2683 1072 τοῦ
2712 1017 2849 1071 Θεοῦ
2881 1018 3075 1085 Λόγος,
3112 1022 3324 1079 ὁπάντα
3366 1029 3425 1082 δι’
3464 1035 3582 1103 ημᾶς

2066 1110 2389 1181 ὑπομείνας,
2425 1111 2509 1164 ἵνα
2535 1112 2627 1163 καὶ
2644 1108 2786 1163 οὕτω
2804 1110 2905 1181 τὴν
2923 1112 3143 1178 ἄγνοιαν
3166 1115 3315 1184 ἡμῶν
3335 1118 3583 1192 βιστάξας,

2063 1204 2362 1276 χαρίσηται
2418 1202 2707 1272 γινώσκειν
2758 1205 2850 1257 τὸν
2923 1203 3081 1274 μόνον
3136 1207 3323 1260 ἑαυτοῦ
3375 1212 3586 1284 ἀληθινὸν

2064 1297 2286 1369 Πατέρα
2316 1299 2410 1351 καὶ
2440 1297 2631 1351 ἑαυτὸν
2663 1297 2752 1350 τὸν
2784 1296 2852 1351 δι’
2885 1298 3033 1367 ἡμᾶς
3069 1299 3163 1351 ἐπὶ
3217 1307 3444 1376 σωτηρίᾳ
3484 1314 3588 1363 πάν.

2061 1408 2172 1447 των
2201 1390 2596 1453 ἀποσταλέντα,
2632 1384 2700 1461 ἦς
2735 1390 2936 1461 μείζων
2971 1394 3070 1444 οὐκ
3098 1390 3166 1445 ἂν
3200 1393 3395 1462 γένοιτο
3436 1403 3583 1472 χάρις,

2064 1487 2217 1552 Εἰδὲ,
2238 1487 2326 1541 ἵνα
2349 1485 2598 1557 λυτρωθῇ
2626 1486 2684 1538 τὸ
2711 1485 2864 1553 γένος
2888 1486 2948 1537 τὸ
2974 1484 3332 1556 ἀνθρώπινον,
3355 1492 3586 1566 ἐπεδήμη-

2064 1598 2155 1635 σεν
2183 1581 2210 1633 ὁ
2238 1581 2411 1648 Λόγος
2432 1618 2447 1645 ,
2478 1579 2572 1633 καὶ
2608 1578 2696 1635 ἴνα
2728 1578 2923 1640 αὐτοὺς
2980 1578 3186 1653 ἁγιάσῃ
3229 1583 3317 1634 καὶ
3345 1584 3591 1661 θεοποιήση

2065 1674 2288 1743 γέγονεν
2315 1674 2343 1727 ό
2370 1670 2543 1740 Λόγος
2572 1670 2731 1741 σὰρξ.
2760 1670 2868 1724 τίνι
2896 1669 3088 1723 λοιπὸν
3113 1670 3213 1723 οὑκ
3241 1672 3351 1726 ἔστι
3377 1678 3590 1747 φανερὸν,

2063 1768 2145 1822 ὅτι
2179 1766 2353 1820 ταὶτα
2393 1766 2539 1835 amp
2576 1763 2861 1834 εἰληφέναι
2900 1762 3080 1831 λέγει,
3116 1763 3203 1816 ὅτε
3240 1765 3416 1833 γέγονε
3455 1769 3590 1839 σὰρξ,

2064 1863 2124 1915 οὑ
2160 1860 2225 1915 δι’
2248 1860 2461 1926 ἑαυτὸν,
2494 1860 2633 1913 ἀλλὰ
2663 1858 2755 1912 διὰ
2785 1858 2884 1926 τὴν
2921 1858 3104 1926 σάρκα
3134 1856 3312 1925 λέγεις
3347 1861 3427 1913 Ἐν
3508 1868 3593 1933 γὰρ

2063 1952 2154 2028 ἦν,
2195 1955 2392 2026 λέγων,
2432 1955 2640 2025 ταύτης
2679 1949 2748 2024 ἦν
2787 1954 2886 2006 καὶ
2929 1952 2997 2005 τὰ
3039 1951 3286 2021 διδόμενα
3327 1954 3592 2023 χαρίσματα

2063 2050 2133 2105 δι’
2159 2048 2327 2104 αὐτοῦ
2370 2048 2525 2118 παρὰ
2560 2046 2653 2101 τοῦ
2698 2045 2929 2116 Πατρός.
2970 2043 3109 2099 Τίνα
3148 2044 3202 2096 δὲ
3238 2040 3303 2114 ἦν
3336 2044 3369 2100 ἃ
3407 2048 3593 2116 ἡγεῖτο,

2065 2144 2291 2215 ίδωμεν,
2328 2144 2422 2198 καὶ
2461 2141 2585 2196 τίνα
2626 2136 2693 2212 ἦν
2732 2141 2869 2203 ὅλως
2910 2129 3178 2207 ἃ.’ἒλεγεν
3216 2139 3491 2209 είληφέναι.
3526 2141 3593 2193 ίνα

2065 2239 2173 2291 κᾶν
2216 2236 2391 2298 οὕτως
2441 2234 2802 2291 αἰσθάνεσθαι
2849 2230 3157 2301 δυνηθῶσιν
3206 2233 3413 2286 ἐκεῖνοι.
3454 2231 3591 2297 Δόξιν

2062 2328 2247 2383 τοίνυν
2275 2329 2479 2399 ἡγεῖτο,
2510 2328 2602 2380 καὶ
2632 2324 2808 2395 ἐλεγεο
2841 2322 3047 2379 Πάντα
3072 2339 3175 2393 μοι
3202 2321 3495 2389 παρεδόθη.
3521 2324 3591 2374 καὶ

2070 2421 2212 2492 μετὰ
2245 2420 2342 2493 τὴν
2376 2420 2678 2473 ἀνάστασιν
2712 2416 2965 2482 ἐξουσίαν
3002 2416 3190 2470 πᾶσάν
3223 2430 3382 2483 φησιν
3415 2412 3591 2481 εἰληφέ-

2067 2530 2177 2567 ναι.
2216 2511 2384 2565 ’Λλλά
2427 2512 2524 2565 xal
2566 2512 2697 2581 πρὶν
2739 2510 2891 2580 εἴπῃ,
2937 2507 3145 2562 Πάντα
3179 2523 3277 2575 μοι
3315 2504 3589 2573 παρεδόθη.

2069 2604 2291 2658 πάντων
2314 2598 2383 2672 ἦν
2409 2602 2633 2674 Κύριος.
2664 2601 2847 2655 Πάντα
2873 2599 2983 2670 γὰρ
2998 2597 3068 2653 δι’
3095 2597 3259 2651 αὑτοῦ
3289 2597 3497 2664 ἐγένετο,
3520 2597 3592 2648 iul

2067 2691 2149 2759 εἷς
2181 2695 2386 2766 Κύριος
2417 2690 2485 2766 ἢν
2512 2694 2579 2750 δι’
2602 2690 2663 2750 οὗ
2689 2692 2763 2749 τὰ
2785 2694 2987 2746 πάντα.
3019 2692 3131 2745 Kal
3159 2691 3314 2757 δόξαν
3349 2690 3437 2758 μὲν
3462 2684 3592 2756 εἶχεν,

2066 2784 2134 2861 ἧς
2162 2789 2365 2859 Κύριος
2390 2783 2457 2859 ἦν
2503 2789 2598 2841 καὶ
2627 2787 2795 2850 εστιν,
2822 2787 2898 2850 ὡς
2927 2788 2955 2840 ό
2988 2784 3201 2845 Παῦλός
3231 2798 3388 2852 φησιν
3412 2781 3491 2834 Ἐἰ
3513 2779 3594 2847 γὰρ

2069 2882 2368 2951 ἐγνωσαν,
2394 2881 2506 2935 οὐκ
2519 2880 2597 2933 ἂν
2626 2879 2733 2933 τὸν
2747 2879 2967 2947 Κύριον
2992 2877 3105 2944 τῆς
3138 2875 3320 2941 δόξης
3346 2873 3596 2939 ἐσταύρω-

2068 2989 2213 3029 σαν.
2232 2968 2559 3043 Εῐχεγὰρῆν
2575 2973 2761 3043 ἡγεῖτο
2782 2971 2959 3039 λέγων
2980 2987 2994 3001 ·
3018 2968 3099 3039 Τῇ
3118 2961 3311 3038 δόξῃῇ
3325 2961 3494 3033 εἶχον,
3509 2962 3594 3029 πρὸ

2068 3065 2179 3121 τοῦ
2208 3068 2317 3120 τὸν
2344 3067 2579 3136 κόσμον
2594 3063 2771 3129 εἶναι,
2802 3065 2961 3133 παρὰ
2975 3064 3101 3118 σοί.
3132 3064 3245 3115 Καὶ
3276 3060 3369 3131 τὴν
3396 3059 3597 3123 ἐξουσίαν

2067 3160 2150 3227 δὲ,
2182 3159 2253 3233 ἢν
2284 3158 2440 3229 ελεγε
2476 3158 2616 3230 μετὰ
2645 3157 2746 3229 τὴν
2777 3157 3082 3212 ἀνάστασιν
3114 3153 3405 3225 εἰληφέναι,
3433 3153 3595 3220 ταύτην

384 3261 475 3305 tur
508 3267 523 3305 :
550 3248 611 3306 Si
640 3250 781 3303 enim
803 3249 1186 3321 cognouissent.
1233 3263 1504 3319 nunquam
1537 3245 1825 3303 Dominum
1850 3264 1873 3318 g

2105 3253 2187 3328 ίχε
2220 3254 2318 3310 καὶ
2353 3253 2461 3326 πρὸ
2492 3252 2588 3307 τοῦ
2620 3252 2837 3317 λαϐεῖν,
2875 3255 2971 3307 καὶ
3005 3250 3115 3322 πρὸ
3148 3251 3241 3319 τῆς
3273 3248 3594 3309 ἀναστάσεως.

384 3343 948 3413 riwcruciﬁxisseiit'.
1021 3342 1267 3399 Habebat
1310 3340 1585 3412 siquidem
1643 3356 1810 3412 quam
1867 3341 1972 3399 hu-

382 3436 627 3503 iusmodi
659 3437 923 3507 poscebat
954 3436 1167 3493 verbis:
1197 3434 1383 3490 Gloria
1414 3450 1576 3505 quam
1590 3435 1771 3498 liabui,
1795 3435 1972 3504 priuso

386 3545 546 3603 quam
574 3530 800 3587 mundus
830 3541 986 3593 esset,
1016 3530 1161 3599 apud
1183 3537 1232 3584 ιε
1265 3529 1311 3583 ⁷.
1370 3526 1707 3584 Potestatem
1742 3529 1969 3596 pariter,

387 3638 555 3691 quam
607 3634 731 3693 post
774 3622 1241 3679 resurrectionem
1273 3621 1554 3691 accepisse
1582 3621 1737 3686 dicit,
1779 3619 1975 3678 habuit

388 3717 559 3775 etiam
612 3718 935 3787 priusquam
988 3730 1109 3771 eam
1160 3714 1455 3787 acciperet.
1511 3729 1777 3785 suamque
1843 3724 1973 3772 ante

392 3812 871 3867 resurrectionem.
899 3810 1115 3865 Etenim
1145 3810 1261 3880 ipse
1288 3824 1387 3879 per
1408 3823 1469 3865 se
1498 3808 1680 3879 ipsum
1713 3808 1971 3863 Satanam

388 3905 469 3959 sic
497 3903 853 3972 increpabat:
884 3902 1077 3957 Recede
1105 3920 1138 3957 a
1174 3920 1275 3966 me,
1307 3903 1518 3957 Satana
1552 3902 1613 3967 ⁸;
1660 3900 1779 3956 suis
1839 3901 1971 3957 item

387 3996 678 4067 discipulis
712 4004 1041 4066 potestatein
1072 3995 1339 4050 adversus
1384 3995 1535 4049 illum
1565 3995 1715 4049 dedit
1738 3997 1781 4061 ',
1848 4010 1973 4051 cum

389 4091 498 4146 illis
531 4089 773 4146 reversis
805 4089 921 4145 ait:
966 4086 1217 4143 Videbam
1248 4087 1515 4145 Satanam
1541 4091 1677 4142 sicut
1705 4089 1886 4161 fulgur
1908 4090 1974 4143 de

389 4186 517 4239 creto
560 4184 841 4239 cadentem
898 4182 964 4235 ³⁸.
996 4180 1198 4236 Verum
1236 4183 1436 4236 iterum
1488 4182 1799 4237 ostenditur
1840 4183 1973 4237 illud

388 4277 534 4347 quod
559 4276 840 4346 accepisse
872 4276 1024 4341 dicit,
1055 4276 1221 4330 etiam
1251 4274 1509 4330 habuisse
1536 4277 1852 4346 priusquam
1874 4292 1973 4332 aco

388 4371 622 4442 eiperet.
655 4369 941 4440 Siquidem
967 4369 1247 4423 daemones
1272 4367 1547 4441 abigebat.
1604 4379 1655 4423 et
1685 4385 1808 4440 qua:
1843 4369 1975 4441 liga-

388 4472 544 4518 verat
576 4462 827 4526 Satanas,
858 4460 976 4531 ipse
1010 4460 1279 4522 solvebat.
1319 4470 1377 4515 ut
1410 4470 1559 4531 patet
1592 4461 1646 4515 in
1678 4462 1766 4516 illa
1797 4464 1970 4517 Abra-

363 4556 477 4633 Iba:
503 4555 610 4611 lilia
638 4555 706 4609 υ.
755 4554 982 4610 Peccata
1008 4555 1151 4610 idem
1208 4555 1559 4620 condonavit,
1589 4571 1713 4609 cum
1760 4555 1971 4625 paraly-

389 4650 505 4704 tice
570 4657 629 4704 et
687 4648 911 4703 mulieri
961 4663 1084 4718 qua:
1129 4648 1304 4716 ipsius
1352 4647 1510 4701 unxit
1558 4646 1747 4717 pedes,
1791 4647 1964 4701 dixit:
1996 4625 2047 4686 D

387 4743 749 4798 Remittuntur
779 4742 871 4795 tibi
897 4750 1114 4810 peccata
1144 4739 1212 4794 ".
1244 4738 1471 4794 Mortuis
1507 4747 1773 4805 praeterea
1798 4737 1967 4793 vitam

388 4836 647 4899 reddidit,
670 4837 955 4904 visumque
975 4848 1118 4888 σεεοο
1142 4840 1270 4888 nato
1292 4831 1537 4887 restituit
1570 4850 1581 4884 :
1607 4847 1726 4900 qua:
1747 4829 1970 4900 quidem

388 4929 575 4984 omnia
597 4927 779 4984 effecit
800 4942 911 4981 non
948 4926 1287 4996 praestolatus
1312 4925 1488 4979 donec
1512 4939 1574 4977 eu
1608 4925 1804 4993 agendi
1822 4924 1970 4980 acci-

389 5029 548 5089 peret
610 5026 970 5089 potestatem,
1041 5015 1138 5071 sed
1203 5025 1261 5069 ut
1321 5014 1639 5083 huiusmodi
1699 5023 1968 5082 potestate

385 5114 496 5181 jam
534 5108 810 5179 praeditus.
867 5106 945 5163 Ex
991 5106 1190 5177 quibus
1232 5105 1536 5160 dilucidum
1599 5114 1687 5159 est
1724 5121 1847 5174 qua:
1910 5117 1971 5162 ut

391 5204 627 5257 Verbum
655 5202 869 5265 habuit,
902 5202 1092 5256 eadem
1120 5208 1177 5254 et
1204 5198 1408 5252 factum
1444 5197 1721 5252 hominem
1740 5208 1794 5252 et
1821 5210 1967 5267 post-

387 5310 549 5364 quam
610 5294 806 5349 revixit
860 5308 921 5349 se
970 5292 1250 5361 accepisse
1287 5290 1469 5344 dicere
1515 5307 1527 5342 :
1560 5304 1759 5360 nempe
1789 5302 1847 5344 ut
1880 5292 1969 5346 Ιιοο

391 5386 572 5440 mines
606 5386 661 5441 in
720 5386 885 5440 terris
918 5384 1167 5453 quidem,
1217 5392 1477 5452 tanquam
1526 5382 1725 5437 divina:
1756 5392 1967 5439 natura:

390 5476 681 5550 participes
728 5491 824 5544 per
861 5474 1037 5545 ipsum
1071 5473 1271 5538 eﬂ‘ecti,
1330 5482 1654 5544 potestatem
1702 5475 1967 5531 adversus

390 5566 669 5624 dat-mones
709 5574 1197 5635 conscqiieiontur,
1231 5564 1285 5620 in
1317 5565 1471 5620 coalis
1500 5580 1646 5630 vero,
1702 5576 1961 5634 tanquam

501 5752 517 5783 ⁸
549 5750 705 5805 Joan.
738 5763 870 5809 xvn,
902 5745 953 5797 l.
1048 5746 1068 5777 ³
1105 5744 1235 5801 Luc.
1289 5762 1344 5810 κ,
1393 5746 1483 5803 νε.

392 5896 507 5953 Luc
568 5909 661 5959 HI,
704 5890 793 5947 48.

1598 5748 1616 5779 ³
1654 5748 1846 5805 Matth.
1876 5766 2063 5816 xxviii,
2086 5748 2173 5804 l8.

1624 5823 1642 5853 ⁹
1678 5823 1806 5877 Luc.
1840 5839 1888 5885 ιι,
1942 5823 2026 5881 l9.

2072 3351 2249 3415 Αὐτὸς
2291 3350 2389 3419 μιν
2426 3348 2537 3419 γὰρ
2577 3347 2817 3419 ἐπετίμα
2856 3346 2926 3400 δι’
2957 3344 3157 3401 ἑαυτοῦ
3198 3343 3386 3413 λέγων,
3410 3342 3597 3406 Ὕπαγε

2073 3444 2269 3499 ὀπίσω
2292 3460 2433 3513 μου,
2460 3438 2719 3498 Σατανᾶ.
2750 3441 2862 3494 Kal
2886 3442 2999 3503 τοῖς
3032 3438 3302 3509 μαθηταῖς
3326 3436 3480 3488 ἐδίδου
3503 3431 3597 3485 κατ’

2070 3533 2241 3589 αὑτοῦ
2288 3534 2390 3607 τὴν
2437 3532 2715 3600 ἐξουσίαν,
2740 3533 2831 3585 ὅτε
2864 3532 2960 3586 καὶ
2991 3529 3440 3601 ὑποστρεψάντων
3459 3525 3599 3579 αὐτῶν

2071 3624 2261 3697 ελεγεν
2288 3625 2649 3694 ’Ἐθεώρουν
2676 3627 2785 3679 τόν
2815 3622 3095 3680 Σατανᾶν
3124 3624 3205 3689 ὠς
3234 3620 3525 3690 ἀστραπὴν
3546 3620 3597 3669 ἐκ

2070 3718 2181 3775 τοῦ
2211 3716 2474 3787 οὐρανοῦ
2508 3720 2797 3772 πεσόντα.
2837 3715 3003 3769 Ἀλλὰ
3038 3717 3132 3769 καὶ
3167 3715 3328 3768 πάλιν
3357 3713 3478 3781 ὅπερ
3505 3708 3596 3761 ἐλε-

2072 3828 2171 3882 γεν
2203 3810 2513 3882 εἰληφέναι,
2546 3810 2706 3864 τοῦτο
2747 3810 2841 3863 καὶ
2880 3808 2988 3878 πρὸ
3023 3807 3119 3861 τοῦ
3156 3807 3339 3860 λαϐεῖν
3368 3804 3492 3875 ἔχων
3518 3800 3600 3854 δεί-

2072 3923 2289 3962 κνυται.
2324 3903 2466 3969 Τούς
2503 3921 2563 3959 τε
2596 3904 2707 3976 γὰρ
2738 3903 3002 3971 δαίμονας
3043 3902 3343 3973 ἀπήλαυνε,
3375 3899 3459 3952 καὶ
3486 3896 3595 3964 άπερ

2071 3999 2140 4070 ἦν
2166 4000 2338 4069 δήσας
2365 4001 2394 4053 δ
2422 3999 2689 4062 Σατανᾶς,
2722 3997 3076 4063 ἑλυεναὺτδς,
3098 3998 3178 4059 ὡς
3199 3998 3287 4048 ἐπὶ
3316 3995 3407 4062 τῆς
3443 3990 3599 4059 Ἀϐρα-

2077 4094 2269 4163 μιαίας
2303 4093 2575 4165 θυγατρὸς
2608 4092 2833 4164 εποίησε
2854 4131 2869 4157 ,
2902 4092 2999 4145 καὶ
3036 4090 3313 4162 ἁμαρτίας
3342 4086 3508 4158 ἠφίει,
3534 4083 3599 4132 λί-

2074 4201 2189 4255 γων
2219 4184 2298 4254 τῷ
2339 4183 2737 4255 παραλυτικῷ,
2773 4184 2869 4237 καὶ
2901 4185 2967 4253 τῇ
3004 4184 3133 4246 τοὺς
3174 4182 3334 4243 πόδας
3376 4176 3600 4244 ἀλειψάσῃ

2074 4271 2327 4343 γυναικί·
2362 4274 2690 4344 Ἀφέωνταί
2723 4288 2823 4327 σοι
2856 4276 2915 4327 al
2948 4273 3248 4344 ἁμαρτίαι.
3283 4271 3385 4324 Kal
3415 4265 3599 4337 νεκροὺς

2078 4368 2177 4438 μὲν
2194 4368 2383 4439 ἠγειρε
2404 4406 2418 4431 ,
2452 4365 2546 4419 τοῦ
2577 4365 2780 4435 τυφλοῦ
2812 4366 2869 4419 δὲ
2900 4367 3002 4436 τὴν
3034 4366 3254 4435 γένεσιν
3284 4356 3599 4425 ἀποκαθιστᾷ,

2076 4458 2440 4530 χαριζόμενος
2473 4456 2625 4528 αὐτῷ
2655 4458 2715 4512 τὸ
2748 4456 2990 4528 βλέπειν.
3025 4458 3141 4511 Kal
3173 4457 3343 4511 ταῦτα
3377 4451 3526 4505 ἐποίει
3553 4449 3598 4498 οὐ

2079 4552 2261 4622 μένων
2293 4552 2398 4615 ἕως
2430 4550 2600 4624 λάϐῃ,
2633 4551 2751 4606 ἀλλ’
2777 4552 3139 4623 ὲξςυσιαστὴς
3171 4550 3266 4603 ὢν.
3306 4548 3391 4609 Ὠς
3424 4548 3477 4598 ὲκ
3506 4540 3602 4594 τού·

2072 4663 2184 4699 των
2207 4645 2364 4716 δῆλον
2393 4642 2554 4711 εῖναι,
2583 4646 2663 4699 ὅτι
2691 4644 2727 4700 ἃ
2756 4639 2871 4714 εἶχε
2902 4644 3077 4713 Λόγος
3109 4642 3208 4707 ὣν,
3238 4641 3401 4696 ταῦτα
3429 4638 3508 4691 καὶ
3532 4649 3602 4701 γει

2073 4739 2296 4809 νόμενος
2331 4738 2651 4809 ἄνθρωπος,
2684 4739 2777 4792 καὶ
2812 4740 2951 4809 μετά
2981 4738 3083 4809 τὴν
3114 4737 3403 4791 ἀνάστασιν
3432 4730 3603 4797 ἀνθρω·

2073 4832 2243 4896 πίνως
2273 4831 2552 4904 εἰληφέναι
2584 4832 2827 4899 λέγεται,
2865 4832 2951 4887 ἵνα
2985 4831 3054 4886 δι’
3089 4830 3253 4885 αὑτὸν
3286 4829 3331 4881 οἱ
3366 4824 3597 4892 ἄνθρωποι

2072 4926 2166 4978 ἐπὶ
2211 4924 2311 4995 μὲν
2345 4925 2443 4995 τῆς
2484 4923 2590 4995 γῆς
2627 4924 2703 4989 ὡς
2741 4927 2993 4978 κοινωνοὶ
3033 4925 3314 4993 γενόμενοι
3353 4918 3487 4977 θείας
3524 4911 3599 4980 φύ-

2073 5035 2211 5082 σεως
2241 5018 2428 5074 λοιπὸν
2457 5015 2708 5084 ἐξουσίαν
2736 5017 2902 5089 ἔχωσι
2937 5016 3079 5071 κατὰ
3106 5018 3216 5068 τῶν
3246 5013 3526 5082 δαιμόνων’
3553 5007 3595 5055 ὲν

2072 5110 2131 5163 δὲ
2158 5111 2270 5173 τιῐς
2298 5110 2545 5180 οὐρανοῖς
2574 5110 2650 5172 ὡς
2679 5108 3140 5180 ἐλευθερωθέντες
3174 5104 3282 5160 ἀπὸ
3306 5104 3398 5171 τῆς
3426 5096 3594 5170 φθορᾶς

2074 5201 2308 5263 αἰωνίως
2344 5200 2690 5271 βασιλεύωσι.
2724 5201 2971 5254 Καθόλου
3006 5201 3120 5269 γὰρ
3154 5198 3258 5268 χρὴ
3290 5194 3435 5247 τοῦτο
3464 5187 3597 5257 γινώ-

2077 5310 2248 5359 σκειν,
2290 5294 2373 5348 ὅτι
2416 5294 2571 5348 οὐδὲν
2612 5285 2688 5347 ὧν
2723 5294 2874 5362 λέγει
2919 5291 3225 5361 εἰληφέναι,
3261 5285 3334 5348 ὡς
3381 5284 3448 5353 μὴ
3488 5278 3595 5347 ἔχων

2074 5385 2265 5440 ἔλασεν
2284 5427 2298 5451 ,
2330 5386 2421 5439 ἵνα
2451 5386 2553 5457 τῆς
2585 5386 2788 5456 σαρκὸς
2816 5385 2874 5439 ἐν
2902 5383 3051 5455 αὐτῷ
3082 5376 3488 5452 λαμϐανούσης,
3516 5368 3600 5419 λοι⁴

2074 5478 2178 5530 πον
2213 5478 2271 5545 ἐξ
2308 5478 2521 5547 ἐκείνης
2563 5479 2657 5531 καὶ
2691 5476 2778 5547 ἐφ’
2802 5478 2952 5548 ἡμᾶς
2991 5477 3026 5547 ή
3062 5474 3227 5546 χάρις
3263 5465 3499 5538 διαόαίνῃ
3529 5459 3599 5531 βε·

2076 5569 2267 5633 ὁαέως.

2753 5753 2775 5786 ³
2811 5749 2829 5802 ι
2860 5748 2988 5801 Cor.
3013 5760 3132 5813 vm,
3170 5745 3225 5805 6.
3323 5743 3343 5773 ‘
3374 5742 3392 5799 l
3419 5740 3526 5795 Cor.
3550 5749 3597 5813 ξι.

2274 5752 2295 5781 δ
2328 5749 2487 5803 Joan.
2527 5766 2565 5813 ι,
2599 5750 2653 5804 3.
2753 5753 2775 5786 ³
2811 5749 2829 5802 ι
2860 5749 2988 5801 Cor.
3013 5760 3132 5813 vni,
3170 5749 3225 5805 6.
3323 5749 3343 5773 '
3374 5749 3391 5799 Ι
3419 5749 3526 5795 Cor.
3552 5749 3597 5795 ιι.

2274 5821 2367 5875 )id.
2411 5822 2495 5875 l8.
2607 5821 2647 5853 ¹¹
2677 5821 2808 5875 Luc.
2843 5837 2936 5875 xii.
2976 5818 3061 5875 l6.
3180 5816 3224 5848 υ
3252 5813 3431 5872 Matth.
3458 5826 3522 5875 tt,
3548 5806 3597 5871 5i

2146 5822 2189 5853 ¹⁰
2238 5821 2367 5876 ibid.
2411 5822 2495 5875 18.
2607 5821 2647 5853 ¹¹
2677 5821 2808 5878 Luc.
2843 5837 2936 5887 xii,
2976 5818 3061 5875 l6.
3098 5878 3101 5879 ν
