3860 6566
175 852 292 901 sunt
332 846 644 895 constanter
681 838 1084 904 permanerent.

465 931 577 998 Τῆς
609 925 801 995 αὐτῆς
834 924 1054 995 ὁμοίως
1090 916 1189 974 κᾶί
1220 912 1430 974 ταῦτα.

237 1028 387 1091 Τίνος
408 1026 464 1079 δὲ
498 993 661 1094 γαριν
696 993 983 1090 γι-νώσιιων
1016 1014 1220 1082 ἔλεγεν,
1251 1011 1334 1065 ὅτι
1368 1000 1569 1094 οὐδὲ-ό
1603 993 1738 1094 Υἱὸς

178 1120 324 1177 οἶδεν
348 1086 602 1183 {esse};
642 1086 751 1167 τῶν
781 1108 989 1164 πιστῶν
1034 1105 1252 1175 ἀγνοεῖν
1297 1095 1476 1169 οἶμαι,
1517 1092 1601 1147 ὅτι
1636 1086 1741 1183 Δτεαὶ

179 1214 320 1269 τοῦτο
348 1179 502 1262 οὐδὲν
531 1201 694 1277 ἦττον
726 1202 817 1256 διὰ
845 1201 944 1273 τὴν
978 1198 1157 1269 σάρκα
1190 1192 1267 1256 ὥς
1301 1189 1589 1277 ἄνθρωπος
1622 1179 1741 1277 ἐλε-

183 1324 286 1377 γεν.
329 1303 461 1357 Οὐδὲ
512 1273 622 1369 γαρ
669 1297 826 1351 τοῦτο
872 1293 1162 1361 έλάττωμα
1204 1285 1300 1339 τοῦ
1348 1283 1521 1349 Λόγου
1571 1273 1741 1377 ἐστὶν,

183 1363 305 1456 αλλὰ
346 1398 441 1467 τῆς
489 1363 841 1463 ἀνθρωπίνης
892 1381 1108 1454 φύσεώς
1160 1380 1310 1432 ἐστιν
1347 1373 1492 1467 -ῐδιον
1542 1364 1638 1467 καὶ
1685 1363 1745 1464 τό

184 1452 657 1558 ιγνοεῖνΪνΑμωῖει
699 1452 874 1546 λέγων
904 1452 966 1528 ὲν
999 1471 1077 1542 τῷ
1127 1463 1466 1558 scamna
1488 1458 1618 1558 περὶ
1651 1452 1745 1558 τοῦ

2230 881 2315 936 Ea:
2370 879 2544 935 eodem
2592 876 2701 930 loco
2737 882 2786 929 et
2834 876 2964 928 haec.

1910 980 2023 1039 Cur
2064 986 2246 1034 autem
2273 986 2607 1045 cognoscens
2636 968 2857 1035 dixerit,
2893 982 2958 1021 ne
2991 964 3201 1021 Filium
3220 967 3433 1040 quidem

1842 1090 2034 1142 nosse,
2095 1067 2368 1126 neminem
2424 1062 2665 1119 ﬁdelium
2732 1058 2968 1115 arbitror
3032 1056 3301 1129 ignorare.
3376 1061 3433 1115 Id

1846 1169 1994 1225 enim
2024 1177 2244 1237 quoque
2271 1164 2492 1229 propter
2575 1166 2817 1218 carnem,
2892 1160 2955 1205 ut
2987 1150 3173 1218 homo,
3255 1150 3432 1218 dixit;

1846 1275 1910 1317 ea
1941 1271 2179 1327 namque
2208 1268 2269 1309 re
2296 1249 2479 1306 Verbo
2509 1244 2991 1310 nibildetrahitur,
3019 1257 3143 1297 cum
3183 1244 3438 1299 humana:

1847 1361 2061 1407 naturae
2118 1345 2402 1418 preprium
2460 1341 2533 1397 sit
2626 1339 2862 1394 nescire.
2917 1336 3136 1406 Alioqui
3193 1351 3318 1391 cum
3380 1336 3437 1393 in

1850 1442 2144 1516 Evangeiio
2174 1441 2242 1494 de
2275 1453 2333 1493 se
2365 1444 2426 1490 ut
2475 1436 2544 1491 de
2576 1433 2800 1488 homine
2846 1431 2993 1487 dicat
3031 1448 3044 1486 :
3076 1430 3268 1496 Pater,
3303 1433 3441 1486 venit

451 1525 804 1642 ἓνορώπινον
854 1525 1022 1619 αῦτοῦ
1050 1525 1066 1591 ί
1093 1525 1310 1625 Πάτερ,
1355 1525 1664 1621 ἐλήλυθεν
1689 1546 1747 1642 Δἡ

1879 1552 2001 1602 τοτα,
2020 1532 2258 1601 clariﬁca
2278 1527 2478 1582 Filium
2508 1537 2655 1580 tuum
2674 1525 3080 1595 ‘,perspicuum
3109 1534 3195 1580 est
3223 1540 3348 1579 eum
3390 1534 3445 1579 et

2011 1629 2042 1642 ιι
2105 1626 2131 1642 ιι
2181 1628 2215 1642 u,
2286 1624 2311 1642 ι.
2343 1639 2470 1642 αα.--
2525 1621 2601 1642 --.2
2668 1617 2905 1642 ινΑ-ι..-,..
2971 1634 3298 1642 ...ιη-..Ληηιι-η.
3389 1627 3442 1642 ..ι

184 1674 309 1742 ὥρα,
348 1667 622 1733 δόξασόν
659 1678 777 1716 σου
816 1658 925 1713 τὸν

186 1733 269 1819 τοῦ
298 1733 509 1833 ξπαντὸς
578 1756 765 1818 τέλους
808 1752 957 1821 ὥραν
994 1748 1070 1810 rb;
1118 1745 1214 1817 μὲν
1254 1740 1426 1809 Λόγος
1465 1733 1749 1833 γινώσκει,

187 1860 253 1920 ὡς
294 1826 348 1910 6k
392 1853 686 1923 ἄνθρωπος
736 1848 942 1915 ἀγνοεῖ.
982 1839 1298 1911 Ἀνθρώπου
1350 1834 1459 1905 γὰρ
1514 1830 1646 1923 ῐόιον
1692 1826 1754 1923 τὸ

188 1947 404 2015 ἀγνοεῖν,
443 1919 543 1997 καὶ
596 1941 832 2012 μάλιστα
875 1934 1071 1988 ταῦτα.
1108 1930 1272 1984 Ἀλλὰ
1316 1927 1413 1981 καὶ
1459 1921 1616 1976 τοῦτο
1648 1919 1755 2015 ,τῆς

191 2009 752 2106 φίλανθρωπίαςνῐδιον
778 2025 873 2079 τοῦ
903 2024 1180 2093 Σωτῆρος.
1212 2016 1435 2088 Ἐπειδὴ
1460 2014 1570 2084 γὰρ
1597 2009 1758 2106 γέγο-

191 2101 269 2181 νεν
301 2101 612 2195 ἀνδρωπος,
656 2122 757 2176 οὐκ
797 2117 1137 2189 ὲπῃσχύνετο
1175 2114 1263 2167 διὰ
1299 2111 1399 2183 τὴν
1441 2110 1621 2178 σάρκα
1660 2101 1757 2173 τὴν

192 2218 472 2288 ἁγνοοῦσαν
508 2214 840 2281 είπεϊν,οὖκ
876 2208 1015 2273 οἶδα,
1052 2208 1138 2261 ἵνα
1170 2205 1343 2279 δείξῃ,
1377 2205 1459 2257 ὅτι
1493 2198 1649 2261 εἰδὼς
1683 2195 1758 2259 ὥς

192 2314 328 2377 Θεὸς,
358 2311 547 2380 ἀγνοεῖ
580 2307 886 2380 σαρκικῶς.
918 2305 1033 2358 Οὐκ
1064 2303 1253 2373 εἴρηκε
1283 2299 1433 2368 γοῦν,
1462 2291 1699 2350 auocat
1729 2293 1757 2344 6

195 2405 305 2465 Υἱὸς
335 2402 424 2457 τοῦ
455 2400 620 2465 Θεοῦ,
654 2401 741 2453 ἵνα
775 2400 851 2468 μὴ
880 2398 912 2466 ἠ
949 2395 1142 2462 Θεότης
1171 2389 1440 2459 ἀγνοοῦσα
1473 2385 1756 2456 φαίνηται,

196 2495 299 2550 ἀλλ’
318 2495 525 2561 ἁπλῶς,
546 2492 687 2548 Οὐδὲ
718 2493 745 2545 6
776 2491 923 2552 Υἱὸς,
945 2488 1034 2541 ἴνα
1064 2486 1158 2539 τοῦ
1186 2485 1244 2549 ἐξ
1275 2481 1577 2556 ἀνθρώπων
1606 2494 1760 2547 γενο-

200 2591 343 2660 μένου
372 2575 502 2641 Υίοῦ
540 2588 575 2656 ὴ
606 2586 797 2653 ἄγνοια
910 2582 1008 2635 Διά
1033 2580 1193 2633 τοῦτο
1225 2579 1317 2632 καὶ
1347 2575 1474 2651 ςπερὶ
1506 2570 1759 2641 ἀγγέλων

201 2680 350 2734 εἰπὼν
373 2680 471 2733 οὐκ
499 2676 730 2748 εἴρηκεν
750 2672 1151 2737 ἐπαναϐαίνων,
1178 2672 1259 2724 ὅτι
1291 2668 1426 2722 Οὐδὲ
1452 2667 1511 2719 τὸ
1539 2664 1763 2733 Πνεῦμα

199 2775 251 2827 τὺ
284 2772 429 2842 ἅγιον
450 2812 462 2835 ,
504 2770 625 2825 ἀλλ’
652 2769 925 2837 ἐσιώπησε
961 2767 1175 2827 δεικνὺς
1206 2766 1277 2815 τὰ
1308 2761 1403 2815 δύο
1438 2757 1610 2812 ταῦτα
1630 2797 1646 2822 ,
1681 2757 1762 2808 ὄτι

202 2867 244 2919 εί
271 2868 326 2920 τὸ
360 2867 589 2936 Πνεῦμα
622 2858 732 2916 οἶδε
755 2904 768 2929 ,
807 2860 986 2931 πολλῷ
1027 2858 1227 2929 μᾶλλον
1258 2858 1285 2908 6
1318 2855 1487 2922 Λόγυς
1590 2850 1765 2917 Λόγος

201 2955 316 3025 οἶδε,
350 2958 474 3030 παρ’
500 2953 567 3009 οῦ
601 2959 692 3009 καὶ
722 2956 782 3007 τὸ
818 2954 1041 3024 Πνεῦμα
1068 2949 1370 3021 λαμϐάνει,
1403 2949 1495 3001 καὶ
1527 2948 1607 3001 ὅτι
1639 2944 1765 3017 περ)⁵

203 3054 285 3106 τοῦ
328 3052 649 3123 Πνεῦματος
700 3049 984 3116 σιωπήσας
1035 3046 1269 3115 φανερὸν
1312 3041 1638 3114 πεποίηκεν,
1683 3042 1766 3094 ὅτι

206 3148 321 3217 περὶ
368 3148 464 3216 τῆς
520 3141 875 3213 ἀνθρωπίνης
927 3135 1093 3191 αὑτοῦ
1145 3136 1493 3207 λειτουργίας
1542 3135 1768 3204 ἔλεγεν,

128 3282 134 3287 .
209 3239 345 3292 Οὐδὲ
376 3242 407 3293 ὁ
450 3237 612 3302 Υἱός.
651 3234 763 3297 Πᾶς
799 3233 855 3285 δὲ
890 3229 1030 3295 πλὴν
1062 3230 1172 3283 τῶν
1208 3226 1501 3300 Ἀρειανῶν
1537 3243 1771 3296 συνομοο

206 3332 492 3402 λογήσειεν,
522 3328 600 3391 ὥς
627 3329 654 3379 6
680 3329 769 3381 τὸν
797 3325 1015 3394 Πατέρα
1044 3323 1329 3392 γινώσκων
1358 3320 1542 3389 πολλῷ
1574 3320 1774 3390 μᾶλλον

208 3420 303 3475 οἶδε
329 3426 422 3494 τῆς
453 3419 693 3482 κτίσεως
723 3418 783 3470 τὸ
811 3417 955 3484 ὅλον,
984 3418 1041 3469 ὲν
1070 3416 1128 3471 δὲ
1157 3414 1234 3486 τῷ
1266 3415 1372 3484 ὅλῳ
1402 3413 1496 3468 καὶ
1524 3413 1585 3464 τὸ
1618 3411 1776 3475 τέλος

207 3514 414 3584 ταύτης.
449 3514 566 3567 Καὶ
601 3512 650 3563 εί
684 3510 918 3580 ὥρισται
985 3510 1018 3580 ἠ
1058 3507 1178 3581 ὥρα
1210 3510 1304 3564 xa‘t
1335 3510 1369 3577 ἡ
1407 3506 1593 3577 ἡμέρα
1628 3504 1778 3574 παρὰ

210 3604 293 3656 τοῦ
326 3603 563 3674 Πατρός,
595 3601 753 3671 δῆλόν
785 3603 954 3664 ἐστιν,
988 3599 1071 3653 ὅτι
1105 3598 1194 3652 διὰ
1222 3598 1317 3651 τοῦ
1349 3596 1483 3652 Tioii
1515 3596 1772 3666 ὥρισται,

212 3698 295 3748 καὶ
319 3692 453 3749 οἶδεν
479 3694 651 3757 αὐτὸς
677 3693 737 3745 τὸ
764 3691 1011 3746 διἀὑτοῦ
1041 3691 1279 3763 ὁρισθέν.
1305 3690 1474 3745 Οὐδὲν
1497 3690 1605 3762 γάρ
1631 3690 1779 3744 ἐστιν

214 3788 238 3842 ὃ
265 3789 332 3859 μὴ
360 3789 447 3843 διὰ
475 3786 576 3840 τοῦ
606 3784 738 3839 Υίοῦ
770 3784 959 3854 γέγονέ
990 3801 1048 3836 τε
1079 3783 1175 3837 καὶ
1207 3780 1463 3855 ὥρισται.

276 3879 436 3934 Πάλιν
477 3896 570 3945 τε,
614 3878 664 3929 εί
709 3878 890 3929 πάντα
929 3875 1025 3928 τοῦ
1074 3875 1289 3946 Πατρός
1327 3874 1421 3928 τοῦ
1464 3872 1596 3931 Υίοῦ
1638 3873 1781 3939 ἐστι,

216 3971 358 4024 τοῦτο
387 3972 496 4040 γὰρ
536 3969 701 4033 αὐτὸς
735 3969 925 4040 εἴρηκε
951 4007 966 4033 ,
997 3966 1090 4020 τοῦ
1123 3967 1179 4019 δὲ
1216 3966 1429 4038 Πατρός
1464 3968 1582 4020 ἐστι
1613 3967 1672 4020 τὸ
1707 3968 1784 4021 εί-

218 4066 350 4118 δέναι
379 4065 749 4137 τὴνςὴμέραν,
781 4063 937 4133 δῆλόν
968 4062 1138 4127 ἐστιν,
1171 4061 1252 4115 ὅτι
1284 4062 1378 4115 καὶ
1407 4062 1434 4114 ό
1466 4061 1594 4123 Υἱὸς
1620 4055 1783 4127 οἶδεν,

221 4158 337 4209 ἴδιον
369 4158 507 4228 ἔχων
544 4160 639 4209 καὶ
669 4156 830 4208 τοῦτο
863 4157 927 4207 ὲκ
956 4153 1050 4207 τοῦ
1089 4153 1321 4225 Πατρός,
1358 4152 1468 4207 Καὶ
1504 4155 1703 4217 πάλιν,
1736 4155 1784 4207 εί

222 4248 392 4313 όΥἱὸς
426 4254 483 4301 ὲν
518 4248 599 4318 τῷ
636 4248 849 4317 Πατρὶ,
882 4246 976 4300 καὶ
1006 4245 1033 4296 6
1069 4246 1253 4317 Πατὴρ
1291 4248 1348 4299 έν
1381 4246 1459 4318 τῷ
1496 4246 1642 4319 Υίῷ,
1677 4241 1785 4300 οἶδε

223 4340 273 4393 δὲ
298 4342 325 4394 6
354 4343 547 4413 Πατὴρ
578 4341 678 4410 τὴν
706 4340 923 4411 ἡμέραν
952 4339 1047 4392 καὶ
1075 4338 1172 4410 τὴν
1204 4338 1385 4409 ὥραν,
1416 4342 1680 4410 φανερὸν,
1705 4340 1785 4393 ὅτι

225 4434 307 4487 καὶ
336 4435 363 4486 6
389 4434 518 4497 Υἱὸς
554 4434 612 4485 ὲν
642 4431 716 4501 τῷ
745 4431 921 4500 Πατρὶ
951 4429 1046 4494 ὥν,
1079 4432 1175 4484 καὶ
1204 4430 1358 4494 εἰδὼς
1390 4432 1459 4484 τὰ
1488 4433 1543 4484 ἐν
1573 4431 1649 4501 τῷ
1680 4434 1789 4485 Πα-

224 4526 336 4595 τρὶ,
365 4520 471 4578 οἶδε
500 4524 601 4577 καὶ
634 4522 796 4583 αὐτὸς
827 4521 923 4592 τὴν
952 4522 1167 4592 ἡμέραν
1198 4522 1289 4574 καὶ
1314 4518 1412 4591 τὴν
1440 4519 1611 4593 ὥραν.
1646 4520 1705 4573 Εί
1732 4521 1787 4574 δὲ

228 4614 311 4666 καὶ
339 4614 499 4669 είκών
536 4615 683 4671 ἐστιν
715 4612 947 4683 ἀληθινὴ
974 4612 1066 4664 τοῦ
1102 4613 1314 4684 Πατρὸς
1345 4614 1373 4665 ὁ
1404 4612 1561 4677 Υἱὸς,
1593 4608 1702 4665 οἶδε
1731 4612 1788 4666 δὲ

227 4707 251 4754 6
289 4706 470 4777 Πατὴρ
491 4746 506 4770 ,
540 4705 701 4773 δῆλον
730 4704 816 4757 ὅτι
847 4704 942 4756 καὶ
970 4704 1102 4773 περὶ
1129 4703 1224 4756 τοῦ
1259 4704 1457 4757 εἰδέναι
1489 4704 1662 4757 ταῦτα
1690 4702 1790 4776 τὴν

228 4796 507 4865 ὁμοιότητα
543 4796 639 4848 τοῦ
678 4796 890 4865 Πατρός
924 4796 952 4847 6
993 4794 1115 4857 re;
1148 4795 1283 4864 ἔχει.
1320 4796 1791 4867 Συναριθμοῦντες

972 1656 1132 1720 Υιὸν,
1173 1617 1357 1720 δῆλον,
1395 1617 1476 1701 ὅτι
1516 1642 1614 1697 καί
1651 1637 1750 1708 τὴν

1879 1629 2045 1685 eundi
2102 1626 2226 1681 ﬁnis
2286 1624 2474 1679 horam
2525 1621 2601 1675 uti
2668 1617 2909 1673 Verbum
2967 1634 3323 1689 cegnosrere,
3389 1627 3447 1672 ut

1862 1722 2147 1780 hominem
2190 1726 2371 1773 autem
2421 1716 2691 1783 ignorare.
2720 1709 2834 1765 Hoc
2880 1712 3027 1765 enim
3056 1718 3139 1765 est
3206 1707 3447 1763 hominis

1864 1813 2175 1887 proprium,
2227 1820 2287 1865 ut
2321 1810 2556 1879 ignoret,
2583 1817 2639 1861 et
2704 1804 2943 1859 maxime
3001 1819 3091 1857 res
3151 1802 3444 1874 ejusmodi.

1858 1905 1978 1972 Quo
2010 1913 2195 1958 tamen
2227 1900 2346 1955 loco
2368 1908 2422 1954 et
2451 1895 2755 1951 Servatoris
2822 1893 3210 1963 benignitatem
3254 1906 3451 1962 agnos-

1859 2000 2066 2063 cimus,
2109 1995 2201 2066 qui
2234 2008 2358 2049 cum
2386 2000 2531 2046 esset
2564 1989 2727 2045 etiam
2783 1988 2945 2042 homo
2975 2001 3085 2040 non
3116 1985 3336 2039 erubuit
3367 1983 3452 2039 di-

1859 2108 2002 2157 cere,
2060 2104 2121 2145 se
2153 2087 2389 2152 nescire,
2441 2093 2502 2139 ut
2535 2082 2858 2146 declararet,
2920 2094 3002 2146 se,
3058 2076 3307 2149 quamvis
3375 2076 3452 2130 uti

1859 2183 2003 2241 Dens
2036 2182 2222 2248 sciret,
2254 2190 2311 2236 ut
2343 2178 2622 2234 hominem
2652 2176 2924 2245 ignorare.
2947 2171 3066 2227 Non
3088 2172 3218 2227 dixit
3245 2180 3451 2231 autem,

1864 2279 1945 2335 Ne
1981 2276 2153 2332 Filius
2181 2273 2402 2346 quidem
2443 2269 2538 2326 Dei
2565 2268 2739 2333 novit,
2782 2282 2849 2321 ne
2882 2265 3138 2321 divinitas
3168 2264 3352 2336 ignara
3379 2263 3457 2317 vi-

1861 2373 2083 2429 deretur
2112 2389 2126 2426 :
2161 2368 2258 2424 sed
2298 2363 2640 2435 simpliciter,
2672 2357 2749 2414 Ne
2769 2358 2938 2414 Filius
2976 2358 3219 2428 quidem,
3249 2368 3309 2411 ut
3336 2355 3454 2410 Filii

1861 2480 1925 2520 ex
1961 2463 2188 2519 homine
2213 2458 2341 2514 facti
2370 2453 2733 2528 ignorantiam
2752 2467 2874 2508 esse
2919 2460 3211 2507 constaret.
3245 2449 3459 2504 idcirco

1863 2568 1919 2613 et
1952 2556 2020 2612 de
2044 2552 2251 2626 angelis
2272 2550 2551 2606 atiirmans
2570 2563 2678 2602 non
2707 2544 2953 2601 ascendit
2972 2559 3059 2609 eo,
3085 2552 3146 2598 ut
3165 2541 3389 2609 diceret,
3406 2553 3460 2598 et

1864 2649 2138 2720 Spiritum
2189 2654 2443 2702 sanctum
2482 2642 2722 2705 nescire,
2780 2639 2876 2695 sed
2934 2637 3125 2701 tacuit,
3181 2638 3296 2692 haec
3352 2636 3461 2690 du.)

1865 2742 2195 2816 signiﬁcans,
2227 2738 2465 2810 primum
2500 2736 2545 2790 si
2578 2733 2816 2806 Spiritus
2860 2730 3033 2794 novit,
3066 2730 3238 2784 multo
3292 2728 3461 2798 magis

1867 2837 2128 2899 Verbum,
2161 2842 2221 2889 ut
2258 2830 2493 2886 Verbum
2527 2842 2715 2889 nosse,
2743 2841 2773 2880 a
2826 2840 2935 2894 quo
2976 2821 3211 2893 Spiritus
3242 2822 3461 2891 accipit,

1869 2931 2066 2987 deinde
2097 2942 2220 2983 cum
2252 2925 2320 2981 de
2348 2922 2555 2993 Spiritu
2580 2920 2842 2986 siluisset,
2865 2920 3030 2974 verba
3052 2917 3163 2984 illa,
3187 2916 3264 2972 Ne
3292 2916 3464 2971 Filius

1880 3023 2128 3095 quidem,
2161 3018 2227 3074 de
2260 3014 2564 3072 ministerio
2598 3026 2699 3067 suo
2725 3012 2965 3068 humano
3006 3011 3234 3067 dixisse.
3269 3008 3465 3064 Nullus

1874 3126 2058 3173 autem
2091 3122 2196 3177 est,
2230 3108 2475 3181 exceptis
2540 3106 2783 3172 Arianis,
2843 3104 2935 3175 qui
2985 3119 3096 3159 non
3141 3105 3466 3159 conﬁteatur

1878 3226 2029 3276 eum,
2061 3206 2153 3278 qui
2192 3204 2410 3259 Patrem
2446 3200 2623 3265 novit,
2662 3199 2834 3253 multo
2862 3197 3031 3269 magis
3066 3212 3228 3253 nosse
3278 3212 3463 3251 rerum

1876 3308 2287 3372 procreatarum
2324 3290 2755 3356 universitatem,
2792 3290 2845 3342 in
2873 3302 2977 3357 qua
3012 3294 3083 3343 et
3113 3287 3289 3357 ipsius
3317 3287 3468 3344 orbfs

1879 3391 2006 3449 ﬁnis
2056 3389 2393 3443 continetur.
2456 3381 2613 3450 Quod
2642 3381 2687 3437 si
2746 3380 2864 3436 dies
2904 3387 2959 3436 et
3016 3380 3148 3435 hora
3202 3379 3468 3451 prmﬁnita

1879 3493 2010 3541 esta
2044 3484 2225 3543 Patre,
2279 3477 2629 3549 perspicuum
2679 3484 2782 3537 est,
2816 3490 2935 3530 eam
2960 3488 3058 3544 per
3084 3472 3277 3529 Filium
3345 3489 3469 3529 esse

1798 3586 1845 3650 ε
1876 3574 2220 3650 praeﬁnitam.
2270 3570 2427 3637 Quod
2470 3579 2655 3623 autem
2712 3582 2808 3637 per
2850 3583 2909 3623 se
2980 3568 3308 3638 praeﬁnitum
3362 3578 3467 3631 est,

1885 3671 1943 3726 id
1976 3669 2092 3739 ipse
2140 3663 2400 3720 nimirum
2438 3661 2614 3716 novit.
2646 3658 2792 3714 Nihil
2856 3659 3006 3715 enim
3058 3659 3202 3730 quod
3235 3676 3346 3715 non
3372 3658 3470 3731 per
3562 3676 3565 3679 ι

1883 3762 2080 3818 Filium
2104 3759 2174 3815 sit
2196 3756 2401 3813 factum
2431 3764 2486 3810 et
2534 3752 2884 3824 praeﬁnitum.

1955 3876 2222 3931 Praeterea
2247 3871 2295 3927 si
2319 3864 2501 3925 omnia
2533 3884 2651 3938 qua:
2668 3866 2846 3922 Patris
2890 3876 3040 3934 sunt,
3073 3868 3192 3923 Filii
3231 3879 3380 3933 sunt,
3416 3846 3474 3925 ut

1888 3970 2007 4042 ipse
2036 3966 2200 4032 dixit,
2215 3964 2390 4019 Patris
2408 3969 2707 4027 autemest,
2726 3962 2867 4016 scire
2895 3960 3036 4015 diem
3066 3960 3231 4023 illam,
3261 3964 3474 4033 perspi-

1888 4078 2054 4120 cuum
2092 4068 2198 4123 est,
2232 4072 2352 4113 eam
2382 4065 2438 4112 et
2478 4053 2676 4109 Filium
2716 4069 2902 4118 nosse,
2937 4070 3059 4109 cum
3094 4054 3146 4109 id
3170 4055 3330 4110 etiam
3353 4046 3476 4127 pro—

1889 4161 2067 4231 prium
2096 4156 2293 4212 habeat
2315 4167 2379 4207 ex
2399 4151 2583 4207 Patre.
2605 4150 2685 4206 Ad
2709 4150 2882 4206 haecsi
2902 4149 3070 4205 Filius
3101 4151 3155 4205 in
3176 4153 3338 4207 Patre
3368 4160 3472 4217 est,

1889 4264 1940 4307 et
1965 4249 2193 4307 Paterin
2224 4245 2382 4309 Filio,
2412 4245 2568 4300 novit
2592 4254 2774 4298 autem
2806 4245 2969 4298 Pater
2998 4244 3141 4299 diem
3175 4255 3229 4300 et
3261 4245 3472 4313 horam,

1892 4358 2002 4397 non
2024 4350 2106 4397 est
2132 4337 2510 4399 dubitandum,
2557 4338 2690 4406 quin
2724 4333 2896 4392 Filius
2920 4335 2973 4390 in
2994 4337 3156 4391 Patre
3181 4336 3473 4405 exsistens,

1892 4445 1947 4490 et
1974 4432 2158 4489 sciens
2191 4445 2314 4502 quae
2349 4439 2480 4484 sunt
2534 4430 2588 4483 in
2620 4429 2803 4493 Patre,
2851 4427 3066 4482 noverit
3116 4429 3280 4482 etiam
3356 4428 3475 4497 ipse

1892 4527 2035 4580 diem
2085 4533 2140 4579 et
2183 4523 2395 4579 horam.
2447 4519 2691 4589 Denique
2741 4534 2867 4574 cum
2928 4534 3059 4574 vera
3121 4520 3302 4575 Patris
3337 4520 3473 4574 ima-

1894 4633 1961 4688 g0
2008 4616 2079 4670 sit
2144 4614 2336 4679 Filius,
2391 4615 2540 4669 norit
2598 4621 2779 4667 autem
2824 4610 3003 4675 Pater,
3076 4620 3228 4681 patet
3255 4613 3309 4666 in
3372 4612 3477 4668 hoc

1894 4726 2112 4783 quoque
2148 4709 2343 4765 Filium
2407 4707 2552 4763 Patri
2606 4706 2839 4762 similem
2893 4719 3033 4760 esse.
3088 4704 3279 4758 Ariani
3340 4720 3493 4777 vero

1900 4806 1992 4860 Dei
2024 4802 2217 4857 Filium
2256 4801 2312 4855 in
2342 4814 2524 4856 rerum
2587 4806 2993 4869 procreatarum
3048 4811 3278 4851 numero
3307 4796 3476 4869 collo,-

229 4887 277 4938 δὲ
305 4891 407 4951 τοῖς
440 4889 684 4959 γενητοῖς
715 4888 764 4938 oi
802 4886 1071 4957 Ἀρειανο“ι
1101 4887 1190 4939 τὸν
1219 4888 1345 4942 Υἰδν
1371 4890 1464 4942 τοῦ
1496 4887 1632 4941 Θεοῦ
1665 4906 1767 4942 κατ

1899 4908 2119 4962 cantes,
2190 4891 2459 4963 paulatim
2529 4890 2861 4945 meditantur
2915 4888 3188 4958 quomodo
3259 4889 3478 4947 Patrem

230 4978 394 5047 ὀλίγον
425 4980 521 5034 καὶ
557 4980 720 5032 αὐτὸν
752 4979 841 5031 τὸν
877 4978 1094 5048 Πατέρα
1130 4978 1389 5033 δλάττονα
1419 4980 1520 5050 τῆς
1554 4980 1789 5044 κτίσεως

234 5070 484 5136 μελετῶσι
530 5070 731 5138 λέγειν.
780 5071 843 5122 Ei
885 5073 995 5143 γὰρ
1037 5072 1065 5124 6
1110 5072 1328 5143 ﬂmépa
1366 5074 1647 5140 γινώσκων
1689 5073 1790 5126 οὐκ

232 5157 328 5212 οἶδε
360 5161 455 5232 τὴν
487 5164 722 5233 ἡμέραν,
754 5163 875 5215 οὐδὲ
909 5165 1006 5233 τὴν
1040 5163 1206 5234 ὥραν,
1246 5165 1518 5236 φοϐοῦμαι
1556 5165 1632 5237 μὴ
1667 5167 1789 5236 μεί-

234 5248 330 5312 ζων
364 5254 547 5320 ἔσται,
584 5253 658 5315 ὥς
693 5254 759 5305 ἂν
795 5256 992 5306 έκεῖνοι
1029 5256 1291 5324 μανέντες
1325 5257 1558 5323 εἴποιεν,
1594 5260 1627 5327 ἡ
1662 5259 1791 5328 περὶ

232 5342 321 5410 τῆς
350 5345 600 5412 κτίσεως,
631 5344 831 5415 μᾶλλον
856 5346 910 5398 δὲ
939 5350 971 5418 ἡ
1002 5349 1130 5417 περὶ
1158 5350 1249 5401 τοῦ
1282 5348 1561 5414 ἐλάττονος
1592 5352 1792 5419 μέρους

233 5431 323 5499 τῆς
355 5433 578 5497 κτίσεως
617 5435 812 5504 γνῶσις
845 5437 944 5506 τῆς
979 5436 1108 5505 περὶ
1140 5437 1231 5490 τοῦ
1270 5438 1483 5509 Πατρὸς
1513 5432 1788 5506 γνώσεως.

241 5521 373 5575 Ἀλλ’
395 5526 496 5578 οὐκ
524 5527 732 5595 ἀγνοῶν
761 5528 968 5595 ἔλεγεν,
996 5530 1110 5583 Οὐκ
1132 5526 1270 5598 οἶδα,
1302 5530 1437 5584 ἀλλὰ
1468 5532 1679 5595 δεικνὺς
1708 5533 1791 5587 ὅτι

233 5614 399 5679 σάρκα
417 5617 714 5682 ἀγνοοῦσαν
741 5621 1041 5676 ἐνεδύσατο.
1062 5621 1196 5674 Τότε
1221 5622 1350 5689 γοῦν
1372 5623 1631 5693 εἰρηκὼς,
1659 5627 1791 5680 Οὐδὲ

230 5703 255 5753 6
296 5707 410 5771 Υἱὸς
444 5703 550 5761 οίδε
571 5750 586 5775 ,
624 5711 720 5763 καὶ
752 5713 860 5765 τῶν
894 5715 1034 5768 κατά
1066 5715 1158 5769 τὸν
1190 5714 1313 5770 Νῶε
1347 5716 1655 5789 ἀνθρώπων
1689 5720 1790 5792 τὴν

298 5878 495 5938 ’Joan.
523 5902 657 5952 xvu,
700 5889 747 5945 ί,

1895 4990 2074 5061 ipsum
2112 4986 2278 5042 rebus
2334 4984 2635 5055 procreatis
2695 4983 2962 5038 minorem
2994 4985 3201 5048 dicant;
3235 4983 3278 5038 si
3333 4984 3477 5036 enim

1895 5084 1989 5153 qui
2034 5083 2254 5136 Patrem
2288 5078 2445 5134 novit
2475 5077 2618 5132 diem
2684 5086 2739 5131 et
2775 5076 2965 5133 horam
3027 5077 3171 5131 illam
3248 5078 3478 5148 ignorat.

1894 5191 2110 5239 vereor,
2141 5188 2211 5228 ne
2243 5170 2415 5242 major
2458 5169 2549 5236 sit,
2586 5177 2645 5223 ut
2682 5169 3016 5224 insanientes
3070 5170 3158 5223 isti
3213 5169 3477 5231 dicerent,

1896 5267 2157 5337 cognitio,
2189 5280 2312 5334 quae
2366 5263 2434 5318 ad
2494 5279 2581 5317 res
2615 5271 2947 5332 procreatas,
3019 5261 3131 5315 imo
3166 5274 3293 5314 vero
3355 5276 3478 5328 quae

1903 5360 1970 5413 ad
1996 5357 2260 5411 minorem
2324 5368 2513 5407 earum
2560 5361 2791 5421 partem,
2820 5366 2984 5422 quam
3023 5364 3143 5418 quae
3170 5348 3235 5403 ad
3262 5346 3477 5402 Patrem

1904 5452 2198 5519 pertinent.
2229 5445 2497 5501 Cancrum
2567 5440 2967 5512 non‘ignorans
2997 5440 3149 5503 dixit,
3209 5439 3325 5494 Non
3376 5457 3477 5495 no-

1903 5540 1978 5603 vi,
2046 5537 2143 5591 sed
2194 5537 2463 5601 indicans,
2514 5548 2571 5587 se
2628 5548 2849 5588 carnem
2906 5533 3151 5601 ignaram
3210 5532 3477 5595 induisse,

1902 5630 2058 5694 dixit,
2104 5626 2184 5684 Ne
2219 5628 2388 5683 Filius
2439 5624 2660 5695 quidem
2713 5624 2883 5678 novit.
2912 5624 2980 5678 Et
3038 5625 3345 5694 hominum,
3388 5628 3479 5697 qui

1900 5731 2057 5779 erant
2135 5730 2377 5790 tempore
2445 5719 2580 5785 Noe,
2639 5716 2998 5788 ignorantiam
3046 5734 3481 5776 commemorans
