3860 6548
124 396 215 462 ut
1065 394 1439 462 PANOPLIA
1476 402 1939 468 DOGMATICA.
1982 432 2052 445 -—
2083 407 2234 473 Tl'l‘.
2273 410 2381 471 x1.

3262 409 3365 476 ΗΞ

132 534 303 589 γοντα,
332 514 447 569 Οὐκ
481 507 618 578 οἶδα,
668 512 885 582 λίγουσι
933 512 1010 584 μὴ
1048 514 1282 581 είδέναις
1345 515 1405 570 ’0
1440 516 1541 587 μὲν
1591 513 1686 569 οὖν

1803 513 1928 572 Filio
1957 521 2129 586 novit,
2167 522 2296 592 quid
2322 522 2427 579 sibi
2472 525 2752 581 acciderit.
2782 522 2847 581 Et
2885 525 3005 582 ideo
3034 521 3168 582 dicit
3200 546 3212 582 :
3246 526 3367 583 Scio

147 607 474 672 Ἀπόστολος,
506 606 981 672 ἀποκαλύπτοντος
1008 607 1154 678 αὐτῷ
1178 608 1270 662 τοῦ
1297 608 1450 669 Υίοῠ.
1484 605 1626 663 οἶδεν
1653 609 1683 663 6

136 700 375 757 πέπονθε.
408 700 507 754 Διά
538 700 697 754 τοῦτο
724 702 833 771 γάρ
868 716 1034 771 φησιν
1061 715 1077 733 ·
1112 698 1256 757 Οἵόα
1279 699 1593 770 ἄνθρωπον
1616 702 1686 756 ἐν

136 794 362 867 Χριστῷ.
395 794 562 857 Εἰδὼς
598 794 655 849 δὲ
687 796 778 848 τὸν
805 796 1111 868 ἄνθρωπον,
1140 792 1248 850 οίδε
1270 797 1365 851 καὶ
1397 796 1509 857 πῶς
1536 798 1564 848 ό
1593 796 1687 855 ἀν-

136 891 333 957 θρωπος
352 889 595 957 ἡρπάγη.
634 885 694 942 ’0
711 887 767 940 δὲ
799 887 1096 951 Ἐλισσαῖος
1119 889 1331 960 βλέπων
1354 888 1442 943 τὸν
1478 888 1683 953 Ἠλίαν,

136 977 234 1033 οἶδε
282 980 374 1032 καὶ
422 978 539 1041 πῶς
574 977 877 1049 ἀνελήφθη.
935 979 1095 1034 Ἀλλά
1137 978 1337 1049 καίπερ
1379 977 1683 1047 γινώσκων,

134 1073 267 1141 ὅμως
287 1070 393 1123 τῶν
419 1070 549 1123 υἱῶν
564 1069 674 1123 τῶν
695 1058 989 1141 προφητῶν
1011 1069 1340 1140 νομιζόντων
1386 1068 1479 1122 τὸν
1498 1068 1687 1121 Ἠλίαν

134 1163 203 1224 είς
223 1160 277 1213 ἒν
300 1160 407 1212 τῶν
431 1160 600 1230 ὀρέων
624 1160 727 1213 ύπδ
752 1160 847 1213 τοῦ
884 1160 1198 1229 Πνεύματος
1219 1160 1495 1230 ὲρρίφθαι,
1527 1161 1687 1223 αὐτὸς

131 1254 217 1323 τὴν
244 1254 337 1323 μιν
366 1253 542 1323 ἀρχὴν
562 1254 849 1323 γινώσκων
881 1254 908 1307 6
935 1255 1198 1326 ἑώρακεν,
1232 1254 1415 1307 ἔπειθε
1442 1253 1567 1316 τοὺς
1595 1254 1688 1308 ἀν-

132 1348 267 1413 δρας,
305 1347 641 1417 βιαζομένων
673 1347 729 1399 δὲ.
767 1348 991 1401 ἐκείνων
1022 1348 1359 1416 σεσιώπηκε,
1395 1346 1493 1399 καὶ
1558 1362 1686 1399 συν-

135 1438 399 1509 εχώρησεν
435 1438 712 1494 ἀπελθεῖν.
749 1436 876 1510 'Ap'
904 1439 997 1494 οὖν
1028 1440 1212 1511 ἐπειδὴ
1248 1437 1690 1507 σεσιώπηκε,ούκ

136 1533 453 1600 ἑγίνωσκενς
505 1532 771 1600 ἐγίνωσκε
823 1534 919 1603 μὲν
960 1529 1073 1595 οὖν,
1119 1532 1234 1586 ἀλλ’
1276 1532 1352 1595 ώς
1392 1532 1492 1586 οὐκ
1534 1530 1690 1593 είδὼς

135 1626 533 1695 συνεχώρησεν,
570 1626 657 1680 ἵνα
690 1629 886 1681 ἐκεῖνοι
922 1627 1237 1689 πεισθέντες
1278 1626 1474 1696 μηκέτι
1507 1626 1690 1681 διστάο

137 1734 253 1770 σωσι
301 1720 426 1789 περὶ
476 1719 576 1787 τῆς
627 1720 946 1791 ἀναλήψεως
1003 1720 1205 1775 Ἠλίου.
1251 1721 1460 1775 Οὐκοῦν
1510 1718 1690 1789 πολλῷ

136 1809 315 1877 μᾶλλον
344 1810 371 1861 ό
406 1810 644 1876 Παῦλος,
670 1813 830 1875 αὐτὸς
844 1812 920 1865 ὢν
942 1814 969 1866 6
1002 1812 1292 1883 ἀρπαγεὶς,
1317 1809 1424 1867 οἶδε
1454 1813 1546 1866 καὶ
1571 1812 1689 1874 πῶς

1789 610 2055 667 hominem
2090 616 2146 669 in
2199 614 2425 674 Christo.
2461 608 2809 687 Coguoscens
2833 627 3015 674 autem
3064 618 3366 683 hominem,

1791 703 1943 758 novit
1986 703 2148 759 etiam
2190 705 2465 775 quomodo
2512 716 2698 777 raptus
2768 707 2953 763 fuerit.
3036 708 3103 763 Et
3146 708 3371 763 Elismus
3448 708 3451 717 ’

1792 794 2097 864 suspiciens
2146 795 2343 861 Eliam,
2419 796 2553 852 vidit
2640 799 2913 866 quomodo
2972 810 3165 868 raptus
3242 799 3367 854 fuit.

1792 887 2049 940 Attamen
2076 886 2128 940 id
2157 887 2338 943 sciens
2405 903 2527 942 cum
2606 888 2733 943 ﬁliis
2796 891 3215 959 prophetarum,
3275 888 3367 958 qui

1792 979 2201 1034 arbitrabantur
2259 978 2427 1034 Etiam
2465 979 2518 1033 iu
2552 979 2789 1049 aliquem
2819 991 3058 1036 montem
3093 997 3122 1035 a
3160 980 3369 1052 Spiritu

1792 1071 2098 1141 projectum
2127 1085 2267 1137 esse,
2318 1072 2645 1141 persuadere
2696 1088 2804 1126 non
2866 1083 3069 1142 posset,
3120 1077 3250 1142 quin
3310 1077 3371 1129 il-

1793 1161 1905 1215 lum
1936 1163 2162 1216 omnino
2189 1163 2389 1218 vellent
2436 1163 2737 1232 inquirere,
2793 1166 2980 1229 tacuit,
3040 1174 3094 1219 et
3148 1167 3371 1235 acquie-

1792 1254 1872 1309 vit
1902 1270 2090 1310 eorum
2119 1255 2367 1310 consilio.
2406 1254 2544 1310 Num
2612 1256 2778 1325 igitur
2828 1257 2954 1324 quia
3006 1256 3199 1320 tacuit,
3248 1257 3371 1311 ideo

1796 1364 1906 1402 non
1932 1346 2123 1402 novit?
2154 1347 2320 1402 Norat
2379 1347 2468 1402 ille
2504 1348 2743 1417 quidem,
2802 1348 2895 1402 sed
2947 1358 3202 1415 tauquam
3260 1364 3368 1401 non

1795 1450 2009 1507 nosset,
2045 1439 2316 1494 concessit
2374 1448 2431 1494 ut
2463 1450 2795 1509 quaererent,
2827 1456 2896 1494 ne
2927 1444 2995 1494 de
3054 1450 3209 1509 raptu
3241 1440 3371 1493 Elian

1797 1534 2028 1602 amplius
2056 1533 2412 1603 ambigerem.
2446 1531 2601 1598 Quod
2649 1533 2866 1603 quidem
2904 1533 2972 1588 de
3033 1533 3223 1596 Paulo,
3275 1535 3368 1604 qui

1799 1623 1914 1694 ipse
1952 1632 2137 1693 raptus
2162 1623 2283 1685 fuit,
2322 1624 2495 1678 multo
2522 1624 2694 1693 magis
2738 1622 3091 1677 asserendum
3124 1631 3227 1676 est.
3261 1622 3373 1675 No-

1796 1715 1874 1770 vit
1927 1715 2089 1785 igitur
2112 1716 2386 1785 quomodo
2450 1725 2637 1785 raptus
2660 1714 2783 1769 fuit.
2823 1714 2954 1769 Nam
2989 1724 3043 1770 et
3098 1713 3241 1769 Elias
3269 1730 3372 1768 no-

1798 1806 1899 1863 vit.
1939 1806 1993 1861 Si
2024 1808 2144 1877 quis
2166 1818 2367 1869 tamen.
2394 1808 2663 1877 quomodo
2712 1816 2900 1878 raptus
2930 1808 3113 1873 fuerit,
3146 1807 3372 1861 Paulum

137 1900 364 1969 ήρπὰγη.
399 1902 513 1954 Καὶ
549 1904 656 1975 γὰρ
701 1904 888 1969 Ἠλίας
920 1906 1204 1972 ἐγίνωσκε,
1240 1910 1336 1958 καὶ
1371 1905 1419 1958 εί
1453 1905 1690 1959 δπυνθά-

1803 1900 2177 1971 interrogaret,
2231 1901 2441 1954 duabus
2517 1900 2584 1955 de
2633 1902 2835 1964 causis,
2898 1909 2953 1955 ul
3006 1916 3105 1972 ego
3154 1902 3372 1971 quidem

136 1995 241 2045 νετό
270 2010 371 2058 τις,
405 1990 565 2047 εἶπεν
598 1994 687 2059 ἂν,
726 1997 837 2058 πῶς
871 1996 1167 2067 ἀνελήφθη.
1206 1998 1369 2065 Λέγει
1401 1997 1457 2050 δὲ
1486 1997 1636 2066 ὅμως
1667 1995 1696 2049 6

138 2085 347 2154 Παῦλος,
381 2090 495 2141 Ούκ
530 2085 669 2154 οἶδα,
689 2089 781 2143 δύο
814 2088 1015 2143 τούτων
1044 2089 1220 2160 χάριν.
1251 2090 1325 2152 ὣς
1353 2106 1418 2157 γε
1452 2089 1656 2159 νομίζω
1679 2128 1692 2153 ,

139 2180 238 2243 ἑνὸς
277 2181 370 2251 μὲν
400 2182 477 2244 ὡς
511 2183 674 2245 αὐτὸς
704 2179 879 2249 εἶπεν,
911 2184 998 2236 ῐνα
1034 2185 1107 2253 μὴ
1136 2183 1225 2237 διὰ
1257 2184 1358 2253 τὴν
1390 2183 1698 2253 ύπερῦολην

139 2271 231 2323 τῶν
256 2273 659 2341 ἀποκαλύψεων
695 2276 884 2343 ἕτερόν
918 2294 1001 2337 τις
1035 2276 1199 2329 αὑτὸν
1232 2276 1522 2346 λογίσηται
1554 2275 1697 2345 ὑπὲρ

140 2362 357 2433 ὃβλέπει
385 2381 398 2395 ·
426 2366 621 2436 ἑτέρου
648 2367 726 2432 δὲ,
758 2368 838 2421 ὃτι
870 2369 965 2422 τοῦ
998 2369 1249 2438 Σωτῆρος
1280 2369 1551 2436 εἰπόντος,
1583 2370 1699 2422 Οὐκ

140 2452 258 2523 οἶδα,
284 2457 488 2527 ἔπρεπε
523 2459 619 2511 καὶ
654 2459 813 2512 αὐτὸν
844 2460 1040 2526 εἰπεῖν,
1069 2456 1185 2515 Ούκ
1208 2459 1347 2526 οἶδα,
1378 2462 1466 2515 ἵνα.
1482 2463 1553 2526 μὴ
1578 2459 1701 2528 φαί-

145 2564 280 2617 νηται
305 2548 484 2614 δοῦλος
520 2549 598 2604 ὣν
637 2551 777 2622 ὑπὲρ
806 2551 896 2605 τὸν
928 2552 1130 2627 Κύριον
1160 2552 1323 2606 αὑτοῦ
1347 2595 1362 2621 ,
1402 2554 1497 2607 καὶ
1529 2553 1700 2623 μαθη-

144 2638 226 2709 τὴς
252 2640 384 2712 ὑπὲρ
416 2643 512 2696 τὶν
547 2642 887 2703 διδάσκαλον.

205 2733 398 2787 Οὐκοῦν
426 2736 453 2787 6
480 2735 565 2807 τῷ
593 2736 789 2803 Παύλῳ
817 2737 1065 2803 δεδωκὼς
1109 2738 1309 2793 είδέναι
1345 2738 1526 2811 πολλῷ
1560 2739 1698 2808 μᾶλ-

144 2823 219 2878 λον
262 2828 413 2892 αὐτὸς
435 2826 570 2883 οἶδε.
603 2832 759 2895 Τίνος
788 2832 889 2901 μὲν
919 2831 1010 2886 οὖν
1038 2832 1199 2903 χάριν
1239 2828 1361 2885 εἶπε
1394 2834 1538 2898 τότε,
1581 2833 1696 2886 Οὐκ

148 2911 262 2980 οἶδα,
279 2921 494 2983 είαὺτδς
514 2920 592 2982 ὡς
620 2923 897 2993 Δεσπότης
912 2918 1052 2976 οἶδεν
1078 2938 1094 2986 ;
1123 2922 1208 2985 Ὠς
1228 2922 1283 2975 δὲ
1307 2921 1699 2991 διερευνῶντας

151 3012 472 3081 στοχάζεσθαι
498 3014 635 3086 χρὴ,
665 3017 764 3085 τῆς
790 3015 947 3085 ἡμῶν
965 3015 1129 3069 ἕνεκα
1155 3013 1513 3078 λυσιτελείας,
1536 3012 1613 3076 ὥς
1634 3029 1700 3082 γε

151 3105 345 3173 νομίζω,
393 3106 559 3160 τοῦτο
609 3109 897 3178 πεποίηκε.
928 3109 1037 3163 Καὶ
1082 3109 1189 3179 γὰρ
1217 3111 1286 3161 τὰ
1324 3108 1425 3180 μὲν
1467 3106 1571 3178 πρὸ
1602 3104 1698 3159 τοῦ

149 3198 310 3261 τέλους
366 3199 695 3254 ἀπαντῶντα
726 3198 1048 3269 δεδήλωκεν,
1082 3200 1194 3265 ἵνα,
1224 3199 1300 3264 ὡς
1328 3195 1481 3255 εἶπεν
1510 3200 1695 3265 αὐτὸς.

156 3290 216 3361 μὴ
241 3292 585 3363 ξενισθῶμεν,
617 3296 916 3364 γινομένων
944 3295 1121 3348 αὐτῶν
1140 3334 1154 3357 ,
1187 3295 1320 3348 ἀλλὰ
1356 3297 1449 3348 καὶ
1478 3297 1543 3349 ἐκ
1570 3299 1699 3348 τού-

153 3400 243 3437 των
272 3386 326 3439 τὸ
358 3389 495 3456 μετά
527 3386 705 3441 ταῦτα
731 3388 883 3451 τέλος
911 3388 1326 3458 προσδοκῶμεν.
1363 3389 1497 3452 Περὶ
1519 3388 1574 3443 δὲ
1602 3391 1701 3460 τῆς

154 3476 337 3548 ἡμέρας
360 3481 449 3534 καὶ
472 3482 579 3551 τῆς
604 3480 753 3552 ὥρας
782 3482 881 3536 οὐκ
910 3483 1142 3553 ἠθέλησε
1172 3482 1369 3547 θεῖκῶς
1393 3486 1588 3546 εἰπεῖν,
1616 3485 1698 3539 ὅτι

155 3562 280 3631 Οἶδα,
311 3570 438 3624 ἀλλά
468 3573 777 3641 σαρκικῶς,
805 3573 888 3627 ὅτι
914 3573 1029 3626 Οὐκ
1056 3568 1192 3636 οἴδα,
1230 3573 1314 3626 ἴνα
1346 3574 1545 3655 μηκέτι
1601 3574 1699 3627 ἑπ-

156 3662 466 3732 ερωτήσωσιν
496 3664 685 3727 αὐτὸν,
726 3666 821 3718 καὶ
848 3665 1087 3736 λοιπδνῆ
1117 3665 1191 3736 μὴ
1217 3665 1454 3735 εἰρηκὼς
1483 3666 1699 3736 λυπήσῃ

156 3753 258 3816 τοὺς
288 3756 607 3827 μαθητὰς,ἦ
638 3756 872 3827 εἰρηκὼς
902 3757 1054 3827 παρά
1080 3756 1143 3812 τὸ
1199 3758 1477 3827 συμφέρον
1515 3758 1699 3821 αὐτοῖς

158 3846 237 3899 καὶ
266 3850 420 3904 πᾶσιν
449 3850 587 3920 ἡμῖν
619 3852 844 3919 ποιήσῃ.
876 3850 942 3903 Ὃ
972 3848 1082 3919 γὰρ
1115 3850 1182 3904 ἂν
1205 3853 1356 3921 ποιῇ,
1381 3848 1537 3905 τοῦτο
1566 3848 1704 3905 πάν-

159 3952 246 4001 τως
273 3940 400 4009 ὑπὲρ
426 3941 592 4012 ἡμῶν
623 3942 807 4005 ἐστιν,
846 3942 1034 4014 ἐπειδὴ
1066 3942 1159 3995 καὶ
1190 3943 1257 3995 δι’
1288 3943 1435 4013 ἡμᾶς
1469 3943 1499 3995 6
1530 3942 1702 4010 Λόγος

160 4031 272 4099 σὰρξ
300 4035 535 4101 ἐγένετο.
573 4034 651 4089 Δι’
685 4035 835 4105 ἡμᾶς
865 4034 1044 4089 τοίνυν
1083 4029 1274 4089 εἷπεν·
1311 4036 1465 4090 Οὐδὲ
1498 4037 1531 4090 ό
1568 4036 1701 4099 Υἱὸς

159 4119 261 4177 οἶδε
281 4168 293 4189 ,
326 4130 412 4181 καὶ
442 4129 574 4181 οὗτε
610 4128 880 4199 ἐψεύσατο
911 4126 1171 4198 εἰρηκὼς,
1199 4128 1559 4200 ἀνθρωπίνως
1593 4127 1701 4198 γὰρ

158 4212 286 4270 εἶπεν
310 4220 377 4283 ὡς
403 4223 717 4292 ἄνθρωπος,
748 4221 863 4273 Ούκ
890 4216 1027 4285 οἴδα,
1064 4219 1187 4273 οὕτε
1221 4221 1403 4289 ἀφῆκε
1433 4222 1562 4284 τοὺς
1594 4237 1702 4288 μα-

160 4308 303 4378 Θητὶις
348 4314 505 4367 αὑτὸν
562 4314 870 4384 βιάσασθαι.
925 4313 1177 4385 Είρηκὼς
1228 4312 1357 4384 γὰρ,
1391 4313 1505 4366 Ούκ
1562 4307 1700 4376 οῖδα,

162 4398 326 4472 ἔστησε
362 4406 632 4459 κάκείνων
664 4405 764 4478 τὴν
800 4405 1091 4477 ἐρώτησιν.
1135 4405 1223 4457 Ἑν
1244 4404 1375 4475 γοῦν
1404 4406 1522 4468 ταῖς
1552 4405 1698 4475 [Ιρά-

164 4488 255 4550 ξεσι
280 4494 376 4545 τῶν
398 4496 710 4550 ἀποστόλων
738 4497 854 4550 ἐστὶ
883 4496 1289 4566 γεγραμμένον,
1336 4496 1416 4548 ὅτι
1470 4494 1702 4565 ἠρώτων

1800 1993 2074 2060 existimo,
2139 1993 2254 2046 Non
2295 1995 2433 2056 novi,
2468 1994 2843 2062 responderet.
2878 1991 3118 2047 Primum
3152 2010 3220 2047 ne
3251 1995 3375 2062 quis

1804 2092 2031 2156 propter
2102 2083 2482 2139 excellentiam
2546 2083 2941 2138 revelationum
3005 2084 3229 2138 duceret
3295 2084 3378 2152 ip.

1799 2191 1920 2230 sum
1989 2191 2108 2231 esse
2162 2191 2328 2245 supra
2381 2176 2433 2231 id
2485 2176 2630 2245 quod
2681 2177 2913 2231 videret.
2980 2176 3187 2231 Deinde
3248 2177 3377 2245 quia

1800 2266 2095 2323 Servatore
2128 2278 2380 2339 negante,
2410 2283 2469 2323 se
2502 2283 2689 2335 nosse,
2725 2269 2958 2325 debebat
2983 2276 3037 2322 et
3071 2268 3246 2338 ipsum
3296 2267 3377 2321 di-

1798 2376 1946 2425 cere,
1974 2360 2188 2424 Nescio,
2225 2376 2294 2415 ne
2339 2376 2462 2415 cum
2508 2368 2655 2415 esset
2701 2374 2895 2414 servus
2941 2370 2997 2415 et
3050 2358 3374 2430 discipulus,

1801 2453 2029 2509 Domino
2053 2462 2109 2509 et
2142 2462 2479 2526 praeceptore
2509 2454 2685 2526 major
2723 2455 3020 2511 videretur.

1870 2742 2050 2809 Quare
2080 2741 2171 2811 qui
2220 2739 2389 2797 Paulo
2418 2742 2586 2807 dedit,
2613 2753 2673 2799 ut
2721 2742 2905 2806 sciret,
2974 2742 3147 2797 multo
3208 2742 3379 2812 magis

1802 2831 1916 2902 ipse
1946 2833 2116 2886 novit.
2151 2830 2260 2886 Cur
2282 2832 2448 2902 igitur
2474 2842 2601 2889 tunc
2634 2834 2872 2905 negavit,
2895 2848 2954 2890 se
2983 2849 3171 2899 nosse,
3198 2834 3288 2904 qui
3320 2844 3379 2886 ut

1802 2926 2064 2981 Dominus
2115 2926 2301 2980 novit?
2359 2925 2567 2980 Nostra:
2597 2926 2858 2981 nimirum
2911 2926 3159 2981 utilitatis
3213 2939 3377 2979 causa

1801 3017 1853 3072 id
1884 3017 2036 3083 fecit,
2061 3016 2108 3070 si
2146 3026 2327 3070 tamen
2372 3017 2505 3072 licet
2553 3018 2890 3090 vestigantes
2938 3018 3141 3088 aliquid
3198 3016 3378 3086 conji-

1803 3126 1949 3167 cere.
1978 3110 2109 3164 Nam
2136 3118 2191 3165 et
2215 3119 2481 3165 eventura
2515 3121 2641 3164 ante
2670 3111 2860 3167 mundi
2911 3110 3073 3167 ﬁnem
3104 3110 3380 3182 signiﬁca-

1729 3233 1772 3295 ο
1804 3204 1905 3267 vit,
1940 3217 2010 3258 ne
2053 3216 2180 3256 cum
2225 3217 2287 3257 ea
2335 3201 2738 3272 contingerent,
2799 3218 2901 3257 nos
2955 3209 3013 3256 ut
3060 3199 3381 3272 peregrinos

1800 3306 1857 3353 et
1888 3296 2268 3367 imprudentes
2317 3295 2714 3365 opprimerent,
2766 3295 2860 3349 sed
2898 3303 2960 3349 ut
3001 3309 3066 3349 ex
3104 3294 3228 3357 illis,
3259 3306 3381 3362 quae

1801 3396 1927 3459 post
1980 3389 2147 3444 etiam
2197 3386 2379 3441 futura
2422 3396 2627 3453 essent,
2686 3396 3157 3459 exspectaremus.
3226 3384 3377 3437 Diem

1801 3490 1987 3536 autem
2022 3491 2077 3535 et
2111 3481 2302 3534 horam
2334 3479 2510 3533 noluit
2542 3486 2600 3531 ut
2647 3477 2793 3531 Deus
2837 3477 3021 3532 dicere
3076 3492 3134 3531 se
3189 3489 3377 3540 nosse,

1802 3574 1897 3629 sed
1946 3584 2006 3628 ut
2040 3572 2204 3628 homo
2236 3586 2295 3627 se
2324 3571 2542 3642 negavit
2579 3571 2741 3635 scire,
2770 3586 2838 3626 ne
2873 3569 3108 3639 amplius
3142 3568 3381 3622 interro-

1803 3676 2013 3737 garent.
2045 3664 2135 3720 Sic
2161 3665 2326 3736 igitur
2354 3678 2468 3718 rem
2491 3666 2837 3734 temperavit,
2869 3677 2938 3715 ne
2972 3662 3017 3715 si
3048 3661 3132 3714 vel
3156 3660 3380 3714 omnino

1805 3766 2030 3821 taceret,
2060 3754 2284 3810 tristitia
2311 3753 2608 3824 discipulos
2670 3750 2931 3817 alliceret,
2983 3750 3069 3804 vel
3117 3750 3163 3804 si
3217 3749 3380 3819 plane

1802 3849 2155 3922 patefaceret,
2191 3855 2378 3920 ageret
2429 3853 2623 3903 contra
2651 3860 2813 3915 quam
2861 3853 2918 3899 et
2966 3843 3074 3898 illis
3099 3852 3155 3897 et
3220 3842 3381 3899 nobis

1803 3946 1947 3996 l‘oret
1972 3942 2129 3995 utile.
2175 3938 2447 4005 Quoniam
2501 3937 2666 4008 igitur
2696 3944 2924 4006 propter
2970 3950 3072 3989 nos
3141 3933 3377 3986 Verbum

1802 4048 1929 4087 caro
1959 4033 2160 4087 factum
2188 4041 2291 4093 est.
2321 4036 2542 4101 propter
2560 4043 2659 4083 nos
2690 4027 2854 4083 etiam
2898 4027 3069 4082 dixit:
3101 4026 3176 4081 Nc
3207 4023 3381 4079 Filius

1804 4125 2025 4197 quidem
2053 4125 2230 4179 novit.
2259 4122 2448 4192 Neque
2477 4121 2550 4176 ita
2606 4121 2795 4175 dicens
2827 4121 3091 4174 mentitus
3125 4128 3228 4173 est.
3263 4117 3382 4172 Ilu-

1805 4235 1971 4274 mano
2004 4218 2150 4273 enim
2178 4232 2352 4281 more,
2386 4222 2447 4269 ut
2486 4215 2671 4281 homo,
2708 4216 2928 4285 negavit
2992 4227 3051 4267 se
3085 4214 3246 4277 scire,
3280 4225 3382 4265 nec

1807 4314 2085 4383 permisit,
2118 4320 2178 4366 ut
2212 4309 2465 4379 discipuli
2518 4322 2577 4363 se
2641 4308 2877 4378 amplius
2925 4316 3219 4379 urgerent;
3285 4321 3383 4360 ne-

1805 4405 1984 4475 gando
2012 4403 2158 4458 enim
2221 4402 2461 4467 sescire,
2504 4400 2635 4454 fecit
2685 4400 3171 4471 interrogationem
3238 4400 3383 4467 ipso-

1807 4510 1929 4548 rum
1962 4492 2295 4548 consistere.
2328 4490 2399 4544 At
2441 4489 2493 4542 in
2524 4503 2589 4542 eo
2614 4488 2775 4553 libro,
2802 4503 2909 4558 quo
2956 4502 3043 4541 res
3069 4489 3136 4539 ah
3159 4493 3381 4554 aposto-

164 4580 296 4633 αὐτὸν
334 4586 487 4641 πάλιν
528 4590 579 4640 oi
625 4590 884 4658 μαθηταὶ,
928 4589 1057 4643 πότε
1094 4590 1155 4642 τὸ
1192 4588 1345 4652 τέλος
1390 4588 1564 4649 ἔσται,
1609 4588 1696 4639 καὶ

1806 4587 1873 4640 lis
1905 4593 2069 4657 gesta“:
2095 4583 2465 4648 continentur,
2507 4580 2768 4650 scriptum
2815 4590 2916 4645 est,
2943 4579 3241 4649 discipulos
3276 4578 3381 4631 ite-

166 4672 273 4725 τότε
301 4679 594 4750 παραγίνῃ,
630 4682 721 4733 καὶ
750 4679 903 4734 εἷπεν
936 4681 1118 4743 αὐτοῖς
1151 4679 1550 4751 φανερώτερον·
1579 4680 1702 4747 Οὐχ

164 4763 303 4830 ὑμῶν
331 4768 455 4824 ἐστι
482 4770 700 4839 γνῶναι
733 4773 997 4839 χρόνους
1026 4772 1063 4841 ἢ
1094 4772 1361 4841 καιροὺς,
1393 4771 1501 4837 οὒς
1527 4773 1560 4826 ό
1590 4775 1707 4826 Πα-

165 4857 254 4922 τὴρ
279 4859 431 4914 ἔθετο
463 4864 534 4917 ἐν
568 4862 643 4932 τῇ
684 4864 801 4932 ίδίᾳ
829 4865 1102 4934 ἐξουσίᾳ.
1141 4867 1249 4919 Καὶ
1276 4865 1375 4918 οὐκ
1408 4861 1529 4917 εἶπε
1562 4865 1703 4927 τότε,

168 4947 261 5002 Οόκ
285 4948 413 5005 οἶδεν
440 4956 561 5010 οὐδὲ
594 4959 620 5009 6
652 4957 809 5025 Υίὸς,
848 4958 1037 5028 ὥσπερ
1070 4958 1174 5028 πρὸ
1202 4957 1395 5011 τούτου
1428 4956 1704 5028 ἀνθρωπί-

169 5057 272 5103 νως.
307 5047 494 5103 Λοιπὸν
527 5052 635 5120 γὰρ
674 5046 742 5123 ἦν
786 5053 817 5122 ἡ
853 5052 988 5120 σὰρξ
1032 5052 1333 5118 ἀναστᾶσα,
1370 5052 1463 5104 καὶ
1503 5049 1704 5102 ἀποθε-

172 5135 287 5207 μὲνη
320 5139 412 5210 τὴν
445 5143 710 5213 νέκρωσιν
731 5184 744 5209 ,
781 5146 874 5198 καὶ
908 5144 1291 5217 θεοποιηθεῖσα
1313 5187 1326 5210 ,
1368 5145 1461 5197 καὶ
1491 5144 1590 5196 οὐκ
1618 5142 1699 5196 ἔτι

171 5223 348 5296 ἔπρεπε
390 5236 667 5303 σαρκικὼς
704 5237 866 5289 αὑτὸν
902 5237 1298 5308 ἀποκρίνασθαι
1339 5237 1701 5307 ἀνερχόμενον

171 5317 235 5376 εἰς
263 5322 377 5384 τοὺς
414 5324 696 5392 οὐρανοὺς,
727 5323 863 5378 ἀλλὰ
894 5326 1077 5378 λοιπὸν
1113 5326 1307 5388 θεῖκῶς
1344 5324 1586 5389 διδάξαι,
1618 5323 1702 5375 ὅτι

168 5405 268 5473 Οὐχ
295 5410 448 5479 ὑμῶν
475 5414 603 5467 ἐστι
626 5415 843 5483 γνῶναι
873 5418 1129 5485 χρόνους
1180 5416 1215 5484 ἣ
1245 5414 1508 5481 καιροὺς,
1537 5412 1642 5479 οὓς
1670 5416 1702 5467 δ

170 5495 345 5569 Πατὴρ
377 5503 536 5560 ἔθετο
566 5507 634 5561 ἐν
659 5508 731 5577 τῇ
765 5509 878 5575 ἰδίᾳ
909 5509 1182 5575 ἐξουσίᾳ.
1208 5508 1303 5570 Τίς
1332 5508 1389 5561 δὲ
1416 5509 1447 5578 ἡ
1470 5508 1700 5576 δύναμις

172 5589 250 5641 τοῦ
272 5593 464 5665 Πατρὺς
495 5599 526 5668 ἢ
553 5602 578 5652 6
600 5602 834 5672 Χριστός
860 5617 873 5667 ;
904 5602 1138 5673 Χριστὸς
1162 5600 1268 5671 γὰρ
1293 5600 1426 5655 Θεοῦ
1473 5599 1701 5670 δύναμις

173 5682 251 5733 καὶ
283 5683 407 5739 Θεοῦ
445 5692 619 5759 σοφία.

216 5854 389 5921 “Act.
420 5880 457 5933 t,
485 5866 539 5925 7.
612 5873 629 5902 ⁸
656 5870 675 5927 l
702 5870 826 5927 Cor.
862 5890 899 5938 ι,
935 5871 1023 5927 24.

1808 4694 1928 4734 rum
1986 4677 2376 4743 interrogasse,
2445 4673 2666 4743 quando
2716 4672 2841 4725 linis
2891 4679 3037 4725 esset
3091 4681 3378 4733 venturus,

1805 4785 2044 4839 eumque
2074 4768 2273 4822 clarius
2299 4765 2402 4819 illis
2464 4766 2531 4819 ad
2558 4766 2705 4819 hunc
2734 4763 2954 4818 modum
2984 4760 3379 4831 respondisse:

1814 4863 1935 4917 Non
1965 4872 2039 4916 est
2065 4872 2318 4925 vestrum,
2358 4876 2508 4913 nosse
2543 4868 2779 4923 tempora
2826 4857 2908 4910 vel
2951 4864 3233 4918 momenta,
3267 4870 3385 4924 qua:

1809 4961 1974 5016 Pater
2011 4960 2182 5028 posuit
2229 4958 2284 5011 in
2310 4975 2407 5012 sua
2474 4964 2732 5023 potestate
2764 4954 2803 5007 ί.
2852 4952 2969 5007 Νοιι
3025 4953 3163 5007 dixit
3216 4961 3385 5005 tunc:

1809 5046 1888 5102 Ne
1910 5045 2084 5101 Filius
2113 5045 2330 5116 quidem
2375 5044 2545 5107 novit,
2575 5052 2633 5096 ut
2668 5053 2827 5097 antea
2860 5044 3094 5107 dixerat,
3128 5050 3386 5111 tanquam

1813 5142 2001 5194 homo.
2033 5139 2153 5193 Jam
2223 5137 2368 5192 enim
2434 5146 2753 5191 surrexerat
2816 5150 2966 5201 caro,
3030 5136 3387 5204 depositaque

1813 5234 2145 5288 mortalitate
2174 5232 2359 5287 divina
2392 5242 2510 5287 erat
2565 5232 2803 5286 reddita.
2842 5230 2948 5283 Nec
3005 5229 3240 5297 amplius
3294 5230 3389 5281 de-

1812 5326 1990 5385 cebat,
2018 5334 2072 5379 ut
2102 5324 2214 5394 jam
2252 5324 2305 5377 in
2342 5324 2539 5378 cmlum
2572 5324 2749 5377 iturus
2778 5322 3159 5390 responderet,
3182 5330 3248 5395 ut
3284 5320 3383 5372 ho-

1813 5434 1925 5482 mo,
1945 5418 2039 5472 sed
2063 5418 2286 5471 doceret
2310 5427 2369 5470 ut
2401 5416 2563 5477 Deus,
2592 5415 2715 5470 Non
2733 5424 2805 5468 est
2823 5424 3073 5475 vestrum,
3102 5414 3382 5481 inquiens,

1813 5527 1962 5565 nosse
1996 5518 2229 5579 tempora
2255 5508 2335 5563 vel
2365 5520 2650 5569 momenta,
2673 5524 2787 5577 qua:
2815 5505 2978 5560 Pater
3006 5505 3181 5576 posuit
3212 5505 3267 5557 in
3288 5522 3387 5558 sua

1810 5608 2088 5671 potestate.
2110 5599 2241 5666 Quae
2259 5610 2441 5653 autem
2465 5598 2641 5652 Patris
2671 5606 2934 5668 potestas,
2954 5598 3055 5652 nisi
3087 5596 3390 5653 Christus?

1808 5692 2065 5749 Christus
2090 5693 2236 5749 enim
2294 5690 2391 5747 Dei
2454 5690 2631 5746 virtus
2683 5698 2737 5744 et
2764 5689 3034 5760 sapientia
3061 5689 3104 5745 ’.
