3860 6554
524 374 635 436 443

1758 383 2139 443 EUTlIYMII
2180 384 2537 445 ZiGABE‘ii
3629 386 3706 448 iii

599 487 818 543 Sciebat
845 487 1032 559 utique
1069 485 1264 553 Filius,
1298 488 1376 544 uti
1414 486 1673 545 Verbum.
1722 489 1813 545 Sic
1836 492 1981 546 enim
2015 492 2066 544 lu

2270 489 2425 549 Οἶδεν
2451 497 2556 565 ἄρα
2585 494 2612 545 ὁ
2638 494 2761 556 Υἱὸς
2793 494 2964 557 Λόγος
2996 492 3093 548 ὢν.
3127 492 3295 547 Τοῦτο
3316 494 3425 564 γὰρ
3445 494 3711 569 λέγωνὲσῇ.

527 594 699 647 quens
716 577 1037 649 signiﬁcavit
1069 592 1125 632 sc
1151 577 1315 644 scire,
1334 578 1428 634 sed
1461 579 1525 633 ad
1556 596 1653 635 eos
1683 594 1793 634 non
1818 582 2097 648 pertinere

526 685 874 740 cognoscere,
897 679 949 724 ut
965 669 1181 725 etiamsi
1208 671 1485 726 daemones
1504 672 1737 741 speciem
1756 682 2101 727 assumerent

524 763 866 833 angelorum,
908 774 964 816 et
1012 771 1347 818 conarentur
1400 764 1590 819 mundi
1621 766 1779 820 ﬁnem
1808 763 2098 820 denuntia-

530 870 607 916 re,
642 870 752 924 quo
784 854 1068 912 audientes
1119 856 1461 926 deciperent,
1506 873 1577 911 ne
1634 857 1737 912 illis
1765 857 2083 923 crederent,

527 962 649 999 cum
683 946 1089 1018 vocisDomini
1135 948 1507 1003 testimonium
1566 948 1855 1005 haberent.
1918 948 2097 1014 Quan-

527 1052 688 1105 quam
716 1052 788 1091 ne
838 1037 1055 1106 expedit
1101 1038 1316 1107 quidem
1374 1040 1691 1094 hominibus
1722 1039 1883 1094 ﬁnem
1945 1039 2095 1092 illum

529 1142 712 1193 nosse,
755 1142 826 1183 ne
882 1143 948 1183 eo
999 1131 1213 1199 cognito
1261 1131 1597 1202 negligentes
1654 1132 1871 1187 interim
1937 1131 2088 1186 ﬁant.

539 1218 910 1283 Quamobrem
962 1229 1257 1290 utrumque
1307 1223 1493 1287 nobis;
1528 1224 1693 1277 ﬁnem
1756 1233 1869 1277 tum
1917 1224 2090 1285 orbis.

535 1318 649 1361 tum
680 1323 792 1362 suae
816 1308 1079 1379 cujusque
1117 1311 1241 1364 vitae
1280 1319 1468 1365 notum
1525 1326 1644 1367 esse
1704 1312 1901 1365 noluit.
1958 1311 2094 1367 Nam

536 1399 663 1452 etin
705 1400 1077 1456 universitatis
1113 1401 1222 1456 ﬁne
1278 1402 1615 1473 singulorum
1656 1402 1778 1458 ﬁnis
1841 1418 2096 1473 compre-

538 1489 815 1554 henditur,
846 1500 902 1545 et
926 1491 1260 1562 singulorum
1316 1495 1424 1548 ﬁne
1476 1494 1689 1563 cogitur
1717 1494 1840 1547 ﬁnis
1873 1493 2094 1548 univer-

537 1582 725 1647 sitatis,
758 1594 815 1637 ut
846 1599 966 1639 cum
986 1584 1234 1639 incertus
1265 1586 1357 1647 sit,
1397 1587 1638 1656 quotidie
1699 1587 1873 1658 magis
1903 1586 1958 1640 in
1988 1585 2094 1639 vir-

536 1672 667 1727 tutis
695 1675 875 1729 studio
906 1676 1272 1745 proﬁciamus.
1310 1677 1378 1731 Et
1404 1677 1530 1731 ideo
1584 1677 1842 1733 Servator
1890 1677 2091 1743 adjun-

532 1766 609 1833 git
645 1783 658 1818 :
693 1764 923 1836 Vigilate
961 1768 1147 1838 igitur,
1180 1771 1303 1839 quia
1359 1771 1589 1836 nescitis,
1651 1787 1755 1842 qua
1783 1771 1913 1825 hora
1980 1770 2091 1825 Do-

2203 602 2391 656 μανεν,
2428 586 2509 640 ὅτι
2532 587 2683 653 Ἐγὼ
2708 580 2845 651 οῖδα,
2870 584 2983 638 ἀλλ’
3020 583 3121 638 οὐκ
3158 584 3305 639 ἐστιν
3340 584 3491 654 ὑμῶν
3530 588 3707 653 γνῶναι,

2201 676 2288 728 ἵνα
2304 674 2406 729 κᾶν
2423 674 2496 738 ὡς
2521 676 2742 743 ἄγγελοι
2770 691 3013 745 μετασχη
3024 672 3353 743 ματίζωνται
3378 673 3626 743 δαίμονες,
3644 682 3711 732 καὶ

2199 766 2328 834 περὶ
2366 766 2464 834 τῆς
2506 767 2817 829 συντελείας
2862 765 3252 837 ἐπιχειρήσωσι
3295 765 3473 832 λέγειν
3520 768 3636 837 πρὸς
3666 771 3712 822 τὸ

2199 858 2478 929 πλανῆσαι
2517 861 2642 922 τοὺς
2690 859 3012 925 ἀκούοντας,
3062 858 3137 928 μὴ
3188 857 3506 927 πιστεύσητε
3539 860 3710 930 ἔχοντες

2199 950 2355 1019 ὑμεῖς
2388 969 2462 1004 πα
2474 949 2520 1021 ρ’
2551 950 2687 1021 ἐμοῦ
2719 951 2816 1022 τὴν
2850 950 3055 1021 φωνήν.
3100 949 3308 1012 ¹’Δλλιυς
3333 967 3391 1001 τε
3420 950 3531 1002 οὐδὲ
3551 952 3709 1006 nam

2197 1044 2311 1104 τοῖς
2342 1040 2649 1113 ἀνθρώποις
2688 1042 2749 1093 τὸ
2779 1042 2929 1103 τέλος
2965 1042 3268 1111 συμφέρει,
3310 1041 3402 1094 ἵνα
3438 1042 3508 1112 μὴ
3538 1043 3710 1110 γνόντες

2197 1135 2614 1207 καταφρονηταὶ
2643 1134 2739 1187 τοῦ
2769 1134 2976 1204 μεταξὺ
3005 1134 3200 1205 χρόνου
3232 1133 3514 1199 γένωνται.
3552 1133 3709 1204 ’Δμφόσ

2194 1245 2329 1299 τερα
2372 1227 2436 1299 δὴ
2476 1224 2569 1282 οὖν
2596 1228 2689 1281 καὶ
2730 1228 2790 1280 τὸ
2818 1226 3044 1280 καθόλου
3087 1226 3261 1288 τέλος,
3297 1224 3394 1278 καὶ
3437 1225 3496 1275 τδ
3524 1224 3708 1278 ἑκάστου

2196 1317 2515 1387 ἀπέκρυψεν
2540 1316 2633 1385 ἀφ’
2661 1315 2816 1388 ἡμῶν
2841 1315 2869 1368 ὁ
2901 1314 3095 1383 Λόγος.
3130 1312 3243 1366 Καὶ
3270 1312 3381 1380 γάρ
3414 1312 3468 1364 ὲν
3493 1310 3563 1382 τῷ
3588 1314 3711 1365 καθό-

2194 1406 2288 1461 λου
2316 1408 2376 1460 τδ
2404 1407 2637 1462 ἑκάστου
2667 1404 2817 1467 τέλος
2852 1402 2970 1457 ἐστὶ
2990 1442 3005 1468 ,
3042 1403 3135 1457 καὶ
3164 1403 3223 1454 ὲν
3250 1401 3327 1471 τῷ
3356 1401 3572 1453 ἑκάστου
3603 1401 3711 1453 τέλει

2192 1499 2256 1552 τὸ
2288 1497 2515 1551 καθόλου
2548 1496 2865 1564 συνάγεται,
2901 1495 2989 1549 ἵνα
3021 1492 3218 1564 ἀδήλου
3257 1490 3423 1545 αὑτοῦ
3460 1492 3613 1555 ὄντος,
3644 1492 3709 1543 καὶ

2194 1590 2284 1645 ἀεὶ
2315 1590 2788 1661 προσδοκωμένου,
2819 1586 2942 1641 καθ’
2974 1586 3186 1657 ἡμέραν
3219 1582 3619 1653 προκόπτωμεν.
3640 1586 3709 1633 Au

2192 1680 2350 1734 τοῦτο
2382 1681 2491 1749 γάρ
2535 1680 2801 1748 ἐπέφερεν
2839 1680 2868 1730 ὁ
2897 1677 3087 1747 Σωτὴρ
3130 1673 3306 1742 λέγων
3350 1689 3367 1707 ·
3412 1671 3710 1740 Γρηγορεῖτε

2199 1767 2314 1828 οὖν
2345 1771 2432 1825 ὅτι
2459 1773 2568 1826 οὐκ
2592 1770 2790 1824 οτόατε
2842 1768 2985 1822 οὐδὲ
3008 1767 3176 1838 ὑμεῖς
3205 1769 3351 1835 ποίᾳ
3380 1763 3557 1834 furem
3578 1766 3603 1814 ό
3630 1762 3710 1814 Κύ-

528 1856 700 1910 minus
723 1866 887 1911 vester
914 1870 1162 1914 venturus
1189 1861 1257 1913 sit
1292 1862 1331 1915 ‘.
1384 1860 1611 1931 Propter
1670 1862 1958 1917 utilitatem
2015 1878 2095 1917 er-

2198 1882 2324 1933 ριος
2359 1862 2524 1934 ὑμῶν
2552 1863 2807 1931 ἔρχεται.
2841 1861 2939 1915 Διά
2966 1860 3030 1913 τὸ
3055 1860 3339 1929 συμφέρον
3370 1860 3471 1928 ἄρα
3494 1856 3547 1908 τὸ
3569 1857 3621 1908 ἐκ
3642 1855 3709 1919 τῆς

527 1961 593 2015 go
619 1947 1023 2015 provenientem
1082 1964 1146 2003 ex
1188 1950 1288 2004 hac
1336 1950 1548 2004 inscitia
1595 1949 1665 2004 ita
1732 1951 1944 2005 locutus
1997 1957 2096 2004 est.

490 2092 493 2093 ν
529 2037 647 2093 Jam
681 2055 805 2094 cum
841 2040 893 2092 in
932 2040 1185 2110 paradiso
1218 2039 1481 2095 Dominus
1532 2041 1614 2095 sic
1637 2040 1806 2095 Adam
1855 2041 2097 2096 interro-

525 2143 654 2202 get:
687 2134 878 2199 Adam,
914 2133 1001 2191 ubi
1048 2148 1099 2185 es
1126 2133 1191 2186 ’2
1228 2142 1282 2187 et
1327 2147 1390 2186 ex
1427 2133 1559 2189 Cain
1593 2142 1820 2202 quaerat,
1880 2133 1973 2187 ubi
2029 2131 2102 2188 sit

525 2228 694 2281 frater
744 2228 881 2297 ejus,
920 2225 1053 2295 quid
1089 2225 1178 2279 hic
1246 2225 1486 2279 dicetis?
1555 2225 1763 2280 Eumne
1827 2225 2097 2296 ignorare,

524 2328 690 2389 atque
727 2318 849 2374 ideo
876 2320 956 2375 sic
991 2319 1340 2388 percontari?
1375 2319 1444 2383 At
1483 2317 1807 2373 Manichzeos
1834 2319 1939 2372 hoc
1978 2333 2097 2371 mo-

533 2410 606 2464 do
634 2424 730 2463 vos
758 2424 880 2462 esse
909 2408 1279 2463 deelarabitis.
1307 2407 1506 2463 Eorum
1543 2409 1690 2463 enim
1724 2408 1945 2478 prepria
1985 2408 2099 2463 hinc

532 2511 616 2556 est
641 2502 897 2555 audacia.
952 2501 1105 2566 Quod
1135 2501 1180 2555 si
1235 2510 1509 2564 verentes,
1562 2515 1632 2555 ne
1682 2509 1869 2570 aperte
1920 2498 2099 2554 Mani-

527 2595 662 2649 chaai
694 2591 1072 2658 nominemini,
1110 2592 1263 2648 vobis
1293 2590 1429 2661 ipsis
1463 2590 1572 2645 vim
1608 2590 1834 2657 aﬁertis,
1862 2599 1923 2645 ut
1953 2590 2101 2645 dica-

532 2687 624 2751 tis,
660 2702 786 2741 eum
835 2695 1255 2757 cognoscentem
1320 2684 1655 2755 percontari,
1718 2684 1849 2753 quid
1909 2684 2100 2738 absur-

527 2779 656 2833 dum
715 2788 811 2832 aut
846 2792 1043 2833 novum
1068 2775 1775 2847 mnspieitis,qnamobrem
1809 2773 2096 2840 excidatis,

529 2872 571 2923 si
605 2870 792 2936 Filius,
833 2870 887 2924 in
928 2885 1036 2939 quo
1087 2879 1216 2924 tunc
1270 2868 1415 2922 Deus
1478 2866 1922 2937 percontabatur,
1984 2866 2099 2933 ipse

529 2978 674 3014 nunc
710 2977 929 3015 carnem
963 2958 1186 3015 indutus
1246 2969 1307 3013 nt
1338 2961 1501 3013 homo
1524 2959 1922 3028 percontatur?
1980 2956 2095 3013 Nisi

532 3063 591 3106 ut
617 3068 741 3108 cum
784 3052 1066 3109 blanichaai
1098 3053 1241 3119 sitis,
1295 3054 1767 3123 percontationem
1829 3052 1992 3106 etiam
2029 3051 2096 3104 il-

2202 1957 2424 2027 ἀγνοίας
2452 1954 2608 2008 τοῦτο
2654 1952 2897 2023 εἴρηκεν.
2924 1952 3010 2004 'Ev
3036 1950 3113 2020 τῷ
3137 1950 3446 2020 παραδείσῳ
3474 1945 3523 1998 δὲ
3552 1942 3708 1997 πυνθά-

2200 2061 2346 2099 νεται
2372 2046 2399 2096 ὁ
2425 2044 2551 2106 Θεὸς
2582 2059 2674 2095 του
2702 2042 2873 2111 ’Λδάμ
2895 2040 3069 2109 λέγων
3090 2053 3103 2068 ·
3143 2038 3352 2107 ’Δδὰμ,
3386 2035 3497 2089 ποῦ
3522 2030 3599 2098 si;
3628 2031 3710 2094 Ἐξ-

2200 2135 2381 2199 ετάζει
2405 2135 2458 2187 δὲ
2485 2134 2679 2187 καὶτὸν
2705 2134 2841 2187 Κάῖν
2869 2131 3043 2201 λέγων
3065 2148 3078 2161 °
3110 2129 3235 2183 Ποῦ
3260 2131 3441 2184 ’Ἅϐελ
3463 2125 3707 2192 όάδελφός

2199 2243 2357 2291 σου;
2410 2227 2473 2279 Τί
2525 2227 2705 2280 τοίνυν
2761 2226 2855 2279 καὶ
2902 2223 3030 2292 περὶ
3080 2222 3272 2276 τούτου
3322 2221 3494 2289 (pars;
3538 2217 3590 2269 Ei
3632 2216 3707 2282 γὰρ

2198 2321 2413 2389 ἀγνοεῖν
2442 2319 2603 2372 αὑτὸν
2636 2315 2910 2387 νομίζετε,
2942 2316 3036 2369 καὶ
3067 2314 3153 2366 διά
3190 2312 3353 2365 τοῦτο
3384 2306 3706 2366 πυνθάνεσθαι,

2200 2410 2522 2481 Μανιχαίοις
2572 2408 2670 2479 μὲν
2712 2408 2813 2478 ἤδη
2861 2403 3248 2473 προσετέθη-τε.
3307 2399 3490 2453 Αὐτῶν
3539 2397 3627 2464 γὰρ
3667 2392 3707 2445 τὸ

2198 2504 2440 2559 τοιοῦτον
2468 2503 2740 2573 τόλμημα..
2767 2502 2829 2555 Εἰ
2855 2500 2912 2553 δὲ
2943 2497 3267 2568 φοϐούμενοι
3298 2491 3535 2565 φανερῶς
3561 2491 3708 2559 ὀνομα-

2201 2598 2393 2668 σθῆναι
2418 2597 2712 2665 Μανιχαίοι
2740 2593 2991 2664 βιάζεσθε
3019 2592 3215 2653 αὐτοὺς
3248 2589 3443 2651 εἰπεῖν,
3482 2586 3554 2638 ὅτι
3586 2581 3704 2650 γιιίιὶι⁶

2200 2708 2345 2744 σκων
2389 2689 2740 2754 πῦνθάνεται,
2785 2686 2838 2740 τί
2882 2687 3104 2747 ἄτοπον,
3153 2682 3188 2752 ἢ
3238 2682 3292 2735 τί
3348 2680 3491 2746 ξένον
3527 2676 3702 2746 ὁρῶντες

2196 2784 2342 2837 οὕτω
2381 2780 2729 2847 πεπτώκατε,
2768 2779 2816 2832 ει
2843 2781 2871 2831 ὁ
2903 2778 3050 2843 Υἱὸς,
3078 2779 3135 2830 ὲν
3160 2770 3204 2844 ᾧ
3232 2776 3355 2828 τότε
3388 2767 3704 2825 ἐπυνθάνεωὸ

2196 2878 2327 2941 Θεὸς
2351 2914 2367 2941 ,
2406 2879 2432 2930 ὁ
2470 2875 2632 2936 αὐτὸς
2670 2873 2796 2935 Υἱὸς
2830 2872 2927 2925 καὶ
2961 2870 3055 2924 νῦν
3096 2868 3277 2938 σάρκα
3310 2862 3703 2937 περιὸιλλόμενος

2196 2969 2527 3025 πυνθάνεται
2578 2966 2654 3030 ὡς
2703 2964 3033 3035 άνθρωπος;
3088 2963 3152 3015 Et
3201 2960 3283 3032 μὴ
3327 2962 3432 3031 άρα
3477 2954 3703 3022 Μανιχαῖθι

2196 3062 2476 3133 γενόμενοι
2504 3057 2817 3132 μέμφεσθαι
2841 3058 3091 3127 θελήσετε
3121 3058 3214 3109 καὶ
3241 3054 3343 3125 τὴν
3381 3051 3496 3104 τότε
3532 3043 3701 3117 γενομέο

535 3148 639 3199 lam
667 3147 923 3215 carpatis,
955 3156 1007 3200 et
1032 3146 1465 3209 calumniemini,
1502 3154 1562 3199 ut
1621 3145 1795 3200 solum
1826 3146 1883 3199 in
1938 3142 2095 3199 malis

2198 3174 2295 3227 νην
2323 3156 2455 3226 πρὸς
2478 3154 2569 3207 τὸν
2606 3150 2777 3220 ’Δδάμ
2799 3148 3088 3220 ιρώτησιν,
3121 3147 3205 3202 ἶνα
3232 3148 3396 3217 μόνον
3418 3136 3703 3208 νεανιεὺησθε

529 3237 949 3310 cogitationibus
981 3239 1176 3293 vestris
1207 3254 1304 3292 vos
1330 3238 1589 3293 audacter
1637 3238 1858 3309 geratis.
1912 3236 1983 3291 At
2041 3236 2095 3291 in

2200 3252 2260 3304 ὲν
2301 3252 2420 3312 ταῖς
2459 3247 2793 3309 κακονοίαις.
2830 3244 2939 3298 Καὶ
2986 3241 3093 3312 γάρ
3126 3244 3181 3294 ὲν
3224 3241 3396 3294 πᾶσιν
3427 3233 3702 3304 ἐλεγχόμενοι
3806 3282 3807 3285 η

529 3329 780 3383 omnibus
818 3329 1081 3384 eonfutati
1133 3346 1351 3386 rursum
1405 3329 1808 3384 tumultuamini
1877 3338 2100 3401 propter

532 3422 621 3476 illa
693 3424 879 3488 verba,
916 3439 1036 3491 qua:
1075 3438 1102 3477 a
1155 3423 1301 3480 Luca
1353 3424 1555 3495 scripta
1598 3434 1771 3480 sunt:
1822 3423 1890 3478 Et
1945 3409 2098 3478 Jesus

529 3515 1135 3585 proﬁciebatsapientia,
1160 3525 1208 3571 et
1231 3524 1413 3582 (etate,
1434 3529 1481 3572 et
1511 3518 1687 3587 gratia
1735 3519 1878 3587 apud
1928 3516 2095 3571 Deum

530 3617 577 3661 et
602 3607 829 3662 homines
860 3608 903 3663 ⁸.
942 3608 1317 3666 Necessarium
1344 3611 1506 3682 igitur
1528 3622 1631 3678 est,
1662 3620 1716 3665 ut
1750 3625 1846 3664 vos
1900 3608 2096 3663 iterum

531 3710 785 3768 tanquam
808 3700 1134 3758 Sadduczeos
1168 3712 1222 3759 et
1242 3703 1541 3758 Pharisazos
1560 3704 1911 3774 interrogem,
1937 3699 2098 3755 Jesus

531 3793 784 3848 Christus
824 3790 987 3850 homo
1021 3805 1126 3863 est,
1149 3804 1209 3849 ut
1239 3796 1432 3864 reliqui
1458 3811 1649 3851 ornues
1704 3794 1978 3859 homines,
2028 3808 2097 3845 an

533 3880 676 3935 Deus
693 3890 776 3936 est
806 3897 1030 3936 carnem
1063 3887 1303 3950 gerens?
1332 3885 1389 3939 Si
1427 3886 1590 3939 homo
1632 3885 1943 3940 communis
1991 3893 2095 3950 est,

534 3984 591 4028 ut
614 3975 795 4028 eaateri
829 3976 1099 4041 homines,
1132 3976 1401 4045 proﬁciat,
1436 3986 1493 4032 ut
1526 3979 1712 4039 homo,
1737 3994 1856 4047 quae
1878 3976 2096 4046 quidem

533 4075 615 4119 est
645 4065 1048 4120 Samosatensis
1075 4068 1369 4134 sententia,
1423 4084 1585 4138 quam
1616 4085 1714 4124 vos
1763 4070 1894 4125 item
1932 4086 1990 4123 re
2016 4085 2100 4123 se-

530 4156 782 4224 quimini,
817 4156 943 4211 licet
968 4158 1248 4213 hominum
1295 4161 1453 4214 veriti
1509 4163 1576 4215 de
1614 4161 1768 4216 vobis
1815 4160 2099 4216 existima-

531 4249 763 4314 tionem,
789 4248 1164 4305 dissimuletis.
1186 4251 1277 4305 Sin
1311 4253 1454 4307 Deus
1499 4264 1581 4307 est
1611 4244 1833 4308 carnem
1882 4270 2096 4322 gerens,

529 4342 969 4411 quandoquidem
1001 4343 1179 4398 ethoc
1214 4359 1400 4399 verum
1429 4355 1531 4409 est,
1557 4345 1684 4416 quid
1717 4347 1954 4416 proﬁcit,
1975 4366 2096 4403 cum

2202 3341 2483 3414 θορυϐεῖτε
2521 3338 2682 3394 πάλιν
2720 3337 2811 3392 διὰ
2839 3338 2898 3393 τὸ
2932 3334 3223 3406 εἰρημένον
3250 3332 3407 3403 παρὰ
3438 3330 3521 3383 τοῦ
3547 3324 3701 3381 Δουκᾶ.

2198 3436 2334 3505 Φησὶ
2365 3433 2473 3503 γάρ
2497 3452 2513 3466 ·
2544 3430 2664 3498 Καὶ,
2676 3428 2916 3497 Ἰησοῦς
2939 3428 3270 3495 «poemate
3301 3423 3480 3493 σοφίᾳ
3505 3418 3587 3473 καὶ
3609 3417 3703 3483 ἠλι-

2200 3528 2319 3595 κὶᾳ,
2351 3525 2447 3578 καὶ
2478 3522 2669 3594 χάριτι
2702 3523 2861 3591 παρὰ
2894 3518 3033 3585 Θεῷ,
3062 3524 3159 3573 καὶ
3186 3516 3531 3586 ἀνθρώποις.
3562 3512 3702 3573 ’Δνσῖ’

2201 3623 2356 3675 καῖον
2393 3617 2489 3675 οὖν
2523 3620 2639 3671 ἐστι
2671 3617 2837 3671 πάλιν
2876 3616 3072 3676 αὐτοὺς
3103 3612 3177 3675 ὡς
3206 3613 3335 3673 τοὺς
3377 3602 3703 3662 Σαδδουκαίους

2200 3714 2294 3767 καὶ
2319 3711 2649 3784 Φαρισαίους
2702 3710 3009 3780 ἐρωτῆσαι·
3056 3703 3261 3774 Ἰησοῦς
3302 3702 3525 3773 Χριστὸς
3548 3695 3702 3763 ἄνθρω·
3806 3750 3807 3789 1

2200 3809 2300 3869 πός
2327 3808 2497 3870 ἔστιν.
2526 3802 2603 3867 ὡς
2630 3805 2680 3856 oi
2705 3802 2853 3857 ἄλλοι
2882 3801 3079 3862 πάντες
3109 3798 3406 3869 ἄνθρωποι,
3438 3795 3465 3865 ἢ
3489 3790 3599 3854 θεός
3622 3790 3701 3839 ἐστι
3806 3808 3807 3819 ι

2203 3902 2380 3971 σάρκα
2432 3895 2651 3966 φορῶν;
2690 3896 2750 3948 Et
2785 3893 2881 3963 μὲν
2934 3888 3026 3944 οὖν
3062 3892 3237 3953 κοινὸς
3296 3889 3565 3958 ἄνθρωπος
3604 3876 3701 3931 κατὰ

2200 3970 2326 4054 τους
2352 3989 2543 4053 ἄλλους
2572 3986 2892 4057 ἀνθρώπους
2924 3987 3016 4037 καὶ
3048 3983 3206 4044 αὑτός
3238 3984 3409 4044 ἐστιν,
3438 3978 3560 4031 ἔστω
3588 3970 3701 4024 πάλιν

2199 4086 2273 4150 ὡς
2297 4085 2582 4157 ἄνθρωπος
2615 4083 2959 4153 προκόπτων.
2994 4077 3165 4129 Τοῦτο
3197 4075 3383 4144 μέντοι
3409 4070 3493 4125 τοῦ
3516 4070 3699 4133 Σιμου-

2199 4178 2339 4240 τέως
2368 4155 2483 4237 ἐστὶ
2517 4178 2576 4228 τδ
2611 4173 2866 4244 φρόνημα
2887 4210 2901 4235 ,
2934 4168 2962 4222 ὃ
2992 4171 3056 4239 τῇ
3092 4166 3189 4237 μὲν
3220 4166 3446 4235 δυνάμει
3479 4161 3560 4215 καὶ
3587 4155 3699 4225 ὑμεῖς

2202 4270 2472 4339 φρονεῖτε,
2497 4266 2575 4335 τῷ
2598 4266 2653 4318 δὲ
2687 4263 2910 4334 ὀνόματι
2940 4262 3099 4332 μόνον
3131 4257 3384 4331 άρνείσθε
3412 4254 3492 4309 διὰ
3514 4252 3613 4311 τοὺς
3634 4246 3698 4339 ἀνί

2204 4334 2473 4431 θρώπους.
2516 4334 2578 4412 Et
2606 4358 2661 4412 δὲ
2691 4358 2823 4420 Θεός
2856 4358 2974 4409 ἐστι
3008 4354 3189 4426 σάρκα
3214 4351 3416 4423 φορῶν,
3449 4334 3700 4431 ﬁgam}

529 4438 598 4489 sit
625 4435 851 4504 aequalis
884 4437 1019 4498 Deo,
1054 4448 1147 4491 aut
1177 4438 1449 4507 quomodo
1473 4449 1698 4510 augetur
1755 4439 1948 4507 Filius,
2002 4443 2095 4510 qui

2206 4421 2360 4507 τοῦτό
2379 4421 2525 4505 ἐστιν
2553 4447 2805 4518 άληθῶς..
2828 4445 2985 4498 ποίαν
3014 4421 3124 4514 ἔχει
3162 4421 3492 4513 προκοπὴνίὸ
3521 4435 3593 4484 ἶσα
3616 4421 3699 4489 Θεέ)

526 4542 742 4596 semper
759 4536 841 4582 est
864 4528 920 4582 in
941 4528 1138 4583 Patre?
1159 4529 1212 4583 Si
1247 4530 1391 4585 enim
1410 4546 1625 4601 semper
1656 4532 1709 4586 in
1745 4532 1900 4588 Patre
1955 4535 2095 4588 exsi-

2204 4547 2501 4616 ὺπάρχωνς
2536 4543 2607 4595 ’Ἠ
2636 4512 2737 4595 ποῦ
2769 4535 2913 4609 εῖχεν
2939 4512 3190 4604 αὐξάνειν
3208 4512 3240 4588 76
3272 4535 3414 4596 Υἱὸς,
3445 4531 3470 4582 ὁ
3492 4521 3641 4616 ista:
3660 4520 3699 4567 ἐν

524 4629 682 4675 Stens
702 4618 912 4689 proﬁcit
942 4630 997 4674 et
1027 4622 1244 4686 crescit,
1277 4622 1481 4692 aliquid
1509 4623 1766 4678 nimirum
1800 4634 1886 4680 est
1934 4640 2097 4695 supra

522 4712 766 4778 Patrem,
798 4711 864 4766 ad
894 4714 1041 4782 quod
1073 4713 1162 4767 ille
1211 4730 1465 4770 crescens
1512 4717 1817 4783 perveniat.
1889 4716 2096 4773 Deinde

517 4804 571 4857 si
607 4804 767 4858 homo
790 4804 970 4878 .l‘actus
1001 4806 1341 4877 proﬁciebat,
1371 4820 1490 4865 erat
1518 4820 1666 4876 ante,
1722 4830 1883 4883 quam
1933 4816 2096 4870 homo

520 4891 1100 4966 .ﬁeret,imperfeetus.
1136 4898 1203 4954 Et
1256 4917 1385 4955 caro
1410 4904 1592 4970 potius
1640 4905 2097 4975 perfee'ioipsius

518 4986 628 5041 iuit
656 5003 818 5055 quam
853 4988 970 5058 ipse
991 4991 1189 5045 carnis.
1223 4991 1425 5046 Deinde
1452 4995 1496 5048 si
1528 4993 1766 5049 Verbum
1816 4999 2093 5051 cxsistens

517 5080 759 5148 proﬁcit,
791 5083 920 5152 quid
950 5085 1126 5153 maius
1156 5088 1370 5156 assequi
1401 5098 1581 5157 potest
1632 5105 1794 5160 quam
1829 5100 1888 5144 ut
1919 5091 1987 5144 sit
2016 5091 2090 5154 id,

516 5175 667 5243 quod
696 5183 800 5238 est,
832 5174 1071 5233 Verbum
1103 5178 1381 5244 nimirum,
1412 5189 1467 5235 et
1497 5183 1789 5250 sapientia,
1816 5192 1871 5238 et
1897 5181 2091 5248 Filius,

514 5280 575 5323 et
599 5268 765 5335 Deus,
799 5268 956 5340 cujus
979 5270 1021 5325 si
1052 5272 1175 5343 quis
1201 5283 1259 5327 ut
1283 5274 1416 5327 radii
1448 5274 1722 5345 particeps
1752 5275 1863 5329 ﬁeri
1890 5286 2093 5345 potest,

520 5364 565 5417 is
592 5363 734 5417 inter
768 5364 1017 5419 homines
1043 5376 1127 5421 est
1154 5366 1610 5437 perfectissimus,
1643 5376 1696 5421 et
1721 5370 1944 5439 aequalis
2003 5386 2100 5425 an-

520 5457 660 5525 gelis
691 5456 790 5511 lit?
852 5457 1131 5528 Siquidem
1183 5472 1240 5514 et
1286 5460 1481 5531 Angeli
1529 5468 1586 5515 et
1631 5459 1977 5531 Archangeli,
2044 5471 2100 5517 et

522 5548 954 5613 nominationes,
995 5562 1051 5605 et
1114 5566 1307 5606 omnes
1362 5550 1693 5615 Potestates,
1755 5562 1812 5608 et
1863 5553 2094 5620 Throni,

521 5639 682 5697 Verbi
713 5644 1009 5715 participes
1076 5660 1364 5714 personam
1425 5645 1541 5715 ejus
1580 5661 1793 5715 semper
1844 5655 2093 5700 contem-

588 5816 608 5851 ⁸
640 5816 832 5878 Matth.
869 5833 1012 5874 utr.
1040 5818 1127 5873 42.
1205 5820 1224 5850 ²
1264 5817 1401 5873 Gen.
1441 5834 1520 5896 in,
1554 5818 1608 5873 9.
1684 5818 1701 5849 ³
1738 5816 1868 5873 Luc.
1906 5832 1966 5883 ll,
2003 5818 2092 5872 52.

2200 4637 2279 4706 τῷ
2313 4615 2527 4704 Πατρί;
2564 4633 2626 4687 Et
2662 4631 2769 4701 γάρ
2798 4630 2887 4684 ἀεὶ
2918 4628 2992 4683 ὣν
3028 4632 3083 4680 ἐν
3120 4628 3199 4697 τῷ
3231 4626 3403 4695 llath
3440 4615 3695 4712 προκόπτειν

2199 4729 2251 4783 τί
2280 4730 2388 4798 ἄρα
2426 4726 2573 4778 ἐστὶν
2606 4725 2865 4776 ἐπέκεινα
2910 4721 3003 4773 τοῦ
3053 4720 3288 4789 Πατρὸς,
3328 4717 3411 4769 ἵνα
3465 4712 3543 4764 ἐπὶ
3572 4717 3699 4764 τουτίε¹

2204 4819 2499 4892 momen;
2548 4818 2802 4878 Ἔπειτα.
2849 4816 2899 4869 εί
2941 4814 3225 4885 ἄνθρωπος
3267 4810 3541 4881 γενόμενος

2201 4888 2701 4981 ἐκοπτεΛ,ήδῆλονότι
2727 4908 2833 4980 πρὸ
2862 4907 2955 4961 τοῦ
2988 4907 3238 4975 γενέσθαι
3256 4904 3526 4974 ἄνθρωπος
3551 4888 3697 4955 ἀτελὴς

2199 5003 2287 5080 ἦν,
2322 5007 2412 5059 καὶ
2443 5004 2640 5076 μᾶλλον
2666 5005 2698 5071 ἡ
2726 5001 2862 5073 σάρξ
2884 4999 3032 5053 αἰτία
3051 4999 3148 5069 τῆς
3174 4998 3490 5054 τελειώσεως
3512 4988 3694 5080 γέγονενςο

2199 5068 2235 5170 ἦ
2274 5068 2560 5166 αὑτὸς-τῆς
2599 5068 2823 5163 σαρκός..
2858 5091 3033 5144 Πάλιν
3066 5068 3148 5152 τε,
3178 5090 3227 5142 εί
3262 5087 3426 5153 Λόγος
3455 5081 3520 5134 ὢν
3548 5068 3696 5170 προκάς

2201 5159 2350 5255 πτει,
2369 5188 2421 5240 τί
2445 5159 2627 5256 μείζον
2657 5159 2771 5255 έχει
2798 5183 3053 5252 γενέσθαι
3084 5182 3280 5249 Λόγου,
3314 5182 3401 5233 καὶ
3428 5171 3607 5241 σοφίας.
3628 5159 3693 5256 καῖ

2199 5253 2372 5344 nos,
2401 5253 2495 5331 καὶ
2531 5276 2666 5330 Θεοῦ
2736 5278 2829 5329 καὶ
2861 5276 3182 5342 δυνάμεως;
3213 5271 3393 5325 Ταῦτα
3421 5267 3519 5336 γάρ
3543 5253 3693 5312 ἑστινό

2196 5371 2388 5438 Λόγος,
2421 5364 2480 5424 οὗ
2512 5370 2666 5431 εἴτις
2693 5367 2769 5430 ὡς
2796 5368 3015 5427 ἀκτῖνος
3048 5366 3335 5435 μετασχεῖν
3364 5375 3469 5420 πως
3498 5353 3688 5438 δύναταξυ

2194 5463 2222 5515 ὁ
2252 5431 2494 5521 remitto;
2525 5457 2838 5520 παν-τέλειος
2869 5456 2925 5507 ὲν
2964 5431 3292 5524 ἀνθρώποις,
3323 5451 3409 5504 καὶ
3444 5450 3541 5505 tuo;
3568 5431 3688 5505 ἀγγέ⁸

2193 5549 2305 5612 λοις
2332 5551 2561 5618 γίνεται.
2597 5550 2705 5602 Καὶ
2723 5548 2830 5618 γάρ
2850 5547 2944 5601 καὶ
2966 5545 3243 5613 Ἄγγελοι,
3262 5543 3351 5595 καὶ
3377 5541 3427 5592 Ἀ
3439 5529 3684 5608 ρχάγγελοίι

2197 5642 2291 5695 xai.
2320 5642 2655 5713 κυριότητες
2674 5680 2688 5705 ,
2724 5639 2820 5694 καὶ
2851 5641 3023 5694 πᾶσαι
3053 5640 3108 5691 ai
3141 5638 3428 5708 Δυνάμεις,
3448 5623 3683 5696 καὶθράνοί
