3860 6546
80 520 166 572 τοῦ
199 518 374 584 Λόγου
408 515 724 588 μετέχοντες
757 512 1012 584 βλέπουσι
1041 514 1129 569 διὰ
1161 517 1359 580 παντος
1388 515 1446 568 τδ
1476 515 1642 586 πρόσ-
1675 520 1715 578 Α

82 631 218 665 ωπον
253 611 439 665 αὐτοῦ.
473 610 594 672 Πῶς
629 605 723 664 οὖν
770 609 798 662 ὁ
820 608 1002 673 ἄλλοις
1034 608 1132 680 τὴν
1160 610 1474 680 τελειότητα
1507 626 1647 677 παρ-

84 705 211 774 έχων
266 703 428 766 αὒτὸς
469 699 590 770 μετ’
649 701 891 762 ἐκεί-ους
938 701 1280 770 προκόπτει;
1317 699 1502 754 Ἀλλοι
1536 700 1646 770 γὰρ

86 799 166 851 καὶ
196 798 257 866 τῇ
285 794 604 866 ἀνθρωπίνῃ
648 793 812 846 αὑτοῦ
851 793 1062 860 γενέσει
1088 794 1434 864 διηκόνησαν,
1466 794 1563 848 καὶ
1587 792 1649 847 τδ

85 888 369 956 λεγόμενον
419 887 568 956 παρὰ
598 885 673 956 τῷ
705 886 890 957 Λουκᾷ
922 886 1060 955 μετὰ
1099 885 1200 956 τὴν
1235 885 1510 940 διακονίαν
1537 883 1650 938 τῶν

89 979 317 1048 ἀγγέλων
345 979 581 1050 εἴρηται.
618 977 738 1041 Πῶς
763 977 855 1032 οὖν
885 979 918 1050 ἠ
951 979 1111 1048 σοφία
1143 979 1200 1030 ὲν
1228 982 1390 1048 σοφία
1417 977 1650 1050 προέκο-

90 1090 210 1126 πτεν
235 1089 250 1134 ς
274 1072 346 1124 Ἦ
381 1071 496 1134 πῶς
525 1072 553 1124 ό
583 1073 698 1135 τοῖς
732 1071 915 1134 ἄλλοις
943 1071 1039 1134 τὴν
1068 1072 1229 1143 χάριν
1257 1071 1434 1134 διδοὺς
1469 1074 1517 1140 (ὁ
1543 1072 1652 1143 γὰρ

93 1164 284 1228 Παῦλος
314 1164 404 1217 διὰ
437 1164 617 1235 πάσης
660 1164 950 1234 ἐπιστολῆς
978 1163 1048 1218 δι’
1080 1145 1246 1220 αὑτοῦ
1281 1163 1520 1218 δίδοσθαι
1553 1163 1652 1234 τὴν

89 1257 232 1326 χᾶριν
252 1255 539 1322 γινώσκων
571 1256 737 1326 φησίν
761 1273 775 1286 ·
808 1255 868 1310 Ἠ
899 1255 1072 1324 χάρις
1097 1255 1203 1310 τοῦ
1230 1256 1454 1324 Κυρίου
1485 1256 1656 1325 ἡμῶν

101 1346 289 1414 Ἰησοῦ
328 1348 591 1415 Χριστοῦ
641 1349 787 1418 μετὰ
839 1348 1083 1402 πάντων
1136 1347 1351 1418 ὑμῶν),
1387 1349 1548 1412 αὐτὸς
1597 1351 1655 1403 έν

92 1440 254 1506 χάριτι
278 1437 621 1508 προέκοπτεν
648 1455 663 1504 ;
690 1439 760 1492 ’Ἢ
779 1439 888 1508 γὰρ
904 1438 1200 1507 ψεύδεσθαι
1222 1438 1312 1491 τὸν
1330 1437 1655 1492 Ἀπόστολον

90 1531 404 1597 λεγέτωσαν,
439 1530 474 1600 ἢ
520 1531 652 1601 μηδὲ
680 1532 872 1600 σοφίαν
901 1528 1041 1584 εἶναι
1071 1531 1246 1599 λέγειν
1271 1532 1358 1584 τὸν
1385 1531 1511 1586 Υἱὸν
1533 1531 1657 1584 τολ-

97 1623 357 1691 μάτωταν,
383 1622 416 1692 ἢ
444 1624 494 1676 εί
523 1625 683 1694 σοφία
705 1626 841 1688 ἐστὶ,
865 1625 1150 1695 προκοπὴν
1169 1626 1269 1678 οὐκ
1293 1625 1598 1694 ἐπεδέχετο.

157 1715 463 1786 Ἄνθρωποι
484 1717 583 1788 μὲν
608 1718 712 1790 γὰρ
737 1719 1010 1789 κτίσματα
1034 1720 1394 1789 τυγχάνοντες
1412 1717 1661 1774 ἐπεκτεί-

92 1805 259 1857 vaces!
307 1823 427 1870 πως
483 1809 578 1862 καὶ
633 1810 962 1878 προκόπτειν
1014 1810 1074 1864 ἐν
1129 1811 1298 1880 ἀρετῇ
1376 1809 1657 1867 δύνανται.

1036 402 1410 472 PANOPLIA
1453 403 1910 468 DOGMATICA.
1953 432 2018 446 -·
2059 411 2209 472 ΤΙΤ.
2249 412 2356 476 XI.

1688 1861 1736 1921 B

3220 416 3326 481 446

1750 519 1984 586 piantur.
2012 520 2298 587 Quomodo
2327 524 2491 592 igitur
2523 525 2615 596 qui
2638 526 2760 584 aliis
2775 527 3166 598 perfectionem
3190 543 3330 597 pra--

1747 609 1858 672 bet,
1889 610 2003 678 ipse
2028 621 2150 681 post
2180 614 2303 670 illos
2337 618 2620 684 proﬁciat?
2641 619 2830 688 Angeli
2859 620 3005 675 enim
3035 629 3090 674 et
3121 619 3174 674 in
3202 629 3326 674 ortu

1751 701 1920 771 ipsius
1944 703 2186 759 humano
2213 707 2623 764 ministrabant.
2698 711 2768 766 Et
2796 713 2941 781 quod
2977 727 3007 767 a
3056 712 3198 766 Luca
3248 712 3332 766 di-

1751 804 1901 848 ctum
1935 804 2038 855 est,
2073 805 2197 866 post
2224 798 2539 868 angelorum
2592 801 2954 858 ministerium
2999 803 3122 858 fuit.
3173 801 3324 868 Quo-

1751 889 1916 940 modo
1952 885 2115 955 igitur
2169 888 2216 942 is
2273 888 2369 958 qui
2427 888 2542 960 ipsa
2599 891 2864 960 sapientia
2914 900 3017 954 Est,
3069 891 3330 961 sapientia

1753 976 2117 1046 proﬁciebat?
2146 980 2256 1033 Aut
2289 980 2382 1050 qui
2421 981 2653 1052 gratiam
2681 983 2800 1036 aliis
2864 983 3170 1054 elargitur(
3202 997 3330 1035 nam

1753 1067 1952 1124 Paulus
1980 1071 2198 1140 quidem
2232 1071 2287 1126 in
2321 1073 2580 1128 omnibus
2629 1071 2889 1143 Epistolis
2933 1072 3049 1127 suis
3097 1074 3329 1142 gratiam

1755 1181 1851 1235 per
1883 1165 2060 1236 ipsum
2087 1165 2202 1220 dari
2240 1165 2397 1221 facile
2440 1167 2729 1234 agnoscit:
2773 1166 2987 1230 Gratia,
3050 1167 3330 1236 inquiens.

1759 1257 1971 1315 Domini
2036 1259 2203 1312 nostri
2263 1256 2385 1312 Jesu
2416 1258 2612 1314 Christi
2673 1275 2791 1313 cum
2841 1258 3081 1312 omnibus
3131 1257 3270 1312 vobis
3296 1255 3334 1326 ³)

1759 1349 1876 1418 ipse
1900 1350 2066 1421 gratia
2096 1350 2454 1420 proﬁciebat?
2479 1351 2766 1422 Autigitur
2791 1352 3112 1422 Apostolum
3140 1349 3334 1406 dicant

1757 1440 1890 1496 falsa
1924 1441 2227 1510 scripsisse,
2261 1450 2358 1496 aut
2387 1442 2703 1512 sapientiam
2729 1457 2851 1497 esse
2879 1441 3077 1496 Filium
3111 1449 3335 1511 negent;

1757 1541 1852 1588 aut
1881 1533 1922 1587 si
1963 1533 2231 1603 sapientia
2256 1545 2360 1598 est,
2417 1535 2628 1590 nullum
2677 1535 2982 1605 accipiebat
3032 1534 3342 1590 incremen-

1760 1632 1899 1678 tum.

1833 1716 2096 1782 Homines
2125 1717 2293 1782 enim,
2329 1718 2418 1787 qui
2443 1717 2613 1772 creati
2639 1727 2786 1782 sunt,
2851 1733 3123 1779 crescere,
3173 1725 3228 1771 et
3286 1717 3342 1770 in

1761 1810 1984 1866 virtutis
2013 1811 2194 1865 studio
2222 1810 2472 1880 progredi
2495 1821 2742 1879 possunt.
2775 1811 2957 1866 Enoch
2984 1811 3203 1880 quidem
3239 1809 3342 1862 hoc

105 1895 258 1966 Ἑνὼχ
297 1896 431 1964 γοῦν
483 1899 626 1952 οὕτω
669 1901 960 1971 μετετέθη,
996 1903 1089 1981 καὶ
1140 1903 1378 1972 Μωῦσῆς
1411 1901 1662 1968 αὐξάνων

1776 1901 1928 1956 modo
1965 1902 2265 1956 translatus
2295 1910 2402 1956 est.
2439 1901 2505 1957 Et
2540 1902 2718 1956 Moses
2774 1917 3035 1956 crescens
3084 1901 3343 1971 pretii-ic-

98 1986 395 2048 ἐτελειοῦτο,
439 1988 625 2042 Ἰσαὰκ
655 1989 710 2043 δὲ
740 1993 1067 2066 προκόπτων¹
1087 1992 1300 2060 ἐγένετο
1330 1992 1521 2062 μέγας.
1551 1993 1664 2047 Καὶ

97 2075 122 2126 ό
167 2077 490 2143 Ἀπόστολος
533 2082 943 2136 ὲπεκτείνεσθαι
984 2084 1105 2138 καθ’
1143 2085 1360 2155 ἡμέραν
1401 2086 1514 2148 τοῖς
1563 2084 1662 2155 Ep.-

102 2174 311 2239 προσθεν
353 2171 564 2242 ἔλεγεν.
614 2171 742 2245 Εἶχε
784 2178 892 2245 γὰρ
945 2177 1177 2240 ἕκαστος
1225 2179 1326 2231 ποῦ
1369 2177 1662 2249 προκόψει,

104 2261 293 2329 βλέπων
321 2267 399 2329 εἰς
439 2267 534 2320 τὸν
570 2267 880 2339 ἔμπροσθεν
915 2269 1077 2324 αὐτοῦ
1111 2269 1343 2340 βαθμόν.
1388 2270 1448 2323 Ὀ
1480 2269 1536 2322 δὲ
1569 2269 1664 2324 τοῦ

105 2355 220 2408 Θεοῦ
252 2357 375 2421 Υἱὸς
416 2361 580 2430 μόνος
612 2361 686 2414 ὢν
709 2401 722 2426 ,
757 2363 813 2416 ὲν
843 2363 919 2433 τῷ
954 2363 1098 2434 μόνῳ
1142 2362 1316 2432 Πατρί
1348 2364 1498 2416 ἐστιν
1519 2402 1535 2428 ,
1571 2363 1665 2432 ἀφ’

105 2440 156 2500 οὗ
179 2448 288 2503 οὐδὲ
317 2452 718 2520 ἐπεκτείνεται,
747 2454 862 2508 ἀλλ’
895 2456 952 2508 έν
987 2453 1134 2524 αὐτῷ
1170 2456 1346 2525 μένων
1371 2456 1526 2508 ἐστὶν
1555 2456 1667 2510 ἀεί.

129 2541 481 2613 Ανθρωπίνως
511 2542 603 2600 οὖν
635 2549 849 2619 εἴρηται
892 2546 986 2601 καὶ
1019 2548 1257 2603 ἐνταῦθα
1292 2548 1628 2616 προκόπτειν
1648 2587 1666 2616 ,

109 2632 213 2685 ἔπει
240 2636 327 2688 καὶ
357 2637 469 2688 τῶν
498 2637 800 2710 ἀνθρώπων
824 2641 944 2694 ἐστὶ
979 2641 1136 2695 πάλιν
1171 2641 1203 2713 ἡ
1246 2643 1520 2711 προκοπή.
1557 2643 1668 2696 Καὶ

109 2724 200 2793 γὰρ
230 2727 319 2780 καὶ
345 2727 374 2779 ό
410 2729 812 2800 εὐαγγελιστὴς
867 2731 1004 2801 μετὰ
1040 2732 1301 2804 ἀκριϐοῦς
1339 2734 1666 2805 παρατηρή-

111 2834 224 2880 σεως
249 2820 448 2888 λέγων,
468 2826 536 2894 τῇ
565 2827 814 2896 προκοπῇ
847 2826 1048 2897 συνῆψε
1075 2827 1172 2899 τὴν
1200 2827 1416 2898 ἠλικίαν
1452 2843 1466 2858 ο
1495 2829 1667 2894 Λόγος

111 2908 158 3000 δέ
184 2912 266 2964 καὶ
295 2914 428 2978 Θεδς
459 2915 645 2987 ἡλικίᾳ
675 2917 734 2970 οὐ
773 2919 1135 2990 μεμέτρηται,
1171 2920 1308 2974 ἀλλὰ
1337 2919 1446 2973 τῶν
1481 2919 1671 2989 σωμάο

112 3018 200 3054 των
227 3004 356 3058 ξίῑὶν
381 3008 441 3059 αἱ
475 3007 704 3080 ἡλικίαι.
737 3008 842 3062 Τοῦ
873 3012 1124 3082 σώματος
1152 3013 1262 3085 ἄρα
1288 3015 1436 3068 ἐστὶν
1467 3016 1500 3084 ἡ
1529 3030 1668 3084 προ-

114 3095 252 3162 κοπή.
277 3096 455 3150 Αὑτοῦ
489 3099 595 3169 γὰρ
622 3101 1048 3172 προκόπτοντος,
1072 3103 1413 3176 προέκοπτεν
1438 3106 1496 3158 ὲν
1519 3105 1670 3174 αὑτῷ

117 3184 192 3274 καὶ
218 3186 246 3253 ἡ
270 3188 581 3260 φανέρωσις
614 3190 711 3262 τῆς
743 3189 996 3263 θεότητος
1025 3195 1138 3257 τοῖς
1169 3192 1391 3262 ὁρῶσιν.
1435 3195 1586 3265 ὀσῳ
1609 3195 1666 3248 δὲ
1698 3215 1741 3274 ς

116 3272 335 3348 ήθεότης
367 3277 814 3345 ἀπεκαλύπτετο,
847 3282 1083 3355 τοσούτῳ
1117 3285 1285 3339 πλέον
1311 3287 1342 3356 ἠ
1378 3286 1538 3357 χάρις
1563 3286 1671 3355 ηὗ-

118 3363 251 3428 ξανεν
282 3370 353 3432 ὡς
384 3371 682 3442 ἀνθρώπου
723 3375 875 3447 παρὰ
909 3378 1072 3431 πᾶσιν
1105 3377 1434 3450 ἀνθρώποις.
1449 3378 1672 3434 Παιδίον

120 3456 200 3525 μὲν
226 3459 325 3531 γὰρ
357 3461 722 3532 ἐϐαστάζετο,
753 3468 883 3531 παῖς
912 3468 968 3521 δὲ
997 3470 1288 3538 γενόμενος
1319 3472 1582 3542 ἐπέμενεν
1609 3475 1670 3527 έν

115 3546 182 3617 τῷ
207 3549 348 3621 ἱερῷ,
395 3553 500 3607 καὶ
533 3555 658 3619 τοὺς
698 3558 879 3628 ἱερέας
905 3559 1158 3630 ἀνέκρινε
1191 3561 1321 3632 περὶ
1353 3563 1446 3616 τοῦ
1480 3564 1670 3634 νόμου.

119 3640 232 3694 Κατ’
261 3643 438 3714 ὀλίγον
470 3646 524 3699 δὲ
558 3646 651 3700 τοῦ
681 3647 934 3719 σώματος
957 3651 1302 3717 αὑξάνοντος,
1334 3655 1428 3708 καὶ
1452 3654 1541 3707 τὸν
1569 3656 1674 3710 Λό-

119 3750 198 3800 γον
230 3737 611 3808 φανεροῦντος,
641 3741 990 3812 ὁμολογεῖται
1024 3744 1211 3800 λοιπὸν
1249 3747 1401 3818 παρὰ
1433 3749 1533 3816 μὲν
1565 3749 1674 3801 Πέ-

120 3844 229 3898 τρου
257 3833 496 3900 πρῶτον,
529 3829 649 3886 εἶτα
682 3835 776 3887 xei.
809 3837 963 3908 παρὰ
993 3839 1210 3892 πάντων
1242 3839 1351 3894 τῶν
1383 3825 1670 3914 μαθητῶν,

123 3922 190 3973 ὅτι
223 3923 428 3993 ἀληθῶς
458 3925 593 3979 Θεοῦ
626 3928 752 3990 Υἱός
782 3931 948 3985 ἐστιν.
984 3929 1047 3985 Εἰ
1081 3931 1184 4002 χρὴ
1216 3932 1275 3986 δὲ
1303 3933 1398 3987 καὶ
1435 3933 1676 3999 πιθανῶς

126 4012 241 4077 μετὰ
258 4015 342 4068 τοῦ
362 4016 600 4084 ἀληθοῦς
621 4019 816 4085 εἰπεῖν,
838 4021 999 4084 αὐτὸς
1027 4025 1084 4078 έν
1111 4024 1287 4094 ἐαυτῷ
1317 4029 1674 4095 προέκοπτεν.

131 4099 192 4154 Ἠ
227 4109 403 4175 σοφία
464 4110 571 4178 γὰρ
600 4112 993 4180 ᾠκοδόμησεν
1043 4115 1234 4186 ἑαυτῆ
1279 4119 1468 4186 οἷκον,
1499 4122 1594 4176 καὶ
1619 4124 1678 4176 ἐν

126 4194 266 4268 ἑαυτῇ
296 4203 628 4271 προκόπτειν
660 4205 749 4258 τὸν
787 4202 934 4261 οἷκον
964 4210 1159 4264 ἐποίει.

186 4308 268 4372 Τίς
289 4311 343 4364 δέ
372 4315 524 4368 ἐστιν
557 4315 589 4385 ἡ
612 4315 883 4388 λεγομένη
908 4321 1180 4392 προκοπὴ,
1215 4321 1360 4376 καθὰ
1382 4324 1678 4393 προεῖπονς

138 4399 193 4454 Ἦ
231 4406 371 4477 παρὰ
407 4408 513 4478 τῆς
552 4411 744 4478 σοφίας
783 4413 1173 4486 μεταδιδομένη
1218 4415 1330 4477 τοῖς
1370 4415 1680 4488 ἀνθρώποις

1766 1993 1880 2049 bat.
1914 1993 1980 2047 Et
2012 1991 2178 2048 Isaias
2207 1993 2499 2064 proﬁciens
2551 2010 2780 2065 magnus
2812 1994 3040 2049 eﬂectus
3096 2003 3199 2048 est.
3281 1993 3348 2048 Et

1766 2087 2058 2158 Apostolus
2083 2085 2149 2140 ad
2182 2101 2245 2140 ea
2273 2085 2540 2156 quotidie,
2576 2102 2695 2156 quae
2729 2097 2854 2140 ante
2909 2095 3058 2152 sunt,
3115 2094 3349 2140 conten-

1767 2178 1952 2234 debat.
1987 2177 2192 2232 Horum
2216 2178 2363 2233 enim
2399 2179 2597 2249 singuli
2632 2179 2934 2244 habebant,
2969 2193 3076 2248 quo
3125 2194 3350 2248 pregre-

1767 2272 2052 2336 derentur,
2086 2271 2400 2342 superiores
2430 2273 2631 2342 gradus
2658 2272 2962 2326 intuentes.
3004 2272 3073 2325 At
3115 2270 3210 2324 Dei
3257 2270 3349 2323 Fi-

1767 2364 1874 2419 lius
1904 2365 2056 2419 solus
2079 2365 2349 2419 exsistens
2371 2364 2424 2417 iu
2449 2365 2566 2420 solo
2626 2363 2784 2419 Patre
2844 2374 2948 2428 est,
3002 2381 3031 2418 a
3082 2380 3191 2434 quo
3234 2378 3346 2416 non

1773 2456 1999 2512 ulterius
2046 2457 2384 2524 extenditur,
2445 2457 2542 2512 sed
2597 2458 2649 2511 in
2705 2458 2826 2527 ipso
2881 2471 3101 2527 semper
3143 2467 3348 2509 manet.

1772 2549 2024 2604 llumana
2057 2566 2188 2621 ergo
2223 2552 2433 2604 ratione
2458 2549 2662 2604 dictum
2695 2559 2798 2616 est,
2834 2547 3182 2603 Proliciehat.
3215 2547 3350 2601 Nam

1773 2641 2062 2696 hominum
2131 2653 2219 2695 est
2276 2640 2552 2712 profectio
2611 2649 2665 2696 et
2730 2649 3106 2708 augmentum.
3169 2638 3351 2703 Quare

1770 2751 1963 2808 magna
1997 2753 2119 2791 cum
2145 2737 2532 2792 observatione
2556 2745 2776 2790 aetatem
2808 2734 3061 2803 adiunxit
3113 2748 3352 2803 cvange-

1767 2828 1912 2892 lista,
1945 2829 2285 2896 Proﬁciehat,
2317 2830 2592 2900 inquiens,
2627 2829 2894 2898 sapientia
2925 2835 2980 2880 et
3011 2835 3189 2882 a-tate.
3216 2822 3351 2878 Ver-

1771 2922 1896 2976 bum
1957 2932 2142 2975 autem
2197 2929 2250 2974 et
2286 2921 2427 2974 Deus
2458 2918 2666 2972 nullam
2699 2917 2860 2971 habet
2893 2915 3071 2969 relatis
3117 2927 3347 2966 mensu-

1721 3045 1723 3047 -
1772 3013 2320 3070 rant.zEtatescnin1
2365 3013 2429 3067 ad
2489 3028 2692 3082 corpus
2751 3010 3089 3065 referuntur.
3160 3009 3353 3074 itaque

1773 3109 2025 3178 corporis
2065 3116 2150 3162 est
2185 3107 2305 3162 haec
2337 3106 2664 3176 progressio.
2708 3107 2952 3172 Corpore
3007 3101 3152 3156 enim
3198 3114 3354 3155 cres-

1774 3215 1936 3262 cente
1971 3203 2278 3260 divinitatis
2310 3199 2612 3256 declaratio
2641 3197 2956 3253 videntibus
3012 3194 3189 3264 major
3241 3189 3356 3245 eiii-

1775 3297 2043 3353 cicbatur.
2073 3294 2296 3362 Quanto
2325 3304 2510 3348 autem
2537 3291 2710 3362 magis
2742 3290 3008 3345 divinitas
3037 3284 3352 3357 pateﬁebat,

1775 3398 1930 3445 tanto
1964 3388 2136 3459 magis
2162 3386 2336 3459 gratia
2373 3385 2695 3457 augebatur,
2723 3397 2922 3450 nempe
2951 3378 3196 3434 hominis
3239 3377 3350 3444 jam

1773 3480 1917 3552 apud
1949 3495 2142 3536 omnes
2197 3479 2474 3534 homines.
2505 3475 2778 3531 Puerulus
2812 3473 2959 3526 enim
3017 3469 3354 3542 gestabatur.

1775 3573 1920 3630 Puer
1948 3589 2078 3628 vero
2103 3573 2305 3627 mansit
2329 3571 2384 3626 in
2419 3569 2646 3638 templo,
2675 3576 2733 3623 et
2792 3581 2917 3623 cum
2977 3561 3359 3618 sacerdotibus

1777 3669 1845 3726 de
1875 3668 1995 3737 lege
2028 3666 2366 3737 disputabat.
2434 3663 2702 3718 Paulatim
2745 3661 3007 3729 deinceps
3071 3664 3356 3710 crescente

1753 3771 2030 3829 corpore,
2065 3769 2120 3813 et
2140 3757 2374 3814 Verbum
2404 3756 2838 3817 demoustraute,
2867 3751 3060 3806 Petrus
3092 3749 3358 3818 primum,

1777 3852 1976 3910 deinde
1996 3850 2195 3922 reliqui
2231 3847 2484 3920 discipuli
2515 3862 2642 3904 eum
2671 3859 2802 3901 vere
2830 3843 2922 3897 Dei
2984 3841 3187 3895 Filium
3231 3853 3364 3892 con-

1779 3947 2018 4002 ﬁtentur.
2053 3943 2214 4014 Quod
2269 3943 2314 3998 si
2376 3939 2658 4012 probabile
2701 3936 2909 4008 aliquid
2956 3951 3082 3991 cum
3128 3931 3361 3987 veritate

1779 4043 2132 4111 coniunctum
2165 4035 2459 4094 dicendum
2495 4043 2602 4098 est,
2640 4032 2833 4104 ipsein
2863 4032 3048 4099 seipse
3107 4025 3361 4097 prolicie-

1780 4134 1893 4190 bat.
1950 4131 2230 4202 Sapientia
2259 4131 2398 4184 enim
2439 4127 2722 4198 wdiﬁcavit
2773 4123 2874 4178 sibi
2925 4122 3143 4175 domum
3195 4120 3258 4183 ³,
3313 4121 3369 4174 et

1782 4228 1838 4280 in
1885 4225 2063 4294 seipsa
2092 4223 2221 4277 fecit
2286 4223 2508 4276 domum
2562 4229 2914 4284 consurgere.

1854 4316 2112 4382 Quaenam
2129 4323 2312 4369 autem
2341 4323 2426 4367 est
2447 4315 2560 4367 haec
2594 4309 2935 4381 pregressio,
2968 4302 3270 4360 secundum
3303 4315 3371 4354 ea

1783 4418 1904 4473 qua:
1930 4401 2169 4456 diximus
2189 4400 2212 4454 ?
2229 4399 2416 4454 Gratia
2437 4398 2648 4452 scilicet
2671 4405 2725 4450 et
2746 4392 3024 4449 deiﬁcatio
3054 4389 3374 4444 hominibus

131 4491 433 4568 θεοποίησις,
472 4501 566 4554 καὶ
591 4503 771 4573 χάρις,
802 4503 1266 4575 ἐξαφανιζσμένης
1297 4507 1354 4560 ὲν
1378 4505 1559 4568 αὐτοῖς
1581 4505 1672 4576 τῆς

1786 4511 1815 4547 a
1847 4493 2113 4564 sapientia
2145 4493 2446 4561 impertita,
2467 4489 2646 4544 deleto
2671 4487 2727 4541 in
2772 4487 2879 4540 illis
2903 4493 3126 4560 peccato
3171 4491 3224 4537 et
3251 4496 3376 4536 eor.

133 4584 374 4657 ἁμαρτίας
405 4593 504 4646 καὶ
552 4568 734 4664 τῆςνὲν
754 4568 934 4658 αὐτοῖς
969 4568 1174 4665 φθορᾶς
1196 4568 1337 4650 κατὰ
1363 4597 1460 4669 τὴν
1494 4568 1672 4665 ὁμοιό-

1792 4586 2074 4657 ruptione,
2099 4594 2323 4654 propter
2350 4583 2596 4652 ipsorum
2627 4595 2752 4635 cum
2783 4594 2951 4634 carne
2985 4573 3152 4631 Verbi
3180 4574 3373 4629 simili-

133 4694 248 4746 τητα
283 4685 374 4736 καὶ
425 4687 750 4755 συγγένειαν
779 4689 878 4758 τῆς
913 4689 1112 4759 σαρκὸς
1151 4689 1245 4744 τοῦ
1273 4690 1472 4758 Λόγον.
1525 4689 1686 4744 Οὕτω

135 4772 226 4843 γὰρ
247 4775 564 4843 αὑξάνοντος
594 4781 651 4834 έν
675 4781 858 4852 ἡλικίᾳ
886 4781 980 4835 τοῦ
1004 4781 1276 4852 σώματος,
1307 4781 1686 4836 συνεπεδίδοτο

137 4865 183 4917 ἑν
219 4870 352 4942 αὑτῷ
389 4874 422 4944 ὴ
473 4873 570 4941 τῆς
621 4875 872 4946 θεότητος
916 4875 1245 4946 φανέρωσις,
1285 4877 1380 4931 καὶ
1413 4877 1686 4930 ἐδείκνυτο

141 4961 266 5026 παρὰ
295 4965 483 5028 πᾶσιν,
513 4965 596 5018 ὄτι
623 4965 748 5030 ναὸς
781 4965 917 5020 Θεοῦ
960 4969 1098 5031 ἐστι,
1134 4968 1230 5022 καὶ
1266 4967 1398 5031 Θεὸς
1425 4963 1492 5038 ἦν
1522 4970 1581 5022 ὲν
1606 4966 1687 5038 τῷ

141 5051 343 5121 σώματι.
403 5057 530 5112 Ἐὰν
577 5058 635 5111 δὲ
673 5059 1071 5128 φιλονεικῶσιν,
1113 5062 1196 5116 ὅτι
1239 5060 1444 5131 Ἰησοῦς
1483 5061 1691 5134 ἐκλήθη

141 5141 256 5213 σὰρξ
283 5151 590 5219 γενόμενος,
621 5154 713 5204 καὶ
741 5154 820 5216 είς
853 5153 1016 5207 αὑτὸν
1040 5154 1356 5225 ἀναφέρωσι
1382 5155 1443 5207 τὸ
1464 5154 1695 5225 λεγόμε-

139 5250 215 5287 νον
258 5243 646 5310 προέκοπτεν,
699 5246 1068 5311 ἀκουέτωσαν,
1111 5249 1195 5301 ὅτι
1236 5246 1362 5300 οὐδὲ
1407 5247 1566 5300 τοῦτο
1604 5245 1701 5299 νῦν

142 5325 330 5384 ἐλαττοῖ
369 5332 429 5386 τὸ
470 5336 737 5406 πατρικὸν
779 5335 916 5404 φῶς.
954 5337 1124 5392 Τοῦτο
1159 5338 1268 5408 γάρ
1304 5340 1452 5392 ἐστιν
1487 5339 1515 5391 ὁ
1543 5336 1694 5400 Υίός·

142 5418 361 5478 Δείκνυσι
403 5427 458 5480 δὲ
504 5429 688 5492 πάλιν,
730 5429 812 5482 ὅτι
854 5430 1075 5498 γέγονεν
1112 5429 1402 5502 ἅνθρωπος
1435 5431 1462 5483 ό
1500 5429 1697 5498 Λόγος,

146 5512 225 5564 καὶ
245 5514 493 5589 ἀληθινὴν
516 5519 745 5593 ἐφόρεσε
771 5522 976 5593 σάρκα,
1000 5521 1096 5575 καὶ
1124 5522 1312 5595 ὥσπερ
1336 5523 1583 5591 εἴπομεν,
1613 5522 1696 5575 ὅτι

151 5605 295 5670 σαρκὶ
343 5609 612 5676 πέπονθε,
664 5611 760 5664 καὶ
819 5612 984 5682 σαρκὶ
1035 5611 1321 5675 έπείνασε,
1375 5610 1470 5666 καὶ
1531 5612 1696 5680 σαρκὶ

148 5691 415 5755 ἐκοπίασεν
436 5743 453 5770 ,
490 5704 630 5760 οὕτω
658 5705 755 5760 καὶ
786 5704 1010 5770 εἰκότως
1045 5703 1112 5761 ἂν
1141 5703 1354 5774 λέγοιτο
1372 5744 1388 5771 ,
1420 5705 1503 5758 ὅτι
1531 5704 1699 5772 σαρκὶ

1793 4680 2036 4734 tudinem
2067 4688 2122 4733 et
2149 4675 2552 4749 cognationem.
2597 4675 2731 4728 Dum
2770 4673 2935 4748 igitur
2970 4685 3175 4739 corpus
3219 4674 3384 4721 :rtate

1789 4782 2088 4834 cresceret,
2117 4771 2420 4842 augebatur
2468 4769 2524 4821 iu
2556 4767 2677 4837 ipso
2705 4764 3012 4819 divinitatis
3057 4760 3382 4824 deelaralio,

1791 4882 1896 4936 qua
1932 4863 2336 4936 cognoscebant
2365 4875 2577 4923 omnes,
2608 4857 2786 4927 ipsum
2805 4871 2926 4911 esse
2961 4853 3220 4924 templum
3264 4851 3385 4920 Dei,

1790 4970 1848 5018 et
1899 4962 2067 5015 Deum
2096 4973 2216 5014 esse
2251 4957 2304 5010 in
2337 4969 2590 5025 corpore.
2620 4952 2776 5020 Quod
2817 4951 2860 5005 si
2898 4947 3242 5020 pertinacius
3289 4947 3386 5000 ob-

1795 5053 2056 5118 Stiterint,
2085 5052 2334 5106 dicentes
2367 5058 2622 5103 vocatum
2657 5061 2779 5101 esse
2807 5043 3020 5110 Jcsum,
3048 5057 3172 5096 eum
3210 5039 3392 5096 factus

1796 5159 1884 5205 est
1928 5161 2078 5212 caro,
2135 5153 2190 5200 et
2256 5142 2388 5197 illud
2439 5141 2751 5212 proﬁciebat
2803 5139 2872 5194 ad
2931 5138 3082 5192 illum
3148 5133 3391 5190 dixerint

1800 5257 1922 5299 esse
1953 5237 2330 5300 referendum,
2365 5235 2566 5310 sciant,
2599 5249 2669 5288 ne
2720 5233 2772 5288 id
2822 5233 3047 5303 quidem
3099 5237 3393 5299 paternam
3493 5282 3495 5285 ,

1799 5335 1983 5394 lucem
2018 5329 2366 5384 imminuere.
2399 5327 2496 5381 Est
2525 5331 2670 5381 enim
2701 5323 2896 5380 Filius.
2945 5323 3132 5390 anue
3181 5335 3237 5373 re
3274 5319 3394 5388 pla.

1804 5443 1938 5483 num
1976 5425 2057 5489 ﬁt,
2089 5421 2330 5478 Verbum
2373 5436 2495 5476 esse
2521 5420 2725 5475 factum
2750 5419 3053 5478 hominem,
3101 5422 3157 5468 et
3205 5427 3394 5471 veram

1805 5534 2029 5577 carnem
2061 5526 2327 5588 gestasse.
2363 5514 2430 5569 Et
2461 5511 2931 5584 quemadmodum
2961 5507 3222 5572 dicimus,
3280 5505 3391 5562 Do-

1805 5613 2205 5682 minumcarne
2238 5619 2460 5680 passum
2501 5621 2646 5669 esse,
2678 5612 2734 5659 et
2776 5619 2944 5659 carne
2992 5601 3282 5667 esuriisse,
3341 5607 3401 5658 et

1806 5718 1974 5758 carne
2007 5698 2361 5773 defatigatum
2374 5711 2520 5765 esse,
2548 5695 2628 5752 sic
2646 5695 2812 5751 etiam
2824 5694 2954 5766 jure
2973 5693 3218 5752 dicemus
3239 5706 3404 5752 carne

212 5863 538 5944 'ilom.xv1,
564 5873 762 5942 20-Ή;
799 5874 844 5929 ll
870 5873 1002 5930 Cor.
1040 5887 1156 5940 xm,
1207 5873 1291 5930 i3.
1368 5874 1388 5904 ’
1421 5870 1584 5926 Prov.
1643 5885 1721 5936 ιι,
1753 5868 1802 5925 l.
