3860 6564
84 380 177 442 641)

964 350 1371 429 ‘PANOPLEA
1412 366 1875 429 noenum;
1914 390 1979 404 -ο
2017 368 2168 430 TIT.
2200 367 2303 429 x1.

3188 369 3293 434 450

143 488 263 559 Περὶ
293 485 347 540 δὲ
374 480 466 538 τοῦ
505 480 679 549 λέγειν
726 475 891 532 αὐτόν
915 492 930 509 ο
971 479 1039 532 Ei
1073 477 1359 544 δυνατὸν,
1392 479 1616 545 παρελ-

1789 476 1909 533 .lam
1937 479 2081 549 quod
2103 479 2347 550 pertinet
2373 477 2441 534 ad
2474 476 2567 534 illa
2592 478 2759 535 verba
2791 496 2804 534 :
2843 477 2902 535 Si
2928 480 3045 550 ﬁeri
3092 493 3289 549 potest,

84 588 208 645 θέτω
232 581 294 636 τὸ
320 577 621 643 ποτήριον,
666 571 989 643 μαθέτωσαν
1038 571 1155 634 πῶς
1177 572 1205 625 ό
1244 569 1415 623 ταῦτα
1452 571 1609 639 εἰρη-

86 680 179 743 κὼς
207 673 431 742 ἐπετίμα
463 668 537 739 τῷ
558 668 748 737 Πέτρῳ
773 668 947 737 λέγων
968 681 983 696 ·
1009 666 1091 721 υύ
1119 663 1362 733 φρονεῖς
1386 661 1460 717 τὰ
1503 660 1610 716 τοῦ

87 770 227 828 Θεοῦ.
262 750 449 819 Ἤθελε
479 762 580 832 γὰρ
604 761 633 814 ὃ
661 760 1108 845 παρῃτεῖτοηκαὶ
1128 755 1214 809 διὰ
1239 753 1395 809 τοῦτο
1432 750 1499 825 ἦν
1526 751 1611 805 ἐλ-

86 868 190 919 θών.
230 858 487 927 Ἐπετίμα
514 856 611 925 μὲν
651 847 745 907 οὖν
778 852 857 923 τῷ
893 851 1084 921 Πέτρῳ
1147 848 1223 911 ὡς
1263 847 1413 911 Θεὸς,
1464 862 1608 914 παρ·

84 957 236 1029 praise
258 951 311 1004 δὲ
356 950 448 1001 τὸν
486 945 713 1000 θάνατον
748 943 824 1006 ὡς
856 943 1165 1011 ἄνθρωπος.
1202 934 1329 1009 Εἶχε
1376 937 1484 1007 γὰρ
1505 938 1612 1029 δει-

85 1027 254 1100 λιῶσαν
287 1041 383 1112 τὴν
424 1038 624 1107 σάρκα,
676 1032 744 1088 δι’
769 1034 838 1105 ἢν
874 1032 1140 1102 συνεκέρα
1192 1030 1253 1084 τὸ
1291 1029 1487 1084 ἑαυτοῦ
1527 1027 1612 1080 θέ-

87 1140 210 1208 λημα
227 1136 285 1203 τῇ
315 1130 629 1199 ἀνθρωπίνῃ
681 1125 954 1196 ἀσθενείᾳ,
987 1124 1075 1177 ἵνα
1111 1123 1205 1176 καὶ
1262 1122 1422 1175 τοῦτο
1451 1121 1611 1174 πάλιν

88 1226 335 1295 ἀφανίσας.
372 1219 667 1291 θαῤῥαλὲον
689 1216 777 1269 τὸν
816 1215 1104 1285 ἄνθρωπον
1157 1214 1295 1285 πρὸς
1322 1214 1413 1267 τὸν
1449 1213 1612 1266 θάνα·
1648 1292 1653 1297 ν

86 1336 158 1370 τον
207 1311 599 1382 κατασκευάσῃ.
673 1308 803 1361 Ἰδοὺ
862 1307 971 1375 γὰρ
1030 1308 1263 1377 πρᾶγμα
1311 1298 1647 1375 παράδοξον’

86 1408 285 1478 ἀληθῶς.
337 1406 433 1457 Ὃν
462 1402 602 1456 κατά
622 1400 823 1453 δειλίαν
838 1396 1424 1467 λαλοῦντανομίζουσιν
1439 1397 1617 1465 οίχρι-

88 1503 332 1571 στομάχοι,
372 1491 528 1557 οὗτος
566 1496 631 1565 τῇ
661 1491 997 1563 νομιζομένῃ
1049 1490 1221 1559 δειλίᾳ
1273 1489 1615 1559 θαρραλέους

86 1595 185 1656 τοὺς
207 1587 513 1660 ἀνθρώπους
569 1586 663 1638 καὶ
695 1583 933 1655 ἀφόόους
962 1581 1387 1645 κατασκευάζει.
1417 1582 1478 1634 Oi
1506 1580 1614 1648 γὰρ

88 1686 306 1755 μακάριοι
348 1678 639 1733 ἀπόστολοι
700 1677 818 1746 μετ’
849 1674 1034 1740 αὑτὸν,
1072 1673 1165 1727 καὶ
1196 1676 1245 1728 οί
1279 1673 1429 1727 ἄλλοι
1468 1672 1615 1741 ἅγιοι

90 1778 325 1847 μάρτυρες
374 1771 554 1835 οὕτως
587 1772 651 1825 ὲκ
692 1768 803 1823 τῶν
839 1768 1095 1823 τοιούτων
1124 1767 1318 1836 φωνῶν
1350 1766 1617 1837 κατεφρό-

88 1886 188 1922 νουν
210 1867 295 1920 τοῦ
333 1864 583 1928 θανάτου,
612 1862 687 1926 ὡς
730 1860 930 1931 μᾶλλον
957 1859 1199 1929 νομίζειν
1225 1859 1304 1922 είς
1346 1860 1445 1929 τὴν
1470 1857 1616 1928 ζωὴν

94 1961 414 2031 μεταϐαίνειν,
436 1958 469 2027 ἢ
490 1957 721 2011 θάνατον
744 1955 1057 2025 ὑπομένειν.
1087 1953 1208 2017 Πῶς
1234 1948 1328 2007 οὖν
1357 1953 1460 2007 οὐκ
1494 1953 1618 2008 d10-

94 2072 169 2107 πον
196 2054 288 2107 τῶν
319 2052 412 2123 μὲν
458 2047 809 2121 θεραπόντων
838 2047 930 2101 τοῦ
962 2048 1138 2115 Λόγου
1170 2045 1470 2117 θαυμάζειν
1518 2046 1618 2115 τὴν

94 2146 298 2215 ἀνδρίαν,
321 2141 479 2196 αὑτὸν
512 2142 572 2194 δὲ
601 2140 692 2193 τὸν
718 2140 889 2207 Λόγον
921 2138 1100 2207 λέγειν
1131 2154 1191 2191 τε
1219 2137 1444 2208 δειλιᾷν,
1467 2135 1535 2189 δι’
1558 2135 1618 2189 δν

98 2241 295 2291 κάκεῖνοι
334 2235 566 2290 θανάτου
620 2233 1079 2303 κατεφρόνησαν;
1125 2230 1227 2284 Ἐκ
1273 2229 1329 2283 δὲ
1355 2230 1457 2300 τῆς
1507 2227 1618 2282 τῶν

96 2329 231 2396 ἁγίων
271 2326 575 2397 μαρτυρίας
626 2324 1108 2395 καρτερικωτάτης
1150 2321 1481 2391 προθέσεως,
1528 2319 1620 2372 καὶ

96 2420 275 2490 ἀνδρίας
312 2419 610 2484 δείκνυται,
679 2418 754 2480 ὡς
803 2418 904 2470 οὑκ
947 2411 1015 2487 ἦν
1058 2417 1092 2485 ή
1124 2414 1313 2484 θεότης
1343 2413 1615 2473 δειλιῶσα.

98 2513 204 2568 ἀλλὰ
237 2514 325 2583 τὴν
352 2512 513 2583 ἡμῶν
562 2510 765 2565 δειλίαν
797 2505 866 2581 ἦν
897 2506 1301 2578 ἀφαιρούμενος
1337 2507 1365 2557 ὁ
1396 2505 1614 2576 Σωτήρ.

106 2606 171 2663 Ὠς
195 2607 288 2675 γὰρ
316 2605 531 2675 θανάτῳ
558 2604 646 2655 τὸν
672 2603 898 2656 θάνατον
927 2601 1265 2669 κατήργησε,
1296 2597 1389 2650 καὶ
1411 2596 1620 2667 ἀνθρω-

100 2698 230 2759 πίνως
265 2694 428 2750 πάντα
462 2696 538 2747 τὰ
590 2692 931 2762 ἀνθρώπινα,
971 2688 1113 2742 οὕτω
1171 2689 1266 2740 καὶ
1303 2689 1370 2759 τῇ
1401 2691 1617 2751 νομιζο-

100 2790 206 2860 μένῃ
227 2787 382 2859 δειλίᾳ
405 2787 503 2858 τὴν
532 2785 689 2857 ἡμῶν
713 2784 917 2838 δειλίαν
935 2783 1217 2854 ἀφῃρεῖτο,
1233 2781 1326 2835 καὶ
1355 2779 1619 2851 πεποίηκε

102 2885 258 2952 μηκέτι
314 2881 601 2950 φοϐεῖσθαι
653 2879 782 2941 τοὺς
843 2874 1163 2948 ἀνθρώπους
1223 2872 1315 2927 τὸν
1363 2871 1618 2927 θάνατον.

102 2977 281 3045 Ἔλεγεν
322 2975 411 3030 οὒν
465 2973 668 3036 ταῦτα,
714 2973 811 3026 καὶ⁸
854 2970 972 3042 ἅμα
1011 2970 1205 3025 ἐποίει.
1256 2967 1620 3038 Ἀνθρὼπινον

101 3065 174 3131 μὲν
199 3064 290 3136 γὰρ
335 3061 399 3136 ἦν
428 3065 491 3117 τὸ
536 3063 717 3130 λέγειν
738 3076 755 3093 ⁸
775 3059 1121 3129 Παρελθέτω
1157 3059 1227 3114 τὸ
1279 3057 1572 3127 ποτήριον
1602 3072 1617 3089 ο

97 3156 201 3206 καί·
236 3157 409 3212 ἰνατί
457 3173 544 3225 με
593 3155 1015 3225 ἐγκατέλειπες
1034 3169 1053 3218 ;
1091 3152 1284 3215 θεῖκῶς
1314 3151 1373 3207 δὲ
1409 3153 1437 3205 ὁ
1463 3150 1622 3213 αὐτὸς
1648 3178 1690 3238 c

98 3244 236 3298 ἐποίει
274 3246 356 3299 τὸν
387 3247 551 3317 ἥλιον
585 3243 881 3309 ἐκλείπειν,
923 3243 1019 3297 καὶ
1049 3241 1177 3305 τοὺς
1206 3240 1435 3313 νεκροὺς
1470 3239 1616 3309 ἀγεί-

100 3338 270 3404 ρισθαι.
299 3339 460 3392 Πάλιν
487 3354 554 3391 τε
581 3337 753 3405 λέγων
781 3335 1138 3408 ἀνθρωπίνως
1161 3350 1175 3364 ·
1206 3334 1339 3389 Νῦν
1371 3333 1409 3401 ἡ
1444 3332 1615 3402 ψυχή

92 3429 544 3498 μουτετάρακται,
572 3430 724 3496 ἔλεγε
748 3428 944 3491 θεῖκῶς
970 3444 987 3461 ⁸
1009 3425 1328 3492 Ἐξουσίαν
1351 3426 1470 3495 ἔχω
1502 3425 1618 3494 τὴν

96 3520 263 3587 ψυχήν
298 3537 412 3588 μου
441 3520 663 3584 θεῖναι,
690 3518 789 3571 καὶ
831 3516 1021 3572 πάλιν
1045 3516 1342 3582 ἐξουσίαν
1369 3517 1488 3585 ἔχω
1510 3519 1622 3569 λα-

98 3609 194 3661 ϐεῖν
213 3612 406 3679 αὐτήν.
441 3613 518 3664 Τὸ
558 3612 656 3681 μὲν
706 3610 816 3680 γὰρ
841 3607 1205 3681 ταράττεσθαι
1253 3609 1452 3678 σαρκὸς
1486 3607 1617 3659 ίδιον

96 3695 163 3770 ἧν,
184 3701 234 3755 τὸ
258 3703 307 3758 δὲ
346 3704 598 3770 ἐξουσίαν
628 3702 774 3774 ἔχειν
812 3700 985 3754 θεῖναι
1041 3703 1135 3754 καὶ
1157 3699 1343 3753 λαϐεῖν
1381 3698 1469 3751 ὅτε
1493 3696 1622 3768 βούο

98 3794 319 3869 unum
345 3797 548 3869 ψυχὴν,
588 3797 689 3850 οὐκ
742 3796 860 3848 ἐστι
912 3794 1074 3849 τοῦτο
1129 3792 1258 3847 ἴδιον
1306 3789 1618 3862 ἀνθρώπου,

99 3888 202 3941 ἀλλά
227 3890 312 3961 τῆς
338 3891 429 3943 τοῦ
453 3891 636 3957 Λόγου
660 3887 942 3960 δυνάμεώς
964 3889 1132 3944 ἐστιν.
1160 3886 1484 3954 Ἄνθρωπος
1511 3886 1618 3955 γὰρ

98 3979 143 4028 οὐ
164 3980 263 4033 κατ’
300 3981 427 4035 ιδίαν
457 3982 732 4047 ἐξουσίαν,
775 3979 889 4035 ἀλλ’
931 3979 1143 4051 ἀνάγκῃ
1173 3978 1389 4048 φύσεως
1427 3979 1521 4031 καὶ
1545 3979 1621 4049 μὴ

99 4070 233 4124 θέλων
254 4072 601 4145 ἁποθνήσκειζ
636 4074 695 4127 '0
717 4074 774 4127 δὲ
812 4071 1013 4144 Κύριος
1044 4073 1307 4133 ἀθάνατος
1350 4069 1447 4138 ὣν,
1484 4070 1621 4139 σάρ-

100 4178 153 4212 κα
175 4163 221 4216 δὲ
247 4163 430 4236 θνητὴν
464 4166 631 4236 ἔχων,
672 4164 761 4217 ἐπ’
794 4166 1041 4230 ἐξουσίας
1072 4161 1217 4235 εῖχεν
1243 4164 1317 4226 ὼς
1340 4164 1474 4227 Θεὸς
1506 4164 1616 4216 ἀπὸ

98 4253 170 4305 τοῦ
200 4255 427 4324 σώματος
453 4251 824 4329 χωρισθῆναι,
882 4258 979 4311 καὶ
1010 4255 1167 4310 τοῦτο
1224 4256 1388 4309 πάλιν
1416 4256 1621 4309 ἀναλα-

101 4344 187 4397 ὖείν
205 4349 281 4400 ὅτε
308 4351 578 4420 βούλεται.
607 4352 855 4419 Ἐπρεπε
896 4351 1004 4420 γὰρ
1053 4349 1300 4421 φθαρτὴν
1326 4348 1490 4403 οὖσαν
1520 4348 1621 4419 τὴν

103 4442 241 4508 σάρκα
265 4445 449 4511 μηκέτι
504 4445 647 4497 κατά
696 4445 796 4514 τὴν
844 4444 1043 4515 ἑαυτῆς
1075 4442 1239 4512 φύσιν
1275 4443 1459 4514 μένειν
1492 4441 1622 4511 θνη-

103 4529 197 4595 τὴν,
222 4533 339 4586 ἀλλὰ
361 4537 446 4589 διά
476 4537 574 4589 τὸν
603 4512 962 4605 ἐνδυσάμενον
1001 4512 1177 4606 αὐτὴν
1202 4512 1379 4603 Λόγον
1408 4532 1617 4603 ἄφθαρ·
1645 4512 1697 4573 D

102 4634 171 4672 τον
190 4623 462 4696 διαμένειν.
498 4629 590 4693 Ὠς
615 4631 724 4700 γὰρ
752 4629 911 4692 αὐτὸς
935 4629 1224 4697 γενόμενος
1271 4630 1329 4681 ὲν
1350 4626 1427 4696 τῷ
1457 4628 1491 4697 ἡ
1502 4628 1618 4695 μῶν

105 4713 276 4783 σώματι
295 4721 356 4773 τὰ
386 4722 544 4792 ἡμῶν
574 4724 904 4793 ἐμιμήσατο,
934 4719 1106 4782 οὕτως
1138 4721 1302 4789 ἡμεῖς
1334 4719 1621 4789 δεξάμενοι

104 4804 252 4860 τοῦτον
266 4813 352 4880 τῆς
382 4815 507 4885 παρ’
542 4813 750 4867 ἐκείνου
783 4811 1271 4883 μεταλαμϐάνομεν
1299 4812 1619 4875 ἀθανασίας.

105 4896 258 4967 Μάτην
294 4907 465 4958 τοίνυν
519 4905 973 4969 σκανδαλίζεσθαι
1033 4903 1481 4973 προσποιοῦνται,
1539 4905 1622 4959 ὅτι

106 4991 309 5055 περὶτοῦ
341 4996 510 5064 Λόγου
540 4997 848 5067 γέγραπται
883 4996 1242 5066 ’Έταρὰχθη
1276 4996 1376 5050 καί
1405 4998 1625 5051 ἔκλαυ-

103 5094 211 5138 σεν.
278 5086 513 5143 Ἐοίκασι
582 5090 690 5159 γάρ
759 5090 895 5160 μηδὲ
964 5089 1315 5160 ἀνθρωπίνην
1366 5090 1625 5159 αἴσθησιν

107 5166 239 5239 εὶίειν,
261 5176 573 5245 ἀγνοοῦντες
600 5180 699 5251 τὴν
738 5181 848 5234 τῶν
878 5179 1181 5252 ἀνθρώπων
1206 5180 1370 5250 φύσιν
1431 5180 1526 5234 καὶ
1556 5180 1623 5234 τὰ

107 5263 273 5318 τούτων
320 5271 441 5327 ίδια.
484 5273 703 5328 Μᾶλλον
748 5275 856 5343 γὰρ
895 5272 1005 5326 ἔδει
1065 5272 1389 5343 θαυμάζειν,
1453 5272 1538 5326 ὅτι
1566 5274 1627 5325 ὲν

107 5356 289 5414 τοιαῦτα
321 5364 602 5439 πασχούσῃ
626 5365 792 5437 σαρκὶ
828 5361 897 5439 ἦν
931 5366 960 5418 ό
984 5365 1178 5434 Λόγος,
1219 5366 1314 5419 καὶ
1338 5365 1466 5419 οὔτε
1488 5363 1627 5418 ἐκώ-

107 5441 204 5500 λυσε
239 5454 354 5518 τοὺς
381 5458 850 5523 ἐπιϐουλεύοντας,
897 5457 1022 5513 οὕτε
1063 5457 1293 5524 ὲξεδίκει
1338 5457 1483 5511 κατά
1513 5456 1624 5511 τῶν

108 5534 444 5614 ἀναιρούντων,
476 5552 679 5621 καίπερ
714 5549 1038 5621 δυνάμενος,
1083 5551 1113 5603 ὸ
1141 5548 1333 5614 ἄλλους
1373 5549 1626 5611 κωλυσας

107 5628 371 5705 ἀποθανεῖν,
399 5643 491 5696 καὶ
515 5642 885 5707 ἀποθανόντας
924 5643 1145 5715 ἐγείρας
1163 5644 1227 5698 ὲκ
1256 5643 1365 5699 τῶν
1394 5642 1626 5715 νεκρῶν,

1713 579 2008 626 transeata
2048 588 2130 625 me
2187 573 2403 641 calix‘,
2473 573 2933 638 animadvertant,
2993 578 3293 644 quomodo,

1710 663 1802 732 qui
1832 662 2116 727 bzcdixit,
2153 663 2375 719 Petrum
2410 664 2795 733 increpuerit,
2851 665 2971 720 Non
3001 669 3170 736 capis,
3203 668 3291 720 in:

1710 756 1927 824 quiens.
1966 772 2083 827 qua
2113 756 2209 810 Dei
2237 766 2360 811 sunt
2391 758 2433 808 ’.
2483 756 2731 813 .Volehat
2748 760 3027 829 suscipere
3046 760 3118 827 id,
3144 762 3290 831 quod

1711 849 2125 919 deprecabatur,
2179 858 2235 905 et
2265 850 2471 905 idcirco
2494 851 3076 921 veneranlncrepavit
3126 853 3289 925 igitur

1712 941 1929 997 Petrum
1982 952 2044 998 ut
2074 943 2235 1011 Deus,
2278 943 2602 1013 deprecatus
2634 951 2718 998 est
2769 954 2998 999 mortem
3022 955 3081 1000 ut
3102 947 3287 1001 homo.

1713 1033 1959 1090 Habebat
1991 1035 2134 1090 enim
2156 1051 2373 1091 carnem
2410 1037 2682 1106 pavidam,
2719 1044 2941 1106 propter
2961 1054 3123 1107 quam
3162 1055 3287 1094 cum

1715 1122 1949 1181 humana
1973 1126 2340 1183 imbecillitate
2370 1113 2705 1182 voluntatem
2733 1142 2884 1181 suam
2908 1128 3206 1198 conjunxit,
3229 1140 3290 1183 ut

1717 1216 1856 1273 hanc
1879 1219 2008 1272 item
2044 1217 2386 1273 affectionem
2453 1218 2714 1280 aboleret,
2772 1218 3157 1290 hominemque
3214 1222 3282 1275 ad

1714 1309 2076 1378 appetendam
2108 1317 2341 1363 mortem
2370 1318 2655 1364 strenuum
2714 1316 2768 1364 et
2797 1308 2989 1363 fortem
3029 1308 3290 1366 efﬁceret.

1715 1400 1949 1455 Attende
1975 1400 2119 1455 enim
2162 1415 2274 1455 rem
2298 1416 2497 1456 novam
2569 1410 2627 1456 et
2649 1400 3054 1456 admirabilem.
3117 1401 3288 1469 Quem

1717 1493 1903 1549 timide
1930 1493 2078 1563 loqui
2111 1502 2303 1565 putant
2330 1494 2421 1549 isti
2468 1493 2674 1548 Christi
2697 1494 2904 1559 hostes,
2931 1495 2979 1548 is
3040 1508 3104 1549 ea
3174 1494 3292 1565 ipsa

1715 1586 2027 1650 affectione,
2056 1602 2219 1656 quam
2245 1586 2348 1657 ipsi
2383 1587 2732 1641 formidinem
2789 1586 3128 1651 existimant,
3175 1587 3279 1641 bo-

1716 1676 1894 1731 mines
1971 1677 2239 1732 audentes
2303 1687 2358 1731 et
2424 1676 2728 1747 impavidos
2785 1677 3090 1731 constituit.
3153 1676 3288 1731 Nam

1718 1767 1861 1823 beati
1891 1776 2010 1837 post
2063 1768 2214 1822 illum
2270 1767 2500 1837 apostoli
2560 1776 2613 1822 et
2652 1768 2742 1822 alii
2799 1767 2973 1824 sancti
3028 1778 3293 1839 martyres

1719 1870 1940 1930 propter
1997 1860 2097 1916 has
2154 1873 2314 1914 voces
2366 1861 2503 1915 adeo
2540 1870 2767 1915 mortem
2821 1870 3293 1932 contempserunt,

1720 1960 1782 2008 ut
1805 1967 1905 2022 per
1932 1965 2050 2005 eam
2107 1966 2167 2006 se
2231 1950 2404 2022 magis
2449 1951 2515 2006 ad
2584 1952 2747 2005 vitam
2814 1952 3068 2014 transire,
3123 1967 3289 2022 quam

1718 2054 1947 2100 mortem
1976 2044 2159 2099 subire
2192 2044 2587 2099 existimarent.
2621 2042 2792 2110 Quam
2835 2045 3133 2100 absurdum
3194 2045 3295 2115 igi-

1719 2147 1807 2191 tur
1871 2144 1974 2203 est,
2038 2150 2161 2190 cum
2221 2133 2383 2191 Verbi
2456 2136 2830 2192 ministrorum
2911 2136 3289 2195 fortitudinem

1717 2228 2023 2296 admireris,
2059 2228 2294 2283 Verbum
2334 2227 2508 2298 ipsum
2541 2228 2786 2283 timidum
2840 2229 3042 2296 dicere,
3069 2244 3294 2302 propter

1718 2321 1864 2393 quod
1895 2321 1970 2376 illi
1995 2329 2223 2376 mortem
2252 2335 2361 2374 non
2394 2320 2695 2375 timuerunt
2728 2323 2741 2375 Ξ
2773 2321 2850 2375 Ex
2875 2322 3173 2378 fortissimo
3194 2324 3297 2395 igi-

1721 2427 1812 2470 tur
1878 2423 2196 2470 sanctorum
2257 2421 2558 2483 martyrum
2611 2415 2891 2485 proposito
2980 2416 3291 2486 virtuteque

1719 2515 1933 2561 constat
1982 2505 2324 2561 divinitatem
2359 2505 2580 2561 minime
2639 2502 2982 2577 formidasse,
3041 2507 3137 2563 sed
3180 2507 3296 2562 for-

1721 2601 1979 2656 midinem
2013 2610 2254 2654 nostram
2286 2598 2631 2654 Servatorem
2665 2600 2986 2656 abstulisse.
3016 2601 3293 2668 Quemad-

1719 2692 1938 2747 modum
1967 2693 2112 2747 enim
2141 2698 2314 2745 morte
2333 2705 2433 2745 sua
2488 2699 2716 2745 mortem
2762 2691 3051 2761 destruxit,
3085 2702 3141 2748 et
3188 2693 3293 2748 hu-

1722 2785 1980 2839 manitate
2009 2796 2109 2836 sua
2136 2781 2373 2851 reliquas
2400 2781 2666 2836 humanas
2697 2781 3040 2850 affectiones,
3096 2784 3180 2839 sic
3234 2794 3291 2839 et

1722 2876 1826 2931 hoc
1848 2875 1939 2946 qui
1968 2884 2145 2930 metus
2202 2874 2429 2938 dicitur,
2490 2883 2700 2928 metum
2761 2883 3006 2931 nostrum
3048 2876 3289 2940 sustulit,

1722 2969 2032 3037 effecitque.
2071 2982 2139 3021 ne
2168 2966 2417 3021 homines
2458 2966 2691 3036 amplius
2751 2976 2982 3023 mortem
3030 2968 3291 3022 extimes-

1726 3070 1935 3117 cerent.
1970 3060 2112 3114 Dixit
2144 3059 2236 3114 ille
2266 3060 2511 3130 quidem,
2548 3067 2603 3113 et
2633 3059 2763 3113 fecit
2786 3058 2922 3114 haec.
2955 3058 3091 3113 Nam
3149 3060 3294 3114 sicut

1724 3150 1962 3206 hominis
1991 3150 2093 3205 fuit
2122 3151 2302 3205 dicere
2334 3168 2346 3203 :
2384 3150 2646 3203 Transeat
2686 3149 2871 3214 calix;
2913 3159 2969 3207 et
3008 3169 3022 3206 :
3063 3150 3171 3206 Cur
3204 3151 3287 3205 de.

1722 3244 1981 3315 reliquisti
2018 3242 2228 3297 me7sic
2262 3242 2356 3296 Dei
2383 3242 2733 3308 fuitetlicere,
2760 3253 2816 3298 ut
2856 3245 2938 3299 sol
2991 3244 3107 3314 ipse
3165 3245 3298 3299 deft—

1719 3351 1888 3403 ceret,
1910 3348 1966 3394 et
1992 3338 2188 3393 mortui
2220 3337 2461 3392 redirent
2490 3337 2541 3390 in
2570 3324 2762 3391 vitam.
2795 3338 2858 3394 Et
2875 3339 2964 3407 qui
3018 3338 3173 3397 dixit,
3221 3347 3285 3391 ut

1721 3436 1925 3490 homo:
1983 3436 2179 3488 Anima
2210 3449 2323 3487 mea
2349 3432 2559 3487 turbata
2606 3443 2684 3487 est
2722 3432 2764 3497 ³,
2816 3432 2957 3487 idem
3010 3434 3087 3488 uti
3156 3433 3299 3485 Dens

1720 3528 1894 3583 dixit:
1934 3527 2246 3581 Potestatem
2283 3524 2450 3578 habeo
2465 3526 2687 3594 ponendi
2736 3524 2969 3577 animam
3018 3541 3208 3581 meum.
3249 3539 3294 3576 et

1719 3629 2031 3690 potestatem
2058 3618 2222 3672 habeo
2250 3620 2442 3670 iterum
2479 3619 2775 3670 assumendi
2802 3632 2917 3668 eam
2946 3616 2993 3667 ⁸.
3068 3615 3299 3669 Turbari

1721 3709 1869 3762 enim
1894 3716 1977 3761 est
2010 3707 2287 3776 pr0prium
2306 3705 2508 3761 carnis.
2544 3704 2754 3758 Habere
2822 3713 3029 3767 autem,
3071 3706 3290 3773 quando

1730 3800 1866 3865 vult,
1942 3798 2175 3871 ponendi
2259 3797 2619 3868 sumendique
2667 3796 2908 3852 animam
2955 3806 3296 3867 poteSIatem,

1725 3909 1834 3949 non
1880 3902 1964 3948 est
1990 3893 2224 3962 amplius
2249 3892 2487 3947 hominis
2531 3890 2830 3963 proprium,
2892 3890 2985 3946 sed
3027 3890 3094 3946 ad
3136 3891 3296 3944 Verbi

1722 3987 2024 4059 potentiam
2056 3987 2311 4057 pertinet.
2366 3986 2538 4043 Homo
2560 3987 2706 4040 enim
2739 4000 2850 4040 non
2884 3994 3158 4056 potestate
3176 4000 3297 4051 sua,

1724 4082 1822 4136 sed
1847 4091 2058 4135 naturas
2085 4080 2412 4135 necessitate
2429 4080 2593 4134 etiam
2629 4079 2827 4133 nolens
2879 4079 3135 4133 moritur.
3194 4077 3299 4130 llo-

1723 4173 1903 4227 minus
1919 4170 2231 4239 autem,qui
2264 4171 2584 4225 immortalis
2612 4183 2719 4233 est.
2744 4181 3028 4225 etcarnem
3055 4172 3301 4240 gestabat

1723 4263 2034 4328 mortalem,
2064 4273 2124 4319 ut
2151 4262 2294 4318 Deus
2326 4270 2649 4332 potestatem
2682 4263 2940 4327 habebat,
2969 4274 3027 4318 ut
3060 4282 3138 4329 se,
3171 4280 3296 4319 cum

1725 4354 1912 4415 vellet,
1943 4364 1999 4408 et
2022 4369 2052 4408 a
2075 4368 2303 4423 corpore
2337 4364 2640 4422 separaret,
2667 4364 2941 4423 etcorpus
2973 4358 3169 4409 iterum
3199 4371 3295 4411 sn-

1729 4453 1924 4500 meret.
1983 4443 2490 4509 Decebatenim,ut
2531 4461 2658 4500 caro
2689 4447 2936 4501 mortalis
2991 4456 3045 4501 et
3107 4448 3300 4502 interi-

1726 4537 1805 4592 tui
1831 4536 2320 4605 obnoxianonjam
2350 4550 2413 4590 ex
2443 4545 2638 4590 natura
2696 4552 2793 4590 sua
2855 4546 3105 4592 maneret
3149 4554 3298 4593 mor-

1726 4627 1872 4693 talis,
1918 4627 2013 4682 sed
2048 4637 2269 4697 propter
2304 4628 2731 4697 Verbum,quod
2779 4628 2925 4683 illam
2987 4645 3303 4700 assumpse-

1727 4731 1833 4787 rat,
1885 4720 2207 4775 immortalis
2227 4718 2422 4774 eliecta
2464 4719 2676 4772 nullum
2728 4719 2965 4787 amplius
3008 4719 3293 4774 interitum

1732 4815 1987 4871 sentiret.
2047 4812 2201 4868 Sicut
2237 4813 2385 4867 enim
2437 4825 2665 4880 corpore
2726 4822 2915 4866 nostro
2943 4827 3065 4881 qua:
3114 4823 3300 4866 nostra

1727 4917 1879 4973 sunt,
1922 4907 2262 4971 imitabatur,
2286 4907 2367 4962 sic
2386 4921 2489 4961 nos
2523 4906 2703 4975 ipsum
2730 4904 3100 4976 suscipientes
3142 4906 3209 4960 ab
3238 4920 3305 4960 eo

1725 4991 1993 5057 sumimus
2031 4999 2513 5055 immortalitatem.
2558 4998 2741 5067 Itaque
2764 4996 2965 5052 frustra
2999 5013 3058 5053 se
3112 4997 3304 5052 dicunt

1727 5096 1952 5158 offendi,
2012 5108 2134 5148 cum
2161 5094 2395 5148 audiunt
2439 5093 2506 5147 de
2536 5089 2713 5145 Verbo
2740 5090 2831 5144 illa
2880 5090 2986 5145 dici
3048 5109 3062 5146 :
3111 5090 3305 5144 Anima

1730 5186 1949 5242 turbata
2004 5196 2109 5250 est,
2147 5186 2316 5241 flevit.
2371 5184 2641 5238 Videntur
2667 5184 2814 5238 enim
2862 5182 3102 5239 humano
3141 5199 3304 5237 sensu

1725 5293 1936 5342 carere,
1952 5286 2006 5332 et
2035 5287 2285 5332 naturam
2341 5276 2629 5331 hominum
2680 5285 2739 5335 et
2757 5272 3073 5330 affectiones
3114 5289 3304 5330 eorum

1725 5374 1997 5444 ignorare.
2049 5370 2220 5443 Magis
2249 5387 2344 5426 eos
2399 5369 2655 5425 admirari
2706 5368 3007 5433 oportebat,
3066 5367 3303 5423 Verbum

1730 5464 1787 5518 in
1833 5479 2022 5530 carne,
2062 5479 2183 5533 qua:
2236 5462 2366 5518 talia
2434 5444 2661 5532 patitur.
2710 5474 2856 5523 esse,
2930 5473 3035 5515 nec
3081 5458 3310 5515 insidias

1733 5566 2011 5611 struentes
2059 5554 2401 5616 cohibuisse,
2466 5568 2648 5623 neque
2701 5551 3084 5607 interfectores
3134 5550 3309 5606 ultum

1734 5662 1881 5717 esse,
1914 5663 2041 5704 cum
2062 5657 2244 5703 tamen
2264 5630 2476 5718 posset,
2531 5644 2734 5716 quippe
2758 5643 2904 5716 quod
2933 5643 3071 5701 alios
3092 5658 3123 5700 a
3159 5659 3314 5700 mor-

163 5795 373 5858 ‘Matth.
397 5820 539 5875 nu,
572 5808 664 5867 39.
742 5809 762 5840 '
798 5806 989 5863 Matth.
1026 5821 1139 5875 ut,
1167 5804 1261 5862 23.
1337 5805 1357 5838 ³
1383 5802 1539 5865 Joan.
1564 5820 1662 5872 xli,
1690 5804 1781 5861 ‘27.
1851 5804 2012 5861 ‘ibid.
2049 5819 2103 5871 χ,
2138 5803 2225 5860 18.
