3860 6574
88 371 183 439 453
1054 381 1429 444 PANOPLIA
1476 383 1934 450 DQGMATICA.
1966 419 2030 431 —-
2066 391 2216 454 TlT.
2253 394 2363 458 XI.

3225 400 3335 465 454

91 509 186 544 των
217 489 409 559 ὁμοίως
442 490 730 561 ἀνηρήσθω
754 492 810 545 r6
835 493 1030 561 θέλειν,
1080 511 1165 551 tv;
1197 503 1455 571 ἀκέραιον
1480 501 1636 571 αὐτῆς)
1666 546 1673 564 Α

1781 515 1949 576 ntegra
1967 520 2342 564 conservetur.
2362 510 2517 577 Quod
2543 510 2589 568 si
2628 510 2880 567 voluntas
2897 492 3099 570 in'Deo
3113 530 3225 569 non
3248 525 3333 569 est

95 585 310 654 σώζηται
336 584 396 637 τὸ
428 580 659 654 ἀξὶωμα.
691 586 752 639 El
782 586 841 639 δὲ
862 589 1142 659 προσῆκον
1174 593 1250 664 τῷ
1279 595 1399 665 Θεῷ
1422 595 1483 648 1:6
1516 596 1640 666 βού-

92 679 274 739 λεσθαι,
310 679 402 731 καὶ
431 678 524 731 ἐπὶ
548 677 624 746 τῷ
648 678 853 750 πρώτῳ
881 684 1184 754 γεννήματι
1215 687 1528 758 ὑπαρχέτω.
1564 690 1641 740 Οὐ

95 775 187 841 γὰρ
210 770 270 839 δὴ
305 770 527 823 δυνατὸν
556 770 635 823 ἑνί
686 788 745 825 τε
794 773 891 826 καὶ
919 774 996 845 τῷ
1037 777 1186 847 αὐτῷ
1215 779 1333 849 Θεῷ
1372 781 1431 833 τὸ
1461 780 1640 833 θέλειν

94 865 170 914 ἐπὶ
199 863 301 914 τῶν
334 863 671 932 ποιουμένων
702 864 1017 936 ἁρμόττειν,
1043 869 1137 922 καὶ
1163 871 1223 922 τὸ
1256 871 1332 941 μὴ
1357 871 1642 941 βούλεσθαι

98 954 395 1023 προσήκειν.
438 954 701 1025 Πλείστην
723 957 857 1025 ὅσην
884 960 1144 1012 ἀσέϐειαν
1172 964 1230 1013 ὲν
1258 965 1372 1026 τοῖς
1401 965 1643 1033 ῥήμασιν

97 1047 237 1101 αὐτοῦ
292 1047 506 1108 συνθεὶς
558 1050 585 1100 6
616 1050 899 1118 σοφιστὴς,
946 1051 1027 1105 ὅτι
1086 1052 1146 1104 τδ
1181 1053 1415 1123 ποίημα,
1466 1055 1559 1107 καὶ
1587 1055 1647 1108 τὸ

100 1140 317 1209 γέννημα
348 1140 543 1192 ταυτόν
576 1142 712 1205 ἐστι,
745 1143 840 1195 καὶ⁸
867 1140 950 1207 εἷς
974 1147 1036 1197 ἐκ
1068 1145 1286 1200 πάντων
1319 1147 1427 1201 τῶν
1460 1164 1650 1220 γεννη-

104 1232 265 1300 μάτων
292 1233 437 1284 ἐστὶν
461 1232 488 1283 6
536 1232 683 1297 Υἱός.
719 1234 779 1286 El
815 1235 871 1288 δὲ
924 1236 1081 1301 ἄλλος
1113 1240 1230 1292 ἐστὶ
1264 1239 1373 1294 τῶν
1409 1241 1645 1308 πάντων,

100 1331 263 1398 ὥσπερ
289 1324 383 1381 οὖν
426 1331 485 1382 ὲν
517 1333 628 1394 τοῖς
662 1333 770 1403 πρὸ
808 1334 1018 1389 τούτων
1055 1335 1291 1406 ἐδείχθη,
1322 1339 1414 1391 καὶ
1448 1338 1650 1407 μᾶλλον

101 1428 156 1476 τὲ
182 1427 307 1496 ἔργα
344 1426 413 1479 δι’
462 1426 631 1482 αὐτοῦ
678 1430 905 1497 γέγονε,
951 1430 1028 1501 μὴ
1076 1431 1321 1500 λεγέσθω
1373 1412 1650 1502 βουλήσει,

105 1518 173 1568 ἵνα
202 1518 270 1587 μὴ
300 1520 388 1571 καὶ
411 1520 573 1585 αὐτος
606 1521 748 1577 οὕτω
774 1524 1011 1593 γίνηται,
1035 1524 1222 1597 ὥσπερ
1250 1527 1345 1579 καὶ
1370 1527 1440 1579 τὰ
1472 1526 1539 1580 δι’
1558 1528 1654 1580 αῦ-

104 1607 180 1659 τοῦ
208 1609 468 1678 γενόμενα
499 1613 754 1683 συνέστη.
812 1615 923 1667 Καὶ
948 1616 1058 1686 γὰρ
1088 1618 1115 1669 6
1152 1616 1252 1685 μὲν
1292 1617 1504 1681 Παῦλος
1553 1618 1653 1672 οὐκ

105 1700 166 1751 ὢν
211 1702 484 1772 πρότερον,
549 1703 782 1775 ὕστερον
820 1707 971 1776 ὅμως
1025 1708 1115 1761 διὰ
1162 1709 1466 1781 θελήματος
1518 1710 1653 1764 Θεοῦ

107 1797 375 1860 ἀπόστολος
405 1799 654 1868 γέγονεν,
710 1804 743 1870 ή
772 1803 827 1858 δὲ
861 1806 1055 1875 κλῆσις
1086 1807 1242 1878 ήμῶν
1280 1810 1354 1873 ὥς
1386 1827 1517 1864 ποτε
1564 1813 1655 1865 καὶ

108 1890 225 1945 αὒτὴ
246 1890 314 1963 μή
328 1888 484 1957 οὖσα,
512 1892 611 1947 νῦν
630 1896 685 1948 δὲ
702 1899 1068 1969 ἐπιγενομένη
1098 1903 1520 1975 προηγουμένην
1539 1905 1656 1975 ἕλει

112 1984 356 2051 βούλησιν.
385 1987 426 2038 Κ
444 1990 494 2040 ιί
520 1987 596 2051 ὡς
623 1988 786 2056 αὐτὸς
804 1992 966 2046 πάλιν
996 1996 1023 2047 6
1053 1994 1264 2058 Παῦλός
1291 2014 1424 2065 φησι
1453 2014 1468 2029 ·
1496 1998 1660 2053 Κατὰ

113 2078 206 2139 τὴν
223 2076 498 2131 εὐδοκίαν
523 2081 631 2135 τοῦ
654 2082 989 2152 θελήματος
1015 2087 1202 2141 αὑτοῦ
1226 2088 1463 2160 γέγονε.
1495 2091 1566 2145 Τό
1601 2110 1658 2146 τε

114 2168 184 2220 διὰ
214 2168 440 2232 Μωσέως
458 2173 790 2244 λεγόμενον*
810 2178 1132 2245 Γενηθήτω
1160 2179 1304 2248 φῶς,
1329 2183 1422 2236 καί
1442 2198 1457 2213 ⁶
1487 2184 1662 2249 Ἔξα-

117 2280 175 2327 1a
184 2264 307 2328 χέτω
338 2265 375 2333 ἠ
407 2267 509 2335 γῆ,
532 2265 647 2320 καί’
675 2268 1031 2340 Ποιήσωμεν
1045 2271 1659 2349 ἅνθρωπον,ήγοῦμαι,

118 2354 193 2405 καὶ
210 2356 259 2407 ὲν
274 2359 380 2419 τοῖς
408 2358 726 2428 ἔμπροσθεν
742 2361 957 2430 εἴρηται
982 2362 1080 2431 τῆς
1105 2362 1409 2433 βουλήσεως
1426 2364 1520 2418 τοῦ
1540 2382 1664 2419 ποι-

117 2444 276 2511 οῦντος
306 2449 461 2503 τοῦτο
490 2447 633 2504 εῖναι
670 2453 1027 2522 σημαντικόν.
1058 2455 1139 2507 Τὰ
1174 2456 1274 2525 μὲν
1304 2457 1411 2525 γὰρ
1435 2457 1509 2527 μὴ
1536 2456 1663 2511 ὄντα

123 2540 245 2601 ποτὲ,
276 2541 385 2594 ἀλλ’
410 2542 619 2607 ἔξωθεν
654 2545 1010 2616 ἐπιγινόμενα
1057 2548 1085 2601 6
1107 2547 1441 2619 δημιουργὸς
1476 2549 1665 2620 βούλεο

120 2649 192 2685 ται
223 2635 449 2705 ποιῆσαι.
488 2637 599 2689 Τὸν
639 2638 696 2692 δὲ
732 2639 867 2692 ῐδιον
921 2640 1095 2708 Λόγον
1142 2640 1203 2706 ὲξ
1249 2641 1445 2696 ἑαυτοῦ
1507 2642 1668 2711 φύσει

122 2727 294 2795 γεννῶν
322 2729 378 2781 οὐ
414 2728 872 2797 προϐουλεῦεται.
920 2731 1008 2786 Ἑν
1046 2734 1218 2801 τούτῳ
1252 2734 1362 2802 γὰρ
1397 2734 1424 2786 δ
1476 2734 1667 2805 Πατὴρ

123 2825 174 2874 τὶ
194 2824 275 2876 ὅλα
310 2825 403 2877 ὅσα
441 2823 697 2894 βούλεται
748 2829 896 2879 ποιεῖ
941 2828 1035 2881 καὶ
1100 2827 1446 2898 δημιουργεῖ,
1488 2828 1673 2893 καθὼς

134 2913 354 2979 Ἰάκωϐες
398 2917 426 2969 6
456 2916 759 2981 ἀπόστολος
807 2916 1076 2972 διδάσκων
1124 2918 1280 2988 ἔλεγε
1307 2934 1322 2950 ⁶
1345 2921 1675 2989 Βουληθεὶς

126 3007 436 3076 ἀπεκύησεν
456 3006 622 3076 ἡμᾶς
639 3009 806 3078 Λόγῳ
824 3008 1140 3077 ἀληθείας.
1172 3007 1675 3082 Καταισχυνθὲντες

128 3096 297 3155 omni.
319 3102 375 3154 τδ
410 3104 598 3172 λέγειν
630 3099 866 3171 ποίημα,
900 3103 996 3156 καλ⁸
1041 3102 1266 3172 κτίσμα,
1316 3111 1432 3169 καὶ,
1467 3105 1581 3158 Οὐκ
1609 3099 1677 3176 ἦν

1741 596 2018 663 indecora,
2040 600 2093 653 in
2118 602 2291 670 primo
2326 603 2490 679 etiam
2508 603 2752 674 germine
2772 603 3122 660 adhibeatur.
3144 606 3333 676 Neque

1740 693 1884 747 enim
1906 692 2017 748 ﬁeri
2038 703 2301 763 potest,ut
2318 697 2369 750 in
2391 710 2501 750 uno
2517 696 2819 767 eodemque
2843 697 2954 753 Deo
2975 699 3029 752 in
3062 702 3224 755 rebus
3250 701 3328 755 fa-

1743 785 1973 849 ciendis,
1994 795 2047 840 et
2067 787 2205 841 velle
2225 788 2388 842 simul
2414 790 2605 844 deceat
2637 800 2691 845 et
2719 792 2884 847 nolle.
2941 792 3117 858 Quam
3154 804 3333 863 potest

1745 882 2033 935 maximam
2055 882 2391 951 impietatem
2413 885 2656 954 sophista
2683 886 2865 942 verbis
2886 888 2999 941 suis
3024 889 3327 956 componit.

1746 973 2006 1043 Idemque
2031 976 2284 1031 vultesse
2313 979 2455 1046 quod
2482 977 2847 1049 genitumfest,
2882 988 2934 1033 et
2955 980 3098 1049 quod
3132 979 3331 1033 factum

1746 1075 1852 1127 est,
1877 1076 1929 1122 et
1965 1083 2124 1121 unam
2153 1083 2215 1121 ex
2241 1068 2423 1135 rebus,
2457 1085 2575 1137 quze
2608 1068 2761 1123 facta:
2792 1079 2940 1134 sunt,
2960 1070 3074 1123 vult
3106 1084 3225 1122 esse
3248 1066 3338 1120 Fi-

1748 1158 2104 1213 lium.Verum
2124 1161 2189 1215 ab
2205 1162 2458 1216 omnibus
2474 1162 2720 1215 diversus
2743 1171 2845 1225 est,
2871 1161 3331 1231 quemadmodum

1751 1249 1806 1303 in
1837 1252 2211 1321 superioribus
2231 1253 2744 1312 demonstravimus:
2772 1251 2838 1307 Et
2860 1255 3037 1307 omnia
3054 1270 3145 1323 per
3162 1256 3333 1324 ipsum

1750 1344 1893 1413 facta
1916 1355 2036 1397 sunt
2065 1346 2079 1376 ³
2104 1362 2118 1410 ;
2139 1360 2307 1415 quare
2335 1361 2436 1400 nec
2463 1346 2676 1400 dicatur
2705 1346 2956 1409 consilio,
2991 1347 3190 1415 neipse
3206 1363 3338 1417 quo-

1751 1436 1946 1505 queita
1976 1435 2153 1490 factus
2181 1437 2520 1502 ostendatur,
2542 1446 2599 1492 ut
2618 1439 2729 1504 illa,
2748 1454 2867 1506 qua:
2882 1440 3170 1509 peripsum
3194 1440 3337 1493 facta

1753 1536 1899 1589 sunt.
1946 1527 2331 1583 constiterunt.
2370 1527 2502 1582 Nam
2540 1528 2740 1584 Paulus
2776 1530 3021 1600 quidem,
3057 1529 3148 1599 qui
3189 1530 3340 1599 prius

1754 1637 1863 1676 non
1916 1632 2051 1687 erat,
2106 1629 2291 1690 postea
2336 1638 2432 1692 per
2488 1622 2823 1677 voluntatem
2905 1620 2998 1676 Dei
3062 1622 3343 1691 apostolus

1757 1717 1933 1772 factus
1962 1726 2067 1773 est.
2118 1719 2182 1772 Et
2212 1720 2427 1773 vocatio
2458 1731 2671 1781 nostra,
2713 1728 2770 1772 ut
2803 1734 2922 1788 quae
2950 1718 3078 1771 olim
3114 1724 3171 1772 et
3224 1718 3339 1786 ipsa

1760 1826 1867 1864 non
1890 1820 2024 1874 erat,
2059 1825 2205 1864 nunc
2237 1820 2419 1865 autem
2447 1818 2551 1875 est,
2586 1810 2674 1863 Dei
2701 1809 2994 1864 consilium
3032 1818 3115 1863 est
3147 1823 3344 1863 conse-

1762 1911 1906 1967 cuta,
1936 1912 1988 1957 et
2024 1910 2081 1956 ut
2106 1902 2224 1972 ipse
2256 1904 2547 1972 Apostolus
2582 1918 2801 1956 rursum
2824 1903 2926 1955 ~ait
2960 1920 2973 1955 :
3038 1899 3343 1955 Secundum
3372 1896 3375 1899 λ

1761 1996 2086 2067 prepositum
2115 1994 2402 2049 voluntatis
2430 2011 2538 2050 sua:
2569 1995 2611 2047 ’.
2667 1995 2736 2048 Et
2767 1993 2924 2059 illud,
2958 1994 3105 2062 quod
3133 2010 3161 2046 a
3198 1993 3344 2049 Mose

1762 2088 2022 2159 scriptum
2044 2094 2127 2141 est
2159 2105 2172 2142 :
2210 2085 2331 2141 Fiat
2357 2088 2447 2142 lux
2466 2106 2485 2153 ;
2517 2096 2592 2152 et,
2623 2087 2887 2141 Producat
2911 2095 3055 2139 terra
3082 2103 3101 2151 ;
3127 2095 3204 2151 et,
3240 2085 3345 2138 Fa-

1763 2182 1966 2235 ciamus
2000 2180 2261 2233 hominem
2289 2178 2331 2243 ³,
2371 2176 2627 2242 arbitror,
2673 2190 2730 2232 ut
2788 2189 2916 2233 ante
2969 2179 3177 2233 dictum
3235 2187 3343 2240 est,

1765 2273 2070 2345 signiﬁcare
2086 2273 2334 2328 facientis
2351 2271 2704 2325 voluntatem.
2732 2270 2863 2337 Quae
2881 2271 3027 2326 enim
3050 2280 3209 2325 antea
3234 2285 3341 2323 nou

1771 2377 1958 2427 erant.
1994 2367 2088 2422 sed
2126 2365 2468 2421 extrinsecus
2502 2365 2640 2420 facta
2666 2377 2815 2427 sunt,
2878 2380 2941 2418 ea
2992 2363 3108 2417 vult
3166 2362 3347 2417 facere

1769 2467 2084 2531 procreator
2120 2456 2280 2511 Deus.
2309 2455 2367 2509 In
2393 2453 2571 2511 Verbo
2605 2463 2787 2508 autem
2808 2453 3052 2525 proprio,
3087 2452 3232 2523 quod
3280 2468 3347 2506 ex

1769 2568 1827 2608 se
1854 2560 2048 2606 natura
2084 2549 2272 2621 gignit,
2318 2562 2427 2602 non
2488 2546 2750 2618 praecedit
2790 2546 3066 2601 voluntas.
3125 2545 3185 2600 ln
3244 2545 3350 2598 hoc

1770 2643 1915 2699 enim
1943 2641 2101 2699 Pater
2127 2642 2229 2695 alia
2260 2640 2466 2703 omnia,
2505 2655 2630 2710 qua:
2673 2640 2810 2701 vult,
2866 2639 2996 2693 facit
3046 2646 3100 2692 et
3170 2646 3341 2697 creat.

1774 2748 1833 2791 ut
1865 2735 2151 2806 apostolus
2177 2731 2417 2789 Jacobus
2458 2732 2639 2794 docet,
2702 2730 2911 2793 Genuit,
2948 2729 3222 2797 inquiens,
3260 2744 3350 2780 vos

1774 2830 1946 2885 volens
1980 2827 2144 2884 Verbo
2169 2827 2403 2882 veritatis
2437 2840 2548 2878 sua:
2569 2822 2610 2878 ⁸.
2636 2821 2753 2877 Prae
2792 2822 3000 2892 pudore
3029 2820 3194 2892 igitur
3212 2835 3341 2875 con-

1779 2924 1906 2985 fusi,
1944 2936 2047 2976 nec
2069 2918 2332 2974 audentes
2356 2917 2560 2982 dicere,
2602 2915 2694 2970 Dei
2728 2914 2971 2969 Yet-bum
3033 2913 3237 2968 factum
3291 2924 3349 2968 ct

1779 3024 2021 3072 creatum
2047 2996 2189 3077 esse,
2220 3020 2274 3066 et
2296 3010 2719 3079 aliquandonon
2771 3007 2963 3069 fuisse,
3016 3006 3180 3060 aliam
3244 3020 3335 3059 ra-

1781 3107 1984 3162 tionem
2013 3103 2321 3166 inveniunt,
2348 3116 2453 3172 qua
2475 3108 2719 3155 creatum
2751 3114 2875 3155 esse
2902 3098 3105 3153 dicant.
3150 3098 3353 3153 Volun-

130 3196 234 3262 πρὶν
252 3196 473 3267 γεννηθῇ
493 3200 523 3249 6
545 3194 638 3248 τοῦ
673 3194 809 3247 Θεοῦ
832 3196 1023 3262 Λόγος,
1056 3195 1235 3257 ἄλλως
1265 3184 1428 3248 πάλιν
1462 3198 1670 3267 κτίσμα

1776 3209 1940 3255 tatem
1995 3198 2140 3252 enim
2209 3203 2555 3265 prteponunt,
2597 3204 2669 3259 et,
2724 3192 2840 3247 Nisi
2904 3194 3205 3257 voluntate,
3268 3192 3353 3245 in.

131 3286 344 3356 λέγουσιν
394 3290 561 3343 αὑτὸν
606 3286 764 3351 εἶναι,
817 3286 1074 3356 βούλησιν
1113 3287 1545 3358 προϐαλλόμενοι
1579 3291 1673 3342 καὶ

132 3381 361 3447 λέγοντες,
387 3383 451 3436 El
502 3384 578 3452 μὴ
625 3380 878 3449 βουλήσει
921 3380 1168 3448 γέγονεν,
1209 3380 1407 3434 οὐκοῦν
1433 3383 1674 3456 ἀνάγκῃ,

132 3471 207 3521 καὶ
228 3473 292 3540 μὴ
321 3471 487 3524 θέλων
508 3472 666 3539 ἔσχεν
701 3470 728 3521 6
748 3469 879 3533 Θεὸς
909 3469 1057 3525 Υἰόν.
1075 3469 1183 3523 Καὶ
1207 3470 1290 3533 τίς
1324 3473 1350 3524 6
1382 3469 1480 3541 τὴν
1504 3472 1677 3541 ἀνάγ-

134 3578 215 3630 κην
230 3564 484 3617 ἐπιῦαλὼν
514 3562 685 3632 αὐτῷ,
706 3562 1084 3632 πονηρότατοι,
1109 3562 1203 3615 καὶ
1227 3562 1406 3616 πάντα
1426 3564 1562 3634 πρὸς
1579 3563 1678 3635 τὴν

136 3655 313 3723 αἵρεσιν
338 3657 553 3710 ὲαυτῶν
582 3656 868 3720 ἓλκοντες;
903 3654 977 3708 T6
1005 3655 1104 3724 μὲν
1144 3655 1251 3725 γὰρ
1287 3655 1673 3725 ἀντικείμενον

138 3749 189 3815 τῇ
212 3747 439 3818 βουλήσει
482 3748 790 3833 ἑωράκασι,
834 3745 895 3798 τὸ
939 3745 995 3799 δὲ
1043 3746 1229 3815 μεῖζον
1264 3747 1358 3797 καὶ
1408 3744 1680 3815 ὑπερκεί-

143 3856 273 3905 μενον
301 3842 355 3893 06
397 3841 834 3912 τεθεωρήκασιν.
875 3838 1089 3908 Ὠσπερ
1137 3838 1245 3907 γὰρ
1275 3838 1578 3892 ἀντίκειται
1612 3842 1679 3911 τῇ

143 3932 357 4005 βουλήσει
409 3936 470 3989 τὸ
503 3933 655 4003 παρὰ
705 3931 950 4002 γνώμην,
990 3930 1161 3993 οὕτως
1195 3932 1538 4003 ὑπέρκειται.
1586 3936 1683 3987 καὶ

144 4030 433 4098 προηγεῖται
480 4029 578 4081 τοῦ
638 4026 923 4095 βούλεσθαι
973 4025 1032 4078 τὸ
1090 4024 1233 4078 κατὰ
1276 4024 1461 4091 φύσιν.
1491 4025 1683 4078 Οἰκίαν

145 4120 251 4185 γοῦν
280 4139 353 4184 τις
414 4122 741 4192 βουλόμενος
789 4114 1210 4182 κατασκευάζει,
1254 4117 1370 4171 υἱὸν
1423 4119 1480 4170 δὲ
1519 4119 1686 4189 γεννᾷ

146 4214 263 4265 κατὰ
290 4217 463 4281 φύσιν,
502 4214 598 4266 καὶ
620 4212 679 4264 τὸ
712 4212 810 4281 μὲν
852 4211 1104 4282 βουλήσει
1134 4208 1685 4280 κατασκευαζόμενον

148 4304 317 4373 ἤρξατο
343 4306 613 4375 γίνεσθαι,
646 4308 739 4359 καὶ
767 4304 965 4370 ἔξωθέν
1000 4306 1114 4356 ἐστι
1163 4303 1256 4356 τοῦ
1284 4306 1587 4368 ποιοῦντος.
1627 4304 1687 4357 Ὀ

147 4394 191 4445 δὲ
218 4397 326 4461 Υἱὸς
357 4400 486 4453 ῖδιόν
518 4401 634 4452 ἐστι
664 4400 759 4468 τῆς
804 4397 993 4458 οὐσίας
1029 4395 1123 4450 τοῦ
1161 4397 1370 4466 Πατρὸς
1415 4397 1684 4466 γέννημα,

151 4490 224 4539 καὶ
249 4490 338 4542 οὐκ
362 4491 509 4543 ἔστιν
544 4488 742 4556 ἔξωθεν
768 4488 952 4542 αὐτοῦ.
986 4488 1075 4540 Διὸ
1105 4486 1227 4540 οὐδὲ
1278 4486 1525 4557 βούλεται
1557 4488 1687 4559 περὶ

1778 3292 1995 3362 quiunt,
2065 3289 2285 3361 genitus
2338 3298 2441 3352 est,
2491 3287 2819 3341 necessitate
2875 3301 3003 3358 ergo
3050 3297 3105 3340 et
3157 3285 3357 3339 invitus

1777 3386 1943 3440 habet
1973 3382 2170 3438 Filium
2208 3381 2370 3436 Deus.
2407 3380 2606 3447 Ecquis
2640 3379 2741 3442 illi,
2777 3379 3031 3432 homines
3077 3378 3359 3433 scelestis—

1781 3477 1929 3540 siuii,
1961 3477 2053 3546 qui
2083 3475 2147 3530 ad
2171 3474 2423 3530 haeresim
2453 3483 2691 3526 vestram
2720 3470 2904 3526 omnia
2962 3471 3204 3537 trahitis,
3261 3486 3357 3523 ne-

1781 3570 2094 3624 cessitatem
2122 3568 2349 3623 attulit?
2404 3566 2549 3635 Quid
2604 3566 2754 3620 enim
2819 3565 3087 3619 voluntati
3134 3574 3356 3619 contra-

1784 3662 1927 3715 rium
1973 3663 2064 3725 sit,
2105 3660 2380 3724 viderunt,
2403 3659 2533 3728 quid
2597 3667 2781 3711 autem
2830 3671 2895 3711 ea
2954 3656 3026 3712 sit
3071 3657 3247 3724 majus
3308 3664 3361 3711 et

1779 3753 1954 3825 prius,
1988 3768 2095 3807 non
2120 3751 2645 3806 animadverterunt.
2698 3749 2854 3804 Sicut.
2917 3749 3061 3803 enim
3126 3749 3361 3818 Opponi-

1786 3856 1879 3901 tur
1911 3845 2179 3900 voluntati
2238 3844 2293 3898 id
2328 3843 2471 3914 quod
2505 3853 2702 3914 prater
2755 3842 3085 3897 sententiam
3128 3842 3362 3895 volentis

1786 3947 1894 4003 est,
1940 3939 2022 3993 sic.
2053 3938 2127 4003 id,
2154 3938 2300 4009 quod
2339 3946 2535 3992 natura
2565 3945 2672 3999 est,
2698 3936 3041 3991 voluntatem
3061 3935 3361 3989 antecedit.

1784 4028 2073 4085 Voluntate
2101 4028 2299 4100 aliquis
2348 4029 2570 4083 domum
2629 4026 2880 4091 aediﬁcat,
2939 4035 3133 4081 natura
3193 4024 3362 4079 ﬁlium

1785 4121 1976 4193 gignit.
2008 4122 2072 4177 Et
2108 4123 2252 4192 quod
2285 4120 2563 4176 voluntate
2607 4123 2693 4184 lit,
2730 4118 3062 4188 coepitﬁe-ri,
3112 4124 3168 4171 et
3213 4125 3366 4171 extra

1785 4210 2079 4267 facientem
2107 4220 2210 4267 est.
2244 4211 2414 4266 Filius
2471 4219 2653 4266 autem
2712 4210 2963 4265 essentiae
3036 4207 3210 4262 Patris
3245 4222 3370 4274 pro-

1789 4304 1966 4373 prium
1992 4312 2076 4357 est
2102 4317 2346 4372 germen,
2373 4313 2427 4357 et
2482 4318 2591 4358 non
2636 4314 2719 4358 est
2749 4312 2899 4356 extra
2923 4303 3123 4372 ipsum.
3163 4299 3370 4367 Quam-

1787 4395 1974 4449 obrem
2014 4395 2081 4449 de
2121 4395 2237 4464 ipso
2266 4410 2375 4448 non
2432 4394 2667 4449 consulit
2724 4397 2866 4448 sicut
2898 4407 3000 4447 nec
3031 4393 3098 4447 de
3132 4408 3191 4446 se
3245 4392 3369 4461 qui-

1794 4490 1917 4543 dem
1980 4488 2197 4543 videtur
2252 4486 2565 4542 consulere.
2636 4484 2853 4551 Quanto
2916 4486 3083 4556 igitur
3139 4500 3199 4540 re
3246 4499 3373 4555 pro-

152 4582 308 4647 αὐτοῦ,
336 4586 418 4639 ἵνα
453 4584 590 4655 μηδὲ
609 4585 736 4654 περὶ
765 4583 960 4637 ἑαυτοῦ
988 4583 1115 4654 δοκῇ
1141 4582 1515 4653 βουλεύεσθαι.
1538 4558 1673 4653 "Oct,

1798 4589 1978 4637 creata
2001 4579 2175 4635 Filius
2210 4580 2463 4650 superior
2491 4589 2594 4643 est,
2650 4587 2802 4633 tanto
2845 4578 2918 4644 id,
2974 4578 3118 4646 quod
3175 4586 3373 4629 natura

153 4670 331 4728 οὖντοῦ
357 4679 655 4749 κτίσματος
686 4678 714 4730 6
744 4677 872 4739 Υἱὸς
934 4676 1257 4745 ὑπέρκειται
1316 4675 1555 4746 τοσούτῳ
1606 4675 1697 4727 καὶ

159 4762 236 4829 ἧς
291 4764 589 4839 βουλήσεως
626 4767 687 4819 τὸ
727 4767 869 4821 κατά
914 4766 1099 4834 φύσιν.
1155 4766 1267 4819 Καὶ
1334 4766 1442 4820 ἔδει
1501 4767 1697 4829 αὐτοὺς

162 4852 425 4920 ἀκούοντας
472 4859 532 4911 οὐ
574 4856 827 4927 βουλήσει
888 4856 1201 4923 λογίζεσθαι
1230 4856 1290 4909 τὸ
1336 4856 1481 4910 κατά
1512 4859 1699 4925 φύσιν.

1800 4682 1909 4736 est,
1950 4673 2293 4726 voluntatem
2325 4671 2516 4724 anteit.
2551 4670 2643 4723 lsti
2684 4678 2889 4732 autem,
2918 4667 3072 4721 obliti
3105 4681 3163 4721 se
3224 4666 3374 4734 loqui

1802 4764 1870 4818 de
1910 4763 2047 4818 Filio
2072 4760 2191 4828 Dei,
2250 4762 2454 4816 audent
2504 4763 2770 4815 humanas
2834 4761 2954 4813 illas
3000 4758 3380 4828 appositioncs

1803 4858 1870 4913 de
1902 4857 2010 4911 Deo
2032 4856 2234 4919 dicere,
2261 4856 2667 4921 necessitatem,
2695 4862 2749 4907 et
2781 4860 2973 4921 prater
3003 4850 3377 4913 sententiam,

152 4940 215 4995 οἱ
238 4946 286 4998 δὲ
317 4948 814 5019 ἐπιλανθανόμενοι.
839 4949 919 5002 ὅτι
944 4950 1071 5019 περὶ
1114 4947 1232 5002 υἱοῦ
1259 4949 1393 5002 Θεοῦ
1427 4949 1673 5003 ἀκούουσι

1804 4958 1862 5003 ut
1892 4956 2094 5018 negent
2118 4962 2239 5003 esse
2258 4962 2443 5001 verum
2475 4945 2672 5000 Filium
2702 4943 2815 4998 Dei.
2855 4945 2986 4997 Nam
3016 4950 3070 4996 et
3093 4940 3195 5011 ipsi
3219 4940 3379 4993 nobis

160 5038 398 5108 τολμῶσιν
441 5043 790 5114 ἀνθρωπίνας
840 5042 1146 5104 ἀντιθέσεις
1177 5041 1364 5112 λέγειν
1416 5042 1510 5094 ἐπὶ
1540 5041 1700 5105 Θεοῦ,

161 5129 344 5206 ἀνὰγκῃ
370 5137 462 5188 καλ⁵
496 5138 646 5204 παρά
690 5136 939 5205 γνώμην,
965 5135 1051 5188 ἴνα
1088 5137 1148 5187 τὸ
1187 5131 1326 5187 εἶναι
1353 5134 1482 5188 Υἱὸν
1510 5134 1703 5205 ἀληθι-

161 5218 231 5269 νδν
246 5221 572 5293 ἀρνῄσωνται
586 5225 680 5279 τοῦ
710 5225 869 5291 Θεοῦ,
893 5227 1010 5279 ὲπε.
1031 5226 1341 5278 εἰπάτωσαν
1364 5226 1495 5294 ἡμῖν
1524 5224 1702 5292 αὐτοὶ,

163 5309 211 5361 τὸ
238 5315 419 5380 ἀγαθδν
448 5316 583 5372 εἶναι
633 5320 728 5371 καὶ
748 5318 1069 5389 οἰκτίρμονα
1104 5318 1193 5370 τὸν
1223 5319 1354 5370 Θεὸν
1392 5320 1452 5370 ὲκ
1501 5316 1690 5387 βουλή

166 5414 279 5466 σεωέ
314 5410 598 5478 πρόσεστιν
640 5408 809 5479 αὐτῷ,
846 5409 880 5480 ἢ
924 5409 985 5462 οῦ
1021 5410 1271 5481 βουλήσει
1298 5427 1312 5476 ;
1338 5409 1429 5462 'El
1479 5409 1580 5477 μὲν
1610 5404 1705 5461 οὖν

166 5492 217 5545 ἐκ
250 5496 561 5571 βουλήσεως,
592 5506 815 5556 σκοπεῖν
869 5504 968 5568 δεῖ,
1028 5504 1109 5557 ὅτι
1160 5504 1367 5574 ἤρξατο
1400 5502 1499 5572 μὲν
1562 5498 1704 5555 εἶναι

168 5580 365 5653 ἀγαθὸς,
396 5597 483 5643 καί
521 5593 580 5645 τὸ
613 5593 687 5662 μὴ
722 5588 864 5645 εἶναι
898 5593 953 5646 δὲ
1000 5594 1162 5647 αὑτὸν
1192 5594 1396 5661 ἀγαθὸν
1423 5594 1708 5662 ἐνδεχόμε-

170 5673 246 5725 νῦν
295 5679 439 5733 ἐστι’
496 5684 555 5736 τὸ
613 5685 725 5754 γὰρ
784 5681 1129 5753 βουλεύεσθαι
1182 5685 1276 5739 καὶ
1327 5684 1709 5756 προαιρεῖσθαι

232 5823 245 5852 ¹
276 5824 421 5880 toan.
457 5845 495 5895 ι,
527 5831 579 5887 3.
658 5833 678 5864 '
728 5830 928 5899 Ephes.
962 5845 1003 5895 ι,
1058 5829 1111 5883 5.
1190 5828 1208 5859 ³
1242 5826 1379 5884 Cen.
1409 5844 1446 5895 ι,
1473 5830 1528 5894 5,
1556 5828 1647 5894 ‘25,
1676 5825 1765 5881 26.

1805 5039 2199 5111 respondeant,
2230 5049 2408 5094 utrum
2445 5038 2555 5093 Deo
2579 5038 2718 5093 adsit
2750 5052 2815 5090 ex
2850 5035 3131 5090 voluntate
3182 5044 3242 5085 ut
3305 5032 3379 5085 sit

1806 5131 1984 5185 bonus
2036 5142 2093 5184 et
2126 5129 2461 5192 misericors,
2489 5143 2687 5183 necne.
2720 5127 2777 5180 Si
2810 5141 2875 5180 ex
2929 5125 3227 5183 voluntate,
3285 5132 3376 5172 se-

1805 5227 2010 5294 quitur,
2061 5239 2187 5278 eum
2235 5223 2468 5291 erupisse
2525 5221 2728 5275 bonum
2775 5232 2917 5281 esse,
2978 5225 3137 5283 atque
3159 5212 3231 5265 ita
3259 5210 3377 5264 ﬁeri

1804 5319 2004 5388 poterit
2032 5327 2089 5370 ut
2116 5318 2230 5385 ipse
2264 5329 2372 5368 non
2394 5314 2468 5368 sit
2520 5316 2714 5367 bonus.
2773 5308 3072 5364 Consulerc
3124 5301 3271 5357 enim
3317 5310 3377 5354 et

1810 5412 2007 5481 eligere
2034 5409 2162 5463 licet
2188 5407 2241 5461 in
2273 5416 2558 5474 utramque
2592 5410 2826 5472 partem,
2892 5406 2947 5452 et
2970 5405 3177 5452 natura:
3229 5392 3381 5460 cogi—

1813 5502 1980 5555 tantis
2029 5510 2082 5555 et
2116 5496 2494 5553 ratiocinantis
2552 5492 2843 5562 preprium
2870 5497 2977 5541 est.
3023 5485 3119 5540 Sin
3174 5491 3381 5547 autem,

1816 5609 1916 5647 nec
1948 5590 2247 5647 absurdum
2300 5591 2402 5644 hoc
2440 5593 2835 5653 consequatur,
2869 5593 2982 5633 non
3000 5594 3063 5632 ex
3096 5577 3382 5632 voluntate

1816 5686 1996 5740 bonus
2026 5694 2130 5745 est,
2167 5678 2486 5743 audiantid,
2512 5676 2657 5746 quod
2684 5673 2784 5744 ipsi
2844 5672 3123 5736 dixerunt,
3183 5668 3384 5723 Neres-

1845 5826 1863 5856 ⁸
1892 5822 2011 5878 Jac.
2038 5838 2077 5888 ι,
2112 5818 2197 5874 18.
