3770 6558
481 352 585 415 455

1741 343 2124 410 EUTHYMll
2172 341 2541 405 ZlGABENI
2651 297 2671 317 ’

2172 341 2541 405 ZlGABENI
2651 297 2671 317 ’
3428 384 3433 387 -
3577 349 3650 413 isis

477 462 641 515 sitate
692 468 747 516 et
778 458 984 516 invitus
1011 465 1092 513 est
1120 458 1321 514 bonus.
1354 456 1558 529 Ecquis
1584 466 1769 514 autem
1830 456 1911 511 illi
1965 476 1966 507 ξ

2166 452 2248 514 είς
2301 452 2542 523 ἑκάτερα
2581 450 2685 523 τὴν
2733 450 2906 521 ῥοπήν
2964 447 3099 517 ἔχει,
3131 446 3223 501 καὶ
3250 446 3455 522 λογικῆς
3488 457 3650 525 φύσεώς

480 553 792 608 ccssitatem
825 553 1050 622 injecit?
1080 553 1236 618 Quod
1263 555 1308 610 si
1333 553 1799 610 absurdissimum
1838 559 1945 615 est,
1994 548 2052 604 in

485 646 593 698 Deo
625 662 747 701 esse
800 646 1189 701 necessitatem
1234 648 1443 711 dicere,
1474 656 1529 703 et
1580 654 1872 717 propterea
1919 656 2057 699 con-

481 738 743 791 fitendum
813 745 919 801 est,
951 752 1074 794 esse
1136 750 1328 795 natura
1375 740 1602 801 bonum,
1652 737 1823 793 multo
1881 734 2055 805 magis

476 838 531 879 et
560 826 740 881 verius
766 828 1064 884 dicendum
1091 841 1195 896 est,
1227 847 1355 886 eum
1405 841 1623 895 natura,
1682 845 1793 884 non
1854 829 2053 883 volun-

479 932 590 977 tate
630 940 749 979 esse
778 926 899 980 Filii
932 926 1170 981 Patrem.
1196 926 1331 981 lllud
1364 935 1625 995 praeterea
1650 924 1809 979 nobis
1824 938 2056 993 respon-

477 1016 673 1083 deant;
704 1018 827 1069 volo
860 1019 1007 1072 enim
1038 1034 1133 1074 eos
1168 1035 1265 1089 pro
1294 1019 1521 1074 audacia
1553 1019 1791 1089 ipsorum
1822 1018 2059 1072 interro—

478 1122 629 1175 gare,
684 1124 805 1178 quae
847 1110 1073 1180 quidem
1111 1109 1468 1182 interrogatio
1500 1110 1631 1165 licet
1676 1109 1903 1163 liberior
1953 1107 2054 1174 sit,

474 1198 543 1250 al
584 1197 841 1267 pietatem
895 1208 1075 1255 tamen
1102 1201 1384 1270 spectabit.
1412 1200 1690 1269 Propitius
1721 1207 1861 1265 esto,
1888 1198 2055 1261 Deus.

478 1287 871 1358 Respondeant
903 1291 1087 1363 igitur,
1115 1304 1296 1346 utrum
1333 1293 1495 1348 Pater
1524 1294 1641 1363 ipse
1679 1292 1830 1362 prius
1859 1306 2061 1346 consu-

478 1379 671 1443 luerit.
734 1383 932 1439 deinde
993 1384 1262 1447 voluerit,
1319 1394 1442 1453 post
1493 1394 1675 1439 autem
1737 1384 1930 1447 fuerit,
1988 1399 2058 1438 an

478 1475 793 1544 priusquam
825 1476 1162 1531 consuluerit
1204 1476 1297 1531 sit.
1325 1477 1554 1546 Oportet
1584 1477 1751 1538 enim.
1781 1487 1836 1532 ut
1856 1478 2059 1533 cumde

488 1564 666 1619 Verbo
703 1567 825 1621 talia
880 1568 1117 1622 audeant
1152 1568 1327 1639 loqui,
1366 1568 1569 1624 similia
1624 1570 1754 1624 item
1791 1570 1861 1625 de
1900 1569 2061 1624 Patre

478 1655 723 1721 audiant,
785 1665 843 1709 ut
872 1656 1069 1721 sciant,
1122 1655 1282 1711 istam
1330 1657 1574 1727 ipsorum
1604 1658 1960 1728 petulantiam
1993 1660 2060 1713 ad

483 1746 695 1799 Patrem
745 1762 964 1815 quoque
1014 1747 1330 1816 pervenire.
1392 1747 1449 1803 Si
1498 1749 1848 1817 dixerint,et
1880 1751 2060 1821 ipsum

2157 545 2277 598 ἐστι
2303 545 2363 598 τὸ
2391 544 2563 609 πάθος
2590 544 2751 598 τούτο
2773 559 2787 574 ·
2822 545 2869 596 εί
2901 541 2957 595 δὲ
2994 541 3081 595 διὰ
3104 540 3163 593 τὸ
3193 540 3254 594 ἐκ
3289 541 3476 597 τούτων
3501 546 3652 606 ἄτοπον

2162 634 2265 689 οὐκ
2322 635 2387 688 ὲκ
2441 634 2751 706 βουλήσεως
2810 632 3110 704 οἰκτίρμων
3156 630 3248 685 καὶ
3296 631 3481 700 ἀγαθός
3523 639 3651 709 ἐστιν,

2156 726 2502 782 ἀκουέτωσαν
2536 727 2681 798 ἅπερ
2711 726 2997 795 εἰρήκασιν
3030 721 3183 777 αὐτοί
3204 740 3217 753 ⁸
3246 724 3439 777 Οὐκοῦν
3463 728 3650 805 ἀνάγκη,

2158 820 2254 873 καὶ
2289 819 2363 890 μὴ
2392 820 2565 875 ¹θέλων
2620 818 2821 887 ἀγαθός
2870 816 3006 871 ἐστι.
3044 816 3152 869 Ka1
3176 814 3255 876 τις
3282 816 3310 867 ό
3340 819 3427 886 τὴν
3456 820 3644 893 ἀνάγκην

2160 912 2431 967 ἐπιϐαλὼν
2462 911 2610 982 αὐτῷ
2637 928 2653 977 ;
2695 912 2756 963 El
2785 910 2844 964 δὲ
2876 908 3069 978 ἄλογόν
3105 911 3214 960 ἐστι
3242 907 3409 976 λέγειν
3454 911 3530 965 ἐπὶ
3554 913 3653 969 Θεοῦ

2159 1005 2430 1075 ἀνάγκην,
2471 1004 2566 1057 καὶ
2596 1002 2684 1058 διὰ
2716 1000 2875 1056 τοῦτο
2901 1000 3061 1071 φύσει
3094 1000 3293 1067 ἀγαθός
3330 1002 3480 1064 ἐστιν,
3505 1002 3574 1073 εἴη
3605 1008 3652 1061 ἂν

2157 1097 2338 1166 πολλῷ
2367 1096 2565 1167 μᾶλλον
2620 1096 2713 1148 καὶ
2743 1092 3103 1161 ἀληθέστερον
3144 1092 3235 1155 τοῦ
3266 1092 3385 1144 1⁸ίοῦ
3416 1095 3654 1162 φύσει,καὶ

2158 1190 2259 1244 οὐκ
2285 1192 2348 1243 ἐκ
2378 1189 2687 1260 βουλήσεως
2744 1185 2957 1256 Πατήρ.
3000 1185 3321 1237 Είπάτωσαν
3368 1186 3420 1239 δὲ
3448 1189 3560 1257 ἡμῖν
3586 1195 3654 1247 καὶ

2160 1282 2317 1338 τοῦτο
2342 1283 2526 1337 πάλιν.
2553 1281 2692 1352 Πρὸς
2715 1280 2821 1349 γὰρ
2844 1280 2945 1347 τὴν
2968 1278 3351 1346 ἀναισχυντίαν
3377 1280 3534 1334 αὐτῶν
3558 1284 3657 1352 ἐρὼ-

2164 1392 2324 1444 τησιν
2384 1375 2570 1437 αὐτοῖς
2630 1374 2859 1439 ἐπάγειν
2899 1371 2980 1423 ἔτι
3026 1369 3288 1439 βούλομαι
3320 1371 3656 1445 τολμηροτέραν

2166 1469 2286 1540 μὲν,
2318 1468 2623 1539 βλέπουσαν
2674 1466 2730 1519 δὲ
2761 1466 2912 1535 ὅμως
2964 1464 3042 1526 είς
3091 1461 3390 1517 εὐσέϐειαν.
3428 1463 3656 1535 Ἰλάσθητι,

2164 1559 2431 1613 Δέσποτα.
2473 1558 2532 1611 '0
2565 1557 2756 1627 Πατὴρ
2782 1554 2940 1616 αὐτὸς
2969 1550 3396 1624 βουλευσάμενος
3434 1557 3657 1627 πρότερον,

2165 1647 2288 1705 εἶτα
2318 1651 2571 1718 θελήσας,
2607 1647 2777 1710 οὕτως
2826 1645 3088 1715 ὑπάρχει,
3150 1643 3182 1714 ἢ
3215 1644 3304 1697 καὶ
3335 1644 3431 1714 πρὸ
3470 1646 3547 1699 τοῦ
3569 1648 3659 1717 βου·

2166 1744 2501 1806 λεύσασθαις
2538 1742 2643 1812 χρὴ
2681 1739 2789 1811 γὰρ
2847 1737 3097 1810 περὶτοῦ
3150 1737 3320 1805 Λόγου
3350 1737 3548 1791 τοιαῦτα
3573 1740 3659 1792 τολ-

478 1838 694 1892 Patrem
747 1855 813 1892 ex
857 1840 1264 1896 consultatione
1315 1848 1370 1897 et
1405 1842 1685 1898 voluntate
1736 1858 1879 1907 esse,
1925 1859 1967 1914 qi

2171 1836 2384 1905 μῶντας
2447 1834 2680 1897 αὐτοὺς,
2745 1831 2972 1885 τοιαῦτα
3034 1828 3133 1882 καὶ
3187 1828 3313 1898 περὶ⁵
3369 1827 3453 1880 τοῦ
3507 1829 3660 1899 Πατρὶς

478 1941 596 1986 erat
624 1942 917 2001 antequam
966 1937 1265 2003 consuluit,
1306 1947 1401 1993 aut
1440 1940 1573 2010 quid
1607 1940 1844 2011 amplius
1869 1940 2060 1997 habuit

478 2034 831 2096 posteaquam
900 2028 1221 2084 consuluit?
1275 2029 1433 2098 Quod
1503 2033 1547 2087 si
1580 2032 1851 2103 ejusmodi
1886 2033 2060 2089 inter-

481 2118 691 2185 rogatio
739 2119 979 2176 absurda
1021 2132 1128 2188 est,
1155 2132 1210 2180 et
1248 2125 1441 2195 nequit
1472 2126 1800 2192 consistere,
1854 2135 1911 2182 et
1942 2128 2060 2183 haec

480 2208 668 2265 dicere
712 2214 939 2269 omnino
978 2215 1137 2272 nefas
1163 2226 1268 2285 est,
1296 2232 1423 2274 cum
1456 2219 1591 2275 satis
1619 2219 1711 2285 sit,
1742 2219 1796 2274 id
1830 2235 1930 2275 nos
1959 2236 2059 2275 au-

481 2300 619 2367 dire,
647 2313 701 2359 et
728 2306 890 2372 scire,
926 2317 981 2363 et
1018 2308 1334 2382 intelligere
1366 2311 1433 2366 de
1465 2310 1597 2376 Deo,
1649 2327 1846 2384 nempe
1877 2313 2057 2383 ipsum

482 2409 603 2450 esse
634 2397 807 2461 illum,
847 2400 941 2470 qui
991 2413 1100 2467 est,
1136 2418 1316 2459 nonne
1344 2403 1642 2459 absurdum
1670 2414 1756 2460 est
1787 2407 1948 2460 etiam
1993 2406 2060 2462 de

482 2484 665 2544 Verbo
704 2490 800 2546 Dei
837 2493 917 2547 sic
942 2493 1204 2565 cogitare,
1238 2502 1294 2549 et
1317 2496 1603 2551 consilium
1629 2499 1679 2551 ei
1730 2511 1793 2552 ac
1815 2496 2063 2567 volunta-

483 2587 593 2633 tem
627 2584 1013 2653 anteponere?
1045 2584 1191 2640 Satis
1211 2585 1359 2641 enim
1384 2594 1468 2643 est
1498 2588 1628 2643 item
1679 2587 1747 2644 de
1780 2587 1961 2644 Verbo
1994 2589 2062 2644 il-

483 2669 573 2726 lud
608 2674 775 2740 scire,
808 2684 865 2730 et
898 2675 1223 2747 intelligere,
1261 2691 1457 2748 nempe
1489 2679 1668 2750 ipsum
1693 2695 1803 2735 non
1838 2697 1902 2736 ex
1930 2696 2062 2738 con-

483 2762 776 2820 sultatione
828 2778 883 2821 et
946 2769 1227 2825 voluntate
1287 2770 1458 2825 Deum
1510 2787 1654 2835 esse,
1714 2773 1809 2828 sed
1863 2782 2062 2829 natura

484 2856 765 2925 proprium
841 2871 967 2915 esse
1023 2860 1259 2917 Verbum
1330 2861 1528 2918 Patris.
1603 2864 1761 2932 Quod
1838 2864 2059 2934 quidem

486 2945 729 3004 Verbum
766 2965 890 3005 cum
926 2952 1001 3007 sit
1031 2954 1324 3009 consilium
1370 2964 1426 3010 et
1473 2956 1727 3013 voluntas
1777 2956 1954 3014 Patris
1984 2958 2065 3028 ip-

484 3044 629 3109 s’us,
688 3045 962 3112 quomodo
1010 3056 1191 3118 potest
1239 3050 1475 3106 oonsilio
1531 3060 1589 3105 et
1618 3050 1902 3106 voluntate
1941 3050 2064 3123 ejus

2162 1924 2405 1991 ἀκούειν,
2436 1925 2522 1978 ἵνα
2549 1922 2774 1991 γνῶσιν,
2802 1922 2884 1974 ὅτι
2921 1923 2953 1988 ἠ
2972 1918 3201 1987 τοιαύτη
3232 1917 3404 1971 αὐτῶν
3430 1920 3663 1989 προπέτεια

2161 2020 2256 2074 καὶ
2293 2019 2376 2080 εἰς
2426 2018 2588 2071 αὑτὸν
2615 2017 2707 2071 τὸν
2756 2015 2973 2085 Πατέρα
3002 2012 3220 2083 φθάνει.
3260 2011 3382 2065 Ἐὰν
3411 2012 3496 2080 μὲν
3520 2011 3592 2065 οὗν
3608 2015 3660 2066 εί-

2163 2127 2366 2171 πωσιν,
2427 2110 2510 2163 ὅτι
2537 2110 2634 2163 καί
2666 2107 2824 2169 αὐτὸς
2855 2107 2919 2159 ὲκ
2945 2105 3274 2176 βουλήσεως,
3307 2104 3357 2157 τί
3401 2099 3462 2175 ἦν
3484 2106 3570 2175 πρὸ
3594 2106 3659 2158 τοῦ

2164 2202 2581 2276 βουλεύσασθαι,
2639 2200 2753 2274 ἢτί
2786 2199 2945 2253 πλέον
2988 2198 3174 2270 ἔσχεν,
3216 2198 3290 2262 ὼς
3340 2197 3482 2267 ὑμεῖς
3508 2197 3661 2264 λέγετε,

2166 2298 2305 2371 μετὰ
2326 2298 2388 2349 τὸ
2423 2293 2813 2366 βουλεύσασθαι
2841 2308 2857 2358 ;
2892 2292 2957 2347 El
2988 2292 3045 2345 δὲ
3094 2291 3293 2352 ἄτοπος
3324 2288 3409 2341 καὶ
3432 2288 3662 2349 suumn;

2164 2391 2313 2443 ἐστιν
2338 2390 2372 2457 ἡ
2401 2386 2624 2455 τοιαύτη
2652 2384 2940 2455 ἐρώτησις,
2960 2383 3057 2437 καὶ
3086 2384 3147 2438 οὺ
3176 2383 3331 2453 θέμις
3353 2380 3476 2445 ὅλως
3494 2380 3663 2433 τοιαῦτα,

2162 2482 2346 2551 λέγειν
2390 2481 2573 2550 (ἀρκεῖ
2601 2478 2709 2548 γὰρ
2748 2476 2848 2531 καὶ
2886 2474 3048 2549 μόνον
3082 2474 3381 2536 ἀκούοντας
3425 2473 3550 2543 ἡμᾶς
3575 2474 3663 2541 περὶ

2163 2574 2300 2630 Θεοῦ
2329 2574 2552 2637 εἰδέναι,
2598 2571 2695 2625 καὶ
2717 2571 2885 2634 νοεῖν,
2930 2570 3013 2623 ὅτι
3044 2568 3211 2630 αὐτός
3235 2568 3375 2620 ἔστιν
3407 2566 3433 2619 ό
3459 2563 3559 2635 ὢν),
3584 2563 3662 2626 πῶς

2162 2666 2263 2723 ούκ
2289 2665 2480 2734 ἄλογον
2509 2664 2576 2718 ἂν
2604 2664 2690 2734 εἴη
2718 2661 2815 2715 καὶ
2845 2660 2974 2731 περὶ
3006 2656 3266 2741 τοῇθεοῦ
3300 2657 3462 2725 Λόγου
3498 2654 3663 2708 τοιαῦτα

2164 2756 2536 2828 ἐνθυμεῖσθαι,
2571 2756 2668 2810 καὶ
2706 2753 2959 2826 βούλησιν
3011 2753 3105 2807 καὶ⁸
3155 2750 3368 2822 θέλησιν
3429 2748 3663 2819 προϐάλλε-

2166 2850 2335 2918 σθαι;
2430 2848 2618 2921 ’Δρκεῖ
2671 2848 2783 2919 γὰρ
2829 2844 2960 2917 περὶ
3014 2842 3111 2898 τοῦ
3169 2842 3340 2911 Λόγου
3388 2840 3556 2894 εἰδέναι
3601 2840 3665 2890 καὶ

2163 2944 2330 3010 νοεῖν,
2356 2942 2438 2997 ὅτι
2463 2942 2491 2994 ό
2522 2938 2599 3014 μὴ
2626 2939 2691 2994 ικ
2727 2937 3037 3009 βουλήσεως
3057 2934 3322 3007 ὑπάρχων
3346 2933 3466 2996 Θεὸς
3510 2931 3559 2985 οὐ
3576 2930 3665 3000 βου-

2164 3034 2344 3106 λήσει,
2402 3032 2539 3087 ἀλλὰ
2598 3032 2758 3102 φύσει
2797 3030 2890 3083 τὸν
2921 3027 3051 3082 ῖδιον
3086 3027 3205 3099 ἔχει
3252 3026 3435 3093 Λόγον.
3476 3024 3577 3086 Πῶς
3603 3022 3665 3075 οὖν

486 3131 685 3204 gigni?
735 3137 884 3200 nisi,
934 3113 1171 3195 ut-aute
1237 3140 1389 3202 dixi.
1441 3141 1684 3198 Verbum
1732 3143 1879 3215 gigni

2176 3125 2334 3197 βουλὴ
2381 3124 2478 3179 καὶ
2536 3122 2748 3195 θέλημα
2800 3119 2895 3174 τοῦ
2952 3120 3167 3189 Πατρός
3209 3113 3665 3215 ὑπάρχωνᾼόιΛόγος

485 3227 725 3296 seipsum
782 3236 877 3284 aut
924 3245 1023 3301 per
1067 3231 1303 3288 alterum
1354 3233 1592 3291 Verbum
1653 3242 1907 3291 asserant
1960 3236 2064 3292 ho-

2163 3222 2389 3277 δύναται
2416 3218 2666 3290 γίνεσθαι
2697 3216 2794 3269 καὶ
2835 3214 2998 3278 αὐτὸς
3028 3213 3332 3285 βουλήματι
3361 3212 3447 3264 καὶ
3473 3208 3664 3277 θελήπι;

486 3321 663 3376 mines
691 3321 892 3391 insani.
931 3300 1086 3391 Quod
1111 3327 1155 3381 si
1176 3328 1558 3397 confinxerint,
1590 3338 1646 3384 et
1673 3329 1905 3386 alterum
1931 3330 1975 3385 ill

2176 3314 2322 3379 ίκτὺς
2348 3312 2396 3366 εἰ
2425 3311 2521 3382 μὴ,
2547 3308 2689 3364 καθὰ
2718 3308 3003 3378 προεῖπον,
3035 3304 3299 3375 μανέντες
3328 3302 3475 3356 πάλιν
3496 3300 3665 3397 εἴπω-σιν

487 3412 631 3482 gigni
655 3429 869 3471 rursum
888 3432 985 3488 per
1011 3418 1226 3491 aliquod
1240 3421 1386 3477 aliud
1426 3422 1664 3478 Verbum
1690 3437 1917 3481 necesse
1937 3423 2061 3481 erit.

486 3507 665 3575 Atque
684 3507 753 3562 ita
774 3510 1058 3581 multiceps
1074 3511 1365 3583 impiorum
1382 3514 1610 3570 haeresis
1625 3515 2065 3585 deprehendetur

488 3600 654 3653 stulte
684 3605 739 3653 in
767 3602 1083 3658 immensam
1108 3606 1337 3671 deorum
1362 3606 1771 3663 multitudinem
1800 3609 2063 3672 incidere.

488 3686 617 3741 dum
648 3687 843 3744 Filium
873 3701 1115 3747 creatum
1137 3702 1192 3748 et
1217 3708 1285 3747 ex
1304 3694 1476 3749 nihilo
1497 3694 1704 3751 factum
1739 3712 1885 3765 esse,
1913 3697 2066 3753 novis

490 3791 708 3838 utentes
752 3784 997 3850 vocibus,
1062 3786 1223 3855 eique
1270 3788 1560 3843 consilium
1609 3798 1666 3843 et
1724 3790 2065 3845 voluntatem

488 3881 869 3938 praeponentes
885 3877 1477 3932 conanturostendere.
1493 3875 1686 3933 Nonne
1711 3877 1938 3949 impium
1962 3886 2067 3945 est,

490 3978 553 4016 ea
580 3977 700 4032 qua:
730 3979 909 4018 rerum
944 3977 1356 4036 procreatarum
1382 3979 1532 4035 sunt,
1573 3971 1627 4025 in
1656 3981 2069 4042 procuratorem

493 4053 813 4111 transferre?
831 4057 1028 4114 Nonne
1049 4059 1374 4116 detestabile
1391 4070 1449 4117 et
1473 4063 1870 4118 exsecrandum
1895 4073 1978 4119 est
1995 4064 2074 4119 di-

490 4161 635 4211 cere,
667 4149 953 4204 consilium
1003 4162 1059 4206 et
1082 4152 1419 4209 voluntatem
1456 4168 1577 4209 esse
1594 4162 1721 4209 ante
1744 4153 1980 4211 Verbum
2017 4156 2074 4211 in

488 4238 645 4295 Patre
670 4241 693 4294 ?
716 4240 772 4296 Si
796 4243 942 4296 enim
977 4243 1228 4298 voluntas
1259 4244 1315 4298 in
1366 4243 1528 4301 Patre
1589 4248 1868 4317 praicedit,
1928 4247 2073 4305 haud

488 4346 615 4388 vera
633 4333 871 4404 loquitur
885 4333 1214 4406 Filius,Ego,
1226 4337 1498 4408 inquiens,
1513 4339 1566 4394 in
1583 4338 1761 4406 Patre,
1777 4350 1871 4397 aut
1888 4343 2079 4399 etiam-

488 4425 532 4478 si
559 4426 672 4495 ipse
700 4442 915 4497 quoque
957 4428 1013 4483 in
1046 4428 1200 4483 Patre
1228 4438 1333 4496 est,
1356 4432 1629 4502 posterior
1674 4442 1856 4490 tamen
1888 4436 2077 4493 existi-

488 4519 747 4582 mabitur,
790 4534 913 4575 cum
955 4522 1207 4578 voluntas
1234 4525 1289 4577 in
1322 4539 1427 4594 qua
1475 4525 1661 4582 omnia
1712 4526 1850 4583 facta
1914 4542 2067 4598 sunt,

487 4608 810 4677 antecedat,
859 4620 915 4665 et
976 4613 1091 4683 ipse
1123 4624 1287 4685 post,
1350 4627 1408 4671 ut
1458 4632 1557 4674 vos
1616 4621 1862 4690 putatis,
1913 4624 2073 4686 exsi-

489 4712 616 4758 stat.
666 4703 818 4759 Licet
863 4705 1009 4759 enim
1065 4707 1237 4777 gloria
1272 4719 1510 4780 przestet,
1543 4721 1727 4767 tamen
1774 4729 1946 4770 unum
1966 4716 2073 4771 erit

487 4807 552 4847 ex
577 4793 642 4848 iis
669 4808 786 4863 quze
812 4794 1091 4851 voluntate
1120 4797 1259 4852 facta
1295 4808 1445 4855 sunt.
1475 4803 1547 4856 At
1582 4802 1837 4860 homines
1876 4805 2073 4861 nefarii

490 4886 707 4949 nolunt,
738 4886 978 4941 Verbum
1019 4898 1074 4943 et
1129 4894 1421 4947 consilium
1462 4894 1654 4950 vivens
1699 4910 1822 4952 esse
1855 4895 2071 4965 Filium,

489 4976 586 5029 sed
613 4975 959 5045 prudentiam
977 4987 1034 5033 et
1065 4981 1353 5037 consilium
1381 4992 1437 5038 et
1468 4984 1890 5054 sapientiam,ut
1915 4987 2074 5042 habi-

491 5085 580 5131 tus
604 5077 889 5143 quosdam,
909 5080 1001 5148 qui
1024 5079 1203 5136 inesse
1246 5081 1549 5153 abesseque
1572 5084 1807 5154 possint,
1835 5086 2077 5141 humano

495 5188 649 5230 more
718 5174 832 5230 Deo
884 5175 1154 5233 inhaerere
1201 5181 1721 5250 comminiscuntur,
1787 5193 1842 5240 et
1892 5187 2078 5243 omnia

494 5286 735 5344 movent,
757 5288 814 5334 et
843 5279 1120 5336 Valentini
1170 5282 1451 5338 notionem
1502 5294 1559 5339 et
1583 5285 1919 5345 voluntatem
1956 5289 2078 5348 ideo

497 5390 839 5451 praeponunt,
866 5390 928 5437 ut
957 5383 1153 5439 Filium
1182 5401 1211 5439 a
1230 5386 1394 5440 Patre
1416 5385 1681 5457 dividant,
1710 5406 1947 5463 eumque
1967 5410 2077 5451 non

494 5484 774 5553 pr0prium
798 5479 981 5541 Patris
1012 5484 1273 5552 Verbum,
1306 5485 1401 5542 sed
1454 5497 1699 5543 creatum
1733 5505 1853 5548 esse
1870 5494 2075 5554 dicant.

493 5583 792 5654 Apostolus
839 5594 1022 5640 autem
1050 5600 1162 5641 non
1220 5586 1538 5657 voluntatis,
1570 5587 1665 5645 sed
1695 5593 1951 5650 essentia:
1984 5612 2080 5667 pa-

495 5695 668 5742 ternae
694 5686 975 5757 proprium
1027 5687 1376 5757 splendorem
1435 5697 1491 5745 et
1513 5688 1742 5761 ﬁguram
1784 5692 2079 5753 Dominum

496 5800 619 5844 esse
644 5786 930 5859 praedicat,
974 5786 1080 5857 Qui
1095 5805 1214 5845 cum
1231 5790 1320 5860 sit,
1342 5788 1862 5866 inquiens,splendor
1875 5796 2081 5870 gloriw,

2162 3407 2329 3464 αὐτὸν
2351 3403 2417 3459 δι’
2440 3401 2637 3460 ἑαυτοῦ
2663 3399 2968 3470 γεγονέναι,
2993 3397 3026 3469 ἢ
3059 3397 3125 3450 δι’
3158 3396 3342 3469 ἑτέρου
3368 3395 3514 3455 τινὸς.
3552 3388 3668 3443 Ἀλλὰ

2165 3500 2270 3555 κᾶν
2301 3497 2670 3560 πλάσσωνται,
2692 3493 2911 3554 πάντως
2956 3490 3211 3553 κάκεῖνος
3235 3488 3322 3541 διά
3349 3502 3480 3549 τινος
3501 3484 3667 3551 γίνεται.

2168 3592 2277 3648 Καὶ
2316 3591 2505 3646 λοιπὸν
2528 3588 2700 3651 οὕτως
2748 3582 3216 3653 ὲπιλογιζομένων
3260 3580 3429 3652 ήμῶν,
3478 3576 3557 3632 καὶ
3580 3576 3672 3628 ἀντι⁸

2168 3687 2464 3758 κρινόντων
2504 3682 2603 3753 τὴν
2637 3680 2934 3751 ἀλήθειαν,
2989 3677 3311 3747 εὑρίσκεται
3344 3673 3444 3727 τῶν
3490 3668 3669 3758 ἀθέωνή

2169 3756 2540 3841 πολυκέφαλος
2567 3769 2782 3840 αἵρεσις
2821 3770 2901 3830 είς
2936 3762 3588 3837 πολυθεὸτητα⁹πίπτουστ
3609 3756 3674 3808 καὶ

2169 3864 2408 3934 ἄμετρον
2462 3861 2677 3932 μανίαν,
2709 3861 2765 3911 ἐν
2798 3855 2830 3933 ᾖ
2863 3859 3073 3929 κτίσμα
3103 3860 3203 3913 καὶ
3242 3857 3302 3923 ἐξ
3324 3856 3418 3909 οὐκ
3446 3855 3585 3907 ὄντων
3614 3848 3674 3900 Ole

2171 3957 2352 4018 λοντες
2386 3951 2526 4010 εἶναι
2560 3954 2651 4006 τὸν
2694 3952 2839 4016 Υῖέιν,
2883 3952 3088 4021 ἑτέρως
3122 3950 3196 4004 τὰ
3226 3948 3363 4003 αὐτὰ
3397 3944 3673 4018 σημαίνουσιν

2174 4046 2432 4117 βούλησιν
2475 4044 2571 4099 καὶ
2622 4043 2840 4112 θέλησιν
2889 4042 3343 4113 προϐαλλόμενοι.
3379 4039 3490 4099 Πῶς
3515 4030 3590 4088 οὖν
3607 4033 3675 4084 οὐκ

2173 4138 2367 4201 ἀσεϐὲς
2395 4140 2464 4192 τὰ
2495 4137 2604 4190 τῶν
2636 4134 2880 4205 γενητῶν
2934 4134 3029 4187 ἐπὶ
3071 4134 3168 4187 τὸν
3200 4129 3529 4205 Δημιουργόν
3556 4141 3674 4197 μετι-

2177 4232 2394 4302 φέρεινς
2433 4230 2505 4283 Ἢ
2534 4228 2651 4290 πῶς
2681 4228 2743 4281 ού
2776 4226 3101 4299 βλάσφημον
3142 4225 3329 4295 λέγειν
3356 4222 3581 4295 βούλησιν
3604 4215 3676 4285 πρὸ

2176 4323 2268 4378 τοῦ
2314 4323 2485 4391 Λόγου
2529 4314 2669 4374 εἶναι
2725 4320 2783 4374 ὲν
2813 4318 2890 4390 τῷ
2920 4317 3127 4389 Πατρί;
3178 4318 3244 4374 Et
3289 4317 3394 4387 γὰρ
3426 4312 3678 4386 προηγεῖται

2181 4416 2436 4487 βούλησις
2470 4416 2528 4468 ἐν
2558 4414 2635 4483 τῷ
2667 4413 2863 4484 Πατρὶ,
2895 4412 2995 4466 οὐκ
3032 4410 3292 4481 ἀληθεύει
3319 4411 3483 4480 λέγων
3506 4410 3530 4460 ό
3553 4404 3677 4464 Υἱός⁹

2188 4509 2336 4580 Ἐγὼ
2363 4509 2433 4563 ἐν
2458 4505 2538 4574 τῷ
2578 4508 2782 4575 Πατρί.
2817 4507 2890 4559 ’Ἡ
2914 4506 2963 4559 εί
3006 4506 3104 4559 καὶ
3163 4505 3327 4569 αὐτὸς
3357 4505 3412 4557 ἐν
3455 4502 3525 4571 τῷ
3555 4493 3678 4564 [lupi

2173 4603 2341 4667 ἔστιν,
2376 4601 2509 4655 ἀλλὰ
2531 4600 2780 4670 δεύτερον
2808 4599 3216 4672 λογισθήσεται,
3249 4598 3414 4669 οὖσης
3438 4593 3679 4667 βουλήσεως

2173 4695 2280 4768 πρὸ
2312 4694 2501 4760 αὐτοῦ,
2535 4694 2593 4746 ιν
2720 4692 2899 4749 πάντα
2924 4693 3136 4762 γέγονε,
3194 4694 3290 4747 καὶ
3345 4690 3493 4752 αὐτὸς
3520 4684 3678 4748 ὑπέστη

2173 4786 2296 4841 καθ’
2328 4785 2496 4857 ὑμᾶς.
2527 4784 2643 4839 Κᾶν
2664 4785 2773 4854 γὰρ
2799 4785 2866 4855 τῇ
2892 4784 3019 4857 δόξῃ
3050 4784 3306 4856 διαφέρῃ,
3340 4781 3451 4837 ἀλλ’
3470 4779 3596 4834 οὐδὲν
3610 4769 3680 4845 ἧτ-

2172 4880 2262 4935 τόν
2289 4883 2436 4934 ἐστιν
2465 4873 2544 4943 εἷς
2569 4879 2677 4933 τῶν
2703 4880 2767 4933 ὲκ
2811 4879 3120 4950 βουλήσεως
3154 4878 3472 4950 γινομένων.
3516 4872 3624 4929 Ἀλλ’
3646 4868 3680 4921 οἱ

2173 4971 2388 5035 ἀσεϐεῖς
2416 4972 2476 5025 οὐ
2507 4970 2728 5025 θέλουσι
2751 4970 2849 5041 μὲν
2882 4971 3057 5039 Λόγον
3103 4972 3201 5024 καὶ
3235 4969 3429 5041 βουλὴν
3455 4966 3606 5031 ζῶσαν
3628 4955 3681 5012 εἴ·

2175 5080 2262 5119 ναι
2289 5063 2380 5117 τὸν
2404 5062 2553 5130 Υιὸν,
2581 5062 2708 5135 περὶ
2731 5063 2788 5116 δὲ
2815 5063 2906 5116 τὸν
2926 5062 3062 5117 Θεὸν
3082 5062 3371 5135 φρόνησιν,
3422 5059 3507 5113 καὶ
3540 5052 3682 5127 βούλη-

2178 5172 2283 5222 σιν,
2349 5152 2445 5208 καὶ
2476 5152 2687 5225 σοφίαν,
2742 5154 2818 5216 ὡς
2866 5153 2978 5221 ἕξιν
3014 5152 3442 5240 συμϐαίνουσαν,
3467 5148 3546 5240 καὶ
3586 5143 3682 5240 dﬂ-

2179 5244 2583 5315 συμϐαίνουσαν
2622 5243 2983 5314 ἀνθρωπίνως
3038 5242 3291 5313 γίνεσθαι
3352 5236 3681 5312 μυθολογοῦσιν

2179 5338 2275 5391 καὶ
2306 5337 2484 5391 πάντα
2515 5334 2751 5402 κινοῦσι,
2783 5336 2879 5389 καὶ
2898 5334 2997 5408 τὴν
3025 5334 3384 5390 Οὐαλεντίνου
3416 5330 3596 5384 ἔννοιαν
3620 5321 3683 5373 καὶ

2180 5427 2399 5500 θέλησιν
2444 5426 2868 5498 προϐάλλονται,
2927 5427 3015 5482 ῐνα
3082 5426 3249 5498 μόνον
3294 5421 3591 5490 διαστήσωσι
3620 5410 3682 5465 τὸν

2180 5519 2309 5574 Υίὸν
2331 5518 2441 5574 ἀπὸ
2468 5516 2563 5574 τοῦ
2604 5517 2840 5590 Πατρὸς,
2894 5517 2991 5573 καὶ
3020 5516 3097 5589 μὴ
3145 5515 3379 5571 εἴπωσιν
3424 5512 3542 5566 [διον
3566 5501 3683 5559 αὐτὸν

2177 5610 2275 5667 τοῦ
2311 5610 2523 5682 Πατρὸς
2566 5604 2708 5665 εἶναι
2741 5611 2915 5681 Λόγον
2934 5650 2951 5679 ,
2981 5611 3117 5665 ἀλλὰ
3168 5610 3373 5679 κτίσμα
3403 5620 3419 5638 ⁶
3451 5603 3535 5658 καὶ
3564 5594 3683 5669 γάρδ

2195 5702 2521 5768 ’Δπόστολος
2571 5703 2634 5758 ού
2667 5704 2999 5776 βουλήσεως,
3054 5703 3171 5757 ἀλλ’
3210 5701 3381 5770 αὐτῆς
3410 5697 3501 5767 τῆς
3546 5687 3683 5747 οὐσίας

2183 5798 2283 5868 τῆς
2318 5797 2594 5868 πιτρικῆς
2630 5798 2761 5855 ἴδιον
2794 5797 3135 5871 ἀπαύγασμα
3188 5796 3284 5852 καὶ
3314 5787 3601 5866 χαρακτῆρα
3622 5780 3684 5833 τδν
