3860 6556
604 405 710 469 459

1845 418 2225 479 EUTIIYMH
2270 419 2629 481 ZlGAllENI
3693 434 3760 489 ll‘ll

596 547 849 601 l'atribns
873 546 1294 614 inobsequentes
1319 554 1466 611 Slllll,
1496 554 1550 598 et
1583 545 1845 600 adversus
1869 549 2146 613 cecumrni

2267 552 2630 622 γραμμὼων,
2667 555 2910 621 ἀπειθεῖς
2939 559 3037 627 μὲν
3076 560 3294 627 γονεῦσι
3330 564 3592 632 γεγόνασι,
3628 570 3749 645 amp:

592 655 710 694 eam
734 638 999 713 synodttm
1021 638 1339 713 decertant?
1365 637 1457 694 lia:
1482 653 1661 705 voces,
1685 638 1859 706 aiunt,
1889 657 1906 691 ι
1938 656 2001 694 ex
2028 642 2159 696 sub-

550 758 555 765 «
591 731 856 796 stantia,»
890 710 965 797 et,
1016 749 1033 780 ι
1055 710 1539 796 consubstantiale,
1562 750 1579 782 ι
1611 730 1766 788 nobis
1802 732 2024 787 minime
2051 734 2163 803 pla-

588 831 734 888 cent,
764 822 1092 895 quibusdam
1134 822 1279 878 enim
1309 822 1639 879 oﬂ‘endiculo
1676 823 1850 890 fuere,
1889 825 2161 896 plurimos

590 916 1008 972 conturbarunt.
1037 914 1117 970 Illi
1153 916 1318 986 igitur
1358 916 1580 987 scriptis
1613 917 1729 973 suis
1778 918 1851 972 ita
1905 929 2034 975 sunt
2079 920 2161 976 lo-

590 1007 720 1064 cuti.
741 1007 942 1064 Verum
966 1008 1045 1064 sic
1073 1008 1346 1079 quispiam
1369 1008 1477 1065 illis
1500 1018 1783 1066 occurrat:
1804 1011 1865 1067 Si
1894 1026 2021 1080 ergo
2047 1012 2161 1067 haec

588 1102 752 1157 verba
778 1116 875 1172 per
893 1117 952 1157 se
979 1101 1087 1157 illis
1116 1101 1434 1158 oll‘ensionis
1461 1118 1625 1158 causa
1654 1102 1827 1169 fuere,
1854 1119 1961 1159 non
1979 1104 2155 1160 solum

588 1194 853 1263 quosdam
879 1193 1101 1259 oﬂ‘endi,
1133 1209 1198 1250 ac
1232 1194 1498 1265 plurimos
1525 1196 1734 1252 turbari
1769 1197 2035 1267 oportuit,
2062 1198 2156 1253 sed

587 1292 641 1337 et
666 1298 767 1339 nos
788 1284 1035 1356 aliosque
1064 1286 1351 1359 universos
1374 1287 1566 1347 eodem
1596 1287 1825 1345 allectos
1843 1304 1966 1346 esse
1995 1289 2158 1344 modo

587 1390 685 1444 par
713 1374 834 1430 fuit.
874 1374 1032 1443 Quod
1066 1377 1110 1433 si
1139 1377 1380 1434 universi
1404 1378 1503 1435 has
1523 1394 1687 1436 voces
1708 1380 2115 1451 amplectuntur
2140 1400 2153 1436 :

587 1466 632 1521 si
660 1467 752 1537 qui
796 1467 884 1523 illa
912 1470 1201 1540 scripsere,
1238 1487 1349 1528 non
1376 1473 1628 1542 vulgares
1659 1473 1930 1539 homines,
1961 1475 2057 1531 sed
2089 1490 2155 1530 ex

589 1568 701 1615 toto
739 1560 872 1615 orbe
897 1562 1072 1617 coacti
1106 1572 1235 1618 sunt
1267 1581 1282 1631 ;
1328 1564 1376 1620 si
1404 1564 1499 1635 qui
1523 1564 1637 1635 jam
1677 1564 1987 1622 Ariminum
2019 1580 2155 1621 con-

586 1664 781 1706 venere
824 1652 1065 1723 episcopi
1106 1654 1227 1724 plus
1273 1656 1693 1728 quadringentis
1725 1672 1791 1713 ea
1838 1658 2156 1715 testimonio

586 1758 686 1798 suo
709 1744 1099 1815 comprobant;
1127 1762 1309 1803 nonne
1332 1748 1427 1819 qui
1451 1749 1715 1806 adversus
1746 1752 2017 1823 synodum
2044 1752 2157 1809 haec

583 1835 833 1891 eﬂ‘utiunt
859 1837 988 1893 hinc
1020 1849 1326 1910 arguuntur
1351 1879 1366 1903 ,
1417 1856 1526 1897 non
1574 1841 1739 1898 verba
1776 1843 1997 1912 quidem
2038 1845 2157 1901 cul—

2263 661 2446 740 χονται
2601 646 2660 699 δὲ
2686 648 2823 720 πρδς
2842 650 3223 725 οἱκουμενικὴν
3245 655 3460 709 σύνοδον
3480 674 3491 722 ;
3513 659 3579 710 Τὸ
3600 680 3614 711 ι
3635 664 3685 717 ἐκ
3700 668 3765 740 τῆς

2261 734 2470 801 οὐσίας,
2503 755 2521 787 ι
2571 739 2739 809 φησὶ,
2789 740 2883 793 καὶ
2937 740 2998 792 τὸ
3054 760 3072 793 ι
3102 744 3388 813 όμοούσιον
3421 764 3438 796 ι
3500 748 3588 802 οὐκ
3630 734 3763 823 ἧρεσέν

2261 829 2417 898 ἡμῖν.
2588 829 2775 884 Ταῦτα
2802 831 2909 903 γάρ
2944 850 3096 896 τινας
3122 836 3476 891 ὲσκανδάλισε
3501 842 3584 892 καὶ
3604 845 3762 907 πολλὼς

2261 917 2612 991 ἐθορύϐησεν.
2651 922 2881 976 Ἐκεῖνοι
2920 925 3017 995 μὲν
3050 921 3143 979 οὗν
3175 926 3320 981 οὕτω
3355 931 3631 1000 γράφοντες
3667 939 3747 1009 είρή

2261 1028 2420 1066 κασιν
2462 1031 2476 1044 ο
2510 1014 2841 1088 ἀπαντήσειε
2872 1018 2918 1071 δ’
2942 1018 3008 1072 ἄν
3040 1036 3123 1083 τις
3147 1021 3335 1085 αὐτοῖς
3368 1023 3590 1092 εὐλόγως
3616 1028 3761 1093 οὕτως’

2260 1102 2322 1154 Εἰ
2353 1102 2451 1172 μὲν
2479 1100 2572 1157 οὖν
2594 1106 2735 1159 αὐτὰ
2754 1105 2823 1179 τᾲ
2845 1108 3067 1178 ῥήματα
3093 1111 3216 1163 καθ’
3247 1112 3422 1165 ἑαυτὰ
3584 1124 3765 1188 τυγχάνει

2258 1193 2388 1249 δντα
2414 1195 2562 1250 αἴτια
2583 1197 2795 1263 τούτοις
2818 1201 2899 1264 είς
2926 1201 3241 1267 σκάνδαλον,
3267 1203 3378 1257 ἔδει
3404 1209 3473 1277 μή
3501 1225 3633 1272 τινας
3657 1228 3763 1265 σω.

2259 1286 2595 1352 δαλίζεσθαι,
2660 1288 2793 1360 μηδὲ
2847 1290 3077 1356 πολλοὺς
3124 1292 3506 1363 θορυὸεϊσθαι,
3558 1297 3668 1353 ἀλλὰ
3704 1306 3761 1355 xz".

2259 1376 2405 1453 ἡμᾶς
2608 1378 2704 1431 καὶ
2749 1378 2877 1442 τοὺς
2924 1378 3118 1445 ἄλλους
3162 1382 3374 1445 πάντας
3405 1385 3582 1438 ταυτὸν
3604 1390 3761 1453 ἐκείνοις

2262 1452 2489 1539 πάσχειν
2522 1466 2583 1533 ἐξ
2630 1468 2840 1523 αὐτῶν
2877 1472 2925 1524 εί
2960 1470 3017 1524 δὲ
3049 1462 3107 1525 οἵ
3134 1473 3234 1543 μὲν
3263 1475 3465 1539 πάντες
3491 1477 3701 1546 ἀγαπῶσι
3720 1452 3759 1535 τί

2258 1558 2479 1630 ῥήματα
2496 1596 2512 1622 ,
2538 1559 2589 1612 οἱ
2606 1558 2665 1612 δὲ
2692 1559 2864 1614 ταῦτα
2894 1563 3203 1634 γράψαντες
3224 1565 3326 1634 οὐχ
3349 1566 3400 1617 οί
3427 1566 3663 1636 τυχόντες.
3685 1572 3759 1623 ἀλλ’

2256 1652 2306 1703 ol
2350 1651 2415 1704 ὲκ
2461 1651 2641 1722 πάσης
2673 1653 2773 1724 τῆς
2809 1654 3132 1725 οἰκουμένης
3163 1655 3509 1721 συνελθόντες
3546 1659 3663 1722 εἰσὶ,
3704 1663 3760 1712 καὶ

2256 1743 2467 1808 τούτοις
2496 1744 2963 1817 ἐπιμαρτυροῦσιν
2991 1746 3039 1799 ol
3064 1746 3159 1801 νῦν
3202 1748 3262 1801 ὲν
3302 1750 3367 1819 τῇ
3418 1749 3659 1822 ’Δριμήνῳ
3678 1770 3758 1805 cm-

2258 1834 2503 1899 ελθόντες
2550 1836 2837 1889 ἐπίσκοποι
2868 1835 2913 1888 ν’
2939 1836 3033 1890 καὶ
3066 1836 3307 1899 πλείους·
3336 1837 3452 1901 πῶς
3599 1840 3675 1891 οὐκ
3697 1842 3755 1893 ἆν-

583 1928 758 1996 panda
789 1944 911 1985 esse
936 1970 952 1993 ,
988 1931 1080 1986 sed
1121 1945 1312 1987 eorum
1359 1932 1455 2002 qui
1509 1932 1624 1988 haec
1664 1947 1831 2003 prave
1880 1934 2146 2005 interpre-

2252 1944 2443 1999 τικρυς
2491 1927 2702 1999 ἐλέγχει
2746 1927 2904 1981 τοῦτο
2939 1927 3064 1991 τοὺς
3094 1927 3238 1981 κατὰ
3270 1928 3373 1999 τῆς
3408 1928 3605 1982 συνόδου
3630 1931 3753 1997 λέγον-

583 2026 766 2072 tantur
804 2018 1103 2075 malitiam?
1157 2018 1333 2086 Quam
1384 2020 1542 2076 multi
1595 2030 1760 2089 sunt,
1814 2023 1910 2092 qui
1954 2023 2155 2079 divinis

584 2108 882 2179 Scripturis
915 2110 1152 2181 maligne
1184 2111 1340 2167 lectis
1380 2127 1444 2168 ac
1483 2126 1649 2183 prave
1681 2113 1993 2178 intellectis,
2029 2129 2156 2169 san—

581 2210 697 2257 ctos
724 2202 852 2257 hinc
880 2202 1199 2258 insimulant
1231 2204 1246 2258 l
1276 2203 1587 2274 cujusmodi
1617 2205 1772 2261 fuere
1797 2205 1930 2261 olim
1957 2205 2152 2272 Judaei,

579 2292 673 2362 qui
724 2292 1018 2349 Dominum
1070 2311 1177 2351 non
1215 2307 1557 2367 receperunt,
1611 2308 1666 2353 et
1711 2297 1824 2368 jam
1869 2297 2152 2353 Manichaai

578 2384 760 2454 quiin
815 2385 987 2457 legem
1032 2385 1457 2458 blasphemant;
1495 2390 1654 2459 cujus
1709 2405 1842 2445 sane
1893 2388 1995 2455 rei,
2044 2405 2152 2445 non

580 2476 897 2547 scripturae,
934 2478 1029 2535 sed
1078 2479 1321 2551 ipsorum
1357 2481 1688 2552 perversitas
1733 2495 1901 2536 causa
1933 2480 2053 2536 fuit.
2093 2480 2153 2536 Si

580 2569 763 2638 itaque
813 2570 1105 2626 verborum
1156 2572 1479 2642 pravitatem
1540 2574 1829 2629 ostendere
1874 2573 2103 2642 potestis
2133 2612 2149 2637 ,

576 2661 737 2731 agite,
778 2660 1187 2719 demonstrandi
1233 2664 1374 2719 ratio
1428 2665 1690 2731 ineatur;
1738 2680 1841 2720 nec
1872 2664 2152 2734 objiciatis

577 2752 735 2808 nobis
763 2753 878 2809 haec
909 2754 1187 2811 nonnullis
1220 2755 1510 2811 oﬂ‘ensioni
1532 2772 1676 2823 esse,
1708 2772 1775 2812 ne
1798 2756 1942 2811 idem
1968 2756 2148 2821 vobis,

574 2842 717 2910 quod
754 2852 885 2897 tunc
916 2842 1231 2913 Pharisaeis,
1253 2845 1484 2901 accidat.
1520 2844 1732 2909 Etenim
1763 2862 1886 2901 eum
1918 2847 1996 2901 illi
2029 2860 2152 2901 sese

575 2934 898 2991 simularent
926 2935 995 2991 de
1029 2936 1280 2993 doctrina
1327 2936 1545 2993 Domini
1588 2936 1813 3003 otiandi,
1851 2938 1927 2992 ait
1965 2936 2147 2993 Domi-

579 3039 683 3079 nus
733 3025 890 3081 illis:
953 3023 1185 3084 «Omnis
1232 3027 1495 3098 plantatio
1527 3043 1693 3098 quam
1743 3043 1850 3083 non
1882 3027 2151 3098 plantavit

578 3113 737 3170 Pater
759 3130 913 3173 meus
929 3118 1189 3185 ctelestis,
1208 3118 1577 3175 eradicabitur
1617 3123 1687 3173 ³.»
1707 3118 1803 3178 llis
1827 3128 2010 3175 autem
2032 3135 2151 3176 vero

580 3206 664 3261 bis
701 3208 963 3275 ostendit,
1002 3225 1109 3265 non
1152 3209 1332 3267 Patris
1375 3212 1544 3268 verba
1592 3227 1624 3266 a
1671 3227 1730 3268 se
1767 3230 1785 3264 ι
1812 3212 2089 3282 plantata,
2123 3230 2142 3265 ι

578 3298 672 3353 sed
716 3314 938 3369 pravam
1009 3316 1165 3356 suam
1222 3312 1370 3358 recte
1408 3303 1683 3363 dictorum
1740 3302 2146 3373 interpretatio-

574 3404 720 3455 nem,
756 3389 1084 3447 olIendiculo
1112 3392 1221 3448 illis
1255 3393 1446 3450 fuisse.
1483 3393 1617 3448 Nam
1647 3394 1684 3449 ii
1713 3394 1805 3466 qui
1836 3395 1967 3463 olim
1996 3394 2144 3465 Apo~

572 3482 696 3536 stoli
734 3483 997 3553 epistolas
1041 3485 1358 3556 culpabant,
1410 3501 1519 3542 non
1547 3484 1725 3553 Pauli,
1767 3486 1862 3542 sed
1897 3486 2141 3558 ipsorum

570 3575 958 3646 ignorantiam,
1000 3585 1053 3633 et
1088 3591 1404 3648 perversum
1438 3579 1682 3634 animum
1728 3578 1904 3651 palam
1942 3577 2140 3634 fecere.

2253 2034 2373 2081 τας,
2411 2018 2485 2082 ὡς
2514 2019 2576 2072 ού
2601 2018 2668 2071 τὰ
2702 2020 2767 2091 ρή
2778 2018 2923 2090 ματά
2953 2021 3099 2072 ἐστιν
3127 2019 3278 2073 αἴτια
3303 2059 3319 2083 ,
3371 2018 3483 2073 ἀλλ’
3511 2021 3541 2090 ἡ
3572 2021 3755 2074 κακόνοια

2253 2109 2361 2162 τῶν
2392 2112 2889 2182 παρεξηγουμένων
2914 2110 2985 2165 τὰ
3015 2108 3279 2175 τοιαῦτα;
3313 2111 3507 2174 Πόσοι,
3530 2112 3679 2174 κακῶς
3700 2114 3752 2165 ὲν-

2253 2201 2610 2270 τυγχάνοντες
2628 2203 2747 2265 ταῖς
2770 2201 2943 2266 θείαις
3104 2202 3356 2273 Γραφαῖς
3381 2204 3474 2256 καὶ
3499 2203 3752 2274 παρανοῶν·

2252 2309 2343 2356 τες
2371 2292 2570 2357 ταύτας
2590 2333 2605 2357 ,
2636 2294 3008 2367 κατηγοροῦσι
3039 2294 3145 2349 τῶν
3179 2295 3391 2364 ἁγίωνῐ
3424 2290 3520 2349 οἷοι
3545 2297 3751 2365 γεγόνασιν

2253 2387 2300 2438 oi
2332 2384 2431 2457 μὲν
2462 2386 2585 2438 τότε
2626 2386 2885 2453 Ἰουδαῖοι,
2912 2387 2988 2459 μὴ
3023 2387 3311 2459 δεξάμενοι
3338 2388 3427 2441 τὸν
3455 2388 3646 2457 Κύριον,
3667 2387 3751 2438 alii

2253 2475 2346 2530 νῦν
2373 2478 2661 2548 Μαελιχαίοι
2694 2478 3139 2549 βλασφημοῦντες
3177 2480 3272 2533 τὸν
3302 2480 3491 2551 νόμον·
3525 2481 3602 2532 καί
3620 2480 3694 2548 οὐχ
3715 2481 3747 2529 al

2253 2568 2293 2620 Γ
2299 2568 2468 2641 ραφαὶ
2511 2570 2798 2641 γεγόνασιν
2830 2571 3013 2633 αὐτοῖς
3041 2570 3232 2638 αῐτιαι,
3265 2571 3383 2624 ἀλλ’
3424 2572 3455 2642 ἡ
3480 2571 3608 2640 σφῶν
3633 2568 3750 2621 αὐτῶν

2253 2661 2659 2733 κακοφροσύνη.
2718 2662 2780 2714 El
2818 2663 2915 2732 μὲν
2940 2658 3034 2717 οὖν
3066 2662 3351 2728 ἀποδεῖξαι
3380 2662 3589 2716 δύνασθε
3611 2662 3662 2714 τὰ
3686 2662 3746 2732 ῥή-

2254 2768 2398 2822 ματα
2430 2751 2606 2821 φαῦλα
2631 2791 2646 2818 ,
2680 2753 2836 2807 τοῦτο
2870 2757 3069 2808 ποιεῖτε
3098 2789 3114 2817 ,
3286 2755 3384 2808 καὶ
3412 2755 3556 2823 λόγος
3584 2752 3749 2823 ἡγείσθω

2250 2848 2350 2919 τῆς
2383 2847 2708 2915 ἀποδείξεως
2730 2864 2743 2878 ·
2781 2849 2873 2902 καὶ
2905 2848 2980 2919 μὴ
3008 2848 3414 2920 προφασίζεσθε
3439 2848 3554 2910 τοὺς
3587 2844 3746 2898 mmin-

2250 2940 2566 3013 λιζομένους
2586 2979 2601 3004 ,
2650 2941 2738 2995 ἵνα
2771 2941 2845 3013 μὴ
2882 2940 3078 2993 ταυτὸν
3129 2940 3345 3011 πάθητε
3382 2941 3490 3005 τοῖς
3517 2939 3618 2993 τότε
3637 2939 3747 3006 Φαρι-

2251 3031 2445 3096 σαίοις.
2503 3030 2612 3084 Καὶ
2638 3031 2746 3103 γὰρ
2778 3031 3044 3087 κάκείνων
3072 3031 3552 3105 προφασιζομένων
3585 3026 3746 3081 σκανδα-

2249 3122 2492 3190 λίζεσθαι
2514 3125 2606 3177 ἐπὶ
2628 3127 2749 3188 ταῖς
2773 3123 2866 3178 τοῦ
2897 3124 3102 3197 Κυρίου
3128 3124 3396 3195 διδαχαῖς,
3429 3123 3593 3191 ἔλεγεν
3622 3120 3746 3179 αὐτοῖς

2249 3219 2279 3273 ὁ
2300 3216 2503 3291 Κύριος
2522 3234 2535 3248 ο
2576 3236 2594 3268 ι
2623 3217 2779 3270 Πᾶσα
2806 3217 3021 3287 φυτεία,
3052 3220 3116 3288 ἢν
3143 3218 3244 3270 οὐκ
3270 3216 3595 3289 ὲφύτευτενό
3617 3213 3746 3279 Πατήρ

2254 3320 2354 3374 μου
2405 3304 2433 3357 ὁ
2462 3304 2742 3375 οὐράνιος,
2780 3304 3235 3376 ὲκριζωθήσεται.
3273 3325 3294 3357 ι
3357 3306 3520 3359 Τοῦτο
3549 3304 3597 3357 δὲ
3630 3300 3745 3367 λέγων

2250 3394 2522 3450 ἐδείκνυεν
2540 3436 2555 3460 ,
2594 3395 2669 3461 ὡς
2698 3396 2758 3450 ού
2788 3396 2857 3451 τὰ
2879 3396 2974 3450 τοῦ
2999 3396 3211 3469 Πατρὸς
3242 3398 3317 3451 δι’
3349 3395 3504 3452 αὐτοῦ
3555 3414 3571 3446 ι
3589 3389 3746 3462 φυτευό-

2253 3505 2390 3560 μενα
2417 3507 2436 3540 ι
2490 3489 2709 3560 ῥήματα
2753 3489 3051 3544 σκάνδαλον
3080 3486 3223 3562 ἦσαν
3257 3492 3475 3555 αὐτοῖς,
3514 3486 3611 3542 ἀλλ’
3642 3480 3745 3538 αὐτοὶ
3810 3552 3811 3561 χ

2249 3579 2434 3643 κακῶς
2476 3581 2819 3653 ἐκδεχόμενοι
2844 3581 2913 3636 τὰ
2941 3581 3119 3646 καλῶς
3152 3582 3422 3654 λεγόμενα
3449 3572 3744 3636 ὲσκανόίιλιξον

569 3671 818 3737 ἑαυτούς.
858 3672 1007 3726 Ἐπεὶ
1038 3674 1130 3727 καὶ
1154 3673 1204 3727 οί
1232 3672 1543 3744 αἰτιώμενοι
1570 3673 1691 3728 τότε
1722 3674 1820 3739 τὰς
1846 3673 2137 3741 ἐπιστολὰς
2173 3673 2268 3728 τοῦ
2323 3674 2682 3741 ’Δποστόλου,
2729 3678 2792 3732 οὐ
2838 3676 2934 3731 τοῦ
2985 3677 3200 3731 Παύλου
3224 3717 3240 3744 ,
3297 3676 3433 3732 ἀλλὰ
3478 3676 3567 3747 τῆς
3600 3670 3743 3727 ἑαυτῶν

567 3768 805 3840 ἀμαθίας
836 3770 929 3824 καὶ
961 3768 1221 3842 στρεδλῆς
1244 3770 1483 3836 διανοίας
1510 3769 1873 3847 κατηγόρουν.

774 3857 879 3916 Sed
908 3861 1021 3931 jam
1064 3862 1387 3933 respondete
1438 3864 1658 3934 (Opera:
1700 3863 1936 3934 pretium
1986 3862 2133 3918 enim

569 3942 733 4006 fuerit
762 3952 863 4009 hoc
902 3954 969 4008 ab
1010 3953 1119 4012 illis
1150 3954 1424 4027 quaerere)
1452 3955 1679 4026 quinam
1719 3963 1870 4022 sunt,
1899 3969 2042 4025 quos
2072 3954 2140 4010 de

568 4043 676 4098 illis
703 4042 903 4098 oll'endi
948 4056 1111 4115 atque
1150 4044 1360 4100 turbari
1401 4044 1744 4102 causamini‘l
1787 4043 1949 4102 Certe
1977 4059 2140 4101 nemo

569 4148 760 4191 eorum
792 4133 883 4204 qui
915 4134 1003 4205 pie
1044 4134 1112 4190 de
1150 4134 1370 4192 Christo
1404 4136 1672 4202 sentiunt,
1710 4138 1911 4208 quippe
1950 4137 2045 4209 qui
2072 4152 2135 4193 ea

568 4223 863 4281 defendant
908 4235 1288 4298 asserantque.
1331 4227 1488 4295 Quod
1528 4228 1575 4284 si
1623 4229 1812 4284 Ariani
1864 4238 1992 4287 sunt
2041 4229 2135 4300 qui

569 4313 685 4369 inec
724 4314 944 4388 indigne
973 4314 1175 4384 ferunt,
1208 4317 1338 4387 quid
1381 4318 1581 4374 mirum
1616 4318 1664 4376 si
1704 4319 2016 4376 irascuntur
2068 4321 2135 4376 iis

566 4405 659 4475 qui
690 4421 877 4461 eorum
915 4407 1146 4464 hazresin
1174 4409 1241 4465 de
1283 4411 1462 4467 medio
1493 4410 1726 4466 tollunt?
1753 4409 1871 4467 Non
1898 4411 2043 4467 enim
2073 4426 2133 4466 ea

569 4497 731 4551 verba
764 4497 872 4553 illis
899 4498 1157 4554 seandalo
1192 4508 1341 4568 sunt,
1368 4501 1463 4557 sed
1496 4501 1695 4569 dolori,
1720 4501 1866 4573 quod
1894 4502 2051 4572 quasi
2078 4501 2133 4555 in

2463 3858 2615 3912 Ἐπεὶ
2665 3857 2863 3929 (καλὸν
2925 3858 3035 3932 γὰρ
3096 3860 3299 3925 αὐτοὺς
3348 3859 3554 3933 ἐρέσθαι
3589 3852 3741 3919 τοῦτο.)

2245 3952 2457 4015 εἴπατε,
2517 3951 2661 4014 τίνες
2706 3950 2878 4015 είτὶν,
2940 3950 3035 4015 οὒς
3087 3951 3486 4023 προφασίζεσθε
3537 3943 3741 4003 σκανδαλί-

2246 4042 2431 4109 ζεσθαι
2467 4041 2563 4096 κει)⁸
2603 4042 2946 4113 θορυϐεῖσθαι
2997 4045 3089 4099 ἐπὶ
3126 4046 3374 4113 τούτοιςς
3415 4044 3526 4099 Τῶν
3564 4043 3644 4114 μὲν
3670 4037 3739 4107 γὰρ

2244 4133 2610 4189 εὐσεϐούντων
2654 4137 2735 4199 είς
2776 4135 2867 4189 τὸν
2891 4137 3124 4208 Χριστὸν
3148 4137 3328 4202 οὐδεὶς
3351 4177 3366 4203 ,
3413 4134 3541 4191 αὐτὰ
3668 4129 3738 4198 γὰρ

2242 4226 2604 4300 πρεσϐεύουσι
2657 4227 2751 4281 καὶ
2792 4226 3117 4283 ἑκδικοῦσιν.
3172 4230 3234 4282 El
3279 4229 3337 4283 δὲ
3380 4229 3482 4282 τῶν
3522 4221 3738 4297 ’Δρειανῶν

2243 4318 2379 4371 εἰσιν
2405 4318 2454 4371 οί
2474 4316 2632 4371 τοῦτο
2675 4317 2974 4390 πάσχοντες
2992 4359 3007 4384 ,
3036 4319 3089 4373 τί
3117 4320 3428 4391 θαυμαστὸν
3445 4359 3460 4384 ,
3487 4319 3531 4371 εί
3562 4315 3637 4369 ἐπὶ
3664 4312 3737 4371 τοῖς

2242 4408 2555 4481 ἀναιροῦσιν
2613 4409 2792 4463 αὐτῶν
2850 4409 2950 4481 τὴν
2996 4412 3207 4483 αἰρεσιν
3252 4412 3534 4484 ἄχθονταις
3574 4409 3633 4463 οὗ
3665 4405 3734 4472 γάρ

2241 4505 2388 4557 ἐστιν
2437 4502 2617 4567 αὐτοῖς
2642 4502 2934 4558 σκάνδαλον
2953 4503 3022 4556 τὰ
3047 4504 3269 4575 ῥήματα
3290 4524 3304 4537 ο
3336 4505 3469 4559 ἀλλὰ
3606 4495 3731 4559 λύπη.

564 4591 724 4663 cippo
754 4591 1023 4664 insculpta
1068 4608 1222 4648 suam
1266 4594 1498 4651 haeresin
1545 4594 1851 4652 traducant.
1894 4594 2136 4652 Desinite

2249 4596 2319 4648 5τι
2349 4593 2720 4665 στηλογραφία
2749 4593 2891 4648 κατὰ
2907 4594 3004 4664 τῆς
3019 4594 3270 4660 ἀσεϐείας
3299 4595 3472 4651 αὐτῶν
3492 4586 3730 4647 sermo-51-

566 4690 732 4761 igitur
758 4690 1020 4747 adversus
1049 4688 1243 4746 Patres
1273 4700 1493 4747 nostros
1734 4691 1839 4747 hac
1873 4690 1939 4745 de
1970 4704 2136 4746 causa

568 4784 984 4841 obmurmurare
1016 4799 1028 4835 :
1070 4781 1273 4853 alioqui
1307 4791 1505 4850 restat,
1542 4790 1601 4837 ut
1650 4798 1869 4838 crucem
1917 4795 2139 4851 quoque

571 4872 911 4928 Dominicam
943 4873 1259 4943 vituperetis
1281 4916 1295 4941 ,
1337 4874 1585 4945 quod'ea
1620 4871 1827 4929 Judaeis
1869 4873 1942 4928 sit
1976 4887 2138 4928 scan-

569 4963 776 5028 dalum,
800 4963 1050 5033 gentibus
1086 4972 1266 5019 autem
1291 4965 1545 5033 stultitia,
1573 4974 1633 5021 ut
1662 4964 1800 5020 ἀίιίῑ
1816 4964 2133 5035 Apostolus.

567 5052 766 5110 Verum
805 5058 1263 5126 quemadmodum
1301 5074 1434 5114 crux
1470 5062 1613 5115 mala
1659 5076 1767 5116 non
1812 5068 1931 5123 est,
1978 5060 2135 5114 nobis

566 5135 707 5189 enim
738 5137 831 5206 qui
858 5136 1151 5203 credimus,
1186 5155 1204 5190 ι
1244 5136 1499 5194 Christus
1530 5148 1612 5194 est
1637 5136 1729 5192 Dei
1758 5137 1933 5193 virtus
1960 5148 2012 5194 et
2046 5137 2141 5195 Dei

564 5223 830 5293 sapientia
861 5226 882 5257 ¹
914 5267 929 5292 ,
970 5245 990 5279 ι
1028 5226 1241 5284 etiamsi
1272 5224 1441 5282 Judaei
1471 5227 1784 5294 insaniant;
1817 5230 1889 5284 ita
1923 5243 2141 5299 quoque

563 5315 786 5371 Patrum
816 5319 982 5374 verba
1013 5334 1118 5373 non
1150 5334 1427 5388 perversa,
1473 5320 1565 5375 sed
1599 5318 1752 5375 utilia
1786 5330 1912 5377 sunt
1943 5321 2010 5378 iis
2047 5322 2141 5392 qui

563 5422 723 5475 aequo
752 5408 936 5463 animo
970 5424 1033 5463 ea
1083 5408 1311 5479 legunt,
1370 5410 1596 5480 ipsaque
1648 5426 1865 5465 omnem
1915 5412 2141 5467 omnino

563 5497 851 5552 destruunt
901 5498 1269 5568 impietatem:
1324 5498 1575 5568 quamvis
1624 5499 1813 5555 Ariani
1864 5501 2142 5559 multeties

562 5586 999 5659 disrumpantur,
1036 5588 1182 5658 quod
1207 5603 1326 5646 sese
1348 5588 1417 5642 ab
1442 5589 1549 5644 illis
1580 5590 1869 5645 damnatos
1898 5584 2137 5645 videant.

562 5676 1007 5735 Demonstratum
1049 5681 1233 5750 itaque
1258 5688 1344 5736 est
1380 5680 1527 5735 illam
1577 5682 1818 5738 scandali
1853 5697 2017 5753 quam
2059 5681 2142 5736 al-

642 5839 661 5871 ¹
698 5836 893 5892 Matth.
922 5851 1013 5904 xv,
1048 5834 1138 5891 1'5.
1176 5910 1179 5911 ν
1215 5838 1235 5868 ⁸
1268 5834 1287 5890 l
1317 5836 1441 5895 Cor.
1479 5855 1518 5904 ι,
1545 5837 1639 5894 94.

2242 4685 2336 4739 οὖν
2367 4684 2648 4739 παύσασθε
2691 4685 3050 4755 γογγύζοντες
3094 4686 3235 4741 κατὰ
3279 4686 3388 4740 τῶν
3413 4670 3732 4753 Πατέρωνικσιὶ

2238 4777 2463 4833 τοιαῦτα
2488 4777 2991 4851 προφασιζόμενον
3027 4780 3148 4833 ἐπεὶ
3184 4779 3304 4851 ὥρα
3344 4780 3480 4850 ὑμᾶς
3516 4767 3730 4838 καταμέμ·

2239 4870 2436 4941 φεσθαι
2474 4872 2569 4926 καὶ
2605 4871 2683 4943 τῷ
2705 4871 2956 4944 κυριακῷ
2977 4872 3193 4943 σταυρῷ
3226 4907 3243 4933 ,
3398 4873 3477 4925 ὅτι
3529 4857 3729 4944 Ἰουδαίοις

2240 4964 2342 5035 μὲν
2370 4942 2664 5019 σκάνδαλόν
2698 4942 2846 5020 ἐστιν
2865 5005 2881 5033 ,
2917 4942 3093 5018 ἔθνεσι
3222 4963 3401 5036 μωρία
3422 5001 3439 5027 ,
3475 4961 3541 5018 ὡς
3572 4942 3727 5046 εἶπηὸ

2250 5057 2586 5121 Ἀπόστολος.
2635 5057 2773 5111 Ἀλλ’
2796 5057 2984 5126 ὥσπερ
3014 5056 3073 5109 ού
3097 5054 3298 5125 φαῦλος
3319 5058 3346 5109 ὁ
3378 5045 3608 5107 σταυρὸς·
3637 5040 3727 5105 ἡμῖν

2234 5137 2343 5209 γὰρ
2373 5138 2484 5201 τοῖς
2524 5138 2869 5193 πιστεύουσιν
2915 5140 3031 5194 ἐστι
3065 5158 3083 5190 ι
3119 5137 3351 5211 Χριστὸς
3387 5131 3510 5190 Θεοῦ
3544 5127 3725 5223 δύναμις..

2235 5226 2329 5280 καὶ
2360 5224 2492 5280 Θεοῦ
2519 5226 2701 5296 σοφία,
2735 5247 2752 5280 ι
2782 5228 2884 5283 κᾶν
2920 5229 3159 5283 Ἰουδαῖοι
3193 5227 3501 5299 μαίνωνταιο
3531 5218 3665 5275 οὕτως

2235 5316 2413 5385 φαῦλα
2444 5317 2513 5370 τὰ
2529 5317 2639 5371 τῶν
2665 5317 2923 5390 Πατέρων
2964 5320 3208 5390 ῥήματα,
3244 5316 3357 5373 ἀλλ’
3399 5310 3617 5383 ὠφέλιμα
3652 5311 3726 5356 τοις

2234 5409 2471 5479 γνησίως
2504 5409 2908 5479 ἐντυγχάνουσι,
2966 5412 3058 5465 καὶ
3107 5407 3422 5484 ἀναιρετικὰ
3465 5403 3617 5469 πάσης
3647 5393 3724 5445 ἀπ’

2234 5499 2385 5564 σείας
2414 5500 2549 5565 ἐστὶ,
2580 5501 2680 5557 κᾶν
2701 5504 2751 5556 oi
2795 5502 3062 5574 ’Δρειανοὶ
3105 5503 3364 5566 πολλάκις
3398 5484 3724 5574 διαρῤηγνύωνς

2233 5610 2344 5656 ται,
2376 5594 2825 5664 κατακρινόμενοι
2861 5566 2991 5665 παρ’
3016 5594 3216 5650 αὐτῶν.
3248 5595 3373 5647 Ὅτε
3400 5566 3559 5643 τοίνυν
3589 5566 3724 5651 ιγπερὶ

2234 5684 2342 5739 τῶν
2400 5684 2902 5757 σκανδαλιζομένων
2948 5664 3233 5749 ἀπίθανος
3278 5683 3528 5738 δέδεικται
3574 5664 3726 5740 τράφ’
