3860 6552
259 379 365 444 £6)

254 532 349 579 εις
388 556 403 579 ,

258 624 277 653 ι
310 609 383 658 ἐκ
414 607 513 676 τῆς
543 607 753 673 οὐσίας,
786 627 806 660 t
830 609 1054 682 ὀνόματι
1075 600 1284 675 ς’Τοῦτο
1314 613 1423 686 γὰρ
1453 615 1666 687 πρῶτον
1690 616 1848 685 ἀναγ-

248 698 418 749 καῖον
447 699 734 770 ἀνακρῖναι
753 715 766 729 ·
803 700 979 755 καίτοι
1011 702 1106 756 καὶ
1149 703 1308 775 ὑμεῖς
1345 706 1622 777 ἐγράψατε
1657 708 1721 761 ἐκ
1752 707 1847 764 τοῦ

248 786 481 857 Πατρὸς
516 790 874 861 γεγεννῆσθαι
1037 793 1130 847 τὸν
1150 794 1317 862 Υίόνς
1347 796 1410 849 Εἰ
1459 796 1557 868 μὲν
1608 792 1701 850 οὖν
1757 797 1847 851 τὸν

250 877 490 951 Πατέρα
508 880 883 951 ὀνομάζοντες,
910 883 944 954 ἢ
978 884 1058 951 τὸ,
1092 903 1111 937 ι
1140 885 1295 951 Θεὸς,
1329 907 1349 940 ι
1382 887 1556 959 δνομα
1575 888 1846 958 λέγοντες,

266 970 381 1023 οὑκ
410 971 597 1025 οὐσίαν
624 972 938 1043 σημαίνετε,
968 976 1088 1031 οὑδὲ
1112 979 1273 1033 αὑτὸν
1300 980 1391 1034 τὸν
1418 979 1547 1036 ὄντα
1565 982 1699 1055 ὅπερ
1732 982 1851 1035 ἐστὶ

270 1063 406 1116 κατ’
431 1064 617 1119 οὑσίαν
638 1069 829 1134 νοεῖτε,
863 1068 979 1123 ἀλλ’
1017 1070 1202 1143 ἔτερόν
1248 1088 1299 1124 τι
1330 1072 1459 1143 περὶ
1493 1072 1686 1138 αὑτὸν,
1725 1072 1759 1144 ἢ
1790 1072 1852 1126 τὸ

268 1152 412 1221 γοῦν
444 1158 647 1229 χεῖρον,
677 1158 765 1214 ἵνα
792 1160 870 1232 μὴ
899 1163 1029 1234 παρ’
1073 1160 1209 1234 ἐμοῦ
1232 1162 1489 1235 λέγηται,
1525 1163 1616 1219 διὰ
1647 1165 1851 1221 τούτων

217 1256 235 1326 ξ
262 1247 567 1319 σημαίνετε
592 1286 609 1311 ,
735 1249 840 1305 ἔδει
860 1251 934 1323 μὴ
947 1251 1178 1325 γράφειν
1194 1253 1337 1324 ὑμᾶς
1351 1255 1414 1309 ὲκ
1432 1253 1525 1309 τοῦ
1542 1256 1753 1327 Πατρὸς
1762 1255 1851 1311 τὸν

221 1337 417 1406 εΥἱὸν,
456 1338 574 1393 ἀλλ’
622 1342 687 1395 ὲκ
734 1342 842 1397 τῶν
882 1346 1011 1418 περὶ
1038 1345 1199 1399 αὑτὸν
1227 1346 1261 1419 ἢ
1291 1346 1401 1401 τῶν
1447 1348 1505 1401 ὲν
1551 1348 1734 1420 αὐτῷ·
1763 1350 1850 1403 ἴνα

249 1428 559 1498 φεύγοντες
580 1431 762 1503 λέγειν
782 1435 1001 1508 ἀληθῶς
1031 1439 1251 1512 Πατέρα
1283 1439 1377 1493 τὸν
1398 1438 1531 1494 Θεὸν
1552 1479 1568 1505 ,
1598 1439 1849 1495 σύνθετον

247 1521 311 1573 δὲ
348 1522 443 1576 τὸν
477 1523 699 1589 ἀπλοῦν,
753 1528 849 1581 καὶ
904 1530 1231 1600 σωματικῶς
1276 1532 1439 1586 αὑτὸν
1482 1532 1843 1599 ἐπινοοῦντες,

250 1615 581 1687 καινοτέρας
605 1616 953 1691 βλασφημίας
977 1622 1270 1695 ἑφευρεταὶ
1303 1624 1556 1696 γένησθε.
1601 1623 1757 1678 Οῦτω
1787 1624 1845 1678 δὲ

247 1707 527 1774 νοοῦντες,
559 1711 620 1777 ἐξ
639 1712 887 1786 ἀνάγκης
915 1716 1009 1770 καὶ
1032 1716 1125 1771 τὸν
1149 1717 1339 1787 Λόγον,
1374 1717 1468 1772 καὶ
1497 1718 1559 1771 τὸ
1582 1718 1728 1783 Υἱὸς,
1746 1717 1846 1771 οὑκ

253 1800 453 1855 οὐσίαν
496 1839 514 1867 ,

1246 379 1623 448 PANOPLIA
1669 372 2124 448 DOGMATICA.
2170 409 2234 418 —
2268 376 2419 445 TlT.
2450 378 2550 443 XI.

520 518 709 573 εἴπατε
732 519 916 574 λοιπὸν
944 520 1121 593 ὑμεῖς,
1152 523 1270 588 πῶς
1294 526 1395 579 οὐκ
1423 527 1724 598 ἀρέσκεσοε
1746 526 1841 597 τῷ,

1947 522 2130 579 ferunt
2171 523 2438 577 rationem
2492 521 2694 577 nullius
2727 536 2849 576 esse
2889 518 3311 592 proliabilitatis.
3348 519 3521 575 Crete-

3411 376 3513 443 462

1947 630 2068 669 rum
2113 613 2437 684 respondete
2466 612 2642 676 nobis,
2668 627 2768 669 cur
2804 612 2958 668 vobis
2991 613 3093 666 hoc
3120 610 3360 674 dictum,
3395 627 3415 662 ι
3454 624 3519 664 ex

1948 705 2278 768 substantia,
2321 721 2339 755 ι
2376 704 2599 760 minime
2622 703 2795 770 placet
2820 702 2843 756 ?
2873 702 2931 756 id
2960 703 3105 757 enim
3134 702 3313 773 primo
3344 701 3521 771 inqui-

1948 797 2177 853 rendum
2206 805 2291 852 est
2321 814 2337 852 :
2380 795 2531 867 atqui
2569 811 2664 851 vos
2695 796 2796 866 ipsi
2826 794 3122 865 scripsisds
3144 810 3211 849 ex
3253 793 3414 849 Patre
3439 808 3524 865 ge-

1951 889 2125 944 nitum
2162 886 2363 944 Filium
2394 888 2566 944 esse?
2615 887 2671 942 Si
2701 887 2867 957 igitur
2913 903 3036 942 cum
3078 885 3294 942 Patrem
3343 886 3522 942 nomi-

1952 979 2117 1048 natis,
2160 991 2256 1037 aut
2289 982 2431 1035 hanc
2457 995 2666 1046 vocem,
2705 999 2725 1031 ι
2751 978 2895 1035 Deus
2915 997 2961 1044 ι,
2988 978 3381 1049 pronuntiatis,
3412 992 3523 1032 non

1951 1072 2312 1128 substantiam
2344 1072 2689 1144 signiﬁcatis,
2735 1087 2914 1143 neque
2946 1072 3126 1142 ipsum
3149 1071 3255 1141 ,qui
3287 1068 3522 1134 exsistit,

1953 1174 2012 1219 ut
2035 1174 2118 1221 cst
2149 1166 2451 1220 secundum
2485 1165 2851 1221 substantiam
2882 1162 3217 1235 intelligitis;
3247 1162 3341 1216 sed
3372 1160 3523 1215 aliud

1953 1260 2097 1315 circa
2131 1258 2332 1328 ipsum,
2363 1266 2458 1312 aut
2484 1254 2689 1327 aliquid
2719 1255 2893 1326 pejus,
2921 1254 3068 1325 quod
3103 1269 3133 1308 a
3173 1268 3261 1308 me
3307 1252 3518 1306 dictum

1953 1351 2142 1416 nolim,
2170 1365 2266 1421 per
2303 1351 2419 1404 hinc
2454 1346 2707 1404 indicatis
2741 1365 2755 1402 :
2800 1346 2955 1401 vobis
2998 1360 3129 1416 ergo
3166 1343 3521 1400 scribendum

1953 1459 2060 1497 non
2094 1441 2215 1509 fuit,
2240 1456 2305 1497 ex
2330 1439 2490 1494 Patre
2514 1437 2711 1493 Filium
2742 1452 2902 1504 esse;
2931 1437 3025 1491 sed
3042 1451 3106 1491 ex
3134 1436 3201 1490 iis
3230 1450 3352 1505 quae
3378 1434 3525 1489 circa

1952 1535 2129 1605 ipsum
2171 1534 2255 1589 vel
2305 1534 2359 1588 in
2396 1533 2517 1603 ipso
2573 1539 2738 1586 sunt:
2794 1536 2852 1585 ut
2909 1530 3036 1584 hinc
3086 1529 3320 1583 vitantes
3354 1526 3523 1580 Deum

1949 1644 2076 1686 vere
2112 1628 2327 1685 Patrem
2369 1628 2571 1693 dicere,
2594 1639 2833 1695 eumque
2870 1624 2964 1694 qtti
3001 1638 3129 1679 vere
3158 1622 3389 1691 simplex
3416 1630 3523 1685 est,

1948 1722 2308 1792 compositum
2362 1731 2800 1791 corporeumque
2861 1715 3267 1786 intelligentcs,
3330 1725 3523 1766 recen-

666 1804 782 1858 ἀλλ’
825 1805 999 1878 ὄνομα
1032 1808 1190 1879 μόνον
1219 1810 1490 1880 νομίζετε,
1530 1809 1624 1863 καὶ
1660 1810 1841 1864 λοιπὸν

1942 1815 2103 1870 tioris
2144 1811 2495 1883 blasphemiae
2548 1811 2863 1866 inventores
2905 1806 3120 1863 essetis.
3171 1803 3309 1860 Cum
3353 1818 3519 1873 porro

253 1890 422 1962 ἄχρις
452 1892 730 1965 ὀνομάτων
757 1896 909 1968 ἔχετε
937 1899 1036 1972 τὴν
1060 1901 1268 1956 ἑαυτῶν
1300 1902 1599 1973 φαντασίαν
1616 1919 1630 1934 ·
1688 1904 1780 1957 καὶ
1807 1902 1841 1957 ἆ

1945 1908 2026 1963 sic
2063 1906 2396 1977 intelligatis,
2436 1919 2659 1959 necesse
2698 1911 2782 1959 est
2824 1911 2884 1957 ut
2926 1899 3166 1955 Verbum
3205 1909 3258 1952 et
3298 1896 3519 1959 Filium,

248 1981 470 2052 λέγετε,
522 1988 624 2041 οὑκ
676 1984 815 2044 εἶναι
856 1991 1160 2057 πιστεύετε,
1198 1994 1333 2048 ἀλλά
1393 1994 1468 2065 μὴ
1512 1990 1651 2049 εἶναι
1696 2013 1834 2067 φρο-

254 2092 428 2131 νειτε.

450 2349 622 2406 Τοῦτο
658 2352 716 2406 δὲ
762 2351 1135 2413 Σαδδουκαίων
1176 2352 1377 2424 μᾶλλον
1419 2353 1515 2407 καὶ
1557 2352 1666 2408 τῶν
1711 2356 1837 2427 παρ’
1930 2410 1933 2413 ,

253 2441 488 2515 Ἕλλησι
520 2442 819 2514 λεχθέντων
851 2443 1024 2499 ἀθέων
1191 2446 1308 2500 ἐστὶ
1341 2447 1404 2500 τὸ
1429 2446 1706 2520 τόλμημα.
1748 2447 1839 2503 Διὸ

247 2536 380 2590 οὐδὲ
402 2537 503 2609 τὴν
535 2536 711 2592 κτίσιν
739 2536 903 2591 αὑτοῦ
952 2537 1047 2592 τοῦ
1090 2539 1240 2604 ὄντος
1280 2538 1416 2594 Θεοῦ
1452 2540 1840 2615 δημιούργημα

249 2622 399 2679 εἶναι
433 2628 636 2698 φήσετε
657 2645 671 2657 ’
704 2627 761 2681 εί
776 2644 842 2696 γε
868 2628 930 2682 τὸ
958 2629 1148 2701 Πατὴρ
1172 2631 1267 2684 καὶ
1291 2630 1350 2685 τὸ
1375 2629 1511 2694 Θεὸς
1539 2631 1639 2686 οὑκ
1670 2631 1837 2705 αὐτὴν

249 2718 360 2789 τὴν
385 2717 477 2771 τοῦ
520 2718 673 2784 ὗντος
711 2719 901 2773 οὐσίαν
947 2720 1344 2792 σημαίνουσιν,
1379 2720 1498 2776 ἀλλ’
1535 2722 1720 2794 ἔτερόν
1761 2741 1837 2790 τι,

250 2810 397 2882 ὅπερ
423 2811 581 2881 ὑμεῖς
611 2811 1002 2867 ἀναπλάττετε.
1051 2812 1211 2868 Ἀλλά
1238 2811 1397 2868 τοῦτο
1435 2814 1693 2879 δυσσεσὲς
1744 2814 1840 2870 καὶ

206 2882 382 2954 ’⁵λίαν
412 2902 661 2973 ἀπρεπές
685 2904 801 2957 ἐστι
825 2905 920 2958 καὶ
952 2904 1111 2975 μόνον
1141 2904 1512 2977 ἑνθυμετσθαι.
1538 2908 1601 2961 Εἰ
1632 2906 1691 2962 δὲ
1710 2907 1839 2962 ὅταν

250 2992 531 3063 ἀκούομεν
578 3009 595 3026 ·
745 3013 766 3048 ι
818 2994 960 3065 Ἐγώ
987 2997 1101 3067 είμι
1130 2998 1159 3051 6
1181 2996 1287 3052 ὢν·
1327 3016 1346 3048 ι
1384 2998 1501 3063 καὶ,
1531 3016 1549 3050 ι
1573 2999 1659 3053 Ἐν
1694 3000 1837 3073 ἀρχῇ

251 3084 517 3155 εποίησεν
566 3083 597 3137 6
644 3084 777 3151 Θεὸς
804 3086 897 3141 τὸν
942 3087 1170 3160 οὐρανὸν
1223 3086 1320 3143 καὶ
1346 3080 1445 3161 τὴν
1494 3089 1634 3160 γῆνο
1661 3108 1680 3141 ι
1721 3091 1837 3156 καὶ,

259 3194 279 3227 ι
296 3176 521 3242 ’Δκουε,
570 3177 784 3249 Ἰσραὴλ
815 3213 832 3240 ,

253 3262 339 3331 εἷς
365 3270 514 3321 ὲστιο
556 3288 575 3321 ι
606 3269 720 3334 καὶ,
754 3288 772 3321 ι
806 3269 946 3325 Τάδε
977 3270 1125 3339 λέγει
1155 3273 1359 3346 Κύριος
1383 3275 1830 3347 παντοκράτωρ»

249 3360 359 3431 οὑχ
379 3360 565 3432 ἔτερόν
587 3379 638 3414 τι
662 3361 776 3415 ἀλλ’
801 3363 969 3435 αὐτὴν
993 3363 1091 3435 τὴν
1115 3364 1292 3435 ἁπλῆν
1316 3364 1413 3420 καὶ
1441 3367 1717 3438 μακαρίαν
1743 3367 1837 3420 καὶ

252 3451 641 3523 ἀκατάληπτον
660 3453 752 3507 τοῦ
776 3453 926 3518 ὃντος
945 3455 1133 3509 οὐσίαν
1162 3455 1389 3527 νοοῦμεν
1407 3474 1423 3489 ·
1450 3457 1553 3511 κᾶν
1579 3457 1687 3529 γὰρ
1714 3458 1838 3511 ἀδυ-

251 3543 436 3607 νάτως
485 3542 696 3614 ἔχωμεν
742 3543 1086 3607 καταλύεῖν,
1134 3546 1162 3598 ὅ
1213 3562 1265 3597 τι
1320 3546 1451 3599 ποτέ
1504 3547 1651 3599 ἐστιν
1671 3588 1687 3612 ,
1722 3548 1837 3603 ἀλλ’

251 3634 544 3699 ἀκούοντες
568 3637 648 3699 τὸ,
684 3635 892 3708 Πατὴρ,
923 3638 1016 3690 καὶ
1047 3636 1108 3689 τὸ
1131 3679 1145 3703 ,
1180 3622 1332 3705 Θεὸς,
1361 3639 1453 3691 καὶ
1484 3638 1579 3702 τὸ,
1634 3641 1836 3694 Παντο-

250 3725 504 3795 κράτωρ,
527 3726 625 3796 οὑχ
656 3726 840 3798 ἔτερόν
870 3744 946 3794 τι,
981 3725 1095 3780 ἀλλ’
1118 3727 1287 3799 αὑτὴν
1315 3727 1411 3799 τὴν
1439 3728 1533 3781 τοῦ
1573 3729 1724 3795 ὄντος
1748 3732 1839 3785 οὑ-

253 3818 382 3871 σίαν
408 3819 812 3890 σημαινομένην
841 3819 1091 3891 νοοῦμεν.
1124 3821 1396 3892 Εἰρήκατε
1428 3820 1485 3875 δὲ
1526 3823 1621 3877 καὶ
1680 3823 1838 3895 ὑμεῖς

249 3908 322 3959 ὲκ
362 3906 455 3959 τοῦ
488 3906 623 3960 Θεοῦ
649 3908 741 3962 τὸν
788 3909 915 3964 Υἱὸν
941 3948 957 3973 ,
991 3908 1232 3982 δηλονότι
1263 3911 1330 3964 ὲκ
1513 3911 1616 3982 τῆς
1646 3913 1834 3978 οὑσίας

248 3998 351 4052 τοῦ
378 4000 588 4071 Πατρὺς
613 4002 775 4056 αὑτὸν
803 4003 1081 4074 εἰρήκατε.
1115 4003 1332 4076 Ἐπειδὴ
1352 4004 1408 4058 δὲ
1434 4005 1527 4059 καὶ
1549 4004 1655 4077 πρὸ
1679 4005 1833 4077 ὑμῶν

248 4091 507 4160 λέγουσιν
530 4095 585 4147 αί
606 4093 822 4166 Γραφαὶ
848 4094 942 4151 τὸν
967 4095 1173 4169 Κύριον
1201 4095 1330 4150 Υῑὸν
1359 4096 1455 4150 τοῦ
1478 4098 1721 4170 Πατρὸς,
1741 4095 1837 4152 κιύ⁸

250 4181 366 4254 πρὸ
385 4180 586 4249 αὐτῶν,
623 4184 781 4248 αὑτὸς
819 4186 848 4239 6
890 4185 1082 4257 Πατὴρ
1105 4183 1361 4256 εἴρηκενο
1399 4204 1418 4238 ι
1472 4179 1642 4251 Οὗτός
1688 4188 1837 4243 ἐστιν

248 4276 282 4329 6
314 4274 446 4337 Υἱός
474 4292 575 4346 μου
607 4276 637 4330 6
665 4276 948 4349 ἀγαπητός
971 4295 984 4308 ·
1012 4296 1031 4331 ι
1069 4278 1194 4344 Υἱὸς
1217 4278 1277 4333 δὲ
1304 4277 1454 4333 οὐδὲν
1479 4278 1666 4351 ἔτερόν
1688 4280 1837 4336 ἔστιν

248 4366 286 4435 ἢ
312 4363 377 4417 τὸ
408 4363 587 4419 ἐκτοῦ
609 4366 820 4439 Πατρὸς
843 4357 1127 4440 γέννημαῖ
1157 4369 1275 4435 πῶς
1325 4371 1387 4425 οὑ
1423 4371 1704 4440 φαίνονται
1733 4389 1835 4427 κα-

250 4460 365 4525 λῶς
395 4462 680 4535 εἰρηκότες
704 4462 753 4515 οἱ
787 4462 1034 4534 Πατέρες
1062 4465 1126 4517 ὲκ
1148 4463 1247 4535 τῆς
1278 4464 1465 4528 οὑσίας
1492 4463 1588 4519 τοῦ
1629 4465 1842 4534 Πατρὸς

253 4553 351 4605 τὸν
398 4552 549 4619 Υίὸν,
606 4554 954 4625 λογισάμενοι
1008 4555 1206 4609 ταυτὸν
1256 4551 1395 4610 εἶναι
1440 4555 1500 4609 τὸ

252 4644 455 4716 ὀρθῶς,
473 4646 538 4699 ὲκ
564 4644 658 4699 τοῦ
692 4644 848 4712 Θεοῦ,
867 4647 960 4699 καὶ
987 4646 1046 4699 τὸ
1069 4648 1260 4711 εἰπεῖν,
1292 4649 1356 4701 ἐκ
1385 4649 1483 4719 τῆς
1512 4647 1726 4712 οὐσίαςς
1758 4647 1840 4702 Τὰ

258 4738 359 4807 μὲν
390 4736 499 4809 γὰρ
523 4738 799 4809 κτίσματα
828 4738 1033 4804 πάντα,
1078 4740 1181 4793 κᾶν
1221 4743 1286 4793 ὲκ
1316 4739 1409 4792 τοῦ
1443 4738 1577 4793 Θεοῦ
1614 4740 1838 4811 λέγηται

252 4830 587 4900 γεγενῆσθαι
612 4869 627 4894 ,
668 4830 783 4885 ἀλλ’
814 4831 913 4902 οὐχ
939 4830 1016 4895 ὡς
1052 4833 1082 4885 6
1118 4831 1249 4894 Υἱός
1272 4832 1410 4884 εἰσιν
1441 4833 1507 4884 ἐκ
1542 4831 1635 4885 τοῦ
1663 4831 1797 4886 Θεοῦ
1818 4848 1834 4863 '

253 4918 320 4970 οὑ
348 4919 459 4990 γὰρ
491 4922 828 4992 γεννήματα,
884 4921 1020 4976 ἀλλά
1051 4923 1331 4993 ποιήματά
1373 4923 1480 4977 εἱσι
1507 4923 1606 4994 τὴν
1650 4922 1832 4993 φύσιν.

260 5026 282 5059 ι
308 5009 396 5062 Ἐν
416 5010 556 5081 ἀρχῇ
588 5011 720 5080 γοῦν
740 5015 769 5065 6
793 5012 925 5077 Θεὸς
957 5032 975 5066 ι
993 5015 1091 5066 οὐκ
1114 5013 1422 5085 ἐγέννησεν,
1441 5014 1555 5068 ἀλλ’
1574 5033 1592 5066 ι
1615 5014 1835 5086 ἐποίησε

253 5101 348 5153 τὸν
374 5102 602 5171 οὐρανὸν
628 5104 721 5158 καὶ
770 5105 867 5175 τὴν
897 5107 1022 5175 γῆν,
1065 5107 1159 5159 καὶ
1187 5106 1363 5159 πάντα
1384 5106 1452 5159 τὰ
1479 5108 1537 5161 ὲν
1568 5107 1778 5171 αὑτοῖς,
1810 5127 1831 5160 ι

254 5194 493 5263 εἴρηται.
683 5198 793 5251 Καὶ
822 5199 916 5268 οὑχ
945 5201 973 5252 6
996 5200 1219 5267 γεννῶν,
1254 5200 1366 5253 ἀλλ’
1402 5219 1419 5251 ι
1461 5202 1489 5253 ὁ
1511 5202 1679 5255 ποιῶν
1709 5201 1835 5266 τοὺς

250 5286 522 5355 ἀγγέλους
547 5290 712 5345 αὑτοῦ
739 5291 1046 5362 πνεύματα,
1074 5292 1165 5345 καὶ
1200 5294 1325 5357 τοὺς
1365 5294 1710 5367 λειτουργοὺς
1736 5295 1835 5348 αὑ·-

248 5376 347 5428 τυῦ
374 5378 547 5449 πυρὸς
570 5380 765 5450 φλόγα.
799 5401 817 5435 ι
845 5382 907 5435 Εἰ
929 5381 984 5434 δὲ
1016 5385 1044 5436 6
1082 5383 1403 5448 Ἀπόστολος
1430 5386 1666 5457 εἴρηκεν,
1692 5406 1709 5435 ι
1742 5381 1837 5450 Εἷς

248 5468 410 5535 Θεὸς,
439 5471 499 5537 ἐξ
523 5465 586 5526 οὗ
620 5473 687 5528 τὰ
720 5473 921 5534 πάντα,
952 5492 968 5524 ι
996 5471 1111 5526 ἀλλ’
1136 5473 1198 5525 οὑ
1224 5473 1314 5526 τὸν
1338 5474 1463 5527 Υἱὸν
1491 5473 1836 5545 συναριθμῶν

218 5552 367 5625 ’τοῖς
401 5565 557 5628 πᾶσι,
591 5566 748 5619 τοῦτό
781 5582 945 5636 φησιν
969 5582 981 5594 ⁸
1015 5564 1129 5618 ἀλλ’
1181 5566 1369 5636 ἐπειδὴ
1417 5566 1525 5619 τῶν
1568 5566 1835 5637 Ἑλλήνων

1945 2015 2054 2056 non
2092 1997 2454 2054 substantiam
2486 1994 2582 2051 sed
2609 2002 2821 2049 merum
2853 2006 3051 2048 nomen
3079 1986 3428 2050 existimetis,
3453 1998 3519 2038 ac

1941 2092 2162 2148 demum
2197 2088 2418 2144 nomine
2468 2095 2650 2149 tenus,
2693 2096 2932 2140 vestram
2976 2079 3259 2137 retineatis
3306 2077 3520 2149 opinio-

1944 2199 2103 2238 nem:
2142 2195 2208 2238 ac
2242 2195 2363 2251 qua:
2409 2176 2593 2234 dicitis
2630 2175 2780 2230 nullo
2827 2175 2990 2230 modo
3012 2186 3134 2228 esse
3162 2178 3218 2227 et
3245 2179 3517 2237 nusquam

1940 2283 2156 2330 exstare
2197 2271 2465 2328 sentiatis.

2138 2364 2263 2421 Haec
2290 2363 2739 2425 Sadducarorum,
2773 2360 2885 2415 imo
2912 2357 3097 2429 potius
3135 2366 3327 2410 eorum
3368 2351 3519 2421 quia

1940 2452 2143 2513 Graecis
2166 2453 2315 2511 atbei
2339 2459 2628 2515 vocantur,
2667 2444 2899 2506 scelesta
2949 2455 3034 2501 est
3086 2441 3294 2514 opinio.
3339 2439 3519 2508 Atque

1942 2547 2070 2603 hinc
2122 2546 2392 2616 reliquum
2423 2551 2510 2599 est
2541 2551 2602 2597 ut
2632 2548 2917 2597 creaturas
2950 2537 3047 2592 Dei
3091 2534 3207 2589 veri
3236 2530 3513 2603 Opificium

1938 2654 2060 2697 esse
2110 2637 2322 2693 inlicias
2354 2636 2515 2702 eatis,
2547 2634 2818 2704 siquidem
2871 2630 2985 2686 haec
3012 2625 3299 2689 voeabula,
3334 2622 3516 2682 Pater.

1937 2739 2013 2799 et,
2047 2730 2213 2797 Deus,
2234 2744 2341 2785 non
2376 2729 2549 2799 ipsam
2574 2724 2891 2781 exsistentis
2914 2717 3279 2778 substantiam
3304 2713 3480 2779 signili
3499 2744 3517 2753 -

1937 2831 2101 2888 cant,
2144 2820 2239 2878 sed
2298 2818 2446 2875 aliud
2502 2816 2784 2889 quidpiam
2852 2812 2999 2884 quod
3057 2809 3357 2866 commenti
3418 2818 3518 2858 vos

1937 2914 2091 2971 estis.
2128 2912 2233 2968 Sed
2261 2912 2367 2967 hoc
2395 2911 2480 2966 vel
2514 2909 2692 2966 solum
2724 2906 2989 2979 cogitare,
3015 2901 3244 2973 impium
3286 2913 3517 2970 prorsus

1938 3014 2104 3079 atque
2123 3005 2502 3076 turpissimum
2535 3012 2641 3059 est.
2686 3001 2783 3057 Sin
2835 3007 3018 3055 autem
3051 3006 3175 3053 cum
3211 2993 3464 3049 audimus
3498 3005 3514 3043 :

1943 3119 1963 3153 ι
2002 3099 2114 3171 Ego
2157 3114 2278 3154 sum
2318 3097 2410 3167 qui
2464 3111 2585 3155 sum
2643 3096 2695 3161 ¹;
2736 3114 2755 3146 ι
2795 3102 2879 3157 et,
2920 3109 2940 3143 ι
2978 3090 3035 3145 In
3082 3086 3350 3160 principio
3391 3083 3519 3139 fecit

1021 3179 1226 3253 Κύριος
1254 3182 1283 3234 6
1309 3180 1444 3246 Θεός
1493 3199 1588 3235 σου
1633 3181 1838 3256 Κύριος

1942 3191 2078 3248 Deus
2102 3190 2300 3246 ccelum
2328 3196 2377 3243 et
2413 3198 2614 3242 terram
2657 3188 2679 3219 ⁸
2714 3202 2729 3253 ;
2772 3204 2791 3238 ι
2819 3195 2893 3249 et,
2934 3200 2953 3235 ι
2984 3181 3149 3245 Audi,
3190 3177 3380 3239 Israel,
3409 3174 3517 3264 Dm

1938 3281 2121 3336 minus
2148 3278 2291 3333 Deus
2316 3286 2442 3332 tuus
2470 3275 2734 3330 Dominus
2759 3289 2904 3328 unus
2934 3281 3022 3326 est
3052 3271 3074 3302 ⁸
3123 3286 3139 3335 ;
3177 3287 3197 3321 ι
3242 3277 3316 3332 et,
3343 3284 3361 3317 ι
3388 3263 3515 3319 lia-0

1937 3368 2348 3427 dlcitDominus
2379 3368 2726 3436 omnipotens
2766 3363 2788 3395 ⁸
2812 3379 2860 3429 ;ι
2892 3377 3000 3416 non
3033 3360 3184 3415 aliud
3207 3358 3309 3413 nisi
3336 3357 3514 3425 ipsam

1938 3459 2263 3531 simplicem,
2296 3458 2545 3518 beatam,
2578 3449 3189 3522 incompreltensibilem
3230 3447 3350 3517 ejus
3370 3484 3385 3509 ,
3418 3444 3511 3514 qui

1936 3557 2039 3613 est,
2072 3545 2434 3602 substantiam
2467 3543 2822 3613 intelligimus
2849 3557 2864 3605 ;
2898 3538 3152 3609 quamvis
3187 3538 3333 3591 enim
3354 3533 3514 3603 quid-

1939 3654 2063 3693 nam
2102 3638 2194 3692 ille
2221 3637 2292 3692 sit
2320 3633 2781 3704 comprehendere
2839 3642 3177 3700 nequeamus
3203 3665 3219 3690 ,
3270 3634 3509 3679 attamen

1937 3746 2062 3786 cum
2097 3729 2197 3783 bas
2222 3741 2385 3782 voces
2416 3724 2691 3787 audimus,
2723 3721 2904 3787 Pater,
2931 3720 3097 3785 Deus,
3129 3717 3510 3786 Omnipotens,

1939 3820 2074 3875 nihil
2104 3818 2250 3874 aliud
2272 3816 2437 3889 quam
2465 3816 2605 3886 ejus,
2629 3814 2724 3885 qui
2753 3822 2856 3875 est,
2882 3811 3246 3866 substantiam
3280 3805 3511 3862 indicari

1935 3910 2298 3981 concipimus.
2325 3906 2553 3964 Dixistis
2588 3920 2687 3961 vos
2725 3904 2889 3960 etiam
2916 3917 2983 3959 ex
3012 3900 3122 3958 Deo
3143 3899 3340 3955 Filium
3367 3914 3509 3964 esse,

1939 4016 2003 4056 ac
2023 4007 2421 4071 consequenter
2467 4012 2537 4053 ex
2567 3995 2742 4052 Patris
2768 3993 3075 4051 substantia
3132 3993 3313 4062 ipsum
3344 4004 3466 4044 esse
3494 4005 3510 4049 ς

1937 4108 2062 4148 cum
2105 4105 2239 4161 ergo
2268 4098 2324 4145 et
2371 4098 2497 4144 ante
2528 4102 2629 4143 vos
2656 4085 2958 4157 Scriptura:
2983 4083 3172 4139 dicant
3218 4080 3512 4135 Dominum

1936 4198 2059 4239 esse
2082 4181 2264 4237 Patris
2289 4179 2513 4247 Filium,
2535 4188 2590 4235 et
2616 4187 2742 4234 ante
2768 4175 3080 4248 Scripturas
3100 4172 3265 4229 Pater
3292 4172 3511 4235 dixerit,

1941 4296 1961 4330 ι
2002 4275 2102 4333 Hic
2127 4285 2212 4333 est
2259 4273 2432 4333 Filius
2472 4290 2626 4330 meus
2649 4273 2885 4329 dilectus
2920 4274 2942 4307 ⁸
2987 4288 3002 4339 ;
3046 4290 3065 4324 ι
3108 4270 3280 4327 Filius
3329 4278 3512 4324 autem

1933 4370 2068 4425 nihil
2094 4369 2241 4424 aliud
2283 4370 2356 4424 sit
2387 4366 2763 4438 quamPatris
2792 4350 2971 4433 fetus,
3006 4381 3138 4437 qua,
3174 4377 3385 4436 quaso,
3422 4368 3517 4414 ra-

1939 4460 2086 4516 tione
2113 4452 2305 4519 Patres
2334 4473 2442 4512 non
2468 4468 2613 4514 recte
2640 4458 2811 4514 locuti
2836 4456 3188 4520 videbuntur,
3232 4452 3324 4508 ubi
3355 4449 3510 4505 dixe-

1670 4554 1841 4608 εἰπεῖν
1866 4548 1909 4604 D
1940 4547 2048 4604 rint
2077 4546 2276 4603 Filium
2307 4564 2430 4604 esse
2465 4564 2531 4604 ex
2572 4549 2879 4604 substantia
2914 4548 3089 4602 Patris
3113 4587 3128 4607 ,
3164 4545 3268 4600 rati
3304 4544 3513 4598 scilicet

1940 4640 2081 4695 idem
2113 4656 2234 4695 esse
2265 4642 2477 4696 sincera
2501 4649 2680 4696 mente
2706 4640 2912 4703 dicere,
2943 4655 3007 4693 ex
3044 4638 3172 4697 Deo.
3218 4652 3282 4690 ac
3306 4635 3507 4694 dicere.

1936 4748 2001 4788 ex
2032 4734 2378 4790 substantia?
2412 4734 2547 4790 Nam
2579 4744 2845 4790 creaturm
2896 4749 3107 4799 omnes,
3141 4732 3393 4803 quamvis
3444 4748 3510 4785 cx

1943 4823 2051 4881 Deo
2110 4826 2389 4884 exstitisse
2439 4827 2711 4893 dicantur,
2747 4825 2843 4882 sed
2893 4836 3001 4881 neu
3047 4824 3508 4895 quemadmodum

1940 4915 2132 4973 Filius.
2165 4934 2229 4972 ex
2260 4917 2369 4973 Deo
2397 4927 2525 4975 sunt
2550 4920 2674 4983 illae,
2700 4935 2808 4975 non
2839 4920 2985 4974 enim
3020 4934 3109 4975 res
3136 4917 3365 4990 genite.
3414 4917 3509 4972 sed

1939 5009 2111 5071 facta),
2138 5020 2330 5065 natura
2350 5027 2449 5066 sua
2469 5020 2617 5066 sunt.
2650 5030 2667 5063 ι
2685 5010 2738 5065 In
2758 5010 3024 5082 principio
3045 5031 3064 5063 ι
3087 5010 3250 5081 igitur
3277 5030 3296 5062 ι
3311 5008 3501 5075 Deus,t

1941 5115 2046 5155 non
2081 5104 2287 5171 genuit,
2317 5102 2410 5158 sed
2452 5122 2471 5155 ι
2506 5102 2634 5159 fecit
2655 5104 2854 5159 coelum
2886 5113 2939 5159 et
2966 5118 3194 5166 terram,
3232 5113 3286 5158 et
3325 5104 3506 5157 omnia

1940 5208 2061 5260 qua}
2093 5195 2147 5248 in
2179 5195 2257 5251 eis
2287 5206 2415 5250 sunt
2468 5203 2520 5259 ⁸,
2562 5216 2580 5249 ι
2622 5206 2681 5251 ιιι
2714 5199 2976 5267 scriptum
3000 5206 3102 5251 est.
3134 5194 3242 5251 Nec
3268 5212 3397 5249 vero
3427 5196 3509 5248 ili-

1938 5286 2099 5347 eitnr,
2136 5288 2229 5356 qui
2263 5289 2455 5359 gignit,
2488 5289 2582 5345 sed
2622 5308 2639 5340 ι
2686 5292 2778 5359 qui
2808 5289 2937 5343 facit
2968 5289 3187 5359 angelos
3228 5304 3359 5343 suos
3400 5287 3510 5355 spi-

1940 5378 2096 5442 ritus,
2129 5386 2183 5433 et
2214 5380 2493 5435 ministros
2526 5396 2657 5435 suos
2691 5379 2963 5435 ﬂammam
2998 5381 3139 5450 ignis
3193 5383 3239 5431 '.
3274 5397 3292 5429 ι
3354 5376 3509 5443 Quod

1937 5470 1981 5525 si
2017 5472 2311 5542 Apostolus
2342 5474 2496 5539 dixit,
2528 5476 2717 5531 (Unus
2738 5474 2881 5530 Deus
2912 5488 3007 5544 per
3027 5488 3186 5544 quem
3207 5472 3390 5525 omnia
3424 5473 3505 5533 ⁸,»
3526 5487 3541 5501 ‘

1937 5554 2044 5618 non
2073 5581 2138 5620 co
2173 5581 2307 5622 sane
2339 5567 2470 5623 illud
2510 5568 2668 5623 dixit.
2701 5568 2844 5639 quod
2866 5566 3063 5621 Filium
3087 5563 3310 5630 reliquis
3332 5564 3511 5618 omni-

330 5759 350 5790 ¹
390 5755 566 5813 Exod.
607 5772 688 5818 ut.
728 5758 811 5813 M.
885 5755 1071 5814 'Gen.
1119 5772 1159 5825 ι,
1192 5750 1243 5814 l.
1320 5760 1341 5792 ³
1370 5756 1527 5814 Deut.
1557 5772 1632 5824 vt,
1665 5755 1717 5814 4.
1795 5758 1814 5792 δ

1942 5777 1976 5813 ι.
2012 5774 2147 5827 xm,
2190 5758 2243 5819 ι.
2317 5762 2337 5792 ⁵
2366 5758 2557 5816 Matth.
2590 5775 2671 5825 ιιι,
2704 5759 2789 5817 l7.
2870 5760 2890 5792 '
2915 5758 3051 5813 Gen.
3092 5778 3134 5826 ι,
3172 5764 3223 5820 ι.
3301 5763 3321 5795 ⁷
3356 5761 3502 5823 Psal.

252 5843 380 5893 cut,
413 5830 466 5884 ι.
544 5829 566 5862 ⁸
596 5828 612 5883 l
640 5829 765 5885 Cor.
805 5844 921 5895 vm,
948 5830 1003 5885 6.
