3770 6590
504 374 618 437 ἰϋῖ)

512 524 611 576 bus
645 533 1072 578 annumeraret:
1115 525 1207 580 sed
1245 524 1505 593 quoniam
1552 525 1705 578 multi
1756 542 1821 578 ex
1875 526 2071 579 Gt'mttls

2180 508 2224 556 οἱ
2276 506 2371 574 μὲν
2409 505 2685 574 νομίζουσι
2744 503 2881 558 κατὰ
2935 503 3096 576 τύχην
3141 510 3226 563 καί
3273 514 3326 579 ἐξ

509 613 824 668 existimant
858 613 1102 677 fortuito,
1131 627 1184 671 et
1207 631 1270 670 ex
1302 626 1611 672 atomorum
1850 619 2069 686 compli.

508 707 739 770 ratione,
786 719 848 759 ac
878 721 940 759 ex
984 705 1318 761 similaribus
1352 707 1598 778 partibus
1644 715 1838 776 sponte
1890 724 2072 762 rerum

505 805 758 851 naturam
791 797 1063 852 coaluisse
1089 837 1104 862 ,
1153 814 1328 868 neque
1372 812 1650 855 auctorem
1712 801 1932 854 habere.
1971 798 2072 853 Alii

505 897 682 942 autem
713 889 782 944 ab
809 889 992 959 aliqua
1016 907 1181 947 causa
1219 907 1317 946 nec
1347 900 1523 946 tamen
1560 908 1653 961 per
1685 892 1919 946 Verbum
1953 908 2072 946 eam

429 1018 432 1022 -
502 979 779 1034 conditam
814 979 1170 1035 arbitrantur.
1214 979 1457 1050 Quisque
1495 989 1673 1034 autem
1705 995 1768 1033 ex
1805 979 2073 1033 haereticis

502 1071 770 1127 arbitratu
796 1087 896 1127 suo
924 1088 1010 1127 res
1036 1073 1470 1128 comminiscitur
1491 1080 1544 1126 et
1565 1072 1632 1125 de
1664 1085 1845 1125 rerum
1880 1079 2072 1124 natura

503 1163 800 1220 fabulatur.
863 1164 1204 1236 Quapropter
1251 1181 1318 1221 ex
1399 1166 1722 1220 necessitate
1782 1163 2074 1232 Apostolus

502 1259 640 1312 dixit
673 1300 687 1324 ,
725 1284 743 1310 ι
777 1275 839 1314 ex
872 1259 978 1315 Deo
1035 1259 1048 1287 ³
1080 1299 1094 1323 ,
1133 1279 1150 1310 ι
1178 1269 1236 1315 ut
1265 1258 1524 1314 factorem
1559 1269 1743 1312 notum
1777 1257 1997 1322 faceret,
2020 1268 2073 1313 et

502 1352 747 1406 onmium
775 1353 1104 1407 creationem
1131 1369 1196 1408 ex
1223 1353 1344 1422 ejus
1365 1352 1640 1408 voluntate
1671 1350 1868 1406 factam
1895 1353 2071 1407 deela-

504 1452 664 1498 raret.
713 1444 905 1499 Statim
933 1460 1060 1515 ergo
1091 1429 1284 1500 infert:
1323 1465 1340 1496 ι
1366 1445 1430 1500 Et
1461 1459 1602 1500 unus
1629 1445 1889 1499 Dominus
1913 1444 2074 1500 Jrsus

505 1536 778 1600 Christus,
799 1553 894 1605 per
921 1553 1080 1608 quem
1108 1537 1300 1592 omnia
1343 1543 1362 1569 ³
1383 1580 1396 1602 ,
1432 1555 1457 1589 -ι
1505 1546 1562 1592 ut
1600 1554 1664 1590 ex
1699 1539 1952 1592 omnibus
1985 1536 2075 1590 Fi-

505 1627 636 1680 lium
663 1628 934 1696 exciperet
960 1644 974 1692 ;
1006 1643 1127 1695 qua:
1153 1626 1296 1682 enim
1317 1625 1411 1680 Dei
1441 1640 1562 1681 esse
1585 1625 1859 1687 dicuntur,
1890 1625 2072 1679 omnia

503 1734 599 1786 per
633 1717 830 1772 Filium
857 1717 998 1774 facta
1023 1726 1150 1773 sunt
1184 1735 1197 1772 :
1235 1732 1334 1773 nec
1371 1718 1484 1772 ﬁeri
1515 1726 1688 1786 poti-st
1732 1727 1944 1772 creatas
1987 1733 2074 1772 res

498 1810 765 1876 eamdem,
797 1827 956 1880 quam
992 1818 1312 1872 creatorem,
1339 1811 1534 1864 habere
1557 1810 1956 1879 generationem
1982 1827 1996 1874 ;
2024 1819 2076 1864 et

501 1912 558 1956 ut
581 1901 802 1957 doceret
829 1903 976 1965 illud,
1005 1922 1023 1953 ι
1045 1919 1110 1958 ex
1139 1901 1269 1968 Deo,
1294 1921 1312 1953 ι
1333 1901 1476 1971 quod
1501 1902 1589 1956 hic
1616 1903 1834 1966 dicitur,
1856 1902 1960 1957 alia
1993 1919 2071 1956 ra-

2179 1886 2282 1942 τῶν
2307 1886 2624 1957 ποιημᾲτων
2654 1885 2782 1937 αὐτὸ

502 1995 649 2049 tione
695 1995 761 2048 de
805 1993 1065 2064 epiliciis,
1101 1995 1202 2048 alia
1234 1993 1301 2049 de
1335 1993 1473 2048 Filio
1509 1994 1752 2063 intelligi.
1792 1993 1924 2048 Nam
1988 1996 2076 2051 hic

499 2087 701 2155 proles,
737 2086 826 2141 illa
880 2102 1027 2150 vero,
1061 2087 1269 2156 opiﬁcia
1319 2096 1466 2141 sunt.
1526 2084 1754 2156 Ideoque
1790 2086 1958 2142 Filius
1991 2097 2074 2143 est

502 2178 754 2246 preprius
807 2177 1127 2232 substantiae
1171 2176 1334 2244 fctus,
1393 2179 1481 2232 illa
1522 2189 1740 2256 autem,
1779 2179 2073 2235 voluntatis

501 2279 784 2324 creaturae.

692 2361 817 2417 Haec
867 2365 1142 2433 eumipsa
1187 2363 1427 2435 synodus
1482 2363 1958 2431 animadverteret,
2009 2382 2074 2420 ac

501 2465 844 2525 perspectum
881 2456 1105 2511 haberet
1124 2455 1368 2526 ejusdem
1395 2456 1644 2512 vocabuli
1675 2457 1921 2514 diversas
1953 2473 2074 2513 esse

503 2538 954 2614 signiﬁcatio—nes;
1016 2561 1080 2601 ne
1126 2547 1360 2616 quidam
1417 2548 1829 2617 suspicarentur
1875 2546 2070 2602 Filium

503 2635 693 2691 Deiex
731 2628 840 2691 Deo
883 2637 990 2691 dici
1039 2637 1260 2706 perinde
1303 2646 1465 2707 atque
1516 2649 1820 2706 creaturas,
1874 2640 2073 2696 clarius

501 2725 790 2796 scripsere,
811 2725 1006 2782 Filium
1029 2743 1094 2782 ex
1126 2729 1432 2784 substantia
1461 2729 1553 2782 Dei
1576 2746 1734 2786 esse:
1769 2731 1895 2788 hinc
1920 2748 2073 2786 nam-

497 2835 606 2888 que
640 2837 765 2876 vere
819 2837 1138 2892 germanum
1180 2822 1358 2878 Patris
1386 2837 1507 2877 esse
1545 2822 1741 2878 Filium
1779 2825 2071 2879 indicatur.

501 2909 580 2964 Ex
607 2926 672 2966 eo
691 2921 870 2967 autem
889 2915 1030 2982 quod
1057 2914 1604 2982 simpliciterdicitur,
1632 2935 1650 2966 ι
1675 2931 1739 2968 ex
1761 2914 1892 2979 Deo,
1927 2935 1944 2969 ι
1977 2932 2073 2971 vo-

493 2995 673 3048 luntas
709 2998 970 3049 creatoris
993 2995 1048 3048 in
1072 2995 1308 3049 creando
1341 2996 1704 3063 signiﬁcatur.
1735 2995 1864 3056 Sed,
1888 2998 2064 3057 aiunt,

494 3086 608 3140 haec
637 3086 840 3156 scripta
864 3102 972 3141 non
1003 3095 1152 3150 sunt,
1191 3104 1458 3159 vocesque
1493 3088 1630 3151 illas,
1664 3089 1808 3156 quod
1843 3088 1894 3140 in
1925 3087 2071 3142 Scri-

491 3178 668 3248 ptu‘ris
697 3194 804 3232 non
838 3179 1162 3243 habeantur,
1206 3181 1505 3250 reiieimus.
1547 3179 1651 3233 Sed
1699 3179 1839 3234 hanc
1877 3179 1949 3232 illi
1982 3195 2070 3233 ca-

491 3267 826 3322 villationem
847 3267 1317 3338 impudentissime
1339 3269 1642 3339 proferunt.
1662 3269 1715 3323 Si
1738 3269 1882 3323 enim
1913 3270 2074 3323 verba

490 3377 601 3416 non
631 3363 835 3432 scripta
877 3370 1070 3432 putant
1118 3364 1432 3433 rejicienda,
1462 3380 1632 3435 quare
1677 3365 1806 3418 Ario
1839 3380 1944 3416 non
1971 3365 2074 3418 ob-

491 3455 689 3508 sistunt
708 3439 844 3524 ,Aqui'
868 3463 947 3508 tot
967 3465 1154 3508 sentem
1169 3457 1414 3510 tiolarum
1435 3473 1553 3524 quas
1577 3458 1628 3509 in
1648 3456 1943 3526 Scripturis
1967 3472 2072 3509 non

429 3566 434 3568 ·
489 3526 760 3599 habentur
783 3545 1066 3600 colluviem
1092 3547 1449 3617 excogitavit:
1481 3549 1669 3616 quales
1691 3556 1838 3610 sunt,
1870 3546 1943 3600 Ex
1963 3561 2073 3598 non

490 3637 870 3702 exstantibus;
920 3648 993 3701 ct,
1025 3638 1139 3692 Non
1189 3649 1305 3692 erat
1347 3641 1514 3695 Filius
1553 3655 1838 3708 antequam
1886 3642 2109 3709 gigne-.

428 3759 436 3768 -
491 3731 643 3782 retur
670 3746 684 3795 ;
717 3727 802 3791 et."
827 3729 950 3783 Erat
997 3740 1208 3798 tempus
1234 3747 1340 3800 quo
1371 3731 1483 3785 Non
1511 3743 1663 3798 crat;
1697 3743 1775 3793 et,
1804 3732 2073 3785 Mutabilis

487 3829 609 3886 est;
645 3832 718 3884 et,
758 3820 1052 3877 lneﬂ‘abilis
1081 3832 1136 3876 et
1159 3823 1448 3879 invisibilis
1486 3835 1570 3878 est
1604 3827 1761 3878 Pater
1790 3823 1960 3886 Filio;
1995 3831 2067 3884 et,

429 3947 432 3950 .
493 3912 660 3966 Filius
715 3929 824 3967 non
876 3917 1028 3968 novit
1082 3930 1234 3970 suam
1285 3917 1666 3978 substantiam.
1717 3927 1770 3972 et
1803 3920 2076 3986 quaslibet

488 4001 620 4054 alias
644 4002 771 4070 ejus
798 4005 1116 4068 sententias,
1135 4020 1270 4073 quas
1303 4005 1358 4058 in
1393 4005 1622 4059 ridicula
1657 4016 1713 4061 et
1739 4007 1904 4076 impia
1930 4008 2075 4061 Tha-

491 4090 555 4142 lia
586 4107 683 4143 sua
705 4092 950 4146 evomuit
968 4094 1110 4156 ;-imo
1139 4097 1319 4162 potius
1339 4110 1432 4148 eas
1459 4096 1534 4149 illi
1563 4109 1930 4168 propugnant,
1955 4118 2074 4169 qure

490 4197 651 4236 causa
687 4183 793 4236 illis
851 4193 932 4237 est
969 4193 1029 4238 ut
1076 4201 1200 4239 cum
1233 4186 1485 4242 Patribus
1513 4189 1676 4243 etiam
1711 4190 1824 4245 suis
1884 4193 2076 4247 decer-

492 4281 625 4325 tent.
658 4271 766 4326 Aut
811 4288 931 4338 cur,
963 4289 1086 4358 cum
1118 4276 1170 4329 in
1199 4275 1492 4343 Encatniis,
1527 4289 1585 4334 ut
1625 4291 1842 4346 vocant,
1887 4285 2065 4340 verbis

489 4378 556 4416 ex
571 4361 854 4433 Scriptura
876 4381 985 4420 non
1005 4366 1308 4437 desumptis
1334 4371 1415 4425 usi
1443 4373 1674 4428 Aeacius
1694 4384 1748 4428 et
1774 4373 2059 4441 Eusebius,

491 4454 726 4510 dixerint
761 4459 1186 4527 primogenitum
1217 4472 1477 4517 creatura:
1509 4480 1630 4520 esse
1677 4466 1796 4521 sine
1831 4467 2071 4522 dissimi-

493 4545 724 4602 litudine
755 4547 1046 4620 imaginem
1081 4551 1423 4620 substantiae,
1453 4557 1734 4624 potentia,
1758 4559 1978 4613 consilii
2021 4565 2078 4614 et

1752 371 2134 433 EUTIIYMll
2179 368 2527 428 ZlG.\BENl
3571 400 3640 459 ut

3488 529 3644 590 ἀτόμων

2186 553 2223 556 --
2276 553 2363 574 ιν-ν-
2420 553 2620 574 -τινντη
2643 553 2684 556 --
2949 553 3090 576 ηι-ἰ-
3143 553 3226 563 ··-·’
3273 553 3326 579 ιινο
3488 553 3561 582 ατο
3593 557 3644 590 ων

2183 599 2514 668 συμπλοκῆς,
2550 598 2639 650 καὶ
2671 597 3006 667 ὀμοιομερῶς
3040 599 3099 651 ὲκ
3121 610 3428 676 ταυτομάτου
3459 553 3647 680 cumid-

2178 710 2262 743 ναι
2314 691 2407 761 τὴν
2458 692 2651 753 κτίσιν,
2705 690 2799 743 καὶ
2837 691 2909 759 μὴ
2946 689 3083 759 ἔχειν
3126 694 3210 746 τὸν
3245 701 3425 754 αἴτιον·
3465 712 3506 760 οἱ
3547 716 3645 770 δὲ

2175 784 2344 837 αἰτίου
2377 785 2472 854 μὲν
2512 783 2680 853 αὐτὴν
2707 782 3005 849 γεγονέναι,
3034 784 3093 834 οὐ
3128 787 3228 856 μὴν
3261 793 3346 844 καὶ
3384 795 3458 850 διὰ
3483 803 3556 855 τοῦ
3582 761 3647 861 Ar;

2174 890 2268 941 γου
2291 891 2302 902 ·
2335 873 2442 927 τῶν
2490 873 2548 926 δὲ
2580 873 2870 944 αἱρετικῶν
2905 872 3151 937 ⁹ἕκαστος,
3209 878 3279 935 ὡς
3332 884 3554 956 ἠθέλησεν
3585 899 3648 948 ἀν-

2172 965 2462 1028 επλάσατο,
2501 967 2594 1017 καὶ
2639 964 2892 1036 περὶτῆς
2941 963 3166 1026 κτίσεως
3202 969 3482 1040 μυθολογεῖ·
3517 983 3648 1040 τούτου

2173 1059 2330 1130 χάριν
2366 1059 2394 1110 ὁ
2437 1056 2757 1116 Ἀπόστολος
2799 1055 3104 1123 ἀναγκαίως
3161 1061 3425 1132 συνείρηκε
3464 1071 3540 1135 τὸ,
3570 1095 3581 1124 ι
3609 1080 3650 1129 ἐκ

2172 1151 2264 1205 τοῦ
2290 1150 2424 1203 Θεοῦ
2450 1167 2463 1180 °
2502 1169 2519 1200 ι
2554 1150 2641 1202 ἵνα
2675 1148 2768 1201 καὶ
2787 1148 2876 1200 τὸν
2905 1147 3130 1218 ποιητὴν
3145 1153 3390 1225 γνωρίσῃ,
3419 1159 3498 1210 καὶ
3520 1162 3590 1232 τὴν
3611 1169 3651 1222 ἐκ

2172 1242 2262 1295 τοῦ
2299 1241 2634 1312 βουλήματος
2657 1239 2820 1293 αὐτοῦ
2852 1239 2960 1292 τῶν
2997 1240 3205 1293 πάντων
3231 1242 3543 1317 δημιουργίαν
3566 1258 3652 1309 ἀπο.

2171 1335 2350 1406 δείξῃ’
2381 1335 2539 1396 εὐθὺς
2565 1332 2695 1401 γοῦν
2717 1331 2987 1402 ἐπιφέρει,
3014 1350 3030 1382 ι
3057 1333 3165 1384 Καὶ
3196 1328 3272 1397 εἷς
3298 1337 3476 1408 Κύριος
3507 1344 3652 1410 Ἰησθζρς

2174 1427 2426 1499 Χριστὸς,
2461 1427 2527 1480 δι’
2554 1419 2614 1478 οὗ
2640 1425 2709 1478 τὰ
2743 1425 2938 1487 πάντα,
2984 1443 3000 1474 ι
3038 1424 3121 1476 ἵνα
3161 1425 3262 1478 τῶν
3311 1428 3499 1485 πάντων
3537 1435 3653 1508 ἐξάρῃ

2172 1520 2261 1573 τὸν
2290 1520 2415 1573 Υίόν
2435 1537 2447 1548 ο
2473 1519 2538 1572 τὰ
2572 1519 2679 1589 γὰρ
2711 1517 2803 1571 τοῦ
2837 1515 2971 1570 Θεοῦ
3005 1517 3266 1590 λεγόμενα
3290 1559 3303 1581 ,
3349 1521 3501 1574 πάντα
3535 1528 3653 1580 ταῦτα

2173 1613 2236 1666 δι’
2273 1612 2399 1665 Υἰοῦ
2425 1612 2644 1680 γέγονε·
2677 1610 2768 1663 καὶ
2802 1611 2900 1679 οὐχ
2934 1606 3043 1661 οἷόν
3084 1627 3142 1661 τε
3186 1609 3307 1678 μίαν
3465 1614 3576 1683 ἔχειν
3609 1621 3653 1671 τὰ

2174 1704 2647 1776 δημιουργούμενα
2675 1702 2752 1772 τῷ
2777 1700 3196 1773 δημιουργοῦντι
3223 1703 3317 1772 τὴν
3358 1704 3565 1772 γένεσιν·
3594 1714 3654 1762 καὶ

2177 1797 2263 1850 ἵνα
2291 1796 2370 1859 τὸ,
2412 1815 2429 1845 ι
2472 1799 2535 1848 ὲκ
2575 1794 2666 1846 τοῦ
2700 1793 2854 1857 Θεοῦ,
2894 1813 2910 1843 ι
2942 1792 3230 1861 λεγόμενον
3255 1786 3367 1858 ὦδε,
3417 1796 3557 1861 ἄλλως
3594 1802 3652 1853 ἐπὶ

2967 1883 3319 1954 σημαίνεσθαι
3353 1885 3528 1958 διδάξῃ,
3557 1889 3581 1957 ἢ
3606 1891 3655 1952 ὡς

2177 1979 2269 2031 ἐπὶ
2299 1975 2428 2029 Υἱοῦ
2458 1976 2750 2046 λεγόμενον
2775 1976 2995 2026 νοεῖται.
3043 1974 3098 2027 Ὀ
3137 1973 3233 2044 μὲν
3253 1974 3355 2046 γὰρ
3373 1974 3587 2046 γέννημα,
3610 1981 3655 2030 τὰ

2176 2071 2230 2122 δὲ
2268 2069 2547 2139 ποιήματά
2569 2069 2705 2120 ἐστι.
2739 2067 2827 2118 Διὸ
2855 2065 2947 2118 καὶ
2969 2065 2996 2116 ὁ
3025 2064 3120 2135 μὲν
3141 2064 3259 2127 Υἱὸς
3283 2065 3400 2117 ἴδιον
3423 2065 3502 2134 τῆς
3527 2068 3653 2130 οὐσίας

2176 2161 2441 2230 γέννημα,
2470 2164 2536 2213 τὰ
2568 2159 2622 2211 δὲ
2661 2157 2998 2228 βουλήματος
3168 2156 3580 2226 δημιουργήματα.

2368 2368 2551 2421 Ταῦτα
2608 2366 2758 2437 καὶὴ
2816 2365 3029 2428 σύνοδος
3085 2363 3375 2435 συνορῶσα,
3425 2363 3500 2416 καὶ
3536 2364 3652 2417 εἰδυῖα

2171 2463 2275 2533 τὴν
2304 2462 2368 2516 ἐκ
2397 2461 2496 2531 τῆς
2521 2458 2834 2530 ὁμωνυμίας
2863 2457 3152 2527 διαφορίαν
3195 2493 3212 2518 ,
3351 2454 3473 2524 ὑπὲρ
3509 2454 3579 2506 τοῦ
3604 2456 3650 2522 μή

2173 2571 2325 2618 τινας
2365 2555 2610 2606 ὑπονοεῖν
2643 2551 2781 2604 κατὰ
2831 2551 2930 2620 τὴν
2963 2549 3142 2601 κτίσιν
3171 2547 3307 2599 οὓτω
3354 2545 3564 2612 λέγεσθαι
3595 2549 3654 2596 καὶ

2172 2645 2264 2699 τὸν
2299 2645 2421 2697 Υίὸν
2469 2645 2532 2696 ἐκ
2589 2641 2680 2695 τοῦ
2733 2640 2888 2704 Θεοῦ,
2924 2639 3243 2713 λευκότερον
3269 2637 3484 2708 ἔγραψαν
3523 2639 3571 2689 ἐκ
3593 2637 3654 2702 τῆς

2173 2738 2360 2801 οὐσίας
2391 2737 2483 2789 τὸν
2511 2736 2655 2789 Υίόν.
2689 2735 2781 2786 Ἐκ
2811 2734 2907 2801 μὲν
2933 2732 3042 2802 γὰρ
3085 2729 3268 2782 τούτου
3287 2728 3342 2781 τὸ
3369 2729 3550 2796 γνήσιον
3569 2725 3652 2792 ἁλη-

2174 2831 2281 2894 θῶς
2310 2828 2441 2882 Υἱοῦ
2494 2828 2632 2901 πρὸς
2663 2827 2755 2880 τὸν
2797 2825 3016 2894 Πατέρα
3057 2819 3402 2890 γνωρίζεται’
3450 2820 3502 2870 ἐκ
3531 2816 3572 2869 δὲ
3595 2815 3652 2866 τοῦ

2172 2921 2419 2989 λέγεσθαι
2435 2916 2623 2982 ἁπλῶς
2638 2918 2730 2968 «ὲκ
2743 2912 2834 2966 τοῦ
2849 2911 3002 2977 Θεοῦ,
3017 2931 3036 2963 ›
3060 2911 3120 2964 τὸ
3137 2908 3371 2980 βούλημα
3382 2906 3656 2976 τῆςδημιουρ-

2179 2995 2304 3062 γίας
2333 2996 2427 3048 τοῦ
2466 2997 2742 3060 κτίζοντος
2784 2997 3134 3065 σημαίνεται.
3172 2996 3305 3048 Ἀλλ’
3337 2997 3393 3048 οὐ
3436 2997 3660 3064 γέγραπιιι

2177 3087 2373 3152 ταῦτα,
2409 3089 2596 3156 φασὶν,
2635 3089 2728 3142 καὶ
2758 3089 2833 3151 ὡς
2872 3089 3164 3158 ἀγράφους
3201 3087 3297 3152 τὰς
3347 3085 3658 3156 φωνὰςὲχὸάλ-

2177 3180 2364 3248 λομεν.
2411 3181 2574 3234 Ἀλλὰ
2605 3182 2698 3234 καὶ
2747 3179 2908 3234 τοῦτο
2943 3183 3108 3235 πάλιν
3156 3180 3417 3251 πρόφασίς
3450 3180 3568 3232 ἐστιν
3599 3177 3662 3228 αὖ·

2179 3277 2290 3336 τοῖς
2315 3275 2689 3344 ἀναίσχυντος.
2725 3276 2785 3327 Εἰ
2805 3274 2921 3351 ,γὰρ
2953 3274 3226 3345 ὲκῦλητέα
3275 3273 3520 3341 νομίξουσι
3543 3270 3591 3321 τὰ
3614 3267 3661 3335 μὴ

2177 3368 2558 3437 γεγραμμένα,
2606 3368 2694 3420 διὰ
2722 3368 2772 3420 τί
2823 3367 2930 3419 τῶν
2986 3369 3118 3436 περὶ
3147 3367 3358 3436 ’Δρειον
3388 3363 3442 3427 ἐξ
3474 3361 3662 3429 ἀγράφων

2177 3460 2578 3529 ἐπινοησάντων
2622 3460 2872 3512 τοσοῦτον
2906 3460 3189 3528 ῥηματίων
3234 3457 3492 3526 συρφετὸν,
3521 3453 3582 3511 τὸ,
3605 3451 3664 3513 Ἐξ

2177 3553 2277 3604 οὐκ
2327 3552 2517 3611 ὅντων.
2556 3553 2648 3604 καὶ
2685 3551 2766 3610 τὸ,
2807 3553 2918 3604 Οὐκ
2947 3547 3014 3621 ἦν
3052 3553 3080 3603 ὁ
3138 3551 3262 3613 Υἱὲς
3309 3550 3427 3617 πρὶν
3465 3542 3665 3612 γεννηίιῇο

2179 3645 2292 3706 καὶ,
2326 3641 2433 3697 Ἦν
2468 3661 2615 3707 ποτε,
2654 3645 2740 3697 ὅτε
2775 3645 2874 3697 οὐκ
2911 3638 2976 3712 ἦν
3001 3659 3013 3672 ·
3055 3639 3422 3708 καὶ,Τρεπτὸς
3441 3639 3564 3690 ἐστι·
3590 3635 3664 3690 καί,

2181 3737 2452 3808 "Appiam;
2482 3736 2574 3789 καὶ
2602 3735 2833 3806 ἀόρατος
2863 3735 2891 3786 ὁ
2917 3733 3107 3803 Πατὴρ
3126 3740 3202 3802 τῷ
3225 3733 3332 3802 Υίῷ
3351 3745 3363 3760 ·
3391 3729 3490 3791 καὶ,
3515 3726 3560 3778 '0
3585 3725 3667 3781 Υἱὸς

2177 3829 2276 3881 οὐκ
2325 3823 2464 3880 οἶδεν
2519 3827 2640 3880 οὐδὲ
2690 3827 2790 3895 τὴν
2830 3827 3030 3881 ἑαυτοῦ
3075 3825 3266 3879 οὐσίαν
3299 3839 3313 3854 ο
3342 3821 3425 3874 καὶ
3453 3820 3535 3872 ὅσα
3563 3817 3605 3866 ἐν
3627 3815 3666 3878 τῇ

2177 3919 2371 3988 γελοίῳ
2411 3921 2505 3971 καὶ
2554 3918 2744 3971 ἀσεϐεῖ
2773 3919 2946 3989 Θαλία
2989 3916 3191 3971 ἑαυτοῦ
3247 3912 3444 3984 φρονῶν
3475 3909 3667 3976 ὲξήμεςεν

2181 4013 2396 4080 ’Ἄρειος
2443 4010 2544 4063 οὐκ
2594 4011 3004 4080 ἀπειρήκασιν,
3049 4009 3188 4062 ἀλλὰ
3239 4007 3328 4060 καὶ⁵
3375 4001 3545 4071 μᾶλλον
3577 3995 3667 4060 ὑπὲρ

2175 4102 2354 4156 αὐτῶν
2388 4101 2764 4167 ἀγωνίζονται.
2795 4103 2890 4155 καὶ
2915 4102 3003 4155 διὰ
3042 4101 3215 4154 ταῦτα
3259 4097 3386 4168 πρὸς
3416 4093 3521 4153 τοὺς
3553 4084 3669 4141 [Ιατέ-

2181 4208 2280 4261 ρας
2311 4192 2524 4244 ἑαυτῶν
2561 4191 2941 4261 διαμάχονται.
2972 4193 3042 4245 Ἢ
3081 4191 3199 4253 πῶς
3230 4191 3292 4242 ὲν
3310 4189 3413 4248 τοῖς
3438 4181 3670 4249 λεγομένσις

2185 4283 2531 4352 Ἐγκαινίοις.
2573 4283 2844 4350 ἀγράφοις
2892 4284 3230 4354 χρησάμενοι
3296 4277 3482 4342 λέξεσιν
3515 4271 3554 4322 al
3589 4263 3670 4330 περὶ

2186 4376 2437 4429 ’Λκάκιον
2471 4373 2562 4427 καὶ
2599 4374 2876 4440 Εὐσέϐιον,
2909 4375 3002 4427 καὶ
3045 4374 3295 4434 εἰπόντες
3344 4365 3509 4425 οὐσίας
3545 4376 3587 4411 τε
3612 4354 3673 4407 xxi

2184 4465 2486 4536 δυνάμεως,
2518 4469 2616 4521 καὶ
2658 4466 2876 4537 βουλῆς.
2905 4466 3000 4521 καὶ
3029 4466 3192 4535 δόξης
3239 4459 3603 4530 ἀπαράλλακτον
3624 4449 3673 4497 εἰ·

2185 4555 2313 4608 κόνα
2343 4555 2434 4608 τὸν
2459 4556 2800 4624 πρωτότοκον
2829 4557 2930 4625 τῆς
2971 4556 3226 4619 κτίσεως,
3257 4551 3556 4620 γογγύζουσι
3581 4538 3674 4596 καεά

490 4637 696 4707 gloriae,
729 4640 990 4698 adversus
1042 4643 1228 4699 Patres
1275 4646 1386 4715 jam
1443 4649 1883 4710 obmurmurant.
1930 4654 2071 4720 quod

2183 4647 2290 4710 τῶν
2323 4649 2601 4718 Πατὲρων,
2633 4648 2708 4710 ὼς
2736 4651 3004 4719 ἀγράφων
3035 4650 3218 4702 αὐτῶν
3272 4637 3674 4714 μνημονευσάντων

489 4732 783 4786 verborum
830 4748 952 4802 qua:
1001 4735 1054 4788 in
1091 4734 1370 4806 Scriptura
1405 4755 1516 4794 non
1571 4753 1786 4796 exstant
1837 4747 2073 4798 mentio-

490 4839 616 4878 nem
649 4825 1304 4892 fecerint,etsubstantize
1353 4848 1536 4888 vocem
1587 4838 1945 4906 usurparint?
1977 4839 2077 4892 Par

489 4913 593 4970 fuit
630 4917 774 4971 enim
814 4932 909 4974 eos
943 4929 1036 4974 aut
1083 4932 1271 4977 contra
1318 4937 1376 4978 se
1416 4925 1563 4995 ipsos
1632 4929 2071 5000 obmurmurare,

488 5015 584 5059 aut
617 5006 749 5061 nihil
785 5007 969 5064 Patres
997 5012 1296 5068 criminari.

565 5093 624 5149 Si
658 5096 822 5168 igitur
866 5101 1084 5170 quidam
1120 5104 1209 5158 alii
1259 5121 1324 5159 ex
1379 5108 1570 5178 synodi
1613 5110 1791 5167 verbis
1829 5115 2072 5170 occasio-

489 5204 615 5244 nem
659 5191 986 5261 arriperent,
1041 5197 1280 5266 suspicio
1314 5209 1458 5253 esset
1504 5215 1599 5254 eos
1651 5202 1733 5257 vel
1769 5204 2073 5274 ignorantia

490 5283 576 5338 vel
614 5284 876 5353 religione
907 5287 960 5340 id
1005 5286 1226 5357 facere;
1258 5305 1439 5359 neque
1473 5307 1602 5347 vero
1650 5294 1740 5350 hic
1765 5311 1947 5352 sermo
1974 5299 2073 5353 ha-

491 5375 650 5430 betur
688 5375 756 5430 de
810 5375 1041 5448 Georgio
1087 5379 1428 5450 Cappadoce,
1457 5383 1552 5452 qui
1605 5386 1931 5443 Alexandria
1980 5407 2071 5445 ex-

493 5477 646 5523 actus
681 5477 788 5530 est,
818 5469 935 5524 viro
985 5470 1078 5540 qui
1115 5487 1218 5526 nec
1270 5489 1334 5527 ex
1367 5476 1639 5543 praeterita
1687 5479 1809 5535 vitae
1847 5483 2070 5542 ratione

492 5561 926 5627 commendatur,
963 5578 1064 5619 nec
1105 5566 1212 5621 ullo
1255 5568 1416 5624 modo
1446 5570 1787 5629 Christianus
1813 5585 1938 5631 est:
1973 5578 2066 5634 sed

493 5661 715 5722 propter
743 5655 1226 5722 opportunitatem,
1259 5657 1552 5718 Christiani
1591 5679 1788 5721 nomen
1815 5667 2068 5725 simulate

567 5832 584 5863 ¹
624 5832 640 5886 l
685 5831 806 5890 Cor.
847 5851 960 5901 γιιι,
1000 5837 1049 5891 6.
1126 5840 1145 5869 ¹
1186 5840 1317 5896 ibid.

2185 4737 2401 4806 λέξεων,
2432 4742 2525 4793 καὶ
2555 4741 2746 4804 οὐσίας
2789 4741 3318 4812 μνημονευσάντωνς
3362 4737 3494 4791 Ἔδει
3519 4731 3600 4826 γαρ

2183 4831 2308 4891 τοὺς
2336 4831 2370 4902 ἢ
2409 4832 2529 4884 καθ’
2571 4833 2780 4886 ἑαυτῶν
2826 4833 3145 4902 γογγύζειν,
3179 4833 3213 4904 ἢ
3242 4831 3402 4902 μηδὲν
3428 4825 3534 4885 τούς
3556 4820 3676 4872 Πειςὲ-

2187 4936 2284 4987 ρας
2310 4922 2609 4978 αἰτιᾶσθαι.

2261 5121 2322 5175 Εἰ
2383 5125 2480 5193 μὲν
2513 5123 2609 5178 οὖν
2655 5124 2806 5179 ἄλλοι
2859 5128 3002 5190 τινὲς
3049 5125 3466 5200 ὲπροφασίζοντο
3496 5120 3574 5177 τὰς
3607 5109 3675 5174 τῆς

2182 5213 2402 5265 συνόδου
2458 5213 2664 5280 λέξεις,
2710 5217 2974 5279 ἡδύναντό
3023 5237 3143 5283 πως
3193 5220 3224 5288 ἢ
3263 5215 3468 5285 ἀγνοίας
3505 5209 3532 5279 ἢ
3570 5204 3678 5257 εῖιλε⁸

2181 5303 2336 5367 6είας
2375 5305 2632 5362 ὑπόνοιαν
2681 5306 2827 5377 ἔχειν
2856 5325 2868 5340 ’
2915 5311 3010 5362 καὶ
3048 5313 3178 5383 περὶ
3215 5311 3312 5381 μὲν
3362 5302 3592 5375 Γεωργίου
3614 5289 3676 5344 τεῦ

2182 5398 2551 5462 Καππάδοκος
2601 5400 2696 5453 τοῦ
2751 5401 3113 5472 ὲκϋληθὲντος
3179 5403 3287 5455 ἀπὸ
3349 5400 3442 5466 τῆς
3496 5388 3677 5450 Ἄλεξιν·

2179 5490 2361 5562 δρείαῖ
2392 5491 2546 5560 λόγος
2571 5493 2745 5556 οὐδείς
2777 5509 2792 5528 ⁸
2831 5493 3120 5566 ἀνθρώπου
3165 5497 3301 5566 μήτε
3329 5495 3385 5545 ἐκ
3421 5489 3676 5559 προάγοντῦς

2179 5582 2297 5653 βίου
2331 5583 2434 5655 τὴν
2479 5587 2785 5657 μαρτυρίαν
2821 5588 3058 5657 ἔχοντος,
3089 5592 3224 5658 μήτε
3263 5588 3397 5647 ὅλως
3425 5569 3674 5651 Χριστιανῢῦ

2178 5675 2559 5745 τυγχάνοντος,
2589 5677 2724 5734 ἀλλὰ
2753 5681 2911 5752 μόνον
2940 5679 3370 5751 ὑποκριναμένου
3405 5677 3483 5730 διὰ
3504 5673 3574 5726 τὸν
3597 5681 3674 5720 κιε-
