  <div class='ocr_page' id='page_1' title='image "/cluster/home/n/w/nwhite01/storage/ocr_20150623/130/hvd.32044019208255/240.png"; bbox 0 0 3860 6608; ppageno 0'>
   <div class='ocr_carea' id='block_1_1' title="bbox 170 474 304 536">
    <p class='ocr_par' dir='ltr' id='par_1_1' title="bbox 170 474 304 536">
     <span class='ocr_line' id='line_1_1' title="bbox 170 474 304 536; baseline 0.007 -1"><span class='ocrx_word' id='word_1_1' title='bbox 170 474 304 536; x_wconf 57' lang='lat'><strong>4&amp;5</strong></span> 
     </span>
    </p>
   </div>
   <div class='ocr_carea' id='block_1_2' title="bbox 177 606 292 675">
    <p class='ocr_par' dir='ltr' id='par_1_2' title="bbox 177 606 292 675">
     <span class='ocr_line' id='line_1_2' title="bbox 177 606 292 675; baseline 0.009 -18"><span class='ocrx_word' id='word_1_2' title='bbox 177 606 292 675; x_wconf 63' lang='grc' dir='ltr'><strong>ρον</strong></span> 
     </span>
    </p>
   </div>
   <div class='ocr_carea' id='block_1_3' title="bbox 168 697 1778 768">
    <p class='ocr_par' dir='ltr' id='par_1_3' title="bbox 168 697 1778 768">
     <span class='ocr_line' id='line_1_3' title="bbox 168 697 1778 768; baseline 0.003 -21"><span class='ocrx_word' id='word_1_3' title='bbox 168 697 520 751; x_wconf 75' lang='grc' dir='ltr'>εὐσέϐειανο</span> <span class='ocrx_word' id='word_1_4' title='bbox 554 697 636 751; x_wconf 76' lang='grc' dir='ltr'>διὸ</span> <span class='ocrx_word' id='word_1_5' title='bbox 667 697 784 751; x_wconf 83' lang='grc' dir='ltr'>οὐδὲ</span> <span class='ocrx_word' id='word_1_6' title='bbox 821 697 1089 768; x_wconf 62' lang='grc' dir='ltr'>μέμψαιτο</span> <span class='ocrx_word' id='word_1_7' title='bbox 1127 700 1190 752; x_wconf 85' lang='grc' dir='ltr'><strong>ἅν</strong></span> <span class='ocrx_word' id='word_1_8' title='bbox 1219 716 1302 761; x_wconf 90' lang='grc' dir='ltr'><strong>τις</strong></span> <span class='ocrx_word' id='word_1_9' title='bbox 1337 698 1499 751; x_wconf 75' lang='grc' dir='ltr'>αὐτὸν</span> <span class='ocrx_word' id='word_1_10' title='bbox 1535 700 1778 763; x_wconf 80' lang='grc' dir='ltr'><strong>εἰκότως,</strong></span> 
     </span>
    </p>
   </div>
   <div class='ocr_carea' id='block_1_4' title="bbox 175 789 1779 862">
    <p class='ocr_par' dir='ltr' id='par_1_4' title="bbox 175 789 1779 862">
     <span class='ocr_line' id='line_1_4' title="bbox 175 789 1779 862; baseline 0.002 -21"><span class='ocrx_word' id='word_1_11' title='bbox 175 790 469 843; x_wconf 81' lang='grc' dir='ltr'>πταίοντα</span> <span class='ocrx_word' id='word_1_12' title='bbox 490 792 615 860; x_wconf 75' lang='grc' dir='ltr'>περὶ</span> <span class='ocrx_word' id='word_1_13' title='bbox 637 790 734 861; x_wconf 84' lang='grc' dir='ltr'><strong>τὴν</strong></span> <span class='ocrx_word' id='word_1_14' title='bbox 758 789 956 854; x_wconf 86' lang='grc' dir='ltr'>πίστιν,</span> <span class='ocrx_word' id='word_1_15' title='bbox 981 790 1260 861; x_wconf 79' lang='grc' dir='ltr'>ἄνθρωπον</span> <span class='ocrx_word' id='word_1_16' title='bbox 1287 791 1421 862; x_wconf 78' lang='grc' dir='ltr'>μήτε</span> <span class='ocrx_word' id='word_1_17' title='bbox 1449 791 1622 844; x_wconf 79' lang='grc' dir='ltr'>εἰδότα</span> <span class='ocrx_word' id='word_1_18' title='bbox 1652 793 1779 862; x_wconf 79' lang='grc' dir='ltr'><strong>περί</strong></span> 
     </span>
    </p>
   </div>
   <div class='ocr_carea' id='block_1_5' title="bbox 171 875 1771 954">
    <p class='ocr_par' dir='ltr' id='par_1_5' title="bbox 171 875 1771 954">
     <span class='ocr_line' id='line_1_5' title="bbox 171 875 1771 954; baseline 0.001 -20"><span class='ocrx_word' id='word_1_19' title='bbox 171 875 260 934; x_wconf 83' lang='grc' dir='ltr'>ὧν</span> <span class='ocrx_word' id='word_1_20' title='bbox 295 881 474 951; x_wconf 78' lang='grc' dir='ltr'>λέγει,</span> <span class='ocrx_word' id='word_1_21' title='bbox 512 884 648 954; x_wconf 78' lang='grc' dir='ltr'>μήτε</span> <span class='ocrx_word' id='word_1_22' title='bbox 681 883 806 954; x_wconf 74' lang='grc' dir='ltr'>περὶ</span> <span class='ocrx_word' id='word_1_23' title='bbox 837 876 909 935; x_wconf 85' lang='grc' dir='ltr'>ὧν</span> <span class='ocrx_word' id='word_1_24' title='bbox 963 882 1384 944; x_wconf 76' lang='grc' dir='ltr'>διαϐεϐαιοῦται,</span> <span class='ocrx_word' id='word_1_25' title='bbox 1441 883 1573 937; x_wconf 69' lang='grc' dir='ltr'>ἀλλὰ</span> <span class='ocrx_word' id='word_1_26' title='bbox 1620 887 1771 947; x_wconf 78' lang='grc' dir='ltr'>πᾶσι,</span> 
     </span>
    </p>
   </div>
   <div class='ocr_carea' id='block_1_6' title="bbox 177 969 1774 1048">
    <p class='ocr_par' dir='ltr' id='par_1_6' title="bbox 177 969 1774 1045">
     <span class='ocr_line' id='line_1_6' title="bbox 177 969 1774 1045; baseline 0.001 -19"><span class='ocrx_word' id='word_1_27' title='bbox 177 973 344 1027; x_wconf 74' lang='grc' dir='ltr'>κατὰ</span> <span class='ocrx_word' id='word_1_28' title='bbox 389 975 450 1028; x_wconf 86' lang='grc' dir='ltr'><strong>τὸ</strong></span> <span class='ocrx_word' id='word_1_29' title='bbox 485 974 885 1045; x_wconf 73' lang='grc' dir='ltr'><strong>γεγραμμένον,</strong></span> <span class='ocrx_word' id='word_1_30' title='bbox 943 975 1018 1037; x_wconf 82' lang='grc' dir='ltr'>ὡς</span> <span class='ocrx_word' id='word_1_31' title='bbox 1059 975 1263 1044; x_wconf 69' lang='grc' dir='ltr'>κέπφον</span> <span class='ocrx_word' id='word_1_32' title='bbox 1478 969 1774 1028; x_wconf 82' lang='grc' dir='ltr'>ἐπακολου-</span> 
     </span>
    </p>
   </div>
   <div class='ocr_carea' id='block_1_7' title="bbox 180 1065 1774 1135">
    <p class='ocr_par' dir='ltr' id='par_1_7' title="bbox 180 1065 1774 1135">
     <span class='ocr_line' id='line_1_7' title="bbox 180 1065 1774 1135; baseline 0.001 -18"><span class='ocrx_word' id='word_1_33' title='bbox 180 1065 401 1120; x_wconf 78' lang='grc' dir='ltr'>Θοῦντα</span> <span class='ocrx_word' id='word_1_34' title='bbox 425 1084 437 1095; x_wconf 77' lang='grc'><em>”</em></span> <span class='ocrx_word' id='word_1_35' title='bbox 477 1066 726 1130; x_wconf 78' lang='grc' dir='ltr'>’ᾼκάκιος</span> <span class='ocrx_word' id='word_1_36' title='bbox 753 1065 808 1118; x_wconf 83' lang='grc' dir='ltr'>δὲ</span> <span class='ocrx_word' id='word_1_37' title='bbox 843 1067 934 1119; x_wconf 71' lang='grc' dir='ltr'>καὶ</span> <span class='ocrx_word' id='word_1_38' title='bbox 969 1066 1214 1132; x_wconf 79' lang='grc' dir='ltr'>Εὐδόξιος</span> <span class='ocrx_word' id='word_1_39' title='bbox 1239 1105 1253 1126; x_wconf 87' lang='grc'><strong>,</strong></span> <span class='ocrx_word' id='word_1_40' title='bbox 1291 1067 1383 1119; x_wconf 72' lang='grc' dir='ltr'><strong>καὶ</strong></span> <span class='ocrx_word' id='word_1_41' title='bbox 1416 1066 1774 1135; x_wconf 76' lang='grc' dir='ltr'>Πατρόφιλος,</span> 
     </span>
    </p>
   </div>
   <div class='ocr_carea' id='block_1_8' title="bbox 177 1156 1776 1228">
    <p class='ocr_par' dir='ltr' id='par_1_8' title="bbox 177 1156 1776 1228">
     <span class='ocr_line' id='line_1_8' title="bbox 177 1156 1776 1228; baseline 0.001 -19"><span class='ocrx_word' id='word_1_42' title='bbox 177 1156 376 1210; x_wconf 75' lang='grc' dir='ltr'>ταῦτα</span> <span class='ocrx_word' id='word_1_43' title='bbox 401 1157 670 1226; x_wconf 79' lang='grc' dir='ltr'>λέγοντες,</span> <span class='ocrx_word' id='word_1_44' title='bbox 702 1156 818 1220; x_wconf 84' lang='grc' dir='ltr'><strong>πῶς</strong></span> <span class='ocrx_word' id='word_1_45' title='bbox 846 1158 945 1210; x_wconf 86' lang='grc' dir='ltr'><strong>οὐκ</strong></span> <span class='ocrx_word' id='word_1_46' title='bbox 972 1157 1110 1223; x_wconf 81' lang='grc' dir='ltr'>ἄξιοι</span> <span class='ocrx_word' id='word_1_47' title='bbox 1136 1158 1313 1228; x_wconf 91' lang='grc' dir='ltr'>πάσης</span> <span class='ocrx_word' id='word_1_48' title='bbox 1343 1158 1448 1210; x_wconf 77' lang='grc' dir='ltr'>εἰσὶ</span> <span class='ocrx_word' id='word_1_49' title='bbox 1490 1158 1776 1226; x_wconf 86' lang='grc' dir='ltr'>καταγνώ-</span> 
     </span>
    </p>
   </div>
   <div class='ocr_carea' id='block_1_9' title="bbox 183 1241 1772 1313">
    <p class='ocr_par' dir='ltr' id='par_1_9' title="bbox 183 1241 1772 1313">
     <span class='ocr_line' id='line_1_9' title="bbox 183 1241 1772 1313; baseline 0.001 -21"><span class='ocrx_word' id='word_1_50' title='bbox 183 1257 379 1305; x_wconf 84' lang='grc' dir='ltr'>σεως;</span> <span class='ocrx_word' id='word_1_51' title='bbox 413 1242 718 1313; x_wconf 81' lang='grc' dir='ltr'>Γρὰφοντες</span> <span class='ocrx_word' id='word_1_52' title='bbox 899 1241 1006 1311; x_wconf 83' lang='grc' dir='ltr'>γὰρ</span> <span class='ocrx_word' id='word_1_53' title='bbox 1043 1241 1264 1311; x_wconf 68' lang='grc' dir='ltr'>ἄγραφα</span> <span class='ocrx_word' id='word_1_54' title='bbox 1305 1242 1398 1294; x_wconf 80' lang='grc' dir='ltr'>καὶ</span> <span class='ocrx_word' id='word_1_55' title='bbox 1445 1241 1634 1306; x_wconf 82' lang='grc' dir='ltr'>αὐτοὶ,</span> <span class='ocrx_word' id='word_1_56' title='bbox 1678 1243 1772 1296; x_wconf 74' lang='grc' dir='ltr'><strong>καὶ</strong></span> 
     </span>
    </p>
   </div>
   <div class='ocr_carea' id='block_1_10' title="bbox 179 1331 1770 1406">
    <p class='ocr_par' dir='ltr' id='par_1_10' title="bbox 179 1331 1770 1406">
     <span class='ocr_line' id='line_1_10' title="bbox 179 1331 1770 1406; baseline 0.002 -21"><span class='ocrx_word' id='word_1_57' title='bbox 179 1333 598 1403; x_wconf 77' lang='grc' dir='ltr'><strong>ἀποδεξάμενοι</strong></span> <span class='ocrx_word' id='word_1_58' title='bbox 624 1333 880 1397; x_wconf 84' lang='grc' dir='ltr'><strong>πολλάκις</strong></span> <span class='ocrx_word' id='word_1_59' title='bbox 899 1334 974 1398; x_wconf 84' lang='grc' dir='ltr'><strong>ὡς</strong></span> <span class='ocrx_word' id='word_1_60' title='bbox 995 1333 1158 1386; x_wconf 79' lang='grc' dir='ltr'>καλὸν</span> <span class='ocrx_word' id='word_1_61' title='bbox 1183 1331 1242 1385; x_wconf 78' lang='grc' dir='ltr'><strong>τὸ</strong></span> <span class='ocrx_word' id='word_1_62' title='bbox 1257 1334 1353 1404; x_wconf 80' lang='grc' dir='ltr'>τῆς</span> <span class='ocrx_word' id='word_1_63' title='bbox 1376 1333 1568 1398; x_wconf 90' lang='grc' dir='ltr'>οὐσίας</span> <span class='ocrx_word' id='word_1_64' title='bbox 1582 1334 1770 1406; x_wconf 75' lang='grc' dir='ltr'>ὄνομα,</span> 
     </span>
    </p>
   </div>
   <div class='ocr_carea' id='block_1_11' title="bbox 186 1410 1768 1494">
    <p class='ocr_par' dir='ltr' id='par_1_11' title="bbox 186 1410 1768 1494">
     <span class='ocr_line' id='line_1_11' title="bbox 186 1410 1768 1494; baseline 0.004 -24"><span class='ocrx_word' id='word_1_65' title='bbox 186 1419 444 1488; x_wconf 74' lang='grc' dir='ltr'>μάλιστα</span> <span class='ocrx_word' id='word_1_66' title='bbox 479 1422 571 1472; x_wconf 71' lang='grc' dir='ltr'><strong>καὶ</strong></span> <span class='ocrx_word' id='word_1_67' title='bbox 601 1410 688 1473; x_wconf 77' lang='grc' dir='ltr'>διὰ</span> <span class='ocrx_word' id='word_1_68' title='bbox 716 1422 813 1492; x_wconf 84' lang='grc' dir='ltr'><strong>τὴν</strong></span> <span class='ocrx_word' id='word_1_69' title='bbox 840 1423 1125 1494; x_wconf 76' lang='grc' dir='ltr'>ἐπιστολὴν</span> <span class='ocrx_word' id='word_1_70' title='bbox 1155 1423 1411 1476; x_wconf 78' lang='grc' dir='ltr'>Εὐσεϐίου</span> <span class='ocrx_word' id='word_1_71' title='bbox 1433 1465 1447 1491; x_wconf 90' lang='grc'><strong>,</strong></span> <span class='ocrx_word' id='word_1_72' title='bbox 1487 1425 1768 1479; x_wconf 84' lang='grc' dir='ltr'><strong>αἰτιῶνται</strong></span> 
     </span>
    </p>
   </div>
   <div class='ocr_carea' id='block_1_12' title="bbox 183 1509 1770 1588">
    <p class='ocr_par' dir='ltr' id='par_1_12' title="bbox 183 1509 1770 1588">
     <span class='ocr_line' id='line_1_12' title="bbox 183 1509 1770 1588; baseline 0.006 -27"><span class='ocrx_word' id='word_1_73' title='bbox 183 1509 288 1561; x_wconf 72' lang='grc' dir='ltr'>νῦν</span> <span class='ocrx_word' id='word_1_74' title='bbox 323 1513 454 1574; x_wconf 77' lang='grc' dir='ltr'>τοὺς</span> <span class='ocrx_word' id='word_1_75' title='bbox 483 1512 586 1582; x_wconf 81' lang='grc' dir='ltr'><strong>πρὸ</strong></span> <span class='ocrx_word' id='word_1_76' title='bbox 615 1512 812 1575; x_wconf 78' lang='grc' dir='ltr'>αὐτῶν,</span> <span class='ocrx_word' id='word_1_77' title='bbox 851 1513 925 1576; x_wconf 84' lang='grc' dir='ltr'>ὡς</span> <span class='ocrx_word' id='word_1_78' title='bbox 958 1515 1233 1578; x_wconf 76' lang='grc' dir='ltr'><strong>τοιαύταις</strong></span> <span class='ocrx_word' id='word_1_79' title='bbox 1269 1515 1648 1588; x_wconf 80' lang='grc' dir='ltr'>χρησαμένους</span> <span class='ocrx_word' id='word_1_80' title='bbox 1681 1517 1770 1570; x_wconf 86' lang='grc' dir='ltr'><strong>λέ-</strong></span> 
     </span>
    </p>
   </div>
   <div class='ocr_carea' id='block_1_13' title="bbox 185 1602 1772 1669">
    <p class='ocr_par' dir='ltr' id='par_1_13' title="bbox 185 1602 1772 1669">
     <span class='ocr_line' id='line_1_13' title="bbox 185 1602 1772 1669; baseline 0.005 -17"><span class='ocrx_word' id='word_1_81' title='bbox 185 1604 368 1663; x_wconf 82' lang='grc' dir='ltr'>ξεσιν.</span> <span class='ocrx_word' id='word_1_82' title='bbox 422 1602 580 1654; x_wconf 79' lang='grc' dir='ltr'>Ἀλλά</span> <span class='ocrx_word' id='word_1_83' title='bbox 613 1606 705 1655; x_wconf 74' lang='grc' dir='ltr'><strong>καὶ</strong></span> <span class='ocrx_word' id='word_1_84' title='bbox 737 1604 978 1667; x_wconf 79' lang='grc' dir='ltr'>εἰπόντες</span> <span class='ocrx_word' id='word_1_85' title='bbox 1023 1605 1176 1658; x_wconf 75' lang='grc' dir='ltr'>αὐτοὶ</span> <span class='ocrx_word' id='word_1_86' title='bbox 1209 1604 1342 1659; x_wconf 86' lang='grc' dir='ltr'>Θεὸν</span> <span class='ocrx_word' id='word_1_87' title='bbox 1373 1607 1438 1660; x_wconf 83' lang='grc' dir='ltr'>ὲκ</span> <span class='ocrx_word' id='word_1_88' title='bbox 1480 1606 1612 1660; x_wconf 79' lang='grc' dir='ltr'>Θεοῦ</span> <span class='ocrx_word' id='word_1_89' title='bbox 1632 1646 1646 1669; x_wconf 90' lang='grc'><strong>,</strong></span> <span class='ocrx_word' id='word_1_90' title='bbox 1679 1607 1772 1660; x_wconf 69' lang='grc' dir='ltr'><strong>καὶ</strong></span> 
     </span>
    </p>
   </div>
   <div class='ocr_carea' id='block_1_14' title="bbox 184 1693 1774 1769">
    <p class='ocr_par' dir='ltr' id='par_1_14' title="bbox 184 1693 1774 1769">
     <span class='ocr_line' id='line_1_14' title="bbox 184 1693 1774 1769; baseline 0.005 -25"><span class='ocrx_word' id='word_1_91' title='bbox 184 1693 371 1762; x_wconf 85' lang='grc' dir='ltr'>Λόγον</span> <span class='ocrx_word' id='word_1_92' title='bbox 405 1695 604 1758; x_wconf 79' lang='grc' dir='ltr'>ζῶντα,</span> <span class='ocrx_word' id='word_1_93' title='bbox 664 1695 762 1765; x_wconf 79' lang='grc' dir='ltr'><strong>τῆς</strong></span> <span class='ocrx_word' id='word_1_94' title='bbox 816 1696 1003 1759; x_wconf 89' lang='grc' dir='ltr'>οὐσίας</span> <span class='ocrx_word' id='word_1_95' title='bbox 1057 1697 1149 1750; x_wconf 77' lang='grc' dir='ltr'><strong>τού</strong></span> <span class='ocrx_word' id='word_1_96' title='bbox 1206 1699 1418 1769; x_wconf 85' lang='grc' dir='ltr'>Πατρὸς</span> <span class='ocrx_word' id='word_1_97' title='bbox 1468 1699 1774 1768; x_wconf 87' lang='grc' dir='ltr'>ἀπαράλλα-</span> 
     </span>
    </p>
   </div>
   <div class='ocr_carea' id='block_1_15' title="bbox 187 1786 1772 1862">
    <p class='ocr_par' dir='ltr' id='par_1_15' title="bbox 187 1786 1772 1862">
     <span class='ocr_line' id='line_1_15' title="bbox 187 1786 1772 1862; baseline 0.003 -24"><span class='ocrx_word' id='word_1_98' title='bbox 187 1802 325 1838; x_wconf 86' lang='grc' dir='ltr'>κτον</span> <span class='ocrx_word' id='word_1_99' title='bbox 486 1786 668 1840; x_wconf 77' lang='grc' dir='ltr'>εἰκόνα</span> <span class='ocrx_word' id='word_1_100' title='bbox 687 1787 776 1840; x_wconf 81' lang='grc' dir='ltr'><strong>τὸν</strong></span> <span class='ocrx_word' id='word_1_101' title='bbox 797 1786 943 1853; x_wconf 85' lang='grc' dir='ltr'>Υἰόν,</span> <span class='ocrx_word' id='word_1_102' title='bbox 964 1788 1326 1859; x_wconf 78' lang='grc' dir='ltr'>κατηγοροῦσι</span> <span class='ocrx_word' id='word_1_103' title='bbox 1348 1789 1454 1843; x_wconf 87' lang='grc' dir='ltr'><strong>τῶν</strong></span> <span class='ocrx_word' id='word_1_104' title='bbox 1485 1792 1541 1843; x_wconf 81' lang='grc' dir='ltr'>ὲν</span> <span class='ocrx_word' id='word_1_105' title='bbox 1570 1791 1772 1862; x_wconf 77' lang='grc' dir='ltr'>Νικαίᾳ</span> 
     </span>
    </p>
   </div>
   <div class='ocr_carea' id='block_1_16' title="bbox 186 1878 1770 1952">
    <p class='ocr_par' dir='ltr' id='par_1_16' title="bbox 186 1878 1770 1952">
     <span class='ocr_line' id='line_1_16' title="bbox 186 1878 1770 1952; baseline 0.003 -22"><span class='ocrx_word' id='word_1_106' title='bbox 186 1878 463 1930; x_wconf 70' lang='grc' dir='ltr'>εἰπόντων</span> <span class='ocrx_word' id='word_1_107' title='bbox 501 1919 515 1940; x_wconf 93' lang='grc'><strong>,</strong></span> <span class='ocrx_word' id='word_1_108' title='bbox 658 1880 722 1930; x_wconf 84' lang='grc' dir='ltr'>ὲκ</span> <span class='ocrx_word' id='word_1_109' title='bbox 748 1878 847 1948; x_wconf 74' lang='grc' dir='ltr'>τῆς</span> <span class='ocrx_word' id='word_1_110' title='bbox 869 1880 1072 1943; x_wconf 80' lang='grc' dir='ltr'>οὐσίας,</span> <span class='ocrx_word' id='word_1_111' title='bbox 1098 1882 1190 1933; x_wconf 77' lang='grc' dir='ltr'><strong>καὶ</strong></span> <span class='ocrx_word' id='word_1_112' title='bbox 1218 1880 1498 1951; x_wconf 84' lang='grc' dir='ltr'>ὁμοούσιον</span> <span class='ocrx_word' id='word_1_113' title='bbox 1533 1883 1622 1935; x_wconf 81' lang='grc' dir='ltr'><strong>τὸν</strong></span> <span class='ocrx_word' id='word_1_114' title='bbox 1653 1899 1770 1952; x_wconf 59' lang='grc' dir='ltr'>γενέ</span> 
     </span>
    </p>
   </div>
   <div class='ocr_carea' id='block_1_17' title="bbox 1157 476 2477 541">
    <p class='ocr_par' dir='ltr' id='par_1_17' title="bbox 1157 476 2477 541">
     <span class='ocr_line' id='line_1_17' title="bbox 1157 476 2477 541; baseline -0.001 -2"><span class='ocrx_word' id='word_1_115' title='bbox 1157 479 1532 541; x_wconf 77' lang='lat' dir='ltr'><strong>PANOPLIA</strong></span> <span class='ocrx_word' id='word_1_116' title='bbox 1570 477 2032 540; x_wconf 60' lang='lat' dir='ltr'><strong>DOGSIATICA.</strong></span> <span class='ocrx_word' id='word_1_117' title='bbox 2073 499 2140 510; x_wconf 83' lang='grc'><strong>··-</strong></span> <span class='ocrx_word' id='word_1_118' title='bbox 2177 476 2327 535; x_wconf 75' lang='lat' dir='ltr'><strong>TlT.</strong></span> <span class='ocrx_word' id='word_1_119' title='bbox 2371 476 2477 538; x_wconf 84' lang='grc' dir='ltr'><strong>Χῐ.</strong></span> 
     </span>
    </p>
   </div>
   <div class='ocr_carea' id='block_1_18' title="bbox 489 604 1765 678">
    <p class='ocr_par' dir='ltr' id='par_1_18' title="bbox 489 604 1765 678">
     <span class='ocr_line' id='line_1_18' title="bbox 489 604 1765 678; baseline 0.001 -20"><span class='ocrx_word' id='word_1_120' title='bbox 489 604 549 658; x_wconf 83' lang='grc' dir='ltr'><strong>τὸ</strong></span> <span class='ocrx_word' id='word_1_121' title='bbox 591 605 760 675; x_wconf 76' lang='grc' dir='ltr'>ὄνομα</span> <span class='ocrx_word' id='word_1_122' title='bbox 788 645 800 669; x_wconf 91' lang='grc'><strong>,</strong></span> <span class='ocrx_word' id='word_1_123' title='bbox 851 606 940 658; x_wconf 75' lang='grc' dir='ltr'><strong>καὶ</strong></span> <span class='ocrx_word' id='word_1_124' title='bbox 986 605 1248 676; x_wconf 67' lang='grc' dir='ltr'>πορισμὸν</span> <span class='ocrx_word' id='word_1_125' title='bbox 1305 607 1652 677; x_wconf 71' lang='grc' dir='ltr'>ἡγησαμένου</span> <span class='ocrx_word' id='word_1_126' title='bbox 1685 607 1765 678; x_wconf 59' lang='lat' dir='ltr'><strong>rip</strong></span> 
     </span>
    </p>
   </div>
   <div class='ocr_carea' id='block_1_19' title="bbox 1864 604 3446 678">
    <p class='ocr_par' dir='ltr' id='par_1_19' title="bbox 1883 604 3446 676">
     <span class='ocr_line' id='line_1_19' title="bbox 1883 604 3446 676; baseline -0.001 -16"><span class='ocrx_word' id='word_1_127' title='bbox 1883 604 2134 676; x_wconf 76' lang='lat' dir='ltr'><strong>sumpsit,</strong></span> <span class='ocrx_word' id='word_1_128' title='bbox 2175 616 2225 660; x_wconf 88' lang='lat' dir='ltr'><strong>et</strong></span> <span class='ocrx_word' id='word_1_129' title='bbox 2250 606 2498 675; x_wconf 89' lang='lat' dir='ltr'><strong>pietatem</strong></span> <span class='ocrx_word' id='word_1_130' title='bbox 2527 614 2765 675; x_wconf 75' lang='lat' dir='ltr'><strong>quaestus</strong></span> <span class='ocrx_word' id='word_1_131' title='bbox 2810 605 2925 660; x_wconf 93' lang='lat' dir='ltr'><strong>loco</strong></span> <span class='ocrx_word' id='word_1_132' title='bbox 2954 604 3162 660; x_wconf 77' lang='lat' dir='ltr'><strong>habuit.</strong></span> <span class='ocrx_word' id='word_1_133' title='bbox 3195 605 3446 675; x_wconf 82' lang='lat' dir='ltr'><strong>Quapro-</strong></span> 
     </span>
    </p>
   </div>
   <div class='ocr_carea' id='block_1_20' title="bbox 1881 697 3450 768">
    <p class='ocr_par' dir='ltr' id='par_1_20' title="bbox 1881 697 3450 768">
     <span class='ocr_line' id='line_1_20' title="bbox 1881 697 3450 768; baseline -0.001 -14"><span class='ocrx_word' id='word_1_134' title='bbox 1881 709 2000 768; x_wconf 90' lang='lat' dir='ltr'><strong>pter</strong></span> <span class='ocrx_word' id='word_1_135' title='bbox 2030 713 2188 752; x_wconf 81' lang='lat' dir='ltr'><strong>nemo</strong></span> <span class='ocrx_word' id='word_1_136' title='bbox 2217 713 2339 752; x_wconf 87' lang='lat' dir='ltr'><strong>eum</strong></span> <span class='ocrx_word' id='word_1_137' title='bbox 2369 698 2492 767; x_wconf 87' lang='lat' dir='ltr'><strong>jure</strong></span> <span class='ocrx_word' id='word_1_138' title='bbox 2513 698 2773 768; x_wconf 78' lang='lat' dir='ltr'><strong>arguerit,</strong></span> <span class='ocrx_word' id='word_1_139' title='bbox 2810 698 2952 766; x_wconf 87' lang='lat' dir='ltr'><strong>quod</strong></span> <span class='ocrx_word' id='word_1_140' title='bbox 2987 697 3130 751; x_wconf 87' lang='lat' dir='ltr'><strong>circa</strong></span> <span class='ocrx_word' id='word_1_141' title='bbox 3177 698 3333 752; x_wconf 84' lang='lat' dir='ltr'><strong>[idem</strong></span> <span class='ocrx_word' id='word_1_142' title='bbox 3373 701 3450 753; x_wconf 80' lang='lat' dir='ltr'><strong>la-</strong></span> 
     </span>
    </p>
   </div>
   <div class='ocr_carea' id='block_1_21' title="bbox 1882 789 3448 858">
    <p class='ocr_par' dir='ltr' id='par_1_21' title="bbox 1882 789 3448 858">
     <span class='ocr_line' id='line_1_21' title="bbox 1882 789 3448 858; baseline -0.001 -14"><span class='ocrx_word' id='word_1_143' title='bbox 1882 791 2060 852; x_wconf 91' lang='lat' dir='ltr'><strong>batur,</strong></span> <span class='ocrx_word' id='word_1_144' title='bbox 2095 791 2390 852; x_wconf 90' lang='lat' dir='ltr'><strong>hominem,</strong></span> <span class='ocrx_word' id='word_1_145' title='bbox 2416 789 2507 858; x_wconf 87' lang='lat' dir='ltr'><strong>qui</strong></span> <span class='ocrx_word' id='word_1_146' title='bbox 2540 804 2712 858; x_wconf 90' lang='lat' dir='ltr'><strong>neque</strong></span> <span class='ocrx_word' id='word_1_147' title='bbox 2741 790 2888 842; x_wconf 84' lang='lat' dir='ltr'><strong>novit</strong></span> <span class='ocrx_word' id='word_1_148' title='bbox 2910 805 3033 858; x_wconf 73' lang='lat' dir='ltr'><strong>qua:</strong></span> <span class='ocrx_word' id='word_1_149' title='bbox 3065 790 3221 855; x_wconf 83' lang='lat' dir='ltr'><strong>dicit,</strong></span> <span class='ocrx_word' id='word_1_150' title='bbox 3258 804 3358 844; x_wconf 87' lang='lat' dir='ltr'><strong>nec</strong></span> <span class='ocrx_word' id='word_1_151' title='bbox 3383 789 3448 843; x_wconf 90' lang='lat' dir='ltr'><strong>de</strong></span> 
     </span>
    </p>
   </div>
   <div class='ocr_carea' id='block_1_22' title="bbox 1881 879 3444 950">
    <p class='ocr_par' dir='ltr' id='par_1_22' title="bbox 1881 879 3444 950">
     <span class='ocr_line' id='line_1_22' title="bbox 1881 879 3444 950; baseline 0 -19"><span class='ocrx_word' id='word_1_152' title='bbox 1881 881 2079 950; x_wconf 82' lang='lat' dir='ltr'><strong>quibus</strong></span> <span class='ocrx_word' id='word_1_153' title='bbox 2137 879 2390 945; x_wconf 82' lang='lat' dir='ltr'><strong>atﬁrmat,</strong></span> <span class='ocrx_word' id='word_1_154' title='bbox 2429 879 2519 934; x_wconf 88' lang='lat' dir='ltr'><strong>sed</strong></span> <span class='ocrx_word' id='word_1_155' title='bbox 2570 893 2780 942; x_wconf 89' lang='lat' dir='ltr'><strong>omnes,</strong></span> <span class='ocrx_word' id='word_1_156' title='bbox 2841 879 2919 933; x_wconf 88' lang='lat' dir='ltr'><strong>uti</strong></span> <span class='ocrx_word' id='word_1_157' title='bbox 2971 879 3234 948; x_wconf 89' lang='lat' dir='ltr'><strong>scriptum</strong></span> <span class='ocrx_word' id='word_1_158' title='bbox 3265 887 3352 934; x_wconf 85' lang='lat' dir='ltr'><strong>est</strong></span> <span class='ocrx_word' id='word_1_159' title='bbox 3395 882 3444 944; x_wconf 74' lang='lat'><strong>‘,</strong></span> 
     </span>
    </p>
   </div>
   <div class='ocr_carea' id='block_1_23' title="bbox 1880 970 3446 1041">
    <p class='ocr_par' dir='ltr' id='par_1_23' title="bbox 1880 970 3446 1041">
     <span class='ocr_line' id='line_1_23' title="bbox 1880 970 3446 1041; baseline -0.003 -13"><span class='ocrx_word' id='word_1_160' title='bbox 1880 975 2049 1028; x_wconf 88' lang='lat' dir='ltr'><strong>veluti</strong></span> <span class='ocrx_word' id='word_1_161' title='bbox 2079 974 2227 1028; x_wconf 90' lang='lat' dir='ltr'><strong>larus</strong></span> <span class='ocrx_word' id='word_1_162' title='bbox 2249 971 2573 1041; x_wconf 84' lang='lat' dir='ltr'><strong>insequitur.</strong></span> <span class='ocrx_word' id='word_1_163' title='bbox 2609 971 2745 1024; x_wconf 90' lang='lat' dir='ltr'><strong>Cum</strong></span> <span class='ocrx_word' id='word_1_164' title='bbox 2772 979 2950 1025; x_wconf 92' lang='lat' dir='ltr'><strong>autem</strong></span> <span class='ocrx_word' id='word_1_165' title='bbox 2975 972 3227 1038; x_wconf 84' lang='lat' dir='ltr'><strong>Aeacius,</strong></span> <span class='ocrx_word' id='word_1_166' title='bbox 3261 970 3446 1024; x_wconf 86' lang='lat' dir='ltr'><strong>Eudo-</strong></span> 
     </span>
    </p>
   </div>
   <div class='ocr_carea' id='block_1_24' title="bbox 1882 1063 3442 1134">
    <p class='ocr_par' dir='ltr' id='par_1_24' title="bbox 1882 1063 3442 1134">
     <span class='ocr_line' id='line_1_24' title="bbox 1882 1063 3442 1134; baseline -0.004 -14"><span class='ocrx_word' id='word_1_167' title='bbox 1882 1067 2005 1122; x_wconf 80' lang='lat' dir='ltr'><strong>xius</strong></span> <span class='ocrx_word' id='word_1_168' title='bbox 2031 1075 2085 1120; x_wconf 89' lang='lat' dir='ltr'><strong>et</strong></span> <span class='ocrx_word' id='word_1_169' title='bbox 2114 1063 2460 1134; x_wconf 90' lang='lat' dir='ltr'><strong>Patrophilus</strong></span> <span class='ocrx_word' id='word_1_170' title='bbox 2492 1064 2605 1117; x_wconf 85' lang='lat' dir='ltr'><strong>haec</strong></span> <span class='ocrx_word' id='word_1_171' title='bbox 2630 1063 2832 1128; x_wconf 85' lang='lat' dir='ltr'><strong>dicant,</strong></span> <span class='ocrx_word' id='word_1_172' title='bbox 2866 1064 3140 1132; x_wconf 90' lang='lat' dir='ltr'><strong>quomodo</strong></span> <span class='ocrx_word' id='word_1_173' title='bbox 3169 1078 3275 1116; x_wconf 90' lang='lat' dir='ltr'><strong>non</strong></span> <span class='ocrx_word' id='word_1_174' title='bbox 3297 1063 3442 1117; x_wconf 91' lang='lat' dir='ltr'><strong>omni</strong></span> 
     </span>
    </p>
   </div>
   <div class='ocr_carea' id='block_1_25' title="bbox 1877 1153 3441 1226">
    <p class='ocr_par' dir='ltr' id='par_1_25' title="bbox 1877 1153 3441 1226">
     <span class='ocr_line' id='line_1_25' title="bbox 1877 1153 3441 1226; baseline -0.004 -13"><span class='ocrx_word' id='word_1_175' title='bbox 1877 1158 2225 1213; x_wconf 85' lang='lat' dir='ltr'><strong>damnatione</strong></span> <span class='ocrx_word' id='word_1_176' title='bbox 2258 1157 2407 1226; x_wconf 86' lang='lat' dir='ltr'><strong>digni</strong></span> <span class='ocrx_word' id='word_1_177' title='bbox 2440 1157 2604 1212; x_wconf 86' lang='lat' dir='ltr'><strong>sunt?</strong></span> <span class='ocrx_word' id='word_1_178' title='bbox 2630 1155 2787 1220; x_wconf 84' lang='lat' dir='ltr'><strong>Nam,</strong></span> <span class='ocrx_word' id='word_1_179' title='bbox 2817 1170 2940 1210; x_wconf 89' lang='lat' dir='ltr'><strong>cum</strong></span> <span class='ocrx_word' id='word_1_180' title='bbox 2985 1153 3088 1224; x_wconf 86' lang='lat' dir='ltr'><strong>ipsi</strong></span> <span class='ocrx_word' id='word_1_181' title='bbox 3138 1168 3354 1223; x_wconf 75' lang='lat' dir='ltr'><strong>quoque</strong></span> <span class='ocrx_word' id='word_1_182' title='bbox 3379 1167 3441 1207; x_wconf 85' lang='lat' dir='ltr'><strong>ea</strong></span> 
     </span>
    </p>
   </div>
   <div class='ocr_carea' id='block_1_26' title="bbox 1870 1237 3438 1310">
    <p class='ocr_par' dir='ltr' id='par_1_26' title="bbox 1870 1237 3438 1310">
     <span class='ocr_line' id='line_1_26' title="bbox 1870 1237 3438 1310; baseline 0.004 -20"><span class='ocrx_word' id='word_1_183' title='bbox 1870 1239 2186 1304; x_wconf 73' lang='lat' dir='ltr'><strong>scripserint</strong></span> <span class='ocrx_word' id='word_1_184' title='bbox 2221 1253 2340 1304; x_wconf 76' lang='lat' dir='ltr'><strong>qua:</strong></span> <span class='ocrx_word' id='word_1_185' title='bbox 2365 1239 2416 1290; x_wconf 90' lang='lat' dir='ltr'><strong>in</strong></span> <span class='ocrx_word' id='word_1_186' title='bbox 2447 1237 2743 1306; x_wconf 85' lang='lat' dir='ltr'><strong>Scripturis</strong></span> <span class='ocrx_word' id='word_1_187' title='bbox 2770 1254 2874 1291; x_wconf 91' lang='lat' dir='ltr'><strong>non</strong></span> <span class='ocrx_word' id='word_1_188' title='bbox 2904 1240 3190 1306; x_wconf 87' lang='lat' dir='ltr'><strong>habentur,</strong></span> <span class='ocrx_word' id='word_1_189' title='bbox 3222 1253 3274 1296; x_wconf 82' lang='lat' dir='ltr'><strong>et</strong></span> <span class='ocrx_word' id='word_1_190' title='bbox 3295 1259 3438 1310; x_wconf 61' lang='lat' dir='ltr'><strong>saepe</strong></span> 
     </span>
    </p>
   </div>
   <div class='ocr_carea' id='block_1_27' title="bbox 1869 1328 3447 1400">
    <p class='ocr_par' dir='ltr' id='par_1_27' title="bbox 1869 1328 3447 1400">
     <span class='ocr_line' id='line_1_27' title="bbox 1869 1328 3447 1400; baseline 0.001 -18"><span class='ocrx_word' id='word_1_191' title='bbox 1869 1328 2187 1382; x_wconf 70' lang='lat' dir='ltr'><strong>substantia:</strong></span> <span class='ocrx_word' id='word_1_192' title='bbox 2221 1344 2415 1381; x_wconf 91' lang='lat' dir='ltr'><strong>nomen</strong></span> <span class='ocrx_word' id='word_1_193' title='bbox 2450 1337 2507 1381; x_wconf 92' lang='lat' dir='ltr'><strong>ut</strong></span> <span class='ocrx_word' id='word_1_194' title='bbox 2538 1345 2756 1394; x_wconf 89' lang='lat' dir='ltr'><strong>sanum,</strong></span> <span class='ocrx_word' id='word_1_195' title='bbox 2792 1329 3025 1383; x_wconf 74' lang='lat' dir='ltr'><strong>maxime</strong></span> <span class='ocrx_word' id='word_1_196' title='bbox 3061 1339 3282 1400; x_wconf 87' lang='lat' dir='ltr'><strong>propter</strong></span> <span class='ocrx_word' id='word_1_197' title='bbox 3329 1331 3447 1385; x_wconf 76' lang='lat' dir='ltr'><strong>Eu-‘</strong></span> 
     </span>
    </p>
   </div>
   <div class='ocr_carea' id='block_1_28' title="bbox 1869 1418 3437 1494">
    <p class='ocr_par' dir='ltr' id='par_1_28' title="bbox 1869 1418 3437 1494">
     <span class='ocr_line' id='line_1_28' title="bbox 1869 1418 3437 1494; baseline 0 -20"><span class='ocrx_word' id='word_1_198' title='bbox 1869 1419 2004 1485; x_wconf 82' lang='lat' dir='ltr'><strong>sebii</strong></span> <span class='ocrx_word' id='word_1_199' title='bbox 2030 1419 2338 1488; x_wconf 86' lang='lat' dir='ltr'><strong>epistolam,</strong></span> <span class='ocrx_word' id='word_1_200' title='bbox 2373 1418 2697 1487; x_wconf 81' lang='lat' dir='ltr'><strong>receperint,</strong></span> <span class='ocrx_word' id='word_1_201' title='bbox 2725 1419 2960 1486; x_wconf 85' lang='lat' dir='ltr'><strong>majores</strong></span> <span class='ocrx_word' id='word_1_202' title='bbox 2981 1435 3112 1494; x_wconf 82' lang='lat' dir='ltr'><strong>suos</strong></span> <span class='ocrx_word' id='word_1_203' title='bbox 3136 1436 3303 1476; x_wconf 73' lang='lat' dir='ltr'><strong>&#39;nuuc</strong></span> <span class='ocrx_word' id='word_1_204' title='bbox 3329 1423 3437 1475; x_wconf 88' lang='lat' dir='ltr'><strong>cri-</strong></span> 
     </span>
    </p>
   </div>
   <div class='ocr_carea' id='block_1_29' title="bbox 1869 1510 3437 1580">
    <p class='ocr_par' dir='ltr' id='par_1_29' title="bbox 1869 1510 3437 1580">
     <span class='ocr_line' id='line_1_29' title="bbox 1869 1510 3437 1580; baseline 0.004 -17"><span class='ocrx_word' id='word_1_205' title='bbox 1869 1510 2166 1575; x_wconf 89' lang='lat' dir='ltr'><strong>minantur,</strong></span> <span class='ocrx_word' id='word_1_206' title='bbox 2225 1511 2368 1580; x_wconf 89' lang='lat' dir='ltr'><strong>quod</strong></span> <span class='ocrx_word' id='word_1_207' title='bbox 2409 1511 2720 1579; x_wconf 86' lang='lat' dir='ltr'><strong>hujusmodi</strong></span> <span class='ocrx_word' id='word_1_208' title='bbox 2787 1511 2897 1565; x_wconf 86' lang='lat' dir='ltr'><strong>sint</strong></span> <span class='ocrx_word' id='word_1_209' title='bbox 2953 1511 3034 1566; x_wconf 90' lang='lat' dir='ltr'><strong>usi</strong></span> <span class='ocrx_word' id='word_1_210' title='bbox 3067 1513 3263 1566; x_wconf 80' lang='lat' dir='ltr'><strong>verbis.</strong></span> <span class='ocrx_word' id='word_1_211' title='bbox 3326 1511 3437 1569; x_wconf 73' lang='lat' dir='ltr'><strong>l’mo</strong></span> 
     </span>
    </p>
   </div>
   <div class='ocr_carea' id='block_1_30' title="bbox 1869 1601 3434 1671">
    <p class='ocr_par' dir='ltr' id='par_1_30' title="bbox 1869 1601 3434 1671">
     <span class='ocr_line' id='line_1_30' title="bbox 1869 1601 3434 1671; baseline 0.001 -17"><span class='ocrx_word' id='word_1_212' title='bbox 1869 1618 1992 1660; x_wconf 83' lang='lat' dir='ltr'><strong>cum</strong></span> <span class='ocrx_word' id='word_1_213' title='bbox 2015 1602 2112 1671; x_wconf 87' lang='lat' dir='ltr'><strong>ipsi</strong></span> <span class='ocrx_word' id='word_1_214' title='bbox 2142 1617 2359 1671; x_wconf 86' lang='lat' dir='ltr'><strong>quoque</strong></span> <span class='ocrx_word' id='word_1_215' title='bbox 2392 1601 2840 1656; x_wconf 80' lang='lat' dir='ltr'><strong>dixerintFilium</strong></span> <span class='ocrx_word' id='word_1_216' title='bbox 2858 1617 2990 1657; x_wconf 80' lang='lat' dir='ltr'><strong>esse</strong></span> <span class='ocrx_word' id='word_1_217' title='bbox 3017 1603 3186 1658; x_wconf 89' lang='lat' dir='ltr'><strong>Deum</strong></span> <span class='ocrx_word' id='word_1_218' title='bbox 3211 1621 3276 1661; x_wconf 80' lang='lat' dir='ltr'><strong>ex</strong></span> <span class='ocrx_word' id='word_1_219' title='bbox 3305 1603 3434 1670; x_wconf 59' lang='lat' dir='ltr'><strong>De»,</strong></span> 
     </span>
    </p>
   </div>
   <div class='ocr_carea' id='block_1_31' title="bbox 1869 1690 3438 1766">
    <p class='ocr_par' dir='ltr' id='par_1_31' title="bbox 1869 1690 3438 1766">
     <span class='ocr_line' id='line_1_31' title="bbox 1869 1690 3438 1766; baseline 0.001 -19"><span class='ocrx_word' id='word_1_220' title='bbox 1869 1709 1932 1748; x_wconf 82' lang='lat' dir='ltr'><strong>ac</strong></span> <span class='ocrx_word' id='word_1_221' title='bbox 1967 1690 2198 1748; x_wconf 80' lang='lat' dir='ltr'><strong>Verbum</strong></span> <span class='ocrx_word' id='word_1_222' title='bbox 2228 1694 2434 1754; x_wconf 86' lang='lat' dir='ltr'><strong>vivens,</strong></span> <span class='ocrx_word' id='word_1_223' title='bbox 2466 1694 2784 1748; x_wconf 84' lang='lat' dir='ltr'><strong>substantiae</strong></span> <span class='ocrx_word' id='word_1_224' title='bbox 2816 1693 2993 1750; x_wconf 87' lang='lat' dir='ltr'><strong>Patris</strong></span> <span class='ocrx_word' id='word_1_225' title='bbox 3025 1695 3312 1765; x_wconf 78' lang='lat' dir='ltr'><strong>imaginem</strong></span> <span class='ocrx_word' id='word_1_226' title='bbox 3342 1712 3438 1766; x_wconf 87' lang='lat' dir='ltr'><strong>per</strong></span> 
     </span>
    </p>
   </div>
   <div class='ocr_carea' id='block_1_32' title="bbox 1869 1784 3432 1855">
    <p class='ocr_par' dir='ltr' id='par_1_32' title="bbox 1869 1784 3432 1855">
     <span class='ocr_line' id='line_1_32' title="bbox 1869 1784 3432 1855; baseline 0.001 -17"><span class='ocrx_word' id='word_1_227' title='bbox 1869 1784 2049 1840; x_wconf 84' lang='lat' dir='ltr'><strong>omnia</strong></span> <span class='ocrx_word' id='word_1_228' title='bbox 2073 1785 2327 1852; x_wconf 84' lang='lat' dir='ltr'><strong>similem,</strong></span> <span class='ocrx_word' id='word_1_229' title='bbox 2356 1785 2468 1855; x_wconf 89' lang='lat' dir='ltr'><strong>jam</strong></span> <span class='ocrx_word' id='word_1_230' title='bbox 2525 1785 2771 1841; x_wconf 81' lang='lat' dir='ltr'><strong>Nicamos</strong></span> <span class='ocrx_word' id='word_1_231' title='bbox 2806 1785 2993 1842; x_wconf 83' lang='lat' dir='ltr'><strong>Patres</strong></span> <span class='ocrx_word' id='word_1_232' title='bbox 3050 1788 3432 1851; x_wconf 87' lang='lat' dir='ltr'><strong>criminantur,</strong></span> 
     </span>
    </p>
   </div>
   <div class='ocr_carea' id='block_1_33' title="bbox 1867 1875 3433 1945">
    <p class='ocr_par' dir='ltr' id='par_1_33' title="bbox 1867 1875 3433 1945">
     <span class='ocr_line' id='line_1_33' title="bbox 1867 1875 3433 1945; baseline 0.002 -16"><span class='ocrx_word' id='word_1_233' title='bbox 1867 1875 2010 1945; x_wconf 87' lang='lat' dir='ltr'><strong>quod</strong></span> <span class='ocrx_word' id='word_1_234' title='bbox 2039 1877 2302 1942; x_wconf 79' lang='lat' dir='ltr'><strong>dixerint,</strong></span> <span class='ocrx_word' id='word_1_235' title='bbox 2331 1894 2395 1932; x_wconf 79' lang='lat' dir='ltr'><strong>ex</strong></span> <span class='ocrx_word' id='word_1_236' title='bbox 2449 1879 2749 1934; x_wconf 83' lang='lat' dir='ltr'><strong>substantia</strong></span> <span class='ocrx_word' id='word_1_237' title='bbox 2768 1921 2781 1944; x_wconf 92' lang='lat'><strong>,</strong></span> <span class='ocrx_word' id='word_1_238' title='bbox 2821 1895 2882 1934; x_wconf 88' lang='lat' dir='ltr'><strong>ac</strong></span> <span class='ocrx_word' id='word_1_239' title='bbox 2914 1879 3433 1935; x_wconf 87' lang='lat' dir='ltr'><strong>consubstantialem</strong></span> 
     </span>
    </p>
   </div>
   <div class='ocr_carea' id='block_1_34' title="bbox 189 1965 1765 2046">
    <p class='ocr_par' dir='ltr' id='par_1_34' title="bbox 189 1967 1765 2046">
     <span class='ocr_line' id='line_1_34' title="bbox 189 1967 1765 2046; baseline 0.004 -26"><span class='ocrx_word' id='word_1_240' title='bbox 189 1967 430 2038; x_wconf 82' lang='grc' dir='ltr'>νηΘέντα</span> <span class='ocrx_word' id='word_1_241' title='bbox 453 1969 530 2039; x_wconf 81' lang='grc' dir='ltr'>τῷ</span> <span class='ocrx_word' id='word_1_242' title='bbox 559 1971 927 2041; x_wconf 81' lang='grc' dir='ltr'>γεγεννηκότι.</span> <span class='ocrx_word' id='word_1_243' title='bbox 956 1971 1020 2023; x_wconf 91' lang='grc' dir='ltr'>Τί</span> <span class='ocrx_word' id='word_1_244' title='bbox 1041 1971 1096 2024; x_wconf 82' lang='grc' dir='ltr'>δὲ</span> <span class='ocrx_word' id='word_1_245' title='bbox 1128 1971 1434 2042; x_wconf 79' lang='grc' dir='ltr'>θαυμαστὸν</span> <span class='ocrx_word' id='word_1_246' title='bbox 1463 1975 1509 2025; x_wconf 90' lang='grc' dir='ltr'><strong>εί</strong></span> <span class='ocrx_word' id='word_1_247' title='bbox 1535 1977 1643 2038; x_wconf 83' lang='grc' dir='ltr'>τοῖς</span> <span class='ocrx_word' id='word_1_248' title='bbox 1667 1973 1765 2046; x_wconf 69' lang='grc' dir='ltr'>πρὲ</span> 
     </span>
    </p>
   </div>
   <div class='ocr_carea' id='block_1_35' title="bbox 1864 1965 3432 2046">
    <p class='ocr_par' dir='ltr' id='par_1_35' title="bbox 1867 1967 3432 2037">
     <span class='ocr_line' id='line_1_35' title="bbox 1867 1967 3432 2037; baseline 0.001 -17"><span class='ocrx_word' id='word_1_249' title='bbox 1867 1980 1986 2021; x_wconf 83' lang='lat' dir='ltr'><strong>esse</strong></span> <span class='ocrx_word' id='word_1_250' title='bbox 2013 1967 2242 2036; x_wconf 85' lang='lat' dir='ltr'><strong>genitori</strong></span> <span class='ocrx_word' id='word_1_251' title='bbox 2267 1968 2527 2037; x_wconf 88' lang='lat' dir='ltr'><strong>genitum.</strong></span> <span class='ocrx_word' id='word_1_252' title='bbox 2573 1967 2711 2034; x_wconf 84' lang='lat' dir='ltr'><strong>Quid</strong></span> <span class='ocrx_word' id='word_1_253' title='bbox 2764 1969 2960 2022; x_wconf 89' lang='lat' dir='ltr'><strong>mirum</strong></span> <span class='ocrx_word' id='word_1_254' title='bbox 2998 1977 3175 2022; x_wconf 89' lang='lat' dir='ltr'><strong>autem</strong></span> <span class='ocrx_word' id='word_1_255' title='bbox 3221 1970 3263 2024; x_wconf 90' lang='lat' dir='ltr'><strong>si</strong></span> <span class='ocrx_word' id='word_1_256' title='bbox 3310 1986 3432 2024; x_wconf 87' lang='lat' dir='ltr'><strong>cum</strong></span> 
     </span>
    </p>
   </div>
   <div class='ocr_carea' id='block_1_36' title="bbox 165 2048 1772 2138">
    <p class='ocr_par' dir='ltr' id='par_1_36' title="bbox 165 2048 1772 2138">
     <span class='ocr_line' id='line_1_36' title="bbox 165 2048 1772 2138; baseline 0.004 -27"><span class='ocrx_word' id='word_1_257' title='bbox 165 2048 378 2112; x_wconf 63' lang='grc' dir='ltr'>αὐτῶν</span> <span class='ocrx_word' id='word_1_258' title='bbox 416 2061 509 2114; x_wconf 78' lang='grc' dir='ltr'><strong>καὶ</strong></span> <span class='ocrx_word' id='word_1_259' title='bbox 541 2065 652 2126; x_wconf 85' lang='grc' dir='ltr'>τοῖς</span> <span class='ocrx_word' id='word_1_260' title='bbox 685 2063 835 2127; x_wconf 79' lang='grc' dir='ltr'>ἰδίοις</span> <span class='ocrx_word' id='word_1_261' title='bbox 868 2065 1104 2135; x_wconf 81' lang='grc' dir='ltr'>πατράσι</span> <span class='ocrx_word' id='word_1_262' title='bbox 1133 2067 1520 2138; x_wconf 89' lang='grc' dir='ltr'>διαμάχονται,</span> <span class='ocrx_word' id='word_1_263' title='bbox 1548 2066 1679 2118; x_wconf 84' lang='grc' dir='ltr'>ὅπου</span> <span class='ocrx_word' id='word_1_264' title='bbox 1709 2083 1772 2134; x_wconf 90' lang='grc' dir='ltr'><strong>γε</strong></span> 
     </span>
    </p>
   </div>
   <div class='ocr_carea' id='block_1_37' title="bbox 190 2153 1775 2228">
    <p class='ocr_par' dir='ltr' id='par_1_37' title="bbox 190 2153 1775 2228">
     <span class='ocr_line' id='line_1_37' title="bbox 190 2153 1775 2228; baseline 0.003 -23"><span class='ocrx_word' id='word_1_265' title='bbox 190 2153 289 2205; x_wconf 80' lang='grc' dir='ltr'><strong>καὶ</strong></span> <span class='ocrx_word' id='word_1_266' title='bbox 319 2155 474 2208; x_wconf 85' lang='grc' dir='ltr'><strong>αὐτοί</strong></span> <span class='ocrx_word' id='word_1_267' title='bbox 499 2157 711 2218; x_wconf 76' lang='grc' dir='ltr'>ἑαυτοῖς</span> <span class='ocrx_word' id='word_1_268' title='bbox 741 2156 1158 2228; x_wconf 80' lang='grc' dir='ltr'>ἐναντιούμενοι,</span> <span class='ocrx_word' id='word_1_269' title='bbox 1176 2162 1284 2224; x_wconf 87' lang='grc' dir='ltr'>τοῖς</span> <span class='ocrx_word' id='word_1_270' title='bbox 1316 2159 1522 2214; x_wconf 76' lang='grc' dir='ltr'>ἑαυτῶν</span> <span class='ocrx_word' id='word_1_271' title='bbox 1549 2157 1775 2227; x_wconf 78' lang='grc' dir='ltr'>προσκό-</span> 
     </span>
    </p>
   </div>
   <div class='ocr_carea' id='block_1_38' title="bbox 195 2245 1774 2320">
    <p class='ocr_par' dir='ltr' id='par_1_38' title="bbox 195 2245 1774 2320">
     <span class='ocr_line' id='line_1_38' title="bbox 195 2245 1774 2320; baseline 0.001 -25"><span class='ocrx_word' id='word_1_272' title='bbox 195 2260 456 2307; x_wconf 85' lang='grc' dir='ltr'>πτουσιν;</span> <span class='ocrx_word' id='word_1_273' title='bbox 497 2245 802 2315; x_wconf 85' lang='grc' dir='ltr'>ἘκΘέμενοι</span> <span class='ocrx_word' id='word_1_274' title='bbox 849 2246 958 2317; x_wconf 76' lang='grc' dir='ltr'><strong>γὰρ</strong></span> <span class='ocrx_word' id='word_1_275' title='bbox 983 2249 1037 2300; x_wconf 79' lang='grc' dir='ltr'><strong>ἐν</strong></span> <span class='ocrx_word' id='word_1_276' title='bbox 1069 2251 1178 2312; x_wconf 81' lang='grc' dir='ltr'>τοῖς</span> <span class='ocrx_word' id='word_1_277' title='bbox 1202 2247 1511 2320; x_wconf 84' lang='grc' dir='ltr'>λεγομένοις</span> <span class='ocrx_word' id='word_1_278' title='bbox 1559 2248 1774 2314; x_wconf 74' lang='grc' dir='ltr'>Ἐγκαιο</span> 
     </span>
    </p>
   </div>
   <div class='ocr_carea' id='block_1_39' title="bbox 194 2332 1774 2411">
    <p class='ocr_par' dir='ltr' id='par_1_39' title="bbox 194 2332 1774 2411">
     <span class='ocr_line' id='line_1_39' title="bbox 194 2332 1774 2411; baseline 0.003 -26"><span class='ocrx_word' id='word_1_279' title='bbox 194 2332 331 2396; x_wconf 86' lang='grc' dir='ltr'>νίοις</span> <span class='ocrx_word' id='word_1_280' title='bbox 355 2336 413 2386; x_wconf 84' lang='grc' dir='ltr'>ὲν</span> <span class='ocrx_word' id='word_1_281' title='bbox 451 2335 747 2406; x_wconf 71' lang='grc' dir='ltr'>Ἀντιοχείᾳ</span> <span class='ocrx_word' id='word_1_282' title='bbox 777 2339 874 2407; x_wconf 86' lang='grc' dir='ltr'>τῆς</span> <span class='ocrx_word' id='word_1_283' title='bbox 903 2338 1088 2401; x_wconf 88' lang='grc' dir='ltr'>οὐσίας</span> <span class='ocrx_word' id='word_1_284' title='bbox 1125 2338 1226 2394; x_wconf 82' lang='grc' dir='ltr'>τοῦ,</span> <span class='ocrx_word' id='word_1_285' title='bbox 1269 2338 1498 2410; x_wconf 13' lang='grc' dir='ltr'>Πατρὸςν</span> <span class='ocrx_word' id='word_1_286' title='bbox 1530 2336 1774 2411; x_wconf 71' lang='grc' dir='ltr'>ἀπαράλ-</span> 
     </span>
    </p>
   </div>
   <div class='ocr_carea' id='block_1_40' title="bbox 195 2423 1774 2500">
    <p class='ocr_par' dir='ltr' id='par_1_40' title="bbox 195 2423 1774 2500">
     <span class='ocr_line' id='line_1_40' title="bbox 195 2423 1774 2500; baseline 0.008 -25"><span class='ocrx_word' id='word_1_287' title='bbox 195 2423 394 2477; x_wconf 86' lang='grc' dir='ltr'>λακτον</span> <span class='ocrx_word' id='word_1_288' title='bbox 429 2427 608 2479; x_wconf 86' lang='grc' dir='ltr'>εἰκόνα</span> <span class='ocrx_word' id='word_1_289' title='bbox 641 2425 778 2481; x_wconf 84' lang='grc' dir='ltr'>εἶναι</span> <span class='ocrx_word' id='word_1_290' title='bbox 809 2429 899 2480; x_wconf 73' lang='grc' dir='ltr'><strong>τὸν</strong></span> <span class='ocrx_word' id='word_1_291' title='bbox 924 2429 1066 2495; x_wconf 84' lang='grc' dir='ltr'>Υίὺν,</span> <span class='ocrx_word' id='word_1_292' title='bbox 1085 2431 1379 2500; x_wconf 74' lang='grc' dir='ltr'>ὀμόσαντες</span> <span class='ocrx_word' id='word_1_293' title='bbox 1409 2448 1465 2485; x_wconf 89' lang='grc' dir='ltr'><strong>τε</strong></span> <span class='ocrx_word' id='word_1_294' title='bbox 1634 2428 1774 2487; x_wconf 72' lang='grc' dir='ltr'>οὕτω</span> 
     </span>
    </p>
   </div>
   <div class='ocr_carea' id='block_1_41' title="bbox 197 2518 1770 2593">
    <p class='ocr_par' dir='ltr' id='par_1_41' title="bbox 197 2518 1770 2593">
     <span class='ocr_line' id='line_1_41' title="bbox 197 2518 1770 2593; baseline 0.003 -23"><span class='ocrx_word' id='word_1_295' title='bbox 197 2519 438 2587; x_wconf 76' lang='grc' dir='ltr'>φρονεῖν,</span> <span class='ocrx_word' id='word_1_296' title='bbox 459 2519 550 2571; x_wconf 75' lang='grc' dir='ltr'><strong>καὶ</strong></span> <span class='ocrx_word' id='word_1_297' title='bbox 575 2518 1064 2590; x_wconf 82' lang='grc' dir='ltr'>ἀναθεματίσαντες</span> <span class='ocrx_word' id='word_1_298' title='bbox 1089 2522 1214 2584; x_wconf 79' lang='grc' dir='ltr'>τοὺς</span> <span class='ocrx_word' id='word_1_299' title='bbox 1233 2522 1404 2584; x_wconf 80' lang='grc' dir='ltr'>ἄλλως</span> <span class='ocrx_word' id='word_1_300' title='bbox 1425 2521 1770 2593; x_wconf 80' lang='grc' dir='ltr'>φρονοῦντας,</span> 
     </span>
    </p>
   </div>
   <div class='ocr_carea' id='block_1_42' title="bbox 193 2607 1774 2682">
    <p class='ocr_par' dir='ltr' id='par_1_42' title="bbox 193 2607 1774 2682">
     <span class='ocr_line' id='line_1_42' title="bbox 193 2607 1774 2682; baseline 0.003 -24"><span class='ocrx_word' id='word_1_301' title='bbox 193 2607 332 2659; x_wconf 75' lang='grc' dir='ltr'>ἀλλὰ</span> <span class='ocrx_word' id='word_1_302' title='bbox 367 2607 477 2679; x_wconf 76' lang='grc' dir='ltr'>γὰρ</span> <span class='ocrx_word' id='word_1_303' title='bbox 512 2609 602 2660; x_wconf 80' lang='grc' dir='ltr'>καὶ</span> <span class='ocrx_word' id='word_1_304' title='bbox 632 2611 690 2661; x_wconf 85' lang='grc' dir='ltr'>ἐν</span> <span class='ocrx_word' id='word_1_305' title='bbox 719 2612 782 2680; x_wconf 80' lang='grc' dir='ltr'>τῇ</span> <span class='ocrx_word' id='word_1_306' title='bbox 830 2611 1071 2682; x_wconf 74' lang='grc' dir='ltr'>Ἰσαυρία</span> <span class='ocrx_word' id='word_1_307' title='bbox 1100 2611 1439 2681; x_wconf 48' lang='grc' dir='ltr'>γράψαντες</span> <span class='ocrx_word' id='word_1_308' title='bbox 1474 2612 1547 2664; x_wconf 81' lang='grc' dir='ltr'>Οὐ</span> <span class='ocrx_word' id='word_1_309' title='bbox 1582 2611 1774 2679; x_wconf 81' lang='grc' dir='ltr'>φεύγο-</span> 
     </span>
    </p>
   </div>
   <div class='ocr_carea' id='block_1_43' title="bbox 200 2698 1747 2772">
    <p class='ocr_par' dir='ltr' id='par_1_43' title="bbox 200 2698 1747 2772">
     <span class='ocr_line' id='line_1_43' title="bbox 200 2698 1747 2772; baseline 0.004 -24"><span class='ocrx_word' id='word_1_310' title='bbox 200 2715 298 2767; x_wconf 88' lang='grc' dir='ltr'><strong>μεν</strong></span> <span class='ocrx_word' id='word_1_311' title='bbox 324 2698 426 2769; x_wconf 80' lang='grc' dir='ltr'>τὴν</span> <span class='ocrx_word' id='word_1_312' title='bbox 452 2700 757 2754; x_wconf 84' lang='grc' dir='ltr'>ὲκτεθεῖσαν</span> <span class='ocrx_word' id='word_1_313' title='bbox 783 2700 1101 2772; x_wconf 80' lang='grc' dir='ltr'>αύθεντικὴν</span> <span class='ocrx_word' id='word_1_314' title='bbox 1127 2702 1304 2755; x_wconf 86' lang='grc' dir='ltr'>πίστιν</span> <span class='ocrx_word' id='word_1_315' title='bbox 1329 2706 1384 2756; x_wconf 81' lang='grc' dir='ltr'>ὲν</span> <span class='ocrx_word' id='word_1_316' title='bbox 1410 2705 1520 2766; x_wconf 84' lang='grc' dir='ltr'>τοῖς</span> <span class='ocrx_word' id='word_1_317' title='bbox 1561 2704 1747 2771; x_wconf 86' lang='grc' dir='ltr'>Ἐγκαι</span> 
     </span>
    </p>
   </div>
   <div class='ocr_carea' id='block_1_44' title="bbox 195 2791 1772 2866">
    <p class='ocr_par' dir='ltr' id='par_1_44' title="bbox 195 2791 1772 2866">
     <span class='ocr_line' id='line_1_44' title="bbox 195 2791 1772 2866; baseline 0.004 -24"><span class='ocrx_word' id='word_1_318' title='bbox 195 2791 330 2854; x_wconf 80' lang='grc' dir='ltr'>νίοις</span> <span class='ocrx_word' id='word_1_319' title='bbox 349 2794 461 2855; x_wconf 84' lang='grc' dir='ltr'>τοῖς</span> <span class='ocrx_word' id='word_1_320' title='bbox 489 2793 628 2846; x_wconf 76' lang='grc' dir='ltr'>κατὰ</span> <span class='ocrx_word' id='word_1_321' title='bbox 661 2794 986 2865; x_wconf 84' lang='grc' dir='ltr'>Ἀντιόχειαν</span> <span class='ocrx_word' id='word_1_322' title='bbox 1026 2797 1114 2860; x_wconf 81' lang='grc' dir='ltr'>(ἐν</span> <span class='ocrx_word' id='word_1_323' title='bbox 1135 2795 1315 2858; x_wconf 88' lang='grc' dir='ltr'>αὐτοῖς</span> <span class='ocrx_word' id='word_1_324' title='bbox 1342 2795 1397 2847; x_wconf 77' lang='grc' dir='ltr'>δὲ</span> <span class='ocrx_word' id='word_1_325' title='bbox 1431 2862 1436 2866; x_wconf 25' lang='grc'><em>¹</em></span> <span class='ocrx_word' id='word_1_326' title='bbox 1561 2795 1772 2866; x_wconf 73' lang='grc' dir='ltr'>ἐγράφη</span> 
     </span>
    </p>
   </div>
   <div class='ocr_carea' id='block_1_45' title="bbox 197 2882 1770 2958">
    <p class='ocr_par' dir='ltr' id='par_1_45' title="bbox 197 2882 1770 2958">
     <span class='ocr_line' id='line_1_45' title="bbox 197 2882 1770 2958; baseline 0.003 -25"><span class='ocrx_word' id='word_1_327' title='bbox 197 2882 255 2934; x_wconf 83' lang='grc' dir='ltr'><strong>τὸ</strong></span> <span class='ocrx_word' id='word_1_328' title='bbox 281 2886 384 2953; x_wconf 79' lang='grc' dir='ltr'>τῆς</span> <span class='ocrx_word' id='word_1_329' title='bbox 415 2883 598 2948; x_wconf 83' lang='grc' dir='ltr'>οὐσίας</span> <span class='ocrx_word' id='word_1_330' title='bbox 627 2885 858 2956; x_wconf 78' lang='grc' dir='ltr'>ὄνομα),</span> <span class='ocrx_word' id='word_1_331' title='bbox 898 2885 1082 2958; x_wconf 83' lang='grc' dir='ltr'>ὥσπερ</span> <span class='ocrx_word' id='word_1_332' title='bbox 1125 2886 1502 2957; x_wconf 77' lang='grc' dir='ltr'>ἐπιλαϐόμενοι</span> <span class='ocrx_word' id='word_1_333' title='bbox 1548 2885 1770 2949; x_wconf 85' lang='grc' dir='ltr'>τούτων,</span> 
     </span>
    </p>
   </div>
   <div class='ocr_carea' id='block_1_46' title="bbox 201 2975 1768 3049">
    <p class='ocr_par' dir='ltr' id='par_1_46' title="bbox 201 2975 1768 3049">
     <span class='ocr_line' id='line_1_46' title="bbox 201 2975 1768 3049; baseline 0.003 -23"><span class='ocrx_word' id='word_1_334' title='bbox 201 2977 319 3041; x_wconf 76' lang='grc' dir='ltr'>μετ’</span> <span class='ocrx_word' id='word_1_335' title='bbox 354 2975 536 3043; x_wconf 83' lang='grc' dir='ltr'>ὀλίγον</span> <span class='ocrx_word' id='word_1_336' title='bbox 571 2977 628 3028; x_wconf 77' lang='grc' dir='ltr'><strong>ἐν</strong></span> <span class='ocrx_word' id='word_1_337' title='bbox 657 2979 721 3047; x_wconf 82' lang='grc' dir='ltr'>τῇ</span> <span class='ocrx_word' id='word_1_338' title='bbox 767 2978 902 3049; x_wconf 83' lang='grc' dir='ltr'>αὐτῇ</span> <span class='ocrx_word' id='word_1_339' title='bbox 944 2979 1184 3049; x_wconf 77' lang='grc' dir='ltr'>Ἰσαυρίᾳ</span> <span class='ocrx_word' id='word_1_340' title='bbox 1211 2978 1464 3032; x_wconf 81' lang='grc' dir='ltr'>τάναντία</span> <span class='ocrx_word' id='word_1_341' title='bbox 1507 2978 1768 3049; x_wconf 67' lang='grc' dir='ltr'>ἔγραψαν,</span> 
     </span>
    </p>
   </div>
   <div class='ocr_carea' id='block_1_47' title="bbox 197 3066 1771 3139">
    <p class='ocr_par' dir='ltr' id='par_1_47' title="bbox 197 3066 1771 3139">
     <span class='ocr_line' id='line_1_47' title="bbox 197 3066 1771 3139; baseline 0.004 -22"><span class='ocrx_word' id='word_1_342' title='bbox 197 3067 466 3133; x_wconf 81' lang='grc' dir='ltr'>λέγοντες·</span> <span class='ocrx_word' id='word_1_343' title='bbox 492 3068 563 3118; x_wconf 85' lang='grc' dir='ltr'>Τὸ</span> <span class='ocrx_word' id='word_1_344' title='bbox 586 3066 866 3138; x_wconf 78' lang='grc' dir='ltr'>ὁμοούσιον</span> <span class='ocrx_word' id='word_1_345' title='bbox 893 3071 985 3122; x_wconf 71' lang='grc' dir='ltr'>καὶ</span> <span class='ocrx_word' id='word_1_346' title='bbox 1006 3071 1064 3122; x_wconf 81' lang='grc' dir='ltr'><strong>τὸ</strong></span> <span class='ocrx_word' id='word_1_347' title='bbox 1092 3070 1422 3139; x_wconf 85' lang='grc' dir='ltr'>ὁμοιοούσιον</span> <span class='ocrx_word' id='word_1_348' title='bbox 1576 3070 1771 3123; x_wconf 78' lang='grc' dir='ltr'>ἐκϐάλ-</span> 
     </span>
    </p>
   </div>
   <div class='ocr_carea' id='block_1_48' title="bbox 197 3157 1771 3233">
    <p class='ocr_par' dir='ltr' id='par_1_48' title="bbox 197 3157 1771 3233">
     <span class='ocr_line' id='line_1_48' title="bbox 197 3157 1771 3233; baseline 0.003 -25"><span class='ocrx_word' id='word_1_349' title='bbox 197 3157 383 3227; x_wconf 86' lang='grc' dir='ltr'>λομεν,</span> <span class='ocrx_word' id='word_1_350' title='bbox 418 3157 492 3221; x_wconf 86' lang='grc' dir='ltr'>ὼς</span> <span class='ocrx_word' id='word_1_351' title='bbox 517 3159 789 3230; x_wconf 85' lang='grc' dir='ltr'>ἀλλότριον</span> <span class='ocrx_word' id='word_1_352' title='bbox 810 3161 916 3213; x_wconf 80' lang='grc' dir='ltr'><strong>τῶν</strong></span> <span class='ocrx_word' id='word_1_353' title='bbox 941 3161 1169 3233; x_wconf 74' lang='grc' dir='ltr'>Γραφὼν</span> <span class='ocrx_word' id='word_1_354' title='bbox 1190 3179 1201 3190; x_wconf 93' lang='grc'><strong>·</strong></span> <span class='ocrx_word' id='word_1_355' title='bbox 1244 3161 1335 3214; x_wconf 74' lang='grc' dir='ltr'><strong>καὶ</strong></span> <span class='ocrx_word' id='word_1_356' title='bbox 1364 3161 1424 3214; x_wconf 79' lang='grc' dir='ltr'>τὸ</span> <span class='ocrx_word' id='word_1_357' title='bbox 1456 3163 1550 3232; x_wconf 76' lang='grc' dir='ltr'>τῆς</span> <span class='ocrx_word' id='word_1_358' title='bbox 1587 3161 1771 3226; x_wconf 83' lang='grc' dir='ltr'>οὐσίας</span> 
     </span>
    </p>
   </div>
   <div class='ocr_carea' id='block_1_49' title="bbox 197 3248 1770 3324">
    <p class='ocr_par' dir='ltr' id='par_1_49' title="bbox 197 3248 1770 3324">
     <span class='ocr_line' id='line_1_49' title="bbox 197 3248 1770 3324; baseline 0.005 -25"><span class='ocrx_word' id='word_1_359' title='bbox 197 3249 366 3318; x_wconf 77' lang='grc' dir='ltr'>ὄνομα</span> <span class='ocrx_word' id='word_1_360' title='bbox 418 3248 806 3320; x_wconf 80' lang='grc' dir='ltr'>περιαιρούμεν</span> <span class='ocrx_word' id='word_1_361' title='bbox 832 3292 846 3315; x_wconf 91' lang='grc'><strong>,</strong></span> <span class='ocrx_word' id='word_1_362' title='bbox 897 3252 971 3315; x_wconf 82' lang='grc' dir='ltr'>ὡς</span> <span class='ocrx_word' id='word_1_363' title='bbox 1008 3252 1082 3323; x_wconf 84' lang='grc' dir='ltr'><strong>μὴ</strong></span> <span class='ocrx_word' id='word_1_364' title='bbox 1114 3253 1359 3323; x_wconf 87' lang='grc' dir='ltr'>κείμενον</span> <span class='ocrx_word' id='word_1_365' title='bbox 1390 3254 1445 3306; x_wconf 78' lang='grc' dir='ltr'><strong>ἐν</strong></span> <span class='ocrx_word' id='word_1_366' title='bbox 1492 3256 1607 3316; x_wconf 82' lang='grc' dir='ltr'>ταῖς</span> <span class='ocrx_word' id='word_1_367' title='bbox 1633 3254 1770 3324; x_wconf 87' lang='grc' dir='ltr'>Γρα-</span> 
     </span>
    </p>
   </div>
   <div class='ocr_carea' id='block_1_50' title="bbox 199 3356 341 3406">
    <p class='ocr_par' dir='ltr' id='par_1_50' title="bbox 199 3356 341 3406">
     <span class='ocr_line' id='line_1_50' title="bbox 199 3356 341 3406; baseline 0 -15"><span class='ocrx_word' id='word_1_368' title='bbox 199 3356 341 3406; x_wconf 74' lang='grc' dir='ltr'>φαις.</span> 
     </span>
    </p>
   </div>
   <div class='ocr_carea' id='block_1_51' title="bbox 392 3427 1770 3509">
    <p class='ocr_par' dir='ltr' id='par_1_51' title="bbox 392 3427 1770 3509">
     <span class='ocr_line' id='line_1_51' title="bbox 392 3427 1770 3509; baseline 0.006 -27"><span class='ocrx_word' id='word_1_369' title='bbox 392 3431 487 3493; x_wconf 89' lang='grc' dir='ltr'>Τίς</span> <span class='ocrx_word' id='word_1_370' title='bbox 523 3427 616 3484; x_wconf 81' lang='grc' dir='ltr'><strong>οὐν</strong></span> <span class='ocrx_word' id='word_1_371' title='bbox 654 3431 732 3484; x_wconf 83' lang='grc' dir='ltr'>ἔτι</span> <span class='ocrx_word' id='word_1_372' title='bbox 759 3433 883 3496; x_wconf 78' lang='grc' dir='ltr'>τοὺς</span> <span class='ocrx_word' id='word_1_373' title='bbox 915 3435 1187 3498; x_wconf 79' lang='grc' dir='ltr'>τοιούτους</span> <span class='ocrx_word' id='word_1_374' title='bbox 1231 3437 1584 3506; x_wconf 69' lang='grc' dir='ltr'>Χριστιανοὺς</span> <span class='ocrx_word' id='word_1_375' title='bbox 1632 3437 1770 3509; x_wconf 73' lang='grc' dir='ltr'><strong>ἡγή-</strong></span> 
     </span>
    </p>
   </div>
   <div class='ocr_carea' id='block_1_52' title="bbox 198 3519 1768 3596">
    <p class='ocr_par' dir='ltr' id='par_1_52' title="bbox 198 3519 1768 3596">
     <span class='ocr_line' id='line_1_52' title="bbox 198 3519 1768 3596; baseline 0.005 -27"><span class='ocrx_word' id='word_1_376' title='bbox 198 3535 382 3582; x_wconf 87' lang='grc' dir='ltr'>σεται;</span> <span class='ocrx_word' id='word_1_377' title='bbox 416 3519 486 3570; x_wconf 89' lang='grc' dir='ltr'>Ἣ</span> <span class='ocrx_word' id='word_1_378' title='bbox 520 3519 644 3573; x_wconf 86' lang='grc' dir='ltr'>ποία</span> <span class='ocrx_word' id='word_1_379' title='bbox 677 3521 858 3584; x_wconf 81' lang='grc' dir='ltr'>πίστις</span> <span class='ocrx_word' id='word_1_380' title='bbox 889 3523 1033 3594; x_wconf 79' lang='grc' dir='ltr'>παρὰ</span> <span class='ocrx_word' id='word_1_381' title='bbox 1063 3523 1291 3588; x_wconf 86' lang='grc' dir='ltr'>τούτοις,</span> <span class='ocrx_word' id='word_1_382' title='bbox 1328 3527 1456 3596; x_wconf 84' lang='grc' dir='ltr'>παρ’</span> <span class='ocrx_word' id='word_1_383' title='bbox 1482 3521 1561 3588; x_wconf 75' lang='grc' dir='ltr'>οἷς</span> <span class='ocrx_word' id='word_1_384' title='bbox 1592 3527 1651 3578; x_wconf 92' lang='grc' dir='ltr'><strong>οὐ</strong></span> <span class='ocrx_word' id='word_1_385' title='bbox 1679 3524 1768 3577; x_wconf 90' lang='grc' dir='ltr'>λό-</span> 
     </span>
    </p>
   </div>
   <div class='ocr_carea' id='block_1_53' title="bbox 197 3611 1768 3688">
    <p class='ocr_par' dir='ltr' id='par_1_53' title="bbox 197 3611 1768 3688">
     <span class='ocr_line' id='line_1_53' title="bbox 197 3611 1768 3688; baseline 0.008 -29"><span class='ocrx_word' id='word_1_386' title='bbox 197 3627 313 3676; x_wconf 84' lang='grc' dir='ltr'>γος,</span> <span class='ocrx_word' id='word_1_387' title='bbox 344 3611 405 3662; x_wconf 87' lang='grc' dir='ltr'><strong>οὐ</strong></span> <span class='ocrx_word' id='word_1_388' title='bbox 440 3612 675 3682; x_wconf 86' lang='grc' dir='ltr'>γράμμα</span> <span class='ocrx_word' id='word_1_389' title='bbox 723 3612 970 3683; x_wconf 72' lang='grc' dir='ltr'>βέϐαιον,</span> <span class='ocrx_word' id='word_1_390' title='bbox 1005 3614 1138 3668; x_wconf 76' lang='grc' dir='ltr'>ἀλλὰ</span> <span class='ocrx_word' id='word_1_391' title='bbox 1187 3617 1363 3670; x_wconf 82' lang='grc' dir='ltr'>πάντα</span> <span class='ocrx_word' id='word_1_392' title='bbox 1405 3617 1542 3670; x_wconf 76' lang='grc' dir='ltr'>κατὰ</span> <span class='ocrx_word' id='word_1_393' title='bbox 1583 3617 1768 3688; x_wconf 77' lang='grc' dir='ltr'>καιρὸν</span> 
     </span>
    </p>
   </div>
   <div class='ocr_carea' id='block_1_54' title="bbox 197 3699 1769 3778">
    <p class='ocr_par' dir='ltr' id='par_1_54' title="bbox 197 3699 1769 3778">
     <span class='ocr_line' id='line_1_54' title="bbox 197 3699 1769 3778; baseline 0.006 -27"><span class='ocrx_word' id='word_1_394' title='bbox 197 3699 519 3754; x_wconf 81' lang='grc' dir='ltr'>ἀλλάσσεται</span> <span class='ocrx_word' id='word_1_395' title='bbox 548 3704 638 3754; x_wconf 78' lang='grc' dir='ltr'><strong>καὶ</strong></span> <span class='ocrx_word' id='word_1_396' title='bbox 674 3705 1063 3772; x_wconf 75' lang='grc' dir='ltr'>μεταϐάλλεται</span> <span class='ocrx_word' id='word_1_397' title='bbox 1116 3721 1131 3768; x_wconf 90' lang='grc'><strong>;</strong></span> <span class='ocrx_word' id='word_1_398' title='bbox 1282 3708 1343 3759; x_wconf 86' lang='grc' dir='ltr'><strong>Εἰ</strong></span> <span class='ocrx_word' id='word_1_399' title='bbox 1365 3707 1490 3778; x_wconf 81' lang='grc' dir='ltr'>γὰρ,</span> <span class='ocrx_word' id='word_1_400' title='bbox 1525 3701 1568 3760; x_wconf 73' lang='grc' dir='ltr'><strong>ὦ</strong></span> <span class='ocrx_word' id='word_1_401' title='bbox 1611 3708 1769 3761; x_wconf 80' lang='grc' dir='ltr'>Ἀκά-</span> 
     </span>
    </p>
   </div>
   <div class='ocr_carea' id='block_1_55' title="bbox 197 3788 1768 3865">
    <p class='ocr_par' dir='ltr' id='par_1_55' title="bbox 197 3788 1768 3865">
     <span class='ocr_line' id='line_1_55' title="bbox 197 3788 1768 3865; baseline 0.006 -27"><span class='ocrx_word' id='word_1_402' title='bbox 197 3803 280 3838; x_wconf 87' lang='grc' dir='ltr'><strong>κιε</strong></span> <span class='ocrx_word' id='word_1_403' title='bbox 305 3788 396 3840; x_wconf 75' lang='grc' dir='ltr'>καὶ</span> <span class='ocrx_word' id='word_1_404' title='bbox 443 3788 676 3852; x_wconf 81' lang='grc' dir='ltr'>Εὐδόξιε,</span> <span class='ocrx_word' id='word_1_405' title='bbox 715 3793 775 3844; x_wconf 90' lang='grc' dir='ltr'><strong>οὐ</strong></span> <span class='ocrx_word' id='word_1_406' title='bbox 805 3792 1032 3861; x_wconf 82' lang='grc' dir='ltr'>φεύγετε</span> <span class='ocrx_word' id='word_1_407' title='bbox 1073 3795 1170 3865; x_wconf 82' lang='grc' dir='ltr'>τὴν</span> <span class='ocrx_word' id='word_1_408' title='bbox 1210 3795 1516 3850; x_wconf 81' lang='grc' dir='ltr'>ἐκτεθεῖσαν</span> <span class='ocrx_word' id='word_1_409' title='bbox 1558 3797 1614 3848; x_wconf 82' lang='grc' dir='ltr'>ἐν</span> <span class='ocrx_word' id='word_1_410' title='bbox 1657 3799 1768 3860; x_wconf 85' lang='grc' dir='ltr'>τοῖς</span> 
     </span>
    </p>
   </div>
   <div class='ocr_carea' id='block_1_56' title="bbox 209 3879 1768 3957">
    <p class='ocr_par' dir='ltr' id='par_1_56' title="bbox 209 3879 1768 3957">
     <span class='ocr_line' id='line_1_56' title="bbox 209 3879 1768 3957; baseline 0.008 -28"><span class='ocrx_word' id='word_1_411' title='bbox 209 3879 530 3945; x_wconf 84' lang='grc' dir='ltr'>Ἐγκαινίοις</span> <span class='ocrx_word' id='word_1_412' title='bbox 572 3882 772 3944; x_wconf 85' lang='grc' dir='ltr'>πίστιν,</span> <span class='ocrx_word' id='word_1_413' title='bbox 819 3887 876 3936; x_wconf 81' lang='grc' dir='ltr'>ὲν</span> <span class='ocrx_word' id='word_1_414' title='bbox 911 3885 1044 3956; x_wconf 85' lang='grc' dir='ltr'>αὐτῇ</span> <span class='ocrx_word' id='word_1_415' title='bbox 1078 3886 1133 3939; x_wconf 84' lang='grc' dir='ltr'>δὲ</span> <span class='ocrx_word' id='word_1_416' title='bbox 1186 3887 1512 3957; x_wconf 79' lang='grc' dir='ltr'>γέγραπται,</span> <span class='ocrx_word' id='word_1_417' title='bbox 1570 3890 1768 3954; x_wconf 74' lang='grc' dir='ltr'>Οὐσίας</span> 
     </span>
    </p>
   </div>
   <div class='ocr_carea' id='block_1_57' title="bbox 196 3967 1768 4052">
    <p class='ocr_par' dir='ltr' id='par_1_57' title="bbox 196 3967 1768 4052">
     <span class='ocr_line' id='line_1_57' title="bbox 196 3967 1768 4052; baseline 0.01 -34"><span class='ocrx_word' id='word_1_418' title='bbox 196 3967 608 4037; x_wconf 84' lang='grc' dir='ltr'>ἀπαράλλακτος</span> <span class='ocrx_word' id='word_1_419' title='bbox 656 3971 818 4024; x_wconf 87' lang='grc' dir='ltr'>εἰκὼν</span> <span class='ocrx_word' id='word_1_420' title='bbox 847 3974 875 4025; x_wconf 84' lang='grc' dir='ltr'>ὁ</span> <span class='ocrx_word' id='word_1_421' title='bbox 916 3974 1074 4038; x_wconf 83' lang='grc' dir='ltr'>Υἱός·</span> <span class='ocrx_word' id='word_1_422' title='bbox 1122 3976 1237 4040; x_wconf 82' lang='grc' dir='ltr'><strong>πῶς</strong></span> <span class='ocrx_word' id='word_1_423' title='bbox 1290 3980 1348 4032; x_wconf 83' lang='grc' dir='ltr'><strong>ἐν</strong></span> <span class='ocrx_word' id='word_1_424' title='bbox 1395 3981 1460 4048; x_wconf 83' lang='grc' dir='ltr'>τῇ</span> <span class='ocrx_word' id='word_1_425' title='bbox 1528 3980 1768 4052; x_wconf 76' lang='grc' dir='ltr'>Ίσαυρία</span> 
     </span>
    </p>
   </div>
   <div class='ocr_carea' id='block_1_58' title="bbox 191 4059 1767 4140">
    <p class='ocr_par' dir='ltr' id='par_1_58' title="bbox 191 4059 1767 4140">
     <span class='ocr_line' id='line_1_58' title="bbox 191 4059 1767 4140; baseline 0.009 -30"><span class='ocrx_word' id='word_1_426' title='bbox 191 4059 450 4135; x_wconf 62' lang='grc' dir='ltr'>γράφετε,</span> <span class='ocrx_word' id='word_1_427' title='bbox 494 4063 854 4133; x_wconf 81' lang='grc' dir='ltr'>Ἐκϐάλλομεν</span> <span class='ocrx_word' id='word_1_428' title='bbox 877 4065 940 4117; x_wconf 82' lang='grc' dir='ltr'>τὸ</span> <span class='ocrx_word' id='word_1_429' title='bbox 968 4066 1251 4136; x_wconf 87' lang='grc' dir='ltr'>ὁμοούσιον</span> <span class='ocrx_word' id='word_1_430' title='bbox 1288 4089 1302 4136; x_wconf 86' lang='grc'>;</span> <span class='ocrx_word' id='word_1_431' title='bbox 1447 4070 1506 4122; x_wconf 88' lang='grc' dir='ltr'>Εἰ</span> <span class='ocrx_word' id='word_1_432' title='bbox 1541 4071 1648 4140; x_wconf 77' lang='grc' dir='ltr'>γὰρ</span> <span class='ocrx_word' id='word_1_433' title='bbox 1668 4071 1767 4124; x_wconf 84' lang='grc' dir='ltr'><strong>οὐκ</strong></span> 
     </span>
    </p>
   </div>
   <div class='ocr_carea' id='block_1_59' title="bbox 196 4151 1764 4234">
    <p class='ocr_par' dir='ltr' id='par_1_59' title="bbox 196 4151 1764 4234">
     <span class='ocr_line' id='line_1_59' title="bbox 196 4151 1764 4234; baseline 0.008 -32"><span class='ocrx_word' id='word_1_434' title='bbox 196 4151 310 4202; x_wconf 79' lang='grc' dir='ltr'>ἐστι</span> <span class='ocrx_word' id='word_1_435' title='bbox 345 4153 458 4204; x_wconf 77' lang='grc' dir='ltr'>κατ’</span> <span class='ocrx_word' id='word_1_436' title='bbox 491 4153 676 4207; x_wconf 87' lang='grc' dir='ltr'>οὐσίαν</span> <span class='ocrx_word' id='word_1_437' title='bbox 704 4155 887 4225; x_wconf 82' lang='grc' dir='ltr'>ὅμοιος</span> <span class='ocrx_word' id='word_1_438' title='bbox 906 4157 932 4208; x_wconf 81' lang='grc' dir='ltr'>ὁ</span> <span class='ocrx_word' id='word_1_439' title='bbox 962 4157 1090 4220; x_wconf 77' lang='grc' dir='ltr'>Υἱὸς</span> <span class='ocrx_word' id='word_1_440' title='bbox 1109 4156 1186 4228; x_wconf 82' lang='grc' dir='ltr'>τῷ</span> <span class='ocrx_word' id='word_1_441' title='bbox 1219 4159 1412 4231; x_wconf 74' lang='grc' dir='ltr'>Πατρὶ,</span> <span class='ocrx_word' id='word_1_442' title='bbox 1448 4161 1560 4223; x_wconf 81' lang='grc' dir='ltr'><strong>πῶς</strong></span> <span class='ocrx_word' id='word_1_443' title='bbox 1589 4163 1764 4234; x_wconf 75' lang='grc' dir='ltr'>άπαρσ</span> 
     </span>
    </p>
   </div>
   <div class='ocr_carea' id='block_1_60' title="bbox 195 4242 1761 4324">
    <p class='ocr_par' dir='ltr' id='par_1_60' title="bbox 195 4242 1761 4324">
     <span class='ocr_line' id='line_1_60' title="bbox 195 4242 1761 4324; baseline 0.009 -31"><span class='ocrx_word' id='word_1_444' title='bbox 195 4242 452 4306; x_wconf 86' lang='grc' dir='ltr'>άλλακτος</span> <span class='ocrx_word' id='word_1_445' title='bbox 480 4245 579 4314; x_wconf 79' lang='grc' dir='ltr'>τῆς</span> <span class='ocrx_word' id='word_1_446' title='bbox 601 4247 790 4311; x_wconf 87' lang='grc' dir='ltr'>οὐσίας</span> <span class='ocrx_word' id='word_1_447' title='bbox 829 4246 989 4301; x_wconf 84' lang='grc' dir='ltr'>εἰκών</span> <span class='ocrx_word' id='word_1_448' title='bbox 1019 4251 1164 4302; x_wconf 80' lang='grc' dir='ltr'>ἐστιν</span> <span class='ocrx_word' id='word_1_449' title='bbox 1194 4268 1206 4324; x_wconf 68' lang='grc' dir='ltr'><strong>ς</strong></span> <span class='ocrx_word' id='word_1_450' title='bbox 1254 4253 1316 4303; x_wconf 85' lang='grc' dir='ltr'><strong>Εἰ</strong></span> <span class='ocrx_word' id='word_1_451' title='bbox 1354 4252 1408 4304; x_wconf 80' lang='grc' dir='ltr'>δὲ</span> <span class='ocrx_word' id='word_1_452' title='bbox 1442 4254 1761 4322; x_wconf 79' lang='grc' dir='ltr'>μετέγνωτε,</span> 
     </span>
    </p>
   </div>
   <div class='ocr_carea' id='block_1_61' title="bbox 194 4335 1764 4412">
    <p class='ocr_par' dir='ltr' id='par_1_61' title="bbox 194 4335 1764 4412">
     <span class='ocr_line' id='line_1_61' title="bbox 194 4335 1764 4412; baseline 0.008 -26"><span class='ocrx_word' id='word_1_453' title='bbox 194 4335 496 4405; x_wconf 59' lang='grc' dir='ltr'>γράψαντες</span> <span class='ocrx_word' id='word_1_454' title='bbox 526 4338 603 4400; x_wconf 75' lang='grc' dir='ltr'>τὸ,</span> <span class='ocrx_word' id='word_1_455' title='bbox 635 4340 733 4409; x_wconf 78' lang='grc' dir='ltr'>τῆς</span> <span class='ocrx_word' id='word_1_456' title='bbox 765 4341 950 4404; x_wconf 87' lang='grc' dir='ltr'>οὐσίας</span> <span class='ocrx_word' id='word_1_457' title='bbox 982 4341 1395 4412; x_wconf 83' lang='grc' dir='ltr'>ἀπαράλλακτος</span> <span class='ocrx_word' id='word_1_458' title='bbox 1428 4336 1614 4399; x_wconf 84' lang='grc' dir='ltr'>εἰκών·</span> <span class='ocrx_word' id='word_1_459' title='bbox 1651 4347 1764 4411; x_wconf 83' lang='grc' dir='ltr'><strong>πῶς</strong></span> 
     </span>
    </p>
   </div>
   <div class='ocr_carea' id='block_1_62' title="bbox 194 4425 1764 4503">
    <p class='ocr_par' dir='ltr' id='par_1_62' title="bbox 194 4425 1764 4503">
     <span class='ocr_line' id='line_1_62' title="bbox 194 4425 1764 4503; baseline 0.009 -27"><span class='ocrx_word' id='word_1_460' title='bbox 194 4425 607 4496; x_wconf 70' lang='grc' dir='ltr'>ἀναθεματίζετε</span> <span class='ocrx_word' id='word_1_461' title='bbox 635 4431 759 4493; x_wconf 79' lang='grc' dir='ltr'>τοὺς</span> <span class='ocrx_word' id='word_1_462' title='bbox 793 4431 1041 4500; x_wconf 86' lang='grc' dir='ltr'>ἀνόμοιον</span> <span class='ocrx_word' id='word_1_463' title='bbox 1069 4429 1206 4486; x_wconf 71' lang='grc' dir='ltr'>εἶναι</span> <span class='ocrx_word' id='word_1_464' title='bbox 1241 4434 1494 4503; x_wconf 84' lang='grc' dir='ltr'>λέγοντας</span> <span class='ocrx_word' id='word_1_465' title='bbox 1674 4437 1764 4491; x_wconf 83' lang='grc' dir='ltr'><strong>τὸν</strong></span> 
     </span>
    </p>
   </div>
   <div class='ocr_carea' id='block_1_63' title="bbox 195 4512 1762 4590">
    <p class='ocr_par' dir='ltr' id='par_1_63' title="bbox 195 4512 1762 4590">
     <span class='ocr_line' id='line_1_63' title="bbox 195 4512 1762 4590; baseline 0.01 -26"><span class='ocrx_word' id='word_1_466' title='bbox 195 4512 352 4578; x_wconf 82' lang='grc' dir='ltr'>Υἱόν;</span> <span class='ocrx_word' id='word_1_467' title='bbox 389 4517 448 4566; x_wconf 72' lang='lat' dir='ltr'><strong>Et</strong></span> <span class='ocrx_word' id='word_1_468' title='bbox 495 4517 601 4588; x_wconf 84' lang='grc' dir='ltr'><strong>γάρ</strong></span> <span class='ocrx_word' id='word_1_469' title='bbox 645 4519 738 4587; x_wconf 86' lang='grc' dir='ltr'><strong>οὐχ</strong></span> <span class='ocrx_word' id='word_1_470' title='bbox 773 4521 954 4589; x_wconf 83' lang='grc' dir='ltr'>ὅμοιος</span> <span class='ocrx_word' id='word_1_471' title='bbox 990 4523 1108 4574; x_wconf 80' lang='grc' dir='ltr'>κατ’</span> <span class='ocrx_word' id='word_1_472' title='bbox 1151 4523 1368 4589; x_wconf 86' lang='grc' dir='ltr'>οὐσίαν,</span> <span class='ocrx_word' id='word_1_473' title='bbox 1412 4526 1625 4590; x_wconf 84' lang='grc' dir='ltr'>πάντως</span> <span class='ocrx_word' id='word_1_474' title='bbox 1671 4528 1762 4580; x_wconf 84' lang='grc' dir='ltr'><strong>ἀν-</strong></span> 
     </span>
    </p>
   </div>
   <div class='ocr_carea' id='block_1_64' title="bbox 193 4601 1761 4684">
    <p class='ocr_par' dir='ltr' id='par_1_64' title="bbox 193 4601 1761 4684">
     <span class='ocr_line' id='line_1_64' title="bbox 193 4601 1761 4684; baseline 0.012 -31"><span class='ocrx_word' id='word_1_475' title='bbox 193 4601 373 4671; x_wconf 78' lang='grc' dir='ltr'>όμοιός</span> <span class='ocrx_word' id='word_1_476' title='bbox 397 4605 534 4659; x_wconf 84' lang='grc' dir='ltr'>ἐστι.</span> <span class='ocrx_word' id='word_1_477' title='bbox 569 4606 641 4658; x_wconf 83' lang='grc' dir='ltr'><strong>Τὸ</strong></span> <span class='ocrx_word' id='word_1_478' title='bbox 663 4606 718 4658; x_wconf 83' lang='grc' dir='ltr'><strong>δὲ</strong></span> <span class='ocrx_word' id='word_1_479' title='bbox 751 4609 1000 4680; x_wconf 83' lang='grc' dir='ltr'>ἀνόμοιον</span> <span class='ocrx_word' id='word_1_480' title='bbox 1029 4612 1127 4664; x_wconf 85' lang='grc' dir='ltr'><strong>οὐκ</strong></span> <span class='ocrx_word' id='word_1_481' title='bbox 1161 4613 1226 4665; x_wconf 83' lang='grc' dir='ltr'>ἂν</span> <span class='ocrx_word' id='word_1_482' title='bbox 1273 4614 1356 4684; x_wconf 80' lang='grc' dir='ltr'>εἴη</span> <span class='ocrx_word' id='word_1_483' title='bbox 1395 4615 1575 4669; x_wconf 83' lang='grc' dir='ltr'>εἰκών.</span> <span class='ocrx_word' id='word_1_484' title='bbox 1612 4618 1672 4669; x_wconf 84' lang='grc' dir='ltr'>Εἰ</span> <span class='ocrx_word' id='word_1_485' title='bbox 1703 4617 1761 4672; x_wconf 84' lang='grc' dir='ltr'><strong>δὲ</strong></span> 
     </span>
    </p>
   </div>
   <div class='ocr_carea' id='block_1_65' title="bbox 189 4684 1762 4777">
    <p class='ocr_par' dir='ltr' id='par_1_65' title="bbox 189 4693 1762 4777">
     <span class='ocr_line' id='line_1_65' title="bbox 189 4693 1762 4777; baseline 0.011 -33"><span class='ocrx_word' id='word_1_486' title='bbox 189 4693 330 4746; x_wconf 76' lang='grc' dir='ltr'>οὕτω</span> <span class='ocrx_word' id='word_1_487' title='bbox 349 4695 470 4747; x_wconf 79' lang='grc' dir='ltr'>καθ’</span> <span class='ocrx_word' id='word_1_488' title='bbox 501 4698 644 4766; x_wconf 76' lang='grc' dir='ltr'>ὑμᾶς</span> <span class='ocrx_word' id='word_1_489' title='bbox 676 4701 842 4762; x_wconf 80' lang='grc' dir='ltr'>ἐστιν,</span> <span class='ocrx_word' id='word_1_490' title='bbox 869 4701 968 4754; x_wconf 86' lang='grc' dir='ltr'><strong>οὐκ</strong></span> <span class='ocrx_word' id='word_1_491' title='bbox 999 4702 1106 4774; x_wconf 76' lang='grc' dir='ltr'>ἄρα</span> <span class='ocrx_word' id='word_1_492' title='bbox 1146 4704 1173 4754; x_wconf 79' lang='grc' dir='ltr'>ὁ</span> <span class='ocrx_word' id='word_1_493' title='bbox 1206 4705 1296 4756; x_wconf 78' lang='grc' dir='ltr'><strong>τὸν</strong></span> <span class='ocrx_word' id='word_1_494' title='bbox 1342 4705 1468 4758; x_wconf 73' lang='grc' dir='ltr'>Υίὸν</span> <span class='ocrx_word' id='word_1_495' title='bbox 1507 4705 1762 4777; x_wconf 77' lang='grc' dir='ltr'>ἑωρακὼς</span> 
     </span>
    </p>
   </div>
   <div class='ocr_carea' id='block_1_66' title="bbox 188 4781 1753 4867">
    <p class='ocr_par' dir='ltr' id='par_1_66' title="bbox 188 4781 1753 4867">
     <span class='ocr_line' id='line_1_66' title="bbox 188 4781 1753 4867; baseline 0.01 -34"><span class='ocrx_word' id='word_1_496' title='bbox 188 4781 397 4853; x_wconf 80' lang='grc' dir='ltr'>ἑώρακε</span> <span class='ocrx_word' id='word_1_497' title='bbox 424 4784 517 4838; x_wconf 76' lang='grc' dir='ltr'><strong>τὸν</strong></span> <span class='ocrx_word' id='word_1_498' title='bbox 544 4787 782 4858; x_wconf 80' lang='grc' dir='ltr'>Πατέρα,</span> <span class='ocrx_word' id='word_1_499' title='bbox 813 4789 1066 4859; x_wconf 82' lang='grc' dir='ltr'>πλείστης</span> <span class='ocrx_word' id='word_1_500' title='bbox 1094 4791 1224 4862; x_wconf 83' lang='grc' dir='ltr'>ὅσης</span> <span class='ocrx_word' id='word_1_501' title='bbox 1266 4791 1428 4865; x_wconf 76' lang='grc' dir='ltr'>οὔσης</span> <span class='ocrx_word' id='word_1_502' title='bbox 1472 4793 1753 4867; x_wconf 66' lang='grc' dir='ltr'><strong>διαφορᾶς⁹</strong></span> 
     </span>
    </p>
   </div>
   <div class='ocr_carea' id='block_1_67' title="bbox 191 4876 1758 4957">
    <p class='ocr_par' dir='ltr' id='par_1_67' title="bbox 191 4876 1758 4957">
     <span class='ocr_line' id='line_1_67' title="bbox 191 4876 1758 4957; baseline 0.011 -30"><span class='ocrx_word' id='word_1_503' title='bbox 191 4876 388 4944; x_wconf 73' lang='grc' dir='ltr'>μᾶλλον</span> <span class='ocrx_word' id='word_1_504' title='bbox 418 4878 475 4930; x_wconf 77' lang='grc' dir='ltr'><strong>δὲ</strong></span> <span class='ocrx_word' id='word_1_505' title='bbox 507 4877 566 4931; x_wconf 72' lang='grc' dir='ltr'>τὺ</span> <span class='ocrx_word' id='word_1_506' title='bbox 598 4880 715 4934; x_wconf 83' lang='grc' dir='ltr'>ὅλον</span> <span class='ocrx_word' id='word_1_507' title='bbox 744 4881 893 4946; x_wconf 76' lang='grc' dir='ltr'>ὄντος</span> <span class='ocrx_word' id='word_1_508' title='bbox 919 4883 1106 4938; x_wconf 83' lang='grc' dir='ltr'>τούτου</span> <span class='ocrx_word' id='word_1_509' title='bbox 1150 4887 1283 4957; x_wconf 77' lang='grc' dir='ltr'>πρὸς</span> <span class='ocrx_word' id='word_1_510' title='bbox 1314 4889 1516 4940; x_wconf 85' lang='grc' dir='ltr'>ἐκεῖνον</span> <span class='ocrx_word' id='word_1_511' title='bbox 1665 4892 1758 4945; x_wconf 84' lang='grc' dir='ltr'>ἁν-</span> 
     </span>
    </p>
   </div>
   <div class='ocr_carea' id='block_1_68' title="bbox 185 4965 1753 5049">
    <p class='ocr_par' dir='ltr' id='par_1_68' title="bbox 185 4965 1753 5049">
     <span class='ocr_line' id='line_1_68' title="bbox 185 4965 1753 5049; baseline 0.01 -29"><span class='ocrx_word' id='word_1_512' title='bbox 185 4965 390 5036; x_wconf 84' lang='grc' dir='ltr'>ομοίου.</span> <span class='ocrx_word' id='word_1_513' title='bbox 423 4967 494 5022; x_wconf 82' lang='grc' dir='ltr'><strong>Τὸ</strong></span> <span class='ocrx_word' id='word_1_514' title='bbox 541 4970 595 5023; x_wconf 84' lang='grc' dir='ltr'><strong>δὲ</strong></span> <span class='ocrx_word' id='word_1_515' title='bbox 631 4971 879 5042; x_wconf 84' lang='grc' dir='ltr'>ἀνόμοιον</span> <span class='ocrx_word' id='word_1_516' title='bbox 908 4976 1003 5046; x_wconf 85' lang='grc' dir='ltr'><strong>οὐχ</strong></span> <span class='ocrx_word' id='word_1_517' title='bbox 1029 4972 1138 5029; x_wconf 73' lang='grc' dir='ltr'>οἷόν</span> <span class='ocrx_word' id='word_1_518' title='bbox 1181 4995 1243 5030; x_wconf 86' lang='grc' dir='ltr'>τε·</span> <span class='ocrx_word' id='word_1_519' title='bbox 1271 4980 1450 5048; x_wconf 86' lang='grc' dir='ltr'>ὅμοιον</span> <span class='ocrx_word' id='word_1_520' title='bbox 1484 4980 1753 5049; x_wconf 77' lang='grc' dir='ltr'>λέγεσθαι.</span> 
     </span>
    </p>
   </div>
   <div class='ocr_carea' id='block_1_69' title="bbox 188 5049 1757 5138">
    <p class='ocr_par' dir='ltr' id='par_1_69' title="bbox 188 5059 1757 5138">
     <span class='ocr_line' id='line_1_69' title="bbox 188 5059 1757 5138; baseline 0.01 -28"><span class='ocrx_word' id='word_1_521' title='bbox 188 5059 324 5129; x_wconf 74' lang='grc' dir='ltr'>Ποία</span> <span class='ocrx_word' id='word_1_522' title='bbox 342 5059 518 5112; x_wconf 87' lang='grc' dir='ltr'>τοίνυν</span> <span class='ocrx_word' id='word_1_523' title='bbox 553 5067 766 5135; x_wconf 76' lang='grc' dir='ltr'>μηχανῇ</span> <span class='ocrx_word' id='word_1_524' title='bbox 799 5065 857 5117; x_wconf 82' lang='grc' dir='ltr'><strong>τὸ</strong></span> <span class='ocrx_word' id='word_1_525' title='bbox 877 5066 1124 5136; x_wconf 80' lang='grc' dir='ltr'>ἀνόμοιον</span> <span class='ocrx_word' id='word_1_526' title='bbox 1144 5068 1326 5138; x_wconf 77' lang='grc' dir='ltr'>ὅμοιον</span> <span class='ocrx_word' id='word_1_527' title='bbox 1349 5070 1554 5138; x_wconf 82' lang='grc' dir='ltr'>λέγετε,</span> <span class='ocrx_word' id='word_1_528' title='bbox 1585 5073 1676 5125; x_wconf 73' lang='grc' dir='ltr'><strong>καὶ</strong></span> <span class='ocrx_word' id='word_1_529' title='bbox 1699 5072 1757 5125; x_wconf 83' lang='grc' dir='ltr'><strong>τὸ</strong></span> 
     </span>
    </p>
   </div>
   <div class='ocr_carea' id='block_1_70' title="bbox 187 5149 1756 5227">
    <p class='ocr_par' dir='ltr' id='par_1_70' title="bbox 187 5149 1756 5227">
     <span class='ocr_line' id='line_1_70' title="bbox 187 5149 1756 5227; baseline 0.007 -27"><span class='ocrx_word' id='word_1_530' title='bbox 187 5149 367 5217; x_wconf 81' lang='grc' dir='ltr'>ὅμοιον</span> <span class='ocrx_word' id='word_1_531' title='bbox 400 5149 649 5220; x_wconf 82' lang='grc' dir='ltr'>ἀνόμοιον</span> <span class='ocrx_word' id='word_1_532' title='bbox 675 5156 919 5223; x_wconf 75' lang='grc' dir='ltr'>φρονεῖτε</span> <span class='ocrx_word' id='word_1_533' title='bbox 939 5195 952 5216; x_wconf 92' lang='grc'><strong>,</strong></span> <span class='ocrx_word' id='word_1_534' title='bbox 998 5157 1090 5207; x_wconf 81' lang='grc' dir='ltr'><strong>καὶ</strong></span> <span class='ocrx_word' id='word_1_535' title='bbox 1129 5155 1480 5227; x_wconf 82' lang='grc' dir='ltr'>ὑποκρίνεσθε</span> <span class='ocrx_word' id='word_1_536' title='bbox 1512 5158 1756 5225; x_wconf 82' lang='grc' dir='ltr'>λέγοντες</span> 
     </span>
    </p>
   </div>
   <div class='ocr_carea' id='block_1_71' title="bbox 188 5235 1753 5320">
    <p class='ocr_par' dir='ltr' id='par_1_71' title="bbox 188 5235 1753 5320">
     <span class='ocr_line' id='line_1_71' title="bbox 188 5235 1753 5320; baseline 0.008 -30"><span class='ocrx_word' id='word_1_537' title='bbox 188 5239 364 5291; x_wconf 74' lang='grc' dir='ltr'>εἰκόνα</span> <span class='ocrx_word' id='word_1_538' title='bbox 389 5235 525 5294; x_wconf 77' lang='grc' dir='ltr'>εἶναι</span> <span class='ocrx_word' id='word_1_539' title='bbox 554 5243 648 5295; x_wconf 78' lang='grc' dir='ltr'>τοῦ</span> <span class='ocrx_word' id='word_1_540' title='bbox 680 5244 889 5315; x_wconf 83' lang='grc' dir='ltr'>Πατρὺς</span> <span class='ocrx_word' id='word_1_541' title='bbox 933 5245 1022 5298; x_wconf 76' lang='grc' dir='ltr'><strong>τὸν</strong></span> <span class='ocrx_word' id='word_1_542' title='bbox 1054 5246 1214 5312; x_wconf 80' lang='grc' dir='ltr'>Υίόν;</span> <span class='ocrx_word' id='word_1_543' title='bbox 1251 5248 1313 5299; x_wconf 84' lang='lat' dir='ltr'><strong>El</strong></span> <span class='ocrx_word' id='word_1_544' title='bbox 1352 5248 1456 5320; x_wconf 76' lang='grc' dir='ltr'>γὰρ</span> <span class='ocrx_word' id='word_1_545' title='bbox 1499 5250 1596 5301; x_wconf 90' lang='grc' dir='ltr'><strong>οὐκ</strong></span> <span class='ocrx_word' id='word_1_546' title='bbox 1640 5249 1753 5303; x_wconf 80' lang='grc' dir='ltr'>ἔστι</span> 
     </span>
    </p>
   </div>
   <div class='ocr_carea' id='block_1_72' title="bbox 185 5331 1750 5412">
    <p class='ocr_par' dir='ltr' id='par_1_72' title="bbox 185 5331 1750 5412">
     <span class='ocr_line' id='line_1_72' title="bbox 185 5331 1750 5412; baseline 0.009 -32"><span class='ocrx_word' id='word_1_547' title='bbox 185 5333 306 5382; x_wconf 83' lang='grc' dir='ltr'>κατ’</span> <span class='ocrx_word' id='word_1_548' title='bbox 326 5331 510 5384; x_wconf 87' lang='grc' dir='ltr'>οὐσίαν</span> <span class='ocrx_word' id='word_1_549' title='bbox 537 5334 720 5402; x_wconf 82' lang='grc' dir='ltr'>ὅμοιος</span> <span class='ocrx_word' id='word_1_550' title='bbox 754 5335 782 5387; x_wconf 87' lang='grc' dir='ltr'>ὁ</span> <span class='ocrx_word' id='word_1_551' title='bbox 819 5335 942 5399; x_wconf 73' lang='grc' dir='ltr'>Υἱὸς</span> <span class='ocrx_word' id='word_1_552' title='bbox 963 5337 1052 5390; x_wconf 84' lang='grc' dir='ltr'>τοῦ</span> <span class='ocrx_word' id='word_1_553' title='bbox 1084 5338 1327 5408; x_wconf 77' lang='grc' dir='ltr'>Πατρὸς,</span> <span class='ocrx_word' id='word_1_554' title='bbox 1377 5339 1549 5392; x_wconf 85' lang='grc' dir='ltr'>λείπει</span> <span class='ocrx_word' id='word_1_555' title='bbox 1589 5359 1639 5394; x_wconf 85' lang='grc' dir='ltr'><strong>τι</strong></span> <span class='ocrx_word' id='word_1_556' title='bbox 1686 5345 1750 5412; x_wconf 71' lang='grc' dir='ltr'>τῇ</span> 
     </span>
    </p>
   </div>
   <div class='ocr_carea' id='block_1_73' title="bbox 183 5422 1754 5496">
    <p class='ocr_par' dir='ltr' id='par_1_73' title="bbox 183 5422 1754 5496">
     <span class='ocr_line' id='line_1_73' title="bbox 183 5422 1754 5496; baseline 0.009 -25"><span class='ocrx_word' id='word_1_557' title='bbox 183 5422 369 5487; x_wconf 79' lang='grc' dir='ltr'>εἰκόνι,</span> <span class='ocrx_word' id='word_1_558' title='bbox 389 5425 481 5477; x_wconf 76' lang='grc' dir='ltr'><strong>καὶ</strong></span> <span class='ocrx_word' id='word_1_559' title='bbox 498 5426 596 5478; x_wconf 84' lang='grc' dir='ltr'><strong>οὐκ</strong></span> <span class='ocrx_word' id='word_1_560' title='bbox 621 5425 734 5478; x_wconf 81' lang='grc' dir='ltr'>ἔστι</span> <span class='ocrx_word' id='word_1_561' title='bbox 768 5426 978 5496; x_wconf 82' lang='grc' dir='ltr'>πλήρης</span> <span class='ocrx_word' id='word_1_562' title='bbox 1011 5427 1193 5494; x_wconf 76' lang='grc' dir='ltr'>εἰκὼν,</span> <span class='ocrx_word' id='word_1_563' title='bbox 1218 5429 1336 5482; x_wconf 78' lang='grc' dir='ltr'>οὐδὲ</span> <span class='ocrx_word' id='word_1_564' title='bbox 1355 5430 1553 5483; x_wconf 80' lang='grc' dir='ltr'>τέλειον</span> <span class='ocrx_word' id='word_1_565' title='bbox 1578 5433 1754 5485; x_wconf 86' lang='grc' dir='ltr'>ἀπαύ-</span> 
     </span>
    </p>
   </div>
   <div class='ocr_carea' id='block_1_74' title="bbox 181 5515 1749 5594">
    <p class='ocr_par' dir='ltr' id='par_1_74' title="bbox 181 5515 1749 5594">
     <span class='ocr_line' id='line_1_74' title="bbox 181 5515 1749 5594; baseline 0.009 -29"><span class='ocrx_word' id='word_1_566' title='bbox 181 5532 386 5584; x_wconf 75' lang='grc' dir='ltr'>γασμα.</span> <span class='ocrx_word' id='word_1_567' title='bbox 428 5517 550 5580; x_wconf 85' lang='grc' dir='ltr'>Πῶς</span> <span class='ocrx_word' id='word_1_568' title='bbox 574 5515 667 5571; x_wconf 75' lang='grc' dir='ltr'><strong>οὖν</strong></span> <span class='ocrx_word' id='word_1_569' title='bbox 697 5518 1092 5587; x_wconf 81' lang='grc' dir='ltr'>ἀναγινώσκετε</span> <span class='ocrx_word' id='word_1_570' title='bbox 1127 5522 1205 5584; x_wconf 78' lang='grc' dir='ltr'><strong>τὸ,</strong></span> <span class='ocrx_word' id='word_1_571' title='bbox 1253 5543 1270 5572; x_wconf 75' lang='grc' dir='ltr'>ι</span> <span class='ocrx_word' id='word_1_572' title='bbox 1321 5523 1408 5575; x_wconf 87' lang='grc' dir='ltr'>Ἐν</span> <span class='ocrx_word' id='word_1_573' title='bbox 1444 5523 1590 5594; x_wconf 86' lang='grc' dir='ltr'>αὐτῷ</span> <span class='ocrx_word' id='word_1_574' title='bbox 1619 5543 1749 5578; x_wconf 84' lang='grc' dir='ltr'>κατ-</span> 
     </span>
    </p>
   </div>
   <div class='ocr_carea' id='block_1_75' title="bbox 180 5608 1744 5687">
    <p class='ocr_par' dir='ltr' id='par_1_75' title="bbox 180 5608 1744 5687">
     <span class='ocr_line' id='line_1_75' title="bbox 180 5608 1744 5687; baseline 0.01 -31"><span class='ocrx_word' id='word_1_575' title='bbox 180 5608 318 5657; x_wconf 77' lang='grc' dir='ltr'>οικεῖ</span> <span class='ocrx_word' id='word_1_576' title='bbox 346 5610 451 5660; x_wconf 81' lang='grc' dir='ltr'>πᾶν</span> <span class='ocrx_word' id='word_1_577' title='bbox 483 5610 543 5662; x_wconf 75' lang='grc' dir='ltr'><strong>τὸ</strong></span> <span class='ocrx_word' id='word_1_578' title='bbox 593 5610 862 5681; x_wconf 79' lang='grc' dir='ltr'>πλήρωμα</span> <span class='ocrx_word' id='word_1_579' title='bbox 896 5613 996 5681; x_wconf 72' lang='grc' dir='ltr'>τῆς</span> <span class='ocrx_word' id='word_1_580' title='bbox 1037 5615 1285 5685; x_wconf 77' lang='grc' dir='ltr'>Οεότητος</span> <span class='ocrx_word' id='word_1_581' title='bbox 1333 5618 1685 5687; x_wconf 58' lang='grc' dir='ltr'><strong>σωματηκῶς⁹</strong></span> <span class='ocrx_word' id='word_1_582' title='bbox 1727 5640 1744 5671; x_wconf 75' lang='grc' dir='ltr'><strong>ι</strong></span> 
     </span>
    </p>
   </div>
   <div class='ocr_carea' id='block_1_76' title="bbox 183 5699 1749 5775">
    <p class='ocr_par' dir='ltr' id='par_1_76' title="bbox 183 5699 1749 5775">
     <span class='ocr_line' id='line_1_76' title="bbox 183 5699 1749 5775; baseline 0.01 -25"><span class='ocrx_word' id='word_1_583' title='bbox 183 5699 293 5760; x_wconf 72' lang='grc' dir='ltr'>καὶ,</span> <span class='ocrx_word' id='word_1_584' title='bbox 318 5718 332 5748; x_wconf 75' lang='grc' dir='ltr'><strong>ι</strong></span> <span class='ocrx_word' id='word_1_585' title='bbox 359 5700 450 5751; x_wconf 82' lang='grc' dir='ltr'>Ἐκ</span> <span class='ocrx_word' id='word_1_586' title='bbox 471 5702 564 5753; x_wconf 71' lang='grc' dir='ltr'>τοῦ</span> <span class='ocrx_word' id='word_1_587' title='bbox 600 5701 956 5774; x_wconf 77' lang='grc' dir='ltr'>πληρώματος</span> <span class='ocrx_word' id='word_1_588' title='bbox 983 5706 1144 5757; x_wconf 51' lang='lat' dir='ltr'><strong>ain/3</strong></span> <span class='ocrx_word' id='word_1_589' title='bbox 1168 5708 1320 5775; x_wconf 73' lang='grc' dir='ltr'>ἡμεῖς</span> <span class='ocrx_word' id='word_1_590' title='bbox 1347 5709 1544 5774; x_wconf 85' lang='grc' dir='ltr'>πάντες</span> <span class='ocrx_word' id='word_1_591' title='bbox 1566 5710 1749 5765; x_wconf 70' lang='grc' dir='ltr'>ἐλάϐο-</span> 
     </span>
    </p>
   </div>
   <div class='ocr_carea' id='block_1_77' title="bbox 269 5855 726 5920">
    <p class='ocr_par' dir='ltr' id='par_1_77' title="bbox 269 5855 726 5920">
     <span class='ocr_line' id='line_1_77' title="bbox 269 5855 726 5920; baseline 0.013 -14"><span class='ocrx_word' id='word_1_592' title='bbox 269 5855 283 5884; x_wconf 88' lang='grc'>¹</span> <span class='ocrx_word' id='word_1_593' title='bbox 317 5855 473 5908; x_wconf 74' lang='lat' dir='ltr'><strong>Prov.</strong></span> <span class='ocrx_word' id='word_1_594' title='bbox 511 5872 606 5920; x_wconf 79' lang='lat' dir='ltr'><strong>vn,</strong></span> <span class='ocrx_word' id='word_1_595' title='bbox 637 5857 726 5912; x_wconf 67' lang='lat'><strong>‘22.</strong></span> 
     </span>
    </p>
   </div>
   <div class='ocr_carea' id='block_1_78' title="bbox 1799 3377 1842 3431">
    <p class='ocr_par' dir='ltr' id='par_1_78' title="bbox 1799 3377 1842 3431">
     <span class='ocr_line' id='line_1_78' title="bbox 1799 3377 1842 3431; baseline 0 -1"><span class='ocrx_word' id='word_1_596' title='bbox 1799 3377 1842 3431; x_wconf 71' lang='grc' dir='ltr'><strong>(ἶ</strong></span> 
     </span>
    </p>
   </div>
   <div class='ocr_carea' id='block_1_79' title="bbox 1789 4663 1829 4716">
    <p class='ocr_par' dir='ltr' id='par_1_79' title="bbox 1789 4663 1829 4716">
     <span class='ocr_line' id='line_1_79' title="bbox 1789 4663 1829 4716; baseline 0 0"><span class='ocrx_word' id='word_1_597' title='bbox 1789 4663 1829 4716; x_wconf 91' lang='lat' dir='ltr'><strong>D</strong></span> 
     </span>
    </p>
   </div>
   <div class='ocr_carea' id='block_1_80' title="bbox 1868 2058 3430 2130">
    <p class='ocr_par' dir='ltr' id='par_1_80' title="bbox 1868 2058 3430 2130">
     <span class='ocr_line' id='line_1_80' title="bbox 1868 2058 3430 2130; baseline 0.001 -19"><span class='ocrx_word' id='word_1_598' title='bbox 1868 2058 2190 2127; x_wconf 84' lang='lat' dir='ltr'><strong>majoribus,</strong></span> <span class='ocrx_word' id='word_1_599' title='bbox 2225 2069 2276 2113; x_wconf 92' lang='lat' dir='ltr'><strong>et</strong></span> <span class='ocrx_word' id='word_1_600' title='bbox 2311 2075 2432 2114; x_wconf 91' lang='lat' dir='ltr'><strong>cum</strong></span> <span class='ocrx_word' id='word_1_601' title='bbox 2469 2061 2716 2129; x_wconf 83' lang='lat' dir='ltr'><strong>patribus</strong></span> <span class='ocrx_word' id='word_1_602' title='bbox 2751 2060 2866 2114; x_wconf 87' lang='lat' dir='ltr'><strong>suis</strong></span> <span class='ocrx_word' id='word_1_603' title='bbox 2890 2068 3171 2130; x_wconf 80' lang='lat' dir='ltr'><strong>pugnant,</strong></span> <span class='ocrx_word' id='word_1_604' title='bbox 3203 2060 3291 2114; x_wconf 89' lang='lat' dir='ltr'><strong>ubi</strong></span> <span class='ocrx_word' id='word_1_605' title='bbox 3331 2062 3430 2129; x_wconf 84' lang='lat' dir='ltr'><strong>ipsi</strong></span> 
     </span>
    </p>
   </div>
   <div class='ocr_carea' id='block_1_81' title="bbox 1870 2152 3461 2222">
    <p class='ocr_par' dir='ltr' id='par_1_81' title="bbox 1870 2152 3461 2222">
     <span class='ocr_line' id='line_1_81' title="bbox 1870 2152 3461 2222; baseline -0.001 -16"><span class='ocrx_word' id='word_1_606' title='bbox 1870 2167 2052 2206; x_wconf 87' lang='lat' dir='ltr'><strong>secum</strong></span> <span class='ocrx_word' id='word_1_607' title='bbox 2087 2161 2404 2207; x_wconf 89' lang='lat' dir='ltr'><strong>concertant</strong></span> <span class='ocrx_word' id='word_1_608' title='bbox 2448 2153 2500 2206; x_wconf 91' lang='lat' dir='ltr'><strong>in</strong></span> <span class='ocrx_word' id='word_1_609' title='bbox 2545 2169 2710 2222; x_wconf 84' lang='lat' dir='ltr'><strong>seque</strong></span> <span class='ocrx_word' id='word_1_610' title='bbox 2741 2152 2888 2222; x_wconf 89' lang='lat' dir='ltr'><strong>ipsos</strong></span> <span class='ocrx_word' id='word_1_611' title='bbox 2916 2152 3266 2222; x_wconf 87' lang='lat' dir='ltr'><strong>impingunt?</strong></span> <span class='ocrx_word' id='word_1_612' title='bbox 3295 2153 3461 2205; x_wconf 67' lang='lat' dir='ltr'><strong>Cunr</strong></span> 
     </span>
    </p>
   </div>
   <div class='ocr_carea' id='block_1_82' title="bbox 1866 2236 3434 2307">
    <p class='ocr_par' dir='ltr' id='par_1_82' title="bbox 1866 2236 3434 2307">
     <span class='ocr_line' id='line_1_82' title="bbox 1866 2236 3434 2307; baseline 0.001 -13"><span class='ocrx_word' id='word_1_613' title='bbox 1866 2241 2010 2294; x_wconf 89' lang='lat' dir='ltr'><strong>enim</strong></span> <span class='ocrx_word' id='word_1_614' title='bbox 2042 2241 2340 2295; x_wconf 77' lang='lat' dir='ltr'><strong>Antiochia:</strong></span> <span class='ocrx_word' id='word_1_615' title='bbox 2369 2236 2421 2294; x_wconf 92' lang='lat' dir='ltr'><strong>in</strong></span> <span class='ocrx_word' id='word_1_616' title='bbox 2457 2241 2747 2307; x_wconf 72' lang='lat' dir='ltr'><strong>Enczeui&#39;rs,</strong></span> <span class='ocrx_word' id='word_1_617' title='bbox 2787 2251 2845 2295; x_wconf 88' lang='lat' dir='ltr'><strong>ut</strong></span> <span class='ocrx_word' id='word_1_618' title='bbox 2888 2251 3114 2306; x_wconf 81' lang='lat' dir='ltr'><strong>vocant,</strong></span> <span class='ocrx_word' id='word_1_619' title='bbox 3161 2243 3434 2296; x_wconf 88' lang='lat' dir='ltr'><strong>declaras-</strong></span> 
     </span>
    </p>
   </div>
   <div class='ocr_carea' id='block_1_83' title="bbox 1868 2332 3433 2388">
    <p class='ocr_par' dir='ltr' id='par_1_83' title="bbox 1868 2332 3433 2388">
     <span class='ocr_line' id='line_1_83' title="bbox 1868 2332 3433 2388; baseline -0.003 0"><span class='ocrx_word' id='word_1_620' title='bbox 1868 2343 1988 2388; x_wconf 87' lang='lat' dir='ltr'><strong>sent</strong></span> <span class='ocrx_word' id='word_1_621' title='bbox 2022 2332 2217 2387; x_wconf 89' lang='lat' dir='ltr'><strong>Filium</strong></span> <span class='ocrx_word' id='word_1_622' title='bbox 2248 2349 2368 2388; x_wconf 89' lang='lat' dir='ltr'><strong>esse</strong></span> <span class='ocrx_word' id='word_1_623' title='bbox 2395 2333 2713 2388; x_wconf 83' lang='lat' dir='ltr'><strong>substantiae</strong></span> <span class='ocrx_word' id='word_1_624' title='bbox 2751 2332 2928 2387; x_wconf 84' lang='lat' dir='ltr'><strong>Patris</strong></span> <span class='ocrx_word' id='word_1_625' title='bbox 2965 2333 3105 2388; x_wconf 77' lang='lat' dir='ltr'><strong>sine</strong></span> <span class='ocrx_word' id='word_1_626' title='bbox 3136 2333 3241 2385; x_wconf 87' lang='lat' dir='ltr'><strong>ulla</strong></span> <span class='ocrx_word' id='word_1_627' title='bbox 3273 2333 3433 2388; x_wconf 87' lang='lat' dir='ltr'><strong>dissi-</strong></span> 
     </span>
    </p>
   </div>
   <div class='ocr_carea' id='block_1_84' title="bbox 1870 2422 3430 2494">
    <p class='ocr_par' dir='ltr' id='par_1_84' title="bbox 1870 2422 3430 2494">
     <span class='ocr_line' id='line_1_84' title="bbox 1870 2422 3430 2494; baseline -0.002 -17"><span class='ocrx_word' id='word_1_628' title='bbox 1870 2422 2173 2479; x_wconf 80' lang='lat' dir='ltr'><strong>militudine</strong></span> <span class='ocrx_word' id='word_1_629' title='bbox 2200 2425 2514 2494; x_wconf 87' lang='lat' dir='ltr'><strong>imaginem,</strong></span> <span class='ocrx_word' id='word_1_630' title='bbox 2558 2424 2946 2494; x_wconf 77' lang='lat' dir='ltr'><strong>jurassent‘que</strong></span> <span class='ocrx_word' id='word_1_631' title='bbox 2976 2439 3034 2478; x_wconf 91' lang='lat' dir='ltr'><strong>sc</strong></span> <span class='ocrx_word' id='word_1_632' title='bbox 3082 2424 3155 2478; x_wconf 92' lang='lat' dir='ltr'><strong>ita</strong></span> <span class='ocrx_word' id='word_1_633' title='bbox 3207 2423 3430 2488; x_wconf 85' lang='lat' dir='ltr'><strong>sentire,</strong></span> 
     </span>
    </p>
   </div>
   <div class='ocr_carea' id='block_1_85' title="bbox 1869 2515 3427 2584">
    <p class='ocr_par' dir='ltr' id='par_1_85' title="bbox 1869 2515 3427 2584">
     <span class='ocr_line' id='line_1_85' title="bbox 1869 2515 3427 2584; baseline -0.002 -14"><span class='ocrx_word' id='word_1_634' title='bbox 1869 2532 1933 2570; x_wconf 92' lang='lat' dir='ltr'><strong>ac</strong></span> <span class='ocrx_word' id='word_1_635' title='bbox 1968 2531 2064 2570; x_wconf 92' lang='lat' dir='ltr'><strong>eos</strong></span> <span class='ocrx_word' id='word_1_636' title='bbox 2095 2517 2188 2584; x_wconf 92' lang='lat' dir='ltr'><strong>qui</strong></span> <span class='ocrx_word' id='word_1_637' title='bbox 2212 2517 2368 2570; x_wconf 88' lang='lat' dir='ltr'><strong>aliter</strong></span> <span class='ocrx_word' id='word_1_638' title='bbox 2391 2517 2653 2570; x_wconf 89' lang='lat' dir='ltr'><strong>sentirent</strong></span> <span class='ocrx_word' id='word_1_639' title='bbox 2678 2516 3021 2570; x_wconf 89' lang='lat' dir='ltr'><strong>anathemate</strong></span> <span class='ocrx_word' id='word_1_640' title='bbox 3058 2515 3427 2577; x_wconf 85' lang='lat' dir='ltr'><strong>damnassent,</strong></span> 
     </span>
    </p>
   </div>
   <div class='ocr_carea' id='block_1_86' title="bbox 1869 2606 3433 2677">
    <p class='ocr_par' dir='ltr' id='par_1_86' title="bbox 1869 2606 3433 2677">
     <span class='ocr_line' id='line_1_86' title="bbox 1869 2606 3433 2677; baseline 0 -18"><span class='ocrx_word' id='word_1_641' title='bbox 1869 2606 2049 2660; x_wconf 92' lang='lat' dir='ltr'><strong>imoin</strong></span> <span class='ocrx_word' id='word_1_642' title='bbox 2075 2608 2280 2662; x_wconf 85' lang='lat' dir='ltr'><strong>lsauria</strong></span> <span class='ocrx_word' id='word_1_643' title='bbox 2318 2608 2704 2676; x_wconf 81' lang='lat' dir='ltr'><strong>scripsissent:</strong></span> <span class='ocrx_word' id='word_1_644' title='bbox 2736 2606 2850 2660; x_wconf 87' lang='lat' dir='ltr'><strong>Non</strong></span> <span class='ocrx_word' id='word_1_645' title='bbox 2890 2606 3189 2677; x_wconf 75' lang='lat' dir='ltr'><strong>refugimus</strong></span> <span class='ocrx_word' id='word_1_646' title='bbox 3208 2609 3433 2661; x_wconf 90' lang='lat' dir='ltr'><strong>authen-</strong></span> 
     </span>
    </p>
   </div>
   <div class='ocr_carea' id='block_1_87' title="bbox 1868 2697 3434 2766">
    <p class='ocr_par' dir='ltr' id='par_1_87' title="bbox 1868 2697 3434 2766">
     <span class='ocr_line' id='line_1_87' title="bbox 1868 2697 3434 2766; baseline 0.001 -15"><span class='ocrx_word' id='word_1_647' title='bbox 1868 2699 2027 2752; x_wconf 88' lang='lat' dir='ltr'><strong>ticam</strong></span> <span class='ocrx_word' id='word_1_648' title='bbox 2064 2698 2220 2757; x_wconf 78' lang='lat' dir='ltr'><strong>fidem</strong></span> <span class='ocrx_word' id='word_1_649' title='bbox 2283 2700 2335 2752; x_wconf 91' lang='lat' dir='ltr'><strong>in</strong></span> <span class='ocrx_word' id='word_1_650' title='bbox 2384 2697 2652 2753; x_wconf 66' lang='lat' dir='ltr'><strong>Encatuiis</strong></span> <span class='ocrx_word' id='word_1_651' title='bbox 2702 2699 3003 2752; x_wconf 70' lang='lat' dir='ltr'><strong>Antiochia:</strong></span> <span class='ocrx_word' id='word_1_652' title='bbox 3045 2700 3243 2753; x_wconf 87' lang='lat' dir='ltr'><strong>editam</strong></span> <span class='ocrx_word' id='word_1_653' title='bbox 3294 2699 3434 2766; x_wconf 87' lang='lat' dir='ltr'><strong>(illic</strong></span> 
     </span>
    </p>
   </div>
   <div class='ocr_carea' id='block_1_88' title="bbox 1867 2788 3430 2859">
    <p class='ocr_par' dir='ltr' id='par_1_88' title="bbox 1867 2788 3430 2859">
     <span class='ocr_line' id='line_1_88' title="bbox 1867 2788 3430 2859; baseline -0.002 -17"><span class='ocrx_word' id='word_1_654' title='bbox 1867 2798 2044 2842; x_wconf 86' lang='lat' dir='ltr'><strong>autem</strong></span> <span class='ocrx_word' id='word_1_655' title='bbox 2065 2789 2382 2843; x_wconf 67' lang='lat' dir='ltr'><strong>substantim</strong></span> <span class='ocrx_word' id='word_1_656' title='bbox 2402 2805 2596 2842; x_wconf 86' lang='lat' dir='ltr'><strong>nomen</strong></span> <span class='ocrx_word' id='word_1_657' title='bbox 2615 2790 2875 2859; x_wconf 84' lang='lat' dir='ltr'><strong>scriptum</strong></span> <span class='ocrx_word' id='word_1_658' title='bbox 2900 2788 3033 2857; x_wconf 92' lang='lat' dir='ltr'><strong>est),</strong></span> <span class='ocrx_word' id='word_1_659' title='bbox 3057 2788 3218 2842; x_wconf 83' lang='lat' dir='ltr'><strong>veluti</strong></span> <span class='ocrx_word' id='word_1_660' title='bbox 3243 2803 3430 2841; x_wconf 89' lang='lat' dir='ltr'><strong>eorum</strong></span> 
     </span>
    </p>
   </div>
   <div class='ocr_carea' id='block_1_89' title="bbox 1869 2879 3434 2949">
    <p class='ocr_par' dir='ltr' id='par_1_89' title="bbox 1869 2879 3434 2949">
     <span class='ocr_line' id='line_1_89' title="bbox 1869 2879 3434 2949; baseline 0 -18"><span class='ocrx_word' id='word_1_661' title='bbox 1869 2879 2238 2944; x_wconf 88' lang='lat' dir='ltr'><strong>immemores,</strong></span> <span class='ocrx_word' id='word_1_662' title='bbox 2270 2880 2428 2948; x_wconf 89' lang='lat' dir='ltr'><strong>paulo</strong></span> <span class='ocrx_word' id='word_1_663' title='bbox 2450 2888 2570 2948; x_wconf 87' lang='lat' dir='ltr'><strong>post</strong></span> <span class='ocrx_word' id='word_1_664' title='bbox 2597 2880 2648 2933; x_wconf 91' lang='lat' dir='ltr'><strong>in</strong></span> <span class='ocrx_word' id='word_1_665' title='bbox 2669 2881 2783 2949; x_wconf 89' lang='lat' dir='ltr'><strong>ipsa</strong></span> <span class='ocrx_word' id='word_1_666' title='bbox 2807 2880 3110 2934; x_wconf 85' lang='lat' dir='ltr'><strong>lsauriaiis</strong></span> <span class='ocrx_word' id='word_1_667' title='bbox 3142 2879 3434 2933; x_wconf 85' lang='lat' dir='ltr'><strong>adversan-</strong></span> 
     </span>
    </p>
   </div>
   <div class='ocr_carea' id='block_1_90' title="bbox 1867 2969 3430 3043">
    <p class='ocr_par' dir='ltr' id='par_1_90' title="bbox 1867 2969 3430 3043">
     <span class='ocr_line' id='line_1_90' title="bbox 1867 2969 3430 3043; baseline 0 -21"><span class='ocrx_word' id='word_1_668' title='bbox 1867 2969 1936 3023; x_wconf 87' lang='lat' dir='ltr'><strong>tia</strong></span> <span class='ocrx_word' id='word_1_669' title='bbox 1959 2971 2351 3040; x_wconf 87' lang='lat' dir='ltr'><strong>couscripserc,</strong></span> <span class='ocrx_word' id='word_1_670' title='bbox 2381 2973 2606 3032; x_wconf 81' lang='lat' dir='ltr'><strong>scilicet.</strong></span> <span class='ocrx_word' id='word_1_671' title='bbox 2662 2971 2946 3043; x_wconf 83' lang='grc' dir='ltr'>ὸμοούσιον</span> <span class='ocrx_word' id='word_1_672' title='bbox 2990 2980 3043 3025; x_wconf 89' lang='lat' dir='ltr'><strong>ct</strong></span> <span class='ocrx_word' id='word_1_673' title='bbox 3080 2970 3430 3041; x_wconf 80' lang='grc' dir='ltr'>ὁμοιοούσιον,</span> 
     </span>
    </p>
   </div>
   <div class='ocr_carea' id='block_1_91' title="bbox 1867 3063 3431 3128">
    <p class='ocr_par' dir='ltr' id='par_1_91' title="bbox 1867 3063 3431 3128">
     <span class='ocr_line' id='line_1_91' title="bbox 1867 3063 3431 3128; baseline 0.001 -13"><span class='ocrx_word' id='word_1_674' title='bbox 1867 3064 1968 3116; x_wconf 91' lang='lat' dir='ltr'><strong>hoc</strong></span> <span class='ocrx_word' id='word_1_675' title='bbox 1992 3072 2093 3127; x_wconf 90' lang='lat' dir='ltr'><strong>est,</strong></span> <span class='ocrx_word' id='word_1_676' title='bbox 2145 3064 2608 3118; x_wconf 91' lang='lat' dir='ltr'><strong>consubstantiale</strong></span> <span class='ocrx_word' id='word_1_677' title='bbox 2661 3072 2714 3120; x_wconf 89' lang='lat' dir='ltr'><strong>ct</strong></span> <span class='ocrx_word' id='word_1_678' title='bbox 2765 3065 3071 3119; x_wconf 87' lang='lat' dir='ltr'><strong>substantia</strong></span> <span class='ocrx_word' id='word_1_679' title='bbox 3107 3063 3303 3128; x_wconf 90' lang='lat' dir='ltr'><strong>simile,</strong></span> <span class='ocrx_word' id='word_1_680' title='bbox 3343 3072 3431 3116; x_wconf 81' lang='lat' dir='ltr'><strong>ut-</strong></span> 
     </span>
    </p>
   </div>
   <div class='ocr_carea' id='block_1_92' title="bbox 1866 3154 3431 3225">
    <p class='ocr_par' dir='ltr' id='par_1_92' title="bbox 1866 3154 3431 3225">
     <span class='ocr_line' id='line_1_92' title="bbox 1866 3154 3431 3225; baseline 0.001 -19"><span class='ocrx_word' id='word_1_681' title='bbox 1866 3161 1991 3223; x_wconf 90' lang='lat' dir='ltr'><strong>potc</strong></span> <span class='ocrx_word' id='word_1_682' title='bbox 2019 3169 2047 3208; x_wconf 92' lang='lat' dir='ltr'><strong>a</strong></span> <span class='ocrx_word' id='word_1_683' title='bbox 2099 3154 2396 3224; x_wconf 88' lang='lat' dir='ltr'><strong>Scripturis</strong></span> <span class='ocrx_word' id='word_1_684' title='bbox 2431 3157 2628 3222; x_wconf 82' lang='lat' dir='ltr'><strong>aliena,</strong></span> <span class='ocrx_word' id='word_1_685' title='bbox 2683 3156 3000 3225; x_wconf 83' lang='lat' dir='ltr'><strong>rcjieimus,</strong></span> <span class='ocrx_word' id='word_1_686' title='bbox 3031 3165 3082 3210; x_wconf 88' lang='lat' dir='ltr'><strong>et</strong></span> <span class='ocrx_word' id='word_1_687' title='bbox 3113 3155 3431 3210; x_wconf 60' lang='lat' dir='ltr'><strong>substantia:</strong></span> 
     </span>
    </p>
   </div>
   <div class='ocr_carea' id='block_1_93' title="bbox 1864 3245 3432 3317">
    <p class='ocr_par' dir='ltr' id='par_1_93' title="bbox 1864 3245 3432 3317">
     <span class='ocr_line' id='line_1_93' title="bbox 1864 3245 3432 3317; baseline 0.003 -19"><span class='ocrx_word' id='word_1_688' title='bbox 1864 3260 2060 3299; x_wconf 89' lang='lat' dir='ltr'><strong>nomen</strong></span> <span class='ocrx_word' id='word_1_689' title='bbox 2086 3245 2150 3300; x_wconf 85' lang='lat' dir='ltr'><strong>de</strong></span> <span class='ocrx_word' id='word_1_690' title='bbox 2174 3246 2350 3301; x_wconf 89' lang='lat' dir='ltr'><strong>medio</strong></span> <span class='ocrx_word' id='word_1_691' title='bbox 2380 3247 2616 3302; x_wconf 91' lang='lat' dir='ltr'><strong>tollimus</strong></span> <span class='ocrx_word' id='word_1_692' title='bbox 2642 3289 2654 3313; x_wconf 97' lang='lat'><strong>,</strong></span> <span class='ocrx_word' id='word_1_693' title='bbox 2680 3248 2878 3316; x_wconf 88' lang='lat' dir='ltr'><strong>quippe</strong></span> <span class='ocrx_word' id='word_1_694' title='bbox 2898 3262 3020 3300; x_wconf 90' lang='lat' dir='ltr'><strong>cum</strong></span> <span class='ocrx_word' id='word_1_695' title='bbox 3051 3246 3103 3300; x_wconf 91' lang='lat' dir='ltr'><strong>in</strong></span> <span class='ocrx_word' id='word_1_696' title='bbox 3137 3245 3432 3317; x_wconf 90' lang='lat' dir='ltr'><strong>Scripturis</strong></span> 
     </span>
    </p>
   </div>
   <div class='ocr_carea' id='block_1_94' title="bbox 1864 3339 2304 3406">
    <p class='ocr_par' dir='ltr' id='par_1_94' title="bbox 1864 3339 2304 3406">
     <span class='ocr_line' id='line_1_94' title="bbox 1864 3339 2304 3406; baseline 0.002 -16"><span class='ocrx_word' id='word_1_697' title='bbox 1864 3352 1972 3390; x_wconf 89' lang='lat' dir='ltr'><strong>non</strong></span> <span class='ocrx_word' id='word_1_698' title='bbox 2002 3339 2304 3406; x_wconf 86' lang='lat' dir='ltr'><strong>reperiatur</strong></span> 
     </span>
    </p>
   </div>
   <div class='ocr_carea' id='block_1_95' title="bbox 2058 3427 3429 3499">
    <p class='ocr_par' dir='ltr' id='par_1_95' title="bbox 2058 3427 3429 3499">
     <span class='ocr_line' id='line_1_95' title="bbox 2058 3427 3429 3499; baseline 0 -17"><span class='ocrx_word' id='word_1_699' title='bbox 2058 3427 2191 3495; x_wconf 88' lang='lat' dir='ltr'><strong>Quis</strong></span> <span class='ocrx_word' id='word_1_700' title='bbox 2237 3429 2402 3499; x_wconf 81' lang='lat' dir='ltr'><strong>igitur</strong></span> <span class='ocrx_word' id='word_1_701' title='bbox 2451 3429 2596 3483; x_wconf 77' lang='lat' dir='ltr'><strong>\‘ll‘OS</strong></span> <span class='ocrx_word' id='word_1_702' title='bbox 2644 3430 2956 3499; x_wconf 85' lang='lat' dir='ltr'><strong>hujusmodi</strong></span> <span class='ocrx_word' id='word_1_703' title='bbox 3008 3431 3236 3484; x_wconf 88' lang='lat' dir='ltr'><strong>ulterius</strong></span> <span class='ocrx_word' id='word_1_704' title='bbox 3275 3429 3429 3484; x_wconf 80' lang='lat' dir='ltr'><strong>Chri-</strong></span> 
     </span>
    </p>
   </div>
   <div class='ocr_carea' id='block_1_96' title="bbox 1867 3521 3434 3591">
    <p class='ocr_par' dir='ltr' id='par_1_96' title="bbox 1867 3521 3434 3591">
     <span class='ocr_line' id='line_1_96' title="bbox 1867 3521 3434 3591; baseline -0.001 -16"><span class='ocrx_word' id='word_1_705' title='bbox 1867 3522 2071 3575; x_wconf 89' lang='lat' dir='ltr'><strong>stianos</strong></span> <span class='ocrx_word' id='word_1_706' title='bbox 2105 3521 2470 3575; x_wconf 79' lang='lat' dir='ltr'><strong>existimabit?</strong></span> <span class='ocrx_word' id='word_1_707' title='bbox 2517 3521 2622 3576; x_wconf 88' lang='lat' dir='ltr'><strong>Aut</strong></span> <span class='ocrx_word' id='word_1_708' title='bbox 2661 3537 2782 3590; x_wconf 62' lang='lat' dir='ltr'><strong>quae</strong></span> <span class='ocrx_word' id='word_1_709' title='bbox 2812 3521 2965 3586; x_wconf 85' lang='lat' dir='ltr'><strong>tidcs,</strong></span> <span class='ocrx_word' id='word_1_710' title='bbox 2998 3521 3136 3590; x_wconf 90' lang='lat' dir='ltr'><strong>apud</strong></span> <span class='ocrx_word' id='word_1_711' title='bbox 3165 3537 3301 3591; x_wconf 88' lang='lat' dir='ltr'><strong>quos</strong></span> <span class='ocrx_word' id='word_1_712' title='bbox 3334 3535 3434 3574; x_wconf 84' lang='lat' dir='ltr'><strong>nec</strong></span> 
     </span>
    </p>
   </div>
   <div class='ocr_carea' id='block_1_97' title="bbox 1862 3605 3431 3682">
    <p class='ocr_par' dir='ltr' id='par_1_97' title="bbox 1862 3605 3431 3682">
     <span class='ocr_line' id='line_1_97' title="bbox 1862 3605 3431 3682; baseline 0 -16"><span class='ocrx_word' id='word_1_713' title='bbox 1862 3615 2050 3676; x_wconf 79' lang='lat' dir='ltr'><strong>verba,</strong></span> <span class='ocrx_word' id='word_1_714' title='bbox 2083 3629 2182 3668; x_wconf 87' lang='lat' dir='ltr'><strong>nec</strong></span> <span class='ocrx_word' id='word_1_715' title='bbox 2217 3605 2600 3682; x_wconf 71' lang='lat' dir='ltr'><strong>scriptatirma</strong></span> <span class='ocrx_word' id='word_1_716' title='bbox 2649 3622 2797 3676; x_wconf 90' lang='lat' dir='ltr'><strong>sunt,</strong></span> <span class='ocrx_word' id='word_1_717' title='bbox 2827 3615 2920 3669; x_wconf 89' lang='lat' dir='ltr'><strong>sed</strong></span> <span class='ocrx_word' id='word_1_718' title='bbox 2952 3615 3133 3667; x_wconf 88' lang='lat' dir='ltr'><strong>omnia</strong></span> <span class='ocrx_word' id='word_1_719' title='bbox 3167 3629 3263 3682; x_wconf 91' lang='lat' dir='ltr'><strong>pro</strong></span> <span class='ocrx_word' id='word_1_720' title='bbox 3295 3623 3431 3666; x_wconf 90' lang='lat' dir='ltr'><strong>tem-</strong></span> 
     </span>
    </p>
   </div>
   <div class='ocr_carea' id='block_1_98' title="bbox 1862 3703 3430 3771">
    <p class='ocr_par' dir='ltr' id='par_1_98' title="bbox 1862 3703 3430 3771">
     <span class='ocr_line' id='line_1_98' title="bbox 1862 3703 3430 3771; baseline -0.001 -15"><span class='ocrx_word' id='word_1_721' title='bbox 1862 3703 2010 3771; x_wconf 87' lang='lat' dir='ltr'><strong>poris</strong></span> <span class='ocrx_word' id='word_1_722' title='bbox 2053 3704 2262 3757; x_wconf 86' lang='lat' dir='ltr'><strong>ratione</strong></span> <span class='ocrx_word' id='word_1_723' title='bbox 2305 3711 2587 3757; x_wconf 87' lang='lat' dir='ltr'><strong>mutantur</strong></span> <span class='ocrx_word' id='word_1_724' title='bbox 2609 3712 2660 3756; x_wconf 89' lang='lat' dir='ltr'><strong>et</strong></span> <span class='ocrx_word' id='word_1_725' title='bbox 2694 3703 3073 3757; x_wconf 85' lang='lat' dir='ltr'><strong>invertuntur?</strong></span> <span class='ocrx_word' id='word_1_726' title='bbox 3105 3703 3159 3756; x_wconf 91' lang='lat' dir='ltr'><strong>Si</strong></span> <span class='ocrx_word' id='word_1_727' title='bbox 3187 3703 3355 3764; x_wconf 82' lang='lat' dir='ltr'><strong>enim,</strong></span> <span class='ocrx_word' id='word_1_728' title='bbox 3397 3717 3430 3754; x_wconf 91' lang='grc' dir='ltr'><strong>ο</strong></span> 
     </span>
    </p>
   </div>
   <div class='ocr_carea' id='block_1_99' title="bbox 1861 3782 3429 3862">
    <p class='ocr_par' dir='ltr' id='par_1_99' title="bbox 1861 3782 3429 3862">
     <span class='ocr_line' id='line_1_99' title="bbox 1861 3782 3429 3862; baseline 0.001 -18"><span class='ocrx_word' id='word_1_729' title='bbox 1861 3793 2020 3846; x_wconf 80' lang='lat' dir='ltr'><strong>Aeaci</strong></span> <span class='ocrx_word' id='word_1_730' title='bbox 2065 3804 2116 3846; x_wconf 81' lang='lat' dir='ltr'><strong>et</strong></span> <span class='ocrx_word' id='word_1_731' title='bbox 2149 3782 2378 3857; x_wconf 78' lang='lat' dir='ltr'><strong>Eudoxi,</strong></span> <span class='ocrx_word' id='word_1_732' title='bbox 2411 3809 2517 3845; x_wconf 89' lang='lat' dir='ltr'><strong>non</strong></span> <span class='ocrx_word' id='word_1_733' title='bbox 2553 3792 2802 3862; x_wconf 84' lang='lat' dir='ltr'><strong>rel‘ugitis</strong></span> <span class='ocrx_word' id='word_1_734' title='bbox 2830 3793 3129 3861; x_wconf 74' lang='lat' dir='ltr'><strong>expositam</strong></span> <span class='ocrx_word' id='word_1_735' title='bbox 3166 3792 3218 3845; x_wconf 88' lang='lat' dir='ltr'><strong>in</strong></span> <span class='ocrx_word' id='word_1_736' title='bbox 3243 3791 3429 3845; x_wconf 74' lang='lat' dir='ltr'><strong>Enum-</strong></span> 
     </span>
    </p>
   </div>
   <div class='ocr_carea' id='block_1_100' title="bbox 1861 3883 3426 3953">
    <p class='ocr_par' dir='ltr' id='par_1_100' title="bbox 1861 3883 3426 3953">
     <span class='ocr_line' id='line_1_100' title="bbox 1861 3883 3426 3953; baseline -0.002 -13"><span class='ocrx_word' id='word_1_737' title='bbox 1861 3885 1969 3941; x_wconf 73' lang='lat' dir='ltr'><strong>niis</strong></span> <span class='ocrx_word' id='word_1_738' title='bbox 1997 3885 2177 3951; x_wconf 73' lang='lat' dir='ltr'><strong>(idem,</strong></span> <span class='ocrx_word' id='word_1_739' title='bbox 2210 3886 2262 3938; x_wconf 91' lang='lat' dir='ltr'><strong>iu</strong></span> <span class='ocrx_word' id='word_1_740' title='bbox 2295 3901 2467 3953; x_wconf 86' lang='lat' dir='ltr'><strong>eaque</strong></span> <span class='ocrx_word' id='word_1_741' title='bbox 2499 3885 2760 3953; x_wconf 82' lang='lat' dir='ltr'><strong>scriptum</strong></span> <span class='ocrx_word' id='word_1_742' title='bbox 2800 3894 2903 3946; x_wconf 89' lang='lat' dir='ltr'><strong>est,</strong></span> <span class='ocrx_word' id='word_1_743' title='bbox 2929 3883 3122 3937; x_wconf 85' lang='lat' dir='ltr'><strong>Filium</strong></span> <span class='ocrx_word' id='word_1_744' title='bbox 3150 3899 3270 3939; x_wconf 86' lang='lat' dir='ltr'><strong>esse</strong></span> <span class='ocrx_word' id='word_1_745' title='bbox 3294 3885 3426 3938; x_wconf 75' lang='lat' dir='ltr'><strong>sub—</strong></span> 
     </span>
    </p>
   </div>
   <div class='ocr_carea' id='block_1_101' title="bbox 1863 3977 3426 4048">
    <p class='ocr_par' dir='ltr' id='par_1_101' title="bbox 1863 3977 3426 4048">
     <span class='ocr_line' id='line_1_101' title="bbox 1863 3977 3426 4048; baseline -0.002 -15"><span class='ocrx_word' id='word_1_746' title='bbox 1863 3979 2074 4033; x_wconf 48' lang='lat' dir='ltr'><strong>statui-te</strong></span> <span class='ocrx_word' id='word_1_747' title='bbox 2094 3977 2270 4032; x_wconf 87' lang='lat' dir='ltr'><strong>Patris</strong></span> <span class='ocrx_word' id='word_1_748' title='bbox 2309 3977 2425 4032; x_wconf 87' lang='lat' dir='ltr'><strong>sine</strong></span> <span class='ocrx_word' id='word_1_749' title='bbox 2481 3978 2840 4048; x_wconf 89' lang='lat' dir='ltr'><strong>discrepantia</strong></span> <span class='ocrx_word' id='word_1_750' title='bbox 2884 3978 3172 4046; x_wconf 89' lang='lat' dir='ltr'><strong>imaginem</strong></span> <span class='ocrx_word' id='word_1_751' title='bbox 3198 4019 3211 4042; x_wconf 94' lang='lat'><strong>,</strong></span> <span class='ocrx_word' id='word_1_752' title='bbox 3243 3993 3342 4032; x_wconf 85' lang='lat' dir='ltr'><strong>cur</strong></span> <span class='ocrx_word' id='word_1_753' title='bbox 3372 3977 3426 4030; x_wconf 93' lang='lat' dir='ltr'><strong>in</strong></span> 
     </span>
    </p>
   </div>
   <div class='ocr_carea' id='block_1_102' title="bbox 1859 4067 3429 4140">
    <p class='ocr_par' dir='ltr' id='par_1_102' title="bbox 1859 4067 3429 4140">
     <span class='ocr_line' id='line_1_102' title="bbox 1859 4067 3429 4140; baseline 0.001 -17"><span class='ocrx_word' id='word_1_754' title='bbox 1859 4071 2067 4124; x_wconf 86' lang='lat' dir='ltr'><strong>Isauria</strong></span> <span class='ocrx_word' id='word_1_755' title='bbox 2095 4070 2356 4132; x_wconf 82' lang='lat' dir='ltr'><strong>scribitis,</strong></span> <span class='ocrx_word' id='word_1_756' title='bbox 2398 4070 2673 4138; x_wconf 83' lang='lat' dir='ltr'><strong>rejicimus</strong></span> <span class='ocrx_word' id='word_1_757' title='bbox 2729 4068 3053 4140; x_wconf 69' lang='grc' dir='ltr'>ὁμοούσιονῖ</span> <span class='ocrx_word' id='word_1_758' title='bbox 3108 4067 3164 4122; x_wconf 87' lang='lat' dir='ltr'><strong>Si</strong></span> <span class='ocrx_word' id='word_1_759' title='bbox 3194 4084 3429 4138; x_wconf 88' lang='lat' dir='ltr'><strong>namque</strong></span> 
     </span>
    </p>
   </div>
   <div class='ocr_carea' id='block_1_103' title="bbox 1861 4159 3426 4222">
    <p class='ocr_par' dir='ltr' id='par_1_103' title="bbox 1861 4159 3426 4222">
     <span class='ocr_line' id='line_1_103' title="bbox 1861 4159 3426 4222; baseline -0.001 -8"><span class='ocrx_word' id='word_1_760' title='bbox 1861 4161 2031 4215; x_wconf 78' lang='lat' dir='ltr'><strong>Filius</strong></span> <span class='ocrx_word' id='word_1_761' title='bbox 2059 4161 2360 4216; x_wconf 86' lang='lat' dir='ltr'><strong>secundum</strong></span> <span class='ocrx_word' id='word_1_762' title='bbox 2387 4161 2746 4215; x_wconf 86' lang='lat' dir='ltr'><strong>substantiam</strong></span> <span class='ocrx_word' id='word_1_763' title='bbox 2776 4159 2920 4213; x_wconf 84' lang='lat' dir='ltr'><strong>Patri</strong></span> <span class='ocrx_word' id='word_1_764' title='bbox 2968 4159 3164 4215; x_wconf 90' lang='lat' dir='ltr'><strong>similis</strong></span> <span class='ocrx_word' id='word_1_765' title='bbox 3188 4175 3293 4212; x_wconf 89' lang='lat' dir='ltr'><strong>non</strong></span> <span class='ocrx_word' id='word_1_766' title='bbox 3326 4169 3426 4222; x_wconf 84' lang='lat' dir='ltr'><strong>est,</strong></span> 
     </span>
    </p>
   </div>
   <div class='ocr_carea' id='block_1_104' title="bbox 1858 4251 3426 4322">
    <p class='ocr_par' dir='ltr' id='par_1_104' title="bbox 1858 4251 3426 4322">
     <span class='ocr_line' id='line_1_104' title="bbox 1858 4251 3426 4322; baseline 0 -18"><span class='ocrx_word' id='word_1_767' title='bbox 1858 4253 1948 4321; x_wconf 86' lang='lat' dir='ltr'><strong>qui</strong></span> <span class='ocrx_word' id='word_1_768' title='bbox 1982 4253 2302 4305; x_wconf 70' lang='lat' dir='ltr'><strong>substantia:</strong></span> <span class='ocrx_word' id='word_1_769' title='bbox 2333 4253 2510 4322; x_wconf 81' lang='lat' dir='ltr'><strong>imago</strong></span> <span class='ocrx_word' id='word_1_770' title='bbox 2539 4251 2642 4304; x_wconf 91' lang='lat' dir='ltr'><strong>erit</strong></span> <span class='ocrx_word' id='word_1_771' title='bbox 2683 4251 2798 4306; x_wconf 87' lang='lat' dir='ltr'><strong>sine</strong></span> <span class='ocrx_word' id='word_1_772' title='bbox 2844 4251 3246 4320; x_wconf 82' lang='lat' dir='ltr'><strong>discrepantia?</strong></span> <span class='ocrx_word' id='word_1_773' title='bbox 3272 4251 3426 4316; x_wconf 86' lang='lat' dir='ltr'><strong>Quod</strong></span> 
     </span>
    </p>
   </div>
   <div class='ocr_carea' id='block_1_105' title="bbox 1857 4342 3430 4412">
    <p class='ocr_par' dir='ltr' id='par_1_105' title="bbox 1857 4342 3430 4412">
     <span class='ocr_line' id='line_1_105' title="bbox 1857 4342 3430 4412; baseline -0.002 -16"><span class='ocrx_word' id='word_1_774' title='bbox 1857 4342 1900 4396; x_wconf 92' lang='lat' dir='ltr'><strong>si</strong></span> <span class='ocrx_word' id='word_1_775' title='bbox 1929 4359 2022 4395; x_wconf 77' lang='lat' dir='ltr'><strong>vos</strong></span> <span class='ocrx_word' id='word_1_776' title='bbox 2048 4343 2299 4412; x_wconf 56' lang='lat' dir='ltr'><strong>patuituit</strong></span> <span class='ocrx_word' id='word_1_777' title='bbox 2335 4343 2642 4410; x_wconf 81' lang='lat' dir='ltr'><strong>scripsisse,</strong></span> <span class='ocrx_word' id='word_1_778' title='bbox 2669 4357 2789 4395; x_wconf 90' lang='lat' dir='ltr'><strong>eum</strong></span> <span class='ocrx_word' id='word_1_779' title='bbox 2819 4353 2945 4395; x_wconf 84' lang='lat' dir='ltr'><strong>esse</strong></span> <span class='ocrx_word' id='word_1_780' title='bbox 2969 4342 3087 4396; x_wconf 84' lang='lat' dir='ltr'><strong>sine</strong></span> <span class='ocrx_word' id='word_1_781' title='bbox 3114 4342 3430 4409; x_wconf 89' lang='lat' dir='ltr'><strong>discrepan-</strong></span> 
     </span>
    </p>
   </div>
   <div class='ocr_carea' id='block_1_106' title="bbox 1859 4433 3429 4500">
    <p class='ocr_par' dir='ltr' id='par_1_106' title="bbox 1859 4433 3429 4500">
     <span class='ocr_line' id='line_1_106' title="bbox 1859 4433 3429 4500; baseline 0.001 -14"><span class='ocrx_word' id='word_1_782' title='bbox 1859 4435 1930 4487; x_wconf 84' lang='lat' dir='ltr'><strong>tia</strong></span> <span class='ocrx_word' id='word_1_783' title='bbox 1967 4433 2282 4486; x_wconf 65' lang='lat' dir='ltr'><strong>substantiae</strong></span> <span class='ocrx_word' id='word_1_784' title='bbox 2313 4434 2626 4500; x_wconf 84' lang='lat' dir='ltr'><strong>imaginem,</strong></span> <span class='ocrx_word' id='word_1_785' title='bbox 2652 4449 2748 4487; x_wconf 88' lang='lat' dir='ltr'><strong>cur</strong></span> <span class='ocrx_word' id='word_1_786' title='bbox 2787 4434 3135 4486; x_wconf 86' lang='lat' dir='ltr'><strong>anathemate</strong></span> <span class='ocrx_word' id='word_1_787' title='bbox 3158 4434 3429 4487; x_wconf 84' lang='lat' dir='ltr'><strong>damnatis</strong></span> 
     </span>
    </p>
   </div>
   <div class='ocr_carea' id='block_1_107' title="bbox 1857 4519 3425 4590">
    <p class='ocr_par' dir='ltr' id='par_1_107' title="bbox 1857 4519 3425 4590">
     <span class='ocr_line' id='line_1_107' title="bbox 1857 4519 3425 4590; baseline -0.001 -14"><span class='ocrx_word' id='word_1_788' title='bbox 1857 4540 1948 4576; x_wconf 88' lang='lat' dir='ltr'><strong>eos</strong></span> <span class='ocrx_word' id='word_1_789' title='bbox 1981 4523 2070 4590; x_wconf 89' lang='lat' dir='ltr'><strong>qui</strong></span> <span class='ocrx_word' id='word_1_790' title='bbox 2119 4523 2307 4576; x_wconf 87' lang='lat' dir='ltr'><strong>dicunt</strong></span> <span class='ocrx_word' id='word_1_791' title='bbox 2358 4521 2553 4574; x_wconf 84' lang='lat' dir='ltr'><strong>Filium</strong></span> <span class='ocrx_word' id='word_1_792' title='bbox 2605 4537 2726 4576; x_wconf 86' lang='lat' dir='ltr'><strong>esse</strong></span> <span class='ocrx_word' id='word_1_793' title='bbox 2775 4519 2920 4575; x_wconf 85' lang='lat' dir='ltr'><strong>Patri</strong></span> <span class='ocrx_word' id='word_1_794' title='bbox 2955 4522 3324 4575; x_wconf 84' lang='lat' dir='ltr'><strong>dissimilem?</strong></span> <span class='ocrx_word' id='word_1_795' title='bbox 3369 4522 3425 4575; x_wconf 86' lang='lat' dir='ltr'><strong>Si</strong></span> 
     </span>
    </p>
   </div>
   <div class='ocr_carea' id='block_1_108' title="bbox 1857 4612 3427 4682">
    <p class='ocr_par' dir='ltr' id='par_1_108' title="bbox 1857 4612 3427 4682">
     <span class='ocr_line' id='line_1_108' title="bbox 1857 4612 3427 4682; baseline -0.001 -15"><span class='ocrx_word' id='word_1_796' title='bbox 1857 4615 2001 4666; x_wconf 88' lang='lat' dir='ltr'><strong>enim</strong></span> <span class='ocrx_word' id='word_1_797' title='bbox 2032 4613 2224 4666; x_wconf 80' lang='lat' dir='ltr'><strong>similis</strong></span> <span class='ocrx_word' id='word_1_798' title='bbox 2255 4629 2359 4665; x_wconf 93' lang='lat' dir='ltr'><strong>non</strong></span> <span class='ocrx_word' id='word_1_799' title='bbox 2391 4622 2474 4666; x_wconf 89' lang='lat' dir='ltr'><strong>est</strong></span> <span class='ocrx_word' id='word_1_800' title='bbox 2509 4613 2807 4666; x_wconf 88' lang='lat' dir='ltr'><strong>secundum</strong></span> <span class='ocrx_word' id='word_1_801' title='bbox 2839 4612 3201 4666; x_wconf 86' lang='lat' dir='ltr'><strong>substantiam</strong></span> <span class='ocrx_word' id='word_1_802' title='bbox 3227 4653 3240 4676; x_wconf 96' lang='lat'><strong>,</strong></span> <span class='ocrx_word' id='word_1_803' title='bbox 3271 4614 3427 4682; x_wconf 84' lang='lat' dir='ltr'><strong>plane</strong></span> 
     </span>
    </p>
   </div>
   <div class='ocr_carea' id='block_1_109' title="bbox 1857 4704 3424 4774">
    <p class='ocr_par' dir='ltr' id='par_1_109' title="bbox 1857 4704 3424 4774">
     <span class='ocr_line' id='line_1_109' title="bbox 1857 4704 3424 4774; baseline -0.001 -15"><span class='ocrx_word' id='word_1_804' title='bbox 1857 4707 2138 4760; x_wconf 88' lang='lat' dir='ltr'><strong>dissimilis</strong></span> <span class='ocrx_word' id='word_1_805' title='bbox 2165 4714 2265 4759; x_wconf 90' lang='lat' dir='ltr'><strong>est.</strong></span> <span class='ocrx_word' id='word_1_806' title='bbox 2299 4704 2451 4771; x_wconf 87' lang='lat' dir='ltr'><strong>Quod</strong></span> <span class='ocrx_word' id='word_1_807' title='bbox 2478 4715 2656 4759; x_wconf 87' lang='lat' dir='ltr'><strong>autem</strong></span> <span class='ocrx_word' id='word_1_808' title='bbox 2691 4705 2956 4759; x_wconf 88' lang='lat' dir='ltr'><strong>dissimile</strong></span> <span class='ocrx_word' id='word_1_809' title='bbox 2993 4713 3107 4763; x_wconf 89' lang='lat' dir='ltr'><strong>est,</strong></span> <span class='ocrx_word' id='word_1_810' title='bbox 3145 4721 3424 4774; x_wconf 81' lang='lat' dir='ltr'><strong>nunquam</strong></span> 
     </span>
    </p>
   </div>
   <div class='ocr_carea' id='block_1_110' title="bbox 1859 4795 3421 4866">
    <p class='ocr_par' dir='ltr' id='par_1_110' title="bbox 1859 4795 3421 4866">
     <span class='ocr_line' id='line_1_110' title="bbox 1859 4795 3421 4866; baseline 0.001 -17"><span class='ocrx_word' id='word_1_811' title='bbox 1859 4797 2037 4866; x_wconf 87' lang='lat' dir='ltr'><strong>imago</strong></span> <span class='ocrx_word' id='word_1_812' title='bbox 2068 4795 2246 4849; x_wconf 83' lang='lat' dir='ltr'><strong>fuerit.</strong></span> <span class='ocrx_word' id='word_1_813' title='bbox 2286 4796 2404 4858; x_wconf 89' lang='lat' dir='ltr'><strong>Sin,</strong></span> <span class='ocrx_word' id='word_1_814' title='bbox 2438 4796 2513 4848; x_wconf 89' lang='lat' dir='ltr'><strong>uti</strong></span> <span class='ocrx_word' id='word_1_815' title='bbox 2568 4811 2665 4849; x_wconf 86' lang='lat' dir='ltr'><strong>vos</strong></span> <span class='ocrx_word' id='word_1_816' title='bbox 2690 4795 2889 4860; x_wconf 86' lang='lat' dir='ltr'><strong>dicitis,</strong></span> <span class='ocrx_word' id='word_1_817' title='bbox 2916 4795 2985 4849; x_wconf 89' lang='lat' dir='ltr'><strong>ita</strong></span> <span class='ocrx_word' id='word_1_818' title='bbox 3021 4812 3077 4850; x_wconf 91' lang='lat' dir='ltr'><strong>se</strong></span> <span class='ocrx_word' id='word_1_819' title='bbox 3102 4811 3190 4850; x_wconf 85' lang='lat' dir='ltr'><strong>res</strong></span> <span class='ocrx_word' id='word_1_820' title='bbox 3240 4797 3421 4863; x_wconf 86' lang='lat' dir='ltr'><strong>habet,</strong></span> 
     </span>
    </p>
   </div>
   <div class='ocr_carea' id='block_1_111' title="bbox 1857 4885 3426 4960">
    <p class='ocr_par' dir='ltr' id='par_1_111' title="bbox 1857 4885 3426 4960">
     <span class='ocr_line' id='line_1_111' title="bbox 1857 4885 3426 4960; baseline -0.001 -17"><span class='ocrx_word' id='word_1_821' title='bbox 1857 4905 2045 4943; x_wconf 77' lang='lat' dir='ltr'><strong>verum</strong></span> <span class='ocrx_word' id='word_1_822' title='bbox 2086 4905 2214 4960; x_wconf 87' lang='lat' dir='ltr'><strong>ergo</strong></span> <span class='ocrx_word' id='word_1_823' title='bbox 2254 4903 2361 4942; x_wconf 90' lang='lat' dir='ltr'><strong>non</strong></span> <span class='ocrx_word' id='word_1_824' title='bbox 2387 4887 2593 4958; x_wconf 90' lang='lat' dir='ltr'><strong>estqui</strong></span> <span class='ocrx_word' id='word_1_825' title='bbox 2647 4887 2780 4941; x_wconf 83' lang='lat' dir='ltr'><strong>vidit</strong></span> <span class='ocrx_word' id='word_1_826' title='bbox 2805 4885 3038 4951; x_wconf 86' lang='lat' dir='ltr'><strong>Filium,</strong></span> <span class='ocrx_word' id='word_1_827' title='bbox 3078 4887 3288 4942; x_wconf 87' lang='lat' dir='ltr'><strong>Patrem</strong></span> <span class='ocrx_word' id='word_1_828' title='bbox 3341 4889 3426 4942; x_wconf 45' lang='lat' dir='ltr'><strong>vi.</strong></span> 
     </span>
    </p>
   </div>
   <div class='ocr_carea' id='block_1_112' title="bbox 1857 4981 3420 5050">
    <p class='ocr_par' dir='ltr' id='par_1_112' title="bbox 1857 4981 3420 5050">
     <span class='ocr_line' id='line_1_112' title="bbox 1857 4981 3420 5050; baseline 0.001 -16"><span class='ocrx_word' id='word_1_829' title='bbox 1857 4981 2025 5047; x_wconf 82' lang='lat' dir='ltr'><strong>disse,</strong></span> <span class='ocrx_word' id='word_1_830' title='bbox 2061 4997 2184 5035; x_wconf 89' lang='lat' dir='ltr'><strong>cum</strong></span> <span class='ocrx_word' id='word_1_831' title='bbox 2219 4981 2382 5034; x_wconf 89' lang='lat' dir='ltr'><strong>multa</strong></span> <span class='ocrx_word' id='word_1_832' title='bbox 2420 4981 2561 5036; x_wconf 89' lang='lat' dir='ltr'><strong>inter</strong></span> <span class='ocrx_word' id='word_1_833' title='bbox 2598 4989 2890 5050; x_wconf 90' lang='lat' dir='ltr'><strong>utrumque</strong></span> <span class='ocrx_word' id='word_1_834' title='bbox 2932 4984 3003 5035; x_wconf 90' lang='lat' dir='ltr'><strong>sit</strong></span> <span class='ocrx_word' id='word_1_835' title='bbox 3035 4982 3420 5050; x_wconf 76' lang='lat' dir='ltr'><strong>discrepantia,</strong></span> 
     </span>
    </p>
   </div>
   <div class='ocr_carea' id='block_1_113' title="bbox 1855 5061 3486 5143">
    <p class='ocr_par' dir='ltr' id='par_1_113' title="bbox 1855 5061 3486 5143">
     <span class='ocr_line' id='line_1_113' title="bbox 1855 5061 3486 5143; baseline 0 -16"><span class='ocrx_word' id='word_1_836' title='bbox 1855 5061 1968 5128; x_wconf 89' lang='lat' dir='ltr'><strong>imo</strong></span> <span class='ocrx_word' id='word_1_837' title='bbox 1991 5074 2169 5143; x_wconf 82' lang='lat' dir='ltr'><strong>petius</strong></span> <span class='ocrx_word' id='word_1_838' title='bbox 2203 5073 2291 5127; x_wconf 91' lang='lat' dir='ltr'><strong>hic</strong></span> <span class='ocrx_word' id='word_1_839' title='bbox 2322 5074 2392 5128; x_wconf 93' lang='lat' dir='ltr'><strong>sit</strong></span> <span class='ocrx_word' id='word_1_840' title='bbox 2421 5073 2495 5126; x_wconf 92' lang='lat' dir='ltr'><strong>illi</strong></span> <span class='ocrx_word' id='word_1_841' title='bbox 2530 5074 2754 5127; x_wconf 79' lang='lat' dir='ltr'><strong>omnino</strong></span> <span class='ocrx_word' id='word_1_842' title='bbox 2787 5073 3092 5128; x_wconf 81' lang='lat' dir='ltr'><strong>dissimilis.</strong></span> <span class='ocrx_word' id='word_1_843' title='bbox 3126 5073 3279 5140; x_wconf 81' lang='lat' dir='ltr'><strong>Quod</strong></span> <span class='ocrx_word' id='word_1_844' title='bbox 3326 5091 3424 5127; x_wconf 83' lang='lat' dir='ltr'><strong>au-</strong></span> <span class='ocrx_word' id='word_1_845' title='bbox 3481 5067 3486 5074; x_wconf 83' lang='grc'><strong>·</strong></span> 
     </span>
    </p>
   </div>
   <div class='ocr_carea' id='block_1_114' title="bbox 1857 5162 3422 5233">
    <p class='ocr_par' dir='ltr' id='par_1_114' title="bbox 1857 5162 3422 5233">
     <span class='ocr_line' id='line_1_114' title="bbox 1857 5162 3422 5233; baseline 0.001 -17"><span class='ocrx_word' id='word_1_846' title='bbox 1857 5172 1961 5217; x_wconf 88' lang='lat' dir='ltr'><strong>tem</strong></span> <span class='ocrx_word' id='word_1_847' title='bbox 1999 5163 2283 5218; x_wconf 87' lang='lat' dir='ltr'><strong>dissimile</strong></span> <span class='ocrx_word' id='word_1_848' title='bbox 2337 5171 2440 5230; x_wconf 90' lang='lat' dir='ltr'><strong>est,</strong></span> <span class='ocrx_word' id='word_1_849' title='bbox 2477 5163 2654 5218; x_wconf 90' lang='lat' dir='ltr'><strong>simile</strong></span> <span class='ocrx_word' id='word_1_850' title='bbox 2686 5179 2965 5233; x_wconf 88' lang='lat' dir='ltr'><strong>nunquam</strong></span> <span class='ocrx_word' id='word_1_851' title='bbox 3013 5164 3248 5218; x_wconf 89' lang='lat' dir='ltr'><strong>dicatur.</strong></span> <span class='ocrx_word' id='word_1_852' title='bbox 3303 5162 3422 5228; x_wconf 86' lang='lat' dir='ltr'><strong>Quo</strong></span> 
     </span>
    </p>
   </div>
   <div class='ocr_carea' id='block_1_115' title="bbox 1845 5249 3420 5325">
    <p class='ocr_par' dir='ltr' id='par_1_115' title="bbox 1845 5249 3420 5325">
     <span class='ocr_line' id='line_1_115' title="bbox 1845 5249 3420 5325; baseline -0.001 -15"><span class='ocrx_word' id='word_1_853' title='bbox 1845 5249 2016 5325; x_wconf 46' lang='lat' dir='ltr'><strong>&#39;paeto</strong></span> <span class='ocrx_word' id='word_1_854' title='bbox 2044 5255 2206 5325; x_wconf 90' lang='lat' dir='ltr'><strong>igitur</strong></span> <span class='ocrx_word' id='word_1_855' title='bbox 2237 5254 2501 5310; x_wconf 91' lang='lat' dir='ltr'><strong>dissimile</strong></span> <span class='ocrx_word' id='word_1_856' title='bbox 2523 5255 2704 5310; x_wconf 91' lang='lat' dir='ltr'><strong>dicitis</strong></span> <span class='ocrx_word' id='word_1_857' title='bbox 2729 5255 2927 5322; x_wconf 91' lang='lat' dir='ltr'><strong>simile,</strong></span> <span class='ocrx_word' id='word_1_858' title='bbox 2962 5267 3014 5309; x_wconf 90' lang='lat' dir='ltr'><strong>et</strong></span> <span class='ocrx_word' id='word_1_859' title='bbox 3039 5255 3217 5309; x_wconf 91' lang='lat' dir='ltr'><strong>simile</strong></span> <span class='ocrx_word' id='word_1_860' title='bbox 3254 5255 3420 5309; x_wconf 87' lang='lat' dir='ltr'><strong>dissi-</strong></span> 
     </span>
    </p>
   </div>
   <div class='ocr_carea' id='block_1_116' title="bbox 1855 5331 3418 5411">
    <p class='ocr_par' dir='ltr' id='par_1_116' title="bbox 1855 5331 3418 5411">
     <span class='ocr_line' id='line_1_116' title="bbox 1855 5331 3418 5411; baseline -0.001 -13"><span class='ocrx_word' id='word_1_861' title='bbox 1855 5345 1979 5399; x_wconf 90' lang='lat' dir='ltr'><strong>mile</strong></span> <span class='ocrx_word' id='word_1_862' title='bbox 2010 5344 2356 5408; x_wconf 79' lang='lat' dir='ltr'><strong>existimatis,</strong></span> <span class='ocrx_word' id='word_1_863' title='bbox 2383 5361 2447 5400; x_wconf 90' lang='lat' dir='ltr'><strong>ac</strong></span> <span class='ocrx_word' id='word_1_864' title='bbox 2472 5346 2817 5402; x_wconf 90' lang='lat' dir='ltr'><strong>simulatione</strong></span> <span class='ocrx_word' id='word_1_865' title='bbox 2852 5347 2934 5400; x_wconf 90' lang='lat' dir='ltr'><strong>usi</strong></span> <span class='ocrx_word' id='word_1_866' title='bbox 2964 5331 3181 5411; x_wconf 86' lang='lat' dir='ltr'><strong>dicitis,</strong></span> <span class='ocrx_word' id='word_1_867' title='bbox 3221 5344 3418 5398; x_wconf 71' lang='lat' dir='ltr'><strong>Filium</strong></span> 
     </span>
    </p>
   </div>
   <div class='ocr_carea' id='block_1_117' title="bbox 1852 5432 3422 5514">
    <p class='ocr_par' dir='ltr' id='par_1_117' title="bbox 1852 5432 3422 5514">
     <span class='ocr_line' id='line_1_117' title="bbox 1852 5432 3422 5514; baseline 0.001 -26"><span class='ocrx_word' id='word_1_868' title='bbox 1852 5448 1973 5488; x_wconf 76' lang='lat' dir='ltr'><strong>esse</strong></span> <span class='ocrx_word' id='word_1_869' title='bbox 2000 5432 2178 5489; x_wconf 87' lang='lat' dir='ltr'><strong>Patris</strong></span> <span class='ocrx_word' id='word_1_870' title='bbox 2207 5435 2541 5506; x_wconf 86' lang='lat' dir='ltr'><strong>imaginem?</strong></span> <span class='ocrx_word' id='word_1_871' title='bbox 2587 5436 2643 5490; x_wconf 93' lang='lat' dir='ltr'><strong>Si</strong></span> <span class='ocrx_word' id='word_1_872' title='bbox 2675 5438 2818 5490; x_wconf 90' lang='lat' dir='ltr'><strong>enim</strong></span> <span class='ocrx_word' id='word_1_873' title='bbox 2847 5436 3020 5490; x_wconf 89' lang='lat' dir='ltr'><strong>Filius</strong></span> <span class='ocrx_word' id='word_1_874' title='bbox 3062 5452 3166 5488; x_wconf 91' lang='lat' dir='ltr'><strong>non</strong></span> <span class='ocrx_word' id='word_1_875' title='bbox 3215 5444 3298 5490; x_wconf 90' lang='lat' dir='ltr'><strong>est</strong></span> <span class='ocrx_word' id='word_1_876' title='bbox 3337 5452 3422 5514; x_wconf 83' lang='lat' dir='ltr'><strong>se-</strong></span> 
     </span>
    </p>
   </div>
   <div class='ocr_carea' id='block_1_118' title="bbox 1851 5525 3422 5596">
    <p class='ocr_par' dir='ltr' id='par_1_118' title="bbox 1851 5525 3422 5596">
     <span class='ocr_line' id='line_1_118' title="bbox 1851 5525 3422 5596; baseline 0.001 -16"><span class='ocrx_word' id='word_1_877' title='bbox 1851 5525 2091 5580; x_wconf 87' lang='lat' dir='ltr'><strong>cundum</strong></span> <span class='ocrx_word' id='word_1_878' title='bbox 2129 5528 2490 5583; x_wconf 84' lang='lat' dir='ltr'><strong>substantiam</strong></span> <span class='ocrx_word' id='word_1_879' title='bbox 2534 5528 2711 5583; x_wconf 86' lang='lat' dir='ltr'><strong>Patris</strong></span> <span class='ocrx_word' id='word_1_880' title='bbox 2766 5528 2983 5593; x_wconf 91' lang='lat' dir='ltr'><strong>similis,</strong></span> <span class='ocrx_word' id='word_1_881' title='bbox 3032 5528 3236 5596; x_wconf 90' lang='lat' dir='ltr'><strong>aliquid</strong></span> <span class='ocrx_word' id='word_1_882' title='bbox 3290 5543 3422 5583; x_wconf 88' lang='lat' dir='ltr'><strong>sane</strong></span> 
     </span>
    </p>
   </div>
   <div class='ocr_carea' id='block_1_119' title="bbox 1855 5617 3419 5688">
    <p class='ocr_par' dir='ltr' id='par_1_119' title="bbox 1855 5617 3419 5688">
     <span class='ocr_line' id='line_1_119' title="bbox 1855 5617 3419 5688; baseline 0 -17"><span class='ocrx_word' id='word_1_883' title='bbox 1855 5617 2072 5688; x_wconf 87' lang='lat' dir='ltr'><strong>imagini</strong></span> <span class='ocrx_word' id='word_1_884' title='bbox 2103 5618 2302 5683; x_wconf 82' lang='lat' dir='ltr'><strong>deﬁcit,</strong></span> <span class='ocrx_word' id='word_1_885' title='bbox 2334 5634 2507 5688; x_wconf 89' lang='lat' dir='ltr'><strong>neque</strong></span> <span class='ocrx_word' id='word_1_886' title='bbox 2533 5627 2616 5673; x_wconf 92' lang='lat' dir='ltr'><strong>est</strong></span> <span class='ocrx_word' id='word_1_887' title='bbox 2655 5619 2810 5686; x_wconf 89' lang='lat' dir='ltr'><strong>plena</strong></span> <span class='ocrx_word' id='word_1_888' title='bbox 2848 5618 3048 5688; x_wconf 89' lang='lat' dir='ltr'><strong>imago,</strong></span> <span class='ocrx_word' id='word_1_889' title='bbox 3099 5632 3204 5672; x_wconf 89' lang='lat' dir='ltr'><strong>non</strong></span> <span class='ocrx_word' id='word_1_890' title='bbox 3244 5617 3419 5686; x_wconf 79' lang='lat' dir='ltr'><strong>perfe-</strong></span> 
     </span>
    </p>
   </div>
   <div class='ocr_carea' id='block_1_120' title="bbox 1853 5709 3421 5786">
    <p class='ocr_par' dir='ltr' id='par_1_120' title="bbox 1853 5709 3421 5786">
     <span class='ocr_line' id='line_1_120' title="bbox 1853 5709 3421 5786; baseline -0.002 -22"><span class='ocrx_word' id='word_1_891' title='bbox 1853 5717 1974 5764; x_wconf 85' lang='lat' dir='ltr'><strong>ctus</strong></span> <span class='ocrx_word' id='word_1_892' title='bbox 2009 5710 2280 5786; x_wconf 83' lang='lat' dir='ltr'><strong>splendor.</strong></span> <span class='ocrx_word' id='word_1_893' title='bbox 2312 5709 2422 5763; x_wconf 89' lang='lat' dir='ltr'><strong>Cur</strong></span> <span class='ocrx_word' id='word_1_894' title='bbox 2448 5710 2630 5778; x_wconf 85' lang='lat' dir='ltr'><strong>itaque</strong></span> <span class='ocrx_word' id='word_1_895' title='bbox 2666 5710 2768 5764; x_wconf 91' lang='lat' dir='ltr'><strong>hoc</strong></span> <span class='ocrx_word' id='word_1_896' title='bbox 2800 5710 2976 5778; x_wconf 85' lang='lat' dir='ltr'><strong>legitis</strong></span> <span class='ocrx_word' id='word_1_897' title='bbox 3008 5729 3018 5762; x_wconf 91' lang='lat'>:</span> <span class='ocrx_word' id='word_1_898' title='bbox 3053 5729 3070 5760; x_wconf 83' lang='grc'><strong>‹</strong></span> <span class='ocrx_word' id='word_1_899' title='bbox 3104 5710 3162 5762; x_wconf 88' lang='lat' dir='ltr'><strong>In</strong></span> <span class='ocrx_word' id='word_1_900' title='bbox 3193 5709 3311 5778; x_wconf 88' lang='lat' dir='ltr'><strong>ipso</strong></span> <span class='ocrx_word' id='word_1_901' title='bbox 3338 5709 3421 5762; x_wconf 51' lang='lat' dir='ltr'><strong>in.</strong></span> 
     </span>
    </p>
   </div>
   <div class='ocr_carea' id='block_1_121' title="bbox 3342 481 3569 572">
    <p class='ocr_par' dir='ltr' id='par_1_121' title="bbox 3342 481 3569 572">
     <span class='ocr_line' id='line_1_121' title="bbox 3342 481 3569 572; baseline 0.009 -30"><span class='ocrx_word' id='word_1_902' title='bbox 3342 481 3464 544; x_wconf 68' lang='lat' dir='ltr'><strong>tos</strong></span> <span class='ocrx_word' id='word_1_903' title='bbox 3501 569 3506 572; x_wconf 91' lang='lat'><strong><em>_</em></strong></span> <span class='ocrx_word' id='word_1_904' title='bbox 3557 557 3569 569; x_wconf 85' lang='lat'>_</span> 
     </span>
    </p>
   </div>
  </div>
