3860 6552
476 417 587 484 467
1719 416 2000 480 EUTllY!

2150 414 2507 481 “GADES!
3594 419 3674 485 ((8

404 510 411 519 ⁸
476 536 683 597 habitat
753 532 933 591 omnis
1012 530 1293 605 plenitudo
1368 526 1672 593 divinitatis
1742 542 1928 602 corpoi

2152 543 2289 600 nev;
2319 542 2339 578 ι
2370 524 2491 587 Πῶς
2525 524 2614 577 τὸν
2656 521 2936 595 ’Δρειανδν
2986 524 3194 580 ’Δέτιον
3228 524 3305 592 ὥς
3333 525 3582 597 αἱρετικδιν
3607 530 3674 583 ικ-

480 636 559 680 ter
614 625 652 690 ί,
693 644 711 677 ι
746 630 819 689 et,
868 642 887 672 ι
916 637 979 679 ex
1020 622 1355 694 plenitudine
1392 621 1514 693 ejus
1536 635 1639 678 nos
1665 635 1855 677 omnes
1895 635 2004 676 acet

2155 630 2396 696 ϐάλλετε,
2430 630 2604 685 καίτοι
2632 629 2701 685 τὰ
2742 630 2884 685 αὐτὰ
2923 631 3115 703 ἐκείνῳ
3142 632 3419 701 λέγοντεςς
3466 636 3562 687 Καὶ
3591 638 3674 708 γὰρ

482 717 662 786 pimus
716 714 783 768 ⁸7
822 732 840 766 ι
899 712 1012 768 Cur
1058 713 1321 769 Arianum
1376 710 1589 767 Aetium
1634 719 1693 765 ut
1737 711 2006 766 limreticm

2158 723 2251 777 σοῦ
2279 724 2400 795 μὲν,
2433 716 2479 777 ὧ
2517 723 2738 778 Ἀκάκιε
2771 758 2788 785 ,
2928 724 3140 795 ἑταῖρός
3172 723 3338 786 ἐστιν,
3378 724 3600 791 Εύδοξίου
3636 728 3676 782 δὲ

480 809 698 878 ejicitis,
720 808 847 863 licet
873 822 937 861 ea
965 806 1082 877 ipsa
1114 821 1236 876 qua:
1257 806 1344 861 ille
1374 803 1714 877 loquamini?
1741 802 1860 858 Tibi
1882 801 2004 857 enin

2156 812 2469 877 διδάσκαλος
2504 815 2582 877 εἰς
2619 813 2717 885 τὴν
2749 814 3005 885 τοιαύτην
3055 812 3308 868 ἀσέϐειαν
3363 814 3584 883 γέγονεν,
3628 816 3677 891 ἧς

480 899 667 964 Aeaci,
695 898 909 954 amicus
938 906 1043 961 est,
1070 896 1429 969 Eudoxioque
1457 896 1623 967 hujus
1651 894 1908 966 magister
1951 895 2004 948 iu

2158 902 2321 957 ἓνεκα
2349 906 2444 958 καὶ
2472 905 2719 969 Λεόντιος
2748 905 2909 959 αὐτὸν
2944 908 2972 959 ό
3002 905 3299 969 ἐπίσκοπος
3330 905 3555 960 διάκονον
3578 926 3678 963 κατα

480 990 699 1061 pictatis
733 988 857 1057 fuit,
887 990 940 1043 in
971 988 1129 1059 cujus
1153 988 1383 1058 gratiam
1410 1004 1534 1044 eum
1566 987 1825 1044 Leontius
1843 986 2004 1057 episct

2160 992 2386 1067 έστησεν
2406 1011 2419 1026 ο
2456 995 2565 1061 ἴνα,
2600 995 2677 1061 ὡς
2705 994 2963 1067 ὲνδύματι
3105 997 3378 1067 προὸάτου
3407 997 3481 1068 τῷ
3502 999 3680 1069 ὀνόματι

481 1098 586 1152 pus
607 1081 899 1136 diaconum
930 1079 1239 1147 ordinavit;
1268 1090 1350 1144 ut,
1384 1080 1539 1152 quasi
1568 1080 1685 1136 ovis
1728 1080 2005 1135 vestimenl

2158 1083 2259 1154 τῆς
2286 1084 2559 1150 διακονίας
2584 1086 2886 1157 χρώμενος,
2921 1089 3007 1141 ἐπ’
3041 1088 3224 1153 ἀδείας
3255 1090 3467 1161 ἐξεμεῖν
3505 1091 3681 1165 δύνηται

481 1175 807 1231 diaconatus
836 1172 1059 1229 nomine
1102 1188 1259 1237 usus,
1289 1171 1639 1243 blasphemiae
1678 1170 1838 1227 verba
1885 1169 2005 1225 libet

1466 1171 1639 1227 temiae
1678 1170 1838 1227 verba
1885 1169 2055 1225 libere
2160 1174 2227 1230 τά
2250 1176 2351 1248 τῆς
2375 1176 2724 1250 βλασφημίας
2755 1180 2990 1250 ῥήματα.

482 1274 667 1335 posset
698 1278 971 1319 evomere.

674 1354 812 1422 Quid
841 1354 1004 1425 igitur
1033 1353 1190 1409 vobis
1212 1352 1404 1418 suasit,
1424 1362 1485 1407 ut
1507 1350 1663 1407 vobis
1705 1350 1835 1422 ipsis
1863 1351 2054 1406 adver-

2353 1350 2419 1405 Τί
2450 1346 2543 1405 οῦν
2577 1353 2720 1422 ὑμᾶς
2758 1352 2868 1423 ἄρα
2895 1353 3134 1407 τοιοῦτον
3171 1353 3389 1409 ἔπεισεν
3408 1396 3423 1420 ,
3465 1356 3589 1410 ὥστε
3616 1361 3684 1413 καὶ

484 1449 705 1514 semini,
735 1457 1058 1519 tantumque
1084 1445 1369 1503 dedecoris
1395 1444 1683 1501 referatis?
1726 1443 1888 1501 Certe
1914 1442 2008 1499 nib

2161 1442 2373 1507 έαυτοῖς
2399 1444 2477 1507 είς
2504 1443 2565 1495 τὸ
2598 1442 2837 1496 ἐναντίον
2860 1444 3200 1516 περιπεσεῖν,
3222 1446 3321 1500 καὶ
3358 1448 3602 1519 τοσαύτην
3623 1452 3684 1503 al-

484 1540 682 1596 rationi
735 1546 1164 1596 consentaneum
1204 1536 1377 1606 ,vobis
1431 1534 1723 1591 dicendum
1775 1532 2008 1605 suppetit

2162 1531 2362 1604 σχύνην
2381 1533 2788 1603 ἀπενέγκασθαι
2808 1550 2821 1600 ;
2848 1535 2961 1589 ἀλλ’
2988 1535 3141 1590 οὐδὲν
3163 1534 3386 1607 εὔλογον
3410 1537 3473 1591 ἂν
3487 1539 3682 1593 εἴποιτε·

485 1632 703 1702 hocque
725 1631 903 1687 solum
934 1627 1339 1699 intelligendum
1373 1627 1722 1699 relinquitur,
1772 1642 1873 1684 vos
1908 1625 2009 1682 null

2162 1622 2316 1678 τοῦτο
2364 1623 2422 1679 δὲ
2462 1625 2621 1699 μόνον
2659 1626 3033 1700 περιλείπεται
3075 1630 3251 1695 νοεῖν,
3307 1629 3391 1683 δτι
3421 1630 3581 1684 πάντα
3617 1631 3686 1686 νῦν

484 1738 593 1779 non
620 1721 990 1787 simulatione,
1018 1720 1167 1776 nullo
1229 1734 1340 1776 non
1390 1727 1701 1776 commento
1735 1718 1813 1774 uti
1841 1726 2008 1789 propu

2163 1712 2520 1785 ὑποκρίνεσθε
2543 1754 2559 1781 ,
2602 1716 2695 1769 καὶ
2746 1716 2926 1771 πάντα
2967 1717 3427 1791 προσποιούμενοι
3474 1720 3687 1775 πλάττετε

484 1816 788 1872 Constantii
816 1813 1204 1887 patrocinium,
1230 1812 1555 1883 lucrumque
1577 1810 1723 1877 quod
1748 1810 1876 1866 hinc
1900 1808 2005 1865 vob

2164 1802 2249 1861 διὰ
2279 1803 2377 1877 τὴν
2410 1805 2561 1878 παρὰ
2588 1808 2966 1863 Κωνσταντίου
3145 1811 3502 1882 προστασίαν,
3542 1811 3622 1866 καὶ
3643 1811 3688 1865 τὺ

482 1906 682 1960 evenit.
707 1905 884 1975 Atque
903 1904 957 1959 in
989 1910 1241 1974 promptu
1262 1901 1417 1958 vobis
1437 1910 1521 1957 est
1541 1898 1729 1957 Patres
1757 1898 2006 1956 incusare

2164 1896 2315 1969 παρά
2344 1897 2439 1951 τοῦ
2464 1896 2707 1953 τοιούτω
2735 1898 2949 1972 κέρδος.
2976 1899 3087 1955 Καὶ
3134 1904 3485 1975 κατηγορεῖτε
3518 1902 3605 1975 μὶν
3624 1904 3688 1956 εὐ-

484 2006 792 2065 lemereque
816 1993 1079 2065 objicitis,
1133 2006 1242 2047 non
1297 1990 1489 2048 haberi
1527 2005 1591 2047 ea
1623 1988 1786 2045 verba
1816 1989 1872 2043 in
1911 1987 2008 2044 Scr

2165 1986 2337 2060 χερῶς
2365 1987 2472 2042 τῶν
2505 1989 2781 2063 Πατέρων,
2809 1989 3209 2063 προφασίζεσθε
3231 1993 3291 2047 δὲ
3326 1993 3503 2059 ἁπλῶς
3525 1993 3611 2058 τὰς
3632 1994 3689 2047 λέ·

483 2087 659 2157 pturis
684 2084 858 2141 sacris
894 2102 909 2140 :
960 2093 1016 2140 et
1043 2092 1101 2139 ut
1139 2083 1403 2154 scriptum
1459 2090 1565 2146 est,
1617 2100 1635 2133 ι
1677 2094 1837 2137 crura
1865 2080 2007 2137 diva:

2164 2078 2296 2146 ξεις,
2321 2079 2397 2145 ὡς
2428 2081 2711 2153 ἀγράφους
2735 2100 2749 2114 ·
2782 2083 2876 2137 καὶ
2903 2084 3047 2139 κατά
3082 2085 3146 2139 τὸ
3177 2084 3569 2157 γεγραμμένον,
3593 2104 3608 2138 ι
3632 2086 3688 2140 δι-

483 2178 653 2233 castis
686 2176 836 2233 omni
863 2174 1165 2232 transeunti
1212 2174 1269 2241 ³;
1301 2190 1321 2226 ι
1352 2173 1426 2229 ita
1457 2182 1512 2228 ut
1540 2172 1699 2230 toties
1732 2172 2007 2228 sententia]

2164 2170 2405 2226 ιτείνατε
2442 2171 2511 2225 τὰ
2539 2172 2705 2244 σκέλη
2734 2174 2897 2228 παντὶ
2925 2175 3145 2247 παρόδῳ
3168 2192 3182 2206 ·
3207 2195 3225 2229 ι
3247 2175 3391 2230 ὥστε
3418 2176 3687 2239 τοσαυτάκις

482 2267 848 2333 commutetis,
885 2266 1105 2336 quoties
1141 2264 1310 2322 velint
1346 2265 1383 2320 ii
1430 2264 1525 2335 qui
1582 2279 1678 2321 vos
1711 2263 1955 2320 mercede
2005 2297 2006 2304 η

2163 2262 2309 2335 ὑμᾶς
2344 2263 2795 2334 μεταϐάλλεσθαι,
2825 2266 3013 2332 ὁσάκις
3045 2266 3111 2321 ἂν
3133 2267 3281 2339 ὑμᾶς
3304 2269 3354 2321 ot
3397 2266 3687 2340 μισθούμενοι

485 2358 709 2429 praemio
763 2357 1099 2415 conducunt.
1163 2353 1487 2426 Quanquam
1544 2354 1681 2410 nihil
1729 2356 1976 2418 interest.

2163 2356 2257 2407 καὶ
2308 2355 2667 2427 χορηγοῦντες
2713 2358 2842 2428 ὑμῖν
2885 2358 3184 2429 βούλονται.
3394 2360 3570 2414 Καίτοι
3614 2358 3687 2412 κᾶν

485 2451 610 2521 quis
641 2465 749 2505 non
784 2448 1013 2519 scriptas
1036 2462 1199 2502 voces
1248 2444 1510 2518 proferat,
1553 2445 1682 2501 dum
1714 2445 1857 2516 piam
1882 2460 2009 2501 servi

2162 2444 2443 2515 ἀγράφους
2457 2462 2541 2505 τις
2561 2444 2694 2517 λαλῇ
2715 2445 2912 2512 λέξεις,
2941 2446 3093 2500 οὐδὲν
3123 2447 3393 2519 διαφέρει,
3416 2448 3514 2512 ἕως
3536 2446 3684 2501 εύσεὸἰ

485 2538 831 2598 sententiam,
892 2534 1188 2605 Haereticns
1246 2542 1427 2589 autem
1489 2533 1596 2600 vir,
1630 2534 1760 2589 licet
1818 2535 2000 2590 verbis

2163 2537 2264 2607 τὴν
2286 2536 2525 2591 διάνοιαν
2543 2536 2675 2608 ἔχει.
2720 2537 2779 2591 '0
2808 2538 2865 2591 δὲ
2894 2538 3170 2609 αἱρετικὸς
3204 2539 3309 2609 άνὴ
3321 2555 3373 2609 ρ,
3393 2537 3491 2592 κάν
3513 2539 3594 2601 τὰς
3610 2538 3687 2590 ἀπὸ

486 2629 765 2699 Scriptura
812 2626 1144 2698 depromptis
1189 2633 1394 2691 utatur,
1425 2624 1595 2680 nihilo
1637 2635 1813 2681 tamen
1845 2625 2010 2679 minus

2162 2627 2273 2681 τῶν
2305 2628 2537 2699 Γραφῶν
2570 2631 2839 2701 χρήσηται
2872 2629 3066 2697 λέξεις,
3120 2629 3276 2683 οὐδὲν
3301 2625 3461 2703 ἦττον
3499 2629 3686 2692 ὕποπτος

486 2731 775 2792 suspectus
802 2736 868 2777 ac
902 2726 1089 2775 mente
1145 2726 1434 2789 corruptus
1464 2732 1587 2773 cum
1641 2718 1735 2784 sit,
1786 2732 1817 2772 a
1852 2716 2010 2786 Spiril

2164 2717 2260 2783 ὢν,
2286 2717 2381 2771 καὶ
2409 2718 2501 2772 τὸν
2528 2718 2655 2772 νοῦν
2686 2703 3099 2789 διεφθαρμένος,
3134 2720 3429 2774 ἀκούσεται
3470 2718 3599 2791 παρὰ
3620 2715 3687 2771 τοῦ

486 2823 674 2869 sancto
695 2813 876 2875 audiet
908 2830 921 2867 :
951 2830 969 2863 t
992 2808 1172 2879 Quare
1200 2819 1257 2867 tu
1282 2825 1508 2866 enarras
1542 2809 1785 2881 justitias
1817 2824 2010 2877 meas“

2166 2810 2484 2881 Πνεύματος
2507 2828 2521 2841 ο
2569 2828 2588 2862 ι
2624 2811 2741 2864 Ἵνα
2768 2809 2820 2863 τί
2847 2810 2911 2863 σὺ
2941 2810 3103 2882 διηγῇ
3303 2810 3372 2865 τὰ
3403 2806 3688 2875 δικαιώματά

484 2904 720 2960 assumis
745 2909 1126 2961 testamentum
1153 2916 1333 2957 meum
1354 2914 1451 2970 per
1470 2915 1531 2957 os
1558 2910 1710 2956 tuum
1763 2899 1786 2931 ⁸
1801 2900 1825 2955 τ
1842 2919 1861 2952 ι
1882 2898 2008 2966 Qum

2169 2919 2292 2972 μου,
2321 2903 2414 2956 καὶ
2448 2901 2849 2973 άναλαμδάνεις
2876 2901 2975 2974 τὴν
3010 2901 3281 2975 διαθήκην
3314 2919 3415 2975 μου
3434 2902 3517 2956 διά
3541 2901 3688 2971 στόμσο

484 2996 704 3051 tltabolo
748 2995 876 3051 licet
934 3009 1002 3050 ex
1064 2992 1362 3065 Scripturis
1414 2991 1653 3063 loquenti
1696 3007 1760 3048 os
1806 3006 1838 3047 a
1866 2989 2008 3047 Salv:

2168 2993 2259 3056 τός
2305 3010 2399 3046 σου
2421 3010 2436 3059 ;
2456 3012 2475 3047 ι
2509 2993 2695 3057 Οῦτως
2738 2994 2767 3047 ὁ
2806 2992 2905 3065 μὲν
2932 2991 3205 3058 διάϐολος,
3233 2994 3414 3049 καίτοι
3440 2993 3593 3047 λαλῶν
3612 2992 3688 3045 dmi

486 3097 605 3142 ture
642 3087 957 3149 obturatum
986 3094 1089 3141 est.
1124 3083 1323 3139 Beatus
1350 3092 1529 3139 autem
1560 3082 1783 3149 Paulus,
1806 3096 2005 3153 quamv

2166 3086 2277 3139 τῶν
2323 3085 2573 3157 Γραφῶν,
2626 3085 2938 3156 πεφίμωται
2972 3084 3125 3158 παρὰ
3153 3085 3246 3140 τοῦ
3283 3086 3555 3157 Σωτῆρος·
3596 3084 3688 3139 Mt

484 3194 549 3233 es
584 3176 828 3247 profanis
858 3177 1111 3247 loquatur
1147 3193 1161 3231 :
1217 3194 1236 3227 ι
1273 3173 1561 3230 Cretenses
1590 3188 1806 3245 semper
1831 3172 2008 3229 menda

2172 3178 2437 3248 μακάριος
2462 3176 2694 3242 Παῦλος,
2729 3177 2832 3232 κᾶν
2864 3179 2928 3233 ὲκ
2952 3178 3064 3233 τῶν
3096 3177 3297 3243 ἔξωθεν
3332 3177 3464 3248 λαλῇ
3484 3195 3496 3209 ·
3533 3195 3550 3228 ι
3574 3175 3686 3248 Κρῆ-

486 3284 576 3323 ces
625 3270 685 3335 ⁸;
722 3286 740 3320 ι
789 3275 876 3321 et:
911 3285 930 3319 t
964 3264 1138 3337 Ipsius
1171 3266 1315 3327 enim
1340 3280 1511 3335 genus
1554 3278 1748 3321 sumus
1814 3266 1868 3331 ⁶;
1904 3281 1923 3316 ι
1961 3272 2010 3319 et

2169 3285 2263 3332 τες
2292 3268 2377 3322 ἀεὶ
2403 3268 2665 3339 ψεύσταν
2697 3287 2715 3321 ι
2763 3270 2859 3324 καὶ
2880 3310 2897 3336 ,
2956 3288 2976 3322 t
3009 3268 3115 3324 Τοῦ
3156 3268 3267 3341 γάρ
3453 3268 3538 3322 καὶ
3574 3266 3687 3334 γένος

491 3379 511 3412 t
546 3360 920 3429 Corrumpunt
949 3373 1128 3415 mores
1188 3359 1360 3413 bonos
1391 3356 1662 3427 colloquia
1712 3371 1880 3427 prava
1938 3357 1998 3425 ';

2169 3362 2336 3433 ισμέν
2357 3380 2369 3392 ·
2414 3380 2433 3413 ι
2471 3360 2586 3424 καὶ,
2628 3378 2647 3413 t
2676 3359 2994 3433 θθείρουσιν
3025 3360 3130 3431 ἢθη
3156 3360 3373 3432 χρηστά
3403 3358 3584 3430 ὁμιλίαι
3619 3372 3689 3409 κα-

486 3461 722 3506 attamen
748 3460 969 3505 sanctus
993 3465 1116 3505 cum
1153 3450 1246 3516 sit,
1278 3450 1421 3519 piam
1454 3449 1652 3504 retinet
1680 3447 2007 3505 sententiam

2169 3452 2261 3506 καί
2282 3468 2295 3481 ο
2323 3470 2342 3503 ι
2368 3451 2479 3505 ἀλλ’
2504 3452 2677 3522 ὅμως,
2702 3450 2856 3519 ἅγιος
2884 3448 2981 3516 ὢν,
3006 3449 3120 3521 ἔχει
3143 3450 3243 3521 τὴν
3260 3449 3495 3505 διάνοιαν
3518 3444 3688 3512 εὐσεϐῆ·

484 3550 539 3597 et
568 3557 689 3596 cum
717 3540 919 3597 Christi
966 3547 1203 3595 mentem
1254 3538 1475 3605 habeat,
1514 3537 1763 3609 gentibus
1802 3538 2008 3609 magistt

2168 3543 2264 3598 καὶ
2288 3542 2383 3597 τοῦ
2417 3542 2653 3614 Χριστοῦ
2680 3541 2805 3597 νοῦν
2838 3540 2977 3613 ἔχων
2999 3581 3014 3605 ,
3047 3540 3368 3606 διδάσκαλός
3409 3542 3542 3594 ἐστιν
3566 3535 3692 3590 tam

482 3644 565 3687 est
592 3634 710 3687 iidei
736 3642 790 3691 et
818 3632 1081 3697 veritatis,
1130 3639 1345 3688 etcum
1387 3632 1588 3702 pietate
1644 3630 2005 3701 semmrloqu

2171 3633 2230 3685 tv
2257 3630 2438 3684 πίστει
2481 3630 2577 3683 καὶ
2615 3628 2876 3701 ἀληθείᾳο
2924 3629 3019 3683 καὶ
3056 3627 3287 3695 ἃλαλεϊ,
3323 3628 3438 3701 μετ’
3468 3622 3692 3686 εὐσεὸείας

484 3734 594 3778 tur.
630 3722 968 3792 Ecquidnam
1000 3720 1105 3784 (ide
1133 3722 1355 3792 dignum
1397 3722 1537 3778 inest
1586 3720 1857 3777 Arianicis
1892 3735 2008 3777 voci

2172 3721 2485 3794 φθέγγεται.
2512 3721 2647 3775 Ποία
2683 3722 2863 3776 τοίνυν
2888 3722 2946 3777 tv
2968 3726 3082 3786 τοῖς
3121 3722 3418 3793 Ἀρειανοῖς
3559 3718 3675 3788 ῥημα

482 3814 570 3877 lis,
605 3816 805 3885 quibus
825 3829 988 3871 eruca
1015 3822 1069 3867 et
1098 3813 1305 3868 locusta
1352 3812 1621 3869 Salvatori
1686 3813 1999 3883 anteponitu

2172 3815 2307 3877 τίοις
2353 3814 2455 3868 κᾶν
2488 3812 2779 3885 πιθανότης
2829 3813 2996 3879 ἐστὶν,
3028 3814 3086 3865 ὲν
3133 3809 3217 3877 οἷς
3272 3809 3584 3883 προτιμᾶται
3624 3802 3690 3856 τοῦ

483 3905 694 3975 ipsique
716 3904 831 3963 Ita-c
859 3904 1103 3960 convicia
1136 3904 1423 3959 dicuntur:
1457 3904 1762 3975 Aliquando
1787 3919 1893 3959 non
1909 3919 2003 3959 era

2175 3906 2425 3976 Σωτῆρος
2457 3907 2490 3976 ἡ
2523 3905 2717 3977 κάμπη
2748 3905 2841 3958 καὶ
2874 3906 2907 3975 ἡ
2940 3905 3123 3977 ἀκρὶς,
3156 3905 3249 3957 καὶ⁸
3277 3902 3575 3974 λοιδορεῖται
3601 3893 3691 3963 mp‘

483 4007 535 4051 et
559 4005 776 4057 creatus
800 4012 879 4062 es,
912 3996 1239 4065 alienusque
1262 4011 1323 4051 es
1358 4011 1387 4050 a
1425 3995 1534 4050 Deo
1583 3984 1884 4051 secuntltim
1927 3997 2007 4053 sul

2174 3993 2382 4049 αὖτῶΨ
2418 3994 2533 4047 Οὐκ
2579 3989 2647 4063 ἧς
2676 4010 2828 4059 ποτε,
2883 3994 2977 4047 καὶ
3008 3993 3264 4064 ὲκτίσθης
3287 4034 3304 4058 ,
3345 3993 3485 4065 ξένος
3512 4006 3563 4040 τε
3607 3981 3693 4035 κατ’

483 4087 739 4143 stantiam
762 4105 775 4141 :
796 4088 1111 4157 nullamque
1130 4088 1347 4140 demum
1378 4101 1483 4141 non
1509 4085 1789 4157 proferunt
1815 4088 2001 4155 blaspli

2173 4085 2359 4139 οὐσίαν
2407 4084 2502 4139 τοῦ
2552 4084 2686 4138 Θεοῦ
2712 4085 2997 4154 τυγχάνεις
3018 4102 3029 4114 ·
3067 4086 3161 4138 καὶ¹
3200 4086 3339 4147 ὅλως
3368 4082 3511 4137 οὐδὲν
3538 4079 3695 4141 δυσφη-

488 4177 687 4232 tniami
721 4176 1000 4246 Propalam
1023 4184 1169 4229 certe
1189 4173 1417 4237 iaciunt,
1440 4187 1499 4228 se
1520 4173 1666 4230 nulla
1683 4173 1785 4229 alia
1808 4173 1874 4229 de
1901 4188 2012 4227 can:

2170 4170 2296 4240 μίας
2317 4170 2373 4222 ὲν
2410 4170 2593 4231 αὐτοῖς
2622 4165 3074 4237 παραλέλειπται.
3099 4165 3372 4236 Φανεροὺς
3399 4162 3487 4216 οῦν
3511 4157 3690 4216 ἑαυτοὺς

488 4287 611 4326 cum
640 4284 835 4339 magna
874 4268 1080 4339 synodo
1127 4281 1391 4337 pugnare,
1424 4281 1587 4336 quam
1620 4270 1764 4336 quod
1810 4266 2007 4319 Ariana

2171 4262 2306 4317 πᾶσι
2331 4261 2684 4321 καθιστῶσιν,
2710 4260 2791 4313 ὅτι
2817 4260 2884 4314 δι’
2919 4259 3071 4313 οὐδὲν
3094 4258 3283 4330 ἕτερον
3321 4258 3565 4329 μάχονται
3588 4248 3689 4319 πρὸς

490 4359 833 4417 damnaverit
864 4359 1136 4420 haeresim.
1176 4358 1254 4419 Ea
1288 4358 1451 4413 etiam
1484 4358 1592 4414 illis
1632 4374 1792 4412 causa
1824 4366 1906 4412 est
1933 4373 2014 4412 co:

2169 4357 2268 4425 τὴν
2305 4353 2523 4408 σύνοδον
2558 4352 2776 4420 ἐκείνην
2799 4352 2902 4423 τὴν
2929 4351 3249 4422 μεγάλην,ἢ
3282 4352 3366 4405 ὃτι
3397 4352 3491 4420 τὴν
3522 4348 3689 4416 ’Δρειασ

492 4453 864 4511 substantialis
906 4466 1090 4507 vocem
1129 4451 1452 4507 criminandi
1502 4453 1570 4506 de
1601 4467 1705 4522 qua
1748 4450 1851 4521 ipsi
1906 4466 2016 4521 prai

2172 4446 2269 4514 νὴν
2303 4444 2514 4514 αἵρεσιν
2559 4443 2871 4514 κατέκρινε.
2909 4443 3008 4497 Διά
3049 4441 3209 4496 τοῦτο
3251 4444 3362 4514 γὰρ
3388 4444 3476 4497 καὶ
3517 4440 3599 4508 τὴν
3623 4431 3692 4487 τοῦ

493 4548 762 4601 sentiunt.
806 4542 862 4599 Si
899 4558 1130 4614 namque
1174 4554 1320 4598 recte
1346 4544 1656 4605 crederent.
1699 4540 1911 4597 Patrem
1947 4557 2008 4595 ve

2174 4536 2465 4607 ὁμοουσίου
2498 4536 2642 4602 λέξιν
2672 4535 3042 4599 διαϐάλλουσι,
3079 4534 3266 4600 κακῶς
3304 4537 3455 4591 αὐτοὶ
3486 4528 3692 4603 φρονοῦν.

493 4637 712 4697 Patrem
757 4635 1184 4691 conﬁteremur:
1237 4633 1277 4694 Ε
1284 4634 1435 4689 ilium
1471 4650 1598 4689 vero
1646 4634 1942 4709 genuinum
1986 4631 2017 4685 F

2176 4644 2265 4690 τες
2296 4629 2393 4682 καὶ
2425 4628 2553 4699 περὶ
2577 4627 2768 4697 αὐτῆς.
2793 4628 2856 4681 Εἰ
2879 4626 2988 4699 γὰρ
3011 4627 3296 4682 ἐπίστευον
3314 4626 3505 4700 ὀρθῶς.
3534 4623 3611 4677 καὶ
3627 4618 3694 4670 τὸν

495 4730 651 4791 lium,
679 4735 735 4783 et
757 4737 950 4785 natura
974 4741 1159 4781 verum
1180 4729 1468 4784 crederent
1494 4724 1753 4791 \‘erbutn,
1779 4734 1832 4780 et
1854 4726 2015 4794 Sapie

2181 4721 2281 4790 μὲν
2314 4720 2529 4789 Πατέρα
2559 4718 2778 4789 Πατέρα
2807 4717 3021 4789 άληθῶς
3056 4718 3389 4788 ὡμολόγουν,
3418 4719 3504 4771 τὸν
3528 4713 3575 4771 δὲ
3597 4709 3694 4762 TW

499 4822 629 4877 tiam
679 4819 877 4875 Patris.
934 4818 1092 4885 Quod
1148 4827 1330 4873 autem
1379 4817 1578 4873 dicitur
1622 4833 1689 4881 ex
1741 4816 1852 4872 Deo
1880 4816 2019 4871 Filiu

2181 4809 2403 4881 γνήσιον
2430 4808 2557 4861 Υίδν
2588 4809 2682 4862 καὶ
2730 4808 2889 4877 φύσει
2918 4807 3171 4879 ἀληθινὸν
3199 4810 3393 4878 Λόγον,
3418 4807 3502 4859 καὶ
3544 4798 3696 4866 Σοφίαν

500 4927 645 4975 esse.
678 4914 726 4967 sl
756 4926 865 4969 non
902 4921 961 4966 ut
992 4912 1061 4966 de
1080 4909 1347 4967 creaturis
1378 4908 1603 4974 dicitur,
1624 4909 1694 4964 ita
1724 4908 1791 4963 de
1818 4908 1909 4962 illo
1935 4906 2022 4961 alii

2183 4902 2466 4956 ιπίστευον
2495 4893 2636 4954 εῖναι
2681 4899 2777 4954 τοῦ
2809 4900 3020 4971 Πατρός
3041 4914 3054 4928 ⁸
3091 4901 3152 4955 τό
3193 4917 3253 4953 τε
3278 4902 3341 4953 ὲκ
3370 4898 3459 4953 τοῦ
3500 4890 3615 4949 Θεοῦ
3634 4888 3697 4941 λέ-

506 5013 753 5069 tnarent;
790 5003 887 5058 sed
912 5002 1062 5060 illum
1088 5003 1411 5057 substantia
1440 5000 1618 5061 Patris
1648 4999 1928 5071 propriam
1960 5014 2030 5053 es:

2185 5010 2304 5061 γειν
2324 4993 2415 5045 τὸν
2452 4992 2597 5057 Υἱὸν,
2638 4994 2686 5044 εί
2723 4993 2819 5063 μὴ,
2853 4992 3044 5062 ὥσπερ
3088 4991 3307 5061 λέγεται
3338 4992 3462 5062 περὶ
3496 4988 3587 5041 τῶν
3612 4996 3698 5081 xti-

504 5097 714 5168 prolent
744 5096 1127 5166 intelligerent,
1149 5093 1608 5167 quemadmodum
1632 5092 1889 5164 splendor
1910 5106 1940 5144 a
1965 5091 2028 5145 lui

2191 5083 2432 5153 σμάτων,
2463 5081 2634 5145 οὕτως
2662 5082 2850 5151 ελεγον
2882 5084 2978 5135 καὶ
3004 5082 3134 5152 περὶ
3164 5080 3351 5143 αὑτοῦ,
3384 5076 3511 5133 ἀλλὰ
3538 5073 3617 5143 τῆς
3635 5073 3698 5119 οὐ*

502 5201 683 5243 ortum
725 5186 908 5248 habet,
938 5200 1278 5256 nequaquam
1311 5184 1511 5257 singuli
1559 5200 1746 5241 eorum
1781 5182 1971 5238 Patres
2006 5182 2021 5235 i

2192 5176 2313 5236 σίας
2348 5172 2442 5227 τοῦ
2494 5174 2703 5243 Πατρδς
2743 5174 2873 5227 ῐδιον
2902 5171 3063 5227 αὐτὸν
3092 5174 3275 5227 ἐνόουν
3308 5169 3440 5225 εἶναι
3486 5168 3695 5235 γέννηματ

502 5290 811 5343 cnsassent,
862 5294 926 5334 ac
959 5280 1140 5350 potius
1188 5278 1420 5334 ﬁdenter
1455 5277 1719 5332 dixissent
1763 5276 1902 5331 bene
1931 5290 2026 5345 syn

2192 5268 2267 5331 ὡς
2289 5266 2404 5319 ἐστι
2429 5264 2489 5319 τὸ
2508 5264 2849 5335 ἀπαύγασμα
2870 5266 2934 5318 ὲκ
2956 5266 3051 5318 τοῦ
3079 5266 3255 5335 φωτός
3281 5282 3296 5297 ο
3315 5264 3413 5319 οὐκ
3436 5260 3496 5315 ἂν
3521 5258 3698 5310 ἔκαστος

506 5374 636 5428 dum
696 5345 1005 5443 scripsisse,
1041 5380 1096 5426 et
1149 5386 1269 5426 eam
1323 5384 1446 5429 esse
1492 5378 1693 5429 rectam
1745 5368 1814 5423 de
1858 5366 2030 5423 Domit

2194 5362 2375 5417 αὐτῶν
2406 5359 2701 5431 κατηγόρει
2744 5360 2853 5414 τῶν
2886 5361 3145 5432 Πατέρων
3166 5376 3179 5390 ·
3224 5360 3337 5415 ἀλλ’
3368 5355 3620 5443 ἐθάρρουν,

508 5475 696 5522 nostro
718 5432 847 5521 Jesu
882 5432 1097 5520 Christo
1131 5464 1313 5521 (idem.

2195 5456 2375 5514 καλῶς
2418 5454 2656 5523 ἔγραψεν
2685 5454 2719 5523 η
2764 5452 2981 5513 σύνοδος
3008 5469 3022 5483 α
3061 5456 3154 5507 καὶ
3178 5453 3349 5515 οὕτως
3381 5451 3518 5503 ἐστὶν
3549 5432 3697 5512 HW}

2196 5547 2324 5615 περὶ
2356 5545 2452 5598 τοῦ
2488 5543 2694 5615 Κυρίου
2726 5544 2884 5613 ἡμῶν
2933 5545 3109 5612 Ἰησοῦ
3144 5543 3377 5617 Χριστοῦ
3414 5540 3595 5599 πίστις.

587 5732 603 5763 ⁸
632 5728 840 5783 Coloss.
875 5743 935 5789 ll,
972 5728 1025 5782 9.
1123 5731 1143 5760 ’
1174 5727 1329 5783 Joan.
1358 5744 1396 5793 ι,
1424 5728 1512 5782 l6.
1609 5730 1628 5759 ³
1664 5727 1862 5784 Ezech.
1898 5744 2012 5792 xvi,

516 5797 535 5833 '
566 5798 583 5854 Ι
615 5799 744 5854 Cur.
782 5813 870 5854 xv.
905 5797 991 5853 55.

2232 5730 2249 5761 ⁸
2278 5726 2423 5783 Psal.
2456 5743 2601 5793 χιιι,
2656 5728 2737 5782 16.
2817 5731 2837 5760 ³
2874 5728 2979 5783 Tit.
3016 5745 3051 5792 l,
3111 5727 3193 5787 l2.
3270 5731 3290 5760 ⁶
3316 5726 3430 5781 Act.
3480 5728 3595 5779 ml,
3628 5705 3692 5771 33-
