3860 6606
115 432 260 500 469
1150 435 1527 500 PANOPLIA
1562 435 1776 500 D06)!

1889 435 2022 497 ICA.
2070 462 2138 474 -
2174 437 2324 501 ΤΙΤ.
2368 439 2455 500 XI

3328 430 3439 504 4ἷο

230 552 401 608 Ἀλλ’
460 549 699 625 ἀσαφὴς.
765 550 951 623 φασιν,
1010 550 1162 607 ἐστὶν
1224 551 1356 624 ἡμῖν
1409 551 1518 606 τῶν
1576 549 1754 604 τοιού-

1929 549 2072 615 Sed,.
2111 548 2288 617 aiunt,
2340 550 2572 608 obscura
2624 552 2786 610 nobis
2843 560 2930 609 est
2986 550 3182 610 horum
3238 551 3436 608 verba-

116 663 261 701 1ow
327 645 535 712 λέξεων
579 646 614 717 ή
655 646 883 701 διάνοια.
919 645 1033 700 Καὶ
1083 643 1243 700 τοῦτο
1286 645 1397 716 γὰρ
1452 643 1753 715 προεφασί-

1879 656 1980 697 ἰιιη
2032 642 2330 700 sententia.
2367 642 2442 699 Ea
2473 643 2619 700 enim
2666 644 2770 701 fuit
2808 645 2984 703 futilis
3030 636 3321 703 hominum'
3344 662 3439 703 ex-

137 759 362 806 azv'ro,
391 742 644 811 λέγοντες
664 782 678 805 ,
706 743 820 806 ὅτι,
866 741 940 814 μὴ
982 740 1265 812 δυνάμενοι
1298 736 1623 793 καταλαϐεῖν
1656 735 1751 805 τὴν

1879 727 2080 784 :usatio
2112 743 2128 783 :
2161 743 2288 784 cum
2322 742 2432 783 non
2455 729 2732 799 possimus
2782 728 3073 785 verborum
3104 730 3431 800 interpreta-

142 832 478 903 ἑρμηνείαν
524 832 734 897 αὐτῶν,
792 833 1125 905 ὲκσάλλομεν
1155 830 1358 895 ταύτας
1405 830 1503 894 τὰς
1560 826 1753 893 λέξεις-

144 925 199 976 Τ
203 922 353 977 οῦτο
386 923 445 976 δὲ
471 925 520 977 εί
554 923 768 994 ἀληθῶς
801 924 986 994 ἔλεγον
1008 965 1023 990 ,
1049 923 1149 978 οὐκ
1185 922 1293 977 ἔδει
1330 921 1507 991 λέγειν
1536 920 1752 983 αὐτοὺς,

164 1014 564 1085 Ἑκϐέιλλομεν
594 1014 829 1078 ταύταςο
863 1014 977 1070 ἀλλ’
1017 1014 1202 1083 ἠξίουν
1381 1011 1571 1084 μαθεῖν
1604 1008 1755 1083 παρὰ

151 1105 278 1157 τῶν
304 1105 713 1175 ἐπισταμένων,
741 1106 862 1159 ἐπεὶ
893 1104 1164 1175 ὀφείλουσι
1195 1121 1281 1174 γε,
1306 1104 1401 1159 καὶ
1428 1105 1571 1176 ειπερ
1596 1101 1661 1156 ἃν
1697 1101 1757 1155 ὲν

152 1198 293 1260 ταῖς
325 1195 503 1260 θείαις
529 1197 770 1269 Γραφαῖς
798 1194 871 1268 μὴ
899 1197 1161 1268 νοήσωσιν
1188 1195 1486 1259 ἐκϐάλλειν,
1508 1182 1600 1247 καὶ
1622 1209 1756 1248 κατ-

137 1290 405 1371 ηγορεῖν
453 1290 577 1351 τοὺς
632 1286 948 1358 γράψαντας
1165 1287 1327 1342 αὐτὰ.
1388 1285 1547 1339 Ἀλλὰ
1602 1283 1759 1338 τοῦτο

140 1376 392 1449 μᾶλλον
425 1378 737 1449 αἱρετικῶν,
764 1380 859 1434 καὶ
886 1380 985 1450 οὐχ
1012 1377 1167 1449 ἡμῶν
1187 1378 1295 1431 τῶν
1331 1373 1673 1448 Χριστιανῶν
1699 1374 1760 1428 τὸ

160 1470 462 1541 τόλμημα.
498 1471 566 1523 Ἀ
598 1470 705 1543 γὰρ
727 1471 1026 1543 ἀγνοοῦμεν
1058 1473 1117 1525 ὲν
1147 1472 1260 1534 τοῖς
1277 1469 1509 1539 λογίοις,
1534 1469 1634 1522 οὐκ
1664 1468 1761 1521 ὲκ-

164 1562 478 1633 6ἀλλομεν,
507 1562 643 1616 ἀλλὰ
670 1562 939 1634 ζητοῦμεν
966 1562 1060 1627 οὓς
1082 1561 1431 1632 ἀπεκάλυψεν
1587 1561 1616 1613 ὁ
1646 1559 1761 1613 Κύ-

169 1672 323 1725 ριος,
354 1655 449 1707 καὶ
475 1656 606 1726 παρ’
639 1654 817 1709 αὐτῶν
840 1654 1128 1725 μανθάνειν
1152 1653 1430 1725 ἀξιοῦμεν.
1462 1650 1678 1721 Ἐπειδὴ
1705 1650 1763 1704 δὲ

168 1743 278 1797 καὶ
318 1743 468 1798 οῦτω
493 1744 920 1815 προφασίζονται
942 1745 1041 1815 τὴν
1064 1743 1333 1814 ἀσάφειαν
1363 1741 1472 1796 τῶν
1505 1740 1762 1796 τοιούτων

168 1835 386 1900 λέξεων
409 1878 425 1901 ,
462 1835 895 1907 ὀμολογείτωσαν
931 1834 1062 1906 γοῦν
1084 1834 1154 1889 τὰ
1178 1832 1336 1898 εὐθὺς
1373 1834 1761 1906 ἐπιφερόμενα,

171 1928 275 1982 καὶ
300 1926 848 1999 ἁναθεματιζέτωσαν
869 1927 996 1993 τοῦς
1018 1924 1369 2000 φρονοῦντας,
1395 1925 1453 1993 ἐξ
1471 1926 1573 1978 οὐκ
1594 1924 1764 1979 ὄντων
1796 1939 1838 1995 Β

174 2016 327 2074 εἶναι
356 2020 449 2075 τὸν
481 2020 633 2085 Υίὸν,
681 2022 797 2086 καὶ,
827 2022 941 2075 Οὐκ
965 2016 1036 2093 ἦν
1081 2018 1210 2093 πρὶν
1238 2019 1508 2089 γεννηθῇ,
1548 2016 1644 2071 καὶ
1681 2016 1765 2070 ὅτι

177 2113 396 2183 κτίσμα
427 2112 525 2166 καὶ
564 2112 776 2184 ποίημά
816 2114 964 2167 ἐστιν
994 2113 1024 2166 ὁ
1060 2112 1155 2167 τοῦ
1201 2110 1335 2166 Θεοῦ
1380 2110 1551 2181 Λόγος
1578 2127 1592 2143 ·
1647 2107 1763 2175 καὶ,

181 2205 442 2275 Τρεπτός
472 2205 590 2258 ἐστι
771 2206 838 2276 τῇ
868 2203 1061 2275 φύσειε
1104 2203 1231 2270 καὶ,
1272 2203 1359 2271 Ἐξ
1398 2203 1589 2273 ἑτέρας
1629 2203 1764 2258 ὀπο-

187 2296 439 2360 στάσεως
459 2313 472 2326 ·
501 2296 597 2350 καὶ
623 2295 760 2360 ὅλως
783 2294 1325 2367 ἁναθεματιζέτωσαν
1348 2312 1448 2368 την
1486 2293 1766 2367 ’Λρειανὴν

188 2389 428 2459 αἰρεσιν,
454 2386 555 2459 τήν
579 2386 915 2459 ὲφευροῦσαν
935 2386 1032 2458 τὴν
1060 2384 1313 2458 τοιαύτην
1497 2382 1769 2440 ἀσέϐειαν.

190 2479 304 2531 Καὶ
341 2477 530 2531 λοιπὸν
576 2477 652 2549 μὴ
688 2477 1015 2548 λεγέτωσαν,
1055 2476 1417 2548 Ἑκὸάλλομεν
1452 2475 1551 2542 τὰς
1573 2474 1767 2544 λέξεις,

186 2568 311 2621 ἀλλ’
336 2569 421 2622 ὅτι
441 2566 608 2621 Οῦπω
635 2566 861 2639 νοοῦμεν
887 2566 1056 2630 αὐτας
1074 2581 1088 2595 ·
1112 2566 1201 2620 ἵνα
1225 2563 1369 2620 οῦτω
1389 2564 1621 2636 πιθανήν
1648 2581 1772 2617 τινα

195 2661 471 2733 πρόφασιν
497 2660 661 2730 ἔχωσι
693 2659 786 2715 τοῦ
805 2657 1188 2732 παραιτεῖσθαι
1218 2656 1441 2721 ταύτας.
1470 2651 1545 2710 Εῦ
1572 2655 1629 2709 δὲ
1650 2650 1770 2711 οῖδα

196 2752 291 2805 καὶ
322 2751 648 2821 πέπεισμαι,
683 2750 775 2803 καὶ
802 2750 955 2804 αὐτοὶ
986 2749 1045 2803 δὲ
1074 2746 1232 2803 τοῦτο
1275 2746 1658 2817 γινώσκουσιν,
1688 2746 1771 2800 ὅτι

194 2841 371 2896 ταῦτα
421 2841 519 2895 ἐὰν
580 2841 978 2913 ὁμολογήσωσι,
1034 2842 1130 2895 καὶ
1179 2839 1616 2911 ἁναθεματίσωσι
1672 2839 1772 2912 τὴν

211 2933 494 3005 Ἀρειανήν
525 2932 759 3004 αἵρεσιν,
790 2932 892 2985 οὐκ
910 2932 1235 3004 ἀρνήσονται
1258 2930 1515 2994 κάκείνας
1545 2927 1645 2993 τὰς
1672 2930 1772 3000 τῆς

203 3027 421 3079 συνόδου
453 3024 644 3090 λέξεις.
672 3025 770 3079 Διὰ
792 3025 952 3078 τοῦτο
975 3024 1084 3097 γὰρ
1112 3024 1207 3078 καὶ
1235 3025 1284 3077 οί
1312 3022 1554 3095 Πατέρες
1572 3062 1588 3088 ,
1617 3023 1771 3094 είρη-

204 3119 356 3182 κότες
382 3119 448 3171 ἐκ
469 3119 568 3189 τῆς
597 3118 784 3181 οὐσίας
805 3116 1062 3190 γεννητὸν
1087 3115 1179 3170 τὸν
1211 3116 1343 3169 Υίὸν
1385 3114 1667 3187 ὁμοούσιον
1693 3115 1774 3187 τῷ

205 3209 401 3279 Πατρὶ,
432 3207 591 3271 εὐθὺς
611 3207 889 3277 ἐπήγαγον
909 3223 925 3237 ·
960 3206 1086 3268 τοὺς
1112 3203 1169 3257 δὲ
1206 3202 1462 3272 λέγοντας
1493 3202 1562 3257 τὰ
1592 3218 1771 3273 προει-

1867 819 2069 875 tionem
2096 820 2337 891 assequi,
2365 820 2455 875 illa
2485 821 2788 891 rejicimus.
2815 821 2884 875 At
2919 820 2966 875 si
2997 821 3211 876 sincero
3237 820 3430 890 loque-

1870 920 2058 967 rentur
2095 913 2299 980 animo,
2329 927 2437 969 non
2464 912 2670 968 dictum
2707 912 2972 982 oportuit,
3002 911 3091 966 illa
3116 910 3432 981 rejicimus;

1863 1003 1960 1061 sed
2181 1003 2507 1061 sciscitaturi
2540 1014 2697 1060 erant
2723 1012 2784 1059 ut
2812 1020 2842 1059 a
2878 1003 3067 1074 peritis
3094 1005 3432 1059 ediscerent:

1867 1096 2072 1168 alioqui
2111 1096 2360 1168 rejiciant
2391 1096 2727 1169 quidquidin
2752 1096 3050 1167 Scripturis
3104 1095 3301 1150 divinis
3326 1109 3432 1149 non

1869 1188 2194 1261 intelligunt,
2225 1204 2430 1262 eosque
2458 1191 2550 1261 qui
2610 1191 2702 1246 illa
2736 1188 3005 1260 scripsere
3056 1186 3432 1242 criminentur.

1870 1280 1975 1337 Sed
2000 1281 2373 1338 haereticorum
2402 1283 2582 1353 potius
2613 1298 2778 1353 quam
2820 1288 3071 1336 nostrum
3091 1278 3433 1335 Christiano-

1869 1391 1990 1430 rum
2031 1374 2195 1431 l'uerit
2221 1376 2449 1431 audacia
2492 1375 2783 1447 ejusmodi.
2829 1373 2962 1440 Quae
3003 1372 3149 1427 enim
3183 1372 3237 1426 in
3265 1371 3437 1426 sacris

1867 1467 2099 1537 eloquiis
2126 1454 2237 1522 non
2277 1468 2647 1540 intelligimus,
2679 1483 2785 1522 non
2830 1466 2952 1521 ideo
2981 1464 3283 1535 rejicimus,
3343 1462 3435 1518 sed

1869 1560 1936 1615 ab
1971 1560 2038 1615 iis
2064 1560 2385 1631 quaerimus,
2427 1560 2497 1615 ab
2527 1561 2594 1615 iis
2619 1559 2863 1615 ediscere
2897 1557 3264 1628 postulamus,
3315 1554 3436 1624 qui-

1869 1654 1972 1709 bus
1995 1652 2257 1709 Dominus
2287 1651 2563 1708 revelavit.
2591 1651 2809 1717 Verum,
2834 1648 2959 1720 quia
2993 1662 3112 1703 eam
3143 1645 3435 1702 verborum

1868 1749 2254 1803 obscuritatem
2285 1752 2609 1816 praetexunt,
2644 1742 2917 1799 fateantur
2938 1756 3068 1814 ergo
3093 1756 3215 1811 quae
3254 1739 3437 1796 statim

1870 1840 2200 1903 inferuntur,
2258 1847 2313 1895 et
2369 1838 2714 1894 anathemate
2752 1838 3010 1894 damnent
3049 1849 3146 1890 eos
3173 1833 3268 1904 qui
3314 1847 3441 1887 sen—

1871 1932 2029 1995 tiunt,
2048 1947 2115 1988 ex
2139 1946 2247 1988 non
2280 1932 2621 1988 exstantibus
2646 1946 2768 1987 esse
2793 1929 3016 1996 Filium,
3040 1938 3095 1984 et
3132 1940 3242 1982 non
3269 1923 3441 1981 fuisse

1869 2034 2161 2095 antequam
2195 2026 2527 2096 gigneretur,
2577 2032 2633 2079 et
2683 2032 2993 2079 creaturam
3045 2019 3440 2091 opiﬁciumquc

1870 2135 1992 2176 esse
2026 2110 2117 2174 Dei
2164 2117 2451 2178 Verbum:
2496 2130 2693 2176 natura
2743 2119 3007 2175 mutabile
3068 2132 3213 2183 esse,
3282 2123 3337 2170 et
3370 2130 3433 2170 ex

1871 2212 1976 2267 alia
2003 2210 2307 2269 substantia
2333 2230 2348 2279 ;
2374 2210 2705 2281 demumque
2748 2209 3007 2264 Arianam
3038 2208 3301 2264 damnent
3330 2206 3439 2259 ha:-

1871 2306 2037 2363 resim
2078 2320 2201 2377 qua.
2237 2304 2553 2376 huiusmodi
2598 2302 2928 2372 impietatem
2984 2297 3332 2370 excogitavit.
3365 2295 3442 2351 Ne

1871 2400 2057 2456 dicant
2077 2397 2351 2467 deinceps,
2385 2394 2463 2450 Ea
2497 2393 2659 2450 verba
2690 2392 2965 2463 rejicimus
2993 2407 3009 2458 ;
3044 2390 3160 2456 sed,
3188 2387 3439 2443 Nondum

1874 2493 1963 2548 illa
1994 2488 2383 2560 intelligimus;
2418 2495 2481 2543 ut
2525 2486 2607 2543 sic
2636 2484 2985 2541 verisimilem
3038 2497 3101 2538 ea
3154 2480 3442 2537 recusandi

1873 2595 2092 2638 causam
2122 2578 2369 2635 aﬁ‘erant.
2398 2575 2573 2639 Probe
2624 2575 2740 2632 scio
2780 2582 2962 2630 autem
3006 2586 3072 2629 ac
3102 2571 3444 2642 exploratum

1877 2674 2069 2739 habeo,
2104 2672 2249 2744 quod
2289 2670 2394 2743 ipsi
2448 2684 2664 2741 quoque
2690 2683 2797 2723 non
2846 2666 3119 2737 ignorant,
3153 2680 3249 2720 eos
3269 2665 3315 2720 si
3344 2665 3444 2719 ista

1876 2767 2237 2825 conﬁteantur
2263 2772 2319 2820 et
2356 2762 2614 2817 Arianam
2645 2758 2879 2813 haeresin
2926 2755 3271 2811 anathemate
3292 2753 3446 2809 dam-

1877 2866 2027 2926 nent,
2059 2856 2254 2931 synodi
2302 2853 2465 2911 verba
2522 2866 2631 2907 non
2687 2857 3003 2920 negaturos.
3061 2845 3268 2901 Idcirco
3298 2844 3445 2900 enim

1876 2952 2066 3008 Patres
2089 2966 2213 3008 curn
2244 2947 2515 3005 dixissent
2542 2960 2610 3000 ex
2634 2941 2944 2999 substantia
2991 2937 3173 2994 Patris
3201 2936 3445 3009 genitum

1878 3046 2074 3100 Filium
2103 3056 2225 3098 esse
2252 3039 2402 3095 Patri
2432 3032 2976 3098 consubstantialem,
3027 3030 3211 3086 statim
3249 3028 3453 3085 intuleo
3518 3040 3529 3058 '

1880 3144 2007 3194 runt
2035 3155 2050 3192 :
2076 3135 2186 3190 Eos
2215 3142 2397 3189 autem
2419 3130 2513 3201 qui
2536 3128 2789 3200 praedicta
2812 3125 2905 3181 illa
2935 3123 3153 3179 Arianae
3175 3122 3449 3177 haereseos

1877 3228 2044 3284 verba
2094 3227 2304 3288 dicunt,
2342 3220 2685 3277 anathemate
2733 3218 3111 3280 damnamus;
3172 3222 3235 3269 ut
3265 3218 3449 3267 osten-

203 3301 447 3374 ρημένα,
479 3303 625 3375 ᾇπερ
662 3302 782 3356 ἐστὶ
808 3301 909 3370 τῆς
948 3299 1234 3372 Ἀρειανῆς
1266 3299 1552 3370 αἱρέσεως.
1584 3298 2083 3368 ἁναθεματίξομεν.

749 3399 848 3452 Ἐκ
867 3395 975 3465 τῆς
1002 3395 1213 3464 αὐτῆς.

282 3498 428 3566 Πρὸς
442 3499 501 3552 δὲ
523 3498 651 3560 τοὺς
664 3496 1094 3567 ἀποδεχομένους
1113 3497 1186 3549 τὰ
1206 3495 1303 3566 μὲν
1319 3494 1453 3551 ἄλλα
1472 3495 1653 3549 πάντα
1668 3495 1779 3549 τῶν
1805 3501 1846 3557 C

207 3592 265 3644 ἓν
296 3589 506 3661 Notata
536 3589 889 3658 γραφέντων,
917 3585 1050 3657 περὶ
1073 3585 1129 3639 δὲ
1174 3586 1334 3655 μόνον
1384 3586 1448 3638 τδ
1487 3584 1776 3654 ὁμοούσιοι

206 3678 798 3752 ἀμφιϐάλλοντας,χῄ
826 3679 899 3748 μὴ
922 3680 998 3741 ὡς
1021 3678 1157 3748 πρὸς
1189 3679 1419 3748 ἐχθροὺς
1446 3679 1773 3733 διακεῖσθαι·

210 3777 305 3829 καὶ
331 3776 438 3844 γὰρ
459 3774 555 3828 καὶ
576 3776 607 3844 ή
619 3776 743 3843 μείς
762 3775 867 3842 οὐχ
880 3770 954 3834 ὡς
973 3771 1113 3842 πρὸς
1130 3770 1565 3841 Ἀρειομανίτας,
1580 3769 1691 3825 οὐδ’
1703 3772 1777 3835 ὡς

210 3856 542 3926 μαχομένους
570 3856 705 3925 πρὸς
734 3855 860 3918 τοὺς
884 3853 1133 3925 Πατέρας
1164 3850 1513 3922 ὲνιστάμεθα,
1554 3850 1667 3904 ἀλλ’
1702 3848 1779 3910 ὼς

209 3944 422 4012 ἀδελφοὶ
454 3942 589 4012 πρὸς
613 3942 872 4011 ἀδελφοὺς
904 3941 1264 4011 διαλεγόμεθα
1288 3981 1302 4005 ,
1332 3942 1431 4010 τὴν
1472 3938 1643 4010 αὐτὴν
1678 3937 1778 4008 μὲν

210 4038 339 4104 ἡμῖν
366 4034 598 4088 διάνοιαν
624 4033 866 4102 ἔχοντας,
898 4032 1027 4103 περὶ
1048 4032 1104 4086 δὲ
1123 4030 1185 4084 τὸ
1215 4031 1386 4101 ὄνομα
1416 4030 1573 4100 μόνον
1597 4029 1779 4083 διστά-

210 4122 421 4187 ζοντας.
449 4122 560 4175 Kal.
581 4120 691 4192 γὰρ
712 4120 1098 4191 ὁμολογοῦντες
1122 4120 1188 4174 ὲκ
1217 4120 1316 4189 τῆς
1339 4119 1526 4182 οὐσίας
1551 4116 1645 4171 τοῦ
1675 4118 1781 4170 Πα-

208 4211 338 4283 τρος
362 4207 519 4275 εἶναι,
550 4210 646 4263 καὶ
672 4210 747 4280 μὴ
780 4208 840 4276 ἐξ
885 4207 1076 4282 ἑτέρας
1108 4207 1459 4269 ὑποστάσεως
1504 4205 1595 4259 τὸν
1626 4205 1778 4269 Υίὺν,

212 4301 413 4372 κτίσμα
445 4318 502 4354 τε
529 4301 604 4371 μή
626 4296 788 4366 εἶναι,
819 4300 954 4370 μηδὲ
987 4298 1199 4369 ποίημα
1227 4295 1391 4350 αὐτὸν
1410 4337 1425 4362 ,
1468 4294 1605 4349 ἀλλὰ
1644 4296 1776 4364 γνή-

213 4411 325 4446 σιον
346 4394 438 4446 καὶ
464 4393 620 4461 φύσει
647 4392 889 4463 γέννημα
912 4390 1097 4455 ἀῖδίως
1123 4406 1184 4444 τε
1355 4388 1517 4441 αὐτὸν
1543 4388 1781 4439 συνεῖναι

211 4486 292 4556 τῷ
314 4486 486 4556 Πατρὶ
513 4486 684 4553 Λόγον
721 4485 850 4539 ὄντα
882 4484 977 4537 καὶ
1018 4483 1219 4553 Σοφίαν
1239 4524 1252 4549 ,
1292 4483 1354 4535 οὐ
1394 4481 1611 4553 μακράν
1643 4480 1782 4532 εἰσιν

209 4577 566 4643 ἀποδέξασθαι
590 4577 683 4631 καί⁵
702 4576 799 4648 τὴν
826 4576 919 4629 τοῦ
1087 4575 1371 4646 ὁμοουσίου
1395 4571 1560 4638 λέξιν.
1594 4569 1781 4624 Τοιοῦ-

209 4686 304 4732 τος
323 4669 377 4722 δέ
402 4670 517 4722 ἐστι
547 4668 821 4732 Βασίλειος
850 4670 879 4722 ὁ
912 4667 1020 4721 ἀπὸ
1060 4666 1365 4740 ’Δγκύρας,
1396 4664 1611 4739 γράψας
1656 4662 1785 4735 περὶ

214 4760 470 4824 πίστεως.
497 4759 569 4815 Τὸ
594 4761 691 4830 μὲν
720 4759 828 4832 γὰρ
847 4761 1029 4831 ὅμοιον
1062 4759 1217 4830 μόνον
1247 4758 1427 4827 λέγειν
1451 4756 1570 4832 κατ’
1598 4754 1786 4808 οὐσίαν

214 4852 279 4905 οὐ
304 4852 513 4916 πάντως
545 4828 915 4923 σημαίνει-καὶ
936 4853 999 4905 τὸ
1026 4828 1092 4906 ὲκ
1114 4852 1211 4923 τῆς
1235 4851 1441 4914 οὐσίας,
1476 4828 1535 4915 ég
1568 4842 1628 4903 οῦ
1653 4846 1786 4918 μᾶλ-
1819 4848 1860 4903 D

216 4944 329 5006 λον,
352 4945 427 5006 ὡς
459 4945 553 4997 καὶ
596 4943 749 4997 αὐτοὶ
795 4945 1070 5016 εἰρήκασι,
1121 4941 1439 5012 σημαίνεται
1470 4941 1530 4994 τὸ
1566 4940 1786 5012 γνήσιον

215 5035 311 5087 τοῦ
356 5034 488 5088 Υίοῦ
537 5037 671 5108 πρὸς
724 5037 816 5089 τὸν
862 5034 1099 5106 Πατέρα.
1146 5035 1254 5087 Καὶ
1303 5034 1411 5104 γὰρ
1469 5033 1787 5103 κασσίτερος

216 5128 395 5197 ὅμοιός
579 5130 694 5181 ἐστι
748 5127 905 5197 μόνον
954 5124 1032 5197 τῷ
1083 5124 1341 5196 ἀργύρῳ,
1381 5125 1475 5176 καὶ
1523 5123 1684 5185 λύκος
1710 5121 1788 5191 τῷ

219 5218 361 5283 κυνὶ,
396 5218 491 5271 καὶ
508 5216 705 5288 χαλκὸς
730 5206 1000 5287 χρυσίζων
1026 5213 1106 5284 τῷ
1134 5211 1374 5284 ἀληθινῷ
1413 5211 1629 5283 χρυσῷ,
1662 5210 1788 5263 οὕτε

219 5310 277 5363 δὲ
312 5309 629 5381 κασσίτερος
654 5312 719 5363 ὲκ
740 5308 835 5362 τοῦ
857 5306 1099 5379 ἀργύρου
1131 5305 1423 5376 τυγχάνει,
1472 5303 1596 5357 οὔτε
1628 5303 1789 5366 λύκος

219 5400 294 5463 ὡς
331 5401 443 5463 υἱὸς
487 5400 583 5454 τοῦ
626 5400 785 5463 κυνὸς
815 5398 881 5453 ἂν
920 5396 1222 5469 νομισθείη.
1256 5395 1475 5466 Ἐπειδὴ
1512 5394 1567 5447 δὲ
1607 5394 1700 5448 καὶ
1727 5396 1791 5448 ὲκ

222 5493 316 5564 τῆς
337 5491 520 5555 οὐσίας
568 5492 664 5545 καὶ
698 5490 1030 5562 ὁμοιοούσιον
1212 5486 1373 5542 αὐτὸν
1419 5487 1671 5557 εἰρήκασι
1696 5526 1709 5550 ,
1738 5485 1791 5537 τί

220 5582 404 5653 ἕτερον
450 5582 805 5653 σημαίνουσιν
850 5582 915 5634 ὲκ
958 5579 1161 5636 τούτων
1192 5578 1225 5649 ἢ
1252 5577 1312 5630 τὸ
1337 5576 1652 5647 ὁμοούσιον;
1681 5576 1792 5631 Καὶ

224 5674 328 5743 γὰρ
346 5672 534 5742 ὥσπερ
571 5674 600 5724 ὁ
625 5671 797 5740 λέγων
830 5670 987 5741 μόνον
1015 5667 1348 5740 ὁμοιοούσιον
1371 5666 1431 5720 οὐ
1460 5665 1677 5730 πάντως
1698 5667 1793 5721 καὶ

223 5768 282 5819 τὸ
310 5767 373 5819 ἐκ
404 5765 506 5834 τῆς
534 5764 719 5828 οὐσίας
739 5761 1021 5835 γνωρίζει,
1047 5759 1219 5825 οῦτως
1244 5761 1273 5813 ὁ
1304 5758 1479 5827 λέγων
1512 5756 1793 5829 ὁμοούσιον

227 5858 565 5929 ἀμφοτέρων,
614 5856 704 5911 τοῦ
750 5874 806 5910 τε
847 5853 1181 5927 ὀμοιοουσίου
1228 5853 1319 5906 καὶ
1352 5851 1446 5907 τοῦ
1479 5853 1539 5905 ἑκ
1574 5851 1671 5922 τῆς
1706 5852 1794 5905 ού-

2514 3392 2597 3448 Ea:
2619 3391 2824 3450 eadem.

1954 3493 2116 3551 Viros
2139 3502 2322 3551 autem
2349 3494 2443 3564 qui
2470 3495 2573 3550 alia
2602 3493 2816 3562 quidem
2833 3490 3015 3547 omnia
3031 3489 3225 3546 Nicaea:
3246 3493 3446 3558 scripta

1881 3588 2175 3659 recipiunt,
2205 3588 2272 3643 de
2310 3588 2429 3643 solo
2454 3596 2634 3643 autem
2663 3583 3155 3643 consubstantialis
3182 3581 3447 3637 vocabulo

1883 3680 2185 3749 ambigunt,
2217 3693 2327 3734 non
2361 3687 2422 3733 ut
2446 3679 2700 3734 inimicos
2729 3680 2962 3746 spectari
2994 3690 3091 3742 par
3132 3684 3234 3730 est.
3262 3674 3446 3743 Neque

1883 3767 2027 3823 enim
2071 3768 2219 3823 Velut
2250 3767 2641 3833 Ariomanitas,
2697 3775 2791 3821 aut
2821 3765 3045 3819 Patrum
3072 3766 3445 3824 adversarios,
3474 3786 3475 3789 η

1879 3853 2129 3908 homines
2182 3852 2576 3923 aggredimur;
2614 3852 2709 3906 sed
2762 3851 3107 3920 disputamus
3148 3849 3311 3903 veluti
3339 3848 3442 3903 fra-

1879 3951 1989 3997 tres
2016 3956 2141 3995 cum
2166 3939 2448 4006 fratribus,
2499 3940 2594 4010 qui
2635 3940 2824 3995 eadem
2861 3954 2968 4009 qua
3005 3953 3105 3993 nos
3144 3946 3272 3993 sunt
3324 3952 3445 3992 sen-

1879 4033 2068 4099 tentia,
2091 4032 2208 4087 solo
2235 4031 2456 4087 nomine
2486 4031 2540 4085 in
2575 4030 3002 4086 controversiam
3038 4026 3447 4085 adducto.Cum

1878 4126 2024 4182 enim
2055 4124 2421 4181 conﬁteantur
2453 4138 2520 4179 ex
2568 4122 2875 4179 substantia
2934 4121 3110 4177 Patris
3154 4133 3208 4176 ct
3241 4135 3349 4175 non
3381 4134 3449 4176 ex

1878 4219 1983 4273 alia
2006 4217 2304 4274 substantia
2330 4230 2450 4273 esse
2480 4212 2698 4281 Filium,
2728 4228 2829 4270 nec
2865 4224 3171 4270 creaturam
3219 4212 3305 4267 vel
3334 4211 3451 4282 opi-

1879 4310 2064 4366 ﬁcium
2126 4308 2279 4363 illum
2322 4322 2495 4364 esse:
2551 4307 2648 4363 sed
2700 4308 2991 4377 genuinam
3040 4305 3452 4373 naturalemque

1879 4403 2111 4474 prolem,
2146 4413 2200 4456 et
2221 4401 2290 4456 ab
2317 4408 2520 4455 {sterno
2541 4415 2647 4454 una
2675 4413 2800 4453 cum
2827 4396 2987 4453 Patre
3016 4396 3252 4452 Verbum
3277 4406 3330 4450 et
3352 4393 3452 4449 Sa-

1879 4494 2140 4565 pientiam
2168 4492 2454 4556 exsistere,
2506 4505 2616 4546 non
2647 4491 2805 4560 longe
2834 4490 3033 4545 absunt
3076 4504 3107 4542 a
3144 4487 3451 4556 recipienda

1881 4583 2366 4641 consubstantialis
2391 4596 2546 4637 voce.
2566 4582 2716 4637 Talis
2736 4589 2823 4637 est
2850 4579 3085 4635 Basilius
3106 4579 3338 4648 Ancyrae
3358 4575 3449 4645 qui

1882 4676 1950 4733 de
1972 4677 2076 4732 ﬁde
2108 4676 2348 4746 scripsit.
2376 4675 2538 4739 Nam,
2564 4674 2611 4731 si
2638 4672 2833 4730 similis
2865 4678 3075 4726 tantum
3126 4668 3340 4723 dicatur
3369 4682 3455 4722 se-

1886 4770 2125 4825 cundum
2160 4766 2546 4833 substantiam,
2576 4766 2629 4821 id
2658 4779 2766 4820 non
2814 4763 2956 4819 idem
2989 4775 3217 4832 prorsus
3246 4757 3486 4829 signiﬁ--

1889 4869 2158 4932 catatque
2185 4859 2316 4916 illud
2349 4874 2454 4915 :ex
2486 4855 2823 4922 substantia;
2886 4869 2996 4925 quo
3044 4853 3212 4910 verbo
3256 4853 3456 4924 magis.

1887 4963 1947 5010 ut
1978 4953 2079 5025 ipsi
2105 4953 2310 5017 dixere,
2342 4949 2520 5006 Patris
2549 4963 2866 5021 germanum
2897 4946 3095 5002 Filium
3126 4946 3301 5016 ipsum
3335 4961 3457 5001 esse

1888 5047 2245 5117 signiﬁcatur.
2284 5042 2419 5098 Nam
2447 5051 2703 5098 stannum
2732 5049 2815 5097 est
2852 5049 3077 5110 argento
3111 5039 3311 5103 simile,
3344 5053 3450 5099 ,ca-

1888 5139 1974 5192 nis
2000 5137 2149 5207 lupo,
2188 5133 2559 5190 aurichalcum
2598 5147 2728 5188 vero
2772 5145 2930 5195 auro,
2962 5145 3064 5185 nec
3103 5140 3282 5184 tamen
3310 5136 3460 5183 stan-

1891 5244 2020 5283 num
2050 5243 2115 5283 ex
2152 5235 2377 5299 argento
2401 5234 2507 5291 est,
2548 5240 2651 5283 nec
2695 5225 2858 5296 lupus
2899 5222 3054 5279 canis
3092 5222 3237 5276 ﬁlius
3271 5219 3458 5275 haberi
3556 5216 3575 5225 ’“

1890 5328 2088 5390 potest.
2118 5318 2568 5388 Quandoquidem
2621 5329 2803 5373 autem
2838 5326 2893 5372 et
2943 5332 3009 5372 ex
3044 5313 3372 5375 substantia,
3404 5322 3461 5367 et

1892 5411 2211 5467 substantiae
2252 5410 2486 5465 similem
2516 5425 2640 5464 eum
2672 5423 2794 5464 esse
2840 5408 3113 5469 dixerunt,
3151 5405 3280 5475 quid
3314 5404 3457 5458 aliud

1894 5505 1980 5560 his
2012 5503 2322 5575 signiﬁcant
2368 5517 2533 5572 quam
2562 5516 2686 5556 eum
2734 5515 2857 5556 esse
2902 5495 3462 5553 consubstantialem?

1894 5596 2129 5661 Etenim,
2160 5596 2302 5652 sicut
2328 5596 2422 5665 qui
2444 5593 2572 5649 dicit
2597 5601 2825 5656 tantum,
2856 5588 3173 5645 substantim
3204 5587 3458 5651 similem,

1896 5704 2002 5743 non
2034 5702 2255 5757 prorsus
2285 5686 2489 5742 indicat
2535 5698 2659 5738 eum
2708 5697 2776 5737 ex
2825 5678 3126 5736 substantia
3176 5693 3337 5741 esse;
3383 5677 3463 5731 sic

1895 5780 1986 5852 qui
2026 5780 2179 5846 dicit,
2207 5776 2747 5840 consubstantialem,
2776 5773 3061 5841 utriusque
3087 5770 3216 5825 dicti
3241 5779 3460 5825 senten—

1896 5875 2026 5927 tiam
2084 5867 2476 5935 complectitur,
2534 5876 2611 5933 et,
2654 5864 2971 5923 substantia:
3037 5861 3253 5922 similis.
3288 5871 3360 5925 et,
3394 5874 3459 5912 cx
