3770 6550
510 361 608 430 4τ1

513 611 640 648 num
675 609 798 651 esse
827 605 1156 658 creaturam,
1189 608 1240 652 et
1287 609 1486 669 negant
1539 604 1780 671 genitum
1813 619 1934 659 csse
1983 605 2076 660 Fi-

512 686 668 752 lium,
695 701 758 742 ex
795 687 1047 743 humanis
1104 691 1368 760 exemplis
1425 692 1517 746 lilii
1549 708 1610 746 ac
1653 696 1822 763 patris
1851 713 1946 748 sua
1979 697 2074 750 ad-

509 792 726 831 versum
763 777 887 832 illos
927 789 1246 848 argumenta
1275 784 1503 836 mutuati
1571 795 1718 849 sunt,
1766 787 1866 840 bac
1899 797 2074 842 tamen

505 865 844 934 exceptione,
874 866 1017 935 quod
1051 867 1194 922 Deus
1221 884 1330 922 non
1365 871 1436 924 sit
1471 881 1531 925 ut
1555 873 1736 940 homo,
1765 889 1942 946 neque
1972 877 2075 931 hu-

504 959 652 1012 mani
881 969 1070 1030 partus
1103 962 1293 1016 similis
1347 965 1418 1019 sit
1471 965 1590 1019 Filii
1639 971 1931 1038 generatio,
1982 974 2074 1026 sed

505 1048 630 1103 talis
655 1048 725 1104 sit
750 1051 930 1119 qualis
959 1051 1068 1107 Deo
1091 1055 1364 1120 convenit,
1400 1065 1452 1110 et
1485 1073 1514 1109 ιι
1541 1059 1696 1112 nobis
1725 1060 1947 1132 intelligi
1977 1064 2072 1118 de-

505 1140 613 1194 bet.
643 1139 778 1194 Nam
815 1153 870 1196 et
890 1141 1104 1198 Patrem
1139 1143 1340 1200 fontem
1389 1150 1668 1217 sapientiae
1705 1153 1889 1208 dixere
1911 1163 2074 1224 atque

503 1231 648 1294 vitm,
673 1231 870 1286 Filium
892 1248 1017 1290 vero
1047 1235 1386 1304 splendorem
1419 1248 1636 1294 aeterna:
1679 1242 1834 1310 lueis,
1862 1245 2072 1314 ipsum-

501 1337 608 1390 que
631 1337 752 1376 esse
779 1321 944 1377 l'otttis
975 1337 1210 1395 partum,
1237 1330 1328 1397 qui
1366 1330 1470 1384 ait:
1498 1351 1516 1381 ι
1543 1331 1654 1402 Ego
1685 1351 1804 1388 sum
1837 1337 1944 1390 vita
1979 1343 1996 1372 ¹
2019 1357 2066 1400 ,ι

502 1425 576 1479 et,
605 1435 621 1465 ι
650 1415 761 1486 Ego
797 1415 1071 1486 Sapientia
1101 1421 1284 1474 habito
1317 1422 1368 1478 in
1395 1425 1623 1480 consilio
1681 1425 1758 1480 ’.ι
1793 1427 1962 1484 Porro
1989 1430 2072 1486 lu-

501 1509 582 1562 cis
603 1509 970 1578 splendorem,
1001 1510 1170 1568 fontis
1213 1525 1452 1583 partum,
1483 1516 1659 1574 Patris
1691 1518 1910 1586 Filium,
1933 1539 2072 1592 quo-

503 1601 666 1654 modo
695 1610 818 1670 apte
869 1605 1254 1668 nominaveris,
1317 1609 1458 1672 nisi,
1511 1613 2072 1672 consubstantialem?

499 1690 732 1762 Ergone,
757 1711 880 1750 cum
900 1696 1180 1752 hominum
1211 1702 1390 1770 proles
1435 1703 1676 1771 ejusdem
1707 1708 1780 1774 sit
1813 1709 2068 1764 substan-

499 1785 608 1850 tiae,
643 1801 836 1842 cavere
857 1797 1088 1857 oportet,
1115 1805 1183 1846 ne
1238 1792 1286 1848 is
1325 1795 1420 1863 qui
1469 1795 1638 1851 Filius
1685 1799 1904 1866 dicitur,
1933 1817 2066 1856 con-

499 1879 872 1936 substantialis
901 1893 957 1938 et
999 1885 1112 1954 ipse
1157 1887 1491 1954 nominetur,
1535 1900 1594 1945 ut
1627 1893 1907 1949 hominum
1937 1913 2066 1966 pro-

1744 368 2126 430 EU'l'lIYilll
2167 372 2530 434 ZIGABENI

512 501 836 580 substantia.
866 501 1174 574 iterumque
1205 504 1326 562 illos
1355 510 1590 577 aggressi
1621 510 1712 580 qui
1743 511 2078 568 dicnntVer-
2109 520 2153 572 Λ
2186 501 2304 563 σίας
2359 537 2376 560 ο

2536 501 2786 570 σημαίνει
2819 501 2915 574 τὴν
2949 502 3204 556 διάνοιαν.
3253 505 3351 558 Καὶ
3403 510 3532 566 αὐτοὶ
3567 521 3660 586 γεῦν

2181 591 2518 662 ἐνιστάμενοι
2551 593 2711 645 πάλιν
2749 594 2879 664 πρὸς
2918 596 3040 658 τοὺς
3071 598 3268 666 κτίσμα
3306 599 3529 668 λέγοντας
3559 606 3660 667 εἶναι

2180 685 2270 738 τὸν
2294 687 2486 754 Λόγον,
2515 687 2702 758 καὶιμὴ
2729 686 2978 750 θέλοντας
3009 689 3168 740 αὐτὸν
3193 691 3395 761 γνήσιον
3419 693 3524 750 Υἰὸν
3543 696 3660 770 εἶναι,

2179 776 2236 842 ἐξ
2289 778 2642 849 ἀνθρωπίνων
2701 779 3156 850 παραδειγμάτων
3207 781 3319 836 υἱοῦ
3383 787 3464 840 καὶ
3507 798 3660 865 πατρὸς

2179 871 2427 941 εἰλήφασι
2475 871 2572 934 τὰς
2607 873 2726 923 κατ’
2761 871 2939 926 αὐτῶν
2981 873 3314 940 ἀποδείξεις,
3351 877 3662 953 ἐξαιρουμένου

2177 963 2366 1018 τούτου
2397 1003 2414 1028 ’
2557 965 2637 1016 ὅτι
2675 963 2748 1034 μὴ
2767 964 2841 1028 ὡς
2865 964 3149 1035 ἄνθρωπός
3183 969 3324 1020 ἐστιν
3351 972 3376 1022 6
3403 971 3532 1036 Θεὸς,
3567 980 3662 1048 μηδὲ

2175 1055 2252 1119 ὡς
2274 1055 2583 1127 ἀνθρωπίνη
2613 1055 2766 1126 γονὴ,
2795 1056 2967 1120 οὕτως
2985 1058 3178 1129 ἐστὶνή
3199 1060 3288 1112 τοῦ
3311 1062 3429 1115 Υἱοῠ
3455 1067 3662 1139 γέννησις¹

2176 1145 2289 1198 ἀλλ’
2305 1147 2381 1212 ὡς
2411 1149 2444 1217 ἡ
2474 1148 2592 1218 Θεῷ
2612 1150 2916 1220 πρέπουσα,
2945 1152 3038 1204 καὶ
3067 1153 3211 1221 ἡμᾶς
3241 1155 3525 1224 ἁρμόζουσα
3549 1168 3663 1220 νοεῖν,

2175 1241 2286 1294 Καὶ
2315 1240 2424 1312 γὰρ
2445 1242 2538 1296 καὶ
2567 1244 2748 1312 πηγὴν
2787 1244 3040 1314 εἰρήκασι
3075 1245 3163 1296 τὸν
3190 1247 3402 1318 Πατέρα
3421 1253 3504 1320 τῆς
3525 1256 3664 1322 σοφίας

2175 1336 2266 1388 καὶ
2289 1336 2388 1407 τῆς
2417 1335 2584 1405 ζωῆς,
2613 1337 2702 1387 τὸν
2730 1335 2784 1388 δὲ
2811 1336 2938 1389 Υἱον
2960 1337 3300 1408 ἀπαύγασμα
3332 1341 3490 1408 φωτὸς
3522 1345 3678 1414 ἀῑδίον,

2175 1429 2268 1480 ναὶ
2299 1428 2460 1482 αὐτὸν
2489 1425 2624 1480 εἶναι
2655 1430 2712 1481 τὸ
2753 1430 2815 1480 ὲκ
2842 1429 2937 1498 τῆς
2989 1431 3167 1499 πηγῆς
3204 1433 3434 1502 γέννημα
3471 1435 3663 1504 λέγοντα·

2178 1540 2195 1570 α
2239 1520 2380 1588 Ἐγώ
2410 1523 2522 1590 εἰμι
2767 1520 2898 1591 ζωὴ,
2929 1541 2944 1572 ι
2973 1524 3086 1584 καὶ,
3110 1543 3126 1571 ι
3168 1521 3300 1590 Ἐγὼ
3331 1525 3360 1593 ἡ
3389 1526 3534 1594 Sopita
3576 1547 3684 1588 211-,

2171 1613 2456 1682 εσκήνωσα
2510 1613 2724 1683 βουλήν.
2767 1633 2784 1663 ι
2849 1613 2921 1666 Τὸ
2954 1614 3012 1666 δὲ
3055 1615 3118 1668 ἐκ
3169 1615 3337 1683 φωτὸς
3381 1617 3684 1690 ἀπαύγασμα,¹

2171 1705 2264 1757 καὶ
2291 1706 2356 1758 ἐκ
2379 1705 2559 1774 πηγῆς
2589 1705 2856 1776 γέννημα,
2892 1707 2984 1758 καὶ
3019 1707 3082 1758 ἐκ
3108 1707 3317 1778 Ila-:96;
3339 1708 3474 1772 Υἱὸν,
3505 1713 3595 1776 πῶς
3623 1715 3666 1766 ἄν

2168 1816 2252 1861 τις
2289 1798 2636 1869 ἁρμοζόντως
2681 1798 3001 1868 ὀνομάσειεν
3049 1799 3420 1868 ῆὸμοούσιον;
3467 1797 3570 1872 ’Ἆρ’
3603 1801 3666 1856 οὖν

2173 1890 2246 1960 μὴ
2275 1931 2287 1950 ,
2321 1889 2508 1958 ἐπειδὴ
2553 1889 2622 1942 τά
2666 1887 2726 1952 ἐξ
2771 1889 3074 1960 ἀνθρώπων
3121 1891 3424 1960 γεννήματα
3471 1894 3666 1962 ἀμαρύσιά

499 1971 576 2026 les
609 1991 620 2024 :
659 1973 843 2026 absit!
879 1989 1220 2044 nequaquam
1267 1994 1328 2033 se
1374 1980 1447 2034 ita
1485 1997 1572 2037 res
1599 1981 1780 2038 habet.
1821 1955 2064 2042 Sed.hoc

2169 1983 2336 2044 ἐστιν,
2367 1979 2709 2036 εύλαεεῖσοαι
2743 1982 2826 2036 δεῖ
2856 1984 2929 2053 μὴ
2956 1983 3048 2034 καὶ
3079 1984 3108 2034 6
3131 1982 3274 2046 Υἱὸς,
3298 1982 3554 2052 λεγόμενος
3569 1988 3662 2055 ὀμι-

492 2059 652 2116 facile
685 2062 942 2130 solvitur;
989 2063 1160 2122 Filius
1187 2071 1388 2140 quippe
1436 2069 1672 2128 Verbum
1705 2083 1762 2129 et
1791 2075 2062 2146 Sapientia

493 2165 576 2208 est
605 2151 804 2217 Patris,
839 2156 1040 2225 quibus
1099 2157 1278 2216 Patris
1323 2163 1724 2232 generationem
1757 2166 2060 2236 impassibi-

493 2245 594 2298 lem
622 2253 676 2300 et
715 2245 999 2303 indivisam
1027 2265 1146 2305 esse
1173 2252 1532 2320 signiﬁcatur.
1583 2254 1716 2310 Nam
1765 2272 1834 2312 ne
1887 2258 2058 2312 homi-

491 2352 620 2391 num
647 2337 866 2407 quidem
888 2341 1110 2394 verbum
1161 2357 1288 2410 pars
1319 2359 1505 2399 eorum
1555 2357 1656 2408 est,
1705 2364 1880 2418 neque
1935 2366 2058 2404 cum

489 2429 726 2498 quadam
749 2431 1007 2500 passione
1041 2433 1110 2487 ab
1131 2433 1236 2488 illis
1264 2435 1537 2503 procedit;
1575 2437 1771 2492 nedum
1817 2437 1908 2492 Dei
1937 2439 2056 2494 Ver—

493 2525 645 2586 bum,
674 2525 819 2594 quod
851 2525 1048 2582 Filium
1087 2543 1210 2584 esse.
1249 2545 1410 2584 suum
1453 2529 1614 2585 Pater
1648 2532 1962 2588 declaravit.
1990 2529 2066 2584 Ne

490 2624 672 2670 autem
705 2616 977 2688 quispiam
1007 2619 1234 2674 audiens
1273 2620 1564 2687 duntaxat,
1592 2620 1852 2685 Verbum,
1877 2622 2066 2678 existi-

493 2715 602 2762 met
624 2705 894 2776 ejusmodi
921 2709 1050 2763 illud
1083 2725 1205 2765 esse
1247 2712 1408 2780 quale
1431 2721 1514 2766 est
1559 2713 1880 2780 humanum,
1909 2729 2062 2768 nem-

492 2814 558 2868 pe
579 2798 698 2853 sine
721 2797 1062 2868 substantia;
1096 2801 1190 2855 sed
1229 2818 1392 2871 quem
1429 2803 1600 2866 audit,
1633 2803 1830 2860 Filium
1851 2847 1866 2870 ,
1896 2821 2063 2876 agno-

491 2899 606 2945 scat
637 2905 760 2946 esse
797 2887 1030 2946 Verbum
1059 2893 1268 2958 vivens,
1303 2903 1356 2948 et
1387 2893 1717 2963 Sapientiam
1761 2898 2060 2952 substantia

490 2982 792 3060 praeditam.

675 3161 896 3230 Deinde,
919 3166 1376 3234 quemadmodum
1405 3167 1496 3222 ubi
1531 3184 1654 3222 eum
1691 3171 1894 3238 prolem
1927 3171 2058 3226 diei-
2088 3189 2127 3244 ο

486 3271 627 3319 mus,
667 3255 769 3311 hoc
795 3271 902 3312 non
930 3257 1172 3310 humano
1226 3271 1377 3312 more
1423 3259 1774 3329 intelligimus
1803 3279 1816 3324 ;
1850 3269 1902 3314 et
1934 3278 2058 3316 cum
2089 3267 2096 3272 '

485 3345 700 3402 Patrem
732 3363 854 3403 esse
885 3348 1054 3404 Deum
1090 3351 1458 3418 agnoscimus,
1503 3367 1608 3404 non
1655 3355 1958 3422 corporalia
1993 3355 2060 3410 de

481 3440 578 3493 illo
599 3441 904 3512 cogitamus
933 3459 946 3494 :
977 3441 1068 3496 sed
1103 3441 1232 3495 dum
1285 3443 1372 3496 illa
1403 3443 1658 3500 audimus
1675 3446 1914 3514 exempla
1953 3447 2055 3501 bu-

475 3531 826 3601 jusmndique
861 3533 1130 3596 verba,ca
1183 3543 1362 3590 tamen
1431 3539 1747 3604 congruenti
1779 3538 1938 3591 tuodo
1990 3540 2056 3594 de

483 3617 594 3671 Deo
621 3611 992 3689 intelligimus,
1021 3638 1130 3676 non
1151 3624 1296 3678 enim
1341 3623 1481 3680 Deus
1511 3636 1568 3678 ut
1597 3627 1794 3692 homo;
1827 3627 1906 3682 sic
1929 3645 2052 3682 cum

479 3709 998 3764 consubstanﬁalem
1043 3712 1320 3774 audimus,
1347 3727 1562 3766 omnem
1613 3729 1835 3768 sensum
1877 3723 2054 3768 trans-

409 3811 420 3816 '
479 3802 710 3856 cendere
757 3802 1036 3860 debemus.
1064 3813 1117 3856 ct
1147 3803 1300 3871 juxta
1329 3802 1680 3858 Proverbium
1727 3803 1774 3866 ³,
1805 3807 2054 3872 spiritum

475 3893 596 3947 liter
619 3894 920 3964 intelligere
949 3910 1070 3962 qua:
1134 3905 1482 3964 apponuntur
1512 3896 1702 3962 nobis;
1757 3906 1816 3950 ut
1849 3913 2050 3965 cngno-

474 3997 714 4047 scamus,
748 3999 852 4038 una
885 3985 1184 4049 voluntate,
1227 3985 1320 4038 sed
1359 4001 1544 4038 revera
1571 4001 1696 4040 eum
1733 3985 1930 4040 Filium
1981 4005 2044 4042 ex

473 4071 634 4127 Patre
653 4090 972 4140 germanum
997 4091 1140 4138 esse,
1173 4076 1328 4144 quasi
1393 4092 1458 4128 ex
1503 4075 1649 4131 fonte
1674 4078 1860 4143 vitam,
1900 4089 1954 4132 et
1981 4097 2044 4134 ex

473 4166 594 4219 lucc
613 4166 976 4234 splendorem.
1024 4167 1242 4237 Alioqui
1301 4184 1399 4222 cur
1452 4171 1572 4224 illas
1619 4187 1800 4236 voces,
1845 4174 2042 4244 proles,

472 4256 638 4322 illius,
701 4273 804 4310 non
883 4259 1280 4328 corporaliter,
1335 4263 1804 4317 eonsubstantiale
1861 4273 2042 4318 autem

468 4350 624 4415 quasi
655 4349 720 4402 de
747 4351 1087 4419 corporibus,
1119 4351 1502 4421 intelligimus:
1536 4371 1659 4409 cum
1699 4357 2042 4426 potissimum

467 4455 574 4494 non
609 4441 676 4496 de
704 4440 812 4496 alio
839 4453 1000 4512 atque
1027 4444 1134 4498 alio
1189 4425 1620 4512 luec'dicantur,
1655 4449 1748 4504 sed
1800 4450 1867 4505 de
1909 4464 2038 4519 quo,

465 4530 666 4598 proles,
721 4531 790 4584 de
841 4533 1076 4595 emiem;
1117 4537 1606 4600 consubstantiale,
1659 4541 1866 4595 dictum
1927 4541 2042 4596 sit?

465 4621 676 4693 Parque
725 4633 808 4678 est
865 4625 1114 4680 eamdem
1179 4631 1508 4684 sententiam
1577 4631 1865 4702 utriusque
1907 4635 2036 4688 dicti
2071 4604 2112 4658 υ

461 4713 606 4768 circa
639 4714 976 4770 Salvatorem
1001 4718 1257 4784 retinere,
1301 4735 1478 4791 neque
1502 4739 1690 4778 vocem
1718 4725 1888 4786 illam,
1913 4743 2038 4792 pro-

461 4804 560 4868 les,
585 4817 758 4876 reete;
785 4808 932 4862 illam
983 4819 1186 4876 autem,
1219 4815 1726 4882 consubstantialis,
1770 4819 1927 4872 aliter
1953 4819 2034 4872 in-

401 4937 408 4952 .
461 4901 742 4966 terpretari
777 4918 792 4965 ;
825 4915 1164 4971 consequens
1191 4905 1338 4957 enim
1359 4915 1445 4960 est
1469 4921 1589 4969 vos,
1613 4922 1738 4962 cum
1769 4923 1831 4962 ca
1856 4921 2036 4966 mente

459 4989 644 5044 dicitis
665 4989 862 5045 Filium
903 4993 1081 5048 Patris
1127 4994 1360 5049 Verbum
1405 5007 1460 5050 et
1506 4997 1840 5067 Sapientiam
1889 5017 2030 5066 csse,

453 5079 724 5134 diversam
761 5081 937 5135 dehis
971 5083 1170 5138 habere
1222 5087 1565 5153 sententiam,
1601 5098 1656 5143 ct
1711 5091 1818 5145 alio
1869 5095 2032 5146 mole

463 5171 716 5235 Verbum,
736 5173 841 5228 alio
873 5173 1204 5242 Sapientiam
1233 5179 1548 5249 intelligere.
1570 5182 1640 5235 At
1667 5183 1804 5237 sicut
1834 5185 2028 5238 absur-

455 5265 586 5318 dum
613 5265 744 5320 illud
792 5277 875 5322 est
903 5287 918 5324 :
952 5285 1190 5340 namque
1213 5271 1386 5329 Filius
1441 5283 1528 5328 est
1552 5275 1788 5332 Verbum
1819 5289 1872 5333 ct
1929 5277 2028 5332 Sa—

455 5357 654 5426 pientia
685 5356 882 5423 Patris,
915 5377 1168 5431 unusque
1197 5373 1280 5418 est
1301 5381 1366 5418 ex
1397 5365 1558 5421 Patre
1607 5366 1770 5428 lctus.
1825 5379 1878 5423 ct
1910 5371 2029 5439 ejus

454 5448 773 5504 substantiae
792 5451 1047 5522 proprius
1076 5469 1090 5518 ;
1125 5454 1195 5508 ita
1223 5471 1332 5510 una
1354 5459 1652 5529 eademque
1699 5462 2022 5531 signiﬁcatio

453 5550 534 5592 est
573 5543 738 5610 prolis
767 5553 821 5598 et
843 5545 1364 5602 consubstantialis:
1419 5559 1472 5602 et
1496 5551 1586 5619 qui
1622 5551 2022 5606 censrtFilium

455 5647 572 5688 csse
601 5632 790 5698 fetum,
821 5637 867 5692 is
909 5647 1056 5693 recte
1107 5639 1272 5693 sentit
1298 5656 1424 5694 eum
1488 5642 1628 5696 essn'
1664 5643 2025 5698 consubstan-

453 5724 654 5784 .i‘alem.

532 5831 735 5896 iJoan.
767 5854 873 5902 xiv,
900 5839 952 5893 6.
1033 5841 1054 5872 ²
1083 5841 1244 5895 Prov.
1287 5859 1404 5907 Vlli,
1445 5842 1527 5894 12.

1610 5844 1628 5874 ³
1663 5845 1820 5898 Prov.
1859 5861 2014 5910 xsm,
2045 5847 2093 5899 l.

2168 2073 2368 2138 ούσιος,
2397 2074 2677 2144 νομισθείη
2695 2077 2790 2128 καὶ
2811 2075 2971 2138 αύτὺς
2999 2075 3075 2138 ὡς
3105 2073 3434 2144 ἀνθρώπινον
3455 2077 3658 2150 γέννημα;

2172 2168 2255 2250 μὴ
2273 2167 2511 2233 γένοιτοί
2549 2168 2648 2220 οὐκ
2681 2168 2826 2222 ἔστιν
2846 2168 3036 2232 οὕτως.
3083 2167 3242 2220 Ἀλλὰ
3274 2169 3364 2220 καὶ
3388 2172 3570 2238 ταχεῖαν
3585 2170 3664 2239 ἔχει

2167 2259 2264 2328 τὴν
2292 2259 2442 2311 λύσιν
2466 2259 2624 2312 τοῦτο
2642 2277 2656 2292 ο
2681 2261 2848 2328 Λόγος
2879 2261 2987 2330 γάρ
3021 2263 3138 2312 ἐστι
3174 2261 3267 2313 καὶ
3297 2261 3664 2330 Enniano-3111-

2167 2367 2292 2420 τρος
2321 2353 2348 2402 ὁ
2376 2352 2501 2414 Υἱός
2526 2369 2536 2380 ·
2567 2351 2627 2416 ἐξ
2651 2345 2725 2406 ὧν
2757 2352 2818 2404 τὸ
2856 2352 3062 2414 ἀπαθὲς
3100 2353 3196 2404 καὶ
3221 2351 3282 2404 τὸ
3305 2351 3566 2422 ἀμέριστον
3597 2353 3664 2420 τῆς

2167 2443 2232 2494 ἐκ
2259 2441 2352 2494 τοῦ
2375 2443 2586 2513 Πατρὸς
2611 2445 2916 2514 γεννήσεως
2935 2443 3279 2514 γνωρίζεται.
3307 2443 3465 2512 Λόγος
3477 2443 3565 2516 γὰρ
3581 2445 3664 2498 οὐδὲ

2163 2531 2190 2582 6
2365 2531 2472 2583 τῶν
2500 2531 2802 2603 ἀνθρώπων
2829 2530 2997 2602 μέρος
3017 2532 3188 2598 ἐστὶν,
3227 2531 3344 2584 οὐδὲ
3394 2529 3518 2584 κατὰ
3545 2531 3664 2592 πάθος

2165 2623 2226 2688 ἐξ
2251 2623 2429 2676 αὐτῶν
2484 2625 2830 2696 προέρχεται,
2882 2625 3014 2694 μήτι
3051 2641 3114 2690 γε
3149 2627 3178 2677 ὁ
3219 2622 3314 2676 τοῦ
3341 2622 3556 2688 Θεοῦ,ὃν
3578 2623 3664 2676 Υίῦν

2165 2711 2302 2768 εἶναι
2324 2716 2516 2770 ἑαυτοῦ
2547 2719 2574 2770 6
2605 2718 2796 2790 Πατὴρ
2829 2718 3096 2787 ἐδήλωσεν
3115 2735 3127 2748 ’
3176 2717 3264 2772 ἵνα
3313 2716 3382 2787 μὴ
3429 2715 3564 2768 πάλιν
3593 2733 3662 2776 τις,

2163 2805 2376 2860 ἀκούων
2423 2809 2602 2878 μόνον,
2641 2809 2834 2876 Λόγον,
2877 2811 3073 2881 νομίσῃ
3127 2809 3362 2864 τοιοῦτον
3415 2804 3549 2872 εἶναι,
3587 2801 3663 2869 air};

2163 2899 2312 2952 ἐστιν
2341 2903 2370 2953 6
2399 2900 2506 2954 τῶν
2540 2901 2864 2972 ἀνθρώπων,
2913 2903 3286 2964 ἀνυπόστατος
3305 2919 3317 2931 ·
3345 2901 3452 2954 ἀλλ’
3487 2901 3661 2960 ἀκούων,

2162 2991 2242 3042 ὅτι
2267 2991 2392 3054 Υἱός
2417 2993 2554 3056 ἐστι,
2573 2993 2812 3065 γινώσκῃ
2966 2993 3154 3047 τοῦτον
3185 2989 3320 3047 εἶναι
3348 2993 3508 3057 ζῶντα
3523 2993 3660 3058 Λόγον,

2162 3083 2256 3134 καὶ
2281 3082 2519 3137 ὲνούσιον
2555 3086 2768 3154 Σοφίαν.

2349 3180 2596 3236 Ἔπειτα.
2629 3180 2818 3248 ὥσπερ
2851 3182 2912 3233 τὸ
2941 3181 3190 3250 γέννημα.
3223 3179 3479 3246 λέγοντες,
3501 3176 3579 3229 οὐκ
3601 3177 3664 3229 ἁν-

2159 3273 2446 3344 θρωπίνως
2467 3274 2716 3345 νοοῦμεν,
2749 3275 2844 3328 καὶ
2877 3275 3092 3346 Πατέρα
3125 3275 3222 3328 τὸν
3267 3273 3393 3326 Θεὸν
3419 3272 3598 3334 εἰδότες,
3621 3273 3662 3322 οὐ

2161 3367 2476 3436 σωματικήν
2529 3385 2648 3420 τινα
2709 3369 2836 3439 περὶ
2889 3367 3052 3420 αὐτοῦ
3108 3365 3452 3438 λαμϐάνομεν
3479 3365 3660 3417 ἔννοιαν·

2155 3455 2291 3508 ἀλλά
2331 3456 2399 3510 τὰ
2439 3458 2538 3526 μὲν
2571 3457 2989 3528 παραδείγματα
3019 3460 3110 3511 καὶ
3139 3459 3245 3518 τὰς
3270 3458 3502 3520 τοιαύτας
3539 3455 3664 3519 λέξεις

2155 3547 2448 3618 ἀκούομεν,
2481 3548 2830 3620 ἁρμοζόντως
2843 3549 2899 3602 δὲ
2931 3549 3056 3619 περὶ
3084 3549 3225 3602 Θεοῦ
3253 3550 3492 3620 νοούμεν-
3520 3550 3569 3601 ού
3589 3545 3663 3615 γὰρ

2154 3637 2229 3700 ὡς
2251 3637 2537 3708 ἄνθρωπος
2577 3641 2606 3691 6
2639 3639 2804 3702 Θεός·
2839 3639 3010 3702 οὕτως
3061 3640 3170 3711 ἄρα
3219 3641 3312 3694 καὶ
3343 3641 3400 3693 τὸ
3445 3639 3663 3710 ripae-iam

2154 3729 2464 3794 ἀκούοντες,
2518 3732 2868 3800 ὑπερϐαίνειν
2899 3729 3188 3800 ὀφείλομεν
3249 3719 3424 3784 πᾶσαν
3451 3729 3661 3799 αἴσθησιν,

2155 3824 2246 3875 καὶ
2277 3823 2415 3876 κατά
2437 3825 2536 3894 τὴν
2563 3823 2870 3895 Παροιμίαν
2911 3859 2925 3884 ,
3021 3841 3030 3860 δ
3063 3823 3272 3892 νοητῶς
3307 3825 3438 3876 νοεῖν
3465 3821 3522 3874 τὰ
3543 3837 3663 3890 παρα·

2151 3917 2405 3986 τιθέμενα
2434 3918 2565 3986 ἡμῖν
2587 3935 2598 3945 ·
2633 3917 2774 3969 ὥστε
2811 3917 2994 3986 μέντοι
3024 3915 3334 3983 γινώσκειν,
3359 3915 3436 3968 ὅτι
3467 3914 3529 3983 μὴ
3547 3909 3661 3978 θελή-

2152 4025 2253 4072 σει,
2287 4008 2422 4061 ἀλλὰ
2453 4009 2670 4081 ἀληθῶς
2695 4009 2823 4071 Υἱός
2855 4011 3004 4060 ἐστιν
3043 4010 3106 4060 ἐκ
3138 4007 3354 4080 Πατρδς
3380 4000 3662 4074 γνήσιο;,ὡς

2148 4103 2210 4154 ἐκ
2233 4102 2412 4171 πηγῆς
2441 4100 2578 4172 ζωὴ,
2613 4102 2706 4154 καὶ
2727 4101 2902 4168 φωτὸς
2933 4099 3298 4169 ἀπαύγασμα.
3335 4099 3400 4150 Ἢ
3442 4097 3518 4150 διὰ
3551 4093 3591 4145 τί
3619 4090 3661 4142 τὸ

2149 4193 2266 4262 μὲν,
2296 4193 2560 4263 γέννημα,
2591 4194 2681 4245 καὶ
2704 4194 2782 4254 τὸ,
2805 4192 2948 4254 Υἱὸς,
2967 4193 3028 4243 ού
3061 4189 3408 4260 σωματικῶς,
3425 4188 3480 4240 τὸ
3502 4186 3548 4239 δὲ
3569 4187 3662 4253 ὀμο-

2144 4283 2341 4348 ούσιον,
2378 4283 2453 4346 ὡς
2487 4285 2578 4337 ἐπὶ
2609 4285 2876 4354 σωμάτων
2905 4281 3299 4351 διανοούμεθα,
3339 4282 3429 4333 καὶ
3462 4277 3659 4348 μάλιττα.

2143 4379 2222 4430 ὅτι
2249 4378 2308 4429 ού
2345 4377 2472 4446 περὶ
2505 4375 2666 4429 ἄλλον
2693 4376 2786 4428 καὶ
2807 4375 2964 4429 ἄλλον
2999 4376 3118 4426 ἐστὶ
3145 4375 3215 4429 τὰ
3261 4373 3530 4443 λεγόμενα,
3561 4366 3660 4420 ἀλλὰ

2143 4470 2267 4539 περὶ
2295 4463 2352 4522 οὗ
2381 4471 2442 4520 τὸ
2493 4468 2759 4538 γέννημα,
2813 4467 2939 4538 περὶ
2971 4466 3160 4519 τούτου
3213 4469 3302 4520 καὶ
3331 4465 3388 4518 τὸ
3432 4459 3658 4534 ὁμοούσιον

2139 4559 2370 4630 ἐλέχθης
2409 4558 2517 4612 Καὶ
2545 4559 2742 4628 πρέπει
2771 4557 2867 4628 τὴν
2905 4557 3076 4628 αὐτὴν
3121 4557 3360 4610 διάνοιαν
3395 4551 3659 4625 ἀμτοτέρων

2137 4650 2244 4703 τῶν
2269 4649 2464 4715 λέξεων
2492 4649 2584 4700 ἐπὶ
2617 4649 2710 4700 τοῦ
2773 4647 3026 4718 Σωτῆρος
3059 4647 3364 4711 διασώζειν,
3405 4645 3488 4698 καί
3521 4641 3580 4711 μὴ
3616 4637 3659 4688 τὸ

2139 4743 2236 4812 μὲν
2269 4743 2514 4811 γέννημα
2694 4741 2869 4802 καλῶς
2901 4739 3234 4808 ἐξηγεῖσθαι,
3253 4739 3316 4792 τὸ
3345 4738 3398 4790 δὲ
3432 4731 3658 4806 ὀμοούσιον

2135 4835 2338 4897 ἄλλως·
2401 4835 2524 4887 ἐπεὶ
2577 4832 2868 4885 ἀκόλουθόν
2925 4833 3094 4894 ἐστιν,
3149 4831 3295 4884 οὕτω
3339 4825 3658 4896 διακειμένους

2135 4930 2276 4996 ὑμᾶς
2308 4929 2398 4979 καὶ
2433 4927 2688 4994 λέγοντας
2713 4925 2882 4992 Λόγον
2910 4925 3003 4976 καὶ
3023 4923 3223 4992 Σοφίαν
3254 4922 3349 4974 τοῦ
3383 4916 3569 4987 Πατρὸς
3593 4910 3658 4963 τὸν

2133 5019 2282 5080 Tal»),
2315 5019 2572 5089 διάφορον
2601 5019 2743 5086 ἔχειν
2774 5017 2868 5070 καὶ
2895 5015 3022 5085 περὶ
3066 5015 3273 5067 τούτων
3305 5015 3402 5083 τὴν
3443 5009 3654 5062 διάνοιαι,

2133 5115 2224 5166 καὶ
2259 5111 2428 5175 ἄλλως
2473 5113 2572 5182 μὲν
2611 5111 2701 5163 τὸν
2737 5111 2906 5178 Λόγον
2940 5113 3080 5162 νοεῖν
3101 5151 3114 5172 ,
3161 5107 3362 5176 ἑτέρως
3403 5105 3454 5156 δὲ
3483 5101 3564 5170 τὴν
3587 5096 3658 5148 Σίν

2133 5205 2278 5272 (ρίαν.
2322 5204 2459 5256 Ἀλλ’
2483 5205 2672 5273 ὥσπερ
2693 5203 2890 5256 ἄτοπον
2919 5201 3078 5254 τοῦτο
3101 5215 3114 5228 ⁸
3149 5201 3319 5268 Λόγος
3351 5198 3454 5265 γὰρ
3481 5193 3562 5245 καὶ
3589 5189 3656 5239 Σίν

2133 5297 2229 5364 (piat
2255 5294 2345 5348 τοῦ
2369 5296 2578 5365 Πατρός
2609 5297 2756 5346 ἐστιν
2777 5296 2806 5346 ὁ
2833 5294 2962 5356 Υἱὸς
2981 5333 2994 5356 ,
3028 5291 3121 5344 καὶ
3159 5291 3216 5342 ἓν
3247 5293 3362 5342 ἐστι
3403 5285 3460 5338 τὺ
3486 5286 3542 5335 ἐκ
3575 5279 3657 5378 lla:-

2129 5388 2252 5456 τρὸς
2273 5387 2540 5457 γέννημα,
2573 5386 2666 5438 καὶ
2697 5385 2824 5437 ἴδιον
2851 5385 2950 5455 τῆς
2983 5384 3170 5444 οὐσίας
3198 5379 3361 5434 αὐτοῦ
3389 5395 3402 5408 ·
3430 5375 3576 5434 οὕτως
3597 5384 3655 5426 είς

2128 5479 2273 5530 ἐστιν
2302 5479 2328 5531 6
2354 5477 2478 5538 νοῦς
2649 5475 2742 5530 τοῦ
2769 5478 3106 5547 γεννήματος
3137 5475 3228 5526 καὶ
3255 5469 3350 5524 τοῦ
3387 5463 3654 5559 όμοουσίρν·

2129 5569 2220 5621 καὶ
2248 5572 2276 5621 6
2301 5569 2511 5639 φρονῶν
2531 5571 2778 5639 γέννημα
2809 5569 2898 5621 τὸν
2931 5567 3058 5619 Υίδν
3103 5566 3286 5637 φρονεῖ
3319 5559 3494 5616 τοῦτον
3519 5553 3654 5626 ὀρείαις

2129 5661 2220 5713 καὶ
2241 5661 2541 5732 όμοούσιον.
