3860 6558
167 403 285 472 473

162 636 269 705 τὴν
295 637 533 690 διάνοιαν
565 636 638 707 μὴ
672 636 976 706 ἀλλοτρίαν,
1017 637 1150 706 μηδέ
1191 635 1407 706 μακρὰν
1451 629 1614 688 οὖσαν
1657 633 1752 687 τοῦ

160 730 478 801 ὀμοουσίου.
521 728 738 800 Ἐπειδὴ
767 729 846 794 δὲ,
869 729 946 792 ὡς
973 729 1125 781 αὐτοί
1160 745 1290 796 φασι
1335 728 1461 798 (τὴν
1490 727 1597 798 γὰρ
1633 729 1752 780 ἐπι-

161 822 365 894 στολὴν
396 822 496 875 οὐκ
525 820 681 891 ἔσχον
717 819 897 891 ἐγὼ),
920 822 970 873 οἱ
1010 821 1100 875 τὸν
1139 819 1454 890 Σαμοσοιτὲα
1491 817 1751 887 κατακρί-

157 931 360 978 ναντες
391 913 678 967 ἐπίσκοποι
703 913 1005 984 γράφοντες
1041 913 1292 984 εἰρήκασι
1335 911 1409 982 μὴ
1438 906 1576 965 εἶναι
1617 913 1748 981 ὁμο-

156 1005 348 1058 ούσιον
375 1005 466 1058 τὸν
501 1005 626 1058 Υίὸν
665 1003 741 1074 τῷ
773 1005 949 1076 Πατρὶ
976 1040 992 1066 ,
1129 1005 1221 1058 καὶ
1239 1003 1423 1057 λοιπὸν
1451 1003 1625 1064 αὐτοὶ,
1647 1001 1750 1056 ’διὰ

153 1096 256 1166 τὴν
327 1096 464 1168 πρὸς
499 1098 625 1159 τοὺς
653 1097 941 1166 εἰρηκότας
991 1094 1278 1149 εὐλάϐειαν
1322 1112 1382 1147 τε
1435 1097 1531 1149 καὶ
1561 1096 1744 1166 τιμὴν,

153 1186 309 1239 οὕτω
344 1189 473 1257 περὶ
516 1187 616 1256 τὴν
646 1187 792 1251 λέξιν
842 1186 1174 1240 διάκεινται·
1221 1186 1384 1240 καλὸν
1421 1191 1538 1259 μετ’
1571 1189 1745 1242 αὐτῶν

158 1280 284 1347 μετ’
319 1278 606 1341 εὐλαϐείας
632 1279 725 1332 καὶ
761 1278 888 1349 περὶ
929 1277 1118 1331 τούτου
1161 1277 1576 1348 διασκέψασθαι.
1618 1281 1728 1347 Συγ

129 1369 390 1440 .κρούειν
426 1369 523 1439 μὲν
547 1368 656 1440 γὰρ
685 1370 905 1431 τούτους
1063 1369 1198 1440 πρὸς
1217 1370 1455 1433 ἐκείνους
1474 1371 1741 1440 άπρεπέςο

155 1462 370 1524 πάντες
399 1460 507 1530 γάρ
547 1463 654 1514 εἰσι
698 1460 969 1532 Πατέρες’
1011 1461 1306 1531 διακρίνειν
1348 1462 1404 1514 δὲ
1434 1462 1614 1525 πάλιν,
1670 1464 1746 1527 ὡς

151 1545 314 1605 οὗτοι
342 1553 442 1622 μὲν
486 1551 701 1614 καλῶς,
730 1553 926 1606 ἐκεῖνοι
974 1551 1032 1604 δὲ
1084 1553 1390 1605 τώναντίον
1439 1556 1742 1626 εἰρήκασιν,

150 1644 253 1711 οὐχ
300 1644 478 1695 ὅσιον*
528 1645 576 1696 οἱ
613 1642 812 1706 πάντες
840 1643 948 1715 γὰρ
997 1641 1370 1714 ἐκοιμήθησαν
1403 1645 1460 1696 ἐν
1501 1647 1739 1717 Χριστῷ.

152 1734 228 1786 Οὐ
282 1735 392 1806 χρὴ
419 1735 476 1787 δέ
513 1735 834 1804 φιλονεικεῖν
856 1777 870 1800 ,
925 1735 1044 1788 οὐδὲ
1089 1734 1198 1787 τῶν
1249 1735 1607 1790 συνελθόντων
1649 1739 1742 1792 τὸν

151 1827 287 1896 ἀριο
299 1829 398 1898 μὸν
417 1829 769 1900 συμϐάλλειν,
788 1829 874 1882 ἵνα
900 1830 973 1901 μὴ
997 1829 1228 1883 δοκῶσιν
1248 1833 1295 1884 οί
1445 1828 1744 1895 τριακόσιοι

150 1912 288 1972 τοὺς
320 1909 610 1972 ἐλάττονας
643 1909 1030 1980 ἐπικρύπτειν
1062 1906 1168 1959 οὐδ’
1190 1907 1256 1959 ἂν
1297 1907 1458 1958 πάλιν
1489 1910 1580 1960 τὸν
1613 1908 1742 1978 χρὸ-
1777 1933 1818 1989 Β
1847 1917 2119 1971 metienda

148 2013 241 2050 νον
275 1997 608 2070 άναμετρεῖν
632 2039 648 2064 ,
679 1997 766 2050 ἴνα
790 1997 863 2068 μὴ
887 1996 1117 2050 δοκῶσιν
1139 1997 1188 2050 ot
1218 1995 1578 2066 προλαϐόντες
1598 1999 1745 2068 ἀφα-

149 2086 330 2150 νίζειν
359 2088 490 2150 τοὺς
539 2087 676 2158 μετὰ
711 2086 880 2141 ταῦτα
900 2089 1244 2160 γενομένους.
1283 2093 1347 2144 Οἱ
1375 2091 1575 2154 πάντες
1610 2091 1740 2162 γὰρ,

150 2177 306 2230 καθὰ
343 2176 686 2250 προείρηται,
716 2180 958 2251 Πατέρες
981 2180 1088 2234 εἰσί
1107 2199 1120 2212 ο
1170 2184 1265 2236 καὶ
1291 2183 1438 2253 ὅμως
1465 2185 1586 2238 οὐδὲ
1615 2186 1662 2236 οἱ
1697 2190 1740 2236 τ’

142 2263 417 2336 νεώτερόν
595 2286 648 2322 τι
674 2271 1039 2341 φρονήσαντες
1069 2271 1313 2345 ἔγραψαν
1333 2316 1346 2339 ,
1379 2275 1502 2328 οὐδὲ
1528 2259 1741 2338 ἑαυτοῖς

150 2359 680 2432 καταθαρσήσαντες
706 2403 720 2427 ,
780 2364 1042 2434 ἀγράφων
1098 2367 1438 2437 προέστησαν
1498 2366 1699 2432 λέξεων
1722 2384 1735 2397 ’

149 2448 292 2502 ἀλλὰ
315 2449 385 2502 ἐκ
413 2451 672 2522 Πατέρων
703 2451 1014 2524 ὁρμώμενοι
1037 2448 1328 2518 καὶάὐτοὶ,
1370 2457 1482 2518 τοῖς
1517 2455 1739 2510 ἐκείνων

147 2543 463 2614 ἐχρήσαντο
487 2544 710 2614 ῥήμασι.
739 2544 1000 2598 Διονύσιοι
1032 2545 1140 2617 γὰρ
1172 2546 1266 2601 δύο
1305 2548 1590 2616 γεγόνασιν
1640 2549 1739 2619 ἔμ-

146 2633 396 2704 προσθεν
419 2632 554 2686 πολὺ
582 2633 691 2686 τῶν
728 2633 1098 2704 ἐϐδομήκοντα
1256 2637 1364 2689 τῶν
1400 2635 1737 2689 καθελόντων

146 2724 236 2778 τὸν
269 2717 634 2795 Σαμοσατέα·
664 2725 868 2780 τούτων
897 2728 927 2780 ό
956 2726 1054 2796 μὲν
1085 2727 1187 2796 τῆς
1227 2726 1441 2798 Ῥώμης
1460 2767 1474 2791 ,
1499 2730 1528 2780 ό
1551 2727 1610 2780 δέ
1637 2727 1735 2798 τῆς

158 2816 574 2889 Ἀλεξανδρείας
595 2813 663 2889 ἦν
685 2819 1000 2882 ἐπίσκοπος.
1038 2819 1197 2873 Ἀλλά
1215 2837 1376 2872 τινων
1408 2819 1734 2889 αἰτιασαμέ-

148 2925 252 2960 νων
281 2908 438 2978 παρὰ
456 2908 533 2979 τῷ
555 2910 836 2981 ἐπισκόπῳ
858 2909 1078 2980 Ῥώμης
1103 2911 1191 2964 τὸν
1207 2911 1305 2981 τῆς
1334 2910 1735 2980 Ἀλεξανδρείας

147 2999 476 3060 ἐπίσκοπον,
503 2999 578 3064 ώς
601 2999 827 3070 λέγοντα
853 3002 1062 3072 ποίημα
1079 3044 1094 3068 ,
1124 3002 1218 3056 καὶ
1242 3001 1315 3073 μὴ
1335 3002 1618 3073 ὁμοούσιον
1643 3003 1733 3056 τὸν

147 3091 274 3144 Υἱὺν
307 3091 392 3162 τῷ
409 3093 607 3162 Πατρὶ,
637 3095 670 3162 ἡ
700 3094 794 3164 μὲν
829 3095 970 3148 κατὰ
1021 3093 1238 3166 Ῥώμην
1277 3095 1493 3158 σύνοδος
1529 3095 1732 3164 ἠγανά-

147 3199 352 3252 κτησεν
378 3198 394 3211 °
424 3183 452 3234 ό
474 3182 530 3234 δέ
548 3183 646 3253 τῆς
671 3183 887 3256 Ῥώμης
913 3187 1211 3250 ἐπίσκοπος
1238 3185 1335 3257 τὴν
1359 3187 1572 3240 πάντων
1600 3185 1733 3254 γνώ-

150 3295 254 3348 μην
284 3277 490 3348 γράφει
523 3276 657 3348 πρὸς
683 3277 774 3331 τὸν
798 3278 1084 3349 ὁμώνυμον
1116 3278 1328 3333 ἑαυτοῦ.

145 3367 360 3433 λοιπὸν,
415 3367 882 3440 ἀπολογούμενος,
935 3371 998 3423 τὸ
1051 3371 1150 3440 μὲν
1186 3370 1388 3440 βιϐλίον
1432 3371 1727 3442 ἐπιγράφει

1137 413 1508 488 ΡΑΝΟΙἾᾸΛ
1549 413 2014 476 DOGMATICA.
2043 439 2113 449 -
2151 414 2298 476 ΤΙΤ.
2346 415 2446 476 XI.

371 547 627 619 Αὑτάρκη
657 547 753 617 μὲν
785 544 878 602 οὖν
899 545 1069 600 ταῦτα
1094 547 1284 613 δεῖξαι,
1316 545 1423 598 τῶν
1453 545 1752 614 ἀγαπητῶν
1777 550 1816 599 Δ

1461 3281 1722 3344 Κάκεῖνος
1756 3317 1796 3371 C

3293 414 3401 479 Hi

2027 551 2091 605 Et
2119 551 2250 608 satis
2273 551 2490 622 quidem
2533 554 2645 608 lucc
2676 561 2806 608 sunt
2836 551 2902 607 ad
2935 552 3399 619 comprobandum

1830 646 2153 700 dilectorum
2205 644 2530 699 sententiam
2573 659 2679 698 non
2725 644 2980 704 alienam,
3029 658 3204 713 neque
3244 644 3404 714 longe

1830 753 1949 794 esse
1985 753 2013 792 a
2042 737 2514 793 consubstantiali.
2549 736 2815 803 Quoniam
2844 747 3046 802 autem,
3091 749 3148 790 ut
3174 737 3278 806 ipsi
3320 736 3405 790 di-

1835 840 1967 885 cunt
2000 830 2163 899 (nam
2209 829 2438 898 epistola
2475 843 2640 898 pelles
2674 843 2760 882 me
2791 841 2898 882 non
2926 826 3071 895 fuit),
3092 827 3184 896 qui
3211 823 3402 880 Samo-

1834 933 2105 980 satensem
2176 922 2505 976 damnarunt
2574 921 2814 990 episcopi
2875 921 3080 990 scripto
3135 918 3405 974 tradidere

1834 1016 2031 1071 Filium
2065 1015 2158 1068 Dei
2195 1030 2302 1068 non
2330 1028 2449 1069 esse
2475 1013 2620 1067 Patri
2646 1011 3188 1076 consubstantialem,
3218 1026 3282 1064 ac
3312 1012 3406 1064 de-

1838 1125 1986 1162 mum
2016 1107 2139 1176 ipsi,
2177 1106 2396 1176 pietatis
2425 1105 2759 1173 honorisque
2784 1119 2947 1157 causa
2981 1118 3107 1172 erga
3138 1103 3284 1156 viros
3310 1101 3404 1171 qui

1838 1201 1950 1254 haec
1989 1199 2258 1262 dixerunt,
2290 1199 2368 1254 sic
2414 1212 2514 1266 pro
2545 1211 2606 1250 ea
2645 1211 2774 1250 voce
2817 1203 2944 1250 sunt
2979 1193 3187 1259 allecti,
3225 1207 3404 1262 Operae

1833 1289 2059 1357 pretium
2093 1288 2254 1343 fuerit
2283 1290 2367 1357 pie
2390 1303 2510 1342 cum
2543 1287 2675 1357 ipsis
2710 1302 2772 1341 ea
2799 1286 2941 1339 dere
2965 1285 3250 1341 disserere.
3282 1281 3400 1337 Non

1833 1383 1984 1435 deret
2012 1382 2209 1451 quippe
2239 1382 2362 1436 illos
2395 1397 2516 1434 eum
2545 1381 2628 1434 his
2647 1381 3018 1434 committere:
3048 1393 3236 1433 omnes
3257 1379 3401 1432 enim

1836 1471 2018 1534 Patres
2039 1482 2196 1534 sunt;
2226 1486 2401 1541 neque
2419 1479 2666 1524 sanctum
2685 1477 2828 1524 esset
2850 1470 3074 1523 delinire
3095 1469 3194 1523 hos
3213 1469 3404 1538 probe,

1837 1563 1956 1617 Illos
1966 1563 2103 1616 male
2117 1562 2327 1615 locutos
2343 1575 2460 1614 esse
2476 1579 2489 1613 :
2506 1574 2696 1613 omnes
2710 1559 2906 1628 quippe
2919 1558 2970 1611 in
2984 1557 3202 1611 Christo
3214 1557 3408 1612 obdor-

1837 1655 2088 1708 mierunt.
2108 1652 2524 1722 Disceptandum
2542 1665 2706 1720 porro
2720 1665 2827 1703 non
2847 1657 3130 1718 est,neque
3145 1661 3408 1701 numerus

1837 1741 2199 1797 conferendus
2232 1741 2476 1795 virorum
2519 1740 2612 1808 qui
2643 1738 2816 1793 coaeti
2849 1747 2997 1802 sunt,
3026 1753 3092 1791 ne
3125 1737 3409 1792 videantur

1838 1834 2061 1890 trecenti
2114 1833 2193 1886 illi
2238 1832 2523 1903 pauciores
2571 1829 2888 1892 obscuram,
2946 1842 3121 1897 neque
3165 1834 3407 1896 tempora

2326 1923 2474 1978 sunt,
2509 1929 2576 1966 lle
2602 1915 2691 1980 qui
2720 1929 3046 1982 prwccssere
3074 1918 3410 1984 subsequen-

1845 2011 1925 2055 tes
1946 2013 2300 2060 exauctorare
2335 2015 2608 2076 putentur.
2643 2009 2844 2064 Omnes
2890 2010 3032 2064 enim
3061 2051 3076 2076 ,
3109 2009 3188 2063 uti
3244 2024 3407 2078 supra

1842 2091 2045 2146 dictum
2074 2102 2176 2159 est,
2218 2093 2405 2151 Patres
2440 2106 2599 2162 sunt;
2628 2111 2806 2166 neque
2849 2106 3028 2151 tamen
3061 2096 3288 2152 trecenti
3331 2096 3405 2148 illi

1842 2184 2078 2252 aliquam
2113 2200 2306 2240 novam
2334 2188 2602 2257 scripsere
2649 2187 2971 2243 sententiam
3006 2206 3019 2254 ;
3053 2204 3250 2257 neque,
3299 2188 3403 2242 sibi

1841 2277 1974 2346 ipsis
2003 2279 2216 2342 conﬁsi,
2264 2279 2444 2334 verbis
2471 2295 2578 2334 non
2599 2289 2767 2335 antea
2818 2281 3038 2350 scriptis
3078 2280 3402 2350 patrocinati

1839 2380 2000 2436 sunt;
2035 2372 2128 2425 sed
2158 2371 2405 2440 exemplo
2451 2370 2673 2426 Patrum
2720 2373 2947 2437 incitati,
2992 2387 3181 2427 eorum
3239 2372 3402 2426 verba

1837 2472 2191 2531 usurparunt.
2228 2463 2326 2517 Diu
2364 2481 2595 2535 namque
2616 2474 2740 2520 ante
2780 2465 2900 2519 illos
2932 2465 3274 2534 septuaginta
3306 2463 3402 2532 qui

1840 2549 2281 2609 Samosatensem
2313 2556 2702 2624 deposuerunt,
2728 2554 2834 2608 duo
2851 2554 3089 2625 Dionysii
3124 2555 3402 2620 exstitere,

1836 2655 2067 2709 quorum
2095 2642 2228 2696 alter
2256 2643 2479 2708 Romae,
2533 2644 2668 2698 alter
2718 2645 3058 2699 Alexandriae
3112 2646 3401 2714 episcopus

1835 2743 1974 2788 erat.
1996 2733 2130 2789 Cum
2170 2744 2349 2789 autem
2379 2736 2596 2805 quidam
2633 2737 2704 2790 ad
2729 2735 3032 2790 Romanum
3061 2742 3397 2806 episcopum,

1833 2826 2258 2881 Alexandrinum
2293 2827 2632 2888 detulissent,
2658 2829 2800 2896 quod
2828 2827 3021 2881 Filium
3064 2844 3174 2883 rem
3203 2828 3398 2882 factam

1833 2925 1888 2972 et
1919 2915 2065 2970 Patri
2095 2933 2201 2971 non
2238 2918 2756 2972 consubstantialem
2784 2918 3075 2971 allirmaret
3102 2959 3115 2982 ,
3159 2920 3400 2990 synodus

1835 3006 2022 3062 Romae
2049 3018 2236 3063 coacta
2273 3023 2385 3063 rem
2417 3010 2636 3080 indigne
2670 3011 2790 3064 tlllit
2819 3029 2832 3073 ;
2883 3012 3163 3067 Rullianus
3216 3023 3398 3068 autem

1832 3102 2118 3170 episcopus
2143 3102 2386 3155 omnium
2412 3103 2735 3156 sententiam
2759 3104 3034 3171 rescripsit
3056 3104 3120 3156 ad
3145 3105 3396 3172 gentileln

1833 3210 2014 3249 suum.
2045 3196 2116 3249 At
2143 3194 2231 3249 ille
2275 3196 2356 3248 sui
2391 3196 2652 3266 purgandi
2694 3211 2860 3250 causa
2904 3197 3102 3250 librum
3149 3199 3255 3252 edit
3297 3199 3400 3252 hoc

1828 3286 2004 3351 titulo,
2030 3286 2289 3341 Elencllus
2313 3296 2360 3341 et
2390 3288 2668 3358 Apologia,
2697 3298 2749 3344 et
2779 3289 2864 3343 his
2893 3289 3074 3344 verbis
3099 3289 3164 3343 ad
3193 3288 3397 3344 Roma-

1829 3393 1957 3430 num
1976 3378 2195 3448 scripsit
2228 3379 2544 3448 episcopum
2574 3396 2587 3431 :

158 3461 451 3531 Ἑλέγχου
474 3461 573 3514 καὶ
621 3462 984 3529 Ἀπολογίας.
1039 3463 1245 3532 Γράφει
1274 3463 1331 3516 δὲ
1371 3463 1542 3516 ταῦτα
1590 3463 1726 3534 πρὸς
1755 3463 1985 3518 ἐκεῖνον.

461 3568 479 3600 ι
513 3549 622 3602 Καὶ
649 3550 716 3603 δι’
747 3549 911 3618 ἄλλης
955 3547 1242 3618 ἐπιπολῆς
1299 3545 1534 3616 ἔγραψα,
1563 3546 1620 3596 ἐν
1644 3539 1722 3606 οἷς

101 3699 122 3712 γ
145 3642 348 3713 ῆλεγξα
378 3644 472 3696 καὶ
492 3643 520 3696 ὃ
555 3643 917 3714 προφέρουσιν
945 3641 1194 3710 ἔγκλημα
1233 3640 1354 3692 κατ’
1384 3635 1539 3707 ἐμοῦ,
1589 3635 1722 3704 ψεῦ-

146 3737 228 3799 δος
252 3735 334 3799 ὃν,
366 3735 442 3799 ὠς
473 3736 532 3788 οὐ
557 3736 805 3804 λέγοντος
836 3734 927 3787 τὸν
992 3732 1225 3804 Χριστὸν
1255 3729 1539 3800 ὁμοούσιον
1584 3723 1722 3780 εἶναι

147 3829 218 3900 τῷ
245 3829 391 3899 Θεῷ.
429 3830 492 3881 Ei
513 3829 622 3900 γὰρ
647 3829 739 3882 καὶ¹
761 3828 821 3880 τὸ
836 3827 1005 3897 ὄνομα
1026 3825 1182 3877 τοῦτό
1222 3839 1363 3894 φημι
1390 3821 1464 3892 μὴ
1494 3818 1724 3891 εὑρηκέ-

147 3939 252 3984 ναι,
291 3923 417 3993 μηδ’
441 3921 806 3990 ἀνεγνωκέναι
833 3937 935 3972 που
958 3919 1064 3971 τῶν
1112 3916 1281 3984 ἁγίων
1308 3913 1560 3985 Γραφῶν,
1588 3911 1726 3965 ἀλλά

147 4031 206 4079 γε
231 4014 301 4066 τὰ
323 4011 728 4084 ἐπιχειρήματα
755 4028 854 4082 μου
877 4009 944 4062 τὰ
966 4009 1110 4078 ἑξῆς,
1134 4008 1170 4061 ἃ
1204 4007 1596 4074 σεσιωπήκασι,
1624 4003 1724 4073 τῆς

124 4105 385 4172 ,διανοίας
415 4105 616 4175 ταύτης
674 4105 772 4158 οὐκ
815 4102 1028 4174 ἀπᾴδει.
1080 4100 1188 4152 Καὶ
1249 4099 1357 4168 γὰρ
1517 4095 1724 4166 ἀνθρω-

147 4199 305 4251 sta-fall
329 4198 495 4265 γονὴν
546 4195 879 4266 παρεθέμην,
931 4193 1084 4264 δῆλον
1128 4193 1203 4256 ὡς
1252 4188 1416 4244 οὖσαν
1467 4189 1720 4259 ὁμογενῆ,

149 4293 326 4360 φήσας
358 4291 573 4353 πάντως
627 4289 754 4352 τοὺς
810 4289 984 4356 γονεῖς
1016 4286 1170 4356 μόνον
1319 4283 1537 4352 ἐτέρους
1583 4277 1728 4332 εἶναι’

153 4382 250 4433 τῶν
280 4381 510 4441 τέκνων,
533 4380 613 4436 ὅτι
644 4378 718 4449 μὴ
751 4377 903 4430 αὐτοὶ
930 4372 1036 4428 εἶεν
1066 4376 1134 4428 τά
1164 4372 1405 4441 τὲκνα·ἢ
1440 4372 1578 4441 μήτε
1628 4368 1736 4437 γο-’

150 4477 256 4537 vei;
278 4474 579 4540 ἀναγκαῖον
601 4470 866 4541 ὑπάρχειν
893 4465 1050 4525 εἶναι.
1089 4468 1225 4537 μήτε
1255 4465 1437 4517 τέκνα.
1483 4463 1594 4516 Καὶ
1624 4462 1723 4531 τὴν

156 4566 248 4634 μὲν
278 4563 586 4634 ἐπιστολὴν,
638 4563 713 4624 ώς
763 4562 1037 4631 προεῖπον,
1087 4558 1173 4610 διὰ
1225 4556 1324 4619 τὰς
1375 4554 1722 4625 περιστάσεις

150 4656 246 4710 οὒκ
272 4656 380 4724 ἔχω
411 4654 762 4725 προκομίσαι·
786 4653 834 4704 εί
874 4650 918 4704 δ’
949 4646 1060 4713 οὖν,
1096 4649 1235 4702 αύτὰ
1395 4663 1477 4699 σοι
1501 4645 1570 4697 τὰ
1603 4644 1722 4696 τότε

2004 3571 2024 3605 t
2047 3553 2104 3606 In
2128 3551 2231 3606 alia
2259 3552 2382 3606 item
2416 3551 2639 3622 epistola
2666 3565 2728 3605 ea
2756 3551 2968 3621 selip~i,
2994 3552 3190 3621 quibus
3209 3551 3394 3606 crimi-

1824 3646 2096 3700 nationem
2144 3643 2577 3698 adversariorum
2621 3644 2815 3711 repuli,
2855 3645 3276 3714 mendacemque
3306 3660 3396 3699 os-

1823 3738 1967 3794 tendi
1991 3752 2095 3806 qua
2121 3736 2334 3790 aiebant
2360 3750 2443 3788 me
2467 3734 2739 3789 Christum
2763 3751 2957 3804 negare
2984 3751 3104 3789 esse
3131 3737 3233 3789 Deo
3259 3751 3393 3789 eon-

1823 3828 2250 3884 substalltialem.
2285 3825 2520 3880 Tametsi
2536 3826 2700 3880 -enim
2756 3825 2926 3880 fateor
2964 3843 3048 3880 me
3092 3829 3195 3882 hoc
3234 3841 3394 3882 voca-

1823 3920 2009 3974 bulum
2055 3934 2323 3988 nusquam
2367 3917 2765 3988 Seripturarum
2814 3934 3090 3973 sacrarum
3132 3921 3214 3974 vel
3246 3921 3395 3974 inve-

1825 4013 1971 4066 nisse
2005 4011 2086 4066 vel
2113 4011 2329 4080 legisse,
2370 4020 2606 4065 attamen
2637 4019 2950 4080 argumenta
2977 4026 3092 4064 mea
3124 4027 3242 4080 quae
3265 4013 3394 4065 sub-

1825 4114 2145 4176 sequuntur,
2169 4121 2398 4176 quaeque
2444 4105 2530 4159 isti
2569 4112 2871 4169 tacuerunt,
2901 4103 2968 4156 ab
2997 4105 3095 4157 hac
3128 4105 3390 4158 sententia

1825 4214 1932 4251 nou
1965 4198 2294 4265 discrepant.
2323 4195 2531 4250 Etenim
2569 4196 2858 4250 humanam
2889 4194 3091 4262 prolem
3127 4193 3177 4247 ill
3205 4209 3392 4248 exem-

1825 4290 1970 4358 plum
2001 4289 2381 4358 attuli,‘quam
2409 4297 2556 4357 patet
2599 4287 2840 4356 ejusdem
2891 4301 3011 4341 esse
3075 4286 3286 4355 generis
3330 4301 3393 4341 ac

1826 4383 2145 4452 genitorem.
2204 4380 2431 4450 Dixique
2469 4395 2657 4435 revera
2697 4381 2746 4432 ill
2781 4381 2882 4433 hoc
2935 4381 3107 4432 solum
3141 4387 3392 4447 parentes

1826 4476 2040 4529 tliﬂ’errc
2065 4491 2092 4526 ει
2118 4473 2262 4536 ﬁliis,
2293 4456 2436 4541 quod
2473 4473 2573 4541 ipsi
2608 4488 2714 4526 non
2757 4474 2865 4526 sint
2891 4473 2982 4526 mu
3013 4491 3024 4526 ε
3055 4471 3256 4539 alioqui
3295 4486 3390 4523 ne-

1826 4581 1978 4621 cesse
2033 4565 2148 4620 fore
2177 4580 2350 4634 neque
2395 4572 2644 4633 parentes
2701 4565 2980 4624 exsistere,
3027 4577 3200 4631 neque
3233 4562 3388 4615 lllios.

1827 4659 2121 4728 Epistulam
2159 4667 2358 4719 autem,
2387 4665 2443 4709 ut
2476 4665 2598 4709 ante
2619 4654 2844 4716 dixi,-ob
2869 4663 3182 4722 prtcscntcm
3211 4669 3390 4706 rerum

155 4749 390 4818 ῥήματα.
422 4747 618 4818 μᾶλλον
649 4746 704 4799 δὲ
731 4744 828 4798 καὶ
858 4743 1038 4813 πάσης
1061 4740 1348 4810 ἀνέπεμψα
1381 4740 1441 4792 τὸ
1466 4737 1721 4808 ἀντίγρα-

1831 4751 2188 4806 conditionem
2244 4764 2406 4818 penes
2455 4762 2676 4801 menon
2728 4747 2918 4800 habeo.
2975 4744 3227 4813 Alioquin
3274 4743 3388 4812 ipsa

155 4856 264 4906 φον·
299 4839 438 4908 ὅπερ
497 4837 591 4891 ἐὰν
624 4835 932 4906 εὐπορήσω,
973 4834 1199 4902 ποιήσω.
1241 4828 1368 4884 Οἶδα
1415 4830 1472 4882 δέ
1501 4830 1596 4882 καὶ
1630 4827 1724 4898 μὲ-

159 4946 363 4999 μνημαι
396 4927 616 4980 πλείονα
665 4925 921 4996 προσθεὶς
969 4923 1076 4977 τῶν
1125 4923 1397 4991 συγγενῶν
1441 4919 1721 4990 ὁμοιώμα-

154 5033 242 5069 τα.
371 5016 481 5069 Καὶ⁸
510 5015 619 5085 γὰρ
655 5014 751 5068 καὶ
799 5013 962 5081 φυτὸν
996 5015 1176 5086 εἶπον,
1202 5013 1308 5065 ἀπὸ
1343 5012 1652 5081 σπέρματος
1685 5011 1719 5080 ἦ

157 5107 261 5158 ἀπὸ
292 5107 444 5178 ῥίζης
467 5105 707 5169 ἀνελθὸν,
729 5106 914 5172 ἕτερον
946 5100 1083 5157 εἶναι
1115 5104 1207 5157 τοῦ
1245 5104 1364 5157 ὅθεν
1398 5103 1720 5173 ἐϐλάστησε,

158 5201 246 5251 καὶ
276 5199 490 5262 πάντως
525 5199 716 5268 ἐκείνῳ
736 5197 1068 5268 καθέστηκεν
1119 5197 1352 5267 όμοφυές
1373 5214 1386 5229 ·
1421 5198 1515 5250 καὶ
1557 5214 1720 5250 ποτα-

161 5292 257 5361 μδν
275 5291 383 5346 ἀπὸ
408 5293 591 5363 πηγῆς
621 5291 831 5362 ῥέοντα,
856 5290 1038 5362 ἕτερον
1069 5290 1164 5343 καὶ
1212 5289 1392 5360 σχῆμα
1430 5290 1522 5342 καὶ
1554 5290 1721 5358 ὄνομα

162 5384 558 5454 μετειληφέναιο
594 5385 729 5454 μήτε
751 5383 860 5453 γὰρ
885 5382 982 5453 τὴν
1037 5382 1217 5452 πηγὴν
1268 5381 1532 5450 ποταμὸν,
1586 5382 1745 5450 μήτε·

157 5475 246 5529 τδν
279 5477 514 5546 ποταμὸν
554 5475 736 5546 πηγὴν
771 5473 1040 5543 λέγεσθαι,
1097 5477 1190 5528 καὶ
1231 5475 1515 5545 ἀμφότερα
1548 5474 1722 5545 ὑπάρ-

159 5584 292 5636 χειν*
319 5568 412 5621 καὶ
437 5569 536 5638 τὴν
570 5568 668 5638 μὲν
691 5567 870 5636 πηγὴν
894 5565 1052 5618 οἱονεὶ
1083 5566 1301 5637 Πατέρα
1353 5563 1510 5623 εἶναι.
1546 5567 1634 5620 τὸν
1662 5566 1718 5618 δὲ

160 5654 400 5724 ποταμὸν
449 5650 588 5707 εἶναι
619 5653 682 5704 τὸ
712 5654 776 5704 ἐκ
821 5651 920 5722 τῆς
965 5651 1145 5720 πηγῆς
1195 5650 1556 5721 γεννώμενον,
1707 5666 1725 5698 ›

165 5743 393 5816 Εἰρηκεν
513 5745 542 5796 ὁ
577 5744 888 5804 ἐπίσκοπος.

1826 4845 1921 4898 tibi
1953 4859 2074 4913 quae
2125 4851 2252 4896 tunc
2301 4841 2492 4908 scripsi
2547 4838 2731 4903 verba,
2785 4837 2894 4891 imo
2942 4837 3104 4892 totius
3149 4838 3392 4907 epistolae

1825 4935 2098 5003 exemplar
2133 4933 2425 4989 misissem,
2460 4931 2775 5000 mittamque
2803 4930 2847 4986 si
2876 4931 3092 4999 quando
3117 4931 3248 4984 mihi
3273 4931 3390 5001 ejus

1825 5027 1979 5095 copia
2013 5025 2193 5079 fuerit.
2227 5025 2351 5078 Scio
2371 5033 2545 5077 autem
2576 5032 2737 5092 atque
2764 5023 2982 5077 memini
3013 5039 3096 5076 me
3126 5024 3391 5092 plurimas

1824 5137 1888 5174 ex
1923 5120 2081 5173 rebus
2106 5119 2241 5171 inter
2262 5133 2318 5171 se
2341 5117 2586 5185 cognatis
2608 5116 2987 5169 similitudines
3016 5117 3386 5185 conglolzasse.

1826 5211 2033 5263 Etenim
2067 5210 2326 5277 plantam,
2357 5208 2470 5261 sive
2487 5222 2550 5260 ex
2573 5207 2800 5271 semine,
2824 5206 2936 5260 sive
2963 5222 3027 5260 ex
3056 5208 3236 5260 radice
3266 5224 3383 5262 suc-

1825 5309 2179 5359 crescentem,
2227 5300 2387 5352 aliam
2424 5313 2546 5353 esse
2572 5297 2684 5350 dixi
2718 5297 2874 5350 abeo
2914 5297 3056 5350 unde
3085 5297 3385 5364 pullulavit,

1828 5393 2040 5446 tametsi
2073 5391 2314 5460 ejusdem
2348 5405 2573 5458 prorsus
2608 5398 2690 5442 est
2719 5397 2926 5441 natura?
2955 5406 2966 5439 :
3003 5387 3333 5454 ﬂuviumque
3359 5403 3385 5440 a

1827 5484 1971 5538 fonte
2004 5483 2280 5544 ﬂuentem,
2312 5481 2472 5535 aliam
2509 5479 2736 5532 formam
2772 5486 2825 5532 et
2862 5492 3056 5530 nomen
3094 5478 3338 5546 accipere
3372 5497 3385 5533 :

1828 5577 2165 5645 nequeenim
2192 5584 2285 5627 aut
2317 5573 2513 5625 fontem
2543 5571 2786 5626 ﬂuvium.
2817 5578 2911 5622 alat
2940 5569 3159 5622 ﬂuvium
3187 5569 3387 5625 fontem

1821 5661 1950 5727 diei,
1990 5659 2082 5715 sed
2130 5668 2424 5725 utrumque
2468 5656 2771 5709 exsistere:
2807 5671 2869 5710 ac
2915 5657 3115 5713 fontem
3165 5660 3382 5727 quidem

1822 5752 1978 5820 quasi
2021 5759 2224 5819 patrem
2267 5762 2407 5811 esse,
2448 5745 2668 5800 ﬂuvium
2719 5762 2868 5813 vero,
2904 5763 3100 5817 aquam
3131 5765 3194 5805 ex
3237 5750 3387 5807 fonte

1825 5853 2150 5896 manentem.
2182 5860 2199 5891 ι
2233 5837 2502 5894 Hactenus
2531 5839 2819 5910 cpiscopus
2849 5839 2954 5895 ille.
