3770 6562
472 394 581 462 4τῦ

675 527 729 585 Si
758 530 883 599 quis
909 528 1074 599 igitur
1093 542 1189 585 eos
1214 528 1310 599 qui
1338 527 1529 586 Nicaea:
1559 540 1929 587 convenerunt
1948 546 2038 585 ar-
2064 539 2112 591 Α

472 623 605 691 guii,
633 622 775 691 quod
810 630 1004 691 prater
1032 619 1304 689 majorum
1338 621 1553 678 decreta
1581 624 1828 694 quaedam
1853 633 2040 693 protu-

473 713 655 775 ierint,
698 712 745 765 is
780 711 902 781 jure
946 710 1287 781 septuaginta
1325 711 1610 781 episcopos
1659 714 2037 783 reprehendat,

472 802 616 871 quod
647 801 913 871 majorum
939 816 1166 857 suorum
1189 801 1407 857 decreta
1434 817 1544 870 non
1572 804 1863 859 servarint.
1883 803 2041 858 Prius

471 893 669 962 quippe
699 900 856 946 erant
882 893 1045 946 ambo
1074 890 1339 963 Dionysii,
1370 901 1533 963 atque
1566 894 1600 947 ii
1632 893 1725 964 qui
1751 902 1881 950 tunc
1901 904 2039 950 tem-

471 984 621 1052 poris
655 982 840 1038 Romae
871 994 1239 1039 convenerant
1275 985 1539 1055 episcopi.
1565 983 1669 1039 Sed
1705 996 1929 1041 neutros
1959 984 2042 1041 fas

469 1084 554 1128 est
599 1074 859 1143 culpare:
892 1089 1083 1130 omnes
1131 1075 1331 1144 quippe
1382 1091 1470 1132 res
1514 1077 1713 1132 Christi
1755 1078 2040 1143 curabant,

470 1178 663 1219 oinues
696 1166 869 1220 studia
892 1182 989 1221 sua
1013 1168 1402 1222 convertebant
1442 1169 1705 1225 adversus
1736 1170 2041 1235 haereticos,

472 1267 526 1310 et
554 1255 646 1310 alii
677 1256 1139 1324 Samosatensem,
1167 1258 1259 1311 alii
1294 1260 1553 1313 Arianam
1582 1264 1910 1315 damnarunt
1937 1262 2046 1316 hae-

474 1348 642 1402 resin.
673 1346 837 1402 [lecte
868 1358 1048 1402 autem
1079 1363 1143 1402 ac
1182 1349 1351 1418 probe
1388 1350 1604 1420 utrique
1635 1352 1924 1420 scripsere,
1959 1361 2044 1405 at—

473 1455 580 1508 que
621 1448 986 1510 congruenter
1012 1441 1079 1494 ad
1116 1440 1453 1509 propositum
1489 1451 1888 1509 argumentum.
1954 1443 2045 1499 Et-

473 1533 620 1586 enim
638 1532 1097 1601 quemadmodum
1132 1532 1636 1601 beatusApostolus
1666 1535 1735 1590 ad
1770 1534 2045 1591 Romanos

476 1627 560 1680 his
590 1624 768 1679 verbis
802 1624 1050 1693 scripsit:
1084 1643 1102 1675 ι
1134 1622 1239 1678 Lex
1274 1624 1575 1693 spiritualis
1606 1634 1690 1681 est
1732 1628 1773 1691 ¹;
1796 1647 1814 1678 ι
1837 1625 2049 1681 etcLex

477 1722 664 1769 sancta
680 1723 734 1769 et
749 1714 1059 1769 mandatum
1075 1725 1348 1781 sanetum,
1363 1725 1417 1769 et
1431 1716 1640 1784 justum
1658 1726 1711 1770 et
1730 1717 1931 1771 bonum
1970 1719 2012 1783 ¹;
2028 1738 2047 1769 ι

475 1806 727 1883 etpaulo
763 1815 906 1876 post,
944 1826 964 1859 ι
996 1805 1131 1860 Nam
1165 1808 1313 1876 quod
1349 1807 1685 1876 impossibile
1716 1820 1834 1864 erat
1862 1810 1963 1879 legi
1999 1811 2052 1863 in

476 1913 587 1967 quo
616 1896 992 1953 infirmabatur
1043 1898 1094 1964 ³;
1116 1918 1136 1950 ι
1169 1900 1237 1953 ad
1278 1898 1531 1955 Hebraeos
1560 1910 1762 1966 autem,
1787 1918 1805 1951 ι
1834 1898 2053 1954 Nullum

479 1987 705 2058 perfecit
916 1988 1002 2043 lex
1043 1989 1100 2055 δς
1127 2008 1147 2043 ι
1193 1990 1258 2043 ad
1307 1989 1551 2055 Galatas,
1614 2007 1633 2042 ι
1663 1988 1720 2043 ln
1751 1991 1867 2059 lege
1895 2005 2054 2044 nemo

475 2078 873 2151 justitlcabitnr
921 2079 978 2145 ³;
1021 2096 1042 2131 ο
1090 2081 1157 2133 ad
1204 2078 1550 2134 Timotheum
1593 2088 1804 2143 autem,
1855 2097 1874 2132 ι
1904 2080 2053 2135 Bona

478 2176 563 2224 est
591 2168 700 2233 lex,
729 2169 775 2224 si
804 2170 930 2237 quis
950 2184 1014 2224 ea
1038 2168 1276 2239 legitime
1305 2176 1491 2224 utatur
1536 2169 1590 2236 ⁶;
1616 2188 1636 2222 ι
1674 2184 1849 2239 neque
1873 2178 2055 2226 tamen

477 2261 605 2329 quis
641 2271 891 2316 sanctum
937 2260 1115 2316 virum
1160 2263 1482 2317 criminatus
1515 2261 1682 2317 fuerit
1725 2261 1884 2333 quasi
1924 2278 2055 2317 con-

480 2345 649 2402 traria
687 2355 743 2402 et
777 2348 1076 2417 pugnantia
1121 2349 1355 2417 scribat;
1396 2350 1490 2406 sed
1535 2349 1717 2421 potius
1754 2351 2056 2406 admiratus

482 2435 663 2500 fuerit,
693 2436 859 2507 quod,
892 2446 950 2491 ut
975 2438 1206 2508 singulis
1231 2446 1658 2494 consentaneum
1686 2448 1824 2505 erat,
1846 2440 2056 2496 scribe-

486 2536 589 2592 ret,
618 2535 676 2579 nt
705 2524 931 2580 Romani
968 2535 1024 2581 et
1060 2526 1149 2580 alii
1180 2541 1245 2580 ex
1272 2526 1449 2581 littera
1487 2527 1793 2585 ediscerent
1833 2541 1954 2584 sese
1987 2526 2056 2583 ad

491 2617 751 2689 Spiritum
785 2627 1099 2674 convertere
1125 2633 1139 2683 ;
1178 2615 1386 2674 llebrzei
1418 2632 1548 2674 vero
1573 2629 1627 2674 et
1659 2617 1862 2674 Galatae
1888 2619 2055 2675 doce-

488 2720 695 2775 rentur,
743 2712 933 2766 nonin
973 2713 1164 2782 legem,
1197 2711 1290 2767 sed
1320 2711 1376 2765 in
1418 2709 1707 2764 Dominum
1747 2711 1841 2781 qui
1884 2710 2056 2781 legem

486 2803 653 2863 dedit.
682 2816 832 2872 spem
860 2803 1058 2858 habere
1080 2822 1094 2859 :
1119 2804 1190 2857 ita
1213 2818 1432 2872 quoque
1454 2803 1555 2858 etsi
1584 2803 1869 2858 ambarum
1894 2816 2057 2874 syno-

482 2893 677 2946 dorum
729 2891 920 2949 Patres
966 2894 1180 2949 diverse
1226 2895 1294 2949 de
1341 2893 1791 2950 consubstantiali
1828 2894 2060 2949 mentio-

487 2998 608 3036 nem
653 2981 898 3049 fecerint,
937 2985 1246 3039 nullatenus
1295 2992 1475 3039 tamen
1523 2986 1593 3039 ab
1641 2986 1749 3042 illis
1788 2984 2057 3041 dissidere

486 3072 769 3139 debemus,
790 3075 883 3128 sed
899 3074 1114 3128 illorum
1130 3076 1462 3144 perscrutari
1477 3075 1831 3143 sententiam,
1849 3082 1903 3130 et
1927 3084 2058 3132 tunc

486 3165 672 3221 ambas
693 3166 835 3221 inter
864 3182 923 3222 se
956 3166 1193 3236 synodos
1222 3167 1535 3221 consentire
1563 3166 2053 3236 deprehendemus.

471 3251 574 3318 Qui
596 3254 740 3307 enim
761 3255 1195 3311 Samosatensem
1216 3256 1539 3324 deposuere.
1565 3253 1753 3305 dixere
1778 3252 2055 3304 Christum

472 3356 581 3395 non
607 3357 729 3396 esse
759 3344 1324 3399 consubstantialem:
1363 3357 1540 3411 neque
1592 3340 1735 3394 enim
1771 3338 1940 3394 Filius
1981 3340 2055 3394 ita

469 3452 530 3490 se
565 3436 731 3492 habet
754 3448 1003 3508 respectu
1032 3437 1206 3491 Patris
1228 3436 1464 3505 qualiter
1497 3434 1584 3488 ille
1607 3433 1900 3504 cogitabat.
1940 3432 2045 3499 Qui

471 3538 657 3582 autem
714 3529 969 3584 Arianam
1011 3529 1244 3584 heresin
1296 3527 1642 3582 anathemate
1694 3526 2045 3592 damnarunt,

468 3635 591 3674 cum
638 3619 787 3676 Pauli
834 3621 1186 3677 calliditatem
1224 3618 1759 3684 animadvertissent,
1794 3625 1850 3674 et
1900 3618 2049 3689 cogi-

471 3722 648 3769 tarent
694 3728 805 3768 non
851 3713 922 3767 ita
954 3714 1021 3767 de
1068 3712 1426 3782 incorporeis,
1454 3720 1510 3766 et
1547 3709 1779 3765 maxime
1812 3709 1879 3763 de
1906 3709 2039 3773 Deo,

469 3806 1088 3862 consubstantialitatcm
1139 3805 1514 3876 accipiendam
1559 3818 1702 3867 esse,
1751 3816 2051 3872 agnoscen-

469 3907 658 3968 tesqne
724 3898 960 3953 Verbum
1018 3914 1126 3953 non
1178 3907 1506 3961 creaturam,
1564 3895 1660 3951 sed
1720 3895 1925 3965 prolem
1981 3907 2047 3947 ex

473 3992 772 4044 substantia
826 4005 987 4057 esse;
1045 3991 1175 4045 item
1237 3990 1417 4045 Patris
1480 3990 1865 4053 substantiam,
1922 3988 2048 4043 Filii

467 4082 818 4151 principium,
853 4083 1096 4138 radicem
1125 4092 1181 4137 et
1210 4082 1413 4137 fontem
1438 4099 1583 4147 esse,
1615 4098 1740 4137 cum
1772 4082 1901 4137 item
1944 4080 2048 4136 sibi

467 4170 718 4226 faverent
775 4172 1009 4243 Dionysii
1073 4171 1361 4241 exempla,
1415 4170 1583 4227 fontis
1642 4171 1853 4227 scilicet
1921 4185 2047 4237 vox,

465 4268 521 4313 et
560 4261 1039 4317 consubstantialis
1068 4262 1347 4328 defensio,
1400 4273 1454 4318 et
1481 4272 1607 4318 ante
1648 4264 1751 4320 ista
1790 4279 1890 4319 vox
1922 4263 2042 4320 Sal-

1689 390 2077 455 EUTIIYMII
2118 385 2482 450 ZlGABENI

2329 522 2500 593 Εἴπερ
2523 516 2616 575 οὖν
2643 520 2914 592 μέμφεταί
2949 536 3033 583 τις
3058 522 3167 584 τοῖς
3210 521 3264 574 ἐν
3292 521 3473 598 Nini;
3493 539 3633 589 συνελ-

2143 615 2347 679 θοῦσιν,
2375 614 2450 678 ὡς
2477 616 2720 685 εἰρηκόσι
2750 611 2899 684 παρὰ
2945 612 3015 665 τὰ
3042 612 3261 677 δόξαντα
3435 623 3528 684 τοῖς
3558 630 3635 696 πρὸ

2143 705 2345 769 αὐτῶν,
2373 705 2402 756 ό
2430 706 2590 768 αὐτὸς
2619 704 2881 775 μέμψαιτ’
2921 704 2988 757 ἂν
3016 704 3236 767 εἰκότως
3273 706 3360 759 καί⁴
3396 711 3491 772 τοῖς
3524 714 3635 767 res,

2148 799 2414 869 μήκοντα,
2443 798 2525 850 ὅτι
2561 798 2637 869 μὴ
2656 796 2726 849 τὰ
2760 795 2868 849 τῶν
2908 795 3012 867 πρὸ
3052 796 3227 849 αὐτῶν
3283 798 3536 865 ἐφύλαξαν·
3562 808 3639 879 πρὸ

2145 891 2326 943 αὐτῶν
2356 890 2414 943 δὲ
2442 886 2580 961 ἦσαν
2609 890 2659 942 οἰ
2688 888 2974 952 Διονύσιοι,
3024 889 3115 942 καὶ
3145 889 3193 941 οἰ
3232 890 3285 941 ἐν
3318 890 3483 964 Ῥώμῃ
3504 895 3551 948 τὸ
3570 915 3638 970 τη.

2145 982 2373 1038 νικαῦτα
2400 982 2740 1047 συνελθόντες
2799 982 3105 1035 ἐπίσκοποι.
3152 980 3284 1033 Ἀλλ’
3315 981 3427 1035 οὔτε
3454 985 3637 1053 τούτους,

2146 1074 2269 1128 οὔτε
2299 1074 2539 1137 ἐκείνους
2582 1075 2728 1127 ὅσιον
2767 1071 3129 1127 αἰτιάσασθαι·
3158 1073 3345 1136 πάντες
3389 1075 3483 1147 γὰρ
3522 1078 3641 1149 ἐπρέ.

2150 1164 2340 1217 σὸευον
2378 1164 2446 1217 τὰ
2479 1160 2737 1234 Χριστοῦ,
2768 1162 2862 1216 καὶ
2916 1161 3115 1224 πάντες
3169 1162 3388 1232 σπουδὴν
3438 1166 3642 1234 ἐσχήκασι

2150 1254 2291 1308 κατὰ
2327 1253 2435 1307 τῶν
2457 1253 2771 1325 αἱρετικῶν,
2812 1253 2906 1307 καὶ
2933 1253 2982 1305 οἰ
3013 1253 3109 1322 μὲν
3158 1251 3246 1304 τὸν
3289 1254 3581 1323 Σαμοσατέα,
3609 1260 3643 1311 οἱ

2149 1344 2206 1399 δὲ
2238 1344 2336 1416 τὴν
2383 1346 2664 1416 Ἀρειανὴν
2697 1344 2907 1415 αἵρεσιν
2927 1341 3270 1412 κατέκριναν.
3314 1342 3493 1412 Ὀρθῶς
3516 1344 3559 1397 δὲ
3578 1352 3644 1400 καί

2151 1429 2294 1490 οὗτοι
2347 1438 2609 1499 κάκεῖνοι,
2660 1436 2755 1489 καὶ
2803 1434 2982 1497 καλῶς
3027 1434 3162 1505 πρὸς
3215 1433 3306 1503 τὴν
3353 1435 3644 1507 ὑποκειμένην

2154 1528 2409 1582 ὑπόθεσιν
2435 1527 2766 1599 γεγράφασι.
2798 1526 2908 1580 Καὶ
2958 1525 3147 1596 ὥσπερ
3174 1526 3202 1577 ὁ
3250 1526 3493 1595 μακάριος
3528 1529 3644 1579 Ἀπό-

2083 1616 2125 1672 Β
2156 1619 2359 1684 στολος,
2411 1618 2699 1689 Ῥωμαίοις
2731 1618 2827 1688 μὲν
2856 1616 3181 1669 ἐπιστέλλων
3201 1654 3215 1677 ,
3249 1615 3438 1683 ἔλεγεν
3470 1636 3484 1666 ι
3519 1618 3564 1669 Ὀ
3589 1621 3645 1671 νό-

2156 1728 2256 1782 μος
2289 1710 2657 1780 πνευματικός
2706 1711 2821 1761 ἐστι
2853 1724 2867 1738 ·
2905 1726 2923 1759 ι
2958 1708 3074 1769 καὶ,
3137 1724 3156 1756 ι
3202 1706 3256 1759 '0
3307 1707 3452 1776 νόμος
3492 1707 3643 1775 ἆγιος,›

2153 1804 2268 1867 καὶ,
2301 1822 2319 1854 r
2364 1802 2430 1855 Ἦ
2454 1802 2642 1873 ἐντολὴ
2692 1800 2839 1869 ἁγία,
2876 1801 2971 1854 καὶ
2993 1799 3197 1863 δικαία,
3231 1800 3321 1851 καὶ
3356 1800 3553 1870 ἁγαθήί
3583 1805 3647 1855 καί

2157 1894 2276 1965 μετ’
2309 1893 2507 1962 ὀλίγον·
2562 1911 2583 1944 ι
2616 1893 2689 1946 Τὸ
2742 1891 2851 1962 γὰρ
2906 1890 3166 1945 ἀδύνατον
3217 1888 3308 1941 τοῦ
3364 1890 3525 1959 νόμου,
3560 1885 3648 1957 ἑνῷ

2153 1985 2425 2055 ἠσθένει-ι
2471 1984 2744 2056 Ἑϐραίοις
2788 1984 2844 2037 δέ
2886 1982 3145 2054 ἔγραφεν·
3178 1999 3196 2032 ι
3247 1981 3303 2034 '0
3333 1982 3476 2052 νόμος
3513 1982 3647 2035 οὐδένα

2152 2075 2522 2128 τετελείωκεί
2570 2073 2668 2127 καὶ
2715 2071 2982 2133 Γαλάταις
3015 2070 3136 2141 μὲν,
3196 2087 3215 2120 r
3265 2068 3349 2120 'Ev
3372 2068 3504 2137 νόμῳ
3524 2068 3648 2130 οὐδεὶς

2152 2164 2475 2219 δικαιοῦταιο
2504 2184 2522 2216 ι
2571 2162 2824 2235 Τιμοθέῳ
2880 2162 2956 2227 δέ,
2988 2162 3071 2215 ὅτι
3107 2179 3126 2211 r
3163 2158 3335 2222 Καλὸς
3356 2160 3383 2212 ὁ
3407 2159 3560 2227 νόμος,
3585 2160 3648 2210 ἐάν

2154 2274 2239 2320 τις
2263 2255 2415 2327 αὐτῷ
2462 2255 2710 2326 νομίμως
2745 2253 2962 2324 χρῆται·
2993 2271 3011 2303 ι
3050 2252 3145 2306 καί
3181 2251 3281 2303 οὐκ
3334 2249 3393 2303 ἄν
3420 2266 3492 2312 τις
3523 2249 3648 2301 αἰτιά-

2156 2364 2310 2402 σαιτο
2335 2346 2425 2400 τὸν
2445 2344 2600 2415 ἅγιον
2792 2345 2868 2408 ὼς
2898 2342 3122 2397 ἐναντία
3163 2342 3255 2395 καί⁸
3278 2340 3526 2411 μαχόμενα
3550 2341 3648 2411 γρά-

2156 2439 2495 2511 φοντα,ἁλλὲ
2522 2438 2618 2493 καὶ
2649 2436 2849 2509 μᾶλλον
2874 2435 3206 2506 θαυμάσειεν
3226 2430 3535 2505 ἁρμοζόντως
3556 2432 3648 2501 πρὸς

2156 2534 2421 2596 ἑκάστους
2444 2530 2847 2594 ἐπιστέλλοντα,
2893 2529 2980 2583 ἴνα
3034 2529 3085 2581 οἰ
3120 2527 3217 2598 μὲν
3248 2526 3486 2595 Ῥωμαῖοι
3525 2524 3648 2577 καὶοί

2156 2628 2306 2682 ἄλλοι
2334 2624 2576 2699 μάθωσιν
2604 2622 2713 2678 ἀπὸ
2761 2621 2857 2677 τοῦ
2910 2621 3237 2695 γράμματος
3278 2616 3577 2690 ἐπιστρέφειν
3595 2619 3648 2680 εἰς

2155 2720 2217 2774 τὺ
2238 2718 2481 2790 Πνεῦμαο
2513 2719 2563 2771 οἰ
2593 2717 2652 2770 δὲ
2694 2714 2939 2786 Ἑϐραῖοι
2965 2716 3060 2768 καὶ
3116 2712 3347 2768 Γαλάται
3378 2710 3648 2771 παιδευθῶσι,

2160 2810 2236 2883 μὴ
2269 2813 2347 2874 είς
2372 2809 2466 2864 τὸν
2500 2808 2686 2881 νόμον,
2715 2807 2830 2863 ἀλλ’
2866 2808 2947 2870 εἰς
2976 2806 3069 2861 τὸν
3100 2806 3299 2876 Κύριον
3329 2802 3415 2856 τὸν
3452 2801 3648 2855 δεδωκότα

2156 2904 2248 2956 τὸν
2277 2903 2440 2974 νόμον
2494 2901 2639 2973 ἔχειν
2670 2899 2767 2965 τάς
2808 2898 3027 2962 ἐλπίδας
3059 2916 3073 2929 ·
3112 2897 3282 2959 οὕτως
3328 2897 3373 2948 εἰ
3405 2892 3651 2964 ἀμφοτέρων

2155 2997 2261 3052 τῶν
2291 2996 2524 3050 συνόδων
2545 2996 2595 3047 οἰ
2624 2993 2864 3065 Πατὲρες
2881 2992 3157 3061 διαφόρως
3184 2986 3548 3059 ἐμνημόνευσαν
3567 2984 3649 3053 περἰ

2155 3088 2249 3142 τοῦ
2276 3087 2582 3159 ὀμοουσίου,
2600 3087 2661 3140 οὐ
2689 3085 2795 3157 χρὴ
2820 3084 3035 3145 πάντως
3054 3083 3205 3153 ἡμᾶς
3226 3077 3536 3150 διαφέρεσθαι
3559 3075 3651 3144 trgi;

2156 3177 2369 3239 αὐτοὺς,
2410 3175 2546 3229 ἀλλὰ
2576 3173 2675 3245 τὴν
2694 3174 2932 3227 διάνοιαν
2958 3171 3142 3224 αὐτῶν
3166 3170 3405 3239 ἐρευνᾷν,
3436 3167 3515 3219 καί
3559 3164 3650 3216 πάνυ

2164 3269 2270 3313 τως
2292 3252 2601 3323 εὑρήσομεν
2618 3253 2943 3323 ἀμφοτέρων
2965 3253 3077 3307 τῶν
3102 3255 3337 3309 συνόδων
3356 3256 3446 3325 τὴν
3469 3256 3657 3324 ὁμόνοιαν

2162 3345 2225 3398 Οί
2258 3345 2357 3415 μὶν
2387 3346 2495 3414 γάρ
2541 3346 2631 3399 τδν
2663 3346 2989 3417 Σαμοσατέα
3018 3347 3339 3411 καθελόντες
3374 3348 3582 3417 εἰρήκασι
3606 3348 3657 3415 μὴ

2156 3432 2295 3489 εἶναι
2323 3437 2412 3490 τὸν
2454 3437 2689 3507 Χριστὸν
2715 3437 3002 3507 όμοούσιον
3022 3454 3035 3469 °
3066 3440 3172 3492 οὐκ
3203 3439 3317 3493 ἔστι
3350 3441 3445 3511 γὰρ
3485 3439 3655 3500 οὕτωςό

2155 3530 2283 3593 Υἰδς
2311 3530 2448 3601 πρὸς
2485 3532 2577 3584 τὸν
2612 3530 2855 3601 Πατέρα,
2888 3531 2964 3594 ὡς
3010 3531 3221 3593 ἐκεῖνος
3261 3531 3421 3584 ἐνόει’
3450 3531 3493 3582 οἰ
3524 3528 3654 3597 δὲτὴν

2166 3621 2452 3693 Ἀρειανὴν
2505 3622 2718 3693 αἵρεσιν
2762 3622 3291 3691 άναθεματίσαντες,
3359 3622 3655 3690 θεωρήσαντες

2154 3713 2255 3783 τὴν
2307 3712 2649 3784 πανουργίαν
2689 3712 2785 3766 τοῦ
2829 3713 3064 3777 Παύλου,
3113 3714 3213 3766 καὶ
3262 3713 3566 3781 λογισάμενοι
3604 3708 3655 3777 μὴ

2156 3802 2329 3865 οὕτως
2373 3804 2464 3856 καὶ
2521 3804 2615 3855 ἐπὶ
2663 3803 2771 3855 τῶν
2823 3805 3156 3873 ἀσωμάτων,
3212 3806 3301 3859 καί
3353 3804 3553 3872 μάλιστα
3592 3800 3654 3852 ἐπὶ

2150 3892 2287 3947 Θεοῦ
2312 3897 2374 3947 τδ
2414 3894 2469 3961 6,.
2488 3895 2698 3948 οούσιον
2745 3896 3129 3965 σημαίνεσθαι,
3165 3896 3502 3965 γινώσκοντὲς
3531 3910 3577 3947 τε
3600 3891 3652 3961 μὴ

2151 3986 2376 4056 κτίσμα,
2417 3986 2531 4039 ἀλλ’
2566 3990 2629 4039 ἐκ
2667 3985 2767 4054 τῆς
2804 3987 2993 4050 οὐσίας
3040 3990 3291 4058 γέννημα
3333 3983 3458 4041 εἶναι
3485 3988 3557 4038 τὸν
3578 3985 3651 4038 Λό-

2151 4096 2269 4148 γον,
2292 4080 2388 4134 utat
2412 4081 2508 4151 τὴν
2526 4081 2714 4135 οὐσίαν
2740 4081 2833 4134 τοῦ
2858 4082 3067 4153 [ἰατρὸς
3085 4082 3283 4152 ἀρχὴν,
3310 4082 3397 4134 καὶ
3419 4078 3566 4149 ῥίζαν,
3586 4076 3649 4128 καὶ

2150 4171 2334 4241 πηγὴν
2365 4165 2506 4225 εἶναι
2548 4170 2644 4224 τοῦ
2690 4172 2843 4233 Υίοῦ,
2873 4172 3088 4241 ἔχοντες
3140 4172 3196 4224 δέ
3232 4174 3321 4224 καὶ
3358 4173 3422 4222 τὰ
3449 4169 3539 4221 τῶν
3563 4165 3653 4234 περὶ

2152 4256 2426 4311 Διονύσιον
2450 4259 2884 4331 παραδείγματα,
2906 4261 3004 4333 τὴν
3028 4263 3211 4334 πηγὴν
3239 4265 3329 4316 καὶ
3359 4262 3445 4333 τὴν
3464 4262 3568 4331 περί
3589 4255 3652 4309 τοῦ

2081 2951 2124 3008 C

467 4350 673 4403 vatoris
728 4349 887 4404 index
938 4351 1195 4415 unitatis,
1241 4370 1261 4403 ι
1298 4350 1411 4423 Ego
1455 4361 1505 4406 et
1550 4351 1710 4407 Pater
1742 4369 1909 4408 unum
1943 4370 2037 4409 ευ*

2154 4348 2440 4420 όμοουσίου
2460 4330 2776 4418 ἀπολογίαν,
2828 4352 2934 4422 πρὸ
2961 4330 3019 4406 δέ
3063 4330 3271 4407 τούτων
3301 4330 3499 4425 τὴνντοῦ

466 4456 590 4495 mus
628 4441 646 4470 ⁷
668 4480 682 4505 ,
712 4459 730 4491 ι
765 4449 847 4507 et,
879 4460 897 4491 ι
923 4440 1024 4507 Qui
1054 4443 1188 4495 vidit
1213 4458 1297 4499 me
1333 4444 1538 4499 viditet
1563 4442 1778 4498 Patrem
1815 4444 1865 4498 ἐ
1893 4462 1914 4496 ›
1955 4460 2040 4510 ea,

440 4529 714 4615 linquant,
766 4533 831 4585 de
880 4533 1215 4602 causa,jure
1239 4544 1293 4588 et
1332 4535 1433 4604 ipsi
1456 4533 1653 4588 Filium
1677 4536 2041 4589 consubstan-

436 4620 647 4675 t'tialem
677 4620 952 4677 dixerunt.
984 4621 1050 4676 Et
1081 4624 1244 4684 sicut.
1271 4635 1330 4677 ut
1356 4640 1517 4693 supra
1543 4625 1677 4689 dixi,
1713 4640 1873 4678 nemo
1896 4625 2041 4692 Apov

466 4712 664 4766 stolum
698 4714 998 4782 culpaverit
1024 4716 1169 4783 quod
1206 4714 1273 4769 de
1297 4716 1411 4787 lege
1438 4714 1699 4769 Romanis
1730 4715 1833 4770 hoc
1857 4716 2039 4781 modo,

465 4802 706 4860 Hebraeis
737 4805 844 4859 alio
870 4806 1172 4876 scripserit,
1204 4807 1285 4861 sic
1321 4822 1419 4860 nec
1461 4807 1745 4875 praesentis
1781 4806 2041 4875 temporis

466 4898 712 4952 homines
760 4897 970 4966 priscos
1023 4897 1116 4952 illo
1161 4897 1429 4952 criminati
1476 4897 1698 4961 fuerint,
1741 4897 1785 4951 si
1845 4911 2037 4952 eorum

464 4987 811 5057 cons‘dcrent
845 4988 1376 5059 interpretationem;
1404 5003 1578 5058 neque
1596 4988 1759 5056 prisci
1792 4996 2040 5057 posteros

463 5079 913 5151 reprehenderint
934 5082 979 5134 si
1003 5080 1286 5135 advertant
1307 5094 1412 5150 qua
1444 5081 1708 5134 sententia
1730 5087 1912 5148 etquo
1936 5094 2037 5132 usu

464 5156 541 5243 ita.
565 5172 631 5226 de
668 5171 895 5226 Domino
922 5173 1282 5242 scripserunt.
1313 5170 1523 5226 Etenim
1545 5182 1777 5238 utraque
1796 5170 2039 5240 synodus

462 5281 527 5318 ex
571 5264 810 5332 legitima
852 5279 1018 5319 causa
1061 5264 1165 5319 hoc
1209 5262 1371 5319 modo
1419 5263 1545 5328 alia,
1573 5263 1683 5319 alio
1727 5261 1831 5316 alia
1859 5263 2037 5315 locuta

459 5364 561 5409 est.
612 5355 749 5408 Cum
798 5355 944 5407 enim
992 5352 1399 5408 Sanrosatensis
1442 5351 1638 5406 Filium
1673 5352 1900 5407 sentiret
1928 5366 2037 5404 non

459 5461 580 5500 esse
606 5453 732 5499 ante
765 5443 1011 5509 Mariam,
1043 5447 1135 5499 sed
1167 5448 1237 5499 ab
1262 5444 1350 5499 illa
1382 5444 1594 5499 initium
1618 5444 1911 5499 exsistendi
1943 5458 2036 5496 ac-

460 5536 690 5607 cepisse,
728 5537 931 5592 idcirco
960 5536 1201 5606 episcopi
1243 5546 1373 5590 tunc
1399 5538 1709 5607 congregati
1754 5536 1904 5589 illum
1945 5535 2038 5589 dc-
2086 5562 2089 5567 ~

543 5729 751 5784 'Rom.
800 5742 894 5789 vtt,
952 5727 1038 5781 Η.
1135 5728 1155 5757 ¹
1192 5725 1321 5781 ibid.
1383 5727 1465 5781 l9.

1569 5728 1589 5759 ³
1630 5728 1789 5783 Rern.
1820 5743 1938 5795 \‘lll,
1963 5727 2016 5783 3.

465 5800 484 5834 ⁷
521 5800 677 5872 Jnan.
714 5816 768 5865 χ,
798 5797 889 5856 50.
966 5799 987 5830 ⁸
1015 5795 1170 5854 Joan.
1201 5814 1309 5863 χιιι,
1340 5796 1389 5851 9.

2155 4456 2248 4511 ρος
2274 4440 2479 4509 ἐνοειδῆ
2514 4442 2719 4513 φωνήνο
2746 4460 2765 4495 ι
2807 4443 2947 4512 Ἐγὼ
2971 4446 3065 4498 κα⁸ι
3124 4449 3154 4499 ό
3187 4446 3369 4517 Πατὴρ
3406 4445 3457 4497 ἓν
3487 4444 3650 4513 ἐσμεν»

2153 4530 2268 4594 καὶ,
2298 4548 2316 4581 ι
2352 4531 2409 4584 '0
2434 4531 2693 4602 ἑωρακὼς
2719 4533 2819 4604 ἐμὲ
2849 4534 3059 4606 ἑώρακε
3094 4537 3186 4591 τὸν
3214 4538 3439 4609 Πατέραο
3474 4554 3491 4586 ι
3518 4531 3655 4586 τούτου

2152 4623 2335 4675 ἕνεκεν
2386 4623 2611 4685 εἰκότως
2666 4625 2919 4695 εἰρήκασι
2972 4627 3065 4679 καὶ
3117 4628 3272 4681 αὐτοὶ
3310 4625 3558 4697 όμοοὺσιον
3593 4620 3655 4671 τὸν

2155 4714 2298 4766 Υίόν.
2335 4715 2444 4767 Καὶ
2461 4713 2671 4785 ὥσπερ,
2718 4715 2861 4769 καθὰ
2887 4720 3168 4789 προεῖπον,
3205 4720 3303 4772 οὐκ
3346 4719 3406 4772 ἄν
3436 4733 3507 4779 τις
3530 4711 3656 4767 αἰτιά-

2153 4821 2304 4859 σαιτο
2324 4805 2415 4858 τὸν
2458 4805 2798 4870 Ἀπόστολον,
2834 4809 2882 4861 εἰ
2928 4810 3055 4882 περί
3090 4810 3184 4863 τοῦ
3218 4811 3378 4880 νόμου
3430 4803 3655 4874 Ῥωμαίοις

2153 4896 2250 4967 μὲν
2277 4896 2470 4963 οὕτως,
2506 4897 2775 4968 Ἐδραίοις
2830 4900 2888 4954 δὲ
2937 4899 3111 4964 οὕτως
3156 4901 3380 4973 ἔγραψε
3439 4898 3515 4951 τὸν
3539 4891 3654 4948 αὐτὸν

2150 4990 2346 5061 τρόπον
2371 4988 2492 5044 οὔτε
2523 4993 2571 5044 οἰ
2602 4991 2698 5045 νῦν
2725 4994 2838 5056 τοῖς
2882 4993 3170 5065 προτέροις
3213 4992 3551 5063 ἐγκαλέσαιεν,
3572 4982 3656 5055 βλέ-

2150 5101 2338 5147 ποντες
2366 5083 2545 5137 αὐτῶν
2571 5083 2668 5155 τὴν
2717 5085 3028 5156 ἑρμηνείαν·
3054 5084 3177 5139 οὕτε
3210 5088 3259 5139 οἰ
3305 5083 3533 5155 πρότεροι
3566 5076 3655 5135 τοὺς

2154 5177 2274 5246 μετ’
2302 5176 2498 5239 αὐτοὺς
2550 5174 2843 5247 μέμψαιντ’
2868 5175 2955 5241 ἂν,
3006 5177 3240 5248 δρῶντες
3287 5176 3380 5246 τὴν
3427 5166 3655 5243 ἑρμηνείαν

2146 5266 2346 5331 αὐτῶν,
2378 5268 2470 5322 καὶ
2505 5268 2602 5339 τὴν
2653 5268 2841 5339 χρείαν
2875 5268 2942 5322 δι’
2980 5269 3047 5341 ἣν
3092 5270 3264 5333 οὕτως
3313 5265 3530 5337 ἔγραψαν
3566 5255 3656 5326 τπρὶ

2148 5360 2241 5413 τοῦ
2270 5361 2497 5432 Κυρίου.
2528 5361 2638 5415 Καὶ
2686 5360 2798 5433 γὰρ
2829 5360 2924 5415 καί
2960 5363 3059 5433 τὴν
3114 5363 3294 5416 αἰτίαν
3347 5358 3529 5423 ἑκάστη
3564 5349 3653 5403 σύν-

2147 5450 2264 5515 οδος
2284 5451 2395 5520 (Η)
2433 5451 2651 5521 εὔλογον
2678 5452 2811 5522 ἔχει,
2844 5453 2910 5505 δι’
2944 5454 3010 5525 ἢν
3041 5456 3090 5506 οἰ
3118 5454 3214 5523 μὲν
3247 5452 3429 5513 οὕτως,
3465 5447 3508 5499 οἱ
3528 5443 3572 5496 δὲ
3594 5437 3656 5491 οὒ-

2146 5562 2253 5606 τως
2283 5544 2583 5614 εἰρήκασιν.
2624 5543 2843 5616 Ἐπειδὴ
2900 5544 3009 5615 γὰρ
3052 5546 3080 5596 ό
3130 5541 3462 5613 Σαμοσατεὺς
3493 5531 3655 5603 ἐφρόνει

3296 5722 3359 5780 ⁸1
3400 5720 3523 5775 Tim.
3562 5730 3589 5777 I.
3611 5710 3646 5763 3-

2124 5725 2145 5759 ⁸
2176 5724 2341 5781 Hebr.
2389 5740 2486 5792 vn,
2552 5724 2639 5780 l9.
2741 5728 2761 5759 '
2801 5726 2974 5783 Galat.
3027 5745 3113 5796 lli,
3151 5727 3199 5781 l.
