3860 6562
172 425 284 490 4ῖῖ

1141 431 1524 494 PANOPLIA
1572 431 2041 499 DOGMATICA.
2071 459 2143 472 -·
2172 431 2323 498 Tl'l'.
2364 433 2473 496 XI.

3326 432 3431 495 478

170 547 253 618 μή
283 541 425 600 εἶναι
457 545 563 618 πρὸ
612 545 833 618 Μαρίας
865 546 958 602 τὸν
983 546 1132 616 Υίδν,
1166 547 1281 605 ἀλλ’
1323 547 1419 604 ἀπ’
1447 549 1616 620 αὐτῆς
1646 550 1748 621 ἀρ-

1857 561 2179 621 posuerunt.
2221 560 2278 606 et
2315 549 2633 607 haereticum
2669 549 3047 606 declararunt:
3077 549 3145 607 dc
3177 548 3300 606 Filii
3326 567 3428 606 au—

165 640 273 708 χὴν
324 637 615 707 ἐσχηκέναι
675 637 770 691 τοῦ
829 635 987 702 εἶναι,
1036 637 1232 691 τούτου
1282 638 1472 693 ἕνεκεν
1529 640 1577 692 ot
1627 639 1749 692 τότε

161 729 550 795 σδνελθόντετ,
605 729 854 784 καθεῖλον
920 731 1019 800 μὲν
1087 731 1250 784 αὑτὸν
1307 731 1401 784 καὶ
1470 731 1750 800 αἱρετικὸν

158 823 498 892 ἀπέφηναν·
552 823 680 892 περὶ
708 821 766 875 δὲ
803 821 904 892 τῆς
931 822 1024 875 τοῦ
1067 822 1200 876 Υίοῦ
1252 823 1504 894 θεότητος
1543 825 1748 878 ἀπλού-

158 930 364 983 στερον
391 912 719 982 γράφοντες,
746 914 807 965 ού
837 915 1195 982 κατεγένοντο
1227 918 1356 987 περὶ
1378 918 1478 986 τὴν
1500 918 1594 970 τοῦ
1621 919 1750 985 όμο-

153 1005 352 1058 ουσίου
403 1004 716 1076 ἀκρίϐειαν.
746 1005 858 1077 Τὴν
908 1007 1168 1077 φροντίδα
1219 1007 1324 1079 γὰρ
1373 1003 1519 1080 εἶχον
1549 1010 1754 1072 πᾶσαν,

147 1094 298 1164 ἔπερ
325 1095 620 1166 ἐπενόησεν
664 1096 694 1147 ό
755 1095 1126 1166 Σαμοσατεὺς,
1161 1095 1391 1160 ἀνελεῖν,
1452 1097 1548 1150 καὶ
1579 1097 1750 1165 δεῖξαι

146 1181 265 1253 πρὸ
302 1183 523 1238 πάντων
556 1179 696 1239 εῖναι
716 1186 808 1240 τὸν
826 1187 974 1253 Υίὸν,
1001 1187 1093 1241 καὶ
1125 1188 1208 1241 ότι
1231 1189 1332 1243 ούκ
1361 1187 1419 1256 ἐξ
1447 1187 1749 1262 ἀνθρώπων

143 1271 355 1341 γέγονε
395 1272 548 1338 Θεὸς,
589 1273 744 1340 ἀλλὰ,
775 1275 909 1340 Θεὸς
933 1275 1030 1342 ὢν,
1072 1277 1360 1332 ἐνεδύσατο
1398 1277 1586 1333 δούλου
1618 1297 1750 1352 μορ-

143 1367 287 1434 φὴν,
321 1361 418 1414 καὶ
440 1362 612 1432 Λόγος
639 1364 733 1430 ὢν,
757 1365 947 1433 γέγονε
993 1363 1151 1438 σὰρξ,
1205 1366 1282 1430 ὡς
1328 1365 1479 1422 εἶπεν
1506 1369 1535 1422 ό
1568 1369 1750 1422 Ἰωάν-

143 1470 276 1523 νης-
311 1453 408 1507 καὶ
428 1453 570 1508 οῦτω
593 1454 692 1524 μὲν
725 1455 865 1508 κατά
900 1457 998 1527 τῆς
1159 1457 1510 1530 βλασφημίας
1537 1459 1747 1514 Παύλου

143 1546 497 1618 πέπρακται.
544 1549 760 1620 Ἐπειδὴ
809 1549 866 1602 δὲ
914 1551 1010 1604 καὶ
1065 1552 1115 1604 οί
1173 1554 1302 1624 περὶ
1361 1552 1617 1607 Εὐσέϐιον
1653 1555 1748 1608 καὶ

147 1635 385 1708 ’Δρειον
409 1639 514 1712 πρὸ
557 1640 766 1711 χρόνων
792 1641 892 1711 μὲν
943 1638 1084 1695 εἶναι
1128 1644 1220 1697 τὸν
1250 1643 1380 1697 Υίὺν
1414 1644 1622 1713 ελεγον,
1653 1663 1750 1700 πε-

141 1721 421 1791 ποιῆσθαι
453 1723 656 1795 μέντοι,
690 1725 782 1778 καὶ
806 1725 904 1779 ἕνα
938 1727 1047 1780 τῶν
1088 1727 1404 1798 κτισμάτων
1441 1729 1602 1784 αὑτὸν
1639 1730 1749 1785 ἐδί-

141 1813 380 1876 δασκον,
413 1814 511 1868 καλ⁸
532 1814 614 1879 τὸ,
641 1817 706 1869 ὲκ
728 1816 821 1870 τοῦ
847 1815 1005 1882 Θεοῦ,
1051 1819 1149 1888 οὐχ
1179 1818 1256 1883 ὡς
1289 1818 1418 1873 Υῑδν
1439 1820 1503 1874 ἐκ
1532 1821 1749 1894 Πατρδς

142 1906 404 1975 γνήσιον,
438 1905 742 1960 ὶπίστευον·
771 1906 886 1961 ἀλλ’
911 1909 988 1972 ὡς
1017 1909 1088 1963 τὰ
1137 1910 1434 1982 κτίσματα⁹
1464 1911 1564 1965 οὔτ
1609 1910 1752 1966 οὕτω
1776 1949 1818 2005 Β

142 1995 249 2049 καὶ
291 1997 381 2050 ἐπ’
417 1996 581 2051 αὐτοῦ
609 1998 670 2050 τὸ
717 1999 783 2051 ὲκ
830 1999 925 2053 τοῦ
978 2000 1113 2054 Θεοῦ
1143 1997 1283 2054 εἶναι
1326 2001 1746 2059 διεϐεϐαιοῦντοο

140 2087 253 2157 τήν
285 2103 348 2140 τε
403 2087 502 2158 τῆς
542 2087 855 2158 ὁμοιώσεως
889 2089 1116 2161 ἑνότητα
1165 2090 1259 2145 τοῦ
1304 2091 1434 2146 Υίοῦ
1610 2094 1748 2168 πρὸς

141 2176 245 2229 τὸν
272 2177 500 2248 Πατέρα
533 2179 632 2254 οεὺκ
670 2178 855 2249 ἔλεγον
887 2178 1031 2234 κατά
1068 2181 1166 2253 τὴν
1193 2182 1400 2248 οὐσίαν,
1444 2184 1563 2239 οὐδὲ
1605 2186 1746 2241 κατά

142 2267 254 2338 τὴν
298 2267 483 2337 ιρύσιν,
511 2269 584 2332 ὡς
611 2268 756 2322 ἔστιν
782 2271 896 2334 υἱὸς
927 2270 1109 2342 ὅμοιος
1132 2272 1328 2344 Πατρὶ,
1373 2272 1507 2327 ἀλλά
1529 2273 1616 2328 διὰ
1647 2275 1746 2348 τὴν

148 2359 486 2428 συμφωνίαν
517 2359 624 2413 τῶν
647 2361 932 2432 δογμάτων
967 2361 1182 2431 καὶτῆς
1205 2362 1573 2428 διδασκαλίας
1610 2365 1746 2419 ἀλλὰ

145 2450 266 2521 γάρ
293 2451 390 2504 καὶ
417 2451 792 2522 ἀπεσχοίνιζον
823 2453 917 2506 καὶ
951 2452 1308 2518 ἀπεξενοῦντο
1466 2454 1745 2519 ⁸ναιντελῶς

144 2543 254 2614 τὴν
280 2542 475 2595 ούσίαν
496 2541 589 2595 τοῦ
626 2542 752 2598 Υίοῦ
773 2545 880 2598 ἀπὸ
905 2546 998 2600 τοῦ
1030 2548 1242 2619 Πατρὸς
1260 2586 1275 2609 ,
1326 2547 1520 2619 ἑτέραν
1571 2547 1745 2618 ἀρχὴν

144 2631 311 2702 αὐτῷ
339 2629 437 2685 τοῦ
468 2627 606 2686 εἶναι
651 2632 920 2706 παρά·τὺν
985 2636 1199 2707 πατέρα
1369 2633 1704 2700 ἐπινοοῦντες
1724 2673 1741 2700 ,

147 2722 250 2775 καὶ
283 2723 370 2785 είς
392 2723 463 2776 τὰ
485 2722 757 2794 κτίσματα
784 2726 1182 2798 καταφέροντες
1209 2725 1394 2780 αὐτόν⁹
1420 2723 1613 2780 τούτου
1644 2725 1746 2797 χά-

150 2831 244 2884 ριν
263 2814 318 2867 οί
347 2817 410 2868 ὲν
433 2814 482 2867 Ν
489 2815 638 2886 ικαίᾳ
673 2815 1038 2882 συνελθόντες,
1063 2817 1439 2890 θεωρήσαντες
1467 2818 1566 2890 τὴν
1602 2836 1742 2873 παν-

146 2903 392 2974 ουργίαν
445 2903 556 2958 τῶν
585 2902 730 2958 οὕτω
783 2903 1147 2976 φρονούντων,
1190 2907 1284 2959 καὶ⁵
1500 2921 1743 2975 συναγα-

149 2994 350 3062 γόντες
386 2995 453 3047 ὲκ
479 2993 588 3048 τῶν
609 2994 839 3066 Γραφῶν
863 2994 962 3067 τὴν
982 2995 1239 3060 διάνοιαν,
1259 2996 1578 3069 λευκότερον
1605 2999 1744 3070 γρά-

150 3102 377 3154 φοντες,
402 3087 654 3156 εἰρήκασι
697 3087 759 3140 τὸ
813 3088 1115 3158 όμοούσιονο
1151 3089 1239 3143 ἵνα
1297 3089 1392 3142 καλ⁸
1421 3087 1483 3142 τδ
1522 3089 1742 3160 γνήσιον

149 3175 382 3247 ἀληθῶς
405 3177 470 3230 ὲκ
491 3177 680 3230 τούτου
708 3178 924 3251 γνωσθῇ
947 3176 1042 3232 τοῦ
1068 3178 1218 3243 Υίοῦ,
1247 3179 1341 3233 καὶ
1373 3178 1537 3251 μηδὲν
1566 3177 1744 3234 κοινὸν

149 3267 258 3339 ῐχῃ
289 3266 434 3339 πρδς
459 3265 643 3321 τοῦτον
663 3268 732 3322 τά
755 3270 980 3340 γενητά.
1163 3270 1227 3324 Ἢ
1272 3270 1380 3342 γὰρ
1409 3271 1507 3342 τῆς
1545 3269 1744 3334 λέξεως

149 3357 372 3429 ταύτης
393 3358 642 3430 ἀκρίϐεια
663 3361 764 3432 τήν
793 3377 855 3415 τε
880 3362 1168 3434 ὑπόκρισιν
1190 3362 1387 3426 αὐτῶν,
1415 3362 1523 3416 ἐὰν
1539 3361 1741 3430 λέγωσι

145 3463 236 3528 τδ,
269 3465 340 3516 ὲκ
368 3462 465 3516 τοῦ
488 3461 645 3527 Θεοῦ,
673 3463 859 3534 ρητδν,
891 3462 1176 3534 διελέγχει,
1225 3464 1321 3518 καὶ
1354 3464 1535 3528 πάσας
1565 3462 1744 3518 αὐτῶν

146 3559 256 3620 τὰς
279 3553 668 3625 πιθανότητας,
692 3554 750 3606 ὲν
766 3549 854 3616 αἷς
879 3553 1266 3624 ύφαρπάζουσι
1284 3557 1412 3618 τοῦς
1431 3555 1745 3625 ἀκεραίους,

149 3646 442 3704 ἐκϐάλλει.
475 3646 656 3700 Πάντα
689 3645 822 3714 γοῦν
854 3643 1143 3715 δυνάμενοι
1172 3645 1492 3714 σοφίζεσθαι
1524 3646 1619 3700 καὶ
1651 3663 1746 3716 με·

149 3741 432 3806 ταποιεῐν,
459 3737 535 3802 ὡς
574 3738 808 3803 θέλουσι,
855 3737 1074 3806 ταύτην,
1115 3737 1285 3807 μόνην
1331 3737 1430 3806 τὴν
1473 3736 1638 3804 λέξιν,
1671 3737 1747 3803 ὡς

1858 655 1964 699 tem
1999 645 2283 700 divinitate
2312 661 2434 700 cum
2465 645 2767 727 simplicius
2808 645 3127 711 scriberent,
3166 644 3234 699 ad
3266 660 3428 699 accu-

1857 746 2024 790 rat-tm
2057 737 2536 792 consubstantialis
2565 736 3065 806 interpretatioaetn
3120 751 3226 789 non
3262 737 3430 792 devc-

1854 837 2076 880 nerunt.
2108 826 2242 882 Tota
2273 828 2420 883 enim
2473 843 2662 883 eorum
2707 844 2835 884 cura
2871 830 2924 882 in
2963 844 3029 884 eo
3077 827 3248 899 posita
3285 838 3423 893 erat,

1854 927 1913 971 nt
1933 921 2076 988 quod
2103 919 2142 974 S
2160 924 2504 976 imosatensis
2527 933 2869 976 commentus
2895 922 3070 977 fuerat
3092 931 3422 984 everterent,

1851 1019 1908 1064 et
1935 1020 2063 1065 ante
2089 1013 2268 1068 omnia
2296 1011 2496 1069 Filium
2521 1029 2641 1068 esse
2669 1014 3033 1076 declararent.
3064 1029 3298 1084 eumque
3329 1027 3426 1067 ne-

1847 1114 2123 1170 quaquam
2169 1115 2234 1154 ex
2284 1100 2501 1154 homine
2547 1099 2714 1154 Deum
2750 1099 2950 1155 factum
2986 1116 3126 1167 esse,
3153 1103 3245 1156 sed
3281 1100 3424 1158 Deus

1847 1209 1972 1248 cum
2006 1200 2172 1254 esset,
2204 1189 2437 1246 formant
2463 1191 2606 1246 servi
2645 1191 2889 1246 induisse
2910 1233 2925 1258 ,
2957 1200 3154 1246 etcum
3185 1192 3418 1248 Verbum

1846 1293 2010 1351 esset,
2042 1282 2244 1339 factum
2275 1298 2516 1349 carnem,
2545 1291 2605 1338 ut
2625 1283 2700 1338 ait
2730 1281 2994 1347 Joannes,
3029 1293 3191 1353 atque
3217 1285 3288 1338 ita
3324 1286 3422 1338 al-

1850 1391 2040 1431 versus
2075 1374 2230 1431 Pauli
2273 1375 2662 1444 Llasphcmiam
2716 1384 2896 1428 actum
2929 1385 3033 1430 est.
3059 1376 3195 1428 (lum
3242 1387 3422 1429 autem

1849 1465 2140 1522 Eusebiani
2186 1476 2240 1522 et
2268 1467 2477 1532 Ariani,
2503 1476 2628 1522 ante
2681 1475 2925 1536 tempora
2965 1467 3184 1536 quidem
3227 1465 3422 1522 Filium

1849 1558 2020 1615 fuisse
2059 1559 2321 1626 dicerent,
2365 1559 2569 1616 factum
2616 1569 2796 1616 tamen
2845 1558 3035 1625 iui~se,
3079 1577 3143 1616 ac
3191 1577 3352 1615 unam
3392 1577 3424 1615 e

1847 1651 2116 1707 creaturis
2158 1668 2282 1708 cum
2315 1668 2437 1709 esse
2467 1653 2746 1718 docerent,
2787 1661 2844 1707 et
2877 1653 3028 1719 illud,
3057 1669 3123 1708 cx
3157 1653 3287 1718 Deo,
3313 1669 3419 1707 non

1846 1735 2040 1793 Filium
2064 1755 2129 1794 ex
2155 1738 2316 1795 Patre
2343 1741 2637 1812 genuinum
2665 1755 2788 1796 esse
2808 1741 3130 1811 crederent;
3158 1743 3251 1798 sed
3279 1753 3423 1798 stent

1847 1838 2147 1894 creaturas,
2171 1830 2242 1885 ita
2259 1845 2385 1886 eum
2409 1830 2742 1887 aﬂirmarent
2757 1849 2822 1886 ea
2840 1831 2949 1888 Deo
2974 1849 3096 1890 esse
3115 1853 3130 1890 :
3155 1837 3418 1890 unitatem

1847 1929 2027 1974 autem
2047 1921 2422 1978 similitudinis
2440 1922 2560 1978 Filii
2582 1940 2706 1979 cum
2728 1923 2888 1981 Patre
2903 1925 3148 1980 dicerent
3167 1941 3276 1980 non
3300 1941 3421 1982 esse

1847 2010 2145 2065 secundum
2368 2011 2756 2081 substantiam,
2784 2029 2884 2071 nec
2914 2017 3216 2069 secundum
3263 2026 3420 2072 natu-

1845 2115 1987 2164 ram,
2017 2101 2474 2172 quemadmodum
2511 2103 2656 2160 ﬁlius
2683 2114 2766 2160 est
2791 2107 2932 2176 patri
2969 2105 3187 2171 similis,
3213 2107 3306 2162 sed
3349 2107 3420 2161 ob

1845 2191 2024 2246 solum
2077 2191 2391 2263 dogmatum
2445 2193 2816 2268 doctrinaeque
2879 2211 3248 2253 consensum:
3306 2197 3418 2253 imo

1844 2297 1969 2337 cum
2001 2282 2364 2338 substantiam
2391 2281 2514 2339 Filii
2545 2299 2576 2340 a
2619 2284 2782 2342 Patre
2813 2287 3039 2342 omnino
3099 2298 3418 2359 separarent

1843 2383 1896 2429 et
1928 2374 2252 2442 alienarent,
2284 2374 2564 2432 diversum
2605 2392 2635 2432 a
2664 2376 2828 2434 Patre
2857 2378 3073 2433 initium
3113 2379 3291 2449 ipsum
3320 2381 3416 2435 ha-

1845 2465 1972 2521 bere
1997 2468 2311 2534 commenti,
2340 2468 2407 2523 ad
2432 2479 2825 2541 creaturasque
2851 2486 2974 2526 eum
3006 2473 3368 2543 deprimentes
3397 2492 3412 2528 :

1843 2559 1968 2614 ideo
1997 2558 2092 2630 qui
2119 2557 2313 2614 Nicraa
2359 2561 2674 2633 congregati
2698 2569 2892 2626 erant,
2950 2577 3141 2617 eorum
3189 2563 3282 2633 qui
3339 2565 3413 2618 ita

1843 2652 2108 2708 sentirent
2165 2651 2439 2708 vafritiem
2501 2654 2838 2723 conspicati,
2894 2653 3414 2726 Scripturarumqnc

1843 2755 2027 2798 mente
2065 2743 2317 2811 collecta,
2353 2744 2616 2814 liquidius
2654 2747 2928 2815 scripsere
2971 2747 3412 2803 consubstantia-

1845 2831 1949 2888 lem
1981 2848 2104 2888 eum
2131 2847 2254 2890 esse
2281 2851 2296 2901 ;
2334 2842 2393 2888 ut
2416 2833 2544 2890 hinc
2569 2850 2696 2890 vera
2722 2845 2776 2890 et
2802 2835 3038 2905 genuina
3069 2836 3191 2891 Filii
3219 2849 3411 2892 natura

1842 2925 2126 3000 explorata
2155 2934 2323 2993 esset,
2355 2910 2645 2997 palamque
2677 2924 2821 2982 feret
2855 2926 3069 2997 opiﬁcia
3121 2928 3254 2982 nihil
3288 2945 3412 2983 cum

1841 3029 1908 3069 eo
1953 3029 2246 3070 commune
2301 3015 2522 3070 habere.
2578 3016 2848 3070 Aecurata
2881 3015 3024 3072 enim
3059 3016 3225 3087 hujus
3265 3021 3414 3075 vocis

1841 3088 2005 3170 ratio,
2027 3121 2219 3162 eorum
2263 3106 2514 3178 coarguit
2549 3106 2955 3162 simulationem
2988 3122 3095 3178 qua
3126 3108 3265 3164 hanc
3291 3125 3404 3179 pro-

1843 3195 2027 3252 ferunt
2050 3211 2261 3264 vocem,
2286 3212 2353 3253 ex
2380 3195 2510 3264 Deo,
2545 3211 2844 3268 omnesque
2873 3211 3062 3252 eorum
3102 3195 3168 3251 ad
3201 3197 3411 3268 simpli-

1841 3289 2019 3346 ciores
2047 3289 2391 3348 seducendos
2415 3289 2660 3361 argutias
2682 3288 2901 3346 refellit.
2932 3287 3092 3345 Certe
3121 3305 3246 3346 cum
3287 3306 3411 3346 om-

1841 3383 1930 3439 nia
1957 3383 2168 3451 possint
2207 3397 2304 3453 pro
2357 3381 2582 3436 libidine
2613 3379 3046 3452 sOphismatibus
3095 3381 3313 3436 eludere
3350 3397 3412 3436 ac

1845 3461 2192 3529 detorquere,
2241 3460 2382 3513 hanc
2411 3459 2582 3513 solam
2633 3473 2844 3522 vocem,
2882 3468 3068 3527 lllpOlc
3109 3471 3230 3526 qua:
3264 3469 3420 3507 suam

1845 3551 2075 3606 haeresin
2101 3549 2366 3611 confutet.
2406 3549 2796 3616 reformidant;
2825 3564 2989 3618 quam
3028 3547 3238 3610 Patres,
3265 3548 3418 3615 quasi

1845 3641 2311 3713 propugnaculum
2371 3638 2633 3694 adversus
2687 3639 2910 3710 impiam
2963 3654 3180 3694 onmem
3229 3651 3420 3692 eorum

1846 3736 2252 3806 cogitationem,
2280 3730 2676 3804 conscripsere.

150 3835 546 3904 διελέγχουσαν
573 3833 752 3887 αὐτῶν
777 3831 879 3904 τήν
905 3833 1138 3906 αἵρεσιν,
1175 3832 1438 3887 δεδίασινο
1479 3832 1546 3905 ήν
1567 3833 1616 3886 οἱ
1647 3829 1892 3904 Πατέρες
1921 3829 2110 3900 ὥσπερ
2138 3825 2496 3898 ἐπιτείχισμα
2533 3823 2674 3880 κατά
2703 3823 2884 3897 πάσης
2916 3824 3147 3884 ἀσεϐοῦς
3174 3826 3424 3894 ιπινοίας

154 3926 352 3980 αὐτῶν
389 3925 653 3997 Ιγραψαν.

227 4017 548 4073 Πεπαύσθω
594 4017 773 4072 τοίνυν
808 4020 958 4072 πᾶσα
1012 4019 1338 4084 φιλονεικία,
1388 4021 1484 4074 καὶ
1541 4019 1742 4090 μηκέτι

156 4095 602 4167 προσκόπτωμεν
665 4098 849 4168 ἡμεῖς,
899 4099 948 4150 εἰ
994 4097 1269 4168 διαφόρως
1324 4097 1673 4171 έξειλήφασιν
1697 4104 1759 4157 al

156 4187 378 4240 σύνοδοι
408 4185 506 4256 τὴν
536 4185 630 4240 τοῦ
693 4187 979 4258 όμοουσίου
1022 4189 1186 4257 λέξιν.
1227 4192 1463 4263 Ἔχομεν
1639 4193 1748 4264 γάρ

155 4283 242 4344 εἰς
273 4279 572 4347 ἀπολογίαν
601 4280 856 4349 εὐλόγους
881 4299 946 4334 πε
959 4283 1010 4354 pl
1043 4284 1224 4337 αὐτῶν
1254 4287 1455 4351 αἰτίας,
1489 4287 1590 4351 τάς
1624 4303 1751 4358 atpo-

159 4371 467 4444 ειρημένας
499 4371 620 4443 μὲν,
649 4373 743 4426 καὶ
765 4363 970 4444 ταύτην
1001 4375 1060 4428 δέ
1087 4391 1102 4405 ο
1143 4375 1205 4428 τὸ
1231 4377 1529 4448 ἀγέννητον
1555 4412 1572 4437 .
1705 4376 1755 4430 ει

161 4464 262 4516 καὶ
291 4462 370 4534 μὴ
394 4463 548 4534 παρὰ
600 4463 709 4516 τῶν
752 4464 983 4535 Γραφῶν
1033 4467 1454 4538 μεμαθήκαμεν,
1517 4465 1755 4538 οὐδαμοῦ

161 4554 275 4627 γὰρ
303 4554 602 4625 ἀγέννητον
633 4553 724 4608 τὸν
750 4556 882 4609 Θεὸν
911 4558 1194 4628 εἰρήκασιν
1237 4559 1294 4611 ai
1336 4556 1571 4628 Γραφαὶ.
1605 4559 1754 4628 ὅμως

162 4645 361 4717 ἐπειδὴ
395 4647 491 4700 καὶ
527 4645 709 4700 πολλοὶ
745 4646 856 4700 τῶν
881 4648 1184 4702 δοκούντων
1217 4649 1632 4720 ἐμνημόνευσαν
1657 4645 1751 4703 τοῦ

154 4737 450 4808 ὀνόματος,
484 4737 1012 4810 φιλοπευστήσαντες
1044 4740 1288 4812 ἔγνωμεν
1324 4741 1406 4794 δτι
1468 4741 1563 4795 καὶ
1596 4739 1754 4796 τοῦτο

158 4831 220 4884 τὸ
249 4829 426 4900 ὄνομα
451 4830 682 4902 διάφορα
709 4830 821 4902 ἔχει
869 4831 940 4886 τά
993 4834 1393 4906 σημαινόμεναο
1443 4834 1538 4887 καὶ
1571 4835 1620 4887 oi
1653 4833 1754 4905 μὲν

157 4922 218 4971 τὸ
242 4919 303 4972 δν
329 4919 451 4989 μὲν,
486 4921 624 4991 μήτε
651 4920 705 4973 δὲ
727 4921 1006 4993 γεννηθὲν,
1043 4923 1178 4994 μήτε
1203 4923 1339 4987 ὅλως
1378 4923 1499 4993 ἔχον
1545 4923 1637 4976 τὸν
1668 4923 1760 4978 αἷσι

158 5028 294 5076 τιον,
313 5011 566 5080 λέγουσιν
591 5013 882 5084 ἀγέννητον
918 5026 936 5042 ⁶
1047 5015 1096 5067 οἱ
1111 5014 1168 5067 δὲ
1186 5014 1242 5068 τὸ
1262 5014 1752 5088 ἄκτιστον.“Ωσπερ

157 5100 256 5156 οἷν
283 5103 491 5158 τούτων
519 5102 660 5159 οὕτω
724 5105 1159 5177 σημαινομένων,
1196 5107 1242 5160 εί
1275 5108 1303 5160 ό
1336 5105 1436 5177 μέν
1493 5124 1577 5170 τις
1613 5107 1750 5160 ἀπο-

159 5193 478 5257 δλέπωνεὶς
500 5193 562 5246 τὸ
592 5194 855 5268 πρότερον
902 5194 1317 5266 σημαινόμενον,
1360 5193 1442 5259 τὸ,
1506 5194 1580 5264 μὴ
1629 5193 1752 5264 ἔχον

158 5288 256 5339 τὸν
288 5287 486 5351 αἴτιον,
521 5286 672 5355 ἔλεγε
708 5288 782 5358 μὴ
840 5285 980 5340 εἶναι
1010 5285 1308 5354 ἀγέννητον
1483 5285 1576 5337 τὸν
1602 5284 1748 5348 Υἱδν,

158 5377 264 5429 οὐκ
309 5376 378 5430 ἂν
417 5377 714 5449 κατηγόρει
769 5377 982 5448 βλέπων
1031 5378 1216 5448 ἕτερον
1271 5375 1535 5446 βλέποντα
1561 5377 1638 5440 εἰς
1691 5377 1752 5430 τὸ

163 5469 242 5539 μὴ
272 5463 415 5521 εἶναι
447 5469 655 5540 ποίημα
681 5469 816 5540 μηδὲ
859 5473 1082 5540 κτίσμα,
1123 5469 1238 5522 ἀλλ’
1267 5469 1436 5522 ἀΐδιον
1629 5469 1752 5537 γέν-

159 5575 336 5629 νημα,
374 5558 469 5612 καὶ
499 5559 726 5628 λέγοντα
759 5561 1052 5631 ἀγέννητον
1082 5561 1172 5614 τὸν
1224 5561 1370 5616 Υίόν.
1427 5559 1751 5632 Ἀμφότεροι

159 5648 271 5720 γὰρ
302 5647 439 5718 πρὸς
464 5647 553 5703 τὸν
583 5649 712 5702 ἴδιον
741 5647 940 5702 σκοπὸν
989 5650 1244 5721 ὁρῶντες,
1296 5649 1478 5712 καλῶς
1533 5650 1750 5723 εἰρήκα-

163 5753 267 5790 σιν·
299 5736 476 5800 οὕτως
504 5739 554 5790 εί
595 5739 690 5790 καὶ
716 5736 824 5790 τῶν
875 5740 1128 5811 Πατέρων
1153 5741 1204 5793 οἱ
1248 5739 1348 5810 μὲν
1394 5739 1586 5804 οὕτως,
1615 5741 1664 5793 ol
1693 5739 1752 5794 δὲ

162 5827 223 5881 οὗ
237 5847 339 5898 τως
361 5831 617 5899 εἰρήκασι
650 5829 890 5901 περὶτοῦ
919 5831 1226 5894 ὁμοουσίον,
1258 5832 1332 5902 μὴ
1359 5830 1751 5902 φιλονεικῶμεν

1921 4022 2110 4076 Cesset
2166 4033 2293 4088 ergo
2326 4021 2507 4077 omnis
2562 4021 2864 4078 contentio.
2896 4036 2996 4074 nec
3050 4018 3190 4073 ultra
3237 4018 3290 4072 in
3325 4029 3424 4072 nos

1853 4101 2045 4148 mutuo
2096 4091 2506 4166 impingamus,
2545 4097 3022 4169 disceptemusque
3077 4115 3205 4154 nmn
3253 4100 3425 4158 variis

1857 4181 2031 4236 modis
2084 4184 2276 4252 synodi
2327 4188 2810 4245 consubstantialis
2839 4206 3046 4245 'vocent
3094 4193 3404 4261 acceperint

1853 4272 1932 4325 Ad
1964 4271 2336 4331 defensionem
2366 4278 2512 4334 enim
2546 4279 2816 4348 legitimas
2840 4296 3039 4338 causas
3063 4298 3162 4353 pro
3193 4283 3262 4339 iis
3294 4284 3427 4340 aﬂ'e-

1853 4364 2050 4419 rendas
2100 4365 2398 4434 habemus,
2447 4386 2572 4426 cum
2625 4389 2790 4443 supra
2834 4373 3044 4440 dictas,
3092 4381 3205 4428 tum
3258 4374 3423 4428 etiam

1855 4453 2014 4507 istam
2042 4472 2057 4508 :
2089 4470 2304 4527 nempe,
2341 4459 2468 4514 licet
2520 4460 2662 4515 hanc
2708 4477 2895 4517 vocem
2923 4501 2938 4525 ,
2974 4462 3315 4532 ingenitum,
3358 4478 3426 4518 ex

1854 4537 2154 4609 Scripturis
2185 4559 2292 4598 non
2341 4545 2719 4614 didicerimus,
2785 4564 3054 4619 nusquam
3097 4551 3242 4604 enim
3279 4551 3429 4604 Seri-

1853 4637 2024 4698 pturte
2061 4629 2227 4685 Deum
2271 4633 2568 4703 ingenitum
2605 4637 2824 4704 dixere;
2854 4647 3098 4693 attamen
3136 4655 3260 4693 cum
3295 4642 3430 4695 mul-

1855 4724 1891 4776 ti
1924 4724 2168 4794 praeclari
2205 4725 2303 4779 viri
2334 4726 2401 4781 de
2425 4726 2517 4781 illo
2543 4730 2765 4783 nomine
2795 4731 3124 4786 mentionem
3160 4729 3423 4797 fecerint,

1850 4824 2106 4871 accurate
2135 4817 2202 4872 de
2234 4817 2326 4872 illo
2359 4817 2655 4887 sciscitati,
2688 4821 3013 4893 agnovimus
3067 4823 3170 4878 hoc
3223 4839 3422 4878 nomen

1850 4908 2063 4964 diversa
2095 4909 2404 4981 signiﬁcare
2435 4931 2446 4966 :
2477 4912 2568 4966 alii
2601 4913 2745 4968 enim
2785 4913 2940 4968 alunt
2973 4913 3273 4984 ingenitum
3301 4930 3426 4971 esse

1852 4999 1903 5054 id
1925 5000 2068 5070 quod
2094 5002 2330 5070 exsistit,
2361 5018 2462 5058 nec
2497 5013 2676 5061 tamen
2705 5007 2946 5078 genitum
2972 5018 3075 5075 est,
3109 5023 3286 5078 neque
3308 5025 3428 5072 um-

1853 5095 1982 5148 nino
2015 5109 2236 5150 causam
2270 5097 2432 5152 habet
2463 5117 2476 5152 :
2509 5098 2598 5152 alii
2626 5115 2772 5166 vero,
2797 5099 2848 5154 id
2882 5102 3025 5172 quod
3049 5113 3290 5157 creatum
3316 5117 3424 5156 non

1850 5195 1950 5240 cst.
2021 5184 2078 5240 Si
2123 5188 2249 5257 quis
2282 5188 2446 5260 igitur
2474 5190 2667 5245 harum
2700 5193 3154 5264 signiﬁcationum
3188 5195 3424 5264 priorem

1853 5277 2183 5345 respiciens,
2223 5295 2331 5348 qua
2389 5279 2712 5351 intelligitur
2754 5282 3055 5350 ingenitum
3109 5298 3230 5337 esse
3277 5283 3426 5351 qttod

1851 5370 2056 5423 nubant
2087 5369 2247 5425 habet
2273 5387 2496 5427 causam
2521 5413 2535 5438 ,
2567 5374 2770 5429 diceret
2803 5372 2999 5428 Filium
3037 5389 3142 5428 non
3172 5391 3292 5430 esse
3341 5377 3427 5430 in-

1851 5465 2091 5531 genitum
2119 5479 2134 5528 ;
2193 5477 2302 5518 non
2331 5464 2452 5519 ideo
2481 5465 2528 5520 si
2564 5481 2727 5534 quem
2758 5467 3108 5535 conspicatus
3133 5466 3246 5536 qtti,
3269 5467 3424 5536 juxta

1851 5556 2178 5610 sententiam
2207 5572 2332 5628 qua:
2361 5558 2436 5613 ait
2496 5559 2673 5630 ipsum
2701 5574 2800 5613 nec
2829 5559 3106 5629 opiﬁcium
3139 5575 3238 5614 nec
3279 5577 3430 5616 crea-

1853 5655 2030 5701 turam
2056 5689 2071 5714 ,
2104 5648 2197 5703 sed
2231 5658 2488 5704 :eternam
2521 5650 2728 5720 prolem
2763 5665 2886 5706 esse
2909 5691 2925 5717 ,
2960 5665 3085 5705 eum
3121 5649 3424 5722 ingenitum

1852 5740 2075 5806 diceret,
2104 5740 2254 5795 illum
2277 5751 2558 5812 propterea
2585 5743 2989 5799 criminaretur.
3023 5741 3258 5814 Uterque
3280 5747 3425 5801 cnim

1856 5832 2004 5902 iuxta
2044 5833 2324 5904 proprium
2361 5851 2584 5905 scopum
2639 5837 2806 5904 probe
2860 5837 3071 5894 loeutus
3113 5849 3286 5896 esset:
3349 5841 3425 5894 ita
