3770 6568
444 1463 456 1506 l

471 2397 680 2455 scilicet
755 2461 760 2466 ,

413 4591 444 4694 ί

461 1113 582 1177 fuit,
613 1092 679 1165 de
709 1112 937 1166 Domino
964 1113 1229 1178 scribens,
1255 1092 1391 1169 dixit
1444 1133 1458 1171 :

448 1137 543 1278 iesl
573 1204 812 1258 carnalis
853 1213 907 1259 et
947 1207 1269 1274 spiritualis,
1298 1205 1458 1262 factu:

469 416 575 481 479

462 582 677 638 quoque
722 565 766 621 si
803 581 867 619 ex
927 563 1183 621 Patribus
1227 565 1317 619 alii
1359 565 1468 619 alio
1504 566 1668 620 modo
1705 567 1770 620 de
1803 567 2034 621 consub-
2063 569 2104 620 A

463 657 699 711 stantiali
731 656 892 709 loculi
927 663 1088 721 sunt,
1127 670 1195 710 ne
1228 656 1623 712 contendamus
1653 675 1666 711 :
1700 659 1792 712 sed
1823 660 1909 728 pie
1941 674 2031 712 co-

461 765 580 800 rum
615 747 757 800 dicta
791 746 1157 815 excipiamus,
1215 745 1348 802 dum
1402 748 1643 804 maxime
1692 757 1806 805 toto
1856 751 2038 806 stuuio

459 839 644 910 pietati
675 853 896 908 operam
937 839 1226 894 dederunt.

645 929 883 998 lguatius
937 939 1104 996 certe,
1152 933 1244 1002 qui
1279 943 1401 1002 post
1435 933 1708 1004 apostolos
1736 935 2036 990 Antiochia:

458 1021 747 1096 cpiscopus
800 1021 1132 1076 constitutus
1165 1032 1284 1088 est,
1339 1024 1564 1093 ipseque
1596 1033 1802 1096 martyr
1831 1025 2032 1079 Christi

1577 1135 1594 1166 ‹
1619 1115 1772 1170 Unus
1795 1117 2035 1171 medicus

478 1213 543 1257 :st
573 1204 812 1258 carnalis
853 1213 907 1259 et
947 1207 1269 1274 spiritualis,
1298 1205 1472 1262 factus
1513 1219 1565 1263 et
1593 1225 1698 1262 non
1727 1209 1904 1263 factus
1927 1253 1940 1274 ,
1981 1211 2032 1262 in

449 1279 682 1368 {homine
716 1293 857 1351 Deus
881 1337 894 1360 ,
931 1296 985 1349 in
1023 1307 1196 1350 morte
1225 1297 1331 1352 vita
1363 1314 1487 1352 vera
1513 1339 1527 1364 ,
1557 1308 1610 1353 et
1657 1315 1720 1354 ex
1765 1299 1932 1353 Maria
1981 1309 2032 1354 et

453 1401 526 1454 ex
561 1385 687 1438 Deo.
733 1405 752 1437 ι
791 1386 1022 1450 Quidam
1057 1393 1235 1438 autem
1271 1393 1391 1454 post
1435 1385 1696 1457 lgnatium
1727 1395 1782 1440 et
1815 1389 1912 1456 ipsi
1967 1405 2030 1442 ex

463 1478 738 1546 magistris
773 1480 971 1533 nostris
999 1481 1244 1533 scribunt
1268 1500 1279 1534 :
1308 1499 1325 1532 ι
1351 1481 1527 1536 Unum
1558 1497 1662 1534 non
1699 1481 1899 1536 factum
1928 1493 2032 1548 est,

464 1569 672 1623 scilicet
711 1569 869 1623 Pater
901 1587 913 1622 τ
946 1579 999 1624 et
1035 1585 1176 1624 unus
1211 1585 1277 1624 ex
1327 1573 1447 1640 ipso
1495 1569 1665 1624 Filius
1717 1587 2030 1641 germanus,

465 1661 642 1728 proles
665 1675 812 1726 vera,
839 1659 1072 1714 Verbum
1107 1670 1159 1714 et
1187 1661 1462 1731 Sapientia
1493 1661 1690 1718 Patris.
1722 1681 1738 1713 ι
1766 1663 1820 1716 Si
1851 1663 2036 1732 itaque

466 1751 572 1806 illis
600 1753 759 1806 etiam
791 1753 1164 1818 adversamur,
1194 1753 1264 1808 sit
1289 1755 1446 1808 nobis
1469 1755 1754 1809 adversum
1799 1757 2034 1825 synodos

465 1858 681 1913 quoque
708 1855 1002 1898 certamen.
1049 1845 1208 1911 Quod
1242 1845 1286 1900 si
1323 1847 1476 1915 gnari
1506 1862 1695 1901 eorum
1729 1847 1784 1900 in
1814 1845 2036 1900 Christo

465 1937 623 2001 tidci,
659 1951 980 2007 persuasum
1023 1937 1286 1991 habemus
1317 1937 1534 1991 beatum
1569 1937 1732 1992 etiam
1767 1937 2032 2007 lgnatium
2071 1967 2110 2022 Β
2133 1963 2314 2034 md“)
2349 1962 2515 2034 Mm.
2551 1937 2727 2026 Ei'sé,

465 2041 611 2085 recte
640 2035 944 2099 scripsisse,
977 2049 1100 2087 cum
1139 2034 1288 2088 illum
1323 2036 1504 2090 carnis
1527 2051 1692 2090 causa
1725 2035 1923 2088 factum
1956 2034 2040 2088 di-

470 2123 542 2175 xit
591 2121 862 2192 (Christus
894 2124 1038 2177 enim
1071 2139 1200 2178 caro
1227 2125 1403 2180 factus
1427 2127 1556 2196 est),
1583 2135 1637 2182 et
1668 2126 2036 2189 twn-factum,

466 2215 594 2292 quia
622 2205 734 2282 non
776 2231 842 2268 ex
869 2209 1176 2292 opiticiis‘et
1223 2219 1386 2272 rebus
1419 2218 1573 2274 factis
1597 2229 1712 2284 est,
1741 2221 1834 2274 sed
1867 2217 2038 2273 Filius

465 2289 528 2358 ἐκ
547 2304 706 2372 Patre
734 2321 747 2357 :
779 2297 1224 2380 neciignoi'amus
1245 2326 1340 2366 eos
1366 2327 1456 2380 qui
1483 2327 1646 2366 unum
1673 2321 2036 2376 non-tactum,

653 2381 680 2454 it
755 2461 760 2466 ε
897 2377 1344 2466 ΡαιῖὈῐηιιίῖκθνρ,
1373 2405 1666 2462 ιιοιιουὲιεί
1709 2399 1938 2458 Verbum
1969 2405 2039 2458 sit

466 2502 555 2539 res
591 2487 728 2541 facta
760 2499 850 2544 aut
876 2493 1151 2560 Opillcium
1181 2494 1252 2548 ita
1283 2487 1610 2564 scripsisse;
1643 2497 1735 2551 sed
1765 2498 1891 2566 quia
1919 2499 2039 2552 nul—

465 2577 573 2630 lam
615 2577 772 2633 Pater
807 2581 1000 2637 haheat
1030 2581 1288 2652 causam;
1341 2586 1451 2640 imo
1511 2588 1722 2656 potius,
1759 2590 1888 2659 quia
1923 2591 2038 2659 ipse

466 2674 685 2740 quidem
721 2675 878 2729 Pater
912 2679 980 2732 sit
1018 2677 1310 2749 Sapientia:
1333 2721 1347 2744 ,
1387 2681 1598 2750 opilicia
1631 2694 1809 2739 autem
1853 2687 2034 2738 omnia

467 2765 517 2816 in
549 2767 815 2835 sapientia
849 2767 1066 2837 fecerit;
1098 2787 1197 2825 cur
1227 2789 1334 2827 non
1365 2775 1525 2830 etiam
1551 2774 1760 2842 Patres,
1789 2793 1913 2831 eum
1942 2793 2036 2834 eos

463 2857 556 2922 qui
583 2855 1022 2914 Samosatcuscm
1052 2862 1374 2930 tle-posuere,
1401 2875 1512 2918 tum
1539 2880 1634 2920 eos
1665 2867 1754 2936 qui
1777 2867 2032 2920 Arianam

465 2947 715 3002 hmresim
750 2949 970 3006 infamia
1003 2962 1296 3022 notarunt,
1328 2955 1382 3010 in
1420 2973 1590 3014 unum
1628 2959 1845 3029 pietatis
1875 2969 2058 3013 tuen-'

463 3039 545 3093 da:
567 3041 806 3096 studium
834 3046 1242 3115 conjungimus,
1268 3048 1378 3102 imo
1399 3045 1846 3120 segregamus,ict
1867 3067 2034 3122 quare

463 3147 572 3184 non
605 3134 783 3201 potius
813 3134 879 3190 de
919 3137 1024 3192 illis
1056 3147 1198 3192 recte
1223 3139 1491 3195 sentimus
1527 3159 1540 3196 :
1570 3135 2030 3214 quandoquidem,

463 3223 541 3276 uti
567 3223 678 3292 jam
727 3226 838 3280 dixi
863 3269 876 3290 ,
930 3230 1139 3297 priores
1185 3231 1262 3284 illi
1299 3232 1474 3286 solum
1510 3232 1908 3291 Samosater'isis
1939 3253 2026 3290 so-

461 3317 708 3384 phisma.
739 3327 792 3372 et
838 3320 956 3389 ejus
987 3322 1490 3393 interpretationem
1523 3336 1861 3395 spectantes,
1895 3329 2033 3382 scri-

467 3497 631 3550 verba
679 3513 810 3552 sane
851 3499 1210 3572 intelligentes
1235 3545 1250 3570 ,
1302 3506 1488 3560 dixere
1524 3505 1716 3561 Filium
1749 3525 1871 3566 esse
1903 3525 2032 3566 con-

467 3587 917 3644 substantialem?
949 3592 1210 3663 Equidem
1252 3611 1374 3650 cum
1409 3598 1504 3654 tali
1540 3599 1606 3654 tle
1633 3601 1736 3670 piis
1765 3602 1873 3657 illis
1906 3618 2031 3674 erga

466 3678 740 3734 Christum
767 3681 900 3736 viris
922 3683 1022 3737 sim
1049 3687 1339 3752 sententia,
1366 3689 1480 3743 haec
1501 3692 1690 3759 paucis
1711 3692 2031 3762 conscripsi.

466 3769 620 3836 Quod
651 3773 696 3825 si
731 3775 994 3844 epistolas,
1029 3792 1193 3846 quam
1229 3779 1350 3835 illos
1378 3781 1666 3850 scripsisse
1693 3783 1903 3848 dicunt,
1937 3786 2036 3836 mi-

467 3861 519 3913 hi
545 3863 696 3931 copia
725 3863 937 3932 fuisset,
967 3867 1220 3923 existimo
1243 3871 1426 3939 plures
1453 3872 1924 3940 deprehensurum
1951 3889 2035 3928 me

469 3955 636 4008 fuisse
669 3971 886 4020 causas,
917 3973 1016 4011 cur
1050 3961 1188 4015 heati
1228 3963 1304 4016 illi
1335 3964 1408 4018 ita
1439 3965 1680 4020 scribere
1706 3965 1879 4020 coacti
1903 3965 2030 4021 sint.

465 4045 570 4100 Par
595 4061 677 4103 est
705 4051 850 4104 enim
887 4052 1149 4122 decetque
1179 4069 1278 4108 nos
1317 4056 1391 4108 ita
1419 4055 1654 4122 sentire,
1694 4055 2033 4126 probumque

465 4155 590 4208 erga
638 4140 825 4198 Patres
868 4147 1110 4200 animum
1139 4161 1386 4212 servare,
1419 4147 1464 4202 si
1501 4155 1679 4202 tamen
1709 4151 1878 4218 spurii
1922 4166 2033 4206 non

465 4243 688 4298 sumus,
723 4243 773 4287 et
802 4236 845 4290 si
877 4235 944 4290 ab
973 4237 1078 4292 illis
1110 4239 1429 4294 traditiones
1455 4239 1783 4310 pietatisque
1817 4242 2032 4298 doctri-

465 4339 590 4378 nam
625 4333 886 4382 tenemus.

647 4590 828 4645 Talem
863 4591 1024 4662 igitur
1047 4592 1266 4681 Patrum
1297 4594 1467 4651 fuisse
1495 4609 1730 4654 mentem
1759 4601 2030 4669 dicamus,
2059 4629 2101 4681 ι)

460 4683 876 4753 credamusque.
919 4685 1030 4754 Age
1065 4701 1192 4739 vero
1213 4675 1444 4742 rursum
1475 4705 1598 4744 cum
1633 4692 1742 4747 illis
1771 4709 1885 4748 rem
1917 4696 2032 4764 pla-

458 4769 576 4828 cide
605 4785 657 4828 et
691 4775 834 4830 bono
868 4778 1052 4831 animo
1084 4777 1446 4848 inquiramus,
1477 4781 1652 4849 deque
1679 4799 1844 4852 supra
1867 4785 2030 4842 dictis

458 4857 790 4936 mentionem
849 4867 1358 4924 faciamuszannon
1427 4887 1612 4928 revera
1664 4875 2029 4934 demonstrari

457 4955 629 5025 possit
679 4955 962 5026 episcopos
983 4957 1174 5014 Nicaeae
1194 4969 1550 5030 congregatos
1583 4971 1725 5016 recte
1749 4963 1988 5020 sensisse
2008 4967 2030 5020 ‘.l

459 5046 516 5100 Si
555 5046 786 5101 Verbum
823 5058 904 5104 est
939 5065 1027 5103 res
1061 5049 1200 5106 facta
1223 5092 1236 5116 ,
1283 5061 1336 5106 et
1366 5053 1602 5106 alienum
1633 5069 1662 5107 a
1697 5053 1875 5112 Patris
1897 5059 2028 5112 sub-

456 5141 676 5204 stantia,
703 5140 774 5194 ita
797 5150 904 5196 uta
935 5141 1089 5198 Patre
1107 5127 1438 5214 segregetur,
1465 5145 1574 5198 imo
1601 5161 1662 5200 ea
1685 5149 2026 5215 separatione

454 5247 576 5302 qua:
610 5248 639 5286 a
673 5232 986 5290 diversitate
1015 5244 1222 5291 naturae
1257 5236 1636 5305 proﬁciscatur
1656 5277 1670 5298 ,
1700 5237 1848 5292 Patri
1877 5249 2024 5296 certe

453 5325 918 5381 consubstantiale
946 5342 1288 5397 nequaquam
1323 5327 1516 5391 fuerit;
1543 5329 1640 5402 sed
1673 5331 1850 5398 potius
1875 5332 2024 5402 ejus—

453 5417 574 5470 dem
607 5425 833 5481 naturm,
872 5417 1027 5487 cujus
1059 5429 1145 5472 res
1183 5417 1360 5482 lactat,
1393 5417 1493 5472 etsi
1529 5401 1644 5478 illis
1669 5420 1840 5489 gratia
1873 5401 2016 5476 ante-

451 5511 628 5564 cellat.
662 5507 816 5575 Quod
842 5509 888 5562 si
914 5509 1270 5565 conﬁteantur
1291 5525 1414 5564 eum
1445 5526 1552 5564 non
1576 5525 1698 5566 esse
1723 5512 2020 5580 op'ilicium,

452 5601 544 5656 sed
581 5603 868 5672 germinant
896 5615 962 5655 ex
1009 5597 1186 5672 Patris
1238 5601 1539 5656 substantia
1571 5595 1798 5672 prolem,
1824 5619 2020 5661 conse-

451 5705 623 5762 quens
654 5707 785 5746 sane
817 5689 980 5746 fuerit
1008 5709 1132 5746 eum
1165 5694 1580 5763 inseparabilem
1615 5711 1738 5751 esse
1771 5711 1800 5750 a
1839 5695 2018 5762 Patre,

451 5799 575 5837 cum
635 5785 704 5838 sit
732 5783 976 5854 ejusdem
1015 5795 1221 5840 natura:
1245 5826 1260 5852 ,
1315 5795 1500 5854 utpote
1549 5789 1616 5842 ab
1653 5790 1743 5843 illo
1781 5791 2016 5860 genitus.

452 5871 596 5929 Talis
631 5885 807 5929 autem
833 5891 954 5930 cum
991 5875 1092 5942 sit,
1124 5875 1246 5946 jure
1273 5878 1752 5935 consubstantialis
1780 5882 2016 5936 dicatur.

1697 423 2010 482 EU'IIIYM
2029 423 2082 482 ΙΙ
2123 422 2484 482 ZIGABENl

2136 557 2314 626 ἡμεῖς,
2348 555 2461 608 ἀλλ’
2497 553 2736 618 εὐσεϐῶς
2768 555 2836 608 τὰ
2869 551 2996 624 παρ’
3027 555 3198 607 αὐτῶν
3249 557 3510 630 δεχώμεθα,
3549 567 3626 634 ἓως

2137 650 2368 720 μαλιστα
2403 646 2500 719 τὴν
2535 646 2766 718 σπουδὴν
2786 643 2929 717 εἶχον
2958 648 3033 709 είς
3063 647 3346 704 εὐσέϐειαν.

2338 953 2592 1022 Ἰγνάτιος
2625 946 2718 1005 οὖν
2753 985 2769 1009 ν
2917 954 2944 1005 6
2977 952 3115 1022 μετὰ
3139 955 3261 1018 τοὺς
3297 955 3572 1024 ἀποστόλους
3589 969 3628 1020 ἐν

2147 1045 2442 1118 Ἀντιοχείᾳ
2487 1043 2843 1107 κατασταθεὶς
2895 1044 3208 1106 ἐπίσκοπος,
3251 1048 3337 1098 καὶ
3366 1049 3540 1120 μάρτυς
3561 1057 3628 1112 τοῦ

2135 1135 2366 1207 Χριστοῦ
2398 1136 2704 1205 γενόμενος,
2735 1135 2959 1206 γράφων
3015 1135 3141 1204 περὶ
3170 1136 3256 1188 τοῦ
3291 1138 3493 1210 Κυρίου,
3518 1147 3630 1218 εῐρη.

2135 1245 2246 1280 κεν·
2290 1247 2307 1278 ι
2341 1223 2434 1290 Εἷς
2491 1227 2670 1300 ἰατρός
2723 1229 2857 1292 ἐστι,
2909 1228 3161 1296 σαρκικὺς
3194 1229 3284 1280 καὶ
3313 1237 3627 1302 πνευματικὸς,

2133 1318 2356 1390 γενητὸς
2390 1319 2481 1372 καὶ
2505 1319 2765 1390 ἀγένητος
2797 1359 2814 1384 ,
2963 1320 3020 1370 ὲν
3047 1319 3141 1370 ἀνθ
3152 1318 3310 1390 ρώπῳ
3333 1320 3468 1386 Θεὸς,
3493 1328 3538 1378 ὲν
3561 1329 3630 1382 θα-

2133 1413 2277 1482 νάτῳ
2310 1412 2422 1482 ζωὴ
2451 1411 2696 1482 ἀληθινὴ,
2719 1413 2814 1464 καὶ
2843 1411 2907 1463 ἐκ
2937 1412 3153 1482 Μαρίας
3179 1412 3268 1464 καὶ
3291 1414 3349 1466 ἐκ
3379 1415 3511 1470 Θεοῦ.
3531 1423 3630 1474 »Τι-

2133 1505 2219 1566 νὲς
2248 1505 2302 1556 δὲ
2331 1505 2424 1556 καὶ
2465 1501 2571 1554 τῶν
2607 1501 2742 1572 μετὰ
2803 1502 3060 1570 Ἰγνάτιον
3091 1501 3382 1556 διδάσκαλοι
3416 1509 3494 1559 καὶ
3519 1511 3631 1564 αὐτοὶ

2131 1598 2451 1666 γράφουσιν·
2477 1614 2494 1646 ι
2522 1595 2616 1646 Ἓν
2643 1595 2702 1646 τὺ
2729 1593 2992 1666 ἀγένητον
3153 1595 3180 1646 6
3213 1595 3406 1668 Πατὴρ,
3434 1601 3512 1652 καὶ
3533 1597 3632 1665 εἷςό

2133 1688 2192 1752 ἐξ
2213 1687 2373 1740 αὑτοῦ
2403 1685 2528 1748 Υίός
2549 1687 2789 1756 γνήσιος,
2825 1685 3069 1754 γέννημα
3111 1685 3373 1756 ἀληθινόν,
3403 1689 3546 1756 Λόγος
3567 1695 3634 1746 καί

2134 1779 2302 1846 Σοφία
2347 1777 2440 1831 τοῦ
2469 1777 2730 1850 Πατρός.»
2771 1779 2833 1830 Εἰ
2869 1777 2970 1846 μὲν
3029 1774 3122 1830 οὖν
3178 1779 3268 1830 καὶ
3313 1779 3435 1850 πρός
3465 1782 3632 1848 τούτους

2132 1870 2389 1933 ἐναντίως
2443 1870 2782 1940 διακείμεθα,
2817 1869 2955 1922 ἔστω
3011 1869 3104 1922 καὶ¹
3165 1869 3295 1940 πρὸς
3323 1871 3412 1934 τὰς
3441 1875 3632 1940 συνόδους

2775 1962 2874 2032 τὴν
2919 1964 2977 2014 ἐν
3017 1961 3238 2034 Χριστῷ
3290 1962 3454 2016 πίστιν
3499 1965 3629 2019 αὐτῶν

2133 2054 2507 2119 γινώσκοντες,
2541 2050 2900 2120 πεπείσμεθα,
2931 2052 3013 2103 ὅτι
3043 2050 3137 2102 καὶ
3165 2051 3192 2101 6
3221 2049 3466 2120 μακάριος
3503 2050 3630 2118 Ὶγνὰ·

2135 2161 2245 2206 tto;
2283 2144 2456 2215 ὀρθῶς
2495 2144 2719 2215 ἔγραψε,
2765 2143 2988 2213 γενητόν
3043 2141 3205 2196 αὑτὸν
3252 2141 3414 2210 λέγων
3449 2141 3522 2192 διὰ
3565 2141 3634 2209 τὴν

2136 2234 2312 2306 σάρκα
2337 2238 2354 2304 (
2380 2238 2408 2288 6
2437 2236 2544 2306 γάρ
2576 2235 2808 2307 Χριστὸς
2841 2235 2980 2306 σάρξ
3019 2233 3258 2304 ἐγένετο)
3287 2250 3298 2264 ’
3329 2232 3555 2302 ἀγένητον
3579 2231 3631 2296 δὲ,

2131 2327 2212 2378 ὅτι
2248 2328 2322 2397 μὴ
2349 2327 2456 2380 τῶν
2484 2328 2802 2400 ποιημάτων
2833 2332 2926 2382 καὶ
2953 2326 3194 2398 γενητῶν
3247 2323 3527 2388 ἐστιν,,ἀλλ“
3545 2321 3635 2385 Υἱός

2131 2420 2195 2472 ἐκ
2228 2421 2458 2491 Πατρός.
2491 2421 2605 2473 Οὐκ
2637 2421 2938 2491 ἀγνοοῦμεν
2987 2412 3064 2486 δὲ,
3093 2421 3176 2472 ὅτι
3205 2417 3296 2472 καὶ
3323 2419 3386 2470 ,οἱ
3415 2415 3633 2486 εἰρηκότες

2132 2517 2188 2570 ἐν
2210 2515 2270 2568 τό
2295 2516 2556 2584 ἀγένητον
2713 2513 2805 2566 τὸν
2836 2513 3054 2584 Πατέρα
3085 2512 3352 2580 λέγοντες,
3383 2511 3468 2579 οὐχ
3483 2510 3544 2570 ὡς
3566 2526 3630 2575 γε·

2131 2607 2289 2678 νητοῦ
2321 2608 2414 2660 καὶ
2447 2609 2750 2677 ποιήματος
2797 2606 2946 2668 ὄντος
3000 2604 3096 2656 τοῦ
3129 2603 3300 2670 Λόγου
3337 2603 3491 2664 οὕτως
3519 2601 3634 2670 ἔγρα-

2128 2699 2256 2768 ψαν,
2290 2698 2402 2751 ἀλλ’
2425 2699 2506 2750 ὅτι
2557 2697 2634 2766 μὴ
2680 2697 2790 2768 ἔχει
2974 2693 3064 2748 τόν
3123 2695 3309 2746 αἴτιον·
3358 2694 3443 2746 καὶ
3487 2693 3634 2762 μᾶλλον

2129 2791 2293 2854 αὐτὸς
2321 2789 2508 2860 Πατὴρ
2579 2789 2680 2859 μέν
2712 2788 2828 2842 ἐστι
2866 2789 2963 2858 τῆς
3011 2788 3232 2856 Σοφίας,
3289 2786 3355 2838 τά
3403 2786 3456 2837 δὲ
3483 2784 3633 2854 γενητὰ

2129 2885 2306 2938 πάντα
2327 2884 2384 2934 ἐν
2413 2881 2572 2951 σοφίᾳ
2609 2880 2896 2951 πεποίηκε·
2948 2879 3036 2933 διὰ
3091 2880 3146 2933 τί
3181 2879 3254 2950 μὴ
3305 2878 3391 2930 καὶ
3545 2876 3633 2936 τοὺς

2128 2976 2394 3047 Πατέρας,
2437 2973 2562 3036 τούς
2605 2990 2665 3026 τε
2724 2972 2814 3026 τὸν
2859 2971 3176 3042 Σαμοσατέα
3235 2969 3542 3032 καθελόντας,
3569 2967 3635 3018 καὶ

2125 3069 2224 3140 τὴν
2270 3066 2548 3138 Ἀρειανὴν
2575 3067 2784 3137 αἵρεσιν
2811 3063 3287 3134 στηλιτεῦσαντας,
3320 3064 3392 3126 εἰς
3417 3060 3635 3114 εὐσέϐειαν

2128 3160 2448 3228 συνάγομεν,
2481 3157 2614 3210 ἀλλὰ
2643 3157 3022 3227 διαστέλλομεν
3049 3156 3154 3208 ἀνὰ
3193 3156 3348 3225 μέσον
3379 3151 3554 3216 αὐτῶν,
3569 3152 3635 3202 καὶ

2125 3250 2186 3302 οὑ
2227 3250 2425 3320 μᾶλλον
2487 3247 2663 3318 ὀρθῶς
2719 3247 2848 3316 περὶ
2879 3245 3054 3298 αὐτῶν
3089 3245 3388 3316 φρονοῦμεν
3400 3259 3422 3307 -;
3453 3245 3522 3296 ὅτι
3563 3242 3636 3293 κὰ-

2125 3345 2310 3402 κείνοι,
2345 3341 2594 3402 καθάπερ
2625 3336 2796 3402 εἷπον,
2827 3337 2962 3402 πρὸς
2999 3337 3062 3390 τό
3097 3339 3336 3402 σόφισμα
3371 3334 3456 3388 τοῦ
3503 3335 3631 3402 Σαμο-

467 3337 708 3384 pmsma.
739 3337 792 3372 et
838 3337 956 3389 ejus
987 3337 1490 3393 interpretationem
1523 3337 1861 3395 spectantes,
1895 3337 2033 3382 scri-
2085 3391 2096 3406 η
2125 3345 2310 3406 κεῖνοι,
2345 3341 2594 3410 καθάπερ
2625 3337 2796 3404 εἷπον,
2827 3337 2962 3409 πρὸς
2999 3337 3062 3390 τὸ
3097 3339 3298 3406 σόφισμ

467 3420 625 3472 psere
655 3422 761 3460 non
793 3424 914 3463 esse
941 3409 1220 3467 Christum
1246 3413 1798 3472 consulistantialem:
1829 3417 1881 3472 hi
1911 3435 2036 3474 vero
2057 3391 2098 3442 (⁸
2127 3433 2332 3474 σητέιη-
2407 3435 2499 3474 νηὶ
2551 3434 2648 3474 γεω
2706 3432 3002 3474 Emi-mmini)
3069 3430 3238 3474 αὐτηῦ

2127 3433 2348 3499 σατέως,
2407 3435 2500 3488 καὶ
2551 3434 2648 3504 τὴν
2706 3432 3002 3504 ἑρμηνείαν
3069 3430 3238 3484 αὐτοῦ
3305 3430 3398 3498 τὴν
3459 3428 3638 3480 διάνοιαν

2127 3524 2356 3594 ἔχοντες,
2385 3525 2650 3596 ἔγραψαν,
2675 3526 2789 3578 Οὐκ
2821 3523 2966 3576 ἐστιν
2995 3522 3301 3593 ὀμοούσιος·
3335 3521 3420 3573 καὶ
3439 3515 3558 3572 οὗτοι
3582 3517 3636 3580 ὀὲ,

2125 3617 2304 3680 καλῶς
2333 3619 2642 3686 νοήσαντες,
2665 3618 2952 3688 εἰρήκασιν
2977 3614 3264 3684 ὀμοούσιον
3287 3608 3416 3664 εἶναι
3438 3610 3513 3663 τόν
3528 3609 3636 3660 Υἱὸν.

2125 3708 2233 3760 Καὶ
2257 3710 2367 3778 γάρ
2399 3706 2552 3776 κάγὼ
2593 3707 2814 3760 τοιαῦτα
2845 3705 2944 3776 μὲν
2992 3705 3131 3758 νοῶν
3327 3701 3443 3772 περὶ
3479 3699 3563 3752 τῶν
3583 3699 3640 3748 εὐ-

2127 3799 2424 3853 σεϐούντων
2457 3802 2536 3861 εἰς
2567 3798 2658 3852 τὸν
2705 3799 2937 3864 Χριστόν
2985 3799 3050 3850 δι’
3087 3798 3285 3865 ὀλίγων
3311 3795 3519 3864 ἔγραψα-
3544 3793 3580 3842 εἰ
3601 3790 3640 3840 δὲ

2123 3889 2342 3943 δυνατὸν
2366 3881 2432 3962 ἦν
2465 3891 2764 3962 εὐπορῆσαι
2795 3892 2888 3944 καὶ
2909 3892 3007 3960 τῆς
3031 3889 3338 3958 ἐπιστολῆς,
3373 3887 3434 3955 ἣν
3451 3885 3639 3950 λέγουσιν

2125 3983 2366 4046 ἐκείνους
2543 3983 2896 4055 γεγραφέναι,
2919 3981 3165 4053 ἠγοῦμαι
3215 3979 3423 4041 πλείους
3467 3973 3642 4045 εὑρεθή-

2127 4076 2312 4130 σεσθαι
2361 4076 2460 4139 τὰς
2499 4077 2816 4146 προφάσεις,
2868 4075 2936 4128 δι’
2979 4073 3043 4137 ἃς
3101 4071 3506 4144 ἡναγκάσθησαν
3535 4065 3640 4118 οὕτω

2125 4167 2332 4238 γράψαι
2358 4169 2407 4219 oi
2437 4166 2695 4237 μακάριοι
2727 4167 2944 4218 ἐκεῖνοι.
2979 4167 3068 4216 Δεῖ
3096 4164 3208 4236 γὰρ
3264 4164 3405 4234 ἡμᾶς
3432 4159 3513 4213 καὶ
3543 4155 3642 4228 πρέ·

2127 4277 2216 4313 πει
2247 4259 2468 4313 τοιαῦτα
2496 4261 2729 4330 φρονεῖν,
2750 4259 3002 4330 τοιαύτην
3031 4275 3090 4310 τε
3121 4256 3312 4320 σώζειν
3341 4253 3526 4323 ἀγαθὴν
3549 4264 3642 4303 συν-

2127 4352 2330 4421 είδησιν
2363 4351 2498 4424 πρὸς
2537 4353 2662 4416 τοὺς
2691 4351 2957 4422 Πατέρας,
3003 4351 3122 4417 εἴγε
3162 4349 3236 4419 μὴ
3261 4347 3398 4400 νόθοι
3433 4341 3640 4412 τυγχάνο-

2131 4458 2246 4510 μεν,
2269 4441 2382 4494 ἀλλ’
2413 4440 2472 4505 ἐξ
2497 4441 2673 4494 αὐτῶν
2701 4441 2894 4510 ἔχομεν
2945 4439 3042 4503 τὰς
3070 4439 3413 4510 παραδόσεις,
3445 4433 3524 4486 καὶ
3548 4428 3637 4499 παρ’

2127 4531 2304 4585 αὐτῶν
2329 4530 2426 4602 τὴν
2451 4531 2550 4602 τῆς
2570 4529 2849 4592 εὐσεϐείας
2877 4529 3248 4582 διδασκαλίαν.

2290 4616 2542 4688 ’Τοιαύτη
2579 4617 2678 4687 μὲν
2703 4613 2794 4670 οὖν
2826 4620 2860 4688 ἡ
2894 4617 3102 4672 διάνοια
3127 4616 3238 4669 τῶν
3263 4614 3502 4683 Πατέρων
3529 4606 3639 4671 1573'-

2125 4707 2240 4762 σθω
2268 4708 2362 4761 καὶ
2392 4709 2746 4762 πιστευέσθω.
2781 4707 2917 4778 Φέρε
2941 4707 2998 4760 δὲ
3029 4707 3126 4760 καὶ
3181 4707 3298 4777 μετ’
3335 4701 3498 4756 αὐτῶν
3519 4695 3642 4750 πάλιν

2125 4799 2466 4870 ἐξετάσωμεν
2521 4799 2580 4852 τὸ
2615 4802 2844 4870 πρᾶγμα
2894 4798 3102 4868 πράως,
3159 4799 3256 4852 καὶ
3295 4795 3423 4867 μετά
3461 4785 3644 4852 συνειδήο

2127 4909 2264 4956 σεως
2288 4891 2516 4962 ἀγαθῆς,
2549 4871 3018 4963 μνημονεύσαντες
3175 4891 3269 4942 καὶ
3307 4887 3408 4940 τῶν
3439 4893 3640 4953 προειρη-

2129 4983 2324 5054 μένων⁶
2362 4985 2410 5036 εἰ
2442 4985 2516 5054 μὴ
2561 4981 2638 5054 τῷ
2655 4981 2768 5034 ὄντι
2797 4981 3098 5034 δείκνυνται
3127 4979 3310 5042 καλῶς
3337 4975 3643 5046 φρονήσαντες

2125 5075 2174 5128 οἱ
2234 5077 2290 5128 ἐν
2342 5079 2409 5146 τῇ
2465 5074 2670 5146 Νικαίᾳ.
2723 5073 3064 5136 συνελθόντες
3127 5072 3430 5126 ἐπίσκοποι.
3474 5065 3528 5116 Εἰ
3571 5058 3644 5130 μὲν

2127 5167 2336 5238 ποίημά
2365 5171 2512 5222 ἐστιν
2545 5171 2573 5222 6
2608 5167 2800 5236 Λόγος,
2835 5167 2930 5220 καὶ
2981 5164 3260 5235 ἀλλότριος
3311 5161 3410 5230 τῆς
3435 5155 3517 5210 τοῦ
3561 5153 3644 5204 Πει-

2125 5257 2252 5329 ’πρὸς
2283 5259 2486 5322 οὐσίας,
2517 5258 2658 5312 ὥστε
2681 5259 2777 5311 καὶ
2796 5253 3124 5328 χωρίζεσθαι
3149 5249 3314 5305 αὑτὸν
3342 5245 3444 5302 άπὸ
3460 5241 3540 5296 τοῦ
3559 5240 3644 5292 Πα-

2124 5347 2252 5420 τρός
2281 5347 2359 5418 τῷ
2389 5350 2671 5421 ἐτεροφυεῖ
2727 5347 3012 5420 χωρισμῷ,
3045 5347 3144 5398 οὐκ
3194 5341 3261 5397 ἂν
3299 5341 3382 5411 εἴη
3415 5334 3646 5432 ὀμοούσιῗς

2123 5439 2202 5508 τῷ
2229 5440 2422 5509 Πατρὶ,
2452 5439 2586 5492 ἀλλὰ
2646 5439 2843 5508 μᾶλλον
2875 5436 3136 5510 ὁμογενὴς
3302 5433 3362 5502 τῇ
3392 5429 3532 5519 φύσει
3561 5429 3644 5519 τοῇ

2125 5532 2410 5602 ποιήμασι,
2441 5529 2544 5584 κᾶν
2581 5530 2892 5600 ὑπερϐάλλῃ
2914 5533 2979 5600 τῇ
3009 5529 3212 5598 χάριτι·
3251 5525 3300 5578 εί
3325 5524 3381 5576 δὲ
3409 5517 3646 5613 ὁμολογοξθ·

2129 5641 2226 5694 μεν
2259 5625 2334 5694 μὴ
2391 5619 2527 5676 εἶναι
2563 5621 2724 5676 αὐτὸν
2783 5623 3010 5692 ποίημα,
3057 5619 3196 5674 ἀλλὰ
3249 5617 3462 5706 γνήσιον
3491 5611 3548 5706 ἐξ
3573 5611 3646 5706 τῆξ

2125 5716 2310 5778 οὐσίας
2341 5714 2434 5768 τοῦ
2488 5713 2699 5786 Πατρός
2749 5713 3012 5782 γέννημα»
3055 5708 3344 5764 ἀκόλουθον
3395 5705 3458 5759 ἂν
3485 5701 3555 5768 εἴη
3577 5701 3646 5792 1"."

2125 5807 2424 5876 ἀχώριστον
2459 5805 2618 5858 αὑτὸν
2651 5801 2785 5860 εἷναι
2812 5803 2904 5858 τοῦ
2933 5801 3159 5874 Πατρός,
3195 5799 3404 5870 ὁμοφυῆ
3447 5795 3558 5846 ὄντα
3580 5787 3646 5838 δικ

2127 5899 2184 5952 τὸ
2217 5899 2272 5966 ἐξ
2311 5898 2469 5951 αὑτοῦ
2499 5897 2872 5967 γεγεννῆσθαι.
2932 5895 3180 5956 Τοιοῦτος
3227 5893 3284 5944 δὲ
3323 5891 3414 5954 ῶν,
3465 5881 3644 5937 εἰκότως
