3860 6552
178 353 285 420 481

1164 371 1204 426 P
1217 369 1537 431 ANOPLIA
1584 374 1769 434 DOGh

1862 375 2045 438 l'lCA.
2079 403 2152 414 —
2186 379 2337 442 ΤΙΤ.
2375 379 2480 438 X‘l.
3329 378 3434 441 69:7.

181 500 284 552 καὶ
318 498 600 569 διιοούσιος
625 499 688 552 ἃν
705 500 928 568 λέγοιτο.
954 503 1181 560 Ἔπειτα
1203 507 1251 558 εἰ
1279 505 1352 577 μὴ
1381 507 1442 558 ἐκ
1477 507 1764 577 μετουσίας

1872 495 2070 550 Deinde
2104 497 2150 551 si
2176 512 2279 574 non
2316 513 2377 552 ex
2412 501 2821 568 participatione
2851 502 3016 561 Filius
3045 517 3146 575 est,
3179 511 3271 564 sed
3305 515 3435 568 snh-

179 592 338 644 ὲστὶν
364 591 559 654 όΥξός,
600 590 732 643 ἀλλὰ
771 593 834 662 τῇ
863 592 1018 664 οὐσίᾳ
1065 586 1235 662 Λόγος
1286 597 1402 650 ἐστὶ
1463 598 1553 650 καὶ
1599 597 1764 664 Σοφία

178 683 279 737 τοῦ
318 684 606 755 Πατρὸς,ἠ
641 684 695 735 δὲ
733 684 890 737 οὐσία
925 683 1062 754 αὕτη
1090 685 1190 756 τῆς
1225 687 1413 750 οὐσίας
1443 687 1540 756 τῆς
1565 704 1733 758 πατρι

178 778 289 846 κῆς
341 779 456 830 ἐστι
482 777 722 846 γέννημα
754 778 846 830 καὶ
873 778 1123 850 ὁμοιότης
1151 780 1339 849 αὐτῆς,
1375 779 1562 852 ὥσπερ
1588 781 1682 833 καὶ
1704 779 1763 832 τό

178 871 532 940 ἀπαύγασμα
554 870 645 923 τοῦ
670 869 862 940 φωτός·
895 869 1038 938 λέγει
1066 871 1122 924 δὲ
1151 875 1178 924 6
1201 872 1346 937 Υἱὸς,
1382 893 1399 923 ι
1450 873 1588 943 Ἐγὼ
1622 874 1710 926 καὶ
1733 875 1762 927 6

179 962 382 1032 Πατὴρ
412 962 470 1014 έν
500 961 719 1030 έσμεν,›
757 963 868 1025 καὶ,
909 981 926 1011 ι
986 960 1043 1014 '0
1082 963 1180 1032 ἐμὲ
1210 950 1466 1033 ἑωρακὼς
1655 964 1758 1017 ἑώ-

181 1073 324 1125 ρακε
348 1054 440 1106 τὸν
469 1052 738 1124 Πατέραί
773 1053 889 1115 πῶς
923 1053 1002 1106 δεῖ
1025 1057 1161 1108 νοεῖν
1191 1055 1392 1118 ταύτας
1415 1057 1512 1120 τὰς
1546 1058 1754 1124 φωνάς;

173 1145 208 1213 ἦ
256 1145 377 1208 πῶς
402 1144 570 1207 αὐτὰς
624 1144 1082 1214 ἐκλαμϐάνοντες,
1131 1146 1374 1215 σώσομεν
1430 1146 1490 1198 τὸ
1526 1147 1582 1200 ἓν
1623 1145 1758 1202 εἶναι

171 1231 269 1283 τὸν
314 1231 533 1300 Πατέρα
570 1229 664 1281 καὶ
699 1229 791 1280 16v
827 1227 991 1292 Υἱόν;
1033 1227 1094 1278 Εἰ
1123 1227 1220 1296 μὲν
1248 1223 1340 1278 οὐν
1368 1230 1434 1298 τῇ
1479 1219 1771 1302 συμφωνία

177 1323 295 1374 τῶν
321 1322 626 1392 δογμάτων,
669 1321 760 1372 καὶ
794 1320 870 1389 τῷ
907 1320 981 1392 μὴ
1034 1319 1317 1388 διαφωνεῖν
1352 1319 1487 1391 πρὸς
1526 1321 1618 1373 τὸν
1662 1322 1770 1374 Πα-

177 1415 342 1484 τέρα,
380 1414 455 1476 ὡς
511 1416 558 1466 οἱ
620 1413 886 1482 Ἀρειανοὶ
928 1411 1162 1480 λέγουσι,
1217 1411 1418 1479 φαῦλος
1467 1414 1494 1464 6
1533 1411 1772 1475 τοιοῦτος

177 1506 333 1568 νοῦς.
371 1507 479 1558 Καὶ
528 1503 636 1574 γὰρ
689 1505 783 1556 καὶ
807 1505 854 1555 οἱ
883 1501 1027 1570 ἅγιοι
1054 1545 1068 1566 ,
1211 1503 1304 1556 καὶ
1337 1503 1534 1572 μᾶλλόν
1563 1520 1624 1570 γε
1672 1505 1771 1572 ἄγ-

177 1599 336 1665 γελοι
376 1599 470 1650 καὶ
492 1596 839 1667 ἀρχάγγελοι,
873 1594 970 1665 τὴν
995 1595 1248 1666 τοιαύτην
1296 1595 1476 1665 έχουσι
1508 1595 1642 1666 πρὸς
1681 1595 1770 1648 τὸν

179 1690 322 1743 Θεὸν
366 1689 706 1761 συμφωνίαν,
741 1689 833 1740 καὶ
867 1687 1090 1757 οὐδεμία
1133 1689 1260 1757 παρ’
1291 1688 1468 1749 αὐτοῖς
1499 1689 1611 1739 ἐστι
1651 1687 1768 1739 δια-

179 1779 383 1847 φωνία.
439 1779 498 1831 Ὀ
555 1777 662 1848 γὰρ
693 1777 1038 1845 διαφωνήσας
1072 1776 1314 1839 διάϐολος
1353 1776 1634 1847 ἐΟεωρήΟη
1679 1777 1768 1828 πί·-

1869 588 2066 642 stantia
2107 588 2220 656 ipsa
2269 588 2502 642 Verbum
2533 601 2613 646 est
2658 603 2709 646 et
2759 592 3031 664 Sapientia
3076 598 3434 659 Patris:h:re

1865 691 2044 735 autem
2086 679 2385 734 substantia
2407 722 2421 744 ,
2472 691 2707 749 paternae
2753 688 3068 742 substantiae
3100 691 3239 748 fetus
3267 707 3347 750 est
3381 712 3433 752 et

1863 777 1981 844 ejus
2017 777 2336 842 similitudo,
2365 779 2523 832 velut!
2561 780 2815 849 splendor
2837 795 2919 838 est
2948 787 3245 844 similitudo
3273 793 3430 858 lueis,

1865 868 2137 938 Filiusqne
2166 870 2334 925 dicit:
2371 890 2387 922 ι
2421 870 2532 942 Ego
2576 885 2627 927 et
2668 873 2825 929 Pater
2859 893 3024 932 unum
3077 898 3267 940 sumus
3314 888 3326 916 ¹
3356 903 3370 951 ;
3407 908 3425 939 ι

1862 974 1914 1016 et
1942 982 1954 1016 :
1997 984 2014 1015 ι
2051 962 2152 1029 Qui
2181 965 2313 1018 vidit
2339 981 2445 1032 me,
2479 966 2608 1021 vidit
2635 978 2687 1021 et
2717 967 2927 1024 Patrem
2983 973 3038 1039 ²;
3077 993 3094 1025 ι
3156 982 3428 1045 quomodo

1863 1056 1943 1110 ha:
1968 1072 2126 1111 voces
2155 1058 2510 1128 intelligenda:
2533 1061 2698 1115 sunt?
2722 1073 2814 1116 aut
2842 1080 2946 1132 qua
2977 1079 3151 1122 mente
3177 1084 3267 1124 eas
3292 1073 3432 1125 acci-

1862 1148 2088 1218 pientes,
2110 1147 2323 1203 Patrem
2348 1161 2399 1204 et
2419 1150 2613 1206 Filium
2634 1170 2800 1207 unum
2821 1171 2940 1209 esse
2963 1158 3266 1214 tuebimur?
3290 1161 3422 1216 Nam

1864 1249 1910 1304 si
1944 1249 2012 1302 ob
2034 1248 2345 1316 dogmatum
2376 1257 2705 1298 consensum
2735 1282 2749 1306 ,
2779 1254 2831 1296 et
2860 1243 3002 1310 quod
3035 1240 3194 1296 Pater
3234 1257 3264 1294 a
3297 1240 3435 1292 Filio

1865 1355 1973 1394 non
2006 1336 2312 1399 dissentiat,
2343 1345 2399 1389 ut
2425 1335 2612 1390 dicunt
2639 1335 2848 1398 Ariani,
2875 1349 3038 1401 prava
3063 1347 3194 1386 sane
3218 1339 3300 1385 est
3326 1331 3439 1384 haec

1865 1425 2199 1494 intelligendi
2235 1426 2394 1478 ratio.
2452 1423 2661 1476 Etenim
2694 1425 2866 1478 sancti
2893 1464 2908 1486 ,
2959 1431 3012 1476 et
3054 1422 3224 1474 multo
3266 1421 3438 1487 magis

1863 1519 2036 1588 angeli
2069 1527 2122 1572 et
2149 1517 2456 1587 archangeli
2485 1557 2500 1581 ,
2545 1516 2856 1584 hujusmodi
2899 1515 3100 1568 habent
3151 1528 3275 1567 eum
3329 1512 3436 1566 Deu

1862 1623 2214 1673 consensum,
2248 1623 2347 1662 nec
2378 1608 2484 1662 ulla
2509 1608 2648 1676 apud
2677 1608 2823 1676 ipsos
2855 1616 2938 1662 est
2965 1607 3272 1671 dissensio;
3311 1620 3435 1657 nam

1861 1705 1952 1770 qui
1988 1702 2196 1756 discors
2223 1699 2324 1754 fuit
2349 1699 2633 1762 diabolus,
2665 1714 2695 1751 e
2731 1700 2870 1752 cmlo
2911 1697 3105 1752 cadere
3143 1697 3292 1751 visus
3331 1707 3436 1759 est,

1861 1801 1920 1844 ut
1949 1793 2024 1846 ait
2053 1791 2335 1846 Dominus.
2371 1789 2427 1843 Si
2459 1804 2588 1859 ergo
2621 1790 2689 1844 ob
2717 1804 3046 1843 consensum
3078 1788 3236 1842 Pater
3265 1798 3319 1841 et
3347 1788 3437 1840 Fi-

182 1887 336 1922 πτων
366 1871 432 1922 ἐκ
470 1869 573 1922 τῶν
600 1869 864 1940 οὐρανῶν,
913 1868 988 1932 ὼς
1033 1864 1182 1921 εἶπεν
1229 1871 1256 1921 6
1308 1868 1525 1940 Κύριος.
1561 1869 1768 1922 Οὐκοῦν

1862 1882 1966 1938 lius
1997 1897 2164 1937 unum
2202 1891 2367 1947 sunt,
2422 1881 2583 1938 etiam
2614 1879 2845 1955 pepilicia
2891 1895 3013 1949 quae
3051 1880 3123 1933 ita
3174 1895 3294 1933 cum
3327 1879 3435 1932 Deo

182 1963 232 2012 εἰ
262 1961 353 2014 διὰ
381 1961 478 2033 τὴν
513 1963 829 2031 συμφωνίαν
862 1962 920 2014 ἓν
953 1964 1098 2014 ἐστιν
1123 1964 1150 2014 6
1177 1960 1363 2031 Πατὴρ
1420 1961 1514 2013 καὶ
1537 1964 1564 2014 6
1618 1960 1764 2028 Υἱὸς,

183 2054 273 2123 εἴη
304 2052 369 2105 ἂν
397 2054 490 2106 καὶ
521 2053 628 2106 τῶν
653 2053 896 2125 γενητῶν
935 2054 1002 2106 τὰ
1034 2052 1423 2124 συμφωνοῦντα
1452 2047 1594 2106 οὕτω
1634 2056 1768 2126 πρὸς

181 2144 278 2194 τὸν
316 2142 470 2207 Θεὸν,
507 2144 599 2196 καὶ
630 2143 770 2196 εἴποι
811 2145 877 2197 ἂν
915 2144 1161 2206 ἕκαστος·
1209 2162 1226 2194 ι
1273 2142 1412 2212 Ἐγὼ
1462 2146 1554 2197 καὶ
1601 2148 1627 2198 6
1659 2147 1768 2200 Πα-

183 2233 290 2303 τὴρ
323 2235 381 2286 ’ἐν
438 2235 623 2304 ἐσμεν.
651 2254 668 2285 ι
729 2236 791 2287 Εἰ
832 2235 886 2286 δὲ
942 2235 1100 2287 τοῦτο
1159 2235 1376 2288 ἄτοπον·
1423 2235 1620 2289 ἄτοπον
1661 2238 1768 2309 γάρ

184 2325 335 2375 ἐστιν
363 2322 598 2394 άληθῶς·
627 2323 836 2392 ἀνάγκη
867 2324 1051 2376 λοιπὸν
1103 2324 1243 2377 κατὰ
1276 2324 1370 2395 τὴν
1403 2326 1589 2379 οὐσίαν
1631 2332 1768 2382 νοεῖν

187 2414 280 2465 καὶ
307 2413 408 2483 τὴν
441 2412 571 2464 Υἰοῦ
604 2413 697 2464 καὶ
760 2412 968 2481 Πατρὸς
1007 2412 1250 2480 ἑνότητα.
1281 2411 1362 2464 Τὰ
1415 2414 1511 2482 μὲν
1534 2414 1638 2484 γὰρ
1674 2429 1767 2480 γε-

186 2504 324 2574 νητὰ
364 2503 465 2555 κᾶν
499 2504 815 2573 συμφωνίαν
849 2503 945 2574 ἔχῃ
979 2504 1114 2573 πρὸς
1140 2503 1229 2555 τὸν
1272 2505 1627 2574 πεποιηκότα,
1654 2505 1766 2557 ἀλλ’

184 2596 240 2646 ὲν
266 2596 478 2664 κινήσει
531 2596 622 2647 καὶ
690 2595 948 2664 μετουσία
1000 2593 1094 2646 καὶ
1143 2593 1219 2664 νῷ
1277 2593 1480 2664 ταύτην
1513 2594 1645 2663 ἔχει,
1675 2596 1768 2664 ἥν-

189 2704 295 2759 περ
484 2689 510 2740 6
566 2686 641 2758 μὴ
682 2686 918 2754 φυλάξας
957 2686 1279 2756 ἐπιϐέϐληται
1341 2686 1449 2738 τῶν
1499 2685 1764 2756 οὐρανῶν·

197 2779 255 2831 Ὀ
287 2779 345 2830 δὲ
378 2777 504 2840 Υἱὸς
544 2779 605 2830 ἐκ
666 2777 765 2847 τῆς
809 2778 995 2840 οὐσίας
1050 2777 1124 2829 ὢν
1172 2777 1449 2848 γέννημα,
1502 2778 1657 2848 οὐσίᾳ
1709 2777 1767 2830 ἓν

187 2871 336 2922 ἐστιν
514 2868 672 2931 αὐτὸς
699 2870 790 2921 καὶ
811 2871 838 2921 6
864 2870 1126 2938 γεννήσας
1162 2867 1322 2921 αὐτὸν
1354 2869 1563 2939 Πατήρ.

375 2955 476 3008 Διὰ
504 2955 660 3008 τοῦτο
691 2957 797 3027 γὰρ
855 2960 949 3010 καὶ
996 2958 1056 3009 16
1107 2957 1287 3020 ίσάςον
1339 2957 1448 3027 ἔχει
1509 2957 1645 3028 πρὸς
1679 2955 1768 3010 τὸν

182 3048 410 3122 Πατέρα
431 3050 552 3111 ταῖς
582 3049 834 3102 ἐνοειδέσι
860 3051 1084 3118 φωναῖς,
1116 3048 1297 3102 καὶτὰ
1329 3051 1420 3102 ἐπὶ
1443 3049 1535 3102 τοῦ
1558 3049 1769 3119 Πατρδς

182 3141 479 3212 λεγόμενα,
501 3140 672 3192 ταῦτα
735 3141 828 3193 καὶ
847 3141 940 3193 ἐπὶ
981 3140 1110 3194 Υἱοῦ
1143 3142 1387 3208 λέγουσιν
1429 3142 1484 3193 αἱ
1533 3141 1767 3212 Γραφαὶ,

182 3234 358 3306 χωρὶς
391 3234 546 3304 μόνον
729 3231 820 3286 τοῦ
877 3231 1127 3302 λέγεσθαι
1155 3233 1311 3287 αὐτὸν
1333 3233 1568 3304 Πατέρα.
1601 3232 1772 3294 Αὐτὸς

1860 1975 2231 2039 consentient,
2262 1987 2430 2026 unum
2465 1985 2590 2024 cum
2619 1986 2684 2042 eo
2721 1970 2921 2023 fuerint
2942 2011 2956 2034 ,
2989 1984 3221 2042 quorum
3260 1970 3434 2038 quod-

1860 2080 1962 2133 que
1986 2065 2164 2118 dicere
2194 2063 2403 2132 possit:
2437 2080 2454 2112 ι
2489 2061 2597 2132 Ego
2628 2069 2680 2113 et
2723 2059 2882 2114 Pater
2935 2076 3103 2128 unum
3157 2076 3370 2114 smnus.
3409 2079 3426 2107 ι

1860 2158 2014 2224 Quod
2045 2158 2090 2212 si
2119 2155 2412 2210 absurdum
2451 2155 2550 2208 hoc
2589 2155 2698 2214 sit,
2731 2163 3005 2219 utrevera
3035 2161 3116 2207 est
3143 2195 3157 2218 ,
3208 2167 3434 2206 necesse

1859 2251 2076 2305 domum
2111 2246 2421 2311 fueritlli‘ilii
2466 2255 2519 2300 et
2579 2245 2754 2298 Patris
2801 2244 3061 2297 unitalem
3133 2226 3449 2297 secundum

1859 2339 2219 2394 substantiam
2245 2336 2564 2406 intelligere.
2591 2334 2696 2388 Res
2728 2333 2882 2387 facta:
2912 2334 3054 2386 enim
3079 2334 3432 2402 quantumvis

1857 2446 1982 2486 cum
2015 2431 2207 2500 opiﬁce
2235 2445 2334 2483 suo
2357 2442 2684 2484 consensum
2712 2427 2946 2480 habeant
2979 2443 2992 2478 :
3027 2436 3170 2478 motu
3201 2433 3429 2487 tantum,

1857 2521 2303 2591 participatione,
2337 2529 2390 2574 et
2421 2529 2598 2574 mente
2641 2533 2764 2572 eum
2807 2517 3006 2570 habent
3031 2558 3044 2580 ,
3100 2532 3260 2586 quem
3294 2533 3428 2591 cum

1858 2612 1947 2665 ille
1976 2627 2084 2664 non
2116 2617 2408 2672 servasset,
2435 2608 2640 2677 eiectus
2665 2623 2729 2660 ex
2759 2606 2895 2660 cedo
2919 2617 3020 2660 est.
3049 2605 3218 2659 Filius
3247 2587 3424 2658 autem

1856 2718 1981 2758 cum
2016 2704 2085 2756 sit
2117 2717 2182 2755 ex
2218 2700 2523 2753 substantia
2553 2699 2712 2762 fetus,
2735 2697 3042 2751 substantia
3069 2712 3285 2765 quoque
3317 2697 3432 2765 ipse

1856 2803 1928 2859 et,
1957 2793 2052 2865 qui
2079 2791 2264 2863 genuit
2297 2805 2446 2854 eum,
2481 2788 2638 2843 Pater
2670 2804 2839 2842 unum
2872 2796 3020 2841 sunt.

2068 2943 2433 3012 Quamobrem
2471 2941 2698 2996 vocibus
2752 2941 3012 2994 unitatem
3064 2937 3430 2992 indicantibus

1855 3037 2216 3114 :equalitatem
2256 3049 2379 3090 cum
2408 3034 2568 3088 Patre
2603 3033 2808 3087 habere
2837 3031 3069 3107 dicitur,
3106 3039 3159 3082 et
3202 3029 3327 3082 hinc
3372 3029 3432 3082 tit

1857 3145 1916 3188 ut
1955 3148 2075 3202 quae
2307 3129 2373 3183 de
2404 3123 2562 3180 Patre
2599 3122 2858 3178 dicuntur
2884 3163 2898 3187 ,
2950 3120 3138 3174 eadem
3180 3119 3246 3172 de
3295 3118 3430 3171 Filio

1859 3223 2152 3293 Scriptura:
2180 3228 2426 3275 asseraut
2453 3235 2466 3272 :
2492 3231 2553 3271 ea
2583 3225 2765 3270 tamen
2793 3210 3111 3281 exceptione
3164 3209 3308 3280 quod
3343 3209 3431 3262 ille

327 3303 484 3378 εἶπεν
507 3325 534 3377 6
568 3325 713 3387 Υἱός·
755 3344 773 3376 ί
811 3324 1017 3393 Πάντα,
1065 3327 1165 3378 ὅσα
1199 3325 1310 3395 ἔχει
1346 3327 1374 3379 ὁ
1419 3303 1624 3396 Πατὴρ,
1664 3323 1769 3394 ἐμά

1862 3317 2014 3371 Pater
2036 3315 2270 3370 dicatur.
2325 3311 2446 3380 ipse
2475 3310 2620 3364 enim
2649 3307 2820 3363 Filius
2846 3307 2960 3361 ait:
3003 3325 3021 3356 ι
3055 3303 3247 3359 Omnia
3283 3319 3430 3373 qua--

180 3420 361 3472 ὲστι·›
397 3415 473 3488 τῷ
496 3434 554 3469 τε
582 3417 758 3486 Πατρὶ
789 3415 961 3484 ἔλεγε·
1009 3436 1027 3466 ‹
1059 3417 1240 3470 Πάντα
1276 3416 1344 3468 τὰ
1396 3415 1502 3486 ὲμὰ
1539 3415 1612 3467 σά
1634 3416 1769 3478 ἐστι,

182 3527 280 3562 και
301 3507 372 3562 τὰ
399 3509 466 3560 σά
495 3509 653 3579 ἐμά-ι
691 3502 801 3559 οἷον
832 3509 912 3572 τὸ,
942 3507 1093 3571 Θεός.
1139 3528 1155 3559 ι
1182 3507 1312 3570 Θεὸς
1333 3526 1349 3558 ι
1384 3507 1492 3578 γὰρ
1669 3526 1684 3557 ι
1705 3501 1772 3577 ἦν

179 3602 208 3652 6
244 3599 468 3670 Λόγοςνι
503 3599 582 3663 16,
618 3601 1042 3670 Παντοκράτωρ·
1083 3618 1099 3650 ι
1143 3599 1274 3652 Τάδε
1305 3599 1449 3666 λέγει
1499 3600 1525 3650 ὀ
1550 3597 1645 3661 ὢν,
1681 3597 1774 3650 καὶ

180 3695 211 3745 6
244 3687 336 3762 ἦν,
373 3693 818 3762 καὶὸἐρχόμενος
847 3695 875 3744 6
903 3690 1321 3762 Πάντοκράτωρ·
1339 3711 1354 3740 ι
1376 3691 1434 3743 τὸ
1463 3687 1597 3742 εἶναι
1637 3689 1770 3757 φῶς·

189 3800 210 3832 ‹
253 3781 400 3849 Ἐγώ
431 3783 597 3852 etut,»
631 3782 784 3852 φησὶ,
817 3800 834 3832 ι
871 3781 931 3834 16
958 3783 1091 3850 φῶς·
1122 3801 1140 3832 ι
1184 3781 1242 3833 τὺ
1271 3779 1656 3851 δημιουργικὸν
1687 3781 1769 3834 αἷ-

185 3891 322 3927 τιον·
384 3893 401 3926 ι
435 3875 620 3928 Πάντα
677 3874 786 3946 γάρ
846 3873 913 3926 δι’
945 3873 1108 3927 αὐτοῦ
1171 3874 1404 3942 ἐγένετο·
1449 3893 1468 3925 ›
1517 3873 1626 3934 καὶ,
1659 3893 1674 3923 ι
1707 3874 1775 3926 ’Δ

95 3975 98 3980 ’
188 3963 376 4034 βλέπω
408 3964 498 4015 τὸν
543 3964 760 4034 Πατέρα
795 3963 1071 4027 ποιοῦντα,
1104 3964 1278 4018 ταῦτα
1309 3963 1462 4032 κάγὼ
1489 3963 1676 4017 ποιεῖν»
1713 3962 1776 4015 16

186 4051 329 4108 εἶναι
356 4054 544 4108 ἀΐδιον·
585 4075 602 4107 ι
646 4055 719 4107 ’Ή
763 4071 819 4106 τε
860 4074 878 4106 ι
912 4056 1020 4125 γὰρ
1064 4074 1083 4106 ι
1113 4055 1278 4118 ἀΐδιος
1337 4054 1498 4108 αὐτοῦ
1553 4054 1777 4125 δύναμις

187 4148 285 4200 καὶ
312 4145 527 4216 θειότης
559 4187 574 4210 ,
708 4165 726 4198 ι
764 4147 878 4210 καὶ,
914 4165 931 4197 ι
956 4147 1042 4199 Ἐν
1068 4148 1209 4217 ἀρχῇ
1247 4142 1314 4217 ἦν
1340 4149 1368 4199 6
1393 4147 1618 4214 Λόγος,ι
1653 4146 1772 4207 καὶ,

196 4259 215 4292 ι
259 4236 369 4292 Ἦν
399 4239 459 4292 16
488 4239 602 4308 φῶς
630 4220 688 4292 16
716 4239 992 4312 ἀληθινὸν,
1033 4239 1061 4292 ὃ
1091 4239 1314 4309 φωτίζει
1361 4239 1540 4292 πάντα
1568 4237 1778 4308 ἄνθρω-

192 4346 296 4382 πον
326 4329 620 4400 ἐρχόμενον
664 4331 742 4392 είς
795 4328 887 4382 τὸν
927 4327 1147 4398 κόσμον·
1175 4347 1193 4378 ›
1242 4326 1304 4380 τὸ
1353 4322 1490 4380 εἶναι
1551 4327 1773 4396 Κύριος·

199 4438 216 4470 ι
263 4417 495 4488 Ἔϐρεξε
543 4417 650 4488 γὰρ
675 4417 876 4488 Κύριος
905 4417 1044 4470 θετον
1089 4418 1182 4470 καὶ
1206 4415 1318 4486 πῦρ
1341 4415 1490 4487 παρὰ
1513 4415 1736 4487 Κυρίου·
1753 4434 1772 4467 ι

195 4511 290 4564 καὶ
314 4513 344 4563 6
387 4510 485 4580 μὲν
518 4511 704 4581 Πατήρ
738 4527 918 4580 φησιν·
959 4529 976 4560 ι
1001 4508 1142 4578 Ἐγὼ
1169 4508 1422 4579 Κύριος.)
1453 4509 1606 4572 καὶ,‹
1635 4507 1774 4560 Τάδε

194 4601 344 4668 λέγει
379 4600 582 4670 Κύριος
620 4601 648 4651 6
674 4601 806 4663 Θεὸς
1002 4601 1030 4653 6
1081 4599 1525 4670 παντοκράτωρ»
1566 4598 1692 4668 περὶ
1721 4597 1780 4651 δὲ

1856 3423 2071 3479 cunque
2101 3407 2265 3461 habet
2292 3403 2473 3465 Pater,
2505 3417 2622 3455 mea
2653 3409 2783 3456 sunt
2822 3403 2843 3434 ³
2871 3416 2885 3464 ;
2921 3418 2938 3449 ι
2971 3397 3230 3466 Patrique
3259 3397 3425 3450 dixit:

1862 3519 1879 3552 ς
1910 3499 2100 3554 Omnia
2130 3512 2248 3551 mea
2269 3538 2284 3563 ,
2312 3505 2403 3550 tua
2438 3503 2691 3556 sunt,.er
2712 3500 2806 3544 tua
2825 3504 2943 3542 mea
2981 3490 3023 3540 ⁵.
3059 3506 3078 3538 ι
3107 3486 3428 3554 Huiusmodi

1855 3599 1938 3646 est
1963 3590 2093 3644 illud
2116 3630 2129 3654 ,
2162 3587 2301 3642 Deus
2331 3604 2344 3641 ι
2372 3601 2494 3639 nam
2519 3625 2532 3647 ,
2567 3601 2585 3634 ι
2621 3582 2765 3636 Deus
2790 3589 2914 3633 erat
2946 3576 3180 3630 Verbum
3234 3577 3290 3639 ⁸;
3330 3595 3346 3625 ι
3377 3585 3430 3628 et

1858 3681 2008 3744 illud,
2041 3677 2436 3748 Omnipotens:
2469 3693 2488 3725 ι
2525 3673 2650 3728 Hch
2677 3672 2808 3726 dicit
2837 3670 2928 3739 qui
2961 3678 3064 3731 est,
3090 3677 3144 3720 et
3168 3667 3259 3734 qui
3291 3676 3426 3726 erat,

1855 3781 1909 3826 et
1952 3770 2046 3840 qui
2081 3779 2342 3823 venturus
2374 3773 2455 3820 est
2507 3763 2862 3832 Omnipotens
2903 3765 2923 3795 ⁸
2957 3775 3017 3822 ;›
3083 3767 3137 3809 et
3181 3756 3324 3840 quod
3359 3758 3429 3807 sit

1857 3864 1948 3918 lux
1979 3839 1996 3915 γε
2035 3879 2054 3912 ι
2085 3859 2195 3931 Ego
2216 3872 2358 3923 sum,
2391 3876 2409 3908 ι
2445 3855 2641 3924 inquit,
2680 3872 2696 3903 ι
2727 3853 2821 3906 lux
2847 3850 2864 3879 '
2902 3868 2916 3916 ;
2953 3868 2970 3900 ι
3001 3848 3145 3922 quod
3179 3839 3428 3930 sitcrea-

1859 3954 1961 4008 trix
1985 3946 2573 4013 causa,nam,i0mnia
2596 3961 2691 4016 per
2713 3944 2890 4013 ipsum
2911 3934 3060 3996 facta"
3077 3947 3205 3994 sunt
3236 3943 3256 3974 ³
3274 3979 3288 4002 ,
3313 3933 3331 3989 ί
3353 3947 3427 4000 et,

1863 4065 1880 4097 ι
1903 4045 2034 4112 Quae
2055 4043 2212 4099 video
2231 4041 2448 4096 Patrem
2473 4039 2777 4100 facientem,
2800 4037 2916 4090 haec
2945 4043 2999 4088 et
3027 4049 3126 4103 ego
3148 4023 3290 4087 l‘acio
3321 4035 3341 4065 °
3368 4048 3381 4096 ;
3407 4049 3424 4079 ι

1860 4136 2004 4207 quod
2059 4136 2130 4192 sit
2189 4142 2425 4189 aeternus
2454 4146 2469 4185 :
2503 4149 2521 4182 ι
2558 4129 2895 4198 Sempiterna
2928 4147 2946 4179 ι
2977 4127 3121 4182 enim
3159 4145 3175 4176 ι
3216 4138 3429 4193 quoque

1859 4228 1979 4297 ejus
2003 4228 2174 4282 virtus
2206 4234 2260 4280 et
2293 4223 2549 4280 divinitas
2573 4221 2637 4284 ‘°,
2672 4239 2691 4272 ν
2751 4229 2824 4284 et,
2871 4239 2888 4271 ι
2926 4217 2982 4272 In
3021 4217 3288 4287 principio
3317 4224 3435 4268 erat

1863 4319 2101 4375 Verbum
2124 4322 2199 4384 “;
2240 4297 2260 4370 ί
2293 4324 2367 4384 et,
2402 4333 2420 4366 ι
2450 4313 2577 4366 Erat
2606 4313 2699 4365 lux
2729 4327 2853 4365 vera
2880 4327 3000 4379 qua:
3031 4310 3299 4362 illuminat
3319 4323 3436 4360 om-

2185 4360 2199 4385 ι

1866 4427 1986 4466 nem
2017 4409 2292 4465 hominem
2324 4407 2629 4460 venientem
2661 4402 2716 4456 in
2744 4402 3005 4455 mundum
3028 4400 3072 4430 "
3100 4417 3114 4462 ;
3153 4417 3170 4449 ι
3198 4399 3340 4466 quod
3367 4399 3438 4451 sit

1866 4499 2129 4554 Dominus
2165 4517 2178 4529 -
2223 4515 2241 4548 ι
2268 4495 2412 4549 Pluit
2438 4493 2582 4547 enim
2618 4489 2882 4544 Dominus
2913 4489 3090 4555 ignem
3119 4497 3172 4539 et
3206 4487 3439 4554 sulphur

1867 4608 1896 4647 a
1949 4589 2182 4644 Domino
2212 4586 2294 4654 ";
2327 4604 2346 4637 ι
2382 4594 2436 4638 et
2459 4581 2620 4636 Pater
2660 4580 2877 4650 quidem
2913 4579 2989 4632 ait
3022 4595 3035 4630 :
3071 4596 3092 4628 ι
3123 4577 3230 4647 Ego
3259 4576 3439 4629 Domi-
3500 4641 3508 4647 I

195 4690 290 4744 τοῦ
339 4669 479 4744 Υἱοῦ
518 4693 546 4744 6
596 4691 804 4756 Παῦλός
857 4708 1038 4762 φησιν·
1103 4711 1121 4744 ‹
1168 4689 1263 4756 Εἷς
1294 4669 1513 4763 ῨΚύριος
1575 4688 1769 4762 Ἰησοῦς

1867 4699 1972 4740 nus
1999 4683 2042 4714 ’⁸
2064 4724 2079 4749 ,
2113 4700 2132 4733 ι
2167 4687 2252 4747 et,
2303 4697 2322 4730 ι
2349 4676 2474 4732 Haac
2507 4675 2639 4730 dicit
2686 4672 2948 4727 Dominus
2997 4669 3138 4724 Deus
3187 4669 3438 4736 omnipo-

197 4780 454 4852 Χριστός,
490 4781 554 4833 δι’
585 4773 645 4833 οῦ
671 4781 739 4834 τὰ
785 4781 1012 4836 πάντα.»
1055 4782 1166 4834 Καὶ
1219 4782 1296 4854 τῷ
1351 4783 1448 4852 μὲν
1481 4783 1655 4854 Πατρὶ
1680 4781 1782 4835 λει-

199 4873 524 4946 τουργοῦσιν
554 4873 791 4943 ἄγγελοι·
816 4876 844 4927 6
876 4873 931 4926 δὲ
965 4873 1094 4937 Υἱὸς
1124 4875 1504 4945 προσκυνεῖται
1532 4875 1657 4944 παρ’
1687 4873 1782 4926 αὐ-

200 4963 330 5016 τῶν·
369 4981 386 5013 ι
425 4962 533 5015 Καὶ
566 4962 1102 5034 προσκυνησάτωσαν
1134 4962 1282 5033 αὐτῷ
1315 4964 1515 5027 πάντες
1562 4962 1782 5032 ἄγγελοι

202 5049 394 5106 Θεοῦ.»
435 5046 665 5120 Λέγεται
689 5052 746 5106 δὲ
786 5049 924 5106 εἶναι
1117 5053 1212 5105 καὶ
1268 5053 1471 5124 Κύριος
1516 5053 1781 5122 ἀγγέλων·

210 5163 229 5194 ι
266 5144 560 5214 Διηκόνουν
599 5162 617 5194 ι
656 5143 764 5213 γὰρ
796 5163 813 5194 ι
858 5142 1007 5214 αὐτῷ
1042 5145 1091 5196 οἱ
1121 5143 1390 5212 ἄγγελον»
1429 5143 1542 5205 καὶ,
1571 5163 1588 5194 ι
1622 5144 1784 5196 Ἀπο-

207 5235 388 5288 στελεϊ
415 5235 444 5287 6
475 5235 602 5298 Υἱὸς
634 5234 725 5288 τοῦ
755 5234 1038 5307 ἀνθρώπου
1084 5237 1208 5298 τοὺς
1251 5234 1513 5304 ἀγγέλους
1546 5233 1728 5287 αὐτοῦ·
1759 5253 1778 5286 ι

1868 4781 2093 4840 ιεῐιεης
2128 4791 2146 4825 ι
2174 4771 2240 4826 de
2277 4768 2413 4824 Filio
2446 4777 2625 4822 autem
2697 4763 2874 4833 inquit
2908 4760 3111 4816 Paulus
3161 4779 3175 4816 :
3234 4778 3252 4811 ι
3289 4760 3440 4814 Unus

1871 4867 2138 4922 Dominus
2165 4863 2323 4919 Iesus
2350 4861 2618 4924 Christus,
2651 4873 2746 4928 per
2779 4871 2939 4926 quem
2973 4853 3156 4908 omnia
3178 4853 3244 4907 ¹⁶.
3282 4871 3298 4903 ι
3337 4851 3441 4904 Pa-

1871 4956 1941 5012 tri
1975 4956 2284 5010 ministrant
2319 4950 2493 5022 angeli
2523 4991 2536 5014 ,
2571 4947 2740 5001 Filius
2773 4955 2952 5000 autem
2986 4945 3051 4997 ab
3083 4943 3218 5014 ipsis
3249 4943 3444 4997 adora—

1872 5058 1999 5103 tur:
2031 5066 2050 5098 ι
2081 5045 2148 5100 Et
2177 5045 2401 5100 adorent
2426 5057 2550 5096 eum
2578 5051 2768 5095 omnes
2799 5037 2973 5109 angeli
3011 5034 3106 5091 Dei
3130 5037 3195 5090 ".
3230 5053 3249 5086 ι
3303 5033 3441 5088 Βίεἰο

1876 5149 1962 5192 tur
1996 5138 2158 5192 etiam
2193 5149 2315 5192 esse
2349 5121 2616 5188 Dominus
2649 5129 2986 5200 angelorum,
3028 5141 3174 5193 nam,
3211 5144 3230 5177 ‹
3256 5125 3442 5194 Angeli

1877 5229 2261 5286 ministrabant
2316 5226 2366 5281 ei
2390 5226 2474 5290 ης
2517 5243 2535 5275 ι
2570 5232 2624 5278 et
2648 5265 2663 5290 ,
2732 5241 2749 5272 ι
2783 5221 2956 5274 Mittet
2991 5219 3162 5272 Filius
3207 5202 3445 5270 hominis

201 5327 262 5379 16
285 5326 548 5398 τιμᾶσθαι
580 5327 655 5391 ὡς
678 5327 766 5380 τόν
792 5306 1029 5398 Πατέρα·
1069 5347 1086 5378 ι
1114 5329 1226 5380 Ἵνα
1263 5347 1280 5378 ι
1317 5327 1447 5397 γὰρ,
1467 5327 1618 5397 φησὶ,
1661 5344 1678 5376 ι
1707 5343 1769 5378 τι·

1875 5321 2094 5389 angelos
2157 5332 2287 5372 suos
2308 5319 2398 5380 ";
2439 5333 2456 5366 ι
2491 5312 2633 5384 quod
2697 5314 2993 5379 honoretur
3049 5309 3191 5364 sicut
3237 5306 3438 5359 Pater:

211 5393 360 5484 μῶσί
387 5413 478 5467 16v
501 5414 648 5477 Υἱὸν,
685 5414 865 5477 καθὼς
894 5393 1092 5485 τιμῶσι
1123 5416 1212 5468 τὸν
1258 5393 1488 5488 Πατέρα
1510 5393 1539 5466 ι’
1567 5415 1626 5468 16
1647 5412 1763 5469 εἷνα

1883 5431 1900 5462 ι
1932 5409 2001 5465 Ut
2035 5429 2054 5461 ι
2078 5452 2092 5474 ,
2128 5408 2320 5479 inquit,
2347 5401 2377 5458 ἰ
2410 5404 2765 5460 honorificent
2798 5398 3017 5464 Filium,
3051 5398 3192 5452 sicut
3223 5393 3416 5448 ιιοιιο·ἱ

211 5504 307 5557 τσα
340 5505 480 5575 Θεῷ·
518 5524 536 5557 ι
559 5506 671 5576 Οὐχ

273 5621 292 5652 ⁸
322 5613 486 5671 Joan.
528 5635 580 5677 κ,
615 5618 704 5671 30.

195 5698 218 5725 "
253 5687 415 5742 Joau.
450 5703 566 5748 rm,
610 5689 692 5740 1'2.

201 5758 296 5812 ἓιί.

203 5829 473 5891 xxiv,5|.

803 5620 823 5648 ²
853 5618 1010 5672 Joan.
1041 5609 1154 5682 ᾖεν,
1203 5617 1257 5672 9.

757 5689 790 5719 ’⁸
823 5687 979 5741 Juan.
1007 5703 1055 5741 λι.
1081 5690 1138 5743 5.
1225 5688 1246 5718 ⁹
1279 5685 1437 5741 Joan.
1461 5702 1514 5747 ν.
1546 5687 1633 5739 l9.

382 5758 425 5788 ’δ
455 5759 689 5811 Malarh.
721 5775 806 5823 ιιι,
839 5758 892 5811 6.
971 5757 1011 5790 ¹⁸
1041 5757 1175 5813 Gen.
1208 5772 1334 5817 xvn,
1368 5757 1417 5813 1.

550 5830 595 5860 ’θ
632 5829 790 5884 Joan.
824 5845 876 5894 ν,
908 5823 999 5882 ‘25.

1362 5614 1568 5670 ’Joan.
1621 5631 1732 5670 xvi.
1783 5615 1866 5668 15.

1729 5685 1771 5719 ¹⁰
1800 5684 1956 5739 Rom.
1991 5701 2034 5746 ι,
2067 5683 2159 5738 ‘20.

1522 5757 1565 5788 ¹⁶
1596 5754 1615 5810 l
1647 5753 1773 5810 Cor.
1809 5772 1926 5821 νηι,
1957 5754 2010 5810 6.

858 5507 1147 5578 ἁρπαγμὸν
1182 5509 1421 5579 ἡγήσατο
1445 5508 1505 5560 16
1536 5503 1671 5562 εἶναι
1698 5510 1769 5562 ἴσα

1879 5505 2039 5559 licant
2084 5500 2296 5554 Patrem
2320 5495 2385 5555 '°.
2426 5517 2444 5548 ι
2510 5494 2665 5561 Quod
2701 5493 2770 5547 sit
2803 5490 3026 5559 aequalis
3076 5487 3185 5542 Deo
3221 5504 3234 5539 :
3277 5505 3293 5537 ι
3327 5483 3446 5539 Non

3065 5597 3086 5628 ⁸
3127 5599 3294 5664 Apoc.
3329 5610 3364 5659 ι,
3395 5593 3452 5648 8.

3105 5667 3310 5722 "Gen.
3344 5680 3452 5722 xix.

1975 5615 1995 5643 ¹⁶
2035 5611 2193 5667 Joan.
2245 5627 2374 5671 xvu,
2414 5610 2499 5663 10.
2597 5606 2616 5637 '
2651 5603 2807 5658 Joan.
2847 5615 2884 5671 ι.
2911 5598 2966 5671 _|.

2256 5682 2292 5714 ιι
2319 5667 2476 5734 Joan.
2521 5693 2559 5746 ι,
2593 5677 2644 5728 1.
2677 5673 2784 5746 με·
2814 5669 2947 5746 ibid.
2973 5667 3028 5746 9.

2092 5756 2129 5786 ¹⁷
2169 5751 2333 5808 Hebr.
2370 5765 2408 5816 ι,
2440 5749 2493 5802 6.
2545 5737 2556 5746 ’
2596 5746 2636 5776 ¹⁸
2677 5741 2869 5798 Matth.
2903 5753 2979 5804 tv,
3021 5737 3103 5794 ll.
