3860 6570
459 409 571 473 4S3

1703 401 2082 463 EUTllYMll
2126 400 2485 461 ZlGABENl

3604 395 3700 461 484

460 542 703 611 rapinam
739 537 1031 594 arbitratus
1061 545 1143 591 est
1170 551 1290 591 esse
1323 552 1381 591 se
1429 532 1694 604 aequalem
1742 533 1852 589 Deo
1892 540 1904 569 ³
1944 553 1959 587 :
2001 556 2021 590 ι

2146 535 2312 607 Θεῷ-ι
2343 534 2403 589 τό
2428 531 2563 590 εἶναι
2589 534 2649 600 ἐξ
2679 532 2935 607 ἀληθινοῦ
2961 533 3241 605 ἀλήθειαν,
3270 532 3365 589 και
3419 534 3487 587 ἰκ
3524 534 3704 598 ζῶντος

452 632 598 701 quod
618 631 688 686 sit
708 646 769 683 ex
794 645 919 683 vero
942 629 1159 692 veritas,
1174 644 1240 682 ex
1263 628 1473 684 vivente
1493 630 1622 693 vita,
1646 640 1704 684 ut
1724 629 1818 698 qui
1843 643 2029 685 revera

452 739 520 778 ex
550 723 722 777 Patris
756 720 901 776 fonte
924 721 1296 776 emanaverit:
1327 722 1469 791 quod
1504 719 1674 775 Filius
1706 720 1939 774 vivilicet
1973 727 2029 775 et

454 812 681 867 suscitet
727 820 974 865 mortuos
1010 812 1152 864 sicut
1182 809 1371 876 Pater,
1413 810 1487 864 ita
1522 810 1667 864 enim
1723 809 1921 880 legitur
1970 810 2025 864 in

457 906 764 974 Evangelio.
797 903 861 957 Et
886 904 951 957 de
986 902 1144 957 Patre
1168 903 1385 973 quidem
1417 903 1681 972 scriptum
1709 909 1794 956 est
1821 919 1835 955 :
1870 918 1890 952 ι
1932 898 2029 956 Do-

456 1001 638 1053 minus
663 997 805 1051 Deus
830 1007 976 1061 tuus,
1007 1012 1148 1050 unus
1173 994 1435 1049 Dominus
1459 1001 1542 1049 est
1578 996 1599 1027 ³
1634 1008 1651 1058 ;
1678 1011 1696 1045 ι
1718 1002 1806 1048 et:
1843 1010 1862 1045 ι
1884 991 2027 1048 Deus

455 1091 680 1141 deorum
719 1084 980 1139 Dominus
1006 1084 1220 1138 loeutus
1244 1092 1346 1149 est,
1366 1090 1420 1137 et
1443 1082 1653 1138 vocavit
1675 1090 1873 1137 terram
1908 1081 1931 1114 ³
1954 1099 1971 1149 ;
2003 1101 2023 1135 ι

434 1177 524 1229 de
552 1176 689 1231 Filio
712 1186 915 1241 autem,
952 1194 970 1227 ι
997 1174 1137 1230 Deus
1161 1173 1425 1229 Dominus
1439 1184 1492 1229 et
1513 1174 1688 1228 illusit
1715 1175 1872 1229 nobis
1926 1177 1974 1237 ⁸,
2003 1191 2023 1226 ι

456 1279 531 1332 et,
570 1288 588 1319 ι
617 1268 896 1323 Videbitur
922 1267 1063 1322 Deus
1089 1267 1313 1323 deorum
1345 1267 1397 1320 iu
1430 1264 1562 1319 Sion
1606 1265 1649 1319 '.
1678 1284 1696 1316 ι
1721 1262 1787 1319 Ει
1808 1278 2026 1319 rursum

459 1359 528 1414 de
561 1359 670 1413 Deo
699 1359 915 1429 quidem
949 1357 1024 1412 ait
1055 1357 1223 1413 Isaias
1250 1375 1265 1411 :
1298 1375 1315 1407 ι
1341 1355 1476 1421 Quis
1509 1355 1682 1419 Deus,
1714 1363 1787 1409 ut
1818 1364 1897 1415 tu,
1926 1352 2030 1408 tol-

461 1452 581 1506 lens
615 1451 963 1521 iniquitates,
997 1458 1050 1503 et
1080 1463 1343 1518 superans
1371 1447 1666 1518 injustitias
1715 1443 1736 1474 ‘
1759 1446 1783 1500 ?
1809 1466 1828 1499 ι
1858 1445 2032 1502 Filius

460 1557 590 1597 vero
638 1542 886 1607 dicebat,
932 1541 1131 1611 quibus
1183 1539 1396 1608 placuit
1434 1539 1535 1609 ipsi
1569 1556 1584 1591 :
1616 1556 1635 1591 ι
1671 1537 2034 1594 Dimittuntur

461 1633 559 1687 tibi
594 1640 813 1701 peccata
841 1640 933 1685 tua
976 1630 996 1662 '
1029 1648 1042 1685 :
1085 1649 1103 1682 ι
1132 1645 1242 1699 quo
1277 1638 1515 1699 tempore
1542 1627 1748 1685 ludatis
1776 1644 2030 1685 murmu-

464 1724 749 1790 rantibus,
787 1737 951 1793 opere
1000 1722 1148 1777 illam
1201 1721 1581 1776 remissionem
1629 1720 2030 1791 comprobavit,

464 1815 652 1869 dicens
708 1813 1005 1884 paralytico
1035 1832 1047 1867 :
1084 1832 1102 1864 ι
1129 1812 1337 1883 Surge,
1368 1813 1495 1867 tolle
1534 1812 1822 1881 grabatum
1850 1822 2033 1878 tuum,

2144 626 2309 698 ζωὴν,
2342 625 2418 690 ὡς
2472 625 2580 679 ἀπό
2621 628 2804 697 πηγῆς
2850 625 3018 689 ὅντως
3126 635 3144 645 '
3254 624 3349 677 τοῦ
3384 624 3613 695 Πατρός,
3648 627 3702 678 τὸ

2143 718 2423 782 ζωοποιεῖν
2450 717 2541 771 τὸν
2573 716 2700 771 Υίὸν
2733 715 2826 770 καὶ
2846 716 3078 788 ἐγείρειν
3106 716 3234 779 τοὺς
3261 717 3490 787 νεκροὺς
3531 715 3703 787 ὥσπερ

2142 811 2172 863 6
2204 810 2426 881 Πατήρ·
2466 808 2608 863 οὕτω
2644 809 2753 881 γὰρ
2808 810 2866 862 ἐν
2913 808 2989 880 τῷ
3022 808 3339 879 Εὑαγγελίῳ
3386 808 3701 877 γέγραπται.

2142 899 2254 953 Καὶ
2284 899 2410 972 περὶ
2462 900 2561 972 μὲν
2591 898 2686 953 τοῦ
2743 898 2957 970 Πατρός
3004 899 3333 972 γέγραπταιο
3390 916 3410 950 ι
3458 898 3706 968 Κύριοςό

2145 989 2277 1054 Θεός
2307 1008 2422 1055 σου,
2456 989 2661 1063 Κύριος
2706 984 2787 1054 εἷς
2818 992 2955 1043 ἐστι’
2981 1008 3000 1042 ι
3047 988 3161 1053 καὶ,
3214 1007 3233 1041 ι
3270 988 3404 1053 Θεός
3434 987 3574 1042 θεῶν
3603 989 3703 1042 Κύ-

2149 1098 2262 1154 ριος
2290 1079 2537 1154 ἐλάλησε,
2586 1079 2679 1135 καί
2712 1080 2937 1135 ἐκάλεσε
2998 1078 3096 1150 τὴν
3123 1077 3247 1149 γῆν·
3278 1097 3297 1130 ι
3344 1077 3474 1149 περὶ
3513 1077 3571 1130 δὲ
3623 1078 3705 1131 τοῦ

2144 1171 2277 1227 Υίοῢ
2324 1172 2455 1238 Θεὸς
2507 1172 2732 1245 Κύριος,
2792 1171 2967 1237 καί,-ι
3002 1170 3299 1240 Ἐπέφανεν
3346 1173 3504 1242 ἡμῖν,
3547 1187 3567 1222 ι
3605 1170 3705 1235 καὶ,

2149 1281 2170 1316 ι
2202 1262 2527 1336 Ὀφθήσεται
2571 1266 2601 1317 6
2628 1262 2760 1326 Θεὸς
2815 1262 2926 1317 τῶν
2960 1260 3099 1315 θεῶν
3157 1264 3217 1315 ὲν
3268 1259 3438 1314 Σιών·
3477 1279 3497 1313 a
3561 1260 3708 1314 πάλιν

2141 1372 2201 1409 τε
2381 1353 2507 1427 περὶ
2543 1353 2642 1426 μὲν
2671 1352 2765 1408 τοῦ
2814 1352 2949 1407 Θεοῦ
2982 1370 3146 1425 φησιν
3195 1354 3225 1407 6
3265 1352 3515 1415 Ἠσαῖαςο
3573 1371 3593 1404 ι
3626 1353 3709 1415 Τίς

2141 1446 2292 1513 Θεὸς,
2318 1446 2506 1518 ὥσπερ
2545 1447 2634 1512 σὺ,
2679 1446 2911 1518 ἐξαίρων
2948 1445 3199 1516 ἀνομίας,
3232 1443 3327 1499 καὶ
3381 1444 3709 1515 ὑπερϐαίνων

2141 1538 2388 1604 ἀδικίαςς
2432 1557 2450 1591 ι
2487 1538 2517 1591 6
2550 1537 2608 1592 δὲ
2647 1536 2775 1602 Υἱός
2806 1535 2994 1605 ἔλεγεν
3022 1530 3105 1599 οἷς
3156 1534 3367 1607 ἤθελεν⁶
3413 1554 3432 1587 ι
3487 1535 3710 1604 ’Δφέων-

2140 1630 2230 1684 ταί
2264 1645 2357 1683 σου
2386 1630 2443 1683 αι
2493 1628 2758 1701 ἁμαρτίαι
2805 1640 2825 1659 ⁸
2970 1645 2990 1680 ι
3026 1627 3117 1681 ὅτε
3160 1626 3253 1682 καὶ
3297 1626 3407 1681 τῶν
3454 1628 3709 1681 Ἰουδαίων

2142 1717 2535 1789 γογγυζόντων,
2567 1718 2714 1791 ἔργῳ
2745 1716 2847 1789 τὴν
2896 1717 3091 1786 ἄφεσιν
3129 1717 3389 1785 ἐδείκνυε,
3441 1716 3617 1787 λέγων
3646 1719 3709 1787 τῷ

2142 1810 2515 1883 παραλυτικῷ*
2552 1829 2571 1862 ι
2609 1811 2880 1882 Ἕγειραι,
2912 1805 3045 1882 ἆρον
3095 1810 3189 1864 τὸν
3247 1809 3563 1878 κράϐϐατόν
3606 1827 3703 1872 σου,

461 1913 517 1958 et
545 1904 677 1957 vade
704 1902 758 1956 in
791 1903 1011 1957 domum
1055 1910 1205 1956 tuam
1251 1903 1296 1956 '.
1331 1918 1351 1953 ι
1404 1900 1477 1956 De
1502 1900 1613 1956 Deo
1643 1917 1863 1972 quoque
1893 1902 2031 1957 dixit

2146 1906 2234 1959 καὶ
2280 1904 2459 1973 ὕπαγε
2495 1905 2575 1969 είς
2607 1903 2697 1958 τδν
2730 1901 2875 1957 οἶκόν
2910 1922 3023 1959 σου.
3062 1923 3080 1957 ι
3146 1904 3256 1960 Καὶ
3298 1902 3425 1977 περὶ
3465 1905 3569 1975 μὲν
3621 1904 3702 1957 τοῦ

466 1992 709 2048 Paulus:
741 2011 759 2044 ι
791 1991 923 2063 Regi
954 1992 1275 2046 saeculorum
1317 1995 1339 2026 ⁸
1370 2008 1386 2058 ;
1422 2009 1442 2043 ι
1472 1992 1541 2048 de
1564 1992 1702 2047 Filio
1723 2002 1901 2048 autem
1930 1994 2035 2047 Da-

466 2081 555 2135 vid
582 2081 807 2135 cecinit:
840 2099 859 2133 ‹
884 2080 1125 2135 Attollite
1154 2087 1361 2149 portas,
1387 2081 1682 2151 principes,
1716 2091 1949 2149 vestras,
1981 2091 2037 2137 et

465 2171 786 2234 elevamiui,
829 2179 997 2241 porta;
1039 2169 1362 2236 seteruales,
1407 2180 1461 2227 et
1488 2172 1734 2227 introibit
1776 2172 1891 2228 Rex
1918 2173 2037 2244 gloc

467 2263 657 2328 riae”;
692 2282 710 2314 ι
747 2261 932 2317 Daniel
965 2277 1096 2317 vero
1126 2262 1240 2318 haec
1274 2263 1519 2319 audivit:
1548 2283 1567 2316 ι
1598 2263 1844 2335 Regnum
1892 2265 2034 2335 ejus,

466 2368 693 2422 regnum
724 2355 1113 2425 sempiternum
1138 2352 1179 2385 "
1203 2398 1218 2422 ,
1252 2374 1270 2408 ι
1314 2366 1402 2424 et,
1440 2375 1460 2408 ι
1493 2358 1740 2427 Regnum
1774 2359 1895 2427 ejus
1927 2374 2035 2413 non

467 2457 848 2516 corrumpetur
872 2450 934 2501 ι’.
972 2465 990 2498 ι
1033 2446 1257 2501 Demum
1288 2462 1629 2519 quaecunque
1663 2450 1731 2504 de
1760 2448 1922 2504 Patre
1950 2451 2039 2504 di-

468 2544 555 2591 cta
584 2538 868 2606 repereris,
908 2546 987 2592 tot
1018 2547 1275 2610 tantaque
1304 2540 1371 2595 de
1396 2539 1535 2596 Filio
1564 2541 1707 2597 dicta
1735 2542 2040 2611 deprehen-

468 2627 586 2693 des,
614 2642 675 2682 ea
705 2628 879 2682 solum
914 2631 1252 2699 exceptione,
1276 2632 1420 2702 quod
1448 2631 1564 2703 ipse
1588 2647 1698 2689 nou
1742 2634 1815 2688 sit
1855 2632 2038 2702 Pater,

471 2726 531 2772 ut
556 2719 759 2775 dictum
788 2723 1037 2791 superius
1067 2733 1168 2778 est.

540 2917 630 2972 50.
670 2915 726 2971 Si
752 2917 876 2988 quis
916 2918 1083 2989 igitur
1123 2919 1269 2975 aliud
1305 2920 1633 2993 principium
1663 2931 1717 2978 et
1745 2922 1912 2977 alium
1938 2921 2042 2979 Pa-

472 3018 609 3063 trem
642 3009 932 3080 exc0gitet,
962 3025 1028 3066 eo
1063 3011 1209 3081 quod
1255 3012 1486 3082 aequalia
1519 3012 1630 3067 sint
1677 3029 1801 3083 quae
1842 3014 2041 3070 dicun-

474 3110 582 3166 tur,
632 3101 884 3156 insanum
929 3111 1076 3158 certe
1129 3103 1261 3158 illud
1320 3112 1711 3159 commentum.
1755 3104 1810 3160 Si
1856 3116 2039 3162 autem

472 3194 601 3262 quia
630 3192 800 3248 Filius
828 3210 895 3249 ex
920 3194 1080 3250 Patre
1108 3204 1211 3261 est,
1238 3196 1424 3250 omnia
1453 3211 1575 3266 quae
1598 3195 1777 3253 Patris
1803 3210 1932 3254 sunt
1962 3200 2043 3267 (ut

473 3287 526 3341 in
559 3288 795 3356 imagine
826 3297 880 3344 et
912 3287 1246 3359 charactere)
1278 3286 1399 3343 Filii
1434 3297 1564 3344 sunt
1609 3305 1624 3342 :
1671 3304 1830 3361 aequo
1858 3290 2037 3345 animo

2146 3279 2307 3349 κτῆρι
2337 3275 2429 3330 τοῦ
2477 3273 2606 3330 Υίοῦ
2665 3277 2802 3339 ἐστι,
2851 3272 3193 3346 λογισώμεθα

468 3380 799 3451 cogitemus,
828 3397 955 3435 num
983 3380 1285 3437 substantia
1315 3382 1491 3438 aliena
1521 3398 1552 3438 a
1579 3381 1765 3453 Patris
1787 3382 2045 3439 substan-

469 3471 567 3537 tia,
622 3471 929 3528 istiusmodi
976 3489 1158 3528 rerum
1207 3488 1376 3544 capax
1416 3474 1487 3529 sit
1520 3490 1535 3528 :
1567 3484 1622 3529 et
1668 3474 1746 3539 si,
1779 3475 1872 3544 qui
1920 3475 2045 3531 talis

468 3570 576 3624 est,
604 3562 832 3618 diversre
854 3574 1081 3627 naturae,
1104 3577 1157 3619 et
1182 3564 1371 3619 aliena:
1399 3563 1716 3620 substantiae
1740 3565 1830 3631 sit,
1856 3573 1911 3619 et
1934 3580 2044 3620 nou

472 3652 657 3722 potius
694 3651 843 3709 Patri
876 3654 1380 3712 consubstantialis.
1420 3654 1733 3710 Cavendum
1776 3656 1944 3719 enim,
1978 3670 2046 3711 ne

470 3759 593 3813 qua:
612 3742 786 3801 Patris
806 3746 1019 3817 propria
1057 3754 1183 3803 sunt
1217 3745 1600 3803 transferentes
1625 3746 1692 3800 ad
1713 3744 1866 3811 illud,
1902 3745 2046 3816 quod

472 3836 522 3891 ei
568 3838 874 3894 substantia
925 3838 1193 3894 dissimile
1237 3848 1343 3905 est,
1373 3846 1427 3894 et
1460 3854 1529 3894 ne
1570 3839 1625 3894 in
1657 3853 1723 3894 eo
1751 3839 1846 3907 qui
1885 3837 2049 3893 dissi-

473 3924 620 3981 milis
652 3935 872 3994 uatura,
899 3938 953 3984 et
978 3928 1193 3985 alienus
1221 3930 1526 3986 substantia
1563 3940 1666 3997 est,
1698 3930 1875 3989 Patris
1904 3932 2046 3988 divi-

475 4017 697 4072 nitatem
737 4018 1119 4090 designautes,
1158 4030 1475 4078 extraneam
1518 4023 1679 4077 aliam
1724 4024 2047 4083 inducamus

472 4109 862 4175 substantiam,
904 4110 1095 4179 prima:
1124 4111 1443 4183 substantia:
1474 4113 1861 4183 proprietatum
1893 4130 2049 4187 capa-

472 4213 639 4254 cem:
679 4199 995 4269 pudoreque
1043 4198 1343 4255 alliciamur
1383 4200 1455 4254 ab
1485 4200 1607 4271 ipso
1659 4199 1769 4256 Deo
1810 4201 2043 4272 dicente,

480 4307 499 4340 ι
526 4287 763 4343 Gloriam
794 4304 971 4344 meam
997 4289 1152 4344 alteri
1184 4304 1292 4344 non
1324 4289 1465 4346 dabo
1480 4291 1575 4355 ",9
1597 4301 1653 4347 et
1681 4290 2042 4362 deprehenda-

475 4396 599 4436 ntur
644 4380 880 4435 alienum
928 4380 1192 4447 adorare,
1224 4381 1465 4451 talesque
1501 4380 1821 4453 liabeamur,
1853 4388 2043 4455 quales

476 4470 608 4525 olim
627 4469 777 4526 luere
793 4469 1096 4541 Judaei,qui
1119 4472 1337 4529 aiebant
1435 4484 1452 4524 :
1551 4493 1569 4527 ι
1595 4473 1772 4542 Quare
1789 4478 2049 4545 tu,liomo

480 4576 606 4615 cum
634 4562 732 4627 sis,
766 4561 899 4617 facis
931 4562 1162 4631 teipsum
1194 4561 1365 4618 Deum
1396 4564 1481 4619 “1'
1510 4584 1531 4619 ι
1572 4580 1697 4620 cum
1729 4567 1805 4622 illi
1832 4583 1897 4623 ea
1925 4583 2048 4640 quae

2140 1996 2275 2049 Θεοῦ
2305 1996 2491 2066 ἔλεγεν
2683 1997 2711 2049 6
2740 1994 2975 2059 Παῦλος*
3036 2014 3056 2049 ι
3114 1996 3206 2067 Τῷ
3251 1997 3308 2051 δὲ
3362 1997 3578 2067 βασιλεί
3613 1997 3706 2049 τῶν

2141 2087 2373 2144 αἰώνωνο
2408 2107 2427 2141 ι
2479 2087 2606 2160 περὶ
2658 2086 2714 2140 δὲ
2748 2087 2840 2141 τοῦ
2892 2086 3023 2141 Υίοῦ
3067 2088 3095 2142 6
3129 2088 3227 2160 μὲν
3266 2088 3429 2142 Δαΰὶδ
3474 2088 3704 2159 ἔψαλλεν·

2146 2199 2165 2233 ι
2206 2182 2407 2254 ΙἌρατε
2439 2179 2633 2247 πύλας,
2666 2183 2715 2234 οἱ
2740 2182 3016 2252 ἄρχοντες,
3070 2178 3224 2250 ὑμῶν
3269 2215 3288 2241 .
3420 2182 3519 2234 καὶ
3554 2181 3707 2252 ἐπάρ-

2141 2272 2293 2344 θητε,
2318 2273 2480 2327 πύλαι
2512 2272 2737 2337 αίὼνιοι,
2769 2273 2864 2326 καὶ
2889 2271 3261 2353 είσελεύσεται,
3283 2276 3311 2327 6
3334 2273 3590 2344 βασιλεὺς
3618 2275 3706 2343 τῆς

2140 2366 2350 2439 δόξηςί
2390 2370 2420 2420 6
2451 2367 2507 2420 δὲ
2538 2366 2737 2437 Δανιὴλ
2766 2366 3015 2436 ἤκουσεν*
3077 2384 3095 2417 ι
3134 2365 3201 2418 Ἡ
3258 2364 3507 2436 βασιλεία
3556 2365 3703 2419 αὖτοῦ

2142 2457 2387 2529 βασιλεία
2415 2457 2680 2523 αἰώνιος,›
2710 2455 2823 2521 καὶ,
2852 2474 2871 2508 ι
2920 2455 2986 2509 Ἡ
3023 2455 3268 2527 βασιλεία
3298 2455 3467 2510 αὑτοῦ
3513 2456 3571 2508 οὐ
3606 2456 3704 2508 δια-

2142 2550 2497 2621 φθαρήσεται.
2525 2568 2544 2601 »
2587 2547 2697 2602 Καὶ
2725 2546 2863 2611 ὅλως
2882 2546 2983 2601 ὅσα
3011 2546 3077 2600 ἂν
3108 2545 3287 2618 εὕροις
3320 2548 3449 2618 περὶ
3486 2546 3578 2599 τοῦ
3612 2547 3705 2599 Πα-

2143 2640 2271 2712 τρὸς
2307 2639 2595 2711 λεγόμενα,
2618 2637 2858 2693 τοσαῦτα
2886 2636 2952 2691 ἂν
2984 2637 3166 2709 εὕροις
3197 2637 3291 2691 καὶ
3324 2638 3453 2709 περὶ
3486 2637 3577 2691 τοῦ
3596 2636 3703 2690 Υἱοῦ

2142 2720 2430 2801 λεγόμενα,
2458 2730 2625 2803 χωρίς
2653 2730 2812 2802 μόνου
2838 2728 2932 2783 τοῦ
2965 2727 3103 2784 εἶναι
3141 2728 3303 2783 αὐτὸν
3336 2729 3578 2801 Πατέρα,
3622 2746 3704 2781 κα-

2144 2823 2283 2877 θάπε
2290 2839 2321 2894 ρ
2349 2823 2583 2893 εἴρηται.

2218 2915 2307 2969 50.
2330 2914 2392 2966 Ei
2416 2914 2514 2985 μὲν
2545 2913 2639 2966 ούν
2693 2911 2858 2982 ἄλλην
2893 2911 3066 2983 ἀρχὴν
3114 2910 3428 2982 ἑνθυμεϊταί
3470 2928 3574 2976 τις,
3626 2911 3704 2963 καὶ

2143 3005 2302 3060 ἄλλον
2333 3003 2555 3076 Πατέρα
2580 3003 2665 3056 διὰ
2684 3003 2744 3056 τὸ
2777 3000 2959 3067 ἰσάζον
2984 3003 3093 3056 τῶν
3134 3002 3464 3073 λεγομένων,
3504 3003 3702 3074 μανικὸν

2141 3097 2203 3152 τὸ
2228 3096 2536 3168 ἐνθύμημα·
2565 3096 2612 3148 εί
2639 3093 2694 3148 δὲ
2722 3095 2812 3148 διὰ
2864 3094 2925 3149 τὸ
2961 3096 3023 3148 ὲκ
3063 3091 3157 3148 τοῦ
3214 3094 3429 3165 [ἰατρὸς
3459 3089 3592 3146 εἶναι
3625 3092 3702 3146 τὸν

2144 3189 2292 3253 Υἱὸν,
2318 3190 2496 3243 πάντα
2517 3186 2585 3240 τὰ
2614 3185 2704 3240 τοῦ
2746 3186 2979 3258 Πατρός,
3033 3184 3110 3249 ὡς
3150 3187 3208 3241 ὲν
3236 3186 3404 3239 εἰκόνι
3436 3187 3528 3240 καὶ
3549 3203 3695 3257 χαρα-

3382 3274 3630 3347 εύμενῶς,
3654 3275 3695 3325 εί

2146 3372 2270 3442 ξένη
2301 3370 2456 3425 ούσία
2484 3371 2581 3441 τῆς
2603 3368 2696 3423 τοῦ
2726 3367 2939 3440 Πατρός
2967 3366 3153 3431 οὐσίας
3176 3366 3401 3439 δεκτικὴ
3419 3367 3525 3420 τῶν
3549 3365 3695 3419 modo

2142 3483 2250 3519 των
2279 3465 2412 3518 ἐστί’
2455 3464 2549 3517 καὶ
2586 3465 2635 3517 εί
2665 3463 2694 3516 6
2712 3462 2949 3526 τοιοῦτος
2970 3461 3265 3533 ὲτεροφυὴς
3298 3463 3393 3515 καὶ
3418 3458 3696 3531 ἀλλοτριού-

2146 3557 2260 3620 σιός
2428 3556 2565 3618 ἐστι,
2617 3555 2713 3608 καὶ
2756 3555 2855 3624 οὐχ
2899 3551 3181 3624 ὁμοούσιος
3222 3552 3303 3623 τῷ
3330 3552 3524 3625 Πατρί.
3549 3551 3696 3604 Εὐλα-

2146 3650 2337 3721 6ητέον
2370 3648 2478 3720 γὰρ
2501 3647 2575 3718 μὴ
2602 3646 2670 3700 τὰ
2702 3644 2795 3699 τοῦ
2828 3643 3040 3716 Πατρός
3072 3644 3179 3697 ίδια
3215 3645 3598 3715 μεταφέροντες
3620 3642 3696 3694 ἐπὶ
3793 3647 3797 3655 “

2143 3740 2204 3793 τὸ
2245 3737 2645 3808 ἀνομοιοούσιον
2668 3734 2834 3806 αὐτῷ,
2860 3735 2953 3789 καὶ
3003 3736 3060 3787 ὲν
3083 3736 3461 3805 ἀνομοιογενεῖ
3493 3734 3580 3786 καὶ
3620 3731 3697 3785 ἁλ-

2144 3830 2490 3903 λοτριοουσίῳ
2530 3826 3019 3901 χαρακτηρίζοντες
3052 3814 3170 3897 τὴν
3212 3823 3304 3878 τοῦ
3519 3822 3701 3893 Πατρὸς

2147 3923 2396 3994 θεότητα.
2427 3920 2584 3990 ξένην
2619 3920 2716 3990 μὲν
2740 3918 2905 3990 ἄλλην
2942 3914 3243 3987 είσάξωμεν
3293 3915 3509 3983 οὐσίαν,
3544 3914 3699 3966 δεκτιο

2147 4016 2249 4087 κὴν
2274 4014 2385 4068 τῶν
2419 4015 2521 4085 τῆς
2551 4004 2773 4083 πρώτης
2804 4009 2989 4072 οὐσίας
3023 4008 3346 4078 ἰδιωμάτων,
3371 4004 3699 4078 ἑντραπῶμεν

2144 4108 2203 4163 δὲ
2232 4108 2322 4160 ὑπ’
2355 4104 2520 4160 αὑτοῦ
2540 4103 2635 4158 τοῦ
2667 4102 2801 4157 Θεοῦ
2871 4101 3141 4170 λέγοντοςο
3209 4116 3228 4151 ι
3267 4098 3382 4170 Τὴν
3430 4097 3584 4162 δόξαν
3616 4113 3699 4167 μου

2147 4199 2319 4272 ἑτέρῳ
2341 4198 2401 4252 ού
2427 4196 2603 4252 δώσωο
2638 4214 2657 4248 ι
2696 4194 2789 4249 καὶ
2815 4190 3131 4265 εὑρεθῶμεν
3180 4188 3613 4262 προσκυνοῦντες
3639 4184 3702 4255 τῷ

2149 4291 2431 4362 ἀλλοτρίῳ,
2463 4289 2557 4343 καὶ
2586 4285 2930 4359 νομισθῶμεν
2981 4279 3123 4337 εἶναι
3170 4279 3426 4345 τοιοῦτοι,
3458 4278 3560 4334 οἷοι
3585 4276 3701 4351 ἦσαν

2147 4384 2196 4437 οἱ
2228 4383 2347 4437 τότε
2388 4381 2631 4435 Ἰουδαῖοι
2685 4379 2952 4448 λέγοντες
3009 4394 3029 4427 ι
3071 4373 3172 4428 Διὰ
3225 4373 3279 4428 τί
3313 4374 3405 4438 σὺ,
3448 4371 3703 4443 ἄνθρωπος

2149 4473 2244 4539 ὢν,
2284 4475 2455 4537 ποιεῖς
2496 4472 2719 4526 σεαυτὸν
2941 4465 3105 4531 Θεόν;
3145 4485 3163 4517 ι
3212 4466 3303 4519 ὅτε
3358 4467 3476 4529 καὶ,
3519 4464 3585 4517 τὰ
3626 4460 3702 4513 τοῦ

2149 4564 2463 4637 Πνεύματος
2527 4562 2952 4635 μεταφέροντες,
3007 4559 3394 4629 ἐϐλασφήμουν
3459 4557 3703 4625 λέγοντες.

484 4646 720 4716 Spiritus
765 4658 920 4703 erant
968 4650 1077 4703 alio
1130 4651 1557 4717 transferentes,
1610 4655 2037 4727 blaSpltcmareul

2148 4656 2230 4710 ὅτι
2272 4676 2291 4709 ι
2344 4658 2431 4720 Ἐν
2460 4655 2783 4721 Βεελζεόοὺλ
2813 4651 3064 4708 ἐκϐάλλει
3093 4652 3162 4706 τὰ
3210 4650 3484 4721 δαιμόνια.
3515 4668 3532 4701 ι
3575 4649 3629 4700 Ei
3660 4644 3704 4697 δὲ

482 4737 570 4793 his
609 4738 831 4794 verbis:
872 4757 892 4791 ι
933 4737 990 4793 In
1022 4739 1391 4797 Beelzebulem
1422 4743 1569 4812 ejicit
1609 4745 1873 4803 daemonia
1915 4742 1975 4804 ".
2021 4769 2042 4804 ι

478 4823 635 4891 Quod
668 4826 714 4880 si
760 4825 894 4879 illud
934 4823 1254 4878 indecorum
1286 4833 1409 4889 est,
1438 4831 1584 4877 certe
1618 4840 1728 4879 non
1766 4826 2051 4882 dissimilis

479 4914 801 4972 substantia:
831 4914 990 4969 fuerit
1022 4913 1215 4977 Filius,
1251 4916 1342 4971 sed
1370 4918 1856 4974 consubstantialis
1882 4918 2048 4973 Patri.

481 5004 692 5062 Etenim
738 5006 785 5061 si
819 5021 941 5077 qua:
983 5006 1160 5063 Patris
1203 5016 1349 5072 sunt,
1388 5009 1710 5064 naturaliter
1748 5008 1870 5063 Filii
1902 5017 2049 5069 sunt.

481 5099 704 5169 ipseque
730 5095 904 5152 Filius
948 5114 1013 5153 ex
1047 5097 1206 5155 Patre
1241 5107 1347 5165 est,
1394 5107 1449 5154 et
1481 5110 1699 5171 propter
1737 5100 2049 5171 ltujusmodi

481 5192 748 5245 unitatem
784 5189 1086 5247 divinitatis
1113 5200 1167 5248 et
1197 5200 1433 5259 naturae,
1471 5194 1586 5264 ipse
1613 5204 1665 5249 et
1690 5193 1850 5250 Pater
1879 5209 2049 5248 unum

477 5291 609 5337 sunt
630 5323 646 5349 ,
676 5290 731 5337 et
759 5282 853 5355 qui
886 5283 1018 5339 vidit
1046 5283 1242 5339 Filium
1273 5285 1403 5341 vidit
1430 5294 1482 5340 et
1511 5284 1725 5342 Patrem
1747 5326 1761 5351 ,
1798 5284 1990 5340 merito
2019 5300 2049 5338 a

476 5372 735 5431 Patribus
774 5376 954 5431 dictus
998 5384 1083 5432 est
1116 5376 1596 5434 consubstantialis
1635 5397 1647 5432 :
1701 5368 1877 5447 neque
1904 5376 2049 5430 enim

477 5463 574 5534 qui
620 5465 845 5522 alterius
895 5475 1041 5522 esset
1096 5466 1432 5531 substantiae,
1485 5470 1609 5523 talia
1674 5467 1874 5522 habere
1919 5478 2048 5535 pos-

477 5564 582 5611 set.

551 5701 571 5734 ⁸
602 5697 836 5770 Philipp.
870 5714 931 5765 ll,
963 5699 1014 5756 6.
1093 5701 1115 5734 '
1146 5699 1308 5760 Deut.
1335 5717 1412 5769 rt,
1442 5700 1496 5754 4.
1574 5700 1595 5733 ³
1627 5699 1771 5756 Psal.
1803 5716 1950 5764 xux,
1991 5702 2041 5757 Ι.

2135 5702 2156 5735 ⁸
2181 5701 2327 5758 Psal.
2363 5718 2531 5767 cxvn,
2560 5700 2656 5759 27.

2150 4750 2306 4806 τοῦτο
2345 4747 2612 4822 ἀπρεπὲς,
2642 4747 2818 4817 δῆλον,
2848 4746 2930 4799 ὅτι
3108 4743 3205 4796 οὐκ
3231 4739 3625 4810 ἀνομοιοούσιος
3651 4737 3703 4787 ἂν

2149 4828 2235 4901 εἴη
2274 4832 2302 4883 6
2322 4829 2469 4895 Υἱὸς,
2493 4828 2628 4885 ἀλλὰ
2652 4826 2934 4899 όμοούσιος
2974 4825 3053 4896 τῷ
3083 4824 3279 4898 Πατρί·
3315 4827 3411 4879 καὶ
3451 4826 3558 4897 γὰρ
3587 4826 3629 4877 εί
3654 4824 3707 4875 τὰ

2149 4917 2243 4972 τοῦ
2274 4919 2486 4988 Πατρός
2516 4917 2759 4987 φυσικῶς
2784 4916 2877 4970 τού
2908 4917 3039 4970 Υἱοῦ
3073 4917 3241 4983 ἐστιν,
3276 4916 3441 4981 αύτός
3467 4935 3525 4970 τε
3557 4920 3583 4969 6
3603 4917 3708 4976 Υἱὸς

2150 5011 2216 5063 ὲκ
2246 5007 2339 5062 τοῦ
2364 5007 2575 5081 Πατρός
2626 5010 2764 5072 ἐστι,
2800 5008 2895 5060 καὶ
2957 5008 3043 5062 διὰ
3079 5008 3178 5078 τὴν
3208 5008 3470 5080 τοιαύτην
3513 5008 3706 5076 ἑνότητα

2149 5104 2249 5171 τῆς
2281 5100 2533 5171 θεότητος
2562 5099 2775 5169 καὶτῆς
2799 5098 3012 5167 φύσεως
3038 5099 3198 5162 αὐτὸς
3231 5101 3324 5152 καὶ
3352 5102 3381 5153 6
3438 5101 3617 5168 Πατὴρ
3660 5094 3706 5145 ἓν

2151 5194 2278 5252 εἱσι,
2304 5193 2398 5245 καὶ
2440 5194 2467 5244 6
2528 5188 2790 5262 ἑωρακὼς
2815 5189 2907 5242 τὸν
2938 5189 3067 5243 Υίόν
3113 5189 3325 5261 ἑώρακε
3366 5190 3459 5243 τὸν
3494 5184 3703 5256 Πατέρα.

2149 5282 2372 5345 εἰκότως
2399 5282 2589 5353 ἐλέχθη
2789 5281 2895 5335 τῶν
2916 5282 3174 5353 Πατέρων
3207 5283 3510 5355 ὀμοούσιος·
3531 5282 3587 5334 οὐ
3617 5277 3703 5347 γὰρ

2151 5375 2484 5446 ἑτεροουσίου
2507 5373 2575 5429 τὰ
2598 5371 2819 5429 τοιαῦτα
2845 5373 2989 5446 ἔχειν
3019 5374 3158 5430 ὲστί.

2758 5702 2781 5734 ⁸
2815 5700 2960 5757 Psal.
2991 5715 3219 5767 um",
3252 5699 3309 5756 8.
3408 5704 3429 5734 '
3460 5700 3556 5757 lsa.
3586 5710 3709 5767 tum.

477 5770 575 5839 25.7
646 5771 666 5803 τ
696 5766 884 5825 Maith.
915 5785 991 5836 ιι,
1019 5772 1075 5828 5.
1152 5774 1174 5805 ⁸
1207 5772 1371 5827 Marc.
1397 5766 1467 5839 ἰι,
1492 5770 1593 5839 ll,
1658 5771 1724 5826 ἰ
1759 5770 1904 5825 Tim.
1939 5786 1981 5834 ι,
2006 5772 2032 5826 l

2178 5771 2225 5805 “
2248 5773 2386 5829 Psal.
2416 5766 2575 5839 mu,
2606 5774 2657 5827 7.
2737 5773 2781 5805 ¹¹
2819 5770 2955 5828 Dan.
2983 5787 3068 5839 ιιι,
3098 5770 3223 5827 100.
3300 5771 3344 5802 ⁸⁸
3372 5768 3501 5825 Dan.
3527 5785 3616 5834 ru,
3638 5766 3707 5817 lt.

481 5841 527 5874 ⁸³
560 5838 662 5897 lsa.
692 5856 821 5912 stu,
850 5841 904 5898 8.
984 5842 1029 5874 “
1055 5842 1215 5898 Joan.
1243 5857 1297 5909 ι,
1327 5842 1417 5896 55.
1456 5838 1459 5839 ⁷
1501 5841 1545 5874 ¹⁸
1576 5838 1710 5897 Luc.
1744 5856 1825 5906 xu,
1858 5840 1937 5897 15.
