3860 6546
178 389 287 452 435

1162 390 1537 453 PANOPLIA
1586 393 2047 458 DOGM.\TICA.
2084 417 2151 429 ··’
2195 393 2343 454 Tl'l‘.
2382 392 2503 455 Xi.‘

3350 394 3455 457 686

256 500 424 555 Πάλιν
455 518 512 556 τε
549 502 619 567 εἰ,
664 501 804 557 κεθά
840 502 1191 575 προείπομεν,
1223 504 1323 557 οὐκ
1364 506 1430 557 ὲκ
1466 503 1758 573 μετουσίας

1938 501 2170 556 Rursum
2220 500 2287 561 si.
2326 510 2488 570 prout
2536 514 2700 571 supra
2735 498 2988 564 diximus,
3035 514 3142 555 non
3183 516 3247 555 ex
3284 506 3453 572 parti-

178 597 331 650 ὲστὶν
369 597 397 649 ὁ
429 597 557 657 Υἱός
581 614 597 629 ο
628 596 760 649 ἀλλὰ
794 596 858 649 τά
887 595 989 665 μὲν
1018 597 1222 666 γενητά
1256 597 1433 650 πάντα
1471 596 1535 648 ὲκ
1575 611 1758 664 μετου-

1871 594 2145 664 οέριιιίοηο
2174 592 2245 649 sit
2286 591 2494 648 Filius:
2526 595 2619 648 sed
2660 593 2876 664 Opiﬁcia
2914 593 3134 663 quidem
3177 594 3359 649 omnia
3388 611 3453 649 ex

179 691 305 752 σίας
333 687 447 759 ἔχει
479 688 575 757 τὴν
597 688 746 756 παρά
777 687 909 740 Θεοῦ
934 689 1115 758 χάριν.
1147 687 1309 750 αὐτὸς
1334 687 1390 740 δὲ
1425 686 1520 740 τοῦ
1553 684 1765 755 Πατρδς

178 781 348 849 σοφία
373 782 465 834 καὶ
498 782 666 846 Λόγος
700 781 869 843 ἐστὶν,
899 773 961 833 οὐ
996 780 1214 849 μετέχει
1241 779 1310 834 τὰ
1338 782 1518 833 πάντα
1536 795 1551 810 ο
1582 778 1760 849 δῆλον,

173 874 263 926 ὅτι
293 874 454 936 αὐτῆς
474 870 549 925 ῶν
576 873 634 925 τὸ
657 872 900 924 θεοποιὸν
923 874 1016 925 καὶ
1039 872 1365 940 φωτιστικδν
1395 870 1492 925 τοῦ
1525 872 1764 939 Πατρός,

172 966 238 1017 ὲν
269 958 317 1032 ᾧ
340 967 407 1018 τὰ
437 966 613 1017 πάντα
653 963 981 1017 θεοποιεῖται
1015 964 1108 1018 καὶ
1150 963 1517 1028 ζωοποιεῖται,
1547 964 1648 1016 οὐκ
1678 963 1767 1015 ἀλ-

1870 686 2289 758 participatione
2337 685 2430 740 Dei
2460 686 2688 755 gratiam
2727 686 2983 747 habeant,
3023 688 3141 756 ipse
3189 702 3319 742 vero
3349 686 3452 761 Pa-

1872 776 1971 831 tris
2026 775 2298 846 sapientia
2347 786 2402 830 et
2440 775 2675 830 Verbum
2722 779 2812 841 sit,
2869 777 3087 845 quicum
3139 777 3451 831 communia

1870 869 2034 925 habet
2062 871 2245 924 omnia
2275 886 2290 923 :
2322 878 2471 923 certe
2497 884 2620 923 cum
2656 870 2728 923 sit
2760 870 2875 939 ipse
2914 870 2963 923 id
2994 885 3102 938 quo
3139 870 3294 924 Pater
3329 870 3450 924 dei-

1867 965 1991 1021 ﬁcat
2024 974 2080 1019 et
2109 964 2398 1027 illuminat,
2432 963 2486 1017 in
2516 977 2626 1031 quo
2665 962 2876 1016 scilicet
2912 962 3093 1016 omnia
3127 962 3454 1016 deiﬁcantur

173 1055 545 1126 λοτριοούσιός
574 1056 691 1107 ἐστι
713 1054 807 1108 τοῦ
838 1054 1073 1126 Πατρος,
1096 1055 1211 1108 ἀλλ’
1229 1054 1537 1125 ὁμοούσιος.
1561 1055 1758 1107 Τούτου

1866 1064 1919 1110 et
1972 1056 2334 1119 viviﬁcantur,
2366 1070 2473 1108 non
2511 1054 2701 1108 aliena:
2737 1070 2767 1107 a
2806 1055 2967 1109 Patre
2995 1053 3312 1108 substantiae
3345 1062 3448 1119 est,

171 1150 289 1217 γὰρ
316 1146 851 1216 μεταλαμϐάνοντες,
876 1147 967 1200 τοῦ
997 1146 1211 1217 [ἰατρὸς
1245 1146 1566 1217 μετέχομεν,
1595 1144 1683 1198 διὰ
1705 1144 1758 1198 τὸ

1866 1148 1958 1204 sed
2017 1146 2523 1203 consubstantialis.
2594 1145 2765 1217 Hujus
2835 1145 2978 1200 enim
3038 1146 3453 1215 participatione

168 1240 270 1293 τοῦ
306 1241 518 1309 Πατρὸς
541 1237 681 1293 εἶναι
707 1240 837 1294 ῖδιον
865 1239 956 1292 τὸν
980 1239 1351 1308 Δόγον.¹’οθεν
1373 1239 1421 1292 εἰ
1448 1234 1516 1308 ἦν
1544 1239 1609 1291 ὲκ
1642 1252 1765 1307 μετ-

1864 1239 2043 1294 Patris
2075 1238 2366 1309 participes
2396 1237 2680 1303 ellieimur,
2721 1252 2786 1291 eo
2828 1236 2972 1307 quod
3011 1238 3128 1307 ipse
3166 1236 3450 1307 proprium

164 1334 365 1391 θυσίας
403 1336 495 1385 καὶ
542 1333 723 1396 αὐτὸς,
753 1332 850 1386 xai.
886 1332 961 1403 μὴ
991 1333 1049 1399 ἐξ
1077 1331 1243 1386 αὐτοῦ
1269 1329 1534 1400 οὐσιώδης
1568 1330 1758 1398 θεότης

1866 1329 2037 1384 Patris
2093 1330 2165 1385 sit
2196 1329 2457 1385 Verbum.
2497 1327 2652 1382 Unde
2703 1328 2747 1382 si
2807 1328 2924 1398 ipse
2971 1342 3189 1397 quoque
3223 1342 3288 1381 ex
3322 1341 3440 1395 par-

168 1427 266 1478 καὶ
306 1423 470 1478 εἰκὼν
500 1425 591 1477 τοῦ
625 1424 860 1494 Πατρδς,
882 1424 981 1478 οὐκ
1008 1424 1077 1480 ἀν
1106 1424 1422 1494 ἆθευποίησε
1472 1421 1760 1475 θεοποιούο

166 1534 343 1585 μενος
374 1518 468 1570 καὶ
505 1516 688 1579 αὐτός.
716 1517 825 1570 Καὶ
850 1516 948 1586 τὴν
974 1517 1159 1571 αἰτίαν
1192 1515 1249 1569 δὲ
1289 1516 1458 1585 ὅμως,
1491 1515 1559 1568 δι’
1581 1516 1648 1585 ἦν
1679 1532 1760 1569 τι-

166 1625 285 1675 νες,
319 1606 396 1671 ὡς
422 1608 665 1676 λέγεται,
703 1607 1095 1679 παραιτοῦνται
1132 1607 1195 1662 τὸ
1231 1606 1536 1678 ὀμοούσιον,
1570 1606 1754 1674 ὲξετάο

160 1705 358 1758 σωμεν
390 1689 624 1761 ἀληθῶς,
665 1691 738 1761 μὴ
759 1691 868 1763 ἀρα
890 1691 1088 1760 μᾶλλον
1118 1693 1182 1744 ὲκ
1227 1692 1429 1762 ταύτης
1473 1693 1754 1762 όμοούσιος

160 1781 442 1837 δείκνυται
474 1784 503 1835 ό
531 1782 658 1845 Υἱὸς
690 1782 767 1853 τῷ
795 1783 992 1855 Πατρί.
1038 1785 1175 1840 Φασὶ
1218 1784 1416 1849 τοίνυν,
1469 1785 1544 1851 ὡς
1595 1787 1754 1858 ὑμεῖς

161 1874 473 1944 ἐγράψατε,
503 1874 575 1944 μὴ
605 1877 799 1945 χρῆναι
846 1875 1021 1943 λέγειν
1054 1875 1334 1947 ὀμοούσιον
1374 1877 1464 1933 τὸν
1508 1878 1635 1932 Υἰὺν
1675 1876 1755 1949 τῷ

1858 1421 2171 1491 ticipatione
2197 1430 2362 1480 esset.
2391 1431 2447 1475 et
2473 1438 2582 1476 non
2613 1438 2678 1476 ex
2731 1437 2789 1475 se
2833 1420 3209 1476 substantialis
3238 1418 3443 1473 divini-

1855 1522 1939 1569 tas
1968 1523 2024 1570 et
2077 1514 2256 1584 imago
2288 1514 2486 1577 Patris,
2536 1528 2643 1566 non
2689 1512 2970 1567 deiﬁcaret
3015 1511 3172 1575 alios,
3219 1526 3342 1564 cum
3396 1520 3451 1565 et

1851 1603 1968 1676 ipse
2005 1602 2289 1659 deiﬁcatus
2346 1613 2511 1658 esset.
2546 1603 2776 1657 Causam
2828 1610 3011 1657 tamen
3052 1618 3151 1656 cur
3203 1603 3448 1670 quidami

1875 1690 1935 1733 ut
1969 1680 2163 1748 fertur,
2191 1684 2656 1740 consubstantiale
2688 1698 2963 1756 respuant,
2996 1689 3208 1745 sincere
3239 1692 3447 1747 exami~

1873 1789 2089 1841 nemus,
2125 1791 2193 1829 an
2228 1790 2338 1830 non
2379 1777 2551 1847 magis
2576 1793 2642 1833 ex
2673 1778 2761 1833 illa
2792 1780 2906 1849 ipsa
2940 1780 3111 1838 Filius
3135 1781 3281 1839 Patri
3314 1800 3447 1841 con-

1873 1866 2252 1924 substantialis
2280 1870 2618 1925 ostendatur.
2648 1870 2815 1925 Aiunt
2866 1874 3049 1943 igitur,
3087 1884 3143 1929 ut
3170 1892 3265 1932 vos
3309 1878 3445 1932 scri-

164 1964 372 2033 Πατρὶ,
401 1963 483 2015 ὅτι
505 1964 533 2016 ὁ
558 1963 730 2031 λέγων
755 1964 1036 2034 ὀμοούσιον
1070 1946 1197 2038 τρία
1226 1967 1395 2036 λέγει,
1425 1968 1613 2023 οὐσίαν
1633 1946 1756 2024 τινά

1872 1959 2083 2028 psistis,
2114 1957 2314 2014 Filium
2344 1959 2488 2016 Patri
2524 1963 3044 2019 consubstantialem
3076 1966 3184 2022 dici
3217 1968 3443 2025 minime

164 2053 685 2124 προῦποκειμένην,
754 2054 849 2108 καὶ
915 2057 1040 2120 τοῦς
1089 2059 1153 2111 ἐκ
1215 2058 1420 2129 ταύτης
1472 2060 1753 2132 γεννωμέ-

161 2159 299 2205 νους
495 2145 808 2215 όμοουσίους
865 2141 1027 2201 εῖναι⁸
1083 2147 1177 2201 καὶ
1229 2150 1587 2219 ἐπιλέγουσιν·
1630 2153 1756 2207 Ἐἀν

162 2229 261 2286 οὖν
306 2236 336 2286 ό
366 2234 495 2297 Υἱὸς
548 2235 829 2305 όμοούσιος
875 2232 907 2311 ᾖ
962 2238 1038 2308 τῷ
1095 2240 1303 2309 Πατρὶ,
1355 2242 1568 2315 ἀνάγκη
1624 2261 1758 2317 προ-

166 2324 494 2377 ϋποκεῖσθαι
522 2326 699 2378 αὐτῶν
727 2327 930 2395 οὐσίαν,
951 2329 1008 2396 ἐξ
1031 2324 1097 2401 ἦς
1124 2333 1216 2385 καὶ
1246 2333 1628 2406 ἐγεννήθησαν,
1662 2337 1755 2391 καὶ

167 2414 247 2485 μὴ
279 2411 423 2470 εἶναι
444 2416 533 2469 τὸν
558 2418 655 2488 μὲν
689 2420 925 2492 Πατέρα,
972 2422 1064 2475 τὸν
1092 2422 1150 2475 δὲ
1184 2423 1329 2488 Υίὸν,
1364 2425 1479 2478 ἀλλ’
1512 2428 1755 2497 ἀμφοτέ-

166 2524 302 2577 ρους
335 2506 615 2577 ἀδελφούς.
656 2508 840 2565 Ταῦτα
867 2513 915 2563 εί
964 2513 1059 2565 καὶ
1106 2512 1373 2583 Ἑλλήνων
1398 2515 1534 2569 εἰσὶν
1581 2517 1755 2588 ἑρμη-

165 2599 334 2659 νεῖαι,
375 2598 466 2649 καὶ
497 2597 596 2650 οὐκ
621 2599 890 2661 ἀναγκαῖα
924 2601 1053 2670 ἡμῖν
1107 2600 1175 2654 τά
1215 2604 1343 2674 παρ’
1369 2603 1610 2658 ἐκείνων·
1640 2606 1754 2658 ἀλλ’

168 2685 379 2756 ἴδωμεν
406 2687 476 2739 τὰ
520 2688 783 2759 εἰρημένα
839 2689 906 2742 τὰ
935 2689 1209 2761 όμοούσια,
1268 2690 1338 2744 τά
1387 2692 1450 2745 ὲκ
1488 2692 1587 2761 τῆς
1623 2695 1757 2765 προ-

167 2777 474 2848 νοουμένης
641 2779 829 2843 οὐσίας
851 2779 1075 2849 ἀδελφὰ,
1112 2781 1339 2853 πότερον
1373 2783 1579 2837 ἑαυτῶν
1618 2787 1754 2841 εἰσιν

167 2868 459 2939 ὁμοούσια,
494 2868 526 2939 ἢ
569 2869 667 2938 τῆς
697 2869 885 2934 οὐσίας
914 2870 974 2935 ἐξ
1003 2868 1071 2943 ἧς
1132 2871 1227 2925 καὶ
1281 2872 1665 2945 ἐγεννήθησαν·
1703 2875 1753 2928 εἰ

171 2962 274 3031 μὲν
297 2959 411 3032 γάρ
444 2959 671 3024 ἑαυτῶν,
700 2961 1012 3032 ὲτεροούσια
1055 2963 1149 3016 καὶ
1169 2963 1394 3035 ἀνόμοια
1418 2965 1570 3019 ἔσται
1619 2965 1754 3037 πρὸς

168 3050 271 3121 τὴν
298 3052 643 3119 γεννήσασαν
691 3050 832 3103 αὐτά
889 3051 1094 3105 οὐσίαν·
1153 3053 1456 3110 ἀντίκειται
1512 3055 1622 3126 γὰρ
1674 3056 1753 3128 τῷ

169 3141 447 3213 όμοουσίῳ
468 3142 529 3195 τὸ
556 3141 911 3213 ἑτεροούσιον·
958 3145 1008 3196 εἰ
1044 3144 1099 3198 δὲ
1127 3145 1225 3216 τῆς
1252 3149 1589 3219 γεννησάσης
1614 3149 1754 3203 αὐτά

168 3235 366 3299 οὐσίας
387 3235 533 3288 ἐστὶν
573 3235 796 3288 ἕκαστον
820 3235 1121 3306 ὀμοούσιον,
1159 3238 1336 3307 δῆλον,
1364 3240 1445 3292 ὅτι
1604 3240 1665 3294 τὸ
1692 3239 1755 3295 ἐκ

1872 2050 2092 2117 debere,
2130 2053 2257 2121 quia
2288 2052 2379 2122 qui
2409 2053 2542 2108 dicit
2568 2055 3110 2124 consubstantialem,
3142 2059 3243 2114 tria
3286 2060 3438 2127 dicit,

1873 2143 2233 2198 substantiam
2260 2145 2516 2215 aliquam,
2546 2163 2667 2217 qua:
2706 2149 2854 2218 prius
2895 2149 3192 2220 subjaccat,
3241 2163 3297 2208 et
3346 2168 3442 2209 eos

1872 2232 1965 2303 qui
1997 2248 2061 2287 ex
2093 2234 2184 2288 illa
2211 2235 2372 2305 geniti
2399 2244 2527 2290 sunt
2558 2251 2678 2292 esse
2703 2239 3195 2296 consubstantiales
3232 2260 3245 2296 :
3279 2252 3442 2312 atque

1874 2324 2003 2378 hinc
2030 2325 2400 2387 concludunt:
2433 2325 2489 2382 Si
2520 2343 2649 2399 ergo
2674 2326 2843 2386 Filius
2893 2331 2965 2386 sit
3006 2330 3156 2387 Patri
3197 2336 3439 2390 consub~

1873 2417 2162 2484 stantialis,
2205 2434 2428 2475 necesse
2459 2430 2543 2475 est
2582 2422 2733 2491 prius
2766 2422 3049 2493 subjacere
3080 2440 3268 2480 eorum
3306 2429 3441 2482 sub-

1872 2508 2129 2564 stantiam
2159 2523 2225 2563 οι
2258 2525 2366 2579 qua
2399 2512 2563 2581 geniti
2598 2513 2726 2577 siut,
2757 2527 2808 2568 et
2840 2531 2946 2569 non
2986 2531 3108 2571 esse
3138 2518 3289 2573 illum
3332 2517 3438 2574 Pa‘

1872 2608 2031 2662 trem,
2063 2600 2206 2656 hunc
2226 2599 2446 2670 Filium,
2478 2605 2573 2659 sed
2603 2606 2794 2660 ambos
2828 2606 3043 2661 fratres.
3076 2606 3200 2663 llaec
3223 2612 3436 2665 tametsi

1870 2693 2216 2748 ethnicorum
2245 2703 2373 2750 sunt
2400 2696 2808 2766 explicationes,
2844 2714 3052 2768 nosque
3081 2701 3218 2755 nihil
3245 2717 3436 2756 eorum

1869 2799 2093 2855 egemus
2125 2786 2428 2841 ratiociniis
2463 2802 2476 2839 :
2516 2788 2872 2846 nihilominus
2921 2791 3203 2847 videamus
3253 2803 3436 2847 utrum

1871 2874 1961 2930 illa
1995 2876 2501 2943 consulistantialia,
2532 2895 2653 2949 quas
2686 2860 2809 2935 cn‘m
2849 2897 2916 2939 ex
2960 2884 3113 2955 prius
3164 2885 3437 2942 intellecta

1870 2967 2177 3024 substantia
2219 2968 2348 3033 sint,
2387 2967 2582 3026 fratres
2624 2971 2900 3038 dicuntur,
2950 2975 3055 3030 sibi
3104 2987 3315 3045 mutuo,
3365 2994 3437 3034 an

1869 3059 2190 3116 substantia:
2210 3075 2275 3114 ex
2301 3075 2410 3130 qua
2448 3070 2565 3117 orta
2596 3072 2757 3128 sunt,
2791 3065 2899 3120 sint
2924 3067 3433 3125 eonsuhstantialia.

1869 3151 1928 3207 Si
1962 3151 2110 3206 enim
2157 3152 2258 3207 sibi
2299 3160 2529 3219 mutuo;
2565 3154 2788 3210 diversa).
2828 3172 2959 3227 ergo
3001 3160 3339 3225 substantiae,
3372 3178 3437 3217 ac

1868 3241 2155 3298 dissimilia
2187 3253 2347 3298 erunt
2370 3244 2689 3301 substantia:
2719 3262 2750 3300 a
2773 3262 2879 3317 qua
2900 3257 3080 3303 ortum
3117 3249 3388 3305 duxerunt
3416 3269 3431 3305 :

167 3343 317 3389 τινος
345 3325 681 3396 γεννώμενον
706 3326 987 3397 όμοούσιόν
1040 3329 1156 3381 ἐστι
1186 3329 1264 3400 τῷ
1289 3330 1627 3402 γεννήσαντιο
1661 3333 1755 3386 xat

1870 3335 2163 3405 opponitur
2198 3336 2341 3392 enim
2374 3337 2846 3404 consubstantiali,
2880 3340 3023 3409 quod
3053 3351 3228 3397 estex
3253 3342 3434 3397 diver-

169 3416 365 3472 οὐκέτι
399 3417 503 3493 χρὴ
530 3417 711 3489 ζητεῖν
733 3421 881 3489 τρεῖς
911 3418 1117 3484 οὐσίας,
1153 3420 1287 3475 ἀλλά
1351 3422 1510 3493 μόνον
1552 3422 1753 3493 ζητεῖν,

170 3509 223 3561 εἰ
248 3509 371 3562 τόδε
403 3508 598 3580 ἀληθὲς
620 3510 686 3562 ὲκ
711 3509 864 3563 τοῦδέ
895 3511 1030 3564 ἐστι.
1075 3510 1192 3565 Κᾶν
1213 3510 1322 3583 γὰρ
1352 3513 1532 3585 συμϐῇ
1565 3512 1640 3586 μὴ
1677 3511 1757 3567 εἷ-

172 3617 267 3653 ναι
293 3598 391 3652 δύο
414 3597 694 3668 ἀδελφοὺς,
726 3598 859 3652 ἀλλά
890 3600 986 3655 καὶ
1018 3601 1178 3672 μόνον
1203 3601 1299 3657 ἕνα
1327 3602 1387 3667 ἐξ
1406 3602 1619 3675 ἐκείνης
1659 3603 1758 3671 τῆς

173 3690 372 3753 οὐσίας
418 3689 690 3758 γενέσθαι,
733 3690 799 3743 οὐ
829 3690 918 3745 διὰ
962 3690 1026 3744 τὸ
1053 3692 1131 3764 μὴ
1187 3688 1324 3746 εἶναι
1369 3693 1576 3766 ἕτερον,
1606 3693 1759 3748 ἀλλο-

173 3782 484 3853 τριοούσιος
681 3782 747 3836 ἂν
780 3783 996 3856 λεχθείη
1052 3785 1082 3838 ό
1125 3782 1424 3857 γεννηθείς·
1482 3786 1619 3841 ἀλλά
1663 3787 1759 3842 καί⁵

178 3873 344 3947 μόνος
373 3871 468 3938 ῶν,
489 3872 575 3943 εἴη
608 3874 673 3928 ἂν
699 3874 793 3928 καὶ
823 3875 987 3939 αὐτὸς
1007 3875 1290 3947 όμοούσιος
1311 3876 1389 3949 τῷ
1414 3880 1756 3950 γεννήσαντι.

188 3962 351 4016 Ἐπεὶ
369 3962 421 4014 τί
442 3960 508 4016 ἀν
531 3963 777 4032 εἴποιμεν
798 3965 923 4037 περὶ
956 3966 1054 4036 τῆς
1234 3967 1501 4041 θυγατρὸς
1524 3968 1618 4023 τοῦ
1660 3970 1757 4023 Ἰε-

176 4052 344 4121 φθάε,
369 4052 452 4105 ὅτι
487 4054 779 4124 μονογενὴς
804 4050 892 4126 ἦν·
925 4074 943 4105 ι
965 4054 1066 4109 Καὶ
1091 4056 1190 4110 οὐκ
1214 4052 1304 4128 ἦν,
1330 4076 1348 4110 ι
1371 4059 1554 4128 φησὶν,
1587 4077 1606 4110 ι
1630 4056 1760 4113 ἄλλο

170 4143 372 4198 τέκνον
392 4140 561 4212 αὐτῷ,
589 4160 608 4194 ι
649 4142 745 4200 καὶ
774 4143 904 4212 περὶ
946 4142 1039 4197 τοῦ
1084 4144 1205 4199 υἰοῦ
1239 4145 1297 4200 δὲ
1328 4146 1433 4217 τῆς
1469 4147 1667 4219 χήρας,
1701 4147 1762 4203 ὃν

172 4236 405 4305 ἧγειρεν
440 4235 506 4287 ἐκ
535 4233 745 4306 νεκρῶν
765 4236 793 4289 ὁ
814 4233 1040 4307 Κύριος,
1072 4237 1155 4291 ὅτι
1180 4238 1277 4291 καὶ
1298 4238 1458 4303 αὐτὸς
1482 4240 1585 4293 οὐκ
1611 4235 1761 4310 εἶχεν

173 4324 430 4392 ἀδελφὸν,
460 4323 599 4378 ἀλλά
630 4325 924 4397 μονογενὴς
951 4321 1020 4398 ἦν
1043 4343 1059 4360 ο
1094 4324 1206 4399 ἄρα
1234 4329 1335 4383 οὐκ
1374 4324 1443 4401 ἦν
1471 4330 1758 4400 ὁμοούσιος

172 4416 406 4479 ἕκαστος
469 4415 651 4469 αὐτῶν
706 4416 784 4487 τῷ
845 4418 1198 4489 γεννήσαντις
1254 4419 1352 4472 καὶ
1420 4419 1529 4491 μὴν
1583 4416 1760 4490 ἦσαν,

173 4507 342 4560 τέκνα
372 4506 483 4576 γάρ
517 4502 691 4578 ἦσαν’
723 4508 816 4562 καὶ
860 4508 1020 4564 τοῦτο
1047 4510 1254 4566 τέκνων
1301 4510 1432 4565 ίδιόν
1478 4510 1595 4563 ἐστι
1626 4511 1763 4580 πρὸς

174 4597 397 4664 γονέας.
438 4597 599 4652 Οῦτω
651 4599 871 4653 καὶτὸν
918 4600 1012 4654 τοῦ
1061 4600 1197 4655 Θεοῦ
1246 4601 1376 4657 Υίὸν
1428 4600 1494 4655 ὲκ
1523 4600 1621 4671 τῆς
1672 4599 1765 4653 οὐ-

176 4686 300 4750 σίας
356 4688 604 4752 εἰπόντες
639 4690 688 4743 οἰ
740 4690 1003 4759 Πατέρες,
1057 4690 1285 4754 εἰκότως
1336 4690 1432 4744 καὶ
1479 4690 1763 4760 ὀμοούσιον

174 4780 459 4847 εἰρήκασι.
504 4776 741 4834 Ἐπεται
792 4781 849 4833 δὲ
887 4780 1095 4842 τούτοις
1154 4780 1289 4852 μηδὲ
1326 4780 1425 4851 τὴν
1473 4780 1649 4835 κτίσιν
1700 4781 1763 4833 ὲκ

176 4868 268 4922 τοῦ
303 4870 382 4940 μὴ
415 4870 565 4935 ὄντος
620 4874 924 4940 γεγονέναι.
959 4873 1023 4927 0i
1071 4873 1181 4944 γὰρ
1216 4873 1358 4927 κατὰ
1407 4873 1577 4937 πάθος
1633 4888 1763 4941 γεν-

177 4962 379 5024 νῶντες
407 4962 709 5032 ἄνθρωποι,
742 4964 903 5018 αὐτοὶ
953 4965 1048 5018 καὶ
1077 4964 1175 5036 τὴν
1222 4965 1593 5037 ὑποκειμένην
1629 4964 1762 5034 ὓλην

178 5052 528 5122 ἐργάζονται,
557 5055 653 5108 καὶ
682 5054 857 5119 ἄλλως
882 5056 982 5110 οὐκ
1003 5056 1070 5111 ἂν
1097 5057 1348 5111 δύναιντο
1380 5059 1559 5110 ποιεῖν
1583 5073 1598 5089 ο
1631 5058 1680 5109 εἰ
1705 5056 1762 5110 δὲ

174 5143 236 5197 τὸ
267 5145 482 5210 κτίζειν
511 5145 612 5199 οὐκ
630 5145 991 5219 ἀνθρωπίνως
1015 5148 1245 5219 νοοῦμεν
1265 5150 1360 5203 ἐπὶ
1389 5149 1551 5215 Θεοῦ,
1581 5149 1763 5221 πολλῷ

181 5237 385 5305 μᾶλλον
408 5237 530 5291 οὐδὲ
559 5238 621 5292 τὸ
651 5242 848 5311 γεννᾷν
877 5240 1238 5312 ἀνθρωπίνως
1269 5242 1470 5313 πρέπει
1496 5244 1639 5297 νοεῖν
1667 5243 1764 5296 ἐπὶ

176 5326 335 5392 Θεοῦ,
375 5329 501 5383 οὐδὲ
548 5330 609 5385 τδ
641 5332 930 5401 ὀμοούσιον
989 5334 1319 5405 σωματικῶς
1369 5334 1759 5407 ἐκλαμϐάνειν,

182 5418 297 5474 ἀλλ’
328 5420 637 5493 ἀναχωρεῖν
664 5423 746 5477 δεῖ
793 5424 903 5478 ἀπὸ
931 5423 1039 5479 τῶν
1085 5425 1362 5495 γενητῶν,
1419 5426 1516 5480 καὶ
1570 5425 1762 5479 ἀποτι-

180 5510 368 5577 θέντας
402 5516 554 5569 κάτω
605 5532 707 5569 που
736 5516 836 5579 τὰς
873 5516 1224 5588 ἀνθρωπίνας
1268 5516 1484 5582 εἰκόνας
1526 5516 1624 5570 κιιί⁵
1655 5516 1763 5571 πά-

182 5619 275 5668 ea;
315 5605 507 5673 ἀτελῶς
539 5606 639 5672 τὰς
667 5606 970 5680 αἰσθήσεις,
1002 5609 1214 5666 ἀνιέναι
1264 5608 1485 5666 tui/rbi;
1525 5607 1748 5682 Πατέρα

255 5809 273 5840 ¹
302 5806 433 5864 Jud.
459 5825 533 5873 xi,
565 5810 645 5865 54.
742 5811 762 5843 ¹
790 5808 925 5868 Luc.
958 5824 1057 5877 Vit,
1086 5809 1174 5868 ιε.

1870 3443 1931 3485 sa
1980 3428 2305 3484 substantia.
2339 3429 2496 3495 Quod
2541 3431 2586 3485 si
2631 3440 2923 3501 utrumque
2972 3434 3439 3490 consubstantiale

1868 3520 1943 3576 sit
1990 3516 2313 3576 substantia:
2345 3536 2375 3575 a
2422 3537 2529 3591 qua
2563 3531 2740 3577 ortum
2775 3524 2965 3585 duxit,
3015 3540 3140 3579 nam
3193 3526 3243 3581 id
3294 3536 3440 3582 certe

1868 3612 2015 3681 quod
2043 3626 2109 3665 ex
2143 3611 2253 3666 alio
2282 3613 2528 3667 nascitur
2553 3614 2601 3669 ei
2632 3615 2724 3684 qui
2754 3630 2813 3670 se
2851 3617 3038 3685 genuit
3069 3625 3153 3671 est
3198 3617 3439 3672 consub-

1870 3701 2153 3768 stantiale;
2182 3716 2290 3756 non
2315 3703 2452 3757 ultra
2477 3712 2605 3759 sunt
2628 3706 2931 3774 quaerenda:
2954 3714 3065 3760 tres
3084 3706 3435 3762 substantiae:

1870 3788 1967 3846 sed
2006 3789 2060 3845 id
2086 3790 2263 3846 solum
2297 3790 2758 3863 investigandum,
2799 3810 2929 3849 num
2964 3796 3067 3851 hoc
3095 3812 3222 3852 vere
3249 3812 3314 3853 ex
3344 3798 3440 3852 illo

1869 3880 1962 3936 sit.
1995 3877 2130 3936 Nam
2170 3881 2272 3937 etsi
2303 3881 2583 3954 contingat
2613 3897 2721 3939 nou
2757 3900 2877 3940 esse
2905 3885 3045 3942 duos
3072 3885 3271 3943 fratres
3294 3928 3310 3955 ,
3342 3886 3439 3943 sed

1871 3972 2095 4030 unicum
2120 3989 2187 4029 ex
2216 3973 2311 4031 illa
2344 3975 2645 4032 substantia
2678 3987 2858 4032 ortum
2894 3992 3015 4033 esse
3044 3996 3059 4031 :
3090 3992 3157 4032 eo
3183 3978 3330 4049 quod
3358 3977 3439 4033 al-

1870 4077 1953 4127 ter
1983 4081 2090 4120 non
2118 4066 2209 4127 sit,
2241 4080 2583 4137 nequaquam
2616 4068 2709 4136 qui
2740 4076 2900 4123 natus
2923 4077 3026 4128 est.
3060 4069 3288 4124 diversae
3311 4071 3442 4123 sub-

1867 4147 2084 4205 suntia:
2135 4146 2387 4212 dicatur;
2433 4145 2552 4210 sed,
2595 4144 2724 4200 licet
2795 4142 2944 4199 solus
2998 4140 3089 4210 sit,
3123 4141 3229 4197 erit
3274 4148 3450 4194 tamen

1870 4246 1927 4291 et
1956 4237 2072 4307 ipse
2102 4236 2152 4289 ei
2204 4237 2295 4306 qui
2348 4251 2408 4292 se
2447 4235 2637 4305 genuit
2666 4224 3183 4290 'consubstantialis.
3234 4231 3453 4301 Alioqui

1863 4326 1992 4396 quid
2020 4326 2319 4380 dixerimus
2347 4325 2415 4380 de
2437 4325 2543 4378 [ilia
2561 4322 2822 4392 Jephthe,
2843 4338 2963 4391 quae
2989 4319 3266 4392 unigenita
3299 4331 3448 4374 erat:

1869 4434 1887 4467 ι
1934 4417 1998 4470 Ει
2036 4431 2145 4470 non
2186 4415 2440 4481 habebat,
2477 4434 2496 4467 ι
2560 4416 2656 4480 ait,
2687 4432 2705 4465 ι
2745 4414 2882 4468 alios
2925 4412 3124 4467 liberos
3158 4411 3213 4477 ¹;
3249 4428 3267 4461 ι
3302 4420 3356 4464 et
3387 4410 3455 4465 de

1864 4507 1976 4561 ﬁlio
2016 4506 2193 4561 vidua
2238 4522 2401 4576 quem
2439 4504 2699 4559 Dominus
2746 4520 2812 4557 ex
2869 4504 3100 4557 mortuis
3145 4500 3451 4566 suscitavit,

1861 4600 2037 4670 quiet
2076 4599 2193 4669 ipse
2252 4598 2475 4653 fratrem
2520 4613 2632 4652 non
2688 4596 2944 4657 habebat,
2990 4594 3087 4649 sed
3138 4592 3454 4660 unigenitus

1861 4699 1977 4746 erat
1999 4692 2019 4723 ¹
2049 4707 2063 4744 :
2097 4705 2165 4743 an
2204 4699 2436 4759 uterque
2482 4688 2530 4743 ei
2564 4688 2656 4758 qui
2684 4702 2743 4742 se
2778 4692 3044 4757 genuerat
3093 4686 3455 4739 consubstan-

1861 4776 2005 4836 tialis
2061 4792 2170 4831 non
2205 4776 2364 4831 erat?
2398 4776 2564 4831 Erant
2614 4776 2795 4846 plane,
2847 4789 2974 4828 nam
3035 4772 3192 4828 liberi
3243 4781 3448 4827 erant:

1861 4860 2020 4937 idque
2050 4866 2330 4938 proprium
2363 4867 2555 4923 liberis
2588 4874 2674 4922 est
2715 4881 2843 4942 erga
2880 4875 3134 4936 parentes
3163 4879 3316 4919 suos.
3353 4864 3392 4919 S
3416 4880 3448 4920 e

1860 4976 1984 5015 cum
2013 4958 2199 5017 Patres
2228 4961 2319 5017 Dei
2366 4961 2561 5016 Filium
2599 4978 2662 5018 ex
2696 4960 2816 5032 ejus
2846 4962 3151 5017 substantia
3182 4960 3445 5025 dixerint,

1862 5054 2057 5109 merito
2106 5062 2163 5108 et
2217 5054 2734 5110 consubstantialem
2768 5054 3045 5109 dixerunt.
3085 5052 3224 5107 Hine
3264 5060 3448 5107 autem

1859 5144 2145 5216 sequitur,
2205 5160 2386 5215 neque
2441 5156 2654 5202 creatas
2710 5161 2798 5201 res
2848 5161 2913 5200 ex
2973 5161 3081 5200 non
3147 5143 3448 5198 exsistente

1861 5237 2032 5293 factas
2084 5253 2227 5296 esse.
2287 5238 2552 5296 Homines
2622 5238 2770 5295 enim
2845 5238 2948 5308 ipsi
2997 5236 3089 5307 qui
3149 5249 3272 5287 cum
3321 5248 3447 5302 pas-

1861 5331 2015 5386 sione
2046 5331 2230 5401 aliqua
2280 5332 2529 5402 gignunt,
2562 5332 2615 5385 in
2667 5331 2987 5401 subjacente
3033 5326 3261 5381 materia
3310 5337 3447 5391 Ope-

1862 5434 2079 5486 rantur,
2107 5437 2213 5478 nec
2244 5421 2403 5477 aliter
2429 5423 2726 5493 quidquam
2754 5420 2934 5477 facere
2964 5416 3259 5489 potuerint.
3286 5410 3444 5479 Quod

1862 5512 1910 5569 si
1951 5514 2174 5569 creandi
2214 5510 2437 5569 moduni
2488 5514 2542 5568 in
2582 5512 2692 5568 Deo
2724 5504 3118 5566 non'humano
3167 5519 3322 5559 more
3361 5503 3446 5558 in-

1866 5604 2184 5678 telligimus,
2212 5604 2386 5662 multo
2426 5604 2607 5661 minus
2639 5600 2894 5676 gignendi
2943 5600 3000 5656 in
3046 5598 3168 5670 ipso
3230 5593 3441 5649 intelli-
