3770 6556
459 409 562 472 487

1698 385 2084 449 ΕυἹῊΥΜΙὶ
2117 385 2473 445 ZIGABENI

3551 391 3628 458 488

459 535 586 591 gere
611 518 846 575 bumauo
875 527 1021 568 more
1054 511 1341 570 debemus,
1370 522 1548 576 neque
1579 518 1844 574 corporeo
1874 499 2035 554 modo

2155 501 2217 568 ιὴ
2247 498 2500 566 λάθωμεν
2537 493 2898 564 ἀφαιροῦντες
2929 492 3017 544 τδν
3060 492 3183 544 Υίδν
3207 493 3306 545 ἀπὸ
3333 496 3412 549 τοῦ
3446 499 3628 572 Ππρδς»

461 607 925 666 consubstantiale
972 604 1241 673 aeripere.
1295 601 1401 655 Sed
1451 597 1817 654 recedendum
1878 593 2039 646 nobis

2147 595 2241 646 xei.
2281 589 2660 660 προστιθέντες
2692 589 2803 649 τοῖς
2828 586 3020 638 ἑαυτοῦ
3057 586 3324 654 κτίσμασι.

460 711 544 757 est
572 716 602 756 a
630 699 792 754 rebus
845 687 1019 760 factis,
1058 711 1120 748 ac
1151 692 1414 763 depositis
1450 688 1702 744 humanis
1750 685 2100 754 imaginibus,
2155 682 2521 750 omnibusque
2559 679 2786 734 omnino
2833 677 3099 740 sensibus,
3148 677 3212 730 ad
3256 677 3451 736 Patrem
3484 700 3632 742 ascen-

461 799 611 860 dere,
645 811 713 849 ne
758 793 913 848 inscii
944 791 1138 846 Filium
1175 806 1202 844 a
1248 789 1406 844 Patre
1442 787 1775 846 auferamus,
1809 797 2047 853 eumque
2079 781 2239 836 rebus
2267 795 2297 834 a
2333 794 2393 833 se
2427 780 2624 831 creatis
2665 776 3041 846 adiungamus.

536 885 772 940 Rursum
822 885 868 941 si
924 882 1143 938 Patrem
1198 892 1254 938 et.
1308 881 1504 934 Filium
1546 878 1890 936 confitentes,
1935 876 2043 927 duo

460 971 768 1042 principia,
824 984 919 1027 aut
963 973 1103 1026 duos
1169 970 1307 1025 Deos
1361 969 1623 1031 dicimus,
1683 964 2039 1034 quemadmo-

455 1071 584 1120 dum
620 1065 863 1118 Μαι-ρίου
899 1074 952 1118 et
985 1063 1335 1128 Valentinus;
1369 1072 1460 1116 aut
1490 1059 1711 1123 Filium,
1740 1061 2032 1129 quemdam

457 1161 627 1214 alium
658 1157 960 1222 divinitatis
987 1157 1209 1210 modum
1239 1156 1458 1219 habere,
1503 1163 1556 1208 et
1605 1169 1712 1207 non
1745 1169 1865 1209 esse
1899 1154 2035 1210 ima-

462 1252 640 1319 ginem
673 1258 726 1302 ct
767 1249 994 1318 ﬁguram
1025 1247 1227 1311 Patris,
1263 1247 1406 1316 quod
1433 1263 1498 1301 ex
1531 1246 1648 1315 ipso
1680 1245 1893 1316 genitus
1923 1246 1992 1301 sit
2023 1266 2034 1278 -

463 1355 584 1396 esto
614 1341 933 1406 dissimilis;
966 1356 1088 1393 nam
1122 1340 1313 1394 alienae
1343 1340 1482 1392 inter
1531 1355 1588 1392 se
1634 1352 1862 1408 prorsus
1911 1350 2038 1393 sunt

465 1433 770 1488 istiusmodi
808 1431 1150 1486 substantiae.
1181 1430 1334 1496 Quod
1377 1430 1419 1483 si
1469 1445 1632 1482 unam
1691 1429 2036 1499 agnoscimus

461 1534 515 1579 et
544 1522 716 1579 solam
753 1523 931 1577 Patris
964 1524 1332 1589 divinitatem,
1382 1522 1656 1592 liujusque
1698 1521 1931 1576 Verbum
1984 1535 2036 1576 et.

465 1615 798 1686 Sapientiam
826 1615 1025 1669 Filium
1068 1629 1210 1680 esse,
1240 1625 1292 1668 et
1323 1616 1425 1668 hoc
1448 1614 1750 1674 credentes,
1787 1613 1924 1667 duos
1951 1621 2034 1666 ta-

462 1723 584 1777 men
624 1707 763 1761 Deos
796 1707 1020 1762 minime
1050 1705 1286 1760 dicimus
1312 1746 1325 1767 ,
1362 1705 1730 1774 unitatemque
1756 1703 1878 1757 Filii
1911 1721 2032 1759 cum

462 1797 624 1853 Patre
671 1816 776 1853 non
830 1799 1094 1854 doctrinm
1144 1797 1529 1861 similitudine,
1587 1799 1680 1851 sed
1733 1798 2030 1851 secundum

462 1889 846 1953 substantiam,
878 1897 930 1943 et
973 1903 1160 1943 revera
1202 1889 1501 1944 consistere
1536 1889 1800 1943 sentimus
1827 1928 1842 1946 .
1873 1888 1946 1940 ita
1979 1896 2032 1939 ut

461 1990 744 2051 propterea
773 1997 878 2034 non
910 1981 1048 2035 duos
1079 1980 1238 2044 Deos,
1272 1979 1366 2033 sed
1407 1995 1573 2032 unum
1605 1980 1872 2039 dicamus,
1913 1993 2036 2031 eum

464 2087 571 2124 una
612 2071 681 2125 sit
711 2071 921 2140 species
949 2070 1274 2133 divinitatis,
1327 2081 1386 2123 ut
1433 2079 1515 2124 est
1547 2069 1635 2123 lux
1667 2079 1721 2124 et
1753 2069 2036 2139 splendor;

461 2162 550 2216 illa
581 2161 724 2216 enim
761 2161 1085 2231 patriarchae
1114 2160 1281 2216 Jaeob
1305 2161 1418 2215 visa
1436 2171 1549 2226 ,est,
1585 2163 1768 2230 aitque
1799 2160 2041 2230 Scriptu-

460 2269 562 2308 ra:
607 2243 823 2307 (Ortus
862 2262 942 2306 est
969 2259 1149 2306 autem
1189 2252 1262 2305 illi
1306 2253 1427 2316 sol,
1461 2261 1749 2322 postquam
1790 2249 2041 2304 transivit

461 2345 670 2414 species
707 2344 799 2398 Dei
851 2346 888 2397 '.
918 2365 936 2395 ›
966 2342 1077 2398 Hoc
1105 2359 1227 2397 eum
1263 2344 1505 2397 viderent
1533 2345 1706 2397 sancti
1738 2343 2038 2412 propbetm,

461 2451 527 2490 ac
554 2435 916 2503 intelligerent
945 2434 1232 2501 cujusuam
1282 2435 1352 2488 sit
1400 2435 1488 2487 ille
1521 2433 1692 2488 Filius
1733 2445 1785 2487 et
1836 2421 2036 2503 imago,

462 2526 676 2580 aiebant
705 2543 718 2577 :
745 2544 762 2573 ι
788 2523 1009 2578 Factum
1042 2534 1124 2577 est
1148 2524 1384 2578 Verbum
1406 2523 1618 2576 Domini
1649 2524 1714 2576 ad
1738 2538 1822 2576 me
1923 2525 1972 2587 ³,
2013 2541 2031 2573 ι

463 2629 699 2685 cumque
740 2613 950 2667 Patrem
988 2613 1040 2666 in
1074 2628 1138 2668 eo
1180 2616 1356 2668 visum
1388 2615 1796 2684 revelatumque
1840 2626 2040 2683 cogno-

461 2713 694 2767 scerent,
724 2704 946 2758 lidentcr
974 2703 1256 2758 dicebant:
1285 2722 1301 2753 ι
1330 2704 1491 2758 Visus
1515 2712 1594 2759 est
1619 2705 1749 2758 mihi
1778 2704 1916 2757 Dens
1948 2719 2040 2772 pa-

464 2803 608 2848 trum
636 2802 974 2858 nostrorum,
995 2792 1135 2847 Deus
1158 2793 1413 2856 Abraam,
1432 2802 1486 2848 et
1513 2793 1658 2848 Isaae
1679 2802 1733 2847 et
1748 2792 1914 2847 Jaeob
1953 2796 1994 2848 ³.
2014 2813 2031 2844 ι

463 2883 598 2937 Cum
633 2882 797 2950 igitur
830 2882 899 2934 ita
929 2897 986 2936 se
1014 2897 1099 2936 res
1127 2882 1340 2947 habeat,
1374 2899 1472 2937 cur
1501 2899 1622 2937 eum
1655 2884 1746 2953 qui
1785 2899 1926 2936 unus
1957 2891 2038 2936 est

461 2985 588 3026 cum
620 2969 800 3030 Patre.
835 2979 888 3024 et
923 2970 1047 3024 talis
1073 2980 1296 3039 apparet
1326 2972 1501 3040 qualis
1523 2981 1605 3026 est
1629 2971 1807 3038 Pater,
1841 2987 2034 3026 secun-

461 3062 590 3116 dum
627 3061 1037 3116 similitudinem
1077 3071 1240 3129 atque
1281 3077 1443 3115 unam
1487 3063 1850 3125 divinitatem.
1882 3079 2037 3116 vere-

464 3167 589 3206 mur
619 3150 802 3205 dicere
856 3150 1422 3204 coasubstantialem?
1457 3151 1512 3204 Si
1545 3154 1689 3205 enim
1719 3193 1732 3216 ,
1771 3154 2035 3222 quemad—

466 3240 690 3296 modum
725 3241 924 3309 sa'pius
958 3241 1162 3294 dictum
1195 3253 1277 3295 est
1302 3281 1315 3304 ,
1352 3243 1552 3295 nullam
1584 3245 1744 3297 liabet
1778 3255 1835 3298 ut
1869 3243 2038 3297 Filius
2075 3249 2114 3302 (1

467 3333 853 3403 proprietatem
883 3331 1360 3387 similitudineruve
1387 3349 1510 3388 cum
1537 3345 1758 3403 paterna
1785 3338 2038 3390 substan-

467 3425 564 3488 tia,
601 3439 664 3478 ea
699 3437 830 3477 voce
860 3422 939 3476 uti
988 3431 1132 3476 recte
1163 3437 1430 3477 veremur.
1466 3423 1561 3477 Sin
1606 3435 1784 3479 autem
1822 3427 1910 3481 ille
1954 3434 2039 3482 est

467 3507 642 3563 Patris
671 3508 890 3578 propria
917 3509 998 3564 vis
1029 3509 1386 3562 illuminatrix
1420 3518 1474 3562 et
1503 3511 1756 3572 creatrix,
1790 3503 1920 3565 sine
1939 3525 2047 3580 qua

465 3614 564 3653 nec
592 3609 765 3665 creat,
797 3615 897 3655 nec
930 3602 1281 3672 cognoscitur
1315 3603 1524 3666 (omnia
1557 3604 1699 3657 enim
1733 3619 1830 3672 per
1865 3604 2043 3673 ipsum

463 3699 517 3742 rt
551 3689 604 3743 in
636 3691 754 3759 ipso
776 3691 1130 3764 consistunt),
1167 3708 1268 3748 cur
1298 3709 1412 3749 rem
1447 3694 1808 3763 intelligentes
1838 3733 1852 3756 ,
1887 3710 2044 3749 recu-

463 3798 652 3838 samus
680 3799 870 3840 vocem
907 3786 958 3840 id
991 3787 1386 3856 signiﬁcantem
1418 3788 1704 3857 proferre?
1731 3787 1871 3853 Quid
1897 3790 2043 3843 enim

465 3882 550 3929 est
588 3873 835 3944 ejusdem
865 3886 1081 3933 naturae,
1104 3893 1226 3934 esse
1265 3881 1422 3948 cujus
1451 3879 1628 3942 Pater,
1661 3882 1766 3935 nisi
1801 3897 1922 3937 esse
1969 3883 2046 3936 illi

467 3967 973 4022 consubstantiale?
999 3967 1118 4024 Non
1142 3971 1285 4023 enim
1315 3971 1554 4025 alienum
1589 3971 1731 4026 Deus
1758 3974 1919 4027 veluti
1947 3975 2048 4027 mi-

469 4057 643 4112 nistro
699 4073 864 4130 egens
916 4059 1116 4115 Filium
1184 4065 1524 4132 assumpsit;
1599 4078 1778 4134 neque
1831 4065 2047 4134 opiﬁeia

470 4147 721 4204 Creatori
751 4160 882 4206 sunt
910 4152 1174 4223 dignitate
1207 4156 1381 4223 paria,
1417 4167 1476 4208 ut
1502 4157 1723 4225 perinde
1758 4157 1846 4211 illa
1885 4167 2048 4226 atque

467 4239 585 4308 ipse
615 4241 970 4310 honorentur,
997 4255 1108 4310 aut,
1131 4258 1185 4300 ut.
1215 4248 1514 4317 putandum
1543 4250 1632 4315 sit,
1661 4265 1723 4304 ea
1751 4260 1803 4304 et
1833 4250 2046 4305 Patrem

471 4347 640 4386 unum
673 4348 814 4389 esse.
849 4337 1104 4406 Alioquin
1137 4341 1280 4392 ausit
1309 4343 1430 4409 qn?s
1460 4343 1570 4396 haec
1593 4343 1851 4408 dividere,
1881 4360 1943 4398 ae.
1967 4344 2049 4397 di-

469 4438 593 4479 cere
619 4427 789 4504 solem
833 4436 885 4482 et
922 4431 1260 4498 splendorem
1299 4435 1406 4487 duo
1432 4449 1555 4488 esse
1591 4435 1818 4500 lumina,
1849 4445 1942 4490 aut
1967 4437 2050 4490 di-

467 4531 681 4571 versam
716 4519 955 4590 aliquam
995 4524 1377 4587 substantiam,
1421 4537 1512 4580 ant
1543 4527 1885 4597 splendorem
1920 4531 2049 4585 solis

468 4608 720 4664 accidens
755 4627 899 4675 esse,
939 4623 992 4668 et
1036 4631 1144 4668 non
1195 4618 1497 4684 simplicem
1547 4634 1608 4674 ac
1666 4637 1860 4690 purmn
1917 4624 2048 4679 solis

467 4711 719 4769 partum;
765 4705 836 4760 ita
885 4715 938 4760 ut
988 4707 1096 4762 duo
1138 4710 1353 4773 quidem
1393 4714 1500 4769 sint
1550 4716 1628 4770 sol
1666 4729 1718 4769 et
1770 4717 2045 4784 splendor,

470 4809 578 4848 una
624 4803 804 4852 tamen
844 4799 957 4862 lux,
991 4815 1056 4854 eo
1083 4802 1227 4871 quod
1278 4804 1369 4860 ille
1413 4822 1441 4860 a
1485 4808 1600 4861 sole
1651 4809 1877 4862 oriatur.
1910 4807 2048 4862 Cum

471 4885 786 4953 huiusmodi
816 4893 916 4952 sit.
946 4893 1055 4947 imo
1082 4897 1254 4965 magis
1285 4898 1666 4968 inseparabilis
1702 4911 1894 4957 natura
1926 4902 2048 4957 Filii

467 4993 501 5032 a
543 4976 724 5044 Patre,
772 4991 822 5037 et
866 4999 989 5038 eum
1035 4987 1292 5043 divinitas
1323 4989 1462 5045 Filio
1494 5008 1600 5044 non
1631 4993 1924 5056 acciderit,
1957 4995 2050 5048 sed

469 5081 689 5141 paterna
721 5074 976 5134 divinitas
1015 5079 1066 5133 in
1112 5081 1252 5135 Filio
1297 5083 1404 5143 sit;
1451 5084 1525 5137 ita
1574 5093 1632 5138 ut
1667 5085 1760 5154 qui
1788 5086 1933 5139 videt
1964 5084 2053 5138 Fi-

467 5165 626 5228 lium,
663 5165 714 5220 in
745 5168 862 5236 ipso
887 5168 1101 5228 Patrem
1129 5175 1328 5238 videat,
1357 5193 1454 5231 cur
1486 5178 1580 5246 qui
1607 5177 1916 5246 bujusmodi
1945 5189 2049 5241 est,

470 5271 581 5312 non
612 5258 826 5315 dicatur
858 5266 1385 5322 consubstantialis?

675 5431 770 5489 Sat
799 5433 1019 5505 quidem
1046 5439 1161 5493 haec
1191 5451 1359 5506 sunt,
1396 5459 1518 5513 qum
1553 5446 1706 5501 vobis
1744 5447 2007 5501 suadeant
2035 5492 2049 5512 ,

473 5527 532 5573 ut
562 5536 669 5575 non
721 5528 990 5582 aceusetis
1015 5545 1108 5584 eos
1138 5530 1230 5598 qui
1274 5532 1459 5588 dixere
1500 5535 1692 5591 Filium
1741 5555 1860 5591 esse
1907 5539 2050 5594 Patri

469 5614 1014 5673 consubstantialem.
1047 5620 1300 5678 Attamen
1350 5625 1522 5695 ipsam
1573 5630 2052 5686 consubstantialis

552 5801 571 5833 ί
607 5801 745 5857 Gen.
773 5821 940 5873 nm,
974 5806 1062 5861 51.

2072 1860 2108 1912 Β

1142 5812 1161 5840 ²
1193 5813 1294 5864 lsa.
1329 5828 1549 5876 xxxviii,
1583 5813 1611 5865 Ιι
1640 5831 1652 5878 ;
1686 5811 1796 5869 Jer.
1829 5828 1867 5881 ι,
1897 5811 1948 5866 9..
1980 5813 2033 5875 4,
2067 5810 2152 5877 Η,
2179 5810 2288 5868 etc.

2223 873 2331 923 Kal
2385 871 2560 932 ἄλλως
2608 869 2686 932 δὲ,
2738 871 2787 920 εἰ
2841 869 2939 936 μὲν
2976 867 3186 933 Πατέρα
3223 873 3311 922 και
3351 869 3459 922 Υιὸν
3493 874 3637 943 basio.

2143 967 2388 1034 γοῦντες,
2447 964 2539 1017 δύο
2589 962 2739 1027 τινὰς
2798 962 2989 1033 ἀρχὰς,
3031 964 3186 1033 ἢδύο
3217 963 3400 1030 Θεοὺς,
3449 970 3640 1044 καθάπερ

2143 1057 2408 1126 Μαρκίων
2463 1055 2554 1109 καὶ
2609 1054 2974 1116 Οὐαλεντῖνος.
3020 1053 3266 1125 λέγομεν,
3306 1057 3336 1126 ἢ
3370 1057 3640 1129 ἓτερόντινα

2145 1150 2342 1217 τρόπον
2397 1145 2648 1215 θεότητος
2679 1145 2821 1216 ἔχειν
2866 1145 2955 1197 τὸν
2985 1145 3131 1210 Υἱὸν,
3163 1147 3252 1198 mi.
3300 1149 3366 1218 μὴ
3391 1152 3545 1205 εἰκόνα
3576 1160 3640 1209 καὶ

2145 1236 2470 1308 χαρακτῆρα
2495 1236 2586 1288 τοῦ
2623 1235 2834 1306 Πατρὸς
2857 1231 2994 1288 εἶναι
3031 1235 3122 1287 τὸν
3150 1235 3290 1298 Υίὸν,
3315 1237 3392 1291 διὰ
3420 1240 3472 1291 τὸ
3494 1242 3542 1306 ἐξ
3571 1247 3640 1296 αξι-

2145 1327 2236 1381 τοῡ
2269 1328 2587 1395 πεφυκέναι·
2617 1327 2756 1380 ἔστω
2789 1327 3058 1397 ἀνόμοιος·
3109 1327 3251 1391 ξέναι
3306 1329 3405 1400 γάρ
3432 1333 3518 1385 εἰσι
3545 1353 3642 1388 παν-

2145 1419 2380 1473 τάπασιν
2415 1419 2656 1490 ἀλλήλων
2683 1419 3002 1472 αἱτοιαῦται
3025 1419 3220 1470 οὐσίαιο
3257 1422 3301 1472 εἰ
3335 1421 3386 1473 δὲ
3415 1423 3522 1491 μίαν
3545 1428 3643 1480 οῖδα·

2153 1529 2249 1581 μεν
2289 1513 2382 1564 καὶ
2416 1511 2580 1582 μόνην
2615 1511 2842 1580 Οεὸτητα
2887 1510 2986 1580 τὴν
3034 1509 3125 1563 τοῦ
3159 1510 3379 1579 Πατρὸς,
3405 1513 3561 1568 τούτου
3604 1536 3643 1570 τε

2151 1603 2319 1670 Λόγον
2351 1605 2440 1655 καὶ
2474 1602 2673 1670 Σοφίαν
2708 1598 2846 1654 εἶναι
2871 1603 2962 1654 τὸν
2994 1601 3140 1664 Υἱὸν,
3171 1602 3259 1654 καὶ
3284 1601 3413 1654 οὕτω
3437 1607 3645 1658 πιστεύον-

2149 1707 2241 1755 τες
2268 1693 2328 1744 οὐ
2365 1692 2598 1761 λέγομεν
2622 1691 2714 1745 δύο
2746 1691 2943 1770 Θεοὺς,
2977 1692 3077 1760 τήν
3110 1707 3166 1742 τε
3198 1691 3410 1761 ἑνότητα
3446 1694 3524 1746 τοῦ
3553 1696 3644 1748 Vini

2151 1784 2285 1855 πρὸς
2333 1785 2425 1836 τὸν
2479 1783 2697 1855 Πατέρα
2747 1784 2843 1852 οὺχ
2876 1780 3133 1852 ὁμοιώσει
3169 1781 3501 1846 διδασκαλίας,
3550 1788 3643 1840 ἀλλὰ

2150 1875 2292 1928 κατὰ
2316 1875 2413 1945 τὴν
2436 1875 2621 1927 οὐσίαν
2653 1875 2746 1927 καὶ
2801 1874 3027 1945 ἀληθείᾳ
3239 1874 3524 1945 φρονοῦμεν
3547 1878 3643 1931 ὥστε

2149 1962 2236 2016 διὰ
2265 1963 2424 2016 τοῦτο
2457 1963 2530 2035 μὴ
2553 1964 2729 2032 λέγειν
2758 1963 2850 2017 δύο
2881 1966 3049 2026 Θεοὺς
3069 2005 3081 2026 ,
3137 1963 3247 2017 ἀλλ’
3274 1964 3362 2018 ἕνα
3388 1965 3516 2029 Θεὸν,
3565 1971 3644 2028 ἑνὸς

2152 2054 2303 2117 ὄντος
2326 2054 2497 2116 εἴδους
2519 2053 2791 2126 θεότητος,
2819 2057 2893 2118 ὡς
2927 2055 3043 2107 ἔστι
3095 2056 3154 2108 τὺ
3191 2055 3301 2124 φῶς
3337 2058 3492 2110 καὶτὸ
3519 2060 3646 2112 ἀπαύ-

2152 2163 2341 2217 γασμα
2361 2163 2375 2178 ·
2405 2147 2563 2200 τοῦτο
2587 2147 2695 2217 γὰρ
2726 2146 2880 2220 ὤφθη
2913 2147 2988 2218 τῷ
3045 2150 3348 2221 πατριάρχῃ
3383 2150 3559 2215 Ἰακὼϐ,
3583 2156 3644 2204 καί

2155 2256 2316 2308 φησιν
2343 2241 2375 2308 ἡ
2404 2239 2615 2310 Γραφή·
2653 2259 2670 2291 r
2713 2240 2972 2292 Ἀνέτειλε
2999 2241 3056 2294 δὲ
3114 2240 3260 2311 αὑτῷ
3289 2243 3315 2294 ὁ
3339 2242 3487 2311 ἥλιος,
3531 2245 3646 2314 ἡνίκα

2155 2330 2401 2401 παρῆλθε
2430 2331 2490 2384 τὸ
2544 2328 2684 2395 εϊδος
2731 2331 2822 2383 τοῦ
2855 2332 3042 2385 Θεοῦ-ι
3088 2334 3178 2385 καὶ
3381 2334 3514 2386 τοῦτο
3551 2334 3644 2386 θεω-

2159 2421 2376 2491 ροῦντες
2395 2424 2443 2474 οἱ
2481 2421 2622 2489 ἆγιοι
2653 2423 2927 2493 προφῆται
2963 2424 3055 2476 καὶ
3083 2422 3341 2485 νοοῦντες,
3374 2425 3497 2486 τίνος
3519 2426 3645 2476 ’ἐστὶν

2156 2514 2281 2576 Υἱὸς
2333 2516 2426 2567 καὶ
2477 2513 2658 2580 εἰκὼν,
2715 2514 2919 2584 ἔλεγον·
2958 2533 2973 2564 ε
3025 2516 3269 2582 Ἐγένετο
3326 2515 3476 2582 Λόγος
3498 2516 3645 2586 Κυρίου

2155 2605 2291 2676 πρὸς
2319 2604 2438 2675 μέ.»
2472 2605 2830 2669 Γινώσκοντες
2986 2605 3078 2657 τὸν
3107 2607 3162 2656 έν
3191 2603 3334 2674 αὐτῷ
3357 2604 3645 2674 Οεωωύμενον

2156 2696 2250 2751 καὶ
2308 2697 2825 2768 ἀποκαλυπτόμενον
2899 2698 3151 2767 Πατέρα,
3219 2697 3460 2768 ἐθάρρουν
3506 2699 3643 2748 εἰπεῖν·

2162 2808 2181 2841 r
2221 2789 2395 2860 Ὤφθη
2447 2808 2534 2860 μοι
2581 2792 2608 2843 ὁ
2658 2791 2788 2854 Θεὸς
2838 2790 2946 2844 τῶν
3001 2789 3250 2857 πατέρων
3299 2789 3457 2859 ἡμῶν,
3492 2791 3514 2841 ὁ
3554 2788 3645 2851 Bai;

2171 2882 2438 2954 Ἀϐραὰμ,
2467 2883 2559 2935 καὶ
2771 2883 2953 2936 Ἰσαὰκ
3009 2884 3104 2936 καὶ
3161 2880 3393 2934 ’1ακὼ6.ι
3429 2881 3646 2934 Tamque

2157 2972 2326 3037 οὕτως
2353 2973 2525 3037 ὄντος,
2555 2973 2642 3026 διὰ
2675 2972 2748 3025 τί’
2777 2974 2866 3026 τὸν
2918 2973 3011 3025 ’ένα
3045 2973 3178 3025 ὅντα
3232 2971 3360 3042 πρὸς
3382 2970 3462 3022 τὸν
3490 2970 3647 3038 Πατέρα

2160 3067 2254 3121 καὶ
2281 3068 2622 3138 φαινόμενον,
2682 3066 2757 3128 ὼς
2806 3065 2951 3117 ἔστιν
2996 3067 3023 3118 ὁ
3063 3064 3252 3135 Πατὴρ
3285 3103 3301 3127 ,
3452 3062 3562 3114 κατὰ
3583 3062 3648 3127 τὴν

2159 3160 2448 3232 ὁμοιότητα
2502 3159 2596 3210 καὶ
2655 3158 2779 3229 μίαν
2829 3156 3075 3226 Θεότητα,
3136 3152 3483 3224 εὐλαϐούμεοα
3529 3153 3650 3204 εἰπεῖν

2159 3250 2467 3320 ὁμοουσιον;
2493 3233 2554 3302 Ε’ἰ
2583 3249 2678 3320 μὲν
2701 3248 2829 3320 γὰρ,
2863 3247 3052 3316 ὥσπερ
3088 3247 3295 3317 εἴρηται
3318 3245 3556 3304 πολλάκις,
3586 3243 3652 3293 οὐκ

2163 3339 2274 3408 ἔχει
2301 3338 2396 3408 τὴν
2431 3338 2669 3409 ἰδιότητα
2691 3339 2789 3409 τῆς
2822 3337 3096 3408 πατρικῆς
3140 3335 3340 3398 οὐσίας,
3366 3335 3471 3388 οὐδὲ
3488 3334 3563 3403 τὴν
3583 3334 3648 3400 ἐμ-

2163 3430 2386 3500 φέρειαν
2419 3429 2494 3490 ὡς
2543 3427 2694 3491 Υἱὸς,
2738 3427 2920 3490 καλῶς
2979 3425 3365 3496 εὐλαὸούμεθα·
3406 3423 3518 3476 εἰδὲ
3539 3419 3649 3472 τοῦτό

2154 3511 2272 3563 ἐστι
2301 3512 2360 3564 τὸ
2392 3513 2715 3580 φωτιστικὸν
2745 3510 2841 3565 καὶ
2891 3510 3284 3582 δημιουργικὸν
3322 3506 3380 3560 τὸ
3435 3502 3651 3557 ἰδιαίτατον

2151 3604 2243 3656 τοῦ
2271 3604 2501 3675 Πατρδς,
2538 3598 2598 3656 οὗ
2627 3603 2754 3657 ἄνευ
2791 3603 2913 3656 οὕτε
2957 3603 3296 3674 δημιουργεῖ,
3325 3599 3436 3652 οὗτε
3457 3591 3654 3663 γινώσκε-

2152 3711 2240 3748 ται
2274 3695 2490 3764 (πάντα
2530 3693 2639 3766 γὰρ
2672 3698 2736 3748 δι’
2769 3694 2932 3749 αὑτοῦ
2983 3696 3078 3747 καὶ
3107 3698 3163 3748 έν
3192 3691 3336 3761 αὑτῴ
3367 3688 3650 3754 συνέστηκεν

2151 3786 2239 3840 διὰ
2270 3787 2340 3851 τί,
2366 3787 2427 3838 τὸ
2453 3789 2684 3857 πρᾶγμα
2704 3787 2970 3850 νοοῦντες,
3013 3782 3416 3856 παραιτούμεθα
3443 3778 3522 3847 τὴν
3544 3772 3653 3825 τοῦτο

2156 3880 2528 3950 σημαίνουσαν
2587 3879 2731 3944 λέξιν
2787 3881 2998 3942 εἰπεῑνς
3063 3879 3130 3929 Τί
3157 3883 3264 3946 γάρ
3299 3876 3408 3926 ἐστι
3451 3869 3503 3921 τὸ
3533 3865 3654 3922 οὕτως

2153 3971 2389 4039 ὁμοφυὲς
2419 3968 2496 4038 τῷ
2525 3969 2697 4040 Πατρὶ
2731 3969 2764 4039 ἢ
2792 3968 3078 4038 ὁμοούσιον
3110 3965 3301 4029 αὐτοῦς
3336 3963 3403 4015 Οὐ
3430 3960 3521 4028 γὰρ
3549 3953 3657 4008 tibi}

2153 4079 2304 4132 τριον
2331 4062 2406 4125 ὡς
2432 4061 2707 4130 ὑπουργοῦ
2741 4061 2993 4131 δεόμενος
3027 4058 3391 4131 προσελάϐετο
3423 4055 3448 4106 ό
3473 4051 3580 4109 Θεὸς
3596 4045 3656 4095 τὸν

2155 4155 2303 4214 Υἱὸυ,
2337 4154 2457 4206 οὐδὲ
2489 4153 2556 4206 τὰ
2586 4157 2865 4225 ποιήματα
2895 4152 3073 4218 ἔσάξια
3116 4151 3209 4205 τοῦ
3260 4149 3529 4206 κτίσαντος,
3561 4140 3657 4192 ὥστε

2155 4247 2417 4316 τιμᾶσθαι
2446 4247 2618 4300 ταῦτα
2649 4248 2724 4310 ὡς
2754 4248 2979 4309 ἐκεῖνον,
3042 4246 3075 4315 ἢ
3139 4243 3392 4314 νομίζειν,
3435 4239 3503 4289 ὅτι
3540 4230 3656 4284 ταῦτα

2156 4336 2250 4388 καὶ
2277 4338 2304 4388 ὁ
2327 4336 2516 4408 Πατὴρ
2543 4336 2603 4388 ’έν
2633 4338 2789 4390 εἰσιν.
2826 4337 2894 4388 Ἣ
2923 4335 3252 4406 τολμησάτω
3284 4349 3362 4394 τις
3387 4327 3564 4381 διελεῖν.
3596 4318 3658 4370 καὶ

2156 4430 2347 4490 εἰπεῖν,
2382 4427 2474 4480 δύο
2509 4428 2658 4496 φῶτα
2691 4425 2825 4480 εἶναι
2855 4427 2945 4480 τὸν
2975 4426 3131 4497 ἥλιον
3160 4425 3251 4478 καὶ
3284 4423 3340 4477 τὸ
3369 4416 3656 4484 ἀπαύγασμα·

2161 4521 2187 4590 ἢ
2222 4522 2413 4592 ἑτέραν
2446 4519 2567 4573 τινὰ
2591 4515 2730 4573 εἶναι
2779 4519 2987 4582 οὐσίαν,
3017 4517 3050 4588 ἦ
3104 4518 3188 4570 ὅτι
3224 4508 3583 4582 ὲπισυμϐέὸηκε
3621 4499 3659 4550 τό

2157 4614 2516 4684 ἀπαύγασμα,
2545 4614 2737 4686 καὶμὴ
2772 4610 2977 4665 ἁπλοῦν
3019 4606 3158 4664 εἶναι
3201 4611 3294 4663 καὶ
3346 4600 3551 4671 καθαρὸν
3573 4594 3658 4661 γέν-

2156 4723 2302 4776 νημα
2337 4707 2399 4758 ἐκ
2419 4705 2512 4758 τοῦ
2546 4706 2696 4776 ἡλίου
2746 4703 2923 4758 τοῦτο·
2971 4704 3114 4757 ὥστε
3143 4701 3235 4754 δύο
3289 4699 3380 4770 μὲν
3417 4689 3534 4747 εἶναι
3555 4687 3660 4757 ἣλιον

2157 4795 2250 4850 καὶ
2282 4795 2646 4867 ἀπαύγασμα,
2675 4795 2731 4849 ἓν
2757 4795 2813 4849 δὲ
2857 4795 2919 4848 τὸ
2954 4794 3090 4864 φῶς,
3157 4793 3247 4847 διὰ
3276 4791 3336 4844 τὸ
3362 4791 3418 4840 ἐκ
3452 4785 3530 4837 του
3555 4778 3660 4847 ἡλίου

2156 4887 2294 4943 εἶναι
2321 4888 2480 4942 τοῦτο
2509 4889 2775 4959 γέννημα.
2809 4887 3078 4956 Τοιαύτης
3115 4885 3171 4938 δὲ
3199 4882 3362 4954 οὔσης
3387 4878 3470 4931 καὶ
3519 4868 3660 4944 μᾶλλην

2153 4979 2458 5052 ἀδιαιρέτου
2491 4979 2590 5048 τῆς
2636 4979 2850 5047 φύσεως
2905 4978 3000 5030 τοῦ
3038 4975 3168 5030 Υἱοῦ
3349 4969 3472 5041 πρὸς
3489 4964 3562 5016 τὸν

2151 5076 2304 5147 τέρα,
2348 5073 2442 5126 καὶ
2479 5073 2577 5124 οὐκ
2601 5072 2984 5142 ὲπισυμϐάσης
3035 5071 3135 5140 τῆς
3177 5066 3420 5135 Οεότητῡς
3467 5074 3529 5126 τῳ
3566 5052 3660 5116 ἶίῳτ

2153 5168 2288 5221 ἀλλὰ
2312 5168 2412 5237 τῆς
2442 5165 2719 5236 πατρικῆς
2744 5165 2996 5234 (θεότητος
3030 5161 3197 5232 οὓς-ης
3247 5161 3301 5212 ὲν
3330 5155 3403 5225 τῷ
3425 5149 3540 5219 Υἱῷ,

2151 5261 2242 5312 τὸν
2265 5258 2546 5332 ἑωρακότα
2567 5257 2658 5309 τὸν
2681 5257 2807 5308 Υἱδν
2844 5257 2976 5327 ὀρᾷν
3010 5257 3068 5307 ὲν
3100 5252 3248 5324 αὐτῷ
3273 5249 3360 5303 τὸν
3391 5233 3662 5311 Πατέρανδιί

2151 5353 2204 5404 τί
2238 5353 2266 5404 ὁ
2292 5350 2530 5413 τοιοῦτος
2564 5350 2638 5421 μὴ
2661 5348 2726 5402 ἂν
2753 5348 2963 5417 λέγοιτο
2997 5347 3309 5418 6μοούσιος;

2353 5443 2508 5493 Ἐστι
2566 5441 2663 5511 μὲν
2855 5430 2957 5492 ὀὖν
2992 5437 3151 5493 ἱκανὰ
3213 5437 3305 5489 καὶ
3348 5430 3503 5484 ταῦτα
3528 5421 3662 5522 misi:-

2156 5537 2318 5606 ὑμᾶς,
2359 5533 2432 5605 μὴ
2462 5535 2786 5604 κατηγορεῖν
2835 5532 2943 5584 τῶν
2980 5531 3295 5603 εἰρηκότων,
3327 5519 3574 5593 ὁμοούσιον
3614 5525 3664 5606 2::

2155 5645 2239 5680 ναι
2273 5625 2365 5678 τὸν
2399 5625 2527 5677 Υἱὸν
2561 5623 2640 5696 τῷ
2671 5626 2864 5695 Πατρί·
2902 5624 2995 5678 καὶ
3042 5622 3209 5692 αὐτὴν
3237 5621 3292 5673 δὲ
3317 5619 3454 5688 ὅμως
3479 5609 3560 5680 ῖὴν
3597 5615 3663 5653 τοι)

2085 4573 2124 4626 [)

2284 5798 2313 5820 ο

2363 5811 2383 5843 ³
2422 5811 2591 5867 Exod.
2624 5827 2707 5876 tu,
2740 5811 2820 5866 19.
