3860 6548
223 404 325 468 497

1168 406 1539 466 I‘ANOPLIA
1588 405 2043 467 DOGMATICA.
2094 436 2161 449 -
2198 408 2343 469 TIT.
2388 408 2492 469 Xl.

3356 399 3464 463 498

222 519 525 587 λεγομένων
551 518 844 585 σημασίαν,
878 522 969 572 καὶ
998 519 1024 570 6
1050 518 1114 571 τὰ
1143 516 1458 588 ἀνθρώπινα
1487 514 1580 569 τοῦ
1607 516 1778 581 Λόγου

1897 517 2226 572 humanitate
2258 519 2375 587 ejus
2409 517 2748 571 divinitatem
2780 530 2885 568 non
2914 514 3145 585 ignoret,
3186 518 3241 565 et
3274 509 3365 580 qui
3395 510 3462 564 de

220 611 463 682 γράφων,
494 606 600 662 οἶδε
627 611 720 662 καὶ
751 611 816 662 τὰ
849 614 972 681 περὶ
1001 612 1103 678 τῆς
1135 612 1385 678 θεότητος
1411 607 1597 661 αὑτοῦ.
1642 605 1698 659 Ὀ
1728 605 1784 657 δὲ

217 703 348 772 περὶ
383 705 479 772 τῆς
524 701 777 774 θεότητος
812 702 1171 773 ἐξηγούμενος
1207 701 1306 754 οὐκ
1339 700 1523 765 ἀγνοεῖ
1554 698 1634 760 ετά
1672 695 1785 748 [δια

216 799 318 865 τῆς
365 795 627 865 ἐνσάρκου
696 796 994 864 παρουσίας
1033 794 1193 846 αὐτοῦ
1220 834 1232 855 ,
1280 792 1396 844 ἀλλ’
1442 793 1669 842 ἕκαστον
1711 787 1785 848 ὡς

218 889 545 958 ἐπιστήμων
579 889 674 939 καὶ
713 886 931 954 δόκιμος
961 885 1295 956 τραπεζίτης
1325 883 1617 951 διακρίνων
1638 919 1652 942 ,
1688 878 1785 949 τὴν

216 980 499 1032 εὐσέϐειαν
535 980 996 1050 βαδιεῖται.”οταν
1022 978 1149 1046 γοῦν
1171 977 1331 1030 αὐτὸν
1355 977 1611 1029 κλαίοντα
1630 975 1783 1047 λέγῃ,

214 1066 378 1133 οἶδεν,
406 1071 488 1123 ὅτι
517 1072 802 1140 ἅνθρωπος
823 1070 1114 1138 γενόμενος
1143 1072 1169 1121 ὁ
1200 1067 1424 1137 Κύριος,
1459 1065 1698 1119 δείκνυσι
1726 1065 1789 1120 τὸ

217 1162 316 1229 μὲν
351 1162 563 1215 κλαίειν
590 1160 901 1231 ἀνθρώπου,
937 1160 1142 1230 ἐγείρει
1174 1158 1228 1211 δὲ
1259 1157 1510 1226 Λάζαρον
1532 1157 1606 1218 ὼς
1634 1156 1783 1218 Θεός.

212 1253 326 1305 Καὶ
369 1252 643 1307 πεινῶντα
694 1254 811 1321 μὲν,
858 1252 953 1305 καὶ
989 1250 1228 1320 διψῶντα
1282 1246 1390 1303 οἶδε
1440 1249 1785 1317 σωματικῶς,

214 1343 417 1405 θεῖκῶς
448 1344 503 1397 δὲ
538 1344 869 1413 χορτάζοντα
899 1343 1009 1397 ἀπὸ
1038 1343 1196 1397 πέντε
1226 1343 1410 1413 ἀρτων
1440 1357 1785 1410 πεντακισχι-

1889 611 1991 663 hac
2017 610 2277 678 disputat,
2298 624 2358 663 ea
2377 624 2496 678 qua:
2515 608 2684 678 ipsius
2708 608 2760 660 in
2777 604 3224 669 carneadventus
3241 600 3459 673 propria

1888 713 2036 764 sunt,
2074 706 2228 764 sciat,
2265 710 2317 756 et
2344 702 2396 754 in
2431 711 2661 769 utroque
2703 709 2957 768 tanquam
2987 696 3197 768 peritus
3249 704 3304 749 et
3332 707 3458 763 pro-

1889 794 2046 847 batus
2081 793 2274 861 aliquis
2333 790 2729 844 nummularius
2757 788 2964 858 judicio
2995 802 3094 841 suo
3144 796 3465 855 germanam

1890 887 2143 955 pit-tatem
2206 884 2451 953 explorat
2494 893 2548 937 et
2601 885 2864 953 agnoscit.
2905 883 3085 947 Quare
3129 893 3257 932 cum
3308 876 3459 930 illum

1891 979 2112 1031 ﬂentem
2140 977 2384 1039 adducit,
2450 976 2601 1029 novit
2630 991 2753 1028 cum
2807 983 2867 1028 ut
2905 971 3181 1026 hominem
3212 968 3362 1033 ﬂere,
3404 975 3467 1021 ut

1893 1070 2057 1123 Deum
2110 1079 2291 1124 tamen
2329 1084 2585 1122 revocare
2639 1065 2902 1121 Lazarum
2967 1064 3230 1119 invitam.
3290 1059 3461 1126 Quem

1891 1162 2223 1216 humanitate
2242 1161 2454 1217 esurire
2481 1160 2742 1228 sitireque
2781 1156 3183 1219 animadvertit,
3211 1154 3461 1212 eumdem

1891 1255 2182 1310 divinitate
2212 1255 2357 1309 videt
2384 1256 2623 1324 quinque
2657 1253 2888 1324 panibus
2909 1250 3148 1319 quinque
3175 1247 3463 1301 hominum

1890 1348 2054 1402 millia
2083 1360 2347 1402 saturare.
2399 1346 2553 1413 Quod
2623 1347 2677 1401 in
2707 1352 3059 1400 monumento
3116 1341 3349 1411 positum
3400 1347 3460 1390 ut

209 1436 384 1499 λίους.
417 1436 527 1488 Καὶ
558 1436 808 1505 κείμενον
839 1436 937 1505 μὶν
962 1432 1103 1489 οἶδεν
1134 1438 1192 1489 ὲν
1227 1434 1500 1505 μνημείῳ,
1528 1432 1601 1495 ὼς
1630 1432 1787 1501 σῶμα

1897 1455 2086 1509 corpus
2142 1440 2439 1493 humanum
2506 1438 2722 1508 aspicit,
2764 1436 2817 1489 id
2872 1444 2931 1488 ut
2979 1433 3071 1487 Dei
3129 1445 3328 1499 corpus
3386 1430 3469 1481 iu-

209 1527 577 1595 ἀνθρώπινον,
611 1528 958 1598 ὲγειρόμινυν
986 1527 1041 1580 δὲ
1071 1528 1145 1590 ὡς
1175 1524 1310 1579 Θεοῦ
1345 1525 1505 1592 σῶμα
1534 1523 1663 1592 παρ’
1692 1525 1786 1576 αῦ-

207 1618 302 1671 τοῦ
348 1620 441 1673 τοῦ
469 1622 663 1688 Λόγου,
694 1612 754 1672 οῦ
785 1622 880 1675 καὶ
908 1620 1134 1690 γέγονεν
1165 1618 1323 1690 σάρξ.

290 1712 358 1764 Ὀ
388 1714 484 1782 μὲν
512 1714 753 1781 γεωργὸς
788 1714 935 1777 ξένος
966 1714 1080 1767 ἐστὶ
1107 1714 1227 1767 κατ’
1254 1712 1443 1766 οὐσίαν
1474 1712 1572 1783 τῆς
1607 1709 1787 1776 ἀμπέο

207 1803 327 1865 λου,
384 1805 451 1856 τὰ
502 1804 558 1856 δὲ
610 1805 863 1872 κλήματα
914 1803 1171 1875 ὀμοοῦσια
1216 1806 1311 1860 καὶ
1361 1802 1637 1874 συγγενῆ,
1688 1801 1784 1855 καὶ

205 1894 500 1964 ἀδιαίρετα
542 1894 640 1961 τῆς
663 1895 905 1964 ἀμπέλου
937 1896 1287 1965 τυγχάνουσι,
1319 1893 1413 1948 καὶ
1449 1895 1578 1963 μίαν
1605 1894 1785 1963 ἔχουσι

208 1991 303 2038 καὶ
340 1987 438 2056 τὴν
464 1986 633 2056 αὐτὴν
664 1988 878 2055 γένεσιν
904 1987 1042 2041 αὐτά
1069 2004 1127 2040 τε
1157 1987 1249 2041 καὶ
1277 1987 1309 2055 ἡ
1340 1984 1599 2057 ἄμπελος.
1632 1984 1789 2037 Ἔστι

207 2080 288 2142 δὲ,
349 2079 423 2141 ὡς
475 2076 627 2132 εἶπεν
671 2085 701 2132 6
748 2078 970 2148 Κύριος,
1017 2078 1178 2141 αὐτὸς
1232 2079 1267 2149 ἡ
1311 2078 1572 2147 ἄμπελος,
1628 2078 1790 2146 ἡμεῖς

209 2170 278 2221 τὰ
315 2170 597 2240 κλήματα.
622 2170 683 2223 Ei
712 2171 811 2241 μὲν
836 2170 929 2224 οὖν
957 2169 1241 2240 όμοούσιος
1268 2172 1399 2240 ἡμῖν
1422 2173 1571 2223 ἔστιν
1593 2171 1621 2221 6
1642 2170 1786 2232 Υἱὸς,

210 2266 305 2317 καὶ
357 2264 455 2333 τὴν
487 2263 657 2333 αὐτὴν
710 2265 839 2333 ἡμῖν
869 2263 979 2332 ἔχει
1026 2262 1259 2330 γένεσιν,
1291 2261 1434 2314 latro
1461 2260 1603 2316 κατά
1633 2260 1792 2313 τοῦτο

208 2354 303 2407 καὶ
339 2355 368 2405 6
398 2353 523 2415 Υίὸς
550 2352 826 2421 ἀλλότριος
856 2350 975 2404 κατ’
1000 2350 1185 2404 οὐσίαν
1211 2348 1305 2401 τοῦ
1337 2349 1571 2419 Πατρὶς,
1603 2348 1792 2418 ὥσπερ

210 2450 305 2498 καὶ
367 2447 403 2515 ἡ
459 2445 701 2515 ἄμπελος
753 2445 846 2497 τοῦ
903 2444 1185 2514 γεωργοῦο
1240 2444 1287 2498 εί
1344 2442 1402 2495 δὲ
1462 2441 1592 2496 ἀλλο
1644 2442 1792 2495 ἐστὶν

210 2541 238 2591 6
272 2538 412 2600 Υἱὸς
446 2538 570 2607 παρ’
600 2538 628 2590 ὃ
658 2541 825 2605 ἐσμεν
860 2539 1038 2606 ἡμεῖς,
1070 2538 1322 2599 κάκεῖνος
1355 2534 1456 2603 μὲν
1486 2534 1660 2600 Λόγος
1695 2533 1790 2588 τοῦ

213 2631 471 2700 Πατρός,
506 2632 665 2700 ἡμεῖς
694 2630 753 2683 δὲ
778 2632 841 2682 ὲκ
873 2630 976 2699 γῆς
1001 2628 1328 2697 γεγόναμεν,
1362 2627 1457 2681 καὶ
1488 2627 1583 2680 τοῦ
1623 2625 1793 2695 Ἀδάμ

210 2725 387 2793 ἐσμεν
420 2725 650 2791 ἔκγονοι,
685 2725 785 2777 οὐκ
807 2723 1008 2791 ὀφείλει
1040 2723 1100 2775 τὸ
1135 2722 1295 2793 ῥητὸν
1330 2723 1410 2784 είς
1440 2720 1539 2791 τὴν
1562 2719 1792 2790 θεότητα

211 2816 592 2887 ἀναφέρεσθαι
622 2815 713 2868 τοῦ
757 2813 1017 2883 Χριστοῦ,
1058 2814 1191 2867 ἀλλὰ
1239 2811 1425 2866 λοιπὸν
1456 2812 1537 2874 είς
1574 2811 1673 2883 τὴν
1702 2813 1794 2863 ἀν-

213 2908 503 2979 θρωπίνην
536 2905 701 2961 αὑτοῦ
737 2910 1063 2975 παρουσίαν.
1114 2905 1267 2960 Ἐπεὶ
1302 2905 1393 2957 καὶ
1432 2903 1609 2965 οὕτως
1642 2903 1795 2973 εἴρη-

212 3020 310 3055 κεν
336 3002 363 3053 6
389 3002 580 3071 Σωτήρ
602 3017 615 3031 ·
652 3001 801 3069 Ἐγὼ
818 3000 855 3068 ἠ
883 3001 1171 3068 ἄμπελος,
1202 2996 1370 3067 ἡμεῖς
1395 2998 1466 3050 τὰ
1497 2995 1793 3065 κλήματα,

213 3098 246 3149 ὸ
277 3095 492 3162 Πατὴρ
529 3099 560 3148 ό
594 3094 869 3164 τεῳγός.
923 3094 1115 3159 Ἡμεῖς
1149 3091 1259 3161 γὰρ
1284 3088 1374 3143 τοῦ
1409 3088 1614 3156 Κυρίου
1654 3088 1795 3141 κατά

1892 1532 2081 1603 telligit
2113 1531 2409 1586 excitatum
2437 1529 2505 1584 ab
2531 1528 2649 1600 ipso
2690 1524 2888 1592 Verbo,
2913 1525 3071 1595 cujus
3097 1532 3181 1577 est
3206 1521 3295 1575 illa
3315 1536 3465 1575 caro.

1960 1716 2207 1788 Agricola
2240 1715 2459 1787 quidem
2492 1728 2521 1769 a
2546 1714 2656 1769 vite
2674 1712 2925 1768 diversus
2953 1720 3037 1766 est
3061 1707 3331 1773 essentia;
3355 1708 3472 1779 pal-

1896 1810 2057 1865 mites
2106 1818 2287 1864 autem
2311 1808 2499 1862 eadem
2548 1806 2787 1861 essentia
2833 1820 2955 1859 cum
3016 1803 3126 1857 vite
3188 1794 3465 1871 conjuncti

1894 1912 2038 1967 sunt,
2055 1912 2109 1956 et
2139 1902 2205 1956 ab
2240 1916 2301 1955 ea
2331 1899 2573 1969 separari
2593 1913 2702 1952 non
2729 1907 2977 1967 possunt,
3010 1905 3065 1950 et
3090 1895 3340 1950 eumdem
3367 1896 3469 1949 ha-

1890 1994 2017 2047 bent
2046 2003 2224 2047 ortum
2255 2006 2377 2045 cum
2409 1990 2523 2060 ipsa
2562 1990 2691 2044 vite.
2722 1988 3002 2050 Dominus,
3037 1994 3096 2041 ut
3118 1995 3347 2056 Ipsemet
3369 1987 3467 2049 ait,

1890 2082 2019 2136 vitis
2046 2090 2149 2144 est,
2212 2088 2555 2147 nostautem
2604 2078 2876 2149 palmites,
2919 2079 2961 2132 sl
3019 2078 3185 2147 igitur
3223 2077 3467 2146 ejusdem

1890 2172 2140 2228 essentia:
2170 2171 2450 2226 nobiscum
2488 2179 2570 2225 est
2597 2168 2782 2231 Filius,
2811 2177 2863 2223 et
2899 2169 3152 2223 eumdem
3185 2167 3469 2221 nobiscum

1891 2275 2073 2319 ortum
2098 2264 2279 2327 habet,
2331 2264 2403 2318 sit
2467 2264 2537 2318 ob
2568 2262 2621 2317 id
2664 2262 2828 2317 etiam
2901 2261 3069 2315 Filius
3116 2260 3185 2314 ab
3236 2259 3469 2314 essentia

1892 2357 2073 2411 Patris
2099 2358 2333 2420 alienus,
2369 2363 2429 2410 ut
2477 2356 2606 2411 vitis
2657 2355 2726 2409 ab
2767 2354 3020 2426 agricola.
3074 2352 3167 2406 Sin
3211 2351 3356 2405 atiud
3389 2360 3477 2404 est

1892 2448 2083 2509 Filius,
2153 2463 2315 2519 quam
2391 2464 2490 2503 nos
2562 2462 2774 2511 sumus,
2853 2454 3017 2516 atque
3080 2444 3171 2500 ille
3248 2443 3469 2513 quidem
3522 2484 3539 2495 ι

1892 2540 2129 2595 Verbum
2180 2550 2263 2595 est
2307 2537 2508 2603 Patris,
2556 2553 2656 2593 nos
2694 2549 2875 2593 autem
2923 2545 2983 2591 ut
3051 2534 3144 2591 lilii
3228 2534 3396 2588 Adam
3441 2549 3471 2586 e

1893 2643 2043 2688 terra
2068 2633 2434 2698 factisumus,
2502 2633 2708 2687 dictum
2744 2629 2877 2685 illud
2944 2630 3008 2682 ad
3058 2626 3262 2683 Christi
3335 2626 3472 2679 divi-

1894 2728 2119 2781 nitatem
2146 2724 2498 2779 rel'erendum
2529 2739 2639 2778 non
2674 2734 2778 2786 est,
2823 2723 2915 2778 sed
2947 2722 3013 2776 ad
3077 2720 3198 2790 ejus
3224 2718 3474 2773 humani-

1895 2829 2211 2888 tatem,quo
2240 2818 2457 2887 quidem
2489 2826 2541 2871 et
2566 2821 2680 2886 ipse
2706 2816 2965 2870 Dominus
3018 2822 3314 2885 spectans:
3355 2810 3471 2882 Ego

1901 2927 2037 2973 sum,
2072 2910 2266 2977 inquit,
2322 2910 2444 2964 vitis
2496 2918 2545 2962 et
2598 2924 2689 2962 vos
2749 2907 3014 2976 palmites,
3084 2907 3247 2959 Pater
3295 2916 3479 2957 autem

1895 3002 2129 3071 agricola
2156 3004 2199 3054 ί.
2245 3000 2352 3054 Nos
2369 2999 2514 3054 enim
2554 2996 2785 3052 Domino
2809 3005 3033 3068 propter
3064 2993 3468 3050 humanitatem

1896 3096 2013 3164 ejus
2060 3094 2383 3166 cognatione
2425 3092 2707 3162 conjuncti
2741 3106 2953 3146 sumus.
3015 3090 3381 3156 Quamobrem
3422 3095 3478 3140 et

213 3189 274 3240 τὸ
306 3185 652 3257 ἀνθρώπινον
682 3184 845 3238 αὐτοῦ
866 3184 1147 3251 συγγενεῖς
1177 3182 1363 3250 ἐσμεν,
1398 3181 1493 3233 καὶ
1520 3179 1682 3242 αὐτὸς
1707 3178 1792 3232 sia:

1898 3188 2012 3257 ipse
2038 3204 2052 3240 :
2087 3186 2352 3252 Narrabo,
2376 3185 2573 3256 inquit,
2598 3200 2786 3237 nomen
2818 3193 2966 3237 tuum
2993 3181 3246 3250 fratribus
3281 3180 3407 3234 meis
3429 3180 3474 3233 ’.

213 3279 378 3333 τοῦτο
410 3276 529 3332 εἷπε
553 3293 567 3306 ·
607 3277 966 3347 διηγήσομαι
1002 3276 1069 3329 τὸ
1102 3275 1287 3345 ὄνομὰ
1316 3287 1434 3329 σου
1470 3272 1594 3339 τοῖς
1623 3271 1799 3328 ἁδελ-

214 3374 357 3443 φσῖς
376 3390 517 3442 μου.
557 3372 617 3424 Ὀ
645 3371 700 3424 δὲ
730 3369 915 3441 Πατὴρ
938 3371 966 3424 6
984 3368 1226 3439 γεωργός
1249 3384 1263 3398 ·
1292 3366 1453 3431 αὐτὸς
1481 3365 1589 3438 γὰρ
1615 3365 1802 3437 είργάο

217 3483 357 3519 σατο
402 3464 491 3517 διὰ
543 3462 638 3516 τοῦ
690 3464 864 3531 Λόγου
918 3461 1016 3532 τὴν
1068 3460 1345 3529 ἄμπελον,
1395 3459 1517 3529 ἥτις
1565 3458 1683 3510 ἐστὶ
1737 3456 1799 3511 τὺ

218 3557 507 3628 κυριακὸν
548 3556 724 3626 σῶμα.
758 3551 885 3624 'Ap‘
919 3554 1013 3607 οὖν
1051 3554 1127 3615 ὡς
1159 3553 1207 3604 oi
1241 3550 1598 3621 χριστομάχοι
1635 3549 1800 3620 θρυλ-

218 3650 380 3702 ὶοῦσι
416 3649 686 3711 Διονύσιος
713 3650 780 3700 τὰ
814 3646 1129 3718 ἀνθρώπινα
1152 3644 1245 3698 τοῦ
1280 3642 1516 3715 Χριστοῦ
1548 3643 1795 3712 γράφων,

218 3744 317 3793 καὶ
351 3742 527 3807 λέγων
555 3740 716 3806 οὕτω,
738 3738 951 3810 ¹ιτοίημοι
979 3737 1144 3792 αὐτὸν
1177 3737 1206 3809 ἢ
1233 3737 1327 3790 ἕνα
1358 3736 1467 3791 τῶν
1496 3734 1799 3803 ἀνθρώπων

218 3835 411 3900 ἔλεγεν
441 3830 610 3895 that;
637 3832 731 3885 καὶ
758 3833 865 3901 μὴν
891 3832 987 3901 οὐχ
1011 3830 1179 3892 οὕτως
1202 3828 1438 3900 ἔγραψεν
1467 3829 1526 3882 ὲν
1551 3829 1673 3891 ταῖς
1701 3827 1797 3881 ἀλ-

217 3927 341 3989 λαις
382 3926 730 3990 ἐπιστολαῖς,
772 3923 907 3979 ἀλλὰ
940 3924 1034 3976 καὶ
1062 3924 1238 3991 ὀρθῶς
1272 3922 1483 3992 φρονῶν
1522 3923 1579 3973 ὲν
1608 3922 1797 3984 αὐταῖς

218 4020 495 4087 φαίνεται,
534 4019 628 4071 καὶ
656 4016 877 4069 δύναται
901 4015 969 4069 δι’
1000 4014 1179 4069 αὐτῶν
1206 4014 1400 4085 βοῆσαι
1432 4015 1572 4069 κατά
1593 4014 1799 4067 τούτων

218 4114 421 4180 λέγων,
443 4111 558 4164 Οὐκ
588 4110 704 4179 είμὶ
733 4109 831 4178 τῆς
857 4108 1025 4175 αὐτῆς
1056 4107 1234 4177 δόξης.
1264 4100 1309 4162 ὦ
1343 4106 1619 4177 θεομάχοι,
1654 4108 1713 4160 οὑ
1742 4108 1796 4160 δὲ

220 4208 289 4259 τὰ
324 4204 569 4273 ἡμέτερα
592 4202 862 4272 πρόφασιν
902 4200 1098 4271 Ἀρείῳ
1124 4204 1393 4270 παρέσχεν
1418 4203 1493 4263 είς
1521 4201 1792 4263 ἀσέϐειαν,

219 4296 361 4352 ἀλλά
399 4294 537 4365 πρὸς
596 4294 886 4364 Ἀμμωνᾶν
918 4296 1009 4346 καὶ
1047 4292 1368 4365 Εὐφράνορα
1418 4292 1504 4346 διὰ
1533 4292 1658 4353 τοὺς
1696 4309 1789 4345 σα-

218 4388 569 4452 6ελλίζοντας
604 4387 848 4457 γράφων,
878 4386 1154 4458 ἐμνήσθην
1183 4385 1384 4440 καὶτοῦ
1414 4386 1681 4456 γεωργοῦ,
1704 4386 1796 4439 καὶ

216 4483 323 4551 τῆς
350 4480 616 4554 ἀμπέλου,
644 4480 738 4533 καὶ
761 4477 866 4532 τῶν
892 4460 1147 4531 τοιούτων
1170 4477 1344 4532 ἀλλων
1371 4478 1651 4548 ῥημάτων,
1686 4477 1790 4542 ἵνα,

1899 3281 2060 3335 Pater
2078 3290 2262 3334 autem
2296 3278 2528 3350 agricola
2567 3284 2672 3342 est,
2722 3276 2814 3347 qui
2850 3293 2947 3349 per
2977 3275 3216 3331 Verbum
3283 3274 3476 3333 vitem,

1900 3378 2002 3431 hoc
2036 3384 2141 3441 est,
2177 3374 2391 3431 Domini
2426 3390 2627 3445 corpus
2678 3372 2807 3428 fecit
2834 3382 2890 3428 et
2919 3372 3111 3427 coluit.
3147 3370 3265 3426 Non
3312 3370 3477 3443 igitur

1897 3485 1963 3525 eo
1997 3484 2182 3533 sensu,
2216 3484 2325 3538 quo
2358 3470 2654 3538 praedicant
2679 3469 2866 3523 hostes
2896 3466 3126 3527 Christi,
3193 3463 3479 3535 Dionysius

1898 3567 2147 3621 scribens
2178 3580 2242 3618 ea
2273 3580 2393 3634 qua:
2418 3566 2483 3617 ad
2516 3562 2729 3617 Domini
2758 3560 3031 3631 pertinent
3053 3558 3476 3616 humanitatem,

1897 3660 2053 3722 dixit,
2118 3668 2233 3712 tum
2314 3671 2439 3711 esse
2496 3656 2724 3716 factum,
2790 3664 2953 3721 atque
3003 3666 3170 3705 unum
3236 3664 3358 3702 esse
3412 3662 3475 3700 cx

1899 3752 2228 3807 hominibus.
2258 3750 2412 3816 Quod
2463 3766 2527 3803 ex
2563 3748 2682 3803 aliis
2702 3747 2823 3815 ejus
2854 3745 3098 3814 epistolis
3156 3741 3331 3795 multo
3366 3741 3477 3794 cla-

1897 3849 2011 3905 rius
2039 3855 2215 3918 potest
2246 3842 2495 3913 intelligi,
2528 3843 2579 3895 in
2617 3842 2818 3911 quibus
2868 3849 2977 3891 tam
3045 3843 3233 3904 aperte
3293 3832 3478 3887 decla-

1899 3942 2059 4004 ravit,
2095 3954 2155 3995 se
2202 3946 2351 3994 recte
2382 3935 2611 3996 sentire,
2641 3942 2700 3988 ut
2720 3929 3129 3988 adversusillos
3158 3926 3304 3982 clara
3343 3939 3478 3981 voce
3518 3993 3525 3999 ⁸

1898 4036 2081 4091 dicere
2133 4033 2383 4089 videatur
2418 4046 2434 4085 :
2467 4030 2582 4103 Ego
2630 4025 2959 4083 sententiam
3046 4030 3280 4076 vestram
3366 4030 3480 4071 non

1900 4126 2093 4196 probo,
2128 4124 2223 4179 Dei
2257 4124 2463 4185 hostes,
2489 4133 2667 4189 neque
2687 4117 2887 4186 scripta
2916 4122 3102 4170 nostra
3134 4109 3476 4167 occasionem

1900 4218 2047 4283 Ario,
2080 4224 2139 4271 ut
2170 4214 2335 4284 impie
2359 4212 2607 4273 sentiret,
2630 4211 3001 4279 praebuerunt.
3035 4201 3142 4259 Sed
3169 4202 3233 4257 ad
3260 4203 3482 4257 Ammo-

1896 4326 2021 4365 nam
2057 4318 2110 4363 et
2149 4306 2562 4377 Euphranorem
2587 4301 2856 4363 scribens,
2895 4308 2953 4354 ut
2977 4313 3073 4353 eos
3131 4296 3223 4366 qui
3257 4290 3477 4350 Sabellii

1897 4398 2138 4469 partibus
2160 4396 2445 4457 favebant,
2478 4394 2878 4461 impugnarem,
2911 4387 3161 4460 agricolre
3191 4395 3246 4441 et
3268 4383 3394 4438 vilis
3426 4394 3481 4438 et

1897 4489 2154 4545 similium
2176 4488 2462 4541 verborum
2480 4485 2813 4539 mentionem
2834 4482 2954 4535 fecit
2977 4497 3084 4549 quo
3104 4480 3477 4532 demonstrata

219 4550 290 4626 τὰ
324 4550 641 4640 ἀνθρώπινα
678 4569 769 4624 τοῦ
804 4568 1037 4639 Χριστοῦ
1065 4568 1265 4636 δείξας,
1293 4568 1467 4623 πείσω
1510 4567 1584 4639 μὴ
1614 4568 1792 4634 λέγειν

1900 4579 2103 4634 Christi
2165 4577 2502 4632 humanitate
2531 4574 2912 4646 persuaderem
2978 4572 3079 4625 illis
3135 4585 3206 4625 ne
3266 4568 3481 4622 Patrem

220 4663 460 4727 ixelvou;
481 4665 561 4717 ὅτι
581 4663 609 4713 6
640 4663 828 4731 Πατήρ
846 4663 992 4714 ἐστιν
1023 4660 1351 4731 όγενόμενος
1383 4659 1684 4729 ἄνθρωπος.
1713 4658 1801 4722 Ὠς

221 4759 331 4825 γὰρ
362 4760 389 4811 6
422 4757 667 4827 γεωργὸς
700 4758 799 4809 οὐκ
829 4757 975 4810 ἐστιν
1008 4759 1063 4808 ἐν
1094 4758 1160 4825 τῇ
1199 4755 1448 4824 ἀμπέλῳ,
1483 4753 1654 4817 οῦτως
1700 4754 1802 4806 οὐκ

221 4852 371 4902 ἐστιν
394 4852 451 4903 ὲν
472 4848 549 4919 τῷ
572 4847 782 4917 σώματι
809 4848 1096 4917 γενόμενος
1112 4849 1139 4899 6
1170 4845 1379 4918 Πατὴρ,
1414 4846 1529 4900 ἀλλ’
1551 4849 1578 4899 6
1608 4847 1798 4913 Λόγος.

223 4944 331 4995 Καὶ
348 4946 371 4992 ὁ
385 4942 553 5010 Λόγος
570 4943 627 4992 ἐν
647 4943 710 5011 τῇ
726 4940 955 5011 ἀμπέλῳ
972 4940 1257 5009 γενόμενος
1269 4938 1552 5013 ἄνθρωπος
1569 4937 1798 5008 ἐκλήθη·

220 5034 465 5103 ἄμπελος
493 5032 548 5085 δὲ
576 5031 777 5101 ἐκλήθη
810 5034 836 5085 6
866 5032 993 5093 Υίὺς
1028 5032 1113 5085 διὰ
1143 5031 1241 5101 τὴν
1261 5031 1392 5101 πρὸς
1423 5028 1494 5084 τὰ
1524 5032 1795 5100 κλήματα,

225 5125 368 5194 ἆπερ
433 5123 598 5192 ἐσμὲν
641 5125 822 5193 ἡμεῖς,
869 5121 1186 5193 σωματικὴν
1232 5120 1570 5189 συγγένειαν.
1616 5119 1801 5190 Ταύτῃ

227 5216 323 5282 μὲν
349 5214 445 5267 οῦν
466 5217 531 5284 τῇ
565 5212 774 5284 διανοίᾳ
802 5211 900 5283 τὴν
926 5212 1061 5283 πρὸς
1090 5212 1433 5281 Εὐφράνορα,
1457 5212 1548 5263 καὶ
1577 5210 1803 5279 Ἀμμω-

226 5309 320 5359 νᾶν
358 5307 576 5376 ἔγραψα
609 5305 917 5375 ἐπιστολὴν,
948 5303 1083 5375 πρὸς
1113 5303 1168 5358 δὲ
1206 5305 1304 5373 τὴν
1331 5301 1484 5372 ὑμῶν
1524 5301 1799 5355 ἀναίδειαν

226 5402 320 5461 τὰς
350 5401 547 5470 ἐτέρας
577 5398 861 5460 ἐπιστολὰς
891 5400 987 5459 τὰς
1018 5396 1144 5465 παρ’
1179 5394 1311 5467 ἐμοῦ
1342 5394 1645 5464 γραφείσας
1670 5396 1799 5447 ἀνα-

223 5491 434 5561 τίθημι,
472 5492 560 5545 ἴνα
592 5491 685 5544 καὶ
719 5491 852 5558 περὶ
883 5489 983 5559 τῆς
1028 5490 1335 5558 ἐπιστολῆς,
1396 5484 1465 5560 ἧς
1498 5487 1793 5558 θρυλλεῖτε,

230 5584 431 5648 γνῶσιν
456 5584 506 5635 οἱ
536 5583 791 5653 φρόνιμοι
819 5580 917 5651 τὴν
945 5583 1003 5633 ἐν
1032 5581 1210 5642 αὐτοῖς
1238 5577 1551 5644 ἀπολογίαν,
1579 5579 1672 5630 καὶ
1698 5579 1792 5647 τῆς

224 5674 280 5724 ὲν
312 5673 529 5743 Χριστῷ
568 5674 803 5737 πίστεως
833 5673 930 5742 τὴν
962 5673 1127 5741 ὀρθήν
1164 5689 1260 5738 μου
1295 5670 1574 5740 φρόνησιν.

289 5867 303 5897 ¹
336 5867 491 5922 Joan.
526 5883 606 5933 xv,
640 5868 689 5919 5.
770 5870 787 5898 ³
816 5868 951 5920 Psztl.
994 5882 1078 5923 xx,
1115 5866 1199 5918 ‘25.

1905 4671 2105 4724 factum
2152 4683 2271 4723 esse
2315 4667 2613 4728 hominem,
2658 4665 2965 4719 crederent.
3005 4660 3475 4727 Quemadmodum

1903 4760 2047 4815 enim
2065 4757 2297 4830 agricola
2316 4772 2423 4812 non
2444 4766 2528 4811 est
2553 4756 2607 4810 in
2632 4754 2758 4820 vite,
2780 4754 2856 4809 sic
2876 4769 2975 4808 nec
2992 4754 3155 4807 Pater
3170 4759 3255 4805 est
3279 4749 3335 4805 in
3358 4765 3479 4804 cor-

1902 4866 2034 4922 pore
2049 4850 2223 4906 lactus
2238 4849 2423 4912 homo,
2440 4847 2539 4903 sed
2555 4844 2818 4901 Verbum.
2837 4844 2991 4912 Quod
3007 4842 3226 4913 quidem
3242 4842 3483 4898 Verbum

1905 4946 1957 4997 iu
1993 4946 2102 4997 vite
2128 4940 2331 4996 factum
2365 4942 2527 4995 homo
2563 4951 2789 4995 vocatus
2815 4946 2920 4994 est.
2968 4938 3135 4992 Filius
3159 4951 3288 5008 ergo
3320 4949 3485 4989 voca-

1905 5046 1990 5089 tus
2042 5044 2124 5089 est
2176 5034 2303 5087 vitis
2339 5042 2560 5103 propter
2603 5047 2921 5105 corpoream
2954 5031 3484 5105 cognationem,qua

1904 5143 2027 5183 cum
2086 5126 2426 5197 palmitibus,
2469 5126 2561 5196 qui
2596 5141 2696 5179 nos
2767 5140 2975 5191 sumus,
3034 5124 3323 5179 devinctus
3375 5129 3479 5174 est.

1903 5219 1991 5275 Sic
2019 5234 2119 5290 ego
2151 5220 2297 5275 sensi
2330 5221 2383 5274 in
2419 5218 2674 5288 epistola,
2733 5234 2896 5288 quam
2948 5216 3015 5270 ad
3064 5215 3477 5284 Euphranorem

1904 5322 1959 5367 et
2013 5314 2338 5367 Ammonam
2373 5312 2590 5383 scripsi.
2623 5311 2757 5365 Nam
2803 5310 2948 5381 quod
2989 5308 3055 5363 ad
3088 5305 3478 5376 impudentiam

1908 5413 2142 5457 vestram
2187 5403 2407 5467 attinet,
2451 5412 2678 5459 cazteras
2732 5418 2883 5458 meas
2922 5399 3217 5472 proferam,
3278 5406 3338 5451 ut
3405 5412 3473 5450 ex

1902 5494 1991 5554 iis,
2026 5494 2303 5563 quomodo
2348 5508 2575 5564 purgem
2630 5476 2717 5547 inc
2768 5494 2821 5546 in
2865 5507 2930 5546 en
2977 5491 3120 5560 quod
3164 5498 3354 5543 contra
3389 5499 3480 5540 me

1896 5594 2121 5657 propter
2145 5585 2289 5639 illam
2313 5586 2594 5654 epistolam
2615 5585 2949 5655 divulgastis,
2978 5581 3269 5640 prudentes
3304 5576 3449 5657 homi

1897 5660 2007 5729 nes?
2050 5677 2354 5746 intelligant
2396 5686 2450 5728 et
2486 5683 2687 5729 rectam
2750 5692 2922 5729 meam
2958 5673 3077 5728 ﬁdei
3106 5673 3160 5728 in
3196 5654 3475 5728 Christum

1904 5768 2225 5823 sententiam
2282 5777 2598 5837 agnoscam.
