3770 6558
389 467 496 548 ᾂ-θθ

1659 472 2039 543 num-mu
2081 461 2449 537 Z‘lGABENI

3495 483 3580 547 500

381 588 515 662 ιιεηι
539 587 784 666 adversus
818 586 1041 666 Ariona:
1075 586 1538 666 el_Eun_o_ntianos.
1593 589 1772 660 Magni
1799 589 1955 643 Basi-

2064 589 2367 666 Ἕτινιατὰ
2412 586 2722 666 Vipstani)?
2751 604 2815 656 Γτε
2841 587 2942 666 3m!
2976 588 3350 666 Εὑνομιανῶν
3382 597 3474 647 τοῦ
3501 619 3582 665 μετ

871 655 952 718 lii,
984 674 1047 711 ex
1070 659 1240 727 primo
1266 658 1420 732 libro.

450 851 581 906 Rem
603 852 976 921 expendentes
1010 853 1344 918 invenimus,
1381 869 1483 909 nos
1528 853 1753 924 ingeniti
1774 856 1955 911 notio-

378 961 500 1016 nem
529 945 746 1016 assequi
765 961 876 1000 non
904 961 968 1001 ex
1008 961 1072 1005 ea
1097 946 1418 1016 quaestione,
1447 964 1552 1017 qua
1579 947 1713 1017 quid
1740 948 1830 1010 sit,
1857 948 1952 1002 sed

375 1055 439 1102 ex
468 1039 578 1104 illa,
609 1053 716 1108 qua
745 1040 1018 1109 quomodo
1056 1040 1149 1106 sit,
1181 1041 1518 1110 indagamus.
1552 1041 1780 1098 Animus
1807 1039 1953 1094 enim

376 1141 564 1186 noster
581 1134 894 1202 exquirens,
922 1142 1104 1187 utrum
1127 1132 1289 1200 Deus,
1315 1136 1407 1205 qui
1439 1149 1600 1203 supra
1647 1134 1832 1187 omnia
1850 1143 1951 1198 est,

378 1225 612 1292 aliquam
653 1212 816 1294 supra
865 1241 923 1280 se
960 1242 1181 1280 causam
1231 1227 1446 1292 haheat,
1474 1242 1598 1296 cum
1646 1226 1956 1296 excogitare

379 1316 582 1374 nullam
620 1318 814 1386 possit,
863 1319 998 1372 illud
1060 1319 1233 1388 ipsius
1289 1323 1416 1376 vitae
1477 1320 1802 1389 principium
1842 1336 1954 1375 non

382 1409 591 1467 habens
619 1409 920 1481 ingenitum
954 1414 1208 1481 appellat.
1265 1413 1506 1469 Utenim
1563 1429 1684 1469 cum
1733 1415 1799 1470 de
1859 1415 1956 1472 ho-

380 1501 620 1556 minibus
649 1503 933 1569 loquentes
977 1503 1124 1558 hunc
1182 1519 1248 1559 ex
1303 1504 1395 1559 illo
1447 1515 1632 1559 natum
1689 1506 1950 1576 dicimus,

379 1611 486 1648 non
522 1596 650 1665 quid
699 1587 788 1649 ille
823 1597 915 1661 sit,
953 1597 1048 1652 sed
1081 1597 1224 1651 unde
1263 1608 1418 1652 ortus
1450 1598 1540 1661 sit,
1601 1600 1950 1669 exponimus,

379 1688 456 1750 sic
498 1703 624 1742 cum
662 1687 962 1758 ingenitum
1023 1705 1282 1745 vocamus
1332 1690 1503 1744 Deum
1531 1731 1544 1756 ,
1587 1707 1652 1746 ex
1689 1707 1822 1747 voce
1846 1707 1954 1746 non

379 1780 506 1848 quid
565 1779 712 1838 Deus
760 1781 851 1845 sit,
878 1781 975 1840 sed
1015 1797 1139 1838 eum
1189 1782 1392 1839 anullo
1413 1798 1533 1838 esse
1578 1784 1950 1839 declaramus.

381 1871 471 1936 Sic
501 1881 684 1928 autem
721 1873 770 1930 id
804 1873 947 1944 quod
967 1873 1088 1929 dico
1113 1873 1331 1944 planius
1362 1875 1474 1930 ﬁet.
1510 1875 1687 1930 Lucas
1715 1893 1950 1947 evange-

380 1966 501 2044 lista
546 1966 642 2037 D,ei
674 1977 728 2024 et
760 1968 1071 2028 Servatoris
1122 1970 1297 2033 nostri
1343 1969 1470 2026 Jesu
1506 1970 1708 2026 Christi
1759 1987 1954 2042 genea-

379 2060 571 2129 logiam
627 2062 809 2120 carnis
859 2077 1164 2132 exponens,
1197 2063 1346 2119 etab
1396 2065 1602 2120 ultimis
1630 2066 1696 2121 ad
1748 2067 1954 2135 primos

381 2152 735 2222 progrediens
763 2153 980 2216 initium
1016 2153 1248 2224 sumpsit
1288 2169 1317 2219 ο
1350 2153 1576 2224 Ioseph,
1608 2166 1665 2210 et
1689 2155 1837 2212 hunc
1871 2157 1952 2211 Eli

377 2246 551 2300 ﬁlium
593 2246 804 2310 dicens,
859 2246 940 2300 Eli
967 2255 1149 2302 autem
1186 2246 1356 2301 ﬁlium
1385 2246 1645 2312 Matthan,
1677 2257 1840 2316 atque
1882 2248 1950 2302 ita

377 2335 636 2406 deinceps
676 2336 921 2408 singulos
969 2351 1262 2392 recensens
1279 2337 1346 2392 ad
1379 2338 1550 2394 Adam
1585 2338 1953 2399 narrationem

378 2427 626 2482 deduxit.
683 2427 788 2488 Sed
820 2445 941 2484 cum
980 2429 1046 2482 ad
1077 2443 1364 2498 supremos
1395 2429 1756 2497 pervenisset,
1793 2429 1953 2494 Setb,

380 2520 655 2588 inquiens,
683 2535 749 2576 ex
780 2521 972 2584 Adam,
994 2521 1166 2576 Adam
1201 2530 1386 2576 autem
1420 2536 1489 2576 ex
1522 2521 1654 2586 Deo,
1684 2519 1815 2576 fecit
1849 2538 1954 2582 nu-

382 2611 630 2670 merandi
679 2612 864 2670 ﬁnem.
914 2613 1102 2683 Neque
1144 2629 1275 2668 vero
1326 2614 1376 2667 in
1410 2628 1474 2668 ea
1503 2614 1772 2682 cujusque
1802 2621 1955 2668 ortus

382 2705 747 2774 explicatione
778 2715 1004 2761 naturas
1051 2720 1241 2772 eorum
1273 2720 1411 2776 quos
1457 2714 1826 2769 recensuerat,
1864 2720 1956 2768 os-

382 2797 579 2866 tendit,
633 2796 731 2862 sed
778 2797 1070 2866 conjuncta
1118 2797 1411 2868 principia,
1453 2813 1519 2852 ex
1566 2813 1675 2866 quo
1725 2797 1957 2866 quisque

379 2895 539 2946 natus
595 2897 740 2944 esset
795 2892 1067 2958 exposuit.
1121 2889 1590 2956 Quemadmodum
1639 2890 1803 2960 igitur
1863 2891 1956 2944 ille

379 2983 541 3048 dixit,
572 2982 746 3038 Adam
779 2998 845 3037 ex
899 2983 1034 3046 Deo,
1076 2984 1150 3047 ita
1189 2992 1405 3046 nosmet
1441 2983 1483 3038 si
1520 2998 1551 3037 a
1580 2983 1740 3038 nobis
1761 2983 1956 3052 exqui-

380 3089 590 3138 ramus,
645 3073 790 3130 Deus
826 3084 1007 3131 autem
1055 3093 1117 3130 ex
1148 3076 1306 3144 quo?
1354 3090 1536 3133 nonne
1588 3075 1643 3128 in
1687 3075 1954 3143 cujusque

383 3167 714 3234 cogitatione
775 3180 1093 3238 promptum
1160 3168 1290 3223 illud
1342 3170 1470 3233 erit,
1530 3184 1597 3224 ex
1649 3168 1846 3222 nullo?
1879 3167 1952 3220 Ex

2129 657 2318 737 ζᾴλοςυ
2342 660 2662 737 Βασίλειρο
2681 658 2745 710 ἐκ
2764 657 2868 735 τοῦ
2891 659 3122 724 πρώτου
3143 661 3321 728 λόγου
3344 657 3582 737 uin-aper;

2128 731 2429 798 Εὐνόμιον
2458 727 2906 795 ἀντιρῤητικῶν.

2129 862 2476 934 Εὑρίσκομεν
2502 864 2866 932 λογιζόμενοι,
2890 865 2973 918 ὅτι
2991 865 3090 916 οὐκ
3120 866 3176 915 ἐν
3199 869 3260 936 τῇ
3282 867 3371 919 τοῦ
3399 870 3446 922 τί
3468 874 3585 926 serv

2057 956 2411 1024 ἀνερευνήσει
2442 957 2473 1027 ἡ
2514 956 2608 1009 τοῦ
2646 957 2936 1026 ἀγεννήτου
2971 958 3099 1025 ἡμῖν
3121 959 3293 1011 ἔννοια
3315 961 3585 1026 ὑποπίπτει,

2057 1047 2192 1100 ἀλλὰ
2248 1047 2446 1114 μᾶλλον
2479 1050 2537 1100 ἐν
2574 1051 2638 1118 τῇ
2677 1048 2776 1125 ,τοῦ
2807 1049 2940 1117 ὅπερ
2983 1050 3148 1103 ἐστίν.
3197 1051 3474 1125 Ἐξετάζων
3501 1056 3588 1124 γὰρ

2055 1137 2211 1207 ἡμῶν
2241 1141 2267 1191 6
2291 1139 2435 1202 νοῦς,
2458 1141 2504 1192 εί
2526 1142 2552 1192 6
2583 1141 2676 1192 ἐπὶ
2698 1141 2915 1193 πάντων
2937 1140 3065 1198 Θεὸς
3091 1142 3282 1193 ἐαυτοῦ
3303 1159 3418 1195 τινα
3441 1145 3589 1200 αἰτίαν

2055 1231 2458 1300 ὑπερκειμένην
2489 1232 2622 1300 ἔχει,
2657 1228 2776 1285 εἶτα
2807 1233 2866 1284 οὑ
2904 1233 3197 1298 δυνάμενος
3222 1235 3442 1286 ἐπινοεῖν
3467 1238 3588 1290 ουδε-

2058 1322 2207 1389 μίαν,
2238 1323 2298 1374 τὸ
2330 1323 2564 1392 ἄναρχον
2597 1324 2696 1392 τῆς
2729 1323 2892 1377 αὐτοῦ
2925 1323 3091 1392 ζ’ωῆςῖ
3125 1325 3406 1394 ἀγέννητον
3453 1345 3591 1396 προσ-

2052 1413 2371 1481 ηγόρευσεν.
2398 1414 2486 1477 Ὠς
2507 1415 2613 1484 γὰρ
2631 1416 2687 1466 ἐν
2709 1417 2816 1477 τοῖς
2843 1432 2909 1467 πε
2917 1415 2972 1485 pi.
2988 1416 3095 1467 τῶν
3117 1415 3212 1467 ἀνθ
3222 1417 3410 1484 ρώπων
3423 1415 3588 1484 λόγοις,

2056 1500 2184 1553 ὅταν
2218 1500 2486 1571 λέγωμεν,
2525 1502 2605 1556 ὅτι
2632 1504 2659 1553 6
2687 1503 2838 1557 δεῖνα
2867 1505 2929 1556 ἐκ
2953 1503 3108 1556 τοῦδε
3135 1505 3372 1572 γέγονεν,
3399 1509 3454 1558 οὐ
3480 1509 3591 1560 τὸτί

2054 1594 2199 1646 ἐστιν
2239 1595 2490 1658 ἑκάστου,
2522 1594 2657 1646 ἀλλὰ
2676 1595 2734 1648 τὸ
2754 1595 2877 1654 ὅθεν
2903 1597 3092 1662 γέγονε
3117 1596 3458 1665 διηγούμεθα,
3478 1599 3590 1652 οὕτω

2055 1688 2148 1739 καὶ
2191 1688 2250 1740 ἐν
2288 1687 2401 1748 τοῖς
2442 1687 2573 1756 περὶ
2599 1687 2733 1739 Θεοῦ
2780 1688 2813 1757 ἡ
2853 1688 3145 1757 ἀγέννητος
3184 1690 3330 1756 φωνὴ
3359 1689 3416 1740 οὐ
3450 1691 3500 1741 τὸ
3536 1692 3591 1750 τί,

2056 1778 2189 1830 ἀλλὰ
2217 1778 2276 1830 τὸ
2305 1777 2620 1847 μηδαμόθεν
2647 1778 2812 1832 αὑτοῦ
2836 1780 3113 1848 σημαίνει.
3142 1779 3350 1832 Οὑτωσὶ
3377 1780 3416 1831 6‘
3441 1780 3498 1834 ἂν
3521 1799 3595 1833 σα-

2057 1870 2338 1940 φέστερον,
2371 1871 2400 1924 6
2426 1871 2589 1940 λέγω,
2629 1877 2858 1941 γένοιτο.
2897 1873 2955 1926 '0
2995 1871 3379 1941 εὐαγγελιστὴς
3408 1873 3590 1935 Λουκᾶς

2054 1962 2152 2033 τὴν
2187 1963 2327 2016 κατὰ
2361 1964 2536 2034 σάρκα
2566 1965 2919 2034 γενεαλογίαν
2954 1964 3048 2018 τοῦ
3083 1964 3221 2018 Θεοῦ
3261 1966 3351 2018 καὶ
3380 1966 3596 2035 Σωτῆρος

2055 2056 2212 2127 ἡμῶν
2280 2056 2454 2126 Ἰησοῦ
2509 2057 2742 2126 Χριστοῦ
2795 2058 3176 2126 ἐκτιθέμενος,
3231 2058 3322 2109 καὶ
3374 2058 3470 2110 ἀπὸ
3511 2058 3596 2112 τῶν

2055 2148 2378 2203 τελευταίων
2416 2150 2506 2203 ἐπὶ
2555 2153 2680 2212 τοὺς
2718 2151 2972 2220 πρώτους
3027 2150 3392 2214 ἀναποδίζων,
3431 2151 3596 2219 ἧρξατο

2060 2241 2158 2310 μὲν
2190 2241 2295 2293 ἀπὸ
2327 2241 2421 2294 τοῦ
2462 2241 2680 2311 Ἰωσὴφ,
2707 2241 2876 2295 εἰπὼν
2903 2241 2958 2294 δὲ
2988 2241 3180 2294 τοῦτον
3217 2241 3312 2310 μέν
3347 2240 3433 2293 τοῦ
3479 2241 3592 2302 Ἠλὶ,

2054 2330 2146 2383 τὸν
2190 2332 2246 2385 δὲ
2278 2331 2370 2386 τοῦ
2417 2333 2663 2398 Ματθᾶν,
2705 2334 2802 2386 καὶ
2845 2331 2987 2385 οῦτω
3033 2333 3175 2386 κατὰ
3211 2332 3452 2384 ἀνάλυσιν
3490 2332 3596 2398 πρὸς

2060 2425 2150 2479 τὸν
2203 2425 2372 2494 Ἀδὰμ
2410 2427 2509 2494 τὴν
2545 2425 2809 2495 ἐξήγησιν
2845 2425 3157 2492 ἐπανάγων,
3193 2417 3312 2477 εῐτα
3340 2424 3493 2476 ἐλθὼν
3523 2425 3595 2475 ἐπὶ

2058 2517 2183 2578 τοὺς
2220 2517 2354 2581 ἀνω,
2387 2517 2480 2569 καὶ
2514 2516 2710 2580 εἰπὼν,
2745 2518 2826 2570 ὅτι
2859 2520 2886 2570 6
2913 2518 3022 2586 Σὴθ
3059 2519 3123 2569 ἐκ
3156 2515 3250 2568 τοῦ
3295 2516 3472 2582 Ἀδάμ,
3501 2519 3522 2567 ὁ
3551 2515 3596 2567 δὲ

2060 2609 2205 2679 ἁδὰμ
2233 2611 2297 2662 ἐκ
2335 2609 2428 2664 τοῦ
2459 2607 2594 2662 Θεοῦ
2616 2649 2631 2674 ,
2672 2609 2907 2663 ἐνταῦθα
2941 2610 3042 2678 τῆς
3069 2610 3378 2668 ἀναδάσεως
3409 2607 3594 2673 ἔληξεν,

2057 2701 2176 2770 οὐχὶ
2200 2700 2297 2762 τὰς
2323 2700 2510 2763 οὐσίας
2530 2701 2636 2754 τῶν
2660 2703 2770 2771 άπη
2779 2700 2866 2771 ριο
2877 2719 2950 2771 μη
2966 2701 3143 2770 μένων
3173 2700 3343 2770 δηλῶν
3365 2702 3415 2752 ἐν
3435 2704 3490 2770 τῇ
3509 2701 3598 2768 διη-

2055 2791 2218 2860 γήσει
2245 2789 2344 2858 τῆς
2374 2789 2606 2843 ἑκάστου
2637 2790 2921 2857 γενέσεως,
2951 2791 3088 2843 ἀλλὰ
3119 2790 3219 2853 τὰς
3246 2793 3507 2860 προσεχεῖς
3524 2790 3599 2858 ἀρ-

2063 2883 2162 2952 χὰς
2184 2921 2198 2946 ,
2237 2881 2328 2950 ἀφ’
2361 2876 2427 2954 ἦς
2462 2882 2689 2946 ἕκαστος
2729 2884 2971 2951 γέγονεν,
3015 2883 3385 2952 ἐκτιθέμενος.
3421 2883 3596 2949 Ὠσπερ

2061 2969 2156 3026 οῦν
2179 2974 2383 3036 ἐκεῖνος
2410 2970 2583 3038 εἶπεν,
2609 2973 2691 3027 ὃτι
2715 2972 2887 3041 ’Δδὰμ
2911 2975 2973 3026 ἐκ
2995 2973 3089 3025 τοῦ
3115 2972 3272 3032 Θεοῦ,
3295 2971 3453 3032 οὕτως
3472 2971 3596 3038 ἡμεῖς

2058 3066 2281 3128 ἑαυτοὺς
2333 3067 2719 3136 ἐρωτήσωμεν,
2777 3066 2835 3118 ’0
2874 3065 2929 3118 δὲ
2979 3064 3112 3126 Θεὸς
3156 3065 3223 3116 ἐκ
3270 3063 3440 3126 τίνοςς
3481 3057 3598 3130 Ἀρι

2061 3158 2183 3226 οὐχὶ
2235 3158 2528 3227 πρόχειρόν
2574 3158 2721 3210 ἐστιν
2769 3160 2826 3211 ἐν
2878 3160 2942 3227 τῇ
3002 3157 3235 3210 ἑκάστου
3290 3153 3500 3224 διανοίᾳ,
3537 3153 3600 3206 ὅτι

384 3258 537 3312 nullo
568 3265 752 3314 autem
791 3258 920 3327 quid
959 3259 1102 3313 aliud
1137 3259 1432 3327 signiﬁcat,
1469 3258 1575 3324 nisi
1612 3274 1722 3313 non
1756 3258 1955 3312 habere

2064 3251 2117 3318 ἐξ
2149 3251 2390 3317 οὓδενός;
2425 3250 2497 3304 T6
2529 3251 2585 3303 δέ
2622 3250 2681 3318 ἐξ
2715 3250 2928 3314 οὐδενὸς
2957 3251 3016 3303 τὸ
3044 3250 3287 3320 ἄναρχον
3316 3250 3421 3300 ἐστι
3449 3247 3576 3314 ὁηλον

384 3350 740 3419 principium,
775 3362 830 3420 et
857 3367 964 3407 non
1001 3351 1202 3406 habere
1232 3351 1587 3420 principium,
1626 3351 1757 3418 quid
1786 3349 1955 3413 aliud,

387 3442 488 3509 nisi
523 3441 826 3515 ingenitum
857 3444 1021 3498 esse?
1076 3442 1145 3498 Ut
1178 3443 1342 3513 igitur
1373 3442 1426 3497 in
1463 3440 1802 3508 hominibus,
1833 3457 1955 3496 cum

390 3533 482 3586 hic
529 3548 595 3587 ex
641 3533 733 3596 illo
777 3544 936 3589 natus
983 3535 1280 3609 diceretur,
1317 3550 1426 3588 non
1477 3549 1664 3592 eorum
1722 3534 1958 3598 essentia

387 3625 796 3702 declarabatur,
847 3627 926 3682 sic
957 3642 1080 3682 cum
1129 3625 1195 3684 de
1219 3627 1460 3696 omnium
1508 3627 1618 3694 Deo
1657 3626 1957 3697 ingenitum

387 3717 642 3784 dicimus,
673 3719 813 3790 quod
844 3719 1073 3790 perinde
1104 3728 1188 3775 est
1216 3735 1279 3778 ac
1305 3720 1349 3778 si
1385 3735 1447 3774 ex
1479 3719 1630 3774 nullo
1656 3718 1958 3784 diceretur,

385 3826 492 3864 non
520 3811 639 3881 ejus
667 3813 963 3886 essentiam
979 3813 1342 3880 ostendimus;
1367 3815 1477 3883 jam
1496 3813 1586 3882 qui
1619 3813 1673 3866 in
1699 3813 1960 3882 principio

387 3920 589 3970 carere,
645 3906 943 3960 essentiam
990 3922 1112 3966 esse
1160 3906 1315 3979 dicit,
1366 3907 1616 3964 similiter
1645 3906 1796 3969 facit,
1828 3906 1961 3961 utsi

357 3996 510 4074 'qitis
556 3997 920 4069 interrogatus
947 4014 1197 4068 qurenam
1229 3999 1298 4054 sit
1325 3998 1494 4053 Adam
1533 3998 1772 4053 essentia
1800 4007 1962 4066 atque

390 4095 609 4159 natura,
679 4085 1011 4155 reSpondeat
1060 4103 1168 4141 non
1221 4103 1286 4142 ex
1334 4085 1575 4140 hominis
1637 4094 1694 4140 et
1743 4085 1961 4140 feminae

391 4178 774 4246 commistione
801 4189 984 4233 natum
1011 4195 1154 4245 esse,
1190 4178 1282 4233 sed
1312 4194 1472 4233 manu
1501 4178 1688 4232 divina
1749 4179 1955 4233 forma-

391 4281 534 4342 tum.
592 4270 753 4337 Tunc
806 4272 951 4338 enim
1006 4271 1118 4336 ille,
1181 4272 1274 4342 qui
1337 4271 1694 4342 interrogavit
1752 4289 1766 4325 :
1836 4271 1956 4326 Non

392 4378 601 4437 qna-ro,
632 4364 863 4432 inquiet,
907 4364 1179 4442 quomodo
1233 4364 1523 4429 exstiterit,
1553 4364 1648 4420 sed
1676 4380 1797 4436 quae
1831 4365 1960 4419 sub-

388 4458 536 4520 jccta
570 4455 744 4523 ipsius
773 4459 998 4514 materia
1032 4457 1218 4531 fuerit,
1247 4455 1394 4525 quod
1428 4456 1658 4515 multum
1692 4458 1866 4530 abest,
1901 4470 1962 4510 ut

389 4563 456 4617 ex
505 4549 864 4620 responsione
915 4558 1004 4603 tua
1057 4549 1312 4618 colligere
1350 4548 1579 4610 valeam.
1623 4549 1769 4606 ldcm
1805 4549 1960 4602 nobis

2058 3345 2138 3398 ότι
2157 3359 2173 3375 ·
2207 3343 2267 3397 τὸ
2298 3343 2354 3397 δέ
2385 3344 2620 3413 ἄναρχον
2647 3343 2706 3397 τὸ
2731 3343 3044 3413 ἀγέννητον.
3088 3341 3180 3405 Ὠς
3204 3337 3294 3396 οῦν
3324 3341 3409 3393 ἐπὶ
3431 3337 3597 3407 ἀνθρὼ-

2062 3454 2178 3496 πῳν
2228 3436 2328 3490 οὐκ
2359 3432 2427 3507 ἦν
2448 3435 2605 3489 οὐσία
2637 3437 2694 3488 τὸ
2745 3435 2808 3488 ἐκ
2834 3452 2995 3497 τινος,
3038 3433 3214 3498 οὕτως
3255 3433 3370 3486 οὖδέ
3415 3432 3498 3485 ἐπὶ
3528 3431 3600 3484 τοῦ

2060 3529 2196 3583 Θεοῦ
2221 3529 2330 3582 τῶν
2357 3529 2492 3582 ὅλων
2512 3527 2699 3581 οὐσίαν
2730 3527 2876 3579 ἐστὶν
2895 3528 3068 3581 εἰπεῖν
3093 3526 3152 3579 τὸ
3181 3525 3601 3594 ἀγέννητον.ὅπερ

2063 3623 2178 3678 ίσον
2213 3623 2329 3674 ἐστὶ
2363 3621 2441 3690 τῷ
2469 3623 2528 3687 ἐξ
2562 3619 2795 3682 οὐδενός.
2837 3617 2896 3671 '0
2920 3619 2977 3672 δέ
3007 3619 3065 3671 τὸ
3092 3619 3333 3690 ἄναρχον
3363 3616 3524 3670 οὐσίαν
3543 3610 3604 3666 εἴ·

2059 3730 2147 3768 ναι
2174 3713 2762 3786 λέγωνιπαραπὶήσιον
2791 3712 2950 3776 ποιεῖ..
2983 3710 3177 3782 ὥσπερ
3211 3711 3278 3765 ἂν
3310 3711 3360 3764 εἴ
3388 3711 3464 3770 τίς
3493 3711 3602 3777 ἐρω-

2059 3805 2305 3874 τώμενος
2341 3805 2421 3869 τίς
2464 3807 2496 3874 ὴ
2542 3805 2633 3862 τοῦ
2693 3806 2864 3874 Ἀδὰμ
2909 3804 3086 3867 οὐσία,
3132 3803 3233 3858 καὶ
3279 3803 3364 3866 τίς
3403 3804 3434 3870 ἡ
3475 3799 3606 3868 φύσις

2062 3889 2245 3968 αὐτῷξ
2293 3895 2354 3949 '0
2387 3896 2442 3949 δὲ
2474 3895 2820 3966 ἀποκρίνοιτο
2853 3894 2911 3947 τὸ
2948 3893 3022 3965 μὴ
3058 3896 3119 3946 ἐκ
3152 3889 3486 3959 συνδυασμοῦ
3527 3890 3604 3940 ἀν·

2060 3988 2185 4058 δρὸς
2230 3986 2325 4040 καὶ
2361 3985 2638 4054 γυναικὸς,
2689 3984 2802 4038 ἀλλ’
2856 3985 2921 4038 ἐκ
2962 3985 3058 4052 τῆς
3110 3982 3264 4046 θείας
3306 3981 3474 4053 χειρὸς
3517 3979 3608 4033 δια-

2063 4079 2393 4149 πλασθῆναι.
2436 4075 2576 4130 Ἀλλ’
2602 4077 2722 4146 οὐχὶ
2748 4075 2945 4145 τροπον
2968 4078 3064 4144 τῆς
3096 4075 3443 4137 ὑποστάσεως
3466 4071 3605 4140 ζητῶ.

2063 4170 2290 4239 φήσειεν
2325 4166 2391 4220 ἄν
2417 4185 2525 4232 τις,
2559 4165 2674 4218 ἀλλ’
2712 4163 2877 4217 αὑτοῦ
2915 4165 3008 4216 τοῦ
3043 4161 3333 4232 ἀνθρώπου
3365 4161 3422 4213 τὸ
3457 4158 3608 4212 ὑλικὸν

2065 4258 2428 4328 ὑποκείμενον
2452 4297 2466 4321 ,
2504 4255 2532 4308 6
2562 4254 2756 4308 πολλοῦ
2787 4254 2892 4306 δέω
2927 4251 3226 4322 μανθάνειν
3259 4250 3346 4303 διὰ
3377 4248 3469 4315 τῆς
3497 4247 3609 4298 ἁπο-

2061 4351 2311 4419 κρίσεως.
2361 4347 2530 4402 Τοῦτο
2565 4347 2620 4420 δὲ
2655 4347 2748 4400 καὶ
2788 4347 2918 4414 ἡμῖν
2969 4343 3260 4414 συμϐαίνει
3317 4343 3378 4396 ἐκ
3418 4342 3501 4410 τῆς
3536 4337 3610 4390 τοῦ

2068 4444 2367 4510 ἀγεννήτου
2415 4440 2598 4511 φωνῆς
2643 4440 2704 4493 τὸ
2754 4439 2870 4500 πῶς
2912 4438 3006 4491 τοῦ
3057 4437 3192 4490 Θεοῦ
3240 4437 3434 4506 μᾶλλον
3472 4434 3501 4503 ἦ
3539 4432 3613 4484 αὖ·

2067 4535 2165 4601 τὴν
2190 4532 2288 4604 τὴν
2311 4532 2470 4600 φύσιν
2491 4530 2922 4599 διδασκομένοις.
2959 4528 3102 4595 Ἐγὼ
3134 4528 3234 4597 μὲν
3266 4528 3374 4596 γὰρ
3404 4524 3523 4595 ὁρῶ,
3549 4523 3613 4576 ὅτι

392 4656 458 4704 ex
509 4641 610 4701 hac
658 4654 792 4704 voce
831 4641 1098 4710 ingenitus
1126 4682 1139 4706 ,
1184 4640 1473 4712 contingit.
1525 4640 1601 4694 Ex
1634 4656 1697 4695 ea
1727 4657 1955 4710 namun

2069 4627 2259 4698 ὥσπερ
2285 4626 2396 4681 τοῖς
2424 4624 2815 4694 ἐπερχομένοις
2838 4621 2998 4674 αίῶσι
3026 4620 3120 4691 τὴν
3146 4621 3384 4672 διάνοιαν
3409 4613 3616 4668 ἐπεκτείι

391 4733 663 4800 quomodo
690 4733 762 4788 sit
789 4733 992 4803 potius,
1028 4748 1188 4803 quam
1245 4734 1362 4802 ejus
1403 4742 1655 4788 naturam
1687 4733 1968 4805 discimus.

397 4824 566 4895 Video
615 4825 763 4892 enim
809 4841 937 4889 nos,
967 4825 1430 4895 quemadmodum
1479 4825 1524 4879 si
1551 4825 1753 4878 mentis
1798 4824 1971 4878 aciem

391 4915 457 4978 ad
491 4921 718 4976 ventura
747 4913 942 4988 saecula
982 4903 1302 4984 dirigamus,
1338 4913 1504 4966 vitam
1547 4927 1667 4981 quae
1692 4911 1839 4965 nullo
1867 4911 1972 4964 ﬁne

393 5005 678 5081 terminata
706 4987 796 5068 sit,
824 5004 1086 5059 inﬁnitam
1106 5003 1360 5083 dicimus,
1395 5003 1468 5056 ita
1489 5002 1532 5055 si
1563 5002 1887 5072 cogitatione
1907 5002 1973 5070 ad

396 5098 680 5167 superiora
703 5096 896 5166 saacula
925 5096 1376 5160 conscendamus,
1403 5104 1457 5148 et
1484 5093 1811 5148 inﬁnitatem
1845 5093 1968 5147 vitae

399 5191 494 5245 Dei
530 5202 788 5260 tanquam
821 5191 1150 5264 immensum
1182 5189 1456 5260 quoddam
1494 5187 1716 5262 pelagus
1752 5187 1969 5241 intuen-

400 5291 503 5345 tes,
535 5280 748 5334 nullum
773 5280 1124 5356 principium,
1148 5264 1351 5349 exquo
1379 5263 1501 5331 esse
1531 5275 1786 5345 coeperit,
1817 5289 1974 5343 repe-

401 5378 509 5430 rire
551 5378 845 5453 possimus,
874 5375 970 5436 sed
1024 5375 1119 5430 Dei
1152 5356 1317 5428 vitam
1357 5373 1513 5454 ultra
1543 5386 1706 5446 quam
1754 5369 1976 5441 cogitari

401 5472 594 5537 possit,
625 5485 841 5540 semper
877 5469 1235 5526 excedentem
1277 5465 1802 5527 animadvertamus,
1846 5461 1978 5515 illud

400 5566 572 5631 ipsius
603 5564 727 5618 vit-.e
783 5563 1056 5633 principio
1083 5574 1286 5615 vacans
1317 5557 1621 5630 ingenitum
1670 5552 1974 5624 appellare.

399 5656 475 5736 iis
508 5656 650 5729 enim
685 5656 911 5728 ingeniti
945 5655 1028 5708 vis
1060 5663 1164 5719 cSI,
1203 5661 1263 5708 ut
1289 5667 1354 5710 ex
1407 5649 1558 5706 nullo
1587 5647 1856 5719 signiﬁcet
1884 5646 1978 5700 ha-

403 5750 534 5835 pere
564 5748 892 5820 principium
919 5745 1243 5804 exsistendi.

2073 4705 2255 4786 νοντες
2276 4760 2289 4782 ,
2333 4717 2690 4790 ἀτελεύτητον
2725 4716 2956 4786 λέγομεν
2990 4715 3083 4768 τὸν
3118 4714 3295 4766 οὐδενὶ
3327 4711 3508 4780 πέρατι
3537 4705 3614 4773 τὴν

2075 4810 2221 4880 ζωὴν
2272 4809 2609 4879 ὁριζόμενον,
2655 4806 2794 4861 οὕτω
2838 4807 2930 4878 καὶ
2961 4808 3040 4860 εἰς
3069 4805 3126 4858 τὸ
3151 4806 3275 4866 ,ἄνω
3302 4803 3407 4856 τῶν
3439 4798 3614 4852 αἰώνων

2072 4905 2184 4967 τοῖς
2214 4902 2489 4970 λογισμοῖς
2517 4899 2917 4960 ἀναϐαίνοντες,
2946 4898 3044 4952 καὶ
3075 4892 3187 4948 οἷον
3226 4893 3306 4956 είς
3336 4910 3387 4944 τι
3417 4890 3616 4954 πέλαγος

2073 4996 2271 5070 ἀχανὲς
2297 4996 2388 5047 ἐπὶ
2407 4995 2466 5065 τὸ
2491 4995 2715 5063 ἄπειρον
2742 4992 2840 5062 τῆς
2871 4989 2962 5043 τοῦ
2993 4987 3127 5057 Θεοῦ
3159 4987 3308 5055 ζωῆς
3333 4983 3618 5070 διακύπτον·

2072 5068 2185 5155 τες,
2215 5087 2336 5140 οὐδὲ
2367 5088 2496 5154 μιᾶς
2521 5087 2718 5156 ἀρχῆς,
2745 5083 2837 5153 ἀφ’
2863 5076 2930 5153 ἦς
2963 5081 3176 5149 γέγονε,
3204 5076 3460 5132 λαϐέσθαι
3485 5068 3617 5125 δυνά-

2079 5161 2249 5251 μενοι,
2281 5178 2414 5232 ἀλλὰ
2439 5177 2532 5242 τοῦ
2569 5179 2856 5246 νοουμένου
2897 5172 3164 5246 ἐξωτέραν
3199 5170 3307 5235 ἀεὶ,
3346 5169 3437 5222 καὶ
3479 5168 3617 5230 ὑπερ·

2077 5271 2450 5334 εκπίπτουσαν
2496 5268 2590 5321 τοῦ
2638 5268 2773 5339 Θεοῦ
2826 5267 2923 5336 τὴν
2960 5265 3102 5334 ζωὴν
3137 5261 3456 5322 ἐννοοῦντες,
3489 5255 3617 5320 τοῦτο

2077 5363 2136 5415 τὸ
2162 5363 2396 5431 ἄναρχον
2419 5365 2514 5430 τῆς
2536 5359 2682 5426 ζωῆς
2701 5357 2994 5426 ἀγέννητον
3015 5355 3471 5426 προσειρήκαμεν.
3493 5345 3613 5410 Αὕτη

2079 5456 2188 5526 γὰρ
2218 5455 2310 5508 τοῦ
2351 5453 2643 5523 άγεννήτου
2685 5451 2720 5520 ή
2760 5450 2969 5525 Εννοια,
3002 5448 3062 5500 τὸ
3095 5447 3170 5522 μὴ
3204 5446 3349 5516 ἔχειν
3384 5438 3615 5519 ἐτέρωθεγ

2078 5545 2176 5616 τὴν
2216 5546 2389 5618 ἀρχὴν
2419 5544 2512 5617 τοῦ
2543 5541 2683 5616 εἶναι
2711 5542 2877 5616 δηλοῖ.
