3860 6566
189 438 305 503 505

1204 438 1579 503 PANOPLIA
1623 434 2078 502 DDGMATlCA.
2122 464 2190 476 ·-
2222 442 2371 503 ΤΙΤ.
2403 442 2501 503 XI.

3364 443 3470 507 506
3496 492 3501 495 -

191 576 303 622 νως
331 556 753 629 ἀπαυγασθείσῃ
777 557 868 611 τὸν
904 556 1037 611 Θεὸν
1066 557 1176 612 τῶν
1225 559 1361 612 ὅλων
1390 558 1467 630 μὴ
1527 560 1584 626 ἐξ
1614 560 1782 613 ἁῖδίου

1896 561 2030 615 mim
2070 562 2187 616 fieri
2230 571 2432 632 potest,
2489 573 2548 617 at
2587 563 2971 618 universorum
3009 562 3159 619 Deus
3210 577 3335 617 cum
3370 578 3471 617 sua

191 652 477 713 συνεῖναι,
518 654 612 704 καὶ
673 652 747 721 μὴ
807 652 998 722 χρόνον
1039 654 1234 722 μό·.ον,
1296 658 1391 707 καὶ
1452 653 1664 707 αἰώνων
1724 653 1782 706 δὲ

1883 653 2056 718 ipsius
2088 656 2323 725 imagine
2347 670 2466 724 qum
2500 654 2641 708 citra
2672 654 2936 724 temporis
2969 653 3345 709 accessionem
3402 654 3465 707 il—

192 746 416 797 παντων
435 744 690 797 ἐπέκεινα
713 744 811 812 τὴν
834 745 1129 811 συνάφειαν
1160 744 1326 815 ἔχειν.
1357 746 1455 800 Διὰ
1480 746 1638 801 τοῦτο
1672 748 1781 816 γὰρ

1905 757 2107 801 ttstrata
2134 756 2241 810 est,
2274 748 2341 799 ab
2380 757 2587 800 mterno
2615 762 2722 800 non
2771 747 2864 813 sit,
2921 754 2975 800 et
3010 746 3457 816 conjunctioncm

191 834 547 905 ἀπαύγασμα
571 837 809 905 ετρηται,
844 837 928 889 ἵνα
962 839 1022 889 τὸ
1056 840 1406 907 συνημμένον
1461 840 1772 909 νοήσωμεν,

192 931 289 980 καὶ
320 931 607 1001 χαρακτὴρ
641 931 736 997 τῆς
766 931 1139 997 ὑποστάσεως,
1176 933 1263 984 ἵνα
1285 933 1344 984 τὸ
1364 932 1652 1001 όμοούσιον
1687 935 1778 984 ἐκ·

193 1023 583 1092 μανθάνωμεν.
605 1021 767 1075 Ἀλλὰ
785 1027 877 1076 καὶ
895 1024 1045 1088 τάξις
1080 1024 1111 1093 ἡ
1143 1026 1240 1092 μὲν
1263 1026 1471 1093 φυσική
1497 1023 1579 1085 τίς
1600 1025 1769 1083 ἐστιν,

192 1116 225 1183 ἠ
261 1114 321 1166 δὲ
344 1112 469 1168 κατ’
499 1114 868 1184 ἐπιτήδευσιν.
908 1115 1115 1184 Φυσικὴ
1152 1114 1271 1182 μὲν,
1328 1115 1463 1185 ὡςή
1496 1114 1604 1168 τῶν
1652 1131 1773 1166 κτι-

200 1202 433 1273 σμάτων
468 1203 610 1254 κατὰ
642 1202 767 1263 τοὺς
810 1198 1234 1269 δημιουργικοὺς
1261 1200 1455 1265 λόγους
1492 1199 1777 1268 διαταχθεῖ-

202 1308 279 1345 σα
317 1325 337 1350 ς
368 1346 379 1355 ,
487 1296 578 1343 καὶ
604 1290 735 1360 ὠςή
767 1290 874 1341 τῶν
901 1289 1222 1360 ἀριθμητῶν
1395 1289 1566 1353 θέσις,
1598 1290 1693 1341 καὶ
1713 1289 1788 1351 ὡς

198 1385 239 1456 ἡ
286 1382 400 1437 τῶν
431 1384 621 1436 αἰτίων
654 1382 790 1454 πρὸς
820 1382 889 1436 τὰ
919 1382 1136 1437 αίτιατὰ
1169 1383 1375 1453 σχέσις,
1412 1382 1621 1435 ἐκείνου
1657 1400 1788 1453 προ-

199 1473 681 1545 διωμολογημένου
711 1473 804 1525 τοῦ
832 1473 929 1525 καὶ
962 1474 1062 1543 τῆς
1102 1476 1318 1541 φύσεως
1353 1474 1526 1543 αὐτῆς
1557 1474 1790 1545 ποιητὴν

202 1563 348 1621 εἶναι
380 1566 473 1618 καὶ
504 1565 835 1635 δημιουργὸν
870 1564 966 1617 τὸν
993 1564 1126 1617 Θεόν
1148 1581 1162 1593 ·
1226 1565 1688 1635 ὲπιτετηδευμένη
1735 1566 1790 1618 δὲ

204 1658 302 1713 καί
328 1656 575 1729 τεχνικὴ,
601 1658 677 1721 ὡς
718 1658 752 1726 ἡ
783 1658 840 1709 ὲν
866 1660 979 1720 τοῖς
1008 1656 1517 1727 κατασκευάσμασι,
1551 1657 1647 1710 καὶ
1688 1673 1792 1727 μα-

203 1748 438 1819 θήμασι,
476 1746 572 1799 καὶ
608 1745 903 1816 ἀξιώμασι,
948 1747 1043 1799 καῖ⁸
1070 1746 1313 1818 ἀριθμῷ,
1356 1746 1451 1802 καὶ
1480 1750 1593 1810 τοῖς
1618 1744 1794 1800 τοιού-

201 1855 343 1902 τοις.
374 1838 592 1891 Τούτων
624 1838 807 1891 τοίνυν
830 1838 892 1891 τὸ
930 1838 1195 1909 πρότερον
1218 1838 1674 1910 ἀποκρυψάμενος
1706 1834 1794 1893 οῦ-

202 1947 325 1993 τος,
345 1928 442 1983 τοῦ
476 1929 728 2001 δευτέρου
751 1930 928 1992 εἴδους
952 1930 1055 2000 τῆς
1080 1928 1285 1994 τάξεως
1316 1930 1659 2002 ἐπεμνήσθη,
1696 1930 1792 1983 καί

204 2040 364 2094 φησι,
397 2024 473 2094 μὴ
509 2025 706 2093 χρῆναι
744 2021 927 2089 λέγειν
964 2021 1059 2074 ἐπὶ
1093 2019 1228 2074 Θεοῦ
1269 2020 1442 2087 τάξιν,
1491 2022 1725 2094 ἐπείπερ
1759 2023 1793 2092 ὴ

202 2116 364 2182 τάξις
401 2116 628 2185 δευτέρα
665 2115 782 2167 ἐστὶ
819 2113 917 2167 τοῦ
957 2114 1261 2178 τάττοντος.
1318 2115 1524 2168 Ἐκεῖνο
1564 2113 1622 2167 δὲ
1664 2114 1697 2184 ἢ
1731 2114 1792 2166 οὐ

204 2208 470 2271 συνεῖδεν,
524 2207 561 2277 ἢ
616 2206 757 2258 ἑκὼν
790 2205 1170 2276 ἀπεκρύψατο,
1223 2206 1306 2259 ὅτι
1339 2205 1454 2258 ἔστι
1496 2222 1549 2257 τι
1588 2204 1795 2269 τάξεως

199 2295 372 2361 εἶδος,
417 2298 516 2350 οὐκ
565 2300 629 2350 ὲκ
670 2296 767 2367 τῆς
808 2295 1119 2369 παρ’ήμῶν
1143 2297 1345 2361 θέσεως
1387 2296 1792 2366 συνιστάμενον,

200 2390 323 2442 ἀλλ’
352 2391 490 2459 αὐτῇ
513 2392 579 2459 τῇ
614 2388 756 2442 κατὰ
779 2388 940 2457 φύσιν
964 2388 1253 2461 ἀκολουθίᾳ
1277 2406 1339 2442 συ
1348 2389 1591 2459 μδαῖνον,
1614 2388 1691 2452 ὡς
1717 2388 1797 2460 τῷ

202 2482 347 2551 πυρὶ
375 2482 509 2554 πρὸς
539 2482 600 2533 τὸ
623 2498 739 2550 φως
774 2484 891 2533 ἐστι
922 2480 983 2534 τὸ
1008 2479 1069 2546 ἐξ
1095 2480 1282 2535 αὐτοῦ.
1318 2483 1407 2535 Ἐν
1441 2480 1652 2545 τούτοις
1681 2481 1790 2553 γὰρ

202 2571 477 2641 πρότερον
515 2571 576 2623 τὸ
612 2570 783 2623 αἴτιον
821 2570 1373 2643 λέγομεν,-δεύτερον
1410 2571 1470 2624 δὲ
1511 2571 1572 2625 τὸ
1602 2571 1660 2636 ea
1693 2570 1791 2624 αὑ-

197 2658 304 2710 τοῦ
374 2672 391 2687 ’
556 2658 617 2711 οὐ
670 2658 998 2731 διαστήματι
1054 2661 1378 2732 χωρίζοντες
1416 2662 1511 2715 ἀπ’
1546 2661 1792 2732 ἀλλήλων

197 2748 409 2809 ταῦτα.
437 2747 574 2803 ἀλλὰ
615 2749 693 2820 τῷ
723 2751 969 2824 λογισμῷ
999 2752 1093 2807 τοῦ
1120 2751 1366 2807 αἰτιατοῦ
1408 2752 1793 2824 προεπινοοῦν-

198 2858 300 2903 τες
329 2840 393 2893 τὸ
420 2840 634 2902 αίτιον..
647 2842 771 2906 Πῶς
810 2838 903 2897 οὖν
933 2842 1154 2912 εὔλογον
1182 2843 1464 2915 ἀρνεῖσθαι
1488 2844 1591 2915 τὴν
1614 2844 1789 2911 τάξιν,

198 2935 291 3002 ἐφ’
317 2926 397 2986 ὧν
421 2933 538 2985 ἐστι
571 2934 835 3005 πρότερον
864 2935 958 2989 καί⁵
979 2936 1251 3007 δεύτερον,
1283 2936 1344 2989 οὐ
1361 2936 1502 2991 κατὰ
1526 2934 1625 3007 τὴν
1648 2936 1791 3007 ἡμε-

197 3023 378 3095 τέραν
407 3023 575 3086 θέσιν,
609 3024 725 3076 ἀλλ’
748 3026 814 3078 ὲκ
842 3026 942 3096 τῆς
971 3026 1111 3079 κατὰ
1147 3026 1309 3095 φύσιν
1340 3026 1523 3091 αὐτοῖς
1556 3028 1793 3099 ἐνυπαρ-

198 3116 413 3185 χούσης
442 3116 792 3181 ἀκολουθίας
824 3118 980 3181 Τίνος
1016 3114 1110 3171 οὖν
1143 3120 1328 3172 ἕνεκεν
1358 3118 1543 3172 ἀθετεῖ
1570 3118 1669 3190 τὴν
1697 3120 1793 3174 τά-

200 3208 289 3271 ξιν
316 3208 411 3259 ἐπὶ
430 3208 565 3260 Θεοῦ
590 3208 991 3279 λαμϐάνεσθαι;
1021 3212 1283 3279 Ἠγεῖται,
1305 3212 1352 3263 εί

208 3296 483 3367 μηδαμῶς
532 3298 705 3361 ἄλλως
755 3298 816 3352 τὸ
868 3301 1132 3371 πρότερον
1185 3301 1277 3353 ἐπὶ
1338 3300 1473 3354 Θεοῦ
1530 3302 1791 3369 νοεῖσθαι,

201 3390 533 3460 λειπόμενον
573 3390 735 3457 ἕξειν,
774 3394 896 3445 κατ’
930 3393 1100 3464 αὐτὴν
1129 3392 1226 3464 τὴν
1260 3393 1447 3447 οὐσίαν
1494 3395 1593 3466 τὴν
1626 3395 1794 3466 ὑπερ-

198 3483 342 3553 οχὴν
395 3484 818 3537 ἐπιδείκνυσθαι.
1008 3484 1201 3555 Ἥμεῖς
1228 3483 1304 3549 δὲ,
1362 3486 1501 3539 κατὰ
1555 3486 1653 3557 μὲν
1694 3486 1792 3559 τὴν

199 3572 316 3627 τῶν
384 3577 573 3629 αἰτίων
636 3577 772 3648 πρὸς
829 3573 898 3630 τὰ
964 3576 1024 3642 ἐξ
1083 3576 1263 3631 αὐτῶν
1330 3577 1533 3647 σχέσιν,
1596 3596 1793 3651 προτε-

197 3665 405 3736 τάχθαι
430 3666 524 3719 τοῦ
558 3666 686 3719 Υίοῦ
706 3666 797 3721 τὸν
826 3668 1049 3739 Πατέρα
1079 3667 1257 3738 φαμέν
1280 3685 1292 3697 ·
1330 3668 1470 3722 κατὰ
1491 3669 1547 3722 δὲ
1568 3668 1668 3740 τὴν
1695 3669 1793 3739 τῆς

200 3756 427 3825 φύσεως
461 3757 741 3827 διαφορὰν,
792 3758 995 3823 οὐκέτι,
1048 3758 1167 3811 οὐδὲ
1214 3757 1354 3811 κατὰ
1398 3758 1497 3831 τὴν
1534 3760 1628 3812 τοῦ
1663 3760 1791 3831 χρό-⁸

199 3866 301 3900 νου
351 3847 623 3921 ὑπεροχήν
647 3866 659 3881 ο
714 3849 746 3920 ἦ
807 3850 948 3903 οὓτω
989 3867 1051 3918 γε
1108 3852 1201 3905 καὶ
1247 3851 1378 3906 αὐτὸ
1417 3887 1432 3911 ν
1579 3853 1638 3905 τὸ
1680 3855 1792 3906 Πα-

200 3940 344 4011 τέρα
400 3935 540 3994 εἶναι
596 3940 685 3994 τὸν
727 3941 879 4008 Θεὸν,
938 3942 1293 4013 ἀθετήσομεν,
1344 3945 1444 4015 τῆς
1500 3943 1639 3998 κατὰ
1690 3944 1791 4017 τὴν

198 4031 396 4086 οὐσίαν
456 4033 861 4105 ἀλλοτριότητος
902 4034 1000 4107 τὴν
1047 4035 1282 4108 φυσικὴν
1330 4038 1624 4107 συνάφειαν
1666 4037 1792 4091 ἀθε-

199 4140 433 4194 τουσης.

412 4215 565 4268 Ἐπεὶ
597 4218 778 4287 μέντοι
814 4218 1175 4290 ἀφορίσασθαι
1203 4220 1333 4291 ἡμῖν
1357 4220 1450 4274 τοῦ
1472 4220 1664 4292 χρόνου
1692 4220 1793 4289 τὴν

200 4310 373 4379 φύσιν
419 4308 449 4360 ὁ
486 4309 645 4377 σοφὸς
682 4309 749 4363 τὰ
782 4311 956 4363 πάντα
986 4313 1256 4384 προήχθη,
1289 4313 1383 4366 καὶ
1567 4312 1798 4369 ἐνταῦθα

200 4399 377 4455 αὐτοῦ
426 4400 485 4453 τὸ
536 4400 751 4470 βέὸαιον
788 4404 879 4456 καὶ
906 4404 1378 4475 περιεσκεμμένον
1414 4404 1513 4474 τῆς
1556 4404 1795 4470 διανοίας

1507 3211 1792 3277 ἐπιδείξειε
1823 3256 1861 3277 ,,

1880 856 1991 893 non
2020 839 2217 892 habent
2258 854 2362 891 non
2412 838 2588 891 solum
2633 839 2773 892 ultra
2834 850 3099 907 tempora,
3144 837 3241 891 sed
3296 837 3464 890 etiam

1888 931 2031 981 ultra
2058 930 2236 981 onmia
2266 929 2480 982 srecula.
2509 929 2644 983 Nam
2678 929 2887 983 idcirco
2948 928 3208 997 splendor
3246 929 3259 958 ‘
3317 927 3466 980 dici-

1885 1032 1994 1083 tur,
2025 1033 2079 1074 ιιι
2106 1022 2549 1090 conjunctionom
2588 1022 2960 1090 intelligamus
2996 1038 3009 1073 :
3044 1027 3099 1075 el.
3125 1020 3294 1088 ﬁgura
3330 1019 3463 1072 sub-

1878 1116 2093 1166 stantia:
2126 1115 2168 1181 ‘,
2202 1122 2261 1166 ut
2289 1113 2917 1168 consobstantialitatem
2935 1109 3334 1180 perdiscatnus.
3360 1109 3469 1163 Sed

1896 1212 1948 1251 et
1987 1204 2119 1252 ordo
2149 1201 2287 1253 alios
2312 1204 2575 1254 naturalis
2610 1208 2713 1265 est,
2747 1200 2884 1252 alius
2924 1196 3243 1250 artificialis.
3290 1196 3457 1251 Natu-

1894 1295 2023 1347 ralis
2041 1293 2278 1362 quidem,
2302 1306 2359 1347 ut
2380 1303 2775 1356 creaturarum,
2792 1291 2883 1361 qui
2911 1304 2975 1344 ex
2999 1288 3220 1345 creandi
3255 1289 3461 1342 ratione

1890 1386 2178 1453 dispositus
2208 1394 2308 1446 est,
2342 1392 2395 1438 et
2424 1384 2564 1438 sicut
2583 1383 2995 1437 mrtnerabiliutn
3019 1381 3235 1450 positio,
3257 1391 3308 1434 et
3328 1395 3459 1433 cau-

1892 1492 2071 1528 sarum
2110 1476 2179 1527 ad
2212 1476 2470 1543 producta
2497 1475 2713 1529 habitus
2738 1492 2753 1540 ;
2782 1490 2904 1527 cum
2958 1487 3044 1527 res
3093 1473 3338 1527 cmiessa
3369 1472 3463 1535 sit,

1896 1568 2060 1619 Deum
2090 1567 2251 1620 etiam
2292 1566 2460 1635 ipsius
2488 1575 2696 1620 natura
2725 1567 3058 1621 conditorem
3093 1580 3215 1619 esse
3248 1575 3302 1618 et
3344 1565 3458 1629 opi-

1896 1657 2070 1711 ﬁcem.
2107 1658 2457 1725 Excogitatum
2692 1672 2819 1710 vero
2843 1665 2896 1711 et
2921 1656 3243 1718 artificialis,
3274 1665 3328 1707 ut
3354 1654 3461 1719 ille,

1892 1748 1983 1816 qui
2018 1748 2444 1816 deprehenditur
2492 1746 2549 1802 in
2592 1748 3022 1817 probationibus,
3056 1746 3106 1800 in
3140 1747 3462 1816 disciplinis,

1824 1874 1861 1928 Β
1897 1841 1948 1892 in
1982 1839 2368 1909 dignitatibus,
2403 1839 2461 1893 in
2492 1854 2720 1892 numero
2766 1848 2822 1891 et
2866 1839 3091 1908 reliquis
3133 1839 3463 1908 huiusmodi.

1900 1932 2197 1985 Eunomius
2232 1932 2420 2003 itaque
2450 1934 2642 1988 borum
2694 1934 2876 2003 priore
2905 1932 3202 1996 occultato,
3254 1932 3323 1986 de
3376 1944 3465 1983 se-

1896 2024 2074 2076 cundo
2104 2022 2313 2077 ordinis
2344 2038 2540 2095 genere
2568 2023 2693 2077 fecit
2725 2023 3093 2088 mentionem;
3142 2024 3324 2089 aitque
3358 2036 3466 2076 non

1895 2125 2145 2181 oportere
2176 2114 2359 2168 dicere
2388 2114 2443 2167 in
2471 2115 2581 2169 Deo
2607 2114 2855 2167 ordinem
2884 2126 3029 2179 esse,
3059 2111 3316 2181 quoniam
3332 2113 3468 2165 ordo

1896 2206 2185 2260 ordinante
2214 2206 2485 2273 posterior
2525 2213 2629 2261 est.
2676 2204 2805 2257 Illud
2839 2219 2967 2259 vero
2989 2213 3079 2257 aut
3111 2220 3213 2257 non
3251 2202 3464 2257 intelle-

1897 2296 1996 2361 xit,
2035 2304 2128 2349 aut
2161 2295 2303 2349 ultro
2332 2295 2590 2355 occuluit,
2613 2296 2881 2363 quoddam
2907 2294 3113 2349 ordinis
3139 2308 3259 2347 esse
3275 2309 3464 2363 genus,

1898 2402 2002 2441 non
2041 2396 2224 2441 nostra
2260 2388 2615 2441 constitutum
2666 2387 3026 2448 ordinatione,
3064 2388 3162 2439 sed
3216 2386 3332 2454 ipsa
3368 2400 3465 2437 ne-

1899 2478 2235 2534 cessitudine
2294 2478 2524 2532 naturali
2578 2478 2922 2544 contingens,
2964 2490 3071 2544 quo
3098 2491 3159 2530 se
3190 2477 3350 2530 modo
3381 2477 3471 2528 Ita-

1898 2569 2029 2622 bent
2058 2570 2197 2639 ignis
2226 2577 2281 2623 et
2316 2569 2427 2633 lux,
2453 2584 2572 2636 qua:
2606 2584 2673 2623 ex
2700 2570 2813 2637 ipso
2838 2577 2941 2622 est.
2979 2567 3113 2621 Nam
3160 2567 3210 2619 in
3251 2567 3317 2620 iis
3346 2581 3469 2617 cau-

1898 2676 2012 2714 sam
2050 2662 2285 2730 priorem
2313 2675 2431 2715 esse
2474 2662 2705 2715 dicimus
2733 2680 2748 2716 :
2787 2661 3057 2730 posterius
3086 2674 3219 2713 vero
3247 2660 3297 2714 id
3323 2658 3469 2728 quod

1897 2753 1966 2806 ab
1989 2752 2098 2820 ipsa
2135 2762 2238 2816 est,
2280 2766 2385 2805 non
2440 2751 2723 2807 intervallo
2753 2751 2865 2805 bare
2914 2766 2944 2805 a
2979 2765 3037 2805 se
3067 2750 3295 2804 invicem
3336 2751 3463 2803 diri-

1898 2851 2126 2907 mentes,
2164 2842 2257 2895 sed
2282 2841 2608 2910 cogitatione
2657 2854 2876 2894 causam
2933 2850 3060 2894 ante
3106 2836 3355 2893 effectum
3388 2839 3471 2891 iu-

1899 2931 2219 3002 tclligentes.
2250 2933 2496 2998 Quonam
2542 2932 2708 3000 igitur
2764 2940 2920 2999 pacto
2955 2930 3147 2984 rationi
3179 2940 3468 2983 consenta—

1898 3042 2057 3081 neum
2098 3024 2283 3089 fuerit,
2308 3024 2554 3078 ordinem
2583 3024 2637 3077 in
2679 3024 2747 3078 iis
2786 3037 3007 3092 negare,
3044 3021 3098 3076 in
3141 3021 3339 3088 quibus
3387 3029 3470 3074 est

1898 3122 2048 3189 prius
2073 3128 2130 3174 et
2170 3119 2457 3188 posterius,
2492 3132 2597 3171 non
2632 3132 2698 3171 ex
2728 3127 2916 3170 nostra
2954 3114 3329 3185 dispositione,
3373 3114 3467 3166 sed

1898 3224 1965 3263 ex
2001 3208 2235 3262 naturali
2271 3208 2502 3278 quadam
2534 3222 2713 3261 rerum
2748 3205 3183 3261 consecutione?
3222 3204 3333 3259 Cur
3372 3205 3470 3273 igi—

1902 3310 1988 3355 tur
2020 3301 2227 3355 fastidit
2254 3300 2501 3355 ordinem
2549 3298 2601 3353 in
2632 3300 2741 3354 Deo
2764 3298 3093 3352 admittere?
3133 3298 3466 3361 Arhitratnr,

1897 3394 1942 3449 si
1972 3393 2271 3449 ostenderit
2299 3408 2403 3448 non
2439 3392 2599 3446 aliter
2624 3392 2774 3461 prius
2816 3391 2870 3444 in
2913 3391 3021 3446 Deo
3057 3391 3303 3461 intelligi,
3341 3391 3467 3444 reli-

1897 3500 2062 3554 quum
2097 3500 2156 3540 se
2190 3485 2523 3548 habiturum,
2558 3483 2611 3538 in
2648 3485 2760 3554 ipsa
2781 3482 3304 3538 scilicetsubstantia
3331 3496 3469 3550 pra:-

1897 3579 2153 3632 stantiam
2183 3578 2571 3635 demonstrari.
2595 3574 2704 3630 Nos
2734 3586 2938 3634 autem,
2972 3590 3067 3645 pro
3110 3575 3295 3629 habitu
3332 3588 3466 3627 cau-

1898 3686 2079 3724 sarum
2113 3670 2179 3724 ad
2206 3684 2269 3724 ea
2297 3685 2417 3738 qua:
2454 3685 2520 3723 ex
2562 3667 2695 3735 ipsis
2727 3679 2873 3729 sunt,
2917 3666 3127 3719 Patrem
3160 3664 3295 3719 Filio
3328 3679 3467 3733 pne-

1907 3763 2037 3831 poni
2067 3763 2297 3816 dicimus
2331 3779 2343 3816 :
2372 3771 2425 3815 at
2456 3775 2584 3816 vero
2611 3760 2907 3814 set-nudum
2946 3768 3149 3813 natura;
3179 3758 3465 3812 diversita-

1899 3865 2027 3918 tem,
2054 3871 2156 3907 non
2194 3854 2341 3917 item,
2369 3869 2541 3924 neque
2558 3853 2852 3908 secundum
2877 3851 3130 3920 temporis
3151 3863 3463 3906 excessum:

1895 3947 2129 4015 alioquin
2164 3946 2267 3999 hoc
2301 3956 2460 4016 pacto
2507 3945 2670 4000 etiam
2703 3942 2868 3998 Deum
2912 3941 3126 3996 Patrem
3160 3955 3277 3994 esse
3305 3954 3466 4008 nega-

1896 4039 2112 4105 bimus;
2176 4054 2299 4093 cum
2356 4038 2613 4093 alienatio
2643 4052 2761 4106 quae
2792 4038 2843 4090 in
2877 4034 3113 4090 essentia
3150 4035 3416 4102 reperitur
3448 4072 3462 4097 ,

1896 4132 2333 4203 coniunctionem
2367 4129 2668 4186 naturalem
2703 4128 2935 4183 aboleat.

2086 4222 2190 4277 Sed
2218 4222 2471 4292 quoniam
2496 4222 2601 4277 huc
2629 4221 2718 4275 ille
2749 4220 2801 4274 in
2826 4218 3076 4274 omnibus
3097 4218 3315 4287 Sapiens
3348 4231 3465 4286 pro.

1902 4328 2123 4384 gressus
2151 4322 2258 4378 est,
2297 4314 2453 4368 nobis
2486 4321 2543 4366 ut
2562 4312 2813 4367 deﬁniret
2836 4310 3092 4381 temporis
3112 4318 3381 4371 naturam,
3409 4318 3467 4361 et

1892 4408 1978 4461 hic
2014 4422 2175 4477 quam
2214 4405 2391 4471 ﬁrma,
2428 4422 2587 4476 quam
2629 4406 3019 4475 circumspecta
3046 4403 3115 4457 sit
3150 4416 3305 4455 mens
3324 4401 3461 4470 ejus,

204 4493 435 4564 ἴδωμεν.
482 4492 688 4563 Χρόνον
712 4494 890 4547 τοίνυν
936 4491 1073 4547 εἶναί
1101 4512 1235 4566 φησι
1264 4496 1424 4550 ποιάν
1438 4513 1560 4550 τινα
1581 4496 1791 4568 κίνησιν

1896 4499 2189 4553 videamus.
2220 4497 2455 4567 Tempus
2473 4512 2600 4566 ergo
2627 4508 2833 4551 certum
2868 4494 3155 4565 quemdam
3186 4492 3461 4550 stellarum

203 4584 495 4655 ἀστέρων⁸
530 4584 677 4658 ἡλίου
717 4586 958 4657 δηλονότι
1003 4587 1097 4641 καὶ
1142 4588 1373 4660 σελήνης
1421 4588 1516 4643 καὶ
1552 4589 1662 4642 τῶν
1689 4589 1799 4643 λοιο

206 4676 352 4741 πῶν,
392 4677 537 4742 ὅσοις
582 4679 703 4732 καθ’
732 4678 901 4734 ἑαυτὰ
1095 4680 1356 4735 κινεῖσθαι
1388 4680 1618 4752 δύναμίς
1652 4685 1788 4739 ἐστι.

205 4767 283 4820 re
323 4767 503 4821 τοίνυν
536 4770 643 4822 ἀπὸ
679 4771 944 4838 γενέσεως
981 4770 1210 4844 οὐρανοῦ
1241 4770 1333 4823 καὶ
1364 4771 1468 4841 γῆς
1505 4772 1666 4843 μέχρι
1692 4771 1792 4841 τῆς

208 4853 491 4921 ποιήσεως
520 4868 627 4905 των
653 4856 899 4927 ἀστέρων
929 4857 1201 4928 διάστημα
1229 4874 1281 4910 τι
1308 4876 1436 4911 ποτε
1471 4860 1578 4933 ἄρα
1604 4855 1743 4916 εἶναι
1771 4865 1802 4918 δ

206 4941 389 5004 δεινὸς
418 4942 484 4996 τὰ
517 4942 767 5015 μετέωρα
794 4940 946 5009 οὗτος
972 4948 1363 5017 ἀποφανεῖται;
1402 4950 1598 5018 Σαφῶς
1631 4952 1742 5024 γὰρ
1772 4954 1801 5006 ὁ

208 5034 307 5102 τὴν
339 5032 697 5104 κοσμογονίαν
869 5040 934 5109 τῇ
956 5039 1183 5109 δυνάμει
1212 5041 1305 5093 τοῦ
1339 5042 1654 5112 Πνεῦματος
1676 5044 1803 5097 ἅνα-

209 5125 433 5195 γράψας
477 5127 540 5196 τῇ
576 5127 812 5199 τετάρτῃ
839 5128 1020 5202 ἡμέρᾳ
1049 5133 1173 5195 τοὺς
1202 5132 1471 5203 μεγάλους
1502 5135 1797 5205 φωστῆρας

206 5217 305 5268 καὶ
367 5216 495 5279 τοὺς
547 5216 766 5282 λοιποὺς
812 5220 1047 5291 ἀστέρας
1092 5224 1419 5295 γεγενῆσθαί
1458 5243 1610 5295 φησι.
1658 5229 1798 5299 Χρό-

207 5322 298 5367 νος
353 5301 449 5359 οὖν
496 5307 594 5360 οὐκ
630 5303 717 5378 ἦν,
766 5309 842 5373 ὡς
883 5310 1080 5375 ἔοικεν,
1125 5315 1183 5367 ἐν
1224 5317 1343 5379 ταῖς
1382 5316 1612 5370 κατόπιν
1661 5319 1795 5388 ἡμέ-

210 5413 366 5467 ραιςο
401 5397 461 5449 οὐ
492 5401 599 5469 γὰρ
628 5399 900 5453 ὲκινοῦντό
929 5420 1015 5455 πω
1036 5406 1083 5457 οἱ
1108 5404 1352 5477 ἀστέρες.
1518 5408 1641 5471 Πῶς
1662 5409 1793 5481 γὰρ,

205 5487 264 5538 οἴ
306 5503 369 5555 γε
402 5489 524 5558 μηδ’
555 5490 901 5557 ἐγεγόνεισαν
931 5495 1030 5565 τὴν
1059 5496 1233 5567 ἀρχὴν
1269 5515 1282 5561 ;
1455 5502 1563 5554 Καὶ
1609 5502 1790 5568 πάλιν,

206 5578 298 5631 ὅτε
352 5577 608 5650 ἐπολέμει
654 5585 767 5645 τοῖς
829 5583 1196 5651 Γαδαωνίταις
1249 5590 1278 5641 ό
1324 5588 1421 5643 τοῦ
1472 5592 1628 5664 Ναυῆ
1689 5594 1793 5665 Ἰη-

208 5668 357 5735 σοῦς,
392 5672 581 5743 ἐπειδὴ
618 5674 873 5745 ἀκίνητος
916 5679 944 5730 ὁ
986 5678 1135 5747 ἥλιος
1164 5680 1344 5749 ἔμεινε
1520 5686 1597 5755 τῷ
1628 5705 1791 5757 προσ-

293 5860 307 5889 ⁸
338 5866 508 5924 llebr.
550 5883 592 5937 ι,
624 5868 677 5923 5.
757 5871 778 5904 ²
805 5866 943 5926 Ibid.
1020 5867 1040 5900 ³
1070 5866 1209 5925 Gen.
1239 5882 1279 5936 ι,
1328 5864 1512 5923 14-19.

1891 4604 2095 4646 ηιοιιιηι
2131 4606 2252 4646 esse
2273 4590 2424 4655 dicit,
2466 4589 2595 4644 solis
2617 4588 2867 4643 videlicet
2896 4598 2950 4643 et
2974 4588 3113 4641 lunae
3138 4601 3202 4639 ac
3234 4586 3465 4654 reliqum

1898 4699 2038 4743 rum,
2077 4681 2274 4752 quibus
2316 4681 2455 4735 inest
2513 4695 2623 4749 qua
2668 4694 2768 4750 per
2820 4694 2878 4734 se
2913 4685 3253 4733 moveantur.
3294 4673 3464 4728 luter-

1898 4776 2094 4829 vallum
2139 4777 2302 4844 igitur
2332 4774 2474 4844 quod
2508 4775 2573 4825 ab
2600 4774 2809 4842 origine
2837 4769 3028 4826 cteliet
3048 4777 3208 4823 terra:
3241 4767 3306 4820 ad
3331 4766 3461 4820 stel-

1898 4861 2070 4917 larum
2094 4875 2265 4931 usque
2300 4859 2630 4915 creationem
2679 4857 3005 4919 intercessit,
3052 4856 3308 4922 qmdnam
3348 4866 3466 4905 esse

1900 4954 2151 5007 decernet
2180 4949 2409 5005 eximius
2441 4948 2528 5003 ille
2556 4964 2734 5003 rerum
2781 4945 3088 5000 sublimium
3120 4941 3467 5015 speculator?

1902 5043 2033 5096 Nam
2068 5041 2154 5111 qui
2186 5041 2365 5096 mundi
2388 5040 2714 5095 creationem
2738 5040 2938 5092 virtute
2973 5037 3205 5107 Spiritus
3231 5032 3470 5088 conscri-

1904 5135 2033 5205 psit,
2064 5110 2255 5204 magna
2304 5131 2391 5187 illa
2441 5132 2730 5185 luminaria
2781 5139 2836 5185 et
2888 5130 3125 5197 reliquas
3167 5127 3350 5181 stellas
3383 5110 3521 5178 die‘

1904 5232 2102 5295 quarta
2144 5225 2437 5294 productas
2471 5238 2590 5279 esse
2621 5222 2903 5292 perspicue
2939 5229 3123 5275 narrat
3154 5223 3195 5274 ³.
3237 5215 3470 5284 Tempus

1905 5318 2089 5386 igitur,
2132 5325 2189 5370 ιιι
2234 5316 2422 5385 liquet,
2476 5314 2528 5368 in
2587 5314 2855 5382 prioribus
2907 5312 3097 5365 diebus
3130 5319 3469 5375 nequaquam

1906 5419 2021 5462 erat
2054 5424 2067 5460 :
2110 5406 2370 5475 siquidem
2420 5408 2652 5460 nondum
2692 5404 3048 5459 movebantur
3100 5398 3291 5452 Stcllze.
3326 5396 3471 5461 Quo-

1911 5500 2067 5555 n'odo
2097 5500 2240 5552 enim
2278 5498 2327 5551 id
2364 5497 2481 5551 ﬁeri
2509 5497 2794 5567 potuisset,
2833 5509 2952 5548 cum
2992 5508 3057 5544 ne
3095 5489 3323 5544 condita:
3352 5487 3475 5555 qni-

1908 5592 2028 5647 dcm
2068 5591 2296 5644 fuissent
2319 5588 2513 5643 initio?
2547 5587 2851 5648 Etitcrum,
2885 5598 3007 5637 cum
3027 5579 3185 5635 Jesus
3216 5578 3358 5632 Nave
3381 5576 3477 5629 ud-

1909 5700 2092 5736 vera-1:3
2124 5681 2455 5735 G::baunitas
2494 5686 2774 5748 pugnaret,
2806 5675 3057 5743 quoniam
3093 5672 3175 5728 sol
3209 5676 3476 5741 pracepto
