  <div class='ocr_page' id='page_1' title='image "/cluster/home/n/w/nwhite01/storage/ocr_20150623/130/hvd.32044019208255/262.png"; bbox 0 0 3860 6564; ppageno 0'>
   <div class='ocr_carea' id='block_1_1' title="bbox 199 476 306 544">
    <p class='ocr_par' dir='ltr' id='par_1_1' title="bbox 199 476 306 544">
     <span class='ocr_line' id='line_1_1' title="bbox 199 476 306 544; baseline -0.037 0"><span class='ocrx_word' id='word_1_1' title='bbox 199 476 306 544; x_wconf 63' lang='grc'><strong>5³39</strong></span> 
     </span>
    </p>
   </div>
   <div class='ocr_carea' id='block_1_2' title="bbox 1188 482 2474 544">
    <p class='ocr_par' dir='ltr' id='par_1_2' title="bbox 1188 482 2474 544">
     <span class='ocr_line' id='line_1_2' title="bbox 1188 482 2474 544; baseline 0 -3"><span class='ocrx_word' id='word_1_2' title='bbox 1188 483 1563 544; x_wconf 70' lang='grc' dir='ltr'><strong>ΡΛΝΟῘἸᾸΑ</strong></span> <span class='ocrx_word' id='word_1_3' title='bbox 1601 483 2054 542; x_wconf 67' lang='lat' dir='ltr'><strong>DOGMATiCA.</strong></span> <span class='ocrx_word' id='word_1_4' title='bbox 2093 503 2154 518; x_wconf 67' lang='grc' dir='ltr'><strong><em>ο</em></strong></span> <span class='ocrx_word' id='word_1_5' title='bbox 2190 483 2334 543; x_wconf 88' lang='grc' dir='ltr'><strong>ΤΙΤ.</strong></span> <span class='ocrx_word' id='word_1_6' title='bbox 2372 482 2474 542; x_wconf 78' lang='lat' dir='ltr'><strong>XI.</strong></span> 
     </span>
    </p>
   </div>
   <div class='ocr_carea' id='block_1_3' title="bbox 3362 475 3464 541">
    <p class='ocr_par' dir='ltr' id='par_1_3' title="bbox 3362 475 3464 541">
     <span class='ocr_line' id='line_1_3' title="bbox 3362 475 3464 541; baseline 0.02 -2"><span class='ocrx_word' id='word_1_7' title='bbox 3362 475 3464 541; x_wconf 72' lang='grc'><strong>510</strong></span> 
     </span>
    </p>
   </div>
   <div class='ocr_carea' id='block_1_4' title="bbox 205 587 1782 663">
    <p class='ocr_par' dir='ltr' id='par_1_4' title="bbox 205 587 1781 660">
     <span class='ocr_line' id='line_1_4' title="bbox 205 587 1781 660; baseline 0.004 -23"><span class='ocrx_word' id='word_1_8' title='bbox 205 587 521 656; x_wconf 58' lang='grc' dir='ltr'>δια-,σμένοω</span> <span class='ocrx_word' id='word_1_9' title='bbox 558 588 824 643; x_wconf 84' lang='grc' dir='ltr'>Λείπεται</span> <span class='ocrx_word' id='word_1_10' title='bbox 847 587 1025 644; x_wconf 81' lang='grc' dir='ltr'>τοίνυν</span> <span class='ocrx_word' id='word_1_11' title='bbox 1054 594 1195 645; x_wconf 76' lang='grc' dir='ltr'>κατὰ</span> <span class='ocrx_word' id='word_1_12' title='bbox 1223 596 1313 644; x_wconf 66' lang='grc' dir='ltr'>τῖον</span> <span class='ocrx_word' id='word_1_13' title='bbox 1350 595 1448 660; x_wconf 77' lang='grc' dir='ltr'>τῆς</span> <span class='ocrx_word' id='word_1_14' title='bbox 1480 595 1662 655; x_wconf 73' lang='grc' dir='ltr'>αἰτίας</span> <span class='ocrx_word' id='word_1_15' title='bbox 1691 593 1781 643; x_wconf 81' lang='grc' dir='ltr'>λό-</span> 
     </span>
    </p>
   </div>
   <div class='ocr_carea' id='block_1_5' title="bbox 1890 587 3460 663">
    <p class='ocr_par' dir='ltr' id='par_1_5' title="bbox 1890 587 3460 663">
     <span class='ocr_line' id='line_1_5' title="bbox 1890 587 3460 663; baseline -0.001 -21"><span class='ocrx_word' id='word_1_16' title='bbox 1890 595 2034 663; x_wconf 78' lang='lat' dir='ltr'><strong>pium</strong></span> <span class='ocrx_word' id='word_1_17' title='bbox 2075 593 2255 654; x_wconf 76' lang='lat' dir='ltr'><strong>habet,</strong></span> <span class='ocrx_word' id='word_1_18' title='bbox 2291 593 2493 646; x_wconf 88' lang='lat' dir='ltr'><strong>idcirco</strong></span> <span class='ocrx_word' id='word_1_19' title='bbox 2527 593 2704 655; x_wconf 72' lang='lat' dir='ltr'><strong>Pater,</strong></span> <span class='ocrx_word' id='word_1_20' title='bbox 2736 601 2791 644; x_wconf 86' lang='lat' dir='ltr'><strong>ut</strong></span> <span class='ocrx_word' id='word_1_21' title='bbox 2822 604 2984 645; x_wconf 88' lang='lat' dir='ltr'><strong>causa</strong></span> <span class='ocrx_word' id='word_1_22' title='bbox 3021 597 3075 644; x_wconf 89' lang='lat' dir='ltr'><strong>et</strong></span> <span class='ocrx_word' id='word_1_23' title='bbox 3105 587 3460 659; x_wconf 76' lang='lat' dir='ltr'><strong>principium,</strong></span> 
     </span>
    </p>
   </div>
   <div class='ocr_carea' id='block_1_6' title="bbox 202 681 1782 754">
    <p class='ocr_par' dir='ltr' id='par_1_6' title="bbox 202 681 1782 754">
     <span class='ocr_line' id='line_1_6' title="bbox 202 681 1782 754; baseline 0.003 -23"><span class='ocrx_word' id='word_1_24' title='bbox 202 698 298 747; x_wconf 84' lang='grc' dir='ltr'><strong>γον</strong></span> <span class='ocrx_word' id='word_1_25' title='bbox 328 681 566 734; x_wconf 78' lang='grc' dir='ltr'>ἐνταῦθα</span> <span class='ocrx_word' id='word_1_26' title='bbox 594 683 653 734; x_wconf 75' lang='grc' dir='ltr'>τὸ</span> <span class='ocrx_word' id='word_1_27' title='bbox 690 685 876 752; x_wconf 74' lang='grc' dir='ltr'>μεῖζον</span> <span class='ocrx_word' id='word_1_28' title='bbox 900 684 1179 750; x_wconf 81' lang='grc' dir='ltr'>λέγεσθαι.</span> <span class='ocrx_word' id='word_1_29' title='bbox 1233 685 1454 754; x_wconf 78' lang='grc' dir='ltr'>Ἐπειδὴ</span> <span class='ocrx_word' id='word_1_30' title='bbox 1496 687 1604 754; x_wconf 73' lang='grc' dir='ltr'>γὰρ</span> <span class='ocrx_word' id='word_1_31' title='bbox 1631 685 1782 753; x_wconf 72' lang='grc' dir='ltr'>παρὰ</span> 
     </span>
    </p>
   </div>
   <div class='ocr_carea' id='block_1_7' title="bbox 204 772 1782 845">
    <p class='ocr_par' dir='ltr' id='par_1_7' title="bbox 204 772 1782 845">
     <span class='ocr_line' id='line_1_7' title="bbox 204 772 1782 845; baseline 0.001 -21"><span class='ocrx_word' id='word_1_32' title='bbox 204 772 300 824; x_wconf 82' lang='grc' dir='ltr'>τοῦ</span> <span class='ocrx_word' id='word_1_33' title='bbox 334 774 550 841; x_wconf 76' lang='grc' dir='ltr'>[ἰατρὸς</span> <span class='ocrx_word' id='word_1_34' title='bbox 579 777 611 844; x_wconf 83' lang='grc' dir='ltr'>ἡ</span> <span class='ocrx_word' id='word_1_35' title='bbox 637 776 780 844; x_wconf 79' lang='grc' dir='ltr'>ἀρχὴ</span> <span class='ocrx_word' id='word_1_36' title='bbox 816 775 892 844; x_wconf 81' lang='grc' dir='ltr'>τῷ</span> <span class='ocrx_word' id='word_1_37' title='bbox 920 775 1056 844; x_wconf 84' lang='grc' dir='ltr'>Υἱῷ,</span> <span class='ocrx_word' id='word_1_38' title='bbox 1109 778 1252 830; x_wconf 76' lang='grc' dir='ltr'>κατᾶ</span> <span class='ocrx_word' id='word_1_39' title='bbox 1312 778 1470 828; x_wconf 74' lang='grc' dir='ltr'>τοῦτο</span> <span class='ocrx_word' id='word_1_40' title='bbox 1519 774 1725 845; x_wconf 73' lang='grc' dir='ltr'>μείζων</span> <span class='ocrx_word' id='word_1_41' title='bbox 1755 778 1782 826; x_wconf 88' lang='grc' dir='ltr'>ὁ</span> 
     </span>
    </p>
   </div>
   <div class='ocr_carea' id='block_1_8' title="bbox 203 866 1781 939">
    <p class='ocr_par' dir='ltr' id='par_1_8' title="bbox 203 866 1781 939">
     <span class='ocr_line' id='line_1_8' title="bbox 203 866 1781 939; baseline 0.003 -22"><span class='ocrx_word' id='word_1_42' title='bbox 203 866 416 936; x_wconf 80' lang='grc' dir='ltr'>Πατὴρ,</span> <span class='ocrx_word' id='word_1_43' title='bbox 453 867 526 928; x_wconf 85' lang='grc' dir='ltr'>ὡς</span> <span class='ocrx_word' id='word_1_44' title='bbox 561 869 765 931; x_wconf 78' lang='grc' dir='ltr'>αἴτιος,</span> <span class='ocrx_word' id='word_1_45' title='bbox 813 870 908 921; x_wconf 69' lang='grc' dir='ltr'><strong>καὶ</strong></span> <span class='ocrx_word' id='word_1_46' title='bbox 943 869 1108 938; x_wconf 81' lang='grc' dir='ltr'>ἀρχή.</span> <span class='ocrx_word' id='word_1_47' title='bbox 1142 871 1240 922; x_wconf 71' lang='grc' dir='ltr'>Διὸ</span> <span class='ocrx_word' id='word_1_48' title='bbox 1279 872 1371 920; x_wconf 73' lang='grc' dir='ltr'><strong>καὶ</strong></span> <span class='ocrx_word' id='word_1_49' title='bbox 1402 871 1428 922; x_wconf 86' lang='grc' dir='ltr'>ὁ</span> <span class='ocrx_word' id='word_1_50' title='bbox 1461 869 1662 939; x_wconf 77' lang='grc' dir='ltr'>Κύριος</span> <span class='ocrx_word' id='word_1_51' title='bbox 1693 869 1781 921; x_wconf 68' lang='grc' dir='ltr'><strong>οὖα</strong></span> 
     </span>
    </p>
   </div>
   <div class='ocr_carea' id='block_1_9' title="bbox 198 956 1782 1030">
    <p class='ocr_par' dir='ltr' id='par_1_9' title="bbox 198 956 1782 1030">
     <span class='ocr_line' id='line_1_9' title="bbox 198 956 1782 1030; baseline 0.003 -22"><span class='ocrx_word' id='word_1_52' title='bbox 198 976 309 1020; x_wconf 82' lang='grc' dir='ltr'><strong>τως</strong></span> <span class='ocrx_word' id='word_1_53' title='bbox 369 956 528 1010; x_wconf 84' lang='grc' dir='ltr'>εἶπεν</span> <span class='ocrx_word' id='word_1_54' title='bbox 577 976 588 988; x_wconf 87' lang='grc'>·</span> <span class='ocrx_word' id='word_1_55' title='bbox 631 958 684 1010; x_wconf 84' lang='lat'><strong>&#39;0</strong></span> <span class='ocrx_word' id='word_1_56' title='bbox 716 959 915 1026; x_wconf 81' lang='grc' dir='ltr'>Πατήρ</span> <span class='ocrx_word' id='word_1_57' title='bbox 934 978 1055 1028; x_wconf 83' lang='grc' dir='ltr'><strong>μου</strong></span> <span class='ocrx_word' id='word_1_58' title='bbox 1077 960 1291 1029; x_wconf 70' lang='grc' dir='ltr'>μείζῖυν</span> <span class='ocrx_word' id='word_1_59' title='bbox 1313 964 1430 1030; x_wconf 82' lang='grc' dir='ltr'>μού</span> <span class='ocrx_word' id='word_1_60' title='bbox 1462 962 1614 1022; x_wconf 78' lang='grc' dir='ltr'>ἐστὶ,</span> <span class='ocrx_word' id='word_1_61' title='bbox 1649 961 1782 1013; x_wconf 75' lang='grc' dir='ltr'>καθὸ</span> 
     </span>
    </p>
   </div>
   <div class='ocr_carea' id='block_1_10' title="bbox 200 1048 1756 1123">
    <p class='ocr_par' dir='ltr' id='par_1_10' title="bbox 200 1048 1756 1123">
     <span class='ocr_line' id='line_1_10' title="bbox 200 1048 1756 1123; baseline 0.001 -21"><span class='ocrx_word' id='word_1_62' title='bbox 200 1048 392 1118; x_wconf 80' lang='grc' dir='ltr'>Πατὴρ</span> <span class='ocrx_word' id='word_1_63' title='bbox 459 1050 725 1117; x_wconf 78' lang='grc' dir='ltr'>δηλονότι.</span> <span class='ocrx_word' id='word_1_64' title='bbox 765 1052 836 1104; x_wconf 75' lang='grc' dir='ltr'>Τό</span> <span class='ocrx_word' id='word_1_65' title='bbox 865 1052 919 1103; x_wconf 78' lang='grc' dir='ltr'>δὲ</span> <span class='ocrx_word' id='word_1_66' title='bbox 947 1053 1136 1121; x_wconf 72' lang='grc' dir='ltr'>Πατὴρ</span> <span class='ocrx_word' id='word_1_67' title='bbox 1165 1053 1214 1103; x_wconf 87' lang='grc' dir='ltr'><strong>τί</strong></span> <span class='ocrx_word' id='word_1_68' title='bbox 1245 1053 1370 1105; x_wconf 83' lang='grc' dir='ltr'>ἄλλο</span> <span class='ocrx_word' id='word_1_69' title='bbox 1407 1053 1692 1121; x_wconf 81' lang='grc' dir='ltr'>σημαίνει,</span> <span class='ocrx_word' id='word_1_70' title='bbox 1724 1053 1756 1123; x_wconf 83' lang='grc' dir='ltr'>ἢ</span> 
     </span>
    </p>
   </div>
   <div class='ocr_carea' id='block_1_11' title="bbox 193 1138 1782 1213">
    <p class='ocr_par' dir='ltr' id='par_1_11' title="bbox 193 1138 1782 1213">
     <span class='ocr_line' id='line_1_11' title="bbox 193 1138 1782 1213; baseline 0.003 -22"><span class='ocrx_word' id='word_1_71' title='bbox 193 1141 254 1191; x_wconf 78' lang='grc' dir='ltr'><strong>τὸ</strong></span> <span class='ocrx_word' id='word_1_72' title='bbox 287 1141 439 1194; x_wconf 80' lang='grc' dir='ltr'>αἰτία</span> <span class='ocrx_word' id='word_1_73' title='bbox 487 1138 744 1194; x_wconf 73' lang='grc' dir='ltr'>εἶναικαὶ</span> <span class='ocrx_word' id='word_1_74' title='bbox 782 1144 923 1212; x_wconf 70' lang='grc' dir='ltr'>ἁρχὴ</span> <span class='ocrx_word' id='word_1_75' title='bbox 949 1143 1042 1195; x_wconf 78' lang='grc' dir='ltr'><strong>τοῦ</strong></span> <span class='ocrx_word' id='word_1_76' title='bbox 1086 1145 1145 1207; x_wconf 79' lang='grc' dir='ltr'><strong>ἐξ</strong></span> <span class='ocrx_word' id='word_1_77' title='bbox 1185 1145 1348 1197; x_wconf 74' lang='grc' dir='ltr'>αὐτοῦ</span> <span class='ocrx_word' id='word_1_78' title='bbox 1391 1146 1782 1213; x_wconf 74' lang='grc' dir='ltr'>γεννηθέντοςς</span> 
     </span>
    </p>
   </div>
   <div class='ocr_carea' id='block_1_12' title="bbox 195 1231 1784 1305">
    <p class='ocr_par' dir='ltr' id='par_1_12' title="bbox 195 1231 1784 1305">
     <span class='ocr_line' id='line_1_12' title="bbox 195 1231 1784 1305; baseline 0.002 -22"><span class='ocrx_word' id='word_1_79' title='bbox 195 1233 396 1285; x_wconf 73' lang='grc' dir='ltr'>Καίτοι</span> <span class='ocrx_word' id='word_1_80' title='bbox 426 1236 474 1285; x_wconf 83' lang='grc' dir='ltr'><strong>εί</strong></span> <span class='ocrx_word' id='word_1_81' title='bbox 508 1238 648 1288; x_wconf 71' lang='grc' dir='ltr'>κατὰ</span> <span class='ocrx_word' id='word_1_82' title='bbox 683 1235 771 1286; x_wconf 81' lang='grc' dir='ltr'><strong>τὸν</strong></span> <span class='ocrx_word' id='word_1_83' title='bbox 811 1239 906 1287; x_wconf 86' lang='grc' dir='ltr'><strong>σὸν</strong></span> <span class='ocrx_word' id='word_1_84' title='bbox 941 1236 1119 1302; x_wconf 86' lang='grc' dir='ltr'>λόγον,</span> <span class='ocrx_word' id='word_1_85' title='bbox 1146 1231 1188 1287; x_wconf 77' lang='grc' dir='ltr'><strong>ὦ</strong></span> <span class='ocrx_word' id='word_1_86' title='bbox 1221 1238 1447 1305; x_wconf 65' lang='grc' dir='ltr'>Ιίὺνόμιε</span> <span class='ocrx_word' id='word_1_87' title='bbox 1472 1279 1486 1301; x_wconf 95' lang='grc'><strong>,</strong></span> <span class='ocrx_word' id='word_1_88' title='bbox 1518 1237 1578 1288; x_wconf 85' lang='grc' dir='ltr'><strong>τὸ</strong></span> <span class='ocrx_word' id='word_1_89' title='bbox 1620 1237 1784 1302; x_wconf 81' lang='grc' dir='ltr'>ἀγέν-</span> 
     </span>
    </p>
   </div>
   <div class='ocr_carea' id='block_1_13' title="bbox 192 1326 1783 1402">
    <p class='ocr_par' dir='ltr' id='par_1_13' title="bbox 192 1326 1783 1402">
     <span class='ocr_line' id='line_1_13' title="bbox 192 1326 1783 1402; baseline 0.004 -24"><span class='ocrx_word' id='word_1_90' title='bbox 192 1345 360 1394; x_wconf 84' lang='grc' dir='ltr'>νητον</span> <span class='ocrx_word' id='word_1_91' title='bbox 390 1330 548 1382; x_wconf 85' lang='grc' dir='ltr'>οὐσία</span> <span class='ocrx_word' id='word_1_92' title='bbox 584 1326 672 1400; x_wconf 84' lang='grc' dir='ltr'>ἦν,</span> <span class='ocrx_word' id='word_1_93' title='bbox 745 1331 1005 1383; x_wconf 73' lang='grc' dir='ltr'>ἐϐούλετο</span> <span class='ocrx_word' id='word_1_94' title='bbox 1065 1333 1118 1384; x_wconf 78' lang='grc' dir='ltr'>δὲ</span> <span class='ocrx_word' id='word_1_95' title='bbox 1156 1333 1254 1402; x_wconf 82' lang='grc' dir='ltr'>τὴν</span> <span class='ocrx_word' id='word_1_96' title='bbox 1303 1334 1420 1384; x_wconf 83' lang='grc' dir='ltr'>κατ’</span> <span class='ocrx_word' id='word_1_97' title='bbox 1462 1332 1651 1385; x_wconf 78' lang='grc' dir='ltr'>οὐσίαν</span> <span class='ocrx_word' id='word_1_98' title='bbox 1691 1333 1783 1386; x_wconf 78' lang='grc' dir='ltr'>τοῦ</span> 
     </span>
    </p>
   </div>
   <div class='ocr_carea' id='block_1_14' title="bbox 193 1417 1779 1490">
    <p class='ocr_par' dir='ltr' id='par_1_14' title="bbox 193 1417 1779 1490">
     <span class='ocr_line' id='line_1_14' title="bbox 193 1417 1779 1490; baseline 0.006 -24"><span class='ocrx_word' id='word_1_99' title='bbox 193 1418 417 1488; x_wconf 74' lang='grc' dir='ltr'>Ματρὸς</span> <span class='ocrx_word' id='word_1_100' title='bbox 448 1419 724 1490; x_wconf 81' lang='grc' dir='ltr'>ὑπεροχὴν</span> <span class='ocrx_word' id='word_1_101' title='bbox 761 1422 1051 1485; x_wconf 72' lang='grc' dir='ltr'>ἐπιδεῖξαι,</span> <span class='ocrx_word' id='word_1_102' title='bbox 1081 1417 1238 1473; x_wconf 83' lang='grc' dir='ltr'>εἶπεν</span> <span class='ocrx_word' id='word_1_103' title='bbox 1273 1423 1360 1486; x_wconf 81' lang='grc' dir='ltr'>ἂν,</span> <span class='ocrx_word' id='word_1_104' title='bbox 1396 1425 1477 1474; x_wconf 84' lang='grc' dir='ltr'>ὅτι</span> <span class='ocrx_word' id='word_1_105' title='bbox 1525 1422 1580 1474; x_wconf 86' lang='grc' dir='ltr'>Ὀ</span> <span class='ocrx_word' id='word_1_106' title='bbox 1617 1423 1779 1489; x_wconf 77' lang='grc' dir='ltr'>ἀγέν-</span> 
     </span>
    </p>
   </div>
   <div class='ocr_carea' id='block_1_15' title="bbox 191 1510 1776 1582">
    <p class='ocr_par' dir='ltr' id='par_1_15' title="bbox 191 1510 1776 1582">
     <span class='ocr_line' id='line_1_15' title="bbox 191 1510 1776 1582; baseline 0.003 -22"><span class='ocrx_word' id='word_1_107' title='bbox 191 1525 360 1576; x_wconf 81' lang='grc' dir='ltr'>νητος</span> <span class='ocrx_word' id='word_1_108' title='bbox 401 1510 604 1580; x_wconf 73' lang='grc' dir='ltr'>μείζων</span> <span class='ocrx_word' id='word_1_109' title='bbox 639 1511 742 1580; x_wconf 85' lang='grc' dir='ltr'><strong>μού</strong></span> <span class='ocrx_word' id='word_1_110' title='bbox 771 1513 940 1565; x_wconf 71' lang='grc' dir='ltr'>ἐστίν.</span> <span class='ocrx_word' id='word_1_111' title='bbox 990 1513 1289 1582; x_wconf 77' lang='grc' dir='ltr'>’Υμέτερος</span> <span class='ocrx_word' id='word_1_112' title='bbox 1345 1512 1401 1565; x_wconf 78' lang='grc' dir='ltr'>δέ</span> <span class='ocrx_word' id='word_1_113' title='bbox 1450 1516 1566 1564; x_wconf 81' lang='grc' dir='ltr'>ἐστι</span> <span class='ocrx_word' id='word_1_114' title='bbox 1599 1513 1776 1581; x_wconf 86' lang='grc' dir='ltr'>λόγος,</span> 
     </span>
    </p>
   </div>
   <div class='ocr_carea' id='block_1_16' title="bbox 1883 679 3465 763">
    <p class='ocr_par' dir='ltr' id='par_1_16' title="bbox 1883 679 3465 763">
     <span class='ocr_line' id='line_1_16' title="bbox 1883 679 3465 763; baseline -0.006 -25"><span class='ocrx_word' id='word_1_115' title='bbox 1883 687 2054 755; x_wconf 85' lang='lat' dir='ltr'><strong>major</strong></span> <span class='ocrx_word' id='word_1_116' title='bbox 2089 697 2192 763; x_wconf 60' lang='lat' dir='ltr'><strong>est:</strong></span> <span class='ocrx_word' id='word_1_117' title='bbox 2227 686 2287 737; x_wconf 66' lang='lat' dir='ltr'><strong>lit</strong></span> <span class='ocrx_word' id='word_1_118' title='bbox 2319 697 2601 753; x_wconf 83' lang='lat' dir='ltr'><strong>pmpterea</strong></span> <span class='ocrx_word' id='word_1_119' title='bbox 2633 685 2894 737; x_wconf 85' lang='lat' dir='ltr'><strong>Dominus</strong></span> <span class='ocrx_word' id='word_1_120' title='bbox 2936 682 3012 735; x_wconf 89' lang='lat' dir='ltr'><strong>ait</strong></span> <span class='ocrx_word' id='word_1_121' title='bbox 3047 697 3060 734; x_wconf 88' lang='lat'>:</span> <span class='ocrx_word' id='word_1_122' title='bbox 3093 681 3258 734; x_wconf 77' lang='lat' dir='ltr'><strong>Pater</strong></span> <span class='ocrx_word' id='word_1_123' title='bbox 3291 679 3465 747; x_wconf 84' lang='lat' dir='ltr'><strong>major</strong></span> 
     </span>
    </p>
   </div>
   <div class='ocr_carea' id='block_1_17' title="bbox 1890 771 3462 845">
    <p class='ocr_par' dir='ltr' id='par_1_17' title="bbox 1890 771 3462 845">
     <span class='ocr_line' id='line_1_17' title="bbox 1890 771 3462 845; baseline -0.005 -14"><span class='ocrx_word' id='word_1_124' title='bbox 1890 795 1971 831; x_wconf 88' lang='lat' dir='ltr'><strong>me</strong></span> <span class='ocrx_word' id='word_1_125' title='bbox 2007 786 2083 830; x_wconf 79' lang='lat' dir='ltr'><strong>est</strong></span> <span class='ocrx_word' id='word_1_126' title='bbox 2122 778 2160 836; x_wconf 86' lang='grc'>¹,</span> <span class='ocrx_word' id='word_1_127' title='bbox 2235 792 2432 845; x_wconf 66' lang='lat' dir='ltr'><strong>nempe</strong></span> <span class='ocrx_word' id='word_1_128' title='bbox 2469 786 2740 844; x_wconf 89' lang='lat' dir='ltr'><strong>quatenus</strong></span> <span class='ocrx_word' id='word_1_129' title='bbox 2787 785 2869 828; x_wconf 81' lang='lat' dir='ltr'><strong>est</strong></span> <span class='ocrx_word' id='word_1_130' title='bbox 2920 775 3098 828; x_wconf 83' lang='lat' dir='ltr'><strong>Pater.</strong></span> <span class='ocrx_word' id='word_1_131' title='bbox 3145 773 3283 838; x_wconf 89' lang='lat' dir='ltr'><strong>Quid</strong></span> <span class='ocrx_word' id='word_1_132' title='bbox 3314 771 3462 825; x_wconf 89' lang='lat' dir='ltr'><strong>enim</strong></span> 
     </span>
    </p>
   </div>
   <div class='ocr_carea' id='block_1_18' title="bbox 1886 865 3462 938">
    <p class='ocr_par' dir='ltr' id='par_1_18' title="bbox 1886 865 3462 938">
     <span class='ocr_line' id='line_1_18' title="bbox 1886 865 3462 938; baseline -0.006 -14"><span class='ocrx_word' id='word_1_133' title='bbox 1886 871 1976 928; x_wconf 84' lang='lat' dir='ltr'><strong>illa</strong></span> <span class='ocrx_word' id='word_1_134' title='bbox 2016 886 2143 929; x_wconf 80' lang='lat' dir='ltr'><strong>vox,</strong></span> <span class='ocrx_word' id='word_1_135' title='bbox 2182 869 2363 928; x_wconf 81' lang='lat' dir='ltr'><strong>Pater,</strong></span> <span class='ocrx_word' id='word_1_136' title='bbox 2397 869 2547 922; x_wconf 88' lang='lat' dir='ltr'><strong>aliud</strong></span> <span class='ocrx_word' id='word_1_137' title='bbox 2599 867 2898 938; x_wconf 78' lang='lat' dir='ltr'><strong>signiﬁcat,</strong></span> <span class='ocrx_word' id='word_1_138' title='bbox 2931 866 3035 919; x_wconf 81' lang='lat' dir='ltr'><strong>nisi</strong></span> <span class='ocrx_word' id='word_1_139' title='bbox 3067 865 3214 918; x_wconf 90' lang='lat' dir='ltr'><strong>illum</strong></span> <span class='ocrx_word' id='word_1_140' title='bbox 3243 879 3462 917; x_wconf 88' lang='lat' dir='ltr'><strong>causam</strong></span> 
     </span>
    </p>
   </div>
   <div class='ocr_carea' id='block_1_19' title="bbox 1884 957 3462 1033">
    <p class='ocr_par' dir='ltr' id='par_1_19' title="bbox 1884 957 3462 1033">
     <span class='ocr_line' id='line_1_19' title="bbox 1884 957 3462 1033; baseline -0.006 -15"><span class='ocrx_word' id='word_1_141' title='bbox 1884 974 1940 1019; x_wconf 89' lang='lat' dir='ltr'><strong>et</strong></span> <span class='ocrx_word' id='word_1_142' title='bbox 1967 965 2298 1033; x_wconf 85' lang='lat' dir='ltr'><strong>principium</strong></span> <span class='ocrx_word' id='word_1_143' title='bbox 2335 979 2476 1025; x_wconf 88' lang='lat' dir='ltr'><strong>esse,</strong></span> <span class='ocrx_word' id='word_1_144' title='bbox 2524 979 2587 1016; x_wconf 81' lang='lat' dir='ltr'><strong>ex</strong></span> <span class='ocrx_word' id='word_1_145' title='bbox 2621 978 2729 1031; x_wconf 92' lang='lat' dir='ltr'><strong>quo</strong></span> <span class='ocrx_word' id='word_1_146' title='bbox 2763 961 2980 1031; x_wconf 77' lang='lat' dir='ltr'><strong>genitus</strong></span> <span class='ocrx_word' id='word_1_147' title='bbox 3012 961 3129 1026; x_wconf 88' lang='lat' dir='ltr'><strong>ipse.</strong></span> <span class='ocrx_word' id='word_1_148' title='bbox 3156 959 3274 1012; x_wconf 90' lang='lat' dir='ltr'><strong>sit?</strong></span> <span class='ocrx_word' id='word_1_149' title='bbox 3305 957 3462 1020; x_wconf 86' lang='lat' dir='ltr'><strong>Quod</strong></span> 
     </span>
    </p>
   </div>
   <div class='ocr_carea' id='block_1_20' title="bbox 1885 1047 3463 1124">
    <p class='ocr_par' dir='ltr' id='par_1_20' title="bbox 1885 1047 3463 1124">
     <span class='ocr_line' id='line_1_20' title="bbox 1885 1047 3463 1124; baseline -0.008 -14"><span class='ocrx_word' id='word_1_150' title='bbox 1885 1056 1952 1121; x_wconf 91' lang='lat' dir='ltr'><strong>si,</strong></span> <span class='ocrx_word' id='word_1_151' title='bbox 1984 1054 2447 1124; x_wconf 86' lang='lat' dir='ltr'><strong>quemadmodum</strong></span> <span class='ocrx_word' id='word_1_152' title='bbox 2487 1055 2600 1122; x_wconf 83' lang='lat' dir='ltr'><strong>ipse</strong></span> <span class='ocrx_word' id='word_1_153' title='bbox 2626 1053 2816 1117; x_wconf 87' lang='lat' dir='ltr'><strong>sentis,</strong></span> <span class='ocrx_word' id='word_1_154' title='bbox 2851 1052 3081 1105; x_wconf 80' lang='lat' dir='ltr'><strong>Eunomi</strong></span> <span class='ocrx_word' id='word_1_155' title='bbox 3107 1090 3121 1114; x_wconf 89' lang='lat'><strong>,</strong></span> <span class='ocrx_word' id='word_1_156' title='bbox 3187 1047 3463 1118; x_wconf 78' lang='lat' dir='ltr'><strong>ingenitus</strong></span> 
     </span>
    </p>
   </div>
   <div class='ocr_carea' id='block_1_21' title="bbox 1885 1140 3460 1207">
    <p class='ocr_par' dir='ltr' id='par_1_21' title="bbox 1885 1140 3460 1207">
     <span class='ocr_line' id='line_1_21' title="bbox 1885 1140 3460 1207; baseline -0.008 -5"><span class='ocrx_word' id='word_1_157' title='bbox 1885 1147 2124 1202; x_wconf 74' lang='lat' dir='ltr'><strong>essentia</strong></span> <span class='ocrx_word' id='word_1_158' title='bbox 2166 1155 2270 1207; x_wconf 83' lang='lat' dir='ltr'><strong>est,</strong></span> <span class='ocrx_word' id='word_1_159' title='bbox 2301 1159 2425 1198; x_wconf 90' lang='lat' dir='ltr'><strong>eum</strong></span> <span class='ocrx_word' id='word_1_160' title='bbox 2465 1143 2624 1197; x_wconf 75' lang='lat' dir='ltr'><strong>vellet</strong></span> <span class='ocrx_word' id='word_1_161' title='bbox 2668 1143 2884 1196; x_wconf 84' lang='lat' dir='ltr'><strong>Patrem</strong></span> <span class='ocrx_word' id='word_1_162' title='bbox 2915 1143 3156 1195; x_wconf 78' lang='lat' dir='ltr'><strong>essentia</strong></span> <span class='ocrx_word' id='word_1_163' title='bbox 3196 1140 3460 1206; x_wconf 82' lang='lat' dir='ltr'><strong>majorem</strong></span> 
     </span>
    </p>
   </div>
   <div class='ocr_carea' id='block_1_22' title="bbox 1885 1231 3464 1300">
    <p class='ocr_par' dir='ltr' id='par_1_22' title="bbox 1885 1231 3464 1300">
     <span class='ocr_line' id='line_1_22' title="bbox 1885 1231 3464 1300; baseline -0.008 -8"><span class='ocrx_word' id='word_1_164' title='bbox 1885 1238 2149 1300; x_wconf 87' lang='lat' dir='ltr'><strong>indicare,</strong></span> <span class='ocrx_word' id='word_1_165' title='bbox 2178 1237 2403 1290; x_wconf 76' lang='lat' dir='ltr'><strong>dixisset</strong></span> <span class='ocrx_word' id='word_1_166' title='bbox 2434 1237 2498 1289; x_wconf 86' lang='lat' dir='ltr'><strong>ad</strong></span> <span class='ocrx_word' id='word_1_167' title='bbox 2535 1236 2678 1289; x_wconf 91' lang='lat' dir='ltr'><strong>hunc</strong></span> <span class='ocrx_word' id='word_1_168' title='bbox 2711 1234 2956 1297; x_wconf 87' lang='lat' dir='ltr'><strong>modum,</strong></span> <span class='ocrx_word' id='word_1_169' title='bbox 2983 1232 3256 1299; x_wconf 67' lang='lat' dir='ltr'><strong>ingenitus</strong></span> <span class='ocrx_word' id='word_1_170' title='bbox 3292 1231 3464 1294; x_wconf 88' lang='lat' dir='ltr'><strong>major</strong></span> 
     </span>
    </p>
   </div>
   <div class='ocr_carea' id='block_1_23' title="bbox 1890 1323 3463 1396">
    <p class='ocr_par' dir='ltr' id='par_1_23' title="bbox 1890 1323 3463 1396">
     <span class='ocr_line' id='line_1_23' title="bbox 1890 1323 3463 1396; baseline -0.007 -14"><span class='ocrx_word' id='word_1_171' title='bbox 1890 1345 1975 1382; x_wconf 83' lang='lat' dir='ltr'><strong>me</strong></span> <span class='ocrx_word' id='word_1_172' title='bbox 2010 1339 2110 1382; x_wconf 89' lang='lat' dir='ltr'><strong>est.</strong></span> <span class='ocrx_word' id='word_1_173' title='bbox 2134 1328 2273 1392; x_wconf 90' lang='lat' dir='ltr'><strong>Quid</strong></span> <span class='ocrx_word' id='word_1_174' title='bbox 2295 1342 2400 1393; x_wconf 84' lang='lat' dir='ltr'><strong>quo</strong></span> <span class='ocrx_word' id='word_1_175' title='bbox 2434 1328 2704 1396; x_wconf 80' lang='lat' dir='ltr'><strong>sapientia</strong></span> <span class='ocrx_word' id='word_1_176' title='bbox 2739 1336 2917 1379; x_wconf 86' lang='lat' dir='ltr'><strong>vestra</strong></span> <span class='ocrx_word' id='word_1_177' title='bbox 2952 1325 3134 1388; x_wconf 85' lang='lat' dir='ltr'><strong>docet,</strong></span> <span class='ocrx_word' id='word_1_178' title='bbox 3168 1323 3463 1374; x_wconf 82' lang='lat' dir='ltr'><strong>essentiam</strong></span> 
     </span>
    </p>
   </div>
   <div class='ocr_carea' id='block_1_24' title="bbox 1884 1411 3467 1487">
    <p class='ocr_par' dir='ltr' id='par_1_24' title="bbox 1884 1411 3467 1487">
     <span class='ocr_line' id='line_1_24' title="bbox 1884 1411 3467 1487; baseline -0.008 -15"><span class='ocrx_word' id='word_1_179' title='bbox 1884 1419 2122 1472; x_wconf 87' lang='lat' dir='ltr'><strong>essentia</strong></span> <span class='ocrx_word' id='word_1_180' title='bbox 2155 1420 2448 1487; x_wconf 80' lang='lat' dir='ltr'><strong>majorem,</strong></span> <span class='ocrx_word' id='word_1_181' title='bbox 2481 1427 2574 1470; x_wconf 88' lang='lat' dir='ltr'><strong>aut</strong></span> <span class='ocrx_word' id='word_1_182' title='bbox 2610 1417 2873 1469; x_wconf 83' lang='lat' dir='ltr'><strong>minorem</strong></span> <span class='ocrx_word' id='word_1_183' title='bbox 2908 1430 3014 1466; x_wconf 91' lang='lat' dir='ltr'><strong>non</strong></span> <span class='ocrx_word' id='word_1_184' title='bbox 3069 1412 3216 1466; x_wconf 85' lang='lat' dir='ltr'><strong>dici?</strong></span> <span class='ocrx_word' id='word_1_185' title='bbox 3265 1411 3467 1484; x_wconf 83' lang='lat' dir='ltr'><strong>Quam-</strong></span> 
     </span>
    </p>
   </div>
   <div class='ocr_carea' id='block_1_25' title="bbox 1885 1507 3462 1576">
    <p class='ocr_par' dir='ltr' id='par_1_25' title="bbox 1885 1507 3462 1576">
     <span class='ocr_line' id='line_1_25' title="bbox 1885 1507 3462 1576; baseline -0.006 -9"><span class='ocrx_word' id='word_1_186' title='bbox 1885 1514 2071 1567; x_wconf 87' lang='lat' dir='ltr'><strong>obrem</strong></span> <span class='ocrx_word' id='word_1_187' title='bbox 2112 1513 2213 1566; x_wconf 90' lang='lat' dir='ltr'><strong>hoc</strong></span> <span class='ocrx_word' id='word_1_188' title='bbox 2238 1513 2356 1565; x_wconf 86' lang='lat' dir='ltr'><strong>loco</strong></span> <span class='ocrx_word' id='word_1_189' title='bbox 2404 1527 2512 1565; x_wconf 90' lang='lat' dir='ltr'><strong>non</strong></span> <span class='ocrx_word' id='word_1_190' title='bbox 2546 1512 2613 1563; x_wconf 90' lang='lat' dir='ltr'><strong>de</strong></span> <span class='ocrx_word' id='word_1_191' title='bbox 2655 1508 2888 1563; x_wconf 72' lang='lat' dir='ltr'><strong>eSscutia</strong></span> <span class='ocrx_word' id='word_1_192' title='bbox 2929 1509 3104 1576; x_wconf 81' lang='lat' dir='ltr'><strong>majus</strong></span> <span class='ocrx_word' id='word_1_193' title='bbox 3134 1507 3336 1557; x_wconf 88' lang='lat' dir='ltr'><strong>dictum</strong></span> <span class='ocrx_word' id='word_1_194' title='bbox 3359 1509 3462 1558; x_wconf 84' lang='lat' dir='ltr'><strong>est.</strong></span> 
     </span>
    </p>
   </div>
   <div class='ocr_carea' id='block_1_26' title="bbox 193 1596 3466 1677">
    <p class='ocr_par' dir='ltr' id='par_1_26' title="bbox 193 1596 3466 1677">
     <span class='ocr_line' id='line_1_26' title="bbox 193 1596 3466 1677; baseline -0.002 -24"><span class='ocrx_word' id='word_1_195' title='bbox 193 1604 461 1671; x_wconf 75' lang='grc' dir='ltr'>ὃτιήτοῦ</span> <span class='ocrx_word' id='word_1_196' title='bbox 493 1606 706 1677; x_wconf 73' lang='grc' dir='ltr'>Πατρός</span> <span class='ocrx_word' id='word_1_197' title='bbox 766 1606 1113 1677; x_wconf 82' lang='grc' dir='ltr'>προσηγορία</span> <span class='ocrx_word' id='word_1_198' title='bbox 1159 1607 1442 1675; x_wconf 76' lang='grc' dir='ltr'>ἐνεργείας</span> <span class='ocrx_word' id='word_1_199' title='bbox 1498 1607 1637 1667; x_wconf 83' lang='grc' dir='ltr'>ἐστι,</span> <span class='ocrx_word' id='word_1_200' title='bbox 1707 1605 1802 1656; x_wconf 73' lang='grc' dir='ltr'><strong>καὶ</strong></span> <span class='ocrx_word' id='word_1_201' title='bbox 1841 1606 1943 1659; x_wconf 71' lang='grc' dir='ltr'><strong>οὐκ</strong></span> <span class='ocrx_word' id='word_1_202' title='bbox 1996 1603 2184 1666; x_wconf 79' lang='grc' dir='ltr'>οὐσίας</span> <span class='ocrx_word' id='word_1_203' title='bbox 2232 1606 2568 1675; x_wconf 75' lang='grc' dir='ltr'>σημαντικὴ.</span> <span class='ocrx_word' id='word_1_204' title='bbox 2605 1605 2713 1655; x_wconf 66' lang='grc' dir='ltr'><strong>Καὶ</strong></span> <span class='ocrx_word' id='word_1_205' title='bbox 2734 1603 2905 1664; x_wconf 81' lang='grc' dir='ltr'>ἄλλως</span> <span class='ocrx_word' id='word_1_206' title='bbox 2942 1600 2997 1652; x_wconf 81' lang='grc' dir='ltr'>δὲ</span> <span class='ocrx_word' id='word_1_207' title='bbox 3055 1599 3213 1651; x_wconf 75' lang='grc' dir='ltr'>οὐσία</span> <span class='ocrx_word' id='word_1_208' title='bbox 3277 1596 3466 1647; x_wconf 69' lang='grc' dir='ltr'>οὐσίας</span> 
     </span>
    </p>
   </div>
   <div class='ocr_carea' id='block_1_27' title="bbox 195 1693 3467 1770">
    <p class='ocr_par' dir='ltr' id='par_1_27' title="bbox 195 1693 3467 1770">
     <span class='ocr_line' id='line_1_27' title="bbox 195 1693 3467 1770; baseline -0.004 -16"><span class='ocrx_word' id='word_1_209' title='bbox 195 1698 342 1754; x_wconf 66' lang='grc' dir='ltr'>κατὰ</span> <span class='ocrx_word' id='word_1_210' title='bbox 380 1697 477 1766; x_wconf 82' lang='grc' dir='ltr'><strong>τὴν</strong></span> <span class='ocrx_word' id='word_1_211' title='bbox 529 1699 804 1768; x_wconf 79' lang='grc' dir='ltr'>ὑμετέραν</span> <span class='ocrx_word' id='word_1_212' title='bbox 839 1700 1032 1767; x_wconf 77' lang='grc' dir='ltr'>σοφίαν</span> <span class='ocrx_word' id='word_1_213' title='bbox 1064 1699 1123 1750; x_wconf 77' lang='grc' dir='ltr'>τὺ</span> <span class='ocrx_word' id='word_1_214' title='bbox 1165 1697 1354 1768; x_wconf 76' lang='grc' dir='ltr'>μεῖζον</span> <span class='ocrx_word' id='word_1_215' title='bbox 1421 1701 1514 1752; x_wconf 71' lang='grc' dir='ltr'><strong>καὶ</strong></span> <span class='ocrx_word' id='word_1_216' title='bbox 1576 1700 1798 1756; x_wconf 72' lang='grc' dir='ltr'>ἔλαττον</span> <span class='ocrx_word' id='word_1_217' title='bbox 1838 1699 1939 1754; x_wconf 74' lang='grc' dir='ltr'><strong>οὐκ</strong></span> <span class='ocrx_word' id='word_1_218' title='bbox 1998 1699 2327 1770; x_wconf 80' lang='grc' dir='ltr'>ἐπιδέχεται,</span> <span class='ocrx_word' id='word_1_219' title='bbox 2373 1698 2513 1750; x_wconf 82' lang='grc' dir='ltr'>ὣστε</span> <span class='ocrx_word' id='word_1_220' title='bbox 2579 1699 2637 1749; x_wconf 77' lang='grc' dir='ltr'><strong>τὸ</strong></span> <span class='ocrx_word' id='word_1_221' title='bbox 2676 1697 2862 1768; x_wconf 78' lang='grc' dir='ltr'>μεῖζον</span> <span class='ocrx_word' id='word_1_222' title='bbox 2919 1696 2980 1748; x_wconf 85' lang='grc' dir='ltr'><strong>οὐ</strong></span> <span class='ocrx_word' id='word_1_223' title='bbox 3042 1696 3164 1748; x_wconf 84' lang='grc' dir='ltr'>κατ’</span> <span class='ocrx_word' id='word_1_224' title='bbox 3216 1693 3404 1746; x_wconf 78' lang='grc' dir='ltr'>οὐσίαν</span> <span class='ocrx_word' id='word_1_225' title='bbox 3441 1693 3467 1740; x_wconf 91' lang='grc' dir='ltr'><strong>ό</strong></span> 
     </span>
    </p>
   </div>
   <div class='ocr_carea' id='block_1_28' title="bbox 195 1794 1032 1864">
    <p class='ocr_par' dir='ltr' id='par_1_28' title="bbox 195 1794 1032 1864">
     <span class='ocr_line' id='line_1_28' title="bbox 195 1794 1032 1864; baseline -0.005 -15"><span class='ocrx_word' id='word_1_226' title='bbox 195 1795 564 1864; x_wconf 77' lang='grc' dir='ltr'><strong>προκείμενος</strong></span> <span class='ocrx_word' id='word_1_227' title='bbox 595 1794 823 1862; x_wconf 64' lang='grc' dir='ltr'>ἐνέφηνε</span> <span class='ocrx_word' id='word_1_228' title='bbox 854 1795 1032 1860; x_wconf 81' lang='grc' dir='ltr'>λόγος.</span> 
     </span>
    </p>
   </div>
   <div class='ocr_carea' id='block_1_29' title="bbox 203 1885 1782 1964">
    <p class='ocr_par' dir='ltr' id='par_1_29' title="bbox 203 1888 1782 1964">
     <span class='ocr_line' id='line_1_29' title="bbox 203 1888 1782 1964; baseline -0.004 -16"><span class='ocrx_word' id='word_1_229' title='bbox 203 1895 318 1948; x_wconf 86' lang='grc' dir='ltr'><strong>Τοῦ</strong></span> <span class='ocrx_word' id='word_1_230' title='bbox 344 1894 539 1948; x_wconf 83' lang='grc' dir='ltr'>αὐτοῦ</span> <span class='ocrx_word' id='word_1_231' title='bbox 573 1894 641 1947; x_wconf 81' lang='grc' dir='ltr'>ὲκ</span> <span class='ocrx_word' id='word_1_232' title='bbox 679 1894 788 1947; x_wconf 78' lang='grc' dir='ltr'>τοῦ</span> <span class='ocrx_word' id='word_1_233' title='bbox 821 1896 882 1959; x_wconf 79' lang='grc' dir='ltr'><strong>,β’</strong></span> <span class='ocrx_word' id='word_1_234' title='bbox 927 1898 1116 1964; x_wconf 59' lang='grc' dir='ltr'>,λόγου</span> <span class='ocrx_word' id='word_1_235' title='bbox 1152 1895 1272 1949; x_wconf 80' lang='grc' dir='ltr'><strong>τῶν</strong></span> <span class='ocrx_word' id='word_1_236' title='bbox 1307 1888 1782 1960; x_wconf 76' lang='grc' dir='ltr'>Ἀντιρῤητικῶν.</span> 
     </span>
    </p>
   </div>
   <div class='ocr_carea' id='block_1_30' title="bbox 1890 1885 3391 1964">
    <p class='ocr_par' dir='ltr' id='par_1_30' title="bbox 1984 1885 3391 1957">
     <span class='ocr_line' id='line_1_30' title="bbox 1984 1885 3391 1957; baseline -0.004 -15"><span class='ocrx_word' id='word_1_237' title='bbox 1984 1887 2238 1957; x_wconf 73' lang='lat' dir='ltr'><strong>Ejusdem</strong></span> <span class='ocrx_word' id='word_1_238' title='bbox 2267 1905 2331 1943; x_wconf 73' lang='lat' dir='ltr'><strong>ex</strong></span> <span class='ocrx_word' id='word_1_239' title='bbox 2352 1890 2577 1943; x_wconf 81' lang='lat' dir='ltr'><strong>secundo</strong></span> <span class='ocrx_word' id='word_1_240' title='bbox 2602 1889 2735 1943; x_wconf 85' lang='lat' dir='ltr'><strong>libro</strong></span> <span class='ocrx_word' id='word_1_241' title='bbox 2766 1890 3013 1943; x_wconf 81' lang='lat' dir='ltr'><strong>adversus</strong></span> <span class='ocrx_word' id='word_1_242' title='bbox 3045 1885 3391 1940; x_wconf 82' lang='lat' dir='ltr'><strong>Eunomium.</strong></span> 
     </span>
    </p>
   </div>
   <div class='ocr_carea' id='block_1_31' title="bbox 283 1983 1785 2057">
    <p class='ocr_par' dir='ltr' id='par_1_31' title="bbox 283 1983 1785 2057">
     <span class='ocr_line' id='line_1_31' title="bbox 283 1983 1785 2057; baseline -0.003 -19"><span class='ocrx_word' id='word_1_243' title='bbox 283 1988 409 2038; x_wconf 81' lang='grc' dir='ltr'><strong>Ἐπὶ</strong></span> <span class='ocrx_word' id='word_1_244' title='bbox 439 1987 538 2055; x_wconf 85' lang='grc' dir='ltr'><strong>μὲν</strong></span> <span class='ocrx_word' id='word_1_245' title='bbox 568 1987 665 2054; x_wconf 84' lang='grc' dir='ltr'><strong>τῆς</strong></span> <span class='ocrx_word' id='word_1_246' title='bbox 681 1987 912 2050; x_wconf 80' lang='grc' dir='ltr'>κτίσεως</span> <span class='ocrx_word' id='word_1_247' title='bbox 950 1989 1184 2057; x_wconf 74' lang='grc' dir='ltr'>εὕρομεν</span> <span class='ocrx_word' id='word_1_248' title='bbox 1211 1988 1321 2040; x_wconf 74' lang='grc' dir='ltr'><strong>ἀπὸ</strong></span> <span class='ocrx_word' id='word_1_249' title='bbox 1348 1987 1443 2038; x_wconf 75' lang='grc' dir='ltr'><strong>τοῦ</strong></span> <span class='ocrx_word' id='word_1_250' title='bbox 1492 1983 1785 2047; x_wconf 76' lang='grc' dir='ltr'>Ἐποίησε</span> 
     </span>
    </p>
   </div>
   <div class='ocr_carea' id='block_1_32' title="bbox 197 2077 1778 2150">
    <p class='ocr_par' dir='ltr' id='par_1_32' title="bbox 197 2077 1778 2150">
     <span class='ocr_line' id='line_1_32' title="bbox 197 2077 1778 2150; baseline -0.001 -20"><span class='ocrx_word' id='word_1_251' title='bbox 197 2080 303 2149; x_wconf 78' lang='grc' dir='ltr'>τὴν</span> <span class='ocrx_word' id='word_1_252' title='bbox 339 2080 437 2132; x_wconf 84' lang='grc' dir='ltr'>τοῦ</span> <span class='ocrx_word' id='word_1_253' title='bbox 491 2080 800 2149; x_wconf 80' lang='grc' dir='ltr'>ποιήματος</span> <span class='ocrx_word' id='word_1_254' title='bbox 857 2081 1237 2150; x_wconf 69' lang='grc' dir='ltr'>προσηγορίαν</span> <span class='ocrx_word' id='word_1_255' title='bbox 1285 2077 1733 2149; x_wconf 74' lang='grc' dir='ltr'>καταληφθεῖσαν</span> <span class='ocrx_word' id='word_1_256' title='bbox 1764 2089 1778 2105; x_wconf 83' lang='grc'><strong><em>⁸</em></strong></span> 
     </span>
    </p>
   </div>
   <div class='ocr_carea' id='block_1_33' title="bbox 196 2168 1782 2238">
    <p class='ocr_par' dir='ltr' id='par_1_33' title="bbox 196 2168 1782 2238">
     <span class='ocr_line' id='line_1_33' title="bbox 196 2168 1782 2238; baseline 0.007 -18"><span class='ocrx_word' id='word_1_257' title='bbox 196 2173 290 2220; x_wconf 75' lang='grc' dir='ltr'>ἐπὶ</span> <span class='ocrx_word' id='word_1_258' title='bbox 327 2171 385 2222; x_wconf 72' lang='grc' dir='ltr'><strong>δὲ</strong></span> <span class='ocrx_word' id='word_1_259' title='bbox 421 2169 518 2221; x_wconf 84' lang='grc' dir='ltr'><strong>τοῦ</strong></span> <span class='ocrx_word' id='word_1_260' title='bbox 553 2169 684 2222; x_wconf 83' lang='grc' dir='ltr'><strong>Υἱοῦ</strong></span> <span class='ocrx_word' id='word_1_261' title='bbox 730 2168 824 2222; x_wconf 81' lang='grc' dir='ltr'>τοῦ</span> <span class='ocrx_word' id='word_1_262' title='bbox 852 2169 987 2221; x_wconf 73' lang='grc' dir='ltr'>Θεοῦ</span> <span class='ocrx_word' id='word_1_263' title='bbox 1021 2171 1120 2222; x_wconf 76' lang='grc' dir='ltr'><strong>οὐκ</strong></span> <span class='ocrx_word' id='word_1_264' title='bbox 1164 2170 1245 2223; x_wconf 77' lang='grc' dir='ltr'><strong>ἔτι</strong></span> <span class='ocrx_word' id='word_1_265' title='bbox 1272 2187 1286 2202; x_wconf 74' lang='grc' dir='ltr'><strong>ο</strong></span> <span class='ocrx_word' id='word_1_266' title='bbox 1329 2171 1424 2221; x_wconf 79' lang='grc' dir='ltr'><strong>Ἐν</strong></span> <span class='ocrx_word' id='word_1_267' title='bbox 1463 2168 1621 2238; x_wconf 75' lang='grc' dir='ltr'>ἀρχῇ</span> <span class='ocrx_word' id='word_1_268' title='bbox 1654 2169 1782 2236; x_wconf 77' lang='grc' dir='ltr'>γὰρ,</span> 
     </span>
    </p>
   </div>
   <div class='ocr_carea' id='block_1_34' title="bbox 197 2259 1786 2331">
    <p class='ocr_par' dir='ltr' id='par_1_34' title="bbox 197 2259 1786 2331">
     <span class='ocr_line' id='line_1_34' title="bbox 197 2259 1786 2331; baseline 0 -18"><span class='ocrx_word' id='word_1_269' title='bbox 197 2263 392 2329; x_wconf 58' lang='grc' dir='ltr'>φησιν,</span> <span class='ocrx_word' id='word_1_270' title='bbox 438 2261 730 2328; x_wconf 81' lang='grc' dir='ltr'>ἐποίησεν</span> <span class='ocrx_word' id='word_1_271' title='bbox 769 2265 800 2316; x_wconf 86' lang='grc' dir='ltr'><em>ὀ</em></span> <span class='ocrx_word' id='word_1_272' title='bbox 855 2265 999 2328; x_wconf 73' lang='grc' dir='ltr'>Θεὸς</span> <span class='ocrx_word' id='word_1_273' title='bbox 1053 2265 1162 2315; x_wconf 73' lang='grc' dir='ltr'>τίν</span> <span class='ocrx_word' id='word_1_274' title='bbox 1201 2262 1464 2331; x_wconf 77' lang='grc' dir='ltr'>οὐρανὸν</span> <span class='ocrx_word' id='word_1_275' title='bbox 1517 2262 1616 2314; x_wconf 80' lang='grc' dir='ltr'><strong>καί</strong></span> <span class='ocrx_word' id='word_1_276' title='bbox 1670 2259 1786 2328; x_wconf 75' lang='grc' dir='ltr'><strong>τὴν</strong></span> 
     </span>
    </p>
   </div>
   <div class='ocr_carea' id='block_1_35' title="bbox 199 2354 1784 2430">
    <p class='ocr_par' dir='ltr' id='par_1_35' title="bbox 199 2354 1784 2430">
     <span class='ocr_line' id='line_1_35' title="bbox 199 2354 1784 2430; baseline 0.001 -24"><span class='ocrx_word' id='word_1_277' title='bbox 199 2354 319 2422; x_wconf 68' lang='grc' dir='ltr'><strong>γῆν</strong></span> <span class='ocrx_word' id='word_1_278' title='bbox 341 2368 354 2383; x_wconf 79' lang='grc'><strong><em>⁸</em></strong></span> <span class='ocrx_word' id='word_1_279' title='bbox 397 2356 492 2406; x_wconf 76' lang='grc' dir='ltr'><strong>καὶ</strong></span> <span class='ocrx_word' id='word_1_280' title='bbox 524 2355 688 2407; x_wconf 82' lang='grc' dir='ltr'>πάλιν</span> <span class='ocrx_word' id='word_1_281' title='bbox 723 2371 736 2385; x_wconf 75' lang='grc'><strong><em>⁸</em></strong></span> <span class='ocrx_word' id='word_1_282' title='bbox 786 2356 888 2410; x_wconf 83' lang='grc' dir='ltr'>Ἐν</span> <span class='ocrx_word' id='word_1_283' title='bbox 946 2359 1236 2426; x_wconf 70' lang='grc' dir='ltr'>ποιήμασι</span> <span class='ocrx_word' id='word_1_284' title='bbox 1268 2357 1384 2430; x_wconf 79' lang='grc' dir='ltr'><strong>τῷν</strong></span> <span class='ocrx_word' id='word_1_285' title='bbox 1419 2355 1634 2424; x_wconf 80' lang='grc' dir='ltr'>χειρῶν</span> <span class='ocrx_word' id='word_1_286' title='bbox 1665 2370 1784 2408; x_wconf 87' lang='grc' dir='ltr'>σου</span> 
     </span>
    </p>
   </div>
   <div class='ocr_carea' id='block_1_36' title="bbox 197 2446 1786 2517">
    <p class='ocr_par' dir='ltr' id='par_1_36' title="bbox 197 2446 1786 2517">
     <span class='ocr_line' id='line_1_36' title="bbox 197 2446 1786 2517; baseline 0.002 -20"><span class='ocrx_word' id='word_1_287' title='bbox 197 2446 543 2512; x_wconf 65' lang='grc' dir='ltr'>,ἑμειιέτωνο</span> <span class='ocrx_word' id='word_1_288' title='bbox 582 2449 678 2498; x_wconf 82' lang='grc' dir='ltr'><strong>καὶ</strong></span> <span class='ocrx_word' id='word_1_289' title='bbox 711 2448 873 2500; x_wconf 82' lang='grc' dir='ltr'>πάλιν</span> <span class='ocrx_word' id='word_1_290' title='bbox 899 2462 912 2474; x_wconf 87' lang='grc'><strong>·</strong></span> <span class='ocrx_word' id='word_1_291' title='bbox 957 2447 1031 2500; x_wconf 81' lang='grc' dir='ltr'><strong>Ίὰ</strong></span> <span class='ocrx_word' id='word_1_292' title='bbox 1061 2449 1170 2515; x_wconf 80' lang='grc' dir='ltr'>γὰρ</span> <span class='ocrx_word' id='word_1_293' title='bbox 1198 2449 1424 2517; x_wconf 80' lang='grc' dir='ltr'>ἀόρατα</span> <span class='ocrx_word' id='word_1_294' title='bbox 1453 2447 1639 2501; x_wconf 81' lang='grc' dir='ltr'>αὐτοῦ</span> <span class='ocrx_word' id='word_1_295' title='bbox 1666 2448 1786 2501; x_wconf 79' lang='grc' dir='ltr'><strong>ἀπὸ</strong></span> 
     </span>
    </p>
   </div>
   <div class='ocr_carea' id='block_1_37' title="bbox 198 2537 1786 2608">
    <p class='ocr_par' dir='ltr' id='par_1_37' title="bbox 198 2537 1786 2608">
     <span class='ocr_line' id='line_1_37' title="bbox 198 2537 1786 2608; baseline 0.003 -20"><span class='ocrx_word' id='word_1_296' title='bbox 198 2541 463 2601; x_wconf 73' lang='grc' dir='ltr'>κτίσεως</span> <span class='ocrx_word' id='word_1_297' title='bbox 492 2538 728 2606; x_wconf 79' lang='grc' dir='ltr'><strong>κόσμου</strong></span> <span class='ocrx_word' id='word_1_298' title='bbox 773 2537 901 2603; x_wconf 84' lang='grc' dir='ltr'>τοῖς</span> <span class='ocrx_word' id='word_1_299' title='bbox 945 2537 1240 2606; x_wconf 74' lang='grc' dir='ltr'>ποιήμασι</span> <span class='ocrx_word' id='word_1_300' title='bbox 1289 2539 1592 2608; x_wconf 80' lang='grc' dir='ltr'>νοούμενα</span> <span class='ocrx_word' id='word_1_301' title='bbox 1641 2543 1786 2593; x_wconf 82' lang='grc' dir='ltr'>καθ·</span> 
     </span>
    </p>
   </div>
   <div class='ocr_carea' id='block_1_38' title="bbox 199 2628 1785 2708">
    <p class='ocr_par' dir='ltr' id='par_1_38' title="bbox 199 2628 1785 2708">
     <span class='ocr_line' id='line_1_38' title="bbox 199 2628 1785 2708; baseline 0.002 -22"><span class='ocrx_word' id='word_1_302' title='bbox 199 2634 439 2700; x_wconf 75' lang='grc' dir='ltr'>ρρᾶται.</span> <span class='ocrx_word' id='word_1_303' title='bbox 500 2635 688 2698; x_wconf 75' lang='grc' dir='ltr'>Οὕτως</span> <span class='ocrx_word' id='word_1_304' title='bbox 756 2636 844 2705; x_wconf 69' lang='grc' dir='ltr'><strong>ἐφ’</strong></span> <span class='ocrx_word' id='word_1_305' title='bbox 893 2628 969 2690; x_wconf 82' lang='grc' dir='ltr'>ὧν</span> <span class='ocrx_word' id='word_1_306' title='bbox 1035 2640 1154 2690; x_wconf 81' lang='grc' dir='ltr'>ἐστι</span> <span class='ocrx_word' id='word_1_307' title='bbox 1186 2638 1460 2708; x_wconf 84' lang='grc' dir='ltr'>χρήσιμον</span> <span class='ocrx_word' id='word_1_308' title='bbox 1509 2639 1570 2690; x_wconf 81' lang='grc' dir='ltr'><strong>τὸ</strong></span> <span class='ocrx_word' id='word_1_309' title='bbox 1612 2637 1785 2707; x_wconf 73' lang='grc' dir='ltr'>ὄνομα</span> 
     </span>
    </p>
   </div>
   <div class='ocr_carea' id='block_1_39' title="bbox 197 2728 1784 2800">
    <p class='ocr_par' dir='ltr' id='par_1_39' title="bbox 197 2728 1784 2800">
     <span class='ocr_line' id='line_1_39' title="bbox 197 2728 1784 2800; baseline 0.001 -22"><span class='ocrx_word' id='word_1_310' title='bbox 197 2728 716 2797; x_wconf 77' lang='grc' dir='ltr'>παραλαμῦἀνουσα</span> <span class='ocrx_word' id='word_1_311' title='bbox 745 2731 778 2798; x_wconf 80' lang='grc' dir='ltr'>ὴ</span> <span class='ocrx_word' id='word_1_312' title='bbox 812 2729 1026 2799; x_wconf 77' lang='grc' dir='ltr'>Γραφὴ,</span> <span class='ocrx_word' id='word_1_313' title='bbox 1057 2732 1150 2782; x_wconf 71' lang='grc' dir='ltr'><strong>ἐπὶ</strong></span> <span class='ocrx_word' id='word_1_314' title='bbox 1177 2730 1272 2782; x_wconf 81' lang='grc' dir='ltr'>τοῦ</span> <span class='ocrx_word' id='word_1_315' title='bbox 1308 2731 1514 2800; x_wconf 92' lang='grc' dir='ltr'>Κυρίου</span> <span class='ocrx_word' id='word_1_316' title='bbox 1543 2729 1637 2781; x_wconf 73' lang='grc' dir='ltr'><strong>καὶ</strong></span> <span class='ocrx_word' id='word_1_317' title='bbox 1671 2730 1784 2781; x_wconf 89' lang='grc' dir='ltr'><strong>Σω-</strong></span> 
     </span>
    </p>
   </div>
   <div class='ocr_carea' id='block_1_40' title="bbox 195 2820 1785 2893">
    <p class='ocr_par' dir='ltr' id='par_1_40' title="bbox 195 2820 1785 2893">
     <span class='ocr_line' id='line_1_40' title="bbox 195 2820 1785 2893; baseline 0.001 -21"><span class='ocrx_word' id='word_1_318' title='bbox 195 2823 366 2888; x_wconf 73' lang='grc' dir='ltr'>τῆρος</span> <span class='ocrx_word' id='word_1_319' title='bbox 399 2820 558 2890; x_wconf 82' lang='grc' dir='ltr'>ἡμῶν</span> <span class='ocrx_word' id='word_1_320' title='bbox 593 2820 769 2890; x_wconf 83' lang='grc' dir='ltr'><strong>Ἰησοῦ</strong></span> <span class='ocrx_word' id='word_1_321' title='bbox 793 2821 1033 2891; x_wconf 78' lang='grc' dir='ltr'>Χριστοῦ</span> <span class='ocrx_word' id='word_1_322' title='bbox 1070 2822 1144 2884; x_wconf 86' lang='grc' dir='ltr'>ὡς</span> <span class='ocrx_word' id='word_1_323' title='bbox 1173 2825 1383 2890; x_wconf 79' lang='grc' dir='ltr'>πρέπον</span> <span class='ocrx_word' id='word_1_324' title='bbox 1405 2821 1479 2893; x_wconf 78' lang='grc' dir='ltr'>τῷ</span> <span class='ocrx_word' id='word_1_325' title='bbox 1513 2822 1785 2892; x_wconf 84' lang='grc' dir='ltr'>μεγαλείῳ</span> 
     </span>
    </p>
   </div>
   <div class='ocr_carea' id='block_1_41' title="bbox 192 2913 1786 2984">
    <p class='ocr_par' dir='ltr' id='par_1_41' title="bbox 192 2913 1786 2984">
     <span class='ocr_line' id='line_1_41' title="bbox 192 2913 1786 2984; baseline 0 -20"><span class='ocrx_word' id='word_1_326' title='bbox 192 2914 296 2980; x_wconf 75' lang='grc' dir='ltr'>τῆς</span> <span class='ocrx_word' id='word_1_327' title='bbox 334 2913 503 2982; x_wconf 80' lang='grc' dir='ltr'>δόξης</span> <span class='ocrx_word' id='word_1_328' title='bbox 533 2913 954 2982; x_wconf 77' lang='grc' dir='ltr'>παρεσιώττησε.</span> <span class='ocrx_word' id='word_1_329' title='bbox 989 2915 1103 2966; x_wconf 84' lang='grc' dir='ltr'><strong>Νῦν</strong></span> <span class='ocrx_word' id='word_1_330' title='bbox 1143 2913 1199 2966; x_wconf 79' lang='grc' dir='ltr'>δὲ</span> <span class='ocrx_word' id='word_1_331' title='bbox 1246 2913 1435 2984; x_wconf 77' lang='grc' dir='ltr'>ἀξίνην</span> <span class='ocrx_word' id='word_1_332' title='bbox 1509 2915 1630 2982; x_wconf 85' lang='grc' dir='ltr'>μὲν,</span> <span class='ocrx_word' id='word_1_333' title='bbox 1691 2917 1786 2968; x_wconf 81' lang='grc' dir='ltr'><strong>καὶ</strong></span> 
     </span>
    </p>
   </div>
   <div class='ocr_carea' id='block_1_42' title="bbox 195 3005 1786 3082">
    <p class='ocr_par' dir='ltr' id='par_1_42' title="bbox 195 3005 1786 3082">
     <span class='ocr_line' id='line_1_42' title="bbox 195 3005 1786 3082; baseline 0.001 -27"><span class='ocrx_word' id='word_1_334' title='bbox 195 3008 351 3057; x_wconf 71' lang='grc' dir='ltr'>ὶίθον</span> <span class='ocrx_word' id='word_1_335' title='bbox 388 3007 816 3074; x_wconf 82' lang='grc' dir='ltr'>ἀκρογωνιαίον,</span> <span class='ocrx_word' id='word_1_336' title='bbox 868 3006 963 3058; x_wconf 76' lang='grc' dir='ltr'>καὶ</span> <span class='ocrx_word' id='word_1_337' title='bbox 1009 3005 1156 3058; x_wconf 88' lang='grc' dir='ltr'>λίθον</span> <span class='ocrx_word' id='word_1_338' title='bbox 1196 3007 1646 3074; x_wconf 81' lang='grc' dir='ltr'>προσκόμματος,</span> <span class='ocrx_word' id='word_1_339' title='bbox 1692 3007 1786 3082; x_wconf 43' lang='grc' dir='ltr'><strong>καί</strong></span> 
     </span>
    </p>
   </div>
   <div class='ocr_carea' id='block_1_43' title="bbox 195 3093 1784 3168">
    <p class='ocr_par' dir='ltr' id='par_1_43' title="bbox 195 3093 1784 3168">
     <span class='ocr_line' id='line_1_43' title="bbox 195 3093 1784 3168; baseline 0.001 -18"><span class='ocrx_word' id='word_1_340' title='bbox 195 3102 420 3165; x_wconf 75' lang='grc' dir='ltr'>πέτραν</span> <span class='ocrx_word' id='word_1_341' title='bbox 476 3098 801 3159; x_wconf 79' lang='grc' dir='ltr'>σκανδάλου,</span> <span class='ocrx_word' id='word_1_342' title='bbox 852 3098 946 3150; x_wconf 69' lang='grc' dir='ltr'><strong>καὶ</strong></span> <span class='ocrx_word' id='word_1_343' title='bbox 989 3098 1218 3151; x_wconf 81' lang='grc' dir='ltr'>τοιαῦτα</span> <span class='ocrx_word' id='word_1_344' title='bbox 1276 3099 1460 3168; x_wconf 76' lang='grc' dir='ltr'>ἕτερα,</span> <span class='ocrx_word' id='word_1_345' title='bbox 1499 3100 1559 3150; x_wconf 83' lang='grc' dir='ltr'>ὲν</span> <span class='ocrx_word' id='word_1_346' title='bbox 1593 3093 1674 3161; x_wconf 80' lang='grc' dir='ltr'>οἷς</span> <span class='ocrx_word' id='word_1_347' title='bbox 1722 3099 1784 3152; x_wconf 83' lang='grc' dir='ltr'><strong>οὑ</strong></span> 
     </span>
    </p>
   </div>
   <div class='ocr_carea' id='block_1_44' title="bbox 193 3186 1785 3262">
    <p class='ocr_par' dir='ltr' id='par_1_44' title="bbox 193 3186 1785 3262">
     <span class='ocr_line' id='line_1_44' title="bbox 193 3186 1785 3262; baseline 0.002 -20"><span class='ocrx_word' id='word_1_348' title='bbox 193 3211 232 3242; x_wconf 73' lang='grc' dir='ltr'><strong>π</strong></span> <span class='ocrx_word' id='word_1_349' title='bbox 251 3193 339 3244; x_wconf 50' lang='lat' dir='ltr'><strong>[ab</strong></span> <span class='ocrx_word' id='word_1_350' title='bbox 375 3191 608 3243; x_wconf 82' lang='grc' dir='ltr'>δοκεῖτὸ</span> <span class='ocrx_word' id='word_1_351' title='bbox 630 3189 878 3260; x_wconf 72' lang='grc' dir='ltr'>εὔφημον</span> <span class='ocrx_word' id='word_1_352' title='bbox 911 3186 1052 3244; x_wconf 75' lang='grc' dir='ltr'>εἶναι</span> <span class='ocrx_word' id='word_1_353' title='bbox 1081 3194 1192 3253; x_wconf 67' lang='grc' dir='ltr'>τοῖς</span> <span class='ocrx_word' id='word_1_354' title='bbox 1219 3192 1296 3262; x_wconf 82' lang='grc' dir='ltr'><strong>μὴ</strong></span> <span class='ocrx_word' id='word_1_355' title='bbox 1330 3192 1785 3262; x_wconf 81' lang='grc' dir='ltr'>καθικνουμένοις</span> 
     </span>
    </p>
   </div>
   <div class='ocr_carea' id='block_1_45' title="bbox 195 3282 1784 3354">
    <p class='ocr_par' dir='ltr' id='par_1_45' title="bbox 195 3282 1784 3354">
     <span class='ocr_line' id='line_1_45' title="bbox 195 3282 1784 3354; baseline -0.004 -11"><span class='ocrx_word' id='word_1_356' title='bbox 195 3285 294 3348; x_wconf 55' lang='grc' dir='ltr'><strong>τῆς</strong></span> <span class='ocrx_word' id='word_1_357' title='bbox 335 3282 617 3350; x_wconf 76' lang='grc' dir='ltr'>σημασίας</span> <span class='ocrx_word' id='word_1_358' title='bbox 652 3283 758 3334; x_wconf 81' lang='grc' dir='ltr'>τῶν</span> <span class='ocrx_word' id='word_1_359' title='bbox 795 3283 1101 3351; x_wconf 78' lang='grc' dir='ltr'>ὀνομάτων,</span> <span class='ocrx_word' id='word_1_360' title='bbox 1133 3285 1223 3336; x_wconf 86' lang='grc' dir='ltr'><strong>τὸν</strong></span> <span class='ocrx_word' id='word_1_361' title='bbox 1257 3284 1461 3354; x_wconf 78' lang='grc' dir='ltr'>Κύριον</span> <span class='ocrx_word' id='word_1_362' title='bbox 1495 3286 1594 3354; x_wconf 78' lang='grc' dir='ltr'>τῆς</span> <span class='ocrx_word' id='word_1_363' title='bbox 1624 3285 1784 3354; x_wconf 79' lang='grc' dir='ltr'>δόξης</span> 
     </span>
    </p>
   </div>
   <div class='ocr_carea' id='block_1_46' title="bbox 199 3375 1786 3448">
    <p class='ocr_par' dir='ltr' id='par_1_46' title="bbox 199 3375 1786 3448">
     <span class='ocr_line' id='line_1_46' title="bbox 199 3375 1786 3448; baseline 0.006 -23"><span class='ocrx_word' id='word_1_364' title='bbox 199 3375 648 3444; x_wconf 70' lang='grc' dir='ltr'>προσαγορεύειν</span> <span class='ocrx_word' id='word_1_365' title='bbox 696 3377 798 3429; x_wconf 80' lang='grc' dir='ltr'><strong>οὐκ</strong></span> <span class='ocrx_word' id='word_1_366' title='bbox 830 3376 1242 3444; x_wconf 72' lang='grc' dir='ltr'>ἐπαισχύνεται,</span> <span class='ocrx_word' id='word_1_367' title='bbox 1281 3377 1499 3448; x_wconf 82' lang='grc' dir='ltr'>ποίημα</span> <span class='ocrx_word' id='word_1_368' title='bbox 1541 3377 1598 3432; x_wconf 81' lang='grc' dir='ltr'>δὲ</span> <span class='ocrx_word' id='word_1_369' title='bbox 1624 3379 1786 3434; x_wconf 74' lang='grc' dir='ltr'>οὐδα-</span> 
     </span>
    </p>
   </div>
   <div class='ocr_carea' id='block_1_47' title="bbox 205 3466 1784 3544">
    <p class='ocr_par' dir='ltr' id='par_1_47' title="bbox 205 3466 1784 3544">
     <span class='ocr_line' id='line_1_47' title="bbox 205 3466 1784 3544; baseline 0.003 -25"><span class='ocrx_word' id='word_1_370' title='bbox 205 3469 314 3536; x_wconf 79' lang='grc' dir='ltr'>μοῦ</span> <span class='ocrx_word' id='word_1_371' title='bbox 378 3470 444 3520; x_wconf 79' lang='grc' dir='ltr'>τὸ</span> <span class='ocrx_word' id='word_1_372' title='bbox 493 3469 758 3538; x_wconf 83' lang='grc' dir='ltr'>παράπαν</span> <span class='ocrx_word' id='word_1_373' title='bbox 800 3469 1076 3539; x_wconf 81' lang='grc' dir='ltr'>ὠνόμασε.</span> <span class='ocrx_word' id='word_1_374' title='bbox 1121 3471 1314 3524; x_wconf 85' lang='grc' dir='ltr'>Καίτοι</span> <span class='ocrx_word' id='word_1_375' title='bbox 1348 3487 1412 3539; x_wconf 92' lang='grc' dir='ltr'><strong>γε</strong></span> <span class='ocrx_word' id='word_1_376' title='bbox 1466 3466 1620 3535; x_wconf 76' lang='grc' dir='ltr'>οὗτος</span> <span class='ocrx_word' id='word_1_377' title='bbox 1655 3471 1784 3544; x_wconf 87' lang='grc' dir='ltr'>παρ’</span> 
     </span>
    </p>
   </div>
   <div class='ocr_carea' id='block_1_48' title="bbox 195 3561 1783 3635">
    <p class='ocr_par' dir='ltr' id='par_1_48' title="bbox 195 3561 1783 3635">
     <span class='ocr_line' id='line_1_48' title="bbox 195 3561 1783 3635; baseline 0.003 -23"><span class='ocrx_word' id='word_1_378' title='bbox 195 3561 395 3623; x_wconf 67' lang='grc' dir='ltr'>αὐτῶν</span> <span class='ocrx_word' id='word_1_379' title='bbox 429 3561 710 3631; x_wconf 80' lang='grc' dir='ltr'>εἰληφέναι</span> <span class='ocrx_word' id='word_1_380' title='bbox 738 3561 847 3616; x_wconf 82' lang='grc' dir='ltr'><strong>τῶν</strong></span> <span class='ocrx_word' id='word_1_381' title='bbox 893 3562 1065 3629; x_wconf 80' lang='grc' dir='ltr'>ἁγίων</span> <span class='ocrx_word' id='word_1_382' title='bbox 1110 3565 1171 3616; x_wconf 75' lang='grc' dir='ltr'>τὸ</span> <span class='ocrx_word' id='word_1_383' title='bbox 1205 3565 1374 3632; x_wconf 70' lang='grc' dir='ltr'>ὄνομα</span> <span class='ocrx_word' id='word_1_384' title='bbox 1402 3565 1561 3618; x_wconf 83' lang='grc' dir='ltr'>τοῦτό</span> <span class='ocrx_word' id='word_1_385' title='bbox 1594 3583 1783 3635; x_wconf 83' lang='grc' dir='ltr'>φησιν,</span> 
     </span>
    </p>
   </div>
   <div class='ocr_carea' id='block_1_49' title="bbox 198 3654 1786 3724">
    <p class='ocr_par' dir='ltr' id='par_1_49' title="bbox 198 3654 1786 3724">
     <span class='ocr_line' id='line_1_49' title="bbox 198 3654 1786 3724; baseline 0.006 -22"><span class='ocrx_word' id='word_1_386' title='bbox 198 3654 289 3703; x_wconf 75' lang='grc' dir='ltr'>ἱνα</span> <span class='ocrx_word' id='word_1_387' title='bbox 327 3655 451 3714; x_wconf 85' lang='grc' dir='ltr'>ταῖς</span> <span class='ocrx_word' id='word_1_388' title='bbox 501 3655 897 3722; x_wconf 82' lang='grc' dir='ltr'>συκοφαντίαις</span> <span class='ocrx_word' id='word_1_389' title='bbox 950 3654 1024 3724; x_wconf 77' lang='grc' dir='ltr'>μὴ</span> <span class='ocrx_word' id='word_1_390' title='bbox 1085 3655 1245 3724; x_wconf 84' lang='grc' dir='ltr'>μόνον</span> <span class='ocrx_word' id='word_1_391' title='bbox 1291 3657 1418 3719; x_wconf 77' lang='grc' dir='ltr'>τοὺς</span> <span class='ocrx_word' id='word_1_392' title='bbox 1468 3659 1590 3709; x_wconf 83' lang='grc' dir='ltr'>κατ’</span> <span class='ocrx_word' id='word_1_393' title='bbox 1621 3659 1786 3712; x_wconf 78' lang='grc' dir='ltr'>αὐτὸν</span> 
     </span>
    </p>
   </div>
   <div class='ocr_carea' id='block_1_50' title="bbox 198 3745 1785 3819">
    <p class='ocr_par' dir='ltr' id='par_1_50' title="bbox 198 3745 1785 3819">
     <span class='ocr_line' id='line_1_50' title="bbox 198 3745 1785 3819; baseline 0.004 -24"><span class='ocrx_word' id='word_1_394' title='bbox 198 3745 544 3815; x_wconf 74' lang='grc' dir='ltr'>περιδαλλῃ,</span> <span class='ocrx_word' id='word_1_395' title='bbox 601 3746 739 3798; x_wconf 79' lang='grc' dir='ltr'>ἀλλὰ</span> <span class='ocrx_word' id='word_1_396' title='bbox 774 3749 1024 3808; x_wconf 70' lang='grc' dir='ltr'>καὶτοὺς</span> <span class='ocrx_word' id='word_1_397' title='bbox 1069 3749 1239 3800; x_wconf 75' lang='grc' dir='ltr'>παλαι</span> <span class='ocrx_word' id='word_1_398' title='bbox 1275 3750 1404 3801; x_wconf 84' lang='grc' dir='ltr'>ποτὲ</span> <span class='ocrx_word' id='word_1_399' title='bbox 1456 3749 1785 3819; x_wconf 82' lang='grc' dir='ltr'>γενομένους</span> 
     </span>
    </p>
   </div>
   <div class='ocr_carea' id='block_1_51' title="bbox 205 3831 1784 3908">
    <p class='ocr_par' dir='ltr' id='par_1_51' title="bbox 205 3831 1784 3908">
     <span class='ocr_line' id='line_1_51' title="bbox 205 3831 1784 3908; baseline 0.004 -21"><span class='ocrx_word' id='word_1_400' title='bbox 205 3835 432 3901; x_wconf 79' lang='grc' dir='ltr'>ἁγίους.</span> <span class='ocrx_word' id='word_1_401' title='bbox 468 3837 630 3888; x_wconf 76' lang='grc' dir='ltr'>Ἀνευ</span> <span class='ocrx_word' id='word_1_402' title='bbox 659 3837 713 3889; x_wconf 80' lang='grc' dir='ltr'>δὲ</span> <span class='ocrx_word' id='word_1_403' title='bbox 740 3834 832 3889; x_wconf 76' lang='grc' dir='ltr'><strong>τοῦ</strong></span> <span class='ocrx_word' id='word_1_404' title='bbox 855 3836 930 3905; x_wconf 86' lang='grc' dir='ltr'>μὴ</span> <span class='ocrx_word' id='word_1_405' title='bbox 961 3838 1160 3908; x_wconf 81' lang='grc' dir='ltr'>χρῆναι</span> <span class='ocrx_word' id='word_1_406' title='bbox 1201 3841 1291 3892; x_wconf 79' lang='grc' dir='ltr'><strong>διὰ</strong></span> <span class='ocrx_word' id='word_1_407' title='bbox 1325 3831 1387 3892; x_wconf 71' lang='grc' dir='ltr'>’τό</span> <span class='ocrx_word' id='word_1_408' title='bbox 1435 3842 1784 3894; x_wconf 75' lang='grc' dir='ltr'>ἐπικίνδυνον</span> 
     </span>
    </p>
   </div>
   <div class='ocr_carea' id='block_1_52' title="bbox 199 3928 1787 4005">
    <p class='ocr_par' dir='ltr' id='par_1_52' title="bbox 199 3928 1787 4005">
     <span class='ocr_line' id='line_1_52' title="bbox 199 3928 1787 4005; baseline 0.007 -27"><span class='ocrx_word' id='word_1_409' title='bbox 199 3929 318 3989; x_wconf 85' lang='grc' dir='ltr'>τοῖς</span> <span class='ocrx_word' id='word_1_410' title='bbox 346 3928 610 3991; x_wconf 78' lang='grc' dir='ltr'>τοιούτοις</span> <span class='ocrx_word' id='word_1_411' title='bbox 637 3930 966 4000; x_wconf 82' lang='grc' dir='ltr'>ὲπιτολμᾷν,</span> <span class='ocrx_word' id='word_1_412' title='bbox 995 3932 1088 3984; x_wconf 68' lang='grc' dir='ltr'><strong>καὶ</strong></span> <span class='ocrx_word' id='word_1_413' title='bbox 1114 3934 1180 3986; x_wconf 75' lang='grc' dir='ltr'>τὰ</span> <span class='ocrx_word' id='word_1_414' title='bbox 1200 3932 1294 3986; x_wconf 78' lang='grc' dir='ltr'>τοῦ</span> <span class='ocrx_word' id='word_1_415' title='bbox 1323 3934 1526 4005; x_wconf 83' lang='grc' dir='ltr'>Κυρίου</span> <span class='ocrx_word' id='word_1_416' title='bbox 1547 3935 1787 4004; x_wconf 84' lang='grc' dir='ltr'>ὀνόματα</span> 
     </span>
    </p>
   </div>
   <div class='ocr_carea' id='block_1_53' title="bbox 207 4017 1787 4095">
    <p class='ocr_par' dir='ltr' id='par_1_53' title="bbox 207 4017 1787 4095">
     <span class='ocr_line' id='line_1_53' title="bbox 207 4017 1787 4095; baseline 0.008 -27"><span class='ocrx_word' id='word_1_417' title='bbox 207 4017 343 4087; x_wconf 75' lang='grc' dir='ltr'>παρ’</span> <span class='ocrx_word' id='word_1_418' title='bbox 384 4019 583 4073; x_wconf 76' lang='grc' dir='ltr'>ἑαυτοῦ</span> <span class='ocrx_word' id='word_1_419' title='bbox 625 4023 1053 4091; x_wconf 85' lang='grc' dir='ltr'>μεταπλάττειν,</span> <span class='ocrx_word' id='word_1_420' title='bbox 1126 4025 1206 4076; x_wconf 79' lang='grc' dir='ltr'>ἔτι</span> <span class='ocrx_word' id='word_1_421' title='bbox 1244 4026 1366 4079; x_wconf 75' lang='grc' dir='ltr'>οὐδὲ</span> <span class='ocrx_word' id='word_1_422' title='bbox 1398 4030 1430 4095; x_wconf 75' lang='grc' dir='ltr'><strong>η</strong></span> <span class='ocrx_word' id='word_1_423' title='bbox 1483 4027 1578 4080; x_wconf 76' lang='grc' dir='ltr'>τοῦ</span> <span class='ocrx_word' id='word_1_424' title='bbox 1624 4028 1787 4081; x_wconf 75' lang='grc' dir='ltr'>Ἀπο-</span> 
     </span>
    </p>
   </div>
   <div class='ocr_carea' id='block_1_54' title="bbox 204 4113 1786 4184">
    <p class='ocr_par' dir='ltr' id='par_1_54' title="bbox 204 4113 1786 4184">
     <span class='ocr_line' id='line_1_54' title="bbox 204 4113 1786 4184; baseline 0.004 -20"><span class='ocrx_word' id='word_1_425' title='bbox 204 4113 405 4164; x_wconf 68' lang='grc' dir='ltr'>στόλου</span> <span class='ocrx_word' id='word_1_426' title='bbox 441 4113 652 4166; x_wconf 80' lang='grc' dir='ltr'>διάνοια</span> <span class='ocrx_word' id='word_1_427' title='bbox 683 4115 784 4184; x_wconf 81' lang='grc' dir='ltr'><strong>τὴν</strong></span> <span class='ocrx_word' id='word_1_428' title='bbox 827 4116 935 4184; x_wconf 72' lang='grc' dir='ltr'><strong>πρὸ</strong></span> <span class='ocrx_word' id='word_1_429' title='bbox 964 4116 1161 4179; x_wconf 81' lang='grc' dir='ltr'>αἰῶνος</span> <span class='ocrx_word' id='word_1_430' title='bbox 1203 4117 1502 4170; x_wconf 75' lang='grc' dir='ltr'>ὑπόστασιν</span> <span class='ocrx_word' id='word_1_431' title='bbox 1540 4119 1638 4171; x_wconf 80' lang='grc' dir='ltr'><strong>τοῦ</strong></span> <span class='ocrx_word' id='word_1_432' title='bbox 1667 4122 1786 4173; x_wconf 82' lang='grc' dir='ltr'><strong>Μο-</strong></span> 
     </span>
    </p>
   </div>
   <div class='ocr_carea' id='block_1_55' title="bbox 203 4203 1782 4279">
    <p class='ocr_par' dir='ltr' id='par_1_55' title="bbox 203 4203 1782 4279">
     <span class='ocr_line' id='line_1_55' title="bbox 203 4203 1782 4279; baseline 0.007 -25"><span class='ocrx_word' id='word_1_433' title='bbox 203 4203 466 4270; x_wconf 82' lang='grc' dir='ltr'>νογενοῦς</span> <span class='ocrx_word' id='word_1_434' title='bbox 494 4207 627 4274; x_wconf 80' lang='grc' dir='ltr'>ἡμῖν</span> <span class='ocrx_word' id='word_1_435' title='bbox 667 4209 991 4277; x_wconf 79' lang='grc' dir='ltr'>παρίστησι,</span> <span class='ocrx_word' id='word_1_436' title='bbox 1027 4209 1154 4279; x_wconf 79' lang='grc' dir='ltr'>περὶ</span> <span class='ocrx_word' id='word_1_437' title='bbox 1210 4204 1276 4279; x_wconf 84' lang='grc' dir='ltr'>ἦς</span> <span class='ocrx_word' id='word_1_438' title='bbox 1309 4211 1440 4278; x_wconf 82' lang='grc' dir='ltr'>ἡμῖν</span> <span class='ocrx_word' id='word_1_439' title='bbox 1471 4211 1498 4262; x_wconf 89' lang='grc' dir='ltr'><strong>ό</strong></span> <span class='ocrx_word' id='word_1_440' title='bbox 1526 4212 1684 4278; x_wconf 80' lang='grc' dir='ltr'>λόγος</span> <span class='ocrx_word' id='word_1_441' title='bbox 1725 4215 1782 4266; x_wconf 84' lang='grc' dir='ltr'><strong>ἐν</strong></span> 
     </span>
    </p>
   </div>
   <div class='ocr_carea' id='block_1_56' title="bbox 199 4300 1782 4374">
    <p class='ocr_par' dir='ltr' id='par_1_56' title="bbox 199 4300 1782 4374">
     <span class='ocr_line' id='line_1_56' title="bbox 199 4300 1782 4374; baseline 0.007 -26"><span class='ocrx_word' id='word_1_442' title='bbox 199 4300 280 4369; x_wconf 79' lang='grc' dir='ltr'><strong>τῷ</strong></span> <span class='ocrx_word' id='word_1_443' title='bbox 322 4303 574 4370; x_wconf 87' lang='grc' dir='ltr'>παρόντι.</span> <span class='ocrx_word' id='word_1_444' title='bbox 609 4300 742 4354; x_wconf 71' lang='grc' dir='ltr'>Οὐδὲ</span> <span class='ocrx_word' id='word_1_445' title='bbox 803 4302 910 4371; x_wconf 74' lang='grc' dir='ltr'>γὰρ</span> <span class='ocrx_word' id='word_1_446' title='bbox 966 4304 1094 4371; x_wconf 72' lang='grc' dir='ltr'>περὶ</span> <span class='ocrx_word' id='word_1_447' title='bbox 1132 4303 1231 4371; x_wconf 81' lang='grc' dir='ltr'><strong>τῆς</strong></span> <span class='ocrx_word' id='word_1_448' title='bbox 1259 4304 1449 4368; x_wconf 73' lang='grc' dir='ltr'>οὐσίας</span> <span class='ocrx_word' id='word_1_449' title='bbox 1483 4307 1654 4374; x_wconf 72' lang='grc' dir='ltr'>αὐτῆς</span> <span class='ocrx_word' id='word_1_450' title='bbox 1688 4309 1782 4360; x_wconf 80' lang='grc' dir='ltr'>τοῦ</span> 
     </span>
    </p>
   </div>
   <div class='ocr_carea' id='block_1_57' title="bbox 199 4389 1786 4464">
    <p class='ocr_par' dir='ltr' id='par_1_57' title="bbox 199 4389 1786 4464">
     <span class='ocr_line' id='line_1_57' title="bbox 199 4389 1786 4464; baseline 0.008 -22"><span class='ocrx_word' id='word_1_451' title='bbox 199 4389 341 4442; x_wconf 76' lang='grc' dir='ltr'>θεοῦ</span> <span class='ocrx_word' id='word_1_452' title='bbox 384 4390 560 4458; x_wconf 89' lang='grc' dir='ltr'>Λόγου</span> <span class='ocrx_word' id='word_1_453' title='bbox 605 4391 700 4444; x_wconf 83' lang='grc' dir='ltr'>τοῦ</span> <span class='ocrx_word' id='word_1_454' title='bbox 729 4393 785 4444; x_wconf 86' lang='grc' dir='ltr'>ὲν</span> <span class='ocrx_word' id='word_1_455' title='bbox 820 4397 960 4464; x_wconf 74' lang='grc' dir='ltr'>ἀρχῇ</span> <span class='ocrx_word' id='word_1_456' title='bbox 989 4394 1143 4457; x_wconf 75' lang='grc' dir='ltr'>ὄντος</span> <span class='ocrx_word' id='word_1_457' title='bbox 1178 4397 1313 4464; x_wconf 77' lang='grc' dir='ltr'>πρὸς</span> <span class='ocrx_word' id='word_1_458' title='bbox 1340 4399 1432 4448; x_wconf 82' lang='grc' dir='ltr'><strong>τὸν</strong></span> <span class='ocrx_word' id='word_1_459' title='bbox 1462 4398 1618 4464; x_wconf 76' lang='grc' dir='ltr'>Θεὸν,</span> <span class='ocrx_word' id='word_1_460' title='bbox 1647 4400 1786 4454; x_wconf 67' lang='grc' dir='ltr'>ἀλλὰ</span> 
     </span>
    </p>
   </div>
   <div class='ocr_carea' id='block_1_58' title="bbox 200 4483 1783 4560">
    <p class='ocr_par' dir='ltr' id='par_1_58' title="bbox 200 4483 1783 4560">
     <span class='ocr_line' id='line_1_58' title="bbox 200 4483 1783 4560; baseline 0.007 -26"><span class='ocrx_word' id='word_1_461' title='bbox 200 4483 341 4551; x_wconf 79' lang='grc' dir='ltr'>περὶ</span> <span class='ocrx_word' id='word_1_462' title='bbox 364 4483 459 4535; x_wconf 80' lang='grc' dir='ltr'>τοῦ</span> <span class='ocrx_word' id='word_1_463' title='bbox 502 4483 844 4547; x_wconf 82' lang='grc' dir='ltr'>κενώσαντος</span> <span class='ocrx_word' id='word_1_464' title='bbox 874 4485 1068 4538; x_wconf 83' lang='grc' dir='ltr'>ἑαυτὸν</span> <span class='ocrx_word' id='word_1_465' title='bbox 1100 4488 1157 4538; x_wconf 81' lang='grc' dir='ltr'><strong>ἐν</strong></span> <span class='ocrx_word' id='word_1_466' title='bbox 1187 4490 1250 4556; x_wconf 82' lang='grc' dir='ltr'>τῇ</span> <span class='ocrx_word' id='word_1_467' title='bbox 1285 4488 1376 4540; x_wconf 69' lang='grc' dir='ltr'>τοό</span> <span class='ocrx_word' id='word_1_468' title='bbox 1408 4489 1600 4542; x_wconf 78' lang='grc' dir='ltr'>δούλου</span> <span class='ocrx_word' id='word_1_469' title='bbox 1644 4509 1783 4560; x_wconf 91' lang='grc' dir='ltr'>μορ-</span> 
     </span>
    </p>
   </div>
   <div class='ocr_carea' id='block_1_59' title="bbox 1965 1975 3466 2053">
    <p class='ocr_par' dir='ltr' id='par_1_59' title="bbox 1965 1975 3466 2053">
     <span class='ocr_line' id='line_1_59' title="bbox 1965 1975 3466 2053; baseline 0.001 -17"><span class='ocrx_word' id='word_1_470' title='bbox 1965 1979 2351 2052; x_wconf 84' lang='lat' dir='ltr'><strong>Comperimus</strong></span> <span class='ocrx_word' id='word_1_471' title='bbox 2429 1998 2518 2038; x_wconf 90' lang='lat' dir='ltr'><strong>res</strong></span> <span class='ocrx_word' id='word_1_472' title='bbox 2574 1990 2890 2053; x_wconf 83' lang='lat' dir='ltr'><strong>procreatas</strong></span> <span class='ocrx_word' id='word_1_473' title='bbox 2946 1996 2978 2035; x_wconf 89' lang='lat' dir='ltr'><strong>a</strong></span> <span class='ocrx_word' id='word_1_474' title='bbox 3049 1979 3217 2032; x_wconf 86' lang='lat' dir='ltr'><strong>verbo</strong></span> <span class='ocrx_word' id='word_1_475' title='bbox 3293 1975 3466 2037; x_wconf 76' lang='lat' dir='ltr'><strong>Fecit.</strong></span> 
     </span>
    </p>
   </div>
   <div class='ocr_carea' id='block_1_60' title="bbox 1889 2072 3466 2143">
    <p class='ocr_par' dir='ltr' id='par_1_60' title="bbox 1889 2072 3466 2143">
     <span class='ocr_line' id='line_1_60' title="bbox 1889 2072 3466 2143; baseline -0.001 -19"><span class='ocrx_word' id='word_1_476' title='bbox 1889 2072 2313 2142; x_wconf 80' lang='lat' dir='ltr'><strong>appellationem</strong></span> <span class='ocrx_word' id='word_1_477' title='bbox 2346 2073 2618 2143; x_wconf 88' lang='lat' dir='ltr'><strong>accipere,</strong></span> <span class='ocrx_word' id='word_1_478' title='bbox 2652 2084 2710 2128; x_wconf 93' lang='lat' dir='ltr'><strong>ut</strong></span> <span class='ocrx_word' id='word_1_479' title='bbox 2742 2074 2896 2128; x_wconf 78' lang='lat' dir='ltr'><strong>facta:</strong></span> <span class='ocrx_word' id='word_1_480' title='bbox 2936 2073 3215 2134; x_wconf 81' lang='lat' dir='ltr'><strong>dicantur,</strong></span> <span class='ocrx_word' id='word_1_481' title='bbox 3254 2082 3308 2125; x_wconf 88' lang='lat' dir='ltr'><strong>et</strong></span> <span class='ocrx_word' id='word_1_482' title='bbox 3332 2084 3466 2136; x_wconf 66' lang='lat' dir='ltr'><strong>0pc-</strong></span> 
     </span>
    </p>
   </div>
   <div class='ocr_carea' id='block_1_61' title="bbox 1890 2163 3466 2235">
    <p class='ocr_par' dir='ltr' id='par_1_61' title="bbox 1890 2163 3466 2235">
     <span class='ocr_line' id='line_1_61' title="bbox 1890 2163 3466 2235; baseline -0.003 -17"><span class='ocrx_word' id='word_1_483' title='bbox 1890 2180 1950 2218; x_wconf 88' lang='lat' dir='ltr'><strong>ra</strong></span> <span class='ocrx_word' id='word_1_484' title='bbox 1979 2174 2266 2226; x_wconf 85' lang='lat' dir='ltr'><strong>vocentur,</strong></span> <span class='ocrx_word' id='word_1_485' title='bbox 2319 2165 2370 2220; x_wconf 89' lang='lat' dir='ltr'><strong>id</strong></span> <span class='ocrx_word' id='word_1_486' title='bbox 2432 2165 2582 2235; x_wconf 91' lang='lat' dir='ltr'><strong>quod</strong></span> <span class='ocrx_word' id='word_1_487' title='bbox 2637 2182 2745 2220; x_wconf 94' lang='lat' dir='ltr'><strong>non</strong></span> <span class='ocrx_word' id='word_1_488' title='bbox 2779 2165 2921 2220; x_wconf 83' lang='lat' dir='ltr'><strong>cadit</strong></span> <span class='ocrx_word' id='word_1_489' title='bbox 2975 2165 3028 2218; x_wconf 92' lang='lat' dir='ltr'><strong>in</strong></span> <span class='ocrx_word' id='word_1_490' title='bbox 3071 2164 3264 2217; x_wconf 84' lang='lat' dir='ltr'><strong>Filium</strong></span> <span class='ocrx_word' id='word_1_491' title='bbox 3328 2163 3466 2216; x_wconf 80' lang='lat' dir='ltr'><strong>Dei:</strong></span> 
     </span>
    </p>
   </div>
   <div class='ocr_carea' id='block_1_62' title="bbox 1888 2255 3470 2328">
    <p class='ocr_par' dir='ltr' id='par_1_62' title="bbox 1888 2255 3470 2328">
     <span class='ocr_line' id='line_1_62' title="bbox 1888 2255 3470 2328; baseline -0.003 -18"><span class='ocrx_word' id='word_1_492' title='bbox 1888 2255 1952 2310; x_wconf 87' lang='lat' dir='ltr'><strong>In</strong></span> <span class='ocrx_word' id='word_1_493' title='bbox 1972 2257 2228 2322; x_wconf 80' lang='lat' dir='ltr'><strong>principio</strong></span> <span class='ocrx_word' id='word_1_494' title='bbox 2251 2257 2411 2319; x_wconf 82' lang='lat' dir='ltr'><strong>enim,</strong></span> <span class='ocrx_word' id='word_1_495' title='bbox 2457 2257 2653 2326; x_wconf 82' lang='lat' dir='ltr'><strong>inquit,</strong></span> <span class='ocrx_word' id='word_1_496' title='bbox 2690 2258 2806 2328; x_wconf 78' lang='lat' dir='ltr'><strong>fecit</strong></span> <span class='ocrx_word' id='word_1_497' title='bbox 2872 2256 3015 2309; x_wconf 81' lang='lat' dir='ltr'><strong>Deus</strong></span> <span class='ocrx_word' id='word_1_498' title='bbox 3060 2255 3244 2308; x_wconf 77' lang='lat' dir='ltr'><strong>cwlum</strong></span> <span class='ocrx_word' id='word_1_499' title='bbox 3278 2263 3325 2307; x_wconf 83' lang='lat' dir='ltr'><strong>et</strong></span> <span class='ocrx_word' id='word_1_500' title='bbox 3368 2265 3470 2306; x_wconf 80' lang='lat' dir='ltr'><strong>ter-</strong></span> 
     </span>
    </p>
   </div>
   <div class='ocr_carea' id='block_1_63' title="bbox 1889 2339 3466 2421">
    <p class='ocr_par' dir='ltr' id='par_1_63' title="bbox 1889 2339 3466 2421">
     <span class='ocr_line' id='line_1_63' title="bbox 1889 2339 3466 2421; baseline -0.001 -16"><span class='ocrx_word' id='word_1_501' title='bbox 1889 2367 2003 2405; x_wconf 86' lang='lat' dir='ltr'><strong>ram</strong></span> <span class='ocrx_word' id='word_1_502' title='bbox 2028 2353 2070 2404; x_wconf 84' lang='grc'><strong>².</strong></span> <span class='ocrx_word' id='word_1_503' title='bbox 2106 2339 2173 2405; x_wconf 82' lang='lat' dir='ltr'><strong>Et</strong></span> <span class='ocrx_word' id='word_1_504' title='bbox 2205 2351 2300 2405; x_wconf 84' lang='lat' dir='ltr'><strong>:Iu</strong></span> <span class='ocrx_word' id='word_1_505' title='bbox 2326 2354 2566 2421; x_wconf 81' lang='lat' dir='ltr'><strong>operibus</strong></span> <span class='ocrx_word' id='word_1_506' title='bbox 2595 2368 2843 2405; x_wconf 83' lang='lat' dir='ltr'><strong>manuum</strong></span> <span class='ocrx_word' id='word_1_507' title='bbox 2863 2361 3073 2404; x_wconf 82' lang='lat' dir='ltr'><strong>tuarum</strong></span> <span class='ocrx_word' id='word_1_508' title='bbox 3109 2351 3404 2403; x_wconf 79' lang='lat' dir='ltr'><strong>meditabar</strong></span> <span class='ocrx_word' id='word_1_509' title='bbox 3427 2348 3466 2403; x_wconf 84' lang='grc'><strong>³.</strong></span> 
     </span>
    </p>
   </div>
   <div class='ocr_carea' id='block_1_64' title="bbox 1891 2441 3470 2513">
    <p class='ocr_par' dir='ltr' id='par_1_64' title="bbox 1891 2441 3470 2513">
     <span class='ocr_line' id='line_1_64' title="bbox 1891 2441 3470 2513; baseline -0.004 -15"><span class='ocrx_word' id='word_1_510' title='bbox 1891 2443 1960 2498; x_wconf 87' lang='grc' dir='ltr'>Ει</span> <span class='ocrx_word' id='word_1_511' title='bbox 1996 2441 2330 2498; x_wconf 82' lang='lat' dir='ltr'><strong>:Invisibilia</strong></span> <span class='ocrx_word' id='word_1_512' title='bbox 2366 2447 2526 2513; x_wconf 83' lang='lat' dir='ltr'><strong>ipsius</strong></span> <span class='ocrx_word' id='word_1_513' title='bbox 2555 2463 2586 2498; x_wconf 90' lang='lat' dir='ltr'><strong>a</strong></span> <span class='ocrx_word' id='word_1_514' title='bbox 2616 2456 2860 2498; x_wconf 83' lang='lat' dir='ltr'><strong>creatura</strong></span> <span class='ocrx_word' id='word_1_515' title='bbox 2905 2444 3082 2496; x_wconf 85' lang='lat' dir='ltr'><strong>mundi</strong></span> <span class='ocrx_word' id='word_1_516' title='bbox 3115 2459 3206 2510; x_wconf 78' lang='lat' dir='ltr'><strong>per</strong></span> <span class='ocrx_word' id='word_1_517' title='bbox 3233 2459 3317 2504; x_wconf 90' lang='lat' dir='ltr'><strong>ea,</strong></span> <span class='ocrx_word' id='word_1_518' title='bbox 3353 2457 3470 2511; x_wconf 66' lang='lat' dir='ltr'><strong>qua:</strong></span> 
     </span>
    </p>
   </div>
   <div class='ocr_carea' id='block_1_65' title="bbox 1889 2529 3468 2608">
    <p class='ocr_par' dir='ltr' id='par_1_65' title="bbox 1889 2529 3468 2608">
     <span class='ocr_line' id='line_1_65' title="bbox 1889 2529 3468 2608; baseline -0.003 -18"><span class='ocrx_word' id='word_1_519' title='bbox 1889 2545 2032 2605; x_wconf 72' lang='lat' dir='ltr'><strong>[aeta</strong></span> <span class='ocrx_word' id='word_1_520' title='bbox 2065 2547 2184 2592; x_wconf 82' lang='lat' dir='ltr'><strong>sunt</strong></span> <span class='ocrx_word' id='word_1_521' title='bbox 2214 2537 2474 2592; x_wconf 77' lang='lat' dir='ltr'><strong>intellecta</strong></span> <span class='ocrx_word' id='word_1_522' title='bbox 2502 2529 2956 2608; x_wconf 68' lang='lat' dir='ltr'><strong>conspiéiuntur‘.</strong></span> <span class='ocrx_word' id='word_1_523' title='bbox 2991 2539 3276 2606; x_wconf 71' lang='lat' dir='ltr'><strong>Scriptura</strong></span> <span class='ocrx_word' id='word_1_524' title='bbox 3306 2535 3468 2604; x_wconf 80' lang='lat' dir='ltr'><strong>igitur</strong></span> 
     </span>
    </p>
   </div>
   <div class='ocr_carea' id='block_1_66' title="bbox 1892 2630 3458 2695">
    <p class='ocr_par' dir='ltr' id='par_1_66' title="bbox 1892 2630 3458 2695">
     <span class='ocr_line' id='line_1_66' title="bbox 1892 2630 3458 2695; baseline -0.002 -13"><span class='ocrx_word' id='word_1_525' title='bbox 1892 2630 1990 2683; x_wconf 93' lang='lat' dir='ltr'><strong>hac</strong></span> <span class='ocrx_word' id='word_1_526' title='bbox 2021 2644 2154 2684; x_wconf 83' lang='lat' dir='ltr'><strong>voce</strong></span> <span class='ocrx_word' id='word_1_527' title='bbox 2183 2640 2363 2695; x_wconf 83' lang='lat' dir='ltr'><strong>utens,</strong></span> <span class='ocrx_word' id='word_1_528' title='bbox 2400 2631 2491 2685; x_wconf 91' lang='lat' dir='ltr'><strong>ubi</strong></span> <span class='ocrx_word' id='word_1_529' title='bbox 2528 2641 2643 2685; x_wconf 89' lang='lat' dir='ltr'><strong>erat</strong></span> <span class='ocrx_word' id='word_1_530' title='bbox 2677 2631 2827 2684; x_wconf 88' lang='lat' dir='ltr'><strong>utilis</strong></span> <span class='ocrx_word' id='word_1_531' title='bbox 2857 2641 2911 2685; x_wconf 92' lang='lat' dir='ltr'><strong>et</strong></span> <span class='ocrx_word' id='word_1_532' title='bbox 2942 2630 3271 2692; x_wconf 80' lang='lat' dir='ltr'><strong>necessaria,</strong></span> <span class='ocrx_word' id='word_1_533' title='bbox 3337 2643 3458 2680; x_wconf 88' lang='lat' dir='ltr'><strong>eam</strong></span> 
     </span>
    </p>
   </div>
   <div class='ocr_carea' id='block_1_67' title="bbox 1889 2720 3467 2778">
    <p class='ocr_par' dir='ltr' id='par_1_67' title="bbox 1889 2720 3467 2778">
     <span class='ocr_line' id='line_1_67' title="bbox 1889 2720 3467 2778; baseline -0.004 -1"><span class='ocrx_word' id='word_1_534' title='bbox 1889 2723 1956 2778; x_wconf 87' lang='lat' dir='ltr'><strong>de</strong></span> <span class='ocrx_word' id='word_1_535' title='bbox 2006 2723 2234 2776; x_wconf 88' lang='lat' dir='ltr'><strong>Domino</strong></span> <span class='ocrx_word' id='word_1_536' title='bbox 2291 2733 2346 2776; x_wconf 88' lang='lat' dir='ltr'><strong>et</strong></span> <span class='ocrx_word' id='word_1_537' title='bbox 2390 2723 2678 2776; x_wconf 81' lang='lat' dir='ltr'><strong>Servatore</strong></span> <span class='ocrx_word' id='word_1_538' title='bbox 2741 2734 2928 2777; x_wconf 84' lang='lat' dir='ltr'><strong>nostro</strong></span> <span class='ocrx_word' id='word_1_539' title='bbox 2974 2722 3102 2774; x_wconf 73' lang='lat' dir='ltr'><strong>Jc.-;u</strong></span> <span class='ocrx_word' id='word_1_540' title='bbox 3137 2722 3356 2775; x_wconf 80' lang='lat' dir='ltr'><strong>Chrile</strong></span> <span class='ocrx_word' id='word_1_541' title='bbox 3388 2720 3467 2772; x_wconf 89' lang='lat' dir='ltr'><strong>lo—</strong></span> 
     </span>
    </p>
   </div>
   <div class='ocr_carea' id='block_1_68' title="bbox 1889 2812 3468 2883">
    <p class='ocr_par' dir='ltr' id='par_1_68' title="bbox 1889 2812 3468 2883">
     <span class='ocr_line' id='line_1_68' title="bbox 1889 2812 3468 2883; baseline -0.003 -17"><span class='ocrx_word' id='word_1_542' title='bbox 1889 2828 2086 2882; x_wconf 87' lang='lat' dir='ltr'><strong>quens,</strong></span> <span class='ocrx_word' id='word_1_543' title='bbox 2119 2822 2176 2868; x_wconf 88' lang='lat' dir='ltr'><strong>ut</strong></span> <span class='ocrx_word' id='word_1_544' title='bbox 2206 2812 2324 2882; x_wconf 86' lang='lat' dir='ltr'><strong>ejus</strong></span> <span class='ocrx_word' id='word_1_545' title='bbox 2348 2815 2530 2882; x_wconf 67' lang='lat' dir='ltr'><strong>gloriae</strong></span> <span class='ocrx_word' id='word_1_546' title='bbox 2553 2814 2909 2883; x_wconf 80' lang='lat' dir='ltr'><strong>magnitudini</strong></span> <span class='ocrx_word' id='word_1_547' title='bbox 2940 2815 3124 2866; x_wconf 81' lang='lat' dir='ltr'><strong>lllllltlS</strong></span> <span class='ocrx_word' id='word_1_548' title='bbox 3156 2826 3468 2880; x_wconf 72' lang='lat' dir='ltr'><strong>congruen-</strong></span> 
     </span>
    </p>
   </div>
   <div class='ocr_carea' id='block_1_69' title="bbox 1890 2907 3463 2977">
    <p class='ocr_par' dir='ltr' id='par_1_69' title="bbox 1890 2907 3463 2977">
     <span class='ocr_line' id='line_1_69' title="bbox 1890 2907 3463 2977; baseline -0.001 -17"><span class='ocrx_word' id='word_1_549' title='bbox 1890 2916 1999 2960; x_wconf 87' lang='lat' dir='ltr'><strong>tem</strong></span> <span class='ocrx_word' id='word_1_550' title='bbox 2033 2923 2311 2976; x_wconf 89' lang='lat' dir='ltr'><strong>nunquam</strong></span> <span class='ocrx_word' id='word_1_551' title='bbox 2363 2907 2761 2977; x_wconf 89' lang='lat' dir='ltr'><strong>pronuntiavit.</strong></span> <span class='ocrx_word' id='word_1_552' title='bbox 2809 2907 2944 2960; x_wconf 76' lang='lat' dir='ltr'><strong>Cum</strong></span> <span class='ocrx_word' id='word_1_553' title='bbox 2993 2916 3170 2958; x_wconf 85' lang='lat' dir='ltr'><strong>tamen</strong></span> <span class='ocrx_word' id='word_1_554' title='bbox 3220 2917 3463 2959; x_wconf 88' lang='lat' dir='ltr'><strong>etsecu-</strong></span> 
     </span>
    </p>
   </div>
   <div class='ocr_carea' id='block_1_70' title="bbox 1889 2999 3462 3069">
    <p class='ocr_par' dir='ltr' id='par_1_70' title="bbox 1889 2999 3462 3069">
     <span class='ocr_line' id='line_1_70' title="bbox 1889 2999 3462 3069; baseline 0.001 -18"><span class='ocrx_word' id='word_1_555' title='bbox 1889 2999 2013 3061; x_wconf 89' lang='lat' dir='ltr'><strong>rim,</strong></span> <span class='ocrx_word' id='word_1_556' title='bbox 2049 3009 2102 3054; x_wconf 90' lang='lat' dir='ltr'><strong>et</strong></span> <span class='ocrx_word' id='word_1_557' title='bbox 2133 2999 2371 3068; x_wconf 87' lang='lat' dir='ltr'><strong>lapidem</strong></span> <span class='ocrx_word' id='word_1_558' title='bbox 2398 3001 2734 3069; x_wconf 77' lang='lat' dir='ltr'><strong>angularem,</strong></span> <span class='ocrx_word' id='word_1_559' title='bbox 2768 3010 2821 3053; x_wconf 89' lang='lat' dir='ltr'><strong>et</strong></span> <span class='ocrx_word' id='word_1_560' title='bbox 2853 3000 3084 3069; x_wconf 79' lang='lat' dir='ltr'><strong>lapidem</strong></span> <span class='ocrx_word' id='word_1_561' title='bbox 3120 2999 3462 3064; x_wconf 82' lang='lat' dir='ltr'><strong>oﬁ&#39;cnsionis,</strong></span> 
     </span>
    </p>
   </div>
   <div class='ocr_carea' id='block_1_71' title="bbox 1890 3092 3464 3160">
    <p class='ocr_par' dir='ltr' id='par_1_71' title="bbox 1890 3092 3464 3160">
     <span class='ocr_line' id='line_1_71' title="bbox 1890 3092 3464 3160; baseline 0.001 -15"><span class='ocrx_word' id='word_1_562' title='bbox 1890 3100 1945 3146; x_wconf 87' lang='lat' dir='ltr'><strong>et</strong></span> <span class='ocrx_word' id='word_1_563' title='bbox 1985 3102 2194 3160; x_wconf 89' lang='lat' dir='ltr'><strong>petram</strong></span> <span class='ocrx_word' id='word_1_564' title='bbox 2237 3092 2508 3153; x_wconf 88' lang='lat' dir='ltr'><strong>scandali,</strong></span> <span class='ocrx_word' id='word_1_565' title='bbox 2544 3102 2600 3145; x_wconf 90' lang='lat' dir='ltr'><strong>et</strong></span> <span class='ocrx_word' id='word_1_566' title='bbox 2647 3093 2766 3146; x_wconf 86' lang='lat' dir='ltr'><strong>aliis</strong></span> <span class='ocrx_word' id='word_1_567' title='bbox 2797 3093 3069 3160; x_wconf 88' lang='lat' dir='ltr'><strong>ejusmodi</strong></span> <span class='ocrx_word' id='word_1_568' title='bbox 3121 3093 3464 3154; x_wconf 81' lang='lat' dir='ltr'><strong>nominibus,</strong></span> 
     </span>
    </p>
   </div>
   <div class='ocr_carea' id='block_1_72' title="bbox 1892 3183 3463 3256">
    <p class='ocr_par' dir='ltr' id='par_1_72' title="bbox 1892 3183 3463 3256">
     <span class='ocr_line' id='line_1_72' title="bbox 1892 3183 3463 3256; baseline -0.003 -16"><span class='ocrx_word' id='word_1_569' title='bbox 1892 3186 1945 3240; x_wconf 91' lang='lat' dir='ltr'><strong>in</strong></span> <span class='ocrx_word' id='word_1_570' title='bbox 1977 3186 2175 3256; x_wconf 88' lang='lat' dir='ltr'><strong>quibus</strong></span> <span class='ocrx_word' id='word_1_571' title='bbox 2203 3202 2310 3240; x_wconf 89' lang='lat' dir='ltr'><strong>non</strong></span> <span class='ocrx_word' id='word_1_572' title='bbox 2350 3185 2580 3239; x_wconf 87' lang='lat' dir='ltr'><strong>multum</strong></span> <span class='ocrx_word' id='word_1_573' title='bbox 2614 3185 2794 3239; x_wconf 86' lang='lat' dir='ltr'><strong>inesse</strong></span> <span class='ocrx_word' id='word_1_574' title='bbox 2828 3184 3004 3238; x_wconf 86' lang='lat' dir='ltr'><strong>laudis</strong></span> <span class='ocrx_word' id='word_1_575' title='bbox 3033 3184 3353 3238; x_wconf 80' lang='lat' dir='ltr'><strong>existimant</strong></span> <span class='ocrx_word' id='word_1_576' title='bbox 3387 3183 3463 3238; x_wconf 91' lang='lat' dir='ltr'><strong>illi</strong></span> 
     </span>
    </p>
   </div>
   <div class='ocr_carea' id='block_1_73' title="bbox 1890 3278 3468 3350">
    <p class='ocr_par' dir='ltr' id='par_1_73' title="bbox 1890 3278 3468 3350">
     <span class='ocr_line' id='line_1_73' title="bbox 1890 3278 3468 3350; baseline -0.001 -18"><span class='ocrx_word' id='word_1_577' title='bbox 1890 3279 1982 3350; x_wconf 89' lang='lat' dir='ltr'><strong>qui</strong></span> <span class='ocrx_word' id='word_1_578' title='bbox 2021 3279 2087 3332; x_wconf 88' lang='lat' dir='ltr'><strong>ad</strong></span> <span class='ocrx_word' id='word_1_579' title='bbox 2125 3279 2374 3338; x_wconf 87' lang='lat' dir='ltr'><strong>intimam</strong></span> <span class='ocrx_word' id='word_1_580' title='bbox 2415 3293 2609 3332; x_wconf 88' lang='lat' dir='ltr'><strong>eorum</strong></span> <span class='ocrx_word' id='word_1_581' title='bbox 2647 3278 3100 3347; x_wconf 64' lang='lat' dir='ltr'><strong>signiﬁi-ationcm</strong></span> <span class='ocrx_word' id='word_1_582' title='bbox 3128 3293 3237 3331; x_wconf 89' lang='lat' dir='ltr'><strong>non</strong></span> <span class='ocrx_word' id='word_1_583' title='bbox 3276 3293 3468 3345; x_wconf 84' lang='lat' dir='ltr'><strong>perve-</strong></span> 
     </span>
    </p>
   </div>
   <div class='ocr_carea' id='block_1_74' title="bbox 1889 3369 3461 3440">
    <p class='ocr_par' dir='ltr' id='par_1_74' title="bbox 1889 3369 3461 3440">
     <span class='ocr_line' id='line_1_74' title="bbox 1889 3369 3461 3440; baseline -0.003 -12"><span class='ocrx_word' id='word_1_584' title='bbox 1889 3372 2072 3434; x_wconf 84' lang='lat' dir='ltr'><strong>niunt,</strong></span> <span class='ocrx_word' id='word_1_585' title='bbox 2121 3371 2398 3439; x_wconf 84' lang='lat' dir='ltr'><strong>appellare</strong></span> <span class='ocrx_word' id='word_1_586' title='bbox 2447 3369 2737 3423; x_wconf 89' lang='lat' dir='ltr'><strong>Dominum</strong></span> <span class='ocrx_word' id='word_1_587' title='bbox 2775 3371 2958 3440; x_wconf 67' lang='lat' dir='ltr'><strong>gloria:</strong></span> <span class='ocrx_word' id='word_1_588' title='bbox 3000 3385 3106 3423; x_wconf 90' lang='lat' dir='ltr'><strong>non</strong></span> <span class='ocrx_word' id='word_1_589' title='bbox 3156 3370 3461 3426; x_wconf 81' lang='lat' dir='ltr'><strong>erubuerit.</strong></span> 
     </span>
    </p>
   </div>
   <div class='ocr_carea' id='block_1_75' title="bbox 1893 3464 3530 3534">
    <p class='ocr_par' dir='ltr' id='par_1_75' title="bbox 1893 3464 3530 3534">
     <span class='ocr_line' id='line_1_75' title="bbox 1893 3464 3530 3534; baseline 0 -15"><span class='ocrx_word' id='word_1_590' title='bbox 1893 3465 2030 3519; x_wconf 84' lang='lat' dir='ltr'><strong>Eum</strong></span> <span class='ocrx_word' id='word_1_591' title='bbox 2078 3480 2210 3519; x_wconf 86' lang='lat' dir='ltr'><strong>vero</strong></span> <span class='ocrx_word' id='word_1_592' title='bbox 2236 3481 2514 3533; x_wconf 89' lang='lat' dir='ltr'><strong>nunquam</strong></span> <span class='ocrx_word' id='word_1_593' title='bbox 2558 3464 2784 3518; x_wconf 90' lang='lat' dir='ltr'><strong>omnino</strong></span> <span class='ocrx_word' id='word_1_594' title='bbox 2824 3467 3036 3518; x_wconf 85' lang='lat' dir='ltr'><strong>vocavit</strong></span> <span class='ocrx_word' id='word_1_595' title='bbox 3070 3479 3234 3534; x_wconf 90' lang='lat' dir='ltr'><strong>opus.</strong></span> <span class='ocrx_word' id='word_1_596' title='bbox 3305 3464 3460 3530; x_wconf 84' lang='lat' dir='ltr'><strong>Quod</strong></span> <span class='ocrx_word' id='word_1_597' title='bbox 3527 3487 3530 3490; x_wconf 57' lang='grc' dir='ltr'><strong>λ</strong></span> 
     </span>
    </p>
   </div>
   <div class='ocr_carea' id='block_1_76' title="bbox 1893 3557 3463 3614">
    <p class='ocr_par' dir='ltr' id='par_1_76' title="bbox 1893 3557 3463 3614">
     <span class='ocr_line' id='line_1_76' title="bbox 1893 3557 3463 3614; baseline -0.001 -2"><span class='ocrx_word' id='word_1_598' title='bbox 1893 3567 2074 3613; x_wconf 87' lang='lat' dir='ltr'><strong>tamen</strong></span> <span class='ocrx_word' id='word_1_599' title='bbox 2129 3574 2329 3614; x_wconf 88' lang='lat' dir='ltr'><strong>nomen</strong></span> <span class='ocrx_word' id='word_1_600' title='bbox 2398 3559 2501 3612; x_wconf 84' lang='lat' dir='ltr'><strong>iste</strong></span> <span class='ocrx_word' id='word_1_601' title='bbox 2551 3558 2682 3612; x_wconf 89' lang='lat' dir='ltr'><strong>dicit</strong></span> <span class='ocrx_word' id='word_1_602' title='bbox 2745 3572 2860 3614; x_wconf 86' lang='lat' dir='ltr'><strong>sea</strong></span> <span class='ocrx_word' id='word_1_603' title='bbox 2908 3557 3117 3612; x_wconf 86' lang='lat' dir='ltr'><strong>sanctis</strong></span> <span class='ocrx_word' id='word_1_604' title='bbox 3147 3558 3463 3612; x_wconf 89' lang='lat' dir='ltr'><strong>hominibus</strong></span> 
     </span>
    </p>
   </div>
   <div class='ocr_carea' id='block_1_77' title="bbox 1892 3651 3464 3720">
    <p class='ocr_par' dir='ltr' id='par_1_77' title="bbox 1892 3651 3464 3720">
     <span class='ocr_line' id='line_1_77' title="bbox 1892 3651 3464 3720; baseline 0 -15"><span class='ocrx_word' id='word_1_605' title='bbox 1892 3651 2185 3720; x_wconf 85' lang='lat' dir='ltr'><strong>accepisse,</strong></span> <span class='ocrx_word' id='word_1_606' title='bbox 2225 3661 2283 3704; x_wconf 89' lang='lat' dir='ltr'><strong>ut</strong></span> <span class='ocrx_word' id='word_1_607' title='bbox 2320 3667 2427 3704; x_wconf 90' lang='lat' dir='ltr'><strong>non</strong></span> <span class='ocrx_word' id='word_1_608' title='bbox 2462 3667 2573 3705; x_wconf 67' lang='lat' dir='ltr'><strong>suae</strong></span> <span class='ocrx_word' id='word_1_609' title='bbox 2602 3660 2809 3704; x_wconf 89' lang='lat' dir='ltr'><strong>tantum</strong></span> <span class='ocrx_word' id='word_1_610' title='bbox 2855 3651 3049 3711; x_wconf 86' lang='lat' dir='ltr'><strong>aetatis,</strong></span> <span class='ocrx_word' id='word_1_611' title='bbox 3083 3651 3177 3704; x_wconf 90' lang='lat' dir='ltr'><strong>sed</strong></span> <span class='ocrx_word' id='word_1_612' title='bbox 3206 3652 3464 3719; x_wconf 87' lang='lat' dir='ltr'><strong>superio-</strong></span> 
     </span>
    </p>
   </div>
   <div class='ocr_carea' id='block_1_78' title="bbox 1893 3744 3464 3800">
    <p class='ocr_par' dir='ltr' id='par_1_78' title="bbox 1893 3744 3464 3800">
     <span class='ocr_line' id='line_1_78' title="bbox 1893 3744 3464 3800; baseline 0.001 -3"><span class='ocrx_word' id='word_1_613' title='bbox 1893 3759 2013 3797; x_wconf 89' lang='lat' dir='ltr'><strong>rum</strong></span> <span class='ocrx_word' id='word_1_614' title='bbox 2057 3744 2223 3798; x_wconf 88' lang='lat' dir='ltr'><strong>etiam</strong></span> <span class='ocrx_word' id='word_1_615' title='bbox 2254 3744 2403 3796; x_wconf 83' lang='lat' dir='ltr'><strong>viros</strong></span> <span class='ocrx_word' id='word_1_616' title='bbox 2453 3754 2676 3797; x_wconf 87' lang='lat' dir='ltr'><strong>sanctos</strong></span> <span class='ocrx_word' id='word_1_617' title='bbox 2733 3745 3023 3799; x_wconf 88' lang='lat' dir='ltr'><strong>calumniis</strong></span> <span class='ocrx_word' id='word_1_618' title='bbox 3060 3745 3326 3799; x_wconf 79' lang='lat' dir='ltr'><strong>involvat.</strong></span> <span class='ocrx_word' id='word_1_619' title='bbox 3391 3745 3464 3800; x_wconf 81' lang='lat' dir='ltr'><strong>Ac</strong></span> 
     </span>
    </p>
   </div>
   <div class='ocr_carea' id='block_1_79' title="bbox 1889 3835 3460 3905">
    <p class='ocr_par' dir='ltr' id='par_1_79' title="bbox 1889 3835 3460 3905">
     <span class='ocr_line' id='line_1_79' title="bbox 1889 3835 3460 3905; baseline 0.001 -17"><span class='ocrx_word' id='word_1_620' title='bbox 1889 3845 2254 3905; x_wconf 67' lang='lat' dir='ltr'><strong>pmterquam</strong></span> <span class='ocrx_word' id='word_1_621' title='bbox 2286 3835 2429 3903; x_wconf 91' lang='lat' dir='ltr'><strong>quod</strong></span> <span class='ocrx_word' id='word_1_622' title='bbox 2473 3835 2784 3904; x_wconf 82' lang='lat' dir='ltr'><strong>periculosa</strong></span> <span class='ocrx_word' id='word_1_623' title='bbox 2826 3850 2915 3890; x_wconf 89' lang='lat' dir='ltr'><strong>res</strong></span> <span class='ocrx_word' id='word_1_624' title='bbox 2960 3837 3162 3890; x_wconf 87' lang='lat' dir='ltr'><strong>audere</strong></span> <span class='ocrx_word' id='word_1_625' title='bbox 3193 3837 3460 3905; x_wconf 82' lang='lat' dir='ltr'><strong>ejusmodi</strong></span> 
     </span>
    </p>
   </div>
   <div class='ocr_carea' id='block_1_80' title="bbox 1892 3929 3461 4000">
    <p class='ocr_par' dir='ltr' id='par_1_80' title="bbox 1892 3929 3461 4000">
     <span class='ocr_line' id='line_1_80' title="bbox 1892 3929 3461 4000; baseline 0.001 -16"><span class='ocrx_word' id='word_1_626' title='bbox 1892 3930 2176 3985; x_wconf 81' lang='lat' dir='ltr'><strong>vocabulis</strong></span> <span class='ocrx_word' id='word_1_627' title='bbox 2216 3930 2315 3991; x_wconf 91' lang='lat' dir='ltr'><strong>uti,</strong></span> <span class='ocrx_word' id='word_1_628' title='bbox 2350 3941 2404 3983; x_wconf 90' lang='lat' dir='ltr'><strong>et</strong></span> <span class='ocrx_word' id='word_1_629' title='bbox 2435 3929 2651 3984; x_wconf 86' lang='lat' dir='ltr'><strong>Domini</strong></span> <span class='ocrx_word' id='word_1_630' title='bbox 2707 3931 2928 3982; x_wconf 85' lang='lat' dir='ltr'><strong>nomina</strong></span> <span class='ocrx_word' id='word_1_631' title='bbox 2963 3930 3164 4000; x_wconf 75' lang='lat' dir='ltr'><strong>ﬁngere</strong></span> <span class='ocrx_word' id='word_1_632' title='bbox 3195 3931 3461 3986; x_wconf 87' lang='lat' dir='ltr'><strong>arbitratu</strong></span> 
     </span>
    </p>
   </div>
   <div class='ocr_carea' id='block_1_81' title="bbox 1888 4021 3464 4092">
    <p class='ocr_par' dir='ltr' id='par_1_81' title="bbox 1888 4021 3464 4092">
     <span class='ocr_line' id='line_1_81' title="bbox 1888 4021 3464 4092; baseline 0.001 -15"><span class='ocrx_word' id='word_1_633' title='bbox 1888 4039 2009 4088; x_wconf 88' lang='lat' dir='ltr'><strong>suo,</strong></span> <span class='ocrx_word' id='word_1_634' title='bbox 2055 4037 2125 4075; x_wconf 88' lang='lat' dir='ltr'><strong>ne</strong></span> <span class='ocrx_word' id='word_1_635' title='bbox 2158 4021 2420 4092; x_wconf 85' lang='lat' dir='ltr'><strong>Apostolo</strong></span> <span class='ocrx_word' id='word_1_636' title='bbox 2460 4022 2678 4092; x_wconf 87' lang='lat' dir='ltr'><strong>quidem</strong></span> <span class='ocrx_word' id='word_1_637' title='bbox 2707 4023 3046 4092; x_wconf 84' lang='lat' dir='ltr'><strong>prepositum</strong></span> <span class='ocrx_word' id='word_1_638' title='bbox 3089 4033 3194 4088; x_wconf 88' lang='lat' dir='ltr'><strong>est,</strong></span> <span class='ocrx_word' id='word_1_639' title='bbox 3231 4034 3289 4078; x_wconf 92' lang='lat' dir='ltr'><strong>ut</strong></span> <span class='ocrx_word' id='word_1_640' title='bbox 3334 4023 3464 4078; x_wconf 84' lang='lat' dir='ltr'><strong>Uni-</strong></span> 
     </span>
    </p>
   </div>
   <div class='ocr_carea' id='block_1_82' title="bbox 1889 4112 3465 4184">
    <p class='ocr_par' dir='ltr' id='par_1_82' title="bbox 1889 4112 3465 4184">
     <span class='ocr_line' id='line_1_82' title="bbox 1889 4112 3465 4184; baseline 0 -16"><span class='ocrx_word' id='word_1_641' title='bbox 1889 4115 2054 4184; x_wconf 81' lang='lat' dir='ltr'><strong>geniti</strong></span> <span class='ocrx_word' id='word_1_642' title='bbox 2073 4124 2348 4177; x_wconf 88' lang='lat' dir='ltr'><strong>naturam,</strong></span> <span class='ocrx_word' id='word_1_643' title='bbox 2369 4115 2435 4167; x_wconf 91' lang='lat' dir='ltr'><strong>de</strong></span> <span class='ocrx_word' id='word_1_644' title='bbox 2460 4129 2564 4182; x_wconf 88' lang='lat' dir='ltr'><strong>qua</strong></span> <span class='ocrx_word' id='word_1_645' title='bbox 2591 4113 2644 4166; x_wconf 89' lang='lat' dir='ltr'><strong>in</strong></span> <span class='ocrx_word' id='word_1_646' title='bbox 2671 4116 2953 4181; x_wconf 65' lang='lat' dir='ltr'><strong>praesentia</strong></span> <span class='ocrx_word' id='word_1_647' title='bbox 2976 4112 3271 4183; x_wconf 89' lang='lat' dir='ltr'><strong>loquimur,</strong></span> <span class='ocrx_word' id='word_1_648' title='bbox 3306 4115 3465 4168; x_wconf 90' lang='lat' dir='ltr'><strong>nobis</strong></span> 
     </span>
    </p>
   </div>
   <div class='ocr_carea' id='block_1_83' title="bbox 1889 4204 3462 4279">
    <p class='ocr_par' dir='ltr' id='par_1_83' title="bbox 1889 4204 3462 4279">
     <span class='ocr_line' id='line_1_83' title="bbox 1889 4204 3462 4279; baseline 0.002 -19"><span class='ocrx_word' id='word_1_649' title='bbox 1889 4207 2141 4274; x_wconf 77' lang='lat' dir='ltr'><strong>explicet.</strong></span> <span class='ocrx_word' id='word_1_650' title='bbox 2176 4205 2293 4259; x_wconf 86' lang='lat' dir='ltr'><strong>Non</strong></span> <span class='ocrx_word' id='word_1_651' title='bbox 2319 4206 2465 4260; x_wconf 90' lang='lat' dir='ltr'><strong>enim</strong></span> <span class='ocrx_word' id='word_1_652' title='bbox 2495 4205 2563 4261; x_wconf 90' lang='lat' dir='ltr'><strong>de</strong></span> <span class='ocrx_word' id='word_1_653' title='bbox 2594 4204 2754 4259; x_wconf 77' lang='lat' dir='ltr'><strong>Verbi</strong></span> <span class='ocrx_word' id='word_1_654' title='bbox 2798 4207 3040 4260; x_wconf 87' lang='lat' dir='ltr'><strong>essentia</strong></span> <span class='ocrx_word' id='word_1_655' title='bbox 3100 4207 3156 4260; x_wconf 89' lang='lat' dir='ltr'><strong>in</strong></span> <span class='ocrx_word' id='word_1_656' title='bbox 3190 4209 3462 4279; x_wconf 86' lang='lat' dir='ltr'><strong>principio</strong></span> 
     </span>
    </p>
   </div>
   <div class='ocr_carea' id='block_1_84' title="bbox 1889 4298 3464 4368">
    <p class='ocr_par' dir='ltr' id='par_1_84' title="bbox 1889 4298 3464 4368">
     <span class='ocr_line' id='line_1_84' title="bbox 1889 4298 3464 4368; baseline 0.004 -17"><span class='ocrx_word' id='word_1_657' title='bbox 1889 4298 2034 4368; x_wconf 88' lang='lat' dir='ltr'><strong>apud</strong></span> <span class='ocrx_word' id='word_1_658' title='bbox 2069 4300 2237 4354; x_wconf 90' lang='lat' dir='ltr'><strong>Deum</strong></span> <span class='ocrx_word' id='word_1_659' title='bbox 2273 4300 2594 4354; x_wconf 86' lang='lat' dir='ltr'><strong>exsistcntis</strong></span> <span class='ocrx_word' id='word_1_660' title='bbox 2634 4301 2798 4354; x_wconf 87' lang='lat' dir='ltr'><strong>verba</strong></span> <span class='ocrx_word' id='word_1_661' title='bbox 2842 4301 2992 4367; x_wconf 80' lang='lat' dir='ltr'><strong>facit,</strong></span> <span class='ocrx_word' id='word_1_662' title='bbox 3030 4303 3124 4357; x_wconf 90' lang='lat' dir='ltr'><strong>sed</strong></span> <span class='ocrx_word' id='word_1_663' title='bbox 3159 4303 3225 4358; x_wconf 89' lang='lat' dir='ltr'><strong>de</strong></span> <span class='ocrx_word' id='word_1_664' title='bbox 3257 4304 3369 4365; x_wconf 92' lang='lat' dir='ltr'><strong>illo,</strong></span> <span class='ocrx_word' id='word_1_665' title='bbox 3405 4314 3464 4357; x_wconf 91' lang='lat' dir='ltr'><strong>ut</strong></span> 
     </span>
    </p>
   </div>
   <div class='ocr_carea' id='block_1_85' title="bbox 1888 4393 3460 4461">
    <p class='ocr_par' dir='ltr' id='par_1_85' title="bbox 1888 4393 3460 4461">
     <span class='ocr_line' id='line_1_85' title="bbox 1888 4393 3460 4461; baseline 0.001 -15"><span class='ocrx_word' id='word_1_666' title='bbox 1888 4393 2245 4460; x_wconf 85' lang='lat' dir='ltr'><strong>semetipsum</strong></span> <span class='ocrx_word' id='word_1_667' title='bbox 2275 4393 2594 4455; x_wconf 77' lang='lat' dir='ltr'><strong>exinanivit,</strong></span> <span class='ocrx_word' id='word_1_668' title='bbox 2648 4401 2706 4446; x_wconf 92' lang='lat' dir='ltr'><strong>ut</strong></span> <span class='ocrx_word' id='word_1_669' title='bbox 2757 4394 2898 4446; x_wconf 85' lang='lat' dir='ltr'><strong>servi</strong></span> <span class='ocrx_word' id='word_1_670' title='bbox 2945 4393 3176 4447; x_wconf 80' lang='lat' dir='ltr'><strong>formam</strong></span> <span class='ocrx_word' id='word_1_671' title='bbox 3228 4396 3460 4461; x_wconf 89' lang='lat' dir='ltr'><strong>accepit,</strong></span> 
     </span>
    </p>
   </div>
   <div class='ocr_carea' id='block_1_86' title="bbox 1890 4485 3460 4554">
    <p class='ocr_par' dir='ltr' id='par_1_86' title="bbox 1890 4485 3460 4554">
     <span class='ocr_line' id='line_1_86' title="bbox 1890 4485 3460 4554; baseline 0.001 -16"><span class='ocrx_word' id='word_1_672' title='bbox 1890 4496 1950 4538; x_wconf 91' lang='lat' dir='ltr'><strong>ut</strong></span> <span class='ocrx_word' id='word_1_673' title='bbox 1982 4486 2228 4554; x_wconf 80' lang='lat' dir='ltr'><strong>corporis</strong></span> <span class='ocrx_word' id='word_1_674' title='bbox 2266 4486 2438 4539; x_wconf 87' lang='lat' dir='ltr'><strong>nostri</strong></span> <span class='ocrx_word' id='word_1_675' title='bbox 2468 4485 2880 4539; x_wconf 84' lang='lat' dir='ltr'><strong>similitudinem</strong></span> <span class='ocrx_word' id='word_1_676' title='bbox 2913 4486 3231 4539; x_wconf 87' lang='lat' dir='ltr'><strong>humilitatis</strong></span> <span class='ocrx_word' id='word_1_677' title='bbox 3260 4488 3460 4548; x_wconf 82' lang='lat' dir='ltr'><strong>induit,</strong></span> 
     </span>
    </p>
   </div>
   <div class='ocr_carea' id='block_1_87' title="bbox 200 4576 1782 4652">
    <p class='ocr_par' dir='ltr' id='par_1_87' title="bbox 200 4576 1782 4652">
     <span class='ocr_line' id='line_1_87' title="bbox 200 4576 1782 4652; baseline 0.009 -28"><span class='ocrx_word' id='word_1_678' title='bbox 200 4579 304 4644; x_wconf 73' lang='grc' dir='ltr'><strong>φῇ,</strong></span> <span class='ocrx_word' id='word_1_679' title='bbox 339 4576 437 4627; x_wconf 74' lang='grc' dir='ltr'>καὶ</span> <span class='ocrx_word' id='word_1_680' title='bbox 469 4577 766 4645; x_wconf 83' lang='grc' dir='ltr'>γενομένου</span> <span class='ocrx_word' id='word_1_681' title='bbox 825 4578 1154 4648; x_wconf 79' lang='grc' dir='ltr'>συμμόρφου</span> <span class='ocrx_word' id='word_1_682' title='bbox 1189 4581 1267 4648; x_wconf 81' lang='grc' dir='ltr'>τῷ</span> <span class='ocrx_word' id='word_1_683' title='bbox 1300 4579 1515 4650; x_wconf 86' lang='grc' dir='ltr'>σώματι</span> <span class='ocrx_word' id='word_1_684' title='bbox 1547 4584 1645 4652; x_wconf 87' lang='grc' dir='ltr'>τῆς</span> <span class='ocrx_word' id='word_1_685' title='bbox 1685 4603 1782 4640; x_wconf 85' lang='grc' dir='ltr'>τα-</span> 
     </span>
    </p>
   </div>
   <div class='ocr_carea' id='block_1_88' title="bbox 1890 4576 3463 4652">
    <p class='ocr_par' dir='ltr' id='par_1_88' title="bbox 1890 4576 3463 4647">
     <span class='ocr_line' id='line_1_88' title="bbox 1890 4576 3463 4647; baseline 0.003 -17"><span class='ocrx_word' id='word_1_686' title='bbox 1890 4587 1945 4630; x_wconf 90' lang='lat' dir='ltr'><strong>et</strong></span> <span class='ocrx_word' id='word_1_687' title='bbox 1991 4592 2057 4629; x_wconf 79' lang='lat' dir='ltr'><strong>ex</strong></span> <span class='ocrx_word' id='word_1_688' title='bbox 2101 4578 2415 4630; x_wconf 88' lang='lat' dir='ltr'><strong>inﬁrmitate</strong></span> <span class='ocrx_word' id='word_1_689' title='bbox 2454 4576 2632 4630; x_wconf 86' lang='lat' dir='ltr'><strong>crucis</strong></span> <span class='ocrx_word' id='word_1_690' title='bbox 2678 4587 2906 4630; x_wconf 86' lang='lat' dir='ltr'><strong>mortem</strong></span> <span class='ocrx_word' id='word_1_691' title='bbox 2937 4578 3243 4643; x_wconf 89' lang='lat' dir='ltr'><strong>sustinuit,</strong></span> <span class='ocrx_word' id='word_1_692' title='bbox 3273 4591 3463 4647; x_wconf 84' lang='lat' dir='ltr'><strong>aperte</strong></span> 
     </span>
    </p>
   </div>
   <div class='ocr_carea' id='block_1_89' title="bbox 202 4670 1779 4743">
    <p class='ocr_par' dir='ltr' id='par_1_89' title="bbox 202 4670 1779 4743">
     <span class='ocr_line' id='line_1_89' title="bbox 202 4670 1779 4743; baseline 0.006 -19"><span class='ocrx_word' id='word_1_693' title='bbox 202 4671 529 4731; x_wconf 82' lang='grc' dir='ltr'>πεινώσεως</span> <span class='ocrx_word' id='word_1_694' title='bbox 582 4670 762 4738; x_wconf 80' lang='grc' dir='ltr'>ἡμῶν,</span> <span class='ocrx_word' id='word_1_695' title='bbox 794 4671 892 4723; x_wconf 81' lang='grc' dir='ltr'><strong>καὶ</strong></span> <span class='ocrx_word' id='word_1_696' title='bbox 941 4675 1350 4742; x_wconf 77' lang='grc' dir='ltr'>σταυρωθέντος</span> <span class='ocrx_word' id='word_1_697' title='bbox 1400 4677 1460 4740; x_wconf 81' lang='grc' dir='ltr'><strong>ἐξ</strong></span> <span class='ocrx_word' id='word_1_698' title='bbox 1493 4678 1779 4743; x_wconf 82' lang='grc' dir='ltr'>ἀσθενείας</span> 
     </span>
    </p>
   </div>
   <div class='ocr_carea' id='block_1_90' title="bbox 203 4758 1782 4838">
    <p class='ocr_par' dir='ltr' id='par_1_90' title="bbox 203 4758 1782 4838">
     <span class='ocr_line' id='line_1_90' title="bbox 203 4758 1782 4838; baseline 0.009 -28"><span class='ocrx_word' id='word_1_699' title='bbox 203 4759 399 4826; x_wconf 75' lang='grc' dir='ltr'>σαφῶς</span> <span class='ocrx_word' id='word_1_700' title='bbox 429 4758 884 4825; x_wconf 78' lang='grc' dir='ltr'>διαλέγεται.Καὶ</span> <span class='ocrx_word' id='word_1_701' title='bbox 906 4761 1065 4814; x_wconf 83' lang='grc' dir='ltr'>τοῦτο</span> <span class='ocrx_word' id='word_1_702' title='bbox 1092 4767 1254 4817; x_wconf 77' lang='grc' dir='ltr'>παντὶ</span> <span class='ocrx_word' id='word_1_703' title='bbox 1280 4767 1558 4838; x_wconf 85' lang='grc' dir='ltr'>γνώριμον</span> <span class='ocrx_word' id='word_1_704' title='bbox 1591 4769 1668 4838; x_wconf 81' lang='grc' dir='ltr'><strong>τῷ</strong></span> <span class='ocrx_word' id='word_1_705' title='bbox 1690 4774 1782 4824; x_wconf 83' lang='grc' dir='ltr'><strong>καὶ</strong></span> 
     </span>
    </p>
   </div>
   <div class='ocr_carea' id='block_1_91' title="bbox 204 4850 1778 4934">
    <p class='ocr_par' dir='ltr' id='par_1_91' title="bbox 204 4850 1778 4934">
     <span class='ocr_line' id='line_1_91' title="bbox 204 4850 1778 4934; baseline 0.01 -34"><span class='ocrx_word' id='word_1_706' title='bbox 204 4850 411 4918; x_wconf 69' lang='grc' dir='ltr'>μικρὸν</span> <span class='ocrx_word' id='word_1_707' title='bbox 474 4850 838 4920; x_wconf 69' lang='grc' dir='ltr'>ὲττιστήσαντι</span> <span class='ocrx_word' id='word_1_708' title='bbox 904 4854 1003 4921; x_wconf 79' lang='grc' dir='ltr'>τῆς</span> <span class='ocrx_word' id='word_1_709' title='bbox 1043 4855 1411 4928; x_wconf 83' lang='grc' dir='ltr'>ἀποστολικῆς</span> <span class='ocrx_word' id='word_1_710' title='bbox 1457 4861 1657 4925; x_wconf 79' lang='grc' dir='ltr'>λέξεως</span> <span class='ocrx_word' id='word_1_711' title='bbox 1698 4863 1778 4934; x_wconf 85' lang='grc' dir='ltr'><strong>τῷ</strong></span> 
     </span>
    </p>
   </div>
   <div class='ocr_carea' id='block_1_92' title="bbox 203 4942 1781 5023">
    <p class='ocr_par' dir='ltr' id='par_1_92' title="bbox 203 4942 1781 5023">
     <span class='ocr_line' id='line_1_92' title="bbox 203 4942 1781 5023; baseline 0.01 -30"><span class='ocrx_word' id='word_1_712' title='bbox 203 4942 535 5012; x_wconf 80' lang='grc' dir='ltr'>βουλήματι,</span> <span class='ocrx_word' id='word_1_713' title='bbox 580 4945 662 4996; x_wconf 79' lang='grc' dir='ltr'>ὃτι</span> <span class='ocrx_word' id='word_1_714' title='bbox 724 4947 844 5014; x_wconf 74' lang='grc' dir='ltr'>οὐχὶ</span> <span class='ocrx_word' id='word_1_715' title='bbox 907 4946 1187 5016; x_wconf 87' lang='grc' dir='ltr'>θεολογίας</span> <span class='ocrx_word' id='word_1_716' title='bbox 1254 4953 1386 5021; x_wconf 79' lang='grc' dir='ltr'>ἡμῖν</span> <span class='ocrx_word' id='word_1_717' title='bbox 1443 4955 1781 5023; x_wconf 79' lang='grc' dir='ltr'>παραδίδωσι</span> 
     </span>
    </p>
   </div>
   <div class='ocr_carea' id='block_1_93' title="bbox 200 5034 1780 5115">
    <p class='ocr_par' dir='ltr' id='par_1_93' title="bbox 200 5034 1780 5115">
     <span class='ocr_line' id='line_1_93' title="bbox 200 5034 1780 5115; baseline 0.009 -29"><span class='ocrx_word' id='word_1_718' title='bbox 200 5034 431 5103; x_wconf 80' lang='grc' dir='ltr'>τρόπον,</span> <span class='ocrx_word' id='word_1_719' title='bbox 463 5034 600 5087; x_wconf 81' lang='grc' dir='ltr'>ἀλλὰ</span> <span class='ocrx_word' id='word_1_720' title='bbox 627 5038 754 5098; x_wconf 75' lang='grc' dir='ltr'>τοὺς</span> <span class='ocrx_word' id='word_1_721' title='bbox 772 5036 870 5106; x_wconf 86' lang='grc' dir='ltr'>τῆς</span> <span class='ocrx_word' id='word_1_722' title='bbox 901 5040 1216 5108; x_wconf 78' lang='grc' dir='ltr'>οἰκονομίας</span> <span class='ocrx_word' id='word_1_723' title='bbox 1243 5043 1433 5110; x_wconf 86' lang='grc' dir='ltr'>λόγους</span> <span class='ocrx_word' id='word_1_724' title='bbox 1456 5047 1780 5115; x_wconf 77' lang='grc' dir='ltr'>παραδηλοίο</span> 
     </span>
    </p>
   </div>
   <div class='ocr_carea' id='block_1_94' title="bbox 201 5129 1783 5206">
    <p class='ocr_par' dir='ltr' id='par_1_94' title="bbox 201 5129 1783 5206">
     <span class='ocr_line' id='line_1_94' title="bbox 201 5129 1783 5206; baseline 0.009 -26"><span class='ocrx_word' id='word_1_725' title='bbox 201 5129 431 5191; x_wconf 69' lang='grc' dir='ltr'>Κύριον</span> <span class='ocrx_word' id='word_1_726' title='bbox 460 5129 593 5195; x_wconf 80' lang='grc' dir='ltr'>γὰρ,</span> <span class='ocrx_word' id='word_1_727' title='bbox 625 5129 815 5196; x_wconf 68' lang='grc' dir='ltr'>φησιν,</span> <span class='ocrx_word' id='word_1_728' title='bbox 855 5131 1061 5194; x_wconf 83' lang='grc' dir='ltr'>αὑτὸν,</span> <span class='ocrx_word' id='word_1_729' title='bbox 1127 5136 1223 5185; x_wconf 79' lang='grc' dir='ltr'>καὶ</span> <span class='ocrx_word' id='word_1_730' title='bbox 1282 5137 1540 5201; x_wconf 77' lang='grc' dir='ltr'>Χριστὸν</span> <span class='ocrx_word' id='word_1_731' title='bbox 1572 5144 1603 5192; x_wconf 85' lang='grc' dir='ltr'><strong>ό</strong></span> <span class='ocrx_word' id='word_1_732' title='bbox 1637 5141 1783 5206; x_wconf 79' lang='grc' dir='ltr'>Θεὸς</span> 
     </span>
    </p>
   </div>
   <div class='ocr_carea' id='block_1_95' title="bbox 205 5219 1784 5300">
    <p class='ocr_par' dir='ltr' id='par_1_95' title="bbox 205 5219 1784 5300">
     <span class='ocr_line' id='line_1_95' title="bbox 205 5219 1784 5300; baseline 0.008 -28"><span class='ocrx_word' id='word_1_733' title='bbox 205 5219 466 5282; x_wconf 73' lang='grc' dir='ltr'>ἐποίησε</span> <span class='ocrx_word' id='word_1_734' title='bbox 498 5220 719 5273; x_wconf 77' lang='grc' dir='ltr'>τοῦτον</span> <span class='ocrx_word' id='word_1_735' title='bbox 749 5223 856 5276; x_wconf 77' lang='grc' dir='ltr'><strong>τὸν</strong></span> <span class='ocrx_word' id='word_1_736' title='bbox 899 5224 1152 5290; x_wconf 80' lang='grc' dir='ltr'>Ἰησοῦν,</span> <span class='ocrx_word' id='word_1_737' title='bbox 1184 5226 1255 5278; x_wconf 75' lang='grc' dir='ltr'>ὃν</span> <span class='ocrx_word' id='word_1_738' title='bbox 1278 5229 1446 5297; x_wconf 79' lang='grc' dir='ltr'>ὑμεῖς</span> <span class='ocrx_word' id='word_1_739' title='bbox 1482 5232 1784 5300; x_wconf 76' lang='grc' dir='ltr'>ἐσταυρώ-</span> 
     </span>
    </p>
   </div>
   <div class='ocr_carea' id='block_1_96' title="bbox 207 5313 1785 5390">
    <p class='ocr_par' dir='ltr' id='par_1_96' title="bbox 207 5313 1785 5390">
     <span class='ocr_line' id='line_1_96' title="bbox 207 5313 1785 5390; baseline 0.01 -26"><span class='ocrx_word' id='word_1_740' title='bbox 207 5327 384 5372; x_wconf 80' lang='grc' dir='ltr'>σατε,</span> <span class='ocrx_word' id='word_1_741' title='bbox 430 5315 497 5382; x_wconf 83' lang='grc' dir='ltr'>τῇ</span> <span class='ocrx_word' id='word_1_742' title='bbox 559 5313 804 5384; x_wconf 81' lang='grc' dir='ltr'>δεικτικῇ</span> <span class='ocrx_word' id='word_1_743' title='bbox 842 5319 993 5386; x_wconf 76' lang='grc' dir='ltr'>φωνῇ</span> <span class='ocrx_word' id='word_1_744' title='bbox 1044 5318 1177 5388; x_wconf 83' lang='grc' dir='ltr'>πρὸς</span> <span class='ocrx_word' id='word_1_745' title='bbox 1204 5320 1264 5371; x_wconf 82' lang='grc' dir='ltr'><strong>τὸ</strong></span> <span class='ocrx_word' id='word_1_746' title='bbox 1297 5322 1638 5390; x_wconf 86' lang='grc' dir='ltr'>ἀνθρώπινον</span> <span class='ocrx_word' id='word_1_747' title='bbox 1687 5329 1785 5380; x_wconf 83' lang='grc' dir='ltr'>αὑ·</span> 
     </span>
    </p>
   </div>
   <div class='ocr_carea' id='block_1_97' title="bbox 201 5403 1780 5488">
    <p class='ocr_par' dir='ltr' id='par_1_97' title="bbox 201 5403 1780 5488">
     <span class='ocr_line' id='line_1_97' title="bbox 201 5403 1780 5488; baseline 0.012 -34"><span class='ocrx_word' id='word_1_748' title='bbox 201 5403 320 5467; x_wconf 74' lang='grc' dir='ltr'>τοῦ,</span> <span class='ocrx_word' id='word_1_749' title='bbox 385 5407 480 5457; x_wconf 82' lang='grc' dir='ltr'><strong>καὶ</strong></span> <span class='ocrx_word' id='word_1_750' title='bbox 538 5404 815 5474; x_wconf 86' lang='grc' dir='ltr'>ὁρώμενον</span> <span class='ocrx_word' id='word_1_751' title='bbox 838 5409 971 5460; x_wconf 81' lang='grc' dir='ltr'>πᾶσι</span> <span class='ocrx_word' id='word_1_752' title='bbox 1026 5411 1306 5480; x_wconf 83' lang='grc' dir='ltr'>προδήλως</span> <span class='ocrx_word' id='word_1_753' title='bbox 1337 5415 1780 5488; x_wconf 73' lang='grc' dir='ltr'>ἐπερειδόμενος.</span> 
     </span>
    </p>
   </div>
   <div class='ocr_carea' id='block_1_98' title="bbox 217 5494 1780 5580">
    <p class='ocr_par' dir='ltr' id='par_1_98' title="bbox 217 5494 1780 5580">
     <span class='ocr_line' id='line_1_98' title="bbox 217 5494 1780 5580; baseline 0.012 -33"><span class='ocrx_word' id='word_1_754' title='bbox 217 5494 275 5548; x_wconf 85' lang='grc'><strong>’0</strong></span> <span class='ocrx_word' id='word_1_755' title='bbox 307 5496 365 5549; x_wconf 76' lang='grc' dir='ltr'>δὲ</span> <span class='ocrx_word' id='word_1_756' title='bbox 396 5497 495 5562; x_wconf 79' lang='grc' dir='ltr'>τὴν</span> <span class='ocrx_word' id='word_1_757' title='bbox 522 5499 772 5566; x_wconf 79' lang='grc' dir='ltr'>ἐποίησε</span> <span class='ocrx_word' id='word_1_758' title='bbox 809 5501 992 5570; x_wconf 82' lang='grc' dir='ltr'>φωνὴν</span> <span class='ocrx_word' id='word_1_759' title='bbox 1019 5505 1101 5564; x_wconf 76' lang='grc' dir='ltr'>εἰς</span> <span class='ocrx_word' id='word_1_760' title='bbox 1128 5504 1227 5573; x_wconf 84' lang='grc' dir='ltr'>τὴν</span> <span class='ocrx_word' id='word_1_761' title='bbox 1253 5506 1493 5577; x_wconf 81' lang='grc' dir='ltr'>ἀρχῆθεν</span> <span class='ocrx_word' id='word_1_762' title='bbox 1526 5512 1780 5580; x_wconf 72' lang='grc' dir='ltr'>γέννησιν</span> 
     </span>
    </p>
   </div>
   <div class='ocr_carea' id='block_1_99' title="bbox 207 5589 1779 5663">
    <p class='ocr_par' dir='ltr' id='par_1_99' title="bbox 207 5589 1779 5663">
     <span class='ocr_line' id='line_1_99' title="bbox 207 5589 1779 5663; baseline 0.011 -24"><span class='ocrx_word' id='word_1_763' title='bbox 207 5589 301 5644; x_wconf 70' lang='grc' dir='ltr'>τοῦ</span> <span class='ocrx_word' id='word_1_764' title='bbox 342 5590 689 5654; x_wconf 82' lang='grc' dir='ltr'>Μονογενοῦς</span> <span class='ocrx_word' id='word_1_765' title='bbox 721 5593 1049 5663; x_wconf 82' lang='grc' dir='ltr'>μεταφέρει,</span> <span class='ocrx_word' id='word_1_766' title='bbox 1093 5596 1190 5647; x_wconf 57' lang='grc' dir='ltr'><strong>καὶ⁵</strong></span> <span class='ocrx_word' id='word_1_767' title='bbox 1220 5598 1343 5650; x_wconf 76' lang='grc' dir='ltr'>οὐδὲ</span> <span class='ocrx_word' id='word_1_768' title='bbox 1380 5601 1561 5654; x_wconf 77' lang='grc' dir='ltr'>ἐκεῖνο</span> <span class='ocrx_word' id='word_1_769' title='bbox 1613 5604 1779 5657; x_wconf 77' lang='grc' dir='ltr'>αὑτὸν</span> 
     </span>
    </p>
   </div>
   <div class='ocr_carea' id='block_1_100' title="bbox 203 5681 1782 5762">
    <p class='ocr_par' dir='ltr' id='par_1_100' title="bbox 203 5681 1782 5762">
     <span class='ocr_line' id='line_1_100' title="bbox 203 5681 1782 5762; baseline 0.012 -29"><span class='ocrx_word' id='word_1_770' title='bbox 203 5681 470 5748; x_wconf 81' lang='grc' dir='ltr'>δυσωπεῖ,</span> <span class='ocrx_word' id='word_1_771' title='bbox 503 5686 584 5737; x_wconf 78' lang='grc' dir='ltr'><strong>ὅτι</strong></span> <span class='ocrx_word' id='word_1_772' title='bbox 616 5685 678 5737; x_wconf 84' lang='grc' dir='ltr'><strong>τὸ</strong></span> <span class='ocrx_word' id='word_1_773' title='bbox 717 5686 922 5756; x_wconf 83' lang='grc' dir='ltr'>Κύριος</span> <span class='ocrx_word' id='word_1_774' title='bbox 944 5688 1066 5758; x_wconf 78' lang='grc' dir='ltr'>οὐχὶ</span> <span class='ocrx_word' id='word_1_775' title='bbox 1105 5690 1294 5754; x_wconf 83' lang='grc' dir='ltr'>οὐσίας</span> <span class='ocrx_word' id='word_1_776' title='bbox 1323 5693 1498 5758; x_wconf 71' lang='grc' dir='ltr'>ἐστὶν,</span> <span class='ocrx_word' id='word_1_777' title='bbox 1547 5695 1666 5749; x_wconf 85' lang='grc' dir='ltr'>ἀλλ’</span> <span class='ocrx_word' id='word_1_778' title='bbox 1694 5698 1782 5762; x_wconf 78' lang='grc' dir='ltr'><strong>ἐξ-</strong></span> 
     </span>
    </p>
   </div>
   <div class='ocr_carea' id='block_1_101' title="bbox 205 5774 1779 5852">
    <p class='ocr_par' dir='ltr' id='par_1_101' title="bbox 205 5774 1779 5852">
     <span class='ocr_line' id='line_1_101' title="bbox 205 5774 1779 5852; baseline 0.013 -28"><span class='ocrx_word' id='word_1_779' title='bbox 205 5776 400 5836; x_wconf 79' lang='grc' dir='ltr'>ουσίας</span> <span class='ocrx_word' id='word_1_780' title='bbox 450 5774 646 5845; x_wconf 69' lang='grc' dir='ltr'>ὄνομα.</span> <span class='ocrx_word' id='word_1_781' title='bbox 675 5779 840 5832; x_wconf 85' lang='grc' dir='ltr'>Ὠστε</span> <span class='ocrx_word' id='word_1_782' title='bbox 888 5782 917 5833; x_wconf 89' lang='grc' dir='ltr'><strong>ό</strong></span> <span class='ocrx_word' id='word_1_783' title='bbox 973 5779 1168 5850; x_wconf 76' lang='grc' dir='ltr'>εἰπὼν,</span> <span class='ocrx_word' id='word_1_784' title='bbox 1196 5783 1418 5852; x_wconf 79' lang='grc' dir='ltr'>Κύριον</span> <span class='ocrx_word' id='word_1_785' title='bbox 1453 5788 1642 5842; x_wconf 83' lang='grc' dir='ltr'>αὐτὸν</span> <span class='ocrx_word' id='word_1_786' title='bbox 1679 5793 1779 5845; x_wconf 79' lang='grc' dir='ltr'><strong>καί</strong></span> 
     </span>
    </p>
   </div>
   <div class='ocr_carea' id='block_1_102' title="bbox 283 5908 1296 5985">
    <p class='ocr_par' dir='ltr' id='par_1_102' title="bbox 283 5908 1296 5985">
     <span class='ocr_line' id='line_1_102' title="bbox 283 5908 1296 5985; baseline 0.011 -23"><span class='ocrx_word' id='word_1_787' title='bbox 283 5908 495 5964; x_wconf 82' lang='lat' dir='ltr'><strong>&#39;Joan.</strong></span> <span class='ocrx_word' id='word_1_788' title='bbox 559 5927 668 5977; x_wconf 68' lang='lat' dir='ltr'><strong>xiv,</strong></span> <span class='ocrx_word' id='word_1_789' title='bbox 719 5912 811 5967; x_wconf 70' lang='lat'><strong>28.</strong></span> <span class='ocrx_word' id='word_1_790' title='bbox 891 5917 910 5946; x_wconf 81' lang='lat'>&#39;</span> <span class='ocrx_word' id='word_1_791' title='bbox 966 5915 1104 5972; x_wconf 84' lang='lat' dir='ltr'><strong>Gen.</strong></span> <span class='ocrx_word' id='word_1_792' title='bbox 1167 5936 1206 5985; x_wconf 89' lang='grc' dir='ltr'><strong>ι,</strong></span> <span class='ocrx_word' id='word_1_793' title='bbox 1249 5920 1296 5972; x_wconf 80' lang='grc'><strong>1.</strong></span> 
     </span>
    </p>
   </div>
   <div class='ocr_carea' id='block_1_103' title="bbox 1381 5923 1931 5994">
    <p class='ocr_par' dir='ltr' id='par_1_103' title="bbox 1381 5923 1931 5994">
     <span class='ocr_line' id='line_1_103' title="bbox 1381 5923 1931 5994; baseline 0.016 -18"><span class='ocrx_word' id='word_1_794' title='bbox 1381 5923 1400 5954; x_wconf 84' lang='grc'>³</span> <span class='ocrx_word' id='word_1_795' title='bbox 1429 5923 1571 5980; x_wconf 81' lang='lat' dir='ltr'><strong>Psal.</strong></span> <span class='ocrx_word' id='word_1_796' title='bbox 1604 5944 1843 5994; x_wconf 77' lang='lat' dir='ltr'><strong>cxxxxn,</strong></span> <span class='ocrx_word' id='word_1_797' title='bbox 1879 5931 1931 5985; x_wconf 85' lang='lat'><strong>5.</strong></span> 
     </span>
    </p>
   </div>
   <div class='ocr_carea' id='block_1_104' title="bbox 1885 4668 3434 4733">
    <p class='ocr_par' dir='ltr' id='par_1_104' title="bbox 1885 4668 3434 4733">
     <span class='ocr_line' id='line_1_104' title="bbox 1885 4668 3434 4733; baseline 0.003 -11"><span class='ocrx_word' id='word_1_798' title='bbox 1885 4668 2125 4722; x_wconf 88' lang='lat' dir='ltr'><strong>disserit.</strong></span> <span class='ocrx_word' id='word_1_799' title='bbox 2172 4668 2325 4733; x_wconf 84' lang='lat' dir='ltr'><strong>Quod</strong></span> <span class='ocrx_word' id='word_1_800' title='bbox 2371 4677 2553 4722; x_wconf 86' lang='lat' dir='ltr'><strong>autem</strong></span> <span class='ocrx_word' id='word_1_801' title='bbox 2581 4685 2690 4723; x_wconf 91' lang='lat' dir='ltr'><strong>non</strong></span> <span class='ocrx_word' id='word_1_802' title='bbox 2731 4668 2928 4725; x_wconf 60' lang='lat' dir='ltr'><strong>divina‘</strong></span> <span class='ocrx_word' id='word_1_803' title='bbox 2965 4673 3109 4725; x_wconf 85' lang='lat' dir='ltr'><strong>illius</strong></span> <span class='ocrx_word' id='word_1_804' title='bbox 3140 4682 3350 4728; x_wconf 82' lang='lat' dir='ltr'><strong>naturae</strong></span> <span class='ocrx_word' id='word_1_805' title='bbox 3378 4689 3434 4727; x_wconf 90' lang='lat' dir='ltr'><strong>ra</strong></span> 
     </span>
    </p>
   </div>
   <div class='ocr_carea' id='block_1_105' title="bbox 1889 4759 3459 4832">
    <p class='ocr_par' dir='ltr' id='par_1_105' title="bbox 1889 4759 3459 4832">
     <span class='ocr_line' id='line_1_105' title="bbox 1889 4759 3459 4832; baseline 0.005 -21"><span class='ocrx_word' id='word_1_806' title='bbox 1889 4760 2091 4813; x_wconf 89' lang='lat' dir='ltr'><strong>tionem</strong></span> <span class='ocrx_word' id='word_1_807' title='bbox 2123 4759 2283 4813; x_wconf 86' lang='lat' dir='ltr'><strong>nobis</strong></span> <span class='ocrx_word' id='word_1_808' title='bbox 2312 4761 2507 4823; x_wconf 80' lang='lat' dir='ltr'><strong>tradat,</strong></span> <span class='ocrx_word' id='word_1_809' title='bbox 2543 4760 2640 4815; x_wconf 82' lang='lat' dir='ltr'><strong>sed</strong></span> <span class='ocrx_word' id='word_1_810' title='bbox 2696 4761 3072 4832; x_wconf 89' lang='lat' dir='ltr'><strong>dispositionis</strong></span> <span class='ocrx_word' id='word_1_811' title='bbox 3120 4765 3240 4832; x_wconf 89' lang='lat' dir='ltr'><strong>ejus</strong></span> <span class='ocrx_word' id='word_1_812' title='bbox 3277 4767 3459 4819; x_wconf 52' lang='lat' dir='ltr'><strong>consiv</strong></span> 
     </span>
    </p>
   </div>
   <div class='ocr_carea' id='block_1_106' title="bbox 1889 4852 3462 4928">
    <p class='ocr_par' dir='ltr' id='par_1_106' title="bbox 1889 4852 3462 4928">
     <span class='ocr_line' id='line_1_106' title="bbox 1889 4852 3462 4928; baseline 0.004 -22"><span class='ocrx_word' id='word_1_813' title='bbox 1889 4852 2023 4906; x_wconf 93' lang='lat' dir='ltr'><strong>lium</strong></span> <span class='ocrx_word' id='word_1_814' title='bbox 2063 4853 2343 4914; x_wconf 85' lang='lat' dir='ltr'><strong>ostendat,</strong></span> <span class='ocrx_word' id='word_1_815' title='bbox 2395 4857 2747 4923; x_wconf 88' lang='lat' dir='ltr'><strong>perspicuum</strong></span> <span class='ocrx_word' id='word_1_816' title='bbox 2793 4865 2876 4910; x_wconf 81' lang='lat' dir='ltr'><strong>est</strong></span> <span class='ocrx_word' id='word_1_817' title='bbox 2927 4858 3184 4911; x_wconf 88' lang='lat' dir='ltr'><strong>omnibus</strong></span> <span class='ocrx_word' id='word_1_818' title='bbox 3217 4859 3308 4927; x_wconf 88' lang='lat' dir='ltr'><strong>qui</strong></span> <span class='ocrx_word' id='word_1_819' title='bbox 3363 4875 3462 4928; x_wconf 87' lang='lat' dir='ltr'><strong>pa-</strong></span> 
     </span>
    </p>
   </div>
   <div class='ocr_carea' id='block_1_107' title="bbox 1889 4947 3458 5016">
    <p class='ocr_par' dir='ltr' id='par_1_107' title="bbox 1889 4947 3458 5016">
     <span class='ocr_line' id='line_1_107' title="bbox 1889 4947 3458 5016; baseline 0.006 -18"><span class='ocrx_word' id='word_1_820' title='bbox 1889 4960 2110 5013; x_wconf 88' lang='lat' dir='ltr'><strong>rumper</strong></span> <span class='ocrx_word' id='word_1_821' title='bbox 2158 4947 2428 5000; x_wconf 86' lang='lat' dir='ltr'><strong>orationis</strong></span> <span class='ocrx_word' id='word_1_822' title='bbox 2463 4949 2780 5016; x_wconf 60' lang='lat' dir='ltr'><strong>apostolicae</strong></span> <span class='ocrx_word' id='word_1_823' title='bbox 2829 4952 3160 5005; x_wconf 72' lang='lat' dir='ltr'><strong>sententiam</strong></span> <span class='ocrx_word' id='word_1_824' title='bbox 3213 4966 3458 5008; x_wconf 88' lang='lat' dir='ltr'><strong>norunt:</strong></span> 
     </span>
    </p>
   </div>
   <div class='ocr_carea' id='block_1_108' title="bbox 1885 5037 3461 5110">
    <p class='ocr_par' dir='ltr' id='par_1_108' title="bbox 1885 5037 3461 5110">
     <span class='ocr_line' id='line_1_108' title="bbox 1885 5037 3461 5110; baseline 0.005 -20"><span class='ocrx_word' id='word_1_825' title='bbox 1885 5037 2172 5091; x_wconf 83' lang='lat' dir='ltr'><strong>Dominum</strong></span> <span class='ocrx_word' id='word_1_826' title='bbox 2225 5041 2384 5100; x_wconf 87' lang='lat' dir='ltr'><strong>enim,</strong></span> <span class='ocrx_word' id='word_1_827' title='bbox 2434 5041 2630 5108; x_wconf 86' lang='lat' dir='ltr'><strong>inquit,</strong></span> <span class='ocrx_word' id='word_1_828' title='bbox 2686 5043 2854 5110; x_wconf 83' lang='lat' dir='ltr'><strong>ipsum</strong></span> <span class='ocrx_word' id='word_1_829' title='bbox 2917 5055 2964 5097; x_wconf 80' lang='lat' dir='ltr'><strong>et</strong></span> <span class='ocrx_word' id='word_1_830' title='bbox 2991 5044 3256 5099; x_wconf 77' lang='lat' dir='ltr'><strong>Christum</strong></span> <span class='ocrx_word' id='word_1_831' title='bbox 3324 5047 3461 5099; x_wconf 76' lang='lat' dir='ltr'><strong>Deus</strong></span> 
     </span>
    </p>
   </div>
   <div class='ocr_carea' id='block_1_109' title="bbox 1887 5132 3458 5205">
    <p class='ocr_par' dir='ltr' id='par_1_109' title="bbox 1887 5132 3458 5205">
     <span class='ocr_line' id='line_1_109' title="bbox 1887 5132 3458 5205; baseline 0.007 -23"><span class='ocrx_word' id='word_1_832' title='bbox 1887 5133 2028 5201; x_wconf 81' lang='lat' dir='ltr'><strong>fecit,</strong></span> <span class='ocrx_word' id='word_1_833' title='bbox 2073 5132 2210 5184; x_wconf 85' lang='lat' dir='ltr'><strong>hunc</strong></span> <span class='ocrx_word' id='word_1_834' title='bbox 2251 5132 2457 5195; x_wconf 74' lang='lat' dir='ltr'><strong>Jesum,</strong></span> <span class='ocrx_word' id='word_1_835' title='bbox 2508 5151 2657 5202; x_wconf 82' lang='lat' dir='ltr'><strong>quem</strong></span> <span class='ocrx_word' id='word_1_836' title='bbox 2708 5153 2803 5199; x_wconf 39' lang='lat' dir='ltr'><strong>vos.</strong></span> <span class='ocrx_word' id='word_1_837' title='bbox 2831 5139 3236 5205; x_wconf 73' lang='lat' dir='ltr'><strong>cruciﬁxistis&#39;.</strong></span> <span class='ocrx_word' id='word_1_838' title='bbox 3291 5139 3349 5193; x_wconf 89' lang='lat' dir='ltr'><strong>In</strong></span> <span class='ocrx_word' id='word_1_839' title='bbox 3396 5156 3458 5193; x_wconf 87' lang='lat' dir='ltr'><strong>ea</strong></span> 
     </span>
    </p>
   </div>
   <div class='ocr_carea' id='block_1_110' title="bbox 1891 5227 3461 5298">
    <p class='ocr_par' dir='ltr' id='par_1_110' title="bbox 1891 5227 3461 5298">
     <span class='ocr_line' id='line_1_110' title="bbox 1891 5227 3461 5298; baseline 0.003 -21"><span class='ocrx_word' id='word_1_840' title='bbox 1891 5240 2044 5289; x_wconf 85' lang='lat' dir='ltr'><strong>voce,</strong></span> <span class='ocrx_word' id='word_1_841' title='bbox 2092 5240 2212 5293; x_wconf 69' lang='lat' dir='ltr'><strong>qua:</strong></span> <span class='ocrx_word' id='word_1_842' title='bbox 2241 5227 2592 5295; x_wconf 87' lang='lat' dir='ltr'><strong>perspicuam</strong></span> <span class='ocrx_word' id='word_1_843' title='bbox 2642 5229 2814 5298; x_wconf 83' lang='lat' dir='ltr'><strong>ipsius</strong></span> <span class='ocrx_word' id='word_1_844' title='bbox 2849 5232 3248 5284; x_wconf 85' lang='lat' dir='ltr'><strong>humanitatem</strong></span> <span class='ocrx_word' id='word_1_845' title='bbox 3280 5232 3461 5285; x_wconf 90' lang='lat' dir='ltr'><strong>omni-</strong></span> 
     </span>
    </p>
   </div>
   <div class='ocr_carea' id='block_1_111' title="bbox 1892 5318 3453 5390">
    <p class='ocr_par' dir='ltr' id='par_1_111' title="bbox 1892 5318 3453 5390">
     <span class='ocr_line' id='line_1_111' title="bbox 1892 5318 3453 5390; baseline 0.004 -20"><span class='ocrx_word' id='word_1_846' title='bbox 1892 5318 1994 5371; x_wconf 88' lang='lat' dir='ltr'><strong>bus</strong></span> <span class='ocrx_word' id='word_1_847' title='bbox 2053 5318 2342 5387; x_wconf 81' lang='lat' dir='ltr'><strong>signiﬁcat,</strong></span> <span class='ocrx_word' id='word_1_848' title='bbox 2382 5321 2724 5375; x_wconf 86' lang='lat' dir='ltr'><strong>immoratur.</strong></span> <span class='ocrx_word' id='word_1_849' title='bbox 2785 5322 2851 5375; x_wconf 83' lang='lat' dir='ltr'><strong>At</strong></span> <span class='ocrx_word' id='word_1_850' title='bbox 2884 5323 2988 5376; x_wconf 91' lang='lat' dir='ltr'><strong>iste</strong></span> <span class='ocrx_word' id='word_1_851' title='bbox 3020 5325 3246 5377; x_wconf 85' lang='lat' dir='ltr'><strong>verbum</strong></span> <span class='ocrx_word' id='word_1_852' title='bbox 3292 5323 3453 5390; x_wconf 84' lang='lat' dir='ltr'><strong>illud,</strong></span> 
     </span>
    </p>
   </div>
   <div class='ocr_carea' id='block_1_112' title="bbox 1891 5410 3450 5484">
    <p class='ocr_par' dir='ltr' id='par_1_112' title="bbox 1891 5410 3450 5484">
     <span class='ocr_line' id='line_1_112' title="bbox 1891 5410 3450 5484; baseline 0.006 -23"><span class='ocrx_word' id='word_1_853' title='bbox 1891 5410 2032 5476; x_wconf 77' lang='lat' dir='ltr'><strong>fecit,</strong></span> <span class='ocrx_word' id='word_1_854' title='bbox 2091 5411 2159 5464; x_wconf 89' lang='lat' dir='ltr'><strong>ad</strong></span> <span class='ocrx_word' id='word_1_855' title='bbox 2206 5420 2387 5464; x_wconf 84' lang='lat' dir='ltr'><strong>ortum</strong></span> <span class='ocrx_word' id='word_1_856' title='bbox 2443 5412 2594 5466; x_wconf 90' lang='lat' dir='ltr'><strong>illum</strong></span> <span class='ocrx_word' id='word_1_857' title='bbox 2644 5414 2877 5482; x_wconf 87' lang='lat' dir='ltr'><strong>primum</strong></span> <span class='ocrx_word' id='word_1_858' title='bbox 2927 5415 3204 5484; x_wconf 79' lang='lat' dir='ltr'><strong>Unigeuiti</strong></span> <span class='ocrx_word' id='word_1_859' title='bbox 3259 5414 3450 5470; x_wconf 77' lang='lat' dir='ltr'><strong>refert.</strong></span> 
     </span>
    </p>
   </div>
   <div class='ocr_carea' id='block_1_113' title="bbox 1889 5501 3462 5574">
    <p class='ocr_par' dir='ltr' id='par_1_113' title="bbox 1889 5501 3462 5574">
     <span class='ocr_line' id='line_1_113' title="bbox 1889 5501 3462 5574; baseline 0.005 -20"><span class='ocrx_word' id='word_1_860' title='bbox 1889 5501 2076 5570; x_wconf 82' lang='lat' dir='ltr'><strong>Neque</strong></span> <span class='ocrx_word' id='word_1_861' title='bbox 2099 5503 2340 5557; x_wconf 88' lang='lat' dir='ltr'><strong>deterret</strong></span> <span class='ocrx_word' id='word_1_862' title='bbox 2371 5520 2494 5557; x_wconf 88' lang='lat' dir='ltr'><strong>eum</strong></span> <span class='ocrx_word' id='word_1_863' title='bbox 2524 5521 2586 5558; x_wconf 88' lang='lat' dir='ltr'><strong>ea</strong></span> <span class='ocrx_word' id='word_1_864' title='bbox 2615 5521 2739 5566; x_wconf 81' lang='lat' dir='ltr'><strong>vox,</strong></span> <span class='ocrx_word' id='word_1_865' title='bbox 2779 5506 3052 5568; x_wconf 70' lang='lat' dir='ltr'><strong>Dominus,</strong></span> <span class='ocrx_word' id='word_1_866' title='bbox 3087 5522 3208 5574; x_wconf 78' lang='lat' dir='ltr'><strong>quae</strong></span> <span class='ocrx_word' id='word_1_867' title='bbox 3234 5521 3341 5559; x_wconf 90' lang='lat' dir='ltr'><strong>non</strong></span> <span class='ocrx_word' id='word_1_868' title='bbox 3368 5522 3462 5562; x_wconf 88' lang='lat' dir='ltr'><strong>es-</strong></span> 
     </span>
    </p>
   </div>
   <div class='ocr_carea' id='block_1_114' title="bbox 1889 5595 3456 5667">
    <p class='ocr_par' dir='ltr' id='par_1_114' title="bbox 1889 5595 3456 5667">
     <span class='ocr_line' id='line_1_114' title="bbox 1889 5595 3456 5667; baseline 0.004 -21"><span class='ocrx_word' id='word_1_869' title='bbox 1889 5595 2121 5648; x_wconf 87' lang='lat' dir='ltr'><strong>sentiam</strong></span> <span class='ocrx_word' id='word_1_870' title='bbox 2150 5596 2374 5660; x_wconf 90' lang='lat' dir='ltr'><strong>indicat,</strong></span> <span class='ocrx_word' id='word_1_871' title='bbox 2410 5597 2503 5650; x_wconf 91' lang='lat' dir='ltr'><strong>sed</strong></span> <span class='ocrx_word' id='word_1_872' title='bbox 2547 5605 2891 5665; x_wconf 87' lang='lat' dir='ltr'><strong>potestatem.</strong></span> <span class='ocrx_word' id='word_1_873' title='bbox 2924 5598 3102 5664; x_wconf 86' lang='lat' dir='ltr'><strong>Quare</strong></span> <span class='ocrx_word' id='word_1_874' title='bbox 3147 5597 3456 5667; x_wconf 90' lang='lat' dir='ltr'><strong>Dominum,</strong></span> 
     </span>
    </p>
   </div>
   <div class='ocr_carea' id='block_1_115' title="bbox 1889 5683 3461 5761">
    <p class='ocr_par' dir='ltr' id='par_1_115' title="bbox 1889 5683 3461 5761">
     <span class='ocr_line' id='line_1_115' title="bbox 1889 5683 3461 5761; baseline 0.008 -25"><span class='ocrx_word' id='word_1_875' title='bbox 1889 5683 2164 5752; x_wconf 87' lang='lat' dir='ltr'><strong>inquiens,</strong></span> <span class='ocrx_word' id='word_1_876' title='bbox 2191 5685 2367 5754; x_wconf 86' lang='lat' dir='ltr'><strong>ipsum</strong></span> <span class='ocrx_word' id='word_1_877' title='bbox 2391 5696 2445 5739; x_wconf 90' lang='lat' dir='ltr'><strong>et</strong></span> <span class='ocrx_word' id='word_1_878' title='bbox 2466 5687 2742 5740; x_wconf 86' lang='lat' dir='ltr'><strong>Christum</strong></span> <span class='ocrx_word' id='word_1_879' title='bbox 2769 5687 2909 5742; x_wconf 89' lang='lat' dir='ltr'><strong>Deus</strong></span> <span class='ocrx_word' id='word_1_880' title='bbox 2926 5689 3073 5755; x_wconf 84' lang='lat' dir='ltr'><strong>fecit,</strong></span> <span class='ocrx_word' id='word_1_881' title='bbox 3098 5691 3461 5761; x_wconf 86' lang='lat' dir='ltr'><strong>principatum</strong></span> 
     </span>
    </p>
   </div>
   <div class='ocr_carea' id='block_1_116' title="bbox 1889 5778 3461 5846">
    <p class='ocr_par' dir='ltr' id='par_1_116' title="bbox 1889 5778 3461 5846">
     <span class='ocr_line' id='line_1_116' title="bbox 1889 5778 3461 5846; baseline 0.007 -15"><span class='ocrx_word' id='word_1_882' title='bbox 1889 5785 2328 5846; x_wconf 79' lang='lat' dir='ltr'><strong>potestatemque</strong></span> <span class='ocrx_word' id='word_1_883' title='bbox 2377 5779 2456 5832; x_wconf 89' lang='lat' dir='ltr'><strong>illi</strong></span> <span class='ocrx_word' id='word_1_884' title='bbox 2491 5778 2544 5832; x_wconf 93' lang='lat' dir='ltr'><strong>in</strong></span> <span class='ocrx_word' id='word_1_885' title='bbox 2579 5793 2770 5835; x_wconf 83' lang='lat' dir='ltr'><strong>omnes</strong></span> <span class='ocrx_word' id='word_1_886' title='bbox 2798 5796 2829 5835; x_wconf 87' lang='lat' dir='ltr'><strong>a</strong></span> <span class='ocrx_word' id='word_1_887' title='bbox 2865 5781 3024 5837; x_wconf 81' lang='lat' dir='ltr'><strong>Patre</strong></span> <span class='ocrx_word' id='word_1_888' title='bbox 3065 5785 3243 5839; x_wconf 87' lang='lat' dir='ltr'><strong>datam</strong></span> <span class='ocrx_word' id='word_1_889' title='bbox 3280 5786 3461 5844; x_wconf 86' lang='lat' dir='ltr'><strong>decla-</strong></span> 
     </span>
    </p>
   </div>
   <div class='ocr_carea' id='block_1_117' title="bbox 2013 5933 2895 6005">
    <p class='ocr_par' dir='ltr' id='par_1_117' title="bbox 2013 5933 2895 6005">
     <span class='ocr_line' id='line_1_117' title="bbox 2013 5933 2895 6005; baseline 0.011 -21"><span class='ocrx_word' id='word_1_890' title='bbox 2013 5933 2031 5962; x_wconf 64' lang='grc'>⁵</span> <span class='ocrx_word' id='word_1_891' title='bbox 2064 5933 2220 5986; x_wconf 75' lang='lat' dir='ltr'><strong>Rom.</strong></span> <span class='ocrx_word' id='word_1_892' title='bbox 2247 5949 2281 6005; x_wconf 61' lang='grc' dir='ltr'>ι,</span> <span class='ocrx_word' id='word_1_893' title='bbox 2317 5935 2406 5988; x_wconf 67' lang='lat'><strong>‘20.</strong></span> <span class='ocrx_word' id='word_1_894' title='bbox 2518 5938 2537 5968; x_wconf 79' lang='grc'>⁸</span> <span class='ocrx_word' id='word_1_895' title='bbox 2566 5940 2682 5993; x_wconf 78' lang='lat' dir='ltr'><strong>Aet.</strong></span> <span class='ocrx_word' id='word_1_896' title='bbox 2720 5954 2776 6003; x_wconf 91' lang='lat' dir='ltr'><strong>ll,</strong></span> <span class='ocrx_word' id='word_1_897' title='bbox 2810 5940 2895 5994; x_wconf 67' lang='lat' dir='ltr'><strong>Sd.</strong></span> 
     </span>
    </p>
   </div>
  </div>
