3860 6554
493 417 595 481 511

1765 400 1969 461 EUTH
1981 399 2074 456 YM

2184 394 2545 455 ZlG.\BE.‘iI
3604 392 3678 454 δέ

488 543 591 588 rat.
652 544 759 581 non
818 533 1002 577 autem
1074 516 1371 574 exsistrndi
1432 512 1745 567 facultatem
1808 508 2058 578 exponit.

2179 503 2423 571 Xpiordr
2460 505 2490 552 ὁ
2523 500 2667 561 Θει¹ς
2710 499 2983 564 faemos,
3016 499 3114 566 τήν
3148 496 3290 549 κατὰ
3316 495 3517 549 πάντων
3544 501 3677 568 ἀρχὴν

487 623 687 679 Verum
716 621 828 672 lizec
858 614 1020 686 paulo
1043 620 1166 683 post
1185 606 1708 669 demonstrabimus,
1735 618 1857 657 cum
1883 602 2063 670 ipsum

489 723 679 769 contra
712 709 954 778 Spiritus
1000 705 1336 760 voluntatem
1367 699 1519 753 abuti
1572 698 1871 765 Scriptura:
1908 694 2066 749 testi-

490 805 689 859 moniis
725 799 1100 855 ostendemus.
1132 795 1291 846 Nunc
1339 793 1389 845 in
1438 791 1504 844 iis
1528 805 1645 858 qua:
1678 788 1928 841 instituto
1957 801 2069 837 ser-

491 896 636 950 muui
688 893 988 961 conjuncta
1040 895 1188 944 sunt,
1225 882 1656 953 progrediamur.
1715 878 1854 944 Quid
1906 876 2069 945 igitur

490 989 590 1042 sibi
640 986 754 1037 vult
805 986 904 1036 hoc
945 977 1295 1037 vocabulum,
1327 984 1421 1026 aut
1457 989 1555 1025 cur
1590 972 1834 1024 omnium
1886 984 2067 1022 rerum

488 1079 803 1131 effectorem
854 1074 956 1126 iste
1004 1071 1210 1123 factum
1264 1077 1497 1121 conatur
1540 1064 1858 1131 appellare?
1906 1060 2068 1115 Falso

490 1178 799 1224 commento
825 1166 1064 1234 seipsum
1099 1160 1258 1221 fallit.
1292 1160 1699 1224 arbitraturque
1734 1156 1896 1210 simul
1942 1170 2065 1207 cum

492 1264 777 1316 nominum
832 1255 1160 1311 diversitate
1202 1252 1459 1307 essentia:
1490 1252 1863 1305 diversitatem
1902 1264 2069 1317 appa-

493 1370 635 1405 rere.
662 1354 793 1416 Quis
822 1358 1005 1403 autem
1040 1347 1258 1412 sapiens
1287 1345 1355 1397 ad
1391 1345 1551 1397 istam
1582 1342 1807 1397 accedat
1841 1350 2069 1395 senten~

496 1450 648 1498 tiam.
702 1455 759 1496 ut
812 1442 1018 1504 credat,
1089 1454 1320 1509 quorum
1372 1438 1590 1491 diversa
1649 1445 1779 1490 sunt
1822 1436 2068 1499 numina,

495 1554 682 1589 eorum
740 1537 864 1587 item
910 1534 1210 1588 essentiam
1242 1533 1511 1585 diversam
1546 1544 1667 1584 esse
1719 1528 2073 1583 necessario?

494 1627 637 1681 Petri
704 1628 923 1695 quidem
978 1635 1032 1678 et
1081 1622 1233 1677 Pauli
1290 1633 1346 1676 et
1391 1622 1622 1675 aliorum
1672 1620 1892 1674 nomina
1946 1627 2071 1673 sunt

494 1723 727 1782 diversa,
788 1717 1024 1773 essentia
1075 1726 1256 1771 tamen
1306 1723 1390 1769 est
1431 1715 1677 1769 omnium
1721 1729 1849 1767 una.
1885 1712 2072 1782 Itaque

499 1830 625 1867 cum
674 1811 837 1865 rebus
868 1810 1119 1879 plurimis
1164 1809 1327 1861 iidem
1368 1808 1511 1862 inter
1543 1822 1645 1861 nos
1688 1821 1904 1865 sumus.
1945 1822 2068 1873 pro-

498 1903 822 1973 prietatibus
872 1902 1071 1964 solum,
1124 1916 1245 1968 qua:
1293 1900 1343 1952 in
1374 1913 1702 1967 unoquoque
1737 1897 2074 1965 perspiciun-

500 2009 609 2057 tur,
644 1996 786 2047 inter
819 2010 920 2046 nos
955 1993 1095 2045 alius
1122 1993 1190 2045 ab
1212 1993 1320 2044 alio
1355 1992 1642 2044 distamus.
1680 1989 1858 2055 Quare
1887 1988 2073 2056 appeti-

498 2086 732 2139 lationes
755 2099 860 2138 non
898 2083 1169 2137 essentias
1200 2082 1533 2152 siguilieant,
1569 2081 1661 2135 sed
1689 2080 2071 2150 proprietates,

497 2177 699 2244 quibus
724 2185 977 2241 tanquam
1008 2176 1147 2225 notis
1190 2172 1514 2240 quibusdam
1548 2170 1809 2223 homines
1868 2169 2065 2238 singuli

499 2266 567 2317 ab
596 2264 721 2317 aliis
770 2262 1204 2329 distinguuntur.
1237 2260 1471 2315 Proinde
1514 2275 1637 2313 cum
1673 2258 1891 2313 Petrum
1922 2260 2078 2313 audi-

504 2370 648 2419 mus,
679 2368 789 2408 non
817 2369 879 2407 ex
912 2368 979 2407 eo
1012 2353 1232 2405 nomine
1262 2352 1558 2405 essentiam
1590 2352 1711 2419 ejus
1734 2350 1916 2403 animo
1941 2365 2075 2403 con-

498 2449 731 2516 cipimus
766 2444 1098 2516 (essentiam
1133 2460 1279 2498 nunc
1302 2445 1587 2497 materiam
1638 2444 1942 2512 subjectatn
1980 2459 2079 2511 ap-

502 2542 665 2611 pello,
708 2557 828 2610 quae
878 2540 1028 2592 nullo
1075 2549 1234 2609 pacto
1273 2540 1495 2592 nomine
1537 2538 1857 2607 exprimitur
1882 2538 1923 2605 ).
1984 2536 2078 2589 sed

507 2634 903 2702 preprietates,
954 2647 1075 2699 qua:
1122 2630 1271 2685 circa
1307 2632 1480 2699 ipsimi
1524 2639 1844 2700 spectantur
1873 2628 2079 2697 cogita—

504 2740 650 2777 mus.
710 2724 903 2777 Statim
935 2720 1083 2775 enim
1114 2736 1179 2776 ex
1209 2725 1309 2776 hac
1336 2738 1466 2776 voce
1498 2720 1718 2777 Petrum
1762 2722 1913 2775 illum
1940 2720 2077 2775 Jona

501 2814 876 2885 intelligimus,
922 2833 988 2871 ex
1042 2815 1359 2875 lleilisaida.
1416 2816 1638 2867 fratrem
1694 2813 1953 2876 Andreaz,
1985 2811 2077 2881 qui

502 2924 565 2962 ex
627 2909 896 2976 piscatore
944 2911 1241 2964 admunus
1282 2908 1649 2976 apostolicum
1698 2915 1927 2960 vocatus
1973 2914 2075 2969 est,

500 3000 592 3067 qui
653 3011 880 3069 pr0pter
910 3001 1300 3055 excellentiam
1335 2999 1461 3051 fidei
1516 2999 1570 3049 iu
1615 2996 1798 3063 seipso
1837 2994 2080 3063 suscepit

502 3092 917 3146 aediﬁcationem
956 3093 1237 3155 Ecclesiae,
1264 3104 1495 3160 quorum
1526 3089 1663 3141 niliil
1693 3096 1778 3141 est
1810 3088 2075 3141 essentia.

2171 598 2262 648 mi
2306 595 2558 657 ἐξουσίαν
2600 592 2773 657 λέγει,
2806 590 2905 661 τὴν
2937 591 3086 659 παρὰ
3114 589 3210 641 τοῦ
3238 590 3445 657 Πατρδς
3492 591 3677 659 ἐπιτρα-

2171 688 2369 738 πεῖσαν
2428 683 2599 752 αὐτῷ,
2634 685 2691 734 οὐ
2742 684 2842 750 τὴν
2874 683 2952 743 εἰς
2988 680 3046 732 τὸ
3081 674 3225 732 εἶναι
3294 680 3518 748 πάροδον
3552 682 3679 734 αὐτοῦ

2174 778 2468 843 διηγεῖται.
2522 774 2707 827 Ταῦτα
2731 773 2827 841 μὲν
2852 769 2945 825 οὖν
2976 772 3173 841 μικρὸν
3208 771 3433 838 ὕστερον
3473 773 3680 835 ἐπιδείξη-

2175 885 2295 937 μεν,
2327 869 2456 918 ὅταν
2494 866 2808 933 ἐλέγχωμεν
2858 865 3023 917 αὐτὸν
3076 863 3228 932 παρὰ
3260 864 3322 913 τὸ
3356 862 3581 931 βούλημα
3610 864 3679 915 τοῦ

2173 961 2491 1027 Πνεύματος
2525 960 2620 1018 τὰς
2654 962 2716 1009 ὲκ
2750 958 2846 1025 τῆς
2874 958 3097 1027 Γραφῆς
3167 958 3472 1025 μαρτυρίας
3498 974 3681 1024 παρατι-

2174 1052 2419 1118 οέμενον·
2452 1052 2567 1102 νυνὶ
2590 1050 2643 1102 δὲ
2670 1050 2761 1100 ἐπὶ
2792 1048 2859 1099 τὰ
2892 1048 3093 1116 συνεχῆ
3120 1047 3210 1099 τοῦ
3238 1046 3398 1112 λόγου
3434 1048 3681 1114 προῖωμεν.

2172 1142 2236 1194 Τί
2270 1142 2363 1195 οὖν
2396 1142 2547 1211 αὐτῷ
2580 1140 2833 1211 βούλεται
2860 1140 2922 1191 τὸ
2954 1140 3125 1209 ὄνομα
3158 1138 3345 1201 τοῦτο,
3402 1140 3492 1192 καὶ
3531 1139 3575 1191 τί
3603 1139 3677 1207 δήν

2173 1253 2303 1288 ποτε
2339 1236 2551 1307 ποίημα
2574 1234 3010 1304 προσαγορεύειν
3054 1234 3145 1285 τὸν
3208 1230 3439 1302 ποιητὴν
3465 1232 3559 1284 τῶν
3584 1233 3684 1285 ὅλων

2173 1330 2472 1399 ὲπιχειρεί;
2525 1328 2830 1397 Σοφίσματι
2893 1327 3135 1396 κιϐδήλῳ
3205 1328 3684 1395 παρακρουσάμενος

2175 1425 2369 1475 ἑαυτὸν
2407 1423 2576 1474 οἴεται
2602 1426 2720 1482 ταῖς
2748 1422 2854 1473 τῶν
2879 1419 3161 1489 ὀνομάτων
3194 1419 3485 1487 διαφοραῖς
3513 1418 3593 1470 καὶ
3614 1421 3687 1487 τὴν

2175 1520 2275 1587 τῆς
2308 1518 2496 1580 οὐσίας
2521 1518 2884 1587 παραλλαγὴν
2913 1514 3397 1583 συνεκφαίνεαῡαι.
3437 1514 3604 1566 Καίτοι
3624 1516 3684 1575 τίς

2178 1611 2243 1661 ἂν
2285 1610 2361 1677 τῷ
2390 1609 2533 1676 λόγῳ
2565 1608 2740 1677 τούτῳ
2768 1606 3067 1678 σωφρονῶν
3100 1606 3475 1676 προστίθοιτο;
3509 1606 3611 1658 Ὀτι
3636 1600 3688 1657 ὧν

2177 1702 2241 1753 τὰ
2263 1699 2504 1769 ὀνόματά
2530 1704 2644 1752 ἐστι
2689 1699 2944 1769 διάφορα,
2982 1698 3189 1751 τούτων
3226 1697 3588 1768 παρηλλάχθαι
3618 1699 3687 1751 καὶ

2176 1796 2272 1855 τὰς
2305 1796 2495 1855 οὐσίας
2523 1794 2761 1860 ἀνάγκη.
2806 1793 3016 1862 Πέτρου
3067 1793 3194 1860 γὰρ,
3247 1793 3345 1843 καὶ
3391 1790 3599 1865 Παύλου,
3621 1791 3687 1841 καὶ

2179 1886 2515 1949 ἁπαξαπλῶς
2572 1884 2876 1952 ἀνθρώπων
2935 1885 3159 1937 πάντων
3224 1882 3571 1952 προσηγορίαι
3617 1883 3686 1949 μὲν

2177 1982 2448 2049 διάφοροι,
2484 1980 2643 2030 οὐσία
2662 1978 2717 2030 δὲ
2753 1979 2967 2032 πάντων
3000 1980 3119 2049 μία.
3170 1980 3379 2047 Διόπερ
3408 1983 3462 2029 ὲν
3491 1980 3577 2047 μὲν
3606 1982 3687 2039 τοῖς

2176 2073 2452 2134 πλείστοις
2482 2072 2531 2124 οἱ
2572 2072 2731 2123 αὐτοὶ
2760 2072 3013 2139 ἀλλήλοις
3042 2072 3231 2139 ἐσμὲν,
3268 2074 3382 2135 τοῖς
3399 2071 3451 2123 δὲ
3484 2070 3685 2138 ίδιώμασι

2180 2164 2341 2233 μόνον
2371 2168 2485 2225 τοῖς
2529 2165 2660 2233 περὶ
2716 2162 2946 2215 ἕκαστον
2977 2162 3378 2233 θεωρουμένοις
3420 2165 3585 2231 ἕτερος
3609 2164 3689 2215 ὲτέσ

2180 2275 2275 2327 ρου
2308 2258 2722 2326 διενηνόχαμεν.
2759 2255 2929 2309 Ὅθεν
2980 2256 3075 2309 καὶ
3121 2258 3177 2308 αἱ
3217 2259 3570 2327 προσηγορίαι
3601 2258 3686 2324 οὐχὶ

2177 2351 2286 2403 τῶν
2313 2350 2514 2401 οὐσιῶν
2575 2349 2684 2401 είσι
2738 2351 3096 2417 σημαντικαὲ,
3146 2350 3287 2402 ἀλλὰ
3314 2351 3419 2401 τῶν
3448 2350 3685 2419 ίόιοτήτων,

2179 2443 2233 2495 αἳ
2294 2445 2382 2493 τὸν
2450 2440 2574 2494 καθ’
2636 2440 2731 2493 ἕνα
2794 2440 3331 2511 χαρακτηρίζουσιν.
3390 2443 3546 2495 Ὅταν
3593 2442 3687 2510 γοῦν

2178 2532 2503 2599 ἀκούσωμεν
2535 2533 2760 2599 Πέτρον,
2787 2534 2845 2585 οὐ
2874 2535 2974 2599 τὴν
2992 2534 3182 2586 οὐσίαν
3218 2532 3386 2586 αὐτοῦ
3422 2533 3617 2602 νοοῦμεν
3647 2538 3687 2583 ἐκ

2178 2627 2274 2681 τοῦ
2299 2627 2585 2695 ὀνόματος,
2614 2627 2804 2680 οὐσίαν
2843 2627 2899 2678 δὲ
2950 2627 3099 2694 λέγω
3140 2628 3240 2680 νῦν
3277 2628 3339 2680 τὸ
3374 2628 3543 2681 ὑλικὸν
3590 2627 3684 2678 ὑπο·

2182 2722 2457 2791 κείμενον,
2514 2723 2651 2792 ὅπερ
2683 2722 2935 2791 οὐδαμῶς
2974 2723 3235 2791 σημαίνει
3295 2724 3538 2792 τούνομα,
3592 2721 3688 2774 ἀλλὰ

2181 2814 2289 2866 τῶν
2324 2814 2654 2883 ίδιωμάτων,
2692 2813 2728 2867 ἃ
2788 2814 2918 2885 περὶ
2962 2815 3129 2866 αὐτὸν
3191 2814 3602 2884 Θεωρείται,τὴν
3630 2814 3688 2864 ἔνο

2181 2923 2327 2958 νο;αν
2348 2906 2750 2973 ὲντυπούμεοα.
2782 2906 2955 2968 Εὐθὺς
2987 2907 3097 2977 γὰρ
3114 2908 3177 2959 ὲκ
3202 2908 3306 2976 τῆς
3338 2907 3512 2975 φωνῆς
3537 2907 3686 2976 ταύτης

2135 3052 2147 3063 ο
2184 3000 2417 3065 νοοῦμεν
2483 2997 2691 3068 Πέτρον
2718 3000 2809 3050 τὸν
2846 2999 3024 3063 Ἰωνᾶ,
3078 3000 3170 3052 τὸν
3212 3004 3278 3051 ἐκ
3308 3003 3402 3068 τῆς
3454 2999 3683 3070 Βηθσαῖδᾶ,

2184 3092 2275 3144 τὸν
2307 3090 2534 3154 ἀδελφὸν
2574 3092 2848 3160 Ἀνδρέου,
2887 3093 2979 3145 τὸν
3008 3095 3118 3146 ἀπὸ
3166 3094 3368 3147 ἁλιέων
3400 3094 3473 3153 εἰς
3500 3093 3580 3163 τὴν
3604 3094 3687 3143 δια·

504 3183 689 3253 Itaque
718 3201 913 3239 nomen
947 3187 1050 3240 hoc
1083 3186 1226 3239 l’etri
1254 3183 1476 3252 quidem
1500 3182 1724 3251 figuram
1751 3181 1911 3234 nobis
1930 3179 2075 3233 efﬁn-

2187 3184 2373 3236 κονίαν
2439 3185 2538 3255 τῆς
2597 3185 2905 3253 ἀποστολῆς
2942 3186 3382 3257 προσκληθέντα,
3407 3190 3489 3241 τὸν
3516 3186 3589 3238 διὰ
3623 3186 3687 3236 πί-

505 3275 603 3341 git,
642 3278 934 3330 essentiam
991 3292 1123 3331 vero
1173 3275 1499 3343 neutiquam
1561 3273 1841 3342 proponit.
1923 3269 2077 3323 Pauli

507 3383 700 3420 rursus
734 3367 924 3422 audito
959 3369 1180 3423 nomine
1210 3381 1544 3423 concursum
1575 3365 1803 3419 aliarum
1836 3364 2079 3434 proprie-

508 3466 628 3511 tatu
647 3474 697 3511 m
752 3460 1294 3529 comprehendimus,
1339 3472 1537 3527 nempe
1566 3457 1889 3511 Tarsensem
1926 3456 2078 3510 illum

507 3551 816 3612 Hebraeum,
852 3551 967 3621 lege
993 3551 1349 3615 Pharisazum,
1388 3548 1700 3605 Gamalielis
1727 3547 2077 3617 discipulum,

502 3642 595 3709 qui
625 3643 740 3695 zelo
770 3643 1028 3696 incensus
1074 3642 1352 3696 Ecclesias
1379 3640 1470 3694 Dei
1501 3637 1953 3709 persequebatur,
1986 3638 2077 3705 qui

504 3734 735 3786 terribili
774 3744 1082 3789 commotus
1142 3734 1258 3787 viso
1310 3732 1561 3802 pervenit
1590 3731 1658 3785 ad
1712 3729 1957 3784 veritatis
1986 3744 2081 3784 co-

501 3827 825 3895 gnitionem,
876 3835 929 3879 et
962 3827 1205 3896 gentium
1259 3826 1552 3894 Apostolus
1585 3823 1764 3879 factus
1797 3831 1905 3877 est.
1967 3820 2080 3877 Ilac

504 3932 611 3970 una
672 3917 820 3970 Pauli
854 3919 1220 3987 appellatione
1278 3916 1397 3971 haec
1444 3917 1631 3970 omnia
1666 3916 2076 3971 deseribuntur.

502 4009 659 4074 Quod
709 4012 753 4064 si
788 4026 979 4063 verum
1032 4018 1202 4071 esset,
1259 4024 1491 4077 quorum
1540 4008 1760 4062 nomina
1791 4007 2077 4069 differunt,

498 4116 599 4154 eos
628 4103 893 4156 essentias
930 4102 1131 4155 habere
1154 4099 1490 4164 differentes,
1530 4098 1751 4159 Paulus,
1780 4108 1838 4153 et
1862 4098 2077 4162 Petrus,

503 4203 561 4246 et
589 4193 770 4245 ueteri
807 4191 1060 4245 homines
1091 4191 1233 4244 inter
1262 4206 1322 4244 se
1352 4190 1589 4245 essentia
1617 4189 1927 4244 diderrent.
1972 4190 2077 4242 Sed

503 4284 690 4337 nullus
739 4293 827 4338 cst
882 4284 1018 4339 adeo
1064 4283 1373 4354 imperitus,
1424 4294 1479 4337 et
1515 4294 1724 4336 natura:
1778 4283 2083 4336 communis
2116 4295 2135 4303 ’

506 4374 754 4445 ignarus,
787 4376 881 4445 qui
947 4376 1012 4430 ad
1048 4376 1153 4428 hoc
1210 4376 1571 4429 asserendum
1626 4375 1823 4431 adduci
1884 4376 2078 4444 possit.

504 4468 688 4531 Quare
733 4476 948 4521 constat
992 4467 1309 4520 mendaeem
1364 4482 1506 4531 esse,
1556 4467 1648 4537 qui
1680 4483 1745 4520 ex
1795 4467 2079 4521 nominum

2189 3290 2359 3337 στεως
2390 3276 2666 3347 ὑπεροχὴν
2710 3276 2800 3343 ὑφ’
2826 3276 3007 3347 ἑαυτῷ
3037 3279 3135 3347 τὴν
3166 3280 3457 3350 οίκοδομὴν
3485 3280 3566 3347 τῆς
3599 3279 3689 3329 'Ez-

2184 3368 2411 3438 κλησίας
2435 3368 2752 3439 δεξάμενον,
2788 3362 2863 3423 ὧν
2916 3371 3067 3424 οὐδέν
3099 3374 3254 3425 ἐστιν
3280 3374 3454 3427 οὐσία.
3487 3373 3618 3424 Ὥστε
3648 3370 3688 3420 τὸ

2184 3457 2358 3525 ὄνομα
2396 3457 2487 3510 τὸν
2511 3462 2843 3530 χαρακτῆρα
2879 3460 2981 3530 μὲν
3029 3464 3166 3534 ἡμῖν
3230 3463 3476 3535 ἀφορίζει
3503 3463 3581 3515 τοῦ
3612 3461 3687 3513 Πέ-

2187 3567 2343 3619 τρου.
2378 3550 2549 3621 αὐτὴν
2613 3552 2670 3603 δὲ
2730 3552 2972 3623 οὐδαμοῦ
3009 3557 3312 3626 παρίστησι
3377 3556 3469 3627 τὴν
3526 3555 3684 3607 οὐσίαν.

2185 3641 2397 3694 Παῦλον
2427 3642 2758 3705 ἀκούσαντες
2806 3644 2990 3707 πάλιν,
3033 3646 3242 3715 ἑτέρων
3284 3649 3569 3716 ἰδιωμάτων
3594 3663 3687 3695 aw-

2182 3733 2389 3804 δρομὴν
2427 3736 2760 3805 ινοήσαμεν,
2798 3737 2889 3788 τὸν
2942 3738 3183 3807 Ταρσέα,
3234 3740 3324 3793 τὸν
3363 3740 3597 3809 Ἐὗραίον,
3622 3739 3686 3787 τὸν

2184 3827 2326 3880 κατὰ
2358 3828 2520 3896 νόμον
2561 3830 2878 3899 Φαρισαῖον,
2912 3831 3005 3884 τὸν
3046 3833 3298 3902 μαθητὴν
3328 3833 3416 3887 τοῦ
3446 3835 3481 3885 Γ
3485 3830 3685 3902 αμαλιὴλς

2183 3921 2273 3973 τὸν
2306 3922 2446 3974 κατὰ
2470 3921 2632 3991 ζῆλον
2672 3922 2910 3994 διώκτην
2942 3925 3049 3978 τῶν
3111 3927 3422 3996 ἐκκλησιῶν
3449 3927 3532 3979 τοῦ
3571 3921 3684 3983 θεοῦ.

2181 4014 2271 4067 τὸν
2292 4016 2356 4067 ἑκ
2380 4014 2477 4084 τῆς
2506 4016 2745 4086 φοϐερᾶς
2774 4019 3043 4081 ὀπτασίας
3078 4022 3160 4083 είς
3180 4022 3286 4090 τὴν
3308 4022 3587 4088 ἐπίγνωσιν
3626 4017 3687 4067 tv-

2182 4105 2436 4174 αχθέντα,
2462 4106 2553 4158 τὸν
2567 4103 2674 4160 Ἀπ
2690 4107 2890 4160 ἓστολον
2912 4107 3020 4162 τῶν
3039 4108 3227 4165 ἐθνῶν.
3254 4110 3431 4164 Ταῦτα
3448 4110 3542 4179 γὰρ
3560 4107 3687 4160 πάντα

2184 4200 2247 4250 ἐκ
2275 4200 2403 4266 μιᾶς
2421 4200 2606 4269 φωνῆς
2634 4200 2731 4269 τῆς
2770 4199 2983 4263 Παῦλος
3015 4205 3412 4273 περιορίζεται.
3449 4203 3610 4257 Καίτοι
3640 4215 3684 4265 τε

2188 4290 2240 4340 εί
2270 4288 2468 4358 ἀληθὲς
2499 4284 2585 4361 ἧν,
2608 4292 2691 4343 ὃτι
2722 4284 2797 4345 ὧν
2842 4294 2909 4345 τὰ
2954 4292 3198 4361 ὀνόματα
3241 4296 3548 4365 διενήνοχεν,
3574 4294 3685 4344 ἐναν-

2180 4379 2310 4443 τίως
2344 4381 2559 4451 ἔχουσιν
2592 4383 2646 4434 αί
2675 4382 2874 4449 οὐσίαι,
2920 4385 3090 4454 ἐχρῆν
3154 4386 3331 4456 δήπου
3385 4386 3474 4441 καὶ
3500 4383 3682 4441 Παῦλον.

2184 4476 2278 4527 καὶ
2320 4476 2549 4546 Πέτρον,
2600 4478 2693 4531 καί
2732 4478 3075 4545 ἁπαξαπλῶς
3134 4480 3455 4550 ἀνθρώπους
3493 4478 3685 4531 ἅπαντας

504 4558 824 4613 discrimine
854 4559 1115 4627 consequi
1147 4558 1379 4612 allirtnat
1408 4560 1661 4614 essentia:
1689 4559 2075 4614 ditfercntiam.

2186 4565 2559 4637 ἑτεροουσίους
2599 4569 2851 4641 ἀλλήλοις
2887 4566 3049 4625 εἶναι.
3091 4570 3247 4624 Ἐπεὶ
3280 4574 3337 4627 δὲ
3366 4571 3511 4624 τοῦτο
3555 4565 3683 4623 οὐδεὶς

501 4651 695 4720 Neque
733 4651 880 4706 enim
925 4652 1146 4705 nomina
1186 4652 1438 4720 sequitur
1492 4668 1673 4705 rerum
1721 4666 1937 4719 natura,
1985 4652 2081 4706 sed

505 4744 821 4812 rebusipsis
857 4745 1084 4798 nomina
1119 4752 1252 4798 sunt
1283 4746 1587 4813 posteriora
1618 4782 1633 4805 ,
1678 4746 1920 4813 alioquin
1949 4758 2080 4798 eve-

506 4838 674 4900 niret,
704 4847 761 4891 ut
791 4853 1023 4905 quorum
1056 4838 1250 4891 eadem
1288 4846 1475 4892 essent
1508 4841 1732 4891 nomina
1758 4877 1773 4899 ,
1829 4838 2080 4891 eamdem

507 4932 809 4986 essentiam
846 4931 1136 4986 haberent.
1165 4931 1232 4986 Et
1261 4935 1518 5002 quoniam
1581 4934 1830 4987 homines
1878 4934 2082 4987 virtute

508 5024 768 5093 perfecti,
818 5025 913 5077 Dei
963 5026 1187 5079 nomine
1231 5026 1531 5096 dignisunt
1561 5024 1754 5088 habili,
1788 5041 1910 5077 cum
1962 5040 2081 5078 om-

508 5120 657 5171 nium
701 5116 809 5170 Deo
837 5117 1020 5171 forent
1045 5118 1293 5186 ejusdem
1314 5116 1589 5171 essentiae.
1655 5117 1851 5169 Verum
1886 5126 1945 5170 ut
1978 5116 2083 5171 hoc

505 5211 693 5266 dicere
728 5212 889 5280 plane
923 5211 1236 5280 insipientis
1267 5220 1373 5274 est,
1436 5210 1518 5264 sic
1550 5208 1683 5262 illud
1710 5223 1960 5263 asserere
1982 5224 2079 5278 pe-

504 5306 657 5359 nitus
692 5306 895 5359 insani.
949 5304 1316 5369 Quamobrem
1362 5318 1428 5355 ex
1476 5302 1545 5355 iis
1609 5315 1729 5369 qua:
1754 5300 1896 5355 dicta
1927 5311 2077 5365 sunt,

506 5408 675 5467 patet,
717 5398 1030 5451 nominibus
1081 5412 1191 5449 non
1234 5394 1528 5458 essentias,
1569 5394 1667 5447 sed
1712 5396 2080 5464 proprietates

507 5490 755 5544 iudicari.
783 5491 1125 5559 Quapropter
1152 5486 1385 5540 orationi
1410 5502 1476 5541 ex
1521 5487 1812 5541 nominum
1850 5488 2080 5543 diversi-

507 5591 615 5635 tate
645 5586 949 5635 contrarias
974 5578 1244 5634 essentias
1270 5576 1551 5647 colligenii
1580 5579 1766 5632 nullus
1796 5587 1881 5633 est
1900 5578 2077 5633 locus.

507 5674 597 5728 Sic
624 5675 772 5727 enim
795 5674 1033 5741 seipsam
1060 5671 1115 5724 in
1149 5668 1340 5739 primis
1370 5671 1590 5723 evertit.
1653 5669 1711 5724 Si
1744 5671 1890 5725 enim
1934 5669 2078 5726 facta

502 5776 555 5819 et
580 5766 760 5833 genita
792 5765 938 5818 inter
962 5778 1024 5817 se
1068 5763 1358 5827 diﬂ'erunt,
1390 5772 1556 5817 erunt
1581 5764 1836 5817 essentia:
1869 5763 2076 5834 Πωμ-

504 5858 604 5913 niii
646 5858 986 5922 ditfereutes,
1016 5872 1137 5927 qua
1177 5870 1242 5911 ex
1286 5854 1573 5911 nominum
1598 5855 1913 5911 differentia
1947 5871 2078 5910 con-

2184 4654 2358 4719 οῦτως
2381 4658 2621 4727 ἀμαθὴς,
2640 4660 2849 4731 καὶτῆς
2872 4662 3059 4732 κοινῆς
3090 4663 3683 4731 φύσεωςνάνεπίσκεπτοςο

2184 4746 2314 4802 ὥστ’
2347 4750 2410 4802 ἃν
2439 4753 2611 4803 εἰπεῖν
2669 4752 3037 4823 προαχθῆναι,
3090 4754 3294 4825 ψευδὴς
3326 4758 3352 4808 ὁ
3393 4757 3453 4823 τῇ
3498 4745 3683 4817 διαφορᾷ

2184 4839 2293 4892 τῶν
2317 4840 2598 4908 ὀνομάτων
2639 4841 2699 4895 τὸ
2760 4841 2860 4911 τῆς
2890 4844 3079 4907 οὐσίας
3110 4845 3370 4917 διάφορον
3398 4842 3598 4897 ἔπεσθαι
3621 4852 3683 4889 σο-

2186 4934 2493 5000 φιζόμενος.
2526 4934 2599 4987 Οὐ
2624 4934 2731 5004 γὰρ
2782 4936 2891 4996 τοῖς
2911 4934 3175 5004 ὀνόμασιν
3209 4939 3240 5006 ὴ
3272 4938 3378 4991 τῶν
3406 4934 3683 5006 πραγμάτων

2184 5021 2344 5088 φύσις
2372 5022 2672 5087 ἀκολουθεῖ,
2698 5023 2812 5075 ἀλλ’
2841 5020 3045 5094 ὕστερα
3068 5026 3178 5079 τῶν
3215 5028 3538 5099 πραγμάτων
3557 5021 3681 5089 εὓρη-

2184 5130 2274 5166 ται
2304 5117 2370 5165 τὰ
2401 5114 2763 5183 ὀνόματανΕί
2817 5116 2926 5187 γὰρ
2974 5116 3134 5169 τοῦτο
3160 5113 3228 5189 ἦν
3259 5117 3467 5187 ἀληθὲς,
3498 5115 3585 5168 ἔδει
3614 5108 3681 5163 καὶ

2183 5198 2257 5257 ὦν
2296 5206 2348 5259 αί
2382 5208 2752 5277 προσηγορίαι
2776 5210 2913 5259 είσὶν
2930 5208 2988 5260 αἱ
3023 5208 3207 5275 αὐταὶ,
3240 5211 3368 5280 μίαν
3398 5208 3482 5261 καὶ
3514 5206 3595 5274 τὴν
3612 5200 3681 5253 αὖ·

2183 5298 2284 5365 τὴν
2337 5298 2527 5351 οὐσίαν
2557 5292 2720 5351 εἶναι.
2770 5300 2982 5353 Οὐκοῦν
3035 5302 3224 5372 ἐπειδὴ
3276 5303 3323 5354 οί
3370 5299 3480 5353 κατ’
3528 5290 3680 5365 ἀρετήν

2182 5392 2377 5444 τέλειοι
2410 5392 2506 5462 τῆς
2529 5391 2621 5443 τοῦ
2665 5392 2801 5444 Θεοῦ
2830 5396 3204 5463 προσηγορίας
3244 5394 3503 5464 ἠξίωνται,
3535 5384 3681 5453 69005-

2185 5502 2286 5538 σιοι
2323 5485 2388 5539 ἂν
2416 5481 2525 5538 εἶεν
2565 5488 2639 5556 τῷ
2686 5487 2805 5557 Θεῷ
2864 5488 2975 5545 τῶν
3008 5487 3147 5542 ὅλων
3184 5492 3233 5543 oi
3260 5489 3537 5560 ἄνθρωποι.
3577 5477 3677 5533 Ἀλλ’

2182 5576 2372 5648 ὥσπερ
2407 5578 2564 5632 τοῦτο
2588 5580 2768 5646 λέγειν
2795 5582 2963 5647 μανία
2990 5584 3195 5652 σαφὴς.
3235 5581 3374 5637 οὕτω
3419 5577 3632 5634 κακεῖνος
3657 5568 3679 5620 δ

2183 5674 2338 5741 λόγος
2367 5676 2465 5747 τῆς
2498 5675 2619 5745 ἴσης
2652 5676 2835 5746 ἔχεται
2863 5679 3189 5749 παρανοίας.
3210 5675 3438 5748 Φανερδν
3462 5672 3612 5725 τοίνυν
3632 5665 3676 5715 ἐκ

2181 5766 2291 5820 τῶν
2314 5768 2647 5837 εἰρημένων,
2677 5771 2761 5823 ὅτι
2795 5770 2889 5822 καὶ
2918 5771 3013 5822 ἐπὶ
3042 5771 3276 5844 Πατρδς,
3326 5771 3415 5823 καὶ
3442 5762 3551 5819 λ’ἱοῦ
3588 5754 3675 5823 οὐχὶ

2183 5860 2372 5912 οὐσίαν
2408 5860 2705 5929 παρίστησι
2730 5863 2795 5912 τὰ
2839 5860 3101 5933 ὀνόματα,
3137 5862 3270 5916 ἀλλὰ
3304 5862 3406 5915 τῶν
3431 5850 3673 5923 ἰδιωμάτων
