3860 6562
143 423 230 483 313

1080 417 1453 477 PANOPLIA
1493 419 1949 481 DOGMATICA.
1981 447 2048 458 ·-
2085 424 2229 482 TlT.
2278 425 2380 482 Xl.

3255 425 3356 491 5H:

143 535 240 587 ἐστὶ
264 529 541 600 δηλωτικὰ,
561 528 697 581 ὥστε
729 531 1001 599 μηδεμίαν
1025 525 1167 583 εἶναι
1194 531 1379 602 χώραν
1405 533 1665 606 τῷλόγῳ,

1802 547 2094 604 equentur.
2131 544 2199 590 At
2233 535 2688 606 quemadmodum
2727 534 2818 602 qui
2861 535 2960 586 hoc
2991 531 3179 587 ditant
3205 575 3219 598 ,
3261 539 3356 589 de-

139 627 204 694 τῷ
234 627 289 677 ὲκ
316 623 408 690 τῆς
433 622 539 674 τῶν
572 621 856 692 ὀνομάτων
889 624 1250 692 παραλλαγῆς
1300 632 1396 692 τὴν
1430 627 1538 678 τῶν
1579 628 1668 680 οὑ.

1769 623 1957 684 lirant,
1989 623 2067 676 sic
2113 624 2400 677 insaniunt
2468 623 2545 677 illi
2599 623 2694 693 qui
2729 621 2861 677 illud
2915 633 3192 678 asserunt.
3243 625 3356 679 Sed

142 715 253 770 σιῶν
289 714 596 767 ἐναντῖωσιν
664 716 1090 782 παρεισάγοντι.
1146 717 1305 769 Οὕτω
1359 719 1403 770 δ’
1461 721 1525 772 ἂν
1565 721 1672 790 πρδ

1802 723 1875 768 ste
1923 725 2247 784 argumenta
2298 731 2357 770 se
2423 714 2576 786 lingit
2641 716 2846 770 habere
2906 715 3356 781 innumerabilia,

142 809 329 862 πάντων
356 805 541 858 ἑαυτὸν
568 805 921 860 καταϐάλλω.
957 808 1017 860 Et
1044 811 1152 878 γὰρ
1174 809 1426 879 διαφέρει
1457 813 1672 881 ποίηρά

1805 807 1964 860 uibus
1993 807 2367 862 demonstrare
2398 808 2612 877 possit.
2675 806 2874 861 Filium
2916 823 2946 862 a
2972 808 3184 863 sanctis
3216 825 3357 878 npns

139 918 185 952 τε
211 898 292 949 καὶ
318 898 581 966 γέννημα.
607 896 859 967 διάφοροι
921 897 1140 952 ἔσονται
1186 901 1280 954 τοῦ
1327 903 1668 970 Μονογενοῦ;

141 990 315 1052 οὐσίαι,
352 989 415 1058 τῇ
463 989 694 1059 διαφορᾷ
723 988 832 1042 τῶν
859 989 1140 1060 ὀνομάτων
1177 993 1464 1061 ἑπόμεναι.
1520 995 1580 1048 El
1611 994 1666 1046 δε

137 1078 268 1130 τοῦτο
292 1077 777 1147 παραφρονούντων
797 1079 994 1142 εἰπεῖν,
1021 1081 1142 1134 οὐδὲ
1169 1083 1344 1134 ἐκεῖνο
1397 1085 1667 1153 καθεστη-

143 1170 309 1222 κότων.
353 1167 412 1220 Ὀ
457 1169 512 1222 δὲ
551 1173 936 1238 προσποιεῖται
1005 1173 1100 1240 μὲν
1154 1176 1357 1245 μυρίας
1389 1176 1534 1247 ἔχεν
1569 1177 1667 1239 τὰς

135 1257 406 1324 ἀποδείξεις
433 1259 530 1312 τοῦ
575 1261 728 1329 παρά
758 1263 868 1314 τῶν
903 1263 1077 1325 ἁγίων
1147 1265 1274 1336 ποίη
1289 1284 1364 1336 μα
1437 1267 1528 1320 τὸν
1564 1267 1672 1338 ⁸1η-

139 1351 243 1403 σοῦν
268 1351 673 1422 προσειρῆσθαι.
707 1354 781 1414 ὡς
809 1355 865 1407 δὲ
914 1355 1000 1425 ἐφ’
1047 1355 1214 1429 ἓτερά
1243 1376 1365 1412 τινα
1396 1361 1672 1430 προηγού-

139 1463 252 1514 μενα
300 1444 544 1498 σπεύδων
594 1443 950 1513 ὑπερτίθεται
984 1446 1148 1516 δῆθεν
1205 1448 1265 1500 ὲν
1319 1448 1397 1518 τῷ
1434 1449 1667 1519 παρόντι

1767 900 2100 968 appellatum
2149 898 2342 966 fuisse,
2386 900 2480 955 sed
2532 915 2594 954 ea
2631 915 2712 964 se,
2743 901 3000 969 quoniam
3033 900 3099 952 ad
3152 901 3354 966 maiora

1777 992 2022 1059 quaedam
2051 989 2296 1060 festinet,
2329 993 2382 1045 in
2423 992 2716 1061 praesentia
2753 1006 2863 1045 non
2895 1006 3354 1046 commemorare.

1780 1081 1884 1138 Sed
1915 1085 2018 1138 hoc
2051 1085 2178 1139 item
2213 1085 2415 1139 versuti
2439 1084 2674 1139 hominis
2698 1083 2958 1137 malitiam
2983 1091 3036 1136 et
3065 1082 3354 1135 artiﬁcium

1781 1176 1977 1243 arguit,
2015 1175 2106 1244 qui
2170 1190 2231 1229 ca
2271 1174 2326 1228 in
2371 1173 2574 1244 quibus
2605 1175 2792 1234 haeret,
2849 1171 3074 1226 silentio
3135 1171 3354 1224 transit.

1779 1266 1912 1322 Nam
1967 1268 2015 1322 si
2065 1268 2152 1322 vel
2187 1269 2439 1323 umbram
2481 1268 2712 1322 haberet
2747 1265 2986 1332 alicuius
3034 1262 3354 1323 testimonii,

1781 1375 1889 1429 quo
1919 1360 2249 1433 Unigenitus
2297 1362 2496 1421 factus,
2528 1367 2621 1413 aut
2679 1373 2818 1428 opus
2841 1358 3141 1417 diceretur,
3183 1353 3354 1423 jacta-

1779 1454 1928 1506 tionc
1960 1454 2144 1523 ipsius
2169 1470 2328 1507 aures
2355 1463 2558 1506 nostra:
2575 1452 2685 1518 jam
2710 1449 3187 1504 obsurdescercnt.

139 1541 219 1610 τὴν
251 1542 483 1612 μνήμην.
521 1540 679 1594 ΙἘστι
733 1540 790 1594 δὲ
843 1542 1111 1596 καὶτοῦτο
1149 1545 1399 1615 τεχνικὸν
1431 1545 1494 1598 τὸ
1537 1547 1910 1618 κακούργημα
1939 1553 1998 1604 ὲν
2053 1545 2136 1612 οἷς
2199 1551 2398 1619 ἀπορεῖ
2424 1549 2600 1617 λόγων
2625 1549 2724 1618 τὴν
2785 1547 2996 1613 σιωπὴν
3062 1540 3352 1611 προτιμᾷν.

139 1637 309 1709 Εἰγάρ
362 1637 520 1692 σκιὰν
557 1637 870 1710 μαρτυρίας
922 1635 1038 1710 εἶχε
1094 1641 1195 1710 τῆς
1253 1642 1342 1694 τὸν
1387 1643 1668 1714 Μονογενῆ
1709 1644 1978 1717 λεγούσης
2038 1646 2273 1716 ποίημα,
2301 1645 2406 1698 κᾶν
2463 1641 2971 1713 ὲκεκὼφωτοὴμῶν
3006 1641 3106 1710 ἤδη
3141 1636 3210 1690 τὰ
3240 1628 3357 1690 ὦτα

140 1727 634 1797 περιθρυλλούμενα.

552 1823 654 1877 Ἐκ
686 1825 793 1879 τοῦ
819 1824 1006 1882 αὐτοῦ
1040 1826 1248 1894 λόγου.

195 1915 362 1968 Ταῦτα
424 1916 522 1984 μὲν
584 1915 676 1970 οὖν
737 1916 928 1988 ὥσπερ
989 1918 1315 1989 προαγωνές
1369 1937 1513 1982 τινες
1579 1919 1675 1973 καὶ

138 2007 426 2062 κατασκευαὶ
466 2005 568 2074 τῆς
620 2003 970 2074 βλασφημίας
1008 2002 1148 2056 είσί·
1185 2002 1245 2054 τὸ
1284 2000 1340 2054 δὲ
1386 2000 1682 2072 κεφάλαιον

139 2099 213 2152 τοῦ
242 2096 400 2150 κακοῦ
431 2097 488 2148 ἐν
513 2099 627 2159 τοῖς
658 2096 783 2166 ἑξῆς
815 2094 1066 2165 ἐπιφέρει
1094 2093 1292 2162 λέγων·

187 2214 326 2266 ΕΥΝ.
367 2212 476 2282 Τὴν
511 2210 703 2264 οὐσίαν
731 2209 824 2262 τοῦ
876 2207 1007 2261 Υίοῦ
1053 2207 1407 2276 γεγεννῆσοαι
1441 2207 1538 2278 μὲν
1582 2205 1682 2259 οὐκ

133 2303 268 2360 οὖσαν
293 2305 391 2375 πρὸ
413 2303 513 2373 τῆς
552 2302 690 2364 ἰδίας
726 2300 1058 2364 συστάσεως,
1086 2295 1225 2350 εἶναι
1255 2285 1310 2351 δὲ
1332 2297 1685 2369 γεννηθεῖσαν

134 2399 220 2469 πρὸ
246 2398 447 2450 πάντων
483 2393 684 2467 γνώμῃ
713 2393 804 2446 τοῦ
839 2392 1070 2462 Πατρός.

190 2511 315 2564 ΒΑΣ.
345 2511 462 2562 Ἔτι
498 2509 613 2561 τῶν
651 2506 829 2560 αὐτῶν
873 2504 1058 2575 ἔχεται
1104 2502 1515 2574 τεχνασμὰτων.
1551 2499 1688 2572 Περὶ

134 2607 211 2674 τῆς
239 2603 408 2666 οὐσίας
447 2603 583 2672 ἡμῖν
621 2598 716 2653 τοῦ
752 2597 881 2651 Υίοῦ
913 2597 1242 2666 διαλέγεται,
1284 2596 1359 2660 ὠς
1389 2595 1451 2667 δή
1481 2613 1534 2648 τι
1567 2595 1688 2648 ἓτε-

136 2716 208 2769 ρον
234 2696 390 2766 λέγων
432 2695 566 2764 παρ’
604 2691 774 2762 αὐτὴν
815 2690 906 2743 τὸν
937 2689 1068 2742 Υίὸν
1105 2727 1122 2752 ,
1271 2687 1366 2742 καὶ
1400 2687 1575 2758 τούτῳ
1610 2684 1688 2758 τῷ

134 2791 286 2860 τρόπῳ
317 2786 622 2858 προημεροῖ
655 2787 723 2854 τῇ
757 2780 1078 2852 βλασφημίᾳ
1123 2779 1222 2851 τὴν
1252 2779 1454 2850 ἀκοήν⁸
1488 2779 1589 2832 οὐκ
1622 2780 1688 2832 ὲκ

135 2878 208 2931 τοῦ
236 2875 528 2949 προφανοῦς
558 2875 736 2948 λέγων
779 2875 843 2926 ὲκ
891 2872 964 2944 μὴ
1002 2871 1170 2925 ὄντων
1201 2869 1560 2942 γεγεννῆσθαι
1597 2869 1688 2925 τὸν

136 2970 255 3031 Υἱὸν,
293 2967 421 3021 ἀλλά
465 2967 571 3035 τὴν
620 2965 808 3018 οὐσίαν
849 2963 1016 3019 αὐτοῦ
1063 2962 1423 3033 γεγεννῆσθαι
1590 2963 1688 3015 οὐκ

136 3057 281 3114 οὖσαν.
315 3058 421 3129 Πρὸ
466 3059 620 3120 τίνος
652 3057 752 3110 οὐκ
796 3051 993 3120 οὖσαν;
1033 3055 1174 3108 εἰπέ.
1216 3054 1484 3126 Θεωρεῖτε
1523 3052 1688 3108 αὐτοῦ
1729 3079 1736 3086 ·

136 3152 456 3220 τὸσόφισμας
506 3147 694 3218 Αὐτὴν
743 3148 909 3218 ἑαυτῇ
963 3145 1266 3215 συγκρίνει,
1318 3145 1406 3199 ἵνα
1449 3148 1583 3198 πᾶσι
1625 3145 1688 3219 δὴ

2326 1823 2408 1878 Ea:
2437 1824 2614 1878 eodem
2647 1820 2798 1874 libro.

1859 1915 1962 1971 Sed
2022 1917 2136 1973 haec
2193 1926 2322 1972 sunt
2369 1917 2526 1987 quasi
2587 1915 2844 1985 praeludia
2895 1915 3139 1983 quaedam
3206 1910 3355 1966 blas-

1787 2001 2014 2066 phemia!
2052 2012 2214 2072 atque
2254 2015 2582 2072 apparatus;
2621 2017 2782 2074 caput
2828 2018 3009 2060 autem
3037 2008 3159 2060 mali
3196 2008 3365 2066 infert

1787 2089 1839 2143 in
1867 2093 2236 2160 sequentibus,
2266 2098 2354 2150 ubi
2387 2097 2544 2150 dicit:

1863 2205 1996 2260 EUN.
2026 2207 2398 2262 Sttltstantiam
2428 2209 2552 2264 Filii
2578 2213 2813 2281 genitam
2841 2215 3056 2283 quidem
3085 2231 3209 2269 esse
3237 2231 3357 2271 cum

1786 2313 1891 2351 non
1932 2309 2077 2353 esset
2117 2311 2242 2355 ante
2289 2304 2562 2371 propriam
2607 2308 3078 2371 constitutionem,
3124 2309 3358 2376 genitam

1789 2394 1968 2443 tamen
1999 2405 2122 2445 esse
2157 2401 2283 2446 ante
2310 2395 2488 2447 omnia
2536 2395 2812 2449 voluntate
2849 2396 3040 2451 Patris.

1861 2499 1987 2557 Bas.
2031 2502 2224 2559 Iisdem
2250 2507 2428 2561 adhuc
2459 2508 2657 2562 insistit
2689 2508 2958 2564 artificiis.
2997 2510 3069 2564 De
3105 2510 3363 2564 substan-

1790 2589 1862 2644 tia
1891 2591 2011 2646 Filii
2053 2593 2208 2649 nobis
2237 2597 2398 2650 verba
2439 2597 2589 2662 facit,
2638 2601 2792 2668 quasi
2827 2601 2973 2654 dicat
3021 2599 3214 2653 Filium
3239 2617 3359 2657 esse

1789 2683 1932 2738 aliud
1962 2687 2089 2756 quid
2117 2699 2312 2756 praeter
2348 2692 2538 2760 ipsam,
2573 2703 2734 2762 atque
2777 2695 2878 2749 hoc
2920 2696 3079 2748 modo
3114 2712 3272 2749 aures
3298 2698 3362 2747 ad

1791 2776 2180 2848 blasphemiam
2244 2784 2566 2837 audiendam
2642 2786 3002 2840 detnulccmlo
3070 2797 3359 2857 przeparat,

1790 2882 1912 2925 cum
1965 2887 2069 2925 non
2108 2883 2290 2942 aperte
2321 2874 2466 2928 dicat
2505 2875 2742 2944 genitum
2791 2892 2910 2931 esse
2966 2894 3030 2932 ex
3071 2879 3238 2933 nihilo
3271 2877 3361 2932 Fi-

1792 2960 1955 3026 lium;
1983 2965 2073 3017 sed
2109 2963 2226 3032 ejus
2265 2965 2618 3022 substantiam
2642 2984 2764 3022 cmn
2797 2983 2900 3021 non
2926 2978 3088 3032 esset,
3125 2971 3363 3036 getiitam

1790 3067 1928 3107 esse.
1960 3054 2078 3117 Dic,
2103 3067 2228 3110 ante
2260 3073 2399 3125 quas
2427 3073 2511 3112 res
2544 3075 2646 3112 non
2684 3060 2838 3113 erat?
2871 3060 3072 3114 Videtis
3118 3062 3238 3130 ejus
3269 3079 3362 3116 ca-

1794 3147 2160 3202 villationem?
2192 3146 2563 3204 Substantiam
2590 3165 2712 3204 cum
2749 3153 3035 3219 semetipsa
3065 3165 3363 3221 comparat,

137 3243 306 3296 ἀνεκτὰ
328 3243 448 3316 δόξῃ
481 3241 692 3309 λέγειν,
728 3239 846 3310 οὐχὶ
880 3237 986 3310 πρὸ
1011 3238 1119 3291 τῶν
1149 3235 1360 3290 αἰώνων
1391 3237 1565 3306 λέγων
1591 3237 1691 3291 αὐ-

1802 3248 1850 3293 ut
1909 3240 2210 3295 tolerabilia
2259 3242 2440 3296 dicere
2474 3241 2724 3295 omnibus
2775 3242 3039 3297 videatur.
3099 3241 3362 3297 Nimirum

137 3336 216 3403 τὴν
258 3335 322 3405 μὴ
365 3330 520 3396 εἶναι,
573 3329 694 3383 οὐδὲ
723 3330 910 3393 ἁπλῶς
960 3331 1034 3400 μὴ
1077 3324 1240 3393 εἶναι,
1276 3327 1412 3382 ἀλλά
1453 3330 1559 3400 πρὸ
1591 3330 1691 3399 τῆς

143 3425 251 3486 ιδίας
293 3423 622 3485 συστάσεως.
672 3420 783 3492 Τὴν
831 3421 887 3473 δὲ
938 3420 1032 3473 τοῦ
1074 3419 1289 3492 Πατρὺς
1325 3420 1535 3483 οὐσίαν,
1565 3420 1688 3473 εἰπέ

143 3533 233 3586 μοι,
261 3516 630 3587 πρεσϐυτέραν
657 3507 793 3566 εἶναι
825 3513 888 3565 σὺ
914 3512 1018 3583 φῂς
1044 3512 1142 3582 τῆς
1177 3511 1312 3576 ἰδίας
1349 3512 1690 3578 συστάσεωςς

143 3608 193 3659 Εἰ
225 3608 307 3676 μὲν
336 3608 438 3678 γὰρ
480 3608 588 3677 οὐχ
619 3604 910 3658 ὑποὸἀλλει
937 3603 1150 3675 χρόνοις
1179 3603 1273 3657 τοῦ
1313 3605 1443 3658 Υίοῦ
1476 3604 1572 3676 τὴν
1605 3604 1694 3656 οὺ-

145 3701 262 3762 σίαν,
297 3701 410 3753 οὐδὲ
444 3699 503 3752 τὸ
557 3697 848 3767 πρότερον
876 3695 1018 3750 κατά
1049 3696 1237 3750 τοῦτον
1269 3697 1360 3750 τὸν
1389 3697 1544 3766 λόγον
1576 3701 1695 3751 ἐπιί-

144 3795 232 3843 νοεῖ
262 3834 275 3854 ,
413 3793 647 3861 μάταιος
701 3790 800 3859 μὲν
832 3789 979 3860 αὑτῷ
1008 3790 1100 3842 καὶ
1139 3789 1308 3859 ἀργὸς
1333 3791 1358 3842 ὁ
1384 3788 1560 3858 λόγος,
1591 3789 1695 3842 διό-

149 3897 233 3949 περ
265 3880 374 3932 οὐδὲ
415 3879 768 3950 ἀποκρίσεως
802 3877 971 3940 ἄξιος.
1016 3879 1127 3948 Οὐχ
1170 3874 1328 3948 ἦττον
1377 3879 1557 3948 μέντοι
1603 3878 1694 3935 καὶ

150 3971 224 4022 ἐπὶ
245 3972 327 4024 τοῦ
352 3971 482 4024 Θεοῦ
508 3969 624 4024 τῶν
650 3969 786 4022 ὅλων
817 3967 1046 4039 ὑπάρξει
1074 3971 1186 4032 τοῖς
1233 3969 1572 4040 βουλομένοις
1601 3988 1695 4040 με-

149 4063 427 4133 τακομίζειν
449 4063 555 4134 τὴν
589 4062 946 4134 ματαιότητα.
981 4061 1054 4113 Τό
1087 4078 1146 4113 τε
1171 4061 1280 4133 γὰρ
1310 4061 1408 4114 οὐκ
1438 4058 1577 4114 εἶναι
1607 4062 1695 4113 λέ-

151 4169 248 4219 γειν
278 4155 360 4206 τὸν
389 4155 518 4207 Θεὸν
553 4153 662 4223 πρὸ
687 4154 786 4224 τῆς
831 4153 966 4216 ἰδίας
991 4153 1321 4217 συστάσεως,
1349 4155 1444 4206 καὶ
1470 4153 1531 4206 τὸ
1560 4148 1697 4206 εἶναι

146 4242 296 4312 λέγειν
328 4245 427 4317 πρὸ
458 4243 655 4299 ἑαυτοῦ
686 4275 702 4302 ,
850 4245 944 4315 τῆς
972 4245 1142 4315 αὐτῆς
1189 4246 1337 4299 ἐστιν
1365 4245 1696 4317 ἀφροσύνης.

151 4337 201 4386 Ei
224 4336 273 4388 δὲ
293 4337 560 4408 χρονικῶς
589 4336 680 4388 ἐπὶ
704 4339 802 4405 τῆς
822 4337 1010 4400 οὐσίας
1031 4337 1124 4390 τοῦ
1155 4337 1286 4390 Υίοῦ
1319 4336 1380 4391 τὸ
1413 4339 1698 4408 πρότερον

147 4429 352 4493 δέγεται,
397 4430 492 4482 καὶ
523 4431 593 4481 ὲκ
623 4429 697 4497 μὴ
740 4429 906 4480 ὅντων
959 4431 1124 4501 φήσει
1169 4430 1266 4501 τὴν
1311 4433 1499 4484 οὐσίαν
1533 4430 1698 4484 αὑτοῦ

147 4519 472 4588 γεγεννῆσθαι
517 4553 532 4574 .
692 4515 890 4584 μᾶλλον
932 4513 986 4565 δὲ
1026 4513 1186 4565 αὑτὸν
1231 4512 1322 4565 τὸν
1357 4511 1513 4562 Υίόν·
1555 4510 1703 4562 οὐδὲν

1795 3347 1900 3385 non
1924 3333 2052 3388 dicit
2075 3348 2192 3387 eam
2223 3342 2347 3387 ante
2369 3333 2563 3388 saecula
2596 3349 2698 3387 non
2731 3333 2916 3398 fuisse,
2953 3349 3126 3403 neque
3156 3334 3366 3399 simpli-

1790 3423 1930 3477 citer
1954 3438 2055 3476 non
2092 3422 2282 3488 fuisse,
2315 3424 2408 3477 sed
2440 3434 2564 3476 ante
2611 3437 2764 3477 suam
2813 3423 2981 3492 ipsius
3015 3425 3363 3479 constitutio-

1799 3531 1918 3567 nem
1950 3531 2050 3568 non
2083 3515 2266 3569 fuisse.
2301 3516 2427 3580 Sed,
2463 3515 2548 3568 dic
2579 3515 2730 3578 mihi,
2759 3514 2910 3568 aisne
2936 3523 2987 3568 tu
3029 3513 3204 3569 Patris
3236 3515 3364 3568 sub-

1799 3610 2058 3662 stantiam
2079 3625 2176 3662 sua
2217 3609 2386 3678 ipsius
2409 3607 2796 3661 constitutione
2815 3621 2936 3660 esse
2965 3606 3370 3675 antiquiorem?

1806 3701 2012 3754 Etenim
2071 3702 2114 3755 si
2171 3701 2509 3770 temporibus
2539 3716 2642 3752 non
2680 3698 2896 3767 subjicit
2946 3696 3066 3750 Filii
3110 3699 3370 3752 substan-

1807 3791 1955 3854 tiam,
2002 3804 2174 3858 neque
2218 3791 2364 3858 prius
2404 3791 2504 3844 hac
2537 3789 2742 3842 ratione
2793 3787 3061 3856 intelligit,
3095 3788 3272 3840 inanis
3316 3797 3373 3842 et

1803 3892 1940 3933 Vana
1989 3889 2074 3932 est
2123 3879 2240 3946 ejus
2295 3879 2492 3942 oratio,
2545 3888 2874 3948 quapropter
2921 3893 2988 3932 ne
3017 3881 3368 3946 responsione

1803 3970 2019 4040 quidem
2054 3970 2209 4039 digna
2239 3979 2340 4024 est.
2376 3970 2438 4024 Et
2486 3971 2703 4039 quidem
2741 3971 2791 4024 id
2832 3971 3006 4040 ipsum
3048 3987 3153 4026 non
3195 3971 3374 4026 minus

1805 4063 1872 4117 de
1905 4062 2010 4116 Deo
2048 4064 2210 4116 etiam
2249 4065 2622 4118 universorum
2676 4063 2781 4117 dici
2824 4064 3043 4132 poterit,
3078 4063 3124 4118 si
3163 4063 3286 4132 quis
3317 4065 3370 4116 in

1803 4169 1923 4208 eum
1956 4155 2095 4210 hanc
2150 4155 2462 4210 inanitatem
2511 4157 2744 4210 voluerit
2804 4154 3120 4210 transferre.
3148 4153 3279 4208 Nam
3319 4160 3376 4208 et

1803 4246 1988 4302 dicere
2025 4247 2187 4302 Deum
2217 4257 2342 4301 ante
2385 4262 2540 4302 suam
2577 4248 3017 4302 constitutionem
3052 4261 3155 4300 non
3185 4245 3370 4312 fuisse,

1807 4346 1862 4390 et
1894 4337 2074 4390 dicere
2100 4352 2220 4389 eum
2245 4345 2371 4391 ante
2401 4337 2638 4404 seipsum
2665 4336 2847 4401 fuisse,
2885 4337 3126 4402 ejusdem
3148 4335 3375 4390 demen-

1812 4429 1899 4483 tiae
1931 4437 2031 4484 est.
2068 4427 2219 4494 Quod
2249 4429 2294 4483 si
2331 4428 2696 4496 temporaliter
2743 4444 2926 4480 vocem
2967 4431 3110 4492 prius
3147 4429 3211 4479 de
3256 4425 3377 4480 Filii

1806 4508 2107 4563 substantia
2143 4507 2356 4572 accipit,
2398 4505 2651 4572 dicetque
2705 4506 2939 4571 genitam
2977 4501 3143 4554 fuisse
3189 4515 3253 4553 ex
3295 4503 3379 4555 ni-

147 4605 238 4677 γὰρ
265 4608 503 4678 διαφέρει
549 4605 683 4677 πρός
725 4620 788 4673 γε
839 4604 1008 4673 αὐτὴν
1052 4602 1150 4673 τὴν
1197 4602 1435 4656 διάνοιαν
1460 4595 1691 4666 οὒτωςῆ

1804 4597 1915 4652 hilo
1938 4596 2295 4650 substantiam
2321 4594 2457 4663 ejus,
2490 4597 2598 4650 imo
2621 4594 2812 4648 Filium
2840 4594 3046 4660 ipsum;
3081 4591 3212 4644 nihil
3233 4591 3376 4645 enim

147 4694 269 4749 οὕτω
309 4697 484 4765 λέγειν
508 4715 522 4727 ·
575 4696 790 4767 πρῶτον
821 4694 919 4765 μὲν
944 4693 1136 4764 χρόνον
1169 4689 1423 4763 [χρόνων]
1451 4687 1702 4759 δεύτερον

145 4785 347 4847 τίθεται,
389 4791 437 4842 εί
479 4789 535 4841 δὲ
581 4787 778 4856 βούλει,
811 4785 905 4838 καὶ
945 4785 1179 4848 αἰώνων,
1224 4784 1314 4836 τὸν
1347 4781 1571 4853 ποιητὴν
1595 4779 1703 4832 τῶν

519 4879 714 4932 ἔπειτα
761 4877 941 4946 μέντοι
991 4874 1298 4927 ἀκολουθῶν
1349 4876 1466 4935 ταῖς
1508 4868 1703 4924 ἑαυτοῦ

707 4971 801 5022 καὶ
842 4968 934 5020 τὸν
973 4969 1193 5038 Πατέρα
1225 4968 1408 5037 φήσει,
1453 4967 1553 5016 οὐκ
1575 4964 1705 5016 ὄντα

147 4878 335 4933 αίὼνων
377 4900 388 4910 ·

149 4968 486 5040 βλασφημίαις
505 5009 520 5033 ,

149 5063 343 5134 ῐῐατέρα
367 5067 424 5118 τὸ
450 5066 508 5129 ἐξ
541 5065 734 5134 ἀρχῆς,
779 5057 894 5114 εἶτα
929 5059 1153 5129 ὕστερον
1185 5059 1486 5126 γεγονέναι.

327 5243 520 5296 Καίτοι
558 5243 605 5294 εἰ
639 5241 734 5310 μὲν
766 5239 927 5292 καλὸν
970 5238 1064 5290 καὶ
1100 5236 1306 5307 πρέπον
1345 5238 1410 5306 τῇ
1446 5252 1706 5306 μακαριο-

149 5346 254 5401 τητι
269 5333 358 5386 τοῦ
381 5334 520 5387 Θεοῦ
535 5333 598 5386 τὸ
621 5329 758 5386 εἶναι
784 5329 1028 5400 Πατέρα,
1054 5329 1170 5392 πῶς
1190 5329 1290 5382 οὐκ
1315 5328 1374 5393 ἐξ
1539 5323 1710 5395 ἀρχῆς

147 5423 200 5475 τὸ
221 5427 417 5496 πρέπον
440 5426 588 5496 αὐτῷ
612 5424 830 5496 napi-pi;
857 5425 925 5476 Ἦ
945 5421 1054 5492 γὰρ
1080 5420 1271 5492 ἀγνοίᾳ
1299 5419 1392 5473 τοῦ
1420 5417 1705 5490 βελτίονος,

149 5515 176 5584 ἦ
204 5516 462 5589 ἀδυναμίᾳ.
497 5518 712 5581 παντως
739 5515 1044 5585 λογιοῦνται
1082 5516 1180 5585 τὴν
1213 5513 1478 5582 ἔλλειψιν·
1516 5509 1708 5580 ἀγνοίᾳ

153 5607 258 5673 μὲν,
297 5608 451 5677 εἰπερ
482 5609 704 5680 ὕστερον
733 5607 916 5680 ἐξεῦρε
961 5607 1021 5661 τὸ
1064 5607 1296 5676 βέλτιον,
1328 5601 1599 5671 ἀδυναμίᾳ
1631 5600 1707 5662 δὲ,

150 5697 294 5769 εἴπερ
325 5700 478 5764 εἰδὼς
513 5702 604 5753 καὶ
653 5703 852 5762 συνιεὶς
891 5698 1232 5767 ἀπετύγχανε
1265 5694 1357 5748 τοῦ
1399 5693 1708 5746 καλλίστου.

151 5789 204 5839 Ei
231 5789 283 5842 δὲ
322 5792 382 5862 (ὃ
412 5791 486 5862 μὴ
521 5791 675 5862 θέμις
715 5788 930 5859 εἰπεῖν)
980 5790 1042 5842 οὐ
1075 5787 1240 5841 καλὸν
1285 5783 1432 5853 αὑτῴ
1470 5781 1530 5835 τὸ
1575 5779 1711 5832 εἶναι

152 5879 352 5955 Πατέρα
372 5922 386 5950 ,
431 5884 573 5948 τίνος
602 5885 787 5938 ἕνεκεν
823 5884 907 5961 ἐκ.
938 5879 1240 5952 μεταόολῆς
1271 5877 1333 5930 τὸ
1363 5878 1545 5946 χεῖρον
1579 5888 1715 5943 προς-

1806 4692 1988 4753 refert,
2031 4689 2174 4756 quod
2226 4687 2292 4741 ad
2354 4685 2678 4742 sententiam
2725 4683 2939 4745 attinet,
2973 4682 3051 4733 sic
3077 4681 3157 4733 vel
3196 4681 3380 4734 sicdi-

1805 4800 1928 4836 cere
1955 4800 1968 4835 :
1994 4782 2224 4850 primum
2257 4779 2473 4848 quidem
2511 4777 2866 4846 temporibus,
2891 4784 3074 4840 atque,
3101 4773 3143 4826 si
3176 4773 3248 4826 ita
3277 4773 3379 4837 vis,

1807 4874 2021 4927 sa-cnlis
2048 4872 2384 4926 conditorem
2429 4869 2748 4925 saaculorum
2801 4867 3079 4918 constituit
3115 4866 3382 4934 posterio-

1810 4982 1920 5018 rem
1949 4984 1961 5020 :
1987 4965 2183 5019 deinde
2209 4979 2336 5018 vero
2368 4961 2718 5032 blasphemiis
2759 4960 2873 5013 suis
2924 4958 3178 5012 insistens
3210 4957 3384 5011 dictu-

1811 5074 1900 5111 rus
1929 5067 2010 5111 est
2046 5057 2208 5112 etiam
2245 5056 2484 5121 Patrem,
2518 5069 2640 5109 cum
2679 5052 2840 5106 Pater
2867 5067 2974 5106 non
3007 5062 3152 5104 esset
3180 5051 3244 5102 ab
3281 5050 3384 5102 ini-

1811 5153 1903 5214 tio,
1938 5160 2048 5203 tum
2081 5150 2297 5204 demttm
2335 5147 2534 5202 factum
2563 5146 2745 5200 fuisse.

2035 5238 2195 5308 Atqui
2297 5241 2341 5294 si
2474 5237 2757 5292 honestum
2790 5250 2854 5290 ac
2887 5236 3142 5288 decorum
3179 5243 3264 5285 est
3291 5230 3383 5284 Dei

1812 5333 2130 5387 beatitudini
2166 5330 2383 5386 Patrem
2407 5343 2555 5394 esse;
2585 5327 2676 5396 qui
2705 5328 2759 5380 lit
2801 5337 2857 5379 ttt
2881 5325 2930 5378 id
2957 5323 3098 5394 quod
3123 5324 3382 5387 decebat,

1809 5425 1858 5477 ei
1898 5425 1966 5477 ah
2015 5422 2170 5478 initio
2205 5436 2310 5476 non
2354 5415 2603 5474 adesset?
2631 5418 2737 5470 Aut
2774 5415 2916 5469 enim
2955 5414 3195 5468 melioris
3233 5411 3384 5478 igno-

1812 5517 2032 5580 rationi,
2069 5525 2158 5568 ant
2186 5514 2409 5567 omnino
2441 5509 2769 5579 impotentiae
2809 5507 2951 5559 hunc
2977 5504 3243 5558 defectum
3283 5503 3384 5556 im-

1813 5609 2076 5676 putabant
2116 5623 2131 5660 :
2186 5602 2508 5674 ignorationi
2556 5599 2794 5668 quidem,
2847 5597 2890 5651 si
2935 5596 3193 5665 deinceps
3241 5593 3383 5660 quod

1817 5695 2005 5749 melius
2038 5704 2121 5748 est
2153 5693 2512 5762 excogitavit;
2563 5685 2894 5756 impotentia:
2937 5699 3089 5752 vero,
3128 5689 3171 5739 si
3206 5687 3385 5738 sciens

1815 5798 1977 5856 atque
2007 5787 2350 5853 intelligens,
2393 5783 2533 5852 quod
2567 5780 2829 5851 optimum
2863 5788 2984 5833 erat
3009 5779 3223 5847 assequi
3277 5790 3382 5830 non

1818 5880 2013 5950 potuit.
2060 5876 2212 5944 Quod
2243 5877 2287 5933 si
2325 5873 2502 5948 (quod
2536 5873 2614 5930 fas
2645 5888 2752 5929 non
2784 5884 2867 5930 est
2899 5871 3122 5944 dicere)
3153 5886 3256 5926 non
3303 5875 3388 5925 est
