3860 6564
198 376 312 446 521

1179 379 1553 442 PANOPLIA
1597 384 2050 447 DOGMATICA.
2085 411 2152 422 —-
2189 390 2337 449 'l‘l'l‘.
2379 375 2485 454 xi.

3362 399 3463 462 522

192 519 295 578 οὖν
315 527 413 579 τοὺ
437 527 768 598 Εὑαγγελίου
793 530 1046 602 λάϐωμεν
1068 532 1147 596 τὸ,
1188 534 1291 587 Ἐν
1314 533 1472 605 ἀρχῇ
1508 535 1588 604 ἦν
1617 541 1648 591 ό
1679 545 1721 592 Λ
1733 541 1764 589 εἴη

1887 552 1951 592 ex
1993 534 2276 604 Evangelia
2307 535 2522 605 quidem
2567 551 2846 595 sumamus
2879 540 3050 598 illud:
3085 542 3153 600 In
3203 547 3454 618 principio

194 634 309 685 τος
330 632 345 645 ·
383 619 444 671 ἐκ
469 618 523 672 δὲ
548 619 640 672 τοῦ
661 621 880 693 ψαλμοῦ
915 624 991 687 ὡς
1019 625 1083 676 ἐκ
1125 624 1414 697 προσώπου
1446 625 1539 680 τοῦ
1573 629 1784 700 Πατρὺς

191 708 496 778 εἰρημένον
529 711 609 776 τὸ,
643 713 737 766 Ἐκ
762 715 1024 782 γαστρὸς
1061 717 1176 785 πρὸ
1210 718 1520 789 ἑωσφρρου
1693 742 1784 794 γε-

187 798 472 867 γέννηκά
503 817 578 855 σε
597 821 610 834 ·
641 806 735 858 καὶ
761 805 1043 872 συνθέντες
1070 811 1376 883 ἀμφότερα,
1412 813 1678 886 εἴπωμεν,
1701 819 1784 873 ὅτι

188 891 296 943 καὶ
332 887 404 963 ἦν
450 896 541 948 καὶ
569 896 913 965 γεγέννηται.
957 900 1117 955 Ἀλλὰ
1145 902 1206 956 τὸ
1252 905 1370 974 μὲν,
1405 908 1782 979 Γεγέννηκα,

188 982 298 1053 τὴν
333 985 513 1039 αἰτίαν
534 987 626 1056 ἀφ’
654 983 722 1062 ἦς
749 988 862 1060 ἔχει
887 991 984 1062 τὴν
1008 992 1184 1063 ἀρχὴν
1208 994 1304 1048 τοῦ
1333 992 1474 1051 εἶναι
1502 1001 1776 1069 σημαίνει·

187 1074 258 1126 τὸ
282 1074 367 1138 δὲ,
396 1072 536 1140 Ἦν,
569 1079 668 1150 τὴν
695 1081 922 1152 ἄχρονον
948 1084 1112 1137 αὑτοῦ
1135 1087 1227 1139 καὶ
1251 1087 1572 1156 προαιώνιον
1600 1091 1772 1164 ὑπαρ-

191 1164 304 1228 ξιν.
349 1168 410 1221 Ὀ
451 1169 528 1230 δὲ,
580 1171 1053 1245 ἐπαγωνιζόμενος
1089 1181 1154 1248 τῇ
1209 1181 1403 1234 ἑαυτοῦ
1440 1183 1656 1255 ἀπάτῃ,
1701 1187 1780 1248 είς

187 1257 404 1312 ἄτοπον
433 1260 523 1313 τὸν
561 1261 715 1331 λόγον
734 1265 970 1334 ἀπάγειν
998 1269 1189 1322 οἴεται.
1554 1281 1560 1285 ⁷

270 1442 434 1496 ΕΥΝ.
496 1445 556 1497 Εἰ
587 1447 713 1518 γὰρ,
763 1451 915 1520 φησὶ,
968 1453 1074 1524 πρὸ
1103 1455 1203 1525 τῆς
1227 1459 1531 1531 γεννήσεως
1713 1458 1782 1533 ἦν

186 1532 296 1601 τῆς
333 1534 526 1587 ἑαυτοῦ
555 1537 583 1586 ὁ
615 1537 758 1602 Υἱὸς,
797 1541 1092 1613 ἀγέννητος
1122 1541 1210 1616 ἦν.

267 1624 421 1677 ΒΑΣ.
465 1627 622 1681 Ἀλλὰ
673 1630 735 1683 τὸ
777 1631 889 1699 πρὸ
934 1633 1044 1702 τῆς
1104 1637 1440 1707 γεννήσεως
1505 1643 1693 1708 τοῦτο,
1736 1641 1781 1701 ὦ

191 1717 424 1787 μάταιε,
473 1719 592 1787 ἦτοι
635 1721 986 1794 ἀνύπαρκτόν
1031 1729 1146 1780 ἐστι
1191 1731 1497 1797 παντελῶς.
1533 1736 1627 1789 καὶ
1669 1737 1780 1792 διαο

189 1810 351 1873 νοίας
382 1812 740 1884 ἁναπλασμὸς
768 1817 945 1871 οὐδενὶ
987 1820 1336 1894 ὲρειδομένης
1385 1826 1729 1903 ὑποκειμένῳ
1761 1851 1773 1862 ·

186 1904 292 1956 καὶ
354 1903 408 1956 τί
457 1903 536 1957 δεῖ
582 1906 884 1976 ἀντιλέγειν
917 1913 1029 1975 τοῖς
1079 1913 1362 1986 ἀνοήτοις;
1395 1922 1778 1994 παραπλήσιον

186 1993 308 2062 γὰρ
338 1994 515 2058 τοῦτο,
543 1995 732 2068 ὥσπερ
755 1997 821 2051 ἂν
854 2001 902 2052 εί
933 2003 1024 2054 καὶ
1055 2003 1131 2074 τῷ
1160 2006 1253 2058 τὸν
1273 2006 1528 2080 λογισμὸν
1553 2013 1617 2066 ὲκ
1644 1993 1777 2087 rppe-

185 2083 395 2148 νίτιδος
427 2088 811 2157 παρενεχθέντι
834 2090 1204 2166 διεμαχόμεθα
1234 2113 1248 2126 ·
1285 2098 1318 2168 ἢ
1344 2102 1390 2153 εἰ
1425 2103 1561 2171 πρός
1582 2121 1638 2157 τι
1668 2083 1776 2160 τῶν

184 2176 368 2229 ὄντων
414 2179 665 2248 φέρεται,
713 2183 807 2235 καὶ
865 2185 999 2257 πρὸς
1023 2187 1122 2259 τὴν
1173 2190 1280 2244 τῶν
1309 2192 1520 2249 αἰώνων
1570 2197 1778 2255 ἔννοιαν

187 2269 573 2338 ἐνεχθήσεται.
631 2273 768 2326 Ἀλλ’
797 2277 952 2350 εἴπερ
985 2279 1182 2345 αἰῶνες
1229 2284 1429 2350 πάντες
1475 2288 1628 2344 κάτω
1672 2310 1774 2346 που

184 2359 292 2429 τῆς
321 2362 590 2428 γενέσεως
789 2368 884 2422 τοῦ
925 2371 1263 2441 Μονογενοῦς
1309 2378 1575 2446 νοοῦνται,
1607 2385 1772 2439 αὑτοῦ

186 2453 407 2506 ἐκείνου
451 2454 605 2520 ὄντες
638 2459 939 2531 ποιήματα,
998 2463 1228 2534 μάταιος
1276 2470 1306 2522 ὁ
1359 2471 1634 2543 ἐπιζητῶν
1677 2477 1774 2548 τῆς

183 2545 545 2611 ὑποστάσεως
593 2549 689 2603 τοῦ
749 2551 879 2606 Υίοῦ
933 2554 1002 2609 τὰ
1052 2559 1417 2634 πρεσϐύτερα.
1449 2565 1616 2620 Οὐδὲν
1663 2545 1772 2640 γὰρ

180 2634 533 2708 ἀλλοιότερον
552 2641 752 2711 ἐρωτᾷ,
785 2643 819 2714 ἢ
851 2644 900 2697 εί
921 2645 1014 2698 καὶ
1055 2649 1184 2720 περῖ¹
1214 2651 1310 2704 τοῦ
1360 2653 1574 2726 Πατρδς
1610 2634 1774 2712 ἐπυν-

183 2725 413 2794 θάνετο,
451 2731 680 2802 πότερον
729 2735 939 2808 ὑπῆρχε
986 2739 1091 2810 πρὸ
1126 2743 1227 2813 τῆς
1259 2744 1396 2809 ιδίας
1435 2725 1769 2816 συστάσεως,

178 2819 218 2888 ἢ
247 2819 393 2889 οὐχί.
433 2822 521 2885 Ὧς
549 2824 658 2896 γὰρ
692 2826 810 2879 ἐκεῖ
837 2828 1066 2901 ἀνόητον
1110 2833 1170 2885 τὸ
1207 2833 1467 2908 ἐρώτημα
1489 2881 1504 2905 ,
1547 2841 1640 2894 ἐπὶ
1675 2845 1771 2900 τοῦ

175 2911 431 2982 ἀνάρχου
485 2914 580 2966 καὶ
635 2917 933 2989 ἀγεννήτου
973 2920 1156 2992 ζητεῖν
1185 2925 1246 2978 τὸ
1288 2927 1560 3004 ἀνώτερον
1580 2949 1594 2964 ο
1629 2934 1771 2991 οὑτω

175 3002 283 3054 καὶ
311 3004 567 3071 ἐνταῦθα,
607 3008 701 3061 ἐπὶ
737 3013 832 3064 τοῦ
863 3011 922 3079 ἐξ
959 3014 1130 3069 ἀϊδίου
1158 3017 1236 3088 τῷ
1272 3002 1475 3094 11¢“:pr
1498 3027 1766 3097 συνόντος,

174 3097 282 3150 καὶ
307 3099 462 3152 οὐδὲν
481 3099 696 3171 ἔχοντος
733 3105 899 3176 μέσον
931 3108 1126 3162 ἑαυτοῦ
1147 3128 1207 3164 τε
1232 3114 1328 3166 καὶ
1351 3114 1446 3169 τοῦ
1473 3121 1768 3191 γεννήσαν-

172 3204 295 3251 τος,
323 3191 580 3260 χρονικὰς
617 3196 882 3250 ποιεῖσθαι
907 3199 1002 3252 τοῦ
1030 3202 1296 3275 προτέρου
1326 3206 1425 3271 τὰς
1447 3209 1764 3283 ἐρωτήσεις,

172 3281 294 3379 τῇς.
307 3282 432 3353 ἴσης
452 3284 620 3379 ὄντως
642 3287 846 3379 ανοίας.
872 3291 1138 3365 Παραπλή
1147 3313 1260 3350 σιον
1275 3297 1384 3372 γὰρ
1517 3281 1725 3379 ἐρωτᾷν
1747 3346 1762 3372 ,

171 3372 234 3423 τί
268 3372 422 3426 ἔσται
453 3375 594 3444 μετὰ
624 3378 722 3449 τὴν
763 3380 1020 3455 τελευτὴν
1049 3385 1146 3438 τοῦ
1181 3387 1472 3454 ἀθανάτου,
1516 3372 1610 3449 καὶ
1641 3372 1763 3450 ἔστι⁹

1885 638 1994 682 erat
2039 623 2256 680 Verbum
2300 630 2356 692 I;
2393 629 2492 682 hoc
2550 643 2680 685 vero
2717 645 2781 686 ex
2818 631 3034 689 Psalmo
3078 636 3222 692 velut
3265 652 3296 692 e
3340 655 3458 708 per-

1885 735 2017 774 sona
2049 717 2226 773 Patris
2261 719 2466 774 dictum
2496 737 2511 775 :
2541 720 2621 774 Ab
2644 732 2792 777 utero
2826 738 2948 780 ante
2988 727 3265 796 luciferum
3301 731 3456 799 genui

1889 819 1936 862 te
1980 807 1999 834 ’
2027 825 2041 874 ;
2073 819 2236 879 atque
2273 810 2516 879 utrisque
2550 810 2692 866 inter
2724 827 2783 867 sc
2827 816 3140 884 compositis
3167 819 3410 872 dicamus
3440 833 3454 870 :

1887 902 1952 956 Et
1979 914 2118 969 erat,
2147 912 2206 958 et
2240 904 2452 972 genitus
2472 916 2576 960 est.
2612 903 2808 960 Verum
2831 921 2936 962 vox
2970 906 3137 963 Genui
3169 925 3389 968 causam
3427 928 3457 965 a

1887 1009 1991 1063 qua
2042 994 2366 1066 principium
2402 997 2567 1052 habet
2605 999 2830 1064 escendi,
2863 1000 3174 1069 Signiﬁcat:
3215 1019 3316 1059 vox
3363 1019 3458 1059 au-

1889 1097 2016 1149 tem,
2052 1085 2202 1154 Erat,
2250 1088 2452 1142 iudicat
2495 1088 2614 1157 ejus
2652 1090 3026 1145 exsisteutiam
3079 1101 3320 1163 tempore
3363 1109 3458 1149 ca-

1887 1188 2093 1232 rentem
2138 1193 2202 1233 ac
2234 1181 2641 1249 sempiternam.
2686 1181 2791 1235 Sed
2834 1196 2962 1236 vero
3007 1197 3106 1252 pro
3137 1199 3233 1239 sua
3271 1185 3459 1241 fraude

1885 1271 2166 1324 decertans
2199 1271 2828 1337 Eunomius,oratiouem
2861 1274 2927 1328 ad
2955 1273 3252 1330 absurdum
3287 1278 3458 1332 addu-

1883 1376 2004 1416 cere
2034 1376 2094 1418 se
2125 1373 2294 1433 putat.

1951 1451 2087 1507 Eun.
2124 1452 2182 1508 Si
2227 1454 2370 1508 enim
2400 1495 2416 1518 ,
2449 1457 2640 1526 inquit,
2693 1467 2818 1514 ante
2866 1473 3019 1515 suam
3052 1462 3456 1532 generationem

1881 1542 2049 1598 Filius
2073 1554 2215 1609 erat,
2253 1547 2524 1617 ingenitus
2550 1559 2690 1603 erat.

1949 1637 2075 1691 Bas.
2099 1638 2170 1692 At
2201 1637 2350 1704 illud,
2387 1649 2508 1693 ante
2545 1643 2955 1710 generationem,
2978 1660 3010 1700 ο
3050 1645 3135 1700 vir
3165 1661 3325 1712 vane,
3361 1659 3458 1703 aut

1878 1727 2022 1782 nullo
2048 1727 2206 1782 modo
2247 1729 2510 1793 subsistit,
2572 1735 2880 1803 mentisque
2919 1735 3049 1789 nulli
3094 1738 3342 1807 subjecto
3371 1740 3456 1793 in-

1878 1817 2132 1873 haerentis
2169 1831 2534 1876 commentum
2583 1832 2685 1880 est.
2717 1823 2822 1880 Sed
2862 1826 2992 1896 quid
3027 1827 3224 1882 attinet
3273 1829 3454 1884 stultis

1875 1910 2254 1966 contradicere
2286 1911 2309 1964 ἲ
2335 1913 2438 1967 hoc
2469 1919 2613 1970 enim
2663 1916 2887 1986 perinde
2923 1929 3006 1973 est
3037 1928 3202 1990 atque
3235 1935 3357 1975 cum
3389 1937 3453 1977 eo

1812 1979 1851 2034 Β
1878 2004 2209 2059 contendere
2231 2043 2248 2071 ,
2277 2005 2366 2060 cui
2393 2007 2617 2062 rationis
2657 2023 2810 2063 usum
2844 2009 3127 2078 phrenesis
3167 2013 3449 2069 ademerit.

1875 2097 1982 2148 Aut
2005 2097 2049 2149 si
2081 2095 2148 2149 ad
2175 2097 2450 2167 quidpiam
2489 2113 2675 2154 eorum
2709 2117 2830 2170 qua:
2868 2111 2995 2156 sunt
3029 2105 3227 2170 tendit,
3257 2105 3323 2160 ad
3353 2121 3453 2160 sae-

1874 2186 2116 2242 culorum
2151 2201 2370 2260 quoque
2399 2191 2674 2247 notionem
2699 2193 3015 2250 deducetur.
3051 2193 3250 2251 Verum
3282 2198 3328 2252 si
3357 2213 3453 2253 sac-

1874 2277 1989 2332 cula
2029 2281 2208 2334 omnia
2247 2280 2384 2335 infra
2409 2283 2812 2353 generationem
2843 2283 3116 2356 Unigeniti
3143 2288 3452 2359 intelligun-

1875 2377 1979 2432 tur,
2011 2387 2134 2424 eutn
2178 2372 2323 2427 illius
2366 2373 2538 2443 ipsius
2584 2376 2695 2430 sint
2723 2385 3006 2444 creaturae,
3032 2393 3205 2434 vanus
3241 2391 3324 2435 est
3354 2381 3446 2450 qui

1871 2462 2000 2530 quid
2055 2465 2360 2519 substantia
2394 2463 2516 2520 Filii
2571 2467 2848 2537 antiquius
2881 2471 3096 2538 quaerit.-
3120 2469 3265 2526 Nihil
3304 2474 3448 2528 enim

1869 2555 2098 2610 alienius
2127 2557 2340 2625 quaerit,
2359 2571 2522 2626 quam
2555 2558 2601 2613 si
2630 2560 2696 2614 de
2722 2559 2881 2615 Patre
2902 2563 3066 2617 etiam
3102 2575 3449 2633 percontare-

1871 2656 1982 2708 tur,
2003 2655 2179 2700 utrum
2207 2657 2334 2702 ante
2361 2664 2515 2704 suam
2540 2651 2983 2708 constitutionem
3017 2652 3281 2719 fuerit,an
3319 2673 3444 2713 non.
3533 2715 3554 2726 ,

1869 2735 2081 2790 Etenim
2113 2747 2171 2792 ut
2188 2737 2298 2794 illic
2325 2739 2414 2795 hic
2438 2742 2664 2810 quaestio
2685 2743 2846 2798 stulta
2876 2755 2981 2811 est,
3204 2762 3448 2816 quatrere

1867 2829 2120 2885 videlicet
2148 2831 2200 2885 in
2223 2845 2286 2886 eo
2310 2832 2400 2900 qui
2426 2833 2690 2905 principio
2723 2845 2871 2890 caret
2885 2852 2948 2892 ac
2974 2837 3244 2908 ingenitus
3260 2847 3448 2894 estsu-

1865 2921 2048 2991 perius
2074 2923 2364 2993 quiddam:
2401 2924 2473 2979 ita
2494 2926 2582 2981 hic
2609 2935 2825 2997 quoque
2847 2928 2912 2984 de
2934 2943 3000 2984 eo
3029 2930 3122 2999 qui
3145 2930 3215 2985 ab
3239 2940 3445 2987 teterno

1865 3024 1949 3068 est
1975 3029 2099 3069 cum
2131 3014 2316 3080 Patre,
2345 3016 2588 3088 nihilque
2620 3018 2780 3074 habet
2812 3021 2972 3075 medii
3016 3021 3154 3076 inter
3187 3037 3247 3078 se
3268 3033 3324 3078 et
3353 3039 3446 3092 ge-

1866 3105 2134 3172 nitorem,
2172 3108 2495 3176 temporales
2528 3109 2711 3166 facere
2752 3117 2817 3166 de
2847 3111 3026 3182 priore
3075 3115 3440 3182 quaestiones;

1863 3196 2086 3264 aequalis
2125 3197 2284 3266 plane
2322 3199 2610 3256 dementire
2648 3211 2751 3258 est.
2781 3201 2914 3257 Nam
2957 3205 3178 3272 perinde
3219 3207 3346 3273 erit,
3378 3223 3442 3261 ac

1862 3287 1909 3342 Ii
1949 3288 2069 3357 quis
2096 3289 2393 3359 interroget
2419 3290 2548 3359 quid
2576 3290 2814 3346 futurum
2847 3293 2917 3346 sit
2945 3306 3063 3363 post
3084 3295 3290 3350 obitum
3327 3295 3442 3364 ejus

1865 3381 1954 3451 qui
1985 3383 2306 3438 immortalis
2339 3393 2443 3450 est,
2486 3395 2799 3454 quaeratque
2841 3388 2968 3456 quid
3015 3389 3287 3444 exstiterit
3318 3400 3445 3445 ante

170 3463 368 3534 ζητεῖν
413 3467 466 3519 τί
507 3468 719 3540 ὑπῆρχε
760 3473 866 3542 πρὸ
891 3478 991 3546 τῆς
1013 3480 1317 3550 γεννήσεως
1353 3481 1448 3536 τοῦ
1475 3485 1668 3541 ἀϊδίου.
1700 3490 1762 3543 Οί

1871 3473 2264 3542 generationem
2297 3477 2630 3546 sempiterni.
2682 3476 2744 3531 lii
2783 3490 2982 3542 autem,
3019 3481 3143 3550 quia
3194 3481 3442 3552 principii

167 3559 257 3621 δὲ,
286 3560 476 3631 ἐπειδὴ
511 3561 570 3614 τὸ
589 3565 824 3636 ἄναρχον
853 3567 944 3620 τοῦ
986 3570 1198 3641 Πατρὸς
1219 3573 1388 3629 ἀΐδιον
1418 3577 1760 3648 ὀνομάζεται,

165 3651 376 3702 ταυτὸν
410 3652 472 3705 τὸ
494 3654 714 3726 ἀνάρχῳ
741 3658 800 3710 τὸ
823 3659 991 3712 ἀΐδιον
1020 3661 1404 3731 ἀποφαίνουσι,
1451 3671 1545 3722 καὶ
1574 3671 1759 3744 ἐπειδὴ

170 3739 255 3810 μὴ
303 3742 601 3814 ἀγέννητος
647 3751 674 3800 ὀ
717 3749 861 3812 Υἱὸς,
889 3751 1008 3804 οὑδὲ
1038 3754 1206 3807 αἲδιον
1232 3751 1370 3811 εἶναι
1419 3739 1755 3831 ὁμολογοῦσα

165 3829 439 3885 Πλεῖστον
486 3833 543 3886 δὲ
591 3836 836 3908 διαφέρει
867 3841 1012 3895 κατὰ
1039 3843 1136 3914 τὴν
1174 3844 1402 3902 ἔννοιαν.
1442 3829 1760 3925 ’Δγέννητον

169 3920 285 4019 μὲνΔ
330 3923 441 4019 γαρ
471 3925 782 4019 λέγετᾼαιλτὸ
810 3933 1083 4004 μηδεμίαν
1124 3937 1299 4010 ἀρχὴν
1350 3943 1567 4008 ἑαυτοῦ,
1623 3920 1757 4019 μηδὲ

165 4011 355 4064 αίτίαν
389 4015 512 4085 ἕχον
541 4017 634 4071 τοῦ
667 4014 837 4074 εἶναι’
865 4025 1032 4079 ἀΐδιον
1061 4027 1117 4080 δὲ
1138 4028 1199 4081 τὸ
1221 4032 1409 4101 χρόνου
1440 4011 1640 4100 παντὸς
1661 4011 1755 4091 καὶ

159 4102 367 4192 αίῷνος
396 4108 538 4162 κατὰ
557 4110 618 4163 τὸ
644 4107 784 4167 εἶναι
807 4116 1198 4189 πρεσϐύτερον.
1227 4122 1391 4176 Ὅθεν
1426 4128 1520 4180 καὶ
1546 4129 1576 4180 ὁ
1599 4127 1748 4192 Υἱὸς,

162 4191 262 4282 και
316 4193 420 4247 οὐκ
456 4196 767 4269 ἀγέννητος,
797 4191 917 4257 ’καὶ
967 4207 1154 4271 ἀΐδιος.
1203 4210 1342 4282 Ἤδη
1387 4213 1445 4267 δὲ
1475 4217 1570 4270 καὶ
1626 4191 1752 4282 τοὺς

157 4281 379 4378 αίῶνας
409 4284 622 4350 ἀξιοῦσί
661 4307 808 4355 τινες
861 4296 957 4366 τῆς
993 4297 1085 4351 τοῦ
1122 4299 1294 4353 ἀϊδίου
1332 4281 1337 4282 ί
1482 4321 1752 4378 προσηγο-

159 4372 310 4444 ρίας,
349 4375 428 4439 ὡς
453 4378 518 4430 ὲκ
543 4380 636 4434 τοῦ
665 4383 752 4436 ἀεὶ
782 4380 921 4439 εἶναι
955 4387 1057 4458 τῆς
1083 4389 1325 4462 κλήσεως
1347 4372 1554 4466 ταύτης
1590 4372 1747 4452 τετυ-

157 4471 424 4540 χηκόταςο
479 4474 668 4546 Ἡμεῖς
718 4479 778 4533 δὲ
815 4481 913 4552 τῆς
970 4483 1140 4555 αὐτῆς
1198 4484 1524 4558 λογιζόμεθα
1577 4509 1750 4564 παρα-

158 4562 315 4624 troia;
339 4563 437 4616 καὶ
470 4568 535 4636 τῇ
563 4567 737 4622 κτίσει
775 4576 1217 4644 προσμαρτυρεῖν
1241 4576 1302 4628 τὸ
1327 4577 1516 4644 ἀθδιον,
1544 4582 1638 4634 καὶ
1661 4583 1749 4638 τὸν

156 4654 450 4725 Δεσπότην
479 4656 578 4726 τῆς
602 4659 832 4726 κτίσεως
856 4663 954 4731 τῆς
986 4663 1273 4734 ὁμολογίας
1299 4667 1501 4739 ταύτης
1523 4671 1748 4726 ἀποστεο

157 4745 302 4808 ρεῖν.

602 4853 700 4908 Ἐκ
742 4855 848 4910 τοῦ
883 4856 1072 4911 αὑτοῦ
1104 4861 1312 4927 λόγου.

220 4941 341 4994 Τδν
373 4948 636 5017 μονογενῆ
666 4947 795 5001 Υίὺν
829 4949 1103 5021 ὑπουργὸν
1127 4957 1559 5026 προσηγόρευσε,
1588 4959 1744 5014 τοῦτο

154 5035 317 5106 αὐτῷ
349 5039 666 5106 προστιθεὶς
699 5042 868 5110 μέγα,
901 5044 982 5098 ὅτι
1014 5043 1234 5108 εὔθετος
1264 5048 1400 5119 πρὸς
1433 5049 1532 5122 τὴν
1557 5053 1744 5108 διακο-

156 5127 286 5180 νίαν
317 5127 443 5193 ετῶν
497 5130 944 5203 ἐπιτασσομὲνων
978 5137 1147 5191 ἐστίν.
1179 5139 1242 5192 Ei
1287 5141 1396 5210 γὰρ
1433 5143 1532 5196 οὑκ
1563 5145 1623 5197 ὲν
1671 5146 1750 5213 τῷ

158 5219 287 5290 Θεῷ
335 5215 480 5276 εἶναι
514 5224 714 5290 τέλειος
752 5227 850 5298 τὴν
897 5227 1056 5293 δόξαν
1098 5230 1391 5302 κέκτηται,
1432 5234 1548 5288 ἀλλ’
1587 5239 1645 5289 ἰν
1676 5239 1753 5308 τῷ

156 5312 439 5383 ὑπουργὸς
466 5314 723 5384 ἀκριδῆς,
749 5319 802 5372 τι
824 5320 1014 5374 διοίσει
1041 5323 1150 5377 τῶν
1175 5323 1566 5399 λειτουργικῶν
1589 5347 1747 5384 πνευ·

162 5405 353 5472 μάτων
387 5407 694 5478 ἀμέμπτως
726 5411 786 5464 τὸ
809 5411 972 5483 ἔργον
1007 5416 1104 5482 τῆς
1133 5416 1411 5482 διακονίας
1436 5420 1746 5474 intr-clomi-

157 5513 310 5562 τωνς
351 5500 450 5554 Διὰ
481 5501 653 5556 ταῦτα
678 5503 759 5574 τῷ
787 5508 1068 5576 γεννηθεὶς
1107 5509 1163 5562 τὸ
1191 5510 1433 5575 κτισθεὶς
1470 5515 1705 5584 συνῆψεν
1728 5556 1742 5577 ,

159 5587 258 5644 ἶνα
301 5593 596 5650 κάντεῦθεν
643 5599 914 5669 μηδεμίαν
951 5596 1118 5656 οὖσαν
1159 5603 1289 5658 Υίοῦ
1326 5606 1420 5660 καὶ
1453 5607 1752 5678 κτίσματος

158 5682 429 5755 διαφορὰν
449 5689 714 5763 ἐπιδείξῃ.
747 5687 935 5757 ’Λξιον
961 5693 1017 5748 δὲ
1045 5695 1277 5750 ἀκοῦσαι
1305 5698 1516 5768 καὶτῆς
1547 5718 1744 5770 παραι-

238 5851 252 5882 ⁸
283 5849 440 5910 Joan.
468 5870 507 5919 ι,
541 5855 592 5908 1.
670 5856 690 5886 ³
718 5853 858 5912 Psal.
887 5870 1000 5919 ets,
1032 5857 1085 5910 3.

511 5947 778 6008 Ρηιιοι..
823 5949 937 6010 Gtt.
971 5949 1233 6011 CXXX.

1864 3562 1918 3616 in
1946 3561 2104 3618 Patre
2141 3565 2370 3632 privatio
2400 3569 2674 3623 aeternitas
2712 3571 3041 3637 nominatur,
3083 3573 3440 3640 privationem

1862 3654 2111 3725 principii
2147 3656 2606 3714 decernuntident
2641 3675 2762 3716 esse
2797 3671 2960 3729 atque
2989 3664 3441 3729 aaternitatem,ct

1861 3747 2114 3816 quoniam
2140 3747 2309 3804 Filius
2338 3765 2443 3804 non
2466 3761 2550 3806 est
2589 3752 2885 3823 ingenitus,
2917 3768 2984 3808 ne
3014 3764 3277 3809 aeternum
3313 3755 3437 3824 qui-

1859 3833 1980 3891 dem
2021 3851 2140 3893 esse
2172 3839 2509 3908 proﬁtentur.
2529 3841 2634 3897 Sed
2674 3852 2854 3899 tamen
2891 3846 3004 3900 haec
3041 3845 3291 3902 diﬂ‘erunt
3315 3849 3437 3918 plu-

1861 3927 2056 3982 rimum
2105 3929 2520 3998 signiﬁcatione.
2550 3931 2684 3990 Nam
2722 3935 3017 4005 ingenitum
3045 3937 3264 4005 dicitur,
3295 3942 3437 4009 quod

1863 4033 2038 4088 neque
2092 4020 2415 4090 principium
2450 4026 2530 4079 sui
2573 4026 2762 4096 ipsius,
2805 4042 2977 4096 neque
3017 4043 3234 4084 causam
3281 4039 3336 4084 ut
3367 4031 3437 4086 sit

1863 4110 2023 4164 habet
2052 4129 2066 4165 :
2102 4121 2364 4169 aeternum
2398 4131 2548 4182 vero,
2589 4120 2730 4186 quod
2770 4128 3011 4190 tempore
3052 4123 3198 4175 omni
3232 4131 3286 4176 et
3321 4137 3437 4178 tero

1859 4201 2152 4256 secundum
2185 4219 2296 4259 esse
2323 4207 2598 4276 antiquius
2651 4220 2756 4265 est.
2801 4210 2949 4266 Unde
2985 4221 3038 4267 et
3068 4212 3107 4266 F
3112 4212 3233 4269 ilius
3267 4221 3324 4269 ut
3353 4224 3437 4269 est

1859 4306 1966 4346 non
1986 4293 2275 4363 ingenitus,
2297 4299 2372 4352 ita
2392 4309 2624 4356 aeternus
2643 4311 2744 4357 est.
2761 4301 2884 4358 Jam
2909 4319 3035 4359 vero
3055 4306 3250 4361 swcula
3271 4307 3434 4362 etiam

1857 4387 2044 4440 διιεῖ-ιιί
2077 4389 2435 4457 appellatione
2469 4395 2710 4449 nonnulli
2746 4397 3056 4465 dignantur,
3092 4398 3246 4466 quasi
3271 4412 3335 4452 ex
3367 4411 3435 4454 eo

1859 4477 2002 4544 quod
2032 4492 2244 4548 semper
2267 4481 2396 4544 sint,
2440 4485 2540 4538 hoc
2563 4488 2794 4540 nominis
2815 4489 3009 4557 adepta
3038 4490 3168 4544 sint.
3195 4489 3302 4545 Nos
3336 4505 3434 4544 au-

1863 4575 1968 4622 tem
2003 4577 2056 4622 et
2089 4574 2353 4625 creaturis
2400 4575 2722 4630 aeternitatis
2758 4579 3118 4634 testimonium
3166 4582 3430 4651 praebere,

1859 4665 1912 4712 et
1945 4666 2313 4714 creaturarum
2359 4664 2640 4717 Dominum
2685 4666 2784 4720 hac
2825 4668 3165 4722 confessione
3193 4669 3428 4739 privare,

1860 4749 2099 4816 ejusdem
2132 4766 2252 4808 esse
2279 4756 2528 4812 amentia:
2552 4757 2899 4813 arbitranmr.

2379 4875 2464 4930 Ea;
2496 4878 2674 4932 eodem
2715 4879 2875 4932 libro.

1925 4966 2276 5038 Unigenitum
2309 4968 2506 5026 Filium
2546 4971 2864 5026 ministrum
2911 4974 3224 5042 appellarit,
3253 4988 3355 5030 noc
3381 4974 3432 5029 ei

1851 5074 2104 5126 magnum
2128 5061 2452 5134 attribuens,
2479 5064 2620 5132 quod
2644 5065 2711 5117 ad
2732 5078 2920 5119 eorum
2966 5081 3086 5134 qua:
3106 5057 3436 5138 praecipiun-

1854 5157 1943 5200 tur
1989 5148 2351 5205 ministerium
2387 5151 2612 5206 idoneus
2663 5163 2770 5208 est.
2838 5153 2893 5210 Si
2931 5157 3076 5210 enim
3121 5171 3228 5210 nott
3270 5157 3324 5211 in
3363 5173 3432 5214 eo

1855 5243 1998 5310 quod
2057 5243 2194 5297 Deus
2224 5242 2496 5310 perfectus
2524 5245 2617 5310 sit,
2667 5243 3008 5316 maiestatem
3038 5249 3303 5318 possidet,
3335 5250 3431 5304 sed

1833 5326 1910 5387 in
1943 5349 2008 5389 eo
2035 5335 2178 5404 quod
2208 5335 2427 5390 sedulus
2457 5341 2529 5392 slt
2565 5339 2836 5406 minister,
2871 5340 2984 5409 jam
3019 5355 3049 5394 tt
3093 5340 3432 5395 ministrato-

1857 5423 1952 5477 riis
1982 5423 2282 5492 spiritibus,
2310 5425 2400 5494 qui
2456 5427 2724 5494 inculpate
2752 5427 3037 5482 ministerii
3081 5443 3218 5496 opus
3264 5428 3428 5498 peril-

1856 5513 2154 5583 ciunt,qua
2201 5515 2254 5568 in
2287 5529 2346 5570 re
2380 5513 2634 5571 diil‘eret?
2671 5516 2762 5572 llis
2791 5517 2857 5572 de
2873 5518 3054 5573 causis
3082 5520 3197 5574 voci
3227 5522 3434 5591 genitus

1860 5625 2042 5666 vocem
2069 5623 2273 5667 creatus
2296 5613 2594 5680 conjunxit,
2629 5615 2866 5668 utetiam
2901 5613 3027 5669 hinc
3058 5616 3255 5692 nullam
3291 5617 3436 5672 inter

1856 5703 2050 5758 Filium
2069 5714 2124 5760 et
2149 5715 2454 5760 creaturam
2474 5704 2525 5760 di
2537 5705 2843 5762 rersilatcm
2873 5723 2996 5764 esse
3021 5709 3428 5766 ostendatJam

3033 5960 3104 6021 17
