3770 6558
433 349 534 411 527

1674 356 2054 416 EU'l‘llYMll
2101 357 2466 418 ZIGABENI

3538 358 3620 425 5’18

504 467 631 526 Bas.
675 471 860 529 \‘izlctc
888 485 940 529 et
979 473 1266 544 intelligite
1293 475 1623 530 horrendam
1665 474 1993 543 impietatem

2199 477 2353 532 ΒΔΣ.
2419 475 2613 547 Ὀρᾶτε
2655 473 2751 528 καὶ
2801 468 3010 523 συνίετε
3044 466 3104 520 τὸ
3157 465 3249 536 τῆς
3287 469 3512 538 ἀσεϐείας
3529 495 3620 549 em.

431 562 730 633 Quantum,
783 568 981 639 inquit,
1026 570 1326 640 ingenitum
1370 587 1399 626 a
1440 569 1624 642 genito
1656 569 1858 635 ὤσει-ι,
1885 579 2008 624 tau-

441 673 557 717 tum
586 658 800 715 diﬂeret
835 653 925 709 lux
960 670 989 708 a
1022 655 1159 716 luce,
1194 663 1245 708 et
1283 654 1390 706 vita
1436 671 1464 707 a
1514 655 1647 718 vita,
1681 660 1737 705 et
1773 652 2016 720 potentia

439 767 469 804 a
500 748 760 820 potentia.
799 745 1203 818 luterrogeutus
1231 745 1396 815 igitur
1431 745 1642 814 ipsum,
1674 744 1891 812 Quanto
1940 744 2021 799 in-

440 839 664 896 ten-allo
690 839 988 910 ingenitum
1019 853 1049 893 a
1095 837 1279 910 genito
1319 836 1621 907 scjunctum
1667 839 1789 893 est?
1838 848 2016 892 utrum

439 944 607 999 parvo
644 929 846 998 aliquo,
887 939 940 984 et
975 929 1105 993 tali,
1148 939 1205 983 ut
1251 939 1451 999 queant
1478 929 1692 983 tandem
1729 928 2019 998 aliquando

375 1029 412 1082 ’,ι
439 1023 492 1076 in
521 1021 659 1076 idem
695 1021 837 1077 inter
865 1037 924 1078 se
951 1023 1243 1078 convenire
1263 1023 1285 1075 ‘t
1316 1039 1382 1076 an
1421 1023 1523 1079 hoc
1548 1022 1778 1076 omnino
1815 1022 2019 1092 impos-

393 1094 417 1177 ,ἓ
437 1108 616 1175 sibile,
642 1121 698 1166 et
723 1113 914 1181 magis.
937 1129 1102 1182 quam
1132 1114 1383 1168 eumdem
1412 1123 1684 1169 mortuum
1709 1127 1834 1170 esse
1857 1113 2018 1168 simul

395 1203 397 1206 ’
437 1208 494 1257 et
523 1200 746 1267 vivere,
799 1219 960 1273 quam
1008 1221 1198 1259 sanum
1241 1205 1399 1260 simul
1451 1220 1573 1261 esse
1619 1215 1674 1261 et
1717 1215 2015 1278 aegrotare,

439 1309 602 1362 quam
637 1295 860 1366 vigilare
886 1295 1048 1350 simul
1074 1306 1129 1350 et
1153 1298 1424 1353 dormire?
1456 1299 1606 1354 Talia
1632 1313 1867 1369 namque
1892 1309 2020 1354 sunt

440 1402 774 1456 quaecunque
797 1370 800 1374 ’
820 1388 921 1443 sibi
953 1389 1182 1442 invicem
1215 1402 1428 1443 sunnua
1451 1391 1793 1460 oppositione
1822 1393 2017 1444 adver-

439 1488 652 1544 santur,
683 1481 818 1534 adeo
846 1488 904 1534 ιιι
931 1490 1198 1550 praesente
1229 1480 1402 1536 altero
1428 1480 1658 1536 alterum
1692 1484 1886 1538 abesse
1921 1498 2012 1538 ne-

442 1584 599 1626 cesse
626 1571 736 1626 sit:
772 1585 892 1640 qua:
929 1571 1004 1624 ita
1037 1581 1347 1642 comparata
1391 1582 1537 1637 sunt,
1576 1583 1634 1628 ut
1665 1574 1887 1629 oumiuo
1916 1589 2016 1630 nec

440 1661 598 1717 simul
629 1676 768 1730 esse,
796 1677 898 1720 nec
922 1663 1065 1720 inter
1093 1679 1152 1720 se
1185 1666 1464 1720 conciliari
1497 1667 1728 1735 possint.

647 1839 830 1910 Itaque
863 1856 986 1898 cum
1035 1845 1100 1897 ad
1137 1844 1279 1900 hunc
1311 1848 1530 1901 modum
1567 1847 1751 1918 genito
1803 1849 2015 1918 ingeni-

2118 565 2268 622 κτόν.
2298 566 2486 629 Ὅσον,
2519 563 2678 634 φησὶ,
2701 561 2762 616 τὸ
2799 559 3095 630 ἀγέννητον
3114 558 3207 612 τοῦ
3230 561 3464 630 γεννητοῦ
3485 564 3624 642 Gavii-

2120 667 2259 719 νοχε,
2307 651 2556 703 τοσοῦτον
2595 650 2784 702 διοίσει
2831 647 2892 700 τὸ
2926 648 3041 717 φῶς
3089 648 3222 718 πρὸς
3259 651 3315 703 τὸ
3350 655 3468 721 φῶς,
3495 660 3622 734 καὶὴ

2119 742 2232 811 ζωὴ
2280 742 2414 813 πρὸς
2442 743 2538 814 τὴν
2569 741 2732 813 ζωὴν,
2773 741 2866 794 καὶ
2910 741 2942 812 ἡ
2984 742 3208 810 δύναμις
3244 743 3369 814 πρὸς
3395 745 3480 816 τὴν
3507 750 3626 807 sou.

2123 854 2231 907 μιν.
2299 837 2692 908 Ἐρωτήσωμεν
2729 833 2910 887 τοίνυν
2955 834 3150 887 αὐτόν⁸
3187 833 3256 887 Τὸ
3293 836 3346 888 δὲ
3391 839 3627 914 ἀγέννητον

2117 925 2209 982 τοῦ
2249 927 2495 999 γεννητοῦ
2523 927 2674 998 πόσῳ
2692 925 2875 998 μέτρῳ
2896 925 3176 998 διώρισται
3197 943 3210 991 ;
3235 922 3338 999 ἆρα
3361 932 3516 1002 μικρῷ
3531 953 3625 1000 τινι,

2119 1021 2214 1075 καὶ
2241 1021 2481 1092 τοσούτῳ
2522 1057 2538 1085 ,
2646 1020 2786 1074 ὥστε
2819 1019 3079 1075 δύνασθαί
3114 1036 3239 1073 ποτε
3272 1020 3360 1074 καὶ
3388 1024 3456 1086 εἰς
3480 1028 3628 1081 ταυτὸν

2118 1113 2367 1184 ἀλλήλοις
2399 1113 2673 1184 συμβῆναι
2695 1131 2709 1177 ς
2735 1113 2768 1185 ἢ
2792 1111 2952 1166 τοῦτο
2978 1109 3254 1171 παντελῶς
3278 1112 3544 1184 ἀμήχανον,
3561 1120 3627 1173 καὶ

2119 1205 2281 1259 πλέον
2313 1204 2720 1276 ἀδυνατώτερον
2763 1203 2858 1258 τοῦ
2892 1203 2984 1256 τὸν
3020 1201 3181 1256 αὑτὸν
3223 1199 3318 1273 ζῇν
3346 1205 3398 1255 ἐν
3425 1205 3492 1275 τῷ
3518 1209 3630 1278 αὐτῷ

2095 1299 2212 1352 ,καὶ
2237 1295 2522 1374 τεθνάναι,
2553 1296 2648 1350 καὶ⁵
2674 1295 2936 1365 ὑγιαίνειν
2978 1293 3117 1348 κατά
3149 1294 3339 1347 ταυτὸν
3370 1295 3454 1348 καὶ
3477 1303 3628 1365 νοσεῖν,

2118 1391 2212 1444 καὶ
2247 1389 2610 1462 ἐγρηγορέναι
2642 1388 2778 1460 ὁμοῦ
2827 1387 2922 1442 καὶ
2959 1385 3275 1452 καθεύδειν;
3319 1387 3527 1442 Τοιαῦτα
3552 1395 3630 1464 γὰρ

2115 1483 2215 1537 ὅσα
2239 1481 2383 1536 κατὰ
2405 1481 2504 1552 τὴν
2534 1481 2711 1552 ἄκραν
2736 1480 3008 1534 ἀντίθεσιν
3034 1478 3280 1550 ἀλλήλοις
3307 1481 3633 1556 ἀντικαθέστη.

2091 1592 2234 1639 .κεν,
2275 1565 2415 1627 ὥστε
2451 1573 2717 1644 παρόντος
2743 1571 2838 1626 τοῦ
2891 1571 3076 1644 ἐτέρου
3129 1571 3428 1639 ἀναγκαίως
3464 1575 3631 1631 ἀπεῖναι

2117 1667 2365 1738 θάτερον,
2406 1667 2442 1721 ἃ.
2485 1668 2578 1720 καὶ
2610 1666 3002 1738 ἀσυνύπαρκτα
3059 1665 3332 1729 παντελῶς
3380 1667 3463 1720 καὶ
3500 1671 3631 1740 susp.

2115 1759 2257 1813 ϐατα
2393 1753 2532 1811 εἶναι
2560 1757 2792 1827 πέφυκε.

2313 1848 2469 1902 Κατά
2500 1847 2563 1919 δὴ
2595 1844 2688 1902 οὖν
2725 1846 2914 1901 τοῦτον
2947 1848 3039 1900 τὸν
3077 1847 3276 1917 τρόπον
3307 1846 3430 1918 πρὸς
3465 1849 3514 1900 τὸ
3543 1868 3633 1915 γεν.

441 1936 552 1983 tum
582 1941 903 2000 opponatur,
950 1934 1039 2003 qui
1072 1935 1288 1988 Patrem
1324 1936 1496 1990 lucem
1530 1939 1774 1993 nominat
1797 1979 1811 2001 ,
1845 1939 1926 1993 luc

2142 1939 2278 2010 νητὸν
2304 1938 2382 2010 τῷ
2415 1940 2693 2011 ἀγεννήτῳ
2723 1938 2824 2008 τῆς
2853 1937 3178 2000 ἀντιθέσεως
3201 1937 3380 2005 οὔσης,
3406 1941 3431 1991 ὁ
3451 1939 3526 1992 τὸν
3553 1942 3631 1994 lla-

442 2021 626 2075 itidcm
661 2021 880 2090 Filium,
913 2025 1114 2093 quique
1145 2026 1284 2080 hanc
1322 2027 1497 2082 lucem
1535 2029 1603 2083 ab
1635 2028 1721 2082 illa
1750 2029 1866 2083 luce
1899 2039 2017 2083 tau-

444 2120 554 2165 tum
605 2113 810 2169 distare
849 2115 1005 2182 dicit,
1057 2127 1320 2185 quantum
1371 2119 1614 2188 genitum
1656 2121 1724 2175 ab
1777 2121 2019 2190 ingenito

440 2203 638 2269 distat,
673 2205 764 2260 ille
807 2222 1116 2277 quanquam
1149 2209 1527 2266 humaniorem
1560 2227 1620 2266 se
1652 2213 1816 2267 verbo
1847 2214 2018 2267 simu-

440 2293 536 2358 lat,
564 2293 736 2351 lucem
770 2297 976 2354 scilicet
1006 2299 1201 2354 Filium
1236 2315 1450 2369 quoque
1485 2302 1802 2371 nominans,
1839 2318 2019 2359 nonne

438 2386 631 2442 saltem
658 2389 709 2444 vi
733 2391 1019 2446 verborum
1043 2393 1370 2448 sententiam
1397 2393 1448 2448 in
1473 2396 1808 2449 contrarium
1835 2405 2020 2465 aperte

439 2479 1066 2537 abducit?Considerate
1086 2482 1228 2537 enim
1253 2484 1381 2555 quid
1418 2495 1723 2555 opponatur
1759 2486 2015 2555 ingenito,

438 2570 655 2628 aliudue
687 2573 1008 2645 ingenitum,
1055 2593 1123 2632 an
1174 2579 1461 2648 genitum?
1504 2578 1759 2634 Genitum
1806 2580 2014 2652 utique.

439 2660 576 2728 Quid
617 2679 743 2720 vero
773 2666 1064 2736 opponitur
1093 2667 1243 2720 luci?
1270 2668 1436 2724 luxne
1477 2669 1605 2736 alia,
1641 2686 1708 2724 an
1741 2673 2018 2727 tenebrae?

439 2753 698 2811 Tenebras
725 2759 987 2826 profecto.
1037 2759 1251 2830 itaque,
1281 2763 1323 2816 si
1353 2771 1614 2831 quantum
1651 2763 1827 2819 dill‘ert
1862 2765 2015 2833 geni-

441 2855 550 2899 tum
582 2848 650 2902 ab
685 2847 942 2918 ingenito,
992 2857 1198 2904 tantum
1243 2865 1468 2907 necesse
1511 2860 1594 2906 est
1624 2851 1797 2907 lucem
1832 2869 1861 2908 a
1897 2852 2016 2909 luce

439 2936 675 3004 ditl'crre,
700 2939 785 2993 cui
813 2954 880 2994 ex
909 2940 1160 2996 omnibus
1191 2941 1439 3012 impietas
1463 2954 1738 3014 comperta
1765 2959 1872 2998 non
1909 2956 2012 3010 est,

437 3027 579 3094 quod
635 3029 686 3081 in
730 3030 1088 3100 appellatione
1133 3031 1267 3088 lucis
1319 3033 1653 3090 interserens
1712 3039 1856 3104 quod
1908 3036 2012 3090 luci

439 3119 746 3187 oppositum
793 3131 896 3187 est,
939 3121 1210 3193 Unigeniti
1247 3125 1605 3182 substantiam
1640 3137 1846 3181 natura:
1878 3127 2015 3182 lucis

439 3211 775 3267 contrariam
829 3228 950 3270 esse
1007 3216 1337 3272 submonet?
1383 3219 1491 3273 Aut
1539 3221 1788 3275 ostendat
1855 3221 2010 3275 nobis

442 3302 613 3360 lucem
642 3321 761 3376 qua:
801 3308 904 3364 luci
936 3321 1260 3381 opponatur,
1303 3328 1529 3384 qumque
1555 3330 1679 3370 eum
1715 3317 2010 3384 oppositio-
2042 3283 2087 3343 ο

443 3396 528 3450 nis
558 3399 776 3454 modum
808 3400 1038 3468 habeat,
1067 3404 1158 3474 qui
1199 3407 1381 3477 genito
1409 3421 1530 3461 cum
1566 3408 1807 3478 ingenito
1842 3409 2011 3463 inter-

440 3491 603 3545 cedit.
631 3489 781 3558 Quod
806 3493 851 3550 si
877 3494 994 3550 haec
1033 3511 1130 3551 nec
1160 3508 1264 3561 est,
1300 3514 1400 3554 nec
1435 3499 1552 3569 ipse
1581 3516 1817 3570 unquam
1851 3515 2013 3555 exco-

441 3581 612 3648 gitare
643 3584 866 3651 poterit;
898 3601 963 3640 ne
1188 3587 1468 3658 ignoretur
1489 3605 1598 3658 ars,
1626 3605 1730 3659 qua
1764 3591 2015 3661 blaSpbc-

443 3672 601 3724 miam
630 3673 736 3728 alte
766 3677 1013 3731 adornat.
1039 3675 1174 3732 Nam
1207 3717 1223 3743 ,
1250 3681 1504 3750 quoniam
1543 3691 1694 3750 putat
1719 3683 2012 3753 ingenitum

440 3763 622 3828 genito
665 3780 730 3820 ex
764 3767 992 3824 adverso
1023 3771 1256 3840 opponi,
1288 3771 1538 3827 eamdem
1573 3773 1677 3828 luci
1731 3789 1853 3828 cum
1899 3773 2015 3829 luce

438 3855 835 3923 oppositionem
860 3858 1083 3928 adaptat
1108 3879 1122 3916 :
1152 3871 1208 3914 ut
1235 3860 1413 3917 Patris
1443 3864 1806 3919 substantiam
1831 3875 2014 3919 osten-

440 3947 528 4000 dat
554 3947 869 4007 substantia:
902 3953 1173 4024 Unigeniti
1202 3969 1296 4024 per
1321 3956 1504 4012 omnia
1533 3961 1864 4014 contrariam
1895 3975 2015 4016 esse

441 4049 604 4109 atque
635 4043 940 4100 adversam.
970 4044 1261 4116 Propterea
1289 4063 1426 4103 nova
1452 4050 1568 4105 haec
1590 4060 1672 4106 est
1700 4052 2010 4123 dogmatum

439 4129 682 4192 sanctio,
708 4143 811 4198 qua
843 4130 976 4183 dicit
1005 4147 1018 4184 :
1053 4132 1325 4198 Quantum
1352 4133 1625 4190 diversum
1659 4147 1743 4191 est
1773 4139 2012 4208 genitum

441 4221 510 4272 ab
550 4219 807 4290 ingenito,
839 4230 1047 4276 tantum
1077 4238 1298 4282 necesse
1323 4237 1405 4282 est
1429 4227 1600 4283 lucem
1635 4243 1663 4282 a
1691 4228 1811 4285 luce
1837 4231 2016 4286 diver-

441 4325 554 4364 sam
577 4325 716 4366 esse.
746 4311 818 4366 At
847 4314 1142 4382 ingenitum
1169 4331 1290 4371 cum
1315 4318 1498 4385 genito
1514 4318 1679 4374 habet
1699 4323 2012 4389 quamdam,

440 4402 708 4470 positione
735 4405 1045 4473 verborum,
1081 4423 1185 4462 non
1227 4420 1416 4464 natura
1465 4408 1667 4477 rerum,
1717 4414 2014 4482 appositio-

441 4507 588 4560 nem,
610 4496 750 4563 quod
779 4506 952 4551 tamen
981 4498 1030 4552 hi
1060 4497 1322 4553 afﬁrmant
1351 4517 1364 4553 :
1399 4499 1533 4556 lucis
1555 4511 1733 4557 autem
1753 4518 1874 4557 cum
1899 4503 2017 4560 luce

441 4601 541 4642 nec
559 4590 857 4643 secundum
886 4589 1241 4659 prolationem
1269 4607 1367 4647 uec
1389 4593 1688 4648 secundum
1717 4594 2013 4664 intelligen.
2047 4619 2088 4674 ι)

441 4681 570 4734 tiam
591 4683 951 4737 contrarietas
978 4683 1082 4737 ulla
1113 4685 1410 4754 excogitari
1439 4695 1638 4756 potest.
1668 4685 1774 4741 Sed
1799 4689 2014 4742 videtur

438 4769 634 4828 fucatis
649 4773 1083 4830 cavillationibus
1101 4791 1158 4831 se
1182 4777 1355 4846 ipsum
1379 4777 1647 4846 decipere.
1665 4777 1824 4833 Putat
1843 4779 2008 4844 enim,

340 4857 362 4871 “
441 4879 562 4934 quae
591 4879 656 4919 ex
685 4864 977 4920 contrariis
1004 4877 1327 4935 sequuntur,
1357 4870 1600 4924 eamdem
1642 4869 1788 4925 inter
1820 4885 1879 4925 se
1913 4886 2013 4941 pu-

441 4970 600 5027 gnam
633 4956 857 5021 habere,
881 4971 1044 5026 quam
1071 4957 1269 5014 habent
1291 4969 1343 5016 et
1369 4960 1685 5031 principalia
1715 4964 2010 5030 contraria,

441 5058 498 5103 ct
537 5063 656 5103 cum
690 5051 1022 5104 contrarium
1067 5049 1209 5106 inest
1258 5053 1414 5108 alteri
1459 5054 1884 5120 contrariorum,
1947 5070 2014 5110 ex

443 5141 616 5196 altero
657 5142 820 5197 etiam
847 5144 1176 5198 contrarium
1208 5147 1519 5201 necessario
1549 5156 1882 5202 secuturum.
1925 5146 2017 5211 Ut,

444 5231 488 5284 si
520 5246 583 5285 ex
613 5231 732 5285 visu
770 5230 858 5284 lux
890 5213 1158 5297 sequitur,
1187 5242 1252 5281 ex
1281 5227 1523 5282 caecitate
1557 5227 1792 5282 tenebra:
1821 5245 1834 5282 :
1872 5229 1916 5282 si
1953 5245 2020 5286 ex

445 5325 551 5376 vita
602 5337 816 5388 sensus,
854 5337 920 5377 ex
953 5332 1128 5390 morte
1174 5319 1404 5388 privatio
1449 5334 1728 5375 sensuum.
1773 5320 1898 5377 llazc
1926 5338 2020 5376 au-

441 5426 546 5470 tem
576 5414 886 5470 observatio
918 5428 1080 5483 quam
1111 5409 1304 5466 debilis
1334 5409 1427 5474 sit,
1457 5423 1730 5478 quamque
1763 5410 2014 5477 evanida,

437 5507 658 5560 cuilibet
687 5505 769 5559 vel
812 5504 1088 5574 paululum
1143 5501 1447 5556 attendenti
1506 5501 1850 5570 perspicuum
1910 5512 2017 5558 est.

437 5597 547 5653 Nec
595 5599 738 5650 enim
782 5596 1038 5667 quoniam
1089 5610 1152 5650 ex
1201 5592 1399 5664 vigiliis
1444 5593 1550 5647 vita
1595 5595 1870 5661 sequitur,
1926 5609 2018 5648 ne-

436 5692 674 5747 cessario
716 5707 778 5746 ex
843 5704 1034 5745 somno
1069 5704 1216 5744 mors
1266 5687 1530 5756 sequitur.
1577 5686 1684 5741 Sed
1739 5701 1837 5741 nec
1889 5701 2018 5742 con-

439 5785 605 5838 trario
652 5783 809 5838 modo
869 5795 927 5837 se
971 5781 1128 5836 habet
1180 5780 1420 5851 genitum
1465 5795 1586 5835 cum
1617 5779 1878 5849 ingenito.
1925 5778 2018 5835 Et-

2121 2030 2252 2101 τέρα
2299 2029 2417 2099 φῶς
2455 2030 2755 2102 ὀνομάζων,
2802 2028 2916 2098 φῶς
2941 2029 2996 2082 δὲ
3025 2030 3120 2083 καὶ
3148 2029 3240 2082 τὸν
3271 2029 3406 2093 Υἱὸν,
3437 2032 3632 2084 τοσοῦτον

2119 2121 2176 2174 δὲ
2202 2121 2360 2174 τοῦτο
2390 2122 2451 2175 τὸ
2479 2119 2596 2189 φῶς
2630 2119 2840 2173 ἐκείνου
2866 2119 2959 2172 τοῦ
2991 2118 3168 2188 φωτὸς
3196 2119 3457 2190 διωρίσθαι
3485 2121 3630 2188 λέγων,

2119 2215 2241 2268 ὅσον
2274 2213 2334 2266 τὸ
2373 2213 2629 2283 γεννητὸν
2657 2213 2764 2266 ἀπὸ
2792 2211 2885 2266 τοῦ
2913 2211 3207 2282 ἀγεννήτου
3239 2209 3513 2281 διώρισται,
3546 2211 3634 2280 οὐχὶ

2120 2303 2277 2374 δῆλός
2313 2304 2450 2366 ἐστι,
2490 2301 2592 2355 κᾶν
2621 2301 2699 2373 τῷ
2747 2302 2952 2374 ῥήματι
2994 2299 3354 2378 προσποιῆται
3389 2299 3632 2370 φιλανθρω-

2121 2394 2402 2462 πεύεσθαι,
2436 2393 2551 2464 φῶς
2588 2392 2869 2465 ὀνομάζων
2911 2391 3072 2463 δῆθεν
3119 2391 3216 2446 καὶ
3247 2392 3335 2444 τὸν
3373 2391 3501 2454 Υἱὺν,
3536 2392 3633 2444 ἀλλὰ

2125 2489 2191 2558 τῇ
2231 2504 2295 2555 γε
2325 2487 2554 2557 δυνάμει
2691 2485 2800 2539 τῶν
2845 2483 3153 2556 λεγομένων
3192 2485 3323 2557 πρὸς
3354 2483 3409 2536 τὸ
3446 2485 3633 2537 ἐναντίον

2120 2579 2348 2646 ἀπάγων
2374 2576 2470 2650 τὴν
2501 2576 2738 2641 ἔννοιαν;
2774 2576 3032 2628 Σκοπεῖτε
3067 2574 3173 2647 γάρ
3204 2575 3256 2628 τί
3291 2574 3555 2628 ἀντίκειται
3579 2574 3632 2644 τῷ

2119 2669 2421 2741 ἀγεννήτῳ,
2459 2668 2585 2722 ἄλλο
2623 2667 2938 2738 ἀγέννητον,
2976 2665 3008 2736 ἢ
3052 2664 3112 2718 τὸ
3157 2666 3436 2737 γεννητόν;
3462 2665 3523 2717 Τὸ
3547 2683 3634 2732 γεν-

2119 2760 2277 2832 νητὸν
2304 2759 2570 2831 δηλονότι.
2617 2759 2682 2813 Τί
2708 2760 2764 2815 δὲ
2797 2758 3094 2813 ἀντίκειται
3122 2756 3202 2828 τῷ
3236 2757 3402 2826 φυκίς
3432 2756 3527 2824 φῶς
3553 2757 3634 2808 ἓτε-

2120 2870 2232 2924 ρον,
2274 2851 2308 2923 ἢ
2347 2851 2408 2904 τὸ
2441 2851 2658 2917 σκότοςς
2694 2849 2768 2904 To
2798 2849 2986 2912 σκότος
3019 2848 3256 2911 πάντως.
3288 2848 3347 2900 Εἰ
3371 2847 3526 2900 τοίνυν
3547 2846 3634 2899 ὅσον

2119 2943 2497 3017 παρήλλακται
2523 2944 2582 2997 τὸ
2615 2941 2871 3013 γεννητὸν
2917 2941 3050 3013 πρὸς
3079 2940 3139 2993 τὸ
3169 2939 3468 3010 ἀγέννητον,
3493 2937 3634 2991 τοσοῦ-

2116 3053 2208 3089 τον
2254 3035 2466 3106 ἀνάγκη
2498 3032 2877 3103 παρηλλάχθαι
2917 3032 2978 3084 τὸ
3010 3030 3124 3100 φῶς
3156 3030 3291 3102 πρὸς
3321 3029 3378 3082 τὸ
3416 3028 3532 3098 φῶς,
3560 3028 3633 3080 τίνι

2116 3129 2224 3182 τῶν
2257 3129 2509 3182 ἁπάντων
2547 3125 2800 3198 ἅδηλοςή
2837 3123 3080 3188 ἀσέϐεια,
3117 3125 3222 3188 ὃτι,
3271 3124 3327 3174 ἐν
3357 3121 3632 3195 προσηγορίᾳ

2119 3221 2295 3291 φωτὸς
2324 3221 2383 3274 τὸ
2424 3218 2798 3290 ἀντικείμενον
2843 3216 2920 3288 τῷ
2956 3216 3093 3286 φωτὶ
3131 3215 3486 3288 παρεισάγων,
3523 3216 3636 3266 ἐναν-

2115 3314 2237 3367 τίαν
2262 3308 2400 3365 εἶναι
2428 3315 2492 3382 τῇ
2522 3309 2615 3364 τοῦ
2647 3309 2823 3380 φωτὸς
2854 3308 3012 3378 φύσει
3045 3308 3144 3379 τὴν
3181 3305 3362 3360 οὐσίαν
3395 3305 3476 3359 τοῦ
3506 3305 3634 3358 Μονο-

2115 3403 2306 3474 γενοῦς
2340 3403 2664 3466 ὑποϐάλλει;
2698 3403 2768 3454 Ἦ
2800 3401 3060 3454 δεικνύτω
3083 3401 3218 3471 ἡμῖν
3247 3398 3357 3468 φῶς
3387 3395 3636 3464 ἀντικείμεο

2115 3516 2203 3551 νον
2250 3496 2327 3568 τῷ
2374 3496 2532 3565 φωτὶ,
2588 3495 2809 3548 κάκεῖνο
2860 3492 2921 3544 τὸ
2974 3492 3176 3563 μέτρον
3226 3491 3322 3559 τῆς
3372 3487 3636 3547 ἀντιθέσεως

2116 3588 2256 3660 ἔχον,
2283 3589 2310 3642 ὃ
2343 3588 2419 3660 τῷ
2461 3585 2705 3659 γεννητῷ
2740 3584 2874 3656 πρὸς
2914 3583 2975 3637 τὸ
3003 3583 3300 3652 ἀγέννητον
3339 3581 3490 3634 ἐστιν.
3519 3579 3568 3632 Εἰ
3596 3576 3637 3628 δέ

2114 3679 2273 3734 τοῦτο
2316 3678 2436 3732 οὕτε
2477 3677 2622 3729 ἐστὶν
2661 3713 2676 3740 ,
2787 3673 2898 3728 οὔτ’
2933 3673 2998 3727 ἂν
3042 3671 3208 3735 αὐτὸς
3253 3672 3558 3740 ἐπινοήσειε,
3584 3664 3637 3735 μὴ

2115 3770 2415 3840 ἀγνοείσθω
2444 3771 2476 3840 ἡ
2508 3769 2668 3839 τέχνη
2708 3767 2826 3844 μεθ’
2869 3761 2938 3838 ἧς
2966 3765 3178 3836 βαθέως
3213 3759 3570 3829 κατασκευάζει
3594 3757 3638 3808 τὸ

2119 3864 2456 3936 βλάσφημον.
2505 3860 2724 3932 Ἐπειδὴ
2759 3859 2866 3932 γάρ
2895 3860 3064 3912 οἴεται
3093 3857 3174 3928 τῷ
3202 3857 3466 3926 ἀγεννήτῳ
3483 3854 3535 3905 τὸ
3553 3867 3638 3918 γενο

2117 3956 2276 4027 νητὸν
2331 3955 2449 4008 κατ’
2483 3953 2796 4007 ἐναντίωσιν
2850 3949 3204 4011 ἀντικεῖσθαι,
3258 3947 3352 4018 τὴν
3401 3944 3545 4014 αὐτὴν
3583 3938 3636 4009 τῷ

2118 4044 2257 4115 φωτὶ
2295 4043 2430 4115 πρὸς
2454 4043 2513 4096 τὸ
2545 4043 2659 4112 φῶς
2687 4041 2958 4095 ἀντίθεσιν
2985 4038 3306 4112 ἐφαρμόζει,
3342 4039 3420 4090 ἵνα
3443 4034 3518 4089 διά
3541 4032 3638 4084 πάν-

2115 4156 2223 4193 των
2263 4139 2360 4209 τὴν
2389 4137 2481 4190 τοῦ
2510 4137 2720 4209 Πατρδς
2752 4135 2940 4189 οὐσίαν
2971 4133 3266 4187 ἀντίπαλον
3300 4130 3389 4184 καὶ
3427 4125 3638 4198 πολεμίαν

2115 4235 2181 4303 τῇ
2211 4231 2304 4284 τοῦ
2336 4227 2670 4298 Μονογενοῢς
2701 4227 2962 4298 ἐπιδείξῃ.
2995 4225 3092 4278 Διά
3127 4223 3301 4278 ταῦτα
3337 4223 3368 4293 ἡ
3522 4213 3639 4280 καινῆ

2117 4323 2256 4394 αὕτη
2293 4321 2397 4375 τῶν
2439 4321 2726 4392 δογμάτων
2763 4318 3085 4389 νομοθεσία·
3118 4317 3285 4369 Ὅσον
3321 4310 3637 4385 παρήλλακται

2117 4414 2177 4470 τὸ
2209 4413 2464 4485 γεννητὸν
2494 4412 2589 4465 τοῦ
2620 4412 2934 4483 ἀγεννήτου,
2969 4406 3224 4462 τοσοῦτον
3251 4405 3456 4474 ἀνάγκη
3481 4398 3638 4470 παρηλ·

2117 4507 2312 4579 λάχθαι
2353 4507 2414 4560 τδ
2447 4505 2561 4576 φῶς
2601 4504 2736 4576 πρὸς
2780 4504 2841 4557 τδ
2885 4503 3020 4573 φῶς.
3058 4501 3252 4592 Καίτοι
3286 4499 3360 4569 τῷ
3522 4496 3638 4592 ἀγεν-

2118 4601 2262 4672 νήτῳ
2295 4599 2432 4670 πρὸς
2463 4597 2522 4651 τὸ
2554 4596 2810 4668 γεννητόν
2837 4595 2950 4648 ἐστί
2981 4611 3086 4657 τις,
3117 4591 3262 4646 κατά
3291 4592 3383 4661 τὴν
3411 4588 3540 4642 θέσιν
3561 4588 3638 4636 τῶν

2120 4690 2399 4765 ῥημάτων,
2428 4691 2476 4743 εἰ
2504 4689 2597 4744 καὶ
2626 4690 2701 4760 μὴ
2732 4687 2873 4742 κατὰ
2899 4687 2996 4758 τὴν
3026 4683 3186 4754 φύσιν
3213 4683 3319 4738 τῶν
3341 4677 3636 4753 πραγμάτων.

2118 4781 2408 4845 ἀντίθεσις,
2437 4781 2573 4849 ὅπερ
2611 4774 2755 4833 οὗτοι
2788 4780 3288 4846 κατασκευάζουσι·
3320 4782 3448 4850 φωτὶ
3471 4777 3517 4830 δὲ
3539 4772 3640 4843 πρὸς

2116 4874 2179 4928 τὸ
2211 4873 2326 4943 φῶς
2357 4871 2478 4927 οὔτε
2523 4873 2665 4927 κατὰ
2691 4872 2788 4943 τὴν
2829 4873 3110 4946 προφορὰν
3142 4872 3267 4926 οὔτε
3309 4870 3440 4926 κατά
3471 4868 3552 4936 τὴν
3577 4863 3638 4915 ἔν-

2122 4982 2268 5020 νοιαν
2299 4963 2581 5035 ἐπινοῆσαι
2606 4982 2728 5018 τινα
2752 4964 2976 5018 δυνατὸν
3009 4965 3341 5019 ἐναντίωσιν.
3388 4959 3529 5016 Ἀλλὰ
3561 4953 3638 5023 γὰρ

2124 5055 2268 5109 ἔοικε
2338 5055 2665 5126 σοφίσμασιν
2741 5055 3036 5126 ἀπατηλοῖς
3117 5055 3312 5110 ἑαυτὸν
3383 5041 3637 5123 παρακροά·

2127 5147 2303 5201 εσθαι.
2463 5147 2647 5200 Οῐεται
2678 5146 2806 5220 γάρ,
2831 5149 2914 5200 ὄτι
2942 5145 3008 5200 τὰ
3039 5149 3150 5210 τοῖς
3174 5146 3431 5206 ἐναντίοις
3453 5141 3637 5220 ἑπόμενα

2115 5235 2212 5306 τὴν
2238 5231 2408 5303 αὐτὴν
2451 5231 2564 5300 ἔχει
2594 5213 2730 5300 πρδς
2753 5213 2979 5298 ’ἄλληλα
3027 5225 3228 5296 μάχην,
3275 5225 3449 5318 ἤνπερ
3481 5217 3536 5271 ἀν
3559 5213 3638 5318 έχει

2116 5326 2213 5380 καὶ
2239 5323 2308 5377 τά
2337 5320 2617 5392 ἡγούμενα
2637 5335 2650 5349 ·
2688 5317 2784 5370 καὶ
2819 5319 2945 5370 ὅταν
2985 5315 3060 5386 τῷ
3093 5316 3265 5386 ἑτέρῳ
3303 5313 3407 5366 τῶν
3437 5313 3637 5362 ἐναντίων

2115 5413 2178 5469 τὸ
2201 5413 2438 5468 ἐναντίον
2471 5410 2712 5482 ὑπάρχῃ,
2754 5409 2848 5462 καὶ
2887 5407 2966 5480 τῷ
2996 5408 3166 5479 ἐτέρῳ
3196 5406 3408 5464 πάντως
3445 5401 3496 5452 τὸ
3523 5398 3636 5448 ἐναν-

2116 5505 2232 5561 τίον
2255 5501 2632 5574 ἀκολουθήσει.
2668 5496 2814 5563 Οἷον,
2846 5501 2894 5552 εί
2922 5502 2987 5570 τῇ
3017 5499 3205 5570 ὁράσει
3233 5497 3295 5550 τὸ
3323 5495 3432 5564 φῶς
3468 5491 3634 5547 Exstat,

2117 5600 2182 5668 τῇ
2223 5595 2514 5666 τυφλότητι
2550 5593 2610 5646 τὸ
2652 5593 2874 5655 σκότος’
2905 5593 2951 5643 εί
2982 5590 3060 5661 τῷ
3093 5591 3189 5659 ζῇν
3224 5589 3283 5641 τὸ
3320 5579 3634 5640 αἰσθάνεσθαι,

2117 5692 2196 5762 τῷ
2219 5689 2532 5760 τεθνηκέναι
2556 5687 2617 5739 τὸ
2643 5684 3005 5755 ἀναισθητεῖν.
3163 5681 3206 5732 Τ
3209 5679 3333 5734 οὖτο
3357 5678 3407 5731 δὲ
3433 5676 3499 5737 ὡς
3517 5669 3635 5725 ἀσθε-

2119 5783 2207 5848 νὲς
2247 5781 2339 5834 καὶ
2367 5779 2654 5832 διαπῖπτον
2695 5776 2752 5829 τὸ
2793 5778 3186 5848 παρατήρημα,
3227 5771 3385 5824 παντὶ
3416 5764 3634 5835 γνώριμαι
