3860 6576
167 423 262 490 553

1100 418 1479 479 PANOPLIA
1521 418 1981 483 DOGMATICA.
2017 448 2079 459 —
2114 424 2268 485 TIT.
2310 426 2413 485 XI.

3288 417 3391 480 554

165 531 465 607 ἁρχετύπων
500 530 855 595 ἀποδεούσαις
893 530 951 583 τὸ
974 529 1184 599 ὅμοιον
1223 532 1485 594 πολλάκις
1512 533 1696 585 ἐπιλέ-

1823 537 1972 606 ςειιίιί
2024 535 2195 605 gloria
2252 538 2629 591 imminuatur.
2693 535 2910 592 Scimus
2960 534 3104 591 enim
3163 534 3387 587 verbum

159 644 262 696 γειν
284 622 560 695 εἰώθαμεν.
596 624 752 679 Ἐπεὶ
780 617 874 677 οὖν
901 619 1064 695 ἦττον
1093 617 1250 691 οἶμαι
1278 623 1711 694 κακουργεῖσθαι

156 721 209 770 τὸ
234 718 518 787 ὁμοούσιον,
547 716 691 770 οὕτω
719 718 815 770 καὶ
846 717 1007 780 αὐτὸς
1036 716 1283 786 τίθεμαι.

1820 627 1944 691 hoc,
1964 628 2215 692 similem,
2253 630 2428 685 solere
2457 631 2509 684 in
2539 645 2631 685 eas
2661 631 2821 686 etiam
2862 646 2948 686 res
2981 626 3237 693 conferri,
3268 643 3388 695 ιμιιε
3432 658 3435 661 »

1809 726 2027 775 tenuem
2056 732 2108 777 et
2158 724 2449 777 obscuram
2475 725 2711 793 aliquam
2754 739 2863 793 prae
2898 739 2958 779 se
2992 722 3176 777 lerunt
3234 721 3391 775 sinti—

160 810 437 875 litudinem,
472 809 591 863 licet
619 810 688 865 ab
719 809 1121 877 exemplaribus
1145 810 1438 881 plurimum
1471 811 1692 867 distent.
1736 810 2106 877 Quamobrem
2172 817 2427 886 quoniam
2464 818 2518 871 in
2581 818 2681 871 hac
2732 832 2889 881 voce,
2928 816 3247 885 ὁμοούσιον,
3292 815 3395 868 ιιιί-

157 919 244 958 nus
277 902 501 957 timenda
536 903 684 957 fraus
707 903 1033 967 est,idcirco
1067 904 1210 958 illam
1250 920 1355 973 ego
1396 919 1612 972 quoque
1665 908 1833 975 magis
1878 909 2176 978 amplector
2222 921 2273 966 et
2298 912 2489 981 probo.

159 996 254 1052 Τοῦ
288 996 471 1052 αὑτοῦ
501 996 569 1049 ἐκ
603 995 715 1065 τῆς
756 999 908 1066 πρὸς
948 998 1315 1066 κανονικοὺς
1354 997 1704 1065 ἐπιστολῆς.

223 1087 303 1139 Ἐν
341 1087 675 1157 ἀμφοτέροις
718 1088 850 1158 ἡμῖν
889 1089 950 1142 τὸ
991 1090 1091 1159 τῆς
1137 1090 1378 1151 πίστεως
1421 1090 1704 1161 φρόνημα,

2057 1004 2310 1073 Ejusdem
2354 1021 2419 1058 ea:
2450 1004 2671 1073 epistola
2726 1004 2795 1056 ad
2829 1003 3131 1058 canonicos.

1884 1095 1942 1149 ln
2016 1107 2247 1164 utraque
2309 1096 2467 1153 nobis
2528 1099 2593 1150 de
2644 1095 2747 1149 ﬁde
2816 1097 3085 1149 sententia
3143 1109 3158 1147 :
3224 1092 3395 1162 siqni-

154 1176 320 1247 ἐπειδὴ
358 1177 451 1229 καὶ
485 1176 597 1229 τῶν
636 1179 820 1231 αὐτῶν
858 1179 1120 1251 Πατέρων
1161 1180 1331 1248 ἐσμὲν
1374 1182 1708 1252 κληρονόμοι

1829 1189 1929 1241 lem
1994 1199 2044 1241 et
2129 1192 2439 1243 cornindem
2529 1189 2748 1242 Patrum
2846 1190 3085 1240 heredes
3167 1200 3391 1250 sumus,

151 1267 247 1319 τῶν
292 1267 429 1320 κατὰ
474 1268 574 1337 τὴν
623 1268 863 1322 Νίκαιάν
915 1288 1047 1324 ποτε
1098 1270 1159 1324 τὸ
1214 1272 1357 1340 μέγα
1402 1275 1501 1341 τῆς
1552 1272 1705 1325 εὐσε-

1812 1283 1902 1349 qui
1963 1282 2233 1351 quondam
2312 1279 2504 1335 Nicaeae
2569 1295 2817 1350 magnum
2898 1280 3115 1349 pietatis
3186 1295 3394 1347 praeco-

153 1360 284 1422 ϐείας
335 1360 773 1429 ἐξαγγειλάντων
827 1365 1126 1433 κήρυγμα,
1179 1360 1240 1419 οὗ
1287 1366 1356 1419 τά
1415 1366 1516 1435 μὲν
1568 1366 1705 1420 ἄλλα

1823 1372 1957 1425 ιίιιιιι
1982 1374 2397 1443 promulgarunt
2431 1388 2445 1427 :
2479 1371 2632 1440 cujus
2656 1371 2874 1437 reliqua:
2938 1372 3155 1439 quidem
3211 1381 3394 1439 partes

152 1451 475 1505 παντάπασιν
504 1453 653 1507 ἐστιν
682 1454 1139 1524 άσυκοφάντητα,
1173 1457 1272 1528 τὴν
1301 1458 1358 1512 δὲ
1384 1458 1480 1512 τοῦ
1516 1463 1711 1530 ὁμοου-

1823 1463 2092 1516 ιδΙιιιιιιιίιιξ
2140 1464 2271 1517 nulli
2333 1464 2584 1518 obnoxiae
2642 1470 2805 1529 sunt;
2870 1463 2965 1516 Sed
3018 1475 3201 1515 vocem
3266 1475 3395 1515 eon-

154 1544 255 1595 σῖου
298 1542 481 1614 φωνὴν
530 1545 718 1609 κακῶς
770 1548 923 1617 παρά
971 1565 1138 1603 τινων
1186 1550 1558 1620 ἐκληφθεῖσάν
1604 1553 1709 1605 εἰσί

1823 1550 2181 1608 substantialis
2208 1553 2397 1607 malea
2429 1552 2702 1607 nonnullis
2759 1562 3060 1621 acceptam,
3119 1559 3247 1605 sunt
3297 1549 3391 1619 qui

150 1651 278 1696 τινες
319 1636 365 1687 οἱ
418 1636 585 1707 μήπω
632 1639 1101 1709 παραδεξάμενοι,
1149 1639 1242 1704 οὒς
1290 1642 1387 1695 καὶ
1441 1644 1709 1712 μέμψαιτ’

154 1725 209 1778 ἄν
236 1742 315 1788 τις
344 1727 570 1791 δικαίως
592 1768 607 1795 ,
642 1731 738 1783 καὶ
773 1731 938 1785 πάλιν
976 1732 1075 1801 μέν
1110 1749 1194 1795 τις
1231 1733 1568 1806 συγγνώμης
1602 1738 1708 1790 αύ-

152 1821 262 1882 τοὺς
298 1819 600 1885 ἀξιώσειεν.
645 1823 718 1875 Τὸ
768 1825 866 1893 μὲν
904 1824 1015 1896 γάρ
1058 1826 1311 1896 Πατράσι
1361 1829 1436 1898 μὴ
1482 1830 1708 1882 ἀκολου-

1808 1644 2050 1697 nondum
2092 1644 2398 1713 receperint
2429 1660 2606 1713 :quos
2647 1643 2767 1711 quis
2823 1654 2876 1697 et
2916 1644 3040 1710 jure
3092 1642 3391 1711 reprelieno

1815 1735 1981 1801 derit,
2016 1752 2079 1791 ac
2113 1751 2304 1789 rursus
2333 1735 2487 1789 venia
2509 1736 2700 1803 dignos
2758 1734 3043 1801 judicarit.
3094 1732 3228 1786 Nam
3286 1731 3391 1785 Pa-

1817 1834 1958 1879 trum
2014 1828 2254 1896 vestigiis
2307 1843 2411 1881 non
2467 1828 2759 1890 insistere,
2812 1843 2913 1882 nec
2968 1841 3065 1881 sua
3127 1824 3391 1879 sententia

156 1909 287 1977 θεῖν,
337 1912 430 1965 καὶ
482 1914 585 1984 τὴν
637 1915 863 1968 ἐκείνων
919 1915 1105 1986 φωνὴν
1159 1919 1499 1987 κυριωτέραν
1552 1920 1702 1973 τιθε-

1823 1935 1995 1976 vocem
2032 1921 2249 1973 illorum
2280 1921 2545 1988 potiorem
2571 1919 2789 1984 ducere,
2826 1934 2914 1972 res
2969 1928 3052 1971 est
3100 1917 3392 1984 reprehen-

156 2001 263 2054 σθαι
307 2003 401 2071 τῆς
444 2004 658 2057 ἑαυτῶν
705 2004 954 2077 γνώμης,
1002 2007 1351 2078 ἐγκλήματος
1400 2008 1586 2074 ἀξιον,
1634 2010 1710 2074 ὡς

159 2091 421 2154 αὐθαδείας
476 2094 692 2165 γέμονο
754 2098 813 2151 τὸ
870 2100 927 2153 δὲ
975 2100 1141 2155 πάλιν
1190 2098 1283 2170 ὑφ’
1335 2099 1538 2170 ἑτέρων
1593 2101 1709 2154 δια-

164 2192 426 2259 ϐληθεῖσαν
459 2192 632 2263 αὐτὴν
663 2191 907 2245 ὕποπτον
957 2192 1101 2262 ἔχειν
1129 2231 1145 2253 ,
1190 2189 1349 2243 τοῦτό
1399 2204 1515 2250 πως
1567 2187 1714 2239 δοκεῖ

163 2280 244 2334 τοῦ
271 2282 606 2354 ἐγκλήματος
628 2284 820 2347 αὐτοὺς
851 2284 1083 2354 μετρίως
1112 2280 1446 2352 ἐλευθεροῦν.
1463 2279 1581 2332 ,Καὶ
1604 2278 1713 2349 γὰρ

164 2374 230 2445 τῷ
249 2374 364 2429 ,ὄντι
398 2414 415 2437 ,
596 2376 655 2446 οῖ’
687 2376 780 2427 ἐπὶ
819 2375 1017 2444 Παύλῳ
1070 2373 1148 2444 τῷ
1188 2373 1494 2442 Σαμοσατεῖ
1538 2369 1715 2422 συνελ-

166 2466 354 2530 θόντες,
397 2465 645 2519 διέϐαλον
673 2467 772 2536 τὴν
796 2465 1047 2530 λέξιννώς
1083 2465 1182 2517 οὐκ
1213 2464 1429 2533 εὔηχον.
1465 2463 1713 2530 Ἔφασαν

165 2556 257 2625 γὰρ
294 2558 487 2611 ὲκεῖνοι
526 2557 625 2628 τὴν
665 2558 758 2610 τοῦ
797 2557 1083 2628 ὁμοουσίου
1118 2557 1298 2628 φωνὴν
1332 2555 1600 2627 παριστᾷν
1630 2552 1708 2605 ἕνα

165 2659 292 2696 νοιαν
320 2645 508 2708 οὐσίας
552 2662 610 2697 τε
650 2645 744 2698 καὶ
779 2646 888 2699 τῶν
924 2647 1018 2698 ἀπ’
1043 2646 1213 2716 αὐτῆς
1234 2662 1246 2675 ⁸
1292 2644 1431 2698 ὥστε
1474 2658 1716 2715 καταμε-

167 2730 414 2798 ρισθεῖσαν
454 2734 562 2804 τὴν
606 2735 792 2789 ούσίαν
841 2736 1103 2807 παρέχειν
1149 2733 1243 2788 τοῦ
1294 2734 1582 2803 ὁμοουσίου
1614 2733 1715 2803 τὴν

164 2824 510 2897 προσηγορίαν
546 2827 657 2889 τοῖς
686 2827 765 2888 εἰς
791 2825 827 2879 ἃ
846 2825 1089 2898 διῃρέθη.
1125 2825 1293 2878 Τοῦτο
1317 2824 1372 2877 δὲ
1394 2824 1487 2878 ὲπὶ
1510 2824 1713 2895 χαλκοῦ

167 2912 251 2977 μὲν
283 2913 504 2967 καὶτῶν
538 2915 633 2968 ἀπ’
661 2916 826 2969 αὐτοῦ
868 2918 1219 2987 νομισμάτων
1254 2916 1366 2987 ἔχει
1403 2916 1522 2969 τινὰ
1559 2914 1715 2983 λόγον

163 3000 214 3052 τὸ
231 3001 487 3073 διανόημα
517 3021 533 3034 ο
582 3005 673 3057 ἐπὶ
728 3005 784 3058 δὲ
830 3006 966 3059 Θευῦ
996 3007 1210 3077 Πατρὸς
1258 3007 1353 3059 καὶ
1398 3005 1533 3059 Θεοῦ
1582 3005 1714 3058 Υἱοῦ

164 3092 247 3144 οὐκ
287 3093 437 3147 ούσια
489 3095 837 3166 πρεσϐυτέρα
866 3134 882 3159 ,
933 3096 1040 3148 οὐδ’
1093 3096 1461 3167 ὑπερκειμένη
1512 3097 1714 3164 ἀμφοῖν

167 3180 422 3253 θεωρεῖται
450 3201 463 3214 ’
499 3184 755 3247 ἀσεϐείας
781 3184 889 3255 γάρ
917 3186 1176 3239 ἐπέκεινα
1212 3186 1370 3239 τοῦτο
1397 3185 1491 3239 καλ.
1525 3188 1715 3256 νοῆσαι
1747 3198 1789 3254 c

166 3272 244 3325 καὶ
280 3273 630 3343 φθέγξασθαι.
674 3277 738 3330 Τί
780 3278 887 3348 γὰρ
924 3276 990 3330 ἂν
1036 3278 1244 3345 γένοιτο
1287 3276 1382 3330 τοῦ
1418 3277 1715 3346 ἀγεννήτου

167 3366 554 3440 πρεσϐύτερον;
621 3369 946 3441 Ἀναιρεῖται
995 3369 1050 3422 δὲ
1110 3370 1176 3422 ὲκ
1220 3372 1320 3440 τῆς
1372 3368 1716 3438 βλασφημίας

166 3453 344 3526 ταύτης
363 3459 453 3510 καὶ
476 3460 513 3529 ἠ
538 3460 619 3521 εἰς
645 3460 734 3511 τὸν
758 3461 976 3528 Πατέρα
998 3460 1092 3512 καὶ
1119 3458 1247 3511 Υἱδν
1273 3460 1452 3523 πίστις
1469 3477 1482 3490 °
1512 3458 1717 3528 ἀδελφὰ

166 3543 257 3614 γὰρ
286 3546 536 3615 ἀλλήλοις
567 3550 635 3602 τὰ
662 3549 719 3615 ἐξ
758 3549 875 3612 ἑνὸς
899 3548 1204 3618 ὑφεστῶτα.

284 3632 385 3685 Καὶ
398 3634 589 3704 ἐπειδὴ
610 3634 669 3699 ἐξ
689 3636 788 3688 οὐκ
806 3635 974 3688 ὄντων
995 3637 1075 3697 εἰς
1093 3634 1153 3686 τὸ
1172 3628 1309 3686 εἶναι
1329 3632 1608 3704 παρῆχθαι
1627 3632 1718 3685 τὸν

161 3716 270 3771 Υἰὸν
297 3721 373 3774 ἔτι
404 3724 532 3777 τότε
561 3720 698 3795 ἦσαν
726 3726 773 3777 oi
799 3724 1068 3792 λέγοντες.
1104 3724 1190 3776 ἵνα
1221 3722 1315 3776 καὶ
1343 3721 1542 3792 ταύτην
1569 3723 1720 3777 ἐκτέ-

165 3825 286 3876 μωσι
330 3812 427 3883 τὴν
484 3813 775 3877 ἀσέϐειαν,
827 3813 887 3866 τὸ
939 3812 1221 3882 ὀμοσύσιον
1273 3812 1716 3883 προσειρήκασιν.

164 3901 399 3973 Ἀχρονος
425 3905 541 3975 γὰρ
577 3906 671 3957 καὶ
703 3905 1020 3967 ἀδιάστατος
1062 3906 1097 3974 ἡ
1135 3902 1229 3956 τοῦ
1279 3901 1409 3956 Υἱοῦ
1457 3902 1603 3974 πρὸς
1630 3902 1720 3958 τὸν

163 3989 358 4063 Πατέρα
395 3996 681 4063 συνάφεια.
722 3995 881 4065 Δηλοῖ
915 3996 971 4048 δὲ
1018 3997 1110 4049 καὶ
1145 3995 1214 4049 τὰ
1254 3994 1592 4066 προλαϐόντα
1628 3996 1724 4065 ρή-

162 4099 291 4150 ματα
316 4085 521 4157 ταύτην
550 4081 686 4140 εἶναι
717 4087 825 4140 τῶν
863 4085 1071 4157 ἀνδρῶν
1107 4086 1205 4157 τὴν
1234 4086 1492 4139 διάνοιαν.
1530 4086 1724 4138 Εἰπόν-

161 4190 237 4235 τες
263 4176 364 4248 γὰρ
395 4178 513 4246 φῶς
540 4179 603 4231 ὲκ
627 4178 823 4247 φωτὸς,
854 4178 948 4231 καὶ
972 4178 1036 4231 ὲκ
1057 4177 1157 4247 τῆς
1179 4178 1366 4241 οὐσίας
1384 4177 1479 4231 τοῦ
1510 4176 1722 4248 Πατρὸς

160 4265 238 4318 τὸν
272 4267 391 4322 Υξὸν
422 4269 807 4340 γεγεννῆσθαι,
839 4270 960 4339 οὐχὶ
984 4269 1039 4321 δὲ
1073 4268 1422 4338 πεποιῆσθαι,
1443 4268 1723 4338 ἐπήγαγον

161 4357 345 4423 τούτοις
372 4361 433 4413 τὸ
457 4361 744 4431 ὁμωύσιον
765 4379 777 4392 ·
812 4358 1267 4429 παραδεικνύντες
1287 4398 1302 4421 ,
1343 4360 1423 4411 ὅτι
1458 4359 1625 4430 ὅνπερ
1657 4357 1724 4411 ἄν

160 4462 232 4511 τις
263 4450 439 4521 ἀποδῷ
480 4452 661 4521 φωτὸς
698 4451 853 4519 λόγον
891 4450 985 4503 ἐπὶ
1028 4450 1261 4521 Πατρὸς,
1305 4444 1458 4512 οὗτος
1490 4449 1724 4520 ἁρμόσει

162 4538 243 4591 καὶ
269 4542 357 4595 ἐπὶ
384 4542 540 4595 Υἰοῦ.
577 4541 695 4605 Φῶς
716 4541 824 4613 γὰρ
854 4542 1107 4613 ἀληθινὸν
1141 4542 1276 4614 πρὸς
1309 4542 1423 4611 φῶς
1448 4542 1723 4613 ἀληθινὸν,

1814 2012 1967 2067 sione
2000 2012 2181 2080 iligna,
2219 2022 2274 2063 ut
2333 2011 2490 2081 plena
2539 2011 2884 2079 arrogantiae.
2943 2008 3152 2063 Rursus
3209 2018 3390 2061 autem

1817 2104 2172 2172 vituperatatn
2238 2102 2307 2155 ab
2368 2102 2490 2157 aliis
2554 2118 2739 2157 vocem
2796 2110 3098 2171 suspectam
3154 2100 3391 2164 habere,

1822 2177 2037 2232 videtur
2071 2180 2122 2232 id
2169 2180 2403 2249 quodam
2437 2181 2598 2234 modo
2634 2182 2963 2238 mediocrem
3008 2185 3114 2240 illis
3158 2202 3377 2242 excusa-

1818 2266 1983 2321 tionis
2007 2269 2218 2322 veniam
2250 2270 2567 2325 conciliare.
2597 2270 2729 2325 Nam
2783 2289 2971 2329 revera
3004 2277 3096 2345 qui
3127 2277 3180 2330 in
3234 2276 3386 2334 Pauli

1817 2354 2221 2413 Samosatensis
2246 2375 2414 2415 causa
2438 2372 2826 2429 convenerant,
2848 2382 3036 2422 vocem
3069 2369 3207 2423 hanc
3230 2386 3389 2441 quas:

1815 2447 1955 2501 male
1988 2458 2274 2504 sonantem
2324 2452 2638 2521 culparunt.
2670 2453 2936 2510 Dixerunt
2970 2458 3114 2512 enim
3150 2461 3389 2516 consub-
3447 2469 3465 2484 '

1815 2541 2089 2596 stantialis
2142 2557 2273 2597 voce
2331 2545 2575 2599 exhiberi
2627 2548 2903 2602 notionem
2955 2550 3271 2607 substantia:
3333 2561 3389 2608 et

1814 2644 2003 2685 eorum
2034 2649 2155 2703 quae
2180 2650 2246 2689 ex
2276 2636 2614 2704 substantia;
2644 2638 2780 2693 adeo
2828 2649 2887 2693 nt
2920 2640 3093 2715 divisa
3133 2644 3390 2697 substan-

1814 2720 1890 2774 tia
1931 2725 2349 2792 appellationem
2396 2729 2884 2785 consubstantialis
2938 2733 3193 2787 cenciliet
3229 2735 3298 2790 iis
3329 2737 3383 2789 in

1816 2826 1937 2879 qua:
1960 2813 2133 2866 divisa
2170 2823 2275 2867 est.
2319 2814 2451 2881 Quae
2487 2817 2705 2886 quidem
2757 2819 3017 2887 cogitatio
3061 2821 3238 2874 locum
3285 2824 3386 2875 alio

1815 2916 1978 2971 quem
2006 2903 2165 2959 habet
2207 2905 2262 2959 in
2294 2920 2419 2961 aere
2447 2914 2500 2961 et
2527 2907 2582 2961 in
2617 2907 2867 2964 conﬂatis
2895 2926 2960 2964 ex
2988 2927 3053 2966 eo
3083 2913 3384 2968 numisma-

1817 2991 1998 3047 tibus:
2032 3002 2086 3047 at
2117 2995 2170 3046 in
2217 2993 2326 3049 Deo
2373 2994 2533 3051 Patre
2559 3006 2614 3051 et
2658 2997 2711 3052 in
2746 2996 2857 3052 Deo
2898 2998 3036 3054 Filio
3079 3001 3385 3056 substantia

1817 3095 1926 3135 non
1959 3094 2041 3137 est
2090 3086 2398 3154 antiquior,
2430 3104 2606 3157 neque
2650 3090 2868 3158 utrique
2927 3095 3268 3162 superposita
3300 3095 3387 3148 in-

1818 3173 2116 3243 telligitur:
2154 3175 2258 3230 hoc
2304 3178 2450 3232 enim
2483 3180 2745 3249 cogitare,
2787 3188 2881 3234 aut
2917 3183 3122 3248 dicere,
3170 3200 3386 3241 omnem

1818 3266 2116 3336 impietatis
2165 3269 2386 3323 modum
2450 3272 2686 3327 excedit.
2736 3272 2879 3340 Quid
2944 3277 3095 3331 enim
3147 3278 3388 3348 ingenito

1817 3359 2094 3428 antiquius
2133 3358 2243 3415 sit?
2273 3361 2510 3417 Tollitur
2539 3365 2702 3418 etiam
2740 3366 2843 3421 hac
2880 3368 3219 3440 blasphemia
3256 3372 3381 3426 ﬁde:

1817 3449 1873 3503 in
1905 3449 2120 3506 Patrem
2152 3463 2204 3508 et
2236 3451 2472 3509 Filium:
2521 3472 2647 3510 nam
2682 3460 2823 3514 inter
2854 3476 2912 3514 se
2958 3461 3186 3515 fratrum
3220 3464 3390 3518 ratio-

1817 3555 1939 3595 nem
1978 3542 2179 3597 habent
2211 3561 2332 3615 qua:
2358 3562 2423 3601 ex
2462 3563 2570 3602 uno
2600 3550 2929 3604 subsistunt.

1971 3624 2192 3693 Et~quia
2226 3625 2421 3678 Filium
2483 3644 2547 3681 ex
2596 3629 2766 3681 nihilo
2840 3628 3161 3697 productum
3211 3631 3391 3687 adhuc

1820 3722 1952 3769 tunc
1983 3727 2139 3771 erant
2173 3719 2264 3787 qtti
2300 3719 2577 3785 dicerent;
2635 3731 2696 3773 ut
2730 3723 2869 3774 hanc
2924 3739 3142 3792 quoque
3197 3726 3389 3793 praeci—

1820 3809 2009 3865 derent
2070 3811 2398 3881 impietatem
2430 3850 2444 3875 ,
2504 3812 2978 3866 consubstantiale
3031 3824 3389 3885 usurparunt.

1820 3900 1954 3955 Nam
2004 3901 2123 3957 sine
2162 3911 2406 3971 tempore
2440 3910 2525 3957 est
2552 3910 2606 3957 et
2632 3904 2749 3957 sine
2782 3903 3066 3958 intervallo
3096 3902 3219 3958 Filii
3266 3922 3391 3960 cum

1822 3991 1982 4047 Patre
2014 3992 2349 4061 conjunctio.
2398 3991 2789 4047 Demonstrant
2815 4005 2995 4049 autem
3024 4002 3078 4050 et
3108 3999 3391 4067 superiora

1822 4081 1989 4136 verba
2016 4082 2156 4136 hanc
2188 4084 2406 4136 illorum
2452 4097 2575 4138 esse
2606 4092 2863 4139 mentem.
2898 4082 3194 4156 Postquam
3247 4089 3393 4143 enim

1823 4173 2080 4230 dixerunt
2114 4175 2295 4229 lumen
2325 4174 2393 4229 de
2426 4174 2654 4240 lumine,
2693 4183 2857 4247 atque
2892 4175 3086 4231 Filium
3124 4195 3187 4234 ex
3214 4178 3395 4237 Patris

1824 4264 2131 4318 substantia
2188 4264 2430 4320 eenitum
2488 4282 2642 4331 esse,
2702 4282 2813 4321 non
2861 4282 2990 4321 vero
3040 4268 3277 4337 factum;
3310 4272 3396 4327 his

1825 4354 2290 4411 consubstantiale
2342 4357 2782 4426 subjunxerunt:
2826 4359 3132 4418 indicantes
3160 4403 3172 4424 .
3228 4380 3395 4434 quam

1824 4444 1949 4513 quis
1977 4446 2198 4501 luminis
2225 4448 2490 4503 rationem
2524 4449 2577 4501 in
2608 4448 2771 4504 Patre
2802 4450 3103 4506 reddiderit
3129 4492 3145 4518 ,
3196 4470 3315 4508 eam
3346 4466 3399 4511 et

1823 4532 1962 4587 Filio
2015 4543 2197 4604 aptam
2257 4543 2311 4591 et
2364 4545 2754 4606 congruentem
2792 4538 3071 4593 futuram:
3127 4542 3395 4611 siquidem

164 4630 266 4680 κατ’
311 4630 478 4702 αὐτὴν
526 4630 620 4684 τοῦ
675 4631 852 4700 φωτὸς
899 4631 996 4703 τὴν
1042 4632 1272 4693 ἔννοιαν,
1318 4631 1573 4700 οὐδεμίαν
1615 4630 1717 4696 ἕξει

1828 4624 2007 4679 lumen
2039 4640 2225 4679 verum
2260 4641 2382 4679 cum
2416 4643 2547 4681 vero
2593 4628 2831 4691 lumine,
2865 4630 3165 4685 secundum
3222 4634 3396 4703 ipsam

164 4721 524 4793 παραλλαγήν.
568 4724 720 4775 Ἐπεὶ
747 4719 839 4776 οὖν
865 4725 1011 4776 ἐστιν
1045 4724 1280 4794 ἄναρχον
1318 4722 1434 4792 φῶς
1460 4723 1488 4773 ὁ
1510 4724 1718 4794 Πατὴρ,

163 4812 401 4882 γεννητὸν
440 4812 498 4865 δὲ
542 4812 657 4881 φῶς
697 4814 725 4866 ὁ
768 4812 930 4877 Υἱὸς.
974 4813 1089 4883 φῶς
1142 4813 1198 4866 δὲ
1244 4814 1337 4865 καὶ
1376 4812 1491 4882 φῶς
1535 4812 1724 4865 ἑκάτε-

166 4918 246 4970 ρος
279 4947 294 4971 ,
432 4906 717 4977 ὁμοούσιον
741 4903 901 4961 εἶπαν
922 4907 1166 4971 δικαίως,
1197 4907 1283 4959 ἵνα
1304 4906 1363 4958 τὸ
1388 4906 1488 4976 τῆς
1509 4905 1723 4972 φύσεως

165 4992 402 5064 ὁμότιμον
435 4997 881 5067 παραστήσωσιν.
917 4998 991 5051 Ού
1021 4996 1129 5068 γὰρ
1156 4996 1225 5050 τὰ
1252 4995 1455 5065 ἀδελφὰ
1478 4995 1724 5066 ἀλλήλοις

164 5084 405 5148 ὁμοούσια
649 5088 900 5157 λέγεται,
956 5090 1092 5159 ὅπερ
1138 5090 1279 5152 τινὲς
1338 5086 1722 5158 ὑπειλήφασιν

166 5173 263 5227 ἀλλ’
320 5177 448 5231 ὅταν
489 5180 583 5233 καὶ
623 5180 684 5233 τὸ
720 5179 891 5235 αἴτιον
931 5182 1025 5233 καὶ
1068 5180 1127 5233 τὸ
1171 5182 1236 5234 ὲκ
1275 5179 1368 5233 τοῦ
1412 5178 1585 5233 αἰτίον
1625 5176 1725 5248 τὴν

167 5263 383 5339 ὕπαρξιν
422 5271 546 5343 ἔχον
589 5272 691 5343 τῆς
734 5272 907 5342 αὐτῆς
937 5272 1157 5345 ὑπάρχῃ
1197 5272 1429 5341 φύσεως,
1463 5270 1724 5342 ὁμοούσια

166 5354 381 5426 λέγεται.

310 5539 457 5612 Αὕτη
490 5542 545 5596 δὲ
574 5544 607 5614 ἡ
658 5538 809 5614 φωνὴ
840 5543 933 5596 καὶ
985 5544 1045 5595 τὸ
1074 5542 1168 5597 τοῦ
1213 5541 1500 5597 Σαϐελλίω
1558 5540 1725 5595 κακὸν

170 5626 563 5701 ἐπανορθοῦταιο
604 5636 819 5706 ἀναιρεῖ
851 5632 961 5705 γὰρ
976 5634 1073 5704 τὴν
1109 5634 1414 5705 ταυτότητα
1455 5634 1553 5705 τῆς
1593 5634 1726 5686 ὑπο-

172 5720 416 5787 στάσεως.
466 5727 554 5779 καὶ
598 5727 804 5794 εἰσάγει
851 5725 1061 5779 τελείαν
1105 5725 1212 5778 τῶν
1264 5724 1575 5797 προσώπων
1626 5724 1727 5795 τὴν

176 5807 384 5869 εννοιαν.
422 5816 495 5870 Οὐ
514 5817 621 5889 γὰρ
648 5817 778 5871 αὒτό
804 5817 855 5870 τί
892 5819 1039 5871 ἐστιν
1063 5817 1239 5886 ἑαυτῷ
1268 5817 1584 5888 ὁμοούσιον,
1609 5817 1727 5873 ἀλλ’
1755 5865 1760 5870 .

483 5921 754 5982 ΡΑτιιοι.
805 5919 925 5980 Gn.
975 5915 1239 5978 CXXX.

1826 4714 2049 4771 luminis
2083 4716 2359 4771 notionem
2386 4757 2401 4782 ,
2457 4716 2957 4775 dissimilitudinem
2989 4722 3193 4777 nullam
3229 4724 3395 4785 habe-

1824 4807 1925 4861 bit.
1965 4807 2101 4862 Cum
2157 4808 2322 4876 igitur
2353 4808 2515 4865 Pater
2542 4811 2725 4867 lumen
2776 4813 2845 4868 sit
2886 4814 3139 4885 principii
3176 4831 3394 4887 expers.

1825 4899 1997 4956 Filius
2029 4916 2158 4956 vero
2192 4904 2375 4958 lumen
2408 4905 2650 4975 genitum
2672 4946 2687 4970 ,
2724 4921 2787 4961 ac
2842 4916 3075 4979 uterque
3114 4910 3293 4965 lumen
3344 4920 3396 4967 et

1824 4993 2031 5057 lumen,
2059 4995 2183 5065 jure
2212 4998 2733 5054 consubstantialem
2768 4998 3024 5056 dixerunt
3045 5042 3060 5067 ,
3096 5010 3156 5057 ut
3189 5014 3399 5060 natura:

1824 5087 2087 5154 aequalem
2117 5088 2435 5158 dignitatem
2466 5090 2926 5148 demonstrarent.
2955 5092 3073 5148 Non
3104 5095 3247 5151 enim
3279 5112 3400 5167 quae

1827 5175 2056 5231 fratrum
2093 5179 2235 5233 inter
2277 5196 2337 5235 se
2365 5182 2629 5237 rationem
2688 5183 2890 5239 habent
2915 5227 2928 5248 ,
2976 5186 3239 5240 dicuntur
3270 5202 3400 5242 con-

1827 5272 2235 5337 substantialia,
2261 5258 2314 5327 id
2343 5274 2489 5344 quod
2514 5276 2737 5345 quidam
2771 5278 3119 5344 existimant;
3152 5278 3243 5333 sed
3274 5295 3397 5333 cum

1824 5366 1880 5413 et
1916 5376 2106 5427 causa,
2140 5370 2194 5418 et
2232 5364 2285 5419 id
2316 5366 2460 5435 quod
2492 5382 2558 5422 ex
2596 5383 2762 5423 causa
2797 5370 3172 5425 exsistentiam
3214 5369 3397 5433 habet.

1825 5451 2073 5521 ejusdem
2102 5462 2233 5509 sunt
2260 5465 2494 5524 natum,
2532 5459 3026 5514 consubstantialia
3047 5460 3327 5516 dicuntur.

1896 5544 2164 5600 Caeterum
2194 5557 2299 5597 vox
2332 5542 2520 5597 eadem
2546 5541 2766 5596 Sabellii
2807 5555 3027 5610 quoque
3074 5541 3399 5610 pravitatem

1828 5637 2116 5705 corrigit:
2177 5636 2316 5690 tollit
2370 5636 2514 5689 enim
2569 5633 2882 5704 hypostasis
2935 5634 3299 5698 identitatem.
3349 5644 3403 5688 et

1828 5730 2128 5801 perfectam
2159 5741 2517 5798 personarum
2582 5727 2861 5801 notionem
2936 5725 3166 5781 inducit.
3215 5725 3401 5795 Neque

1827 5799 1975 5879 enim
2062 5821 2357 5892 quidquam
2399 5817 2505 5875 sibi
2548 5819 2649 5889 ipsi
2703 5799 3198 5885 'consnbstantiale
3268 5828 3396 5888 est,

2944 5912 3021 5974 18
