  <div class='ocr_page' id='page_1' title='image "/cluster/home/n/w/nwhite01/storage/ocr_20150623/130/hvd.32044019208255/285.png"; bbox 0 0 3860 6546; ppageno 0'>
   <div class='ocr_carea' id='block_1_1' title="bbox 472 345 580 408">
    <p class='ocr_par' dir='ltr' id='par_1_1' title="bbox 472 345 580 408">
     <span class='ocr_line' id='line_1_1' title="bbox 472 345 580 408; baseline 0 -1"><span class='ocrx_word' id='word_1_1' title='bbox 472 345 580 408; x_wconf 84' lang='grc'>555</span> 
     </span>
    </p>
   </div>
   <div class='ocr_carea' id='block_1_2' title="bbox 1707 351 2037 415">
    <p class='ocr_par' dir='ltr' id='par_1_2' title="bbox 1707 351 2037 411">
     <span class='ocr_line' id='line_1_2' title="bbox 1707 351 2037 411; baseline 0.009 -4"><span class='ocrx_word' id='word_1_2' title='bbox 1707 351 2037 411; x_wconf 73' lang='grc' dir='ltr'><strong>ΕΗΓΠΥΜ]</strong></span> 
     </span>
    </p>
   </div>
   <div class='ocr_carea' id='block_1_3' title="bbox 2146 351 3712 415">
    <p class='ocr_par' dir='ltr' id='par_1_3' title="bbox 2146 352 3712 415">
     <span class='ocr_line' id='line_1_3' title="bbox 2146 352 3712 415; baseline 0.002 -3"><span class='ocrx_word' id='word_1_3' title='bbox 2146 352 2491 413; x_wconf 73' lang='grc' dir='ltr'><strong>ῐίϐΑΒΕΝΙ</strong></span> <span class='ocrx_word' id='word_1_4' title='bbox 3622 354 3712 415; x_wconf 70' lang='lat'><strong>556</strong></span> 
     </span>
    </p>
   </div>
   <div class='ocr_carea' id='block_1_4' title="bbox 468 456 2037 539">
    <p class='ocr_par' dir='ltr' id='par_1_4' title="bbox 468 456 2037 533">
     <span class='ocr_line' id='line_1_4' title="bbox 468 456 2037 533; baseline 0.004 -20"><span class='ocrx_word' id='word_1_5' title='bbox 468 462 561 513; x_wconf 82' lang='lat' dir='ltr'><strong>sed</strong></span> <span class='ocrx_word' id='word_1_6' title='bbox 596 456 827 511; x_wconf 88' lang='lat' dir='ltr'><strong>alterum</strong></span> <span class='ocrx_word' id='word_1_7' title='bbox 867 456 1023 511; x_wconf 99' lang='lat' dir='ltr'><strong>alteri</strong></span> <span class='ocrx_word' id='word_1_8' title='bbox 1052 472 1065 511; x_wconf 90' lang='lat'>:</span> <span class='ocrx_word' id='word_1_9' title='bbox 1094 472 1265 529; x_wconf 86' lang='lat' dir='ltr'><strong>quare</strong></span> <span class='ocrx_word' id='word_1_10' title='bbox 1293 460 1556 532; x_wconf 61' lang='lat' dir='ltr'><strong>praeclare</strong></span> <span class='ocrx_word' id='word_1_11' title='bbox 1588 476 1651 517; x_wconf 89' lang='lat' dir='ltr'><strong>ac</strong></span> <span class='ocrx_word' id='word_1_12' title='bbox 1679 467 1767 533; x_wconf 88' lang='lat' dir='ltr'><strong>pie</strong></span> <span class='ocrx_word' id='word_1_13' title='bbox 1798 479 1855 517; x_wconf 87' lang='lat' dir='ltr'><strong>se</strong></span> <span class='ocrx_word' id='word_1_14' title='bbox 1882 464 2037 519; x_wconf 78' lang='lat' dir='ltr'><strong>liabet</strong></span> 
     </span>
    </p>
   </div>
   <div class='ocr_carea' id='block_1_5' title="bbox 2146 456 3715 539">
    <p class='ocr_par' dir='ltr' id='par_1_5' title="bbox 2150 462 3715 539">
     <span class='ocr_line' id='line_1_5' title="bbox 2150 462 3715 539; baseline 0.002 -23"><span class='ocrx_word' id='word_1_15' title='bbox 2150 463 2338 539; x_wconf 69' lang='grc' dir='ltr'>ἕτερον</span> <span class='ocrx_word' id='word_1_16' title='bbox 2357 465 2550 536; x_wconf 83' lang='grc' dir='ltr'>ἐτέρῳ’</span> <span class='ocrx_word' id='word_1_17' title='bbox 2590 462 2731 517; x_wconf 78' lang='grc' dir='ltr'>ὥστε</span> <span class='ocrx_word' id='word_1_18' title='bbox 2765 462 2943 527; x_wconf 84' lang='grc' dir='ltr'>καλῶς</span> <span class='ocrx_word' id='word_1_19' title='bbox 2980 462 3096 532; x_wconf 76' lang='grc' dir='ltr'>ἔχει</span> <span class='ocrx_word' id='word_1_20' title='bbox 3118 464 3212 517; x_wconf 67' lang='grc' dir='ltr'><strong>καὶ</strong></span> <span class='ocrx_word' id='word_1_21' title='bbox 3245 463 3510 527; x_wconf 71' lang='grc' dir='ltr'>εὐσεϐῶς.</span> <span class='ocrx_word' id='word_1_22' title='bbox 3547 465 3647 517; x_wconf 82' lang='grc' dir='ltr'><strong>τῶν</strong></span> <span class='ocrx_word' id='word_1_23' title='bbox 3663 486 3715 519; x_wconf 84' lang='grc' dir='ltr'><strong>τε</strong></span> 
     </span>
    </p>
   </div>
   <div class='ocr_carea' id='block_1_6' title="bbox 471 554 2046 624">
    <p class='ocr_par' dir='ltr' id='par_1_6' title="bbox 471 554 2046 624">
     <span class='ocr_line' id='line_1_6' title="bbox 471 554 2046 624; baseline 0.004 -19"><span class='ocrx_word' id='word_1_24' title='bbox 471 554 559 607; x_wconf 88' lang='lat' dir='ltr'><strong>illa</strong></span> <span class='ocrx_word' id='word_1_25' title='bbox 614 568 742 613; x_wconf 83' lang='lat' dir='ltr'><strong>vox,</strong></span> <span class='ocrx_word' id='word_1_26' title='bbox 794 560 846 605; x_wconf 90' lang='lat' dir='ltr'><strong>et</strong></span> <span class='ocrx_word' id='word_1_27' title='bbox 890 554 1262 620; x_wconf 78' lang='lat' dir='ltr'><strong>bypostasewv</strong></span> <span class='ocrx_word' id='word_1_28' title='bbox 1311 556 1703 624; x_wconf 72' lang='lat' dir='ltr'><strong>proprietatem</strong></span> <span class='ocrx_word' id='word_1_29' title='bbox 1760 556 2046 621; x_wconf 83' lang='lat' dir='ltr'><strong>deﬁniens,</strong></span> 
     </span>
    </p>
   </div>
   <div class='ocr_carea' id='block_1_7' title="bbox 396 636 2045 703">
    <p class='ocr_par' dir='ltr' id='par_1_7' title="bbox 396 636 2045 703">
     <span class='ocr_line' id='line_1_7' title="bbox 396 636 2045 703; baseline 0.004 -7"><span class='ocrx_word' id='word_1_30' title='bbox 396 636 411 647; x_wconf 86' lang='grc'><strong>’</strong></span> <span class='ocrx_word' id='word_1_31' title='bbox 470 652 523 697; x_wconf 86' lang='lat' dir='ltr'><strong>et</strong></span> <span class='ocrx_word' id='word_1_32' title='bbox 555 653 763 696; x_wconf 72' lang='lat' dir='ltr'><strong>natura:</strong></span> <span class='ocrx_word' id='word_1_33' title='bbox 798 642 917 697; x_wconf 88' lang='lat' dir='ltr'><strong>sine</strong></span> <span class='ocrx_word' id='word_1_34' title='bbox 985 643 1092 697; x_wconf 92' lang='lat' dir='ltr'><strong>ullo</strong></span> <span class='ocrx_word' id='word_1_35' title='bbox 1132 644 1453 698; x_wconf 83' lang='lat' dir='ltr'><strong>discrimine</strong></span> <span class='ocrx_word' id='word_1_36' title='bbox 1494 646 1902 700; x_wconf 68' lang='lat' dir='ltr'><strong>similitmlincm</strong></span> <span class='ocrx_word' id='word_1_37' title='bbox 1954 650 2045 703; x_wconf 87' lang='lat' dir='ltr'><strong>de-</strong></span> 
     </span>
    </p>
   </div>
   <div class='ocr_carea' id='block_1_8' title="bbox 465 734 2045 795">
    <p class='ocr_par' dir='ltr' id='par_1_8' title="bbox 465 734 2045 795">
     <span class='ocr_line' id='line_1_8' title="bbox 465 734 2045 795; baseline 0.004 -8"><span class='ocrx_word' id='word_1_38' title='bbox 465 744 796 789; x_wconf 76' lang='lat' dir='ltr'><strong>monstrans.</strong></span> <span class='ocrx_word' id='word_1_39' title='bbox 827 734 963 789; x_wconf 89' lang='lat' dir='ltr'><strong>Cum</strong></span> <span class='ocrx_word' id='word_1_40' title='bbox 998 747 1177 792; x_wconf 89' lang='lat' dir='ltr'><strong>autem</strong></span> <span class='ocrx_word' id='word_1_41' title='bbox 1214 752 1279 791; x_wconf 82' lang='lat' dir='ltr'><strong>ex</strong></span> <span class='ocrx_word' id='word_1_42' title='bbox 1307 736 1485 793; x_wconf 92' lang='lat' dir='ltr'><strong>Patris</strong></span> <span class='ocrx_word' id='word_1_43' title='bbox 1509 740 1815 793; x_wconf 76' lang='lat' dir='ltr'><strong>substantia</strong></span> <span class='ocrx_word' id='word_1_44' title='bbox 1852 739 2045 795; x_wconf 81' lang='lat' dir='ltr'><strong>Filium</strong></span> 
     </span>
    </p>
   </div>
   <div class='ocr_carea' id='block_1_9' title="bbox 460 826 2045 896">
    <p class='ocr_par' dir='ltr' id='par_1_9' title="bbox 460 826 2045 896">
     <span class='ocr_line' id='line_1_9' title="bbox 460 826 2045 896; baseline 0.006 -22"><span class='ocrx_word' id='word_1_45' title='bbox 460 840 582 879; x_wconf 72' lang='lat' dir='ltr'><strong>esse</strong></span> <span class='ocrx_word' id='word_1_46' title='bbox 614 826 864 890; x_wconf 85' lang='lat' dir='ltr'><strong>dicimus,</strong></span> <span class='ocrx_word' id='word_1_47' title='bbox 894 841 1128 896; x_wconf 88' lang='lat' dir='ltr'><strong>eumque</strong></span> <span class='ocrx_word' id='word_1_48' title='bbox 1158 830 1423 895; x_wconf 85' lang='lat' dir='ltr'><strong>genitum,</strong></span> <span class='ocrx_word' id='word_1_49' title='bbox 1451 846 1556 883; x_wconf 91' lang='lat' dir='ltr'><strong>non</strong></span> <span class='ocrx_word' id='word_1_50' title='bbox 1596 842 1775 882; x_wconf 86' lang='lat' dir='ltr'><strong>autem</strong></span> <span class='ocrx_word' id='word_1_51' title='bbox 1814 830 2045 896; x_wconf 81' lang='lat' dir='ltr'><strong>factum,</strong></span> 
     </span>
    </p>
   </div>
   <div class='ocr_carea' id='block_1_10' title="bbox 464 916 2042 990">
    <p class='ocr_par' dir='ltr' id='par_1_10' title="bbox 464 916 2042 990">
     <span class='ocr_line' id='line_1_10' title="bbox 464 916 2042 990; baseline 0.004 -21"><span class='ocrx_word' id='word_1_52' title='bbox 464 922 529 970; x_wconf 86' lang='lat' dir='ltr'><strong>ne</strong></span> <span class='ocrx_word' id='word_1_53' title='bbox 560 916 914 985; x_wconf 76' lang='lat' dir='ltr'><strong>prolabamur</strong></span> <span class='ocrx_word' id='word_1_54' title='bbox 966 919 1021 972; x_wconf 91' lang='lat' dir='ltr'><strong>in</strong></span> <span class='ocrx_word' id='word_1_55' title='bbox 1077 921 1399 990; x_wconf 85' lang='lat' dir='ltr'><strong>corporales</strong></span> <span class='ocrx_word' id='word_1_56' title='bbox 1442 924 1853 990; x_wconf 82' lang='lat' dir='ltr'><strong>perpessionum</strong></span> <span class='ocrx_word' id='word_1_57' title='bbox 1893 925 2042 989; x_wconf 77' lang='lat' dir='ltr'><strong>cogi-</strong></span> 
     </span>
    </p>
   </div>
   <div class='ocr_carea' id='block_1_11' title="bbox 460 1007 2035 1068">
    <p class='ocr_par' dir='ltr' id='par_1_11' title="bbox 460 1007 2035 1068">
     <span class='ocr_line' id='line_1_11' title="bbox 460 1007 2035 1068; baseline 0.003 -8"><span class='ocrx_word' id='word_1_58' title='bbox 460 1010 720 1063; x_wconf 89' lang='lat' dir='ltr'><strong>tationes.</strong></span> <span class='ocrx_word' id='word_1_59' title='bbox 757 1007 876 1062; x_wconf 69' lang='lat' dir='ltr'><strong>Non</strong></span> <span class='ocrx_word' id='word_1_60' title='bbox 914 1009 1058 1062; x_wconf 88' lang='lat' dir='ltr'><strong>enim</strong></span> <span class='ocrx_word' id='word_1_61' title='bbox 1088 1010 1256 1064; x_wconf 77' lang='lat' dir='ltr'><strong>divisa</strong></span> <span class='ocrx_word' id='word_1_62' title='bbox 1293 1014 1384 1066; x_wconf 86' lang='lat' dir='ltr'><strong>‘est</strong></span> <span class='ocrx_word' id='word_1_63' title='bbox 1411 1014 1716 1066; x_wconf 70' lang='lat' dir='ltr'><strong>substantia</strong></span> <span class='ocrx_word' id='word_1_64' title='bbox 1743 1028 1772 1067; x_wconf 87' lang='lat' dir='ltr'><strong>a</strong></span> <span class='ocrx_word' id='word_1_65' title='bbox 1799 1014 1956 1068; x_wconf 80' lang='lat' dir='ltr'><strong>Patre</strong></span> <span class='ocrx_word' id='word_1_66' title='bbox 1981 1014 2035 1067; x_wconf 85' lang='lat' dir='ltr'><strong>in</strong></span> 
     </span>
    </p>
   </div>
   <div class='ocr_carea' id='block_1_12' title="bbox 460 1101 2047 1175">
    <p class='ocr_par' dir='ltr' id='par_1_12' title="bbox 460 1101 2047 1175">
     <span class='ocr_line' id='line_1_12' title="bbox 460 1101 2047 1175; baseline 0.001 -19"><span class='ocrx_word' id='word_1_67' title='bbox 460 1101 661 1156; x_wconf 85' lang='lat' dir='ltr'><strong>Filiqu</strong></span> <span class='ocrx_word' id='word_1_68' title='bbox 702 1117 717 1155; x_wconf 90' lang='lat'>:</span> <span class='ocrx_word' id='word_1_69' title='bbox 757 1116 938 1169; x_wconf 87' lang='lat' dir='ltr'><strong>neque</strong></span> <span class='ocrx_word' id='word_1_70' title='bbox 992 1101 1212 1157; x_wconf 81' lang='lat' dir='ltr'><strong>ﬂuendo</strong></span> <span class='ocrx_word' id='word_1_71' title='bbox 1255 1103 1459 1172; x_wconf 86' lang='lat' dir='ltr'><strong>dilapsa</strong></span> <span class='ocrx_word' id='word_1_72' title='bbox 1530 1106 1827 1175; x_wconf 76' lang='lat' dir='ltr'><strong>generavit,</strong></span> <span class='ocrx_word' id='word_1_73' title='bbox 1872 1120 2047 1174; x_wconf 87' lang='lat' dir='ltr'><strong>neque</strong></span> 
     </span>
    </p>
   </div>
   <div class='ocr_carea' id='block_1_13' title="bbox 458 1195 2041 1268">
    <p class='ocr_par' dir='ltr' id='par_1_13' title="bbox 458 1195 2041 1268">
     <span class='ocr_line' id='line_1_13' title="bbox 458 1195 2041 1268; baseline 0.003 -22"><span class='ocrx_word' id='word_1_74' title='bbox 458 1195 768 1264; x_wconf 80' lang='lat' dir='ltr'><strong>proferens,</strong></span> <span class='ocrx_word' id='word_1_75' title='bbox 820 1195 1275 1265; x_wconf 82' lang='lat' dir='ltr'><strong>quemadmodum</strong></span> <span class='ocrx_word' id='word_1_76' title='bbox 1340 1198 1561 1252; x_wconf 85' lang='lat' dir='ltr'><strong>arbores</strong></span> <span class='ocrx_word' id='word_1_77' title='bbox 1603 1198 1813 1252; x_wconf 82' lang='lat' dir='ltr'><strong>fructus</strong></span> <span class='ocrx_word' id='word_1_78' title='bbox 1864 1198 2041 1268; x_wconf 81' lang='lat' dir='ltr'><strong>profe-</strong></span> 
     </span>
    </p>
   </div>
   <div class='ocr_carea' id='block_1_14' title="bbox 463 1286 2047 1359">
    <p class='ocr_par' dir='ltr' id='par_1_14' title="bbox 463 1286 2047 1359">
     <span class='ocr_line' id='line_1_14' title="bbox 463 1286 2047 1359; baseline 0.004 -21"><span class='ocrx_word' id='word_1_79' title='bbox 463 1296 587 1341; x_wconf 90' lang='lat' dir='ltr'><strong>ruut</strong></span> <span class='ocrx_word' id='word_1_80' title='bbox 623 1304 636 1340; x_wconf 87' lang='lat'>:</span> <span class='ocrx_word' id='word_1_81' title='bbox 669 1286 763 1341; x_wconf 83' lang='lat' dir='ltr'><strong>sed</strong></span> <span class='ocrx_word' id='word_1_82' title='bbox 830 1288 1219 1341; x_wconf 75' lang='lat' dir='ltr'><strong>inenarrabilis</strong></span> <span class='ocrx_word' id='word_1_83' title='bbox 1261 1299 1314 1341; x_wconf 92' lang='lat' dir='ltr'><strong>et</strong></span> <span class='ocrx_word' id='word_1_84' title='bbox 1349 1290 1789 1359; x_wconf 83' lang='lat' dir='ltr'><strong>indeprehensus</strong></span> <span class='ocrx_word' id='word_1_85' title='bbox 1842 1290 2047 1358; x_wconf 84' lang='lat' dir='ltr'><strong>cogita-</strong></span> 
     </span>
    </p>
   </div>
   <div class='ocr_carea' id='block_1_15' title="bbox 461 1380 2046 1449">
    <p class='ocr_par' dir='ltr' id='par_1_15' title="bbox 461 1380 2046 1449">
     <span class='ocr_line' id='line_1_15' title="bbox 461 1380 2046 1449; baseline 0.003 -20"><span class='ocrx_word' id='word_1_86' title='bbox 461 1380 701 1433; x_wconf 86' lang='lat' dir='ltr'><strong>tionibus</strong></span> <span class='ocrx_word' id='word_1_87' title='bbox 731 1380 1010 1434; x_wconf 82' lang='lat' dir='ltr'><strong>hominum</strong></span> <span class='ocrx_word' id='word_1_88' title='bbox 1044 1380 1240 1435; x_wconf 88' lang='lat' dir='ltr'><strong>diviuae</strong></span> <span class='ocrx_word' id='word_1_89' title='bbox 1276 1383 1646 1449; x_wconf 73' lang='lat' dir='ltr'><strong>generationis</strong></span> <span class='ocrx_word' id='word_1_90' title='bbox 1686 1384 1896 1437; x_wconf 90' lang='lat' dir='ltr'><strong>modus.</strong></span> <span class='ocrx_word' id='word_1_91' title='bbox 1937 1381 2046 1435; x_wconf 86' lang='lat' dir='ltr'><strong>llu-</strong></span> 
     </span>
    </p>
   </div>
   <div class='ocr_carea' id='block_1_16' title="bbox 462 1474 2047 1542">
    <p class='ocr_par' dir='ltr' id='par_1_16' title="bbox 462 1474 2047 1542">
     <span class='ocr_line' id='line_1_16' title="bbox 462 1474 2047 1542; baseline 0.003 -17"><span class='ocrx_word' id='word_1_92' title='bbox 462 1474 605 1526; x_wconf 84' lang='lat' dir='ltr'><strong>milis</strong></span> <span class='ocrx_word' id='word_1_93' title='bbox 630 1475 775 1527; x_wconf 90' lang='lat' dir='ltr'><strong>enim</strong></span> <span class='ocrx_word' id='word_1_94' title='bbox 819 1489 1004 1527; x_wconf 78' lang='lat' dir='ltr'><strong>revera</strong></span> <span class='ocrx_word' id='word_1_95' title='bbox 1033 1484 1086 1527; x_wconf 89' lang='lat' dir='ltr'><strong>et</strong></span> <span class='ocrx_word' id='word_1_96' title='bbox 1136 1476 1376 1528; x_wconf 88' lang='lat' dir='ltr'><strong>carnalis</strong></span> <span class='ocrx_word' id='word_1_97' title='bbox 1411 1486 1492 1530; x_wconf 90' lang='lat' dir='ltr'><strong>est</strong></span> <span class='ocrx_word' id='word_1_98' title='bbox 1550 1476 1771 1542; x_wconf 86' lang='lat' dir='ltr'><strong>mentis,</strong></span> <span class='ocrx_word' id='word_1_99' title='bbox 1819 1477 2047 1531; x_wconf 81' lang='lat' dir='ltr'><strong>caducis</strong></span> 
     </span>
    </p>
   </div>
   <div class='ocr_carea' id='block_1_17' title="bbox 458 1566 2047 1635">
    <p class='ocr_par' dir='ltr' id='par_1_17' title="bbox 458 1566 2047 1635">
     <span class='ocr_line' id='line_1_17' title="bbox 458 1566 2047 1635; baseline 0.006 -19"><span class='ocrx_word' id='word_1_100' title='bbox 458 1580 522 1617; x_wconf 89' lang='lat' dir='ltr'><strong>ae</strong></span> <span class='ocrx_word' id='word_1_101' title='bbox 563 1566 959 1634; x_wconf 86' lang='lat' dir='ltr'><strong>temporalibus</strong></span> <span class='ocrx_word' id='word_1_102' title='bbox 995 1566 1299 1622; x_wconf 86' lang='lat' dir='ltr'><strong>assimilare</strong></span> <span class='ocrx_word' id='word_1_103' title='bbox 1343 1579 1570 1633; x_wconf 80' lang='lat' dir='ltr'><strong>teterna,</strong></span> <span class='ocrx_word' id='word_1_104' title='bbox 1609 1585 1672 1623; x_wconf 89' lang='lat' dir='ltr'><strong>ac</strong></span> <span class='ocrx_word' id='word_1_105' title='bbox 1701 1571 2047 1635; x_wconf 73' lang='lat' dir='ltr'><strong>existimare,</strong></span> 
     </span>
    </p>
   </div>
   <div class='ocr_carea' id='block_1_18' title="bbox 456 1659 2042 1732">
    <p class='ocr_par' dir='ltr' id='par_1_18' title="bbox 456 1659 2042 1732">
     <span class='ocr_line' id='line_1_18' title="bbox 456 1659 2042 1732; baseline 0.008 -25"><span class='ocrx_word' id='word_1_106' title='bbox 456 1659 914 1731; x_wconf 79' lang='lat' dir='ltr'><strong>quemadmodum</strong></span> <span class='ocrx_word' id='word_1_107' title='bbox 959 1660 1285 1729; x_wconf 79' lang='lat' dir='ltr'><strong>corporalia.</strong></span> <span class='ocrx_word' id='word_1_108' title='bbox 1326 1662 1401 1715; x_wconf 89' lang='lat' dir='ltr'><strong>ita</strong></span> <span class='ocrx_word' id='word_1_109' title='bbox 1438 1674 1491 1716; x_wconf 91' lang='lat' dir='ltr'><strong>et</strong></span> <span class='ocrx_word' id='word_1_110' title='bbox 1532 1663 1702 1717; x_wconf 89' lang='lat' dir='ltr'><strong>Deum</strong></span> <span class='ocrx_word' id='word_1_111' title='bbox 1755 1679 2042 1732; x_wconf 80' lang='lat' dir='ltr'><strong>generare.</strong></span> 
     </span>
    </p>
   </div>
   <div class='ocr_carea' id='block_1_19' title="bbox 456 1772 2042 1843">
    <p class='ocr_par' dir='ltr' id='par_1_19' title="bbox 456 1772 2042 1843">
     <span class='ocr_line' id='line_1_19' title="bbox 456 1772 2042 1843; baseline 0 -16"><span class='ocrx_word' id='word_1_112' title='bbox 456 1773 709 1843; x_wconf 82' lang='lat' dir='ltr'><strong>Ejusdem</strong></span> <span class='ocrx_word' id='word_1_113' title='bbox 763 1788 826 1825; x_wconf 74' lang='lat' dir='ltr'><strong>ea:</strong></span> <span class='ocrx_word' id='word_1_114' title='bbox 855 1772 1076 1837; x_wconf 78' lang='lat' dir='ltr'><strong>epistola</strong></span> <span class='ocrx_word' id='word_1_115' title='bbox 1107 1775 1175 1827; x_wconf 86' lang='lat' dir='ltr'><strong>ad</strong></span> <span class='ocrx_word' id='word_1_116' title='bbox 1208 1773 1545 1827; x_wconf 79' lang='lat' dir='ltr'><strong>Eustathium</strong></span> <span class='ocrx_word' id='word_1_117' title='bbox 1592 1775 1918 1839; x_wconf 81' lang='lat' dir='ltr'><strong>Armenium,</strong></span> <span class='ocrx_word' id='word_1_118' title='bbox 1944 1780 2042 1828; x_wconf 85' lang='lat' dir='ltr'><strong>ad-</strong></span> 
     </span>
    </p>
   </div>
   <div class='ocr_carea' id='block_1_20' title="bbox 526 1818 2119 1913">
    <p class='ocr_par' dir='ltr' id='par_1_20' title="bbox 526 1818 2119 1913">
     <span class='ocr_line' id='line_1_20' title="bbox 526 1818 2119 1913; baseline 0.001 -17"><span class='ocrx_word' id='word_1_119' title='bbox 526 1861 706 1897; x_wconf 80' lang='lat' dir='ltr'><strong>versus</strong></span> <span class='ocrx_word' id='word_1_120' title='bbox 742 1818 1022 1912; x_wconf 65' lang='lat' dir='ltr'><strong>quosdam,</strong></span> <span class='ocrx_word' id='word_1_121' title='bbox 1057 1846 1149 1913; x_wconf 82' lang='lat' dir='ltr'><strong>qui</strong></span> <span class='ocrx_word' id='word_1_122' title='bbox 1184 1846 1494 1897; x_wconf 77' lang='lat' dir='ltr'><strong>ridebantur</strong></span> <span class='ocrx_word' id='word_1_123' title='bbox 1550 1844 1872 1897; x_wconf 78' lang='lat' dir='ltr'><strong>Arianorum</strong></span> <span class='ocrx_word' id='word_1_124' title='bbox 1903 1818 2041 1913; x_wconf 75' lang='grc' dir='ltr'><strong>ὀρί-</strong></span> <span class='ocrx_word' id='word_1_125' title='bbox 2079 1818 2119 1872; x_wconf 75' lang='grc' dir='ltr'><strong>Β</strong></span> 
     </span>
    </p>
   </div>
   <div class='ocr_carea' id='block_1_21' title="bbox 527 1913 987 1980">
    <p class='ocr_par' dir='ltr' id='par_1_21' title="bbox 527 1913 987 1980">
     <span class='ocr_line' id='line_1_21' title="bbox 527 1913 987 1980; baseline 0 -13"><span class='ocrx_word' id='word_1_126' title='bbox 527 1916 769 1968; x_wconf 78' lang='lat' dir='ltr'><strong>niom&#39;bns</strong></span> <span class='ocrx_word' id='word_1_127' title='bbox 788 1913 987 1980; x_wconf 75' lang='lat' dir='ltr'><strong>favere.</strong></span> 
     </span>
    </p>
   </div>
   <div class='ocr_carea' id='block_1_22' title="bbox 537 2005 2045 2086">
    <p class='ocr_par' dir='ltr' id='par_1_22' title="bbox 537 2005 2045 2086">
     <span class='ocr_line' id='line_1_22' title="bbox 537 2005 2045 2086; baseline 0.002 -26"><span class='ocrx_word' id='word_1_128' title='bbox 537 2006 763 2074; x_wconf 92' lang='lat' dir='ltr'><strong>Oportet</strong></span> <span class='ocrx_word' id='word_1_129' title='bbox 796 2005 965 2073; x_wconf 77' lang='lat' dir='ltr'><strong>igitur</strong></span> <span class='ocrx_word' id='word_1_130' title='bbox 998 2013 1055 2059; x_wconf 89' lang='lat' dir='ltr'><strong>ut</strong></span> <span class='ocrx_word' id='word_1_131' title='bbox 1115 2017 1299 2074; x_wconf 62' lang='lat' dir='ltr'><strong>aperte</strong></span> <span class='ocrx_word' id='word_1_132' title='bbox 1334 2005 1695 2086; x_wconf 67' lang='lat' dir='ltr'><strong>conﬁteantur</strong></span> <span class='ocrx_word' id='word_1_133' title='bbox 1746 2022 1806 2061; x_wconf 90' lang='lat' dir='ltr'><strong>se</strong></span> <span class='ocrx_word' id='word_1_134' title='bbox 1859 2009 2045 2063; x_wconf 83' lang='lat' dir='ltr'><strong>crede-</strong></span> 
     </span>
    </p>
   </div>
   <div class='ocr_carea' id='block_1_23' title="bbox 454 2096 2045 2167">
    <p class='ocr_par' dir='ltr' id='par_1_23' title="bbox 454 2096 2045 2167">
     <span class='ocr_line' id='line_1_23' title="bbox 454 2096 2045 2167; baseline 0.001 -15"><span class='ocrx_word' id='word_1_135' title='bbox 454 2112 531 2164; x_wconf 90' lang='lat' dir='ltr'><strong>re,</strong></span> <span class='ocrx_word' id='word_1_136' title='bbox 562 2098 1018 2167; x_wconf 86' lang='lat' dir='ltr'><strong>quemadmodum</strong></span> <span class='ocrx_word' id='word_1_137' title='bbox 1081 2098 1244 2150; x_wconf 88' lang='lat' dir='ltr'><strong>verba</strong></span> <span class='ocrx_word' id='word_1_138' title='bbox 1310 2113 1339 2150; x_wconf 90' lang='lat' dir='ltr'><strong>a</strong></span> <span class='ocrx_word' id='word_1_139' title='bbox 1383 2096 1635 2152; x_wconf 85' lang='lat' dir='ltr'><strong>Patribus</strong></span> <span class='ocrx_word' id='word_1_140' title='bbox 1698 2100 1899 2154; x_wconf 86' lang='lat' dir='ltr'><strong>nostris</strong></span> <span class='ocrx_word' id='word_1_141' title='bbox 1949 2098 2045 2154; x_wconf 80' lang='lat' dir='ltr'><strong>Ni-</strong></span> 
     </span>
    </p>
   </div>
   <div class='ocr_carea' id='block_1_24' title="bbox 457 2190 2040 2263">
    <p class='ocr_par' dir='ltr' id='par_1_24' title="bbox 457 2190 2040 2263">
     <span class='ocr_line' id='line_1_24' title="bbox 457 2190 2040 2263; baseline 0.001 -18"><span class='ocrx_word' id='word_1_142' title='bbox 457 2206 585 2246; x_wconf 67' lang='lat' dir='ltr'><strong>ctete</strong></span> <span class='ocrx_word' id='word_1_143' title='bbox 608 2192 855 2260; x_wconf 80' lang='lat' dir='ltr'><strong>exposita</strong></span> <span class='ocrx_word' id='word_1_144' title='bbox 889 2190 1270 2260; x_wconf 80' lang='lat' dir='ltr'><strong>praescribunt,</strong></span> <span class='ocrx_word' id='word_1_145' title='bbox 1309 2190 1352 2243; x_wconf 95' lang='lat' dir='ltr'><strong>si</strong></span> <span class='ocrx_word' id='word_1_146' title='bbox 1411 2200 1589 2244; x_wconf 89' lang='lat' dir='ltr'><strong>tamen</strong></span> <span class='ocrx_word' id='word_1_147' title='bbox 1624 2207 1755 2245; x_wconf 85' lang='lat' dir='ltr'><strong>sana</strong></span> <span class='ocrx_word' id='word_1_148' title='bbox 1798 2194 2040 2263; x_wconf 90' lang='lat' dir='ltr'><strong>ipsorum</strong></span> 
     </span>
    </p>
   </div>
   <div class='ocr_carea' id='block_1_25' title="bbox 451 2281 2041 2354">
    <p class='ocr_par' dir='ltr' id='par_1_25' title="bbox 451 2281 2041 2354">
     <span class='ocr_line' id='line_1_25' title="bbox 451 2281 2041 2354; baseline 0.002 -19"><span class='ocrx_word' id='word_1_149' title='bbox 451 2283 742 2337; x_wconf 85' lang='lat' dir='ltr'><strong>verborum</strong></span> <span class='ocrx_word' id='word_1_150' title='bbox 780 2282 1052 2337; x_wconf 83' lang='lat' dir='ltr'><strong>sententia</strong></span> <span class='ocrx_word' id='word_1_151' title='bbox 1090 2281 1413 2350; x_wconf 85' lang='lat' dir='ltr'><strong>accipiatur.</strong></span> <span class='ocrx_word' id='word_1_152' title='bbox 1452 2281 1589 2335; x_wconf 85' lang='lat' dir='ltr'><strong>Sunt</strong></span> <span class='ocrx_word' id='word_1_153' title='bbox 1633 2283 1777 2337; x_wconf 89' lang='lat' dir='ltr'><strong>enim</strong></span> <span class='ocrx_word' id='word_1_154' title='bbox 1819 2284 2041 2354; x_wconf 86' lang='lat' dir='ltr'><strong>quidam</strong></span> 
     </span>
    </p>
   </div>
   <div class='ocr_carea' id='block_1_26' title="bbox 452 2373 2044 2445">
    <p class='ocr_par' dir='ltr' id='par_1_26' title="bbox 452 2373 2044 2445">
     <span class='ocr_line' id='line_1_26' title="bbox 452 2373 2044 2445; baseline 0.002 -18"><span class='ocrx_word' id='word_1_155' title='bbox 452 2373 626 2428; x_wconf 87' lang='lat' dir='ltr'><strong>iubae</strong></span> <span class='ocrx_word' id='word_1_156' title='bbox 656 2373 824 2429; x_wconf 89' lang='lat' dir='ltr'><strong>etiam</strong></span> <span class='ocrx_word' id='word_1_157' title='bbox 860 2373 986 2439; x_wconf 79' lang='lat' dir='ltr'><strong>(ide,</strong></span> <span class='ocrx_word' id='word_1_158' title='bbox 1040 2373 1134 2443; x_wconf 91' lang='lat' dir='ltr'><strong>qui</strong></span> <span class='ocrx_word' id='word_1_159' title='bbox 1192 2373 1442 2427; x_wconf 83' lang='lat' dir='ltr'><strong>veritatis</strong></span> <span class='ocrx_word' id='word_1_160' title='bbox 1491 2375 1795 2428; x_wconf 87' lang='lat' dir='ltr'><strong>orationem</strong></span> <span class='ocrx_word' id='word_1_161' title='bbox 1850 2377 2044 2445; x_wconf 84' lang='lat' dir='ltr'><strong>depra-</strong></span> 
     </span>
    </p>
   </div>
   <div class='ocr_carea' id='block_1_27' title="bbox 456 2467 2041 2541">
    <p class='ocr_par' dir='ltr' id='par_1_27' title="bbox 456 2467 2041 2541">
     <span class='ocr_line' id='line_1_27' title="bbox 456 2467 2041 2541; baseline 0.006 -23"><span class='ocrx_word' id='word_1_162' title='bbox 456 2477 609 2530; x_wconf 86' lang='lat' dir='ltr'><strong>vaut,</strong></span> <span class='ocrx_word' id='word_1_163' title='bbox 644 2477 699 2520; x_wconf 90' lang='lat' dir='ltr'><strong>et</strong></span> <span class='ocrx_word' id='word_1_164' title='bbox 750 2481 941 2521; x_wconf 90' lang='lat' dir='ltr'><strong>eorum</strong></span> <span class='ocrx_word' id='word_1_165' title='bbox 992 2467 1281 2522; x_wconf 88' lang='lat' dir='ltr'><strong>verborum</strong></span> <span class='ocrx_word' id='word_1_166' title='bbox 1336 2481 1559 2522; x_wconf 86' lang='lat' dir='ltr'><strong>sensum</strong></span> <span class='ocrx_word' id='word_1_167' title='bbox 1616 2468 1681 2521; x_wconf 91' lang='lat' dir='ltr'><strong>ad</strong></span> <span class='ocrx_word' id='word_1_168' title='bbox 1734 2469 2041 2541; x_wconf 88' lang='lat' dir='ltr'><strong>opinionem</strong></span> 
     </span>
    </p>
   </div>
   <div class='ocr_carea' id='block_1_28' title="bbox 450 2560 2043 2633">
    <p class='ocr_par' dir='ltr' id='par_1_28' title="bbox 450 2560 2043 2633">
     <span class='ocr_line' id='line_1_28' title="bbox 450 2560 2043 2633; baseline 0.005 -20"><span class='ocrx_word' id='word_1_169' title='bbox 450 2574 607 2613; x_wconf 90' lang='lat' dir='ltr'><strong>suam</strong></span> <span class='ocrx_word' id='word_1_170' title='bbox 675 2561 1106 2614; x_wconf 79' lang='lat' dir='ltr'><strong>conﬁrmandam</strong></span> <span class='ocrx_word' id='word_1_171' title='bbox 1154 2560 1400 2615; x_wconf 85' lang='lat' dir='ltr'><strong>trahunt.</strong></span> <span class='ocrx_word' id='word_1_172' title='bbox 1472 2562 1919 2633; x_wconf 83' lang='lat' dir='ltr'><strong>Quandoquidem</strong></span> <span class='ocrx_word' id='word_1_173' title='bbox 1988 2574 2043 2621; x_wconf 90' lang='lat' dir='ltr'><strong>et</strong></span> 
     </span>
    </p>
   </div>
   <div class='ocr_carea' id='block_1_29' title="bbox 458 2650 2039 2724">
    <p class='ocr_par' dir='ltr' id='par_1_29' title="bbox 458 2650 2039 2724">
     <span class='ocr_line' id='line_1_29' title="bbox 458 2650 2039 2724; baseline 0.004 -20"><span class='ocrx_word' id='word_1_174' title='bbox 458 2650 742 2706; x_wconf 82' lang='lat' dir='ltr'><strong>Marcellus</strong></span> <span class='ocrx_word' id='word_1_175' title='bbox 774 2653 940 2722; x_wconf 88' lang='lat' dir='ltr'><strong>impie</strong></span> <span class='ocrx_word' id='word_1_176' title='bbox 960 2653 1211 2708; x_wconf 81' lang='lat' dir='ltr'><strong>sentiens</strong></span> <span class='ocrx_word' id='word_1_177' title='bbox 1239 2654 1306 2709; x_wconf 87' lang='lat' dir='ltr'><strong>de</strong></span> <span class='ocrx_word' id='word_1_178' title='bbox 1332 2669 1562 2724; x_wconf 91' lang='lat' dir='ltr'><strong>persona</strong></span> <span class='ocrx_word' id='word_1_179' title='bbox 1595 2654 1808 2708; x_wconf 90' lang='lat' dir='ltr'><strong>Domini</strong></span> <span class='ocrx_word' id='word_1_180' title='bbox 1866 2656 2039 2711; x_wconf 89' lang='lat' dir='ltr'><strong>nostri</strong></span> 
     </span>
    </p>
   </div>
   <div class='ocr_carea' id='block_1_30' title="bbox 445 2740 2040 2813">
    <p class='ocr_par' dir='ltr' id='par_1_30' title="bbox 445 2740 2040 2813">
     <span class='ocr_line' id='line_1_30' title="bbox 445 2740 2040 2813; baseline 0.002 -17"><span class='ocrx_word' id='word_1_181' title='bbox 445 2741 573 2797; x_wconf 78' lang='lat' dir='ltr'><strong>Jcsu</strong></span> <span class='ocrx_word' id='word_1_182' title='bbox 611 2740 836 2806; x_wconf 87' lang='lat' dir='ltr'><strong>Christi,</strong></span> <span class='ocrx_word' id='word_1_183' title='bbox 866 2757 1101 2810; x_wconf 83' lang='lat' dir='ltr'><strong>eumque</strong></span> <span class='ocrx_word' id='word_1_184' title='bbox 1134 2758 1329 2812; x_wconf 90' lang='lat' dir='ltr'><strong>purum</strong></span> <span class='ocrx_word' id='word_1_185' title='bbox 1385 2759 1506 2799; x_wconf 86' lang='lat' dir='ltr'><strong>esse</strong></span> <span class='ocrx_word' id='word_1_186' title='bbox 1538 2743 1776 2799; x_wconf 85' lang='lat' dir='ltr'><strong>Verbum</strong></span> <span class='ocrx_word' id='word_1_187' title='bbox 1844 2744 2040 2813; x_wconf 67' lang='lat' dir='ltr'><strong>praedi—</strong></span> 
     </span>
    </p>
   </div>
   <div class='ocr_carea' id='block_1_31' title="bbox 445 2826 2038 2898">
    <p class='ocr_par' dir='ltr' id='par_1_31' title="bbox 445 2826 2038 2898">
     <span class='ocr_line' id='line_1_31' title="bbox 445 2826 2038 2898; baseline 0 -12"><span class='ocrx_word' id='word_1_188' title='bbox 445 2847 601 2898; x_wconf 87' lang='lat' dir='ltr'><strong>cans,</strong></span> <span class='ocrx_word' id='word_1_189' title='bbox 638 2847 805 2887; x_wconf 89' lang='lat' dir='ltr'><strong>ausus</strong></span> <span class='ocrx_word' id='word_1_190' title='bbox 839 2842 923 2887; x_wconf 85' lang='lat' dir='ltr'><strong>est</strong></span> <span class='ocrx_word' id='word_1_191' title='bbox 953 2833 1157 2893; x_wconf 84' lang='lat' dir='ltr'><strong>dicere,</strong></span> <span class='ocrx_word' id='word_1_192' title='bbox 1188 2847 1245 2887; x_wconf 87' lang='lat' dir='ltr'><strong>se</strong></span> <span class='ocrx_word' id='word_1_193' title='bbox 1272 2844 1329 2887; x_wconf 91' lang='lat' dir='ltr'><strong>ut</strong></span> <span class='ocrx_word' id='word_1_194' title='bbox 1360 2833 1432 2886; x_wconf 89' lang='lat' dir='ltr'><strong>ita</strong></span> <span class='ocrx_word' id='word_1_195' title='bbox 1466 2834 1718 2897; x_wconf 88' lang='lat' dir='ltr'><strong>sentiret,</strong></span> <span class='ocrx_word' id='word_1_196' title='bbox 1751 2826 2038 2888; x_wconf 85' lang='lat' dir='ltr'><strong>adductum</strong></span> 
     </span>
    </p>
   </div>
   <div class='ocr_carea' id='block_1_32' title="bbox 443 2922 2041 2993">
    <p class='ocr_par' dir='ltr' id='par_1_32' title="bbox 443 2922 2041 2993">
     <span class='ocr_line' id='line_1_32' title="bbox 443 2922 2041 2993; baseline 0 -15"><span class='ocrx_word' id='word_1_197' title='bbox 443 2938 566 2978; x_wconf 80' lang='lat' dir='ltr'><strong>esse</strong></span> <span class='ocrx_word' id='word_1_198' title='bbox 599 2934 815 2993; x_wconf 87' lang='lat' dir='ltr'><strong>propter</strong></span> <span class='ocrx_word' id='word_1_199' title='bbox 841 2924 984 2977; x_wconf 86' lang='lat' dir='ltr'><strong>illam</strong></span> <span class='ocrx_word' id='word_1_200' title='bbox 1014 2938 1199 2978; x_wconf 86' lang='lat' dir='ltr'><strong>vocem</strong></span> <span class='ocrx_word' id='word_1_201' title='bbox 1230 2922 1542 2991; x_wconf 74' lang='grc' dir='ltr'>ὁμοοὺσιον,</span> <span class='ocrx_word' id='word_1_202' title='bbox 1573 2923 1729 2993; x_wconf 88' lang='lat' dir='ltr'><strong>cujus</strong></span> <span class='ocrx_word' id='word_1_203' title='bbox 1764 2923 1871 2977; x_wconf 90' lang='lat' dir='ltr'><strong>vim</strong></span> <span class='ocrx_word' id='word_1_204' title='bbox 1902 2922 2041 2978; x_wconf 87' lang='lat' dir='ltr'><strong>male</strong></span> 
     </span>
    </p>
   </div>
   <div class='ocr_carea' id='block_1_33' title="bbox 445 3013 2041 3085">
    <p class='ocr_par' dir='ltr' id='par_1_33' title="bbox 445 3013 2041 3085">
     <span class='ocr_line' id='line_1_33' title="bbox 445 3013 2041 3085; baseline -0.001 -16"><span class='ocrx_word' id='word_1_205' title='bbox 445 3016 800 3085; x_wconf 82' lang='lat' dir='ltr'><strong>intelligebat.</strong></span> <span class='ocrx_word' id='word_1_206' title='bbox 829 3014 894 3069; x_wconf 88' lang='lat' dir='ltr'><strong>Et</strong></span> <span class='ocrx_word' id='word_1_207' title='bbox 941 3016 1036 3084; x_wconf 87' lang='lat' dir='ltr'><strong>qui</strong></span> <span class='ocrx_word' id='word_1_208' title='bbox 1089 3014 1306 3070; x_wconf 86' lang='lat' dir='ltr'><strong>Sabellii</strong></span> <span class='ocrx_word' id='word_1_209' title='bbox 1363 3013 1551 3085; x_wconf 81' lang='lat' dir='ltr'><strong>Libyci</strong></span> <span class='ocrx_word' id='word_1_210' title='bbox 1602 3015 1894 3069; x_wconf 77' lang='lat' dir='ltr'><strong>defendunt</strong></span> <span class='ocrx_word' id='word_1_211' title='bbox 1939 3016 2041 3070; x_wconf 84' lang='lat' dir='ltr'><strong>int-</strong></span> 
     </span>
    </p>
   </div>
   <div class='ocr_carea' id='block_1_34' title="bbox 445 3108 2039 3176">
    <p class='ocr_par' dir='ltr' id='par_1_34' title="bbox 445 3108 2039 3176">
     <span class='ocr_line' id='line_1_34' title="bbox 445 3108 2039 3176; baseline 0.001 -16"><span class='ocrx_word' id='word_1_212' title='bbox 445 3108 728 3175; x_wconf 88' lang='lat' dir='ltr'><strong>pietatem,</strong></span> <span class='ocrx_word' id='word_1_213' title='bbox 759 3120 1048 3176; x_wconf 85' lang='lat' dir='ltr'><strong>personam</strong></span> <span class='ocrx_word' id='word_1_214' title='bbox 1079 3116 1134 3160; x_wconf 91' lang='lat' dir='ltr'><strong>et</strong></span> <span class='ocrx_word' id='word_1_215' title='bbox 1171 3111 1465 3161; x_wconf 87' lang='lat' dir='ltr'><strong>essentiam</strong></span> <span class='ocrx_word' id='word_1_216' title='bbox 1523 3108 1665 3161; x_wconf 88' lang='lat' dir='ltr'><strong>idem</strong></span> <span class='ocrx_word' id='word_1_217' title='bbox 1716 3109 2039 3162; x_wconf 79' lang='lat' dir='ltr'><strong>existimau-</strong></span> 
     </span>
    </p>
   </div>
   <div class='ocr_carea' id='block_1_35' title="bbox 446 3167 2112 3270">
    <p class='ocr_par' dir='ltr' id='par_1_35' title="bbox 446 3167 2112 3270">
     <span class='ocr_line' id='line_1_35' title="bbox 446 3167 2112 3270; baseline 0.002 -20"><span class='ocrx_word' id='word_1_218' title='bbox 446 3209 551 3265; x_wconf 86' lang='lat' dir='ltr'><strong>tes,</strong></span> <span class='ocrx_word' id='word_1_219' title='bbox 598 3200 663 3252; x_wconf 91' lang='lat' dir='ltr'><strong>ad</strong></span> <span class='ocrx_word' id='word_1_220' title='bbox 694 3213 812 3253; x_wconf 88' lang='lat' dir='ltr'><strong>eam</strong></span> <span class='ocrx_word' id='word_1_221' title='bbox 850 3199 1277 3253; x_wconf 73' lang='lat' dir='ltr'><strong>confirmandam</strong></span> <span class='ocrx_word' id='word_1_222' title='bbox 1328 3199 1587 3254; x_wconf 89' lang='lat' dir='ltr'><strong>simulant</strong></span> <span class='ocrx_word' id='word_1_223' title='bbox 1636 3214 1695 3253; x_wconf 87' lang='lat' dir='ltr'><strong>se</strong></span> <span class='ocrx_word' id='word_1_224' title='bbox 1747 3211 2031 3270; x_wconf 84' lang='lat' dir='ltr'><strong>propterea</strong></span> <span class='ocrx_word' id='word_1_225' title='bbox 2066 3167 2112 3228; x_wconf 61' lang='grc' dir='ltr'><strong>ϐ</strong></span> 
     </span>
    </p>
   </div>
   <div class='ocr_carea' id='block_1_36' title="bbox 442 3288 2035 3359">
    <p class='ocr_par' dir='ltr' id='par_1_36' title="bbox 442 3288 2035 3359">
     <span class='ocr_line' id='line_1_36' title="bbox 442 3288 2035 3359; baseline 0 -13"><span class='ocrx_word' id='word_1_226' title='bbox 442 3290 754 3357; x_wconf 89' lang='lat' dir='ltr'><strong>compulsos</strong></span> <span class='ocrx_word' id='word_1_227' title='bbox 783 3304 924 3353; x_wconf 88' lang='lat' dir='ltr'><strong>esse,</strong></span> <span class='ocrx_word' id='word_1_228' title='bbox 944 3290 1088 3358; x_wconf 85' lang='lat' dir='ltr'><strong>quod</strong></span> <span class='ocrx_word' id='word_1_229' title='bbox 1122 3293 1173 3342; x_wconf 93' lang='lat' dir='ltr'><strong>iu</strong></span> <span class='ocrx_word' id='word_1_230' title='bbox 1209 3304 1271 3345; x_wconf 90' lang='lat' dir='ltr'><strong>ea</strong></span> <span class='ocrx_word' id='word_1_231' title='bbox 1305 3288 1407 3344; x_wconf 81' lang='lat' dir='ltr'><strong>ﬁde</strong></span> <span class='ocrx_word' id='word_1_232' title='bbox 1458 3292 1531 3343; x_wconf 91' lang='lat' dir='ltr'><strong>ita</strong></span> <span class='ocrx_word' id='word_1_233' title='bbox 1587 3292 1851 3359; x_wconf 66' lang='lat' dir='ltr'><strong>scr’ptum</strong></span> <span class='ocrx_word' id='word_1_234' title='bbox 1908 3291 1980 3346; x_wconf 90' lang='lat' dir='ltr'><strong>sit</strong></span> <span class='ocrx_word' id='word_1_235' title='bbox 2020 3308 2035 3346; x_wconf 88' lang='lat'><strong><em>:</em></strong></span> 
     </span>
    </p>
   </div>
   <div class='ocr_carea' id='block_1_37' title="bbox 445 3381 2033 3453">
    <p class='ocr_par' dir='ltr' id='par_1_37' title="bbox 445 3381 2033 3453">
     <span class='ocr_line' id='line_1_37' title="bbox 445 3381 2033 3453; baseline -0.001 -14"><span class='ocrx_word' id='word_1_236' title='bbox 445 3383 502 3439; x_wconf 89' lang='lat' dir='ltr'><strong>Si</strong></span> <span class='ocrx_word' id='word_1_237' title='bbox 530 3383 654 3451; x_wconf 91' lang='lat' dir='ltr'><strong>quis</strong></span> <span class='ocrx_word' id='word_1_238' title='bbox 678 3381 875 3436; x_wconf 88' lang='lat' dir='ltr'><strong>Filium</strong></span> <span class='ocrx_word' id='word_1_239' title='bbox 901 3396 963 3436; x_wconf 85' lang='lat' dir='ltr'><strong>ex</strong></span> <span class='ocrx_word' id='word_1_240' title='bbox 998 3382 1105 3435; x_wconf 88' lang='lat' dir='ltr'><strong>alia</strong></span> <span class='ocrx_word' id='word_1_241' title='bbox 1131 3384 1367 3437; x_wconf 82' lang='lat' dir='ltr'><strong>essentia</strong></span> <span class='ocrx_word' id='word_1_242' title='bbox 1400 3383 1514 3436; x_wconf 88' lang='lat' dir='ltr'><strong>sive</strong></span> <span class='ocrx_word' id='word_1_243' title='bbox 1569 3382 1848 3453; x_wconf 84' lang='lat' dir='ltr'><strong>bypostasi</strong></span> <span class='ocrx_word' id='word_1_244' title='bbox 1906 3397 2033 3438; x_wconf 86' lang='lat' dir='ltr'><strong>esse</strong></span> 
     </span>
    </p>
   </div>
   <div class='ocr_carea' id='block_1_38' title="bbox 443 3473 2040 3538">
    <p class='ocr_par' dir='ltr' id='par_1_38' title="bbox 443 3473 2040 3538">
     <span class='ocr_line' id='line_1_38' title="bbox 443 3473 2040 3538; baseline 0.001 -8"><span class='ocrx_word' id='word_1_245' title='bbox 443 3475 666 3538; x_wconf 78' lang='lat' dir='ltr'><strong>dixerit,</strong></span> <span class='ocrx_word' id='word_1_246' title='bbox 691 3487 815 3529; x_wconf 89' lang='lat' dir='ltr'><strong>eum</strong></span> <span class='ocrx_word' id='word_1_247' title='bbox 859 3484 1175 3529; x_wconf 78' lang='lat' dir='ltr'><strong>exsecratur</strong></span> <span class='ocrx_word' id='word_1_248' title='bbox 1210 3483 1263 3529; x_wconf 91' lang='lat' dir='ltr'><strong>et</strong></span> <span class='ocrx_word' id='word_1_249' title='bbox 1321 3473 1626 3531; x_wconf 84' lang='lat' dir='ltr'><strong>detestatur</strong></span> <span class='ocrx_word' id='word_1_250' title='bbox 1683 3476 1954 3535; x_wconf 85' lang='lat' dir='ltr'><strong>catholica</strong></span> <span class='ocrx_word' id='word_1_251' title='bbox 1984 3486 2040 3532; x_wconf 85' lang='lat' dir='ltr'><strong>et</strong></span> 
     </span>
    </p>
   </div>
   <div class='ocr_carea' id='block_1_39' title="bbox 442 3565 2035 3639">
    <p class='ocr_par' dir='ltr' id='par_1_39' title="bbox 442 3565 2035 3639">
     <span class='ocr_line' id='line_1_39' title="bbox 442 3565 2035 3639; baseline 0.001 -17"><span class='ocrx_word' id='word_1_252' title='bbox 442 3568 743 3639; x_wconf 89' lang='lat' dir='ltr'><strong>apostolica</strong></span> <span class='ocrx_word' id='word_1_253' title='bbox 780 3566 1043 3622; x_wconf 84' lang='lat' dir='ltr'><strong>Ecclesia.</strong></span> <span class='ocrx_word' id='word_1_254' title='bbox 1112 3565 1229 3620; x_wconf 85' lang='lat' dir='ltr'><strong>Non</strong></span> <span class='ocrx_word' id='word_1_255' title='bbox 1302 3577 1479 3621; x_wconf 90' lang='lat' dir='ltr'><strong>autem</strong></span> <span class='ocrx_word' id='word_1_256' title='bbox 1525 3568 1719 3623; x_wconf 87' lang='lat' dir='ltr'><strong>Patres</strong></span> <span class='ocrx_word' id='word_1_257' title='bbox 1772 3568 1845 3623; x_wconf 91' lang='lat' dir='ltr'><strong>illi</strong></span> <span class='ocrx_word' id='word_1_258' title='bbox 1894 3569 2035 3623; x_wconf 87' lang='lat' dir='ltr'><strong>idem</strong></span> 
     </span>
    </p>
   </div>
   <div class='ocr_carea' id='block_1_40' title="bbox 443 3660 2038 3730">
    <p class='ocr_par' dir='ltr' id='par_1_40' title="bbox 443 3660 2038 3730">
     <span class='ocr_line' id='line_1_40' title="bbox 443 3660 2038 3730; baseline 0.001 -15"><span class='ocrx_word' id='word_1_259' title='bbox 443 3676 565 3716; x_wconf 87' lang='lat' dir='ltr'><strong>esse</strong></span> <span class='ocrx_word' id='word_1_260' title='bbox 594 3660 845 3714; x_wconf 87' lang='lat' dir='ltr'><strong>dixerunt</strong></span> <span class='ocrx_word' id='word_1_261' title='bbox 873 3661 1165 3714; x_wconf 84' lang='lat' dir='ltr'><strong>essentiam</strong></span> <span class='ocrx_word' id='word_1_262' title='bbox 1190 3668 1243 3713; x_wconf 88' lang='lat' dir='ltr'><strong>et</strong></span> <span class='ocrx_word' id='word_1_263' title='bbox 1289 3660 1622 3730; x_wconf 81' lang='lat' dir='ltr'><strong>bypostasim</strong></span> <span class='ocrx_word' id='word_1_264' title='bbox 1655 3676 1670 3715; x_wconf 90' lang='lat'><strong>:</strong></span> <span class='ocrx_word' id='word_1_265' title='bbox 1706 3661 1751 3715; x_wconf 89' lang='lat' dir='ltr'><strong>si</strong></span> <span class='ocrx_word' id='word_1_266' title='bbox 1783 3661 1927 3716; x_wconf 90' lang='lat' dir='ltr'><strong>enim</strong></span> <span class='ocrx_word' id='word_1_267' title='bbox 1956 3663 2038 3716; x_wconf 76' lang='lat' dir='ltr'><strong>ba:</strong></span> 
     </span>
    </p>
   </div>
   <div class='ocr_carea' id='block_1_41' title="bbox 440 3753 2040 3815">
    <p class='ocr_par' dir='ltr' id='par_1_41' title="bbox 440 3753 2040 3815">
     <span class='ocr_line' id='line_1_41' title="bbox 440 3753 2040 3815; baseline 0 -8"><span class='ocrx_word' id='word_1_268' title='bbox 440 3756 557 3808; x_wconf 81' lang='lat' dir='ltr'><strong>duae</strong></span> <span class='ocrx_word' id='word_1_269' title='bbox 579 3768 739 3809; x_wconf 87' lang='lat' dir='ltr'><strong>voces</strong></span> <span class='ocrx_word' id='word_1_270' title='bbox 773 3768 937 3807; x_wconf 90' lang='lat' dir='ltr'><strong>unum</strong></span> <span class='ocrx_word' id='word_1_271' title='bbox 967 3762 1019 3807; x_wconf 92' lang='lat' dir='ltr'><strong>et</strong></span> <span class='ocrx_word' id='word_1_272' title='bbox 1044 3755 1293 3807; x_wconf 87' lang='lat' dir='ltr'><strong>eumdem</strong></span> <span class='ocrx_word' id='word_1_273' title='bbox 1326 3769 1539 3808; x_wconf 87' lang='lat' dir='ltr'><strong>sensum</strong></span> <span class='ocrx_word' id='word_1_274' title='bbox 1578 3753 1859 3815; x_wconf 86' lang='lat' dir='ltr'><strong>baberent.</strong></span> <span class='ocrx_word' id='word_1_275' title='bbox 1887 3762 2040 3808; x_wconf 85' lang='lat' dir='ltr'><strong>utra-</strong></span> 
     </span>
    </p>
   </div>
   <div class='ocr_carea' id='block_1_42' title="bbox 439 3843 2037 3913">
    <p class='ocr_par' dir='ltr' id='par_1_42' title="bbox 439 3843 2037 3913">
     <span class='ocr_line' id='line_1_42' title="bbox 439 3843 2037 3913; baseline 0.002 -17"><span class='ocrx_word' id='word_1_276' title='bbox 439 3859 544 3913; x_wconf 90' lang='lat' dir='ltr'><strong>que</strong></span> <span class='ocrx_word' id='word_1_277' title='bbox 569 3844 645 3898; x_wconf 90' lang='lat' dir='ltr'><strong>uti</strong></span> <span class='ocrx_word' id='word_1_278' title='bbox 673 3861 775 3899; x_wconf 90' lang='lat' dir='ltr'><strong>non</strong></span> <span class='ocrx_word' id='word_1_279' title='bbox 811 3855 931 3898; x_wconf 85' lang='lat' dir='ltr'><strong>erat</strong></span> <span class='ocrx_word' id='word_1_280' title='bbox 960 3857 1118 3912; x_wconf 85' lang='lat' dir='ltr'><strong>Opus.</strong></span> <span class='ocrx_word' id='word_1_281' title='bbox 1141 3843 1278 3898; x_wconf 83' lang='lat' dir='ltr'><strong>Cum</strong></span> <span class='ocrx_word' id='word_1_282' title='bbox 1306 3844 1472 3912; x_wconf 82' lang='lat' dir='ltr'><strong>igitur</strong></span> <span class='ocrx_word' id='word_1_283' title='bbox 1506 3844 1598 3897; x_wconf 88' lang='lat' dir='ltr'><strong>alii</strong></span> <span class='ocrx_word' id='word_1_284' title='bbox 1653 3845 1850 3900; x_wconf 85' lang='lat' dir='ltr'><strong>Filium</strong></span> <span class='ocrx_word' id='word_1_285' title='bbox 1915 3860 2037 3901; x_wconf 86' lang='lat' dir='ltr'><strong>esse</strong></span> 
     </span>
    </p>
   </div>
   <div class='ocr_carea' id='block_1_43' title="bbox 444 3933 2035 4006">
    <p class='ocr_par' dir='ltr' id='par_1_43' title="bbox 444 3933 2035 4006">
     <span class='ocr_line' id='line_1_43' title="bbox 444 3933 2035 4006; baseline 0.004 -19"><span class='ocrx_word' id='word_1_286' title='bbox 444 3945 802 4004; x_wconf 79' lang='lat' dir='ltr'><strong>uegareutex</strong></span> <span class='ocrx_word' id='word_1_287' title='bbox 852 3933 1032 3989; x_wconf 87' lang='lat' dir='ltr'><strong>Patris</strong></span> <span class='ocrx_word' id='word_1_288' title='bbox 1083 3934 1346 4000; x_wconf 84' lang='lat' dir='ltr'><strong>essentia,</strong></span> <span class='ocrx_word' id='word_1_289' title='bbox 1412 3935 1504 3988; x_wconf 85' lang='lat' dir='ltr'><strong>alii</strong></span> <span class='ocrx_word' id='word_1_290' title='bbox 1563 3934 1738 4006; x_wconf 88' lang='lat' dir='ltr'><strong>ipsum</strong></span> <span class='ocrx_word' id='word_1_291' title='bbox 1800 3953 1905 3992; x_wconf 92' lang='lat' dir='ltr'><strong>non</strong></span> <span class='ocrx_word' id='word_1_292' title='bbox 1967 3952 2035 3993; x_wconf 80' lang='lat' dir='ltr'><strong>ex</strong></span> 
     </span>
    </p>
   </div>
   <div class='ocr_carea' id='block_1_44' title="bbox 438 4026 2035 4097">
    <p class='ocr_par' dir='ltr' id='par_1_44' title="bbox 438 4026 2035 4097">
     <span class='ocr_line' id='line_1_44' title="bbox 438 4026 2035 4097; baseline 0.003 -16"><span class='ocrx_word' id='word_1_293' title='bbox 438 4028 701 4093; x_wconf 87' lang='lat' dir='ltr'><strong>essentia,</strong></span> <span class='ocrx_word' id='word_1_294' title='bbox 736 4027 831 4081; x_wconf 89' lang='lat' dir='ltr'><strong>sed</strong></span> <span class='ocrx_word' id='word_1_295' title='bbox 865 4042 931 4081; x_wconf 77' lang='lat' dir='ltr'><strong>cx</strong></span> <span class='ocrx_word' id='word_1_296' title='bbox 960 4026 1374 4097; x_wconf 80' lang='lat' dir='ltr'><strong>alia-bypostasi</strong></span> <span class='ocrx_word' id='word_1_297' title='bbox 1398 4036 1654 4081; x_wconf 88' lang='lat' dir='ltr'><strong>constare</strong></span> <span class='ocrx_word' id='word_1_298' title='bbox 1679 4027 1941 4095; x_wconf 89' lang='lat' dir='ltr'><strong>dicerent,</strong></span> <span class='ocrx_word' id='word_1_299' title='bbox 1975 4038 2035 4087; x_wconf 85' lang='lat' dir='ltr'><strong>ut</strong></span> 
     </span>
    </p>
   </div>
   <div class='ocr_carea' id='block_1_45' title="bbox 440 4115 2032 4187">
    <p class='ocr_par' dir='ltr' id='par_1_45' title="bbox 440 4115 2032 4187">
     <span class='ocr_line' id='line_1_45' title="bbox 440 4115 2032 4187; baseline 0.004 -18"><span class='ocrx_word' id='word_1_300' title='bbox 440 4127 732 4184; x_wconf 87' lang='lat' dir='ltr'><strong>utramque</strong></span> <span class='ocrx_word' id='word_1_301' title='bbox 765 4116 990 4170; x_wconf 86' lang='lat' dir='ltr'><strong>istorqu</strong></span> <span class='ocrx_word' id='word_1_302' title='bbox 1014 4115 1327 4185; x_wconf 81' lang='lat' dir='ltr'><strong>Opinionem</strong></span> <span class='ocrx_word' id='word_1_303' title='bbox 1397 4126 1657 4187; x_wconf 87' lang='lat' dir='ltr'><strong>tanquam</strong></span> <span class='ocrx_word' id='word_1_304' title='bbox 1710 4117 1904 4173; x_wconf 82' lang='lat' dir='ltr'><strong>falsam</strong></span> <span class='ocrx_word' id='word_1_305' title='bbox 1949 4133 2032 4175; x_wconf 84' lang='lat' dir='ltr'><strong>re-</strong></span> 
     </span>
    </p>
   </div>
   <div class='ocr_carea' id='block_1_46' title="bbox 439 4206 2030 4277">
    <p class='ocr_par' dir='ltr' id='par_1_46' title="bbox 439 4206 2030 4277">
     <span class='ocr_line' id='line_1_46' title="bbox 439 4206 2030 4277; baseline 0.004 -18"><span class='ocrx_word' id='word_1_306' title='bbox 439 4207 755 4276; x_wconf 87' lang='lat' dir='ltr'><strong>probarent,</strong></span> <span class='ocrx_word' id='word_1_307' title='bbox 794 4208 982 4261; x_wconf 86' lang='lat' dir='ltr'><strong>ambas</strong></span> <span class='ocrx_word' id='word_1_308' title='bbox 1034 4206 1155 4261; x_wconf 90' lang='lat' dir='ltr'><strong>illas</strong></span> <span class='ocrx_word' id='word_1_309' title='bbox 1228 4222 1390 4264; x_wconf 87' lang='lat' dir='ltr'><strong>voces</strong></span> <span class='ocrx_word' id='word_1_310' title='bbox 1454 4208 1847 4277; x_wconf 82' lang='lat' dir='ltr'><strong>adhibuerunt.</strong></span> <span class='ocrx_word' id='word_1_311' title='bbox 1893 4208 2030 4265; x_wconf 80' lang='lat' dir='ltr'><strong>Nam</strong></span> 
     </span>
    </p>
   </div>
   <div class='ocr_carea' id='block_1_47' title="bbox 442 4301 2034 4370">
    <p class='ocr_par' dir='ltr' id='par_1_47' title="bbox 442 4301 2034 4370">
     <span class='ocr_line' id='line_1_47' title="bbox 442 4301 2034 4370; baseline 0.003 -17"><span class='ocrx_word' id='word_1_312' title='bbox 442 4303 531 4356; x_wconf 91' lang='lat' dir='ltr'><strong>ubi</strong></span> <span class='ocrx_word' id='word_1_313' title='bbox 569 4301 927 4357; x_wconf 86' lang='lat' dir='ltr'><strong>declararunt</strong></span> <span class='ocrx_word' id='word_1_314' title='bbox 953 4301 1281 4356; x_wconf 87' lang='lat' dir='ltr'><strong>sententiam</strong></span> <span class='ocrx_word' id='word_1_315' title='bbox 1307 4318 1489 4370; x_wconf 84' lang='lat' dir='ltr'><strong>suam,</strong></span> <span class='ocrx_word' id='word_1_316' title='bbox 1546 4302 1745 4360; x_wconf 87' lang='lat' dir='ltr'><strong>Filium</strong></span> <span class='ocrx_word' id='word_1_317' title='bbox 1810 4320 1876 4360; x_wconf 81' lang='lat' dir='ltr'><strong>ex</strong></span> <span class='ocrx_word' id='word_1_318' title='bbox 1930 4305 2034 4360; x_wconf 87' lang='lat' dir='ltr'><strong>Pa-</strong></span> 
     </span>
    </p>
   </div>
   <div class='ocr_carea' id='block_1_48' title="bbox 439 4394 2029 4465">
    <p class='ocr_par' dir='ltr' id='par_1_48' title="bbox 439 4394 2029 4465">
     <span class='ocr_line' id='line_1_48' title="bbox 439 4394 2029 4465; baseline 0.004 -19"><span class='ocrx_word' id='word_1_319' title='bbox 439 4396 541 4451; x_wconf 84' lang='lat' dir='ltr'><strong>tris</strong></span> <span class='ocrx_word' id='word_1_320' title='bbox 564 4397 806 4453; x_wconf 87' lang='lat' dir='ltr'><strong>essentia</strong></span> <span class='ocrx_word' id='word_1_321' title='bbox 835 4396 1108 4461; x_wconf 82' lang='lat' dir='ltr'><strong>dixerunt,</strong></span> <span class='ocrx_word' id='word_1_322' title='bbox 1133 4394 1313 4465; x_wconf 89' lang='lat' dir='ltr'><strong>ibique</strong></span> <span class='ocrx_word' id='word_1_323' title='bbox 1364 4395 1596 4453; x_wconf 82' lang='lat' dir='ltr'><strong>alteram</strong></span> <span class='ocrx_word' id='word_1_324' title='bbox 1644 4397 1797 4452; x_wconf 88' lang='lat' dir='ltr'><strong>illam</strong></span> <span class='ocrx_word' id='word_1_325' title='bbox 1840 4413 2029 4455; x_wconf 87' lang='lat' dir='ltr'><strong>vocem</strong></span> 
     </span>
    </p>
   </div>
   <div class='ocr_carea' id='block_1_49' title="bbox 2153 558 3715 629">
    <p class='ocr_par' dir='ltr' id='par_1_49' title="bbox 2153 558 3715 629">
     <span class='ocr_line' id='line_1_49' title="bbox 2153 558 3715 629; baseline -0.001 -18"><span class='ocrx_word' id='word_1_326' title='bbox 2153 558 2505 612; x_wconf 79' lang='grc' dir='ltr'>ὑποστάσεων</span> <span class='ocrx_word' id='word_1_327' title='bbox 2535 559 2634 627; x_wconf 81' lang='grc' dir='ltr'>τὴν</span> <span class='ocrx_word' id='word_1_328' title='bbox 2660 558 2899 627; x_wconf 77' lang='grc' dir='ltr'>ἰδιότητα</span> <span class='ocrx_word' id='word_1_329' title='bbox 2932 558 3267 629; x_wconf 73' lang='grc' dir='ltr'>διορίζουσα,</span> <span class='ocrx_word' id='word_1_330' title='bbox 3297 560 3388 611; x_wconf 70' lang='grc' dir='ltr'>καὶ</span> <span class='ocrx_word' id='word_1_331' title='bbox 3402 558 3503 626; x_wconf 82' lang='grc' dir='ltr'><strong>τῆς</strong></span> <span class='ocrx_word' id='word_1_332' title='bbox 3521 558 3715 627; x_wconf 76' lang='grc' dir='ltr'>φύσεως</span> 
     </span>
    </p>
   </div>
   <div class='ocr_carea' id='block_1_50' title="bbox 2151 651 3716 721">
    <p class='ocr_par' dir='ltr' id='par_1_50' title="bbox 2151 651 3716 721">
     <span class='ocr_line' id='line_1_50' title="bbox 2151 651 3716 721; baseline 0.001 -19"><span class='ocrx_word' id='word_1_333' title='bbox 2151 651 2210 702; x_wconf 76' lang='grc' dir='ltr'>τὸ</span> <span class='ocrx_word' id='word_1_334' title='bbox 2242 651 2669 719; x_wconf 74' lang='grc' dir='ltr'>ἀπαράλλακτον</span> <span class='ocrx_word' id='word_1_335' title='bbox 2709 651 3035 717; x_wconf 74' lang='grc' dir='ltr'><strong>παριστῶσα</strong></span> <span class='ocrx_word' id='word_1_336' title='bbox 3067 652 3203 721; x_wconf 83' lang='grc'>(59).</span> <span class='ocrx_word' id='word_1_337' title='bbox 3248 652 3418 704; x_wconf 84' lang='grc' dir='ltr'>Ὅταν</span> <span class='ocrx_word' id='word_1_338' title='bbox 3452 652 3509 704; x_wconf 78' lang='grc' dir='ltr'><strong>δὲ</strong></span> <span class='ocrx_word' id='word_1_339' title='bbox 3542 654 3601 705; x_wconf 81' lang='grc' dir='ltr'><strong>ἐκ</strong></span> <span class='ocrx_word' id='word_1_340' title='bbox 3632 653 3716 721; x_wconf 79' lang='grc' dir='ltr'>τῆς</span> 
     </span>
    </p>
   </div>
   <div class='ocr_carea' id='block_1_51' title="bbox 2153 743 3718 814">
    <p class='ocr_par' dir='ltr' id='par_1_51' title="bbox 2153 743 3718 814">
     <span class='ocr_line' id='line_1_51' title="bbox 2153 743 3718 814; baseline 0 -17"><span class='ocrx_word' id='word_1_341' title='bbox 2153 745 2339 808; x_wconf 80' lang='grc' dir='ltr'><strong>οὐσίας</strong></span> <span class='ocrx_word' id='word_1_342' title='bbox 2368 745 2464 798; x_wconf 85' lang='grc' dir='ltr'><strong>τοῦ</strong></span> <span class='ocrx_word' id='word_1_343' title='bbox 2496 745 2707 814; x_wconf 76' lang='grc' dir='ltr'>Πατρὸς</span> <span class='ocrx_word' id='word_1_344' title='bbox 2740 748 2831 799; x_wconf 80' lang='grc' dir='ltr'><strong>τὸν</strong></span> <span class='ocrx_word' id='word_1_345' title='bbox 2860 745 2987 799; x_wconf 76' lang='grc' dir='ltr'>Υίὸν</span> <span class='ocrx_word' id='word_1_346' title='bbox 3021 743 3161 799; x_wconf 75' lang='grc' dir='ltr'>εἶναι</span> <span class='ocrx_word' id='word_1_347' title='bbox 3204 744 3606 813; x_wconf 75' lang='grc' dir='ltr'>διδασκὼμεθα,</span> <span class='ocrx_word' id='word_1_348' title='bbox 3636 748 3718 799; x_wconf 78' lang='grc' dir='ltr'><strong>καὶ</strong></span> 
     </span>
    </p>
   </div>
   <div class='ocr_carea' id='block_1_52' title="bbox 2149 838 3717 909">
    <p class='ocr_par' dir='ltr' id='par_1_52' title="bbox 2149 838 3717 909">
     <span class='ocr_line' id='line_1_52' title="bbox 2149 838 3717 909; baseline 0 -20"><span class='ocrx_word' id='word_1_349' title='bbox 2149 838 2501 907; x_wconf 74' lang='grc' dir='ltr'><strong>γεννηθέντα,</strong></span> <span class='ocrx_word' id='word_1_350' title='bbox 2538 838 2653 892; x_wconf 79' lang='grc' dir='ltr'>ἀλλ’</span> <span class='ocrx_word' id='word_1_351' title='bbox 2678 838 2800 907; x_wconf 56' lang='grc' dir='ltr'>οὑχ).</span> <span class='ocrx_word' id='word_1_352' title='bbox 2833 838 3147 907; x_wconf 76' lang='grc' dir='ltr'>ποιηθέντα,</span> <span class='ocrx_word' id='word_1_353' title='bbox 3195 838 3271 909; x_wconf 76' lang='grc' dir='ltr'>μὴ</span> <span class='ocrx_word' id='word_1_354' title='bbox 3300 838 3717 902; x_wconf 66' lang='grc' dir='ltr'>καταπίπτωμεν</span> 
     </span>
    </p>
   </div>
   <div class='ocr_carea' id='block_1_53' title="bbox 2151 928 3717 999">
    <p class='ocr_par' dir='ltr' id='par_1_53' title="bbox 2151 928 3717 999">
     <span class='ocr_line' id='line_1_53' title="bbox 2151 928 3717 999; baseline 0 -18"><span class='ocrx_word' id='word_1_355' title='bbox 2151 930 2243 982; x_wconf 72' lang='grc' dir='ltr'>ἐπὶ</span> <span class='ocrx_word' id='word_1_356' title='bbox 2272 932 2369 993; x_wconf 73' lang='grc' dir='ltr'><strong>τὰς</strong></span> <span class='ocrx_word' id='word_1_357' title='bbox 2425 932 2743 999; x_wconf 80' lang='grc' dir='ltr'>σωματικάς</span> <span class='ocrx_word' id='word_1_358' title='bbox 2801 931 2909 984; x_wconf 86' lang='grc' dir='ltr'><strong>τῶν</strong></span> <span class='ocrx_word' id='word_1_359' title='bbox 2960 930 3151 984; x_wconf 86' lang='grc' dir='ltr'>παθῶν</span> <span class='ocrx_word' id='word_1_360' title='bbox 3208 932 3439 993; x_wconf 75' lang='grc' dir='ltr'>ἐννοίας.</span> <span class='ocrx_word' id='word_1_361' title='bbox 3494 931 3568 983; x_wconf 87' lang='grc' dir='ltr'>Οὑ</span> <span class='ocrx_word' id='word_1_362' title='bbox 3625 928 3717 997; x_wconf 78' lang='grc' dir='ltr'>γὰρ</span> 
     </span>
    </p>
   </div>
   <div class='ocr_carea' id='block_1_54' title="bbox 2149 1021 3721 1094">
    <p class='ocr_par' dir='ltr' id='par_1_54' title="bbox 2149 1021 3721 1094">
     <span class='ocr_line' id='line_1_54' title="bbox 2149 1021 3721 1094; baseline 0 -21"><span class='ocrx_word' id='word_1_363' title='bbox 2149 1021 2417 1094; x_wconf 73' lang='grc' dir='ltr'><strong>ἐμερίσθη</strong></span> <span class='ocrx_word' id='word_1_364' title='bbox 2448 1023 2479 1093; x_wconf 83' lang='grc' dir='ltr'>ἡ</span> <span class='ocrx_word' id='word_1_365' title='bbox 2507 1023 2665 1076; x_wconf 86' lang='grc' dir='ltr'>οὑσία</span> <span class='ocrx_word' id='word_1_366' title='bbox 2693 1022 2802 1076; x_wconf 84' lang='grc' dir='ltr'>ἀπὸ</span> <span class='ocrx_word' id='word_1_367' title='bbox 2830 1024 3041 1092; x_wconf 80' lang='grc' dir='ltr'>Πατρὸς</span> <span class='ocrx_word' id='word_1_368' title='bbox 3058 1025 3139 1087; x_wconf 85' lang='grc' dir='ltr'><strong>είς</strong></span> <span class='ocrx_word' id='word_1_369' title='bbox 3175 1023 3323 1078; x_wconf 73' lang='grc' dir='ltr'>Υίόψ</span> <span class='ocrx_word' id='word_1_370' title='bbox 3386 1024 3506 1077; x_wconf 73' lang='grc' dir='ltr'>οὑδὲ</span> <span class='ocrx_word' id='word_1_371' title='bbox 3549 1024 3721 1092; x_wconf 80' lang='grc' dir='ltr'>ῥυεῖσα</span> 
     </span>
    </p>
   </div>
   <div class='ocr_carea' id='block_1_55' title="bbox 2149 1115 3720 1185">
    <p class='ocr_par' dir='ltr' id='par_1_55' title="bbox 2149 1115 3720 1185">
     <span class='ocr_line' id='line_1_55' title="bbox 2149 1115 3720 1185; baseline 0 -18"><span class='ocrx_word' id='word_1_372' title='bbox 2149 1116 2464 1185; x_wconf 81' lang='grc' dir='ltr'>ἐγέννησεν,</span> <span class='ocrx_word' id='word_1_373' title='bbox 2506 1115 2625 1170; x_wconf 81' lang='grc' dir='ltr'>οὑδὲ</span> <span class='ocrx_word' id='word_1_374' title='bbox 2654 1116 3027 1185; x_wconf 75' lang='grc' dir='ltr'>προϐαλοῦσσ,</span> <span class='ocrx_word' id='word_1_375' title='bbox 3053 1117 3127 1179; x_wconf 83' lang='grc' dir='ltr'>ὡς</span> <span class='ocrx_word' id='word_1_376' title='bbox 3166 1118 3233 1169; x_wconf 80' lang='grc' dir='ltr'><strong>τά</strong></span> <span class='ocrx_word' id='word_1_377' title='bbox 3272 1118 3415 1184; x_wconf 80' lang='grc' dir='ltr'>φυτὰ</span> <span class='ocrx_word' id='word_1_378' title='bbox 3448 1116 3574 1177; x_wconf 77' lang='grc' dir='ltr'>τοὺς</span> <span class='ocrx_word' id='word_1_379' title='bbox 3600 1132 3720 1183; x_wconf 83' lang='grc' dir='ltr'>καρ-</span> 
     </span>
    </p>
   </div>
   <div class='ocr_carea' id='block_1_56' title="bbox 2150 1208 3723 1281">
    <p class='ocr_par' dir='ltr' id='par_1_56' title="bbox 2150 1208 3723 1281">
     <span class='ocr_line' id='line_1_56' title="bbox 2150 1208 3723 1281; baseline 0 -22"><span class='ocrx_word' id='word_1_380' title='bbox 2150 1208 2307 1272; x_wconf 76' lang='grc' dir='ltr'>ποὺς,</span> <span class='ocrx_word' id='word_1_381' title='bbox 2337 1208 2452 1261; x_wconf 79' lang='grc' dir='ltr'>ἀλλ’</span> <span class='ocrx_word' id='word_1_382' title='bbox 2482 1209 2725 1280; x_wconf 72' lang='grc' dir='ltr'>ἄρρητος</span> <span class='ocrx_word' id='word_1_383' title='bbox 2756 1210 2852 1262; x_wconf 82' lang='grc' dir='ltr'>καὶ</span> <span class='ocrx_word' id='word_1_384' title='bbox 2899 1210 3257 1281; x_wconf 81' lang='grc' dir='ltr'>ἀνεπινόητος</span> <span class='ocrx_word' id='word_1_385' title='bbox 3293 1210 3583 1277; x_wconf 72' lang='grc' dir='ltr'><strong>λογισμοῖς</strong></span> <span class='ocrx_word' id='word_1_386' title='bbox 3641 1211 3723 1260; x_wconf 80' lang='grc' dir='ltr'><strong>ἀν-</strong></span> 
     </span>
    </p>
   </div>
   <div class='ocr_carea' id='block_1_57' title="bbox 2150 1300 3721 1372">
    <p class='ocr_par' dir='ltr' id='par_1_57' title="bbox 2150 1300 3721 1372">
     <span class='ocr_line' id='line_1_57' title="bbox 2150 1300 3721 1372; baseline 0.001 -20"><span class='ocrx_word' id='word_1_387' title='bbox 2150 1300 2387 1371; x_wconf 84' lang='grc' dir='ltr'>θρώπων</span> <span class='ocrx_word' id='word_1_388' title='bbox 2417 1305 2517 1372; x_wconf 85' lang='grc' dir='ltr'>τῆς</span> <span class='ocrx_word' id='word_1_389' title='bbox 2544 1303 2692 1365; x_wconf 77' lang='grc' dir='ltr'>θείας</span> <span class='ocrx_word' id='word_1_390' title='bbox 2724 1302 3033 1371; x_wconf 81' lang='grc' dir='ltr'><strong>γεννήσεως</strong></span> <span class='ocrx_word' id='word_1_391' title='bbox 3092 1304 3121 1355; x_wconf 83' lang='grc' dir='ltr'><strong>ὁ</strong></span> <span class='ocrx_word' id='word_1_392' title='bbox 3177 1302 3404 1369; x_wconf 82' lang='grc' dir='ltr'>τρόπος.</span> <span class='ocrx_word' id='word_1_393' title='bbox 3460 1302 3721 1369; x_wconf 77' lang='grc' dir='ltr'>Ταπεινῆς</span> 
     </span>
    </p>
   </div>
   <div class='ocr_carea' id='block_1_58' title="bbox 2151 1391 3722 1462">
    <p class='ocr_par' dir='ltr' id='par_1_58' title="bbox 2151 1391 3722 1462">
     <span class='ocr_line' id='line_1_58' title="bbox 2151 1391 3722 1462; baseline 0.001 -18"><span class='ocrx_word' id='word_1_394' title='bbox 2151 1394 2258 1461; x_wconf 82' lang='grc' dir='ltr'>γὰρ</span> <span class='ocrx_word' id='word_1_395' title='bbox 2292 1391 2367 1461; x_wconf 83' lang='grc' dir='ltr'>τῷ</span> <span class='ocrx_word' id='word_1_396' title='bbox 2386 1391 2497 1443; x_wconf 80' lang='grc' dir='ltr'>ὅντι</span> <span class='ocrx_word' id='word_1_397' title='bbox 2529 1392 2624 1445; x_wconf 76' lang='grc' dir='ltr'>καὶ</span> <span class='ocrx_word' id='word_1_398' title='bbox 2655 1392 2918 1462; x_wconf 73' lang='grc' dir='ltr'><strong>σαρκίνης</strong></span> <span class='ocrx_word' id='word_1_399' title='bbox 2950 1393 3068 1445; x_wconf 83' lang='grc' dir='ltr'>ἐστὶ</span> <span class='ocrx_word' id='word_1_400' title='bbox 3095 1392 3329 1456; x_wconf 72' lang='grc' dir='ltr'>διανοίας</span> <span class='ocrx_word' id='word_1_401' title='bbox 3345 1395 3459 1455; x_wconf 68' lang='lat' dir='ltr'><strong>to”;</strong></span> <span class='ocrx_word' id='word_1_402' title='bbox 3479 1391 3722 1459; x_wconf 53' lang='grc' dir='ltr'>φθαρτοῖς</span> 
     </span>
    </p>
   </div>
   <div class='ocr_carea' id='block_1_59' title="bbox 2156 1484 3719 1556">
    <p class='ocr_par' dir='ltr' id='par_1_59' title="bbox 2156 1484 3719 1556">
     <span class='ocr_line' id='line_1_59' title="bbox 2156 1484 3719 1556; baseline 0.001 -19"><span class='ocrx_word' id='word_1_403' title='bbox 2156 1487 2251 1539; x_wconf 77' lang='grc' dir='ltr'>καὶ</span> <span class='ocrx_word' id='word_1_404' title='bbox 2291 1485 2651 1555; x_wconf 84' lang='grc' dir='ltr'>προσκαίροις</span> <span class='ocrx_word' id='word_1_405' title='bbox 2683 1485 2982 1556; x_wconf 76' lang='grc' dir='ltr'><strong>ἀφομοιοῦν</strong></span> <span class='ocrx_word' id='word_1_406' title='bbox 3031 1488 3097 1540; x_wconf 72' lang='grc' dir='ltr'>τὰ</span> <span class='ocrx_word' id='word_1_407' title='bbox 3138 1487 3307 1549; x_wconf 69' lang='grc' dir='ltr'>ἀΐδια,</span> <span class='ocrx_word' id='word_1_408' title='bbox 3344 1488 3441 1538; x_wconf 73' lang='grc' dir='ltr'><strong>καὶ</strong></span> <span class='ocrx_word' id='word_1_409' title='bbox 3501 1484 3719 1549; x_wconf 76' lang='grc' dir='ltr'>οἴεσθαι,</span> 
     </span>
    </p>
   </div>
   <div class='ocr_carea' id='block_1_60' title="bbox 2147 1575 3525 1648">
    <p class='ocr_par' dir='ltr' id='par_1_60' title="bbox 2147 1575 3525 1648">
     <span class='ocr_line' id='line_1_60' title="bbox 2147 1575 3525 1648; baseline -0.001 -18"><span class='ocrx_word' id='word_1_410' title='bbox 2147 1577 2251 1641; x_wconf 79' lang='grc' dir='ltr'>ὅτι,</span> <span class='ocrx_word' id='word_1_411' title='bbox 2283 1577 2356 1641; x_wconf 78' lang='grc' dir='ltr'>ὡς</span> <span class='ocrx_word' id='word_1_412' title='bbox 2384 1576 2454 1630; x_wconf 86' lang='grc' dir='ltr'>τὰ</span> <span class='ocrx_word' id='word_1_413' title='bbox 2486 1578 2801 1648; x_wconf 80' lang='grc' dir='ltr'>σωματικά,</span> <span class='ocrx_word' id='word_1_414' title='bbox 2829 1575 2971 1631; x_wconf 76' lang='grc' dir='ltr'>οὕτω</span> <span class='ocrx_word' id='word_1_415' title='bbox 3005 1579 3172 1647; x_wconf 85' lang='grc' dir='ltr'>γεννᾷ</span> <span class='ocrx_word' id='word_1_416' title='bbox 3194 1576 3286 1631; x_wconf 72' lang='grc' dir='ltr'>καὶ.</span> <span class='ocrx_word' id='word_1_417' title='bbox 3309 1578 3339 1631; x_wconf 80' lang='grc' dir='ltr'>ὁ</span> <span class='ocrx_word' id='word_1_418' title='bbox 3368 1576 3525 1637; x_wconf 74' lang='grc' dir='ltr'>Θεὸς.</span> 
     </span>
    </p>
   </div>
   <div class='ocr_carea' id='block_1_61' title="bbox 2155 1774 3721 1848">
    <p class='ocr_par' dir='ltr' id='par_1_61' title="bbox 2155 1774 3721 1848">
     <span class='ocr_line' id='line_1_61' title="bbox 2155 1774 3721 1848; baseline 0.003 -19"><span class='ocrx_word' id='word_1_419' title='bbox 2155 1776 2267 1830; x_wconf 84' lang='grc' dir='ltr'><strong>Τοῦ</strong></span> <span class='ocrx_word' id='word_1_420' title='bbox 2294 1776 2580 1848; x_wconf 18' lang='grc' dir='ltr'>αὑτοῦᾲέκ</span> <span class='ocrx_word' id='word_1_421' title='bbox 2607 1774 2719 1842; x_wconf 78' lang='grc' dir='ltr'>τῆς</span> <span class='ocrx_word' id='word_1_422' title='bbox 2738 1776 2898 1848; x_wconf 66' lang='grc' dir='ltr'>πρὸς</span> <span class='ocrx_word' id='word_1_423' title='bbox 2928 1777 3272 1833; x_wconf 76' lang='grc' dir='ltr'>Εὐστάθιον</span> <span class='ocrx_word' id='word_1_424' title='bbox 3298 1780 3408 1832; x_wconf 77' lang='grc' dir='ltr'>τὸν</span> <span class='ocrx_word' id='word_1_425' title='bbox 3437 1780 3721 1848; x_wconf 69' lang='grc' dir='ltr'>Ἀρμένιοι·</span> 
     </span>
    </p>
   </div>
   <div class='ocr_carea' id='block_1_62' title="bbox 2218 1845 3720 1978">
    <p class='ocr_par' dir='ltr' id='par_1_62' title="bbox 2218 1845 3720 1978">
     <span class='ocr_line' id='line_1_62' title="bbox 2218 1845 3720 1978; baseline 0.004 -79"><span class='ocrx_word' id='word_1_426' title='bbox 2218 1846 2578 1978; x_wconf 56' lang='grc' dir='ltr'>ἐπέστολῆς,</span> <span class='ocrx_word' id='word_1_427' title='bbox 2598 1845 2751 1901; x_wconf 81' lang='grc' dir='ltr'>κατά</span> <span class='ocrx_word' id='word_1_428' title='bbox 2786 1865 2966 1902; x_wconf 82' lang='grc' dir='ltr'>τινων</span> <span class='ocrx_word' id='word_1_429' title='bbox 3000 1845 3509 1921; x_wconf 74' lang='grc' dir='ltr'>ὑποπτευομένωῦ</span> <span class='ocrx_word' id='word_1_430' title='bbox 3531 1845 3720 1920; x_wconf 67' lang='grc' dir='ltr'>ὀρείας</span> 
     </span>
     <span class='ocr_line' id='line_1_63' title="bbox 2218 1924 2423 1971; baseline 0.005 -1"><span class='ocrx_word' id='word_1_431' title='bbox 2218 1924 2279 1970; x_wconf 80' lang='grc' dir='ltr'>νί</span> <span class='ocrx_word' id='word_1_432' title='bbox 2311 1936 2423 1971; x_wconf 77' lang='grc' dir='ltr'>ειν.</span> 
     </span>
    </p>
   </div>
   <div class='ocr_carea' id='block_1_63' title="bbox 2219 2013 3720 2087">
    <p class='ocr_par' dir='ltr' id='par_1_63' title="bbox 2219 2013 3720 2087">
     <span class='ocr_line' id='line_1_64' title="bbox 2219 2013 3720 2087; baseline 0.005 -24"><span class='ocrx_word' id='word_1_433' title='bbox 2219 2013 2497 2082; x_wconf 80' lang='grc' dir='ltr'>Προσήκει</span> <span class='ocrx_word' id='word_1_434' title='bbox 2539 2014 2724 2067; x_wconf 86' lang='grc' dir='ltr'>τοίνυν</span> <span class='ocrx_word' id='word_1_435' title='bbox 2766 2014 3018 2085; x_wconf 78' lang='grc' dir='ltr'>ἐναργῶς</span> <span class='ocrx_word' id='word_1_436' title='bbox 3062 2014 3263 2079; x_wconf 80' lang='grc' dir='ltr'>αὐτοὺς</span> <span class='ocrx_word' id='word_1_437' title='bbox 3304 2016 3615 2087; x_wconf 75' lang='grc' dir='ltr'><strong>ὁμολογεῖν,</strong></span> <span class='ocrx_word' id='word_1_438' title='bbox 3652 2019 3720 2070; x_wconf 79' lang='grc' dir='ltr'><strong>ὅτι</strong></span> 
     </span>
    </p>
   </div>
   <div class='ocr_carea' id='block_1_64' title="bbox 2148 2102 3719 2184">
    <p class='ocr_par' dir='ltr' id='par_1_64' title="bbox 2148 2102 3719 2184">
     <span class='ocr_line' id='line_1_65' title="bbox 2148 2102 3719 2184; baseline 0.003 -27"><span class='ocrx_word' id='word_1_439' title='bbox 2148 2102 2469 2159; x_wconf 75' lang='grc' dir='ltr'>πιστεύουσι</span> <span class='ocrx_word' id='word_1_440' title='bbox 2515 2109 2659 2161; x_wconf 85' lang='grc' dir='ltr'>κατὰ</span> <span class='ocrx_word' id='word_1_441' title='bbox 2698 2108 2768 2160; x_wconf 80' lang='grc' dir='ltr'>τὰ</span> <span class='ocrx_word' id='word_1_442' title='bbox 2799 2109 3026 2179; x_wconf 76' lang='grc' dir='ltr'>ῥήματα</span> <span class='ocrx_word' id='word_1_443' title='bbox 3065 2108 3134 2162; x_wconf 79' lang='grc' dir='ltr'>τὰ</span> <span class='ocrx_word' id='word_1_444' title='bbox 3179 2108 3284 2163; x_wconf 77' lang='grc' dir='ltr'>ὑπὸ</span> <span class='ocrx_word' id='word_1_445' title='bbox 3322 2110 3435 2163; x_wconf 84' lang='grc' dir='ltr'><strong>τῶν</strong></span> <span class='ocrx_word' id='word_1_446' title='bbox 3479 2112 3719 2184; x_wconf 79' lang='grc' dir='ltr'>Πατέρων</span> 
     </span>
    </p>
   </div>
   <div class='ocr_carea' id='block_1_65' title="bbox 2147 2196 3719 2275">
    <p class='ocr_par' dir='ltr' id='par_1_65' title="bbox 2147 2196 3719 2275">
     <span class='ocr_line' id='line_1_66' title="bbox 2147 2196 3719 2275; baseline 0.008 -29"><span class='ocrx_word' id='word_1_447' title='bbox 2147 2196 2304 2266; x_wconf 74' lang='grc' dir='ltr'>ἡμῶν</span> <span class='ocrx_word' id='word_1_448' title='bbox 2334 2198 2631 2253; x_wconf 74' lang='grc' dir='ltr'>ἐκτεθέντα</span> <span class='ocrx_word' id='word_1_449' title='bbox 2666 2200 2724 2253; x_wconf 85' lang='grc' dir='ltr'><strong>ἐν</strong></span> <span class='ocrx_word' id='word_1_450' title='bbox 2755 2202 2820 2272; x_wconf 81' lang='grc' dir='ltr'>τῇ</span> <span class='ocrx_word' id='word_1_451' title='bbox 2854 2200 3097 2270; x_wconf 73' lang='grc' dir='ltr'>Νικαίᾳ,</span> <span class='ocrx_word' id='word_1_452' title='bbox 3133 2200 3229 2255; x_wconf 76' lang='grc' dir='ltr'>καὶ</span> <span class='ocrx_word' id='word_1_453' title='bbox 3264 2203 3407 2255; x_wconf 66' lang='lat' dir='ltr'><strong>uti</strong></span> <span class='ocrx_word' id='word_1_454' title='bbox 3438 2204 3542 2274; x_wconf 79' lang='grc' dir='ltr'>τὴν</span> <span class='ocrx_word' id='word_1_455' title='bbox 3572 2204 3719 2275; x_wconf 78' lang='grc' dir='ltr'>ὑγιῶς</span> 
     </span>
    </p>
   </div>
   <div class='ocr_carea' id='block_1_66' title="bbox 2148 2289 3717 2366">
    <p class='ocr_par' dir='ltr' id='par_1_66' title="bbox 2148 2289 3717 2366">
     <span class='ocr_line' id='line_1_67' title="bbox 2148 2289 3717 2366; baseline 0.008 -25"><span class='ocrx_word' id='word_1_456' title='bbox 2148 2289 2252 2342; x_wconf 80' lang='grc' dir='ltr'><strong>ὑπὸ</strong></span> <span class='ocrx_word' id='word_1_457' title='bbox 2297 2290 2406 2345; x_wconf 88' lang='grc' dir='ltr'><strong>τῶν</strong></span> <span class='ocrx_word' id='word_1_458' title='bbox 2453 2292 2721 2363; x_wconf 78' lang='grc' dir='ltr'><strong>ῥημάτων</strong></span> <span class='ocrx_word' id='word_1_459' title='bbox 2763 2292 2973 2346; x_wconf 83' lang='grc' dir='ltr'>τούτων</span> <span class='ocrx_word' id='word_1_460' title='bbox 3017 2294 3434 2366; x_wconf 75' lang='grc' dir='ltr'>ἐμφαινομένην</span> <span class='ocrx_word' id='word_1_461' title='bbox 3474 2296 3717 2353; x_wconf 84' lang='grc' dir='ltr'>διάνοιαν.</span> 
     </span>
    </p>
   </div>
   <div class='ocr_carea' id='block_1_67' title="bbox 2148 2382 3718 2459">
    <p class='ocr_par' dir='ltr' id='par_1_67' title="bbox 2148 2382 3718 2459">
     <span class='ocr_line' id='line_1_68' title="bbox 2148 2382 3718 2459; baseline 0.005 -24"><span class='ocrx_word' id='word_1_462' title='bbox 2148 2382 2272 2435; x_wconf 74' lang='grc' dir='ltr'>Είσὶ</span> <span class='ocrx_word' id='word_1_463' title='bbox 2306 2383 2414 2454; x_wconf 87' lang='grc' dir='ltr'><strong>γάρ</strong></span> <span class='ocrx_word' id='word_1_464' title='bbox 2444 2401 2593 2449; x_wconf 87' lang='grc' dir='ltr'>τινες</span> <span class='ocrx_word' id='word_1_465' title='bbox 2626 2386 2676 2437; x_wconf 86' lang='grc' dir='ltr'><strong>οί</strong></span> <span class='ocrx_word' id='word_1_466' title='bbox 2710 2386 2807 2439; x_wconf 76' lang='grc' dir='ltr'><strong>καὶ</strong></span> <span class='ocrx_word' id='word_1_467' title='bbox 2844 2386 2902 2438; x_wconf 81' lang='grc' dir='ltr'>ὲν</span> <span class='ocrx_word' id='word_1_468' title='bbox 2931 2385 3107 2459; x_wconf 76' lang='grc' dir='ltr'>ταύτῃ</span> <span class='ocrx_word' id='word_1_469' title='bbox 3138 2390 3202 2458; x_wconf 82' lang='grc' dir='ltr'>τῇ</span> <span class='ocrx_word' id='word_1_470' title='bbox 3237 2388 3423 2441; x_wconf 82' lang='grc' dir='ltr'>πίστει</span> <span class='ocrx_word' id='word_1_471' title='bbox 3451 2389 3718 2458; x_wconf 75' lang='grc' dir='ltr'>δηλοῦντες</span> 
     </span>
    </p>
   </div>
   <div class='ocr_carea' id='block_1_68' title="bbox 2145 2474 3717 2552">
    <p class='ocr_par' dir='ltr' id='par_1_68' title="bbox 2145 2474 3717 2552">
     <span class='ocr_line' id='line_1_69' title="bbox 2145 2474 3717 2552; baseline 0.005 -25"><span class='ocrx_word' id='word_1_472' title='bbox 2145 2475 2236 2527; x_wconf 78' lang='grc' dir='ltr'><strong>τὸν</strong></span> <span class='ocrx_word' id='word_1_473' title='bbox 2276 2474 2438 2545; x_wconf 79' lang='grc' dir='ltr'>λόγον</span> <span class='ocrx_word' id='word_1_474' title='bbox 2474 2476 2574 2546; x_wconf 86' lang='grc' dir='ltr'>τῆς</span> <span class='ocrx_word' id='word_1_475' title='bbox 2613 2476 2898 2548; x_wconf 80' lang='grc' dir='ltr'>ἀληθείας,</span> <span class='ocrx_word' id='word_1_476' title='bbox 2938 2479 3033 2533; x_wconf 73' lang='grc' dir='ltr'><strong>καὶ</strong></span> <span class='ocrx_word' id='word_1_477' title='bbox 3076 2479 3213 2551; x_wconf 74' lang='grc' dir='ltr'>πρὸς</span> <span class='ocrx_word' id='word_1_478' title='bbox 3252 2482 3314 2534; x_wconf 81' lang='grc' dir='ltr'><strong>τὸ</strong></span> <span class='ocrx_word' id='word_1_479' title='bbox 3354 2482 3571 2536; x_wconf 79' lang='grc' dir='ltr'>ἑαυτῶν</span> <span class='ocrx_word' id='word_1_480' title='bbox 3611 2483 3717 2552; x_wconf 54' lang='lat' dir='ltr'><strong>Boi-</strong></span> 
     </span>
    </p>
   </div>
   <div class='ocr_carea' id='block_1_69' title="bbox 2144 2568 3714 2644">
    <p class='ocr_par' dir='ltr' id='par_1_69' title="bbox 2144 2568 3714 2644">
     <span class='ocr_line' id='line_1_70' title="bbox 2144 2568 3714 2644; baseline 0.006 -23"><span class='ocrx_word' id='word_1_481' title='bbox 2144 2568 2211 2638; x_wconf 83' lang='grc' dir='ltr'><strong>λη</strong></span> <span class='ocrx_word' id='word_1_482' title='bbox 2221 2586 2296 2640; x_wconf 85' lang='grc' dir='ltr'><strong>μα</strong></span> <span class='ocrx_word' id='word_1_483' title='bbox 2322 2570 2414 2624; x_wconf 79' lang='grc' dir='ltr'>τὸν</span> <span class='ocrx_word' id='word_1_484' title='bbox 2440 2569 2565 2624; x_wconf 82' lang='grc' dir='ltr'>νοῦν</span> <span class='ocrx_word' id='word_1_485' title='bbox 2592 2570 2703 2627; x_wconf 89' lang='grc' dir='ltr'><strong>τῶν</strong></span> <span class='ocrx_word' id='word_1_486' title='bbox 2728 2572 2787 2624; x_wconf 88' lang='grc' dir='ltr'><strong>ἐν</strong></span> <span class='ocrx_word' id='word_1_487' title='bbox 2814 2572 2955 2642; x_wconf 81' lang='grc' dir='ltr'>αὑτῇ</span> <span class='ocrx_word' id='word_1_488' title='bbox 2988 2573 3256 2644; x_wconf 80' lang='grc' dir='ltr'>ῥημάτων</span> <span class='ocrx_word' id='word_1_489' title='bbox 3280 2575 3537 2642; x_wconf 74' lang='grc' dir='ltr'>ἕλκοντες</span> <span class='ocrx_word' id='word_1_490' title='bbox 3556 2594 3571 2608; x_wconf 79' lang='grc' dir='ltr'><strong>ο</strong></span> <span class='ocrx_word' id='word_1_491' title='bbox 3600 2578 3714 2631; x_wconf 75' lang='grc' dir='ltr'>ὅπου</span> 
     </span>
    </p>
   </div>
   <div class='ocr_carea' id='block_1_70' title="bbox 2146 2662 3715 2740">
    <p class='ocr_par' dir='ltr' id='par_1_70' title="bbox 2146 2662 3715 2740">
     <span class='ocr_line' id='line_1_71' title="bbox 2146 2662 3715 2740; baseline 0.006 -24"><span class='ocrx_word' id='word_1_492' title='bbox 2146 2680 2207 2732; x_wconf 83' lang='grc' dir='ltr'><strong>γε</strong></span> <span class='ocrx_word' id='word_1_493' title='bbox 2250 2662 2346 2717; x_wconf 76' lang='grc' dir='ltr'><strong>καὶ</strong></span> <span class='ocrx_word' id='word_1_494' title='bbox 2388 2662 2712 2734; x_wconf 83' lang='grc' dir='ltr'>Μάρκελλος</span> <span class='ocrx_word' id='word_1_495' title='bbox 2752 2664 3056 2737; x_wconf 84' lang='grc' dir='ltr'>ἐτόλμησεν</span> <span class='ocrx_word' id='word_1_496' title='bbox 3096 2667 3311 2722; x_wconf 77' lang='grc' dir='ltr'>ἀσεϐῶν</span> <span class='ocrx_word' id='word_1_497' title='bbox 3350 2669 3430 2732; x_wconf 85' lang='grc' dir='ltr'><strong>είς</strong></span> <span class='ocrx_word' id='word_1_498' title='bbox 3466 2670 3564 2740; x_wconf 70' lang='grc' dir='ltr'>τὴν</span> <span class='ocrx_word' id='word_1_499' title='bbox 3601 2670 3715 2725; x_wconf 64' lang='lat'><strong>6:6-</strong></span> 
     </span>
    </p>
   </div>
   <div class='ocr_carea' id='block_1_71' title="bbox 2147 2755 3713 2833">
    <p class='ocr_par' dir='ltr' id='par_1_71' title="bbox 2147 2755 3713 2833">
     <span class='ocr_line' id='line_1_72' title="bbox 2147 2755 3713 2833; baseline 0.004 -25"><span class='ocrx_word' id='word_1_500' title='bbox 2147 2773 2337 2810; x_wconf 82' lang='grc' dir='ltr'>στασιν</span> <span class='ocrx_word' id='word_1_501' title='bbox 2368 2755 2464 2811; x_wconf 82' lang='grc' dir='ltr'><strong>τοῦ</strong></span> <span class='ocrx_word' id='word_1_502' title='bbox 2496 2757 2712 2827; x_wconf 86' lang='grc' dir='ltr'>Κυρίου</span> <span class='ocrx_word' id='word_1_503' title='bbox 2744 2757 2902 2830; x_wconf 76' lang='grc' dir='ltr'>ἡμῶν</span> <span class='ocrx_word' id='word_1_504' title='bbox 2936 2757 3112 2829; x_wconf 81' lang='grc' dir='ltr'>Ἰησοῦ</span> <span class='ocrx_word' id='word_1_505' title='bbox 3146 2759 3386 2830; x_wconf 79' lang='grc' dir='ltr'>Χριστοῦ</span> <span class='ocrx_word' id='word_1_506' title='bbox 3407 2799 3425 2827; x_wconf 89' lang='grc'><strong>,</strong></span> <span class='ocrx_word' id='word_1_507' title='bbox 3458 2764 3551 2817; x_wconf 79' lang='grc' dir='ltr'><strong>καὶ</strong></span> <span class='ocrx_word' id='word_1_508' title='bbox 3580 2764 3713 2833; x_wconf 76' lang='grc' dir='ltr'>ψιλὸν</span> 
     </span>
    </p>
   </div>
   <div class='ocr_carea' id='block_1_72' title="bbox 2145 2848 3712 2923">
    <p class='ocr_par' dir='ltr' id='par_1_72' title="bbox 2145 2848 3712 2923">
     <span class='ocr_line' id='line_1_73' title="bbox 2145 2848 3712 2923; baseline 0.006 -22"><span class='ocrx_word' id='word_1_509' title='bbox 2145 2849 2309 2901; x_wconf 81' lang='grc' dir='ltr'>αὑτὸν</span> <span class='ocrx_word' id='word_1_510' title='bbox 2334 2848 2702 2920; x_wconf 74' lang='grc' dir='ltr'>ἐξηγούμενος</span> <span class='ocrx_word' id='word_1_511' title='bbox 2727 2849 2887 2921; x_wconf 87' lang='grc' dir='ltr'>λόγον</span> <span class='ocrx_word' id='word_1_512' title='bbox 2915 2851 3128 2907; x_wconf 82' lang='grc' dir='ltr'>ἐκεῖθεν</span> <span class='ocrx_word' id='word_1_513' title='bbox 3155 2855 3608 2923; x_wconf 81' lang='grc' dir='ltr'>προφασίσασθαι</span> <span class='ocrx_word' id='word_1_514' title='bbox 3630 2858 3712 2918; x_wconf 71' lang='lat' dir='ltr'><strong>si;</strong></span> 
     </span>
    </p>
   </div>
   <div class='ocr_carea' id='block_1_73' title="bbox 2145 2939 3711 3016">
    <p class='ocr_par' dir='ltr' id='par_1_73' title="bbox 2145 2939 3711 3016">
     <span class='ocr_line' id='line_1_74' title="bbox 2145 2939 3711 3016; baseline 0.004 -22"><span class='ocrx_word' id='word_1_515' title='bbox 2145 2939 2319 3010; x_wconf 78' lang='grc' dir='ltr'>ἀρχὰς</span> <span class='ocrx_word' id='word_1_516' title='bbox 2350 2940 2633 3010; x_wconf 84' lang='grc' dir='ltr'>εἰληφέναι</span> <span class='ocrx_word' id='word_1_517' title='bbox 2662 2940 2756 2995; x_wconf 89' lang='grc' dir='ltr'><strong>τοῦ</strong></span> <span class='ocrx_word' id='word_1_518' title='bbox 2787 2942 3111 3013; x_wconf 80' lang='grc' dir='ltr'>ὀμοουσίου,</span> <span class='ocrx_word' id='word_1_519' title='bbox 3144 2947 3243 3016; x_wconf 81' lang='grc' dir='ltr'>τὴν</span> <span class='ocrx_word' id='word_1_520' title='bbox 3271 2946 3515 3003; x_wconf 84' lang='grc' dir='ltr'>διάνοιαν</span> <span class='ocrx_word' id='word_1_521' title='bbox 3544 2953 3711 3014; x_wconf 69' lang='grc' dir='ltr'>κακῶς</span> 
     </span>
    </p>
   </div>
   <div class='ocr_carea' id='block_1_74' title="bbox 2144 3030 3712 3106">
    <p class='ocr_par' dir='ltr' id='par_1_74' title="bbox 2144 3030 3712 3106">
     <span class='ocr_line' id='line_1_75' title="bbox 2144 3030 3712 3106; baseline 0.008 -23"><span class='ocrx_word' id='word_1_522' title='bbox 2144 3030 2533 3101; x_wconf 76' lang='grc' dir='ltr'>ἐξηγούμενος.</span> <span class='ocrx_word' id='word_1_523' title='bbox 2568 3033 2677 3089; x_wconf 84' lang='grc' dir='ltr'>Καί</span> <span class='ocrx_word' id='word_1_524' title='bbox 2707 3051 2853 3100; x_wconf 90' lang='grc' dir='ltr'>τινες</span> <span class='ocrx_word' id='word_1_525' title='bbox 2882 3036 2993 3090; x_wconf 87' lang='grc' dir='ltr'><strong>τῶν</strong></span> <span class='ocrx_word' id='word_1_526' title='bbox 3021 3038 3131 3091; x_wconf 84' lang='grc' dir='ltr'>ἀπὸ</span> <span class='ocrx_word' id='word_1_527' title='bbox 3161 3039 3258 3104; x_wconf 88' lang='grc' dir='ltr'>τῆς</span> <span class='ocrx_word' id='word_1_528' title='bbox 3288 3039 3606 3106; x_wconf 78' lang='grc' dir='ltr'>δυσσεσείας</span> <span class='ocrx_word' id='word_1_529' title='bbox 3631 3042 3712 3095; x_wconf 78' lang='grc' dir='ltr'><strong>τοῦ</strong></span> 
     </span>
    </p>
   </div>
   <div class='ocr_carea' id='block_1_75' title="bbox 2144 3122 3711 3195">
    <p class='ocr_par' dir='ltr' id='par_1_75' title="bbox 2144 3122 3711 3195">
     <span class='ocr_line' id='line_1_76' title="bbox 2144 3122 3711 3195; baseline 0.005 -16"><span class='ocrx_word' id='word_1_530' title='bbox 2144 3126 2343 3189; x_wconf 79' lang='grc' dir='ltr'>Λίδυος</span> <span class='ocrx_word' id='word_1_531' title='bbox 2370 3122 2693 3195; x_wconf 77' lang='grc' dir='ltr'>Σαὸελλίου,</span> <span class='ocrx_word' id='word_1_532' title='bbox 2721 3128 3020 3186; x_wconf 82' lang='grc' dir='ltr'>ὑπόστασιν</span> <span class='ocrx_word' id='word_1_533' title='bbox 3046 3132 3138 3185; x_wconf 80' lang='grc' dir='ltr'>καὶ</span> <span class='ocrx_word' id='word_1_534' title='bbox 3160 3132 3351 3187; x_wconf 89' lang='grc' dir='ltr'>οὑσίαν</span> <span class='ocrx_word' id='word_1_535' title='bbox 3374 3135 3569 3189; x_wconf 79' lang='grc' dir='ltr'>ταυτὸν</span> <span class='ocrx_word' id='word_1_536' title='bbox 3590 3132 3711 3189; x_wconf 75' lang='grc' dir='ltr'>εἶναι</span> 
     </span>
    </p>
   </div>
   <div class='ocr_carea' id='block_1_76' title="bbox 2145 3217 3712 3297">
    <p class='ocr_par' dir='ltr' id='par_1_76' title="bbox 2145 3217 3712 3297">
     <span class='ocr_line' id='line_1_77' title="bbox 2145 3217 3712 3297; baseline 0.008 -29"><span class='ocrx_word' id='word_1_537' title='bbox 2145 3217 2653 3288; x_wconf 76' lang='grc' dir='ltr'>ὑπολαμϐάνοντες,</span> <span class='ocrx_word' id='word_1_538' title='bbox 2682 3222 2898 3277; x_wconf 71' lang='grc' dir='ltr'>ἐκεῖθεν</span> <span class='ocrx_word' id='word_1_539' title='bbox 2929 3223 3151 3278; x_wconf 85' lang='grc' dir='ltr'>ἐλκουσι</span> <span class='ocrx_word' id='word_1_540' title='bbox 3178 3228 3279 3289; x_wconf 81' lang='grc' dir='ltr'>τὰς</span> <span class='ocrx_word' id='word_1_541' title='bbox 3309 3227 3565 3297; x_wconf 76' lang='grc' dir='ltr'>ἀφορμὰς</span> <span class='ocrx_word' id='word_1_542' title='bbox 3592 3232 3712 3297; x_wconf 66' lang='lat' dir='ltr'><strong>np‘);</strong></span> 
     </span>
    </p>
   </div>
   <div class='ocr_carea' id='block_1_77' title="bbox 2142 3311 3710 3390">
    <p class='ocr_par' dir='ltr' id='par_1_77' title="bbox 2142 3311 3710 3390">
     <span class='ocr_line' id='line_1_78' title="bbox 2142 3311 3710 3390; baseline 0.008 -29"><span class='ocrx_word' id='word_1_543' title='bbox 2142 3311 2241 3373; x_wconf 83' lang='grc' dir='ltr'><strong>τὴν</strong></span> <span class='ocrx_word' id='word_1_544' title='bbox 2290 3312 2640 3383; x_wconf 80' lang='grc' dir='ltr'>κατασκευὴν</span> <span class='ocrx_word' id='word_1_545' title='bbox 2686 3313 2789 3383; x_wconf 84' lang='grc' dir='ltr'>τῆς</span> <span class='ocrx_word' id='word_1_546' title='bbox 2835 3316 3051 3370; x_wconf 85' lang='grc' dir='ltr'>ἐαυτῶν</span> <span class='ocrx_word' id='word_1_547' title='bbox 3100 3317 3477 3390; x_wconf 82' lang='grc' dir='ltr'>βλασφημίας,</span> <span class='ocrx_word' id='word_1_548' title='bbox 3522 3321 3583 3373; x_wconf 75' lang='grc' dir='ltr'>ἐκ</span> <span class='ocrx_word' id='word_1_549' title='bbox 3621 3324 3710 3373; x_wconf 83' lang='grc' dir='ltr'><strong>τοῦ</strong></span> 
     </span>
    </p>
   </div>
   <div class='ocr_carea' id='block_1_78' title="bbox 2142 3396 3709 3482">
    <p class='ocr_par' dir='ltr' id='par_1_78' title="bbox 2142 3396 3709 3482">
     <span class='ocr_line' id='line_1_79' title="bbox 2142 3396 3709 3482; baseline 0.011 -35"><span class='ocrx_word' id='word_1_550' title='bbox 2142 3396 2520 3468; x_wconf 81' lang='grc' dir='ltr'>ἐγγεγράφθαι</span> <span class='ocrx_word' id='word_1_551' title='bbox 2561 3403 2627 3471; x_wconf 81' lang='grc' dir='ltr'>τῇ</span> <span class='ocrx_word' id='word_1_552' title='bbox 2661 3401 2871 3467; x_wconf 80' lang='grc' dir='ltr'>πίστει,</span> <span class='ocrx_word' id='word_1_553' title='bbox 2898 3404 2983 3458; x_wconf 82' lang='grc' dir='ltr'>ὅτι</span> <span class='ocrx_word' id='word_1_554' title='bbox 3029 3405 3157 3461; x_wconf 79' lang='grc' dir='ltr'><strong>Ἐάν</strong></span> <span class='ocrx_word' id='word_1_555' title='bbox 3181 3407 3235 3460; x_wconf 78' lang='grc' dir='ltr'>δέ</span> <span class='ocrx_word' id='word_1_556' title='bbox 3263 3426 3347 3472; x_wconf 91' lang='grc' dir='ltr'><strong>τις</strong></span> <span class='ocrx_word' id='word_1_557' title='bbox 3372 3410 3504 3482; x_wconf 75' lang='grc' dir='ltr'>λέγῃ</span> <span class='ocrx_word' id='word_1_558' title='bbox 3531 3413 3584 3477; x_wconf 77' lang='grc' dir='ltr'>ἐξ</span> <span class='ocrx_word' id='word_1_559' title='bbox 3608 3411 3709 3464; x_wconf 60' lang='lat' dir='ltr'><strong>at.</strong></span> 
     </span>
    </p>
   </div>
   <div class='ocr_carea' id='block_1_79' title="bbox 2146 3492 3709 3568">
    <p class='ocr_par' dir='ltr' id='par_1_79' title="bbox 2146 3492 3709 3568">
     <span class='ocr_line' id='line_1_80' title="bbox 2146 3492 3709 3568; baseline 0.012 -27"><span class='ocrx_word' id='word_1_560' title='bbox 2146 3507 2243 3559; x_wconf 89' lang='grc' dir='ltr'><strong>ρας</strong></span> <span class='ocrx_word' id='word_1_561' title='bbox 2287 3492 2476 3555; x_wconf 81' lang='grc' dir='ltr'>οὐσίας</span> <span class='ocrx_word' id='word_1_562' title='bbox 2519 3493 2551 3565; x_wconf 83' lang='grc' dir='ltr'>ἢ</span> <span class='ocrx_word' id='word_1_563' title='bbox 2600 3495 2955 3562; x_wconf 81' lang='grc' dir='ltr'>ὑποστάσεως</span> <span class='ocrx_word' id='word_1_564' title='bbox 2993 3500 3087 3555; x_wconf 77' lang='grc' dir='ltr'>τὸν</span> <span class='ocrx_word' id='word_1_565' title='bbox 3126 3502 3274 3568; x_wconf 81' lang='grc' dir='ltr'>Υίὸν,</span> <span class='ocrx_word' id='word_1_566' title='bbox 3313 3504 3505 3559; x_wconf 86' lang='grc' dir='ltr'>τοῦτον</span> <span class='ocrx_word' id='word_1_567' title='bbox 3536 3505 3709 3560; x_wconf 62' lang='grc' dir='ltr'>ἀναθε-</span> 
     </span>
    </p>
   </div>
   <div class='ocr_carea' id='block_1_80' title="bbox 2145 3585 3702 3669">
    <p class='ocr_par' dir='ltr' id='par_1_80' title="bbox 2145 3585 3702 3669">
     <span class='ocr_line' id='line_1_81' title="bbox 2145 3585 3702 3669; baseline 0.009 -32"><span class='ocrx_word' id='word_1_568' title='bbox 2145 3585 2363 3654; x_wconf 79' lang='grc' dir='ltr'>ματίζει</span> <span class='ocrx_word' id='word_1_569' title='bbox 2408 3587 2441 3657; x_wconf 80' lang='grc' dir='ltr'>ἡ</span> <span class='ocrx_word' id='word_1_570' title='bbox 2482 3587 2748 3661; x_wconf 78' lang='grc' dir='ltr'>καθολικὴ</span> <span class='ocrx_word' id='word_1_571' title='bbox 2793 3592 2889 3643; x_wconf 70' lang='grc' dir='ltr'><strong>καὶ</strong></span> <span class='ocrx_word' id='word_1_572' title='bbox 2929 3593 3265 3665; x_wconf 82' lang='grc' dir='ltr'>ἀποστολικὴ</span> <span class='ocrx_word' id='word_1_573' title='bbox 3294 3597 3603 3669; x_wconf 83' lang='grc' dir='ltr'>Ἐκκλησία.</span> <span class='ocrx_word' id='word_1_574' title='bbox 3634 3600 3702 3653; x_wconf 86' lang='grc' dir='ltr'>Οὑ</span> 
     </span>
    </p>
   </div>
   <div class='ocr_carea' id='block_1_81' title="bbox 2143 3674 3706 3759">
    <p class='ocr_par' dir='ltr' id='par_1_81' title="bbox 2143 3674 3706 3759">
     <span class='ocr_line' id='line_1_82' title="bbox 2143 3674 3706 3759; baseline 0.012 -34"><span class='ocrx_word' id='word_1_575' title='bbox 2143 3676 2252 3745; x_wconf 78' lang='grc' dir='ltr'>γὰρ</span> <span class='ocrx_word' id='word_1_576' title='bbox 2284 3677 2484 3730; x_wconf 81' lang='grc' dir='ltr'>ταυτὸν</span> <span class='ocrx_word' id='word_1_577' title='bbox 2511 3674 2664 3731; x_wconf 78' lang='grc' dir='ltr'>εἶπον</span> <span class='ocrx_word' id='word_1_578' title='bbox 2690 3681 2811 3733; x_wconf 74' lang='grc' dir='ltr'>ἐκεῖ</span> <span class='ocrx_word' id='word_1_579' title='bbox 2837 3682 3029 3737; x_wconf 80' lang='grc' dir='ltr'>οὐσίαν</span> <span class='ocrx_word' id='word_1_580' title='bbox 3056 3684 3151 3737; x_wconf 78' lang='grc' dir='ltr'><strong>καὶ</strong></span> <span class='ocrx_word' id='word_1_581' title='bbox 3181 3685 3499 3741; x_wconf 81' lang='grc' dir='ltr'>ὑπόστασιν.</span> <span class='ocrx_word' id='word_1_582' title='bbox 3528 3690 3584 3743; x_wconf 83' lang='lat' dir='ltr'><strong>Ei</strong></span> <span class='ocrx_word' id='word_1_583' title='bbox 3610 3691 3706 3759; x_wconf 72' lang='grc' dir='ltr'>γὰρ</span> 
     </span>
    </p>
   </div>
   <div class='ocr_carea' id='block_1_82' title="bbox 2149 3766 3703 3849">
    <p class='ocr_par' dir='ltr' id='par_1_82' title="bbox 2149 3766 3703 3849">
     <span class='ocr_line' id='line_1_83' title="bbox 2149 3766 3703 3849; baseline 0.008 -32"><span class='ocrx_word' id='word_1_584' title='bbox 2149 3766 2278 3836; x_wconf 89' lang='grc' dir='ltr'>μίαν</span> <span class='ocrx_word' id='word_1_585' title='bbox 2314 3768 2408 3821; x_wconf 74' lang='grc' dir='ltr'><strong>καὶ</strong></span> <span class='ocrx_word' id='word_1_586' title='bbox 2442 3768 2542 3839; x_wconf 83' lang='grc' dir='ltr'><strong>τὴν</strong></span> <span class='ocrx_word' id='word_1_587' title='bbox 2576 3770 2749 3841; x_wconf 83' lang='grc' dir='ltr'>αὐτὴν</span> <span class='ocrx_word' id='word_1_588' title='bbox 2783 3771 3011 3843; x_wconf 79' lang='grc' dir='ltr'>ἐδήλουν</span> <span class='ocrx_word' id='word_1_589' title='bbox 3048 3774 3261 3829; x_wconf 81' lang='grc' dir='ltr'>ἔννοιαν</span> <span class='ocrx_word' id='word_1_590' title='bbox 3295 3779 3350 3831; x_wconf 79' lang='lat' dir='ltr'><strong>eti</strong></span> <span class='ocrx_word' id='word_1_591' title='bbox 3396 3780 3601 3849; x_wconf 80' lang='grc' dir='ltr'>φωναὶ,</span> <span class='ocrx_word' id='word_1_592' title='bbox 3630 3783 3703 3842; x_wconf 79' lang='grc' dir='ltr'><strong>τίς</strong></span> 
     </span>
    </p>
   </div>
   <div class='ocr_carea' id='block_1_83' title="bbox 2139 3855 3704 3947">
    <p class='ocr_par' dir='ltr' id='par_1_83' title="bbox 2139 3855 3704 3947">
     <span class='ocr_line' id='line_1_84' title="bbox 2139 3855 3704 3947; baseline 0.01 -34"><span class='ocrx_word' id='word_1_593' title='bbox 2139 3860 2299 3929; x_wconf 83' lang='grc' dir='ltr'>χρεία</span> <span class='ocrx_word' id='word_1_594' title='bbox 2330 3855 2401 3933; x_wconf 81' lang='grc' dir='ltr'>ἦν</span> <span class='ocrx_word' id='word_1_595' title='bbox 2430 3862 2741 3931; x_wconf 79' lang='grc' dir='ltr'>ἐκατέρων;</span> <span class='ocrx_word' id='word_1_596' title='bbox 2772 3865 2933 3920; x_wconf 81' lang='grc' dir='ltr'>Ἀλλὰ</span> <span class='ocrx_word' id='word_1_597' title='bbox 2964 3867 3124 3939; x_wconf 82' lang='grc' dir='ltr'>δῆλον</span> <span class='ocrx_word' id='word_1_598' title='bbox 3155 3873 3231 3933; x_wconf 85' lang='grc' dir='ltr'><strong>ὡς</strong></span> <span class='ocrx_word' id='word_1_599' title='bbox 3261 3872 3373 3927; x_wconf 80' lang='grc' dir='ltr'><strong>τῶν</strong></span> <span class='ocrx_word' id='word_1_600' title='bbox 3408 3876 3507 3943; x_wconf 74' lang='grc' dir='ltr'>μὲν</span> <span class='ocrx_word' id='word_1_601' title='bbox 3536 3877 3704 3947; x_wconf 83' lang='grc' dir='ltr'>ἀρνου-</span> 
     </span>
    </p>
   </div>
   <div class='ocr_carea' id='block_1_84' title="bbox 2142 3954 3699 4039">
    <p class='ocr_par' dir='ltr' id='par_1_84' title="bbox 2142 3954 3699 4039">
     <span class='ocr_line' id='line_1_85' title="bbox 2142 3954 3699 4039; baseline 0.011 -35"><span class='ocrx_word' id='word_1_602' title='bbox 2142 3954 2319 4022; x_wconf 88' lang='grc' dir='ltr'>μένων</span> <span class='ocrx_word' id='word_1_603' title='bbox 2369 3956 2433 4007; x_wconf 64' lang='lat' dir='ltr'><strong><em>lx</em></strong></span> <span class='ocrx_word' id='word_1_604' title='bbox 2483 3954 2586 4026; x_wconf 83' lang='grc' dir='ltr'><strong>τῆς</strong></span> <span class='ocrx_word' id='word_1_605' title='bbox 2641 3958 2832 4022; x_wconf 85' lang='grc' dir='ltr'>οὐσίας</span> <span class='ocrx_word' id='word_1_606' title='bbox 2883 3955 3026 4015; x_wconf 71' lang='grc' dir='ltr'>εἷναι</span> <span class='ocrx_word' id='word_1_607' title='bbox 3078 3963 3175 4016; x_wconf 88' lang='grc' dir='ltr'><strong>τοῦ</strong></span> <span class='ocrx_word' id='word_1_608' title='bbox 3228 3965 3463 4039; x_wconf 79' lang='grc' dir='ltr'>Πατρὺς,</span> <span class='ocrx_word' id='word_1_609' title='bbox 3513 3969 3612 4022; x_wconf 86' lang='grc' dir='ltr'><strong>τῶν</strong></span> <span class='ocrx_word' id='word_1_610' title='bbox 3652 3968 3699 4021; x_wconf 76' lang='grc' dir='ltr'><strong>δὲ</strong></span> 
     </span>
    </p>
   </div>
   <div class='ocr_carea' id='block_1_85' title="bbox 2138 4044 3699 4130">
    <p class='ocr_par' dir='ltr' id='par_1_85' title="bbox 2138 4044 3699 4130">
     <span class='ocr_line' id='line_1_86' title="bbox 2138 4044 3699 4130; baseline 0.012 -35"><span class='ocrx_word' id='word_1_611' title='bbox 2138 4044 2407 4112; x_wconf 81' lang='grc' dir='ltr'>λεγόντων</span> <span class='ocrx_word' id='word_1_612' title='bbox 2452 4047 2554 4100; x_wconf 90' lang='grc' dir='ltr'><strong>οὑκ</strong></span> <span class='ocrx_word' id='word_1_613' title='bbox 2600 4047 2666 4100; x_wconf 78' lang='grc' dir='ltr'><strong>ἐκ</strong></span> <span class='ocrx_word' id='word_1_614' title='bbox 2711 4050 2812 4119; x_wconf 84' lang='grc' dir='ltr'>τῆς</span> <span class='ocrx_word' id='word_1_615' title='bbox 2858 4051 3069 4117; x_wconf 82' lang='grc' dir='ltr'>οὐσίας,</span> <span class='ocrx_word' id='word_1_616' title='bbox 3121 4054 3322 4120; x_wconf 74' lang='grc' dir='ltr'>ἀλλ’ἐξ</span> <span class='ocrx_word' id='word_1_617' title='bbox 3369 4058 3537 4130; x_wconf 73' lang='grc' dir='ltr'>ἄλλης</span> <span class='ocrx_word' id='word_1_618' title='bbox 3579 4060 3699 4121; x_wconf 65' lang='grc' dir='ltr'>τινος</span> 
     </span>
    </p>
   </div>
   <div class='ocr_carea' id='block_1_86' title="bbox 2138 4136 3696 4221">
    <p class='ocr_par' dir='ltr' id='par_1_86' title="bbox 2138 4136 3696 4221">
     <span class='ocr_line' id='line_1_87' title="bbox 2138 4136 3696 4221; baseline 0.01 -33"><span class='ocrx_word' id='word_1_619' title='bbox 2138 4136 2496 4202; x_wconf 76' lang='grc' dir='ltr'>ὑποστάσεως</span> <span class='ocrx_word' id='word_1_620' title='bbox 2517 4178 2532 4202; x_wconf 84' lang='grc'><strong>,</strong></span> <span class='ocrx_word' id='word_1_621' title='bbox 2570 4138 2743 4205; x_wconf 76' lang='grc' dir='ltr'>οὕτως</span> <span class='ocrx_word' id='word_1_622' title='bbox 2778 4143 3072 4215; x_wconf 80' lang='grc' dir='ltr'>ἀμφότερα</span> <span class='ocrx_word' id='word_1_623' title='bbox 3102 4145 3179 4210; x_wconf 84' lang='grc' dir='ltr'>ὡς</span> <span class='ocrx_word' id='word_1_624' title='bbox 3213 4147 3471 4221; x_wconf 78' lang='grc' dir='ltr'>ἀλλότρια</span> <span class='ocrx_word' id='word_1_625' title='bbox 3501 4149 3590 4205; x_wconf 82' lang='grc' dir='ltr'><strong>τοῦ</strong></span> <span class='ocrx_word' id='word_1_626' title='bbox 3620 4153 3696 4203; x_wconf 74' lang='grc' dir='ltr'><strong>ικ-</strong></span> 
     </span>
    </p>
   </div>
   <div class='ocr_carea' id='block_1_87' title="bbox 2138 4228 3694 4308">
    <p class='ocr_par' dir='ltr' id='par_1_87' title="bbox 2138 4228 3694 4308">
     <span class='ocr_line' id='line_1_88' title="bbox 2138 4228 3694 4308; baseline 0.01 -28"><span class='ocrx_word' id='word_1_627' title='bbox 2138 4228 2535 4300; x_wconf 85' lang='grc' dir='ltr'>κλησιαστικοῦ</span> <span class='ocrx_word' id='word_1_628' title='bbox 2568 4234 2923 4304; x_wconf 85' lang='grc' dir='ltr'>φρονήματος</span> <span class='ocrx_word' id='word_1_629' title='bbox 2952 4237 3366 4308; x_wconf 81' lang='grc' dir='ltr'>ἀπηγόρευσαν.</span> <span class='ocrx_word' id='word_1_630' title='bbox 3408 4241 3555 4296; x_wconf 83' lang='grc' dir='ltr'>Ἐπεὶ</span> <span class='ocrx_word' id='word_1_631' title='bbox 3582 4244 3694 4297; x_wconf 81' lang='grc' dir='ltr'>ὅπου</span> 
     </span>
    </p>
   </div>
   <div class='ocr_carea' id='block_1_88' title="bbox 2137 4322 3693 4406">
    <p class='ocr_par' dir='ltr' id='par_1_88' title="bbox 2137 4322 3693 4406">
     <span class='ocr_line' id='line_1_89' title="bbox 2137 4322 3693 4406; baseline 0.009 -33"><span class='ocrx_word' id='word_1_632' title='bbox 2137 4337 2202 4389; x_wconf 84' lang='grc' dir='ltr'><strong>γε</strong></span> <span class='ocrx_word' id='word_1_633' title='bbox 2233 4322 2294 4374; x_wconf 85' lang='grc' dir='ltr'><strong>τὸ</strong></span> <span class='ocrx_word' id='word_1_634' title='bbox 2324 4323 2533 4376; x_wconf 78' lang='grc' dir='ltr'>ἑαυτῶν</span> <span class='ocrx_word' id='word_1_635' title='bbox 2561 4325 2788 4395; x_wconf 74' lang='grc' dir='ltr'>ἐδήλουν</span> <span class='ocrx_word' id='word_1_636' title='bbox 2817 4328 3098 4401; x_wconf 84' lang='grc' dir='ltr'>φρόνημα,</span> <span class='ocrx_word' id='word_1_637' title='bbox 3130 4328 3284 4388; x_wconf 77' lang='grc' dir='ltr'>εἷπον</span> <span class='ocrx_word' id='word_1_638' title='bbox 3315 4336 3378 4389; x_wconf 83' lang='grc' dir='ltr'><strong>ἐκ</strong></span> <span class='ocrx_word' id='word_1_639' title='bbox 3405 4335 3506 4406; x_wconf 85' lang='grc' dir='ltr'><strong>τῆς</strong></span> <span class='ocrx_word' id='word_1_640' title='bbox 3533 4337 3693 4397; x_wconf 74' lang='grc' dir='ltr'>οὐσίας</span> 
     </span>
    </p>
   </div>
   <div class='ocr_carea' id='block_1_89' title="bbox 2136 4412 3692 4496">
    <p class='ocr_par' dir='ltr' id='par_1_89' title="bbox 2136 4412 3692 4496">
     <span class='ocr_line' id='line_1_90' title="bbox 2136 4412 3692 4496; baseline 0.009 -31"><span class='ocrx_word' id='word_1_641' title='bbox 2136 4412 2230 4466; x_wconf 89' lang='grc' dir='ltr'><strong>τοῦ</strong></span> <span class='ocrx_word' id='word_1_642' title='bbox 2272 4415 2481 4487; x_wconf 72' lang='grc' dir='ltr'>Πατρὸς</span> <span class='ocrx_word' id='word_1_643' title='bbox 2512 4416 2607 4470; x_wconf 87' lang='grc' dir='ltr'>τδν</span> <span class='ocrx_word' id='word_1_644' title='bbox 2641 4417 2801 4488; x_wconf 79' lang='grc' dir='ltr'>Υίὸν,</span> <span class='ocrx_word' id='word_1_645' title='bbox 2834 4422 3021 4476; x_wconf 77' lang='grc' dir='ltr'>οὐκέτι</span> <span class='ocrx_word' id='word_1_646' title='bbox 3060 4425 3393 4496; x_wconf 85' lang='grc' dir='ltr'>προσθέντες</span> <span class='ocrx_word' id='word_1_647' title='bbox 3432 4430 3527 4483; x_wconf 81' lang='grc' dir='ltr'>καὶ</span> <span class='ocrx_word' id='word_1_648' title='bbox 3556 4430 3609 4482; x_wconf 79' lang='grc' dir='ltr'>τὸ</span> <span class='ocrx_word' id='word_1_649' title='bbox 3641 4429 3692 4482; x_wconf 74' lang='grc' dir='ltr'><strong>ἐκ</strong></span> 
     </span>
    </p>
   </div>
   <div class='ocr_carea' id='block_1_90' title="bbox 441 4488 2037 4593">
    <p class='ocr_par' dir='ltr' id='par_1_90' title="bbox 441 4488 2030 4562">
     <span class='ocr_line' id='line_1_91' title="bbox 441 4488 2030 4562; baseline 0.006 -23"><span class='ocrx_word' id='word_1_650' title='bbox 441 4489 774 4559; x_wconf 82' lang='lat' dir='ltr'><strong>bypostasim</strong></span> <span class='ocrx_word' id='word_1_651' title='bbox 793 4504 896 4545; x_wconf 90' lang='lat' dir='ltr'><strong>non</strong></span> <span class='ocrx_word' id='word_1_652' title='bbox 925 4488 1272 4553; x_wconf 88' lang='lat' dir='ltr'><strong>addiderunt,</strong></span> <span class='ocrx_word' id='word_1_653' title='bbox 1294 4503 1414 4560; x_wconf 74' lang='lat' dir='ltr'><strong>qua:</strong></span> <span class='ocrx_word' id='word_1_654' title='bbox 1442 4489 1661 4559; x_wconf 87' lang='lat' dir='ltr'><strong>quidem</strong></span> <span class='ocrx_word' id='word_1_655' title='bbox 1690 4500 1749 4545; x_wconf 90' lang='lat' dir='ltr'><strong>ut</strong></span> <span class='ocrx_word' id='word_1_656' title='bbox 1779 4492 1849 4546; x_wconf 74' lang='lat' dir='ltr'><strong>ad</strong></span> <span class='ocrx_word' id='word_1_657' title='bbox 1904 4507 2030 4562; x_wconf 85' lang='lat' dir='ltr'><strong>pra-</strong></span> 
     </span>
    </p>
   </div>
   <div class='ocr_carea' id='block_1_91' title="bbox 2146 4488 3692 4593">
    <p class='ocr_par' dir='ltr' id='par_1_91' title="bbox 2146 4488 3692 4593">
     <span class='ocr_line' id='line_1_92' title="bbox 2146 4488 3692 4593; baseline 0.01 -34"><span class='ocrx_word' id='word_1_658' title='bbox 2146 4507 2232 4578; x_wconf 76' lang='grc' dir='ltr'>τῆς</span> <span class='ocrx_word' id='word_1_659' title='bbox 2263 4508 2656 4579; x_wconf 80' lang='grc' dir='ltr'>ὑποστάσεως,</span> <span class='ocrx_word' id='word_1_660' title='bbox 2691 4511 2833 4567; x_wconf 82' lang='grc' dir='ltr'>ὥστε</span> <span class='ocrx_word' id='word_1_661' title='bbox 2866 4517 3045 4569; x_wconf 83' lang='grc' dir='ltr'>ἐκεῖνο</span> <span class='ocrx_word' id='word_1_662' title='bbox 3077 4488 3177 4588; x_wconf 72' lang='grc' dir='ltr'>μὲν</span> <span class='ocrx_word' id='word_1_663' title='bbox 3208 4519 3296 4573; x_wconf 71' lang='grc' dir='ltr'>ἐπ’</span> <span class='ocrx_word' id='word_1_664' title='bbox 3320 4488 3575 4593; x_wconf 77' lang='grc' dir='ltr'>ἀθετήσει</span> <span class='ocrx_word' id='word_1_665' title='bbox 3600 4525 3692 4576; x_wconf 84' lang='grc' dir='ltr'><strong>κεί-</strong></span> 
     </span>
    </p>
   </div>
   <div class='ocr_carea' id='block_1_92' title="bbox 436 4583 2027 4656">
    <p class='ocr_par' dir='ltr' id='par_1_92' title="bbox 436 4583 2027 4656">
     <span class='ocr_line' id='line_1_93' title="bbox 436 4583 2027 4656; baseline 0.001 -16"><span class='ocrx_word' id='word_1_666' title='bbox 436 4603 560 4642; x_wconf 78' lang='lat' dir='ltr'><strong>vam</strong></span> <span class='ocrx_word' id='word_1_667' title='bbox 592 4583 905 4656; x_wconf 82' lang='lat' dir='ltr'><strong>opinionem</strong></span> <span class='ocrx_word' id='word_1_668' title='bbox 930 4584 1398 4641; x_wconf 82' lang='lat' dir='ltr'><strong>condemnandam</strong></span> <span class='ocrx_word' id='word_1_669' title='bbox 1423 4583 1665 4639; x_wconf 84' lang='lat' dir='ltr'><strong>adhibita</strong></span> <span class='ocrx_word' id='word_1_670' title='bbox 1693 4595 1777 4641; x_wconf 84' lang='lat' dir='ltr'><strong>est</strong></span> <span class='ocrx_word' id='word_1_671' title='bbox 1806 4625 1823 4651; x_wconf 87' lang='lat'><strong>,</strong></span> <span class='ocrx_word' id='word_1_672' title='bbox 1852 4586 1934 4643; x_wconf 85' lang='lat' dir='ltr'><strong>sic</strong></span> <span class='ocrx_word' id='word_1_673' title='bbox 1960 4588 2027 4642; x_wconf 88' lang='lat' dir='ltr'><strong>ad</strong></span> 
     </span>
    </p>
   </div>
   <div class='ocr_carea' id='block_1_93' title="bbox 430 4674 2026 4743">
    <p class='ocr_par' dir='ltr' id='par_1_93' title="bbox 430 4674 2026 4743">
     <span class='ocr_line' id='line_1_94' title="bbox 430 4674 2026 4743; baseline 0.003 -14"><span class='ocrx_word' id='word_1_674' title='bbox 430 4675 655 4732; x_wconf 79' lang='lat' dir='ltr'><strong>Patrum</strong></span> <span class='ocrx_word' id='word_1_675' title='bbox 712 4689 934 4731; x_wconf 84' lang='lat' dir='ltr'><strong>sensum</strong></span> <span class='ocrx_word' id='word_1_676' title='bbox 1016 4674 1436 4743; x_wconf 85' lang='lat' dir='ltr'><strong>explicandum,</strong></span> <span class='ocrx_word' id='word_1_677' title='bbox 1495 4677 1789 4733; x_wconf 76' lang='lat' dir='ltr'><strong>essentiam</strong></span> <span class='ocrx_word' id='word_1_678' title='bbox 1850 4679 2026 4733; x_wconf 83' lang='lat' dir='ltr'><strong>solam</strong></span> 
     </span>
    </p>
   </div>
   <div class='ocr_carea' id='block_1_94' title="bbox 432 4754 2027 4837">
    <p class='ocr_par' dir='ltr' id='par_1_94' title="bbox 432 4754 2027 4837">
     <span class='ocr_line' id='line_1_95' title="bbox 432 4754 2027 4837; baseline 0.003 -18"><span class='ocrx_word' id='word_1_679' title='bbox 432 4754 790 4837; x_wconf 83' lang='lat' dir='ltr'><strong>pronuntiare</strong></span> <span class='ocrx_word' id='word_1_680' title='bbox 806 4766 943 4825; x_wconf 82' lang='lat' dir='ltr'><strong>satis</strong></span> <span class='ocrx_word' id='word_1_681' title='bbox 964 4765 1085 4819; x_wconf 79' lang='lat' dir='ltr'><strong>luit.</strong></span> <span class='ocrx_word' id='word_1_682' title='bbox 1112 4766 1336 4834; x_wconf 82' lang='lat' dir='ltr'><strong>Oportet</strong></span> <span class='ocrx_word' id='word_1_683' title='bbox 1355 4766 1520 4837; x_wconf 76' lang='lat' dir='ltr'><strong>igitur</strong></span> <span class='ocrx_word' id='word_1_684' title='bbox 1549 4768 1803 4826; x_wconf 84' lang='lat' dir='ltr'><strong>eontiteri</strong></span> <span class='ocrx_word' id='word_1_685' title='bbox 1832 4767 2027 4825; x_wconf 84' lang='lat' dir='ltr'><strong>Filium</strong></span> 
     </span>
    </p>
   </div>
   <div class='ocr_carea' id='block_1_95' title="bbox 431 4858 2030 4929">
    <p class='ocr_par' dir='ltr' id='par_1_95' title="bbox 431 4858 2030 4929">
     <span class='ocr_line' id='line_1_96' title="bbox 431 4858 2030 4929; baseline 0.004 -17"><span class='ocrx_word' id='word_1_686' title='bbox 431 4859 742 4929; x_wconf 82' lang='grc' dir='ltr'>ὁμοούσιον,</span> <span class='ocrx_word' id='word_1_687' title='bbox 778 4860 829 4913; x_wconf 91' lang='lat' dir='ltr'><strong>id</strong></span> <span class='ocrx_word' id='word_1_688' title='bbox 860 4871 962 4921; x_wconf 87' lang='lat' dir='ltr'><strong>est,</strong></span> <span class='ocrx_word' id='word_1_689' title='bbox 987 4859 1230 4929; x_wconf 80' lang='lat' dir='ltr'><strong>ejusdem</strong></span> <span class='ocrx_word' id='word_1_690' title='bbox 1250 4858 1503 4913; x_wconf 61' lang='lat' dir='ltr'><strong>essentia?</strong></span> <span class='ocrx_word' id='word_1_691' title='bbox 1522 4860 1640 4915; x_wconf 80' lang='lat' dir='ltr'><strong>sive</strong></span> <span class='ocrx_word' id='word_1_692' title='bbox 1661 4863 2030 4918; x_wconf 77' lang='lat' dir='ltr'><strong>consubstan-</strong></span> 
     </span>
    </p>
   </div>
   <div class='ocr_carea' id='block_1_96' title="bbox 434 4950 2030 5020">
    <p class='ocr_par' dir='ltr' id='par_1_96' title="bbox 434 4950 2030 5020">
     <span class='ocr_line' id='line_1_97' title="bbox 434 4950 2030 5020; baseline 0.004 -16"><span class='ocrx_word' id='word_1_693' title='bbox 434 4953 645 5019; x_wconf 85' lang='lat' dir='ltr'><strong>tialem,</strong></span> <span class='ocrx_word' id='word_1_694' title='bbox 700 4960 762 5005; x_wconf 91' lang='lat' dir='ltr'><strong>ut</strong></span> <span class='ocrx_word' id='word_1_695' title='bbox 820 4951 1083 5019; x_wconf 86' lang='lat' dir='ltr'><strong>scriptum</strong></span> <span class='ocrx_word' id='word_1_696' title='bbox 1128 4963 1250 5017; x_wconf 84' lang='lat' dir='ltr'><strong>est;</strong></span> <span class='ocrx_word' id='word_1_697' title='bbox 1304 4950 1553 5006; x_wconf 76' lang='lat' dir='ltr'><strong>conﬁteri</strong></span> <span class='ocrx_word' id='word_1_698' title='bbox 1613 4967 1875 5020; x_wconf 70' lang='lat' dir='ltr'><strong>prmterea</strong></span> <span class='ocrx_word' id='word_1_699' title='bbox 1932 4955 2030 5011; x_wconf 83' lang='lat' dir='ltr'><strong>Pa-</strong></span> 
     </span>
    </p>
   </div>
   <div class='ocr_carea' id='block_1_97' title="bbox 434 5042 2024 5116">
    <p class='ocr_par' dir='ltr' id='par_1_97' title="bbox 434 5042 2024 5116">
     <span class='ocr_line' id='line_1_98' title="bbox 434 5042 2024 5116; baseline 0.003 -19"><span class='ocrx_word' id='word_1_700' title='bbox 434 5056 571 5100; x_wconf 88' lang='lat' dir='ltr'><strong>trem</strong></span> <span class='ocrx_word' id='word_1_701' title='bbox 594 5044 644 5099; x_wconf 87' lang='lat' dir='ltr'><strong>iu</strong></span> <span class='ocrx_word' id='word_1_702' title='bbox 679 5042 901 5113; x_wconf 85' lang='lat' dir='ltr'><strong>propria</strong></span> <span class='ocrx_word' id='word_1_703' title='bbox 946 5058 1204 5114; x_wconf 83' lang='lat' dir='ltr'><strong>persona,</strong></span> <span class='ocrx_word' id='word_1_704' title='bbox 1233 5050 1289 5098; x_wconf 87' lang='lat' dir='ltr'><strong>et</strong></span> <span class='ocrx_word' id='word_1_705' title='bbox 1320 5043 1521 5097; x_wconf 86' lang='lat' dir='ltr'><strong>Filium</strong></span> <span class='ocrx_word' id='word_1_706' title='bbox 1563 5044 1616 5099; x_wconf 92' lang='lat' dir='ltr'><strong>in</strong></span> <span class='ocrx_word' id='word_1_707' title='bbox 1642 5046 1859 5116; x_wconf 87' lang='lat' dir='ltr'><strong>propria</strong></span> <span class='ocrx_word' id='word_1_708' title='bbox 1884 5057 1941 5101; x_wconf 89' lang='lat' dir='ltr'><strong>et</strong></span> <span class='ocrx_word' id='word_1_709' title='bbox 1974 5050 2024 5102; x_wconf 91' lang='lat' dir='ltr'><strong>in</strong></span> 
     </span>
    </p>
   </div>
   <div class='ocr_carea' id='block_1_98' title="bbox 431 5134 2023 5209">
    <p class='ocr_par' dir='ltr' id='par_1_98' title="bbox 431 5134 2023 5209">
     <span class='ocr_line' id='line_1_99' title="bbox 431 5134 2023 5209; baseline 0.004 -23"><span class='ocrx_word' id='word_1_710' title='bbox 431 5137 650 5205; x_wconf 79' lang='lat' dir='ltr'><strong>propria</strong></span> <span class='ocrx_word' id='word_1_711' title='bbox 681 5134 949 5205; x_wconf 87' lang='lat' dir='ltr'><strong>Spiritum</strong></span> <span class='ocrx_word' id='word_1_712' title='bbox 986 5145 1261 5189; x_wconf 86' lang='lat' dir='ltr'><strong>sanetum.</strong></span> <span class='ocrx_word' id='word_1_713' title='bbox 1297 5136 1765 5201; x_wconf 85' lang='lat' dir='ltr'><strong>Quemadmodqu</strong></span> <span class='ocrx_word' id='word_1_714' title='bbox 1830 5153 1886 5193; x_wconf 86' lang='lat' dir='ltr'><strong>et</strong></span> <span class='ocrx_word' id='word_1_715' title='bbox 1926 5139 2023 5209; x_wconf 86' lang='lat' dir='ltr'><strong>ipsi</strong></span> 
     </span>
    </p>
   </div>
   <div class='ocr_carea' id='block_1_99' title="bbox 427 5226 2021 5299">
    <p class='ocr_par' dir='ltr' id='par_1_99' title="bbox 427 5226 2021 5299">
     <span class='ocr_line' id='line_1_100' title="bbox 427 5226 2021 5299; baseline 0.003 -16"><span class='ocrx_word' id='word_1_716' title='bbox 427 5228 621 5285; x_wconf 71' lang='lat' dir='ltr'><strong>Patres</strong></span> <span class='ocrx_word' id='word_1_717' title='bbox 653 5229 941 5299; x_wconf 69' lang='lat' dir='ltr'><strong>perstricue</strong></span> <span class='ocrx_word' id='word_1_718' title='bbox 962 5229 1345 5296; x_wconf 81' lang='lat' dir='ltr'><strong>tradiderunt;</strong></span> <span class='ocrx_word' id='word_1_719' title='bbox 1383 5226 1626 5285; x_wconf 72' lang='lat' dir='ltr'><strong>dicentes</strong></span> <span class='ocrx_word' id='word_1_720' title='bbox 1657 5231 1799 5286; x_wconf 88' lang='lat' dir='ltr'><strong>enim</strong></span> <span class='ocrx_word' id='word_1_721' title='bbox 1832 5247 1849 5285; x_wconf 87' lang='lat'><strong>:</strong></span> <span class='ocrx_word' id='word_1_722' title='bbox 1887 5232 2021 5287; x_wconf 61' lang='lat' dir='ltr'><strong>«Luv</strong></span> 
     </span>
    </p>
   </div>
   <div class='ocr_carea' id='block_1_100' title="bbox 430 5318 2019 5390">
    <p class='ocr_par' dir='ltr' id='par_1_100' title="bbox 430 5318 2019 5390">
     <span class='ocr_line' id='line_1_101' title="bbox 430 5318 2019 5390; baseline 0.004 -16"><span class='ocrx_word' id='word_1_723' title='bbox 430 5337 553 5375; x_wconf 81' lang='lat' dir='ltr'><strong>men</strong></span> <span class='ocrx_word' id='word_1_724' title='bbox 591 5323 661 5377; x_wconf 85' lang='lat' dir='ltr'><strong>de</strong></span> <span class='ocrx_word' id='word_1_725' title='bbox 687 5320 918 5385; x_wconf 88' lang='lat' dir='ltr'><strong>lumine,</strong></span> <span class='ocrx_word' id='word_1_726' title='bbox 950 5318 1086 5373; x_wconf 86' lang='lat' dir='ltr'><strong>satis</strong></span> <span class='ocrx_word' id='word_1_727' title='bbox 1114 5329 1305 5387; x_wconf 80' lang='lat' dir='ltr'><strong>aperte</strong></span> <span class='ocrx_word' id='word_1_728' title='bbox 1344 5320 1715 5390; x_wconf 84' lang='lat' dir='ltr'><strong>declararunt,</strong></span> <span class='ocrx_word' id='word_1_729' title='bbox 1748 5325 1827 5379; x_wconf 84' lang='lat' dir='ltr'><strong>sic</strong></span> <span class='ocrx_word' id='word_1_730' title='bbox 1873 5326 2019 5380; x_wconf 84' lang='lat' dir='ltr'><strong>aliud</strong></span> 
     </span>
    </p>
   </div>
   <div class='ocr_carea' id='block_1_101' title="bbox 426 5411 2017 5488">
    <p class='ocr_par' dir='ltr' id='par_1_101' title="bbox 426 5411 2017 5488">
     <span class='ocr_line' id='line_1_102' title="bbox 426 5411 2017 5488; baseline 0.006 -26"><span class='ocrx_word' id='word_1_731' title='bbox 426 5429 545 5466; x_wconf 70' lang='lat' dir='ltr'><strong>esse</strong></span> <span class='ocrx_word' id='word_1_732' title='bbox 568 5414 744 5468; x_wconf 89' lang='lat' dir='ltr'><strong>lumen</strong></span> <span class='ocrx_word' id='word_1_733' title='bbox 774 5415 1023 5484; x_wconf 73' lang='lat' dir='ltr'><strong>gignens,</strong></span> <span class='ocrx_word' id='word_1_734' title='bbox 1069 5421 1128 5472; x_wconf 86' lang='lat' dir='ltr'><strong>et</strong></span> <span class='ocrx_word' id='word_1_735' title='bbox 1148 5411 1294 5467; x_wconf 86' lang='lat' dir='ltr'><strong>aliud</strong></span> <span class='ocrx_word' id='word_1_736' title='bbox 1356 5429 1478 5469; x_wconf 83' lang='lat' dir='ltr'><strong>esse</strong></span> <span class='ocrx_word' id='word_1_737' title='bbox 1527 5417 1708 5473; x_wconf 82' lang='lat' dir='ltr'><strong>lutueu</strong></span> <span class='ocrx_word' id='word_1_738' title='bbox 1751 5422 2017 5488; x_wconf 77' lang='lat' dir='ltr'><strong>genitum,</strong></span> 
     </span>
    </p>
   </div>
   <div class='ocr_carea' id='block_1_102' title="bbox 428 5504 1730 5573">
    <p class='ocr_par' dir='ltr' id='par_1_102' title="bbox 428 5504 1730 5573">
     <span class='ocr_line' id='line_1_103' title="bbox 428 5504 1730 5573; baseline 0.004 -15"><span class='ocrx_word' id='word_1_739' title='bbox 428 5522 479 5558; x_wconf 79' lang='grc' dir='ltr'><strong>ιιι</strong></span> <span class='ocrx_word' id='word_1_740' title='bbox 503 5522 609 5559; x_wconf 80' lang='lat' dir='ltr'><strong>tlna</strong></span> <span class='ocrx_word' id='word_1_741' title='bbox 641 5515 821 5559; x_wconf 87' lang='lat' dir='ltr'><strong>tamen</strong></span> <span class='ocrx_word' id='word_1_742' title='bbox 854 5504 1158 5573; x_wconf 81' lang='lat' dir='ltr'><strong>eademque</strong></span> <span class='ocrx_word' id='word_1_743' title='bbox 1187 5504 1260 5559; x_wconf 89' lang='lat' dir='ltr'><strong>sit</strong></span> <span class='ocrx_word' id='word_1_744' title='bbox 1286 5505 1543 5561; x_wconf 68' lang='lat' dir='ltr'><strong>assentire</strong></span> <span class='ocrx_word' id='word_1_745' title='bbox 1570 5507 1730 5563; x_wconf 79' lang='lat' dir='ltr'><strong>ratio.</strong></span> 
     </span>
    </p>
   </div>
   <div class='ocr_carea' id='block_1_103' title="bbox 568 5616 1866 5687">
    <p class='ocr_par' dir='ltr' id='par_1_103' title="bbox 568 5616 1866 5687">
     <span class='ocr_line' id='line_1_104' title="bbox 568 5616 1866 5687; baseline 0.007 -18"><span class='ocrx_word' id='word_1_746' title='bbox 568 5616 818 5684; x_wconf 76' lang='lat' dir='ltr'><strong>Ejusdem</strong></span> <span class='ocrx_word' id='word_1_747' title='bbox 851 5632 917 5669; x_wconf 68' lang='lat' dir='ltr'><strong>es</strong></span> <span class='ocrx_word' id='word_1_748' title='bbox 950 5618 1122 5684; x_wconf 64' lang='lat' dir='ltr'><strong>eripite</strong></span> <span class='ocrx_word' id='word_1_749' title='bbox 1152 5627 1300 5670; x_wconf 67' lang='lat' dir='ltr'><strong>sexto</strong></span> <span class='ocrx_word' id='word_1_750' title='bbox 1327 5623 1397 5670; x_wconf 73' lang='lat' dir='ltr'><strong>ad</strong></span> <span class='ocrx_word' id='word_1_751' title='bbox 1424 5621 1866 5687; x_wconf 74' lang='lat' dir='ltr'><strong>Amphilochium.</strong></span> 
     </span>
    </p>
   </div>
   <div class='ocr_carea' id='block_1_104' title="bbox 492 5773 2008 5870">
    <p class='ocr_par' dir='ltr' id='par_1_104' title="bbox 492 5773 2008 5870">
     <span class='ocr_line' id='line_1_105' title="bbox 492 5773 2008 5870; baseline 0.005 -19"><span class='ocrx_word' id='word_1_752' title='bbox 492 5795 756 5851; x_wconf 72' lang='lat' dir='ltr'><strong>Noncum</strong></span> <span class='ocrx_word' id='word_1_753' title='bbox 795 5794 978 5862; x_wconf 87' lang='lat' dir='ltr'><strong>Patre,</strong></span> <span class='ocrx_word' id='word_1_754' title='bbox 1010 5773 1284 5866; x_wconf 58' lang='lat' dir='ltr'><strong>inquiunt,</strong></span> <span class='ocrx_word' id='word_1_755' title='bbox 1319 5797 1411 5852; x_wconf 88' lang='lat' dir='ltr'><strong>sed</strong></span> <span class='ocrx_word' id='word_1_756' title='bbox 1469 5808 1593 5870; x_wconf 83' lang='lat' dir='ltr'><strong>post</strong></span> <span class='ocrx_word' id='word_1_757' title='bbox 1648 5801 1860 5859; x_wconf 82' lang='lat' dir='ltr'><strong>Patrem</strong></span> <span class='ocrx_word' id='word_1_758' title='bbox 1925 5815 2008 5859; x_wconf 84' lang='lat' dir='ltr'><strong>cst</strong></span> 
     </span>
    </p>
   </div>
   <div class='ocr_carea' id='block_1_105' title="bbox 2133 4600 3693 4685">
    <p class='ocr_par' dir='ltr' id='par_1_105' title="bbox 2133 4600 3693 4685">
     <span class='ocr_line' id='line_1_106' title="bbox 2133 4600 3693 4685; baseline 0.01 -34"><span class='ocrx_word' id='word_1_759' title='bbox 2133 4615 2223 4653; x_wconf 87' lang='grc' dir='ltr'><strong>ται</strong></span> <span class='ocrx_word' id='word_1_760' title='bbox 2258 4600 2355 4653; x_wconf 88' lang='grc' dir='ltr'><strong>τοῦ</strong></span> <span class='ocrx_word' id='word_1_761' title='bbox 2398 4603 2641 4674; x_wconf 87' lang='grc' dir='ltr'>πονηροῦ</span> <span class='ocrx_word' id='word_1_762' title='bbox 2687 4607 3063 4677; x_wconf 78' lang='grc' dir='ltr'>φρονήματος,</span> <span class='ocrx_word' id='word_1_763' title='bbox 3107 4611 3267 4665; x_wconf 87' lang='grc' dir='ltr'>τοῦτο</span> <span class='ocrx_word' id='word_1_764' title='bbox 3309 4612 3367 4666; x_wconf 79' lang='grc' dir='ltr'><strong>δὲ</strong></span> <span class='ocrx_word' id='word_1_765' title='bbox 3412 4616 3693 4685; x_wconf 81' lang='grc' dir='ltr'>φανέρωσιν</span> 
     </span>
    </p>
   </div>
   <div class='ocr_carea' id='block_1_106' title="bbox 2132 4692 3690 4778">
    <p class='ocr_par' dir='ltr' id='par_1_106' title="bbox 2132 4692 3690 4778">
     <span class='ocr_line' id='line_1_107' title="bbox 2132 4692 3690 4778; baseline 0.01 -33"><span class='ocrx_word' id='word_1_766' title='bbox 2132 4692 2245 4763; x_wconf 71' lang='grc' dir='ltr'><strong>ἔχει</strong></span> <span class='ocrx_word' id='word_1_767' title='bbox 2286 4692 2381 4747; x_wconf 89' lang='grc' dir='ltr'><strong>τοῦ</strong></span> <span class='ocrx_word' id='word_1_768' title='bbox 2426 4698 2698 4767; x_wconf 84' lang='grc' dir='ltr'>πατρικοῦ</span> <span class='ocrx_word' id='word_1_769' title='bbox 2742 4699 3033 4771; x_wconf 88' lang='grc' dir='ltr'>δόγματος.</span> <span class='ocrx_word' id='word_1_770' title='bbox 3076 4706 3171 4758; x_wconf 89' lang='grc' dir='ltr'>Δεῖ</span> <span class='ocrx_word' id='word_1_771' title='bbox 3209 4707 3391 4761; x_wconf 86' lang='grc' dir='ltr'>τοίνυν</span> <span class='ocrx_word' id='word_1_772' title='bbox 3436 4712 3690 4778; x_wconf 82' lang='grc' dir='ltr'>ὁμολογεῖν</span> 
     </span>
    </p>
   </div>
   <div class='ocr_carea' id='block_1_107' title="bbox 2130 4784 3691 4871">
    <p class='ocr_par' dir='ltr' id='par_1_107' title="bbox 2130 4784 3691 4871">
     <span class='ocr_line' id='line_1_108' title="bbox 2130 4784 3691 4871; baseline 0.01 -34"><span class='ocrx_word' id='word_1_773' title='bbox 2130 4784 2421 4854; x_wconf 83' lang='grc' dir='ltr'>ὁμοούσιον</span> <span class='ocrx_word' id='word_1_774' title='bbox 2463 4787 2544 4858; x_wconf 86' lang='grc' dir='ltr'>τῷ</span> <span class='ocrx_word' id='word_1_775' title='bbox 2589 4790 2765 4861; x_wconf 81' lang='grc' dir='ltr'>Πατρὶ</span> <span class='ocrx_word' id='word_1_776' title='bbox 2812 4793 2903 4845; x_wconf 89' lang='grc' dir='ltr'>τὸν</span> <span class='ocrx_word' id='word_1_777' title='bbox 2954 4793 3102 4861; x_wconf 87' lang='grc' dir='ltr'>Υίὸν,</span> <span class='ocrx_word' id='word_1_778' title='bbox 3137 4797 3321 4862; x_wconf 87' lang='grc' dir='ltr'>καθὼς</span> <span class='ocrx_word' id='word_1_779' title='bbox 3364 4800 3691 4871; x_wconf 73' lang='grc' dir='ltr'>γέγραπται·</span> 
     </span>
    </p>
   </div>
   <div class='ocr_carea' id='block_1_108' title="bbox 2129 4878 3690 4965">
    <p class='ocr_par' dir='ltr' id='par_1_108' title="bbox 2129 4878 3690 4965">
     <span class='ocr_line' id='line_1_109' title="bbox 2129 4878 3690 4965; baseline 0.01 -35"><span class='ocrx_word' id='word_1_780' title='bbox 2129 4878 2413 4948; x_wconf 84' lang='grc' dir='ltr'>ὁμολογεῖν</span> <span class='ocrx_word' id='word_1_781' title='bbox 2472 4880 2530 4934; x_wconf 82' lang='grc' dir='ltr'><strong>δὲ</strong></span> <span class='ocrx_word' id='word_1_782' title='bbox 2589 4884 2647 4936; x_wconf 81' lang='grc' dir='ltr'><strong>ἐν</strong></span> <span class='ocrx_word' id='word_1_783' title='bbox 2689 4883 2792 4955; x_wconf 75' lang='grc' dir='ltr'>ἰδίᾳ</span> <span class='ocrx_word' id='word_1_784' title='bbox 2848 4886 2949 4955; x_wconf 75' lang='grc' dir='ltr'>μὲν</span> <span class='ocrx_word' id='word_1_785' title='bbox 2990 4888 3287 4943; x_wconf 78' lang='grc' dir='ltr'>ὑποστάσει</span> <span class='ocrx_word' id='word_1_786' title='bbox 3330 4892 3421 4944; x_wconf 73' lang='grc' dir='ltr'>τὸν</span> <span class='ocrx_word' id='word_1_787' title='bbox 3468 4894 3690 4965; x_wconf 84' lang='grc' dir='ltr'>Πατέρα,</span> 
     </span>
    </p>
   </div>
   <div class='ocr_carea' id='block_1_109' title="bbox 2132 4968 3690 5053">
    <p class='ocr_par' dir='ltr' id='par_1_109' title="bbox 2132 4968 3690 5053">
     <span class='ocr_line' id='line_1_110' title="bbox 2132 4968 3690 5053; baseline 0.01 -33"><span class='ocrx_word' id='word_1_788' title='bbox 2132 4970 2190 5020; x_wconf 86' lang='grc' dir='ltr'><strong>ἐν</strong></span> <span class='ocrx_word' id='word_1_789' title='bbox 2228 4968 2338 5040; x_wconf 72' lang='grc' dir='ltr'>ἰδίᾳ</span> <span class='ocrx_word' id='word_1_790' title='bbox 2378 4969 2436 5021; x_wconf 81' lang='grc' dir='ltr'><strong>δὲ</strong></span> <span class='ocrx_word' id='word_1_791' title='bbox 2474 4970 2568 5024; x_wconf 88' lang='grc' dir='ltr'><strong>τὸν</strong></span> <span class='ocrx_word' id='word_1_792' title='bbox 2609 4972 2759 5038; x_wconf 76' lang='grc' dir='ltr'>Υἱδν,</span> <span class='ocrx_word' id='word_1_793' title='bbox 2804 4977 2898 5029; x_wconf 80' lang='grc' dir='ltr'>καὶ</span> <span class='ocrx_word' id='word_1_794' title='bbox 2940 4979 2997 5030; x_wconf 85' lang='grc' dir='ltr'><strong>ἐν</strong></span> <span class='ocrx_word' id='word_1_795' title='bbox 3042 4979 3148 5049; x_wconf 79' lang='grc' dir='ltr'>ίδίᾳ</span> <span class='ocrx_word' id='word_1_796' title='bbox 3191 4980 3249 5033; x_wconf 83' lang='grc' dir='ltr'><strong>δὲ</strong></span> <span class='ocrx_word' id='word_1_797' title='bbox 3285 4981 3348 5033; x_wconf 78' lang='grc' dir='ltr'><strong>τὸ</strong></span> <span class='ocrx_word' id='word_1_798' title='bbox 3394 4983 3608 5053; x_wconf 82' lang='grc' dir='ltr'>Πνεῦμα</span> <span class='ocrx_word' id='word_1_799' title='bbox 3644 4985 3690 5035; x_wconf 81' lang='grc' dir='ltr'>τὸ</span> 
     </span>
    </p>
   </div>
   <div class='ocr_carea' id='block_1_110' title="bbox 2130 5060 3686 5143">
    <p class='ocr_par' dir='ltr' id='par_1_110' title="bbox 2130 5060 3686 5143">
     <span class='ocr_line' id='line_1_111' title="bbox 2130 5060 3686 5143; baseline 0.011 -33"><span class='ocrx_word' id='word_1_800' title='bbox 2130 5060 2314 5127; x_wconf 79' lang='grc' dir='ltr'>ἅγιον,</span> <span class='ocrx_word' id='word_1_801' title='bbox 2350 5061 2497 5115; x_wconf 85' lang='grc' dir='ltr'>καθὰ</span> <span class='ocrx_word' id='word_1_802' title='bbox 2531 5064 2625 5117; x_wconf 76' lang='grc' dir='ltr'><strong>καὶ</strong></span> <span class='ocrx_word' id='word_1_803' title='bbox 2658 5068 2814 5120; x_wconf 76' lang='grc' dir='ltr'>αὐτοὶ</span> <span class='ocrx_word' id='word_1_804' title='bbox 2850 5070 3036 5138; x_wconf 75' lang='grc' dir='ltr'>σαφῶς</span> <span class='ocrx_word' id='word_1_805' title='bbox 3073 5072 3465 5130; x_wconf 83' lang='grc' dir='ltr'>ἐκδεδώκασιν.</span> <span class='ocrx_word' id='word_1_806' title='bbox 3499 5076 3686 5143; x_wconf 77' lang='grc' dir='ltr'>Αὐτάρ-</span> 
     </span>
    </p>
   </div>
   <div class='ocr_carea' id='block_1_111' title="bbox 2129 5153 3688 5233">
    <p class='ocr_par' dir='ltr' id='par_1_111' title="bbox 2129 5153 3688 5233">
     <span class='ocr_line' id='line_1_112' title="bbox 2129 5153 3688 5233; baseline 0.009 -29"><span class='ocrx_word' id='word_1_807' title='bbox 2129 5169 2240 5215; x_wconf 88' lang='grc' dir='ltr'><strong>κως</strong></span> <span class='ocrx_word' id='word_1_808' title='bbox 2271 5153 2381 5224; x_wconf 85' lang='grc' dir='ltr'><strong>γὰρ</strong></span> <span class='ocrx_word' id='word_1_809' title='bbox 2415 5157 2513 5208; x_wconf 82' lang='grc' dir='ltr'>καὶ</span> <span class='ocrx_word' id='word_1_810' title='bbox 2548 5158 2735 5227; x_wconf 87' lang='grc' dir='ltr'>σαφῶς</span> <span class='ocrx_word' id='word_1_811' title='bbox 2768 5161 3100 5228; x_wconf 77' lang='grc' dir='ltr'>ἐνεδείξαντο</span> <span class='ocrx_word' id='word_1_812' title='bbox 3135 5166 3408 5233; x_wconf 80' lang='grc' dir='ltr'>εἰπόντες,</span> <span class='ocrx_word' id='word_1_813' title='bbox 3445 5187 3463 5220; x_wconf 84' lang='grc' dir='ltr'><strong>ι</strong></span> <span class='ocrx_word' id='word_1_814' title='bbox 3499 5167 3607 5229; x_wconf 81' lang='grc' dir='ltr'>Φῶς</span> <span class='ocrx_word' id='word_1_815' title='bbox 3636 5169 3688 5218; x_wconf 79' lang='grc' dir='ltr'><strong>ἐκ</strong></span> 
     </span>
    </p>
   </div>
   <div class='ocr_carea' id='block_1_112' title="bbox 2128 5249 3683 5334">
    <p class='ocr_par' dir='ltr' id='par_1_112' title="bbox 2128 5249 3683 5334">
     <span class='ocr_line' id='line_1_113' title="bbox 2128 5249 3683 5334; baseline 0.01 -37"><span class='ocrx_word' id='word_1_816' title='bbox 2128 5249 2327 5314; x_wconf 83' lang='grc' dir='ltr'>φωτὸς,</span> <span class='ocrx_word' id='word_1_817' title='bbox 2366 5268 2386 5301; x_wconf 74' lang='grc' dir='ltr'>ι</span> <span class='ocrx_word' id='word_1_818' title='bbox 2416 5250 2498 5303; x_wconf 87' lang='grc' dir='ltr'><strong>ὅτι</strong></span> <span class='ocrx_word' id='word_1_819' title='bbox 2528 5252 2715 5323; x_wconf 72' lang='grc' dir='ltr'>ἕτερον</span> <span class='ocrx_word' id='word_1_820' title='bbox 2747 5257 2847 5323; x_wconf 83' lang='grc' dir='ltr'><strong>μὲν</strong></span> <span class='ocrx_word' id='word_1_821' title='bbox 2877 5259 2939 5311; x_wconf 84' lang='grc' dir='ltr'><strong>τὸ</strong></span> <span class='ocrx_word' id='word_1_822' title='bbox 2970 5261 3242 5331; x_wconf 81' lang='grc' dir='ltr'>γεννῆσαν</span> <span class='ocrx_word' id='word_1_823' title='bbox 3272 5261 3410 5329; x_wconf 82' lang='grc' dir='ltr'>φῶς,</span> <span class='ocrx_word' id='word_1_824' title='bbox 3441 5263 3616 5334; x_wconf 78' lang='grc' dir='ltr'>ἕτερον</span> <span class='ocrx_word' id='word_1_825' title='bbox 3639 5261 3683 5312; x_wconf 85' lang='grc' dir='ltr'><strong>δὲ</strong></span> 
     </span>
    </p>
   </div>
   <div class='ocr_carea' id='block_1_113' title="bbox 2126 5343 3681 5424">
    <p class='ocr_par' dir='ltr' id='par_1_113' title="bbox 2126 5343 3681 5424">
     <span class='ocr_line' id='line_1_114' title="bbox 2126 5343 3681 5424; baseline 0.009 -33"><span class='ocrx_word' id='word_1_826' title='bbox 2126 5343 2187 5392; x_wconf 82' lang='grc' dir='ltr'><strong>τὸ</strong></span> <span class='ocrx_word' id='word_1_827' title='bbox 2217 5343 2502 5412; x_wconf 85' lang='grc' dir='ltr'>γεννηθὲν,</span> <span class='ocrx_word' id='word_1_828' title='bbox 2532 5348 2649 5415; x_wconf 88' lang='grc' dir='ltr'><strong>φῶς</strong></span> <span class='ocrx_word' id='word_1_829' title='bbox 2684 5350 2891 5419; x_wconf 84' lang='grc' dir='ltr'>μέντοι,</span> <span class='ocrx_word' id='word_1_830' title='bbox 2918 5358 3011 5407; x_wconf 82' lang='grc' dir='ltr'><strong>καὶ</strong></span> <span class='ocrx_word' id='word_1_831' title='bbox 3044 5356 3182 5424; x_wconf 79' lang='grc' dir='ltr'>φῶς,</span> <span class='ocrx_word' id='word_1_832' title='bbox 3210 5355 3354 5409; x_wconf 84' lang='grc' dir='ltr'>ὥστε</span> <span class='ocrx_word' id='word_1_833' title='bbox 3382 5359 3479 5413; x_wconf 74' lang='grc' dir='ltr'>ἕνα</span> <span class='ocrx_word' id='word_1_834' title='bbox 3504 5356 3681 5410; x_wconf 74' lang='grc' dir='ltr'>καὶτὸν</span> 
     </span>
    </p>
   </div>
   <div class='ocr_carea' id='block_1_114' title="bbox 2124 5431 3571 5517">
    <p class='ocr_par' dir='ltr' id='par_1_114' title="bbox 2124 5431 3571 5517">
     <span class='ocr_line' id='line_1_115' title="bbox 2124 5431 3571 5517; baseline 0.017 -33"><span class='ocrx_word' id='word_1_835' title='bbox 2124 5433 2289 5487; x_wconf 77' lang='grc' dir='ltr'>αὑτὸν</span> <span class='ocrx_word' id='word_1_836' title='bbox 2319 5431 2462 5491; x_wconf 70' lang='grc' dir='ltr'>εἶναι</span> <span class='ocrx_word' id='word_1_837' title='bbox 2492 5438 2585 5493; x_wconf 74' lang='grc' dir='ltr'>τὸν</span> <span class='ocrx_word' id='word_1_838' title='bbox 2616 5442 2715 5512; x_wconf 77' lang='grc' dir='ltr'>τῆς</span> <span class='ocrx_word' id='word_1_839' title='bbox 2747 5445 2933 5510; x_wconf 69' lang='grc' dir='ltr'>οὐσίας</span> <span class='ocrx_word' id='word_1_840' title='bbox 2964 5446 3144 5517; x_wconf 80' lang='grc' dir='ltr'>λόγον.</span> <span class='ocrx_word' id='word_1_841' title='bbox 3532 5484 3571 5500; x_wconf 64' lang='grc' dir='ltr'><strong>ν</strong></span> 
     </span>
    </p>
   </div>
   <div class='ocr_carea' id='block_1_115' title="bbox 2129 5640 3671 5721">
    <p class='ocr_par' dir='ltr' id='par_1_115' title="bbox 2129 5640 3671 5721">
     <span class='ocr_line' id='line_1_116' title="bbox 2129 5640 3671 5721; baseline 0.016 -30"><span class='ocrx_word' id='word_1_842' title='bbox 2129 5640 2238 5695; x_wconf 73' lang='grc' dir='ltr'>Τοῦ</span> <span class='ocrx_word' id='word_1_843' title='bbox 2282 5641 2472 5695; x_wconf 86' lang='grc' dir='ltr'>αὑτοῦ</span> <span class='ocrx_word' id='word_1_844' title='bbox 2511 5645 2630 5699; x_wconf 73' lang='grc' dir='ltr'><strong>ἀπὸ</strong></span> <span class='ocrx_word' id='word_1_845' title='bbox 2670 5649 2774 5702; x_wconf 78' lang='grc' dir='ltr'><strong>τοῦ</strong></span> <span class='ocrx_word' id='word_1_846' title='bbox 2814 5650 2990 5704; x_wconf 69' lang='grc' dir='ltr'>ἕκτου</span> <span class='ocrx_word' id='word_1_847' title='bbox 3032 5658 3367 5721; x_wconf 60' lang='grc' dir='ltr'>κεφαλαίου</span> <span class='ocrx_word' id='word_1_848' title='bbox 3408 5654 3518 5709; x_wconf 75' lang='grc' dir='ltr'><strong>τῶν</strong></span> <span class='ocrx_word' id='word_1_849' title='bbox 3549 5651 3671 5721; x_wconf 73' lang='grc' dir='ltr'>πρὸς</span> 
     </span>
    </p>
   </div>
   <div class='ocr_carea' id='block_1_116' title="bbox 2730 5723 3138 5789">
    <p class='ocr_par' dir='ltr' id='par_1_116' title="bbox 2730 5723 3138 5789">
     <span class='ocr_line' id='line_1_117' title="bbox 2730 5723 3138 5789; baseline 0.01 -18"><span class='ocrx_word' id='word_1_850' title='bbox 2730 5723 3138 5789; x_wconf 48' lang='grc' dir='ltr'><strong>’Λοιιριλόχιοια</strong></span> 
     </span>
    </p>
   </div>
   <div class='ocr_carea' id='block_1_117' title="bbox 2194 5807 3667 5891">
    <p class='ocr_par' dir='ltr' id='par_1_117' title="bbox 2194 5807 3667 5891">
     <span class='ocr_line' id='line_1_118' title="bbox 2194 5807 3667 5891; baseline 0.007 -29"><span class='ocrx_word' id='word_1_851' title='bbox 2194 5807 2268 5862; x_wconf 89' lang='grc' dir='ltr'>Οὑ</span> <span class='ocrx_word' id='word_1_852' title='bbox 2299 5811 2433 5877; x_wconf 68' lang='grc' dir='ltr'>μετὰ</span> <span class='ocrx_word' id='word_1_853' title='bbox 2466 5813 2699 5880; x_wconf 56' lang='grc' dir='ltr'>Πατρὶς,</span> <span class='ocrx_word' id='word_1_854' title='bbox 2728 5822 2913 5889; x_wconf 75' lang='grc' dir='ltr'>φησὶν,</span> <span class='ocrx_word' id='word_1_855' title='bbox 2939 5818 2965 5870; x_wconf 82' lang='grc' dir='ltr'>ὁ</span> <span class='ocrx_word' id='word_1_856' title='bbox 2997 5819 3141 5887; x_wconf 73' lang='grc' dir='ltr'>Υἱὸς,</span> <span class='ocrx_word' id='word_1_857' title='bbox 3164 5818 3299 5876; x_wconf 77' lang='grc' dir='ltr'>ἀλλὰ</span> <span class='ocrx_word' id='word_1_858' title='bbox 3326 5820 3460 5891; x_wconf 72' lang='grc' dir='ltr'>μετὰ</span> <span class='ocrx_word' id='word_1_859' title='bbox 3483 5820 3562 5874; x_wconf 76' lang='grc' dir='ltr'>τὸν</span> <span class='ocrx_word' id='word_1_860' title='bbox 3582 5817 3667 5869; x_wconf 59' lang='grc' dir='ltr'><strong>Πλ-</strong></span> 
     </span>
    </p>
   </div>
  </div>
