3860 6556
213 410 317 476 5131

1174 409 1551 471 PANOPIJA
1591 406 2055 470 DOGMATICA.
2099 433 2166 444 --
2206 408 2357 469 TIT.
2412 408 2519 468 Χῐ.

3371 407 3473 468 55ἳ

217 530 364 597 τέρα.
396 526 596 596 Ᾱιόπερ
621 524 911 579 ἀκύλουθον
938 523 1003 578 δι’
1029 523 1194 579 αὑτοῦ
1221 526 1319 595 τὴν
1343 525 1503 592 δόξαν
1528 522 1604 594 τῷ
1629 522 1783 594 Πατρ¹

1904 522 2094 579 Filius.
2122 520 2300 590 Quare
2330 530 2754 577 consentaneum
2780 529 2883 585 εει,
2928 529 2985 575 ut
3017 516 3193 574 honor
3212 520 3474 583 exhibea-

221 622 549 690 προσάγειν,
583 619 699 671 ἀλλ’
730 618 849 689 οὐχὶ
891 619 1012 689 μετ’
1041 618 1226 672 αὑτοῦ.
1264 618 1339 670 Τὸ
1383 618 1483 686 μὲν
1519 617 1630 688 γὰρ
1674 617 1795 688 μετ’

219 710 381 765 αὐτοῦ
417 712 518 779 τὴν
556 711 826 780 ἰσοτιμίαν
859 709 1045 779 δηλοῖ,
1079 709 1139 761 τὸ
1178 708 1235 761 δὲ
1275 706 1342 760 δι’
1362 701 1422 761 οὗ
1456 708 1555 775 τὴν
1589 708 1795 777 ύπουρ-

216 805 335 867 γίαν
381 804 735 873 παρίστησιν.
779 801 919 855 υῦτε
967 802 1076 872 μὴν
1124 804 1223 855 σὺν
1265 800 1345 872 τῷ
1390 801 1587 870 Πατρὶ,
1638 803 1793 869 φησὶ,

219 894 306 944 καὶ
336 892 415 961 τῷ
452 893 564 961 Υἱῷ
592 893 653 945 τὸ
690 891 913 961 Πνεῦμα
942 892 1201 954 τακτέον,
1233 892 1348 944 ἀλλ’
1374 891 1478 943 ύπδ
1509 892 1599 943 τὸν
1632 892 1791 954 Υἱδν,

218 982 310 1037 καὶ
345 983 440 1037 τὸν
482 984 721 1053 Πατέρα,
757 984 816 1036 ού
858 983 1313 1053 συντεταγμένον,
1354 983 1469 1035 ἀλλ’
1494 983 1796 1051 ύποτεταγ·

220 1078 410 1146 μένον,
466 1077 586 1129 οὐδὲ
638 1076 1176 1145 συναριθμούμενον,
1228 1074 1345 1128 ἀλλ’
1379 1074 1797 1147 ύπαριθμούμε-

213 1185 321 1221 νον.
370 1169 482 1223 Καὶ
529 1168 807 1232 τοιαύταις
850 1170 963 1222 τισὶ
1009 1167 1379 1239 τεχνολογίαις
1425 1168 1691 1239 ῥημάτων
1734 1167 1795 1220 τὸ

214 1260 418 1314 ἁπλοῦν
471 1262 566 1314 καὶ
621 1261 1000 1314 ἀκατάσκευον
1046 1262 1147 1331 τῆς
1196 1263 1435 1323 πίστεως
1485 1260 1795 1329 ὲνδιαστρέ-

217 1369 391 1423 φουσι.
431 1353 578 1422 Πρὸς
610 1350 703 1415 οῦς
740 1351 1141 1423 ἀπολογητέον,
1179 1351 1254 1414 ὡς
1292 1352 1485 1420 ἡμεῖς,
1523 1350 1653 1403 ὅταν
1692 1352 1792 1421 μὲν

215 1446 273 1498 τὸ
307 1444 597 1514 μεγαλεῖον
630 1446 731 1509 τῆς
767 1442 979 1511 φύσεως
1012 1443 1106 1496 τοῦ
1143 1442 1487 1511 Μονογενοῦς
1509 1485 1524 1509 ,
1564 1443 1659 1496 καὶ
1692 1441 1793 1512 τὴν

213 1538 311 1607 τῆς
353 1536 515 1602 ἀξίας
558 1535 835 1606 ὑπεροχὴν
877 1535 1209 1607 θεωρῶμεν,
1254 1536 1394 1606 μετά
1437 1535 1647 1606 Πατρὶς
1695 1537 1790 1589 καὶ

216 1630 308 1683 σῦν
330 1629 520 1699 ’Πατρὶ
545 1624 685 1682 εἶναι
717 1628 864 1698 αύτῷ
890 1628 988 1698 τὴν
1014 1627 1172 1692 δόξαν
1201 1626 1590 1697 μαρτυροῦμεν
1615 1642 1628 1657 ·
1660 1626 1790 1684 ὅταν

206 1721 265 1775 δι
291 1722 391 1792 τὴν
419 1720 503 1783 είς
536 1721 686 1790 ἡμᾶς
719 1720 986 1789 χορηγίαν
1012 1718 1123 1771 τῶν
1151 1716 1374 1785 ἀγαθῶν
1406 1719 1751 1789 ἐννοήσωμεν
1770 1761 1785 1787 ,

1902 626 1988 671 tur
2015 616 2159 671 Patri
2186 632 2277 684 per
2301 614 2499 683 ipsum,
2530 629 2633 668 non
2661 629 2787 668 cum
2821 614 2957 682 ipso.
2987 611 3121 667 Cum
3176 612 3292 682 ipso
3324 615 3467 668 enim

1901 726 2083 779 parem
2114 709 2430 778 dignitatem
2486 707 3014 775 signat;peripsum
3047 717 3225 758 autem
3285 717 3471 761 osten-

1899 804 1975 857 dit
2001 803 2382 856 ministerium.
2422 800 2531 854 Nec
2556 816 2685 853 vero
2719 815 2840 853 cum
2880 798 3062 861 l’atre,
3094 798 3366 865 inquiunt.
3419 808 3473 850 et

1899 897 2033 951 Filio
2075 896 2312 966 Spiritus
2349 894 2698 949 collovandus
2737 902 2839 955 est,
2888 892 2980 946 sed
3035 900 3155 961 post
3184 890 3380 945 Filium
3423 902 3473 942 et

1900 990 2115 1044 Patrem
2142 989 2572 1050 constituendus,
2604 999 2778 1055 neque
2809 1000 2931 1038 cum
2961 980 3086 1047 illis,
3120 983 3211 1035 sed
3242 983 3341 1035 sub
3365 983 3473 1035 illis

1899 1082 2284 1137 numerandus.
2323 1076 2943 1134 lstiusmodiverbornm
2994 1075 3229 1129 artificio
3281 1089 3470 1144 puram

1898 1175 2019 1229 ﬁdei
2052 1173 2461 1244 simplicitatem
2495 1179 2837 1241 pervertunt.
2872 1167 3085 1236 Quibus
3141 1168 3474 1236 responden-

1895 1270 2023 1323 dum
2076 1279 2181 1333 est,
2248 1282 2346 1323 nos
2400 1282 2520 1322 cum
2558 1263 2968 1333 amplitudinem
3013 1272 3221 1316 natura
3274 1261 3476 1331 Unige—

1896 1362 2015 1425 niti,
2039 1373 2093 1418 et
2122 1361 2397 1433 dignitatis
2450 1359 2564 1429 ejus
2606 1356 2983 1412 excellentiam
3019 1351 3473 1420 contemplamur,

1892 1454 2117 1526 gloriam
2152 1453 2226 1507 illi
2252 1452 2409 1507 simul
2432 1467 2553 1506 cum
2586 1449 2771 1513 Patre,
2801 1458 2854 1501 et
2882 1462 2983 1501 una
3014 1461 3136 1501 cum
3165 1445 3325 1499 Patre
3353 1458 3475 1498 esse

1893 1547 2078 1603 testari
2106 1563 2119 1600 :
2144 1556 2330 1600 atcum
2353 1545 2619 1599 bonorum
2649 1540 2988 1611 largitionem
3020 1537 3175 1592 nobis
3198 1533 3394 1590 factam
3422 1547 3475 1588 et

1892 1634 2360 1699 conciliationem,
2394 1642 2557 1702 atque
2578 1629 3021 1699 coniunctionem
3051 1637 3295 1683 nostram
3347 1642 3470 1679 cum

1894 1728 2001 1785 Deo
2021 1728 2341 1800 cogitamus,
2366 1742 2463 1799 per
2480 1727 2652 1799 ipsum
2679 1738 2734 1781 et
2762 1724 2814 1780 in
2836 1725 2953 1794 ipso
2977 1738 3075 1777 nos
3098 1738 3216 1776 eam
3240 1722 3473 1793 gratiam

212 1814 246 1884 ἢ
274 1816 372 1883 τὴν
403 1813 568 1884 ήμῶν
598 1814 777 1865 αὐτῶν
810 1812 1181 1883 προσαγωγὴν
1212 1812 1306 1865 καὶ
1335 1810 1617 1865 οἱκείωσιν
1648 1814 1788 1883 πρὸς
1824 1871 1862 1884 __
1893 1832 2175 1878 assecuros
2189 1821 2460 1877 contueri,

208 1906 300 1960 τὸν
327 1906 492 1968 Θεὸν,
529 1905 597 1958 δι’
622 1904 786 1958 αὐτοῦ
817 1904 907 1957 καὶ
937 1908 993 1957 ἐν
1023 1904 1170 1975 αῦτῷ
1201 1902 1540 1976 ἐνεργεῖσθαι
1570 1903 1667 1976 τὴν
1694 1906 1793 1976 χά-

215 2018 299 2071 ριν
323 2002 459 2071 ἡμῖν
486 2002 698 2071 ταύτην
726 2000 989 2070 ὁμολογοῦ
999 2015 1117 2069 μεν.

215 2119 340 2173 Ἔτι
389 2116 549 2171 κατὰ
589 2118 909 2185 Ἀρειανῶν
967 2133 1030 2171 τε
1083 2116 1180 2169 καὶ
1238 2114 1649 2181 Ern-aptamur"
1675 2118 1788 2172 τοῦ

274 2189 550 2258 μεγάλου
577 2191 910 2258 Γρηγορίου
940 2188 1048 2246 τοῦ
1080 2188 1378 2256 Θεολόγου
1408 2186 1483 2239 ἐκ
1514 2187 1621 2240 τοῦ
1650 2189 1785 2258 περὶ

287 2260 422 2314 me
452 2266 507 2312 a’
538 2262 753 2327 λόγου.

276 2377 398 2439 Πῶς
436 2370 539 2430 οῦν
577 2377 697 2446 οῦκ⁸
723 2378 976 2446 ἐμπαθὴς
1006 2379 1039 2448 ή
1072 2379 1357 2446 γέννησιςς
1394 2377 1519 2430 Ὅτι
1561 2375 1791 2443 ἀσώμα-

212 2485 316 2533 τος.
347 2469 407 2523 Ei
434 2471 555 2539 γάρ
590 2472 623 2540 ἡ
654 2470 970 2538 ὲνσὼματος
1004 2470 1281 2536 ἐμπαθὴς,
1306 2468 1524 2541 ἀπαθὴς
1562 2470 1595 2539 ὴ
1640 2467 1789 2522 ἀσώ-

220 2580 396 2625 ματος.
459 2562 612 2631 Ἐγὼ
667 2562 721 2616 δέ
775 2579 835 2616 σε
894 2565 1305 2633 ἀντερησομαιο
1357 2562 1480 2626 Πῶς
1528 2563 1684 2626 Θεὸς,
1742 2564 1790 2615 εί

217 2654 413 2721 κτίσμα
438 2669 452 2715 ;
480 2654 566 2706 Ού
603 2656 712 2724 γὰρ
744 2652 875 2717 Θεὶς
904 2656 961 2707 τ’)
1000 2656 1352 2725 κτιζὸμενονο
1392 2654 1476 2706 ἵνα
1510 2652 1584 2724 μὴ
1623 2654 1786 2723 λέγω,

218 2746 291 2798 ὅτι
341 2744 629 2799 κάνταῦθα
688 2746 883 2810 πάθος,
921 2746 988 2799 ἂν
1028 2746 1358 2814 σωματικῶς
1409 2745 1783 2814 λαμϐάνηται,

207 2828 318 2886 οἷον
367 2835 587 2905 χρόνος,
635 2836 841 2903 ἔφεσις,
889 2836 1258 2903 ἀνατύπωσις,
1310 2840 1552 2907 φροντὶς,
1606 2837 1785 2901 ἐλπὶς,

214 2924 371 2993 λύπη,
403 2927 678 2991 κίνδυνος,
709 2928 997 2999 ἀποτυχία,
1029 2928 1316 3000 διόρθωσις
1339 2945 1355 2961 ⁸
1384 2929 1421 2983 ἃ
1470 2930 1646 2984 πάντα
1693 2930 1789 2981 καὶ

217 3018 375 3070 πλείω
430 3016 648 3073 τούτων
683 3021 810 3089 περὶ
850 3022 949 3091 τὴν
997 3020 1205 3086 κτίσιν,
1238 3021 1314 3083 ὡς
1357 3022 1521 3075 πᾶσιν
1564 3019 1786 3091 εὔδηλον

210 3110 477 3182 θαυμάζω
506 3113 595 3174 δὲ.
621 3114 701 3166 ὅτι
737 3113 812 3184 μὴ
844 3115 936 3166 καὶ
967 3111 1127 3167 τοῦτο
1156 3114 1381 3185 τολμᾷς,
1408 3115 1784 3183 συνδυασμούς

1893 2118 2028 2174 Item
2076 2125 2261 2169 contra
2304 2116 2531 2170 Arianos
2555 2124 2599 2166 et
2636 2111 3020 2166 Ennontianos.
3047 2110 3223 2175 magni
3272 2104 3473 2176 Grego-

2057 2189 2124 2241 rii
2158 2186 2400 2254 Tlteologi
2436 2203 2499 2239 ea:
2543 2183 2776 2238 oratione
2803 2182 2974 2237 nrima
3027 2182 3091 2232 de
3132 2176 3300 2230 Filio.

1968 2368 2253 2436 Quomodo
2313 2382 2444 2435 ergo
2496 2380 2524 2419 a
2577 2364 2835 2436 passione
2897 2360 3161 2417 immunis
3214 2366 3297 2413 est
3344 2358 3467 2413 haec

1904 2462 2231 2536 generatio?
2262 2460 2399 2527 Quia
2434 2461 2774 2527 incorporea.
2805 2457 2859 2509 Si
2890 2454 3034 2509 extim
3070 2464 3332 2523 corpbrea
3373 2467 3465 2520 ge-

1899 2558 2111 2612 neratio
2138 2555 2447 2626 passionem
2469 2544 3023 2621 c0njunctamhaliet.
3049 2562 3244 2615 expers
3276 2546 3466 2614 utique

1898 2649 2170 2720 passionis
2217 2647 2323 2702 erit
2354 2646 2673 2714 incorporea
2707 2642 3003 2711 generandi
3057 2640 3222 2695 ratio.
3289 2640 3465 2703 Atque

1895 2754 1995 2810 ego
2022 2756 2085 2793 ex
2128 2747 2180 2793 te
2215 2737 2453 2793 vicissim
2493 2751 2732 2803 qumram
2769 2754 2784 2790 :
2828 2733 3115 2799 Quomodo
3153 2731 3295 2785 Deus
3330 2729 3457 2785 erit.

1890 2832 1940 2887 si
1978 2839 2229 2885 creatura
2256 2832 2380 2885 est?
2435 2827 2550 2882 Non
2583 2828 2726 2881 enim
2764 2825 2909 2880 Deus
2938 2840 3058 2880 esse
3088 2832 3287 2894 potest,
3319 2824 3463 2892 quod

1894 2936 2155 2991 creatur;
2189 2938 2256 2978 ne
2284 2923 2488 2984 dicam,
2522 2920 2666 2990 quod
2694 2920 2782 2973 hic
2809 2933 3029 2989 quoque
3061 2917 3248 2987 passio
3289 2919 3379 2979 sit,
3419 2917 3461 2969 .-i

1884 3013 2350 3086 corporeomodo
2382 3013 2433 3067 id
2468 3012 2792 3083 accipiatur,
2826 3012 2929 3065 hoc
2956 3019 3062 3075 est,
3090 3023 3334 3079 tempus,
3357 3024 3461 3067 cu.

1884 3108 2111 3177 .piditas,
2137 3107 2472 3170 informatio,
2502 3120 2661 3169 cura,
2695 3119 2843 3174 spes,
2881 3118 3106 3167 mceror,
3135 3103 3463 3171 periculum,

222 3220 357 3267 τινας
407 3206 645 3268 ἐννοεῖν,
684 3203 778 3258 καὶ
819 3205 1047 3275 χρόνους
1074 3207 1343 3275 κυήσεως,
1379 3208 1472 3259 καὶ
1504 3206 1783 3271 κινδύνους

1890 3201 2001 3272 spei
2036 3200 2354 3263 frustratio,
2380 3201 2652 3254 correctio
2689 3217 2703 3253 :
2760 3214 2880 3267 quae
2929 3197 3131 3262 omnia,
3167 3206 3329 3266 atque
3375 3196 3461 3251 his

220 3295 578 3362 ἀμϐλώσεως,
614 3297 688 3360 ῶς
717 3297 836 3350 οὐδὲ
867 3299 1064 3369 γεννᾷν
1119 3298 1421 3369 ἐγχωροῦν,
1457 3300 1505 3351 εί
1539 3298 1613 3369 μὴ
1642 3296 1785 3351 οὕτω

216 3389 540 3457 γεγέννηκεν
564 3405 577 3420 ·
613 3390 647 3463 ἢ
685 3391 849 3443 πάλιν
898 3392 1119 3458 πτηνῶν
1162 3409 1332 3458 τινας,
1373 3393 1470 3447 καὶ
1512 3392 1782 3463 χερσαίων

216 3481 303 3532 καὶ
355 3481 599 3552 ἐνύδρων
646 3484 936 3552 γεννήσεις
979 3484 1482 3554 ἀπαριθμούμενος,
1534 3484 1778 3536 τούτων·

218 3577 312 3625 τινὶ
339 3573 443 3627 τῶν
468 3575 790 3645 γεννήσεων
822 3576 1059 3644 ὑπάγειν
1087 3578 1188 3647 τὴν
1219 3576 1370 3629 θείαν
1424 3577 1518 3629 καὶ
1550 3575 1787 3629 ἀνεκλάο

220 3663 443 3737 λητον,ῆ
483 3666 591 3719 καὶ
630 3666 721 3720 τὸν
761 3666 891 3720 Υἱδν
926 3668 1168 3738 ἀναιρεῖν
1220 3668 1285 3721 ὲκ
1324 3667 1426 3731 τῆς
1464 3666 1657 3737 καινῆς
1690 3666 1784 3720 σοῦ

223 3756 542 3822 ὑποθέσεως.
586 3758 692 3812 Καὶ
736 3758 848 3812 οὐδ’
903 3761 1080 3813 ὲκείνο
1112 3759 1338 3816 δύνασαι
1385 3760 1644 3824 συνιδεῖν,
1700 3761 1783 3812 ὅτι

221 3840 542 3919 ᾦδιάφορος
584 3851 619 3921 ἠ
671 3852 812 3905 κατά
864 3852 1045 3919 σάρκα
1094 3855 1348 3921 γέννησις
1394 3849 1524 3923 (ποῦ
1564 3854 1673 3923 γὰρ
1724 3852 1783 3903 ἐν

220 3941 318 4002 ταῖς
366 3944 473 4004 σοῖς
535 3941 710 4008 ἔγνως
760 3943 1024 3997 Θεοτόκον
1082 3943 1405 4014 Παρθένον),
1460 3943 1632 4013 τούτῳ
1683 3942 1779 3995 καὶ

220 4031 250 4099 ἡ
305 4034 651 4104 πνευματικὴ
712 4035 971 4105 γέννησις
1033 4037 1433 4102 ὲξαλλάιτουσα
1490 4052 1503 4065 ο
1577 4036 1781 4107 μᾶλλον

224 4121 292 4181 δὲ.
322 4114 363 4189 ᾧ
410 4125 470 4177 τὸ
520 4120 662 4178 εἶναι
719 4126 796 4195 μὴ
846 4127 1062 4195 ταυτὸν,
1111 4126 1286 4197 τούτῳ
1332 4128 1427 4181 καὶ
1472 4126 1531 4180 τὸ
1583 4128 1780 4197 γεννᾷν

222 4210 367 4279 διὰφο
375 4231 485 4284 ρον.

1891 3294 2070 3363 plura.
2108 3292 2252 3346 circa
2290 3301 2597 3346 creaturam
2631 3289 2877 3346 accidere
2913 3304 3071 3344 nemo
3105 3297 3191 3343 est
3222 3288 3313 3358 qui
3350 3306 3458 3345 nou

1900 3385 2058 3441 facile
2088 3385 2401 3455 perspiciat.
2459 3384 2707 3439 Demiror
2730 3395 2938 3446 autem,
2971 3385 3104 3455 quin
3138 3394 3197 3439 tu
3230 3400 3295 3439 eo
3331 3400 3467 3453 quo-

1890 3494 1995 3550 que
2036 3478 2277 3533 nudat-ian
2329 3492 2692 3547 prorumpas,
2744 3486 2803 3531 ut
2848 3477 3026 3533 coitus
3068 3477 3357 3547 quosdam,
3412 3491 3467 3533 et

1891 3572 2279 3642 praegnationis
2311 3580 2582 3641 tempora,
2612 3581 2667 3625 et
2697 3572 2923 3625 abortus
2956 3572 3193 3641 pericula
3231 3575 3463 3641 cegites,

1892 3663 2116 3734 perinde
2144 3678 2205 3715 ac
2233 3678 2339 3715 non
2370 3663 2527 3715 aliter
2551 3662 2773 3731 gignere
2798 3662 3035 3729 potuerit
3069 3662 3250 3726 Pater,
3276 3664 3321 3717 si
3350 3680 3457 3718 non

1894 3755 1965 3808 ita
1990 3755 2246 3825 genuerit
2279 3772 2291 3808 :
2324 3766 2415 3807 aut
2454 3770 2642 3807 rursus
2680 3754 2859 3807 avium
2897 3756 3280 3821 quarumdam.
3314 3756 3458 3809 alio-

1890 3865 2125 3918 rumque
2162 3848 2510 3911 animalium,
2539 3863 2660 3916 qum
2698 3847 2781 3900 vel
2816 3847 2868 3902 in
2907 3855 3074 3910 terra,
3103 3848 3185 3902 vel
3210 3848 3264 3902 in
3301 3853 3460 3919 aquis

1891 3946 2118 4012 degunt.
2180 3941 2562 4010 generationes
2616 3956 2928 4005 enumeres,
2972 3955 3037 3995 ac
3090 3942 3327 4009 cuipiam
3366 3944 3464 3997 lia-

1887 4054 2007 4090 ruui
2058 4034 2472 4106 generationnm
2537 4030 2776 4085 divinam
2832 4032 2976 4087 illam
3029 4041 3083 4087 et
3130 4033 3457 4091 ineliabiiem

1885 4129 2170 4198 SiliijiCias,
2197 4138 2289 4182 aut
2317 4127 2476 4181 etiam
2504 4124 2704 4179 Filium
2741 4141 2835 4194 per
2866 4126 3005 4180 hanc
3041 4141 3238 4180 novam
3279 4130 3457 4197 hypa-

1885 4221 2082 4276 thesim
2113 4221 2181 4274 de
2224 4220 2406 4274 medio
2435 4218 2613 4273 tollas.
2644 4218 2721 4271 Ac
2748 4234 2813 4271 ne
2845 4217 2978 4272 illud
3002 4219 3223 4288 quidem
3252 4222 3461 4290 perspi-

225 4317 334 4358 cere
359 4318 529 4375 potes,
573 4308 731 4379 cujus
755 4308 972 4364 diversa
1022 4310 1093 4364 sit
1121 4310 1360 4365 carnalis
1391 4314 1668 4383 generatio
1715 4314 1939 4386 (alicubi
1975 4314 2119 4369 enim
2162 4314 2304 4384 apud
2345 4312 2594 4370 homines
2634 4311 2915 4380 Deiparam
2958 4310 3233 4382 Virginem
3270 4317 3456 4385 nosti).

224 4400 372 4470 hujus
394 4402 669 4458 diversam
701 4418 920 4474 quoque
949 4413 1109 4475 atque
1148 4406 1218 4461 ab
1256 4407 1383 4462 aliis
1434 4409 1834 4479 discrepantem
1874 4425 1995 4467 esse
2024 4410 2361 4479 spiritualem
2401 4407 2802 4476 generationem
2840 4424 2854 4459 :
2886 4406 2989 4471 vel,
3032 4417 3087 4461 ut
3124 4409 3327 4465 rectius
3376 4411 3458 4466 di-

224 4505 353 4557 cam,
392 4494 551 4564 cujus
578 4509 700 4549 esse
730 4494 909 4564 ipsum
944 4494 1169 4549 minime
1194 4495 1333 4549 idem
1363 4499 1455 4561 sit,
1490 4499 1609 4570 ejus
1633 4500 1902 4554 diversam
1930 4513 2147 4569 quoque
2167 4513 2290 4553 esse
2324 4497 2621 4568 generandi
2674 4496 2965 4551 rationem.

287 4583 375 4647 Τίς
407 4583 498 4639 οῦν
536 4587 655 4640 ἐστι
706 4586 897 4656 Πατὴρ
932 4587 1034 4639 ούκ
1080 4587 1395 4658 ἡργμένος;
1433 4590 1623 4654 Ὅστις
1658 4592 1776 4645 οῦδὲ

1955 4593 2218 4657 Quisnam
2270 4604 2401 4658 ergo
2451 4597 2535 4643 est
2592 4588 2748 4641 Pater
2784 4590 2871 4641 ille
2922 4589 3172 4659 principii
3220 4596 3456 4660 expers?

222 4674 307 4726 τοῦ
345 4672 479 4731 εἶναι
528 4676 773 4749 ἧρξατοο
825 4671 869 4745 ᾧ
916 4677 972 4730 δὲ
1023 4679 1085 4730 τὸ
1136 4676 1277 4733 εἶναι
1324 4680 1552 4751 ἧρξατο,
1602 4684 1778 4754 τούτῳ

226 4768 407 4819 καὶτὸ
454 4764 597 4821 εἶναι
650 4767 847 4838 Πατρί.
889 4769 1099 4822 Οὐκοῦν
1157 4771 1345 4842 Πατὴρ
1402 4771 1651 4843 ὕστερον,
1714 4774 1775 4826 ού

223 4859 323 4928 γὰρ
372 4861 571 4931 ἤρξατο
607 4876 622 4893 ο
682 4862 774 4914 καὶ
830 4861 1015 4932 Πατὴρ
1080 4864 1333 4934 κυρίως,
1393 4866 1474 4918 ὅτι
1546 4866 1620 4934 μὴ
1684 4866 1776 4919 καὶ

228 4949 339 5014 Υίός
362 4970 375 4983 ·
414 4953 603 5023 ὥσπερ
633 4955 727 5006 καὶ
761 4954 887 5017 Υἰδς
921 4953 1153 5023 κυρίως,
1195 4955 1277 5007 ὅτι
1327 4957 1402 5025 μὴ
1436 4961 1526 5009 καὶ
1560 4959 1773 5029 Πατήρ.

226 5039 299 5092 Τὰ
330 5044 431 5109 γὰρ
461 5046 727 5114 ἡμέτερα,
782 5045 842 5095 ού
899 5042 1125 5113 κυρίως,
1184 5046 1265 5099 ὃτι
1313 5048 1411 5099 καὶ
1452 5048 1651 5117 ἀμφω”
1712 5051 1772 5102 ού

228 5134 323 5201 γὰρ
346 5136 457 5187 τόδε
491 5136 711 5205 μᾶλλον,
753 5135 785 5205 ἢ
814 5136 933 5188 τοδε
957 5152 970 5166 ·
1009 5137 1104 5189 καὶ
1134 5138 1192 5203 ἐξ
1232 5139 1434 5208 ἀμφοῖν
1466 5142 1647 5209 ἡμεῖς,
1675 5143 1774 5213 οὐχ

228 5223 356 5290 ἑνὸς,
402 5227 539 5280 ὥστε
602 5226 946 5297 μερίζεσθαι,
1006 5228 1098 5280 καὶ
1153 5229 1275 5281 κατ’
1326 5230 1506 5298 ὀλίγον
1560 5231 1773 5301 ἀνθρω-

230 5331 310 5367 ποι
338 5333 351 5348 ο
399 5320 490 5371 καὶ
534 5320 663 5382 ἴσως
705 5319 828 5372 οὐδὲ
872 5319 1172 5389 ἄνθρωποι,
1226 5322 1321 5374 καὶ⁵
1364 5316 1466 5376 οἷοι
1508 5323 1582 5394 μὴ
1621 5325 1773 5376 τεθε-

227 5403 443 5475 λὴμεθα,
479 5414 568 5464 καὶ
601 5412 876 5478 ἀφιέντες,
904 5414 996 5463 καὶ
1040 5413 1346 5481 ἀφιέμενοι,
1372 5414 1446 5477 ὡς
1475 5415 1641 5485 μόνας
1672 5419 1771 5481 τὰς

230 5500 421 5566 σχέσεις
444 5502 725 5556 λείπεσθαι
748 5503 993 5572 ὀρφανὰς
1016 5503 1510 5574 τῶνηπραγμάτων.
1531 5507 1693 5559 ’Δλλὰ
1712 5508 1771 5559 τὸ

228 5588 516 5660 ἐγέννησε,
553 5597 736 5664 φησὶν,
772 5590 1047 5659 αύτὸ,’3ιαὶ
1075 5597 1133 5647 τὸ
1159 5595 1527 5665 γεγέννηται,
1556 5600 1610 5649 τί
1640 5598 1770 5651 ἄλλο

229 5677 256 5745 ἢ
286 5684 447 5753 ορχὴν
478 5689 689 5754 εἰσάγει
722 5688 1064 5756 γεννήσεως;
1100 5687 1164 5738 Τί
1188 5688 1282 5741 οῦν
1319 5690 1385 5741 ἂν
1419 5690 1559 5759 μηδὲ
1608 5691 1769 5744 τοῦτο

230 5772 475 5843 λέγωμεν,
508 5778 617 5833 ἀλλ’
646 5775 718 5851 ἦν
751 5780 845 5833 ἀπ’
880 5778 1057 5849 ἀρχῆς
1089 5780 1511 5851 γεγεννημένος,
1553 5782 1638 5835 ίνα
1672 5799 1766 5836 σου

228 5863 404 5932 ῥᾳδίως
434 5870 685 5944 φύγωμεν
712 5872 810 5935 τὰς
842 5871 1167 5942 περιέργους
1201 5872 1504 5942 ἐνστάσεις,
1538 5875 1631 5927 καὶ
1680 5893 1771 5944 φι-

1880 4684 1931 4738 ls
1968 4697 2184 4752 nempe,
2214 4680 2379 4749 cujus
2432 4694 2502 4734 ne
2559 4680 2666 4734 ulla
2717 4681 2940 4750 quidem
2977 4680 3152 4750 ipsius
3201 4685 3456 4740 essentia

1879 4775 2035 4844 origo
2083 4773 2308 4843 reperiri
2354 4780 2554 4841 potest.
2603 4772 2709 4839 Qui
2758 4785 2937 4827 autem
2986 4774 3283 4844 aliquando
3330 4791 3461 4834 esset

1880 4869 2074 4937 coepit,
2112 4867 2201 4922 hic
2233 4881 2452 4937 quoque
2484 4866 2826 4935 paternitatis
2857 4884 2971 4922 sua:
3002 4868 3311 4937 principum
3342 4869 3445 4924 ha-

1882 4958 2018 5010 buit.
2092 4955 2211 5011 Non
2262 4958 2429 5027 igitur
2474 4956 2635 5011 Pater
2678 4966 2865 5027 postea
2923 4960 3154 5022 exstitit,
3204 4963 3451 5028 quando-

1877 5051 2095 5119 quidem
2150 5063 2250 5102 nee
2280 5062 2404 5103 esse
2456 5047 2753 5118 aliquando
2793 5050 2959 5117 erepit
3002 5067 3015 5103 :
3049 5058 3103 5105 et
3134 5049 3296 5106 Pater
3331 5067 3454 5119 pro-

1878 5144 1991 5210 prie
2018 5151 2119 5199 est.
2148 5141 2274 5208 quia
2310 5154 2417 5194 non
2446 5141 2614 5193 etiam
2643 5139 2814 5194 Filius
2841 5158 2853 5194 :
2883 5144 3340 5211 quemadmodum
3372 5146 3448 5197 vi-

1877 5233 2060 5287 cissim
2101 5230 2275 5286 Filius
2308 5233 2529 5302 proprie
2560 5232 2728 5297 (ilius,
2763 5233 2893 5302 quia
2925 5250 3032 5288 non
3063 5236 3228 5289 etiam
3260 5236 3445 5291 Pater.

1876 5322 2009 5376 Nam
2043 5324 2188 5393 quod
2230 5323 2296 5375 ad
2331 5337 2431 5376 nos
2464 5325 2680 5386 attinet,
2723 5333 2921 5376 neutro
2952 5323 3173 5380 neruine
3219 5330 3445 5394 proprie

1874 5414 2132 5485 appellari
2187 5429 2516 5484 possumus,
2556 5414 2825 5484 quoniam
2874 5425 3169 5484 utrumque
3210 5433 3439 5479 sumus;

1873 5521 2052 5575 neque
2084 5505 2185 5561 hoc
2220 5506 2437 5575 potius,
2468 5520 2631 5574 quam
2664 5506 2834 5572 illud;
2874 5521 2974 5561 nec
3003 5522 3068 5561 ex
3101 5522 3228 5573 uno,
3260 5509 3351 5562 sed
3376 5525 3441 5563 ex

1875 5608 2107 5666 utroque
2144 5606 2373 5666 parente
2421 5596 2721 5661 nascimur,
2752 5611 2817 5650 ae
2854 5598 3082 5664 proinde
3122 5600 3439 5663 dividimur,

1873 5690 2241 5759 paulatimque
2297 5687 2549 5743 homines
2578 5687 2875 5755 eﬂicimur;
2930 5690 3040 5744 imo
3080 5706 3147 5745 ne
3191 5692 3438 5749 homines

1870 5783 2086 5851 quidem
2112 5780 2368 5845 fortasse,
2403 5789 2457 5833 et
2477 5780 2668 5849 quales
2698 5782 2995 5846 noluimus,
3023 5793 3136 5837 tum
3158 5783 3440 5847 dimitten-

1873 5885 1973 5943 tes,
1994 5883 2105 5928 tum
2132 5872 2367 5941 dimissi,
2398 5872 2534 5929 adeo
2561 5881 2618 5929 ut
2642 5874 2771 5930 sola:
2796 5876 3088 5933 relationes
3114 5880 3275 5934 rebus
3304 5879 3438 5948 ipsis
