3770 6564
405 352 511 414 559

1648 346 2031 406 EU'l‘llYMIl
2086 345 2449 415 ZlGABENI

3512 361 3594 425 560

411 471 562 524 orba:
603 466 1003 538 relinquantur.
1033 466 1122 533 At,
1153 465 1389 535 inquies,
1429 465 1607 537 ipsum
1642 468 1760 530 hoc,
1799 470 1973 538 genuit

2081 468 2402 538 λοκρόιους;
2458 458 2603 533 Ἆραι
2652 462 2868 533 γραφὴν
2914 461 3158 529 ἀποίσεις
3207 466 3319 521 καθ’
3350 472 3594 545 imiimi»:

403 572 455 617 et
484 561 693 643 genitus
718 569 816 623 est,
860 557 989 626 quid
1014 556 1158 611 aliud
1185 571 1347 627 quam
1381 560 1744 627 generationis
1776 559 1978 629 princi-

405 654 559 725 pium
606 650 850 706 inducit?
871 648 981 717 Ego
1023 664 1150 705 vero
1180 650 1252 703 ita
1285 651 1584 721 respondeo
1611 668 1622 703 :
1660 651 1801 717 Quid
1835 653 1879 706 si
1912 669 1977 708 ne

404 748 507 801 lioe
531 746 752 815 quidem
805 745 1120 809 dixerimus,
1184 747 1317 809 sed,
1374 762 1401 797 a
1441 744 1708 814 principio
1768 747 1979 816 genitus

401 844 542 901 erat,
578 848 635 888 ut
661 837 905 890 curiosas
923 834 1070 905 ipsas
1092 848 1155 887 ac
1182 836 1446 903 temporis
1481 835 1690 889 amicas
1713 835 1977 904 objectio-

406 946 505 984 nes
535 928 685 983 nullo
724 928 942 997 negotio
984 925 1297 997 fugiamus?
1331 930 1412 981 An
1464 937 1517 981 tu
1551 930 1760 982 crimen
1817 929 1975 984 nobis

403 1023 628 1088 inferes,
660 1024 819 1093 quasi
861 1022 1162 1092 Scriptura?
1195 1038 1258 1077 ac
1298 1024 1543 1076 veritatis
1576 1025 1778 1092 aliquid
1815 1024 1969 1077 adul-

403 1113 690 1167 terentur?
730 1112 923 1166 Nonne
977 1116 1153 1167 cuivis
1212 1110 1555 1181 perspicuum
1597 1124 1701 1178 est,
1741 1131 1804 1168 ac
1840 1131 1977 1184 prae-

402 1205 593 1259 sertim
640 1205 692 1258 in
720 1202 1017 1275 Scriptura:
1067 1220 1163 1258 usu
1196 1206 1452 1274 positum,
1488 1216 1546 1257 ut
1603 1205 1859 1274 pleraque
1908 1221 1973 1259 ex

402 1298 513 1361 bis,
548 1312 669 1366 quae
701 1297 1072 1367 temporalitcr
1109 1298 1380 1359 dicuntur,
1413 1298 1629 1349 inversa
1676 1308 1978 1365 temporum

404 1389 619 1443 ratione
668 1389 1038 1457 proferantur,
1062 1403 1163 1441 nec
1187 1403 1249 1441 ea
1302 1386 1499 1450 solum,
1552 1401 1673 1453 qua:
1723 1385 1983 1455 praileriti

2084 556 2618 630 παραχαραττὸντων
2648 573 2697 607 τι
2716 554 2815 625 τῆς
2847 553 3070 623 Γραφῆς
3096 558 3189 609 καὶ.
3219 560 3311 627 τῆς
3343 562 3595 637 ἁληθείας·;

2089 654 2159 709 Ἦ
2200 656 2362 706 πᾶσιν
2391 649 2613 720 εὔδηλον
2641 650 2723 702 ὅτι
2755 648 2924 702 πολλά
2956 650 3063 701 τῶν
3109 654 3360 720 χρονικῶς
3405 656 3593 729 λεγομέ,

2081 762 2209 809 νων,
2244 743 2660 815 ἐνηλλαγμένως
2717 743 2825 805 τοῖς
2876 743 3088 811 χρόνοις
3137 746 3467 814 προφέρεται,
3522 758 3598 809 καὶ

2086 838 2325 909 μάλιστα
2358 838 2510 905 παρὰ
2545 838 2611 904 τῇ
2643 834 2901 904 συνηθείᾳ
2930 835 3026 902 τῆς
3084 834 3228 894 θείας
3260 838 3479 908 Γραφῐκ,
3520 847 3597 916 οὺχ

2083 931 2182 984 ὅσα
2206 928 2298 983 τοῦ
2331 927 2770 998 παρεληλυθότος
2801 929 2991 997 χρόνου
3055 928 3213 998 μόνον
3264 930 3418 996 ἐστὶν,
3476 937 3598 1005 ἢτοῦ

2088 1025 2383 1093 παρόντος,
2418 1023 2553 1077 ἀλλὰ
2590 1025 2683 1074 καὶ
2715 1024 2814 1076 ὅσα
2850 1022 2940 1074 τοῦ
2978 1023 3281 1091 μέλλοντο;,
3307 1024 3375 1086 ὠς
3404 1027 3475 1091 τὸ,
3496 1031 3601 1084 “Im

2072 1114 2129 1168 τί
2159 1114 2468 1182 ἐφρύαξαν
2488 1113 2635 1178 ἔθνη
2662 1130 2677 1179 ;
2712 1111 2771 1165 οὔ
2785 1131 2864 1164 πω
2892 1116 2999 1180 γὰρ
3030 1113 3374 1182 sema-gum.
3405 1126 3501 1184 και,
3521 1121 3602 1174 Ἐν

2077 1200 2320 1271 ποταμῷ
2351 1204 2776 1256 διελεύσονται
2798 1201 2960 1255 πυδι·
3004 1204 3141 1271 ὅπερ
3170 1206 3303 1268 ἐστὶ,
3322 1206 3601 1279 διαδεδὴκα.

2082 1312 2189 1349 σιν.
2221 1296 2328 1347 Καὶ
2362 1295 2570 1365 μακρὸν
2598 1294 2664 1348 ἂν
2685 1294 2771 1363 εἴη
2805 1296 2981 1358 πάσας
3012 1297 3340 1365 ἀπαριθμεῖν
3360 1300 3603 1361 τὰςτιιιύ-

2086 1404 2185 1450 τας
2225 1388 2431 1455 φωνὰς,
2458 1386 2512 1439 αἳ
2543 1389 2654 1450 τοῖς
2686 1388 2990 1454 φιλοπόνοις
3021 1393 3361 1459 τετήρηνται.

407 1488 665 1557 temporis
699 1495 848 1553 sunt,
888 1495 981 1539 aut
1021 1485 1325 1554 praesentis,
1362 1483 1458 1538 sed
1490 1484 1651 1536 etiam
1680 1498 1803 1552 qua:
1819 1483 1987 1538 futuri
2013 1483 2462 1553 signiticatimiem
2488 1484 2856 1550 habentiouo
2882 1485 2936 1538 in
2968 1502 3166 1555 genere
3189 1488 3316 1541 illud
3333 1501 3408 1542 est
3436 1492 3610 1557 :Qttare

405 1580 733 1648 {reticuerunt
766 1588 941 1648 gentes
967 1578 1028 1631 "l
1060 1577 1345 1648 (Nondum
1380 1576 1523 1629 enim
1554 1574 1933 1647 fretnnerant.)
1974 1575 2060 1640 Et,
2104 1576 2166 1631 In
2190 1577 2408 1646 ﬂumine
2440 1578 2833 1642 pertransibunt
2863 1580 2992 1643 pede
3021 1582 3063 1647 ’,
3100 1579 3151 1633 id
3181 1591 3281 1647 est,
3326 1590 3607 1651 pertransis-

410 1684 561 1733 runt.
585 1672 758 1731 Nimis
801 1674 1015 1743 longum
1049 1671 1189 1725 foret
1212 1685 1401 1725 omnes
1434 1673 1745 1741 hujusmodi
1786 1689 1948 1729 voces
1974 1688 2281 1740 recensere,
2332 1691 2454 1744 qua)
2484 1691 2514 1729 a
2548 1675 2810 1731 studiosis
2836 1678 3136 1732 observata:
3159 1688 3304 1732 sunt.

901 1768 986 1821 Ex
1019 1768 1117 1823 ead
1121 1785 1202 1821 ent
1225 1771 1484 1827 oratione.

487 1866 666 1935 Atque
707 1863 774 1918 ad
824 1863 970 1917 hunc
1020 1864 1236 1916 tnodum
1278 1877 1339 1916 se
1381 1863 1543 1918 habet
1590 1862 1707 1916 haec
1760 1861 1982 1916 illorum

404 1960 658 2031 objectio.
714 1955 831 2010 lam
893 1955 1055 2025 quale
1121 1954 1255 2009 illud
1323 1969 1513 2008 eorum
1566 1964 1668 2019 est,
1718 1953 1982 2022 cujusque

406 2051 624 2107 rixandi
677 2048 920 2106 libidinis
956 2059 1011 2102 et
1056 2046 1447 2117 impudentia?
1501 2043 1602 2099 Vel
1650 2046 1858 2110 volens,
1893 2048 1977 2099 in-

406 2147 624 2216 quiunt,
668 2140 863 2195 Filium
897 2142 1105 2211 genuit,
1155 2138 1237 2194 vel
1261 2139 1470 2193 nolens.
1491 2138 1569 2192 Ac
1600 2137 1798 2193 deinde
1826 2138 1981 2192 nexi-

408 2242 535 2303 bus,
577 2248 636 2293 ut
670 2236 890 2307 quidem
938 2236 1043 2305 ipsi
1074 2242 1288 2304 putant,
1324 2232 1579 2301 utrinque
1632 2232 1979 2286 adversarios

407 2333 646 2400 illigant,
678 2346 784 2385 non
817 2340 997 2383 tamen
1041 2326 1232 2390 tinnis,
1263 2330 1356 2380 sed
1384 2341 1642 2394 perquam
1672 2325 1837 2379 etiam
1881 2325 1984 2379 im-

406 2421 638 2478 becillis.
666 2420 723 2474 Si
763 2422 907 2474 enim
935 2418 1145 2483 uolens,
1179 2417 1448 2486 inquiunt,
1485 2416 1563 2470 vis
1590 2431 1719 2485 ergo
1738 2416 1789 2471 ei
1821 2415 1979 2470 allata

407 2526 513 2570 est.
544 2514 612 2569 Et
660 2515 914 2583 quisnam
967 2519 1051 2564 est
1085 2511 1179 2579 qui
1219 2510 1323 2562 vim
1366 2509 1590 2561 intulit?
1642 2510 1710 2564 Et
1765 2525 1979 2573 rursus,

407 2598 707 2666 quomodo,
754 2595 840 2650 cui
886 2596 966 2650 vis
997 2595 1155 2648 allata
1190 2604 1304 2659 est,
1344 2593 1484 2647 Deus
1531 2608 1649 2647 esse
1678 2595 1893 2657 potest?
1921 2597 1977 2651 Si

404 2695 587 2740 autem
614 2685 821 2749 volens,
843 2700 971 2755 ergo
995 2684 1184 2750 Filius,
1210 2683 1502 2738 voluntatis
1525 2695 1609 2739 est
1636 2683 1825 2739 Filius.
1858 2682 1977 2751 Quo

403 2775 568 2845 igitur
610 2778 767 2830 modo
816 2791 882 2830 ex
930 2776 1092 2831 Patre
1140 2777 1452 2845 progenitus
1496 2775 1623 2830 est?
1670 2777 1746 2830 lta
1788 2791 1978 2831 novatn

402 2870 688 2935 quamdam
728 2878 976 2932 matrem,
1014 2868 1364 2932 voluntatem,
1410 2870 1580 2937 patris
1613 2869 1730 2923 loco
1757 2869 1984 2924 commi-

403 2960 705 3015 niscuntur.
759 2961 815 3014 In
867 2961 969 3015 hoc
1001 2961 1217 3030 quidem
1249 2972 1589 3029 argumento,
1619 2962 1850 3030 primum
1880 2963 1981 3015 hoc

402 3054 597 3107 scitum
624 3068 689 3107 ac
732 3053 965 3122 lepidum
1015 3061 1120 3117 cst,
1149 3057 1293 3123 quod
1325 3070 1353 3107 a
1383 3055 1634 3123 passione
1669 3053 1781 3117 illa,
1816 3070 1977 3122 quam

405 3153 684 3214 tantopere
732 3145 1040 3213 urgebant,
1086 3144 1475 3213 abscedentes,
1532 3147 1596 3200 ad
1646 3147 1978 3202 voluntatem

402 3237 755 3306 confugiunt;
796 3253 901 3292 non
941 3238 1086 3291 enirn
1125 3239 1306 3306 passio
1347 3248 1431 3293 est
1460 3243 1731 3293 voluntas.
1774 3238 1982 3293 Deinde

402 3328 683 3385 videamus
709 3371 721 3391 ,
945 3328 1197 3396 obsecro,
1242 3345 1405 3399 quam
1457 3330 1562 3382 vim
1598 3330 1796 3383 habeat
1838 3329 1982 3398 quod

405 3418 611 3473 dicunt.
665 3416 936 3486 Optimum
993 3428 1171 3473 autem
1221 3419 1420 3486 fuerit,
1470 3420 1621 3491 prius
1675 3436 1798 3473 cum
1854 3421 1982 3490 ipsis

405 3510 594 3577 pedem
624 3511 846 3581 propius
877 3511 1148 3567 conferre.
1185 3512 1276 3567 Dic
1300 3528 1429 3582 ergo
1453 3512 1588 3581 ipse,
1619 3513 1865 3583 quisquis
1895 3529 1975 3579 es,

405 3601 496 3669 qui
526 3609 762 3669 temere,
797 3603 1061 3673 quidquid
1096 3602 1261 3658 libido
1295 3614 1380 3657 tua
1415 3603 1635 3669 tulerit,
1672 3604 1871 3662 ell‘utis.
1904 3605 1980 3660 Ex

404 3697 616 3750 volente
656 3707 807 3765 patre
847 3707 935 3752 tuo
972 3705 1287 3765 procreatus
1312 3713 1392 3763 es,
1436 3713 1503 3751 an
1543 3699 1797 3753 nolente?
1826 3698 1881 3754 Si
1913 3715 1980 3753 ex

410 3786 645 3855 nolente,
678 3787 757 3843 vis
784 3804 911 3857 ergo
945 3790 993 3843 ei
1028 3788 1188 3841 allata
1223 3798 1326 3842 est.
1351 3785 1396 3843 Ο
1424 3790 1701 3859 indignum
1733 3789 1976 3843 facinus!

405 3878 470 3932 Et
493 3880 614 3949 quis
644 3881 861 3934 tandem
909 3882 955 3935 ei
996 3881 1101 3934 vim
1135 3880 1351 3935 attulit?
1398 3880 1513 3936 Non
1549 3883 1693 3936 enim
1736 3881 1981 3950 profecto

404 3982 653 4026 naturam
687 3974 909 4029 dixeris.
950 3974 1079 4029 Nam
1112 3976 1159 4030 ei
1196 3993 1412 4047 quoque
1437 3992 1535 4031 sua
1576 3987 1792 4033 constat
1815 3979 1981 4032 casti-

406 4073 508 4117 tas.
540 4063 595 4117 Si
643 4074 822 4118 autem
855 4080 919 4119 ex
960 4067 1175 4122 volente
1207 4077 1359 4136 patre
1381 4108 1397 4133 ,
1438 4077 1591 4135 pater
1624 4068 1717 4121 tibi
1764 4078 1982 4136 propter

404 4168 603 4223 paucas
648 4154 882 4225 syllabas
927 4158 1125 4225 periit:
1174 4158 1467 4213 voluntatis
1497 4158 1763 4229 siquidem
1800 4159 1976 4223 illius,

403 4260 468 4298 ac
504 4260 608 4298 non
643 4247 812 4312 patris
839 4249 1117 4303 exstitisti.
1150 4250 1254 4304 Sed
1297 4253 1362 4304 ad
1411 4251 1576 4305 Deum
1608 4264 1660 4305 et
1702 4262 1982 4307 creaturas

406 4348 670 4401 transeo,
720 4353 783 4391 ac
834 4348 1097 4393 tuammet
1139 4342 1493 4409 qumstionem
1548 4342 1823 4410 sapientiae
1875 4350 1981 4396 tua:

402 4427 685 4483 admoveo.
740 4428 1010 4484 ‘Volensne
1070 4430 1212 4486 Deus
1259 4432 1563 4488 universam
1613 4434 1749 4488 hanc
1794 4448 1976 4488 rerum

403 4519 597 4575 molem
626 4521 898 4583 condidit.
929 4539 997 4576 an
1043 4523 1229 4579 nolens
1254 4534 1306 4579 et
1340 4525 1604 4580 coaetus?
1641 4524 1697 4581 Si
1729 4538 1976 4590 coactus.

403 4610 492 4665 llic
518 4622 733 4683 quoque
761 4614 841 4668 vis
874 4614 1153 4681 adhibita,
1202 4627 1258 4671 et
1289 4616 1507 4687 quidam
1543 4619 1634 4687 qui
1682 4618 1786 4672 vim
1825 4618 1979 4673 adhi-

400 4702 534 4757 buit.
588 4704 644 4759 Si
684 4714 864 4760 autem
916 4706 1133 4773 volens,
1183 4709 1445 4764 onbantur
1503 4711 1647 4777 Deo,
1704 4721 1814 4765 tum
1863 4709 1981 4765 alia:

401 4804 695 4862 creaturae,
745 4807 855 4853 tum
888 4809 939 4851 tu
985 4813 1095 4868 prae
1126 4802 1371 4862 caeteris,
1402 4802 1493 4871 qui
1528 4803 1662 4857 tales
1693 4801 1982 4858 ratiocina-

403 4884 613 4949 tiones,
641 4887 879 4956 talesque
908 4890 1194 4943 verbormn
1229 4891 1506 4960 captiones
1556 4893 1853 4964 excogitas.
1891 4894 1978 4945 lu-

406 4976 664 5029 termedia
695 4978 891 5046 quippe
923 4979 1199 5036 voluntate
1232 4996 1260 5034 a
1292 4981 1553 5036 Creatore
1576 4982 1977 5051 disjungentur.

406 5061 603 5118 Verum
637 5066 783 5120 aliud
805 5108 819 5133 ,
851 5067 901 5121 ni
938 5067 1116 5134 l‘allor,
1146 5080 1229 5124 est
1260 5071 1468 5133 volens,
1507 5070 1652 5125 aliud
1682 5071 1929 5127 voluntas
1959 5092 1973 5129 :

404 5155 550 5208 aliud
576 5155 823 5224 gignens,
857 5158 1000 5211 aliud
1044 5160 1323 5228 generatio
1357 5178 1370 5213 :
1400 5160 1545 5215 aliud
1587 5161 1677 5230 qui
1712 5160 1969 5229 loquitur,

405 5246 550 5301 aliud
596 5263 811 5315 sermo,
856 5251 958 5306 nisi
1005 5250 1143 5306 forte
1202 5252 1479 5305 temulenti
1530 5254 1720 5307 simus.
1774 5252 1965 5306 llormt

407 5340 552 5394 enim
593 5341 822 5396 alterum
850 5351 969 5410 est,
998 5344 1042 5397 is
1066 5345 1156 5413 qui
1187 5355 1395 5407 movet,
1420 5344 1649 5398 alterum
1681 5347 1825 5400 velut
1860 5362 1980 5399 mo-

409 5440 495 5486 tus
525 5432 656 5501 ipse.
696 5431 814 5489 Non
844 5448 973 5505 ergo
1004 5434 1297 5489 voluntatis
1330 5444 1449 5500 est,
1508 5435 1727 5490 volinnn
1775 5438 1982 5509 (neque

2551 1770 2654 1825 Ἐκ
2680 1770 2788 1824 τοῦ
2818 1770 3006 1823 αὑτοῦ
3039 1769 3249 1837 λόγου.

2016 1877 2053 1929 Β
2161 1858 2335 1913 Τούτο
2369 1862 2467 1930 μὲν
2497 1860 2561 1931 δὴ
2612 1859 2876 1916 τοιοῦτον.
2914 1856 3039 1913 Οἶον
3072 1861 3131 1913 δὲ
3187 1862 3361 1913 αὐτῶν
3415 1865 3606 1935 κάκεῖνο,

2084 1953 2159 2016 ὡς
2178 1952 2297 2005 λίαν
2313 1952 2497 2023 δύσερι
2523 1953 2614 2005 καὶ
2639 1953 3029 2022 ἀναίσχυντοη
3067 1953 3371 2023 Βουληθεὶς,
3394 1960 3611 2027 φασὶ,γε-

2085 2047 2317 2115 γέννηκε
2340 2046 2429 2100 τὸν
2460 2046 2609 2111 Υίὸν,
2640 2046 2675 2116 ἢ
2709 2046 2784 2117 μὴ
2814 2045 3158 2116 βουλόμενος.
3190 2044 3315 2098 Εἶτα
3344 2049 3609 2118 δεσμοῦσιν,

2084 2140 2159 2202 ὡς
2188 2140 2413 2204 οἴονται,
2458 2138 2849 2208 ἀμφοτέρωθεν
2908 2136 3186 2207 ἂμμασιν,
3246 2143 3343 2191 οὐκ
3393 2144 3608 2211 ἰσχυροῖς,

2086 2237 2222 2290 ἀλλὰ
2275 2235 2368 2288 καὶ
2426 2234 2545 2287 λίαν
2612 2233 2855 2303 σαθροῖς.
2918 2232 2982 2285 Ει
3035 2236 3136 2302 μὲν
3198 2236 3302 2301 γὰρ
3353 2236 3409 2286 οὺ
3456 2236 3613 2306 θέλων,

2088 2330 2247 2399 φασὶ,
2275 2330 2687 2396 τετυραννηται.
2739 2326 2847 2379 Kat‘t
2898 2326 2983 2388 τίς
3045 2327 3073 2377 6
3120 2326 3486 2396 τυραννήσας,
3531 2331 3615 2385 Καὶ

2088 2421 2206 2483 πῶς
2250 2422 2278 2474 6
2311 2420 2691 2491 τυραννηθεὶς,
2725 2420 2857 2483 Θεὸς
2877 2433 2895 2487 ;
2929 2419 2991 2473 Εἰ
3021 2417 3078 2470 δὲ
3137 2418 3330 2479 θέλων,
3387 2419 3612 2491 θελήσεως

2092 2512 2241 2578 Υἱὸς,
2262 2514 2291 2565 6
2321 2511 2471 2575 Υἱύςο
2490 2509 2611 2574 πῶς
2634 2507 2728 2565 οὖν
2757 2512 2820 2564 ἐκ
2872 2508 2967 2563 τοῦ
3020 2510 3238 2579 Πατρός
3267 2525 3286 2577 ;
3318 2512 3418 2562 Καὶ
3462 2518 3613 2585 καινὴν

2077 2614 2201 2651 τινα
2235 2600 2450 2675 μητέρα
2474 2603 2571 2672 τὴν
2608 2602 2826 2673 θέλησιν
2867 2605 2987 2659 ἀντὶ
3020 2603 3111 2660 τοῦ
3148 2605 3358 2677 Πατρὺς
3391 2606 3613 2658 ἀναπλάτ-

2075 2702 2281 2742 τουσιν.
2328 2692 2424 2746 ’Ἑν
2476 2693 2573 2763 μὲν
2607 2690 2700 2746 οὖν
2730 2694 2888 2747 τοῦτο
2920 2694 3110 2766 χάριεν
3139 2694 3321 2748 αὐτῶν
3342 2734 3355 2757 ,
3401 2695 3459 2749 ἂν
3488 2695 3610 2748 τοῦτο

2075 2777 2329 2848 λέγωσιν,
2356 2782 2439 2835 ὅτι
2473 2782 2564 2837 τοῦ
2595 2784 2798 2848 πάθους
2825 2785 3188 2849 ἀποστάντες,
3223 2787 3314 2838 ἐπὶ
3340 2786 3431 2856 τὴν
3462 2785 3611 2856 βούλη-

2079 2886 2162 2922 σιν
2194 2871 2657 2941 καταφεύγουσιν·
2696 2875 2754 2926 ού
2797 2874 2905 2944 γὰρ
2940 2874 3111 2937 πάθος
3149 2912 3165 2935 ,
3311 2876 3343 2944 ἡ
3384 2873 3608 2943 βούλησις.

2077 2960 2337 3031 Δεύτερον
2366 2962 2443 3026 δὲ,
2471 2964 2666 3034 ἴδοιμεν
2688 2964 2749 3017 τὸ
2785 2965 3000 3037 ἰσχυρὸν
3032 2965 3237 3030 αὐτῶν,
3261 2966 3287 3018 ὃ
3310 2983 3360 3017 τι
3386 2965 3608 3032 λέγουσιν’

2076 3052 2297 3123 ἄριστον
2336 3054 2390 3107 δὲ
2421 3056 2606 3119 αὐτοῖς
2645 3057 3031 3128 συμπλακῆναι
3068 3056 3341 3128 πρότερον
3361 3056 3609 3125 ἐγγυτέρω.

2075 3144 2148 3195 Σὺ
2180 3144 2234 3197 δὲ
2261 3145 2421 3208 αὐτὸς
2448 3149 2475 3200 ὁ
2516 3147 2688 3214 λέγων
2715 3149 2953 3220 εὐχερῶς
2982 3150 3011 3200 ὃ
3051 3165 3103 3201 τι
3138 3148 3208 3201 ἂν
3239 3147 3392 3220 θέλῃς
3419 3190 3433 3213 ,
3564 3147 3613 3197 ὲκ

2008 3218 2048 3274 (ἶ
2078 3233 2321 3300 θέλοντος
2361 3237 2600 3310 ὑπέστης
2632 3239 2724 3290 τοῦ
2753 3218 2854 3292 σοῦή
2875 3239 3100 3311 πατρὸς,
3125 3239 3157 3310 ἢ
3195 3239 3269 3310 μὴ
3299 3218 3543 3301 θέλοντοςς
3565 3238 3611 3290 Εἰ

2081 3325 2181 3395 μὲν
2227 3326 2335 3397 γὰρ
2378 3327 2435 3394 ἐξ
2478 3329 2538 3380 ού
2584 3329 2848 3393 θέλοντος,
2898 3329 3314 3401 τετυράννηται.
3355 3330 3455 3399 Τῆς
3497 3327 3609 3396 βίαςῑ

2079 3416 2189 3469 Καὶ
2220 3417 2301 3481 τίς
2331 3420 2360 3471 6
2405 3423 2747 3492 τυραννήσας
2784 3421 2977 3488 αύτόν;
3011 3423 3085 3474 Ού
3120 3422 3234 3494 γὰρ
3266 3422 3330 3493 δὴ
3370 3421 3459 3492 τὴν
3488 3419 3613 3488 φύσιν

2078 3507 2222 3577 ἐρεῖς
2244 3526 2256 3538 ⁸
2302 3509 2484 3581 ἐκείνη
2532 3511 2640 3583 γὰρ
2674 3510 2787 3583 ἔχει
2821 3513 2915 3565 xui.
2952 3512 3013 3566 τὸ
3041 3516 3361 3583 σωφρονεῖν.
3393 3513 3449 3564 Εἰ
3481 3511 3527 3563 δὲ
3550 3509 3616 3561 θέ⁴

2078 3600 2283 3666 λοντος,
2335 3604 2584 3659 ἀπόλωλέ
2629 3623 2710 3660 σοι
2752 3606 2818 3659 δι’
2851 3606 3036 3676 ὀλίγας
3072 3607 3343 3669 συλλαϐὰς
3386 3608 3412 3658 6
3439 3604 3613 3672 πατὴρ

2079 3695 2348 3766 θελήσεως
2518 3697 2625 3769 γὰρ
2656 3699 2791 3762 υίὸς,
2821 3697 2933 3751 ἀλλ’
2963 3699 3024 3751 ού
3058 3698 3266 3769 πατρὸς
3289 3696 3614 3764 ἀναπέφηνας.

2090 3786 2229 3840 Ἀλλ’
2276 3789 2366 3842 ἐπὶ
2417 3790 2509 3843 τὸν
2552 3789 2685 3843 Θεὸν
2724 3790 2943 3861 μέτειμι
2988 3789 3083 3844 καὶ
3127 3791 3201 3843 τὰ
3241 3788 3517 3857 κτίσματα,
3546 3784 3617 3836 καὶ

2074 3879 2136 3931 τὸ
2162 3880 2250 3932 σὺν
2295 3880 2557 3951 ἐρώτημα
2588 3882 2852 3953 προσάγω
2882 3884 2947 3953 τῇ
2996 3883 3062 3951 σῇ
3110 3880 3276 3951 σοφίᾳ
3323 3888 3339 3906 ’
3473 3875 3617 3927 Θέλων

2077 3971 2383 4043 ύπέστησεν
2434 3976 2462 4026 6
2506 3974 2636 4038 Θεὸς
2841 3973 2911 4025 τὰ
2952 3973 3152 4038 πάντα,
3197 3971 3231 4043 ἦ
3291 3968 3539 4041 βιασθείς;
3568 3965 3615 4018 Εἰ

2082 4063 2180 4134 μὲν
2213 4063 2472 4133 βιασθεὶς,
2494 4065 2771 4119 κάνταῦθα
2795 4066 2827 4136 ὴ
2849 4066 3103 4137 τυραννὶς
3126 4064 3223 4116 καὶ
3248 4065 3276 4116 6
3302 4061 3612 4132 τυραννήσας

2077 4153 2124 4206 εξ
2160 4153 2215 4205 δὲ
2256 4153 2595 4225 βουλόμενος,
2631 4155 2917 4227 ἐστέρηται
2956 4153 3051 4207 τοῦ
3085 4152 3224 4206 Θεοῦ
3245 4193 3260 4217 ,
3304 4152 3395 4204 καὶ
3434 4148 3494 4201 τὰ
3528 4143 3618 4199 κτί-

2078 4259 2278 4313 σματα,
2328 4245 2420 4298 καὶ
2453 4247 2516 4298 σὺ
2554 4246 2651 4316 μὲν
2679 4245 2785 4316 πρὸ
2813 4246 2918 4298 τῶν
2949 4245 3124 4298 ἄλλων
3172 4282 3189 4305 ,
3321 4246 3347 4296 6
3388 4239 3616 4299 τοιούτους

2078 4334 2413 4405 ἀνευρίσκων
2438 4335 2749 4407 λογισμοὺς,
2782 4337 2875 4389 καὶ
2908 4335 3135 4389 τοιαῦτα
3163 4333 3526 4404 σοφιζόμενοςι
3554 4328 3615 4381 θε-

2077 4423 2230 4493 λήσει
2465 4426 2575 4496 γὰρ
2630 4427 2771 4499 μέσῃ
2826 4425 2919 4478 τοῦ
2981 4426 3200 4478 κτίστου
3258 4421 3612 4492 διατειχίζεται.

2091 4515 2229 4568 Ἀλλ’
2276 4516 2482 4588 ἓτερον,
2534 4511 2689 4586 οἶμαι
2749 4516 2919 4570 θέλων
2965 4515 3080 4569 ἐστὶ
3281 4515 3372 4568 καὶ
3417 4511 3616 4580 Θέλησις,

2078 4608 2282 4678 γεννῶν
2310 4609 2404 4663 καὶ
2434 4608 2706 4679 γέννησις,
2735 4608 2908 4677 λέγων
2942 4608 3037 4662 καὶ
3063 4608 3253 4675 λόγος,
3284 4609 3332 4660 εί
3363 4605 3431 4677 μὴ
3462 4602 3618 4674 μεθύον

2084 4717 2210 4769 μεν·
2249 4699 2318 4752 τὰ
2345 4700 2441 4770 μὲν
2467 4700 2495 4751 6
2522 4697 2839 4769 κινούμενος
2872 4744 2887 4766 ,
3028 4697 3094 4751 τὰ
3124 4698 3181 4750 δὲ
3208 4692 3320 4749 οἷον
3360 4698 3391 4765 ἡ
3422 4694 3616 4760 κίνησις.

2081 4789 2288 4844 Ούκουν
2326 4790 2627 4860 θελήσεως,
2664 4790 2725 4843 τὸ
2747 4789 2968 4861 θεληθὲν
3143 4790 3161 4855 (
3186 4787 3307 4841 οὐδὲ
3336 4786 3439 4856 γὰρ
3467 4784 3619 4836 ἕπεται

2082 4879 2377 4949 πάντως)·
2418 4880 2541 4933 οὐδὲ
2596 4880 2658 4933 τὸ
2704 4880 2991 4950 γεννηθὲν,
3047 4878 3387 4948 γεννήσεως·
3434 4872 3539 4926 οὐδὲ
3574 4867 3620 4920 τὺ

2081 4974 2366 5034 ἀκουσθὲν,
2407 4974 2803 5046 ὲκφωνήσεωςσ
2832 4972 2968 5026 ἀλλὰ
3016 4971 3106 5024 τοῦ
3147 4970 3410 5033 θέλοντος,
3443 4965 3524 5018 καὶ
3545 4958 3618 5014 τοῦ

2082 5062 2376 5131 γεννῶντος
2430 5107 2445 5128 ,
2589 5063 2684 5115 και
2719 5060 2811 5114 τοῦ
2856 5060 3125 5129 λέγοντος.
3168 5057 3250 5111 Τὰ
3287 5056 3379 5109 τοῦ
3423 5050 3541 5106 Θεοῦ
3576 5047 3618 5098 δὲ

2078 5140 2177 5207 καὶ
2203 5152 2343 5224 ὑπὲρ
2376 5152 2548 5207 ταῦτα
2582 5153 2777 5212 πάντα,
2885 5150 3136 5221 γέννησίς
3176 5150 3325 5201 ἐστιν
3355 5148 3473 5208 ἴσως
3500 5136 3619 5211 ήτοῦ

2084 5248 2278 5317 γεννᾷν
2320 5245 2567 5317 θέλησιςο
2603 5244 2718 5298 ἀλλ’
2743 5245 2892 5297 οὐδὲν
2933 5242 3115 5314 μέσον,
3158 5241 3209 5293 εἴ
3252 5256 3316 5306 γε
3360 5238 3449 5291 καὶ
3497 5231 3619 5286 τοῦτο

2084 5335 2366 5407 δεξώμεθα
2527 5337 2682 5400 ὅλως,
2716 5334 2851 5389 ἀλλὰ
2885 5334 2957 5407 μὴ
2982 5334 3075 5387 καὶ
3102 5332 3371 5403 θελήσεως
3401 5325 3621 5399 κρείττων

2084 5429 2119 5500 ἡ
2164 5428 2436 5498 γέννησις.

403 5524 551 5577 enim
605 5524 709 5579 hoc
764 5541 988 5596 prorsus
1046 5524 1353 5595 sequitur);
1407 5539 1510 5580 nec
1558 5506 1952 5595 generationis,
2004 5523 2149 5593 quod
2214 5522 2460 5594 genitum
2523 5529 2628 5585 est,
2695 5535 2797 5575 nec
2845 5517 3176 5582 locutionis,
3223 5511 3368 5584 quod
3420 5506 3626 5607 auditum

406 5624 510 5679 est,
547 5618 639 5671 sed
676 5618 928 5684 volentis,
962 5626 1018 5671 et
1060 5616 1352 5689 gignentis.
1401 5628 1454 5674 et
1502 5618 1796 5689 loquentis.
1850 5623 2059 5687 Atquin
2113 5616 2167 5670 in
2219 5614 2328 5670 Deo
2360 5614 2799 5677 considerantur,
2851 5626 3015 5683 supra
3065 5614 3179 5665 haec
3229 5619 3442 5679 quoque
3470 5614 3620 5657 omnia

476 5803 494 5835 ⁸
535 5802 675 5858 Psal.
713 5820 773 5867 ιι,
806 5803 855 5857 1.
935 5802 955 5832 ¹
988 5800 1131 5856 Psal.
1163 5817 1289 5868 va,
1319 5800 1371 5856 6.
