3860 6600
246 502 365 566 {61'

1153 491 1529 553 PANOPLIA
1579 494 2041 555 DOGMATlCA.
2077 518 2145 527 -·
2187 496 2336 556 ΤΙΤ.
2379 495 2477 557 VI.

3351 503 3458 565 {6‘2

237 637 362 689 sunt,
393 631 568 692 utpote
598 622 679 676 cui
710 619 985 691 generatio
1018 617 1249 674 fortasse
1314 617 1383 673 sit
1445 616 1559 688 ipsa
1594 619 1844 689 gignendi
1880 619 2163 688 voluntas;
2218 637 2403 677 verum
2439 622 2573 677 nihil
2617 629 2701 679 est
2741 622 3159 688 intermedium,
3207 622 3253 679 si
3293 631 3453 685 modo

235 723 320 778 hoc
360 732 560 790 quoque
603 714 823 770 omnino
863 713 1234 779 admittimus,
1264 728 1327 768 ac
1359 727 1465 766 non
1538 713 1715 781 potius
1779 713 2067 771 statuimus
2134 718 2539 786 generationem
2592 717 2730 773 hanc
2767 717 3043 774 voluntate
3076 717 3445 775 sublimiorem

232 825 280 870 et
304 808 706 883 priestantiorem
737 821 877 862 esse.

395 901 570 955 Βούλει
609 917 662 953 τι
707 896 1030 970 προσπαίξω
1069 898 1157 951 καὶ
1205 911 1294 949 τον
1325 896 1577 968 Πατέρα;
1619 894 1779 968 Παρὰ
1811 897 1853 948 A

236 999 314 1051 σοῦ
345 997 443 1069 γὰρ
468 995 571 1064 ἔχω
597 992 665 1046 τὰ
695 989 922 1043 τοιαῦτα
964 988 1197 1059 τολμᾷν·
1232 987 1412 1041 Θέλων
1442 988 1572 1051 Θεὸς
1604 989 1631 1040 ὁ
1662 989 1778 1040 Πα-

234 1088 339 1155 τὴρ,
370 1084 399 1155 ἦ
437 1083 505 1153 μὴ
537 1080 724 1134 θέλων.
770 1079 881 1132 Καὶ
912 1079 1059 1141 ὅπως
1097 1077 1380 1150 ἀποφεύξῃ
1408 1077 1469 1130 τὸ
1505 1076 1595 1130 σὸν
1628 1095 1783 1149 περι-

231 1176 400 1241 δέξιον.
430 1175 488 1225 Ei
530 1172 625 1242 μὲν
665 1171 729 1241 δή
763 1169 953 1231 θέλων,
973 1168 1103 1220 πότε
1135 1167 1230 1221 τοῦ
1263 1167 1437 1221 θέλειν
1472 1168 1782 1239 ἠργμένοςὶ

230 1270 299 1324 οὐ
321 1267 419 1335 γὰρ
452 1264 574 1332 πρὶν
605 1257 777 1315 εἶναι·
823 1260 944 1313 οὐδὲ
980 1259 1091 1331 γάρ
1118 1254 1186 1331 ἦν
1219 1276 1271 1311 τι
1304 1259 1586 1331 πρότερον.
1629 1260 1700 1312 Ἦ
1725 1258 1785 1311 τὸ

236 1360 319 1432 μὲν
349 1355 502 1410 αὐτοῦ
542 1353 809 1423 θελῆσαν,
862 1350 923 1404 τὸ
950 1349 1006 1403 δὲ
1056 1349 1320 1421 θεληθέν;
1361 1349 1627 1422 Μεριστὸς
1668 1346 1782 1405 οῦν.

232 1451 339 1514 ιίῶς
362 1448 413 1501 δὲ
439 1448 497 1500 ού
527 1446 794 1517 θελήσεως
826 1444 921 1496 καὶ
949 1436 1124 1509 οὗτος,
1154 1442 1298 1496 κατὰ
1335 1442 1393 1495 σὲ
1412 1483 1427 1507 ,
1459 1442 1777 1513 πρόϐλημα;

233 1543 355 1598 Είδὲ
380 1541 437 1594 ού
474 1539 675 1599 θέλων,
716 1536 770 1589 τί
810 1535 870 1587 τὸ
898 1534 1228 1605 βιασάμενον
1267 1536 1346 1599 εἰς
1372 1534 1434 1587 τὸ
1464 1530 1639 1599 εἷναις
1676 1535 1787 1588 Καὶ

234 1637 335 1699 πῶς
362 1632 515 1696 Θεὸς,
545 1630 595 1683 εί
635 1627 935 1700 βεϐίασται,
981 1628 1075 1680 καὶ
1114 1625 1289 1680 ταῦτα
1329 1626 1429 1680 οὐκ
1458 1626 1587 1680 ἄλλο
1624 1644 1695 1684 τι,
1751 1626 1784 1697 ἢ

235 1728 350 1782 αὐτὸ
382 1725 439 1778 τὸ
471 1718 610 1776 εἶναι
642 1720 803 1785 Θεός;
834 1720 957 1782 Πῶς
1002 1714 1125 1783 οὖν,
1172 1717 1307 1789 φησὶ
1349 1760 1364 1783 ,
1525 1718 1787 1787 γεγέννη-

231 1834 338 1882 rat;
378 1814 496 1877 Πῶς
541 1812 819 1874 ἔκτισται,
860 1808 1017 1880 εἴπερ
1054 1808 1298 1861 ἔκτισται
1338 1807 1480 1862 κατά
1532 1808 1626 1874 σὲ;
1677 1806 1787 1862 Καὶ

233 1912 327 1982 γὰρ
356 1907 444 1961 καὶ
476 1905 635 1959 τοῦτο
659 1902 760 1975 τῆς
788 1902 957 1973 αὐτῆς
999 1900 1252 1973 ἀπορίας.
1289 1900 1445 1972 Τάχα
1476 1900 1542 1955 ἂν
1589 1901 1787 1965 εἴποις,

223 2009 295 2061 ὅτι
336 2004 578 2076 βουλήσει
614 2003 710 2056 καὶ
743 2000 909 2069 λόγῳ.
946 1998 1090 2052 Ἀλλ’
1132 1999 1285 2053 οὔπω
1330 1996 1512 2065 λέγεις
1564 1995 1624 2049 τὸ
1652 1995 1781 2048 πᾶν.

224 2093 334 2156 Πῶς
388 2091 493 2163 γὰρ
551 2090 718 2160 ἔργου
790 2086 1024 2158 δύναμιν
1079 2086 1238 2157 ἔσχεν
1292 2088 1326 2157 ή
1370 2084 1629 2156 βούλησις
1687 2082 1783 2136 καὶ

2117 897 2281 952 Visne
2336 895 2388 951 in
2451 896 2668 950 Patrem
2738 911 2951 966 quoque
3013 896 3184 965 ipsum
3242 894 3453 949 cavillis

1883 989 2126 1045 nonnihil
2185 989 2409 1043 ludam?
2456 988 2535 1042 Tu
2593 989 2722 1043 mihi
2778 1004 2963 1043 ausum
3042 988 3165 1041 talia
3224 987 3453 1041 audendi

1883 1083 2109 1149 praebes.
2150 1081 2308 1135 Pater
2347 1080 2528 1149 itaque
2562 1080 2643 1134 vel
2687 1079 2868 1133 volens
2915 1081 3053 1134 Deus
3085 1089 3189 1143 est,
3231 1080 3312 1133 vel
3352 1096 3449 1131 nu-

1884 1173 2019 1226 lens.
2052 1174 2129 1227 Ac
2161 1172 2279 1226 vide
2314 1189 2419 1241 qua
2451 1172 2662 1225 tandem
2694 1173 2903 1226 ratione
2930 1172 3121 1225 scitum
3154 1171 3280 1225 illud
3306 1181 3453 1224 tuum

1888 1272 1939 1318 et
1972 1273 2183 1316 acutum
2217 1273 2592 1328 argumentum
2621 1262 2866 1332 ethtgies.
2907 1263 2961 1317 Si
3000 1262 3206 1328 volens,
3237 1266 3454 1332 quando

1891 1353 2026 1407 velle
2073 1354 2273 1424 coepit?
2321 1353 2438 1409 Non
2493 1356 2636 1409 enim
2686 1354 3001 1425 priusquam
3052 1364 3219 1409 esset.
3268 1352 3459 1422 Neque

1889 1446 2031 1501 enim
2068 1447 2217 1515 prius
2251 1447 2541 1516 quidquam
2586 1456 2725 1505 erat.
2763 1446 2841 1499 An
2892 1446 3085 1514 partim
3122 1445 3174 1499 in
3206 1459 3270 1499 eo
3294 1445 3455 1514 quid-

1888 1539 2007 1591 dam
2041 1537 2140 1593 fuit
2168 1540 2308 1607 quod
2340 1539 2528 1604 voluit,
2560 1542 2755 1608 partim
2802 1538 3057 1607 quiddam
3094 1538 3236 1605 quod
3271 1537 3323 1590 in
3358 1551 3457 1589 vo-

1886 1628 2145 1687 luntatem
2177 1630 2414 1686 cecidit?
2448 1630 2741 1685 Divisibllis
2772 1631 2935 1700 igitur
2956 1631 3081 1685 erit.
3109 1630 3245 1696 Quid
3269 1639 3449 1682 autem

1888 1719 2064 1776 all‘erri
2098 1723 2330 1791 poterit.
2381 1720 2509 1792 quin
2540 1725 2693 1795 juxta
2739 1733 2885 1776 tuam
2917 1720 3329 1792 argumentandi
3373 1737 3460 1773 ra-

1887 1813 2107 1877 tionem,
2149 1814 2263 1882 ipse
2307 1828 2520 1883 quoque
2554 1813 2847 1867 voluntatis
2880 1812 3022 1865 fetus
3058 1812 3168 1866 sit?
3219 1810 3373 1878 Quod
3412 1827 3459 1865 st

1889 1902 2103 1968 nolens,
2129 1903 2256 1972 quis
2287 1918 2410 1957 eum
2442 1903 2618 1971 coegit
2669 1911 2726 1956 ut
2754 1902 2941 1958 esset?
2966 1902 3081 1968 Qun
3109 1902 3269 1956 etiam
3303 1903 3461 1955 modo

1892 1989 2058 2054 Deus,
2097 1991 2142 2045 si
2191 1999 2421 2046 coactus
2451 1999 2568 2057 est;
2628 1997 2682 2044 et
2721 1999 2949 2047 coactus
2988 1992 3211 2062 quidem
3263 2009 3372 2049 non
3406 1997 3472 2049 ad

1891 2084 2036 2139 aliud
2092 2083 2420 2154 quidquam,
2468 2097 2632 2151 quam
2676 2084 2745 2137 ad
2804 2084 2927 2148 hoc,
2969 2094 3029 2139 ut
3082 2085 3228 2143 Deus
3282 2091 3477 2144 esset?

223 2185 466 2253 ὁλόγυςς
518 2184 645 2236 Ἐτι
708 2180 958 2233 λείπεται
1035 2179 1241 2249 λέγειν.
1293 2178 1368 2232 Ού
1437 2178 1545 2248 γάρ
1607 2175 1781 2239 οὕτως

1902 2177 2206 2246 Quamodo,
2252 2176 2457 2247 inquis,
2503 2174 2675 2232 Filius
2724 2179 2943 2247 genitus
3006 2181 3129 2234 est?
3172 2180 3371 2236 Verum
3419 2191 3475 2237 tu

222 2278 305 2332 ἄνθ
315 2293 503 2347 ρωπος.

1890 2286 2108 2345 quoque
2139 2272 2431 2342 responde,
2462 2273 2740 2340 quomodo
2765 2266 2989 2329 creatus
3018 2276 3142 2329 est?
3176 2277 3475 2347 siquidem,

222 2384 275 2431 ut
299 2375 406 2447 ipse
442 2372 665 2436 asseris,
700 2378 917 2428 creatus
943 2378 1047 2424 est.
1087 2365 1225 2422 Nam
1255 2366 1310 2423 id
1334 2380 1553 2437 quoque
1590 2366 1784 2421 eadem
1830 2366 2149 2424 difﬁcultate
2190 2367 2424 2422 laborat.
2461 2367 2617 2422 Dices
2665 2367 2914 2435 fortasse,
2955 2371 3236 2427 voluntate
3265 2385 3320 2428 et
3359 2390 3479 2429 ser-

224 2484 384 2525 mone.
411 2467 478 2522 At
504 2465 750 2521 nondum
785 2478 900 2517 rem
934 2468 1100 2516 totam
1141 2459 1383 2529 expedis.
1416 2456 1701 2523 Quomodo
1730 2460 1875 2515 enim
1915 2460 2097 2529 operis
2140 2459 2247 2513 vim
2276 2458 2527 2514 voluntas
2559 2468 2614 2512 et
2646 2475 2827 2513 sermo
2853 2461 3145 2518 habuerint
3176 2464 3199 2516 ?
3227 2462 3342 2521 Hoc
3381 2482 3478 2521 ex-

222 2563 507 2634 plicandum
539 2560 729 2615 adhuc
763 2558 861 2614 tibi
895 2563 1167 2627 superest.
1196 2554 1388 2625 Neque
1419 2554 1566 2608 enim
1598 2553 1764 2609 homo
1799 2554 1874 2611 ita
1899 2556 2221 2613 fabricatur.

407 2649 530 2713 Πῶς
583 2644 679 2703 οῦν
736 2661 1089 2717 γεγεννηται;
1137 2645 1253 2698 Οὐκ
1303 2643 1368 2697 ἂν
1402 2640 1469 2715 ἦν
1514 2643 1724 2715 μεγάλη
1768 2644 1804 2715 ή

232 2743 486 2814 γέννησις,
522 2742 573 2794 εἰ
624 2740 707 2794 σοὶ
741 2737 1217 2809 κατελαμϐάνετο,
1266 2736 1325 2800 ὃς
1372 2737 1492 2791 οὐδὲ
1520 2736 1619 2808 τὴν
1672 2738 1805 2791 ἰδίαν

231 2835 408 2907 ἐπίστῃ
434 2833 713 2903 γέννησιν,
745 2830 778 2901 ἦ
811 2829 1004 2901 μικρόν
1025 2846 1077 2882 τι
1098 2827 1301 2899 ταύτης
1330 2828 1683 2899 κατείληφας,
1710 2827 1806 2882 καὶ

229 2926 337 2978 ὅσον
369 2924 602 2995 αἰσχύνῃ
637 2922 818 2990 λέγειν
838 2938 851 2951 ο
882 2921 1077 2974 ἔπειτα
1110 2921 1211 2973 οίει
1248 2919 1311 2972 τὸ
1342 2920 1451 2973 πᾶν
1484 2919 1800 2988 γινώσκειν;

233 3017 391 3069 Πσλλὰ
429 3015 491 3069 ἄν
526 3014 731 3086 κάμοις
771 3012 1055 3084 πρότερον,
1086 3011 1119 3082 ἢ
1148 3009 1329 3082 εὕροις
1356 3008 1546 3078 λόγους
1580 3012 1803 3081 συμπή-

234 3106 352 3171 ξεως
369 3149 384 3173 ,
413 3105 771 3179 μορφώσεως,
790 3101 1170 3176 φανερώσεως,
1188 3101 1362 3173 ψυχῆς
1387 3101 1523 3174 πρὸς
1540 3101 1699 3172 σῶμα
1715 3102 1804 3155 δεο

232 3197 371 3265 σμὸν,
387 3197 475 3250 νοῦ
495 3197 636 3269 πρὸς
654 3195 855 3266 ψυχὴν,
875 3194 1035 3263 λόγου
1059 3192 1195 3265 πρὸς
1221 3191 1367 3258 νοῦν,
1384 3192 1616 3263 κίνησιν,
1635 3191 1806 3265 αὔξη-

232 3305 324 3351 σιν,
343 3290 541 3360 τροφῆς
555 3288 899 3360 ἐξομοίωσιν,
919 3286 1191 3358 αἴσθησιν,
1213 3286 1453 3357 μνήμην,
1472 3285 1803 3357 ἀνάμνησιν,

224 3379 375 3435 τᾶλλα
405 3381 461 3447 ἐξ
482 3375 559 3435 ὧν
589 3378 949 3449 συνέστηκας’
977 3378 1072 3431 καὶ
1094 3377 1216 3431 τίνα
1235 3378 1333 3449 μὲν
1355 3376 1451 3430 τοῦ
1475 3376 1806 3449 συναμφοτέ-

229 3486 332 3541 ρου,
356 3471 551 3543 ψυχῆς,
569 3470 668 3524 καλ⁸
687 3469 960 3541 σώματος’
977 3469 1100 3522 τίνα
1115 3469 1171 3522 δὲ
1190 3471 1256 3523 τὰ
1277 3470 1808 3541 μεμερισμένα,τίνα

2152 2650 2432 2718 Quomodo
2457 2664 2614 2721 ergo,
2643 2650 2878 2719 inquies,
2920 2651 3136 2722 genitus
3164 2651 3289 2708 est?
3321 2650 3479 2706 Haud

1906 2754 2099 2809 magna
2129 2749 2276 2795 esset
2302 2742 2417 2797 haec
2452 2742 2768 2811 generatio,
2798 2743 2843 2796 si
2869 2758 2898 2795 a
2932 2754 2984 2796 te
3012 2744 3218 2811 percipi
3258 2752 3481 2812 posset,

1905 2833 2099 2901 quippe
2140 2830 2230 2898 qui
2273 2845 2341 2886 ne
2383 2841 2531 2886 tuam
2581 2833 2800 2901 quidem
2846 2834 3016 2897 noris,
3061 2842 3153 2887 aut
3196 2843 3345 2889 certe
3370 2834 3485 2888 exi.

1903 2937 2061 2992 guam
2097 2923 2387 2992 quamdam
2420 2933 2628 2992 partem
2665 2925 2951 2994 percepisti
2981 2965 2998 2992 ,
3029 2934 3401 2995 quantumque
3433 2937 3489 2981 te

1867 3082 1871 3086 θ
1904 3010 2083 3064 dicere
2116 3011 2332 3080 pudeat.
2376 3010 2445 3065 Et
2475 3022 2661 3082 postea
2700 3027 2819 3067 eam
2861 3012 3018 3082 plene
3067 3013 3163 3068 tibi
3205 3014 3482 3084 cognitam

1901 3115 2024 3158 esse
2052 3104 2281 3159 censes?
2306 3103 2535 3173 Magnus
2563 3105 2658 3161 tibi
2687 3105 2841 3160 labor
2868 3107 3019 3175 prius
3042 3106 3352 3162 subeundus
3374 3116 3480 3168 est,

1901 3207 2065 3263 quam
2094 3203 2152 3250 ut
2178 3196 2420 3252 rationes
2447 3210 2543 3253 eas
2571 3197 2818 3252 invenias
2840 3234 2855 3263 ,
2886 3196 3084 3267 quibus
3109 3196 3440 3252 constitutus
3463 3236 3480 3259 ,

1902 3287 2205 3355 formatus,
2257 3305 2321 3345 ac
2375 3289 2758 3345 manifestatus
2806 3290 3019 3354 fueris,
3066 3291 3264 3359 quibus
3312 3289 3479 3344 etiam

1903 3380 2082 3434 anima
2115 3395 2238 3435 cum
2270 3394 2499 3451 corpore
2522 3422 2540 3448 ,
2581 3397 2733 3436 mens
2764 3397 2886 3436 cum
2917 3382 3094 3436 anima
3122 3421 3139 3449 ,
3182 3381 3322 3435 ratio
3354 3396 3480 3436 cum

1903 3483 2083 3529 mente
2120 3474 2279 3543 quasi
2322 3474 2549 3528 vinculis
2581 3474 2904 3544 quibusdam
2952 3474 3330 3542 astringatur:
3370 3481 3481 3524 tum

225 3561 274 3614 δὲ
288 3562 319 3616 ἆ
340 3564 463 3634 παρ’
489 3562 744 3633 ἀλλήλων
758 3560 1147 3631 λαμϐάνουσιν.
1165 3555 1267 3613 Ὦν
1288 3561 1398 3632 γάρ
1421 3560 1548 3613 ὕστε
1558 3578 1649 3632 ρον
1667 3562 1701 3631 ή
1720 3577 1802 3613 τε-

1902 3563 2169 3633 quomodo
2201 3577 2399 3633 corpus
2430 3576 2736 3630 moveatur,
2764 3573 2819 3619 et
2853 3574 3136 3635 augeatur,
3174 3574 3337 3633 atque
3372 3564 3476 3616 ali-

227 3651 442 3720 λείωσις,
463 3654 672 3708 τούτων
695 3654 744 3705 οἱ
765 3651 912 3720 λόγοι
938 3650 1076 3722 μετὰ
1097 3651 1197 3721 τῆς
1219 3651 1547 3723 γεννήσεως.
1577 3651 1711 3704 Εἰπὲ
1730 3648 1811 3703 τί·

227 3762 325 3808 νες’
356 3746 445 3799 καὶ
480 3745 622 3817 μηδὲ
659 3745 780 3798 τότε
816 3743 1185 3814 φιλοσοφήσῃς
1365 3741 1500 3796 Θεοῦ
1534 3743 1806 3814 γέννησιν·

228 3833 392 3905 οὐγὰρ
416 3834 679 3904 ἀσφαλές.
701 3835 764 3886 Ei
790 3832 889 3903 μὲν
903 3830 1011 3903 γὰρ
1029 3830 1126 3902 τὴν
1150 3830 1248 3902 σὴν
1265 3831 1576 3900 γινώσκεις,
1594 3831 1653 3885 ού
1677 3830 1814 3885 πάν-

226 3940 322 3988 τως
351 3926 441 3979 καὶ
474 3929 574 3999 τήν
608 3926 702 3978 τοῦ
732 3924 866 3977 Θεοῦ
888 3939 901 3951 ·
938 3925 986 3976 εἰ
1013 3922 1070 3974 δὲ
1115 3922 1250 3993 μηδὲ
1274 3922 1374 3995 τὴν
1406 3923 1533 3995 σὴν,
1566 3923 1683 3986 πῶς
1712 3921 1813 3994 τὴν

227 4015 310 4068 τοῦ
338 4016 468 4071 Θεοῦ
494 4036 509 4083 ;
546 4019 700 4087 Ὀσῳ
726 4016 834 4088 γὰρ
868 4014 1000 4079 Θεὸς
1034 4013 1323 4086 ἀνθρώπου
1348 4014 1814 4087 δυστεκμαρτότε-

232 4123 312 4175 ρος
352 4146 367 4169 ,
520 4109 769 4179 τοσούτῳ
819 4108 913 4161 καὶ
950 4106 1051 4175 τῆς
1093 4106 1192 4177 σῆς
1232 4108 1541 4177 γεννήσεως
1573 4106 1814 4178 ἁληπτο-

228 4196 348 4267 τέρα
377 4201 406 4269 ή
438 4200 552 4253 ἄνω
583 4199 861 4268 γέννησις.
900 4197 963 4249 Ei
992 4196 1049 4250 δὲ
1073 4196 1155 4249 ὃτι
1185 4197 1258 4266 μή
1306 4213 1391 4248 σοι
1428 4196 1808 4264 κατείληπται,

229 4285 307 4343 διὰ
334 4290 488 4344 τοῦτο
515 4290 643 4344 οὐδὲ
672 4288 997 4360 γεγέννηται
1051 4326 1065 4349 ,
1211 4286 1331 4358 ὥρα
1363 4303 1447 4340 σοι
1489 4285 1664 4340 πολλὰ
1696 4286 1813 4339 δια-

230 4384 446 4452 γράφειν
478 4384 588 4436 τῶν
623 4381 815 4447 ὅντων,
861 4380 896 4434 ἃ
942 4380 1016 4452 μὴ
1058 4379 1417 4449 κατείληφας,
1471 4379 1567 4433 καὶ
1613 4378 1718 4449 πρό
1749 4395 1813 4443 γε

232 4473 436 4529 πάντων
622 4475 712 4528 τὸν
742 4475 875 4528 Θεὸν
906 4475 1098 4529 αὐτόν*
1132 4474 1193 4527 οὐ
1235 4473 1343 4545 γὰρ
1526 4473 1555 4527 ὃ
1578 4473 1632 4525 τί
1683 4470 1813 4524 ποτέ

231 4564 364 4617 ἐστιν
414 4568 588 4619 εἰπεῖν
615 4564 781 4635 ἔχεις,
826 4565 921 4619 καὶ
965 4566 1014 4618 εἰ
1052 4565 1172 4618 λίαν
1204 4564 1474 4636 τολμηρὸς
1522 4558 1591 4627 εί,
1624 4560 1718 4614 καὶ
1746 4560 1816 4613 τὰ

234 4654 448 4723 περιττὰ
496 4654 901 4726 μεγαλόψυχος.
953 4653 1244 4708 Κατάεαλέ
1293 4670 1387 4707 σου
1432 4652 1532 4716 τὰς
1581 4651 1812 4724 ρεύσεις,

233 4744 319 4796 καὶ
354 4745 449 4810 τὰς
493 4746 829 4817 διαιρέσεις,
867 4746 961 4799 καὶ
990 4746 1089 4809 τὰς
1115 4744 1309 4816 τομὰς,
1347 4743 1443 4797 καὶ
1478 4742 1540 4796 τὸ
1570 4741 1645 4806 ὼς
1688 4741 1816 4811 περὶ.

1904 3662 2144 3708 mentum
2186 3654 2285 3723 ipsi
2314 3653 2684 3709 assimiletur:
2716 3655 2783 3708 ad
2818 3654 2933 3709 haec
2973 3668 3093 3724 qua:
3121 3653 3194 3707 sit
3222 3665 3483 3707 sensuum

1902 3749 2045 3804 ratio
2068 3789 2084 3811 ,
2111 3764 2230 3818 qua:
2265 3748 2537 3804 memoriae
2560 3788 2575 3812 ,
2607 3764 2726 3819 quze
2770 3747 3187 3803 reminiscentize
3210 3788 3226 3813 ,
3270 3762 3486 3801 rerum-

1904 3855 2010 3911 que
2062 3849 2415 3905 ca:terarum,
2502 3854 2568 3893 ex
2628 3840 2824 3909 quibus
2874 3850 3096 3893 constas
3148 3855 3161 3891 :
3224 3852 3289 3892 ac
3346 3852 3486 3907 prae-

1906 3942 2051 3988 terea
2084 3948 2203 4001 qua}
2247 3931 2574 3999 conjunctim
2630 3931 2916 3999 utriusque
2959 3929 3128 3999 partis
3173 3929 3320 3997 sint,
3365 3943 3488 3997 quae

1904 4024 2074 4079 divisa
2111 4032 2167 4078 et
2199 4032 2481 4093 separata.
2510 4037 2631 4091 quae
2671 4036 2860 4076 rursus
2891 4037 2918 4074 a
2961 4035 3019 4074 se
3062 4020 3295 4074 invicem
3340 4020 3507 4074 acci-'

1906 4114 2074 4183 piant.
2106 4114 2238 4182 Qua:
2281 4114 2424 4169 enim
2476 4112 2733 4181 temporis
2766 4127 3052 4183 progressu
3093 4110 3485 4181 perfectionem

1907 4224 2060 4265 suam
2117 4216 2547 4277 consequuntur,
2609 4221 2797 4263 eorum
2856 4214 3005 4260 certe
3059 4204 3299 4259 rationes
3358 4204 3489 4272 ipsae

1907 4299 2063 4354 simul
2096 4314 2217 4353 cum
2261 4298 2608 4368 generatione
2642 4297 2992 4352 exstiterunt.
3048 4296 3238 4360 Dicas,
3288 4293 3445 4348 velim
3469 4335 3484 4357 ,

1907 4406 2027 4462 quae
2060 4391 2169 4445 sint
2200 4391 2284 4445 ha:
2323 4390 2602 4454 rationes;
2656 4390 2749 4444 sed
2788 4405 2854 4443 ne
2897 4399 3006 4441 tum
3039 4389 3254 4456 quidem
3292 4388 3357 4442 de
3392 4387 3489 4442 Dei

1907 4484 2257 4555 generatione
2287 4491 2585 4550 pertracta.
2619 4478 2731 4535 Nec
2764 4482 2908 4533 enim
2939 4479 2990 4533 id
3033 4478 3275 4548 periculo
3310 4488 3485 4533 vacat.

1910 4572 1965 4629 Si
1993 4574 2134 4627 enim
2165 4570 2639 4639 tuam'cognoscis,
2672 4584 2775 4622 non
2806 4565 3051 4636 protinus
3086 4566 3358 4634 sequitur.
3393 4564 3483 4617 Dei

1909 4680 2124 4737 quoque
2161 4662 2564 4733 generationem
2606 4659 2700 4712 tibi
2737 4657 3006 4727 cognitam
3055 4664 3106 4709 et
3147 4655 3489 4723 exitloratam

1911 4770 2052 4812 esse.
2104 4753 2159 4809 Si
2194 4762 2373 4808 autem
2428 4761 2517 4805 tua
2570 4750 2664 4804 tibi
2718 4750 2899 4816 ignota
2948 4758 3073 4813 est,
3119 4762 3227 4817 quo
3282 4748 3494 4801 tandem

235 4834 472 4906 σώματος
528 4837 864 4892 διανοεῖσθαι
922 4841 1021 4909 τῆς
1070 4837 1367 4909 ἀσωμάτου
1422 4836 1665 4906 φύσεως·
1724 4835 1802 4887 κατ

1913 4851 2071 4906 modo
2112 4848 2205 4903 Dei
2255 4846 2535 4916 generatio
2568 4844 2663 4898 tihi
2717 4852 2841 4897 uota
2893 4840 3040 4896 erit?
3092 4839 3307 4908 Quanto
3351 4841 3498 4894 enim

233 4928 361 4997 τάχα
395 4928 460 4982 ἂν
496 4930 650 4993 ἄξιόν
684 4947 737 4983 τι
786 4928 1127 4999 διανοηθείης
1163 4929 1297 4983 Θεοῦ
1490 4928 1813 4997 γεννήσεως.

233 5016 346 5082 Πῶς
396 5021 766 5091 γεγέννηται;
824 5020 992 5074 Πάλιν
1042 5022 1151 5092 γάρ
1200 5020 1261 5074 τὸ
1328 5020 1459 5074 αὐτὸ
1515 5018 1817 5088 φθέγξομαι

233 5107 626 5182 δυσχεραίνων·
667 5111 805 5164 Θεοῦ
846 5112 1100 5184 γέννησις
1146 5114 1323 5182 σιωπῇ
1360 5110 1631 5182 τιμάσθω.
1659 5108 1819 5172 Μέγα

232 5217 306 5253 σοι
330 5204 389 5255 τὸ
423 5204 637 5274 μαθεῖν,
668 5205 749 5257 ὅτι
776 5204 1117 5275 γεγέννηται.
1152 5205 1225 5257 Τὸ
1248 5204 1306 5257 δὲ
1339 5204 1478 5267 πῶς,
1502 5203 1622 5255 οὐδὲ
1650 5201 1819 5269 ἀγγέ-

232 5290 357 5356 λοις,
418 5296 495 5365 μὴ
546 5296 630 5348 ὅτι
673 5311 738 5363 γε
801 5294 884 5347 σοὶ
947 5295 1149 5348 ἐννοεῖν
1360 5294 1813 5365 συγχωρήσωμεν.

230 5380 410 5436 Βούλει
469 5387 813 5457 παραστήσω
847 5386 908 5440 τὸ
958 5387 1104 5451 πῶς;
1161 5385 1251 5449 Ὠς
1290 5381 1429 5438 οἶδεν
1480 5386 1508 5437 ὁ
1550 5386 1819 5455 γεννήσας

234 5471 440 5545 Πατὴρ,
495 5478 595 5530 καὶ
637 5478 665 5529 ὁ
705 5476 987 5548 γεννηθεὶς
1028 5476 1188 5540 Υἱός·
1235 5476 1295 5529 τὸ
1343 5476 1400 5529 δὲ
1448 5475 1590 5554 ὑπὲρ
1622 5472 1816 5537 ταῦτα,

237 5563 383 5635 νέφει
416 5569 745 5637 κρύπτεται,
775 5570 873 5641 τὴν
910 5570 1008 5640 σὴν
1042 5568 1330 5638 διαφεῦγον
1365 5565 1746 5638 ἁμὸλυωπίαν.

1912 4941 2179 5001 difﬁcilius
2200 4950 2285 4997 est
2317 4939 2412 4996 Dei
2441 4948 2712 5004 naturam,
2745 4951 2904 5005 quam
2935 4935 3190 4997 hominis,
3222 4934 3494 5004 indagare,

1916 5045 2066 5090 tanto
2096 5047 2312 5103 quoque
2360 5029 2631 5086 difﬁcilius
2661 5028 2864 5098 percipi
2915 5038 3093 5097 potest
3122 5041 3360 5096 superna
3408 5026 3497 5079 illa

1921 5134 1975 5180 et
2009 5124 2186 5179 divina
2216 5122 2515 5195 generatio,
2558 5135 2720 5192 quam
2754 5129 2864 5174 tua.
2902 5118 3055 5186 Quod
3090 5119 3173 5184 si,
3215 5120 3339 5186 quia
3371 5133 3493 5172 eam

1917 5217 2221 5286 cognitione
2249 5215 2461 5284 assequi
2509 5214 2725 5283 nequis,
2761 5212 2963 5267 idcirco
2998 5226 3064 5268 ne
3096 5211 3336 5281 genitum
3369 5211 3494 5278 qni—

1915 5307 2037 5361 dem
2072 5322 2193 5362 esse
2220 5305 2527 5370 contendis,
2562 5315 2771 5374 tempus
2795 5304 2906 5371 jam
2937 5303 3027 5357 tibi
3068 5300 3251 5366 fuerit,
3285 5300 3449 5352 multa
3477 5339 3492 5363 ,

1915 5414 2034 5470 quae
2064 5408 2117 5452 tu
2151 5397 2371 5451 minime
2397 5394 2705 5466 percepisti,
2746 5403 2909 5461 atque
2948 5398 3073 5443 ante
3101 5388 3284 5442 omnia
3323 5388 3491 5440 Deum

1916 5506 2133 5561 quoque
2166 5492 2367 5560 ipsum,
2412 5504 2442 5544 e
2484 5502 2662 5541 rerum
2705 5493 2897 5538 natura
2950 5480 3127 5534 delere
3163 5490 3327 5548 atque
3361 5476 3499 5532 obli-

1920 5593 2118 5639 terare.
2169 5582 2353 5650 Neque
2390 5579 2574 5643 enim,
2622 5576 2751 5645 quid
2793 5572 3009 5627 tandem
3063 5571 3166 5631 sit,
3217 5568 3499 5639 explicare

234 5671 402 5727 potes,
435 5662 734 5732 quamlibet
765 5661 939 5717 audax
977 5660 1074 5725 sis,
1107 5657 1353 5729 atque'in
1390 5656 1809 5726 supervacaneis
1848 5657 2010 5714 rebus
2056 5668 2311 5713 strenuus
2354 5668 2409 5712 et
2476 5658 2869 5725 magnanimus.
2930 5653 3074 5707 Tuas
3122 5653 3242 5707 illas
3310 5652 3505 5707 ﬂuxio-

238 5771 346 5818 nes,
383 5765 436 5810 et
470 5756 796 5817 divisiones,
831 5764 888 5809 et
931 5751 1197 5807 seetiones
1231 5751 1378 5821 prius
1412 5748 1602 5817 abjice,
1637 5766 1699 5805 ac
1733 5751 1798 5803 de
1835 5750 2153 5819 incorporea
2185 5750 2272 5804 illa
2303 5760 2521 5813 natura,
2550 5749 2703 5818 quasi
2769 5746 2835 5801 de
2866 5761 3149 5816 corporea,
3215 5744 3505 5815 disputare

236 5850 449 5914 desine;
490 5859 653 5919 atque
687 5850 759 5903 ita
796 5848 1026 5903 fortasse
1058 5847 1274 5917 digmnn
1329 5845 1528 5915 aliquid
1566 5846 1911 5914 generatione
1956 5846 2139 5901 divina
2212 5845 2501 5915 concipere
2568 5845 2750 5897 animo
2797 5857 2985 5912 queas.
3056 5840 3338 5907 Quomodo
3405 5856 3499 5912 ge-

242 5943 382 5998 nitus
420 5944 544 5999 est?
592 5946 736 5999 idem
799 5944 941 5999 enim
979 5941 1411 6013 indignabundus
1478 5952 1680 6011 repeto.

1929 5942 2021 5997 Dei
2072 5941 2348 6014 generatio
2405 5939 2605 5996 silentii
2655 5940 2861 5995 honore
2915 5940 3218 5995 decoretur.
3278 5935 3504 5993 Abunde
