3770 6588
355 430 457 495 563

1593 431 1913 493 EUT-HYM
1927 431 1976 488 ll
2018 428 2383 491 ZIGABENI
3461 438 3539 505 554

360 564 618 618 inagnnm
656 552 749 607 tibi
776 562 857 606 est
892 553 1055 615 scire,
1087 565 1209 605 eum
1238 549 1481 617 genitum
1518 565 1661 604 esse.
1694 549 1813 615 Quo
1843 559 2027 602 autem
2069 548 2231 603 modo
2260 548 2475 617 genitus
2509 546 2601 613 sit,
2647 543 2877 614 neipsis
2899 542 3117 613 quidem
3143 542 3348 618 angelis,
3380 558 3541 613 nedum

358 648 452 699 tibi
487 647 785 715 intelligere
812 645 1197 700 concesserim.
1243 644 1337 699 Vis
1378 644 1643 700 declarent
1687 641 2007 713 quomodo?
2041 641 2111 698 Ut
2148 646 2251 699 scit
2280 644 2461 708 Pater,
2481 643 2572 715 qui
2613 642 2820 713 genuit,
2853 650 2910 698 et
2941 640 3109 695 Filius
3140 643 3226 711 qui
3252 650 3442 713 genitus
3458 666 3539 712 εει,

355 740 510 806 Quod
546 755 708 807 supra
744 741 856 793 haec
890 746 992 803 est,
1019 740 1160 792 nube
1200 741 1496 808 obtegitur,
1532 740 1808 807 animique
1842 740 1916 792 tui
1952 739 2338 793 behetudinem
2402 740 2566 808 fugit.

430 835 535 888 Sed
572 834 810 905 argutari
843 844 1097 904 pergunt.
1136 834 1527 897 Exsistentent,
1567 837 1652 889 vel
1687 851 1793 889 nou
1841 850 1935 888 ex-
1973 836 2016 886 A

357 928 639 984 sisteutem
673 927 861 995 genuit
892 925 1072 980 Pater.
1106 927 1150 982 Ο
1178 929 1359 983 lutiles
1388 932 1594 1000 nugas!
1625 929 1751 983 llaec
1793 929 1937 983 enim

360 1018 491 1071 mihi
537 1032 600 1071 ac
644 1017 737 1070 tibi
770 1016 1124 1080 conveniunt,
1176 1019 1268 1088 qui
1325 1019 1522 1087 partim
1588 1033 1828 1083 eramus,
1885 1028 1942 1071 ut

357 1107 490 1164 Levi
548 1110 656 1179 ille,
694 1110 745 1165 in
788 1109 989 1166 lumbis
1049 1111 1285 1166 Abrahae
1317 1111 1358 1177 ί,
1408 1108 1605 1181 partim
1665 1113 1941 1180 procreati

359 1211 583 1261 sumus;
622 1211 687 1251 ac
733 1197 960 1267 proinde
991 1197 1189 1267 partim
1233 1213 1295 1251 ex
1343 1197 1581 1256 cutibus.
1625 1194 1821 1265 partim
1866 1210 1930 1250 ex

356 1302 459 1337 non
496 1286 718 1340 cutibus
754 1302 937 1339 sumus
970 1305 983 1340 :
1016 1299 1206 1340 contra
1239 1303 1397 1354 quam
1430 1286 1481 1339 iu
1516 1285 1810 1355 primigeua
1844 1285 1937 1338 illa

358 1378 583 1431 u-atcria
618 1376 833 1441 accidit,
861 1394 981 1446 qua}
1016 1377 1159 1431 haud
1190 1378 1353 1432 dubie
1397 1394 1463 1431 ex
1515 1393 1619 1431 non
1646 1386 1773 1432 ente
1807 1392 1937 1446 pro-

353 1475 535 1522 creata
591 1479 708 1533 est,
756 1480 1028 1539 utcunque
1061 1485 1179 1525 eam
1228 1470 1467 1524 nonnulli
1511 1480 1768 1524 aeternam
1812 1483 1932 1523 esse

353 1559 680 1631 conﬁngant.
706 1565 774 1615 At
806 1564 891 1616 hic
924 1563 1196 1631 generatio
1227 1577 1348 1616 cum
1381 1561 1617 1616 essentia
1652 1561 1765 1631 ipsa
1797 1575 1931 1614 cou-

353 1651 544 1715 cmrit,
572 1658 736 1721 atque
768 1668 795 1706 ιι
833 1653 1101 1722 principio
1131 1653 1361 1709 exstitit.
1404 1651 1502 1706 Ubi
1557 1666 1688 1720 ergo
1728 1666 1933 1719 anceps

354 1740 487 1793 illud
524 1750 695 1803 tuum,
749 1751 910 1810 atque
962 1742 1213 1811 utrinque
1264 1755 1502 1810 praeceps
1551 1750 1929 1809 argumentum

354 1828 557 1897 pones?
590 1828 729 1896 Quid
766 1830 909 1883 enim
944 1845 1030 1893 eo,
1063 1830 1204 1897 quod
1238 1847 1267 1881 ιι
1312 1828 1577 1897 principio
1617 1836 1754 1891 erat,
1787 1829 1929 1881 anti~

352 1919 511 1987 quius
554 1934 676 1974 esse
714 1929 910 1988 potest,
967 1930 1023 1973 ut
1063 1921 1171 1975 illic
1209 1928 1421 1990 tempus
1456 1920 1805 1981 collocemus,
1846 1919 1926 1973 vel

351 2024 462 2077 quo
502 2020 617 2064 erat
672 2009 859 2075 Filius,
898 2012 984 2066 vel
1016 2026 1122 2079 quo
1166 2027 1269 2065 non
1302 2010 1453 2066 erat?
1501 2010 1739 2080 Utroque
1782 2010 1925 2065 enim

2118 834 2291 889 Ὄντα
2336 830 2437 888 οὖν
2471 832 2825 903 γεγέννηκεν,
2866 833 2899 905 ἢ
2946 834 3046 885 οὐκ
3090 831 3230 887 ὄντα.
3271 837 3379 892 Τῶν
3413 841 3546 918 ληρη.

2045 929 2267 995 μάτωνῑ
2308 929 2445 995 Περὶ
2474 929 2573 997 ἐμὲ
2602 930 2697 981 καὶ
2729 927 2788 980 σὲ
2816 926 3018 989 ταῦτα,
3048 924 3098 979 οἳ
3126 926 3183 978 τὸ
3218 929 3309 995 μέν
3346 949 3391 985 τι
3415 930 3546 1005 ἦμεν,

2045 1018 2235 1089 ὥσπερ
2258 1021 2315 1072 ἒν
2343 1022 2407 1089 τῇ
2434 1018 2598 1088 ὀσφύῖ
2619 1017 2712 1071 τοῦ
2746 1019 3026 1086 Ἀδραάμ,
3049 1016 3078 1068 ό
3101 1018 3228 1071 Λευῐ
3249 1034 3263 1049 ⁸
3285 1021 3407 1077 τὸδὲ
3428 1033 3552 1096 γεγό-

2046 1128 2241 1180 ναμεν.
2262 1111 2426 1165 Ὥστε
2450 1109 2510 1174 ἐξ
2530 1109 2722 1172 ὄντων,
2746 1108 2949 1178 τρόπον
2970 1108 3090 1161 τινὰ
3120 1107 3179 1161 τὸ
3199 1110 3456 1185 ἡμέτερον,
3476 1123 3552 1177 καὶ

2036 1186 2137 1239 οὐκ
2172 1186 2340 1240 ὄντων
2360 1205 2371 1214 ·
2409 1189 2665 1251 ἐναντίως
2698 1190 2828 1258 περὶ
2864 1190 2961 1260 τὴν
2990 1192 3274 1262 ἀρχέγονον
3302 1197 3418 1270 ὓλην
3449 1205 3554 1259 ὑπο..

2041 1278 2242 1329 στᾶσαν
2274 1277 2457 1346 σαφῶς
2499 1280 2557 1346 ἐξ
2581 1281 2681 1334 οὑκ
2704 1281 2893 1342 ὄντων,
2925 1281 3027 1337 κᾶν
3063 1300 3203 1347 τινες
3368 1292 3553 1367 ἀγέννη-

2036 1383 2127 1419 τον
2306 1367 2737 1425 ἀναπλάττωσιν.
2806 1370 3069 1424 Ἐνταῦθα
3111 1372 3165 1425 δὲ
3206 1377 3468 1453 σύνδρομον
3492 1388 3555 1459 τῷ

2036 1455 2175 1513 εἶναι
2199 1459 2260 1511 τὸ
2291 1460 2648 1532 γεγεννῆσθαι
2677 1499 2695 1525 ,
2839 1464 2934 1517 καὶ
2964 1464 3059 1517 ἀπ’
3090 1466 3277 1537 ἀρχῆς.
3306 1472 3447 1527 Ὥστε
3472 1455 3554 1536 πού

2037 1549 2223 1643 θήσεις
2394 1552 2457 1643 τὸ
2488 1552 2874 1624 ἀμφίκρημνον
2896 1554 3056 1609 τοῦτο
3082 1558 3361 1631 ἐρώτημα;
3394 1566 3448 1617 Τί
3471 1570 3557 1643 γὰρ

2036 1642 2125 1695 τού
2152 1643 2246 1697 ἀπ’
2278 1642 2451 1714 ἀρχῆς
2478 1643 2863 1716 πρεσϐύτερον,
2913 1646 2980 1701 ἵν’
3009 1648 3128 1701 ἐκεῖ
3156 1647 3327 1720 Θῶμεν
3364 1655 3417 1709 τὸ
3448 1642 3558 1715 εἶναι

2035 1750 2164 1786 ποτε
2193 1734 2287 1787 τοῦ
2316 1732 2467 1801 Υἰοΰ,
2505 1735 2538 1806 ἢ
2566 1736 2626 1788 τὸ
2673 1736 2749 1808 μὴ
2781 1732 2959 1805 sint;
3005 1740 3341 1814 Ἀμφοτέρως
3379 1747 3472 1818 γὰρ
3496 1753 3559 1816 τὸ,

2032 1822 2135 1876 ἀπ’
2162 1821 2373 1891 ἀρχῆς,
2407 1824 2699 1895 λυθήσεται
2719 1844 2732 1857 ’
2761 1829 2810 1880 εἰ
2837 1830 2911 1898 μή
2947 1846 3027 1882 σοι
3047 1830 3142 1883 καὶ
3164 1834 3190 1884 ό
3218 1834 3411 1906 Πατὴρ,
3431 1841 3560 1896 πάλιν

2032 1913 2358 1984 ἐρωτώντων
2386 1915 2561 1987 ἡμῶν,
2599 1918 2659 1982 ἐξ
2693 1918 2881 1982 ὄντων,
2917 1920 2950 1991 ἢ
2980 1920 3040 1985 ἐξ
3067 1923 3167 1974 ούκ
3200 1922 3377 1989 ὄντων,
3414 1930 3561 1983 κινδυ-

2031 2005 2324 2079 νεύσειενῆ
2355 2008 2434 2071 δίς
2468 2006 2627 2074 εἶναι,
2663 2009 2691 2062 ὃ
2724 2010 2822 2080 μὲν
2845 2010 3049 2082 προὼν,
3081 2012 3110 2065 ὃ
3144 2012 3199 2066 δὲ
3229 2012 3317 2076 ὢν,
3348 2018 3377 2087 ἢ
3403 2021 3561 2073 ταυτὸν

350 2100 511 2153 modo
550 2101 708 2165 illud,
756 2120 789 2155 α
840 2104 1119 2171 principio,
1159 2103 1480 2158 dissolvetur
1509 2114 1563 2158 et
1611 2113 1839 2156 evertett

2179 2097 2262 2169 ’ῐῴ
2303 2098 2517 2164 παθεῖν,
2549 2101 2608 2167 ἐξ
2643 2104 2742 2156 ούκ
2777 2102 2945 2156 ὄντων
2979 2098 3140 2169 εἶναι,
3172 2105 3260 2159 διὰ
3291 2107 3353 2160 τὰ
3385 2110 3443 2163 σὰ
3478 2113 3564 2165 τῶν
3656 2102 3668 2109 ﬁ

350 2190 453 2245 nisi
486 2189 626 2247 forte
651 2193 743 2246 tibi
768 2208 980 2263 quoque
1004 2193 1182 2259 Pater,
1211 2195 1697 2264 percunctantibus
1738 2207 1927 2248 rursus

349 2284 523 2347 nobis,
569 2299 633 2337 ex
682 2285 995 2349 eutibusne,
1041 2301 1111 2339 an
1149 2302 1213 2341 ex
1268 2303 1376 2341 non
1417 2287 1633 2341 entibus
1686 2285 1791 2352 sit,
1842 2284 1926 2339 bis

346 2388 465 2427 esse
503 2374 857 2443 periclitetur,
891 2376 1028 2428 alter
1060 2376 1314 2430 nimirum
1356 2378 1757 2447 prmexsistens‘,
1791 2376 1927 2431 alter

345 2465 653 2533 assistens;
688 2475 783 2521 aut
812 2477 961 2521 certe
1006 2476 1224 2536 propter
1261 2467 1499 2524 ludicras
1532 2479 1653 2524 tuas
1697 2470 1928 2522 interro-

342 2557 611 2626 gationes,
646 2566 808 2627 atque
838 2573 905 2613 ex
954 2574 1118 2614 arena
1155 2566 1500 2615 constructas
1547 2560 1756 2627 domos,
1805 2575 1925 2629 qua:

342 2660 412 2702 ne
455 2648 668 2703 levibus
703 2650 919 2717 quidem
953 2650 1125 2704 ventis
1177 2651 1435 2706 resistere
1485 2661 1734 2721 possunt,
1784 2653 1920 2706 idem

341 2738 410 2804 ei,
448 2739 594 2808 quod
639 2738 796 2805 Filio,
836 2741 1079 2807 accidat,
1119 2742 1218 2795 hoc
1268 2751 1382 2805 est,
1415 2756 1481 2796 ex
1518 2757 1625 2796 non
1673 2751 1796 2797 eutc
1830 2744 1920 2797 sit.

338 2831 452 2902 Ego
493 2832 723 2900 quidem.
756 2840 1002 2886 neutrum
1035 2833 1227 2886 horum
1258 2832 1507 2897 admitto,
1538 2834 1917 2903 quaestionem-

338 2937 443 2992 que
492 2924 633 2977 hanc
686 2933 832 2977 tuam
884 2924 1235 2978 absurditatis
1284 2922 1549 2988 multum,
1592 2923 1922 2979 dilliculta-tis

337 3016 477 3070 nihil
508 3016 707 3071 habere
736 3017 843 3071 aio.
873 3015 1025 3082 Quod
1057 3018 1100 3070 si
1147 3027 1201 3071 tu
1238 3017 1393 3085 juxta
1439 3026 1561 3072 tuas
1610 3018 1921 3073 dialecticas

338 3109 632 3164 sententias
676 3109 727 3162 in
772 3108 923 3163 omni
971 3120 1293 3178 argumento
1338 3110 1654 3165 alterutram
1710 3111 1917 3181 disjuu-

336 3199 577 3253 etionum
624 3214 802 3253 veram
867 3215 990 3256 esse
1034 3212 1286 3270 oportere
1332 3201 1644 3265 existimas,
1698 3219 1917 3271 parvam

335 3292 623 3358 quamdam
656 3292 1226 3363 iuterrogatiunculam
1264 3308 1293 3346 a
1325 3310 1409 3348 me
1443 3295 1649 3363 accipe.
1681 3293 1919 3364 Tempus

337 3391 497 3436 estne
544 3383 597 3435 iu
636 3391 895 3449 tempore,
928 3386 1144 3439 annon?
1190 3385 1244 3439 Si
1283 3387 1334 3439 in
1375 3394 1633 3454 tempore,
1666 3400 1772 3453 quo
1802 3395 1919 3439 tan-

334 3472 491 3525 dem?
525 3472 772 3542 Quidque
823 3489 1006 3542 supra,
1029 3475 1130 3530 hoc
1164 3476 1497 3530 exsistente?
1532 3477 1609 3530 Ac
1645 3476 1914 3543 quomodo
1952 3527 1989 3543 η

335 3563 441 3616 hoc
487 3562 836 3617 continente?
883 3564 939 3618 Si
1000 3575 1179 3618 autem
1232 3581 1335 3619 nou
1389 3565 1441 3617 in
1485 3575 1743 3631 tempore,
1796 3579 1915 3633 quas

331 3653 445 3707 haec
476 3653 676 3706 eximia
710 3654 998 3721 sapientia,
1035 3665 1249 3723 tempus
1296 3656 1553 3724 temporis
1592 3669 1788 3725 expers
1829 3656 1912 3708 iu-

331 3746 571 3800 ducere?
615 3749 746 3815 Age,
785 3747 942 3816 hujus
994 3748 1283 3811 scrumuis,
1326 3747 1481 3800 Nunc
1514 3763 1606 3816 ego
1664 3748 1910 3812 meulior,

329 3839 395 3890 da
430 3839 680 3900 alterum,
722 3849 813 3893 aut
845 3841 1105 3893 duntaxat
1141 3855 1321 3893 verum
1357 3855 1500 3901 esse,
1528 3850 1621 3892 aut
1666 3839 1858 3892 falsum
1887 3855 1904 3893 :

327 3946 433 3984 non
482 3939 624 3985 enim
674 3938 963 3999 utrumque
1014 3932 1285 3984 dabimus.
1331 3932 1489 3999 Atqui
1543 3931 1691 3984 nullo
1751 3931 1908 3984 modo

327 4022 431 4076 hoc
478 4021 601 4077 ﬁeri
626 4030 823 4089 potest.
869 4019 961 4073 Vel
1000 4022 1139 4074 enim
1177 4022 1446 4074 mentiens
1500 4035 1684 4073 verum
1731 4018 1903 4085 dicet,

327 4114 411 4168 vel
458 4113 750 4167 mentietur
794 4127 981 4166 verum
1044 4113 1250 4166 dicens.
1302 4112 1375 4164 Ita
1423 4125 1643 4178 prorsus
1690 4124 1910 4163 necesse

328 4215 433 4260 est.
458 4204 599 4270 Quid
628 4205 791 4271 igitur
818 4203 1038 4266 mirum,
1075 4203 1121 4255 si
1156 4200 1605 4271 quemadmodum
1651 4202 1739 4255 hic
1779 4213 1911 4253 con-

332 4296 500 4348 traria
537 4306 895 4358 concurrunt,
949 4295 1019 4347 itu
1066 4295 1228 4347 etiam
1283 4293 1391 4346 illic
1447 4301 1673 4360 utraque
1715 4306 1840 4361 pars
1876 4306 1906 4345 a

332 4402 458 4440 vero
501 4387 735 4449 aberret,
768 4397 927 4456 atque
978 4387 1051 4438 ita
1102 4386 1296 4437 scitum
1353 4384 1477 4437 illud
1529 4392 1582 4437 et
1632 4384 1904 4437 eruditum

330 4486 481 4528 tuum
540 4485 916 4543 argumean
965 4474 1188 4529 stultum
1244 4482 1405 4542 atque
1457 4474 1695 4542 ineptum
1735 4487 1901 4542 appa-

327 4564 481 4618 reat?
509 4563 589 4617 Ac
632 4562 788 4617 velim
859 4563 989 4615 mihi
1048 4565 1149 4616 hoc
1197 4564 1358 4616 etiam
1410 4563 1635 4631 aeuigtna
1685 4566 1899 4618 solvas:

326 4655 605 4709 Aderasne
646 4655 741 4707 tibi
786 4668 908 4707 curn
946 4654 1280 4721 gignereris?
1322 4654 1533 4706 Adesue
1562 4656 1724 4707 etiam
1761 4667 1903 4705 nunc

2032 2188 2402 2260 ἐρωτημάτων
2432 2192 2678 2260 παίγνια,
2708 2194 2802 2247 καὶ
2831 2195 2931 2258 τὰς
2958 2197 3021 2249 ὲκ
3050 2196 3293 2267 ψάμμων
3438 2205 3564 2257 οἱκο-

2029 2279 2218 2351 δομάς,
2250 2282 2308 2335 αἶ
2348 2283 2481 2354 μηδὲ
2513 2284 2709 2356 αὔραις
2748 2286 3010 2340 ἵστανται.
3051 2287 3196 2355 Ἐγὼ
3228 2290 3319 2359 μὲν
3360 2287 3443 2346 οὖν
3470 2294 3564 2347 066-

2031 2372 2218 2445 έτερον
2255 2374 2458 2428 τούτων
2491 2375 2737 2447 δέχομαι,
2783 2378 2874 2430 καὶ
2903 2377 3000 2448 τὴν
3053 2379 3318 2451 ὲρὼτησίν
3368 2400 3491 2455 φημι
3519 2385 3566 2440 τὸ

2028 2464 2228 2519 ἄτοπον
2260 2465 2426 2536 ἔχειν,
2471 2468 2591 2537 ούχὶ
2630 2468 2689 2520 τὸ
2719 2469 2920 2540 ἄπορον
2949 2471 3046 2540 τὴν
3076 2471 3394 2542 ἀπάντησιν.
3433 2475 3487 2527 Εἰ
3520 2476 3564 2529 ει

2033 2556 2117 2609 σοὶ
2290 2558 2537 2627 φαίνεται
2596 2561 2892 2628 ἀναγκαῖον
2951 2556 3091 2615 εἶναι
3120 2564 3209 2617 ,τὸ
3245 2564 3417 2637 ἕτερον
3458 2567 3565 2638 ἀλη-

2028 2646 2207 2703 θεύειν
2232 2651 2320 2703 ἐπὶ
2341 2652 2562 2717 παντὸς,
2599 2653 2739 2706 κατὰ
2768 2653 2866 2718 τὰς
2902 2655 2999 2719 σὰς
3030 2655 3371 2721 διαλεκτικὰς
3404 2659 3567 2729 ὑπολή-

2027 2738 2171 2811 ψεις,
2212 2741 2361 2809 δέξαι
2412 2743 2513 2815 μού
2552 2762 2604 2798 τι
2650 2746 2846 2818 μικρὸν
2875 2746 3177 2819 ἐρώτημαο
3233 2749 3289 2802 '0
3328 2750 3495 2820 χρόνος
3521 2750 3567 2803 ἐν

2027 2833 2226 2905 χρόνῳ,
2267 2835 2301 2906 ἦ
2331 2836 2431 2890 οὐκ
2475 2836 2532 2889 ὲν
2565 2837 2774 2910 χρόνῳ;
2804 2840 2866 2891 El
2916 2839 3014 2911 μὲν
3044 2835 3140 2893 οὖν
3178 2842 3236 2894 ὲν
3281 2841 3459 2913 χρόνῳ,
3483 2840 3567 2895 τίνι

2028 2926 2228 2997 τούτῳ;
2266 2928 2359 2979 καὶ
2378 2928 2432 2981 τί
2448 2930 2598 3000 παρά
2620 2928 2807 2984 τοῦτον
2831 2930 2976 2996 Evn;
3008 2931 3105 2984 καὶ
3129 2930 3248 2995 πῶς
3272 2932 3567 3003 περιέχοντι;

2030 3016 2091 3068 El
2120 3015 2176 3068 δὲ
2211 3017 2309 3069 οὐκ
2330 3018 2386 3068 ὲν
2417 3016 2612 3089 χρόνῳ,
2632 3020 2717 3082 τίς
2743 3021 2775 3090 ὴ
2803 3020 3028 3090 περιττὴ
3061 3022 3244 3089 σοφία,
3278 3022 3450 3092 χρόνον
3478 3025 3569 3075 εἱσ-

2027 3106 2181 3175 ἀγειν
2219 3109 2472 3178 ἄχρονον;
2508 3109 2614 3163 Τοῦ
2659 3110 2737 3175 δὲ,
2770 3110 2901 3165 Νῦν
2936 3111 3050 3182 ἐγὼ
3088 3113 3399 3182 ψεύδομαι,
3426 3114 3500 3177 δὸς
3523 3116 3569 3166 τὸ

2026 3197 2234 3269 ἕτερον,
2279 3200 2311 3271 ἢ
2361 3199 2718 3272 ἀληθεύεσθαι
2897 3203 3075 3274 μόνον,
3124 3205 3157 3275 ἢ
3202 3204 3568 3274 ψεύδεσθαι·ού

2028 3289 2135 3361 γὰρ
2165 3291 2447 3362 ἀμφότερα
2477 3291 2740 3363 δώσομεν.
2783 3293 2921 3346 Ἀλλ’
2949 3294 3045 3346 οὐκ
3072 3294 3364 3365 ἐνδέχεται.
3400 3295 3462 3346 Ἦ
3484 3293 3571 3365 γὰρ

2027 3376 2353 3448 ψευδόμενος
2395 3379 2703 3451 ἀληθεύσει,
2750 3381 2779 3452 ἢ
2819 3382 3096 3454 ἀληθεύων
3142 3382 3425 3452 ψεύσεται*
3450 3384 3571 3436 πᾶσα

2028 3469 2260 3539 ἀνάγκη.
2296 3471 2361 3523 Τί
2405 3467 2497 3525 οὖν
2527 3470 2858 3543 θαυμαστὸν,
2896 3473 3084 3547 ὥσπερ
3114 3473 3349 3529 ἐνταῦθα
3376 3473 3573 3544 συμϐαί-

2027 3577 2105 3615 νει
2141 3562 2207 3615 τὰ
2246 3564 2481 3627 ἐναντία,
2517 3563 2689 3627 οὕτως
2734 3564 2911 3617 ἐκεῖσε
2965 3564 3256 3637 ἀμφότερα
3302 3564 3570 3634 ψεύδεσθαι.

2029 3654 2123 3708 καὶ
2150 3654 2292 3707 οὓτω
2326 3672 2406 3709 σοι
2452 3658 2515 3709 τὸ
2565 3656 2727 3726 σοφὸν
2759 3657 2964 3727 ἠλίθιον
3006 3658 3450 3728 ἁναφανήσεταις
3497 3656 3575 3708 ’Ἐν

2029 3744 2109 3797 ἔτι
2138 3763 2226 3815 μοι
2246 3746 2405 3799 λύσον
2432 3747 2538 3801 τῶν
2560 3748 2896 3820 αἰνιγμάτων
2916 3764 2927 3778 ³
2957 3748 3180 3819 Σεαυτῷ
3208 3750 3264 3802 δὲ
3294 3746 3574 3817 γεννωμένῳ

2030 3837 2240 3908 παρῆςς
2272 3838 2436 3908 πάρει
2468 3839 2525 3891 δὲ
2555 3838 2683 3904 νῦν;
2721 3841 2753 3910 ἢ
2783 3838 3103 3911 ούδὲτερον;
3134 3841 3198 3894 Εἰ
3242 3838 3342 3910 μὲν
3378 3837 3475 3909 γὰρ
3500 3836 3576 3891 καὶ

2029 3929 2232 3998 παρῆς,
2278 3929 2372 3983 καὶ
2402 3932 2587 4002 πάρει,
2622 3931 2697 3994 ὡς
2726 3931 2831 3996 τίς,
2869 3932 2964 3984 καὶ
3000 3931 3143 3997 τίνι;
3171 3932 3268 3985 καὶ
3311 3930 3422 3991 πῶς
3454 3931 3479 3982 ό
3512 3922 3576 3987 εἷς

2028 4022 2195 4091 ἄμφω
2238 4018 2526 4091 γεγόνατε;
2569 4023 2632 4076 Εἰ
2689 4021 2746 4077 δὲ
2800 4021 3094 4093 μηδέτερον
3142 4022 3251 4075 τῶν
3288 4018 3580 4091 εἰρημένων,

2029 4112 2143 4174 πῶς
2182 4112 2406 4166 σεαυτοῦ
2601 4112 2832 4183 χωρίζῃς
2866 4113 2958 4169 καὶ
2990 4112 3075 4175 τίς
3116 4114 3148 4183 ἡ
3186 4111 3334 4165 αἰτία
3379 4109 3471 4178 τῆς
3490 4107 3582 4160 δια-

2028 4205 2259 4272 ζεύξεως
2302 4226 2316 4272 ς
2474 4203 2613 4256 Ἀλλ’
2639 4204 2958 4256 ἀπαίδευτον
2982 4203 3043 4257 τὸ
3169 4261 3176 4268 ,
3211 4203 3340 4273 περὶ
3366 4198 3453 4254 τοῦ
3470 4197 3583 4261 ὲνὺς,

2026 4295 2074 4347 ει
2118 4293 2293 4363 ἐαυτῷ
2336 4294 2620 4365 πάρεστιν,
2654 4293 2686 4345 ἢ
2741 4294 2834 4365 μὴ,
2877 4293 3379 4365 πολυπραγμονεῖν.
3426 4287 3582 4343 Ταῦτα

2026 4385 2133 4456 γὰρ
2164 4386 2249 4438 ἐπ’
2275 4384 2469 4451 ἄλλων,
2493 4386 2589 4455 οὐχ
2613 4383 2805 4437 ἑαυτοῦ
2835 4384 3072 4452 λέγεται.
3112 4382 3577 4451 Ἀπαιδευτότερον,

2026 4470 2084 4528 εὖ
2116 4476 2242 4539 ἴσθι,
2273 4476 2333 4528 τὸ
2369 4477 2463 4528 ἀπ’
2502 4476 2677 4546 ἀρχῆς
2709 4474 3105 4545 γεγεννημένον
3150 4506 3167 4531 .
3318 4473 3366 4524 εἰ
3402 4466 3463 4540 ἦν
3495 4464 3581 4537 πρὸ

2029 4555 2123 4637 τῆς
2160 4568 2485 4639 γεννήσεως,
2529 4567 2561 4637 ἢ
2606 4568 2705 4620 ούκ
2732 4562 2820 4637 ἦν,
2861 4565 3261 4621 διευθύνεσθαι.
3299 4558 3457 4625 Οὗτος
3494 4558 3581 4630 γὰρ

2028 4659 2157 4727 περὶ
2184 4658 2290 4711 τῶν
2322 4659 2498 4729 χρόνῳ
2525 4657 2809 4728 διαιρετῶν
2841 4659 2868 4709 ό
2896 4658 3070 4724 λόγος.

331 4757 473 4809 tibi?
511 4754 592 4808 An
638 4760 887 4805 neutrum
925 4750 1118 4802 horum
1146 4746 1169 4801 ?
1201 4746 1256 4800 Si
1289 4747 1432 4799 enim
1468 4744 1688 4806 aderas,
1722 4750 1778 4794 et
1808 4743 1960 4803 ades,
2042 4726 2290 4809 quisnam
2324 4726 2570 4799 tandem,
2629 4726 2683 4791 et
2732 4736 2853 4792 cui?
2890 4736 2954 4789 Et
2989 4734 3263 4802 quomodo
3315 4744 3448 4784 unus
3495 4726 3583 4781 duo

328 4852 555 4909 elTectus
584 4852 679 4908 es?
712 4852 768 4907 Si
802 4857 979 4904 autem
1010 4855 1259 4901 neutrum
1292 4843 1484 4896 horum
1523 4852 1640 4907 qua:
1677 4836 1931 4899 diximus,
2002 4834 2272 4905 quomodo
2304 4848 2332 4884 a
2380 4834 2555 4901 teipso
2586 4831 2950 4900 disjnngeris‘l
2992 4830 3057 4884 Et
3080 4846 3203 4899 quae
3231 4824 3584 4924 disjuuctiouil

334 4946 564 5016 hujusce
592 4946 795 5000 causa?
833 4942 937 4997 Sed
991 4941 1231 5007 ineptum
1280 4944 1382 5000 est,
1448 4933 1685 5001 inquies,
1743 4944 1864 4983 cum
1916 4925 1983 4980 de
2066 4943 2176 4980 uno
2247 4924 2597 4991 diSpu'atur,
2650 4924 2861 4977 adsitne
2925 4923 3046 4987 sibi,
3095 4938 3290 4981 necne,
3349 4919 3585 5019 curiosius

333 5014 629 5110 inqu-nere.
670 5041 793 5094 Haec
825 5040 969 5093 enim
999 5038 1064 5089 de
1096 5036 1236 5092 aliis,
1294 5047 1400 5084 non
1431 5030 1495 5080 de
1531 5026 1706 5093 seiPso
1757 5023 2027 5077 dicu'llm‘o
2102 5020 2363 5087 lucinius.
2401 5032 2452 5070 m
2481 5019 2530 5069 hi
2565 5018 2746 5078 ετυ⁴¹¹¹ο
2776 5027 2876 5076 ⁸⁵⁸»
2914 5018 2984 5079 Μ’
3046 5018 3194 5086 (ΙηοᾹ
3250 5032 3280 5069 ³
3352 5014 3585 5115 Ρτξηθίνίο

331 5106 472 5196 erat.
508 5148 686 5191 utrum
720 5144 842 5188 ante
867 5131 1277 5202 generationem
1319 5132 1672 5185 erat,necue,
1741 5118 1795 5170 iu
1859 5116 2209 5186 qttazstioncm
2286 5128 2497 5164 νοτίῃ-ε.
2564 5110 2687 5162 Haec
2739 5110 2882 5162 enim
2948 5111 3243 5177 disputatio
3296 5107 3360 5160 iis
3401 5106 3587 5158 denum

331 5233 602 5292 convenit,
632 5242 751 5297 quae
779 5235 1016 5295 tempore
1049 5218 1215 5274 dividi
1239 5226 1484 5285 possunt.

403 5333 472 5385 At
506 5328 676 5387 enim,
732 5322 1003 5391 inquiunt,
1045 5332 1148 5370 nou
1201 5314 1343 5367 idem
1393 5318 1518 5363 sunt
1557 5306 1794 5378 genitum
1859 5315 1913 5357 ct
1964 5299 2002 5349 D

332 5421 677 5489 ingenitum;
738 5432 801 5468 ac
864 5410 1113 5481 proinde,
1186 5418 1283 5458 uec
1339 5401 1512 5455 Filius
1578 5416 1700 5453 cum
1750 5397 1911 5450 Patre

336 5515 479 5567 idem
513 5521 617 5565 est.
658 5507 797 5575 Quid
829 5518 968 5571 opus
1024 5509 1106 5552 est
1161 5497 1365 5559 dicere,
1436 5495 1538 5548 hoc
1590 5500 1910 5560 argumento

338 5606 420 5658 τοι
452 5604 672 5656 Patrem
724 5600 806 5653 τυ]
850 5594 1046 5648 Filium
1079 5610 1106 5642 ιι
1146 5588 1427 5641 divinitate
1462 5584 1749 5638 manifeste
1783 5582 1909 5633 sub-

340 5694 593 5748 moveri?
627 5691 683 5746 Si
710 5690 851 5743 enim
895 5683 1193 5753 ingenitum
1230 5679 1468 5734 essentia
1512 5675 1602 5728 llci
1628 5683 1731 5737 est,
1782 5688 1908 5741 pio-

421 5899 463 5929 “
501 5898 665 5953 llebt‘.
701 5911 794 5961 vn,
843 5895 904 5949 lt)
937 5910 1057 5961 sqq.

2123 5300 2266 5353 ’Λλλ’
2297 5299 2357 5351 ού
2391 5296 2607 5357 ταυτὸν,
2652 5298 2807 5363 φησι,
2841 5297 2900 5346 τὸ
2943 5296 3248 5364 ἀγέννητον
3282 5295 3377 5346 καὶ
3402 5293 3459 5345 τὸ
3492 5305 3591 5354 γεν-

2036 5394 2215 5463 νητόν.
2248 5392 2307 5443 Εἰ
2336 5389 2395 5442 δὲ
2443 5390 2622 5451 τοῦτο,
2654 5389 2775 5441 οὐδὲ
2815 5389 2841 5440 ὁ
2880 5388 3007 5450 Υἱός
3058 5388 3133 5457 τῷ
3180 5388 3358 5458 [Ιατρὶ
3401 5382 3588 5437 ταυτόν.

2037 5484 2160 5535 ὐτι
2201 5483 2299 5552 μὲν
2347 5482 2597 5551 φανερῶς
2631 5483 2658 5534 ὁ
2705 5480 2861 5547 λόγος
2894 5472 3049 5540 οὗτος
3080 5480 3340 5531 ἐκϐάλλει
3370 5476 3457 5528 τὸν
3487 5472 3591 5525 Υἱὸν

2034 5576 2128 5642 τῆς
2163 5573 2439 5641 θεότητος,
2479 5574 2511 5645 ἦ
2548 5573 2639 5625 τὸν
2674 5573 2914 5642 Πατέρα,
2950 5571 3001 5622 τί
3031 5570 3137 5640 χρὴ
3166 5570 3389 5639 λέγεινς
3420 5566 3479 5619 El
3506 5563 3594 5629 γὰρ

2035 5667 2093 5720 τὸ
2135 5667 2432 5736 ἀγέννητον
2476 5667 2632 5719 ούσία
2677 5665 2835 5730 Θεοῦ,
2865 5665 2922 5717 τὸ
2973 5667 3238 5733 γιννητὸν
3283 5661 3384 5714 οὐκ
3414 5656 3586 5713 ούσῐαο
