3860 6558
200 423 316 485 565

1108 420 1487 483 PANOPIJA
1531 417 1997 481 DOGMATICA.
2036 443 2106 456 -·
2138 420 2290 482 ΤιΤ.
2328 423 2460 483 VlI.

3319 420 3426 482 566

196 538 249 589 εί
275 536 331 588 δὲ
365 533 518 589 τοῦτο
533 535 633 589 οὐκ
661 535 857 589 έκεῖνο.
876 534 970 596 Τίς
998 533 1216 601 ἀντερεῖ
1235 532 1422 599 λόγοςς
1457 532 1608 583 Ἐλοῦ
1638 530 1747 584 τοί·
1776 553 1792 594 λ

1894 540 1995 585 :cto
2030 531 2268 599 genitum
2305 534 2542 590 essentia
2580 552 2686 591 non
2724 537 2830 591 erit
2874 553 2887 590 :
2926 544 3023 589 aut
3058 535 3103 589 si
3139 532 3267 599 hoc,
3305 550 3434 603 pro-

193 646 296 680 νυν
321 628 424 680 τῶν
456 628 720 681 ἀσεϐειῶν
742 628 1007 697 ὁποτέραν
1044 626 1243 698 βούλει,
1276 620 1322 679 ὦ
1344 624 1494 678 καινὲ
1524 622 1633 690 (80)
1666 621 1778 674 θεο-

198 717 351 785 λόγε,
406 717 565 787 εἴπερ
617 719 835 772 ἀσεϐεῖν
875 724 1090 781 πάντως
1129 718 1488 777 ἐσπούδακας.
1523 715 1770 773 Ἔπειτα,

201 809 323 871 πῶς
354 810 414 861 οὐ
444 809 637 865 ταυτὸν
670 809 849 878 λέγεις
1019 810 1082 862 τὸ
1109 810 1401 877 ἀγέννητον
1440 804 1535 857 xu‘t
1564 803 1624 854 τὸ
1655 818 1777 867 γεν-

199 901 398 969 νητόνς
427 901 487 953 Εἰ
514 901 612 970 μὲν
642 901 705 953 τὸ
735 902 809 972 μὴ
840 900 1173 971 ὲκτισμένον,
1206 898 1300 953 xui
1328 894 1664 966 ἐκτισμένον,
1689 892 1779 944 κά-

199 989 287 1057 γὼ
316 990 574 1060 δέχομαι·
606 994 668 1045 οὐ
699 993 806 1062 γὰρ
834 993 1033 1047 ταυτὸν
1059 994 1126 1064 τῇ
1161 990 1319 1059 φύσει
1345 988 1407 1041 τὸ
1427 987 1659 1056 ἄναρχον
1688 982 1779 1035 xui.

196 1082 261 1133 τὸ
293 1082 629 1151 κτιζόμενον.
656 1084 717 1136 Εί
750 1085 805 1136 δὲ
843 1085 905 1137 τὸ
932 1082 1278 1153 γεγεννηκὸς,
1308 1080 1401 1135 xui.
1424 1079 1486 1133 τὸ
1522 1092 1780 1146 γεγεννη-

201 1171 393 1239 μένον,
429 1172 489 1224 οὐ
514 1172 710 1225 ταυτὸν
749 1173 950 1241 λέγεις,
978 1174 1080 1226 οὐκ
1103 1170 1280 1243 ὀρθῶς
1307 1170 1545 1237 λέγεται.
1574 1161 1780 1218 Ταυτδν

197 1261 312 1331 γὰρ
335 1256 479 1315 εἶναι
506 1264 654 1315 πᾶσα
685 1264 899 1334 ἀνάγκη
917 1280 932 1295 ’
968 1263 1108 1334 αῦτη
1132 1263 1243 1332 γὰρ
1273 1261 1435 1331 φύσις
1462 1257 1781 1327 γεννήτορος

197 1351 297 1403 xui.
331 1353 670 1423 γεννήματος
716 1391 732 1415 ,
884 1352 1079 1407 ταυτὸν
1118 1348 1255 1406 εἶναι
1316 1348 1394 1420 τῷ
1434 1343 1781 1416 γεγεννηκότι

197 1441 346 1494 κατὰ
390 1441 491 1513 τὴν
533 1442 695 1511 φύσιν
739 1442 800 1495 τὸ
846 1443 1112 1513 γέννημα.
1309 1442 1379 1493 Ἢ
1412 1437 1553 1490 οὕτω
1587 1433 1779 1489 πάλιν

197 1531 330 1595 Πῶς
378 1533 557 1601 λέγεις
606 1535 669 1586 τὸ
714 1535 1008 1604 ἀγέννητον
1052 1533 1239 1587 καὶτὸ
1270 1529 1556 1602 γεννητόνς
1586 1528 1649 1580 Εἰ
1685 1525 1783 1595 μὶν

1870 622 1956 676 cui
2003 624 2164 677 dubio
2200 639 2304 678 non
2343 626 2492 679 illud.
2522 626 2651 688 Quis
2680 627 2823 680 enim
2855 636 2939 678 est
2981 625 3069 691 qui
3102 635 3431 677 contramnn

1824 738 1825 741 η
1871 713 2190 781 disputando
2248 716 2388 769 tueri
2445 717 2651 785 queat?
2705 717 3104 780 Quamobrem,
3158 723 3333 766 utram
3405 726 3437 762 ο

1871 804 2081 860 duabus
2114 806 2476 876 impietatibus
2514 809 2688 872 malis,
2716 810 2873 876 elige,
2904 824 2936 859 ο
2981 822 3116 860 nove
3166 806 3436 873 tiicologe,

1872 896 2132 965 Siquidem
2176 897 2394 964 impiam
2436 899 2736 950 doctrinam
2786 899 3006 950 omnino
3061 895 3306 963 amplecti
3347 896 3437 946 lilii

1873 987 2201 1055 propositum
2229 996 2328 1040 est.
2367 985 2588 1051 Deinde,
2619 985 2888 1053 quomodo
2925 986 3219 1051 ingenitum
3254 993 3305 1035 et
3352 998 3443 1050 ge-

1875 1078 2041 1131 nitum
2080 1094 2182 1131 non
2220 1078 2354 1132 idem
2385 1094 2507 1133 esse
2540 1078 2712 1132 dicis?
2748 1077 2803 1131 Si
2847 1090 2942 1145 per
2972 1078 3084 1129 haec
3110 1076 3273 1130 verba
3305 1074 3437 1136 nihil

1875 1171 2015 1222 aliud
2065 1170 2341 1240 intelligis,
2374 1187 2531 1239 quam
2578 1173 2628 1226 id
2656 1172 2798 1241 quod
2850 1172 3147 1224 increatum
3192 1177 3245 1221 et
3295 1167 3441 1235 quod

1877 1272 2154 1327 creatum,
2207 1262 2259 1315 in
2311 1264 2497 1316 eadem
2546 1263 2658 1330 ipse
2713 1276 2929 1331 quoque
2981 1276 3100 1314 smn
3154 1258 3442 1311 sententia.

1878 1351 2061 1421 Neque
2095 1355 2237 1407 enim
2269 1364 2455 1408 natura
2491 1356 2630 1408 idem
2673 1363 2757 1408 est
2802 1353 2945 1423 quod
2976 1348 3244 1421 principio
3277 1358 3446 1412 caret,

1879 1454 1931 1497 et
1962 1445 2106 1514 quod
2140 1456 2479 1515 procreatum
2501 1456 2604 1501 est.
2638 1446 2734 1499 Sin
2766 1455 2942 1499 autem
2979 1443 3064 1497 bis
3090 1442 3269 1496 verbis
3298 1456 3446 1503 eum,

1876 1536 1969 1604 qui
2004 1538 2209 1607 genuit,
2248 1547 2303 1592 et
2332 1552 2476 1601 eum,
2511 1539 2600 1606 qui
2631 1538 2843 1605 genitus
2873 1546 2976 1598 est,
3011 1534 3235 1601 accipis,
3268 1534 3441 1586 baud-

198 1624 314 1692 γὰρ
498 1625 597 1697 τὴν
620 1626 946 1697 ἀγεννησίαν
977 1626 1145 1696 αὐτὴν
1177 1626 1270 1679 xu‘t
1297 1623 1395 1694 τὴν
1422 1622 1694 1690 γέννησιν,
1721 1616 1781 1669 οὐ

1894 1642 2147 1696 ιυιιιιιιιιιιι
2220 1640 2365 1684 recte
2437 1630 2489 1683 id
2540 1632 2638 1683 abs
2703 1639 2752 1682 te
2828 1629 3044 1681 dicitur.
3115 1626 3257 1679 idem
3306 1626 3450 1678 enim

196 1719 403 1769 ταυτόν
452 1728 467 1742 ⁸
624 1719 672 1771 εί
710 1718 767 1771 δὲ
805 1714 888 1781 οἷς
916 1718 1151 1789 ὑπάρχει
1194 1716 1387 1782 ταῦτα,
1418 1712 1533 1775 πῶς
1568 1712 1627 1764 οὐ
1656 1725 1786 1761 ταυ-

1894 1718 2099 1771 ιιιιιιῑιιυ
2126 1732 2247 1773 esse
2291 1733 2513 1774 necesse
2553 1730 2653 1774 est.
2688 1719 2810 1772 llaec
2837 1719 3033 1788 quippe
3062 1717 3225 1787 geniti
3262 1728 3448 1771 natura

199 1808 324 1865 τόνς
372 1809 522 1862 Ἐπεὶ
547 1811 642 1863 xui
672 1810 733 1864 τὸ
758 1811 980 1880 ἄσοφον,
1004 1811 1097 1864 xui.
1118 1809 1178 1862 τὸ
1207 1807 1391 1875 σοφὸν,
1415 1802 1664 1872 ἀλλήλοις
1686 1800 1785 1870 μὲν

1894 1820 1983 1875 ast,
2018 1822 2075 1864 nt
2118 1812 2283 1875 idem,
2325 1813 2368 1866 si
2403 1821 2650 1866 naturam
2694 1822 2924 1880 spectes,
2965 1812 3035 1864 sit
3087 1828 3207 1864 cum
3243 1824 3310 1863 eo
3357 1810 3451 1877 qui

198 1898 261 1950 οὐ
290 1899 494 1965 ταυτά,
526 1902 654 1971 περὶ
680 1872 884 1956 ταυτὸν.
906 1902 965 1954 δὲ
996 1902 1086 1954 τὸν
1106 1872 1390 1970 ἄνθρωπον
1409 1913 1423 1929 ο
1455 1896 1549 1949 καὶ
1577 1894 1677 1946 οὐκ
1698 1891 1788 1945 οὺ-

1894 1872 2085 1971 gennit.
2113 1901 2207 1956 Vel
2245 1872 2312 1958 ad
2349 1904 2490 1958 hunc
2534 1872 2733 1958 rursus
2759 1872 2975 1957 modum
3019 1917 3284 1969 agamus:
3314 1872 3454 1966 Quid

194 1987 321 2050 σίας
347 1988 562 2059 τέμνει,
593 1991 721 2059 περὶ
765 1989 823 2042 δὲ
849 1990 948 2058 τὴν
981 1988 1149 2059 αὐτὴν
1178 1987 1364 2041 οὐσίαν
1393 1984 1674 2054 τέμνεται.
1716 1981 1787 2032 ’Ἡ

1894 2005 1979 2060 per
2019 1993 2312 2061 ingenitum
2362 2008 2425 2046 ac
2454 1993 2694 2061 genitum
2726 1990 3018 2057 intelligis?
3066 1990 3122 2043 Si
3172 1990 3340 2056 ipsam
3372 1988 3456 2040 in-

201 2079 296 2129 καὶ
331 2079 399 2130 τὸ
427 2079 714 2143 ἀθάνατον,
741 2080 836 2133 xui.
869 2080 929 2132 τὸ
958 2080 1185 2143 ἄκακον,
1220 2078 1312 2130 xui.
1343 2075 1404 2128 τὸ
1433 2072 1788 2128 ἀναλλοίωτον

1894 2084 2048 2151 geniti
2082 2092 2136 2137 et
2166 2084 2329 2151 geniti
2363 2085 2777 2152 proprietatem,
2823 2098 2928 2135 non
2974 2080 3115 2134 idem
3150 2088 3299 2132 sunt.
3352 2076 3461 2130 Sin.

196 2169 365 2221 οὐσία
401 2169 537 2223 Θεοῦ
563 2188 578 2234 ;
627 2171 766 2223 Ἀλλ’
796 2173 844 2223 εί
866 2170 1044 2233 τοῦτο,
1076 2169 1270 2221 πολλαὶ
1295 2167 1475 2220 οὐσίαι
1497 2163 1656 2227 Θεοῦ,
1694 2161 1789 2216 καὶ

1894 2186 2065 2231 autem
2098 2191 2181 2242 ea,
2212 2177 2408 2245 quibus
2454 2180 2564 2231 haec
2597 2176 2800 2237 insunt,
2829 2174 2956 2242 quid
2992 2182 3137 2225 vetat
3166 2168 3459 2237 quominus

195 2262 257 2315 οὐ
286 2263 423 2332 μίαο
452 2263 484 2333 ἦ
518 2262 769 2317 σύνθετον
796 2265 862 2317 ὲκ
892 2263 1098 2317 τούτων
1123 2263 1184 2315 τὸ
1204 2262 1377 2315 Θείον·
1409 2259 1470 2313 οὐ
1495 2257 1605 2327 γὰρ
1626 2257 1792 2311 ἀσυν-

1894 2267 2027 2321 idem
2072 2268 2212 2321 sint?
2259 2268 2704 2335 Quandoquidem
2758 2266 2900 2333 quod
2944 2262 3203 2331 insipiens
3239 2270 3352 2322 est,
3402 2268 3459 2313 et

200 2352 379 2415 θέτως
408 2353 601 2408 ταῦτα.
629 2355 788 2424 εἴπερ
818 2354 1020 2409 οὐσίαι.

1894 2360 2126 2425 sapiens,
2175 2361 2313 2413 inter
2358 2374 2415 2414 se
2457 2360 2671 2428 quidem
2724 2374 2826 2410 non
2879 2356 3016 2409 idem
3064 2363 3224 2415 sunt;
3272 2366 3457 2403 verum

202 2443 353 2494 circa
434 2445 681 2495 eumdem
728 2441 1000 2496 hominem
1066 2442 1530 2496 considerantur:
1603 2454 1704 2492 nec
1755 2440 2087 2494 santantias
2134 2440 2408 2502 scindunt,
2481 2440 2576 2493 sed
2623 2439 2763 2493 circa
2815 2436 3058 2490 eamdem
3104 2430 3462 2489 substantiam

194 2534 547 2587 sciuduntur.
579 2533 754 2600 Quid?
785 2536 866 2588 An
931 2535 1093 2589 etiam
1132 2536 1532 2601 immortalitas,
1597 2543 1652 2587 et
1694 2534 2027 2596 innocentia,
2066 2542 2120 2586 et
2172 2533 2602 2597 immutabilitas,
2674 2532 2907 2585 essentia
2980 2528 3071 2581 Dei
3115 2525 3280 2580 sunt?
3316 2523 3387 2576 At
3412 2522 3458 2575 si

198 2629 267 2681 ita
316 2634 438 2690 est,
480 2625 657 2678 multa:
709 2625 798 2678 Dei
846 2626 1097 2680 essentia:
1134 2633 1312 2687 erunt,
1384 2640 1489 2679 non
1542 2638 1695 2679 una:
1759 2632 1849 2675 aut
1890 2629 2037 2675 certe
2079 2622 2409 2689 compositus
2465 2636 2531 2674 ex
2586 2619 2671 2673 bis
2713 2618 2851 2671 Deus
2896 2626 3020 2670 erit.
3080 2614 3265 2682 Neque
3315 2611 3460 2664 enim

197 2721 313 2775 haec
365 2720 500 2773 citra
558 2719 1005 2788 compositionem
1051 2732 1176 2774 esse
1233 2730 1472 2786 queunt,
1519 2719 1563 2772 si
1617 2718 1775 2772 modo
1811 2718 2057 2771 essuntia:
2087 2726 2226 2768 snnt.

436 2801 620 2856 Ταῦτα
680 2805 779 2875 μὲν
838 2805 898 2858 οῦ
959 2823 1124 2875 φασιο
1182 2808 1338 2861 κοινὰ
1402 2810 1512 2879 γὰρ
1563 2810 1657 2863 xui.
1711 2810 1805 2865 ἀλ-

205 2893 341 2948 λων.
528 2898 593 2951 Ὀ
632 2897 687 2951 δὲ
735 2898 899 2968 μόνον
937 2900 1073 2953 Θεοῦ
1107 2902 1201 2954 xui.
1243 2902 1393 2969 ἴδιον,
1428 2901 1583 2954 τοῦτο
1623 2902 1799 2956 οὐσία.

205 2994 325 3045 Οὐκ
344 2992 412 3045 ἂν
440 2992 535 3062 μὲν
557 2992 971 3062 συγχωρήσαιεν
989 2989 1125 3047 εἶναι
1149 2994 1309 3064 μόνου
1334 2994 1468 3048 Θεοῦ
1494 2995 1554 3047 τὸ
1569 2996 1800 3066 ἀγέννη-

202 3102 319 3150 τον,
354 3086 405 3136 οί
435 3102 524 3136 και
547 3096 643 3155 την
673 3081 802 3154 ὕλην
964 3086 1058 3138 xui
1081 3086 1178 3156 τὴν
1204 3086 1341 3138 ἰδέαν
1366 3086 1799 3154 συνεισάγοντες,

200 3174 278 3238 ὡς
308 3176 603 3247 ἀγέννητα.
628 3175 699 3229 Τὸ
718 3177 825 3248 γὰρ
862 3178 1178 3247 Μανιχαίων
1199 3188 1529 3253 πορρωτέρω
1555 3178 1798 3250 ῥίψωμεν

213 3268 437 3330 σκότος.
607 3266 753 3337 Πλὴν
784 3267 923 3322 ἔστω
960 3270 1123 3340 μόνου
1157 3270 1314 3324 Θεοῦ.
1349 3272 1412 3323 Τί
1441 3272 1497 3324 δὲ
1527 3273 1556 3325 ό
1592 3271 1796 3342 Ἀδάμς

207 3358 269 3409 οὐ
305 3358 473 3427 μόνος
504 3357 732 3428 πλάσμα
760 3359 927 3426 Θεοῦ;
957 3362 1067 3414 Καὶ
1095 3361 1254 3427 πάνυ,
1290 3363 1502 3433 φήσεις.
1550 3358 1674 3435 τΑρ’
1707 3358 1798 3417 οῦν

208 3450 303 3501 καὶ
359 3449 518 3516 μόνος
578 3450 894 3521 ἄνθρωπος;
943 3452 1227 3523 Οὐδαμῶς.
1279 3455 1343 3505 Τί
1389 3454 1452 3525 δή
1482 3471 1647 3520 ποτε;
1675 3456 1798 3508 Ὀτι

212 3541 287 3611 μὴ
314 3540 672 3613 ἀνθρωπότης
844 3543 879 3614 ἡ
910 3543 1108 3607 πλάσις
1133 3559 1145 3573 ⁸
1181 3543 1400 3614 καὶγὰρ
1430 3546 1491 3597 τὸ
1518 3546 1795 3617 γεννηθὲν,

207 3634 519 3703 ἄνθρωπος.
553 3633 741 3697 υῦτως
771 3634 891 3688 οὐδὲ
930 3636 992 3688 τὸ
1026 3635 1316 3706 ἀγέννητον
1360 3636 1517 3707 μόνον
1550 3637 1701 3700 θεὸς,
1748 3638 1798 3690 εί

212 3725 305 3775 xui
340 3724 504 3792 μόνου
531 3724 765 3795 Πατρός.
813 3725 975 3779 Ἀλλά
995 3725 1141 3792 δέξαι
1171 3726 1264 3779 xui
1290 3727 1351 3780 τὸ
1378 3726 1635 3798 γεννητὸν
1660 3723 1797 3781 εἶναι

209 3816 382 3868 Θεόνο
419 3818 482 3869 ἐκ
533 3816 668 3869 Θεοῦ
714 3817 844 3889 γὰρ,
897 3818 944 3869 εί
983 3817 1078 3871 καὶ
1120 3817 1240 3871 λίαν
1289 3813 1341 3870 εἴ
1386 3817 1794 3887 φιλαγέννητος.

215 3910 473 3972 Ἔπειτα,
514 3909 630 3972 πῶς
664 3910 851 3963 οὐσίαν
886 3909 1020 3963 Θεοῦ
1060 3910 1260 3978 λέγεις,
1295 3912 1355 3964 οὐ
1404 3911 1502 3980 τὴν
1526 3909 1621 3962 τοῦ
1648 3910 1799 3976 ὄντος

212 4002 383 4065 θέσιν,
424 4000 561 4054 ἀλλά
581 4002 680 4073 τὴν
710 4001 804 4056 τοῦ
845 4003 919 4074 μὴ
939 4002 1089 4066 ὄντος
1117 4003 1437 4072 ἀναίρεσιν;
1476 4003 1548 4056 Τὸ
1584 4002 1691 4072 γὰρ
1723 4000 1797 4073 μὴ

213 4091 483 4162 ὑπάρχειν
515 4090 664 4162 αὐτῷ
690 4091 966 4163 γέννησιν,
1019 4095 1047 4146 ό
1089 4092 1245 4159 λόγος
1281 4092 1449 4163 δηλοῖ,
1480 4094 1577 4163 οὐχ
1616 4092 1645 4145 ὃ
1698 4093 1797 4162 τὴν

213 4182 377 4250 φύσιν
434 4183 550 4235 ἐστὶ
590 4184 940 4255 παρίστησιν,
987 4185 1102 4238 οὐδ’
1149 4184 1177 4236 ὃ
1217 4185 1449 4255 ὑπάρχει
1631 4183 1690 4236 τὺ
1722 4184 1795 4256 μὴ

212 4274 335 4343 ἔχον
367 4274 638 4344 γέννησιν.
673 4276 768 4339 Τίς
789 4272 881 4329 οῦν
913 4277 1067 4329 οὐσία
1092 4275 1258 4342 Θεοῦ;
1288 4276 1398 4345 Τῆς
1426 4276 1522 4345 σῆς
1542 4275 1798 4341 ἀπονοίας

212 4366 371 4419 τοῦτο
412 4366 617 4435 λέγειν,
652 4368 710 4432 ὃς
746 4368 1221 4441 πολυπραγμονεῖς
1252 4369 1346 4422 xui.
1381 4368 1479 4438 τὴν
1514 4369 1791 4438 γέννησινο

214 4459 345 4529 ἡμῖν
386 4459 445 4512 δὲ
478 4460 637 4531 μέγα,
684 4461 786 4515 κᾶν
949 4462 1131 4516 εἴποτε
1166 4462 1260 4516 καὶ
1303 4464 1385 4524 είς
1570 4460 1790 4532 ὕστερον

212 4551 372 4604 τοῦτο
396 4553 681 4624 μάθοιμεν,
711 4554 959 4618 λυθέντος
985 4556 1115 4625 ἡμῖν
1138 4552 1227 4606 τοῦ
1264 4554 1429 4623 ζόφου
1451 4553 1545 4607 xui
1568 4553 1665 4624 τῆς
1698 4570 1793 4605 πα-

215 4642 467 4711 χύτητος,
518 4645 592 4709 ὡς
628 4648 660 4716 ὴ
701 4646 793 4699 τοῦ
970 4645 1235 4715 ἀψευδοῦς
1266 4646 1573 4715 ὑπόσχεσις.
1625 4644 1794 4698 Τοῦτο

219 4735 315 4795 μὲν
343 4734 439 4789 οῦν
481 4738 574 4789 xui.
601 4737 846 4801 νοείσθω,
882 4740 977 4792 xui.
1009 4737 1311 4802 ὲλπιζέσθω
1350 4742 1462 4801 τοῖς
1493 4738 1587 4790 ἐπὶ
1619 4737 1792 4807 τούτῳ

209 4820 651 4892 καθαιρομένοις.
691 4823 881 4893 Ἡμεῖς
919 4823 977 4875 δὲ
1011 4822 1265 4877 τοσοῦτον
1305 4824 1481 4877 εἰπεῖν
1512 4824 1800 4896 θαρρήσω-

213 4932 309 4985 μεν
356 4956 373 4979 ,
536 4914 617 4968 ὅτι
652 4916 701 4967 εί
743 4916 838 4967 καὶ
877 4914 1018 4984 μέγα
1044 4914 1121 4985 τῷ
1154 4916 1353 4987 Πατρὶ,
1385 4915 1448 4969 τὸ
1488 4916 1801 4987 μηδαμόθεν

210 5007 521 5079 ὡρμῆσθαι,
557 5008 657 5061 οὐκ
695 5006 912 5060 ἔλαττον
940 5008 1018 5079 τῷ
1044 5009 1178 5079 Υίῷ,
1206 5008 1266 5062 τὸ
1299 5011 1364 5062 ὲκ
1402 5009 1646 5062 τοιούτου
1689 5011 1803 5062 Πα-

213 5099 354 5169 τρός.
390 5099 505 5169 Τῆς
535 5116 595 5156 τε
628 5098 737 5169 γὰρ
765 5097 858 5151 τοῦ
888 5099 1129 5152 ἀναιτίου
1160 5098 1319 5170 δόξης
1355 5099 1571 5170 μετέχοι
1608 5099 1695 5165 ἂν,
1722 5100 1803 5153 ὅτι

215 5191 275 5242 ἐκ
321 5190 415 5243 τοῦ
470 5190 737 5254 ἀναιτίου,
800 5191 894 5243 xui
944 5191 1206 5261 πρόσεστι
1259 5191 1319 5243 τὸ
1364 5190 1466 5261 τῆς
1497 5193 1807 5262 γεννήσεως

216 5284 448 5352 πρᾶγμα
489 5281 762 5347 τοσοῦτον,
818 5284 913 5336 xui.
967 5283 1109 5337 οὕτω
1174 5283 1470 5355 σεϐάσμιον
1690 5286 1804 5348 τοῖς

223 5374 293 5443 μὴ
353 5374 531 5443 πάντη
591 5375 958 5444 χαμαιπετέσι
1169 5377 1264 5430 καὶ
1299 5375 1504 5439 ὑλικοῖς
1542 5374 1641 5447 τὴν
1691 5376 1806 5430 διά-

222 5482 386 5519 νοιαν.

2091 2802 2215 2857 limo
2249 2805 2463 2872 quidem
2502 2806 2641 2860 baud
2666 2806 2873 2861 dicunt.
2904 2807 3221 2863 Communia
3270 2807 3471 2878 quippe

1895 2897 2121 2951 aliorum
2165 2910 2377 2965 quoque
2397 2907 2544 2952 sunt.
2588 2897 2737 2964 Quod
2790 2909 2967 2957 autem
3013 2900 3179 2955 solius
3210 2900 3303 2954 Dei
3358 2913 3477 2968 est,

1900 2989 2108 3059 ipsique
2148 2990 2362 3057 proprie
2598 2990 2869 3057 convenit,
2933 2990 3038 3046 hoc
3080 2992 3177 3061 ipsi
3227 2995 3462 3049 essentia

1893 3090 1998 3136 est.
2035 3081 2199 3146 Atqui
2253 3080 2418 3134 solius
2469 3080 2559 3134 Dei
2608 3081 2899 3148 ingenitum
2956 3097 3096 3148 esse,
3132 3084 3351 3140 minime
3389 3083 3463 3138 illi

1895 3173 2286 3237 concesserint,
2341 3172 2430 3241 qui
2466 3174 2743 3226 materiam
2776 3189 2988 3242 quoque
3043 3184 3096 3228 et
3125 3173 3376 3238 formam,
3408 3183 3466 3230 ιιι

1853 3314 1866 3332 ,
1896 3260 2187 3331 ingenitas,
2214 3260 2559 3314 induxerunt.
2594 3260 3010 3315 b-lanirba-orum
3041 3264 3183 3317 enim
3223 3267 3471 3320 tenebras

1897 3355 2106 3423 longius
2132 3354 2309 3407 adhuc
2362 3354 2729 3423 projicianms.
2763 3352 2867 3407 Sed
2904 3355 2972 3408 sit
3019 3370 3149 3409 sane
3184 3357 3350 3411 solius
3381 3358 3471 3411 Dei

1899 3448 2215 3518 ingenitum.
2268 3446 2404 3512 Quid
2433 3446 2646 3499 Adam?
2678 3445 2870 3500 Nonne
2902 3449 3047 3501 solus
3076 3464 3105 3500 a
3138 3448 3246 3503 Deo
3268 3447 3477 3504 edictus

1897 3538 2021 3595 est?
2069 3538 2321 3603 Maxime,
2387 3538 2615 3604 inquies.
2658 3537 2846 3592 Utrum
2894 3554 3022 3606 ergo
3058 3540 3219 3594 ‘5olus
3262 3556 3477 3608 quoque

1900 3631 2104 3687 homo?
2152 3630 2387 3683 Minime.
2443 3630 2666 3694 Quare?
2728 3631 2860 3694 Quia
2914 3631 3111 3685 ellicrio
3168 3632 3479 3687 humanitas

1901 3739 2004 3777 non
2034 3732 2137 3776 est.
2168 3721 2303 3775 Nam
2334 3722 2378 3774 is
2406 3734 2638 3789 quoque,
2691 3720 2781 3789 qui
2827 3723 3139 3790 progenitus
3169 3730 3274 3787 est,
3317 3723 3479 3779 bomo

1899 3825 2005 3870 est.
2058 3814 2258 3868 Eodem
2295 3814 2451 3867 modo
2499 3827 2597 3866 nec
2632 3812 2926 3882 ingenitum
2972 3813 3143 3867 solum
3176 3816 3318 3871 Deus
3371 3826 3478 3881 est,

1899 3907 1999 3963 etsi
2053 3904 2219 3960 solius
2256 3903 2452 3959 Patris.
2494 3904 2689 3958 Verum
2736 3904 2958 3958 admitte
3017 3906 3177 3958 etiam
3234 3923 3355 3961 eum
3386 3908 3479 3977 qui

1901 3999 2113 4068 genitus
2141 4005 2243 4064 est,
2280 3996 2442 4052 Deum
2478 4009 2617 4051 esse.
2679 3996 2749 4049 Ex
2786 3998 2892 4051 Deo
2921 3997 3117 4067 quippe
3145 4007 3247 4065 est,
3291 4015 3483 4065 quam-

1901 4093 2034 4149 libet
2063 4102 2115 4145 tu
2139 4091 2377 4165 ingenito
2401 4089 2598 4143 faveas.
2631 4091 2709 4143 Ad
2731 4090 2845 4145 hac
2874 4092 3142 4160 quomodo
3174 4093 3265 4147 Dei
3296 4108 3480 4147 essen-

1903 4184 2032 4238 tiam
2089 4183 2249 4244 dicis,
2291 4195 2394 4235 non
2430 4179 2569 4248 ejus,
2626 4180 2766 4248 quod
2827 4189 2930 4244 est,
2981 4182 3322 4248 positionem,
3384 4184 3480 4242 sed

1901 4275 2041 4343 ejus,
2072 4274 2212 4342 quod
2240 4287 2345 4326 non
2378 4281 2460 4326 est
2482 4271 2913 4331 detractionem?
2950 4270 3061 4326 Vox
3077 4274 3219 4328 enim
3248 4276 3479 4345 ingeniti

1904 4367 2192 4436 signiﬁcat,
2217 4379 2337 4420 eum
2370 4364 2585 4433 quidem
2611 4366 2980 4433 generationis
3029 4378 3306 4436 expertem
3336 4386 3477 4438 esse,

1906 4473 2010 4512 non
2047 4466 2229 4511 autem
2269 4454 2507 4509 declarat
2528 4454 2781 4522 quidnam
2809 4465 2997 4519 natura
3028 4473 3125 4511 sua
3159 4460 3229 4512 sit
3259 4459 3310 4513 id
3337 4462 3480 4527 quod

1905 4554 2252 4622 generatione
2286 4560 2457 4607 caret.
2494 4551 2746 4617 Quantam
2799 4567 2927 4620 ergo
2958 4562 3040 4607 est
3073 4553 3166 4607 Dei
3208 4552 3479 4608 essentia?

1907 4644 2035 4700 Tuae
2079 4654 2163 4700 est
2209 4644 2491 4699 dementire
2530 4644 2630 4697 hoc
2675 4644 2878 4708 dicere,
2926 4646 3014 4713 qui
3077 4646 3475 4712 generationem

1904 4754 2120 4807 quoque
2166 4737 2334 4806 ipsam
2387 4738 2542 4790 anxie
2601 4735 2956 4803 persrrutaris
3021 4752 3036 4789 :
3090 4737 3243 4789 nobis
3295 4746 3477 4789 autem

1902 4826 2113 4880 abunde
2140 4841 2391 4893 magnum
2416 4834 2580 4892 atque
2607 4822 2840 4891 amplum
2866 4822 3045 4884 fuerit,
3068 4821 3185 4876 siin
3211 4818 3484 4890 poStemm

1899 4934 2113 4988 quoque
2147 4919 2439 4978 discamus,
2497 4916 2670 4969 soluta
2722 4914 2973 4969 videlicet
3019 4914 3123 4968 bac
3173 4911 3402 4981 caligine
3430 4919 3489 4966 et

1901 5013 2149 5066 crassitie
2182 5013 2196 5042 ¹
2234 5049 2250 5075 ,
2283 5020 2342 5065 ιιι
2378 5009 2647 5079 pollicitus
2679 5015 2763 5063 est
2793 5008 2859 5073 is,
2889 5007 2977 5075 qui
3008 5022 3109 5060 non
3141 5005 3398 5058 mentitur
3441 5002 3484 5057 ².

1903 5102 2042 5172 Ergo
2074 5103 2176 5157 hoc
2215 5104 2281 5155 ab
2320 5102 2425 5165 bis,
2462 5100 2554 5170 qui
2584 5099 2652 5155 ad
2675 5114 2794 5154 eam
2835 5112 2947 5153 rem
2980 5113 3101 5153 sese
3140 5101 3486 5166 perpurgant,

1902 5197 2197 5264 cogitetur,
2244 5208 2307 5248 ac
2336 5202 2614 5261 speretur.
2647 5191 2756 5245 Nos
2785 5203 2965 5244 autem
2994 5191 3095 5243 hoc
3125 5190 3388 5242 duntaxat
3408 5185 3491 5238 di-

1907 5300 2033 5340 cere
2068 5300 2172 5339 non
2205 5284 2593 5351 dubitabimus,
2622 5282 2666 5338 si
2699 5298 2953 5350 magnum
2997 5279 3142 5332 Patri
3176 5286 3258 5331 est
3281 5293 3309 5329 a
3345 5275 3490 5330 nullo

1908 5376 2208 5445 protectum
2267 5391 2410 5442 esse,
2474 5391 2579 5429 non
2634 5376 2811 5428 minus
2849 5372 3052 5425 illustre
3087 5369 3222 5423 Filio
3253 5381 3392 5430 esse,
3426 5381 3489 5419 ex

1908 5468 1999 5522 taii
2030 5468 2190 5524 Patre
2217 5469 2500 5538 prodiisse.
2555 5466 2687 5520 Nam
2722 5476 3078 5533 prmterquam
3121 5460 3262 5529 quod
3306 5459 3493 5528 gloriae

224 5556 382 5619 illius,
417 5558 505 5627 qui
541 5574 760 5613 causam
792 5575 821 5612 a
868 5559 1012 5615 nullo
1035 5562 1217 5625 liabet,
1248 5561 1517 5631 particeps
1540 5570 1644 5626 est,
1676 5560 1799 5631 quia
1824 5573 1886 5613 ex
1929 5574 1994 5613 eo
2029 5567 2130 5625 est,
2168 5559 2377 5614 accedit
2405 5558 2565 5610 etiam
2598 5553 2965 5624 generationis
2983 5552 3173 5616 decus,
3201 5565 3286 5605 res
3318 5559 3490 5618 tanta,

230 5660 440 5717 tamque
492 5652 820 5717 veneranda,
868 5651 934 5706 iis
976 5653 1186 5723 utique,
1234 5653 1324 5723 qui
1357 5669 1461 5710 non
1485 5654 1709 5711 omnino
1751 5652 1897 5708 humi
1968 5651 2235 5722 provoluti
2288 5659 2435 5715 sunt,
2496 5661 2789 5717 crassoque
2835 5646 3015 5700 animo
3070 5643 3300 5714 praaditi.

301 5854 312 5883 '
362 5852 567 5912 lJoan.
609 5873 688 5919 Ill,
720 5858 772 5911 2.
870 5858 888 5885 ¹
927 5856 1097 5926 Tit.i,
1136 5862 1187 5913 ἓ.
