3770 6560
354 368 478 468 ἐιη

371 623 498 664 cum
534 607 694 664 l’atre
726 618 831 673 est,
870 609 1136 678 profecto,
1174 624 1299 663 cum
1338 609 1616 678 ingenitus
1657 608 1728 662 sit
1772 607 1949 671 Pater,

378 703 649 772 ingenitus
704 715 919 770 quoque
978 700 1149 755 Filius
1183 702 1310 755 erit.
1369 702 1557 766 Recte,
1586 704 1629 758 si
1657 704 1954 775 ingenitum

373 792 607 847 essentia
646 792 739 845 Dei
772 800 943 861 esset,
979 801 1038 845 ut
1069 792 1149 846 sic
1170 808 1305 847 nova
1339 794 1583 862 quaedam
1615 796 1793 850 mistio
1812 807 1956 851 esset

369 882 907 953 genito-ingenitum.
954 882 1087 937 Cum
1133 892 1312 937 autem
1362 884 1466 938 hoc
1493 884 1780 941 discrimen
1808 887 1953 941 circa

365 976 660 1030 essentiam
706 976 1108 1041 consideretur,
1142 978 1270 1046 quid
1310 986 1363 1032 ιιι
1398 978 1500 1031 Ιιοο
1541 977 1694 1046 quasi
1740 978 1953 1033 ﬁrmum

367 1066 628 1136 quiddam
660 1068 924 1137 profers?
969 1068 1054 1123 An
1085 1079 1142 1124 tu
1191 1084 1406 1139 quoque
1453 1070 1623 1139 patris
1673 1080 1824 1139 pater
1872 1085 1952 1141 es,

371 1168 428 1212 ut
488 1159 635 1213 nulla
691 1175 749 1215 re
802 1175 830 1213 a
864 1168 1017 1230 patre
1056 1171 1148 1214 tuo
1177 1162 1471 1229 superet-is,
1520 1161 1952 1230 quandoquidem

367 1251 605 1304 essentia
638 1251 778 1305 idem
823 1267 945 1306 cum
980 1267 1044 1306 eo
1081 1252 1181 1307 es?
1225 1250 1413 1307 Nonne
1463 1251 1803 1321 perspicuum
1847 1264 1952 1320 est,

368 1343 702 1411 proprietate
732 1342 836 1397 lixa
862 1353 915 1397 et
960 1343 1139 1397 stabili
1185 1354 1552 1412 permanente,
1606 1345 1952 1413 quaerendum

372 1434 532 1489 nobis
582 1449 704 1489 esse
752 1450 873 1507 quae
926 1436 997 1490 sit
1035 1436 1124 1490 Dei
1156 1436 1413 1499 essentia,
1449 1436 1493 1489 si
1536 1443 1717 1489 tamen
1751 1449 1813 1488 ea
1847 1435 1955 1490 ullo

369 1527 530 1579 modo
554 1528 842 1595 quaerenda
861 1528 985 1583 est?
1014 1527 1164 1594 Quod
1194 1537 1373 1582 autem
1398 1527 1694 1597 ingenitum
1729 1536 1784 1582 et
1813 1528 1954 1591 Deus

372 1616 515 1669 idem
558 1631 663 1669 non
714 1617 843 1681 sint,
895 1617 1017 1672 hinc
1048 1617 1161 1670 fere
1215 1616 1500 1686 intelliges.
1547 1616 1600 1670 Si
1630 1616 1772 1669 enim
1809 1616 1952 1670 idem

368 1719 574 1775 essent,
641 1724 863 1778 prorsus
1141 1720 1435 1779 oporteret,
1488 1710 1741 1780 quoniam
1813 1711 1952 1764 Deus

369 1805 729 1873 quorumdam
766 1805 906 1860 Deus
956 1812 1059 1868 est,
1112 1805 1468 1874 quorumdam
1498 1819 1714 1874 quoque
1740 1804 1954 1873 ingeni-

1630 402 2016 463 EUTllYMll
2057 402 2419 463 ZIGABENI
3230 422 3237 425 ‘
3534 413 3623 478 568

445 520 550 575 Sed
590 522 635 574 si
687 518 878 584 Filius,
927 520 1206 589 inquiunt,
1258 517 1512 572 essentia:
1554 519 1763 572 ratione
1802 519 1943 571 idem
1976 523 2018 575 A

2124 516 2256 569 Ἀλλ
2312 518 2361 569 ει
2425 515 2647 585 ταυτὸν,
2688 520 2877 587 ρασὶν,
2922 520 2951 572 6
3008 517 3137 581 Υἱὸς
3176 516 3255 588 τῷ
3306 519 3477 591 Πατρὶ
3520 535 3626 580 xu'.’

2057 607 2268 673 οὐσίαν,
2329 609 2631 678 ἀγέννητος
2683 609 2740 664 δὲ
2788 612 2816 663 6
2863 609 3082 680 Πατὴρ,
3141 609 3299 663 ἔσται
3344 612 3502 668 τοῦτο
3545 620 3628 672 καὶ

2062 706 2090 757 6
2114 704 2261 767 Υἱός.
2289 705 2507 768 Καλῶς,
2542 705 2699 776 εἴπερ
2727 706 2883 760 οὐσία
2916 707 3054 761 Θεοῦ
3078 707 3139 761 τὸ
3168 708 3482 777 ἀγέννητον,
3518 711 3575 763 ἵν’

2060 813 2146 860 τις
2179 796 2337 868 καινὴ
2376 796 2543 868 μίξις,
2572 799 3098 870 γεννητοαγέννητον
3130 799 3265 871 (98).
3323 802 3387 853 Ei
3430 801 3485 853 δὲ
3515 808 3627 873 περὶ

2061 888 2248 942 οὐσίαν
2301 890 2334 960 ἡ
2379 889 2631 960 διαφορὰ,
2675 890 2729 942 τί
2756 889 2937 953 τοῦτο,
2976 890 3052 955 ὼς
3098 892 3335 962 ἰσχυρὸν,
3367 891 3621 967 λέγεις;ῆ

2064 982 2156 1034 καὶ
2189 981 2252 1034 σὺ
2286 980 2467 1052 πατὴρ
2497 980 2591 1034 τοῦ
2619 981 2847 1053 πατρὸς,
2881 983 2970 1036 ἵνα
3008 982 3198 1053 μηδενὶ
3228 983 3392 1056 λείπῃ
3435 983 3524 1036 τοῦ
3546 988 3625 1039 σοῦ

2065 1073 2289 1143 πατρὸς,
2324 1073 2514 1146 ἐπειδὴ
2544 1073 2741 1128 ταυτὸν
2765 1070 2816 1127 εἴ
2838 1074 2957 1127 κατ’
2985 1074 3207 1139 οὐσίαν;
3234 1075 3307 1127 Ἣ
3343 1074 3515 1145 δῆλον,
3540 1078 3625 1141 ὅτι,

2062 1162 2162 1233 τῆς
2196 1163 2455 1236 ἰδιότητος
2627 1164 2887 1235 ἀκινήτου
2915 1164 3202 1236 μενούσης,
3232 1165 3534 1237 ζητήσομεν
3554 1169 3630 1220 οὖν

2063 1254 2187 1309 σίαν
2210 1255 2368 1319 Θεοῦ,
2393 1256 2514 1327 ἥτις
2541 1255 2674 1309 ποτέ
2709 1257 2875 1322 ἐστιν,
2908 1256 3066 1327 εἴπερ
3082 1258 3391 1329 ζητήσομεν
3410 1277 3424 1322 ;
3444 1258 3560 1310 Ὀτι
3582 1260 3629 1312 δὲ

2064 1346 2123 1398 οὐ
2180 1347 2378 1399 ταυτὸν
2417 1347 2711 1417 ἀγέννητον
2756 1347 2851 1400 καὶ
2883 1345 3037 1413 Θεὸς,
3078 1342 3182 1402 ὦδε
3223 1348 3292 1403 ἂν
3336 1349 3556 1413 μάθοις·
3577 1352 3629 1403 Ei

2064 1437 2259 1491 ταυτὸν
2296 1433 2385 1509 ἦν,
2426 1438 2533 1491 ἔδει
2580 1439 2816 1504 πάντως,
2852 1441 3043 1512 ἐπειδὴ
3071 1440 3235 1495 τινῶν
3280 1440 3412 1504 Θεὸς
3443 1443 3474 1495 6
3500 1441 3629 1505 Θεὸς,

2066 1526 2226 1581 τινῶν
2259 1522 2397 1580 εἶναι
2418 1529 2512 1581 καὶ
2528 1528 2588 1581 τὸ
2610 1529 2921 1601 ἀγέννητον*
2944 1530 2977 1601 ἦ
3000 1530 3125 1583 ἐπεὶ
3154 1530 3384 1601 μηδενὸς
3411 1530 3475 1581 τὸ
3498 1530 3632 1598 ἀγέν-

2067 1634 2243 1689 νητον,
2263 1619 2397 1690 μηδὲ
2416 1619 2509 1673 τὸν
2534 1619 2665 1672 Θεὸν
2689 1615 2825 1673 εἶναι
2847 1620 3008 1675 τινῶν
3034 1637 3049 1652 ·
3082 1623 3151 1674 τὰ
3182 1621 3292 1692 γὰρ
3324 1621 3500 1691 πάντη
3521 1639 3631 1674 ταυ-

2068 1709 2152 1776 τά,
2174 1711 2267 1764 καὶ
2287 1710 2487 1781 ὁμοίως
2503 1711 2815 1782 ἐκφέρεται.
2836 1711 2996 1765 Ἀλλά
3023 1711 3128 1782 μὴν
3145 1712 3206 1764 οὐ
3233 1711 3395 1764 τινῶν
3413 1712 3477 1764 τὸ
3492 1712 3631 1779 ἀγέν-

2068 1818 2247 1871 νητον,
2265 1800 2424 1855 τίνων
2444 1801 2554 1873 γάρ
2573 1819 2587 1867 ;
2607 1802 2701 1855 καὶ
2721 1802 2883 1855 τινῶν
2899 1801 3032 1866 Θεὸς
3059 1803 3088 1855 6
3114 1802 3266 1867 Θεὸς,
3288 1802 3508 1855 πάντων
3524 1804 3629 1874 γάρ.

370 1905 485 1950 ιιιιιι
515 1912 636 1951 esse
682 1914 697 1950 :
738 1906 830 1950 aut
858 1905 1072 1959 contra,
1122 1897 1390 1966 quoniam
1430 1896 1726 1967 ingenitum
1754 1897 1956 1952 nullius

2075 1894 2194 1959 Πῶς
2218 1890 2312 1950 οὖν
2342 1894 2408 1948 ἀν
2438 1895 2523 1965 εἴη
2558 1896 2751 1949 ταυτὸν
2780 1896 2912 1959 Θεὸς
2937 1897 3031 1949 καὶ
3053 1895 3378 1966 ἀγέννηνον;
3412 1895 3524 1948 Καὶ
3550 1898 3636 1950 7:6-

368 2000 473 2046 est.
496 2004 595 2043 nec
628 1989 792 2043 Deum
820 2004 1036 2059 quoque
1064 1990 1422 2058 quorumdam
1475 2004 1619 2045 esse.
1664 1989 1794 2043 Nam
1832 2005 1953 2059 quae

368 2082 592 2135 munitio
612 2081 803 2136 eadem
836 2092 983 2147 sunt,
1035 2081 1287 2137 similiter
1315 2081 1478 2137 etiam
1528 2080 1844 2137 eﬂ'eruutur.
1884 2081 1955 2134 At

368 2171 668 2239 ingenitum
729 2187 835 2226 non
886 2174 1245 2241 quorumdam
1294 2183 1380 2228 est
1426 2174 1675 2243 (quorum
1717 2170 1859 2227 enim
1880 2171 1948 2241 ἲ),

369 2265 513 2318 Deus
541 2279 668 2317 vero
702 2265 1060 2332 quorumdam
1103 2266 1242 2320 Deus
1295 2277 1399 2330 est,
1434 2266 1676 2319 oniuium
1733 2265 1950 2333 quippe.

368 2362 487 2423 Quo
517 2373 646 2428 ergo
676 2360 835 2412 modo
870 2357 1010 2413 idem
1044 2367 1206 2412 erunt
1249 2359 1390 2413 Deus
1417 2369 1469 2413 et
1500 2356 1837 2427 ingenitum?
1875 2356 1954 2410 Ac

366 2460 578 2510 rursus,
608 2446 865 2516 quoniam
898 2448 1199 2517 ingenitum
1241 2457 1294 2503 et
1326 2448 1564 2519 genitum
1600 2447 1747 2501 inter
1771 2462 1829 2501 se
1858 2461 1955 2517 op-

366 2544 659 2602 ponuntur,
690 2545 747 2590 ut
776 2536 990 2592 habitus
1021 2547 1075 2593 et
1104 2536 1354 2607 privatio,
1387 2536 1715 2592 substantias
1739 2549 1955 2605 quoque

366 2625 510 2682 inter
535 2641 594 2681 se
628 2628 901 2697 oppositas
933 2629 1113 2684 induci
1177 2642 1400 2686 necesse
1448 2637 1549 2693 est,
1604 2630 1746 2697 quod
1797 2642 1954 2681 nemo

2070 1986 2171 2053 λιν,
2212 1988 2398 2061 ἐπειδὴ
2426 1989 2488 2042 τὸ
2509 1989 2822 2059 ἀγέννητον,
2863 1988 2958 2041 καὶ
2987 1989 3048 2041 τὸ
3073 1988 3332 2059 γεννητὸν
3361 1988 3635 2043 ἀντίκειται

2071 2076 2336 2149 ἀλλήλοις,
2384 2079 2462 2142 ὼς
2501 2078 2612 2144 ἕξις
2654 2079 2746 2132 καὶ
2779 2078 3054 2151 στέρησις,
3086 2079 3303 2149 ἀνάγκη
3343 2080 3436 2132 καὶ
3468 2080 3636 2142 οὐσίας

2072 2172 2384 2243 εἰσαχθῆναι
2456 2222 2462 2228 .
2495 2172 2874 2243 ἀντικειμένας
2902 2173 3178 2245 ἀλλήλαις,
3197 2174 3335 2242 ὅπερ
3352 2174 3412 2226 οὐ
3429 2171 3633 2227 δέδοται.

2073 2261 2163 2325 Ἢ,
2189 2261 2374 2332 ἐπειδὴ
2391 2261 2551 2315 πάλιν
2574 2264 2629 2314 αἱ
2651 2261 2792 2327 ἕξεις
2818 2262 2925 2315 τῶν
2944 2280 3034 2315 στε
3045 2264 3253 2334 ρήσεων
3269 2262 3545 2333 πρότεραι,
3562 2264 3639 2317 καὶ

2076 2357 2415 2428 ἀναιρετικαὶ
2465 2357 2574 2411 τῶν
2596 2358 2762 2423 ἕξεων
2797 2358 2853 2410 αἱ
2889 2361 3195 2429 στερήσεις,
3229 2355 3304 2427 μὴ
3339 2356 3496 2425 μόνον
3531 2374 3641 2427 πρε-

2076 2447 2341 2520 σϐυτέραν
2366 2445 2505 2502 εἶναι
2540 2450 2639 2519 τῆς
2671 2448 2762 2502 τοῦ
2798 2449 3012 2520 Πατρὸς
3037 2449 3227 2511 οὐσίας
3257 2454 3354 2519 τὴν
3385 2447 3477 2500 τοῦ
3508 2448 3641 2516 Υἱοῦ,

2077 2539 2210 2593 ἀλλά
2249 2540 2347 2593 καὶ
2379 2542 2605 2613 ἀναιρου
2613 2540 2779 2612 μένην
2801 2538 2906 2593 ὑπὸ
2928 2539 3023 2593 τοῦ
3042 2540 3274 2610 Πατρὸς,
3297 2539 3419 2591 ὅσον
3440 2538 3528 2591 ἐπὶ
3544 2541 3641 2604 ταῖς

2078 2633 2199 2695 σαῖς
2220 2632 2531 2686 ὑποθέσεσι.

369 2720 725 2775 concesserit.
755 2721 1101 2782 Autrursus,
1145 2717 1402 2787 quoniam
1450 2714 1673 2771 habitus
1725 2713 2123 2785 privationibus
2170 2717 2384 2787 priores
2437 2723 2587 2781 sunt,
2632 2729 2697 2769 ac
2740 2715 3081 2785 privationes
3114 2718 3340 2776 habitus
3383 2722 3526 2792 ipsos
3549 2741 3628 2779 ex-

368 2813 674 2884 stinguunt,
714 2829 824 2868 non
875 2812 1052 2867 solum
1095 2811 1370 2881 antiquior
1416 2809 1523 2864 erit
1574 2808 1695 2863 Filii
1759 2808 2000 2863 essentia
2046 2825 2208 2879 quam
2254 2810 2455 2878 Patris,
2504 2811 2601 2867 sed
2653 2810 2840 2877 etiam,
2881 2811 3037 2882 juxta
3081 2813 3409 2885 bypotheses
3449 2828 3577 2885 tuas,
3605 2837 3629 2874 a

371 2909 535 2965 Patre
565 2907 965 2978 exstinguetur,
1003 2921 1069 2959 ae
1097 2906 1166 2960 de
1196 2906 1378 2961 medio
1419 2903 1660 2959 tolletur.

443 3004 589 3071 Quid
630 3003 810 3058 adhuc
875 3016 1025 3056 nunc
1067 3010 1323 3069 superest
1373 3016 1438 3054 ex
1509 2998 1960 3053 ineluctabiltbns

2138 3000 2235 3063 Τίς
2292 3000 2373 3054 ἔτι
2428 3001 2587 3070 λόγος
2632 3000 2821 3066 αὐτοῖς
2868 3000 2981 3057 τῶν
3031 3004 3330 3073 datiuum;
3386 3008 3529 3079 Τάχα
3574 3010 3629 3061 ἂν

368 3101 629 3169 ipsorum,
681 3107 739 3150 ut
766 3106 979 3166 putant,
1011 3096 1385 3167 argumentis?
1416 3095 1672 3149 Fortasse
1715 3096 1787 3148 ad
1821 3095 1953 3149 illud

2075 3103 2160 3155 ἐπ’
2195 3102 2369 3153 ἐκεῖνο
2391 3098 2759 3169 καταφύγοιεν
2780 3101 3108 3165 τελευταῖον,
3137 3100 3213 3165 ὠς
3241 3101 3304 3153 Εἰ
3342 3102 3441 3172 μὲν
3462 3104 3519 3155 οὐ
3552 3104 3632 3156 πέ-

368 3200 699 3261 postremum
733 3189 1045 3259 confugient
1072 3208 1087 3242 :
1116 3189 1172 3243 Si
1201 3187 1342 3243 Deus
1381 3189 1626 3259 gignendi
1653 3189 1812 3247 tinem
1842 3207 1946 3247 non

369 3281 520 3347 fecit,
562 3283 875 3353 imperfecta
930 3292 1013 3338 est
1061 3285 1358 3354 generatio.
1406 3284 1469 3337 Et
1518 3286 1730 3355 quando
1788 3287 1947 3342 tinem

369 3372 614 3428 facturus
645 3374 772 3428 est?
824 3375 879 3429 Si
926 3386 1106 3430 autem
1162 3377 1383 3446 gignere
1421 3377 1675 3443 cessavit,
1729 3379 1950 3432 omnino

370 3479 586 3534 quoque
627 3466 809 3534 erepit.
846 3467 935 3521 Sic
960 3483 1145 3522 rursus
1197 3468 1370 3522 crassi
1432 3477 1483 3522 et
1514 3469 1758 3537 corporis
1789 3474 1949 3524 rebus

371 3555 514 3610 δίιὶαὶ
559 3557 809 3613 homines
861 3574 1151 3627 corporeas
1207 3560 1645 3616 ratiocinationes
1695 3560 1946 3616 afferunt.

373 3647 483 3717 Ego
517 3663 643 3702 vero
675 3649 753 3703 sic
814 3651 1111 3719 reSpondeo
1149 3674 1164 3705 ς
1205 3650 1674 3721 Sempiternunme
1708 3652 1780 3707 sit
1811 3650 1951 3705 Filio

373 3741 547 3803 nasci,
584 3756 778 3803 necne,
812 3743 1045 3795 nondum
1082 3742 1222 3803 dico.
1260 3743 1612 3812 quoadusque
1645 3742 1773 3796 illud
1800 3740 1948 3797 Scri-

372 3836 543 3898 plura:
581 3848 595 3884 :
626 3830 761 3886 Ante
803 3848 980 3887 omnes
1034 3833 1190 3887 calles
1220 3834 1382 3903 gignit
1416 3849 1496 3887 me
1522 3835 1537 3864 ί
1570 3873 1587 3900 ,
1646 3834 1951 3887 accuratius

379 3926 709 3992 expendero.
748 3924 877 3978 illud
911 3935 1090 3979 autem
1135 3943 1240 3981 non
1285 3926 1461 3991 video,
1507 3942 1666 3995 quam
1704 3939 1952 3979 necessa-

377 4017 519 4070 rium
553 4018 624 4070 sit
664 4017 766 4072 hoc
795 4032 982 4071 eorum
1037 4028 1441 4093 argumentum.
1474 4019 1530 4072 Si
1568 4019 1734 4084 enim,
1766 4027 1824 4070 ut
1853 4015 1949 4085 ipsi

379 4111 551 4171 aiunt.
586 4112 877 4179 aliquando
913 4112 963 4165 id
1022 4115 1207 4181 coepit,
1234 4114 1375 4183 quod
1428 4113 1588 4167 finem
1642 4112 1950 4167 habiturum

318 4222 331 4229 ι
381 4206 488 4258 esu
528 4192 769 4263 profecto
810 4194 862 4244 id
888 4210 989 4245 non
1015 4198 1199 4264 ('(Bpit,
1239 4195 1387 4264 quod
1416 4196 1573 4249 finem
1607 4212 1711 4250 non
1747 4206 1830 4251 est
1865 4198 1962 4251 ha-

386 4284 648 4339 biturum.
693 4284 830 4351 Quid
870 4300 1000 4353 ergo
1037 4287 1105 4339 de
1141 4287 1320 4340 anima
1367 4287 1453 4341 vel
1489 4288 1555 4341 de
1587 4288 1827 4357 angeiica
1870 4306 1965 4342 na-

386 4388 506 4430 tura
540 4377 1003 4444 pronuntiabunt?
1058 4378 1115 4432 Si
1162 4378 1486 4448 principium
1548 4381 1755 4448 habuit,
1803 4381 1964 4436 finem

385 4481 605 4536 quoque
630 4465 846 4521 habebit
892 4482 907 4521 :
941 4467 988 4521 si
1016 4477 1195 4523 autem
1249 4468 1352 4523 line
1380 4470 1608 4541 carebit,
1673 4472 1960 4527 secundum

2075 4472 2125 4523 τὸ
2146 4470 2278 4524 αὐτὸ
2302 4466 2460 4534 εἶδος,
2487 4466 2564 4533 εἷς
2591 4470 2747 4538 λόγος

2074 3207 2277 3245 παυται
2313 3188 2407 3243 τοῦ
2446 3190 2640 3261 γεννᾷν
2675 3190 2705 3242 6
2742 3189 2893 3253 Θεὸς,
2934 3189 3131 3260 ἀτελὴς
3170 3191 3204 3260 ἡ
3239 3189 3507 3260 γέννησις.
3541 3192 3633 3246 Καὶ

2073 3282 2203 3336 πότε
2234 3281 2533 3346 παύσεται;
2562 3282 2626 3334 Εἰ
2649 3281 2705 3333 δὲ
2730 3280 3025 3342 πέπαυται,
3057 3282 3275 3346 πάντως
3307 3284 3404 3335 καὶ
3434 3282 3629 3354 ἤρξατο.

2075 3374 2244 3428 Πάλιν
2275 3375 2325 3427 oi
2364 3374 2667 3444 σωματικοὶ
2707 3373 2777 3426 τά
2833 3374 3142 3443 σωματικά.
3312 3373 3453 3441 Ἐγὼ
3501 3374 3567 3437 δὲ,
3592 3376 3632 3426 εξ

2077 3465 2176 3538 μὲν
2197 3465 2364 3519 ἀΐδιον
2392 3463 2540 3536 αὑτῷ
2568 3465 2632 3519 τὸ
2655 3464 2946 3533 γεννᾶσθαι
2977 3465 3009 3535 ἢ
3050 3465 3147 3535 μὴ,
3183 3462 3338 3518 οὒπω
3358 3464 3515 3533 λέγω,
3545 3466 3634 3529 ἕως

2073 3556 2141 3612 ἂν
2171 3556 2254 3623 τὸ,
2292 3557 2410 3626 Πρὸ
2438 3556 2678 3611 πάντων
2700 3554 2952 3622 ,Βουνῶν
2981 3554 3166 3627 γεννᾷ
3193 3574 3292 3625 με,
3345 3557 3635 3628 ἀκριϐέστε-

2077 3665 2170 3721 ρον
2316 3648 2719 3719 ἑπισκέψωμαι.
2754 3648 2865 3720 Οὐχ
2896 3647 3007 3720 ὁρῶ
3028 3647 3105 3709 δὲ,
3130 3648 3215 3710 τίς
3260 3649 3294 3718 ἡ
3323 3648 3529 3717 ἀνάγκη
3556 3648 3633 3700 τοῦ

2074 3740 2252 3810 λόγου.
2295 3742 2357 3794 Ei
2400 3740 2509 3811 γὰρ
2550 3736 2751 3811 ἦρκται
2793 3737 2914 3792 κατ’
2952 3740 3149 3803 αὐτοὺς
3196 3738 3258 3792 τὸ
3300 3742 3631 3810 παυσόμενον,

2075 3835 2173 3889 οὐκ
2204 3830 2406 3905 ἦρκται
2430 3835 2646 3896 πάντως
2677 3833 2737 3886 τὸ
2765 3831 2840 3905 μὴ
2862 3832 3224 3902 παυσόμενον.
3244 3831 3311 3884 Τί
3330 3832 3504 3885 τοίνυν
3523 3832 3628 3883 ἀπο-

2076 3925 2370 3997 φανοῦνται
2401 3926 2531 3996 περὶ¹
2553 3926 2751 3995 ψυχῆς,
2789 3924 2822 3997 ἢ
2851 3926 2949 3997 τῆς
2979 3922 3279 3994 ἀγγελικῆς
3314 3925 3549 3993 φύσεωςς
3577 3923 3625 3974 Εἰ

2079 4018 2177 4089 μὲν
2199 4013 2419 4089 ἦρκται,
2449 4017 2543 4071 καὶ
2572 4015 2869 4070 παύσεται*
2907 4018 2955 4070 εἰ
2981 4016 3038 4071 δὲ
3064 4017 3124 4069 οὐ
3150 4015 3441 4079 παύσεται,
3475 4015 3624 4086 δῆλον,

2076 4112 2158 4165 ὅτι
2199 4111 2316 4165 κατ’
2340 4112 2538 4174 αὐτοὺς
2567 4109 2688 4163 οὐδὲ
2711 4105 2932 4179 ἦρκται.
2967 4108 3127 4162 Ἀλλά
3168 4111 3276 4181 μὴν
3305 4112 3399 4166 καὶ
3435 4089 3625 4182 ἦρκται..

2066 4201 2161 4254 καὶ
2214 4202 2273 4254 οὑ
2328 4219 2614 4255 παυσεται.
2658 4204 2772 4253 Ουκ
2806 4201 2912 4270 ἀρα
2943 4192 3145 4270 ἦρκται
3188 4200 3309 4251 κατ’
3356 4198 3535 4258 αὐτοὺς
3563 4193 3613 4247 τὸ

2066 4287 2428 4357 παυσόμενον.
2471 4288 2529 4340 '0
2559 4288 2656 4358 μὲν
2680 4281 2772 4339 οῦν
2801 4286 3066 4358 ἡμέτερος
3089 4286 3276 4354 λόγος·
3311 4286 3513 4352 Ὠσπερ
3543 4282 3610 4334 ἱπ-

2067 4397 2191 4442 που,
2225 4379 2318 4432 καὶ
2358 4378 2496 4449 βοὸς,
2545 4379 2641 4432 καὶ
2671 4377 2983 4450 ἀνθρώπου,
3009 4378 3104 4430 καὶ
3136 4377 3367 4429 ἑκάστου
3396 4374 3495 4426 τῶν
3529 4372 3611 4425 ὑπὸ

2878 4469 3025 4522 ἐστίν
3041 4486 3054 4499 '
3076 4469 3168 4522 καὶ
3186 4469 3215 4521 6
3243 4469 3341 4535 μὲν
3361 4468 3425 4520 ἂν
3444 4466 3613 4537 μετέχῃ

386 4573 482 4611 eos
511 4560 691 4627 utique
721 4560 986 4629 principio
1019 4575 1235 4630 quoque
1277 4560 1419 4615 hanc
1454 4562 1702 4617 caruisse
1733 4571 1960 4617 constat.

2075 4560 2157 4616 τοῦ
2180 4562 2360 4630 λόγου,
2394 4560 2551 4614 τοῦτο
2580 4561 2674 4615 καὶ
2706 4560 2911 4632 κυρίως
2932 4560 3187 4629 λέγεσθαι
3227 4571 3244 4588 ⁶
3352 4558 3382 4611 6
3410 4558 3451 4611 δ’
3474 4557 3531 4610 ἂν
3555 4555 3613 4625 μὴ

388 4650 550 4719 Atqui
580 4660 634 4705 et
668 4651 989 4721 principium
1026 4652 1233 4717 habuit,
1287 4669 1384 4709 nec
1413 4669 1648 4723 unquam
1678 4668 1799 4709 esse
1824 4654 1960 4708 desi-

2075 4654 2295 4728 μετέχῃ,
2332 4653 2492 4706 τοῦτο
2518 4654 2551 4724 ἢ
2583 4654 2655 4726 μὴ
2688 4652 3011 4722 λέγεσθαι,ἢ
3040 4651 3113 4722 μὴ
3137 4650 3341 4723 κυρίως
3359 4648 3610 4718 λέγεσθαι·

391 4752 501 4799 net.
557 4743 775 4798 Falsum
827 4752 911 4798 cst
934 4745 1110 4812 itaque
1136 4746 1277 4814 quod
1304 4744 1478 4809 aiunt,
1517 4746 1590 4809 id,
1618 4747 1759 4815 quod
1810 4745 1960 4799 tinent

2075 4745 2211 4799 οὕτω
2225 4746 2280 4798 δὲ
2310 4746 2403 4799 καὶ
2422 4743 2556 4798 Θεοῦ
2584 4745 2712 4815 μίαν
2728 4745 2910 4797 οὐσίαν
2933 4740 3070 4797 εἶναι
3096 4744 3189 4797 καὶ
3212 4743 3491 4812 φύσιν,καὶ
3506 4741 3614 4809 κλῆ-

393 4817 705 4889 Ιιοὺίιυίἰιηι
734 4845 846 4901 est,
882 4837 1206 4906 principium
1234 4852 1450 4907 quoque
1480 4837 1752 4893 habuisse.
1791 4837 1960 4892 Enim-

2075 4853 2178 4901 σιν,
2198 4835 2298 4890 κᾶν
2316 4834 2578 4900 ἐπινοίαις
2602 4836 2711 4887 τισὶ
2737 4834 3140 4905 διαιρουμέναις
3168 4828 3614 4904 συνδιαιρῆταικαὶ

394 4938 524 4979 vero
552 4925 796 4979 doctrina
827 4933 1007 4979 nostra
1034 4926 1149 4981 haec
1184 4938 1268 4982 est
1310 4950 1322 4984 ;
1363 4926 1431 4983 Ut
1453 4927 1601 4998 equi,
1624 4938 1679 4981 et
1711 4928 1883 4995 bovis,
1920 4939 1960 4980 el

2075 4926 2137 4979 τὰ
2170 4916 2436 4996 ὀνόματαο
2468 4927 2563 4980 καὶ
2587 4926 2614 4979 6
2647 4927 2744 4996 μὲν
2772 4924 2838 4979 ἂν
2872 4926 3076 4996 κυρίως
3101 4925 3347 4996 λέγηται,
3376 4923 3520 4976 τοῦτο
3542 4918 3615 4972 καὶ

397 5013 653 5079 hominis,
710 5030 773 5068 ac
805 5014 1038 5085 denique
1067 5017 1491 5086 uniuscujusque
1542 5031 1727 5070 earum
1773 5032 1960 5070 rerum.

2075 5013 2213 5071 εἶναι
2242 5017 2405 5070 Θεόν·
2434 5016 2463 5071 6
2497 5016 2541 5070 δ’
2570 5017 2635 5070 ἂν
2740 5017 2880 5070 κατά
2919 5016 3102 5085 φύσιν,
3135 5016 3294 5068 τοῦτο
3318 5015 3408 5068 καὶ
3436 5011 3617 5081 ἀληθῶς

393 5121 516 5177 quae
559 5105 661 5161 sub
690 5107 828 5161 idem
854 5121 1023 5175 genus
1054 5109 1271 5171 cadunt,
1321 5108 1510 5159 eadem
1566 5115 1647 5159 est
1691 5104 1960 5160 deﬁnitio:

2075 5105 2459 5177 ὀνομάζεσθαι·
2494 5109 2654 5178 εἴπερ
2688 5108 2761 5178 μὴ
2786 5109 2842 5160 ὲν
2872 5107 3150 5177 ὀνόμασιν,
3178 5108 3293 5160 ἀλλ’
3317 5108 3374 5159 ὲν
3396 5105 3617 5176 πράγμα-

397 5213 463 5253 ac
497 5198 757 5269 quidquid
810 5198 1140 5254 deﬁnitionis
1194 5196 1419 5264 hujusce
1446 5197 1715 5265 particeps
1744 5207 1848 5260 est,
1878 5198 1960 5250 hct

2078 5196 2162 5249 σίν
2207 5198 2359 5250 ἐστιν.
2391 5198 2523 5268 ἡμῖν
2562 5198 2595 5267 ἡ
2630 5196 2875 5267 ἀλήθεια.
2914 5197 2979 5249 0i.
3010 5196 3085 5261 δὲ,
3123 5196 3312 5267 ὥσπερ
3331 5193 3611 5255 δεδοικότες,

396 5293 563 5347 etiam
625 5293 839 5362 proprie
872 5293 1107 5354 dicitur;
1163 5289 1426 5360 quidquid
1481 5297 1657 5343 autem
1710 5288 1960 5358 particeps

2082 5288 2159 5357 μὴ
2183 5287 2358 5342 πάντα
2396 5290 2565 5342 κινεῖν
2604 5288 2743 5340 κατά
2780 5289 2879 5359 τῆς
2903 5287 3181 5358 ἀληθείας,
3210 5287 3343 5340 Θεὸν
3385 5286 3478 5357 μὲν
3506 5278 3617 5335 εἶναι

399 5401 506 5440 non
536 5395 641 5451 est,
709 5386 810 5440 hoc
840 5386 921 5439 vel
971 5401 1077 5438 non
1115 5383 1334 5445 dicitur,
1387 5381 1470 5436 vel
1498 5389 1647 5436 certe
1687 5380 1960 5449 improprii

2078 5378 2169 5432 τὸν
2194 5379 2320 5451 Υίὸν
2353 5380 3141 5451 ὁμολογοῦσιν,ὅτανβιασθῶσι
3165 5380 3243 5451 τῷ
3254 5380 3395 5451 λόγῳ
3421 5379 3504 5432 καὶ
3521 5378 3618 5436 ταῖς

402 5476 599 5532 dicitur
645 5494 658 5531 :
687 5477 874 5531 eodem
907 5476 1064 5527 modo
1094 5489 1254 5525 uuam
1283 5486 1500 5542 quoque
1537 5471 1628 5525 Dei
1671 5471 1956 5526 essentiam

2086 5470 2411 5541 μαρτυρίαις
2464 5485 2480 5501 ⁸
2575 5473 2863 5544 ὁμώνυμον
2895 5472 2951 5525 δὲ
2979 5474 3071 5527 καὶ
3101 5473 3268 5545 μόνης
3303 5468 3621 5527 κοινωνοῦντα

403 5575 459 5621 et
492 5578 761 5632 naturam,
785 5576 840 5619 et
870 5564 1287 5634 appellationem
1322 5577 1462 5629 esse,
1508 5564 1715 5619 tametsi
1757 5577 1851 5633 per
1879 5576 1960 5616 co-

2078 5560 2177 5630 τῆς
2203 5559 2469 5631 κλήσεως.

410 5662 695 5730 εἰιιιιίθιιεε
752 5662 1019 5730 quasdam
1065 5659 1372 5728 distinctas,
1422 5659 1638 5714 nomina
1684 5672 1902 5731 quoque
1925 5656 2088 5713 simul
2111 5657 2546 5727 distinguantur:
2576 5669 2629 5714 et
2669 5658 2812 5729 quod
2879 5660 3095 5729 quidem
3157 5660 3375 5729 proprie
3433 5656 3622 5722 dicitur,

481 5832 496 5864 '
557 5831 711 5885 Ριιιιν.
747 5846 864 5895 Vm,
893 5830 981 5886 25.
