3860 6606
222 401 331 463 5l19

1188 402 1567 465 PANOPLIA
1606 401 2068 464 DOGMATICA.
2100 376 2358 471 —'T1T.
2400 408 2536 472 vn.

3392 422 3500 487 570

221 518 278 573 id
318 516 481 572 etiam
549 516 721 572 Deum
781 532 941 584 esse;
985 528 1040 573 et
1097 535 1289 574 rursus
1320 520 1462 590 quod
1494 528 1689 574 natura
1761 535 1857 575 sua
1913 522 2024 587 sit,
2084 521 2191 577 hoc
2249 538 2467 594 quoque
2532 526 2754 598 proprie
2817 533 3124 604 nuncupari
3175 552 3191 590 :
3235 536 3502 608 siquidem

222 628 335 667 non
381 613 434 666 in
469 613 633 667 nudis
674 612 1005 681 nominibus,
1050 616 1143 670 sed
1180 616 1233 669 in
1266 616 1430 672 rebus
1457 616 1613 671 nobis
1643 616 1845 672 veritas
1868 617 1972 672 sita
2019 628 2120 672 est.
2167 619 2239 675 At
2274 620 2381 687 isti,
2424 623 2652 690 perinde
2709 640 2772 680 ac
2821 629 3211 697 pertimescant
3254 649 3324 689 ne
3372 637 3503 705 quid

220 711 490 766 adversus
548 712 833 766 veritatem
888 712 1171 767 immotum
1221 712 1553 783 relinquant,
1602 713 1770 767 Deum
1817 714 2037 784 quidem
2079 715 2275 770 Filium
2318 732 2440 772 esse
2484 717 2747 786 fatentur,
2798 724 3273 796 cum'Scripturte
3310 743 3375 786 ac
3403 747 3503 786 au—

217 807 537 862 ctoritatum
569 807 899 862 testimoniis
937 810 1350 878 opprimantur;
1388 809 1485 864 sed
1526 810 1804 879 atquivoce
1845 811 2017 867 Deum
2064 812 2196 877 dici,
2240 828 2305 869 ac
2343 812 2588 868 nominis
2638 815 2810 871 solius
2854 818 3180 890 participem
3209 837 3333 878 esse
3370 840 3506 880 con-

237 901 500 957 tendunt.

298 995 465 1046 Ὅταν
515 995 572 1048 δὲ
630 957 1102 1065 ἀνθυστοφέρωμεν
1156 997 1364 1061 αὐτοῖς,
1413 993 1480 1048 Τί
1529 992 1678 1063 ούν;
1734 995 1798 1050 οὐ

1976 996 2112 1051 Cum
2157 1006 2350 1076 autem
2426 996 2569 1053 hanc
2629 998 2763 1069 ipsis
2836 1003 3199 1072 objectionem
3258 1007 3491 1076 subjici-

219 1078 433 1149 κυρίως
564 1082 697 1146 Θεὸς
724 1084 752 1134 6
783 1084 929 1149 Υἱὸς,
956 1086 1143 1160 ὥσπερ
1166 1090 1287 1143 οὐδὲ
1314 1090 1450 1154 ζῶον
1475 1090 1535 1143 τὸ
1562 1108 1810 1163 γεγραμ-

224 1173 429 1243 μένον;
470 1173 588 1237 πῶς
627 1173 720 1229 οὖν
750 1177 900 1245 Θεὸς,
933 1182 981 1235 εί
1023 1181 1097 1252 μὴ
1142 1182 1348 1257 κυρίως
1384 1183 1544 1249 Θεὸς;
1582 1184 1647 1237 Τί
1699 1183 1808 1254 γὰρ

221 1262 453 1327 κωλύει,
496 1265 650 1333 φασὶ,
685 1267 777 1320 καὶ
809 1268 1074 1342 ὁμώνυμα
1097 1272 1270 1326 ταῦτα
1298 1268 1457 1337 εἶναι,
1487 1274 1580 1327 καὶ
1605 1272 1809 1344 κυρίως

219 1354 518 1425 ἀμφότερα
553 1356 834 1425 λέγεσθαι;
868 1361 975 1414 Καὶ
1012 1363 1391 1432 προσοίσουσιν
1430 1366 1562 1435 ἡμῖν
1595 1364 1686 1417 τὸν
1710 1363 1809 1418 κύ-

220 1461 318 1507 να,
348 1444 440 1497 τὸν
472 1451 746 1517 χερσαῖον,
770 1451 864 1503 καὶ
895 1451 988 1504 τὸν
1014 1451 1317 1518 θαλάττιον,
1352 1454 1616 1526 όμώνυμά
1637 1472 1695 1508 τε
1730 1454 1813 1508 ὃν·

218 1550 322 1593 τα,
357 1534 453 1585 καὶ
480 1536 685 1606 κυρίως
823 1537 1089 1610 λεγόμενα
1118 1541 1253 1612 (ἔστι
1281 1544 1390 1615 γάρ
1426 1561 1478 1597 τι
1507 1544 1601 1597 καὶ
1637 1542 1813 1597 τοιοῦ-

218 1639 322 1675 τον
344 1621 482 1687 εἶδος
503 1625 561 1677 ὲν
581 1630 692 1690 τοῖς
713 1628 1023 1699 όμωνύμοις
1039 1648 1052 1661 ·
1082 1634 1177 1685 καὶ
1210 1635 1320 1688 εἴτε
1352 1653 1404 1688 τι
1431 1636 1557 1690 ἄλλο
1578 1638 1643 1708 τῇ
1670 1636 1810 1709 αὐτῇ

220 1718 570 1788 προσχρῆται
706 1723 1066 1795 προσηγορίᾳ,
1102 1725 1194 1777 καὶ
1244 1726 1457 1797 μετέχει
1484 1728 1690 1799 ταύτης
1715 1729 1813 1781 ὲπ-

224 1808 375 1879 ίσης,
396 1812 461 1880 τῇ
489 1810 646 1878 φύσει
670 1811 991 1884 διεστηκός).
1030 1815 1166 1869 Ἀλλ’
1194 1818 1311 1870 ἐκεῖ
1331 1818 1450 1889 μὲν,
1477 1813 1522 1873 ὦ
1548 1819 1811 1890 βέλτιστα,

218 1896 326 1950 δύο
360 1896 551 1966 φύσεις
570 1900 740 1965 τιθεὶς
769 1902 878 1955 ὑπὸ
907 1903 1004 1974 τὴν
1039 1905 1206 1977 αὐτὴν
1240 1910 1633 1981 προσηγορίαν,
1662 1909 1813 1965 οὐδὲν

219 1990 442 2061 ἀμείνω
471 1991 565 2063 τὴν
592 1992 783 2063 ἑτέραν
811 1994 909 2064 τῆς
939 1994 1130 2067 ἐτέρας
1153 1999 1414 2068 είσάγεις,
1442 2002 1561 2054 οὐδὲ
1588 2003 1685 2074 τὴν
1717 2003 1814 2073 μὲν

220 2083 519 2155 πρότερον,
552 2083 651 2155 τὴν
680 2085 735 2137 δὲ
770 2085 1015 2158 ὕστερον,
1048 2089 1168 2141 οὐδὲ
1190 2091 1288 2163 τὴν
1325 2091 1422 2161 μὲν
1458 2093 1678 2163 μᾶλλον,
1714 2093 1813 2166 τὴν

220 2177 285 2229 δὲ
309 2172 472 2249 ἦττον
496 2172 660 2231 οὖσαν
687 2177 830 2231 τοῦθ’
859 2180 994 2252 ὅπερ
1022 2182 1261 2249 λέγεται.
1299 2184 1431 2237 Οὐδὲ
1460 2186 1568 2256 γάρ
1602 2203 1653 2238 τι
1684 2202 1812 2237 συν-

219 2268 487 2332 έζευκται
510 2269 571 2322 τὸ
596 2270 796 2344 ταύτην
824 2273 1060 2347 παρέχον
1091 2274 1280 2338 αὑταῖς
1306 2275 1405 2346 τὴν
1439 2277 1703 2348 ἀνάγκην.
1735 2275 1810 2330 03

1920 1084 2083 1124 mus:
2147 1072 2286 1137 Quid
2338 1076 2506 1143 ergo?
2562 1092 2668 1131 non
2735 1085 2951 1149 preprie
3007 1084 3148 1140 Deus
3186 1099 3268 1141 est
3294 1072 3491 1156 Filius,

1920 1162 2375 1230 quemadmodum
2410 1165 2460 1219 id
2488 1168 2629 1235 quod
2662 1170 2863 1239 pictum
2894 1183 2997 1239 est,
3026 1187 3231 1231 nonest
3258 1182 3497 1237 animal?

1923 1252 2202 1327 Quomodo
2240 1269 2370 1325 ergo
2403 1257 2563 1319 Deus,
2596 1259 2638 1313 si
2675 1261 2816 1314 Deus
2844 1265 3059 1331 proprie
3084 1281 3189 1320 non
3215 1270 3331 1323 est?
3388 1271 3496 1326 Re-

1920 1347 2225 1416 spondent:
2252 1348 2391 1415 Quid
2434 1353 2703 1420 prohibet,
2751 1358 3059 1425 quominus,
3084 1370 3138 1415 et
3165 1363 3279 1418 haec
3322 1367 3494 1434 aequi-

1922 1448 2054 1490 voca
2090 1436 2223 1502 sint,
2255 1447 2309 1491 et
2341 1441 2557 1509 proprie
2598 1451 2887 1511 utrumque
2929 1446 3183 1502 dicatur?
3214 1451 3289 1505 Ac
3317 1456 3493 1517 nobis,

1919 1536 1974 1583 et
2004 1536 2335 1598 terrestrem,
2392 1541 2445 1586 et
2484 1533 2748 1588 marinum
2811 1550 2995 1592 canem
3037 1540 3333 1608 prolereut,
3374 1546 3490 1614 qui,

1921 1634 2043 1674 cum
2073 1622 2173 1677 sub
2217 1622 2407 1678 eodem
2462 1626 2680 1681 nomine
2728 1627 2993 1682 diversam
3046 1631 3495 1700 signiﬁcationem

1923 1712 2183 1779 habeant,
2214 1715 2434 1785 proprie
2463 1725 2640 1772 tamen
2677 1718 2949 1773 dicuntur.
2977 1719 3095 1792 (Est
3133 1725 3276 1778 enim
3309 1726 3496 1795 hujus-

1924 1803 2070 1858 modi
2094 1820 2307 1875 quoque
2336 1808 2545 1876 species
2579 1810 2822 1878 quaedam
2856 1811 3000 1866 inter
3025 1814 3338 1882 mquivoca;
3371 1829 3423 1872 et
3449 1821 3492 1874 si

1918 1897 2050 1966 quid
2075 1897 2240 1965 aliud,
2265 1900 2406 1970 quod
2431 1903 2619 1955 eadem
2644 1904 3009 1973 appellatione
3042 1916 3243 1975 utatur,
3273 1911 3496 1983 ejusque

1920 2000 2173 2057 peraque
2202 1990 2475 2069 particeps
2499 1992 2592 2057 sit,
2627 2008 2747 2048 cum
2782 1995 2997 2051 interim
3038 2009 3243 2055 natura:
3287 2005 3496 2059 ratione

1922 2078 2233 2150 dissideat.)
2263 2082 2356 2146 At,
2393 2084 2479 2136 vir
2522 2084 2748 2153 Optime,
2792 2102 2913 2140 cum
2966 2089 3075 2144 illic
3108 2092 3242 2147 duas
3275 2106 3494 2149 naturas

1920 2171 2022 2226 sub
2069 2172 2260 2227 eadem
2302 2173 2661 2243 appellatione
2705 2178 2963 2246 collocas,
3029 2192 3276 2237 neutram
3327 2186 3494 2240 altera

1921 2265 2359 2333 prtestantiorem
2416 2267 2757 2335 iutroducis;
2809 2284 2912 2325 nec
2956 2272 3184 2328 alteram
3234 2277 3493 2343 priorem,

220 2360 342 2431 γὰρ
365 2362 394 2414 6
420 2361 517 2432 μὲν
547 2363 745 2432 μᾶλλον
777 2365 945 2429 κύων,
972 2368 999 2418 6
1027 2366 1082 2418 δὲ
1106 2360 1267 2436 ἧττον
1294 2366 1389 2420 τοῦ
1412 2367 1598 2438 ἑτέρου
1630 2365 1810 2432 κυνὸς,

1922 2355 2151 2410 alteram
2212 2359 2614 2426 posteriorem;
2666 2376 2764 2414 nec
2825 2363 3060 2432 denique
3098 2367 3322 2421 alteram
3375 2385 3496 2438 qua:

219 2448 342 2505 οἷον
376 2456 405 2505 6
428 2453 708 2519 θαλάττιος
740 2456 834 2509 τοῦ
857 2459 1131 2528 χερσαίου,
1169 2458 1200 2528 ἢ
1236 2459 1263 2512 6
1293 2461 1544 2530 χερσαῖος
1577 2457 1813 2529 ἔμπαλιν

220 2542 327 2597 τοῦ
360 2544 680 2599 θαλαττίου·
721 2547 808 2602 διὰ
832 2550 884 2603 τί
922 2550 1051 2622 γὰρ,
1078 2550 1110 2620 ἢ
1149 2550 1288 2605 κατὰ
1307 2550 1426 2602 τίνα
1452 2550 1636 2618 λόγον;
1674 2549 1811 2604 Ἀλλ’

221 2636 291 2689 ὲν
332 2638 621 2709 ὁμοτίμοις
675 2642 959 2712 πράγμασι
999 2643 1092 2695 καὶ
1129 2640 1425 2712 διαφόροις,
1470 2642 1504 2712 ἡ
1561 2639 1813 2694 κοινωνία

221 2727 332 2797 τῆς
369 2730 634 2801 κλήσεως.
682 2732 945 2786 Ἐνταῦθα
981 2733 1035 2786 δὲ
1070 2734 1147 2805 τῷ
1184 2733 1304 2804 Θεῷ
1341 2735 1721 2805 παραζευγνὺς
1751 2734 1813 2788 τὸ

224 2821 556 2891 σεϐάσμιον,
580 2824 672 2875 καὶ
694 2823 754 2876 τὸ
782 2824 918 2894 ὑπὲρ
943 2827 1121 2877 πᾶσαν
1145 2825 1330 2879 οὐσίαν
1354 2821 1491 2879 εἶναι
1517 2826 1609 2879 καὶ
1630 2826 1811 2895 φύσιν,

221 2911 256 2964 ὂ
288 2913 455 2982 μόνου
495 2913 628 2966 Θεοῦ
659 2915 751 2967 καὶ
776 2915 938 2969 οἱονεὶ
967 2915 1126 2984 φύσις
1153 2915 1424 2987 θεότητος,
1455 2912 1574 2971 εἶτα
1598 2917 1675 2988 τῷ
1703 2919 1812 2972 Πα-

220 3005 321 3074 τρὶ
346 3004 445 3074 μὲν
474 3004 630 3057 τοῦτο
652 3006 851 3070 διδοὺς,
878 3006 967 3059 τὸν
995 3007 1121 3061 Υίὸν
1144 3007 1200 3060 δὲ
1219 3007 1536 3079 ἀποστερῶν
1564 3009 1657 3063 καὶ
1678 3010 1813 3062 ὑπο-

218 3094 425 3158 τιθεὶς,
451 3096 543 3147 καὶ
565 3094 632 3149 τὰ
657 3096 883 3167 δεύτερα
908 3096 1087 3168 νέμων
1110 3096 1258 3168 αύτῷ
1278 3097 1379 3167 τῆς
1407 3100 1572 3168 τιμῆς
1601 3097 1813 3169 καὶτῆς

222 3185 680 3255 προσκυνήσεως,
714 3186 815 3238 κᾶν
845 3189 962 3251 ταῖς
993 3187 1280 3251 συλλαϐαῖς
1301 3186 1499 3259 χαρίζῃ
1522 3188 1580 3240 τὸ
1607 3189 1811 3258 ὅμοιον,

219 3274 309 3345 τῷ
335 3275 623 3344 πράγματι
650 3276 748 3346 τὴν
776 3276 1006 3347 θεότητα
1029 3278 1397 3349 περικόπτεις,
1428 3279 1522 3332 καὶ
1553 3278 1783 3349 μεταΰαί
1798 3310 1812 3319 -

221 3383 345 3429 νεις
376 3364 698 3436 κακούργως
725 3367 831 3419 ἀπὸ
862 3368 959 3437 τῆς
986 3367 1045 3420 τὸ
1071 3368 1183 3421 ἴσον
1213 3369 1443 3440 ἐχούσης
1472 3370 1812 3439 ὁμωνυμίας,

221 3455 325 3509 ἐπὶ
355 3456 455 3525 τὴν
486 3454 555 3508 τὰ
591 3455 664 3526 μὴ
696 3455 787 3509 ἴσα
813 3456 1156 3512 συνδέουσαν.
1194 3458 1353 3511 Ὥστε
1374 3461 1401 3511 6
1430 3457 1673 3529 γραπτός
1706 3475 1811 3523 σοι,

224 3550 332 3602 καὶ
366 3549 395 3601 6
434 3545 541 3612 ζῶν
568 3547 852 3617 ἄνθρωπος
883 3549 1104 3619 μᾶλλον,
1146 3548 1177 3621 ἢ
1210 3551 1259 3602 οἱ
1289 3549 1382 3602 τοῦ
1420 3550 1816 3620 ὑποδείγματος

227 3639 399 3704 κύνες
427 3643 494 3711 τῇ
525 3639 738 3710 θεότητι
771 3640 1180 3712 πλησιάζουσιν.
1218 3643 1287 3695 Ἣ
1318 3643 1405 3707 66;
1577 3641 1817 3713 ἀμφοτέ-

232 3744 373 3799 ροις,
404 3725 592 3793 ὥσπερ
614 3739 712 3794 την
738 3725 1021 3778 κοινωνίαν
1038 3726 1139 3796 τῆς
1164 3724 1429 3799 κλήσεως,
1461 3728 1603 3781 οὕτω
1642 3728 1698 3781 δὲ
1728 3730 1823 3782 καὶ
1852 3716 1894 3772 C

226 3819 331 3890 τὴν
366 3818 658 3888 ὁμοτιμίαν
705 3818 813 3870 τῶν
861 3816 1075 3887 φύσεων
1133 3860 1150 3884 ,
1291 3821 1341 3873 εἰ
1393 3820 1486 3873 καὶ
1529 3819 1819 3893 διαφόρους

224 3909 438 3971 ταύτας
467 3911 734 3979 εἰσάγεις·
770 3909 865 3963 καὶ
904 3910 1274 3975 καταλέλυκάς
1314 3929 1408 3963 σου
1452 3912 1576 3974 τοὺς
1625 3911 1813 3978 κύνας,

225 3998 324 4063 οῦς
362 3999 582 4071 ἐξεῦρες
613 3999 755 4054 κατὰ
782 4002 882 4072 τῆς
908 4003 1243 4073 ἀνισότητος.
1276 4004 1340 4057 Τί
1365 4004 1473 4075 γὰρ
1497 4003 1687 4074 ὄφελος
1714 4004 1814 4077 τῆς

225 4093 575 4162 ὁμωνυμίας,
610 4093 737 4146 εἰτὸ
776 4093 1015 4164 ἰσότιμον
1046 4095 1120 4167 μὴ
1150 4095 1326 4167 ἔχοιεν
1475 4099 1523 4149 oi
1540 4097 1689 4169 παρὰ
1716 4097 1811 4150 σοῦ

225 4183 621 4254 διαιρούμενοι.
664 4186 740 4239 Οὐ
795 4185 905 4254 γὰρ
939 4188 1005 4239 ἵν’
1194 4188 1410 4258 ἰσότιμα
1454 4187 1652 4258 δείξῃς,
1699 4188 1812 4241 ἀλλ’

228 4275 318 4327 ἵνα
354 4274 666 4347 ἀνισότιμα,
704 4278 840 4348 πρὸς
872 4279 971 4351 τὴν
993 4280 1333 4351 ὁμωνυμίαν,
1365 4280 1459 4333 καὶ
1490 4282 1617 4344 τοὺς
1646 4279 1815 4344 κύνας

226 4368 559 4436 κατέφυγες.
588 4370 713 4434 Πῶς
742 4370 807 4424 ἄν
828 4389 910 4435 τις
949 4372 1227 4446 ἐλεγχθείη
1265 4371 1486 4442 μᾶλλον,
1517 4372 1612 4426 καὶ
1636 4372 1814 4443 ἑαυτῷ

227 4460 563 4531 μαχόμενος,
594 4462 689 4514 καὶ
722 4462 965 4535 θεότητι;

1922 2446 2117 2516 magis,
2148 2446 2372 2501 alteram
2402 2465 2522 2517 qua:
2555 2451 2733 2505 minus
2769 2451 2841 2505 sit
2867 2452 2920 2506 id
2961 2454 3100 2523 quod
3131 2471 3251 2510 esse
3277 2458 3494 2513 dicitur.

1921 2537 2108 2609 Neque
2138 2541 2282 2597 enim
2315 2542 2607 2612 quidquam
2646 2544 2994 2613 conjunctum
3035 2557 3138 2613 est,
3184 2550 3327 2617 quod
3361 2550 3499 2603 hanc

1923 2630 2056 2699 ipsis
2085 2630 2464 2685 necessitatem
2492 2632 2702 2688 atterat.
2734 2633 2850 2689 Non
2897 2636 3044 2691 enim
3072 2637 3162 2692 hic
3191 2640 3341 2693 cauis
3380 2655 3497 2693 ma-

1922 2721 2003 2792 gis
2035 2726 2191 2778 canis
2244 2733 2348 2788 est,
2401 2739 2561 2794 quam
2587 2725 2676 2780 ille
2727 2728 2906 2791 cauis,
2961 2727 3064 2782 hoc
3091 2737 3195 2794 est,
3258 2731 3499 2783 marinus

1924 2815 2094 2886 magis
2121 2831 2283 2886 quam
2319 2819 2612 2883 terrestris,
2647 2820 2729 2873 vel
2758 2829 2973 2885 contra,
3011 2822 3291 2875 terrestris
3327 2823 3498 2892 magis

1923 2921 2084 2976 quam
2120 2908 2405 2973 marinus;
2443 2912 2543 2964 cur
2593 2911 2760 2976 enim,
2808 2919 2904 2966 aut
2951 2926 3056 2980 qua
3116 2913 3362 2966 ratione?
3391 2914 3498 2969 Sed

1924 3000 1978 3056 in
2012 3000 2198 3067 rebus,
2243 3000 2475 3057 diversis
2514 3003 2730 3071 quidem
2758 3001 2887 3068 illis,
2921 3017 3109 3057 verum
3140 3002 3256 3071 pari
3291 3003 3499 3057 honore

1923 3092 2189 3162 prmditis,
2231 3094 2536 3147 communis
2573 3103 2655 3149 est
2684 3094 2998 3163 appellatio.
3054 3093 3155 3149 Hic
3179 3109 3334 3159 vero,
3371 3110 3493 3147 cum

1924 3183 2035 3239 Deo
2060 3185 2466 3240 venerationem
2491 3184 2777 3257 adjuugas,
2819 3199 3055 3255 eumque
3079 3199 3244 3254 supra
3279 3198 3496 3238 omnem

1924 3275 2219 3330 essentiam
2255 3284 2310 3329 et
2337 3285 2584 3329 naturam
2613 3290 2734 3331 esse
2774 3276 2924 3331 dicas
2988 3274 3153 3347 (quod
3187 3274 3279 3328 Dei
3329 3272 3499 3327 solius

1925 3376 2029 3435 est,
2064 3376 2118 3422 et
2176 3367 2324 3423 velut
2370 3368 2675 3423 divinitatis
2725 3366 2984 3439 natura),
3019 3382 3083 3422 ac
3129 3367 3321 3421 deinde
3350 3365 3497 3419 Patri

1926 3461 2141 3528 quidem
2196 3460 2299 3515 hoc
2337 3460 2567 3525 tribuas,
2603 3460 2799 3515 Filium
2859 3468 3039 3513 autem
3080 3459 3297 3529 prives,
3336 3465 3499 3526 atque

1927 3553 2209 3622 subjicias,
2261 3555 2638 3622 secundasque
2678 3554 2755 3607 illi
2813 3553 3037 3607 honoris
3082 3561 3139 3606 et
3170 3550 3502 3604 adorationis

1932 3655 2115 3712 partes
2144 3646 2412 3714 assignes,
2444 3648 2694 3715 quamvis
2738 3648 3029 3700 verborum
3060 3644 3285 3714 syllabis
3318 3658 3500 3711 aequa-

1927 3729 2130 3785 litatem
2166 3732 2265 3800 ipsi
2293 3732 2563 3801 largiaris,
2604 3747 2662 3787 re
2691 3733 2802 3801 ipsa
2837 3739 3017 3785 tamen
3062 3731 3400 3786 divinitatem
3435 3734 3485 3787 ei

1927 3833 2196 3891 amputas,
2223 3838 2285 3876 ac
2313 3822 2638 3877 veteratorie
2656 3823 2723 3875 ab
2753 3822 2853 3876 hoc
2881 3822 3242 3892 homonymite
3264 3837 3486 3893 genere,

1923 3913 2067 3982 quod
2118 3911 2482 3982 aequalitatem
2545 3912 2948 3980 complectitur,
3004 3912 3070 3965 ad
3120 3926 3289 3981 genus
3353 3912 3485 3968 illud

1922 4005 2146 4069 transis,
2178 4005 2324 4074 quod
2384 4019 2472 4058 res
2523 4004 2760 4072 aequales
2813 4003 3036 4057 minime
3081 4004 3372 4058 connectit.
3407 4005 3487 4059 Ac

1918 4096 2167 4166 proinde,
2220 4105 2281 4149 ut
2335 4096 2560 4166 quidem
2594 4098 2961 4165 argumentari
3001 4093 3261 4160 instituis,
3310 4096 3489 4165 pictus

1920 4187 2011 4242 ille
2032 4202 2097 4241 ac
2126 4188 2281 4241 vivus
2314 4187 2499 4249 homo,
2549 4187 2615 4240 ad
2662 4187 3001 4241 divinitatem
3057 4186 3487 4241 adumbrandam

1920 4280 2142 4349 propius
2177 4280 2468 4345 accedunt,
2504 4293 2666 4349 quam
2696 4293 2881 4342 canes,
2906 4293 3043 4348 quos
3069 4279 3303 4347 exempli
3322 4294 3488 4334 causa

1920 4369 2273 4439 proposuisti.
2310 4366 2524 4438 Alioqui
2561 4370 2802 4438 utrique,
2852 4378 2912 4422 ut
2945 4384 3138 4424 nomen
3176 4384 3487 4435 commune,

1920 4460 2001 4515 sic
2033 4460 2195 4515 etiam
2227 4474 2410 4530 parem
2439 4469 2647 4514 naturae
2689 4460 3006 4529 dignitatem
3043 4461 3238 4525 tribue,
3272 4458 3488 4514 etiamsi

228 4553 482 4605 diversas
510 4567 604 4605 eas
638 4552 887 4617 inducis;
920 4564 1084 4623 atque
1121 4553 1194 4607 ita
1223 4569 1384 4609 canes
1408 4554 1526 4609 illos
1554 4562 1673 4607 tuos
1704 4549 1989 4612 deleveris,
2021 4563 2156 4618 quos
2214 4549 2278 4602 ad
2317 4550 2651 4616 probandam
2719 4548 2893 4602 Patris
2933 4563 2998 4603 ac
3065 4548 3185 4603 Filii
3244 4549 3488 4617 inaequa-

228 4641 446 4697 litatem

673 4644 1019 4714 excogitasti.
1075 4646 1204 4712 Quis
1248 4647 1394 4701 enim
1454 4642 1811 4715 homonymia:
1847 4640 2072 4702 fructus,
2098 4640 2142 4693 si
2178 4639 2438 4706 dignitate
2471 4653 2626 4706 pares
2687 4639 2813 4699 sint,
2846 4637 2993 4706 quia
3026 4645 3077 4691 te
3125 4638 3475 4693 dividuntur?

228 4735 339 4790 Nec
370 4737 538 4800 enim,
567 4746 625 4791 ut
675 4752 769 4793 eos
820 4739 1022 4794 honore
1061 4740 1318 4809 aequales,
1344 4739 1439 4796 sed
1470 4748 1526 4794 ut
1555 4739 1800 4808 dispares
1837 4732 2177 4796 ostenderes,
2231 4732 2298 4785 ad
2342 4730 2742 4801 homonytniam
2793 4728 2962 4793 illam,
2999 4737 3054 4782 et
3119 4718 3281 4783 canes
3345 4744 3480 4785 con-

230 4827 446 4896 fugisti.
510 4827 755 4893 Quonam
811 4831 969 4885 modo
1034 4832 1299 4900 quispiam
1352 4831 1523 4901 magis
1558 4826 1806 4885 convinci
1847 4833 2034 4897 queat,
2066 4832 2117 4880 et
2141 4838 2323 4879 secum
2365 4823 2498 4892 ipse,
2536 4831 2739 4877 etcum
2764 4821 3044 4876 divinitate
3070 4823 3346 4892 pugnare?

458 4918 585 4973 Ἐὰν
612 4920 669 4973 δὲ
702 4920 968 4990 λεγόντων
995 4923 1170 4993 ἡμῶν,
1205 4925 1285 4978 ὅτι
1315 4923 1391 4995 τῷ
1422 4923 1577 4995 αἰτίῳ
1613 4922 1813 4996 μείζων
1847 4922 1890 4976 Ι)

225 5009 255 5060 6
294 5008 492 5080 Πατὴρ
516 5008 611 5062 τοῦ
639 5007 792 5075 Υίοῦ,
826 5011 1223 5083 προσλαϐόντες
1244 5012 1364 5084 τὴν,
1392 5012 1465 5065 Τὸ
1496 5012 1554 5065 δὲ
1724 5009 1813 5066 ατ-

226 5114 344 5150 τιον
380 5098 563 5166 φύσει,
599 5100 893 5170 πρότασιν·
944 5101 1152 5167 ἔπειτα,
1190 5102 1263 5154 Τὸ
1299 5101 1484 5173 μεῖζον
1516 5102 1583 5173 τῇ
1626 5099 1813 5169 φύσει,

229 5191 564 5259 συνάγωσιν·
612 5192 712 5246 οὐκ
744 5188 861 5247 οἶδα
899 5195 1125 5265 πότερον
1152 5194 1378 5257 ἑαυτοὺς
1419 5191 1812 5264 παραλογίζονο

226 5299 339 5347 ται,
367 5283 403 5351 ἢ
430 5282 557 5347 τοὺς
583 5282 718 5354 πρὸς
746 5282 841 5349 οὓς
865 5285 893 5337 ό
914 5284 1090 5354 λόγος.
1119 5286 1192 5339 Οὐ
1216 5284 1324 5357 γὰρ
1341 5283 1527 5348 ἁπλῶς
1557 5321 1574 5346 ,
1710 5284 1811 5337 ὅσα

146 5414 147 5417 η
230 5374 372 5428 κατά
392 5390 536 5437 τινος
560 5374 797 5443 λέγεται,
827 5375 1001 5430 ταῦτα
1026 5376 1118 5429 καὶ
1148 5375 1291 5430 κατὰ
1327 5376 1420 5430 τοῦ
1449 5375 1810 5446 ὑποκειμένου

226 5464 402 5536 τούτῳ
435 5465 766 5537 ῥηθήσεται·
794 5464 930 5520 ἀλλὰ
971 5465 1125 5537 δῆλον
1168 5467 1309 5521 κατὰ
1333 5466 1495 5530 τίνος,
1530 5466 1625 5520 καὶ
1666 5466 1808 5520 τίνα.

241 5555 397 5608 Ἐπεὶ
418 5555 470 5608 τί
497 5554 695 5608 κωλύει
726 5555 870 5625 κάμὲ
895 5554 1100 5626 ταύτην
1128 5554 1388 5626 πρότασιν
1421 5554 1808 5626 ποιησάμενον,

228 5647 351 5719 τὴν,
402 5648 484 5701 ὅτι
524 5647 582 5701 '0
616 5648 805 5719 Πατὴρ
832 5646 1033 5719 μείζων
1054 5649 1120 5719 τῇ
1152 5647 1334 5717 φύσει,
1364 5646 1552 5700 ἔπειτα
1576 5645 1813 5718 προσλα-

231 5738 396 5793 δόντα
430 5739 510 5801 τὸ,
565 5738 727 5793 Φύσει
761 5741 819 5794 δὲ
848 5741 909 5794 οὐ
950 5739 1166 5803 πάντως
1204 5739 1404 5812 μείζων
1445 5738 1566 5793 οὐδὲ
1589 5739 1805 5808 Πατήρ·

230 5831 481 5891 ἐντεῦθεν
515 5834 865 5902 συναγαγεῖν·
901 5833 974 5886 Τὸ
1037 5830 1220 5903 μεῖζον
1249 5832 1310 5885 ού
1348 5832 1562 5899 πάντως
1595 5829 1808 5900 μεῖζον·

2143 4917 2262 4974 Jam
2302 4918 2347 4972 si
2386 4917 2689 4989 dicentibus
2724 4917 2901 4981 nobis,
2950 4916 3195 4983 Patrem,
3224 4928 3484 4990 quantum

1922 5011 1990 5066 ad
2015 5026 2260 5074 causam,
2289 5009 2425 5064 Filio
2456 5008 2717 5080 majorem
2745 5025 2885 5074 esse,
2924 5009 3023 5079 ipsi
3069 5010 3207 5064 hanc
3240 5011 3485 5080 proposi-

1912 5101 2110 5157 tionem
2142 5111 2458 5155 assumant:
2485 5101 2555 5154 At
2576 5116 2738 5156 causa
2777 5112 2967 5155 natura
2994 5117 3007 5166 ;
3035 5111 3328 5171 posteaque
3354 5117 3486 5157 con-

1912 5193 2215 5249 clusionem
2252 5194 2394 5248 hanc
2454 5195 2823 5249 subuectant:
2866 5193 3008 5263 Ergo
3052 5192 3223 5261 major
3256 5202 3483 5257 natura;

1915 5286 2058 5339 haud
2088 5286 2226 5348 scio,
2266 5285 2547 5351 seipsosne
2601 5286 2799 5354 potius,
2853 5302 2919 5339 an
2978 5299 3094 5347 eos,
3143 5299 3263 5338 cum
3290 5285 3488 5351 quibus

1911 5377 2213 5446 disputant,
2239 5377 2484 5447 captiosa
2541 5377 2645 5432 hac
2675 5377 3149 5446 argumentatione
3176 5374 3485 5444 circumve-

1872 5512 1881 5515 -
1915 5469 2085 5523 uiant.
2122 5468 2305 5537 Neque
2336 5470 2481 5523 enim
2533 5468 2876 5539 simpliciter,
2926 5480 3259 5537 quaecunque
3293 5467 3358 5519 de
3384 5466 3487 5519 ali-

1910 5575 2016 5629 quo
2042 5560 2314 5623 dicuntur,
2352 5560 2517 5615 etiam
2540 5558 2605 5613 de
2630 5573 2718 5621 eo,
2752 5558 2894 5623 quod
2924 5558 3021 5623 ipsi
3051 5556 3355 5625 subjectum
3380 5566 3485 5622 est,

1911 5652 2207 5716 dicuntur;
2240 5650 2335 5704 sed
2392 5649 2734 5719 perspicuum
2779 5657 2862 5702 est
2898 5651 2965 5702 de
2993 5663 3122 5717 quo,
3152 5657 3205 5700 et
3235 5662 3485 5717 quaenam

1911 5742 2181 5797 dicantur.
2241 5740 2455 5809 Alioqui
2506 5740 2637 5810 quid
2694 5739 2968 5808 prohibet,
3026 5739 3316 5808 quominus
3372 5738 3486 5807 ipso

1911 5848 2128 5906 quoque
2162 5832 2320 5889 allata
2372 5833 2474 5888 hac
2518 5830 2889 5906 propositione
2930 5848 2943 5886 :
2993 5830 3152 5887 Pater
3180 5828 3351 5898 major
3395 5843 3486 5883 na~
