3860 6550
427 417 530 483 571

1635 419 2026 503 EUTHYMII
2066 419 2431 481 ZlGABENI
3572 427 3651 491 5'7}

429 563 550 606 tura
579 561 699 618 est;
732 566 795 605 ac
845 547 1039 605 deinde
1090 528 1381 618 assumpta
1421 547 1587 602 altera
1620 563 1633 599 :
1672 547 1872 603 Natura
1907 562 2000 601 au-

2116 549 2169 621 ἢ,
2204 550 2260 603 ὐ
2293 549 2479 620 Πατὴρ
2510 550 2571 602 οὐ
2607 548 2822 610 πάντως
2851 548 3062 619 Πατήρ.
3094 549 3155 600 Εἰ
3184 546 3364 617 βούλει
3390 546 3443 600 δὲ
3476 546 3644 614 obrui;-

429 658 535 699 tom
564 659 667 698 non
698 643 917 697 omnino
947 639 1139 709 major.
1172 656 1344 710 neque
1371 640 1568 705 Pater;
1601 639 1674 693 ita
1729 649 2005 709 postremo

427 737 780 792 concludam:
814 734 986 804 Majas
1046 734 1211 802 igitur
1256 748 1362 788 non
1386 733 1605 786 omnino
1654 732 1864 799 majus;
1897 729 2000 794 vel,

428 827 591 880 Pater
615 840 717 879 non
765 826 988 877 omnino
1037 822 1219 876 Pater.
1269 821 1377 875 Aut
1444 821 1487 874 si
1537 820 1727 884 mavis,
1757 820 2005 873 adhunc

425 917 647 969 modum
706 930 906 986 agam:
956 914 1095 968 Deus
1143 920 1225 966 est
1278 912 1551 966 essentia:
1601 911 1847 966 Essentia
1894 926 1999 966 non

430 1008 652 1059 omnino
684 1015 767 1060 est
818 1006 993 1071 Deus;
1051 1002 1192 1071 quod
1244 1001 1478 1071 sequitur
1544 1002 1657 1070 ipse
1698 1001 1996 1057 conclude:

432 1102 573 1172 Ergo
608 1100 750 1154 Deus
788 1114 892 1153 non
925 1098 1146 1151 omnino
1188 1096 1346 1150 Dens.
1391 1093 1611 1160 Verum,
1646 1096 1698 1148 ni
1735 1095 1910 1159 fallor,
1932 1096 1999 1149 ab

425 1199 515 1250 eo,
550 1185 694 1254 quod
727 1186 1022 1240 secundum
1060 1184 1325 1237 rationem
1365 1184 1650 1251 quamdam
1683 1184 1902 1243 dicitur,
1932 1183 2000 1237 ad

430 1278 481 1333 id
513 1278 654 1348 quod
678 1276 994 1344 simpliciter
1010 1274 1227 1337 dicitur,
1253 1276 1491 1343 captiose
1516 1274 1858 1344 progreditur
1884 1274 2001 1329 haec

2123 638 2182 691 '0
2238 639 2389 702 Θεὸς,
2423 639 2607 691 οὐσία·
2658 638 2720 691 Ἢ
2754 637 2910 690 οὐσία
2971 638 3047 699 δὲ,
3078 639 3139 690 οὐ
3190 640 3406 701 πάντως
3438 638 3579 700 Θεός·
3606 641 3653 692 τὸ

2113 730 2241 799 ἑξῆς
2267 729 2424 792 αὐτὸς
2456 731 2727 798 συνάγαγε
2795 742 2812 759 ⁸

2125 822 2263 873 Ἀλλ’
2290 818 2461 892 οἶμαι,
2491 825 2640 893 παρὰ
2666 823 2724 875 τὸ
2753 824 2827 892 πῆ

2114 915 2250 985 σμὸς
2272 911 2447 979 οὗτος,
2472 916 2547 979 ὡς
2577 918 2689 979 τοῖς
2714 917 2839 987 περὶ
2868 914 3039 968 ταῦτα
3066 914 3404 985 τεχνολογεῖν
3438 912 3648 982 σύνηθες.

2122 1006 2312 1077 Ἥμῶν
2348 1006 2455 1077 γὰρ
2486 1006 2553 1059 τὸ
2585 1005 2786 1075 μεῖζον
2898 1005 2989 1057 τοῦ
3021 1006 3191 1058 αίτίου
3226 1005 3385 1073 φύσει
3422 1004 3653 1067 διδόντων,

2111 1099 2266 1155 αὐτοὶ
2288 1098 2347 1152 τὸ
2368 1101 2433 1169 τῇ
2471 1097 2627 1167 φύσει
2664 1096 2847 1168 μεῖζον
2870 1097 3192 1165 ἐπάγουσιν·
3223 1096 3412 1167 ὥσπερ
3438 1096 3499 1148 ἂν
3617 1100 3655 1150 εί

2111 1188 2206 1241 καὶ
2264 1188 2530 1257 λεγόντων
2564 1186 2740 1259 ἡμῶν,
2777 1189 2857 1240 ὅτι
2886 1188 2913 1239 6
2941 1187 3085 1240 δεῖνα
3137 1187 3329 1258 νεκρὸς
3387 1187 3654 1256 ἄνθρωπος,

2111 1281 2297 1346 ἁπλῶς
2322 1282 2527 1352 ἐπῆγον
2544 1280 2698 1334 αὐτοὶ
2730 1279 2821 1333 τὸν
2852 1278 3155 1349 ἄνθρωπον.

2943 730 3003 782 ’4)
3030 729 3160 793 Θεὸς
3196 731 3255 781 οὐ
3296 731 3502 792 πάντως
3526 729 3651 794 Θεὸς.

2997 821 3089 874 καὶ
3118 820 3302 883 ἁπλῶς
3335 824 3362 873 6
3396 822 3652 891 παραλογι-

434 1363 858 1432 argumentatio,
887 1362 1032 1431 quod
1067 1362 1201 1416 artis
1246 1361 1409 1431 hujus
1447 1360 1707 1415 studiosis
1741 1360 2003 1415 ttsitatum
2033 1372 2188 1417 estet
2221 1363 2509 1417 familiare.
2552 1362 2685 1416 Nam
2736 1379 2859 1417 cum
2910 1381 3012 1417 nos
3050 1364 3192 1418 banc
3233 1381 3447 1426 vocem,
3480 1368 3651 1435 majus,

433 1470 610 1511 causa:
644 1464 853 1510 natura:
880 1456 1205 1517 tribuamus,
1229 1455 1469 1509 inferunt
1493 1453 1618 1525 ipsi,
1655 1470 1873 1509 causam
1906 1465 2101 1511 natura
2120 1458 2381 1525 majorem
2417 1473 2559 1513 esse.
2595 1458 2750 1525 Quod
2785 1457 3015 1529 perinde
3063 1470 3172 1527 est,
3207 1475 3271 1514 ac
3302 1460 3347 1513 si
3374 1460 3653 1516 dicentibus

430 1548 590 1605 nobis
621 1565 633 1604 :
673 1549 770 1604 liic
800 1560 1048 1605 mortuus
1075 1552 1273 1617 homo;
1304 1551 1571 1605 inferrent
1599 1548 1701 1620 ipsi
1736 1566 1750 1605 :
1792 1550 1931 1621 Ergo
1964 1552 2156 1606 homo.

503 1641 789 1709 Quomodo
842 1651 1023 1698 autem
1084 1643 1247 1707 istud,
1304 1644 1454 1715 quod
1514 1652 1663 1698 certe
1722 1659 1830 1698 non
1892 1643 1995 1698 mi.

2161 1644 2372 1698 Ἐκεῖνο
2425 1644 2481 1697 δε
2537 1646 2655 1707 πῶς
2714 1645 3204 1716 παραδράμωμεν,
3266 1645 3484 1709 οὐδενὸς
3514 1641 3652 1717 ἦττον

433 1737 550 1790 nori
587 1738 945 1791 admiratione
979 1739 1200 1806 dignum
1255 1749 1361 1801 est,
1409 1754 1570 1807 quam
1603 1754 1722 1806 qua:
1759 1740 2000 1807 Superius

2116 1740 2207 1793 τῶν
2237 1738 2541 1810 εἰρημένων
2569 1737 2626 1789 ὃν
2661 1736 2988 1804 ἀξιάγαστον
3014 1754 3027 1800 ;
3068 1737 3127 1790 '0
3150 1737 3365 1807 Πατὴρ,
3400 1737 3655 1805 enitimini-

439 1830 582 1883 dicta
614 1839 764 1895 sunt,
813 1830 1329 1899 prretermittemus?
1370 1829 1527 1884 Pater
1552 1870 1565 1894 ,
1623 1830 1895 1900 inquiunt,
1928 1833 2000 1887 vel

2116 1832 2244 1897 ςίας,
2285 1832 2317 1903 ἢ
2356 1829 2634 1901 ἐνεργείας
2663 1830 2863 1900 ὄνομα·
2888 1830 2963 1892 ὡς
2996 1829 3390 1903 ἀμφοτέρωθεν
3425 1831 3561 1899 ἡμᾶς
3584 1830 3656 1899 δή·

429 1922 706 1985 οεδειιιὶαδ,
772 1921 857 1974 vel
908 1922 1142 1977 actionis
1196 1937 1391 1976 nomen
1449 1930 1563 1975 est:
1623 1922 1700 1976 sic
1743 1924 1886 1976 enim
1913 1940 2000 1979 nos

2116 1942 2305 1989 πιντες.
2340 1926 2404 1977 Εἰ
2433 1924 2531 1990 μὲν
2556 1923 2743 1986 οὐσίας
2761 1926 3025 1993 φήσομεν,
3052 1922 3491 1993 συνθησομένους
3507 1924 3655 1992 ἑτερο-

432 2012 686 2081 utrinque
720 2014 794 2066 ita
848 2014 1110 2068 astrictos
1166 2022 1377 2082 putant,
1413 2024 1474 2068 ut
1519 2014 1663 2067 nulla
1702 2017 1909 2071 ratione
1938 2032 2000 2071 ex

2116 2018 2278 2089 nictov
2301 2012 2439 2071 εἶναι
2468 2017 2555 2070 τὸν
2582 2017 2707 2069 Υἰὸν
2728 2034 2739 2045 ·
2769 2016 2955 2086 ἐπειδὴ
2977 2015 3072 2087 μία
3094 2016 3192 2086 μὲν
3208 2015 3368 2067 οὐσία
3389 2014 3539 2078 Θεοῦ,
3555 2016 3655 2067 ταύ-

431 2117 618 2155 eorum
660 2102 892 2158 vinculis
920 2105 1059 2159 elabi
1102 2106 1393 2175 possimus.
1446 2107 1503 2162 Si
1546 2109 1691 2163 enim
1754 2113 2000 2166 essmtim

2116 2130 2197 2182 την
2231 2111 2308 2174 δὲ,
2342 2110 2416 2173 ὡς
2442 2104 2605 2173 οὗτοι,
2626 2108 3062 2179 προκατείληφεν
3084 2109 3111 2159 6
3142 2109 3363 2176 Πατήρ·
3400 2108 3446 2158 εἰ
3473 2106 3651 2176 δὲὲνερ

436 2209 629 2246 nomen
660 2209 778 2249 esse
804 2196 1123 2260 dixerimus,
1151 2199 1529 2261 assentietnur,
1586 2208 1643 2252 ut
1668 2200 2000 2268 existimant,

2116 2204 2275 2275 τείας,
2290 2203 2499 2272 ποίημα
2518 2200 2704 2270 σαφῶς
2726 2200 3179 2271 ὁμολογήσοντας,
3196 2199 3313 2251 ἀλλ’
3336 2199 3397 2250 οὐ
3418 2199 3651 2269 γέννημα·

434 2285 633 2339 Filium
675 2286 946 2341 diversam
976 2304 1004 2341 a
1047 2288 1205 2343 Patre
1236 2291 1526 2344 essentiam
1557 2290 1794 2346 habere:
1825 2308 2000 2362 quan-

2116 2290 2158 2350 ιύ
2190 2297 2298 2367 γὰρ
2324 2296 2352 2348 6
2383 2294 2641 2366 ἐνεργῶν,
2669 2296 2783 2347 ἐκεῖ
2809 2292 3027 2356 πάντως
3060 2293 3153 2344 καὶ
3178 2291 3239 2343 τὸ
3274 2290 3650 2362 ὲνεργούμενον.

434 2378 723 2445 doquidem
784 2395 887 2433 una
937 2382 1009 2435 sit
1059 2382 1150 2436 Dei
1198 2382 1456 2444 essentia,
1503 2397 1664 2450 quam
1721 2382 1901 2447 Pater,
1944 2395 2000 2439 ut

2116 2389 2209 2441 Καὶ
2223 2386 2339 2448 πῶς
2354 2382 2431 2453 τῷ
2448 2384 2767 2453 πεποιηκότι
2787 2380 2978 2436 ταυτὸν
2999 2381 3058 2434 τὸ
3074 2379 3459 2450 πεποιημένον,
3478 2377 3655 2447 θαυμά-

438 2469 819 2525 οεηεεηι,]ιιιῐι
877 2472 1002 2517 ante
1059 2467 1358 2533 occuparit.
1398 2466 1492 2521 Sin
1527 2480 1707 2523 autem
1756 2471 2000 2538 actionis,

2116 2474 2220 2537 ζειν
2238 2475 2518 2543 φήσουσιν.
2548 2471 2756 2541 Σφόδρα
2774 2471 2837 2524 ἃν
2853 2470 3083 2540 ᾐδέσθην
3115 2469 3267 2538 ὐμῶν
3298 2468 3391 2520 καὶ
3416 2466 3561 2529 αὐτὸς
3574 2466 3654 2537 τὴν

431 2560 678 2604 creatum
710 2565 831 2607 esse
888 2553 1199 2621 fatebimur,
1462 2578 1569 2615 non
1606 2564 1866 2631 genitum.
1906 2564 2000 2619 Ubi

2116 2563 2392 2633 διαίρεσιν,
2413 2565 2459 2615 εἰ
2476 2561 2580 2615 τῶν
2595 2561 2686 2614 δύο
2710 2560 2768 2613 τὸ
2795 2561 2981 2634 ἕτερον
3003 2559 3250 2625 δέξασθαι
3286 2554 3357 2630 ἦν
3377 2560 3652 2625 ἀναγκαῖον,

431 2644 577 2697 enim
608 2654 692 2699 est
722 2660 906 2713 agens,
938 2648 1048 2703 illic
1078 2665 1296 2718 quoque
1325 2654 1549 2706 omnino
1590 2655 1641 2707 id
1668 2656 1807 2722 quod
1830 2656 2000 2725 agitur

2116 2652 2249 2706 ἀλλὰ
2279 2653 2351 2724 μὴ
2380 2654 2447 2705 τὰ
2478 2652 2569 2705 δύο
2596 2652 2948 2721 διαφυγόντα,
2974 2652 3153 2721 τρίτον
3194 2651 3372 2703 εἰπεῖν
3402 2648 3633 2719 ἀληθέστε

430 2752 554 2792 esse
580 2752 800 2795 necesse
848 2750 951 2795 est.
1014 2743 1091 2797 Ac
1122 2744 1307 2799 tnirari
1372 2760 1431 2801 se
1463 2747 1663 2809 dicent,
1712 2764 1817 2818 quo
1852 2759 2000 2819 pacto

2117 2763 2206 2816 ρον
2229 2762 2242 2776 ⁸
2279 2746 2360 2799 ὅτι
2393 2744 2515 2797 οὐτε
2553 2744 2741 2808 οὐσίας
2776 2744 2947 2814 ὄνομα
2980 2744 3008 2796 6
3040 2743 3248 2812 Πατὴρ,
3298 2736 3345 2794 ὦ
3374 2739 3653 2808 σοφώτατοι,

430 2830 630 2883 factum
676 2848 803 2887 cum
860 2834 1069 2892 factore
1116 2837 1257 2892 idem
1310 2854 1434 2894 esse
1463 2851 1649 2910 queat.
1676 2842 1755 2896 Me
1794 2858 2000 2912 quoque

2116 2835 2234 2890 οὐτε
2266 2836 2573 2907 ἐνεργείαςι
2613 2836 2849 2906 σχέσεως
2883 2834 2939 2886 δὲ
2984 2834 3078 2886 καὶ
3121 2832 3215 2885 τοῦ
3255 2832 3380 2895 πῶς
3412 2832 3515 2901 ἔχει
3550 2830 3657 2901 πρὸς

434 2920 608 2987 ipsam
642 2926 994 2982 vehementer
1050 2929 1160 2984 hare
1197 2932 1470 2987 distinctio
1515 2943 1690 2987 vestra
1727 2949 2000 3004 permove-

2116 2927 2203 2980 τὸν
2234 2926 2359 2979 Υίὸν
2406 2928 2434 2979 6
2484 2925 2693 2996 Πατὴρ,
2728 2924 2760 2995 ἥ
2796 2926 2824 2976 6
2856 2923 2979 2986 Υἱὸς
3018 2923 3151 2994 πρὸς
3199 2922 3291 2975 τὸν
3335 2922 3558 2993 Πατέρα.
3590 2922 3657 2982 Ὦς

434 3024 535 3074 ret,
562 3014 604 3065 si
640 3015 768 3069 mihi
788 3018 1014 3072 duorum
1043 3019 1363 3075 alterutrum
1391 3026 1699 3079 necessario
1722 3027 2000 3081 admitten-

2116 3018 2221 3090 γὰρ
2250 3021 2377 3088 παρ’
2410 3020 2538 3090 ἡμῖν
2570 3020 2623 3071 αἱ
2659 3017 2881 3086 κλήσεις
2922 3010 3079 3069 αὗται
3117 3015 3178 3068 τὸ
3211 3016 3437 3087 γνήσιον
3479 3014 3563 3067 καὶ
3596 3015 3657 3065 oi-

441 3102 564 3152 dum
596 3115 760 3168 esset,
820 3120 881 3158 ac
938 3122 1042 3160 non
1100 3110 1299 3176 potius,
1354 3120 1581 3178 utraque
1636 3111 2000 3178 disjunctionis

2116 3113 2259 3163 κεῖον
2281 3110 2656 3180 γνωρίζουσιν,
2685 3108 2827 3161 οὕτω
2851 3109 3011 3160 κάκεῖ
3038 3107 3135 3177 τὴν
3164 3106 3257 3159 τοῦ
3294 3106 3657 3177 γεγεννημένου

435 3204 587 3257 parte
622 3195 807 3256 vitata,
843 3198 1060 3249 tertium
1103 3198 1304 3270 aliquid
1350 3204 1531 3258 verius
1580 3203 1764 3256 dicere
1800 3204 2000 3258 liceret.

2116 3201 2249 3271 πρὸς
2276 3176 2335 3253 τὸ
2360 3176 2685 3270 γεγεννηκὸς
2714 3200 2983 3270 ὀμοφυῖαν
3012 3176 3394 3268 σημαίνουσιν.
3423 3199 3584 3250 Ἔστω
3597 3195 3657 3259 δὲ,

433 3282 545 3335 Nec
571 3285 710 3337 cnim
754 3289 1004 3342 assentire
1035 3305 1226 3345 nomen
1281 3304 1369 3347 est
1408 3293 1585 3359 Pater,
1621 3311 1653 3348 o
1690 3298 1784 3350 viri
1813 3297 2000 3351 acutis-

2116 3288 2267 3359 ὑμῶν
2297 3289 2474 3359 χάριν,
2506 3289 2600 3341 καὶ
2624 3288 2812 3351 οὐσίας
2979 3305 3061 3351 τις
3082 3289 3109 3339 6
3131 3276 3324 3359 Πατήρ
3342 3306 3356 3319 ·
3397 3287 3659 3352 συνεισὰξει

434 3376 577 3437 simi,
614 3393 709 3431 nec
762 3379 1024 3443 actionis;
1073 3385 1165 3436 sed
1229 3385 1545 3440 relationem
1602 3403 1719 3441 cam
1785 3390 2000 3453 indicat,

2116 3380 2203 3433 τὸν
2254 3381 2402 3445 Υίὸν,
2458 3381 2557 3433 οὐκ
2600 3379 2969 3450 ἀλλοτριώσει,
3025 3378 3164 3433 κατὰ
3209 3379 3315 3442 τὰς
3369 3379 3543 3441 κοινὰς
3594 3380 3659 3429 ὲν-

434 3482 597 3533 quant
620 3467 779 3522 Pater
811 3486 936 3541 erga
978 3471 1171 3526 Filium
1210 3475 1390 3540 habet,
1427 3477 1507 3530 vel
1544 3477 1717 3532 Filius
1743 3495 1869 3547 erga
1910 3480 2000 3533 Pa-

2116 3472 2261 3534 νοίας
2296 3510 2313 3536 ,
2458 3470 2553 3524 καὶ
2611 3470 2710 3541 τὴν
2765 3470 2874 3522 τῶν
2918 3472 3161 3540 κλήσεων
3203 3470 3415 3522 τούτων
3447 3469 3656 3537 δύναμιν.

439 3567 596 3610 trem.
645 3560 710 3614 Ut
752 3562 894 3614 enim
929 3565 1068 3630 apud
1130 3582 1226 3619 nos
1264 3567 1378 3622 haec
1418 3570 1635 3623 nomina
1696 3586 2000 3641 germanam

2117 3566 2298 3616 Ἔστω
2330 3564 2425 3617 xui.
2454 3562 2754 3635 ἐνεργείας,
2786 3564 2833 3615 εί
2857 3562 3014 3616 τοῦτο
3034 3563 3204 3615 δοκεῖ·
3239 3563 3365 3615 οὐδὲ
3388 3563 3521 3615 οὕτω
3540 3560 3659 3631 ἡμᾶς

447 3651 734 3716 quamdam
768 3653 1206 3722 conjunctionrm
1242 3668 1297 3712 et
1344 3660 1796 3715 necessitudinem
1821 3662 2000 3717 decla-

2116 3656 2391 3727 αίρὴσετε.
2569 3655 2709 3707 Αὐτὸ
2741 3654 2798 3707 δὲ
2972 3654 3130 3707 τοῦτο
3156 3652 3482 3725 ἐνηργηκὼς
3509 3652 3565 3706 ἂν
3590 3648 3659 3717 εἴη

434 3750 597 3793 rant:
635 3743 700 3793 ad
724 3746 972 3797 eumdem
1025 3749 1241 3799 modum
1296 3746 1405 3802 illic
1442 3764 1657 3818 quoque
1709 3751 2000 3819 genitorem

2116 3745 2175 3798 τὸ
2215 3744 2519 3817 ὁμοούσιον,
2561 3745 2594 3815 ἢ
2634 3746 2727 3798 καὶ
2902 3745 3101 3806 ἄτοπος
3141 3745 3317 3809 ἄλλως
3359 3748 3390 3816 ἡ
3426 3745 3519 3813 τῆς
3554 3740 3659 3810 περὶ

432 3848 498 3885 ac
538 3836 776 3898 genitum
821 3839 1063 3890 eamdem
1128 3846 1375 3892 naturam
1431 3840 1633 3894 habere
1686 3840 2000 3909 signiﬁcant.

2116 3838 2274 3891 τοῦτο
2296 3838 2575 3909 ἐνεργείας
2605 3837 2889 3907 ὑπόληψις.
2931 3838 3091 3909 Ὁρᾷς
3112 3839 3256 3903 ὅπως
3287 3840 3317 3891 ὐ
3327 3838 3461 3909 μῶν,
3489 3836 3571 3889 καὶ
3584 3850 3659 3888 κα-

436 3922 542 3977 Sed
579 3924 649 3977 sit
688 3940 840 3990 sane,
873 3927 925 3981 in
960 3928 1122 3982 vestri
1149 3930 1403 3997 gratiam,
1437 3928 1597 3984 Pater
1643 3932 1893 3985 essentia:
1920 3945 2000 3986 no.

2116 3932 2375 4000 κομαχεῖν
2432 3930 2759 3997 ἐθελόντων,
2818 3930 2919 3993 τὰς
2995 3931 3233 4002 στροφὰς
3290 3930 3656 3998 διαςηεύγομενς

436 4028 601 4067 men:
645 4013 842 4068 Filium
894 4017 1077 4086 utique
1117 4018 1276 4071 simul
1331 4019 1652 4085 introducet,
1702 4036 1805 4075 non
1835 4028 2000 4075 autem

2116 4021 2263 4073 Ἐπεὶ
2318 4020 2375 4073 δέ
2428 4038 2521 4073 σου
2570 4020 2631 4073 τὸ
2685 4022 2742 4073 ὲν
2788 4024 2899 4082 τοῖς
2944 4019 3218 4091 λογισμοῖς
3254 4024 3352 4074 καὶ
3390 4026 3502 4082 ταῖς
3533 4034 3659 4089 στρο-

436 4108 757 4170 rcmovebit,
811 4116 867 4161 et
918 4108 1193 4171 alienabit,
1232 4119 1290 4162 ut
1332 4120 1385 4164 et
1416 4125 1727 4168 communes
1756 4113 2000 4167 notiones

2116 4113 2240 4181 φαῖς
2286 4112 2497 4181 ἄμαχον
2543 4112 2806 4181 ἔγνωμεν,
2841 4112 3037 4181 ἴδωμέν
3078 4130 3172 4164 σου
3211 4112 3307 4165 καὶ
3352 4115 3447 4181 τὴν
3481 4116 3537 4164 ἐκ
3573 4107 3657 4161 τῶν

438 4196 643 4258 iurum,
669 4209 721 4250 et
759 4199 871 4267 ipsa
904 4199 1094 4252 horum
1133 4200 1411 4255 nominum
1442 4205 1524 4255 vis
1553 4218 1615 4257 ac
1651 4202 1893 4257 facultas.
1925 4202 2000 4257 Sit

2116 4198 2266 4252 θείων
2306 4199 2500 4270 λογίων
2539 4200 2713 4272 ἰσχὺν,
2758 4200 2823 4255 ἂν
2853 4201 2959 4255 ᾶοα
2989 4201 3116 4273 δέξῃ
3155 4203 3448 4257 κάντεῦθεν
3478 4200 3652 4254 πείθειν

434 4289 599 4341 etiam
631 4288 877 4348 actionis,
914 4290 957 4342 si
992 4291 1061 4343 ita
1088 4291 1337 4345 videtur:
1383 4308 1480 4347 nec
1510 4292 1589 4346 sic
1629 4294 1843 4362 quidem
1885 4309 2009 4347 can-
2107 4294 2278 4363 ἡμᾶς.

434 4394 550 4432 sam
587 4379 920 4434 obtinebitis.
950 4381 1151 4435 Eodem
1221 4383 1365 4436 enim
1420 4385 1576 4437 modo
1630 4385 1870 4439 dicemus
1905 4386 2005 4439 hoc
2046 4382 2220 4451 ipsum
2246 4383 2421 4451 egisse
2451 4385 2691 4450 Patrem,
2746 4394 2804 4439 ut
2844 4385 3323 4441 consubstantialis
3383 4385 3481 4449 ipsi
3517 4381 3655 4438 Filius

434 4485 616 4539 esset;
646 4477 748 4528 etsi
780 4475 977 4545 alioqui
1011 4477 1345 4531 absurditate
1370 4493 1473 4531 non
1509 4489 1660 4533 caret
1700 4479 2003 4546 hnjusmodi
2047 4477 2279 4531 actionis
2309 4477 2513 4543 opinio.
2579 4478 2813 4532 Videsne
2854 4493 2960 4546 quo
3005 4488 3183 4545 pacto,
3229 4481 3517 4547 quamlibet
3571 4476 3649 4528 int-

434 4574 601 4633 probe
625 4582 687 4619 ac
722 4567 951 4637 maligne
984 4584 1222 4638 pugnare
1277 4570 1589 4638 studentis,
1646 4572 1919 4641 captiones
1980 4581 2158 4625 tamen
2222 4581 2432 4622 vestras
2486 4568 2845 4640 elingiamus?
2900 4571 3163 4635 Quoniam
3205 4582 3381 4624 autem
3435 4570 3652 4623 invictum

428 4661 566 4715 illud
606 4672 752 4715 tuum
800 4662 855 4715 in
926 4665 1427 4720 ratiocinationibus
1472 4674 1525 4720 et
1595 4668 1822 4735 argutiis
1887 4665 2053 4720 robur
2090 4665 2466 4735 cognovimus,
2518 4664 2794 4719 videamus
2844 4664 2955 4732 jam
3007 4681 3167 4733 quam
3224 4666 3329 4718 vim
3383 4667 3432 4719 in
3494 4659 3655 4717 divinis

438 4755 672 4812 oraculis
699 4757 926 4825 positam
957 4758 1175 4825 habeas,
1202 4759 1248 4813 si
1281 4762 1438 4813 modo
1482 4760 1605 4816 hinc
1659 4774 1872 4830 quoque
1915 4760 2069 4814 nobis
2098 4761 2288 4829 dogma
2323 4768 2471 4813 tuum
2505 4759 2828 4825 perSnadere
2856 4775 2957 4812 non
2990 4775 3155 4828 grave
3176 4759 3361 4814 ducas.

716 4849 827 4904 Nos
852 4850 1046 4919 quippe
1119 4867 1184 4906 ex
1224 4853 1434 4922 magnis
1477 4861 1545 4944 θοι
1595 4854 1825 4908 excelsis
1858 4855 2000 4909 voci-

2328 4852 2520 4923 Ἡμεῖς
2553 4852 2650 4923 μὲν
2678 4850 2786 4923 γὰρ
2828 4853 2890 4904 ὲκ
2929 4852 3179 4922 μεγάλων
3207 4852 3299 4904 κα)⁸
3326 4850 3534 4923 ὑψηλῶν
3570 4849 3657 4901 τῶν

438 4946 538 4996 bus
563 4941 686 4996 Filii
719 4943 1058 4996 divinitatem
1096 4946 1458 5012 percepinnts,
1480 4934 1579 4999 'ac
1624 4947 2000 5013 praedicamus.

2116 4944 2327 5015 φωνῶν,
2356 4943 2448 4997 τοῦ
2478 4942 2609 4995 Υίοῢ
2642 4942 2739 5013 τὴν
2770 4942 2997 5013 θεότητα
3028 4943 3120 4995 καὶ
3144 4943 3556 5013 κατειλήφαμεν,
3580 4934 3653 4990 καὶ

435 5033 641 5100 Quibus
673 5034 932 5087 tandem?
962 5032 1058 5088 His
1085 5036 1364 5101 nimirum,
1394 5038 1553 5101 Dens,
1584 5038 1842 5102 Verbum,
1866 5041 2000 5106 quod

2116 5031 2481 5102 κηρύσσομεν.
2519 5031 2690 5083 Τίνων
2728 5030 2932 5084 τούτων
2945 5047 2963 5094 ;
2989 5033 3098 5102 Τῆς
3130 5032 3281 5096 Θεὸς,
3311 5034 3407 5103 τῆς
3441 5032 3606 5096 Λόγος,
3630 5025 3656 5076 δ

436 5126 490 5179 in
525 5125 789 5194 principio
822 5134 959 5185 erat.
1000 5136 1048 5179 et
1091 5140 1211 5179 cum
1242 5128 1527 5195 principio,
1557 5137 1610 5182 et
1646 5131 2000 5199 principium:

2116 5125 2169 5175 ἐν
2198 5124 2360 5194 ἀρχῇ·
2395 5125 2423 5178 ὁ
2459 5122 2597 5191 μετὰ
2626 5122 2720 5192 τῆς
2748 5122 2941 5192 ἀρχῆς,
2972 5124 3003 5193 ἡ
3040 5122 3212 5193 ἀρχή·
3249 5123 3352 5175 Ἔν
3372 5118 3517 5191 ἀρχῇ
3543 5115 3656 5188 7ird

437 5224 498 5269 ιιι
531 5216 584 5269 in
621 5216 705 5269 his
737 5215 901 5269 locis:
942 5214 1008 5269 In
1033 5215 1289 5284 principio
1324 5226 1435 5270 erat
1498 5217 1740 5283 Verbum,
1793 5229 1842 5273 et
1890 5218 2000 5272 Ver-

2116 5214 2323 5282 Λόγος,
2354 5213 2451 5267 καὶ
2476 5216 2509 5266 ό
2545 5213 2735 5282 Λόγος
2774 5208 2853 5280 ἦν
2890 5212 3038 5279 πρὸς
3070 5211 3174 5265 τὸν
3214 5213 3385 5277 Θεὸν,
3413 5212 3501 5263 καὶ
3537 5205 3652 5263 Θεὸς

435 5310 556 5365 bum
587 5318 698 5363 erat
728 5311 867 5379 apud
908 5308 1089 5375 Deum,
1122 5319 1168 5362 et
1227 5308 1362 5362 Deus
1397 5322 1508 5363 erat
1564 5310 1785 5364 Verbum
1824 5313 1838 5342 ¹
1887 5327 1903 5377 ;
1936 5321 2000 5378 et,

2116 5300 2190 5374 ἦν
2224 5307 2256 5359 ὀ
2285 5305 2475 5373 Λόγος
2498 5319 2512 5333 °
2555 5302 2670 5365 καὶ,
2702 5303 2864 5357 Μετὰ
2907 5301 3024 5355 σοῦ
3057 5303 3095 5370 ἡ
3128 5301 3283 5373 ἀρχή
3306 5319 3320 5332 ’
3354 5302 3461 5367 καὶ,
3499 5299 3545 5353 ’0
3574 5312 3653 5349 κα-

438 5400 629 5454 Tecum
663 5399 977 5469 principium
1035 5400 1092 5469 ';
1123 5409 1200 5468 et,
1241 5401 1343 5467 Qui
1378 5412 1520 5455 vocat
1577 5418 1689 5456 eam
1723 5420 1754 5456 a
1796 5419 2000 5473 genera-

2116 5395 2237 5450 λῶν
2264 5395 2461 5464 αὐτὴν
2486 5394 2601 5449 ἀπὸ
2640 5393 2862 5464 γενεῶν
2885 5392 3099 5463 ἀρχήν.
3304 5392 3509 5462 Ἐπειδὴ
3548 5386 3650 5446 Υἱὸς

438 5491 666 5549 tionibus
692 5491 1007 5557 principium
1052 5486 1093 5545 ³.
1119 5492 1198 5546 Ad
1240 5493 1352 5547 hmc
1382 5491 1553 5547 Filius
1599 5494 1907 5563 unigenitns
1932 5494 2000 5546 di-

2116 5485 2430 5557 μονογενὴς,
2480 5485 2541 5538 '0
2559 5482 2898 5555 μονογενὴς
2930 5483 3081 5548 Υἱὸς,
3113 5485 3144 5536 o'
3172 5480 3257 5535 ὢν
3285 5486 3373 5550 εὶς
3408 5481 3506 5534 τὸν
3536 5478 3650 5530 κόλ-

433 5584 611 5637 citur:
647 5580 955 5650 Unigenitus
981 5581 1179 5651 Filius,
1205 5585 1293 5654 qui
1324 5596 1397 5638 est
1439 5585 1493 5638 in
1527 5585 1647 5638 simt
1684 5583 1880 5651 Patris,
1906 5587 2000 5651 ipsi

2116 5596 2231 5633 πον
2272 5578 2376 5633 τοῦ
2406 5579 2654 5645 Πατρός,
2685 5577 2917 5641 ἐκεῖνος
2940 5573 3301 5644 ἐξηγήσατο.
3334 5571 3491 5636 Ὁδὸς,
3523 5566 3648 5636 Ἀλήο

433 5674 700 5729 enarravit
757 5671 797 5728 ⁸.
830 5673 949 5741 Via,
984 5673 1221 5743 Veritas,
1248 5675 1389 5742 Vita,
1422 5678 1572 5734 Lux:
1614 5677 1723 5745 Ego
1769 5694 1883 5731 sum
1909 5677 2000 5732 via.

2116 5670 2251 5733 θεια,
2297 5671 2440 5742 Ζωὴ,
2480 5670 2637 5733 Φῶς⁹
2686 5668 2833 5734 Ἐγώ
2876 5669 2989 5736 εἰμι
3031 5666 3069 5735 ἡ
3118 5664 3278 5733 όδὸς,
3331 5664 3425 5721 καὶ
3467 5662 3502 5729 ὴ
3528 5654 3645 5721 ἀλῆ·

1968 5843 1985 5869 ⁸
2018 5842 2173 5896 Joan.
2219 5854 2254 5905 ι,
2299 5839 2385 5894 18.

534 5838 550 5869 ⁸
580 5836 739 5895 Joan.
792 5841 911 5905 1,1.
990 5842 1009 5871 ⁸
1042 5842 1185 5897 PSul.
1227 5858 1335 5910 cn,
1379 5841 1432 5897 ‘5.
1511 5843 1528 5873 ³
1561 5841 1663 5897 lsa.
1698 5857 1805 5907 xu,
1837 5842 1887 5917 ι.
