3860 6614
125 433 249 495 573
1132 434 1512 497 PANOPLIA
1547 436 1759 497 DUGM

1870 440 2009 500 lCA.
2039 465 2110 479 --
2151 440 2299 504 ΤΙΤ.
2336 441 2447 506 XI.
3325 439 3438 504 574

135 565 326 626 θεια,
382 560 477 615 καὶ
504 560 543 629 ἠ
591 558 732 628 ζωή·
782 557 894 624 καὶ,
940 560 1082 628 Ἐγώ
1113 560 1230 628 ειμι
1260 560 1325 612 τὸ
1350 560 1477 629 φῶς
1514 562 1621 616 τοῦ
1651 564 1748 616 κό-

1862 571 2045 624 veritas
2074 578 2121 624 et
2153 571 2256 622 vita
2300 573 2315 602 ¹
2350 586 2366 634 ;
2400 578 2473 632 et,
2508 566 2617 637 Ego
2640 586 2754 638 sum
2777 570 2878 622 tua:
2908 568 3089 622 mundi
3135 572 3177 621 ’.
3205 566 3435 636 Sapien-

130 672 351 723 σμου.
388 652 574 721 Σοφία,
602 651 840 718 Δύναμις
861 667 874 679 ·
905 650 1158 718 Χριστὸς
1183 648 1331 703 Θεοῦ
1356 650 1627 720 δύναμις,
1658 653 1753 707 καὶ

1862 662 1951 728 tia,
1978 662 2218 717 Potentia
2238 678 2253 725 ;
2275 660 2515 714 Christus
2537 660 2629 714 Dei
2644 663 2873 729 polentia
2895 670 2942 713 et
2974 660 3065 713 Dei
3086 661 3339 727 sapientia
3392 656 3434 711 ³.

132 746 313 799 Θεοῦ
340 745 546 813 σοφία.
588 742 972 812 ’Δπαύγασμα,
1005 742 1325 813 Χαρακτὴρ,
1350 741 1544 808 Εἰκὼν,
1574 745 1754 814 Σφρα-

1862 756 2150 825 Splendor,
2215 755 2539 819 Character,
2576 754 2777 821 Imago,
2818 754 3091 823 Sigillum,
3150 763 3206 804 ut
3262 752 3312 803 in
3351 750 3433 802 his

128 838 265 905 γίςο
332 840 433 902 Ὃς
475 834 561 888 ὢν
620 834 987 903 ἀπαύγασμα
1038 832 1150 901 τῆς
1194 832 1408 902 δόξηςο
1469 835 1584 901 καὶ,
1640 838 1754 889 Χα-

1862 848 2077 903 verbis:
2115 847 2357 912 Quicum
2392 847 2458 899 sit
2507 846 2754 914 splendor
2798 846 2981 915 gloria:
3045 845 3065 873 ⁵
3103 864 3116 908 ;
3175 855 3251 906 et,
3294 840 3435 896 Cha-

123 930 395 999 ρακτὴρ
440 926 553 995 τῆς
582 925 976 991 ὑποστάσεως
1020 924 1241 979 αὐτοῦ’
1282 927 1395 989 καὶ,
1420 925 1614 980 Εἱκὼν
1641 925 1752 996 τῆς

1862 948 2031 990 racter
2077 936 2383 990 substantia:
2420 936 2587 1005 ipsius
2627 939 2646 969 ⁸
2683 953 2698 1003 ;
2750 945 2829 998 et,
2867 933 3047 1003 Imago
3082 932 3325 986 bonitatis
3357 935 3377 964 '
3416 946 3431 996 ;

132 1023 565 1090 (iraadtntoc'
622 1018 734 1085 καὶ,
772 1019 992 1072 Τοῦτον
1034 1016 1143 1089 γὰρ
1176 1020 1209 1071 ό
1244 1018 1446 1087 Πατὴρ
1467 1018 1751 1090 ἐσφράγιο

1862 1036 1912 1082 et
1960 1028 2065 1081 alio
2092 1026 2241 1082 loco:
2275 1027 2436 1093 Quem
2481 1026 2649 1080 Pater
2701 1026 2922 1094 signavit
2985 1023 3125 1078 Deus
3176 1022 3220 1077 τ.
3257 1022 3427 1074 Domi-

132 1129 263 1166 σεν
297 1116 339 1167 ὀ
371 1113 537 1176 Θεός.
577 1110 802 1181 Κύριος,
836 1109 1119 1177 Βασιλεὺς,
1160 1111 1187 1165 ό
1224 1110 1339 1171 Ὧν,
1372 1111 1399 1164 ὁ
1435 1110 1752 1182 Παποκράο

1862 1135 1986 1185 nus,
2016 1121 2152 1183 Rex,
2181 1120 2308 1183 Ens,
2339 1118 2694 1189 Omnipotens
2725 1135 2741 1170 ε
2784 1116 2931 1169 l’luit
3184 1114 3424 1165 Dominus

128 1222 256 1276 τωρ
278 1221 293 1233 °
333 1201 575 1270 Ἕόρεξε
590 1203 803 1270 Κύριος
831 1201 951 1269 πῦρ
984 1200 1144 1269 παρὰ
1174 1201 1396 1269 Κυρίου
1415 1217 1429 1231 ⁸
1466 1202 1579 1269 καί,
1626 1194 1750 1258 Ῥά-

1862 1211 2032 1280 ignem
2062 1230 2091 1265 a
2121 1211 2342 1265 Domino
2382 1220 2402 1249 ⁸
2428 1229 2446 1280 ;
2477 1223 2552 1279 et,
2588 1209 2749 1282 Virga
2795 1208 3097 1262 directionis
3124 1206 3266 1273 virga
3284 1208 3426 1273 regni

133 1297 295 1361 ἕδος
338 1294 688 1361 εὐθύτητος,
729 1294 769 1359 ἡ
809 1291 1032 1361 ῥάϐδος
1073 1290 1185 1361 τῆς
1213 1291 1540 1357 βασιλείας
1585 1308 1703 1347 σου
1730 1310 1744 1323 ⁸

1862 1303 1941 1357 tui
1977 1304 1997 1335 '
2051 1312 2126 1368 et,
2161 1301 2263 1367 Qui
2289 1313 2422 1368 erat,
2443 1296 2531 1374 qui
2556 1313 2655 1367 est,
2680 1313 2726 1358 et
2756 1303 2846 1373 qui
2898 1310 3140 1355 venturus
3169 1307 3240 1350 est
3266 1299 3435 1349 omni-

138 1387 244 1440 καὶ
265 1426 283 1449 ,
337 1385 405 1438 '0
434 1382 537 1448 ὢν,
564 1382 662 1435 καὶ
697 1385 729 1436 ό
752 1377 848 1452 ἦν,
876 1382 970 1435 καὶ
998 1383 1030 1434 ό
1054 1382 1395 1451 ἐρχόμενος,
1426 1380 1525 1435 καὶ
1549 1386 1581 1436 ό
1600 1397 1743 1436 παν-

141 1476 494 1545 τοκράτωρ.
557 1473 752 1542 Σαφῶς
816 1472 944 1544 περὶ
1002 1472 1096 1525 τοῦ
1166 1470 1293 1526 Υἱοῦ
1325 1471 1614 1544 λεγόμενα,
1655 1474 1749 1528 καὶ

146 1564 256 1616 ὅσα
292 1567 399 1631 τῆς
430 1564 599 1633 αὐτῆς
628 1565 835 1627 τούτοις
869 1566 986 1617 ἐστὶ
1011 1567 1312 1636 δυνάμεως,
1353 1562 1428 1622 ὧν
1460 1569 1609 1622 οὐδὲν
1637 1570 1757 1622 ὲπι-

146 1673 390 1725 κτητον,
434 1656 554 1709 οὐδὲ
589 1656 813 1728 ὕστερον
855 1656 933 1728 τῷ
966 1656 1080 1726 Υἱῷ
1121 1661 1574 1731 προσγενόμενον,
1617 1660 1759 1732 ἢτῷ

148 1736 476 1816 Ιινεύμαῖτι,
523 1746 710 1819 ὥσπερ
758 1748 878 1801 οὐδὲ
919 1747 1067 1818 αύτῷ
1099 1747 1178 1819 τῷ
1215 1749 1417 1820 Πατρίο
1461 1750 1521 1804 ού
1552 1750 1660 1820 γὰρ
1694 1752 1759 1803 ὲκ

152 1837 499 1908 προσθήκης
536 1838 598 1891 τὸ
625 1838 851 1893 τέλειον.
1023 1838 1097 1892 Οὐ
1135 1839 1243 1909 γὰρ
1289 1835 1377 1910 ἦν,
1417 1840 1505 1892 ὅτε
1559 1839 1757 1908 ἄλογος

1860 1402 2040 1461 potens
2070 1392 2157 1447 ille
2193 1392 2256 1447 ¹⁰.
2288 1395 2418 1461 Qua:
2440 1396 2722 1463 perspicue
2746 1396 2810 1449 de
2834 1392 2972 1447 Filio
2990 1393 3264 1453 dicuntur,
3294 1390 3435 1442 sicut

1862 1494 1918 1542 et
1940 1484 2045 1539 alia
2070 1485 2245 1555 plura,
2303 1502 2423 1556 quae
2466 1492 2712 1543 eamdem
2771 1488 2878 1542 vim
2930 1486 3152 1546 habent,
3207 1494 3436 1551 quorum

1866 1572 2000 1625 nihil
2043 1573 2337 1627 ascititium
2363 1582 2466 1637 est,
2506 1587 2604 1626 nec
2652 1571 2810 1635 Filio,
2863 1584 2955 1627 aut
2989 1572 3214 1641 Spiritui
3247 1581 3433 1627 sancto

1858 1665 2131 1730 posterius
2158 1663 2413 1729 accessit,
2444 1663 2897 1733 quemadmodum
2925 1679 3021 1718 nec
3050 1664 3216 1717 Patri.
3248 1662 3433 1732 Neque

1861 1755 2004 1807 enim
2038 1770 2105 1809 ex
2153 1756 2467 1809 accessione
2509 1754 2769 1824 perfectio
2810 1755 2938 1823 ipsis
2984 1765 3293 1824 comparata
3326 1765 3431 1808 est.

1859 1842 1974 1897 Non
2005 1845 2149 1898 enim
2212 1844 2377 1899 Pater
2408 1845 2569 1899 Verbi
2630 1861 2870 1914 unquam
2917 1861 3112 1914 expers
3149 1845 3282 1909 fuit;
3335 1860 3435 1901 nec

147 1922 222 1998 ἦν
240 1944 256 1958 ο
291 1930 424 1982 οὐδὲ
451 1925 539 2000 ἦν,
573 1931 660 1983 ὅτε
692 1932 751 1983 ού
777 1930 968 2001 Πατήρ
987 1945 1001 1960 ο
1029 1929 1151 1983 οὐδὲ
1176 1926 1263 2001 ἦν,
1294 1909 1381 1983 ὅτε
1406 1931 1506 1984 οὐκ
1531 1929 1757 2002 ἀληθὴς,

1862 1943 2095 1997 unquam
2133 1927 2231 1984 fuit
2261 1931 2390 1997 quin
2423 1930 2582 1985 Pater
2607 1909 2787 1998 esset;
2818 1948 2918 1987 nec
2949 1909 3179 2002 denique
3198 1949 3431 2003 unquam

152 2016 185 2084 ἦ
229 2017 470 2084 ἆσοςος,
502 2017 837 2088 ἢάδυνατος,
877 2018 910 2089 ἢ
942 2019 1089 2089 ζωῆς
1120 2020 1324 2089 ἐνδεὴς,
1365 2018 1398 2091 ἢ
1440 2018 1759 2090 λαμπρότη-

150 2122 270 2171 τος,
315 2106 350 2177 ἢ
378 2106 743 2178 ἀγαθότητος.

372 2197 449 2249 Σὺ
473 2197 531 2249 δέ
551 2215 637 2267 μοι
658 2196 984 2269 καταρίθμει
1008 2197 1144 2268 πρὸς
1163 2195 1354 2261 ταῦτα,
1377 2196 1447 2251 τὰ
1466 2197 1566 2269 τῆς
1586 2197 1761 2268 ἀγνω-

158 2284 419 2356 μοσύνης
579 2289 818 2358 ῥήματα,
840 2288 919 2353 τὸ,
940 2288 1073 2352 Θεός
1101 2305 1223 2355 μου,
1242 2290 1336 2343 καὶ
1358 2288 1488 2353 Θεὸς
1512 2290 1760 2361 ύμῶν.τδ

161 2378 403 2446 μείζων,
428 2377 486 2430 τὸ
526 2377 725 2445 ἔκτισε,
755 2379 815 2431 τὸ
831 2379 1072 2450 ἐποίησε,
1096 2379 1158 2431 τὸ
1188 2379 1435 2450 ἡγίασεν.
1476 2381 1541 2433 El
1575 2379 1757 2450 βούλει

155 2468 233 2533 δὲ,
272 2470 375 2521 καὶ
400 2469 463 2520 τὸ
482 2469 685 2534 δοῦλον,
712 2470 808 2522 καὶ
834 2468 896 2522 τὸ
921 2470 1157 2540 ὑπήκοον
1174 2486 1189 2501 ο
1213 2469 1274 2523 τὸ
1296 2469 1514 2538 δέδωκε,
1544 2470 1604 2524 τὸ
1628 2471 1762 2542 ἔμα-

160 2561 243 2618 θε.
279 2562 346 2614 τὸ
383 2561 696 2615 ἐντέταλται
749 2598 765 2625 ,
907 2562 967 2615 τὸ
1000 2562 1357 2626 ἀπέσταλται,
1400 2564 1460 2619 τὸ
1489 2564 1564 2636 μὴ
1599 2565 1761 2620 δύνα-

160 2652 291 2705 σθαι
315 2654 419 2722 ἀφ’
444 2653 639 2706 ἑαυτοῦ
673 2671 723 2707 τι
749 2654 1006 2725 ποιεῖν,,ἢ
1044 2653 1241 2722 λέγειν,
1272 2654 1304 2725 ἢ
1336 2657 1562 2723 κρίνειν,
1598 2656 1630 2726 ἢ
1658 2658 1761 2710 But--

166 2744 415 2816 ρείσθαι,
472 2746 506 2815 ἢ
565 2744 869 2815 βούλεσθαι.
946 2747 1067 2798 Ἔτι
1128 2746 1185 2799 δὲ
1243 2747 1335 2799 καὶ
1401 2747 1604 2800 ταῦτα·
1660 2748 1760 2813 τὴν

162 2837 420 2904 ἄγνοιαν,
451 2837 548 2907 τὴν
568 2838 865 2909 ὑποταγὴν,
888 2837 986 2907 τὴν
1016 2837 1200 2909 εὐχὴν,
1226 2840 1324 2908 τὴν
1351 2839 1638 2909 ἐρώτησιν,
1662 2842 1759 2911 τὴν

164 2925 481 2997 προκοπὴν,
534 2926 634 2996 τὴν
683 2926 980 2981 τελείωσιν.
1032 2927 1297 2997 Πρόσθες,
1329 2929 1378 2980 εἰ
1424 2928 1621 2998 βούλει,
1661 2930 1758 2982 καὶ

164 3018 263 3070 ὅσα
297 3017 515 3072 τούτων
552 3018 928 3089 ταπεινότερα,
971 3018 1033 3072 τὸ
1074 3017 1296 3084 ὑπνοῦν,
1343 3018 1406 3071 τὸ
1457 3023 1667 3091 πεινῇν,
1698 3021 1760 3073 τὸ

167 3113 396 3180 κυπιᾷν,
424 3110 484 3163 τὸ
504 3109 783 3180 δακρύειν,
812 3111 874 3163 τὸ
897 3110 1136 3180 ἀγωνιᾷν
1167 3146 1181 3169 ,
1322 3109 1383 3163 τὸ
1412 3109 1757 3164 ὑποδύεσθαι.

168 3200 324 3269 Τάχα
361 3200 409 3251 δ’
437 3199 503 3253 ἂν
533 3201 818 3263 ὁνειδίσαις
836 3200 932 3253 καὶ
960 3200 1052 3253 τὸν
1078 3201 1329 3274 σταυρὸν,
1359 3202 1560 3255 καὶτὸν
1589 3201 1760 3257 θάνα-

167 3253 284 3344 τονῒ
312 3292 437 3361 Τὴν
473 3290 581 3362 γὰρ
622 3253 860 3363 ἔγερσιν,
900 3291 994 3346 καὶ
1028 3292 1127 3363 τὴν
1174 3253 1450 3363 metu},th
1485 3253 1761 3364 παράπιν
1786 3253 1827 3308 C

174 3399 261 3451 μοι
292 3383 501 3448 δοκεῖς,
524 3383 706 3453 ἐπειδή
736 3400 788 3435 τι
818 3382 1073 3453 καὶπρὸς
1104 3382 1261 3453 ἡμῶν
1290 3384 1349 3436 ὲν
1373 3383 1584 3447 τούτοις
1615 3385 1762 3455 εὑρί-

172 3491 393 3528 σκεται.
432 3474 609 3531 Πολλὰ
641 3475 685 3528 δ’
719 3474 784 3528 ἂν
823 3475 902 3528 ἔτι
952 3476 1088 3547 πρὸς
1121 3475 1332 3538 τούτοις
1381 3475 1760 3548 σπερμολογήο

176 3583 313 3631 σαις,
364 3567 415 3618 εἰ
450 3565 657 3635 βούλοιο
694 3565 998 3619 συντιθέναι
1046 3565 1138 3619 τὸν
1191 3564 1475 3635 ὁμώνυμόν
1679 3578 1763 3616 σοι

174 3657 302 3710 Θεὸν
337 3658 438 3711 καὶ
468 3658 913 3729 παρέγγραπτον,
943 3659 1075 3727 ἡμῖν
1116 3656 1173 3709 δὲ
1207 3656 1480 3726 ἀληθινὸν,
1513 3657 1609 3711 καὶ
1630 3656 1761 3727 ὀμό-

174 3766 332 3820 τιμον
394 3748 473 3818 τῷ
518 3748 712 3819 Πατρί.
882 3747 1099 3801 Τούτων
1122 3745 1232 3818 γὰρ
1410 3747 1661 3813 ἕκαστον,
1696 3747 1758 3800 ού

176 3842 417 3912 χαλεπὸν
447 3842 566 3911 μὲν,
601 3841 695 3894 καὶ
737 3839 881 3893 κατὰ
923 3839 1090 3910 μέρος
1132 3838 1417 3907 ἐπεξιόντα
1450 3838 1761 3911 ἐξηγεῖσθαι

180 3949 257 3985 σοι
311 3932 457 4002 πρὸς
494 3932 556 3984 τὺ
602 3931 1010 3996 εὐσεϐέστατον,
1055 3930 1149 3987 καὶ
1188 3930 1575 4001 ἀνακαθαίρειν
1616 3930 1678 3983 τὸ
1703 3931 1761 3983 ὲν

178 4025 286 4088 τοῖς
338 4024 633 4093 γράμμασι
691 4023 1044 4094 πρόσκομμα,
1087 4020 1141 4073 εἴ
1168 4037 1232 4089 γε
1278 4021 1639 4089 προσπταίεις
1672 4021 1759 4075 όν-

181 4131 301 4178 τως,
331 4115 473 4167 ἀλλὰ
497 4114 571 4185 μὴ
609 4111 749 4169 ἑκὼν
779 4116 1127 4183 κακουργεῖς.
1159 4113 1270 4166 Ἑνὶ
1290 4113 1346 4166 δὲ
1371 4112 1670 4183 κεφαλαίῳ,
1692 4113 1761 4166 τὰ

186 4207 278 4275 μὲν
320 4204 630 4276 ὑψηλότερα
662 4205 906 4275 πρόσαγε
936 4206 1003 4275 τῇ
1040 4203 1275 4273 θεότητι,
1304 4203 1398 4256 καὶ
1424 4206 1491 4274 τῇ
1516 4203 1762 4274 κρεεττο-

184 4314 231 4350 νι
260 4300 425 4365 φύσει
463 4295 652 4349 παθῶν
681 4296 774 4349 καὶ
803 4294 1055 4365 σώματος
1078 4310 1091 4324 ·
1122 4294 1190 4347 τὰ
1215 4293 1272 4347 δὲ
1299 4293 1657 4362 ταπεινότερα
1688 4291 1765 4363 τῷ

187 4391 446 4459 συνθέτῳ,
488 4390 580 4441 καὶ
608 4387 684 4458 τῷ
712 4386 801 4440 διὰ
835 4386 895 4440 σὲ
936 4385 1222 4440 κενωθέντι
1264 4384 1358 4438 καὶ
1398 4381 1755 4453 σαρκωθέντι,

187 4482 332 4534 οὐδὲν
376 4480 435 4533 δὲ
466 4484 646 4551 χεῖρον
674 4482 869 4544 εἰπεῖν,
902 4480 996 4532 καὶ
1029 4476 1479 4549 ἁνθρωπισθέντι,
1507 4471 1625 4529 εἶτα
1661 4478 1757 4530 καὶ

1866 4469 2127 4523 industria
2155 4480 2365 4536 peccas.
2404 4464 2470 4520 Ut
2525 4474 2703 4521 autem

1858 2022 2108 2088 veritate,
2149 2022 2437 2090 sapientia,
2466 2025 2688 2089 viribus,
2713 2024 2845 2090 vita,
2878 2024 3185 2093 splendore,
3216 2035 3307 2079 aut
3336 2025 3433 2079 bo-

1859 2110 2030 2166 nitate
2052 2113 2248 2167 caruit.

2145 2205 2223 2259 Tu
2273 2206 2403 2261 mihi
2458 2216 2674 2269 contra.
2723 2206 2844 2262 illas
2897 2207 3095 2277 ingrati
3142 2206 3307 2261 animi
3355 2207 3431 2260 tul

1859 2311 2025 2351 voces
2058 2311 2339 2362 enumera,
2367 2299 2466 2352 has
2517 2299 2802 2353 videlicet:
2837 2299 2974 2355 Deus
3015 2314 3167 2353 meus
3197 2308 3252 2352 et
3291 2300 3433 2354 Deus

1860 2395 2038 2440 vester
2079 2386 2141 2449 ”,
2180 2384 2352 2454 major
2386 2388 2448 2448 ".
2486 2389 2693 2441 creavit
2720 2390 2787 2453 ¹³,
2847 2389 2977 2444 fecit
3020 2392 3080 2454 ιι,
3126 2387 3433 2442 sanctiﬁca-

1860 2478 1935 2530 v-it
1960 2479 2001 2511 ¹¹
2022 2494 2036 2543 ;
2057 2492 2272 2532 servum
2304 2482 2347 2514 η
2397 2477 2580 2540 etiam,
2605 2478 2648 2532 si
2669 2478 2738 2531 ita
2759 2477 2925 2542 lubet,
2944 2488 2998 2533 et
3018 2479 3360 2533 obedientem
3391 2476 3429 2506 "

1861 2566 2123 2638 adiunge;
2174 2579 2337 2637 atque
2387 2569 2504 2625 hac
2536 2570 2726 2632 etiam,
2811 2570 2960 2624 dedit
3011 2572 3075 2633 ⁸⁸,
3132 2568 3320 2623 didicit
3367 2568 3429 2626 ".

1861 2658 2171 2710 mandatum
2200 2667 2286 2711 est
2309 2660 2381 2721 '°,
2421 2658 2618 2713 missus
2647 2670 2734 2713 est
2754 2658 2791 2689 "
2835 2677 2849 2715 :
2900 2658 3028 2713 illud
3074 2660 3264 2721 etiam.
3290 2657 3431 2727 quod

1865 2761 1892 2799 a
1918 2747 2095 2814 seipse
2124 2746 2414 2816 quidquam
2453 2746 2636 2801 facere
2666 2762 2771 2801 non
2803 2748 2971 2817 possit
3002 2751 3047 2780 “
3081 2758 3172 2802 aut
3196 2748 3339 2817 loqui
3364 2754 3432 2811 ",

1863 2845 1957 2891 aut
2009 2838 2259 2905 judicare
2300 2837 2373 2904 κ,
2410 2847 2503 2891 aut
2536 2838 2744 2892 donare
2768 2837 2813 2867 “
2839 2877 2856 2903 ,
2908 2845 3001 2891 aut
3023 2837 3158 2891 velle
3204 2833 3270 2888 “.
3316 2834 3433 2890 Huc

1861 2929 1997 2983 adde
2025 2929 2437 2998 ignorationem,
2474 2928 2893 2997 subiectionem,
2927 2942 3167 2996 precem,
3202 2910 3435 2982 interro.

1860 3021 2150 3088 gationem,
2175 3020 2499 3089 profectum,
2523 3019 3068 3074 consummationem.
3088 3017 3438 3083 Addeetiam,

1858 3112 1903 3164 si
1934 3110 2006 3163 ita
2036 3110 2232 3178 placet,
2274 3126 2395 3178 qua:
2426 3110 2511 3164 his
2558 3110 2737 3164 adhuc
2793 3107 3087 3175 abjectiora
3113 3116 3233 3162 sunt
3263 3123 3277 3159 :
3309 3106 3438 3162 Dor-

1860 3202 1996 3256 mire
2030 3202 2093 3265 ²⁷,
2118 3203 2329 3257 esurire
2357 3207 2423 3266 ",
2461 3201 2675 3271 fatigari
2708 3200 2774 3267 ",
2809 3200 3100 3271 lacrymari
3147 3200 3210 3263 ",
3243 3200 3440 3256 mortis

1859 3305 2058 3359 pavore
2113 3290 2251 3346 allici
2298 3293 2373 3357 δ’,
2430 3306 2495 3345 ac
2520 3290 2731 3358 deiecto
2785 3292 2967 3345 animo
2996 3305 3136 3346 esse.
3180 3287 3438 3346 Fortasse

1859 3381 2018 3435 etiam
2045 3382 2224 3450 probri
2254 3396 2416 3437 causa
2446 3397 2661 3438 erucem
2690 3396 2904 3451 quoque
2929 3382 3100 3449 ipsam
3126 3392 3179 3436 et
3208 3392 3435 3436 mortem

1858 3471 2106 3540 objicies.
2170 3471 2651 3527 Resurrectiouem
2694 3473 2862 3534 enim.
2914 3472 3192 3542 ipsiusque
3229 3472 3280 3525 in
3319 3486 3435 3526 cte-

1858 3561 1968 3616 lum
2022 3564 2421 3627 ascensionem,
2485 3562 2733 3618 consulto
2782 3563 2911 3617 mihi
2972 3563 3436 3632 praetermissurus

1859 3653 2128 3707 videris:
2176 3654 2430 3722 quoniam
2460 3654 2516 3708 in
2567 3655 2652 3708 his
2701 3653 3001 3722 quidpiam,
3063 3655 3204 3721 quod
3258 3666 3438 3707 causa

1860 3752 2058 3796 nostra:
2082 3742 2282 3809 faveat,
2346 3744 2630 3811 reperitur.
2679 3743 2841 3797 Multa
2891 3744 3054 3795 etiam
3098 3742 3203 3796 alia
3234 3757 3435 3813 conge-

1862 3848 1981 3887 rere
2018 3847 2207 3902 queas,
2248 3834 2293 3888 si
2316 3848 2641 3902 componere
2673 3833 2805 3886 velis
2829 3832 2964 3902 aequi
2976 3847 3163 3886 vocum
3192 3832 3340 3886 illum
3367 3833 3436 3886 de

1859 3931 1948 3976 tua
1980 3924 2253 3976 sententia
2281 3932 2334 3975 et
2363 3921 2722 3990 ascriptitium
2762 3922 2951 3985 Deum,
3002 3928 3059 3973 ut
3102 3928 3280 3974 autem
3324 3920 3428 3988 ipsi

1868 4010 2182 4072 statuimus,
2215 4025 2424 4076 verum,
2457 4009 2716 4078 Patrique
2755 4011 2961 4064 honore
3000 4008 3283 4077 aequalem.
3326 4008 3436 4063 ιιο-

1861 4117 1979 4155 rum
2011 4100 2156 4155 enim
2186 4102 2613 4171 unumquodque
2642 4101 2922 4169 sigillatim
2946 4100 3219 4169 persequi,
3244 4100 3438 4168 pioque

1865 4208 2024 4248 sensu
2048 4191 2324 4259 explicare
2372 4192 2596 4246 minime
2640 4190 2855 4245 diiIicile
2886 4200 2987 4255 est,
3017 4201 3177 4259 atque
3214 4189 3438 4244 ol'l’endi-

1869 4282 2048 4336 culum
2084 4282 2239 4346 illud,
2275 4282 2417 4352 quod
2448 4283 2502 4337 in
2550 4282 2748 4337 litteris
2778 4282 3018 4346 exsistit,
3067 4296 3359 4351 repurgare
3382 4291 3439 4337 et

1862 4376 2126 4437 eximere.
2162 4375 2207 4429 si
2240 4374 2399 4428 modo
2433 4389 2558 4428 vere
2598 4373 2852 4441 oll‘endis,
2895 4388 2959 4427 ac
2988 4389 3094 4428 non
3156 4374 3340 4444 potius
3371 4374 3443 4427 de

2960 4479 3075 4519 rem
3122 4465 3440 4525 summatim

189 4571 471 4640 ύψωθέντι,
503 4574 589 4625 ἵνα
623 4574 687 4626 σὺ
710 4571 770 4623 τὸ
797 4571 903 4624 τῶν
928 4571 1211 4641 δογμάτων
1252 4585 1345 4620 σου
1374 4566 1633 4637 σαρκικδν
1662 4568 1759 4620 καὶ

1867 4558 2203 4619 contraham,
2240 4557 2341 4610 hoc
2383 4556 2473 4609 tibi
2514 4555 2822 4610 faciendum
2858 4563 2961 4617 est,
2998 4563 3059 4608 ut
3094 4554 3441 4610 sublimiora

190 4665 472 4735 χαμερπὲς
647 4663 974 4727 καταλύσας,
1016 4662 1197 4735 μάθῃς
1230 4659 1561 4729 ὑψηλότερος
1606 4654 1765 4724 εἶναι,

192 4757 277 4809 καί
298 4755 607 4809 ωνανιέναι
636 4753 869 4825 θεότητι,
893 4755 986 4807 καὶ
1015 4753 1089 4823 μὴ
1121 4755 1233 4815 τοῖς
1256 4750 1554 4821 ὁρωμένοις
1577 4749 1771 4801 ὲναπο-

194 4847 391 4917 μένοις,
437 4848 572 4901 ἀλλὰ
613 4846 913 4920 συνεπαίρῃ
959 4848 1070 4909 τοῖς
1108 4844 1440 4914 νοουμένοις,
1471 4841 1566 4895 καὶ
1606 4838 1767 4910 γινὼο

194 4953 319 5009 σκῃς
353 4981 369 5004 ,
516 4939 599 5002 τίς
631 4939 730 5009 μὲν
764 4937 978 5007 φύσεως

195 5028 519 5098 οἰκονομίας.

1866 4662 2027 4702 voces
2062 4647 2355 4711 divinitati,
2393 4661 2459 4699 ac
2486 4646 2562 4699 illi
2605 4655 2837 4708 natura},
2866 4644 3202 4712 passionibus
3242 4653 3437 4697 etcor.

1874 4753 2002 4808 pore
2032 4736 2419 4805 przestautiori,
2457 4735 2719 4789 attribuas
2750 4751 2765 4789 :
2792 4733 3105 4787 humiliores
3126 4747 3273 4798 vero,
3289 4746 3441 4786 com.

1875 4829 2069 4898 posito,
2099 4837 2154 4882 et
2184 4837 2274 4880 tua
2330 4839 2494 4880 causa
2548 4825 2754 4878 iuanito
2789 4833 2953 4891 atque
2976 4822 3278 4889 incarnato,
3330 4821 3443 4876 imo

1146 4912 1323 5005 λόγος,
1375 4932 1459 4997 τίς
1511 4931 1569 4985 δὲ
1611 4931 1759 5000 λόγος

1873 4921 2036 4974 etiam
2095 4918 2227 4990 (non
2259 4917 2613 4991 enimpninus
2647 4914 2927 4969 commode
2971 4915 3073 4968 hoc
3119 4928 3148 4967 a
3183 4928 3269 4968 me
3293 4912 3439 4968 diee-

1876 5010 1984 5079 tnr)
2037 5010 2350 5069 humanato,
2381 5022 2444 5061 ac
2483 5006 2678 5060 deinde
2698 5005 2961 5067 Exaltato,
2994 5012 3053 5056 ut
3083 5011 3137 5055 tu
3169 5001 3439 5064 videlicet.

191 5086 393 5182 abiecta
439 5086 542 5167 hac
588 5109 898 5179 dogmatum
956 5086 1263 5157 humilitate
1308 5105 1363 5151 et
1402 5092 1675 5157 crassitie,
1721 5090 2007 5148 sublimior
2037 5104 2158 5143 esse
2185 5128 2200 5155 ,
2252 5088 2525 5157 simulque
2592 5102 2715 5140 cum
2777 5086 3061 5141 divinitate
3123 5088 3449 5148 ascendere.

193 5179 294 5259 non
330 5212 514 5260 autem
542 5201 707 5256 rebus
738 5199 794 5252 in
822 5205 1103 5264 aspectum
1135 5187 1460 5244 cadentibus
1490 5184 1856 5239 iubzerescere
1896 5180 2185 5235 condiscas
2214 5197 2228 5245 ;
2264 5179 2376 5233 imo
2406 5179 2589 5250 potius
2623 5193 2746 5232 cum
2787 5179 3255 5235 intellectibilibus
3285 5181 3451 5235 rebus

197 5314 464 5368 assurgas,
494 5306 656 5365 atque
682 5291 968 5362 intelligas,
997 5303 1120 5357 qua:
1143 5293 1352 5337 natura:
1376 5278 1536 5344 ratio,
1568 5293 1690 5347 qua:
1717 5277 1856 5329 ratio
1887 5273 2307 5328 incarnationis.

267 5492 279 5521 '
319 5491 481 5545 Joan.
507 5504 621 5548 xw,
652 5486 705 5540 6.
780 5489 800 5518 ’
829 5482 989 5538 Joan.
1024 5495 1119 5543 vn,
1160 5478 1245 5533 l2.

204 5630 286 5684 ‘22.
362 5633 408 5663 “
437 5632 559 5683 Act.
595 5645 656 5689 ιι,
688 5627 776 5681 56.
856 5624 899 5654 ¹⁸
923 5623 1081 5676 Joan.
1121 5635 1173 5679 χ,
1207 5620 1297 5672 56.

209 5703 251 5731 "
287 5701 442 5755 Joan.
475 5716 550 5758 νι,
581 5684 669 5751 45.
747 5698 792 5727 ὀ
827 5697 839 5746 ι
876 5694 1004 5748 Cor.
1038 5690 1204 5753 ιν,ἳὸ
1277 5688 1319 5718 ’ί
1360 5684 1517 5758 Joan.
1554 5698 1631 5758 ιχ,
1656 5684 1712 5735 4.

208 5840 248 5880 ιι
280 5844 440 5901 Marc.
473 5858 578 5904 xiv,
607 5840 695 5894 55.

267 5492 279 5521 ¹
319 5491 481 5545 Joan.
507 5504 621 5548 xw,
652 5486 705 5540 6.
780 5489 800 5518 ’
829 5482 989 5538 Joan.
1024 5495 1119 5543 vn,
1160 5478 1245 5533 l2.
1340 5475 1360 5506 ³
1394 5473 1571 5531 lCor.
1608 5488 1647 5536 ι,
1682 5471 1759 5524 id.

204 5560 283 5616 ‘27.
358 5564 377 5592 ⁸
406 5560 543 5613 Gen.
573 5573 689 5620 nx,
718 5556 812 5609 Ἠ.
885 5557 904 5585 ⁹
946 5551 1083 5604 Psal.
1121 5562 1265 5611 XLIV,
1302 5547 1354 5601 7.
1434 5545 1476 5574 ¹⁰
1515 5546 1685 5611 Apoc.
1720 5558 1756 5605 ι,

204 5630 266 5665 CM
362 5633 408 5663 ιι
444 5632 531 5665 Am
595 5645 631 5665 ιι
688 5627 756 5665 KR
856 5624 899 5654 η
923 5623 1081 5665 .Innn-
1122 5635 1173 5665 Χ-
1207 5620 1297 5665 56.
1388 5614 1433 5647 ⁸⁸
1466 5613 1566 5665 I53.
1598 5629 1729 5665 XLII.

1862 5477 1882 5501 ⁸
1911 5471 2073 5523 llebr.
2109 5482 2147 5530 ι,
2173 5471 2226 5520 5.
2325 5471 2345 5495 ⁵
2382 5471 2515 5518 Ibid.
2612 5471 2632 5495 ⁵
2662 5471 2790 5532 Sap.
2814 5479 2911 5521 vit,
2940 5471 2974 5513 τι

1919 5543 1959 5572 ι’
1990 5537 2150 5592 Joan.
2185 5552 2278 5599 xx,
2314 5535 2398 5587 l7.
2483 5535 2523 5565 ¹¹
2550 5535 2706 5589 Joan.
2748 5551 2856 5593 xw,
2889 5532 2977 5585 ‘28.

1917 5612 1959 5643 ⁸⁷
1998 5608 2136 5663 Phil.
2181 5623 2243 5665 ιι,
2275 5606 2330 5658 8.
2426 5606 2469 5634 ⁸⁸
2498 5604 2655 5658 Joun.
2700 5620 2852 5664 xvm,
2888 5606 2957 5665 9;

1490 5630 1566 5667 sa.
1598 5629 1729 5678 xui,
1776 5613 1821 5665 l.
1917 5613 1959 5643 ⁸⁷
1998 5613 2136 5663 Phil.
2181 5623 2243 5671 ιι,

1490 5708 1517 5735 ιο
1554 5698 1631 5740 IX.
1656 5684 1712 5735 4.
1801 5682 1847 5717 ’³
1875 5684 2035 5738 Joan.
2073 5680 2243 5740 v,1l).

207 5774 247 5801 ³⁵
702 5768 748 5799 ⁸⁸
772 5744 969 5819 Matth.
994 5744 1140 5828 xxvi,
1174 5758 1261 5813 59.
1337 5757 1384 5788 ¹⁷
1422 5744 1759 5819 Μιιιιιιζνιιι,

1873 5799 1885 5811 ,
1964 5756 2007 5784 ³*
2042 5748 2235 5803 Matth.
2264 5761 2337 5809 ιν,
2364 5745 2419 5798 ‘2.
2498 5744 2714 5798 "Joan.
2747 5760 2823 5811 tv,
2854 5744 2909 5797 6.

3125 5458 3143 5488 '
3181 5457 3338 5510 Joau.
3373 5473 3447 5517 \‘I,

3073 5530 3114 5559 ⁸³
3149 5526 3307 5579 Prov.
3332 5541 3449 5590 γιιι,

2426 5606 2469 5634 ³⁸
2498 5604 2655 5658 Jomi.
2700 5620 2852 5664 xvm,
2888 5606 2957 5666 9;
3006 5600 3197 5652 Matth.
3236 5613 3324 5659 ιτ,
3355 5598 3445 5652 25.

2349 5676 2393 5747 ’ξ
2421 5673 2579 5747 Joan.
2625 5691 2720 5735 xu,
2752 5674 2840 5727 49.
2863 5744 2883 5747 _
2944 5670 3191 5747 “hJoan.
3217 5682 3334 5731 VIII,

3000 5742 3044 5773 ³⁰
3066 5740 3222 5795 Joau.
3251 5754 3321 5805 XI,
3360 5737 3447 5791 55.

2325 5465 2345 5495 ⁵
2379 5463 2515 5518 Ibid.
2612 5467 2632 5495 ⁸
2662 5464 2790 5532 Sap.
2814 5479 2911 5521 vit,
2940 5458 3029 5513 €26.

1861 5477 1882 5501 ⁸
1911 5466 2073 5523 Hebr.
2109 5482 2147 5530 ι,
2173 5467 2226 5520 '5.

1917 5612 1959 5643 ⁸⁷
1998 5608 2136 5663 Phil.
2181 5623 2243 5671 ιι,
2275 5606 2330 5658 8.
