  <div class='ocr_page' id='page_1' title='image "/cluster/home/n/w/nwhite01/storage/ocr_20150623/130/hvd.32044019208255/295.png"; bbox 0 0 3770 6586; ppageno 0'>
   <div class='ocr_carea' id='block_1_1' title="bbox 418 399 3624 513">
    <p class='ocr_par' dir='ltr' id='par_1_1' title="bbox 418 399 3624 513">
     <span class='ocr_line' id='line_1_1' title="bbox 418 399 3624 513; baseline 0.003 -14"><span class='ocrx_word' id='word_1_1' title='bbox 418 443 530 509; x_wconf 73' lang='grc'><strong>575</strong></span> <span class='ocrx_word' id='word_1_2' title='bbox 1633 438 2029 501; x_wconf 81' lang='lat' dir='ltr'><strong>EUTHYMII</strong></span> <span class='ocrx_word' id='word_1_3' title='bbox 2069 437 2348 500; x_wconf 86' lang='lat' dir='ltr'><strong>ZIGABE</strong></span> <span class='ocrx_word' id='word_1_4' title='bbox 2365 438 2448 499; x_wconf 83' lang='lat' dir='ltr'><strong>NI</strong></span> <span class='ocrx_word' id='word_1_5' title='bbox 3380 399 3389 408; x_wconf 61' lang='grc'><em>’</em></span> <span class='ocrx_word' id='word_1_6' title='bbox 3543 448 3624 513; x_wconf 75' lang='lat'><strong>576</strong></span> 
     </span>
    </p>
   </div>
   <div class='ocr_carea' id='block_1_2' title="bbox 490 543 1979 631">
    <p class='ocr_par' dir='ltr' id='par_1_2' title="bbox 490 550 1979 622">
     <span class='ocr_line' id='line_1_2' title="bbox 490 550 1979 622; baseline -0.001 -16"><span class='ocrx_word' id='word_1_7' title='bbox 490 553 586 608; x_wconf 81' lang='lat' dir='ltr'><strong>Hic</strong></span> <span class='ocrx_word' id='word_1_8' title='bbox 617 552 782 617; x_wconf 87' lang='lat' dir='ltr'><strong>enim,</strong></span> <span class='ocrx_word' id='word_1_9' title='bbox 807 568 969 622; x_wconf 87' lang='lat' dir='ltr'><strong>qnem</strong></span> <span class='ocrx_word' id='word_1_10' title='bbox 1012 566 1156 607; x_wconf 81' lang='lat' dir='ltr'><strong>nunc</strong></span> <span class='ocrx_word' id='word_1_11' title='bbox 1183 550 1517 622; x_wconf 88' lang='lat' dir='ltr'><strong>aspernaris,</strong></span> <span class='ocrx_word' id='word_1_12' title='bbox 1540 553 1815 621; x_wconf 86' lang='lat' dir='ltr'><strong>quondam</strong></span> <span class='ocrx_word' id='word_1_13' title='bbox 1848 560 1979 617; x_wconf 68' lang='lat' dir='ltr'><strong>erat,</strong></span> 
     </span>
    </p>
   </div>
   <div class='ocr_carea' id='block_1_3' title="bbox 2132 543 3621 631">
    <p class='ocr_par' dir='ltr' id='par_1_3' title="bbox 2170 543 3621 631">
     <span class='ocr_line' id='line_1_3' title="bbox 2170 543 3621 631; baseline 0.03 -44"><span class='ocrx_word' id='word_1_14' title='bbox 2170 543 2343 614; x_wconf 65' lang='grc' dir='ltr'><strong>οὗτος</strong></span> <span class='ocrx_word' id='word_1_15' title='bbox 2388 552 2497 621; x_wconf 74' lang='grc' dir='ltr'><strong>γὰρ</strong></span> <span class='ocrx_word' id='word_1_16' title='bbox 2536 552 2564 605; x_wconf 79' lang='grc' dir='ltr'>ὁ</span> <span class='ocrx_word' id='word_1_17' title='bbox 2605 549 2702 604; x_wconf 79' lang='grc' dir='ltr'>νῦν</span> <span class='ocrx_word' id='word_1_18' title='bbox 2766 569 2845 605; x_wconf 82' lang='grc' dir='ltr'><strong>σοι</strong></span> <span class='ocrx_word' id='word_1_19' title='bbox 2888 554 3410 626; x_wconf 74' lang='grc' dir='ltr'><strong>καταφρονούμενος,</strong></span> <span class='ocrx_word' id='word_1_20' title='bbox 3458 555 3516 631; x_wconf 77' lang='grc' dir='ltr'>ἦν</span> <span class='ocrx_word' id='word_1_21' title='bbox 3555 568 3621 623; x_wconf 75' lang='grc' dir='ltr'><strong>ὅτε</strong></span> 
     </span>
    </p>
   </div>
   <div class='ocr_carea' id='block_1_4' title="bbox 413 637 1902 727">
    <p class='ocr_par' dir='ltr' id='par_1_4' title="bbox 413 649 1902 718">
     <span class='ocr_line' id='line_1_4' title="bbox 413 649 1902 718; baseline -0.001 -15"><span class='ocrx_word' id='word_1_22' title='bbox 413 660 468 703; x_wconf 86' lang='lat' dir='ltr'><strong>ct</strong></span> <span class='ocrx_word' id='word_1_23' title='bbox 506 665 669 718; x_wconf 83' lang='lat' dir='ltr'><strong>supra</strong></span> <span class='ocrx_word' id='word_1_24' title='bbox 715 657 768 703; x_wconf 89' lang='lat' dir='ltr'><strong>te</strong></span> <span class='ocrx_word' id='word_1_25' title='bbox 802 659 920 703; x_wconf 87' lang='lat' dir='ltr'><strong>erat</strong></span> <span class='ocrx_word' id='word_1_26' title='bbox 952 666 966 703; x_wconf 88' lang='lat'><strong>:</strong></span> <span class='ocrx_word' id='word_1_27' title='bbox 999 650 1089 718; x_wconf 89' lang='lat' dir='ltr'><strong>qui</strong></span> <span class='ocrx_word' id='word_1_28' title='bbox 1126 664 1271 703; x_wconf 91' lang='lat' dir='ltr'><strong>nunc</strong></span> <span class='ocrx_word' id='word_1_29' title='bbox 1313 649 1475 704; x_wconf 88' lang='lat' dir='ltr'><strong>homo</strong></span> <span class='ocrx_word' id='word_1_30' title='bbox 1507 658 1614 710; x_wconf 87' lang='lat' dir='ltr'><strong>est,</strong></span> <span class='ocrx_word' id='word_1_31' title='bbox 1639 650 1902 718; x_wconf 91' lang='lat' dir='ltr'><strong>composit</strong></span> 
     </span>
    </p>
   </div>
   <div class='ocr_carea' id='block_1_5' title="bbox 2137 637 3626 727">
    <p class='ocr_par' dir='ltr' id='par_1_5' title="bbox 2137 637 3626 727">
     <span class='ocr_line' id='line_1_5' title="bbox 2137 637 3626 727; baseline 0.005 -31"><span class='ocrx_word' id='word_1_32' title='bbox 2137 641 2192 696; x_wconf 84' lang='grc' dir='ltr'>αὶ</span> <span class='ocrx_word' id='word_1_33' title='bbox 2218 642 2361 709; x_wconf 76' lang='grc' dir='ltr'>ὑπὲρ</span> <span class='ocrx_word' id='word_1_34' title='bbox 2389 642 2449 694; x_wconf 79' lang='grc' dir='ltr'>σὲ</span> <span class='ocrx_word' id='word_1_35' title='bbox 2480 637 2570 712; x_wconf 77' lang='grc' dir='ltr'><strong>ἦν’</strong></span> <span class='ocrx_word' id='word_1_36' title='bbox 2607 644 2634 696; x_wconf 77' lang='grc' dir='ltr'><strong>ὁ</strong></span> <span class='ocrx_word' id='word_1_37' title='bbox 2657 642 2752 696; x_wconf 80' lang='grc' dir='ltr'>νῦν</span> <span class='ocrx_word' id='word_1_38' title='bbox 2777 643 3089 713; x_wconf 78' lang='grc' dir='ltr'>ἄνθρωπος,</span> <span class='ocrx_word' id='word_1_39' title='bbox 3135 648 3231 700; x_wconf 78' lang='grc' dir='ltr'>καὶ</span> <span class='ocrx_word' id='word_1_40' title='bbox 3274 650 3541 718; x_wconf 62' lang='lat' dir='ltr'><strong>saevom;</strong></span> <span class='ocrx_word' id='word_1_41' title='bbox 3556 653 3626 727; x_wconf 71' lang='grc' dir='ltr'>ἦν,</span> 
     </span>
    </p>
   </div>
   <div class='ocr_carea' id='block_1_6' title="bbox 416 732 1905 811">
    <p class='ocr_par' dir='ltr' id='par_1_6' title="bbox 416 739 1905 811">
     <span class='ocr_line' id='line_1_6' title="bbox 416 739 1905 811; baseline 0.001 -17"><span class='ocrx_word' id='word_1_42' title='bbox 416 744 497 794; x_wconf 92' lang='lat' dir='ltr'><strong>uis</strong></span> <span class='ocrx_word' id='word_1_43' title='bbox 527 755 720 809; x_wconf 87' lang='lat' dir='ltr'><strong>expers</strong></span> <span class='ocrx_word' id='word_1_44' title='bbox 757 749 895 794; x_wconf 91' lang='lat' dir='ltr'><strong>erat.</strong></span> <span class='ocrx_word' id='word_1_45' title='bbox 929 739 1082 805; x_wconf 82' lang='lat' dir='ltr'><strong>Quod</strong></span> <span class='ocrx_word' id='word_1_46' title='bbox 1120 750 1260 803; x_wconf 90' lang='lat' dir='ltr'><strong>erat,</strong></span> <span class='ocrx_word' id='word_1_47' title='bbox 1298 740 1601 811; x_wconf 90' lang='lat' dir='ltr'><strong>permansit</strong></span> <span class='ocrx_word' id='word_1_48' title='bbox 1631 756 1647 794; x_wconf 88' lang='lat'><strong>:</strong></span> <span class='ocrx_word' id='word_1_49' title='bbox 1683 741 1830 809; x_wconf 83' lang='lat' dir='ltr'><strong>quod</strong></span> <span class='ocrx_word' id='word_1_50' title='bbox 1887 757 1905 795; x_wconf 88' lang='grc' dir='ltr'>ῐ</span> 
     </span>
    </p>
   </div>
   <div class='ocr_carea' id='block_1_7' title="bbox 2140 732 3629 811">
    <p class='ocr_par' dir='ltr' id='par_1_7' title="bbox 2140 732 3629 808">
     <span class='ocr_line' id='line_1_7' title="bbox 2140 732 3629 808; baseline 0.005 -20"><span class='ocrx_word' id='word_1_51' title='bbox 2140 739 2168 788; x_wconf 71' lang='lat'><strong>3</strong></span> <span class='ocrx_word' id='word_1_52' title='bbox 2202 734 2302 806; x_wconf 70' lang='grc' dir='ltr'>μιν</span> <span class='ocrx_word' id='word_1_53' title='bbox 2332 732 2423 808; x_wconf 81' lang='grc' dir='ltr'>ἦν,</span> <span class='ocrx_word' id='word_1_54' title='bbox 2454 736 2746 805; x_wconf 77' lang='grc' dir='ltr'>διέμεινενο</span> <span class='ocrx_word' id='word_1_55' title='bbox 2781 736 2809 789; x_wconf 76' lang='grc' dir='ltr'>ὅ</span> <span class='ocrx_word' id='word_1_56' title='bbox 2834 738 2889 789; x_wconf 84' lang='grc' dir='ltr'>δὲ</span> <span class='ocrx_word' id='word_1_57' title='bbox 2919 737 3021 789; x_wconf 87' lang='grc' dir='ltr'><strong>ούκ</strong></span> <span class='ocrx_word' id='word_1_58' title='bbox 3047 732 3136 807; x_wconf 80' lang='grc' dir='ltr'>ἦν,</span> <span class='ocrx_word' id='word_1_59' title='bbox 3177 741 3509 808; x_wconf 76' lang='grc' dir='ltr'>προσέλαϐεν.</span> <span class='ocrx_word' id='word_1_60' title='bbox 3556 750 3629 806; x_wconf 79' lang='grc' dir='ltr'>Ἐν</span> 
     </span>
    </p>
   </div>
   <div class='ocr_carea' id='block_1_8' title="bbox 417 825 1906 904">
    <p class='ocr_par' dir='ltr' id='par_1_8' title="bbox 417 832 1903 904">
     <span class='ocr_line' id='line_1_8' title="bbox 417 832 1903 904; baseline 0.001 -17"><span class='ocrx_word' id='word_1_61' title='bbox 417 844 555 899; x_wconf 82' lang='lat' dir='ltr'><strong>erat,</strong></span> <span class='ocrx_word' id='word_1_62' title='bbox 597 836 912 904; x_wconf 88' lang='lat' dir='ltr'><strong>assumpsit.</strong></span> <span class='ocrx_word' id='word_1_63' title='bbox 940 834 995 886; x_wconf 91' lang='lat' dir='ltr'><strong>ln</strong></span> <span class='ocrx_word' id='word_1_64' title='bbox 1029 835 1295 903; x_wconf 90' lang='lat' dir='ltr'><strong>principio</strong></span> <span class='ocrx_word' id='word_1_65' title='bbox 1328 834 1450 888; x_wconf 86' lang='lat' dir='ltr'><strong>sine</strong></span> <span class='ocrx_word' id='word_1_66' title='bbox 1488 848 1654 888; x_wconf 84' lang='lat' dir='ltr'><strong>causa</strong></span> <span class='ocrx_word' id='word_1_67' title='bbox 1688 842 1826 888; x_wconf 89' lang='lat' dir='ltr'><strong>erat.</strong></span> <span class='ocrx_word' id='word_1_68' title='bbox 1859 832 1903 900; x_wconf 79' lang='grc' dir='ltr'><strong>ρ</strong></span> 
     </span>
    </p>
   </div>
   <div class='ocr_carea' id='block_1_9' title="bbox 2140 825 3629 904">
    <p class='ocr_par' dir='ltr' id='par_1_9' title="bbox 2140 825 3629 902">
     <span class='ocr_line' id='line_1_9' title="bbox 2140 825 3629 902; baseline 0.007 -20"><span class='ocrx_word' id='word_1_69' title='bbox 2140 832 2243 901; x_wconf 77' lang='grc' dir='ltr'><strong>ρχῇ</strong></span> <span class='ocrx_word' id='word_1_70' title='bbox 2294 825 2363 902; x_wconf 79' lang='grc' dir='ltr'>ἦν</span> <span class='ocrx_word' id='word_1_71' title='bbox 2422 832 2706 895; x_wconf 73' lang='grc' dir='ltr'>ἀναιτίως*</span> <span class='ocrx_word' id='word_1_72' title='bbox 2737 833 2820 894; x_wconf 83' lang='grc' dir='ltr'>τίς</span> <span class='ocrx_word' id='word_1_73' title='bbox 2850 833 2960 901; x_wconf 81' lang='grc' dir='ltr'><strong>γὰρ</strong></span> <span class='ocrx_word' id='word_1_74' title='bbox 3011 831 3159 885; x_wconf 71' lang='grc' dir='ltr'>αἰτία</span> <span class='ocrx_word' id='word_1_75' title='bbox 3199 833 3377 901; x_wconf 78' lang='grc' dir='ltr'>Θεοῦς</span> <span class='ocrx_word' id='word_1_76' title='bbox 3417 837 3533 891; x_wconf 75' lang='grc' dir='ltr'>ἀλλὰ</span> <span class='ocrx_word' id='word_1_77' title='bbox 3559 847 3629 897; x_wconf 79' lang='grc' dir='ltr'>καὶ</span> 
     </span>
    </p>
   </div>
   <div class='ocr_carea' id='block_1_10' title="bbox 419 921 1908 1003">
    <p class='ocr_par' dir='ltr' id='par_1_10' title="bbox 419 923 1908 998">
     <span class='ocr_line' id='line_1_10' title="bbox 419 923 1908 998; baseline 0 -19"><span class='ocrx_word' id='word_1_78' title='bbox 419 926 564 979; x_wconf 91' lang='lat' dir='ltr'><strong>enim</strong></span> <span class='ocrx_word' id='word_1_79' title='bbox 634 923 728 979; x_wconf 86' lang='lat' dir='ltr'><strong>Dei</strong></span> <span class='ocrx_word' id='word_1_80' title='bbox 784 940 950 982; x_wconf 86' lang='lat' dir='ltr'><strong>causa</strong></span> <span class='ocrx_word' id='word_1_81' title='bbox 994 925 1175 980; x_wconf 81' lang='lat' dir='ltr'><strong>aﬂ‘erri</strong></span> <span class='ocrx_word' id='word_1_82' title='bbox 1223 927 1426 998; x_wconf 81' lang='lat' dir='ltr'><strong>queat?</strong></span> <span class='ocrx_word' id='word_1_83' title='bbox 1453 926 1523 981; x_wconf 85' lang='lat' dir='ltr'><strong>At</strong></span> <span class='ocrx_word' id='word_1_84' title='bbox 1554 934 1741 997; x_wconf 85' lang='lat' dir='ltr'><strong>postea</strong></span> <span class='ocrx_word' id='word_1_85' title='bbox 1783 941 1908 995; x_wconf 76' lang='lat' dir='ltr'><strong>quot</strong></span> 
     </span>
    </p>
   </div>
   <div class='ocr_carea' id='block_1_11' title="bbox 2142 921 3631 1003">
    <p class='ocr_par' dir='ltr' id='par_1_11' title="bbox 2148 921 3631 1003">
     <span class='ocr_line' id='line_1_11' title="bbox 2148 921 3631 1003; baseline 0 -27"><span class='ocrx_word' id='word_1_86' title='bbox 2148 939 2337 995; x_wconf 78' lang='grc' dir='ltr'>στερον</span> <span class='ocrx_word' id='word_1_87' title='bbox 2378 923 2571 992; x_wconf 82' lang='grc' dir='ltr'>γέγονε</span> <span class='ocrx_word' id='word_1_88' title='bbox 2632 925 2700 977; x_wconf 79' lang='grc' dir='ltr'>δι’</span> <span class='ocrx_word' id='word_1_89' title='bbox 2733 924 2934 980; x_wconf 77' lang='grc' dir='ltr'>αἰτίαν.</span> <span class='ocrx_word' id='word_1_90' title='bbox 2989 925 3053 978; x_wconf 85' lang='grc' dir='ltr'><strong>Ἦ</strong></span> <span class='ocrx_word' id='word_1_91' title='bbox 3081 925 3136 977; x_wconf 82' lang='grc' dir='ltr'>δὲ</span> <span class='ocrx_word' id='word_1_92' title='bbox 3163 921 3253 996; x_wconf 78' lang='grc' dir='ltr'>ἦν,</span> <span class='ocrx_word' id='word_1_93' title='bbox 3290 926 3350 978; x_wconf 80' lang='grc' dir='ltr'><strong>τὸ</strong></span> <span class='ocrx_word' id='word_1_94' title='bbox 3397 927 3449 981; x_wconf 69' lang='grc' dir='ltr'>σὲ</span> <span class='ocrx_word' id='word_1_95' title='bbox 3496 933 3631 1003; x_wconf 72' lang='grc' dir='ltr'>σωθῇ.</span> 
     </span>
    </p>
   </div>
   <div class='ocr_carea' id='block_1_12' title="bbox 419 1015 1908 1090">
    <p class='ocr_par' dir='ltr' id='par_1_12' title="bbox 419 1018 1842 1085">
     <span class='ocr_line' id='line_1_12' title="bbox 419 1018 1842 1085; baseline 0.004 -14"><span class='ocrx_word' id='word_1_96' title='bbox 419 1028 566 1072; x_wconf 89' lang='lat' dir='ltr'><strong>certa</strong></span> <span class='ocrx_word' id='word_1_97' title='bbox 604 1018 671 1072; x_wconf 88' lang='lat' dir='ltr'><strong>de</strong></span> <span class='ocrx_word' id='word_1_98' title='bbox 698 1034 861 1074; x_wconf 82' lang='lat' dir='ltr'><strong>causa</strong></span> <span class='ocrx_word' id='word_1_99' title='bbox 896 1030 1053 1075; x_wconf 86' lang='lat' dir='ltr'><strong>natus</strong></span> <span class='ocrx_word' id='word_1_100' title='bbox 1099 1028 1201 1075; x_wconf 91' lang='lat' dir='ltr'><strong>est.</strong></span> <span class='ocrx_word' id='word_1_101' title='bbox 1238 1020 1313 1074; x_wconf 88' lang='lat' dir='ltr'><strong>Ea</strong></span> <span class='ocrx_word' id='word_1_102' title='bbox 1360 1028 1542 1075; x_wconf 90' lang='lat' dir='ltr'><strong>autem</strong></span> <span class='ocrx_word' id='word_1_103' title='bbox 1587 1030 1729 1085; x_wconf 87' lang='lat' dir='ltr'><strong>erat,</strong></span> <span class='ocrx_word' id='word_1_104' title='bbox 1783 1031 1842 1076; x_wconf 91' lang='lat' dir='ltr'><strong>ut</strong></span> 
     </span>
    </p>
   </div>
   <div class='ocr_carea' id='block_1_13' title="bbox 2140 1015 3629 1090">
    <p class='ocr_par' dir='ltr' id='par_1_13' title="bbox 2144 1015 3629 1090">
     <span class='ocr_line' id='line_1_13' title="bbox 2144 1015 3629 1090; baseline 0.004 -20"><span class='ocrx_word' id='word_1_105' title='bbox 2144 1034 2199 1070; x_wconf 88' lang='grc' dir='ltr'><strong>αι</strong></span> <span class='ocrx_word' id='word_1_106' title='bbox 2232 1018 2323 1070; x_wconf 75' lang='grc' dir='ltr'>τὸν</span> <span class='ocrx_word' id='word_1_107' title='bbox 2351 1017 2639 1088; x_wconf 78' lang='grc' dir='ltr'>ὑϐριστὴν,</span> <span class='ocrx_word' id='word_1_108' title='bbox 2672 1015 2731 1078; x_wconf 78' lang='grc' dir='ltr'><strong>ὃς</strong></span> <span class='ocrx_word' id='word_1_109' title='bbox 2763 1017 2850 1070; x_wconf 84' lang='grc' dir='ltr'>διὰ</span> <span class='ocrx_word' id='word_1_110' title='bbox 2881 1018 3041 1070; x_wconf 81' lang='grc' dir='ltr'>τοῦτο</span> <span class='ocrx_word' id='word_1_111' title='bbox 3063 1021 3406 1086; x_wconf 84' lang='grc' dir='ltr'>περιφρονείς</span> <span class='ocrx_word' id='word_1_112' title='bbox 3428 1019 3629 1090; x_wconf 72' lang='grc' dir='ltr'>θεότητα,</span> 
     </span>
    </p>
   </div>
   <div class='ocr_carea' id='block_1_14' title="bbox 419 1109 1908 1185">
    <p class='ocr_par' dir='ltr' id='par_1_14' title="bbox 419 1112 1908 1183">
     <span class='ocr_line' id='line_1_14' title="bbox 419 1112 1908 1183; baseline 0.003 -19"><span class='ocrx_word' id='word_1_113' title='bbox 419 1112 660 1167; x_wconf 81' lang='lat' dir='ltr'><strong>insolens</strong></span> <span class='ocrx_word' id='word_1_114' title='bbox 689 1127 753 1166; x_wconf 90' lang='lat' dir='ltr'><strong>ac</strong></span> <span class='ocrx_word' id='word_1_115' title='bbox 789 1122 1061 1183; x_wconf 85' lang='lat' dir='ltr'><strong>proterve,</strong></span> <span class='ocrx_word' id='word_1_116' title='bbox 1096 1112 1327 1167; x_wconf 89' lang='lat' dir='ltr'><strong>salutem</strong></span> <span class='ocrx_word' id='word_1_117' title='bbox 1384 1116 1840 1183; x_wconf 81' lang='lat' dir='ltr'><strong>consequereris,</strong></span> <span class='ocrx_word' id='word_1_118' title='bbox 1904 1137 1908 1162; x_wconf 71' lang='grc' dir='ltr'><strong>ι</strong></span> 
     </span>
    </p>
   </div>
   <div class='ocr_carea' id='block_1_15' title="bbox 2141 1109 3630 1185">
    <p class='ocr_par' dir='ltr' id='par_1_15' title="bbox 2141 1109 3630 1181">
     <span class='ocr_line' id='line_1_15' title="bbox 2141 1109 3630 1181; baseline 0.002 -17"><span class='ocrx_word' id='word_1_119' title='bbox 2141 1128 2192 1165; x_wconf 89' lang='grc' dir='ltr'><strong>τι</strong></span> <span class='ocrx_word' id='word_1_120' title='bbox 2231 1112 2460 1181; x_wconf 19' lang='grc' dir='ltr'>τὴνχσὴν</span> <span class='ocrx_word' id='word_1_121' title='bbox 2491 1110 2781 1180; x_wconf 82' lang='grc' dir='ltr'>παχύτητα</span> <span class='ocrx_word' id='word_1_122' title='bbox 2805 1110 3152 1175; x_wconf 79' lang='grc' dir='ltr'><strong>κατεδέξατο,</strong></span> <span class='ocrx_word' id='word_1_123' title='bbox 3214 1109 3301 1162; x_wconf 71' lang='grc' dir='ltr'>διὰ</span> <span class='ocrx_word' id='word_1_124' title='bbox 3335 1111 3489 1179; x_wconf 80' lang='grc' dir='ltr'><strong>μέσου</strong></span> <span class='ocrx_word' id='word_1_125' title='bbox 3541 1116 3630 1179; x_wconf 76' lang='grc' dir='ltr'>νοὸς</span> 
     </span>
    </p>
   </div>
   <div class='ocr_carea' id='block_1_16' title="bbox 417 1201 1906 1277">
    <p class='ocr_par' dir='ltr' id='par_1_16' title="bbox 417 1204 1899 1273">
     <span class='ocr_line' id='line_1_16' title="bbox 417 1204 1899 1273; baseline 0.001 -15"><span class='ocrx_word' id='word_1_126' title='bbox 417 1204 676 1259; x_wconf 84' lang='lat' dir='ltr'><strong>deitatem</strong></span> <span class='ocrx_word' id='word_1_127' title='bbox 718 1205 923 1260; x_wconf 88' lang='lat' dir='ltr'><strong>idcirco</strong></span> <span class='ocrx_word' id='word_1_128' title='bbox 956 1204 1283 1269; x_wconf 85' lang='lat' dir='ltr'><strong>contemnis,</strong></span> <span class='ocrx_word' id='word_1_129' title='bbox 1328 1207 1453 1273; x_wconf 86' lang='lat' dir='ltr'><strong>quia</strong></span> <span class='ocrx_word' id='word_1_130' title='bbox 1496 1206 1803 1261; x_wconf 91' lang='lat' dir='ltr'><strong>crassitiem</strong></span> <span class='ocrx_word' id='word_1_131' title='bbox 1846 1215 1899 1260; x_wconf 89' lang='lat' dir='ltr'><strong>tu</strong></span> 
     </span>
    </p>
   </div>
   <div class='ocr_carea' id='block_1_17' title="bbox 2144 1201 3633 1277">
    <p class='ocr_par' dir='ltr' id='par_1_17' title="bbox 2144 1201 3633 1277">
     <span class='ocr_line' id='line_1_17' title="bbox 2144 1201 3633 1277; baseline 0.002 -19"><span class='ocrx_word' id='word_1_132' title='bbox 2144 1205 2374 1277; x_wconf 82' lang='grc' dir='ltr'>μιλήσας</span> <span class='ocrx_word' id='word_1_133' title='bbox 2411 1206 2596 1275; x_wconf 69' lang='grc' dir='ltr'>σαρκὶ,</span> <span class='ocrx_word' id='word_1_134' title='bbox 2652 1204 2747 1256; x_wconf 78' lang='grc' dir='ltr'>καὶ</span> <span class='ocrx_word' id='word_1_135' title='bbox 2806 1205 3103 1272; x_wconf 79' lang='grc' dir='ltr'>γενόμενος</span> <span class='ocrx_word' id='word_1_136' title='bbox 3138 1201 3425 1272; x_wconf 76' lang='grc' dir='ltr'>ἅνθρωπος</span> <span class='ocrx_word' id='word_1_137' title='bbox 3467 1206 3633 1260; x_wconf 57' lang='lat' dir='ltr'><strong>eam</strong></span> 
     </span>
    </p>
   </div>
   <div class='ocr_carea' id='block_1_18' title="bbox 416 1295 1905 1367">
    <p class='ocr_par' dir='ltr' id='par_1_18' title="bbox 416 1297 1905 1367">
     <span class='ocr_line' id='line_1_18' title="bbox 416 1297 1905 1367; baseline -0.001 -15"><span class='ocrx_word' id='word_1_138' title='bbox 416 1300 684 1366; x_wconf 85' lang='lat' dir='ltr'><strong>suscepit,</strong></span> <span class='ocrx_word' id='word_1_139' title='bbox 712 1312 806 1367; x_wconf 88' lang='lat' dir='ltr'><strong>per</strong></span> <span class='ocrx_word' id='word_1_140' title='bbox 829 1297 1207 1352; x_wconf 90' lang='lat' dir='ltr'><strong>intermediam</strong></span> <span class='ocrx_word' id='word_1_141' title='bbox 1247 1307 1485 1352; x_wconf 86' lang='lat' dir='ltr'><strong>mentem</strong></span> <span class='ocrx_word' id='word_1_142' title='bbox 1522 1312 1645 1352; x_wconf 89' lang='lat' dir='ltr'><strong>cum</strong></span> <span class='ocrx_word' id='word_1_143' title='bbox 1679 1313 1845 1353; x_wconf 83' lang='lat' dir='ltr'><strong>carne</strong></span> <span class='ocrx_word' id='word_1_144' title='bbox 1866 1317 1905 1353; x_wconf 69' lang='grc' dir='ltr'><strong>ω</strong></span> 
     </span>
    </p>
   </div>
   <div class='ocr_carea' id='block_1_19' title="bbox 2143 1295 3632 1367">
    <p class='ocr_par' dir='ltr' id='par_1_19' title="bbox 2143 1295 3632 1367">
     <span class='ocr_line' id='line_1_19' title="bbox 2143 1295 3632 1367; baseline 0.005 -20"><span class='ocrx_word' id='word_1_145' title='bbox 2143 1300 2261 1364; x_wconf 56' lang='grc' dir='ltr'>θεὸς,</span> <span class='ocrx_word' id='word_1_146' title='bbox 2307 1297 2498 1365; x_wconf 76' lang='grc' dir='ltr'>ἐπειδὴ</span> <span class='ocrx_word' id='word_1_147' title='bbox 2537 1296 2917 1367; x_wconf 79' lang='grc' dir='ltr'>συνανεκράθη</span> <span class='ocrx_word' id='word_1_148' title='bbox 2967 1295 3106 1365; x_wconf 81' lang='grc' dir='ltr'>Θεῷ,</span> <span class='ocrx_word' id='word_1_149' title='bbox 3157 1296 3254 1349; x_wconf 80' lang='grc' dir='ltr'>καὶ</span> <span class='ocrx_word' id='word_1_150' title='bbox 3318 1296 3522 1364; x_wconf 79' lang='grc' dir='ltr'>γέγονεν</span> <span class='ocrx_word' id='word_1_151' title='bbox 3572 1297 3632 1366; x_wconf 73' lang='grc' dir='ltr'><strong>εἷς</strong></span> 
     </span>
    </p>
   </div>
   <div class='ocr_carea' id='block_1_20' title="bbox 350 1389 1839 1464">
    <p class='ocr_par' dir='ltr' id='par_1_20' title="bbox 350 1389 1839 1459">
     <span class='ocr_line' id='line_1_20' title="bbox 350 1389 1839 1459; baseline 0.001 -17"><span class='ocrx_word' id='word_1_152' title='bbox 350 1428 353 1435; x_wconf 81' lang='grc'><strong>.</strong></span> <span class='ocrx_word' id='word_1_153' title='bbox 417 1390 661 1459; x_wconf 84' lang='lat' dir='ltr'><strong>junctus,</strong></span> <span class='ocrx_word' id='word_1_154' title='bbox 688 1398 851 1459; x_wconf 84' lang='lat' dir='ltr'><strong>atque</strong></span> <span class='ocrx_word' id='word_1_155' title='bbox 904 1389 1131 1445; x_wconf 81' lang='lat' dir='ltr'><strong>inferior</strong></span> <span class='ocrx_word' id='word_1_156' title='bbox 1175 1389 1263 1443; x_wconf 90' lang='lat' dir='ltr'><strong>hic</strong></span> <span class='ocrx_word' id='word_1_157' title='bbox 1312 1390 1476 1444; x_wconf 91' lang='lat' dir='ltr'><strong>homo</strong></span> <span class='ocrx_word' id='word_1_158' title='bbox 1546 1389 1688 1446; x_wconf 89' lang='lat' dir='ltr'><strong>Deus</strong></span> <span class='ocrx_word' id='word_1_159' title='bbox 1738 1390 1839 1445; x_wconf 72' lang='lat' dir='ltr'><strong>ede</strong></span> 
     </span>
    </p>
   </div>
   <div class='ocr_carea' id='block_1_21' title="bbox 2143 1389 3632 1464">
    <p class='ocr_par' dir='ltr' id='par_1_21' title="bbox 2143 1391 3632 1464">
     <span class='ocr_line' id='line_1_21' title="bbox 2143 1391 3632 1464; baseline 0.003 -19"><span class='ocrx_word' id='word_1_160' title='bbox 2143 1393 2196 1445; x_wconf 81' lang='grc' dir='ltr'>οὗ</span> <span class='ocrx_word' id='word_1_161' title='bbox 2232 1392 2539 1464; x_wconf 82' lang='grc' dir='ltr'>κρείττονος</span> <span class='ocrx_word' id='word_1_162' title='bbox 2567 1393 2993 1461; x_wconf 81' lang='grc' dir='ltr'>ὲκνικήσαντος,</span> <span class='ocrx_word' id='word_1_163' title='bbox 3034 1391 3122 1445; x_wconf 80' lang='grc' dir='ltr'><strong>ἴνα</strong></span> <span class='ocrx_word' id='word_1_164' title='bbox 3148 1394 3393 1459; x_wconf 78' lang='grc' dir='ltr'><strong>γένωμαι</strong></span> <span class='ocrx_word' id='word_1_165' title='bbox 3427 1395 3632 1450; x_wconf 75' lang='grc' dir='ltr'>τοσοῦτον</span> 
     </span>
    </p>
   </div>
   <div class='ocr_carea' id='block_1_22' title="bbox 424 1482 1913 1553">
    <p class='ocr_par' dir='ltr' id='par_1_22' title="bbox 424 1482 1913 1553">
     <span class='ocr_line' id='line_1_22' title="bbox 424 1482 1913 1553; baseline 0.001 -18"><span class='ocrx_word' id='word_1_166' title='bbox 424 1494 772 1550; x_wconf 81' lang='lat' dir='ltr'><strong>posteaquam</strong></span> <span class='ocrx_word' id='word_1_167' title='bbox 807 1496 932 1536; x_wconf 92' lang='lat' dir='ltr'><strong>cum</strong></span> <span class='ocrx_word' id='word_1_168' title='bbox 952 1482 1062 1538; x_wconf 89' lang='lat' dir='ltr'><strong>Deo</strong></span> <span class='ocrx_word' id='word_1_169' title='bbox 1085 1482 1311 1546; x_wconf 83' lang='lat' dir='ltr'><strong>coaluit,</strong></span> <span class='ocrx_word' id='word_1_170' title='bbox 1330 1483 1808 1553; x_wconf 70' lang='lat' dir='ltr'><strong>prmstantiorique</strong></span> <span class='ocrx_word' id='word_1_171' title='bbox 1833 1500 1913 1553; x_wconf 85' lang='lat' dir='ltr'><strong>pat</strong></span> 
     </span>
    </p>
   </div>
   <div class='ocr_carea' id='block_1_23' title="bbox 1483 1482 2972 1553">
    <p class='ocr_par' dir='ltr' id='par_1_23' title="bbox 1483 1482 2972 1553">
     <span class='ocr_line' id='line_1_23' title="bbox 1483 1482 2972 1553; baseline 0.001 -18"><span class='ocrx_word' id='word_1_172' title='bbox 1483 1483 1808 1553; x_wconf 70' lang='lat' dir='ltr'><strong>tantiorique</strong></span> <span class='ocrx_word' id='word_1_173' title='bbox 1833 1492 1988 1553; x_wconf 88' lang='lat' dir='ltr'><strong>parte</strong></span> <span class='ocrx_word' id='word_1_174' title='bbox 2104 1482 2244 1549; x_wconf 76' lang='grc' dir='ltr'>θεὸς,</span> <span class='ocrx_word' id='word_1_175' title='bbox 2280 1484 2404 1537; x_wconf 74' lang='grc' dir='ltr'>ὅσον</span> <span class='ocrx_word' id='word_1_176' title='bbox 2430 1483 2635 1544; x_wconf 73' lang='grc' dir='ltr'>ἐκεῖνος</span> <span class='ocrx_word' id='word_1_177' title='bbox 2666 1482 2972 1550; x_wconf 74' lang='grc' dir='ltr'>ἄνθρωπος.</span> 
     </span>
    </p>
   </div>
   <div class='ocr_carea' id='block_1_24' title="bbox 420 1576 3035 1648">
    <p class='ocr_par' dir='ltr' id='par_1_24' title="bbox 420 1576 3035 1648">
     <span class='ocr_line' id='line_1_24' title="bbox 420 1576 3035 1648; baseline -0.001 -17"><span class='ocrx_word' id='word_1_178' title='bbox 420 1588 739 1646; x_wconf 88' lang='lat' dir='ltr'><strong>superante,</strong></span> <span class='ocrx_word' id='word_1_179' title='bbox 776 1591 916 1631; x_wconf 90' lang='lat' dir='ltr'><strong>unus</strong></span> <span class='ocrx_word' id='word_1_180' title='bbox 939 1577 1113 1632; x_wconf 80' lang='lat' dir='ltr'><strong>iactus</strong></span> <span class='ocrx_word' id='word_1_181' title='bbox 1137 1586 1240 1641; x_wconf 86' lang='lat' dir='ltr'><strong>est,</strong></span> <span class='ocrx_word' id='word_1_182' title='bbox 1274 1587 1332 1631; x_wconf 93' lang='lat' dir='ltr'><strong>nt</strong></span> <span class='ocrx_word' id='word_1_183' title='bbox 1386 1578 1503 1647; x_wconf 88' lang='lat' dir='ltr'><strong>ipse</strong></span> <span class='ocrx_word' id='word_1_184' title='bbox 1535 1594 1751 1648; x_wconf 89' lang='lat' dir='ltr'><strong>quoque</strong></span> <span class='ocrx_word' id='word_1_185' title='bbox 1783 1587 1990 1631; x_wconf 89' lang='lat' dir='ltr'><strong>tantum</strong></span> <span class='ocrx_word' id='word_1_186' title='bbox 2039 1578 2170 1631; x_wconf 85' lang='lat' dir='ltr'><strong>deus</strong></span> <span class='ocrx_word' id='word_1_187' title='bbox 2194 1576 2416 1637; x_wconf 73' lang='lat' dir='ltr'><strong>eiliciar,</strong></span> <span class='ocrx_word' id='word_1_188' title='bbox 2444 1585 2706 1645; x_wconf 90' lang='lat' dir='ltr'><strong>quantum</strong></span> <span class='ocrx_word' id='word_1_189' title='bbox 2738 1576 2829 1631; x_wconf 83' lang='lat' dir='ltr'><strong>ille</strong></span> <span class='ocrx_word' id='word_1_190' title='bbox 2850 1577 3035 1631; x_wconf 84' lang='lat' dir='ltr'><strong>homo.</strong></span> 
     </span>
    </p>
   </div>
   <div class='ocr_carea' id='block_1_25' title="bbox 526 1657 2015 1808">
    <p class='ocr_par' dir='ltr' id='par_1_25' title="bbox 526 1666 1887 1736">
     <span class='ocr_line' id='line_1_25' title="bbox 526 1666 1887 1736; baseline 0.006 -17"><span class='ocrx_word' id='word_1_191' title='bbox 526 1666 779 1736; x_wconf 85' lang='lat' dir='ltr'><strong>Ejusdem</strong></span> <span class='ocrx_word' id='word_1_192' title='bbox 815 1671 867 1723; x_wconf 85' lang='lat' dir='ltr'><strong>in</strong></span> <span class='ocrx_word' id='word_1_193' title='bbox 894 1670 1119 1725; x_wconf 78' lang='lat' dir='ltr'><strong>eosdem.</strong></span> <span class='ocrx_word' id='word_1_194' title='bbox 1168 1670 1250 1724; x_wconf 72' lang='lat' dir='ltr'><strong>Ea:</strong></span> <span class='ocrx_word' id='word_1_195' title='bbox 1287 1688 1325 1725; x_wconf 90' lang='lat' dir='ltr'><strong>ll</strong></span> <span class='ocrx_word' id='word_1_196' title='bbox 1359 1673 1596 1725; x_wconf 83' lang='lat' dir='ltr'><strong>oratione</strong></span> <span class='ocrx_word' id='word_1_197' title='bbox 1627 1672 1690 1724; x_wconf 84' lang='lat' dir='ltr'><strong>de</strong></span> <span class='ocrx_word' id='word_1_198' title='bbox 1723 1669 1887 1727; x_wconf 81' lang='lat' dir='ltr'><strong>Filio.</strong></span> 
     </span>
    </p>
   </div>
   <div class='ocr_carea' id='block_1_26' title="bbox 2141 1657 3630 1808">
    <p class='ocr_par' dir='ltr' id='par_1_26' title="bbox 2141 1666 3630 1808">
     <span class='ocr_line' id='line_1_26' title="bbox 2141 1666 3630 1793; baseline 0.001 -70"><span class='ocrx_word' id='word_1_199' title='bbox 2141 1670 2220 1723; x_wconf 85' lang='grc' dir='ltr'>ὀῦ</span> <span class='ocrx_word' id='word_1_200' title='bbox 2244 1669 2433 1722; x_wconf 86' lang='grc' dir='ltr'>αὐτοῦ</span> <span class='ocrx_word' id='word_1_201' title='bbox 2474 1669 2810 1793; x_wconf 59' lang='grc' dir='ltr'><strong>πρόςδτοὺὶ·</strong></span> <span class='ocrx_word' id='word_1_202' title='bbox 2858 1670 3083 1793; x_wconf 53' lang='grc' dir='ltr'><strong>αὑτλιὲὺς</strong></span> <span class='ocrx_word' id='word_1_203' title='bbox 3133 1666 3205 1721; x_wconf 68' lang='grc' dir='ltr'>ἐκ</span> <span class='ocrx_word' id='word_1_204' title='bbox 3233 1667 3337 1721; x_wconf 83' lang='grc' dir='ltr'>τοῦ</span> <span class='ocrx_word' id='word_1_205' title='bbox 3378 1666 3630 1736; x_wconf 73' lang='grc' dir='ltr'><strong>περὶ-Ποῦ</strong></span> 
     </span>
     <span class='ocr_line' id='line_1_27' title="bbox 2669 1756 3155 1808; baseline 0.004 -16"><span class='ocrx_word' id='word_1_206' title='bbox 2669 1756 2771 1793; x_wconf 74' lang='lat' dir='ltr'><strong>aut</strong></span> <span class='ocrx_word' id='word_1_207' title='bbox 2802 1757 2915 1808; x_wconf 86' lang='grc' dir='ltr'><strong>ρου</strong></span> <span class='ocrx_word' id='word_1_208' title='bbox 3023 1756 3155 1808; x_wconf 73' lang='grc' dir='ltr'>του.</span> 
     </span>
    </p>
   </div>
   <div class='ocr_carea' id='block_1_27' title="bbox 488 1826 1977 1903">
    <p class='ocr_par' dir='ltr' id='par_1_27' title="bbox 488 1826 1946 1898">
     <span class='ocr_line' id='line_1_28' title="bbox 488 1826 1946 1898; baseline 0.002 -18"><span class='ocrx_word' id='word_1_209' title='bbox 488 1826 622 1881; x_wconf 86' lang='lat' dir='ltr'><strong>Illud</strong></span> <span class='ocrx_word' id='word_1_210' title='bbox 658 1828 877 1897; x_wconf 86' lang='lat' dir='ltr'><strong>quidem</strong></span> <span class='ocrx_word' id='word_1_211' title='bbox 926 1843 1091 1881; x_wconf 88' lang='lat' dir='ltr'><strong>unum</strong></span> <span class='ocrx_word' id='word_1_212' title='bbox 1127 1827 1258 1896; x_wconf 85' lang='lat' dir='ltr'><strong>ipsis</strong></span> <span class='ocrx_word' id='word_1_213' title='bbox 1304 1827 1418 1883; x_wconf 84' lang='lat' dir='ltr'><strong>iere</strong></span> <span class='ocrx_word' id='word_1_214' title='bbox 1473 1829 1527 1883; x_wconf 91' lang='lat' dir='ltr'><strong>in</strong></span> <span class='ocrx_word' id='word_1_215' title='bbox 1578 1836 1827 1898; x_wconf 89' lang='lat' dir='ltr'><strong>promptu</strong></span> <span class='ocrx_word' id='word_1_216' title='bbox 1862 1836 1946 1883; x_wconf 90' lang='lat' dir='ltr'><strong>est</strong></span> 
     </span>
    </p>
   </div>
   <div class='ocr_carea' id='block_1_28' title="bbox 2140 1826 3629 1903">
    <p class='ocr_par' dir='ltr' id='par_1_28' title="bbox 2184 1826 3629 1903">
     <span class='ocr_line' id='line_1_29' title="bbox 2184 1826 3629 1903; baseline 0.003 -23"><span class='ocrx_word' id='word_1_217' title='bbox 2184 1826 2344 1881; x_wconf 67' lang='grc' dir='ltr'>Ἐστι</span> <span class='ocrx_word' id='word_1_218' title='bbox 2393 1827 2501 1898; x_wconf 81' lang='grc' dir='ltr'><strong>γὰρ</strong></span> <span class='ocrx_word' id='word_1_219' title='bbox 2541 1829 2599 1881; x_wconf 79' lang='grc' dir='ltr'>ὲν</span> <span class='ocrx_word' id='word_1_220' title='bbox 2637 1830 2739 1899; x_wconf 84' lang='grc' dir='ltr'>μὲν</span> <span class='ocrx_word' id='word_1_221' title='bbox 2785 1830 2972 1891; x_wconf 76' lang='grc' dir='ltr'>αὐτοῖς</span> <span class='ocrx_word' id='word_1_222' title='bbox 3026 1830 3207 1882; x_wconf 79' lang='grc' dir='ltr'>έκεῖνο</span> <span class='ocrx_word' id='word_1_223' title='bbox 3262 1831 3355 1882; x_wconf 75' lang='grc' dir='ltr'><strong>καὶ</strong></span> <span class='ocrx_word' id='word_1_224' title='bbox 3386 1828 3495 1882; x_wconf 86' lang='grc' dir='ltr'>λίαν</span> <span class='ocrx_word' id='word_1_225' title='bbox 3525 1832 3629 1903; x_wconf 84' lang='grc' dir='ltr'><strong>πρό-</strong></span> 
     </span>
    </p>
   </div>
   <div class='ocr_carea' id='block_1_29' title="bbox 429 1910 1918 1986">
    <p class='ocr_par' dir='ltr' id='par_1_29' title="bbox 429 1912 1918 1981">
     <span class='ocr_line' id='line_1_30' title="bbox 429 1912 1918 1981; baseline -0.003 -15"><span class='ocrx_word' id='word_1_226' title='bbox 429 1913 684 1967; x_wconf 77' lang='lat' dir='ltr'><strong>Dominus</strong></span> <span class='ocrx_word' id='word_1_227' title='bbox 701 1915 887 1967; x_wconf 81' lang='lat' dir='ltr'><strong>creavit</strong></span> <span class='ocrx_word' id='word_1_228' title='bbox 906 1929 985 1965; x_wconf 89' lang='lat' dir='ltr'><strong>me</strong></span> <span class='ocrx_word' id='word_1_229' title='bbox 999 1913 1307 1981; x_wconf 85' lang='lat' dir='ltr'><strong>principium</strong></span> <span class='ocrx_word' id='word_1_230' title='bbox 1326 1912 1527 1964; x_wconf 81' lang='lat' dir='ltr'><strong>viarum</strong></span> <span class='ocrx_word' id='word_1_231' title='bbox 1540 1927 1751 1964; x_wconf 78' lang='lat' dir='ltr'><strong>suarum</strong></span> <span class='ocrx_word' id='word_1_232' title='bbox 1766 1912 1835 1963; x_wconf 77' lang='lat' dir='ltr'><strong>ad</strong></span> <span class='ocrx_word' id='word_1_233' title='bbox 1850 1927 1918 1979; x_wconf 83' lang='lat' dir='ltr'><strong>op.</strong></span> 
     </span>
    </p>
   </div>
   <div class='ocr_carea' id='block_1_30' title="bbox 2143 1910 3632 1986">
    <p class='ocr_par' dir='ltr' id='par_1_30' title="bbox 2143 1910 3632 1986">
     <span class='ocr_line' id='line_1_31' title="bbox 2143 1910 3632 1986; baseline 0.009 -26"><span class='ocrx_word' id='word_1_234' title='bbox 2143 1925 2281 1978; x_wconf 74' lang='lat' dir='ltr'><strong>ttpov</strong></span> <span class='ocrx_word' id='word_1_235' title='bbox 2300 1910 2379 1973; x_wconf 79' lang='grc' dir='ltr'><strong>τὸ,</strong></span> <span class='ocrx_word' id='word_1_236' title='bbox 2413 1914 2628 1980; x_wconf 82' lang='grc' dir='ltr'>Κύριος</span> <span class='ocrx_word' id='word_1_237' title='bbox 2656 1914 2859 1969; x_wconf 80' lang='grc' dir='ltr'>ἐκτισέ</span> <span class='ocrx_word' id='word_1_238' title='bbox 2879 1932 2956 1983; x_wconf 79' lang='grc' dir='ltr'><strong>με</strong></span> <span class='ocrx_word' id='word_1_239' title='bbox 2986 1916 3187 1984; x_wconf 79' lang='grc' dir='ltr'><strong>ἀρχὴν</strong></span> <span class='ocrx_word' id='word_1_240' title='bbox 3214 1915 3369 1970; x_wconf 80' lang='grc' dir='ltr'><strong>ὁδῶν</strong></span> <span class='ocrx_word' id='word_1_241' title='bbox 3389 1919 3551 1974; x_wconf 84' lang='grc' dir='ltr'>αὐτοῦ</span> <span class='ocrx_word' id='word_1_242' title='bbox 3569 1924 3632 1986; x_wconf 83' lang='grc' dir='ltr'>είς</span> 
     </span>
    </p>
   </div>
   <div class='ocr_carea' id='block_1_31' title="bbox 430 1993 1919 2074">
    <p class='ocr_par' dir='ltr' id='par_1_31' title="bbox 430 2001 1919 2074">
     <span class='ocr_line' id='line_1_32' title="bbox 430 2001 1919 2074; baseline -0.001 -16"><span class='ocrx_word' id='word_1_243' title='bbox 430 2021 527 2058; x_wconf 76' lang='lat' dir='ltr'><strong>sua</strong></span> <span class='ocrx_word' id='word_1_244' title='bbox 581 2001 619 2058; x_wconf 83' lang='lat'><strong>&#39;.</strong></span> <span class='ocrx_word' id='word_1_245' title='bbox 656 2004 752 2057; x_wconf 82' lang='lat' dir='ltr'><strong>Cui</strong></span> <span class='ocrx_word' id='word_1_246' title='bbox 777 2013 1096 2072; x_wconf 85' lang='lat' dir='ltr'><strong>argumento</strong></span> <span class='ocrx_word' id='word_1_247' title='bbox 1128 2019 1236 2074; x_wconf 85' lang='lat' dir='ltr'><strong>quo</strong></span> <span class='ocrx_word' id='word_1_248' title='bbox 1283 2004 1499 2059; x_wconf 87' lang='lat' dir='ltr'><strong>tandem</strong></span> <span class='ocrx_word' id='word_1_249' title='bbox 1554 2003 1714 2058; x_wconf 90' lang='lat' dir='ltr'><strong>modo</strong></span> <span class='ocrx_word' id='word_1_250' title='bbox 1754 2017 1919 2058; x_wconf 88' lang='lat' dir='ltr'><strong>occur</strong></span> 
     </span>
    </p>
   </div>
   <div class='ocr_carea' id='block_1_32' title="bbox 2143 1993 3632 2074">
    <p class='ocr_par' dir='ltr' id='par_1_32' title="bbox 2143 1998 3632 2073">
     <span class='ocr_line' id='line_1_33' title="bbox 2143 1998 3632 2073; baseline 0.005 -23"><span class='ocrx_word' id='word_1_251' title='bbox 2143 2012 2247 2064; x_wconf 68' lang='lat' dir='ltr'><strong>pra</strong></span> <span class='ocrx_word' id='word_1_252' title='bbox 2275 1998 2485 2052; x_wconf 82' lang='grc' dir='ltr'>αὐτοῦ.</span> <span class='ocrx_word' id='word_1_253' title='bbox 2530 2000 2674 2071; x_wconf 84' lang='grc' dir='ltr'>Πρὸς</span> <span class='ocrx_word' id='word_1_254' title='bbox 2705 2001 2733 2053; x_wconf 83' lang='grc' dir='ltr'><strong><em>ὃ</em></strong></span> <span class='ocrx_word' id='word_1_255' title='bbox 2769 2002 2886 2065; x_wconf 84' lang='grc' dir='ltr'><strong>πῶς</strong></span> <span class='ocrx_word' id='word_1_256' title='bbox 2919 2001 3377 2073; x_wconf 81' lang='grc' dir='ltr'>ἀπαντησόμεθα;</span> <span class='ocrx_word' id='word_1_257' title='bbox 3411 2004 3478 2057; x_wconf 84' lang='grc' dir='ltr'>Ού</span> <span class='ocrx_word' id='word_1_258' title='bbox 3516 2004 3632 2059; x_wconf 50' lang='grc' dir='ltr'>ἅλο-</span> 
     </span>
    </p>
   </div>
   <div class='ocr_carea' id='block_1_33' title="bbox 435 2086 1924 2168">
    <p class='ocr_par' dir='ltr' id='par_1_33' title="bbox 435 2091 1924 2162">
     <span class='ocr_line' id='line_1_34' title="bbox 435 2091 1924 2162; baseline -0.001 -16"><span class='ocrx_word' id='word_1_259' title='bbox 435 2094 593 2147; x_wconf 87' lang='lat' dir='ltr'><strong>mns?</strong></span> <span class='ocrx_word' id='word_1_260' title='bbox 620 2091 757 2146; x_wconf 85' lang='lat' dir='ltr'><strong>Num</strong></span> <span class='ocrx_word' id='word_1_261' title='bbox 793 2093 1135 2147; x_wconf 88' lang='lat' dir='ltr'><strong>Salomonem</strong></span> <span class='ocrx_word' id='word_1_262' title='bbox 1169 2092 1592 2148; x_wconf 87' lang='lat' dir='ltr'><strong>accusabimus?</strong></span> <span class='ocrx_word' id='word_1_263' title='bbox 1617 2091 1751 2147; x_wconf 82' lang='lat' dir='ltr'><strong>Num</strong></span> <span class='ocrx_word' id='word_1_264' title='bbox 1776 2094 1924 2162; x_wconf 84' lang='lat' dir='ltr'><strong>pristi</strong></span> 
     </span>
    </p>
   </div>
   <div class='ocr_carea' id='block_1_34' title="bbox 2140 2086 3629 2168">
    <p class='ocr_par' dir='ltr' id='par_1_34' title="bbox 2140 2086 3629 2168">
     <span class='ocr_line' id='line_1_35' title="bbox 2140 2086 3629 2168; baseline 0.009 -31"><span class='ocrx_word' id='word_1_265' title='bbox 2140 2086 2312 2152; x_wconf 85' lang='grc' dir='ltr'>,ὧντος</span> <span class='ocrx_word' id='word_1_266' title='bbox 2359 2093 2846 2163; x_wconf 73' lang='grc' dir='ltr'>κατηγορήσομενς</span> <span class='ocrx_word' id='word_1_267' title='bbox 2907 2094 2968 2146; x_wconf 84' lang='grc' dir='ltr'><strong>ού</strong></span> <span class='ocrx_word' id='word_1_268' title='bbox 3012 2094 3082 2147; x_wconf 85' lang='grc' dir='ltr'>τὰ</span> <span class='ocrx_word' id='word_1_269' title='bbox 3138 2096 3272 2166; x_wconf 73' lang='grc' dir='ltr'>πρὶν</span> <span class='ocrx_word' id='word_1_270' title='bbox 3331 2095 3629 2168; x_wconf 53' lang='lat' dir='ltr'><strong>domum,</strong></span> 
     </span>
    </p>
   </div>
   <div class='ocr_carea' id='block_1_35' title="bbox 435 2175 1924 2255">
    <p class='ocr_par' dir='ltr' id='par_1_35' title="bbox 435 2184 1924 2255">
     <span class='ocr_line' id='line_1_36' title="bbox 435 2184 1924 2255; baseline -0.001 -18"><span class='ocrx_word' id='word_1_271' title='bbox 435 2184 606 2252; x_wconf 84' lang='lat' dir='ltr'><strong>ipsius</strong></span> <span class='ocrx_word' id='word_1_272' title='bbox 638 2185 777 2238; x_wconf 90' lang='lat' dir='ltr'><strong>dicta</strong></span> <span class='ocrx_word' id='word_1_273' title='bbox 811 2186 878 2238; x_wconf 90' lang='lat' dir='ltr'><strong>ob</strong></span> <span class='ocrx_word' id='word_1_274' title='bbox 901 2194 1233 2253; x_wconf 55' lang='lat' dir='ltr'><strong>postremum</strong></span> <span class='ocrx_word' id='word_1_275' title='bbox 1264 2185 1433 2253; x_wconf 88' lang='lat' dir='ltr'><strong>ipsius</strong></span> <span class='ocrx_word' id='word_1_276' title='bbox 1482 2184 1685 2255; x_wconf 88' lang='lat' dir='ltr'><strong>lapsum</strong></span> <span class='ocrx_word' id='word_1_277' title='bbox 1718 2185 1924 2251; x_wconf 66' lang='lat' dir='ltr'><strong>abrognl</strong></span> 
     </span>
    </p>
   </div>
   <div class='ocr_carea' id='block_1_36' title="bbox 2143 2175 3632 2255">
    <p class='ocr_par' dir='ltr' id='par_1_36' title="bbox 2143 2176 3632 2255">
     <span class='ocr_line' id='line_1_37' title="bbox 2143 2176 3632 2255; baseline 0.005 -25"><span class='ocrx_word' id='word_1_278' title='bbox 2143 2176 2189 2230; x_wconf 81' lang='grc' dir='ltr'><strong>,ἁ</strong></span> <span class='ocrx_word' id='word_1_279' title='bbox 2232 2178 2331 2249; x_wconf 83' lang='grc' dir='ltr'>τὴν</span> <span class='ocrx_word' id='word_1_280' title='bbox 2370 2179 2682 2234; x_wconf 77' lang='grc' dir='ltr'>τελευταίαν</span> <span class='ocrx_word' id='word_1_281' title='bbox 2733 2183 3133 2253; x_wconf 77' lang='grc' dir='ltr'>παράπτωσινς</span> <span class='ocrx_word' id='word_1_282' title='bbox 3189 2185 3311 2254; x_wconf 75' lang='grc' dir='ltr'>οὐχὶ</span> <span class='ocrx_word' id='word_1_283' title='bbox 3350 2184 3443 2255; x_wconf 79' lang='grc' dir='ltr'><strong>τῆς</strong></span> <span class='ocrx_word' id='word_1_284' title='bbox 3487 2188 3632 2254; x_wconf 77' lang='grc' dir='ltr'>σοφίας</span> 
     </span>
    </p>
   </div>
   <div class='ocr_carea' id='block_1_37' title="bbox 437 2268 1926 2349">
    <p class='ocr_par' dir='ltr' id='par_1_37' title="bbox 437 2276 1926 2346">
     <span class='ocr_line' id='line_1_38' title="bbox 437 2276 1926 2346; baseline 0 -17"><span class='ocrx_word' id='word_1_285' title='bbox 437 2276 598 2332; x_wconf 82' lang='lat' dir='ltr'><strong>mus?</strong></span> <span class='ocrx_word' id='word_1_286' title='bbox 622 2277 759 2330; x_wconf 84' lang='lat' dir='ltr'><strong>Num</strong></span> <span class='ocrx_word' id='word_1_287' title='bbox 795 2277 1075 2346; x_wconf 87' lang='lat' dir='ltr'><strong>ipsiusmet</strong></span> <span class='ocrx_word' id='word_1_288' title='bbox 1105 2277 1384 2346; x_wconf 67' lang='lat' dir='ltr'><strong>sapientiae</strong></span> <span class='ocrx_word' id='word_1_289' title='bbox 1404 2317 1419 2342; x_wconf 89' lang='lat'><strong>,</strong></span> <span class='ocrx_word' id='word_1_290' title='bbox 1474 2293 1535 2330; x_wconf 90' lang='lat' dir='ltr'><strong>ac</strong></span> <span class='ocrx_word' id='word_1_291' title='bbox 1568 2276 1715 2332; x_wconf 89' lang='lat' dir='ltr'><strong>velut</strong></span> <span class='ocrx_word' id='word_1_292' title='bbox 1743 2276 1926 2330; x_wconf 85' lang='lat' dir='ltr'><strong>scienti</strong></span> 
     </span>
    </p>
   </div>
   <div class='ocr_carea' id='block_1_38' title="bbox 2141 2268 3630 2349">
    <p class='ocr_par' dir='ltr' id='par_1_38' title="bbox 2141 2268 3630 2349">
     <span class='ocr_line' id='line_1_39' title="bbox 2141 2268 3630 2349; baseline 0.007 -29"><span class='ocrx_word' id='word_1_293' title='bbox 2141 2268 2271 2338; x_wconf 78' lang='grc' dir='ltr'><strong>ὐτῆς</strong></span> <span class='ocrx_word' id='word_1_294' title='bbox 2299 2271 2532 2342; x_wconf 79' lang='grc' dir='ltr'>ἐροῦμεν</span> <span class='ocrx_word' id='word_1_295' title='bbox 2570 2269 2709 2327; x_wconf 76' lang='grc' dir='ltr'>εἶναι</span> <span class='ocrx_word' id='word_1_296' title='bbox 2761 2274 2853 2326; x_wconf 83' lang='grc' dir='ltr'><strong>τὸν</strong></span> <span class='ocrx_word' id='word_1_297' title='bbox 2898 2274 3075 2342; x_wconf 79' lang='grc' dir='ltr'>λόγον,</span> <span class='ocrx_word' id='word_1_298' title='bbox 3098 2276 3205 2345; x_wconf 83' lang='grc' dir='ltr'><strong>τῆς</strong></span> <span class='ocrx_word' id='word_1_299' title='bbox 3235 2270 3346 2329; x_wconf 76' lang='grc' dir='ltr'>οἷον</span> <span class='ocrx_word' id='word_1_300' title='bbox 3378 2277 3630 2349; x_wconf 76' lang='grc' dir='ltr'><strong>ἐπιστήμης</strong></span> 
     </span>
    </p>
   </div>
   <div class='ocr_carea' id='block_1_39' title="bbox 436 2357 1925 2434">
    <p class='ocr_par' dir='ltr' id='par_1_39' title="bbox 436 2365 1925 2434">
     <span class='ocr_line' id='line_1_40' title="bbox 436 2365 1925 2434; baseline -0.001 -16"><span class='ocrx_word' id='word_1_301' title='bbox 436 2365 773 2434; x_wconf 58' lang='lat' dir='ltr'><strong>artificis-que</strong></span> <span class='ocrx_word' id='word_1_302' title='bbox 792 2366 1042 2430; x_wconf 87' lang='lat' dir='ltr'><strong>rationis,</strong></span> <span class='ocrx_word' id='word_1_303' title='bbox 1060 2365 1353 2420; x_wconf 82' lang='lat' dir='ltr'><strong>secundum</strong></span> <span class='ocrx_word' id='word_1_304' title='bbox 1380 2380 1543 2434; x_wconf 90' lang='lat' dir='ltr'><strong>quam</strong></span> <span class='ocrx_word' id='word_1_305' title='bbox 1584 2367 1765 2419; x_wconf 88' lang='lat' dir='ltr'><strong>omnia</strong></span> <span class='ocrx_word' id='word_1_306' title='bbox 1792 2368 1925 2419; x_wconf 87' lang='lat' dir='ltr'><strong>cond</strong></span> 
     </span>
    </p>
   </div>
   <div class='ocr_carea' id='block_1_40' title="bbox 2143 2357 3632 2434">
    <p class='ocr_par' dir='ltr' id='par_1_40' title="bbox 2143 2357 3632 2432">
     <span class='ocr_line' id='line_1_41' title="bbox 2143 2357 3632 2432; baseline 0.006 -22"><span class='ocrx_word' id='word_1_307' title='bbox 2143 2358 2197 2410; x_wconf 79' lang='lat' dir='ltr'><strong>al.</strong></span> <span class='ocrx_word' id='word_1_308' title='bbox 2223 2357 2316 2411; x_wconf 82' lang='grc' dir='ltr'><strong>τού</strong></span> <span class='ocrx_word' id='word_1_309' title='bbox 2343 2362 2584 2430; x_wconf 80' lang='grc' dir='ltr'>τεχνίτου</span> <span class='ocrx_word' id='word_1_310' title='bbox 2786 2363 2965 2432; x_wconf 85' lang='grc' dir='ltr'>λόγου,</span> <span class='ocrx_word' id='word_1_311' title='bbox 3006 2363 3130 2418; x_wconf 81' lang='grc' dir='ltr'>καθ’</span> <span class='ocrx_word' id='word_1_312' title='bbox 3167 2366 3229 2418; x_wconf 85' lang='grc' dir='ltr'>ὃν</span> <span class='ocrx_word' id='word_1_313' title='bbox 3256 2366 3324 2419; x_wconf 81' lang='grc' dir='ltr'>τὰ</span> <span class='ocrx_word' id='word_1_314' title='bbox 3356 2366 3513 2418; x_wconf 84' lang='grc' dir='ltr'>πάντα</span> <span class='ocrx_word' id='word_1_315' title='bbox 3542 2384 3632 2419; x_wconf 84' lang='grc' dir='ltr'>συν-</span> 
     </span>
    </p>
   </div>
   <div class='ocr_carea' id='block_1_41' title="bbox 436 2449 1925 2529">
    <p class='ocr_par' dir='ltr' id='par_1_41' title="bbox 436 2455 1925 2525">
     <span class='ocr_line' id='line_1_42' title="bbox 436 2455 1925 2525; baseline 0 -17"><span class='ocrx_word' id='word_1_316' title='bbox 436 2467 583 2518; x_wconf 87' lang='lat' dir='ltr'><strong>sunt,</strong></span> <span class='ocrx_word' id='word_1_317' title='bbox 616 2457 755 2511; x_wconf 87' lang='lat' dir='ltr'><strong>hunc</strong></span> <span class='ocrx_word' id='word_1_318' title='bbox 780 2472 1083 2510; x_wconf 87' lang='lat' dir='ltr'><strong>sermonem</strong></span> <span class='ocrx_word' id='word_1_319' title='bbox 1113 2470 1235 2510; x_wconf 90' lang='lat' dir='ltr'><strong>esse</strong></span> <span class='ocrx_word' id='word_1_320' title='bbox 1267 2456 1549 2511; x_wconf 84' lang='lat' dir='ltr'><strong>dicemus?</strong></span> <span class='ocrx_word' id='word_1_321' title='bbox 1581 2455 1843 2525; x_wconf 86' lang='lat' dir='ltr'><strong>Pleraque</strong></span> <span class='ocrx_word' id='word_1_322' title='bbox 1862 2471 1925 2509; x_wconf 90' lang='lat' dir='ltr'><strong>en</strong></span> 
     </span>
    </p>
   </div>
   <div class='ocr_carea' id='block_1_42' title="bbox 2142 2449 3631 2529">
    <p class='ocr_par' dir='ltr' id='par_1_42' title="bbox 2142 2453 3631 2529">
     <span class='ocr_line' id='line_1_43' title="bbox 2142 2453 3631 2529; baseline 0.007 -27"><span class='ocrx_word' id='word_1_323' title='bbox 2142 2467 2268 2522; x_wconf 80' lang='grc' dir='ltr'>στη;</span> <span class='ocrx_word' id='word_1_324' title='bbox 2329 2453 2508 2507; x_wconf 88' lang='grc' dir='ltr'>Πολλὰ</span> <span class='ocrx_word' id='word_1_325' title='bbox 2538 2455 2647 2527; x_wconf 83' lang='grc' dir='ltr'><strong>γὰρ</strong></span> <span class='ocrx_word' id='word_1_326' title='bbox 2680 2457 2712 2527; x_wconf 81' lang='grc' dir='ltr'>ὴ</span> <span class='ocrx_word' id='word_1_327' title='bbox 2758 2458 2949 2528; x_wconf 83' lang='grc' dir='ltr'>Γραφὴ</span> <span class='ocrx_word' id='word_1_328' title='bbox 2977 2462 3409 2529; x_wconf 59' lang='grc' dir='ltr'>προσωποποιεϋ</span> <span class='ocrx_word' id='word_1_329' title='bbox 3444 2454 3533 2511; x_wconf 78' lang='grc' dir='ltr'>οἶδε</span> <span class='ocrx_word' id='word_1_330' title='bbox 3565 2462 3631 2512; x_wconf 82' lang='grc' dir='ltr'><strong>καὶ</strong></span> 
     </span>
    </p>
   </div>
   <div class='ocr_carea' id='block_1_43' title="bbox 437 2543 1926 2614">
    <p class='ocr_par' dir='ltr' id='par_1_43' title="bbox 437 2544 1926 2614">
     <span class='ocr_line' id='line_1_44' title="bbox 437 2544 1926 2614; baseline -0.001 -19"><span class='ocrx_word' id='word_1_331' title='bbox 437 2561 500 2597; x_wconf 77' lang='lat' dir='ltr'><strong>ex</strong></span> <span class='ocrx_word' id='word_1_332' title='bbox 535 2548 637 2606; x_wconf 80' lang='lat' dir='ltr'><strong>liis.</strong></span> <span class='ocrx_word' id='word_1_333' title='bbox 674 2561 794 2611; x_wconf 65' lang='lat' dir='ltr'><strong>quae</strong></span> <span class='ocrx_word' id='word_1_334' title='bbox 826 2546 1005 2599; x_wconf 89' lang='lat' dir='ltr'><strong>anima</strong></span> <span class='ocrx_word' id='word_1_335' title='bbox 1040 2553 1250 2607; x_wconf 85' lang='lat' dir='ltr'><strong>carent,</strong></span> <span class='ocrx_word' id='word_1_336' title='bbox 1301 2544 1581 2614; x_wconf 87' lang='lat' dir='ltr'><strong>Scriptura</strong></span> <span class='ocrx_word' id='word_1_337' title='bbox 1615 2559 1710 2614; x_wconf 91' lang='lat' dir='ltr'><strong>per</strong></span> <span class='ocrx_word' id='word_1_338' title='bbox 1748 2558 1926 2612; x_wconf 69' lang='lat' dir='ltr'><strong>prosol</strong></span> 
     </span>
    </p>
   </div>
   <div class='ocr_carea' id='block_1_44' title="bbox 2139 2543 3628 2614">
    <p class='ocr_par' dir='ltr' id='par_1_44' title="bbox 2139 2543 3628 2613">
     <span class='ocr_line' id='line_1_45' title="bbox 2139 2543 3628 2613; baseline 0.006 -17"><span class='ocrx_word' id='word_1_339' title='bbox 2139 2543 2210 2596; x_wconf 87' lang='grc' dir='ltr'>ὧν</span> <span class='ocrx_word' id='word_1_340' title='bbox 2237 2544 2477 2613; x_wconf 74' lang='grc' dir='ltr'>ἀψύχων.</span> <span class='ocrx_word' id='word_1_341' title='bbox 2500 2547 2571 2609; x_wconf 82' lang='grc' dir='ltr'><strong>ὡς</strong></span> <span class='ocrx_word' id='word_1_342' title='bbox 2588 2547 2666 2611; x_wconf 77' lang='grc' dir='ltr'><strong>τὸ,</strong></span> <span class='ocrx_word' id='word_1_343' title='bbox 2684 2549 2755 2601; x_wconf 86' lang='lat' dir='ltr'><strong>&#39;H</strong></span> <span class='ocrx_word' id='word_1_344' title='bbox 2780 2547 3063 2603; x_wconf 77' lang='grc' dir='ltr'>θάλασσα</span> <span class='ocrx_word' id='word_1_345' title='bbox 3094 2546 3228 2603; x_wconf 80' lang='grc' dir='ltr'>εἶπε</span> <span class='ocrx_word' id='word_1_346' title='bbox 3247 2548 3383 2601; x_wconf 80' lang='grc' dir='ltr'>τάδε</span> <span class='ocrx_word' id='word_1_347' title='bbox 3405 2550 3488 2603; x_wconf 78' lang='grc' dir='ltr'><strong>καί</strong></span> <span class='ocrx_word' id='word_1_348' title='bbox 3510 2550 3628 2606; x_wconf 79' lang='grc' dir='ltr'>τάδε.</span> 
     </span>
    </p>
   </div>
   <div class='ocr_carea' id='block_1_45' title="bbox 440 2632 1929 2708">
    <p class='ocr_par' dir='ltr' id='par_1_45' title="bbox 440 2635 1929 2704">
     <span class='ocr_line' id='line_1_46' title="bbox 440 2635 1929 2704; baseline 0 -17"><span class='ocrx_word' id='word_1_349' title='bbox 440 2638 633 2702; x_wconf 71' lang='grc' dir='ltr'>ρωίιιιιι</span> <span class='ocrx_word' id='word_1_350' title='bbox 670 2635 941 2704; x_wconf 87' lang='lat' dir='ltr'><strong>loquentia</strong></span> <span class='ocrx_word' id='word_1_351' title='bbox 1003 2636 1262 2689; x_wconf 84' lang='lat' dir='ltr'><strong>inducere</strong></span> <span class='ocrx_word' id='word_1_352' title='bbox 1326 2637 1631 2700; x_wconf 82' lang='lat' dir='ltr'><strong>consuevit,</strong></span> <span class='ocrx_word' id='word_1_353' title='bbox 1657 2635 1808 2703; x_wconf 82' lang='lat' dir='ltr'><strong>juxta</strong></span> <span class='ocrx_word' id='word_1_354' title='bbox 1843 2636 1929 2689; x_wconf 89' lang='lat' dir='ltr'><strong>illu</strong></span> 
     </span>
    </p>
   </div>
   <div class='ocr_carea' id='block_1_46' title="bbox 2140 2632 3629 2708">
    <p class='ocr_par' dir='ltr' id='par_1_46' title="bbox 2140 2632 3629 2708">
     <span class='ocr_line' id='line_1_47' title="bbox 2140 2632 3629 2708; baseline 0.006 -25"><span class='ocrx_word' id='word_1_355' title='bbox 2140 2632 2235 2695; x_wconf 71' lang='lat' dir='ltr'><strong>Lat,</strong></span> <span class='ocrx_word' id='word_1_356' title='bbox 2276 2634 2347 2687; x_wconf 84' lang='grc' dir='ltr'><em>Ἠ</em></span> <span class='ocrx_word' id='word_1_357' title='bbox 2377 2635 2648 2703; x_wconf 72' lang='grc' dir='ltr'>ἄϐυσσος</span> <span class='ocrx_word' id='word_1_358' title='bbox 2677 2632 2846 2690; x_wconf 76' lang='grc' dir='ltr'>εἶπεν</span> <span class='ocrx_word' id='word_1_359' title='bbox 2870 2654 2883 2666; x_wconf 76' lang='grc' dir='ltr'><strong>ο</strong></span> <span class='ocrx_word' id='word_1_360' title='bbox 2922 2640 3043 2691; x_wconf 84' lang='grc' dir='ltr'><strong>Οὐκ</strong></span> <span class='ocrx_word' id='word_1_361' title='bbox 3079 2639 3255 2692; x_wconf 82' lang='grc' dir='ltr'>ἐστιν</span> <span class='ocrx_word' id='word_1_362' title='bbox 3284 2638 3351 2691; x_wconf 84' lang='grc' dir='ltr'><strong>ἐν</strong></span> <span class='ocrx_word' id='word_1_363' title='bbox 3372 2639 3490 2708; x_wconf 82' lang='grc' dir='ltr'>ἐμοί</span> <span class='ocrx_word' id='word_1_364' title='bbox 3510 2656 3522 2668; x_wconf 90' lang='grc'>·</span> <span class='ocrx_word' id='word_1_365' title='bbox 3546 2642 3629 2701; x_wconf 73' lang='grc' dir='ltr'>καὶ,</span> 
     </span>
    </p>
   </div>
   <div class='ocr_carea' id='block_1_47' title="bbox 440 2723 1929 2796">
    <p class='ocr_par' dir='ltr' id='par_1_47' title="bbox 440 2723 1929 2795">
     <span class='ocr_line' id='line_1_48' title="bbox 440 2723 1929 2795; baseline 0 -18"><span class='ocrx_word' id='word_1_366' title='bbox 440 2724 591 2777; x_wconf 79' lang='lat' dir='ltr'><strong>Mare</strong></span> <span class='ocrx_word' id='word_1_367' title='bbox 623 2725 733 2777; x_wconf 77' lang='lat' dir='ltr'><strong>Iure</strong></span> <span class='ocrx_word' id='word_1_368' title='bbox 784 2736 939 2795; x_wconf 79' lang='lat' dir='ltr'><strong>atque</strong></span> <span class='ocrx_word' id='word_1_369' title='bbox 964 2724 1058 2777; x_wconf 82' lang='lat' dir='ltr'><strong>illa</strong></span> <span class='ocrx_word' id='word_1_370' title='bbox 1075 2727 1210 2778; x_wconf 74' lang='lat' dir='ltr'><strong>dixit</strong></span> <span class='ocrx_word' id='word_1_371' title='bbox 1240 2727 1259 2755; x_wconf 82' lang='lat'><strong>’</strong></span> <span class='ocrx_word' id='word_1_372' title='bbox 1292 2741 1306 2791; x_wconf 93' lang='lat'><strong>;</strong></span> <span class='ocrx_word' id='word_1_373' title='bbox 1332 2735 1404 2791; x_wconf 89' lang='lat' dir='ltr'><strong>et,</strong></span> <span class='ocrx_word' id='word_1_374' title='bbox 1438 2724 1669 2795; x_wconf 76' lang='lat' dir='ltr'><strong>Abyssus</strong></span> <span class='ocrx_word' id='word_1_375' title='bbox 1692 2726 1824 2778; x_wconf 72' lang='lat' dir='ltr'><strong>dixit</strong></span> <span class='ocrx_word' id='word_1_376' title='bbox 1851 2723 1929 2777; x_wconf 61' lang='grc' dir='ltr'><strong>εδ</strong></span> 
     </span>
    </p>
   </div>
   <div class='ocr_carea' id='block_1_48' title="bbox 2143 2723 3632 2796">
    <p class='ocr_par' dir='ltr' id='par_1_48' title="bbox 2143 2723 3632 2796">
     <span class='ocr_line' id='line_1_49' title="bbox 2143 2723 3632 2796; baseline 0.006 -23"><span class='ocrx_word' id='word_1_377' title='bbox 2143 2723 2177 2773; x_wconf 76' lang='lat' dir='ltr'><strong>ll</strong></span> <span class='ocrx_word' id='word_1_378' title='bbox 2210 2724 2451 2789; x_wconf 80' lang='grc' dir='ltr'>οὐρανοὶ</span> <span class='ocrx_word' id='word_1_379' title='bbox 2485 2725 2865 2796; x_wconf 74' lang='grc' dir='ltr'>διηγούμενοι</span> <span class='ocrx_word' id='word_1_380' title='bbox 3038 2728 3232 2791; x_wconf 73' lang='grc' dir='ltr'>δόξαν</span> <span class='ocrx_word' id='word_1_381' title='bbox 3255 2728 3415 2782; x_wconf 87' lang='grc' dir='ltr'><strong>Θεοῦ.</strong></span> <span class='ocrx_word' id='word_1_382' title='bbox 3442 2730 3534 2781; x_wconf 76' lang='grc' dir='ltr'><strong>Καὶ</strong></span> <span class='ocrx_word' id='word_1_383' title='bbox 3559 2731 3632 2782; x_wconf 75' lang='grc' dir='ltr'><strong>πά-</strong></span> 
     </span>
    </p>
   </div>
   <div class='ocr_carea' id='block_1_49' title="bbox 438 2810 1927 2893">
    <p class='ocr_par' dir='ltr' id='par_1_49' title="bbox 438 2815 1902 2893">
     <span class='ocr_line' id='line_1_50' title="bbox 438 2815 1902 2893; baseline 0.001 -26"><span class='ocrx_word' id='word_1_384' title='bbox 438 2824 510 2867; x_wconf 75' lang='grc' dir='ltr'>ρει</span> <span class='ocrx_word' id='word_1_385' title='bbox 539 2815 593 2868; x_wconf 87' lang='lat' dir='ltr'><strong>in</strong></span> <span class='ocrx_word' id='word_1_386' title='bbox 624 2832 704 2893; x_wconf 75' lang='lat' dir='ltr'><strong>me</strong></span> <span class='ocrx_word' id='word_1_387' title='bbox 743 2818 764 2850; x_wconf 87' lang='grc'>³</span> <span class='ocrx_word' id='word_1_388' title='bbox 797 2834 812 2883; x_wconf 88' lang='grc'><strong>;</strong></span> <span class='ocrx_word' id='word_1_389' title='bbox 849 2827 923 2879; x_wconf 88' lang='lat' dir='ltr'><strong>et,</strong></span> <span class='ocrx_word' id='word_1_390' title='bbox 953 2815 1083 2871; x_wconf 74' lang='grc' dir='ltr'>εωιε</span> <span class='ocrx_word' id='word_1_391' title='bbox 1130 2826 1378 2871; x_wconf 80' lang='lat' dir='ltr'><strong>enarrant</strong></span> <span class='ocrx_word' id='word_1_392' title='bbox 1438 2816 1661 2885; x_wconf 87' lang='lat' dir='ltr'><strong>gloriam</strong></span> <span class='ocrx_word' id='word_1_393' title='bbox 1700 2816 1793 2869; x_wconf 84' lang='lat' dir='ltr'><strong>Dei</strong></span> <span class='ocrx_word' id='word_1_394' title='bbox 1836 2817 1856 2846; x_wconf 75' lang='grc'><strong>⁸</strong></span> <span class='ocrx_word' id='word_1_395' title='bbox 1886 2833 1902 2884; x_wconf 90' lang='grc'><strong>;</strong></span> 
     </span>
    </p>
   </div>
   <div class='ocr_carea' id='block_1_50' title="bbox 2143 2810 3632 2893">
    <p class='ocr_par' dir='ltr' id='par_1_50' title="bbox 2143 2815 3632 2889">
     <span class='ocr_line' id='line_1_51' title="bbox 2143 2815 3632 2889; baseline 0.006 -25"><span class='ocrx_word' id='word_1_396' title='bbox 2143 2828 2189 2864; x_wconf 91' lang='grc' dir='ltr'><strong>ιν</strong></span> <span class='ocrx_word' id='word_1_397' title='bbox 2222 2815 2469 2887; x_wconf 73' lang='grc' dir='ltr'>ῥομφαίᾳ.</span> <span class='ocrx_word' id='word_1_398' title='bbox 2508 2834 2560 2869; x_wconf 88' lang='grc' dir='ltr'><strong>τι</strong></span> <span class='ocrx_word' id='word_1_399' title='bbox 2607 2817 3003 2885; x_wconf 82' lang='grc' dir='ltr'><strong>διακελεύεται,</strong></span> <span class='ocrx_word' id='word_1_400' title='bbox 3033 2818 3128 2871; x_wconf 76' lang='grc' dir='ltr'><strong>καὶ</strong></span> <span class='ocrx_word' id='word_1_401' title='bbox 3152 2819 3255 2889; x_wconf 77' lang='grc' dir='ltr'><strong>ὅρη</strong></span> <span class='ocrx_word' id='word_1_402' title='bbox 3292 2819 3383 2870; x_wconf 75' lang='grc' dir='ltr'>καὶ</span> <span class='ocrx_word' id='word_1_403' title='bbox 3404 2818 3555 2888; x_wconf 60' lang='grc' dir='ltr'>βουνοί</span> <span class='ocrx_word' id='word_1_404' title='bbox 3578 2821 3632 2874; x_wconf 75' lang='grc' dir='ltr'><strong>λό-</strong></span> 
     </span>
    </p>
   </div>
   <div class='ocr_carea' id='block_1_51' title="bbox 442 2905 1931 2979">
    <p class='ocr_par' dir='ltr' id='par_1_51' title="bbox 442 2906 1905 2977">
     <span class='ocr_line' id='line_1_52' title="bbox 442 2906 1905 2977; baseline 0.001 -18"><span class='ocrx_word' id='word_1_405' title='bbox 442 2922 649 2971; x_wconf 85' lang='lat' dir='ltr'><strong>rursus,</strong></span> <span class='ocrx_word' id='word_1_406' title='bbox 682 2908 901 2962; x_wconf 71' lang='lat' dir='ltr'><strong>framea:</strong></span> <span class='ocrx_word' id='word_1_407' title='bbox 935 2908 1135 2977; x_wconf 88' lang='lat' dir='ltr'><strong>aliquid</strong></span> <span class='ocrx_word' id='word_1_408' title='bbox 1181 2908 1477 2976; x_wconf 86' lang='lat' dir='ltr'><strong>imperatur</strong></span> <span class='ocrx_word' id='word_1_409' title='bbox 1514 2906 1535 2938; x_wconf 86' lang='grc'><strong><em>⁵</em></strong></span> <span class='ocrx_word' id='word_1_410' title='bbox 1558 2948 1572 2973; x_wconf 86' lang='grc'><strong>,</strong></span> <span class='ocrx_word' id='word_1_411' title='bbox 1608 2918 1662 2964; x_wconf 91' lang='lat' dir='ltr'><strong>et</strong></span> <span class='ocrx_word' id='word_1_412' title='bbox 1696 2917 1905 2962; x_wconf 86' lang='lat' dir='ltr'><strong>montes</strong></span> 
     </span>
    </p>
   </div>
   <div class='ocr_carea' id='block_1_52' title="bbox 2139 2905 3628 2979">
    <p class='ocr_par' dir='ltr' id='par_1_52' title="bbox 2139 2905 3628 2979">
     <span class='ocr_line' id='line_1_53' title="bbox 2139 2905 3628 2979; baseline 0.003 -22"><span class='ocrx_word' id='word_1_413' title='bbox 2139 2921 2234 2968; x_wconf 69' lang='lat' dir='ltr'><strong>ou;</strong></span> <span class='ocrx_word' id='word_1_414' title='bbox 2282 2905 2595 2976; x_wconf 74' lang='grc' dir='ltr'>ἐρωτῶνται</span> <span class='ocrx_word' id='word_1_415' title='bbox 2632 2909 2991 2979; x_wconf 86' lang='grc' dir='ltr'>σκιρτήσεως.</span> <span class='ocrx_word' id='word_1_416' title='bbox 3040 2906 3261 2960; x_wconf 80' lang='grc' dir='ltr'>Τούτων</span> <span class='ocrx_word' id='word_1_417' title='bbox 3293 2907 3438 2959; x_wconf 80' lang='grc' dir='ltr'>οὐδέν</span> <span class='ocrx_word' id='word_1_418' title='bbox 3477 2925 3628 2977; x_wconf 80' lang='grc' dir='ltr'>φαμεν,</span> 
     </span>
    </p>
   </div>
   <div class='ocr_carea' id='block_1_53' title="bbox 440 2992 1929 3068">
    <p class='ocr_par' dir='ltr' id='par_1_53' title="bbox 440 2997 1929 3068">
     <span class='ocr_line' id='line_1_54' title="bbox 440 2997 1929 3068; baseline 0.001 -19"><span class='ocrx_word' id='word_1_419' title='bbox 440 2998 603 3051; x_wconf 87' lang='lat' dir='ltr'><strong>colles</strong></span> <span class='ocrx_word' id='word_1_420' title='bbox 632 2997 1008 3052; x_wconf 87' lang='lat' dir='ltr'><strong>exsultatiouis</strong></span> <span class='ocrx_word' id='word_1_421' title='bbox 1059 2998 1080 3028; x_wconf 82' lang='lat'><strong><em>‘</em></strong></span> <span class='ocrx_word' id='word_1_422' title='bbox 1130 3012 1350 3052; x_wconf 88' lang='lat' dir='ltr'><strong>causam</strong></span> <span class='ocrx_word' id='word_1_423' title='bbox 1392 3009 1779 3068; x_wconf 79' lang='lat' dir='ltr'><strong>exposcuntur.</strong></span> <span class='ocrx_word' id='word_1_424' title='bbox 1810 2998 1929 3053; x_wconf 78' lang='lat' dir='ltr'><strong>HOI&#39;I</strong></span> 
     </span>
    </p>
   </div>
   <div class='ocr_carea' id='block_1_54' title="bbox 2142 2992 3631 3068">
    <p class='ocr_par' dir='ltr' id='par_1_54' title="bbox 2142 2992 3631 3067">
     <span class='ocr_line' id='line_1_55' title="bbox 2142 2992 3631 3067; baseline 0.001 -21"><span class='ocrx_word' id='word_1_425' title='bbox 2142 2995 2153 3046; x_wconf 84' lang='grc' dir='ltr'><strong>ί</strong></span> <span class='ocrx_word' id='word_1_426' title='bbox 2182 2992 2276 3047; x_wconf 87' lang='grc' dir='ltr'><strong>καί</strong></span> <span class='ocrx_word' id='word_1_427' title='bbox 2300 3012 2408 3047; x_wconf 90' lang='grc' dir='ltr'>τισι</span> <span class='ocrx_word' id='word_1_428' title='bbox 2438 2996 2548 3047; x_wconf 85' lang='grc' dir='ltr'><strong>τῶν</strong></span> <span class='ocrx_word' id='word_1_429' title='bbox 2584 2994 2691 3067; x_wconf 84' lang='grc' dir='ltr'>πρὸ</span> <span class='ocrx_word' id='word_1_430' title='bbox 2728 2995 2883 3067; x_wconf 81' lang='grc' dir='ltr'>ἡμῶν</span> <span class='ocrx_word' id='word_1_431' title='bbox 2909 2997 2983 3059; x_wconf 84' lang='grc' dir='ltr'><strong>ὡς</strong></span> <span class='ocrx_word' id='word_1_432' title='bbox 3018 2996 3217 3067; x_wconf 72' lang='grc' dir='ltr'>ἰσχυρὰ</span> <span class='ocrx_word' id='word_1_433' title='bbox 3254 2996 3493 3049; x_wconf 84' lang='grc' dir='ltr'>τέθειται.</span> <span class='ocrx_word' id='word_1_434' title='bbox 3532 2996 3631 3048; x_wconf 82' lang='grc' dir='ltr'>Ἀλλ·</span> 
     </span>
    </p>
   </div>
   <div class='ocr_carea' id='block_1_55' title="bbox 443 3084 1932 3159">
    <p class='ocr_par' dir='ltr' id='par_1_55' title="bbox 443 3087 1932 3159">
     <span class='ocr_line' id='line_1_56' title="bbox 443 3087 1932 3159; baseline 0.002 -20"><span class='ocrx_word' id='word_1_435' title='bbox 443 3087 574 3139; x_wconf 87' lang='lat' dir='ltr'><strong>nihil</strong></span> <span class='ocrx_word' id='word_1_436' title='bbox 605 3087 850 3155; x_wconf 81' lang='lat' dir='ltr'><strong>proferre</strong></span> <span class='ocrx_word' id='word_1_437' title='bbox 877 3088 1028 3152; x_wconf 83' lang='lat' dir='ltr'><strong>libet,</strong></span> <span class='ocrx_word' id='word_1_438' title='bbox 1061 3089 1276 3143; x_wconf 89' lang='lat' dir='ltr'><strong>etiamsi</strong></span> <span class='ocrx_word' id='word_1_439' title='bbox 1307 3089 1508 3159; x_wconf 84' lang='lat' dir='ltr'><strong>alioqui</strong></span> <span class='ocrx_word' id='word_1_440' title='bbox 1550 3107 1577 3144; x_wconf 95' lang='lat' dir='ltr'><strong>a</strong></span> <span class='ocrx_word' id='word_1_441' title='bbox 1621 3090 1892 3145; x_wconf 78' lang='lat' dir='ltr'><strong>nonnullis</strong></span> <span class='ocrx_word' id='word_1_442' title='bbox 1923 3110 1932 3142; x_wconf 71' lang='grc' dir='ltr'><strong>ι</strong></span> 
     </span>
    </p>
   </div>
   <div class='ocr_carea' id='block_1_56' title="bbox 2144 3084 3633 3159">
    <p class='ocr_par' dir='ltr' id='par_1_56' title="bbox 2144 3086 3633 3157">
     <span class='ocr_line' id='line_1_57' title="bbox 2144 3086 3633 3157; baseline 0.001 -20"><span class='ocrx_word' id='word_1_443' title='bbox 2144 3103 2245 3138; x_wconf 72' lang='grc' dir='ltr'><strong>στω</strong></span> <span class='ocrx_word' id='word_1_444' title='bbox 2268 3086 2362 3138; x_wconf 81' lang='grc' dir='ltr'>τοῦ</span> <span class='ocrx_word' id='word_1_445' title='bbox 2388 3087 2639 3157; x_wconf 85' lang='grc' dir='ltr'>Σωτῆρος</span> <span class='ocrx_word' id='word_1_446' title='bbox 2667 3087 2853 3147; x_wconf 79' lang='grc' dir='ltr'>αὑτοῦ,</span> <span class='ocrx_word' id='word_1_447' title='bbox 2885 3088 2983 3156; x_wconf 77' lang='grc' dir='ltr'>τῆς</span> <span class='ocrx_word' id='word_1_448' title='bbox 3011 3086 3274 3157; x_wconf 83' lang='grc' dir='ltr'><strong>ἀληθινῆς</strong></span> <span class='ocrx_word' id='word_1_449' title='bbox 3299 3087 3498 3155; x_wconf 80' lang='grc' dir='ltr'>Σοφίας,</span> <span class='ocrx_word' id='word_1_450' title='bbox 3526 3089 3548 3140; x_wconf 84' lang='grc' dir='ltr'><strong>ὁ</strong></span> <span class='ocrx_word' id='word_1_451' title='bbox 3572 3087 3633 3139; x_wconf 79' lang='grc' dir='ltr'><strong>λό-</strong></span> 
     </span>
    </p>
   </div>
   <div class='ocr_carea' id='block_1_57' title="bbox 451 3174 1940 3251">
    <p class='ocr_par' dir='ltr' id='par_1_57' title="bbox 451 3180 1940 3251">
     <span class='ocr_line' id='line_1_58' title="bbox 451 3180 1940 3251; baseline 0.003 -20"><span class='ocrx_word' id='word_1_452' title='bbox 451 3194 593 3243; x_wconf 88' lang='lat' dir='ltr'><strong>rnm,</strong></span> <span class='ocrx_word' id='word_1_453' title='bbox 627 3180 716 3248; x_wconf 92' lang='lat' dir='ltr'><strong>qui</strong></span> <span class='ocrx_word' id='word_1_454' title='bbox 744 3190 871 3233; x_wconf 82' lang='lat' dir='ltr'><strong>ante</strong></span> <span class='ocrx_word' id='word_1_455' title='bbox 896 3197 992 3235; x_wconf 91' lang='lat' dir='ltr'><strong>nos</strong></span> <span class='ocrx_word' id='word_1_456' title='bbox 1033 3182 1381 3249; x_wconf 80' lang='lat' dir='ltr'><strong>exSIiterunt,</strong></span> <span class='ocrx_word' id='word_1_457' title='bbox 1410 3196 1507 3251; x_wconf 90' lang='lat' dir='ltr'><strong>pro</strong></span> <span class='ocrx_word' id='word_1_458' title='bbox 1540 3182 1710 3237; x_wconf 74' lang='lat' dir='ltr'><strong>firmis</strong></span> <span class='ocrx_word' id='word_1_459' title='bbox 1741 3194 1795 3238; x_wconf 86' lang='lat' dir='ltr'><strong>et</strong></span> <span class='ocrx_word' id='word_1_460' title='bbox 1823 3184 1940 3236; x_wconf 77' lang='lat' dir='ltr'><strong>valit</strong></span> 
     </span>
    </p>
   </div>
   <div class='ocr_carea' id='block_1_58' title="bbox 2143 3174 3632 3251">
    <p class='ocr_par' dir='ltr' id='par_1_58' title="bbox 2144 3174 3632 3247">
     <span class='ocr_line' id='line_1_59' title="bbox 2144 3174 3632 3247; baseline 0 -22"><span class='ocrx_word' id='word_1_461' title='bbox 2144 3191 2221 3235; x_wconf 82' lang='grc' dir='ltr'>ος.</span> <span class='ocrx_word' id='word_1_462' title='bbox 2277 3174 2487 3245; x_wconf 81' lang='grc' dir='ltr'>Μικρὸν</span> <span class='ocrx_word' id='word_1_463' title='bbox 2532 3175 2587 3227; x_wconf 83' lang='grc' dir='ltr'>δὲ</span> <span class='ocrx_word' id='word_1_464' title='bbox 2636 3175 3190 3247; x_wconf 67' lang='grc' dir='ltr'>συνδιασκεψώμεθα·</span> <span class='ocrx_word' id='word_1_465' title='bbox 3243 3175 3307 3227; x_wconf 87' lang='grc' dir='ltr'><strong>Τί</strong></span> <span class='ocrx_word' id='word_1_466' title='bbox 3354 3175 3454 3227; x_wconf 82' lang='grc' dir='ltr'><strong>τῶν</strong></span> <span class='ocrx_word' id='word_1_467' title='bbox 3509 3175 3632 3226; x_wconf 80' lang='grc' dir='ltr'>ὄντων</span> 
     </span>
    </p>
   </div>
   <div class='ocr_carea' id='block_1_59' title="bbox 446 3263 1935 3343">
    <p class='ocr_par' dir='ltr' id='par_1_59' title="bbox 446 3270 1935 3343">
     <span class='ocr_line' id='line_1_60' title="bbox 446 3270 1935 3343; baseline 0.004 -22"><span class='ocrx_word' id='word_1_468' title='bbox 446 3270 610 3324; x_wconf 84' lang='lat' dir='ltr'><strong>allata</strong></span> <span class='ocrx_word' id='word_1_469' title='bbox 644 3280 792 3324; x_wconf 91' lang='lat' dir='ltr'><strong>sunt.</strong></span> <span class='ocrx_word' id='word_1_470' title='bbox 828 3270 932 3324; x_wconf 86' lang='lat' dir='ltr'><strong>Sed</strong></span> <span class='ocrx_word' id='word_1_471' title='bbox 965 3272 1153 3326; x_wconf 88' lang='lat' dir='ltr'><strong>demus</strong></span> <span class='ocrx_word' id='word_1_472' title='bbox 1183 3271 1286 3326; x_wconf 85' lang='lat' dir='ltr'><strong>hoc</strong></span> <span class='ocrx_word' id='word_1_473' title='bbox 1343 3288 1470 3326; x_wconf 87' lang='lat' dir='ltr'><strong>sane</strong></span> <span class='ocrx_word' id='word_1_474' title='bbox 1495 3272 1792 3327; x_wconf 74' lang='lat' dir='ltr'><strong>Sztlvatoris</strong></span> <span class='ocrx_word' id='word_1_475' title='bbox 1819 3275 1935 3343; x_wconf 87' lang='lat' dir='ltr'><strong>ipsit</strong></span> 
     </span>
    </p>
   </div>
   <div class='ocr_carea' id='block_1_60' title="bbox 2143 3263 3632 3343">
    <p class='ocr_par' dir='ltr' id='par_1_60' title="bbox 2143 3264 3632 3338">
     <span class='ocr_line' id='line_1_61' title="bbox 2143 3264 3632 3338; baseline -0.001 -19"><span class='ocrx_word' id='word_1_476' title='bbox 2143 3264 2345 3320; x_wconf 81' lang='grc' dir='ltr'>ναίτῐον</span> <span class='ocrx_word' id='word_1_477' title='bbox 2367 3283 2381 3332; x_wconf 90' lang='grc'>;</span> <span class='ocrx_word' id='word_1_478' title='bbox 2404 3265 2625 3336; x_wconf 84' lang='grc' dir='ltr'>Θεότης.</span> <span class='ocrx_word' id='word_1_479' title='bbox 2648 3267 2836 3330; x_wconf 77' lang='grc' dir='ltr'>Οὐδεὶς</span> <span class='ocrx_word' id='word_1_480' title='bbox 2856 3267 2965 3338; x_wconf 81' lang='grc' dir='ltr'>γὰρ</span> <span class='ocrx_word' id='word_1_481' title='bbox 2989 3268 3170 3321; x_wconf 76' lang='grc' dir='ltr'>αἰτίαν</span> <span class='ocrx_word' id='word_1_482' title='bbox 3192 3270 3365 3321; x_wconf 75' lang='grc' dir='ltr'>εἰπεῖν</span> <span class='ocrx_word' id='word_1_483' title='bbox 3388 3267 3488 3337; x_wconf 79' lang='grc' dir='ltr'>ἔχει</span> <span class='ocrx_word' id='word_1_484' title='bbox 3505 3266 3632 3319; x_wconf 78' lang='grc' dir='ltr'>Θεοῦ·</span> 
     </span>
    </p>
   </div>
   <div class='ocr_carea' id='block_1_61' title="bbox 447 3355 1936 3431">
    <p class='ocr_par' dir='ltr' id='par_1_61' title="bbox 447 3360 1936 3429">
     <span class='ocr_line' id='line_1_62' title="bbox 447 3360 1936 3429; baseline 0.003 -15"><span class='ocrx_word' id='word_1_485' title='bbox 447 3362 545 3414; x_wconf 89' lang='lat' dir='ltr'><strong>hoc</strong></span> <span class='ocrx_word' id='word_1_486' title='bbox 576 3370 679 3426; x_wconf 88' lang='lat' dir='ltr'><strong>est,</strong></span> <span class='ocrx_word' id='word_1_487' title='bbox 719 3376 860 3415; x_wconf 66' lang='lat' dir='ltr'><strong>vera:</strong></span> <span class='ocrx_word' id='word_1_488' title='bbox 888 3360 1199 3429; x_wconf 63' lang='lat' dir='ltr'><strong>Sapientiae,</strong></span> <span class='ocrx_word' id='word_1_489' title='bbox 1236 3364 1350 3417; x_wconf 77' lang='lat' dir='ltr'><strong>litec</strong></span> <span class='ocrx_word' id='word_1_490' title='bbox 1373 3364 1533 3417; x_wconf 84' lang='lat' dir='ltr'><strong>verba</strong></span> <span class='ocrx_word' id='word_1_491' title='bbox 1565 3378 1706 3420; x_wconf 83' lang='lat' dir='ltr'><strong>esse.</strong></span> <span class='ocrx_word' id='word_1_492' title='bbox 1728 3363 1859 3417; x_wconf 89' lang='lat' dir='ltr'><strong>Illud</strong></span> <span class='ocrx_word' id='word_1_493' title='bbox 1880 3380 1936 3418; x_wconf 74' lang='lat' dir='ltr'><strong>ve</strong></span> 
     </span>
    </p>
   </div>
   <div class='ocr_carea' id='block_1_62' title="bbox 2148 3355 3637 3431">
    <p class='ocr_par' dir='ltr' id='par_1_62' title="bbox 2173 3355 3637 3430">
     <span class='ocr_line' id='line_1_63' title="bbox 2173 3355 3637 3430; baseline -0.003 -18"><span class='ocrx_word' id='word_1_494' title='bbox 2173 3357 2329 3412; x_wconf 82' lang='grc' dir='ltr'>τοῦτο</span> <span class='ocrx_word' id='word_1_495' title='bbox 2357 3357 2422 3411; x_wconf 81' lang='grc' dir='ltr'>ἂν</span> <span class='ocrx_word' id='word_1_496' title='bbox 2449 3356 2532 3429; x_wconf 80' lang='grc' dir='ltr'>εἴη</span> <span class='ocrx_word' id='word_1_497' title='bbox 2564 3358 2698 3411; x_wconf 80' lang='grc' dir='ltr'>Θεοῦ</span> <span class='ocrx_word' id='word_1_498' title='bbox 2741 3359 3132 3430; x_wconf 77' lang='grc' dir='ltr'>πρεσϐύτερον.</span> <span class='ocrx_word' id='word_1_499' title='bbox 3160 3359 3261 3422; x_wconf 82' lang='grc' dir='ltr'>Τίς</span> <span class='ocrx_word' id='word_1_500' title='bbox 3282 3358 3337 3411; x_wconf 78' lang='grc' dir='ltr'>δὲ</span> <span class='ocrx_word' id='word_1_501' title='bbox 3361 3358 3454 3428; x_wconf 80' lang='grc' dir='ltr'><strong>τῆς</strong></span> <span class='ocrx_word' id='word_1_502' title='bbox 3476 3355 3637 3427; x_wconf 84' lang='grc' dir='ltr'>ἀνθρω-</span> 
     </span>
    </p>
   </div>
   <div class='ocr_carea' id='block_1_63' title="bbox 446 3447 1935 3523">
    <p class='ocr_par' dir='ltr' id='par_1_63' title="bbox 446 3453 1935 3523">
     <span class='ocr_line' id='line_1_64' title="bbox 446 3453 1935 3523; baseline 0.003 -18"><span class='ocrx_word' id='word_1_503' title='bbox 446 3453 841 3523; x_wconf 79' lang='lat' dir='ltr'><strong>aliquantisper</strong></span> <span class='ocrx_word' id='word_1_504' title='bbox 872 3470 975 3507; x_wconf 89' lang='lat' dir='ltr'><strong>una</strong></span> <span class='ocrx_word' id='word_1_505' title='bbox 1007 3453 1434 3509; x_wconf 86' lang='lat' dir='ltr'><strong>consideremus.</strong></span> <span class='ocrx_word' id='word_1_506' title='bbox 1478 3453 1614 3520; x_wconf 87' lang='lat' dir='ltr'><strong>Quid</strong></span> <span class='ocrx_word' id='word_1_507' title='bbox 1666 3466 1749 3511; x_wconf 88' lang='lat' dir='ltr'><strong>est</strong></span> <span class='ocrx_word' id='word_1_508' title='bbox 1788 3471 1852 3509; x_wconf 81' lang='lat' dir='ltr'><strong>ex</strong></span> <span class='ocrx_word' id='word_1_509' title='bbox 1891 3471 1935 3510; x_wconf 90' lang='lat' dir='ltr'><strong>Ol</strong></span> 
     </span>
    </p>
   </div>
   <div class='ocr_carea' id='block_1_64' title="bbox 2149 3447 3638 3523">
    <p class='ocr_par' dir='ltr' id='par_1_64' title="bbox 2149 3447 3638 3522">
     <span class='ocr_line' id='line_1_65' title="bbox 2149 3447 3638 3522; baseline 0.002 -24"><span class='ocrx_word' id='word_1_510' title='bbox 2149 3450 2364 3522; x_wconf 77' lang='grc' dir='ltr'>εότητος,</span> <span class='ocrx_word' id='word_1_511' title='bbox 2386 3450 2453 3521; x_wconf 78' lang='grc' dir='ltr'>ἢν</span> <span class='ocrx_word' id='word_1_512' title='bbox 2482 3450 2547 3503; x_wconf 75' lang='grc' dir='ltr'>δι’</span> <span class='ocrx_word' id='word_1_513' title='bbox 2571 3450 2717 3520; x_wconf 82' lang='grc' dir='ltr'>ἡμᾶς</span> <span class='ocrx_word' id='word_1_514' title='bbox 2769 3450 2976 3520; x_wconf 81' lang='grc' dir='ltr'>ὑπέστη</span> <span class='ocrx_word' id='word_1_515' title='bbox 3002 3450 3155 3513; x_wconf 84' lang='grc' dir='ltr'>Θεὸς,</span> <span class='ocrx_word' id='word_1_516' title='bbox 3189 3450 3373 3512; x_wconf 74' lang='grc' dir='ltr'>αἰτίας</span> <span class='ocrx_word' id='word_1_517' title='bbox 3410 3449 3474 3501; x_wconf 84' lang='grc' dir='ltr'>Τὸ</span> <span class='ocrx_word' id='word_1_518' title='bbox 3503 3447 3638 3514; x_wconf 82' lang='grc' dir='ltr'>σωθῆ·</span> 
     </span>
    </p>
   </div>
   <div class='ocr_carea' id='block_1_65' title="bbox 448 3538 1937 3614">
    <p class='ocr_par' dir='ltr' id='par_1_65' title="bbox 448 3544 1937 3614">
     <span class='ocr_line' id='line_1_66' title="bbox 448 3544 1937 3614; baseline 0.004 -19"><span class='ocrx_word' id='word_1_519' title='bbox 448 3544 604 3596; x_wconf 89' lang='lat' dir='ltr'><strong>nibus</strong></span> <span class='ocrx_word' id='word_1_520' title='bbox 624 3545 938 3612; x_wconf 88' lang='lat' dir='ltr'><strong>rebusqnod</strong></span> <span class='ocrx_word' id='word_1_521' title='bbox 969 3559 1148 3599; x_wconf 63' lang='lat' dir='ltr'><strong>causae</strong></span> <span class='ocrx_word' id='word_1_522' title='bbox 1180 3544 1251 3599; x_wconf 86' lang='lat' dir='ltr'><strong>sit</strong></span> <span class='ocrx_word' id='word_1_523' title='bbox 1283 3546 1513 3614; x_wconf 79' lang='lat' dir='ltr'><strong>expers?</strong></span> <span class='ocrx_word' id='word_1_524' title='bbox 1546 3548 1823 3601; x_wconf 87' lang='lat' dir='ltr'><strong>Divinitas.</strong></span> <span class='ocrx_word' id='word_1_525' title='bbox 1847 3549 1937 3602; x_wconf 83' lang='lat' dir='ltr'><strong>Net</strong></span> 
     </span>
    </p>
   </div>
   <div class='ocr_carea' id='block_1_66' title="bbox 2149 3538 3638 3614">
    <p class='ocr_par' dir='ltr' id='par_1_66' title="bbox 2149 3538 3638 3613">
     <span class='ocr_line' id='line_1_67' title="bbox 2149 3538 3638 3613; baseline -0.005 -18"><span class='ocrx_word' id='word_1_526' title='bbox 2149 3559 2198 3595; x_wconf 79' lang='lat' dir='ltr'><strong>at</strong></span> <span class='ocrx_word' id='word_1_527' title='bbox 2226 3542 2443 3605; x_wconf 82' lang='grc' dir='ltr'>πάντως</span> <span class='ocrx_word' id='word_1_528' title='bbox 2610 3542 2777 3611; x_wconf 82' lang='grc' dir='ltr'>ἡμᾶς.</span> <span class='ocrx_word' id='word_1_529' title='bbox 2831 3541 2895 3594; x_wconf 84' lang='grc' dir='ltr'><strong>Τί</strong></span> <span class='ocrx_word' id='word_1_530' title='bbox 2930 3542 3040 3611; x_wconf 86' lang='grc' dir='ltr'><strong>γὰρ</strong></span> <span class='ocrx_word' id='word_1_531' title='bbox 3066 3541 3299 3613; x_wconf 72' lang='grc' dir='ltr'>ἓτερονς</span> <span class='ocrx_word' id='word_1_532' title='bbox 3345 3539 3537 3609; x_wconf 79' lang='grc' dir='ltr'>Ἐπειδὴ</span> <span class='ocrx_word' id='word_1_533' title='bbox 3560 3538 3638 3589; x_wconf 80' lang='grc' dir='ltr'>τοξ-</span> 
     </span>
    </p>
   </div>
   <div class='ocr_carea' id='block_1_67' title="bbox 444 3630 1933 3707">
    <p class='ocr_par' dir='ltr' id='par_1_67' title="bbox 444 3633 1931 3707">
     <span class='ocr_line' id='line_1_68' title="bbox 444 3633 1931 3707; baseline 0.005 -23"><span class='ocrx_word' id='word_1_534' title='bbox 444 3633 589 3686; x_wconf 89' lang='lat' dir='ltr'><strong>euim</strong></span> <span class='ocrx_word' id='word_1_535' title='bbox 620 3644 724 3696; x_wconf 65' lang='lat' dir='ltr'><strong>est,</strong></span> <span class='ocrx_word' id='word_1_536' title='bbox 762 3634 849 3703; x_wconf 92' lang='lat' dir='ltr'><strong>qui</strong></span> <span class='ocrx_word' id='word_1_537' title='bbox 882 3633 974 3688; x_wconf 87' lang='lat' dir='ltr'><strong>Dei</strong></span> <span class='ocrx_word' id='word_1_538' title='bbox 1009 3650 1226 3689; x_wconf 81' lang='lat' dir='ltr'><strong>causam</strong></span> <span class='ocrx_word' id='word_1_539' title='bbox 1253 3636 1433 3691; x_wconf 87' lang='lat' dir='ltr'><strong>dicere</strong></span> <span class='ocrx_word' id='word_1_540' title='bbox 1650 3650 1811 3707; x_wconf 90' lang='lat' dir='ltr'><strong>queat</strong></span> <span class='ocrx_word' id='word_1_541' title='bbox 1840 3655 1854 3693; x_wconf 89' lang='lat'>:</span> <span class='ocrx_word' id='word_1_542' title='bbox 1881 3639 1931 3692; x_wconf 92' lang='lat' dir='ltr'><strong>al</strong></span> 
     </span>
    </p>
   </div>
   <div class='ocr_carea' id='block_1_68' title="bbox 2148 3630 3637 3707">
    <p class='ocr_par' dir='ltr' id='par_1_68' title="bbox 2148 3630 3637 3702">
     <span class='ocr_line' id='line_1_69' title="bbox 2148 3630 3637 3702; baseline -0.003 -17"><span class='ocrx_word' id='word_1_543' title='bbox 2148 3650 2206 3686; x_wconf 85' lang='lat' dir='ltr'><strong>uv</strong></span> <span class='ocrx_word' id='word_1_544' title='bbox 2235 3632 2490 3695; x_wconf 75' lang='grc' dir='ltr'>ἐνταῦθα,</span> <span class='ocrx_word' id='word_1_545' title='bbox 2540 3633 2635 3685; x_wconf 76' lang='grc' dir='ltr'><strong>καὶ</strong></span> <span class='ocrx_word' id='word_1_546' title='bbox 2674 3632 2736 3685; x_wconf 82' lang='grc' dir='ltr'>τὸ</span> <span class='ocrx_word' id='word_1_547' title='bbox 2761 3632 2988 3698; x_wconf 78' lang='grc' dir='ltr'>ἔκτισε,</span> <span class='ocrx_word' id='word_1_548' title='bbox 3021 3632 3118 3685; x_wconf 60' lang='grc' dir='ltr'><strong>καὶ⁵</strong></span> <span class='ocrx_word' id='word_1_549' title='bbox 3166 3634 3232 3685; x_wconf 86' lang='grc' dir='ltr'><strong>τὸ</strong></span> <span class='ocrx_word' id='word_1_550' title='bbox 3270 3630 3445 3702; x_wconf 78' lang='grc' dir='ltr'><em>γεννᾷ</em></span> <span class='ocrx_word' id='word_1_551' title='bbox 3462 3647 3544 3699; x_wconf 82' lang='grc' dir='ltr'><strong>με,</strong></span> <span class='ocrx_word' id='word_1_552' title='bbox 3567 3646 3637 3680; x_wconf 80' lang='lat' dir='ltr'><strong>oa-</strong></span> 
     </span>
    </p>
   </div>
   <div class='ocr_carea' id='block_1_69' title="bbox 446 3719 1935 3793">
    <p class='ocr_par' dir='ltr' id='par_1_69' title="bbox 446 3722 1935 3793">
     <span class='ocr_line' id='line_1_70' title="bbox 446 3722 1935 3793; baseline 0.005 -19"><span class='ocrx_word' id='word_1_553' title='bbox 446 3724 537 3790; x_wconf 93' lang='lat' dir='ltr'><strong>qui</strong></span> <span class='ocrx_word' id='word_1_554' title='bbox 570 3724 619 3775; x_wconf 92' lang='lat' dir='ltr'><strong>id</strong></span> <span class='ocrx_word' id='word_1_555' title='bbox 655 3722 764 3779; x_wconf 91' lang='lat' dir='ltr'><strong>Deo</strong></span> <span class='ocrx_word' id='word_1_556' title='bbox 794 3725 1072 3793; x_wconf 90' lang='lat' dir='ltr'><strong>antiquius</strong></span> <span class='ocrx_word' id='word_1_557' title='bbox 1096 3736 1261 3780; x_wconf 85' lang='lat' dir='ltr'><strong>esset.</strong></span> <span class='ocrx_word' id='word_1_558' title='bbox 1294 3724 1425 3793; x_wconf 77' lang='lat' dir='ltr'><strong>Qua:</strong></span> <span class='ocrx_word' id='word_1_559' title='bbox 1452 3736 1629 3781; x_wconf 89' lang='lat' dir='ltr'><strong>autem</strong></span> <span class='ocrx_word' id='word_1_560' title='bbox 1659 3729 1935 3783; x_wconf 84' lang='lat' dir='ltr'><strong>humanita</strong></span> 
     </span>
    </p>
   </div>
   <div class='ocr_carea' id='block_1_70' title="bbox 2150 3719 3639 3793">
    <p class='ocr_par' dir='ltr' id='par_1_70' title="bbox 2153 3719 3639 3793">
     <span class='ocr_line' id='line_1_71' title="bbox 2153 3719 3639 3793; baseline -0.001 -19"><span class='ocrx_word' id='word_1_561' title='bbox 2153 3722 2225 3786; x_wconf 85' lang='grc' dir='ltr'><strong>ῶς</strong></span> <span class='ocrx_word' id='word_1_562' title='bbox 2252 3723 2601 3793; x_wconf 85' lang='grc' dir='ltr'>εὑρίσκομεν,</span> <span class='ocrx_word' id='word_1_563' title='bbox 2628 3722 2832 3785; x_wconf 83' lang='grc' dir='ltr'>ἁπλοῦς</span> <span class='ocrx_word' id='word_1_564' title='bbox 2854 3725 2882 3775; x_wconf 89' lang='grc' dir='ltr'>ὁ</span> <span class='ocrx_word' id='word_1_565' title='bbox 2916 3722 3096 3790; x_wconf 87' lang='grc' dir='ltr'>λόγος.</span> <span class='ocrx_word' id='word_1_566' title='bbox 3132 3723 3200 3773; x_wconf 82' lang='lat'><strong>‘0</strong></span> <span class='ocrx_word' id='word_1_567' title='bbox 3229 3723 3325 3792; x_wconf 88' lang='grc' dir='ltr'><strong>μὲν</strong></span> <span class='ocrx_word' id='word_1_568' title='bbox 3352 3722 3412 3773; x_wconf 84' lang='grc' dir='ltr'>ἂν</span> <span class='ocrx_word' id='word_1_569' title='bbox 3435 3719 3552 3790; x_wconf 85' lang='grc' dir='ltr'>μετὰ</span> <span class='ocrx_word' id='word_1_570' title='bbox 3568 3720 3639 3786; x_wconf 82' lang='grc' dir='ltr'><strong>τῆς</strong></span> 
     </span>
    </p>
   </div>
   <div class='ocr_carea' id='block_1_71' title="bbox 447 3810 1936 3885">
    <p class='ocr_par' dir='ltr' id='par_1_71' title="bbox 447 3814 1936 3885">
     <span class='ocr_line' id='line_1_72' title="bbox 447 3814 1936 3885; baseline 0.005 -18"><span class='ocrx_word' id='word_1_571' title='bbox 447 3828 477 3867; x_wconf 88' lang='lat' dir='ltr'><strong>a</strong></span> <span class='ocrx_word' id='word_1_572' title='bbox 506 3814 613 3868; x_wconf 89' lang='lat' dir='ltr'><strong>Deo</strong></span> <span class='ocrx_word' id='word_1_573' title='bbox 661 3823 878 3883; x_wconf 90' lang='lat' dir='ltr'><strong>propter</strong></span> <span class='ocrx_word' id='word_1_574' title='bbox 937 3829 1035 3869; x_wconf 87' lang='lat' dir='ltr'><strong>nos</strong></span> <span class='ocrx_word' id='word_1_575' title='bbox 1089 3826 1354 3885; x_wconf 84' lang='lat' dir='ltr'><strong>susceptae</strong></span> <span class='ocrx_word' id='word_1_576' title='bbox 1397 3832 1560 3872; x_wconf 84' lang='lat' dir='ltr'><strong>causa</strong></span> <span class='ocrx_word' id='word_1_577' title='bbox 1592 3819 1840 3873; x_wconf 82' lang='lat' dir='ltr'><strong>exstitit?</strong></span> <span class='ocrx_word' id='word_1_578' title='bbox 1878 3819 1936 3874; x_wconf 85' lang='lat' dir='ltr'><strong>PI</strong></span> 
     </span>
    </p>
   </div>
   <div class='ocr_carea' id='block_1_72' title="bbox 2149 3810 3638 3885">
    <p class='ocr_par' dir='ltr' id='par_1_72' title="bbox 2155 3810 3638 3885">
     <span class='ocr_line' id='line_1_73' title="bbox 2155 3810 3638 3885; baseline -0.005 -18"><span class='ocrx_word' id='word_1_579' title='bbox 2155 3816 2293 3878; x_wconf 78' lang='grc' dir='ltr'>ίτίας</span> <span class='ocrx_word' id='word_1_580' title='bbox 2320 3814 2688 3885; x_wconf 83' lang='grc' dir='ltr'>εὑρίσκωμεν,</span> <span class='ocrx_word' id='word_1_581' title='bbox 2726 3814 3064 3885; x_wconf 64' lang='grc' dir='ltr'><strong>⁸ειιτροιι-οόζιμεν</strong></span> <span class='ocrx_word' id='word_1_582' title='bbox 3112 3816 3179 3884; x_wconf 83' lang='grc' dir='ltr'>τῇ</span> <span class='ocrx_word' id='word_1_583' title='bbox 3226 3810 3638 3883; x_wconf 66' lang='grc' dir='ltr'>ἀνθρωπὸτητιυὸ</span> 
     </span>
    </p>
   </div>
   <div class='ocr_carea' id='block_1_73' title="bbox 447 3896 1936 3976">
    <p class='ocr_par' dir='ltr' id='par_1_73' title="bbox 447 3905 1936 3975">
     <span class='ocr_line' id='line_1_74' title="bbox 447 3905 1936 3975; baseline 0.005 -18"><span class='ocrx_word' id='word_1_584' title='bbox 447 3905 590 3960; x_wconf 81' lang='lat' dir='ltr'><strong>fecto</strong></span> <span class='ocrx_word' id='word_1_585' title='bbox 621 3914 678 3958; x_wconf 92' lang='lat' dir='ltr'><strong>ut</strong></span> <span class='ocrx_word' id='word_1_586' title='bbox 718 3905 872 3961; x_wconf 91' lang='lat' dir='ltr'><strong>nobis</strong></span> <span class='ocrx_word' id='word_1_587' title='bbox 930 3906 1077 3961; x_wconf 89' lang='lat' dir='ltr'><strong>salus</strong></span> <span class='ocrx_word' id='word_1_588' title='bbox 1129 3918 1432 3975; x_wconf 88' lang='lat' dir='ltr'><strong>pararetur.</strong></span> <span class='ocrx_word' id='word_1_589' title='bbox 1492 3909 1630 3975; x_wconf 84' lang='lat' dir='ltr'><strong>Quid</strong></span> <span class='ocrx_word' id='word_1_590' title='bbox 1688 3912 1831 3965; x_wconf 89' lang='lat' dir='ltr'><strong>enim</strong></span> <span class='ocrx_word' id='word_1_591' title='bbox 1874 3913 1936 3965; x_wconf 91' lang='lat' dir='ltr'><strong>ali</strong></span> 
     </span>
    </p>
   </div>
   <div class='ocr_carea' id='block_1_74' title="bbox 2148 3896 3637 3976">
    <p class='ocr_par' dir='ltr' id='par_1_74' title="bbox 2148 3896 3637 3976">
     <span class='ocr_line' id='line_1_75' title="bbox 2148 3896 3637 3976; baseline -0.005 -17"><span class='ocrx_word' id='word_1_592' title='bbox 2148 3907 2168 3959; x_wconf 76' lang='grc' dir='ltr'>ὲ</span> <span class='ocrx_word' id='word_1_593' title='bbox 2196 3906 2401 3960; x_wconf 82' lang='grc' dir='ltr'>ἁπλοῦν</span> <span class='ocrx_word' id='word_1_594' title='bbox 2430 3906 2526 3959; x_wconf 76' lang='grc' dir='ltr'>καὶ</span> <span class='ocrx_word' id='word_1_595' title='bbox 2547 3906 2811 3969; x_wconf 86' lang='grc' dir='ltr'>ἀναίτιον,</span> <span class='ocrx_word' id='word_1_596' title='bbox 2841 3908 2906 3976; x_wconf 79' lang='grc' dir='ltr'>τῇ</span> <span class='ocrx_word' id='word_1_597' title='bbox 2936 3904 3151 3975; x_wconf 85' lang='grc' dir='ltr'>θεότητι</span> <span class='ocrx_word' id='word_1_598' title='bbox 3182 3902 3529 3972; x_wconf 80' lang='grc' dir='ltr'>λογισώμεθα.</span> <span class='ocrx_word' id='word_1_599' title='bbox 3547 3896 3637 3967; x_wconf 64' lang='lat' dir='ltr'><strong>&#39;Ap‘</strong></span> 
     </span>
    </p>
   </div>
   <div class='ocr_carea' id='block_1_75' title="bbox 447 3992 1936 4072">
    <p class='ocr_par' dir='ltr' id='par_1_75' title="bbox 447 3996 1921 4072">
     <span class='ocr_line' id='line_1_76' title="bbox 447 3996 1921 4072; baseline 0.006 -23"><span class='ocrx_word' id='word_1_600' title='bbox 447 4011 622 4050; x_wconf 65' lang='lat' dir='ltr'><strong>causa:</strong></span> <span class='ocrx_word' id='word_1_601' title='bbox 658 3996 836 4050; x_wconf 79' lang='lat' dir='ltr'><strong>aﬂ&#39;erri</strong></span> <span class='ocrx_word' id='word_1_602' title='bbox 871 3997 1080 4066; x_wconf 82' lang='lat' dir='ltr'><strong>possit?</strong></span> <span class='ocrx_word' id='word_1_603' title='bbox 1105 3997 1245 4067; x_wconf 75' lang='lat' dir='ltr'><strong>Ergo</strong></span> <span class='ocrx_word' id='word_1_604' title='bbox 1289 4000 1544 4067; x_wconf 90' lang='lat' dir='ltr'><strong>quoniam</strong></span> <span class='ocrx_word' id='word_1_605' title='bbox 1594 4001 1681 4056; x_wconf 89' lang='lat' dir='ltr'><strong>hic</strong></span> <span class='ocrx_word' id='word_1_606' title='bbox 1715 4013 1921 4072; x_wconf 87' lang='lat' dir='ltr'><strong>aperte,</strong></span> 
     </span>
    </p>
   </div>
   <div class='ocr_carea' id='block_1_76' title="bbox 2148 3992 3637 4072">
    <p class='ocr_par' dir='ltr' id='par_1_76' title="bbox 2148 3992 3637 4067">
     <span class='ocr_line' id='line_1_77' title="bbox 2148 3992 3637 4067; baseline -0.004 -18"><span class='ocrx_word' id='word_1_607' title='bbox 2148 3992 2204 4050; x_wconf 81' lang='grc' dir='ltr'>ὗν</span> <span class='ocrx_word' id='word_1_608' title='bbox 2261 3996 2323 4049; x_wconf 92' lang='grc' dir='ltr'><strong>ού</strong></span> <span class='ocrx_word' id='word_1_609' title='bbox 2366 3996 2429 4049; x_wconf 86' lang='grc' dir='ltr'><strong>τὸ</strong></span> <span class='ocrx_word' id='word_1_610' title='bbox 2476 3996 2577 4066; x_wconf 84' lang='grc' dir='ltr'>μὲν</span> <span class='ocrx_word' id='word_1_611' title='bbox 2627 3994 2871 4049; x_wconf 73' lang='grc' dir='ltr'>ἔκτισεν</span> <span class='ocrx_word' id='word_1_612' title='bbox 2914 3994 3131 4067; x_wconf 78' lang='grc' dir='ltr'>εἴρηται</span> <span class='ocrx_word' id='word_1_613' title='bbox 3170 3995 3312 4064; x_wconf 81' lang='grc' dir='ltr'>μετὰ</span> <span class='ocrx_word' id='word_1_614' title='bbox 3360 3993 3451 4063; x_wconf 81' lang='grc' dir='ltr'><strong>τῆς</strong></span> <span class='ocrx_word' id='word_1_615' title='bbox 3474 3992 3637 4051; x_wconf 73' lang='grc' dir='ltr'>αἰτίας;</span> 
     </span>
    </p>
   </div>
   <div class='ocr_carea' id='block_1_77' title="bbox 447 4082 1936 4163">
    <p class='ocr_par' dir='ltr' id='par_1_77' title="bbox 447 4087 1926 4163">
     <span class='ocr_line' id='line_1_78' title="bbox 447 4087 1926 4163; baseline 0.005 -24"><span class='ocrx_word' id='word_1_616' title='bbox 447 4087 665 4151; x_wconf 80' lang='lat' dir='ltr'><strong>creavit,</strong></span> <span class='ocrx_word' id='word_1_617' title='bbox 714 4096 769 4140; x_wconf 90' lang='lat' dir='ltr'><strong>et</strong></span> <span class='ocrx_word' id='word_1_618' title='bbox 799 4088 964 4156; x_wconf 80' lang='lat' dir='ltr'><strong>gignit</strong></span> <span class='ocrx_word' id='word_1_619' title='bbox 1009 4105 1112 4153; x_wconf 79' lang='lat' dir='ltr'><strong>me,</strong></span> <span class='ocrx_word' id='word_1_620' title='bbox 1175 4090 1499 4156; x_wconf 86' lang='lat' dir='ltr'><strong>reperimus,</strong></span> <span class='ocrx_word' id='word_1_621' title='bbox 1548 4090 1649 4147; x_wconf 88' lang='lat' dir='ltr'><strong>hoc</strong></span> <span class='ocrx_word' id='word_1_622' title='bbox 1703 4093 1926 4163; x_wconf 84' lang='lat' dir='ltr'><strong>simplici</strong></span> 
     </span>
    </p>
   </div>
   <div class='ocr_carea' id='block_1_78' title="bbox 2150 4082 3639 4163">
    <p class='ocr_par' dir='ltr' id='par_1_78' title="bbox 2150 4082 3639 4159">
     <span class='ocr_line' id='line_1_79' title="bbox 2150 4082 3639 4159; baseline -0.006 -17"><span class='ocrx_word' id='word_1_623' title='bbox 2150 4091 2361 4143; x_wconf 80' lang='grc' dir='ltr'>Εκτισε</span> <span class='ocrx_word' id='word_1_624' title='bbox 2401 4088 2509 4159; x_wconf 84' lang='grc' dir='ltr'><strong>γάρ</strong></span> <span class='ocrx_word' id='word_1_625' title='bbox 2558 4104 2655 4157; x_wconf 84' lang='grc' dir='ltr'><strong>με,</strong></span> <span class='ocrx_word' id='word_1_626' title='bbox 2706 4088 2892 4156; x_wconf 74' lang='grc' dir='ltr'>φησὶν,</span> <span class='ocrx_word' id='word_1_627' title='bbox 2944 4083 3149 4155; x_wconf 48' lang='grc' dir='ltr'><strong>ἀρχὴν</strong></span> <span class='ocrx_word' id='word_1_628' title='bbox 3184 4085 3342 4140; x_wconf 79' lang='grc' dir='ltr'>ὁδῶν</span> <span class='ocrx_word' id='word_1_629' title='bbox 3387 4082 3547 4137; x_wconf 83' lang='grc' dir='ltr'>αὑτοῦ</span> <span class='ocrx_word' id='word_1_630' title='bbox 3578 4082 3639 4142; x_wconf 84' lang='grc' dir='ltr'><strong>εὶς</strong></span> 
     </span>
    </p>
   </div>
   <div class='ocr_carea' id='block_1_79' title="bbox 446 4167 1935 4256">
    <p class='ocr_par' dir='ltr' id='par_1_79' title="bbox 446 4167 1935 4256">
     <span class='ocr_line' id='line_1_80' title="bbox 446 4167 1935 4256; baseline 0.005 -25"><span class='ocrx_word' id='word_1_631' title='bbox 446 4177 651 4231; x_wconf 89' lang='lat' dir='ltr'><strong>dictum</strong></span> <span class='ocrx_word' id='word_1_632' title='bbox 680 4191 1016 4233; x_wconf 88' lang='lat' dir='ltr'><strong>censeamus.</strong></span> <span class='ocrx_word' id='word_1_633' title='bbox 1044 4179 1194 4245; x_wconf 86' lang='lat' dir='ltr'><strong>Quod</strong></span> <span class='ocrx_word' id='word_1_634' title='bbox 1232 4167 1375 4234; x_wconf 84' lang='lat' dir='ltr'><strong>enim</strong></span> <span class='ocrx_word' id='word_1_635' title='bbox 1411 4195 1530 4235; x_wconf 70' lang='lat' dir='ltr'><strong>eun:</strong></span> <span class='ocrx_word' id='word_1_636' title='bbox 1574 4197 1735 4237; x_wconf 85' lang='lat' dir='ltr'><strong>causa</strong></span> <span class='ocrx_word' id='word_1_637' title='bbox 1795 4187 1935 4256; x_wconf 86' lang='lat' dir='ltr'><strong>conjt</strong></span> 
     </span>
    </p>
   </div>
   <div class='ocr_carea' id='block_1_80' title="bbox 2149 4167 3638 4256">
    <p class='ocr_par' dir='ltr' id='par_1_80' title="bbox 2149 4172 3638 4251">
     <span class='ocr_line' id='line_1_81' title="bbox 2149 4172 3638 4251; baseline -0.009 -15"><span class='ocrx_word' id='word_1_638' title='bbox 2149 4199 2259 4251; x_wconf 77' lang='grc' dir='ltr'><strong>ρτα</strong></span> <span class='ocrx_word' id='word_1_639' title='bbox 2287 4181 2496 4236; x_wconf 86' lang='grc' dir='ltr'>αὑτοῦ.</span> <span class='ocrx_word' id='word_1_640' title='bbox 2542 4181 2718 4251; x_wconf 84' lang='grc' dir='ltr'>Ἔργα</span> <span class='ocrx_word' id='word_1_641' title='bbox 2760 4180 2815 4232; x_wconf 82' lang='grc' dir='ltr'>δὲ</span> <span class='ocrx_word' id='word_1_642' title='bbox 2853 4179 3054 4250; x_wconf 80' lang='grc' dir='ltr'>χειρῶν</span> <span class='ocrx_word' id='word_1_643' title='bbox 3103 4177 3293 4241; x_wconf 78' lang='grc' dir='ltr'>αὐτοῦ,</span> <span class='ocrx_word' id='word_1_644' title='bbox 3341 4174 3540 4246; x_wconf 78' lang='grc' dir='ltr'>ἀλήθεια</span> <span class='ocrx_word' id='word_1_645' title='bbox 3572 4172 3638 4224; x_wconf 73' lang='grc' dir='ltr'>καὶ</span> 
     </span>
    </p>
   </div>
   <div class='ocr_carea' id='block_1_81' title="bbox 449 4265 1938 4367">
    <p class='ocr_par' dir='ltr' id='par_1_81' title="bbox 449 4266 1938 4342">
     <span class='ocr_line' id='line_1_82' title="bbox 449 4266 1938 4342; baseline 0.005 -22"><span class='ocrx_word' id='word_1_646' title='bbox 449 4277 595 4320; x_wconf 91' lang='lat' dir='ltr'><strong>ctum</strong></span> <span class='ocrx_word' id='word_1_647' title='bbox 660 4266 986 4330; x_wconf 87' lang='lat' dir='ltr'><strong>invenimus,</strong></span> <span class='ocrx_word' id='word_1_648' title='bbox 1014 4267 1064 4320; x_wconf 88' lang='lat' dir='ltr'><strong>id</strong></span> <span class='ocrx_word' id='word_1_649' title='bbox 1117 4266 1436 4322; x_wconf 81' lang='lat' dir='ltr'><strong>humanitati</strong></span> <span class='ocrx_word' id='word_1_650' title='bbox 1492 4270 1871 4342; x_wconf 81' lang='lat' dir='ltr'><strong>assignandum</strong></span> <span class='ocrx_word' id='word_1_651' title='bbox 1896 4289 1938 4328; x_wconf 79' lang='lat' dir='ltr'><strong>et</strong></span> 
     </span>
    </p>
   </div>
   <div class='ocr_carea' id='block_1_82' title="bbox 2147 4265 3636 4367">
    <p class='ocr_par' dir='ltr' id='par_1_82' title="bbox 2147 4265 3636 4367">
     <span class='ocr_line' id='line_1_83' title="bbox 2147 4265 3636 4367; baseline -0.007 -39"><span class='ocrx_word' id='word_1_652' title='bbox 2147 4275 2316 4346; x_wconf 73' lang='grc' dir='ltr'>ιρίσις,</span> <span class='ocrx_word' id='word_1_653' title='bbox 2356 4268 2430 4328; x_wconf 84' lang='grc' dir='ltr'>ὧν</span> <span class='ocrx_word' id='word_1_654' title='bbox 2458 4274 2645 4327; x_wconf 74' lang='grc' dir='ltr'>ἕνεκεν</span> <span class='ocrx_word' id='word_1_655' title='bbox 2677 4273 2902 4344; x_wconf 84' lang='grc' dir='ltr'>ὲχρίσθη</span> <span class='ocrx_word' id='word_1_656' title='bbox 2929 4272 3161 4343; x_wconf 83' lang='grc' dir='ltr'>θεότητι.</span> <span class='ocrx_word' id='word_1_657' title='bbox 3195 4270 3387 4343; x_wconf 83' lang='grc' dir='ltr'>Χρίσις</span> <span class='ocrx_word' id='word_1_658' title='bbox 3408 4267 3502 4337; x_wconf 81' lang='grc' dir='ltr'><strong>γὰρ</strong></span> <span class='ocrx_word' id='word_1_659' title='bbox 3537 4265 3636 4367; x_wconf 67' lang='grc' dir='ltr'>αύτη</span> 
     </span>
    </p>
   </div>
   <div class='ocr_carea' id='block_1_83' title="bbox 448 4356 1937 4439">
    <p class='ocr_par' dir='ltr' id='par_1_83' title="bbox 448 4357 1937 4431">
     <span class='ocr_line' id='line_1_84' title="bbox 448 4357 1937 4431; baseline 0.006 -22"><span class='ocrx_word' id='word_1_660' title='bbox 448 4358 590 4423; x_wconf 88' lang='lat' dir='ltr'><strong>quod</strong></span> <span class='ocrx_word' id='word_1_661' title='bbox 648 4366 829 4411; x_wconf 84' lang='lat' dir='ltr'><strong>autem</strong></span> <span class='ocrx_word' id='word_1_662' title='bbox 883 4357 1109 4427; x_wconf 80' lang='lat' dir='ltr'><strong>simplex</strong></span> <span class='ocrx_word' id='word_1_663' title='bbox 1150 4374 1435 4430; x_wconf 66' lang='lat' dir='ltr'><strong>causaeque</strong></span> <span class='ocrx_word' id='word_1_664' title='bbox 1488 4377 1708 4431; x_wconf 84' lang='lat' dir='ltr'><strong>expers,</strong></span> <span class='ocrx_word' id='word_1_665' title='bbox 1746 4365 1937 4419; x_wconf 91' lang='lat' dir='ltr'><strong>divinit</strong></span> 
     </span>
    </p>
   </div>
   <div class='ocr_carea' id='block_1_84' title="bbox 2157 4356 3646 4439">
    <p class='ocr_par' dir='ltr' id='par_1_84' title="bbox 2157 4356 3646 4439">
     <span class='ocr_line' id='line_1_85' title="bbox 2157 4356 3646 4439; baseline -0.016 -17"><span class='ocrx_word' id='word_1_666' title='bbox 2157 4368 2211 4439; x_wconf 82' lang='grc' dir='ltr'><strong>ῆς</strong></span> <span class='ocrx_word' id='word_1_667' title='bbox 2268 4364 2712 4437; x_wconf 84' lang='grc' dir='ltr'>ἀνθρωπότητος.</span> <span class='ocrx_word' id='word_1_668' title='bbox 2764 4363 2839 4416; x_wconf 79' lang='grc' dir='ltr'>Τὸ</span> <span class='ocrx_word' id='word_1_669' title='bbox 2885 4363 2943 4415; x_wconf 86' lang='grc' dir='ltr'>δὲ</span> <span class='ocrx_word' id='word_1_670' title='bbox 2965 4360 3149 4432; x_wconf 77' lang='grc' dir='ltr'>γεννᾷ</span> <span class='ocrx_word' id='word_1_671' title='bbox 3170 4380 3269 4431; x_wconf 74' lang='grc' dir='ltr'><strong>με,</strong></span> <span class='ocrx_word' id='word_1_672' title='bbox 3320 4359 3476 4431; x_wconf 72' lang='grc' dir='ltr'>χωρὶς</span> <span class='ocrx_word' id='word_1_673' title='bbox 3503 4356 3646 4417; x_wconf 63' lang='grc' dir='ltr'>αἰτίας</span> 
     </span>
    </p>
   </div>
   <div class='ocr_carea' id='block_1_85' title="bbox 451 4447 1940 4527">
    <p class='ocr_par' dir='ltr' id='par_1_85' title="bbox 451 4448 1940 4521">
     <span class='ocr_line' id='line_1_86' title="bbox 451 4448 1940 4521; baseline 0.006 -20"><span class='ocrx_word' id='word_1_674' title='bbox 451 4448 850 4503; x_wconf 84' lang='lat' dir='ltr'><strong>aseribeudum.</strong></span> <span class='ocrx_word' id='word_1_675' title='bbox 878 4450 989 4519; x_wconf 84' lang='lat' dir='ltr'><strong>Age</strong></span> <span class='ocrx_word' id='word_1_676' title='bbox 1019 4450 1203 4519; x_wconf 81' lang='lat' dir='ltr'><strong>igitur,</strong></span> <span class='ocrx_word' id='word_1_677' title='bbox 1261 4466 1437 4507; x_wconf 86' lang='lat' dir='ltr'><strong>annon</strong></span> <span class='ocrx_word' id='word_1_678' title='bbox 1480 4454 1607 4508; x_wconf 87' lang='lat' dir='ltr'><strong>illttd</strong></span> <span class='ocrx_word' id='word_1_679' title='bbox 1630 4495 1645 4520; x_wconf 93' lang='lat'><strong>,</strong></span> <span class='ocrx_word' id='word_1_680' title='bbox 1681 4459 1896 4521; x_wconf 81' lang='lat' dir='ltr'><strong>creavit,</strong></span> <span class='ocrx_word' id='word_1_681' title='bbox 1928 4473 1940 4510; x_wconf 83' lang='lat'><strong>:</strong></span> 
     </span>
    </p>
   </div>
   <div class='ocr_carea' id='block_1_86' title="bbox 2149 4447 3638 4527">
    <p class='ocr_par' dir='ltr' id='par_1_86' title="bbox 2354 4447 3638 4527">
     <span class='ocr_line' id='line_1_87' title="bbox 2354 4447 3638 4527; baseline -0.008 -17"><span class='ocrx_word' id='word_1_682' title='bbox 2354 4456 2524 4522; x_wconf 80' lang='grc' dir='ltr'>δεῖξόν</span> <span class='ocrx_word' id='word_1_683' title='bbox 2555 4474 2608 4511; x_wconf 87' lang='grc' dir='ltr'><strong>τι</strong></span> <span class='ocrx_word' id='word_1_684' title='bbox 2640 4456 2816 4526; x_wconf 86' lang='grc' dir='ltr'>τούτῳ</span> <span class='ocrx_word' id='word_1_685' title='bbox 2866 4456 3288 4527; x_wconf 84' lang='grc' dir='ltr'>προσκείμενον.</span> <span class='ocrx_word' id='word_1_686' title='bbox 3322 4454 3415 4516; x_wconf 85' lang='grc' dir='ltr'>Τίς</span> <span class='ocrx_word' id='word_1_687' title='bbox 3440 4447 3519 4505; x_wconf 81' lang='grc' dir='ltr'><strong>οὖν</strong></span> <span class='ocrx_word' id='word_1_688' title='bbox 3542 4450 3638 4500; x_wconf 81' lang='grc' dir='ltr'>ἀντ-</span> 
     </span>
    </p>
   </div>
   <div class='ocr_carea' id='block_1_87' title="bbox 450 4529 1939 4622">
    <p class='ocr_par' dir='ltr' id='par_1_87' title="bbox 450 4529 1939 4616">
     <span class='ocr_line' id='line_1_88' title="bbox 450 4529 1939 4616; baseline 0.005 -24"><span class='ocrx_word' id='word_1_689' title='bbox 450 4529 638 4593; x_wconf 76' lang='lat' dir='ltr'><strong>nexam</strong></span> <span class='ocrx_word' id='word_1_690' title='bbox 696 4556 909 4595; x_wconf 88' lang='lat' dir='ltr'><strong>causam</strong></span> <span class='ocrx_word' id='word_1_691' title='bbox 965 4542 1164 4595; x_wconf 84' lang='lat' dir='ltr'><strong>habet?</strong></span> <span class='ocrx_word' id='word_1_692' title='bbox 1211 4541 1419 4599; x_wconf 75' lang='lat' dir='ltr'><strong>Creavit</strong></span> <span class='ocrx_word' id='word_1_693' title='bbox 1476 4547 1618 4600; x_wconf 85' lang='lat' dir='ltr'><strong>enim</strong></span> <span class='ocrx_word' id='word_1_694' title='bbox 1676 4564 1777 4610; x_wconf 85' lang='lat' dir='ltr'><strong>me,</strong></span> <span class='ocrx_word' id='word_1_695' title='bbox 1819 4547 1939 4616; x_wconf 89' lang='lat' dir='ltr'><strong>inqu</strong></span> 
     </span>
    </p>
   </div>
   <div class='ocr_carea' id='block_1_88' title="bbox 2148 4529 3637 4622">
    <p class='ocr_par' dir='ltr' id='par_1_88' title="bbox 2148 4537 3637 4622">
     <span class='ocr_line' id='line_1_89' title="bbox 2148 4537 3637 4622; baseline -0.018 -4"><span class='ocrx_word' id='word_1_696' title='bbox 2148 4553 2230 4620; x_wconf 83' lang='grc' dir='ltr'><strong>ρεῖ</strong></span> <span class='ocrx_word' id='word_1_697' title='bbox 2260 4550 2438 4619; x_wconf 82' lang='grc' dir='ltr'>λόγος.</span> <span class='ocrx_word' id='word_1_698' title='bbox 2484 4550 2688 4621; x_wconf 77' lang='grc' dir='ltr'>κτίσμα</span> <span class='ocrx_word' id='word_1_699' title='bbox 2722 4551 2821 4622; x_wconf 85' lang='grc' dir='ltr'><strong>μὲν</strong></span> <span class='ocrx_word' id='word_1_700' title='bbox 2879 4549 3137 4616; x_wconf 83' lang='grc' dir='ltr'>λέγεσθαι</span> <span class='ocrx_word' id='word_1_701' title='bbox 3182 4548 3280 4618; x_wconf 82' lang='grc' dir='ltr'>τὴν</span> <span class='ocrx_word' id='word_1_702' title='bbox 3315 4544 3509 4613; x_wconf 75' lang='grc' dir='ltr'>σοφίαν,</span> <span class='ocrx_word' id='word_1_703' title='bbox 3536 4537 3637 4593; x_wconf 70' lang='grc' dir='ltr'>κατὰ</span> 
     </span>
    </p>
   </div>
   <div class='ocr_carea' id='block_1_89' title="bbox 443 4630 1932 4713">
    <p class='ocr_par' dir='ltr' id='par_1_89' title="bbox 443 4632 1932 4709">
     <span class='ocr_line' id='line_1_90' title="bbox 443 4632 1932 4709; baseline 0.004 -24"><span class='ocrx_word' id='word_1_704' title='bbox 443 4632 767 4701; x_wconf 80' lang='lat' dir='ltr'><strong>principium</strong></span> <span class='ocrx_word' id='word_1_705' title='bbox 790 4636 990 4688; x_wconf 83' lang='lat' dir='ltr'><strong>viarum</strong></span> <span class='ocrx_word' id='word_1_706' title='bbox 1044 4653 1261 4691; x_wconf 80' lang='lat' dir='ltr'><strong>suarum</strong></span> <span class='ocrx_word' id='word_1_707' title='bbox 1309 4640 1377 4691; x_wconf 85' lang='lat' dir='ltr'><strong>ad</strong></span> <span class='ocrx_word' id='word_1_708' title='bbox 1407 4654 1563 4705; x_wconf 87' lang='lat' dir='ltr'><strong>opera</strong></span> <span class='ocrx_word' id='word_1_709' title='bbox 1603 4655 1699 4693; x_wconf 81' lang='lat' dir='ltr'><strong>sua</strong></span> <span class='ocrx_word' id='word_1_710' title='bbox 1767 4640 1810 4697; x_wconf 84' lang='grc'>⁷.</span> <span class='ocrx_word' id='word_1_711' title='bbox 1840 4638 1932 4709; x_wconf 69' lang='lat' dir='ltr'><strong>Opi</strong></span> 
     </span>
    </p>
   </div>
   <div class='ocr_carea' id='block_1_90' title="bbox 2149 4630 3638 4713">
    <p class='ocr_par' dir='ltr' id='par_1_90' title="bbox 2149 4630 3638 4713">
     <span class='ocr_line' id='line_1_91' title="bbox 2149 4630 3638 4713; baseline -0.005 -18"><span class='ocrx_word' id='word_1_712' title='bbox 2149 4642 2210 4713; x_wconf 77' lang='grc' dir='ltr'>ὴν</span> <span class='ocrx_word' id='word_1_713' title='bbox 2253 4641 2404 4695; x_wconf 86' lang='grc' dir='ltr'>κάτω</span> <span class='ocrx_word' id='word_1_714' title='bbox 2436 4642 2710 4712; x_wconf 80' lang='grc' dir='ltr'>γέννησιν,</span> <span class='ocrx_word' id='word_1_715' title='bbox 2765 4642 3012 4711; x_wconf 82' lang='grc' dir='ltr'>γέννημα</span> <span class='ocrx_word' id='word_1_716' title='bbox 3043 4640 3117 4703; x_wconf 88' lang='grc' dir='ltr'><strong>δὲ,</strong></span> <span class='ocrx_word' id='word_1_717' title='bbox 3171 4638 3315 4692; x_wconf 78' lang='grc' dir='ltr'>κατὰ</span> <span class='ocrx_word' id='word_1_718' title='bbox 3348 4637 3437 4705; x_wconf 78' lang='grc' dir='ltr'><strong>τὴν</strong></span> <span class='ocrx_word' id='word_1_719' title='bbox 3468 4630 3638 4703; x_wconf 71' lang='grc' dir='ltr'>πρώτην</span> 
     </span>
    </p>
   </div>
   <div class='ocr_carea' id='block_1_91' title="bbox 447 4726 3642 4813">
    <p class='ocr_par' dir='ltr' id='par_1_91' title="bbox 447 4726 3642 4813">
     <span class='ocr_line' id='line_1_92' title="bbox 447 4726 3642 4813; baseline 0.005 -39"><span class='ocrx_word' id='word_1_720' title='bbox 447 4734 628 4776; x_wconf 87' lang='lat' dir='ltr'><strong>autem</strong></span> <span class='ocrx_word' id='word_1_721' title='bbox 659 4726 847 4792; x_wconf 82' lang='lat' dir='ltr'><strong>ipsius,</strong></span> <span class='ocrx_word' id='word_1_722' title='bbox 876 4728 1075 4783; x_wconf 81' lang='lat' dir='ltr'><strong>veritus</strong></span> <span class='ocrx_word' id='word_1_723' title='bbox 1108 4740 1161 4782; x_wconf 91' lang='lat' dir='ltr'><strong>et</strong></span> <span class='ocrx_word' id='word_1_724' title='bbox 1182 4729 1444 4797; x_wconf 86' lang='lat' dir='ltr'><strong>judicium</strong></span> <span class='ocrx_word' id='word_1_725' title='bbox 1497 4732 1545 4797; x_wconf 81' lang='grc'><strong>⁸,</strong></span> <span class='ocrx_word' id='word_1_726' title='bbox 1590 4744 1817 4799; x_wconf 90' lang='lat' dir='ltr'><strong>quorum</strong></span> <span class='ocrx_word' id='word_1_727' title='bbox 1843 4747 2005 4783; x_wconf 84' lang='lat' dir='ltr'><strong>causa</strong></span> <span class='ocrx_word' id='word_1_728' title='bbox 2117 4737 2214 4791; x_wconf 72' lang='grc' dir='ltr'>καὶ</span> <span class='ocrx_word' id='word_1_729' title='bbox 2243 4734 2406 4788; x_wconf 82' lang='grc' dir='ltr'>πλέον</span> <span class='ocrx_word' id='word_1_730' title='bbox 2444 4734 2715 4801; x_wconf 54' lang='lat' dir='ltr'><strong>alni-nov;</strong></span> <span class='ocrx_word' id='word_1_731' title='bbox 2933 4739 2938 4743; x_wconf 88' lang='grc'><strong>’</strong></span> <span class='ocrx_word' id='word_1_732' title='bbox 3632 4802 3642 4813; x_wconf 32' lang='grc' dir='ltr'>ι</span> 
     </span>
    </p>
   </div>
   <div class='ocr_carea' id='block_1_92' title="bbox 439 4812 3645 4885">
    <p class='ocr_par' dir='ltr' id='par_1_92' title="bbox 439 4812 3645 4885">
     <span class='ocr_line' id='line_1_93' title="bbox 439 4812 3645 4885; baseline -0.001 -18"><span class='ocrx_word' id='word_1_733' title='bbox 439 4814 724 4869; x_wconf 83' lang='lat' dir='ltr'><strong>divinitate</strong></span> <span class='ocrx_word' id='word_1_734' title='bbox 774 4815 1046 4870; x_wconf 82' lang='lat' dir='ltr'><strong>delibutus</strong></span> <span class='ocrx_word' id='word_1_735' title='bbox 1063 4826 1168 4873; x_wconf 90' lang='lat' dir='ltr'><strong>est.</strong></span> <span class='ocrx_word' id='word_1_736' title='bbox 1197 4816 1320 4870; x_wconf 75' lang='lat' dir='ltr'><strong>Haec</strong></span> <span class='ocrx_word' id='word_1_737' title='bbox 1348 4817 1492 4870; x_wconf 87' lang='lat' dir='ltr'><strong>enim</strong></span> <span class='ocrx_word' id='word_1_738' title='bbox 1529 4814 1885 4869; x_wconf 84' lang='lat' dir='ltr'><strong>humanitatis</strong></span> <span class='ocrx_word' id='word_1_739' title='bbox 1920 4816 2106 4870; x_wconf 92' lang='lat' dir='ltr'><strong>unctio</strong></span> <span class='ocrx_word' id='word_1_740' title='bbox 2139 4826 2244 4870; x_wconf 79' lang='lat' dir='ltr'><strong>est.</strong></span> <span class='ocrx_word' id='word_1_741' title='bbox 2270 4815 2340 4870; x_wconf 85' lang='lat' dir='ltr'><strong>At</strong></span> <span class='ocrx_word' id='word_1_742' title='bbox 2362 4814 2518 4879; x_wconf 92' lang='lat' dir='ltr'><strong>illud,</strong></span> <span class='ocrx_word' id='word_1_743' title='bbox 2550 4816 2719 4885; x_wconf 86' lang='lat' dir='ltr'><strong>gignit</strong></span> <span class='ocrx_word' id='word_1_744' title='bbox 2753 4830 2854 4877; x_wconf 81' lang='lat' dir='ltr'><strong>me,</strong></span> <span class='ocrx_word' id='word_1_745' title='bbox 2886 4829 3107 4869; x_wconf 88' lang='lat' dir='ltr'><strong>causam</strong></span> <span class='ocrx_word' id='word_1_746' title='bbox 3141 4831 3247 4870; x_wconf 90' lang='lat' dir='ltr'><strong>non</strong></span> <span class='ocrx_word' id='word_1_747' title='bbox 3276 4816 3445 4868; x_wconf 83' lang='lat' dir='ltr'><strong>habet.</strong></span> <span class='ocrx_word' id='word_1_748' title='bbox 3475 4812 3645 4876; x_wconf 72' lang='lat' dir='ltr'><strong>Alioqui</strong></span> 
     </span>
    </p>
   </div>
   <div class='ocr_carea' id='block_1_93' title="bbox 439 4901 3641 4979">
    <p class='ocr_par' dir='ltr' id='par_1_93' title="bbox 439 4901 3641 4979">
     <span class='ocr_line' id='line_1_94' title="bbox 439 4901 3641 4979; baseline -0.002 -18"><span class='ocrx_word' id='word_1_749' title='bbox 439 4907 667 4961; x_wconf 85' lang='lat' dir='ltr'><strong>ostende</strong></span> <span class='ocrx_word' id='word_1_750' title='bbox 703 4908 960 4977; x_wconf 86' lang='lat' dir='ltr'><strong>quidnam</strong></span> <span class='ocrx_word' id='word_1_751' title='bbox 994 4909 1093 4979; x_wconf 90' lang='lat' dir='ltr'><strong>ipsi</strong></span> <span class='ocrx_word' id='word_1_752' title='bbox 1125 4907 1441 4977; x_wconf 89' lang='lat' dir='ltr'><strong>adjunctum</strong></span> <span class='ocrx_word' id='word_1_753' title='bbox 1462 4908 1555 4963; x_wconf 89' lang='lat' dir='ltr'><strong>sit.</strong></span> <span class='ocrx_word' id='word_1_754' title='bbox 1587 4906 1721 4971; x_wconf 84' lang='lat' dir='ltr'><strong>Quis</strong></span> <span class='ocrx_word' id='word_1_755' title='bbox 1752 4907 1917 4975; x_wconf 79' lang='lat' dir='ltr'><strong>igitur</strong></span> <span class='ocrx_word' id='word_1_756' title='bbox 1938 4904 2146 4960; x_wconf 82' lang='lat' dir='ltr'><strong>inﬁcias</strong></span> <span class='ocrx_word' id='word_1_757' title='bbox 2185 4908 2305 4971; x_wconf 86' lang='lat' dir='ltr'><strong>ibit,</strong></span> <span class='ocrx_word' id='word_1_758' title='bbox 2338 4908 2468 4975; x_wconf 91' lang='lat' dir='ltr'><strong>quin</strong></span> <span class='ocrx_word' id='word_1_759' title='bbox 2498 4907 2788 4975; x_wconf 87' lang='lat' dir='ltr'><strong>sapientia,</strong></span> <span class='ocrx_word' id='word_1_760' title='bbox 2817 4907 3118 4961; x_wconf 85' lang='lat' dir='ltr'><strong>secundum</strong></span> <span class='ocrx_word' id='word_1_761' title='bbox 3152 4906 3456 4960; x_wconf 82' lang='lat' dir='ltr'><strong>inferiorem</strong></span> <span class='ocrx_word' id='word_1_762' title='bbox 3475 4901 3641 4969; x_wconf 77' lang='lat' dir='ltr'><strong>quidem</strong></span> 
     </span>
    </p>
   </div>
   <div class='ocr_carea' id='block_1_94' title="bbox 439 4997 3556 5070">
    <p class='ocr_par' dir='ltr' id='par_1_94' title="bbox 439 4997 3556 5070">
     <span class='ocr_line' id='line_1_95' title="bbox 439 4997 3556 5070; baseline -0.002 -17"><span class='ocrx_word' id='word_1_763' title='bbox 439 5001 844 5067; x_wconf 73' lang='lat' dir='ltr'><strong>generationem</strong></span> <span class='ocrx_word' id='word_1_764' title='bbox 893 5014 1097 5069; x_wconf 82' lang='lat' dir='ltr'><strong>creata,</strong></span> <span class='ocrx_word' id='word_1_765' title='bbox 1135 5004 1430 5059; x_wconf 82' lang='lat' dir='ltr'><strong>secundum</strong></span> <span class='ocrx_word' id='word_1_766' title='bbox 1466 5012 1646 5055; x_wconf 90' lang='lat' dir='ltr'><strong>autem</strong></span> <span class='ocrx_word' id='word_1_767' title='bbox 1686 5003 1920 5070; x_wconf 87' lang='lat' dir='ltr'><strong>primum</strong></span> <span class='ocrx_word' id='word_1_768' title='bbox 1960 5000 2102 5053; x_wconf 90' lang='lat' dir='ltr'><strong>illam</strong></span> <span class='ocrx_word' id='word_1_769' title='bbox 2132 5003 2413 5069; x_wconf 77' lang='lat' dir='ltr'><strong>magisque</strong></span> <span class='ocrx_word' id='word_1_770' title='bbox 2450 5001 3063 5067; x_wconf 87' lang='lat' dir='ltr'><strong>iucomprehensibilem</strong></span> <span class='ocrx_word' id='word_1_771' title='bbox 3093 5002 3272 5070; x_wconf 74' lang='lat' dir='ltr'><strong>genita</strong></span> <span class='ocrx_word' id='word_1_772' title='bbox 3325 4997 3556 5053; x_wconf 78' lang='lat' dir='ltr'><strong>dicatur?</strong></span> 
     </span>
    </p>
   </div>
   <div class='ocr_carea' id='block_1_95' title="bbox 514 5080 2003 5162">
    <p class='ocr_par' dir='ltr' id='par_1_95' title="bbox 514 5092 2003 5162">
     <span class='ocr_line' id='line_1_96' title="bbox 514 5092 2003 5162; baseline -0.003 -17"><span class='ocrx_word' id='word_1_773' title='bbox 514 5093 653 5146; x_wconf 83' lang='lat' dir='ltr'><strong>Huic</strong></span> <span class='ocrx_word' id='word_1_774' title='bbox 684 5093 830 5147; x_wconf 84' lang='lat' dir='ltr'><strong>velut</strong></span> <span class='ocrx_word' id='word_1_775' title='bbox 861 5095 1264 5150; x_wconf 89' lang='lat' dir='ltr'><strong>consectarium</strong></span> <span class='ocrx_word' id='word_1_776' title='bbox 1319 5104 1425 5158; x_wconf 87' lang='lat' dir='ltr'><strong>est,</strong></span> <span class='ocrx_word' id='word_1_777' title='bbox 1484 5092 1628 5162; x_wconf 82' lang='lat' dir='ltr'><strong>quod</strong></span> <span class='ocrx_word' id='word_1_778' title='bbox 1693 5092 1858 5145; x_wconf 89' lang='lat' dir='ltr'><strong>etiam</strong></span> <span class='ocrx_word' id='word_1_779' title='bbox 1895 5106 2003 5144; x_wconf 88' lang='lat' dir='ltr'><strong>ser-</strong></span> 
     </span>
    </p>
   </div>
   <div class='ocr_carea' id='block_1_96' title="bbox 2150 5080 3639 5162">
    <p class='ocr_par' dir='ltr' id='par_1_96' title="bbox 2194 5080 3639 5161">
     <span class='ocr_line' id='line_1_97' title="bbox 2194 5080 3639 5161; baseline -0.004 -18"><span class='ocrx_word' id='word_1_780' title='bbox 2194 5091 2379 5161; x_wconf 85' lang='grc' dir='ltr'>Τούτῳ</span> <span class='ocrx_word' id='word_1_781' title='bbox 2428 5091 2484 5143; x_wconf 84' lang='grc' dir='ltr'>δὲ</span> <span class='ocrx_word' id='word_1_782' title='bbox 2536 5093 2748 5145; x_wconf 61' lang='grc' dir='ltr'>ιὲπεται</span> <span class='ocrx_word' id='word_1_783' title='bbox 2800 5093 2895 5143; x_wconf 77' lang='grc' dir='ltr'>καὶ</span> <span class='ocrx_word' id='word_1_784' title='bbox 2946 5086 3027 5157; x_wconf 62' lang='lat' dir='ltr'><strong>«ut,</strong></span> <span class='ocrx_word' id='word_1_785' title='bbox 3087 5089 3278 5144; x_wconf 73' lang='grc' dir='ltr'>δοῦλον</span> <span class='ocrx_word' id='word_1_786' title='bbox 3349 5088 3544 5143; x_wconf 75' lang='grc' dir='ltr'>ἀκούειν</span> <span class='ocrx_word' id='word_1_787' title='bbox 3600 5080 3639 5133; x_wconf 76' lang='grc' dir='ltr'><strong>εὖ</strong></span> 
     </span>
    </p>
   </div>
   <div class='ocr_carea' id='block_1_97' title="bbox 440 5178 1929 5253">
    <p class='ocr_par' dir='ltr' id='par_1_97' title="bbox 440 5183 1926 5252">
     <span class='ocr_line' id='line_1_98' title="bbox 440 5183 1926 5252; baseline -0.003 -13"><span class='ocrx_word' id='word_1_788' title='bbox 440 5201 542 5241; x_wconf 89' lang='lat' dir='ltr'><strong>vus</strong></span> <span class='ocrx_word' id='word_1_789' title='bbox 572 5186 776 5241; x_wconf 90' lang='lat' dir='ltr'><strong>dicitur</strong></span> <span class='ocrx_word' id='word_1_790' title='bbox 807 5188 849 5252; x_wconf 82' lang='lat'><strong>&#39;,</strong></span> <span class='ocrx_word' id='word_1_791' title='bbox 891 5196 946 5242; x_wconf 90' lang='lat' dir='ltr'><strong>et</strong></span> <span class='ocrx_word' id='word_1_792' title='bbox 1003 5187 1188 5241; x_wconf 88' lang='lat' dir='ltr'><strong>multis</strong></span> <span class='ocrx_word' id='word_1_793' title='bbox 1225 5186 1363 5240; x_wconf 80' lang='lat' dir='ltr'><strong>bene</strong></span> <span class='ocrx_word' id='word_1_794' title='bbox 1402 5184 1649 5239; x_wconf 79' lang='lat' dir='ltr'><strong>serviens</strong></span> <span class='ocrx_word' id='word_1_795' title='bbox 1706 5184 1751 5215; x_wconf 79' lang='grc'><strong>²⁰</strong></span> <span class='ocrx_word' id='word_1_796' title='bbox 1783 5200 1797 5248; x_wconf 86' lang='grc'>;</span> <span class='ocrx_word' id='word_1_797' title='bbox 1854 5183 1926 5235; x_wconf 82' lang='grc' dir='ltr'>ῑιιι</span> 
     </span>
    </p>
   </div>
   <div class='ocr_carea' id='block_1_98' title="bbox 2149 5178 3638 5253">
    <p class='ocr_par' dir='ltr' id='par_1_98' title="bbox 2154 5178 3638 5253">
     <span class='ocr_line' id='line_1_99' title="bbox 2154 5178 3638 5253; baseline -0.001 -20"><span class='ocrx_word' id='word_1_798' title='bbox 2154 5183 2440 5236; x_wconf 77' lang='grc' dir='ltr'>ουλεύοντα</span> <span class='ocrx_word' id='word_1_799' title='bbox 2473 5185 2706 5248; x_wconf 79' lang='grc' dir='ltr'>πολλοῖς.</span> <span class='ocrx_word' id='word_1_800' title='bbox 2770 5184 2885 5239; x_wconf 74' lang='grc' dir='ltr'>Καὶ</span> <span class='ocrx_word' id='word_1_801' title='bbox 2936 5184 3021 5251; x_wconf 84' lang='grc' dir='ltr'><strong>τὸ,</strong></span> <span class='ocrx_word' id='word_1_802' title='bbox 3056 5185 3201 5253; x_wconf 80' lang='grc' dir='ltr'>μέγα</span> <span class='ocrx_word' id='word_1_803' title='bbox 3231 5182 3369 5236; x_wconf 74' lang='grc' dir='ltr'>εἶναι</span> <span class='ocrx_word' id='word_1_804' title='bbox 3391 5180 3522 5248; x_wconf 80' lang='grc' dir='ltr'>αὐτῷ</span> <span class='ocrx_word' id='word_1_805' title='bbox 3546 5178 3638 5240; x_wconf 80' lang='grc' dir='ltr'>κλη·</span> 
     </span>
    </p>
   </div>
   <div class='ocr_carea' id='block_1_99' title="bbox 439 5270 1928 5349">
    <p class='ocr_par' dir='ltr' id='par_1_99' title="bbox 439 5276 1887 5349">
     <span class='ocr_line' id='line_1_100' title="bbox 439 5276 1887 5349; baseline -0.003 -16"><span class='ocrx_word' id='word_1_806' title='bbox 439 5294 546 5348; x_wconf 92' lang='lat' dir='ltr'><strong>que</strong></span> <span class='ocrx_word' id='word_1_807' title='bbox 578 5279 726 5342; x_wconf 89' lang='lat' dir='ltr'><strong>item,</strong></span> <span class='ocrx_word' id='word_1_808' title='bbox 759 5280 903 5348; x_wconf 91' lang='lat' dir='ltr'><strong>quod</strong></span> <span class='ocrx_word' id='word_1_809' title='bbox 948 5295 1202 5349; x_wconf 85' lang='lat' dir='ltr'><strong>magnum</strong></span> <span class='ocrx_word' id='word_1_810' title='bbox 1262 5287 1429 5345; x_wconf 79' lang='lat' dir='ltr'><strong>atque</strong></span> <span class='ocrx_word' id='word_1_811' title='bbox 1498 5276 1736 5347; x_wconf 87' lang='lat' dir='ltr'><strong>atnplum</strong></span> <span class='ocrx_word' id='word_1_812' title='bbox 1787 5276 1887 5346; x_wconf 81' lang='lat' dir='ltr'><strong>ipsi</strong></span> 
     </span>
    </p>
   </div>
   <div class='ocr_carea' id='block_1_100' title="bbox 2147 5270 3636 5349">
    <p class='ocr_par' dir='ltr' id='par_1_100' title="bbox 2147 5270 3636 5348">
     <span class='ocr_line' id='line_1_101' title="bbox 2147 5270 3636 5348; baseline 0.003 -22"><span class='ocrx_word' id='word_1_813' title='bbox 2147 5280 2283 5343; x_wconf 63' lang='grc' dir='ltr'>ιῆναι</span> <span class='ocrx_word' id='word_1_814' title='bbox 2319 5278 2486 5330; x_wconf 66' lang='lat' dir='ltr'><strong>&quot;aid:</strong></span> <span class='ocrx_word' id='word_1_815' title='bbox 2534 5277 2691 5331; x_wconf 82' lang='grc' dir='ltr'>Θεοῦ.</span> <span class='ocrx_word' id='word_1_816' title='bbox 2755 5278 2842 5348; x_wconf 83' lang='grc' dir='ltr'>Τῷ</span> <span class='ocrx_word' id='word_1_817' title='bbox 2870 5279 2982 5331; x_wconf 76' lang='grc' dir='ltr'>ὄντι</span> <span class='ocrx_word' id='word_1_818' title='bbox 3029 5279 3135 5347; x_wconf 84' lang='grc' dir='ltr'><strong>γὰρ</strong></span> <span class='ocrx_word' id='word_1_819' title='bbox 3181 5277 3448 5330; x_wconf 75' lang='grc' dir='ltr'>ἐδούλευσε</span> <span class='ocrx_word' id='word_1_820' title='bbox 3494 5270 3636 5339; x_wconf 60' lang='grc' dir='ltr'>σαρκὶ.</span> 
     </span>
    </p>
   </div>
   <div class='ocr_carea' id='block_1_101' title="bbox 439 5365 1928 5441">
    <p class='ocr_par' dir='ltr' id='par_1_101' title="bbox 439 5367 1917 5436">
     <span class='ocr_line' id='line_1_102' title="bbox 439 5367 1917 5436; baseline -0.002 -12"><span class='ocrx_word' id='word_1_821' title='bbox 439 5369 633 5425; x_wconf 88' lang='lat' dir='ltr'><strong>Filium</strong></span> <span class='ocrx_word' id='word_1_822' title='bbox 669 5368 760 5423; x_wconf 87' lang='lat' dir='ltr'><strong>Dei</strong></span> <span class='ocrx_word' id='word_1_823' title='bbox 796 5369 973 5425; x_wconf 72' lang='lat' dir='ltr'><strong>vooari</strong></span> <span class='ocrx_word' id='word_1_824' title='bbox 1007 5372 1070 5424; x_wconf 84' lang='lat'><strong>“.</strong></span> <span class='ocrx_word' id='word_1_825' title='bbox 1114 5368 1266 5423; x_wconf 88' lang='lat' dir='ltr'><strong>Haud</strong></span> <span class='ocrx_word' id='word_1_826' title='bbox 1314 5367 1480 5422; x_wconf 90' lang='lat' dir='ltr'><strong>dubie</strong></span> <span class='ocrx_word' id='word_1_827' title='bbox 1511 5368 1707 5436; x_wconf 90' lang='lat' dir='ltr'><strong>quippe</strong></span> <span class='ocrx_word' id='word_1_828' title='bbox 1742 5368 1917 5427; x_wconf 88' lang='lat' dir='ltr'><strong>carni.</strong></span> 
     </span>
    </p>
   </div>
   <div class='ocr_carea' id='block_1_102' title="bbox 2150 5365 3639 5441">
    <p class='ocr_par' dir='ltr' id='par_1_102' title="bbox 2150 5365 3639 5441">
     <span class='ocr_line' id='line_1_103' title="bbox 2150 5365 3639 5441; baseline -0.003 -20"><span class='ocrx_word' id='word_1_829' title='bbox 2150 5376 2215 5422; x_wconf 69' lang='lat' dir='ltr'><strong>:a‘:</strong></span> <span class='ocrx_word' id='word_1_830' title='bbox 2281 5375 2517 5438; x_wconf 81' lang='grc' dir='ltr'>γενέσει,</span> <span class='ocrx_word' id='word_1_831' title='bbox 2574 5372 2670 5425; x_wconf 75' lang='grc' dir='ltr'>καὶ</span> <span class='ocrx_word' id='word_1_832' title='bbox 2709 5372 2905 5427; x_wconf 81' lang='grc' dir='ltr'>πάθεσι</span> <span class='ocrx_word' id='word_1_833' title='bbox 2949 5375 3062 5434; x_wconf 79' lang='grc' dir='ltr'>τοῖς</span> <span class='ocrx_word' id='word_1_834' title='bbox 3115 5374 3423 5441; x_wconf 76' lang='grc' dir='ltr'>ἡμετέροις,</span> <span class='ocrx_word' id='word_1_835' title='bbox 3467 5368 3542 5420; x_wconf 73' lang='grc' dir='ltr'>διὰ</span> <span class='ocrx_word' id='word_1_836' title='bbox 3570 5365 3639 5428; x_wconf 74' lang='grc' dir='ltr'><strong>τὴν</strong></span> 
     </span>
    </p>
   </div>
   <div class='ocr_carea' id='block_1_103' title="bbox 439 5453 1928 5534">
    <p class='ocr_par' dir='ltr' id='par_1_103' title="bbox 439 5460 1928 5533">
     <span class='ocr_line' id='line_1_104' title="bbox 439 5460 1928 5533; baseline -0.001 -15"><span class='ocrx_word' id='word_1_837' title='bbox 439 5463 773 5533; x_wconf 79' lang='lat' dir='ltr'><strong>generationi</strong></span> <span class='ocrx_word' id='word_1_838' title='bbox 794 5504 809 5531; x_wconf 94' lang='lat'><strong>,</strong></span> <span class='ocrx_word' id='word_1_839' title='bbox 839 5471 894 5518; x_wconf 92' lang='lat' dir='ltr'><strong>et</strong></span> <span class='ocrx_word' id='word_1_840' title='bbox 931 5461 1312 5518; x_wconf 70' lang='lat' dir='ltr'><strong>adectionibus</strong></span> <span class='ocrx_word' id='word_1_841' title='bbox 1357 5460 1584 5523; x_wconf 90' lang='lat' dir='ltr'><strong>nostris.</strong></span> <span class='ocrx_word' id='word_1_842' title='bbox 1614 5460 1885 5517; x_wconf 88' lang='lat' dir='ltr'><strong>libertatis</strong></span> <span class='ocrx_word' id='word_1_843' title='bbox 1918 5479 1928 5516; x_wconf 93' lang='lat' dir='ltr'><strong>l</strong></span> 
     </span>
    </p>
   </div>
   <div class='ocr_carea' id='block_1_104' title="bbox 2148 5453 3637 5534">
    <p class='ocr_par' dir='ltr' id='par_1_104' title="bbox 2148 5453 3637 5534">
     <span class='ocr_line' id='line_1_105' title="bbox 2148 5453 3637 5534; baseline -0.008 -19"><span class='ocrx_word' id='word_1_844' title='bbox 2148 5463 2397 5534; x_wconf 67' lang='grc' dir='ltr'>ιμετέραν</span> <span class='ocrx_word' id='word_1_845' title='bbox 2450 5462 2790 5530; x_wconf 81' lang='grc' dir='ltr'>ἐλευθερίαν,</span> <span class='ocrx_word' id='word_1_846' title='bbox 2823 5463 2919 5515; x_wconf 80' lang='grc' dir='ltr'>καὶ</span> <span class='ocrx_word' id='word_1_847' title='bbox 2962 5463 3129 5515; x_wconf 83' lang='grc' dir='ltr'>πᾶσιν</span> <span class='ocrx_word' id='word_1_848' title='bbox 3187 5456 3267 5524; x_wconf 78' lang='grc' dir='ltr'><strong>οἷς</strong></span> <span class='ocrx_word' id='word_1_849' title='bbox 3328 5453 3637 5513; x_wconf 79' lang='grc' dir='ltr'>σέσωκενύπὸ</span> 
     </span>
    </p>
   </div>
   <div class='ocr_carea' id='block_1_105' title="bbox 438 5549 1927 5628">
    <p class='ocr_par' dir='ltr' id='par_1_105' title="bbox 438 5554 1927 5626">
     <span class='ocr_line' id='line_1_106' title="bbox 438 5554 1927 5626; baseline 0.001 -17"><span class='ocrx_word' id='word_1_850' title='bbox 438 5566 565 5609; x_wconf 64' lang='grc' dir='ltr'>ειταξ</span> <span class='ocrx_word' id='word_1_851' title='bbox 594 5570 760 5610; x_wconf 89' lang='lat' dir='ltr'><strong>causa</strong></span> <span class='ocrx_word' id='word_1_852' title='bbox 799 5557 1044 5621; x_wconf 82' lang='lat' dir='ltr'><strong>servivit,</strong></span> <span class='ocrx_word' id='word_1_853' title='bbox 1075 5570 1139 5611; x_wconf 92' lang='lat' dir='ltr'><strong>ac</strong></span> <span class='ocrx_word' id='word_1_854' title='bbox 1161 5554 1397 5626; x_wconf 89' lang='lat' dir='ltr'><strong>denique</strong></span> <span class='ocrx_word' id='word_1_855' title='bbox 1450 5556 1707 5613; x_wconf 89' lang='lat' dir='ltr'><strong>omnibus</strong></span> <span class='ocrx_word' id='word_1_856' title='bbox 1744 5554 1870 5623; x_wconf 91' lang='lat' dir='ltr'><strong>illis,</strong></span> <span class='ocrx_word' id='word_1_857' title='bbox 1909 5572 1927 5625; x_wconf 76' lang='grc' dir='ltr'><strong>ι</strong></span> 
     </span>
    </p>
   </div>
   <div class='ocr_carea' id='block_1_106' title="bbox 2145 5549 3634 5628">
    <p class='ocr_par' dir='ltr' id='par_1_106' title="bbox 2150 5549 3634 5628">
     <span class='ocr_line' id='line_1_107' title="bbox 2150 5549 3634 5628; baseline -0.019 -3"><span class='ocrx_word' id='word_1_858' title='bbox 2150 5557 2213 5625; x_wconf 58' lang='grc' dir='ltr'><strong>ἧς</strong></span> <span class='ocrx_word' id='word_1_859' title='bbox 2244 5556 2518 5628; x_wconf 76' lang='grc' dir='ltr'>ἁμαρτίας</span> <span class='ocrx_word' id='word_1_860' title='bbox 2546 5557 2958 5628; x_wconf 82' lang='grc' dir='ltr'>κατεχομένοις.</span> <span class='ocrx_word' id='word_1_861' title='bbox 3007 5555 3073 5611; x_wconf 86' lang='grc' dir='ltr'><strong>Τί</strong></span> <span class='ocrx_word' id='word_1_862' title='bbox 3103 5556 3159 5609; x_wconf 77' lang='grc' dir='ltr'>δὲ</span> <span class='ocrx_word' id='word_1_863' title='bbox 3186 5554 3368 5624; x_wconf 81' lang='grc' dir='ltr'>μεῖζον</span> <span class='ocrx_word' id='word_1_864' title='bbox 3405 5549 3634 5621; x_wconf 77' lang='grc' dir='ltr'>ἀνθρώπου</span> 
     </span>
    </p>
   </div>
   <div class='ocr_carea' id='block_1_107' title="bbox 515 5758 2004 5840">
    <p class='ocr_par' dir='ltr' id='par_1_107' title="bbox 515 5764 1999 5840">
     <span class='ocr_line' id='line_1_108' title="bbox 515 5764 1999 5840; baseline 0 -19"><span class='ocrx_word' id='word_1_865' title='bbox 515 5769 530 5799; x_wconf 79' lang='grc'>³</span> <span class='ocrx_word' id='word_1_866' title='bbox 565 5766 723 5823; x_wconf 82' lang='lat' dir='ltr'><strong>Prov.</strong></span> <span class='ocrx_word' id='word_1_867' title='bbox 758 5783 876 5829; x_wconf 86' lang='lat' dir='ltr'><strong>vm,</strong></span> <span class='ocrx_word' id='word_1_868' title='bbox 908 5768 1032 5840; x_wconf 11' lang='lat'><strong>22.;</strong></span> <span class='ocrx_word' id='word_1_869' title='bbox 1073 5767 1105 5840; x_wconf 14' lang='grc' dir='ltr'><strong>’ί</strong></span> <span class='ocrx_word' id='word_1_870' title='bbox 1125 5764 1229 5823; x_wconf 85' lang='lat' dir='ltr'><strong>Job</strong></span> <span class='ocrx_word' id='word_1_871' title='bbox 1282 5785 1473 5835; x_wconf 82' lang='lat' dir='ltr'><strong>xxvttt,</strong></span> <span class='ocrx_word' id='word_1_872' title='bbox 1535 5771 1620 5825; x_wconf 73' lang='grc' dir='ltr'>Η.</span> <span class='ocrx_word' id='word_1_873' title='bbox 1701 5769 1722 5801; x_wconf 83' lang='grc'>³</span> <span class='ocrx_word' id='word_1_874' title='bbox 1758 5769 1890 5824; x_wconf 88' lang='lat' dir='ltr'><strong>ibid.</strong></span> <span class='ocrx_word' id='word_1_875' title='bbox 1970 5764 1999 5798; x_wconf 65' lang='grc' dir='ltr'><strong>’δ’</strong></span> 
     </span>
    </p>
   </div>
   <div class='ocr_carea' id='block_1_108' title="bbox 2144 5758 3633 5840">
    <p class='ocr_par' dir='ltr' id='par_1_108' title="bbox 2152 5758 3633 5840">
     <span class='ocr_line' id='line_1_109' title="bbox 2152 5758 3633 5840; baseline -0.003 -17"><span class='ocrx_word' id='word_1_876' title='bbox 2152 5788 2350 5834; x_wconf 82' lang='lat' dir='ltr'><strong>.xvul,</strong></span> <span class='ocrx_word' id='word_1_877' title='bbox 2415 5772 2466 5825; x_wconf 87' lang='lat' dir='ltr'><strong>l.</strong></span> <span class='ocrx_word' id='word_1_878' title='bbox 2543 5771 2564 5804; x_wconf 87' lang='grc'><strong><em>⁸</em></strong></span> <span class='ocrx_word' id='word_1_879' title='bbox 2605 5770 2773 5828; x_wconf 73' lang='lat' dir='ltr'><strong>Ztcb.</strong></span> <span class='ocrx_word' id='word_1_880' title='bbox 2834 5788 2975 5840; x_wconf 82' lang='lat' dir='ltr'><strong>xm,</strong></span> <span class='ocrx_word' id='word_1_881' title='bbox 3032 5774 3119 5829; x_wconf 80' lang='lat' dir='ltr'><strong>i7.</strong></span> <span class='ocrx_word' id='word_1_882' title='bbox 3197 5773 3216 5803; x_wconf 77' lang='grc'>⁸</span> <span class='ocrx_word' id='word_1_883' title='bbox 3252 5768 3393 5829; x_wconf 85' lang='lat' dir='ltr'><strong>Psal.</strong></span> <span class='ocrx_word' id='word_1_884' title='bbox 3439 5758 3633 5829; x_wconf 74' lang='lat' dir='ltr'><strong>cxnt,l-</strong></span> 
     </span>
    </p>
   </div>
   <div class='ocr_carea' id='block_1_109' title="bbox 441 5836 2950 5911">
    <p class='ocr_par' dir='ltr' id='par_1_109' title="bbox 441 5836 2950 5911">
     <span class='ocr_line' id='line_1_110' title="bbox 441 5836 2950 5911; baseline 0.002 -19"><span class='ocrx_word' id='word_1_885' title='bbox 441 5836 461 5869; x_wconf 85' lang='lat'><strong><em>&quot;</em></strong></span> <span class='ocrx_word' id='word_1_886' title='bbox 493 5836 649 5896; x_wconf 75' lang='lat' dir='ltr'><strong>Prov.</strong></span> <span class='ocrx_word' id='word_1_887' title='bbox 697 5855 812 5907; x_wconf 88' lang='lat' dir='ltr'><strong>vnt,</strong></span> <span class='ocrx_word' id='word_1_888' title='bbox 848 5841 939 5897; x_wconf 73' lang='lat'><strong>‘22.</strong></span> <span class='ocrx_word' id='word_1_889' title='bbox 1015 5838 1037 5870; x_wconf 82' lang='grc'><strong>⁸</strong></span> <span class='ocrx_word' id='word_1_890' title='bbox 1091 5839 1233 5897; x_wconf 82' lang='lat' dir='ltr'><strong>l’sal.</strong></span> <span class='ocrx_word' id='word_1_891' title='bbox 1274 5856 1363 5907; x_wconf 78' lang='lat' dir='ltr'><strong>cx,</strong></span> <span class='ocrx_word' id='word_1_892' title='bbox 1399 5840 1454 5895; x_wconf 88' lang='lat'><strong>7.</strong></span> <span class='ocrx_word' id='word_1_893' title='bbox 1529 5845 1548 5874; x_wconf 85' lang='grc'><strong>⁹</strong></span> <span class='ocrx_word' id='word_1_894' title='bbox 1581 5840 1685 5897; x_wconf 87' lang='lat' dir='ltr'><strong>lsa.</strong></span> <span class='ocrx_word' id='word_1_895' title='bbox 1721 5856 1867 5905; x_wconf 83' lang='lat' dir='ltr'><strong>xux,</strong></span> <span class='ocrx_word' id='word_1_896' title='bbox 1895 5839 1947 5894; x_wconf 86' lang='grc'>6.</span> <span class='ocrx_word' id='word_1_897' title='bbox 2030 5840 2073 5871; x_wconf 76' lang='grc'><strong>³⁸</strong></span> <span class='ocrx_word' id='word_1_898' title='bbox 2100 5841 2202 5898; x_wconf 73' lang='lat' dir='ltr'><strong>lsa.</strong></span> <span class='ocrx_word' id='word_1_899' title='bbox 2247 5859 2361 5907; x_wconf 83' lang='lat' dir='ltr'><strong>LIII,</strong></span> <span class='ocrx_word' id='word_1_900' title='bbox 2401 5844 2480 5898; x_wconf 81' lang='lat' dir='ltr'><strong>li.</strong></span> <span class='ocrx_word' id='word_1_901' title='bbox 2563 5845 2602 5876; x_wconf 84' lang='lat'>“</span> <span class='ocrx_word' id='word_1_902' title='bbox 2637 5843 2765 5900; x_wconf 85' lang='lat' dir='ltr'><strong>Luc.</strong></span> <span class='ocrx_word' id='word_1_903' title='bbox 2796 5862 2833 5911; x_wconf 87' lang='lat' dir='ltr'><strong>I,</strong></span> <span class='ocrx_word' id='word_1_904' title='bbox 2861 5846 2950 5900; x_wconf 78' lang='lat'><strong>55.</strong></span> 
     </span>
    </p>
   </div>
  </div>
