3920 6572
185 383 284 447 577

1160 389 1247 447 PA
1257 389 1302 449 N
1309 388 1537 450 OPLIA
1578 391 1759 453 DOGli

1871 394 2035 456 .‘lCA.
2059 419 2127 431 ·-
2158 395 2304 457 ΤΙΤ.
2341 394 2450 455 XI.
3324 401 3427 465 578

182 501 551 567 ταπεινότητι,
582 497 614 567 ἢ
647 497 766 569 Θεῷ
796 496 1095 568 πλακῆναι,
1132 502 1226 552 καὶ
1250 502 1504 569 γενέσθαι
1523 504 1656 558 Θεὸν
1686 506 1751 558 ἐκ

1871 523 1973 577 piae
2000 522 2115 573 eos,
2147 508 2294 577 quia
2329 518 2554 577 peccato
2603 507 3015 576 detinebantur,
3064 494 3119 564 in
3189 512 3420 570 salutem

179 592 280 658 τῆς
310 590 530 659 μίξεως,
566 593 660 644 καὶ
689 591 945 645 τοσοῦτον
975 595 1373 663 ἐπισκεφθῆναι
1412 596 1667 668 ’Δνατολῇ
1702 599 1760 664 ἐξ

179 682 374 752 ὕψους,
397 683 536 736 ῶστε
566 684 659 736 καὶ
684 683 743 736 τὸ
775 684 1112 753 γεννώμενον
1148 688 1303 754 ἅγιον
1337 687 1464 741 Υίδν
1504 688 1758 759 Ὑψίστου

179 777 473 861 κληθῆναί,
528 778 622 830 καὶ
678 777 1000 846 χαρισθῆναι
1053 778 1203 849 αύτῷ
1282 780 1453 849 ὄνομα
1510 782 1570 834 τὸ
1622 783 1760 853 ὑπὲρ

176 872 288 923 πᾶν
317 868 486 941 ὄνομα
512 885 527 936 ;
581 870 749 923 Τοῦτο
777 871 832 922 δὲ
862 870 913 922 τί
982 889 1109 925 ποτε
1164 872 1291 926 ἀλλο
1320 874 1467 927 ἐστὶν
1502 875 1534 946 ἢ
1576 876 1760 941 Θεός;

177 963 291 1017 Καὶ
322 965 403 1027 τὸ,
445 966 553 1017 πᾶν
602 967 730 1031 γόνυ
787 963 1000 1033 κάμψαι
1050 965 1125 1035 τῷ
1160 967 1445 1019 κενωθέντι
1488 966 1555 1020 δι’
1585 970 1752 1037 ἡμᾶς,

175 1058 273 1110 καὶ
311 1058 410 1125 τὴν
438 1056 588 1109 θείαν
611 1056 794 1110 είκόνα
824 1058 1044 1128 δουλικῇ
1097 1061 1280 1129 μορφῇ
1331 1062 1753 1130 συγκεράσανπς

173 1149 275 1201 καὶ
313 1148 534 1216 γνῶναι
559 1149 754 1205 πάντα
781 1149 951 1202 οἶκον
979 1151 1243 1216 Ἰσραὴλ,
1286 1151 1378 1205 ὅτι
1420 1152 1518 1207 καὶ
1538 1154 1757 1221 Κύριον

172 1242 370 1296 αὑτὸν
400 1241 501 1295 καὶ
536 1243 791 1310 Χριστὸν
814 1245 847 1296 ό
873 1242 1017 1308 Θεὸς
1041 1244 1352 1310 ἐποίησεν.
1411 1244 1602 1310 Γέγονε
1647 1247 1755 1317 γὰρ

170 1334 352 1388 ταῦτα
416 1334 663 1404 ἐνεργείᾳ
704 1333 802 1403 μὲν
832 1332 925 1386 τοῦ
956 1336 1311 1403 γεννήματος,
1336 1330 1552 1407 εὐδοκία
1577 1336 1634 1389 δὲ
1662 1337 1754 1390 τοῦ

172 1429 523 1497 γεννήτορος.

1861 600 2114 653 asseruit.
2145 599 2282 666 Quid
2320 609 2496 652 autem
2540 602 2714 667 majus
2762 609 2815 654 et
2842 602 3290 658 honoriﬁcentius
3323 613 3424 659 ho-

1862 692 2023 745 minis
2058 692 2346 745 humilitati
2378 692 2692 760 contingere
2709 704 2894 758 queat,
2922 708 3081 762 quam
3118 694 3227 749 Deo
3257 712 3429 765 copu-

1860 783 1982 848 lari,
2008 792 2170 851 atque
2193 796 2257 837 ex
2292 783 2384 836 illa
2416 783 2671 838 mistione
2711 784 2880 837 Deum
2914 784 3073 847 eﬂici,
3107 795 3429 856 tantumque

1861 876 1927 929 ab
1948 874 2169 928 Oriente
2205 891 2272 928 ex
2300 875 2409 928 alto
2434 876 2639 928 visitari
2670 877 2707 939 ί,
2740 875 2942 929 utillud
2972 877 3129 930 etiam
3158 891 3426 945 sanctum,

1863 968 2008 1037 quod
2044 967 2390 1037 gignebatur,
2424 966 2687 1021 Altissimi
2740 965 2907 1022 Filius
2945 978 3234 1022 vocaretur
3265 970 3309 1035 ί,
3335 983 3431 1024 eo-

1863 1074 1967 1127 que
2005 1059 2227 1113 nomine
2251 1059 2565 1119 donaretur,
2618 1058 2763 1127 quod
2793 1066 2869 1112 est
2929 1074 3091 1127 super
3143 1075 3303 1113 Olttlte
3333 1074 3430 1114 no-

1865 1166 1988 1204 men
2020 1150 2082 1203 '1’
2126 1149 2279 1214 Quod
2312 1165 2472 1218 porro
2500 1150 2641 1202 aliud
2699 1164 2891 1202 nomen
2929 1149 3073 1202 illud
3110 1160 3214 1216 est,
3262 1166 3427 1218 quam

1870 1242 2264 1310 Deus?Atque
2307 1240 2470 1305 istud,
2499 1255 2657 1294 omne
2713 1253 2849 1309 genu
2903 1249 3026 1294 ante
3075 1256 3198 1294 eum
3248 1240 3432 1293 lteeta-
3496 1304 3511 1314 κ

1864 1344 1949 1386 ιιιι·
1994 1332 2038 1397 ⁸,
2065 1335 2155 1402 qui
2191 1342 2374 1387 nostra
2408 1346 2569 1386 causa
2599 1333 2911 1386 exinanitus
2952 1343 3058 1393 est.
3088 1347 3151 1383 ac
3184 1332 3429 1384 divinam

1868 1425 2157 1492 imaginem
2192 1426 2374 1480 servili
2402 1425 2592 1479 formae
2617 1426 2922 1496 conjunxit,
2979 1425 3217 1494 sciatque
3260 1425 3431 1476 omnis

177 1520 373 1573 domus
403 1520 590 1582 Israel,
625 1524 750 1590 quia
783 1531 829 1575 et
867 1522 1148 1577 Dominum
1181 1539 1299 1577 eum
1366 1534 1413 1577 et
1446 1520 1711 1576 Christum
1732 1519 1855 1591 fecit
1886 1517 2026 1573 Deus
2060 1520 2101 1572 '.
2158 1518 2284 1574 Haec
2311 1520 2455 1573 enim
2486 1519 2658 1573 factus
2689 1530 2793 1581 est,
2845 1533 3007 1586 opera
3041 1517 3257 1586 quidem
3312 1516 3430 1588 ejus

178 1624 275 1691 qui
320 1622 538 1691 genitus
569 1629 673 1681 est,
706 1621 844 1673 bona
875 1631 1054 1673 autem
1082 1621 1365 1675 voluntate
1393 1620 1673 1691 genitoris.

244 1713 516 1781 Δεύτερον
565 1709 621 1763 δὲ
663 1711 716 1763 τί
747 1712 854 1764 τῶν
907 1711 1178 1782 μεγίστων
1231 1711 1414 1775 αὐτοῖς
1471 1710 1566 1764 καὶ
1618 1709 1765 1779 ἀμά-

1942 1707 2082 1774 Quid
2137 1706 2377 1762 secundo
2443 1706 2586 1772 loco,
2662 1714 2915 1774 tanquam
2990 1702 3212 1757 maximi
3270 1713 3433 1771 atque

174 1814 294 1866 χων
324 1814 338 1861 ;
375 1801 466 1850 Δεῖ
496 1798 603 1869 γάρ
648 1797 808 1851 αὐτὸν
846 1796 1146 1866 βασιλεύειν
1198 1799 1324 1868 ἄχρι
1349 1797 1519 1861 τοῦδε,
1549 1799 1640 1851 καὶ
1670 1798 1759 1853 ὑπ’

1875 1794 2059 1847 invicti
2090 1794 2366 1861 cujusdam
2400 1797 2630 1858 roboris,
2663 1799 2986 1866 opponunt?
3030 1800 3254 1867 Oportet
3293 1803 3435 1856 enim

176 1890 417 1959 οὐρανοῦ
445 1890 694 1960 δεχθῆναι
728 1891 855 1960 ἄχρι
891 1891 1094 1960 χρόνων
1127 1891 1637 1954 ἀποκαταστάσεως,
1671 1894 1764 1945 καὶ

177 1982 283 2053 τὴν
316 1983 383 2034 ἐκ
431 1982 617 2046 δεξιῶν
659 1982 923 2052 καθέδραν
957 1982 1119 2052 ἔχειν,
1163 1982 1267 2047 ἓως
1292 1984 1390 2054 τῆς
1417 1984 1524 2037 τῶν
1553 1984 1763 2056 ἐχθρῶν

180 2072 623 2143 ἐπικρατήσεως.
660 2074 731 2126 Τὸ
768 2074 904 2145 μετά
934 2074 1091 2128 τοῦτο
1120 2075 1177 2129 δὲ
1208 2075 1261 2128 τί
1285 2092 1300 2141 ;
1342 2076 1514 2146 Λῆξαι
1541 2078 1636 2148 τῆς
1666 2077 1764 2147 βα-

181 2165 473 2236 σιλείας,ἥ
504 2166 612 2220 τῶν
644 2167 889 2238 οὐρανῶν
929 2168 1227 2238 ἀποστῆναι
1280 2181 1297 2230 ;
1447 2168 1601 2231 Τίνος
1627 2168 1765 2221 παύ-

181 2271 376 2318 σοντος
403 2254 473 2325 ;ἢ
506 2254 571 2307 δι’
616 2255 804 2325 ἥντινα
840 2255 938 2325 τὴν
980 2255 1159 2307 αἰτίαν
1213 2277 1227 2323 ;
1380 2255 1467 2319 Ὠς
1492 2257 1765 2328 τολμηρὸς

179 2342 463 2415 ἐξηγητὴς
675 2344 760 2405 σὺ,
808 2344 902 2396 καὶ
934 2344 1052 2397 λίαν
1097 2344 1615 2407 ἀϐασίλευτοςῑΚαι
1659 2348 1764 2416 μὴν

178 2435 409 2497 ἀκούεις
459 2434 559 2503 τῆς
598 2434 870 2504 βασιλείας
899 2435 1062 2488 αὐτοῦ
1107 2436 1179 2507 μὴ
1210 2432 1347 2489 εἶναι
1376 2437 1566 2507 πέρας.
1606 2437 1766 2491 Ἀλλὰ

179 2524 345 2578 τοῦτο
370 2526 618 2595 πάσχεις,
674 2527 823 2597 παρὰ
851 2527 912 2578 τὸ
946 2527 1019 2598 μὴ
1062 2526 1366 2594 γινώσκειν,
1401 2528 1482 2580 ὅτι
1504 2519 1592 2592 τὸ,
1633 2528 1762 2594 ἕως,

181 2618 242 2669 οὑ
274 2617 498 2680 πάντως
545 2617 861 2687 ἀντιδιαιρεῖ
884 2617 961 2688 τῷ
1016 2617 1278 2688 μέλλοντι,
1335 2619 1469 2672 ἀλλά
1510 2621 1568 2673 τὸ
1604 2622 1766 2691 μέχρι

187 2708 294 2778 μὲν
326 2708 481 2760 τοῦδε
533 2747 548 2769 ,
680 2707 896 2778 τίθησι·
958 2708 1018 2760 τὸ
1051 2709 1189 2779 ὑπὲρ
1239 2708 1397 2762 τοῦτο
1562 2711 1639 2776 δὲ,
1666 2714 1766 2766 οὐκ

182 2798 491 2851 ἀναίνεται.
529 2798 599 2850 Ἦ
634 2796 752 2859 πῶς
784 2799 1016 2868 νοήσεις,
1064 2798 1149 2851 ἵνα
1178 2799 1252 2870 μὴ
1282 2799 1449 2854 τᾶλλα
1473 2800 1635 2869 λέγω,
1669 2803 1760 2854 τό*

185 2889 451 2953 Ἕσομαι
476 2887 604 2954 μεθ’
625 2885 789 2954 ὑμῶν
816 2886 925 2952 ἕως
966 2886 1076 2954 τῆς
1118 2888 1477 2953 συντελείας
1509 2889 1615 2942 τοῦ
1635 2889 1767 2942 altit-

181 2993 331 3041 roc;
360 2971 487 3046 Ἆρ’
512 2975 587 3038 ὡς
642 2976 777 3045 μετά
818 2975 975 3028 τοῦτο
1032 2977 1131 3029 οὐκ
1180 2975 1259 3030 ἔτι
1456 2978 1759 3048 ὲσομένου;

182 3066 300 3119 Καὶ
330 3065 417 3127 τίς
435 3066 463 3117 ὁ
488 3065 672 3133 λόγος;
704 3066 779 3117 Ob
826 3066 983 3133 μόνον
1015 3065 1092 3129 δὲ,
1125 3065 1261 3119 ἀλλά
1284 3066 1378 3120 καὶ
1407 3068 1557 3139 παρὰ
1599 3068 1661 3119 τὸ
1690 3067 1764 3139 μὴ

179 3160 417 3229 διαιρεῖν
467 3157 537 3210 τά
571 3156 957 3228 σημαινόμενα.
1017 3156 1329 3212 Βασιλεύειν
1370 3158 1478 3229 γὰρ
1527 3158 1762 3227 λέγεται,
1789 3142 1831 3195 (λ

180 3251 311 3305 καθ’
372 3250 430 3305 ἓν
462 3250 579 3321 μὲν,
628 3249 703 3311 ὡς
736 3248 1156 3319 Παντοκράτωρ,
1212 3251 1305 3303 καὶ
1353 3248 1630 3314 θελόντων,
1671 3249 1765 3302 καὶ

186 3338 287 3409 μὴ,
320 3336 570 3407 βασιλεύς
590 3353 605 3366 ⁸
638 3335 755 3388 καθ’
782 3335 966 3404 ἕτερον
1005 3335 1082 3397 δὲ,
1116 3335 1191 3398 ὡς
1233 3337 1471 3408 ἐνεργῶν
1498 3338 1596 3407 τὴν
1635 3338 1766 3391 ὑπο-

180 3428 362 3496 ταγὴν
419 3462 434 3485 ,
600 3426 695 3478 καὶ
727 3424 830 3477 ὑπὸ
872 3425 970 3494 τὴν
1031 3424 1221 3477 ἑαυτοῦ
1272 3425 1546 3494 βασιλείαν
1595 3427 1763 3491 τιθεὶς

180 3518 359 3586 ἡμᾶς,
386 3515 609 3577 ἑκόντας
634 3514 951 3583 δεχομένους
973 3513 1035 3565 τὸ
1085 3513 1481 3582 βασιλεύεσθαι.
1523 3517 1633 3586 Τῆς
1665 3517 1763 3586 μὲν

181 3603 278 3657 οὖν
312 3605 536 3666 ἐκείνως
557 3603 853 3673 νοουμένης
910 3602 1184 3672 βασιλείας
1207 3603 1306 3655 οὐκ
1358 3604 1507 3657 ἔσται
1548 3605 1721 3675 πέρας
1745 3621 1759 3634 ο

180 3699 286 3763 τῆς
308 3694 571 3764 δευτέρας
596 3693 672 3756 δὲ,
694 3693 747 3745 τί
798 3706 815 3756 ;
975 3693 1047 3746 Τὸ
1080 3694 1262 3746 λαϐεῖν
1287 3696 1435 3765 ἡμᾶς
1471 3696 1574 3747 ὑπὸ
1605 3700 1762 3768 χεῖρα

183 3782 544 3853 σωζομένους,
745 3782 809 3834 Τί
838 3780 947 3854 γὰρ
975 3783 1057 3836 δεῖ
1086 3784 1184 3856 τ’ὴν
1218 3785 1491 3857 ὑποταγὴν
1520 3789 1761 3860 ἐνεργεῖν

182 3871 680 3942 ὑποτεταγμένωνς
708 3873 842 3926 Μεθ’
876 3874 941 3945 ἢν
967 3875 1248 3929 ἀνίσταται
1282 3878 1481 3948 κρίνων
1500 3878 1598 3950 τὴν
1631 3880 1757 3949 γῆν,

184 3964 282 4017 καὶ¹
300 3962 522 4033 διαιρῶν
545 3961 606 4014 τὸ
633 3962 955 4033 σωζόμενον,
988 3965 1083 4017 καὶ
1110 3966 1170 4018 τὺ
1198 3966 1566 4038 ἀπολλύμενον
1590 3985 1604 3999 ⁸
1641 3970 1757 4040 μεθ’

184 4055 250 4124 ἢν
312 4055 527 4107 ἵσταται
576 4054 707 4118 Θεὸς
756 4057 813 4108 ἐν
861 4057 1008 4127 μέσῳ
1062 4056 1217 4123 θεῶν,
1265 4059 1372 4112 τῶν
1415 4061 1755 4131 σωζομένων,

184 4144 479 4214 διακρίνων
510 4143 605 4196 καὶ
633 4143 976 4207 διαστέλλων,
1008 4145 1149 4209 τίνος
1199 4147 1427 4212 ἕκαστος
1462 4150 1624 4220 τιμῆς
1663 4150 1759 4203 καὶ

187 4241 359 4308 μονῆς
381 4237 547 4301 ἄξιος·

1877 1885 2022 1940 ἰΙΙιιιη
2052 1901 2277 1954 reguare
2322 1887 2343 1916 ‘
2386 1886 2491 1940 huc
2525 1904 2712 1957 usque,
2744 1900 2793 1942 et
2823 1905 2850 1942 a
2884 1891 3021 1943 cutio
3045 1893 3241 1961 suscipi
3272 1909 3441 1963 usque

1875 1976 1941 2029 ad
1999 1977 2360 2031 restitutionis
2413 1983 2730 2046 tempora’,
2788 1990 2841 2033 et
2874 1996 2901 2032 a
2954 1982 3153 2034 dextris
3186 1984 3435 2046 sedere“,

1876 2064 2046 2120 donec
2077 2067 2261 2122 hostes
2323 2068 2374 2121 in
2413 2077 2732 2136 potestatem
2785 2072 3073 2141 redegerit.
3123 2072 3260 2138 Quid
3314 2089 3441 2126 vero

1875 2158 2103 2226 postea?
2137 2159 2415 2227 Regnandi
2473 2159 2630 2213 linem
2683 2160 2883 2223 tacere,
2944 2171 3035 2213 aut
3086 2178 3115 2214 e
3171 2164 3324 2215 malis
3348 2180 3441 2217 ex-

1874 2246 2123 2311 pelli?Et
2149 2249 2422 2317 quisnam,
2480 2250 2730 2312 obsecro,
2776 2266 2894 2302 eum
2945 2265 2975 2305 e
3024 2267 3187 2320 regno
3225 2252 3442 2315 rjieiet?

1873 2339 1981 2391 Aut
2011 2353 2171 2407 quam
2214 2338 2282 2393 ob
2309 2337 2568 2392 causam?
2618 2337 2786 2403 Quam
2830 2339 3003 2393 audax
3047 2352 3332 2392 enarrator
3360 2358 3437 2405 es,

1876 2430 2205 2497 nimiumque
2239 2445 2268 2483 a
2303 2431 2447 2498 regio
2492 2429 2619 2497 jugo
2663 2430 2991 2483 abhorrens!
3024 2431 3093 2483 At
3124 2432 3268 2499 regni
3300 2432 3439 2484 illius

1875 2523 2074 2575 ttuli'tttt
2120 2526 2276 2575 tinem
2332 2524 2353 2553 ’
2545 2521 2660 2574 fore
2732 2521 2902 2574 audis.
2957 2522 3151 2576 Verum
3188 2525 3299 2576 haec
3341 2523 3433 2576 tibi

1872 2613 2076 2666 erroris
2098 2626 2257 2665 causa
2283 2619 2386 2675 est,
2418 2612 2557 2678 quod
2608 2628 2710 2664 non
2761 2612 3014 2680 intelligis
3048 2614 3184 2666 hanc
3225 2627 3433 2679 vocem,

1873 2700 1980 2762 ἕως
2038 2700 2110 2769 (id
2166 2710 2267 2763 est,
2314 2705 2538 2769 usque),
2582 2716 2686 2753 non
2745 2711 2956 2767 semper
2986 2699 3165 2751 futuro
3207 2702 3433 2768 tempori

1872 2792 2089 2859 opponi,
2128 2790 2220 2844 sed
2248 2790 2317 2843 ita
2343 2788 2678 2856 interjeetum
2710 2801 2919 2858 tempus
2950 2800 3209 2852 statuere,
3255 2799 3311 2843 ιιι
3357 2791 3434 2842 in-

1874 2884 2029 2937 terim
2063 2896 2295 2952 sequens
2321 2890 2529 2951 tempus
2579 2897 2683 2934 non
2737 2880 3004 2935 excludat.
3048 2879 3179 2932 Nam
3216 2882 3316 2933 nisi
3362 2881 3431 2934 ita

1871 2992 1960 3031 res
1981 2991 2040 3031 se
2064 2976 2278 3039 habeat,
2308 2989 2541 3044 quonam
2568 2976 2724 3027 modo
2770 2974 2920 3035 illud,
2955 2982 3012 3027 ut
3061 2972 3160 3025 alia
3213 2982 3435 3041 pra-ter-

1869 3082 2012 3133 eam,
2050 3067 2310 3136 intelliges
2342 3084 2356 3121 :
2396 3064 2503 3118 Ero
2533 3064 2796 3117 vobiscum
2822 3081 2981 3136 usque
3011 3066 3077 3117 ad
3103 3080 3435 3117 consumma-

1870 3159 2056 3213 tionem
2078 3158 2258 3211 δαναιιὶ
2280 3157 2357 3212 ‘°?
2394 3158 2473 3209 An
2510 3156 2664 3225 quasi
2707 3165 2889 3222 postea
2945 3156 3162 3208 minime
3220 3154 3433 3209 futurus

1870 3250 2069 3305 sitiEt
2103 3264 2221 3317 qua:
2256 3249 2370 3302 hare
2400 3248 2538 3301 ratio
2579 3246 2757 3299 esset?
2798 3244 2905 3298 Nec
2954 3260 3078 3298 vero
3128 3246 3226 3297 hac
3261 3246 3433 3299 solum

1871 3343 1937 3397 de
1959 3357 2119 3396 causa
2152 3342 2202 3394 in
2232 3354 2473 3395 errorem
2506 3338 2696 3392 incidis
2717 3377 2731 3400 ,
2789 3336 2881 3389 sed
2916 3337 3076 3388 etiam
3109 3336 3231 3403 quia
3265 3337 3434 3404 signi-

1872 3435 2148 3489 ﬁcationes
2177 3435 2320 3502 ipsas
2352 3448 2456 3485 non
2513 3432 2827 3497 distinguis.
2866 3428 3117 3495 Regnare
3156 3429 3298 3482 enim
3337 3429 3431 3480 du-

1874 3525 1997 3595 plici
2023 3526 2182 3578 ntodo
2219 3524 2434 3584 dicitur,
2486 3538 2614 3584 uno,
2660 3532 2716 3573 ut
2744 3520 3114 3585 Omnipotens,
3164 3533 3225 3570 ac
3254 3518 3431 3571 volen-

1874 3617 2003 3669 tium
2031 3615 2435 3680 nolentiumque
2469 3611 2580 3665 Rex
2611 3628 2624 3665 :
2654 3611 2843 3670 altero.
2873 3620 2928 3662 ut
2965 3609 3349 3677 subjectimtcttt
3381 3609 3430 3660 in

1869 3706 2026 3760 nobis
2052 3705 2295 3774 gignens,
2324 3713 2377 3758 et
2422 3703 2521 3756 sub
2571 3702 2851 3769 imperium
2889 3716 3042 3751 snmn
3081 3714 3144 3750 ac
3174 3698 3431 3750 ditionem

1869 3811 1967 3851 nos
1999 3798 2263 3865 redigens,
2291 3804 2475 3864 utpote
2509 3795 2597 3860 qui
2633 3793 2878 3845 lubenter
2903 3791 3072 3858 ipsius
3103 3804 3264 3858 regno
3295 3790 3429 3843 colla

1872 3887 2260 3940 submittimus.
2290 3884 2443 3951 Quod
2467 3898 2594 3953 ergo
2622 3884 2685 3936 ad
2710 3884 2942 3949 priorem
2979 3880 3426 3948 signiﬁcationem

1868 3979 2076 4038 attinet,
2112 3977 2259 4045 regni
2286 3977 2453 4044 ipsius
2480 3976 2600 4027 linis
2627 3974 2803 4026 nullus
2826 3973 2948 4025 erit.
2971 3970 3120 4036 Quod
3156 3981 3335 4023 autem
3361 3969 3428 4022 ad

1867 4066 2177 4132 secundam,
2207 4066 2326 4133 quis
2354 4066 2462 4118 erit
2494 4062 2652 4115 ﬁnis?
2674 4058 2745 4114 Ut
2777 4073 2874 4113 nos
2928 4058 3201 4124 subjectos
3225 4065 3428 4120 teneat,

1866 4164 2167 4225 servetque.
2210 4154 2345 4221 Quid
2397 4156 2538 4209 enim
2591 4168 2724 4221 opus
2779 4150 2881 4204 erit
2928 4148 3317 4217 subjectionem
3377 4146 3429 4199 itt

1867 4248 2019 4299 nobis
2052 4247 2251 4309 moliri,
2282 4261 2400 4299 cum
2429 4247 2537 4311 jam
2573 4245 2672 4311 ipsi
2710 4242 2931 4307 subjecti
2959 4236 3430 4303 fuerimus?Quod

192 4330 484 4392 postquam
519 4322 779 4388 eﬂ’ecerit,
803 4333 1147 4379 surrecturus
1171 4334 1257 4379 est
1289 4324 1357 4378 ad
1392 4324 1653 4392 judicium
1681 4324 1747 4378 de
1775 4333 1916 4379 terra
1951 4326 2248 4386 ferendam,
2279 4334 2333 4377 et
2366 4329 2728 4381 secernendos
2756 4340 2848 4378 eos
2897 4323 2988 4389 qui
3031 4323 3256 4377 salutem
3289 4338 3424 4378 con-

190 4428 521 4486 sequuntur,
562 4420 630 4473 ab
660 4421 725 4474 iis
753 4422 841 4489 qui
870 4429 1095 4490 pereunt
1123 4437 1138 4483 ;
1183 4420 1457 4486 stabitque
1482 4420 1623 4472 Deus
1664 4423 1716 4475 in
1748 4422 1927 4474 medio
1960 4422 2187 4474 deorum
2227 4420 2292 4481 “,
2323 4421 2423 4473 hoc
2454 4430 2557 4481 est,
2595 4422 2871 4474 beatorum
2902 4422 3208 4481 hominum,
3253 4430 3311 4472 ut
3337 4420 3424 4472 di-

183 4513 392 4582 jtdicet
432 4526 497 4566 ac
521 4511 839 4583 distinguat,
875 4530 980 4581 quo
1012 4517 1238 4582 quisque
1266 4512 1490 4566 honoris
1523 4513 1714 4579 gradu,
1744 4527 1959 4583 quaque
1998 4511 2276 4563 mansione
2308 4512 2500 4577 dignus
2529 4514 2617 4564 sit.

262 4604 456 4673 Τούτῳ
511 4603 750 4657 σύναπτε
783 4608 878 4658 καὶ
906 4607 1005 4673 τήν
1046 4605 1348 4676 ὑποταγὴν,
1407 4605 1476 4674 ἢν
1534 4604 1759 4657 ὑποτάσ-

1940 4602 2075 4656 lluie
2128 4602 2514 4669 subjectionem
2570 4618 2784 4670 quoque
2824 4603 2979 4656 istam
3010 4602 3264 4670 adjunge,
3325 4618 3429 4668 qua

191 4709 306 4759 σεις
339 4694 419 4763 τῷ
478 4694 653 4763 Πατρὶ
685 4682 775 4745 τὸν
830 4694 977 4748 Υίόν.
1041 4693 1106 4747 Τί
1157 4693 1359 4762 λέγεις,
1408 4696 1484 4755 ὡς
1518 4693 1613 4746 νῦν
1673 4695 1759 4763 οὐ]

1871 4695 2058 4751 Filium
2101 4693 2250 4746 Patri
2302 4694 2545 4759 subjicis.
2600 4695 2743 4759 Quid
2793 4694 2894 4757 ais,
2929 4696 3079 4762 quasi
3137 4697 3248 4762 jam
3288 4709 3433 4748 nunc

190 4785 679 4853 ύποτεταγμένου;
733 4788 913 4839 Δείται
968 4785 1026 4840 δὲ
1085 4786 1221 4849 ὅλως
1281 4787 1618 4855 ὑποταγῆναι
1652 4786 1759 4855 Θεᾷ

1871 4787 2142 4853 subjectus
2174 4802 2281 4839 non
2309 4788 2379 4840 sit
2410 4788 2451 4817 "
2474 4786 2496 4840 ?
2521 4787 2626 4838 Aut
2653 4788 2815 4839 etiam
2853 4785 3077 4839 omnino
3101 4801 3233 4854 opus
3265 4796 3344 4839 est
3373 4794 3434 4839 ut

211 4874 343 4935 Θεὸς
376 4873 455 4926 ὢν
482 4890 499 4940 ;
545 4873 636 4937 Ὠς
665 4874 797 4943 περὶ
825 4875 1022 4947 λῃστοῦ
1057 4892 1225 4941 τινος,
1274 4876 1305 4946 ἢ
1340 4876 1607 4942 ἀντιθέου,
1640 4878 1768 4945 ποιῇ

190 4965 287 5034 τὴν
341 4964 522 5033 λόγον.
585 4965 726 5018 Ἀλλ’
750 4965 894 5019 οὕτω
938 4966 1152 5033 σκόπειτ
1207 4968 1290 5020 ὅτι
1325 4967 1512 5036 ῶσπερ
1547 4967 1762 5031 κατάρα

193 5058 390 5125 ηκουσε
444 5057 514 5109 δι’
555 5057 679 5127 ἐμὲ,
737 5061 764 5111 ό
810 5058 906 5130 τὴν
957 5059 1093 5129 ἐμὴν
1145 5058 1288 5112 λύων
1351 5060 1621 5129 κατάραν·
1671 5061 1767 5112 καὶ

194 5152 518 5222 ἁμαρτία,ό
550 5155 720 5223 αἴρων
752 5153 850 5222 τήν
904 5153 1185 5225 ἁμαρτίαν
1238 5152 1333 5206 τοῦ
1390 5155 1617 5222 κόσμου·
1672 5152 1767 5204 καὶ

204 5245 376 5314 ’Λδὰμ
399 5245 524 5297 ἀντὶ
556 5244 648 5296 τοῦ
684 5244 914 5298 παλαιοῦ
966 5246 1178 5313 γίνεται
1223 5245 1360 5307 νέος·
1407 5245 1550 5297 οὕτω
1584 5245 1678 5297 καὶ
1710 5245 1768 5296 τὸ

193 5336 326 5405 ἐμὸν
348 5337 723 5390 ἀνυπότακτον
766 5337 956 5389 ἑαυτοῦ
994 5338 1253 5400 ποιεῖται,
1309 5335 1384 5398 ὡς
1414 5336 1626 5405 κεφαλὴ
1675 5334 1769 5387 τοῦ

1869 4879 1979 4933 Deo
2020 4880 2363 4945 subjiciatur,
2401 4879 2487 4946 qui
2521 4888 2574 4931 et
2603 4879 2718 4945 ipse
2760 4876 2900 4929 Deus
2940 4877 3059 4930 est?
3087 4877 3227 4944 Ergo
3276 4879 3431 4945 quasi

1867 4972 1933 5025 de
1962 4970 2173 5024 latrone
2203 4972 2457 5036 quodam,
2489 4977 2581 5022 aut
2613 4967 2705 5020 Dei
2748 4968 2923 5029 hoste,
2956 4968 3114 5020 verba
3145 4967 3300 5021 facis.
3335 4967 3433 5022 Ve-

1872 5077 1989 5116 rum
2016 5064 2084 5114 ita
2121 5074 2233 5114 rem
2266 5062 2530 5129 expende.
2558 5059 3024 5125 Quemadmodum
3082 5061 3274 5113 salutis
3308 5074 3438 5112 mea:

1871 5171 2034 5210 causa
2070 5157 2413 5209 maledictum
2438 5163 2657 5208 vocatus
2687 5164 2769 5208 est
2805 5154 2869 5218 “,
2890 5155 2979 5222 qui
3002 5154 3436 5207 tnaledietionem

1875 5263 2048 5301 meam
2078 5248 2240 5301 solvit
2273 5263 2289 5314 ;
2332 5256 2385 5301 et
2414 5256 2722 5314 peceatum,
2786 5248 2874 5315 qui
2912 5245 3091 5297 ntuudi
3157 5253 3439 5312 peccatum

1875 5337 2017 5392 delet
2047 5337 2127 5405 “3
2155 5354 2218 5393 ac
2251 5354 2347 5407 pro
2366 5338 2531 5392 veteri
2561 5339 2786 5401 Adamo,
2814 5351 2983 5389 novus
3006 5334 3243 5387 Adamus
3268 5333 3442 5387 elfici-

196 5426 394 5488 παντὸς
412 5425 688 5496 σώματος.
717 5427 860 5488 Ἕως
891 5429 988 5497 μὲν
1017 5426 1109 5480 οὖν
1133 5426 1507 5489 ἀνυπότακτος
1543 5427 1652 5494 ἐγὼ
1679 5428 1759 5480 καῖ

1878 5436 1967 5482 tur
1993 5429 2036 5461 ι’
2068 5446 2081 5482 :
2117 5431 2180 5483 ad
2215 5433 2459 5503 eumdem
2482 5443 2697 5498 quoque
2719 5427 2937 5481 modum
2962 5425 3361 5479 contumaciam
3387 5431 3441 5475 et

198 5519 523 5590 στασιώδης,
553 5522 620 5591 τῇ
652 5537 711 5573 τε
742 5521 968 5591 ἀρνήσει
1008 5520 1101 5573 τοῦ
1138 5520 1295 5587 Θεοῦ,
1342 5523 1439 5576 καὶ
1470 5524 1580 5585 τοῖς
1604 5523 1759 5575 πάθε-

1881 5522 2231 5577 rebellionem
2267 5538 2441 5577 meam
2468 5522 2569 5577 sibi
2606 5520 2844 5585 asciscit,
2877 5529 2935 5573 ut
2971 5517 3136 5572 totius
3192 5516 3443 5586 corporis

276 5713 294 5788 ξ
328 5713 563 5773 ibid.78.
639 5718 660 5749 ι
695 5718 825 5774 ibid.
856 5718 943 5774 δε.
1021 5715 1043 5747 ³
1066 5715 1277 5788 Philipp

1283 5759 1297 5773 .
1329 5733 1392 5780 ιι.
1436 5720 1489 5774 9.
1565 5719 1586 5750 ³
1618 5718 1746 5774 ibid.

1947 5721 1968 5752 ⁸
2007 5720 2130 5772 Act.
2163 5734 2222 5783 ιι,
2282 5717 2372 5772 36.
2450 5717 2470 5747 ⁸
2501 5716 2522 5767 ῐ
2553 5716 2677 5769 Cor.
2702 5729 2791 5779 xv,
2808 5713 2898 5769 25.
2974 5714 2995 5746 '
3050 5717 3167 5769 Act.
3225 5729 3304 5779 tn,
3343 5714 3438 5768 3|.

203 5782 391 5859 [ἣξει.
435 5800 541 5849 αι.
584 5789 635 5859 1,
710 5790 885 5845 'Luc.
912 5805 948 5854 ι,
985 5788 1073 5842 52.
1152 5782 1416 5849 "'b'tattb.
1444 5806 1635 5859 xxvut,
1664 5790 1756 5846 20.

1871 5793 1883 5823 '
1912 5789 2058 5847 Psal.
2094 5782 2281 5850 Lxxxt,
2310 5790 2363 5843 1.
2410 5785 2618 5841 "lCor.
2654 5800 2742 5851 xv,
2773 5785 2863 5840 28.
2941 5784 2986 5817 ¹³
3014 5786 3189 5844 Galat.
3222 5800 3308 5851 ut,
3354 5786 3444 5843 l3.

206 5853 255 5885 ⁸⁵
282 5852 322 5907 ll
343 5857 469 5912 Cor.
513 5873 567 5926 ν,
598 5858 662 5913 21
764 5861 808 5893 ⁸⁸
840 5859 862 5915 l
893 5852 1020 5916 Cur.
1052 5876 1139 5925 xv,
1162 5858 1250 5914 l5.
