3770 6544
496 346 602 412 579
906 350 919 364 ¹
1776 356 2161 417 EUTIlYMll
2208 353 2576 415 ZIGABENI
3574 374 3647 436 550

493 482 682 541 caput.
700 470 933 528 Proinde
963 470 1201 540 quamliu
1245 470 1563 527 inobedieus
1584 471 1699 542 ipse
1723 487 1843 527 sum
1870 489 1933 525 ac
1955 484 1982 521 ιι

2172 488 2271 533 σιν,
2335 471 2708 532 ἀνυπότακτος
2785 471 2845 523 τὸ
2920 472 3039 524 κατ’
3090 471 3185 541 ἐμὲ
3253 476 3337 527 καὶ
3386 478 3411 529 ὀ
3475 483 3647 554 Χρεστῖς

500 566 771 626 bulentus,
811 575 920 616 tum
950 578 1043 631 per
1066 564 1157 616 Dei
1176 565 1608 632 abnegationem,
1636 575 1744 618 tum
1772 583 1865 635 per
1890 570 1982 621 viti

2166 562 2383 631 λέγεται
2404 581 2417 594 ·
2450 566 2579 618 ὅταν
2599 567 2655 619 δὲ
2689 566 2931 636 ὑποταγῇ
2968 566 3113 637 αὑτῷ
3134 569 3199 622 τὰ
3226 571 3409 639 πάντα,
3439 578 3649 639 ὑποταγῇ.

495 672 585 710 sas
610 656 773 708 animi
809 655 1194 723 permotiones,
1244 658 1427 709 tandiu
1477 657 1788 710 innhedieus
1819 675 1979 725 quoq:

2168 671 2320 707 σεται
2354 655 2408 709 δὲ
2431 658 2521 710 καὶ
2545 662 2609 728 τῇ
2640 659 2948 726 ἐπιγνώσει,
2993 660 3086 712 καὶ
3108 664 3170 731 τῇ
3212 670 3544 738 μεταποιήσει,

492 757 752 814 quantum
779 747 844 799 ad
871 760 955 799 me
980 746 1190 809 attinet,
1224 747 1471 801 Christus
1495 749 1713 801 dicitur.
1730 749 1860 802 Cum
1878 762 1981 803 autc

2166 746 2258 799 καὶ
2286 747 2443 809 αὑτὸς
2464 750 2562 818 τὴν
2610 749 2883 819 ὑποταγὴν
2938 750 3280 821 πεπλήρωκε,
3318 761 3564 828 προσάγων
3584 770 3654 838 ἐμὲ

490 837 535 887 ei
564 837 738 889 omnia
775 836 1011 903 subjecta
1039 836 1238 891 l‘ueriut
1270 838 1644 907 (subjicientur
1666 849 1865 904 autem,
1894 852 1979 910 et;

2165 838 2256 890 τὸν
2289 840 2646 910 σεσωσμένον.
2694 841 2863 894 Τοῦτο
2924 843 3031 914 γὰρ
3091 844 3123 914 ἡ
3186 846 3413 918 ὑποταγῇ
3456 836 3650 922 Χριστῷ,

489 926 839 995 agnitionem,
873 938 927 981 et
973 944 1069 998 per
1107 930 1580 1001 immutationem),
1630 941 1740 985 tum
1777 933 1888 1001 ipse
1919 949 1978 1001 qn

2165 932 2307 986 κατὰ
2334 950 2395 1000 γε
2435 933 2523 985 τὸν
2553 935 2683 996 ἐμὸν
2711 934 2887 1002 λόγον,
2945 938 2975 1004 ή
3011 936 3103 988 τοῦ
3138 937 3395 1007 Πατρικοῦ
3424 941 3652 1016 θελήματος

493 1032 602 1083 que
643 1015 1032 1083 subjectinnem
1096 1019 1422 1088 impleverit,
1460 1023 1733 1077 adducens
1784 1039 1887 1085 me,
1914 1024 1982 1077 sal

2166 1023 2463 1094 πλήρωσις.
2506 1026 2828 1079 ’Υποτάσσει
2874 1028 2928 1080 δὲ
2963 1027 3055 1080 καὶ
3092 1028 3217 1091 Υἱὸς
3252 1031 3431 1100 Πατρι,
3479 1039 3553 1089 καὶ
3576 1015 3652 1094 Titii

493 1116 599 1158 tem
622 1119 993 1163 consecutum.
1032 1108 1143 1164 Nec
1162 1112 1305 1165 enim
1328 1112 1622 1180 quidquam
1646 1114 1787 1168 aliud
1806 1124 1907 1180 est,
1931 1132 1979 1168 ιιι

2164 1116 2382 1187 Πατήρ·
2410 1115 2439 1167 ὁ
2466 1116 2563 1186 μὲν
2596 1118 2854 1187 ἐνεργῶν,
2887 1118 2915 1169 ὁ
2935 1118 2989 1170 δὲ
3021 1118 3270 1181 εὐδοκῶν,
3298 1120 3323 1172 δ
3347 1100 3653 1202 καὶπρότερον

494 1197 711 1265 quidem
746 1200 1036 1265 sententia,
1066 1200 1270 1255 Christi
1295 1203 1576 1268 subjectio,
1619 1218 1776 1271 quam
1817 1216 1983 1272 pater:

2164 1206 2425 1276 εἴπομεν·
2466 1207 2559 1259 καὶ
2604 1207 2744 1260 οὕτω
2776 1208 2837 1260 τὸ
2882 1208 3315 1278 ὑποτεταγμένον
3372 1214 3398 1264 ὁ
3448 1197 3653 1285 ὑποτάξας

487 1289 784 1344 voluntatis
802 1291 1058 1359 expletio.
1102 1292 1332 1355 Subjicit
1571 1305 1772 1359 autem,
1812 1307 1864 1353 et
1886 1296 1976 1349 Ὲξιι

2163 1297 2280 1367 θεῷ
2326 1298 2674 1369 παρίστησιν,
2728 1300 2921 1351 ἑαυτοῦ
2981 1299 3302 1368 ποιούμενος
3346 1303 3401 1354 τὸ
3434 1306 3652 1380 ἡμέτερον,

488 1379 658 1441 Patri,
690 1390 744 1434 et
778 1382 1013 1435 vicissim
1039 1382 1175 1436 Filio
1212 1382 1371 1438 Pater
1400 1402 1414 1437 :
1464 1384 1553 1439 ille
1602 1400 1764 1453 Opera
1799 1396 1917 1449 sua,
1964 1389 1976 1438 Ι

2165 1389 2413 1443 Τοιοῦτον
2450 1385 2585 1443 εἷναί
2612 1408 2700 1461 μοι
2725 1391 2973 1458 φαίνεται
3007 1392 3099 1443 καὶ
3134 1392 3192 1443 τό
3216 1408 3228 1420 ⁸
3268 1392 3327 1444 '0
3349 1396 3491 1461 θεὸς.
3512 1379 3654 1468 (sese,

489 1470 838 1537 beueplaeito,
894 1474 1344 1539 quemadmodum
1402 1486 1583 1531 antea
1628 1478 1780 1533 nobis
1846 1482 1977 1534 dlCll

2165 1497 2295 1541 μου,
2324 1482 2590 1549 πρόσχες
2606 1498 2728 1548 μοι,
2756 1481 2855 1533 ἵνα
2894 1482 2949 1533 τί
2970 1481 3344 1549 ἐγκατέλιπές
3374 1503 3471 1552 με;
3496 1490 3555 1540 ω
3581 1494 3654 1564 γὰρ

484 1573 584 1615 est.
619 1564 793 1630 Atque
824 1562 893 1615 ita
924 1565 1149 1632 eos,qui
1203 1565 1433 1634 subjecti
1475 1576 1622 1631 sunt,
1670 1569 1778 1621 Deo
1811 1569 1955 1623 sistit

2165 1571 2326 1634 αὐτὸς
2363 1572 2870 1640 ἐγκαταλέλειπται,
2931 1574 2962 1643 ἢ
2996 1573 3100 1625 ὑπὸ
3134 1574 3230 1625 τοῦ
3282 1576 3495 1645 Πατρὸς,
3530 1582 3556 1647 ἦ

488 1662 842 1719 repraesentat
900 1653 966 1716 is,
1008 1656 1096 1721 qui
1136 1654 1388 1721 subjecit.
1430 1666 1611 1710 nostra
1664 1658 1911 1712 videlicet
1944 1676 1971 1712 ιι

2165 1662 2263 1732 τῆς
2287 1661 2479 1716 ἑαυτοῦ
2509 1662 2778 1732 θεότητος,
2805 1662 2834 1715 ὃ
2852 1662 2998 1715 δοκεῖ
3020 1680 3180 1725 τισιν,
3206 1663 3279 1725 ὼς
3304 1663 3364 1716 ἂν
3389 1667 3654 1741 φοϐουμένῃς

488 1742 787 1796 vindicans.
823 1743 1018 1797 Eodem
1051 1745 1102 1798 in
1130 1760 1327 1813 genere
1350 1747 1480 1800 mihi
1508 1747 1635 1801 illud
1677 1764 1891 1818 quoque
1929 1764 1977 1804 es

2162 1752 2221 1805 τὸ
2273 1753 2464 1815 πάθος,
2521 1753 2616 1806 καὶ
2673 1753 2764 1806 διὰ
2804 1752 2961 1805 τοῦτο
3002 1754 3414 1825 συστελλομένης
3476 1759 3563 1811 ἀπὸ
3588 1764 3651 1813 τοῦ

488 1832 736 1885 videtur:
771 1831 928 1897 Deus,
966 1833 1103 1887 Deus
1137 1852 1302 1899 meus,
1326 1838 1520 1905 respice
1545 1839 1600 1891 in
1623 1856 1724 1903 me,
1765 1858 1929 1906 quare
1966 1859 1977 1895 ι

2163 1841 2488 1912 πάσχοντος·
2538 1843 2641 1912 (τίς
2683 1842 2790 1913 γὰρ
2833 1843 2866 1912 ἢ
2917 1842 3241 1911 γεννηθῆναι
3293 1843 3432 1896 κάτω
3583 1850 3652 1919 ἀρ-

487 1922 851 1991 dereliquisli‘
892 1925 914 1976 ?
972 1923 1155 1991 Neque
1184 1927 1351 1991 enim,
1385 1929 1525 1997 quod
1575 1930 1795 1998 quidam
1829 1932 1976 2001 opina

2163 1934 2278 2003 χὴν,
2337 1934 2369 2004 ἢ
2404 1934 2495 1988 ἐπὶ
2546 1934 2639 1986 τὸν
2692 1932 2922 2005 σταυρὸν
2952 1933 3194 1986 ἀνελθεῖν
3227 1934 3513 2001 ἠνάγκασεν
3532 1940 3560 2004 ;)
3593 1940 3652 1991 Ἐν

487 2024 594 2077 tur,
629 2015 763 2085 ipse,
798 2016 936 2069 vela
984 2016 1171 2080 Patre,
1227 2020 1308 2073 vel
1346 2035 1377 2073 a
1413 2036 1508 2076 sua
1554 2021 1855 2087 divinitate,
1892 2039 1976 2093 qu:

2164 2024 2337 2093 ἑαυτῷ
2367 2024 2443 2085 δὲ,
2480 2025 2615 2095 ὅπερ
2664 2020 2834 2086 εἷπον,
2892 2026 3053 2078 τυποῖ
3108 2024 3173 2078 τὸ
3203 2026 3472 2097 ἡμέτερον.
3515 2032 3653 2100 Ἡμεῖς

486 2104 786 2171 passionem
820 2105 1182 2165 extimuisset.
1221 2122 1284 2161 ac
1320 2118 1601 2178 prepterea
1644 2125 1763 2166 sese
1792 2126 1820 2164 ιι
1852 2128 1975 2180 perp

2163 2114 2265 2184 γὰρ
2288 2110 2428 2185 ἦμεν
2475 2116 2521 2166 οῖ
2574 2114 3120 2186 ὲγκαταλελειμμένοι
3168 2116 3264 2167 καὶ
3314 2123 3652 2191 παρεωραμένοι

486 2194 652 2247 ticnte
681 2209 907 2262 corpore
938 2196 1259 2265 collegisset,
1282 2198 1568 2253 derelictus
1596 2210 1695 2254 est.
1722 2200 1875 2269 (Quis
1901 2203 1975 2256 eni

2162 2207 2438 2276 πρότερον.
2471 2202 2589 2258 εἶτα
2622 2206 2714 2258 νῦν
2758 2206 3217 2277 προσειλημμένοι
3253 2209 3343 2262 καὶ
3392 2214 3651 2281 σεσωσμένοι

481 2299 629 2345 eum,
659 2284 741 2337 vel
787 2286 1021 2354 primum
1058 2287 1368 2343 humanitus
1408 2290 1573 2360 gigni,
1626 2291 1707 2345 vel
1742 2292 1793 2345 in
1828 2308 1970 2348 cruce

2162 2297 2261 2357 τοῖς
2306 2295 2399 2349 τοῦ
2428 2296 2668 2359 ἀπαθοῦς
2695 2296 2919 2350 πάθεσιν
2944 2314 2957 2327 ·
3008 2298 3196 2370 ὥσπερ
3242 2300 3333 2351 καῖ⁸
3360 2300 3450 2369 τὴν
3474 2303 3651 2373 nam.

486 2376 784 2429 ascendere
820 2377 1057 2445 coegit?)
1098 2376 1294 2431 Verum
1326 2380 1376 2433 in
1406 2383 1605 2449 seipso,
1636 2384 1913 2439 utdictum
1937 2401 1975 2438 es

2160 2402 2250 2455 νην
2286 2386 2466 2455 ἡμῶν,
2501 2389 2595 2440 καὶ
2618 2389 2678 2440 τὸ
2727 2388 3045 2458 πλημμελὲς
3071 2391 3452 2461 οἰκειούμενος.
3480 2393 3535 2444 τὰ
3562 2395 3649 2463 ἑῆς

479 2474 661 2516 nostra
692 2470 1111 2533 repraesentavit.
1140 2467 1245 2523 Nos
1277 2470 1419 2524 enim
1462 2487 1677 2528 eramus
1706 2474 1968 2528 derelictii

2161 2473 2237 2527 5ιὰ
2257 2474 2348 2527 τοῦ
2387 2476 2603 2546 ψαλμοῦ
2625 2495 2787 2547 φησιν
2807 2494 2820 2507 ⁸
2854 2478 3039 2548 ἐπειδὴ
3075 2480 3357 2551 προδήλως
3382 2482 3453 2542 εἰς
3474 2481 3650 2551 Χριστδν

484 2556 633 2621 prius
661 2569 821 2628 atque
852 2562 1182 2629 contempti;
1234 2579 1373 2618 nunc
1408 2581 1532 2618 vero
1587 2583 1683 2635 per
1725 2566 1966 2635 impatibi

1818 2566 2038 2621 )atibilis
2148 2566 2177 2618 ὁ
2203 2568 2445 2631 εἰκοστὸς
2476 2569 2688 2637 πρῶτος
2716 2570 2924 2639 ψαλμὸς
2960 2570 3307 2639 ἀναφέρεται.

489 2654 635 2709 illius
657 2657 1236 2726 passiones,assumpti
1274 2673 1336 2713 ac
1402 2658 1600 2712 servati
1667 2670 1890 2720 sumus;
1941 2658 2386 2725 quemadmodum
2444 2670 2684 2714 nostram
2738 2676 2953 2731 quoque
2994 2663 3359 2732 insipientiam
3415 2682 3471 2721 ac
3509 2682 3649 2736 pecca-

496 2758 610 2800 tum
636 2746 735 2800 sibi
770 2748 1076 2816 arrogavit,
1124 2758 1180 2800 ut
1230 2763 1315 2809 ea,
1344 2763 1461 2814 qum
1482 2748 1736 2815 deinceps
1795 2747 1846 2799 iu
1907 2748 2115 2815 pSahuo
2150 2759 2467 2813 sequuntur,
2523 2752 2890 2820 pronuntiant.
2950 2752 3232 2809 Siquidem
3278 2757 3543 2812 vicesimus
3575 2761 3649 2829 pri-

496 2851 616 2889 mus
646 2840 885 2907 psalmus
909 2842 1191 2893 manifeste
1218 2841 1281 2891 ad
1311 2839 1585 2893 Christum
1621 2841 1871 2893 refertur.

687 2925 945 2993 Ejusdem
982 2924 1365 2992 speculatiouis
1411 2924 1536 2975 illud
1567 2923 1728 2976 etiam
1766 2930 1868 2983 est,
1904 2920 2045 2990 quod

2342 2923 2451 2991 Τῆς
2496 2922 2550 2973 δὲ
2591 2921 2759 2990 αὑτῆς
2791 2920 2973 2989 ἔχεται
3006 2920 3262 2992 θεωρίας,
3296 2921 3387 2973 καὶ
3422 2921 3476 2972 τὸ
3507 2919 3650 2989 μαθεῖν

484 3035 550 3075 ex
574 3017 682 3080 his,
705 3032 823 3085 qua:
864 3030 1057 3083 passus
1094 3024 1196 3078 est,
1244 3014 1604 3067 obedientiam
1642 3012 1858 3078 didicit;
1906 3026 1973 3080 qu

2164 3014 2304 3067 ιὺτὸν
2330 3016 2427 3084 τὴν
2459 3013 2702 3084 ὑπακοὴν
2734 3011 2793 3077 ἐξ
2821 3007 2895 3066 ὧν
2924 3012 3123 3066 ἔπαθεν
3148 3030 3162 3044 ο
3195 3014 3236 3083 ἦ
3265 3030 3324 3066 τε
3354 3012 3564 3085 κραυγὴ,
3586 3013 3653 3065 ut

487 3126 608 3163 cum
639 3108 875 3161 clamore
898 3116 952 3160 et
1009 3104 1259 3175 lacrymis
1307 3103 1655 3172 suppliearit;
1697 3103 1836 3171 quod
1890 3117 1976 3157 ex:

2161 3102 2211 3157 ιὰ
2236 3103 2464 3173 δάκρυα,
2493 3103 2587 3154 καὶ
2617 3103 2676 3155 τὸ
2710 3100 3003 3163 ἱκετεῦσαι,
3038 3102 3133 3153 καὶ
3179 3101 3246 3153 τὸ
3277 3101 3650 3169 εἰσακουσθῆναι,

490 3203 633 3254 ditus
671 3198 737 3251 sit
765 3212 859 3263 pro
890 3211 983 3249 sua
1020 3194 1323 3248 reverentia
1372 3195 1392 3224 ³
1433 3208 1592 3261 ;qu:e
1620 3192 1799 3244 omnia
1835 3193 1974 3246 nomi

2164 3194 2238 3249 ιαὶ
2268 3193 2327 3246 τὸ
2356 3192 2580 3255 εὐλαϐές
2600 3209 2612 3221 ·
2648 3191 2684 3246 ἃ
2715 3191 3209 3262 δραματουργεῖται
3391 3191 3479 3245 καὶ
3505 3189 3653 3242 πλέκε-

482 3298 670 3341 nnstro
701 3284 1018 3339 mirabiliter
1041 3282 1345 3336 elliciuutur
1375 3290 1430 3337 et
1475 3291 1855 3337 contexuntur.
1883 3283 1971 3336 Nai

2161 3303 2231 3342 ται
2262 3283 2581 3354 θαυμασίως
2610 3283 2750 3353 ὑπὲρ
2779 3282 2955 3352 ἡμῶν.
3121 3282 3208 3345 Ὧς
3256 3282 3353 3351 μὲν
3382 3281 3480 3351 γὰρ
3507 3281 3650 3346 Λόγος,

486 3390 544 3432 ιιι
570 3378 821 3440 Verbum,
858 3390 957 3429 nec
989 3376 1245 3429 nbediens
1270 3384 1407 3438 erat,
1438 3389 1534 3429 nec
1567 3373 1975 3429 inobediens.H:

2166 3376 2262 3429 ιῦτε
2293 3376 2533 3444 ὑπήκοος
2565 3370 2651 3444 ἦν,
2687 3372 2809 3427 οὗτε
2854 3375 3101 3443 ἀνήκοος.
3134 3372 3260 3425 Τῶν
3293 3372 3397 3441 γὰρ
3425 3370 3515 3422 ὑπὸ
3538 3373 3655 3440 χεῖρα

485 3485 720 3539 namque
754 3469 841 3533 iis,
871 3468 960 3533 qui
1002 3467 1228 3519 aliorum
1268 3467 1493 3533 imperio
1533 3475 1804 3528 tenentur,
1849 3469 1974 3535 quiq

2166 3468 2330 3532 ταῦτα,
2358 3467 2451 3521 καὶ
2477 3468 2582 3519 τῶν
2604 3466 2867 3537 δευτέρων
2887 3482 2900 3496 ·
2931 3464 2992 3517 τὸ
3024 3465 3122 3535 μὲν
3148 3465 3261 3517 τῶν
3281 3462 3655 3531 εὐγνωμονεστέ-

487 3558 734 3611 secunda:
756 3556 945 3609 classis
979 3564 1125 3617 sum,
1147 3555 1508 3617 conveniunt;
1529 3554 1657 3607 illud
1681 3555 1906 3617 scilicet,
1928 3570 1976 3622 pi

2165 3578 2271 3623 μων,
2310 3560 2371 3612 τὸ
2424 3558 2482 3611 δὲ
2540 3557 2644 3611 τῶν
2703 3556 2867 3621 ἀξίων
2923 3555 3217 3617 κολάσεως.
3284 3554 3369 3615 Ὠς
3422 3552 3473 3605 δὲ
3510 3551 3654 3604 δούλου

487 3651 568 3705 bis
594 3661 755 3716 atque
792 3646 1055 3711 honestis,
1095 3645 1235 3699 istud
1266 3660 1416 3708 vero,
1471 3645 1728 3715 improbis
1750 3660 1813 3699 ac
1858 3660 1976 3715 sum

2164 3646 2345 3717 ιορφὴ,
2382 3644 2801 3712 συγκαταϐαίνει
2847 3645 2956 3705 τοῖς
2987 3641 3301 3712 ὁμοδούλοις
3350 3642 3438 3694 καὶ
3477 3640 3653 3701 δούλοις,

482 3743 571 3796 cio
592 3741 786 3811 dignis.
827 3738 895 3793 Ut
936 3747 1114 3791 autem
1167 3736 1308 3790 servi
1362 3736 1552 3799 forma,
1617 3736 1681 3789 ad
1733 3750 1971 3789 εοιιερτιη

2166 3739 2232 3791 ιαὶ
2255 3736 2551 3808 μορφοῦται
2576 3737 2641 3789 τὸ
2654 3735 2952 3805 ἀλλότριον,
2978 3734 3095 3787 ὅλον
3117 3735 3173 3785 ὲν
3199 3733 3383 3803 ἑαυτῷ
3406 3733 3496 3803 ἐμὲ
3518 3732 3655 3802 φέρων

489 3836 594 3886 imo
621 3832 687 3885 ad
713 3845 899 3886 servos
927 3844 1048 3883 sese
1077 3828 1327 3893 demittit,
1353 3836 1516 3897 atque
1559 3826 1787 3881 alienam
1818 3826 1978 3881 form:

2168 3827 2281 3881 ιετὰ
2322 3828 2428 3881 τῶν
2476 3827 2625 3897 ἐμῶν
2668 3865 2686 3889 ,
2834 3826 2921 3879 ἴνα
2976 3826 3035 3877 ὲν
3082 3824 3265 3894 ἑαυτῷ
3316 3824 3575 3893 δαπανήσῃ
3614 3822 3657 3873 τὸ

486 3922 731 3991 suscipit,
762 3930 930 3975 totum
960 3935 1045 3974 me
1101 3920 1282 3980 simul,
1318 3934 1440 3973 ctam
1496 3918 1561 3971 iis
1600 3933 1720 3987 qua:
1749 3933 1863 3971 mea
1897 3933 1975 3971 sui

2165 3924 2316 3991 ςεῖρον
2352 3952 2371 3980 ,
2502 3920 2577 3983 ὼς
2609 3918 2778 3990 κηρὸν
2812 3918 2940 3989 πῦρ,
2972 3918 3005 3987 ἢ
3042 3917 3118 3980 ὡς
3145 3916 3350 3987 ἀτμίδα
3400 3915 3494 3985 γῆς
3525 3915 3654 3983 ἥλιος,

490 4016 541 4068 in
581 4014 759 4080 seipse
796 4012 996 4072 ferens,
1044 4018 1121 4074 ut,
1179 4009 1318 4078 quod
1354 4008 1592 4061 deterius
1634 4016 1738 4069 est,
1790 4007 1842 4059 in
1875 4007 1979 4075 seip

2169 4010 2293 4079 ἁγὼ
2327 4011 2609 4082 μεταλάδω
2633 4010 2741 4063 τῶν
2771 4010 2979 4063 ἐκείνου
3009 4008 3096 4061 διὰ
3127 4007 3229 4078 τὴν
3264 4008 3563 4078 σύγκρασιν.
3585 4004 3658 4056 Διὰ

489 4104 758 4164 absumat,
780 4111 835 4154 et
855 4099 1134 4165 conﬁciat,
1163 4113 1265 4152 non
1294 4111 1452 4150 secus
1482 4112 1546 4149 ac
1576 4110 1756 4150 ceram
1787 4095 1978 4163 lgnis,:

2165 4100 2293 4156 οῦτο
2335 4104 2482 4174 ἔργῳ
2522 4103 2657 4172 τιμᾷ
2703 4101 2802 4171 τὴν
2840 4099 3106 4171 ὑπακοὴν,
3151 4098 3248 4151 καὶ
3288 4099 3527 4169 πειρᾶται
3555 4092 3654 4146 ταύ-

492 4203 648 4248 terrae
678 4204 934 4260 vaporem
971 4189 1100 4243 solis
1141 4188 1348 4251 radius,
1391 4199 1551 4256 atque
1602 4186 1717 4255 ipse
1754 4186 1823 4240 ob
1869 4183 1981 4253 bujt

2164 4213 2236 4267 ἠς
2268 4237 2283 4259 ,
2424 4198 2488 4248 ὲκ
2529 4194 2624 4246 τοῦ
2660 4192 2879 4246 παθεῖν·
2924 4193 2983 4244 οὐ
3016 4191 3125 4261 γὰρ
3161 4189 3349 4243 ἱκανὸν
3379 4192 3411 4259 ή
3445 4185 3653 4245 διάθεσις.

492 4284 634 4338 modi
675 4281 1111 4350 conjunctionem
1137 4280 1401 4335 bonorum
1428 4279 1575 4333 illius
1608 4276 1882 4346 particeps
1902 4276 1981 4329 ﬁat

2165 4288 2323 4359 ὅσπερ
2352 4285 2472 4339 οὐδὲ
2520 4286 2670 4355 ἡμῖν,
2720 4285 2769 4336 el
2814 4283 2887 4354 μὴ
2932 4284 3027 4336 καὶ
3071 4282 3161 4335 διὰ
3208 4281 3321 4334 τῶν
3370 4277 3654 4347 πραγμάτων

490 4374 756 4443 Quocirca
789 4388 847 4427 re
906 4372 1021 4441 ipsa
1068 4370 1430 4426 obedientiam
1466 4372 1669 4424 bonore
1695 4366 1881 4432 allicit,
1914 4381 1976 4422 ea

2171 4379 2504 4450 ωρήσαιμεν’
2537 4376 2694 4446 ἔργον
2712 4374 2839 4445 γὰρ,
2863 4374 3134 4439 ἀπόδειξις
3159 4371 3471 4432 διαθέσεως.
3493 4366 3559 4420 οὐ
3582 4364 3660 4434 xtl-

488 4480 600 4535 que
631 4463 994 4534 perpetiendis
1018 4462 1298 4517 doloribus
1339 4456 1655 4530 experitur;
1693 4474 1864 4528 neque
1908 4474 1975 4514 en

2168 4486 2230 4523 ιον
2248 4470 2446 4530 δὲῐσως
2471 4468 2690 4520 κάκεῖνο
2713 4464 3021 4525 ὑπολαϐεῖν,
3045 4465 3127 4517 ὃτι
3144 4460 3430 4531 δοκιμάζει
3456 4458 3657 4529 τὴνὴμεσ

486 4555 786 4611 suﬂiciebat
806 4554 970 4607 animi
999 4553 1234 4619 allectio,
1265 4552 1712 4621 quemadmodum
1748 4568 1848 4606 nec
1876 4552 1975 4605 nol:

2174 4561 2300 4629 ἐραν
2366 4556 2614 4626 ὑπακοὴν
2644 4596 2662 4622 ,
2721 4553 2815 4606 καὶ
2877 4552 3057 4605 πάντα
3097 4552 3287 4635 μετρεῖ
3355 4552 3462 4611 τοῖς
3511 4544 3663 4599 ἑαυτοῦ

493 4648 593 4701 nisi
630 4661 848 4700 manum
878 4660 1089 4714 quoque
1124 4644 1379 4715 operibus
1417 4646 1803 4699 admoveamus
1848 4662 1862 4697 :
1912 4658 1982 4709 op

2175 4650 2336 4705 πάθεσι
2412 4649 2572 4718 τέχνῃ
2616 4644 3046 4715 φιλανθρωπίας·
3114 4644 3256 4695 ὥστε
3324 4641 3465 4709 ἔχειν
3508 4639 3664 4691 εἰδέναι

476 4743 657 4808 enim,
687 4741 995 4797 aﬂ‘ectionis
1014 4738 1181 4793 animi
1216 4735 1513 4791 declaratio
1536 4743 1635 4787 est.
1672 4731 1779 4786 Nec
1798 4728 1935 4784 forte
1960 4746 1965 4797 ι

2175 4743 2257 4803 οῖς
2280 4740 2478 4793 ἑαυτοῦ
2533 4739 2603 4791 τὰ
2639 4738 2902 4807 ἡμέτερα,
2955 4734 3050 4787 καὶ
3088 4736 3256 4786 πόσον
3302 4736 3401 4801 μὲν
3445 4727 3664 4785 ἀπαιτού-

478 4833 570 4903 ius
605 4831 771 4885 fuerit
814 4829 1150 4893 existimare,
1203 4826 1346 4892 quod
1391 4821 1753 4881 obedientiam
1805 4828 1967 4871 nostr:

2174 4833 2302 4896 ιεθα,
2354 4832 2519 4883 πόσον
2562 4831 2617 4883 δὲ
2647 4827 3100 4899 συγχωροῦμιθα,
3163 4825 3510 4892 λογιζομένης
3559 4817 3663 4887 μετὰ

439 4972 441 4976 Α
481 4920 753 4989 εχιιὶοιιει,
782 4918 1239 4989 passionibusqne
1262 4921 1379 4970 suis
1409 4913 1591 4969 omnia
1628 4909 1899 4969 metiatur,

2180 4925 2239 4979 οῦ
2274 4924 2504 4993 πάσχειν
2527 4922 2620 4977 καὶ
2642 4924 2738 4991 τῆς
2778 4921 3081 4982 ἀσθενείας.
3142 4921 3264 4972 Ἔτι
3312 4918 3367 4970 δὲ
3423 4911 3665 4983 «perlitum

482 5015 726 5084 quadam
765 5014 1118 5068 humanitatis
1169 5022 1222 5065 et
1274 5007 1661 5065 benevolentia:
1698 5018 1824 5071 erga
1879 5016 1971 5071 gen

2180 5020 2259 5078 οἷς
2281 5018 2591 5087 εἰρημένοις
2620 5018 2814 5079 ἐκεῖνο,
2848 5012 3181 5082 ῖνθυμηθετς
3234 5012 3317 5068 τὸ.
3372 5008 3474 5063 ’Er
3514 5000 3555 5070 ᾧ
3586 5003 3665 5067 τδρ

486 5119 743 5163 nostrum
778 5122 793 5159 :
846 5107 917 5161 ita
954 5118 1012 5159 ut
1058 5121 1125 5158 ex
1159 5104 1275 5158 suis
1310 5112 1505 5157 nostra
1554 5099 1824 5152 aestimare
1853 5110 1970 5160 que:

2178 5109 2469 5172 ιέπονθεν,
2502 5108 2683 5171 αὐτὸς
2710 5105 3070 5175 πειρασθεὶς.
3099 5106 3351 5158 δύναται
3366 5098 3484 5165 τοῖς
3512 5106 3667 5161 πείρα·

493 5212 874 5272 quantumque
932 5210 984 5254 et
1012 5213 1042 5252 a
1075 5197 1234 5251 nobis
1255 5195 1395 5262 exigi
1428 5202 1479 5246 et
1504 5190 1796 5245 condonari
1837 5186 1982 5239 debe:

2177 5203 2414 5267 'ouérou;
2438 5199 2768 5267 βοηθῆσαι,
2793 5198 2981 5267 σαφῶς
3015 5197 3152 5269 πρὸς
3188 5196 3289 5267 τὴν
3339 5194 3504 5262 αὐτὴν
3539 5187 3666 5256 φέρον

496 5308 735 5365 expensa
779 5293 1040 5346 nimirum
1072 5307 1193 5345 cum
1228 5287 1570 5356 passionibus
1613 5282 1805 5335 virium
1837 5289 2049 5336 nostra-
2151 5297 2416 5350 διάνοιαν,

486 5402 609 5441 rum
649 5388 1051 5442 imbecillitate.
1070 5386 1277 5439 Addam
1304 5386 1432 5438 illud
1458 5401 1678 5454 quoque
1704 5387 1771 5441 iis
1804 5403 1923 5456 quae
1950 5389 2091 5443 dicta
2116 5401 2260 5454 sunt,
2295 5393 2469 5445 locum
2498 5390 2645 5444 hunc
2672 5404 2887 5444 meeum
2910 5394 3202 5455 reputans:
3237 5380 3302 5436 In
3326 5395 3426 5449 quo
3441 5377 3564 5431 enim
3581 5384 3673 5437 ναι·

485 5496 579 5535 sua
610 5490 711 5547 est,
742 5480 851 5553 ipse
879 5488 1133 5546 tentatus,
1166 5488 1330 5546 potest
1357 5481 1443 5543 iis,
1469 5480 1558 5547 qui
1586 5489 1879 5545 tentant”,
1909 5483 2165 5540 (initiari
2197 5482 2239 5548 ³,
2273 5484 2416 5553 quod
2452 5484 2737 5554 perspicue
2761 5482 2825 5536 ad
2858 5481 3109 5537 eumdem
3132 5493 3355 5535 sensum
3386 5471 3562 5530 tendit.

562 5758 581 5791 ί
618 5754 766 5811 Psal.
804 5770 917 5823 xxi,
953 5754 1004 5810 l.
1080 5755 1100 5786 ¹
1126 5750 1289 5807 llebr.
1327 5769 1381 5820 ν,
1417 5752 1472 5821 8,
1504 5754 1556 5808 7.
1634 5752 1834 5808 ’llelsr.
1869 5767 1927 5816 ιι,
1965 5751 2049 5807 l8.
