3920 6568
213 338 325 401 581

650 453 749 507 Ἑιι
776 457 882 510 τοῦ
904 455 1090 513 αὑτοῦ
1118 462 1326 530 λόγου.

290 548 506 601 Ἔσται
554 547 623 600 δὲ
655 552 687 601 ὁ
728 549 871 614 Θεὸς
911 549 1217 607 τὰ’πάντιι
1267 554 1576 622 ἐνπᾶσιν,
1616 542 1674 609 ὲν
1719 559 1797 629 τῷ

203 640 394 710 καιρῷ
438 641 538 709 τῆς
586 641 1104 707 ἁπυκαταστάσεωςο
1142 647 1245 717 οὐχ
1293 650 1321 700 ὁ
1383 650 1597 719 Πατὴρ,
1662 654 1799 705 πάν.

200 751 316 797 τως
370 736 448 795 εἰς
489 734 652 786 αὐτὸν
701 734 1061 800 ἀναλυθέντος
1114 740 1209 791 τοῦ
1270 741 1425 814 Υίοῦ,
1477 743 1667 815 ὥσπερ
1718 750 1797 810 εἰς

203 827 396 896 πυρὰν
454 828 700 898 μεγάλην
755 827 1036 899 λαμπάδος
1094 832 1233 899 πρὸς
1288 836 1481 904 καιρὸν
1544 839 1797 892 ἀποσπα-

201 920 458 987 σθείσης,
519 918 635 974 εἶτα
700 923 1085 992 συναφθείσης,
1155 927 1294 996 μηδὲ
1354 930 1464 998 γὰρ
1516 931 1794 987 Σαόἐλλιοι

198 1010 281 1078 τῷ
347 1014 499 1081 ρητῷ
574 1014 751 1083 τούτῳ
821 1016 1439 1085 παραφοειρέσθωσαν,
1504 1022 1618 1074 ἀλλ’
1676 1024 1796 1086 ὅλος

197 1103 364 1165 Θεὸς,
401 1105 533 1157 ὅταν
579 1106 776 1176 μηκέτι
821 1108 992 1163 πολλὰ
1047 1126 1222 1179 ωμεν,
1301 1111 1492 1181 ὥσπερ
1540 1114 1634 1168 νῦν
1681 1119 1797 1178 τοῖς

201 1206 479 1263 κινήμασι
532 1200 780 1261 καὶτοῖς
820 1202 1074 1269 πάθεσιν,
1135 1204 1289 1257 οὐδὲν
1348 1207 1486 1263 ὅλως
1541 1207 1699 1268 Θεοῦ.
1760 1209 1792 1279 ἢ

200 1288 390 1356 ὀλίγον
419 1292 476 1341 ἐν
499 1292 631 1359 ἡμῖν
672 1291 855 1355 αὐτοῖς
880 1295 1158 1363 φέροντες,
1213 1297 1329 1349 ἀλλ’
1359 1298 1471 1351 ὅλοι
1519 1299 1794 1364 θεοειδεῖς,

202 1381 333 1433 ὅλου
402 1383 539 1434 Θεοῦ
620 1390 922 1453 χωρητικοὶ
981 1390 1073 1439 καὶ
1133 1390 1319 1458 μόνου·
1364 1390 1525 1445 τοῦτο
1591 1396 1702 1463 γὰρ
1760 1397 1793 1465 ὴ

200 1476 513 1543 τελείωσις,
552 1478 688 1546 πρὸς
740 1482 805 1548 ἦν
864 1480 1190 1551 σπεύδομεν·
1237 1486 1529 1556 τεκμηριοί
1589 1487 1645 1538 δὲ
1692 1488 1794 1557 μά-

199 1567 367 1622 λιστα
423 1570 633 1632 Παῦλος
686 1571 867 1633 αὐτός’
924 1573 952 1626 ὃ
1003 1575 1111 1642 γὰρ
1161 1576 1397 1630 ἐνταῦθα
1473 1579 1600 1648 περὶ
1652 1580 1786 1633 Θεοῦ

198 1674 372 1729 φησιν
398 1662 691 1731 ἀορίστως,
722 1663 956 1735 ἀλλαχοῦ
989 1667 1175 1735 σαφῶς
1204 1669 1507 1739 περιθρέξει
1541 1670 1787 1741 Χριστῷ.

192 1755 260 1807 Τί
287 1754 471 1821 λέγων
486 1769 502 1820 ;
537 1755 729 1809 Ὅπου
752 1758 864 1810 οὐκ
882 1756 973 1809 ἔνι
1005 1757 1263 1824 ’Έλληνκ
1300 1760 1445 1812 οὐδὲ
1464 1758 1786 1827 Ἰουδαῖος,

193 1847 494 1917 περιτομὴ
548 1847 649 1901 καὶ
697 1849 1085 1917 ἀκροϐυστία,
1133 1853 1462 1920 βάρϐαρος,
1522 1824 1784 1922 Σκύθης,
1822 1824 1863 1881 Β

192 1945 450 2008 δοῦλος,
478 1943 810 2010 ἐλσύθερος’
835 1944 997 1997 ἀλλὰ
1029 1943 1100 1996 τὰ
1122 1943 1319 1999 πάντα
1366 1948 1465 2001 καὶ
1515 1949 1585 2002 ἐν
1615 1950 1778 2007 πᾶσι

192 2037 483 2103 Χριστός.

264 2128 510 2194 Τρίτον,
582 2125 806 2197 ἀρίθμει
903 2129 985 2192 τὸ,
1032 2129 1268 2199 μεῖζονο
1338 2133 1599 2203 τέταρτον
1683 2135 1785 2201 τὸ,

192 2217 348 2269 θεόν
383 2235 507 2285 μου
558 2216 658 2271 καὶ
727 2219 876 2272 Θεὸν
932 2222 1120 2289 ὑμῶν.
1177 2222 1237 2272 Ei
1280 2221 1383 2288 μὲν
1432 2219 1527 2276 οὖν
1574 2228 1788 2295 μείζων

202 2305 297 2372 μὲν
328 2304 570 2370 ἐλέγετο,
610 2299 684 2370 μὴ
738 2304 849 2368 ἴσος
1011 2307 1088 2372 δὲ,
1129 2309 1268 2379 τάχα
1308 2312 1373 2364 ἂν
1413 2310 1481 2384 ἦν
1524 2334 1574 2370 τι
1615 2320 1773 2374 τοῦτο

197 2397 387 2460 αὐτοῖς
410 2413 425 2428 ⁸
464 2398 513 2450 εἰ
548 2397 605 2452 δὲ
647 2398 929 2471 ἀμφότερα
978 2402 1164 2471 σαφῶς
1210 2404 1554 2477 εὑρίσκομεν,
1588 2412 1641 2465 τί
1676 2415 1779 2485 φή-

199 2503 388 2539 σουσιν
423 2488 473 2540 οἱ
505 2489 786 2557 γεννάδαι;
817 2490 870 2542 τί
902 2489 962 2543 τὸ
998 2492 1213 2563 ἰσχυρὸν
1244 2496 1462 2563 αὐτοῖς;
1496 2501 1613 2564 πῶς
1643 2520 1779 2575 συμ-

201 2584 435 2653 ϐήσεται
467 2584 535 2639 τὰ
557 2586 880 2657 ἁσύμϐατας
902 2590 963 2641 τὸ
983 2588 1091 2657 γὰρ
1120 2588 1252 2643 αὐτὸ
1276 2588 1369 2642 τοῦ
1394 2590 1554 2643 αὐτοῦ
1580 2593 1778 2664 ὁμοίως

201 2676 395 2743 μεῖζον
430 2678 523 2729 καὶ
558 2678 670 2731 ῐσον
698 2674 857 2741 εἶναι,
887 2679 996 2733 τῶν
1020 2681 1325 2734 ἀδυνάτωνο
1350 2680 1382 2751 ἢ
1403 2680 1582 2750 δῆλον,
1611 2684 1689 2735 ὅτι
1719 2683 1777 2736 τὸ

204 2764 398 2832 μεῖζον
424 2766 522 2834 μέν
552 2768 664 2820 ἐστι
696 2767 792 2836 τῆς
819 2770 1014 2830 αἰτίας,
1047 2769 1108 2821 τὸ
1139 2770 1194 2823 δὲ
1227 2769 1360 2835 ἴσον,
1389 2770 1489 2839 τῆς
1523 2771 1775 2840 φύσεως

202 2853 293 2904 καὶ
343 2852 511 2907 τοῦτο
558 2857 661 2910 ὑπὸ
706 2857 905 2929 πολλῆς
950 2859 1364 2930 εὐγνωμοσύνης
1407 2861 1777 2933 ὁμολογοῦμεν

200 2943 387 3010 ἡμεῖς.
419 2945 570 3015 Τάχα
609 2946 651 2998 δ’
700 2946 765 3000 ἂν
802 2949 945 3001 εἴποι
994 2967 1077 3013 τις
1122 2949 1278 3013 ἄλλος
1464 2951 1544 3022 τῷ
1582 2954 1779 3024 ἡμετέ-

200 3048 274 3101 ρῳ
442 3035 587 3106 λόγῳ
614 3038 1070 3108 προσφιλονεικῶν
1114 3077 1129 3101 ,
1267 3039 1341 3111 μὴ
1382 3042 1601 3099 ἔλαττον
1637 3041 1776 3099 εἶναι

200 3120 256 3173 τὸ
283 3124 353 3176 ἐκ
386 3126 637 3196 τοιαύτης
661 3126 837 3191 αἰτίας
861 3124 1000 3182 εἶναι
1036 3128 1127 3180 τοῦ
1152 3130 1410 3184 ἁναιτίου.

128 3232 131 3235 ·
196 3208 300 3279 γὰρ
323 3208 429 3260 τοῦ
458 3209 693 3279 ἀνάρχου
720 3208 876 3283 δόξης
912 3213 1126 3283 μετέχοι
1155 3216 1243 3278 ἂν,
1270 3217 1351 3270 ὅτι
1380 3221 1444 3273 ἐκ
1486 3223 1583 3277 τοῦ
1612 3224 1776 3294 ἀνάρ-

198 3313 285 3365 χου
303 3315 316 3327 ·
342 3297 446 3350 καὶ
468 3298 752 3368 πρόσεστιν
774 3302 808 3371 ἡ
834 3301 1105 3374 γέννησις,
1134 3307 1364 3378 πρᾶγμα
1511 3316 1733 3369 τοσοῦτο
1758 3350 1772 3374 .

199 3389 301 3449 τοῖς
334 3404 407 3453 τε
453 3386 579 3440 νοῦν
631 3389 831 3458 ἔχουσι,
882 3392 976 3443 καὶ
1027 3392 1169 3447 οὕτω
1358 3399 1669 3471 σεϐάσμιον.
1703 3403 1775 3456 Τὸ

199 3475 301 3547 γὰρ
336 3477 408 3548 δὴ
441 3477 640 3547 λέγειν,
667 3482 747 3534 ὅτι
772 3480 865 3534 τοῦ
893 3484 1030 3537 κατὰ
1058 3486 1147 3539 τὸν
1171 3486 1454 3561 ἄνθρωπον
1485 3494 1773 3563 νοουμένου

200 3568 405 3635 μείζων
444 3610 460 3632 ,
598 3569 791 3640 ἀληθὲς
836 3572 954 3642 μὲν,
995 3576 1055 3631 οὐ
1104 3577 1247 3646 μέγα
1282 3578 1367 3633 δέ·
1403 3579 1454 3632 τί
1490 3581 1599 3653 γὰρ
1641 3581 1775 3636 θαυ-

200 3657 427 3725 μαστὸν,
454 3659 503 3710 εί
531 3660 727 3729 μείζων
746 3661 1031 3734 ἀνθρώπου
1059 3667 1189 3730 Θεός
1213 3686 1226 3731 ;
1254 3668 1436 3722 Ταῦτα
1460 3670 1557 3741 μὲν
1679 3671 1774 3727 οὖν

199 3748 437 3818 εἰρήσθω
471 3750 605 3822 πρὸς
632 3754 753 3815 τοὺς
781 3754 841 3806 τὸ
863 3754 1061 3825 μεῖζον
1092 3760 1489 3828 κομπάζοντας.

1144 346 1523 408 PANOPLIA
1571 350 2042 416 DOGMATICA.
2079 382 2141 393 -
2169 357 2318 424 ΤΙΤ.
2362 364 2463 426 Xl.

1948 154 1973 169 ο.

3382 380 3489 445 582

1834 483 1878 533 Α
2403 476 2486 529 Ex
2513 479 2689 533 eadem
2724 485 2983 540 oratione.

1975 563 2130 619 Sicut
2155 568 2318 621 etiam
2349 587 2362 623 :
2397 570 2513 624 Erit
2540 587 2716 629 autem
2740 580 2876 633 Deus
2911 598 3091 637 omnia
3121 586 3176 637 in
3201 591 3479 646 omnibus'

1906 657 2000 710 illo
2025 660 2391 716 restitutionis
2414 674 2681 734 tempore;
2709 686 2814 723 non
2842 675 3030 739 utique
3058 675 3242 743 Pater,
3273 686 3487 738 resolu-

1902 759 1955 803 to
1993 749 2243 805 videlicet
2276 756 2327 806 in
2368 756 2545 823 ipsum
2580 758 2737 826 Filio,
2768 780 2874 817 non
2904 782 3072 823 secus
3095 785 3160 825 ac
3186 774 3230 827 si
3265 775 3349 830 ias
3376 780 3482 832 ali-

1902 858 2006 911 qua
2053 844 2119 897 ad
2151 846 2371 915 aliquod
2412 859 2627 918 tempus
2658 854 2725 907 ab
2772 856 2973 923 ingenti
3015 877 3145 931 rogo
3179 871 3478 932 abstracta,

1900 934 1953 988 in
1985 952 2107 989 eum
2132 954 2324 993 rursus
2348 942 2697 1014 (adjuugatur
2721 963 2892 1015 neque
2910 955 3056 1005 enim
3083 960 3376 1013 Sabelliani
3397 964 3483 1016 his

1899 1029 2085 1083 verbis
2140 1030 2457 1102 abutantur)
2486 1074 2501 1099 ,
2536 1038 2629 1090 sed
2668 1048 2816 1095 totus
2869 1042 3041 1109 Deus;
3101 1056 3212 1103 tum
3249 1066 3477 1121 nempe,

1900 1136 2021 1175 cum
2048 1122 2162 1190 jam
2201 1141 2307 1178 non
2361 1130 2514 1182 multi
2543 1132 2768 1198 erimus,
2816 1136 2958 1190 sicut
2986 1155 3133 1195 nunc
3170 1160 3363 1201 sumus
3395 1164 3476 1202 ra-

1902 1214 2051 1268 tione
2112 1231 2357 1275 nmmum
2416 1230 2471 1277 et
2501 1223 2892 1290 aﬂ'ectionum,
2935 1231 3071 1286 nihil
3122 1237 3349 1291 omnino
3384 1240 3477 1294 Dei

1899 1313 2180 1371 gestantes
2207 1307 2261 1361 in
2292 1310 2471 1378 nobis,
2500 1322 2597 1367 aut
2624 1316 2817 1373 saltem
2844 1336 3061 1388 parum,
3088 1327 3188 1379 sed
3222 1329 3319 1382 toti
3358 1331 3477 1385 dei-

1896 1394 2143 1463 iormes,
2216 1401 2492 1471 totiusque
2548 1421 2612 1460 ac
2675 1411 2849 1465 solius
2907 1414 2996 1467 Dei
3054 1424 3476 1485 capacemha'c

1897 1488 2042 1557 enim
2080 1504 2143 1544 ea
2198 1493 2465 1560 perfectio
2504 1508 2621 1563 est,
2669 1501 2738 1555 ad
2778 1520 2942 1572 quam
3000 1513 3146 1563 omni
3196 1513 3481 1572 celeritate

1896 1572 2298 1650 prepcramus;
2354 1587 2500 1655 quod
2560 1592 2777 1659 quidem
2820 1594 3022 1654 Paulus
3067 1600 3184 1667 ipse
3237 1606 3476 1662 maxime

1895 1672 2160 1741 conjicit;
2192 1679 2338 1744 quod
2383 1683 2530 1734 enim
2567 1684 2655 1739 hic
2684 1687 2752 1740 de
2786 1687 2895 1743 Deo
2928 1692 3213 1750 indeﬁnite
3233 1699 3331 1761 ait,
3363 1700 3473 1753 alio

1902 1765 2020 1819 loco
2048 1771 2415 1837 apertissimis
2440 1776 2625 1832 verbis
2651 1778 2869 1835 Christo
2897 1785 3175 1853 sigillatim
3199 1794 3470 1847 attribuit.

1891 1857 2101 1924 Quibus
2136 1863 2364 1918 verbis?
2396 1864 2494 1919 Ubi
2531 1885 2633 1922 non
2681 1881 2758 1925 est
2796 1873 3035 1938 ercus,
3073 1896 3174 1934 non
3218 1881 3471 1958 ludicris,

1889 1954 2219 2009 circumcisio
2238 1967 2287 2010 et
2302 1964 2646 2027 praeputium,
2675 1965 2931 2021 barbarus
2952 1981 3000 2022 et
3031 1969 3253 2041 Scytha,
3288 1954 3469 2031 servus

1891 2056 1936 2100 et
1961 2048 2095 2101 liber
2122 2066 2139 2106 :
2174 2052 2263 2104 sed
2280 2055 2457 2107 omnia
2488 2071 2535 2108 ει
2560 2058 2613 2109 in
2640 2060 2881 2114 omnibus
2904 2061 3145 2118 Christus
3175 2068 3215 2120 ’.

1984 2140 2167 2196 'l‘ertio
2230 2145 2350 2198 loco
2417 2144 2603 2202 mecm
2660 2152 2803 2205 hanc
2838 2191 2853 2215 ,
2917 2157 3092 2224 major
3126 2157 3147 2186 ⁸
3181 2200 3194 2220 ,
3248 2176 3411 2213 nume
3437 2190 3469 2200 --

1890 2242 2013 2285 rant
2042 2248 2056 2285 :
2087 2247 2283 2303 quarto
2310 2237 2460 2303 item,
2497 2239 2663 2295 Deum
2701 2259 2871 2295 nicum
2895 2257 2943 2298 et
2977 2250 3142 2300 Deum
3178 2251 3465 2307 vestrum‘.

1900 2331 2060 2392 Sane,
2092 2329 2134 2382 si
2161 2326 2328 2394 major
2355 2329 2571 2397 quidem
2600 2330 2887 2391 diceretur,
2931 2346 3033 2383 non
3058 2332 3182 2383 item
3212 2334 3455 2401 aequalis,

1896 2421 2123 2479 fortasse
2154 2420 2257 2474 vim
2296 2421 2527 2487 aliquam
2578 2421 2800 2474 haberet
2833 2422 2973 2490 quod
3026 2421 3278 2475 alierum.
3320 2424 3453 2477 Cum

1896 2514 2069 2559 autem
2096 2515 2383 2573 utrumque
2418 2508 2640 2560 inveniri
2676 2507 2880 2575 liquido
2933 2519 3166 2573 constet,
3188 2509 3314 2579 quid
3337 2521 3455 2564 lau-

1896 2596 2016 2652 dem
2050 2597 2291 2664 generosi
2323 2596 2571 2659 hoinines
2623 2598 2843 2652 dicent?
2875 2600 3012 2664 Quid
3061 2602 3267 2654 roboris
3302 2604 3459 2654 hahe-

1894 2687 2061 2745 btmt?
2109 2687 2386 2753 Quomodo
2430 2690 2785 2751 convenient,
2842 2705 2963 2758 quae
3016 2694 3306 2746 convenire
3353 2706 3448 2747 ue-

1894 2776 2129 2844 queuut?
2172 2776 2315 2831 Idem
2356 2775 2498 2829 enim
2527 2775 2704 2843 seipse
2751 2776 2944 2843 majus,
2985 2779 3293 2847 pariterque
3350 2780 3451 2832 sibi

1895 2868 1995 2936 ipsi
2011 2867 2232 2935 aequale,
2264 2866 2376 2921 ﬁeri
2410 2881 2513 2920 non
2536 2875 2730 2934 potest.
2760 2864 2946 2920 Nonne
2965 2883 3092 2936 ergo
3112 2869 3449 2937 perspicuum

1891 2966 1971 3011 est
2002 2957 2219 3024 majoris
2258 2971 2437 3011 vocem
2499 2959 2565 3010 ad
2616 2971 2859 3021 causam,
2914 2958 3137 3024 tequzdis
3166 2971 3347 3011 autem
3382 2960 3448 3012 ad

1892 3057 2140 3102 naturam
2187 3047 2522 3101 referendam
2556 3047 2713 3101 esse?
2768 3046 2845 3102 Ac
2902 3063 2999 3100 nos
3032 3048 3170 3100 istud
3228 3049 3458 3115 ingenue

1580 3136 1689 3205 Τῆς
1719 3154 1776 3189 τε
1809 3180 1847 3205 ρ
1890 3137 2179 3195 admodum
2212 3147 2265 3192 et
2294 3137 2518 3193 candide
2570 3136 2914 3193 confitemur.
2971 3135 3227 3192 Fortasse
3265 3145 3443 3190 autem

1883 3227 2080 3280 dixerit
2112 3226 2249 3279 alius
2275 3227 2540 3294 quispiam
2564 3264 2576 3284 ,
2630 3238 2939 3278 sermonem
3204 3232 3446 3279 nostrum

1882 3317 2077 3374 acriori
2107 3317 2270 3370 animi
2306 3315 2653 3369 contentione
2700 3328 3051 3381 prosequens,
3102 3313 3324 3368 inferius
3352 3313 3451 3367 ha-

1883 3407 2117 3462 bendum
2151 3422 2252 3460 non
2285 3420 2427 3471 esse,
2464 3406 2529 3459 ah
2558 3404 2862 3472 hnjnsmodi
2903 3419 3089 3465 causa,
3129 3419 3305 3458 causae
3329 3420 3449 3458 om-

1884 3498 1968 3551 nis
1997 3506 2240 3565 expcrle,
2264 3495 2557 3564 proficisci.
2580 3493 2712 3546 Nam
2742 3503 2797 3546 et
2829 3493 2955 3561 quia
2985 3494 3051 3547 ab
3076 3507 3160 3557 eo,
3188 3493 3279 3561 qui
3298 3494 3449 3562 prino

1884 3586 2024 3653 cipio
2049 3595 2239 3649 caret,
2299 3584 2563 3652 originem
2621 3582 2805 3645 trahit,
2847 3582 2962 3649 ejus
3016 3597 3230 3650 quoque
3266 3582 3451 3650 gloriae

1881 3685 2089 3743 partem
2128 3676 2227 3729 sibi
2264 3675 2537 3728 vindicat:
2566 3684 2621 3727 et
2648 3672 2857 3727 accedit
2887 3674 3108 3741 insuper
3141 3674 3449 3741 generatio-

1884 3767 1970 3819 nis
2006 3766 2385 3836 prazrogativa,
2417 3779 2502 3818 res
2538 3772 2712 3824 tanta,
2777 3772 2994 3830 tamque
3027 3763 3351 3824 veneranda,
3384 3762 3452 3815 iis

199 3841 419 3906 quidem
457 3854 622 3904 certe,
667 3845 755 3913 qui
811 3858 987 3902 mente
1018 3850 1222 3916 praediti
1258 3861 1402 3907 sunt.
1448 3851 1605 3921 Nam,
1635 3855 1776 3924 quod
1818 3858 2029 3911 ratione
2055 3857 2407 3912 humanitatis
2435 3855 2596 3910 Pater
2662 3854 2798 3909 Filio
2862 3853 3035 3923 major
3073 3853 3457 3922 intelligendus

199 3930 285 3992 sit,
316 3946 453 3984 vere
491 3934 705 3999 quidem
737 3936 840 3990 dici
878 3948 1072 4006 potest,
1110 3941 1203 3993 sed
1264 3958 1366 3995 non
1414 3946 1633 4014 perinde
1670 3947 1967 4004 honoriﬁce
1995 3970 2006 4004 :
2037 3949 2164 4017 quid
2233 3949 2375 4003 enim
2406 3950 2624 4008 mirum,
2686 3947 2851 4001 Deum
2921 3946 3135 4002 homine
3192 3944 3451 4013 majorem

202 4022 360 4077 esse?
399 4023 574 4091 Atque
615 4026 727 4080 haec
760 4028 887 4081 mihi
921 4029 1063 4083 dicta
1090 4032 1195 4085 sint
1242 4034 1501 4091 adversus
1531 4051 1642 4097 eos,
1676 4040 1769 4107 qui
1810 4041 2035 4111 majoris
2070 4056 2255 4096 vocem
2281 4039 2599 4095 insolentius
2622 4036 2848 4105 jactant.

383 4111 514 4176 Θεὸς
546 4114 601 4168 δὲ
632 4116 844 4184 λέγοιτο
870 4117 955 4182 ἂν,
989 4121 1051 4174 οὺ
1080 4121 1172 4174 τοῦ
1218 4125 1413 4193 Λόγου,
1440 4128 1536 4180 τοῦ
1560 4131 1774 4200 ὁρωμέ-

202 4219 289 4255 νου
314 4200 378 4255 δέ
400 4220 414 4232 ⁸
450 4204 568 4268 πῶς
597 4207 705 4277 γὰρ
730 4208 795 4261 ἂν
824 4209 908 4279 εἴη
930 4210 1027 4262 τοῦ
1058 4213 1262 4286 κυρίως
1297 4216 1430 4270 Θεοῦ
1459 4218 1620 4284 Θεός;
1650 4221 1781 4272 ’Ὡσ-

204 4311 303 4365 περ
353 4294 449 4347 καὶ
488 4296 696 4369 Πατὴρ,
743 4299 804 4350 οὐ
852 4300 946 4353 τοῦ
986 4302 1283 4374 ὁρωμένου,
1326 4304 1420 4358 τοῦ
1460 4308 1631 4375 Λόγου
1681 4310 1775 4363 δέ’

2122 4132 2273 4198 Quod
2315 4141 2495 4189 autem
2550 4133 2616 4184 ad
2680 4129 2903 4182 alteram
2960 4135 3167 4197 partem
3214 4128 3430 4191 attinet,

1884 4224 2026 4277 Dens
2066 4223 2287 4285 dicitur,
2320 4237 2424 4274 non
2456 4221 2665 4275 ratione
2695 4218 2882 4283 Verbi,
2930 4216 3025 4271 sed
3056 4216 3224 4285 partis
3252 4232 3371 4285 qua:
3398 4217 3452 4270 in

1874 4312 2156 4368 oculorum
2198 4327 2414 4365 sensum
2487 4311 2633 4365 cadit
2696 4310 2825 4379 (quo
2870 4308 3013 4362 enim
3081 4307 3241 4361 modo
3288 4306 3451 4370 illius,

203 4387 438 4458 καὶγὰρ
479 4383 547 4471 ᾖν
591 4388 845 4453 διπλοῦςο
888 4391 1028 4445 ὥστε
1069 4394 1128 4447 τὸ
1163 4396 1261 4465 μὲν
1302 4397 1506 4467 κυρίως
1548 4402 1635 4452 ἐπ’
1669 4402 1779 4470 ἀμ-

1897 4403 1965 4471 μιὶ
2001 4401 2212 4469 pr0prie
2247 4401 2384 4454 Deus
2413 4410 2516 4461 est,
2551 4399 2691 4453 Deus
2720 4398 2823 4451 dici
2877 4406 3038 4465 queat
3061 4396 3128 4466 ?).
3183 4397 3453 4463 Quemad-

205 4482 316 4545 φοῖν
354 4520 371 4544 ,
475 4462 539 4532 τὸ
564 4480 619 4532 δὲ
645 4482 706 4534 ού
738 4483 962 4554 κυρίως,
997 4462 1253 4550 ἐναντίως
1286 4488 1318 4558 ἢ
1350 4462 1434 4557 ὲιρ’
1460 4489 1619 4559 ἡμῶν
1640 4462 1771 4561 ἔχει.

1879 4491 2093 4545 modum
2117 4489 2305 4550 Pater,
2333 4506 2437 4543 non
2467 4488 2838 4549 humanitatis,
2864 4488 2955 4541 sed
2993 4485 3152 4539 Verbi
3179 4496 3449 4556 respectu;

216 4570 405 4660 Ἦμῶν
434 4569 541 4642 γὰρ
567 4572 770 4643 κυρίως
804 4551 899 4643 μὲν
937 4574 1068 4638 Θεὸς
1108 4579 1135 4647 δ
1173 4551 1346 4641 Θεὸς..
1392 4551 1404 4557 ’
1570 4551 1777 4652 κυρίως

1897 4582 2077 4660 luplici
2114 4582 2311 4650 quippe
2336 4591 2525 4633 natura
2552 4580 2877 4646 constabat;
2910 4594 3018 4647 quo
3060 4579 3118 4631 iit
3142 4588 3197 4631 ut
3226 4579 3451 4633 alterum

205 4659 258 4712 δὲ
301 4656 516 4731 Πατήρ.
561 4665 671 4716 Καὶ
711 4665 869 4717 τοῦτό
911 4668 1057 4719 ἐστιν
1084 4667 1112 4719 ὃ
1145 4672 1291 4721 ποιεῖ
1324 4673 1437 4735 τοῖς
1480 4673 1780 4743 αἱρετικοίς

1897 4676 1942 4729 le
1971 4656 2035 4728 eo
2068 4675 2284 4744 proprie
2318 4674 2554 4739 dicatur,
2610 4673 2839 4726 alterum
2892 4672 3218 4741 improprie:
3261 4679 3452 4725 contra

205 4750 299 4821 τὴν
329 4753 563 4823 πλάνην,
597 4756 629 4824 η
657 4753 766 4807 τῶν
798 4756 1076 4827 ὀνομάτων
1109 4759 1404 4826 ὲπίξευξις,
1447 4764 1778 4817 ὲπαλλαττο-

1897 4781 2037 4834 luam
2066 4766 2118 4818 in
2153 4764 2307 4818 nobis
2331 4779 2389 4819 se
2414 4778 2501 4817 res
2533 4762 2715 4817 habet.
2743 4764 2883 4816 Deus
2912 4764 3053 4816 enim
3075 4762 3289 4831 proprie
3309 4761 3450 4815 Dens

211 4832 395 4909 μένων
414 4842 524 4895 τῶν
553 4844 827 4913 ὀνομάτων
848 4846 935 4898 διὰ
958 4849 1057 4916 τὴν
1092 4847 1412 4918 σύγκρισιν.
1440 4851 1672 4921 Σημεῖον
1697 4853 1776 4917 δὲ,

1897 4832 2060 4909 ioster
2093 4864 2195 4917 est,
2236 4869 2341 4908 non
2376 4864 2555 4907 autem
2586 4853 2800 4922 proprie
2821 4854 3004 4907 Pater.
3045 4854 3219 4920 Atque
3248 4853 3349 4908 hoc
3370 4860 3453 4907 est

207 4932 363 4998 ἡνίκα
402 4933 460 4985 αἱ
501 4932 690 5000 φύσεις
843 4936 1139 4991 διίστανται
1172 4942 1291 5002 ταῖς
1331 4941 1616 5004 ἐπινοίαις,
1654 4960 1780 4995 συν⁴

1897 4948 2016 5015 ιιιοᾱ
2054 4946 2332 5002 haereticos
2390 4946 2443 4999 in
2487 4960 2729 4999 errorem
2779 4946 3004 5009 inducit,
3049 4959 3238 5013 nempe
3279 4943 3456 4997 nomL

209 5021 493 5094 διαιρεῖται
524 5025 618 5077 καὶ
645 5024 712 5078 τὰ
733 5026 989 5096 ὀνόματα.
1016 5029 1228 5082 Παύλου
1251 5030 1501 5097 λέγοντος
1525 5034 1775 5088 ἄκουσον·

1897 5050 2005 5087 mm
2036 5036 2227 5087 horum
2289 5033 2630 5102 conjunctio,
2673 5034 2995 5101 permutatis
3025 5034 3276 5088 videlicet
3313 5034 3456 5086 inter

210 5112 329 5165 Ἵνα
361 5118 395 5166 ό
429 5114 572 5181 Θεὸς
605 5116 709 5170 τοῦ
742 5119 962 5186 Κυρίου
998 5118 1163 5188 ἡμῶν
1201 5121 1395 5187 Ἰησοῦ
1438 5124 1716 5189 Χριστοῦ,
1748 5130 1781 5181 ὁ

1897 5141 1936 5179 .e
1968 5126 2279 5179 nominibus
2318 5136 2535 5195 propter
2575 5127 2864 5194 utriusque
2914 5134 3118 5179 natura:
3160 5125 3452 5180 connexio-

209 5204 404 5271 Πατὴρ
445 5205 553 5272 τῆς
585 5206 787 5273 δόξης.
834 5210 1069 5278 Χριστοῦ
1102 5211 1200 5279 μὲν
1226 5210 1377 5274 Θεὸς,
1413 5212 1512 5281 τῆς
1542 5215 1596 5266 δὲ
1624 5216 1780 5286 δόξης

1897 5233 2026 5271 rem.
2065 5219 2396 5286 Argumento
2434 5226 2537 5279 est,
2578 5217 2718 5284 quod
2766 5233 2888 5270 cum
2945 5228 3148 5270 natura:
3168 5219 3347 5270 animo
3398 5225 3451 5269 et

210 5288 427 5361 Πατήρ·
465 5295 513 5345 εἰ
547 5296 653 5365 γὰρ
694 5298 787 5349 καὶ
817 5297 878 5349 τὸ
913 5300 1319 5369 συναμφότερον
1350 5300 1407 5353 ἓν
1443 5338 1459 5363 ,
1574 5305 1687 5357 ἀλλ’
1718 5308 1777 5359 οὐ

1897 5308 2206 5376 ιυςίιειιὶοιιε
2240 5309 2651 5375 distinguuntur
2681 5347 2696 5369 ,
2739 5308 2895 5361 simul
2958 5322 3169 5376 quoque
3232 5306 3450 5359 nomina

207 5380 271 5448 τῇ
303 5382 483 5449 φύσει,
518 5387 582 5453 τῇ
624 5385 680 5436 δὲ
724 5386 923 5458 συνόδῳ
950 5388 1173 5441 τούτων.
1206 5389 1269 5441 Τί
1302 5390 1366 5442 ἂν
1396 5390 1607 5458 γένοιτο
1639 5412 1779 5462 γνω-

1897 5396 2214 5451 lividnntur.
2266 5397 2402 5450 Audi
2467 5396 2689 5450 Paulum
2745 5397 2828 5451 his
2889 5397 3071 5448 verbis
3104 5395 3449 5464 loquentem.

211 5470 544 5540 ριμώτερον;
1881 5486 1942 5540 Ut
1976 5487 2113 5541 Deus
2145 5489 2352 5541 Domini
2385 5490 2551 5542 nostri
2574 5488 2702 5541 Jesu
2752 5485 2970 5551 Christi,
3022 5486 3182 5544 Pater
3225 5484 3313 5537 ille
3338 5483 3451 5554 glo.

211 5563 301 5615 ria!
356 5563 476 5618 '.\i
502 5569 574 5619 ies
615 5570 881 5637 quomodo
916 5569 1115 5623 Christi
1146 5573 1362 5640 quidem
1399 5574 1560 5636 Deus,
1585 5574 1768 5644 gloriae
1802 5587 1977 5631 autem
2017 5579 2175 5633 Pater
2213 5583 2458 5633 dicatur:
2496 5580 2741 5646 quamvis
2774 5580 2915 5631 enim
2948 5578 3062 5631 hanc
3123 5577 3229 5631 duo
3284 5591 3449 5629 unum

214 5651 458 5742 efﬁciant,
501 5656 550 5707 id
591 5667 767 5711 tamen
816 5675 917 5711 non
961 5669 1149 5712 natura
1177 5664 1254 5725 ut,
1316 5665 1408 5717 sed
1441 5680 1622 5718 eonnn
1658 5667 1904 5723 coitione.
1940 5670 2075 5736 Quid
2125 5672 2207 5726 his
2237 5671 2477 5742 apertius
2529 5679 2582 5722 ct
2627 5669 2963 5725 manifestius
2989 5683 3107 5721 esse
3125 5667 3319 5736 queat?

289 5736 540 5806 Πέμπτον
608 5743 848 5811 λεγέσθω
903 5746 981 5811 τὸ,
1045 5746 1342 5816 λαμϐάνειν
1394 5752 1552 5803 αὑτὸν
1606 5751 1772 5822 ζωὴν,

1990 5736 2650 5822 ριιῑηιιιιηἠιιιιιειειυτ,
2713 5751 2856 5820 quod
2913 5752 3072 5804 vitam
3113 5754 3156 5817 ⁸,
3211 5760 3303 5807 aut
3356 5750 3446 5822 ju-

292 5947 310 5980 ¹
339 5945 356 5999 l
388 5947 508 6002 Cor.
539 5964 626 6017 xv,
659 5949 746 6006 9.8.
782 5952 799 5981 ’
829 5950 999 6007 Galat.
1038 5956 1119 6015 tu,
1152 5952 1241 6010 9.8.
1294 5955 1312 5985 ³
1340 5952 1497 6013 Joan.
1543 5974 1651 6030 xiv,
1678 5960 1764 6016 28.
1817 5959 1835 5990 ⁸
1867 5959 2024 6016 Joan.
2054 5977 2144 6028 xx,
2173 5962 2257 6015 17.
2316 5963 2334 5991 ⁸
2364 5962 2562 6032 Epiros.
2600 5977 2634 6025 l,
2663 5960 2749 6016 l7.
2808 5964 2827 5993 θ
2859 5960 3013 6018 Joan.
3044 5978 3095 6030 ν,
3132 5962 3225 6018 96.
