3920 6622
431 405 538 465 583

1689 404 1782 461 EU
1802 402 2065 461 HIYMII
2106 400 2478 463 ZIGABENI

3572 399 3677 460 5%

430 535 628 591 dicium
656 535 674 568 ί
706 575 721 599 ,
745 547 839 589 aut
881 536 1116 605 gentium
1148 534 1518 588 [nereditatem
1564 533 1584 564 ²
1617 570 1632 595 ,
1685 543 1773 585 aut
1812 533 1992 588 carnis

2126 540 2132 600 ι
2167 528 2369 601 κρίσιν,
2409 529 2443 601 ἢ
2490 528 2850 601 κληρονομίαν
2893 528 3082 593 ἐθνῶν,
3118 530 3151 602 ἢ
3203 529 3453 596 ἐξουσίαν
3497 530 3683 601 πάσης

429 628 608 680 omnis
649 634 971 693 potestatem
1020 630 1066 689 ³,
1094 632 1184 676 aut
1210 623 1435 693 gloriam
1476 628 1528 687 ⁸,
1559 632 1650 675 aut
1688 622 1999 693 discipulos,

2101 620 2322 691 σαρκὸς,
2351 620 2384 692 ἢ
2410 619 2585 687 δόξαν,
2610 620 2642 691 ἢ
2676 619 2939 691 μαθητὰς,
2970 620 3002 690 ἢ
3038 622 3139 675 ὅσα
3164 620 3405 692 λέγεται,
3438 622 3539 675 καὶ
3565 620 3687 673 τοῦ·

430 724 731 782 caeteraque
762 712 1002 780 ejusdem
1061 713 1297 783 generis,
1333 713 1583 782 accipere
1632 711 1862 779 dicitur;
1900 714 2002 769 hoc
2100 729 2161 765 το

2288 712 2385 782 τῆς
2417 712 2851 783 ἁνθρωπότητος.
2883 713 2943 765 Εἰ
2967 711 3024 764 δὲ
3050 714 3142 765 καὶ
3164 712 3242 783 τῷ
3266 712 3385 784 Θεῷ
3503 709 3684 778 δοίης.

430 822 644 877 quoque
682 807 749 859 ad
792 806 1181 860 humanitatem
1210 814 1435 875 spectat.
1462 804 1780 874 Quanquam
1810 817 1866 859 ut
1890 808 2002 861 haec

2126 805 2201 856 ιὺκ
2247 804 2482 858 ἄτοπονο
2509 804 2568 856 ού
2619 803 2727 877 γὰρ
2775 804 2849 867 ὡς
2900 804 3169 875 ἐπίκτητα
3208 803 3420 868 δώσεις,
3461 802 3580 858 ἀλλ’
3614 802 3687 865 ὡς

430 900 596 953 etiam
632 899 740 953 Deo
778 899 1101 963 tribuamus,
1137 898 1281 953 nulla
1313 898 1437 954 inde
1469 900 1774 954 absurditas
1814 916 2004 955 conse-

2126 896 2201 949 i-rr‘
2252 897 2424 967 ἀρχῆς
2477 897 2892 969 συνυπάρχοντα
2940 932 2956 958 ,

428 1000 624 1058 quetur
648 1007 662 1043 :
689 1006 793 1044 non
824 992 966 1044 enim
996 991 1141 1044 velut
1192 991 1421 1044 ascititia
1453 990 1501 1045 ei
1559 991 1876 1055 tribuemus,
1908 992 2001 1046 sed

430 1082 575 1135 velut
600 1097 721 1151 qua:
743 1098 771 1135 a
802 1082 1066 1150 principio
1092 1097 1196 1136 una
1226 1098 1347 1136 cum
1378 1083 1494 1142 ipso
1536 1082 1861 1148 exstiterint,
1894 1098 1999 1136 non

433 1172 643 1226 ratione
674 1171 883 1240 gratiae,
914 1172 1009 1225 sed
1035 1180 1262 1225 naturas.

611 1262 779 1316 Sexto
819 1262 938 1316 loco
970 1272 1223 1330 ponatur,
1251 1260 1392 1330 quod
1427 1259 1549 1313 Non
1581 1271 1743 1328 potest
1768 1258 1940 1314 Filius
1968 1276 2001 1314 a

429 1355 602 1421 seipso
627 1354 799 1421 facere
825 1354 1131 1423 quidquam,
1157 1353 1259 1405 nisi
1277 1352 1330 1403 id
1360 1353 1540 1404 viderit
1566 1350 1773 1403 Patrem
1804 1351 2001 1419 facien-

431 1460 533 1498 tem
587 1444 631 1497 '.
663 1444 792 1510 Quae
820 1444 980 1497 verba
1008 1443 1268 1511 ejusmodi
1299 1458 1457 1498 sensu
1488 1444 1801 1512 explicanda
1827 1454 1953 1495 sunt
1983 1460 1996 1494 :

434 1536 617 1600 Posse,
648 1537 731 1592 vel
750 1554 851 1591 non
874 1553 1043 1606 posse,
1075 1551 1181 1590 non
1211 1552 1317 1591 uno
1356 1536 1512 1590 modo
1535 1536 1735 1590 dicitur
1758 1550 1773 1600 ;
1798 1536 1999 1591 variam

430 1632 574 1684 enim
609 1644 673 1684 ac
734 1628 1082 1699 multiplicem
1121 1629 1571 1699 significationem
1636 1629 1812 1683 habet.
1858 1626 2003 1681 Non-

433 1734 709 1789 nunquam
935 1721 1078 1775 enitn
1136 1720 1432 1773 secundum
1476 1719 1673 1773 virium
1730 1719 1999 1773 defectum

438 1815 661 1876 dicitur,
687 1820 742 1865 et
779 1813 912 1865 certi
949 1811 1206 1878 temporis
1236 1825 1299 1864 ac
1350 1823 1596 1876 persona:
1661 1810 1868 1863 ratione
1908 1809 2003 1862 ha-

3093 899 3186 951 xal.
3239 897 3385 969 λόγῳ
3439 896 3686 967 φύσεως,

2106 988 2219 1041 ἀλλ’
2251 988 2311 1039 οὐ
2346 988 2584 1059 χάριτος.
3034 988 3035 991 “

2268 1262 2462 1314 Ἕκτον
2512 1261 2740 1315 τιθέσθω
2786 1261 2847 1316 τὸ
2889 1263 2975 1332 μὴ
3041 1262 3333 1316 δύνασθαι
3388 1263 3501 1315 τὸν
3559 1259 3693 1313 Υῐόν

2108 1353 2208 1421 ἀφ’
2250 1352 2465 1407 ἑαυτοῦ
2509 1352 2701 1406 ποιεῖν
2742 1352 2938 1423 μηδὲν
2978 1393 2993 1417 ,
3112 1354 3220 1406 ἐὰν
3263 1351 3348 1421 μή
3390 1370 3450 1405 τι
3479 1351 3689 1421 ,ϐλέπῃ

2109 1445 2215 1499 τὸν
2243 1443 2474 1512 Πατέρα
2497 1445 2801 1499 ποιοῦντα.
2836 1444 3005 1499 Τοῦτο
3037 1446 3092 1499 δὲ
3128 1444 3365 1498 τοιοῦτόν
3411 1446 3599 1496 ἐστιν’
3635 1445 3690 1497 οὐ

2109 1537 2215 1591 τῶν
2242 1537 2360 1589 καθ’
2392 1538 2487 1589 ἕνα
2515 1537 2713 1607 τρόπον
2738 1537 3067 1608 λεγομένων,
3100 1536 3159 1589 τὸ
3187 1536 3512 1598 δύνασθαι,
3546 1535 3583 1605 ἢ
3609 1536 3690 1604 μὴ

2109 1628 2430 1684 δύνασθαι·
2484 1628 2795 1700 πολύσημον
2842 1629 2917 1683 δέ,
2971 1630 3043 1681 Τὸ
3096 1630 3193 1699 μὲν
3236 1629 3345 1697 γάρ
3372 1645 3430 1680 τι
3475 1628 3695 1695 λέγεται

2110 1721 2254 1777 κατὰ
2284 1721 2565 1792 δυνάμεως
2604 1720 2857 1791 ἔλλειψιν,
2900 1720 2994 1773 καὶ
3037 1720 3191 1783 ποτὲ,
3224 1720 3318 1773 καὶ
3346 1718 3490 1789 πρός
3517 1734 3595 1779 τι,
3625 1716 3696 1778 ὡς

2111 1813 2193 1875 τὸ,
2226 1812 2299 1883 μὴ
2328 1813 2584 1875 δύνασθαι
2634 1813 2695 1866 τὸ
2742 1812 2954 1866 παιδίον
2982 1812 3183 1875 ἀθλεῖν,
3219 1811 3252 1881 ἦ
3291 1811 3351 1863 τὸ
3398 1809 3698 1862 σκυλάκιον

435 1898 583 1952 bita:
621 1910 677 1952 ut
710 1899 852 1968 quod
888 1913 1019 1966 puer
1065 1898 1260 1951 luctari
1296 1913 1401 1951 non
1434 1898 1623 1966 possit,
1671 1906 1763 1952 aut
1795 1898 2003 1953 catulus

2126 1902 2352 1970 Βλέπειν,
2384 1903 2416 1975 ἥ
2453 1904 2592 1976 πρὸς
2637 1904 2787 1957 τόνδε
2823 1902 3270 1972 διαγωνίζεσθαι·
3312 1901 3548 1970 ἀθλήσει
3593 1899 3695 1973 γὰρ

430 2006 682 2056 cernere,
717 2003 955 2044 autcum
979 1990 1159 2060 aliquo
1192 1991 1487 2045 dimicare:
1536 1990 1830 2045 luctabitur
1857 1991 1999 2044 enim

433 2084 665 2136 fortasse
695 2081 1005 2150 aliquando,
1046 2092 1102 2135 et
1132 2093 1339 2150 cernet,
1380 2091 1587 2137 etcum
1629 2082 1731 2136 hoc
1771 2081 2000 2136 dimica-

430 2176 534 2236 bit,
570 2173 783 2228 etiamsi
826 2189 945 2226 cum
1002 2172 1175 2225 altero
1209 2184 1459 2241 nequeat.
1514 2171 1785 2227 Interdum
1840 2174 1903 2226 de
1937 2187 2001 2228 eo

431 2267 650 2326 dicitur,
675 2264 817 2331 quod
858 2277 1234 2332 sa’penumero
1260 2265 1543 2334 contingit,
1582 2274 1641 2317 ιιι
1685 2263 1840 2317 illud:
1876 2260 2002 2316 Non

434 2354 600 2409 potest
631 2346 815 2399 civitas
846 2348 1099 2401 abscondi
1124 2365 1283 2417 supra
1313 2363 1536 2404 montem
1573 2354 1743 2420 posita
1799 2352 1841 2408 ‘.
1860 2354 2006 2409 Fieri

436 2434 579 2488 enim
620 2446 815 2502 potest,
843 2447 901 2490 ut
927 2439 1173 2506 quasdam
1220 2441 1415 2495 civitas
1458 2442 1822 2497 abscondatur
1847 2484 1863 2510 ,
1894 2459 2008 2496 ma-

435 2525 541 2590 jori
570 2527 824 2581 nimirum
863 2529 1046 2598 aliquo
1096 2541 1279 2585 monte
1325 2534 1491 2599 lpsius
1538 2542 1812 2603 aspectum
1845 2534 2010 2603 impe-

439 2615 639 2669 diente.
664 2615 1006 2687 fmpossibile
1031 2621 1194 2675 etiam
1241 2621 1460 2687 dicitur,
1518 2624 1659 2693 quod
1693 2624 1918 2679 minime
1938 2639 2011 2678 ae-

440 2721 608 2773 quum
638 2716 743 2774 est,
769 2711 1075 2780 rationique
1109 2724 1567 2780 consentaneum;
1610 2716 1765 2784 cujus
1800 2716 2013 2783 generis

441 2808 528 2854 est
560 2799 723 2855 illud:
758 2801 882 2856 Non
905 2814 1118 2869 possunt
1147 2804 1250 2873 ﬁlii
1274 2806 1454 2873 sponsi
1468 2805 1736 2875 jejunare,
1780 2806 2014 2876 quandiu

442 2904 669 2958 praesens
715 2903 791 2946 est
843 2909 1064 2963 sponsus
1114 2898 1177 2961 ’ς
1229 2899 1342 2951 sive
1394 2911 1516 2951 eum
1583 2896 1873 2963 intelligas,
1920 2896 2015 2965 qui

443 2984 723 3052 corporeis
760 2985 932 3041 oculis
979 2987 1221 3042 cernitur
1249 2989 1447 3058 (neque
1484 2989 1627 3042 enim
1655 3002 1909 3041 aerumna:
1938 2996 2019 3039 at-

447 3088 557 3142 que
591 3072 897 3131 aﬂlictionis
930 3086 1144 3145 tempus
1176 3087 1293 3132 erat
1319 3078 1444 3131 illud
1475 3088 1706 3147 tempus,
1731 3093 1840 3147 quo
1861 3075 2021 3129 Chri-

448 3175 567 3220 stus
588 3181 707 3219 cum
735 3168 1015 3235 discipulis
1057 3169 1424 3237 versabatur),
1482 3169 1596 3222 sive
1619 3183 1740 3222 eum
1779 3175 1838 3221 ut
1883 3166 2020 3220 Ver-

449 3256 577 3308 bum
601 3267 812 3325 spectes
837 3278 849 3312 :
883 3258 1009 3325 quid
1033 3258 1177 3311 enim
1206 3272 1301 3312 eos
1323 3271 1583 3326 corporeo
1602 3258 1760 3311 modo
1775 3258 2021 3327 jejunare

2126 3264 2225 3334 τῆς
2253 3262 2347 3315 τοῦ
2379 3259 2717 3334 θεραπευτοῦ

452 3362 678 3402 necesse
711 3358 814 3411 est.
857 3349 948 3418 qui
975 3365 1003 3402 a
1030 3348 1211 3403 Verbo
1242 3347 1575 3417 purgantur?
1609 3347 1811 3414 Quarta
1859 3347 2025 3416 signi-

456 3441 709 3496 ficatione
735 3441 837 3495 hoc
868 3439 985 3494 fieri
1018 3455 1124 3494 non
1162 3454 1322 3509 posse
1351 3440 1569 3503 dicitur,
1622 3454 1651 3491 a
1698 3454 1806 3506 quo
1842 3448 2027 3494 nostra

453 3532 707 3588 voluntas
732 3533 1023 3597 abhorret;
1054 3531 1456 3598 cujusmodiest
1479 3531 1644 3585 illud:
1674 3528 1798 3585 Non
1823 3540 2028 3600 poterat

455 3623 567 3676 illic
595 3623 746 3693 signa
768 3622 940 3691 facere
961 3631 1170 3691 propter
1185 3621 1605 3675 incredulitatem
1631 3638 1811 3675 eorum
1862 3625 1914 3689 ⁸,
1937 3624 2025 3691 qui

455 3729 520 3768 ea
545 3714 924 3781 excipiebant:
976 3713 1232 3783 quoniam
1292 3714 1435 3768 enim
1484 3715 1551 3768 ad
1586 3714 1892 3769 morborum
1929 3715 2026 3769 de-

460 3806 734 3872 pulsiones
763 3816 1050 3876 utrumque
1080 3809 1339 3861 accedere
1378 3820 1603 3860 necesse
1633 3815 1735 3869 est,
1770 3818 1962 3875 nempe
1976 3814 2033 3859 ut

457 3905 511 3950 et
527 3897 713 3966 ανατοιί
743 3896 924 3966 ﬁdem,
951 3908 1004 3953 et
1031 3898 1222 3952 medici
1250 3898 1357 3951 vim
1384 3910 1437 3951 et
1456 3896 1763 3950 facultatem
1789 3896 2035 3951 medendi

460 3988 711 4049 afferant,
744 3989 943 4043 idcirco
977 3989 1226 4055 alterum,
1255 3991 1540 4045 deficiente
1581 3990 1771 4052 altero,
1818 3988 2036 4041 minime

462 4080 833 4149 contingebat.
858 4079 1009 4132 Haud
1042 4082 1153 4135 seio
1190 4095 1390 4143 autem,
1448 4096 1512 4133 an
1557 4081 1657 4133 hoc
1685 4093 1903 4147 quoque
1932 4094 2035 4131 non

463 4171 865 4241 adjungendum
890 4171 980 4231 sit,
1012 4170 1076 4224 ad
1108 4171 1159 4225 id
1189 4176 1330 4240 quod
1385 4171 1580 4224 rationi
1612 4178 2036 4225 consentaneum

463 4273 587 4316 est:
620 4276 795 4330 neque
822 4262 966 4314 enim
991 4262 1058 4315 iis
1090 4263 1410 4315 medicinam
1443 4261 1635 4316 afferre
1663 4261 2037 4320 conveniebat.

2117 1995 2247 2058 ἴσως
2282 1996 2429 2060 ποτὲ,
2468 1996 2560 2049 καὶ
2585 1996 2794 2065 ὄψεται,
2825 1996 2918 2049 καὶ
2958 1996 3323 2063 διαγωνιεῖται
3352 1992 3496 2060 πρὸς
3526 1991 3695 2055 τόνδε,

2116 2087 2219 2141 κᾶν
2243 2086 2378 2159 πρὸς
2401 2088 2585 2157 ἕτερον
2618 2088 2892 2150 ἀδυνάτως
2920 2086 3039 2158 ἔχῃ.
3070 2087 3143 2138 Τὸ
3170 2086 3247 2149 δὲ,
3283 2083 3358 2146 ὡς
3400 2084 3499 2135 ἐπὶ
3546 2080 3696 2135 πλεῖ-

2118 2196 2262 2246 στον,
2298 2180 2373 2242 ὡς
2397 2180 2485 2233 τό·
2533 2183 2614 2233 Οὐ
2641 2180 2888 2234 δύναται
2923 2180 3100 2243 πόλις
3133 2175 3426 2245 κρυϐῆναι
3450 2174 3548 2226 ἐπ’
3584 2174 3698 2226 ἄνω

2116 2268 2293 2338 ὅρους
2323 2269 2587 2338 κειμένη.
2618 2270 2771 2340 Τάχα
2794 2270 2900 2341 γὰρ
2933 2269 2998 2323 ἂν
3027 2267 3123 2322 καὶΙ
3143 2266 3409 2339 κρυφθείη
3448 2282 3558 2328 τις,
3590 2267 3699 2317 ὲπι-

2090 2344 2472 2425 ’προσθοῦντος
2508 2352 2771 2422 μείζονος.
2804 2349 2877 2401 Τὸ
2901 2349 2977 2417 δὲ,
3001 2349 3077 2413 ὼς
3110 2350 3208 2401 οὐκ
3237 2347 3488 2415 εὔλογον,
3517 2346 3595 2408 ὡς
3622 2346 3699 2397 τό·

2106 2446 2188 2498 Οὐ
2239 2443 2527 2497 δύνανται
2575 2446 2628 2496 οἱ
2670 2442 2790 2497 υἱοὶ
2829 2440 2936 2497 τοῦ
2978 2439 3300 2510 νυμφῶνος
3347 2439 3697 2506 νηστεύειν,

2110 2534 2202 2603 ἐφ’
2242 2534 2393 2588 ὅσον
2436 2531 2694 2600 ἔνδημος
2738 2534 2769 2585 ό
2815 2530 3107 2599 νυμφίος·
3138 2528 3247 2581 εἴτε
3298 2529 3327 2579 ὁ
3371 2524 3700 2594 σωματικὰ

2114 2624 2389 2697 ὁρώμενος
2405 2624 2487 2694 (οὐ
2509 2623 2618 2694 γὰρ
2644 2620 3033 2693 κακοπαθείας,
3068 2619 3181 2674 ἀλλ’
3210 2616 3559 2690 εὐφροσύνης
3588 2632 3701 2667 και-

2121 2716 2265 2788 ρὺςὸ
2291 2715 2394 2784 τῆς
2436 2712 2782 2784 ἐπιδημίας),
2830 2714 2939 2766 εἴτε
2973 2712 3048 2777 ὡς
3092 2714 3120 2765 ὁ
3162 2712 3335 2779 Λόγος
3376 2708 3697 2777 νοούμενος⁹

2116 2806 2170 2859 τί
2202 2804 2311 2876 γὰρ
2348 2802 2429 2855 δεῖ
2466 2800 2747 2874 νηστεύειν
2789 2799 3118 2871 σωματικῶς
3160 2801 3287 2863 τοὺς
3318 2798 3478 2867 Λόγῳ
3507 2795 3700 2849 καθαιο

2124 2897 2383 2969 ρομένους
2425 2917 2441 2965 ;
2582 2894 2654 2949 Τὸ
2678 2894 2755 2958 δὲ,
2790 2894 2864 2954 ὡς
2900 2892 3219 2964 ἀδούλητον,
3252 2890 3329 2954 ὡς
3368 2890 3453 2952 τὸ,
3474 2888 3578 2953 Μὴ
3608 2887 3701 2941 δύο

2122 2992 2339 3044 νασθιιι
2361 2988 2489 3043 ἐκεῖ
2501 2987 2719 3057 σημεῖα
2740 2985 3006 3054 ποιῆσαι,
3027 2986 3123 3038 διὰ
3146 2984 3260 3052 τὴν
3281 2983 3577 3037 ἀπιστίαν
3593 2980 3703 3034 τῶν

2122 3078 2479 3150 δεχομένων·
2496 3078 2683 3150 ἐπειδὴ
2700 3078 2811 3148 γὰρ
2830 3076 2922 3130 τοῦ
2950 3076 3360 3147 συναμφοτέρου
3386 3073 3551 3145 χρεία
3576 3073 3702 3143 πρὸς

2122 3172 2221 3235 τὰς
2254 3171 2447 3234 ἰάσεις,
2470 3170 2565 3224 καὶ
2588 3170 2687 3241 τῆς
2709 3170 2817 3223 τῶν
2840 3167 3291 3239 θεραπευομένων
3323 3166 3588 3228 πίστεως,
3617 3165 3703 3217 καὶ

2881 3260 3181 3330 δυνάμεως,
3223 3257 3323 3311 οὐκ
3354 3255 3627 3326 ἐνεδέχετο
3648 3255 3704 3307 τὸ

2127 3353 2313 3424 ἕτερον
2338 3352 2432 3407 τοῦ
2460 3352 2694 3421 συζύγου
2740 3350 3095 3414 ἐλλείποντος.
3124 3351 3235 3403 Ούκ
3282 3345 3394 3401 οἶδα
3556 3348 3634 3408 δὲ,
3662 3348 3704 3399 εί

2133 3444 2207 3515 μὴ
2242 3444 2336 3497 ml.
2365 3443 2524 3497 τοῦτο
2553 3443 2629 3515 τῷ
2686 3442 2890 3513 εὐλόγῳ
2934 3440 3286 3513 προσθετέον’
3323 3441 3384 3494 ού
3419 3440 3526 3511 γὰρ
3558 3438 3704 3492 εὔλο-

2130 3549 2226 3601 γος
2276 3534 2418 3596 ῐασις
2458 3534 2574 3596 τοῖς
2627 3531 3048 3603 βλαϐησομένοις
3094 3530 3152 3596 ἐξ
3199 3529 3478 3592 ἀπιστίας.
3520 3526 3703 3581 Τοῦδὲ

2134 3625 2296 3678 αὐτοῦ
2335 3625 2516 3693 λόγου,
2547 3624 2641 3678 καὶ
2670 3624 2733 3677 τό
2755 3640 2769 3657 ⁸
2805 3624 2887 3678 Οὐ
2919 3623 3166 3677 δύναται
3200 3625 3232 3676 ὀ
3256 3621 3487 3690 κόσμος
3510 3618 3703 3690 μισεῖν

2128 3713 2283 3785 ὑμᾶς
2306 3731 2321 3747 ο
2366 3717 2482 3776 καὶ.
2506 3713 2639 3779 Πῶς
2684 3714 2950 3769 δύνασθε
2982 3711 3173 3783 ἀγαθὰ
3203 3710 3437 3772 λαλεῖν,
3464 3707 3700 3775 πονηροὶ

2128 3807 2332 3873 ὅντες;
2362 3806 2486 3871 Πῶς
2515 3806 2623 3878 γὰρ
2648 3806 2910 3860 ἀδύνατόν
2944 3823 2995 3858 τι
3024 3804 3249 3867 τούτων,
3283 3803 3316 3872 ἦ
3364 3803 3447 3856 ὅτι
3481 3800 3703 3867 ἀϐούλη-

2129 3915 2252 3963 τον;
2285 3898 2441 3950 Ἔστι
2479 3897 2536 3950 δέ
2572 3914 2625 3949 τι
2663 3897 2759 3950 καὶ
2791 3894 3030 3949 τοιοῦτον
3065 3895 3123 3945 ὲν
3166 3895 3277 3955 τοῖς
3304 3892 3637 3961 λεγομένοις,
3679 3888 3703 3940 ὃ

2131 3992 2195 4061 τῇ
2373 3987 2532 4058 φύσει
2568 3988 2672 4055 μὲν
2702 3987 2982 4051 ἀδύνατον,
3012 3984 3132 4055 Θεῷ
3162 3984 3218 4037 δὲ
3252 3983 3480 4036 δυνατὸν
3527 3979 3694 4051 βουλη-

2134 4079 2298 4147 θέντι,
2335 4080 2410 4144 ὡς
2444 4080 2525 4143 τὸ,
2566 4080 2639 4151 μὴ
2662 4077 2923 4133 δύνασθαι
2948 4076 3038 4129 τὸν
3056 4075 3219 4129 αὑτὸν
3248 4072 3574 4145 γεννηθῆναι
3599 4068 3707 4125 δεύ·

2133 4186 2310 4241 τερον,
2358 4170 2452 4223 καὶ
2502 4170 2667 4241 ῥαφὶς
2694 4169 2793 4221 οὐκ
2825 4167 3174 4237 εἰσδεχομένη
3202 4163 3451 4236 κάμηλον
3472 4180 3485 4191 ·
3525 4162 3575 4216 τί
3609 4160 3707 4233 γὰρ

2143 4260 2208 4315 ἂν
2248 4261 2341 4314 καὶ
2388 4260 2651 4315 κωλύσειε
2680 4258 2936 4329 γενέσθαι
2976 4257 3167 4318 ταῦτα.
3199 4254 3333 4311 Θεοῦ
3366 4256 3701 4326 θελήσαντος

465 4359 665 4427 quibus
706 4354 1059 4411 incredulitas
1091 4356 1470 4411 detrimentum
1515 4356 1737 4410 allatura
1762 4363 1901 4410 erat.
1965 4353 2083 4419 Quo
2121 4357 2283 4409 etiam
2348 4356 2399 4408 in
2438 4356 2624 4407 ordine
2669 4352 2973 4422 ponendum
3020 4360 3102 4405 est
3156 4350 3326 4403 illud:
3380 4348 3497 4402 Non
3558 4355 3703 4415 potnt

466 4452 694 4505 mundus
726 4452 896 4505 odisse
925 4467 1012 4506 vos
1070 4455 1091 4486 ’
1128 4467 1142 4515 ;
1172 4460 1227 4505 et
1250 4492 1265 4516 ,
1320 4449 1591 4516 Quomodo
1639 4453 1849 4518 potestis
1906 4452 2041 4504 bona
2079 4449 2239 4520 loqui.
2267 4467 2385 4503 cum
2412 4451 2526 4503 sitis
2555 4450 2681 4503 ntali
2714 4449 2799 4502 "3
2866 4450 2981 4514 Quo
3018 4448 3161 4501 enim
3212 4456 3367 4515 pacto
3433 4443 3703 4513 quidquam

468 4545 661 4599 horum
716 4544 1047 4611 impossibile
1108 4556 1208 4610 est,
1274 4544 1376 4597 nisi
1439 4544 1565 4612 quia
1626 4544 1875 4597 voluntas
1937 4543 2237 4611 repugnat?
2301 4541 2416 4595 Jan:
2448 4543 2571 4594 illud
2618 4557 2831 4611 quoque
2889 4540 3218 4609 impossibile
3290 4538 3517 4597 dicitur,
3579 4527 3705 4601 quod

474 4648 665 4692 natura
701 4638 916 4706 quidem
950 4635 1281 4706 impossibile
1309 4645 1412 4697 est.
1469 4636 1577 4689 Deo
1625 4644 1805 4688 autem
1838 4635 2036 4688 volenti
2082 4633 2573 4702 possibile;quoin
2608 4641 2815 4703 genere!
2873 4644 2953 4685 est
3015 4633 3143 4684 illud
3175 4647 3189 4661 ο
3241 4631 3499 4684 Ettntden‘.
3555 4624 3706 4683 bomi‘

472 4744 595 4784 nem
630 4729 713 4784 bis
740 4730 885 4783 nasci
926 4744 1029 4783 non
1068 4742 1225 4797 posse
1258 4726 1330 4794 “,
1376 4741 1474 4781 nec
1508 4742 1605 4781 acu
1655 4727 1918 4781 camelum
1951 4728 2160 4781 admitti
2193 4725 2236 4757 "

473 4825 518 4879 si
556 4823 649 4878 Dei
686 4822 939 4875 voluntas
970 4822 1039 4872 ita
1076 4819 1299 4874 tulerit?

666 4914 870 4968 Praeter
894 4914 992 4966 hos
1027 4927 1217 4966 omnes
1248 4912 1432 4964 modos
1468 4909 1799 4977 impossibile
1849 4910 2041 4964 dicitur
2084 4900 2126 4953 Ι)

475 5007 616 5077 quod
645 5004 787 5058 nulla
839 5005 1058 5057 omnino
1110 5005 1317 5057 ratione
1369 5001 1481 5055 lieri
1543 5008 1755 5069 potest,
1822 5010 1879 5053 nt
1905 5001 2047 5069 quod

482 5109 628 5148 nunc
661 5092 1017 5161 exquirimus.
1065 5092 1134 5147 Ut
1162 5092 1303 5146 enim
1331 5091 1661 5160 impossibile
1677 5105 1798 5145 esse
1825 5092 2056 5146 dicimus

2270 4730 2442 4796 :quid
2506 4729 2646 4780 cuitu
2714 4727 2996 4795 prohibeat
3058 4724 3348 4793 quominus
3416 4724 3530 4776 hinc
3572 4721 3703 4783 ﬁant,

2349 4907 2564 4960 Τούτων
2594 4907 2650 4958 δὲ
2676 4904 2890 4958 πάντων
2923 4901 3103 4966 ἐκτὸς,
3134 4900 3195 4953 τὸ
3218 4898 3501 4961 παντελῶς
3535 4894 3705 4950 αδύναο

2158 5019 2249 5056 τον
2277 5001 2369 5054 καὶ
2400 4998 2767 5057 ἀνεπίδεκτον,
2795 4996 2871 5058 ὡς
2917 4995 2945 5048 ὃ
2977 4995 3072 5048 νῦν
3110 4992 3460 5062 ἐξετάζομεν.
3512 4990 3590 5051 Ὠς
3613 4986 3706 5053 γὰρ

2157 5094 2417 5148 ἀδύνατον
2466 5085 2605 5143 εἶναι
2636 5089 2887 5159 λέγομεν,
2933 5086 3169 5157 πονηρὸν
3218 5078 3359 5137 εἶναι
3399 5081 3549 5142 Θεὸν,
3581 5077 3607 5147 ἢ
3643 5075 3705 5145 μὴ

2158 5180 2297 5237 εἶναι
2320 5200 2332 5213 ·
2363 5181 2520 5235 τοῦτο
2540 5180 2648 5251 γὰρ
2674 5179 2973 5249 ἀδυναμίας
3000 5177 3064 5231 ἂν
3090 5176 3174 5246 εἴη
3204 5173 3402 5245 μᾶλλον
3419 5168 3703 5237 Θεοῦ,ᾕπερ

2159 5273 2437 5343 δυνάμεως
2456 5272 2521 5342 ’ἢ
2546 5271 2606 5324 τὸ
2631 5270 2706 5343 μὴ
2728 5270 2787 5323 ὃν
2808 5266 2969 5332 εἷναι,
3000 5268 3032 5339 ἢ
3063 5266 3131 5320 τὰ
3156 5266 3237 5329 δὶς
3260 5263 3353 5317 δύο
3380 5264 3474 5316 καὶ
3495 5260 3705 5327 τέσσαρα

2162 5359 2298 5416 εἶναι
2324 5363 2418 5415 καὶ
2445 5361 2575 5415 δέκα
2620 5370 2635 5385 ·
2763 5358 2948 5435 ὀὕτως
2982 5356 3240 5411 ἀδύνατον
3283 5354 3379 5409 καὶ
3420 5348 3705 5421 ἀνεγχὼρη-

2161 5473 2252 5509 τον
2287 5458 2458 5508 ποιεῖν
2490 5472 2541 5508 τι
2574 5453 2665 5506 τὸν
2692 5452 2840 5517 Υίὸν,
2869 5446 2944 5506 ὧν
2969 5452 3029 5504 ού
3066 5450 3206 5503 ποιεῖ
3237 5450 3265 5502 ὁ
3293 5448 3503 5517 Πατήρ.
3532 5441 3703 5497 Πάντα

2162 5548 2273 5619 γὰρ
2301 5548 2417 5601 ὅσα
2436 5546 2559 5616 ἔχει
2579 5549 2611 5600 ό
2632 5544 2850 5613 Πατὴρ,
2884 5544 2991 5598 τοῦ
3026 5541 3162 5596 Ποῦ
3182 5539 3382 5594 ἐστιν’
3414 5538 3485 5600 ὡς
3500 5530 3700 5605 ἔμπαλιν

480 5189 648 5242 Deum
706 5186 905 5240 malum
971 5199 1112 5248 esse,
1175 5195 1266 5239 aut
1314 5185 1537 5238 omnino
1603 5201 1707 5239 non
1761 5200 1880 5238 esse
1934 5185 2057 5254 (hoc

480 5281 624 5334 enim
690 5277 780 5330 Dei
846 5275 1216 5344 impotentiam
1273 5275 1450 5342 potius
1529 5282 1691 5341 atque
1778 5273 2060 5327 imbecilli-

484 5382 686 5436 tatem,
738 5385 899 5439 quam
955 5369 1251 5438 potentiam
1298 5366 1617 5438 arguerit);
1699 5374 1791 5418 aut
1842 5375 1901 5419 ut
1965 5366 2058 5428 sit,

481 5466 623 5532 quod
672 5480 776 5517 non
830 5470 933 5524 est,
984 5470 1167 5515 autut
1221 5461 1303 5515 bis
1354 5460 1461 5514 duo
1516 5459 1675 5511 simul
1732 5469 1787 5512 et
1829 5468 2061 5527 quatuor

481 5559 590 5608 sint
695 5566 749 5609 et
884 5556 1106 5610 decem:
1138 5554 1211 5607 ita
1244 5567 1344 5606 nec
1376 5551 1489 5605 ﬁeri
1534 5550 1644 5603 ullo
1676 5550 1832 5603 modo
1866 5560 2059 5617 potest,

484 5659 541 5702 ut
566 5647 734 5702 Filius
760 5647 960 5714 aliquid
1001 5645 1188 5710 faciat,
1232 5644 1373 5712 quod
1403 5643 1564 5697 Pater
1596 5658 1699 5695 non
1729 5640 1907 5694 faciat.
1938 5640 2021 5695 0n

2163 5642 2232 5695 τὰ
2259 5640 2353 5694 τοῦ
2383 5638 2534 5703 Υἰοῦ,
2562 5638 2656 5692 τοῦ
2687 5636 2919 5710 Πατρός.
2950 5634 3113 5688 Οὐδὲν
3142 5628 3234 5686 οὖν
3265 5632 3416 5694 ἴδιον,
3442 5630 3519 5683 ὅτι
3544 5622 3697 5714 κοινά-ε

486 5747 574 5793 m’a
606 5742 745 5794 enim
793 5756 910 5803 qua:
949 5738 1111 5792 Pater
1154 5736 1325 5800 habet,
1368 5747 1488 5789 sunt
1538 5732 1667 5786 Filii
1696 5734 1736 5764 ³¹
1764 5749 1778 5763 ο
1810 5749 2018 5798 querna:

2168 5732 2292 5785 ἐπεὶ
2314 5733 2409 5785 καὶ
2434 5732 2566 5784 αὐτὸ
2607 5731 2667 5783 τὸ
2708 5724 2844 5783 εἶναι
2878 5728 3052 5781 κοινὸν
3099 5726 3195 5781 καὶ
3241 5724 3516 5790 ὁμότιμον,
3543 5718 3584 5769 εἰ
3621 5709 3699 5766 καὶ

573 5847 589 5878 ι
623 5844 782 5899 Joan,
809 5857 862 5901 ν,
891 5840 981 5895 2‘7,
1063 5842 1083 5871 θ
1111 5836 1255 5890 Psal.
1291 5850 1349 5901 ιι,
1382 5836 1437 5890 8.
1513 5831 1708 5886 'Joan.
1732 5845 1864 5896 xvn,
1889 5828 1967 5901 2.Δ
1998 5828 2021 5901 _‘

2127 5841 2211 5901 oc.
2243 5840 2297 5893 γ,
2338 5826 2421 5901 lg.
2499 5822 2695 5901 ’.ᾔρει-ιι.
2724 5837 2775 5885 v,
2806 5822 2897 5874 23.
3024 5820 3404 5901 Μειιιιιηγείβ.
3476 5819 3494 5848 '
3527 5815 3687 5901 Haloti-1.

499 5933 578 5980 ut,
615 5880 1030 5985 lm'vh’lalttb.
1061 5880 1349 5975 nili-'58":
1383 5880 1437 5938 νδ
1460 5880 1763 5970 iniiinii
1783 5880 1864 5958 ’i‘.’
1890 5880 2021 5977 :l'l

2126 5880 2328 5965 ιζωὶ,
2359 5896 2448 5953 54.
2542 5896 2582 5927 ¹¹
2619 5880 2780 5950 Joan.
2812 5907 2896 5960 ιιι,
2962 5888 3014 5945 4.
3128 5893 3171 5923 ³³
3207 5890 3406 5945 Matth.
3462 5902 3566 5985 ut,
3610 5880 3686 5936 94.

502 5988 544 6019 ⁸³
574 5985 735 6044 ioan.
765 5998 880 6047 xvt.
921 5980 1009 6036 15.
