3920 6558
2366 162 2404 201 ο

149 339 241 399 585
1111 352 1195 412 ΡΑ
1207 352 1480 413 NOPLIA
1520 355 1665 417 DOG

1771 357 1972 421 .TlCA.
2016 384 2082 396 -
2115 360 2264 425 ΤΙΤ.
2294 364 2394 426 Χῐ.
3257 376 3361 434 εδδ

144 479 209 548 τῷ
237 478 342 548 Υίῷ
383 480 531 551 παρά
576 481 669 535 τοῦ
714 483 945 555 Πατρός.
989 486 1126 540 Καθ’
1156 489 1187 540 ὃ
1228 490 1320 543 καὶ
1352 490 1569 560 λέγεται
1598 506 1670 548 κα

1777 492 1993 545 modum
2028 507 2216 547 rursus
2246 496 2449 559 omnia1
2477 508 2595 564 qua:
2618 495 2809 563 Filius,
2840 495 3040 556 Patris.
3071 498 3356 571 Niltiiergo

140 571 191 623 τό
210 588 222 602 ’
264 570 404 638 Ἐγὼ
428 570 500 631 ζῶ
520 572 618 627 διὰ
635 574 745 628 τὸν
765 577 998 646 Πατέρα
1015 596 1029 610 ο
1083 580 1182 650 οὐχ
1214 581 1289 644 ὡς
1315 582 1523 636 ἐκεῖθεν
1542 585 1671 658 αὑτᾷ

1776 585 2065 653 peculiare,
2097 587 2221 655 quia
2278 588 2586 643 communia
2641 592 2862 655 omnia,
2918 570 3355 663 quandoquidem

141 662 219 716 τοῦ
242 662 355 732 ζῇν,
395 663 489 716 καὶ
522 665 618 718 τοῦ
652 663 791 721 εἶναι
826 673 1203 742 συνεχομένου,
1245 675 1360 728 ἀλλ’
1385 675 1460 740 ὡς
1482 677 1671 731 ὲκεῖθεε

1776 678 1952 747 ipsum
1981 693 2198 749 quoque
2220 694 2363 742 esse,
2394 696 2679 735 commune
2718 692 2882 751 atque
2910 685 3117 752 ωιιιιιιιο
3140 697 3218 741 est
3255 686 3355 756 ipsi

142 756 452 825 ὑπάρχοντος
502 758 748 829 ἀχρόνως
793 763 888 816 καὶ
933 764 1206 831 ἀναιτίως.
1262 768 1455 822 Βλέπει
1498 768 1555 822 δὲ
1592 769 1671 831 τδι

1776 786 1897 825 cum
1935 771 2115 835 Patre,
2156 773 2281 827 licet
2310 773 2511 843 alioqui
2551 775 2650 828 hoc
2688 789 2716 826 a
2756 775 2912 829 Patre
2950 777 3354 833 Filiusltabeat.

143 848 336 920 Πατέρα
370 850 643 917 ποιοῦντα,
685 854 816 919 πῶς,
842 857 937 910 καὶ
984 857 1126 914 οὑτω
1171 864 1341 928 ποιεῖ;
1392 858 1502 933 ἆρα
1539 862 1666 926 ὼςο

1778 864 1896 931 Quo
1918 865 2085 921 etiam
2113 880 2273 922 sensu
2304 867 2507 920 dictum
2538 876 2647 920 est:
2687 866 2795 939 Ego
2846 869 2956 922 vivo
2990 880 3204 938 propter
3246 872 3357 924 Pa-

143 939 221 1030 τάς
248 938 453 1007 μορφὰς
474 940 795 1011 γράφοντες,
829 947 924 1000 καὶ
951 947 1019 1001 τὰ
1051 950 1370 1021 γράμματα,
1407 950 1495 1006 διὰ
1520 953 1579 1005 τὸ
1612 953 1671 1023 μί

1778 965 1908 1011 trem
1969 960 2143 1024 ’;non
2174 958 2313 1029 quod
2347 960 2415 1011 ab
2448 958 2536 1012 illo
2561 959 2727 1027 ipsius
2784 963 2891 1015 vita
2932 973 3095 1030 atque
3117 963 3354 1016 esaentia

144 1026 260 1085 εἶναι
310 1032 401 1101 τῆς
444 1033 699 1104 ἀληθείας
743 1036 915 1102 ἄλλως
967 1040 1264 1111 ἐπιτυχεῖν,
1315 1045 1363 1097 εἰ
1424 1045 1498 1113 μὴ
1551 1043 1686 1115 πρὸς

143 1122 189 1173 t6
224 1120 521 1190 ἀρχέτυπον
569 1124 883 1196 βλέποντας,
936 1132 1189 1185 κάκεῖθεν
1240 1134 1688 1205 χειραγωγουμέ-

1777 1049 2129 1111 sustineatur,
2167 1066 2350 1105 verum
2377 1052 2518 1117 quod
2549 1067 2613 1106 ex
2649 1052 2738 1105 illo
2763 1055 2894 1106 citra
2945 1062 3155 1120 tempus
3188 1053 3356 1107 ullum

1775 1149 1937 1208 atque
1965 1154 2187 1195 causam
2250 1143 2498 1196 exsistat.
2560 1142 2666 1197 Sed
2699 1144 2970 1212 quomodo
3029 1143 3155 1197 illml
3212 1143 3358 1199 acci-

143 1222 241 1266 νονς
272 1228 285 1277 ;
449 1209 561 1262 Καὶ
588 1210 704 1272 πῶς
739 1213 770 1282 ή
817 1215 984 1282 Σοφία
1028 1217 1197 1270 δεῖται.
1222 1220 1314 1271 τοῦ
1342 1221 1677 1287 διδάξοντοςς

144 1298 167 1365 ἢ
189 1296 241 1348 οὑ
263 1298 469 1361 ποιήσει
496 1316 549 1352 τι
585 1314 659 1372 μη
690 1302 1041 1377 διδασκομένη
1063 1324 1077 1373 ;
1106 1310 1255 1364 Ποιεῖ
1280 1312 1337 1365 δὲ
1368 1313 1486 1377 πῶς
1511 1316 1539 1367 6
1573 1316 1683 1367 Πα-

143 1390 301 1459 τὴρ,ἢ
334 1393 660 1463 πεποίηκεν;
694 1392 837 1468 τΑρα
867 1400 1022 1455 ἄλλον
1062 1405 1441 1476 προὺπέστησε
1480 1408 1684 1479 κόσμον

143 1482 243 1533 ἀντὶ
262 1482 348 1535 τοῦ
375 1485 660 1554 παρόντος,
707 1489 802 1540 καὶ
835 1490 1126 1564 ὑποστήσει
1151 1497 1241 1549 τὸν
1278 1498 1558 1568 μέλλοντα,
1588 1501 1683 1553 καὶ

141 1572 258 1639 πρὸς
292 1573 466 1627 ἐκεῖνα
504 1575 715 1645 βλέπων
741 1582 769 1633 6
810 1582 958 1647 Υἱὸς,
1008 1586 1097 1638 τὸν
1146 1589 1244 1658 μὲν
1276 1591 1567 1662 ὑπέστησε,
1590 1593 1681 1645 τὸν

140 1661 185 1713 δὲ
217 1664 525 1735 ὑποστήσεκ
562 1669 834 1742 Τέσσαρες
873 1671 966 1727 οὖν
1019 1677 1214 1747 κόσμοι
1407 1661 1549 1735 κατὰ
1587 1684 1681 1735 τὸν

140 1755 274 1863 λόγον
298 1756 498 1821 τοῦτον,
538 1763 587 1812 οἱ
625 1762 722 1831 μὲν
768 1765 1000 1836 Πατρὸς,
1035 1770 1083 1820 οἱ
1125 1769 1181 1821 δὲ
1217 1771 1347 1824 Υἱοὺ
1377 1775 1676 1843 ποιήματα.
1707 1809 1748 1863 Β

141 1847 196 1897 Ὢ
218 1846 304 1915 τῆς
334 1849 553 1917 ἀλογίας
578 1855 592 1905 ι
781 1855 1050 1929 Καθαίρει
1091 1860 1147 1912 δὲ
1176 1860 1401 1932 λέπρας,
1434 1864 1528 1916 καὶ
1561 1865 1678 1918 δαι-

141 1938 310 2006 μόνων,
337 1941 429 1994 καὶ
460 1942 630 1995 νόσων
655 1945 981 2000 ἀπαλλάττει
1025 1984 1041 2007 ,
1184 1952 1277 2004 καὶ
1308 1951 1561 2015 ζωοποιεῖ
1588 1971 1678 2007 νε·-

138 2028 299 2097 κροὺς,
350 2029 442 2082 καὶ
483 2031 622 2102 ὑπὲρ
667 2033 939 2107 Θαλάσσης
968 2036 1161 2103 ὁδεύει,
1203 2040 1297 2094 καὶ
1334 2042 1504 2095 τᾶλλα
1536 2046 1679 2097 ποιεῖ

136 2118 222 2170 ὅσα
250 2121 559 2191 πεποίηκεν,
595 2124 686 2176 ἐπὶ
716 2126 881 2191 τίνος,
916 2128 948 2198 ἢ
982 2129 1110 2181 πότε
1148 2130 1239 2183 τοῦ
1266 2132 1481 2203 Πατρὸς
1508 2134 1678 2188 ταῦτα

136 2210 639 2279 προενεργήσαντος;
669 2215 739 2266 Ἢ
765 2215 943 2283 δῆλοι,
977 2218 1185 2271 ὅτιτῶν
1223 2220 1399 2274 αὑτῶν
1421 2225 1676 2294 πραγμά-

134 2316 227 2350 των
258 2301 375 2364 τοὺς
404 2302 608 2366 τύπους
637 2307 1020 2377 ἐνσημαίνεται
1052 2310 1149 2379 μὲν
1187 2313 1215 2364 6
1246 2312 1456 2384 Πατὴρ,
1494 2315 1675 2368 ἐπιτε-

135 2390 209 2442 λεῖ
227 2391 275 2444 δὲ
302 2395 329 2446 6
364 2395 556 2463 Λόγος,
586 2398 647 2450 οὑ
675 2398 956 2465 δουλικῶς,
983 2402 1102 2455 οὑδὲ
1126 2403 1375 2473 ἀμαθῶς,
1413 2405 1526 2459 ἀλλ’
1550 2409 1668 2459 ἑπι-

134 2485 444 2552 στημονικῶς
489 2504 549 2540 τε
600 2492 696 2542 καλ⁸
731 2489 1083 2559 δεσποτικῶς,
1111 2495 1206 2547 καὶ
1244 2496 1567 2569 οίκειότερον
1596 2500 1672 2552 εί-

134 2578 253 2639 πεῖν,
282 2580 555 2652 πατρικῶς
573 2598 586 2647 ;
614 2583 769 2638 Οὕτω
798 2586 905 2657 γὰρ
921 2587 1030 2655 ἐγὼ
1045 2588 1268 2660 ᾷέχομαι
1290 2590 1370 2651 τὸ,
1389 2591 1537 2659 ἅπερ
1554 2591 1676 2645 ὑπὸ

132 2666 224 2718 τοῦ
246 2671 464 2737 Πατρός
495 2674 747 2741 γίνεται,
788 2677 973 2731 ταῦτα
1009 2681 1107 2735 καὶ
1144 2681 1251 2735 τὸν
1289 2680 1425 2735 T167-
1457 2684 1672 2751 ὁμοίως

133 2760 332 2813 ποιεῖν*
362 2763 420 2815 οὑ
450 2763 591 2818 κατά
618 2766 714 2838 τὴν
745 2768 851 2823 τῶν
894 2771 1191 2841 γινομένων
1230 2773 1507 2843 ὁμοίωσιν,
1536 2774 1673 2827 ἀλλά

135 2851 249 2903 κατά
280 2853 373 2923 τὴν
548 2860 646 2928 τῆς
672 2858 919 2926 ἐξουσίας
947 2865 1235 2934 ὁμοτιμίαν
1255 2881 1267 2891 ·
1307 2868 1401 2920 καὶ
1428 2866 1585 2920 τοῦτο
1606 2867 1674 2921 ἂν

134 2942 199 3009 εἴη
220 2944 289 3007 τὸ,
310 2945 414 3009 ἕως
446 2948 570 3019 ἄρτι
597 2951 691 3003 καὶ
722 2952 813 3004 τὸν
840 2954 1059 3025 Πατέρα
1085 2956 1433 3025 ἐργάζεσθαι,
1466 2958 1671 3012 καὶτὸν

135 3029 265 3086 Υἱὸν·
291 3036 348 3087 οὑ
382 3037 541 3107 μόνον
571 3039 648 3103 δὲ,
674 3042 810 3095 ἀλλά
841 3045 933 3096 καὶ
957 3046 1077 3115 τὴν,
1105 3040 1179 3099 ὧν
1323 3047 1620 3118 πεποίηκεν
1653 3088 1670 3114 9

1783 1224 2077 1293 piendum,
2114 1227 2257 1297 quod
2310 1227 2525 1281 Patrem
2581 1226 2865 1280 facientem
2904 1228 3087 1280 videre
3135 1227 3350 1291 dicitur,

1782 1326 1943 1388 atque
2000 1320 2074 1374 ita
2128 1319 2309 1374 facere
2357 1317 2421 1370 "I
2470 1333 2535 1371 an
2595 1319 2767 1387 utqui
2803 1319 3004 1373 formas
3051 1334 3115 1372 ac
3144 1318 3353 1375 litteras

1781 1410 2030 1479 pingunt,
2069 1424 2133 1466 eo
2161 1411 2302 1480 quod
2324 1410 2600 1463 veritatem
2624 1410 2783 1463 aliter
2812 1411 3028 1480 assequi
3058 1421 3348 1479 nequeant,

1784 1501 1885 1555 nisi
1935 1501 2213 1570 exemplar
2262 1516 2416 1554 suum
2469 1502 2799 1565 intueantur,
2834 1511 2993 1569 atque
3040 1501 3160 1555 imle
3208 1501 3353 1554 velut

1780 1607 1941 1645 manu
1968 1592 2269 1646 ducantur?
2300 1592 2399 1658 Qui
2424 1606 2553 1646 vero
2574 1592 2823 1660 quadrat,
2859 1602 2915 1644 ut
2941 1590 3214 1660 Sapientia
3235 1606 3353 1644 ma-

1779 1683 1945 1751 gistro
1990 1696 2123 1751 opus
2174 1682 2405 1737 habeat?
2477 1684 2679 1737 nihilne
2725 1682 2938 1748 elliciet,
2987 1682 3091 1736 nisi
3121 1683 3351 1737 edocta?

1779 1770 2224 1843 Quid,.jPaterne
2291 1772 2495 1841 aliquid
2558 1772 2709 1837 facit,
2784 1780 2877 1826 aut
2916 1771 3084 1827 fecit?
3152 1770 3341 1829 Utrum

1782 1862 1993 1917 tandem
2054 1861 2215 1915 alium
2304 1862 2557 1916 mundum
2627 1870 2750 1915 ante
2832 1862 2977 1915 hunc
3058 1874 3351 1926 coagmen-

1781 1951 1935 2016 tavit,
1972 1958 2139 2019 atque
2171 1949 2334 2002 alium
2371 1965 2560 2005 rursus
2590 1949 2641 2003 iu
2674 1958 2953 2018 posterum
3002 1961 3350 2019 coagmenta-

1778 2042 1878 2105 bit,
1909 2055 2043 2109 quos
2069 2039 2239 2094 Filius
2260 2040 2365 2094 sibi
2393 2050 2519 2095 ante
2542 2040 2729 2095 oculos
2752 2053 3081 2109 proponens,
3114 2038 3346 2093 alterum

1776 2132 1991 2201 quidem
2012 2132 2120 2198 jam
2153 2132 2548 2198 procreaverit,
2578 2131 2805 2184 alterum
2828 2139 3004 2184 autem
3028 2140 3345 2200 procreatu-

1779 2237 1873 2278 rus
1906 2222 2013 2277 sit?
2048 2223 2293 2291 Quatuor
2318 2225 2449 2292 ergo
2481 2224 2581 2277 hac
2608 2224 2816 2276 ratione
2844 2222 3218 2285 mundierunt,
3240 2226 3346 2278 duo

1774 2331 1803 2369 a
1836 2315 2016 2380 Patre,
2078 2317 2186 2371 duo
2226 2332 2255 2370 a
2311 2314 2450 2369 Filio
2517 2314 2734 2369 effecti?
2773 2312 2818 2369 Ο
2852 2315 3098 2385 supinam
3158 2330 3344 2369 vecor-

1773 2411 1953 2465 diam!
1985 2414 2119 2478 Age,
2159 2425 2282 2466 cum
2326 2410 2505 2479 lepras
2556 2416 2768 2478 purgat,
2812 2408 3082 2463 dtemoues
3115 2417 3166 2462 et
3194 2425 3343 2462 inor-

1777 2504 1873 2558 bos
1901 2503 2171 2572 proﬂigat,
2210 2511 2454 2558 mortuos
2483 2501 2548 2554 ad
2595 2501 2755 2553 vitam
2806 2510 3043 2564 revocat,
3077 2516 3225 2555 mare
3254 2517 3348 2571 pe-

1778 2596 1935 2649 dibus
1964 2603 2245 2664 peragrat,
2308 2593 2523 2662 aliaque
2553 2593 2734 2646 omnia
2791 2590 2939 2654 facit,
2990 2592 3042 2644 in
3075 2607 3183 2661 quo
3220 2602 3343 2646 tan-

1778 2686 1917 2750 dem,
1949 2694 2039 2740 aut
2063 2686 2276 2755 quando
2309 2685 2471 2738 Pater
2505 2685 2620 2738 [nec
2645 2693 2768 2738 ante
2797 2683 2963 2738 fecit?
3001 2684 3187 2739 Nonne
3225 2700 3344 2753 per-

1780 2780 2026 2848 spicuum
2060 2787 2165 2842 est,
2193 2778 2509 2831 earumdem
2541 2791 2718 2829 rerum
2746 2775 2947 2829 formas
2976 2789 3005 2828 a
3036 2774 3191 2829 Patre
3217 2777 3341 2845 qui-

1776 2873 1897 2924 dem
1930 2869 2073 2926 velut
2102 2869 2393 2938 designari,
2426 2884 2455 2921 a
2487 2866 2623 2921 Filio
2664 2877 2841 2921 autem
2864 2867 3074 2936 peragi,
3103 2882 3343 2922 nouser-

1773 2962 1955 3016 viliter
1985 2974 2149 3030 atque
2180 2962 2415 3026 indocte,
2445 2961 2538 3015 sed
2569 2960 2739 3028 perite
2768 2970 2821 3014 et
2855 2960 3121 3025 lteriliter,
3155 2971 3338 3029 atque,

1776 3061 1833 3106 ut
1860 3051 2037 3120 aptius
2066 3052 2274 3120 loquar,
2309 3052 2581 3118 paterno?
2619 3049 2676 3103 ln
2710 3050 2854 3105 hunc
2897 3051 3095 3120 quippe
3121 3066 3337 3105 sensum

131 3123 405 3195 οἰκονομίαν
426 3147 486 3182 τε
498 3131 602 3198 ,καὶ
628 3134 973 3206 συντήρησιν,
996 3137 1070 3200 ὡς
1092 3138 1241 3207 δηλοῖ
1267 3139 1347 3204 τὸ,
1377 3142 1669 3195 ποιεῖσθαι

1774 3143 1935 3195 verba
1968 3142 2079 3195 haec
2110 3142 2317 3209 accipio
2344 3159 2359 3196 :
2397 3141 2730 3207 Quwcunque
2772 3140 2934 3196 Pater
2965 3141 3114 3209 facit,
3157 3142 3340 3195 cadent

132 3215 247 3281 τοὺς
260 3218 547 3288 ἀγγέλους
562 3225 746 3278 αὐτοῦ
770 3228 1095 3296 πνεύματα,
1117 3231 1233 3293 καὶ,
1252 3234 1668 3300 θεμελιοῦσθαι

1771 3240 1816 3282 et
1840 3227 2015 3281 Filius
2039 3229 2282 3282 similiter
2297 3230 2430 3294 facit
2484 3231 2535 3294 3;
2561 3244 2665 3285 non
2691 3230 2831 3298 quod
2852 3231 3042 3285 similia
3062 3231 3168 3285 sint
3202 3233 3338 3284 utri-

132 3304 223 3370 τὴν
234 3307 341 3376 γῆν
353 3311 451 3363 ἐπὶ
465 3313 581 3381 τὴν
598 3315 937 3383 ἀσφάλειαν
955 3318 1146 3387 αὐτῆς
1164 3338 1178 3351 ·
1199 3321 1345 3386 ἅπαξ
1359 3322 1670 3394 ἡδρασμένα

129 3410 177 3446 τε
205 3398 288 3449 καὶ
313 3402 579 3472 γενόμενα
599 3421 613 3436 '
649 3407 744 3458 καὶ
767 3406 1117 3478 στερεοῦσθαι
1157 3409 1403 3481 βροντὴν,
1428 3410 1522 3464 και
1552 3412 1671 3465 κτί-

130 3482 286 3547 ξεσθαι
317 3491 550 3563 πνεῦμα,
581 3491 657 3550 ὧν
700 3498 846 3562 ἅπαξ
897 3499 995 3570 μὲν
1042 3503 1072 3554 6
1096 3500 1252 3569 λόγος
1285 3502 1515 3573 ὑπέστη,
1545 3521 1671 3557 συν-

129 3580 236 3651 εχὴς
259 3582 311 3636 δὲ
335 3587 426 3639 καὶ
451 3587 545 3641 νῦν
584 3591 615 3661 ἡ
647 3592 910 3664 ἐνέργεια.

1769 3336 1939 3390 usque
1963 3334 2149 3387 opera,
2186 3320 2281 3374 sed
2312 3321 2455 3388 quod
2511 3335 2606 3390 par
2666 3322 2738 3376 sit
2791 3322 3072 3392 utriusque
3099 3332 3339 3391 potestas

1766 3423 1933 3480 atque
1961 3413 2293 3479 auctoritas;
2348 3420 2515 3482 atque
2556 3412 2660 3468 hoc
2717 3413 2949 3470 fortasse
2999 3428 3123 3470 esse
3142 3425 3335 3505 quasi,

1766 3504 1911 3575 quod
1947 3515 2003 3559 et
2037 3503 2197 3559 Pater
2231 3517 2403 3573 usque
2429 3505 2589 3560 modo
2617 3506 2828 3575 aperari
2881 3506 3097 3573 dicitur,
3144 3503 3200 3561 et
3245 3505 3338 3560 νι-

1767 3596 1871 3652 lius
1924 3596 1946 3628 ⁸
1971 3613 1985 3663 ;
2016 3611 2121 3651 ιιοιι
2148 3608 2329 3650 autem
2362 3597 2463 3651 hoc
2493 3597 2756 3654 duntaxat
2787 3599 3024 3665 nomine,
3053 3600 3148 3653 sed
3166 3599 3331 3655 etiam

136 3675 318 3728 ratione
349 3679 754 3745 gubernationis
779 3694 832 3738 et
855 3686 1283 3741 ronservationis
1305 3701 1513 3753 eorum,
1537 3704 1656 3759 quae
1694 3690 1834 3744 facta
1863 3696 2011 3751 sunt,
2070 3694 2129 3741 ut
2178 3688 2385 3744 indicat
2415 3689 2585 3744 illud:
2625 3692 2730 3757 Qui
2776 3689 2901 3760 facit
2948 3691 3159 3761 angelos
3209 3707 3334 3745 suos

129 3766 312 3832 spiritus
359 3771 413 3836 ες
449 3780 525 3836 et,
567 3771 670 3837 Qui
716 3774 905 3843 fundat
957 3785 1148 3831 terram
1187 3793 1343 3845 super
1390 3780 1727 3834 stabilitatem
1788 3780 1838 3833 ἰ
1905 3793 2025 3833 cum
2083 3774 2249 3833 semel
2315 3790 2368 3834 et
2410 3780 2526 3835 haec
2602 3782 2812 3835 firmata
2866 3789 3029 3851 atque
3079 3783 3313 3847 stabilita

132 3858 205 3921 sit,
236 3872 283 3915 et
312 3861 381 3916 illi
411 3862 852 3932 procreati.'Quo
875 3867 1037 3922 etiam
1083 3871 1356 3937 pertinet:
1421 3873 1564 3940 quod
1635 3871 1851 3926 lli-mare
1908 3871 2112 3925 tonitru
2174 3870 2376 3925 dicitur
2420 3872 2463 3938 ',
2494 3882 2548 3927 et
2598 3883 2813 3927 ventum
2844 3888 3035 3930 creare
3102 3876 3157 3929 ἐ
3196 3891 3334 3944 quo-

132 3961 226 4001 rum
250 3952 352 4018 ipsa
380 3953 595 4020 quidem
622 3956 762 4010 ratio
795 3959 963 4012 semel
991 3962 1204 4015 condita
1253 3971 1359 4028 est,
1406 3972 1657 4018 caeterum
1700 3978 1842 4018 nunc
1865 3975 2078 4032 quoque
2101 3971 2358 4031 perpetua
2398 3963 2481 4019 vis
2509 3973 2594 4019 est
2627 3979 2689 4018 ac
2723 3964 2975 4021 facultas.

302 4042 562 4113 Ἐὀόομον
614 4045 855 4114 λεγέσθω
887 4049 949 4102 τὸ
986 4052 1419 4123 καταϐεϐηκέναι
1464 4056 1528 4108 ἐκ
1568 4053 1663 4107 τοῦ

126 4125 320 4196 οὐρανοῦ
350 4131 441 4184 τὸν
473 4133 621 4196 Υἱὸν,
655 4134 753 4205 οὐχ
796 4136 882 4191 ἵνα
922 4141 1046 4210 ποιῇ
1090 4140 1150 4192 τὸ
1182 4140 1391 4211 θέλημα
1434 4143 1495 4196 τὸ
1537 4144 1663 4197 ἑαυ-

126 4215 219 4281 τοῦ,
251 4218 378 4272 ἀλλὰ
415 4222 478 4273 τὸ
518 4221 614 4275 τοῦ

1986 4054 2287 4127 Septimum
2319 4055 2647 4125 proferatur,
2704 4058 2846 4127 quod
2891 4058 3058 4116 Filius
3102 4076 3134 4117 e
3194 4066 3331 4121 celo

1765 4148 2111 4203 descendisse
2141 4148 2361 4214 dicitur,
2404 4164 2508 4203 non
2537 4158 2595 4204 ut
2616 4150 2951 4207 voluntatem
3175 4171 3329 4212 suam

807 4226 1139 4296 πέμψαντος.
1190 4231 1252 4283 El
1300 4232 1400 4302 μὲν
1444 4230 1539 4287 οὖν
1587 4234 1660 4306 μὴ

1771 4237 1944 4306 faciat,
1976 4238 2071 4292 sed
2100 4236 2218 4307 ejus
2276 4254 2306 4292 a
2347 4254 2455 4308 quo
2514 4239 2714 4295 missus
2740 4247 2823 4296 est
2874 4242 2917 4295 ⁸.
2963 4242 3110 4300 Sane
3132 4247 3234 4301 nisi
3262 4253 3331 4304 ab

127 4308 253 4375 παρηά
274 4309 363 4362 τοῦ
395 4312 818 4385 κατεληλυθότος
847 4317 1011 4371 αὑτοῦ
1040 4318 1210 4373 ταῦτα
1242 4321 1479 4390 ἐλέγετο,
1514 4323 1660 4377 εῖπο-

1771 4328 1852 4382 illo
1878 4328 2017 4398 ipso,
2044 4329 2137 4398 qui
2159 4329 2455 4394 descendit,
2490 4330 2576 4385 hic
2600 4345 2780 4387 sermo
2807 4333 3119 4403 haberetur,
3146 4339 3332 4395 dicere

130 4414 206 4463 μεν
231 4400 289 4452 ἂν
316 4401 387 4464 ὡς
412 4405 562 4476 παρά
589 4406 682 4459 τοῦ
717 4407 1004 4478 ἀνθρώπου
1043 4411 1345 4465 τυποῦσθαι
1367 4413 1457 4466 τὸν
1479 4414 1656 4483 λόγον,

1759 4431 2057 4485 possemus,
2092 4418 2205 4472 hmc
2236 4418 2399 4473 verba
2434 4419 2579 4473 velut
2611 4423 2679 4475 ab
2712 4421 2931 4479 homine
2951 4427 3329 4496 exprimi,non

127 4488 172 4584 οὗ
203 4490 284 4542 τοῦ
311 4496 449 4546 κατὰ
488 4496 577 4548 τὸν
609 4496 836 4566 Σωτῆρα
860 4502 1147 4570 νοουμένου
1180 4502 1274 4572 (τὸ
1301 4503 1410 4574 γὰρ
1449 4504 1657 4557 ἐκείνου

1775 4508 1864 4577 qui
1896 4509 1961 4562 de
1993 4507 2273 4563 Salvatore
2303 4509 2634 4580 intelligatur
2668 4511 2835 4581 (illius
2876 4488 3321 4584 enim-voluntas,

127 4574 268 4633 εὒειν
294 4583 411 4636 οὐδὲ
448 4585 761 4640 ὑπεναντίον
790 4588 928 4659 Θεῷ,
965 4589 1163 4646 θεωθὲν
1203 4591 1342 4664 ὅλον)
1390 4592 1525 4647 ἀλλά
1561 4594 1656 4649 τοῦ

1771 4574 1878 4653 :um
1914 4607 2022 4653 tota
2059 4600 2311 4655 dciticata
2334 4600 2426 4664 sit,
2470 4574 2579 4656 ὗεο
2607 4574 2795 4671 procul
2818 4605 2981 4662 dubio
3000 4623 3106 4663 non
3133 4574 3328 4667 adver:

126 4669 221 4721 καθ’
243 4674 401 4744 ἡμᾶς,
447 4676 524 4738 ὡς
573 4677 668 4730 τοῦ
716 4678 1053 4750 ἀνθρωπίνου

1248 4684 1548 4757 θελήματος
1592 4687 1653 4740 οὑ

1771 4688 1959 4761 satur);
1999 4692 2092 4745 sed
2152 4691 2243 4761 qui
2304 4701 2502 4746 nostra:
2567 4694 2898 4751 conditionis
2940 4698 3030 4753 sit.
3076 4698 3339 4757 Humana,

125 4758 305 4827 πάντως
355 4767 619 4837 ἑπομένου
656 4769 733 4841 τῷ
775 4771 922 4843 θείῳ,
968 4773 1082 4827 ἀλλ’
1114 4776 1545 4844 ἀντιπίπτοντος,
1579 4781 1655 4845 ὡς

1771 4758 1951 4851 ιυῑρρε
1972 4758 2219 4837 voluntas
2251 4782 2485 4836 divinam
2515 4798 2621 4837 non
2649 4786 2911 4843 cuntinuo
2939 4791 3204 4860 sequitur,
3227 4809 3323 4848 ve.

122 4850 175 4947 τὰ
198 4855 370 4919 πολλὰ,
401 4860 497 4912 καὶ
525 4860 984 4927 ἀντιπαλαίοντος.
1014 4867 1122 4920 Καὶ
1145 4868 1252 4940 γὰρ
1286 4871 1461 4925 ἐκεῖνο
1483 4871 1654 4936 οὑτως

1771 4850 1871 4926 tum
1891 4881 1945 4925 ιιι
1961 4873 2245 4941 plurimum
2262 4873 2310 4928 ei
2326 4874 2698 4947 resistitatque
2709 4850 3172 4939 obluctaturZNsm
3190 4850 3322 4943 illud

123 4938 383 5027 ἐνοήσαμεν
418 4950 478 5002 τό
502 4967 517 4980 ⁸
546 4951 759 5020 Πάτερ,
794 4956 847 5007 εί
877 4954 1157 5019 δυνατὸν,
1186 4938 1521 5027 παρελθέτω
1551 4962 1651 5016 ἀπ’

122 5026 237 5095 ἐμοῦ
258 5035 318 5087 τὸ
347 5038 635 5106 ποτήριον
664 5042 840 5096 τοῦτο
860 5059 873 5071 '
903 5043 1072 5113 πλὴν
1109 5048 1222 5116 οὐχ
1323 5048 1438 5117 ἐγὼ
1475 5050 1648 5115 θέλω,

123 5119 250 5178 ἀλλὰ
280 5129 341 5181 τό
371 5131 488 5184 σὸν
509 5133 765 5201 ισχυέτω
787 5135 1033 5205 θέλημα.
1071 5136 1207 5192 Οὔτε
1244 5140 1373 5211 γὰρ,
1411 5143 1459 5194 εἰ
1493 5143 1647 5196 δυναο

120 5210 261 5306 fimi}
294 5222 390 5293 μὴ,
428 5223 588 5276 τοῦτο
624 5225 836 5293 ἀγνοεῖν
868 5229 1070 5282 ἐκεῖνον
1102 5230 1269 5295 εἰκὸς,
1304 5210 1427 5287 οὔτε
1453 5234 1531 5306 τῷ
1559 5235 1648 5288 θε-

120 5299 283 5374 λήματι
326 5314 698 5389 ἀντεισφέρειν
741 5318 801 5370 τὺ
839 5318 1068 5391 θέλημα.
1118 5322 1270 5375 Ἐπεὶ
1309 5324 1404 5386 δὲ,
1502 5299 1513 5306 Ι
1573 5327 1647 5393 ὼς

120 5398 239 5483 πῖαρνᾶ
264 5401 352 5453 τοῦ
384 5405 779 5474 προσλαϐόντος
810 5410 838 5460 6
863 5407 1018 5477 λόγος
1057 5409 1234 5474 (τοῦτο
1266 5409 1376 5483 γὰρ
1423 5412 1484 5465 τὸ
1517 5431 1648 5466 κατ-

118 5481 373 5575 εληλυθὸς),
384 5494 445 5547 οὑ
460 5492 552 5548 τοῦ
570 5496 771 5569 προσλή
781 5514 1009 5568 μματος,
1023 5499 1192 5565 οὕτως
1204 5481 1646 5575 ἀπαντησόμεθαο

117 5574 190 5645 οὔχ
215 5580 282 5645 ὡς
312 5585 461 5650 ὄντος
515 5587 643 5640 ἰδίου
690 5588 785 5642 τοῦ
836 5589 968 5644 Υίοῦ
1169 5592 1468 5665 θελήματος
1492 5574 1647 5668 παρά

1759 4979 1977 5032 quoque
2008 4964 2200 5019 eodem
2229 4964 2389 5019 modo
2413 4964 2804 5037 intelligimus:
2840 4969 3031 5038 Pater,
3069 4976 3117 5029 si
3146 4980 3323 5045 possi-

1753 5057 1856 5109 bile
1892 5067 1989 5122 est,
2016 5064 2251 5111 transeat
2287 5074 2319 5110 a
2345 5072 2426 5111 me
2469 5059 2612 5113 calix
2660 5063 2793 5126 iste;
2837 5077 3185 5123 verumtamen
3219 5088 3322 5126 non

1750 5163 1886 5213 mea,
1918 5151 2008 5201 sed
2041 5158 2131 5201 tua
2164 5148 2403 5204 voluntas
2431 5153 2602 5205 vincat
2634 5154 2697 5207 ¹⁶.
2738 5154 2922 5225 Neque
2947 5160 3093 5214 enim
3142 5165 3321 5229 possi-

1756 5238 1863 5293 bile
1898 5249 2061 5303 esset,
2095 5254 2266 5294 necne
2315 5241 2490 5311 ipsum
2541 5243 2822 5309 ignorasse
2871 5250 3167 5306 verisimile
3213 5266 3316 5317 est,

1758 5343 1855 5381 nec
1881 5328 2147 5391 voluntati
2181 5328 2508 5384 voluntatem
2534 5334 2870 5401 opposuisse.
2922 5334 3027 5394 Sed
3063 5341 3318 5409 quoniam

1758 5419 2266 5489 p:irtisillius,qu.n
2311 5423 2607 5489 assumpsit
2658 5424 2783 5494 (hoc
2830 5429 2975 5484 enim
3017 5440 3121 5494 est,
3174 5434 3320 5500 quod

1751 5510 2074 5579 descendit),
2109 5526 2214 5566 non
2245 5522 2423 5565 autem
2450 5515 2623 5583 partis
2652 5528 2959 5589 assumptus,
3014 5522 3099 5578 hic
3130 5537 3313 5580 sermo

1760 5610 1866 5665 est,
1901 5602 1967 5655 ad
2010 5603 2151 5658 hunc
2182 5608 2395 5662 modum
2430 5611 2866 5679 respondebimus
2899 5630 2913 5667 :
2953 5615 3067 5672 haec
3106 5633 3210 5673 non
3242 5620 3317 5675 ita

116 5737 135 5773 ι
162 5679 578 5785 ίὲξξξιηςηνιλξδο
614 5693 1056 5785 ,ι’ίξρξησμγ,
1129 5700 1441 5785 133.
1515 5704 1537 5735 ⁵
1569 5702 1711 5785 Ibid.
1737 5706 1823 5763 11.
1899 5708 1922 5741 ⁸
1954 5709 2097 5766 Psal.
2142 5725 2257 5776 cm,
2292 5710 2344 5766 4.
2412 5713 2431 5744 ⁸
2464 5713 2600 5771 ibid.
2631 5713 2685 5770 5.
2766 5716 2786 5747 '
2819 5716 2923 5771 Job
2966 5732 3196 5785 xxxvttt,
3226 5718 3321 5781 25.

158 5746 301 5811 Amos
342 5778 412 5817 tv.
450 5746 536 5816 ιζ’).
614 5763 634 5794 ⁵
662 5746 1056 5829 ιὸειιῖῗνίξ
1129 5746 1698 5841 to'tvt'Jt'tIT."}m,"§§L

391 5857 657 5919 PATROL.
706 5860 820 5921 Gn.
860 5862 1116 5924 CXXX.

2895 5885 2968 5946 19
