3920 6574
143 368 227 429 539

1088 370 1462 430 PANOPLIA
1508 369 1971 432 DOGMATICA.
1996 392 2065 409 -ν
2098 369 2247 431 ΤΙΤ.
2280 368 2394 435 ΧΙ.

3354 209 3376 248 l

3249 363 3356 429 590

142 494 290 550 Σαοὺλ
311 488 552 562 περὶτοῦ
590 487 751 541 Δαϐὶδ
787 487 1061 555 λέγοντο;”
1096 488 1189 539 καὶ⁸
1222 487 1303 549 τὸ,
1344 488 1678 555 Ἁγαϐυνον,

1786 504 1867 551 est
1925 497 1941 527 ¹
1973 513 1987 551 :
2024 496 2237 550 tametsi
2272 497 2373 551 hoc
2405 507 2620 563 quoque
2639 493 2859 549 nomine
2884 494 3044 549 bomo
3072 505 3343 560 nuncupe-

144 587 313 651 Κύριε,
338 580 463 645 τοῖς
499 580 767 649 ἀγαθοῖςο
795 579 890 631 καὶ
922 580 1022 632 ὅσα
1052 578 1185 632 ἄλλα
1215 577 1440 631 τοιαῦτα
1466 577 1680 645 λέγεται

143 672 376 744 περὶτῶν
408 671 465 723 ὲν
490 672 621 740 ἡμῖν
653 667 1077 738 ἐπαινουμένων,
1116 670 1199 736 ἐφ’
1229 667 1321 731 οὓς
1349 671 1383 739 ἡ
1413 668 1680 738 ἀπόρροιαι

144 766 216 820 τοῦ
245 761 455 834 πρώτου
486 758 672 823 καλοῦ,
700 759 794 813 καὶ
818 758 960 813 κατὰ
978 758 1226 831 δεύτερον
1250 760 1402 827 λόγον
1427 760 1678 828 ἔφθασεν.

144 860 193 909 Et
227 856 314 925 μὲν
337 849 428 907 οὖν
457 851 736 922 πείθοιμεν
901 849 1077 916 τοῦτο,
1101 851 1348 923 ἄριστον·
1376 852 1498 904 εἰδὲ
1521 852 1680 923 μὴ,τί

145 950 311 1018 φήσεις
334 945 467 1016 πρὸς
502 944 625 1007 τοὺς
663 942 918 1010 λέγοντας
955 943 1201 1014 ἑτέρωθι,
1237 945 1329 997 τὸν
1361 944 1487 997 Υἱὺν
1525 944 1682 1014 μόνον

145 1037 361 1110 εἰρῆσθαι
409 1036 562 1099 Θεὸν,
607 1034 748 1087 κατὰ
792 1033 891 1097 τὰς
940 1033 1038 1097 σὰς
1077 1034 1378 1098 ὑποθέσεις.
1440 1034 1526 1087 Ἐν
1570 1035 1680 1089 τίσι

144 1134 236 1194 τοῖς
270 1131 536 1201 ρήμασινς
584 1129 640 1180 ὲν
684 1127 932 1190 ἐκείνοις
985 1123 1173 1192 Οὗτός
1216 1144 1331 1181 σου
1490 1130 1636 1195 Θεὸς
1667 1168 1681 1191 ,

144 1226 203 1277 οὐ
237 1219 653 1290 λογισθήσεται
702 1218 903 1286 ἔτερος
952 1221 1100 1284 πρὸς
1143 1220 1347 1272 αὐτόν.
1400 1220 1511 1273 Καὶ
1566 1222 1680 1289 μετ’

143 1314 300 1381 ὁλίγα’
338 1311 493 1366 Μετὰ
532 1310 709 1365 τοῦτο
747 1310 846 1363 ἐπὶ
888 1308 995 1377 τῆς
1045 1309 1153 1379 [ἧς
1197 1310 1385 1379 ὤφθη.
1429 1311 1527 1364 καὶ
1559 1310 1682 1377 τοῖς

142 1403 446 1472 ἀνθρώποις
464 1401 954 1470 συνανεστράφη.
986 1402 1107 1456 ’Ότι
1160 1403 1259 1472 μὲν
1306 1402 1416 1474 γὰρ
1461 1403 1523 1456 οὐ
1559 1405 1687 1475 περὶ

141 1495 223 1547 τοῦ
270 1493 490 1564 Πατρὸς,
548 1492 686 1545 ἀλλὰ
715 1490 808 1544 τοῦ
893 1479 913 1490 ’
1024 1490 1154 1543 Υίοῦ
1204 1492 1262 1545 τὸ
1299 1492 1607 1563 λεγόμενον,
1652 1495 1685 1564 ἡ

142 1587 399 1657 προσθήκη
432 1585 619 1653 σαφῶς
646 1585 991 1655 παρίστησιν.
1023 1576 1192 1648 Οὗτος
1217 1586 1326 1655 γάρ
1348 1587 1492 1638 ἐστιν
1522 1588 1551 1639 ὁ
1584 1603 1689 1638 σω-

141 1677 361 1747 ματικῶς
397 1676 661 1747 ὁμιλήσας
689 1678 841 1746 ἡμῖν,
875 1677 972 1729 καὶ
1012 1676 1153 1747 μετά
1188 1676 1296 1730 τῶν
1340 1676 1490 1730 κάτω
1522 1678 1690 1745 γενό-

139 1786 301 1837 μενος.
328 1769 386 1820 Εί
432 1766 491 1820 δὲ
541 1766 807 1837 νικήσειε,
836 1766 979 1820 κατά
1029 1763 1121 1820 τοῦ
1175 1768 1386 1839 Πατρὸς
1431 1768 1683 1836 λέγεσθαι

138 1857 298 1921 τοῦτο,
337 1856 410 1927 μὴ
433 1857 540 1911 τῶν
570 1856 935 1927 νομιζομένων
966 1857 1126 1923 θεῶν,
1150 1859 1428 1929 ἡττήμεθα
1453 1860 1543 1912 τὸν
1572 1861 1683 1913 Πα-

1787 1865 2080 1921 hominibus
2109 1873 2441 1919 conrersatus
2471 1873 2546 1917 ut
2601 1864 2645 1917 °.
2675 1860 2810 1916 Nam

140 1949 274 2015 τέρα,
307 1949 370 2001 δι’
403 1942 476 2002 ὧν
524 1947 617 2001 τοῦ
676 1947 805 2000 Υίοῦ
997 1949 1528 2020 κατεσπουδάσαμεν.
1573 1950 1684 2004 Καὶ

140 2041 182 2092 τί
347 2040 412 2094 ἂν
457 2041 557 2110 τῆς
590 2040 744 2111 νίκης
774 2040 978 2112 ταύτης
1033 2042 1243 2110 γένοιτο
1292 2042 1615 2116 ἀθλιώτερον
1646 2045 1680 2115 ἢ

142 2130 194 2202 ζη
201 2132 445 2202 μιωδέστε
452 2150 546 2204 ρον
568 2151 584 2199 ;

1786 599 1892 651 tur,
1938 599 1991 640 ut
2018 586 2146 641 illud
2180 603 2193 639 :
2225 585 2402 639 Bonus
2425 586 2578 638 homo
2605 584 2669 638 de
2695 585 2827 638 bona
2855 582 3101 637 thesauro
3149 580 3353 650 profert

1784 680 1972 733 bonum
2030 679 2071 739 ³,
2100 687 2154 732 et
2188 678 2331 732 Dens
2389 677 2451 730 ad
2481 676 2698 731 Saulem
2731 677 2798 730 de
2841 675 3038 729 Davide
3064 674 3226 729 verba
3271 674 3352 727 l'ao

1783 773 1932 826 ciens
1960 787 1972 822 :
2008 771 2151 824 Dabo
2181 786 2395 841 regnum
2436 781 2583 823 tuum
2624 767 2830 821 meliori
2857 777 2905 822 te
2954 768 2996 820 ⁸.
3025 764 3160 819 Τιιιιι
3192 765 3349 819 illud:

1787 861 2027 931 Beuefac,
2061 860 2295 923 Domine,
2330 860 2477 913 bonis
2532 859 2591 923 ις
2629 874 2692 912 ac
2725 858 2959 927 denique
2993 872 3053 910 ea
3085 858 3135 910 id
3170 869 3344 925 genus

1783 954 1982 1016 omnia,
2018 967 2136 1022 quae
2176 952 2240 1005 de
2268 951 2352 1005 his
2403 952 2678 1015 dicuntur,
2729 951 2818 1018 qui
2880 949 3154 1003 hominum
3196 946 3353 1001 laude

1786 1060 1850 1097 ac
1881 1044 2266 1113 praedicatione
2292 1042 2505 1107 ﬂorent,
2539 1042 2605 1095 ad
2638 1056 2772 1111 quos
2826 1040 2984 1111 primi
3040 1040 3183 1096 illius
3224 1040 3350 1094 boni

1790 1138 1936 1191 rivus
1964 1137 2288 1191 secundat-io
2326 1150 2488 1190 cursu
2520 1134 2839 1188 dimanavit.
2877 1133 2999 1187 Haec
3027 1133 3072 1186 si
3111 1132 3204 1187 tibi
3232 1145 3355 1199 per—

1786 1228 2076 1293 suasimus,
2113 1224 2554 1280 commodissime
2580 1238 2641 1278 se
2664 1238 2747 1277 res
2782 1223 2963 1277 habet.
3012 1221 3107 1276 Sin
3152 1221 3353 1282 minus,

1786 1319 1911 1387 quid
1934 1319 2179 1373 dicturus
2209 1332 2268 1377 es
2308 1317 2375 1371 ad
2411 1329 2523 1379 eos,
2564 1314 2655 1384 qui
2688 1329 2754 1368 ex
2802 1313 2970 1366 altera
3002 1320 3173 1381 parte,
3202 1311 3353 1377 juxta

1782 1410 1855 1470 id,
1888 1408 2030 1478 quod
2066 1423 2163 1477 pro
2194 1422 2369 1462 causa:
2396 1418 2497 1461 tua:
2521 1406 2874 1459 fundamento
2902 1402 3144 1473 posuisti,
3162 1400 3354 1455 Filium

1782 1503 1952 1557 solum
1989 1501 2156 1555 Deum
2210 1500 2413 1555 dictum
2464 1512 2587 1553 esse
2636 1497 2987 1551 contendunt.
3046 1494 3103 1548 In
3158 1493 3355 1562 quibus

1784 1605 1962 1649 autem
1997 1592 2219 1647 verbis?
2255 1593 2307 1644 in
2337 1591 2458 1646 istis
2491 1590 2748 1645 nimirum
2791 1603 2804 1640 :
2871 1586 2974 1640 Hic
3036 1586 3174 1640 Deus
3210 1594 3354 1646 tuus,

1782 1697 1830 1739 et
1865 1702 1967 1738 non
2000 1684 2348 1740 (animabitur
2377 1681 2518 1736 alius
2562 1692 2752 1749 pra'ler
2810 1692 2930 1733 eum
2982 1683 3026 1733 ⁵.
3076 1677 3141 1731 Ει
3169 1674 3355 1745 paucis

1789 1776 2126 1844 interiectis:
2186 1774 2313 1829 Post
2352 1775 2464 1829 lucc
2528 1773 2581 1825 in
2637 1782 2780 1826 terra
2824 1773 2966 1826 visus
3015 1779 3112 1833 est,
3144 1777 3191 1821 et
3238 1783 3354 1819 cum

3053 1859 3218 1927 quod.
3249 1873 3353 1910 non

1787 1957 1853 2011 de
1880 1957 2063 2023 Patre,
2097 1959 2190 2012 sed
2224 1957 2289 2011 de
2347 1956 2505 2020 Filio,
2563 1970 2743 2009 sermo
2803 1953 3083 2018 habeatur,
3123 1949 3354 2017 adiectio

1797 2050 1910 2102 lucc
1942 2060 2129 2117 aperte
2164 2048 2425 2104 declarat.
2457 2047 2554 2101 llic
2581 2048 2722 2102 enim
2751 2054 2867 2109 est,
2908 2045 3000 2113 qui
3035 2056 3348 2117 corpoream

1790 2140 2067 2194 nobiscum
2099 2139 2539 2194 consuetudinem
2578 2137 2786 2198 habuit.
2820 2114 3156 2202 terrenisque
3184 2133 3345 2186 rebus

142 2223 428 2291 cuttjtmctus
460 2236 564 2275 est.
597 2222 746 2289 Quod
772 2223 819 2277 si
848 2222 974 2277 illud
994 2223 1322 2289 obtineatur,
1347 2227 1461 2280 haac
1483 2228 1667 2291 verba,
1688 2226 1750 2280 Et
1784 2246 1884 2282 non
1908 2230 2250 2283 mstimabimr
2273 2230 2432 2293 alius,
2459 2228 2720 2283 adversus
2750 2228 2967 2282 Patrem
2985 2226 3110 2288 dici,
3139 2226 3356 2279 nonad‘

145 2328 304 2366 versus
323 2328 431 2374 eos,
456 2315 547 2380 qui
583 2314 714 2368 falsa
736 2315 1048 2369 mortalium
1076 2316 1328 2385 opinione
1354 2318 1426 2371 dii
1453 2318 1739 2383 habentur,
1770 2323 1910 2389 quod
1947 2322 2014 2377 ad
2042 2322 2257 2376 Patrem
2297 2323 2509 2383 attinet,
2536 2335 2632 2390 per
2656 2335 2718 2375 ea
2744 2320 2926 2388 utique
2967 2318 3090 2373 victi
3130 2331 3316 2372 smnus
3335 2354 3351 2379 ,

142 2404 309 2471 quibus
367 2406 622 2458 adversns
655 2406 846 2459 Filium
896 2407 1092 2461 obnixe
1127 2409 1522 2467 contendimus:
1554 2411 1666 2475 Qua
1714 2412 1936 2467 victoria
1961 2414 2087 2483 quid
2131 2412 2499 2470 calamitosius
2526 2421 2582 2466 et
2615 2411 2973 2482 perniciosius
2997 2424 3119 2465 esse
3156 2410 3354 2479 queat?

321 2496 573 2549 Ἐννατον
617 2498 793 2548 ἐκεῖνο
840 2498 1072 2567 φήσουσι
1126 2498 1206 2561 τὸ,
1242 2499 1504 2553 Πάντοτε
1554 2500 1684 2565 ζῶν,

141 2588 210 2651 εἷς
230 2586 291 2639 τὸ
308 2585 693 2655 ἐντυγχάνειν
866 2588 1017 2656 ὑπὲρ
1038 2589 1224 2658 ἡμῶν.
1254 2586 1328 2643 Εὖ
1355 2608 1419 2658 γε
1446 2592 1540 2645 καὶ
1565 2591 1684 2645 λίαν

143 2677 391 2746 μυστικῶς
422 2694 481 2729 τε
520 2678 613 2730 καὶ
662 2678 1076 2749 φιλανθρώπως.
1114 2681 1187 2733 Τὸ
1231 2680 1341 2753 γὰρ
1391 2682 1682 2753 ἐντυγχά-

142 2785 267 2832 νειν,
308 2770 423 2839 οὐχ,
465 2769 540 2833 ὡς
573 2771 606 2839 ὴ
652 2768 760 2822 τῶν
794 2770 1001 2823 πολλῶν
1062 2771 1337 2841 συνήθεια,
1383 2773 1444 2826 τὸ
1501 2774 1684 2844 ζητεῖν

145 2861 386 2931 ἐκδίκησιν
409 2861 524 2929 ἔχει
540 2877 553 2890 ’
578 2861 734 2915 τοῦτο
756 2862 864 2932 γάρ
879 2881 995 2927 πως
1018 2866 1112 2918 καὶ
1263 2864 1643 2934 ταπεινότητος
1666 2883 1679 2896 ·

144 2953 255 3006 ἀλλά
284 2954 341 3007 τὸ
370 2954 691 3023 πρεσϐεύειν
729 2956 867 3024 ὑπὲρ
903 2955 1056 3027 ἡμῶν
1099 2955 1177 3027 τῷ
1212 2956 1358 3026 λόγῳ
1392 2958 1492 3028 τῆς
1534 2976 1684 3029 μεσι·

142 3045 296 3108 τείας*
325 3046 397 3109 ὡς
440 3047 533 3099 καὶ
570 3046 632 3098 τὸ
678 3045 902 3115 Πνεῦμα
954 3045 1095 3116 ὑπὲρ
1150 3048 1305 3118 ἡμῶν
1338 3050 1683 3119 ἐντυγχάνειν

143 3132 348 3200 λέγεται.
379 3130 480 3201 Εἷς
508 3136 616 3204 γὰρ
656 3136 821 3201 Θεὸς,
854 3132 942 3203 εἷς
972 3137 1070 3190 καὶ
1105 3138 1359 3206 μεσίτης
1401 3139 1549 3193 Θεοῦ
1584 3139 1683 3193 καί

142 3226 453 3294 ἀνθρώπων,
479 3228 790 3296 ἄνθρωπος
822 3229 1053 3297 Ἰησοῦς
1082 3232 1353 3297 Χριστός.
1384 3229 1683 3299 Πρεσόεύει

1785 3250 1917 3288 unus
1964 3237 2121 3288 etiam
2175 3235 2434 3287 mediator
2492 3232 2588 3286 Dei
2616 3242 2662 3286 et
2686 3233 2977 3293 hominum,
3025 3229 3176 3281 homo
3198 3225 3355 3281 Jesus
3450 3252 3456 3258 λ

143 3318 228 3389 γὰρ
266 3318 339 3371 ἔτι
377 3319 470 3372 καὶ
498 3318 615 3380 νῦν,
650 3319 725 3382 ώς
773 3320 1074 3389 ἄνθρωπος,
1114 3320 1252 3391 ὑπὲρ
1280 3322 1378 3391 τῆς
1407 3323 1546 3391 ἐμῆς
1579 3342 1684 3376 σω-

142 3410 326 3480 τηρίας,
352 3411 429 3462 ὅτι
467 3409 605 3486 μεεά
631 3409 724 3463 τοῦ
757 3409 1006 3479 σώματός
1039 3412 1203 3472 ἐστιν,
1235 3405 1296 3464 οὗ
1324 3413 1680 3482 προσέλαϐεν,

141 3500 223 3562 ἕως
254 3501 317 3554 ἂν
338 3502 434 3571 ἐμὲ
463 3502 662 3572 ποιήσῃ
695 3501 824 3553 Θεὸν
847 3503 912 3571 τῇ
949 3501 1173 3570 δυνάμει
1203 3501 1301 3571 τῆς
1334 3501 1683 3573 ὲνανθρωπή-

141 3608 255 3654 σεως
294 3633 308 3657 ,
456 3594 559 3646 κᾶν
595 3593 789 3662 μηκέτι
834 3591 975 3645 κατά
1019 3593 1196 3662 σάρκα
1231 3591 1585 3663 γινώσκηται,
1615 3595 1683 3647 τὰ

142 3683 353 3751 σαρκικὰ
380 3683 521 3751 λέγω
545 3682 712 3753 πάθη,
746 3683 861 3748 καὶ,
892 3684 1061 3754 χωρὶς
1097 3682 1197 3752 τῆς
1221 3684 1515 3753 ἁμαρτίας,
1547 3685 1674 3753 ήμέ·

140 3785 267 3839 τερα.
319 3770 468 3825 Οὕτω
518 3772 575 3825 δὲ
619 3774 713 3826 καὶ
760 3774 1148 3840 παράκλητον
1191 3773 1411 3842 ἔχομεν
1437 3774 1681 3840 Ἰησοῦν

141 3857 367 3923 Χριστὸν
391 3895 407 3918 ,
555 3861 651 3931 οὐχ
678 3860 752 3924 ὡς
794 3862 934 3933 ὑπὲρ
964 3862 1120 3933 ἡμῶν
1156 3862 1677 3933 προκαλινδοῦμενον

141 3950 216 4003 τοῦ
234 3952 457 4024 Ῐίατρὸς,
486 3955 577 4007 καὶ
613 3956 1016 4024 προσπίπτοντα
1040 3955 1314 4018 δουλικῶς.
1342 3958 1554 4021 ’Ἄπαγε
1578 3957 1678 4015 τὴν

140 4038 313 4113 δούλην
342 4045 507 4110 ὅντως
536 4046 814 4115 ὑπόνοιαν,
850 4048 946 4102 καὶ⁷
976 4047 1203 4114 ἀναξίαν
1233 4049 1327 4103 τοῦ
1355 4050 1690 4120 Πνεύματος.

141 4130 254 4185 Οὔτε
286 4134 388 4206 γὰρ
409 4135 500 4189 τοῦ
532 4138 743 4209 Πατρὸς
767 4138 925 4192 τοῦτο
952 4138 1250 4210 ἐπιζητεῖν,
1281 4139 1406 4193 οὔτε
1445 4140 1538 4193 τοῦ
1561 4142 1693 4194 Υίοῦ

144 4224 424 4301 nitelam-ﬁ
462 4231 537 4294 ὡς
718 4232 844 4303 περὶ
891 4231 1025 4283 Θεοῦ
1074 4230 1402 4284 διανοεῖσθαι
1455 4232 1690 4285 δίκαιον·

144 4318 235 4369 ἀλλ’
265 4315 341 4383 οἷς
369 4321 657 4384 πέπονθεν,
702 4322 776 4386 ὡς
808 4321 1119 4393 ἄνθρωπος,
1174 4321 1351 4375 πείθει
1384 4325 1692 4393 καρτερεῖν,

143 4406 203 4468 ὡς
225 4409 383 4477 Λόγος
412 4410 509 4464 καὶ
539 4410 886 4482 παραινέτης.
917 4410 1087 4463 Τοῦτο
1114 4409 1311 4464 νοεῖται
1343 4427 1433 4480 μοι
1462 4413 1495 4481 ἡ
1519 4410 1695 4480 παρά.

146 4497 326 4570 κλησις.

312 4687 542 4742 Δέκατον
564 4706 747 4753 αυτοις
768 4706 916 4742 εστιν
943 4691 976 4760 ἡ
1012 4688 1222 4756 ἄγνοια,
1249 4703 1345 4741 και
1373 4702 1434 4739 το
1491 4687 1694 4758 μηδενα

145 4774 402 4841 γινώσκειν
430 4780 529 4852 τὴν
560 4781 874 4834 τελευταίαν
904 4780 1143 4851 ἡμέραν,
1170 4779 1204 4850 ἦ
1234 4777 1405 4851 ὥραν,
1446 4774 1580 4849 μηδὲ
1606 4776 1700 4829 τὸν

147 4863 252 4918 Υίὸν
283 4868 459 4933 αὑτὸν,
505 4871 554 4922 εί
601 4871 675 4941 μὴ
715 4870 804 4923 τὸν
832 4870 1069 4941 Πατέρα.
1124 4867 1315 4922 Καίτοι
1368 4867 1487 4929 πῶς
1517 4868 1701 4935 ἀγνοεῖ

146 4955 308 5008 τιτῶν
338 4957 503 5012 ὄντων
535 4961 569 5030 ἡ
623 4960 810 5027 Σοφία,
845 4961 873 5012 ὁ
917 4958 1146 5029 ποιητὴς
1323 4956 1432 5008 τῶν
1466 4955 1700 5022 αἰώνων,

146 5044 524 5118 ὁσυντελεστὴς
555 5048 649 5103 καὶ
686 5047 1080 5121 μεταποιητὴς,
1108 5049 1168 5100 τὸ
1205 5047 1377 5118 πέρας
1411 5046 1518 5099 τῶν
1547 5064 1702 5117 γενο-

152 5137 323 5206 μένων,
354 5143 380 5194 ὁ
424 5141 570 5195 οὕτω
603 5142 671 5195 τὰ
720 5141 815 5194 τοῦ
849 5140 983 5195 Θεοῦ
1173 5138 1479 5209 γινώσκων,
1528 5139 1603 5203 ὡς
1643 5139 1705 5191 τὸ

149 5228 341 5299 πνεῦμα
364 5233 455 5286 τοῦ
482 5231 773 5305 ἀνθρώπου
806 5234 873 5287 τὰ
1055 5233 1111 5285 ὲν
1134 5231 1316 5302 αὐτῷ;
1351 5232 1415 5285 Τί
1442 5232 1549 5305 γὰρ
1576 5232 1707 5286 ταύ-

148 5334 231 5389 τῆς
251 5323 342 5393 τῆς
366 5324 620 5394 γνώσεως
655 5325 1014 5397 τελεώτερον;
1063 5326 1185 5389 Πῶς
1219 5326 1305 5380 δαὶ
1376 5338 1389 5353 ⁸
1495 5326 1561 5378 τὰ
1600 5325 1698 5395 μὲν

152 5410 241 5479 πρὸ
278 5412 366 5483 τῆς
423 5414 573 5487 ὥρας
616 5414 856 5486 ἀκριϐῶς
908 5414 1214 5477 ἐπίσταται,
1263 5415 1357 5468 καὶ
1392 5414 1460 5467 τὰ
1497 5409 1606 5466 οἷον
1651 5414 1708 5466 ἐν

153 5501 306 5571 χρόνῳ
334 5503 423 5557 τοῦ
464 5504 671 5567 τέλους,
696 5503 865 5575 αὐτὴν
907 5504 961 5556 δὲ
1004 5506 1189 5572 ἀγνοεί
1373 5504 1471 5574 τὴν
1518 5499 1706 5573 ὦραν;

152 5590 415 5659 Αἱνίγματι
438 5597 547 5666 γὰρ
576 5594 637 5646 τὸ
675 5595 906 5662 πρᾶγμα.
961 5594 1168 5661 ὅμοιον,
1213 5591 1399 5662 ὥσπερ
1422 5592 1487 5645 ἂν
1524 5591 1578 5643 εἴ
1624 5606 1709 5651 τις

771 5738 791 5768 ³
830 5735 1021 5792 Μοιιὶι.
1050 5750 1150 5797 χιι,
1178 5734 1269 5789 55.

680 5807 702 5839 ⁸
729 5806 748 5860 l
776 5807 919 5863 Tim.
957 5823 1017 5872 tt,
1050 5806 1102 5860 5.
1179 5807 1199 5838 ⁹
1242 5803 1443 5860 lJoan.
1485 5820 1543 5869 ιι,
1587 5805 1633 5857 I.

224 5732 237 5762 '
275 5730 400 5791 Luc.
430 5750 582 5797 ινιιι,
608 5739 693 5794 19.

162 5797 179 5830 ⁷
204 5798 353 5859 llebr.
384 5821 477 5873 vn,
512 5805 603 5862 25.

1347 5734 1367 5765 ³
1404 5733 1424 5786 ι
1450 5732 1586 5803 Reg.
1614 5748 1705 5797 xv,
1730 5730 1822 5803 εει,

1710 5804 1750 5834 ¹⁰
1781 5801 1944 5855 Mar".
1988 5814 2106 5865 xm,
2137 5798 2227 5853 3‘2.

2042 2503 2195 2558 Nouo
2265 2504 2393 2557 illud
2430 2504 2723 2573 producent
2756 2521 2769 2556 :
2801 2500 3014 2570 Semper
3060 2501 3231 2554 virens
3286 2500 3355 2552 ad

1784 2596 2225 2663 interpellandum
2273 2612 2369 2663 pro
2418 2596 2567 2649 nobis
2618 2596 2659 2648 ".
2713 2594 2930 2663 Optime
2974 2607 3108 2647 sane
3135 2608 3198 2645 ac
3229 2607 3354 2661 per-

1784 2703 1941 2754 quam
1973 2687 2198 2756 mystice
2226 2697 2281 2740 et
2314 2688 2562 2756 benigne.
2580 2684 2947 2755 interpellatio
2970 2696 3203 2752 namque
3225 2696 3353 2745 non,

1783 2779 1921 2848 vulgi
1968 2793 2137 2844 more,
2169 2780 2220 2831 id
2255 2786 2432 2839 sonat,
2456 2777 2600 2847 quod
2626 2786 2707 2832 est
2769 2775 3059 2847 vindictam
3110 2786 3355 2841 quaerere

1785 2871 1911 2939 (boc
1963 2872 2106 2926 enim
2168 2870 2488 2925 humilitatis
2541 2869 2941 2938 quodammodo
2988 2865 3201 2936 esset);
3259 2863 3355 2918 sed

1785 2961 1922 3015 idem
1987 2960 2296 3030 signiﬁcat,
2358 2959 2498 3028 quod
2587 2974 2683 3027 pro
2756 2957 2937 3020 nobis,
3017 2953 3352 3010 mediatiouis

1786 3051 2040 3115 ratione,
2128 3050 2469 3120 supplicare;
2550 3049 3000 3118 quemadmodum
3080 3054 3133 3100 et
3182 3045 3357 3114 Spiri-

1784 3150 1869 3194 tus
1898 3156 1996 3210 pro
2032 3143 2186 3195 nobis
2213 3142 2544 3196 intercedere
2574 3141 2789 3195 dicitur.
2829 3136 2975 3191 Unus
3017 3137 3153 3191 enim
3194 3135 3330 3188 Deus

1783 3325 2020 3380 Christus
2077 3326 2118 3379 ⁸.
2144 3326 2433 3379 Intercedit
2458 3325 2600 3377 enim
2632 3338 2773 3375 nunc
2814 3334 3051 3390 quoque,
3090 3329 3141 3373 ut
3169 3319 3352 3379 homo,

1783 3431 1880 3486 pro
1906 3432 2021 3469 mea
2061 3416 2237 3469 salute
2263 3432 2278 3479 ;
2303 3414 2562 3484 quoniam
2590 3428 2711 3466 cum
2741 3424 2805 3465 eo
2833 3424 3061 3479 corpore
3089 3419 3191 3473 est,
3214 3411 3355 3477 quod

1783 3508 2094 3574 assumpsit,
2146 3508 2317 3559 donec
2356 3521 2459 3570 me,
2505 3512 2796 3571 assumpta:
2848 3500 3204 3554 humanitatis
3245 3500 3354 3551 viro

1786 3605 1915 3657 tute,
1944 3596 2106 3648 Deum
2162 3595 2423 3658 ell'ccerit,
2469 3594 2680 3657 tametsi
2730 3607 2835 3645 non
2882 3591 2995 3659 jam
3057 3590 3353 3643 secundum

1785 3700 2002 3737 carnem
2059 3695 2449 3755 cognoscatur,
2499 3687 2600 3736 hoc
2647 3692 2749 3747 est,
2786 3681 3077 3735 secundum
3108 3680 3357 3733 carnales

1784 3774 2121 3841 aﬂectioues,
2181 3792 2274 3837 ac,
2336 3778 2471 3828 citra
2522 3786 2831 3843 peccatum,
2886 3780 3117 3824 nostras.
3154 3769 3352 3823 Eodem

1782 3868 1936 3921 modo
1954 3867 2264 3921 advocatum
2283 3880 2495 3936 quoque
2514 3865 2761 3918 habemus
2789 3863 2969 3916 Jemm
3000 3859 3265 3916 Christum
3306 3861 3351 3923 ν,

1786 3974 1888 4011 non
1921 3969 1978 4012 ιιι
2032 3970 2417 4023 nosti-acaum
2477 3972 2596 4010 sese
2643 3957 2709 4009 ad
2742 3954 2921 4007 Patris
2972 3956 3134 4023 pedes
3165 3950 3348 4005 advol-

1778 4032 2014 4082 vcntem,
2095 4021 2387 4090 servilique
2432 4029 2593 4076 modo
2625 4021 2992 4093 abjicieutem.
3057 4031 3247 4084 Procul
3295 4036 3364 4085 sit

1781 4117 1880 4169 ista
1913 4114 2124 4169 serviEis
2160 4130 2291 4169 sane
2329 4116 2586 4185 Sttspicio,
2624 4116 2943 4188 Spirituque
2974 4121 3213 4194 indigna.
3254 4122 3365 4177 Ne-

1780 4220 1885 4274 que
1915 4209 2058 4260 enim
2088 4204 2263 4259 Fatris
2287 4218 2369 4260 est
2422 4208 2522 4261 boe
2574 4224 2893 4281 exposcere,
2930 4223 3023 4267 aut
3067 4214 3187 4269 Filii
3217 4216 3362 4285 pati:

1784 4312 1883 4351 nec
1916 4301 1982 4350 de
2040 4298 2150 4351 Deo
2185 4301 2286 4353 hoc
2322 4298 2563 4368 cogitare
2603 4301 2755 4370 pium
2804 4314 2965 4373 atque
2994 4320 3209 4374 tequmn
3253 4318 3359 4361 est.

1781 4388 1887 4443 Sed
1919 4406 1982 4442 ex
2017 4388 2123 4456 bis,
2184 4405 2302 4459 qua:
2356 4391 2671 4446 humanitus
2706 4408 2996 4464 perpessus
3047 4408 3155 4463 est,
3178 4400 3244 4452 ad
3279 4409 3356 4454 to-

1781 4479 2067 4533 lcrantiam
2098 4495 2203 4544 me,
2264 4489 2322 4533 ut
2372 4479 2605 4533 Verbum
2665 4491 2719 4536 et
2768 4485 3109 4551 exhortator,
3138 4488 3361 4541 inducit.

1784 4571 1873 4625 Sic
1904 4587 2003 4634 ego
2041 4571 2450 4625 advocationem
2484 4572 2623 4635 hanc
2665 4573 3064 4645 intelligendam
3102 4578 3362 4632 arbitror.

2008 4661 2226 4716 Decimo
2257 4662 2376 4716 loco
2409 4662 2769 4731 ignorantiam
2818 4676 3048 4733 ponunt,
3098 4666 3360 4737 illudque,

1785 4755 1928 4824 quod
1960 4765 2262 4808 extremum
2289 4755 2429 4808 diem
2502 4766 2665 4824 atque
2710 4757 2899 4811 boram
2953 4774 3111 4813 nemo
3166 4776 3365 4830 cogno-

1787 4861 1927 4912 scat,
1959 4864 2021 4900 ac
2054 4863 2119 4899 ne
2155 4846 2320 4900 Filius
2372 4849 2584 4917 quidem
2618 4849 2749 4917 ipse,
2783 4850 2876 4903 sed
2911 4851 3055 4905 solus
3102 4851 3260 4906 Pater
3295 4852 3358 4906 ‘°.

1787 4941 1853 4992 At
1886 4940 1975 5006 qui
2006 4938 2119 4992 fieri
2157 4949 2356 5008 potest,
2411 4952 2468 4993 ut
2509 4940 2785 5007 Sapientia
2827 4943 3123 5013 quidquam
3153 4959 3364 5009 eorum,

1788 5047 1907 5101 qua:
1939 5040 2084 5097 sunt,
2129 5033 2357 5101 ignoret,
2398 5030 2509 5095 ille,
2542 5032 2783 5102 inquam.
2822 5035 3141 5088 smeulorum
3174 5035 3361 5095 lat-tor,

1790 5124 1878 5179 ille
1906 5134 2315 5178 consunnnator
2342 5133 2505 5193 atque
2539 5125 2871 5190 immutator,
2902 5126 2989 5179 ille
3020 5142 3206 5181 eorum
3248 5142 3367 5196 qua:

1793 5217 1930 5270 facta
1963 5222 2083 5268 sunt
2106 5216 2249 5279 linis,
2277 5214 2477 5284 quique
2503 5229 2587 5279 ea,
2612 5230 2732 5284 quae
2753 5215 2844 5269 Dei
2880 5223 3028 5281 sunt,
3242 5231 3366 5282 per-

1792 5308 1845 5360 in
1872 5311 1915 5360 le
1978 5308 2165 5373 novit,
2224 5320 2285 5359 ae
2324 5306 2546 5375 spiritus
2596 5306 2836 5362 hominis
2889 5323 2975 5369 ea,
3014 5322 3134 5377 qure
3168 5306 3219 5360 in
3254 5307 3367 5375 ipso

1792 5408 1917 5452 Sunt
1941 5398 1977 5431 "
2004 5398 2026 5449 ?
2056 5395 2193 5462 Quid
2226 5396 2369 5450 enim
2414 5397 2515 5451 hac
2554 5398 2858 5467 cognitione
2902 5400 3112 5467 plenius
3167 5413 3227 5452 ac
3252 5413 3372 5467 per-

1795 5489 2028 5545 fectius?
2054 5489 2155 5556 Qui
2185 5504 2314 5543 vero
2354 5498 2606 5553 constat,
2650 5490 2846 5560 ipsum,
2883 5506 2943 5544 ea
2978 5490 3216 5559 quidem,
3257 5506 3372 5558 qua:

1797 5586 1984 5638 horam
2013 5584 2155 5638 illam
2182 5584 2534 5648 antecedunt,
2561 5600 2621 5637 ac
2645 5599 2765 5653 qum
2809 5583 2954 5638 velut
3005 5584 3056 5639 in
3103 5584 3220 5654 ipso
3255 5584 3376 5637 linis

1897 5728 1918 5759 ⁸
1951 5726 2094 5781 Psal.
2132 5742 2312 5787 cutv.
2344 5728 2396 5780 ι.
2474 5728 2494 5758 ³
2529 5727 2738 5780 Barucb
2793 5744 2874 5792 ιιι,
2915 5731 3001 5786 36.

3083 5735 3103 5766 ⁸
3126 5733 3260 5791 Ibid.
3281 5736 3372 5791 58.

2308 5799 2347 5827 ¹¹
2389 5798 2406 5849 i
2441 5798 2566 5853 Cor.
2604 5814 2662 5862 ιι,
2701 5800 2784 5856 Η,
