3770 6548
490 323 589 390 591

1749 332 1955 392 ΕΗΠΙ
1970 332 2035 393 ΥΕ

2188 332 2545 394 ZlGABENI
3589 354 3664 419 5,9,3

492 471 719 520 articulo
782 476 929 528 sunt,
994 468 1340 519 exactissime
1370 466 1527 531 scire,
1576 468 1745 536 ipsam
1771 476 1953 521 autem
1980 468 2035 523 lic

2188 472 2239 525 τὰ
2268 471 2366 541 μὲν
2404 471 2509 542 πρὸ
2538 469 2631 522 τοῦ
2675 471 2889 541 τείχους
2932 470 3176 543 ἀκριϐῶς
3227 475 3515 535 ὲπίστασῢαι
3541 489 3665 557 λέγω,

496 574 612 613 rain
651 558 938 628 ignorare?
960 558 1259 628 [Eiiiguiati
1287 559 1482 628 quippe
1498 574 1584 614 res
1614 561 1727 615 liazc
1749 562 1944 616 similis
1971 574 2071 617 est:

491 653 711 721 perinde
764 650 1011 705 videlicet
1049 666 1112 705 ac
1134 651 1177 705 si
1240 651 1364 719 quis
1408 668 1492 715 ea,
1544 669 1664 722 qua:
1690 664 1814 708 ante
1844 670 2058 709 murum

491 754 638 804 sunt,
663 744 976 798 certissime
1024 758 1083 798 se
1144 758 1308 799 nosse
1355 743 1607 809 allii-inet,
1640 762 1851 799 iiiurum
1892 758 2073 799 autem

493 836 669 901 ipsum
726 836 978 904 ignorare
1024 852 1081 890 se
1120 836 1353 891 fateatur
1388 854 1401 890 :
1439 848 1530 891 aut
1562 838 1666 892 diei
1703 838 1863 893 linem
1908 840 2076 908 probe

490 926 688 991 sciens,
721 927 897 983 noctis
941 928 1267 997 principium
1330 929 1552 983 minime
1604 942 1892 1000 cognoscat
1932 950 1944 984 :
1986 931 2074 985 ubi

497 1018 724 1073 alterius
757 1020 997 1089 cognitio
1044 1021 1277 1075 alterum
1334 1024 1647 1077 necessario
1689 1039 1874 1077 secum
1907 1025 2073 1077 ducit.

497 1111 660 1165 Eccui
692 1113 859 1181 igitur
894 1114 1115 1167 dubium
1143 1130 1265 1170 esse
1308 1126 1508 1184 potest,
1561 1116 1689 1184 quin
1726 1117 1913 1169 lioram
1953 1117 2073 1184 qui-

491 1203 637 1267 dem,
674 1216 730 1257 ut
762 1206 922 1271 Deus,
959 1210 1227 1275 cognitam
1267 1208 1484 1269 liabeat,
1532 1208 1745 1277 ignoret
1803 1217 1982 1260 autem
2022 1218 2080 1260 ut

496 1296 681 1359 homo,
712 1297 754 1350 si
788 1298 910 1364 quis
941 1309 1147 1366 partem
1176 1298 1561 1367 aspectabilcin
1598 1299 1663 1352 ab
1689 1314 1751 1352 ea
1781 1297 2073 1367 disjungat,

496 1402 620 1453 quae
658 1398 839 1442 nicnte
866 1389 977 1443 sola
1011 1391 1241 1459 perspici
1287 1400 1465 1455 potest
1504 1390 1526 1440 ?
1561 1388 1692 1442 Nam
1743 1390 1867 1458 quia
1921 1389 2076 1443 abso-

496 1477 606 1531 lute
641 1478 741 1532 lioc
773 1478 891 1533 loco
922 1494 986 1534 ac
1009 1481 1126 1535 sine
1152 1480 1418 1535 relatione
1442 1522 1455 1541 ,
1522 1480 1641 1533 Filii
1694 1497 1885 1534 nomen
1922 1481 2075 1549 poni-

2174 562 2306 615 αὐτὸ
2326 561 2382 614 δὲ
2410 563 2624 629 ἀγνοεῖν
2650 562 2709 614 τὸ
2740 564 2918 631 τεῖχος
2939 578 2953 593 ο
2986 563 3019 633 ἢ
3062 562 3124 615 τὸ
3147 564 3243 633 τῆς
3270 568 3462 639 ἡμέρας
3481 576 3599 641 τέλος
3624 580 3666 636 εὖ

2176 654 2556 722 ἐπιστάμενος,
2588 653 2685 723 τὴν
2721 652 2897 723 ἀρχὴν
2925 656 3027 724 τῆς
3072 654 3260 718 νυκτὸς
3303 658 3370 728 μὴ
3408 663 3666 728 γινώσκειν.

2176 745 2303 798 ἔνθα
2336 748 2368 814 ἡ
2397 743 2490 797 τοῦ
2524 744 2711 816 ἑτέρου
2744 744 2965 811 γνῶσις,
3011 747 3317 812 ἀναγκαίως
3347 756 3605 824 συνεισάγει
3629 764 3672 816 τὸ

2176 839 2379 910 ἕτερον.
2411 838 2483 890 Ίι
2535 840 2698 892 πᾶσιν
2748 836 3001 907 εῠδη).ον,
3056 839 3139 890 ὅτι
3190 842 3431 907 γινώσκει
3486 849 3581 916 μὲν,
3618 856 3671 918 ὼς

2176 928 2326 991 Θεὸς,
2360 930 2572 997 ἀγνοεῖν
2594 929 2650 981 δέ
2674 945 2858 997 φησιν,
2896 929 2971 991 ώς
3010 930 3310 999 ἄνθρωπος,
3337 934 3395 985 ἄν
3422 952 3493 999 τις
3513 940 3562 991 τὸ
3583 960 3671 1009 σαι.

2180 1020 2403 1090 νόμενον
2447 1020 2658 1090 χωρίσῃ
2692 1020 2788 1073 τοῦ
2840 1022 3163 1091 νοουμένους
3207 1022 3281 1074 T6
3326 1025 3426 1094 γὰρ
3471 1030 3674 1087 ἀπόλυτον

2179 1108 2315 1165 εἶναι
2344 1110 2437 1164 τοῦ
2470 1112 2597 1165 Υίοῦ
2621 1114 2721 1181 τὴν
2747 1113 3119 1182 προσηγορίαν
3145 1116 3236 1166 καὶ
3274 1113 3481 1184 ἄσχετον
3509 1156 3521 1179 ,
3631 1128 3676 1179 ὠ

2180 1204 2579 1276 προσκειμένου
2620 1204 2698 1275 τῷ
2734 1204 2849 1273 Υίῷ
2890 1205 2995 1257 τοῦ
3038 1205 3203 1269 τινὸς
3243 1242 3258 1265 ,
3394 1209 3565 1280 ταύτην
3584 1216 3676 1285 ἡμῖν

2178 1296 2356 1350 δίδωσι
2387 1295 2484 1367 τὴν
2512 1296 2786 1360 ὑπόνοιαν,
2819 1298 2955 1351 ὥστε
2985 1298 3084 1367 τὴν
3111 1296 3327 1363 ἄγνοιαν
3355 1298 3676 1371 ὑπολαμϐάνειν

2182 1391 2272 1443 ἐπὶ
2298 1389 2358 1442 τὸ
2382 1388 2668 1441 εὐσεϐέστε
2678 1407 2789 1458 ρον,
2813 1389 2890 1460 τῷ
2910 1388 3256 1459 ἀνθρωπίνῳ,
3287 1391 3357 1459 μὴ
3378 1391 3448 1461 τῷ
3464 1393 3570 1465 θείῳ
3585 1400 3678 1450 τιό.

2180 1498 2278 1551 την
2309 1479 2710 1551 λογιζομένους.

499 1586 607 1639 tur,
636 1592 737 1631 nec
773 1577 1103 1647 adiungitur,
1130 1578 1303 1644 cujus,
1333 1580 1532 1632 idcirco
1574 1578 1701 1632 hinc
1745 1578 1903 1633 nobis
1969 1592 2101 1631 ansa
2174 1578 2470 1647 porrigitur
2524 1579 2595 1629 ita
2649 1577 3034 1638 existimandi,
3093 1585 3151 1629 ut
3201 1579 3531 1645 ignorantiam
3576 1583 3671 1640 lianc

498 1687 657 1727 sensu
686 1674 919 1727 maxime
945 1675 1032 1748 pio
1060 1674 1501 1743 interpretemur,
1535 1689 1765 1743 eamque
1817 1673 2161 1740 humanitati,
2187 1687 2293 1727 non
2330 1672 2606 1726 divinitati
2642 1670 2999 1723 ascribamus.

746 1765 803 1819 Si
855 1765 1017 1832 igitur
1063 1765 1175 1819 haec
1234 1766 1371 1821 ratio
1418 1767 1745 1821 adversariis
1780 1764 2074 1828 satisfacit,

499 1856 585 1909 liic
621 1857 809 1924 pedem
850 1857 1095 1924 ligemiis,
1132 1872 1233 1912 nec
1264 1860 1557 1929 quidquam
1598 1858 1828 1928 amplius
1854 1875 1882 1911 a
1923 1858 2035 1913 iiobj

2188 1856 2499 1929 στησόμεθα
2527 1892 2542 1915 .

504 1948 828 2015 inquiratur.
859 1949 953 2001 Sin
984 1964 1159 2013 secus,
1190 1951 1329 2005 hanc
1360 1951 1651 2005 secundam
1684 1950 2079 2020 expositionem

502 2036 837 2119 ειίΐιςνοιιιιιεςκ
872 2040 1015 2107 quod
1060 2040 1515 2109 quemadmodum
1568 2041 1783 2110 singula
1832 2042 1957 2103 alia,
2008 2041 2081 2094 ita

505 2146 683 2184 rerum
734 2145 951 2200 quoque
1009 2133 1371 2187 maximarum
1408 2134 1645 2203 cognitio
1696 2134 1749 2188 iu
1806 2133 2084 2208 Genitoris

504 2226 761 2279 honorem
801 2226 865 2277 ad
898 2240 1120 2281 causam
1174 2227 1343 2295 ipsam
1389 2227 1673 2281 referenda
1708 2237 1810 2281 est.
1846 2228 1983 2294 Quin
2016 2242 2083 2280 ne

502 2317 755 2387 exiguum
795 2318 1013 2385 quidem
1048 2318 1177 2371 milii
1217 2317 1591 2372 intellecturus
1625 2320 1858 2382 videtur,
1889 2319 1979 2387 qui
2005 2319 2085 2372 sic

504 2409 719 2479 legerit,
748 2419 805 2461 nt
853 2420 1054 2463 nostra:
1090 2411 1362 2464 inciiiorize
1392 2411 1478 2464 vir
1507 2410 1729 2481 quidam
1780 2412 2082 2465 litterarum

505 2500 797 2563 studiosus,
832 2514 1024 2568 nempe
1054 2498 1248 2554 Filium
1290 2517 1393 2554 non
1423 2502 1580 2556 aliter
1618 2502 1767 2557 diem
1821 2502 1968 2557 illum
2003 2504 2085 2557 vel

508 2592 697 2643 horam
728 2605 907 2657 nosse,
938 2606 1099 2660 quam
1136 2602 1188 2645 ut
1222 2593 1399 2651 Pater.
1425 2594 1564 2660 Quid
1596 2594 1741 2648 enim
1783 2594 1910 2648 liinc
1936 2594 2087 2648 colll-

507 2682 695 2751 gitur?
718 2683 985 2748 Quoniam
1017 2682 1176 2737 Pater
1193 2688 1493 2753 cognoscit,
1536 2686 1656 2740 ideo
1683 2686 1846 2741 etiam
1872 2685 2041 2739 Filius
2070 2703 2082 2739 :

508 2783 762 2839 tanquam
813 2774 1061 2830 videlicet
1098 2791 1257 2830 nemo
1295 2778 1394 2831 lioe
1434 2792 1761 2847 cognoscere
1802 2792 1866 2832 ac
1915 2777 2088 2845 perci-

507 2877 635 2933 pere
658 2876 843 2932 queat,
872 2878 1066 2933 prieter
1092 2869 1387 2937 principem
1419 2868 1561 2931 illam
1590 2864 1857 2923 naturam.
1891 2868 2092 2937 Super-

508 2967 623 3009 erat
670 2955 781 3023 jam
846 2960 911 3012 de
966 2960 1069 3014 hoc
1144 2958 1681 3014 verbonandatum
1750 2970 1855 3025 est,
1913 2962 1979 3014 de
2026 2976 2091 3013 eo

507 3048 694 3110 etiam,
720 3050 862 3117 quod
897 3049 1074 3105 Patris
1106 3053 1358 3105 mandata
1408 3067 1678 3114 servasse,
1712 3062 1785 3114 et,
1816 3066 1938 3120 quae
1974 3052 2086 3121 pla-

509 3139 615 3189 cita
669 3147 797 3191 sunt
828 3138 896 3199 ei,
932 3153 1146 3207 semper
1186 3138 1381 3194 fecisse
1430 3139 1626 3192 dicitur
1669 3144 1720 3200 ις
1754 3154 1817 3191 ac
1865 3139 2092 3206 insuper

508 3227 575 3282 di:
605 3234 1073 3286 consummatione
1094 3240 1148 3286 et
1176 3232 1527 3296 exaltatione,
1558 3244 1621 3285 ac
1651 3230 1715 3283 ile
1738 3243 1821 3293 eo,
1859 3231 2001 3295 quod
2024 3246 2091 3285 ex

512 3322 624 3386 liis,
661 3335 780 3388 qua:
816 3335 1009 3387 passus
1042 3328 1145 3381 est,
1200 3320 1564 3374 obedientiam
1610 3320 1864 3374 didicisse
1897 3322 2094 3377 scribi-

516 3423 606 3463 tur
636 3412 677 3475 ',
714 3413 781 3464 de
817 3411 1128 3465 sacerdotio
1161 3411 1181 3441 ³
1209 3410 1358 3474 item,
1394 3421 1447 3465 et
1484 3413 1762 3467 oblatione
1792 3411 1835 3475 δ,
1889 3422 1943 3465 et
1980 3426 2095 3465 ira-

512 3505 716 3558 ditioue
746 3510 787 3567 ⁸,
818 3513 875 3557 et
914 3506 1163 3557 oratione
1194 3506 1259 3558 ad
1297 3518 1423 3558 eum
1460 3506 1551 3571 qui
1590 3520 1618 3557 a
1660 3516 1834 3559 morte
1876 3506 2089 3558 salvum

508 3609 634 3648 eum
670 3595 847 3649 facere
880 3608 1128 3664 poterat;
1173 3596 1240 3650 ad
1276 3596 1391 3649 haec
1417 3595 1484 3650 de
1514 3596 1731 3664 agonia,
1766 3604 1818 3650 et
1870 3596 2091 3663 sangui-

511 3701 612 3740 neo
635 3689 855 3750 sudore.
893 3698 1058 3757 atque
1084 3690 1334 3745 oratione
1361 3690 1403 3754 ‘,
1449 3697 1504 3743 et
1533 3689 1579 3743 si
1614 3690 1742 3759 quid
1776 3688 1919 3742 aliud
1943 3688 2093 3757 ejus-

2415 1764 2477 1817 El
2515 1763 2612 1834 μὲν
2648 1756 2741 1815 οὖν
2780 1754 2935 1823 οὗτος
2959 1760 3245 1832 αὐτάρκης
3270 1762 3297 1813 6
3320 1761 3480 1829 λόγος,
3510 1764 3679 1820 ἐνταῦθα

2722 1855 2815 1908 καὶ
2854 1854 3019 1925 μηδὲν
3061 1854 3224 1907 πλέον
3272 1854 3614 1925 ὲπιζητείσοω·
3648 1862 3679 1912 εί

2178 1952 2235 2004 δὲ
2262 1950 2355 2021 μὴ,
2381 1951 2441 2002 τό
2484 1965 2549 2016 γε
2589 1948 2860 2019 δεύτερον,
2903 1947 3091 2018 ὥσπερ
3140 1947 3250 1999 τών
3290 1946 3451 2001 ἄλλων
3493 1948 3676 2013 ἕκαστον,

2180 2042 2321 2095 οὕτω
2352 2042 2415 2111 δὴ
2593 2042 2685 2094 καὶ
2728 2043 2760 2111 ἠ
2805 2040 3006 2108 γνῶσις
3057 2039 3165 2092 τῶν
3210 2039 3483 2109 μεγίστων,
3515 2042 3589 2093 ἐπὶ
3615 2044 3680 2109 τὴν

2182 2135 2362 2189 αἰτίαν
2405 2134 2758 2204 ἁναφερέσθω
2811 2135 2941 2202 τιμῇ
2989 2131 3082 2184 τοῦ
3138 2132 3467 2202 γεννήτορος.
3509 2135 3680 2187 Δοκεῖδέ

2187 2227 2276 2299 μοί
2308 2244 2411 2289 τις,
2447 2226 2568 2297 μηδ’
2591 2224 2656 2277 ἂν
2687 2223 2907 2286 ἐκείνως
2931 2224 3221 2291 ἀναγνοὺς,
3248 2222 3321 2285 ώς
3344 2222 3443 2274 τῶν
3468 2221 3679 2293 καθ’ήειᾶς

2184 2321 2483 2390 φιλολόγων
2507 2335 2590 2379 τις
2619 2316 2751 2386 (56),
2782 2316 2977 2386 μικρὸν
3012 2315 3285 2385 ἐννοῆσαι,
3319 2316 3395 2366 ὅτι
3420 2314 3523 2367 οὐδὲ
3547 2316 3569 2367 6
3595 2317 3681 2377 Υἱὸς

2184 2413 2357 2475 ἄλλως
2390 2407 2496 2464 οἶδε
2524 2410 2623 2478 τὴν
2661 2408 2893 2478 ἡμέραν,
2935 2408 2966 2476 ἢ
3003 2406 3101 2476 τὴν
3131 2405 3304 2475 ὥραν,
3351 2406 3381 2475 ἦ
3425 2405 3490 2467 ὡς
3629 2404 3681 2455 ὅτι

2185 2508 2213 2558 6
2252 2504 2464 2574 Πατήρ.
2503 2501 2576 2553 Τό
2615 2500 2720 2572 γὰρ
2774 2498 3173 2568 συναγόμενον,
3235 2498 3439 2560 όποῖον;
3480 2497 3682 2566 Ἐπειδὴό

2188 2594 2377 2665 Πατὴρ
2436 2591 2713 2661 γινώσκει,
2754 2590 2840 2643 διὰ
2882 2588 3038 2642 τοῦτο
3084 2588 3181 2642 καὶ
3224 2590 3252 2640 6
3288 2586 3437 2650 Υἱὸς,
3466 2587 3531 2648 ώς
3559 2587 3679 2655 δῆλον,

2187 2689 2268 2740 ὅτι
2308 2684 2493 2757 μηδενὶ
2531 2681 2771 2750 γνωστὸν
2807 2679 2983 2739 τοῦτο,
3030 2679 3166 2750 μηδὲ
3224 2676 3438 2748 ληπτὸν,
3476 2677 3589 2746 πλὴν
3619 2678 3682 2745 τῆς

2190 2779 2412 2849 πρώτης
2441 2776 2675 2845 φύσεως.
2725 2774 3005 2826 Ἐλείπετο
3040 2770 3286 2842 περὶτοῦ
3324 2769 3606 2832 ἐντετάλθαι,
3623 2769 3683 2820 καὶ

2190 2868 2549 2940 τετηρηκέναι
2586 2866 2685 2927 τὰς
2728 2863 2966 2926 ἐντολὰς,
2992 2862 3087 2915 καὶ
3116 2862 3189 2914 τὰ
3224 2860 3423 2932 ἀρεστὰ
3444 2859 3683 2927 αὑτῷπάν-

2190 2972 2311 3009 τοτε
2365 2952 2745 3021 πεποιηκέναι,
2793 2950 3066 3003 διαλαϐεῖν
3120 2951 3270 3020 ἡμᾶς
3296 2966 3310 2980 ’
3346 2948 3420 3001 ἔτι
3456 2948 3504 3001 δὲ
3536 2948 3683 2999 τελειώ-

2196 3063 2358 3110 σεως,
2388 3046 2481 3099 καὶ
2528 3043 2809 3113 ὑψώσεως,
2859 3043 2952 3095 καὶ
2998 3041 3092 3094 τοῦ
3144 3041 3357 3111 μαθεῖν,
3397 3039 3450 3105 ἐξ
3476 3033 3683 3095 divit-.102.

2142 3192 2154 3208 ,
2195 3140 2294 3210 τὴν
2328 3137 2597 3207 ὑπακοὴν,
2636 3136 2729 3189 καὶ
2764 3134 3175 3207 ἀρχιερωσύνης
3208 3150 3267 3186 τε
3301 3134 3391 3187 καὶ
3430 3133 3683 3202 προσφορᾶς,

2198 3231 2291 3284 καὶ
2320 3228 2668 3299 παραδόσεως
2703 3267 2720 3293 ,
2855 3227 2947 3279 καὶ
2979 3226 3220 3295 δεήσεως
3264 3228 3360 3294 τῆς
3401 3223 3519 3294 πρὸς
3544 3222 3610 3275 τὸν
3631 3221 3685 3272 δυ-

2200 3319 2435 3385 νάμενον
2464 3316 2656 3383 σώζειν
2689 3317 2853 3371 αὐτὸν
2883 3320 2945 3371 ἐκ
2977 3318 3237 3383 θανάτου,
3268 3321 3363 3373 καὶ
3381 3320 3602 3387 ἀγωνίας,
3624 3322 3687 3371 καὶ

2203 3410 2482 3480 ϐρόμεων,
2530 3413 2623 3463 καὶ
2660 3410 2995 3481 προσευχῆς,
3029 3413 3121 3465 καὶ
3172 3411 3229 3463 ετ
3256 3429 3309 3465 τι
3340 3412 3458 3465 ἄλλο
3484 3411 3687 3465 τοιοῦτον

2201 3506 2251 3558 εί
2308 3505 2381 3574 μὴ
2433 3505 2569 3557 πᾶσι
2611 3503 2878 3572 πρόδηλον
2921 3500 3010 3576 ἦν,
3042 3506 3124 3558 ὅτι
3174 3511 3306 3576 περὶ
3348 3505 3405 3557 τὸ
3444 3507 3612 3573 πάσχον
3646 3507 3685 3554 τι

2200 3594 2423 3650 τοιαῦτα
2454 3596 2564 3649 τῶν
2599 3595 2903 3665 ὀνομάτων,
2936 3596 2998 3648 οὐ
3042 3597 3175 3666 περὶ
3219 3597 3319 3667 τὴν
3362 3597 3592 3667 ἄτρεπτον
3625 3594 3689 3662 φύ-

2203 3704 2307 3751 σιν,
2336 3689 2430 3741 καὶ
2458 3687 2552 3742 τοῦ
2585 3687 2818 3757 πάσχειν
2850 3687 3213 3759 ὑψηλοτέραν.

508 3774 632 3830 dem
665 3786 746 3831 est
777 3778 1014 3845 generis,
1052 3785 1389 3846 pertractare
1434 3795 1447 3831 :
1486 3778 1588 3831 nisi
1634 3776 1807 3831 cuivis
1837 3777 2183 3846 exploratum
2275 3786 2463 3841 esset,
2502 3776 2809 3856 hiijusinodi
2859 3778 3077 3832 nomina
3136 3779 3455 3846 perpetienti
3500 3779 3685 3832 liuiiuiii-

510 3870 607 3923 tati
639 3873 983 3926 attribuenda
1012 3887 1153 3935 esse,
1205 3887 1312 3925 non
1345 3878 1529 3924 autem
1562 3868 1883 3922 immutabili
1928 3868 2003 3923 illi
2038 3876 2270 3931 naturae,
2312 3878 2476 3937 atque
2509 3870 2658 3922 omni
2686 3868 2872 3923 dolore
2893 3878 2947 3923 et
2986 3872 3234 3923 cruciatu
3282 3870 3575 3924 sublimiori.

625 3988 872 4058 Ejusdem
914 3990 976 4042 de
1022 3989 1265 4057 dogmate
1298 3997 1345 4041 et
1396 3985 1731 4040 ordinatione
1783 3985 1986 4055 episco-

1218 4073 1422 4125 porum.

586 4151 748 4204 Pater
793 4149 1010 4219 quidem
1061 4149 1181 4202 sine
1221 4147 1488 4217 principio
1518 4157 1623 4212 est,
1674 4158 1726 4202 ct
1763 4146 2096 4216 principatus

512 4258 635 4297 esse
665 4240 985 4308 intelligitur
1013 4255 1076 4293 ac
1103 4240 1341 4305 dicitur;
1372 4240 1718 4309 principium,
1752 4240 1993 4307 inquam,
2036 4246 2093 4291 ut

2216 3981 2317 4033 Ἐκ
2345 3980 2452 4036 τοῦ
2478 3981 2666 4037 αὐτοῦ
2696 3982 2885 4054 λόγου
2917 3968 3023 4036 τοῦ
3050 3985 3185 4052 περὶ
3218 3984 3496 4054 δόγματος
3525 3985 3601 4039 καὶ
3620 4003 3690 4037 ιω-

2611 4052 2960 4119 ταστάσεως
2987 4052 3365 4130 ἐπισκόπων.

2274 4146 2489 4216 Πατρδς
2519 4148 2639 4215 μὲν,
2678 4147 2772 4201 καὶ
2812 4148 3075 4219 ἁνάρχου,
3117 4151 3218 4204 καὶ
3250 4152 3419 4223 ἀρχῆς
3446 4150 3687 4217 ἐπινοουμὲ-

2198 4256 2290 4291 νου
2323 4239 2741 4309 καὶ.λεγομένου
2777 4238 2975 4311 (ἀρχῆς
3002 4242 3081 4305 δὲ,
3106 4240 3186 4304 ὡς
3217 4245 3416 4306 αἰτίου,
3441 4244 3520 4295 καὶ
3544 4244 3601 4304 ὡς
3622 4258 3687 4304 πη-

512 4348 677 4387 causa
710 4343 763 4387 et
821 4330 942 4386 fons
971 4332 1196 4385 luminis
1220 4332 1559 4401 sempiterni.
1594 4329 1766 4385 Filius
1784 4343 1960 4385 autem
1986 4347 2035 4383 ni

2197 4334 2321 4399 γῆς,
2363 4333 2458 4385 καὶ
2501 4332 2576 4394 ὡς
2625 4333 2799 4385 ἀϊδίου
2840 4332 3036 4401 φωτός)
3071 4352 3084 4363 ·
3134 4334 3267 4387 Υίοῦ
3306 4336 3378 4402 δὲ,
3410 4336 3607 4405 ἀνάρχου
3627 4335 3689 4402 μὲν

513 4434 600 4480 est
637 4424 724 4478 ille
763 4424 981 4492 quidem
1044 4424 1269 4477 omnino
1300 4423 1418 4477 sine
1456 4423 1726 4492 principe,
1761 4422 1854 4477 sed
1910 4432 2089 4476 tanien

511 4526 593 4572 est
625 4532 805 4571 rerum
834 4515 1073 4569 Omnium
1109 4515 1437 4585 principium
1467 4534 1482 4582 ;
1544 4514 1868 4586 principium
1930 4529 2093 4583 porro

514 4626 639 4663 cum
670 4609 816 4673 dico,
849 4624 918 4663 ue
962 4619 1176 4678 tempus
1210 4608 1532 4675 iiiterjicias,
1568 4623 1670 4663 nec
1693 4609 1837 4663 inter
1882 4608 2092 4679 genito-

512 4716 626 4755 rem
664 4712 716 4754 et
743 4702 993 4770 genitum
1032 4700 1267 4755 medium
1302 4699 1507 4769 aliquid
1532 4700 1976 4762 constituas,iiec
2000 4713 2095 4767 per

513 4796 587 4861 id,
615 4796 758 4864 quod
819 4794 962 4848 inter
988 4808 1075 4858 ea,
1113 4809 1232 4861 qua:
1271 4794 1520 4847 eamdem
1573 4792 1933 4846 aeternitatem
1996 4791 2090 4841 ha-

509 4887 662 4946 bent,
696 4892 749 4937 et
786 4884 1073 4953 conjuncta
1110 4894 1259 4948 sunt,
1298 4884 1436 4937 male
1484 4883 1803 4952 interponis,
1837 4890 2090 4934 naturam

512 4976 751 5031 dividas.
785 4974 918 5029 Nam
962 4976 1005 5031 si
1042 4987 1254 5045 tempus
1284 4976 1422 5031 Filio
1457 4985 1541 5028 est
1593 4974 1898 5043 antiquius,
1940 4973 2090 5027 illius

510 5069 701 5139 procul
725 5069 886 5124 dubio
910 5070 1144 5139 primum
1166 5070 1327 5124 Pater
1353 5083 1516 5124 causa
1546 5065 1710 5121 fuerit
1739 5080 1963 5119 necesse
1984 5072 2089 5119 est.

513 5159 668 5227 Quod
694 5162 737 5216 si
771 5162 840 5216 ita
898 5173 1000 5228 est,
1034 5178 1141 5231 quo
1173 5162 1388 5217 tandem
1438 5163 1599 5214 modo
1646 5169 1950 5227 temporum
2012 5157 2088 5211 fa-

511 5263 632 5307 ctor
658 5254 762 5307 erit
791 5255 832 5318 ',
872 5256 960 5323 qui
1005 5255 1104 5309 sub
1137 5266 1347 5323 tempus
1371 5253 1554 5307 cadit?
1587 5252 1705 5317 Quo
1747 5252 1875 5305 item
1935 5251 2090 5303 modo

514 5347 777 5401 Dominus
810 5348 1050 5401 omnium
1088 5347 1129 5409 ⁸,
1170 5348 1213 5399 si
1276 5362 1397 5397 cum
1466 5356 1676 5413 tempus
1718 5345 2087 5413 praacesscrit,

508 5439 671 5507 eique
706 5435 1053 5491 dominetur?
1076 5435 1338 5504 Principii
1375 5437 1541 5504 igitur
1560 5450 1758 5503 expers
1778 5444 1858 5489 est
1880 5434 2035 5487 Pater
2070 5450 2085 5489 :

515 5545 616 5584 nec
645 5530 792 5586 enim
823 5530 1062 5591 aliunde,
1093 5542 1195 5581 nec
1230 5541 1261 5580 a
1296 5544 1355 5581 se
1393 5528 1510 5595 ipso
1530 5541 1651 5581 esse
1687 5526 1870 5580 habet.
1909 5524 2085 5579 Filius

515 5630 721 5687 autem,
753 5624 797 5678 si
830 5621 1045 5690 quidem
1078 5617 1291 5674 Patrem
1326 5630 1384 5673 ut
1415 5636 1635 5675 causam
1672 5619 1932 5687 accipias,
1995 5633 2086 5671 ne-

582 5744 598 5772 ⁸
628 5740 783 5794 Joan.
826 5758 879 5805 ιι,
916 5739 1014 5805 l8;
1051 5755 1135 5805 xv,
1176 5739 1284 5803 10;
1317 5755 1430 5801 Vlll,
1472 5738 1563 5793 29.

509 5810 602 5868 lat.
642 5827 702 5879 ll,
732 5813 819 5866 20.
899 5813 918 5841 ⁸
952 5810 1084 5865 Luc.
1120 5826 1252 5876 uti,
1290 5810 1357 5865 Η
1411 5826 1524 5879 seq.
1602 5810 1620 5841 ⁷
1650 5806 1815 5863 llcbr.
1851 5823 1890 5861 ι.
1922 5809 1975 5859 2.

1641 5740 1661 5769 ²
1700 5737 1861 5792 llebr.
1891 5752 1941 5797 ν,
1977 5738 2008 5788 9
2068 5744 2121 5786 ct
2152 5747 2305 5799 seqq.
2386 5737 2405 5762 '
2436 5737 2462 5784 Ε

1650 5806 1815 5858 Hebr.
1851 5823 1890 5858 ι.
1922 5809 1975 5858 2.
2055 5801 2077 5833 '
2112 5804 2271 5858 Rom.
2308 5817 2361 5858 ι.
2397 5803 2462 5855 12

2195 4425 2469 4495 οὐδαμῶς,
2509 4427 2683 4496 ἀρχῆς
2717 4425 2773 4478 δὲ
2814 4429 2923 4479 τῶν
2953 4428 3093 4481 ὅλων
3116 4444 3129 4459 ο
3161 4428 3338 4499 ἀρχὴν
3367 4430 3421 4482 δὲ
3444 4431 3554 4482 ὅταν
3582 4426 3687 4482 slain.

2196 4516 2273 4585 μὴ
2316 4517 2507 4586 Χρόνον
2544 4516 2842 4587 παρενθῇςι
2879 4520 3013 4590 μηδὲ
3067 4521 3237 4591 μέσον
3267 4539 3321 4575 τι
3356 4522 3509 4593 τάξῃς
3538 4517 3689 4582 1051:-

2192 4611 2516 4677 γεννηκότος
2562 4609 2658 4663 καὶ
2704 4610 2799 4663 τοῦ
2851 4612 3218 4681 γεννήματος,
3278 4614 3411 4683 μηδὲ
3444 4612 3592 4681 διέ).ῃς
3627 4608 3689 4673 τὴν

2195 4706 2358 4770 φύσιν
2402 4702 2480 4772 τῷ
2526 4705 2709 4765 κακῶς
2747 4706 3133 4773 παρεντεΘέντι
3175 4710 3290 4770 τοῖς
3338 4705 3594 4765 συναῐδίοις
3628 4701 3691 4753 καὶ

2195 4796 2585 4866 συνημμένοις.
2650 4797 2711 4848 Ei
2761 4797 2871 4866 γὰρ
2924 4798 3116 4867 χρόνος
3187 4799 3323 4853 Υίοῦ
3374 4796 3689 4867 πρεσϐύτεριςο

2194 4886 2403 4939 ἐκείνου
2425 4886 2625 4957 δηλαδὴ
2662 4885 2895 4957 πρώτως
2927 4887 2993 4941 ἂν
3026 4890 3112 4958 εἴη
3148 4890 3326 4953 αἴτιος
3358 4893 3383 4942 ό
3414 4884 3591 4956 Πατήρ.
3617 4882 3690 4936 Κιὶ

2196 4979 2311 5041 πῶς
2362 4978 2595 5049 ποιητὴς
2638 4980 2845 5050 χρόνων
2893 4982 2920 5033 6
2971 4980 3075 5033 ὑπὸ
3124 4987 3357 5051 χρόνονς
3407 4981 3516 5041 [Ιῶς
3550 4978 3593 5031 δὲ
3628 4977 3689 5026 καὶ

2194 5066 2399 5137 Κύριος
2432 5068 2670 5134 πάντων,
2702 5070 2749 5121 εί
2794 5070 2899 5123 ὑπὸ
2929 5071 3124 5140 χρόνου
3159 5069 3511 5141 προείληπταί
3548 5085 3593 5120 τε
3626 5066 3687 5117 iul.

2193 5156 2545 5226 κυριεύεταις
2579 5158 2847 5228 Ἀναρχος
2880 5159 2975 5211 οὖν
3004 5163 3032 5214 6
3060 5161 3252 5232 Πατήρ
3275 5174 3289 5189 ·
3325 5161 3382 5214 οὐ
3426 5160 3522 5229 γὰρ
3551 5157 3688 5218 ἐτέρω-

2192 5248 2286 5300 Θεν
2329 5248 2498 5319 αὐτῷ,
2540 5249 2661 5301 οὐδὲ
2713 5250 2845 5320 παρ’
2877 5251 3069 5304 ἑαυτοῦ
3121 5253 3180 5304 τὸ
3221 5250 3381 5305 εἶναι.
3423 5251 3479 5303 Ὀ
3510 5250 3555 5301 δὲ
3584 5246 3684 5305 Υἱὸς.

2194 5338 2289 5389 ἐὰν
2320 5338 2419 5409 μὲν
2449 5324 2533 5401 ὡς’
2557 5340 2729 5392 αἴτιον
2755 5340 2848 5391 τὸν
2886 5341 3107 5411 Πατέρα
3134 5341 3437 5410 λαμϐάνῃς,
3465 5341 3548 5391 οὐκ
3572 5337 3686 5399 ἀναί*

2191 5450 2283 5503 χος
2309 5447 2322 5461 ·
2365 5433 2507 5502 ἀρχὴ
2542 5435 2649 5502 γὰρ
2697 5432 2825 5484 Υίοῦ
2862 5434 3048 5503 Πατὴρ
3077 5437 3151 5497 ώς
3194 5437 3403 5496 αἴτιος·
3436 5429 3587 5484 ἐὰνδὲ
3619 5426 3683 5491 τὴν

2192 5524 2299 5577 ἀπὸ
2335 5524 2531 5591 χρόνου
2563 5524 2691 5594 νοῇς
2722 5523 2918 5593 ἀρχὴν,
2959 5524 3055 5577 καὶ
3093 5524 3357 5594 ἄναρχος·
3390 5522 3481 5574 οὑκ
3516 5519 3683 5586 ἄρχεται

2191 5616 2298 5685 γὰρ
2325 5615 2429 5667 ὑπὸ
2466 5615 2660 5686 χρόνου
2692 5617 2719 5669 6
2744 5617 2947 5686 χρόνων
2980 5617 3280 5685 Δεσπότης.

2386 5732 2405 5762 ³
2436 5732 2601 5788 Hebr.
2638 5749 2730 5800 vn,
2772 5732 2795 5786 Ι
2830 5747 2981 5803 seqq.
3060 5734 3080 5764 ⁵
3114 5730 3270 5785 Boni.
3304 5746 3377 5796 iv,
3406 5727 3488 5783 '25.
3552 5724 3569 5754 ⁸
3606 5718 3681 5773 Gii-
