3920 6572
151 539 242 604 593
1182 550 1562 612 ΡΛΝΟΡΙᾸΑ
1592 553 1704 614 DOt

1798 554 2054 615 mres.
2083 577 2151 588 —
2173 555 2319 617 TlT.
2351 555 2457 618 XI.
3051 539 3058 546 '
3267 553 3374 618 hat

140 686 388 742 quaquam
431 672 690 744 principio
732 681 923 740 caret;
978 675 1305 746 principium
1348 679 1493 734 enim
1550 677 1672 735 Filii
1744 682 1906 738 Pater
1941 693 2072 751 est,
2157 694 2215 741 ut
2264 701 2462 756 causa;
2499 687 2585 742 sin
2637 688 2703 745 de
2763 678 3003 760 tempore
3051 689 3375 761 principium

142 765 477 832 intellexeris,
526 767 777 836 principii
841 782 1058 838 quoque
1108 771 1288 826 omnis
1344 781 1428 828 est
1480 787 1695 844 expers.
1735 773 1919 845 Neque
1983 765 2126 830 enim
2195 786 2496 848 temporum
2531 779 2789 836 Dominus
2837 784 3065 852 tempori
3101 784 3378 855 subjectus

140 867 229 914 est.

302 953 365 1005 El
393 953 475 1017 δὲ,
505 953 585 1006 ὅτι
621 953 690 1008 τὰ
733 956 962 1027 σώματα
999 957 1104 1010 ὑπὸ
1145 959 1358 1030 χρόνον,
1403 959 1492 1013 διὰ
1539 961 1696 1017 τοῦτο
1724 968 1768 1020 Α

141 1041 370 1107 ἀξιώσεις
405 1042 618 1097 κεῖσθαι
653 1045 748 1097 καὶ
779 1045 872 1098 τὸν
913 1046 1041 1099 Υίδν
1079 1047 1186 1101 ὑπὸ
1226 1050 1437 1120 χρόνον,
1469 1050 1695 1123 περιθή-

140 1151 239 1197 σεις
268 1135 356 1188 καὶ
399 1135 559 1206 σῶμα
601 1135 680 1206 τῷ
727 1138 1038 1210 ἀσωμάτῳο
1085 1141 1182 1194 καὶ
1225 1143 1274 1194 εἰ
1319 1143 1400 1196 ὅτι
1449 1143 1519 1197 τὰ
1565 1144 1694 1215 παρ’

142 1228 252 1296 ἡμῖν
280 1225 626 1298 γεννώμενα,
658 1229 759 1282 οὐκ
782 1219 916 1284 ὄντα
947 1232 1100 1296 ποτὲ,
1136 1228 1256 1288 εἷτα
1291 1234 1572 1305 γινόμενα,
1605 1235 1693 1292 διὰ

140 1317 276 1371 τοῦτο
299 1319 391 1371 καὶ
422 1318 516 1372 τὸν
551 1319 680 1373 Υίὸν
705 1321 1044 1390 ἀναγκάσεις
1085 1325 1142 1392 ἐξ
1174 1327 1274 1379 οὐκ
1307 1327 1474 1381 ὄντων
1513 1329 1595 1393 εἰς
1633 1329 1694 1382 τὸ

143 1405 258 1462 εἶναι
293 1409 747 1482 παρεληλυθέναι,
781 1414 1094 1485 συγκρίνεις
1265 1417 1336 1471 τὰ
1365 1417 1690 1489 ἀσύγκριτα,

141 1503 253 1555 Θεὸν
283 1503 373 1555 καὶ
396 1503 706 1576 ἄνθρωπον,
749 1506 908 1576 σῶμα
941 1508 1033 1562 καὶ
1058 1509 1120 1561 τὸ
1147 1508 1437 1580 ἀσώματον
1455 1527 1470 1542 ο
1499 1512 1694 1567 οὐκοῦν

143 1595 220 1648 καὶ
247 1595 487 1648 πείσεται
516 1596 611 1650 καὶ
638 1596 950 1666 λυθήσεται,
986 1600 1066 1652 ὅτι
1099 1600 1192 1652 καὶ
1227 1600 1296 1654 τὰ
1323 1603 1566 1674 ἡμέτερα
1593 1603 1696 1657 σώ-

2037 960 2286 1026 Quodsi,
2321 960 2445 1030 quia
2495 975 2722 1030 corpora
2785 963 3014 1030 tempori
3072 961 3372 1031 subiacent,

1802 1053 2008 1107 idcirco
2067 1051 2287 1131 Filium
2329 1068 2543 1124 quoque
2597 1053 2824 1123 tempori
2876 1053 3100 1110 subesse
3147 1066 3374 1118 statuas.

1800 1154 1926 1200 tunc
1963 1144 2037 1202 rei
2081 1146 2416 1215 incorporeae
2449 1161 2646 1216 corpus
2689 1146 2984 1211 attribues;
3021 1155 3071 1202 et
3121 1148 3190 1212 si,
3237 1163 3376 1218 quo-

1799 1237 1943 1291 niam
1977 1253 2038 1292 ea
2078 1254 2197 1310 quas
2226 1239 2364 1309 apud
2409 1254 2508 1294 nos
2565 1241 2879 1310 gignuntur,
2913 1257 3034 1294 cum
3089 1251 3213 1296 ante
3268 1258 3374 1297 non

1797 1339 2000 1394 essent,
2043 1341 2229 1399 postea
2276 1343 2392 1385 orta
2428 1341 2576 1398 sunt,
2620 1332 2741 1386 ideo
2770 1331 2965 1387 Filium
3013 1349 3231 1405 quoque
3277 1349 3374 1389 ne-

1796 1425 2034 1479 cessario
2089 1441 2154 1480 ex
2194 1420 2379 1480 nihilo
2442 1426 2494 1480 in
2567 1441 2746 1480 rerum
2805 1438 3054 1480 naturam
3109 1427 3376 1496 prodiisse

1796 1516 2100 1583 contendis,
2139 1531 2421 1586 coiuparas
2451 1533 2536 1581 ea,
2565 1534 2685 1589 quae
2737 1520 3196 1589 comparationem
3254 1535 3372 1574 om-

1797 1622 1919 1661 nem
1966 1617 2251 1678 reSpuunt,
2279 1606 2450 1664 Deum
2486 1625 2678 1678 nempe
2716 1619 2770 1665 et
2815 1609 3111 1676 hominem,
3155 1625 3372 1680 corpus,

142 1703 286 1755 ματα.
320 1685 389 1739 Σὺ
426 1686 528 1757 μὲν
562 1683 656 1741 οὖν
689 1688 862 1753 ἀξιοῖς
897 1689 985 1743 διὰ
1026 1689 1186 1744 τοῦτο
1223 1690 1368 1745 οὕτω
1403 1693 1692 1762 γεννᾶσθαι

1798 1708 1848 1752 et
1879 1698 1930 1752 id
1983 1701 2126 1768 quod
2160 1716 2388 1772 corpore
2421 1711 2595 1758 vacat.
2640 1703 2780 1772 Ergo
2810 1711 2862 1756 et
2892 1706 3149 1773 patietur,
3179 1711 3235 1759 et
3263 1704 3375 1758 dis-

139 1777 272 1841 Θεὸν,
302 1777 432 1831 διότι
467 1777 537 1832 τὰ
568 1778 815 1850 σώματα·
847 1779 956 1850 ἐγὼ
987 1781 1044 1834 δὲ
1075 1781 1165 1836 διὰ
1190 1783 1346 1836 τοῦτο
1373 1785 1470 1854 οὐχ
1499 1784 1690 1850 οὕτως,

1798 1789 2065 1852 Solvetur,
2099 1801 2260 1858 atque
2302 1795 2563 1860 interibit,
2605 1798 3054 1862 quemadmodum
3093 1807 3147 1853 et
3190 1807 3372 1852 nostra

140 1869 209 1919 δτι
232 1867 366 1920 οὕτω
396 1869 466 1921 τὰ
499 1869 753 1939 σώματα.
787 1862 889 1923 Ὠν
916 1869 1026 1941 γὰρ
1070 1869 1128 1924 τὸ
1169 1867 1309 1926 εἶναι
1351 1873 1450 1944 οὐχ
1495 1874 1700 1945 ὅμοιονς

1798 1881 2041 1942 corpora.
2077 1875 2154 1929 Tu
2186 1879 2402 1946 quidem
2437 1882 2645 1939 idcirco
2673 1886 2840 1941 Deum
2871 1892 2940 1944 ita
2970 1891 3219 1959 generziri
3253 1907 3376 1943 ecu-

144 1956 321 2011 τούτων
357 1958 480 2011 οὐδὲ
528 1958 592 2012 τὸ
642 1961 838 2031 γεννᾷν
895 1961 1116 2032 ὅμοιονο
1162 1964 1212 2016 εἰ
1267 1964 1343 2036 μὴ
1398 1981 1493 2018 και
1539 1966 1704 2021 τᾶλλα

1798 1979 1901 2033 ses,
1929 1970 2069 2037 quod
2095 1986 2322 2041 corpora
2348 1974 2418 2028 ita
2451 1990 2780 2046 generentur
2875 1998 2890 2035 :

3028 1997 3128 2052 ego
3155 1997 3284 2035 vero
3312 1984 3383 2036 ob

145 2047 377 2120 δουλεύσῃ

563 2052 683 2114 ταῖς
724 2050 897 2114 ὕλαις,
930 2045 1040 2104 οἷον
1079 2052 1327 2123 πάσχων,
1376 2056 1466 2110 καὶ
1504 2056 1704 2110 λυπού-

1798 2060 1846 2114 id
1885 2077 1990 2116 non
2040 2066 2112 2117 ita
2174 2065 2318 2136 gigni
2359 2045 2591 2134 aiﬁrmo,
2641 2073 2784 2140 quod
2841 2088 2904 2126 ea
2959 2074 3029 2128 sit
3063 2045 3376 2144 vcorporum

151 2156 306 2210 μενος,
336 2141 428 2194 καὶ
460 2141 687 2207 πεινῶν,
726 2145 820 2196 καὶ
851 2144 1020 2214 διψῶν
1043 2187 1059 2208 ,
1099 2148 1194 2199 καὶ
1220 2147 1319 2200 ὅσα
1359 2148 1392 2219 ἢ
1430 2148 1704 2220 σώματος,

1798 2155 2187 2226 gignendorum
2251 2159 2391 2214 ratio
2457 2162 2709 2230 (quorum
2747 2166 2892 2220 enim
2939 2175 3131 2220 natura
3167 2167 3378 2219 diversa

149 2233 175 2304 ἦ
201 2231 282 2286 τοῦ
315 2235 728 2305 συναμφοτέρου
765 2235 934 2303 πάθη.
983 2235 1144 2291 Ἀλλὰ
1173 2238 1346 2292 ταῦτα
1371 2241 1430 2293 οὐ
1469 2241 1704 2312 παραδέ-

1798 2256 1900 2308 est,
1938 2248 2130 2302 horum
2180 2251 2363 2320 dispar
2405 2269 2618 2322 quoque
2648 2259 2940 2325 generandi
2985 2257 3237 2326 modus);
3277 2258 3379 2310 nisi

151 2325 282 2395 χεταί
306 2343 396 2380 σου
425 2329 455 2381 6
483 2328 612 2392 νοῦς
633 2347 645 2361 ·
683 2329 810 2401 περὶ
843 2329 979 2384 Θεοῦ
1007 2331 1118 2403 γὰρ
1143 2332 1172 2384 6
1201 2331 1376 2402 λόγος.
1407 2334 1498 2405 Μὴ
1526 2335 1704 2392 τοίνυν

1798 2353 1919 2393 eum
1964 2342 2014 2394 in
2044 2343 2297 2397 omnibus
2336 2344 2456 2399 aliis
2487 2361 2702 2417 quoque
2733 2349 2893 2403 rebus
2937 2364 3210 2418 corporeae
3261 2366 3378 2403 ma-

154 2418 268 2487 μηδὲ
307 2417 402 2490 τὴν
444 2420 709 2494 γέννησιν
745 2422 951 2491 ἄλλως,
988 2423 1023 2493 ἢ
1085 2423 1162 2488 ὼς
1219 2425 1407 2498 θεῖκὴν
1467 2427 1704 2500 παραδέ-

1798 2433 1948 2485 teriae
1975 2434 2184 2488 servire
2214 2437 2535 2502 contendas,
2563 2441 2666 2495 hoc
2698 2451 2805 2507 est,
2839 2450 2896 2496 ut
2951 2417 3210 2512 patiatur,
3243 2452 3296 2496 et
3327 2442 3381 2495 in

152 2523 251 2600 χον,
1800 2536 2037 2578 mcerore
2073 2536 2340 2592 versetur,
2389 2539 2444 2584 et
2479 2529 2624 2586 fame
2675 2549 2738 2589 ac
2793 2535 2882 2590 siti
2923 2535 3158 2600 laboret,
3193 2549 3384 2589 omnes

150 2599 353 2668 denique
388 2617 487 2659 eas
540 2601 879 2669 aﬂ'ectiones,
913 2605 1130 2674 quibus,
1173 2605 1257 2663 vel
1301 2605 1590 2677 corporis,
1643 2606 1724 2659 vel
1779 2607 2112 2675 conjunctim
2162 2613 2444 2683 utriusque
2499 2618 2668 2684 partis
2720 2631 2913 2676 natura
2976 2599 3215 2691 subjecta
3271 2637 3376 2693 est,

152 2693 449 2758 experiatur.
481 2695 610 2752 Haec
658 2699 802 2751 enim
861 2715 989 2754 vero
1035 2715 1192 2754 mens
1239 2712 1324 2754 tua
1365 2715 1467 2755 non
1509 2699 1766 2758 admittit.
1811 2702 1884 2756 De
1955 2704 2059 2756 Deo
2123 2706 2319 2774 quippe
2384 2723 2564 2765 sermo
2599 2723 2701 2767 est.
2763 2713 2840 2769 Ne
2873 2727 2925 2770 tu
2956 2699 3124 2786 igitur
3159 2736 3382 2790 genera-

155 2782 325 2838 tionem
357 2786 520 2841 aliter
547 2802 706 2856 quam
739 2797 797 2842 ut
828 2790 1062 2844 divinam
1095 2791 1341 2848 admitte.

314 2873 444 2925 ’Δλλ“
481 2877 536 2926 εί
575 2878 919 2948 γεγέννηται,
954 2883 1072 2946 πῶς
1098 2883 1420 2953 γεγέννηται
1441 2927 1454 2948 ,
1506 2887 1704 2958 (maia;

164 2960 448 3035 ’Δπόκριναί
502 2985 616 3038 μοι,
659 2963 704 3021 ὧ
746 2970 1050 3026 διαλεκτικὲ
1099 2975 1162 3028 σὺ
1215 2975 1307 3028 κοιλ⁴
1346 2977 1574 3044 ἄφυκτε.
1645 2978 1707 3030 Ei

150 3051 380 3120 ἔκτισται,
415 3059 543 3123 πῶς
571 3060 850 3128 ἔκτισταις
884 3065 1028 3135 κάμὲ
1071 3067 1293 3120 ἀπαίτει
1331 3067 1410 3130 τὸ,
1455 3069 1579 3133 Πῶς
1618 3086 1710 3138 γε-

150 3145 404 3218 γέννηται;
437 3151 624 3216 Πάθος
796 3156 926 3226 περὶ
957 3157 1058 3227 τὴν
1084 3158 1371 3230 γέννησιν;
1406 3159 1582 3224 Πάθος
1614 3162 1710 3214 καὶ

150 3236 254 3306 περὶ
279 3238 367 3308 τὴν
397 3241 617 3294 κτίσιν·
652 3242 686 3314 ἢ
719 3244 828 3316 γὰρ
852 3247 913 3298 ού
949 3246 1123 3312 πάθος
1153 3251 1184 3320 ή
1215 3250 1580 3316 ἀνατύπωσις,
1614 3254 1709 3306 καὶ

147 3327 175 3394 ἡ
211 3329 431 3397 φροντὶς,
475 3333 577 3385 καὶ
603 3335 635 3405 ἡ
662 3334 757 3388 τοῦ
785 3336 1071 3407 νοηθέντος
1104 3339 1315 3409 ἀθρόως
1355 3343 1435 3407 εἰς
1465 3342 1524 3396 τὸ
1569 3344 1708 3397 κατὰ

149 3418 292 3488 μέρος
337 3422 686 3492 ὲξὰπ).ωσις;
738 3429 942 3499 Χρόνος
986 3431 1117 3501 περὶ
1149 3431 1248 3503 τὴν
1289 3434 1578 3505 γέννησιν;
1621 3437 1709 3489 Ἐν

149 3505 296 3576 χρόνῳ
340 3511 432 3563 καὶ
483 3510 559 3564 τὰ
609 3514 925 3584 κτιζόμενα.
977 3517 1155 3583 Τόπος
1209 3521 1474 3588 ὲνταῦθα;
1532 3525 1710 3588 Τόπος

147 3595 259 3650 ἐκεῖ.
306 3600 606 3672 ’Δποτυχία
640 3605 767 3676 περὶ
804 3607 903 3676 τὴν
938 3608 1228 3680 γέννησινς
1270 3584 1566 3683 Ἀποτυχία
1616 3584 1772 3669 κα.λο

147 3689 253 3759 περὶ
278 3691 368 3762 τὴν
393 3694 598 3748 κτίσιν.
627 3696 815 3750 Ταῦτα
843 3698 1050 3766 ἤκουσα
1077 3701 1506 3773 φιλοσοφούντων
1531 3705 1706 3776 ὑμῶν·

148 3776 177 3828 ἃ
206 3780 298 3852 γὰρ
325 3785 352 3835 ὁ
382 3783 514 3848 νοῦς
553 3786 859 3858 ὑπέγραψε,
895 3789 1157 3856 πολλάκις
1181 3790 1360 3848 ’ταῦτα
1391 3797 1424 3866 ἡ
1458 3796 1579 3868 χεὶρ
1609 3797 1709 3850 οὐκ

148 3869 379 3930 ἐτέλεσεν.
441 3878 614 3931 Ἀλλὰ
649 3879 816 3952 λόγῳ,
860 3883 1014 3954 φησὶ,
1048 3885 1108 3938 τὸ
1143 3887 1250 3939 πᾶν
1289 3887 1568 3960 ὑπέστησε
1614 3891 1708 3943 καὶ

151 3960 438 4036 βουλήματι.
463 3969 661 4036 Αὐτὸς
689 3972 797 4043 γὰρ
831 3969 982 4036 εἷπε,
1015 3974 1115 4029 καὶ
1287 3979 1665 4048 ἐγενήθησαν
1688 3999 1703 4012 ·

146 4056 302 4124 αὐτὸς
353 4060 718 4126 ἐνετείλατο,
774 4065 872 4118 καὶ
915 4067 1310 4137 ἐκτίσθησαν.
1339 4072 1508 4126 Ὅταν
1547 4077 1708 4147 εἴπῃς

143 4146 359 4222 τῷλόγῳ
381 4153 475 4206 τοῦ
504 4153 642 4207 Θεοῦ
674 4155 743 4210 τὰ
769 4149 947 4211 πάντα
978 4161 1248 4223 ἐκτίσθαι,
1283 4165 1343 4216 οὐ
1369 4164 1468 4236 τὴν
1498 4146 1708 4237 ἀνθρω-

148 4235 286 4327 πίνην
318 4242 493 4297 κτίσιν
534 4245 805 4314 εἰσάγεις⁶
833 4247 1008 4312 οὐδεὶς
1039 4250 1148 4321 γὰρ
1178 4253 1333 4322 ἡμῶν
1360 4235 1504 4326 λόγῳ
1535 4235 1707 4327 πράτ-

147 4340 214 4376 τει
236 4326 298 4380 τὰ
331 4330 618 4403 γινόμενα.
651 4333 818 4386 Οὐδὲν
845 4335 953 4406 γὰρ
978 4335 1044 4389 ἂν
1072 4333 1139 4408 ἦν
1169 4338 1498 4410 ὑψηλότερον
1528 4326 1706 4412 ἡμῶν,

145 4416 248 4505 οὐδὲ
279 4420 656 4495 ἀπονώτερον,
697 4427 745 4478 εί
790 4427 850 4505 το
893 4427 1072 4496 λέγειν
1116 4429 1280 4500 ἔργου
1316 4432 1707 4503 συμπλήρωσις

144 4501 200 4575 ἦν
225 4525 236 4539 ·
273 4509 408 4565 ὥστε
431 4571 438 4576 _
465 4515 519 4568 ei.
571 4514 664 4568 καὶ
699 4501 849 4588 λόγω
886 4518 1060 4584 κτίζει
1110 4519 1242 4584 Θεὸς
1285 4522 1351 4575 τὰ
1390 4501 1706 4594 κτιζομενα,

147 4598 228 4652 οὐκ
257 4601 596 4674 ἀνθρώπινον
626 4605 774 4677 αὐτῷ
803 4607 864 4660 τὸ
893 4609 1124 4674 κτίζειν.
1297 4613 1369 4666 Ἢ
1396 4611 1505 4685 γὰρ
1537 4613 1707 4679 δεῖξον

145 4693 225 4745 καὶ
257 4693 542 4767 ἄνθρακι-ιον
571 4698 716 4770 λόγῳ
756 4718 808 4753 τι
839 4701 1150 4772 πράττοντα
1169 4720 1181 4732 ·
1221 4704 1254 4774 ἢ
1298 4703 1464 4771 δέξαι,
1497 4706 1582 4758 ὅτι
1609 4706 1707 4778 οὐχ

144 4777 207 4842 ὡς
239 4783 523 4854 ἄνθρωπος
559 4791 732 4855 κτίζει
755 4780 922 4856 Θεός.
973 4793 1128 4846 Ἐπεὶ
1167 4793 1466 4866 διάγραψον
1512 4777 1707 4869 βουλήέ

147 4887 259 4959 μστι
289 4877 462 4945 πόλιν,
495 4881 592 4934 καλ⁹
625 4885 961 4955 παραστήτω
1137 4885 1290 4950 πόλις
1314 4903 1327 4916 ο
1359 4887 1582 4952 θέλησον
1610 4907 1706 4959 γε-

145 4958 306 5016 νέσθαι
338 4983 418 5020 σοι
608 4969 744 5033 υἱὸν,
785 4973 877 5026 καὶ
910 4975 1249 5046 παραστήτω
1283 4978 1411 5041 παῖς
1433 4994 1447 5009 ο
1481 4978 1706 5051 θέλησον

146 5050 252 5105 ἄλλο
288 5075 338 5110 τι
371 5059 479 5112 τῶν
513 5064 930 5135 πραττομένων.
972 5067 1067 5120 καὶ
1098 5069 1177 5132 εἰς
1204 5067 1363 5140 ἔργον
1393 5073 1426 5142 ἡ
1453 5050 1706 5144 βούλησις

145 5148 442 5217 χωρησὰτω.
486 5154 548 5205 Ei
584 5154 641 5206 δὲ
662 5155 866 5210 τούτων
886 5158 1038 5212 οὐδὲν
1065 5159 1258 5213 ἕπεται
1291 5161 1368 5233 τῷ
1397 5161 1704 5232 βούλεσθαι,

146 5232 259 5290 Θεοῦ
298 5241 354 5294 δὲ
381 5244 442 5297 τὸ
482 5243 767 5314 βούλεσθαι
797 5249 1000 5321 πρᾶξίς
1036 5251 1187 5306 ἐστιν
1212 5294 1226 5316 ,
1258 5232 1435 5317 ἄλλως
1467 5256 1566 5325 μὲν
1607 5255 1704 5309 ἄν-

145 5325 343 5397 θρωπος
379 5336 584 5410 κτίζει,
617 5338 793 5404 ἄλλως
836 5341 894 5394 δὲ
942 5344 970 5396 ὁ
1018 5343 1236 5398 πάντων
1277 5346 1504 5416 κτίστης
1549 5347 1699 5411 Θεός.

147 5417 252 5485 Πῶς
291 5422 380 5479 οὖν
433 5429 608 5494 κτίζει
663 5433 760 5503 μὲν
809 5435 909 5487 οὐκ
959 5434 1346 5508 ἀνθρωπικῶς,
1404 5438 1702 5510 γεννᾷν,-δὲ

145 5510 490 5582 ἀναγκάζεται
528 5523 931 5595 ἀνθρωπικῶς;
982 5527 1054 5580 Σὺ
1102 5527 1202 5597 μὲν
1240 5527 1339 5581 οὐκ
1385 5529 1481 5594 ὢν,
1513 5529 1703 5583 ἔπειτα

146 5601 334 5672 ἐγένου,
367 5605 486 5664 εἶτα
517 5617 712 5685 γεννᾷς
731 5633 744 5646 ·
779 5616 867 5671 διὰ
890 5618 1048 5672 τοῦτο
1083 5619 1181 5673 οὐκ
1209 5619 1338 5674 ὄντα
1363 5622 1444 5684 εἰς
1469 5621 1529 5674 τὸ
1564 5618 1702 5677 εἶναι

146 5717 419 5785 πιράγεις.
455 5721 546 5788 Ἦ,
595 5723 682 5776 ἵνα
725 5739 780 5776 τι
834 5711 1130 5792 βαθύτερον
1178 5725 1346 5792 είπω,
1392 5727 1530 5796 τάχα
1573 5725 1692 5778 οὐδὲ

148 5805 290 5870 αὐτὸς
317 5809 374 5876 ἐξ
403 5813 502 5867 οὐκ
534 5814 705 5868 ὄντων
738 5815 1011 5886 παράγεις
1033 5830 1047 5845 ·
1086 5817 1206 5870 ἐπεὶ
1230 5819 1323 5871 καὶ
1351 5818 1379 5870 6
1407 5818 1560 5880 Λευῒ,
1587 5836 1693 5888 φη-

150 5894 247 5959 σὶν,
264 5899 341 5953 ἔτι
367 5904 429 5957 ἐν
456 5907 517 5978 τῇ
546 5907 708 5976 ὀσφύϊ
738 5907 834 5962 τοῦ
859 5908 1064 5981 πατρὸς
1095 5906 1184 5982 ἦν,
1206 5910 1334 5981 πρὶν
1357 5911 1439 5974 είς
1460 5911 1520 5964 τὸ
1551 5907 1692 5966 εἶναι

211 5997 224 6028 ⁸
253 5997 397 6057 Psal.
425 6020 640 6077 cxuttt,
676 6011 725 6066 5.

1980 2886 2175 2944 Verum
2203 2894 2560 2965 si-gcneratus
2585 2908 2685 2958 est.
2707 2903 2906 2969 inquis,
2928 2906 3199 2973 quomodo
3219 2920 3382 2975 geno-

1793 2991 1940 3035 ratus
1959 2983 2065 3036 est?
2081 2981 2366 3054 Responde
2391 2999 2442 3042 tu
2468 3006 2681 3061 quoque
2705 2994 2856 3055 mihi,
2879 3010 2910 3049 ο
2938 3006 3091 3050 acute
3110 3009 3156 3050 et
3178 2998 3383 3053 invicte

1791 3074 2052 3143 sophista.
2072 3075 2129 3129 Si
2149 3091 2362 3132 creatus
2376 3089 2479 3143 est,
2492 3084 2760 3150 quomodo
2784 3095 2996 3140 creatus
3020 3098 3097 3141 est
3114 3087 3220 3141 ?Ac
3235 3100 3381 3156 post-

1792 3179 1853 3218 ca
1890 3181 1956 3220 ex
2000 3183 2086 3221 tne
2130 3169 2720 3242 sciscitare,quumodo
2736 3188 3028 3245 generatus
3045 3180 3156 3233 sit?
3186 3179 3376 3236 Passio

1793 3266 1894 3321 est,
1922 3258 2155 3329 inquies.
2179 3262 2323 3314 circa
2353 3266 2792 3332 generationem?
2816 3269 2970 3323 Estet
2999 3272 3176 3339 passio
3193 3273 3376 3338 etiam,

1793 3349 2012 3417 inquam
2045 3367 2165 3420 ego.
2209 3353 2350 3406 circa
2393 3357 2749 3412 creationem.
2785 3359 2887 3424 (Au
2933 3377 3036 3414 non
3074 3364 3216 3415 enim
3253 3381 3380 3433 pas-

1794 3443 1966 3498 sionis
1999 3446 2260 3498 rationem
2295 3447 2458 3501 habet
2511 3449 2850 3517 informatio,
2889 3463 2944 3508 et
2983 3468 3136 3520 cura,
3169 3465 3223 3510 et
3268 3458 3382 3524 ejus

1797 3537 1895 3598 rei,
1927 3554 2046 3606 qua:
2081 3547 2189 3593 tota
2221 3539 2380 3602 simul
2425 3558 2488 3597 ac
2514 3554 2732 3613 repente
2763 3546 3000 3616 cogitata
3031 3544 3132 3612 est,
3171 3549 3222 3602 in
3259 3567 3382 3619 par—

1796 3642 1877 3684 tes
1912 3631 2218 3698 extensio?)
2241 3633 2497 3703 Tempus,
2539 3638 2728 3700 addes,
2756 3639 2900 3692 circa
2934 3643 3334 3708 generationem
3358 3643 3387 3696 ἲ

1795 3717 1853 3770 In
1901 3731 2140 3790 tempore
2171 3725 2334 3778 etiam
2368 3737 2493 3779 sunt
2530 3744 2654 3796 qum
2691 3744 2970 3786 creantur.
3026 3731 3200 3784 Locus
3236 3733 3388 3786 illic?‘

1794 3811 1894 3866 llic
1941 3830 2156 3884 quoque
2214 3816 2385 3874 locus.
2432 3817 2552 3887 Spei
2623 3821 2906 3876 frustratio
2945 3823 3090 3876 circa
3144 3841 3380 3892 genera—

1795 3907 2035 3962 tionem?
2059 3907 2276 3963 Creatio
2306 3926 2520 3979 quoque
2548 3913 2818 3967 interdum
2863 3930 3013 3983 spem
3067 3916 3378 3970 frustratur.

1797 3997 1924 4054 "336
1975 4014 2003 4053 a
2066 4002 2221 4056 vobis
2274 4003 2670 4058 disserentibus
2727 4006 2944 4072 audivi;
2997 4007 3198 4061 etenim
3262 4024 3383 4078 qua“.

1798 4108 1951 4146 tuens
1977 4093 2288 4160 delineavit,
2321 4111 2381 4148 ea
2414 4097 2733 4162 plerumque
2765 4113 2955 4150 manus
2987 4099 3249 4167 perlicere
3276 4117 3379 4152 nou

1798 4185 1992 4256 potuit.
2032 4187 2102 4238 At
2138 4187 2287 4240 dices
2317 4205 2329 4239 :
2365 4189 2530 4242 verbo
2571 4199 2620 4242 et
2651 4190 2926 4244 voluntate
2962 4191 3141 4244 omnia
3197 4193 3386 4244 condi-

1797 4277 1874 4330 dit
1909 4296 1920 4330 :
1954 4275 2073 4343 Ipse
2102 4277 2244 4330 enim
2281 4277 2437 4341 dixit,
2483 4291 2532 4332 et
2579 4280 2722 4346 facta
2753 4290 2874 4333 sunt
2907 4296 2924 4334 :
2961 4280 3069 4350 ipsc
3094 4283 3384 4343 mamturiz,

1796 4375 1842 4419 et
1874 4377 2048 4418 creata
2080 4377 2203 4421 sunt
2257 4365 2300 4424 ³.
2333 4369 2517 4439 Atqui,
2547 4387 2667 4426 cum
2698 4371 2776 4426 ais
2827 4373 3008 4426 omnia
3074 4374 3164 4426 Dei
3219 4373 3383 4427 verbo

1798 4469 1983 4512 creata
2037 4459 2240 4524 fuisse,
2287 4478 2393 4517 nou
2448 4463 2736 4519 humanam
2791 4465 2998 4520 scilicet
3051 4467 3381 4521 creationem

1801 4549 2048 4617 inducis;
2111 4567 2210 4607 nec
2258 4553 2401 4606 enim
2446 4555 2732 4623 quisquam
2794 4565 3078 4609 nostrum.
3131 4573 3217 4619 ea,
3264 4572 3384 4624 qua:

1801 4641 1954 4706 liunt,
1994 4643 2158 4695 verbo
2218 4642 2401 4697 eilicit.
2456 4643 2599 4697 Nihil
2644 4645 2840 4713 quippe
2896 4644 3049 4699 nobis
3100 4646 3385 4703 sublimius

1800 4751 1862 4790 ac
1922 4736 2268 4805 prmstantius
2319 4745 2510 4800 esset,
2581 4736 2871 4807 minusque
2925 4737 3288 4800 laboriosum,
3340 4738 3384 4792 si

1799 4842 2054 4883 sermone
2079 4828 2192 4882 solo
2233 4825 2435 4897 aliquid
2475 4827 2744 4883 coniicere
2779 4843 3080 4898 possemus.
3111 4829 3386 4895 Quamob-

1800 4935 1940 4986 rem,
1987 4921 2085 4974 etsi
2148 4920 2309 4986 Deus,
2353 4935 2438 4984 ea,
2487 4935 2604 4988 quae
2653 4931 2943 4985 creantur,
2993 4922 3158 4976 verbo
3211 4929 3386 4985 creat,

1731 5007 1908 5061 Dnon
1954 5016 2130 5060 tamen
2177 5007 2409 5061 luunaua
2467 5019 2549 5062 est
2606 5007 2724 5078 ejus
2781 5010 3002 5063 creandi
3069 5011 3226 5064 ratio.
3283 5013 3388 5064 Aut

1799 5099 1946 5154 enim
2011 5099 2284 5153 hominem
2327 5115 2543 5168 quoque
2591 5117 2846 5157 sermone
2897 5102 3097 5170 aliquid
3151 5102 3388 5156 ellicien-

1803 5199 1911 5245 ten:
1944 5192 2171 5245 ostende
2210 5209 2222 5244 :
2257 5201 2349 5243 aut
2383 5192 2511 5244 mihi
2544 5195 2780 5249 concede
2810 5196 2973 5248 Deum
3015 5211 3119 5247 non
3153 5195 3387 5248 humano

1803 5296 1955 5336 more
1993 5295 2204 5337 creare.
2239 5281 2392 5349 Quod
2427 5284 2470 5336 si
2505 5299 2664 5338 secus
2691 5286 2995 5347 existimas,
3026 5300 3145 5354 age,
3194 5285 3387 5338 volun-

1805 5383 1914 5429 tate
1967 5374 2243 5428 civitatem
2286 5375 2553 5441 describe,
2610 5386 2663 5431 et
2717 5376 2900 5430 statim
2949 5377 3141 5430 civitas
3191 5393 3388 5444 reprm-

1805 5476 2066 5522 sentctur.
2109 5467 2244 5536 Opta
2284 5467 2375 5521 tibi
2429 5468 2595 5522 lilium
2647 5468 2837 5530 nasci,
2887 5477 2940 5523 el
2994 5468 3240 5537 protinus
3293 5467 3386 5522 tibi

1806 5574 1940 5628 puer
1976 5560 2220 5613 exsistat.
2285 5559 2431 5614 Velis
2475 5559 2616 5613 aliud
2661 5559 2936 5627 quidpiam
2995 5573 3204 5620 eorum,
3270 5575 3390 5628 qure

1806 5649 2057 5702 manibus
2094 5648 2419 5714 elliciuutu'r,
2465 5657 2517 5704 et
2556 5648 2838 5703 confestim
2871 5647 3118 5702 voluntas
3173 5652 3223 5702 iu
3256 5665 3390 5717 Opus

1806 5746 2049 5814 prodeat.
2087 5743 2240 5811 Quod
2278 5745 2323 5796 si
2361 5742 2579 5812 quidem
2637 5741 2770 5796 nihil
2807 5741 2998 5795 horum
3052 5742 3388 5798 voluntatem

1807 5845 2048 5888 nostram
2113 5843 2396 5902 sequatur,
2452 5832 2541 5886 Dei
2600 5847 2728 5887 vero
2785 5831 3032 5886 voluntas
3085 5833 3228 5887 actio
3279 5834 3386 5900 sit;

1805 5927 2151 5999 perspicuum
2211 5926 2397 5996 utique
2436 5933 2538 5991 est,
2573 5924 2679 5981 alio
2733 5925 2949 5995 quidem
3009 5925 3168 5982 modo
3211 5926 3389 5982 horni-
