3768 6606
407 423 513 490 593
1652 429 2035 491 EUTHYMII
2079 427 2438 490 ZIGABENI
3531 429 3615 494 603

405 558 527 609 una:
557 542 780 599 humilia
810 553 864 602 et
899 543 1106 612 abiecta
1144 551 1268 597 sunt
1323 556 1766 606 commemoras;
1821 544 1893 596 su‘

2131 541 2288 608 670;,
2320 539 2424 594 ὑπὸ
2458 541 2558 610 μὲν
2593 541 2704 595 τῶν
2734 542 2811 607 ὡς
2843 542 2976 606 Θεὸς
3001 543 3252 613 τιμᾶται,
3300 540 3390 594 καὶ
3417 546 3619 601 συναλεί-

409 639 518 691 tnia
551 653 678 693 vero
699 647 864 708 atque
893 640 1153 707 praeclara
1195 637 1587 708 praetermittis.
1639 636 1792 701 Quod
1850 651 1897 688 ιιι

2135 649 2274 697 seat,
2303 631 2406 684 ὑπὸ
2429 632 2486 684 δὲ
2521 633 2630 686 τῶν
2655 633 2730 697 ὡς
2767 632 2906 704 σὰρξ
2933 634 3284 703 ἀτιμάζεται,
3309 633 3399 686 καὶ
3427 636 3621 705 χωρίζε-

408 738 535 786 tutts
563 731 634 786 sit
663 733 940 800 expendis.
967 732 1110 804 quod
1145 742 1324 787 autem
1365 731 1507 787 ultro
1546 737 1777 785 mortem
1828 743 1895 796 op

2132 743 2206 780 αι.
2238 725 2394 798 Τίσιν
2419 727 2652 797 ὀργισθῇ
2691 728 2878 792 πλέον,
2915 728 3116 796 μᾶλλον
3145 726 3202 779 δὲ
3226 726 3364 780 τίσιν
3386 728 3508 798 ἀφῇ,
3531 733 3620 796 τοῖς

411 824 579 889 εἰει-ει,
606 839 712 878 non
728 825 1067 880 consideras.
1087 823 1237 880 Talia
1265 824 1501 880 Verbum
1545 838 1686 878 nunc
1707 823 1870 879 etiam

2133 807 2656 888 υναιροῦσι’κακῶς.
2698 820 2741 890 ’ἢ
2792 823 2906 883 τοῖς
2939 822 3238 891 τέμνουσις
3273 820 3378 872 Καὶ
3423 821 3518 891 γὰρ
3544 826 3621 876 κά-

412 917 563 978 titur.
593 915 722 971 dum
747 916 816 972 ab
845 917 966 973 aliis
996 928 1056 974 ut
1091 917 1232 973 Deus
1289 916 1484 973 colitur
1544 926 1709 984 alque
1765 914 1900 969 couft

2133 907 2308 972 sivsu;
2344 907 2578 981 διαιρεῖν
2606 909 2737 972 ἔδει.
2780 909 2878 964 καὶ
2919 909 3146 973 τούτους
3183 909 3621 978 συνάπτειν-τοὺς

409 1008 579 1075 ditur,
616 1009 683 1062 ab
711 1009 834 1064 aliis
885 1019 945 1066 ut
1010 1025 1140 1069 caro
1203 1009 1507 1080 despicitur
1572 1015 1629 1063 et
1677 1014 1897 1074 separat

2133 1000 2198 1054 tv
2227 992 2308 1071 τῷ
2340 1000 2585 1072 ἀριθμῷ,
2637 1004 2764 1066 τοὺς
2796 1002 2854 1056 δὲ
2887 1005 2950 1073 τῇ
3007 1002 3249 1071 θεότητι.
3299 1001 3621 1072 Προσκόπτεις

415 1095 566 1154 Utris
595 1099 764 1168 magis
808 1099 1096 1168 irascatur,
1121 1109 1214 1156 aut
1248 1099 1430 1170 potius
1464 1097 1752 1169 ignoscat?
1785 1096 1903 1152 lllisl

2135 1095 2156 1164 ᾗ
2193 1093 2395 1165 caput;
2433 1094 2606 1148 Τοῦτο
2637 1095 2732 1148 καὶ
2789 1095 3055 1151 Ἰουδαῖοι.
3087 1096 3160 1148 ’Ἠ
3194 1095 3289 1147 καὶ
3325 1094 3623 1166 Σαμαρείτην

409 1205 441 1242 a
467 1189 666 1258 quibus
705 1190 846 1246 male
873 1193 1237 1258 contrahitur,
1279 1207 1348 1246 an
1395 1190 1523 1253 illis,
1571 1205 1601 1244 a
1657 1189 1854 1260 quibus

2134 1183 2392 1247 ποκαλεῖς
2421 1202 2438 1251 ;
2498 1186 2596 1239 καὶ
2628 1185 2689 1238 τὸ
2726 1183 2856 1254 ἑξῆς
2883 1187 3256 1256 σιωπήσομαι.
3303 1183 3548 1247 ’Δπιστεῖς
3574 1191 3622 1258 τῇ

413 1281 685 1337 scinditur
702 1283 725 1336 t
741 1282 1042 1352 Oportebat
1066 1285 1210 1340 enim
1236 1293 1296 1341 ut
1320 1297 1377 1340 et
1405 1284 1484 1340 illi
1511 1297 1776 1354 personas
1798 1297 1901 1337 nun

2135 1276 2350 1347 εότητι;
2380 1275 2554 1332 Τοῦτο
2601 1277 2724 1330 οὐδὲ
2775 1278 2822 1331 οἱ
2862 1277 3141 1346 δαίμονες,
3184 1270 3232 1330 ὦ
3281 1274 3376 1330 καὶ
3401 1275 3623 1344 δαιμόνων

413 1384 476 1424 ιο
504 1369 921 1442 distinguerent,
950 1384 1004 1430 et
1033 1375 1086 1430 bi
1127 1389 1222 1430 eas
1259 1375 1545 1430 divinitate
1576 1373 1901 1443 conjungere

2131 1371 2418 1440 πιστότερε
2491 1370 2591 1434 σὺ,
2657 1370 2752 1424 καὶ
2831 1369 3109 1424 Ἰουδαίων
3177 1367 3617 1438 ἀγνωμονέστερει

409 1460 589 1518 Carne
620 1465 789 1533 ipsius
815 1465 1144 1522 olfeuderis?
1177 1467 1232 1522 ld
1261 1465 1656 1522 Judaisetiam
1685 1463 1897 1520 accidet

2137 1464 2338 1516 Εκεῖνοι
2370 1461 2469 1532 τὴν
2492 1462 2585 1516 τοῦ
2609 1463 2740 1516 Υίοῦ
2767 1460 3146 1534 προσηγορίαν
3173 1457 3460 1530 ὀμοτιμίας
3484 1459 3625 1528 φωνὴν

411 1553 550 1610 Num
577 1567 632 1611 et
661 1555 1061 1614 Samaritanum
1092 1560 1111 1632 (
1145 1568 1205 1615 ut
1233 1560 1377 1631 quod
1431 1558 1681 1629 sequitur
1730 1569 1899 1614 taceat

2137 1557 2382 1626 νόμισαν,
2413 1549 2560 1610 οῦτοι
2593 1555 2685 1610 τὸν
2719 1555 3014 1610 ἐλαύνοντα
3054 1555 3190 1608 Θεὸν
3219 1553 3432 1623 ᾔδεσαν.
3482 1551 3625 1604 Ἐπεί-

411 1645 567 1702 illum
597 1649 834 1717 appellas
860 1649 884 1704 ἲ
912 1649 993 1705 Tu
1038 1650 1311 1706 Divinitati
1339 1666 1445 1706 non
1479 1649 1676 1705 credis.
1735 1649 1892 1716 Quod

2137 1665 2258 1702 οντο
2286 1648 2396 1720 γὰρ
2427 1648 2488 1713 ἐξ
2533 1641 2610 1702 ὧν
2655 1648 2916 1718 ἔπασχον.
2951 1648 3025 1700 Σὺ
3055 1645 3113 1699 δὲ
3154 1645 3277 1698 οὐδὲ
3315 1642 3411 1712 τὴν
3451 1643 3625 1712 ἰσότητι

413 1743 690 1797 σῐεηιοηεε
713 1741 929 1812 quidem
993 1744 1282 1799 faciebant.
1315 1741 1361 1799 Ο
1422 1744 1758 1799 daemonibus
1819 1756 1901 1794 tua

1659 1744 1758 1798 bus
1819 1739 1994 1808 magis
2097 1741 2259 1813 δίνῃ,
2291 1741 2414 1794 οὐδὲ
2438 1741 2722 1812 ὁμολογεῖς
2756 1741 2856 1810 τὴν
2888 1739 3145 1809 θεότητα.

411 1833 1014 1903 incredule,ctJud:eis
1071 1838 1246 1909 magis
1298 1838 1545 1907 iugratel
1587 1838 1650 1890 Hi
1701 1835 1823 1890 Filii
1875 1833 2294 1905 appellationem
2365 1835 2590 1904 aequalis
2652 1835 2874 1890 honoris
2910 1849 3096 1889 vocem
3152 1829 3533 1890 existimabant,
3573 1824 3624 1877 illi

411 1942 558 1994 eum,
598 1946 628 1985 a
657 1947 767 2001 quo
799 1931 1174 2002 ejit-iebantnr,
1234 1932 1402 1986 Deum
1451 1931 1821 2001 agnoscebant
1863 1945 1878 1983 :
1911 1945 1975 1984 ex
2045 1929 2115 1984 iis
2159 1929 2302 1983 enim
2347 1942 2471 1998 quae
2520 1927 2886 1996 patiebantur,
2923 1927 2973 1981 id
3005 1923 3108 1980 sibi
3143 1921 3536 1994 pet-suadebant.
3569 1920 3624 1975 Tu

387 2034 593 2092 {autem
625 2040 727 2083 nec
779 2028 1137 2097 aequalitatem
1188 2028 1441 2097 suscipis,
1499 2043 1598 2084 nec
1645 2027 1981 2082 divinitatem
2022 2025 2322 2082 conﬁteris.

418 2146 556 2204 Item
586 2150 836 2203 adversus
865 2150 1089 2205 Arianos
1109 2159 1157 2204 et
1183 2148 1543 2219 Ennomiunos
1596 2147 1833 2219 Gregorii
1863 2147 1906 2203 N

2139 2150 2240 2202 Ετι
2270 2143 2422 2200 κατὰ
2483 2139 3067 2219 Ἀρειανῶνῃτξκαί
3114 2137 3506 2219 figuratum-53f,
3547 2140 3626 2219 toi:

490 2237 564 2274 ut
607 2221 872 2292 goictiﬁcis
903 2237 968 2276 ea:
1008 2222 1246 2277 oratione
1305 2222 1374 2274 ad
1418 2211 1750 2292 Simplicium
1803 2211 1978 2288 scripti

2177 2217 2434 2283 Νύσσης
2465 2211 2585 2292 Δ
2620 2217 2727 2292 (οὗ
2765 2213 2822 2280 β’
2867 2213 3057 2284 λόγου
3098 2211 3210 2265 τοῦ
3256 2212 3401 2278 πρὸς
3428 2212 3623 2280 small-

484 2292 550 2346 ἀι
602 2287 767 2346 Filio.
1537 2287 1547 2292 ⁷
1914 2287 1919 2288 ⁷

1537 2287 1547 2292 ⁷
1914 2287 1919 2288 ⁷
2181 2306 2318 2342 χιον
2345 2287 2480 2356 περὶ
2524 2288 2683 2342 Υίοῦ.

499 2464 642 2519 Dens
667 2476 762 2532 per
789 2459 1114 2532 Prophetam
1143 2459 1384 2531 praecipit
1413 2474 1482 2516 ne
1513 2459 1680 2514 ullum
1705 2460 1869 2515 deum
1898 2475 1987 2516 no-

2172 2457 2398 2510 Κελεύει
2423 2459 2450 2511 6
2476 2457 2606 2520 Θεὸς
2635 2455 2724 2510 διὰ
2754 2457 2848 2511 τοῦ
2879 2458 3170 2530 Προφήτω
3213 2459 3410 2530 μηδένα
3429 2463 3621 2533 πρόστα-

420 2572 552 2613 vum
588 2554 760 2609 Deum
807 2566 932 2607 esse
964 2551 1362 2616 existimemus,
1409 2567 1584 2620 neque
1613 2551 1772 2605 deum
1809 2551 1908 2604 ado

2135 2567 2193 2603 ον
2226 2549 2345 2602 θεὸν
2374 2549 2502 2619 Θεὸν
2535 2543 2672 2601 εἶναι
2721 2549 2992 2620 νομίζειν,
3051 2550 3193 2621 μηδὲ
3229 2557 3524 2621 προσκυνεῖν
3553 2558 3622 2611 ἀλ.-

426 2664 550 2705 mus
577 2647 812 2702 alienum
841 2645 882 2700 ³.
924 2642 1273 2698 Manifestum
1301 2651 1383 2698 est
1413 2653 1592 2698 autem
1623 2642 1768 2712 quod
1794 2658 1914 2697 nov:

2124 2642 2301 2714 .οτρίῳ
2334 2641 2459 2712 θεῷ.
2512 2640 2721 2694 Οὐκοῦν
2757 2641 2912 2712 δῆλον
2947 2644 3116 2708 ἐστιν,
3159 2645 3243 2697 ὅτι
3267 2644 3545 2716 πρόσφατον
3559 2649 3612 2702 λέ-

429 2742 627 2796 dicitur
659 2737 713 2792 id
748 2739 891 2807 quod
926 2752 956 2789 a
989 2741 1321 2806 sempiterno
1350 2750 1459 2789 non
1483 2744 1602 2801 est;
1628 2749 1692 2790 ac
1718 2751 1913 2790 rursus

2131 2751 2255 2786 ἐται
2275 2730 2304 2783 ὂ
2327 2733 2402 2802 μὴ
2424 2729 2484 2796 ἐξ
2514 2731 2683 2784 ἀϊδίου
2707 2729 2821 2783 ἐστί
2847 2744 2860 2759 °
2907 2732 3002 2784 καὶ
3030 2734 3096 2785 ἐκ
3131 2732 3229 2785 τοῦ
3253 2735 3479 2789 ἐναντίου
3501 2740 3619 2792 πάλιν

427 2828 728 2892 contrario,
771 2825 1161 2896 sempiternum
1195 2824 1396 2879 dicitur
1444 2822 1590 2893 quod
1639 2840 1838 2878 novum
1891 2839 1915 2877 ι]

2131 2827 2271 2879 ιῖδιον
2301 2825 2516 2893 λέγεται
2555 2823 2583 2876 ὃ
2626 2824 2702 2895 μὴ
2733 2824 3044 2896 πρόσφατόν
3085 2827 3261 2880 ἐστιν.
3305 2827 3362 2880 '0
3395 2830 3546 2884 τοίνυν
3567 2833 3619 2903 μὴ

429 2928 533 2976 est.
587 2920 753 2991 Igitur
807 2919 900 2988 qui
956 2932 1061 2970 non
1123 2933 1186 2972 ex
1253 2917 1586 2985 sempiterno
1651 2915 1917 2986 Unigenitl

2131 2920 2162 2985 ξ
2188 2918 2353 2971 ἀϊδίου
2383 2917 2471 2969 τὸν
2495 2917 2770 2987 Μονογενῆ
2798 2916 2928 2969 Θεὸν
2961 2917 3025 2969 ἐκ
3058 2916 3156 2969 τοῦ
3186 2919 3394 2988 Πατρὸς
3421 2916 3535 2975 εἶναι
3556 2940 3619 2975 πι-

431 3013 600 3069 Deum
634 3027 700 3068 ex
731 3009 894 3064 Patre
929 3025 1052 3064 esse
1089 3009 1284 3072 credit,
1331 3024 1531 3063 novum
1573 3023 1696 3063 eum
1735 3024 1858 3063 esse
1893 3024 1919 3060 n

2128 3013 2331 3075 ιτεύων,
2356 3010 2664 3082 πρόσφατον
2695 3009 2854 3064 αὑτὸν
2883 3007 3021 3063 εἶναι
3045 3011 3147 3064 οὐκ
3179 3013 3414 3082 ἀρνεῖται
3437 3031 3449 3045 ·
3474 3014 3616 3085 τὸγὰρ

431 3113 626 3176 negat;
660 3101 800 3172 quod
833 3101 978 3156 enim
1012 3116 1118 3154 non
1155 3100 1568 3170 sempiternum.
1614 3115 1812 3153 novum
1852 3114 1913 3168 pr

2128 3107 2183 3174 ιὴ
2209 3105 2393 3165 ἀΐδιον,
2428 3104 2734 3172 πρόσφατον
2759 3100 2975 3165 πάντως
3000 3118 3013 3131 ·
3045 3104 3156 3155 πᾶν
3178 3103 3234 3156 δὲ
3259 3103 3318 3155 τὸ
3350 3105 3616 3174 πρόσφατον,

435 3212 530 3252 sus
562 3202 684 3262 est;
720 3193 1085 3264 quodcunque
1119 3203 1298 3246 autem
1334 3208 1535 3246 novttm
1569 3201 1676 3256 est,
1725 3190 1868 3246 Deus
1902 3208 1923 3243 ιε

2228 3214 2238 3260 ς
2286 3196 2384 3248 οὐκ
2429 3195 2609 3260 ἐστιν,
2655 3192 2836 3258 καθὼς
2870 3189 3021 3248 εἶπεν
3051 3195 3084 3266 ή
3111 3194 3344 3266 Γραφὴ,
3391 3197 3461 3249 ὅτι
3502 3199 3620 3251 «Οὐκ

435 3293 541 3349 est.
574 3283 1032 3356 quemadmodum
1079 3281 1211 3335 dicit
1252 3281 1532 3351 Scriptura
1568 3301 1580 3336 ε
1618 3301 1634 3333 ι
1663 3280 1780 3336 Non
1819 3282 1920 3336 erit

2130 3289 2260 3340 ἱσται
2291 3288 2348 3339 ἐν
2393 3287 2476 3339 σοι
2509 3285 2638 3350 Θεὸς
2683 3287 3010 3357 πρόσφατος.
3039 3305 3057 3338 ι
3119 3289 3264 3358 Ἀρα
3289 3291 3317 3341 6
3343 3288 3520 3355 λέγων,
3562 3290 3618 3342 ὅτι

439 3385 492 3430 to
519 3374 664 3431 Deus
700 3390 896 3429 novus.
931 3374 952 3404 '
991 3391 1010 3424 ι
1051 3371 1195 3443 Ergo
1222 3374 1312 3442 qui
1346 3373 1498 3436 dicit,
1542 3372 1686 3441 quod
1721 3373 1927 3441 aliquant

2129 3379 2239 3430 me
2270 3378 2369 3431 οὐκ
2401 3373 2486 3448 ἦν,
2521 3373 2674 3441 οὗτος
2697 3378 2937 3447 ἀρνεῖται
2965 3376 3129 3430 αὑτοῦ
3157 3379 3255 3448 τὴν
3281 3377 3502 3447 θεότητα.
3543 3379 3617 3431 Πά-

440 3465 611 3522 Filius
642 3482 750 3524 non
802 3474 941 3532 erat,
994 3466 1040 3521 is
1091 3475 1251 3535 negat
1292 3465 1412 3534 ejus
1458 3463 1735 3518 deitatem.
1803 3463 1928 3517 Itur:

2132 3488 2191 3522 ,ιν
2218 3469 2492 3541 ἀλλότριον
2518 3469 2649 3522 Θεὸν
2677 3473 2998 3542 προσκυνεῖν
3025 3470 3226 3522 κωλύει
3248 3473 3276 3524 ὁ
3307 3471 3487 3539 λέγων,
3519 3470 3620 3523 «Oti-

438 3559 677 3613 alienum
709 3555 878 3612 Deum
908 3564 1053 3611 vetat
1081 3558 1329 3617 adorare,
1353 3556 1448 3625 qui
1480 3556 1611 3609 dicit
1639 3574 1652 3610 :
1684 3574 1701 3606 ι
1726 3553 1921 3624 Nunqu

2133 3563 2163 3615 :é
2174 3580 2298 3614 ποτε
2323 3564 2722 3633 προσκυνήσεις
2745 3560 2850 3632 Θεῷ
2871 3561 3139 3632 ἀλλοτρίῳ
3157 3577 3171 3591 ⁸
3204 3581 3222 3614 ι
3273 3560 3302 3612 6
3330 3561 3381 3614 δὲ
3403 3560 3621 3630 ἀλλότριος

440 3649 694 3704 adorabis
721 3649 883 3704 deum
914 3650 1152 3704 alienant
1184 3647 1204 3678 ³
1235 3665 1248 3701 :
1287 3666 1306 3698 ι
1355 3649 1570 3702 alienus
1596 3656 1779 3701 autem
1818 3647 1928 3701 coll

2129 3657 2178 3724 τῇ
2213 3653 2348 3724 πρὸς
2377 3653 2464 3706 τὸν
2495 3654 2625 3706 ἴδιον
2649 3655 2681 3724 ἡ
2691 3653 2804 3723 μῶν
2830 3653 2960 3706 Θεὸν
2983 3652 3351 3723 ἀντιδιαστολῇ
3374 3651 3617 3722 θεωρεῖται.

441 3751 564 3788 eum
602 3745 796 3793 nostro
831 3737 1052 3809 proprio
1082 3737 1192 3793 Deo
1220 3739 1576 3796 distinctione
1605 3744 1929 3795 consuleratl

2130 3723 2204 3786 Γῖς
2232 3723 2324 3780 οὖν
2350 3730 2376 3781 ὁ
2403 3729 2529 3793 ἴδιος
2553 3723 2706 3803 ἡμῶν
2732 3737 2848 3790 ἐστι
2870 3739 3029 3808 Θεός;
3066 3743 3240 3814 Δῆλον
3267 3746 3345 3799 ὅτι
3375 3747 3401 3798 6
3425 3742 3618 3815 ἀληθινὸς

441 3825 577 3894 Quis
617 3831 781 3900 igitur
807 3845 994 3888 noster
1041 3835 1290 3903 proprius
1335 3843 1417 3887 est
1472 3832 1654 3888 Deus?
1697 3831 1880 3884 Palam

2131 3818 2260 3881 956;.
2310 3820 2405 3884 Τίς
2437 3822 2493 3875 δὲ
2525 3826 2552 3878 6
2578 3826 2887 3899 ἀλλότριος;
2939 3836 3165 3899 Πάντως
3197 3841 3226 3892 6
3255 3838 3350 3908 τῆς
3372 3836 3456 3890 τοῦ
3481 3834 3619 3903 ἀληθι-

441 3923 582 3992 quod
627 3939 790 3979 verus
838 3925 1001 3981 Deus.
1041 3917 1348 3992 Quis-item
1402 3924 1655 3980 alienus?
1691 3937 1918 3992 prorsus

2132 3909 2202 3962 νοῦ
2230 3911 2364 3964 Θεοῦ
2399 3912 2614 3981 φύσεως
2639 3919 2929 3992 ἀλλοτρίως
2954 3925 3112 3995 ἔχων.
3170 3929 3231 3982 El
3255 3925 3342 3982 οῦν
3369 3929 3483 3990 ἴδιος
3507 3923 3620 3994 ἡμῶν

439 4013 532 4080 qui
561 4029 590 4067 a
622 4023 816 4068 natura
843 4015 936 4070 Dei
971 4017 1082 4072 veri
1108 4018 1320 4072 alienus
1349 4023 1452 4070 est.
1483 4014 1538 4068 Si
1571 4014 1735 4084 igitur
1761 4027 1924 4083 propr

2129 4009 2257 4055 iactv
2278 4005 2305 4056 6
2325 4005 2572 4077 ἀληθινὸς
2603 4008 2751 4074 Θεὸς,
2779 4013 2842 4066 ἂν
2869 4017 2943 4088 μὴ
3035 4019 3134 4090 τῆς
3159 4019 3253 4078 τοῦ
3287 4017 3510 4089 ἀληθινοῦ
3521 4011 3617 4068 Θεοῦ

441 4111 632 4158 noster
678 4104 840 4169 Dens,
882 4106 1020 4160 Deus
1065 4121 1230 4160 verus
1273 4113 1380 4166 est.
1419 4106 1465 4160 si
1508 4102 1837 4174 Unigenitus
1875 4099 1929 4154 1)(

2133 4093 2325 4162 Ρύσεως
2347 4100 2374 4150 ὁ
2401 4102 2710 4178 Μονογενὴς
2739 4104 2889 4170 Θεὸς,
2927 4107 3110 4172 καθὼς
3141 4107 3386 4176 λέγουσιν
3407 4108 3449 4160 oi
3475 4107 3621 4174 αἱρετι-

440 4208 506 4247 ex
541 4205 735 4248 natura
766 4198 874 4250 veri
914 4196 1002 4251 Dei
1041 4213 1147 4251 non
1194 4198 1285 4261 sit,
1334 4194 1792 4267 quemadmodum
1837 4193 1928 4247 han

2129 4186 2230 4249 ιοὶ,
2273 4189 2549 4263 ἀλλότριος
2591 4196 2724 4261 Θεός
2764 4199 2902 4262 ἐστι,
2942 4199 3034 4252 καὶ¹
3063 4199 3164 4270 οὐχ
3206 4199 3474 4270 ἡμέτερος.
3499 4194 3617 4260 Λέγει

440 4285 534 4338 tici
586 4286 795 4352 dicunt,
845 4287 1055 4342 alienus
1096 4288 1240 4343 Deus
1270 4297 1376 4355 est,
1409 4295 1463 4342 et
1498 4293 1687 4343 noster
1728 4285 1868 4339 Deus
1904 4301 1928 4338 tl

2130 4278 2168 4330 se
2205 4279 2267 4331 τὸ
2317 4282 2644 4354 Εὑαγγέλιον
2685 4288 2766 4342 ὅτι
2811 4288 2881 4342 τά
2921 4289 3168 4360 πρόϐατα
3202 4289 3452 4359 ἀλλοτρίῳ
3488 4288 3536 4338 οὐ
3568 4283 3618 4355 μὴ

440 4387 546 4430 est.
580 4376 929 4449 Evangeliutn
959 4391 1138 4435 autem
1186 4379 1320 4436 dicit
1348 4378 1491 4450 quod
1537 4394 1667 4433 oves
1695 4377 1872 4432 alieno
1905 4392 1928 4430 n

2129 4370 2421 4446 Βπακούσῃ.
2481 4377 2540 4430 '0
2567 4378 2738 4447 λέγων
2769 4381 2986 4435 κτιστὸν
3014 4382 3177 4435 αὑτὸν
3206 4378 3369 4444 εἶναι,
3404 4364 3617 4446 ἀλλότριὸν

441 4466 699 4522 obediant
730 4469 770 4524 ⁵.
804 4468 905 4536 Qui
939 4481 1181 4525 creatum
1212 4487 1335 4526 cum
1360 4485 1483 4526 esse
1510 4470 1665 4534 dicit,
1711 4469 1929 4522 alienun

2127 4463 2212 4531 τῆς
2243 4464 2336 4517 τοῦ
2371 4466 2622 4538 ἀληθινοῦ
2657 4469 2789 4523 Θεοῦ
2836 4472 3048 4542 φύσεως
3089 4467 3230 4526 εἶναι
3267 4467 3615 4526 κατασκευάσει.

440 4561 554 4614 veri
577 4559 669 4615 Dei
692 4569 884 4616 natura
923 4562 1070 4617 facit.
1098 4562 1238 4629 Quid
1271 4563 1435 4633 igitur
1461 4560 1665 4616 faciunt
1688 4559 1777 4630 qui
1801 4559 1925 4614 dicu

2131 4553 2181 4605 Γί
2211 4550 2303 4608 οὖν
2330 4556 2572 4612 ποιοῦσιν
2601 4561 2649 4612 oi
2675 4561 2944 4631 λέγοντες,
2979 4565 3063 4617 ὅτι
3096 4565 3312 4627 κτιστός
3340 4566 3474 4626 tam;
3497 4560 3619 4629 Πί¹⁰⁶⁴

441 4653 584 4723 quod
625 4662 842 4709 creatus
881 4656 994 4712 sit?
1025 4656 1420 4710 Adorabuntne
1467 4671 1614 4721 eum,
1659 4655 1753 4724 qui
1795 4662 1929 4708 creat

2129 4647 2336 4700 ιιυνοῦσι
2375 4649 2468 4702 τὸν
2514 4652 2730 4706 κτιστὸν
2759 4655 2941 4719 αὑτὸν,
2984 4657 3017 4728 ἦ
3056 4657 3215 4727 οὐχί;
3261 4656 3432 4725 Εξμὲν
3465 4651 3552 4721 γάρ
3576 4648 3617 4698 οὐ

441 4744 533 4806 sit,
565 4745 780 4799 annon?
802 4745 932 4800 Natu
965 4746 1010 4802 si
1036 4763 1142 4801 non
1165 4744 1652 4813 adorantJudazos
1684 4753 1929 4815 sequunt‘

2129 4739 2532 4808 προσκυνοῦσιν,
2564 4743 2958 4815 Ἰουδαῖζουσιν,
2983 4749 3304 4820 ἀρνούμενοι
3332 4745 3417 4801 τοῦ
3436 4736 3617 4814 Χριστοῦ

442 4845 703 4904 negantes
745 4839 1115 4894 adoratiouem
1143 4840 1389 4908 Christi;
1425 4841 1510 4895 sin
1547 4849 1728 4895 autem
1762 4836 1925 4892 adora

2131 4831 2212 4903 τὴν
2271 4835 2666 4908 προσκύνησιν·
2725 4841 2774 4893 εί
2823 4839 2878 4893 δὲ
2932 4840 3357 4913 προσκυνοῦσιν,
3397 4832 3619 4890 εἰδωλολα-

443 4925 743 4980 idololatra:
781 4935 931 4993 sunt,
955 4927 1187 4982 adorant
1219 4929 1363 4984 enim
1394 4945 1542 4992 eum,
1567 4929 1660 4998 qui
1702 4927 1913 4981 alienus

2130 4923 2304 4995 τροῦσι
2327 4941 2342 4958 ο
2387 4927 2479 4980 τὸν
2511 4927 2619 5002 γὰρ
2648 4931 2925 5004 ἀλλότριον
2957 4931 3050 4985 τοῦ
3078 4929 3327 5004 ἀληθινοῦ
3351 4926 3470 4982 Θεοῦ
3493 4936 3618 4994 προε-

445 5029 475 5066 a
509 5012 615 5068 Deo
661 5029 810 5070 vero.
853 5016 1011 5086 Atqui
1053 5031 1207 5086 aeque
1259 5018 1484 5088 impium
1527 5025 1612 5072 est
1656 5016 1738 5071 vel
1774 5030 1880 5069 non
1917 5030 1933 5065 ι

2131 5015 2390 5071 τυνοῦσιν.
2435 5017 2594 5073 Ἀλλά
2625 5021 2730 5093 μὴν
2759 5023 2953 5094 ὲπίσης
2980 5023 3195 5087 ἀσεϐὲς,
3219 5022 3310 5076 καὶ
3341 5019 3408 5091 μὴ
3438 5028 3619 5085 προσκν·

441 5118 601 5158 orare
645 5103 865 5172 Filium,
895 5107 981 5163 vel
1024 5109 1253 5164 adorare
1281 5108 1447 5165 Deum
1497 5109 1755 5163 alienum.
1792 5104 1926 5177 0pm

2128 5108 2228 5159 νεῖν
2275 5107 2367 5161 τὸν
2399 5109 2548 5172 Υἰὸν,
2593 5112 2686 5165 καὶ
2740 5117 3064 5183 προσκυνεῖν
3099 5114 3189 5168 τὸν
3228 5112 3480 5181 ἀλλότριον
3504 5102 3616 5158 Θεόν.

443 5210 576 5266 ergo
609 5197 726 5252 veri
758 5195 936 5254 Patris
962 5215 1152 5255 verum
1189 5201 1387 5256 Filium
1414 5200 1621 5264 dicere,
1647 5207 1704 5254 ut
1727 5197 1928 5254 adoreu

2131 5196 2234 5266 ’ἱρὴ
2258 5198 2364 5268 ἄρα
2397 5198 2488 5251 τοῦ
2515 5200 2766 5272 ἀληθινοῦ
2791 5204 3002 5275 Πατρὸς
3055 5202 3302 5274 ἀληθινὸν
3334 5200 3415 5253 τὸν
3437 5196 3538 5250 Υἱὸν
3559 5191 3619 5242 λέο

443 5301 592 5349 ειιιιι,
625 5295 682 5341 ει
730 5303 837 5342 non
882 5289 1315 5346 condemnemur
1368 5298 1630 5360 tanquam
1687 5288 1854 5344 Deum
1895 5291 1931 5340 a‘

2129 5303 2252 5355 ΐεινν
2290 5289 2375 5342 ἵνα
2402 5293 2795 5364 προσκυνῶμεν
2818 5293 3002 5358 αὐτὸν,
3031 5294 3126 5348 καὶ
3167 5294 3240 5368 μὴ
3266 5282 3617 5358 κατακριθῶμεν

444 5393 574 5433 nutu
610 5379 920 5437 adorantes.
975 5382 1258 5438 Adversus
1307 5398 1402 5438 eos
1451 5389 1633 5436 autem
1677 5382 1768 5452 qui
1827 5381 1932 5435 diei

2130 5379 2189 5443 ὓς
2209 5380 2484 5453 ἀλλότριον
2506 5385 2936 5454 προσκυνοῦντες
2957 5387 3097 5442 θεόν.
3121 5386 3262 5458 Πρὸς
3281 5385 3331 5436 δὲ
3350 5382 3460 5440 τοὺς
3483 5375 3618 5442 λέῖθν·

444 5469 576 5525 illud
599 5487 665 5526 ex
690 5469 1012 5538 Proverbio,
1041 5491 1060 5525 ι
1094 5473 1355 5530 Dominus
1383 5473 1589 5528 creavit
1608 5489 1692 5529 me
1715 5474 1759 5537 ⁸,
1795 5492 1813 5525 ι
1847 5480 1899 5528 ει
1926 5488 1932 5542 1

2128 5488 2214 5536 τας
2240 5473 2382 5543 τδ.ὲκ
2398 5477 2494 5546 τῆς
2517 5477 2825 5548 Παροιμίας
2839 5479 2921 5532 ὅτι
2946 5498 2962 5529 ι
2989 5477 3189 5552 Κύριος
3216 5474 3383 5530 ἔκτισέ
3405 5487 3461 5543 με
3488 5487 3525 5522 t.
3551 5461 3616 5516 καὶ

445 5560 550 5616 hoc
586 5570 798 5632 putant,
824 5579 884 5620 se
911 5565 1135 5635 aliquod
1162 5565 1378 5619 firmum
1411 5564 1609 5620 all'erre
1637 5572 1933 5635 argument:

2128 5566 2203 5619 5ιά
2231 5567 2389 5621 τοῦτο
2421 5569 2738 5640 νομίζοντας
2772 5573 2988 5645 ἰσχυρόν
3017 5591 3069 5627 τι
3099 5573 3273 5643 λέγειν
3300 5564 3514 5643 περὶτοῦ
3535 5576 3616 5614 κτι-

446 5653 514 5707 ad
555 5655 900 5724 probandum
932 5656 1079 5727 quod
1116 5665 1338 5715 creatus
1385 5658 1457 5715 sit
1487 5659 1730 5713 omnium
1767 5657 1926 5711 condi

2127 5676 2176 5710 ςτ
2185 5659 2242 5711 ὸν
2263 5654 2400 5714 εἶναι
2427 5661 2518 5714 τὸν
2541 5662 2755 5718 πάντων
2777 5665 3001 5736 κτίστην
3015 5665 3122 5719 ’καὶ
3148 5661 3469 5735 δημιουργὸν,
3487 5650 3615 5707 ταῦτι

446 5757 499 5799 et
538 5756 780 5814 creator,
811 5746 928 5804 haec
970 5752 1228 5806 convenit
1256 5751 1458 5817 dicere,
1495 5738 1639 5820 quod
1681 5749 1848 5804 multa
1901 5767 1932 5819 p

2123 5752 2386 5823 προσήκει
2417 5752 2616 5823 λέγειν,
2647 5755 2728 5810 ὅτι
2763 5755 2931 5811 πολλά
2957 5756 3024 5810 δι’
3051 5757 3195 5824 ἡμᾶς
3223 5754 3422 5822 ἐγένετο
3442 5744 3611 5800 oblato-

525 5912 546 5948 ⁸
581 5911 725 5972 Psal.
757 5912 1034 5982 mmo.
1111 5911 1133 5946 ⁸
1171 5911 1342 5969 Exod.
1376 5925 1565 5978 xsxnv,
1593 5909 1680 5964 lt.
1759 5907 1778 5936 ³
1813 5905 1982 5966 Exod.
2027 5926 2122 5979 xx,
2147 5910 2198 5964 ὖ.
2280 5907 2482 5965 ‘Joan.
2525 5925 2580 5976 ι,
2618 5905 2713 5963 27.
2789 5905 2993 5962 'Pruv.
3037 5923 3154 5976 vui,
3180 5907 3267 5966 ‘22.
