3920 6572
163 466 248 530 Gil

1037 473 1418 536 PANOPLIA
1459 476 1928 542 DOGMATICA.
1970 506 2043 518 —
2079 482 2233 547 TlT.
2275 482 2382 546 XI.

3299 485 3405 552 692

169 590 314 662 γενής
338 590 485 654 Θεός.
533 591 643 645 Καὶ
673 592 782 664 γὰρ
820 593 914 646 καὶ
937 595 1106 663 Λόγος
1144 595 1242 660 ὢν,
1295 596 1430 666 σὰρξ
1457 596 1673 666 ἐγένετο
1698 615 1712 627 ο

1839 599 1942 646 iter
1974 608 2074 648 nos
2108 593 2284 651 factus
2330 599 2402 652 sit
2447 597 2768 669 linigenitus
2815 600 2977 655 Deus.
3018 599 3230 658 Etenim
3269 618 3392 657 cum

167 684 249 736 καὶ
275 681 401 746 Θεὸς
427 680 520 747 ὣν,
553 681 837 754 ἄνθρωπος
871 684 1087 754 ἐγένετο
1109 704 1122 718 ·
1172 686 1268 740 καὶ
1299 685 1586 757 ἀσώματος
1617 687 1714 754 ὢν,

168 776 310 846 σῶμα
343 775 592 844 ἐγένετο·
639 777 734 830 καὶ
765 776 847 833 ἔτι
893 779 1030 850 πρὸς
1072 779 1282 844 τούτοις
1323 781 1417 834 καὶ
1447 780 1717 851 ἁμαρτία,

166 868 248 921 καὶ
276 867 503 938 κατάρα,
539 867 632 921 καὶ
673 867 849 934 λίθος,
896 873 990 925 καὶ
1033 871 1210 942 ἀξίνη,
1254 873 1348 926 καὶ
1388 872 1572 943 ἄρτος,
1621 874 1719 929 καὶ

165 959 438 1032 πρόϐατον,
468 960 557 1013 καὶ
581 961 717 1028 ὁδὸς,
749 963 842 1018 καλ⁸
863 962 1022 1035 θύρα,
1071 965 1164 1018 καὶ
1197 965 1392 1036 πέτρα,
1426 968 1520 1021 καὶ
1545 966 1716 1021 πολλὰ

163 1052 367 1106 τοιαῦτα
391 1053 623 1120 ἐγένετο,
655 1053 806 1108 οὐδὲν
827 1055 1030 1110 τούτων
1065 1059 1132 1128 τῇ
1163 1059 1321 1128 φύσει
1349 1057 1448 1124 ὢν,
1483 1059 1620 1113 ἀλλὰ
1650 1057 1717 1113 δι’

163 1145 295 1215 ἡμᾶς
315 1144 434 1199 κατ’
469 1145 778 1217 οἰκονομίαν
808 1148 1116 1220 γενόμενος.

226 1496 428 1568 Ὠσπερ
455 1491 550 1553 οὖν
581 1497 752 1568 Λόγος
774 1497 871 1565 ὢν,
903 1501 972 1555 δι’
1006 1503 1155 1575 ἡμᾶς
1181 1505 1396 1574 ἐγένετο
1423 1505 1587 1579 σάρξ·
1632 1510 1727 1563 καὶ

166 1589 284 1654 Θεὸς
311 1589 405 1652 ὢν,
442 1590 728 1664 ἄνθρωπος
764 1594 1014 1660 ἐγένετο*
1065 1595 1209 1651 οὕτω
1235 1600 1328 1653 καὶ
1362 1601 1591 1671 κτίστης
1624 1603 1720 1668 ὢν,

167 1681 223 1733 δι’
245 1682 385 1752 ἡμᾶς
414 1682 622 1754 κτίσμα
645 1684 880 1754 ἐγένετο,
903 1688 1093 1761 κτιστὴ
1117 1688 1224 1762 γὰρ
1250 1692 1283 1762 ή
1317 1691 1475 1764 σάρξ.
1515 1693 1604 1757 Ὧς
1627 1689 1721 1748 οὖν

170 1767 305 1826 εἶπεν
328 1774 414 1828 διὰ
442 1775 538 1830 τοῦ
567 1779 868 1849 προφήτου,
911 1781 994 1834 ὅτι
1051 1801 1070 1834 ι
1104 1782 1289 1846 Οὕτως
1314 1784 1460 1854 λέγει
1494 1787 1720 1858 Κύριος,

168 1865 194 1916 6
219 1863 416 1930 πλάσας
445 1884 514 1938 με
545 1870 610 1923 ὲκ
649 1871 855 1936 κοιλίας
882 1872 1067 1928 δοῦλον
1098 1874 1284 1937 αὑτοῦ.
1315 1897 1334 1930 ι
1375 1875 1548 1942 οὕτως
1575 1877 1727 1934 εἴπεν

174 1957 258 2011 καὶ
279 1957 364 2012 διά
397 1960 494 2014 τοῦ
529 1962 981 2034 Σολομῶντος,τὸ
1031 1985 1050 2018 ι
1086 1967 1293 2040 Κύριος
1325 1968 1505 2023 ἔκτισε
1543 1989 1610 2042 με
1631 1974 1728 2045 dp-
1757 1994 1798 2047 Β

169 2049 256 2120 χὴν
277 2049 404 2104 ὁδῶν
432 2052 622 2116 αὐτοῦ,
654 2055 734 2117 είς
774 2055 907 2126 ἔργα
933 2056 1160 2112 αὑτοῦ.»
1220 2060 1430 2114 Οὐκοῦν
1459 2062 1552 2116 καὶ
1594 2064 1624 2116 6
1671 2066 1728 2118 ἐν

169 2141 226 2210 τῇ
250 2139 416 2212 κοιλίᾳ
435 2141 542 2213 τῆς
567 2143 838 2215 παρθένου
865 2146 1126 2212 πλασθεὶς
1153 2149 1295 2204 κατά
1331 2150 1422 2205 τὸν
1449 2152 1606 2221 λόγον
1631 2153 1726 2209 τοῦ

172 2229 452 2300 προφήτου,
491 2233 520 2286 6
547 2231 731 2296 δοῦλός
756 2235 924 2301 ἐστιν,
959 2236 1054 2306 οὐχ
1085 2237 1114 2290 6
1145 2237 1350 2310 Κύριος
1373 2258 1386 2272 ·
1420 2241 1726 2306 τουτέστιν,

169 2319 194 2371 6
221 2319 352 2373 κατὰ
391 2322 578 2392 σάρκα
616 2323 898 2396 ἄνθρωπος
951 2329 1010 2381 ὲν
1056 2321 1100 2396 ᾧ
1145 2331 1175 2384 6
1214 2330 1346 2396 Θεὸς
1386 2334 1724 2406 ἐφανερώθη.
1799 2331 1802 2334 ’

171 2410 250 2464 καὶ
271 2412 502 2467 ἐνταῦθα
542 2416 572 2468 6
610 2416 850 2482 κτισθεὶς
887 2421 969 2483 είς
1001 2421 1176 2492 ἀρχὴν
1199 2422 1333 2476 ὀδών
1363 2424 1548 2489 αὑτοῦ,
1577 2427 1675 2496 οὐχ
1700 2428 1728 2479 6

172 2501 286 2567 Θεός
311 2506 482 2572 ἐστιν,
518 2507 633 2562 ἀλλ’
657 2511 687 2563 6
710 2510 996 2582 ἄνθρωπος
1023 2530 1037 2545 ο
1072 2515 1130 2567 ἐν
1157 2507 1202 2582 ᾧ
1231 2516 1364 2586 ἡμῖν
1392 2518 1419 2570 6
1447 2517 1578 2581 Θεὸς
1598 2521 1728 2588 ἐφα-

151 2593 381 2680 νερώθη,
409 2597 512 2651 ἐπὶ
536 2599 598 2652 τὸ
635 2599 734 2672 τὴν
768 2603 1209 2672 καταφθαρεῖσαν
1247 2606 1366 2658 ὁδὸν
1395 2608 1494 2677 τῆς
1518 2609 1730 2671 ἀνθρω-

175 2683 315 2756 πίνης
361 2690 641 2760 σωτηρίας
675 2691 834 2746 πάλιν
875 2692 1301 2747 ἀνανεώσασθαι.
1357 2695 1518 2747 Ὥστε
1547 2694 1733 2766 ἐπειδὴ

177 2771 256 2825 δύο
285 2778 406 2846 περὶ
449 2779 545 2830 τοῦ
585 2780 821 2850 Χριστοῦ
854 2780 1218 2852 γινώσκομεν,
1247 2781 1308 2834 τὸ
1359 2781 1458 2852 μὲν
1493 2780 1657 2838 θεῖον,
1683 2783 1742 2828 το

179 2868 226 2922 δὲ
252 2870 623 2942 ἀνθρώπινον,
673 2874 730 2926 ὲν
766 2873 864 2943 μὲν
891 2876 959 2946 τῇ
1000 2873 1161 2944 φύσει
1188 2874 1250 2927 τὺ
1281 2853 1445 2935 θεῖον,
1479 2874 1538 2926 ἐν
1584 2870 1642 2923 δὲ
1674 2872 1741 2941 τῇ

181 2961 438 3033 οἰκονομίᾳ
453 2962 515 3016 τὸ
536 2962 674 3017 κατὰ
711 2963 1014 3036 ἄνθρωπον,
1034 2965 1342 3030 ἀκολούθως
1373 2966 1432 3020 τὸ
1459 2965 1556 3036 μὲν
1577 2965 1744 3018 ἀΐδιον

183 3051 238 3120 τῇ
265 3042 475 3124 θεότητι
509 3053 1062 3126 προσμαρτυροῦμεν,
1095 3056 1157 3108 τὸ
1195 3056 1253 3109 δὲ
1303 3055 1520 3109 κτιστὸν
1559 3057 1622 3124 τῇ
1651 3055 1744 3106 ἀνα

186 3139 404 3215 θρωπίνῃ
443 3142 775 3214 λογιζόμεθα
811 3143 990 3212 φύσει.
1047 3145 1134 3208 Ὠς
1165 3143 1274 3216 γὰρ
1304 3145 1446 3197 κατὰ
1472 3142 1565 3196 τὸν
1609 3159 1743 3213 προ-

188 3234 341 3304 φήτην
372 3235 433 3287 ὲν
461 3237 528 3306 τῇ
561 3235 738 3308 κοιλίᾳ
767 3236 1011 3307 ἐπλάσθη
1039 3235 1242 3301 δοῦλος,
1285 3235 1457 3298 οὕτως
1487 3231 1748 3288 καὶκατὰ

1822 685 2060 740 Verbum
2093 688 2183 756 sit,
2217 704 2347 745 caro
2378 689 2557 746 factus
2585 703 2688 757 est,
2713 701 2910 747 etcum
2945 693 3085 750 Deus
3111 697 3202 761 sit,
3233 695 3396 749 homo

1823 774 1999 832 factus
2057 788 2172 845 est;
2221 789 2275 834 et
2343 796 2467 835 cum
2537 783 2893 852 incorporalis
2949 793 3115 847 esset,
3195 801 3396 853 corpus

1823 870 2000 925 factus
2032 880 2116 928 est
2142 890 2156 939 ;
2186 882 2346 943 atque
2394 874 2480 930 his
2517 877 2677 929 etiam
2714 877 2945 946 amplius
2994 887 3047 929 et
3089 886 3394 947 peccatum,

1823 965 1876 1012 et
1907 959 2237 1022 maledictio.
2266 969 2319 1016 et
2347 961 2509 1031 lapis,
2540 971 2593 1017 et
2622 964 2854 1027 securis,
2886 971 2939 1019 et
2967 964 3145 1034 panis,
3173 973 3226 1019 et
3253 966 3392 1028 ovis,

1823 1060 1876 1106 et
1913 1052 2018 1118 via,
2054 1061 2110 1108 et
2147 1054 2370 1119 ostium,
2411 1065 2464 1110 et
2495 1065 2667 1126 petra,
2707 1065 2762 1112 et
2804 1058 3071 1126 ejusmodi
3108 1058 3276 1111 multa
3317 1058 3398 1111 fa-

1826 1151 1947 1198 ctus
1985 1152 2089 1208 est,
2121 1160 2244 1200 cum
2282 1154 2476 1200 natura
2507 1149 2641 1202 nihil
2673 1149 2864 1202 horum
2907 1149 2996 1213 sit,
3055 1149 3147 1203 sed
3179 1157 3398 1220 propter

1829 1248 1930 1287 nos
1978 1249 2076 1304 per
2119 1235 2584 1308 dispensationem
2617 1247 2671 1292 et
2701 1236 3229 1293 administrationem
3273 1240 3400 1292 talis

1826 1327 2084 1382 evaserit.

1899 1503 2366 1570 Quemadmodum
2410 1504 2576 1576 igitur
2608 1521 2730 1560 eum
2780 1504 3017 1560 Verbum
3053 1505 3144 1565 sit,
3178 1512 3402 1574 propter

1829 1610 1929 1651 nos
1963 1611 2092 1651 caro
2125 1596 2300 1652 factus
2332 1605 2444 1662 est;
2477 1607 2529 1653 et
2561 1599 2702 1653 Deus
2733 1614 2856 1652 cum
2895 1598 2985 1663 sit,
3019 1599 3180 1652 homo
3224 1597 3401 1650 [actus

1828 1695 1913 1742 est
1952 1706 1966 1741 :
2004 1689 2075 1742 ita
2100 1696 2316 1743 creator
2340 1703 2462 1743 eum
2497 1690 2587 1753 sit,
2630 1698 2846 1760 propter
2888 1704 2990 1744 nos
3035 1696 3283 1743 creatura
3319 1688 3404 1740 fa-

1828 1790 1949 1837 ctus
1989 1789 2094 1847 est,
2127 1783 2329 1852 quippe
2374 1798 2498 1836 cum
2535 1798 2662 1837 caro
2694 1799 2781 1838 res
2829 1789 3010 1837 creata
3061 1783 3151 1837 sit.
3199 1781 3404 1847 Quem-

1830 1873 2121 1928 admodum
2175 1873 2339 1942 igitur
2387 1887 2484 1942 per
2516 1873 2835 1942 prophetam
2872 1871 3042 1925 dixit:
3080 1891 3097 1923 ι
3139 1868 3228 1924 Sic
3269 1870 3404 1924 dicit

1830 1963 2113 2028 Dominus,
2132 1965 2224 2034 qui
2244 1963 2496 2019 formavit
2512 1981 2596 2020 me
2611 1981 2674 2020 ex
2693 1971 2881 2018 ventre
2903 1977 3120 2017 servum
3141 1977 3298 2016 suum
3326 1964 3397 2026 ¹,ι

1829 2056 1907 2111 ita
1955 2055 2120 2112 etiam
2162 2056 2298 2110 dixit
2332 2056 2465 2110 illud
2507 2071 2605 2126 per
2647 2055 2994 2112 Salomonem
3031 2071 3045 2108 :
3083 2072 3101 2104 ι
3140 2052 3405 2107 Dominus

1829 2145 2037 2201 creavit
2058 2160 2144 2199 me
2163 2145 2492 2216 principium
2519 2145 2728 2198 viarum
2751 2159 2974 2199 suarum
3001 2141 3067 2196 ad
3089 2156 3254 2211 opera
3317 2145 3361 2196 ¹.
3379 2159 3398 2191 ι

1829 2237 2019 2292 Omnis
2057 2238 2202 2293 enim
2337 2244 2586 2292 creatura
2611 2236 2798 2298 servit,
2824 2244 2881 2289 ut
2900 2232 3397 2304 inquitApostolus.

1827 2328 2067 2385 Proinde
2115 2338 2169 2384 et
2219 2327 2266 2384 is
2297 2329 2390 2398 qui
2435 2328 2489 2382 in
2522 2335 2708 2382 ventre
2734 2327 2961 2396 virginis
2999 2325 3265 2378 formatus
3295 2330 3401 2383 est,

1830 2420 2129 2476 secundum
2177 2411 2742 2488 verbumrprophetzr,
2784 2431 2974 2471 servus
3011 2421 3116 2478 est,
3154 2428 3261 2467 non
3300 2411 3404 2466 Do-

1832 2513 2013 2568 minus
2057 2530 2069 2566 :
2107 2511 2211 2565 hoc
2264 2517 2368 2571 est,
2419 2509 2465 2565 is
2510 2510 2602 2578 qui
2643 2508 2942 2563 secundum
2985 2521 3205 2560 carnem
3243 2505 3404 2558 homo

1834 2615 1938 2670 εει,
1975 2606 2027 2660 in
2064 2621 2174 2674 quo
2209 2603 2352 2658 Deus
2381 2605 2758 2658 manifestatus
2815 2610 2921 2663 est,
2965 2610 3017 2653 et
3062 2600 3128 2660 is,
3174 2597 3264 2666 qui
3298 2595 3408 2649 illic

1837 2706 2053 2752 creatus
2093 2705 2178 2752 est
2219 2695 2274 2750 in
2317 2696 2638 2766 principium
2685 2696 2892 2748 viarum
2925 2693 3076 2760 ejus.
3117 2705 3226 2743 non
3264 2686 3408 2741 Deus

1837 2789 1937 2839 est,
1967 2781 2060 2831 sed
2087 2777 2253 2833 homo
2284 2797 2297 2833 :
2332 2778 2387 2833 in
2409 2794 2516 2848 quo
2543 2779 2700 2833 nobis
2731 2778 2870 2832 Deus
2903 2777 3284 2830 manifestatus
3306 2785 3412 2838 est,

1838 2875 1896 2923 ut
1933 2876 2190 2938 corrupta
2221 2884 2285 2924 ac
2327 2868 2649 2924 labefactata
2686 2870 2768 2923 via
2801 2870 2996 2922 salutis
3037 2868 3290 2922 humanae
3319 2867 3418 2921 ite-

1838 2974 1962 3015 rum
2024 2968 2398 3014 renovaretur.
2453 2958 2638 3029 itaque
2688 2959 2970 3029 quoniam
3014 2973 3102 3014 res
3164 2958 3303 3012 duas
3350 2956 3419 3010 de

1838 3052 2060 3108 Christo
2091 3053 2387 3108 statuimus
2416 3061 2470 3107 ct
2502 3053 2790 3116 sentimus,
2833 3066 2999 3106 unum
3037 3050 3257 3120 quidem
3279 3049 3420 3103 divi-

1843 3161 1994 3208 num,
2050 3145 2278 3198 alterum
2319 3160 2446 3198 vero
2488 3145 2813 3210 humanum,
2856 3143 2909 3196 in
2952 3151 3146 3196 natura
3199 3141 3417 3212 quidem

1843 3237 2113 3301 divinum,
2164 3239 2220 3291 in
2263 3237 2746 3293 administratione
2797 3252 2863 3292 ac
2911 3236 3323 3308 dispensatione
3365 3236 3419 3289 id

188 3324 264 3378 τὸν
287 3325 626 3397 Σολομῶντα,
659 3328 745 3380 διὰ
771 3329 869 3398 τῆς
911 3328 1162 3400 δουλικῆς
1201 3327 1408 3397 ταύτης
1433 3326 1660 3389 κτίσεως
1688 3328 1739 3378 ὲν

1846 3329 1991 3399 quod
2023 3328 2322 3384 secundum
2358 3330 2630 3384 hominem
2665 3337 2748 3385 est
2782 3348 2797 3387 :
2837 3337 3239 3399 consequenter
3273 3344 3422 3383 sem-

191 3418 332 3486 σαρκὶ
357 3417 698 3489 ἐφανερώθη.
734 3397 902 3472 Ὅταν
923 3419 979 3472 δὲ
1004 3397 1233 3486 λέγωσιν
1260 3435 1272 3452 ·
1299 3419 1361 3470 Ei
1384 3412 1580 3487 ἦν,ούκ
1606 3418 1739 3484 ὲγεν-

1849 3424 2116 3494 piternum
2151 3421 2337 3476 deitati
2363 3430 2708 3485 attestamur,
2748 3429 2990 3475 creatum
3013 3435 3142 3474 vero
3175 3421 3425 3474 humanae

190 3506 306 3577 νήθη
331 3524 345 3538 ⁸
392 3507 517 3573 καὶ,
566 3508 629 3560 Εἰ
657 3508 941 3580 ἐγεννήθη,
974 3508 1072 3561 οὐκ
1111 3503 1635 3578 ἦν,,διδαχθήτωσαν
1668 3506 1750 3558 ὅτι

191 3597 243 3650 ού
264 3598 360 3670 χρὴ
383 3597 460 3652 τὰ
485 3599 586 3670 τῆς
611 3600 876 3670 σαρκικῆς
893 3600 1202 3668 γεννήσεως
1226 3597 1490 3670 ἰδιώματα
1508 3597 1752 3669 ἐφαρμό-

195 3687 291 3753 ζειν
319 3695 379 3764 τῇ
423 3691 544 3762 θεία
579 3690 758 3761 φύσει.
823 3691 1058 3762 Σώματα
1095 3691 1193 3762 μὲν
1231 3690 1342 3762 γὰρ
1375 3691 1449 3762 μὴ
1479 3690 1607 3744 ὄντα
1632 3707 1753 3758 γεν·

197 3785 332 3838 νᾶται
357 3802 372 3816 ο
411 3786 443 3837 6
467 3785 522 3838 δὲ
548 3784 682 3849 Θεὸς
713 3785 779 3838 τὰ
809 3786 882 3856 μὴ
913 3785 1041 3839 ὄντα
1071 3780 1211 3837 εἶναι
1243 3787 1386 3837 ποιεῖ
1411 3801 1425 3816 ο
1467 3784 1566 3837 ούκ
1594 3780 1755 3844 αὐτὸς

198 3875 251 3928 ὲκ
279 3877 365 3930 τοῦ
402 3877 480 3949 μὴ
503 3878 656 3941 ὄντος
680 3877 912 3946 γίνεται.
962 3877 1053 3930 Διὸ
1075 3877 1171 3930 καὶ
1201 3879 1229 3930 ὁ
1259 3875 1475 3940 Παῦλος
1505 3875 1756 3944 ἀπαύγα-

200 3983 293 4036 σμα
311 3969 466 4038 δόξης
490 3969 653 4022 αὐτὸν
674 3968 948 4039 ὀνομάζει,
975 3969 1059 4022 ἵνα
1080 3968 1436 4040 διδαχθῶμεν,
1463 3969 1546 4022 ὅτι
1569 3968 1756 4038 ὥσπερ

199 4057 250 4109 τὸ
283 4059 340 4113 ὲκ
367 4059 460 4114 τοῦ
486 4060 682 4130 λύχνου
714 4060 828 4130 φῶς
857 4061 951 4113 καὶ
1006 4061 1072 4114 ὲκ
1101 4063 1199 4131 τῆς
1233 4058 1448 4129 φύσεώς
1491 4061 1610 4113 ἐστι
1661 4057 1756 4111 τοῦ

198 4146 604 4218 ἀπανγάζοντος,
636 4153 730 4205 καὶ
763 4153 880 4223 μετ’
915 4150 1121 4205 ἐκείνου
1150 4152 1299 4208 ἐστὶν
1341 4150 1498 4222 (ὁμοῦ
1550 4168 1611 4204 τε
1650 4150 1757 4221 γὰρ

200 4239 408 4314 ἐξεφάνη
441 4245 469 4296 6
492 4242 703 4314 λύχνος,
732 4244 826 4296 καὶ
855 4243 915 4296 τὸ
937 4242 1054 4313 φῶς
1081 4243 1140 4296 τὸ
1165 4242 1222 4309 ἐξ
1246 4242 1412 4295 αὐτοῦ
1433 4242 1759 4312 συνεξέλαμ·

199 4329 324 4402 ψεν),
355 4335 494 4389 οὕτω
522 4333 733 4388 κελεύει
769 4335 862 4388 καὶ
909 4333 1143 4388 ἐνταῦθα
1173 4336 1312 4386 νοεῖν
1353 4335 1381 4386 ό
1415 4333 1758 4396 Ἀπόστο).ο;,

201 4422 269 4476 ὅτι
289 4428 375 4480 καὶ
394 4429 458 4481 ὲκ
483 4427 579 4482 τοῦ
596 4426 807 4498 [ἰατρὸς
834 4429 862 4480 6
887 4426 1032 4491 Υἱὸς,
1062 4428 1155 4480 καὶ
1183 4426 1435 4480 οὐδέποτε
1468 4427 1637 4495 χωρὶς
1667 4424 1760 4477 τοῦ

1846 3521 2055 3568 natura?
2102 3514 2464 3582 assignamus.
2515 3512 2982 3579 Quemadmodum
3033 3512 3177 3567 enim
3230 3527 3429 3566 secun-

1847 3604 1976 3658 dum
2009 3605 2329 3674 prophetam
2369 3604 2422 3657 in
2472 3613 2662 3658 ventre
2695 3602 2964 3657 formatus
2985 3611 3072 3658 est
3106 3618 3318 3664 servus,
3353 3604 3428 3655 ita

1851 3696 2012 3752 etiam
2052 3694 2352 3750 secundum
2400 3693 2773 3758 Salomonem,
2825 3709 2920 3763 per
2969 3693 3112 3748 hanc
3175 3694 3428 3748 servilem

1857 3793 2167 3842 creaturam
2209 3787 2264 3840 in
2312 3802 2478 3840 carne
2525 3786 2909 3841 manifestatus
2953 3796 3054 3840 est.
3093 3785 3264 3840 Porro
3305 3801 3429 3840 cum

1853 3880 2042 3933 dicunt
2072 3897 2084 3931 :
2116 3878 2171 3933 Si
2202 3890 2337 3942 erat,
2372 3893 2482 3932 non
2513 3887 2596 3932 est
2643 3879 2859 3947 genitus
2883 3893 2900 3942 ;
2924 3885 2998 3942 et,
3042 3876 3098 3932 Si
3131 3887 3294 3931 natus
3327 3885 3430 3943 εει,

1855 3985 1964 4025 ιιοη
2000 3980 2117 4024 erat
2163 3989 2177 4026 :
2224 3971 2529 4025 doceantur
2563 3969 2708 4040 quod
2749 3985 2859 4022 non
2903 3977 3150 4039 oporteat
3198 3968 3434 4022 carnalis

1857 4062 2165 4118 nativitatis
2214 4061 2579 4133 proprietates
2631 4062 3051 4117 accommodare
3095 4062 3295 4115 divina:
3333 4074 3435 4112 na-

1856 4162 2014 4207 turae.
2069 4152 2204 4207 Nam
2261 4169 2492 4223 corpora
2543 4152 2764 4223 quidem
2817 4167 2941 4222 qua!
2975 4167 3082 4206 non
3117 4159 3294 4214 erant,
3347 4150 3434 4219 gi-

1860 4252 2106 4314 gnuntur
2144 4264 2157 4299 :
2193 4245 2339 4302 Deus
2373 4251 2554 4298 autem
2591 4244 2752 4298 elIicit
2789 4253 2845 4297 ut
2889 4259 2951 4298 ea
2989 4258 3110 4314 quae
3151 4257 3260 4296 non
3309 4249 3440 4296 sunt

1861 4339 2135 4392 exsistant
2169 4355 2182 4390 :
2213 4353 2325 4392 non
2359 4337 2478 4406 ipse
2523 4351 2586 4391 ex
2611 4351 2677 4391 eo
2711 4336 2858 4406 quod
2905 4351 3012 4389 nou
3060 4343 3146 4389 est
3199 4335 3437 4390 exsistit.

1864 4429 2070 4483 Idcirco
2128 4427 2332 4483 Paulus
2388 4443 2605 4498 quoque
2663 4444 2787 4482 eum
2847 4427 3196 4496 splendorem
3253 4425 3442 4496 gloriae

204 4515 319 4571 Υἱοῦ
365 4521 394 4574 6
433 4520 658 4591 Πατήρο
714 4520 815 4573 οὐκ
864 4520 1098 4590 ἐγχωρεῖ
1151 4518 1256 4590 γὰρ
1322 4517 1549 4587 ἀλαμπῆ
1599 4512 1739 4569 εἶναι

1864 4519 2169 4586 nominat’,
2223 4529 2280 4575 ut
2338 4520 2655 4585 doceamur,
2687 4519 2833 4588 quod
2873 4519 3014 4574 sicut
3040 4519 3222 4572 lumen
3258 4518 3324 4570 de
3360 4517 3444 4570 lu-

203 4608 288 4678 τὴν
333 4609 527 4676 δόξαν,
597 4609 674 4674 ώς
727 4609 828 4663 οὐκ
867 4609 1102 4679 ἐγχωρεῖ
1154 4609 1280 4662 ἄνευ
1337 4606 1739 4675 ἀπαυγάσματα

1865 4629 2026 4668 cerua
2060 4619 2114 4668 et
2147 4629 2211 4668 ex
2245 4619 2442 4666 natura
2480 4611 2660 4666 lumen
2700 4610 2918 4666 edentis
2959 4619 3061 4674 est,
3095 4616 3146 4662 et
3180 4623 3285 4662 una
3319 4623 3442 4660 cum

205 4696 326 4753 εἶναι
349 4703 438 4756 τὸν
458 4702 668 4774 λύχνον.
701 4701 872 4772 Δῆλον
908 4700 964 4754 δὲ
997 4702 1078 4755 ὅτι
1100 4698 1290 4771 ὥσπερ
1322 4698 1383 4753 τὸ
1408 4694 1547 4751 εἶναι
1577 4697 1739 4750 ἀπαύι

1868 4704 1958 4756 illa
1998 4710 2082 4758 est
2116 4702 2303 4773 (simul
2334 4701 2480 4754 enim
2521 4707 2685 4768 atque
2715 4700 2940 4754 emicuit
2977 4700 3224 4760 lucerna,
3263 4698 3446 4750 lumen

205 4809 377 4864 γασμα
412 4794 685 4867 μαρτυρία
713 4793 832 4848 ἐστὶ
867 4793 962 4847 τοῦ
1001 4791 1144 4846 κατὰ
1180 4793 1279 4863 τὴν
1308 4789 1463 4856 δόξαν
1489 4787 1627 4844 εἶναι
1654 4791 1671 4842 (
1691 4789 1739 4862 μέ

1867 4810 2087 4867 quoque
2135 4793 2282 4865 quod
2317 4794 2384 4846 ab
2417 4808 2479 4846 ea
2521 4791 2738 4845 exsistit
2793 4790 2999 4860 pariter
3049 4787 3315 4857 etiulgct),
3374 4787 3448 4840 ita

207 4882 305 4954 γὰρ
329 4883 493 4955 οὔσης
519 4885 616 4954 τῆς
648 4883 805 4953 δόξης
834 4883 933 4936 οὐκ
961 4881 1028 4935 ἂν
1061 4880 1146 4952 εἴη
1175 4880 1236 4934 τὸ
1263 4883 1326 4934 ἐκ
1354 4879 1558 4949 ταύτης
1586 4879 1734 4932 ἁπαυ

1870 4890 1959 4945 hic
1989 4904 2207 4960 quoque
2237 4887 2393 4957 jubet
2429 4885 2725 4955 Apostolus
2766 4883 3073 4952 intelligere
3105 4885 3253 4952 quod
3299 4889 3354 4935 et
3382 4895 3449 4934 ex

209 4973 530 5046 γαζόμενον),
559 4975 729 5052 οὕτως
757 4976 818 5028 τὸ
842 4975 1026 5045 λέγειν
1054 4974 1128 5046 μὴ
1154 4969 1292 5027 εἷναί
1323 4991 1380 5026 τε
1403 4973 1739 5044 ἀπαύγασμα

1873 4981 2030 5037 Patre
2060 4985 2132 5037 sit
2157 4979 2350 5042 Filius,
2375 4986 2427 5032 et
2452 4978 2661 5047 absque
2683 4975 2823 5029 Filio
2847 4989 3126 5044 nunquam
3160 4976 3230 5029 sit
3256 4971 3449 5030 Pater:

210 5065 462 5134 ἀπόδειξίς
491 5071 607 5121 ὲστι
644 5067 738 5121 τοῦ
777 5067 911 5139 μηδὲ
940 5067 1036 5138 τὴν
1066 5066 1224 5134 δόξαν
1260 5062 1418 5132 εἶναι,
1449 5067 1537 5118 ὅτε
1571 5066 1671 5118 οὐκ

1875 5091 1996 5128 nam
2020 5075 2135 5130 ﬁeri
2164 5089 2270 5127 non
2299 5077 2499 5142 potest.
2525 5077 2583 5124 ut
2608 5068 2778 5138 gloria
2809 5068 2880 5122 sit
2903 5067 3112 5136 absque
3139 5064 3453 5134 splendore,

209 5158 263 5208 τὸ
289 5159 621 5230 ἀπαύγασμα
646 5176 660 5190 ο
711 5159 808 5231 τὴν
835 5160 943 5232 γὰρ
969 5160 1125 5227 δόξαν
1167 5159 1295 5214 ἄνευ
1339 5159 1739 5228 ἀπαύγασματο

1875 5165 2335 5239 quemadmodum
2387 5162 2503 5217 ﬁeri
2550 5177 2661 5215 non
2696 5170 2894 5231 potest,
2936 5168 2994 5213 ut
3029 5160 3236 5228 absque
3273 5157 3458 5226 splen-

212 5241 339 5303 εἶναι
365 5252 663 5322 ἀμήχανον.
692 5253 900 5324 ’Ὠσπερ
938 5248 1030 5306 οὖν
1058 5252 1156 5305 ούκ
1182 5251 1327 5305 ἔστιν
1355 5251 1446 5304 ἐπὶ
1472 5248 1566 5303 τοῦ
1598 5251 1739 5303 ἁπαν

1878 5261 2010 5316 dore
2040 5258 2264 5312 lucerna
2293 5255 2384 5311 sit.
2419 5251 2767 5312 Manifestqu
2792 5259 2877 5305 est
2907 5258 3086 5304 autem
3114 5248 3257 5318 quod
3293 5247 3457 5301 sicuti

213 5343 476 5414 γάσματος
505 5345 684 5414 λέγειν
709 5348 811 5412 ὅτι,
831 5347 892 5401 Ei
919 5342 1108 5419 ἦκ’,ούκ
1137 5347 1373 5416 ἐγένετο,
1409 5347 1522 5410 καὶ,
1555 5347 1618 5400 Ei
1657 5347 1739 5414 ὲγέ

1881 5349 2230 5422 splendorem
2287 5360 2433 5408 esse,
2486 5342 2863 5397 testimonium
2913 5348 2999 5395 est
3033 5340 3154 5408 ejus
3203 5339 3349 5407 quod
3406 5338 3458 5390 in

213 5436 547 5512 νετο,οὐκῆν,
580 5439 750 5504 οὕτως
779 5439 1006 5510 μάταιόν
1030 5444 1144 5495 ἐστι
1175 5443 1304 5515 περ)⁸
1321 5442 1414 5496 τοῦ
1435 5433 1578 5496 Ὑίοῢ
1605 5441 1739 5494 ταῦτ

1882 5443 2054 5514 gloria
2091 5447 2177 5496 est
2204 5439 2272 5509 (si
2299 5438 2444 5493 enim
2481 5449 2589 5490 non
2623 5434 2694 5490 sit
2720 5433 2915 5506 gloria,
2950 5447 3056 5486 non
3090 5430 3254 5485 fuerit
3295 5430 3342 5484 is
3369 5429 3461 5498 qui

215 5525 401 5596 λέγειν,
427 5533 560 5586 διότι
591 5534 618 5586 6
647 5533 776 5599 Υἱός
810 5536 925 5587 ἐστι
957 5534 1018 5586 τὸ
1040 5536 1397 5604 ἀπαύγασμα.

1885 5539 1953 5591 ab
1987 5537 2092 5590 hac
2125 5533 2307 5588 editur
2362 5529 2665 5602 splendor),
2718 5531 2791 5582 ita
2843 5527 2889 5583 si
2943 5526 3068 5596 quis
3113 5525 3258 5579 dicat
3313 5522 3458 5593 quod

219 5629 481 5687 nunquam
527 5627 650 5676 erat
698 5618 978 5690 splendor,
1015 5619 1358 5675 demonstrat
1404 5621 1552 5692 quod
1634 5638 1815 5692 neque
1851 5625 2022 5694 gloria
2094 5633 2260 5690 esset,
2314 5637 2440 5676 cum
2492 5636 2601 5675 non
2644 5627 2791 5676 esset
2827 5617 3118 5689 splendor;
3157 5617 3275 5672 ﬁeri
3319 5616 3464 5672 enim

220 5725 322 5767 non
361 5724 552 5783 potest,
606 5724 664 5769 ut
721 5715 894 5786 gloria
953 5715 1025 5769 sit
1083 5715 1292 5785 absque
1333 5716 1647 5786 splendore.
1713 5717 1782 5772 Ut
1822 5719 1990 5790 igitur
2056 5719 2124 5774 de
2189 5715 2482 5789 splendore
2514 5714 2622 5769 dici
2667 5729 2775 5769 non
2827 5721 3011 5786 potest
3043 5732 3058 5769 :
3091 5713 3149 5768 Si
3180 5719 3322 5777 erat,
3357 5727 3468 5766 non

222 5806 392 5866 editus
419 5818 522 5877 est,
556 5818 630 5880 et,
655 5810 711 5867 Si
758 5811 942 5868 editus
977 5818 1084 5876 est,
1114 5824 1223 5864 non
1255 5819 1410 5882 erat;
1450 5812 1524 5866 ita
1557 5827 1758 5868 vanum
1787 5822 1842 5870 et
1880 5815 2179 5871 absurdum
2230 5821 2314 5870 est
2362 5811 2476 5866 hazc
2519 5807 2588 5866 de
2646 5807 2788 5866 Filio
2834 5809 3038 5877 dicere,
3092 5808 3297 5880 quippe
3343 5818 3470 5861 cum

226 5894 385 5957 Filius
405 5905 471 5959 sit
503 5905 780 5974 splendor.
2120 5900 2131 5910 ’

310 6008 325 6041 ¹
359 6009 454 6071 lsa.
482 6031 626 6086 nix,
654 6017 707 6075 επ
788 6019 806 6049 ¹
832 6013 991 6072 Prov.
1023 6028 1144 6086 vui,
1173 6016 1262 6076 22.
1341 6015 1362 6048 ³
1393 6013 1554 6074 Hebr.
1589 6033 1630 6086 ι,
1658 6018 1713 6076 5.
