3768 6572
467 435 576 505 603

1710 433 2092 496 ΕυΊἸΙΥΜΙῘ
2148 436 2510 497 ΖΙΟᾸΒΕΝῙ
3541 447 3614 513 5M

528 565 802 621 Creterum
843 561 935 632 qui
965 560 1149 616 minus
1183 567 1239 616 et
1275 561 1454 632 majus
1494 561 1562 616 de
1609 561 1750 618 Filio
1784 572 1838 617 et
1885 561 2043 620 Patre

2214 562 2275 616 Ui
2298 561 2352 614 δὲ
2385 561 2446 613 τὸ
2469 559 2788 632 μικρότερον
2819 559 2916 613 καὶ
2947 558 3009 613 τὸ
3034 560 3210 630 μεῖζον
3231 563 3314 617 ἐπὶ
3339 567 3419 621 τοὺ
3437 572 3539 628 Υἱοῦ
3555 585 3619 637 καὶ

459 655 670 719 dicunt,
701 653 922 708 discant
943 667 973 706 a
1013 651 1184 707 Paulo
1214 668 1282 707 ne
1314 653 1615 708 metiantur
1647 669 1709 708 ea
1738 671 1859 724 qum
1885 669 2044 708 nemo

456 753 636 816 potest
675 745 854 800 metiri
897 746 914 776 ¹
960 759 1132 811 ;nam
1173 745 1473 814 Apostolus
1513 744 1708 800 Filium
1759 747 1895 801 dicit
1933 746 2047 801 cﬁi»

458 839 595 910 gicm
627 853 750 895 esse
780 837 959 892 Patris
983 838 1323 893 substantiaa.
1349 837 1575 892 Planum
1606 849 1690 894 est
1709 839 1872 910 igitur
1901 840 2045 910 quod

456 935 668 998 quanta
719 927 884 982 fuerit
927 928 1240 984 substantia
1281 926 1481 991 Patris,
1546 935 1700 982 tanta
1756 936 1842 984 cst
1880 930 2046 984 etiam

453 1020 673 1092 efﬁgies
711 1020 1039 1076 substantia:
1069 1039 1082 1074 :
1121 1018 1236 1076 ﬁeri
1271 1020 1418 1074 enim
1463 1034 1572 1074 non
1609 1028 1811 1090 potest,
1850 1030 1912 1075 ut
1943 1021 2045 1075 mi-

459 1129 562 1169 nor
587 1114 660 1169 sit
696 1113 907 1185 effigies
951 1131 1115 1185 quam
1153 1114 1464 1170 substantia
1493 1131 1616 1184 quin
1647 1130 1741 1185 per
1768 1130 1888 1170 eam
1913 1130 2047 1170 con-

460 1203 753 1261 sideratur.
779 1203 924 1271 Quin
946 1207 1109 1260 etiam
1143 1221 1374 1276 magnus
1391 1203 1635 1260 Joannes
1666 1205 1856 1260 eadem
1886 1206 2046 1260 docet

459 1313 585 1353 cum
617 1297 774 1362 dicit,
813 1317 830 1349 ι
870 1298 928 1352 in
967 1298 1242 1368 principio
1273 1305 1389 1352 erat
1422 1296 1683 1365 Verbum,
1713 1305 1769 1354 et
1801 1295 2044 1353 Verbum

425 1402 580 1465 perat
633 1389 778 1460 apud
831 1391 999 1444 Deum
1056 1392 1096 1445 ².
1139 1408 1158 1441 ι
1211 1391 1286 1444 Ex
1321 1405 1387 1444 co
1423 1405 1658 1460 namque
1696 1391 1842 1460 quod
1885 1390 2042 1453 dixit,

459 1481 607 1554 quod
655 1481 712 1536 in
760 1480 1032 1552 principio
1070 1488 1210 1544 erat,
1261 1492 1313 1534 ct
1360 1497 1465 1535 non
1521 1489 1642 1550 post
1688 1481 2044 1552 principium,

399 1561 401 1564 ’
461 1575 702 1632 ostendit
751 1573 897 1646 quod
928 1589 1205 1644 nunquam
1236 1574 1444 1644 absque
1492 1574 1668 1630 Verbo
1715 1573 2046 1645 principium

462 1678 602 1724 erat.
666 1667 746 1722 Ex
789 1683 856 1724 eo
911 1683 1041 1722 vero
1080 1667 1226 1737 quod
1292 1669 1562 1733 ostendit,
1615 1669 1760 1738 quod
1810 1667 2046 1722 Verbum

465 1759 631 1813 etiam
663 1767 780 1814 erat
811 1758 950 1828 apud
976 1756 1165 1821 Deum,
1198 1756 1528 1826 signiﬁcavit
1556 1756 1704 1823 quod
1731 1754 1864 1807 nihil
1906 1753 2047 1808 desit

2143 652 2238 707 τοῦ
2269 653 2480 724 Πατρός
2505 652 2776 720 λέγοντες,
2810 651 3212 722 διδαχθήτωσαν
3251 659 3387 727 παρὰ
3423 664 3498 717 τοὺ
3519 669 3621 724 llud.

2143 746 2236 799 λου
2269 745 2344 817 μὴ
2374 748 2592 817 μετρεῖν
2622 747 2688 800 τὰ
2715 745 3002 817 ἀμέτρητα
3021 761 3034 776 ·
3079 747 3107 798 6
3135 747 3237 819 γάρ
3274 749 3543 823 Ἀπόστολος
3562 764 3623 817 τὸν

2146 841 2274 895 Υἱδν
2305 839 2632 911 χαρακτῆρα
2658 838 2808 906 λέγει
2854 837 2952 910 τῆς
2979 836 3074 891 τοῦ
3102 839 3303 911 Πατρδς
3338 843 3623 917 ὑποστάσεως,

2147 933 2315 1005 Δῆλον
2342 927 2435 987 οὖν
2463 933 2545 986 ὅτι
2673 931 2772 1002 ὅση
2801 931 2868 985 ἂν
2895 931 2928 1001 ὴ
2961 930 3247 996 ὑπόστασις
3346 935 3427 989 τοῦ
3456 940 3626 1015 Πατρὸς,

2150 1023 2405 1084 τοσοῦτος
2433 1023 2524 1076 καὶ
2546 1022 2576 1075 6
2600 1022 2886 1094 χαρακτήρ
2902 1023 3017 1075 ἐστι
3035 1022 3131 1092 τῆς
3149 1023 3478 1093 ὑποστάσεως·
3496 1033 3543 1084 οὑ
3558 1038 3630 1109 γὰρ

2153 1116 2426 1186 ἐνδέχεται
2459 1109 2599 1168 εἶναι
2633 1114 2956 1186 μικρότερον
2998 1113 3088 1167 τὸν
3126 1120 3423 1189 χαρακτῆρα
3449 1125 3529 1193 τῆς
3545 1124 3632 1180 om

2155 1207 2424 1278 ρουμὲνης
2456 1207 2513 1258 ὲν
2540 1205 2689 1276 αὑτῷ
2719 1205 3088 1267 ὑποστάσεως.
3151 1205 3303 1259 Ἀλλά
3342 1209 3422 1262 καὶ
3460 1213 3482 1264 ὁ
3515 1215 3633 1282 μέγας

2165 1297 2417 1368 Ἰωάννης
2466 1297 2640 1350 ταῦτα
2693 1295 2932 1349 διδάσκει
2987 1295 3180 1363 λέγων,
3248 1313 3265 1346 ι
3298 1296 3378 1349 Ἐν
3402 1299 3516 1371 ἀρχῇ
3538 1299 3635 1372 ἧνὸ

2154 1391 2348 1457 Λόγος,
2381 1389 2476 1443 καὶ
2507 1391 2536 1442 6
2566 1387 2736 1456 Λόγος
2759 1383 2828 1458 ἦν
2864 1387 3000 1458 πρὸς
3031 1387 3122 1440 τὸν
3145 1386 3292 1442 Θεόν.
3322 1407 3339 1438 ι
3374 1390 3453 1442 Ἐκ
3474 1395 3556 1463 γὰρ
3574 1395 3635 1448 τοῦ

2153 1483 2349 1544 εἰπεῖν,
2380 1482 2464 1534 ὅτι
2500 1500 2518 1532 ι
2546 1483 2603 1534 ὲν
2645 1481 2784 1552 ἀρχῇ
2814 1473 2901 1551 ἦν,
2921 1498 2941 1532 ι
2991 1478 3083 1532 καὶ
3114 1479 3173 1532 οὗ
3226 1481 3356 1552 μετὰ
3388 1483 3469 1552 τὴν
3499 1485 3636 1555 ἀρχὴν,

2155 1574 2354 1639 ἔδειξεν
2393 1575 2474 1627 ὃτι
2515 1574 2774 1627 οὐδέποτε
2821 1573 3013 1641 ἄλογος
3052 1566 3121 1644 ἦν
3152 1573 3184 1645 ἡ
3229 1574 3379 1645 ἀρχή.
3417 1576 3638 1632 axe-.95

2154 1665 2432 1744 ἀποδεῖξαι
2453 1666 2535 1718 ὄτι
2565 1667 2659 1719 καὶ
2685 1667 2714 1720 6
2738 1665 2909 1733 Λόγος
2931 1661 3000 1735 ἦν
3026 1664 3161 1734 πρὸς
3194 1664 3282 1718 τὸν
3305 1667 3441 1727 Θεὸν,
3463 1667 3512 1721 τὸ
3538 1670 3641 1722 ἄνελε

2168 1752 2321 1817 λιπες
2364 1752 2458 1806 τοῦ
2489 1751 2620 1805 Υἱοῦ
2658 1750 2735 1816 ὡς
2761 1750 2896 1822 πρὸς
2928 1751 3020 1802 τὸν
3050 1748 3265 1818 Πατέρα
3294 1751 3542 1821 ἐσήμανεν,
3574 1757 3643 1828 ὅλῳ

470 1850 605 1906 Filio
659 1853 712 1906 in
766 1850 1175 1920 comparatione
1225 1848 1437 1914 Patris;
1481 1862 1606 1901 cum
1645 1856 1757 1902 ιυιυ
1810 1861 2048 1917 namque

2166 1845 2274 1918 γάρ
2306 1843 2383 1915 τῷ
2410 1841 2528 1914 Θεῷ
2555 1842 2690 1906 ὅλως
2715 1840 3146 1911 συνθεωρεῖταιό
3178 1841 3358 1908 Λόγος.
3407 1843 3462 1896 Ei
3487 1843 3570 1911 γὰρ
3588 1846 3644 1898 gl.

467 1944 578 1998 Deo
629 1952 802 1998 totum
861 1943 1028 1998 simul
1074 1941 1460 1997 consideratur
1517 1939 1774 1994 Verbum.
1809 1939 1947 1993 Nam
1999 1939 2050 1996 si

467 2034 598 2104 quid
653 2033 834 2089 Verbo
872 2033 1089 2090 deesset
1137 2033 1192 2086 in
1235 2046 1334 2087 sua
1387 2031 1784 2103 magnitudine,
1831 2039 1890 2085 ut
1935 2046 2046 2086 non

465 2135 654 2198 posset
703 2127 847 2199 apud
898 2135 1071 2182 totum
1107 2140 1230 2181 esse
1275 2124 1468 2190 Deum,
1536 2139 1766 2195 prorsus
1823 2140 2048 2181 necesse

466 2229 614 2276 esset
680 2227 741 2274 ut
793 2219 1240 2275 existimaremus
1295 2219 1505 2287 absque
1540 2216 1719 2272 Verbo
1759 2233 1883 2271 esse
1925 2232 2045 2271 eam

468 2311 563 2366 Dei
617 2317 850 2381 partem,
886 2326 992 2381 qua
1031 2308 1205 2365 Verbo
1265 2310 1516 2379 superior
1563 2324 1627 2363 ac
1661 2308 1837 2378 major
1879 2315 2043 2362 esset.

467 2402 632 2470 Atqui
661 2416 784 2454 cum
821 2408 931 2452 tota
959 2399 1015 2451 Ι).
1039 2401 1053 2453 i
1092 2399 1376 2468 majestate
1405 2396 1568 2454 Verbi
1594 2398 1854 2466 majestas
1881 2397 2046 2452 simul

467 2491 867 2547 consideratur.
909 2490 1048 2561 Ergo
1090 2492 1142 2544 in
1183 2491 1384 2546 divinis
1417 2490 1682 2545 doctrinis
1715 2491 1892 2544 locum
1936 2505 2046 2543 non

470 2585 654 2651 habet,
686 2593 743 2638 ut
774 2585 858 2638 vel
903 2584 1079 2654 majus
1111 2585 1194 2641 vel
1230 2584 1413 2639 minus
1452 2598 1575 2639 esse
1608 2582 1875 2637 dicamus.
1910 2579 2044 2634 Nam

468 2677 562 2747 qui
602 2677 792 2731 dicunt
829 2676 973 2746 quod
1012 2677 1251 2746 genitum
1289 2693 1398 2731 non
1431 2676 1617 2746 genito
1650 2683 1845 2756 natura
1882 2673 2048 2729 dissi-

469 2769 598 2823 mile
627 2769 719 2830 sit,
743 2775 796 2823 et
819 2767 1180 2823 similitudine
1202 2776 1256 2823 et
1285 2769 1536 2838 exemplo
1562 2767 1746 2821 Abelis
1772 2774 1825 2821 et
1855 2765 2046 2820 Adami

469 2859 684 2914 discant
712 2859 857 2913 haud
887 2859 1342 2928 stultejudicare.
1387 2859 1595 2913 Etenim
1633 2860 1802 2912 Adam
1832 2872 2049 2927 quoque

469 2950 774 3006 secundum
802 2950 1104 3005 naturalem
1136 2949 1416 3004 hominum
1446 2950 1782 3004 nativitatem
1814 2963 1918 3002 non
1955 2959 2052 3013 ge-

474 3048 626 3101 nitus
657 3045 754 3100 fuit
789 3044 969 3101 :Abel
999 3059 1134 3100 vero
1165 3057 1230 3097 ex
1271 3042 1480 3096 Adamo
1528 3041 1747 3110 genitus
1787 3044 1891 3089 est.
1952 3032 2056 3088 Sed

2169 1936 2330 2008 λιπής
2360 1930 2429 2006 ἦν
2462 1936 2519 1988 ὲν
2550 1934 2628 2005 τῷ
2653 1933 2767 2004 ἰδίῳ
2799 1933 3017 2003 μεγέθει
3040 1935 3069 1986 6
3106 1931 3294 2000 Λόγος,
3321 1932 3444 1986 ὥστε
3469 1935 3528 2004 μή
3544 1936 3647 1989 δῦνα-

2169 2028 2292 2082 σθαι
2321 2028 2458 2099 πρὸς
2487 2027 2608 2080 ὅλον
2647 2026 2737 2079 τὸν
2770 2025 2901 2078 Θεὸν
2930 2019 3069 2078 εἶναι
3088 2064 3104 2090 ,
3141 2023 3345 2096 ἀνάγκη
3372 2027 3500 2078 πᾶσα
3519 2027 3648 2093 ἄλογον

2165 2117 2306 2174 εἶναι
2342 2119 2437 2172 τοῦ
2483 2117 2618 2172 Θεοῦ
2663 2118 2902 2188 νομίζειν
2949 2116 3010 2170 τὸ
3050 2116 3384 2187 ὑπερπῖπτον
3410 2115 3488 2168 τοῦ
3515 2118 3648 2182 Λόγου.

2179 2212 2341 2266 Ἀλλά
2366 2211 2472 2282 μὴν
2505 2212 2651 2282 πάσῃ
2679 2208 2773 2263 τοῦ
2815 2209 2952 2262 Θεοῦ
2985 2207 3358 2279 μεγαλειότητι
3389 2206 3514 2278 ήτοῦ
3535 2209 3649 2273 Λόγου

2174 2301 2527 2372 μεγαλειότης
2564 2299 2971 2370 συνθεωρείται.
3023 2299 3170 2369 ’Λρα
3197 2299 3294 2350 οὑκ
3316 2297 3416 2368 ἔχει
3439 2294 3652 2368 χώρανὲπὶ

2169 2393 2275 2448 τῶν
2300 2393 2458 2446 θείων
2492 2393 2776 2462 δογμάτων
2818 2391 2879 2442 τὸ
2911 2390 3092 2461 μεῖζον
3126 2390 3300 2457 λέγειν
3333 2388 3415 2441 καὶ
3451 2387 3501 2440 τὸ
3524 2389 3654 2457 pupi-

2167 2501 2346 2556 τερον.
2383 2484 2447 2537 Οἱ
2475 2484 2531 2535 δὲ
2570 2484 2816 2551 λέγοντες
2855 2483 2914 2535 τὸ
2946 2481 3209 2551 γεννητὸν
3254 2479 3330 2550 τῷ
3361 2477 3653 2550 ἀγεννήτρεὶ

2170 2595 2260 2631 ναι
2290 2576 2434 2631 κατά
2461 2575 2558 2646 τὴν
2583 2575 2743 2644 φύσιν
2784 2575 3056 2645 ἀνόμοιον,
3095 2573 3480 2644 διδαχθήτωσαν
3503 2572 3558 2642 μὴ
3581 2589 3653 2642 μω-

2174 2669 2374 2741 ραίνειν
2401 2670 2463 2721 ὲκ
2490 2667 2582 2720 τοῦ
2609 2667 2750 2721 κατά
2778 2667 2870 2720 τὸν
2902 2665 3068 2720 ’Ἅϐελ
3093 2666 3192 2720 καὶ
3222 2665 3312 2718 τὸν
3353 2664 3501 2734 Ἀδὰμ
3520 2665 3657 2718 ὑποδέξ-

2171 2778 2396 2832 γματος.
2435 2761 2547 2813 Καὶ
2577 2760 2685 2831 γὰρ
2706 2759 2798 2812 καὶ
2830 2759 2858 2811 6
2889 2759 3061 2830 Ἀδὰμ
3095 2759 3238 2811 κατὰ
3263 2757 3359 2823 τὴν
3385 2755 3657 2827 φυσικὴν

2167 2853 2475 2924 ἀνθρώπων
2508 2854 2770 2924 γέννησιν
2821 2855 2924 2909 οὑκ
2965 2854 3268 2924 ἐγεννήθηο
3303 2858 3330 2909 6
3372 2856 3424 2909 δὲ
3457 2856 3583 2909 Ἅϐελ
3617 2861 3655 2909 ἐκ

2165 2947 2259 3001 τοῦ
2305 2948 2477 3019 ’Λδάμ
2508 2947 2800 3019 ἐγεννήθη.
2851 2946 3022 3002 Οὐδὲν
3054 2948 3111 3002 δὲ
3157 2948 3395 3002 ἐκώλυσε
3425 2949 3501 3002 τὸν
3537 2949 3656 3011 Ἀδὰμ

2165 3041 2225 3093 τὸ
2272 3040 2347 3112 μὴ
2388 3041 2717 3111 γεννηθῆναι
2768 3040 2908 3111 πρὸς
2937 3041 2996 3095 τὸ
3028 3041 3322 3114 ἄνθρωπον
3351 3038 3503 3101 εἶναι’
3527 3043 3657 3112 οὐδὲὴ

475 3137 613 3193 nihil
649 3136 928 3206 prohibuit
950 3135 1219 3192 Adamum
1253 3149 1374 3190 esse
1398 3132 1702 3192 hominem.
1726 3128 1869 3198 quod
1899 3126 2054 3196 geni-

2165 3132 2418 3205 γέννησις
2451 3135 2543 3188 τὸν
2581 3133 2748 3186 Ἀῦελ
2795 3133 2925 3188 ἄλλο
2961 3152 3011 3188 τι
3047 3135 3204 3206 παρὰ
3247 3134 3344 3204 τήν
3392 3133 3657 3204 evomam

477 3239 566 3281 tus
598 3241 702 3282 non
735 3236 892 3294 erat;
927 3241 1107 3297 neque
1147 3224 1408 3280 nativitas
1437 3221 1660 3278 Abelem
1694 3221 1840 3274 aliud
1873 3233 1938 3273 ac
1981 3217 2060 3272 di-

474 3334 696 3376 versum
715 3321 971 3391 quiddam
1003 3321 1070 3376 ab
1105 3320 1342 3374 humana
1394 3315 1628 3372 reddidit
1661 3322 1899 3382 natura,
1959 3307 2056 3364 sed

477 3424 588 3467 tam
629 3411 720 3469 hic
747 3428 909 3483 quam
933 3411 1021 3468 ille
1053 3413 1218 3468 homo
1245 3411 1369 3478 fuit,
1396 3408 1497 3466 etsi
1527 3409 1617 3464 hic
1644 3407 1864 3477 quidem
1899 3412 2060 3459 natus

474 3517 614 3575 crat,
643 3507 732 3563 ille
757 3523 885 3563 vero
917 3507 1122 3576 absque
1145 3505 1430 3562 nativitate
1456 3503 1766 3560 exstiterat.

548 3601 719 3672 Igitur
743 3601 797 3655 in
831 3599 1034 3656 divinis
1056 3599 1636 3670 quoquedogmatibus
1669 3598 1872 3653 nullam
1893 3606 2055 3653 natu-

477 3712 552 3752 ra:
571 3695 934 3752 diﬂ’erentiam
951 3692 1113 3749 efﬁcit
1127 3695 1367 3766 genitum
1383 3695 1466 3750 vel
1500 3709 1608 3748 non
1639 3693 1880 3764 genitum
1908 3707 2055 3758 esse,

474 3785 570 3842 sed
599 3786 1054 3856 quemadmodum
1082 3785 1134 3839 in
1167 3785 1372 3842 Adamo
1396 3795 1447 3840 et
1475 3784 1642 3841 Abcle
1669 3800 1776 3839 una
1800 3785 2056 3840 humani-

482 3890 587 3944 tas,
644 3878 759 3933 sive
789 3888 983 3932 natura
1032 3877 1295 3941 humana,
1356 3877 1543 3932 eodem
1595 3875 1758 3930 modo
1809 3877 1862 3929 in
1901 3875 2061 3930 Patre

475 3985 695 4042 quoque
721 3987 784 4027 ac
816 3970 954 4026 Filio
986 3970 1183 4037 deitas,
1210 3985 1302 4025 seu
1337 3969 1518 4024 divina
1569 3977 1760 4024 natura
1801 3985 1906 4022 una
1956 3978 2061 4024 est.

478 4085 733 4158 Ejusdem
775 4102 840 4141 ea:
865 4087 1108 4142 oratione
1137 4085 1200 4142 de
1235 4080 1364 4140 Filii
1399 4097 1447 4142 et
1475 4085 1709 4156 Spiritus
1762 4085 2059 4140 divinitate.

546 4243 798 4300 Eunmuii
856 4243 1126 4312 discipuli,
1179 4244 1372 4310 Filius,
1435 4245 1710 4315 inquiunt,
1770 4245 2057 4316 aliquando

477 4355 584 4396 non
616 4348 754 4395 erat.
795 4337 852 4394 Si
907 4338 1074 4393 Filius
1107 4354 1212 4393 non
1255 4349 1392 4400 erat,
1423 4355 1489 4393 ne
1518 4339 1679 4393 Pater
1701 4340 1916 4408 quidem
1937 4354 2056 4393 om.

476 4434 624 4486 nino.
661 4430 716 4486 Si
741 4430 996 4501 splendor
1028 4446 1134 4485 non
1171 4439 1308 4496 erat,
1341 4446 1411 4486 ne
1461 4431 1750 4500 splendens
1810 4431 2052 4500 quidem.

474 4524 532 4579 Si
581 4526 748 4592 ﬁgura
782 4539 890 4579 non
925 4533 1064 4588 erat,
1095 4539 1162 4578 ne
1189 4524 1492 4578 subStantia
1519 4524 1760 4594 quidem.
1788 4524 1844 4578 Si
1866 4532 2056 4591 poten-

474 4618 547 4672 tia
582 4633 686 4671 nun
713 4623 854 4678 erat.
884 4615 926 4670 si
961 4615 1224 4685 sapientia
1255 4629 1358 4669 non
1397 4624 1533 4678 erat,
1566 4613 1683 4668 sine
1701 4616 1900 4684 quibus
1949 4628 2052 4668 non

471 4715 555 4762 est
585 4705 748 4772 Dctts,
781 4723 847 4761 ne
881 4706 1021 4762 Deus
1052 4707 1267 4776 quidem
1299 4714 1436 4761 erat.
1472 4705 1655 4776 Neque
1710 4706 1856 4761 enim
1901 4708 2050 4775 cogi-
2089 4686 2128 4739 θ

474 4809 590 4854 tare
623 4814 914 4870 possumus
942 4801 1166 4866 gloriam
1199 4799 1319 4855 sine
1350 4799 1653 4869 splendore,
1680 4808 1774 4853 aut
1804 4798 2056 4853 substan-

475 4896 607 4948 tiam
668 4896 786 4948 siue
843 4892 1036 4963 ﬁgura,
1094 4901 1188 4947 aut
1239 4894 1355 4948 sine
1393 4893 1658 4964 sapientia
1727 4891 2054 4961 sapientem,

471 4985 714 5040 autsine
746 4984 988 5054 potentia
1020 4992 1317 5052 potenter-ii.
1370 4993 1464 5038 aut
1492 4985 1724 5050 denique
1779 4984 1898 5040 sine
1945 4983 2057 5038 ﬁlio

473 5087 704 5143 patrem.
748 5076 824 5130 Ex
857 5077 939 5130 his
966 5077 1148 5144 igitur,
1178 5092 1296 5146 quae
1324 5077 1462 5131 dicta
1493 5087 1638 5139 sunt,
1697 5075 2011 5131 demonstra
2031 5105 2055 5118 ο

470 5178 587 5224 tum
618 5179 721 5235 eat,
758 5185 879 5224 enm
912 5169 1003 5240 qui
1051 5166 1246 5223 Filium
1281 5169 1438 5233 tollit,
1472 5178 1526 5222 et
1557 5169 1774 5224 Patrem
1843 5165 2051 5224 tollere.

467 5263 573 5320 Ubi
618 5275 796 5319 autem
834 5261 1004 5318 Filius
1038 5278 1144 5317 non
1175 5262 1391 5328 colitur,
1420 5277 1517 5315 nec
1542 5259 1704 5315 Pater
1743 5275 1864 5315 esse
1932 5273 2058 5314 cre-

473 5357 644 5423 ditur,
678 5367 788 5412 tota
830 5356 1098 5412 Divinitas
1129 5355 1399 5410 aufertur.
1464 5355 1637 5409 Porro
1704 5353 2056 5408 Divinitatem

473 5448 692 5504 auferre
725 5451 924 5505 nullius
947 5457 1054 5517 est,
1092 5449 1195 5502 nisi
1234 5447 1508 5518 Epicurei.
1541 5447 1695 5502 Patet
1729 5462 1858 5516 ergo
1904 5445 2060 5501 istius

473 5540 744 5611 opinionis
774 5551 1024 5598 auctores
1063 5556 1184 5598 esse
1213 5539 1530 5612 Epicureos.

979 5655 1061 5709 Ea:
1089 5654 1271 5710 eadem
1289 5655 1552 5709 oratione.

545 5745 853 5802 Sententias
888 5749 1147 5819 quasdam
1183 5750 1507 5803 abscindunt
1535 5763 1564 5801 ο
1597 5745 1898 5818 Scriptura,
1927 5763 2067 5818 quas

477 5839 908 5912 imperitioribus
929 5841 1214 5911 objiciaut.
1249 5841 1441 5896 Dicunt
1485 5842 1654 5911 enim,
1697 5842 1870 5915 ipsum
1946 5840 2055 5899 Do-

548 5979 564 6012 '
603 5981 764 6039 Rom.
794 5996 873 6046 x1,
897 5980 988 6044 54.
1068 5982 1088 6013 ¹
1122 5979 1280 6039 Joan.
1313 5997 1351 6047 ι,
1381 5982 1430 6038 l.

2165 3224 2332 3293 φύσιν
2360 3225 2639 3295 ἐποίησεν,
2667 3225 2804 3278 ἀλλά
2834 3224 2930 3279 καὶ
2954 3218 3112 3288 οὗτος
3145 3225 3426 3296 ἄνθρωπος
3457 3225 3657 3285 κάκεῖνος,

2165 3318 2214 3371 εἰ
2242 3315 2335 3370 καὶ
2359 3318 2385 3370 6
2412 3317 2510 3387 μὲν
2541 3317 2826 3387 γεννηθεὶς
2852 3313 2944 3390 ἦν,
2977 3317 3005 3370 6
3033 3315 3091 3371 δὲ
3125 3316 3250 3388 δίχα
3281 3319 3569 3389 γεννήσεως.

2237 3603 2384 3672 Ἀρι
2419 3600 2511 3654 καὶ
2547 3601 2640 3654 ἐπὶ
2675 3601 2784 3656 τῶν
2822 3602 2982 3656 Θείων
3018 3601 3316 3672 δογμάτων
3349 3603 3405 3655 τὸ
3438 3601 3503 3671 μὴ
3527 3617 3664 3669 γεννη-

2161 3695 2318 3765 Θῆναι
2359 3694 2455 3748 καὶ
2499 3693 2562 3747 τὸ
2595 3696 2920 3766 γεννηθῆναι
2952 3695 3224 3765 διαφορὰν
3251 3696 3349 3748 οὑκ
3381 3693 3659 3763 ἐξεργάζεται

2161 3788 2401 3856 φύσεως,
2446 3787 2564 3844 ἀλλ’
2589 3787 2780 3860 ὥσπερ
2824 3791 2913 3844 ἐπὶ
2958 3789 3051 3842 τοῦ
3092 3791 3271 3859 ’Λδὰμ
3300 3792 3391 3843 καὶ
3429 3790 3508 3842 τοῦ
3545 3787 3662 3840 Ἀϐε).

2162 3881 2526 3953 ἀνθρωπότης
2558 3883 2676 3954 μία,
2707 3882 2850 3936 οὕτω
2875 3884 2970 3936 καὶ
2994 3884 3086 3936 ἐπὶ
3125 3883 3224 3937 τοῦ
3253 3883 3454 3953 Πατρὸς
3493 3881 3570 3933 καὶ
3599 3880 3660 3930 ἐπὶ

2161 3975 2255 4029 τοῦ
2283 3975 2415 4029 Υἰοῦ
2450 3977 2642 4046 θεόῖης
2674 3977 2794 4045 μία.

2166 4089 2278 4145 Τοῦ
2318 4090 2506 4145 αὑτοῦ
2535 4091 2605 4145 ἐκ
2637 4091 2741 4146 τοῦ
2768 4093 2956 4163 λόγου
2986 4091 3093 4148 τοῦ
3122 4094 3258 4163 περὶ
3294 4093 3546 4161 θεότητος
3570 4085 3662 4142 Ποῦ

2689 4161 2788 4215 καὶ
2839 4161 3212 4233 Πνεύματοςξ

2226 4251 2494 4320 Λέγουσιν
2527 4253 2578 4304 οἱ
2613 4254 2746 4324 περὶ
2787 4253 2880 4307 τὸν
2915 4255 3208 4325 Εὐνόμιον,
3243 4256 3327 4308 ὅτι
3367 4257 3394 4308 6
3431 4252 3542 4316 Υἱός
3579 4265 3666 4303 τετε

2153 4347 2256 4399 οὐκ
2289 4341 2378 4417 ἦν.
2412 4347 2471 4398 Εἰ
2493 4346 2594 4399 οὑκ
2621 4342 2689 4417 ἦν
2727 4347 2755 4398 6
2786 4347 2934 4411 Υἱὸς,
2969 4347 3191 4412 πάντως
3225 4349 3345 4402 οὐδὲ
3377 4350 3402 4402 6
3436 4345 3591 4415 Πατὴρ
3608 4339 3666 4411 ἦν.

2157 4439 2218 4493 Εἰ
2249 4440 2349 4492 οὑκ
2374 4434 2442 4510 ἦν
2480 4439 2508 4491 6
2537 4439 2846 4512 χαρακτὴρ,
2876 4441 2998 4495 οὐδὲ
3031 4442 3064 4512 ὴ
3092 4443 3398 4504 ὑπόστασις
3419 4437 3497 4510 ἦν.
3527 4439 3576 4491 El
3601 4436 3667 4487 οὐκ

2154 4526 2224 4601 ἦν
2256 4533 2314 4584 τὸ
2346 4531 2712 4603 ἀπαύγασμα,
2763 4534 2886 4587 οὐδὲ
2929 4533 2992 4587 τὸ
3041 4534 3377 4604 ἀπαυγάζον
3409 4530 3490 4605 ἦν.
3526 4531 3576 4584 Εἰ
3602 4528 3671 4580 οὐκ

2155 4621 2224 4696 ἦν
2262 4624 2518 4697 δύναμις.
2564 4627 2614 4680 εί
2649 4629 2751 4681 οὐκ
2811 4624 2881 4699 ἦν
2922 4629 3107 4698 σοφία,
3158 4624 3238 4684 ὧν
3291 4630 3417 4684 ἄνευ
3449 4626 3560 4690 Θεὸς
3602 4623 3670 4674 οὐκ

2156 4718 2328 4785 ἔστιν,
2363 4719 2486 4772 οὑδὲ
2541 4719 2675 4784 Θεὸς
2707 4718 2795 4791 ἦν.
2830 4722 2906 4776 Οὑ
2951 4723 3064 4793 γὰρ
3113 4723 3271 4777 ἐστιν
3303 4723 3535 4792 ἐννοῆσαι
3561 4716 3672 4779 δόξαν

2155 4811 2404 4882 ἀλαμπῆ,
2431 4812 2462 4882 ἢ
2492 4813 2791 4867 ὑπόστασιν
2814 4815 3320 4886 ἀχαρακτήριστον,
3343 4818 3373 4886 ἢ
3401 4815 3516 4868 ἄνευ
3537 4810 3673 4878 σοςίας

2158 4907 2342 4976 σοφὸν,
2375 4907 2563 4979 ἤᾶνευ
2597 4909 2882 4978 δυνάμεως
2915 4910 3171 4980 δύναμιν,
3205 4912 3239 4982 ἢ
3279 4909 3473 4966 ἄπαιδα
3497 4906 3672 4968 πατέρα.

2157 4999 2371 5054 Οὐκοῦν
2401 5002 2786 5056 ἀποδέδεικται
2826 5002 2918 5056 διὰ
2965 5003 3074 5058 τῶν
3108 5005 3439 5076 εἰρημένων,
3470 5003 3542 5054 ὅτι
3568 4998 3590 5047 ὁ
3615 4995 3675 5046 τδν

2157 5092 2284 5146 Υἰὸν
2313 5091 2528 5147 ἀθετῶν
2574 5095 2864 5148 συναθετεῖ
2903 5097 2998 5150 καὶ
3045 5097 3136 5149 τὸν
3186 5098 3435 5168 Πατέρα.
3468 5095 3615 5143 Ὅπου
3640 5085 3676 5136 δὲ

2155 5183 2280 5239 οὔτε
2297 5187 2324 5240 6
2349 5187 2475 5251 Υἱὸς
2498 5187 2804 5254 δοξάζεται,
2825 5189 2950 5243 οὔτε
2971 5192 2997 5243 6
3016 5191 3211 5260 Πατὴρ
3233 5187 3374 5243 εἶναι
3402 5185 3676 5240 πιστεύεται,

2158 5281 2389 5335 καθόλου
2414 5283 2447 5354 ἡ
2472 5282 2663 5354 Θεότης
2686 5284 2946 5354 ἠθέωται.
2972 5285 3044 5337 Τὸ
3065 5285 3122 5337 δὲ
3143 5285 3360 5338 ἀθετεῖν
3390 5282 3481 5354 τὴν
3504 5278 3679 5341 θεότητι

2157 5375 2371 5440 οὐδενὸς
2399 5377 2562 5433 ἄλλου
2621 5377 2654 5449 ἢ
2712 5378 3042 5450 Ἐπικούρου
3091 5380 3269 5433 ἐστίν.
3323 5375 3521 5430 Οὐκοῦν
3567 5369 3679 5453 Ἐτε-

2160 5469 2406 5540 κούρειοι
2439 5473 2490 5524 οἱ
2531 5472 2628 5527 νῦν
2675 5473 3049 5545 δογματισταὶ
3087 5475 3186 5545 τῆς
3235 5472 3492 5534 ἀσεϐείας
3526 5469 3682 5522 ἀναπε-

2161 5563 2416 5635 φήνασιν.

2599 5658 2702 5714 Ἕκ
2743 5659 2850 5716 τοῦ
2883 5660 3072 5715 αὐτοῦ
3107 5663 3323 5731 λόγου.

2232 5750 2398 5818 Τινάς
2445 5752 2634 5825 ῥήσεις
2688 5755 2754 5807 ἐκ
2806 5753 2908 5821 τῆς
2963 5755 3187 5824 Γραφῆς
3215 5750 3686 5824 ἀποσπαράσςοντες

2164 5846 2277 5914 τοῖς
2310 5845 2563 5920 ἀνοήτοις
2593 5847 2994 5922 προτείνονται,
3025 5849 3120 5903 καί
3152 5865 3322 5918 φασιν
3365 5846 3518 5904 αὑτὸν
3543 5836 3689 5911 ὁμολο-
