3768 6546
140 522 230 584 605

1070 512 1439 573 PANOPLIA
1476 512 1933 572 DOGMATICA.
1962 537 2029 549 -
2061 513 2207 576 TlT.
2257 514 2361 577 Χί.

3242 518 3345 581 603

139 634 241 697 γεῖν
266 627 350 680 τὸν
380 620 605 693 Κῦριον,
656 624 742 677 ὅτι
788 622 1047 692 ἐπέμφθη
1087 624 1240 693 παρὰ
1277 624 1371 678 τοῦ
1423 624 1663 694 Πατρός,

1849 640 1974 677 num
2004 641 2064 680 se
2108 628 2333 681 missum
2382 642 2501 683 esse
2530 630 2798 685 conﬁteri.
2832 632 2912 685 Tu
2939 645 3069 700 ergo
3111 631 3259 685 illum
3312 647 3341 686 a

136 719 268 782 Εἶτα,
296 717 375 769 ὅτι
426 714 528 784 μὲν
562 711 840 783 ἐπέμφθη,
879 704 1191 780 γινώσκεις,
1239 714 1321 766 ὅτι
1366 714 1421 766 δὲ
1455 716 1483 768 ὁ
1520 715 1664 782 πέμ-

134 810 221 879 ψας
248 804 361 875 μετ’
385 800 553 855 αὐτοῦ
579 802 745 867 ἐστιν,
768 802 865 854 οὐκ
898 802 1166 873 ἀκήκοας.
1206 804 1268 856 '0
1300 805 1543 872 πέμψας
1591 820 1666 873 με

131 901 240 968 γὰρ,
265 894 416 964 φησὶ,
450 893 583 962 μετ’
614 893 760 962 ἐμοῦ
783 894 936 948 ἐστι.
971 894 1081 948 Καὶ
1117 896 1217 949 οὐκ
1251 895 1535 967 ἐδιδάχθης
1577 896 1668 950 διὰ

131 992 219 1045 τῶν
239 988 559 1060 είρημένων,
587 988 669 1040 ὅτι
710 989 804 1043 καὶ
841 989 1254 1049 ἀποστέλλεται,
1281 990 1376 1043 καὶ
1411 989 1473 1041 οὐ
1496 990 1665 1059 χωρί-

131 1086 278 1149 ζεται.
320 1080 731 1133 ’Δποστὲλλεται
771 1080 870 1151 μὲν
893 1080 1004 1154 γὰρ
1030 1081 1121 1135 διὰ
1141 1081 1579 1150 φιλανθρωπίαν,
1605 1080 1664 1133 οὐ

131 1173 391 1244 χωρίζεται
420 1171 480 1225 δὲ
509 1171 596 1225 διὰ
626 1172 688 1224 τὸ
715 1171 818 1242 τῆς
844 1173 1062 1241 φύσεως
1088 1173 1353 1245 ἄτμητον.

533 1265 636 1318 Ἐκ
676 1265 785 1319 τοῦ
814 1265 1003 1320 αὐτοῦ
1035 1266 1243 1333 λόγου.

183 1358 304 1409 Φασὶ
356 1356 518 1410 πάλιν
568 1355 657 1409 διὰ
690 1355 785 1409 τοῦ
813 1357 1154 1425 Μονογενοῧς
1196 1356 1577 1426 ὁμολογεῖσθαι
1607 1368 1668 1410 10

131 1445 244 1500 situt.
302 1448 525 1515 μείζονα
578 1448 746 1501 αὑτοῦ
785 1450 876 1503 τὸν
913 1450 1131 1519 Πατέρα
1168 1465 1183 1481 ⁸
1223 1450 1285 1503 '0
1320 1449 1519 1515 Πατήρ
1547 1466 1665 1517 μου

132 1542 238 1611 γὰρ,
262 1541 409 1608 φησι,
428 1538 649 1606 μείζων
667 1542 784 1608 μού
813 1541 966 1596 ἐστι.
997 1542 1104 1596 Καὶ
1136 1541 1242 1612 μὴν
1274 1544 1300 1595 ό
1323 1542 1483 1603 αὐτὸς
1510 1541 1668 1595 10616

134 1649 269 1701 φησιν
292 1647 305 1661 δ
352 1630 504 1700 Ἐγὼ
538 1632 612 1684 ἐν
634 1629 713 1697 τῷ
750 1632 933 1697 Harp!
973 1632 1072 1688 καὶ
1119 1636 1151 1685 ὁ
1186 1633 1388 1699 Πατὴρ
1414 1633 1482 1685 ἐν
1515 1633 1665 1702 ἐμοί.

131 1723 182 1775 Et
216 1720 403 1791 μείζων
436 1724 464 1773 ὁ
493 1722 691 1792 Πατὴρ
721 1723 815 1775 τοῦ
845 1723 996 1789 Υἰοῦ,
1025 1723 1141 1787 πῶς
1172 1727 1433 1795 χωρεῖται
1455 1725 1516 1778 τὸ
1553 1725 1670 1794 μεῖ-

132 1813 205 1877 ζον
232 1814 282 1866 ὲν
302 1812 374 1881 τῷ
396 1812 685 1879 ιλάττονις
712 1815 774 1867 Et
806 1815 1045 1868 ἐλάττων
1090 1817 1117 1869 ό
1154 1815 1403 1882 mea-106
1436 1817 1667 1886 Πατρός,

133 1905 227 1969 πῶς
254 1902 556 1977 πληροῦται
583 1905 645 1960 τὸ
675 1906 861 1975 μεῖζον
904 1907 1007 1959 ὑπὸ
1032 1906 1127 1959 τοῦ
1152 1906 1435 1970 λείποντος
1464 1924 1479 1973 ;
1513 1907 1579 1959 ’Ὀ
1610 1924 1667 1961 τε

131 1998 219 2066 γὰρ
247 1997 438 2066 μείζων
481 2000 905 2069 στενοχωρεῖται
946 1999 1164 2063 πάντως
1194 2000 1251 2051 ἐν
1279 1999 1356 2069 τῷ
1400 1999 1669 2065 ἐλάττονι,

133 2092 210 2143 καὶ
246 2092 271 2143 ὀ
320 2089 566 2146 ἐλάττων
612 2093 1013 2162 ἑπεκτανθῆναι
1068 2091 1204 2161 πρὸς
1235 2093 1294 2145 τὸ
1338 2092 1674 2162 ὑπερϐάλλον

132 2188 181 2243 οὐ
210 2186 433 2241 δύναται.
468 2187 647 2241 Ὥστε
674 2189 888 2259 ἀνάγκη
921 2189 1190 2242 ἐλλείπειν
1233 2189 1331 2258 μὲν
1362 2190 1419 2241 ὲν
1448 2188 1525 2258 τῷ
1564 2190 1676 2242 [Ια-

132 2283 201 2349 ιιρὶ
225 2280 303 2332 τὸν
332 2280 478 2345 Υίδν,
510 2282 864 2351 περισσεύειν
892 2283 949 2336 δὲ
978 2283 1034 2334 ὲν
1064 2282 1141 2352 τῷ
1173 2283 1285 2352 Υἱῷ
1311 2284 1401 2336 τὸν
1432 2284 1672 2355 Πατέρα,

134 2375 207 2426 καὶ
231 2372 472 2442 ψεύδεται
510 2376 638 2449 κατ’
664 2376 860 2438 αὐτοὺς
892 2375 921 2428 δ
956 2376 1156 2442 εἰπὼν,
1196 2376 1279 2429 ὅτι
1315 2378 1462 2445 Ἐγὼ
1493 2380 1562 2431 ἐν
1596 2379 1674 2445 τῷ

133 2465 297 2535 Πατρὶ,
314 2466 426 2521 διον
454 2469 664 2534 εἰπεῖν,
691 2468 850 2539 εἴπερ
880 2469 1118 2522 ἐλάττων
1144 2470 1319 2534 ἑστιν,
1345 2470 1427 2523 ὅτι
1459 2470 1600 2538 Ἐγὼ
1619 2476 1673 2525 ἰν

134 2558 258 2627 μέρει
279 2556 367 2609 τοῦ
394 2557 642 2627 Πατρδς,
673 2558 770 2611 καὶ
802 2560 966 2630 μέρος
990 2561 1082 2613 106
1114 2560 1325 2631 Πατρός
1355 2563 1412 2614 ὲν
1440 2563 1580 2631 ἐμοί.
1614 2566 1672 2616 Εἰ

132 2650 175 2700 δὲ
198 2649 299 2711 ὅλος
327 2654 352 2702 ὀ
384 2649 585 2719 Πατὴρ
615 2651 673 2702 ὲν
702 2649 811 2720 ὅλῳ
841 2651 918 2720 τῷ
949 2652 1062 2722 Υίῷ
1082 2691 1098 2716 ,
1129 2654 1223 2705 καὶ
1252 2656 1374 2719 ὅλος
1404 2658 1429 2708 ό
1462 2656 1586 2717 Υἱὸς
1617 2659 1673 2708 ὲν

132 2739 215 2810 ὅλῳ
240 2739 309 2811 τῷ
349 2743 528 2812 Πατρὶ
553 2781 568 2805 ,
605 2742 710 2795 ποῦ
743 2744 805 2797 τὸ
846 2744 1040 2809 πλέον,
1076 2748 1169 2799 καὶ
1212 2747 1318 2801 ποῦ
1354 2749 1413 2800 τὸ
1454 2749 1671 2815 λεῖπονς

136 2832 221 2886 Καὶ
240 2833 285 2885 τί
312 2834 387 2887 δεῖ
410 2836 477 2887 τὰ
509 2835 691 2889 πολλὰ
720 2836 919 2904 λέγειν,
951 2838 1068 2891 δέον
1099 2842 1198 2910 μιᾷ
1229 2845 1378 2910 φωνῇ
1410 2844 1675 2912 περιγρά-

134 2926 207 2991 ψαι
236 2928 401 2979 πᾶσαν
430 2928 543 2998 τὴν
574 2928 843 3001 φλυαρίαν
874 2932 1076 2997 αὐτῶν,
1106 2933 1184 3003 τῷ
1204 2951 1218 2966 ο
1250 2935 1353 3000 Ὃς
1383 2935 1453 2987 ἐν
1472 2934 1675 3003 μορφῇ

135 3016 253 3072 Θεοῦ
286 3020 575 3089 ὑπάρχων
610 3025 723 3092 οὐχ
763 3025 1079 3095 ἁρπαγμὸν
1114 3028 1385 3095 ἡγήσατο
1420 3028 1485 3082 τὸ
1520 3026 1675 3085 εἶναι

136 3111 217 3163 tau
243 3110 384 3177 Θεῷ;
416 3114 564 3167 Εἰπέ
589 3132 702 3184 μοι,
732 3116 791 3169 τὸ
810 3117 922 3170 ἴσον
946 3117 1207 3183 ἀκούσας,
1231 3118 1290 3173 τδ
1315 3120 1389 3192 μὴ
1422 3123 1532 3173 ἴσον
1560 3124 1674 3175 ἐνό-

134 3218 266 3271 ησιςς
292 3205 543 3275 Ὢκενῆς
581 3207 930 3273 διδασκαλίας
968 3210 1059 3265 διὰ
1101 3212 1194 3265 τοῦ
1241 3214 1355 3267 ἴσου
1387 3215 1449 3268 τὸ
1489 3216 1672 3270 ἄνισον

1770 717 1935 771 Patre
1963 719 2191 772 missum
2223 720 2386 784 nosti,
2418 729 2473 776 et
2502 735 2622 775 ettm
2650 738 2677 775 a
2708 738 2811 792 quo
2846 724 3041 778 missus
3097 731 3200 789 est,
3262 724 3342 777 si-

1771 805 1877 858 tnui
1911 821 2030 860 esse
2054 822 2177 860 cum
2208 808 2297 861 illo
2329 824 2435 863 non
2463 812 2764 877 accepisti?
2792 812 2892 875 Qui
2933 813 3075 865 misit
3128 829 3228 874 me,
3258 811 3343 865 itt—

1768 899 1904 965 quit,
1938 913 2137 950 mecum
2172 908 2247 951 est
2269 902 2309 953 '.
2355 899 2430 952 Ex
2472 902 2666 968 quibus
2694 903 2872 956 verbis
2901 914 3116 972 poteras
3172 904 3345 956 intel—

1768 989 1932 1058 ligere
1989 990 2135 1043 illum
2169 992 2242 1045 ita
2294 992 2451 1057 mitti,
2484 1002 2666 1047 utnon
2696 993 3051 1067 disjungatur.
3112 995 3343 1049 Mittitur

1766 1083 1911 1135 enim
1939 1097 2037 1152 pro
2074 1098 2171 1136 sua
2206 1084 2258 1137 in
2308 1086 2552 1141 homines
2578 1086 2977 1141 benevolentia.
3008 1085 3123 1141 Non
3186 1102 3344 1158 sepa-

1769 1181 1944 1241 ratur,
1971 1175 2097 1244 quia
2132 1185 2324 1230 natura
2354 1179 2530 1231 secari
2562 1169 2665 1233 non
2686 1188 2884 1246 pctest.

2258 1264 2342 1319 Ex
2370 1265 2551 1320 eadem
2605 1270 2861 1320 oratione.

1841 1353 2009 1409 Aiunt
2038 1370 2245 1419 rursus,
2273 1356 2468 1409 Filium
2501 1373 2559 1411 se
2592 1356 2736 1411 Patri
2768 1359 3031 1411 minorem
3064 1357 3339 1413 conﬁteri.

1769 1446 1930 1501 Pater
1958 1451 2114 1514 enim,
2159 1450 2351 1519 inquit,
2380 1450 2552 1518 major
2581 1467 2660 1504 me
2687 1461 2762 1505 est
2787 1452 2829 1504 ⁸.
2869 1449 3026 1517 Atqui
3070 1451 3207 1503 idem
3234 1450 3348 1515 ipse

1773 1541 1900 1595 illud
1930 1542 2093 1596 etiam
2122 1541 2259 1596 dixit
2290 1559 2304 1595 :
2332 1540 2445 1611 Ego
2498 1543 2553 1595 in
2620 1539 2803 1608 Patre,
2848 1551 2897 1596 et
2942 1540 3102 1595 Pater
3158 1544 3211 1595 in
3266 1557 3349 1595 me

1770 1634 1902 1687 eu'.
1961 1632 2018 1687 Si
2054 1632 2224 1701 major
2278 1642 2361 1689 est
2416 1634 2553 1689 Filio
2603 1634 2805 1699 Pater,
2862 1635 3130 1703 quomodo
3194 1636 3338 1702 quod

1773 1724 1948 1794 majus
1964 1736 2071 1787 est,
2099 1741 2128 1779 a
2156 1726 2365 1781 minore
2392 1727 2642 1795 capitur?
2669 1726 2723 1779 Si
2758 1727 2934 1781 minor
2957 1726 3125 1781 Filius
3156 1725 3343 1790 Patre,

1772 1820 2043 1885 quomodo
2081 1818 2150 1873 ab
2191 1833 2255 1873 eo
2287 1822 2430 1889 quod
2490 1821 2668 1873 minus
2722 1828 2805 1874 est
2836 1819 3007 1883 majus
3064 1816 3350 1887 impletur?

1774 1911 1943 1980 Major
1962 1914 2107 1967 enim
2145 1912 2197 1967 in
2246 1913 2453 1966 minore
2508 1913 2670 1966 nimis
2717 1921 2948 1983 anguste
2991 1912 3347 1967 concluditur.

1778 2004 1951 2058 Mittor
1979 2014 2158 2057 autem
2180 2003 2437 2073 majorem
2471 2013 2527 2058 ut
2548 2007 2816 2073 compleat
2861 2018 2967 2057 non
3017 2003 3349 2070 assequitur.

1780 2093 1846 2149 Ut
1867 2107 2086 2149 necesse
2120 2094 2191 2148 sit
2218 2094 2449 2148 deﬁcere
2486 2093 2682 2146 Filium
2710 2094 2761 2147 in
2802 2092 2982 2160 Patre,
3022 2104 3076 2148 et
3130 2092 3348 2146 Patrem

1778 2186 1831 2239 in
1887 2183 2024 2239 Filio
2057 2184 2383 2249 redundare,
2409 2194 2569 2252 atque
2599 2185 2669 2238 ita
2699 2198 2764 2237 ex
2809 2185 3079 2238 sententia
3121 2185 3349 2236 istorum

1779 2278 2014 2341 mentiri,
2042 2279 2132 2347 qui
2158 2320 2171 2343 ,
2198 2277 2329 2347 Ego,
2362 2279 2556 2346 inquit,
2605 2280 2657 2330 iu
2697 2276 2872 2339 Patre,
2906 2287 2953 2330 et
2984 2276 3148 2329 Pater
3192 2277 3244 2328 in
3273 2293 3354 2328 me

1775 2380 1877 2436 est,
1905 2386 2025 2423 eum
2057 2370 2279 2426 deberet
2310 2372 2392 2435 (si
2424 2372 2601 2424 minor
2627 2380 2709 2424 est
2739 2370 2780 2439 ),
2819 2371 2927 2438 Ego
2958 2371 3010 2423 itt
3042 2382 3198 2438 parte
3250 2372 3353 2427 Pn-

1780 2465 1900 2527 tris,
1925 2472 1979 2517 et
2005 2477 2129 2532 pars
2153 2462 2333 2515 Patris
2368 2464 2418 2515 itt
2453 2479 2540 2517 me
2566 2475 2668 2517 est.
2730 2464 2824 2516 Sin
2885 2474 3027 2517 totus
3087 2463 3245 2517 Pater
3298 2464 3349 2515 in

1780 2568 1892 2610 toto
1918 2556 2057 2611 Filio
2090 2565 2191 2619 est,
2222 2566 2274 2609 et
2300 2565 2443 2609 totus
2478 2554 2646 2609 Filius
2670 2557 2719 2608 in
2754 2566 2865 2610 toto
2892 2555 3073 2619 Patre,
3130 2557 3350 2609 ubinam

1776 2656 1859 2699 cst
1887 2647 2028 2714 quod
2054 2645 2360 2699 redundat?
2393 2646 2612 2698 ubinam
2661 2647 2711 2699 id
2759 2648 2902 2714 quod
2964 2647 3189 2699 deﬁcit?
3250 2644 3350 2698 Ve-

1778 2755 1894 2791 rum
1930 2738 2054 2806 quid
2085 2738 2267 2791 multis
2309 2754 2443 2806 upus
2473 2749 2577 2800 est,
2609 2754 2731 2789 tum
2779 2752 2886 2791 uno
2947 2736 3109 2790 verbo
3168 2751 3358 2806 possu-

1782 2844 1899 2885 tntts
1955 2844 2142 2882 omnes
2178 2808 2420 2894 ipsorum
2468 2842 2637 2893 nugas
2691 2824 3021 2879 confutare:
3072 2823 3174 2888 Qui
3236 2837 3357 2873 cum

1777 2922 1830 2973 in
1858 2919 2027 2991 forma
2058 2920 2150 2973 Dei
2187 2930 2345 2981 esset,
2391 2936 2491 2971 mm
2522 2918 2763 2983 rapinam
2802 2918 3093 2969 arbitratus
3127 2926 3197 2967 est
3245 2927 3357 2966 esse

1777 3034 1831 3072 se
1861 3015 2118 3085 a'qualem
2150 3012 2255 3065 Deo
2283 3011 2348 3064 ‘i
2402 3009 2497 3065 Dic
2532 3010 2685 3063 tnilti.
2736 3009 2814 3063 Tn
2848 3008 3114 3076 aequalem
3178 3010 3357 3072 audis.

1777 3124 1830 3165 et
1857 3111 2065 3180 cogitas
2113 3106 2481 3177 inaequalem?
2512 3105 2555 3159 O
2610 3106 2824 3158 inanem
2880 3104 3205 3166 doctrinam,
3238 3117 3357 3170 quae

1775 3206 1917 3273 quod
1946 3202 2149 3271 mquale
2182 3210 2285 3263 est,
2328 3198 2593 3268 inaequale
2616 3197 3035 3264 interpretatur!
3085 3196 3228 3249 Dixit
3261 3196 3360 3264 igi-

134 3295 543 3370 ιρμηνευούσηςί
586 3300 813 3375 Εἴρηται
856 3304 1055 3369 τοίνυν,
1102 3305 1183 3358 ὅτι
1214 3306 1277 3359 ’0
1319 3307 1561 3375 πέμψας
1599 3326 1674 3377 με

1842 3314 1903 3350 r:
1943 3294 2047 3361 Qui
2092 3294 2234 3347 misit
2270 3308 2371 3355 me,
2405 3291 2576 3359 major
2641 3306 2721 3342 me
2784 3298 2882 3343 est.
2939 3287 3362 3343 Consideretnus

132 3387 313 3455 μείζων
325 3392 443 3459 μού
472 3393 677 3447 ἐστιν.
704 3394 917 3448 Οὐκοῦν
964 3398 1332 3466 σκοπήσωμεν
1361 3400 1510 3468 παρὰ
1532 3400 1676 3463 τίνος

134 3479 330 3548 ὀλόγος,
354 3485 444 3537 καὶ
478 3483 610 3547 πῶς
640 3485 895 3555 ἐπέμφθη
926 3487 983 3538 ἐν
1016 3489 1194 3557 μορφῇ
1223 3486 1359 3540 Θεοῦ
1394 3488 1675 3558 ὑπάρχων,

136 3570 161 3639 ἢ
191 3573 381 3645 μορφὴν
410 3575 611 3629 δούλου
644 3576 857 3642 λαϐὼν,
895 3579 951 3629 ὲν
986 3578 1062 3647 τῷ
1101 3579 1430 3648 πληρώματι
1464 3579 1539 3631 ὣν
1575 3581 1679 3647 τῆς

136 3666 367 3735 θεότητος,
397 3670 429 3740 ἢ
459 3670 719 3732 κενώσας
744 3671 935 3724 ἑαυτὸν
961 3672 1016 3723 ὲν
1040 3674 1104 3742 τῇ
1130 3672 1221 3724 τοῦ
1246 3671 1432 3724 δούλου
1460 3676 1642 3742 μορφῇ
1664 3689 1679 3739 ;

136 3759 277 3813 Παντὶ
302 3762 405 3831 γὰρ
426 3801 441 3823 ,
474 3757 675 3831 οἶμαι,
707 3762 1008 3832 πρόδηλον,
1043 3764 1121 3815 ὅτι
1154 3766 1185 3831 ἡ
1220 3762 1340 3816 θεία
1367 3763 1593 3833 δύναμίς
1626 3782 1683 3818 τε

134 3854 209 3903 καὶ
235 3852 382 3917 φύσις
412 3853 703 3922 πανταχοῦ
730 3849 886 3920 οὖσα,
916 3855 1010 3908 καὶ
1038 3854 1125 3907 διὰ
1153 3855 1370 3909 πάντων
1397 3854 1680 3927 διήκουσα,

137 3945 211 3996 καὶ
251 3945 335 3998 106
386 3947 597 4009 παντὸς
648 3948 1119 4018 περιδεδραγμὲνη
1177 3950 1277 4003 οὐκ
1338 3950 1404 4003 ἂν
1456 3949 1683 4014 είκότως

135 4036 411 4105 πέμπεσθαι
441 4041 686 4108 λέγοιτο.
714 4043 788 4094 Οὐ
816 4042 925 4113 γάρ
952 4043 1069 4095 ἐστι
1091 4060 1147 4095 τι
1174 4043 1328 4096 κενὸν
1355 4042 1459 4107 ἔξω
1486 4042 1679 4113 αὐτῆς,

136 4132 181 4183 ἐν
204 4124 241 4199 ᾧ
270 4132 339 4204 μὴ
368 4135 644 4204 πρότερον
674 4130 827 4201 οὖσα,
857 4136 985 4188 ὅταν
1043 4135 1265 4206 πεμφθῇ
1303 4138 1680 4205 παραγίνεται,

135 4222 244 4278 ἀλλὰ
271 4228 331 4294 τῇ
368 4230 747 4297 συντηρητικῇ
783 4228 1009 4296 δυνάμει
1040 4229 1410 4298 διακρατοῦσι
1440 4230 1501 4283 τὸ
1536 4234 1644 4283 πᾶν
1664 4274 1679 4297 ,

136 4313 216 4367 οὐκ
247 4317 352 4386 ἔχει
385 4321 467 4381 είς
504 4317 537 4370 ὃ
574 4320 975 4391 μεταχωρήσει.
1014 4321 1153 4392 αὐτὴ
1186 4322 1279 4375 106
1316 4323 1516 4385 παντὸς
1549 4319 1684 4377 οὖσα

134 4404 185 4457 ιδ
209 4407 499 4479 πλήρωμα.
549 4408 614 4463 Ἦ
646 4410 826 4464 τοίνυν
862 4412 997 4480 πρὸς
1029 4413 1089 4464 τὸ
1121 4413 1390 4484 ἡμέτερον
1423 4415 1681 4466 ταπεινόν

133 4510 182 4546 τε
206 4497 289 4549 καὶ
316 4498 549 4562 ἀσθενὲς
577 4499 672 4552 τοῦ
702 4498 835 4554 Υίοῦ
866 4501 1090 4565 κάθοδος
1123 4505 1215 4556 καὶ
1246 4504 1682 4571 συγκατάῦασις,

135 4590 253 4642 κατὰ
298 4594 532 4662 γνώμην
580 4591 673 4647 τοῦ
728 4594 937 4665 Πατρὸς
983 4596 1361 4665 γεγενημένη,
1411 4596 1683 4668 ἀποστολὴ

1784 3388 1936 3455 cujus
1969 3388 2039 3441 sit
2080 3386 2192 3440 hinc
2240 3386 2416 3440 oratio
2473 3393 2526 3437 et
2584 3384 2853 3451 quomodo
2922 3382 3117 3435 missus
3170 3381 3262 3441 sit,
3306 3380 3359 3432 in

1783 3480 2028 3533 fortnane
2081 3478 2173 3532 Dei
2217 3493 2463 3540 manens,
2497 3492 2565 3529 an
2594 3476 2733 3530 servi
2791 3474 3015 3527 fortnam
3047 3472 3358 3540 accipiens;

1782 3572 1835 3626 in
1866 3571 2197 3637 plenitudine
2224 3570 2542 3633 divinitatis,
2580 3584 2646 3621 an
2687 3568 2741 3621 in
2769 3568 2909 3621 servi
2939 3567 3110 3621 forma
3159 3574 3359 3620 semet.

1783 3667 1958 3733 ipsum
2014 3665 2375 3719 exinaniens?
2408 3663 2598 3716 Divina
2656 3661 2895 3731 profecto
2940 3661 3112 3714 virtus
3165 3668 3221 3712 ει
3261 3674 3362 3710 tta-

1787 3764 1929 3817 tut-a,
1968 3770 2087 3822 qua!
2119 3753 2315 3822 ubique
2365 3762 2466 3817 est,
2499 3768 2616 3820 quae
2679 3767 2773 3820 per
2823 3751 3000 3806 omnia
3064 3762 3357 3815 commeat,

1785 3862 1905 3915 quae
1939 3846 2319 3914 complectitur
2343 3845 2546 3909 omnia,
2576 3844 2773 3897 merito
2837 3844 2973 3896 mitti
3032 3858 3141 3897 non
3203 3841 3359 3895 dice-

1785 3950 1953 3994 retur.
1990 3939 2130 3993 Nihil
2171 3940 2315 3993 enim
2351 3940 2462 4008 ipsa
2492 3953 2722 3992 vacuum
2755 3946 2858 4001 est,
2892 3946 2948 3989 ut
2994 3935 3038 3989 si
3089 3936 3359 3998 mittatur,

1783 4033 1981 4087 alicubi
2027 4048 2148 4087 esse
2190 4032 2380 4102 possit,
2413 4031 2504 4085 ubi
2555 4041 2713 4084 antea
2744 4044 2849 4083 non
2889 4027 3075 4083 fuerit.
3119 4027 3253 4082 Nam
3308 4027 3360 4081 vi

1787 4141 1883 4180 sua
1918 4125 2276 4179 moderatrice
2300 4124 2811 4192 conservatriceque
2865 4131 3056 4175 cuncta
3115 4134 3365 4189 compre-

1786 4217 2060 4281 bcndens,
2093 4234 2197 4271 non
2242 4216 2402 4270 habet
2430 4230 2535 4283 quo
2570 4216 2904 4282 tanquamin
2928 4229 3152 4267 vacuum
3186 4225 3363 4267 trans-

1788 4312 2035 4372 scendat,
2078 4311 2171 4364 sed
2206 4308 2391 4376 implet
2411 4307 2613 4361 omnia.
2642 4307 2822 4371 Quare
2851 4305 2969 4361 Filii
2999 4320 3065 4360 ex
3095 4305 3365 4360 sententia
3474 4344 3475 4347 η

1790 4405 1969 4460 Patris
2017 4402 2084 4457 ad
2114 4400 2540 4456 itttbecillitatem
2584 4402 3064 4468 inﬁrmitatemque
3115 4410 3359 4453 nostram

1789 4502 2090 4553 descensus
2131 4508 2290 4566 atque
2351 4497 2619 4565 profectio
2652 4496 2838 4549 missio
2876 4494 3095 4547 dicitur.
3160 4492 3361 4546 Trans-

1790 4592 1899 4646 itus
1955 4591 2098 4644 enim
2134 4593 2200 4644 ab
2232 4590 2523 4643 immortali
2557 4598 2747 4644 natura
2797 4585 2863 4639 ad
2896 4588 3176 4639 mortalem
3226 4586 3363 4638 banc

126 4678 345 4746 λέγεται.
380 4686 445 4737 'H
492 4687 602 4753 γάρ
641 4687 703 4740 ὲκ
737 4687 835 4755 τῆς
874 4686 1115 4756 ἀκράτου
1160 4689 1373 4757 φύσεως
1415 4690 1549 4758 πρὸς
1584 4688 1675 4759 τὴν

1841 4695 1959 4736 .tam
1991 4700 2094 4735 non
2141 4682 2347 4736 Domini
2378 4693 2580 4735 motum
2614 4682 2666 4735 in
2697 4680 2837 4742 loco,
2875 4680 2967 4731 sed
2994 4676 3223 4731 exet-lsm
3283 4678 3364 4730 di-

133 4775 380 4845 ἠμετὲριν
413 4778 565 4847 ζωὴν
600 4781 934 4846 μετάστασις
968 4781 1027 4832 οὐ
1065 4782 1291 4850 τοπικὴν
1327 4784 1563 4834 ποιεῖται
1594 4781 1685 4834 106

134 4868 316 4938 Κυρίου
351 4873 454 4940 τὴν
496 4874 732 4939 κίνησιν.
770 4875 908 4927 ἀλλὰ
955 4875 1049 4928 καὶ
1091 4876 1188 4945 τὴν
1231 4876 1340 4928 ἀπὸ
1376 4875 1471 4928 τοῦ
1521 4875 1689 4945 ὕψους

131 4962 213 5030 τῆς
250 4964 502 5036 θεότητος
550 4967 685 5038 πρὸς
720 4968 781 5021 τὸ
828 4968 1086 5021 ταπεινὸν
1122 4969 1220 5037 τῆς
1263 4968 1461 5039 σαρκὸς
1530 4968 1690 5022 ἐνδεί-

133 5068 303 5109 κνυται
330 5058 578 5113 κάθοδον.
609 5059 828 5128 Κατέὀη
856 5060 1036 5111 τοίνυν
1063 5058 1123 5110 οὐ
1153 5058 1356 5128 γυμνὸς
1382 5057 1553 5127 Λόγος
1583 5076 1689 5127 φα-

131 5147 258 5212 νεὶς,
291 5150 431 5204 ἀλλὰ
468 5152 606 5223 σὰρξ
640 5152 955 5221 γενόμενος.
986 5152 1153 5204 Ὅταν
1189 5152 1289 5221 μὲν
1324 5148 1416 5205 οὖν
1452 5151 1587 5221 πρὸς
1622 5152 1684 5203 τὸ

130 5241 450 5311 ἀνθρώπινον
475 5249 504 5299 ὁ
532 5247 688 5315 λόγος
720 5246 910 5316 βλέπῃ,
947 5245 1170 5315 μείζονι
1198 5243 1450 5315 ὁμολογεῖ
1473 5243 1567 5297 τοῦ
1596 5245 1684 5299 διὰ

134 5336 310 5405 σαρκὸς
339 5340 622 5409 δρωμένου
649 5340 740 5392 τὸν
771 5339 845 5410 μὴ
873 5340 1151 5408 δρώμενον
1172 5353 1185 5369 ο
1215 5339 1343 5391 ὅταν
1369 5336 1427 5389 δὲ
1460 5339 1593 5408 πρὸς
1623 5338 1682 5390 τὸ

128 5426 265 5480 Θεῖον
302 5435 615 5503 χειραγωγῇ
657 5432 758 5503 τὴν
784 5433 1044 5497 διάνοιαν,
1089 5433 1250 5503 ἀργεῖ
1286 5432 1381 5484 106
1429 5430 1673 5500 μείζονος

132 5520 214 5571 καὶ
240 5520 331 5574 τοῦ
369 5524 653 5589 ἐλάττονος
692 5527 726 5597 η
767 5527 1093 5597 συγκριτικὴ
1131 5526 1271 5596 αὕτη
1313 5526 1681 5594 ἀντιπχράθε-

133 5628 224 5673 σιξ.
252 5618 373 5671 ἀντὶ
404 5619 462 5674 δὲ
487 5620 695 5673 τούτων
726 5622 913 5691 ἑνότης
945 5619 1317 5689 κηρύσσεται·
1355 5618 1503 5687 Ἐγὼ
1534 5619 1672 5687 γὰρ,

132 5708 270 5774 φησι,
302 5713 399 5765 καί
431 5715 464 5767 ό
490 5714 695 5783 Πατὴρ
720 5714 791 5768 ἔν
814 5714 1025 5783 ἐσμεν.

199 5980 213 6008 ¹
240 5976 368 6035 toan
423 5998 535 6049 snt,
571 5982 659 6038 ‘19.

740 5985 757 6012 '
791 5982 947 6036 Joan.
994 5998 1101 6043 xiv,
1150 5982 1264 6035 28.‘
1320 5981 1337 6011 ³
1380 5982 1511 6035 ibid.
1556 5982 1635 6035 li.
1716 5980 1733 6012 ‘
1766 5980 1962 6050 Philip.
2000 5996 2059 6047 tt,
2089 5981 2141 6034 6.

1788 4774 2027 4829 vinitatis
2068 4774 2133 4826 ad
2161 4788 2377 4826 carnem
2411 4772 2678 4840 abjectam
2702 4779 2864 4839 atque
2894 4768 3148 4822 ltutnitem
3184 4770 3362 4823 susci-

1789 4868 2039 4938 piendam
2087 4880 2364 4920 accessum
2428 4863 2652 4917 indicat.
2706 4861 2989 4916 Descendit
3047 4860 3209 4928 igitur
3255 4875 3365 4912 non

1797 4959 2037 5013 Verbum
2080 4959 2283 5013 nudum
2340 4971 2629 5026 apparens,
2667 4956 2760 5009 sed
2811 4970 2937 5008 caro
2972 4952 3193 5007 factum.
3255 4952 3364 5005 Ita-

1792 5066 1896 5120 qne
1926 5049 2277 5104 humanitatis
2308 5045 2495 5102 liabita
2533 5048 2743 5102 ratione
2766 5046 3024 5116 majorem
3085 5061 3207 5099 eum
3269 5044 3360 5112 qui

1791 5159 1898 5198 non
1933 5144 2197 5207 cernitur,
2237 5141 2330 5196 illo
2364 5142 2455 5211 qui
2488 5141 2841 5209 conspicitur,
2879 5154 2999 5194 esse
3051 5139 3359 5193 conﬁtetur.

1787 5237 1852 5287 At
1875 5250 1996 5287 cum
2028 5234 2095 5287 ad
2134 5233 2474 5289 divinitatem
2504 5236 2937 5301 cognoscendam
2968 5246 3067 5285 nos
3093 5230 3260 5291 ducit,
3296 5245 3358 5282 ea

1789 5327 2013 5395 majoris
2043 5336 2097 5381 et
2139 5327 2369 5380 minoris
2397 5337 2574 5380 cessat
2618 5325 2977 5393 comparatio.
3013 5322 3075 5375 Et
3115 5338 3214 5391 pro
3276 5322 3361 5375 bis

1788 5425 1968 5476 unitas
1990 5421 2309 5486 praedicatur
2334 5437 2348 5475 :
2379 5419 2487 5489 Ego
2525 5418 2691 5484 enim,
2713 5418 2905 5487 inquit,
2925 5428 2974 5469 et
3014 5416 3171 5468 Pater
3196 5431 3358 5469 unum

1786 5533 1965 5570 sumus
1987 5517 2028 5569 ⁸.

2219 5980 2238 6011 ³
2273 5978 2431 6035 Joau.
2469 5997 2522 6045 χ,
2557 5979 2641 6035 50.
