3920 6576
175 316 270 378 609

1135 326 1513 413 PANOPLIA
1561 328 2025 392 DOGMATICA.
2061 357 2125 367 -·-
2161 332 2312 394 ΤΙΤ.
2350 332 2458 393 XT.

3320 330 3427 395 6i0

175 437 318 503 ἡμῖν,
346 434 442 491 καὶ
469 435 661 490 τοῦτον
689 441 1151 511 πεπερατωμένον
1175 461 1189 476 ⁸
1218 446 1346 499 ὅταν
1370 449 1426 501 δέ
1457 450 1586 520 περὶ
1614 448 1748 503 Θεοῦ

1880 465 1961 516 ur,
1985 449 2192 505 instans
2226 452 2487 505 duntaxat
2516 459 2728 518 tempus
2754 448 3044 520 significat.
3074 463 3193 504 cum
3246 456 3426 501 autem

173 528 388 597 ῥηθείη,
416 530 478 581 τὸ
511 530 682 584 ἀΐδιον
713 532 993 600 ἐμφαίνει.

1860 542 1924 595 de
1957 542 2064 595 Deo
2088 542 2445 596 aeternitatem
2506 542 2766 605 declarat,
2799 541 2876 595 sic
2909 548 2960 594 et
2990 539 3140 600 illud,
3174 535 3329 599 Erat,
3378 534 3427 587 si

174 627 233 679 ad
267 634 512 678 naturam
556 636 796 683 nostram
833 630 1121 701 referatur,
1169 644 1383 707 tempus
1448 640 1780 709 praeteritum
1824 640 1984 711 idque
2045 640 2391 695 terminatum
2423 640 2676 706 ostendit,
2709 640 2791 694 sin
2829 638 3094 694 referatur
3122 636 3188 690 ad
3238 635 3431 698 Deum,

172 718 549 776 aeternitatem.

513 815 616 869 Ἐκ
648 816 756 883 τῆς
789 821 980 889 αὐτῆς
1014 826 1407 894 ἀκολουθίας.

237 904 359 966 Nal,
400 908 605 975 φησὶν,
647 910 761 963 ἀλλ’
788 914 816 964 6
856 916 1061 985 Πέτρος
1098 916 1219 972 εἷπε
1260 921 1416 975 τοῦτο
1446 925 1634 993 σαφῶς
1659 928 1752 981 καὶ

172 998 484 1068 διαρρήδην.
518 1002 650 1065 Ποῦ,
685 1006 780 1057 καὶ
810 1008 973 1074 πότε;
1002 1011 1174 1067 Ὀταν
1205 1014 1481 1080 Ἰουδαίοις
1511 1018 1755 1088 διαλεγό-

176 1108 322 1158 μενος
353 1091 570 1160 ἔλεγεν,
601 1097 682 1150 ὃτι
701 1102 922 1169 Κύριον
950 1105 1140 1159 αὑτὸν
1156 1108 1251 1161 καὶ
1273 1110 1529 1177 Χριστὸν
1559 1117 1592 1166 ὁ
1611 1114 1755 1180 Θεὸς

172 1182 432 1247 ἐποίησε.
461 1184 529 1238 Τί
558 1186 650 1240 οὖν
680 1192 774 1244 καὶ
798 1192 858 1245 τὸ
881 1193 1011 1263 ἑξῆς
1032 1196 1094 1248 οὐ
1118 1200 1491 1271 προσέθηκας,
1510 1204 1589 1257 ὅτι
1620 1203 1758 1260 Τοῦ-

172 1292 268 1328 τον
288 1279 393 1329 τὸν
407 1278 659 1344 Ἰησοῦν
674 1282 747 1335 ὃν
761 1285 931 1352 ὑμεῖς
944 1287 1371 1358 ἐσταυρώσατε
1386 1310 1406 1359 ;
1428 1297 1497 1348 Ἢ
1514 1298 1753 1365 ἀγνοεῖς,

176 1370 247 1421 ὃτι
272 1368 378 1420 τῶν
406 1369 725 1442 λεγομένων
750 1375 822 1429 τὰ
855 1379 955 1446 μὲν
980 1383 1079 1451 τῆς
1107 1384 1388 1454 ἀκηράτου
1421 1388 1659 1455 φύσεως,
1687 1392 1756 1445 τὰ

176 1460 225 1513 δὲ
250 1461 343 1531 τῆς
371 1466 694 1535 οἰκονομίας
722 1471 903 1539 ἐστίν;
934 1474 996 1527 Εἰ
1022 1475 1077 1528 δὲ
1110 1479 1185 1548 μὴ
1214 1478 1382 1546 ἔστιν,
1412 1482 1551 1535 ἀλλὰ
1577 1483 1758 1540 πάντα

179 1553 350 1616 ἁπλῶς
382 1556 478 1610 ἐπὶ
509 1559 613 1630 τῆς
647 1560 901 1631 θεότητος
933 1566 1125 1639 ἐκδέξῃ
1146 1608 1160 1633 ,
1217 1574 1310 1625 καὶ
1345 1575 1587 1646 παθητὸν
1639 1579 1757 1630 εἱσ-

178 1647 318 1712 άγεις
339 1649 400 1702 τὸ
420 1650 603 1705 Θεῖον.
626 1654 685 1707 El
708 1655 764 1708 δὲ
785 1655 861 1727 μὴ
876 1657 1145 1729 παθητὸν,
1165 1662 1285 1716 οὐδὲ
1301 1669 1547 1737 ποιητόν.
1570 1669 1629 1721 Et
1658 1670 1758 1739 μὲν

2434 830 2518 884 Ea:
2540 832 2719 884 eodem
2755 829 2886 885 loco.

1926 923 2037 989 Nm,
2069 925 2166 989 ait,
2194 925 2286 979 sed
2320 926 2509 979 Petrus
2532 924 2666 978 dixit
2695 925 2798 979 hoc
2839 924 2995 993 plane
3026 930 3080 975 et
3095 920 3294 989 palam.
3326 915 3431 972 Ubi

1853 1026 1907 1070 et
1929 1018 2182 1085 quando?
2211 1018 2342 1073 Cum
2378 1016 2596 1070 .ludaeos
2626 1016 2910 1083 alloquens
2951 1033 2966 1069 :
3006 1013 3291 1067 Dominum
3345 1011 3433 1075 ip-

1853 1124 1989 1173 sum,
2023 1109 2217 1178 inquit,
2247 1120 2293 1163 et
2336 1109 2601 1165 Christum
2634 1108 2774 1162 Deus
2833 1107 2955 1176 fecit
2988 1106 3029 1159 '.
3061 1104 3171 1159 Cur
3214 1119 3321 1157 non
3379 1110 3434 1155 et

1854 1200 1929 1263 id,
1963 1205 2103 1269 quod
2131 1202 2321 1256 ordine
2350 1201 2531 1256 statim
2564 1200 2814 1270 sequitur
2867 1197 3154 1262 addidisti,
3220 1208 3434 1264 nempe,

1860 1293 2018 1348 Hunc
2047 1292 2231 1348 Iesum
2264 1311 2415 1365 quem
2460 1311 2546 1349 eos
2602 1292 2944 1361 cruciﬁristis
2975 1293 2996 1323 ²
3024 1291 3047 1343 ‘i
3076 1288 3155 1343 An
3217 1288 3437 1356 ignoras

1853 1401 1917 1441 ea
1983 1392 2103 1457 quae
2160 1388 2304 1443 dicta
2355 1395 2484 1442 sunt
2550 1386 2749 1457 partim
2811 1384 2876 1439 ad
2931 1382 3291 1438 immortalem
3342 1396 3440 1435 na-

1857 1491 2057 1549 turam,
2091 1482 2285 1551 partim
2320 1484 2385 1536 ad
2413 1483 2671 1537 curandae
2718 1480 2911 1534 salutis
2966 1479 3216 1533 humana
3260 1475 3440 1529 consi-

1855 1571 1983 1625 lium
2025 1571 2329 1637 pertinere?
2362 1572 2492 1639 Quae
2530 1574 2575 1628 si
2605 1586 2761 1628 secus
2804 1571 3030 1634 habent,
3067 1578 3119 1624 et
3155 1577 3208 1622 tu
3232 1567 3441 1636 simpli-

1855 1664 1991 1719 citer
2016 1666 2196 1720 omnia
2224 1666 2396 1719 refers
2436 1666 2501 1719 ad
2538 1664 2896 1723 divinitatem.
2931 1663 3096 1716 Deum
3132 1661 3291 1714 etiam
3330 1660 3440 1729 pati

299 1740 362 1794 ἐκ
385 1740 483 1811 τῆς
521 1742 674 1808 θείας
700 1746 864 1800 αὐτοῦ
894 1754 989 1802 καὶ
1017 1752 1262 1825 ἀρρήτου
1292 1757 1506 1825 φύσεως
1529 1759 1590 1813 τὸ
1616 1756 1756 1830 αἷμα

1868 1758 1976 1823 vis;
2033 1757 2115 1811 sin
2170 1758 2279 1825 pati
2340 1757 2487 1811 illum
2522 1771 2709 1826 negas,
2736 1770 2802 1809 ne
2838 1755 3040 1809 factum
3071 1754 3287 1822 quidem
3319 1766 3444 1806 esse

180 1831 412 1901 ἓῤῥευσε,
452 1837 552 1888 καὶ
597 1838 721 1892 ἀντὶ
763 1839 862 1909 τῆς
903 1846 1107 1914 σαρκὸς
1148 1847 1286 1918 αὐτὴ
1326 1850 1441 1913 τοῖς
1480 1852 1624 1905 κατὰ
1662 1856 1755 1907 τον

183 1925 395 1993 σταυρὸν
426 1925 601 1995 ἥλοις,
622 1930 864 2000 διῃρεῖτο
894 1935 992 1987 καὶ
1044 1938 1324 2006 ἐτέμνετο,
1359 1942 1515 2010 λόγον
1545 1944 1611 1998 ἂν
1642 1942 1756 2015 εἶχέ

184 2032 268 2067 σου
312 2019 452 2071 κατὰ
500 2019 667 2075 τοῦτο
715 2025 775 2077 τὸ
824 2027 1089 2098 σόφισμα.
1135 2032 1198 2084 Et
1247 2034 1302 2086 δὲ
1349 2035 1510 2089 τοῦτο
1553 2037 1662 2091 οὐδ’
1691 2039 1758 2092 ἂν

185 2105 330 2170 αὐτὸς
361 2110 388 2160 ὀ
419 2109 676 2177 διάϐολος
711 2114 1128 2190 βλασφημήσειε
1149 2162 1164 2187 ,
1200 2125 1345 2189 τίνος
1378 2126 1567 2181 ἕνεκεν
1596 2130 1758 2194 αὐτὸς

186 2202 379 2267 ἀγνοεῖν
411 2210 717 2278 προσποιῇ,
753 2209 1142 2280 άσύγγνωστον
1174 2215 1348 2281 οὕτως
1370 2220 1593 2287 ἄγνοιαν
1612 2261 1626 2286 ,
1666 2224 1759 2276 καὶ

187 2294 241 2362 ἡν
277 2295 471 2350 οὐδ’ἂν
513 2299 572 2352 oi
616 2300 874 2371 δαίμονες
916 2306 1313 2377 ὑπεκρίναντο;
1346 2313 1553 2379 Ἀλλως
1598 2332 1657 2367 τε
1701 2317 1759 2369 τὸ

188 2387 381 2455 Κύριος
399 2393 495 2444 καὶ
515 2394 782 2461 Χριστὸς
812 2396 913 2449 οὐκ
943 2399 1092 2452 ἔστιν
1120 2402 1332 2469 οὐσίας,
1364 2404 1480 2456 ἀλλ’
1502 2404 1750 2475 ἀξιώμα-

188 2497 283 2542 τος.
306 2483 373 2535 Τὸ
400 2486 500 2554 μὲν
530 2487 645 2557 γὰρ
670 2488 768 2557 τῆς
794 2490 1046 2556 ἐξουσίας
1072 2495 1213 2557 ἐστὶ,
1242 2497 1301 2548 τὸ
1328 2496 1384 2549 δὲ
1410 2497 1503 2549 τοῦ
1531 2499 1759 2569 χρισθῆ-

138 2584 141 2587 '
192 2592 284 2627 vat.
317 2576 379 2629 Τί
420 2574 515 2632 οὖν
560 2580 628 2633 ἂν
661 2583 841 2647 εἴποις
883 2587 1141 2656 περὶτοῦ
1185 2589 1316 2643 nos
1351 2589 1442 2643 τοῦ
1484 2591 1660 2657 Θεοῦ;
1702 2592 1761 2646 El

192 2668 283 2734 γὰρ
322 2672 414 2721 καὶ
458 2674 682 2737 κτιστὸς
723 2672 794 2747 ἦν
835 2678 961 2730 καθ’
990 2680 1157 2749 ὑμᾶς,
1202 2681 1360 2735 τοῦτο
1401 2684 1501 2736 οὐκ
1543 2683 1609 2737 ἂν
1647 2683 1762 2755 ἔχοι

196 2758 375 2828 χώραν.
406 2764 480 2817 οὐ
511 2765 632 2837 γὰρ
660 2767 724 2837 δὴ
756 2770 1024 2840 πρότερον
1056 2773 1289 2840 ἐγένετο,
1327 2776 1419 2829 καὶ
1448 2776 1569 2828 τότε
1602 2777 1764 2830 αὑτὸν

197 2852 589 2929 ἐχειροτόνησεν
612 2859 640 2911 6
664 2859 817 2925 Θεὸς,
841 2862 962 2915 οὐδὲ
986 2864 1279 2936 ἐπίκτητον
1302 2866 1418 2937 ἔχει
1439 2867 1539 2937 τὴν
1563 2868 1764 2939 ἀρχὴν.

200 2942 314 2998 ἀλλὰ
339 2948 493 3014 φύσει
525 2951 625 3004 καὶ
653 2952 1017 3024 οὐσιωμένην.
1053 2955 1387 3028 Ἐρωτηθεὶς
1416 2960 1548 3030 γὰρ,
1583 2961 1631 3012 εί
1664 2960 1762 3029 βα-

201 3036 355 3101 σιλεὺς
386 3042 490 3111 εἰη,
529 3043 684 3113 Ἐγὼ
721 3048 809 3111 εὶς
844 3047 1021 3101 τοῦτο
1048 3049 1409 3120 γεγέννημαι
1431 3094 1446 3118 ,
1478 3053 1663 3123 φησίν.
1707 3053 1765 3108 '0

1859 1848 2136 1903 concedis.
2169 1848 2223 1902 Si
2251 1849 2391 1903 enim
2424 1864 2492 1903 ex
2522 1848 2699 1900 divina
2725 1848 2816 1899 illa
2873 1854 3085 1909 natura,
3144 1857 3263 1914 quae
3321 1857 3446 1896 ver-

1859 1944 1942 1998 bis
1971 1942 2229 2013 explicari
2260 1956 2364 1996 non
2399 1950 2598 2010 potest,
2634 1941 2855 2010 sanguis
2884 1939 3154 2002 llttxisset,
3212 1946 3268 1991 et
3327 1936 3443 2004 ipsa

1859 2050 1956 2104 pro
2011 2050 2176 2089 carne
2210 2034 2377 2088 clavis
2422 2034 2474 2087 in
2539 2047 2698 2088 cruce
2754 2033 3012 2086 dilaniata
3064 2038 3117 2084 et
3170 2028 3447 2084 conscissa

1859 2136 2426 2192 esset,argumeutum
2474 2134 2623 2179 tuum
2659 2125 2762 2179 hoc
2812 2124 2930 2178 loco
2962 2121 3237 2191 probabile
3289 2119 3440 2174 vidc-

1862 2230 2033 2271 retur.
2066 2217 2215 2283 Quod
2243 2217 2287 2270 si
2340 2217 2454 2271 hmo
2517 2226 2626 2269 tam
2683 2214 3016 2269 exsecranda
3077 2228 3146 2267 ne
3196 2209 3445 2264 diabolus

1862 2311 2075 2378 quidem
2107 2308 2223 2376 ipse
2251 2308 2479 2375 diceret,
2513 2323 2612 2362 cur
2642 2308 2798 2361 istam
2866 2316 2921 2359 tu
2949 2304 3090 2358 nulla
3151 2303 3307 2357 venia
3369 2300 3449 2353 di-

1861 2419 2020 2470 gnam
2056 2402 2213 2469 fingis
2259 2401 2643 2471 ignorantiam,
2676 2415 2837 2469 quam
2876 2413 2942 2452 ne
2996 2400 3268 2451 daemones
3322 2393 3446 2463 qui-

1863 2495 1984 2550 dem
2022 2495 2123 2564 ipsi
2161 2511 2270 2563 pra:
2299 2511 2357 2549 se
2410 2494 2655 2549 t‘crreut?
2706 2495 3026 2562 Quanquam
3083 2489 3247 2545 verba
3304 2489 3393 2542 illa
3429 2503 3446 2544 :

1864 2588 2121 2641 Dominus
2143 2599 2199 2642 et
2232 2586 2497 2652 Christus,
2529 2601 2632 2639 non
2677 2586 2927 2640 essentia:
2958 2593 3105 2645 sunt,
3136 2581 3236 2637 sed
3266 2580 3451 2649 digni-

1867 2679 2015 2733 tatis.
2050 2679 2309 2732 Dominus
2340 2680 2483 2732 euim
2516 2686 2869 2746 potestatem,
2928 2674 3180 2729 Christus
3236 2672 3449 2725 unctio-

1867 2784 1986 2824 nem
2017 2770 2310 2838 signiﬁcat.
2342 2769 2478 2833 Quid
2508 2768 2670 2836 igitur
2701 2768 2848 2820 dices
2875 2766 2941 2819 de
2992 2764 3130 2818 FlllO
3190 2764 3321 2817 Dei?
3389 2760 3448 2816 Si

1865 2863 2035 2928 enim,
2066 2861 2527 2929 quemadmodum
2582 2874 2678 2912 vos
2707 2856 2945 2921 sentitis,
3007 2866 3223 2911 creatus
3278 2865 3448 2919 esset,

1869 2956 1971 3011 hoc
2012 2971 2118 3011 non
2148 2954 2373 3009 haberet
2416 2954 2618 3008 locum.
2643 2950 2760 3007 Non
2816 2953 2957 3006 enim
2990 2966 3110 3005 cum
3168 2951 3319 3021 prius
3370 2950 3454 3003 fa-

1870 3056 2010 3112 ctus,
2072 3046 2235 3116 elegit
2292 3056 2419 3099 tunc
2500 3045 2661 3099 Deus.
2724 3040 2832 3097 Nec
2905 3040 3262 3097 adventitium
3336 3040 3451 3106 ille,

200 3128 248 3182 δὲ
270 3132 476 3205 Πέτρος,
496 3137 582 3197 ὡς
613 3141 744 3211 περί
780 3158 925 3206 τινος
960 3144 1453 3215 χειροτονηθέντος,
1478 3146 1621 3200 οὕτω
1646 3148 1763 3201 δια-

1869 3143 1960 3196 sed
2013 3156 2114 3210 per
2194 3150 2445 3193 naturam
2526 3147 2579 3193 et.
2656 3136 2946 3193 essentiam
3021 3134 3185 3190 habet
3279 3134 3456 3204 impe-

200 3222 414 3292 λέγεται.
435 3231 578 3299 Περὶ
613 3233 724 3302 γὰρ
752 3238 852 3303 τῆς
886 3235 1202 3306 οἰκονομίας
1232 3239 1260 3289 6
1291 3238 1449 3306 λόγος
1483 3240 1630 3310 αὐτῷ
1662 3243 1765 3295 πά-

204 3321 485 3384 σης.Καὶτί
513 3323 820 3394 θαυμάζεις
839 3327 889 3380 ei
910 3329 1114 3381 τοῦτοὸ
1148 3329 1353 3399 Πέτρος
1381 3334 1546 3400 φησίν
1570 3348 1584 3398 ;
1604 3333 1766 3402 Ἀθη-

205 3408 347 3471 ναίοις
370 3413 474 3483 γὰρ
502 3415 891 3485 διαλεγόμενος
912 3418 940 3469 6
964 3418 1195 3483 Παῦλος,
1221 3420 1391 3489 ἄνδρα
1418 3421 1578 3475 καλεί
1604 3424 1766 3495 μόνον

205 3499 324 3554 οὕτω
350 3503 547 3572 λέγων*
576 3508 681 3562 Ἐν
706 3510 880 3578 ἀνδρὶ
913 3505 962 3577 ᾧ
988 3511 1171 3579 ὥρισε
1198 3515 1406 3573 πίστιν
1433 3520 1767 3586 παρασχὼν

206 3592 388 3661 πᾶσιν,
416 3599 785 3669 ἀναστήσας
827 3605 1020 3659 αὐτόν
1053 3606 1123 3658 ἐκ
1170 3606 1431 3674 νεκρῶν,
1490 3610 1585 3663 καὶ
1614 3610 1767 3665 οὐδὲν

209 3687 429 3759 περὶτῆς
455 3690 559 3744 τοῦ
588 3692 725 3745 Θεοῦ
752 3693 901 3762 λέγει
934 3697 1171 3767 μορφῆς,
1197 3697 1319 3750 οὐδὲ
1340 3698 1420 3752 ὅτι
1446 3698 1561 3765 ίσος
1591 3701 1763 3772 αὐτῷ,

210 3777 299 3829 οὐδ’
319 3782 392 3834 ὅτι
419 3784 771 3856 ἀπαύγασμα
794 3789 895 3858 τῆς
925 3789 1084 3862 δόξης
1114 3792 1301 3859 αὑτοῦ,
1326 3795 1572 3858 εἰκότως.
1599 3795 1767 3851 Οὔπω

210 3869 299 3941 γὰρ
320 3877 501 3947 καιρὸς
524 3879 731 3933 τούτων
752 3880 859 3934 τῶν
882 3883 1143 3954 ῥημάτων
1164 3883 1251 3958 ἦν.
1297 3890 1605 3958 ’Δγαπητὸν
1623 3890 1680 3944 δὲ
1701 3887 1770 3963 ἦν

212 3964 382 4031 αὐτοὺς
412 3972 826 4042 παραδέξασθαι
851 3977 987 4038 τέως
1007 4015 1023 4040 ,
1053 3979 1134 4031 ὅτι
1163 3979 1450 4051 ἄνθωπρός
1484 3984 1640 4048 ἐστι,
1676 3985 1771 4038 καὶ

212 4051 280 4144 ὅτι
302 4056 515 4132 ἀνέστη.
542 4062 704 4118 Οὕτω
730 4066 825 4119 καὶ
854 4068 1016 4131 αὐτὸς
1043 4068 1071 4119 ό
1100 4069 1334 4137 Χριστὸς
1364 4072 1611 4142 ἐποίησε,
1640 4075 1769 4144 παρ’

212 4141 263 4197 οὗ
287 4152 369 4204 καὶ
396 4154 608 4219 Παῦλος
636 4156 846 4227 μαθὼν,
872 4158 1016 4213 οὕτω
1040 4162 1110 4214 τὰ
1139 4163 1441 4232 πράγματα
1471 4141 1766 4236 οῖκονομεῖ.

216 4237 278 4329 οὐ
300 4241 399 4312 γὰρ
420 4246 626 4309 εὐθέως
654 4250 785 4319 ἡμῖν
811 4251 1006 4304 ἐαυτοῦ
1031 4252 1130 4323 τὴν
1157 4254 1389 4325 θεότητα
1415 4255 1769 4329 ἐξεκάλυψεν,

214 4328 329 4385 ἀλλὰ
358 4339 575 4407 πρῶτον
609 4341 707 4407 μὲν
739 4343 1023 4413 ἐνομίζετο
1055 4348 1373 4419 προφήτης,
1410 4350 1506 4401 καὶ
1536 4328 1772 4422 Χριστὸς

1870 3237 2032 3289 rium.
2135 3234 2506 3302 Interrogatus
2604 3232 2805 3296 enim,
2898 3246 2965 3285 an
3061 3238 3209 3286 esset
3309 3244 3449 3293 rex,

1872 3327 2004 3396 Ego,
2057 3327 2251 3397 inquit,
2288 3326 2358 3379 ad
2392 3328 2488 3379 hoc
2533 3310 2687 3379 natus
2739 3342 2855 3379 sum
2886 3326 2925 3379 ⁸.
2964 3323 3156 3379 Petrus
3183 3333 3359 3378 autem
3389 3325 3459 3377 de

1872 3419 1961 3473 illo
1998 3429 2251 3488 tanquam
2301 3419 2471 3473 electo
2521 3426 2575 3472 et
2604 3426 2859 3486 cooptata
2894 3417 3053 3472 verba
3117 3416 3268 3470 facit.
3318 3415 3456 3471 Tota

1870 3512 2012 3565 enim
2045 3511 2188 3564 illius
2232 3510 2407 3564 oratio
2444 3509 2509 3563 ad
2551 3508 2927 3577 explicandum
2984 3508 3225 3561 divinmn
3267 3507 3461 3563 salutis

1870 3602 2119 3657 humana:
2149 3601 2435 3657 consilium
2472 3601 2726 3668 pertinet.
2765 3596 2883 3652 Jam
2915 3596 3045 3669 quid
3078 3599 3297 3653 miraris
3357 3597 3459 3653 Pe-

1873 3704 2012 3747 trum
2088 3695 2160 3748 ita
2232 3694 2402 3763 loqui,
2475 3706 2599 3747 cum
2664 3690 2865 3749 Paulus
2929 3690 3209 3760 alloquens
3291 3689 3461 3743 Athe-

1873 3790 2089 3843 nienses
2155 3804 2280 3843 eum
2327 3788 2603 3843 hominem
2681 3786 2854 3841 solum
2900 3784 3173 3855 appellet:
3229 3782 3294 3837 In
3326 3784 3458 3846 tiro.

1872 3882 2148 3948 inquiens,
2210 3897 2362 3951 quem
2401 3888 2682 3943 statuerat,
2721 3879 2876 3947 ﬁdem
2916 3878 3155 3932 omnibus
3204 3880 3460 3946 prwbem,

1871 3992 1989 4030 cum
2049 3975 2197 4030 illum
2229 3991 2260 4028 a
2297 3975 2518 4029 mortuis
2578 3970 2923 4026 suscitarit‘.
2978 3968 3126 4025 Nihil
3158 3979 3336 4025 autem
3397 3972 3463 4023 do

1872 4071 2045 4125 forma
2089 4069 2181 4124 Dei
2236 4069 2497 4140 loquitur,
2533 4084 2631 4123 nec
2698 4082 2824 4122 eum
2886 4067 2984 4137 ipsi
3023 4065 3309 4136 aequalem,
3364 4081 3464 4122 nec

1872 4164 2057 4235 gloriae
2108 4163 2448 4232 splendorem
2504 4162 2676 4231 ipsum
2717 4177 2836 4217 esse
2866 4162 3019 4225 dicit,
3073 4174 3136 4214 ac
3178 4160 3372 4215 merito
3409 4159 3463 4213 id

1874 4256 2090 4325 quidem
2154 4254 2302 4310 facit.
2356 4253 2539 4324 Neque
2570 4256 2710 4309 enim
2744 4267 2951 4323 tempus
3009 4252 3271 4320 ejusmodi
3302 4252 3463 4306 verba

1872 4349 2206 4419 postulabat,
2242 4364 2360 4402 cum
2390 4350 2523 4403 satis
2555 4356 2682 4402 tunc
2710 4358 2855 4403 esset
2890 4347 3075 4412 Paulo,
3123 4348 3167 4402 si
3202 4346 3306 4401 illis
3342 4362 3466 4417 pet-

216 4422 375 4491 ἁπλῶς
408 4429 702 4503 ἄνθρωπος
723 4446 737 4459 ⁶
775 4433 1003 4511 ὕστερον
1029 4437 1085 4491 δέ
1120 4440 1295 4510 ἐφάνη
1332 4440 1422 4493 διὰ.
1451 4441 1561 4495 τῶν
1594 4442 1764 4512 ἔργων

1878 4443 2155 4507 suasisset,
2191 4457 2313 4496 eum
2347 4451 2399 4495 ct
2426 4443 2699 4495 hominem
2746 4457 2887 4507 esse,
2921 4451 2974 4495 et
3009 4440 3334 4497 surrexisse.
3369 4438 3464 4495 Sic

217 4518 296 4607 καὶ
322 4522 424 4577 τῶν
458 4525 729 4595 ῥημάτων
768 4528 925 4582 τοῦτο
964 4531 1099 4603 ὅπερ
1139 4528 1228 4603 ἦν.
1268 4534 1371 4589 Διὰ
1409 4534 1571 4589 τοῦτο
1610 4538 1705 4590 καὶ
1743 4540 1764 4591 ό

1881 4538 1987 4607 egit
2019 4547 2072 4591 et
2100 4537 2215 4604 ipse
2242 4534 2515 4602 Christus,
2566 4551 2596 4588 a
2628 4549 2732 4603 quo
2764 4534 2961 4588 Paulus
2987 4535 3208 4590 edoctus
3243 4536 3316 4589 ita
3347 4551 3461 4589 rem

219 4606 396 4715 Πέτρος
422 4616 481 4669 ἐν
513 4619 655 4715 άρχῇ
685 4620 858 4691 τούτῳ
884 4623 1154 4694 κέχρηται
1182 4627 1259 4697 τῷ
1287 4627 1495 4699 τρόπῳ.
1528 4631 1637 4682 Καὶ
1664 4632 1774 4701 γὰρ

219 4710 397 4774 ταύτην
426 4710 656 4781 πρώτην
692 4713 828 4782 πρὸς
861 4713 1152 4780 Ἰουδαίους
1187 4719 1520 4790 ἐδημηγόρει
1551 4721 1649 4792 τὴν
1682 4723 1777 4793 δη-

224 4800 485 4867 μηγορίαν.
515 4804 628 4857 Kal
653 4805 845 4877 ἐπειδὴ
870 4807 1025 4861 οὐδὲν
1051 4811 1179 4883 περὶ
1202 4811 1305 4882 τῆς
1330 4813 1581 4883 θεότητος
1609 4814 1774 4869 αὐτοῦ

223 4890 369 4957 σαφὲς
402 4895 596 4963 μαθεῖν
630 4898 852 4967 ἴσχυον,
887 4898 977 4952 διὰ
1004 4901 1164 4953 τοῦτο
1192 4906 1306 4966 τοῖς
1338 4905 1468 4975 περὶ
1496 4905 1595 4975 τῆς
1627 4907 1775 4961 οἰκοο

221 4982 389 5049 νομίας
423 4990 755 5059 ἐνδιατρίόει
797 4991 998 5061 λόγοις,
1041 4994 1129 5048 ἵνα
1169 4996 1385 5062 τούτοις
1422 5000 1455 5069 ἠ
1496 4999 1633 5071 ἀκοὴ
1677 5018 1776 5069 γυ·

227 5077 500 5165 μνασθεῖσα
514 5085 585 5154 τῇ
611 5082 771 5156 λοιπῇ
800 5087 1201 5160 προοδοποιήσῃ
1223 5089 1567 5165 διδασκαλίᾳ.
1592 5095 1703 5148 Καὶ
1728 5094 1777 5147 εἰ

227 5159 439 5227 βούλοιτό
467 5189 550 5237 τις
582 5174 680 5245 τὴν
708 5175 1053 5249 δημηγορίαν
1082 5159 1262 5233 πᾶσαν
1289 5182 1495 5235 άνωθεν
1519 5159 1774 5250 διελθεῖν,

1879 4630 2038 4702 gerit.
2116 4627 2303 4699 Neque
2350 4630 2492 4683 enim
2532 4630 2715 4683 statim
2747 4628 3084 4682 divinitatem
3115 4643 3265 4682 suam
3307 4629 3464 4684 nobis

1879 4722 2169 4791 patefecit;
2201 4721 2295 4777 sed
2330 4720 2505 4789 primo
2548 4722 2767 4791 quidem
2823 4720 3113 4790 putabatur
3161 4733 3282 4777 esse
3340 4734 3467 4788 pro-

1877 4816 2058 4884 pheta,
2078 4823 2132 4869 et
2163 4814 2742 4882 Christussimpliciter
2768 4814 2963 4879 homo;
2994 4813 3191 4868 deinde
3221 4828 3282 4868 ex
3311 4811 3468 4869 fartis

1875 4916 1930 4961 et
1987 4905 2169 4960 verbis
2230 4905 2479 4975 apparuit
2530 4905 2581 4958 id
2632 4905 2775 4974 quod
2806 4914 2941 4959 erat.
2968 4903 3173 4960 idcirco
3199 4914 3251 4960 et
3274 4905 3467 4960 Petrus

1879 4998 2144 5068 principio
2170 4998 2271 5052 hac
2304 4999 2515 5051 ratione
2544 4998 2732 5050 utitur.
2770 4995 2920 5051 llauc
2964 4998 3107 5051 enim
3142 4998 3373 5065 primam
3398 4996 3464 5052 ad

1878 5090 2094 5146 Judaaos
2126 5091 2441 5145 concionem
2476 5090 2684 5145 habuit.
2741 5088 2805 5144 Et
2840 5090 2965 5160 quia
2995 5089 3128 5144 nihil
3164 5090 3232 5145 de
3268 5090 3470 5145 divini-

1884 5192 1993 5237 tate
2019 5182 2363 5252 perspicuum
2400 5180 2611 5235 discere
2649 5190 2923 5250 poterant,
2958 5182 3026 5235 ob
3055 5180 3106 5234 id
3136 5181 3189 5234 in
3222 5195 3286 5234 eo
3314 5196 3465 5234 com-

226 5256 421 5349 εὑρήσει
456 5265 615 5320 τοῦτο
654 5269 682 5322 ὂ
724 5270 867 5339 λέγω
908 5273 1113 5345 σφόδρα
1150 5273 1481 5344 διαλάμπον.
1523 5278 1634 5331 Kal
1675 5280 1764 5349 γὰε

1884 5284 2147 5339 moratur,
2180 5284 2237 5327 ut
2266 5274 2505 5327 divinum
2536 5274 2755 5328 humani
2783 5274 2996 5343 generis
3044 5273 3299 5328 servandi
3328 5288 3467 5328 cono

227 5346 375 5420 ἄνδρα
409 5357 569 5411 αὐτὸν
607 5361 765 5414 καλεῖ
803 5366 898 5418 καὶ
935 5366 1121 5429 αὐτὸς.
1161 5366 1257 5420 καὶ
1293 5371 1405 5430 τοῖς
1437 5368 1531 5421 τοῦ
1576 5346 1764 5423 πάθουι

1892 5367 2074 5433 silium
2103 5366 2354 5435 explicet,
2381 5382 2487 5436 quo
2526 5366 2626 5423 sibi
2662 5366 2727 5420 ad
2758 5367 2965 5435 reliqua
2998 5367 3235 5421 docenda
3263 5365 3472 5419 aditum

231 5445 313 5495 καὶ
335 5447 426 5518 τῆς
452 5452 802 5519 ἀναστάσεως
832 5456 926 5510 καὶ
954 5459 1068 5521 τοῖς
1095 5459 1239 5512 κατὰ
1268 5459 1448 5530 σάρκα
1482 5463 1764 5531 γεννήσεωι

1896 5459 2203 5533 patefaciet.
2233 5463 2307 5515 Ac
2375 5461 2417 5513 si
2450 5460 2570 5529 quis
2620 5467 2789 5512 totam
2841 5457 3156 5512 concionem
3203 5457 3373 5527 ipsam
3434 5471 3472 5511 va

218 5532 528 5611 ἐνδιατρίϐει
568 5546 767 5615 λόγοις.
808 5550 915 5604 Kal
955 5550 1168 5615 Παῦλος
1202 5552 1259 5605 δὲ
1297 5553 1429 5606 ὅταν
1466 5552 1633 5626 λέγῃ,
1676 5554 1764 5606 Toi

1898 5532 2166 5620 principio
2202 5549 2459 5619 perlegat,
2494 5548 2724 5617 reperiet
2756 5548 2805 5601 id
2855 5546 3000 5616 quod
3066 5546 3297 5601 dicimus
3353 5560 3476 5601 esse

237 5635 534 5701 γενομένου
566 5639 633 5693 ἐκ
667 5640 1012 5711 σπέρματος
1044 5644 1220 5698 Δαϐὶδ
1253 5645 1403 5699 κατὰ
1433 5645 1631 5713 σάρκα
1651 5682 1669 5710 ,
1698 5646 1788 5697 οὺ-

1901 5644 2285 5698 clarissimum.
2324 5639 2459 5696 Nam
2490 5652 2543 5696 et
2574 5640 2688 5710 ipse
2736 5640 2912 5695 virum
2947 5655 3069 5695 eum
3103 5650 3280 5706 vocat,
3310 5649 3362 5694 et
3420 5640 3476 5695 in

238 5716 314 5771 δεῖν
337 5725 512 5799 ἕτερον
538 5734 686 5802 ἡμᾶς
712 5734 979 5805 παιδεύει,
1013 5736 1125 5789 ἀλλ’
1150 5737 1182 5807 ἢ
1215 5740 1296 5791 ὅτι
1323 5736 1384 5791 τὸ
1412 5740 1667 5808 ἐποίησεν
1696 5738 1764 5789 ἐπ

1897 5737 2013 5805 ejus
2028 5746 2220 5804 morte,
2244 5745 2297 5792 et
2308 5733 2790 5800 resurrectionc,et
2814 5734 3050 5790 humano
3070 5740 3189 5790 ortu
3204 5733 3483 5806 explicau-

306 5816 324 5849 ‘
355 5822 469 5889 Act.
500 5842 560 5896 ιι,
590 5828 678 5885 56.
755 5831 775 5862 ’
800 5831 939 5889 ibid.
1018 5834 1039 5867 ⁸
1066 5831 1223 5890 Joan.
1244 5849 1397 5904 ιιιιιιι,
1431 5835 1519 5891 57.
1597 5832 1620 5865 δ
1643 5834 1763 5889 Act.
1794 5849 1926 5905 xvii,
1956 5832 2047 5889 5i.
