3920 6560
169 411 272 474 617

1133 419 1505 482 PANOPLIA
1548 418 2001 480 DCGMATlCA.
2035 441 2101 454 *-
2139 418 2284 480 'l‘lT.
2329 417 2432 480 XI.

3303 413 3408 481 618

171 532 333 601 ρησεν
371 532 542 586 εἰπεῖν
570 533 598 586 ό
627 534 838 598 Παῦλος
867 535 994 604 περὶ
1023 535 1215 599 αὑτοῦ,
1262 535 1398 590 ἀλλὰ
1442 536 1536 588 καὶ
1579 534 1740 601 ἕτερα

1851 533 2066 590 similia.
2093 533 2224 588 Nam
2259 534 2389 588 illud
2419 550 2433 586 :
2463 531 2546 586 Ea:
2577 549 2701 603 quo,
2731 532 2871 603 quod
2903 541 2956 586 tu
2989 531 3086 587 soli
3117 529 3266 588 Patri
3293 543 3410 587 tan.

168 620 416 676 τοιαῦτα.
447 623 516 675 Τὸ
547 624 654 694 γὰρ
688 624 793 689 Ἐξ
829 621 924 690 οὗ,
951 626 1125 697 ῥῆμα,
1155 628 1292 697 ὅπερ
1321 627 1395 690 ὡς
1428 627 1587 692 ἀξίαν
1618 627 1739 680 τινὰ

172 714 328 782 μόνον
351 715 428 783 τῷ
454 715 628 786 Πατρὶ
651 717 971 785 ἀπονέμεις,
1005 721 1098 771 καὶ
1123 719 1346 791 κλῆρον,
1375 719 1470 772 καὶ
1493 720 1622 789 περὶ
1644 717 1736 772 τοῦ

168 807 294 860 Υξοῦ
316 824 483 876 φησιν
509 805 654 859 οὕτω
677 808 851 875 λέγων
881 825 896 840 ·
934 810 1037 873 Ἐξ
1079 806 1150 866 οὗ
1190 810 1313 864 πᾶν
1339 812 1404 864 τὸ
1435 811 1608 878 σῶμα
1637 809 1736 863 διὰ

167 902 280 954 τῶν
325 897 497 968 ἁφῶν
565 899 663 952 καί
711 900 1081 970 συνδέσμων
1157 903 1732 971 ἐπιχορηγούμενον.

167 992 258 1045 καί
300 988 809 1060 συμϐιϐαζόμενον
852 994 1023 1057 αὔξει
1054 997 1142 1060 είς
1162 994 1280 1062 τὴν
1311 996 1584 1060 αὔξησιν
1629 995 1736 1048 τοῦ

169 1084 335 1139 Θεοῦ.
369 1087 476 1137 Καὶ
504 1083 602 1134 οὐκ
631 1085 884 1154 ἀρκεῖται
912 1085 1071 1140 τοῦτο
1103 1087 1285 1155 μόνον.
1322 1088 1458 1141 ἀλλὰ
1487 1088 1584 1140 καὶ
1617 1089 1738 1141 ἑτέ-

171 1176 341 1245 ρωθεν
368 1177 499 1246 ὑμῖν
524 1177 864 1248 ἁποφράττει
881 1177 950 1229 τὰ
974 1178 1240 1247 στόματα.
1273 1177 1348 1232 Τὸ
1373 1179 1452 1231 Δι’
1474 1174 1546 1233 οὗ
1575 1179 1734 1233 τοῦτο

167 1267 306 1336 ὑπὲρ
330 1268 686 1329 ἐλαττώσεως
710 1264 848 1321 εἶναι
878 1267 1056 1336 λέγεις
1081 1267 1161 1336 τῷ
1185 1269 1360 1338 Πατρὶ
1389 1271 1734 1339 προσνέμωνο

167 1360 386 1423 Πιστὸς
415 1360 525 1428 γὰρ
552 1364 584 1414 ὀ
607 1361 770 1425 Θεὸς,
799 1364 956 1428 φησι,
991 1360 1068 1414 δι’
1093 1357 1164 1417 οὗ
1191 1360 1489 1428 ἐκλήθητε
1511 1364 1599 1427 είς
1619 1380 1738 1416 κοι-

165 1453 386 1505 νωνίαν
416 1453 522 1506 τοῦ
556 1453 692 1507 Tini}
722 1453 911 1508 αὐτοῦ
933 1469 947 1486 ο
992 1454 1084 1506 καὶ
1121 1454 1282 1507 πάλιν
1309 1470 1322 1484 °
1356 1454 1458 1506 Διὰ
1505 1455 1612 1508 τοῦ
1641 1457 1737 1508 θε-

167 1547 435 1615 λήματος
467 1549 657 1603 αὐτοῦ
681 1564 695 1579 °
726 1550 818 1601 καὶ
847 1546 1085 1619 ἀλλαχοῦ
1109 1565 1126 1583 ο
1156 1548 1277 1601 Ὀτι
1315 1547 1386 1613 ἐξ
1411 1548 1735 1613 αὐτοῦ,καί

169 1639 238 1693 δι’
277 1640 492 1706 αὐτοῦ,
549 1641 648 1694 καὶ
682 1641 770 1706 εις
803 1640 993 1694 αὑτὸν
1040 1639 1117 1694 τὰ
1168 1640 1387 1693 πάντα.
1427 1640 1536 1693 Καὶ
1569 1641 1628 1692 οὐ
1661 1640 1739 1710 τῷ

172 1731 278 1800 1⁸ίῷ
307 1731 461 1800 μόνῳ
485 1730 546 1782 τὸ
575 1731 677 1794 Ἐξ
695 1727 941 1796 οὗ,ὰ.λλὰ
969 1730 1065 1785 καὶ
1093 1730 1171 1801 τῷ
1195 1731 1334 1784 [1νεύ
1345 1748 1476 1800 ματι
1506 1747 1740 1802 προσνε-

170 1825 416 1892 νέμηται.
459 1822 568 1875 Καὶ
589 1823 695 1894 γὰρ
743 1823 820 1893 τῷ
857 1823 1057 1893 Ἰωσὴφ
1087 1826 1114 1876 ό
1150 1824 1381 1892 ἄγγελος
1410 1823 1566 1892 ἔλεγε
1593 1838 1610 1856 ο
1641 1823 1737 1892 Μὴ

171 1914 440 1983 φοϐηθῇς
481 1915 851 1981 παραλαϐεῖν
876 1916 1111 1984 Μαριὰμ
1147 1915 1264 1984 τὴν
1290 1915 1548 1987 γυναῖκά
1593 1930 1734 1981 σου,

170 2013 232 2062 τὸ
245 2007 351 2076 γὰρ
366 2005 604 2075 eratin}
623 2009 916 2076 γεννηθὲν
925 2007 993 2061 ἐκ
1009 2008 1349 2077 Πνεύματός
1359 2007 1530 2061 ἐστιν
1542 2007 1738 2078 ἁγίου.

175 2101 382 2170 Ὠσπερ
409 2095 508 2152 οὖν
531 2101 626 2152 καὶ
653 2100 714 2152 τὸ
733 2099 803 2154 ἐν
820 2093 869 2166 ᾧ
891 2099 984 2152 τοῦ
1015 2099 1328 2169 Πνεύματος
1358 2100 1440 2163 δν,
1464 2101 1567 2152 οὐκ
1598 2101 1742 2156 ἁπα-

175 2197 270 2262 ξιοῖ
297 2197 392 2250 καὶ
420 2194 501 2265 τῷ
524 2195 643 2266 Θεῷ
668 2196 1000 2266 προσνέμειν
1044 2199 1071 2250 ό
1114 2199 1423 2268 προφήτης,
1473 2198 1618 2252 οὕτω
1649 2200 1740 2253 λέ·

175 2307 300 2359 γωνο
339 2291 452 2346 Ἐν
471 2291 550 2356 τῷ
582 2290 706 2357 Θεῷ
728 2290 1078 2361 ποιήσωμεν
1097 2291 1377 2361 δύναμιν.
1399 2292 1508 2347 Καὶ
1535 2295 1564 2346 ό
1597 2293 1744 2348 [lai-

179 2382 260 2444 λος
287 2382 548 2452 δεόμενός
571 2399 738 2452 φησιν
757 2399 771 2414 ο
796 2381 868 2436 El
899 2397 1024 2446 πως
1046 2380 1162 2450 ἤδη
1193 2381 1341 2436 ποτὲ
1363 2383 1740 2449 εὐοδωθήσοο

174 2491 268 2542 μαι
287 2475 356 2528 ἐν
384 2474 472 2541 τῷ
505 2475 792 2544 θελήματι
823 2473 931 2529 τοῦ
974 2474 1126 2529 Θεοῦ
1159 2474 1364 2530 ἐλθεῖν
1392 2477 1542 2545 πρὸς
1565 2475 1740 2544 ὑμᾶς.

189 2566 304 2619 Ἐπὶ
335 2567 438 2620 τοῦ
497 2566 737 2640 Χριστοῦ
799 2566 856 2619 δὲ
901 2566 1068 2621 πάλιν
1106 2567 1267 2621 τοῦτο
1319 2568 1504 2638 τίθησι
1546 2570 1741 2636 λέγων,

192 2661 282 2715 Ἐν
311 2661 547 2729 Χριστῷ
596 2660 815 2729 Ἰησοῦ.
848 2660 959 2714 Καὶ
995 2660 1133 2726 ὅλως
1178 2661 1460 2728 πολλάκις,
1489 2664 1585 2716 καὶ
1617 2674 1744 2717 συν-

183 2753 463 2822 εχέστερον
502 2751 761 2820 εὕροιμεν
805 2750 874 2804 ἂν
921 2750 1334 2821 μεθισταμένας
1378 2751 1582 2816 ταύτας
1641 2754 1743 2818 τὰς

173 2843 362 2910 λέξεις.
395 2843 668 2897 Ταῦταδὲ
715 2844 815 2897 οὐκ
857 2842 924 2897 ἂν
957 2843 1179 2913 συνέση,
1226 2844 1301 2914 μὴ
1333 2844 1614 2916 πανταχοῦ
1647 2847 1746 2918 τῆς

187 2934 340 3002 αὐτῆς
375 2933 571 2997 οὐσίας
603 2934 994 3004 ὑποκειμένης.

1839 641 1999 696 quam
2055 625 2368 696 dignitatem
2457 635 2618 693 atque
2696 624 3063 680 hzereditatem
3117 627 3406 695 quamdam

1840 720 2089 783 ascribis,
2135 721 2249 786 ipse
2278 718 2346 784 de
2401 717 2539 771 Filio
2592 718 2752 771 etiam
2811 717 3097 772 dicitzEz
3149 735 3270 788 quo,
3330 720 3412 772 in-

1842 813 2059 880 quiens,
2081 820 2243 863 lotum
2274 826 2461 875 corpus
2498 825 2590 877 per
2620 825 2780 862 nexus
2801 817 2849 862 et
2870 809 3263 879 coniunctiones
3288 813 3409 864 sub-

1843 904 2190 957 ministratum
2221 904 2402 954 crescit
2427 902 2480 954 in
2506 914 2836 970 augmentum
2892 903 2986 956 Dei
3013 905 3051 954 ¹.
3085 903 3266 974 Neque
3310 905 3413 960 hoc

1844 995 1915 1049 illi
1955 996 2087 1050 satis
2133 1004 2237 1060 est,
2282 995 2375 1048 sed
2407 993 2510 1047 alia
2549 1009 2764 1061 quoque
2798 996 3006 1048 ratione
3061 995 3410 1050 obstruitora

1841 1097 2046 1150 vestra,
2073 1102 2192 1140 cum
2227 1086 2355 1140 illud
2401 1104 2414 1140 :
2447 1085 2548 1139 Per
2579 1104 2749 1155 quem.
2811 1089 2950 1155 quod
2987 1100 3038 1140 tu
3100 1090 3412 1143 diminutio-

1844 1194 1964 1234 nem
2001 1179 2306 1250 signiﬁcare
2343 1179 2497 1239 ilicis,
2535 1179 2719 1230 trihnit
2755 1179 2914 1231 etiam
2957 1178 3102 1232 Patri
3138 1198 3151 1233 :
3187 1178 3410 1242 Fidelis,

1841 1274 2110 1340 inquiens,
2146 1271 2304 1336 Deus,
2341 1286 2431 1338 per
2460 1285 2609 1339 quem
2645 1271 2814 1323 vocati
2849 1271 2970 1322 estis
2998 1270 3054 1322 in
3109 1271 3416 1325 societatem

1841 1363 1973 1418 Filii
1999 1366 2113 1433 ejus
2142 1365 2184 1416 '.
2219 1365 2284 1417 Et
2339 1377 2552 1418 rursum
2583 1379 2598 1416 :
2627 1364 2732 1417 Per
2784 1365 3098 1417 voluntatem
3131 1364 3244 1431 ejus
3272 1364 3313 1417 ³.
3351 1365 3418 1418 Ει

1841 1455 1967 1509 alibi
2005 1473 2018 1509 :
2060 1455 2323 1522 Quoniam
2353 1471 2418 1509 ex
2448 1457 2585 1519 ipso,
2639 1465 2688 1509 et
2727 1471 2817 1522 per
2849 1458 3039 1523 ipsum,
3065 1465 3111 1509 et
3142 1457 3196 1508 in
3244 1458 3414 1520 ipsum

1841 1549 2014 1603 omnia
2042 1549 2080 1601 δ.
2108 1550 2184 1602 Ac
2208 1563 2311 1603 non
2331 1546 2466 1603 Filio
2492 1549 2666 1602 solum
2695 1549 2984 1603 ascrihitur
3013 1550 3162 1616 illud,
3191 1549 3275 1604 Ex
3291 1567 3414 1620 quo.

1840 1641 1934 1696 sed
1961 1640 2122 1695 etiam
2151 1639 2401 1710 Spiritui.
2461 1639 2737 1709 Siquidem
2795 1642 3017 1707 angelus
3045 1641 3110 1693 ad
3156 1640 3354 1712 Joseph
3397 1658 3410 1693 :

1843 1731 1926 1786 Ne
1954 1733 2158 1796 timeas,
2189 1731 2386 1800 inquit,
2419 1730 2658 1796 accipere
2688 1729 2912 1783 Mariam
2947 1730 3216 1799 conjugem
3248 1739 3416 1791 luam,
3461 1713 3486 1769 ἶ-

1840 1823 1978 1894 quod
2011 1826 2148 1877 enim
2175 1825 2229 1878 in
2256 1824 2370 1891 ipsa
2393 1831 2696 1892 conceptum
2734 1832 2830 1886 est,
2866 1838 2930 1876 ea:
2988 1821 3190 1890 Spiritu
3228 1830 3412 1876 sancto

1771 1894 1916 1972 Best
1938 1917 1982 1970 '.
2047 1915 2507 1983 Quemadmodum
2565 1915 2727 1987 igitur
2784 1914 2966 1970 illud:
3007 1913 3070 1968 In
3117 1932 3238 1984 quo,
3289 1931 3412 1969 cum

1841 2010 2075 2078 Spiritus
2107 2013 2197 2074 sit,
2230 2025 2335 2063 non
2365 2008 2599 2063 alienum
2628 2015 2782 2078 putat
2807 2003 3095 2073 Propheta,
3128 2016 3183 2059 ut
3205 2006 3413 2060 tribua-

1843 2113 1933 2158 tur
1963 2104 2090 2168 Deo,
2118 2111 2172 2158 et
2198 2111 2481 2171 propterea
2547 2101 2680 2156 dicit
2707 2117 2721 2152 :
2760 2098 2826 2154 In
2873 2098 2982 2153 Deo
3007 2099 3264 2166 faciemus
3314 2099 3421 2152 vir-

1843 2205 2004 2248 tutem
2033 2194 2074 2251 ⁸.
2111 2194 2178 2248 Ει
2233 2191 2433 2248 Paulus
2464 2201 2658 2261 optans
2715 2209 2729 2246 :
2788 2188 2847 2245 8i
2868 2193 3166 2259 quomodo,
3221 2189 3421 2258 inquit,

1837 2286 1952 2354 jam
1986 2285 2270 2354 aliquando
2297 2299 2605 2354 prosperum
2630 2284 2729 2338 iter
2769 2282 2988 2337 habeant
3047 2283 3102 2337 in
3151 2282 3422 2337 voluntate

1845 2378 1939 2434 Dei
1973 2379 2142 2433 venire
2186 2379 2260 2431 ad
2301 2392 2387 2433 vos
2435 2377 2478 2430 '.
2520 2375 2586 2430 Et
2631 2377 2698 2431 de
2756 2375 2972 2432 Christo
3015 2377 3141 2430 item
3197 2374 3424 2445 loquens

1844 2469 2038 2524 eodem
2069 2470 2244 2525 utitur
2296 2467 2481 2533 verbo,
2532 2469 2600 2523 In
2662 2467 2900 2535 Christo,
2961 2468 3231 2538 inquiens,
3272 2466 3421 2521 Jesu.

1848 2562 2088 2634 Denique
2121 2563 2235 2617 hac
2277 2562 2439 2618 verba
2505 2575 2650 2631 saipe
2699 2570 2863 2632 atque
2926 2562 3060 2617 adeo
3117 2561 3330 2615 assidue
3353 2561 3424 2612 ab

1850 2671 1954 2710 una
2001 2655 2053 2710 in
2090 2655 2248 2709 aliam
2289 2668 2575 2724 personam
2609 2655 2870 2709 translata
2917 2655 3238 2724 comperies.
3271 2651 3426 2718 Quod

1849 2747 2068 2817 quidem
2100 2762 2206 2802 non
2248 2749 2423 2814 ﬂeret,
2462 2749 2562 2803 nisi
2597 2747 2649 2800 in
2681 2747 2931 2802 omnibus
2963 2759 3067 2800 una
3122 2754 3283 2816 atque
3334 2759 3428 2799 ea-

1851 2839 1973 2896 dem
1994 2847 2140 2896 esset
2177 2847 2370 2895 natura
2402 2848 2564 2910 atque
2597 2839 2854 2894 essentia.

194 3080 290 3140 Τοῦ
310 3086 501 3141 αὑτοῦ
523 3086 590 3139 ἐκ
620 3085 732 3153 τῆς
752 3086 1072 3154 ἑρμηνείας
1090 3085 1202 3154 τῆς
1225 3088 1314 3151 είς
1340 3088 1428 3153 τὸ,
1449 3107 1466 3140 ι
1487 3087 1552 3142 '0
1573 3087 1660 3143 ῶν
1681 3089 1745 3145 ἐν

1854 3072 2109 3145 Ejusdem
2137 3090 2202 3128 ea:
2233 3074 2659 3154 interpretatione
2679 3072 2824 3154 illius
2843 3071 3132 3128 sententiae:
3165 3090 3183 3124 ι
3211 3071 3315 3138 Qui
3345 3081 3426 3125 est

530 3156 656 3220 τοῖς
681 3151 940 3220 κόλποις
976 3151 1083 3210 τοῦ
1111 3151 1360 3225 Πατρός.
1393 3176 1412 3208 ι

261 3286 316 3338 '0
348 3285 760 3355 Εὑαγγελιστὴς
785 3286 876 3339 τοῦ
924 3284 1128 3339 κόλπου
1188 3285 1467 3356 μέμνηται
1525 3287 1616 3342 διὰ
1655 3289 1749 3344 τοῦ

195 3377 295 3441 ἑνὸς
324 3381 570 3450 ῥήματος
596 3377 786 3430 τούτου
817 3378 952 3448 ἡμῖν
991 3374 1272 3447 ἐμφαίνων
1313 3376 1398 3430 ὅτι
1451 3376 1622 3449 πολλὴ
1651 3379 1749 3449 τῆς

193 3472 361 3534 οὐσίας
423 3473 458 3542 ἡ
507 3470 802 3538 συγγένεια
856 3470 954 3522 καὶ
988 3469 1228 3538 ἑγγύτης
1255 3487 1269 3501 ο
1309 3470 1391 3522 ὅτι
1431 3470 1749 3540 ἀπαράλλα-

193 3579 304 3625 κτος
332 3566 368 3632 ἡ
399 3564 628 3631 γνῶσις,
665 3563 747 3616 ὅτι
785 3565 875 3630 ίση
921 3563 954 3632 ἡ
983 3561 1228 3626 ἐξουσία.
1261 3561 1335 3614 Οὐ
1376 3561 1488 3632 γὰρ
1512 3561 1603 3616 τὸν
1637 3563 1752 3616 ἑτε-

193 3656 425 3724 ροούσιον
452 3659 512 3710 ὲν
541 3658 654 3719 τοῖς
681 3656 904 3717 κόλποις
921 3654 988 3709 ἂν
1022 3655 1180 3725 ἔσκεν
1207 3656 1236 3707 ό
1262 3653 1474 3725 Πατὴρ,
1503 3653 1622 3707 ἀλλ’
1641 3653 1749 3707 οὐδ’

194 3747 248 3799 ἂν
281 3748 443 3811 αὐτὸς
475 3747 744 3818 ἐτόλμησε
779 3746 965 3809 δοῦλος
1019 3744 1119 3813 ὢν,
1165 3747 1260 3800 καὶ
1293 3746 1406 3799 τῶν
1435 3745 1645 3800 πολλῶν
1669 3741 1750 3810 εἷς

196 3839 244 3890 ὲν
275 3841 392 3901 τοῖς
429 3839 653 3901 κόλποις
713 3835 1046 3908 στρέφεσθαι
1098 3835 1191 3890 τοῦ
1244 3835 1540 3888 Δεσπότου.
1581 3835 1752 3888 Τοῦτο

196 3931 288 4001 γὰρ
314 3930 446 3984 λ’ἱοῦ
477 3931 706 4002 γνησίου
736 3931 922 4001 μόνου,
957 3929 1050 3983 καὶ
1097 3927 1265 3999 πολλῇ
1299 3927 1589 4001 παρῤησίᾳ
1613 3927 1750 3998 πρὸς

197 4020 272 4072 τὸν
295 4023 668 4093 γεγεννηκότα
697 4024 1007 4092 χρωμένου,
1030 4020 1126 4074 καὶ
1155 4020 1312 4074 οὐδεν
1354 4020 1576 4074 ἐλαττον
1597 4022 1749 4090 ἔχον-

199 4127 291 4170 τος.
316 4113 505 4166 Βούλει
530 4115 625 4167 καὶ
647 4113 709 4165 τὺ
735 4113 904 4166 ἀΐδιον
934 4112 1127 4182 μαθεῖν
1152 4128 1168 4176 ς
1199 4113 1470 4166 Ἀκουσον
1497 4113 1550 4165 τί
1582 4127 1751 4181 φησιν

201 4204 472 4274 όΜωῡσῆς
501 4204 746 4277 περὶτοῦ
779 4205 1016 4275 Πατρός.
1059 4204 1377 4275 Ἐρωτήσας
1409 4204 1518 4273 γὰρ
1542 4205 1592 4257 εί
1612 4206 1753 4274 ἱρω-

201 4294 380 4366 τηθείη
415 4298 563 4368 παρὰ
585 4296 694 4349 τῶν
734 4294 1006 4349 Ἰουδαίων
1027 4295 1109 4359 τίς
1129 4296 1159 4347 ό
1193 4293 1560 4358 ἀπεσταλκὼς
1589 4293 1752 4348 αὑτὸν

203 4385 299 4454 τίη,
330 4385 384 4438 τί
415 4385 699 4438 κελεύεται
733 4384 1140 4454 ἀποκρίνασθαι
1175 4385 1312 4455 πρὸς
1346 4385 1566 4448 αὐτοὺς,
1588 4385 1752 4455 ἢκου-

207 4490 285 4527 σεν
304 4492 317 4507 ’
345 4475 490 4530 Eius
511 4475 600 4530 ὅτι
629 4474 761 4529 όῶν
782 4473 1130 4530 ἀπέσταλκά
1145 4491 1242 4544 με.
1273 4475 1346 4527 Τὸ
1374 4473 1432 4527 δὲ
1465 4472 1524 4526 '0
1540 4473 1627 4527 ὢν
1654 4475 1749 4527 τοῦ

1717 3232 1824 3301 ,σ

2348 3147 2404 3198 in
2427 3146 2545 3199 sinu
2569 3144 2751 3199 l'atris
2772 3143 2815 3200 '.
2855 3161 2875 3194 ι

1923 3271 2264 3340 Ενιιιιιιειίειιι
2297 3275 2363 3326 de
2407 3273 2532 3328 sinu
2561 3273 2888 3328 mentionem
2915 3268 3070 3338 facit,
3101 3282 3159 3326 ut
3197 3273 3298 3326 hoc
3321 3285 3428 3324 uno

1855 3366 2020 3420 verbo
2048 3365 2208 3420 nobis
2240 3364 2510 3430 ostendat,
2558 3378 2808 3435 magnam
2850 3366 3099 3420 essentia:
3145 3363 3426 3433 cognatio-

1854 3470 1973 3510 nem
1999 3471 2139 3519 esse.
2159 3464 2215 3510 et
2242 3456 2718 3526 propinquitatem,
2743 3456 3087 3527 similemque
3102 3471 3222 3512 esse
3244 3455 3431 3524 cogni-

1854 3546 2054 3600 tionem
2100 3554 2155 3600 et
2180 3545 2438 3614 aequalem
2469 3555 2808 3614 potestatem.
2840 3541 2976 3598 Eum
3002 3544 3172 3611 enim,
3203 3545 3247 3599 si
3295 3545 3430 3599 slte-

1853 3637 1966 3693 rius
1996 3646 2138 3692 esset
2171 3636 2438 3701 essentia,
2483 3653 2587 3690 non
2630 3646 2839 3691 teneret
2868 3636 2921 3690 in
2985 3637 3106 3691 sinu
3135 3636 3317 3690 Pater.
3351 3637 3430 3689 Ac

1854 3742 1926 3784 ne
1966 3729 2079 3798 ipse
2107 3727 2348 3798 quidem,
2390 3728 2434 3782 si
2475 3737 2619 3783 esset
2647 3741 2857 3782 servus.
2885 3735 2939 3780 et
2967 3741 3106 3782 unus
3132 3742 3162 3780 e
3214 3725 3420 3787 uniltis,

1857 3823 2081 3876 auderet
2167 3822 2218 3874 in
2313 3819 2521 3876 Domini
2607 3820 2729 3875 sinu
2806 3819 3037 3874 versari.
3108 3816 3220 3873 Hoc
3280 3818 3425 3874 enim

1854 3915 2098 3985 germani
2157 3913 2325 3968 solius
2401 3911 2523 3967 Filii
2583 3912 2858 3982 proprium
2921 3921 3023 3975 est,
3077 3911 3171 3981 qui
3230 3925 3424 3979 magus

1854 4007 2051 4062 ﬁducia
2085 4007 2138 4062 in
2179 4005 2390 4061 Patrem
2426 4005 2612 4068 utitur,
2655 4018 2827 4074 eoque
2856 4003 2998 4060 nulla
3030 4016 3090 4059 re
3124 4004 3297 4058 minor
3325 4015 3426 4058 est.

1857 4095 1948 4152 Vis
1982 4107 2037 4152 et
2061 4098 2419 4153 aeternitatem
2459 4098 2577 4169 ejus
2607 4096 2948 4169 intelligere?
2995 4099 3133 4154 Audi
3161 4099 3291 4169 quid
3319 4099 3432 4154 Mo-

1852 4204 1942 4246 ses
1990 4190 2058 4245 de
2118 4190 2279 4245 Patre
2342 4191 2506 4247 dicat.
2568 4191 2828 4258 Quaereris
2848 4192 2993 4247 enim
3051 4193 3094 4246 si
3152 4207 3180 4246 ιι
3231 4189 3431 4247 Judaeis

1855 4283 2308 4352 interrogaretur,
2331 4285 2537 4352 ecquod
2570 4293 2712 4339 esset
2737 4299 2930 4340 nomen
2958 4284 3149 4354 ipsius,
3181 4285 3430 4354 quisnam

1854 4382 1999 4429 esset
2029 4372 2116 4428 ille
2160 4374 2252 4444 qui
2283 4388 2342 4429 se
2378 4375 2637 4439 misisset,
2695 4376 2825 4444 quid
2857 4376 2966 4432 illis
3017 4385 3165 4431 esset
3215 4391 3438 4446 respou-

1856 4465 2114 4528 dendum,
2143 4466 2344 4520 audivit
2375 4466 2499 4520 illud
2531 4482 2546 4519 :
2586 4467 2782 4530 Dicito,
2812 4467 2917 4533 Qui
2942 4479 3043 4530 est,
3078 4468 3222 4522 misit
3282 4484 3363 4522 me
3391 4471 3432 4524 ’.

209 4565 282 4617 ἀεὶ
329 4568 689 4637 σημαντικὸν,
725 4568 819 4620 καὶ
862 4567 956 4620 τοῦ
1011 4566 1269 4637 ἁνὰρχως
1307 4562 1472 4630 εἶναι,
1514 4566 1607 4618 καὶ
1653 4564 1745 4618 τοῦ

1859 4557 1962 4623 Qui
2007 4567 2080 4611 est
2122 4566 2303 4612 autem
2363 4557 2498 4612 nihil
2525 4557 2668 4611 aliud
2694 4559 2984 4627 signiﬁcat,
3019 4560 3234 4628 nisiqui
3290 4575 3435 4615 sem.

210 4656 360 4721 δντως
391 4655 549 4725 εἶναι,
596 4661 690 4712 καὶ
717 4659 941 4728 κυρίως.
980 4658 1153 4712 Τοῦτο
1180 4659 1274 4711 καὶ
1303 4657 1386 4721 τὸ,
1448 4657 1546 4711 ἐν
1593 4656 1749 4726 ἀρχῇ

211 4742 296 4817 ἦν,
323 4753 578 4820 ἐμφαίνει
612 4751 708 4803 τοῦ
759 4751 848 4803 ἀεὶ
879 4747 1178 4820 δηλωτικὸν
1206 4750 1289 4804 ὃν.
1320 4749 1510 4820 Τούτῳ
1545 4750 1611 4819 δὴ
1660 4751 1754 4802 καὶ

213 4841 423 4896 ἐνταῦθα
449 4843 526 4914 τῷ
562 4843 710 4913 ῥητῷ
737 4842 1003 4915 κέχρηται
1037 4843 1066 4894 ὁ
1116 4842 1392 4914 Ἰωάννης.
1425 4843 1641 4904 δεικνὺς
1672 4844 1755 4896 ὃτι

213 4932 440 5004 ἀνάρχως
470 4937 566 4990 καὶ
592 4936 783 5000 ἀϊδίως
817 4938 874 4988 ὲν
901 4934 978 4999 τῷ
1011 4935 1198 5003 κόλπῳ
1226 4934 1322 4988 τοῦ
1358 4935 1574 5006 Πατρός
1605 4938 1754 4988 ἐστιν

213 5024 237 5074 ό
271 5025 406 5090 Υἱός.
433 5028 550 5081 ἰνα
575 5028 684 5098 γὰρ
717 5029 792 5096 μὴ
812 5027 901 5080 διὰ
925 5027 1025 5095 τὴν
1055 5026 1148 5079 τοῦ
1177 5027 1440 5097 ὀνόματος
1467 5028 1756 5081 κοινωνίαν

212 5113 292 5168 ἕνα
319 5119 428 5172 τινὰ
454 5119 562 5172 τῶν
593 5120 779 5189 χάριτι
801 5119 1114 5188 γενομένων
1159 5120 1294 5172 υίῶν
1323 5116 1466 5172 εἶναι
1494 5119 1750 5190 νομίσῃς,

214 5207 402 5274 πρῶτον
431 5211 531 5281 μὲν
576 5210 903 5282 πρόσκειται
939 5210 999 5263 τὸ
1034 5209 1261 5280 ἄρθρον,
1315 5210 1559 5279 διαιροῦν
1590 5210 1753 5262 αὑτὸν

213 5300 306 5353 τῶν
327 5306 459 5356 κατὰ
490 5303 676 5377 χάριν.
711 5305 771 5356 Εἰ
803 5303 861 5355 δὲ
897 5305 972 5373 μὴ
994 5304 1157 5356 τοῦτο
1189 5304 1353 5374 ἀρκεῖ
1383 5319 1486 5367 σοι,
1527 5301 1645 5354 ἀλλ’
1669 5301 1752 5354 ἔτι

216 5392 346 5446 κάτω
374 5397 625 5460 κύπτεις,
651 5396 842 5449 τούτου
881 5395 1218 5465 κυριιίιτερον
1267 5395 1437 5464 ὄνομα
1475 5395 1638 5448 ἄκουε
1668 5393 1750 5459 τὸ,

216 5483 556 5556 Μονογενής,
592 5488 654 5539 Εί
683 5486 741 5538 δὲ
766 5486 861 5539 καὶ
885 5487 1023 5551 μετὰ
1049 5485 1205 5538 τοῦτο
1236 5486 1384 5538 κάτω
1412 5484 1653 5554 βλέπεις,
1680 5485 1755 5538 Οὐ

217 5582 622 5650 παραιτήσομαι,
654 5578 814 5648 φησι,
841 5579 938 5632 καὶ
962 5577 1315 5648 ἀνθρωπίνην
1344 5578 1469 5630 τινὰ
1492 5577 1650 5647 ῥῆσιν
1678 5578 1755 5630 εί·

1855 4663 1951 4717 per
1989 4657 2094 4712 est,
2128 4649 2222 4718 qui
2254 4648 2370 4704 sine
2398 4649 2666 4718 principio
2685 4659 2788 4712 est,
2819 4651 2908 4718 qui
2942 4665 3070 4707 vere
3096 4663 3150 4705 et
3217 4656 3435 4721 proririe

1851 4750 1955 4794 est.
1992 4741 2134 4795 Idem
2175 4751 2351 4795 autem
2381 4749 2438 4795 et
2464 4741 2644 4795 verbis
2673 4741 2778 4796 illis
2799 4741 3170 4812 signiﬁcatur:
3198 4743 3264 4798 In
3289 4749 3439 4814 priu-

1853 4833 1986 4902 cipio
2016 4841 2152 4887 erat.
2186 4831 2386 4888 Eodem
2419 4833 2584 4888 verbo
2621 4843 2677 4888 et
2703 4834 2789 4889 hic
2824 4833 3059 4893 Joannes
3083 4839 3251 4893 utitur
3282 4855 3296 4893 :
3334 4842 3440 4908 Qui

1853 4935 1952 4990 est,
1979 4925 2248 4994 inquiens,
2281 4926 2332 4978 in
2358 4927 2477 4980 sinu
2507 4923 2708 4990 Patris,
2743 4937 2803 4981 ιιι
2832 4929 2948 4982 sine
2979 4929 3240 4999 principio
3271 4941 3325 4988 et
3369 4935 3439 4989 ab

1863 5018 2008 5071 omni
2037 5019 2344 5073 aeternitate
2393 5017 2727 5074 demonstret
2754 5035 2894 5074 esse.
2918 5023 2994 5076 Ac
3023 5039 3088 5078 ne
3143 5038 3208 5078 ex
3266 5028 3438 5079 nomi-

1865 5110 1952 5164 nis
1985 5111 2358 5178 similitudine,
2381 5111 2615 5181 aliquem
2644 5114 2795 5166 exiis
2824 5116 2914 5184 qui
2967 5117 3136 5185 gratia
3166 5117 3260 5171 lilii
3319 5128 3439 5172 sunt

1865 5202 2210 5274 intelligeres,
2241 5205 2470 5274 primum
2502 5204 2745 5273 adiunxit
2785 5207 3090 5270 articulum,
3139 5218 3196 5261 ιιι
3235 5223 3356 5262 eum
3409 5225 3438 5261 a

1865 5295 1990 5351 filiis
2024 5312 2119 5365 per
2147 5300 2376 5366 gratiam
2427 5293 2710 5366 adoptatis.
2743 5309 3041 5367 separaret.
3103 5299 3323 5365 Deinde,
3375 5316 3444 5356 ne

1863 5389 2001 5443 forte
2032 5390 2083 5444 id
2112 5391 2208 5444 tibi
2242 5391 2493 5444 deorsum
2523 5390 2750 5444 intuenti
2783 5406 2888 5443 non
2945 5403 3086 5444 esset
3141 5392 3292 5454 satis,
3347 5407 3442 5445 no-

1857 5497 1978 5537 men
2010 5483 2184 5536 adhuc
2214 5483 2386 5551 magis
2422 5483 2697 5552 proprium
2726 5483 2949 5547 addidit,
2987 5483 3088 5537 hoc
3115 5492 3216 5546 ρει,
3247 5483 3441 5552 Unige-

1865 5576 2031 5630 nitus.
2067 5573 2218 5640 Quod
2253 5576 2295 5630 si
2327 5585 2449 5644 post
2514 5577 2613 5629 hoc
2645 5576 2833 5630 oculos
2863 5577 3040 5630 adhuc
3070 5575 3217 5631 humi
3240 5578 3446 5634 deﬁxos

271 5763 292 5794 ⁴¹
313 5762 506 5818 Coloss.
541 5778 602 5822 ιι.
633 5759 719 5815 l9.
794 5762 816 5792 ¹
842 5759 860 5814 l
888 5759 1085 5833 Cor._t,
1119 5759 1172 5813 9.
1206 5829 1217 5833 _
1246 5758 1270 5833 ξ
1298 5758 1470 5814 Galat.
1499 5776 1537 5826 ι,
1569 5762 1604 5816 ι
1671 5760 1692 5790 ⁵
1726 5757 1745 5812 1

1851 5775 1882 5812 ι.
1920 5777 1991 5826 ιι,
2015 5759 2103 5814 36.
2176 5761 2196 5791 '
2228 5758 2416 5814 Matth.
2457 5776 2498 5825 t,
2527 5758 2617 5812 20.
2686 5758 2705 5790 ⁸
2731 5757 2872 5812 Psal.
2909 5766 3113 5830 th,lt.
3161 5760 3180 5792 '
3206 5759 3364 5819 Rom.
3401 5775 3450 5833 ι,

222 5827 294 5888 10.
361 5833 560 5889 'Joan.
592 5835 629 5897 i,
669 5833 756 5886 l8.
831 5834 851 5863 ’
885 5830 1053 5884 Exod.
1087 5845 1166 5894 nt,
1201 5829 1286 5883 Η.

509 5929 773 5990 Ριιτιιωιι.
815 5927 929 5988 Gtt.
963 5923 1196 5986 CXXX.

3052 5926 3124 5988 20
