3920 6570
209 431 327 494 625

1177 428 1565 494 PANOPLIA
1600 392 2069 493 Decimum.
2106 451 2172 461 —
2213 422 2367 486 TlT.
2406 422 2515 485 xr.

3366 417 3473 482 626

204 570 237 622 6
272 568 548 639 μακάριος
587 566 981 639 εύαγγελιστὴς
1027 566 1354 639 δριμύτερον
1400 569 1513 631 τοῖς
1568 568 1799 639 ἑτεροδι-

1914 562 2097 615 beatus
2135 556 2474 629 evangelista
2502 555 2686 613 acrius
2714 554 2943 614 insultat
2982 554 3277 617 haereticis.
3306 562 3363 609 et
3407 556 3476 608 ah

204 661 578 715 δασκαλοῦσιν
607 662 864 734 επιπηδᾷ·
919 662 1013 715 καὶ
1055 662 1300 726 δουλείας
1349 662 1446 732 μὲν
1473 661 1691 732 ἁπάσης
1715 663 1801 727 ἐξ·

1900 649 2051 706 omni
2081 648 2305 719 quidem
2338 646 2604 703 servitute
2630 644 2827 701 Filium
2864 645 3132 715 vindieat,
3163 654 3218 701 et
3251 645 3320 700 ab
3353 660 3475 698 om-

206 753 358 807 έλκει
386 754 481 808 τὸν
515 754 680 809 Υίόν’
738 756 803 809 ὲκ
847 755 904 808 δὲ
958 756 1057 827 τῆς
1108 754 1397 830 ἐλευθέρας
1428 757 1524 811 καὶ
1580 756 1799 812 πάντων

1914 741 2181 811 aipotente
2232 737 2540 795 substantia
2594 751 2817 793 manare
2866 736 3139 800 ostendit,
3196 735 3254 791 in
3303 749 3478 804 eaque

206 846 494 916 ἀρχούσης
545 849 733 913 οὐσίας
774 849 1122 920 ὲκπεφηνότα
1159 851 1416 911 δεικνύει.
1444 853 1539 905 καὶ
1571 852 1631 905 ὲν
1660 851 1797 923 αὐτῇ

207 939 468 1004 φυσικῶς
489 940 754 1013 ὑπάρχειν
780 941 1134 1015 ἰσχυρίζεται,
1163 943 1357 1013 λέγων·
1378 944 1483 999 Ἔν
1515 943 1673 1014 ἀρχῇ
1718 940 1799 1014 ἦν

208 1031 244 1082 ὀ
278 1031 499 1098 Λόγος.

297 1119 615 1174 Ἐπιπλέκει
657 1121 716 1175 δὲ
773 1121 851 1192 τῷ
873 1124 974 1193 τῆς
1019 1126 1216 1195 ἀρχῆς
1258 1124 1484 1197 ὀνόματι
1512 1127 1799 1198 χρησίμως

206 1209 272 1263 τδ
302 1206 406 1280 ἦν,
437 1212 524 1265 ἵνα
552 1212 627 1283 μὴ
656 1212 820 1283 μόνον
847 1214 1096 1289 εὐκλεὴς,
1134 1217 1271 1272 ἀλλὰ
1308 1218 1498 1287 νοῆται
1545 1219 1639 1272 καί
1667 1237 1791 1288 προ-

207 1299 432 1366 αιώνιος
455 1318 469 1333 ο
491 1303 726 1358 τέθειται
750 1304 860 1376 γὰρ
911 1309 968 1361 ὲν
989 1308 1201 1373 τούτοις
1241 1309 1301 1363 τὸ
1325 1305 1423 1378 ἦν,
1459 1311 1538 1372 είς
1574 1309 1795 1379 βαθεῖαν

206 1407 355 1480 fma,
392 1392 488 1445 καὶ
518 1392 922 1464 ἀκατάληπτον,
951 1398 1045 1450 καὶ
1070 1397 1170 1469 τὴν
1200 1398 1305 1463 ἔξω
1330 1399 1537 1469 χρόνων
1560 1400 1799 1471 ἄρρητον

204 1482 469 1569 ,γέννησιν
493 1484 768 1538 ἀνατεῖνον
827 1486 921 1540 τοῦ
970 1488 1303 1560 θεωροῦντος
1333 1490 1431 1562 τὴν
1469 1492 1695 1548 ἔννοιαν.
1727 1492 1799 1546 Τὸ

214 1574 322 1643 τὰρ
352 1570 454 1645 ἦν,
480 1575 803 1646 ἀδιορίστως
827 1579 1163 1653 ὲκφωνηθὶν,
1190 1585 1269 1647 είς
1301 1588 1451 1640 ποῖον
1472 1588 1605 1656 ἡμῖν
1625 1604 1795 1641 κατα-

209 1665 364 1737 λήξει
446 1667 633 1731 τόπον,
677 1668 763 1722 ἀεὶ
814 1670 1166 1740 προελαύνειν
1220 1674 1313 1729 τοῦ
1358 1673 1642 1741 διώκοντος
1702 1676 1795 1731 νοῦ

212 1757 485 1843 πεφυκὸς,
523 1760 618 1811 καὶ
643 1760 709 1829 ἣν
737 1759 916 1831 οἴηταί
935 1780 1016 1827 τις
1045 1764 1189 1834 ἔχειν
1215 1766 1377 1833 αὐτοῦ
1394 1768 1493 1838 τὴν
1511 1768 1795 1822 κατάπαυ-

211 1867 322 1914 σιν,
349 1851 555 1920 ταύτην
574 1851 668 1906 τοῦ
694 1853 949 1909 ἐπέκεινα
977 1855 1177 1935 δρόμου
1218 1859 1538 1929 ποιούμενον
1571 1862 1749 1932 ἀρχήν
1771 1878 1787 1927 ;

216 1963 235 1996 ι
274 1939 385 1997 Ἦν
437 1939 532 1998 οὖν
574 1946 605 1998 ό
658 1944 828 2014 Λόγος
857 1948 916 2000 ὲν
955 1949 1118 2020 ἀρχῇ,
1154 1970 1172 2003 ι
1202 1951 1345 2005 τοῦτ’
1397 1951 1566 2016 ἔστιν,
1603 1952 1679 2016 ὼς
1733 1957 1793 2008 ὲν

208 2037 359 2107 ἀρχῇ
390 2038 458 2108 τῇ
484 2038 576 2090 ἐπὶ
604 2037 804 2105 πάντα,
830 2040 926 2094 καὶ
954 2040 1015 2105 ἐξ
1057 2042 1226 2113 αὐτῆς
1253 2044 1515 2116 ὑπάρχων
1545 2045 1789 2114 φυσικῶς

209 2129 272 2183 τὸ
297 2128 617 2182 δεσποτικὸν
645 2128 784 2199 ἔχων
822 2129 1059 2203 ἀξίωμα.
1090 2134 1151 2187 Εἰ
1169 2134 1225 2187 δὲ
1250 2134 1407 2189 τοῦτο
1434 2135 1651 2209 ἀληθὲς,
1675 2138 1792 2202 πῶς

207 2220 295 2273 ἔτι
346 2220 595 2292 γενητὸς,
628 2222 663 2294 ἢ
697 2223 1097 2296 πεποιημένος
1137 2226 1308 2280 Ὅπου
1343 2228 1398 2281 δὲ
1438 2229 1572 2292 ὅλως
1601 2230 1660 2282 τὸ
1690 2230 1788 2297 ἦν,

210 2312 361 2365 κατὰ
381 2312 503 2366 τίνα
529 2315 729 2384 τρόπον
772 2315 834 2369 τὸ
872 2318 1010 2371 οὐκ
1063 2313 1140 2387 ἧν
1182 2320 1533 2392 είσὸήσεταις
1570 2322 1603 2393 ἦ
1641 2324 1796 2375 ποῖον

214 2401 331 2467 [in
354 2401 542 2458 λοιπὸν
566 2405 658 2460 τὸν
686 2407 826 2462 κατὰ
850 2408 945 2462 τοῦ
974 2409 1102 2462 Υἱοῦ
1137 2412 1327 2477 τόπον;

386 2663 504 2718 Τοῦ
533 2661 720 2717 αὑτοῦ
748 2661 815 2714 ἐκ
847 2659 952 2714 τοῦ
976 2657 1111 2727 περὶ
1140 2656 1382 2726 Τριὰὂος
1421 2656 1630 2725 λόγου.

288 2755 461 2827 Εῐπερ
492 2754 565 2826 μὴ
593 2750 661 2826 ἦν
702 2770 829 2807 ποτε
858 2754 946 2806 ὅτε
974 2752 1075 2806 οὐκ
1110 2746 1199 2823 ἦν,
1235 2750 1421 2820 φησιν,
1461 2749 1599 2804 ἀλλὰ
1627 2747 1795 2812 ἀΐδιός

209 2851 376 2906 ἀστιν
392 2849 421 2903 6
445 2847 593 2915 Υἱός,
617 2846 709 2901 καὶ
733 2846 1066 2917 συνυπάρχει
1089 2843 1168 2914 τῷ
1196 2845 1391 2916 Πατρὶ,
1415 2843 1515 2897 οὐκ
1536 2842 1614 2897 ἔτι
1643 2841 1795 2908 Υίδν,

214 2943 331 2997 ελλ*
367 2939 598 3011 ἀδελφὸν
626 2940 752 3003 λέγε
785 2937 993 3005 τοῦτον,
1028 2938 1304 2993 ωναῖδιον
1345 2935 1486 2991 εἶναι
1520 2935 1793 3005 λέγοντες,

212 3038 314 3089 καὶ
346 3036 477 3089 Υίὸν
507 3030 645 3088 εἶναί
694 3051 898 3104 φαμεν.
951 3035 1016 3088 Et
1044 3036 1143 3102 μὲν
1170 3033 1264 3087 οὖν
1303 3031 1488 3095 ἁπλῶς
1513 3026 1581 3101 ἦν
1612 3029 1795 3083 συνατ-

210 3130 351 3196 διος,
409 3129 505 3182 καὶ
558 3129 680 3200 οὐχὶ
712 3128 863 3196 Υἱδς,
895 3128 1079 3199 χώραν
1131 3124 1278 3198 εἶχεν
1307 3126 1515 3198 ὑμῶνή
1544 3125 1792 3178 ὑπόνοια.

1900 832 2229 886 naturaliter
2274 829 2455 900 ipsum
2510 827 2782 883 exsistere
2837 828 3061 896 asserit,
3114 827 3307 885 dicens
3348 845 3363 882 :
3408 825 3473 880 lu

1897 923 2154 992 principio
2183 930 2300 975 erat
2348 918 2596 975 Verbum.

1976 1098 2235 1166 Principii
2264 1107 2443 1154 autem
2480 1096 2750 1154 vocabulo
2809 1096 2966 1165 illud,
2994 1107 3132 1160 erat,
3167 1094 3472 1166 subiungit,

1899 1198 1957 1244 ut
1984 1206 2091 1244 non
2135 1190 2313 1244 solum
2352 1187 2652 1258 gloriosus,
2693 1203 2881 1244 verum
2910 1187 3072 1243 etiam
3098 1196 3224 1242 ante
3272 1187 3473 1242 smcula

1895 1282 2114 1356 genitus
2148 1280 2505 1352 intelligatur.
2542 1279 2677 1335 Illud
2710 1280 2890 1345 enim,
2935 1287 3085 1347 erat,
3117 1278 3207 1335 hic
3234 1280 3472 1349 positum

1898 1384 2019 1439 est,
2088 1387 2198 1443 quo
2261 1372 2687 1442 contemplantis
2748 1373 2967 1428 animus
3026 1372 3080 1426 in
3146 1371 3473 1444 profundam

1894 1465 2190 1537 quamdam
2238 1474 2292 1521 et
2331 1462 2973 1535 incomprehensibilem,
3024 1470 3080 1519 et
3144 1460 3473 1518 ineffabilem

1896 1574 2016 1628 quae
2047 1565 2249 1613 cuncta
2292 1566 2518 1628 superat
2549 1564 2798 1625 tempora
2844 1555 3255 1627 generationem
3289 1555 3475 1610 inten-

1895 1652 2079 1707 datur.
2119 1669 2137 1703 ι
2174 1649 2307 1703 Erat
2336 1668 2355 1700 ι
2382 1648 2550 1713 enim,
2584 1646 2869 1701 indeﬁnite
2903 1646 3200 1716 prolatum,
3231 1659 3471 1716 quonam

1897 1741 1952 1794 in
2001 1739 2120 1794 loco
2172 1752 2273 1793 nos
2323 1736 2514 1803 sistet,
2575 1750 2700 1791 cum
2762 1741 3181 1805 prosequentem
3239 1745 3473 1789 mentem

1824 1839 1865 1893 Β
1899 1838 2092 1886 natura
2119 1845 2218 1884 sua
2247 1843 2468 1900 semper
2496 1836 2820 1892 antevertat,
2850 1836 2906 1882 et
2936 1842 3099 1896 quam
3133 1826 3280 1881 illius
3314 1827 3474 1896 quie-

1894 1932 2000 1976 tem
2040 1937 2164 1976 esse
2206 1920 2521 1991 putaveris,
2568 1919 2710 1973 hanc
2754 1918 3037 1973 ulterioris
3074 1932 3276 1974 cursus
3310 1915 3476 1972 faciat

1894 2012 2143 2070 initium?
2180 2030 2199 2065 ι
2231 2010 2360 2066 Erat
2397 2030 2416 2066 ι
2452 2011 2619 2082 igitur
2656 2029 2673 2063 ι
2708 2009 2945 2067 Verbum
2995 2010 3052 2064 in
3099 2011 3407 2080 principio,
3450 2029 3469 2062 ι

1898 2107 2003 2163 hoc
2033 2116 2148 2172 est,
2195 2105 2250 2158 in
2287 2111 2559 2175 potestate
2591 2118 2712 2173 quae
2750 2111 2834 2158 est
2879 2118 3044 2172 supra
3080 2103 3282 2166 omnia,
3326 2110 3379 2157 et
3407 2117 3471 2155 ex

1895 2201 2012 2273 ipsa
2060 2201 2333 2255 exsistens
2389 2195 2751 2260 naturaliter,
2808 2192 3152 2263 Dominique-
3186 2194 3474 2262 majestate

1896 2293 2205 2363 praeditum.
2258 2288 2416 2356 Quod
2444 2287 2491 2342 si
2530 2288 2602 2341 ita
2634 2294 2752 2350 est,
2792 2287 3068 2355 quomodo
3104 2294 3327 2341 creatus
3377 2286 3443 2340 de

1901 2400 2050 2440 mum
2092 2392 2188 2438 aut
2234 2384 2413 2438 factus
2439 2380 2583 2435 erit?
2614 2376 2719 2434 Ubi
2743 2378 2981 2448 denique
3032 2376 3163 2432 illud
3213 2388 3330 2431 erat
3366 2377 3469 2430 ali-

1898 2490 2011 2548 quo
2033 2475 2196 2530 modo
2220 2490 2324 2529 non
2352 2480 2490 2537 erat,
2518 2470 2699 2531 inibit,
2731 2477 2826 2524 aut
2851 2484 3013 2539 quem
3041 2466 3263 2522 tandem
3290 2468 3469 2522 locum

1899 2566 2125 2623 habebit
2154 2556 2209 2619 in
2240 2561 2419 2617 Filio?

2158 2692 2161 2695 -
2224 2654 2477 2719 Eiusdem
2506 2671 2570 2710 ex
2603 2656 2736 2711 libro
2775 2656 2840 2708 de
2870 2655 3155 2711 Trinitate.

1974 2745 2031 2800 Si
2080 2760 2359 2818 nunquam
2394 2745 2520 2810 fuit,
2551 2746 2824 2816 inquiunt,
2874 2761 2997 2801 cum
3038 2762 3145 2802 non
3179 2759 3343 2809 esset.
3378 2749 3472 2803 sed

1905 2839 2161 2910 proprius
2192 2848 2277 2894 est
2301 2837 2494 2903 Filius,
2516 2847 2570 2893 et
2595 2838 2758 2894 simul
2780 2839 2992 2894 exsistit
3019 2854 3142 2894 cum
3175 2839 3349 2905 Patre,
3377 2854 3474 2894 cur

1901 2932 2077 2989 Filius
2130 2948 2195 2989 ac
2226 2946 2336 2987 non
2380 2930 2552 2987 frater
2592 2933 2773 3001 potius
2798 2931 3141 3001 appellatur?
3181 2930 3317 2986 Eum
3346 2948 3471 2987 cum

1902 3025 2063 3080 Patre
2119 3032 2379 3080 aeternum
2434 3023 2715 3091 dicentes,
2758 3021 2953 3077 Filium
2995 3023 3161 3079 etiam
3215 3022 3474 3077 dicimus.

1903 3121 1960 3175 Si
1993 3129 2255 3174 arternum
2282 3118 2453 3189 igitur
2474 3118 2640 3172 simul
2665 3132 2788 3171 cum
2828 3114 2989 3171 Patre
3013 3116 3339 3180 diceremus,
3367 3131 3474 3169 non

224 3223 448 3293 Ἐπειδὴ
480 3223 536 3276 δὲ
574 3224 711 3294 πρὸς
760 3222 839 3294 τῷ
886 3223 1041 3291 ἀϊδίῳ
1094 3222 1190 3277 καὶ
1240 3220 1372 3275 Υἱδν
1402 3218 1795 3291 ὁμολογοῦμεν,

1914 3223 2080 3270 intem
2116 3213 2338 3279 Filium,
2363 3211 2545 3267 locum
2585 3210 2809 3266 haberet
2838 3219 3016 3265 vestra
3049 3208 3310 3280 suspicio.
3340 3208 3477 3264 Cum

214 3316 335 3380 πῶς
360 3317 391 3369 6
416 3315 545 3380 Υίδς
574 3316 803 3385 ἀδελφός
828 3317 947 3370 ἐστι
985 3314 1081 3369 τοῦ
1118 3316 1478 3385 γεννήσαντος
1500 3330 1516 3381 ;

661 3514 761 3570 Ἐκ
795 3514 902 3569 τοῦ
939 3515 1128 3569 αὐτοῦ
1160 3516 1370 3583 λόγου.

290 3610 466 3677 Εἴπερ
504 3609 536 3679 ὴ
568 3607 750 3670 πίστις
777 3608 936 3678 ἡμῶν
988 3608 1068 3669 είς
1115 3608 1332 3678 Πατέρα
1381 3610 1476 3663 καὶ
1504 3607 1634 3663 Υῐόν
1662 3608 1798 3676 ἐστι,

218 3704 316 3759 καὶ
352 3702 499 3756 οὕτω
529 3699 929 3773 βαπτιζόμεθα,
993 3701 1121 3755 ποία
1182 3701 1479 3773 ἀδελφότης
1535 3704 1594 3755 ὲν
1623 3700 1801 3771 τούτῳ

221 3795 566 3866 φαίνεταιςῆ
599 3795 717 3860 πῶς
750 3798 776 3850 ό
810 3794 984 3867 Λόγος
1017 3795 1246 3864 ἁδελφὸς
1285 3793 1427 3851 εἶναι
1461 3794 1683 3848 δύναται
1738 3787 1800 3849 οὗ

220 3891 337 3943 εστι
376 3888 548 3957 Λόγος
574 3904 590 3953 ;

844 4000 950 4056 Καὶ
983 3999 1180 4054 τοῦτο.

299 4096 415 4151 Οὐκ
453 4094 516 4149 ἐκ
544 4112 688 4159 τινος
719 4094 894 4166 ἀρχῆς
932 4091 1400 4164 προϋπαρχούσης
1431 4093 1803 4166 ἐγεννήθησαν

222 4193 253 4244 6
282 4192 476 4263 Πατὴρ
535 4194 630 4247 καὶ
683 4194 710 4245 6
743 4191 892 4255 Υἱὸς,
932 4190 1020 4243 ἵνα
1067 4189 1161 4242 καὶ
1187 4188 1409 4257 ἀδελφοὶ
1447 4186 1801 4257 νομισθῶσιν,

220 4282 339 4336 ἀλλ’
374 4285 401 4335 6
426 4283 622 4351 Πατὴρ
672 4280 816 4352 ἁρχὴ
877 4278 979 4333 τοῦ
1004 4280 1159 4344 Υἱοῠ,
1206 4280 1302 4333 καὶ
1332 4280 1507 4332 τίκτει
1530 4277 1620 4331 τὸν
1650 4279 1801 4343 Υίὸν,

222 4376 319 4429 καὶ
348 4374 501 4443 μένει
534 4373 747 4443 Πατὴρ,
790 4375 885 4426 καὶ
914 4372 1013 4440 οὐχ
1064 4372 1192 4435 Υἱός
1235 4388 1379 4435 τινος
1425 4371 1675 4439 λέγεται·
1707 4372 1805 4425 καὶ

222 4468 255 4518 6
288 4465 416 4528 Υἱὸς
450 4466 564 4529 υἱός
596 4467 734 4530 ἐστι,
771 4466 862 4518 xa‘t
886 4466 1020 4535 ὅπερ
1051 4465 1169 4518 ἐστὶ
1207 4465 1384 4534 μένει,
1414 4467 1509 4516 καὶ
1530 4464 1629 4517 οὐκ
1655 4463 1807 4517 ἀδελ-

1900 3319 2082 3364 autem
2146 3308 2348 3380 pariter
2401 3316 2454 3361 et
2506 3312 2793 3370 :rternum,
2827 3312 2881 3357 et
2930 3302 3127 3356 Filium
3186 3300 3475 3363 fateamur,

1900 3401 2178 3473 quomodo
2209 3398 2382 3455 Filius
2416 3398 2681 3469 genitoris
2706 3397 2874 3451 frater
2912 3410 3034 3451 esse
3070 3393 3269 3465 queat?

2350 3512 2414 3566 Et
2441 3513 2550 3566 ha’c
2573 3528 2637 3566 ea:
2668 3512 2845 3566 eodem
2881 3510 3037 3564 libro.

1977 3610 2035 3666 Si
2068 3608 2202 3666 fides
2234 3615 2419 3663 nostra
2447 3607 2500 3660 in
2526 3606 2742 3661 Patrem
2766 3615 2819 3658 et
2843 3600 3039 3658 Filium
3074 3609 3178 3665 est,
3213 3609 3374 3670 atque
3402 3597 3473 3653 ita

1904 3705 2279 3774 baptizamur,
2310 3715 2557 3771 quaenam
2586 3698 2677 3753 hic
2712 3697 3048 3759 fraternitas,
3087 3700 3146 3749 ut
3175 3694 3248 3748 ita
3277 3692 3477 3754 dicam,

1905 3796 2166 3867 apparet?
2199 3797 2307 3849 Aut
2341 3790 2618 3863 quomodo
2650 3788 2892 3845 Verbum
2944 3791 3114 3843 frater
3143 3800 3264 3843 esse
3296 3789 3473 3854 potest

1905 3889 2075 3953 illius,
2105 3886 2263 3960 cujus
2291 3894 2375 3942 est
2396 3881 2675 3941 Verbum?

2575 3996 2644 4052 Ει
2673 3998 2784 4052 Iure

1977 4096 2094 4152 Non
2148 4111 2216 4151 ex
2267 4094 2382 4150 ullo
2417 4091 2779 4149 antecedente
2822 4087 3092 4159 principio
3126 4083 3293 4158 geniti
3350 4090 3481 4139 sunt

1909 4191 2066 4246 Pater
2090 4198 2144 4245 et
2175 4189 2370 4256 Filius,
2398 4193 2459 4242 ut
2493 4185 2692 4240 fratres
2712 4183 2875 4239 etiam
2909 4180 3123 4253 possint
3147 4177 3474 4236 existimari.

1909 4286 2014 4343 Sed
2042 4286 2205 4340 Pater
2235 4294 2321 4341 est
2351 4283 2475 4339 Filii
2516 4280 2867 4353 principium.
2906 4288 2959 4334 et
2990 4276 3190 4332 Filium
3224 4274 3392 4345 parit,
3425 4282 3481 4327 et

1908 4389 2090 4433 manet
2127 4376 2312 4439 Pater,
2348 4388 2451 4430 nec
2480 4373 2646 4429 ullius
2679 4386 2799 4427 esse
2834 4368 3008 4425 Filius
3036 4368 3256 4423 dicitur.
3303 4364 3480 4420 Filius

1908 4471 2035 4523 item
2091 4466 2265 4522 Filius
2311 4474 2420 4529 est,
2464 4472 2519 4520 et
2571 4463 2717 4534 quod
2764 4470 2847 4518 est
2896 4470 3100 4523 manet,
3154 4475 3255 4515 nec
3310 4458 3482 4513 frater

225 4559 327 4627 φός
355 4574 500 4621 τινος
525 4558 666 4611 κατὰ
712 4557 878 4627 φύσιν
909 4557 1151 4624 λέγεται,
1195 4558 1348 4609 ποῖον
1377 4554 1469 4609 οὖν
1499 4554 1614 4621 ’ἐξει
1642 4556 1799 4609 τόπον

1914 4559 2244 4628 cuiusquam
2297 4568 2493 4612 natura
2528 4553 2753 4611 dicitur.
2805 4553 2941 4618 Quis
2966 4552 3131 4620 igitur
3164 4551 3219 4606 in
3258 4551 3342 4605 bis
3374 4551 3485 4605 fra-

223 4649 532 4720 ἀδελφότης
566 4649 624 4701 ἐν
655 4648 866 4711 τούτοις
888 4663 903 4712 ;

847 4762 959 4819 Καὶ
990 4761 1187 4817 τοῦτο.

305 4858 369 4912 El.
397 4857 603 4920 τέλειος
622 4856 651 4909 6
677 4855 888 4927 Πατὴρ,
922 4857 1127 4910 τέλειον
1147 4855 1304 4911 ἔσται
1336 4844 1432 4910 καὶ
1454 4857 1512 4910 τὸ
1537 4854 1595 4921 ἐξ
1618 4854 1808 4909 αὑτοῦ.

232 4954 346 5006 Καὶ
378 4951 429 5004 εί
479 4951 613 5021 πρὸς
642 4949 816 5020 τούτῳ
844 4950 903 5003 τδ
954 4949 1125 5005 ἀΐδιον
1156 4950 1295 5021 ἔχει,
1330 4950 1499 5004 ἀΐδιον
1529 4949 1685 5003 ἔσται
1717 4949 1811 5002 καὶ

232 5048 297 5097 τὸ
328 5042 386 5108 ἐξ
441 5043 612 5095 ἀϊδίου
666 5042 900 5110 Πατρός,
960 5042 1062 5096 οὐκ
1114 5041 1562 5113 ἐπισυμεεδηκὸς
1610 5045 1676 5113 τῇ
1716 5040 1810 5093 τοῦ

230 5137 600 5205 γεννήσαντος
621 5134 801 5207 οὐσίᾳ,
829 5133 942 5188 ἀλλ’
973 5135 1063 5188 ἀεὶ
1113 5136 1466 5207 συνυπάρχον
1497 5136 1660 5205 αὐτῇ,
1716 5136 1812 5187 καὶ

229 5226 333 5279 οὐκ
388 5225 587 5287 ἀτελὲς,
615 5224 711 5277 διὰ.
755 5225 820 5278 τὸ
854 5226 913 5278 ὲν
938 5226 1118 5297 χρόνῳ
1175 5225 1433 5295 γενέσθαι
1465 5228 1607 5281 κατὰ
1634 5240 1807 5287 τινας,

233 5318 369 5372 ἀλλὰ
397 5317 604 5371 τέλειον
626 5317 717 5371 διὰ
753 5317 814 5370 τὸ
850 5317 958 5388 πρὸ
982 5319 1184 5383 παντὸς
1222 5314 1364 5372 εἶναι
1390 5318 1602 5389 χρόνου.

848 5516 959 5572 Kal
998 5516 1195 5574 τοῦτο.
1234 5529 1241 5536 ‘

315 5605 622 5670 ’Δντίθεσις
678 5604 783 5661 οὐκ
830 5608 1037 5681 ἀληθὴς
1082 5610 1412 5681 ἀνατρέπειν
1461 5612 1692 5669 δοκοῦσα
1715 5614 1812 5669 τοῦ

234 5698 372 5754 Υἱοῦ
402 5698 469 5752 τδ
500 5699 671 5755 ἀΐδιον
692 5700 891 5764 οὕτως.
924 5703 987 5757 Et
1019 5704 1196 5777 τομήν
1235 5720 1403 5777 φησιν
1436 5705 1470 5777 ή
1511 5705 1633 5763 θεία
1653 5706 1813 5776 φύσις

233 5794 336 5846 οὐκ
367 5790 703 5861 ἐπιδέχεται,
734 5792 822 5847 διὰ
850 5794 911 5848 τὸ
939 5794 1015 5865 μὴ
1036 5791 1177 5849 εἶναι
1204 5795 1413 5861 πάθους
1434 5796 1684 5868 δεκτική.
1717 5792 1814 5862 Οἷς

235 5889 345 5956 γὰρ
369 5887 433 5940 τὸ
472 5885 705 5957 πάσχειν
732 5888 875 5943 κατὰ
926 5888 1087 5958 φύσιν
1121 5888 1378 5960 ὑπάρχει,
1428 5891 1639 5955 τούτοις
1666 5892 1812 5945 ἐστὶν

1912 4652 2154 4708 ternitati
2182 4651 2378 4707 locus?

2581 4761 2649 4816 Et
2679 4761 2811 4816 hac.

1986 4857 2041 4912 Si
2071 4855 2347 4926 perfectus
2369 4866 2455 4911 est
2486 4856 2667 4921 Pater,
2703 4852 3008 4926 perfectum
3033 4861 3140 4907 erit
3166 4860 3222 4908 et
3246 4850 3392 4921 quod
3416 4865 3482 4905 ex

1915 4951 2033 5020 ipso
2072 4960 2175 5005 est.
2211 4948 2271 5004 Si
2298 4957 2535 5003 attentus
2564 4957 2822 5019 preterea
2856 4953 2965 5009 est,
2997 4953 3259 4999 aeternum
3293 4945 3401 4997 erit
3433 4949 3488 4996 et

1913 5044 1988 5107 id,
2040 5044 2186 5114 quod
2240 5060 2306 5099 ex
2355 5042 2518 5097 Patre
2549 5052 2757 5097 aeterno
2812 5046 2918 5095 est.
2974 5037 3163 5110 Neque
3215 5036 3488 5107 gignentis

1913 5135 2231 5204 adjunctum
2267 5136 2543 5201 essentia,
2572 5136 2665 5190 sed
2694 5150 2819 5191 cum
2851 5133 2969 5205 ipsa
2998 5133 3163 5189 simul
3190 5132 3486 5193 assistens,

1921 5242 2047 5292 nec,
2081 5238 2139 5280 ut
2189 5226 2411 5296 quidam
2446 5229 2654 5289 volunt,
2712 5225 3090 5296 imperfectum
3140 5223 3269 5285 erit,
3304 5229 3490 5289 utpote

1920 5317 2124 5372 factum
2154 5318 2207 5371 in
2240 5327 2484 5388 tempore
2524 5318 2617 5373 sed
2650 5315 2976 5387 perfectum,
3001 5313 3145 5384 quod
3179 5320 3307 5367 ante
3328 5321 3489 5365 omne

1912 5419 2125 5479 tempus
2157 5411 2421 5467 exsistat.

2592 5522 2657 5576 El
2689 5523 2817 5576 Iure.

1986 5618 2347 5689 Argumenta,
2404 5617 2604 5687 quibus
2656 5615 2776 5670 Filii
2812 5622 3081 5669 conantur
3128 5613 3488 5668 :eternitatem

1914 5720 2179 5769 evertere.
2233 5710 2367 5767 falsa
2418 5720 2570 5764 sunt.
2608 5706 2664 5761 Si
2701 5708 2905 5773 divina,
2962 5709 3241 5775 inquiunt,
3294 5716 3489 5761 natura

1916 5803 2090 5857 secari
2125 5819 2232 5857 non
2288 5811 2487 5874 potest,
2540 5802 2666 5871 quia
2708 5801 2761 5854 in
2819 5801 2969 5855 illam
3018 5799 3341 5875 aﬂ‘eetiones
3383 5817 3493 5856 non

1919 5896 2144 5951 cadunt.
2176 5894 2307 5961 Quae
2360 5896 2505 5953 enim
2568 5905 2762 5954 natura
2818 5898 3137 5956 affectiones
3175 5899 3494 5963 admittunt,
