3920 6548
215 408 330 479 629

1113 412 1495 479 PANOPLIA
1534 414 1998 480 DOGMATlCA.
2045 436 2110 451 -
2144 409 2298 474 ΤΙΤ.
2336 410 2447 473 XI.

3378 408 3493 477 6’0

214 544 453 603 τοιαῦτά
497 562 684 617 φησιν,
723 544 859 601 ἀλλά
904 545 1004 619 τὴν
1037 547 1175 618 μετά
1231 548 1437 620 σαρκὸς
1475 549 1807 621 οἰκονομίαν.

1917 532 2007 590 sed
2030 531 2174 591 illius
2208 536 2659 596 incarnationem.
2721 540 2948 609 Quando
2974 542 3120 600 enim
3180 543 3358 600 factus
3406 558 3491 599 cst

218 637 364 690 Πότε
395 639 501 707 γὰρ
545 636 770 705 γέγονεν
807 638 1102 708 ἀρχιερεὺς
1146 639 1247 710 τῆς
1295 639 1586 710 ὁμολογίας
1618 640 1810 711 ήμῶνς

217 730 364 783 Πότε
408 730 465 782 δὲ
515 729 843 797 ἀπόστολος;
878 729 1014 784 Πότε
1061 731 1120 785 δὲ
1164 732 1355 796 πιστὸς
1397 732 1478 804 τῷ
1525 735 1811 804 ποιήσαντι

216 822 421 887 αὐτόν;
451 817 529 875 Ἦ
563 823 651 877 ὅτε
694 822 761 875 δι’
788 824 937 893 ἡμᾶς
966 824 1059 877 καὶ
1092 824 1233 896 ὑπὲρ
1262 825 1418 896 ἡμῶν
1448 824 1670 895 γέγονεν
1714 826 1846 882 ἀν-.

218 910 468 982 θρωπος,
511 912 610 966 καὶ
640 915 782 966 κατὰ
812 913 911 985 τὴν
957 914 1204 968 Ἰωάννου
1238 915 1443 987 ιρωνὴν,
1481 935 1500 970 ι
1546 917 1603 971 '0
1642 918 1814 986 Λόγος

219 1008 365 1081 σὰρξ
410 1010 645 1078 ἐγένετο.
689 1028 709 1061 ι
750 1009 884 1063 Τότε
933 1009 1015 1081 τῷ
1053 1013 1339 1081 ποιήσαντι
1376 1010 1562 1075 αὐτὸν,
1611 1010 1685 1075 ὡς
1718 1011 1811 1065 ἆν-

218 1099 467 1171 Optume,
498 1104 593 1157 καὶ
622 1102 810 1167 πιστὸς
842 1103 1061 1171 ἐγένετο
1084 1103 1309 1175 πληρῶν
1346 1103 1512 1157 αὐτοῦ
1542 1107 1602 1158 τὸ
1630 1103 1809 1175 ἔργον,

216 1192 478 1263 καθάπερ
502 1194 665 1257 αὐτὸς
691 1192 844 1263 ἔλεγε
866 1211 881 1225 ·
909 1195 1032 1247 τότε
1078 1194 1303 1264 γέγονεν
1340 1195 1638 1258 ἀπόστολος
1670 1195 1813 1267 ὑπὲρ

216 1283 384 1354 ἡμῶν
405 1286 500 1338 καὶ
511 1284 578 1339 δι’
592 1287 739 1357 ἡμᾶς
757 1286 1105 1353 ἀποσταλείς
1126 1289 1249 1341 τότε
1277 1289 1469 1357 γέγονε
1496 1290 1594 1361 τῆς
1618 1289 1812 1360 ὁμολο-

207 1360 355 1449 ιγὲας
376 1380 534 1451 ἡμῶν
558 1381 868 1453 ἀρχιερεὺς,
897 1383 1227 1456 προσφέρων
1257 1384 1358 1453 τῆς
1382 1360 1623 1447 πίστεως
1650 1384 1809 1454 ἡμῶν

216 1474 322 1546 τὴν
360 1475 653 1545 ὁμολογίαν
683 1476 759 1547 τῷ
804 1476 1003 1548 Πατρὶ,
1029 1477 1126 1530 καὶ⁹
1153 1476 1212 1531 τὸ
1240 1476 1373 1531 ἴδιον
1416 1476 1598 1550 σῶμα,
1634 1477 1809 1530 καθά-

217 1584 332 1639 περ
364 1585 416 1620 τι
446 1568 590 1638 θῦμα
641 1569 934 1639 προσάγων
987 1568 1240 1641 ἄμωμον,
1282 1571 1368 1623 ἵνα
1407 1570 1616 1635 πάντας
1663 1573 1813 1643 ἡμᾶς

215 1661 289 1714 δι’
338 1658 504 1717 αὑτοῦ
546 1659 838 1733 καθαρίσῃ.
871 1664 968 1717 Ἂν
1015 1663 1198 1717 τοίνυν
1244 1663 1470 1736 λέγηται
1501 1666 1629 1735 περὶ
1682 1664 1810 1720 Υίοῦ

215 1752 306 1803 ὅτι
344 1751 532 1820 γέγονε
582 1752 795 1819 πιστὸς,
833 1754 914 1808 δτι
944 1754 1168 1825 γέγονεν
1219 1756 1538 1823 ἀπόστολος,
1590 1758 1812 1828 γέγονεν

216 1843 539 1915 ἀρχιερεὺς,
580 1845 655 1917 μὴ
690 1847 832 1903 κατὰ
878 1848 979 1918 τῆς
1023 1851 1210 1914 οὐσίας
1242 1851 1407 1905 αὑτοῦ
1456 1853 1708 1924 φερέσθω
1752 1853 1813 1908 τὸ
1839 1882 1883 1945 Β

219 1938 400 2009 ῥῆμα,
448 1938 586 1992 ἀλλά
632 1941 772 1995 κατά
818 1943 918 2014 τῆς
959 1942 1069 1997 τῶν
1120 1945 1462 2018 πραγμάτων
1506 1948 1809 2020 ποιότητος.

232 2029 460 2101 Ἐπειδὴ
480 2031 575 2083 καὶ
589 2031 818 2097 Παῦλος,
857 2034 1146 2107 ἄνθρωπος
1174 2037 1251 2092 ὢν
1271 2038 1366 2091 καί
1395 2037 1659 2112 ὑπάρχων
1682 2040 1808 2113 ἤδη,

216 2122 453 2190 γέγονεν
485 2124 801 2191 ἀπόστολος,
842 2126 936 2180 καὶ
975 2129 1182 2201 Μωσῆς
1208 2129 1467 2196 ὡσαύτως
1496 2133 1689 2202 γέγονε
1718 2151 1811 2186 πι-

218 2214 353 2277 στὸς
383 2216 441 2269 ὲν
488 2214 596 2286 ὅλῳ
634 2217 713 2288 τῷ
761 2216 896 2290 οἴκῳ
928 2220 1117 2286 αὑτοῦ,
1160 2223 1256 2278 καὶ
1294 2222 1507 2294 ’Δαρὼν
1547 2224 1813 2289 ὡσαύτως

214 2306 451 2373 γέγονεν
481 2307 774 2380 ἀρχιερεὺς
820 2312 879 2364 ὲν
910 2313 1089 2384 ἑαυτῷ
1118 2315 1211 2369 καὶ
1251 2314 1420 2371 πάλαι
1446 2316 1538 2371 τὸν
1581 2319 1812 2392 Σωτῆρα

221 2398 473 2471 μορφῶν.
505 2399 715 2473 ὐνπερ
748 2403 860 2476 γὰρ
884 2405 1088 2477 τρόπον
1115 2409 1143 2461 6
1179 2408 1388 2481 Ἀαρὼν
1415 2410 1517 2464 οὐκ
1545 2411 1809 2484 ἐγεννήθη

222 2488 333 2559 μιν
359 2490 670 2563 ἀρχιερεὺς,
705 2494 922 2560 πολλοῖς
946 2496 1004 2551 δὲ
1040 2497 1266 2569 ὕστερον
1296 2501 1509 2572 χρόνοις
1530 2503 1691 2557 τοῦτο
1719 2504 1811 2573 γέ-

219 2596 374 2648 γονε,
402 2582 494 2637 τὸν
523 2584 733 2656 ποδήρη
784 2589 1234 2662 περιϐαλόμενος,
1274 2594 1368 2647 καὶ
1400 2593 1499 2667 τὴν
1537 2596 1808 2666 ἐπωμίδα,

220 2674 322 2725 καὶ
350 2672 421 2727 τὰ
448 2674 581 2735 ἀλλα
612 2676 714 2747 τῆς
762 2680 1045 2751 ίερατικῆς
1084 2682 1310 2755 ἐσθῆτος
1344 2686 1621 2757 σχήματα,
1665 2687 1809 2759 ἀπερ

216 2760 292 2835 ἦν
322 2765 462 2837 ιργα
511 2772 822 2837 γυναικῶνα
875 2774 966 2828 τὸν
999 2776 1163 2831 αὑτὸν
1192 2778 1259 2850 δὴ
1313 2781 1516 2850 τρόπον
1564 2781 1657 2832 καὶ
1715 2781 1808 2833 ἐπὶ

1914 628 2156 697 pontifex
2207 631 2571 688 confessionis
2615 636 2853 691 nosme?
2903 640 3120 707 quando
3182 640 3492 709 apostolus?

1914 720 2132 791 quando
2168 723 2341 777 ﬁdelis
2379 725 2429 779 ei
2480 727 2570 795 qui
2623 728 2799 796 ipsum
2844 728 3010 785 fecit?
3049 730 3239 787 Nonne
3275 736 3492 803 quando

1914 822 2140 881 propter
2197 827 2299 867 nos
2357 823 2411 868 et
2471 831 2566 885 pro
2616 818 2769 873 nobis
2820 819 2993 876 factus
3031 834 3116 878 est
3144 824 3329 892 homo,
3353 832 3408 878 et
3433 833 3494 879 ut

1912 903 2151 958 Joannes
2204 907 2413 974 scribit,
2455 925 2474 959 ι
2532 909 2761 965 Verbum
2814 927 2941 968 caro
2978 913 3178 970 factum
3233 926 3316 971 est
3361 915 3426 970 '?
3467 933 3487 968 ι

1914 995 1957 1050 Τ
1963 1011 2067 1051 unc
2095 996 2287 1055 factori
2313 1015 2431 1070 suo,
2469 1012 2527 1057 ut
2556 1005 2739 1072 homo,
2770 1002 2941 1062 ﬁdelis
2966 1007 3140 1064 factus
3169 1019 3274 1076 est,
3326 1010 3489 1080 perli-

1914 1090 2067 1145 ciens
2087 1104 2226 1160 opus
2249 1092 2413 1163 illius,
2455 1095 2596 1151 sicut
2626 1098 2740 1167 ipse
2780 1107 3011 1155 testatur
3051 1102 3076 1134 ί
3124 1117 3139 1156 :
3168 1109 3296 1157 tunc
3326 1102 3491 1156 etiam

1913 1185 2188 1253 apostolus
2208 1186 2385 1244 factus
2398 1200 2501 1254 est,
2533 1205 2629 1260 pro
2652 1194 2808 1247 nobis
2824 1202 2887 1248 et
2906 1187 3128 1264 propicr
3148 1211 3246 1251 nos
3265 1196 3487 1253 missus:

1916 1286 2042 1332 tunc
2065 1276 2239 1334 factus
2271 1291 2354 1335 est
2378 1283 2617 1351 pontifex
2642 1284 3000 1342 confessionis
3021 1296 3241 1354 nostrai,
3257 1289 3490 1344 oil‘ereus

1911 1372 2315 1430 confessionem
2354 1376 2473 1432 ﬁdei
2521 1388 2723 1433 nostra:
2754 1378 2925 1448 Patri,
2971 1391 3025 1435 et
3069 1397 3265 1453 corpus
3308 1398 3489 1450 suum,

1912 1465 2079 1522 veluti
2114 1468 2510 1526 immaculatam
2558 1475 2847 1543 quamdam
2925 1476 3154 1531 hostiam
3198 1477 3490 1544 adducens,

1914 1566 1973 1612 ut
2003 1573 2194 1616 omnes
2228 1577 2327 1617 nos
2356 1577 2453 1633 per
2484 1564 2662 1633 ipsum
2698 1569 2999 1623 rnundaret.
3028 1566 3085 1623 Si
3114 1582 3244 1636 ergo
3303 1570 3371 1625 de
3406 1569 3495 1624 Fi-

1913 1646 1987 1704 lio
2012 1649 2233 1719 dicitur,
2261 1655 2407 1723 quod
2444 1651 2618 1717 factus
2661 1656 2736 1717 sit
2783 1656 2980 1725 fidelis,
3007 1659 3149 1727 quod
3182 1658 3361 1714 factus
3423 1661 3495 1716 sit

1912 1742 2210 1810 apostolus,
2242 1744 2417 1800 factus
2435 1747 2674 1817 pontifex
2700 1766 2714 1816 ;
2744 1764 2849 1805 non
2878 1752 2943 1805 ad
2985 1752 3277 1807 essentiam
3324 1753 3495 1823 ipsius

1914 1836 2115 1892 dictum
2140 1838 2484 1895 referendum
2508 1853 2612 1908 est,
2649 1846 2743 1900 sed
2771 1850 2835 1901 ad
2869 1848 3182 1916 qualitatem
3378 1858 3493 1906 ‘re—

1913 1942 2057 1984 rum.
2131 1928 2415 2002 Siquidem
2447 1942 2503 1988 et
2526 1934 2722 1990 Paulus
2752 1935 2913 1992 homo
2938 1953 3060 1994 cum
3091 1951 3253 2007 esset,
3294 1952 3347 1996 et
3381 1943 3493 2010 jaui
3588 1996 3591 2001 .

1912 2022 2221 2091 exsisteret,
2253 2023 2427 2081 factus
2454 2035 2537 2082 est
2556 2029 2832 2097 apostolus
2860 2051 2872 2086 :
2904 2041 2958 2086 et
2980 2032 3157 2088 Moses
3181 2034 3366 2088 eadem
3401 2050 3493 2089 ra-

1913 2117 2062 2174 tione
2090 2118 2272 2175 factus
2300 2128 2384 2175 est
2414 2120 2608 2187 ﬁdelis,
2647 2123 2699 2177 in
2734 2135 2845 2179 tota
2882 2124 3045 2180 domo
3067 2128 3184 2196 ejus
3246 2128 3290 2180 ⁸.
3318 2126 3493 2182 Simili

1912 2212 2077 2268 tnodo
2104 2214 2268 2268 etiam
2295 2215 2475 2270 Aaron
2521 2214 2698 2271 factus
2748 2226 2832 2273 est
2884 2216 3148 2288 pontifex,
3194 2219 3493 2275 Saluatoris

1913 2313 2100 2376 typum
2129 2305 2243 2377 jam
2292 2306 2422 2362 olim
2475 2306 2528 2362 in
2596 2322 2657 2365 se
2702 2309 2966 2366 referens.
3024 2312 3490 2379 Quemadmodum

1912 2397 2056 2452 enim
2091 2399 2273 2453 Aaron
2305 2413 2411 2453 non
2440 2408 2523 2454 est
2551 2410 2711 2457 natus
2739 2400 3103 2471 pontifex,sed
3143 2403 3325 2457 multis
3340 2414 3492 2474 post-

1911 2504 1977 2545 ea
2030 2490 2362 2560 temporibus
2408 2491 2462 2547 id
2492 2490 2665 2548 factus
2693 2505 2800 2562 est,
2839 2494 3061 2550 talarem
3088 2507 3296 2551 vestem
3337 2498 3493 2551 indu-

1914 2594 2025 2653 tus,
2051 2596 2102 2642 et
2129 2587 2594 2657 superltumcrale,
2624 2588 2944 2658 reliquaque
2986 2590 3312 2660 pontiﬁcalis
3336 2592 3491 2646 habi-

1914 2686 2001 2733 tus
2031 2689 2352 2734 ornamenta
2384 2695 2415 2735 a
2436 2679 2753 2736 mulieribus
2776 2681 3023 2738 confecta
3054 2703 3069 2740 :
3131 2685 3273 2739 idem
3336 2685 3494 2756 plane

1912 2772 1981 2826 de
2001 2770 2220 2827 Christo
2246 2771 2412 2829 etiam
2440 2776 2767 2828 censendum
2792 2784 2893 2830 est.
2932 2775 3058 2830 Erat
3082 2780 3225 2833 enim
3258 2780 3491 2835 Verbum

220 2859 484 2931 Χριστοῦ.
518 2857 626 2917 Ἦν
671 2864 770 2935 μὲν
808 2866 917 2937 γὰρ
941 2867 970 2919 6
1007 2870 1178 2938 Λόγος
1211 2872 1269 2926 ὲν
1317 2872 1482 2945 ἀρχῇ,
1523 2871 1705 2943 πολλῷ
1749 2872 1807 2926 δὲ

1917 2868 1965 2922 in
1995 2868 2264 2938 principio
2300 2885 2316 2925 :
2368 2866 2553 2923 multis
2578 2882 2710 2923 vero
2733 2877 2920 2938 postea
2944 2871 3275 2938 temporibus
3321 2872 3494 2925 factus

219 2958 454 3030 ὕστερον
478 2960 655 3031 χρόνῳ
678 2962 902 3030 γέγοναν
928 2961 1027 3016 ύπὶ
1036 2977 1069 3032 ρ
1091 2960 1253 3032 ἡμῶν
1274 2960 1587 3033 ἀρχιερεὺς,
1606 2959 1797 3030 ὥσπερ

1917 2972 1993 3017 est
2029 2976 2127 3031 pro
2157 2962 2316 3018 nobis
2348 2961 2617 3033 pontifex,
2652 2962 2925 3018 hominem
2951 2978 3015 3018 ex
3046 2961 3298 3029 muliere,
3328 2962 3495 3017 veluti

217 3053 353 3107 τινὰ
384 3053 596 3124 ποδήρη
625 3054 718 3107 τὸν
742 3056 808 3108 ἐκ
834 3051 1100 3124 γυναικὸς
1133 3053 1424 3125 ἄνθρωπον
1467 3054 1588 3124 ἦτοι
1619 3052 1797 3123 παθηο

1917 3055 2133 3110 lalarem
2184 3063 2414 3123 vestem,
2454 3056 2769 3126 passibilem
2833 3071 3146 3123 assumens,
3185 3066 3242 3110 ut
3274 3057 3509 3126 preprio

218 3139 315 3193 τὸν
368 3140 687 3197 ἀναλαδὼν·
724 3142 812 3196 ἴνα
853 3142 932 3213 τῷ
984 3141 1099 3213 ίδίφ
1136 3142 1335 3212 αἵματι
1379 3143 1653 3215 καθαρίσῃ
1706 3142 1802 3194 τὸν

1917 3162 2011 3201 suo
2035 3147 2306 3215 sanguine
2336 3148 2597 3219 populum
2630 3148 2939 3213 mundaret,
2969 3160 3028 3202 ut
3057 3150 3300 3217 seipsum
3322 3148 3493 3203 veluti

219 3232 376 3298 λαὸν,
410 3234 604 3290 ἑαυτὸν
650 3235 1040 3307 προσενεγκὼν
1079 3236 1156 3299 ὡς
1216 3235 1388 3306 ἀμνὸν
1441 3236 1677 3305 ἄμωμον
1720 3235 1799 3307 τῷ

1917 3255 2107 3310 agnum
2160 3241 2579 3296 immaculatum
2618 3241 2727 3297 Deo
2755 3240 2976 3296 oﬂ‘erret
3001 3256 3015 3295 :
3045 3259 3064 3294 ι
3105 3239 3296 3312 Neque
3348 3242 3495 3295 enim

219 3325 381 3396 Θεῷ·
418 3343 439 3379 ι
490 3328 566 3381 Ού
613 3329 722 3397 γὰρ
771 3327 1031 3399 ἐποίησεν
1082 3329 1383 3400 ἁμαρτίαν,
1422 3330 1546 3383 οὐδὲ
1599 3329 1799 3399 εὑρέθη

1917 3334 2037 3388 fecit
2092 3343 2405 3405 peccatum,
2448 3349 2629 3405 neque
2678 3336 2935 3390 inventus
2985 3343 3071 3390 est
3120 3335 3285 3392 dolus
3316 3334 3372 3390 in
3401 3348 3498 3391 ore

220 3416 373 3482 δόλος
404 3418 467 3472 ιν
501 3418 581 3490 τῷ
610 3420 841 3490 στόματι
872 3421 1063 3475 αὐτοῦ.
1112 3440 1131 3474 ι
1909 3427 2029 3496 ejus
2049 3428 2090 3479 δ.
2132 3445 2151 3479 ι

237 3530 345 3585 Ἐκ
399 3532 513 3613 tog
565 3534 755 3613 αὑτοῦ
794 3536 1044 3613 βιβλίου
1076 3538 1185 3613 Δείς
1235 3537 1323 3613 τό,
1358 3555 1381 3613 ι
1436 3537 1657 3613 Κύριον
1703 3536 1804 3589 καὶ

1917 3543 1995 3596 Ea:
2027 3544 2207 3597 eodem
2240 3543 2378 3597 libro
2414 3543 2465 3613 in
2503 3562 2564 3597 ea
2610 3542 2803 3598 verba:
2840 3563 2858 3595 ι
2899 3544 2964 3598 Et
3000 3544 3283 3601 Dominum
3319 3547 3493 3613 ipsum

463 3605 720 3672 Χριστὸν
739 3608 926 3661 αὐτὸν
951 3607 1243 3674 ἐποίησεν
1274 3610 1307 3661 ό
1341 3609 1506 3670 Θεός.
1551 3623 1570 3659 r

2310 3624 2359 3667 et
2397 3612 2663 3668 Christum
2700 3614 2823 3679 fecit
2864 3614 3025 3668 Deus.
3065 3635 3081 3666 ι

292 3693 505 3764 Κύριον
535 3696 697 3751 αὑτὸν
739 3698 834 3752 καὶ
865 3698 1103 3767 Χριστὸν
1133 3698 1391 3768 ἃποίησεν
1433 3699 1462 3750 6
1511 3696 1665 3762 Θεὸς,
1701 3697 1803 3751 οὐκ

1986 3694 2128 3751 Deus
2172 3695 2346 3767 ipsum
2390 3697 2518 3752 fecit
2558 3696 2842 3752 Dominum
2884 3707 2938 3753 et
2984 3712 3234 3767 unctum,
3277 3719 3381 3757 non
3424 3718 3491 3759 ex

218 3784 335 3840 ἀπὺ
352 3785 453 3840 τοῦ
478 3787 553 3858 μὴ
582 3789 734 3853 ὄντος
779 3793 858 3854 ei;
900 3792 961 3845 τὸ
1000 3787 1141 3845 εἶναι
1166 3794 1458 3863 παράγων·
1489 3787 1563 3864 ἦν
1585 3792 1696 3861 γάρ
1716 3792 1804 3846 ἀεὶ

1917 3800 2020 3842 non
2057 3785 2351 3842 exsistente
2384 3788 2450 3841 ad
2485 3800 2608 3842 esse
2643 3788 2930 3842 traducens
2970 3804 2983 3842 :
3019 3801 3137 3843 erat
3172 3791 3316 3845 enim
3352 3807 3493 3847 sent-

219 3884 321 3937 καὶ
355 3883 464 3954 πρὸ
486 3885 587 3954 τῆς
613 3881 946 3953 σαρκώσεως
986 3882 1015 3935 6
1051 3880 1147 3936 τοῦ
1176 3881 1311 3936 Θεοῦ
1355 3882 1551 3951 Λόγος,
1582 3881 1676 3934 καὶ
1712 3880 1813 3935 οὐκ

1917 3891 2031 3948 per,
2064 3876 2229 3931 etiam
2264 3886 2391 3932 ante
2423 3875 2851 3930 incarnationem
2887 3876 2979 3929 Dei
3013 3874 3281 3937 Verbum,
3320 3890 3494 3947 neque

218 3976 287 4031 ἀν
322 3989 410 4037 τις
442 3968 502 4026 εὖ
544 3972 758 4042 φρονῶν
790 3970 853 4025 τὸ
903 3989 922 4025 ι
955 3970 1209 4041 εποίησεν
1239 3989 1258 4021 ›
1306 3969 1501 4025 ἐνθάδε
1537 3967 1681 4022 κατὰ
1715 3967 1813 4038 τῆς

1917 3970 2199 4039 quisquam
2236 3978 2379 4024 recte
2408 3969 2656 4024 sentiens
2685 3968 2909 4024 verbum
2946 3966 3096 4031 illud,
3134 3985 3152 4019 ι
3190 3967 3337 4033 fecit,
3376 3986 3394 4020 ι
3428 3984 3494 4024 eo

216 4066 415 4129 οὐσίας
450 4064 702 4131 ὲκλάδοι,
747 4063 834 4118 ἵνα
878 4064 954 4134 μὴ
1002 4062 1218 4116 ἀσεϐεῖν
1258 4060 1662 4131 ἁναγκάζηταν
1694 4060 1814 4114 τότε

1917 4059 2034 4116 loco
2068 4061 2134 4116 de
2168 4062 2403 4117 essentia
2630 4061 3043 4131 interpretetur,
3078 4077 3144 4116 ne
3178 4060 3401 4130 impium
3438 4076 3496 4117 se

220 4158 450 4231 πρῶτον
493 4157 670 4219 διδοὺς
716 4155 957 4226 ὑπάρξαι
1004 4154 1096 4207 τὸν
1146 4152 1242 4207 τοῦ
1298 4152 1433 4207 Θεοῦ
1488 4154 1682 4223 Λόγον,
1726 4155 1814 4207 ὅτε

216 4252 454 4318 γέγονεν
500 4248 787 4319 ἅνθρωπος
808 4265 822 4280 ο
856 4248 995 4300 ἀλλά
1024 4246 1087 4299 τὸ
1124 4266 1144 4298 ι
1171 4246 1447 4316 ἐποίησεν,
1479 4265 1499 4299 ι
1530 4246 1654 4299 ἀντὶ
1694 4244 1814 4310 τοῦ,

223 4340 501 4406 ἀπέδειξε,
525 4342 765 4411 νοητὲον.
791 4339 946 4393 Οὕτω
962 4340 1055 4392 καὶ
1082 4339 1244 4401 αὐτὸς
1269 4340 1298 4391 ὁ
1324 4338 1527 4410 Πέτρος
1549 4341 1662 4402 τοῖς
1694 4340 1819 4391 Ἰου-

220 4434 401 4497 δαίοις
434 4432 953 4505 προσδιαλεγόμενος
986 4432 1253 4501 ἔφασκεν·
1295 4450 1313 4482 ι
1354 4429 1560 4502 Ἰησοῦν
1587 4430 1678 4483 τὸν
1704 4431 1818 4483 Να-

223 4484 1196 4597 ἐίύρᾇίονιἀνῦὲαῡάποδεδειγὶιένον
1244 4524 1353 4577 ἀπὸ
1400 4484 1496 4576 τοῦ
1554 4522 1689 4577 Θεοῦ
1740 4526 1819 4587 εἰς
1849 4484 1889 4549 D

223 4621 376 4690 ὑμᾶς
400 4618 664 4689 δυνάμεσι
692 4618 786 4670 καὶ
809 4617 1002 4688 τέρασι
1029 4618 1126 4671 καὶ
1150 4617 1425 4688 σημείοις,
1459 4615 1641 4679 καθὼς
1663 4616 1820 4670 αὐτοὶ

221 4714 429 4766 οἴδατε.
457 4730 476 4762 ι
512 4711 722 4764 Οὐκοῦν
753 4710 841 4764 sta
870 4710 978 4763 τῶν
1022 4710 1199 4782 ἔργων
1224 4708 1483 4763 δεικνύων
1516 4708 1820 4779 ἐνυπάρχον

226 4804 380 4876 αὐτῷ
418 4803 511 4856 τοῦ
556 4804 772 4875 Πατρὸς
818 4801 879 4855 τὸ
911 4802 1160 4872 ἀξίωμα,
1210 4798 1416 4870 Κύριος
1456 4798 1664 4868 γίνεται
1712 4797 1821 4850 τῶν

224 4896 640 4950 πιστευσάντων
690 4896 769 4957 είς
818 4893 1017 4947 αὐτόν·
1067 4892 1451 4947 ἀναδείκνυται
1502 4891 1687 4967 δὲὶὸτι
1725 4889 1823 4942 καὶ

228 4989 393 5052 αὑτός
425 4990 573 5041 ἐστιν
601 4989 629 5041 6
664 4988 913 5059 Χριστός.
942 4986 1041 5039 Διὰ
1074 4986 1181 5056 γὰρ
1216 4984 1374 5039 τοῦτο
1405 4986 1517 5048 τοῖς
1552 4984 1823 5046 Ἰουδαίοις

230 5078 552 5131 ἀπειθοῦσιν
605 5077 795 5147 ἔλεγε·
838 5097 855 5129 ι
888 5077 1005 5131 Κᾶν
1041 5078 1165 5149 ἐμοὶ
1207 5077 1281 5149 μὴ
1336 5076 1667 5145 πιστεύητε,
1711 5078 1823 5136 τοῖς

232 5174 418 5246 ἔργοις
460 5190 563 5243 μου
599 5172 965 5235 πιστεύσατε,
1007 5170 1096 5222 ἴνα
1141 5168 1313 5237 γνῶτε
1362 5168 1445 5220 ὃτι
1482 5164 1591 5235 ἐγὼ
1639 5168 1695 5218 ὲν
1742 5165 1820 5235 τῷ

233 5266 440 5337 Πατρὶ,
475 5265 569 5317 καὶ
608 5264 635 5316 6
672 5263 862 5332 Πατὴρ
907 5264 963 5315 ὲν
998 5262 1152 5331 ὲμοί·
1187 5280 1204 5310 ι
1240 5261 1334 5313 καὶ
1368 5259 1561 5313 πάλιν·
1600 5277 1619 5308 ‹
1654 5258 1715 5310 Εἰ
1759 5259 1819 5310 ού

238 5354 373 5408 ποιῶ
402 5354 471 5408 τὰ
511 5352 649 5425 ἔργα
686 5352 780 5407 τοῦ
817 5351 1029 5423 Πατρός
1077 5368 1200 5422 μου,
1235 5351 1309 5421 μὴ
1340 5349 1623 5401 πιστεύετέ
1660 5365 1767 5417 μοι.
1797 5366 1814 5397 ι

239 5449 300 5500 El
330 5447 389 5500 δὲ
416 5447 505 5500 διὰ
551 5445 647 5499 τοῦ
684 5445 945 5499 δύνασθαι
980 5445 1151 5496 ποιεῖν
1192 5441 1260 5495 τὰ
1290 5441 1435 5511 ἔργα
1484 5439 1579 5493 τοῦ
1608 5438 1821 5511 Her-:96;

238 5544 328 5594 καὶ.
369 5540 517 5610 ἔχειν
558 5542 617 5593 ἐν
659 5537 839 5607 ἑαυτῷ
872 5538 961 5591 τὸν
996 5538 1237 5607 Πατέρα,
1270 5532 1410 5589 εἷναί
1439 5552 1499 5587 τε
1532 5534 1731 5604 ὁμοίως
1762 5535 1821 5584 ἐν

245 5634 438 5703 ιιατρὶ,
472 5632 604 5697 Θεὸς
631 5633 706 5685 ὢν
744 5630 995 5698 ἀληθινὸς
1042 5628 1450 5693 ἀναδείκνυται,
1491 5627 1631 5681 κατὰ
1666 5626 1824 5678 τοῦτο

315 5805 513 5859 ίιοαο.
551 5822 587 5868 ι,
638 5807 720 5861 Η.
799 5806 820 5837 ⁹
848 5804 1005 5862 Joan.
1045 5819 1173 5869 xm,
1213 5806 1265 5859 ὁ.

248 5876 269 5908 ⁸
302 5876 426 5931 Μᾶ.
456 5878 543 5934 57.

1916 4152 2190 4219 declaret,
2216 4152 2307 4223 qui
2339 4163 2450 4207 tum
2478 4153 2711 4223 primum
2737 4152 2971 4208 Verbum
2998 4153 3093 4208 Dei
3120 4167 3241 4209 esse
3265 4154 3497 4225 cmpisse

1918 4246 2098 4310 dicat,
2129 4246 2349 4315 quando
2395 4244 2600 4300 factum
2632 4255 2714 4300 est
2760 4246 2921 4301 homo
2953 4264 2966 4300 :
3001 4246 3095 4301 sed
3134 4264 3152 4298 ι
3189 4245 3317 4300 fecit
3352 4263 3370 4297 ι
3405 4259 3498 4300 ac-

1917 4338 2225 4406 cipiendum
2266 4347 2352 4393 est
2400 4354 2498 4407 pro
2543 4338 2861 4405 declaravit,
2904 4339 2987 4392 vel
3026 4340 3283 4394 ostendit.
3325 4338 3400 4393 ita
3445 4351 3499 4394 et

1918 4428 2111 4484 Petrus
2142 4446 2262 4484 cum
2293 4430 2494 4485 Judrcis
2526 4430 2802 4485 disserens
2832 4431 2965 4485 dixit
2998 4450 3011 4485 :
3050 4450 3070 4482 ι
3106 4430 3289 4485 Jesum
3321 4429 3498 4485 Naza-

1923 4538 2139 4588 renum,
2172 4523 2262 4592 qui
2300 4523 2604 4578 declaratus
2638 4533 2723 4578 est
2750 4524 2834 4578 vir
2859 4538 2889 4578 a
2927 4523 3035 4577 Deo
3073 4524 3125 4577 in
3156 4540 3254 4579 vos
3283 4525 3501 4578 virtuti-

1921 4615 2041 4680 bus,
2075 4627 2128 4669 et
2163 4616 2440 4685 prodigiis,
2477 4616 2708 4685 etsignis
2742 4630 2862 4686 quze
2897 4616 3045 4683 fecit,
3079 4615 3221 4670 sicut
3255 4616 3355 4687 ipsi
3391 4617 3502 4672 sci-

1922 4708 1990 4761 tis
2033 4708 2074 4762 '.
2110 4726 2128 4758 r
2163 4708 2426 4773 Quocirca
2457 4724 2576 4762 cum
2608 4721 2702 4777 per
2727 4722 2886 4777 opera
2916 4708 3151 4762 ostendit
3181 4709 3499 4779 dignitatem

1922 4799 2100 4855 Patris
2139 4801 2239 4856 sibi
2280 4802 2692 4856 inexsistentem
2716 4842 2730 4867 ,
2771 4800 3029 4856 Dominus
3068 4800 3125 4854 fit
3166 4799 3500 4856 credentium

1926 4894 1977 4946 in
2011 4893 2183 4962 ipsum
2213 4912 2226 4947 :
2256 4895 2559 4948 ostenditur
2582 4909 2714 4947 vero
2744 4894 2883 4963 quod
2915 4895 3029 4963 ipse
3055 4894 3219 4948 etiam
3247 4893 3317 4948 sit
3342 4892 3503 4947 Citri-

1925 4996 2058 5040 stus.
2086 4983 2219 5038 Nam
2250 4985 2452 5041 idcirco
2477 4985 2676 5043 Jndzcis
2702 4987 2994 5041 incredulis
3020 4986 3156 5040 dixit
3182 5005 3195 5041 :
3228 5005 3246 5038 ι
3280 4986 3502 5041 Etiamsi

1928 5078 2057 5131 mihi
2090 5095 2192 5132 non
2225 5079 2484 5145 credatis,
2513 5080 2767 5148 operibus
2796 5080 2930 5134 meis
2961 5076 3187 5145 credite,
3219 5088 3275 5133 ut
3304 5093 3505 5152 cogno-

1927 5170 2093 5222 scatis
2122 5170 2245 5237 quia
2274 5186 2371 5240 ego
2402 5170 2453 5222 in
2486 5170 2663 5233 Patre,
2689 5182 2743 5226 ct
2772 5172 2997 5226 Paterin
3021 5187 3105 5226 me
3135 5178 3217 5226 est
3261 5171 3331 5203 Μ
3370 5191 3426 5238 ς(
3452 5182 3505 5229 et

1929 5277 2140 5315 rursum
2179 5284 2191 5317 :
2233 5284 2250 5312 ι
2292 5263 2350 5316 Si
2385 5279 2484 5333 ego
2519 5279 2622 5317 non
2658 5262 2798 5319 facio
2829 5282 2992 5335 opera
3030 5264 3202 5320 Patris
3238 5265 3363 5333 mei,
3398 5283 3502 5321 non

1929 5354 2163 5406 credatis
2196 5353 2325 5407 mihi
2372 5357 2412 5407 ⁸.
2447 5374 2467 5406 ι
2504 5352 2559 5408 Si
2593 5370 2741 5425 ergo,
2772 5357 2896 5424 quia
2930 5365 3104 5424 potest
3138 5354 3313 5410 facere
3340 5371 3501 5425 Opera

1934 5444 2127 5507 Patris,
2157 5457 2209 5497 et
2239 5446 2360 5512 quia
2392 5446 2551 5498 habet
2580 5447 2630 5499 icr
2663 5462 2721 5500 se
2752 5446 2985 5510 Putrem,
3020 5449 3237 5517 ipseque
3266 5449 3502 5504 vicissim

1930 5547 2013 5589 est
2049 5538 2099 5588 in
2139 5538 2326 5603 Putre,
2361 5554 2522 5591 verus
2561 5540 2697 5592 Deus
2731 5553 2851 5592 esse
2885 5541 3190 5596 declaratur
3228 5558 3240 5595 :
3280 5545 3382 5596 hac
3416 5559 3503 5597 ra-

1934 5629 2077 5680 tione
2112 5629 2283 5681 luctus
2314 5638 2396 5682 est
2430 5629 2683 5681 Dominus
2718 5632 3047 5685 credentium
3087 5635 3136 5685 in
3175 5634 3375 5702 ipsum.
3412 5637 3501 5683 du-

1372 5803 1583 5858 ‘Num.
1640 5820 1735 5869 κη,
1770 5804 1824 5855 7.
1903 5804 1969 5857 ⁵1
2006 5800 2151 5856 Petr.
2212 5817 2271 5861 ιι,
2308 5800 2401 5853 3'2.
2480 5802 2654 5857 Ἀρι.
2710 5817 2767 5869 ιι,
2827 5803 2915 5857 22.
2997 5802 3253 5859 ‘-’Joan.
3303 5822 3354 5871 ι,
3414 5807 3505 5862 58.
