3920 6602
384 414 482 481 631

1625 413 2010 476 EU'I‘HYMII
2065 412 2429 478 ZiGABENI

3544 405 3650 472 632

386 536 735 606 claratusque
761 540 846 590 est
871 534 1033 591 etiam
1071 532 1185 605 ipse
1207 549 1329 592 esse
1353 532 1646 604 Christus;
1691 538 1735 593 si
1774 552 1902 594 vero
1924 552 1956 593 ιι

2089 536 2251 605 ’ἐγονε
2286 535 2395 589 τῶν
2430 534 2509 596 είς
2540 532 2704 586 αὐτὸν
2746 529 3159 585 πιστευσάντων
3192 528 3425 600 Κύριος.
3462 530 3643 600 ἐφάνη

388 628 497 681 Deo
545 624 723 681 factus
751 640 871 683 esse
903 625 1168 682 Dominus
1207 626 1433 694 dicitur,
1459 628 1622 683 etiam
1677 628 1780 685 hoc
1811 637 1959 684 recte

386 721 570 776 habet.
611 718 876 792 Cognitus
905 721 1049 775 enim
1081 736 1179 791 per
1210 735 1375 791 opera
1405 735 1528 776 esse
1560 737 1718 777 ierus
1747 721 1838 776 Dei
1865 722 1958 777 Fi-

387 814 513 882 lius,
550 812 868 867 dominatur
898 812 952 869 in
994 825 1090 867 eos
1124 812 1219 882 qui
1258 812 1388 868 olim
1433 828 1543 871 non
1578 813 1956 879 crediderunt,

386 905 602 975 propria
630 921 726 961 sua
754 904 1018 975 dignitate
1061 916 1117 960 et
1146 905 1329 963 Patris
1360 906 1643 963 nobilitate
1672 906 1775 977 ipsi
1804 907 1960 963 testi-

386 1000 628 1055 monium
676 1000 999 1068 perhibente
1054 1008 1115 1054 ut
1171 999 1305 1063 Deo.
1364 1000 1503 1057 Cum
1554 1001 1698 1057 enim
1735 1002 1963 1057 omnino

386 1093 639 1161 cognitus
669 1092 742 1147 sit
773 1107 895 1148 esse
935 1092 1107 1155 Filius
1138 1092 1254 1157 Dei,
1294 1089 1472 1148 {actus
1520 1093 1682 1148 etiam
1717 1104 1804 1149 est
1860 1093 1966 1148 Do-

392 1184 572 1239 minus
605 1198 621 1238 :
661 1199 769 1238 non
792 1183 937 1253 quod
972 1192 1101 1240 tunc
1130 1184 1367 1255 primum
1409 1184 1709 1241 exsistendi
1744 1184 1962 1240 initium

387 1278 660 1348 acceperit
687 1279 927 1350 (semper
960 1279 1105 1334 enim
1131 1286 1250 1334 erat
1281 1288 1335 1332 et
1364 1278 1506 1337 Deus
1567 1287 1622 1333 et
1654 1279 1963 1347 Dominus),

387 1370 483 1426 sed
518 1370 739 1440 quando
779 1386 807 1424 a
849 1370 1202 1435 credentibus
1231 1373 1487 1442 cognitus
1511 1380 1623 1434 est,
1648 1383 1761 1427 tum
1789 1371 1966 1428 factus

388 1472 475 1518 est
507 1462 589 1518 eis
615 1461 902 1528 Dominus,

527 1671 609 1729 Ea:
641 1676 824 1734 eodem
848 1680 982 1751 libro
1028 1681 1085 1734 in
1128 1681 1225 1736 illa
1272 1682 1429 1737 verba
1468 1698 1484 1734 :
1528 1701 1544 1733 ι
1582 1683 1837 1751 Clariﬁca

940 1750 1140 1809 Filium
1190 1762 1359 1809 tuum.
1387 1770 1410 1806 ι

461 1846 720 1902 Servator
750 1845 953 1907 alicubi
981 1846 1046 1900 ad
1070 1845 1287 1901 Patrem
1322 1862 1481 1902 suum
1508 1846 1582 1901 ita
1609 1847 1724 1901 ait:
1763 1864 1782 1899 ι
1812 1844 1996 1911 Pater,

293 2009 301 2017 _
392 1938 543 1994 venit
599 1938 758 2006 liora,
815 1939 1056 2011 gloriﬁca
1114 1938 1316 1999 Filium
1369 1950 1522 1996 tuum
1555 1941 1594 1994 ⁸.
1655 1960 1673 1993 ι
1730 1940 1788 1996 Si
1832 1956 1969 2012 ergo

393 2040 586 2088 exacte
612 2031 762 2086 novit
793 2032 1004 2095 horam,
1030 2046 1193 2101 quam
1220 2031 1436 2088 venisse
1454 2032 1611 2095 dicit.
1636 2032 1769 2101 quid
1788 2034 1975 2089 obstat

394 2123 693 2194 quominus
721 2133 775 2177 et
804 2122 953 2183 illam
988 2122 1156 2189 norit,
1184 2137 1372 2191 quam,
1409 2130 1469 2177 ut
1500 2122 1687 2189 homo,
1718 2122 1976 2193 ignorare

395 2232 456 2273 se
486 2218 839 2287 inquit,quod
860 2216 914 2279 id
939 2216 1267 2273 humanitati
1288 2218 1599 2278 conveniat,
1626 2218 1771 2272 norit
1792 2226 1974 2273 autem

397 2312 622 2369 omnino
655 2320 716 2366 ut
748 2309 934 2365 Deus?
961 2311 1033 2363 At
1087 2324 1193 2363 non
1234 2320 1450 2379 oportet
1487 2309 1559 2364 ob
1608 2309 1748 2364 hanc
1779 2323 1969 2365 vocem

399 2402 643 2458 Verbum
689 2402 780 2456 Dei
839 2402 1122 2466 incusare,
1152 2409 1208 2456 et
1246 2399 1610 2471 ignorantiam
1656 2412 1863 2457 temere
1897 2401 1975 2456 illi

401 2498 640 2567 obiicere
660 2512 678 2563 ;
712 2496 805 2550 sed
828 2496 1011 2565 petius
1034 2496 1219 2549 mirari
1242 2509 1480 2549 amorem
1506 2509 1616 2564 quo
1639 2510 1766 2565 erga
1784 2495 1979 2550 huma-

403 2610 533 2648 num
559 2607 734 2663 genus
756 2590 1029 2660 ﬂagravit,
1052 2606 1161 2661 quo
1182 2589 1452 2659 impulsus
1478 2604 1586 2643 non
1611 2588 1888 2644 recusavit
1909 2588 1977 2644 ad

403 2694 617 2742 tantam
653 2684 1017 2742 humilitatem
1041 2699 1159 2739 sese
1176 2684 1485 2751 demittere,
1513 2691 1573 2736 ut
1590 2683 1771 2736 omnia
1796 2690 1981 2737 nostra

402 2779 728 2849 susciperet,
763 2792 993 2847 quorum
1021 2776 1184 2835 etiam
1223 2791 1393 2832 unum
1420 2785 1506 2831 est
1524 2775 1853 2847 ignorantia.

476 2957 856 3029 Interrogandi
902 2969 1028 3018 sunt
1091 2961 1277 3017 hostes
1326 2960 1574 3028 Christi,
1624 2962 1981 3033 quamobrem

390 3054 671 3111 oberrator
688 3070 809 3113 eum
839 3056 1059 3125 angelos
1081 3065 1136 3112 et
1163 3054 1362 3112 Filium
1397 3056 1717 3122 nominarit,
1744 3054 1985 3126 Spiritus

2060 632 2116 686 δὲ
2144 632 2241 685 καὶ
2283 628 2444 692 αὐτὸς
2495 627 2571 682 ὣν
2616 628 2644 679 6
2684 625 2961 699 Χριστός·
3009 626 3060 678 εί
3101 625 3158 679 δὲ
3189 625 3341 694 παρὰ
3372 623 3510 678 Θεοῦ
3543 641 3654 677 πε-

2062 724 2322 795 ποιῆσθαι
2369 724 2574 794 Κύριος
2629 720 2868 789 λέγεται,
2924 719 3019 773 καὶ
3067 717 3226 772 τοῦτο
3272 719 3386 787 εχει
3442 715 3653 778 καλῶς.

2036 817 2603 891 ,Ἐπιγινωσκόμενος
2655 816 2761 885 γάρ
2807 814 2898 868 διὰ
2945 811 3053 865 τῶν
3099 812 3280 883 ἔργων
3330 810 3557 880 γνήσιόν
3590 825 3654 862 τε

2064 910 2157 967 καὶ
2181 910 2432 981 ἀληθινὸν
2465 907 2562 963 τοῦ
2598 907 2734 962 Θεοῦ
2768 908 3038 976 γέννημα,
3080 902 3329 974 κυριεύει
3352 904 3467 955 τῶν
3490 903 3657 956 ἀπει-

2065 1004 2304 1060 θούντων
2339 1003 2529 1069 πάλαι,
2563 1002 2646 1073 τῷ
2674 1018 2735 1057 τε
2783 1000 2972 1071 οἰκείῳ
3013 998 3286 1067 ἀξιώματι
3334 996 3432 1051 καὶ
3479 997 3549 1065 τῇ
3590 999 3659 1050 ὲκ

2066 1096 2279 1169 Πατρός
2315 1096 2568 1168 εὐγενείᾳ
2606 1093 3061 1166 μαρτυρούμενος
3106 1091 3183 1153 ὡς
3222 1089 3381 1152 Θεός.
3424 1089 3655 1159 Ἐπειδὴ

2065 1189 2176 1259 γὰρ
2207 1188 2344 1252 ὅλως
2375 1187 2621 1259 ἐγνώσθη
2669 1186 2804 1241 Θεοῦ
2841 1184 3109 1256 ὑπάρχων
3144 1183 3292 1247 Υίδς,
3330 1183 3529 1249 γέγονε
3561 1180 3663 1234 καὶ

2067 1282 2296 1353 Κύριος,
2325 1281 2387 1336 οὺ
2415 1280 2534 1335 τότε
2565 1280 2780 1349 πρῶτον
2804 1278 2900 1333 τοῦ
2939 1275 3077 1331 εἶναι
3110 1277 3314 1346 Κύριος
3340 1274 3661 1346 ἀρξάμενος

2071 1370 2160 1447 (ἦν
2198 1379 2309 1446 γὰρ
2346 1375 2433 1431 ἀεὶ
2476 1375 2572 1427 καὶ
2602 1373 2737 1436 Θεὸς
2786 1372 2883 1427 καὶ
2922 1370 3175 1441 Κύριος),
3213 1368 3330 1423 ἀλλ’
3368 1370 3459 1423 ὅτε
3498 1366 3661 1437 παρά

2068 1472 2184 1533 τοῖς
2224 1468 2651 1531 πεπιστευκόσιν
2688 1464 2959 1535 ἰγνὼσθη,
2988 1464 3111 1518 τότε
3162 1460 3404 1532 γεγονὼς
3437 1460 3537 1516 καὶ
3566 1459 3658 1513 επ*

2072 1564 2269 1627 αὐτοὺς
2299 1561 2527 1634 Κύριος.

2080 1679 2186 1734 Ἕκ
2224 1679 2332 1734 τοῦ
2365 1677 2555 1734 αὐτοῦ
2587 1676 2972 1803 βιὸἒίουῃὲις
3000 1675 3073 1729 τό
3095 1689 3113 1704 ο
3172 1690 3193 1725 ι
3221 1670 3502 1736 Δόεασόγ
3540 1684 3665 1726 σου

2669 1766 2699 1802 τ
2736 1766 2774 1803 ν
2925 1764 2981 1802 ν.
3022 1765 3043 1799 ι

2669 1764 2774 1803 τον
2821 1764 2981 1803 ιιον.
3022 1765 3043 1799 ι

2146 1841 2315 1913 Λέγει
2338 1859 2442 1896 που
2472 1843 2610 1913 πρὸς
2641 1843 2731 1897 τὸν
2759 1837 2955 1895 ἑαυτοῦ
2985 1840 3205 1910 Πατέρα
3230 1836 3623 1906 διαλεγόμενος
3641 1847 3663 1864 ·

2001 1898 2047 1961 Β
2080 1950 2100 1985 ι
2144 1898 2350 2001 Πάὲερ,
2388 1898 2647 2004 ἐλήλυθεν
2678 1932 2713 2001 ἡ
2751 1929 2895 2003 ὥρα,
2926 1898 3156 1997 δόξασόν
3192 1945 3287 1982 σου
3322 1898 3416 1981 τις)
3456 1898 3659 1981 mn.

2079 2026 2142 2079 Ei
2176 2026 2357 2081 τοίνυν
2405 2021 2550 2080 οίδεν
2587 2023 2839 2094 ἀκριϐῶς
2882 2024 2983 2093 τήν
3009 2024 3186 2093 ὤραν,
3218 2022 3288 2094 ἢν
3338 2020 3667 2092 ἐληλυθέναι

2077 2119 2315 2189 λέγει,τί
2334 2117 2396 2171 τδ
2421 2117 2631 2173 κωλῦον
2654 2118 2856 2196 ειδέναι
2880 2118 3163 2185 κάκείνην,
3181 2116 3249 2188 ἢν
3274 2116 3351 2178 ὼς
3371 2115 3668 2185 ἄνθρωπος

2078 2213 2299 2282 ἀγνοεῖν
2349 2212 2449 2283 μὲν
2480 2228 2615 2281 φησι
2647 2210 2737 2265 διὰ
2779 2210 2841 2264 τὸ
2879 2213 2946 2282 τῇ
2996 2208 3385 2280 ἀνθρωπότητι
3428 2208 3664 2278 πρέπον,

2079 2303 2189 2362 οἶδε
2220 2308 2277 2362 δὲ
2307 2308 2526 2372 πάντως
2560 2307 2635 2371 ὡς
2667 2306 2838 2372 Θεός;
2886 2306 3009 2375 Χρὴ
3037 2304 3094 2358 δὲ
3121 2305 3183 2358 οὐ
3218 2304 3310 2358 διά
3341 2302 3453 2379 τὴν
3479 2302 3666 2358 τοιαύ-

2080 2421 2183 2474 την
2209 2400 2394 2473 φωνὴν
2424 2401 2752 2471 κατηγορεῖν
2782 2398 2877 2453 τοῦ
2901 2398 3037 2452 Θεοῦ
3067 2399 3267 2466 Λόεου,
3290 2398 3388 2452 καὶ
3417 2396 3671 2468 ῥιψοκιν-

2082 2498 2254 2561 δύνως
2286 2497 2512 2565 άγνοιαν
2539 2493 2689 2565 αὺτῷ
2724 2494 3065 2564 προσάπτειν
3106 2492 3229 2546 τινά
3252 2506 3268 2522 ⁸
3292 2490 3430 2545 ἀλλά
3459 2490 3669 2561 μᾶλλον

2086 2588 2391 2659 θαυμάζειν
2422 2587 2588 2642 αὑτοῦ
2622 2586 2722 2658 τὴν
2749 2584 3192 2655 φιλανθρωπίαν,
3223 2583 3285 2637 οὐ
3318 2599 3672 2653 παραιτησα-

2089 2685 2253 2754 μένου
2284 2681 2374 2736 διά
2402 2680 2500 2752 τὴν
2526 2682 2605 2744 είς
2634 2681 2782 2751 ἡμᾶς
2809 2679 3093 2748 ἀγάπησιν
3126 2679 3205 2741 είς
3238 2676 3515 2746 τοσαύτην
3542 2676 3671 2730 ἑαυ-

2087 2782 2179 2832 τὸν
2222 2776 2555 2831 ταπείνωσιν
2590 2775 2947 2843 καταγαγεῖν,
2976 2772 3053 2835 ὡς
3094 2773 3275 2827 πάντα
3325 2773 3565 2842 φορέσαι
3603 2768 3671 2824 τὰ

2090 2872 2268 2943 ⁴ἡμῶν,
2298 2869 2372 2926 ὧν
2404 2872 2462 2925 ἓν
2487 2871 2727 2940 ὑπάρχει
2761 2870 2858 2923 καὶ
2889 2869 2921 2938 ἡ
2953 2868 3169 2937 ἄγνοια.

2174 2962 2513 3035 Ἐρωτητέον
2551 2963 2682 3021 τοὺς
2710 2960 3139 3029 χριστομάχους,
3168 2960 3292 3013 ὅτου
3326 2960 3393 3032 δὴ
3446 2960 3555 3030 χάρ
3582 2980 3612 3013 ν
3640 2960 3667 3013 6

2091 3056 2284 3125 Σωτὴρ
2319 3055 2581 3123 ἀγγέλους
2634 3053 2728 3106 καὶ
2766 3051 2894 3105 Υίὺν
2936 3051 3237 3121 ὀνομάσας,
3290 3051 3530 3120 οὐδαμοῦ
3573 3049 3670 3105 τοῦ

409 3146 738 3211 mentionem
784 3159 1053 3214 nusquam
1125 3142 1357 3197 fecerit?
1418 3141 1531 3194 Non
1599 3142 1742 3195 enim
1796 3141 1979 3197 dixit:

2089 3138 2225 3194 Πνεύ
2234 3157 2402 3215 ματος
2430 3141 2722 3210 ἐποιήσατο
2754 3140 3006 3209 μνήμην;
3037 3138 3114 3193 υύ
3140 3138 3249 3210 γὰρ
3273 3141 3495 3210 εἴρηκεν
3513 3156 3527 3171 ο
3557 3141 3671 3194 Οῦκ

409 3235 526 3291 Non
591 3236 742 3291 novit
799 3236 1056 3304 Spiritus,
1078 3236 1196 3302 sed,
1227 3254 1245 3286 ι
1284 3232 1400 3290 Non
1430 3241 1628 3288 norunt
1654 3233 1853 3303 angeli,
1887 3248 1981 3287 ne-

409 3342 516 3395 que
563 3328 713 3391 norit
750 3328 948 3394 Filius;
988 3337 1191 3396 ratque
1235 3328 1335 3381 hoc
1376 3325 1591 3394 quidem
1627 3324 1981 3395 simpliciter:

412 3435 518 3472 non
551 3420 694 3473 enim
720 3419 936 3490 adjecit,
974 3420 1088 3474 Dei.
1127 3419 1468 3475 Manifestum
1512 3420 1676 3491 igitur
1703 3428 1787 3474 est
1840 3416 1981 3488 quod

409 3506 631 3577 angelos
663 3507 942 3580 ignorasse
972 3508 1189 3574 dixerit,
1228 3518 1286 3564 ut
1328 3518 1631 3571 creaturas,
1664 3506 1801 3564 Cum
1856 3521 1983 3561 vero

411 3599 693 3669 discipulis
725 3601 777 3654 id
801 3601 982 3656 dicere
1024 3601 1211 3668 nollet,
1241 3600 1311 3656 ob
1337 3599 1661 3657 ineffabilem
1694 3601 1979 3670 quamdam

412 3689 607 3749 divinze
628 3691 1116 3750 administrationis
1142 3702 1195 3747 et
1226 3692 1441 3748 consilii
1471 3692 1775 3747 rationem:
1801 3708 1819 3742 ι
1850 3687 1986 3757 Quis

411 3784 554 3836 enim
601 3783 751 3838 novit
798 3795 1031 3839 mentem
1079 3782 1315 3849 Domini,
1350 3793 1442 3840 aut
1475 3784 1596 3855 quis
1642 3781 1985 3839 consiliarius

410 3873 528 3941 ejus
572 3873 672 3939 fuit
724 3871 791 3929 'i
827 3893 847 3927 ι
897 3891 964 3931 ne
1013 3878 1284 3933 rideretur
1329 3876 1449 3933 illos
1483 3876 1586 3931 hoc
1629 3876 1810 3931 celare
1847 3873 1984 3928 velle

409 3979 585 4034 eoque
610 3968 826 4025 nomine
853 3966 971 4023 illos
989 3982 1223 4024 mmore
1246 3968 1482 4034 allicere,
1516 3967 1675 4032 dixit,
1698 3982 1767 4022 ne
1788 3964 1981 4019 Filium

408 4057 629 4127 quidem
663 4058 765 4114 hoc
796 4073 998 4125 nosse;
1028 4058 1265 4117 humano
1302 4073 1451 4113 more
1479 4059 1545 4115 de
1572 4072 1632 4113 se
1658 4057 1901 4127 loquens,
1927 4062 1983 4109 nt

412 4151 573 4203 homo
597 4166 611 4203 :
639 4158 694 4202 ct
718 4149 960 4207 omnium
992 4148 1209 4206 interim
1240 4148 1489 4203 notitiam
1518 4147 1621 4201 sihl
1651 4160 1898 4211 servans,
1928 4155 1985 4200 ιιι

416 4239 574 4293 Deus.
605 4239 813 4297 ideirco
861 4240 1005 4292 enim
1050 4255 1155 4295 non
1204 4240 1370 4304 dixit,
1409 4239 1673 4308 Spiritum
1708 4239 1979 4310 ignorare.

411 4330 544 4385 Nam
574 4331 618 4384 si
647 4332 869 4400 spiritus
901 4332 1081 4387 omnia
1108 4342 1402 4396 scrutatur,
1427 4333 1590 4389 etiam
1624 4332 1834 4387 occulta
1867 4332 1984 4399 Dei,

411 4435 469 4478 nt
498 4423 756 4492 scriptum
791 4432 874 4480 est
938 4424 991 4490 ',
1021 4426 1168 4479 novit
1200 4424 1439 4494 profecto
1459 4424 1774 4494 omniaquae
1794 4425 1843 4479 in
1871 4426 1986 4494 ipso

2084 3226 2191 3285 οἶδε
2221 3230 2282 3284 τὸ
2318 3230 2564 3301 Πνεῦμα,
2606 3230 2721 3285 ἀλλ’
2755 3250 2773 3283 ι
2800 3232 2915 3285 Οὐκ
2964 3231 3142 3285 ἴσασιν
3171 3232 3222 3286 οί
3265 3230 3521 3300 ἄγγελοι.
3559 3233 3670 3286 οὐδ’

2083 3316 2222 3376 οἶδεν
2268 3324 2297 3375 6
2348 3322 2504 3386 Υίός·
2540 3342 2559 3374 ι
2616 3323 2711 3376 καὶ
2755 3322 2913 3376 τοῦτο
2957 3322 3375 3395 ἀπολελυμένως
3399 3341 3415 3355 ·
3455 3324 3519 3379 οὑ
3563 3324 3669 3394 γὰρ

2086 3413 2461 3485 προστέθεικε,
2492 3414 2585 3468 τοῦ
2618 3414 2775 3470 Θεοῦ.
2806 3415 2977 3485 Δῆλον
3005 3412 3099 3469 οῦν
3124 3415 3215 3475 ,ὃτι
3246 3416 3521 3485 ἀγγέλους
3565 3416 3664 3486 μὲν

2084 3505 2285 3576 ἔφησεν
2327 3508 2542 3576 ἀγνοεῖν
2571 3506 2647 3571 ὡς·
2675 3506 2970 3578 κτίσματα.
3016 3508 3205 3562 Εἰπεῖν
3238 3508 3297 3562 δὲ
3342 3511 3456 3573 τοῖς
3490 3508 3668 3581 μαθη-

2082 3602 2203 3663 ταῖς
2228 3598 2289 3653 οὐ
2320 3598 2572 3671 θελήσας,
2599 3599 2690 3654 διά
2718 3617 2844 3655 τινα
2884 3600 3043 3669 λόγον
3070 3601 3389 3671 οἰκονομίας
3427 3602 3669 3672 άπόῤῥηο

2083 3708 2195 3745 τον·
2236 3710 2254 3743 ι
2282 3690 2379 3755 Τίς
2398 3691 2508 3764 γάρ
2545 3691 2686 3762 ἔγνω
2717 3691 2843 3746 νοῦν
2887 3690 3115 3763 Κυρίου,
3159 3692 3192 3763 ἦ
3236 3692 3323 3756 τίς
3369 3692 3671 3763 σύμϐουλος

2085 3780 2249 3836 αὑτοῦ
2294 3782 2544 3851 ὲγένετο;
2576 3802 2595 3837 ι
2628 3784 2718 3839 ἵνα
2751 3785 2830 3856 μὴ
2864 3784 3125 3857 φαίνηται
3155 3783 3415 3855 κρύπτων
3443 3785 3666 3849 αὐτοὺς,

2085 3876 2180 3930 καὶ
2208 3875 2297 3930 διὰ
2324 3875 2485 3931 τοῦτο
2510 3875 2752 3949 λυπήσῃ,
2794 3877 2891 3936 καὶ
2930 3877 3022 3933 τὸν
3060 3877 3189 3931 Υίδν
3242 3876 3415 3948 ἔφησε
3476 3879 3555 3949 μὴ
3600 3880 3670 3932 εὶ-

2084 3966 2249 4029 δέναι,
2268 3966 2752 4040 ἀνθρωπινώτερον
2777 3968 2874 4038 μὲν
2896 3987 2964 4023 πε
2973 3969 3026 4039 ρὶ
3046 3968 3243 4024 ἑαυτοῦ
3266 3970 3467 4038 λέγων,
3489 3970 3669 4040 ὥσπερ

2086 4056 2215 4129 περὶ
2240 4057 2528 4129 ἀνθρώπου
2548 4077 2562 4091 ·
2596 4060 2881 4129 φυλάττων
2905 4061 2961 4114 δὲ
2987 4060 3166 4132 ιαυτῷ
3191 4061 3252 4116 τὸ
3278 4062 3485 4119 ειδέναι
3517 4064 3669 4119 πάλιν

2086 4151 2264 4206 πάντα
2285 4150 2359 4214 ὼς
2385 4151 2540 4214 Θεός.
2564 4151 2662 4206 Διά
2690 4152 2799 4223 γὰρ
2822 4152 2978 4207 τοῦτο
3008 4153 3126 4208 οὐδὲ
3150 4154 3213 4207 τὸ
3233 4155 3462 4226 Πνεῦμα
3479 4156 3671 4227 ἔφησεν

2087 4243 2325 4311 ἀγνοεῖν.
2360 4245 2425 4297 Εἰ
2460 4245 2569 4316 γάρ
2598 4244 2660 4297 τὸ
2711 4243 2938 4315 Πνεῦμα
2982 4246 3161 4301 πάντα
3196 4246 3425 4318 ἐρευνᾷ.
3472 4248 3568 4303 καὶ
3611 4247 3671 4301 τά

2088 4335 2225 4407 βάθη
2258 4338 2353 4390 τοῦ
2381 4336 2538 4400 Θεοῦ,
2568 4337 2712 4391 καθὰ
2749 4338 3077 4408 γέγραπται,
3098 4334 3205 4392 οἶδε
3233 4339 3477 4408 δηλονότι
3502 4340 3671 4395 πάντα

2086 4428 2155 4482 τὰ
2199 4428 2257 4480 ὲν
2284 4428 2450 4497 αὐτῷ.
2495 4430 2605 4483 Καὶ
2635 4429 2768 4484 εἰτὸ
2796 4430 3020 4500 Πνεῦμα
3055 4430 3117 4483 τὸ
3160 4431 3336 4485 πάντα
3370 4432 3541 4497 εἱδὸς,
3587 4433 3673 4486 καὶ

411 4528 553 4570 sunt.
599 4516 749 4583 Quod
795 4516 839 4572 si
879 4515 1115 4586 Spiritus
1149 4519 1238 4587 qui
1297 4518 1478 4575 omnia
1522 4516 1647 4581 scit,
1694 4518 1979 4586 omniaque

2089 4520 2153 4574 τά
2188 4520 2364 4574 πάντα
2394 4520 2856 4591 περιεργάζεσθαι
2888 4520 3207 4590 δυνάμενον,
3238 4521 3391 4589 παρὰ
3426 4521 3523 4575 τοῦ
3552 4521 3672 4574 Υἱοῦ

412 4608 687 4679 inqnirere
732 4617 936 4678 potest,
968 4624 995 4661 a
1034 4607 1171 4665 Filio
1203 4610 1401 4680 accipit
1436 4625 1449 4660 :
1496 4627 1514 4659 ι
1554 4609 1647 4663 llle
1690 4608 1858 4672 enim,
1897 4608 1983 4662 in-

412 4700 547 4769 quit,
565 4699 629 4752 de
659 4713 779 4755 meo
801 4699 1029 4768 accipiet
1058 4697 1110 4768 ",
1140 4720 1159 4753 ι
1181 4701 1450 4769 quomodo
1479 4699 1648 4756 Filius
1675 4700 1985 4756 censebitur

414 4790 684 4860 ignorare,
710 4793 800 4854 qui
831 4792 1057 4862 Spiritui
1092 4795 1272 4849 omnia
1305 4793 1498 4849 scienti
1527 4794 1880 4863 suppeditat?

494 4891 577 4947 Ex
603 4894 783 4947 eodem
815 4888 949 4944 libro
978 4888 1032 4943 in
1071 4903 1131 4946 ea
1167 4885 1365 4945 verba:
1413 4906 1431 4938 ι
1487 4885 1565 4940 De
1613 4884 1708 4938 illa
1747 4897 1921 4947 autem

964 4959 1046 5011 die
1082 4970 1173 5010 aut
1206 4957 1357 5010 hora.
1404 4976 1421 5009 ι

494 5055 550 5110 Si
580 5054 790 5114 omnia~
820 5066 942 5125 quae
993 5051 1155 5106 habet
1206 5050 1392 5115 Pater,
1430 5058 1559 5106 sunt
1596 5050 1742 5117 Filii,
1790 5064 1850 5106 ut
1880 5049 1998 5119 ipse

419 5156 692 5205 testatur:
726 5152 780 5198 at
814 5142 975 5199 Pater
1027 5143 1278 5206 ultimum
1320 5144 1473 5206 illum
1523 5145 1665 5197 diem
1702 5153 1757 5197 et
1801 5143 1995 5205 horam

421 5241 611 5298 novit:
657 5250 805 5300 certe
828 5239 988 5299 etiam
1020 5236 1191 5303 Filius
1211 5238 1374 5293 norit.
1415 5238 1489 5302 Ita
1517 5238 1664 5291 enim
1695 5252 1823 5293 vere
1848 5238 2000 5295 dixe-

422 5336 494 5390 rit
527 5352 542 5388 :
584 5351 603 5386 ι
649 5332 845 5399 Omnia
882 5348 1002 5409 quae
1032 5332 1195 5386 liabet
1223 5329 1410 5393 Pater,
1443 5346 1559 5383 mea
1591 5336 1800 5383 sunt!»

504 5538 587 5605 Ea:
608 5539 789 5601 eodem
818 5538 953 5595 libro
979 5538 1039 5622 in
1070 5556 1134 5594 ea
1182 5540 1371 5621 verba:
1414 5558 1432 5591 ι
1475 5538 1540 5592 Et
1572 5540 1752 5601 omnia
1784 5540 1929 5595 dedit

972 5627 1028 5664 ιη
1055 5626 1215 5664 manu
1252 5626 1389 5679 ejus.
1436 5630 1454 5662 ι

497 5702 617 5758 Non
648 5704 771 5759 ideo
819 5705 1023 5759 dicitur
1057 5702 1230 5760 Filius
1265 5720 1293 5756 a
1327 5701 1489 5758 Patre
1516 5706 1815 5775 accepisse,
1857 5706 2002 5775 quod

428 5808 586 5865 antea
612 5812 726 5859 non
757 5798 1026 5853 habuerit.
1054 5797 1229 5862 liabet
1247 5800 1391 5863 enim
1415 5796 1758 5863 naturalita.
1782 5816 1907 5860 cum
1932 5802 2003 5861 sit

498 5902 512 5933 ⁸
552 5898 713 5965 Joau.
751 5915 883 5955 xm.
921 5901 971 5958 l.
1052 5902 1071 5932 ¹
1111 5902 1331 5971 Isara,
1364 5903 1469 5973 t5;
1508 5906 1663 5961 Itoni.
1702 5923 1776 5973 ιι,
1807 5908 1894 5962 δι.
1975 5906 1979 5934 ³

2089 5904 2193 5960 ἔοι.
2230 5908 2412 5974 11,10.

2088 4610 2375 4681 λαμϐάνεισ
2418 4628 2437 4661 ι
2474 4611 2683 4664 Ἐκεῖνο
2723 4610 2853 4683 γάρ,
2894 4612 3078 4682 φησὶν,
3109 4610 3167 4677 ἐξ
3198 4612 3332 4679 ἐμοῦ
3364 4611 3594 4683 λήψεται
3616 4629 3628 4643 ο
3652 4630 3668 4663 ι

2091 4702 2208 4766 πῶς
2243 4704 2271 4754 6
2305 4702 2475 4771 Λόγος
2502 4703 2707 4772 ἀγνοεῖ,
2732 4703 2761 4756 ὀ
2789 4703 2880 4757 τοῦ
2914 4703 3091 4757 πάντα
3121 4702 3320 4767 εἰδότος
3362 4704 3675 4775 Πνεῦματος

2092 4795 2361 4865 χηρηγόςς

2114 4889 2209 4941 Ἐκ
2242 4885 2347 4941 τοῦ
2376 4887 2563 4961 αὐτοῦ
2584 4886 2832 4961 ,βιϐλίου
2860 4889 2947 4961 εἰς
2970 4887 3114 4961 ’τόχι
3141 4888 3281 4957 Περὶ
3316 4889 3427 4960 τῆς
3460 4890 3679 4961 ἡμέρας

2490 4957 2732 5025 ἐκείνης
2788 4958 2885 5010 καὶ
2923 4956 3031 5026 τῆς
3058 4956 3233 5028 ὦραςζ
3268 4979 3286 5011 ι

2178 5053 2237 5106 Εἰ
2265 5054 2446 5111 πάντα
2490 5053 2591 5107 ὅσα
2635 5054 2750 5122 ἔχει
2781 5053 2809 5106 6
2838 5054 3030 5126 Πατὴρ
3066 5052 3161 5111 τοῦ
3202 5052 3333 5111 Υίοῦ
3370 5054 3512 5120 ιστι,
3543 5056 3679 5109 καθά

2106 5164 2273 5216 φησιν
2298 5148 2484 5215 αὐτὸς,
2504 5148 2617 5218 ἔχει
2642 5147 2696 5201 δὲ
2728 5150 2755 5201 6
2783 5148 2972 5217 Πατὴρ
2995 5146 3090 5219 τὴν
3121 5149 3324 5214 γνῶσιν
3347 5147 3451 5218 τῆς
3472 5148 3683 5218 ἡμέρας

2108 5239 2332 5306 καὶτῆς
2369 5238 2518 5309 ὥρας
2553 5239 2791 5307 ἐκείνης,
2824 5236 2939 5307 ἔχει
2978 5238 3226 5309 δηλονότι
3273 5239 3489 5309 ταύτην
3536 5240 3630 5291 καὶ
3657 5240 3682 5290 6

2110 5331 2259 5396 Υἱός.
2287 5332 2446 5385 υῦτω
2480 5332 2589 5403 γὰρ
2617 5332 2912 5401 ἀληθεύσει
2940 5334 3113 5401 λέγων
3137 5349 3152 5363 ο
3182 5350 3203 5393 ι
3231 5331 3418 5388 Πάντα
3448 5333 3552 5389 ὅσα
3577 5334 3681 5404 ἔχει

2110 5429 2139 5481 6
2168 5427 2377 5499 Πατὴρ,
2409 5428 2519 5496 ἐμά
2550 5430 2719 5482 ἐστιν.
2760 5446 2779 5481 ι

2115 5539 2226 5596 Τοῦ
2259 5541 2450 5595 αὐτοῦ
2467 5539 2714 5603 βιϐλίου
2740 5543 2831 5605 εὶς
2858 5542 2927 5594 τό
2947 5557 2959 5570 ·
2998 5560 3017 5593 ι
3050 5540 3160 5595 Καὶ
3193 5541 3397 5599 πάντα
3426 5540 3672 5597 δέδωκεν

2568 5611 2638 5668 ἐν
2663 5610 2736 5685 τῇ
2768 5611 2921 5681 χειρὶ
2956 5612 3164 5673 αὐτοῦ.
3208 5631 3227 5665 ι

2179 5707 2254 5760 Οὐ
2289 5706 2381 5760 διὰ
2427 5707 2488 5759 τὸ
2535 5706 2609 5776 μὴ
2652 5705 2800 5775 ἔχειν
2852 5708 2880 5759 6
2929 5706 3076 5769 Υἱὸς,
3126 5706 3412 5777 εἰληφέναι
3468 5706 3678 5775 λέγεται

2086 5799 2263 5870 ,παρά
2288 5800 2382 5851 τοῦ
2409 5799 2643 5869 Πατρός.
2663 5801 2817 5871 Ἔχει
2839 5802 2946 5870 γάρ
2973 5800 3241 5867 φυσικῶς,
3263 5800 3393 5863 ἴδιος
3417 5800 3495 5859 ὢν
3518 5795 3677 5857 αὑτοῦ

2491 5907 2690 5970 ‘Joan.
2726 5926 2838 5979 χιιι,
2870 5911 2955 5971 14.
3059 5908 3235 5985 είιηιιν
3274 5901 3363 5964 15.
