3920 6552
508 352 619 417 639

1732 352 2118 416 EUTHYMH
2163 350 2533 416 ZIGABENI

3657 350 3761 416 650

508 466 674 522 ﬁcare
698 463 799 522 soli
824 463 934 520 Deo
950 464 1227 529 convenit,
1254 462 1520 535 justiﬁeat
1573 473 1755 520 autem
1795 464 2065 528 Christus,

2182 472 2328 520 καιοῖ
2356 469 2413 521 δὲ
2455 469 2599 536 Χρισ
2632 466 2712 529 ὸς,
2746 465 2862 531 πῶς
2893 465 2996 521 οὔκ
3033 464 3152 520 ἐστι
3207 463 3373 535 φύσει
3405 463 3581 530 Cede;
3612 465 3672 518 ΕΞ
3706 467 3761 518 li

503 557 777 629 quomodo
810 572 915 612 non
944 557 1047 611 erit
1070 567 1264 610 natura
1282 555 1464 611 Deus?
1494 558 1583 622 At,
1616 559 1663 612 si
1690 558 1792 611 hoc
1816 568 1922 621 est,
1942 572 2079 626 quo-

506 649 669 704 modo
700 662 809 702 non
848 648 919 703 sit
947 648 1244 703 creatura?

572 740 773 794 Paulus
794 740 1000 794 alicubi
1048 740 1114 794 de
1162 749 1385 810 parente
1435 751 1626 795 nostro
1670 740 1946 796 Abraham
1998 742 2073 796 ita

502 831 675 887 dicit:
714 849 735 884 ι
765 834 869 899 Qui
900 841 987 889 est
1024 843 1176 903 pater
1228 831 1477 888 omnium
1526 844 1799 899 nostrum,
1850 845 1913 887 ut
1937 835 2075 888 scri-

503 925 650 978 hitur
679 925 696 955 ¹
726 941 742 978 :
777 925 904 993 quia
938 924 1150 979 Patrem
1186 925 1479 981 multarum
1511 926 1754 996 gentium
1807 927 1963 995 posui
2018 936 2072 981 te

502 1029 688 1070 coram
731 1014 840 1068 Deo
878 1019 973 1083 qui
1024 1014 1266 1069 viviﬁcat
1300 1025 1546 1070 mortuos
1577 1017 1619 1068 ³.
1657 1034 1677 1068 ι
1717 1016 1852 1071 Cum
1907 1017 2075 1085 igitur

502 1103 646 1160 Deus
673 1105 887 1160 dicatur
913 1105 1190 1161 viviﬁcare
1222 1106 1490 1175 mortuos,
1529 1123 1765 1179 cumque
1799 1106 1970 1164 Filius
1993 1108 2077 1162 di-

500 1207 626 1252 cat:
668 1216 688 1251 ι
723 1198 832 1269 Ego
854 1214 976 1255 sum
1001 1199 1110 1253 vita
1129 1209 1152 1242 ³
1182 1220 1202 1253 ι
1230 1211 1305 1268 et,
1335 1220 1351 1253 ι
1378 1200 1479 1268 Qui
1499 1202 1674 1257 credit
1697 1205 1749 1256 in
1776 1219 1878 1269 me,
1915 1204 2075 1258 habet

500 1288 666 1344 vitam
696 1300 1042 1357 aternam,et
1066 1305 1167 1362 ego
1188 1295 1528 1348 t'esuscitaho
1549 1310 1674 1348 eum
1700 1294 1755 1348 in
1772 1296 2076 1352 novissimo

2177 561 2356 623 τοῦτο,
2388 560 2449 611 οὐ
2478 561 2686 628 ποῖημα
2711 575 2726 627 ;

2243 742 2381 810 Φησί
2424 756 2525 794 που
2565 740 2727 795 πάλιν
2754 742 2783 794 6
2817 740 3031 803 Παῦλος
3096 741 3225 811 περὶ
3280 739 3375 795 τοῦ
3411 741 3765 813 προπάτορος

2172 835 2331 905 ήμῶν
2359 834 2618 904 Ἀδραὰμ
2637 850 2651 864 ·
2679 851 2698 885 ι
2727 832 2827 897 Ὃς
2854 836 2972 886 ἐστι
3000 834 3188 904 πατὴρ
3212 834 3431 888 πάντων
3458 834 3640 904 ἡμῶν,
3666 851 3768 887 κα·-

2170 925 2280 988 θὼς
2308 928 2621 994 γέγραπται
2640 963 2658 988 ,
2712 924 2797 977 ὸτι
2829 922 3050 992 Πατέρα
3076 923 3292 976 πολλῶν
3322 924 3499 977 ἐθνῶν
3530 924 3763 978 τέθεικά

2170 1033 2229 1070 σε
2260 1017 2549 1070 κατέναντι
2575 1015 2713 1069 Θεοῦ
2747 1015 2843 1068 τοῦ
2866 1015 3261 1078 ζωοποιοῦντος
3286 1018 3416 1079 τοὺς
3447 1016 3707 1085 νεκρούς.
3734 1035 3755 1067 ι

2170 1106 2307 1162 Θεοῦ
2334 1106 2629 1177 τοιγαροῦν
2665 1106 2955 1173 ζωογονεῖν
3000 1104 3131 1168 τοὺς
3179 1107 3409 1175 νεκροὺς
3440 1105 3766 1175 λεγομένου,

2172 1197 2293 1256 εῐτα
2318 1200 2415 1254 τοῦ
2444 1199 2576 1253 Υίοῦ
2608 1200 2913 1269 φάσκοντος
2936 1214 2952 1231 ο
2982 1217 3002 1250 ι
3031 1198 3174 1267 Ἐγώ
3203 1201 3319 1268 ειμι
3345 1200 3379 1269 ή
3407 1197 3524 1268 ζωή
3551 1215 3566 1230 ι
3599 1215 3619 1249 ι
3660 1197 3769 1250 πάο

2174 1294 2280 1358 λιν,
2309 1312 2326 1346 ι
2372 1293 2430 1346 '0
2452 1290 2727 1345 πιστεύων
2751 1291 2833 1353 εις
2866 1290 2987 1360 ἐμὲ,
3013 1289 3127 1360 ἔχει
3159 1289 3308 1362 ζωήν
3334 1288 3584 1354 αἰώνιον,
3604 1289 3765 1356 κάγὼ

495 1385 627 1441 die‘
672 1402 689 1449 ;
743 1402 762 1436 ι
815 1395 871 1438 et
922 1398 1135 1438 rursum
1180 1397 1197 1435 :
1251 1399 1270 1433 ι
1323 1380 1434 1450 Ego
1480 1395 1600 1435 sum
1655 1384 1982 1437 resurrectio
2027 1395 2065 1437 et

2183 1386 2475 1460 ἀναστήσω
2505 1388 2669 1442 αὑτὸν
2706 1390 2764 1441 ἐν
2793 1389 2861 1459 τῇ
2897 1387 3102 1459 ἐσχάτῃ
3136 1389 3351 1462 ήμέρᾳ·
3396 1408 3416 1443 ι
3458 1391 3555 1445 καὶ
3584 1392 3771 1457 πάλιν,

495 1478 605 1533 vita
647 1483 706 1544 ’ς
748 1496 767 1531 ι
805 1477 928 1546 quis
967 1492 1072 1531 non
1112 1474 1458 1535 conﬁteatur,
1493 1473 1654 1529 modo
1693 1489 1841 1530 sana:
1880 1475 2080 1532 mentis

496 1572 597 1637 sit,
627 1572 801 1639 ipsum
830 1585 892 1624 ex
923 1568 1158 1624 essentia
1192 1567 1373 1622 Patris
1401 1581 1554 1633 esse,
1586 1568 1865 1637 proprium
1895 1582 1959 1620 ac
1985 1582 2079 1622 ve.

497 1678 617 1717 rum
650 1662 819 1733 ipsius
849 1661 1075 1729 Filium,
1104 1675 1291 1715 omnes
1320 1659 1498 1714 Patris
1529 1659 1885 1729 preprietates
1913 1669 2075 1713 natu-

2188 1496 2207 1529 ι
2255 1479 2397 1547 Ἐγὼ
2435 1481 2550 1551 είμι
2581 1482 2614 1551 ἡ
2643 1481 2941 1545 ἀνάστασις
2973 1481 3069 1534 καὶ
3116 1484 3150 1553 ή
3205 1479 3357 1554 ζωή·
3397 1503 3417 1535 ι
3467 1484 3550 1546 τίς
3572 1484 3675 1537 οὐκ
3714 1485 3773 1537 ἂν

2183 1568 2605 1641 ὁμολογήσειεν,
2670 1571 2724 1623 εί
2755 1588 2819 1639 γε
2876 1571 3002 1625 νοῦν
3056 1571 3204 1643 ἐχοι,
3235 1574 3336 1643 τῆς
3389 1574 3583 1636 οὐσίας
3610 1574 3773 1627 αὑτὸν

2183 1659 2449 1731 ὑπάρχειν
2476 1662 2576 1733 τῆς
2595 1660 2689 1714 τοῦ
2724 1663 2936 1732 Πατρὸς
2982 1663 3205 1732 γνήσιόν
3233 1680 3294 1716 τε
3348 1664 3444 1717 καὶ
3470 1664 3771 1734 ἀληθέσταο

498 1754 685 1810 raliter
724 1756 776 1809 in
820 1769 879 1810 se
919 1755 1256 1826 gestantem?
1298 1752 1453 1820 Quod
1490 1753 1537 1808 si
1579 1768 1762 1808 verum
1804 1762 1910 1819 est,
1950 1768 2065 1825 erg:

2180 1768 2273 1805 τον
2301 1753 2567 1825 γέννημα,
2599 1754 2775 1808 πάντα
2797 1755 2962 1826 φέρον
2985 1755 3043 1807 ἐν
3076 1755 3253 1826 ἐαυτῷ
3302 1756 3547 1824 φυσικῶς
3580 1757 3651 1807 τὰ
3683 1755 3769 1807 τοῦ

499 1847 641 1903 Deus
668 1863 734 1902 ex
766 1846 876 1903 Deo
904 1858 1016 1915 est,
1047 1862 1157 1903 non
1182 1861 1313 1902 vero
1341 1861 1478 1915 opus
1504 1846 1587 1901 vel
1616 1857 1885 1901 creatura.

569 2020 769 2074 Paulus
787 2021 1089 2076 divinorum
1127 2038 1453 2080 arcanorum
1479 2028 1984 2083 administratorem
2011 2044 2079 2085 ac

496 2114 801 2170 ministrum
841 2114 1077 2181 seipsum
1112 2130 1238 2181 csse
1266 2116 1591 2174 declarans:
1627 2137 1645 2169 ι
1674 2118 1969 2184 Audacius,
1995 2118 2080 2174 in-

496 2205 635 2274 quit,
659 2205 855 2274 scripsi
886 2205 1040 2260 vobis
1068 2222 1136 2262 ex
1160 2217 1313 2277 parte
1340 2209 1392 2262 in
1436 2210 1751 2264 memoriam
1793 2225 1889 2266 vos
1920 2211 2080 2267 redu-

497 2311 628 2350 cens
664 2313 759 2366 per
788 2298 1019 2365 gratiam
1055 2298 1241 2353 datam
1273 2299 1404 2353 mihi
1433 2314 1464 2353 a
1488 2300 1620 2366 Deo,
1651 2308 1710 2355 ut
1754 2318 1931 2359 essem
1972 2304 2077 2358 mi-

495 2389 669 2441 nister
695 2386 824 2442 Jesu
848 2388 1051 2443 Christi
1086 2390 1154 2443 ad
1180 2401 1403 2459 gentes,
1460 2393 1778 2450 ininistrans
1830 2395 2077 2466 Evange-

495 2480 628 2533 lium
660 2479 775 2543 Dei,
817 2490 872 2533 ut
906 2482 1000 2536 iiut
1037 2482 1243 2537 oblatio
1264 2484 1505 2553 gentium
1544 2486 1910 2555 acceptabilis,
1948 2502 2076 2543 san-

496 2568 733 2623 ctiﬁcata
762 2569 813 2622 in
844 2570 1050 2639 Spiritu
1079 2582 1273 2630 sancte
1313 2567 1354 2624 '.
1400 2591 1419 2624 ι
1460 2574 1597 2629 Ecce
1621 2576 1783 2629 etiam
1817 2577 1905 2633 hic
1953 2592 2072 2632 ma-

494 2659 693 2714 nifeste
718 2675 776 2714 se
805 2676 901 2729 per
953 2662 1183 2731 gratiam
1244 2662 1477 2718 aﬂlrmat
1541 2680 1570 2718 a
1630 2668 1739 2721 Deo
1796 2668 2074 2739 accepisse

493 2749 635 2816 quod
674 2749 747 2802 sit
776 2749 1166 2805 ministerlesu
1194 2750 1421 2808 Christi.
1453 2753 1655 2811 Deinde
1683 2758 1821 2812 sacri
1856 2760 1939 2813 sui
1968 2761 2070 2814 mi-

492 2841 701 2896 nisterii
724 2842 989 2898 rationem
1019 2844 1327 2912 declarans,
1356 2866 1373 2897 ι
1410 2849 1462 2903 in
1484 2848 1853 2919 Evangelium,
1873 2851 2068 2921 inquit,

492 2935 586 2989 Dei
640 2935 660 2966 ⁷
692 2976 705 2990 .
744 2953 763 2986 ι
823 2936 984 3005 Atqui
1014 2936 1289 2992 Christum
1328 2937 1511 2994 Jesum
1560 2942 1864 3010 praedicans
1907 2954 2069 3015 atque

490 3026 979 3094 evangelizans,ita
1004 3028 1152 3083 novit
1171 3027 1368 3083 Filium
1395 3031 1713 3087 naturaliter
1740 3037 1904 3087 Deum
1926 3048 2065 3091 esse.

2177 3045 2327 3113 φησὶ,
2354 3045 2446 3099 τοῦ
2484 3046 2641 3101 Θεοῦ.
2671 3066 2690 3100 ι
2727 3026 2919 3103 καίτοι
2948 3053 3181 3123 Χριστὸν

2179 1844 2544 1915 γεννήσαντος
2575 1845 2713 1911 tota;
2744 1847 2807 1899 Εί
2831 1847 2889 1899 δέ
2918 1847 3096 1909 τοῦτο,
3123 1845 3255 1910 Θεὸς
3283 1849 3388 1917 ἄρα
3411 1848 3471 1900 τὸ
3502 1850 3565 1901 ἐκ
3590 1845 3732 1899 Θεοῦ
3754 1888 3765 1909 ,

2179 1936 2275 1989 καὶ
2299 1938 2359 1991 σι’·
2395 1937 2598 2005 κτίσμα
2628 1939 2660 2008 ἢ
2691 1938 2920 2009 ποίημα.

2250 2036 2375 2091 Τῶν
2430 2035 2589 2091 θείων
2631 2041 2948 2111 μυστηρίων
2981 2044 3264 2115 οἰκονόμον
3303 2045 3395 2098 καὶ
3451 2046 3768 2119 λειτουργὸν

2178 2124 2373 2180 ἑαυτὸν
2400 2127 2762 2181 ἀναδεικνύων
2790 2130 2819 2182 6
2848 2130 3078 2197 Παῦλος,
3143 2153 3163 2186 ι
3202 2134 3623 2209 Τολμηρότερον
3676 2141 3763 2205 δὲ,

2180 2221 2367 2292 φησὶν,
2390 2219 2606 2296 ἔγραψα
2635 2223 2763 2295 ύμῖν
2784 2225 2891 2279 ἀπὸ
2916 2227 3139 2299 μέρους,
3161 2230 3236 2294 ὡς
3263 2232 3766 2305 ἐπαναμιμνήσκων

2181 2311 2325 2383 ὑμᾶς
2364 2313 2450 2368 διὰ
2485 2313 2583 2385 τὴν
2612 2316 2773 2387 χάριν
2794 2318 2894 2389 τὴν
2920 2318 3166 2375 δοθεῖσάν
3198 2339 3289 2392 μοι
3321 2324 3427 2377 ὑπὸ
3460 2325 3556 2379 τοῦ
3600 2328 3763 2392 Θεοῦ,

2175 2404 2255 2467 εἰς
2276 2404 2336 2457 τὸ
2355 2400 2495 2459 εἷναί
2528 2424 2597 2478 με
2628 2407 2940 2479 λειτουργὸν
2971 2411 3146 2483 Ἰησοῦ
3164 2415 3427 2486 Χριστοῦ,
3450 2420 3532 2481 είς
3549 2420 3625 2471 τὰ
3647 2420 3761 2491 ἔθνη

2178 2494 2562 2566 ἱερουργοῦντα
2590 2496 2651 2551 τὸ
2684 2498 3016 2570 Εὑαγγέλιον
3048 2502 3142 2556 τοῦ
3175 2503 3332 2571 Θεοῦ,
3362 2508 3450 2561 ῐνα
3484 2509 3762 2582 γένηταιή

2173 2586 2464 2658 προσφορά
2513 2589 2622 2642 τῶν
2674 2589 2842 2644 ἐθνῶν
2888 2593 3287 2664 εὐπρόσδεκτος
3350 2599 3665 2670 ἡγιασμένη
3711 2605 3761 2653 ἐν

2173 2678 2453 2751 Πνεύματι
2477 2681 2636 2752 ἁγίῳ.
2664 2702 2684 2734 ι
2717 2683 2847 2738 Ἰδοὺ
2876 2685 3037 2739 πάλιν
3060 2688 3247 2743 ἐνθάδε
3276 2692 3465 2760 σαφῶς
3485 2693 3759 2764 εἰληφέναι

2175 2769 2274 2839 μὲν
2312 2772 2370 2822 ἐν
2396 2772 2616 2843 χάριτος
2661 2773 2818 2844 μέρει
2852 2777 3005 2849 παρὰ
3038 2778 3134 2832 τοῦ
3182 2781 3317 2835 Θεοῦ
3374 2783 3759 2856 διῖσχυρίξεται

2169 2860 2231 2912 τὸ
2259 2857 2398 2915 εἶναι
2437 2862 2750 2935 λειτουργὸς
2778 2866 2953 2938 Ἰησοῦ
2969 2870 3227 2940 Χριστοῦ.
3254 2870 3389 2927 Είτα
3415 2876 3515 2948 τῆς
3550 2878 3759 2950 ἱερουρ-

2169 2951 2293 3019 γίας
2326 2954 2416 3006 τὸν
2456 2955 2659 3026 τρόπον
2696 2957 3083 3030 ἐξηγούμενος,
3122 2981 3141 3014 ι
3181 2964 3261 3028 είς
3300 2965 3363 3019 τὸ
3388 2966 3755 3036 Εὐαγγέλιον,

3235 3056 3443 3127 Ἰησοῦν
3473 3061 3756 3131 κηρύσσων

487 3113 674 3184 Neque
717 3117 861 3171 enim
923 3120 1250 3175 noruinasset
1311 3119 1502 3185 Deum,
1542 3123 1632 3191 qui
1684 3124 1734 3177 id
1768 3139 1832 3179 ex
1876 3135 2065 3183 natura

2177 3135 2261 3186 καὶ
2285 3136 2787 3210 εὐαγγελιζόμενος,
2813 3113 3126 3206 οὓτως-ὀἶδε
3149 3113 3310 3216 φύσεί
3340 3149 3473 3205 Θεὸν

488 3221 587 3260 sua
615 3222 721 3262 non
744 3219 883 3263 esset
908 3225 923 3274 ;
962 3224 1137 3278 neque
1169 3210 1273 3266 hac
1302 3212 1369 3267 de
1401 3228 1458 3267 re
1488 3224 1768 3285 tantopere
1807 3217 2067 3287 gloriare-

490 3306 578 3350 tur
651 3297 840 3354 dicens
887 3317 902 3353 :
950 3319 968 3352 ι
1005 3298 1405 3371 Beneplacitum
1462 3305 1566 3359 fuit
1636 3307 1746 3365 Deo
1822 3310 2064 3368 revelare

487 3385 683 3445 Filium
715 3401 871 3442 suum
903 3403 1001 3458 per
1046 3404 1131 3445 me
1202 3399 1261 3461 ι,
1283 3409 1302 3443 ι
1336 3393 1382 3449 si
1412 3406 1662 3452 creatura
1688 3408 1742 3454 et
1766 3413 1902 3471 opus
1930 3399 2065 3458 fuis-

560 3578 622 3633 Si
638 3581 771 3633 enim
789 3582 1937 3658 cognovissent,inquit,nunquamDomiuum
1952 3592 2062 3662 glo-

406 3676 416 3684 '
487 3674 583 3728 rice
600 3672 981 3740 cruci/icium!
998 3680 1042 3741 ';
1064 3678 1107 3730 si
1127 3677 1313 3747 gloria
1330 3679 1593 3737 Dominus
1611 3697 1752 3747 esse,
1779 3685 1871 3754 qui
1899 3686 2055 3741 cruci

485 3757 706 3814 sumxus
746 3759 850 3816 fuit
896 3775 995 3831 pro
1047 3764 1226 3829 nobis,
1273 3762 1542 3834 quomodo
1594 3786 1698 3825 non
1750 3783 1804 3826 et
1856 3781 2050 3828 natura

486 3852 625 3905 Deus
658 3853 780 3908 est?
802 3854 908 3907 Aut
935 3860 1206 3925 quomodo
1235 3868 1472 3925 creatus,
1498 3871 1592 3915 aut
1626 3861 1801 3918 factus
1826 3875 1906 3919 est
1936 3864 2046 3927 ille.

482 3960 641 4004 αιιειιι
678 3945 961 4017 Seraphim
1013 3949 1329 4018 decantauit,
1374 3963 1427 4009 et
1468 3955 1771 4024 celebrant,
1806 3956 2051 4015 dicentes

484 4036 700 4104 plenum
734 4052 854 4093 esse
878 4041 1098 4105 coelum,
1125 4053 1177 4096 et
1217 4053 1415 4099 terram
1443 4046 1617 4115 gloria
1642 4046 1783 4118 ejus,
1820 4064 2052 4121 eumque

485 4127 769 4182 Dominum
813 4129 1050 4187 Sabaoth
1095 4134 1426 4203 appellantes
1458 4139 1525 4193 ³⁸.
1577 4138 1711 4195 Nam
1742 4144 1883 4214 quod
1935 4145 2050 4201 haec

482 4220 547 4272 de
577 4220 691 4289 ipso
715 4222 917 4288 dicant,
944 4239 1049 4280 non
1070 4236 1154 4280 est
1179 4226 1421 4296 dubium,
1446 4230 1728 4301 siquidem,
1766 4241 1823 4289 ut
1850 4233 2050 4293 Paulus

482 4312 578 4375 ait,
612 4321 695 4365 est
723 4313 905 4382 gloria:
939 4315 1217 4374 Dominus.

2168 3224 2316 3313 λ’ἱόν.
2351 3228 2427 3279 Οὐ
2457 3228 2566 3299 γὰρ
2596 3230 2661 3283 ἂν
2694 3230 2947 3303 ὠνόμασε
2977 3234 3111 3288 Θεὸν
3136 3237 3214 3310 μὴ
3242 3239 3401 3295 τοῦτο
3428 3244 3573 3297 κατὰ
3600 3246 3753 3313 φύσιν

2166 3311 2501 3383 ὑπάρχονταο
2521 3316 2630 3368 οὐδ’
2652 3316 2719 3371 ἂν
2742 3318 2828 3389 ἐφ’
2856 3320 3038 3392 ἐαυτῷ
3078 3324 3213 3379 πολὺ
3247 3326 3367 3382 λίαν
3414 3311 3753 3405 ἐκαυχήσατο

2162 3402 2387 3474 λέγων,ι
2416 3406 2722 3481 Εὐδόκησεν
2746 3412 2774 3465 6
2804 3412 2936 3477 Θεὸς
2953 3415 3303 3487 ἀποκαλύψαι
3331 3420 3424 3475 τὸν
3439 3402 3747 3483 Υίὸνναύτοῦ

2162 3495 2230 3550 δι’
2269 3497 2427 3566 ἐμοῦ,
2465 3518 2482 3551 ι
2517 3499 2679 3571 εἴπερ
2723 3497 2791 3573 ἧν
2826 3504 3030 3577 κτίσμα
3067 3508 3162 3561 καὶ
3195 3510 3426 3582 ποίημα.

2254 3594 2318 3648 ει
2334 3593 2441 3662 γὰρ
2459 3594 2755 3665 ἔγνωσαν,
2771 3600 2958 3669 φησὶν,
2975 3602 3087 3656 οὐκ
3106 3602 3521 3675 ἀκτὰ-Κύριον
3538 3607 3645 3676 τῆς
3655 3608 3746 3663 δό-

2179 3682 2293 3752 ξης
2312 3684 2726 3757 ἐσταύρωσαν.
2749 3689 2962 3746 Οὐκοῦν
2988 3694 3035 3746 εί
3066 3695 3167 3763 τῆς
3190 3696 3347 3770 δόξης
3373 3699 3578 3770 Κύριός
3608 3704 3746 3756 ἐστιν

2178 3777 2206 3828 6
2244 3777 2333 3830 τὸν
2368 3779 2601 3851 σταυρὸν
2633 3779 2935 3851 ὑπομείνας
2963 3786 3104 3857 ὑπὲρ
3132 3788 3293 3859 ήμῶν
3322 3790 3472 3857 Υίὸς,
3505 3794 3622 3857 πῶς
3650 3795 3744 3847 οὐκ

2178 3866 2294 3921 ἔστι
2340 3867 2499 3937 φύσει
2541 3868 2705 3937 Θεός;
2749 3873 2865 3936 πῶς
2903 3873 2961 3928 δέ
2994 3874 3218 3947 κτίσμα,
3259 3880 3293 3950 ή
3339 3882 3551 3952 ποίημα
3592 3884 3622 3938 ό
3658 3884 3744 3938 καὶ

2179 3956 2284 4009 ὑπὸ
2307 3958 2415 4013 τῶν
2439 3958 2690 4032 Σεραφὶμ
2714 3962 3082 4034 ὑμνούμενοςς
3112 3967 3295 4041 πλήρη
3323 3970 3433 4043 γὰρ
3460 3970 3597 4027 εἷναί
3616 3991 3739 4045 φασι

2178 4050 2269 4139 τόν
2298 4066 2359 4102 τε
2388 4050 2620 4121 οὐρανὸν
2639 4094 2654 4118 ,
2693 4055 2789 4108 καὶ
2824 4055 2923 4127 τήν
2957 4062 3062 4130 γῆν
3100 4060 3199 4139 τῆς
3226 4061 3385 4135 δόξης
3415 4065 3581 4119 αὑτοῦ
3602 4107 3618 4131 ,
3654 4068 3767 4122 καὶ.

2179 4138 2384 4211 Κύριον
2415 4140 2642 4195 Σαϐαὼθ
2665 4144 3013 4213 ὀνομάζουσι.
3043 4138 3214 4221 Δῆλον
3238 4154 3368 4223 γάρ,
3397 4156 3478 4210 ὅτι
3500 4160 3625 4223 περὶ
3650 4160 3740 4211 αὖ·

2177 4231 2271 4286 τοῦ
2304 4233 2372 4289 τά
2399 4233 2627 4288 τοιαῦτά
2655 4252 2854 4305 φασιν,
2885 4240 3048 4313 εὶπέρ
3075 4244 3189 4297 ἐστι
3228 4247 3329 4316 τῆς
3362 4248 3521 4322 δόξης
3550 4251 3737 4321 Κύριος

2178 4327 2320 4381 κατὰ
2340 4325 2440 4396 τήν
2469 4327 2564 4381 τοῦ
2593 4328 2807 4384 Παύλου
2835 4334 3045 4405 φωνήν.

559 4425 579 4459 ι
620 4406 940 4477 lta,inquit,
976 4422 1073 4464 nos
1102 4408 1378 4463 existimet
1433 4407 1599 4465 homo
1666 4418 1725 4464 ut
1780 4410 2060 4468 ministros

2241 4425 2263 4460 ι
2314 4408 2502 4474 Οῦτω,
2558 4413 2746 4482 φησὶν,
2795 4415 2944 4487 ἡμᾶς
2997 4419 3301 4488 λογιζέσθω
3357 4423 3635 4497 ἄνθρωπος
3664 4423 3734 4487 ὡς

482 4496 709 4563 Christi,
742 4507 797 4553 et
824 4499 1227 4568 dispensatores
1259 4500 1642 4569 mysteriorum
1696 4502 1789 4557 Dei
1844 4502 1909 4558 “'.
1947 4522 1967 4555 ι
1999 4502 2057 4558 Si

482 4603 611 4658 ergo
647 4590 963 4661 mysterium
994 4589 1135 4653 Filii,
1174 4591 1491 4660 mysterium
1532 4591 1623 4646 Dei
1655 4590 1853 4648 Paulus
1877 4603 2055 4661 vocat,

482 4682 752 4749 quomodo
779 4696 883 4737 non
910 4680 1016 4735 erit
1051 4690 1248 4734 natura
1284 4681 1445 4747 Deus,
1475 4691 1569 4736 aut
1615 4684 1888 4752 quomodo
1906 4699 2057 4740 crea-

485 4775 619 4826 turis
675 4771 1124 4828 annumerabitur
1170 4772 1237 4829 is‘
1280 4775 1366 4829 cui
1429 4775 1658 4843 apostoli
1708 4776 2057 4831 ministrant?

483 4863 763 4929 Quomodo
798 4873 978 4917 autem
1012 4880 1116 4920 non
1158 4880 1345 4919 verum
1395 4867 1557 4934 dicat,
1594 4866 1686 4921 Dei
1739 4867 2056 4937 mysterium

484 4954 761 5023 appellans
789 4952 1137 5026 Evangelinm
1182 4955 1409 5023 Christi,
1442 4958 1643 5027 quique
1667 4973 1859 5027 magna
1892 4957 2058 5013 animi

487 5046 679 5098 ﬁducia
734 5046 908 5100 dixit;
944 5064 963 5098 ι
997 5046 1105 5116 Ego
1134 5048 1277 5101 enim
1330 5065 1434 5103 non
1488 5050 1666 5118 accepi
1724 5052 1790 5102 ab
1819 5050 2056 5116 homine,

486 5138 868 5205 neqnetloctus
899 5141 1148 5204 sum,scd
1186 5158 1213 5193 a
1244 5140 1350 5196 Deo
1373 5138 1457 5194 “1
1484 5163 1501 5194 ι
1536 5145 1667 5196 Cum
1693 5142 1856 5210 igitur
1884 5158 1913 5196 a
1949 5143 2059 5198 Deo

483 5233 730 5295 edoctus,
757 5231 950 5286 Filium
983 5233 1146 5287 Deum
1178 5250 1297 5289 esse
1326 5242 1605 5304 agnoscat,
1629 5235 1750 5303 quis
1777 5236 2059 5293 hmreticos

485 5324 705 5378 audiat?

561 5507 580 5539 ι
618 5487 906 5555 Quocirca,
942 5488 1143 5559 inquit.
1184 5489 1355 5544 nolite
1386 5500 1517 5547 ante
1570 5500 1787 5565 tempus
1840 5498 2049 5568 aliquid

481 5587 753 5657 judicare,
782 5584 958 5637 donec
981 5581 1189 5637 venerit
1214 5584 1495 5655 Dominus,
1535 5587 1628 5658 qui
1658 5588 2055 5648 etilluminahit

2163 4496 2445 4570 ὑπηρέτας
2465 4501 2727 4572 Χριστοῦ,
2760 4505 2855 4558 καὶ
2877 4508 3194 4581 οἰκονόμους
3218 4496 3533 4584 μυστηρίων
3556 4513 3694 4568 Θεοῦ.
3709 4532 3727 4564 ι

2162 4592 2226 4646 Εί
2258 4593 2438 4647 τοίνυν
2475 4595 2535 4648 τὸ
2566 4596 2695 4669 περὶ
2741 4596 2838 4650 τοῦ
2862 4599 2993 4653 Υίοῦ
3032 4603 3352 4675 μυστήριον,
3377 4604 3513 4659 Θεοῦ
3541 4605 3731 4677 μυστή-

2165 4701 2278 4754 ριον
2304 4686 2332 4737 6
2361 4684 2573 4750 Παῦλος
2606 4688 2894 4756 ἀποκαλεῖ,
2930 4691 3047 4757 πῶς
3081 4695 3179 4747 οὐκ
3208 4694 3359 4749 ἔσται
3394 4696 3551 4765 φύσει
3573 4696 3691 4758 Θεὸς
3710 4737 3725 4761 ,

2161 4770 2195 4842 ἢ
2236 4773 2354 4837 πῶς
2394 4777 2450 4828 ἐν
2484 4776 2755 4848 ποιήμασι
2788 4779 3129 4845 τετάξεταιὸ
3158 4783 3247 4837 διὰ
3286 4785 3396 4839 τῶν
3436 4786 3728 4840 ἀποστόλων

2159 4862 2633 4937 ὕπηρετούμενοςς
2668 4869 2795 4934 Πῶς
2849 4871 2906 4925 δὲ
2953 4873 3055 4925 οὐκ
3102 4875 3414 4947 ἀληθεύσει,
3456 4876 3586 4931 Θεοῦ
3635 4895 3727 4947 μυ·

2162 4956 2381 5025 στήριον
2406 4956 2688 5029 ὀνομάζων
2730 4962 2792 5015 τὸ
2845 4964 3179 5034 Εὑαγγέλιον
3231 4969 3507 5040 Χριστοῦ,
3539 4971 3565 5024 6
3603 4968 3724 5041 μετὰ

2159 5046 2361 5118 πολλῆς
2398 5052 2709 5123 παρρησίας
2737 5053 2928 5109 εἰπών’
2970 5077 2987 5109 ι
3012 5058 3146 5111 Οὐδὲ
3178 5059 3286 5131 γὰρ
3311 5061 3421 5131 ἐγὼ
3450 5063 3592 5134 παρά
3636 5061 3719 5113 ἀν-

2157 5136 2379 5209 θρώπου
2411 5141 2722 5213 παρέλαϐον
2763 5146 2915 5215 αὐτὸ,
2972 5149 3093 5202 οὐδὲ
3140 5151 3426 5223 ἐδιδάχθην
3450 5196 3464 5220 ,
3497 5154 3603 5208 ἀλλ’
3628 5151 3719 5206 ὑπὸ

2154 5227 2250 5280 τοῦ
2279 5228 2414 5284 Θεοῦ
2442 5231 2674 5303 δηλαδή;
2700 5252 2716 5285 ι
2754 5234 2883 5289 Ὅτε
2914 5237 3096 5291 τοίνυν
3123 5239 3463 5305 θεοδίδακτος
3496 5242 3585 5305 ὢν,
3601 5240 3717 5295 Θεὸν

2155 5313 2283 5369 ὅντα
2319 5318 2410 5370 τὸν
2432 5318 2561 5371 Υίὸν
2587 5322 2962 5391 ἐπιγινώσκει,
3000 5327 3083 5391 τίς
3115 5329 3227 5383 τῶν
3268 5331 3433 5404 ἐτερα
3461 5332 3713 5387 διδασκόν-

2156 5420 2262 5459 των
2289 5407 2538 5475 ἀνέξεται
2560 5428 2578 5477 ;

2236 5519 2255 5551 ι
2283 5500 2468 5565 Ὥστε,
2505 5499 2659 5571 φησὶ,
2707 5498 2784 5571 μὴ
2825 5500 2933 5571 πρὸ
2966 5503 3162 5571 καιροῦ
3197 5520 3251 5556 τι
3279 5504 3513 5575 κρίνετε,
3539 5504 3633 5567 ἕως
3651 5505 3715 5554 αν

2161 5593 2289 5666 ἔλθῃ
2319 5596 2346 5647 6
2378 5593 2605 5666 Κύριος,
2632 5594 2692 5660 ὃς
2720 5595 2815 5649 καὶ
2845 5595 3074 5665 φωτίσει
3124 5597 3193 5648 τὰ
3238 5598 3461 5669 κρυπτά
3488 5598 3573 5652 τοῦ
3603 5600 3710 5649 σκῖ-

561 5767 578 5843 ξ
608 5766 745 5824 Gen.
782 5785 912 5843 ξνιι,
1068 5771 1088 5801 ⁸
1120 5768 1275 5843 Rom,
1309 5767 1598 5843 ιι[,16,ί’7Σ
1674 5771 1694 5802 ⁸
1719 5769 1875 5843 JonAn.
1902 5773 2065 5843 τιν,ρί

2177 5771 2370 5826 ‘Joan.
2417 5787 2492 5831 vr.
2530 5772 2616 5829 40.
2695 5775 2717 5808 ⁵
2749 5774 3008 5841 Joan.vr,
3056 5774 3148 5833 25.
3191 5738 3389 5834 ‘IRom.
3436 5770 3701 5843 ιν,15.ίβ-

485 5841 507 5873 '
541 5835 700 5901 Rom.
726 5858 761 5907 ι,
791 5840 839 5894 l.
890 5837 1106 5895 ‘Galul.
1142 5855 1178 5905 ι,
1215 5838 1391 5894 lii-l6.
1468 5841 1487 5871 ⁹
1514 5838 1530 5892 l
1560 5838 1683 5895 Cor.
1719 5839 1865 5919 ιι,
1938 5843 1981 5873 ¹⁶
2008 5839 2065 5895 Πι

2177 5857 2270 5907 xu,
2304 5843 2394 5907 ‘3;

2472 5843 2576 5900 lsa.
2611 5863 2683 5912 vr,
2706 5847 2757 5901 5.
2802 5848 2834 5876 ¹¹
2865 5845 2883 5901 l
2918 5848 3124 5914 (ἰσων,
3160 5849 3208 5907 ί.
3291 5851 3333 5883 ¹¹
3364 5841 3531 5907 Calat.
3564 5863 3597 5911 ι,
3620 5841 3697 5897 l2.
