3920 6558
182 403 304 471 641

1165 406 1544 471 PANOPLIA
1587 406 2052 473 DOGMATICA.
2091 434 2156 448 -
2199 411 2350 473 TlT.
2392 410 2499 473 XI-

3355 410 3463 475 6i?

184 555 346 603 τους,
377 537 474 592 καὶ
515 535 821 608 φανερώσει
872 531 971 596 τάς
1021 531 1216 603 βουλὰς
1260 532 1370 586 τῶν
1400 531 1660 604 καρδιῶν,
1694 532 1790 586 καὶ

1909 539 2099 596 tcculta
2130 538 2498 601 tenebrarum,
2564 547 2618 591 et
2669 534 3037 595 manifestabit
3092 535 3317 594 consilia
3346 551 3471 595 cor-

184 630 325 684 τότε
356 633 384 684 6
416 630 637 691 ἔπαινος
674 627 963 697 γενήσεται
1019 624 1236 695 ἑκάστῳ
1265 623 1373 677 ἀπὸ
1415 623 1509 677 τοῦ
1563 622 1722 679 Θεοῦ.
1762 641 1782 676 ι

199 720 303 774 Ἐν
330 720 388 775 δὲ
412 722 525 782 τοῖς
577 716 955 785 Εὑαγγελίοις,
992 715 1213 783 στήσειν
1246 714 1346 785 μὲν
1387 715 1452 766 ὲκ
1505 713 1695 778 δεξιῶν
1720 712 1792 767 τὰ

186 810 473 881 πρόϐατα,
512 807 573 872 ἐξ
597 807 893 876 εὐωνύμων
922 805 978 858 δὲ
1011 808 1079 859 τά
1116 805 1305 876 ὲρίφια
1350 805 1583 876 Χριστὸς
1615 807 1789 875 ἐπαγ-

185 902 475 970 γέλλεται,
505 899 647 954 κατὰ
674 900 764 951 τὸν
782 898 971 969 καιρὸν
995 898 1092 968 τῆς
1119 898 1377 968 δευτέρας
1396 897 1562 950 αὐτοῦ
1588 914 1793 966 παρου-

187 995 349 1057 σίας*
385 995 478 1046 καὶ
513 994 637 1055 τοὺς
670 992 766 1062 μὲν
800 990 901 1060 τῆς
921 990 1153 1060 ἀνομίας
1205 989 1442 1060 ἐργάτας
1488 987 1791 1059 ἐκπέμψειν

184 1087 278 1149 εἰς
309 1085 371 1138 τὸ
396 1083 509 1156 πῦρ
538 1083 598 1135 τὸ
628 1081 869 1147 αἰώνιον,
904 1084 1018 1145 τοῖς
1044 1080 1099 1133 δέ
1130 1097 1191 1149 γε
1218 1079 1309 1133 τὸν
1336 1078 1508 1144 δεξιὸν
1539 1079 1794 1148 ἐπέχουσι

184 1172 367 1228 τόπον
404 1175 530 1236 τοὺς
556 1172 815 1236 ἐπαίνους
867 1171 1003 1242 ὁμοῦ
1053 1174 1167 1236 τοῖς
1218 1171 1430 1242 μισθοῖς
1465 1172 1791 1237 ἀποδώσειν,

184 1266 377 1337 λέγων
407 1266 491 1329 τὸ,
527 1284 544 1317 ι
571 1264 761 1330 Δεῦτε,
791 1266 839 1318 oi
868 1264 1226 1336 εὐλογημένοι
1285 1263 1381 1318 τοῦ
1408 1264 1620 1337 Πατρός
1658 1284 1792 1336 μου,

186 1357 657 1429 κληρονομήσατε
709 1354 808 1427 τὴν
868 1355 1278 1426 ἡτοιμασμένην
1330 1354 1460 1426 ὑμῖν
1518 1356 1797 1427 βασιλείαν

187 1449 314 1503 ἀπὸ
348 1449 660 1518 καταϐολῆς
690 1450 924 1520 κόσμου.
957 1468 976 1500 ι
1023 1447 1231 1502 Οὐκοῦν
1262 1450 1311 1503 εί
1343 1450 1434 1503 τὸν
1463 1450 1560 1521 τῆς
1592 1452 1797 1524 ἀρετῆς

191 1543 445 1615 ἑργάτην
483 1543 578 1597 καὶ
625 1543 969 1613 ἐπιστήμονα
1019 1541 1330 1596 ἐπαινέσειν
1386 1543 1671 1615 μέλλοντος
1703 1546 1796 1600 τοῦ

188 1634 362 1699 θεοῦ,
395 1634 627 1705 Χριστός
660 1636 809 1688 ἑστιν
841 1634 871 1685 6
920 1633 1182 1699 ἐπαινῶν,
1210 1634 1327 1699 πῶς
1367 1634 1521 1689 ἔσται
1551 1636 1794 1707 ποίημα,

192 1727 299 1779 καὶ
323 1724 449 1795 οὑχὶ
484 1724 686 1795 μᾶλλον
724 1724 854 1790 Θεὸς
882 1726 946 1779 ὲκ
979 1724 1138 1789 Θεοῦ,
1179 1725 1279 1795 τῆς
1309 1725 1571 1799 πατρῴας
1608 1728 1795 1793 οὐσίας

1891 633 2061 695 diutu,
2091 642 2146 685 et
2180 640 2309 685 tunc
2363 626 2651 697 unicuique
2706 628 2825 682 laus
2881 629 2972 684 lict
3029 632 3096 684 ab
3139 645 3205 687 en
3271 632 3354 685 ⁸.»
3411 628 3467 684 ln

1890 721 2196 790 Evangeliis
2228 729 2405 775 autem
2434 718 2711 783 scribitur,
2742 719 2884 787 quod
2948 721 2999 774 in
3060 722 3351 778 novissimo
3382 724 3470 775 die

1891 816 2142 872 Christus
2166 829 2295 870 oves
2322 813 2390 868 ab
2418 812 2586 867 haedis
2610 814 2905 882 separabit,
2949 825 3112 882 atque
3173 829 3302 869 oves
3350 814 3470 883 qui—

1892 908 2014 961 dem
2048 922 2077 960 a
2121 906 2349 969 dextris,
2392 904 2575 958 haedos
2604 913 2785 958 autem
2818 919 2846 955 a
2875 903 3111 958 sinistris
3134 905 3419 960 collocahit
3451 923 3465 958 :

1896 998 2064 1054 malos
2127 999 2343 1068 quidem
2406 996 2671 1051 missurus
2729 995 2781 1049 in
2852 993 3030 1065 ignem
3091 1007 3395 1061 internum;
3440 1013 3468 1051 α

1884 1094 2082 1147 dextra
2116 1106 2244 1145 vero
2276 1088 2586 1145 constitutis
2603 1088 2790 1143 laudes
2816 1103 2919 1141 uua
2953 1101 3073 1139 cum
3103 1089 3337 1155 prazmiis
3368 1088 3473 1141 lar-

1896 1182 2130 1252 giturus,
2164 1181 2385 1235 dicens:
2419 1196 2438 1230 ι
2480 1178 2689 1244 Venite,
2720 1176 2993 1232 benedicti
3024 1175 3206 1232 Patris
3256 1178 3382 1239 mei,
3415 1186 3473 1231 et

1898 1271 2165 1339 possidete
2199 1284 2419 1338 regnum
2459 1268 2601 1337 quod
2625 1277 2871 1335 paratum
2904 1275 2990 1319 est
3039 1267 3192 1319 vobis
3250 1281 3278 1319 a
3333 1282 3470 1321 con-

1890 1361 2178 1421 .stitutione
2207 1360 2390 1414 mundi
2444 1362 2487 1431 ε.
2529 1378 2547 1410 ι
2580 1356 2636 1412 Si
2668 1374 2799 1428 ergo
2827 1373 2951 1413 cum
2985 1358 3204 1413 virtutis
3231 1357 3473 1413 cultores

1897 1455 2147 1511 laudibus
2175 1452 2466 1509 at'fecturus
2497 1462 2581 1508 est
2610 1452 2775 1515 Deus,
2802 1451 3053 1507 Christus
3081 1460 3165 1505 est
3208 1451 3302 1522 qui
3353 1450 3475 1504 lau-

1897 1549 2013 1613 dat,
2043 1548 2317 1618 quomodo
2342 1547 2419 1615 sit,
2443 1554 2714 1612 creatura,
2737 1556 2792 1601 et
2823 1560 2929 1600 non
2986 1545 3168 1615 potius
3225 1542 3366 1600 Deus
3405 1561 3472 1601 ex

1900 1641 2033 1705 Deo,
2070 1639 2378 1694 universam
2396 1646 2633 1706 paternae
2695 1637 2946 1692 essentiae
2994 1635 3387 1707 proprietatem
3418 1636 3472 1689 iu

1898 1747 1960 1790 se
1989 1732 2193 1789 habens
2213 1740 2378 1801 atque
2405 1730 2609 1785 idcirco
2638 1730 2777 1784 Deus
2805 1729 3097 1793 exsistens,
3142 1728 3363 1798 perinde
3396 1734 3479 1782 at-

191 1815 323 1869 ὅλον
345 1817 488 1886 ἔχων
536 1816 598 1870 τὸ
657 1818 811 1881 ἴδιον,
846 1817 942 1870 καὶ
989 1814 1063 1869 ὣν
1108 1816 1199 1870 διὰ
1250 1819 1409 1872 τοῦτο
1444 1819 1603 1889 φύσει
1637 1818 1791 1887 Θεὸς,

1909 1841 2005 1897 :ue
2042 1824 2159 1896 ipse
2173 1823 2336 1881 Pater
2350 1825 2376 1878 τ

194 1905 398 1977 ὥσπερ
438 1908 531 1960 καὶ
558 1909 586 1961 6
614 1912 884 1977 γεννήσας
930 1908 1126 1970 αὖτόν;

285 2025 303 2056 ι
341 2007 419 2058 Ub
446 2006 553 2075 γὰρ
584 2003 811 2074 θέλομεν
842 2002 1009 2073 ὑμᾶς,
1061 2001 1251 2073 φησὶν,
1286 1999 1520 2068 ἀγνοεῖν,
1551 1999 1792 2069 ἀδελφοὶ,

196 2100 346 2168 ὑπὲρ
378 2098 474 2167 τῆς
505 2096 732 2166 θλίψεως
782 2096 942 2168 ἡμῶν
973 2094 1072 2165 τῆς
1095 2092 1393 2165 γενομένης
1437 2092 1495 2146 ὲν
1518 2095 1582 2164 τῇ
1614 2094 1794 2165 ‘Asia,

194 2193 284 2245 ὅτι
312 2190 437 2244 καθ’
466 2188 769 2261 ὑπερϐολὴν
803 2187 945 2258 ὑπὲρ
982 2186 1215 2257 δύναμιν
1241 2185 1615 2257 ἐϐαρήθημεν,
1648 2183 1792 2240 ὥστε

162 2308 167 2309 ν
195 2279 615 2351 ἐξαπορηθῆναι
644 2280 790 2350 ἡμᾶς
813 2277 907 2332 καὶ
945 2274 1040 2330 τοῦ
1082 2276 1203 2346 ζῇν·
1256 2273 1373 2328 ἀλλ’
1404 2274 1559 2328 αὐτοὶ
1602 2276 1659 2327 ιν
1690 2276 1793 2329 αὑγ-

194 2377 315 2436 tot;
343 2372 407 2427 τὸ
432 2373 720 2443 ἀπόκριμα
766 2369 859 2423 τοῦ
911 2366 1146 2421 θανάτου
1182 2366 1524 2437 ἐσχήκαμεν,
1581 2365 1671 2418 ἵνα
1715 2364 1793 2436 μή

201 2463 535 2529 πεποιθότες
584 2459 734 2534 ὦμεν
764 2460 851 2531 ἐφ’
876 2460 1113 2524 ἑαυτοῖς,
1166 2455 1286 2512 ἀλλ’
1325 2458 1421 2511 ἐπὶ
1465 2455 1544 2527 τῷ
1573 2454 1694 2525 Θεῷ
1716 2454 1794 2526 τῷ

212 2544 490 2612 ἀγείροντι
523 2541 651 2605 τοὺς
685 2542 932 2612 νεκρούς.
965 2562 984 2596 r
1038 2543 1167 2597 Ἰδοὺ
1202 2545 1367 2600 πάλιν
1390 2545 1577 2601 ίνθάδε
1607 2548 1796 2617 σαφῶς

211 2635 355 2691 Θεὸν
383 2631 524 2689 εἷναί
558 2652 694 2707 φησι
723 2637 814 2688 τὸν
846 2637 1130 2707 ὲγείροντα
1175 2639 1298 2701 τοὺς
1342 2641 1591 2709 νεκρούς.
1623 2638 1798 2694 Τοῦτο

213 2724 279 2778 δὲ
331 2723 571 2791 Χριστὸς
619 2725 936 2795 ἐργάζεται,
994 2728 1192 2796 λέγων,
1235 2730 1359 2783 κοτὲ
1394 2733 1529 2800 μέν’
1592 2749 1611 2782 ι
1654 2730 1796 2799 Ἐγώ

215 2815 339 2883 είμι
370 2816 405 2886 ή
435 2815 730 2876 ἀνάστασις
761 2816 910 2887 καὶὴ
953 2817 1066 2890 ζωή
1090 2836 1106 2852 '
1147 2838 1166 2873 ι
1201 2820 1333 2875 ποτὲ
1364 2822 1420 2876 δὲ
1453 2821 1648 2877 πάλινο
1682 2842 1700 2875 ι
1739 2824 1796 2877 Ὀ

215 2908 497 2963 πιστεύων
516 2908 597 2971 είς
626 2908 745 2979 ius,
766 2910 878 2980 ἔχει
903 2908 1047 2983 ζωὴν
1076 2911 1316 2980 αίὼνιον,
1334 2915 1488 2985 κάγὼ
1502 2916 1795 2988 ἀναστήσω

218 3003 391 3057 αὑτὸν
425 3004 484 3056 ιν
521 3004 586 3073 τῇ
635 3003 842 3075 ἐσχάτῃ
883 3004 1090 3074 ἡμέρα.
1121 3022 1141 3056 r
1203 3004 1340 3069 Θεὸς
1391 3003 1485 3061 οῦν
1519 3007 1627 3080 ἄρα
1658 3011 1801 3063 κατά

1968 2014 1990 2050 ι
2026 1992 2310 2064 Nolumus,
2330 1996 2527 2068 inquit,
2546 2011 2643 2052 vos
2670 1996 2940 2066 ignorare,
2963 2000 3183 2067 fratres,
3215 2002 3281 2056 de
3305 2005 3481 2060 tribu-

1899 2086 2103 2142 latione
2128 2094 2313 2141 nostra
2337 2085 2478 2141 facta
2502 2085 2554 2140 in
2584 2086 2732 2151 Asia,
2766 2088 3020 2156 quoniam
3051 2104 3212 2159 supra
3261 2092 3478 2147 modum

1897 2178 2106 2251 gravati
2146 2194 2335 2233 sumus
2356 2194 2518 2249 supra
2553 2179 2833 2245 virtutem,
2863 2181 2936 2235 ita
2960 2192 3020 2236 ut
3053 2184 3272 2240 taderet
3312 2187 3477 2240 etiam

1897 2284 1998 2325 nos
2026 2270 2245 2325 vivere:
2286 2270 2380 2325 sed
2432 2269 2533 2340 ipsi
2580 2269 2632 2324 in
2689 2270 3091 2342 nobismetipsis
3159 2290 3477 2344 responsum

1899 2363 2089 2417 mortis
2118 2362 2425 2427 habuimus,
2445 2372 2502 2416 ut
2533 2378 2639 2417 non
2669 2363 2839 2418 simus
2855 2364 3081 2420 lidentes
3105 2364 3158 2418 itt
3191 2365 3478 2428 nobis,sed

1899 2452 1952 2508 in
1976 2451 2088 2509 Deo
2122 2454 2214 2523 qui
2246 2455 2473 2509 suscitat
2500 2465 2748 2510 mortuos
2791 2458 2834 2509 ⁸.
2868 2472 2885 2505 ι
2913 2456 3051 2510 Ecce
3109 2472 3300 2512 rursus
3386 2456 3477 2513 hic

1897 2560 2088 2620 aperte
2122 2552 2201 2605 ait
2237 2548 2407 2604 Deum
2438 2565 2563 2606 esse
2593 2552 2684 2620 qui
2724 2550 2952 2607 suscitat
2988 2559 3248 2605 mortuos.
3282 2546 3338 2600 ld
3374 2561 3472 2598 au-

1900 2652 2007 2698 tem
2039 2641 2294 2698 Christus
2324 2641 2475 2704 iacit,
2508 2641 2708 2698 alicubi
2756 2641 2974 2711 quidem
3015 2640 3203 2695 dicens
3242 2655 3255 2693 :
3298 2654 3317 2689 ι
3358 2636 3471 2707 Ego

1898 2749 2018 2790 sum
2067 2733 2399 2789 resurrectio
2449 2743 2502 2787 et
2549 2734 2662 2788 vita
2694 2732 2752 2797 δς
2789 2750 2809 2785 ι
2848 2732 3049 2787 alicubi
3100 2744 3273 2785 vero:
3307 2748 3325 2781 ι
3365 2727 3472 2795 Qui

1899 2825 2076 2881 credit
2107 2824 2161 2879 in
2189 2839 2298 2889 me,
2341 2823 2507 2879 habet
2542 2824 2707 2878 vitam
2749 2836 3033 2887 aeternam,
3073 2833 3126 2878 et
3157 2838 3257 2892 ego
3288 2822 3470 2875 susci-

1902 2919 2030 2974 tabo
2068 2933 2191 2972 eum
2245 2918 2301 2970 itt
2351 2916 2651 2971 novissimo
2696 2917 2783 2971 die
2812 2917 2854 2969 ⁸.
2894 2934 2912 2966 ι
2964 2913 3134 2969 Filius
3175 2913 3358 2981 itaque
3388 2917 3476 2966 est

1903 3023 2099 3065 natura
2156 3007 2318 3073 Deus,
2366 3009 2565 3079 quippe
2612 3009 2702 3077 qui
2746 3023 2809 3062 ea
2862 3004 3091 3061 faciendi
3147 3013 3472 3076 potestatem

219 3094 393 3165 φύσιν
424 3095 453 3147 6
488 3095 639 3158 Υἱὸς.
685 3095 931 3166 ἐνεργεῖν
963 3096 1293 3166 δυνάμενος,
1341 3096 1378 3152 ἀ
1410 3099 1558 3171 μόνῳ
1602 3100 1801 3171 πρέπει

1909 3103 2066 3157 habet
2094 3116 2214 3170 quae
2245 3100 2349 3156 soli
2385 3102 2494 3156 Deo
2526 3102 2800 3175 convenit.
2833 3099 2947 3155 Non
2973 3109 3064 3161 est
3102 3115 3230 3169 ergit
3259 3111 3478 3156 creatu-

217 3187 372 3254 Θεῷ.
406 3186 616 3239 Οὐκοῦν
645 3187 706 3238 οὐ
736 3189 969 3256 ποίημα,
988 3186 1109 3240 οὐδὲ
1141 3187 1367 3257 κτίσμα.

300 3275 386 3342 Τῷ
412 3277 482 3329 δὲ
506 3275 627 3341 Θεῷ
647 3276 820 3347 χάρις
841 3274 921 3343 τῷ
950 3276 1208 3331 πάντοτε
1224 3280 1633 3348 θριαμϐεύοντι
1649 3281 1805 3352 ἡμᾶς

221 3370 296 3423 ἐν
323 3368 404 3433 τῷ
423 3367 673 3437 Χριστῷ,
698 3370 795 3423 καὶ
827 3368 939 3437 τὴν
958 3369 1161 3440 ὀσμὴν
1182 3370 1293 3438 τῆς
1313 3372 1589 3442 γνώσεως
1616 3372 1806 3429 αὐτοῦ

221 3461 584 3533 φανεροῦντι
608 3461 682 3514 δι’
710 3459 898 3531 ἡμῶν.
935 3463 994 3517 Ὀ
1028 3462 1431 3533 φανερούμενος
1469 3464 1559 3520 διά
1605 3483 1665 3520 τι
1700 3466 1808 3521 τῶν

223 3552 720 3611 ἀποπολικῶνκαὶ
741 3555 1115 3624 εὑαγγελικῶν
1130 3559 1503 3628 κηρυγμάτων
1518 3557 1600 3624 τίς
1630 3558 1698 3613 ἂν
1722 3561 1810 3631 εἴη

222 3648 417 3719 ἕτερος
445 3646 597 3718 παρά
625 3647 895 3716 Χριστόν;
924 3649 1093 3719 Αὐτὸς
1122 3650 1412 3723 τοιγαροῦν
1430 3652 1580 3703 ἐστιν
1606 3652 1638 3721 ή
1665 3650 1811 3723 ὀσμὴ

224 3740 327 3807 τῆς
356 3737 614 3806 γνώσεως
648 3736 743 3790 τοῦ
782 3737 919 3792 Θεοῦ
950 3739 1045 3793 καὶ
1078 3740 1289 3812 Πατρὸς
1324 3742 1465 3796 κατὰ
1492 3747 1554 3794 τὸ
1586 3743 1814 3815 εἰρημέ-

466 3831 483 3851 ν
517 3829 670 3852 ...ι-,2
707 3833 774 3852 Λ]

223 3926 312 3996 μὴ
359 3924 437 3979 δι’
477 3924 641 3994 ἐμοῦ.
676 3926 786 3979 Καὶ
817 3924 1003 3988 πάλιν,
1047 3925 1110 3979 ὐ
1144 3924 1417 3993 ἑωρακὼς
1457 3925 1563 3996 ἐμὲ
1594 3926 1817 3996 ἑώρακε

228 4016 339 4070 τὸν
361 4015 619 4083 Πατέρα.
667 4016 841 4087 Ὀσμὴ
875 4012 1163 4088 τοιγαροῦν
1192 4015 1452 4087 ὑπάρχων
1484 4015 1578 4071 τοῦ
1605 4017 1824 4088 Πατρὸς,

228 4110 291 4163 οὑ
318 4110 428 4192 κᾶν
460 4109 548 4179 εἴη
576 4107 714 4179 πρὸς
742 4107 903 4162 αὐτὸν
929 4108 1288 4178 ἑτιροούσιος,
1322 4109 1437 4162 ἀλλ’
1463 4109 1652 4180 ὥσπερ
1694 4112 1728 4182 ὴ
1757 4110 1815 4177 ἐξ

230 4205 441 4259 ἀνθέων
484 4202 682 4257 εὐωδία
705 4202 971 4270 ζφυσικῶς
1002 4217 1062 4255 τι
1097 4202 1193 4254 καὶ
1220 4200 1499 4264 οὐσιωδῶς
1541 4204 1816 4273 προεκκύ-

1828 3174 1870 3229 c
1906 3211 1987 3257 ra.
2023 3209 2199 3264 neque
2225 3208 2383 3265 opus.

1978 3287 2105 3351 Deo,
2139 3287 2332 3356 inquit,
2367 3286 2568 3358 gratias
2611 3287 2700 3356 qui
2738 3301 2941 3355 semper
2988 3286 3273 3355 triumphat
3307 3303 3398 3341 nos
3423 3286 3479 3340 in

1907 3378 2120 3435 Christo
2141 3380 2289 3449 Jesu,
2335 3389 2384 3434 rt
2412 3379 2623 3434 odorem
2662 3379 2867 3432 notitia:
2897 3393 3007 3432 sua:
3052 3379 3354 3448 manifestat
3385 3393 3480 3446 per

1909 3489 2004 3529 nos
2041 3475 2077 3526 '.
2107 3472 2206 3540 Qui
2239 3472 2553 3544 apostolicis
2574 3480 2629 3527 et
2657 3471 2983 3542 evangelicis
3007 3471 3481 3539 praedicationibus

1911 3564 2314 3629 manifestatur,
2348 3564 2439 3633 qui
2474 3564 2613 3635 alius
2650 3572 2755 3627 est,
2787 3563 2889 3618 nisi
2917 3562 3210 3619 Christus?
3243 3566 3357 3634 ipse
3393 3568 3481 3619 ni-

1914 3657 2108 3712 mirqu
2137 3665 2223 3711 est
2250 3654 2383 3709 odor
2408 3655 2613 3709 notitiae
2642 3651 2758 3718 Dei,
2790 3664 2844 3707 et
2872 3650 3047 3708 Patris
3082 3670 3099 3709 :
3131 3649 3301 3707 Nemo
3320 3655 3480 3721 enim,

1916 3747 2115 3817 inquit.
2150 3747 2287 3801 venit
2332 3745 2401 3800 ad
2442 3745 2677 3817 Patrem,
2708 3745 2810 3798 nisi
2853 3758 2947 3812 per
2976 3760 3058 3799 me
3080 3747 3119 3795 ⁷.
3152 3742 3219 3796 Ει
3241 3758 3481 3798 rursum:

1916 3812 2022 3907 Qui
2055 3840 2185 3893 vidit
2218 3854 2320 3902 me,
2352 3836 2549 3907 inquit,
2585 3812 2715 3891 uidit
2740 3834 2955 3889 Patrem
2994 3839 3033 3891 ⁸.
3057 3836 3189 3890 Cum
3222 3834 3391 3904 igitur
3415 3834 3486 3888 sit

1916 3934 2050 3988 odor
2085 3929 2283 3996 Patris,
2315 3945 2422 3985 non
2455 3936 2538 3984 est
2574 3928 2811 3983 essentia
2858 3925 3108 3981 diversus
3142 3925 3210 3979 ab
3242 3939 3331 3989 eo,
3389 3925 3485 3978 sed

1918 4025 2369 4096 quemadmodum
2420 4022 2591 4100 bonus
2631 4021 2766 4076 odor
2800 4019 2996 4076 ﬂorum
3054 4020 3375 4075 naturaliter
3418 4017 3488 4072 ab

1923 4116 2056 4187 ipsis
2078 4116 2400 4188 proveniens
2427 4115 2633 4171 indicat
2675 4112 2826 4170 ﬂoris
2852 4128 3039 4184 genus,
3063 4114 3203 4167 unde
3232 4121 3488 4181 tauquam

1918 4215 1985 4266 e'x
2026 4222 2179 4281 patre
2211 4219 2375 4265 natus
2400 4218 2505 4273 est,
2539 4207 2619 4264 sic
2647 4217 2705 4263 et
2749 4205 2921 4261 Filius
2955 4207 3207 4262 essentia:
3250 4215 3491 4276 paternae

232 4312 447 4349 πτουσα
493 4293 588 4347 τοῦ
622 4295 986 4361 γεννήσαντος
1016 4292 1189 4364 αὐτὴν
1227 4291 1400 4357 εἴδους
1438 4293 1587 4347 ἐστὶν
1614 4294 1804 4363 impav-

1915 4319 1983 4360 οι
2013 4317 2121 4374 qua
2148 4304 2264 4372 ipse
2293 4301 2515 4371 quidam
2546 4300 2709 4355 veluti
2748 4301 2881 4354 odor
2908 4300 3209 4370 genitorem
3250 4299 3489 4355 declarat

228 4389 384 4454 τικὴ,
418 4387 560 4439 οὕτω
589 4388 686 4440 καὶ
712 4388 739 4438 6
769 4384 896 4447 Υἱὸς
925 4385 1074 4455 ὀσμή
1103 4402 1185 4448 τις
1213 4384 1404 4456 ὥσπερ
1430 4385 1528 4454 τῆς
1560 4383 1804 4457 πατρῴας

1915 4412 2100 4452 suum.
2128 4394 2246 4450 Non
2278 4394 2440 4465 igitur
2470 4393 2669 4459 factus,
2710 4408 2811 4450 nec
2844 4403 3062 4449 creatus
3089 4432 3107 4460 ,
3130 4393 3348 4463 quando
3387 4408 3489 4451 nec

233 4481 501 4551 ὑπάρχων
521 4478 732 4542 οὐσίας,
753 4479 845 4545 ἀφ’
882 4473 950 4550 ἦς
978 4479 1149 4538 ἔστιν.
1177 4475 1341 4539 αὐτὸς
1364 4475 1454 4528 τὸν
1485 4478 1804 4547 γεννήσαντα

1919 4488 2185 4555 ejusmodi
2219 4485 2378 4539 Pater
2403 4494 2509 4539 est.

230 4572 405 4639 δηλοῖ.
441 4570 649 4623 οὐκοῦν
670 4568 731 4621 οὐ
754 4568 985 4638 ποίημα,
1015 4567 1133 4620 οὐδὲ
1151 4567 1378 4636 κτίσμα,
1405 4570 1527 4621 ἐπεὶ
1558 4569 1633 4639 μὴ
1662 4569 1820 4623 τοῦτό

237 4665 389 4715 ἐστιν
423 4664 451 4715 ὁ
484 4662 693 4731 Πατήρ.

317 4782 335 4813 ι
386 4759 639 4829 Γνωρίζω
688 4758 746 4812 δὲ
804 4758 951 4828 ὑμῖν,
1003 4753 1247 4822 ἀδελφοί,
1294 4750 1357 4804 τὸ
1404 4747 1739 4817 Εὑαγγὲλιον
1769 4740 1834 4799 τὸ

237 4851 629 4923 εὐαγγελισθὲν
678 4850 769 4904 ὑπ’
813 4846 971 4918 ἐμοῦ,
1019 4848 1101 4901 ὃτι
1146 4844 1249 4898 οὑκ
1284 4842 1401 4895 ἔστι
1440 4841 1581 4893 κατὰ
1614 4838 1829 4908 ἀνθρω-

242 4964 364 5000 πον.
392 4943 527 4998 Οὐδὲ
554 4942 663 5013 γὰρ
688 4940 802 5010 ἐγὼ
832 4938 982 5010 παρὰ
1016 4934 1303 5007 ἀνθρώπου
1336 4929 1647 5004 παρέλαϐον
1676 4927 1829 4993 αὑτὸ,

241 5038 363 5091 οὐδὲ
403 5033 708 5104 ἐδιδάχθην,
742 5030 881 5085 ἀλλὰ
927 5030 995 5083 δι’
1038 5025 1433 5096 ἀποκαλύψεως
1487 5019 1664 5092 Ἰησοῦ
1695 5021 1832 5092 Χρι-

1990 4770 2011 4806 ι
2046 4748 2325 4822 Significo,
2358 4744 2554 4816 inquit,
2592 4739 2766 4806 vobis,
2798 4736 2995 4792 fratres
3019 4774 3036 4803 ,
3071 4733 3216 4803 quod
3242 4729 3493 4802 Evange—

1917 4847 2067 4913 lium,
2104 4844 2247 4914 quod
2283 4857 2314 4895 a
2350 4854 2435 4894 me
2466 4836 2620 4891 vobis
2642 4830 3071 4902 evangelizatum
3107 4834 3233 4893 est,
3268 4840 3374 4880 non
3410 4833 3496 4880 est

1918 4933 2216 4992 secundum
2247 4928 2542 4985 hominem.
2580 4923 2693 4995 Ego
2718 4920 2864 4976 enim
2895 4933 3002 4973 non
3038 4913 3223 4985 accepi
3267 4913 3395 4970 illud
3428 4913 3498 4969 ab

1920 5027 2162 5090 homine,
2212 5022 2307 5089 sed
2348 5034 2445 5089 per
2496 5015 2881 5074 revelationem
2931 5008 3058 5067 Jesu
3103 5007 3306 5065 Christi
3393 5003 3437 5060 ’.
3472 5023 3493 5059 ι

244 5129 391 5185 στοῦ.
433 5148 452 5181 ι
494 5098 725 5198 Ἰδωμεν
757 5124 938 5178 τοίνυν
984 5122 1039 5176 τί
1089 5120 1220 5192 περὶ
1264 5117 1359 5173 τοῦ
1410 5116 1541 5172 Υἱοῦ
1592 5131 1756 5185 φησιν

1925 5118 2214 5177 Videamus
2243 5116 2428 5185 itaque
2460 5110 2588 5183 quid
2620 5109 2686 5165 de
2714 5100 3253 5198 Filiogdicat,»qui‘a
3283 5098 3503 5198 Christo

244 5224 372 5294 παρ’
408 5220 575 5275 αὐτοῦ
606 5220 669 5274 τὸ
718 5218 850 5289 περὶ
894 5214 1060 5271 αὑτοῦ
1098 5208 1436 5295 μεμαθηκὼς
1494 5208 1833 5279 μυστήριον·

1924 5212 2241 5282 mysterium
2273 5203 2478 5262 Christi
2529 5201 2721 5259 didicit
2757 5215 2773 5253 :
2812 5196 3034 5261 rJesus,
3072 5192 3269 5263 inquit,
3296 5190 3416 5245 heri
3450 5195 3504 5241 et

249 5333 268 5367 ι
318 5289 530 5384 ίιησοῦς
555 5309 814 5384 Χριστὸς,
840 5308 1000 5382 φησι,
1025 5306 1155 5381 χθὲς
1187 5290 1284 5360 καὶ
1332 5305 1574 5374 σήμερον
1618 5303 1646 5355 6
1676 5299 1804 5354 αὑτὸ

1927 5302 2111 5364 hodie,
2145 5299 2261 5370 ipse
2287 5297 2451 5353 etiam
2477 5294 2531 5350 in
2557 5291 2755 5350 saecula
2795 5289 2856 5345 ’°.
2897 5309 2917 5342 ι
2954 5289 3095 5343 Ecce
3127 5298 3287 5355 quam
3319 5289 3504 5350 aperte

246 5407 342 5460 καὶ
374 5372 454 5467 εἰς
502 5372 628 5466 τοὺς
665 5372 916 5464 αἰῶνας..
948 5419 966 5451 ι
988 5372 1144 5452 λῖδοὺ
1180 5395 1368 5466 σαφῶς
1389 5372 1458 5449 τὸ
1492 5372 1554 5447 γὲν
1587 5392 1804 5466 ἀτρέπτι

1929 5397 2243 5467 proﬁtetur,
2270 5391 2548 5448 Christum
2577 5383 2929 5443 immutabilis
2950 5389 3157 5436 natura:
3188 5390 3309 5432 esse
3328 5391 3343 5440 ;
3362 5372 3505 5443 quod

246 5500 343 5553 καὶ
375 5496 770 5569 ἀμεταποιήτῳ
805 5492 964 5561 φύσει
994 5489 1209 5545 κεῖσθαι
1245 5488 1337 5542 τὸν
1384 5486 1514 5541 Υιὸν
1551 5482 1840 5557 ὁμολογεῖ·

1908 5487 2148 5565 ἠυὶιιοιιι
2184 5484 2284 5541 soli
2314 5483 2425 5538 Deo
2444 5496 2509 5537 ac
2541 5479 2689 5536 Patri
2713 5474 2995 5548 proprium
3022 5478 3128 5565 est,
3176 5482 3351 5565 neque
3364 5466 3507 5565 ⁸(ιιιί-

247 5591 387 5661 ὅπερ
418 5557 554 5640 ίδιον
781 5557 918 5638 θεοῦ
964 5582 1058 5636 καὶ⁸
1106 5578 1340 5652 Πατρὸς,
1367 5578 1543 5650 ἑτέρῳ
1577 5576 1633 5630 δὲ
1668 5574 1804 5645 πρόσ

1909 5557 2095 5649 ’ᾇυιιηι
2130 5583 2396 5632 creatura:
2426 5572 2698 5641 congruit.
2738 5566 3035 5636 Quocirca,
3086 5562 3133 5618 si
3181 5560 3331 5617 solus
3364 5557 3508 5611 Deus

250 5650 369 5738 εστι
424 5681 534 5735 τῶν
588 5650 833 5749 γενητῶν
870 5676 1067 5731 οὐδενί.
1119 5650 1331 5727 Οὐκοῦν
1378 5674 1427 5726 εί
1482 5672 1638 5742 μόνος
1681 5670 1804 5739 ἄτρε

1942 5687 2005 5727 ac
2077 5668 2241 5723 Pater
2293 5675 2377 5721 cst
2436 5660 2832 5725 immutabilis,
2899 5657 3073 5713 Filius
3142 5663 3326 5709 autem
3374 5650 3507 5720 ejus-

325 5819 344 5850 ‘
381 5821 551 5879 lCor.
583 5837 659 5885 tv,
685 5823 739 5879 5.
816 5822 838 5854 ’
877 5820 1067 5875 Matth.
1105 5830 1230 5882 xxv,
1267 5818 1327 5873 51
1373 5832 1526 5890 seqq.

1604 5818 1625 5851 ²
1652 5818 1669 5873 1
1700 5816 1898 5872 Thess.
1933 5828 2009 5875 tv,
2046 5809 2133 5866 12.
2212 5808 2234 5841 δ
2269 5807 2424 5864 loan.
2462 5822 2537 5866 XI.
2569 5806 2662 5862 25.
2736 5805 2936 5862 'Joan.
2969 5821 3043 5873 vt,
3089 5804 3181 5863 40.
3257 5804 3278 5836 ⁸
3306 5802 3351 5859 ll
3384 5799 3510 5860 Cur.

258 5909 319 5959 ιι,
348 5893 437 5960 ιι,
479 5878 562 5948 t5.
633 5878 656 5923 ί
695 5892 853 5949 Juan.
900 5905 1012 5955 m,
1044 5892 1097 5946 6.
1175 5878 1360 5945 'ibi‘l.
1396 5878 1544 5943 9.".
1575 5888 1753 5944 Calai.
1796 5902 1804 5940 I

1909 5885 1956 5950 I,
1992 5882 2079 5937 12.
2165 5880 2207 5911 ¹⁰
2242 5878 2409 5934 llebr.
2448 5894 2568 5945 χιιι,
2618 5878 2673 5935 8.
