3768 6552
481 429 589 495 6ιὸ

1700 416 2085 479 ΕυΤΙΙῖΜΗ
2128 415 2481 474 ZlGABENl

3562 436 3634 500 Gil

486 544 607 597 dem
645 540 805 610 plane
834 545 1066 599 natura,
1105 532 1304 605 quippe
1336 535 1427 604 qni
1458 547 1674 601 semper
1702 532 1941 601 idipsem
1974 544 2024 583 Cr

2160 544 2289 590 πτος
2319 529 2347 580 δ
2377 528 2508 591 85’»;
2539 528 2631 581 καὶ
2666 527 2874 598 Πατὴρ,
2904 529 2958 580 ἐν
2985 531 3263 600 ταυτότητι
3286 534 3338 587 δι
3359 538 3539 608 eius»;
3562 554 3632 604 ut

475 628 620 707 quod
673 630 853 699 Pater,
897 628 1174 701 quomodo
1230 627 1402 698 possit
1450 639 1572 680 esse
1628 632 1898 687 creatura,
1959 622 2051 691 qui

479 720 941 783 solnsineﬂaniiis
969 722 1224 777 essentia:
1287 720 1500 775 ratione
1548 717 1697 771 Patri
1748 716 2057 771 consimilis

478 832 583 881 est.
629 822 881 889 idemtu
935 820 1237 873 secundum
1289 828 1535 869 naturam
1590 825 1746 868 suam
1795 808 2055 880 estquod

479 911 663 975 Pater,
699 926 761 965 eo
793 911 913 967 solo
952 916 1182 979 excepto
1220 906 1364 977 quod
1400 920 1510 960 non
1546 904 1617 961 sit
1654 902 1857 959 Pater?

561 1105 580 1135 ι
622 1085 862 1149 Fratres,
900 1085 1131 1138 obsecro
1165 1098 1281 1149 vos,
1340 1082 1477 1139 nihil
1506 1094 1593 1136 me
1625 1080 1845 1135 iussistis
1876 1092 1890 1131 :
1922 1078 2074 1134 scitis

482 1187 665 1229 autem
700 1175 957 1243 quoniam
1010 1189 1105 1243 per
1151 1173 1527 1228 infirmitatem
1570 1170 1757 1225 carnis
1800 1168 2074 1237 evangeli-

484 1269 719 1323 2averim
784 1268 938 1322 vobis
1026 1267 1396 1337 jampridem,
1447 1272 1503 1319 et
1556 1261 1910 1317 tentatiouem
1976 1274 2072 1314 ve-

482 1374 650 1416 SIram
676 1364 727 1415 in
754 1376 920 1416 carne
940 1375 1055 1414 mea
1077 1376 1181 1414 non
1207 1358 1516 1428 sprevistis,
1541 1368 1718 1423 neque
1743 1350 2068 1421 respulstis:

481 1458 574 1510 sed
609 1455 755 1509 sicut
789 1453 1042 1524 angelum
1105 1453 1201 1508 Dei
1251 1450 1534 1521 recepistis
1577 1465 1660 1505 me
1705 1447 1845 1503 sicut
1884 1442 2068 1500 Iesum

478 1546 755 1602 Christum
820 1550 860 1599 '.
904 1566 922 1599 ι
956 1546 1161 1601 Paulus
1185 1543 1545 1607 exosculans,
1594 1541 1929 1611 multumque
1976 1541 2073 1594 ad-

478 1641 689 1694 mirans
720 1639 975 1709 pietatem
1002 1636 1317 1695 Galatarum
1351 1650 1479 1705 erga
1514 1633 1708 1697 Deum,
1740 1642 1796 1689 et
1827 1646 2069 1687 amorem

477 1745 607 1802 erga
637 1746 715 1799 se,
744 1747 867 1787 cum
890 1732 1137 1796 dixisset,
1162 1749 1181 1782 ι
1210 1727 1361 1784 Sicut
1382 1728 1633 1798 angelum
1663 1726 1756 1781 Dei
1787 1720 2071 1795 recepistis

478 1839 587 1887 me,
611 1843 629 1874 ι
685 1825 751 1877 ad
788 1823 932 1878 aliud
982 1823 1138 1893 longe
1172 1822 1345 1890 majus
1379 1812 1696 1875 conscendit
1722 1860 1738 1886 ,
1791 1818 2064 1884 addendo,

2158 624 2189 675 ο
2220 622 2365 685 Υἱὸς,
2404 623 2491 675 ἀεὶ
2518 619 2679 675 τοῦτο
2720 621 2797 675 ὣν
2835 622 2972 692 ὅπερ
3000 623 3148 676 ἐστὶν
3177 626 3205 677 6
3233 632 3467 700 γεννήσας
3492 638 3633 709 αὐτὸν,

2160 711 2279 777 πῶς
2308 712 2378 767 ἂν
2405 714 2490 784 εἴη
2536 715 2647 767 τῶν
2699 714 2946 784 γενητῶν
2981 711 3083 780 εἷς,
3118 716 3144 768 6
3180 718 3329 786 μόνος
3358 723 3427 794 τῷ
3462 728 3640 796 quaem

2160 805 2305 861 κατὰ
2333 806 2426 860 τὸν
2458 807 2738 878 ἄφραστον
2766 807 2869 878 τῆς
2899 807 3087 873 οὐσίας
3118 809 3269 879 λόγον
3315 814 3637 891 ἁμιλλώμενος,

2163 899 2258 953 καὶ
2287 898 2445 952 τοῦτο
2481 898 2557 952 ὣν
2586 902 2728 954 κατὰ
2759 901 2944 970 φύσιν,
2981 902 3120 972 ὅπερ
3148 903 3288 958 ἐστὶν
3315 907 3340 960 6
3368 909 3531 983 Πατὴρ
3554 918 3645 989 δεμ

2163 993 2327 1063 μόνου
2357 991 2451 1046 τοῦ
2487 989 2629 1048 εἶναι
2659 994 2881 1066 Πατήρς

2224 1101 2246 1134 ι
2303 1084 2568 1153 Ἀδελτοὶ,
2616 1086 2806 1157 δέομαι
2858 1088 3045 1158 ὑμῶν,
3091 1088 3242 1142 οὐδέν
3286 1107 3348 1162 με
3393 1094 3645 1172 ἠδικήσατε,

2146 1175 2321 1230 οἴδατε
2349 1178 2406 1230 δὲ
2451 1177 2533 1232 ὅτι
2558 1178 2626 1232 δι’
2655 1180 2942 1235 ἀσθένειαν
2975 1182 3077 1253 τῆς
3108 1182 3306 1253 σαρκὸς
3359 1186 3646 1258 εὐηγγελισά-

2148 1284 2260 1343 μην
2287 1272 2417 1341 ὑμῖν
2450 1271 2511 1325 τὺ
2551 1271 2838 1345 πρότερον,
2867 1275 2961 1329 καὶ
3000 1275 3091 1327 τὸν
3123 1277 3410 1346 πειρασμὸν
3436 1281 3560 1351 ὑμῶν
3580 1288 3646 1342 τὸν

2144 1364 2204 1417 ὲν
2228 1368 2294 1437 τῇ
2330 1365 2494 1436 σαρκί
2529 1382 2632 1436 μου
2654 1365 2754 1420 οὐκ
2786 1367 3199 1439 ἐξουθενήσατε,
3225 1367 3338 1422 οὐδὲ
3367 1369 3645 1445 ἐξεπτύσατε,

2142 1454 2257 1510 ἀλλ’
2286 1454 2360 1520 ὡς
2392 1458 2622 1526 ἄγγελον
2649 1454 2787 1512 Θεοῦ
2824 1457 3079 1527 ἐδέξασδὲ
3122 1476 3189 1531 με
3227 1458 3300 1524 ὡς
3338 1461 3543 1533 Χριστὸν
3573 1470 3648 1541 Ἰη.

2144 1547 2286 1603 σοῦν.
2337 1568 2355 1601 ι
2403 1548 2836 1622 ’Υποδεξάμενος
2885 1552 2980 1604 καὶ
3028 1549 3151 1605 λίαν
3202 1550 3467 1622 Θαυμάσας
3502 1556 3584 1611 τῶν
3609 1564 3649 1615 ὲν

2140 1638 2379 1712 Γαλατίᾳ
2410 1639 2508 1711 τήν
2536 1656 2595 1693 τε
2627 1641 2709 1704 είς
2735 1640 2867 1692 Θεὸν
2899 1638 3208 1702 εὐλάϐειαν.
3255 1641 3347 1696 καὶ
3376 1642 3466 1716 τὴν
3496 1650 3561 1710 εἰς
3582 1653 3648 1704 αὸ-
3738 1656 3739 1661 “

2138 1729 2229 1782 τὸν
2262 1731 2562 1801 ἀγάπησιν,
2594 1732 2833 1803 εἰρηκώς
2875 1749 2954 1794 τε,
2984 1734 3065 1787 ὅτι
3104 1750 3124 1784 ι
3167 1721 3267 1798 ’Ὦς
3314 1734 3520 1805 ἄγγελον
3553 1743 3647 1797 Θεοῦ

2138 1821 2392 1889 ἐδέξασΘέ
2426 1840 2514 1894 με,
2538 1846 2553 1877 ι
2578 1825 2673 1878 καὶ
2698 1823 2791 1878 ἐπὶ
2823 1824 2957 1878 πολὺ
2992 1823 3177 1895 μεῖζον
3222 1827 3498 1895 ἀναϐαίνει,
3522 1849 3643 1903 προτί

484 1936 503 1968 ι
545 1917 684 1970 sicut
716 1916 899 1971 Jesum
930 1916 1233 1971 Christum.
1280 1934 1297 1966 ι
1339 1914 1621 1980 Quomodo
1646 1920 1825 1966 autem
1856 1912 1928 1965 sit
1971 1925 2024 1965 ei

2142 1910 2284 1975 θεὶς,
2340 1932 2358 1963 ι
2409 1913 2484 1977 ὼς
2533 1915 2768 1987 Χριστὸν
2825 1914 3052 1985 Ἰησοῦν.
3124 1933 3143 1967 ι
3196 1916 3294 1979 Τίς
3341 1913 3426 1971 οὖν
3467 1920 3647 1995 ὑπεροχὴ

478 2008 760 2062 rellentior
785 2007 993 2077 angelis
1032 2006 1312 2073 Christus,
1364 2006 1593 2075 ipsemet
1641 2005 1799 2056 docet
1839 1996 2064 2056 dicens:

482 2120 500 2150 ι
534 2099 759 2168 Quando
792 2100 1214 2171 primogenitum
1250 2100 1302 2154 in
1329 2098 1519 2152 orbem
1569 2107 1840 2150 terrarum
1885 2092 2067 2149 intro-

475 2194 646 2251 duxit,
677 2192 848 2247 dicit:
881 2188 947 2246 Et
983 2193 1209 2246 adorent
1233 2206 1357 2245 eum
1384 2203 1577 2244 omnes
1615 2185 1795 2257 angeli
1826 2185 1919 2240 Dei
1965 2183 2009 2238 '.
2041 2202 2063 2239 ι

474 2280 537 2337 Ει
572 2300 785 2338 rursum
826 2299 840 2335 :
881 2303 898 2334 ι
934 2283 1029 2337 Cui
1064 2298 1299 2352 unquam
1336 2279 1655 2350 angelorum
1687 2277 1822 2333 dixit
1854 2292 1869 2331 :
1898 2275 2069 2331 Filius

475 2391 625 2433 meus
655 2391 713 2431 es
739 2384 819 2441 tu,
846 2390 945 2446 ego
971 2376 1131 2430 hodie
1160 2375 1319 2445 genui
1370 2384 1424 2429 te
1456 2392 1470 2427 :
1504 2382 1577 2439 et,
1618 2371 1757 2426 Sede
1800 2384 1828 2423 a
1861 2368 2067 2424 dextris

474 2469 633 2532 meis,
664 2467 836 2522 donec
866 2482 1061 2534 ponam
1096 2466 1348 2521 inimicos
1381 2475 1502 2519 tuos
1535 2463 1833 2518 scabellum
1860 2461 2056 2529 pedum

474 2570 688 2613 tuorum
729 2555 751 2588 '
788 2559 810 2613 ?
840 2577 859 2610 ι
893 2557 1169 2627 Scriptum
1202 2556 1365 2612 etiam
1399 2566 1483 2612 est
1515 2556 1581 2610 de
1620 2554 1831 2624 angelis
1860 2569 1876 2607 :
1911 2570 1929 2604 ι
1962 2553 2063 2617 Qui

473 2644 604 2702 facit
635 2636 858 2717 angelos
889 2660 1020 2704 suos
1062 2648 1308 2717 spiritus,
1339 2658 1393 2701 et
1425 2646 1713 2701 ministros
1740 2657 1871 2698 suos
1909 2641 2063 2695 liam-

472 2742 613 2793 iuam
658 2740 798 2809 ignis
871 2743 913 2795 ⁸.
982 2759 1000 2792 ι
1034 2738 1169 2794 Cum
1208 2740 1372 2809 igitur
1406 2749 1618 2793 tantum
1654 2736 1800 2791 inter
1848 2748 1944 2788 cos
1993 2733 2063 2788 sit

473 2831 815 2897 differentiae,
850 2842 910 2887 ut
936 2832 1109 2887 Filius
1137 2834 1355 2901 quidem
1393 2831 1675 2892 adoretur,
1722 2826 1900 2898 angeli
1930 2840 2062 2880 vero

470 2925 518 2978 ei
563 2924 893 2990 ministrent,
926 2933 1089 2996 atque
1122 2924 1210 2979 iile
1240 2925 1415 2980 instar
1443 2925 1584 2993 regis
1623 2930 1680 2978 et
1924 2918 2052 2977 ‘l’ilii

471 3030 534 3069 ac
574 3014 785 3068 Domini
820 3017 1029 3078 sedeat,
1060 3014 1111 3068 hi
1140 3028 1269 3069 vero
1296 3018 1362 3069 ad
1386 3013 1689 3068 ministeria
1727 3011 2057 3081 allegentur,

470 3096 744 3175 quomodo
769 3118 876 3159 non
909 3105 1016 3159 erit
1056 3102 1195 3159 Deus
1220 3144 1235 3169 ,
1271 3105 1362 3175 qui
1406 3103 1573 3158 etiam
1606 3102 1674 3156 ab
1714 3100 1921 3172 angelis
1967 3115 2061 3155 na-

2137 2003 2378 2076 Χριστοῦ
2425 2006 2561 2077 πρὸς
2604 2006 2890 2076 ἀγγέλους.
2935 2007 3100 2071 αὐτὸς
3148 2008 3450 2071 διδασκέτω,
3492 2012 3644 2081 λέγων’

2143 2115 2168 2150 ‹
2200 2097 2375 2153 Ὅταν
2406 2096 2462 2152 δὲ
2493 2101 2765 2174 εἰσαγάγῃ
2798 2101 2890 2153 τὸν
2933 2101 3279 2172 πρωτότοκον
3308 2105 3385 2165 είς
3412 2104 3498 2174 τὴν
3521 2109 3647 2161 οἰκου-

2140 2188 2328 2261 μένην,
2359 2190 2544 2259 λέγει·
2583 2192 2695 2246 Καὶ
2744 2192 3281 2264 προσκυνησάτωσαν
3328 2194 3463 2266 αὐτῷ
3502 2198 3648 2263 πάντες

2135 2280 2358 2349 ἄγγελοι
2386 2278 2543 2336 Θεοῦ.
2608 2300 2624 2333 ι
2673 2283 2787 2337 Καὶ
2819 2283 3011 2336 πάλινο
3066 2299 3088 2335 ι
3123 2282 3244 2335 Τίνι
3289 2283 3392 2353 γὰρ
3419 2279 3522 2338 εἶπέ
3557 2305 3648 2341 ποτε

2136 2370 2244 2421 τῶν
2268 2368 2517 2439 ἀγγέλων
2540 2387 2553 2399 ⁸
2590 2368 2717 2435 Υἱός
2768 2388 2868 2442 μου
2896 2365 2948 2423 εἴ
2981 2370 3067 2437 σὺ,
3103 2371 3218 2440 ἐγὼ
3262 2372 3487 2443 σήμερον
3509 2376 3648 2442 γεγέν-

2138 2462 2277 2532 νηκά
2319 2477 2411 2514 σε’
2458 2463 2570 2525 καὶ,
2620 2462 2804 2517 Κάθου
2846 2465 2914 2517 ἐκ
2950 2461 3145 2527 δεξιῶν
3202 2479 3327 2533 μου,
3374 2464 3470 2527 ἕως
3509 2465 3562 2518 ἂν
3595 2466 3650 2518 θῶ

2136 2554 2259 2616 τοὺς
2288 2552 2519 2625 ἐχθρούς
2567 2569 2661 2608 σου
2690 2556 2982 2610 ὑποπόδιον
3022 2554 3137 2607 τῶν
3183 2554 3359 2607 ποδῶν
3391 2572 3504 2622 eoo;
3539 2557 3647 2610 ιΓέ-

2134 2662 2380 2718 γραπται
2427 2647 2483 2701 δὲ
2529 2646 2694 2701 πάλιν
2735 2649 2864 2718 περὶ
2913 2649 3127 2702 αὐτῶν
3188 2664 3208 2698 ‹
3274 2646 3332 2700 '0
3374 2650 3524 2703 ποιῶν
3564 2651 3673 2714 rei;

2134 2736 2400 2807 ἀγγέλους
2424 2736 2588 2792 αὐτοῦ
2615 2740 2924 2811 πνεύματα,
2958 2740 3052 2794 καὶ
3095 2740 3225 2802 τοὺς
3253 2737 3567 2810 λειτουργοὺς
3585 2740 3643 2792 αὖα

2133 2830 2228 2884 τοῦ
2279 2829 2453 2903 πυρὸς
2507 2830 2702 2900 φλόγα.
2763 2851 2782 2884 ι
2839 2832 3123 2904 Τοσαύτης
3178 2831 3459 2905 τοιγαροῦν
3503 2833 3649 2902 μεταξὺ

2135 2920 2392 2994 κειμένης
2428 2923 2711 2995 διαφορᾶς,
2745 2925 2821 2987 ὡς
2854 2926 2944 2978 τὸν
2970 2926 3066 2996 μὲν
3097 2925 3227 2979 Υίδν
3262 2923 3650 2997 προσκυνεῖσθαι,

2133 3014 2464 3086 λειτουργεῖν
2500 3015 2555 3069 δὲ
2585 3015 2733 3087 αὑτῷ
2763 3018 2889 3081 τοὺς
2938 3018 3229 3088 ἀγγέλουςο
3276 3018 3367 3071 καὶ
3404 3016 3484 3069 τὸν
3510 3014 3584 3086 μὲν
3615 3015 3653 3066 ὲν

2133 3104 2282 3173 τάξει
2313 3104 2581 3176 βασιλέως
2618 3105 2714 3160 καὶ
2742 3105 2875 3160 Υἱοῦ
2925 3110 3019 3162 καὶ
3063 3107 3340 3161 Δεσπότω
3376 3104 3651 3169 καθέζεσθαι,

468 3199 719 3254 turaliter
777 3200 898 3253 talis
941 3213 1064 3253 esse
1094 3196 1492 3266 cognoscitur?
1546 3196 1678 3251 Nam
1710 3194 1755 3250 si
1804 3202 2020 3249 creatur

2142 3199 2256 3263 τοὺς
2287 3199 2344 3252 δὲ
2373 3198 2797 3254 ἀποστέλλεσθαι
2829 3201 2907 3263 εἰς
2932 3200 3233 3254 διακονίαψ
3270 3200 3385 3265 πῶς
3427 3200 3515 3253 οὐκ
3548 3199 3655 3252 ἔσται

465 3302 572 3354 est,
600 3291 753 3362 juxta
780 3305 1033 3346 vesanam
1057 3291 1435 3345 haereticorum
1470 3288 1808 3358 Opinionem,
1844 3297 2045 3355 oppor-

467 3396 599 3439 tune
635 3384 741 3439 dici
792 3383 994 3453 poterit
1039 3398 1146 3436 ttull
1197 3378 1375 3436 solum
1408 3392 1530 3443 nos,
1580 3379 1677 3434 sed
1708 3378 1874 3433 etiam
1904 3379 2049 3448 ipsas

465 3482 764 3545 potestates
797 3474 1048 3529 cmiestes
1081 3486 1318 3536 errasse,
1354 3472 1557 3543 quippe
1591 3486 1711 3541 quae
1744 3482 2048 3527 creaturam

466 3582 563 3638 pro
586 3565 849 3622 Creatore
884 3566 1171 3622 coluerunt
1228 3568 1269 3621 ³.
1293 3566 1362 3621 At
1395 3566 1440 3621 si
1474 3568 1575 3621 hoc
1619 3564 1913 3620 absurdum
1963 3574 2044 3619 est

463 3662 663 3731 (neque
713 3659 857 3714 enim
912 3661 1203 3731 quisquam
1259 3668 1480 3715 sanctos
1542 3657 1762 3729 angelos
1832 3671 2043 3713 errasse

462 3751 627 3814 dicet,
658 3751 767 3807 imo
797 3752 976 3822 potius
1007 3764 1134 3808 vera
1171 3748 1266 3809 Dei
1299 3752 1611 3824 cognitione
1650 3753 1862 3824 praediti
1894 3757 2042 3813 sunt,

458 3854 514 3896 et
560 3845 791 3899 adorant
823 3842 1017 3899 Filium
1052 3854 1309 3917 tauquam
1341 3854 1533 3901 natura
1578 3844 1795 3916 Deum),
1822 3861 1927 3900 non
1963 3855 2044 3898 est

458 3934 626 4005 igitur
658 3932 831 3992 Filius
866 3946 1123 3992 creatura
1159 3938 1241 3993 vel
1276 3952 1434 4008 opus.
1472 3936 1625 4004 Quod
1659 3936 1802 3989 enim
1840 3935 2044 3990 factum

458 4035 563 4090 est,
611 4025 749 4081 Deus
782 4038 978 4082 natura
1011 4043 1130 4082 esse
1157 4041 1262 4081 non
1294 4036 1490 4096 potest.

525 4293 894 4361 Quamobrem,
930 4293 1149 4362 fratres,
1184 4304 1289 4346 non
1319 4305 1499 4346 summ
1537 4291 1752 4346 ancilla:
1789 4292 1912 4363 ﬁlii,
1947 4311 2036 4349 ua

455 4386 655 4452 libera,
688 4400 793 4455 qua
823 4384 1066 4438 libertate
1096 4383 1338 4439 Christus
1377 4399 1470 4438 nos
1514 4384 1750 4439 liberavit
1780 4385 1803 4417 ⁸
1829 4429 1844 4452 ,
1881 4394 2035 4442 stare.

2135 3287 2268 3354 Θεὸς
2310 3291 2338 3343 6
2372 3288 2465 3343 καὶ
2494 3290 2599 3344 ὑπὺ
2624 3291 2732 3344 τῶν
2765 3290 3012 3359 ἀγγέλων
3042 3290 3119 3356 ὡς
3146 3291 3309 3346 τοῦτο
3348 3291 3420 3344 ὢν
3447 3289 3563 3344 κατὰ
3585 3288 3654 3357 φύ-

2135 3398 2220 3436 σιν
2247 3382 2691 3449 γινωσκόμενος;
2743 3381 2806 3435 ΕΞ
2835 3382 2947 3454 γὰρ
2993 3382 3212 3455 ποιημά
3256 3385 3390 3447 ἐστι,
3437 3382 3555 3437 κατὰ
3588 3380 3656 3453 τὴν

2131 3473 2240 3527 τῶν
2278 3470 2727 3546 ἑτεροδοξοὺντων
2755 3474 3032 3539 ἀδουλίαν,
3081 3474 3208 3546 ὥρα
3259 3474 3430 3545 λέγειν
3457 3475 3509 3528 οὑ
3540 3474 3655 3545 μόνον

2131 3564 2302 3637 ἡμᾶς,
2332 3562 2471 3619 ἀλλὰ
2498 3564 2593 3620 καὶ
2627 3564 2800 3631 αὑτὰς
2830 3566 2933 3630 τὰς
2958 3568 3016 3619 ὲν
3046 3565 3310 3639 οὐρανοῖς
3342 3562 3655 3634 πεπλανῆσθαι

2130 3654 2409 3727 δυνάμεις,
2463 3659 2541 3721 ὡς
2587 3656 2873 3731 λατρεύειν
2922 3662 2988 3730 τῇ
3040 3658 3221 3713 κτίσει
3268 3658 3415 3730 παρὰ
3454 3656 3533 3711 τὸν
3570 3655 3654 3709 κτί-

2134 3767 2322 3804 σαντα.
2358 3750 2424 3804 Ei.
2449 3749 2506 3804 δὲ
2526 3749 2684 3805 τοῦτο
2711 3750 2911 3806 ἄτοπον
2938 3751 3019 3821 (οὐ
3057 3752 3170 3824 γὰρ
3198 3753 3266 3807 ἄν
3303 3769 3385 3815 τις
3413 3748 3654 3805 πλανᾶσθαι

2133 3844 2320 3911 φήσειε
2351 3844 2476 3908 τοὺς
2508 3843 2698 3912 ἁγίους
2732 3842 3017 3913 ἀγγέλους,
3068 3844 3283 3915 ἀληθὴς
3325 3844 3381 3897 δὲ
3423 3841 3590 3913 μᾶλλον
3618 3840 3655 3889 ἐν

2132 3935 2315 4000 αὐτοῖς
2354 3937 2387 4007 ή
2441 3937 2569 4006 περὶ
2599 3935 2694 3991 τοῦ
2728 3936 2861 3990 Θεοῦ
2902 3936 3124 4005 γνῶσις,
3176 3936 3274 3989 καὶ
3322 3931 3654 4005 προσκυνοῦσιν

2130 4026 2204 4089 ὡς
2228 4025 2385 4081 τοῦτο
2420 4028 2561 4083 κατὰ
2587 4028 2749 4100 φύσιν
2779 4029 2909 4083 ὄντα
2931 4028 3021 4081 τὸν
3048 4026 3223 4097 Υῑδν),
3262 4028 3361 4080 οὐκ
3386 4025 3483 4098 ἄρα
3504 4025 3655 4091 κτίσμα

2130 4116 2304 4182 ἐστὶν,
2335 4118 2455 4173 οὐδὲ
2482 4120 2606 4192 ποίη
2616 4138 2711 4191 μα.
2744 4120 2817 4174 Τὸ
2842 4118 2951 4193 γὰρ
2979 4119 3116 4183 ὅλως
3143 4118 3392 4191 ποιηθὲν,
3423 4116 3513 4170 οὐκ
3531 4116 3657 4179 ἂνεῖη

2135 4209 2293 4278 φύσει
2323 4209 2477 4275 Θεὸς.

2213 4296 2313 4349 Διὸ
2332 4295 2583 4365 ἀδελφοὶ
2616 4297 2728 4351 οὐκ
2756 4296 2947 4366 ἐσμὲν
2966 4296 3300 4366 παιδίσκης
3329 4298 3516 4363 τέκνα,
3543 4292 3655 4349 dlis

2138 4387 2252 4453 τῆς
2271 4386 2706 4456 ἐλευθέρας.ΐῇ
2727 4389 3036 4458 ἐλευθερίᾳ
3054 4389 3358 4459 ᾖΧριστύς
3376 4388 3517 4458 ἡμᾶς
3532 4389 3659 4453 ἠλευ-

459 4479 516 4532 Si
551 4477 762 4533 Domini
791 4486 873 4531 est
902 4477 1159 4542 liberare,
1186 4478 1437 4532 Christus
1466 4486 1646 4530 autem
1684 4475 1879 4532 liberat
1915 4493 2024 4543 nos,

2142 4481 2368 4548 θέρωσε
2411 4479 2684 4549 στήκετε.
2723 4479 2782 4533 El
2807 4483 3077 4537 Δεσπότου
3107 4483 3170 4536 τὸ
3203 4481 3527 4549 Ξλευθερνιϋν,
3551 4478 3658 4529 ἑλεν-

455 4590 484 4629 s
512 4572 642 4641 jugo
678 4572 954 4626 servitutis
984 4572 1193 4634 eximit,
1226 4571 1278 4626 in
1303 4573 1636 4641 adoptionem
1670 4586 1891 4639 vocans,
1926 4588 2031 4626 non

455 4676 537 4717 est
571 4664 685 4734 ipse
715 4678 907 4721 servus
938 4665 1030 4717 sed
1061 4664 1245 4726 Filius.
1269 4676 1323 4718 et
1355 4666 1633 4732 Dominus,
1665 4673 1718 4720 et
1752 4668 1893 4735 quod
1924 4668 2037 4734 ipse

457 4772 552 4825 per
582 4769 832 4812 naturam
866 4767 968 4819 ρει,
1000 4757 1051 4811 id
1080 4756 1257 4827 dignis
1291 4773 1385 4826 per
1414 4759 1641 4828 gratiam
1682 4756 1962 4826 elargitur.

452 5012 459 5017 _
535 4955 554 4989 ι
590 4936 744 4993 Unus
800 4938 1077 5008 Dominus,
1143 4958 1247 4995 una
1314 4943 1466 5003 ltdes.
1526 4957 1665 4996 unus
1716 4942 2035 5012 baptismus,

438 5046 601 5109 .unus
633 5029 776 5088 Dens
813 5043 867 5087 et
898 5032 1061 5090 Pater
1089 5034 1355 5099 omnium,
1386 5037 1476 5104 qui
1511 5044 1594 5089 est
1632 5048 1796 5104 super
1828 5038 2035 5102 omnia,

442 5132 515 5181 ct
545 5138 642 5192 per
669 5122 873 5183 omnia.
906 5135 953 5176 et
988 5125 1039 5177 in
1072 5122 1326 5178 omnibus
1349 5130 1389 5178 ⁷.
1421 5142 1441 5176 ι
1487 5122 1619 5179 Cum
1656 5140 1793 5180 unus
1827 5126 1897 5181 sit
1930 5125 2036 5181 Do-

461 5208 642 5265 minus
687 5209 828 5266 Dens
884 5213 1065 5274 Pater,
1108 5214 1379 5283 quomodo
1418 5214 1522 5269 erit
1568 5212 1738 5271 Filius
1776 5206 2036 5273 Dominus

457 5303 501 5357 si
527 5313 610 5357 est
639 5306 933 5358 creatura?
966 5304 1305 5359 Manifestum
1351 5306 1496 5362 enim
1530 5320 1611 5364 est
1639 5318 1822 5364 creata
1852 5312 2034 5364 omnia

458 5395 671 5448 servilis
707 5411 827 5450 esse
861 5394 1402 5462 natur.e.'Quomodo
1438 5409 1642 5465 autem,
1667 5415 1789 5453 cum
1823 5401 1895 5454 sit
1931 5417 2034 5455 nua

460 5486 613 5554 ﬁdes,
660 5488 752 5557 qui
804 5488 973 5543 credit
1020 5488 1071 5543 in
1124 5486 1316 5546 Filium
1357 5494 1529 5548 credit
1583 5494 1634 5547 in
1677 5493 1920 5561 Patrem,
1966 5497 2033 5559 si,

450 5577 602 5647 juxta
645 5582 1001 5651 quorumdam
1034 5581 1318 5647 insaniam,
1364 5599 1392 5637 a
1431 5587 1668 5642 naturali
1700 5603 1822 5642 cum
1875 5589 2034 5645 Patre

455 5674 837 5742 conjunctione
870 5676 1147 5745 sejunctns
1188 5677 1316 5732 est?
1363 5678 1549 5748 Atqui,
1597 5697 1719 5737 cum
1751 5680 1916 5738 Pater
1965 5686 2034 5739 sit

2138 4570 2295 4641 Θεροῖ
2313 4571 2372 4625 δὲ
2396 4572 2541 4641 ἡμᾶς
2564 4572 2596 4624 6
2623 4572 2880 4641 Χριστὸς,
2900 4574 2995 4626 καὶ
3014 4571 3125 4625 τῶν
3150 4572 3341 4640 ζυγῶν
3362 4572 3453 4638 τῆς
3475 4567 3660 4625 δουλείας

2118 4663 2373 4731 ηήνίησιν,
2407 4662 2488 4724 εἰς
2522 4663 2745 4732 υίότητα
2770 4662 2973 4723 καλῶν.
3006 4665 3108 4715 οὐκ
3146 4663 3261 4732 ἄρα
3293 4660 3468 4714 δοῦλα
3521 4657 3656 4712 αὑιὸς.

2134 4760 2250 4813 ἀλλ’
2266 4760 2414 4825 Υἱὸς,
2441 4762 2535 4812 καὶ
2554 4760 2853 4831 Δεσπότης,
2878 4760 3015 4830 ὅπερ
3044 4761 3159 4815 ἐστὶ
3192 4761 3337 4814 κατὰ
3360 4759 3527 4827 φύσιν,
3546 4752 3663 4805 τοῦ-,ο

2137 4852 2245 4913 τοῖς
2276 4853 2448 4915 ἀξίοις
2486 4853 2627 4906 κατὰ
2664 4856 2824 4925 χάριν
2848 4854 3129 4914 ἐπιτιθείς.

2211 4966 2229 4998 ι
2268 4942 2361 5011 Εἷς
2396 4947 2619 5018 Κύριος,
2666 4950 2764 5020 μία
2803 4950 3003 5015 πίστις,
3036 4948 3096 5004 ἓν
3133 4950 3441 5022 βάπτισμα,
3478 4942 3547 5013 εἷς
3571 4944 3667 5007 θεὸς

2134 5037 2229 5089 καὶ
2260 5036 2451 5107 Πατὴρ
2502 5037 2740 5099 πάντων,
2766 5040 2795 5092 6
2828 5040 2921 5092 ἐπὶ
2947 5039 3187 5106 πάντων,
3223 5041 3320 5095 καὶ
3354 5041 3438 5094 διὰ
3479 5040 3664 5096 πάντων,

2134 5128 2231 5185 καὶ
2260 5130 2317 5182 ὲν
2352 5129 2535 5183 πᾶσιν.
2570 5149 2588 5180 ι
2619 5126 2769 5192 Ἐνὸς
2797 5128 2949 5194 ὄντος
2974 5130 3180 5202 Κυρίου
3214 5132 3310 5184 τοῦ
3326 5128 3456 5184 Θεοῦ
3487 5129 3565 5182 καὶ
3589 5127 3665 5177 lla-

2134 5223 2277 5294 τρὸς,
2299 5221 2415 5285 πῶς
2440 5222 2593 5274 ἔσται
2617 5222 2821 5291 Κύριος
2836 5224 2866 5275 6
2887 5224 3037 5287 Υἱὸς,
3058 5225 3110 5277 εί
3124 5240 3190 5291 γε
3224 5224 3432 5294 ποίημα
3454 5221 3484 5291 ἢ
3505 5219 3662 5285 κτίσμα

2136 5315 2291 5381 sesi;
2324 5313 2596 5385 Πρόδηλον
2636 5314 2745 5385 γὰρ
2769 5316 2849 5369 ὅτι
2884 5317 2953 5370 τὰ
2996 5316 3347 5387 πεποιημένα
3378 5315 3553 5385 δούλην
3582 5312 3664 5379 ἔχει

2134 5405 2231 5477 τὴν
2252 5406 2433 5476 φύσιν.
2456 5407 2579 5471 Πῶς
2594 5407 2650 5460 δὲ
2677 5409 2771 5461 καὶ
2792 5408 3027 5473 πίστεως
3050 5408 3222 5479 οὔσης
3247 5411 3377 5480 μιᾶς
3398 5411 3425 5461 ὁ
3447 5404 3663 5460 πιστεύων

2135 5503 2213 5564 εἰς
2244 5501 2334 5553 τὸν
2360 5499 2508 5563 Υἱδν,
2549 5502 2630 5564 είς
2677 5501 2768 5553 τὸν
2803 5499 3021 5571 Πατέρα
3073 5502 3345 5566 πιστεύει,
3380 5502 3432 5554 εἴ
3461 5517 3517 5569 γε
3561 5493 3663 5549 κατὰ

2133 5594 2232 5665 τήν
2257 5611 2418 5647 τινων
2462 5594 2718 5648 ἀδουλίαν
2748 5592 3101 5647 διακέκοπται
3142 5595 3245 5663 τῆς
3289 5595 3425 5663 πρὸς
3465 5591 3546 5643 τὸν
3582 5588 3661 5639 Πι-

2136 5688 2264 5756 τέρα
2317 5687 2603 5752 κοινωνίας
2647 5687 2916 5756 φυσικῆς
2981 5687 3122 5740 Ἀλλ’
3169 5687 3328 5749 ὄντος
3374 5683 3560 5755 Κυρίου
3596 5676 3661 5728 τοῦ

530 5821 988 5906 ξβιιΙιιῑᾏινεᾸό,
1030 5827 1116 5883 ιι.
1194 5825 1401 5887 'llebr.
1434 5842 1473 5895 ι,
1516 5831 1570 5882 δ.
1645 5827 1664 5860 ι
1698 5828 1830 5885 ibid.
1874 5829 1933 5895 ο,
1985 5827 2040 5898 7,
2070 5829 2153 5886 ιδ.
2236 5832 2421 5890 ιιιςειι.
2456 5848 2569 5899 Clit,
2617 5835 2669 5890 ι.
2747 5837 2767 5868 ι
2796 5832 2956 5893 Rom.
2999 5853 3038 5906 ι,
3072 5838 3162 5897 25.
3231 5840 3447 5896 αδδιδι.
3481 5852 3546 5905 ιν,
3590 5833 3655 5890 ιι.

454 5899 475 5930 "
509 5898 708 5968 Lplies.
742 5912 817 5968 tr,
852 5898 904 5964 5,
943 5905 994 5952 0'.
