3920 6578
159 425 292 490 645

1108 434 1477 495 ΡΛΝΟιῚιίΛ
1522 433 1977 496 DOGMA'l'lCA.
2022 460 2093 473 -ο
2130 436 2276 500 ΤΙΤ.
2323 439 2430 498 XI.

3320 444 3424 505 046

142 553 305 606 Θεοῦ
340 553 429 608 καὶ
459 552 690 624 Πατρδς,
717 553 922 624 Κύριός
957 554 1073 607 ἐστι
1106 555 1197 608 καὶ
1227 556 1255 608 6
1285 553 1430 620 Υἱὸς,
1476 557 1570 609 καὶ
1602 558 1630 610 6
1658 573 1747 610 πι-

1860 557 2129 623 Doutinus,
2164 557 2336 614 Filius
2359 572 2576 633 quoque
2600 573 2684 618 est
2717 564 2996 632 Dominus,
3033 579 3087 625 et
3112 571 3204 642 qui
3250 573 3427 630 credit

145 645 374 699 στεύων
402 648 482 709 είς
511 644 692 709 αὑτὸν,
718 647 795 709 είς
826 644 915 698 τὸν
940 646 1159 718 Πατέρα
1180 647 1442 700 πιστεύει.
1493 648 1586 700 Ἐκ
1630 648 1746 701 ﬂat-

143 738 293 808 τρὸς
323 739 433 811 γὰρ
461 738 704 810 δηλονότι
741 739 837 791 καὶ
865 739 922 791 ὲν
982 738 1154 809 Πατρὶ
1199 739 1442 808 φυσικῶς
1485 740 1746 812 ὑπάρχων

145 832 314 897 Υἱὸς,
345 832 486 903 ἔχων
515 849 575 885 τε
612 828 679 886 αὖ
711 831 873 884 πάλιν
907 832 966 883 ἐν
995 830 1175 901 ἐαυτῷ
1209 831 1299 885 τὸν
1333 832 1572 904 Πατέρα,
1616 851 1741 886 συν-

145 921 499 992 θεολογείται
550 922 647 977 καὶ
697 921 1096 987 συνδοξάζεται.
1143 923 1251 976 Καὶ
1290 922 1462 985 οὕτως
1496 926 1574 987 είς
1616 923 1746 994 μίαν

145 1014 449 1069 ἀναϐαίνει
499 1015 726 1084 θεότητα
774 1014 884 1067 τῶν
934 1015 1324 1087 προσιόντωνή
1382 1014 1583 1079 πίστις.
1616 1015 1743 1079 Πῶς

146 1100 254 1160 οὖν
290 1106 351 1159 ὲν
394 1105 715 1177 ποιήμασιν,
741 1107 770 1159 6
797 1106 980 1160 πάντα
1014 1105 1149 1172 ἔχων
1177 1104 1331 1159 κοινὰ
1360 1105 1493 1175 πρὸς
1523 1104 1613 1157 τὸν
1651 1098 1756 1158 Ha-

145 1198 321 1267 τέρα,
348 1197 424 1261 ὡς
463 1196 669 1267 ἀληθὴς
703 1196 869 1251 αὑτοῦ
924 1197 1023 1265 τῆς
1061 1198 1249 1259 οὐσίας
1300 1196 1533 1268 καρπὸς,
1574 1195 1667 1249 καὶ
1694 1194 1755 1250 οὓ

149 1288 424 1357 καθάπερ
456 1289 618 1357 ἡμεῖς
646 1286 792 1339 θετοὶ
829 1286 965 1357 πρὸς
1008 1287 1233 1358 υίὸτητα
1277 1286 1371 1339 καὶ
1402 1287 1752 1358 ἐγκεκεντρι-

151 1381 341 1449 σμένα
374 1378 725 1449 βλαστήματα
749 1396 764 1443 ;

234 1602 253 1632 ι
292 1583 519 1637 Γίνεσθε
564 1580 654 1637 οὖν
689 1584 925 1654 μιμηταὶ
972 1583 1066 1636 τοῦ
1100 1582 1260 1647 Θεοῦ,
1295 1584 1369 1647 ὼς
1402 1584 1568 1637 τέκνα
1617 1585 1751 1652 ἁγα-

150 1673 335 1743 πῖ,τὰ,
377 1674 472 1729 καὶ
502 1677 852 1745 περιπατεῖτε
877 1678 935 1727 ὲν
964 1676 1177 1745 ἀγάπῃ,
1211 1674 1393 1737 καθὼς
1434 1675 1529 1730 καὶ
1562 1674 1590 1726 6
1616 1676 1752 1745 X9t-

155 1765 287 1828 στος
330 1766 619 1837 ἠγάπησεν
647 1766 817 1835 ἡμᾶς,
864 1765 959 1818 καὶ
1007 1764 1321 1834 παρέδωκεν
1372 1763 1566 1818 ἑαυτὸν
1612 1762 1755 1834 ὑπὲρ

156 1859 342 1929 ᾑμὼν.
386 1877 405 1911 ι
441 1859 581 1929 Ὅρα
613 1857 677 1928 δὴ
702 1857 862 1910 πάλιν
891 1858 1040 1921 ὅπως
1090 1856 1221 1909 Θεὸν
1250 1852 1355 1910 οἴδέ
1405 1874 1463 1909 τε
1502 1856 1597 1908 καὶ
1635 1857 1753 1907 ὀνο-

159 1951 329 2021 μάζει
363 1949 617 2021 Χριστόν.
654 1948 910 2021 Είρηκὼς
942 1949 1051 2021 γὰρ
1088 1949 1198 2003 δεῖν
1226 1950 1373 2020 ἡμᾶς
1406 1949 1649 2020 μιμητάς
1669 1965 1755 2016 γε·

157 2038 356 2092 νέσθαι
418 2037 573 2104 Θεοῦ,
620 2038 782 2102 εὐθὺς
832 2036 1195 2107 παρατίθησιν
1246 2036 1431 2101 αὐτὸν,
1483 2037 1576 2090 καὶ
1607 2038 1754 2102 ὅπως

154 2129 456 2202 μιμεῖσθαι
506 2131 794 2200 προσήκει,
843 2129 1082 2182 διδάσκει
1126 2128 1332 2196 λέγων’
1365 2148 1382 2179 ι
1417 2128 1615 2193 Καθὼς
1660 2130 1755 2183 καὶ

149 2225 179 2274 6
217 2221 464 2291 Χριστὸς
496 2222 783 2293 ἠγάπησεν
826 2224 995 2294 ἡμᾶς,
1028 2221 1123 2275 καὶ
1146 2222 1333 2275 ἑαυτὸν
1380 2223 1580 2276 ἔδωκεν
1614 2223 1755 2295 ὑπὲρ

152 2315 344 2385 ἡμῶν.
390 2333 408 2365 ι
443 2314 577 2368 Θεοῦ
607 2314 897 2385 τοιγαροῦν
921 2314 1073 2378 ὄντος
1104 2332 1163 2367 τε
1185 2314 1346 2385 φύσει
1379 2314 1470 2367 καὶ
1497 2316 1757 2386 ὀνομαζο-

158 2406 335 2475 μένου
378 2398 637 2476 Χριστοῦ,
666 2406 759 2460 καὶ
791 2404 950 2459 τοῦτο
994 2406 1145 2476 παρὰ
1186 2402 1281 2458 τοῦ
1319 2407 1755 2478 πεπιστευμένου

158 2498 223 2575 τὸ
254 2484 598 2567 Εὐάγγέλιον
630 2498 777 2568 παρὰ
799 2495 933 2550 Θεοῦ
958 2496 1053 2549 καὶ
1086 2497 1316 2567 Πατρδς,
1355 2498 1437 2561 τίς
1459 2498 1568 2552 τῶν
1594 2498 1759 2569 ἕτερα

98 2578 105 2579 ί
160 2587 441 2663 λεγόντων
488 2588 775 2656 ἀνέξεται;
814 2589 871 2642 Ὀ
913 2588 971 2641 δὲ
1019 2586 1179 2657 φύσει
1224 2587 1378 2658 Θεὸς,
1414 2588 1532 2651 πῶς
1562 2589 1629 2645 ἂν
1670 2588 1759 2662 εἴη

161 2681 382 2751 κτίσμα
410 2681 442 2750 ἢ
474 2681 687 2752 ποίημα
713 2698 726 2747 ;

240 2922 263 2955 r
310 2902 485 2956 Τοῦτο
512 2902 621 2973 γὰρ
670 2902 783 2959 ίστε
824 2902 1187 2974 γινώσκοντες
1212 2906 1294 2959 ὅτι
1337 2907 1448 2969 πᾶς
1482 2905 1756 2977 πόρνος.ἢ

163 2994 504 3065 ἀκάθαρτος,
532 2995 565 3067 ἢ
593 2995 939 3067 πλεονέκτης,
966 2997 1025 3062 ὅς
1048 2999 1194 3051 ἐστιν
1214 2998 1627 3070 ειδωλολάτρης,
1659 3000 1759 3052 οὐκ

166 3090 282 3157 ἔχει
335 3088 703 3159 κληρονομίαν
751 3090 811 3143 ὲν
840 3093 908 3161 τῇ
966 3090 1215 3163 βασιλείᾳ
1240 3090 1334 3146 τοῦ
1387 3091 1624 3162 Χριστοῦ
1664 3092 1760 3144 καὶ

1849 651 1900 702 in
1936 650 2135 718 ipsum,
2168 651 2222 705 in
2255 649 2469 707 Patrem
2515 657 2709 710 credit.
2750 658 2826 711 Ex
2866 659 3028 714 Patre
3071 663 3213 717 enim
3252 666 3425 722 mani-

1848 738 1983 796 {este
2023 748 2076 797 et
2127 742 2179 797 in
2225 738 2386 799 Patre
2422 748 2741 801 naturaliter
2774 752 3045 807 exsisteus
3088 750 3282 818 Filius,
3336 759 3424 809 ha-

1849 833 2089 900 bensque
2116 832 2353 889 vicissim
2383 834 2437 889 in
2479 849 2536 890 se
2568 836 2801 903 Patrem,
2840 832 3150 896 simui‘rum
3188 860 3251 898 eo
3284 845 3425 903 Deus

1850 923 2067 988 dicitur,
2106 936 2160 979 et
2191 927 2350 981 simul
2379 928 2735 997 gloriﬁcatur.
2771 932 2945 1002 Atque
2974 933 3047 991 ita
3082 938 3420 993 credentium

1845 1012 1979 1069 ﬁdes
2008 1014 2063 1070 in
2104 1031 2264 1071 unam
2296 1020 2550 1074 deitatem
2582 1022 2773 1075 tendit.
2808 1025 3089 1089 Quomodo
3123 1028 3287 1098 igitur
3323 1043 3423 1082 ειη-

1837 1107 2219 1163 numerabitur
2255 1108 2525 1164 creaturis
2560 1110 2653 1179 qui
2688 1112 2873 1167 omnia
2920 1113 3081 1170 habet
3112 1120 3422 1174 communia

1836 1217 1959 1258 cum
2005 1200 2191 1268 Patre,
2230 1211 2289 1255 ut
2334 1215 2497 1256 verus
2538 1206 2793 1259 essentia:
2831 1208 3000 1278 ipsius
3045 1210 3273 1277 fructus,
3311 1230 3416 1267 non

1837 1303 2019 1347 autem
2074 1293 2214 1348 sicut
2273 1304 2369 1349 nos
2433 1293 2677 1363 adOptitii
2734 1296 2825 1350 lilii
2868 1309 3027 1368 atque
3066 1304 3253 1357 inserti
3299 1320 3420 1358 sur-

1836 1384 1979 1441 culi?

1917 1595 1935 1627 ι
1971 1573 2105 1630 Sitis
2171 1590 2323 1644 ergo,
2366 1576 2561 1645 inquit,
2615 1576 2918 1634 imitatores
2964 1581 3080 1645 Dei,
3135 1586 3276 1637 sicut
3324 1585 3418 1640 lilii

1840 1666 2044 1729 dilecti,
2070 1677 2123 1721 et
2157 1667 2429 1721 ambulate
2475 1669 2527 1722 in
2578 1670 2869 1736 charitate,
2914 1673 3054 1726 sicut
3086 1686 3138 1726 et
3170 1676 3421 1731 Christus

1837 1756 2026 1811 dilexit
2054 1774 2172 1820 nos,
2209 1770 2262 1811 et
2295 1759 2514 1812 tradidit
2546 1760 2784 1831 seipsum
2816 1779 2912 1831 pro
2946 1763 3136 1818 noliis'

1842 1863 2032 1902 rursus
2085 1851 2355 1918 quomodo
2383 1849 2657 1905 Christum
2704 1852 2869 1906 Deum
2905 1870 2968 1907 ac
3000 1854 3283 1910 Dominum
3331 1877 3424 1912 no.

1839 1940 2033 1996 minet.
2063 1941 2196 1994 Cum
2226 1943 2369 1995 enim
2402 1944 2627 1997 dixisset
2656 1943 2853 1999 debere
2886 1962 2981 1999 nos
3026 1947 3139 2001 fieri
3174 1948 3418 2004 imitato-

1839 2051 1927 2089 res
1974 2035 2088 2098 Dei,
2138 2034 2348 2099 Statim,
2386 2034 2663 2104 Seipsum,
2711 2038 2977 2108 adjungil,
3025 2049 3073 2094 et
3122 2050 3227 2109 quo
3262 2056 3421 2111 parto

1839 2127 2133 2182 imitandus
2163 2127 2254 2192 sit,
2280 2125 2435 2181 docet
2464 2128 2654 2182 dicens
2683 2146 2696 2181 :
2736 2147 2753 2180 ι
2784 2129 2939 2185 Sicut
2971 2140 3023 2185 et
3057 2130 3309 2188 Christus
3341 2135 3420 2188 di-

1839 2217 1970 2272 lexit
2004 2235 2123 2284 nos,
2159 2226 2211 2272 et
2247 2218 2468 2272 tradidit
2497 2218 2735 2288 seipsum
2766 2236 2864 2288 pro
2894 2222 3121 2277 uobis'.»
3153 2222 3285 2276 Cum
3322 2225 3421 2277 ita-

1839 2325 1944 2379 que
1976 2309 2226 2365 Christus
2270 2310 2336 2364 sit
2368 2325 2555 2364 revera
2587 2318 2642 2364 et
2672 2320 2895 2367 vocetur
2937 2312 3099 2378 Deus,
3150 2313 3217 2366 ab
3240 2329 3305 2369 eo
3333 2316 3419 2369 cui

1839 2401 2105 2456 creditum
2136 2411 2219 2456 est
2253 2401 2360 2456 Deo
2394 2416 2457 2456 ac
2492 2399 2654 2457 Patre
2692 2402 3063 2473 Evangelium,
3127 2406 3247 2476 quis
3284 2407 3424 2463 ferat

1839 2507 1935 2548 eos
1962 2492 2052 2563 qui
2084 2503 2273 2549 contra
2316 2494 2596 2550 sentiunt?
2630 2495 2732 2565 Qui
2760 2510 2886 2550 vero
2916 2507 2997 2552 est
3029 2509 3224 2554 natura
3258 2501 3421 2570 Deus,

1840 2586 2112 2657 quomodo
2336 2586 2408 2643 sit
2437 2600 2572 2658 Opus
2602 2588 2685 2642 vel
2715 2588 3009 2643 creatura?

3172 1805 3185 1818 .
3226 1786 3243 1817 ι
3288 1766 3419 1823 Vide

1917 2918 1938 2954 ι
1975 2899 2089 2956 Hoc
2133 2900 2306 2967 enim,
2347 2902 2544 2971 inquit.
2597 2901 2817 2965 scitote,
2852 2902 2995 2970 quod
3043 2905 3222 2958 omnis
3260 2902 3430 2957 furni.

1844 3004 2019 3058 sator,
2063 3004 2156 3051 aut
2184 2994 2519 3060 immundus,
2547 3005 2644 3049 aut
2668 3009 2886 3059 avarus,
2912 2996 3009 3063 qui
3037 3006 3124 3050 est
3160 2995 3425 3050 idniortnn

1841 3087 2039 3150 cultor,
2072 3101 2180 3143 non
2220 3087 2382 3142 habet
2425 3087 2797 3142 hareditatent
2825 3086 2879 3139 in
2926 3102 3095 3154 regno
3125 3089 3327 3143 Christi
3364 3106 3430 3143 ac

166 3180 333 3234 Θεοῦ.
372 3200 392 3232 ι
438 3180 571 3234 Ἰδοὺ
609 3182 771 3255 πάλιν
800 3182 1038 3254 Χριστὸν
1075 3183 1371 3254 ὀνομάσας,
1403 3182 1565 3247 εὐθὺς
1597 3183 1759 3236 αὐτὸν

1860 3177 1942 3234 Dei
2011 3174 2051 3229 ³.
2098 3194 2117 3228 ι
2214 3178 2356 3235 Ecce
2412 3192 2604 3233 rursus
2634 3192 2759 3234 cmn
2793 3178 3073 3237 Christum
3104 3181 3426 3245 norninavit,

160 3273 420 3341 ,εἰσφέρει
465 3273 558 3326 καὶ
617 3272 771 3339 Θεὸν,
821 3273 897 3337 ὡς
934 3274 1028 3329 τοῦ
1084 3274 1219 3328 Θεοῦ
1272 3276 1369 3329 καὶ
1429 3275 1643 3346 [ἰατρὸς
1700 3276 1758 3329 ἐν

1860 3270 2029 3325 ttatim
2075 3270 2352 3341 subjuugit
2397 3280 2449 3325 et
2489 3272 2675 3338 Deum,
2711 3281 2894 3340 utpote
2941 3272 3047 3327 Deo
3092 3283 3145 3329 et
3177 3272 3339 3331 Patre
3374 3276 3431 3330 iu

165 3362 323 3432 αὐτῷ
374 3363 787 3434 βασιλεύοντος,
850 3365 1016 3418 αὐτοῦ
1073 3384 1134 3419 τε
1195 3360 1265 3419 αὖ
1333 3366 1494 3421 πάλιν
1568 3370 1626 3421 ἐν
1680 3367 1759 3439 τῷ

170 3456 374 3528 Πιτρὶ,
418 3455 557 3509 κατὰ
587 3456 646 3508 τὸ
678 3457 807 3528 παρ’
840 3456 1003 3511 αὐτοῦ
1048 3458 1338 3530 λεγόμενον
1383 3460 1458 3522 ὼς
1502 3458 1637 3529 πρὸς
1668 3459 1761 3513 τὸν

171 3548 419 3617 Πατέρα,
467 3548 547 3601 ὅτι
592 3567 610 3600 r
671 3549 859 3603 Πάντα
903 3549 975 3603 τά
1020 3551 1130 3621 ἐμὰ
1179 3551 1249 3604 σά
1291 3553 1427 3618 ἐστι,
1460 3552 1554 3603 καὶ
1598 3552 1666 3604 τὰ
1694 3551 1762 3604 σὰ

171 3635 303 3703 ἐμά.
346 3654 364 3686 ι
407 3635 503 3689 Ἐν
532 3635 590 3688 δὲ
640 3637 750 3690 τῶν
793 3638 1012 3692 πάντων
1047 3641 1079 3709 ἡ
1129 3638 1396 3710 βασιλεία,
1450 3641 1603 3712 κοινὴ
1662 3640 1762 3710 μὲν

176 3724 291 3795 Υἱῷ
329 3725 464 3796 πρὸς
495 3727 735 3799 Πατέρα,
772 3728 924 3798 κοινὴ
962 3730 1018 3785 δὲ
1049 3731 1225 3803 Πατρὶ
1254 3730 1390 3802 πρὸς
1436 3732 1585 3796 Υἱὸν,
1619 3749 1759 3802 συμ-

173 3816 558 3880 ϐασιλεύοντος
576 3818 776 3891 δηλαδὴ
800 3819 895 3873 τοῦ
926 3820 1083 3889 ἁγίου
1107 3821 1248 3875 Πνεύ
1257 3840 1425 3892 ματος
1445 3840 1457 3855 ·
1492 3822 1635 3876 οὓτω
1652 3820 1762 3892 γὰρ

172 3910 206 3979 ἡ
231 3908 370 3976 ἁγία
404 3910 500 3963 καὶ
537 3911 990 3982 προσκυνουμένη
1023 3912 1215 3983 Τριὰς,
1245 3913 1326 3977 εις
1367 3913 1462 3985 τὴν
1514 3914 1642 3983 μίαν
1664 3913 1764 3984 τῆς

172 3999 431 4072 θεότητος
459 4001 793 4074 ἀναφέρεται
829 4001 1011 4073 φύσιν.
1040 4005 1164 4068 Πῶς
1194 4000 1288 4059 οῦν
1314 4005 1524 4076 ποίημα
1555 4007 1585 4059 6
1607 4004 1762 4075 βασι·

172 4091 352 4147 λεῦων
380 4095 438 4147 ὲν
467 4094 642 4167 lla-r91
668 4093 766 4148 καὶ
792 4094 933 4166 μετὰ
966 4096 1178 4167 Πατρὸς
1201 4096 1332 4161 Θεὸς
1368 4098 1568 4165 Δόγοςς

250 4340 269 4372 ι
309 4317 521 4389 Μηδεὶς
549 4318 693 4388 ὑμᾶς
717 4317 979 4374 ἀπατάτω
1010 4320 1185 4383 κενοῖς
1216 4318 1411 4389 λόγοις.
1449 4321 1548 4374 Διὰ
1595 4321 1767 4377 ταῦτα

177 4412 284 4484 γὰρ
312 4410 582 4483 ἔρχεταιή
610 4407 747 4480 ὀργὴ
771 4408 865 4463 τοῦ
887 4410 1023 4463 Θεοῦ
1050 4411 1144 4462 ἐπὶ
1165 4411 1293 4474 τοὺς
1318 4412 1465 4474 υἱοὺς
1490 4414 1590 4483 τῆς
1615 4414 1767 4466 em.

179 4501 354 4566 θείας.
402 4520 421 4552 ι
452 4503 561 4555 Καὶ
589 4500 732 4566 τίνες
768 4500 835 4555 ἂν
868 4498 978 4555 εἷεν
1009 4503 1057 4555 oi
1104 4503 1201 4574 τῆς
1238 4500 1521 4566 ἀπειθείας
1555 4506 1680 4565 υἱοὶ,
1719 4509 1765 4560 εί

184 4594 254 4667 μὴ
280 4595 505 4655 πάντως
541 4594 592 4646 oi
619 4592 705 4646 διὰ
738 4591 831 4646 τοῦ
872 4592 1216 4664 πλημμελεῖν
1250 4592 1360 4647 τῶν
1385 4594 1477 4648 τοῦ
1516 4595 1766 4667 Σωτῆρος

185 4686 691 4758 άποσκιρτήσαντες
730 4686 943 4753 νόμων;
980 4685 1040 4738 Ei
1066 4685 1123 4739 δὲ
1164 4686 1378 4749 τούτοις
1417 4687 1642 4756 ἐπάγων
1669 4689 1766 4759 τὴν

184 4780 370 4852 teriri,
414 4778 575 4839 αὐτός
603 4782 751 4832 ἐστιν
793 4778 823 4829 6
873 4777 1061 4848 Σωτὴρ
1096 4777 1184 4831 διὰ
1229 4777 1327 4831 τοῦ
1358 4777 1536 4861 λέγειν
1558 4793 1573 4809 ’
1610 4798 1628 4830 ι
1664 4778 1766 4831 Πο-

187 4868 409 4932 ρεύεσθε
466 4868 561 4921 ἀπ’
614 4868 766 4937 ἐμοῦ,
795 4869 842 4921 οἱ
871 4869 1267 4939 κατηραμένοι,
1328 4872 1406 4934 είς
1442 4871 1514 4923 τὸ
1570 4870 1680 4941 πῦρ
1708 4871 1769 4922 τὸ

186 4958 423 5011 αἰώνιον·
465 4977 483 5009 ι
510 4958 605 5011 καὶ
634 4958 766 5011 Θεὸν
796 4956 956 5011 αὑτὸν
986 4960 1014 5010 ὁ
1045 4962 1316 5032 μακάριος
1340 4962 1552 5026 Παῦλος
1583 4958 1688 5015 οἶδὲ
1710 4980 1767 5014 τε

188 5049 332 5114 ὂντα,
359 5049 456 5103 καὶ
482 5050 729 5120 εἰσφέρει
746 5049 832 5102 διὰ
863 5049 1089 5103 τούτων·
1115 5052 1197 5116 τίς
1218 5050 1323 5105 τῶν
1356 5054 1562 5122 ποίημα
1586 5052 1768 5122 λεγόν-

188 5152 295 5193 των
324 5139 572 5205 ἀνέξεται
591 5157 604 5200 ;

192 5234 301 5289 Τοῦ
347 5233 534 5291 αὐτοῦ
577 5234 647 5287 ἐκ
691 5230 813 5285 τᾶ»⁴
853 5231 1005 5284 κατὰ
1059 5228 1345 5295 Ἰωάννην
1395 5222 1762 5293 εὐαγγέλιον

258 5304 634 5375 him-numin-
661 5303 813 5375 πρὸς
863 5298 1531 5375 Ἀλπηνοὺς-λέγοντας
1557 5295 1767 5375 ἕτερον

256 5362 413 5433 είνὶὶι
434 5362 548 5430 ’τὸν
578 5362 937 5430 Μιᾶθέτονῗ
951 5370 1056 5424 τοῦ
1089 5362 1237 5423 Θεοῦ
1266 5362 1484 5436 Λόγον,
1517 5366 1614 5419 καὶ
1643 5362 1771 5417 ὅτε·

255 5465 371 5519 ρον
399 5445 504 5500 τὸν·
534 5447 691 5499 Υιόν.

264 5561 521 5630 Ἕτερον,
545 5561 731 5629 φασὶν,
752 5558 882 5610 ὄντα
907 5556 998 5609 τὸν
1024 5548 1152 5607 Υίδν
1182 5552 1329 5623 παρὰ
1357 5552 1443 5603 τὸν
1464 5546 1765 5603 ἐνδιάθετον

200 5656 354 5726 λόγον
396 5656 743 5725 εὑρίσκομεν,
770 5653 831 5705 οὗ
860 5654 977 5713 ταῖς
1003 5648 1205 5701 ἑαυτῶν
1237 5644 1469 5703 ἑννοίαις
1502 5644 1580 5705 είς
1610 5641 1766 5694 τοῦτο

201 5750 553 5820 προσέχοντες
574 5786 590 5813 ,
627 5747 760 5801 ἀλλὰ
794 5747 904 5807 τοῖς
936 5742 1042 5795 ἀπὸ
1069 5741 1168 5809 τῆς
1198 5739 1347 5801 θείας
1380 5738 1598 5807 Γραφῆς
1633 5734 1767 5787 θεω-

202 5847 457 5914 ρήμασιν.
512 5840 684 5895 Ὀταν
730 5840 837 5908 γάρ
880 5833 1202 5906 ἀκούσωμεν
1248 5829 1342 5885 τοῦ
1403 5829 1531 5884 Υίοῦ
1582 5829 1774 5895 λέγον-

1847 3361 1966 3429 ipso
2005 3371 2289 3433 regnante,
2337 3363 2559 3433 ipseque
2596 3377 2813 3418 rursum
2856 3364 2911 3418 in
2954 3364 3136 3431 Patre,
3177 3366 3332 3437 juxta
3367 3369 3434 3421 ilo

1845 3453 1937 3507 Ind
1989 3469 2018 3508 a
2067 3469 2128 3508 se
2180 3455 2247 3507 ad
2303 3452 2517 3511 Patrem
2568 3455 2813 3509 dictum:
2856 3474 2877 3506 ο
2921 3454 3115 3513 Omnia
3174 3473 3289 3513 mea
3342 3468 3429 3513 tua

1847 3554 1993 3610 sunt,
2035 3554 2087 3600 et
2136 3558 2223 3599 tua
2284 3562 2401 3601 mea
2455 3550 2492 3600 ⁸.
2524 3566 2541 3600 ι
2580 3546 2757 3604 Unum
2815 3560 2997 3602 autem
3055 3551 3297 3603 omnium
3346 3563 3429 3605 cst

1851 3650 2072 3706 regnum
2106 3652 2436 3695 :commune
2469 3638 2686 3707 quidem
2735 3640 2882 3694 Patri
2923 3656 3043 3696 cum
3084 3640 3240 3703 Filio,
3284 3658 3436 3697 rom—

1850 3740 2015 3781 tnune
2055 3741 2191 3781 vero
2214 3724 2350 3781 Filio
2389 3742 2513 3783 cum
2550 3727 2730 3792 Patre,
2762 3740 3133 3799 conregnante
3171 3730 3429 3785 nimirum

1850 3827 1907 3875 et
1951 3815 2157 3885 Spiritu
2210 3827 2451 3873 sancto:
2493 3819 2567 3872 ita
2620 3819 2767 3874 enim
2806 3829 2996 3873 sancta
3047 3828 3103 3873 et
3154 3821 3428 3874 adoranda

1856 3908 2101 3965 Trinitas
2144 3909 2197 3962 in
2232 3924 2393 3963 uuam
2427 3909 2646 3964 deitatis
2681 3920 2928 3962 naturam
2968 3910 3259 3980 colligitur.
3294 3910 3434 3979 Quu-

1854 3999 2016 4055 modo
2043 3999 2208 4070 igitur
2238 3999 2307 4055 sit
2345 4008 2592 4055 creatura
2636 3999 2777 4057 Deus
2809 3999 3042 4056 Verhuin
3094 4003 3144 4056 in
3184 4001 3342 4057 Patre
3382 4011 3436 4056 ct

1854 4107 1978 4149 cum
2014 4092 2177 4150 Patre
2208 4091 2477 4163 regnans?

1930 4341 1953 4379 ι
1982 4323 2195 4387 Nullus,
2242 4323 2439 4394 inquit,
2506 4340 2602 4381 vos
2650 4326 2905 4381 inanibus
2953 4327 3188 4397 decipiat
3232 4328 3438 4383 Verbis.

1858 4416 2092 4488 Propter
2119 4420 2233 4473 haec
2271 4417 2415 4472 enim
2446 4419 2591 4473 venit
2619 4422 2697 4473 ira
2737 4421 2826 4475 Dei
2870 4421 2922 4473 in
2956 4420 3094 4475 ﬁlios
3126 4420 3443 4475 iuubedicn-

1858 4515 1952 4567 tiae
2002 4518 2042 4567 ³.
2073 4532 2092 4565 ›
2139 4511 2370 4579 Quinam
2408 4527 2538 4566 vero
2586 4512 2695 4566 sint
2746 4513 2838 4568 ﬁlii
2889 4514 3296 4573 iuohedicntizn,
3342 4517 3440 4569 nisi

1862 4609 1950 4677 qui
1984 4622 2078 4677 per
2106 4614 2323 4674 peccata
2356 4619 2385 4658 a
2426 4606 2737 4660 Servatoris
2782 4606 2951 4659 nostri
2988 4606 3196 4676 legibus
3241 4608 3444 4662 resilie-

1864 4699 2027 4753 runt?
2058 4699 2113 4751 Si
2144 4712 2272 4751 vero
2301 4697 2349 4752 is
2381 4696 2473 4767 qui
2512 4697 2649 4751 iram
2692 4697 2744 4751 in
2780 4697 2898 4751 illos
2940 4697 3185 4751 immittit
3212 4710 3295 4752 est
3329 4700 3443 4769 ipse

1862 4795 2134 4862 Christus,
2185 4794 2373 4849 dicens
2406 4813 2419 4849 :
2457 4812 2476 4847 ι
2508 4793 2780 4849 Discedite
2819 4807 2847 4846 a
2879 4808 2985 4857 me,
3034 4790 3330 4859 maledicti,
3389 4794 3441 4847 in

1865 4888 2044 4956 ignem
2069 4898 2331 4941 teternum
2378 4890 2433 4951 ';
2466 4904 2484 4937 ι
2524 4892 2578 4938 ct
2621 4884 2811 4938 beatus
2840 4882 3038 4937 Paulus
3068 4881 3235 4937 Deum
3269 4885 3442 4954 ipsum

1864 4994 1986 5035 esse
2037 4980 2204 5044 novit,
2250 4978 2521 5049 talemque
2580 4976 2808 5039 imlueit,
2865 4975 3117 5044 quisnam
3165 4992 3257 5031 eos
3308 4976 3444 5032 ierat

1862 5072 1956 5140 ‘qui
1990 5072 2162 5138 ipsum
2185 5078 2491 5124 creaturam
2522 5083 2641 5123 esse
2674 5066 2898 5123 dicunt?

1870 5218 2125 5296 Ejusdem
2155 5238 2220 5274 ex
2247 5225 2638 5296 commentariis
2691 5226 2745 5278 in
2807 5226 3033 5282 Joannis
3097 5224 3442 5296 Euangelizans

1942 5292 2189 5344 adversus
2233 5289 2461 5347 Arianae
2499 5295 2727 5349 dicentes
2772 5298 3032 5353 diversum
3058 5289 3300 5353 intimation
3344 5294 3446 5349 Dei

1956 5357 2175 5415 Verbum
2202 5379 2234 5415 ο
2265 5361 2431 5420 Filio.

1952 5542 2153 5611 Alium,
2229 5545 2423 5616 inquit,
2498 5560 2618 5601 esse
2698 5543 3149 5615 deprehendimus
3228 5545 3443 5607 Fiiinm,

1877 5654 2040 5710 quam
2096 5638 2169 5692 sit
2210 5638 2457 5693 intimum
2508 5636 2765 5692 Verbum.
2825 5634 2989 5704 quue
3046 5650 3153 5690 non
3211 5637 3443 5704 prepriis

1882 5730 2035 5785 nobis
2083 5729 2450 5801 opinionibus,
2501 5730 2594 5782 sed
2645 5731 2938 5796 Scriptura:
2989 5726 3314 5783 testimoniis
3344 5726 3445 5781 ad-

1882 5824 2029 5881 ducti
2062 5822 2469 5898 persuademus.
2505 5820 2639 5876 Cum
2674 5820 2816 5875 enim
2859 5818 3055 5876 Filium
3085 5822 3335 5878 audimus
3373 5820 3450 5873 ita

282 5900 531 6022 I‘Ephes.
560 5964 613 6022 ν,
658 5947 710 6017 1,
877 5950 895 5981 '
923 5947 1063 6006 ibid.
1104 5900 1162 5978 "
1187 5933 1326 6003 ibid.
1348 5939 1402 5996 5.
1479 5941 1497 5972 ⁸
1536 5936 1693 5999 Joan.
1725 5958 1857 6002 xvu.
1891 5938 1977 5995 10.
2056 5936 2076 5967 ⁵
2100 5932 2309 5999 Ephes.
2344 5949 2398 5994 ν.
2429 5930 2482 5987 6.
2561 5932 2581 5963 ⁸
2614 5928 2807 5986 Matth.
2839 5943 2965 5984 xxv.
2998 5900 3095 5977 4!.“
