3768 6562
504 385 609 452 647
1746 388 1992 450 ΕΠΤΗῚ

2174 391 2535 452 ZIGABENI
3589 409 3661 476 δι,

506 499 722 552 Patrem
761 497 1122 568 alloquentem
1157 514 1171 551 :
1203 496 1386 565 Pater,
1413 496 1652 568 clari/ica
1687 496 1887 552 Filium
1918 508 1994 551 tut

2191 518 2280 564 τος
2315 499 2446 568 πρὸς
2479 498 2570 551 τὸν
2606 497 2822 568 Πατέρα
2846 515 2856 525 ο
2884 496 3153 560 Δοξασόν
3184 513 3293 555 σου
3322 501 3414 556 τὸν
3448 507 3574 576 Υιὸν,
3605 518 3663 569 τοῦ

507 595 828 665 Patremque
890 594 1128 648 vicissim
1195 593 1270 647 ita
1321 593 1792 663 respondentem:
1850 591 1920 645 Et
1968 609 1995 646 c

2191 592 2247 645 δὲ
2292 591 2504 659 Πατρδς
2544 589 2608 643 αῦ
2655 591 2816 644 πάλιν
2857 591 3294 660 ἀποκρινομένου,
3328 598 3409 649 καὶ
3449 598 3665 668 λέγοντος.

507 687 735 751 riﬁcaui,
769 696 817 739 et
837 687 1026 739 iterum
1054 685 1362 750 clariﬁcabo
1388 686 1428 751 ⁸,
1479 701 1660 740 nonne
1688 684 1739 738 in
1773 683 1945 738 Verbo
1976 701 1995 737 r

2192 681 2303 736 Καὶ
2332 681 2618 746 ἐδόξασα,
2654 681 2750 734 καὶ
2787 680 2972 734 πάλιν
3000 682 3236 746 δοξάσω
3263 701 3274 713 '
3311 681 3392 756 ἆρ’
3435 693 3534 760 οὐχὶ
3573 699 3664 750 πάν.

509 778 759 844 pondisse
784 775 999 830 Patrem
1025 775 1165 830 Filio
1192 775 1585 831 concedimus?
1612 775 1896 840 Quomodo
1923 776 1989 844 igi

2191 789 2300 836 τως
2331 773 2387 823 ἑν
2416 772 2560 842 λόγῳ
2590 772 2833 840 δώσομεν
2865 771 3246 840 ἀπολογεῖσθαι
3277 777 3344 844 τῷ
3374 777 3469 847 Υίῷ
3494 785 3564 836 τὸν
3590 787 3666 841 [ια.

507 869 736 922 Verbum
767 869 917 930 illud,
947 884 1052 937 quo
1077 867 1235 922 Pater
1273 867 1406 922 Filio
1438 869 1746 934 respondet,
1781 883 1887 921 non
1915 868 1995 919 div

2193 864 2356 934 τέρα;
2401 863 2521 925 Πῶς
2560 858 2653 916 οῦν
2697 864 2794 932 οὑχ
2838 863 3023 932 ἕτερος
3069 865 3218 932 παρὰ
3248 867 3330 918 τὸν
3355 867 3465 921 Υίδν
3501 875 3523 925 ό
3553 874 3602 927 δι’
3629 876 3666 933 οὗ

502 974 619 1011 sum
643 960 714 1012 sit
733 958 799 1011 ab
823 960 936 1022 ipso
952 957 1088 1013 Filio
1109 959 1132 1011 ?
1153 959 1291 1024 Quid
1322 960 1438 1013 istis
1469 959 1721 1012 miserius
1749 972 1866 1012 esse
1891 969 1990 1027 poti

2195 957 2331 1026 πρὸς
2367 957 2528 1009 αὐτὸν
2570 959 2597 1009 ὁ
2629 956 2815 1024 Πατὴρ
2853 955 3301 1024 ἀντιφθέγγεται;
3337 960 3394 1012 Τί
3436 964 3591 1030 γένοιτ’
3626 971 3665 1022 ἂν

507 1051 552 1104 si
585 1051 823 1118 proprie,
849 1063 902 1105 et
931 1065 1054 1106 vere
1090 1051 1259 1106 fuisse
1314 1051 1490 1105 Patris
1521 1060 1709 1122 potant
1730 1051 1874 1105 illam
1903 1067 1995 1106 voc

2195 1050 2304 1100 τῶν
2333 1049 2588 1101 τοιούτων
2614 1048 2963 1118 ἀθλιώτερον,
2997 1049 3049 1099 εί
3098 1067 3158 1115 γε
3193 1053 3382 1120 κυρῖως
3409 1071 3459 1106 τε
3489 1060 3562 1111 καὶ
3584 1063 3666 1132 ἁὶη.

509 1156 673 1210 quam
704 1159 809 1197 non
845 1143 1103 1198 Servator
1131 1143 1300 1207 solus,
1331 1143 1423 1195 sed
1460 1141 1571 1209 ipsa
1607 1139 1914 1194 Iudaeorum
1943 1158 1990 1192 m

2196 1140 2300 1201 θῶς
2322 1139 2523 1208 ταύτην
2553 1134 2689 1191 εἶναι
2712 1138 2804 1191 τοῦ
2834 1141 3041 1210 Πατρὸς
3071 1140 3404 1196 ὑπετόπασαν
3422 1146 3505 1216 τὴν
3525 1153 3667 1222 φωνὴν,

507 1236 704 1300 titudo,
728 1246 780 1289 et
809 1236 1200 1305 discipulorum
1224 1244 1398 1290 coetus
1421 1234 1668 1288 audivit?
1691 1233 1921 1302 Ᾱῖιιυῑυε
1953 1248 1995 1287 ei

2194 1225 2261 1303 ἧς
2301 1231 2360 1284 οὐ
2405 1229 2563 1300 μένος
2603 1231 2918 1302 ὑπήκουσεν
2965 1232 2991 1281 6
3041 1229 3250 1301 Σωτὴρ,
3300 1233 3424 1286 ἀλλὰ
3465 1239 3538 1289 καὶ
3579 1243 3668 1309 αὑτὴ

508 1327 882 1394 ρτκειαηιίοτθ
904 1327 1174 1397 quaedam,
1204 1337 1258 1381 et
1287 1327 1395 1381 Deo
1412 1327 1585 1396 magis
1602 1327 1980 1381 convenientia

2197 1325 2230 1391 ἡ
2261 1322 2369 1374 τῶν
2409 1321 2676 1375 Ἰουδαίων
2703 1321 3047 1390 περιεστῶσα
3079 1320 3303 1390 πληθὺς,
3338 1322 3419 1375 καὶ
3448 1325 3470 1376 6
3495 1327 3577 1380 τῶν
3601 1348 3668 1400 μι.

509 1422 706 1486 git-are,
735 1436 896 1490 quam
929 1437 992 1476 ea
1021 1436 1140 1490 quae
1174 1435 1332 1490 supra
1363 1434 1461 1473 nos
1485 1429 1630 1484 sunt,
1658 1419 1863 1489 legibus
1891 1435 1990 1473 nos

2250 1414 2377 1485 πτῶν
2407 1414 2597 1483 χορόςζ
2627 1414 2774 1465 Ἔδει
2802 1413 2910 1481 γὰρ
2939 1413 3136 1481 μᾶλλον
3171 1414 3355 1476 αὐτοὺς
3381 1417 3440 1470 τὰ
3467 1417 3667 1491 θεοπρεπῆ
3737 1475 3738 1500 γ

507 1513 802 1580 subjicere?
820 1511 952 1567 Nam
970 1528 1127 1567 aures
1152 1527 1442 1584 corporeas
1469 1512 1576 1567 ictu
1593 1526 1690 1566 suo
1717 1527 1815 1566 vox
1835 1526 1995 1581 corpo

2250 1503 2571 1567 αντάζεσθαι
2598 1503 3068 1572 πλεονεκτήματα,
3107 1502 3197 1554 καὶ
3230 1503 3300 1572 μὴ
3326 1506 3428 1568 τοῖς
3456 1508 3552 1560 καθ’
3573 1513 3669 1581 ἡμᾶς

506 1607 797 1670 verberat;
838 1604 1127 1659 consilium
1156 1613 1332 1659 autem
1379 1601 1575 1665 Patris,
1625 1601 1769 1671 quod
1799 1602 1994 1670 inexpli

2200 1599 2387 1668 νόμοις
2429 1597 2724 1668 πειρᾶσθαι
2763 1597 2996 1664 ὑπάγειν
3031 1597 3098 1648 τὰ
3138 1598 3273 1666 ὑπὲρ
3312 1601 3462 1667 ἡμᾶς.
3490 1603 3574 1671 Τὴν
3602 1608 3667 1674 γάρ

505 1695 596 1748 bili
627 1710 754 1751 voce
780 1699 940 1751 tacite
992 1706 1047 1752 et
1093 1707 1344 1766 tanquam
1378 1697 1428 1750 in
1458 1705 1636 1748 mente
1660 1703 1927 1759 versatur,
1951 1711 1993 1748 st

2198 1689 2292 1742 τοῦ
2338 1688 2587 1758 σώματος
2642 1688 2810 1758 ἀκοὴν
2856 1691 3142 1758 σωματικῇ
3189 1691 3523 1760 προσαρὰσσει
3554 1702 3667 1764 φιυνξ,

503 1786 696 1853 Filius,
721 1790 813 1858 qui
846 1789 896 1843 in
917 1789 1037 1857 ipso
1062 1789 1404 1851 naturaliter,
1436 1799 1620 1858 utpote
1642 1787 1906 1857 sapientia
1929 1787 1991 1857 ip:

2198 1781 2296 1852 τὴν
2332 1781 2387 1834 δὲ
2424 1783 2480 1834 ἒν
2521 1782 2779 1851 ἀρρήτοις
2822 1783 3025 1846 φωναῖς
3061 1781 3246 1850 ἡρέμα
3291 1781 3378 1833 καὶ
3413 1783 3548 1835 οἱονεὶ
3580 1795 3666 1840 κατὰ

503 1889 607 1958 est,
636 1883 802 1934 novit.
840 1883 1003 1937 Deum
1039 1897 1166 1936 vero
1209 1898 1500 1952 voce,qute
1538 1898 1659 1935 cum
1690 1881 1920 1949 strepitu
1971 1896 1991 1950 ς

2198 1872 2325 1926 νοῦν
2366 1873 2741 1944 στρεφομένην
2782 1871 3036 1942 βούλησιν
3064 1870 3159 1923 τοῦ
3197 1872 3394 1941 Πατρός
3429 1875 3559 1942 μόνος
3580 1874 3666 1930 οἶδεν

503 1973 812 2040 nuntietur,
849 1975 926 2027 uti
964 1974 1120 2044 plane
1146 1983 1229 2029 est
1281 1973 1617 2037 incredibile,
1648 1973 1693 2028 si
1734 1983 1914 2028 tamen
1941 1987 1991 2022 vc

2239 1985 2254 2018 ν
2287 1965 2438 2036 αύτῷ
2473 1961 2718 2033 φυσικῶς
2746 1963 3010 2034 ὑπάρχων
3043 1965 3070 2016 6
3104 1962 3249 2027 Υἱὸς,
3283 1963 3352 2026 ὡς
3385 1967 3520 2033 σοφία
3545 1969 3666 2025 αὐτοῦ.

504 2079 642 2129 mus,
676 2066 1179 2134 prastantissimam
1201 2066 1342 2119 illam
1371 2077 1614 2120 naturam
1641 2065 1804 2120 rebus
1825 2079 1992 2134 procrt

2197 2057 2353 2129 Φωνῇ
2383 2057 2439 2110 δὲ
2466 2059 2530 2128 τῇ
2561 2055 2648 2108 διὰ
2672 2054 2883 2109 κτύπου
2917 2053 3221 2125 κεχρῆσθαι
3251 2054 3337 2106 τὸν
3367 2054 3482 2108 Θεδν
3503 2057 3666 2129 ὑπολειμ.

503 2155 572 2209 tis
596 2155 942 2212 antecellere.
975 2155 1296 2226 Quanquam
1319 2168 1374 2210 et
1415 2157 1532 2226 ipse
1584 2154 1845 2211 Dominus
1906 2167 1991 2207 not

2198 2151 2407 2217 Βάνειν,
2441 2146 2721 2210 παντελῶς
2746 2146 3034 2211 ἀπίθανον,
3067 2146 3227 2214 εἴπερ
3252 2146 3458 2214 οἰόμεθα
3480 2149 3565 2202 δεῖν
3587 2153 3665 2204 ἀπο-

503 2245 663 2302 Jesus
685 2247 936 2304 Christus
982 2264 1087 2303 non
1125 2249 1282 2313 dixit,
1341 2263 1463 2302 eam
1494 2261 1614 2302 esse
1653 2245 1745 2300 Dei
1799 2256 1852 2299 et
1889 2243 1986 2297 Pat

2198 2240 2393 2306 σώζειν
2435 2243 2501 2312 τῇ
2547 2241 2687 2311 ὑπερ
2724 2240 2904 2295 πάντα
2947 2238 3109 2307 φύσει
3148 2239 3217 2291 τὰ
3261 2239 3389 2310 ὑπὲρ
3427 2240 3510 2310 τὴν
3537 2243 3665 2298 κτίσιν.

506 2354 681 2408 neque
716 2354 796 2406 se,
828 2350 884 2393 ut
915 2336 1092 2396 Patris
1118 2339 1405 2396 consilium
1435 2339 1784 2409 intelligeret,
1816 2337 1994 2407 interp

2199 2334 2407 2397 ’Δλλως
2435 2351 2493 2386 τε
2518 2333 2612 2387 καὶ
2638 2330 2800 2395 αὑτὸς
2828 2333 2854 2383 6
2884 2331 3091 2400 Κύριος
3114 2329 3272 2400 ἡμῶν
3313 2330 3496 2402 Ἰησοῦς
3513 2333 3665 2402 Χριπὶς

517 2434 587 2487 tis
613 2434 873 2506 indigere.
898 2435 1087 2505 Itaque
1120 2432 1276 2490 :Nou
1299 2446 1511 2504 propter
1529 2449 1626 2497 me,
1660 2433 2005 2502 inquit,hwci

2193 2427 2295 2479 οὑκ
2340 2427 2543 2496 ἔφησεν
2574 2424 2747 2496 αὐτὴν
2779 2417 2920 2478 εἶναι
2953 2422 3044 2476 τοῦ
3084 2422 3222 2476 Θεοῦ
3257 2423 3345 2476 καὶ
3377 2423 3570 2494 Πατρδς,
3597 2427 3665 2480 ἁλλ¹

505 2523 649 2591 facta
668 2535 766 2590 est,
816 2527 906 2580 sed
933 2537 1145 2595 propter
1161 2542 1248 2580 vos
1271 2526 1314 2580 ‘.
1354 2525 1604 2594 Alioquin
1655 2523 1926 2579 debuisset
1949 2525 1993 2578 di

2195 2518 2314 2572 οὑδὲ
2355 2519 2486 2589 παρ’
2531 2518 2722 2589 ἑτέρου
2765 2515 3020 2586 δεόμενον
3066 2516 3358 2585 ἑρμηνείας
3402 2517 3514 2586 πρὸς
3546 2520 3587 2571 τὸ
3614 2521 3663 2572 δέ.

509 2629 566 2668 ie
602 2632 615 2667 :
650 2613 950 2670 Audivistis
976 2631 1186 2671 mecum
1220 2629 1409 2670 vocem
1461 2613 1640 2668 Patris
1670 2613 1694 2667 1
1726 2612 1883 2668 Nunc
1910 2623 1997 2669 aut

2194 2611 2391 2664 νασθαι
2428 2608 2621 2679 μαθεῖν
2647 2609 2750 2681 τὴν
2784 2607 2879 2661 τοῦ
2907 2607 3122 2677 Ιιατρδς
3158 2607 3402 2677 βούλησιν
3428 2607 3578 2661 ἑαυτὸν
3599 2612 3663 2662 ἔτι·

503 2705 662 2768 dicit,
692 2718 752 2758 se
778 2703 921 2760 illius
953 2705 1100 2760 vocis
1157 2721 1263 2760 non
1295 2704 1539 2774 eguisse,
1573 2705 1668 2758 sed
1701 2713 1924 2773 prapter
1944 2704 1991 2773 ip

2197 2703 2433 2756 δεικνύει
2457 2704 2633 2772 λέγων
2654 2717 2669 2734 ο
2705 2703 2786 2755 Οὐ
2820 2700 2896 2755 δι’
2923 2699 3028 2770 ἐμὲ
3059 2702 3098 2769 ὴ
3127 2700 3294 2770 φωνὴ
3329 2700 3462 2767 αὕτη
3488 2702 3662 2770 γέγω-εν,

507 2797 708 2848 factam
730 2809 850 2850 esse
879 2793 1132 2863 aﬂirmat,
1166 2813 1272 2852 non
1301 2808 1477 2851 autem
1519 2812 1548 2850 a
1576 2796 1736 2850 Patre
1775 2808 1995 2866 pronum

2193 2795 2354 2850 duo
2383 2793 2458 2849 δι’
2490 2793 2665 2866 ὑμᾶς.
2713 2791 2913 2864 Ἐχρῆν
2948 2792 3004 2845 δὲ
3042 2793 3244 2863 μᾶλλον
3275 2794 3455 2860 εἰπεῖν,
3482 2793 3662 2847 Ἠκούσα-

520 2893 653 2936 tam.
689 2881 842 2946 Quod
873 2884 917 2937 si
945 2887 1124 2938 omnia
1157 2899 1256 2956 per
1285 2886 1458 2955 ipsum
1492 2886 1652 2951 Deus,
1684 2893 1737 2939 et
1780 2883 1938 2941 Pater
1960 2901 2008 2955 at

2194 2901 2254 2938 τε
2288 2887 2408 2956 μετ’
2440 2884 2574 2956 ἱμοῦ
2607 2885 2708 2955 τῆς
2738 2885 2922 2956 φωνῆς
2953 2883 3049 2937 τοῦ
3075 2885 3308 2956 Πατρός.
3339 2883 3440 2938 Νῦν
3467 2886 3512 2938 δὲ
3526 2885 3570 2937 οὐ
3590 2904 3664 2953 φω-

514 2988 610 3040 per
646 2977 817 3042 ipsum
848 2976 1104 3030 nimirum
1141 2989 1194 3031 et
1228 2977 1320 3032 illa
1357 2976 1498 3032 facta
1533 2987 1636 3031 est.
1671 2976 1784 3046 Ipse
1809 2979 1950 3032 enim
1977 2993 2002 3033 ε

2193 2975 2294 3044 νῆς
2333 2975 2497 3028 αὑτὸν
2552 2974 2842 3045 δεδεῆσθαι
2883 2975 3297 3044 προσομολογεῖ,
3351 2974 3608 3043 γεγενῆσθαι
3633 2976 3663 3027 ii

513 3079 618 3118 vox
653 3080 758 3118 non
790 3066 893 3120 sibi
924 3065 1101 3122 Patris
1127 3070 1458 3124 voluntatem
1485 3067 1784 3137 explicans,
1811 3084 1972 3138 quam

2198 3069 2400 3139 μᾶλλον
2428 3068 2600 3138 αὑτὴν
2626 3068 2692 3120 δι’
2725 3069 2968 3132 ἐκείνους
2997 3069 3355 3139 ἰσχυρίζεται,
3388 3070 3476 3122 οὑκ
3499 3073 3663 3136 ἐκπεφυ-

508 3155 677 3212 Filius
703 3168 946 3224 noverat,
979 3161 1074 3218 sed
1104 3161 1329 3217 auribus
1357 3161 1847 3227 circumstantium,
1872 3171 1932 3216 ut
1957 3177 1996 3217 c1

2195 3160 2391 3229 νῆσθαι
2429 3161 2580 3230 παρὰ
2612 3160 2708 3213 τοῦ
2747 3161 2982 3230 Πατρός.
3019 3162 3132 3214 Καὶ
3169 3163 3218 3214 εί
3249 3162 3414 3215 πάντα
3434 3163 3492 3214 δι’
3517 3161 3663 3214 οὑπιῦά

508 3249 724 3306 tierent.
2111 3231 2153 3292 ϐ
2189 3251 2322 3315 Θεὸς
2355 3253 2450 3305 και
2481 3251 2673 3324 Πατὴρ
2703 3252 3016 3323 ιργάςεται,
3043 3253 3116 3307 δι’
3149 3254 3312 3308 αὑτοῦ
3341 3255 3398 3326 δὴ
3425 3255 3595 3315 πάντως
3611 3259 3665 3308 καὶ

507 3341 688 3397 τοῦτο.
733 3343 906 3410 Δὺτδς
949 3345 1060 3417 γὰρ
1088 3339 1158 3417 ἦν
1197 3345 1232 3416 ὴ
1267 3343 1444 3416 φωνὴ,
1483 3346 1581 3416 οὑχ
1627 3343 1808 3415 ἑαυτῷ
1847 3345 1947 3416 τὴν
2003 3343 2096 3397 τοῦ
2136 3345 2501 3415 γεννήσαντος
2533 3343 2852 3416 ἑρμηνεύων
2872 3345 3148 3412 διάθεσιν,
3180 3347 3296 3418 ᾔδει
3347 3347 3441 3420 γὰρ
3481 3345 3664 3410 ὡςΥίδςι

509 3433 650 3489 ἀλλὰ
696 3438 816 3500 ταῖς
867 3435 980 3491 τῶν
1011 3429 1410 3507 ’περιεστώτων
1454 3439 1666 3506 ἀκοαῖς,
1721 3441 1808 3494 ἵνα
1861 3437 2250 3493 πιστεύσωσιν.

1195 3531 1260 3588 Et
1319 3537 1450 3591 hac.

2820 3535 2924 3588 Kal
2957 3535 3156 3590 τοῦτο.

583 3629 718 3684 Audi
740 3628 1129 3698 evangelistam
1153 3629 1455 3683 dicentem:
1479 3629 1588 3683 Hoc
1610 3640 1722 3684 erat
1752 3631 1807 3684 in
1835 3630 2071 3699 principii

2268 3629 2466 3681 Ἄκουε
2501 3627 2595 3680 τοῦ
2631 3627 3030 3696 Εὑαγγελιστοῦ
3053 3627 3302 3696 λέγοντος
3333 3644 3345 3659 ο
3373 3623 3529 3693 οὗτος
3550 3622 3604 3695 ἦν
3627 3627 3664 3677 ἐν

509 3722 651 3792 apud
683 3719 845 3775 Deum
870 3720 912 3776 '.
953 3719 1042 3776 Sic
1074 3722 1220 3777 enim
1243 3739 1304 3778 ea
1337 3739 1458 3795 qua:
1521 3739 1682 3794 supra
1729 3722 1941 3779 dixerat
1967 3730 1997 3776 t:

2194 3719 2354 3789 ἀρχῇ
2395 3721 2544 3790 πρὸς
2577 3721 2682 3773 τὸν
2713 3721 2881 3776 Θεόν.
2921 3719 3414 3789 Ἀνακεφαλαίωσιν
3437 3721 3523 3790 γὰρ
3546 3722 3664 3787 ὥσπερ

505 3828 669 3884 quant
702 3811 756 3865 in
795 3826 1060 3866 summam
1092 3814 1383 3883 quamdam
1412 3815 1640 3886 redegit.
1663 3817 1883 3873 Addens
1908 3823 1993 3868 aut

2191 3813 2317 3864 τινὰ
2332 3813 2440 3864 τῶν
2461 3812 2561 3882 ἥδη
2578 3812 2994 3883 προειρημένων
3015 3813 3074 3864 ἐν
3097 3813 3308 3878 τούτοις
3324 3818 3348 3866 ὁ
3371 3812 3662 3880 Εὑαγγελιστὴς

510 3907 637 3961 illud
674 3923 687 3958 :
727 3905 863 3970 Hoc,
915 3906 1130 3962 videtur
1164 3909 1396 3979 quodam
1427 3911 1585 3963 modo
1615 3910 1895 3965 clamare:
1939 3908 1998 3974 Ql

2197 3905 2517 3974 ἐποιήσατο.
2552 3905 2817 3974 Προσθεῖς
2841 3905 2896 3958 δὲ
2927 3904 2988 3958 τὺ
3021 3901 3238 3972 Οὗτος,
3263 3907 3510 3976 μονονουχὶ
3537 3905 3662 3971 βοήσας

508 3997 668 4050 estin
702 3997 986 4066 principio,
1018 4000 1160 4067 quod
1199 4009 1284 4054 est
1319 4003 1456 4067 apud
1495 3998 1705 4053 Patrem
1734 3998 1994 4062 Verbum,

2196 3998 2410 4065 ὁρᾶται,
2449 3996 2514 4050 '0
2543 3995 2618 4050 ὢν
2652 3999 2708 4050 ἐν
2738 3999 2880 4067 ἀρχῇ
2908 3999 2936 4049 6
2969 4001 3122 4069 παρὰ
3171 3999 3246 4069 τῷ
3295 3998 3451 4068 Πατρὶ
3487 3998 3623 4064 Λόγος»
3650 3997 3662 4044 δ

517 4089 655 4145 Dens
685 4105 748 4142 ex
781 4090 911 4150 Deo,
948 4090 1046 4144 hoc
1084 4090 1210 4144 illud
1243 4100 1346 4156 est,
1409 4092 1477 4146 de
1540 4105 1648 4161 quo
1697 4092 1749 4146 in
1803 4106 2005 4159 praesen

2203 4088 2464 4158 ὑπάρχων
2507 4087 2640 4152 Θεὸς
2685 4089 2746 4142 ὲκ
2781 4089 2917 4142 Θεοῦ
2948 4084 3102 4153 οῦτός
3139 4093 3271 4156 ἔστι,
3315 4091 3402 4144 καὶ
3435 4091 3515 4161 οὑχ
3547 4089 3662 4153 lupa;

511 4179 747 4231 scribere
791 4178 1197 4233 constituimus.
1262 4178 1378 4234 Non
1441 4179 1642 4234 frustra
1698 4182 1826 4234 milii
1887 4182 1999 4234 vide

2196 4182 2322 4250 περὶ
2349 4173 2410 4234 οῦ
2434 4181 2492 4233 τὸ
2519 4182 2712 4250 σεμνὸν
2740 4183 2870 4250 ἡμῖν
2894 4183 3181 4250 πρόκειται
3204 4182 3526 4253 σύγγραμμα.
3549 4179 3661 4230 Ἐοικί

514 4272 625 4324 haec
671 4269 829 4324 verba
863 4269 1178 4326 addidisse:
1221 4270 1333 4324 Hoc
1380 4282 1492 4326 erat
1536 4275 1590 4328 in
1643 4275 1900 4340 principio
1953 4290 2002 4342 αι

2199 4271 2254 4322 δὲ
2313 4270 2479 4324 πάλιν
2537 4272 2598 4325 οὑ
2653 4271 2828 4344 μάτην
2875 4275 2988 4336 τοῖς
3040 4275 3346 4342 εἰρημένοις
3396 4270 3594 4342 προσθεὶς
3629 4267 3661 4314 τδ

515 4364 698 4417 Deum.
746 4363 939 4418 Divino
991 4363 1136 4417 enim
1189 4363 1390 4434 Spiritu
1422 4365 1490 4420 ad
1518 4380 1702 4421 eorum
1738 4382 1857 4435 qua
1909 4365 2003 4420 fult

2192 4359 2379 4429 οὗτος
2400 4361 2479 4434 ἦν
2500 4364 2568 4417 ἐν
2585 4363 2744 4433 ἀρχῇ
2769 4365 2919 4434 πρὸς
2942 4368 3047 4418 τὸν
3068 4366 3236 4420 Θεόν.
3267 4365 3345 4428 Ὡς
3366 4363 3456 4434 γὰρ
3479 4359 3558 4416 ὑπὸ
3573 4358 3659 4410 Θεία.

509 4463 684 4517 erant,
717 4453 1078 4522 cognitionem
1131 4454 1532 4523 percipiendam
1601 4455 1924 4522 illustratus,
1985 4474 1997 4510 ι

2196 4457 2512 4527 Ιινεύματος
2529 4459 2606 4520 είς
2631 4457 2728 4528 τὴν
2752 4457 2859 4509 τῶν
2882 4457 3159 4525 ἐσομένων
3182 4458 3374 4526 γνῶσιν
3397 4451 3660 4526 φωταγωγοῦ-

506 4545 795 4614 ignoravit,
831 4555 883 4598 ut
915 4545 1046 4600 mibi
1088 4545 1307 4614 quidem
1347 4544 1587 4612 videtur,
1617 4556 1671 4602 et
1704 4558 1760 4602 ut
1797 4563 1918 4602 vere
1965 4547 1994 4600 li

2197 4565 2358 4617 μενος
2383 4550 2484 4602 οὑκ
2515 4549 2802 4618 ἠγνόησεν,
2835 4550 2910 4613 ὼς
2961 4553 3150 4619 ἔμοιγε
3187 4552 3346 4614 δοκεῖ,
3387 4551 3468 4604 καὶ
3492 4548 3546 4608 ὡς
3569 4546 3659 4596 ἔπει

505 4634 677 4704 loqui,
722 4636 984 4703 quosdam
1023 4637 1135 4691 fore
1167 4637 1483 4706 perditionis
1529 4640 1828 4708 operarios,
1892 4639 1993 4693 dial

2250 4643 2365 4693 πεῖν
2387 4641 2773 4710 ἀληθεύοντας.
2801 4641 2992 4711 ὅτιπερ
3019 4641 3412 4711 ἀναφανοῦνταί
3437 4655 3547 4698 τινες
3566 4636 3662 4686 amo
3709 4634 3719 4716 ι

508 4727 749 4796 laqueos,
783 4728 917 4782 iilios
945 4730 1152 4792 mortis,
1202 4729 1293 4797 qui
1333 4730 1576 4785 dicerent
1610 4732 1750 4787 aliud
1805 4747 1925 4787 esse
1963 4732 1996 4786 it

2187 4731 2336 4796 λείας
2371 4734 2619 4804 ἐργάται,
2659 4733 2908 4786 διαϐόλου
2931 4734 3200 4805 θήρατρα,
3247 4733 3457 4787 Θανάτου
3485 4725 3654 4794 παγιδεςι

510 4833 653 4871 mum
691 4820 820 4872 illud
860 4823 910 4872 in
957 4820 1062 4874 Deo
1093 4832 1145 4874 et
1199 4822 1361 4874 Patre
1427 4819 1684 4888 Verbum,
1753 4823 1840 4878 cui
1894 4825 1993 4876 sim

2185 4825 2437 4892 λέγοντες
2488 4824 2676 4895 ἕτερον
2703 4826 2802 4896 μὲν
2833 4821 2974 4878 εἶναι
3004 4831 3094 4878 τὸν
3119 4826 3411 4880 ἐνδιάθετον
3438 4825 3484 4874 ἐν
3507 4820 3562 4886 τῷ
3583 4815 3655 4880 Θεῴ

510 4909 797 4963 admodum
843 4910 912 4964 sit
973 4911 1164 4972 Filius,
1215 4921 1270 4965 et
1330 4913 1552 4967 Verbum
1613 4915 1735 4980 hoc,
1790 4932 1882 4984 per
1940 4933 1998 4986 qi.

2183 4919 2276 4970 καὶ
2299 4920 2470 4988 Πατρὶ
2491 4917 2887 4990 Λόγον,ἒτερον
2909 4918 2962 4970 δέ
2980 4936 3099 4971 τινα
3120 4919 3209 4972 τὸν
3247 4918 3322 4988 τῷ
3343 4915 3576 4978 ἐνδιαθὲτῳ
3588 4909 3659 4998 iis-1'

508 4999 688 5053 omnia
712 4999 853 5055 Dens
869 5002 997 5071 agit,
1015 5013 1074 5057 ut
1100 5005 1247 5058 verbi
1269 5006 1510 5070 verbmn,
1529 5015 1582 5061 et
1613 5006 1790 5076 imago
1809 5009 1996 5079 iniagin

2187 5010 2592 5079 ὲμφερέστατόν
2621 5025 2680 5062 τε
2713 5013 2808 5064 καὶ
2840 5010 3160 5079 ὁμοιότατον
3194 5010 3318 5062 Υίδν
3349 5009 3434 5062 καὶ
3458 5008 3602 5069 Λόγον.
3622 4999 3650 5048 δι

507 5101 559 5146 et
598 5093 896 5160 splendoris
949 5094 1199 5161 splendor
1242 5097 1598 5166 intelligatur.
1653 5097 1881 5154 Proinde
1926 5118 1994 5172 qu

2186 5095 2248 5153 οῦ
2278 5101 2305 5154 ὁ
2332 5101 2462 5164 Θεὸς
2495 5102 2562 5155 τὰ
2593 5101 2770 5155 πάντα
2800 5101 3115 5174 ἐργάζεται,
3153 5103 3240 5157 ἴνα
3267 5102 3408 5170 λόγος
3432 5100 3556 5167 λόγου
3579 5091 3657 5157 νοῆ-

499 5183 612 5250 jam
649 5194 760 5238 tum
794 5183 986 5251 impios
1013 5186 1146 5241 ileS
1173 5187 1416 5243 homines
1461 5189 1696 5254 audiret,
1736 5207 1987 5247 exsecrata

2185 5210 2302 5259 ται,
2329 5196 2424 5247 καὶ
2457 5193 2621 5247 εἰκὼν
2646 5196 2877 5259 εἰκόνος,
2912 5196 3008 5248 καὶ
3030 5195 3366 5263 ἀπαύγασμα
3389 5189 3655 5256 amoristu-

505 5279 741 5348 ipsorum
772 5277 1116 5345 opinionibus
1165 5281 1490 5350 scriptisque
1539 5283 1733 5338 merito
1784 5300 1993 5341 comino

2240 5303 2301 5348 ις.
2337 5285 2551 5358 Ὥσπερ
2579 5282 2672 5340 οὖν
2698 5286 2800 5357 ήδη
2829 5286 2890 5340 δυ
2903 5287 3262 5357 σφημούντων
3291 5285 3502 5341 ἀκούσας
3523 5274 3657 5332 αὐτῶν.

505 5373 693 5426 beatus
729 5371 1076 5440 evangelista,
1113 5387 1234 5427 cum
1297 5374 1596 5440 deﬁnisset,
1639 5387 1694 5430 et
1731 5377 1967 5446 capiose,

2188 5381 2284 5430 καὶ
2335 5379 2469 5444 πρὸς
2514 5379 2609 5440 τὰς
2653 5380 2887 5442 ἀτόπους
2934 5377 3194 5439 ἀπονοίας
3241 5377 3345 5429 τῶν
3389 5371 3500 5442 παρ’
3535 5366 3655 5421 αὐτοῖς

503 5464 810 5534 oportebat,
853 5464 1204 5531 declarasset,
1238 5481 1426 5531 unum,
1461 5477 1516 5522 et
1566 5468 1765 5534 solum,
1794 5478 1848 5523 et
1898 5485 1987 5525 ver

2189 5467 2642 5537 συγγραμμάτων
2699 5469 2938 5539 εὐλόγως
2997 5467 3349 5539 κεκινημένος
3396 5469 3419 5518 6
3469 5457 3655 5532 μακάριοῖ

505 5574 568 5609 ex
597 5558 730 5618 Deo,
795 5567 848 5611 et
890 5555 944 5611 in
992 5557 1122 5622 Deo,
1173 5568 1226 5613 et
1275 5561 1415 5628 apud
1460 5560 1627 5614 Deum
1665 5575 1787 5616 esse
1815 5560 1993 5616 Verbu

2185 5559 2620 5629 Εὑαγγελιστὴς,
2656 5560 2983 5631 ὁρισάμενος
3016 5560 3138 5630 ήδη,
3175 5563 3267 5614 καὶ
3295 5559 3376 5612 διὰ
3403 5552 3586 5608 πολλῶν,

509 5646 731 5701 terribili
765 5661 891 5702 voce
920 5647 1116 5702 clamat
1147 5664 1160 5701 :
1194 5646 1330 5714 Hoc,
1389 5648 1663 5718 inquiens,
1713 5650 1767 5702 in
1822 5651 1997 5720 primu]

2185 5652 2292 5706 εδει
2316 5692 2330 5718 ,
2373 5653 2772 5723 κατασημάνας
2803 5654 2894 5708 τὸν
2931 5656 3032 5710 Eva
3063 5655 3154 5709 καὶ
3185 5654 3341 5724 μόνον
3370 5650 3453 5704 καὶ
3479 5637 3653 5712 ἀληθινδν

583 5829 596 5859 ⁸
629 5829 787 5887 Joan.
827 5843 925 5891 xit.
951 5827 1043 5885 28.
1123 5830 1144 5861 ‘
1174 5828 1309 5883 Ibid.
1344 5829 1434 5884 50.
1512 5827 1532 5859 ⁸
1559 5826 1717 5883 Joan.
1743 5843 1782 5890 ι.
1811 5828 1865 5882 2.
