3920 6566
298 338 408 401 649

1275 347 1651 409 PANOPLIA
1696 348 2159 413 DOGMATICA.
2196 378 2265 390 -
2309 351 2459 416 ΤΙΤ.
2504 352 2604 413 XI.

3454 363 3558 424 650

296 459 364 513 ἐκ
401 459 558 524 Θεοῦ,
606 462 701 516 καὶ
737 463 795 516 ἐν
846 462 988 535 Θεῷ,
1025 465 1120 519 καὶ
1166 468 1296 536 πρδς
1332 467 1465 520 Θεὸν
1508 468 1636 521 ὄντα
1679 470 1852 538 Λόγον

1978 480 2090 523 erat
2124 469 2264 540 apud
2294 470 2478 536 Deum,
2527 481 2583 525 ut
2609 470 2775 526 Filius
2826 472 3074 527 nimirum
3132 476 3271 544 apud
3318 474 3553 538 Patrem,

294 552 547 621 ἐπιφέρει
571 555 805 623 γοργῶς,
831 552 1018 623 Οὗτος
1033 553 1112 627 ἦν
1131 556 1202 610 ἐν
1221 556 1376 626 ὀρχῇ
1398 560 1550 626 πρὸς
1570 559 1678 613 τὸν
1702 560 1872 626 Θεὸν,

294 642 373 707 ὣς
414 645 543 708 Υἱὸς
572 646 773 719 δηλαδὴ
814 650 952 719 πρὲς
981 649 1072 703 τὸν
1103 651 1342 723 Πατέρα,
1373 649 1450 714 ὡς
1488 652 1758 722 ἔμφυτος,
1799 655 1876 718 ὡς

294 735 363 788 ἐκ
399 734 497 806 τῆς
531 738 721 801 οὐσίας
752 740 917 795 αὐτοῦ
947 742 976 796 ό
1016 742 1330 816 Μονογενής
1362 738 1519 808 οὗτος
1540 788 1557 812 ,
1592 748 1693 802 οὐκ
1723 750 1876 812 όντος

292 822 575 898 δευτέρου.

294 940 413 994 Τοῦ
442 942 631 1018 αὐτοῦ
655 942 724 997 ἐκ
768 944 877 1018 {oi}
923 945 993 999 ιδ’
1025 951 1361 1017 κεφαλαίου
1390 952 1499 1006 τοῦ
1548 952 1599 1005 α’
1629 955 1874 1018 ﬁcetum)

360 1010 473 1089 Eoi?
498 1011 814 1089 Θησαυροῦ
844 1018 932 1089 εἰς
963 1017 1051 1089 τό,
1075 1010 1112 1070 tv
1134 1017 1297 1074 Οὕτω
1309 1021 1404 1073 καὶ
1423 1021 1503 1088 τῷ
1526 1010 1644 1089 Υιῷ
1652 1025 1875 1080 δέδωκε

364 1080 521 1149 ζωὴν
543 1080 715 1151 ἔχειτί
736 1085 808 1139 ἐν
831 1080 1049 1154 ἐαὺτῷ.
1090 1109 1110 1141 ι

374 1193 536 1249 Ἀλλὰ
573 1197 693 1261 πῶς
723 1198 789 1251 ἂν
820 1198 1043 1253 δύναιτο
1077 1201 1196 1255 κατ’
1227 1202 1420 1259 οὐσίαν
1458 1206 1642 1273 ὅμοιος
1674 1201 1814 1261 εἶναι
1845 1208 1874 1261 ό

294 1285 418 1350 Υἱὸς
440 1288 519 1357 τῷ
557 1292 731 1360 Πατρί
755 1310 770 1358 ς
825 1292 857 1361 ἢ
888 1294 1002 1357 πῶς
1028 1295 1127 1349 οὐκ
1153 1295 1306 1370 ἔσται
1353 1298 1472 1367 μετ’
1501 1299 1662 1353 αὐτὸν
1692 1300 1750 1367 ἐξ
1779 1302 1876 1354 αὐ.

284 1380 383 1433 τοῦ
409 1381 699 1452 δεχόμενός
727 1402 801 1447 τι,
837 1387 979 1440 καθά
1009 1404 1173 1457 φησιν
1205 1389 1233 1442 b
1254 1391 1416 1455 αὑτός
1436 1408 1452 1423 ο
1477 1393 1688 1460 Ωσπερ
1704 1394 1821 1463 γὰρ
1839 1398 1872 1449 ό

283 1474 492 1541 Πατὴρ
510 1473 664 1542 ζωὴν
678 1475 886 1545 ἔχειέν
895 1477 1107 1544 ἐαυτῷ,
1125 1481 1386 1536 οὕτωκαὶ
1408 1482 1485 1549 τῷ
1512 1482 1622 1550 Υιῷ
1642 1484 1864 1540 δέδωκε

284 1565 445 1634 ζωὴν
461 1568 706 1636 ἕχεινέν
733 1570 944 1636 ἐαυτῷ.
981 1569 1170 1637 Οὐδὲν,
1199 1567 1243 1626 ὦ
1264 1573 1546 1643 βέλτιστοι,
1566 1578 1663 1632 τοῦ
1692 1578 1868 1647 Λόγου

282 1660 390 1729 τὴν
411 1660 601 1713 οὐσίαν
627 1660 875 1731 ἀδικήσει
895 1663 957 1715 τὸ
978 1664 1098 1733 δέχε
1110 1665 1231 1719 σθαί
1257 1684 1308 1719 τι
1343 1668 1489 1739 παρὰ
1513 1669 1607 1723 τοῦ
1632 1670 1865 1744 Πατρός.

281 1752 363 1806 οὐ
398 1751 510 1823 γὰρ
557 1754 615 1806 ιν
647 1752 724 1823 τῷ
770 1755 1024 1825 δέχεσθαι
1054 1757 1114 1809 τὸ
1156 1754 1293 1811 εἶναι
1320 1758 1457 1829 ἔχει,
1494 1759 1612 1815 ἀλλ’
1658 1761 1734 1816 ὣν
1773 1767 1867 1819 καὶ

284 1843 555 1917 ὖπάρχων
584 1847 877 1917 πρότερον,
910 1847 1127 1918 δέχεταί
1157 1866 1232 1915 τι,
1269 1850 1403 1905 καθὸ
1432 1853 1496 1907 ἐκ
1526 1856 1740 1927 [ἰατρὸς
1765 1874 1865 1926 φυ-

284 1931 461 1996 σικῶς
488 1934 888 2004 γεγεννημένος
916 1937 1184 2004 ἐπάγεται
1210 1938 1385 1993 πάντα
1410 1940 1478 1995 τὰ
1509 1943 1614 1997 ἴδια
1629 1944 1725 1999 τοῦ
1755 1947 1864 2000 Πα-

280 2021 438 2091 τρδς,
466 2021 658 2094 ὥσπερ
689 2025 756 2079 ἂν
783 2027 877 2081 καὶ
904 2027 965 2080 τὸ
996 2028 1110 2097 φῶς
1133 2029 1191 2096 ἐξ
1221 2030 1375 2101 ἡλίου
1406 2034 1691 2105 προελθὸν,
1718 2038 1865 2110 δέχεο

283 2110 416 2165 σθαι
466 2130 521 2166 τι
562 2114 787 2181 λέγοιτο
815 2116 947 2187 παρ’
990 2117 1181 2183 αὑτοῦ,
1242 2121 1543 2194 ἐπειδήπερ
1589 2127 1699 2179 πᾶν
1725 2127 1864 2197 ὅπερ

277 2203 434 2258 ἐστὶν
480 2206 539 2258 ὲν
572 2206 745 2277 αὐτῷ,
793 2208 951 2262 τοῦτο
997 2211 1245 2280 φαίνεται
1268 2211 1362 2265 τοῦ
1396 2216 1647 2280 τεκόντος
1688 2217 1861 2289 ἡλίου,

273 2299 385 2351 καὶ
444 2298 597 2353 οὐδέν
640 2318 743 2355 που
793 2303 883 2356 τὸν
924 2304 1074 2375 ἥλιον
1122 2307 1231 2377 πρὸ
1277 2304 1374 2360 τοῦ
1424 2310 1863 2383 ἀπαυγάσματος

273 2386 429 2443 εἶναι
477 2393 884 2462 καταναγκάσει
930 2396 992 2449 τὸ
1034 2397 1133 2467 τὴν
1177 2399 1235 2466 ἐξ
1280 2400 1448 2455 αὐτοῦ
1496 2403 1861 2473 προελθοῦσαν

272 2482 561 2555 ἔκλαμψιν
596 2486 929 2557 ἀμερίστως,
960 2489 1151 2562 ὥσπερ
1184 2493 1316 2564 παρ’
1348 2494 1516 2550 αὐτοῦ
1549 2495 1862 2566 λαμϐάνου-

274 2594 388 2632 σαν
416 2580 603 2649 φορεῖν
625 2580 685 2632 τὸ
716 2580 843 2634 ἴδιον
864 2580 1052 2645 αὑτοῦ,
1078 2581 1193 2637 ἀλλ’
1219 2579 1289 2656 ἦν
1317 2586 1405 2638 ἀεὶ
1431 2588 1530 2643 σὺν
1555 2588 1728 2659 αὐτῷ,
1756 2590 1860 2646 κᾶν

270 2669 356 2733 ὡς
395 2670 456 2736 ἐξ
500 2670 669 2724 αὑτοῦ
722 2672 1065 2740 προελθοῦσα
1104 2674 1176 2728 τὰ
1214 2677 1364 2747 αὐτῷ
1399 2679 1671 2750 προσόντα
1715 2686 1857 2755 φορῇ

272 2762 552 2831 φυσικῶς.
591 2763 802 2817 Οὐκοῦν
831 2764 892 2818 οὐ
921 2766 983 2819 τὸ
1018 2766 1205 2821 λαϐεῖν
1234 2784 1286 2823 τι
1329 2770 1481 2839 παρὰ
1509 2771 1603 2826 τοῦ
1646 2774 1857 2845 Πατρδς

272 2852 586 2920 ἀναγκάσει
609 2855 825 2919 πάντως
847 2856 1101 2929 δεύτερον
1129 2855 1271 2914 εἶναι
1297 2860 1374 2932 τῷ
1395 2862 1572 2935 χρόνῳ
1595 2865 1685 2918 τδν
1706 2865 1853 2924 Υῐόν.

273 2942 375 3013 Τῷ
398 2943 509 3015 γὰρ
536 2945 651 3000 δντι
674 2949 771 3001 καὶ
800 2948 1069 3018 ὑφεστῶτι
1092 2951 1253 3005 δώσει
1281 2969 1386 3017 τις,
1415 2954 1476 3007 οὗ
1511 2956 1589 3026 τῷ
1617 2956 1693 3028 μὴ
1716 2958 1851 3028 δντι,

273 3038 375 3091 καὶ
404 3038 575 3109 μήπω
600 3041 899 3112 γενομένῳ.

870 3223 975 3288 Εἰς
1006 3222 1067 3277 τὸ
1095 3226 1267 3285 αὐτό.

354 3310 417 3407 itii
451 3312 667 3407 prith
696 3317 835 3370 κατὰ
883 3319 1046 3389 φύσιν
1084 3323 1233 3379 ἐστὶν
1260 3326 1289 3379 ό
1314 3325 1461 3394 Υἱὸς,
1521 3329 1638 3396 πῶς
1660 3333 1866 3407 ἐπαλη-

1981 570 2039 616 ut
2068 562 2309 628 intimus,
2364 571 2420 618 et
2467 578 2532 619 ex
2586 564 2754 634 ipsius
2787 568 3043 631 essentia,
3109 576 3165 621 ttt
3220 566 3555 637 Unigeuitus.

1980 652 2116 719 Hoc,
2148 653 2395 725 inquam,
2429 670 2553 711 cum
2613 656 2704 712 Dei
2763 658 2966 712 nullum
2990 659 3063 713 sit
3111 658 3261 716 aliud
3311 660 3556 717 verbum.

1982 957 2240 1035 Ejusdem
2262 977 2326 1014 ea:
2353 957 2607 1035 Thesauri
2634 961 2766 1035 libro
2788 964 3036 1035 primoin
3058 982 3129 1035 ,σα
3160 973 3314 1023 verba
3354 985 3377 1024 ε
3412 990 3431 1025 ι
3465 970 3555 1028 Sic

2119 1030 2262 1085 dedit
2296 1041 2345 1085 et
2375 1032 2519 1087 Filio
2549 1034 2706 1086 vitam
2735 1030 2922 1089 habere
2957 1032 3012 1089 in
3037 1030 3334 1106 semetipso.
3369 1057 3387 1092 ι

2048 1207 2157 1264 Sed
2188 1210 2458 1278 quomodo
2498 1218 2697 1279 potest,
2725 1211 2996 1280 inquiunt,
3030 1211 3200 1270 Filius
3216 1227 3336 1271 esse
3357 1217 3553 1273 similis

1977 1302 2142 1367 Patri,
2180 1311 2272 1356 aut
2306 1312 2427 1371 post
2462 1302 2633 1371 ipsum
2666 1319 2771 1357 non
2801 1319 2942 1369 esse,
2992 1320 3113 1360 cum
3147 1305 3215 1360 ab
3254 1321 3319 1361 eo
3351 1306 3553 1378 aliquid

1970 1393 2252 1463 accipiat?
2298 1393 2378 1447 sic
2416 1394 2561 1448 enim
2608 1395 2835 1464 ipsemet
2865 1394 3147 1466 loquitur:
3202 1396 3553 1462 Quemadmo-

1970 1484 2093 1538 dum
2126 1482 2287 1538 Pater
2323 1485 2485 1538 vitam
2537 1484 2690 1540 habet
2747 1487 2801 1540 in
2844 1489 3140 1554 semetipso,
3178 1490 3252 1543 sic
3306 1490 3446 1543 ded't
3502 1499 3551 1544 et

1972 1573 2118 1630 Filio
2158 1576 2313 1629 vitam
2361 1576 2552 1631 habere
2597 1577 2649 1630 iu
2687 1578 2957 1648 semetipso
2988 1579 3026 1634 ⁸.
3079 1579 3337 1635 Essentim
3390 1578 3549 1635 Verhi

1973 1666 2107 1721 nihil
2134 1666 2325 1736 oiiicit,
2377 1683 2411 1724 ο
2446 1669 2546 1725 viri
2595 1671 2811 1740 optimi,
2870 1672 3011 1742 quod
3050 1688 3079 1725 ε
3124 1673 3287 1729 Patre
3342 1674 3547 1744 aliquid

1968 1758 2221 1828 accipiat.
2256 1758 2442 1830 Neque
2497 1759 2642 1817 enim
2677 1761 2732 1816 in
2774 1775 2862 1828 eo,
2916 1762 3063 1832 quod
3104 1764 3325 1833 accipit,
3383 1764 3550 1819 habet

1969 1860 2029 1905 ut
2089 1851 2180 1908 sit.
2222 1848 2329 1907 Sed
2368 1866 2491 1909 cum
2520 1852 2672 1924 prius
2721 1854 2952 1910 exsistat
2983 1864 3037 1911 et
3065 1855 3157 1920 sit,
3212 1855 3433 1926 accipit.
3468 1858 3547 1912 Ex

1968 1942 2126 2001 Patre
2156 1945 2301 2003 enim
2330 1946 2547 2017 genitus
2574 1947 2774 2018 accipit
2803 1949 2987 2003 omnia
3037 1963 3156 2017 qua:
3209 1947 3387 2003 Patris
3419 1959 3549 2005 sunt

1966 2040 2206 2109 pmpria.
2240 2038 2311 2096 Ut
2341 2040 2389 2096 si
2431 2040 2523 2096 lux
2561 2055 2593 2097 e
2628 2042 2741 2098 sole
2783 2043 3111 2113 provenit-ns
3147 2041 3348 2112 aliquid
3380 2042 3449 2098 ab
3479 2058 3546 2097 eo

1964 2130 2177 2187 dicatur
2203 2132 2471 2204 accipere,
2499 2133 2752 2205 quoniam
2783 2135 3046 2206 quidquid
3087 2136 3137 2190 in
3170 2136 3283 2205 ipsa
3333 2145 3441 2201 est,
3489 2134 3541 2187 id

1962 2225 2094 2280 solis
2154 2240 2277 2281 eam
2338 2228 2602 2298 parientis
2663 2243 2789 2293 esse
2841 2239 3077 2288 constat.
3135 2228 3320 2299 Neque
3371 2230 3540 2285 solem

1963 2326 2088 2375 ante
2117 2319 2458 2390 splendorem
2510 2336 2633 2377 esse
2663 2322 2986 2379 eoncludent
3031 2323 3364 2388 necessario,
3401 2338 3541 2394 quo-

1963 2409 2106 2465 niam
2138 2410 2254 2480 ipse
2286 2413 2355 2469 ab
2384 2412 2476 2469 illo
2520 2414 2642 2469 sine
2701 2415 2809 2470 ulla
2866 2415 3135 2472 divisione
3185 2417 3537 2488 progrediens

1958 2505 2357 2574 quodammodo
2422 2505 2640 2579 accipit,
2674 2518 2733 2563 ut
2789 2508 2958 2579 ipsius
3004 2508 3146 2565 ferat
3225 2510 3535 2581 proprieta-

1958 2603 2088 2653 tem.
2123 2597 2351 2669 Semper
2376 2600 2522 2656 euim
2569 2614 2697 2655 cum
2746 2601 2864 2672 ipso
2892 2613 3010 2658 erat
3035 2602 3147 2667 lux,
3201 2614 3253 2658 et
3310 2617 3379 2659 ex
3416 2603 3537 2673 ipso

1956 2705 2222 2756 manans,
2298 2706 2420 2764 qua;
2499 2692 2577 2749 illi
2652 2694 2872 2762 adsunt,
2962 2695 3290 2752 naturaliter
3386 2697 3531 2753 tulit.

1959 2783 2075 2841 Non
2106 2784 2271 2856 igitur
2295 2801 2361 2842 ex
2391 2800 2458 2842 eo
2485 2787 2630 2858 quod
2660 2788 2855 2859 accipit
2882 2789 3082 2860 aliquid
3141 2805 3171 2845 a
3225 2787 3388 2846 Patre
3435 2806 3536 2846 ne-

1958 2877 2199 2934 cessario
2226 2878 2491 2948 sequitur,
2525 2888 2583 2934 ut
2606 2878 2768 2936 Patre
2794 2881 2866 2936 sit
2918 2880 3090 2940 Filius
3140 2892 3383 2954 tempore
3439 2899 3535 2956 po-

1955 2970 2173 3025 sterior.
2240 2968 2375 3026 Nam
2431 2971 2518 3038 ei,
2578 2974 2669 3043 qui
2729 2983 2815 3030 est
2876 2984 3043 3045 atque
3096 2977 3328 3043 exsistit,
3383 2977 3536 3035 dabit

1955 3062 2171 3133 aliquis,
2232 3077 2340 3119 non
2396 3065 2445 3119 ei
2503 3066 2593 3136 qui
2648 3070 2886 3123 nondum
2944 3070 3177 3136 exsistit,
3239 3088 3338 3128 nec
3374 3083 3533 3128 natus

1880 3187 1921 3244 C
1956 3165 2060 3209 681.

2504 3249 2531 3301 Ι
2541 3267 2571 3302 n
2607 3246 2792 3302 cadent
2824 3248 2998 3305 verba.

2020 3337 2077 3395 Si
2110 3335 2284 3419 Filius
2336 3354 2444 3397 non
2494 3354 2577 3396 cst
2627 3342 2736 3396 vita
2776 3341 3083 3398 secundum
3110 3351 3387 3413 naturam,
3417 3359 3529 3415 quo

276 3400 464 3455 θεύσει
491 3403 686 3472 λέγων’
727 3426 746 3459 ι
783 3408 840 3464 '0
871 3412 1144 3467 πιστεύων
1180 3417 1262 3480 εἰς
1282 3418 1404 3489 ἐμὲ,
1426 3418 1539 3490 ἔχει
1562 3421 1708 3495 ζωὴν
1728 3400 1858 3482 αἰω-

1964 3440 2109 3499 iacto
2158 3414 2282 3485 rere
2338 3430 2516 3487 dicit:
2561 3450 2577 3483 ι
2619 3431 2721 3498 Qui
2755 3434 2929 3491 credit
2982 3434 3037 3491 in
3090 3450 3199 3505 me,
3251 3436 3417 3491 habet
3451 3440 3530 3490 vi-

274 3509 429 3590 νιονς
456 3512 474 3544 ι
507 3495 626 3590 Καὶἐ
643 3496 823 3553 πάλιν·
858 3518 877 3551 ι
920 3501 1003 3556 Τὰ
1032 3505 1283 3576 πρόϐατα
1328 3510 1397 3564 τὰ
1441 3512 1552 3583 ἐμὰ
1598 3514 1699 3585 τῆς
1725 3517 1861 3590 ἐμῆς,

272 3579 470 3673 άκούει
481 3584 683 3654 φωνῆς.
699 3604 821 3639 ›-ι
832 3588 1002 3658 Κάγὼ
1017 3591 1209 3664 δίδωμι
1225 3596 1406 3664 αὐτοῖς
1428 3579 1571 3673 ζωὴν
1587 3579 1857 3661 ultimam:

274 3671 389 3723 Καὶ
419 3673 605 3730 πάλινο
637 3696 657 3729 r
708 3679 767 3732 ’0
796 3680 1068 3749 πιστεύων
1100 3686 1180 3749 εἰς
1212 3688 1315 3758 ἐμὲ
1383 3691 1445 3744 ού
1486 3671 1561 3765 μὴ
1599 3697 1862 3769 γεύσηται

274 3762 515 3818 θανάτου
536 3768 615 3831 εἰς
647 3767 738 3822 τὸν
771 3770 963 3827 αἰῶνα.
1001 3792 1019 3825 ι
1064 3775 1211 3832 Ἔδει
1267 3779 1375 3853 γάρ
1420 3762 1635 3854 λέγειν)
1680 3762 1856 3843 Ὀνπι-

276 3854 487 3910 στεύων
516 3860 596 3921 εἰς
646 3860 747 3931 ἐμὲ
780 3862 1009 3934 λήψεται
1038 3870 1167 3939 παρ’
1206 3871 1340 3942 ἐμοῦ
1372 3873 1535 3947 ζωὴν,
1562 3877 1630 3949 ἢν
1657 3879 1857 3935 δέδωκέ

278 3963 372 4016 μοι
406 3950 437 4001 ὁ
463 3949 672 4023 Πατήρ.
707 3955 814 4008 Καὶ
865 3957 1047 4011 πάλιν
1111 3961 1216 4016 Τὸν
1274 3964 1358 4029 εἰς
1400 3966 1500 4037 ἐμὲ
1538 3971 1859 4028 πιστεύοντα

271 4037 336 4089 οῦ
363 4040 714 4115 συγχωρήσει
742 4044 771 4095 ό
804 4044 992 4119 Πατὴρ
1045 4049 1344 4116 γεύσασθαι
1397 4052 1650 4111 θανάτου.
1708 4060 1771 4112 Et
1801 4061 1857 4115 δὲ

273 4134 441 4189 τοῦτο
474 4137 575 4207 μὲν
603 4141 839 4211 εἰρηκὼς
860 4144 921 4197 ού
952 4146 1222 4215 φαίνεται,
1256 4149 1333 4213 ὡς
1363 4150 1420 4203 δὲ
1450 4135 1609 4221 φύσει
1631 4156 1857 4226 προσοῦ-

275 4244 378 4281 σαν
401 4228 583 4301 ἑαυτῷ
625 4231 726 4305 τὴν
755 4234 921 4307 ζωὴν,
968 4239 1062 4303 καὶ
1094 4239 1171 4304 ὡς
1207 4242 1479 4309 ούσιωδῶς
1504 4245 1856 4317 ὑπάρχουσαν

274 4318 333 4387 ἐν
359 4320 560 4391 ἑαυτῷ,
591 4322 784 4377 δώσειν
832 4329 944 4390 τοῖς
990 4329 1071 4393 εἰς
1098 4330 1263 4385 αὑτὸν
1315 4333 1661 4389 πιστεύουσιν
1684 4339 1855 4408 ἐπαγ-

274 4411 546 4479 γέλλεται,
580 4414 698 4478 πῶς
732 4416 1005 4487 ἐνδέχεται
1052 4424 1193 4475 νοεῖν
1240 4424 1342 4478 οὐκ
1386 4424 1578 4495 ἔχοντα
1602 4429 1689 4483 τὸν
1724 4431 1853 4487 Υἱὸν

274 4504 559 4576 εἰληφέναι
586 4509 792 4579 ταύτην
807 4512 957 4582 παρὰ
981 4513 1075 4567 τοῦ
1106 4516 1353 4587 Πατρός;
1388 4520 1498 4573 Καὶ
1537 4521 1645 4594 γὰρ
1678 4523 1744 4577 ἂν
1765 4526 1850 4597 εἴη
1878 4499 1918 4552 D

274 4597 458 4668 πάσης
486 4599 742 4654 ἐπέκεινα
771 4603 1081 4675 δυσφημίας
1130 4608 1288 4662 τοῦτό
1342 4628 1427 4678 γε.
1472 4613 1634 4677 Ἀλλ’,
1663 4614 1851 4689 ὥσπερ

270 4690 374 4761 ἤδη
396 4754 397 4757 η
418 4693 756 4764 προείρηται,
782 4698 1056 4767 προελθὼν
1087 4702 1150 4752 ἐκ
1194 4705 1422 4774 Πατρὸς,
1459 4708 1633 4761 πάντα
1654 4709 1720 4763 τὰ
1748 4710 1852 4765 αύ·

270 4781 365 4835 τοῦ
401 4784 727 4853 κατὰφύσιν
787 4789 1071 4857 ἐπάγεται.
1130 4793 1223 4845 καὶ
1271 4795 1347 4858 ὡς
1387 4796 1645 4868 εἰληφὼς,
1709 4803 1850 4857 κατὰ

268 4872 431 4927 τοῦτο
463 4877 686 4939 νοεῖται,
735 4879 828 4930 καὶ
885 4880 1221 4952 ἀπαύγασμα
1255 4885 1349 4938 καὶ
1387 4888 1551 4941 εικὼν
1591 4891 1848 4964 ὑπάρχων

269 4965 461 5021 αὑτοῦ.
527 4970 622 5023 Ἕν
673 4969 730 5024 δὲ
781 4972 890 5025 τῶν
943 4976 1251 5043 προσόντων
1307 4980 1385 5032 τῶ
1433 4982 1605 5051 Πατρὶ
1668 4990 1760 5039 καὶ
1814 4991 1846 5059 ἡ

264 5060 407 5131 ξωήο

864 5156 965 5221 Εἰς
997 5155 1063 5208 τὸ
1092 5155 1258 5210 αὐτό.

335 5248 530 5315 Λέγων
578 5248 608 5300 ό
658 5246 784 5309 Υἱὸς
825 5248 907 5304 rb.
947 5264 965 5299 ι
1006 5248 1216 5315 Ὠσπερ
1269 5248 1377 5317 γὰρ
1420 5249 1450 5300 ό
1502 5248 1690 5318 Πατὴρ
1722 5249 1835 5319 ἔχει

268 5338 414 5410 ζωὴν
446 5341 504 5392 ἐν
527 5339 886 5409 ἑαυτῷ,οῠτω
904 5341 999 5393 καὶ
1018 5340 1094 5407 τῷ
1117 5340 1227 5409 re;
1251 5340 1481 5393 δὶδωκεν
1510 5341 1657 5411 ἔχειν
1689 5342 1835 5413 ζωὴν

270 5433 326 5486 ἐν
357 5432 557 5500 ἑαυτῷ.
596 5450 613 5482 ι
652 5433 753 5500 τὴν
798 5432 1217 5500 ἀπαράλλακτον
1250 5433 1545 5503 ὁμοιότητα
1599 5433 1833 5487 δεικνύει

272 5525 482 5593 σαφῶς,
523 5525 589 5593 ἢν
642 5523 754 5594 ἔχει
808 5524 943 5591 πρὸς
1003 5524 1093 5576 τὸν
1147 5525 1500 5589 γεννήσαντα.
1537 5525 1689 5595 Ἐχει
1728 5525 1836 5594 γὰρ

270 5616 411 5671 οὕτω
438 5616 537 5685 τὴν
566 5616 732 5687 ζωὴν,
758 5616 946 5685 ὥσπερ
971 5621 1063 5669 καὶ
1087 5620 1115 5671 ό
1148 5617 1358 5689 Πατὴρ,
1380 5619 1616 5688 φυσικὴν
1649 5620 1837 5691 δηλον-

1956 3535 2066 3581 tam
2089 3532 2346 3579 aeternam
2385 3524 2458 3578 ³2
2512 3542 2530 3575 ι
2593 3523 2659 3578 Et
2687 3538 2907 3578 rursus:
2959 3543 2976 3575 ι
3018 3523 3156 3578 Ores
3198 3540 3328 3578 mem
3347 3541 3533 3581 vocem

1956 3631 2132 3671 meam
2168 3616 2393 3670 audiunt
2432 3622 2497 3682 ³;
2533 3633 2550 3667 ι
2588 3624 2643 3670 et
2677 3632 2691 3670 :
2731 3633 2749 3667 ι
2778 3613 2887 3686 Ego
2913 3616 2980 3671 do
3013 3616 3141 3683 ipsis
3186 3617 3347 3669 vitam
3376 3627 3534 3672 aeter-

1958 3720 2113 3773 nam;
2148 3722 2167 3756 ι
2201 3714 2255 3759 et
2288 3718 2476 3759 rursus
2522 3724 2534 3759 :
2577 3721 2596 3756 ι
2637 3704 2738 3772 Qui
2770 3704 2944 3760 credit
2978 3704 3030 3759 in
3062 3718 3169 3768 me,
3207 3720 3313 3758 non
3346 3716 3532 3775 gusta-

1959 3798 2039 3853 bit
2068 3804 2298 3851 mortem
2332 3795 2382 3849 in
2413 3803 2678 3850 mternum
2722 3797 2769 3848 ⁸.
2810 3813 2827 3845 ι
2857 3794 3155 3865 Oportebat
3191 3794 3333 3850 enim
3387 3797 3533 3850 dicc-

1957 3903 2050 3943 re:
2078 3886 2180 3955 Qui
2217 3884 2386 3941 credit
2413 3885 2465 3940 in
2494 3899 2604 3948 me.
2636 3884 2871 3954 accipiet
2932 3885 3120 3952 vitam,
3170 3900 3331 3956 quam
3386 3887 3533 3941 dedit

1957 3981 2085 4035 mihi
2121 3977 2300 4033 Pater.
2334 3977 2501 4032 Item:
2528 3976 2786 4047 Eumqui
2832 3975 3128 4032 crediderit
3157 3976 3208 4030 in
3258 3992 3365 4042 me,
3421 3992 3527 4033 non

1953 4071 2097 4129 sinet
2131 4070 2291 4125 Pater
2321 4076 2541 4140 gustare
2574 4078 2823 4123 mortem.
2858 4066 2915 4123 Si
2950 4083 3076 4124 vero
3107 4068 3159 4124 id
3193 4084 3300 4124 non
3331 4069 3530 4124 dixisse

1950 4162 2216 4228 cernitur,
2250 4163 2344 4218 sed
2376 4161 2642 4232 promittit
2704 4176 2765 4216 se
2829 4160 3084 4217 daturum
3146 4162 3213 4217 iis
3258 4163 3348 4231 qui
3403 4178 3528 4217 cre-

1952 4255 2084 4311 dunt
2111 4253 2163 4308 in
2185 4254 2357 4323 ipsum
2394 4252 2560 4307 vitam
2592 4267 2712 4320 qua:
2742 4251 3065 4323 naturaliter
3089 4262 3144 4306 et
3162 4254 3530 4308 essentialiter

1951 4346 2056 4401 sibi
2101 4343 2201 4414 ipsi
2236 4344 2400 4408 inest,
2463 4344 2735 4413 quomodo
2766 4342 2991 4414 intelligi
3025 4353 3199 4414 potest
3228 4342 3422 4399 Filium
3454 4346 3530 4397 vi-

1952 4447 2060 4493 tam
2115 4451 2222 4492 non
2281 4435 2568 4492 habentem
2622 4449 2741 4490 eam
2785 4449 2815 4489 a
2862 4435 3021 4507 Patre
3052 4436 3364 4505 accepisse?
3417 4436 3530 4491 lloc

1948 4529 2093 4586 enim
2133 4529 2324 4600 quavis
2347 4527 2677 4597 blasphemia
2704 4526 2924 4597 gravius
2957 4536 3061 4582 est.
3096 4527 3227 4591 Sed,
3277 4537 3334 4581 ut
3368 4529 3528 4583 modo

1949 4622 2148 4678 dictum
2174 4620 2584 4691 est,procedens
2605 4632 2671 4674 ex
2694 4619 2877 4686 Patre,
2894 4618 3073 4673 omnia
3101 4633 3217 4687 quae
3246 4618 3386 4673 illius
3404 4628 3530 4674 sunt

1948 4715 2106 4770 simul
2127 4713 2421 4769 secundum
2450 4722 2700 4767 naturam
2723 4726 2907 4769 secum
2931 4712 3120 4776 aliert,
3154 4720 3209 4766 et
3227 4727 3288 4765 ca
3320 4712 3528 4767 ratione

1947 4821 2049 4875 qua
2126 4803 2358 4874 accepit,
2419 4803 2619 4858 dicitur
2677 4801 2933 4874 splendor
2989 4812 3045 4858 et
3104 4801 3281 4874 imago
3336 4803 3524 4873 ipsius.

1952 4893 2125 4951 Unum
2160 4902 2339 4949 autem
2403 4909 2587 4949 eorum
2639 4908 2763 4965 quae
2823 4893 2971 4948 Patri
3030 4895 3212 4950 insunt
3240 4895 3401 4950 etiam
3442 4906 3527 4952 est

1948 4988 2076 5042 vita.

2475 5166 2539 5220 In
2580 5169 2760 5221 eadem
2806 5172 2979 5225 verba.

2018 5253 2149 5310 Cum
2209 5255 2382 5313 Filius
2440 5259 2599 5325 dicit,
2660 5279 2678 5311 ι
2717 5260 2871 5316 Sicut
2929 5261 3072 5315 enim
3128 5261 3285 5316 Patur
3351 5257 3513 5312 habet

1947 5348 2112 5402 vitam
2164 5349 2220 5405 in
2272 5350 2499 5421 seipse,
2568 5353 2638 5407 ita
2686 5353 2851 5409 etiam
2912 5353 3051 5408 Filio
3105 5354 3252 5408 dedit
3308 5353 3510 5409 habere

1950 5439 2113 5493 vitam
2145 5441 2197 5496 in
2229 5443 2410 5513 seipso
2436 5447 2479 5510 ⁸,
2513 5464 2532 5496 ι
2577 5453 2764 5514 aperte
2792 5446 3160 5501 omnimodam
3192 5445 3507 5501 similitudi-

1947 5550 2068 5589 nem
2102 5537 2364 5603 ostendit,
2395 5553 2558 5601 nuam
2591 5539 2904 5596 habetcum
2941 5538 3123 5595 Patre.
3159 5539 3329 5594 liabet
3361 5540 3505 5592 enim

1944 5626 2018 5681 ita
2040 5628 2393 5694 vitam,sicut
2431 5637 2483 5682 et
2516 5627 2691 5700 Pater,
2732 5632 3033 5687 naturalem
3066 5630 3325 5685 nimirum
3350 5639 3509 5689 etes-

346 5777 361 5809 ¹
397 5772 557 5832 Joan.
622 5795 673 5841 ν,
723 5778 816 5833 26.
893 5779 913 5808 ’
941 5777 1100 5833 Joan.
1134 5793 1210 5838 vr.
1243 5778 1334 5834 47.
1413 5779 1433 5811 ³
1464 5777 1621 5834 Joau.
1666 5795 1722 5848 ι,
1757 5783 1848 5837 27.

1974 5779 2130 5837 Joan.
2166 5799 2281 5851 vm,
2312 5783 2400 5840 52.
2480 5786 2501 5821 ⁸
2532 5782 2690 5843 Joau.
2725 5802 2780 5851 ν,
2815 5786 2904 5843 26.

564 5875 835 5934 ΡΑτ-ιιοι..
879 5873 999 5934 GR.
1041 5874 1308 5935 CXXX.

3059 5882 3136 5944 21
