3920 6572
418 365 528 427 653

417 486 564 555 ἔχειν
597 485 899 541 ἀθανασίαν
924 487 1171 556 λέγεται·
1207 489 1319 560 ἔχει
1346 491 1452 563 γὰρ
1488 494 1546 545 ἐν
1573 493 1703 546 tau-.-

416 673 508 723 τοῦ
543 673 753 740 Πατρξς
790 672 942 738 ἴδιον,
974 673 1132 726 τοῦτό
1168 678 1318 727 ἐστιν
1356 679 1382 730 6
1418 677 1565 741 Υἱὸς,
1598 679 1729 733 ὅταν
1763 681 1989 755 λέγηται

416 758 561 831 ζωὴν
590 760 735 829 ἔχειν
770 761 797 811 6
830 761 1020 831 Πατὴρ
1069 764 1124 815 ἐν
1158 763 1359 834 ἐαυτῷ,
1407 765 1496 819 τὸν
1543 767 1670 821 Υἱὸν
1703 773 1983 841 σημαίνει,

416 853 510 901 καὶ
561 849 657 918 οὐχ
714 850 902 921 ἕτερόν
948 868 1001 905 τι
1057 853 1187 924 παρ’
1229 854 1409 911 αὐτόν.
1456 855 1750 929 ’Υπάρχων
1800 861 1855 914 δὲ
1895 863 1989 918 καὶ

414 943 576 1005 αὐτὸς
603 944 660 995 ἐν
696 943 809 1014 Υἱῴ
856 944 996 998 κατὰ
1044 947 1105 1000 τὸ
1148 950 1249 1019 τῆς
1295 950 1487 1014 οὐσίας
1537 953 1983 1024 ἀπαράλλακτον.

413 1036 508 1089 καὶ.
542 1036 657 1108 ζωὴ
687 1038 827 1091 κατὰ
863 1037 1025 1107 φύσιν
1057 1038 1156 1109 ὢν,
1190 1041 1424 1097 δέδωκεν
1455 1046 1647 1099 ἑαυτὸν
1678 1047 1850 1122 αὐτῷ.

1034 1277 1142 1333 Kal
1174 1278 1371 1335 τοῦτο.

481 1388 604 1456 Ζωὴ
632 1388 772 1441 κατὰ
811 1389 974 1457 φύσιν
1022 1392 1284 1461 ὑπάρχων
1311 1396 1338 1446 6
1365 1394 1516 1459 Υἱὸς,
1549 1397 1798 1467 δέχεσθαι
1832 1406 1984 1473 παρὰ

406 1478 502 1531 τοῦ
561 1482 769 1550 Πατρδς
817 1485 1018 1554 ταύτην
1072 1485 1257 1555 φησὶν,
1305 1489 1402 1558 οὐχ
1533 1490 1708 1560 Λόγος
1742 1496 1892 1549 ἐστὶν
1951 1498 1980 1570 ἦ

406 1572 751 1642 ἀπαύγασμα
785 1576 1033 1643 φυσικῶς
1065 1576 1177 1647 ἔχει
1205 1578 1275 1632 τὰ
1306 1580 1396 1633 τοῦ
1431 1583 1639 1653 [ἰατρὸς
1682 1586 1814 1651 ίδια,
1846 1590 1982 1644 ἁ).ὶὰ

408 1663 544 1716 καθὸ
589 1665 814 1733 γέγονεν
844 1667 1152 1739 ἄνθρωπος,
1193 1666 1237 1740 ᾧ
1275 1671 1452 1727 πάντα
1487 1675 1762 1734 θεόσδοτα.
1798 1682 1981 1736 Κατα-

409 1758 600 1824 στήσει
639 1758 696 1810 δὲ
742 1758 902 1813 τοῦτο
940 1762 1111 1828 σαφὲς
1137 1765 1193 1817 ἐν
1221 1768 1331 1827 τοῖς
1362 1768 1582 1838 ἐφεξῆς,
1610 1772 1703 1825 τοῦ
1730 1772 1978 1827 δεδόσθαι

406 1845 504 1916 τὴν
534 1848 716 1901 αἰτίαν
745 1850 1131 1922 ἐξηγούμενος.
1158 1854 1444 1921 Ἐξουσίαν
1471 1862 1597 1931 γὰρ,
1632 1867 1818 1933 φησὶν,
1846 1866 1975 1921 ἔδωο
2011 1851 2052 1909 Β

409 1955 502 1989 κεν
535 1940 684 2010 αὑτῴ
711 1944 891 2012 κρίσιν
916 1950 1112 2009 ποιεῖν,
1133 1948 1216 2002 ὅτι
1252 1950 1375 2016 Υίδς
1405 1953 1694 2024 ἀνθρώπου
1720 1958 1892 2012 ἐστίν.
1916 1961 1982 2016 Εἰ

402 2030 461 2083 δὲ
494 2034 790 2103 ἐπειδήπερ
826 2035 954 2098 Υἰὺς
980 2038 1268 2107 ἀνθρώπου
1314 2042 1452 2111 ἐστὶ,
1483 2045 1584 2116 τὴν
1629 2048 1719 2100 ἐπὶ
1747 2049 1824 2121 τῷ
1859 2051 1981 2120 κρί-

406 2140 520 2177 νειν
566 2124 816 2189 ἐξουσίαν
845 2130 1127 2205 εἰληφέναι
1174 2133 1413 2201 λέγεται,
1446 2138 1537 2190 τὸν
1584 2141 1750 2194 αὐτὸν
1778 2143 1982 2197 ἀνακυο

406 2216 715 2282 κλὼσαντες
757 2219 915 2287 λόγον
944 2223 1180 2293 ἐροῦμεν
1208 2244 1222 2258 ·
1254 2225 1472 2300 Ἐπειδὴ
1510 2230 1640 2297 Υἱὸς
1682 2235 1974 2307 ἀνθρώπου

405 2310 619 2378 γέγονε,
650 2312 750 2385 τὴν
791 2316 1088 2387 ὁμοιότητα
1123 2323 1359 2392 φορέσας
1391 2327 1501 2380 τῶν
1530 2330 1682 2397 παρὰ
1713 2329 1850 2383 Θεοῦ
1887 2332 1970 2385 δέ·

404 2401 597 2470 χεσθαι
642 2403 710 2456 τὰ
759 2407 936 2460 πάντα
984 2414 1331 2483 πεφυκότων,
1364 2417 1460 2470 καί
1509 2419 1654 2489 ζωὴν
1681 2423 1969 2492 εἰληφέναι

404 2491 645 2559 λέγεται,
682 2494 818 2567 μόνῃ
849 2497 944 2551 καὶ
973 2504 1151 2574 γυμνῇ
1179 2506 1245 2574 τῇ
1278 2505 1399 2577 θείᾳ
1429 2508 1591 2579 φύσει
1625 2491 1835 2583 τηρῶν,
1874 2516 1970 2570 καὶ

401 2584 464 2636 τὸ
496 2587 726 2657 μετοχῆς
754 2605 898 2653 τινος
936 2592 1286 2651 ἀνεπίδεκτον
1316 2600 1412 2654 καὶ
1458 2601 1520 2654 τὸ
1567 2602 1828 2659 δύνασθαι
1865 2611 1976 2673 τοῖς

384 2668 539 2728 πᾶσι
570 2680 638 2730 τὰ
668 2679 841 2733 πάντα
868 2687 1144 2755 χορηγεῖν.

408 2788 522 2841 Τοῦ
575 2791 759 2845 αὑτοῦ
822 2793 894 2849 ἐκ
953 2796 1261 2924 (OQ-11158;}
1319 2804 1427 2875 τῆς
1485 2789 1659 2879 ἀνίας
1727 2815 1970 2884 Ίῂιὰὃος

1176 2890 1293 2924 νου.

1175 2890 1293 2939 νου.

457 2968 579 3021 ’(ὶτι
624 2968 680 3022 δὲ
720 2971 789 3024 τὰ
836 2971 975 3025 αὒτὰ
1004 2973 1224 3029 δύναται
1264 2977 1342 3049 τῷ
1374 2981 1547 3052 Πατρὶ
1578 2983 1672 3038 καὶ
1706 2985 1758 3058 [6
1791 2988 1965 3061 Υἱδςῖ,

385 3060 581 3129 μαθεῖν
627 3059 773 3115 ἔστιν
804 3063 1074 3135 ἑτέρωθεν
1098 3082 1112 3097 ⁶
1144 3070 1273 3123 ποτὲ
1315 3071 1417 3141 μὲν
1450 3075 1581 3146 γὰρ,
1624 3096 1641 3128 ι
1687 3079 1743 3133 Ὀ
1773 3059 1962 3155 Πατήρ

1314 372 1685 436 PANOT‘LIA
1732 375 2187 447 DOGMATiCA.
2232 410 2301 424 -
2330 387 2482 453 ΤΙΤ.
2521 388 2626 452 Χῐ.

2093 811 2249 855 catur
2270 802 2469 861 habere
2490 808 2654 864 vitam
2683 811 2736 867 in
2767 816 2968 885 seipse,
2999 815 3194 875 Filium
3227 823 3516 893 signiﬁcat,
3546 843 3656 885 nou

2090 893 2294 963 aliquid
2377 913 2408 952 a
2466 914 2528 956 se
2579 902 2883 963 diversum.
2958 910 3239 969 Exsistens
3298 930 3427 971 vero
3490 920 3657 974 etiam

2090 985 2207 1056 ipse
2269 989 2319 1042 in
2368 989 2509 1047 Filio
2561 1004 2783 1065 propter
2862 1000 3237 1058 omnimodam
3283 1009 3539 1064 essentia:
3577 1011 3655 1064 si~

2089 1079 2477 1151 militudinem,
2518 1100 2643 1142 cum
2674 1088 2839 1149 etiam
2880 1094 3208 1151 naturaliter
3235 1096 3308 1153 sit
3339 1099 3473 1170 vita,
3504 1100 3655 1157 dedit

2089 1171 2165 1227 illi
2194 1175 2457 1245 scipsum.

2510 1313 2574 1368 In
2610 1320 2848 1372 eamdem
2888 1323 3223 1381 sententiam.

2158 1423 2326 1479 Filius
2356 1426 2458 1482 vita
2495 1433 2816 1488 naturaliter
2847 1436 3143 1501 exsistens.
3173 1453 3297 1495 eam
3335 1457 3395 1497 se
3426 1458 3454 1497 a
3489 1444 3649 1503 Patre

2086 1517 2329 1583 accipere
2351 1519 2503 1586 dicit,
2543 1538 2649 1578 non
2672 1534 2945 1596 quatenus
2972 1526 3203 1585 Verbum
3228 1540 3334 1605 est,
3358 1547 3450 1590 aut
3473 1541 3652 1606 splen.

2086 1609 2183 1664 dor
2233 1613 2556 1670 naturaliter
2602 1616 2811 1675 habens
2850 1634 2974 1689 qua:
3010 1619 3183 1681 Patris
3230 1627 3447 1695 propria
3498 1640 3649 1695 sunt,

2084 1703 2177 1755 sed
2198 1711 2467 1772 quatenus
2492 1706 2668 1763 factus
2691 1720 2773 1765 cst
2797 1712 2985 1777 homo,
3014 1714 3101 1766 cui
3124 1716 3306 1770 omnia
3336 1731 3365 1771 a
3390 1716 3499 1771 Dcn
3524 1720 3647 1774 data

2083 1798 2227 1845 sunt.
2269 1791 2425 1859 Quod
2470 1795 2648 1865 ipsum
2689 1800 2742 1854 in
2781 1803 3139 1873 sequentibus
3164 1817 3347 1879 aperte
3387 1809 3644 1880 declarat,

2083 1897 2302 1936 causam
2340 1900 2436 1940 cur
2483 1887 2610 1943 data
2649 1891 2720 1946 sit
2751 1896 3058 1963 explicans.
3100 1901 3430 1959 Potestatetn
3471 1904 3639 1975 enim,

2083 1970 2281 2042 inquit,
2306 1974 2454 2031 dedit
2475 1978 2807 2049 eijudicium
2837 1983 3036 2053 facere,
3064 1989 3190 2060 quia
3213 1991 3385 2049 Filius
3411 1970 3647 2052 hominis

2079 2073 2162 2118 est
2195 2063 2234 2118 ¹.
2277 2061 2333 2119 Si
2363 2081 2493 2122 vero
2530 2071 2657 2141 quia
2696 2070 2869 2131 Filius
2904 2078 3140 2136 hominis
3179 2091 3286 2147 est,
3320 2094 3644 2154 potestatem

2072 2156 2355 2225 iudicandi
2396 2164 2670 2234 accepisse
2698 2167 2916 2237 dicitur,
2953 2175 3136 2227 eodem
3158 2176 3645 2247 modorepetcntes

2075 2249 2318 2306 dicemus
2360 2251 2497 2319 Quia
2540 2255 2708 2312 Filius
2749 2261 2987 2320 hominis
3022 2265 3199 2322 factus
3227 2278 3332 2336 est,
3390 2271 3646 2327 similitu-

2078 2343 2260 2399 dinem
2279 2361 2470 2417 gerens
2499 2362 2688 2405 eorum
2711 2354 2801 2423 qui
2825 2356 3086 2427 quidquid
3118 2358 3340 2428 habent,
3365 2378 3395 2418 ιι
3424 2363 3640 2420 Deoac-

2078 2435 2306 2506 cipiuut,
2346 2442 2511 2496 vitam
2565 2459 2783 2514 quoque
2813 2450 3090 2519 accepisse
3144 2452 3393 2522 dicitur;
3442 2458 3543 2512 soli
3579 2473 3644 2513 ac

2081 2528 2236 2582 undae
2252 2530 2450 2588 divina:
2472 2544 2678 2590 natura:
2707 2538 2756 2592 id
2788 2553 3098 2607 reservans,
3119 2546 3263 2615 quod
3290 2549 3493 2605 nullius
3513 2566 3641 2620 par-

2075 2620 2408 2689 tieipationis
2437 2641 2602 2694 capax
2640 2631 2729 2693 sit,
2755 2632 3012 2704 quodque
3042 2639 3223 2692 omnia
3257 2641 3514 2697 omnibus
3536 2641 3644 2696 lar-

2074 2711 2248 2778 giatur
2287 2725 2447 2783 atqne
2488 2722 2819 2788 suppeditet.

2286 2830 2539 2901 Ejusdem
2576 2854 2638 2890 ex
2666 2837 2799 2894 libra
2824 2842 2887 2894 de
2919 2855 3107 2899 sancta
3142 2844 3421 2907 Triuilale.

2140 2990 2296 3057 Quod
2326 2998 2657 3053 tantumdem
2692 3015 2755 3056 ac
2797 3003 2958 3062 Pater
2991 3006 3163 3066 Filius
3205 3014 3395 3081 possit,
3434 3018 3653 3080 aliunde

2070 3080 2278 3139 discere
2303 3085 2446 3143 licet.
2476 3088 2632 3145 Nunc
2656 3095 2798 3148 enim
2826 3114 2839 3151 :
2879 3116 2899 3150 ι
2936 3097 3098 3156 Pater
3128 3119 3306 3170 meus,
3337 3109 3530 3180 inquit,
3562 3130 3652 3169 us-

385 3166 510 3218 μου.
539 3149 708 3218 λέγει,
737 3153 842 3215 ἕως
874 3154 998 3227 ἄρτι
1020 3157 1335 3229 ἐργάζεται,
1371 3165 1525 3233 κάγὼ
1555 3170 1859 3240 ἐργάζομαι
1890 3149 1959 3225 "vi

2829 3149 2836 3151 _
2890 3149 2893 3150 ν
2936 3149 2956 3152 _
2984 3149 3086 3156 η--
3128 3149 3306 3170 --.-..-,
3338 3149 3530 3180 ....,....,
3563 3149 3650 3169 ...-

2069 3188 2171 3242 que
2208 3178 2369 3234 modo
2421 3193 2698 3251 operatur,
2737 3197 2793 3244 et
2840 3203 2940 3259 ego
2985 3207 3181 3262 eperor
3219 3202 3238 3232 ¹
3269 3214 3286 3264 ς
3328 3217 3351 3253 ι
3386 3217 3531 3260 nunc
3554 3223 3650 3261 au-

378 3240 513 3293 ποτὲ
538 3242 621 3295 δέ’
653 3263 672 3295 ι
708 3245 919 3317 Ὠσπερ
949 3249 978 3301 6
1004 3251 1192 3323 Πατὴρ
1231 3253 1435 3324 ἐγείρει
1459 3258 1585 3324 τοὺς
1614 3264 1839 3333 νεκροὺς
1866 3268 1958 3319 καὶ

378 3331 654 3399 ζωοποιεῖ,
702 3335 844 3390 οὕτω
877 3338 973 3391 καὶ
993 3340 1022 3393 6
1049 3341 1175 3406 Υίδς
1207 3342 1300 3407 οὓς
1341 3346 1484 3400 θέλει
1530 3331 1802 3415 ζωοποιεῖ.
1852 3374 1870 3406 ι
1898 3387 1962 3397 ~—

382 3442 401 3473 ι
428 3424 537 3488 Ui);
561 3425 702 3480 θέλει
730 3447 748 3479 ι
777 3428 947 3494 εἶπεν,
991 3432 1088 3504 οὐχ
1112 3434 1203 3499 οὓς
1219 3437 1498 3494 κελεύεται
1521 3458 1534 3471 ’
1562 3442 1655 3508 οὒς
1690 3444 1958 3515 βούλεται,

370 3515 478 3589 οὐχ
504 3514 596 3579 οὓς
617 3514 1022 3587 προστάσσεται
1045 3542 1057 3553 ·
1083 3524 1143 3577 τὸ
1183 3526 1280 3597 μὲν
1306 3529 1415 3602 γὰρ
1437 3530 1700 3602 δουλείας,
1723 3539 1784 3590 τὸ
1799 3539 1853 3593 δὲ
1870 3514 1957 3594 δεέ

373 3605 633 3671 σποτείας
661 3609 809 3668 ἴδιον.
842 3614 947 3667 Καὶ
985 3615 1146 3670 πάλιν
1171 3616 1438 3690 ἑτέρωθεν
1460 3639 1474 3653 ⁸
1499 3642 1517 3675 ι
1543 3624 1605 3677 Εἰ
1626 3625 1687 3679 οὐ
1724 3629 1861 3682 ποιῶ
1890 3631 1956 3685 τὰ

371 3697 515 3769 ἔργα
558 3699 651 3757 τοῦ
707 3703 921 3776 Πατρός
967 3724 1106 3777 μου,
1157 3710 1233 3779 μὴ
1290 3713 1573 3768 πιστεύετέ
1632 3734 1755 3788 μοι·
1806 3721 1855 3773 εί
1899 3722 1954 3776 δὲ

372 3794 535 3857 ποιῶ,
584 3794 688 3848 κᾶν
738 3798 861 3867 ἐμοὶ
907 3800 982 3872 μὴ
1037 3798 1228 3872 θέλητε
1270 3806 1568 3873 πιστεύειν,
1618 3815 1729 3876 τοῖς
1775 3813 1958 3885 ἔργοις

370 3889 681 3957 πιστεύετε,
713 3893 806 3944 καὶ
833 3893 1133 3961 γινώσκετε
1163 3897 1243 3951 ὅτι
1269 3900 1297 3951 ὁ
1324 3900 1515 3975 Πατὴρ
1544 3903 1603 3958 ὲν
1632 3906 1774 3977 ἐμοὶ,
1800 3911 1956 3979 κάγὼ

370 3976 429 4031 ιν
452 3977 619 4051 αὐτῷ.
660 3999 680 4032 ι
713 3982 904 4053 Ὁρᾶτε
946 3984 1108 4039 πάλιν
1138 3988 1430 4051 κάντεῦθεν
1458 3976 1673 4067 Πατρὸς
1697 4000 1789 4052 καὶ
1826 3976 1953 4056 Υίοῦ

370 4069 471 4143 τὴν
501 4073 717 4145 ἰσότητα
736 4093 751 4107 ·
787 4094 805 4128 ι
851 4076 912 4131 Ὀ
940 4079 1128 4150 Πατὴρ
1155 4080 1283 4152 γὰρ,
1314 4086 1497 4154 φησιν,
1526 4088 1585 4142 ὲν
1615 4090 1759 4162 ἐμοὶ,
1799 4095 1953 4164 κάγὼ

365 4165 427 4217 ὲν
458 4166 625 4237 αὐτῷ.
667 4187 685 4220 ι
720 4169 842 4224 Ἐπὶ
856 4170 913 4223 δὲ
936 4171 1029 4225 τοῦ
1058 4174 1304 4243 μείζονος
1320 4179 1414 4232 καὶ
1444 4180 1538 4234 τοῦ
1565 4184 1778 4253 μείονος
1795 4189 1954 4243 τοῦτο

364 4257 661 4330 εὑρεθῆναι
699 4260 985 4317 ἀδύνατον·
1031 4260 1142 4319 οἷόν
1178 4284 1233 4319 τι
1264 4268 1435 4338 λέγω’
1472 4273 1660 4330 Πᾶσιν
1687 4280 1823 4349 ὁμοῦ
1850 4281 1950 4352 τὴν

367 4347 551 4404 κτίσιν
578 4352 862 4425 ὁρωμένην
890 4373 949 4408 τε
974 4357 1067 4410 καὶ
1088 4357 1319 4430 ἀόρατον
1337 4363 1394 4416 ἐν
1419 4364 1596 4437 ἐαυτῷ
1621 4347 1951 4443 περιγράφει

360 4440 392 4492 6
416 4439 525 4495 τῶν
540 4442 678 4497 ὅλων
700 4443 852 4511 Θεὸς,
873 4447 1071 4517 μᾶλλον
1098 4450 1155 4504 δὲ
1181 4452 1238 4503 ὲν
1267 4455 1330 4525 τῇ
1364 4456 1508 4528 χειρί
1535 4439 1829 4531 κατέχειίι
1865 4439 1949 4519 Ἑν

358 4531 476 4601 γὰρ
513 4536 580 4604 τῇ
619 4536 761 4607 χειρὶ⁵
787 4538 975 4602 αὐτοῦ,
1007 4541 1164 4612 φησι,
1190 4545 1256 4596 τὸ.
1282 4545 1493 4616 πέρατα
1520 4550 1617 4621 τῆς
1638 4552 1761 4622 γῆς.
1801 4575 1818 4608 ι
1840 4558 1951 4613 Καὶ

361 4623 560 4678 πάλινο
609 4646 628 4678 ι
682 4628 740 4682 'U
776 4631 1023 4702 κατέχων
1062 4633 1155 4687 τὸν
1192 4635 1359 4708 γῦρον
1393 4639 1493 4711 τῆς
1520 4645 1644 4713 γῆς,
1684 4646 1777 4699 καὶ
1822 4649 1947 4713 τοὺς

358 4715 706 4782 ἐνοικοῦντας
730 4720 787 4772 ἐν
814 4720 951 4793 αὐτῇ
990 4721 1123 4778 ὡσεὶ
1149 4726 1393 4799 ἀκρίδας.
1455 4750 1473 4784 ι
1520 4733 1629 4788 Καὶ
1674 4736 1908 4810 ἀλλαχοῦ
1931 4758 1943 4772 ·

364 4827 383 4859 ι
411 4807 510 4872 Τίς
535 4810 841 4883 ἐμέτρησεν
868 4817 934 4885 τῇ
954 4816 1098 4888 χειρί
1113 4818 1279 4873 αὐτοῦ
1311 4820 1371 4874 τὸ
1387 4821 1551 4895 ὕδωρ,
1571 4827 1666 4879 καὶ
1686 4829 1776 4882 τὸν
1791 4807 1948 4902 οὖρα-

356 4900 451 4952 νὸν
469 4902 738 4975 σπιθαμῇ,
764 4906 858 4959 καὶ
888 4909 1069 4963 πᾶσαν
1103 4911 1201 4983 τὴν
1235 4914 1340 4984 γῆν
1364 4915 1557 4986 δρακί;
1590 4938 1608 4971 ι
1639 4922 1828 4976 Πᾶσαν
1848 4900 1945 4994 μὲν

354 4985 474 5054 οὖν,
495 4990 568 5055 ὡς
584 4994 738 5065 ἔφην,
767 4995 867 5066 τὴν
895 4998 1071 5051 κτίσιν
1092 5000 1150 5055 ὲν
1173 5005 1236 5072 τῇ
1262 4985 1405 5074 χειρί
1434 5008 1654 5080 κατέχει
1684 5009 1791 5065 τῶν
1806 4985 1944 5069 ὅλων

353 5080 383 5131 ὁ
414 5083 676 5152 ποιητής·
711 5084 871 5139 αὐτὸν
913 5086 971 5140 δὲ
1005 5088 1109 5141 ὑπὸ
1147 5090 1247 5160 τῆς
1277 5093 1506 5159 κτίσεως
1541 5100 1940 5173 περιληφθῆναι

352 5168 617 5224 ἀδύνατον
641 5188 655 5203 σ
702 5173 899 5230 οὐκοῦν
927 5178 1211 5250 ἀμήχανον
1260 5183 1350 5237 ὑπ’
1390 5168 1636 5259 ἀλλήλων
1673 5168 1938 5250 τέι-ἇν-ισα

349 5264 672 5334 χωρηθῆναι
697 5284 709 5297 ·
746 5271 795 5322 εἰ
837 5271 894 5323 δὲ
924 5271 1080 5326 τοῦτο
1104 5274 1319 5347 ἀληθὲς,
1346 5280 1537 5353 ὥσπερ
1576 5286 1670 5337 καὶ
1717 5287 1936 5359 ἀληθὲς,

344 5359 524 5427 χωρεί
560 5358 616 5411 δὲ
657 5362 687 5412 6
717 5361 845 5427 Υἱὸς
874 5363 967 5416 τὸν
1017 5367 1254 5440 Πατέρα,
1306 5370 1495 5446 ὥσπερ
1532 5379 1560 5429 6
1608 5358 1811 5453 Πατὴρ
1844 5382 1936 5435 τὸν

344 5446 506 5510 Υἰὸν,
528 5448 746 5521 εὔδηλον
770 5456 798 5505 6
827 5455 924 5523 τῆς
952 5457 1265 5529 ἀνισότητος
1293 5461 1447 5530 λόγος
1469 5446 1815 5541 meomeo,
1839 5475 1934 5527 καὶ

345 5536 538 5609 ἰσότης
571 5543 630 5594 ὲν
660 5544 833 5613 lla-cpt
865 5548 958 5600 καὶ
994 5548 1104 5618 Υἰῴ
1134 5553 1475 5623 γνωρίζεται.

2070 3277 2209 3321 tvm:
2248 3286 2266 3319 ι
2300 3269 2467 3326 Sicuti
2492 3272 2651 3331 Pater
2672 3279 2900 3336 suscitat
2926 3296 3168 3342 mortuos
3183 3296 3239 3344 et
3266 3291 3523 3361 virilicat,
3577 3299 3647 3352 ita

2067 3368 2115 3411 ct
2154 3358 2324 3417 Filius
2353 3379 2490 3432 quos
2521 3367 2635 3421 vult
2668 3370 2904 3427 viviﬁcat
2966 3380 3004 3429 ³.
3046 3396 3063 3429 ι
3105 3404 3175 3419 —
3215 3398 3234 3434 ι
3267 3382 3414 3450 Quos
3472 3358 3589 3445 vult
3623 3409 3642 3444 ι

2064 3450 2223 3518 dixit,
2260 3467 2365 3508 non
2409 3470 2545 3525 quos
2564 3456 2824 3529 jnbctur;
2873 3479 3013 3533 quos
3065 3469 3178 3536 ipse
3207 3469 3490 3542 deliberat,
3540 3495 3646 3535 non

2062 3554 2200 3608 quos
2225 3546 2548 3614 mandatur;
2589 3567 2823 3622 namque
2866 3555 2996 3611 illud
3046 3561 3330 3620 servitutis
3370 3577 3476 3635 est,
3546 3572 3646 3628 hoc

2065 3632 2466 3692 dominationis.
2498 3640 2562 3694 Et
2591 3657 2775 3699 rursus
2808 3646 2936 3702 alibi
2969 3666 2985 3703 ι
3024 3670 3041 3702 ι
3076 3649 3130 3705 Si
3159 3670 3264 3708 non
3299 3656 3440 3715 facio
3478 3677 3643 3731 opera

2067 3722 2240 3779 l‘atris
2274 3730 2402 3794 mei,
2433 3731 2563 3786 mihi
2616 3750 2724 3792 non
2785 3726 3032 3795 credite:
3091 3744 3171 3798 sin
3216 3746 3380 3816 facio,
3429 3752 3642 3811 etiamsi

2065 3816 2191 3872 mihi
2228 3822 2450 3876 credere
2467 3824 2771 3891 nolueritis,
2806 3833 3064 3899 operibus
3093 3834 3316 3904 credite,
3344 3852 3398 3896 et
3448 3844 3643 3905 scitote

2058 3909 2201 3977 quod
2248 3909 2407 3969 Pater
2444 3916 2494 3969 in
2538 3933 2624 3976 me
2652 3922 2745 3985 sit,
2779 3930 2831 3976 et
2871 3937 2969 3993 ego
3022 3927 3074 3982 i‘n
3128 3922 3225 3985 illo
3277 3921 3324 3987 ⁸.
3366 3953 3385 3989 ι
3451 3934 3641 3995 Videte

2060 4000 2184 4056 hinc
2211 4004 2384 4062 denuo
2406 4006 2588 4066 Patris
2619 4027 2683 4069 ac
2703 4012 2823 4071 Filii
2874 4020 3243 4089 aequalitatem
3272 4041 3287 4080 :
3332 4043 3455 4084 nam
3485 4047 3505 4081 ι
3541 4030 3639 4087 Pa-

2058 4100 2159 4160 ter,
2193 4094 2386 4166 inquit,
2424 4100 2476 4154 in
2504 4118 2590 4159 me
2611 4114 2718 4171 est,
2755 4116 2806 4163 et
2838 4124 2937 4181 ego
2963 4112 3014 4169 in
3048 4114 3139 4170 illo
3204 4124 3246 4172 ⁵.
3285 4138 3302 4173 ι
3352 4120 3411 4179 ω
3452 4136 3635 4183 autem

2058 4182 2109 4237 in
2141 4186 2342 4259 majore
2376 4208 2439 4248 ac
2481 4195 2688 4253 minore
2727 4204 2949 4270 reperiri
2999 4222 3225 4277 prorsus
3279 4228 3384 4268 non
3437 4224 3628 4284 potest.

2050 4276 2217 4346 idque
2232 4279 2345 4349 jam
2368 4285 2770 4347 demonstrabo.
2798 4276 3118 4355 Universam
3143 4303 3303 4358 simul
3326 4318 3630 4365 creaturam

2052 4369 2318 4426 visibilem
2353 4384 2513 4446 atque
2541 4380 2867 4441 invisibilem
2901 4390 2951 4447 in
2979 4407 3039 4446 se
3067 4394 3469 4456 circumscribit
3513 4404 3636 4460 uni-

1982 4477 2022 4533 ο
2054 4464 2276 4521 versalis
2296 4466 2456 4535 Deus,
2478 4474 2560 4527 vel
2594 4477 2772 4544 potius
2797 4496 3079 4540 manusua
3113 4498 3254 4544 tenet
3280 4505 3294 4545 :
3324 4510 3342 4544 ι
3384 4491 3632 4563 Namque

2053 4554 2102 4608 in
2129 4558 2376 4615 manilius
2398 4561 2517 4630 ejus
2549 4577 2695 4633 sunt,
2732 4570 2927 4640 inquit,
2962 4589 3153 4635 omnes
3186 4580 3321 4639 ﬂues
3344 4592 3501 4643 terra:
3539 4592 3580 4643 ‘.
3605 4607 3624 4641 ι

2050 4645 2112 4700 Ει
2146 4647 2365 4720 insuper
2406 4669 2419 4706 :
2486 4674 2504 4708 ι
2540 4656 2642 4723 Qui
2679 4663 2926 4720 continet
2956 4683 3148 4739 gyrum
3176 4681 3356 4737 terrae,
3394 4678 3628 4737 incolas-

2048 4753 2153 4806 que
2175 4742 2292 4811 ejus
2323 4745 2464 4800 sicut
2497 4747 2732 4808 locnstas
2790 4756 2827 4810 ".
2870 4775 2888 4809 ι
2922 4759 2990 4814 Ει
3014 4761 3139 4817 alibi
3175 4782 3187 4817 :
3238 4785 3257 4818 ι
3290 4767 3424 4836 Quis
3471 4789 3627 4829 men-

2047 4845 2140 4885 sus
2198 4843 2281 4889 est
2311 4852 2472 4893 manu
2504 4855 2600 4895 sua
2634 4858 2825 4914 aquas,
2849 4861 2904 4905 et
2928 4852 3125 4913 coelum
3165 4858 3364 4927 palmo,
3394 4871 3448 4919 et
3506 4866 3627 4921 uni-

2049 4936 2255 4978 versam
2286 4935 2486 4985 terram
2533 4935 2734 5005 pugillo
2779 4940 2849 4995 ’ἲ
2888 4960 2907 4995 ι
2960 4944 3281 5006 Universam
3320 4952 3524 5027 itaque,
3567 4968 3627 5015 ut

2045 5014 2174 5081 dixi,
2209 5029 2519 5077 creaturam
2551 5042 2711 5083 manu
2740 5034 2981 5092 continet
3003 5040 3332 5102 universalis
3359 5046 3619 5120 Creator;

2045 5104 2217 5175 ipsum
2250 5121 2430 5168 autem
2468 5129 2495 5168 a
2524 5132 2773 5177 creatura
2796 5128 3064 5191 contineri
3099 5133 3435 5207 impossibile
3484 5156 3567 5201 est
3602 5165 3617 5203 :

2043 5211 2175 5267 ergo
2211 5199 2326 5257 ﬁeri
2361 5207 2547 5275 nequit
2580 5220 2635 5265 ut
2680 5215 2961 5286 ina-qualia
3010 5222 3239 5282 invicem
3288 5234 3617 5294 contineant.

2041 5289 2193 5355 Quod
2217 5294 2259 5346 si
2299 5310 2482 5352 verum
2508 5312 2617 5368 est,
2647 5314 2701 5361 ut
2732 5323 2921 5379 reapse
2943 5324 3045 5377 est,
3080 5315 3248 5377 Filius
3280 5333 3459 5378 autem
3488 5342 3620 5383 con-

2042 5381 2176 5439 tinet
2213 5385 2448 5455 Patrem,
2484 5405 2537 5446 ιιι
2568 5395 2729 5452 Pater
2754 5399 2949 5456 Filium
2978 5421 2991 5459 :
3028 5406 3411 5478 inmqualitatls
3437 5432 3619 5476 asser-

2037 5474 2110 5528 tio
2150 5478 2429 5537 evidcntcr
2459 5487 2782 5554 exploditur,
2823 5505 2871 5544 (ιι
2908 5474 3187 5567 :t-qualitas
3224 5504 3274 5557 in
3320 5506 3478 5565 Patre
3528 5511 3615 5570 Γίο

2036 5565 2213 5636 lioque
2247 5578 2582 5642 agnoscitur.

443 5746 660 5850 I'IJnoat‘t‘.3
677 5767 731 5818 ν,
759 5751 847 5807 22.
924 5754 946 5786 ²
975 5749 1132 5809 Jcan.
1163 5768 1212 5818 ν,
1248 5754 1333 5809 17.
1412 5756 1432 5787 ⁸
1461 5756 1590 5813 ibid.
1628 5758 1716 5814 2|.
1792 5759 1814 5792 ⁸
1843 5761 1961 5817 Joat

2072 5806 2084 5829 ,
2115 5766 2205 5821 37.
2282 5769 2301 5799 ⁵
2336 5770 2467 5823 ibi].
2501 5770 2592 5826 58.
2671 5771 2690 5802 ‘
2717 5772 2855 5830 Psul.
2887 5790 3027 5842 xcnv,
3060 5778 3114 5834 4.
3188 5779 3207 5814 ν
3238 5778 3346 5836 Isa.
3376 5797 3463 5850 ιι,
3495 5783 3591 5844 22.

359 5816 383 5849 ⁸
418 5820 547 5873 Ibid.
595 5821 683 5876 12.

3332 5995 3444 6005 ...ε-ος.
