3920 6558
370 454 478 514 (-57

1332 456 1704 516 PANOPLIA
1753 461 2207 522 nummum.
2252 489 2312 501 —-
2353 458 2504 525 'l‘l'l'.
2545 469 2652 527 Χῐ.

2032 210 2067 233 δ

370 586 471 621 νυν
499 568 527 619 6
554 566 682 628 Υἱὸς
708 565 808 619 οὐκ
844 566 1101 637 ἐδοξάσθη
1131 566 1311 637 μόνον,
1339 567 1476 621 ἀλλὰ
1503 568 1596 622 καὶ
1611 568 1829 635 ἐδόξασε
1857 570 1937 624 τοι

2058 574 2215 642 igitur
2250 576 2385 633 Filio
2412 578 2589 636 Pater.
2620 580 2678 636 Si
2704 581 2872 638 Filius
2931 600 3035 635 non
3066 582 3235 636 solum
3264 580 3492 635 amentis
3541 596 3623 636 est

364 660 699 725 δοξάσαντα,
736 661 915 721 ζποίαν
968 660 1123 729 σχοίη
1174 658 1356 730 χώραν
1385 660 1444 713 rb
1478 659 1683 727 μεῖζον,
1743 662 1839 714 xal
1884 661 1937 713 τὲ

2053 666 2247 734 gloria,
2304 669 2399 723 sed
2453 671 2570 740 ipse
2608 673 2843 729 vicissim
2906 674 3075 744 gloria
3139 675 3360 727 Patrem
3420 670 3626 735 allecit,

369 754 395 803 ἔ
436 768 627 817 αττον;
656 752 717 804 Ei
750 751 805 805 δὲ
827 752 934 823 ἄρα
964 753 1106 806 κατὰ
1130 753 1226 822 τὴν
1254 754 1360 805 τῶν
1392 752 1695 824 εἰρημένων
1725 751 1946 806 ἀκολου-

370 848 497 898 θίαν
534 846 670 915 πρὸς
702 846 801 899 τὸν
826 844 1130 910 δοξάσαντα
1162 844 1479 910 μεταϐαίνει
1505 845 1564 898 τὸ
1596 841 1781 915 μεῖζον
1802 886 1818 911 ,
1856 844 1946 897 εὖ.

370 940 665 1007 ρεῐιήσεται
695 937 930 992 ἐλάττων
964 937 1064 1009 μὲν
1096 937 1124 989 6
1158 936 1309 1000 Υἱὸς,
1337 936 1499 1006 ἡνίκα
1537 936 1603 991 ἄν
1631 935 1943 1006 δοξάζηται,

371 1031 581 1098 μείζων
618 1029 698 1091 δὲ,
753 1028 916 1100 ἡνίκα
945 1029 1010 1083 ἂν
1038 1028 1259 1100 δοξάζῃ.
1298 1028 1455 1081 Ἀλλὰ
1480 1028 1545 1083 τὸ
1564 1030 1737 1083 ταῦτα
1763 1028 1942 1096 λέγειν

371 1121 764 1193 παραπληξίας
810 1122 904 1175 καὶ
944 1121 1142 1188 μανίας
1199 1119 1451 1189 ἐσχάτης.
1485 1119 1559 1173 Οὐ
1588 1120 1697 1187 γὰρ
1726 1117 1787 1171 τὸ
1819 1118 1942 1186 μετ-

366 1212 465 1274 ζον
498 1214 589 1266 καὶ
618 1213 678 1266 τὸ
706 1212 928 1266 ἔλαττον
957 1210 1228 1274 ἐντεῦθεν,
1252 1210 1313 1263 τὸ
1355 1210 1413 1263 δὲ
1447 1210 1558 1263 ῐσον
1593 1210 1801 1279 Πατρδς
1851 1208 1943 1261 καὶ

371 1305 503 1357 Υἰοῦ
551 1305 934 1375 διδασκόμεθα.
984 1304 1281 1374 Ἀκούομεν
1312 1306 1422 1376 γὰρ
1453 1306 1525 1365 ὡς
1562 1304 1656 1357 καὶ
1695 1305 1724 1356 6
1753 1302 1942 1371 Πατὴρ

360 1398 578 1464 acescat
605 1399 698 1452 τὸν
726 1398 874 1464 Tito,
899 1397 995 1452 καὶ
1027 1398 1305 1463 δοξάζεται
1327 1395 1431 1449 ὑπὸ
1457 1394 1555 1448 τοῦ
1580 1393 1710 1447 Υίοῦ
1739 1410 1752 1425 ·
1790 1392 1886 1447 καὶ
1915 1391 1943 1446 6

364 1492 497 1551 Tia;
518 1490 801 1555 δοξάζεται
833 1489 936 1542 ὑπὸ
968 1490 1062 1542 τοῦ
1094 1488 1325 1558 Πατρὸς,
1352 1487 1449 1541 καὶ
1476 1484 1690 1552 δοξάζει
1712 1484 1802 1538 τὸν
1832 1485 1943 1537 Πα-

359 1584 524 1648 τέρα.
565 1583 688 1637 Ὅτι
730 1582 787 1635 δὲ
817 1581 1171 1651 δοξαζόμενος
1200 1580 1298 1651 οὐχ
1339 1579 1368 1632 6
1421 1580 1496 1650 μὴ
1530 1575 1678 1648 εἶχεν
1728 1575 1957 1640 ἔλασεν,

361 1674 483 1725 ἀλλ’
529 1672 558 1726 6
607 1669 772 1744 εἶχεν,
802 1674 861 1725 ἐν
909 1673 1058 1743 αὐτῷ
1109 1673 1187 1741 τῷ
1236 1672 1417 1744 χωρίῳ
1455 1671 1617 1726 τοῦτο
1670 1669 1937 1723 διδάσκει.

362 1768 645 1829 Δύξασόν
679 1782 757 1835 με
783 1764 912 1835 γὰρ,
945 1767 1097 1833 φησι,
1131 1764 1343 1834 Πάτερ,
1389 1764 1547 1833 παρὰ
1588 1759 1828 1826 σεαυτῷ
1866 1758 1942 1828 τῇ

358 1858 541 1924 δόξῃ,
568 1853 606 1930 ᾗ
642 1855 833 1927 εἶχον,
875 1856 991 1926 πρὸ
1019 1857 1127 1912 τοῦ
1153 1858 1262 1910 τὸν
1302 1858 1537 1925 κόσμον
1560 1851 1739 1918 εἶναι,
1774 1856 1938 1919 παρὰ

2051 760 2324 826 quomodo
2352 777 2489 819 unus
2515 764 2685 821 altero
2707 767 2881 836 major
2938 767 3042 821 dici
3082 774 3257 836 potest
3277 764 3300 819 τ
3319 763 3452 819 Nam
3482 764 3527 819 si
3557 779 3624 818 es

2047 848 2272 905 istorum
2338 856 2605 909 sententia
2653 852 2918 927 semtitur,
2974 856 3156 926 utqui
3214 855 3382 926 gloria
3437 854 3620 919 allicit,

2047 939 2220 1006 major
2241 942 2334 1009 sit,
2365 946 2542 1001 minor
2567 948 2784 1017 quidem
2842 958 2925 1003 est
2982 948 3173 1014 Filius,
3220 949 3346 1004 dum
3391 946 3623 1001 allicitur

2045 1030 2237 1099 gloria,
2264 1034 2437 1104 major
2462 1046 2640 1093 autem
2672 1040 2797 1093 dum
2824 1038 3039 1094 Patrem
3070 1038 3252 1097 allicit.
3286 1039 3481 1109 Verum
3507 1038 3626 1092 haec

2046 1122 2227 1178 dicere
2263 1128 2458 1180 summi
2494 1129 2733 1195 stuporis
2782 1139 2945 1200 atque
2989 1129 3272 1185 dementias
3294 1140 3399 1185 est.
3432 1127 3509 1183 Ex
3535 1127 3622 1182 his

2044 1211 2186 1266 enim
2225 1215 2404 1269 verbis
2433 1231 2537 1270 non
2573 1216 2785 1274 Patrem
2830 1219 2969 1276 Filio
2995 1218 3250 1288 majorem
3275 1234 3397 1276 esse
3454 1221 3624 1277 disci--

2045 1316 2187 1365 mus,
2219 1310 2311 1355 aut
2339 1314 2549 1372 contra,
2588 1308 2682 1362 sed
2713 1306 2887 1364 Patris
2914 1319 2967 1363 et
2993 1308 3115 1364 Filii
3141 1310 3506 1379 aequalitatem
3538 1312 3624 1367 in-

2045 1390 2351 1461 telligimus.
2390 1395 2520 1449 Nam
2551 1406 2608 1451 ut
2636 1397 2792 1455 Pater
2843 1400 3013 1471 gloria
3046 1411 3099 1456 et
3124 1400 3287 1456 allicit
3317 1401 3533 1464 Filium,
3565 1412 3623 1458 ct

2043 1480 2275 1535 atlicitur
2310 1499 2340 1537 a
2382 1484 2539 1553 Filio,
2600 1488 2684 1544 sic
2714 1488 2884 1545 Filius
2931 1491 3103 1562 gloria
3157 1501 3272 1547 tum
3328 1490 3617 1546 aliieitura

2044 1571 2223 1641 Patre,
2246 1582 2357 1629 tum
2387 1576 2602 1648 Patrem
2634 1579 2817 1636 allicit.
2848 1581 3001 1648 Quod
3029 1594 3208 1639 autem
3233 1583 3359 1640 dum
3389 1583 3627 1643 allicitun

2043 1663 2234 1733 gloria,
2268 1666 2399 1721 nihil
2430 1669 2677 1737 accipiat.
2705 1673 2846 1741 quod
2876 1682 3035 1729 antea
3065 1689 3171 1728 non
3199 1673 3629 1737 haberet,docet

2045 1755 2149 1809 hoc
2181 1754 2337 1812 loco:
2369 1758 2620 1825 Cleri/ica
2656 1779 2757 1827 me,
2790 1763 3066 1833 inquiens,
3100 1765 3285 1831 Pater,
3333 1782 3398 1820 ea
3426 1765 3617 1836 gloria.

2041 1862 2201 1915 quam
2220 1848 2404 1916 habui,
2436 1861 2712 1924 antequam
2745 1857 2970 1911 vitandus
3004 1858 3172 1926 ﬁeret,
3228 1858 3370 1926 apud
3399 1860 3509 1913 ιιοί.
3561 1856 3631 1914 Si

359 1950 489 2003 σοί.
523 1952 585 2003 Εἰ
617 1950 674 2002 δὲ
697 1951 808 2018 πρὸ
832 1947 927 2002 τοῦ
965 1950 1057 2003 τὸν
1083 1950 1288 2016 κόσμον
1314 1948 1567 2017 γενέσθαι
1594 1947 1801 2020 ταύτην
1824 1942 1937 2017 εἶχε

2046 1949 2222 2005 autem
2240 1950 2530 2014 antequam
2552 1947 2783 2004 mundus
2812 1948 2989 2016 ﬁeret,
3007 1950 3146 2005 hanc
3166 1949 3393 2020 gloriam
3407 1949 3623 2017 habuit,

357 2045 466 2109 τὴν
485 2041 665 2104 δόξαν,
686 2040 801 2102 πῶς
834 2040 975 2093 αἰτεῖ
1004 2039 1191 2118 λαςείν
1223 2039 1250 2091 ὃ
1280 2038 1393 2107 ἔχει
1424 2037 1510 2092 ἀεί
1536 2055 1551 2104 ;

985 2128 1092 2185 Kal
1126 2128 1322 2183 τοῦτο.

444 2221 573 2276 Εἶτα
602 2222 835 2286 δεικνὺς,
862 2221 937 2285 ὡς
962 2222 1023 2274 οὐ
1053 2220 1337 2285 δυξοὶζεται
1374 2220 1554 2289 μόνον,
1586 2216 1729 2271 ἀλλὰ
1743 2216 1840 2270 xal.
1860 2215 1942 2269 δο-

364 2314 525 2377 ξάζει
547 2351 563 2379 ,
592 2316 877 2387 ἐπήγαγεν
897 2354 913 2379 ,
954 2310 1346 2382 Ἐφανέρωσά
1366 2325 1485 2365 σου
1509 2308 1575 2365 τὸ
1600 2310 1789 2378 ὄνομα
1816 2307 1939 2373 τοῖς

355 2408 722 2476 ἀνθρώποις.
753 2408 855 2460 Kal
887 2407 1007 2477 μετ’
1034 2406 1217 2474 ὀλίγον
1247 2406 1355 2457 τῶν
1376 2402 1670 2474 αἱρετικῶν
1698 2400 1941 2471 ἐμφράτ-

356 2518 474 2552 των
501 2499 568 2554 τὰ
603 2501 867 2570 στόματα.
903 2501 981 2553 Τὰ
1005 2497 1118 2568 ἐμὰ
1140 2496 1356 2561 πάντα,
1380 2495 1533 2566 φησι,
1558 2493 1642 2550 σά
1662 2492 1814 2557 ἐστι,
1841 2490 1939 2544 καὶ

357 2595 437 2643 τὰ
465 2591 548 2643 σὰ
575 2590 705 2660 ἐμὰ,
738 2592 798 2644 οὐ
829 2588 1056 2660 διαιρῶν
1079 2587 1178 2659 τὴν
1220 2587 1410 2657 κοινὴν
1449 2583 1791 2653 δεσποτείαν,
1818 2581 1939 2637 οὐδὲ

355 2683 533 2751 ἕτερα
562 2682 663 2749 μὲν
691 2682 760 2735 τὰ
789 2681 939 2751 αὺτῷ
963 2680 1331 2752 προσήκοντα,
1364 2680 1526 2751 ἔτερα
1553 2677 1611 2732 δὲ
1640 2676 1710 2731 τὰ
1732 2676 1808 2746 τῷ
1830 2675 1940 2728 Πα-

351 2779 453 2843 τρὶ
482 2774 806 2845 διαφέροντα
833 2755 1003 2842 δείξαι
1030 2773 1372 2845 βουλόμενος,
1404 2772 1519 2827 ἀλλ’
1542 2769 1731 2839 ἐπειδὴ
1757 2769 1808 2823 οἱ
1835 2768 1940 2821 πᾶ-

356 2884 469 2918 σαν
500 2866 813 2937 βλάσφημον
850 2865 993 2919 κατὰ
1025 2864 1120 2920 τοῦ
1149 2864 1490 2934 Μονογενοῢς
1528 2862 1781 2933 ἀφιέντες
1810 2877 1938 2931 φω-

352 2958 465 3028 κὴν
505 2956 665 3014 αὐτὸν
707 2957 807 3028 μὲν
852 2958 1154 3025 λαμϐάνειν
1188 2999 1201 3022 ,
1242 2957 1335 3012 τὸν
1373 2957 1431 3009 δὲ
1478 2955 1697 3024 Πατέρα
1738 2953 1937 3007 διδόναι

358 3055 525 3123 φατὶ,
560 3051 855 3116 δείκνυσιν,
890 3054 971 3106 ὅτι
1003 3052 1103 3121 τὴν
1143 3049 1311 3120 αὐτὴν
1358 3048 1475 3119 ἔχει
1507 3048 1585 3118 τῷ
1618 3048 1796 3118 Πατρὶ
1828 3044 1936 3098 τῶν

358 3148 623 3201 ἁπάντων
651 3145 997 3200 δεσποτείαν.
1034 3142 1109 3199 Τὰ
1137 3144 1249 3213 γὰρ
1275 3140 1388 3212 ἐμὰ
1416 3139 1634 3204 πάντα,
1665 3138 1820 3208 φησὶ,
1852 3135 1936 3191 σά

351 3240 519 3301 ἐστι,
542 3235 639 3290 καὶ
660 3235 732 3291 τὰ
746 3234 828 3289 σὰ
842 3235 976 3305 ἐμὰ,
994 3235 1057 3289 οὐ
1072 3234 1455 3305 τὴνδιαίρεσιν
1477 3232 1575 3302 τῆς
1587 3229 1931 3295 δεσποτείας,

353 3330 501 3383 ἀλλὰ
535 3330 597 3384 τδ
631 3329 809 3384 κοινὸν
837 3330 937 3399 τῆς
965 3327 1215 3394 ἑξουσίας
1247 3325 1541 3382 παιδεύων.

338 3498 339 3501 η
360 3444 481 3499 Τοῦ
496 3444 682 3500 αὐτοῦ
706 3444 775 3498 ἐκ
793 3442 899 3499 τοῦ
920 3450 964 3499 ε’
985 3444 1316 3513 κεφαλαίου
1347 3441 1455 3497 τοῦ
1478 3440 1528 3496 a'
1554 3440 1803 3506 βιϐλίου
1828 3437 1935 3494 τοῦ

982 3514 1329 3583 Θησαυροῦ.

437 3608 516 3662 06
558 3608 774 3669 πάντως
801 3607 863 3661 τὸ
896 3608 1107 3661 τίκτειν
1146 3607 1393 3677 πεφυκὸς
1420 3607 1484 3661 ἐκ
1510 3606 1602 3661 τοῦ
1633 3606 1710 3677 μὴ
1728 3606 1935 3662 τίκτειν

355 3702 445 3761 εἰς
483 3698 642 3753 τοῦτο
678 3697 925 3769 πρόεισιν
952 3712 968 3730 ο
1027 3698 1150 3753 οὐδὲ
1183 3697 1375 3769 ἐπειδὴ
1427 3697 1636 3752 τίκτειν
1668 3694 1800 3763 οἵδε,
1838 3695 1935 3751 καὶ

358 3790 725 3845 καταπαύειν.
763 3790 873 3844 Καὶ
909 3789 1040 3856 γοῦν
1063 3791 1226 3862 γεννᾷ
1255 3790 1354 3861 μὲν
1391 3789 1452 3856 ἐξ
1501 3788 1700 3844 ἑαυτοῦ
1730 3789 1790 3843 τὸ
1820 3787 1933 3859 πῦρ

355 3885 464 3951 τήν
505 3900 565 3935 τε
603 3882 747 3937 κατὰ
774 3881 935 3952 φύσιν
957 3881 1266 3953 προσοῦσαν
1302 3882 1457 3954 αὐτῷ
1480 3882 1814 3954 θερμότητα,
1835 3878 1931 3933 καὶ

361 3978 460 4029 τὸν
499 3979 799 4045 φωτισμδν,
830 3976 952 4030 οὔτε
1000 3976 1057 4030 δὲ
1089 3978 1153 4030 ἐκ
1184 3977 1277 4032 τοῦ
1314 3980 1388 4047 μὴ
1428 3972 1567 4030 εἶναι
1620 3974 1823 4046 θερμὸν
1852 3974 1934 4038 είς

357 4068 525 4120 τοῦτο
586 4067 880 4137 προῆλθεν,
931 4066 1056 4121 οὔτε
1095 4068 1368 4121 παύσεται
1414 4068 1613 4135 γεννᾷν
1671 4064 1734 4119 τὸ
1786 4065 1933 4119 κατὰ

356 4159 525 4227 φύσιν
554 4158 705 4229 αὐτῷ
738 4158 957 4229 προσὸν,
985 4159 1105 4212 ἀλλ’
1142 4160 1261 4231 ἅμα
1280 4160 1469 4229 γέγονε
1502 4159 1636 4231 πῦρ,
1658 4159 1751 4212 καὶ
1779 4154 1848 4229 ἦν
1876 4159 1936 4211 ὲν

353 4251 511 4321 αὐτῷ
537 4252 603 4304 τὰ
626 4252 814 4307 αὑτοῦ.
848 4253 911 4306 Ei
940 4253 1120 4306 τοίνυν
1159 4254 1254 4306 καὶ
1277 4253 1370 4306 ἐπὶ
1396 4252 1503 4306 τῶν
1545 4250 1935 4321 πεποιημένων

353 4342 516 4412 παρὰ
573 4342 708 4396 Θεοῦ
757 4343 1003 4407 τοιοῦτος
1060 4343 1313 4414 φαίνεται
1362 4344 1675 4413 γεννήσεως
1706 4342 1931 4411 τρόπος,

360 4434 483 4497 ⁸ιιῶς
521 4434 622 4488 οὒκ
653 4436 848 4499 ἀσεϐὲς
908 4434 983 4507 μὴ
1010 4436 1079 4489 τὰ
1118 4435 1292 4506 μείζω
1342 4435 1699 4505 παραχωρεῖν
1757 4431 1932 4503 αὐτῷ,

353 4530 470 4582 κᾶν
496 4528 571 4599 μὴ
601 4529 777 4601 φθάνῃ
808 4529 945 4599 πρὸς
966 4528 1273 4600 κατάληψιν
1333 4528 1433 4596 τῆς
1463 4525 1708 4597 μεγάλης
1759 4525 1931 4581 αὑτοῦ

355 4620 580 4690 φύσεως
606 4619 635 4671 6
663 4617 1003 4689 ἀνθρώπινος
1038 4618 1163 4682 νοῦς
1187 4634 1203 4683 ;

969 4711 1078 4763 Kal
1107 4709 1306 4765 τοῦτο.

434 4802 499 4857 Εἰ
531 4804 609 4875 μὴ
644 4805 809 4871 συνῆν
857 4803 888 4856 6
936 4803 1063 4867 Υἱὸς
1089 4803 1168 4873 τῷ
1209 4804 1385 4875 Ilath
1434 4805 1495 4872 ἐξ
1552 4803 1719 4858 αὑτοῦ
1750 4821 1809 4857 τε
1856 4801 1935 4856 ὣν

352 4898 501 4952 κατᾶ
540 4900 718 4968 ηρύσιν,
760 4897 853 4951 καὶ⁵
884 4898 1155 4961 συναῖδιος
1179 4896 1277 4965 ὢν,
1313 4898 1630 4970 συμϐέϐηκε
1691 4898 1749 4951 δὲ
1782 4896 1935 4969 αὐτῷ

352 4992 420 5044 τὸ
448 4984 611 5052 εἶναι,
629 4990 825 5061 συνέϐη
856 4989 1099 5061 δηλονότι
1127 4990 1224 5043 καὶ
1251 4989 1329 5059 τῷ
1353 4990 1566 5044 τεκόντι
1590 4990 1649 5045 τὸ
1672 4989 1934 5059 γενέσθαι

353 5083 601 5153 Παΐιρα,
626 5084 722 5135 καὶ
745 5081 1018 5152 μεταϐολή
1051 5099 1136 5144 τις
1158 5081 1284 5152 περὶ
1316 5081 1483 5135 αὐτὸν
1513 5081 1610 5136 καὶ
1650 5081 1936 5145 ἀλλοίωσις

348 5175 614 5244 φαίνεται
645 5175 957 5243 γενόμενος.
983 5174 1044 5227 Ei
1062 5174 1168 5244 γὰρ
1196 5174 1297 5227 οὐκ
1322 5168 1414 5246 ἦν.
1438 5173 1565 5228 καθ’
1588 5174 1755 5244 ὑμᾶς,
1774 5173 1935 5227 τοῦτο

347 5270 581 5337 γέγονεν
608 5266 850 5336 ὕστερον.
887 5266 1109 5337 Τροπῆς
1138 5264 1196 5319 δὲ
1242 5264 1425 5333 πάσης
1454 5265 1551 5319 καὶ
1593 5264 1933 5329 ἀλλοιώσεως

347 5360 764 5429 ἀνεπίδεκτοςή
797 5359 916 5411 θεία
947 5357 1128 5428 φύτις.
1158 5359 1272 5412 Οὐκ
1304 5358 1413 5428 ἄρα
1446 5358 1644 5427 συνέϐη
1695 5358 1773 5429 τῷ
1812 5359 1932 5428 Θεῷ

346 5455 418 5507 τὸ
446 5452 702 5520 γενέσθαι
736 5451 978 5522 Πατέρα,
1016 5450 1134 5504 ἀλλ’
1160 5445 1231 5520 ἦν
1281 5448 1431 5520 αὐτῷ
1488 5449 1766 5513 συναΐδιος
1807 5452 1836 5504 ό
1871 5448 1931 5516 ἐξ

244 5574 263 5589 κ
348 5543 526 5598 αὐτοῦ
561 5542 839 5613 προελθὼν
863 5543 1058 5611 Λόγος,
1083 5542 1334 5613 καθάπερ
1358 5543 1682 5614 ὴθερμότης
1717 5544 1775 5595 ὲν
1795 5543 1934 5613 πυρὶ

348 5636 691 5705 γεννητικῶς
707 5634 765 5701 ἐξ
782 5633 947 5688 αὐτοῦ
967 5635 1234 5704 προϊοῦσα
1250 5636 1347 5688 καὶ
1362 5636 1448 5690 ἀεὶ
1469 5636 1928 5706 συνυπάρχουσιν.

970 5729 1078 5783 Kal
1110 5728 1310 5784 τοῦτο.

423 5820 487 5873 Εἰ
517 5819 740 5889 τέλειος,
763 5820 951 5893 φησὶν,
982 5821 1132 5874 ἐστὶν
1162 5823 1190 5875 ό
1213 5820 1400 5893 Πατὴρ
1434 5822 1493 5878 ὲν
1529 5824 1597 5895 τῇ
1630 5822 1735 5893 lilia
1766 5839 1935 5894 μεγα-

426 5933 440 5963 ’
476 5931 633 5988 Joan.
662 5950 793 6002 xvu,
821 5934 873 5990 5.
950 5935 969 5965 ²
1009 5932 1143 5991 lbid.
1178 5932 1228 5989 6.

1965 4646 2013 4702 Β

2047 2035 2318 2101 quomodo
2353 2037 2488 2106 petit
2515 2046 2574 2093 ut
2603 2039 2836 2108 accipiat
2869 2042 3010 2111 quod
3039 2055 3253 2112 semper
3287 2039 3515 2098 habuit?
3620 2088 3625 2103 ε

2574 2126 2833 2197 Easdem.
2854 2140 2911 2186 ει
2944 2133 3076 2187 haec.

2117 2216 2315 2274 Deinde
2354 2236 2412 2275 se
2440 2237 2546 2276 non
2580 2222 2753 2277 solum
2784 2223 2953 2292 gloria
2984 2223 3122 2279 allici
3175 2224 3480 2289 declarans,
3523 2228 3619 2279 sed

2041 2306 2204 2360 etiam
2243 2308 2457 2371 Patrem
2510 2310 2746 2377 allicere,
2795 2312 3185 2381 Hauiafeuavi,
3216 2314 3411 2385 inquit,
3432 2330 3623 2369 nomen

2042 2412 2188 2455 tuum
2255 2402 2550 2457 lmminibus
2568 2406 2612 2458 ¹.
2677 2404 2744 2460 Et
2798 2405 2956 2473 paulo
3010 2415 3131 2473 post
3190 2422 3285 2461 ora
3335 2407 3624 2463 obstructis

2043 2492 2443 2561 haereticorum,
2479 2493 2671 2550 Omnia
2702 2514 2834 2563 mea,
2872 2498 3068 2568 inquit,
3124 2510 3217 2553 tua
3273 2509 3418 2566 sunt,
3448 2511 3500 2557 et
3528 2512 3623 2559 tua

2042 2600 2176 2640 mea.
2216 2583 2573 2644 Communem
2601 2601 2705 2646 non
2742 2588 3331 2663 dividitprincipatum,
3388 2607 3489 2648 nec
3516 2591 3619 2647 alia

2044 2676 2184 2732 Patri
2209 2680 2339 2735 dicit
2368 2684 2676 2738 convenire.
2713 2682 2818 2739 Sed
2852 2685 3106 2756 quoniam
3148 2685 3235 2739 isti
3267 2685 3621 2744 contumeliis

2040 2770 2388 2827 exsecrandis
2451 2771 2797 2841 Unigenitum
2853 2774 3148 2831 allicientes
3197 2775 3384 2839 dicunt
3438 2776 3617 2846 ipsum
3711 2796 3719 2804 η

2039 2861 2255 2930 quidem
2284 2863 2552 2931 accipere,
2592 2862 2807 2919 Patrem
2848 2874 3025 2919 autem
3079 2864 3231 2926 dare,
3283 2866 3619 2921 demonstrat

2039 2968 2100 3009 so
2122 2971 2221 3008 una
2246 2970 2364 3010 cum
2388 2955 2547 3012 Patre
2566 2971 2741 3011 rerum
2768 2956 3007 3012 omnium
3033 2956 3316 3025 imperium
3342 2957 3609 3012 obtinere:

2040 3044 2218 3101 Omnia
2253 3064 2388 3113 mea,
2432 3049 2704 3119 inquiens,
2727 3057 2822 3102 tua
2853 3058 2996 3111 sunt,
3026 3056 3075 3101 et
3106 3056 3199 3100 tua
3255 3063 3390 3101 mea.
3413 3045 3618 3117 Quibus

2039 3141 2217 3195 verbis
2247 3156 2349 3195 non
2382 3157 2606 3210 regnum
2637 3142 2889 3207 divisum,
2918 3140 3010 3195 sed
3052 3154 3393 3195 communem
3451 3138 3629 3210 signis

1982 3310 2004 3332 Ἴ
2040 3234 2163 3288 licat
2192 3243 2533 3303 potestatem.

2249 3433 2498 3502 Ejusdem
2515 3452 2578 3491 ea:
2609 3435 2866 3492 Thesauri
2886 3426 3054 3507 eap.6
3083 3438 3203 3492 libri
3226 3438 3410 3508 primi.

2106 3593 2257 3660 Quod
2281 3597 2520 3666 pariendi
2554 3609 2801 3655 naturam
2835 3600 3016 3665 habet,
3045 3614 3154 3654 non
3210 3608 3490 3655 assecutus
3510 3610 3622 3665 est,

2038 3699 2162 3740 cum
2194 3687 2484 3757 aliquando
2516 3706 2620 3745 non
2650 3694 2895 3761 haberet,
2942 3710 3043 3751 nec
3097 3692 3241 3748 illam
3302 3695 3533 3761 amittet,
3564 3705 3617 3752 et

2037 3781 2247 3837 desinet
2276 3796 2488 3851 parere.
2519 3783 2661 3854 ignis
2715 3787 2933 3858 quidem
2997 3799 3191 3844 natura
3238 3790 3344 3847 sibi
3398 3787 3614 3843 insitam

2036 3873 2207 3945 gignit
2233 3874 2563 3932 caliditatem
2616 3887 2777 3949 atque
2809 3879 3172 3950 splendorem,
3216 3897 3391 3953 neque
3416 3894 3481 3935 ex
3510 3896 3614 3937 non

2037 3968 2211 4024 calido
2243 3968 2455 4026 calidus
2479 3969 2732 4036 ellicitur,
2764 3986 2938 4042 neque
2980 3982 3161 4029 cessat
3201 3974 3444 4044 gignere,
3496 3987 3616 4043 quae

2038 4061 2364 4117 naturaliter
2414 4061 2582 4132 ipsius
2612 4072 2738 4119 sunt
2794 4063 3029 4134 propria.
3089 4066 3196 4121 Sed
3242 4063 3403 4126 simul
3456 4074 3617 4138 atque

2036 4152 2179 4223 ignis
2211 4162 2318 4219 est,
2343 4163 2400 4210 et
2441 4168 2505 4210 ea
2536 4168 2657 4210 cum
2721 4156 2840 4227 ipso
2884 4165 3034 4212 sunt.
3086 4158 3238 4226 Quod
3269 4160 3313 4215 si
3354 4160 3419 4217 in.
3459 4158 3618 4214 rebus

2037 4248 2339 4317 procreatis
2379 4246 2547 4305 aDeo
2596 4248 2719 4307 talis
2774 4251 3099 4320 perspicitur
3152 4252 3404 4323 gignendi
3455 4252 3615 4317 ratio,

2038 4353 2218 4393 nonne
2271 4338 2494 4409 impium
2535 4349 2622 4394 est
2685 4355 2789 4395 non
2847 4340 2943 4411 ipsi
2993 4341 3103 4397 Deo
3143 4342 3395 4398 omnibus
3456 4343 3620 4413 parti-

2037 4428 2142 4486 bus
2172 4430 2382 4500 majora
2419 4429 2700 4487 tribuere?

2565 4713 2816 4783 Ejusdem
2844 4723 2893 4769 et
2920 4715 3051 4770 Iure.

2108 4805 2164 4862 Si
2194 4805 2361 4862 Filius
2388 4820 2456 4862 ex
2489 4805 2647 4862 Patre
2672 4820 2906 4862 nascens
2939 4821 3062 4863 cum
3094 4805 3213 4877 ipso
3247 4822 3342 4877 per
3370 4816 3627 4863 naturam.

2034 4910 2274 4956 mternus
2304 4913 2412 4954 non
2443 4907 2580 4964 erat,
2630 4900 2724 4954 sed
2759 4899 2807 4954 ei
2854 4899 3102 4968 contigit,
3156 4909 3214 4955 ut
3259 4908 3422 4963 esset,
3452 4909 3508 4957 et
3537 4904 3620 4973 gi-

2036 4991 2219 5061 gnenti
2275 4990 2531 5046 nimirum
2593 4990 2842 5062 contigit,
2891 4999 2952 5047 ut
3008 4992 3165 5047 iteret
3221 4991 3401 5061 Pater,
3460 5003 3621 5064 atque

2037 5082 2111 5138 ita
2158 5084 2211 5139 in
2253 5082 2347 5139 illo
2402 5082 2633 5139 mutatio
2665 5084 2913 5155 quadam
2965 5094 3210 5156 apparet.
3242 5086 3395 5154 Quod
3451 5087 3618 5155 enim,

2032 5175 2328 5230 secundum
2361 5189 2480 5242 vos,
2512 5189 2616 5228 non
2639 5183 2778 5242 erat,
2814 5174 2866 5231 id
2891 5183 3079 5245 postea
3103 5174 3397 5231 factusest.
3424 5177 3496 5230 At
3523 5191 3620 5230 na-

2032 5274 2153 5320 tura
2202 5266 2385 5322 divina
2436 5267 2640 5322 nullam
2707 5267 3138 5323 immutationem
3191 5267 3449 5323 admittit.
3498 5266 3618 5324 Non

2032 5357 2197 5427 igitur
2224 5357 2332 5411 Deo
2360 5358 2609 5430 contigit,
2637 5368 2696 5413 ut
2728 5358 2886 5413 lieret
2911 5357 3089 5421 Pater,
3142 5360 3239 5414 sed
3287 5359 3520 5413 Verbum
3550 5375 3619 5416 ex

2033 5450 2153 5520 ipso
2191 5451 2544 5524 progrediens
2584 5464 2801 5519 semper
2839 5464 2962 5505 cum
3022 5450 3112 5503 illo
3136 5449 3258 5514 fuit,
3305 5452 3442 5505 utin
3494 5451 3619 5522 igne

2037 5541 2309 5609 caliditas,
2350 5557 2473 5612 qua;
2528 5554 2594 5597 ex
2641 5541 2765 5611 igne
2805 5539 3129 5612 proveniant
3163 5554 3291 5596 cum
3339 5540 3431 5596 illo
3472 5556 3618 5598 sem-

2036 5650 2132 5705 per
2167 5635 2410 5690 exsistit.

2580 5727 2833 5798 Ejusdem
2868 5737 2921 5782 et
2947 5728 3077 5782 hac.

2107 5821 2163 5878 Si
2193 5821 2358 5889 Deus,
2408 5820 2680 5893 inquiunt,
2722 5823 2775 5878 in
2798 5835 2895 5877 sua
2945 5820 3296 5893 arirptitudine
3352 5820 3615 5893 perlectus

3517 473 3630 526 (333'
3700 502 3701 505 π
