3768 6570
403 443 517 509 633

1648 443 2037 514 EUTHYMII
2083 444 2450 510 ZlGiBENI
3515 460 3590 525 ὃὸί

406 577 667 634 perquam
723 561 1007 632 exiguum,
1091 562 1369 632 quomodo
1425 570 1731 634 temporum
1771 560 1995 618 eﬂector

2118 582 2217 618 τινα
2279 586 2367 620 και
2407 570 2694 640 ἀκαριαῖ.ν
2725 568 2949 638 δοίημεν
2977 563 3161 633 αὑτὸν,
3218 566 3321 630 πῶς
3350 568 3475 625 Emi
3500 580 3589 646 χρόα

406 654 578 712 Filius
598 657 724 720 erit,
758 655 916 727 cujus
949 663 1131 712 ortum
1178 656 1433 714 voluntas
1480 665 1537 712 et
1570 656 1857 713 consilium
1907 669 2004 709 an.

407 747 660 804 tecedit?
718 746 824 803 Sed
874 753 1184 817 temporum
1223 756 1416 804 auctor
1468 755 1576 805 est.
1626 747 1757 801 Erat
1814 744 2001 814 igitur.

401 850 457 896 et
484 851 612 896 ante
656 849 840 895 ortum
872 838 1022 897 illius
1041 851 1126 897 est
1167 840 1324 896 nihil.

937 930 1201 998 Eiusdem
1228 943 1280 989 et
1312 933 1446 990 haec.

477 1029 535 1085 Si
571 1027 837 1099 sapientia
868 1026 1048 1084 Patris
1091 1038 1178 1084 est
1204 1026 1399 1090 Filius,
1434 1035 1496 1083 ut
1546 1040 1673 1083 vere
1708 1035 1815 1092 est,
1873 1037 2007 1095 quo-

404 1115 565 1171 modo
610 1124 830 1187 tempus
863 1129 986 1172 esse
1031 1116 1380 1188 potuit,cum
1411 1115 1464 1172 in
1520 1115 1638 1185 ipso
1690 1130 1798 1170 non
1857 1122 2005 1171 esset

401 1209 668 1279 sapientia
689 1209 713 1263 Ἰ
732 1209 891 1277 Quod
914 1211 958 1266 si
994 1209 1064 1265 ab
1084 1210 1232 1267 omni
1264 1210 1571 1267 :eternitate
1599 1209 1654 1266 in
1697 1206 1860 1265 Patre
1896 1215 2002 1276 est,

403 1318 621 1372 semper
652 1301 795 1358 enim
847 1303 1081 1376 sapiens
1125 1313 1211 1361 est
1242 1302 1427 1371 Pater,
1472 1304 1752 1374 quomodo
1774 1301 2000 1373 cogitari

296 1390 301 1395 ’
403 1406 582 1462 potest
628 1396 923 1468 quidquam
968 1397 1243 1468 antiquius
1303 1411 1390 1462 eo,
1453 1396 1599 1467 quod
1659 1404 2001 1467 semperest,

400 1499 500 1544 aut
523 1490 795 1559 quomodo
827 1490 1078 1547 voluntas
1116 1492 1479 1556 intercedere,
1527 1506 1649 1563 qum
1680 1488 1875 1545 Filium
1898 1489 2001 1544 ali-

402 1580 620 1646 quando
653 1595 756 1635 non
813 1582 1167 1638 exsistentem
1216 1579 1473 1647 adducat,
1541 1582 1633 1652 qui
1671 1582 1830 1637 simul
1874 1594 1999 1636 cum

401 1669 658 1725 Genitore
694 1670 867 1740 ipsius
912 1683 971 1727 ut
1001 1671 1116 1742 ejus
1147 1671 1409 1741 sapientia
1466 1679 1701 1727 aeternus
1724 1670 1853 1727 est?
1884 1668 2000 1725 Non

405 1761 680 1817 voluntate
703 1762 888 1833 igitur,
914 1766 1011 1820 sed
1034 1776 1227 1821 natura
1261 1762 1454 1819 Filiqu
1501 1763 1688 1835 gignit.
1712 1761 1825 1819 l'loc'
1852 1764 1999 1819 enim

404 1855 480 1909 illi
531 1855 704 1927 magis
744 1858 1012 1928 congruit.

939 1947 1189 2021 Ejusdem
1212 1960 1259 2004 et
1299 1952 1432 2006 haec.

476 2044 533 2101 Si
588 2045 733 2102 nulla
805 2044 1054 2102 voluntas
1088 2045 1141 2100 in
1168 2044 1276 2099 ullo
1295 2055 1375 2100 est
1408 2045 1529 2101 siue
1551 2044 1743 2108 verbo,
1770 2041 1871 2097 hoc
1892 2050 1996 2106 est,

403 2137 520 2190 sine
550 2137 761 2193 ratione
830 2136 944 2205 illa,
995 2152 1115 2206 quae
1179 2135 1339 2190 tacite
1397 2137 1449 2191 in
1507 2135 1692 2191 animo
1728 2140 1998 2199 versatur,

403 2229 572 2285 Filius
604 2236 786 2285 autem
816 2240 902 2286 est
939 2229 1175 2286 Verbum
1219 2225 1422 2295 Patris,
1462 2225 1609 2283 illius
1634 2237 1767 2295 ergo
1804 2224 1997 2280 volun-

410 2333 493 2377 lus
520 2330 628 2379 est.
668 2322 954 2392 Quomodo
981 2321 1150 2393 igitur
1179 2320 1432 2377 voluntas
1464 2320 1518 2376 in
1556 2321 1836 2377 voluntate
1864 2319 1995 2384 erit,

402 2426 496 2468 aut
525 2413 765 2472 Verbum
796 2418 849 2472 in
874 2416 1305 2472 VerbOIOmnia
1342 2429 1473 2486 ergo
1503 2423 1587 2471 est
1614 2410 1787 2471 Filius
1817 2413 1994 2480 Patri,

401 2520 455 2561 ct
514 2507 748 2566 Verbum
780 2550 796 2576 ,
858 2518 913 2567 et
962 2508 1217 2565 voluntas
1245 2549 1261 2576 ,
1308 2519 1364 2566 et
1424 2508 1729 2582 sapientia,
1762 2520 1817 2565 et
1864 2507 1997 2565 nihil

404 2612 531 2656 ante
566 2601 744 2683 ipsum
776 2603 832 2659 in
862 2603 1048 2661 Patre.

939 2696 1193 2768 Ejusdem
1225 2709 1271 2753 et
1306 2698 1438 2753 Itwc.

477 2786 943 2856 Quemadmodum
980 2804 1085 2846 non
1120 2806 1187 2846 ex
1246 2791 1529 2847 voluntate
1586 2791 1850 2847 habemus
1901 2805 2000 2846 nos

403 2898 459 2935 ut
494 2893 678 2952 patres
725 2882 896 2939 simus
927 2896 1115 2938 eorum
1153 2882 1246 2953 qui
1274 2896 1339 2938 ex
1395 2881 1554 2940 nobis
1578 2866 1728 2949 sunt,
1778 2882 1877 2939 sed
1932 2895 1999 2938 ex

406 2975 729 3041 llllllrﬂ;8ic
777 2974 942 3031 etiam
979 2973 1122 3031 Deus
1170 2990 1275 3031 non
1319 2973 1620 3039 voluntate,
1661 2974 1757 3032 sed
1809 2985 1999 3032 natura

407 3068 567 3122 Pater
590 3077 694 3123 est.
727 3063 793 3122 Et
813 3065 1270 3137 quemadmodum
1328 3065 1423 3123 lilii
1451 3083 1519 3124 ex
1543 3067 1701 3125 nobis
1731 3070 2001 3140 procreati

409 3162 567 3217 nobis
603 3169 805 3217 natura
849 3157 1057 3219 similes
1083 3159 1306 3215 omnino
1344 3167 1493 3228 sunt,
1534 3159 1613 3217 sic
1642 3161 1806 3218 etiam
1836 3161 2005 3219 Filius

2108 677 2214 712 νων
2251 661 2480 734 ποιητὴς
2538 665 2566 715 ό
2619 662 2769 727 Υίὸς,
2820 663 2870 716 εί
2909 660 3166 735 βούλησις
3220 666 3479 732 προηγεῖτα
3522 671 3595 740 τῆς

2108 752 2419 822 γεννήσεως
2430 752 2596 807 αὑτοῦ
2616 769 2632 820 ;
2660 754 2803 808 Ἀλλ’
2822 754 2937 808 ἔστι
2954 753 3163 823 χρόνων
3183 755 3391 825 ποιητής
3401 772 3415 789 ·
3431 751 3490 827 ἦν
3503 760 3597 831 ἀρα,

2109 844 2204 897 καὶ
2229 845 2388 901 οὐδέν
2418 848 2537 901 ἐστι
2564 844 2672 919 πρὸ
2695 846 2795 918 τῆς
2818 847 3127 916 γεννήσεως
3151 845 3308 901 αὑτοῦ
3383 862 3390 870 ·

2720 941 2829 998 Καὶ
2861 941 3068 996 τοῦτο.

2178 1036 2240 1089 Εί
2269 1036 2431 1106 σοφία
2458 1035 2555 1091 τοῦ
2583 1035 2804 1106 Πατρός
2829 1034 2980 1087 ἐστιν
3018 1034 3045 1085 ό
3073 1032 3219 1099 Υίὸς,
3247 1032 3417 1105 ῶσπερ
3438 1037 3514 1092 οὖν
3534 1045 3602 1095 καὶ

2106 1129 2246 1197 ἐστι,
2272 1130 2386 1194 πῶς
2417 1130 2534 1185 ἐστι
2565 1129 2778 1203 χρόνος,
2817 1128 2906 1183 ὅτε
2948 1127 3048 1181 οὐκ
3090 1122 3161 1197 ἦν
3205 1126 3260 1178 ἐν
3299 1129 3429 1198 αὐτῷ
3457 1134 3601 1200 σοφίας

2107 1222 2172 1279 Εἰ
2200 1224 2256 1277 δέ
2291 1224 2443 1277 ἐστιν
2494 1224 2684 1287 ἀῖδίως
2720 1225 2782 1277 ἐν
2819 1221 2899 1292 τῷ
2932 1220 3128 1291 [Ias-pi,
3180 1218 3264 1273 ἀεὶ
3295 1206 3395 1290 γὰρ
3430 1226 3605 1292 σοφὸςὸ

2107 1317 2298 1389 Πατήρ
2319 1334 2334 1349 ο
2365 1317 2485 1380 πῶς
2529 1315 2800 1388 ἡγήσεται
2841 1333 2893 1369 τι
2921 1312 3016 1368 τοῦ
3050 1312 3142 1367 ἀεὶ
3178 1312 3357 1381 όντοςς
3388 1315 3490 1378 Πῶς
3513 1318 3605 1388 δὲή

2108 1410 2366 1483 βούλησις
2396 1410 2638 1481 χωρήσει
2673 1408 2877 1480 μεταξὺ
2936 1408 3014 1478 μὴ
3067 1405 3200 1460 ὄντα
3230 1406 3349 1459 ποτὲ
3395 1408 3471 1461 τὸν
3512 1411 3608 1466 Υίὶιν

2104 1502 2464 1573 εἰσφέρουσα,
2482 1503 2574 1555 τὸν
2604 1501 2681 1573 τῷ
2708 1501 3035 1571 γεννήσαντι
3069 1498 3355 1565 συναῖδιον,
3381 1486 3447 1564 ὡς
3464 1504 3608 1571 σοφίαν

2105 1593 2310 1663 αὐτοῦς
2338 1594 2417 1651 Οὐ
2444 1594 2698 1667 βουλήσει
2723 1595 2833 1666 ἄρα
2856 1595 3023 1664 γεννᾷ
3056 1594 3147 1647 τὸν
3171 1592 3317 1669 Υἰὸν,
3335 1594 3454 1647 ἀλλά
3471 1595 3606 1665 φύσει,

2106 1690 2320 1760 Πρέπει
2352 1689 2464 1763 γὰρ
2495 1689 2653 1744 τοῦτο
2688 1684 2891 1762 μᾶλλον
2929 1687 3098 1759 αὐτῷ.

2734 1946 2846 2004 Καί
2885 1945 3086 2001 τοῦτο.

2181 2044 2244 2100 Εί
2275 2044 2426 2099 πᾶσα
2455 2041 2762 2115 βούλησιςή
2791 2040 2848 2093 ιν
2868 2054 2981 2092 τισι
3002 2035 3267 2108 γινομένη
3296 2038 3353 2091 οὐ
3377 2038 3482 2110 δίχα
3494 2039 3611 2110 λόγου

2107 2140 2354 2209 γίνεται,
2387 2136 2547 2205 λόγος
2579 2134 2692 2205 γάρ
2721 2135 2873 2187 ἐστιν
2902 2130 3128 2202 ἀφανῶς
3192 2132 3250 2184 ἐν
3286 2131 3467 2205 καρδίᾳ
3494 2151 3612 2205 mg.

2108 2231 2395 2303 φόμενοςή
2418 2228 2699 2300 βούλησις,
2736 2226 2852 2279 εστι
2885 2224 2945 2279 δὲ
2991 2225 3021 2277 ό
3060 2225 3190 2287 Υίὸς
3230 2224 3393 2294 Λόγος
3414 2227 3498 2280 τοῦ
3532 2230 3613 2282 lla.

2104 2326 2269 2397 τρός·
2300 2323 2465 2389 αὐτὸς
2496 2324 2606 2394 ἄρα
2637 2321 2788 2375 ἐστὶν
2819 2320 2853 2393 ή
2879 2318 3159 2390 βούλησις.
3192 2316 3324 2373 Εἶτα
3353 2320 3460 2384 πῶς
3482 2322 3509 2391 ή
3531 2322 3613 2392 βού-

2105 2420 2264 2491 λησις
2284 2420 2342 2474 ἐν
2366 2417 2618 2491 βουλήσει
2646 2413 2894 2485 γίνεται;
2926 2414 2960 2487 ἢ
2999 2412 3120 2476 πῶς
3157 2412 3188 2465 ό
3211 2411 3375 2481 Λόγος
3402 2414 3453 2467 ἐν
3482 2414 3613 2482 Ali-pp;

2107 2512 2298 2567 Πάντα
2331 2511 2516 2566 τοίνυν
2540 2509 2686 2563 ἐστὶν
2707 2509 2735 2562 6
2760 2507 2889 2570 Υίὸς
2915 2504 2995 2576 τῷ
3026 2505 3232 2574 “arpi,
3250 2508 3342 2559 καὶ
3362 2505 3524 2573 Λόγος,
3550 2508 3617 2559 καὶ

2105 2605 2300 2677 βουλή,
2327 2603 2422 2658 καὶ¹
2442 2602 2625 2673 σοφία,
2649 2602 2748 2655 καὶ
2764 2600 2920 2654 οὐδέν
2940 2600 3092 2652 ἐστιν
3108 2598 3168 2651 ὸν
3188 2597 3353 2668 Πατρὶ
3371 2598 3461 2669 πρὸ
3474 2597 3615 2652 αὐτοῦ.

2711 2693 2820 2750 Kal
2850 2695 3052 2749 τοῦτο.

2182 2791 2401 2863 Ὠσπερ
2431 2788 2533 2842 οὐκ
2580 2786 2642 2839 ὲκ
2675 2784 2987 2857 βουλήσεως
3028 2787 3196 2857 ἡμεῖς
3222 2783 3410 2855 ἔχομεν
3436 2781 3487 2835 τὸ
3510 2776 3616 2833 εἶναι

2109 2885 2351 2958 πατέρες
2393 2882 2502 2935 τῶν
2531 2879 2589 2945 ἐξ
2624 2877 2809 2950 ήμῶν,
2841 2878 2977 2931 ἀλλὰ
3008 2875 3281 2946 φυσικῶς,
3340 2874 3472 2927 οὕτω
3504 2874 3575 2927 καὶ
3602 2875 3621 2923 ὁ

2109 2978 2244 3043 Θεὸς
2291 2974 2389 3031 καὶ
2412 2971 2604 3044 Πατὴρ
2633 2971 2738 3025 οὐκ
2792 2972 2856 3024 ὲκ
2897 2968 3215 3041 βούλησεως
3258 2966 3437 3038 Πατήρ
3486 2967 3616 3027 ἔστιν,

2110 3072 2248 3129 ἀλλὰ
2291 3068 2566 3141 φυσικῶς.
2609 3067 2718 3121 Καὶ
2767 3065 2958 3137 ὥσπερ
3000 3067 3050 3118 οἱ
3079 3064 3141 3130 ἐξ
3194 3063 3350 3135 ἡμῶν
3379 3062 3623 3131 τικτόμενα

2110 3170 2289 3239 ὅμοιοι
2341 3162 2560 3224 πάντως
2600 3162 2733 3231 ἡμῖν
2758 3158 2882 3213 κατ’
2911 3157 3107 3211 οὐσίαν
3154 3156 3315 3221 είσὶν,
3352 3152 3481 3208 οὕτω
3507 3155 3576 3205 καὶ
3603 3153 3622 3204 ὀ

410 3269 512 3309 non
530 3254 897 3318 extrinsecus,
922 3251 1017 3308 sed
1051 3268 1117 3308 ex
1150 3252 1389 3309 essentia
1418 3251 1594 3309 Patris
1654 3255 1890 3326 genitus,
1924 3254 2000 3310 si-

2118 3263 2239 3327 Υἱὸς
2293 3260 2395 3315 οὐκ
2431 3254 2633 3323 ἔξωθεν
2679 3252 2758 3326 τῷ
2809 3254 2984 3324 [lupi
3039 3250 3485 3325 προσγενόμενος,
3532 3243 3623 3301 ἀλλ’

408 3346 555 3403 milis
599 3354 682 3401 est
734 3346 786 3401 in
826 3345 1080 3403 omnibus
1140 3342 1405 3403 Geuitori.
1440 3343 1506 3401 Et
1530 3345 2000 3416 [quemadmodum

2118 3360 2289 3421 ὅντως
2320 3357 2388 3409 ἐκ
2425 3351 2525 3422 τῆς
2552 3349 2744 3413 οὐσίας
2796 3348 2965 3401 αὐτοῦ
3014 3343 3319 3417 προελθὼν,
3347 3341 3509 3413 ὅμοιός
3541 3342 3624 3393 ἐστι

406 3440 571 3500 Pater
621 3455 727 3496 non
779 3456 845 3498 ex
888 3439 1170 3500 voluntate
1228 3438 1514 3510 Paterﬁest,
1561 3441 1634 3496 ita
1677 3454 1777 3497 nec
1830 3439 2000 3497 Filius

2118 3451 2260 3507 κατὰ
2281 3448 2466 3505 πάντα
2482 3445 2560 3516 τῷ
2575 3441 2954 3513 γεγεννηκότι.
2979 3440 3089 3493 Καὶ
3117 3438 3310 3509 ὥσπερ
3332 3438 3357 3489 6
3377 3434 3538 3505 Πατὴρ
3558 3430 3626 3485 οὐκ

406 3540 491 3586 cst
518 3545 582 3586 ex
622 3530 917 3598 voluntate,
965 3533 1060 3588 sed
1100 3546 1195 3602 per
1236 3542 1510 3600 naturam,
1556 3547 1679 3589 cum
1714 3532 1786 3591 sit
1822 3532 2004 3605 splen-

409 3626 510 3682 ιίυι·
556 3636 606 3679 et
644 3628 818 3696 ligura
850 3625 995 3691 illius
1030 3630 1071 3692 ⁸,
1105 3627 1195 3700 qui
1230 3642 1287 3683 se
1322 3626 1529 3699 genuit.

949 3845 1203 3915 Ejusdem
1229 3859 1277 3900 et
1315 3850 1445 3903 hac.

486 3938 849 3994 Vehementer
875 3937 1176 3995 absurdqu
1228 3947 1286 3994 et
1313 3935 1682 4008 periculosum
1722 3944 1810 3992 est
1849 3935 2000 3992 dice-

413 4050 472 4087 re
501 4028 695 4086 Filium
726 4029 1294 4099 voluntate'genitum
1348 4041 1495 4087 esse.
1559 4028 1663 4096 Qui
1694 4028 1839 4084 enim
1889 4042 1999 4083 non

411 4122 688 4177 voluntate
721 4122 882 4178 Pater
919 4128 976 4176 et
1024 4118 1165 4177 Deus
1184 4127 1289 4187 est,
1324 4120 1368 4176 is
1400 4134 1502 4176 nec
1529 4119 1809 4176 voluntate
1840 4119 1999 4172 habet

411 4228 478 4265 ex
512 4211 747 4268 essentia
773 4226 868 4266 sua
918 4213 1245 4281 proveniens
1289 4212 1550 4277 Verbum,
1583 4211 1679 4267 sed
1735 4208 2005 4265 naturali-

417 4312 518 4358 ter.
551 4298 646 4358 Sic
663 4300 809 4359 enim
838 4312 922 4357 est
946 4302 1114 4375 ﬁgura
1150 4302 1337 4373 ipsius,
1374 4312 1432 4358 et
1468 4303 1648 4373 imago
1686 4315 1793 4357 non
1843 4299 2000 4357 falsa.

835 4483 910 4537 Et
937 4485 1117 4540 eodem
1149 4484 1305 4542 libro.
1342 4500 1461 4550 cap.
1500 4482 1587 4537 90.

2113 3546 2182 3598 ὲκ
2208 3542 2520 3614 βουλήσεως
2541 3539 2658 3591 ἐστι
2694 3534 2907 3607 Πατὴρ,
2948 3533 3096 3614 οὕτω
3123 3532 3223 3586 καὶ
3274 3530 3302 3584 ό
3333 3528 3449 3592 Υἱὸς
3466 3529 3548 3582 οὐκ
3574 3528 3617 3578 ἐκ

2118 3608 2427 3707 sedisses;
2455 3634 2607 3687 ἔστιν
2643 3629 2794 3696 Υἱὸς,
2814 3608 3126 3683 enixam
3162 3624 3328 3693 φύσιν
3351 3620 3627 3688 ἀπαύγασμα

2116 3732 2211 3782 καὶ
2233 3725 2528 3800 χαρακτὴρ
2564 3722 2831 3795 ὑπάρχων
2865 3717 2963 3774 τοῦ
2986 3720 3353 3789 γεννήσαντος
3385 3713 3539 3768 αὐτόν.

2719 3814 2832 3871 Καί
2868 3814 3068 3870 τοῦτο.

2187 3914 2428 3970 ’Δτοπον
2464 3910 2672 3984 σφόδρα
2694 3950 2711 3976 ,
2736 3911 2833 3965 καὶ
2853 3906 3210 3963 ἐπικίνδυνον
3234 3904 3323 3975 ἐφ’
3353 3900 3471 3957 Υίοῦ
3490 3896 3627 3966 λέγειν

2112 4010 2190 4077 τὸ,
2214 4008 2480 4080 Βουλήσει
2511 4006 2694 4078 ἄρα,ή
2721 4005 2869 4077 παρᾶ
2896 4002 3157 4075 βούλησιν
3183 3997 3460 4071 ὲγεννήῦη.
3484 3995 3532 4049 ὐ
3550 3995 3629 4061 γὰρ

2109 4104 2211 4156 οὐκ
2238 4105 2307 4157 ὲκ
2340 4098 2651 4173 βουλήσεως
2675 4096 2941 4168 ὑπάρχων
2975 4096 3167 4165 Πατὴρ
3190 4094 3288 4147 καὶ⁸
3313 4088 3437 4150 Θεὸς
3464 4084 3559 4138 οὐδὲ
3582 4084 3627 4131 ἐκ

2112 4196 2426 4268 βουλήσεως
2457 4192 2569 4265 ἔχει
2590 4191 2685 4245 τὸν
2709 4192 2775 4244 ἐκ
2808 4191 2907 4261 τῆς
2939 4187 3132 4251 οὐσίας
3158 4186 3329 4240 αὑτοῦ
3359 4176 3627 4253 προελθόντα

2110 4292 2306 4359 Λόγον,
2342 4288 2480 4344 ἀλλὰ
2506 4285 2777 4357 φυσικῶς.
2820 4283 2920 4352 Ern
2945 4282 3056 4353 γὰρ
3082 4278 3151 4334 ἂν
3183 4280 3282 4334 καὶ
3302 4276 3461 4338 οὕτως
3504 4268 3626 4324 εἰκὼν

2113 4385 2300 4454 αὐτοῦ,
2334 4385 2431 4441 καὶ
2456 4381 2745 4455 χαρακτὴρ
2766 4380 2828 4439 οὒ
2855 4374 3283 4448 διεψευσμένος.

2294 4478 2440 4535 Ἀπὸ
2464 4476 2802 4546 κεφαλαίου
2830 4471 2879 4527 κ’
2906 4471 3015 4527 τοῦ
3037 4468 3232 4526 αὐτοῦ
3254 4465 3505 4533 βιϐλίου.

500 4590 668 4648 David
711 4586 910 4643 alicuhi
966 4587 1039 4641 ita
1094 4584 1243 4639 canit
1289 4601 1301 4637 :
1356 4600 1374 4635 ι
1402 4582 1570 4660 Sedes
1612 4591 1726 4644 tua,
1768 4579 1931 4646 Deus,
1965 4578 2000 4634 il

2180 4583 2385 4640 Ψάλλει
2421 4602 2524 4639 που
2548 4582 2731 4637 Δαὸίδ·
2755 4601 2773 4634 ι
2796 4583 2853 4637 ’0
2883 4580 3073 4653 Θρόνος
3100 4558 3220 4643 σου,
3255 4580 3285 4632 6
3315 4573 3455 4637 Θεὸς,
3482 4570 3547 4631 είς
3567 4564 3632 4660 τὸν

430 4683 686 4742 εςοοιιιιιηι
732 4678 935 4736 saeculi.
970 4697 989 4731 ι
1018 4677 1222 4734 Deinde
1253 4676 1329 4731 ait
1356 4694 1370 4729 :
1405 4654 1748 4744 «Propterea
1780 4672 1932 4727 unxit
1965 4681 2018 4727 te

430 4778 593 4832 Deus.
621 4771 765 4827 Deus
793 4780 940 4834 tuus,
965 4767 1086 4823 oleo
1110 4765 1496 4822 exsultationis
1520 4779 1633 4845 pra:
1659 4761 2018 4834 participibus

2110 4682 2284 4736 αἰῶνα
2307 4677 2401 4734 τοῦ
2440 4677 2652 4740 αἰῶνος.
2686 4695 2704 4730 ι
2743 4671 2877 4729 Εῗτά
2923 4690 3057 4745 φησι
3089 4690 3103 4705 ·
3139 4690 3159 4725 ‹
3190 4670 3293 4725 Διὰ
3322 4667 3468 4723 τοῦτο
3492 4658 3629 4731 εχρισέ

2111 4792 2171 4827 σε
2202 4774 2232 4826 6
2258 4771 2410 4835 Θεὸς,
2436 4772 2464 4824 6
2501 4768 2635 4833 Θεός
2691 4785 2805 4833 σου,
2849 4765 3031 4819 ἔλαιον
3079 4761 3466 4832 ἀγαλλιάσεως.
3498 4773 3514 4805 ι
3556 4748 3634 4804 Καὶ

430 4869 538 4926 tuis
583 4869 630 4922 ⁸.
663 4884 683 4919 ι
711 4863 877 4933 Atqui
918 4870 1039 4917 erat
1074 4859 1312 4917 Verbum
1340 4859 1506 4919 etiam
1539 4839 1666 4911 ante
1705 4855 2000 4911 unctionen

2118 4860 2178 4935 ἦν
2202 4865 2233 4917 6
2266 4862 2439 4931 Λόγος
2474 4860 2578 4915 καλ¹
2623 4859 2732 4931 πρὸ
2790 4857 2891 4928 τῆς
2948 4854 3187 4927 χρίσεως
3227 4848 3510 4923 βασιλεύων
3534 4839 3633 4935 petit

426 4974 667 5032 regnans
692 4972 815 5013 cum
845 4955 1027 5011 Patre.
1053 4952 1335 5021 Quomodo
1366 4950 1533 5021 igitur
1562 4949 1614 5003 in
1640 4963 1826 5019 regem
1864 4947 2020 5019 ungi-

428 5063 518 5107 tur
550 5059 606 5107 et
632 5048 1026 5109 sanctificatur,
1074 5044 1169 5116 qui
1210 5058 1426 5113 semper
1465 5048 1659 5111 regnat
1689 5048 2021 5108 sanctusque

427 5141 690 5199 exsistit?
718 5137 1185 5210 Quemadmodum
1220 5136 1383 5207 igitur
1420 5149 1544 5189 cum
1584 5146 1800 5202 semper
1837 5131 1889 5186 id
1926 5130 2019 5199 sit,

428 5234 635 5288 ultimis
690 5242 867 5285 tamen
914 5226 1252 5299 temporibus
1307 5238 1564 5296 regnasse
1618 5222 1818 5277 dicitur
1871 5238 1885 5277 :
1941 5221 2013 5276 ita

427 5341 550 5381 cum
589 5324 661 5379 sit
693 5320 1012 5384 altissimus,
1045 5318 1317 5374 exaltatns
1359 5330 1481 5371 esse
1524 5315 1744 5379 dicitur,
1796 5323 2014 5385 propter

428 5416 884 5473 incarnationem.
913 5411 1201 5473 Exaltatnr
1217 5420 1423 5475 autem,
1447 5417 1502 5463 et
1528 5397 1772 5477 u'ngitur,
1803 5416 1859 5459 et
1884 5421 2013 5460 san-

429 5509 701 5564 c‘tillcatur
728 5515 952 5578 propter
981 5520 1105 5572 nos,
1129 5512 1189 5558 ut
1218 5517 1316 5573 per
1343 5502 1517 5571 ipsum
1541 5500 1712 5571 gratia
1746 5501 1797 5554 in
1831 5512 2021 5553 omnes

427 5604 734 5665 derivetur,
798 5610 855 5655 ut
902 5601 1014 5672 jam
1072 5604 1277 5652 natura:
1333 5593 1527 5648 collata
1585 5592 1788 5659 totique
1836 5589 2018 5659 generi

428 5696 641 5766 largita.
674 5694 767 5749 Sic
798 5692 941 5746 enim
965 5690 1221 5744 Servatur
1243 5687 1358 5757 ipse
1390 5685 1445 5739 in
1479 5684 1767 5755 Evangelio
1797 5683 2022 5737 Joannis

430 5786 507 5841 ait
540 5803 552 5841 :
591 5805 607 5836 ι
642 5784 749 5840 Pro
780 5785 911 5855 ipsis
955 5796 1053 5853 ego
1088 5778 1375 5836 sanctiﬁco
1404 5779 1692 5849 meipsum,
1726 5785 1781 5831 ut
1817 5777 1927 5832 sint
1970 5784 2020 5830 et

530 5939 784 6004 ’Πρω-Λ,
815 5938 866 5994 5.
946 5941 961 5970 ³
989 5934 1131 5995 Psul.
1168 5950 1311 5992 λων.
1348 5929 1404 5999 7,
1439 5927 1494 5989 8.

2112 4929 2497 5028 ἀατρόςξῐιῶς
2533 4946 2625 5005 οὖν
2650 4929 2729 5015 είς
2756 4946 2979 5019 βασιλέα
3004 4944 3219 5018 χρίεται
3248 4942 3343 4995 καὶ
3363 4929 3636 5028 ἁγιάζεταιό

2114 5048 2203 5102 ἀεὶ
2268 5043 2566 5116 βασιλεύων
2617 5042 2711 5096 καὶ
2760 5041 2915 5109 ἆγιος
2947 5037 3059 5105 ῶν;
3117 5037 3333 5106 Ὥσπερ
3386 5030 3543 5084 τοίνυν
3576 5020 3635 5075 ἀεὶ
3708 5090 3709 5093 η

2114 5137 2272 5192 τοῦτο
2291 5136 2387 5202 ὣν,
2411 5140 2469 5192 ὲν
2491 5134 2740 5205 ἐσχάτοις
2763 5132 2971 5202 καιροῖς
2994 5124 3433 5200 βιεδεισιιλευκένίιι
3451 5118 3635 5205 λέγετον

2115 5227 2257 5285 οὕτω
2319 5229 2412 5279 καὶ
2441 5201 2665 5294 ὕψιστος
2728 5220 2825 5282 ὢν,
2863 5201 3153 5289 ίὺψοῦσθαι
3208 5216 3422 5286 λέγεται
3464 5207 3541 5263 διὰ

2117 5322 2381 5391 ἐνσαρκον
2420 5291 2753 5387 οίπονομίαν.
2820 5311 3079 5384 ’Υψοῦται
3123 5310 3181 5365 δὲ
3223 5297 3319 5363 καὶ
3368 5302 3553 5377 χρίεται
3572 5291 3639 5349 καὶ

2120 5390 2403 5482 ἁγιάζεται
2454 5410 2521 5464 δι’
2546 5410 2719 5480 ἡμᾶς,
2761 5408 2848 5461 ἵνα
2898 5406 2963 5460 δι’
2999 5402 3166 5459 αὐτοῦ
3203 5402 3371 5473 τρέχῃ
3408 5394 3563 5450 λοιπὸν
3584 5390 3638 5482 εἰς

2119 5503 2378 5572 πάνταςὴ
2408 5500 2587 5571 χάρις,
2613 5499 2686 5562 ὡς
2706 5498 2808 5568 ήδη
2838 5495 3052 5550 δοθεῖσα
3086 5496 3152 5565 τῇ
3182 5492 3368 5564 φύσει,
3392 5487 3477 5542 καὶ
3500 5477 3638 5536 λοιπὸν

2120 5596 2226 5664 ὅλῳ
2254 5592 2539 5662 σωζομένη
2574 5590 2651 5661 τῷ
2684 5589 2853 5659 γένει.
2890 5586 3043 5643 Οὕτω
3071 5586 3164 5641 καὶ
3202 5583 3232 5634 6
3286 5581 3470 5648 Σωτὴρ

2121 5687 2177 5740 ὲν
2211 5685 2287 5755 τῷ
2314 5685 2453 5739 κατὰ
2495 5683 2746 5754 Ἰωάννην
2773 5680 3111 5751 Εὑαγγελίῳ·
3149 5696 3165 5727 ι
3187 5675 3364 5745 ’Υπὲρ
3390 5665 3544 5726 αὐτῶν
3561 5664 3638 5726 ἐγω

2124 5778 2334 5847 ἁίιὲιζω
2369 5775 2621 5847 ἐμαυτὸν,
2666 5776 2751 5829 ἵνα
2790 5767 2891 5830 ὦσι
2939 5771 3031 5826 καὶ
3084 5769 3235 5825 αὐτοὶ
3298 5757 3634 5838 ἡγιασμένοι.)
