3768 6544
413 435 518 501 661

1646 437 2029 496 EU'l'IlYMlI
2069 440 2437 500 ZlGABENI
2968 422 2973 429 ’
3517 455 3597 521 εδδ

415 555 644 610 naturali
685 554 876 609 Filium
907 550 1189 617 dignitate,
1214 564 1336 600 cum
1366 549 1507 602 illam
1557 550 1797 605 secundo
1818 562 1939 602 suo

2106 550 2233 621 μίας
2290 554 2319 605 6
2370 551 2562 619 λόγος,
2606 552 2701 605 καὶ
2730 552 2763 623 ἡ
2796 548 2886 604 διὰ
2925 549 3086 604 τοῦτο
3138 551 3354 619 κένωσις
3378 559 3463 613 τοῦ
3488 569 3599 623 κατὰ

414 648 567 703 salis
604 647 831 701 adventu
870 642 945 697 sit
986 642 1291 695 habiturus.
1329 640 1519 695 Veniet
1560 642 1730 707 enim,
1765 649 1823 694 ut
1852 639 1996 709 ipse-

415 749 525 793 met
553 738 710 801 dixit,
742 738 795 790 in
849 735 1017 805 gloria
1073 733 1246 788 Patris
1281 735 1363 789 sui
1394 735 1436 787 ί.
1487 733 1771 801 Quomodo
1828 733 1996 804 igitur

412 829 575 885 Patre
601 830 803 895 minor,
844 828 1013 899 quiin
1050 827 1219 898 gloria
1244 838 1330 883 est
1357 826 1584 899 perfecti
1637 825 1853 881 Patris?

969 1091 1224 1160 Ejusdem
1257 1101 1306 1146 et
1336 1091 1467 1146 haec.

482 1183 539 1239 Si
583 1184 841 1238 Dominus
900 1193 982 1237 est
1029 1182 1213 1247 Pater,
1267 1195 1320 1236 et
1373 1181 1540 1238 Filius
1590 1190 1677 1247 cet
1718 1181 1995 1248 Dominus,

413 1278 685 1345 quomodo
711 1274 872 1328 Patre
895 1273 1064 1345 Filius
1088 1273 1261 1329 minor
1279 1272 1301 1327 Ἰ
1318 1272 1434 1327 Non
1455 1274 1561 1327 erit
1584 1271 1820 1342 perfecte
1838 1271 1995 1340 liber,

414 1368 458 1423 si
490 1367 667 1423 minor
702 1374 783 1422 est
808 1364 1052 1434 imperio,
1086 1378 1187 1420 nec
1215 1363 1426 1432 plenam
1454 1364 1507 1418 in
1541 1378 1601 1418 se
1664 1364 1872 1418 obtinet
1911 1365 1997 1419 di-

417 1462 699 1530 gnitatem.
730 1456 995 1513 Prazterea
1021 1457 1069 1513 si
1102 1458 1191 1511 lux
1221 1467 1307 1513 est
1347 1455 1543 1516 Pater.
1565 1456 1721 1511 etlux
1750 1457 2001 1512 similiter

426 1560 511 1607 est
543 1550 730 1611 Filius.
755 1551 1026 1620 quomodo
1060 1549 1236 1602 minor
1262 1557 1345 1604 est
1378 1549 1572 1604 Patre?
1606 1548 1719 1602 Lux
1751 1548 1893 1602 enim
1928 1548 1995 1618 (si

421 1644 601 1698 minor
645 1642 749 1710 est)
784 1641 889 1697 erit
934 1640 1272 1711 imperfecta,
1311 1649 1364 1696 et
1395 1654 1550 1711 parte
1579 1641 1755 1709 aliqua
1782 1658 1810 1695 a
1844 1653 2000 1697 tene-

422 1731 535 1788 bris
574 1728 945 1799 ocrupabitur.
983 1726 1048 1783 Et
1089 1730 1319 1784 mendax
1377 1729 1482 1782 erit
1521 1730 1873 1798 evangelista,
1929 1730 2000 1785 Et

2096 641 2259 709 φύσιν
2288 641 2583 713 προσόντος
2606 638 2920 710 ἀξιώματος
2960 639 3341 709 ἀπογυμνώτει
3362 644 3445 698 τὸν
3474 647 3601 720 Υιῦν,

2095 734 2251 787 λύσιν
2281 732 2481 802 ἔχουσα
2529 734 2630 803 τὴν
2678 733 2939 804 δευτέραν
2968 732 3028 801 ἐξ
3066 735 3292 806 οὐρανοῦ
3326 743 3602 810 παρουσίαν.

2096 823 2258 888 Ἥξει
2285 824 2393 893 γὰρ
2428 823 2667 886 πάντως.
2724 825 2801 888 ὡς
2848 824 3168 895 ἠκούσαμεν
3214 825 3605 906 λέγοντοςνίντῇ

2099 915 2223 984 δόξῃ
2251 913 2347 968 τοῦ
2377 913 2588 985 Πατρὸς
2613 914 2802 969 αὐτοῦ.
2835 916 2957 978 Πῶς
2978 911 3073 969 οὖν
3100 915 3237 979 ὅλως
3257 917 3314 969 ἑν
3334 922 3395 989 τῇ
3415 920 3608 995 δόξῃτοῦ

2098 1006 2300 1063 τελείου
2335 1006 2548 1078 Πατρὸς
2575 1009 2603 1061 6
2630 1005 2869 1061 ἐλάττων
2892 1008 3079 1074 αὐτοῦς

2706 1098 2818 1154 Καὶ
2848 1098 3051 1155 τοῦτο.

2167 1191 2230 1248 El
2271 1193 2478 1265 Κύριός
2505 1194 2657 1248 ἐστιν
2684 1192 2715 1243 6
2746 1192 2960 1263 Πατὴρ,
2990 1192 3202 1263 Κύριος
3229 1195 3287 1249 δὲ
3331 1198 3515 1269 ὁμοίως
3540 1206 3613 1258 καὶ

2096 1287 2126 1339 6
2159 1285 2306 1350 Υίὸς,
2354 1286 2475 1350 πῶς
2505 1285 2749 1340 ἐλάττων
2794 1283 2965 1340 αὑτοῦ
3016 1286 3204 1350 ὲστινς
3239 1288 3423 1344 Ἔσται
3444 1293 3537 1364 τὰρ
3565 1296 3613 1349 οὐ

2097 1379 2326 1443 τελείως
2353 1377 2661 1446 ἐλεύθερος,
2718 1378 2879 1448 είπερ
2926 1376 3077 1432 ἐστὶν
3122 1377 3437 1437 ἐλαττωθὲν
3470 1388 3616 1455 trepid-

2098 1491 2243 1544 τητι,
2272 1473 2367 1527 καὶ
2391 1473 2453 1527 οὗ
2489 1471 2697 1544 πλῆρες
2736 1472 2879 1544 ἔχων
2913 1472 2971 1527 δν
2992 1473 3172 1545 ἐαυτῷ
3202 1473 3262 1528 τὸ
3289 1472 3509 1544 ἀξίωμα.
3531 1478 3617 1532 Καὶ

2103 1566 2153 1619 εί
2180 1566 2297 1635 φῶς
2322 1565 2474 1619 ἐστιν
2504 1566 2534 1619 6
2574 1565 2787 1637 Πατὴρ,
2821 1566 2939 1635 φῶς
2991 1564 3050 1619 δὲ
3098 1565 3302 1636 ὁμοίως
3324 1565 3415 1619 καὶ
3454 1569 3481 1622 6
3500 1564 3616 1635 Υῐδς,

2101 1657 2223 1722 πῶς
2240 1658 2484 1713 ἐλάττων
2524 1658 2693 1714 αὐτοῦ
2742 1660 2931 1726 ἔστινς
2962 1658 3163 1713 Ἔσται
3204 1658 3317 1729 γὰρ
3352 1658 3411 1713 οὐ
3437 1658 3618 1725 τελείως

2100 1751 2241 1820 φῶς,
2281 1749 2766 1821 καταληφθήσεται
2818 1747 2877 1803 δὲ
2905 1750 3015 1805 ἀπὸ
3048 1750 3260 1821 μέρους
3284 1749 3383 1804 ὑπὸ
3405 1750 3500 1822 τῆς
3524 1771 3619 1806 axo-

422 1824 665 1880 tertebrar.
703 1821 973 1887 inquiens,
1022 1836 1140 1875 eam
1170 1835 1274 1875 non
1292 1820 1793 1888 eamme/tenderent
1827 1825 1872 1878 '.
1915 1824 1951 1877 Α

2106 1842 2244 1910 τίας,
2278 1842 2374 1899 καὶ
2401 1820 2669 1914 ψεύσεται
2699 1842 2875 1913 λέγων
2901 1843 2933 1896 6
2962 1820 3395 1914 Εὐάγγελιστὴς,
3421 1820 3487 1899 Ἦ
3508 1860 3619 1899 σκο-

420 1918 533 1969 htec
578 1915 623 1967 si
663 1911 823 1968 Pater
858 1912 1100 1976 estvita,
1128 1922 1183 1967 et
1212 1910 1378 1967 Filius
1410 1911 1537 1967 item
1575 1924 1660 1968 est
1694 1917 1823 1978 vita,
1854 1931 1951 1986 qut

2106 1938 2200 1991 τία
2230 1905 2380 1991 αὐτὸ
2400 1905 2473 1991 οὐ
2502 1905 2818 1990 κατέλαϐέ.
2860 1934 2973 1989 Καὶ
3002 1936 3052 1989 εί
3230 1905 3420 1989 ιστὶνί
3451 1937 3621 2007 Πατὴρ,

425 2007 586 2060 modo
620 2004 781 2059 Patre
834 2003 1114 2059 minorest
1144 2002 1359 2058 Filius?
1392 2002 1489 2058 Sin
1519 2005 1834 2074 imperfecte
1866 2008 1998 2073 vita,

425 2107 485 2153 et
506 2098 625 2151 ideo
666 2097 866 2160 minor,
899 2095 1135 2166 perlecta
1169 2096 1220 2149 in
1258 2094 1411 2149 nobis
1436 2095 1545 2147 vita
1576 2111 1681 2149 non
1716 2098 1842 2161 erit,
1877 2098 2002 2153 licet

421 2182 475 2241 in
514 2186 757 2241 interiori
777 2183 1552 2241 homineChristusinhabitet.
1587 2183 1651 2237 Et
1667 2186 1844 2256 aliqua
1876 2202 2002 2257 par-

421 2288 474 2333 te
506 2278 909 2349 quodammodo
937 2277 1332 2343 eruntmortui,
1362 2277 1453 2346 qui
1481 2278 1532 2329 in
1558 2276 1733 2346 ipsum
1763 2279 2008 2335 credide-

420 2380 569 2425 runt.
592 2369 722 2437 Qua:
752 2370 967 2437 quidem
998 2367 1255 2438 quoniam
1279 2382 1308 2421 a
1332 2368 1509 2435 nobis,
1524 2378 1581 2423 ut
1606 2368 1861 2436 absurda,
1881 2381 2007 2426 sunt

419 2463 610 2536 procul
651 2463 962 2533 reﬁcienda,
995 2463 1297 2535 perfectum
1343 2478 1465 2519 esse
1517 2463 1747 2519 dicimus
1785 2464 2001 2531 Filium,

418 2565 473 2612 et
500 2556 646 2611 Patri
683 2558 925 2627 perfecto
973 2554 1236 2624 aequalem
1304 2566 1526 2625 propter
1578 2556 1828 2611 essentia:
1860 2556 2001 2611 nulla

419 2647 473 2703 in
507 2658 664 2719 parte
714 2648 985 2704 diversam
1007 2646 1442 2703 similitudinem.

947 2759 1201 2829 Eiusdem
1245 2771 1293 2815 et
1340 2761 1475 2816 ha’c.

487 2852 775 2923 Equalem
794 2867 856 2909 se
889 2851 997 2907 Deo
1033 2862 1085 2907 et
1106 2851 1253 2908 Patri
1278 2852 1561 2911 declarans
1581 2854 1833 2913 Christus
1861 2871 2002 2925 quu-

420 2944 546 3001 datu
586 2949 705 3002 loco
733 2945 1029 3015 discipulos
1077 2960 1206 3001 suos
1251 2944 1334 3001 sic
1382 2947 1673 3018 alloquitur
1702 2966 1718 3011 ς
1748 2949 1852 3014 Qui
1876 2950 2002 3004 vidit

418 3037 642 3095 accidit
661 3035 873 3093 Patrem
892 3038 933 3092 ³.
955 3037 1234 3104 Quomodo
1251 3037 1342 3107 qui
1365 3048 1557 3093 natura
1576 3040 1697 3096 talis
1712 3050 1795 3096 est
1815 3052 1872 3096 ut
1892 3042 2007 3110 ipse

425 3144 552 3185 vera
594 3128 781 3185 dicens
814 3127 1071 3193 aliirmat,
1133 3125 1293 3183 Patre
1336 3126 1512 3184 minor
1542 3129 1669 3196 erit,
1699 3139 1755 3185 ut
1787 3132 2003 3201 quidam

425 3230 630 3277 temere
678 3220 1006 3290 Opinantur?
1031 3219 1087 3274 Si
1122 3220 1265 3275 enim
1321 3221 1501 3276 minor
1545 3221 1814 3279 exsistens
1839 3222 1892 3277 in
1914 3236 2003 3278 se-

422 3313 538 3384 ipso
573 3310 786 3368 Patrem
814 3310 1087 3382 exprimit,
1108 3326 1229 3366 cum
1259 3310 1403 3366 nulla
1434 3313 1730 3368 intercedat
1751 3314 2003 3369 immuta-

419 3405 518 3473 tio,
566 3404 694 3460 illud
739 3404 913 3474 ipsum
946 3404 996 3458 in
1025 3400 1240 3458 Patrem
1278 3404 1500 3469 recidet,
1548 3406 1744 3476 quippe
1798 3406 1887 3476 qui
1942 3407 1997 3461 in

420 3497 675 3569 imagine,
710 3512 901 3567 nempe
930 3497 983 3552 in
1008 3494 1146 3551 Filio
1163 3507 1418 3551 cernatur
1439 3510 1744 3566 expressus.
1768 3496 1871 3552 Sed
1899 3498 2000 3555 hoc

419 3589 714 3644 absurdum
738 3597 842 3644 est.
867 3586 983 3643 Non
1019 3587 1183 3657 igitur
1206 3585 1377 3644 Filius
1400 3588 1596 3656 minor,
1625 3590 1676 3644 in
1707 3605 1814 3660 quo
1839 3588 2000 3645 Pater

420 3681 696 3752 perfectus
721 3681 1065 3752 exprimitur.

953 3877 1207 3950 Ejusdem
1247 3889 1296 3934 et
1329 3880 1462 3935 Ita'c.

487 3970 771 4039 Quomodo
801 3970 972 4027 Filius
1004 3974 1201 4035 minor,
1231 3985 1389 4042 quem
1417 3983 1481 4027 ea
1517 3982 1636 4043 qua
1654 3971 1831 4028 Patris
1851 3984 1996 4039 sunt,

421 4066 619 4120 habere
650 4065 908 4119 constat?
938 4065 1076 4120 Vere
1104 4065 1246 4119 enim
1271 4064 1440 4120 dicit:
1482 4065 1669 4121 Omnia
1693 4082 1808 4137 quae
1839 4066 2001 4121 Pater

422 4156 600 4223 habet,
629 4172 744 4210 mea
766 4164 912 4210 sunt.
943 4154 1007 4209 Et
1036 4171 1250 4210 rursum
1299 4153 1491 4221 Deum,
1546 4166 1600 4211 et
1637 4158 1846 4212 l’atretn
1870 4158 2000 4211 allo-

415 4264 610 4320 quens,
637 4248 853 4316 Omnia,
878 4248 1070 4318 inquit,
1104 4261 1214 4302 mea
1242 4254 1331 4301 tua
1358 4260 1498 4315 sum,
1547 4258 1589 4304 ει
1616 4258 1705 4302 tua
1728 4265 1839 4303 mea
1863 4248 1905 4305 ⁸.
1943 4248 1999 4305 Si

416 4342 586 4408 enim,
624 4351 684 4397 ut
708 4350 910 4398 temere
939 4342 1159 4413 quidam
1196 4342 1458 4407 sentiunt,
1492 4343 1667 4396 minor
1695 4352 1777 4398 est
1808 4340 1993 4411 Filius,

416 4450 540 4488 cum
569 4448 696 4488 vere
751 4432 1063 4500 pronuntiet
1087 4431 1177 4487 hic
1206 4430 1420 4487 Patrem
1446 4431 1727 4501 alloquens
1758 4448 1772 4487 :
1808 4432 1999 4487 Omnia

418 4544 533 4580 tum
563 4535 654 4580 tua
679 4535 820 4587 sunt,
842 4533 889 4578 et
922 4532 1013 4578 tua
1038 4538 1171 4589 mea,
1192 4523 1347 4579 cadet
1371 4531 1425 4579 et
1455 4525 1505 4579 in
1540 4525 1784 4590 Patrem,
1811 4535 1869 4581 ut
1894 4528 1997 4580 mi-

2103 2028 2216 2100 ζωὴ
2234 2028 2291 2082 δὲ
2315 2029 2516 2099 ὁμοίως
2542 2029 2634 2082 καὶ
2650 2028 2678 2081 6
2706 2027 2856 2093 Υίδς,
2886 2028 3006 2091 πῶς
3031 2028 3279 2082 ἐλάττων
3308 2017 3462 2082 αὑτοῦ
3484 2031 3619 2096 iatn;

2104 2121 2181 2175 Οὐ
2215 2121 2325 2190 γὰρ
2360 2120 2514 2174 ἔσται
2554 2119 2778 2184 τελείως
2831 2121 2891 2175 ὲν
2934 2122 3127 2192 ήμῐνή
3161 2119 3300 2190 ζωὴ,
3342 2121 3439 2175 κᾶν
3465 2123 3533 2185 είς
3552 2122 3623 2173 τὸν

2102 2212 2213 2268 ἔσω
2238 2212 2529 2286 ἄνθρωπον
2552 2215 2861 2285 κατοικήσῃ
2893 2216 2923 2267 6
2946 2214 3202 2283 Χριστός.
3234 2212 3435 2281 Νεκροί
3456 2213 3506 2266 δέ
3533 2230 3622 2278 πως

2105 2308 2247 2365 κατά
2282 2323 2336 2361 τι
2365 2307 2532 2377 μέρος
2565 2308 2615 2361 oi
2638 2307 3051 2371 πιστεύσαντες,
3102 2306 3268 2377 είπερ
3294 2305 3438 2359 ἐστὶν
3477 2305 3528 2359 οὒ
3559 2323 3625 2358 τε·

2105 2402 2265 2465 λείως
2288 2400 2403 2471 ζωὴ
2431 2401 2493 2455 τὸ
2542 2401 2766 2457 ἔλαττον
2794 2400 2936 2471 ἔχων
2972 2401 3002 2453 6
3039 2400 3189 2464 Υἱός.
3233 2398 3447 2470 Ἐπειδὴ
3475 2398 3523 2453 δὲ
3546 2399 3625 2470 χρὴ

2103 2496 2202 2564 τὴν
2236 2495 2295 2548 ὲν
2324 2493 2539 2558 τούτοις
2571 2491 2805 2548 ἀτοπίαν
2850 2493 2928 2556 ὡς
2981 2491 3328 2565 πορρωτάτω
3377 2491 3623 2553 ποιεῖσθαι,

2100 2584 2307 2639 τέλειον
2334 2578 2478 2637 εἷναί
2506 2598 2688 2651 φαμεν
2718 2581 2809 2635 τὸν
2851 2581 2981 2635 Υίὸν
3030 2581 3123 2634 τὸν
3152 2580 3233 2651 τῷ
3276 2580 3460 2652 τελείῳ
3488 2581 3627 2651 Πατρὶ

2103 2674 2510 2747 παρισούμενον
2540 2671 2631 2729 διὰ
2660 2673 2723 2727 τὸ
2754 2671 2859 2742 τῆς
2887 2670 3078 2735 οὐσίας
3114 2670 3544 2743 ἀπαράλλακτον.

2716 2764 2825 2820 Kal
2861 2763 3058 2820 τοῦτο.

2177 2864 2326 2917 Ἴσον
2386 2857 2580 2914 ἑαυτὸν
2608 2856 2972 2915 ιπιδιικνύων
3002 2854 3083 2928 τῷ
3111 2853 3237 2927 Θεῷ
3304 2856 3397 2909 καὶ
3464 2854 3626 2925 Πατρὶ,

2074 2954 2242 3027 ’φησί
2280 2968 2383 3008 που
2409 2950 2649 3021 Χριστὸς
2697 2948 2833 3019 πρὸς
2859 2950 2986 3014 τοὺς
3015 2950 3259 3013 οἰκείους
3292 2948 3541 3021 μαθητὰς,
3578 2947 3627 3001 ’θ

2101 3048 2374 3118 ἑωρακὼς
2406 3046 2512 3116 ἐμὲ
2538 3045 2761 3114 ἑώρακε
2788 3044 2897 3099 τὸν
2924 3040 3332 3112 Πατέρα.Εῐτα
3357 3041 3631 3106 πῶςόκατὰ

2104 3141 2269 3210 φύσιν
2289 3138 2553 3203 τοιοῦτος,
2593 3136 2737 3191 οὕτω
2774 3154 2835 3191 τε
2875 3136 3162 3209 ὑπάρχων,
3225 3136 3307 3201 ὡς
3336 3135 3490 3198 αὐτὸς
3517 3134 3625 3205 ἄλη·

2107 3232 2283 3287 θιύων
2330 3229 2756 3302 διισχυρίζεται,
2793 3227 2855 3282 τὸ
2883 3228 3108 3282 ἔλαττον
3139 3227 3257 3293 ἕξει
3302 3227 3441 3282 κατά
3464 3228 3550 3297 τήν
3573 3241 3632 3278 τι·

2103 3342 2210 3380 νων
2256 3322 2548 3389 ἀϐουλίανς
2603 3322 2665 3376 Ei
2696 3320 2805 3392 γὰρ
2843 3321 3107 3393 ὑπάρχων
3143 3318 3386 3375 ἐλάττων
3417 3320 3632 3389 ἐνιαυτῷ

2099 3406 2339 3473 δεικνύει
2367 3414 2457 3469 τὸν
2481 3412 2701 3484 Πατέρα
2723 3454 2738 3479 ,
2783 3412 3057 3483 μηδεμιᾶς
3091 3412 3501 3483 μεσολαϐούσης
3518 3428 3632 3479 παρ-

2101 3508 2365 3578 αλλαγῆς,
2392 3506 2485 3560 ἐπὶ
2516 3504 2608 3558 τὸν
2639 3504 2858 3574 Πατέρα
2880 3503 2942 3556 τὸ
2968 3501 3191 3557 ἔλαττον
3223 3500 3630 3574 ἀναϐήσεται,ὡς

2103 3604 2161 3654 ἐν
2184 3599 2578 3669 ἀμεταποιήτῳ
2614 3598 2942 3668 φαινόμενον
2988 3596 3157 3650 εικόνι
3204 3595 3291 3666 ’τῷ
3340 3594 3471 3666 Υίῷ.
3503 3594 3632 3649 Ἀλλά

2099 3692 2262 3748 τοῦτο
2286 3693 2511 3748 ἄτοπον.
2540 3688 2753 3745 Οὐκοῦν
2779 3692 2880 3744 οὐκ
2906 3689 3145 3744 ἐλάττων
3173 3691 3203 3745 6
3235 3690 3367 3755 Υιὸς
3386 3730 3399 3755 ,
3430 3691 3485 3744 ἐν
3507 3683 3629 3758 ᾧπερ

2102 3785 2491 3852 ἐξεικονίςεται
2514 3783 2723 3846 τέλειος
2755 3785 2784 3838 6
2810 3781 2999 3855 Πατὴρ
3027 3782 3123 3839 ὢν.

2716 3876 2827 3931 Kal
2852 3874 3054 3931 τοῦτο.

2171 3971 2280 4028 Καὶ
2307 3971 2423 4037 πῶς
2456 3968 2523 4025 ἂν
2551 3967 2612 4024 τδ
2645 3969 2887 4037 ἔλαττον,
2919 3968 2977 4024 ἂν
3020 3963 3221 4040 οἷσπέρ
3265 3970 3413 4023 ἐστιν
3433 3969 3459 4023 6
3479 3966 3634 4038 Πατὴρ

2100 4064 2176 4118 ὣν
2216 4066 2244 4118 6
2281 4063 2407 4126 Υἱὸς
2440 4060 2756 4133 ὲπιδέξηται
2779 4100 2799 4129 ,
2846 4060 3022 4130 λέγων
3053 4060 3435 4131 ἀνεγκλήτως,
3465 4060 3634 4114 Πάντα

2101 4156 2219 4210 ὅσα
2248 4157 2375 4226 ἔχει
2410 4157 2444 4210 ό
2478 4152 2683 4223 Πατὴρ
2719 4150 2833 4223 ἐμά
2864 4153 3033 4219 eam;
3083 4153 3179 4207 καὶ
3239 4152 3406 4208 πάλιν
3432 4152 3502 4217 ὡς
3526 4152 3635 4222 πρὸς

2099 4250 2189 4302 τὸν
2209 4249 2344 4301 Θεὸν
2372 4248 2467 4301 καὶ
2499 4246 2747 4317 Πατέρα,
2784 4245 2865 4299 ὅτι
2898 4247 3103 4300 Πάντα
3133 4243 3208 4301 τὰ
3250 4244 3367 4316 ἐμὰ
3396 4245 3475 4301 σά
3511 4245 3632 4307 ἐστι,

2101 4342 2199 4397 καὶ
2230 4340 2302 4394 τὰ
2326 4340 2407 4395 σὰ
2426 4339 2562 4409 ἐμά.
2597 4339 2660 4394 El
2682 4340 2792 4410 γὰρ
2816 4339 2989 4403 ὅντως
3016 4339 3135 4393 ἐστὶ
3165 4340 3315 4393 κατά
3366 4341 3461 4411 τήν
3505 4354 3632 4391 τινων

2099 4432 2357 4489 ἀδουλίαν
2385 4432 2622 4487 ἐλάττων
2652 4432 2680 4485 6
2715 4432 2865 4498 Υίὸς,
2912 4431 3213 4503 ἐπειδήπερ
3282 4432 3530 4504 ἀληθεύει
3563 4431 3628 4484 λέ-

2100 4542 2212 4594 γων
2248 4525 2384 4598 πρὸς
2408 4524 2497 4579 τὸν
2536 4522 2779 4594 Πατέρα,
2814 4524 2891 4579 Τὰ
2910 4522 3025 4594 ἐμὰ
3059 4527 3139 4591 σά
3169 4524 3328 4592 ἐστι,
3358 4523 3457 4579 καί
3488 4530 3551 4579 τὰ
3571 4521 3634 4578 σὰ

418 4634 521 4672 nor
549 4617 640 4681 sit,
693 4626 747 4672 et
785 4618 835 4670 in
890 4615 1109 4682 Filium,
1168 4626 1227 4669 ut
1267 4616 1461 4686 major,
1497 4632 1617 4671 cum
1657 4633 1835 4674 rerum
1866 4620 1951 4675 ore

2106 4619 2239 4684 ἐμὰ,
2278 4620 2522 4690 χωρήσει
2554 4620 2648 4671 καὶ
2672 4619 2767 4672 ἐπὶ
2797 4617 2889 4672 τὸν
2937 4618 3158 4690 Πατέρα
3192 4620 3255 4671 τὸ
3286 4620 3520 4682 ἔλαττον,
3561 4619 3630 4671 καὶ

417 4712 663 4765 diversus
696 4725 803 4763 non
833 4710 922 4774 sit,
959 4721 1016 4763 et
1049 4709 1100 4761 in
1133 4716 1364 4776 utroque
1397 4724 1459 4762 ea
1506 4720 1822 4775 cernantur,
1878 4728 1998 4781 qua:

415 4800 641 4853 alterius
681 4806 831 4860 sunt,
864 4806 919 4851 et
963 4800 1105 4865 quod
1141 4797 1316 4852 Patris
1345 4807 1451 4864 est,
1484 4797 1535 4853 id
1562 4800 1725 4853 etiam
1753 4798 1874 4853 Filii
1906 4800 1999 4865 sit,

415 4898 711 4942 ctcuntra.
760 4885 903 4940 Nihil
959 4887 1121 4956 igitur
1172 4886 1480 4955 prohibebit
1514 4899 1566 4942 et
1600 4888 1810 4942 Patrem
1865 4888 2002 4944 Filio

416 4977 681 5031 minorem
714 4978 914 5042 dicere,
966 4987 1019 5030 et
1073 4976 1233 5032 Patre
1274 4980 1533 5047 majorem
1595 4977 1813 5033 Filium.
1870 4980 2001 5047 Qua“:

415 5070 631 5137 quidem
658 5084 778 5122 cum
812 5069 893 5123 vel
924 5069 1162 5137 cogitare
1193 5070 1265 5122 sit
1303 5069 1779 5136 absurdissimum,
1816 5072 2000 5141 sequi-

417 5171 503 5216 tur
530 5168 586 5216 ut
612 5161 837 5231 aequalis
867 5160 1014 5214 Patri
1048 5162 1119 5214 sit
1152 5160 1341 5225 Filius,
1378 5162 1469 5228 qui
1513 5177 1701 5217 omnes
1738 5179 1857 5217 cum
1886 5162 1992 5218 Pa-

417 5266 499 5310 tre
524 5268 843 5310 communes
878 5253 1041 5307 habet
1060 5254 1310 5307 essentiae
1329 5252 1642 5320 dignitates.

2105 4711 2164 4763 τὺ
2194 4710 2379 4779 μεῖζον
2424 4710 2624 4781 ὁμοίως
2673 4709 2764 4762 ἐπὶ
2813 4708 2907 4762 τὸν
2947 4708 3096 4773 Υίὸν,
3129 4709 3527 4780 ἀδιαφοροὺσης
3558 4710 3634 4775 τῆς

2098 4798 2207 4851 τῶν
2237 4800 2579 4869 πραγμάτων
2613 4796 2839 4865 τάξεως,
2876 4798 3038 4870 εἴπερ
3067 4801 3124 4852 ὲν
3171 4799 3426 4871 ἐκατέρῳ
3447 4801 3509 4853 τὰ
3531 4800 3636 4851 ἐκα-

2100 4893 2244 4960 τέρῳ
2280 4893 2551 4961 προσόντα
2586 4889 2862 4959 φαίνεται,
2916 4892 3009 4944 λαὶ
3032 4892 3170 4962 ὅπερ
3208 4891 3276 4945 ἂν
3307 4896 3396 4958 είη
3431 4889 3517 4943 τοῦ
3544 4890 3631 4942 Πα-

2099 4984 2248 5054 τρὸς,
2285 4982 2445 5034 τοῦτό
2481 4982 2599 5033 ἐστι
2654 4980 2748 5035 καὶ
2806 4981 2899 5033 τοῦ
2937 4980 3080 5045 Υίοῦ,
3112 4982 3204 5034 καὶ
3235 4982 3399 5036 πάλιν
3434 4983 3557 5048 ὅπερ
3585 4977 3634 5029 ἂν

2099 5076 2349 5144 ὑπάρχον
2382 5072 2479 5128 τοῦ
2535 5073 2666 5126 Υίοῦ
2703 5074 2836 5128 ῖδιον
2891 5074 3175 5145 φαίνηται,
3227 5075 3385 5128 τοῦτό
3425 5078 3529 5125 ἐστι
3558 5069 3633 5122 ni

2099 5166 2195 5220 τοῦ
2232 5165 2648 5237 Πατρός.οὐδὲν
2674 5166 2765 5219 οὖν
2794 5166 3031 5220 κωλύσει
3070 5166 3252 5237 λέγειν
3278 5168 3533 5221 ἐλάττονα
3557 5161 3631 5214 τοῦ

2101 5254 2233 5308 Υίοῦ
2270 5254 2361 5307 τὸν
2380 5254 2621 5322 Πατέρα,
2653 5255 2749 5307 καὶ
2783 5252 3004 5325 μείζονα
3031 5256 3125 5308 τοῦ
3164 5257 3378 5326 Πατρὸς
3402 5256 3488 5308 τὸν
3510 5253 3631 5305 Υίόν.

427 5349 568 5405 Ἀλλ’
596 5350 711 5401 ἔστι
744 5346 856 5400 τῶν
924 5345 1295 5399 ἀτοπωτάτων
1348 5347 1443 5398 καὶ
1499 5346 1659 5415 μόνον
1697 5348 1898 5404 ἐννοεῖν
1936 5367 1990 5404 τι
2047 5348 2309 5404 τοιοῦτον.
2347 5348 2492 5411 Ἰσος
2542 5349 2671 5418 ἀρα,
2706 5348 2800 5402 καὶ
2852 5349 2952 5401 οὐκ
2998 5349 3238 5405 ἐλάττων
3265 5354 3295 5406 6
3334 5357 3486 5407 κοινά
3525 5349 3631 5420 πρὸς

412 5443 503 5499 τὸν
532 5443 756 5514 Πατέρα
787 5442 854 5497 τὰ
881 5442 981 5510 τῆς
1015 5438 1198 5500 οὐσίας
1233 5437 1372 5507 ἔχων
1398 5438 1873 5512 πλεονεκτήματα.

967 5530 1217 5599 Ejusdem
1247 5540 1294 5584 et
1317 5532 1452 5585 lucc.

482 5630 725 5698 Quodam
750 5632 866 5683 loco
889 5628 1167 5692 Servatur,
1195 5626 1333 5681 sicut
1369 5627 1486 5696 ipse
1513 5625 1563 5680 in
1593 5627 1751 5683 Patrc
1780 5639 1887 5697 est,
1911 5631 1992 5685 sic

412 5721 627 5777 Patrem
673 5720 729 5774 in
764 5734 822 5774 se
851 5733 974 5773 esse
1008 5716 1161 5771 dicit.
1198 5715 1353 5772 Nullo
1412 5726 1592 5771 autem
1652 5730 1812 5788 pacto
1843 5723 1990 5791 cogi-

2714 5532 2827 5588 Καὶ
2865 5534 3064 5591 τοῦτο.

2171 5626 2326 5680 Οὕτω
2355 5628 2457 5681 πού
2522 5644 2686 5697 φησιν
2720 5630 2748 5681 6
2770 5628 3000 5700 Σωτὴρ,
3042 5627 3116 5692 ὡς
3155 5629 3238 5701 εἴη
3268 5630 3375 5701 μὲν
3408 5631 3555 5692 αὐτὸς
3584 5629 3629 5681 ἐν

2100 5720 2299 5791 Πατρὶ,
2330 5722 2422 5773 καὶ
2450 5723 2476 5775 6
2504 5722 2695 5792 Πατὴρ
2725 5720 2779 5775 δὲ
2815 5723 3020 5794 ὁμοίως
3050 5723 3107 5778 ὲν
3129 5723 3302 5795 αὐτῷ.
3351 5723 3488 5777 Ἀλλ’
3536 5724 3630 5776 ἐστι

486 5860 504 5892 ¹
538 5858 729 5915 Matth.
768 5873 878 5924 ινι,
913 5855 1015 5913 27..
1081 5856 1101 5885 ²
1128 5853 1283 5909 Joan.
1310 5869 1353 5916 t,
1509 5855 1703 5915 ’Joan.
1733 5872 1840 5926 xw,
1864 5858 1918 5914 9.
1987 5858 2180 5913 ‘Joan.
2209 5856 2445 5928 xvu,l0.
