3920 6568
494 414 587 475 6Ἷ

1750 413 2132 475 EU'l'llYMll
2170 415 2527 474 ΖΠΗΒΕΝΙ

3627 425 3715 488 6'2

497 540 664 605 posita
698 538 913 593 deitatis
943 548 1133 593 natura
1175 555 1451 609 nunquam
1502 543 1553 595 in
1589 543 1913 602 dualitatem
1971 551 2064 606 Pa-

2201 549 2325 600 ὶόκει
2354 546 2679 618 προκεῖσθαι
2711 546 2965 618 διαφορὰ,
2995 547 3058 601 οὑ
3086 547 3223 601 κατὰ
3250 547 3349 619 τὴν
3370 546 3551 603 οὑσίαν
3574 557 3717 622 φημὶ,

498 634 591 682 tris
621 641 674 682 et
728 628 844 682 Filii
870 638 1014 683 secta
1041 629 1251 696 fuisset,
1295 632 1394 685 nisi
1425 635 1570 701 prius
1604 636 1781 705 aliqua
1817 641 2068 697 diﬁc-ren-

499 725 565 772 tia
603 722 766 773 fuisse
805 722 918 773 visa
959 730 1125 787 esset,
1162 738 1266 776 non
1298 727 1588 779 Set'tmtltttlt
1628 732 1939 797 essentiam,
1974 739 2068 790 sed

499 811 835 863 rut-iusecus
862 810 1159 875 intellecta,
1197 828 1479 882 perquam
1515 819 1798 889 utriusque
1840 838 2067 888 persona

500 903 773 955 inducitur
795 904 1057 969 peculiari
1084 906 1301 973 quidem
1338 909 1609 978 hypostasi
1671 922 1947 981 constans,
1977 918 2071 971 Sed

500 996 551 1047 iu
579 995 839 1049 unitatem
884 995 1187 1050 divinitatis
1229 1014 1323 1066 per
1377 1002 1679 1055 naturalem
1732 1005 2070 1061 identitatem

500 1087 820 1150 constricta;
854 1102 921 1138 ne
946 1086 1122 1154 aliqtta
1153 1090 1396 1143 eoufusio
1450 1092 1540 1145 ﬁat
1597 1092 1774 1150 Patris
1833 1106 1888 1150 et
1927 1097 2072 1166 Filii,

502 1190 857 1232 concurrente
891 1179 942 1231 in
973 1180 1141 1233 solam
1164 1182 1424 1245 unitatem
1451 1185 1752 1252 hypostasi,
1776 1202 1897 1242 cum
1924 1205 2064 1260 mag-

505 1286 570 1320 na
603 1271 891 1336 quminter
945 1286 1039 1325 eos
1086 1273 1375 1337 intercedit
1425 1278 1722 1333 similitudo
1760 1281 2073 1336 dualitatcm

507 1375 766 1425 apparere
796 1378 896 1413 non
928 1363 1113 1415 sinat:
1155 1367 1287 1417 adeo
1339 1376 1396 1420 ut
1451 1370 1575 1423 hinc
1629 1372 1875 1426 nonnulli
1929 1374 2075 1428 inter

510 1451 720 1504 Patrem
749 1464 802 1504 ct
834 1452 1025 1506 Filium
1063 1456 1260 1509 tmllam
1285 1459 1471 1525 plane
1505 1460 1820 1517 tlualitatem
1880 1468 2081 1520 consti-

512 1543 730 1593 tut-rint.
746 1541 875 1597 Cum
909 1559 1036 1597 vero
1058 1558 1335 1613 Oportcret
1360 1558 1415 1600 et
1432 1562 1783 1618 generantem
1806 1563 2076 1618 naturam,

510 1646 561 1687 et
592 1650 710 1687 eam
738 1651 857 1703 quae
886 1652 950 1689 ex
970 1651 1029 1690 ea
1068 1639 1245 1707 genita
1273 1649 1356 1693 est
1384 1658 1730 1710 cognoscere,
1753 1660 1905 1699 saera
1936 1644 2085 1699 Scri-

515 1738 670 1795 ptura
733 1727 908 1782 Patris
946 1740 999 1782 et
1028 1728 1144 1781 Filii
1180 1732 1396 1785 nomina
1462 1735 1759 1802 constituit,
1793 1748 1851 1791 ut
1903 1738 2082 1793 lumen

513 1835 576 1872 ex
617 1819 817 1873 lumine
863 1820 1275 1891 intelligeretur,
1300 1824 1515 1891 utrique
1546 1828 1820 1894 prapriam
1845 1843 1998 1883 suam
2018 1844 2084 1886 ac

516 1911 839 1979 peculiarem
877 1913 1208 1983 hypostasim
1261 1915 1523 1981 tribuens,
1563 1927 1774 1973 servata
1819 1928 1996 1974 tamen
2031 1922 2083 1975 itt

517 2013 745 2070 utroque
777 2013 985 2056 natura:
1011 2004 1315 2057 idcutitate.
1357 2005 1566 2061 Noslrm
1619 2023 1746 2063 vero
1787 2020 2085 2068 consuetu-

517 2093 625 2145 tlini
651 2109 770 2148 sese
799 2099 1232 2163 accommodans,
1267 2096 1409 2149 Patri
1438 2099 1537 2152 hoc
1570 2099 1752 2154 tribuit
1802 2110 1863 2156 ιιι
1915 2102 2088 2172 major

515 2185 621 2238 sit:
651 2196 708 2237 ut
737 2185 991 2239 nimirum
1048 2189 1404 2257 undequaque
1461 2191 1690 2243 tlualitas
1733 2206 2086 2259 personarum

515 2264 786 2346 gignentis
816 2291 862 2332 et
889 2281 1082 2347 genita:
1118 2282 1470 2350 sigttilieetur;
1504 2283 1690 2336 tribuit
1713 2298 1895 2338 autem
1919 2303 2092 2353 acqua-

518 2372 747 2435 litatetu,
777 2386 842 2425 Ite
872 2373 1049 2441 aliqua
1084 2374 1257 2428 Patris
1290 2391 1317 2426 ιι
1360 2374 1495 2429 Filio
1521 2377 1767 2429 essentim
1818 2368 2093 2429 dissimili-

522 2463 1017 2532 ttnlointelligatur.
1054 2463 1299 2534 IEqualis
1344 2467 1524 2534 itaque
1580 2468 1830 2522 essetttiae
1885 2468 2095 2523 ratione

519 2552 790 2607 cxsistens
817 2571 938 2607 cum
1004 2553 1163 2609 Patre
1214 2555 1403 2619 Filius,
1438 2558 1735 2626 similisque
1768 2574 1861 2625 per
1886 2559 2092 2622 omnia,

2184 640 2295 693 ἀλλ’
2327 640 2526 705 ἔξωθεν
2556 640 2937 710 ὲπινοουμένη,
2979 640 3047 692 δι’
3090 634 3158 710 ἧς
3194 640 3255 693 τὸ
3282 640 3540 710 ἑκατέρου
3575 646 3719 712 πρόσ-

2185 749 2333 786 ωπον
2364 732 2681 802 εἰσφέρεται
2714 732 2774 783 ὲν
2813 729 3089 802 ίδιαζοὺση
3116 730 3215 801 μὲν
3238 732 3530 784 ὑποστάσει
3559 734 3723 802 traini-

2184 840 2296 887 vov,
2327 826 2407 888 είς
2435 825 2663 895 ἑνότητα
2687 823 2745 876 δὲ
2776 823 3031 892 θεότητος
3061 822 3148 875 διὰ
3175 823 3497 891 ταυτότητος
3518 825 3723 892 φυσικῆς

2187 918 2589 989 σφιγγόμενον,
2608 916 2697 970 ἶνα
2732 917 2807 986 μή
2833 932 2916 977 τις
2943 914 3204 983 ἀνάχυσις
3230 914 3327 966 καὶ
3357 915 3516 965 οἱονεὶ
3543 916 3724 985 φυρμὸς

2187 1011 2410 1081 γένηται
2434 1008 2647 1077 Πατρός
2669 1007 2761 1059 καὶ
2789 1004 2943 1066 Υίοῦ,
2968 1005 3048 1067 είς
3080 1004 3245 1074 μόνην
3276 1003 3437 1056 ἐνὰδα
3460 1004 3727 1075 τρεχούσης

2186 1102 2286 1171 τῆς
2318 1101 2705 1165 ὑποστάσεως,
2753 1099 2853 1168 τῆς
2888 1096 3088 1166 πολλῆς
3138 1095 3259 1148 λίαν
3309 1095 3614 1167 ὁμοιότητος
3645 1097 3727 1149 οὐκ

2189 1192 2365 1263 ἐώσης
2410 1189 2699 1260 φαίνεσθαι
2743 1188 2942 1242 δυάδα·
2987 1188 3061 1251 ὡς
3110 1186 3367 1240 ἐντεῦθεν
3408 1186 3508 1256 ἤδη
3542 1188 3626 1238 καὶ
3654 1188 3728 1239 τὸν

2188 1284 2348 1336 αὑτὸν
2382 1281 2602 1351 Πατέρα
2646 1279 2740 1334 καὶ
2774 1279 2901 1334 Υίὸν
2934 1276 3281 1331 ὑπονοεῖσθαι
3328 1278 3481 1347 παρά
3513 1294 3640 1330 τισιν
3664 1280 3729 1340 εἰς

2190 1377 2357 1431 δυάδα
2410 1374 2718 1446 μηδαμόθεν
2761 1372 3183 1445 χωριζομένους.
3226 1371 3446 1439 Ἐπειδὴ
3495 1370 3546 1423 δὲ
3590 1373 3729 1441 ἐχρῆν

2191 1466 2389 1519 εἰδέναι
2427 1464 2520 1516 καὶ
2552 1463 2651 1533 τὴν
2677 1463 3017 1533 γεννήσασαν
3043 1458 3209 1528 φύσιν
3241 1460 3338 1511 καὶ
3369 1457 3469 1529 τὴν
3489 1460 3732 1530 γεννηθείο

2195 1573 2294 1610 σαν
2318 1555 2379 1621 ὲξ
2407 1555 2596 1623 αὐτῆς,
2624 1552 2868 1606 τέθεικεν
2900 1554 2934 1623 ἡ
2964 1550 3083 1603 θεία
3112 1549 3307 1621 Γραφὴ
3343 1548 3405 1602 τὸ
3435 1549 3527 1602 τοῦ
3550 1550 3732 1620 Πατρός

2194 1649 2365 1716 ὄνομα
2402 1646 2497 1699 καὶ
2521 1644 2585 1697 τὸ
2614 1643 2708 1697 τοῦ
2751 1641 2903 1707 Υίοῢ,
2949 1641 3035 1694 ἵνα
3065 1640 3181 1709 φῶς
3227 1642 3294 1693 ὲκ
3329 1642 3502 1710 φωτὸς
3538 1640 3728 1710 νοῆται,

2195 1742 2289 1794 καὶ
2326 1739 2586 1808 ἑκάτερον
2613 1737 2672 1788 ὲν
2706 1735 2813 1806 ἰδίᾳ
2849 1733 3148 1788 ὑποστάσει
3192 1732 3508 1802 σωζομένης
3537 1732 3615 1785 ἐπ’
3647 1732 3730 1801 ἀμ-

2195 1835 2317 1903 φοῖν
2354 1831 2455 1901 τῆς
2488 1827 2816 1898 ταυτότητος
2843 1826 2977 1898 πρὸς
3010 1826 3100 1879 τὸν
3125 1826 3337 1894 ἕτερον.
3377 1823 3731 1877 ’Δκολουθοῡσα

2194 1926 2251 1978 δὲ
2287 1922 2448 1976 πάλιν
2475 1923 2543 1990 τῇ
2572 1920 2694 1974 καθ’
2726 1921 2873 1991 ἡμᾶς
2920 1917 3213 1988 συνηθείᾳ,
3256 1916 3321 1969 τὸ
3371 1916 3586 1987 μείζονα
3615 1916 3723 1968 ἀπο-

2195 2014 2378 2068 δίδωσι
2408 2010 2485 2082 τῷ
2531 2010 2729 2081 Πατρὶ,
2767 2010 2854 2061 ἵνα
2884 2005 3221 2076 πανταχόθεν
3266 2007 3301 2075 ἡ
3337 2004 3466 2067 δυὰς
3491 2004 3579 2057 καὶ
3602 2003 3657 2057 τὸ
3683 2003 3730 2067 ἐξ

2196 2100 2258 2159 οὑ
2289 2103 2622 2174 σημαίνηται
2645 2116 2657 2129 ·
2690 2101 3101 2170 προσμαρτυρεῖ
3123 2097 3181 2150 δὲ
3201 2097 3263 2150 τὸ
3293 2097 3427 2161 ἴσον,
3458 2096 3540 2148 ἵνα
3572 2096 3637 2163 μή
3661 2109 3728 2155 τις

2200 2197 2327 2267 περὶ
2355 2194 2453 2264 τὴν
2475 2193 2665 2247 οὑσίαν
2690 2190 3017 2261 ἀνομοιότης
3040 2192 3229 2259 νοῆται
3249 2186 3464 2257 Πατρὸς
3493 2185 3581 2238 καὶ
3605 2181 3729 2235 Υίοῦ.

2203 2289 2344 2350 Ἴσος
2371 2284 2655 2355 τοιγαροῦν
2683 2283 2825 2337 κατὰ
2855 2283 2946 2335 τὸν
2977 2282 3074 2352 τῆς
3100 2280 3291 2342 οὐσίας
3325 2278 3480 2346 λόγον
3509 2276 3730 2345 ὑπάρχων

2198 2382 2228 2432 6
2263 2379 2385 2441 Υἱὸς
2418 2376 2493 2447 τῷ
2522 2376 2697 2447 Πατρὶ
2749 2376 2844 2427 καὶ
2891 2374 3073 2444 ὅμοιος
3115 2372 3261 2425 κατά
3303 2371 3502 2431 πάντα,
3549 2367 3733 2438 μείζονα

2203 2470 2364 2523 αὐτόν
2396 2485 2559 2539 φησιν
2609 2468 2682 2531 ὠς
2726 2466 2978 2536 ἄναρχον,
3020 2465 3159 2533 ἔχων
3201 2463 3379 2534 ἀρχὴν
3424 2460 3557 2515 κατά
3602 2458 3734 2528 μόνον

2200 2561 2260 2612 τὸ
2289 2561 2347 2625 ἐξ
2377 2555 2460 2621 οὗ,
2509 2561 2556 2612 εἰ
2587 2559 2677 2611 καὶ
2716 2558 3012 2628 σύνδρομον
3046 2555 3195 2626 αὑτῷ
3227 2555 3326 2626 τὴν
3362 2550 3583 2621 ὓπαρξιν
3627 2549 3719 2619 ἔχει

528 2638 788 2703 majorem
849 2643 1002 2699 illum
1061 2655 1239 2711 vocat,
1284 2654 1541 2715 tanquam
1585 2646 1850 2716 principio
1898 2655 2196 2709 carentem,
2253 2643 2366 2709 ipse
2408 2643 2733 2713 principium
2794 2644 2998 2697 habens
3034 2659 3097 2697 ca
3145 2648 3361 2695 tantum
3402 2639 3598 2693 ratione
3626 2627 3739 2705 quod

524 2747 587 2785 ex
623 2733 780 2790 Patre
808 2747 912 2805 est,
953 2743 1163 2796 tametsi
1186 2742 1523 2797 exsistentia:
1547 2745 1760 2798 ratione
1801 2758 1923 2798 cum
1955 2756 2021 2796 eo
2056 2742 2366 2797 conveniat.

1048 2830 1300 2904 Easdem
1355 2842 1404 2888 et
1436 2835 1570 2890 Itarc.

589 2914 720 2980 Quae,
757 2917 1001 2986 ejusdem
1039 2921 1358 2977 substantia:
1405 2934 1533 2979 sunt
1577 2933 1631 2979 et
1662 2934 1891 2989 naturae,
1925 2924 2096 2992 magis

520 3006 684 3060 etiam
718 3011 932 3077 praprie
966 3010 1109 3065 inter
1133 3027 1193 3066 se
1219 3012 1458 3067 conferri
1503 3025 1769 3083 possunt:
1808 3030 1932 3084 qua:
1969 3030 2097 3069 vero

521 3101 593 3155 ita
632 3117 753 3156 sese
783 3120 886 3158 non
926 3107 1145 3171 habent,
1166 3108 1259 3161 sed
1288 3108 1511 3162 riversaz
1538 3119 1741 3162 naturze
1761 3120 1908 3173 sunt,
1936 3108 2098 3179 atque

2803 2833 2917 2889 Kal
2978 2834 3177 2889 τοῦτο.

2277 2927 2360 2981 Τά
2406 2926 2501 2995 τῆς
2539 2927 2711 2995 αὑνῆς
2751 2927 2941 2991 οὐσίας
2978 2927 3107 2980 ὄντα
3160 2926 3259 2979 καὶ
3310 2925 3521 2993 φύσεως
3558 2921 3642 2975 καὶ
3664 2917 3741 2986 τὴν

2205 3019 2343 3091 πρὸς
2379 3020 2584 3087 ἄλληλα
2618 3019 2910 3090 σύγκρισιν
2943 3017 3299 3089 κυριωτέραν
3336 3014 3659 3084 ἐπιδέχεται·
3687 3011 3740 3064 τὶ

2202 3112 2259 3166 δὲ
2296 3112 2369 3182 μὴ
2399 3111 2573 3176 οὑτως
2598 3111 2813 3183 ἔχοντα.
2833 3113 3104 3183 ἑτεροφυῆ
3133 3111 3191 3165 δὲ
3216 3112 3375 3177 ὄντα,
3403 3111 3497 3164 καὶ
3516 3108 3595 3162 διὰ
3617 3107 3741 3159 τοῦτο

519 3206 584 3244 ea
612 3193 677 3245 de
701 3208 864 3248 causa
891 3196 1209 3253 diversitate
1248 3200 1480 3268 quadam
1519 3201 1659 3255 inter
1707 3217 1764 3255 se
1815 3201 2093 3265 distincta,

2205 3204 2516 3275 τεμνόμενα
2566 3206 2704 3273 πρός
2759 3204 3190 3275 ἀλλοτριότητα,
3252 3204 3356 3257 οὑκ
3417 3202 3484 3258 ἂν
3533 3198 3740 3268 ἀλλήλοις

520 3287 828 3353 comparari
872 3287 977 3341 sibi
1013 3288 1247 3344 invicem
1289 3308 1392 3346 non
1441 3303 1687 3361 possunt.
1726 3291 1908 3363 Neque
1952 3294 2096 3347 enim

520 3378 808 3445 quisquam
836 3379 941 3433 nisi
967 3381 1155 3449 jndicii
1193 3383 1371 3453 iunps,
1397 3385 1631 3439 hominis
1653 3397 1895 3439 natttram
1923 3386 2099 3456 inqui-

521 3484 648 3523 rens
678 3470 845 3532 dicat.
881 3473 1068 3527 bovem
1108 3474 1332 3531 homine
1363 3478 1619 3548 majorem
1650 3494 1790 3545 esse,
1820 3488 1913 3533 aut
1939 3479 2101 3533 vicis-

521 3562 623 3615 sim
655 3560 807 3617 bovis
832 3574 1080 3619 naturam
1110 3583 1273 3623 nosse
1308 3570 1516 3639 volens,
1549 3570 1693 3624 dicat
1719 3570 1995 3627 hominem
2033 3586 2098 3626 eo

521 3654 783 3722 majorem
818 3673 957 3714 esse.
991 3658 1123 3726 Qum
1152 3662 1297 3716 enim
1327 3663 1569 3733 ejusdem
1611 3675 1818 3719 naturae
1869 3680 1931 3719 ac
1977 3679 2101 3733 spe-

520 3747 621 3800 ciei
656 3757 800 3811 sunt,
825 3760 881 3803 ut
913 3751 1116 3805 dictum
1151 3762 1255 3813 est.
1281 3769 1343 3808 ea
1386 3755 1667 3811 commode
1697 3766 1930 3825 apteque
1956 3755 2101 3810 inter

522 3852 581 3893 se
617 3838 995 3896 conferuntur.
1034 3842 1087 3897 Si
1129 3845 1311 3913 itaque
1345 3845 1615 3911 conl‘etur,
1647 3846 1947 3902 secondum
1982 3862 2096 3915 vos,

522 3928 691 3985 Filius
719 3945 841 3985 cum
886 3932 1068 4000 Patre,
1099 3938 1308 3991 ratione
1340 3937 1560 4007 majoris
1590 3947 1643 3993 et
1687 3938 1933 4005 minoris,
1970 3954 2103 3993 cou-

524 4022 898 4078 substantialis
925 4033 1076 4081 certe
1106 4043 1281 4097 neque
1311 4028 1560 4084 diversus
1589 4029 1657 4084 ab
1694 4044 1759 4083 eo
1798 4030 1925 4084 erit.
1954 4028 2100 4084 Con-

524 4114 858 4169 subtautiale
900 4130 1082 4171 autem
1120 4134 1230 4173 non
1266 4128 1444 4188 potest
1480 4121 1936 4176 eonsubstantiali
1986 4137 2108 4175 ma-

522 4204 615 4273 jus
646 4214 739 4258 ant
771 4206 952 4262 minus
984 4223 1104 4262 esse
1138 4211 1347 4265 ratione
1372 4212 1692 4268 substantia:
1719 4230 1734 4267 :
1760 4228 1937 4282 neque
1961 4213 2105 4267 enim

529 4300 689 4350 homo
716 4300 935 4354 homine
961 4301 1134 4371 major
1162 4317 1264 4367 est,
1294 4315 1565 4373 quatenus
1591 4306 1750 4360 homo
1772 4314 1874 4360 est.
1898 4305 2109 4376 Equa-

527 4390 595 4443 lis
628 4390 791 4461 igitur
837 4402 921 4446 est
959 4402 1015 4447 et
1059 4396 1536 4452 consubstantialis
1572 4395 1721 4452 Patri
1771 4398 1976 4466 Filius;
2017 4414 2109 4452 ra-

531 4484 676 4536 tione
710 4498 839 4537 vero
872 4484 1269 4540 incarnationis
1297 4487 1571 4540 credimus
1599 4486 1814 4542 Patrem
1847 4488 2109 4559 majorem

529 4589 559 4627 a
584 4572 719 4629 Filio
743 4588 1017 4632 vocatum.
1042 4578 1270 4643 Quando
1284 4580 1430 4634 enim
1457 4581 1851 4635 humanitatem
1870 4595 2113 4649 asstunp-
2142 4609 2184 4662 Β

529 4669 621 4733 sit,
648 4669 757 4723 tt'tm
785 4670 928 4724 ctian
965 4681 1022 4723 ut
1048 4670 1210 4726 homo
1242 4673 1342 4727 hoe
1366 4675 1523 4728 dixit.

813 4781 892 4835 Ex
922 4783 1090 4851 primo
1126 4781 1381 4837 Thesauri
1409 4785 1543 4840 libro
1596 4802 1713 4857 cap.
1755 4787 1809 4843 9.

603 4936 753 5001 Quod
785 4952 845 4990 ex
873 4952 1039 4991 causa
1059 4937 1240 5006 aliqua
1259 4947 1364 5003 est,
1396 4937 1479 4992 vel
1502 4941 1747 5009 genitum
1769 4950 1873 5009 est,
1905 4941 2108 5013 inqmt,

533 5028 905 5083 necessarium
952 5035 1036 5082 est
1067 5037 1127 5083 ut
1161 5030 1233 5085 sit
1288 5030 1593 5086 secundum
1628 5032 1695 5087 ab
1726 5032 1819 5087 illo
1868 5037 2013 5105 quod
2059 5039 2107 5091 ei

532 5136 701 5176 causa
730 5120 1075 5175 exsistentize
1107 5119 1230 5176 luit.
1263 5121 1553 5179 Secundus
1585 5124 1766 5195 itaque
1799 5127 1905 5181 erit
1936 5126 2110 5185 Filius

533 5231 563 5268 a
593 5213 773 5280 Patre,
800 5212 1006 5282 quippe
1030 5212 1123 5283 qtti
1148 5211 1365 5269 Patrem
1394 5224 1453 5269 ut
1479 5230 1701 5272 causam
1727 5216 1890 5273 habet
1911 5238 1926 5274 :
1947 5229 2112 5290 atque

533 5306 744 5360 idcirco
791 5320 860 5359 ne
891 5305 1386 5362 consubstantialis
1417 5308 1637 5377 quidem
1677 5309 1726 5363 ei
1768 5310 1892 5365 erit.
1929 5313 2038 5367 Aut
2063 5312 2109 5369 si

532 5398 655 5469 quis
691 5396 1091 5452 contentiosius
1138 5408 1347 5469 urgeat,
1404 5399 1928 5455 consubstantialem
1984 5420 2107 5459 enm

532 5504 657 5544 esse
686 5490 896 5553 dicens,
932 5505 1036 5544 una
1068 5501 1216 5545 certe
1241 5490 1421 5546 deitas
1473 5494 1772 5548 sectionem
1806 5494 2109 5551 admittens

533 5582 588 5636 in
622 5582 941 5636 dualitatem
977 5581 1149 5637 divisa
1204 5583 1308 5638 erit
1338 5601 1351 5638 :
1392 5599 1567 5653 neque
1596 5585 1741 5640 enim
1773 5585 1935 5642 aliter
1974 5602 2111 5641 con-

534 5673 910 5728 substantialis
940 5689 1062 5729 esse
1094 5682 1290 5745 potest.

611 5766 988 5820 Delmccltatttr
1038 5783 1255 5823 rursum
1304 5767 1508 5826 Christi
1558 5772 1755 5840 hostis,
1789 5780 2108 5844 temereque

536 5856 799 5916 adversus
830 5858 1070 5915 divinam
1119 5863 1412 5921 essentiam
1447 5865 1696 5922 blaterat.
1728 5864 1914 5923 Secari
1958 5867 2104 5924 enim

2207 3299 2556 3367 συγκρίνοιτο
2578 3315 2592 3330 ο
2634 3296 2960 3351 ἀπαιδευσία
3006 3296 3115 3368 γὰρ
3156 3295 3318 3350 τοῦτό
3350 3312 3433 3365 γε.
3464 3294 3535 3349 Οὑ
3577 3291 3668 3359 γὰρ
3690 3288 3739 3342 ἄν

2204 3407 2289 3453 τις
2317 3390 2463 3443 εἴποι
2487 3389 2611 3443 νοῦν
2634 3390 2798 3461 ἔχων,
2829 3388 3055 3459 μείζονα
3078 3386 3171 3441 τοῦ
3208 3388 3497 3460 ἀνθρώπου
3519 3385 3599 3439 τὸν
3621 3378 3736 3453 βοῦν.

2203 3481 2302 3550 τὴν
2337 3482 2626 3552 ἀνθρώπου
2657 3482 2818 3551 φύσιν
2856 3482 3113 3552 ὲρευνῶψ
3138 3480 3255 3534 οὐδ’
3277 3479 3345 3534 αὑ
3374 3480 3529 3534 πάλιν
3558 3476 3641 3545 τὴν
3664 3469 3735 3524 τοῦ

2208 3572 2329 3643 Bo";
2359 3572 2625 3643 ἐκμαθεῖν
2664 3564 2929 3643 βούλοιτο,
2970 3572 3195 3643 μείζονα
3222 3573 3419 3626 τούτου
3444 3569 3530 3623 τὸν
3567 3566 3737 3633 ἀνθρω·

2207 3686 2306 3722 πον
2339 3668 2507 3736 λέγοι.
2533 3667 2616 3721 Τὰ
2644 3667 2750 3738 γὰρ
2787 3669 3004 3739 ὁμοτρυῆ
3035 3684 3096 3720 τε
3133 3666 3230 3720 καὶ
3265 3663 3508 3736 ὁμοειδῆ,
3529 3658 3736 3722 καθάπερ

2209 3760 2444 3831 εἴρηται,
2474 3757 2573 3828 τὴν
2605 3758 2742 3830 πρὸς
2787 3758 2991 3828 ἄλληλα
3048 3758 3346 3827 σύγκρισιν
3394 3749 3660 3809 ἀκόλουθόν
3694 3760 3737 3798 τε

2208 3851 2304 3903 καὶ
2352 3850 2670 3921 πρέπουσαν
2708 3849 2841 3920 ἔχει.
2888 3851 2951 3903 Ei
2993 3850 3176 3903 τοίνυν
3229 3848 3597 3919 συγκρίνεται,
3643 3834 3739 3890 καθ’

2209 3944 2375 4012 ὑμᾶς,
2408 3946 2434 3995 6
2469 3943 2597 4006 Υιὸς
2625 3943 2704 4013 τῷ
2742 3944 2926 4015 [ια-τρὶ
2954 3944 3098 3997 κατὰ
3120 3942 3180 3996 τὸ
3209 3944 3399 4011 μεῖζον
3435 3940 3520 3995 καὶ
3542 3937 3737 3991 ἔλαττον.

2207 4032 2497 4105 ὁμοοὺσιος
2519 4033 2626 4103 ἄρα
2649 4036 2742 4086 και¹
2760 4034 2862 4088 οὑκ
2885 4033 3168 4105 ἀλλότριος
3188 4034 3357 4088 αὑτοῦ
3379 4034 3537 4087 ἐστιν.
3557 4020 3739 4093 Ὀμονίύσ

2208 4145 2322 4181 στον
2346 4129 2402 4181 δὲ
2431 4129 2725 4199 ὁμοουσίου
2755 4129 2857 4181 οὑκ
2887 4128 2954 4182 ἂν
2984 4129 3195 4195 γένοιτο
3220 4129 3413 4197 μεῖξον
3438 4125 3524 4178 καὶ
3553 4122 3736 4175 ἔλαττον

2206 4218 2347 4270 κατὰ
2388 4217 2477 4269 τὸν
2501 4217 2601 4289 τῆς
2629 4217 2819 4281 οὐσίας
2849 4218 3009 4286 λόγον
3029 4232 3043 4247 ⁶
3074 4217 3138 4270 οὑ
3182 4219 3294 4285 γὰρ
3346 4216 3542 4287 μείζων
3567 4209 3739 4277 ἀνθραν

2208 4325 2306 4372 πος
2334 4308 2430 4362 ἀνθ
2441 4311 2661 4379 ρώπουν
2684 4310 2821 4363 καθὸ
2859 4309 3168 4382 ἄνθρωπος.
3197 4310 3343 4374 Ἰσος
3376 4312 3481 4380 ἄρα
3508 4304 3577 4374 τῷ
3602 4296 3739 4365 "NP1

2207 4401 2298 4453 καὶ
2337 4402 2364 4453 6
2393 4401 2519 4463 Υίδς
2549 4403 2640 4453 καὶ
2674 4401 2962 4473 όμοούσιος
2983 4413 2999 4430 ⁸
3030 4402 3398 4471 οἰκονομικῶς
3437 4400 3490 4453 δὲ
3531 4391 3738 4464 εἰρῆσθαι

2207 4491 2539 4560 πιστεύομεν
2593 4494 2688 4546 ἐπὶ
2744 4491 2840 4547 τοῦ
2890 4494 3107 4564 Πατρδς
3147 4493 3210 4547 τδ
3265 4495 3468 4564 μεῖζον.
3503 4490 3615 4543 Ὀτε
3654 4481 3738 4549 γάρ

2208 4582 2647 4655 ὲνανθρωπήσῷς
2697 4582 2978 4653 φαίνεται,
3009 4586 3130 4640 τότε
3168 4586 3265 4640 καὶ
3319 4584 3469 4638 τοῦτό
3517 4593 3658 4650 φησιν
3682 4571 3737 4633 ὡς

2208 4674 2305 4728 ἀνθ
2316 4692 2517 4745 ρωπος.

2214 4789 2326 4845 Τοῦ
2368 4790 2554 4843 αὑτοῦ
2577 4790 2663 4865 *ἐκ
2711 4792 2819 4847 τοῦ
2861 4793 2911 4849 θ’
2932 4797 3285 4865 ,κεφαλαίου
3324 4796 3430 4851 τοῦ
3469 4794 3516 4848 α’
3536 4792 3737 4859 ,ϐιϐλίου

2498 4861 2604 4916 τοῦ
2635 4864 2953 4931 Θησαυροῦ
2988 4861 3123 4934 περὶ
3160 4868 3500 4937 ὀμοουσίου.

2283 4951 2358 5005 T6
2406 4950 2465 5017 ἐξ
2509 4952 2686 5009 αἰτίου
2736 4956 2883 5019 τινὸς
2919 4957 3000 5026 δν,
3052 4958 3085 5029 ἢ
3130 4959 3540 5029 γεγεννημένον,
3586 4949 3733 5021 φησὶν.

2212 5047 2426 5117 ἀνάγκη
2451 5048 2705 5120 δεύτερον
2730 5045 2870 5104 εἶναι
2892 5052 3110 5119 τούτου,
3134 5052 3163 5106 δ
3186 5054 3250 5122 δὴ
3277 5054 3371 5107 καὶ
3395 5051 3597 5121 γέγονεν
3620 5037 3734 5102 αὑτῷ

2214 5138 2308 5192 τοῦ
2344 5135 2483 5193 εἶναι
2512 5124 2710 5196 αἴτιον.
2745 5143 2957 5197 υὺκοῦν
2984 5144 3243 5216 δεύτερος
3273 5144 3422 5197 ἔσται
3450 5140 3535 5194 τοῦ
3564 5129 3732 5199 [latim

2213 5230 2240 5283 6
2280 5230 2406 5295 Υἱὸς
2434 5233 2607 5286 αἴτιον
2637 5235 2799 5287 αὑτὸν
2829 5228 2969 5305 ἔχων
2992 5253 3008 5268 °
3041 5238 3251 5291 καὶδιά
3281 5235 3435 5290 τοῦτο
3468 5219 3731 5299 06169005-

2216 5338 2353 5387 σιος.
2387 5324 2458 5376 Ἦ
2495 5324 2968 5398 ἀφιλονεικότερον
3018 5327 3343 5402 ἐνστήσεται
3389 5342 3467 5389 τις
3503 5316 3734 5392 όμοούσεον

2215 5413 2379 5468 αὑτὸν
2417 5413 2557 5469 εἶναι
2608 5417 2806 5486 λέγων,
2839 5419 2871 5490 η
2910 5421 3012 5489 μία
3059 5420 3273 5492 θεότης,
3302 5419 3425 5489 ἄρα,
3459 5413 3613 5481 τομήν
3640 5418 3734 5457 τινα

2217 5507 2539 5579 Χωρήσασα,
2571 5509 2797 5577 γέγονεν
2834 5513 2915 5573 εἰς
2959 5512 3127 5566 δυάδα
3154 5529 3168 5544 ’
3201 5512 3261 5566 οὑ
3297 5511 3403 5581 γὰρ
3432 5507 3611 5574 ἑτέρως
3632 5501 3730 5567 ὁμο·

2220 5599 2397 5662 οὑσιος
2438 5597 2577 5655 εἶναι
2613 5601 2860 5656 δύναται.

2291 5777 2406 5831 Οὐκ
2438 5776 2758 5832 αἰσθάνεται
2790 5780 2952 5835 πάλιν
2984 5781 3199 5851 μεθύων
3226 5785 3254 5838 6
3283 5776 3631 5854 χριστομᾶχοςι
3660 5766 3729 5815 καί

2226 5867 2405 5939 μδκην
2436 5869 2838 5943 καταφλυαρῶν
2889 5873 2987 5945 τῆς
3021 5874 3172 5942 θείχς
3206 5877 3402 5939 οὐσίας.
3443 5872 3508 5926 Τὸ
3537 5865 3621 5939 μιν
3644 5861 3723 5926 γάρ
