3920 6584
181 377 298 442 οῑῑι

177 515 488 585 τέμνεσθαι
518 517 612 571 καὶ
630 518 908 575 διάστασίν
932 539 1052 576 τινα
1077 524 1275 594 μεταξῦ
1294 525 1359 596 τὴ

178 607 453 663 δύνασθαι
497 610 704 678 λαϐεῖν,
756 615 1025 684 σωμάτων
1075 615 1227 673 ἴδιον.
1293 619 1355 672 Ἦ
1405 620 1463 673 δὲ
1498 619 1633 674 ,Οεία
1677 622 1772 676 τοῦ

179 701 403 772 Πατρὸς
432 703 611 769 ούσία,
645 703 935 777 ἀσώματος
962 703 1118 773 οὖσα,
1153 712 1326 782 τομῆς
1350 729 1410 764 τε
1441 710 1536 766 καὶ
1565 712 1773 786 διαιρέ-

179 810 328 858 σεως
375 795 723 861 άνεπίδεκτός
755 799 934 853 ἐστιν’
964 798 1089 854 οὔτε
1137 801 1194 854 δέ
1230 803 1287 856 ἐν
1317 803 1470 875 τόπῳ
1513 805 1772 874 μένουσα,

177 883 307 939 οὔτε
345 886 449 940 ὑπό
491 906 636 953 τινος
679 886 814 945 οὖσα
858 893 1102 965 χωρητὴ,
1145 895 1260 949 ἀλλ’
1307 896 1366 950 ἐν
1400 897 1626 970 ἀρρήτῳ
1665 901 1775 954 cui.

178 978 280 1030 καὶ
313 981 580 1052 ἀφράστιρ
599 985 933 1039 καταστάσει
955 987 1207 1058 κειμένη,
1229 987 1322 1041 τὸν
1344 988 1472 1043 Υίὸν
1493 989 1550 1056 ἐξ
1576 991 1775 1062 ἑαυτῆς

177 1069 531 1136 ἁδιαστάτως
561 1072 863 1145 ἐξέλαμψεν
884 1091 897 1106 °
931 1077 1030 1131 ούκ
1058 1077 1124 1133 ἂν
1157 1079 1358 1151 ἐτέρως
1381 1079 1525 1151 ἐχειν
1554 1081 1615 1135 τὸ
1637 1077 1776 1137 εἶναι

177 1160 372 1216 τελεία
400 1163 695 1237 δυναμένη,
730 1169 778 1220 εί
811 1167 886 1239 μὴ
919 1169 1178 1240 ἐγέννησε
1227 1171 1317 1225 τὸν
1351 1172 1502 1236 Υἱὸν,
1535 1173 1631 1228 καὶ
1676 1177 1774 1229 ἀν-

177 1249 402 1322 εδείχθη
429 1255 764 1324 καρπογονος
781 1274 795 1287 ’
823 1259 916 1312 καὶ
932 1259 1092 1314 πάλιν
1112 1261 1213 1317 ούκ
1230 1263 1295 1317 ἂν
1317 1262 1517 1334 ἑτέρως
1539 1265 1773 1337 ἐσομένη

176 1341 539 1416 δημιουργὸς,
581 1349 630 1400 εί
660 1348 736 1420 μὴ
764 1350 982 1406 τέτοκεν
1011 1352 1072 1418 ἐξ
1104 1355 1303 1426 ἑαυτῆς
1342 1357 1653 1428 ἀμερίστως
1682 1359 1774 1412 τὸν

182 1434 334 1500 Υίὸν,
373 1436 440 1490 δι’
473 1432 532 1492 οὗ
561 1439 632 1494 τὰ
660 1441 840 1496 πάντα
887 1444 1200 1514 ἐργάζεται.
1238 1449 1425 1503 Ἔστιν
1454 1446 1547 1504 οὖν
1577 1453 1605 1504 6
1649 1452 1775 1515 Υἱὸς

176 1525 468 1597 γεννηθεὶς
495 1531 560 1582 ἐκ
604 1531 838 1602 Πατρὸς,
868 1535 930 1588 ού
972 1535 1116 1590 κατά
1143 1555 1265 1593 τινα
1303 1541 1497 1612 τομὴν,
1533 1543 1566 1613 ἢ
1602 1543 1775 1616 ἀπόρ-

179 1619 362 1686 ροιαν,
411 1620 662 1693 καθάπερ
711 1623 868 1694 ὑμεῖς
915 1628 1285 1695 φαντάζεσοεο
1337 1630 1452 1684 ἀλλ’
1487 1631 1675 1704 ὥσπερ
1710 1635 1775 1688 ἐκ

177 1710 359 1779 πυρὸς
405 1709 699 1784 θερμότης,
755 1717 1069 1789 ἀμερίστως
1117 1722 1183 1774 ἐκ
1232 1721 1332 1792 τῆς
1374 1723 1482 1776 τοῦ·
1519 1725 1770 1789 τεκόντος

179 1801 468 1872 προελθὼν
502 1805 712 1870 ούσίας.

805 1889 917 1948 Καὶ
948 1888 1145 1944 τοῦτο.

251 1985 319 2041 El
351 1983 638 2055 ὁμοούσιός
670 1985 809 2047 ἐστι,
840 1982 1028 2053 φησὶν,
1059 1981 1088 2034 ὁ
1125 1979 1249 2043 Υἱὸς
1281 1979 1358 2052 τῷ
1391 1980 1584 2048 lla-cpi,
1605 1980 1656 2032 τί
1689 1980 1766 2052 μὴ

179 2080 276 2134 καὶ
307 2077 478 2141 αὐτός
512 2078 661 2130 ἐστιν
709 2076 912 2144 ἀγαθὸς
939 2075 1109 2137 οἶτως
1142 2073 1217 2137 ὡς
1263 2072 1292 2126 6
1337 2074 1566 2145 Πατήρ;
1601 2074 1770 2142 Λέγει

179 2174 291 2242 γάρ
329 2189 436 2225 που
467 2172 601 2242 πρός
627 2188 748 2224 τινα
778 2172 805 2224 6
834 2167 1070 2239 Χριστός
1100 2181 1114 2196 ’
1157 2184 1177 2218 ι
1217 2165 1284 2220 Τί
1316 2183 1383 2236 με
1427 2165 1606 2233 λέγεις
1641 2167 1775 2232 ἁγα-

181 2267 312 2330 ῢονς
358 2264 543 2326 Οὐδεὶς
573 2262 775 2331 άγαῦὸς
808 2265 857 2314 εἰ
889 2261 966 2333 μὴ
998 2255 1076 2323 εἴ,
1111 2263 1140 2314 6
1174 2259 1325 2323 8a6;.
1367 2278 1387 2311 ι
1431 2259 1567 2312 Ἕνα
1594 2259 1652 2312 δὲ
1698 2259 1776 2310 εί-

185 2358 336 2421 πὼν,
374 2356 570 2413 ἐαυτὸν
609 2356 714 2421 ἐξω
743 2354 1013 2419 τέθεικεν,
1047 2352 1123 2418 ὡς
1150 2353 1355 2422 ἀγαθὸν
1386 2353 1485 2423 μὲν
1510 2353 1643 2406 ὄντα
1679 2351 1776 2405 καὶ

183 2451 378 2514 αὐτὸν,
414 2451 513 2520 οὐχ
543 2448 685 2502 οὕτω
718 2448 774 2500 δὲ
803 2445 994 2516 ὥσπερ
1029 2446 1097 2500 ἂν
1134 2446 1223 2518 εἴη
1255 2445 1348 2499 καὶ
1377 2447 1405 2498 6
1434 2447 1648 2516 Πατήρ.

261 2541 474 2612 Κύριον
498 2541 882 2611 ἀποκαλούσης
914 2546 1004 2594 τὸν
1035 2538 1166 2593 Υίὸν
1195 2543 1297 2611 τῆς
1327 2539 1477 2603 θείας
1525 2541 1768 2613 rgum,

184 2637 386 2696 δώσεις
420 2633 532 2704 ἄρα
563 2633 656 2687 καὶ
681 2633 846 2688 αὐτὸν
873 2626 1013 2684 εἶναι
1063 2630 1288 2701 Κύριον,
1315 2630 1412 2685 καὶ
1436 2629 1594 2684 τοῦτο
1633 2637 1777 2686 κατὰ

186 2726 532 2798 άὶ.ή¹)ειαν,ἢ
568 2727 700 2796 πρὸς
722 2728 834 2790 τοῖς
858 2724 1036 2788 ἄλλοις
1070 2723 1286 2795 ἀρνήσῃ
1316 2727 1409 2778 καὶ
1431 2725 1572 2778 τόδε.
1591 2726 1651 2778 Et
1679 2726 1778 2794 μὲν

187 2822 300 2890 γὰρ
327 2821 426 2874 οὐκ
468 2816 609 2872 εἶναι
654 2818 858 2888 Κύριον
908 2819 1075 2888 ἐρεῖς,
1108 2817 1370 2872 τάναντία
1405 2820 1622 2888 φρονεῖς
1661 2820 1779 2880 ταῖς

191 2912 368 2974 θείαις
415 2912 655 2981 Γραφαῖς
691 2914 783 2964 καὶ
807 2910 883 2976 τῷ
921 2910 1095 2963 ταῦτα
1133 2909 1433 2980 λαλήσαντι
1467 2909 1774 2975 Πνεύματι.

148 3037 152 3040 ι
194 2993 627 3064 Συντεθειμένος
661 2996 718 3050 δὲ
755 2996 846 3048 καὶ
899 2997 1126 3065 φάσκων
1182 2997 1344 3050 αὐτὸν
1384 2993 1523 3050 εἶναι
1561 2998 1784 3066 Κύριον,

193 3085 415 3150 ἀσεϐῶς
443 3085 752 3158 ἐλεγχθήση
773 3088 866 3140 καὶ
889 3086 1095 3158 Κύριον
1125 3087 1300 3156 λέγων
1341 3088 1434 3141 καὶ
1469 3087 1789 3157 προσκυνῶν

1190 391 1566 454 PANOI'LIA
1611 394 2065 463 DOGMATICA.
2107 421 2173 434 ···’
2209 402 2357 466 ΤΙΤ.
2389 405 2488 470 XI.

3348 426 3454 488 6³4

1366 543 1391 576 ν
1419 543 1455 579 π
1463 528 1553 597 pb;
1574 529 1773 600 ἄλληλα

1887 560 1930 602 et
1977 549 2295 606 divisionem
2348 551 2584 621 aliquam
2637 553 2878 622 recipere
2939 570 3126 624 posse,
3173 571 3464 624 corporum

1879 642 2156 710 proprium
2185 653 2289 698 est.
2319 643 2507 699 Divina
2538 654 2717 701 autem
2756 646 2932 702 Patris
2961 651 3221 712 essentia,
3246 664 3367 701 eum
3398 650 3465 704 sit

1877 733 2230 804 incorporea,
2255 737 2519 793 sectionis
2557 748 2650 793 aut
2683 740 2964 796 divisionis
3003 756 3174 810 capax
3213 757 3316 795 non
3352 753 3461 806 est;

1877 841 2052 897 neque
2093 830 2144 883 in
2187 829 2306 885 loco
2344 831 2588 896 exsisﬁt.
2619 848 2793 902 neque
2834 848 2863 886 ε
2904 849 3174 903 quoquam
3217 833 3466 887 contine-

1877 926 1996 985 tur;
2029 921 2123 976 sed
2155 921 2208 976 in
2242 937 2446 978 art-ano
2475 934 2637 993 alque
2667 925 2920 980 inelfabili
2957 937 3101 982 statu
3134 927 3462 990 consistens,

1878 1009 2077 1064 Fiiiuut
2108 1026 2175 1066 er.
2205 1027 2263 1068 se
2294 1014 2604 1069 immediate
2630 1015 2886 1082 protulit;
2919 1031 3095 1086 neque
3119 1017 3224 1070 alia
3254 1015 3466 1069 ratione

1880 1105 2114 1170 perfecta
2140 1117 2261 1158 esse
2290 1115 2490 1171 potest,
2512 1105 2612 1160 nisi
2642 1105 2836 1159 Filium
2867 1108 3132 1173 genuerit,
3155 1116 3210 1159 et
3236 1106 3464 1161 fecunda

1878 1202 2099 1248 ostensa
2126 1193 2193 1246 sit
2214 1234 2229 1258 ,
2260 1208 2432 1262 neque
2466 1210 2678 1248 rursmn
2711 1196 2944 1250 creatrix
2977 1209 3102 1250 esse
3134 1206 3333 1264 potest,
3361 1196 3463 1251 nisi

1877 1285 2122 1352 genuerit
2166 1301 2230 1338 ex
2274 1301 2334 1339 se
2377 1285 2642 1339 indivnlse
2683 1286 2911 1354 Filium,
2955 1302 3050 1355 per
3085 1303 3245 1355 quem
3284 1291 3466 1344 omnia

1874 1381 2147 1445 operatur.
2312 1375 2405 1429 Est
2436 1377 2596 1445 igitur
2623 1377 2836 1448 genitus
2867 1393 2934 1430 ex
2962 1375 3120 1432 Patre
3145 1377 3334 1444 Ftlius,
3359 1396 3464 1432 non

1877 1467 2118 1521 sectione
2150 1479 2242 1520 aut
2279 1467 2492 1521 tit-ﬂuxu
2527 1470 2736 1536 aliquo,
2763 1471 2904 1522 sit-ut
2939 1486 3032 1524 vos
3066 1471 3462 1540 itnaginamini;

1876 1555 1970 1608 sed
2004 1557 2458 1624 quemadmodum
2501 1559 2748 1612 ealidttas
2791 1575 2854 1612 es
2900 1558 3055 1628 igne,
3089 1559 3354 1612 indivulse
3395 1575 3461 1613 ex

1877 1649 2109 1701 essentia
2144 1649 2419 1718 gignenti-3
2448 1651 2706 1718 procedit.

2409 1886 2658 1956 Ejusdem
2697 1903 2741 1943 et
2790 1891 2918 1946 Iut'c.

1951 1981 2032 2047 Si,
2072 1980 2269 2050 inquit,
2309 1977 2476 2035 Filius
2506 1993 2582 2034 t-st
2621 1984 3104 2038 euthultstazdialis
3141 1975 3308 2050 i‘atri,
3354 2001 3452 2039 cur

1876 2089 1984 2128 non
2007 2073 2172 2127 etiam
2203 2075 2312 2142 ipse
2335 2087 2412 2128 est
2443 2074 2619 2130 bonus
2644 2076 2713 2126 ita
2743 2087 2794 2129 ut
2823 2075 3014 2129 l’atcr?
3038 2078 3289 2131 Christus
3306 2081 3451 2131 eu’tn

1881 2165 2086 2218 alicubi
2135 2165 2202 2218 ad
2248 2171 2535 2234 quemdam
2588 2168 2658 2219 ita
2692 2169 2768 2219 ait
2799 2183 2812 2220 :
2849 2185 2864 2216 t
2914 2167 3024 2222 Cur
3057 2185 3140 2222 tne
3179 2170 3318 2222 dicis
3362 2172 3460 2223 bo-

1883 2259 2054 2312 num?
2094 2256 2263 2312 Nemo
2308 2259 2486 2314 bonus
2520 2260 2622 2313 nisi
2661 2277 2803 2314 unus
2845 2261 3011 2316 Deus.
3055 2280 3072 2312 ι
3117 2261 3292 2315 Unum
3330 2278 3458 2315 vero

1883 2368 2009 2405 cum
2041 2351 2200 2414 dixit,
2227 2353 2466 2422 seipsum
2495 2342 2735 2423 excepit,
2758 2354 2959 2424 quippe
2977 2355 3068 2424 qui
3095 2355 3270 2409 boous
3293 2356 3457 2408 etiam

1885 2444 2001 2516 ipse
2029 2445 2119 2512 sit,
2159 2459 2264 2501 non
2307 2457 2485 2500 tamen
2522 2448 2592 2499 ita
2626 2451 2796 2500 bonus
2827 2460 2885 2500 ut
2919 2446 3102 2500 Pater.

1957 2537 2092 2592 Cum
2129 2555 2282 2592 sacra
2317 2539 2598 2609 Scriptura
2631 2539 2825 2594 Filium
2860 2539 3146 2593 Dominum
3177 2548 3348 2607 vocet,
3381 2540 3464 2594 fa-

1891 2633 2093 2683 telu-ris
2152 2633 2395 2702 profecto
2448 2632 2614 2688 etiam
2665 2633 2846 2702 ipsum
2882 2633 3170 2687 Dominum
3229 2651 3374 2698 esse,
3407 2632 3489 2687 ρι’

1887 2726 2105 2792 quidem
2135 2739 2284 2789 vere,
2315 2735 2410 2778 aut
2442 2740 2545 2777 una
2575 2739 2698 2777 cum
2734 2724 2854 2777 aliis
2878 2726 3044 2777 etiam
3075 2726 3176 2778 ltoc
3212 2727 3454 2794 negabis.

1890 2818 1961 2872 At
2009 2819 2054 2871 si
2095 2817 2316 2887 negabis
2369 2817 2655 2870 Dominum
2722 2832 2863 2882 esse,
2923 2817 3256 2870 rontratium
3311 2808 3508 2886 plane

1888 2911 2063 2966 Sentis
2111 2926 2140 2962 a
2195 2909 2494 2976 Scripturis
2525 2919 2577 2963 ct
2627 2926 2656 2962 a
2704 2910 2911 2975 Spiritu
2946 2909 3046 2963 ltoc
3091 2909 3373 2977 loquente.
3402 2909 3462 2964 Si

1876 2995 2214 3045 concesstéris
2247 2994 2560 3060 tltkCl‘iSlllIc
2605 2995 2887 3048 Dotniuunt
2925 3013 3066 3062 esse,
3099 2998 3259 3066 impie
3303 3016 3464 3068 agere

1876 3084 2322 3152 deprehenderis,
2348 3086 2543 3154 quippe
2573 3089 2664 3155 qui
2693 3086 2975 3142 Dominum
3000 3106 3160 3144 voces
3187 3102 3236 3143 et
3267 3095 3460 3147 adores

192 3177 250 3232 ὃν
276 3178 344 3231 ού
395 3179 501 3249 φὴς
547 3179 836 3249 ὀμοούσισν
867 3173 1006 3232 εἶναι
1053 3178 1130 3249 τῷ
1168 3179 1287 3251 Θεῷ
1333 3180 1428 3235 καὶ
1463 3179 1660 3250 Πατρὶ,
1696 3178 1778 3232 καΊ

1887 3192 1998 3232 cum
2033 3193 2193 3252 quem
2224 3178 2744 3233 consubstantialem
2781 3197 2901 3235 esse
2936 3180 3042 3235 Deo
3075 3200 3136 3235 ac
3178 3183 3322 3235 Patri
3367 3200 3460 3235 Itu-

193 3270 463 3338 κτίσματι
503 3271 703 3342 μᾶλλον
751 3270 786 3342 ἢ
838 3269 958 3342 Θεῷ
989 3271 1134 3325 κατὰ
1175 3272 1340 3343 φύσιν
1379 3271 1684 3341 λατρεύεις.
1713 3270 1787 3324 Τὸ

193 3362 306 3433 γὰρ
331 3362 525 3434 ἐτέρας
552 3363 800 3434 ὑπάρχον
825 3363 1011 3428 οὐσίας
1052 3363 1206 3436 παρὰ
1229 3361 1322 3418 τὸν
1353 3363 1482 3418 ὄντα
1509 3363 1664 3426 Θεὸν,
1686 3363 1788 3418 οὐκ

192 3454 257 3506 ἂν
282 3456 373 3524 εἴη
393 3457 553 3525 φύσει
581 3455 735 3518 Θεός.
759 3457 870 3510 Καὶ
896 3447 1088 3510 τούτου
1113 3457 1325 3528 μάρτυς
1348 3458 1381 3527 ἡ
1408 3456 1526 3509 θεία
1550 3456 1786 3526 λέγουσα

193 3544 388 3616 Γραφή
409 3559 422 3571 ·
467 3565 484 3596 ι
526 3535 730 3616 Κύριος
769 3548 796 3599 6
824 3544 955 3610 Θεὸς
1005 3545 1184 3618 ἡμῶν,
1210 3545 1439 3617 -Κύριος
1464 3541 1545 3610 εἷς
1574 3546 1722 3599 ἐστι·
1758 3563 1780 3598 ι

195 3636 296 3706 μία
328 3635 436 3707 γὰρ
489 3635 743 3707 οεὸτητος
797 3637 979 3707 φύσις.
1037 3639 1148 3692 Καὶ
1178 3638 1258 3691 ὅτι
1303 3636 1475 3708 ταύτῃ
1519 3639 1655 3708 μόνῃ
1704 3635 1788 3690 δεῖ

194 3731 544 3799 προσκυνεῖν,
594 3728 805 3802 ἀκούσῃ
837 3730 1033 3784 πάλιν
1095 3749 1114 3782 ι
1149 3729 1357 3800 Κύριον
1395 3728 1483 3782 τὸν
1533 3727 1667 3782 Θεόν
1694 3745 1785 3782 σου

193 3822 619 3893 προσκυνήσεις,
659 3821 756 3875 καὶ
786 3821 938 3894 αὐτῷ
980 3821 1128 3892 μόνῳ
1155 3820 1498 3893 λατρεύσεις.
1523 3840 1541 3872 ι
1577 3821 1639 3874 El
1672 3820 1782 3873 τοί-

191 3929 286 3965 νυν
309 3911 400 3965 διὰ
423 3911 485 3965 τὸ
518 3913 678 3983 μόνον
704 3912 910 3981 ἀγαθὸν
940 3913 1195 3976 λέγεσθαι
1219 3912 1309 3966 τὸν
1334 3911 1466 3966 Θεὸν
1488 3913 1583 3965 καὶ
1612 3911 1781 3963 Πατέ-

193 4025 283 4077 ρα,
316 4008 634 4062 ἐκπεσεῖται
675 4007 769 4062 τοῦ
802 4003 945 4062 εἶναι
979 4009 1187 4078 ἀγαθὸς
1210 4011 1240 4063 6
1282 4009 1412 4074 Υἱὸς
1447 4009 1621 4074 οὕτως
1648 4007 1725 4072 ὡς
1755 4011 1782 4060 6

193 4099 406 4170 Πατὴρ,
435 4099 532 4153 καὶ
574 4099 662 4153 διὰ
702 4101 764 4153 τὸ
795 4101 893 4155 ἕνα
937 4099 1195 4169 λέγεσθαι
1258 4100 1463 4172 Κύριον
1501 4101 1600 4156 καὶ
1650 4100 1781 4155 Θεὸν

190 4187 279 4239 τὸν
307 4187 556 4260 Πατέρα,
596 4190 906 4242 ἐκπεσεῖται
939 4188 1035 4242 τοῦ
1075 4185 1218 4242 εἶναι
1243 4189 1446 4260 Κύριος
1499 4190 1595 4244 καὶ
1648 4190 1783 4254 Θεὸς

192 4279 220 4330 6
261 4277 411 4343 Υἱὸς,
467 4279 610 4332 κατὰ
659 4275 759 4350 τὴν
809 4279 904 4332 τοῦ
948 4281 1220 4350 νοήματος
1277 4279 1634 4334 ἀκολουθίανο
1664 4281 1781 4346 πῶς

187 4367 281 4425 οὖν
311 4375 638 4442 προσκυνεῖς
665 4371 744 4442 τῷ
775 4373 911 4444 μήτε
934 4372 1128 4442 Κυρίῳ
1155 4371 1293 4442 μήτε
1312 4370 1471 4442 eaq»;
1502 4373 1566 4426 Et
1587 4372 1646 4426 δὲ
1669 4374 1772 4430 Κυ-

191 4452 308 4536 ρίου
344 4465 442 4518 καὶ
475 4464 612 4518 Θεοῦ
653 4464 748 4517 τοῦ
777 4465 1010 4535 ’Πατρὸς
1043 4466 1231 4529 ὄντος,
1283 4464 1649 4532 συνεπάγεται
1681 4465 1780 4519 καὶ

1876 3285 1992 3340 gas,
2025 3280 2079 3324 et
2123 3281 2434 3326 creaturam
2467 3273 2648 3342 potius
2681 3290 2842 3343 quam
2879 3290 3066 3329 verum
3099 3275 3263 3328 Deum
3300 3279 3457 3331 rotis.

1877 3360 2031 3426 Quod
2079 3362 2224 3416 enim
2259 3360 2483 3422 alterius
2527 3372 2738 3416 natura:
2768 3375 2852 3418 est
2882 3363 2950 3416 ab
2988 3379 3052 3416 eo
3093 3363 3182 3431 qui
3215 3380 3262 3415 γε
3287 3379 3342 3416 re
3378 3375 3461 3420 est

1875 3450 2044 3518 Deus,
2085 3454 2139 3508 id
2175 3464 2367 3508 natura
2399 3453 2543 3510 Deus
2574 3470 2692 3510 esse
2731 3472 2836 3509 non
2882 3464 3080 3524 potest.
3113 3455 3264 3521 Quod
3297 3459 3459 3509 etiam

1877 3541 1995 3614 ipsa
2040 3558 2196 3598 sacra
2251 3541 2530 3614 Scriptura
2577 3553 2830 3608 testatur,
2883 3545 3118 3598 dicens:
3153 3564 3170 3596 ι
3205 3545 3462 3600 Dominus

1879 3633 2021 3700 Deus
2056 3646 2266 3700 noster,
2304 3635 2562 3690 Dominus
2594 3653 2732 3690 unus
2765 3648 2846 3691 est
2885 3640 2900 3671 ‘
2941 3655 2956 3692 :
2998 3657 3015 3689 ι
3057 3653 3158 3690 una
3189 3638 3334 3690 enim
3377 3647 3462 3692 est

1880 3728 2102 3782 deitatis
2155 3738 2368 3782 natura.
2430 3729 2583 3795 Quod
2644 3745 2769 3782 vero
2817 3727 2958 3782 ltatn‘:
3017 3729 3186 3782 solam
3231 3732 3462 3782 adorare

1879 3833 2148 3891 oporteat,
2195 3823 2381 3876 audies
2414 3838 2626 3877 rursmn
2661 3839 2674 3874 :
2713 3841 2733 3872 ι
2771 3819 3057 3875 Ι)‹›ιιιίιιιιιιι
3107 3823 3271 3874 Deum
3307 3833 3458 3874 tuutn

1878 3914 2160 3980 adorabis,
2191 3924 2243 3967 et
2272 3915 2320 3968 ei
2355 3913 2454 3968 soli
2485 3914 2692 3968 servies
2739 3909 2781 3966 '.
2815 3933 2832 3963 ι
2875 3911 2931 3967 Si
2971 3915 3132 3979 igitur
3165 3915 3290 3982 quia
3321 3913 3462 3969 Deus

1881 4021 1949 4060 ac
1973 4003 2135 4059 Pater
2169 4005 2317 4060 solus
2345 4004 2542 4060 dicitur
2570 4007 2760 4068 bonus,
2800 4005 2966 4059 Filius
2994 4007 3168 4059 bonus
3199 4022 3320 4060 esse
3354 4021 3458 4059 non

1881 4108 2061 4168 potest
2089 4099 2230 4154 sicut
2259 4097 2440 4163 Pater,
2473 4099 2767 4167 eademque
2798 4098 3004 4151 ratione
3035 4115 3156 4152 cum
3190 4115 3328 4151 unus
3359 4098 3462 4151 Pa-

1883 4203 1968 4249 ter
1994 4194 2196 4249 dicitur
2223 4194 2478 4248 Dominus
2508 4204 2563 4247 et
2595 4195 2756 4255 Deus.
2797 4193 3039 4262 sequitur
3065 4195 3226 4247 etiam
3277 4207 3464 4245 neces-

1886 4287 2034 4342 sario
2061 4302 2125 4342 ex
2168 4286 2357 4342 eodem
2393 4297 2712 4357 argumento
2740 4287 2932 4342 Filium
2973 4301 3148 4354 neque
3179 4283 3462 4337 Dominum

1887 4393 2065 4445 neque
2091 4379 2258 4434 Deum
2286 4393 2408 4434 esse
2433 4398 2447 4434 :
2477 4395 2585 4448 quo
2615 4387 2774 4448 pacto
2804 4380 2968 4449 igitur
2999 4379 3196 4431 adoras
3226 4393 3347 4432 eum
3373 4375 3464 4444 qui

1885 4486 1984 4526 nec
2009 4470 2294 4537 Dominus,
2326 4487 2428 4527 nec
2465 4471 2610 4527 Deus
2635 4473 2751 4528 est?
2781 4471 2836 4526 Si
2875 4487 3024 4546 vero,
3054 4486 3174 4524 eum
3207 4469 3368 4522 Pater
3393 4470 3470 4523 sit

187 4559 214 4608 6
243 4555 375 4619 Υἱὸς
407 4557 508 4627 τὴν
534 4555 746 4609 ἐκεῖθεν
787 4555 1028 4626 ἰδιότητα
1078 4556 1218 4625 ἔχων
1241 4555 1318 4619 ὡς
1343 4555 1404 4620 ἐξ
1436 4554 1602 4610 αὑτοῦ
1635 4557 1778 4615 κατὰ

1887 4561 2147 4619 Dominus
2194 4576 2247 4618 et
2308 4563 2473 4627 Deus,
2527 4565 2686 4619 simul
2737 4564 2906 4617 etiam
2946 4562 3226 4616 inducitur
3274 4559 3466 4623 Filius,

188 4646 350 4713 φύσιν
381 4647 642 4718 ὑπάρχων
669 4686 684 4710 ,
719 4649 814 4701 καὶ⁸
843 4647 960 4701 ἐστι
1003 4647 1144 4718 μετὰ
1189 4646 1405 4718 Πατρὸς
1449 4645 1657 4720 Κύριος
1683 4646 1780 4701 καὶ

186 4737 339 4802 Θεὸς,
376 4737 489 4804 ἔξει
530 4741 749 4804 πάντως
789 4740 884 4794 καὶ
908 4739 971 4792 τὸ
1001 4735 1144 4792 εἶναι
1171 4739 1376 4808 ἀγαθὸς
1411 4739 1488 4804 ὡς
1507 4739 1535 4792 6
1565 4741 1778 4811 Πατὴρ,

186 4830 285 4900 τῆς
316 4831 588 4901 πατρικῆς
616 4832 876 4901 ἰδιότητος
901 4832 1004 4884 κάν
1033 4831 1210 4903 τούτῳ
1240 4832 1405 4886 πάλιν
1424 4831 1780 4904 ὑπαρχούσης

187 4922 244 4975 ἐν
275 4923 448 4993 αὐτῷ,
481 4922 735 4994 καθάπερ
765 4924 860 4977 καὶ
887 4925 944 4976 ἐν
975 4923 1191 4994 ἐκείνῳ.
1269 4909 1272 4912 ’

813 5108 923 5166 Καὶ
956 5109 1156 5166 τοῦτο.

261 5201 444 5255 Πολλὰ
471 5202 600 5272 περί
627 5222 687 5257 τε
707 5202 800 5258 τοῦ
827 5203 1036 5275 Ιιατρὸς
1063 5201 1159 5257 καὶ
1183 5202 1274 5255 τοῦ
1295 5201 1428 5255 Υίού
1451 5202 1706 5273 λέγουσιν
1726 5204 1781 5259 αἱ

198 5293 345 5349 θεῖαι
369 5294 614 5365 Γραφαὶ,
635 5296 730 5349 καὶ
760 5298 820 5350 ού
852 5296 914 5349 τὸ
943 5296 1052 5348 τῶν
1069 5295 1355 5363 ὀνομάτων
1381 5297 1643 5366 διάφορον
1669 5297 1786 5350 δια-

197 5388 408 5441 στέλλει
449 5388 667 5451 πάντως
695 5390 879 5451 αὐτοῖς
907 5389 1001 5440 καὶ
1031 5389 1132 5458 τῆς
1158 5387 1349 5451 ούσίπις
1381 5388 1476 5442 τὸν
1504 5389 1686 5454 λόγον,
1708 5389 1783 5451 ὼς

197 5479 561 5549 ἁνοςωιότητά
591 5498 713 5533 τινα
735 5481 823 5534 διὰ
852 5478 1057 5534 τούτων
1089 5480 1340 5550 χωρῆσαι
1369 5480 1600 5550 μεταξύ.
1627 5481 1788 5533 Ἐιτι

197 5575 306 5642 rip
343 5574 443 5641 μία
475 5573 668 5644 θεότης
698 5574 909 5643 Πατρὸς
950 5574 1047 5627 καὶ
1089 5573 1242 5637 Υίού,
1275 5574 1375 5628 κᾶν
1419 5575 1690 5643 ἑκάτερος
1722 5578 1788 5644 τῇ

197 5663 302 5717 τῶν
329 5663 615 5734 ὀνομάτων
641 5666 887 5737 ποικιλίᾳ
907 5667 1181 5735 διαφόρως
1209 5668 1570 5738 σημαίνητιι,
1588 5669 1685 5737 οὐχ
1709 5669 1787 5729 ὠς

201 5755 330 5811 ῖδιον
360 5756 501 5827 ἔχων
530 5776 583 5810 τι
611 5759 706 5811 καὶ
741 5759 863 5812 καθ’
889 5758 1103 5823 ἑαυτὸν,
1135 5758 1164 5810 ὃ
1196 5760 1272 5829 μὴ
1303 5760 1381 5830 τῷ
1408 5760 1583 5831 ἐτέρῳ
1615 5762 1787 5831 πρότι-

199 5866 367 5913 :01”,
396 5851 513 5906 ἀλλ’
543 5852 616 5914 ὡς
647 5852 732 5905 ἐπ’
761 5855 964 5924 ἀμφοῖν
1001 5856 1199 5922 χωρεῖν
1225 5854 1530 5923 δυναμένου
1584 5857 1784 5918 παντὸς

278 5943 293 5973 ⁸
330 5944 488 6000 Deut.
528 5959 605 6008 Vl,
631 5945 685 6000 4.
763 5947 782 5976 '
821 5944 978 5999 Deut.
1017 5960 1070 6012 κ,
1103 5945 1204 6012 ‘20;
1250 5943 1439 6001 Matth.
1481 5963 1555 6007 tr.
1597 5948 1676 6001 l0.

1885 4659 2133 4713 eamdem
2167 4659 2371 4713 habens
2407 4658 2817 4726 proprietatem,
2853 4667 3039 4724 utpote
3059 4671 3123 4709 ex
3158 4656 3274 4722 ipso
3305 4662 3468 4706 uatu-

1888 4747 2079 4802 raliter
2118 4750 2436 4816 procedens,
2489 4757 2544 4802 et
2601 4756 2687 4803 est
2719 4763 2842 4802 cum
2896 4747 3055 4800 Patre
3097 4745 3357 4799 Dominus
3404 4759 3471 4797 ac

1892 4840 2055 4905 Deus,
2099 4843 2411 4896 necessario
2445 4843 2612 4896 etiam
2645 4840 2823 4895 bonus
2862 4841 2985 4905 erit,
3019 4849 3077 4892 ιιι
3127 4838 3310 4902 Pater,
3346 4851 3469 4888 cum

1890 4945 2114 5003 paterna
2141 4935 2444 5004 proprietas
2473 4933 2633 4987 etiam
2671 4933 2772 4986 hac
2805 4933 2857 4986 itt
2883 4943 3037 5002 parte
3083 4932 3137 4986 in
3173 4932 3289 4999 ipso
3325 4929 3473 4985 exsi—

1888 5033 2022 5091 stat,
2059 5025 2283 5093 perinde
2317 5035 2482 5090 atque
2514 5025 2567 5077 in
2604 5024 2714 5078 illo.

2422 5105 2674 5176 Ejusdem
2713 5115 2760 5160 et
2794 5106 2928 5162 hac.

1963 5201 2130 5256 Multa
2170 5202 2236 5256 de
2281 5199 2442 5254 Patre
2487 5209 2540 5253 et
2571 5197 2710 5253 Filio
2742 5214 2898 5253 sacra
2948 5198 3231 5268 Scriptura
3269 5194 3466 5265 praedi-

1891 5305 2001 5362 cat,
2046 5311 2228 5364 neque
2274 5306 2454 5348 tamen
2513 5292 2822 5346 ditl'erentia
2878 5292 3163 5344 nominum
3221 5288 3472 5343 essentia:

1895 5389 2164 5443 rationem
2199 5389 2253 5443 iu
2288 5389 2606 5442 universum
2634 5387 2942 5455 distinguit,
2995 5386 3068 5439 ita
3110 5393 3168 5435 ttt
3202 5383 3328 5436 inde
3359 5383 3475 5434 dis-

1895 5482 2471 5550 similitudoqutedatn
2498 5494 2593 5534 eos
2613 5487 2851 5548 separet.
2877 5477 2996 5533 Una
3026 5477 3171 5530 enim
3197 5483 3279 5528 est
3303 5473 3478 5534 deitas

1890 5574 2072 5630 l'atris
2104 5586 2157 5628 et
2184 5572 2330 5640 Filii,
2366 5572 2587 5628 etiamsi
2635 5581 2867 5638 uterque
2917 5584 3012 5638 per
3060 5567 3210 5622 varia
3249 5566 3473 5620 nomina

1895 5665 2214 5722 dill‘erenter
2260 5664 2601 5733 signiﬁcetur
2648 5680 2662 5715 :
2716 5677 2825 5716 non
2868 5659 3011 5730 quod
3057 5660 3318 5712 alteruter
3353 5671 3478 5726 pro-

1895 5759 2074 5826 priunt
2150 5757 2356 5824 aliquid
2413 5757 2467 5810 in
2527 5771 2587 5809 se
2661 5755 2875 5819 habeat,
2936 5752 3082 5820 quod
3161 5750 3313 5804 alteri
3369 5762 3477 5801 non

1897 5853 2050 5918 insit,
2083 5854 2176 5908 sed
2212 5853 2360 5923 quod
2396 5851 2462 5907 de
2495 5863 2724 5922 utroque
2748 5849 2855 5904 dici
2892 5846 3068 5919 possit
3098 5842 3364 5918 quidquid
3397 5841 3474 5896 de
