3920 6582
408 398 516 461 679

1083 512 1151 565 Et
1183 512 1311 568 Ita'c.

478 615 579 680 Qui
630 614 743 669 ha2c
795 614 863 666 ita
919 612 1169 682 imperite
1213 610 1423 678 objicit,
1470 607 1707 663 vicissim
1756 623 1787 662 a
1836 607 1990 663 nobis
2019 610 2059 665 Δ

405 709 589 762 audiet
619 725 633 761 :
664 707 780 773 Quo
823 714 981 775 pacto
1022 720 1129 758 non
1180 704 1349 773 possit
1377 704 1580 756 εει-νειτί
1617 702 1870 757 identitas
1902 715 1988 757 es-

404 802 591 855 sentia:
624 800 676 854 in
707 800 868 854 Patre
896 807 950 852 et
982 798 1139 860 Filio,
1172 799 1214 849 si
1246 796 1414 850 Filius
1453 807 1536 850 est
1565 795 1742 867 imago
1791 793 1985 857 Patris,

403 904 458 945 et
498 893 549 945 in
588 891 769 960 seipso
803 890 1043 943 ostendit
1080 887 1332 941 Patrem?
1360 886 1701 940 Manifestum
1732 886 1875 939 enim
1905 894 1989 940 est

404 996 457 1041 et
488 988 557 1038 ah
590 986 844 1037 omnibus
878 984 1203 1046 atltniSsunt,
1260 982 1529 1034 netninent
1573 980 1626 1033 in
1655 979 1757 1033 alia
1795 990 1987 1033 natura

404 1080 564 1132 aliam
604 1092 870 1139 cernere;
920 1090 1096 1143 neque
1140 1074 1425 1144 quisquam
1465 1072 1645 1127 dicere
1684 1071 1853 1141 possit
1891 1084 1984 1135 se,

406 1186 528 1226 cum
562 1185 759 1238 equum
794 1168 1009 1233 viderit,
1037 1169 1312 1222 hominum
1342 1164 1577 1235 aliquem
1608 1165 1825 1220 vidisse.
1852 1161 1984 1216 Nam

405 1266 459 1318 in
501 1264 566 1317 iis
597 1280 715 1333 qua:
756 1264 995 1333 ejusdem
1028 1270 1233 1314 natura:
1280 1268 1405 1313 sunt
1431 1258 1626 1312 similia
1664 1259 1826 1313 etiam
1866 1270 1986 1311 cer-

405 1366 639 1422 nuntur,
668 1370 770 1407 non
806 1356 857 1406 in
888 1354 954 1408 iis
998 1345 1119 1422 qua:
1165 1352 1306 1406 inter
1348 1365 1404 1405 se
1433 1350 1736 1415 dissident,
1774 1350 1984 1403 ratione

405 1448 550 1502 tnodi
592 1463 700 1515 quo
734 1449 1023 1500 exsistunt.
1057 1444 1112 1499 Si
1161 1460 1289 1514 ergo
1319 1443 1564 1511 Philippo
1608 1442 1843 1511 cupienti
1883 1439 1985 1493 Pa-

404 1553 541 1596 trem
595 1542 778 1596 videre
838 1538 1092 1594 Christus
1146 1538 1385 1605 seipsunt
1440 1534 1694 1597 ostendit,
1755 1534 1979 1587 dicens:

408 1655 427 1688 ι
463 1636 562 1702 Qui
616 1635 748 1688 vidit
790 1648 894 1697 me,
928 1632 1064 1687 vidit
1110 1640 1164 1684 et
1209 1627 1464 1683 Patrem‘
1507 1645 1522 1695 ;
1564 1646 1581 1678 ι
1633 1642 1852 1682 necesse
1901 1637 1981 1680 cst

401 1725 624 1781 omnino
670 1733 727 1778 ttt
774 1724 1013 1792 ejusdem
1057 1720 1309 1776 essentia:
1339 1721 1583 1773 dicamus
1625 1732 1745 1772 esse
1785 1718 1979 1772 Filium

1340 392 1712 454 I‘ANOPLIA
1762 391 2224 452 DOGMA'I'ICA.
2256 417 2322 429 ·-
2349 391 2495 454 ΤῘΤ.
2537 391 2639 455 XL

3558 386 3655 449 680

2695 512 2802 567 Καὶ
2844 509 3043 567 τοῦτο.

2174 610 2231 664 '0
2263 609 2437 663 ταῦτα
2469 609 2771 681 προτείνων
2814 607 3046 679 ἀμαθῶς
3067 647 3082 672 ,
3114 606 3507 661 άντακοὺσεται
3542 609 3664 678 παρ’

2090 703 2247 773 ἡμῶν
2268 719 2279 731 ·
2322 702 2431 756 Καὶ
2466 702 2582 764 πῶς
2608 700 2674 755 ἂν
2706 700 2923 753 δύναιτο
2949 700 3214 769 ταυτότης
3234 700 3420 761 οὐσίας
3457 698 3532 770 μὴ
3561 700 3660 751 σώ-

2087 798 2278 863 ζεσθαι
2322 800 2413 852 ὲπί
2466 816 2526 852 τε
2567 800 2779 870 Πατρδς
2816 800 2909 853 καὶ
2946 800 3107 865 Υἰοῦ,
3143 799 3198 853 εί
3224 817 3287 869 γε
3325 801 3418 854 τοῦ
3458 803 3667 870 Πατρὶς

2089 890 2252 945 είκών
2279 893 2426 945 ἐστιν
2456 893 2484 944 ὁ
2508 892 2655 957 Υίὸς,
2681 893 2773 945 καὶ
2803 894 2863 945 ἐν
2892 892 3072 964 ἑαυτῷ
3091 893 3331 946 δείκνυσι
3369 894 3459 946 τὸν
3494 895 3667 947 Πατέ-

2093 999 2190 1053 ρα;
2227 982 2463 1053 Εὔδηλον
2488 984 2597 1054 γάρ
2630 984 2692 1054 δή
2730 983 2927 1036 πονθέν
2966 985 3082 1036 ἐστι
3138 984 3232 1036 καὶ
3268 985 3432 1037 πᾶσιν
3480 982 3667 1053 ὁμολοσ

2086 1078 2184 1146 γοὺ
2194 1094 2372 1148 μενον,
2403 1076 2478 1138 ὡς
2506 1077 2680 1139 οὐδεὶς
2708 1078 2762 1128 ὲν
2801 1076 2967 1146 ἑτέρᾳ
3005 1075 3162 1144 φύσει
3202 1074 3299 1146 τὴν
3327 1076 3517 1145 ἑτέραν
3542 1074 3669 1143 δίψε-

2087 1187 2176 1222 ται
2199 1186 2212 1199 ’
2238 1169 2348 1221 οὐδ’
2377 1169 2443 1222 ἄν
2478 1185 2561 1231 τις
2611 1168 2723 1239 ἔχοι
2754 1166 2934 1237 λέγειν
2985 1167 3151 1220 ἵππον
3180 1166 3460 1238 ἑωρακὼς,
3498 1168 3581 1220 ὅτι
3606 1168 3667 1238 δή

2084 1276 2206 1314 τινα
2228 1258 2338 1312 τῶν
2365 1258 2668 1331 ἀνθρώπων
2687 1258 2961 1313 τεθέαται.
2993 1257 3082 1312 Ἑν
3105 1258 3214 1329 γάρ
3244 1261 3355 1321 τοῖς
3373 1259 3669 1327 ὁμοφυέσιν

2086 1354 2118 1425 ἡ
2145 1354 2252 1408 τῶν
2282 1352 2484 1424 ὁμοίων
2507 1351 2805 1417 ἀπόδειξις,
2829 1352 2929 1404 οὑκ
2954 1352 3010 1404 ὲν
3036 1352 3150 1415 τοῖς
3187 1351 3428 1423 ἀλλήλων
3449 1351 3668 1422 διεστη-

2084 1447 2224 1510 κόσι,
2258 1446 2396 1500 κατὰ
2425 1445 2514 1501 τὸν
2534 1445 2627 1499 τοῦ
2652 1445 2772 1507 πῶς
2787 1440 3114 1514 εἷναιΜγον.
3144 1446 3205 1498 Ei
3224 1446 3399 1499 τοίνυν
3417 1444 3668 1515 ζητοῦντι

2084 1538 2161 1609 τῷ
2189 1538 2440 1608 Φιλίππῳ
2493 1536 2585 1590 τὸν
2640 1536 2863 1607 Πατέρα
2917 1535 3067 1600 ἰδεῖν,
3092 1536 3286 1589 ἑαυτὸν
3339 1536 3669 1590 ἐπιδεικνύει

2084 1630 2338 1701 Χριστὸς,
2360 1629 2535 1697 λέγων
2553 1644 2566 1656 ·
2605 1646 2623 1679 ι
2669 1628 2728 1680 ⁸0
2763 1626 3023 1697 ἑωρακὼς
3045 1626 3161 1697 ἐμὲ,
3200 1626 3411 1698 ἑώρακε
3439 1628 3529 1679 τὸν
3554 1629 3670 1681 Πα-

2085 1723 2237 1792 τέρα,
2272 1740 2290 1773 ι
2322 1722 2536 1790 ἀνάγκη
2568 1721 2718 1774 πᾶσα
2751 1721 2848 1791 τῆς
2874 1720 3044 1791 αὑτῆς
3088 1719 3274 1783 οὐσίας
3307 1716 3444 1773 εἶναι
3486 1720 3671 1788 λέγειν

401 1833 526 1873 cum
564 1816 747 1883 Patre,
781 1826 839 1870 ut
880 1815 1261 1871 Omnintodam
1293 1809 1581 1883 imaginem
1610 1821 1665 1866 et
1699 1812 1979 1866 characte-

2105 1816 2179 1867 τὸν
2206 1814 2333 1867 Υίὺν
2358 1815 2435 1884 τῷ
2459 1814 2653 1884 Πατρὶ,
2684 1813 2760 1876 ὼς
2794 1813 3209 1884 ἀπαράλλακτον
3234 1812 3414 1867 εἰκόνα
3444 1814 3537 1867 καὶ
3560 1812 3671 1883 χα-

403 1924 516 1964 rem
541 1924 655 1967 sua:
684 1909 1061 1979 hypostaseos.

2105 1910 2341 1979 aautﬁpa
2361 1908 2461 1978 τῆς
2486 1907 2837 1969 ὑποστάσεως
2863 1905 3051 1961 αὑτοῦ.

1062 2002 1128 2056 Et
1167 2003 1299 2058 lucc.

2695 2004 2802 2057 Kal
2864 2004 3064 2058 τοῦτο.

472 2100 552 2166 Si,
588 2097 1039 2170 quemadmodum
1067 2111 1165 2152 vos
1191 2110 1460 2164 errantes,
1513 2104 1566 2152 et
1619 2098 1671 2150 in
1737 2111 1979 2150 errorem

2161 2094 2245 2159 Ei,
2272 2095 2523 2165 καθάπερ
2550 2096 2707 2161 ὑμεῖς
2733 2098 2912 2150 οίεσοε
2936 2099 3250 2162 πλανῶντες
3267 2097 3361 2151 καὶ
3379 2097 3673 2169 πλανώμε-

401 2191 537 2269 alios
559 2192 887 2246 adducentes
911 2188 1230 2261 Opinamini,
1264 2205 1371 2243 non
1413 2204 1479 2243 ex
1509 2187 1748 2245 essentia
1806 2186 1982 2242 Patris

2105 2205 2192 2253 μοι,
2228 2189 2328 2242 οὑκ
2358 2190 2420 2241 ὲκ
2452 2190 2547 2259 τῆς
2574 2191 2760 2253 οὐσίας
2794 2190 2888 2243 τοῦ
2924 2191 3133 2262 [ἰατρὸς
3169 2191 3438 2263 προῆλθεν
3463 2193 3492 2245 ὁ
3514 2192 3673 2257 Υἱὸς.

402 2286 570 2341 Filius
620 2285 840 2355 prodiit,
895 2284 990 2339 sed
1060 2284 1420 2349 extrinsecus,
1490 2294 1575 2338 est
1631 2292 1811 2339 autem
1869 2283 1985 2351 ipse

2105 2282 2299 2353 Βπέστη
2325 2282 2382 2335 δὲ
2413 2282 2632 2349 ἔξωθεν,
2658 2283 2752 2337 καὶ
2774 2283 2922 2339 ἔστιν
2952 2286 3113 2350 αὑτὸς
3144 2287 3178 2357 ἡ
3207 2288 3367 2357 σοφία
3390 2287 3484 2340 καὶ
3509 2287 3675 2340 δύνα-

405 2378 669 2450 sapientia
703 2387 758 2433 et
785 2378 1030 2447 potentia
1062 2376 1263 2445 Patris,
1295 2377 1461 2431 Pater
1514 2386 1709 2430 natura
1742 2391 1841 2431 nec
1897 2391 1983 2431 sa-

407 2476 581 2544 piens,
611 2490 711 2531 nec
738 2485 927 2545 potens
955 2484 1057 2543 est,
1079 2476 1124 2532 si
1148 2476 1466 2547 quidem,ut
1495 2491 1725 2531 erronee
1752 2478 1982 2547 putatis,

410 2566 610 2623 Filium
639 2569 985 2624 extrinsecus
1016 2568 1294 2637 produxit,
1343 2570 1436 2638 qui
1475 2577 1559 2624 est
1601 2570 1719 2638 ejus
1754 2572 1987 2641 sapien-

408 2658 482 2713 tia
521 2669 575 2715 et
605 2661 869 2730 potentia.
910 2661 980 2715 At
1012 2660 1174 2717 Pater
1218 2671 1414 2718 natura
1440 2661 1677 2732 sapiens,
1712 2672 1766 2717 et
1796 2673 1989 2734 potens

405 2759 512 2817 est,
540 2749 733 2805 Filitnu
763 2752 927 2823 igitur
947 2769 1013 2808 ex
1048 2752 1219 2808 Patris
1242 2754 1501 2821 essentia,
1519 2765 1574 2811 et
1608 2755 1812 2810 idcirco
1839 2756 1987 2825 ejus-

405 2841 528 2898 dem
558 2843 719 2911 etiam
749 2843 1000 2900 essentia:
1027 2859 1150 2901 cum
1179 2844 1271 2901 illo
1304 2860 1446 2913 esse,
1474 2861 1697 2904 necesse
1736 2859 1818 2903 est
1849 2864 1982 2903 con-

409 2933 573 2991 titeri.

409 3023 480 3080 Et
529 3036 763 3098 quatuor
800 3028 1075 3098 sequentia
1122 3029 1302 3096 capita
1356 3028 1561 3084 Filium
1611 3046 1724 3085 esse
1778 3031 1985 3087 demon-

664 3107 840 3152 strant
872 3099 1108 3168 ejusdem
1139 3101 1381 3155 essentia:
1406 3117 1524 3155 cum
1557 3101 1737 3155 Patre.

485 3183 546 3239 In
576 3186 713 3257 lege,
744 3188 944 3259 inquit,
968 3197 1147 3243 vestra
1173 3189 1438 3261 scriptum
1467 3200 1554 3246 est
1580 3210 1592 3245 :
1628 3191 1864 3246 Duorum
1902 3192 1994 3246 Iro-

2095 2391 2187 2443 μις
2251 2373 2347 2427 τοῦ
2412 2375 2645 2446 Πατρὸς,
2698 2374 2822 2431 οὑτε
2889 2379 3056 2447 σοφὸς
3107 2380 3249 2433 κατὰ
3309 2379 3471 2448 φύσιν
3520 2380 3673 2433 ἐστὶν

2092 2469 2121 2521 ὁ
2151 2468 2341 2539 Πατὴρ
2361 2507 2375 2531 ,
2406 2467 2528 2522 οὔτε
2562 2470 2668 2542 μὴν
2696 2470 2918 2535 δυνατὸς
2937 2514 2951 2538 ,
2987 2473 3041 2526 εἴ
3070 2490 3132 2541 γε
3162 2474 3303 2528 κατὰ
3328 2474 3426 2546 τὴν
3454 2475 3674 2543 ἀμαθε-

2098 2554 2303 2632 στάτην
2325 2560 2480 2631 ὑμῶν
2506 2562 2772 2632 πρότασιν
2796 2563 2996 2630 ἔξωθεν
3025 2564 3297 2635 ὑπέστησε
3325 2563 3416 2618 τὸν
3444 2565 3599 2631 Υἱδν,
3621 2564 3678 2627 ὃς

2096 2654 2246 2707 ἐστιν
2277 2652 2426 2725 αὑτῷ
2457 2655 2619 2725 σοφία
2655 2655 2749 2709 καὶ
2772 2654 3026 2727 δύναμις.
3071 2657 3209 2711 Ἀλλ’
3242 2658 3360 2711 ἐστι
3390 2658 3529 2711 κατά
3572 2657 3679 2727 cpti-

2098 2762 2184 2799 σιν
2228 2746 2390 2816 σοφός
2427 2762 2486 2800 τε
2532 2747 2631 2799 καὶ
2670 2747 2918 2812 δυνατός.
2966 2750 3208 2822 Ἀνάγκη
3262 2752 3410 2804 πᾶσα
3441 2751 3539 2804 καὶ
3585 2752 3680 2803 τὸν

2098 2839 2225 2894 Υίὺν
2263 2841 2329 2895 ἐκ
2356 2839 2456 2911 τῆς
2492 2838 2587 2893 τοῦ
2625 2840 2839 2913 Πατρὸς
2875 2841 3061 2907 οὐσίας
3096 2839 3235 2898 εἶναι
3275 2844 3477 2914 λέγειν.
3516 2844 3584 2898 El
3622 2845 3678 2899 δδ

2097 2936 2278 3001 τοῦτο,
2318 2934 2411 2989 καὶ
2446 2935 2758 3006 ὀμοούσιος.

2101 3028 2209 3082 Καὶ
2243 3028 2315 3083 τὰ
2344 3030 2803 3103 ὑποτεταγμένα
2839 3031 2888 3085 δ’
2917 3033 3213 3101 κεφάλαια
3242 3032 3368 3099 τοῖς
3387 3033 3507 3085 ἅνω
3526 3049 3682 3103 συμ-

2377 3102 2735 3171 φθέγγονται
2757 3104 2891 3169 περὶ
2916 3104 3022 3157 τοῦ
3046 3106 3397 3173 όμοουσίου.

2259 3191 2350 3245 Ἑν
2381 3191 2460 3262 τῷ
2492 3192 2916 3264 νόμῳ,φησὶ,τῷ
2948 3194 3199 3268 ὑμετέρω
3229 3195 3565 3266 γέγραπται,
3600 3196 3682 3249 ὅτι

418 3279 622 3333 minum
652 3281 1021 3335 testimonium
1066 3297 1178 3336 esse
1225 3299 1427 3339 verum.
1476 3282 1679 3338 Deinde
1727 3281 1999 3353 subiicit:

2107 3281 2201 3336 δύο
2225 3283 2570 3356 ἀνθρώπωνὴ
2602 3283 2879 3356 μαρτυρία
2896 3284 3096 3357 ἀληθής
3118 3290 3286 3344 ἐστιν.
3310 3283 3442 3342 Εἶτα
3462 3288 3679 3355 ἐπάγει,

416 3370 531 3442 Ego
561 3389 701 3439 sum,
749 3375 840 3443 qui
880 3375 1240 3429 testimonium
1279 3377 1522 3445 perhibeo
1556 3375 1621 3430 de
1651 3393 1732 3430 me
1768 3376 1905 3440 ipso,
1950 3385 1999 3430 et

417 3466 777 3520 testimonium
827 3466 1056 3537 perhibet
1104 3467 1169 3522 de
1214 3484 1317 3533 me,
1361 3468 1453 3539 qui
1481 3469 1626 3522 misit
1671 3484 1773 3533 me,
1809 3466 2001 3522 Pater.

423 3556 720 3627 Imaginem
751 3556 921 3627 igitur
947 3566 1278 3614 contuentes
1314 3574 1679 3630 agnoscemus
1722 3561 2005 3631 exemplar

414 3646 559 3717 ejus.
588 3644 853 3714 Duorum,
884 3648 1079 3719 inquit,
1114 3649 1384 3704 hominum
1419 3651 1784 3704 testimonium
1822 3666 2003 3705 verum

416 3750 517 3807 est,
544 3740 781 3796 duorum
815 3752 995 3797 autem
1037 3734 1325 3797 hdminum
1368 3751 1621 3807 naturam
1665 3758 1790 3800 esse
1837 3759 2003 3799 unam

418 3836 614 3891 amnes
651 3837 1003 3892 conﬁtentur.
1037 3836 1224 3904 Quare
1254 3836 1429 3893 Patris
1458 3846 1513 3893 et
1546 3836 1671 3893 Filii
1702 3840 2004 3894 essentiam

418 3939 543 3979 esse
572 3940 737 3979 unam
785 3942 980 3983 omnes
1024 3942 1331 3997 agnoscere
1364 3938 1596 3991 possunt
1632 3939 1689 3983 et
1732 3928 2005 3985 confiteri.

423 4016 582 4072 Sicut
604 4018 752 4074 enim
784 4018 899 4076 illic
921 4020 1031 4075 duo
1055 4020 1329 4086 homines,
1357 4022 1432 4076 ita
1457 4022 1546 4076 hic
1572 4015 1740 4087 Deu’s,
1762 4034 1816 4077 et
1840 4021 2007 4087 Deus,

423 4106 587 4163 Pater
616 4119 671 4164 et
702 4109 900 4177 Filius,
927 4113 1020 4182 qui
1054 4111 1190 4183 ipsis
1216 4114 1381 4167 etiam
1417 4112 1732 4169 hominibus
1760 4114 2007 4168 eamdem

424 4210 680 4258 naturam
718 4204 1038 4259 Ostendunt.
1092 4203 1277 4275 Neque
1330 4207 1479 4260 enim
1526 4192 1691 4261 verus
1728 4205 1874 4261 Deus
1923 4207 2006 4261 di-

425 4309 641 4351 versam
687 4313 719 4351 a
765 4312 897 4353 vero
925 4297 1037 4353 Deo
1070 4308 1321 4354 naturam
1363 4300 1584 4367 habeat,
1629 4316 1804 4369 neque
1833 4298 2011 4356 Filius

425 4390 496 4445 ah
527 4389 621 4444 illo
640 4389 1000 4455 ditierentem,
1033 4407 1158 4447 cum
1195 4393 1289 4449 Dei
1324 4393 1395 4475 sit
1439 4391 1632 4450 Filius.
1666 4393 1762 4449 llis
1808 4394 2012 4449 auditis

424 4479 600 4538 ,Ιυὰτεί
653 4484 1065 4553 quaesiverunt:
1116 4482 1219 4539 Ubi
1256 4496 1337 4541 est
1386 4484 1554 4541 Pater
1591 4487 1760 4543 tuus?
1800 4486 2013 4553 Quibus

428 4577 709 4647 respondit
757 4577 923 4634 Jesus
966 4596 983 4636 :
1030 4577 1216 4651 Neque
1254 4597 1336 4634 me
1363 4583 1557 4646 nostis,
1594 4597 1757 4651 neque
1797 4578 2010 4634 Patrem

431 4684 625 4724 meum.
667 4668 730 4725 Si
772 4687 852 4725 me
894 4674 1201 4739 uenissem,
1248 4656 1298 4729 et
1342 4673 1563 4728 Patrem
1607 4688 1781 4727 meum
1834 4672 2013 4739 utique

426 4765 822 4832 cognovissetis.

506 4857 696 4912 Videte
730 4871 924 4911 rursus
968 4858 1246 4927 quomodo
1284 4858 1415 4914 hinc
1458 4856 2012 4914 consubstantialitas

435 4950 866 5007 demonstratur.
903 4950 958 5006 Si
992 4966 1096 5021 me,
1133 4951 1332 5022 inquit,
1366 4953 1605 5018 sciretis,
1633 4950 1851 5005 Patrem
1878 4963 2019 5018 quo-

434 5059 543 5113 quo
573 5058 755 5097 meum
790 5043 1030 5100 sciretis.
1061 5046 1132 5098 At
1177 5059 1305 5098 vero
1334 5059 1400 5097 ex
1436 5057 1503 5097 eo
1553 5042 1699 5111 quod
1733 5040 2014 5095 diversum

431 5120 520 5190 est
548 5147 763 5200 natura,
789 5137 1021 5190 alterum
1057 5137 1187 5190 item
1222 5135 1551 5188 naturaliter
1590 5135 1868 5186 diversum
1910 5147 2015 5184 non

435 5228 794 5297 dignoscitur.
846 5226 1095 5298 Namque
1168 5228 1348 5281 aliena
1393 5228 1626 5280 invicem
1669 5236 1723 5280 et
1754 5234 2015 5279 extranea

436 5324 669 5378 invicem
695 5337 803 5378 non
823 5322 1211 5378 demonstrant
1237 5340 1250 5376 :
1274 5325 1369 5377 sed
1393 5333 1604 5376 natura:
1626 5322 2018 5376 communione

437 5418 753 5486 conjuncta,
785 5432 851 5471 ex
886 5417 1150 5472 alterutro
1181 5424 1507 5469 noscuntur.
1538 5414 1617 5469 Ex
1657 5433 1766 5471 uno
1794 5416 2018 5470 homine

443 5511 753 5562 universam
788 5508 1076 5561 hominum
1114 5518 1365 5561 naturam
1407 5522 1742 5575 cognOscere
1771 5508 1928 5575 licet;
1963 5519 2019 5563 et

439 5618 507 5655 ex
542 5618 648 5654 una
678 5616 779 5656 ove
811 5601 1129 5654 universum
1167 5601 1350 5654 ovium
1386 5615 1558 5670 genus
1600 5617 1614 5655 :
1655 5617 1763 5655 non
1829 5610 2012 5655 tamen

522 5784 534 5811 ³
568 5781 724 5835 Juatt.
771 5798 881 5848 XIV,
909 5781 962 5836 9.

2116 3373 2267 3444 Ἐγώ
2288 3378 2406 3445 ειμι
2433 3379 2466 3430 ό
2484 3375 2809 3445 μαρτυρῶν
2828 3379 2963 3446 περί
2989 3380 3253 3447 ἐμαυτοῦ
3274 3384 3375 3435 καί
3388 3381 3689 3451 μαρτυρεῖ

2104 3466 2238 3535 περὶ
2265 3467 2409 3537 ἐμοῦ
2434 3472 2468 3523 ὁ
2487 3469 2731 3538 πέμψας
2748 3487 2826 3540 με
2852 3470 3074 3539 Πατήρ.
3116 3472 3547 3542 ’Λποδλέψαντες
3573 3474 3682 3527 τοία

2106 3576 2201 3613 νυν
2245 3560 2326 3624 είς
2373 3562 2472 3633 τὴν
2511 3562 2717 3625 εἰκόνα,
2772 3562 3058 3634 νοήσωμεν
3103 3563 3165 3617 τὸ
3207 3566 3537 3635 ἀρχέτυπον.
3584 3566 3701 3623 Δύο.

2107 3653 2615 3725 φησὶν,άνθρώπων
2656 3656 2690 3725 ἡ
2728 3654 3004 3725 μαρτυρία
3040 3654 3250 3726 ἀληθής
3293 3657 3434 3709 ὲστι.
3476 3654 3598 3707 Τῶν
3628 3653 3684 3706 δὲ

2106 3743 2199 3796 δύο
2251 3743 2558 3812 ἀνθρώπων
2596 3746 2630 3816 ἡ
2676 3745 2837 3814 φύσις
2893 3747 2992 3816 μία
3037 3746 3284 3816 δηλονότι
3320 3747 3475 3817 παρὰ
3526 3747 3683 3800 πᾶσιν

2108 3835 2477 3906 ὡμολόγηται.
2516 3835 2727 3889 Οὐκοῦν
2762 3836 2973 3910 Πατρὸς
3008 3838 3102 3893 καὶ
3145 3838 3276 3892 Υἱοῢ
3315 3840 3348 3910 ἡ
3381 3840 3543 3893 οὑσία
3592 3838 3683 3909 μία

2109 3928 2175 3980 ἐκ
2210 3926 2309 3997 τῆς
2340 3926 2546 3991 είκόνος
2576 3928 2908 3998 νοηθήσεταί
2943 3946 3002 3981 τε
3069 3931 3164 3983 καὶ
3195 3930 3680 4001 ὁμολογηθήσεται.

2111 4017 2326 4088 Ὥσπερ
2350 4020 2459 4089 γὰρ
2488 4021 2607 4073 ἐκεῖ
2629 4020 2723 4073 δύο
2750 4021 3050 4091 ἄνθρωποι,
3078 4021 3253 4085 οὑτως
3273 4021 3511 4076 ἐνταῦθα
3541 4024 3677 4087 Θεὸς,

2111 4111 2204 4165 καὶ
2232 4111 2386 4179 Θεὸς,
2425 4114 2636 4183 Πατὴρ,
2675 4116 2770 4166 καὶ
2802 4114 2949 4180 Υἱὸς,
2988 4118 3082 4168 καὶ
3112 4115 3296 4178 αὑτοῖς
3323 4117 3437 4179 τοῖς
3467 4116 3682 4185 ὀνόμασι

2110 4208 2396 4279 δηλοῦντες
2457 4210 2556 4277 τῆς
2603 4206 2819 4273 φύσεως
2873 4206 2971 4278 τὴν
3026 4206 3352 4277 ταυτότητα.
3391 4206 3531 4261 οὔτε
3584 4207 3682 4277 γάρ

2111 4303 2141 4355 ὁ
2192 4300 2406 4369 άληθῶς
2450 4299 2584 4362 Θεὸς
2628 4300 2823 4371 ἐτέρας
2876 4299 2944 4352 ἂν
2994 4298 3079 4369 εῐη
3141 4297 3353 4368 φύσεως
3404 4300 3554 4371 παρὰ
3598 4300 3681 4351 τὸν

2112 4392 2288 4462 ἀληθῆ
2333 4391 2488 4460 Θεδν,
2520 4391 2644 4446 οὒτε
2679 4395 2707 4444 ὁ
2746 4392 2872 4455 Υίδς
2918 4392 3086 4463 ἄλλης
3128 4394 3258 4463 παρ’
3304 4393 3512 4447 ἐκεῖνον
3556 4389 3678 4445 Θεοῦ

2116 4487 2377 4556 ὑπάρχων
2429 4486 2578 4548 Υίὸς.
2638 4484 2856 4537 Τούτων
2916 4484 3253 4548 ἀκούσαντες
3310 4487 3360 4537 oi
3434 4484 3676 4545 Ἰουδαῖοι,

2116 4580 2407 4649 ἠρώτησαν
2428 4579 2614 4639 αὑτὸν,
2638 4576 2761 4631 Ποῦ
2783 4575 2956 4629 ἐστιν
2975 4573 3231 4649 ὁᾙατήρ
3251 4589 3403 4639 σου;
3425 4573 3675 4643 ἀπεκρίθη

2119 4656 2297 4725 τοίνυν
2326 4674 2354 4725 ὁ
2389 4670 2618 4739 Ἰησοῦς,
2646 4672 2794 4724 Οὔτε
2814 4669 2920 4739 ἐμὲ
2940 4668 3163 4732 οἴδατε,
3185 4667 3320 4722 οὔτε
3343 4669 3449 4722 τὸν
3469 4668 3678 4733 (latera

2114 4780 2256 4832 μου.
2284 4765 2352 4817 El
2374 4761 2478 4829 ἐμὲ
2502 4762 2719 4832 ᾔδειτε,
2745 4762 2845 4816 καί
2869 4763 2976 4816 τὸν
2994 4760 3226 4829 Πατέρα
3245 4778 3364 4832 μου
3386 4759 3571 4830 ᾔδειτε
3589 4756 3673 4809 ἄν.

2204 4842 2401 4925 Ὀῶτε
2422 4857 2585 4909 πάλιν
2607 4856 2724 4919 πῶς
2744 4855 2991 4909 ἐντεῦθεν
3014 4856 3072 4909 τὸ
3091 4854 3379 4925 ὀμοούσιον
3402 4855 3673 4907 δείκνυται.

2127 4951 2191 5003 Εἰ
2219 4949 2319 5018 ἐμὲ
2344 4949 2474 5019 γάρ,
2495 4952 2680 5025 φησιν,
2697 4949 2896 5021 ᾔδειτε,
2914 4949 3008 5003 καὶ
3033 4948 3125 5003 τὸν
3150 4948 3370 5019 Πατέρα
3396 4963 3497 5018 μου
3521 4946 3676 5016 ᾔδειτε

2123 5043 2189 5097 ἄν
2208 5056 2224 5073 ⁸
2261 5043 2326 5095 ἐκ
2357 5042 2413 5095 δὲ
2444 5042 2538 5095 τοῦ
2566 5042 2909 5112 ὲτεροουσίον
2937 5041 2998 5094 τὸ
3028 5039 3375 5110 ἑτεροούσιον
3402 5039 3463 5093 οὑ
3498 5038 3673 5106 γνωρί-

2122 5139 2310 5202 ζεται’
2349 5138 2417 5191 τά
2452 5137 2561 5207 γὰρ
2592 5136 2867 5204 ἀλλόφυὶα
2903 5135 2996 5189 καὶ
3032 5134 3448 5204 ξένα,άλλήλων
3471 5134 3561 5185 οὑκ
3583 5129 3672 5180 εἰσὶ

2122 5228 2396 5298 δηλωτικὰ
2417 5244 2431 5259 ο
2486 5228 2552 5279 τά
2594 5228 2652 5280 δὲ
2692 5217 2909 5296 (ῥύσεως
2942 5229 3323 5291 κοινωνοῦντα,
3353 5224 3421 5278 δι’
3454 5222 3671 5290 ἀλλήλων

2121 5320 2451 5391 γινώσκεται
2478 5337 2492 5350 ·
2534 5319 2601 5373 δι’
2628 5320 2746 5382 ἑνὸς
2780 5320 2880 5389 μὲν
2909 5318 3202 5389 ἀνθρώπου
3234 5319 3415 5372 πᾶσαν
3448 5318 3550 5369 τῶν
3593 5318 3672 5366 ὰνο

2121 5412 2358 5483 θρώπων
2385 5414 2486 5480 τὴν
2526 5410 2689 5479 φύσιν
2720 5410 2849 5464 ἰδεῖν
2880 5409 2996 5461 ἐδτι
3015 5424 3030 5439 ⁸
3058 5412 3152 5462 καὶ
3185 5407 3253 5460 δι’
3281 5408 3403 5469 ἑνὸς
3429 5404 3673 5475 προὸάτου

2121 5505 2229 5558 τῶν
2258 5503 2545 5572 προϐάτων
2575 5501 2723 5555 ἅπαν
2748 5500 2810 5553 τὸ
2837 5501 2992 5567 γένος
3017 5514 3029 5527 ·
3059 5500 3129 5552 οὑ
3156 5497 3267 5568 μὴν
3298 5498 3387 5551 διά
3416 5496 3674 5565 προϐάτων

2123 5599 2244 5659 τοὺς
2275 5594 2660 5659 λέοντας,οὑδὲ
2691 5592 2781 5646 διὰ
2814 5594 3044 5645 λεόντων
3070 5593 3136 5644 τὰ
3174 5590 3442 5659 πρόϐατα,
3467 5584 3566 5640 οὐδ’
3594 5589 3675 5648 εγ-
