3920 6564
177 470 286 535 61

1162 472 1538 531 PANOPLIA
1576 469 2033 531 DOGMATICA.
2073 493 2139 504 -
2170 468 2323 529 ΤῘΤ.
2362 469 2469 532 XI.

3323 468 3431 528 632

174 588 374 657 γέλους
392 584 480 639 διὰ
511 582 832 655 ἀνθρώπων,
862 584 984 638 οὐδὲ
1015 582 1103 638 διὰ
1132 583 1379 653 ἀγγέλων
1410 583 1749 653 ἀνθρώπους·

1881 601 1918 636 εχ
1956 584 2147 638 ovibus
2180 582 2389 650 leones,
2414 599 2588 653 neque
2633 598 2699 638 ex
2734 582 2985 639 leonibus
3015 598 3184 641 oves:
3253 600 3433 652 neque

173 681 324 745 ζῶον
346 681 449 751 γὰρ
466 680 807 747 ἓκαστοντῆς
825 678 1028 742 οίκείας
1044 677 1344 748 δηλωτικόν
1373 678 1489 731 ἐστι
1519 676 1756 746 φύσεως.

173 775 240 827 Et
274 774 459 825 τοίνυν
479 775 506 826 6
526 770 820 841 μονογενὴς
838 772 1008 839 Λόγος
1025 770 1120 825 τοῦ
1140 770 1276 825 Θεοῦ
1320 771 1545 842 κτίσμα,
1581 770 1671 823 καὶ
1701 768 1760 834 ἐξ

172 867 277 918 οὐκ
318 866 509 927 ὅντων,
550 865 644 917 καὶ
675 849 733 929 ἐξ
777 865 971 934 ἑτέρας
999 865 1146 928 τινος
1194 864 1487 934 γεγένηται
1520 862 1760 931 φύσεως.

174 958 297 1019 πῶς
325 959 381 1011 ἐν
409 956 558 1027 αὐτῷ
588 958 678 1012 τὸν
710 957 929 1027 Πατέρα
958 956 1201 1011 δείκνυσι
1226 956 1621 1025 πιστευόμενος
1649 969 1665 1021 ;
1712 953 1763 1005 εί

172 1051 233 1104 δὲ
273 1054 303 1104 6
336 1051 523 1121 Πατὴρ
551 1051 639 1104 διὰ
670 1049 765 1105 τοῦ
798 1050 928 1102 Υῑοῦ
954 1048 1303 1118 γινώσκεται,
1326 1049 1423 1102 καὶ
1452 1051 1480 1101 6
1514 1049 1606 1102 τὸν
1634 1048 1763 1101 Υἱον

173 1140 491 1207 γινώσκων,
519 1140 614 1193 καὶ
644 1138 734 1192 τον
780 1139 1002 1209 Πατέρα
1032 1136 1316 1205 γινώσκει,
1361 1134 1622 1204 πεδηθείη
1663 1133 1761 1203 μὲν

177 1230 337 1283 πᾶσα
376 1228 697 1299 βλάσφημος
738 1228 978 1295 γλῶσσα,
1017 1228 1113 1281 καὶ
1137 1225 1215 1296 τῷ
1234 1228 1468 1299 λάρυγγι
1495 1227 1635 1281 κατὰ
1660 1224 1755 1279 τὸν

174 1320 475 1390 προφήτην
499 1319 811 1389 κολληθείη·
858 1321 1017 1389 ἡμεῖς
1038 1320 1095 1373 δὲ
1123 1322 1172 1373 οἱ
1203 1319 1302 1384 τῆς
1333 1319 1377 1373 Τ
1383 1319 1563 1389 ριάῗος
1596 1333 1767 1387 προσ-

176 1410 420 1482 κυνηταὶ
448 1411 653 1483 ἀκριϐῆ
675 1410 770 1464 τοῦ
796 1412 1083 1481 όμοουσίου
1131 1409 1383 1465 ἐντεῦθεν
1429 1411 1532 1477 τὴν
1562 1408 1765 1476 γνῶσιν

173 1504 557 1574 λαμϐάνομεν·
608 1504 950 1573 λογιζόμενοι
984 1504 1059 1566 ὡς
1089 1505 1188 1558 οὐκ
1226 1503 1292 1558 ἂν
1324 1502 1530 1573 ἑτέρως
1563 1503 1622 1554 ὲν
1646 1499 1766 1572 Υἱῷ

176 1596 375 1668 Πατὴρ
409 1596 736 1667 ἐγνωρίσθη,
762 1597 809 1649 εί
840 1595 915 1667 μὴ
941 1597 1039 1665 τῆς
1069 1594 1241 1665 αὐτῆς
1264 1594 1454 1656 οὐσίας
1475 1593 1761 1661 ὲτύγχανε’

174 1687 274 1739 καὶ
339 1685 751 1757 προσκυνοῦμεν
808 1685 900 1739 τὸν
933 1685 1163 1756 Σωτῆρα
1204 1685 1296 1737 τὸν
1325 1684 1625 1754 ἡμέτερον,
1664 1681 1765 1750 τῆς

174 1780 609 1850 προσκυνήσεως
639 1779 730 1833 τὸν
762 1778 975 1849 καρπὸν
1002 1778 1389 1845 ἀναμένοντες,
1440 1775 1501 1830 οῦ
1531 1774 1767 1845 χορηγὸς

175 1869 349 1930 τιῦτὺς
374 1872 402 1923 6
428 1870 893 1940 Πατὴρίτυγχάνει
918 1871 1060 1923 κατὰ
1079 1870 1178 1941 τὴν
1206 1868 1299 1923 τοῦ
1318 1868 1526 1939 Κυρίου
1554 1866 1763 1937 φωνήν·

184 1979 205 2013 ι
235 1960 379 2016 Ἐάν
406 1978 485 2024 τις
516 1961 644 2031 γὰρ,
681 1961 867 2031 φησιν,
898 1963 1020 2031 ἐμοὶ
1051 1962 1366 2032 διακονήσῃ,
1410 1960 1635 2030 τιμήσει
1665 1958 1765 2011 αῦ-

1863 672 2085 742 augelos
2108 687 2171 725 ex
2212 672 2546 737 hominibus,
2577 688 2756 742 neque
2778 689 2844 729 ex
2901 674 3107 743 angelis
3142 675 3392 730 homines
3420 693 3434 730 :

1864 780 1988 819 nam
2026 766 2453 835 unumquodque
2474 765 2678 819 animal
2701 767 2933 835 promite
2967 777 3178 821 natura:
3209 767 3437 821 demon-

1860 856 2151 911 SIrativum
2210 866 2313 914 est.
2384 855 2438 911 Si
2494 871 2623 925 ergo
2674 856 3009 928 unigenitum
3045 855 3281 912 Verbum
3341 856 3433 910 Dei

1864 958 2115 1002 creatura
2138 958 2241 1007 est.
2268 957 2322 1004 et
2340 963 2404 1004 ex
2434 964 2541 1003 non
2571 956 2729 1003 antea
2757 948 3199 1012 exstantibus,et
3232 964 3294 1004 ex
3328 950 3433 1003 alia

1864 1040 2097 1110 quadam
2167 1049 2360 1095 natura
2423 1051 2635 1108 natum,
2721 1039 2998 1111 quomodo
3064 1041 3117 1095 in
3184 1054 3242 1096 se
3336 1041 3435 1093 l‘a-

1866 1142 2004 1189 trem
2038 1136 2401 1201 demonstrat,
2439 1135 2484 1190 si
2516 1132 2565 1189 ei
2594 1134 2887 1191 credatur?
2914 1131 3034 1188 Jam
3066 1133 3111 1190 si
3136 1132 3302 1189 Pater
3341 1149 3437 1204 per

1866 1223 2062 1279 Filium
2084 1225 2415 1296 agnoscitur,
2438 1234 2492 1281 et
2520 1225 2610 1297 qui
2641 1221 2842 1280 Filium
2871 1223 3041 1288 novit,
3076 1225 3228 1277 novit
3252 1230 3307 1278 et
3334 1221 3439 1275 Pa-

1867 1327 2028 1383 trem,
2062 1318 2395 1388 impediatur
2419 1333 2551 1375 sane
2570 1317 2975 1389 quaevislingua
2999 1316 3342 1385 hlasphema,
3366 1328 3441 1383 et,

1868 1420 1927 1464 ut
1971 1411 2045 1465 ait
2073 1409 2362 1481 Propheta,
2398 1411 2646 1467 faucibus
2695 1410 2968 1466 adhaareat
3008 1411 3051 1464 ⁸.
3107 1407 3217 1463 Nos
3258 1418 3441 1463 autem

1866 1502 2153 1559 Trinitatis
2171 1493 2487 1560 ador‘atores
2514 1512 2826 1560 accuratam
2853 1502 2981 1558 hinc
2998 1501 3443 1557 consubstantia-

1867 1597 2036 1652 litatis
2063 1596 2338 1649 notionem
2357 1594 2766 1665 adipiscamur;
2822 1600 3163 1663 reputantes,
3208 1606 3316 1646 non
3347 1592 3446 1645 ali—

1870 1697 1951 1744 ter
1982 1688 2179 1743 Filium
2221 1687 2276 1742 in
2306 1687 2465 1743 Patre
2498 1685 2614 1742 fore
2648 1682 3080 1755 agnoscendum,
3127 1684 3232 1739 nisi
3295 1683 3448 1753 ejus-

1868 1782 1993 1837 dem
2045 1791 2191 1837 esset
2242 1779 2563 1837 substantiae
2595 1796 2612 1836 :
2644 1778 3043 1847 adoremusque
3099 1775 3444 1831 Servatorem

1873 1871 2334 1937 nostrum,cultus
2367 1872 2534 1927 nostri
2557 1868 2819 1933 fructum,
2851 1870 3249 1940 praestolantes,
3284 1870 3445 1939 cujus

1875 1973 2032 2023 dator
2085 1966 2245 2021 Pater
2289 1977 2395 2032 est,
2454 1964 2761 2021 secundum
2791 1964 3001 2018 Domini
3034 1964 3238 2019 dictum
3272 1980 3288 2019 :
3330 1981 3349 2014 ι
3390 1962 3446 2016 Si

178 2054 318 2107 τὸνὸ
341 2053 525 2122 Πατήρ
546 2069 669 2121 μου·
685 2071 704 2104 ι
729 2054 824 2106 καὶ
848 2056 876 2107 6
907 2053 1206 2123 θαυμάσιος
1229 2052 1284 2105 δὲ
1307 2051 1567 2120 Ἰωάννης
1593 2052 1621 2104 6
1652 2049 1771 2103 θεο-

1881 2059 2001 2130 quis
2030 2060 2199 2125 enim,
2232 2054 2425 2128 inquit,
2457 2057 2585 2112 mihi
2616 2057 3029 2122 ministraverit,
3063 2054 3451 2111 honoriﬁcabit

177 2146 385 2213 λογῶν,
440 2163 460 2196 ι
496 2145 554 2200 Ὀ
587 2144 855 2200 πιστεύων
916 2146 995 2208 εἰς
1049 2144 1140 2198 τὸν
1192 2143 1343 2209 Υἱὸν,
1398 2142 1589 2213 φησὶν.
1659 2139 1772 2210 ἔχει

1881 2165 1999 2206 eum
2055 2150 2213 2204 Pater
2253 2164 2428 2205 meus.
2466 2150 2487 2181 ¹
2522 2168 2541 2202 ι
2598 2148 2843 2220 Itemque
2895 2149 3250 2203 admirandus
3282 2147 3453 2203 Joan-

179 2237 339 2308 ζωὴν
368 2238 609 2291 αἰώνιον·
638 2240 666 2291 6
687 2237 744 2291 δὲ
774 2236 1019 2292 ἀπειθῶν
1052 2234 1129 2306 τῷ
1165 2235 1303 2304 Υίῷ,
1332 2234 1431 2288 οὐκ
1463 2232 1655 2303 ὄψεται
1675 2232 1772 2303 τὴν

1881 2253 1975 2293 nes
2005 2237 2325 2307 theologus:
2357 2256 2376 2287 ι
2418 2236 2521 2305 Qui
2554 2239 2730 2293 credit
2791 2239 2843 2293 in
2871 2237 3093 2303 Filium,
3131 2239 3328 2309 inquit,
3356 2242 3452 2293 lia-

181 2328 362 2403 ζωὴν,
393 2330 509 2385 ἀλλ’
533 2332 567 2401 ἡ
592 2330 731 2403 ὀργὴ
754 2330 845 2385 τοῦ
869 2330 1005 2385 Θεοῦ
1033 2331 1190 2401 μενεί
1215 2328 1303 2383 ἐπ’
1337 2328 1556 2383 αὐτόν.»

252 2598 328 2654 Et
387 2599 675 2669 όμοούσιός
736 2602 885 2655 ἔστιν
929 2602 958 2656 6
1018 2599 1312 2672 Λόγοςτῷ
1371 2602 1570 2671 Πατρὶ,
1618 2600 1774 2673 φησι,

185 2695 280 2747 καὶ
312 2693 349 2744 ὁ
375 2693 561 2765 Πατὴρ
598 2696 675 2765 τῷ
712 2694 895 2766 Λόγῳ,
931 2693 1086 2748 οὐδὲν
1115 2694 1194 2748 ἔτι
1223 2694 1287 2749 τὸ
1321 2693 1529 2748 κωλὺον
1555 2694 1771 2766 ὁρᾶται,

186 2789 373 2857 Λόγον
398 2783 535 2842 εἶναί
556 2805 614 2841 τε
640 2784 737 2842 καὶ
770 2789 1055 2843 καλεῖσθαι
1080 2788 1171 2844 τδν
1204 2787 1445 2859 Πατέρα,
1473 2788 1548 2851 ὡς
1572 2788 1771 2859 όμοού-

189 2898 306 2934 σιον
356 2881 534 2951 Λόγῳ.
576 2880 651 2935 Οὐ
681 2880 897 2944 πάντως
946 2881 1015 2935 τὰ
1053 2880 1151 2951 τῆς
1190 2881 1362 2952 αὐτῆς
1394 2880 1521 2935 ὄντα
1553 2881 1771 2949 φύσεως

188 2975 268 3036 είς
305 2972 518 3043 ἄλληλα
553 2975 975 3043 μεταστήσεται.
1007 2974 1140 3028 Οὐδὲ
1169 2975 1279 3044 γὰρ
1305 2974 1334 3027 6
1374 2973 1547 3044 ’Δδάμ
1571 2972 1772 3044 όμοού-

193 3082 309 3129 σιος
343 3064 417 3117 ὢν
443 3066 520 3136 τῷ
560 3066 660 3136 υἱῷ
688 3066 852 3121 αὐτοῦ
879 3066 1040 3131 Κάῖν,
1070 3069 1151 3131 είς
1177 3064 1270 3120 τδν
1307 3066 1449 3122 Κάῖν
1476 3066 1771 3137 μεταστὰς,

190 3152 389 3219 γέγονε
430 3154 588 3208 Κάϊν.
627 3154 765 3207 Ἀλλ’
802 3154 923 3207 οὐδὲ
966 3156 996 3209 6
1042 3156 1184 3211 Κάῖν
1220 3157 1302 3221 είς
1338 3156 1431 3212 τὸν
1477 3157 1648 3228 ’Λδὰμ
1685 3158 1776 3213 διὰ

193 3244 255 3295 τὸ
313 3245 607 3313 όμοούσιος
647 3246 798 3318 αὺτῷ
835 3242 976 3303 εῖναι
1006 3248 1404 3322 μεταχωρήσας
1444 3250 1617 3322 ’Λδὰμ
1649 3250 1773 3320 ἐγέ-

189 3348 348 3402 νετο,⁵
378 3339 495 3394 ἀλλ’
525 3340 582 3395 ἓν
614 3341 765 3405 ὄντες
794 3344 859 3414 τῇ
900 3344 1061 3413 φύσει
1095 3343 1184 3399 διὰ
1209 3343 1312 3417 τὴν
1341 3346 1642 3417 ὁμοιότητα
1676 3346 1772 3401 δύο

193 3433 542 3503 μεμενήκασι
596 3435 867 3503 πρόσωπα
926 3436 1331 3492 ιδιοῦπόστατα.
1382 3438 1529 3493 Διότι
1590 3440 1620 3493 6
1676 3439 1775 3511 μὶν

192 3526 506 3596 ἐγέννησεν,
539 3525 567 3579 6
599 3525 656 3581 δὲ
687 3527 950 3599 ἐγεννήθη
984 3530 1108 3584 καθ’
1135 3531 1452 3586 ὑπόστασιν.

262 3617 382 3684 Τὸ,
436 3618 529 3673 Ζῶ
580 3618 695 3690 ἐγὼ
742 3619 841 3674 διὰ
896 3621 1006 3675 τὸν
1043 3623 1301 3691 Πατέρα,
1350 3625 1412 3678 οὐ
1442 3625 1774 3697 παρίστησιν

194 3713 536 3783 έτεροούσιον
559 3717 652 3768 τὸν
684 3714 831 3779 Υίδν,
873 3716 923 3767 εί
958 3716 1034 3787 μὴ
1071 3717 1273 3787 μᾶλλον
1301 3717 1607 3788 όμοούσιον.
1646 3720 1774 3772 '06-

197 3822 305 3875 περ
338 3806 448 3875 γὰρ
486 3808 541 3860 εἴ
574 3825 658 3871 τις
698 3812 811 3873 υίὸς
841 3810 1131 3881 ἀνθρώπου
1162 3812 1363 3881 φησει,
1398 3812 1628 3880 Λογικός
1659 3814 1775 3881 είμι

199 3897 286 3950 διὰ
311 3899 407 3951 τὸν
442 3900 673 3971 πατέρα,
706 3901 873 3973 ἦγουν
902 3902 990 3957 διὰ
1022 3902 1083 3956 τὸ
1121 3899 1261 3957 εἶναι
1284 3905 1506 3972 λογικὸν
1537 3904 1629 3958 τὸν
1665 3921 1774 3957 πα-

200 3990 335 4060 τέρα
358 4009 482 4060 μου,
500 3990 641 4047 οὕτω
674 3994 812 4046 καὶὸ
843 3993 968 4057 Υἱὸς
994 3994 1090 4047 καὶ
1116 3995 1267 4062 Θεδς,
1300 3995 1417 4063 Ζῶ,
1446 3998 1631 4068 φησὶν,
1662 3996 1778 4066 ἐγὼ

200 4083 297 4137 διὰ
330 4083 390 4135 τὸ
427 4081 564 4153 εἶναι
603 4084 745 4156 ζωὴν
782 4084 890 4140 τὸν
921 4088 1169 4156 Πατέρα.
1211 4088 1309 4144 Διὰ
1331 4089 1387 4143 δὲ
1417 4090 1509 4142 τοῦ
1532 4091 1777 4144 τοιούτου

201 4173 360 4243 λόγου
410 4176 471 4229 τὸ
520 4177 782 4247 πατρικὸν
831 4176 1000 4231 αῐτιον
1040 4180 1069 4231 6
1120 4178 1246 4244 Υἱὸς
1294 4180 1389 4233 καὶ
1432 4181 1607 4249 Λόγος
1652 4181 1772 4254 ὲδήο

201 4266 397 4322 λωσεν.

268 4360 443 4412 Πόθεν
486 4362 514 4413 ό
554 4361 678 4423 Υίὸς
719 4362 1010 4435 ὠνομάσθη
1031 4364 1318 4435 ὀμοούσιος
1346 4364 1426 4435 τῷ
1446 4365 1646 4436 Πατρὶ,
1674 4383 1778 4436 φη-

202 4454 285 4502 σὶν
310 4454 337 4503 6
363 4452 704 4520 ’Λπόστολος,
726 4456 831 4521 ’ος
851 4456 922 4509 ἐν
938 4455 1139 4526 μορφῇ
1169 4455 1318 4511 Θεοῦ
1340 4456 1633 4527 ὑπάρχων
1662 4459 1776 4525 οὐχ

200 4543 519 4614 ἁρπαγμὸν
540 4545 810 4614 ἡγήσατο
839 4546 903 4600 τὸ
934 4544 1090 4601 εἶναι
1124 4548 1230 4601 ἴσα
1255 4546 1397 4613 Θεῷ.
1422 4550 1649 4620 Μορφῆς
1682 4545 1777 4602 οῦν

1875 2331 1967 2387 bet
2001 2332 2169 2386 vitam
2194 2341 2488 2397 aternam;
2525 2332 2620 2401 qui
2653 2341 2838 2386 autem
2872 2330 3187 2388 incredulus
3210 2341 3295 2387 est
3355 2328 3450 2385 Fi-

1877 2422 1971 2487 lio,
2022 2423 2188 2477 vitam
2242 2437 2352 2477 non
2379 2420 2602 2490 videbit,
2655 2421 2751 2478 sed
2778 2423 2856 2477 ira
2884 2421 2981 2478 Dei
3014 2424 3260 2479 manebit
3285 2438 3451 2493 super

1878 2515 2056 2584 ipsum
2094 2515 2137 2568 ³.
2175 2533 2193 2566 ι

1949 2605 2009 2661 Si
2071 2608 2351 2678 ejusdem,
2414 2607 2705 2678 inquiunt,
2758 2607 3012 2664 essentia:
3069 2618 3152 2665 est
3217 2608 3452 2664 Verbum

1876 2712 2001 2754 cum
2035 2698 2220 2765 Patre,
2262 2700 2393 2770 quid
2422 2700 2671 2771 prohibet
2722 2700 2961 2763 Patrem,
2994 2711 3051 2756 ut
3098 2701 3336 2768 ejusdem
3368 2718 3457 2757 es-

1874 2792 2065 2846 sentia
2090 2806 2213 2846 cum
2230 2789 2429 2858 Verbo,
2454 2790 2687 2848 Verbum
2718 2806 2839 2848 esse
2865 2792 3035 2861 iQuae
3057 2804 3183 2849 sunt
3215 2796 3455 2867 ejusdem

1876 2892 2082 2938 naturae
2124 2883 2361 2938 vicissim
2410 2898 2575 2939 unum
2610 2885 2663 2939 in
2698 2885 2842 2940 aliud
2877 2901 2985 2941 non
3027 2899 3454 2943 commutantur.

1874 2975 2064 3046 Neque
2082 2975 2226 3030 enim
2256 2975 2452 3043 Adam,
2480 2976 2624 3046 quod
2651 2976 2895 3047 ejusdem
2954 2980 3207 3037 essentia:
3237 2981 3309 3037 sit
3336 2998 3459 3037 cum

1875 3067 2177 3130 (ἰείη.ὶάοο
2204 3075 2445 3122 mutatur
2500 3069 2554 3123 in
2590 3068 2744 3131 Cain,
2812 3084 2913 3126 nec
2968 3087 3163 3128 rursus
3212 3071 3344 3129 Cain
3402 3076 3461 3128 in

1875 3160 2048 3215 Adam
2101 3160 2449 3225 transfertur,
2503 3166 2562 3215 ut
2590 3174 2657 3215 ex
2695 3159 2831 3217 Cain
2883 3164 3072 3218 evadat
3104 3163 3298 3229 Adam,
3362 3170 3459 3222 sed

1801 3283 1847 3344 α
1879 3269 2001 3309 cum
2054 3268 2218 3309 unum
2254 3254 2365 3308 sint
2386 3262 2605 3322 pr0pter
2629 3253 2872 3324 ejusdem
2901 3268 3112 3312 natura:
3172 3258 3459 3325 rationem,

1879 3348 2001 3400 diue
2052 3356 2252 3414 tamen,
2282 3345 2335 3400 in
2368 3362 2466 3403 sua
2499 3355 2733 3418 utraque
2766 3348 3067 3418 liypostasi,
3099 3359 3313 3405 manent
3338 3364 3465 3421 per-

1874 3457 2044 3509 sonae,
2083 3442 2379 3498 secundum
2421 3457 2584 3513 quam
2631 3443 2724 3498 ille
2768 3443 2985 3514 quidem
3009 3444 3213 3514 genuit,
3246 3444 3334 3499 hic
3366 3460 3465 3498 au-

1875 3544 1982 3589 tem
2042 3545 2125 3589 est
2176 3534 2409 3603 genitus.

1945 3625 2128 3690 Illud,
2201 3626 2325 3681 Vivo
2394 3643 2488 3697 ego
2563 3634 2777 3695 propter
2836 3624 3051 3679 Patrem
3081 3625 3123 3689 ⁸,
3194 3640 3302 3680 non
3383 3627 3464 3681 dic

1878 3731 2051 3772 versa
2105 3714 2301 3772 Filium
2340 3716 2610 3781 essentia,
2645 3716 2739 3770 sed
2794 3714 3037 3783 ejusdem
3097 3717 3276 3785 potius
3328 3718 3465 3769 ineti-

1877 3818 1968 3866 cat
2006 3821 2124 3864 esse
2152 3822 2278 3863 cum
2335 3808 2517 3863 Patre.
2559 3805 2630 3860 Ut
2668 3806 2811 3860 enim
2847 3808 2892 3862 si
2940 3806 3062 3876 quis
3113 3808 3349 3863 hominis
3406 3810 3467 3861 ιι-

1877 3899 1985 3955 lius
2040 3898 2267 3963 diceret,
2324 3897 2435 3966 Ego
2478 3911 2597 3953 sum
2652 3896 2860 3951 ratione
2925 3895 3179 3964 praeditus
3245 3909 3465 3967 propter

1875 4005 2108 4066 patrem,
2165 4000 2219 4047 et
2279 4002 2484 4064 patrem
2531 3992 2719 4061 utique
2776 3992 2983 4046 ratione
3032 3991 3310 4060 praeditum
3370 3993 3465 4045 de-

1878 4089 2138 4150 clararet,
2181 4085 2259 4140 sic
2292 4093 2346 4140 et
2406 4082 2574 4139 Filius
2611 4093 2668 4139 et
2726 4085 2884 4148 Deus,
2940 4083 3081 4151 Vivo,
3116 4084 3314 4154 inquit,
3375 4101 3467 4154 ego

1876 4192 2087 4251 propter
2115 4178 2351 4243 Patrem,
2375 4180 2465 4247 qui
2502 4177 2609 4232 vita
2638 4177 2893 4231 nimirum
2918 4187 3022 4241 eat,
3057 4176 3252 4246 quibus
3287 4180 3467 4233 verbis

1877 4273 2046 4329 Filius
2063 4280 2117 4327 et
2134 4270 2366 4326 Verbum
2400 4267 2615 4324 Patrem
2664 4283 2880 4324 causam
2907 4267 3180 4324 indicavit.

1957 4365 2108 4421 [inde
2163 4362 2330 4416 Filius
2382 4362 2561 4416 dictus
2608 4373 2693 4415 est
2746 4360 2987 4428 ejusdem
3047 4361 3294 4416 essentia:
3344 4375 3468 4414 cum

1880 4456 2087 4512 Patre?
2126 4454 2328 4509 Paulus
2363 4454 2438 4507 ait
2474 4470 2491 4510 :
2520 4452 2625 4519 Qui
2657 4469 2773 4505 cum
2809 4454 2865 4506 in
2926 4452 3097 4520 {arma
3156 4452 3250 4507 Dei
3310 4464 3467 4517 esset,

1880 4565 1980 4605 non
2004 4548 2243 4616 rapinam
2269 4547 2557 4599 arbitratus
2600 4551 2697 4608 est,
2750 4558 2861 4597 esse
2921 4560 2976 4598 ae
3009 4544 3263 4612 aequalem
3296 4544 3401 4597 Deo
3424 4545 3466 4597 '.

201 4635 337 4687 Θεοῦ
366 4637 467 4706 τῆς
502 4638 649 4701 θείας
688 4637 906 4708 φύσεως
938 4640 1255 4711 νοουμένης,
1284 4642 1686 4711 προσκειμένης
1722 4641 1772 4693 δὲ

1886 4641 2022 4697 Cum
2055 4640 2147 4693 Dei
2182 4638 2376 4700 l‘orma,
2407 4637 2587 4692 divina
2613 4634 2944 4704 intelligatur
2972 4646 3188 4700 natura,
3213 4635 3466 4704 adjuncta

201 4730 295 4781 xui.
327 4729 427 4797 τῆς
462 4730 732 4800 ἰσότητος,
775 4731 1009 4800 εὐλόγως
1050 4732 1333 4803 όμοούσιος
1364 4731 1677 4802 ὠνομάσθη.
1720 4731 1781 4785 Ὀ

202 4822 310 4887 γὰρ
344 4821 443 4890 τῆς
472 4821 592 4891 ἴσης
634 4822 712 4893 τῷ
747 4823 920 4890 Πατρὶ
967 4821 1205 4891 φύσεως,
1236 4824 1329 4893 τῆς
1372 4823 1493 4891 ἴσης
1534 4824 1640 4891 ἄρα
1688 4824 1780 4875 καὶ

204 4912 412 4975 οὐσίας.
444 4913 553 4965 Καὶ
582 4914 741 4977 αὐτὸς
765 4914 820 4965 δὲ
846 4916 873 4967 6
898 4914 1135 4983 Χριστὸς
1157 4914 1415 4985 εἰρηκώς.
1455 4915 1596 4984 Ἐγὼ
1620 4916 1719 4968 καὶ
1746 4917 1780 4969 ό

207 5003 411 5071 Πατὴρ
442 5005 512 5058 ἓν
539 5006 750 5075 ἐσμεν,
778 5006 839 5060 τὸ
869 5006 1066 5062 ταυτὸν
1097 5006 1199 5078 τῆς
1230 5006 1466 5077 φύσεως,
1502 5007 1672 5077 ἤγουν
1691 5006 1782 5059 οὐ·

209 5096 328 5158 σίας
352 5096 635 5164 ἐνέφηνεν.

211 5207 321 5259 Τοῦ
360 5208 549 5280 αὐτοῦ
590 5209 659 5262 ἐκ
700 5208 807 5263 τοῦ
837 5216 891 5262 α’
936 5210 1270 5280 κεφαλαίου
1317 5208 1424 5263 τοῦ
1465 5208 1516 5263 α’
1542 5209 1786 5273 βιϐλίου

276 5278 775 5403 ἒοὲόοῗησαυροῦ
839 5285 973 5349 περὶ
1007 5278 1378 5351 ήάγεννήτου
1451 5280 1788 5349 κεφαλαίου

316 5367 520 5416 γοοου.

286 5465 355 5521 α’.
384 5466 545 5521 Κατὰ
574 5467 744 5520 πολλὰ
786 5466 1157 5537 σημαινόμενα
1201 5456 1555 5534 τδὰγένητον
1585 5465 1790 5535 ἐκλαμ-

217 5558 457 5615 ϐἀνεται.
504 5560 794 5629 ’Λγένητόν
832 5559 1036 5612 ἔστιτὸ
1073 5559 1242 5628 μήπω
1288 5557 1611 5626 γενόμενον,
1643 5559 1787 5611 ἐνδε-

217 5645 437 5717 χόμενον
481 5652 539 5705 δὲ
587 5653 858 5721 γενέσθαι,
906 5652 981 5715 ὡς
1024 5650 1130 5703 ἀπὸ
1166 5649 1324 5714 ξύλου
1365 5650 1593 5719 σκάφος,
1639 5651 1671 5721 ἢ
1721 5653 1784 5704 ὲκ

188 5810 255 5946 rx
295 5826 480 5953 '3gsal.
527 5844 744 5895 cum,
800 5829 854 5884 6.
929 5826 1134 5885 'Joan.
1195 5844 1296 5897 xv,
1345 5828 1437 5884 26.

265 5920 393 5961 ,ουρ
884 5920 913 5939 ⁸

418 5992 690 6051 Parnm.
738 5994 853 6052 Gn.
893 5990 1120 6052 CXXX.

1554 5829 1573 5861 ³
1604 5828 1762 5886 Joau.
1815 5842 1897 5897 ut,
1948 5827 2039 5886 56.

1878 4734 2039 4788 etiam
2066 4730 2394 4800 aequalitate,
2428 4729 2621 4785 merito
2649 4727 2828 4783 dictus
2869 4736 2955 4781 est
2990 4727 3228 4794 ejusdem
3280 4742 3468 4781 essen-

1880 4825 1988 4880 tlaa.
2007 4823 2109 4890 Qui
2131 4825 2275 4877 enim
2293 4822 2553 4891 aequalem
2574 4829 2822 4875 naturam
2846 4821 3025 4883 habet,
3047 4820 3310 4890 aequalem
3339 4822 3467 4874 item

1878 4917 2039 4972 habet
2057 4916 2368 4971 essentiam.
2396 4912 2463 4967 Et
2484 4914 2597 4983 ipse
2637 4913 2922 4978 Christus,
2957 4912 3091 4983 Ego,
3114 4912 3390 4982 inquiens,
3420 4923 3470 4966 et

1878 5011 2048 5065 Pater
2098 5026 2263 5065 unum
2307 5025 2489 5063 eumue
2513 5008 2557 5073 ⁸,
2608 5008 2853 5062 eamdem
2912 5017 3189 5074 naturam,
3236 5015 3292 5063 et
3350 5007 3471 5062 ideo

1880 5101 2143 5171 aequalem
2170 5102 2300 5156 item
2330 5099 2620 5156 essentiam
2650 5098 2909 5155 ostendit.

1954 5213 2209 5285 Ejusdem
2241 5230 2307 5269 ea:
2350 5214 2605 5269 Thesauri
2630 5214 2836 5338 cap.81,
2868 5213 2962 5269 lib.
2986 5230 3026 5283 ι,
3049 5212 3126 5267 De
3172 5212 3402 5282 ingenito

2588 5300 2707 5338 ean.
2782 5323 2796 5337 .

2588 5300 2707 5353 cap.
2739 5300 2796 5338 δ.

1965 5466 2017 5519 l.
2051 5463 2358 5535 lngenitum
2407 5462 2593 5518 multis
2637 5462 2809 5517 modis
2850 5458 3155 5530 accipitur:
3202 5458 3473 5528 signiﬁcat

1890 5560 2035 5615 enim
2065 5566 2118 5613 et
2147 5558 2223 5624 id,
2253 5557 2396 5627 quod
2421 5556 2656 5611 nondum
2678 5554 2878 5609 factum
2900 5561 3007 5618 est,
3033 5553 3128 5607 sed
3154 5559 3332 5605 tamen
3359 5551 3470 5607 ﬁeri

1891 5659 2089 5720 potest,
2130 5660 2189 5704 ut
2227 5665 2296 5706 ex
2326 5650 2472 5719 ligno
2511 5648 2807 5717 navigium,
2856 5654 2952 5702 aut
2982 5660 3047 5701 ex
3104 5660 3212 5702 aere
3257 5655 3472 5711 statua;

2147 5828 2169 5860 ⁵
2202 5825 2458 5895 Joau.v1,
2482 5826 2573 5882 58.
2689 5829 2711 5861 '
2746 5827 2980 5900 Philipp.
3004 5839 3068 5891 ll,
3104 5826 3161 5880 6.
3265 5826 3288 5859 ⁸
3316 5823 3477 5883 Joan.

3087 5990 3165 6051 22
