3920 6552
476 384 581 446 ῦὸἹ

1718 382 1923 441 EUTll
1936 382 2031 441 YM
2047 380 2099 441 ΙΙ
2148 381 2320 442 ZlGA
2333 385 2512 447 BENI
3641 393 3729 459 £88

482 501 712 565 Spiritus
750 500 835 553 ubi
878 502 1008 568 uult,
1034 503 1222 572 spirat,
1254 510 1303 555 et
1328 516 1499 556 vocem
1524 498 1638 567 ejus
1666 497 1842 562 audis,
1869 496 1958 549 sed
1982 511 2042 550 ne

2182 498 2370 553 πάλιν·
2436 501 2508 556 Τὸ
2567 504 2809 575 Πνεῦμα
2865 501 3019 555 ὅπου
3069 501 3227 556 θέλει
3283 499 3439 564 πνεῖ,
3485 504 3577 555 καὶ
3633 506 3731 573 τὴν
3782 574 3797 583 _

484 593 589 646 scis
623 593 759 645 unde
814 593 1005 658 veniat,
1059 605 1150 646 aut
1185 610 1288 665 quo
1324 592 1480 646 vadat
1532 592 1570 642 ¹.
1605 590 1695 643 Sic
1743 599 1827 643 est
1866 590 2061 653 omnis,

478 682 568 750 qui
614 683 827 753 genitus
854 691 938 739 est
969 700 1034 739 ex
1062 684 1287 755 Spiritu.
1321 685 1387 740 Et
1417 699 1539 738 cum
1577 680 1855 750 Scriptura
1895 679 2062 733 Deum

477 776 655 844 ignem
683 784 855 840 vocet,
884 775 1023 830 Deus
1063 776 1364 848 (inquiens)
1392 782 1567 829 noster
1591 772 1726 842 ignis
1750 787 2062 825 consumens

477 881 554 922 est
586 869 834 931 ’,eadem
854 871 1081 937 loquens
1098 871 1162 924 de
1182 870 1388 940 Spiritu
1416 880 1608 925 sancto
1645 884 1657 919 :
1688 868 2061 935 Apparuerunt

477 960 701 1030 (inquit)
728 961 1024 1029 dispertita
1046 963 1239 1031 lingua:
1265 969 1515 1030 tanquam
1540 959 1698 1028 ignis,
1718 959 2061 1025 sederuntque

474 1068 631 1121 super
663 1052 901 1122 singulos
933 1069 1136 1121 eorum,
1159 1064 1207 1109 et
1238 1055 1423 1122 repleti
1458 1061 1575 1104 sunt
1614 1066 1803 1121 qonmes
1857 1048 2063 1117 Spiritu

474 1154 682 1209 sancto,
720 1154 767 1199 et
795 1157 1056 1213 eruperunt
1093 1144 1236 1215 loqui
1263 1145 1385 1197 aliis
1409 1142 1628 1212 linguis,
1654 1150 1805 1209 prout
1833 1139 2063 1209 Spiritus

472 1239 637 1292 dabat
680 1238 788 1293 illis
818 1238 993 1308 eloqui
1019 1239 1060 1293 ³.
1086 1239 1164 1293 At:
1195 1238 1454 1293 Dominus
1508 1237 1724 1306 quidem
1785 1249 1864 1301 sc,
1926 1248 2059 1302 qua-

476 1341 634 1386 tenus
692 1333 853 1387 homo
898 1342 1003 1397 est,
1034 1344 1231 1385 vocare
1261 1330 1456 1383 bonum
1506 1338 1741 1389 recusat,
1780 1326 1919 1391 Quid
1960 1340 2058 1389 me,

475 1424 752 1493 inquiens,
778 1424 966 1477 bonum
986 1424 1116 1476 dicis
1137 1422 1160 1475 .9
1185 1438 1331 1475 nemo
1356 1422 1543 1483 bonus,
1570 1421 1671 1472 nisi
1696 1436 1828 1472 unus
1854 1416 1990 1472 Deus
2016 1416 2057 1470 ’⁸.

475 1517 757 1588 Scriptura
777 1529 954 1572 autem
992 1531 1100 1571 non
1115 1526 1334 1570 veretur
1353 1514 1552 1568 bonum
1578 1528 1713 1566 voca
1724 1528 1779 1566 re
1798 1512 2059 1581 Spiritum

473 1619 768 1664 sanctum:
806 1607 1055 1678 Spiritus,
1075 1604 1351 1677 inquiens,
1390 1616 1510 1658 tuus
1537 1604 1624 1656 ille
1648 1604 1809 1655 bonus
1844 1601 2063 1654 deducet

472 1718 555 1757 me
591 1703 647 1755 in
687 1712 830 1757 terra
878 1709 1018 1754 recta
1055 1702 1098 1754 ⁵.
1136 1699 1204 1754 Et
1232 1697 1486 1753 Ezechiel
1531 1697 1793 1767 prephcta
1828 1704 2062 1749 veterem

472 1792 729 1862 populum
773 1806 1039 1847 accusans
1070 1790 1330 1845 dicebat:
1383 1785 1832 1841 Contristaverunt
1884 1800 1964 1837 me
2008 1782 2061 1835 in

476 1886 715 1941 erunibus
756 1886 865 1949 his,
900 1885 1026 1938 dicit
1066 1882 1382 1938 Dominus‘.
1411 1881 1610 1936 Paulus
1639 1890 1819 1933 autem
1856 1882 1921 1931 ad
1947 1892 2057 1931 no-

2172 593 2385 659 ςοωνὴν
2420 594 2608 648 αὑτοῦ
2638 596 2879 660 ἀκούεις
2901 631 2914 656 ,
2947 592 3087 646 ἀλλ’
3116 592 3228 645 οὐκ
3255 585 3425 657 οἶδας
3456 593 3631 648 πόθεν
3655 598 3732 663 ἑρ-

2172 701 2364 753 χεται,
2395 688 2496 740 καὶ
2527 688 2645 743 ποῦ
2678 687 2891 757 ὑπάγει
2916 704 2929 717 ·
2963 685 3134 748 οὕτως
3186 683 3303 737 ἐστὶ
3351 685 3459 747 πᾶς
3503 687 3531 738 ὁ
3562 702 3733 754 γεγεν-

2170 778 2408 849 νημένος
2462 780 2526 832 ὲκ
2556 779 2651 833 τοῦ
2703 778 3026 849 Πνεῦματος
3049 792 3064 807 ’
3097 775 3190 829 καὶ
3221 777 3304 829 ἔτι
3332 776 3424 829 τὸν
3446 775 3573 830 Θεὸν
3602 781 3736 831 καλεῖ

2171 871 2283 943 πῦρ
2316 873 2349 942 η
2386 872 2423 924 Γ
2431 872 2575 942 ραφὴ
2599 912 2613 937 ,
2639 872 2713 935 ὡς
2743 872 2827 939 τὸ,
2871 871 2933 923 '0
2966 871 3111 935 Θεὸς
3152 866 3322 938 ἡμῶν
3356 868 3477 936 πῦρ
3503 885 3733 922 natura-

2167 967 2423 1021 λίσκον·
2473 966 2570 1020 καὶ
2617 966 2747 1035 περὶ
2784 964 2879 1017 τοῦ
2918 964 3074 1032 ἁγίου
3109 963 3427 1033 Πνεῦματος
3469 962 3630 1030 λέγει,
3663 965 3731 1017 ὃτι

2173 1060 2490 1127 Ὥρθησαν
2517 1057 2641 1122 τοῖς
2665 1058 3037 1120 ἀποστόλοις
3062 1053 3531 1123 διαμεριζόμεναι
3559 1054 3732 1122 γλῶσ-

2168 1167 2271 1204 σαι
2295 1152 2439 1205 ὡσεὶ
2465 1150 2677 1218 πυρὸς,
2702 1148 2998 1204 ἐκάθισαν
3025 1164 3090 1201 τε
3112 1147 3203 1215 ἐφ’
3225 1146 3334 1200 ἕνα
3362 1146 3618 1200 ἕκαστον
3643 1150 3733 1201 αὺ-

2169 1242 2309 1305 τῶν,
2339 1242 2436 1296 καὶ
2457 1240 2865 1308 ἐπλήσθησαν
2889 1239 3155 1304 ἅπαντες
3184 1237 3361 1306 ἁγίου
3384 1237 3730 1305 Πνεύματος,

2169 1335 2269 1390 καὶ
2304 1335 2566 1403 ἤρξαντο
2588 1333 2805 1389 λαλεῖν
2841 1332 3070 1400 ἑτέραις
3100 1329 3436 1399 γλώσσαις,
3470 1330 3652 1395 καθὼς
3677 1340 3731 1383 το

2169 1429 2413 1498 Πνεῦμα
2435 1426 2638 1481 ἐδίδου
2666 1425 2873 1492 αὐτοῖς
2901 1423 3421 1495 ἀποφθέγγεσθαι.
3465 1423 3569 1474 Καὶ
3597 1425 3622 1474 6
3653 1423 3733 1491 μὲν

2171 1527 2215 1578 Κ
2227 1524 2373 1595 Opto;
2393 1540 2467 1575 πα
2479 1523 2745 1595 ραιτεῖται
2764 1520 2823 1573 τὸ
2844 1517 3129 1572 καλεῖσθαι
3152 1516 3381 1585 ἀγαθὸς,
3399 1514 3533 1568 καθδ
3548 1514 3637 1567 ἄνθ
3646 1532 3733 1584 ρωο

2171 1635 2270 1681 πος
2294 1616 2510 1686 γέγονε,
2548 1615 2723 1683 λέγων
2747 1630 2762 1645 ⁸
2795 1614 2855 1667 Tl
2896 1629 2973 1682 με
3014 1610 3215 1681 λέγεις
3245 1610 3514 1680 ἀγαθόν;
3553 1607 3733 1670 Οὐδεὶς

2172 1708 2397 1779 ἀγαθὸς
2428 1709 2481 1761 εί
2504 1706 2590 1777 μὴ
2616 1702 2703 1772 εἷς
2722 1708 2755 1760 ὀ
2786 1705 2951 1771 Θεός.
2992 1705 3057 1757 Ἦ
3081 1704 3137 1756 δὲ
3164 1703 3360 1773 Γραφὴ
3384 1703 3445 1754 οὐ
3480 1702 3735 1769 παραιτεῖ-

2171 1818 2259 1854 ται
2297 1802 2483 1854 καλεῖν
2518 1798 2723 1866 ἀγαθὸν
2756 1797 2815 1849 τὸ
2854 1792 3080 1863 Πνεῦμα
3110 1793 3172 1846 τὸ
3200 1794 3387 1862 ἅγιον·
3421 1791 3492 1846 Τὸ
3521 1790 3735 1856 Πνεῦμα

2162 1894 2273 1965 γάρ
2313 1906 2451 1951 σου.
2498 1890 2686 1959 φησὶν,
2735 1889 2801 1943 τὸ
2846 1888 3076 1957 ἀγαθὸν
3117 1885 3414 1954 ὁδηγήσει
3449 1899 3523 1953 με
3566 1882 3631 1935 ἐν
3671 1880 3735 1951 τῇ

476 1996 605 2033 vum
643 1978 900 2048 populum
940 1979 1229 2034 scribens:
1276 1975 1480 2039 Nolite,
1514 1974 1705 2043 inquit,
1745 1974 2058 2027 contristare

2170 1986 2382 2053 εὐθείᾳ.
2409 1986 2519 2038 Καὶ
2539 1984 2566 2036 ὁ
2595 1984 2692 2053 μὲν
2714 1981 2999 2051 προφήτης
3021 1977 3285 2048 Ἰεζεκιὴλ
3309 1976 3630 2045 αἰτιώμενος
3653 1972 3730 2024 τὸν

478 2071 738 2141 Spiritum
789 2080 1055 2137 sanctum,
1097 2071 1150 2124 in
1190 2086 1290 2138 quo
1329 2070 1523 2140 signati
1571 2069 1694 2122 estis
1724 2068 1768 2121 ⁷.
1804 2066 1865 2119 Ει
1893 2064 2057 2117 David

2170 2079 2337 2134 πάλαι
2368 2077 2494 2130 λαὸν
2530 2075 2718 2143 ἔλεγεν
2741 2089 2755 2103 ο
2795 2070 3152 2139 Ἐλύπησάν
3176 2085 3255 2140 με
3290 2070 3365 2123 ὲν
3401 2067 3587 2124 ἅπασι
3612 2064 3730 2127 τού·

474 2164 540 2219 de
560 2161 782 2231 ludatis,
827 2160 1200 2229 Irritaverunt,
1252 2162 1445 2233 inquit,
1488 2163 1653 2215 Deum
1685 2163 1738 2217 in
1783 2162 1990 2214 deserto
2016 2162 2058 2215 ⁸.

2170 2190 2315 2238 τοις,
2339 2169 2501 2238 λέγει
2524 2167 2760 2235 Κύριος.
2778 2165 2836 2217 Ὀ
2851 2164 2907 2216 δὲ
2938 2163 3147 2227 Παῦλος
3169 2162 3378 2233 γράφει
3397 2158 3475 2229 τῷ
3497 2160 3596 2227 νέῳ
3615 2154 3730 2224 λαῷο

474 2256 642 2312 Isaias
670 2269 851 2312 autem
901 2257 965 2310 de
1021 2255 1229 2311 eisdem
1287 2256 1539 2325 loquens,
1578 2253 1700 2308 Non
1733 2255 2058 2322 obcdierunt,

2170 2262 2271 2319 Καὶ
2300 2260 2384 2331 μὴ
2416 2258 2666 2315 λυπεῖτε
2692 2257 2759 2311 τὸ
2790 2256 3033 2327 Πνεῦμα
3056 2254 3122 2309 τὸ
3150 2253 3346 2325 ἅγιον,
3372 2253 3443 2305 ἐν
3471 2243 3519 2318 ᾧ
3541 2248 3735 2318 Eappa-

478 2350 676 2420 inquit,
708 2358 756 2403 ει
787 2348 1128 2403 irritaverant
1163 2345 1419 2414 Spiritum
1445 2356 1685 2399 sanctum
1717 2348 1760 2400 ’.
1790 2345 1852 2399 Et
1882 2347 2058 2400 Domi-

2173 2358 2441 2427 γίσθητε.
2473 2353 2583 2407 Καὶ
2606 2354 2634 2404 6
2663 2350 2763 2421 μὲν
2787 2349 2951 2403 Δαὸὶδ
2983 2346 3114 2419 περὶ
3144 2346 3254 2400 τῶν
3287 2344 3562 2399 Ἰουδαίων
3584 2341 3727 2411 φησί·

478 2456 585 2497 nus
601 2442 666 2497 de
690 2456 750 2496 se
771 2441 997 2509 loquens
1024 2439 1090 2494 ad
1116 2436 1373 2493 Satanam
1402 2457 1415 2493 :
1447 2439 1566 2492 Non
1593 2439 1832 2495 teutabis.
1864 2440 2057 2506 inquit,

2170 2445 2535 2516 Παρώξυναν
2569 2445 2679 2498 τὸν
2716 2442 2869 2497 Θεὸν
2898 2442 2969 2495 ἐν
3001 2438 3075 2509 τῇ
3102 2438 3309 2510 ἐρήμῳ
3332 2454 3348 2470 ο
3374 2438 3492 2505 6‘5!
3531 2432 3733 2495 Ἠσαιας

474 2537 765 2591 Dominum
797 2532 962 2589 Deum
986 2543 1132 2586 tuum
1159 2533 1225 2588 ’°.
1251 2531 1440 2585 Petrus
1463 2531 1527 2585 ad
1563 2530 1882 2599 Saphiram:
1921 2530 2058 2597 Quid

2170 2541 2297 2611 περὶ
2356 2537 2572 2592 αὐτῶν·
2648 2535 3051 2603 Ἦπείθησαν,
3110 2533 3210 2586 καὶ
3270 2530 3629 2599 παρώξυναν
3678 2524 3733 2576 τὸ

479 2628 739 2693 convenit,
785 2625 981 2695 inquit,
1016 2624 1156 2677 vobis
1208 2632 1409 2677 tentare
1470 2620 1728 2689 Spiritum
1755 2616 2058 2674 Domini”?

2170 2632 2413 2703 Πνεῦμα
2439 2631 2505 2687 τὸ
2536 2628 2731 2701 ἄτιον.
2761 2630 2871 2683 Καὶ
2904 2628 2934 2680 ὁ
2967 2626 3065 2697 μὲν
3092 2624 3297 2697 Κύριος
3327 2622 3407 2694 τῷ
3437 2618 3636 2690 Σατανᾷ
3663 2616 3734 2667 λέ-

478 2725 656 2789 Atque
724 2719 899 2785 adeo,
980 2731 1085 2786 quo
1165 2715 1364 2769 clarius
1443 2714 1711 2784 intelligas
1798 2714 2058 2783 Spiritum

2170 2744 2256 2795 γει
2279 2743 2345 2778 πε
2354 2726 2410 2796 ρὶ
2430 2723 2626 2778 ἑαυτοῦ
2648 2739 2661 2752 ·
2686 2722 2807 2777 Οὐκ
2827 2718 3201 2788 ἐκπειράσεις
3228 2718 3454 2786 Κύριον
3482 2714 3582 2768 τὸν
3610 2709 3733 2764 Θεὸν

483 2824 732 2868 sanctum
791 2824 913 2866 esse
944 2809 1133 2872 Deum,
1172 2808 1300 2862 audi
1332 2805 1551 2862 Petrum
1593 2807 1666 2861 ita
1708 2806 2011 2875 loquentem
2052 2826 2058 2861 :

2171 2836 2289 2875 σου
2313 2835 2326 2849 ο
2352 2820 2380 2871 ὁ
2410 2817 2466 2870 δὲ
2496 2816 2702 2885 Πέτρος
2736 2809 2859 2867 εἰπε
2893 2812 3029 2883 πρὸς
3056 2812 3156 2881 τὴν
3180 2809 3539 2880 Σαπφείραν·
3579 2803 3634 2858 Τί
3658 2800 3731 2853 ὅτι

480 2905 715 2969 Anania,
739 2918 833 2957 cur
851 2900 1080 2969 implevit
1108 2901 1344 2956 Satanas
1373 2915 1462 2952 cor
1491 2907 1660 2959 tuum,
1691 2910 1746 2951 ut
1776 2899 2058 2953 mentireril

2173 2910 2570 2981 συνεφωνήθη
2609 2906 2753 2977 ὑμῖν
2786 2903 3067 2974 πειράσαι
3106 2903 3174 2957 τὸ
3206 2900 3458 2970 Πνεῦμα
3507 2896 3733 2965 Κυρίουὶ

478 2999 709 3068 δρίτίιιιί
750 3005 951 3059 εαηείοι
991 3003 1038 3048 εί
1074 2994 1358 3063 Ῑτααάαηδ
1409 2993 1471 3046 de
1507 2994 1675 3059 Ρηιδο
1744 2993 1908 3063 αθνίῗ
1947 2990 2071 3047 Νοη
2186 3002 2572 3073 Ἐκδηλότερον
2594 3002 2673 3066 δὲ,
2700 3001 2783 3055 ὅτι
2814 3000 2947 3062 Θεὸς
2970 2999 3032 3051 τὸ
3055 2995 3281 3066 Πνεῦμα
3305 2996 3369 3048 τὸ
3396 2995 3570 3063 ἅγιον,
3596 2989 3733 3043 ἄκουε

479 3112 532 3147 es
566 3095 813 3147 mentitus
864 3091 1182 3155 hominibus,
1215 3092 1304 3145 sed
1334 3090 1444 3145 Deo
1474 3091 1539 3143 ¹¹.
1575 3090 1632 3145 Si
1687 3090 1754 3157 is,
1802 3088 1891 3158 qui
1918 3103 2058 3143 men-

2178 3112 2269 3148 σον
2284 3095 2375 3148 τοῦ
2405 3096 2614 3167 Πέτρου
2636 3093 2891 3163 λέγοντος
2911 3109 2925 3125 ·
2960 3091 3229 3154 ’Δνανία,
3248 3088 3414 3142 διατι
3440 3090 3473 3141 ὁ
3498 3076 3735 3142 Σατανᾶς

483 3187 618 3239 titur
667 3182 898 3253 Spiritui
942 3190 1160 3245 sancto,
1199 3181 1456 3237 mentitur
1497 3180 1625 3245 Deo,
1662 3180 1897 3251 Spiritus
1944 3196 2058 3237 sau-

2177 3187 2495 3256 ἐπλήρωσε
2545 3186 2664 3256 τὴν
2702 3185 2957 3255 καρδίαν
3003 3200 3122 3239 σου
3169 3179 3529 3254 ψεύσασθαί
3574 3189 3640 3229 σε
3679 3170 3733 3225 τὸ

481 3289 601 3332 ctus
634 3278 887 3332 nimirum
925 3284 1008 3330 est
1039 3275 1203 3331 Deus.

2170 3280 2415 3350 Πνεῦμα
2457 3280 2524 3334 τὸ
2554 3280 2728 3351 ἅγιον
2749 3321 2763 3345 ,
2796 3280 2895 3334 καὶ
2932 3276 3360 3349 νοσφίσασθαι
3393 3291 3467 3329 σε
3505 3270 3614 3327 ἀπὸ
3645 3266 3733 3331 τῆς

476 3370 652 3441 τιμῆς
678 3370 784 3425 τοῦ
814 3370 1067 3441 χωρίου;
1109 3372 1230 3424 Οὐκ
1277 3368 1522 3439 ἐψευσω
1572 3370 1926 3438 ἀνθρωποις,
1981 3372 2144 3429 ἀλλὰ
2180 3377 2261 3443 τῷ
2309 3375 2451 3443 Θεῷ.
2497 3377 2561 3430 Ei
2604 3376 2659 3431 δὲ
2705 3378 2735 3431 6
2772 3375 3119 3448 ψευσάμενος
3161 3373 3240 3445 τῷ
3292 3371 3443 3443 ἁγίῳ
3494 3362 3735 3433 Πνεύματι

475 3467 551 3537 τῷ
583 3466 702 3537 Θεῷ
728 3464 1004 3532 ψεύδεται,
1037 3466 1167 3529 Θεὸς
1192 3466 1304 3537 ἄρα
1332 3464 1392 3521 τὸ
1418 3465 1645 3538 Πνεῦμα
1674 3466 1734 3520 τὸ
1766 3466 1945 3538 ἅγιον.

478 3607 730 3678 Ejusdem
770 3610 1052 3682 Athanasii
1084 3609 1309 3681 epistola
1356 3611 1423 3682 ad
1462 3610 1827 3682 Serapionem,
1855 3614 2057 3679 episco—

723 3696 848 3749 pum
873 3679 1264 3753 Tltermupolis,
1290 3681 1354 3736 de
1374 3681 1575 3750 Spiritu
1597 3679 1805 3737 sancto.

548 3792 664 3849 Non
717 3796 834 3849 sine
907 3794 1097 3851 dolore
1152 3795 1287 3851 mihi
1320 3795 1663 3866 signiﬁcasti,
1714 3798 1912 3851 dilecte
1967 3811 2056 3849 ve-

476 3901 648 3956 reque
736 3887 1115 3955 optatissime,
1198 3889 1464 3959 quosdam
1543 3887 1768 3957 impiam
1832 3888 2063 3941 Ariano-

485 3993 605 4032 rum
670 3979 726 4032 in
775 3978 872 4034 Dei
952 3978 1151 4034 Filium
1240 3980 1476 4034 lueresin
1548 3979 1910 4035 detestantes.
1989 3978 2057 4030 ah

482 4071 589 4125 illis
642 4070 862 4140 quidem
914 4071 1263 4136 discessisse,
1324 4072 1421 4127 sed
1472 4074 1691 4129 eosdem
1772 4072 1840 4128 de
1934 4071 2060 4141 Spi-

484 4164 591 4215 ritu
654 4171 845 4218 sancto
929 4178 1094 4232 prave
1160 4166 1386 4230 sentire,
1468 4166 1909 4235 contendernque
1994 4168 2063 4220 il-

487 4254 601 4307 lum
657 4270 761 4308 non
818 4265 1027 4309 tantum
1087 4271 1200 4310 rem
1259 4267 1527 4330 creatam,
1574 4259 1667 4312 sed
1701 4260 1861 4313 etiam
1893 4276 2059 4315 unum

480 4362 546 4400 ex
599 4345 935 4403 administris
989 4348 1275 4418 spiritibus
1345 4366 1467 4405 esse
1511 4391 1527 4416 ,
1591 4351 1820 4421 soloque
1891 4353 2062 4425 gradu

484 4439 553 4492 ab
592 4437 798 4507 angelis
865 4438 1105 4495 differre.
1172 4439 1308 4495 Mira
1352 4442 1496 4496 enim
1565 4444 1807 4512 profecto
1871 4445 2063 4500 vidca-

481 4539 572 4584 tur
629 4531 867 4600 ipsorum
930 4532 1209 4598 amentia,
1285 4534 1427 4603 quod
1476 4534 1683 4589 scilicet
1733 4535 1770 4589 ii
1830 4537 1922 4605 qui
1979 4534 2066 4590 Fi-

482 4622 615 4675 lium
680 4623 773 4678 Dei
822 4639 935 4678 rem
998 4634 1240 4680 creatam
1312 4640 1434 4680 esse
1497 4628 1712 4693 nolunt,
1767 4628 1894 4699 (qua
1940 4631 2065 4699 qui-

482 4716 603 4769 dem
649 4718 701 4773 in
755 4732 813 4771 re
869 4727 1019 4771 recte
1070 4718 1388 4787 sentinnt,)
1452 4720 1711 4789 Spiritum
1765 4720 1885 4775 Filii
1952 4738 2064 4777 rem

486 4818 726 4863 creatam
777 4824 901 4864 esse
934 4810 1016 4863 vel
1054 4812 1220 4864 etiam
1264 4812 1452 4865 audire
1493 4814 1794 4881 patiantur.
1828 4814 1883 4867 Si
1917 4818 2063 4869 enim

421 4894 438 4973 '_
482 4909 708 4969 propter
796 4899 960 4956 Verbi
1037 4916 1159 4955 cum
1249 4900 1410 4957 Patre
1503 4905 1766 4959 unitatem
1865 4908 2063 4960 nolunt

480 4990 677 5045 Filium
738 5007 861 5047 esse
924 5009 955 5048 ο
1022 4995 1187 5048 rebus
1239 4992 1437 5059 factis;
1514 4998 1632 5061 sed,
1698 4998 1843 5065 quod
1938 5002 2065 5064 qui-

481 5086 603 5139 dem
657 5101 844 5139 verum
909 5095 1010 5151 est,
1062 5087 1238 5157 ipsum
1320 5105 1503 5146 rerum
1556 5092 1824 5144 laetarum
1905 5095 2063 5161 opili‘

482 5194 601 5234 Cum
661 5194 785 5234 esse
853 5180 1134 5239 sentiunt:
1213 5197 1381 5252 quare
1446 5182 1709 5251 Spiritum
1787 5195 2061 5245 sanctum,

483 5275 574 5342 qui
630 5275 876 5330 eamdem
909 5277 1072 5333 habet
1113 5292 1239 5332 eum
1273 5275 1414 5331 Filio
1465 5277 1728 5331 unitatem
1776 5292 1937 5345 quam
1972 5275 2061 5331 Fi-

478 5368 587 5423 lius
657 5382 783 5423 cum
838 5369 1021 5439 Patre,
1089 5385 1204 5427 rem
1254 5379 1494 5424 creatam
1541 5384 1662 5425 esse
1717 5370 1919 5424 audent
1979 5369 2065 5424 di-

478 5457 649 5513 cere?
711 5457 825 5514 Cur
888 5462 1143 5530 ignorant
1232 5460 1382 5530 quod
1449 5460 1908 5530 quemadmodum
1966 5460 2058 5515 Fi-

477 5548 612 5605 lium
654 5565 685 5605 a
739 5553 900 5607 Patre
937 5568 1047 5607 non
1097 5551 1413 5617 dividendo,
1477 5552 1573 5607 Dei
1646 5555 1911 5609 unitatem
1954 5570 2067 5611 ser-

482 5650 632 5708 vant,
698 5645 769 5698 ita
825 5644 1118 5701 dividendo
1151 5644 1417 5714 Spiritum
1467 5661 1498 5699 a
1531 5644 1732 5714 Verbo,
1777 5662 1882 5703 non
1944 5663 2065 5703 am-

2166 3612 2277 3666 Τοῦ
2311 3609 2499 3665 αὑτοῦ
2532 3611 2828 3677 ἐπιστολὴ
2859 3612 3005 3679 πρὸς
3034 3609 3407 3679 Σεραπίωνα,
3432 3607 3734 3662 ἐπίσκοπον

2284 3683 2772 3751 Θερμουπόλεως,
2808 3681 2942 3750 περὶ
2976 3681 3082 3735 τοῦ
3113 3681 3288 3749 ἁγίου
3324 3680 3675 3748 Πνεύματος.

2265 3795 2555 3866 Ἐγραψας
2588 3836 2604 3863 ν
2688 3794 2942 3864 ἀγαπητὲ
3028 3795 3124 3850 καὶ
3213 3792 3430 3859 ἀληθῶς
3521 3785 3728 3843 ποθεινό-

2178 3905 2330 3953 τατε,
2384 3889 2733 3958 λυπούμενος
2777 3888 2871 3942 καὶ
2923 3887 3112 3952 αὐτὸς,
3154 3886 3231 3949 ὡς
3271 3885 3600 3951 ἐξελθόντων
3648 3881 3727 3947 μέν

2170 3999 2333 4035 τινων
2362 3982 2469 4034 ἀπὸ
2496 3982 2605 4034 τῶν
2649 3980 2949 4052 Ἀρειανῶν
3005 3979 3095 4034 διὰ
3144 3979 3245 4050 τὴν
3308 3978 3455 4032 κατὰ
3490 3974 3578 4029 τοῦ
3613 3968 3722 4026 Υιοῦ

2171 4072 2265 4126 τοῦ
2326 4071 2465 4126 Θεοῦ
2524 4072 2901 4143 βλασφημίαν,
2966 4071 3316 4143 φρονούντων
3358 4072 3416 4125 δὲ
3466 4068 3599 4123 κατὰ
3643 4060 3721 4115 τοῦ

2177 4167 2335 4234 ἁγίου
2404 4166 2746 4237 Πνεῦματος,
2806 4168 2900 4219 καὶ⁸
2941 4165 3214 4234 λεγόντων
3266 4163 3406 4217 αὐτὸ
3470 4161 3543 4231 μὴ
3587 4155 3724 4228 μόνον

2171 4260 2404 4327 κτίσμα,
2458 4257 2596 4311 ἀλλὰ
2655 4258 2752 4312 καὶ
2800 4258 2909 4310 τῶν
2962 4256 3363 4326 λειτουργικῶν
3433 4248 3725 4319 πνευμάτων

2179 4349 2238 4404 ἓν
2286 4352 2418 4404 αὐτὸ
2473 4347 2639 4416 εἷναι,
2687 4351 2787 4405 καί⁸
2827 4348 3023 4421 βαῧμῷ
3075 4349 3239 4418 μόνον
3286 4347 3423 4403 αὐτὸ
3478 4341 3725 4411 διαφέρειν

2189 4444 2299 4497 τῶν
2350 4443 2621 4512 ἀγγέλων.
2686 4442 2907 4497 Τούτων
2962 4443 3070 4512 γὰρ
3128 4442 3225 4493 καὶ
3290 4439 3618 4508 Θαυμάσειεν
3675 4432 3728 4484 ἄν

2171 4553 2255 4599 τις
2307 4536 2409 4608 τὴν
2448 4535 2657 4600 ἄνοιαν,
2689 4536 2772 4589 ὅτι
2798 4534 2893 4588 τὸν
2944 4535 3077 4587 Υίδν
3108 4533 3206 4587 τοῦ
3239 4533 3376 4586 Θεοῦ
3409 4535 3479 4601 μὴ
3508 4526 3726 4583 θέλοντες

2173 4630 2382 4698 κτίσμα
2410 4622 2574 4695 εἶναι,
2620 4629 2714 4681 καὶ
2738 4627 2917 4690 καλῶς
2976 4644 3042 4695 γε
3095 4628 3239 4679 κατὰ
3295 4625 3455 4679 τοῦτο
3500 4616 3726 4691 φρονοῦν-

2174 4741 2285 4789 τες,
2356 4722 2473 4785 πῶς
2528 4722 2591 4774 τὸ
2621 4720 2846 4791 Πνεῦμα
2898 4720 2994 4774 τοῦ
3049 4720 3182 4774 Υἱοῦ
3213 4720 3423 4789 κτίσμα
3455 4717 3552 4770 κᾶν
3582 4708 3722 4765 ἀκοῦ-

2177 4832 2268 4868 σαι
2298 4817 2628 4885 ἡνέσχοντος
2657 4814 2767 4867 Καὶ
2792 4814 2901 4883 γὰρ
2923 4814 2971 4865 εί
2999 4812 3088 4867 διὰ
3118 4811 3216 4883 τὴν
3249 4812 3388 4881 πρὸς
3421 4809 3513 4860 τὸν
3538 4802 3722 4868 Πατέρα

2165 4909 2260 4962 τοῦ
2286 4908 2461 4976 Λόγου
2494 4909 2744 4977 ἑνότητα,
2771 4907 2833 4959 οὑ
2861 4906 3112 4960 θέλουσιν
3163 4900 3304 4958 εἶναι
3356 4904 3465 4955 τῶν
3507 4891 3720 4967 γενητῶν

2164 5000 2329 5054 αὑτὸν
2359 5002 2452 5053 τὸν
2478 5000 2630 5067 Υίδν,
2664 4984 2801 5063 ἀλλ’,
2827 4999 2964 5069 ὅπερ
3010 4998 3172 5051 ἐστὶν
3201 4994 3443 5065 ἀληθῶς,
3494 4990 3722 5057 δημιουρ-

2166 5096 2261 5162 γὸν
2292 5095 2455 5149 αὑτὸν
2488 5092 2631 5147 εἶναι
2655 5094 2762 5147 τῶν
2790 5093 3118 5163 ποιημάτων
3148 5089 3428 5161 φρονοῦσι’
3483 5083 3566 5138 διὰ
3585 5080 3632 5132 τί
3670 5073 3719 5126 τὸ

2166 5187 2391 5256 Πνεῦμα
2420 5188 2480 5239 τὸ
2515 5188 2676 5255 ἆγιον
2702 5196 2765 5238 το
2806 5186 2903 5255 τὴν
2920 5183 3092 5255 αὐτὴν
3106 5182 3229 5253 ἔχον
3248 5182 3475 5248 ἑνότητα
3506 5175 3629 5245 πρός
3643 5168 3719 5220 τὸν

2170 5280 2317 5340 Υἱὸν,
2340 5280 2406 5347 ἦν
2435 5280 2600 5343 αὐτὸς
2632 5280 2745 5349 ἔχει
2774 5279 2915 5349 πρὸς
2934 5279 3025 5330 τὸν
3056 5277 3295 5345 Πατέρα,
3331 5272 3536 5339 κτίσμα
3558 5264 3720 5332 λέγον·

2168 5372 2351 5437 smul.
2384 5373 2683 5439 ἠγνόησαν,
2752 5371 2857 5436 ὅτι,
2896 5367 3084 5438 ὥσπερ
3146 5369 3223 5438 μὴ
3262 5362 3589 5435 διαιροῦντες
3643 5352 3716 5405 τδν

2166 5461 2295 5515 Υίὸν
2322 5461 2431 5514 ἀπὸ
2458 5460 2550 5513 τοῦ
2600 5459 2841 5531 Πατρὸς,
2894 5458 3130 5522 σώζουσι
3163 5457 3224 5510 sb
3281 5455 3375 5508 ἕνα
3406 5452 3537 5506 Θεὸν
3575 5441 3712 5501 εἶναι,

2164 5553 2328 5620 οὕτω,
2375 5553 2717 5623 διαιροῦντες
2740 5553 2848 5607 ἀπὸ
2873 5551 2969 5608 τοῦ
2996 5552 3172 5621 Λόγου
3203 5548 3264 5602 τὸ
3287 5545 3528 5615 Πνεῦμα,
3556 5534 3708 5623 οὐκέτι

2167 5646 2297 5716 μίαν
2314 5617 2411 5716 τὴν
2442 5617 2503 5699 ὲν
2532 5645 2725 5716 Τριάδι
2746 5645 2979 5715 θεότητα
2999 5617 3255 5710 σώζουσι,
3282 5639 3547 5711 σχίζοντες
3568 5617 3707 5687 αὐτὴν

548 5849 565 5878 ¹
606 5846 761 5901 Joan.
798 5864 880 5915 Ill,
911 5850 965 5903 8.
1044 5853 1063 5883 ³
1094 5850 1253 5905 Deut.
1290 5866 1367 5917 IV,
1397 5850 1486 5907 24.
1573 5852 1593 5884 ³
1620 5853 1740 5907 Act.
1773 5867 1833 5917 Il,
1876 5853 1928 5914 5,
1962 5852 2013 5904 4.

2170 5850 2325 5908 lattli.
2361 5867 2472 5915 nx,
2507 5852 2598 5907 ΓΙ.
2674 5852 2695 5883 ⁸
2718 5850 2860 5909 Psal.
2892 5867 3058 5918 cxw,
3092 5850 3180 5908 10.
3257 5850 3280 5882 '
3304 5824 3696 5918 EZCQllyf‘ng'

479 5921 497 5953 "
533 5918 732 5989 Eplies.
767 5935 870 5994 IV,_
904 5920 995 5978 '50.
1119 5924 1139 5956 ⁸
1168 5923 1314 5981 l'sal.
1352 5939 1403 5992 ν,
1442 5925 1529 5981 tl.

1635 5927 1653 5958 ’
1677 5926 1782 5980 lsu.
1845 5938 1999 5993 uin,
2052 5924 2138 5980 10.

2251 5899 2529 5979 attritu:
2554 5899 2652 5991 “gi,
2712 5899 3073 5985 a.'“"a“szt.
3200 5920 3254 5978 9.
3307 5899 3314 5900 ί
3428 5909 3549 5968 Ibid.
3586 5903 3631 5968 δ,
3651 5899 3693 5952 ι.
