3920 6554
253 454 349 515 689

1203 469 1585 531 PANUPLIA
1626 472 2089 534 DUGMATICA.
2115 498 2182 509 ·-
2217 474 2369 535 'l‘lT.
2414 472 2549 536 XII.

3391 478 3496 540 690

250 595 337 648 καὶ
358 594 745 664 ἐπιμίσγοντες
766 593 903 665 αὐτῇ
921 592 1205 663 ἀλλοτρίαν
1239 596 1331 647 καὶ
1354 597 1438 647 ἐτε
1448 595 1623 665 ροειδῆ
1642 595 1819 664 φύσιν1

1926 604 2068 674 plius
2098 619 2259 659 unam
2289 604 2341 658 in
2373 603 2641 661 Trinitate
2675 615 2897 662 servant
2929 605 3293 673 divinitatem,
3331 623 3496 679 quam

248 686 477 749 καὶτοῖς
538 686 800 757 κτίσμασι
860 684 1265 751 συνεξισοῦντες
1317 688 1522 755 αύτήν;
1578 686 1745 739 Τοῦτο
1772 687 1829 740 δὲ

247 777 405 831 πάλιν
437 777 620 830 ούκέτι
646 776 705 830 ἒν
736 773 871 831 εἶναι
892 779 1131 833 δείκνυσι.
1180 778 1277 849 τὴν
1302 779 1344 830 Τ
1353 779 1527 849 ριάδα,
1579 778 1720 834 ἀλλά
1765 780 1830 832 ἐκ

244 868 332 920 δύο
362 869 458 921 καὶ
480 869 752 941 διαφόρων
786 870 1001 939 φύσεων
1036 870 1401 941 συγκειμένην
1434 872 1623 941 αὐτὴν,
1650 871 1737 926 διὰ
1768 872 1830 924 τὸ

242 960 581 1030 ἐτεροούσιον
634 959 727 1013 τοῦ
783 959 1119 1031 Πνεύματος,
1151 963 1226 1026 ὡς
1265 963 1437 1029 αὐτοὶ,
1472 964 1680 1026 ἑαυτοῖς
1702 965 1828 1018 ἀνεο

241 1052 540 1105 πλάσαντο.
740 1052 876 1105 Ποία
917 1048 1011 1107 οῦν
1036 1052 1176 1124 αῦτη
1203 1053 1449 1122 θεολογία
1478 1055 1540 1107 ἐκ
1564 1055 1826 1127 δημιουρ-

240 1145 341 1215 γοῦ
387 1146 483 1199 καὶ
531 1146 830 1217 κτίσματος
889 1147 1254 1219 συγκειμένη;
1292 1148 1363 1200 ’Ἦ
1403 1147 1511 1219 γάρ
1561 1150 1621 1201 οὐ
1660 1150 1830 1220 Τριάς

236 1240 413 1299 ἐστιν,
445 1237 581 1292 ἀλλά
608 1239 759 1303 δυὰς,
786 1240 879 1293 καὶ
906 1239 1090 1292 λοιπὸν
1119 1239 1368 1310 ήκτίσις,
1391 1239 1445 1310 ἢ,
1465 1241 1514 1292 εί
1660 1242 1828 1311 Τριάς

234 1330 412 1396 ἐστιν,
431 1330 619 1401 ὥσπερ
648 1328 740 1385 οὖν
774 1332 867 1386 καί
889 1334 1030 1396 ἐστι,
1065 1333 1181 1395 πῶς
1207 1334 1319 1395 τοῖς
1353 1333 1491 1403 μετά
1514 1332 1612 1403 τὴν
1625 1334 1827 1404 Τριάδα

235 1416 506 1487 κτίσμασι
540 1419 889 1474 συντάττουσι
912 1420 973 1473 τδ
1002 1420 1104 1491 τῆς
1128 1422 1357 1493 Τριάδος
1384 1422 1606 1493 Πνεῦμα
1626 1440 1641 1487 ;
1660 1424 1829 1477 Τοῦτο

233 1507 349 1580 γάρ
372 1511 490 1562 ἐστι
519 1511 679 1564 πάλιν
699 1512 926 1583 διαιρεῖν
952 1513 1046 1566 καὶ
1063 1512 1299 1568 διαλύειν
1322 1513 1419 1585 τὴν
1438 1513 1661 1586 Τριάδα.
1683 1516 1821 1570 Οὐκ-

231 1599 354 1665 οῦν,
415 1601 602 1666 κακῶς
645 1604 970 1673 φρονοῦντες
1014 1608 1142 1676 περὶ
1212 1606 1308 1659 τοῦ
1356 1605 1676 1678 Πνεύματος
1729 1607 1823 1660 τοῦ

232 1695 401 1762 ἁγίου
451 1729 473 1760 ,
592 1696 717 1749 ούδέ
747 1698 873 1769 περὶ
898 1697 994 1752 τοῦ
1014 1698 1145 1751 Υίοῦ
1172 1698 1354 1763 καλῶς
1518 1701 1825 1774 φρονοῦσιν.

232 1788 297 1839 El
330 1786 446 1859 γὰρ
474 1787 735 1858 ἐφρόνουν
784 1788 963 1859 ὀρθῶς
1014 1789 1145 1861 περὶ
1183 1789 1278 1843 τοῦ
1339 1790 1537 1860 Λόγου,
1566 1792 1825 1864 ἐφρόνουν

232 1877 413 1945 ὑγιῶς
446 1878 539 1930 καὶ
577 1877 825 1950 περὶτοῦ
862 1880 1201 1951 Πνεύματος,
1255 1881 1284 1934 ὃ
1318 1882 1470 1954 παρὰ
1497 1881 1591 1935 τοῦ
1615 1884 1819 1954 nam;

1926 1890 2080 1956 tiant,
2099 1889 2237 1943 bene
2271 1889 2339 1943 de

230 1970 621 2041 ἐκπορεύεται,
656 1970 752 2025 καὶ
789 1970 883 2023 τοῦ
914 1970 1047 2024 Υἱοῦ
1081 1972 1210 2026 ῐδιον
1243 1972 1325 2037 ὃν,
1357 1973 1489 2044 παρ’
1655 1974 1820 2030 αὐτοῦ

229 2060 442 2113 δίδοται
462 2062 574 2124 τοῖς
605 2061 873 2133 μαθηταῖς
908 2060 1003 2114 καὶ¹
1035 2063 1169 2116 πᾶσι
1217 2066 1330 2127 τοῖς
1377 2064 1719 2120 πιστεύουσιν
1744 2069 1823 2131 είς

1927 711 2119 765 nempe
2139 694 2444 759 dillindunt,
2469 704 2522 749 et
2549 695 2637 749 cui
2665 696 2897 751 alienam
2928 713 2993 753 ac
3032 698 3304 754 diversam
3342 712 3497 755 natu-

1927 806 2042 843 ram
2092 789 2417 854 admiscent,
2473 802 2639 857 quam
2692 789 2927 859 denique
2982 789 3122 844 inter
3163 806 3252 845 res
3289 784 3496 847 creatas

1927 880 2229 935 collocant?
2263 881 2321 933 Id
2347 894 2477 933 sane
2516 879 2712 949 probat
2744 895 2849 936 non
2875 880 2990 950 jam
3033 896 3147 935 rem
3181 897 3343 935 unam
3376 898 3497 937 esse

1929 969 2272 1034 Trinitatem,
2305 969 2397 1023 sed
2428 969 2602 1039 ipsam
2643 984 2708 1024 ex
2737 969 2951 1025 duabus
2979 984 3042 1024 ac
3067 970 3296 1024 diversis
3339 982 3495 1024 natu-

1929 1064 2006 1117 ris
2035 1072 2307 1125 constare,
2338 1062 2409 1117 ob
2450 1063 2723 1117 diversam
2762 1063 3010 1118 videlicet
3089 1062 3325 1131 Spiritus
3368 1064 3495 1117 sub-

1930 1154 2205 1216 stantiam,
2232 1170 2394 1223 quam
2425 1154 2501 1208 illi
2529 1155 2632 1209 sibi
2666 1155 2802 1224 ipsis
2828 1156 3124 1210 commenti
3154 1163 3299 1210 sunt.
3332 1155 3493 1222 ρυω-

1928 1262 2055 1299 nam
2077 1261 2208 1315 ergo
2243 1246 2345 1300 ista
2376 1248 2591 1301 tandem
2622 1256 2706 1299 est
2740 1246 3008 1316 theologia
3044 1262 3109 1300 ex
3162 1255 3407 1301 creatore
3445 1254 3496 1300 et

1928 1352 1986 1390 re
2021 1345 2203 1391 creata
2255 1333 2651 1391 conﬂata‘lVel
2677 1336 2822 1391 enim
2864 1350 2971 1389 non
3006 1345 3091 1390 est
3133 1334 3372 1392 Trinitas
3401 1336 3493 1391 sed

1926 1429 2184 1493 dualilas,
2212 1444 2275 1484 ac
2297 1428 2493 1484 deinde
2528 1444 2617 1483 res
2647 1436 2830 1483 creata
2868 1444 2881 1480 :
2920 1428 2998 1483 vel
3030 1428 3075 1482 si
3121 1426 3361 1483 Trinitas
3390 1436 3492 1495 est,

1928 1521 2004 1575 uti
2035 1535 2162 1575 vere
2199 1530 2303 1585 est,
2354 1518 2630 1590 quomodo
2659 1535 2783 1577 cum
2809 1520 2974 1575 rebus
2998 1520 3200 1576 creatis
3222 1535 3345 1590 qua:
3374 1529 3496 1590 post

1927 1610 2245 1666 Trinitatem
2288 1612 2584 1679 exsistunt,
2618 1611 2901 1667 Trinitatis
2973 1612 3234 1681 Spiritum
3297 1613 3496 1667 audent

1925 1704 2235 1760 collocare?
2260 1704 2317 1759 ld
2342 1704 2485 1759 enim
2517 1719 2711 1759 rursus
2740 1702 3083 1759 estdividere
3113 1718 3175 1757 ac
3202 1703 3496 1759 dissolvere

1925 1795 2270 1851 Trinitatem.
2310 1795 2499 1867 itaque
2534 1796 2581 1851 si
2625 1796 2768 1852 male
2801 1796 2867 1851 de
2898 1794 3106 1865 Spiritu
3151 1806 3341 1851 sancto
3370 1812 3495 1850 sen-

2559 1886 2699 1943 Filio
2729 1888 2932 1943 sentire
2954 1903 3064 1944 non
3094 1896 3322 1958 queunt.
3358 1885 3496 1941 Nam

1923 1980 1967 2036 si
1996 1988 2139 2034 recte
2173 1978 2240 2032 de
2271 1976 2449 2032 Verbo
2467 1977 2754 2042 sentirent,
2778 1983 2924 2030 recte
2954 1990 3171 2045 quoque
3197 1975 3261 2028 de
3290 1972 3494 2042 Spiritu

1923 2078 2114 2123 sancto
2166 2068 2261 2138 qui
2308 2083 2340 2122 a
2391 2066 2553 2122 Patre
2611 2065 2855 2136 procedit
2907 2065 3193 2130 sentirent,
3227 2063 3320 2134 qui
3370 2079 3495 2118 cum

230 2151 425 2205 αὐτόν.
468 2151 623 2206 Οὕτω
667 2152 724 2205 δὲ
775 2151 1137 2223 πλανώμενοι,
1164 2154 1285 2207 οὐδὲ
1327 2157 1455 2227 περὶ
1497 2157 1589 2210 τοῦ
1614 2159 1819 2230 Πατρδς

1923 2158 2039 2214 Filii
2075 2159 2146 2214 sit
2168 2159 2441 2230 proprius,
2466 2158 2536 2213 ab
2563 2158 2657 2214 illo
2700 2157 2987 2228 discipulis
3025 2156 3392 2226 omnibusque
3438 2155 3493 2210 in

231 2242 372 2312 ὁγιῆ
414 2243 513 2314 τὴν
562 2243 745 2297 πίστιν
789 2242 1021 2314 ἔχουσιν.
1078 2246 1140 2297 Ui
1181 2244 1289 2317 γὰρ
1337 2246 1702 2318 ἀντικείμενοι
1744 2250 1819 2321 τῷ

1923 2268 2043 2307 eum
2071 2252 2417 2307 credentibus
2459 2250 2642 2305 datur.
2681 2249 2992 2317 Quinetiam
3037 2247 3134 2318 qui
3197 2248 3254 2302 in
3303 2247 3495 2318 hujus-

231 2333 546 2404 Πνεύματι,
569 2334 645 2398 ὡς
678 2328 831 2387 εἶπεν
851 2335 879 2387 ὁ
913 2336 1086 2406 μέγας
1118 2336 1325 2408 μάρτυς
1355 2338 1646 2407 Στέφανος,
1675 2334 1818 2395 οὗτοι

1923 2344 2069 2398 modi
2104 2360 2291 2401 errore
2339 2351 2648 2410 versantur,
2699 2357 2876 2413 neque
2924 2342 2979 2397 in
3036 2338 3253 2396 Patrem
3304 2355 3491 2395 sanam

231 2424 338 2477 καὶ
362 2424 454 2477 τὸν
490 2423 619 2477 Υίὸν
643 2423 950 2494 ἀρνοῦνται.
972 2425 1077 2479 Τὸν
1108 2425 1165 2479 δὲ
1191 2425 1316 2479 Υἰδν
1348 2426 1817 2498 ἀρνούμενοι,οὐδὲ

1924 2437 2081 2491 tidem
2109 2438 2585 2506 haberepossint.
2617 2435 2753 2490 Nam
2785 2436 2877 2507 qui
2929 2434 3163 2507 Spiritui
3209 2433 3491 2499 resistunt,

231 2513 333 2566 τὸν
360 2512 583 2584 Πατέρα
611 2512 815 2583 ἔχουσι.

1924 2530 1999 2584 uti
2036 2530 2268 2601 insignis
2322 2538 2530 2601 martyr
2586 2528 2896 2600 Stephanus
2945 2528 3082 2583 dixit
3139 2528 3184 2595 ί,
3233 2526 3393 2581 iidem
3440 2534 3495 2579 et

233 2604 442 2658 Filium
470 2614 692 2675 negant.
730 2603 930 2660 Filium
957 2615 1139 2663 autem
1184 2618 1466 2680 negantes,
1490 2626 1666 2682 neque
1698 2613 1908 2674 Patrem
1940 2622 2186 2691 profecto
2218 2623 2517 2678 habuerint
2556 2613 2597 2670 ⁸.

390 2694 561 2747 Πόθεν
582 2694 759 2747 τοίνυν
788 2695 934 2765 ὑμῖν,
970 2711 1016 2748 ω
1042 2711 1210 2760 ουτοι,
1256 2693 1357 2763 τῆς
1558 2697 1819 2763 τοσαύτης

2074 2708 2353 2764 Undenam
2390 2725 2519 2780 ergo
2546 2717 2707 2762 tanta:
2736 2708 2890 2764 vobis
2921 2705 3243 2763 temeritatis
3289 2721 3473 2769 causa,

230 2786 450 2856 τόλμης
499 2786 533 2856 ἡ
577 2786 868 2856 πρόφασις,
896 2783 1035 2839 ὥστε
1074 2785 1150 2855 μὴ
1172 2784 1469 2856 φοϐηθῆναι
1498 2785 1558 2838 τὸ
1596 2786 1701 2845 ὑπὸ
1726 2783 1819 2838 τοῦ

1923 2810 1974 2858 ut
2008 2817 2107 2857 nec
2140 2801 2270 2855 illud
2312 2817 2339 2855 a
2373 2800 2657 2857 Salvatore
2697 2803 2902 2857 dictum
2956 2803 3291 2858 vereamini:
3334 2820 3353 2852 ι
3382 2800 3485 2867 Qui

233 2877 452 2948 Κυρίου
488 2878 799 2949 εἰρημένον·
831 2896 849 2929 ι
889 2880 985 2942 Ὃς
1036 2877 1083 2931 δ’
1114 2878 1180 2933 ἂν
1235 2877 1599 2949 βλασφημήσῃ
1651 2878 1730 2942 είς
1759 2877 1819 2932 τὸ

1923 2894 2371 2965 blasphemaverit
2420 2896 2475 2949 in
2510 2897 2774 2966 Spiritum
2814 2907 3090 2966 sanctum,
3122 2913 3230 2951 non
3265 2895 3487 2951 habebit

233 2965 384 3019 ΙΙνεῦ
392 2966 542 3036 ματὸ
559 2966 733 3034 ἅγιον,
750 2967 852 3019 οὐκ
866 2967 977 3037 ἔχει
1000 2967 1189 3036 ἄφεσιν
1211 2966 1335 3021 οὔτε
1366 2969 1424 3021 ἐν
1444 2966 1520 3038 τῷ
1666 2965 1819 3020 αἰῶνι

1923 2985 2296 3042 remissionem
2344 3001 2521 3057 neque
2568 2986 2625 3040 in
2672 2987 2778 3042 hoc
2826 2989 3026 3044 saeculo
3072 3003 3248 3056 neque
3296 2987 3350 3040 in
3402 2985 3487 3039 fu-

228 3057 440 3127 τούτῳ,
470 3057 600 3111 οὔτε
631 3059 687 3113 ἐν
707 3056 783 3128 τῷ
816 3056 1093 3127 μέλλοντις
1132 3076 1150 3109 ι
1174 3059 1237 3111 Oi.
1268 3058 1365 3128 μὲν
1388 3057 1496 3128 γάρ
1535 3058 1816 3129 Ἀρειανοὶ,

1923 3078 2111 3133 turo'?
2141 3097 2160 3130 ι
2187 3078 2373 3132 Ariani
2403 3056 2651 3148 quidem,
2684 3077 2785 3134 etsi
2812 3094 3131 3149 corpoream
3160 3076 3321 3131 Verbi
3349 3091 3487 3145 pra:-

231 3148 423 3202 καίτοι
451 3148 551 3219 τὴν
575 3148 835 3218 ἐνσαρκον
860 3148 1161 3220 παρουσίαν
1200 3148 1294 3202 τοῦ
1325 3148 1499 3217 Λόγου
1529 3150 1623 3201 καὶ
1650 3148 1718 3202 τά
1750 3147 1817 3202 δι’

1923 3167 2372 3237 sentiam,etqua2
2403 3147 2522 3237 ejus
2551 3168 2875 3223 causa‘dicta
2905 3147 3058 3235 sunt,
3087 3184 3193 3223 non
3221 3167 3487 3235 intellige-

232 3240 411 3311 αὐτὴν
436 3212 809 3312 εἰρημένα-μὴ
864 3212 1171 3311 νοήσαντες,
1222 3240 1370 3310 ὅμως
1402 3212 1459 3305 ἐξ
1486 3238 1661 3292 αὐτῶν
1688 3238 1819 3310 πρό-

1923 3212 2235 3231 ¹’“¹’¹”“““¹“⁵1“¹’
2253 3212 2372 3237 Ὶ“““’
2405 3212 2522 3237 “Ἷ“““’
2553 3212 2717 3223 ν“’¹““¹’¹”’“
2734 3212 2875 3223 “⁶ν““⁴“
2905 3212 3058 3235 "“'""
3087 3212 3193 3223 ""’"
3221 3212 3458 3235 """'"D"

1923 3267 2059 3324 rent,
2088 3273 2155 3313 ex
2184 3258 2268 3313 his
2297 3268 2480 3314 tamen
2509 3260 2853 3315 occasionem
2876 3276 2988 3315 sua:
3011 3260 3488 3315 comminiscenda:

233 3347 402 3396 φασιν
434 3330 690 3394 λαϐόντες
750 3332 830 3394 είς
873 3330 970 3403 τὴν
999 3331 1207 3384 ἑαυτῶν
1258 3332 1486 3403 αἵρεσιν,
1521 3331 1615 3386 καὶ
1646 3331 1817 3396 οὕτως

1923 3349 2140 3404 haeresis
2170 3349 2572 3420 improbissime
2602 3350 2770 3415 nacti,
2803 3349 2896 3405 Dei
2933 3351 3113 3406 hostes
3141 3365 3264 3405 esse
3288 3359 3342 3404 et
3365 3366 3489 3404 vere

229 3421 582 3491 ἠλέγχθησαν
616 3422 868 3493 θεομάχοι
918 3424 1013 3476 καὶ
1047 3423 1123 3486 ὡς
1147 3424 1362 3495 ἀληθῶς
1396 3424 1503 3478 ἀπὸ
1533 3425 1638 3494 γῆς
1664 3443 1813 3478 κενοο

1923 3438 1983 3492 de
2017 3446 2161 3493 terra
2219 3435 2242 3467 ⁸
2303 3439 2486 3493 inania
2524 3439 2673 3513 loqui
2721 3440 2956 3496 convicti
3008 3448 3155 3494 sunt.
3199 3438 3308 3491 Vos
3361 3454 3487 3491 vero

229 3511 566 3582 λογοῦντες..
726 3514 913 3586 Ὑμεῖς
962 3515 1019 3567 δέ
1064 3515 1227 3568 πόθεν
1260 3516 1608 3587 ἠπατήθητε;
1658 3517 1818 3593 *παρά

1923 3529 2216 3596 undenam,
2250 3545 2460 3601 quaso,
2498 3531 2556 3586 in
2597 3511 2842 3587 errorem
2901 3530 3104 3585 inducti
3149 3530 3328 3584 estis?
3355 3530 3490 3594 Quis

228 3605 400 3658 τίνων
422 3605 777 3671 ἀκούσαντες,
797 3605 832 3676 ἢ
858 3606 941 3670 τίς
972 3606 1000 3659 ό
1028 3606 1229 3677 τρόπος
1257 3604 1354 3676 τῆς
1380 3605 1633 3677 τοιαύτης
1658 3590 1819 3677 *ὑμῶν

230 3696 450 3766 πλάνης
476 3712 491 3761 ;
539 3696 898 3768 Ἀνέγνωμεν,
925 3698 1109 3767 φασὶν,
1132 3698 1188 3750 ἐν
1215 3697 1294 3768 τῷ
1330 3700 1582 3771 προφήτῃ
1617 3698 1816 3770 Ἀμὼς,

229 3783 489 3852 λέγοντος
520 3784 615 3837 τοῦ
648 3784 806 3847 Θεοῦ,
843 3805 862 3839 ι
887 3786 1009 3839 Ὅτι
1046 3786 1175 3841 Ἰδοὺ
1226 3788 1337 3857 ἐγὼ
1376 3789 1610 3862 στερεῶν
1658 3789 1816 3861 βρον-

228 3873 349 3944 τὴν,
389 3875 486 3928 καὶ
525 3875 722 3939 κτίζων
767 3873 1001 3947 πνεῦμα,
1036 3876 1130 3929 καὶ
1181 3877 1538 3945 ἀπαγγέλλων
1586 3880 1664 3942 είς
1721 3879 1818 3931 ἀν-

232 3964 497 4036 θρώπους
550 3967 643 4020 τὸν
697 3967 934 4039 Χριστὸν
993 3967 1180 4021 αὐτοῦ’
1232 3969 1400 4023 ποιῶν
1467 3969 1662 4042 ὄρθρον
1723 3972 1817 4025 καὶ

231 4055 495 4126 ὀμίχλην,
531 4058 625 4111 ml
649 4059 943 4113 ἐπιϐαίνων
980 4060 1072 4113 ἐπὶ
1110 4060 1177 4115 τά
1209 4061 1386 4131 ὑψηλά
1421 4062 1521 4132 τῆς
1690 4064 1815 4133 γῆς,

232 4149 447 4220 Κύριος
475 4150 505 4202 δ
532 4150 663 4215 Θεὸς
687 4153 716 4205 ὁ
737 4152 1129 4223 παντοκράτωρ
1152 4152 1322 4223 ὄνομα
1350 4154 1517 4223 αὐτῷ.
1550 4173 1567 4205 ι
1612 4156 1721 4209 Καὶ
1741 4156 1819 4209 ἐν-

231 4239 322 4293 θεν
357 4240 697 4312 ἐπείσθημεν
725 4243 837 4306 τοῖς
867 4242 1166 4313 ’Δρειανοῖς
1194 4243 1411 4311 λέγουσι
1442 4245 1647 4316 κτίσμα
1678 4242 1817 4302 εἶναι

229 4329 289 4384 τὸ
309 4331 542 4402 Πνεῦμα
573 4332 635 4386 τὸ
668 4333 841 4401 ἅγιον.
860 4332 992 4387 Εἶτα
1010 4335 1071 4388 τὸ
1098 4335 1197 4406 μὲν
1230 4336 1377 4406 παρὰ
1398 4336 1474 4407 τῷ
1638 4337 1821 4407 Ἀμὼς

229 4424 531 4491 ἀνέγνωτε
583 4425 644 4477 τὸ
691 4425 749 4478 δὲ
814 4427 872 4479 ἐν
939 4429 1060 4489 ταῖς
1121 4427 1451 4498 Παροιμίαις
1504 4428 1814 4500 λεγόμενον,

234 4532 253 4563 ι
301 4513 517 4585 Κύριος
545 4514 725 4568 έκτισέ
750 4533 816 4586 με
870 4516 1044 4587 ἀρχὴν
1077 4515 1211 4569 ὁδῶν
1240 4516 1406 4571 αὑτοῦ
1437 4519 1516 4581 εἰς
1548 4517 1685 4589 ἔργα
1719 4520 1817 4572 αὐ·
1848 4517 1892 4571 D

226 4606 346 4671 τοῦ,
374 4624 395 4656 ι
427 4605 528 4660 οὐκ
556 4606 898 4678 ἀνέγνωτε,ἢ
924 4607 1193 4676 ἀνέγνωτε
1215 4624 1229 4672 ;
1252 4607 1363 4661 Καὶ
1382 4607 1543 4663 τοῦτο
1603 4637 1612 4647 -
1678 4606 1776 4677 μὲν
1795 4649 1812 4675 ,

226 4702 303 4766 ὡς
336 4701 454 4772 ἔχει
484 4701 760 4773 ἀληθείας,
783 4701 1132 4774 ἐρμηνεύετε,
1169 4704 1258 4757 ἵνα
1286 4704 1363 4776 μὴ
1396 4704 1587 4775 εῐπητε
1613 4705 1816 4779 κτίσμα

226 4794 320 4847 τὸν
353 4793 550 4861 Λόγοψ
584 4792 645 4847 τὸ
694 4793 753 4849 δὲ
787 4794 846 4848 ἐν
902 4791 980 4864 τῷ
1011 4794 1262 4865 προφήτῃ
1313 4793 1411 4865 οὐχ
1458 4795 1811 4866 ἐρμηνεύετε,

226 4884 368 4939 ἀλλά
413 4882 602 4948 ἁπλῶς
633 4884 922 4947 ἀκούοντες
990 4904 1007 4936 ι
1048 4884 1295 4956 πνεῦμα,
1327 4904 1346 4937 ι
1394 4887 1678 4957 ἐνομίσατε
1723 4887 1813 4941 λέ-

225 4977 422 5045 γεσθαι
478 4975 685 5046 κτίσμα
705 4974 767 5029 τὸ
786 4975 1010 5046 Πνεῦμα
1036 4975 1098 5029 τὸ
1144 4977 1332 5044 ἀγιον;
1386 4978 1578 5032 Καίτοι
1625 4980 1681 5031 ἐν
1717 4981 1814 5050 μὲν

225 5070 348 5133 ταῖς
375 5066 709 5139 Παροιμίαις
732 5066 982 5138 φανερῶς
1145 5068 1179 5137 ἡ
1237 5068 1406 5137 Σοφία
1434 5068 1669 5136 λέγουσά
1697 5072 1813 5123 ἐστι

224 5157 307 5223 τὸ,
342 5178 361 5210 ι
388 5158 574 5212 ἔκτισέ
611 5173 700 5229 με’
721 5176 739 5210 ι
782 5158 876 5212 καὶ
900 5157 1049 5228 ὅμως
1086 5157 1265 5222 καλῶς
1297 5175 1361 5227 γε
1400 5159 1698 5223 ποιοῦντες,
1727 5162 1812 5230 ἐρ-

227 5247 497 5320 μηνεύετε
527 5247 589 5300 τὸ
631 5246 814 5319 ρητδν,
864 5247 951 5300 ἵνα
987 5246 1061 5318 μὴ
1100 5248 1199 5319 τὴν
1250 5248 1578 5320 δημιουργὸν
1616 5249 1814 5318 Σοφίαν

225 5342 284 5393 ἐν
464 5342 578 5403 τοῖς
601 5340 864 5410 κτίσμασι
890 5339 1274 5412 συναριθμῆτε.
1308 5340 1381 5393 Τὸ
1406 5341 1463 5394 δὲ
1496 5344 1554 5395 ἐν
1579 5341 1655 5412 τῷ
1680 5360 1815 5412 προ-

226 5431 378 5501 φήτῃ
414 5429 576 5501 ῥητὸν
600 5431 701 5483 οὐκ
723 5429 1140 5501 ἐχειγνώρισμα
1174 5432 1300 5503 περὶ
1332 5432 1429 5486 τοῦ
1464 5434 1620 5502 ἁγίου
1645 5434 1813 5486 Πνεύ-

230 5539 423 5592 ματος,
482 5522 598 5577 ἀλλ’
622 5522 809 5586 ἁπλῶς
860 5522 1074 5595 εἴρηται
1127 5526 1255 5594 περὶ
1310 5525 1639 5596 πνεύματος.
1688 5526 1813 5590 Πῶς

226 5610 345 5678 οὖν,
370 5614 546 5668 καίτοι
581 5615 837 5685 πλείστης
864 5613 1030 5686 οὔσης
1066 5615 1325 5686 διαφορᾶς
1347 5617 1405 5671 ἐν
1429 5621 1546 5680 ταῖς
1570 5620 1812 5689 Γραφαῖς

230 5705 365 5773 περὶ
400 5705 724 5775 πνευμάτων
762 5747 779 5774 ,
902 5706 997 5760 καὶ
1048 5707 1346 5779 δυναμένου
1384 5710 1476 5763 τοῦ
1512 5712 1677 5783 ῥητοῦ
1713 5714 1812 5785 τὴν

1918 3635 2017 3675 vos
2045 3619 2119 3674 ita
2152 3620 2364 3686 docuit,
2396 3622 2624 3691 vclquis
2656 3622 2876 3677 tandem
2906 3621 3101 3675 modus
3133 3619 3302 3673 vestri
3333 3634 3487 3672 erro-

1918 3709 1995 3765 ris
2017 3709 2331 3780 ?Legimus,
2360 3710 2639 3782 inquiunt,
2666 3710 2718 3765 in
2753 3710 3017 3781 propheta
3048 3709 3216 3763 Amos
3247 3710 3364 3763 hate
3393 3708 3490 3762 Dei

1922 3802 2089 3857 verba
2123 3822 2137 3858 :
2179 3822 2198 3855 ‹
2229 3801 2368 3869 Quia
2401 3818 2528 3859 ecce
2556 3818 2656 3874 ego
2701 3804 2926 3857 ﬁrmans
2954 3802 3180 3865 tonitru,
3202 3808 3257 3855 et
3296 3815 3490 3854 creans

1922 3894 2172 3965 spiritum
2194 3935 2210 3960 ,
2238 3903 2291 3951 et
2322 3893 2657 3950 annuntians
2678 3894 2745 3949 ad
2769 3892 3018 3947 homines
3041 3891 3324 3946 Christum
3348 3889 3487 3958 ejus,

1923 3985 2129 4041 faciens
2156 3985 2458 4042 diluculum
2508 3994 2565 4039 et
2616 3984 2893 4047 nebulam,
2928 3992 2983 4037 et
3042 3981 3299 4051 gradiens
3326 3994 3491 4046 super

1921 4079 2136 4139 etcelsa
2170 4089 2364 4134 terrae:
2400 4078 2665 4133 Dominus
2702 4078 2843 4132 Deus
2874 4077 3243 4146 omnipotens,
3292 4088 3492 4127 nomen

1921 4171 2021 4240 ipsi
2062 4176 2103 4224 ⁵.
2132 4188 2150 4222 ι
2175 4169 2304 4225 lude
2328 4170 2543 4226 adducti
2578 4170 2781 4224 fuimus
2806 4176 2865 4223 ut
2906 4167 3148 4232 Arianis,
3188 4166 3281 4235 qui
3319 4164 3493 4235 Spiri-

1920 4272 2034 4317 tum
2083 4272 2332 4319 sanctum
2359 4278 2472 4318 rem
2522 4269 2761 4317 creatam
2791 4274 2912 4315 esse
2940 4259 3159 4324 docent,
3199 4256 3494 4312 assentire-

1922 4369 2065 4407 mur.
2091 4353 2174 4406 An
2207 4368 2335 4423 ergo
2376 4353 2523 4421 quod
2583 4351 2725 4421 apud
2776 4348 2945 4404 Amos
3004 4356 3184 4403 exstat
3234 4346 3495 4417 legistis:

1921 4445 2063 4510 quod
2092 4453 2271 4497 autem
2298 4444 2351 4497 in
2382 4440 2695 4499 Proverbiis
2717 4441 2919 4495 dicitur
2948 4456 2961 4491 :
3000 4440 3309 4508 (Dominus
3344 4452 3495 4495 crea-

1921 4536 1998 4589 vit
2034 4550 2118 4588 me
2150 4534 2365 4588 initium
2415 4533 2629 4587 viarum
2683 4547 2908 4587 suarum
2946 4531 2999 4588 in
3040 4544 3208 4599 opera
3248 4543 3348 4585 sua
3385 4535 3428 4593 ο,
3469 4547 3497 4579 ι.

1922 4640 1987 4681 an
2022 4622 2230 4694 legistis
2270 4623 2485 4678 necne?
2531 4620 2744 4691 Ergone
2798 4618 2947 4674 istud
2977 4615 3396 4672 Proverbiorum
3426 4628 3496 4669 ex

1920 4714 2148 4770 veritate
2198 4711 2652 4781 interpretamitri,
2713 4725 2781 4766 ne
2808 4709 3062 4764 videlicet
3108 4706 3351 4762 Verbum
3380 4720 3496 4760 rem

1920 4815 2158 4861 creatam
2183 4803 2381 4859 dicatis
2418 4819 2432 4855 :
2460 4801 2593 4856 illud
2617 4809 2799 4858 autem
2825 4801 3103 4871 prophetae
3150 4797 3298 4853 nulla
3328 4797 3498 4851 inter-

1921 4895 2225 4966 prelatione
2251 4891 2560 4963 explicatis,
2588 4890 2682 4946 sed
2714 4905 2846 4945 voce
2882 4908 2901 4942 ι
2943 4888 3171 4961 spiritus
3200 4906 3220 4939 ι
3250 4896 3499 4943 tantum-

1923 4987 2083 5040 modo
2112 4987 2321 5052 audita,
2360 4984 2623 5054 Spiritum
2656 4991 2909 5037 sanctum
2960 4996 3076 5035 rem
3120 4988 3360 5035 creatam
3387 4977 3499 5034 dici

1920 5076 2472 5145 existimatis?Atqui
2527 5075 2581 5129 in
2640 5074 2952 5130 Proverbiis
2997 5071 3273 5143 Sapientia
3315 5080 3500 5140 aperte

1921 5164 2053 5217 dicit
2092 5182 2105 5218 :
2146 5183 2166 5216 ι
2198 5163 2422 5218 Creavit
2455 5177 2562 5217 me.
2611 5180 2630 5214 ι
2670 5160 3058 5218 Verumtamen
3106 5171 3254 5215 recte
3276 5175 3372 5214 vos
3415 5160 3500 5213 di-

1921 5264 2066 5307 ctu-in
2116 5255 2251 5309 illud
2282 5256 2357 5309 ita
2385 5253 2657 5324 excipitis,
2683 5263 2743 5309 ut
2770 5270 2878 5309 non
2912 5253 3235 5308 creatricem
3269 5249 3498 5318 Sapien-

1924 5348 2051 5401 tiam
2078 5348 2245 5404 rebus
2277 5348 2476 5404 creatis
2504 5348 2899 5403 annumeretis.
2935 5345 3026 5399 Sic
3072 5344 3239 5413 igitur
3265 5356 3372 5396 vox
3403 5341 3495 5395 illa

1924 5441 2202 5509 propheta:
2226 5455 2335 5494 non
2369 5439 2632 5510 Spiritum
2679 5447 2926 5494 sanctum
2980 5436 3222 5497 denotat,
3254 5433 3345 5488 sed
3373 5442 3494 5485 tan-

1925 5539 2038 5583 tum
2065 5530 2132 5585 de
2166 5530 2361 5599 spiritu
2390 5530 2609 5585 dicitur.
2645 5528 2780 5582 Cum
2814 5540 2944 5596 ergo
2972 5524 3141 5578 multa
3166 5523 3238 5578 sit
3260 5522 3314 5577 in
3345 5521 3494 5577 Seri-

1925 5620 2104 5690 pturis
2155 5621 2447 5691 spirituum
2498 5619 2821 5682 ditterentia,
2881 5624 3203 5684 rectumque
3271 5628 3497 5669 sensum

1927 5714 2127 5767 habere
2156 5713 2331 5782 possit
2383 5712 2486 5768 iste
2536 5709 2835 5780 Scriptura:
2883 5707 3060 5773 locus,
3082 5722 3182 5762 cur
3214 5720 3312 5760 vos
3350 5705 3498 5761 velut
3548 5736 3579 5793 ἦ

293 5897 457 5977 ίΑρι.
489 5914 580 5962 vn,
620 5901 707 5977 Sil.
784 5908 805 5939 ¹
834 5906 1038 5965 lJoan.
1085 5923 1144 5972 ιι,
1186 5911 1276 5968 23.
1356 5910 1375 5944 ³
1411 5912 1606 5967 Matth.
1646 5928 1741 5977 xu,
1805 5911 1819 5965 ξ

1983 5911 2148 5965 Marc.
2198 5926 2278 5974 ιιι,
2328 5908 2417 5965 29.
2496 5908 2516 5940 ⁸
2554 5906 2709 5964 Joan.
2759 5921 2839 5973 ιιι,
2876 5903 2965 5961 5t.
3046 5902 3065 5934 '
3094 5900 3263 5959 Amos
3294 5916 3372 5965 ιν,
3412 5899 3495 5955 15.

224 5964 245 5995 ⁶
278 5963 442 6024 Prov.
479 5985 594 6036 vru,
626 5972 718 6027 22.
