3920 6550
448 521 696 593 Λέγεται
727 520 797 575 δὲ
834 520 933 577 καί
988 519 1224 589 ἀνέμων
1270 520 1605 590 πνεύματα.

406 628 853 699 Ἐντυγχάνοντες
873 626 930 689 δὲ
949 628 1042 689 καὶ
1065 628 1219 696 ὑμεῖς
1241 630 1359 690 ταῖς
1379 627 1560 694 ἁγίαις
1578 626 1686 697 (58)
1708 628 1837 698 Γρα-

249 724 412 789 φαῖς,
467 721 729 791 εὑρήσετε
776 717 1065 788 λεγόμενον
1119 718 1334 787 πνεῦμα
1367 717 1580 771 καὶτὸν
1633 720 1690 769 ὲν
1741 718 1838 779 αὐ-

245 816 361 877 τοῖς
390 817 503 876 τοῖς
538 812 702 889 θείοις
747 811 925 879 λόγοις
953 810 1107 876 νοῦν,
1137 810 1437 881 γράφοντος
1471 808 1565 871 τοῦ
1598 809 1832 871 Παύλου·

254 908 388 968 ι’Ὸς
554 905 647 964 καὶ
684 904 946 966 ἱκάνωσεν
980 904 1127 973 ἡμᾶς
1164 903 1441 965 διακόνους
1478 902 1687 971 Καινῆς
1712 903 1837 962 Διοι-

248 999 448 1068 eam“,
473 998 531 1055 οὐ
552 998 895 1069 γράμματος,
919 995 1053 1055 ἀλλὰ
1078 993 1407 1066 πνεύματος.
1435 993 1506 1046 Τὸ
1527 994 1636 1065 γὰρ
1662 994 1838 1065 γράμ-

248 1108 327 1162 μα
358 1091 671 1149 ἀποκτείνει
691 1130 706 1154 ,
732 1088 793 1159 τὸ
819 1089 875 1142 δὲ
900 1088 1118 1159 πνεῦμα
1147 1088 1421 1153 ζωοποιεῖ.
1449 1107 1467 1139 ι
1506 1088 1578 1150 Τὸ
1605 1087 1701 1157 μὲν
1727 1086 1835 1156 γὰρ

246 1180 415 1251 ῥητὸν
459 1178 750 1249 γράμματι
801 1178 1167 1248 κεχάρακται·
1215 1177 1244 1228 ὁ
1274 1176 1329 1230 δὲ
1368 1176 1492 1239 νοῦς
1523 1178 1553 1239 ᾧ
1598 1178 1655 1238 ὲν
1684 1175 1834 1247 αὺτῷ

246 1270 470 1341 πνεῦμα
497 1270 731 1339 λέγεται.
800 1269 987 1333 Οὕτως
1016 1271 1108 1324 καὶ
1167 1288 1184 1321 ι
1223 1270 1251 1323 ὁ
1279 1268 1441 1338 νόμος
1468 1269 1833 1340 πνευματικός

244 1366 418 1427 ἐστιν,
453 1382 473 1415 ι
505 1364 571 1415 ἵν’
601 1362 676 1426 ὡς
707 1362 866 1424 πάλιν
895 1361 1085 1433 εἴρηκε
1125 1396 1143 1423 .
1294 1362 1368 1433 μὴ
1401 1361 1740 1431 δουλεῦωμεν
1773 1363 1831 1416 ἐν

242 1455 572 1526 παλαιότητι
596 1455 943 1532 γράμματος,
973 1452 1087 1507 ἀλλ’
1121 1455 1179 1513 ὲν
1199 1453 1477 1523 καινότητι
1500 1452 1828 1524 πνεύματος.

245 1548 358 1600 Καὶ
385 1547 549 1611 αὐτὸς
584 1547 681 1617 μὲν
709 1545 1041 1617 εὐχαριστῶν
1074 1544 1260 1613 ἔλεγεν
1279 1561 1293 1574 ·
1330 1563 1349 1597 ι
1378 1546 1520 1615 Ἀρα
1553 1540 1645 1617 οῦν
1670 1544 1834 1608 αὐτὸς

243 1637 361 1706 ἐγὼ
385 1638 467 1709 τῷ
499 1639 597 1710 μὲν
624 1637 704 1697 νοτ
728 1637 963 1703 δουλεύω
987 1637 1135 1708 νόμῳ
1163 1635 1298 1701 Θεοῦ
1315 1677 1330 1702 ,
1365 1638 1431 1707 τῇ
1459 1636 1516 1689 δὲ
1542 1638 1704 1708 σαρκὶ⁸
1732 1638 1829 1690 νό-

245 1750 336 1803 μῳ
367 1731 643 1803 ἁμαρτίας
663 1748 676 1760 ”
710 1730 860 1793 οὐδὲν
888 1730 981 1789 νῦν
1010 1729 1120 1802 ἄρα
1288 1728 1608 1800 κατάκριμα
1633 1730 1746 1793 τοῖς
1773 1730 1830 1783 ἐν

243 1824 473 1896 Χριστῷ
502 1821 696 1894 Ἰησοῦ.
732 1823 788 1875 '0
810 1820 918 1894 γὰρ
939 1820 1102 1892 νόμος
1121 1818 1215 1873 τοῦ
1238 1819 1545 1890 πνεύματος
1566 1820 1664 1891 τῆς
1685 1820 1831 1890 ζωῆς

242 1888 310 1965 ὲν
340 1888 575 1983 Χριστῷ-
608 1908 780 1982 Ἰησοῦ
814 1888 1155 1984 ἧλευοὲρωσέ
1182 1926 1250 1980 με
1288 1888 1394 1962 ἀπο
1418 1908 1512 1961 τοῦ
1536 1888 1701 1979 νόμου
1731 1888 1831 1981 τῆς
1863 1888 1903 1945 Β

242 2003 557 2075 ἁμαρτίας·
594 2021 614 2055 ι
661 2005 689 2055 ὁ
721 2001 777 2055 δὲ
818 2001 1112 2066 Φίλιππος,
1162 2001 1252 2055 τὸν
1300 2000 1561 2074 εὐνοῦχον
1596 2002 1704 2054 ἀπὸ
1735 2002 1828 2054 τοῦ

244 2095 579 2166 γράμματος
626 2095 707 2156 είς
739 2092 798 2147 τὸ
832 2092 1046 2167 πνεῦμα
1080 2091 1246 2145 θέλων
1281 2093 1629 2162 ἐπιστρέφειν
1650 2132 1664 2159 ,
1717 2093 1831 2145 ἕλεα

244 2203 346 2255 γεν
366 2203 379 2216 ο
419 2206 437 2238 ι
474 2180 623 2256 τΑρά.
649 2202 713 2255 γε
743 2183 1031 2254 γινώσκεις
1069 2186 1105 2240 ἂ
1137 2184 1564 2254 ἀναγινώσκεις
1597 2205 1616 2237 ι
1652 2185 1828 2239 τοιοῦ-

244 2296 341 2333 τον
371 2278 620 2351 ἐσχηκὼς
656 2280 1012 2350 μαρτυρεῖται
1059 2278 1153 2331 καὶ
1203 2280 1232 2331 ὁ
1278 2278 1459 2331 Χάλεὸ
1629 2280 1686 2332 ὲν
1717 2282 1832 2343 τοῖς

257 2370 561 2442 ’Δριθμοί;,
587 2369 680 2425 τοῦ
703 2369 836 2437 Θεοῦ
864 2370 1110 2439 λέγοντος
1133 2388 1147 2402 ο
1190 2388 1209 2423 ι
1250 2372 1307 2423 ’0
1337 2370 1392 2423 δὲ
1424 2374 1553 2435 παῖς
1586 2389 1686 2441 μου
1715 2372 1829 2425 Χά-

244 2463 367 2527 λεϐ,
387 2463 471 2527 ὅτι
503 2462 736 2534 ἐγενήθη
764 2463 948 2535 ἕτερον
975 2462 1188 2534 πνεῦμα
1214 2464 1273 2516 ἐν
1298 2462 1445 2533 αὐτῴ
1464 2503 1479 2529 ,
1508 2464 1602 2517 καὶ
1630 2465 1832 2534 ἐπηκο-

244 2556 482 2627 λούθησε
513 2573 636 2625 μοι·
660 2556 865 2633 εἰσάξω
898 2557 1056 2609 αὐτὸν
1091 2556 1169 2619 είς
1191 2556 1291 2627 τὴν
1323 2557 1425 2625 γῆν
1454 2557 1532 2620 είς
1555 2557 1619 2625 ἦν
1650 2556 1830 2625 εῑσῆλο

246 2648 345 2701 Θεν
372 2649 511 2711 ἐκεῖ,
682 2666 704 2709 ρ
741 2646 908 2717 Ἀλλῃ
937 2646 1045 2716 γὰρ
1074 2646 1283 2717 διανοίᾳ
1310 2646 1460 2716 παρὰ
1485 2645 1583 2716 τὴν
1608 2644 1830 2709 ἐκείνων

246 2741 415 2807 αὐτὸς
447 2741 684 2810 λαλήσας
702 2778 716 2804 ,
744 2741 1035 2811 εῷᾁρεστος
1059 2738 1138 2809 τῷ
1165 2738 1284 2805 Θεῷ
1313 2738 1525 2807 γέγονε.
1562 2738 1604 2788 Τ
1607 2736 1831 2807 οιαύτην

247 2832 398 2911 ἔχειν
425 2831 760 2902 προέτρεψεν
786 2834 816 2884 ὁ
849 2832 980 2895 Θεὸς
1006 2831 1097 2886 τὸν
1127 2831 1252 2884 λαὸν
1285 2830 1511 2900 καρδίαν
1539 2829 1627 2893 διᾲ
1670 2829 1829 2893 Ἰεζε-

247 2922 380 2992 κιὴλ
409 2920 612 2990 λέγων·
651 2939 669 2971 ι
701 2922 967 2991 Ποιήσατε
992 2913 1207 2981 ἑαυτοὶς
1250 2920 1477 2986 καρδίαν
1520 2913 1713 2981 καινὴν
1745 2912 1842 2963 καὶ⁸

255 3016 478 3086 πνεῦμα
524 3014 729 3081 καινόν.
761 3033 783 3066 ι
850 3015 1066 3080 Τούτων
1097 3010 1278 3064 τοίνυν
1310 3008 1480 3070 οὕτως
1506 3005 1703 3069 ὄντων,
1749 3000 1844 3067 καὶ.

252 3108 523 3177 τοσαύτης
553 3108 812 3179 διαφορᾶς
832 3125 902 3160 ιπε
910 3107 965 3179 ρ¹ι
988 3106 1095 3162 τῶν
1124 3101 1446 3173 πνευμάτων
1464 3098 1645 3165 δεικνυ
1654 3095 1840 3167 μένης,

256 3198 503 3268 βελτίους
538 3198 601 3251 ἂν
625 3193 722 3267 ἦτε
762 3236 777 3260 ,
935 3199 1005 3263 εί,
1034 3197 1163 3267 περὶ
1193 3190 1510 3261 κτιζομένου
1535 3185 1844 3256 πνεύματος

256 3290 586 3354 ἀκούοντες,
624 3290 751 3359 περὶ
776 3290 894 3352 ἑνὸς
937 3289 1043 3341 τῶν
1080 3284 1493 3358 προειρημένων
1543 3280 1841 3359 ἐφρονεῖτε,

258 3378 372 3447 οἷον
405 3378 473 3452 ἦν
511 3382 637 3452 περὶ
668 3374 737 3441 οὗ
764 3384 820 3449 εν
870 3380 1067 3449 Ἡσαΐᾳ
1094 3379 1435 3448 γέγραπται·
1480 3394 1497 3424 ι
1528 3369 1846 3440 Συνεφώνη-

255 3490 351 3535 cev
385 3450 565 3545 Ἀρὰμ
587 3450 723 3545 πρὸς
747 3474 838 3527 τὸν
874 3471 1139 3542 Ἐφραῒμ.
1174 3450 1270 3531 αἰαὶ
1294 3468 1484 3537 ἐξέστη
1510 3467 1543 3536 ἢ
1572 3463 1720 3547 ψυχὴ
1750 3461 1845 3529 φίλ’

253 3568 350 3621 τοῦ
376 3611 390 3634 ,
427 3568 522 3627 καὶ
553 3570 586 3638 ἡ
614 3568 761 3639 ψυχὴ
788 3567 882 3621 τοῦ
908 3566 1043 3624 λαοῦ
1080 3565 1247 3623 αὑτοῦ
1271 3603 1286 3626 ,
1325 3563 1383 3619 ὃν
1408 3561 1607 3639 τρόπον
1787 3559 1845 3624 ἐν

255 3660 450 3732 δρυμῷ
478 3661 632 3728 ξύλον
662 3661 766 3725 ὑπὸ
798 3660 1104 3731 πνεύματος
1136 3656 1392 3725 σαλευθῇ.
1428 3673 1446 3707 υ
1508 3649 1759 3714 Τοιοῦτον
1787 3650 1847 3713 δὲ

252 3748 323 3823 ἦν
354 3754 449 3806 καὶ
475 3795 489 3816 ,
524 3771 543 3804 ι
583 3755 647 3809 Ὃ
668 3752 920 3823 ἐξήγειρε
949 3750 1151 3821 Κῦριος
1172 3746 1389 3817 πνεῦμα
1414 3744 1506 3799 ἐπὶ
1528 3742 1624 3813 τὴν
1647 3740 1847 3793 θάλασ-

260 3860 360 3897 σειν
402 3864 424 3901 ι
458 3845 547 3901 διὰ
578 3845 668 3901 τὸν
716 3846 919 3899 Ἰωνᾶν.
956 3840 1263 3901 Ἀκολουοεῖ
1288 3840 1396 3909 γὰρ
1426 3839 1490 3908 τῇ
1526 3835 1720 3907 βροντῇ
1751 3832 1846 3886 καί⁹

257 3935 328 3987 τὰ
350 3934 459 3988 τῶν
485 3936 700 4006 ἀνέμων
727 3935 1013 4006 πνεύματα
1030 3976 1044 3999 ,
1071 3934 1148 3997 ὼς
1174 3932 1274 3987 ἐπὶ
1297 3929 1391 3985 τοῦ
1426 3926 1581 3982 ὑετοῦ
1754 3922 1848 3975 τοῦ

258 4029 400 4082 κατὰ
432 4029 524 4081 τὸν
558 4029 780 4098 Ἀχαὰ6.
802 4028 878 4091 ᾡς
907 4027 1256 4101 γέγραπται·
1288 4041 1311 4079 ,t
1342 4024 1451 4077 Καὶ
1484 4020 1698 4087 ἐγένετο
1718 4012 1841 4082 ὦδε,

1187 403 1568 482 ΡΛΝΟΡΙᾼΑ
1608 403 2158 469 ΒΟῢΜΑΤΙΟΛ.-
2193 402 2346 463 Tl'l‘.
2391 401 2533 461 XII.

3407 404 3511 464 θυι

2240 518 2444 572 Dicitur
2476 528 2636 572 etiam
2668 527 2943 575 ventorum
2973 517 3209 587 spiritus.

2109 625 2436 693 Quinetiam
2466 627 2511 680 si
2536 626 2691 682 vobis
2718 634 2936 691 sanctas
2968 622 3200 685 Litteras
3231 620 3409 690 legere
3430 620 3513 687 lu-

1938 721 2081 784 beat,
2112 720 2289 787 ipsum
2322 718 2633 771 divinorum
2656 716 2948 773 verborum
2990 730 3232 779 sensum,
3258 715 3510 785 spiritum

1936 828 2153 883 quoque
2187 811 2446 881 appellari
2503 810 2803 879 reperietis.
2854 809 2944 867 Sic
2974 809 3120 864 enim
3148 808 3350 865 Paulus
3376 809 3514 864 δεήσ-

1936 907 2014 962 bit
2042 924 2055 960 :
2089 924 2107 956 ι
2132 904 2235 970 Qui
2253 913 2306 959 et
2330 904 2555 959 idoneos
2575 917 2675 957 nos
2705 901 2831 957 fecit
2858 901 3140 958 ministros
3168 899 3301 955 Novi
3323 899 3515 956 Testa-

1936 996 2125 1062 meuti,
2159 1011 2266 1050 non
2300 996 2512 1059 litterae,
2545 994 2638 1049 sed
2668 992 2911 1062 spiritus.
2946 992 3151 1047 Littera
3184 992 3330 1048 enim
3367 992 3515 1047 occi-

1935 1089 2035 1155 dit,
2061 1088 2285 1158 Spiritus
2307 1096 2492 1142 autem
2518 1086 2756 1140 viviﬁcat
2800 1092 2846 1141 ‘.
2900 1104 2919 1137 ι
2954 1084 3228 1153 Siquidem
3261 1086 3463 1140 dictum
3493 1123 3510 1149 ,

1935 1184 2110 1239 littera
2144 1192 2425 1236 exaratum
2460 1190 2585 1235 eet:
2639 1194 2837 1234 sensus
2862 1192 2993 1232 vero
3036 1194 3196 1245 quem
3229 1178 3508 1241 continet,

1935 1277 2159 1347 spiritus
2182 1276 2401 1330 dicitur.
2436 1276 2514 1329 lla
2541 1282 2597 1328 et
2630 1292 2648 1325 ι
2696 1273 2782 1327 lex
2824 1272 3123 1341 spiritualis
3154 1282 3239 1324 est
3278 1277 3326 1334 π,
3366 1289 3384 1322 ι
3430 1280 3507 1332 ιιι,

1934 1367 2395 1437 quemadmodum
2427 1367 2573 1421 idem
2601 1364 2759 1431 dixit,
2789 1380 2898 1418 non
2942 1365 3245 1418 serviamus
3267 1364 3323 1416 in
3358 1372 3511 1416 vetu-

1936 1467 2074 1514 state
2098 1460 2311 1525 litterae,
2337 1458 2432 1514 sed
2471 1460 2523 1512 in
2564 1459 2803 1512 novitate
2837 1457 3081 1526 Spiritus.
3119 1456 3263 1510 ldem
3296 1469 3517 1524 quoque
3619 1520 3631 1532 .

1934 1550 2135 1620 gratias
2162 1566 2330 1621 agens
2360 1550 2576 1606 dicebat
2616 1552 2636 1583 ⁸
2664 1567 2678 1602 :
2717 1569 2735 1600 ι
2766 1550 2932 1619 Igitur
2952 1566 3053 1618 ego
3072 1550 3187 1619 ipse
3205 1559 3383 1605 mente
3400 1563 3515 1602 ser-

1936 1644 2024 1697 vio
2052 1644 2154 1715 legi
2184 1642 2275 1698 Dei
2307 1663 2321 1699 :
2359 1659 2524 1699 carne
2556 1655 2760 1707 autem,
2786 1643 2887 1712 legi
2936 1642 3167 1712 peccati.
3204 1640 3352 1694 Nihil
3385 1656 3514 1709 ergo

1934 1750 2081 1789 nunc
2106 1736 2473 1790 damnationis
2495 1744 2579 1790 est
2604 1737 2673 1789 iis
2703 1734 2796 1804 qui
2828 1743 2958 1788 sunt
3006 1734 3059 1786 in
3099 1734 3321 1787 Christo
3362 1729 3511 1784 Jesn.

1933 1826 2045 1881 Lex
2064 1828 2209 1881 enim
2239 1828 2465 1897 spiritus
2504 1828 2627 1881 vita:
2662 1828 2714 1882 in
2752 1825 2971 1881 Christo
2992 1826 3120 1881 Jesu
3147 1825 3397 1880 liberavit
3425 1838 3517 1879 me

1934 1931 1965 1971 a
1995 1918 2111 1988 lege
2128 1918 2338 1988 peccati
2394 1921 2433 1971 δ.
2466 1937 2485 1970 ι
2524 1916 2807 1987 Philippus
2824 1918 2987 1971 etiam
3014 1916 3328 1971 eunuchum
3363 1929 3395 1968 a
3430 1914 3513 1968 lit-

1936 2019 2051 2065 tera
2084 2010 2150 2065 ad
2184 2010 2436 2079 spiritum
2463 2018 2781 2065 convertere
2815 2010 3003 2064 volens
3034 2009 3255 2063 aiebat:
3294 2025 3313 2058 ι
3352 2007 3513 2060 Intel-

1935 2102 2058 2171 ligis
2097 2116 2220 2170 quae
2266 2102 2399 2172 legis
2450 2102 2514 2155 ⁵2
2562 2120 2582 2152 ι
2622 2100 2805 2154 Talem
2851 2116 3071 2170 quoque
3120 2100 3371 2168 spiritum
3410 2099 3510 2151 Ca-

1934 2191 2020 2245 leh
2078 2190 2340 2247 habuisse
2409 2207 2476 2246 ex
2524 2190 2782 2253 Numeris
2813 2201 3067 2255 constat,
3110 2190 3221 2246 Deo
3250 2191 3510 2244 dicente:

1941 2297 1959 2332 ι
2000 2279 2202 2336 Servus
2232 2296 2389 2335 meus
2416 2281 2599 2344 Caleb,
2634 2281 2761 2350 quia
2801 2282 2979 2336 factus
3001 2272 3085 2335 est
3115 2281 3255 2335 alius
3287 2280 3511 2350 spiritus

1934 2371 1987 2425 in
2014 2387 2079 2425 eo
2100 2414 2113 2435 ,
2153 2382 2206 2427 et
2231 2382 2452 2429 secutus
2478 2382 2562 2427 est
2590 2388 2696 2437 me,
2723 2374 2975 2428 inducam
3018 2373 3196 2440 ipsum
3223 2371 3276 2425 in
3307 2379 3513 2425 terram

1936 2463 1989 2517 in
2025 2478 2189 2532 quam
2225 2464 2338 2519 illic
2370 2464 2652 2535 ingressus
2698 2474 2779 2520 est
2853 2462 2895 2517 °.
2953 2483 2972 2518 ι
3020 2462 3222 2533 Nempe
3254 2464 3383 2532 quia
3424 2462 3514 2516 ille

1935 2556 2040 2610 alia
2088 2556 2158 2609 ab
2203 2556 2311 2609 illis
2349 2558 2778 2617 mentelocutus
2802 2556 2906 2622 sit,
2938 2555 3049 2610 Deo
3076 2555 3182 2609 fuit
3231 2562 3506 2621 acceptus.

1935 2647 2063 2703 Tale
2095 2647 2220 2701 item
2255 2663 2351 2703 cor
2374 2649 2632 2716 populum
2670 2649 2867 2705 habere
2898 2649 3065 2717 jussit
3094 2647 3234 2701 Deus
3262 2660 3358 2715 per
3378 2643 3511 2696 Eze-

1935 2739 2160 2793 ehielem
2184 2755 2202 2792 :
2249 2757 2267 2788 ι
2306 2738 2490 2793 Facite
2730 2739 2886 2799 vobis
2921 2752 3018 2793 cor
3046 2752 3249 2792 novum
3272 2748 3327 2790 et
3353 2734 3512 2803 spiri-

1937 2840 2049 2885 tum
2071 2844 2270 2884 novum
2329 2827 2367 2882 '.
2410 2848 2429 2880 ι
2466 2829 2599 2894 Quae
2639 2846 2764 2884 cum
2800 2831 2871 2883 ita
2902 2831 3029 2891 sint,
3063 2839 3115 2883 et
3146 2837 3296 2882 tanta
3323 2827 3423 2886 sit,
3455 2831 3515 2877 ut

1945 2918 2301 2981 ostendimus,
2329 2917 2617 2986 spirituum
2663 2918 2994 2982 differentia,
3020 2918 3232 2988 aequius
3268 2918 3515 2988 profecto

1944 3009 2198 3080 ageretis,
2227 3009 2296 3071 si,
2318 3009 2411 3063 ubi
2437 3010 2504 3065 de
2534 3018 2719 3065 creato
2748 3010 2943 3080 spiritu
2989 3011 3194 3065 mentio
3226 3010 3371 3065 facta
3400 3009 3518 3065 fue-

1942 3103 2035 3166 rit,
2068 3101 2121 3157 id
2152 3102 2218 3155 de
2244 3101 2426 3170 aliqua
2466 3101 2855 3171 praedictorum
2910 3101 3205 3170 spirituum
3242 3100 3517 3170 intellige-

1899 3247 1911 3265 ‘
1943 3189 2094 3249 retis.
2145 3187 2470 3257 Huiusmodi
2497 3189 2584 3242 ille
2608 3190 2785 3247 estde
2818 3205 2929 3257 quo
2967 3191 3111 3258 apud
3151 3190 3346 3245 Isaiam
3384 3191 3518 3261 legi-

1946 3289 2035 3335 tur
2068 3295 2081 3330 :
2125 3298 2144 3337 ι
2177 3279 2658 3338 ConsensitAram
2687 3295 2812 3336 cum
2852 3279 3133 3349 Ephraim,
3157 3289 3211 3336 et
3236 3282 3519 3350 obstupuit

1941 3369 2121 3433 annm:
2148 3370 2290 3440 ejus,
2312 3381 2370 3431 ,et
2405 3371 2589 3431 anima
2636 3373 2823 3440 populi
2874 3373 3014 3440 eius,
3049 3373 3518 3441 quemadmodum

1940 3463 1994 3527 in
2022 3463 2156 3526 silva
2195 3463 2359 3525 arbor
2393 3479 2422 3517 a
2451 3463 2646 3531 spiritu
2691 3466 3007 3521 concutitur
3050 3472 3094 3520 ⁸.
3125 3484 3145 3518 ι
3192 3466 3338 3521 Idem
3386 3467 3516 3520 item

1940 3555 2026 3612 his
2055 3555 2239 3611 verbis
2274 3554 2549 3623 indicatur
2582 3574 2595 3608 :
2640 3574 2657 3605 ι
2691 3554 2961 3611 Excitavit
2982 3556 3246 3617 Dominus
3265 3558 3514 3625 spiritum

1936 3646 1994 3703 in
2028 3662 2179 3701 mare
2214 3653 2262 3711 ',
2298 3666 2317 3697 ι
2346 3656 2565 3715 prapter
2593 3644 2811 3703 Jonam.
2844 3646 3075 3709 'l‘onitru
3096 3660 3097 3663 ‘
3122 3648 3392 3724 siquidem
3432 3663 3518 3704 se-

1934 3747 2180 3808 quuntur
2242 3738 2473 3807 spiritus
2508 3748 2814 3804 ventorum,
2856 3739 2933 3793 uti
2975 3739 3204 3808 contigit
3238 3740 3291 3792 in
3334 3738 3514 3807 pluvia

1936 3844 2057 3898 quae
2111 3837 2303 3893 contra
2341 3828 2531 3895 Achab
2595 3828 2815 3893 cecidit,
2861 3828 3326 3907 quemadmodum
3376 3830 3513 3884 scri-

1936 3930 2088 3992 ptum
2115 3929 2199 3976 est
2234 3938 2248 3975 :
2282 3938 2304 3971 ι
2340 3918 2408 3983 Et
2435 3919 2610 3979 factus
2640 3929 2723 3975 est
2758 3936 2932 3991 usque
2962 3923 3069 3983 huc
3096 3930 3150 3976 et
3181 3936 3357 3990 usque
3379 3922 3508 3987 huc,

1934 4023 1989 4070 et
2008 4014 2128 4079 catli
2159 4013 2432 4073 obscurati
2459 4013 2932 4075 suntnubibus‘et
2962 4014 3158 4083 spiritu
3184 4015 3244 4068 ⁸ο.
3270 4035 3289 4067 ι

264 4122 359 4174 καὶ
380 4119 486 4180 ἕως
506 4111 629 4179 ὧδε,
655 4118 747 4171 καὶ
777 4120 806 4169 ὁ
832 4117 1055 4187 οὐρανὸς
1087 4112 1446 4168 συνεσκότασε
1486 4111 1741 4181 νεφέλαις
1761 4112 1856 4163 καὶ
1887 4114 2180 4182 πνεύματι.
2217 4130 2235 4161 ι

426 4214 567 4267 Ἀλλ’
593 4215 833 4285 ἐπείπερ
860 4212 1120 4284 Χριστοῦ,
1155 4212 1289 4283 φησι
1328 4248 1344 4272 ,
1517 4204 1845 4278 μνημονεύει

257 4306 319 4357 τὸ
343 4304 563 4373 Λόγιον,
588 4303 897 4366 ἀκολούθως
918 4304 1014 4356 καὶ
1043 4302 1104 4354 τὸ
1136 4301 1426 4370 λεγόμενον
1448 4295 1667 4367 πνεῦμα
1691 4295 1844 4349 οὐδὲν

255 4397 442 4468 ἕτερον
473 4397 506 4468 ἢ
534 4396 595 4449 τὸ
626 4394 851 4465 Πνεῦμα
878 4395 939 4448 τὸ
970 4393 1124 4461 ἅγιον
1156 4391 1262 4462 χρὴ
1297 4391 1460 4445 νοεῖν.
1629 4382 1764 4449 Εἶτα
1783 4386 1846 4438 τὸ

261 4482 358 4553 μὲν
510 4480 967 4553 συνονομάζεσθαι
978 4481 1057 4552 τῷ
1071 4477 1289 4550 Χριστῷ
1300 4477 1364 4531 τὸ
1375 4474 1599 4547 Πνεῦμα
1614 4475 1676 4528 τὸ
1691 4476 1846 4543 ἅγιον

2114 4212 2309 4267 Verum
2338 4211 2465 4279 quia
2485 4210 2713 4273 Christi,
2752 4209 3028 4278 inquiunt,
3078 4206 3330 4262 meminit
3357 4205 3515 4260 Scri-

1944 4311 2124 4370 ptura,
2206 4286 2333 4354 hinc
2355 4300 2413 4353 iit
2445 4308 2509 4352 uti
2533 4300 2762 4367 spiritus
2790 4299 2857 4352 de
2878 4314 2995 4367 quo
3033 4298 3123 4351 hic
3154 4307 3237 4351 est
3264 4295 3518 4365 qua‘stio,

1945 4395 2128 4449 nullus
2153 4394 2294 4448 alius
2326 4392 2712 4461 intelligendus
2742 4393 2821 4451 sit
2854 4400 3050 4458 praeter
3096 4390 3359 4459 Spiritum
3391 4404 3522 4447 sal)-

1944 4494 2117 4539 ctum.
2165 4484 2315 4538 Itane
2363 4500 2494 4552 ergo
2533 4484 2796 4553 Spiritum
2847 4492 3099 4537 sanctum
3146 4490 3254 4536 una
3299 4482 3519 4551 quidem

258 4572 603 4645 ὲοεωρήσατε
623 4590 637 4604 θ
661 4574 725 4627 τὸ
751 4574 808 4626 δὲ
855 4574 1083 4645 διαιρεῖν
1108 4571 1239 4627 αὐτὸ
1265 4572 1332 4640 τῇ
1358 4568 1517 4638 φύσει
1536 4608 1549 4631 ,
1584 4568 1679 4629 καὶ
1710 4569 1839 4627 ἀπο·

1945 4590 2070 4633 cum
2103 4575 2323 4630 Christo
2354 4576 2626 4628 nominari
2659 4574 2969 4627 attendistis
2990 4574 3012 4625 ?
3036 4583 3092 4626 at
3112 4573 3343 4629 .nbinam
3369 4572 3521 4631 illum

260 4668 487 4733 ξενίζειν
512 4667 627 4722 ἀπὸ
654 4666 748 4720 τοῦ
772 4667 925 4728 Υἱοῦ,
946 4666 1050 4720 ποῦ
1078 4665 1467 4734 κατενοήσατε,
1499 4662 1584 4716 ὅτι
1607 4660 1699 4714 τὸν
1746 4658 1849 4729 μὲν

258 4759 493 4829 Χριστὸν
522 4758 708 4827 λέγετε
744 4758 817 4829 μὴ
864 4754 1002 4825 εἶναι
1046 4756 1281 4825 κτίσμα,
1328 4753 1390 4806 τὸ
1430 4752 1489 4809 δὲ
1687 4751 1841 4819 ἅγιον

261 4848 485 4920 Πνεῦμα
519 4847 730 4919 κτίσμα
760 4848 984 4916 levate;
1012 4847 1123 4915 Καὶ
1150 4844 1349 4901 ἄτοπόν
1374 4846 1492 4899 ἐστι
1526 4842 1593 4896 τὰ
1616 4842 1847 4913 ἀνόμοια

258 4943 324 5011 τῇ
351 4940 516 5009 φύσει
560 4939 965 5010 συνονομάζειν,
1020 4939 1113 4992 καὶ
1158 4934 1521 5000 συνδοξᾰκξειν.
1571 4935 1708 4989 Ποία
1737 4934 1847 5004 γὰρ

262 5033 536 5097 κοινωνία,
572 5031 607 5102 ἢ
642 5031 771 5087 ποία
797 5031 1052 5102 ὁμοιότης
1074 5028 1149 5100 τῷ
1170 5030 1429 5099 κτίσματι
1460 5027 1595 5095 πρὸς
1614 5027 1707 5081 τὸν
1733 5026 1847 5079 κτί-

264 5140 423 5195 στην;
480 5124 636 5176 Ἐπεὶ
666 5123 790 5194 ὥρα
813 5124 957 5193 ὑμᾶς
978 5122 1074 5177 κα)⁸
1097 5121 1175 5193 τῷ
1204 5122 1318 5192 Υἱῴ
1353 5122 1707 5192 συναριθμείν.
1754 5118 1849 5173 καὶ

265 5216 558 5270 συνάπτειν
592 5216 664 5270 τὰ
711 5216 777 5270 δι’
813 5213 979 5269 αὑτοῦ
1012 5214 1279 5283 γενόμενα
1324 5212 1617 5282 κτίσματα.
1650 5213 1846 5282 Ἤρκει

266 5306 364 5377 μὲν
386 5302 482 5360 οὖν
674 5306 803 5378 περ)⁵
835 5304 1140 5375 πνεύματος
1190 5303 1408 5375 ἀνέμων
1458 5304 1597 5359 νοεῖν
1649 5301 1710 5353 τὸ
1752 5318 1846 5369 γε-

263 5398 606 5471 γραμμένον,
640 5398 828 5472 ὥσπερ
855 5399 1095 5470 εἴρηται’
1136 5397 1322 5467 ἐπειδὴ
1356 5396 1413 5448 δὲ
1447 5392 1847 5466 προφασίζεσθε

263 5507 361 5561 την
381 5493 439 5546 ὲν
460 5491 541 5562 τῷ
571 5490 720 5563 ῥητῷ
742 5492 871 5562 περὶ
900 5490 992 5544 τοῦ
1022 5488 1256 5560 Χριστοῦ
1295 5488 1532 5559 μνήμην,
1555 5486 1849 5563 ἀναγκαῖον

271 5581 396 5637 ιδεῖν
416 5583 662 5654 ἀκριϐῶς
693 5584 751 5637 τὸ
774 5583 1085 5652 λεγόμενον,
1126 5579 1200 5651 μὴ
1225 5578 1331 5656 ἄρα
1351 5578 1444 5630 καὶ
1475 5578 1602 5648 περὶ
1636 5576 1730 5630 τοῦ
1759 5575 1848 5628 λε-

326 5855 342 5889 ¹
383 5856 554 5911 lCor.
598 5873 681 5919 ιιι,
724 5857 777 5910 6.
856 5855 876 5887 ²

266 5925 284 5957 ⁷
317 5929 487 5983 Ειειι.
521 5945 668 5992 XVIII,
698 5928 785 5983 51.
867 5927 888 5957 ⁸
935 5921 1041 5983 Rh.
1078 5939 1173 5989 vn,
1200 5921 1254 5976 2.

1000 5867 1072 5907 m.
1099 5868 1193 5915 vn,
1244 5852 1332 5906 Η.
1407 5850 1428 5883 ³
1458 5849 1588 5904 ibid.
1629 5851 1681 5904 6.
1758 5849 1779 5880 ⁵
1814 5847 1947 5901 ibid.
1973 5847 2078 5913 95;
2127 5862 2243 5904 vm,
2278 5848 2331 5907 1,
2368 5850 2419 5899 εὶ.

1335 5924 1354 5951 9
1385 5918 1507 5975 Jon.
1547 5937 1585 5987 ι,
1629 5921 1680 5973 4.
1763 5921 1803 5950 ¹⁰
1840 5919 1910 5971 lll
1950 5918 2082 5985 lii-3.
2124 5933 2274 5979 sun,

1945 4665 2361 4721 naturaaFilio
2410 4666 2581 4719 dividi
2639 4674 2693 4719 et
2741 4663 2981 4733 separari
3033 4662 3399 4727 intellexistis,
3422 4661 3524 4729 qui

1943 4757 2224 4813 Christum
2262 4756 2481 4825 quidem
2516 4772 2631 4811 rem
2662 4768 2903 4810 creatam
2947 4770 3055 4809 non
3092 4769 3235 4815 esse,
3267 4753 3362 4809 sed
3397 4752 3523 4821 Spi-

1945 4850 2110 4905 ritum
2141 4856 2390 4903 sanctum
2446 4863 2558 4901 rem
2613 4856 2849 4901 creatam
2902 4860 3024 4900 esse
3069 4844 3280 4898 audetis
3306 4843 3526 4899 dicere?

1948 4941 2269 4997 Absurdum
2325 4955 2457 4995 sane
2518 4938 2681 4992 fuerit
2714 4954 2784 4991 ea
2819 4954 2940 5007 quia
2992 4944 3185 4990 natura
3234 4935 3529 4993 dissimilia’

1946 5042 2075 5088 sunt
2101 5033 2267 5087 simul
2309 5030 2597 5085 nominare
2649 5030 2952 5098 eademque
3000 5027 3173 5095 gloria
3226 5027 3522 5081 celebrare.

1947 5125 2079 5191 Quae
2112 5124 2258 5178 enim
2283 5120 2598 5176 communio
2630 5119 2712 5173 vel
2739 5134 2862 5187 qua:
2888 5117 3192 5177 similitudo
3214 5116 3299 5177 rei
3327 5124 3527 5169 creatae

1947 5230 2071 5270 cum
2105 5212 2404 5267 Creatore?
2431 5210 2682 5265 Profecto
2717 5211 2761 5264 si
2794 5209 2866 5262 ita
2900 5217 3003 5270 est,
3053 5207 3192 5261 nihil
3243 5206 3391 5260 aliud
3426 5220 3523 5259 su-

1947 5313 2131 5377 perest
2154 5320 2321 5374 quam
2350 5312 2408 5357 ut
2438 5301 2575 5356 Filio
2619 5316 2707 5355 res
2738 5314 2877 5369 quas
2928 5300 3043 5367 ipse
3100 5296 3304 5357 creavit
3348 5311 3524 5350 annu—

1947 5398 2174 5452 meretis
2226 5406 2281 5450 et
2333 5393 2702 5467 conjungatis.
2736 5392 2927 5460 Itaque
2983 5390 3117 5445 satis
3150 5388 3371 5457 quidem
3403 5401 3527 5442 esse

1951 5490 2237 5545 videbatur
2266 5489 2412 5557 quod
2467 5485 2609 5555 apud
2660 5484 2978 5552 prephetam
3027 5481 3289 5549 scriptum
3332 5488 3418 5535 est
3456 5479 3524 5532 de

1948 5583 2142 5650 spiritu
2180 5591 2488 5641 ventorum,
2529 5591 2588 5633 ut
2620 5578 2731 5647 jam
2784 5577 2989 5630 dictum
3042 5584 3146 5640 est,
3200 5572 3521 5642 intelligere.

2500 5848 2521 5878 ⁸
2547 5848 2663 5901 Act.
2702 5860 2814 5906 vm,
2851 5843 2942 5899 30.
3021 5844 3040 5874 '
3078 5840 3242 5897 Num.
3274 5855 3388 5905 le,
3430 5837 3522 5891 24.
