3920 6568
458 396 568 465 695

1711 407 2093 469 EUTIIYMII
2130 409 2495 473 ZIGABENI
3590 417 3680 483 696

462 541 661 598 Verum
704 539 1140 615 quandoquidem
1184 536 1383 595 factam
1435 538 1634 593 ibidem
1688 539 1756 594 de
1813 538 2025 595 Christo

2129 547 2360 618 γομένου
2403 543 2684 611 κτίζεσθαι
2735 542 3049 615 πνεύματος
3076 542 3411 616 οἰκειοτέραν
3459 545 3679 619 εὕρωμεν

458 633 790 688 mentionem
823 632 1084 702 objicitis,
1124 642 1380 687 accurate
1424 648 1511 685 res
1540 639 1623 686 est
1658 631 1818 686 nobis
1855 634 2028 703 expli-

2129 642 2229 711 τὴν
2260 640 2518 695 διάνοιαν.
2556 640 2621 692 Τί
2645 638 2825 693 τοίνυν
2851 639 2969 693 ἐστὶ
2994 639 3054 692 τὸ
3088 639 3449 708 ἀπαγγέλλειν
3494 643 3566 703 είς
3603 645 3682 696 ἁν-

456 724 653 791 eanda,
688 724 735 779 si
783 722 923 778 forte
965 724 1096 794 quid
1151 724 1348 778 melius
1394 724 1460 778 de
1511 724 1615 779 isto
1658 725 1876 794 spiritu,
1932 727 2025 797 qui

2131 728 2381 802 θρώπους
2403 730 2495 782 τὸν
2528 728 2762 798 Χριστὸν
2794 726 2984 794 αὑτοῦ,
3011 728 3044 799 ἦ
3076 728 3139 781 τδ
3168 727 3414 798 γίνεσθαι
3444 728 3593 783 αὑτὸν
3610 732 3683 786 6v-

456 813 634 866 ereari
675 812 899 877 dicitur,
929 813 1218 868 ostendere
1250 813 1546 882 possimus.
1581 814 1721 880 Quid
1740 826 1825 871 est
1867 817 2032 887 igitur

456 903 785 958 annuntiare
826 903 967 957 inter
1014 904 1268 959 homines
1300 904 1579 960 Christum
1632 907 1755 975 ejus
1795 912 2029 979 ‘,‘quam

455 994 634 1062 ipsum
662 993 935 1047 hominem
966 993 1103 1057 ﬁeri,
1141 994 1391 1065 idemque
1427 1011 1548 1051 esse
1571 1011 1635 1051 ac
1664 997 1824 1053 illud:
1853 1019 1869 1051 ε
1896 1000 2034 1057 Ecce

456 1085 611 1155 virgo
647 1086 700 1139 in
736 1095 891 1140 utero
932 1087 1175 1153 habebit,
1218 1095 1273 1141 et
1325 1088 1501 1157 pariet
1554 1089 1825 1156 ﬁlium,_et
1870 1109 2032 1147 voca-

457 1176 595 1230 bunt
620 1190 817 1231 nomen
843 1176 963 1246 ejus
995 1177 1315 1232 Emmanuel
1367 1180 1411 1245 ’,
1435 1198 1453 1231 ι
1478 1187 1532 1234 et
1560 1181 1664 1234 alia
1686 1196 1802 1251 qua!
1826 1184 1893 1239 de
1914 1184 2031 1253 ejus

458 1269 693 1321 adventu
725 1267 926 1337 scripta
956 1269 1115 1322 sunt?
1145 1267 1283 1323 Cum
1317 1269 1481 1339 igitur
1524 1285 1589 1323 eo
1624 1272 1727 1326 loci
1766 1273 1928 1327 Verbi
1974 1275 2028 1328 in

458 1374 679 1413 carnem
702 1358 967 1414 adventus
1000 1362 1373 1429 annuntietur,
1401 1363 1613 1431 qualem
1640 1373 1878 1418 creatum
1914 1368 2029 1436 spi-

458 1449 624 1503 ritum
659 1450 957 1521 intelligere
991 1451 1273 1516 debemus,
1302 1462 1497 1521 praeter
1545 1453 1825 1507 hominum
1860 1457 2029 1524 spiri-

460 1548 575 1592 tum
597 1540 691 1607 qui
725 1540 960 1594 efﬁcitur
988 1549 1041 1593 et
1061 1550 1372 1605 renovatur,
1394 1542 1854 1610 quemadmodum
1890 1544 2030 1602 Deus

461 1650 556 1704 per
583 1633 921 1690 Ezechielem
964 1637 1240 1711 pollicitus
1274 1646 1379 1705 est,
1433 1637 1622 1693 dicens
1663 1655 1677 1691 :
1711 1656 1731 1688 ι
1778 1636 1844 1690 Et
1894 1637 2036 1690 dabo

460 1726 617 1781 vobis
645 1741 743 1781 eor
793 1743 1027 1795 novum,
1058 1738 1114 1783 et
1145 1729 1397 1798 spiritum
1422 1745 1626 1783 novum
1662 1728 1804 1783 dabo
1836 1728 1988 1783 vobis
2017 1743 2032 1781 :

2133 821 2371 892 θρωπον,
2408 820 2503 874 καὶ
2535 820 2647 873 ἴσον
2674 815 2810 873 εῖναι
2838 820 3096 892 τοῦτοτῷ
3275 820 3470 889 φάναιο
3511 840 3529 873 ι
3570 823 3683 878 Ἰδοὺ

2136 910 2170 979 ή
2206 908 2471 979 παρθένος
2513 909 2570 960 ἐν
2602 908 2801 979 γαστρὶ
2847 907 2993 973 ἕξει,
3031 909 3126 962 καὶ
3159 909 3377 975 τέξεται
3419 911 3561 964 υίόν’
3605 913 3685 968 xa‘.

2136 1002 2427 1055 καλέσουσι
2450 1001 2510 1054 τὸ
2534 1001 2705 1072 ὄνομα
2724 999 2887 1054 αὑτοῦ
2920 1002 3268 1074 Ἐμμανουήλ
3285 1019 3300 1034 ⁸
3316 1021 3335 1055 ι
3356 1002 3448 1055 καὶ
3468 1004 3531 1056 τὰ
3550 1004 3683 1065 ἄλλα,

2134 1096 2234 1149 ὅσα
2270 1096 2399 1168 περὶ
2438 1096 2534 1167 τῆς
2580 1094 2875 1166 ἐπιδημίας
2916 1095 3082 1149 αὐτοῦ
3112 1097 3452 1167 γέγραπται;
3508 1097 3599 1168 τῆς
3635 1098 3686 1152 δὲ

2135 1186 2398 1257 ἐνσάρκου
2423 1184 2723 1257 παρουσίας
2748 1185 3233 1257 ἀπαγγελλομένης
3252 1186 3491 1257 περὶτοῦ
3511 1188 3682 1258 Λόγου,

2135 1281 2287 1331 ποῖον
2318 1278 2423 1350 χρὴ
2468 1277 2687 1349 πνεῦμα
2725 1278 3045 1350 κτιζόμενον
3080 1281 3247 1340 νοεῖν,
3283 1280 3333 1332 ει
3378 1281 3452 1351 μὴ
3640 1280 3688 1333 τὸ

2135 1370 2558 1440 ἀνακτιζόμενον
2604 1369 2711 1422 τῶν
2749 1369 3054 1441 ἀνθρώπων
3101 1372 3196 1424 καὶ
3234 1372 3687 1444 ἀνακαινιζόμενον

2130 1460 2348 1530 πνεῦμα
2372 1476 2386 1525 ;
2422 1460 2592 1513 Τοῦτο
2621 1460 2731 1533 γὰρ
2756 1462 2851 1515 καὶ
2871 1462 2961 1514 διὰ
3002 1460 3262 1534 ’ῐεζεκιὴλ
3300 1464 3641 1534 ἐπεγγείλατο
3662 1468 3687 1519 6

2131 1552 2263 1615 Θεὸς
2296 1550 2500 1620 λέγων·
2544 1571 2562 1603 ι
2606 1553 2717 1606 Καὶ
2756 1552 2911 1605 δώσω
2943 1554 3070 1623 ὑμῖν
3112 1556 3344 1627 καρδίαν
3372 1558 3576 1628 καινὴν,
3608 1559 3687 1611 καὶ

2135 1648 2356 1721 πνεῦμα
2380 1650 2565 1705 καινὸν
2590 1650 2746 1705 δώσω
2776 1653 2936 1724 ὑμῖνο
2967 1650 3063 1705 καὶ
3103 1649 3291 1722 ἀφελῶ
3342 1649 3443 1721 τὴν
3484 1651 3687 1723 καρδίαν

2131 1743 2231 1812 τὴν
2257 1742 2463 1814 λιθίνην
2483 1744 2547 1797 ἐκ
2570 1744 2671 1814 τῆς
2701 1744 2902 1817 σαρκὸς
2926 1744 3084 1815 ὑμῶν
3100 1762 3113 1775 ο
3131 1745 3226 1798 καὶ
3243 1742 3403 1799 δώσω
3426 1746 3548 1817 ὑμῖν
3567 1765 3686 1818 καρ-

458 1827 511 1869 et
536 1814 781 1871 auferam
818 1832 915 1871 cor
948 1818 1222 1888 lapideum
1265 1819 1333 1874 de
1383 1835 1552 1874 carne
1585 1828 1786 1885 vestra,
1814 1829 1869 1874 et
1892 1819 2025 1875 dabo

2132 1833 2249 1888 δίαν
2282 1836 2546 1908 σαρκίνην
2568 1853 2582 1866 ο
2611 1837 2704 1890 καὶ
2735 1814 2797 1891 τό
2824 1814 3050 1908 Πνεῦμά
3078 1854 3179 1908 μου
3214 1836 3375 1890 δώσω
3415 1814 3475 1890 ἐν
3498 1814 3646 1907 ὑμῖν.⁷
3664 1858 3681 1889 ι

457 1908 614 1962 vobis
643 1923 739 1963 eor
793 1924 1079 1975 carneum,
1131 1921 1187 1966 et
1236 1912 1505 1981 Spiritum
1550 1928 1732 1966 meum
1786 1913 1929 1968 dabo
1978 1913 2025 1967 in

2133 1927 2269 1981 Πότε
2286 1896 2532 1999 δὴΙτοῦτο

456 2000 613 2055 vobis
660 2004 703 2054 ⁸.
751 2018 770 2053 ι
804 2000 1038 2066 Quando
1071 2018 1202 2073 ergo
1230 2004 1280 2056 id
1320 2003 1599 2073 impletum
1630 2012 1733 2069 est,
1759 2004 1861 2058 nisi
1910 2018 2033 2056 eum

455 2092 676 2146 advenit
703 2091 992 2159 Dominus,
1018 2102 1073 2150 et
1120 2110 1220 2150 sua
1269 2096 1442 2166 gratia
1478 2097 1663 2150 omnia
1724 2097 2036 2152 renovavit?

453 2183 631 2241 Porro
658 2186 765 2241 hoc
790 2187 955 2242 etiam
980 2189 1033 2242 in
1058 2188 1177 2245 loco
1200 2188 1491 2259 spirituum
1514 2189 1819 2245 differentia
1846 2199 2033 2246 osten-

452 2276 622 2331 ditur.
667 2275 802 2332 Nam
832 2279 1057 2349 spiritus
1098 2289 1305 2347 noster,
1358 2281 1406 2336 is
1445 2288 1530 2336 est
1570 2283 1664 2351 qui
1697 2290 2029 2337 renovatur:

451 2369 546 2423 sed
580 2368 844 2440 Spiritum
898 2381 1174 2436 sanctum,
1208 2386 1316 2427 non
1367 2372 1689 2443 simpliciter
1745 2373 2024 2443 spiritum,

451 2461 545 2514 sed
572 2476 732 2515 suum
763 2477 888 2518 esse
934 2462 1196 2533 Spiritum
1223 2463 1373 2519 Deus
1413 2464 1675 2531 declarat,
1701 2465 1754 2518 in
1788 2479 1898 2534 quo
1927 2464 2035 2519 sci-

450 2551 580 2606 licet
603 2553 833 2622 spiritus
861 2565 1048 2611 noster
1068 2563 1386 2623 renovatur,
1405 2557 1483 2611 uti
1498 2557 1791 2612 Psalmista
1820 2557 2032 2628 psalmo

447 2645 754 2700 centesimo
788 2646 950 2700 tertio
1000 2647 1308 2704 luculenter
1346 2648 1546 2703 docet:
1577 2666 1597 2702 ι
1638 2648 1869 2705 Auferes
1921 2649 2035 2719 spi-

446 2734 615 2789 ritum
649 2751 837 2791 eorum
867 2746 922 2793 et
946 2738 1220 2804 deﬁcient,
1257 2739 1397 2794 etin
1425 2740 1701 2809 pulverem
1745 2756 1905 2796 suum
1941 2755 2030 2794 re-

444 2832 749 2880 vertentur.
792 2825 1027 2884 Emittes
1081 2828 1348 2900 Spiritum
1397 2838 1551 2885 tuum
1580 2838 1635 2885 et
1674 2830 2026 2893 creabuntur,

2691 1929 3068 2001 πεπλήρωται,
3100 1931 3150 1983 ει
3186 1929 3263 2002 μὴ
3287 1930 3378 1983 ὅτε
3410 1931 3685 2000 παραγενό-

2135 2034 2294 2088 μενος
2319 2019 2349 2071 ἕ
2379 2020 2581 2091 Κύριος
2600 2022 2909 2076 ἀνεκαίνισε
2935 2020 3004 2075 τὰ
3032 2021 3210 2076 πάντα
3234 2024 3301 2094 τῇ
3329 2021 3508 2094 χάριτι
3533 2039 3546 2087 ;
3572 2022 3684 2075 Ἰδοὺ

2131 2108 2239 2179 γὰρ
2264 2108 2447 2177 καὶέν
2476 2111 2551 2183 τῷ
2580 2112 2729 2184 ρητῷ
2766 2111 2940 2183 τούτῳ
2973 2113 3008 2183 ἡ
3046 2112 3285 2185 διαφορὰ
3316 2113 3425 2166 τῶν
3470 2112 3684 2183 πνευμά-

2129 2216 2235 2253 των
2266 2201 2573 2257 δείκνυται·
2603 2204 2697 2257 καὶ
2725 2188 2783 2257 τὸ
2820 2203 2917 2276 μὲν
2946 2203 3162 2275 πνεῦμα
3190 2204 3255 2257 τὸ
3290 2204 3449 2277 ἡμῶν
3484 2205 3684 2259 ἀνακαι-

2129 2292 2408 2365 νιζόμενόν
2454 2296 2603 2348 ἐστι’
2648 2295 2707 2350 τὸ
2745 2296 2802 2350 δὲ
2838 2296 3064 2369 Πνεῦμα
3100 2297 3161 2350 τὸ
3202 2296 3360 2367 ἅγιον
3391 2299 3485 2369 οὐχ
3524 2296 3682 2362 ἁπλῶς

2130 2382 2365 2453 πνεῦμα,
2398 2385 2514 2438 ἀλλ’
2548 2386 2743 2441 ἐαυτοῦ
2908 2405 3074 2459 φησιν
3096 2388 3231 2442 αὐτὸ
3262 2385 3404 2443 εἶναι
3428 2391 3456 2442 6
3478 2388 3615 2455 Θεὸς,
3635 2390 3683 2442 ἐν

2126 2467 2171 2545 ᾧ
2199 2477 2293 2530 καὶ⁸
2319 2478 2386 2530 τὰ
2407 2480 2440 2549 ἡ
2450 2478 2566 2549 μῶν
2613 2479 3020 2546 ἀνακαινίζεται
3041 2497 3057 2514 ⁸
3081 2482 3157 2547 ὡς
3185 2482 3283 2536 καὶ
3325 2483 3357 2535 6
3399 2481 3600 2551 ψάλλων
3633 2483 3682 2534 ἐν

2126 2566 2205 2639 τῷ
2232 2568 2507 2639 ἑκατοστῷ
2533 2568 2626 2622 καὶ
2655 2569 2824 2641 τρίτῳ
2846 2569 3050 2642 ψαλμῷ
3094 2570 3245 2641 λέγει
3266 2587 3281 2603 ο
3319 2588 3338 2623 ι
3383 2570 3683 2632 Ἀντανελεῐς

2125 2656 2187 2710 τὸ
2216 2655 2434 2728 πνεῦμα
2465 2658 2642 2711 αὐτῶν
2661 2699 2676 2724 ,
2706 2660 2800 2713 καὶ
2827 2658 3136 2730 ἐκλείψουσι
3154 2704 3169 2727 ,
3215 2661 3311 2714 καὶ
3356 2661 3436 2724 είς
3464 2660 3549 2713 τὸν
3573 2657 3681 2729 χοῦν

2126 2745 2307 2801 αὐτῶν
2328 2747 2767 2820 ἐπιστρέφουσιν.
2816 2749 3229 2816 Ἐξαποστελείς
3256 2752 3319 2805 τὸ
3340 2750 3560 2822 Πνεῦμα
3578 2768 3677 2814 σου,

2126 2838 2221 2891 καὶ
2254 2838 2659 2912 κτισθήσονται,
2695 2843 2789 2895 καὶ
2815 2843 3148 2909 ἀνακαινιεῖς
3180 2845 3245 2898 τὸ
3282 2846 3562 2918 πρόσωπον
3596 2844 3678 2914 τῆς

442 2926 498 2971 ει
536 2918 829 2975 renovabis
881 2919 1073 2976 faciem
1115 2931 1273 2976 terra:
1308 2923 1390 2978 δ.»
1426 2920 1581 2987 Quod
1628 2922 1675 2976 si
1720 2922 1774 2974 in
1823 2919 2025 2991 Spiritu

2126 2929 2247 3000 γῆς.
2282 2948 2302 2983 ι
2330 2930 2393 2983 El
2426 2930 2483 2984 δὲ
2507 2933 2565 2987 ἐν
2594 2932 2672 3003 τῷ
2718 2933 2996 3006 Πνεῦματι
3041 2935 3135 2989 τοῦ
3180 2935 3320 2990 Θεοῦ
3364 2932 3677 2996 ἀνακαινιζεό-

442 3007 543 3063 Dei
575 3026 903 3066 renovamnr
933 3030 946 3066 :
980 3027 1089 3065 non
1127 3026 1258 3082 ergo
1312 3009 1551 3083 Spiritus
1593 3020 1820 3067 sanctus
1862 3012 1907 3067 is
1944 3019 2025 3067 est

2128 3022 2297 3092 μεθα·
2322 3023 2421 3077 οὐκ
2450 3024 2559 3098 ἄρα
2583 3027 2644 3080 τὸ
2665 3027 2890 3098 Πνεῦμα
2916 3028 2976 3081 τὸ
3006 3028 3159 3097 ἅγιόν
3184 3030 3304 3083 ἐστι
3332 3028 3394 3081 τὸ
3430 3026 3519 3082 νῦν
3548 3025 3676 3093 λεγό-

440 3101 536 3169 qui
567 3103 739 3157 creari
770 3103 993 3167 dicitur,
1021 3103 1114 3158 sed
1151 3113 1341 3159 noster
1372 3104 1618 3173 spiritus.
1639 3104 1697 3157 Si
1898 3103 2025 3157 item

2128 3128 2288 3183 μενον
2303 3114 2520 3186 πνεῦμα
2540 3116 2841 3186 κτίξεσθαι,
2854 3118 2990 3172 ἀλλὰ
3005 3119 3064 3172 τὸ
3078 3120 3371 3191 ἡμέτερον.
3396 3118 3502 3171 Καὶ
3520 3116 3674 3186 εἴπερ,

440 3190 571 3258 quia
597 3191 783 3246 omnia
823 3207 920 3261 per
969 3191 1202 3247 Verbum
1236 3191 1379 3247 facta
1432 3203 1582 3258 sunt,
1619 3202 1766 3248 recte
1813 3195 2025 3250 sentitis

2126 3201 2211 3256 διὰ
2234 3204 2294 3257 τὸ
2319 3205 2496 3259 πάντα
2523 3207 2775 3274 γενέσθαη⁵
2947 3209 3035 3263 διὰ
3076 3188 3170 3263 τοῦ
3218 3188 3394 3279 Ᾰόγου
3412 3251 3426 3275 ,
3460 3208 3674 3279 φρονεῖτε

440 3281 642 3336 Filium
705 3297 815 3337 non
880 3298 1004 3339 esse
1068 3298 1184 3338 rem
1235 3296 1620 3340 creatamzan
1673 3300 1785 3339 non
1840 3285 2025 3342 itidem

2126 3294 2303 3359 καλῶς
2332 3296 2406 3368 μὴ
2435 3294 2571 3350 εἶναι
2598 3299 2803 3371 κτίσμα
2835 3300 2925 3353 τὸν
2956 3300 3081 3353 Υίόν
3102 3317 3116 3331 ·
3149 3301 3269 3365 πῶς
3299 3302 3357 3354 οὒ
3389 3297 3674 3372 βλάσφημόν

440 3372 670 3442 impium
714 3381 799 3428 est
849 3388 948 3430 vos
1007 3374 1272 3446 Spiritum
1330 3385 1607 3442 sanetum,
1636 3376 1691 3431 in
1725 3391 1834 3447 quo
1864 3376 2025 3434 Pater

2126 3384 2239 3439 ἐστι
2268 3384 2444 3455 λέγειν
2474 3388 2621 3459 ὑμᾶς
2650 3389 2855 3461 κτίσμα
2882 3391 2944 3443 τὸ
2969 3389 3214 3462 Πνεῦμα,
3264 3393 3323 3448 ἐν
3350 3385 3393 3460 ᾧ
3430 3390 3493 3445 τὰ
3528 3390 3675 3443 πάντα

438 3478 540 3533 per
570 3463 809 3521 Verbum
844 3466 1029 3522 omnia
1066 3468 1280 3538 perﬁcit
1328 3478 1381 3524 et
1414 3476 1663 3537 renovat,
1692 3471 2026 3528 contendere

438 3574 556 3614 rem
586 3573 711 3615 esse
744 3560 1032 3616 creatam?
1062 3560 1120 3616 Si
1154 3561 1320 3633 igitur
1354 3562 1501 3634 quod
1543 3560 1867 3634 simpliciter
1892 3564 2026 3619 scri-

438 3662 598 3720 ptum
626 3651 697 3707 sit
755 3652 1012 3724 spiritum
1062 3654 1261 3720 creari,
1298 3654 1451 3709 illum
1510 3654 1717 3712 idcirco
1760 3653 2022 3726 Spiritum

438 3750 690 3799 sanetum
720 3758 843 3801 esse
867 3745 971 3800 sibi
993 3745 1127 3816 ipsis
1158 3744 1365 3801 ﬁnxere
1387 3768 1398 3802 :
1414 3747 1526 3817 jam
1557 3762 1882 3817 persuasum
1915 3746 2022 3801 illis

439 3835 761 3905 essedebet,
788 3852 898 3893 non
955 3838 1219 3909 Spiritum
1270 3848 1520 3894 sanctum
1566 3840 1719 3895 illum
1754 3854 1881 3895 esse
1927 3838 2021 3909 qui

416 3919 672 3995 creatur,
693 3929 787 3985 sed
815 3939 1066 3985 nostrum
1089 3945 1213 3986 esse
1243 3927 1336 4001 qui
1371 3931 1425 3985 in
1454 3944 1521 3985 eo
1543 3941 1880 3999 renovatur;
1911 3946 2022 4003 qua

438 4019 501 4073 de
527 4034 586 4075 re
606 4028 661 4074 et
701 4022 817 4089 ipse
853 4020 1024 4077 David
1082 4022 1187 4077 hoc
1229 4022 1394 4077 modo
1442 4023 1813 4092 precabatur:
1852 4039 1873 4076 ι
1909 4023 2024 4079 Cor

448 4109 711 4164 rutundum
746 4124 870 4166 crea
904 4110 958 4165 in
986 4126 1094 4174 me,
1126 4110 1289 4176 Deus,
1322 4121 1377 4167 et
1404 4113 1657 4182 spiritum
1691 4124 1899 4169 rectum
1942 4117 2023 4170 in-

452 4214 597 4255 nova
621 4200 674 4254 in
706 4200 1012 4255 visceribus
1044 4202 1178 4255 meis
1207 4206 1250 4252 ³.
1288 4221 1305 4254 ι

515 4293 653 4349 Cum
708 4292 874 4363 igitur
914 4293 986 4347 ita
1009 4293 1355 4349 sentiendum
1409 4295 1483 4352 sit
1546 4297 1615 4353 de
1673 4298 1767 4355 illo
1826 4303 2017 4372 spiritu

445 4390 540 4463 qui
566 4399 804 4457 creatur,
832 4398 1195 4461 congruenter
1209 4405 1431 4461 quoque
1461 4391 1687 4461 intelligi
1730 4400 1912 4463 potest
1936 4400 2018 4447 to-

2124 3477 2153 3530 6
2181 3477 2373 3548 Πατὴρ
2397 3476 2485 3530 διὰ
2522 3477 2618 3531 τοῦ
2650 3478 2826 3549 Λόγου
2852 3478 3049 3534 τελειοί
3080 3480 3175 3536 καὶ
3197 3478 3531 3543 ἀνακαινίζει
3554 3478 3674 3544 ;Kal

2124 3570 2195 3634 εί,
2226 3567 2314 3622 διὰ
2343 3569 2402 3622 τὸ
2429 3568 2742 3641 γεγράφθαι
2788 3569 2977 3636 ἁπλῶς
3014 3570 3236 3642 πνεῦμα
3278 3571 3566 3637 κτίζεσθαι,
3593 3569 3670 3621 ἀνα

2122 3659 2427 3714 επλάσαντο
2453 3662 2667 3726 ἑαυτοῖς
2692 3657 2831 3715 εἶναι
2876 3660 3037 3717 τοῦτο
3068 3664 3130 3717 τὺ
3161 3661 3389 3736 Πνεῦμα
3430 3663 3488 3716 τὸ
3518 3661 3671 3730 ἅγιον*

2125 3752 2410 3824 πεισθῆναι
2428 3752 2611 3807 λοιπὸν
2630 3753 2959 3823 ὀφείλουσιν,
3122 3756 3204 3810 ὅτι
3239 3758 3316 3829 μὴ
3332 3756 3391 3810 τὸ
3406 3752 3611 3823 Πνεῦμα
3625 3749 3672 3803 τὸ

2124 3843 2281 3913 ἆγιὸν
2319 3844 2437 3898 ἐστι
2464 3845 2525 3899 τὸ
2549 3845 2886 3917 κτιζόμενον,
2914 3845 3051 3901 ἀλλὰ
3094 3848 3156 3900 τὸ
3200 3848 3465 3920 ἡμέτερόν
3489 3847 3590 3899 ἐστι
3622 3838 3671 3892 τὸ

2120 3935 2180 3987 ἐν
2208 3934 2357 4006 αὐτῷ
2397 3937 2878 4008 ἀνακαινιζόμενον
2901 3954 2914 3968 ο
2953 3939 3082 4010 περὶ
3123 3934 3184 3994 οὗ
3227 3942 3325 3994 καὶ
3380 3942 3409 3994 6
3595 3934 3673 3983 Λα·

2121 4021 2209 4078 615
2248 4023 2444 4097 ηὔχετο
2483 4026 2699 4097 ψάλλων
2739 4045 2755 4060 ·
2805 4045 2824 4079 ‹
2863 4029 3107 4103 Καρδίαν
3132 4029 3391 4102 καθαρὰν
3426 4023 3595 4081 κτίσον
3628 4021 3672 4073 ὲν

2130 4116 2276 4187 ἐμοὶ,
2310 4120 2339 4169 6
2369 4117 2520 4177 Θεδς,
2558 4118 2652 4169 καὶ
2682 4117 2899 4187 πνεῦμα
2955 4117 3110 4181 «eos;
3158 4118 3465 4179 ἐγκαίνισον
3496 4115 3552 4167 ἐν
3577 4107 3671 4167 τοῖς

2126 4210 2387 4280 ἐγκάτοις
2421 4227 2543 4280 μου.
2592 4229 2609 4261 ι

2201 4299 2414 4353 Οὐκοῦν
2489 4299 2588 4354 τοῦ
2680 4299 3003 4371 κτιζομένου
3067 4300 3378 4371 πνεύματος
3438 4291 3665 4351 τοιαύτην

2119 4392 2336 4464 ἔχοντος
2355 4393 2454 4464 τὴν
2495 4393 2762 4459 διάνοιαν,
2798 4393 3117 4465 πρεπόντως
3160 4395 3227 4447 ἂν
3267 4389 3480 4463 νοηθείη
3526 4384 3658 4451 καὶῆ

445 4486 614 4549 nitru,
640 4483 786 4554 quod
818 4480 1026 4537 ﬁrmari
1056 4481 1255 4537 ibidem
1297 4482 1521 4547 dicitur,
1563 4483 1738 4538 ﬁdelis
1762 4499 1943 4540 sermo
1967 4493 2023 4539 et

2126 4486 2488 4558 στερεουμένη
2540 4484 2736 4557 βροντὴ
2769 4486 2797 4538 6
2834 4485 3023 4548 πιστὸς
3055 4485 3241 4553 λόγος,
3276 4485 3371 4539 καὶ
3400 4480 3660 4569 ἀσάλευτος

446 4576 743 4632 immobilis
791 4574 877 4630 lex
934 4573 1161 4643 spiritus
1211 4594 1222 4628 :
1262 4572 1422 4643 cujus
1476 4588 1599 4629 cum
1658 4573 1922 4629 Jacobum
1969 4582 2023 4628 et

336 4687 340 4691 θ
442 4665 708 4721 Joannem
736 4664 1020 4720 ministros
1050 4678 1175 4719 esse
1201 4663 1365 4719 vellet
1410 4662 1701 4730 Dominus,
1727 4664 1849 4718 illos
1881 4664 2024 4719 Boa-

442 4771 637 4827 nerges
691 4755 1017 4819 nominavit,
1050 4754 1199 4823 quod
1244 4763 1351 4821 est,
1388 4752 1487 4807 ﬁlii
1536 4754 1764 4809 tonitrui
1791 4756 1812 4787 ⁸
1842 4794 1857 4808 .
1884 4753 2022 4811 Hinc

441 4847 686 4904 Joannes
741 4863 865 4902 vere
896 4846 1107 4902 eemlls
1156 4844 1397 4900 clamat:
1427 4863 1447 4897 ι
1487 4845 1546 4899 In
1594 4847 1862 4916 principio
1903 4856 2022 4902 erat

441 4937 710 5005 Verbum,
734 4948 789 4993 et
824 4937 1062 4993 Verbum
1086 4944 1204 4991 erat
1240 4935 1384 5005 apud
1420 4935 1615 5005 Deum,
1645 4946 1700 4991 et
1723 4937 1869 4992 Deus
1904 4947 2022 4993 erat

439 5029 685 5087 Verbum
720 5038 761 5084 τ.
804 5048 823 5081 ι
863 5029 972 5083 Lex
997 5027 1200 5099 quippe
1231 5029 1383 5099 prius
1423 5030 1675 5084 umbram
1706 5029 2015 5085 futurorum

440 5127 709 5180 bonorum
739 5123 946 5178 habuit.
971 5121 1112 5178 Cum
1170 5131 1353 5177 autem
1400 5122 1652 5178 Christus
1706 5123 2018 5178 hominibus

440 5213 805 5268 annuntiatus
842 5222 956 5279 est;
982 5220 1033 5266 et
1074 5211 1191 5282 ipse
1235 5210 1413 5266 adfuit
1451 5211 1681 5265 dicens:
1721 5230 1740 5263 ι
1772 5210 1891 5281 Ipse
1924 5212 2018 5281 qui

438 5306 638 5378 loquor
675 5306 871 5362 adsum
908 5310 975 5373 ⁶;
1010 5314 1160 5369 tune,
1199 5324 1219 5357 ι
1254 5314 1317 5359 ιιι
1373 5304 1511 5357 dixit
1552 5302 1755 5359 Paulus
1786 5344 1801 5370 ,
1827 5324 1845 5357 ι
1897 5305 2018 5375 ejus

437 5418 542 5455 vox
601 5407 803 5455 terram
861 5402 1172 5469 concussit,
1239 5416 1362 5455 cum
1422 5400 1473 5453 id
1529 5400 1679 5469 prius
1740 5400 2018 5470 pollicitus

438 5501 585 5549 esset
626 5511 642 5547 :
686 5492 878 5547 Adhuc
912 5494 1081 5548 semel
1123 5507 1223 5561 ego
1262 5492 1494 5547 movebo
1534 5507 1642 5547 non
1681 5493 1857 5547 solum
1905 5502 2017 5548 ter-

438 5600 581 5649 ram,
614 5586 705 5641 sed
733 5596 786 5640 et
831 5586 1050 5641 coelum.
1083 5585 1236 5650 Quod
1283 5596 1462 5639 autem
1514 5587 1691 5641 adlmc
1736 5585 1904 5642 semel
1929 5586 2015 5640 di-

440 5677 536 5741 cit,
570 5676 811 5732 declarat
854 5676 1136 5730 mobilium
1175 5676 1613 5742 translationem,
1654 5689 1712 5732 ut
1756 5686 2012 5733 maneant

2123 4576 2218 4631 τοῦ
2249 4576 2556 4645 πνεύματος
2576 4578 2605 4630 6
2639 4575 2821 4646 νόμος.
2851 4575 3056 4629 Τούτου
3096 4574 3205 4647 γὰρ
3245 4574 3513 4646 ὑπηρέτας
3543 4563 3659 4619 εἶναι

2124 4668 2291 4722 θέλων
2310 4668 2400 4722 τὸν
2441 4666 2635 4722 Ἰακὼϐ
2656 4668 2751 4720 καὶ
2775 4667 2865 4719 τὸν
2900 4666 3184 4735 Ἰωάννην,
3224 4667 3474 4721 ἐκάλεσεν
3512 4662 3538 4713 6
3568 4652 3660 4708 Κύ-

2126 4774 2238 4828 ριος
2262 4757 2578 4828 Βοανεργὲς,
2601 4757 2630 4810 ὃ
2652 4758 2820 4821 ἐστιν,
2846 4756 2953 4810 υίοὶ
2974 4756 3201 4827 βροντῆς
3221 4774 3233 4788 ·
3258 4757 3288 4809 ὅ
3306 4757 3359 4825 γ’
3383 4748 3471 4807 οῦν
3508 4744 3658 4801 Ἰωάν-

2121 4864 2218 4918 νης
2249 4846 2465 4917 ἀληθῶς
2488 4847 2585 4901 ἀπ’
2615 4846 2846 4920 οὐρανοῦ
2867 4847 2991 4919 βοᾷο
3021 4866 3041 4900 ι
3078 4849 3166 4901 Ἐν
3188 4850 3330 4920 ἀρχῇ
3356 4840 3421 4917 ἦν
3446 4845 3473 4896 6
3495 4837 3657 4903 Λόγος,

2121 4940 2257 4991 καὶὸ
2279 4938 2451 5008 Λόγος
2478 4933 2547 5009 ἦν
2567 4937 2705 5010 πρὸς
2734 4938 2829 4993 τὸν
2858 4938 3012 5003 Θεὸν,
3036 4939 3132 4993 καὶ
3159 4938 3292 5003 Θεὸς
3318 4934 3383 5010 ἦν
3403 4935 3432 4989 6
3456 4930 3652 4997 Λόγου

2120 5033 2392 5103 Πρότερον
2428 5033 2525 5101 μὲν
2559 5031 2668 5103 γὰρ
2702 5030 2860 5085 σκιὰν
2889 5026 3037 5101 εῖχεν
3071 5024 3100 5083 6
3135 5031 3299 5103 νόμος
3327 5028 3429 5083 τῶν
3468 5014 3656 5096 μελλόν-

2118 5142 2226 5177 των
2251 5124 2498 5193 ἀγαθῶψ
2524 5127 2614 5178 ὅτε
2642 5124 2697 5177 δέ
2722 5127 2752 5177 6
2771 5123 3005 5194 Χριστὸς
3029 5124 3318 5195 ἀπηγγέλη
3349 5122 3455 5182 τοῖς
3480 5108 3655 5183 ἀνθρώ·

2118 5234 2241 5280 ποις
2283 5218 2377 5271 καὶ
2422 5218 2755 5289 παρεγένετο
2803 5216 3008 5286 λέγων’
3036 5234 3067 5268 «μ
3088 5216 3258 5280 Αὐτὸς
3291 5219 3319 5270 6
3352 5211 3512 5267 λαλῶν
3540 5202 3656 5271 πάρ-

2118 5326 2267 5378 ειμι·
2309 5310 2429 5363 τότε
2456 5349 2471 5374 ,
2510 5328 2528 5362 ι
2561 5309 2638 5374 ὼς
2669 5303 2823 5362 εἶπεν
2847 5310 2875 5361 6
2918 5306 3154 5373 Παῦλος,
3184 5327 3203 5360 ι
3251 5310 3284 5380 ἡ
3317 5305 3491 5361 τούτου
3528 5289 3652 5365 φωνὴ

2116 5402 2215 5472 τὴν
2239 5402 2342 5472 γῆν
2370 5401 2680 5467 ἐσάλευσεν,
2706 5400 3179 5471 ἐπαγγειλαμένου
3224 5401 3472 5472 πρότερον
3489 5408 3503 5422 ο
3552 5385 3650 5437 Ἔτι

2117 5495 2263 5560 ἅπαξ
2294 5494 2405 5564 ἐγὼ
2439 5494 2604 5547 σείσω
2767 5494 2829 5547 οὐ
2863 5493 3024 5563 μόνον
3048 5492 3147 5563 τὴν
3178 5494 3300 5564 γῆν,
3333 5486 3456 5546 ἀλλὰ
3479 5473 3649 5537 καὶτὸν

2116 5587 2364 5658 οὐρανόν.
2401 5588 2475 5640 Τὸ
2505 5588 2563 5640 δὲ
2585 5586 2665 5640 ἔτι
2689 5584 2837 5651 ἅπαξ
2867 5584 3018 5656 δηλοῖ
3043 5585 3151 5639 τῶν
3191 5580 3541 5654 σαλευομένων
3566 5567 3647 5636 τὴν

2120 5679 2437 5748 μετάθεσιν,
2471 5679 2557 5733 ἵνα
2589 5679 2747 5749 μείνῃ
2785 5679 2856 5733 τὰ
2888 5680 2963 5751 μὴ
3004 5678 3357 5750 σαλευόμενα.
3400 5669 3482 5725 Διὸ
3517 5664 3643 5735 βασι-

516 5832 716 5907 biuios
748 5847 821 5913 tv,
863 5834 957 5913 €35.
1026 5832 1150 5887 ’lsa
1205 5849 1302 5913 vn,
1337 5834 1422 5892 l4.
1498 5836 1516 5867 ³
1546 5834 1742 5891 Eseeh.
1768 5850 1950 5903 xxxvt,
1982 5836 2025 5890 2

2148 5838 2169 5870 ‘
2201 5837 2346 5894 Psa.
2382 5854 2497 5904 cm,
2534 5837 2625 5904 29,
2665 5840 2753 5896 50.
2782 5841 2802 5873 ⁸
2833 5839 2972 5895 Psal.
3000 5856 3051 5907 ι,
3088 5838 3171 5895 ιε.
3250 5838 3441 5913 “Marc.
3467 5839 3534 5887 ιιι,
3572 5814 3640 5869 l7-

442 5898 465 5934 ’
490 5901 646 5959 Joan.
695 5922 732 5969 ι,
767 5907 817 5959 1.
893 5904 1087 5959 8Jonn.
1122 5920 1191 5965 ιν,
1225 5904 1313 5957 26.
