3920 6570
261 416 367 483 697

1202 401 1577 464 PANOPLIA
1622 395 2083 462 DOGMATICA.
2112 418 2179 429 -
2202 391 2349 454 TIT.
2391 392 2493 454 XI.

3426 383 3531 447 698

264 557 416 610 λείαν
442 550 736 607 ἀσάλευτον
759 543 1297 617 παραλαμϐάνοντες,
1332 540 1528 611 ἔχομεν
1560 538 1741 609 χάριν,
1780 537 1847 590 δι’

1986 550 2021 590 :a
2067 546 2189 604 quze
2225 538 2355 586 sunt
2384 526 2702 583 inmobilia.
2738 525 2928 597 ltaque
2978 537 3205 611 regnum
3251 521 3532 577 immobile

267 645 337 720 ἧς
367 644 702 718 λατρεύομεν
727 639 1041 712 εὐαρέστως
1200 633 1277 704 τῷ
1308 631 1446 702 Θεῷ,
1482 651 1500 683 ι
1545 633 1647 683 Ἦν
1672 630 1727 683 δὲ
1760 630 1850 682 λέ-

268 755 355 806 γει
379 733 654 805 βασιλείαν
681 722 838 792 οὗτος
858 725 1179 788 ἀσάλευτον,
1216 720 1421 790 ταύτην
1458 715 1848 787 στερεωθεῖσαν

267 827 460 898 ψάλλει
481 823 642 879 Δαϐἱδ
661 840 674 853 ·
709 840 729 872 ι
784 821 842 874 'O
862 818 1065 889 Κύριος
1090 813 1437 868 ἐϐασίλευσεν
1458 850 1474 875 ,
1518 808 1851 878 εὐπρέπειαν

268 919 584 975 ἐνεδύσατοο
622 912 909 967 ἐνεδύσατο
958 907 1163 979 Κύριος
1204 903 1433 973 δύναμιν
1460 900 1554 954 καὶ
1585 892 1852 969 περιεζώ-

271 1031 424 1067 σατο.
452 1009 564 1063 Καὶ
583 1006 692 1077 γὰρ
714 1001 1014 1073 ὲστερέωσε
1044 998 1142 1067 τὴν
1163 992 1506 1064 οἰκουμένην,
1532 990 1597 1060 ἦτ
1607 1006 1654 1050 ις
1677 988 1735 1040 οὐ
1766 1003 1854 1038 σα-

269 1103 614 1172 λευθήσεται.
712 1094 785 1146 Τὸ
817 1092 925 1164 ἄρα
965 1088 1119 1160 παρά
1143 1086 1221 1156 τῷ
1267 1083 1519 1172 προφητῃ
1555 1079 1718 1151 ῥητίν
1755 1074 1853 1148 τὴν

270 1167 569 1262 ἐπιδημίαν
598 1188 693 1242 τοῦ
723 1185 974 1254 Σωτῆρος
1000 1178 1274 1250 σημαίνει.
1327 1177 1384 1227 ἐν
1410 1167 1556 1246 ﬁxa).
1584 1172 1743 1241 ἡμεῖς
1764 1170 1857 1222 ἀν-

271 1284 554 1353 εκαιτίσθη
565 1299 683 1352 μεν,
709 1280 800 1331 καὶ
822 1277 1025 1345 ὁνόμος
1046 1271 1138 1325 τοῦ
1158 1267 1466 1339 πνεύματος
1621 1262 1855 1317 ἀσάλευ-

271 1397 363 1441 τος
402 1352 671 1447 διαμένει.
712 1370 852 1423 Ἀλλ’
880 1369 930 1421 οἱ
953 1366 1031 1437 τῷ
1060 1366 1175 1418 δντι
1212 1358 1465 1432 τροπικοὶ
1512 1397 1529 1421 ,
1671 1352 1858 1407 συνθέ-

277 1487 429 1541 μενοι
472 1444 585 1530 τοῖς
631 1464 949 1535 Ἀρειανοῖς,
996 1458 1091 1512 καὶ
1145 1452 1497 1527 μερισάμενοι
1540 1449 1654 1519 μετ’
1679 1444 1860 1500 αὐτῶν

272 1537 371 1636 τὴν
391 1565 475 1627 εἰς
503 1560 601 1631 τὴν
623 1559 854 1627 θεότητα
891 1549 1261 1625 βλασφημίαν,
1293 1548 1381 1599 ἵνα
1414 1545 1611 1597 ἐκεῖνοι
1642 1540 1740 1611 μὲν
1768 1537 1860 1592 τὸν

274 1634 430 1720 Υίὸν,
463 1650 610 1710 οὗτοι
634 1653 691 1705 δὲ
721 1651 782 1703 τὸ
808 1648 1032 1718 Πνεῦμα
1052 1645 1261 1714 κτίσμα
1302 1641 1535 1708 λέγωσιν
1555 1654 1572 1670 ο
1630 1634 1860 1705 ἐτόλμη-

279 1764 400 1809 σαν,
435 1746 513 1808 ὼς
537 1741 688 1797 αὐτοί
724 1757 877 1810 φασι,
914 1736 1152 1808 τρόπους
1181 1733 1343 1787 πάλιν
1372 1732 1583 1792 ἑαυτοῖς
1612 1726 1861 1796 ὲφευρεῖν

277 1842 372 1896 καὶ
407 1834 842 1910 παρεξηγεῖσθαι
874 1830 1054 1885 καὶτὸ
1084 1827 1181 1882 τοῦ
1227 1823 1549 1881 Ἀποστόλου
1607 1820 1798 1893 ῥητὸν,
1834 1816 1865 1871 δ

278 1933 462 1995 καλῶς
488 1930 585 2002 μὲν
618 1926 778 1989 αὐτὸς
946 1923 1153 1993 ἔγραφε
1176 1916 1425 1989 Τιμοθέῳ
1453 1914 1625 1982 λέγων
1647 1929 1660 1941 ’
1696 1930 1714 1961 ι
1739 1912 1865 1962 Δια-

283 2000 637 2095 μαρτύρομαι
660 2015 888 2071 ἐνώπιον
903 2011 997 2066 τοῦ
1022 2009 1158 2064 Θεοῦ
1186 2008 1280 2061 καὶ
1303 2003 1479 2075 Ἰησοῦ
1632 2000 1865 2072 Χριστοῦ

281 2090 377 2166 καί
411 2090 525 2162 τῶν
560 2105 834 2161 ἐκλεκτῶν
852 2102 1121 2171 ἀγγέλων,
1157 2099 1245 2152 ἵνα
1275 2094 1448 2150 ταῦτα
1478 2090 1719 2162 φυλάξῃς
1758 2104 1866 2158 χω-

286 2204 370 2274 ρὶς
390 2199 791 2273 προκρίματος,
816 2195 979 2268 μηδὲν
996 2192 1167 2249 ποιῶν
1182 2190 1325 2246 κατά
1481 2181 1859 2254 πρόσκλησινδ

290 2296 526 2355 Ἐκεῖνοι
551 2291 608 2345 δέ
641 2290 964 2359 φάσκουσιν,
994 2284 1183 2355 ἐπειδὴ
1203 2282 1295 2336 τὸν
1315 2280 1447 2334 Θεὸν
1480 2279 1576 2332 καὶ
1604 2277 1697 2330 τὸν
1733 2276 1867 2346 Χρι-

280 2386 406 2440 στὸν
432 2383 737 2454 ὠνόμασεν,
772 2375 889 2433 εἷτα
914 2378 1041 2441 τοὺς
1067 2375 1354 2445 ἀγγέλους,
1378 2370 1594 2443 ἀνάγκῃ
1624 2369 1734 2422 τοῖς
1762 2367 1865 2434 ἀγ-

281 2479 467 2549 γέλοις
520 2471 967 2546 συναριθμεῖσθαι
1012 2469 1074 2522 τὸ
1105 2465 1353 2537 Πνεῦμα,
1411 2464 1512 2535 τῆς
1567 2479 1629 2514 τε
1686 2457 1867 2513 αὐτῶν

282 2546 428 2624 εἶναι
463 2565 774 2637 συστοιχίας
822 2562 920 2617 καὶ
965 2560 1096 2614 αὐτὸ
1140 2591 1158 2620 ν
1303 2557 1399 2612 καὶ
1449 2553 1679 2623 ἄγγελον
1729 2546 1868 2604 εἶναι

288 2660 517 2733 μείζονα
559 2658 669 2711 τῶν
710 2655 907 2710 ἄλλων.
964 2650 1189 2724 Πρῶτον
1218 2649 1315 2719 μὲν
1342 2643 1433 2701 06v
1474 2647 1572 2717 τῆς
1614 2642 1869 2705 ἀσεϐείας

284 2755 436 2807 ἐστὶν
467 2748 821 2805 Οὐαλεντίνου
845 2743 1005 2799 τοῦτο
1030 2742 1092 2795 τὸ
1123 2741 1257 2813 εῦρη
1268 2758 1343 2811 μα
1363 2755 1376 2768 ο
1422 2738 1517 2792 καὶ
1550 2736 1651 2789 οὐκ
1678 2733 1868 2787 ἔλαθον

288 2838 441 2898 οῦτοι
472 2840 542 2895 τά
575 2839 783 2894 ἐκείνου
935 2831 1318 2904 φθεγγόμενοι.
1356 2830 1591 2890 Ἐκεῖνος
1607 2825 1714 2896 γὰρ
1741 2822 1873 2893 ἔφη·

289 2943 407 2992 σεν,
443 2926 544 2987 ὅτι,
565 2923 908 2993 πεμφθέντος
933 2920 1028 2975 τοῦ
1051 2919 1433 2993 Παρακλὴτου,
1459 2914 1872 2985 συναπεστάλη-

291 3033 394 3072 σαν
423 3015 571 3086 αὐτῷ
602 3016 651 3068 el
683 3013 966 3086 ἡλικιῶται
1010 3010 1178 3066 αὐτοῦ
1211 3010 1433 3080 ἄγγελοι
1453 3027 1467 3041 ο
1504 3008 1698 3062 ἔπειτα
1730 3007 1789 3060 δὲ
1818 3006 1880 3060 τὸ

292 3108 527 3179 Πνεῦμα
560 3106 890 3176 κατάγοντες
1062 3104 1147 3167 είς
1189 3103 1315 3165 τοὺς
1354 3101 1620 3170 ἀγγέλους
1660 3100 1741 3161 είς
1781 3097 1882 3183 τῂν

293 3201 505 3274 Τριάδα
529 3198 936 3261 συντάσσοντες.
965 3197 1031 3250 Ei.
1063 3195 1170 3266 γάρ
1207 3193 1345 3263 μετά
1373 3191 1594 3263 Πατέρα
1626 3189 1719 3243 καὶ
1754 3186 1882 3240 Υίὸν

1962 625 2340 695 suscipientes,
2374 620 2636 675 habemus
2666 618 2920 687 gratiam,
2946 631 3041 686 per
3065 630 3230 680 quam
3261 613 3533 668 servimus

1962 721 2236 791 placentes
2270 714 2378 768 Deo
2421 713 2461 764 ¹.
2502 730 2519 763 ι
2559 710 2715 776 Quod
2762 719 2943 763 autem
2999 709 3086 761 hic
3134 706 3410 761 immobile
3448 720 3537 759 re-

1964 826 2129 883 gnum
2164 808 2316 870 dicit,
2348 806 2490 860 idem
2523 804 2796 857 lirmatum
2852 802 2997 856 canit
3046 799 3256 853 David:
3293 818 3310 849 ‹
3346 798 3532 852 Domi-

1964 916 2069 955 nus
2097 896 2365 968 regnavit,
2393 894 2647 949 decorem
2684 892 2880 956 induit,
2918 890 3095 944 induit
3134 890 3398 944 Dominus
3428 889 3537 943 lor-

1970 991 2250 1047 titudinem
2275 997 2327 1042 et
2353 1002 2414 1042 ea
2436 983 2718 1055 praecinxit
2745 998 2821 1038 se.
2842 982 3052 1037 Etenim
3100 982 3333 1036 tirmavit
3350 983 3534 1036 orbem

1967 1092 2153 1141 terrae,
2188 1078 2283 1148 qui
2324 1092 2431 1131 non
2469 1072 2900 1130 commovebitur

1968 1174 2234 1244 propin-ta
2280 1169 2484 1223 dictum
2527 1176 2630 1230 est,
2660 1162 2962 1218 Salvatoris
3002 1162 3293 1215 adventum
3326 1161 3535 1230 signiti-

1970 1273 2079 1327 cat,
2110 1264 2163 1316 in
2193 1275 2302 1333 quo
2325 1267 2379 1314 et
2412 1273 2511 1313 nos
2544 1255 2789 1312 renovati
2845 1270 3058 1319 sumus,
3090 1262 3144 1307 et
3188 1254 3272 1306 lex
3317 1252 3540 1320 spiritus

1971 1355 2615 1424 immobilisperseverat.
2646 1348 2752 1404 Sed
2787 1347 2865 1401 illi
2903 1362 3026 1401 vere
3067 1345 3261 1415 trepici
3297 1360 3391 1398 seu
3416 1358 3538 1397 ver-

1968 1451 2156 1507 satiles
2188 1446 2392 1503 [cedere
2451 1460 2574 1499 cum
2608 1442 2831 1496 Arianis
2857 1441 3011 1505 inito,
3048 1456 3112 1494 ac
3164 1440 3304 1492 inter
3337 1451 3396 1491 se
3436 1436 3542 1488 im-

1969 1547 2167 1614 pietate
2190 1540 2453 1594 adversus
2479 1536 2829 1590 Divinitatem
2862 1533 3055 1598 divisa,
3103 1541 3164 1586 ut
3198 1529 3446 1584 videlicet
3468 1529 3542 1581 illi

1968 1633 2187 1693 Filium,
2206 1631 2309 1701 ipsi
2331 1629 2593 1699 Spiritum
2614 1642 2724 1681 rem
2743 1633 2979 1680 creatam
3005 1638 3124 1678 esse
3140 1629 3409 1691 pugnent;
3433 1628 3544 1673 tro-

1969 1742 2090 1798 pos,
2111 1724 2348 1780 utiidem
2368 1723 2689 1792 loquuntur,
2707 1718 2981 1787 ellingere,
3019 1724 3182 1784 atque
3219 1713 3349 1767 illud
3379 1712 3542 1766 etiam

1967 1820 2112 1890 quod
2131 1824 2274 1871 recte
2289 1814 2356 1869 ad
2373 1811 2715 1867 Timotheum
2734 1809 2951 1879 scripsit
2968 1806 3283 1876 Apostolus,
3302 1804 3445 1857 male
3466 1803 3544 1856 in-

1895 1894 1935 1946 B
1971 1908 2254 1979 terpretari
2285 1904 2402 1960 ausi
2431 1912 2593 1960 sunt:
2618 1921 2637 1953 ι
2664 1899 2879 1963 Testor,
2906 1918 2924 1951 ι
2956 1897 3131 1967 inquit
3157 1895 3381 1959 Paulus,
3419 1908 3542 1947 «co-

1971 2016 2090 2057 ram
2123 1998 2234 2053 Deo
2255 2004 2309 2052 et
2330 1994 2549 2050 Christo
2581 1990 2709 2047 Jesu
2730 2030 2745 2054 ,
2775 1999 2832 2044 et
2871 1988 3058 2044 electis
3091 1985 3319 2057 angelis,
3341 1994 3397 2037 ut
3431 1986 3543 2036 haec

1968 2091 2243 2147 custodias
2461 2086 2581 2141 sine
2609 2080 2944 2152 prazjudicio,
2966 2079 3101 2134 nihil
3138 2076 3344 2132 faciens
3371 2091 3438 2129 ex
3461 2074 3545 2128 iu-

1972 2183 2235 2238 vitatione
2296 2180 2370 2234 ⁸.»
2395 2178 2473 2232 Ex
2510 2178 2712 2247 quibus
2742 2174 2815 2228 illi
2852 2171 3203 2234 concludunt,
3235 2156 3378 2238 quod
3421 2182 3543 2220 cum

1974 2274 2144 2328 Deum
2167 2284 2217 2325 et
2240 2269 2518 2325 Christum
2545 2264 2926 2325 nominaverit,
2958 2261 3262 2329 deindeque
3295 2256 3544 2324 angelos,

1975 2378 2196 2421 necesse
2211 2372 2297 2417 est
2321 2362 2573 2431 spiritum
2598 2358 2739 2412 inter
2759 2355 2982 2426 angelos
2999 2350 3374 2413 annumerari,
3394 2363 3551 2402 eum-

1975 2471 2080 2526 que
2094 2470 2159 2510 ex
2177 2454 2391 2507 illorum
2411 2465 2531 2506 esse
2548 2451 2761 2514 ordine,
2783 2455 2945 2515 atque
2964 2443 3214 2515 angelum
3233 2440 3354 2494 aliis
3372 2436 3549 2506 majo-

1975 2564 2092 2604 rem
2106 2560 2249 2601 esse.
2282 2544 2491 2609 Primo,
2527 2542 2632 2597 hoc
2658 2540 2809 2610 impii
2849 2536 3115 2591 Valentini
3144 2535 3421 2588 inventum
3453 2534 3554 2590 est,

1976 2655 2151 2710 neque
2180 2639 2311 2692 latet
2338 2636 2487 2705 ipsos
2501 2634 2689 2688 eadem
2709 2631 2944 2686 acilium
2975 2626 3144 2697 loqui.
3172 2624 3265 2678 llle
3282 2620 3551 2691 siquidem

1976 2731 2134 2794 dixit,
2169 2728 2315 2798 quod
2355 2726 2524 2780 misso
2573 2722 2878 2785 Paracleto,
2920 2735 3026 2774 una
3083 2733 3205 2772 cum
3241 2716 3333 2769 illo
3388 2709 3552 2767 coazvi

1975 2823 2096 2892 ejus
2131 2820 2307 2892 angeli
2337 2819 2491 2873 missi
2520 2816 2739 2871 fuerint.
2768 2813 2994 2878 Deinde,
3020 2810 3149 2865 dum
3185 2808 3451 2878 Spiritum
3482 2800 3546 2856 ad

1975 2911 2294 2981 angelorum
2348 2917 2596 2961 naturam
2646 2904 2948 2970 deducunt,
2996 2920 3104 2959 non
3156 2905 3450 2957 advertunt
3500 2917 3559 2954 se

1985 3003 2208 3074 angelos
2255 3002 2308 3054 in
2353 2998 2620 3053 Trinitate
2659 2997 2948 3052 collocare.
2984 2995 3117 3050 Nam
3164 2997 3211 3051 si
3257 2995 3557 3050 secundum

1987 3096 2109 3150 illos
2144 3102 2271 3163 post
2300 3091 2516 3146 Patrem
2539 3100 2593 3145 et
2620 3088 2819 3144 Filium
2854 3099 3159 3159 sequuntur
3182 3088 3393 3158 angeli:
3416 3095 3561 3141 certe

1988 3203 2018 3242 e
2050 3186 2323 3240 Trinitate
2371 3192 2499 3239 sunt
2540 3184 2738 3253 angeli,
2772 3198 2873 3237 nec
2895 3181 3007 3251 jam
3054 3190 3183 3236 sunt
3247 3199 3267 3232 ι
3324 3178 3549 3234 admini-

296 3272 424 3347 κάτ’
447 3293 644 3356 αὐτοὺς
677 3292 728 3344 οἱ
756 3288 1002 3359 ἄγγελοι,
1045 3286 1290 3357 δηλονότι
1336 3284 1435 3355 τὴν
1466 3282 1695 3354 Τριάδος
1746 3279 1880 3333 εἰσιν

1989 3286 2254 3333 stratores
2278 3276 2502 3346 spiritus
2534 3275 2587 3329 in
2628 3275 2993 3330 ministerium
3021 3275 3173 3330 missi
3218 3274 3259 3341 ⁸,
3285 3294 3303 3326 i
3333 3289 3433 3328 nec
3460 3274 3561 3343 ipsi

294 3385 343 3437 οί
506 3381 748 3452 ἄγγελοι,
781 3380 877 3435 καὶ
906 3379 1007 3433 οὐκ
1038 3378 1120 3430 ἔτι
1158 3394 1177 3428 ι
1216 3370 1563 3445 λειτουργικὰ
1597 3369 1886 3440 πνεύματα

1989 3369 2165 3424 sancti
2193 3368 2521 3434 elliciuntur,
2549 3366 2640 3422 sed
2677 3368 2859 3437 potius
2881 3367 3017 3421 alios
3048 3376 3270 3422 sanctos
3300 3365 3563 3426 elIiciuut.

296 3478 377 3541 είς
412 3475 689 3531 διακονίαν
718 3470 1195 3542 ἀποστελλόμενοι,
1231 3486 1249 3519 ι
1283 3465 1405 3519 οὐδὲ
1434 3463 1805 3534 ἁγιαζόμενοι,
1834 3461 1949 3515 ἀλλ’
1982 3462 2134 3517 αὐτοὶ
2165 3461 2363 3533 μᾶλλον
2402 3458 2718 3530 άγιάζοντες
2743 3459 2936 3524 ἀλλους
2974 3458 3039 3512 ἂν
3066 3456 3195 3513 εἷεν.

424 3587 524 3650 Τίς
593 3582 686 3642 οῦν
718 3589 753 3659 ἡ
780 3585 1017 3657 τοσαύτη
1068 3581 1276 3637 τούτων
1326 3579 1591 3643 ἀπόνοιας
1631 3576 1743 3630 Ποῦ
1777 3575 1886 3629 τῶν

298 3682 537 3755 Γραφῶν
563 3680 724 3735 πάλιν
747 3672 903 3751 εὗρον
928 3675 1157 3747 ἄγγελον
1318 3671 1381 3725 τὸ
1398 3668 1625 3742 Πνεῦμα
1659 3667 1889 3737 λεγόμε-

301 3788 428 3839 νον;
477 3771 562 3827 Τά
620 3770 763 3827 αὐτά
811 3770 870 3824 δέ
912 3786 1004 3841 μοι
1064 3767 1177 3830 τοῖς
1229 3761 1651 3836 προειρημένοις
1714 3759 1889 3814 εἰπεῖν

302 3865 541 3935 ἀνάγκη.
574 3860 931 3933 Παράκλητος
960 3856 1153 3929 ἐλέχθη
1199 3855 1295 3911 καὶ
1332 3852 1551 3924 πνεῦμα
1595 3849 1888 3915 υἱοθεσίας,

305 3957 401 4010 καὶ
429 3953 649 4025 πνεῦμα
676 3949 973 4022 ἀγιασμοῦ,
998 3949 1095 4002 καὶ
1120 3945 1339 4017 πνεῦμα
1367 3942 1525 4009 Θεοῦ,
1562 3941 1657 3996 καὶ
1673 3937 1891 4008 πνεῦμα

307 4044 544 4118 Χριστοῦ
587 4042 784 4115 ἐλέχθη
811 4059 826 4074 ο
867 4036 1104 4111 οὐδαμοῦ
1136 4037 1194 4091 δὲ
1240 4034 1494 4105 ἄγγελος,
1535 4032 1656 4087 οὐδὲ
1684 4029 1892 4102 ἀρχάγ-

308 4137 489 4208 γελος,
520 4136 642 4191 οὐδέ
669 4134 887 4205 πνεῦμα
918 4130 1211 4194 διακονίας,
1246 4122 1349 4183 οἷοί
1533 4126 1670 4178 εἰσιν
1711 4124 1760 4175 οἱ
1795 4121 1894 4191 ἆγ-

310 4231 459 4301 γελοι
477 4246 493 4261 ⁸
524 4228 663 4284 ἀλλά
698 4226 898 4299 μᾶλλον
923 4225 1021 4279 σὺν
1049 4222 1127 4294 τῷ
1154 4220 1268 4292 Υἱῷ
1290 4219 1385 4274 καὶ
1416 4217 1548 4271 αὐτὸ
1564 4216 1893 4269 διακονεῖται

312 4321 465 4395 παρά
511 4321 609 4375 τοῦ
654 4317 897 4391 Γαϐριὴλ
944 4314 1198 4385 λέγοντος
1244 4314 1313 4383 τῇ
1347 4309 1570 4381 Μαρία·
1603 4323 1626 4360 ι
1672 4303 1898 4374 Πνεῦμα

314 4415 469 4484 ἀγιον
506 4412 860 4468 ἐπελεύσεται
885 4408 979 4462 ἐπὶ
999 4406 1061 4460 σέ
1078 4422 1095 4440 ο
1119 4405 1214 4458 καὶ
1241 4402 1472 4474 δύναμις
1504 4398 1757 4469 Ὑψίστου
1783 4398 1901 4448 ἐπι-

320 4509 534 4563 σκιάσει
568 4522 670 4560 σοι.
708 4522 727 4557 ι
754 4501 876 4557 Τῶν
908 4501 964 4555 δέ
993 4497 1225 4570 Γραφῶν
1260 4494 1338 4565 μὴ
1368 4489 1645 4560 λεγουσῶν
1669 4486 1900 4557 ἄγγελον

317 4605 379 4659 τὸ
406 4600 666 4672 Πνεῦμα,
705 4598 836 4653 ποία
881 4593 1093 4657 τούτοις
1137 4588 1406 4656 ἀπολογία
1462 4583 1660 4655 γένοιτ’
1696 4580 1763 4634 ἂν
1803 4579 1903 4650 τῆς

2183 3576 2443 3642 Quanam
2480 3576 2698 3630 tandem
2757 3575 2875 3629 haec
2917 3585 3025 3629 tam
3074 3574 3311 3629 absurda
3346 3574 3563 3628 illorum

1994 3667 2269 3722 dementia
2306 3664 2575 3730 est?.Quo
2609 3665 2662 3719 in
2694 3664 2816 3718 loco
2845 3679 3036 3717 rursus
3065 3661 3359 3731 Scripturaa
3399 3678 3571 3716 sacrae

1994 3760 2323 3814 invenerunt
2374 3757 2636 3828 Spiritum
2682 3755 2932 3826 angelum
2965 3754 3073 3808 dici
3121 3753 3372 3807 “Eadem
3423 3755 3568 3809 enim

1996 3869 2118 3924 qua:
2146 3852 2259 3923 jam
2288 3852 2423 3919 dixi,
2461 3851 2594 3905 mihi
2630 3857 2872 3912 repetere
2910 3862 3147 3903 necesse
3188 3856 3289 3900 est.
3322 3846 3574 3904 Paracle-

1996 3955 2085 4001 tus
2108 3944 2287 3999 dictus
2319 3950 2405 3997 est
2434 3950 2488 3997 et
2541 3940 2768 4010 spiritus
2825 3937 3158 4007 adoptionis,
3194 3937 3420 4007 spiritus
3446 3953 3573 3993 sau-

1996 4035 2293 4102 ctimouite,
2332 4043 2387 4088 et
2407 4031 2607 4088 Christi
2650 4030 2898 4100 spiritus.
2948 4030 3018 4083 At
3046 4044 3325 4099 nunquam
3355 4028 3438 4084 vel
3471 4045 3573 4083 an—

1999 4128 2153 4199 gelus
2180 4134 2276 4181 aut
2310 4122 2693 4191 archangelus,
2718 4131 2812 4176 aut
2830 4122 3054 4191 spiritus
3073 4121 3357 4177 ministerii
3386 4122 3575 4192 quales

1999 4226 2129 4272 sunt
2153 4214 2351 4286 angeli,
2381 4213 2682 4283 appellatus
2709 4220 2812 4266 est.
2844 4210 2988 4280 Quin
3038 4212 3148 4265 imo
3193 4211 3368 4266 eidem
3402 4221 3457 4266 et
3488 4209 3578 4265 Fi-

1998 4307 2073 4362 lio
2114 4306 2391 4361 ministrat
2428 4303 2648 4358 Gabriel
2707 4318 2832 4358 cum
2880 4301 3063 4356 Maria:
3107 4303 3183 4357 ait
3218 4318 3233 4357 :
3285 4322 3303 4354 ι
3343 4302 3578 4372 Spiritus

2001 4408 2225 4456 sanctus
2253 4397 2599 4467 superveniet
2628 4397 2684 4449 in
2731 4405 2803 4461 te,
2827 4404 2881 4450 et
2901 4396 3073 4449 virtus
3099 4394 3364 4451 Altissimi
3386 4397 3579 4450 obum-

2001 4488 2182 4543 lirabit
2210 4486 2305 4541 tibi
2349 4487 2392 4540 ⁸.
2438 4501 2458 4536 ι
2495 4482 2633 4538 Cum
2666 4485 2832 4554 igitur
2865 4483 3163 4554 Scriptura:
3186 4484 3450 4554 Spiritum
3482 4500 3580 4539 an-

2003 4578 2182 4651 gelum
2207 4592 2318 4633 non
2358 4576 2658 4648 appellent,
2691 4575 2820 4645 quid
2848 4575 3219 4630 excusationis
3236 4575 3433 4630 habere
3458 4591 3583 4644 pos-

318 4665 591 4765 τοσαύτης
624 4689 908 4759 ἀλογίστου
933 4686 1140 4758 τόλμης
1164 4701 1180 4751 ;
1218 4684 1354 4736 ὅπου
1386 4694 1452 4748 γε
1482 4676 1577 4731 καὶ
1609 4676 1638 4728 ό
1666 4674 1766 4744 τὴν
1788 4689 1880 4725 τοι·

2004 4670 2115 4726 sint
2154 4669 2208 4723 iu
2242 4677 2393 4723 tanta
2438 4678 2659 4737 tamque
2717 4665 2953 4721 absurda
2987 4666 3311 4733 temeritate,
3345 4667 3583 4721 maxime

322 4786 493 4855 αὐτην
529 4761 710 4843 αὐτοῖς
745 4778 1035 4835 κακόνοιαν
1078 4772 1404 4843 ἐπισπείρας
1448 4766 1800 4828 Οὐαλεντίνος
1844 4761 1907 4816 τὸ

328 4874 819 4951 μὲνιιΠαράκλητον
858 4909 878 4937 ,
1030 4868 1158 4931 τοὺς
1189 4865 1247 4919 δὲ
1286 4861 1549 4933 ἀγγέλους
1588 4857 1869 4927 ὠνόμασεν
1889 4870 1903 4885 ο

325 4949 373 5025 εἰ
398 4971 496 5025 καὶ
521 4970 580 5020 ἐν
604 4966 683 5038 τῷ
712 4962 1034 5037 ῐσῳσχρόνῳ,
1049 4955 1346 5032 ἡλικιώτην
1374 4955 1486 5017 τοῖς
1507 4949 1759 5019 ἀγγέλοις
1784 4964 1908 4999 συν-

328 5062 518 5123 τάσσει
543 5036 831 5120 καὶναύτδς
862 5054 924 5108 τὸ
964 5051 1189 5122 Πνεῦμα
1219 5050 1250 5103 ό
1297 5043 1713 5117 ἀφρονέστατος.
1769 5036 1908 5091 Ἀλλ’

335 5155 466 5217 δδοὺ,
495 5152 681 5222 φασιν,
705 5150 764 5203 ἐν
784 5146 863 5219 τῷ
883 5145 1138 5218 προφήτῃ
1157 5139 1406 5212 Ζαχαρία
1568 5133 1878 5222 γέγραπται
1894 5146 1908 5161 ·

339 5264 358 5296 ι
385 5220 524 5299 τάδε
550 5242 697 5311 λέγει
727 5241 756 5292 δ
776 5237 1026 5308 ἄγγελος,
1051 5236 1081 5287 ιδ
1104 5231 1281 5288 λαλῶν
1301 5232 1359 5284 ἐν
1389 5225 1533 5300 ἐμοί.
1570 5244 1588 5278 ι
1621 5224 1732 5279 Καὶ
1756 5220 1913 5294 δῆλόν

335 5340 503 5397 ἐστιν,
552 5335 635 5387 ὅτι
677 5330 907 5401 ἄγγελον
949 5323 1084 5381 εἶναι
1133 5324 1195 5378 τὸ
1246 5320 1470 5391 Πνεῦμα
1524 5316 1778 5389 σημαίνει
1823 5313 1915 5367 τὸν

336 5430 394 5482 ἐν
422 5425 572 5497 αὐτῷ
601 5419 1078 5478 λαλοῦντα.Τοῦτο
1112 5417 1170 5471 δὲ
1204 5415 1304 5469 οὐκ
1325 5414 1392 5467 ἂν
1421 5407 1596 5495 εἷπον,
1624 5410 1674 5461 εί
1705 5408 1772 5477 τῇ
1795 5406 1919 5459 ἀνα·

340 5492 922 5589 γνώσει-προσέχοντες
952 5507 1112 5582 ἦσαν.
1155 5506 1328 5569 Αὐτὸς
1375 5492 1484 5574 γὰρ
1525 5504 1553 5555 ὁ
1601 5498 1910 5569 Ζαχαρίας,

343 5610 503 5681 ἡνίκα
529 5587 628 5681 τὴν
656 5605 921 5661 ὀπτασίαν
946 5603 1075 5674 περὶ
1104 5601 1204 5671 τῆς
1242 5596 1461 5668 λυχνίας
1491 5593 1724 5665 ἑώρακε,
1746 5587 1879 5681 φησί
1899 5605 1912 5619 ο

350 5677 376 5747 α⁷
403 5702 512 5755 Καὶ
536 5677 808 5770 ἀπεκρίθη
829 5699 858 5750 ό
881 5693 1109 5764 ἄγγελος
1133 5693 1161 5745 ό
1181 5689 1357 5744 λαλῶν
1381 5689 1439 5740 ἐν
1461 5686 1602 5755 ἐμοὶ,
1627 5682 1721 5735 καὶ
1743 5677 1914 5733 εἶπεν·

2006 4777 2128 4818 cum
2161 4761 2275 4831 ipse
2305 4758 2646 4824 Valentinus,
2680 4756 2774 4827 qui
2805 4757 3026 4827 impiam
3053 4755 3195 4811 hanc
3210 4766 3445 4812 mentem
3476 4758 3582 4813 illis

2007 4850 2271 4917 inseruit,
2320 4850 2472 4904 illum
2510 4848 2752 4919 quidem,
2782 4846 3145 4912 Paracletum,
3176 4846 3278 4903 bos
3316 4863 3465 4913 vero,
3488 4864 3586 4903 an-

2008 4941 2158 5011 gelos
2190 4938 2577 5004 nominaverit,
2606 4936 2731 4991 licet
2759 4936 2900 4991 idem
2928 4934 3291 4991 stultissimus
3323 4933 3583 5004 Spiritum

2009 5031 2215 5102 angelis
2241 5039 2576 5086 coaetaneum
2601 5029 2906 5098 eodemque
2943 5026 3208 5083 duntaxat
3250 5034 3494 5095 tempore
3522 5040 3588 5081 ac

2012 5122 2132 5176 illos
2160 5120 2433 5176 exstitisse
2463 5120 2715 5174 senserit.
2770 5116 2877 5173 Sed
2929 5130 3077 5181 ecce,
3124 5115 3399 5185 inquiunt,
3444 5115 3586 5184 apud

2011 5212 2330 5282 prophetam
2382 5207 2709 5264 Zachariam
2757 5206 3025 5274 scriptum
3067 5212 3196 5258 est:
3240 5220 3258 5253 ι
3296 5200 3422 5256 Haec
3456 5202 3587 5255 dicit

2013 5306 2236 5375 angelus
2265 5303 2357 5373 qui
2388 5302 2629 5370 loquitur
2658 5299 2711 5355 in
2739 5314 2826 5354 me
2862 5299 2883 5329 ⁸
2913 5337 2929 5352 .
2969 5312 2988 5348 ι
3026 5295 3190 5365 Atqui
3241 5293 3586 5363 perspicuum

2014 5404 2097 5449 est
2134 5393 2222 5448 hic
2252 5392 2479 5463 spiritus
2515 5391 2737 5446 nomine
2768 5388 3018 5458 angelum
3045 5384 3098 5438 in
3136 5385 3255 5454 ipso
3284 5382 3588 5452 loquentem

2016 5484 2333 5554 signiﬁcari.
2371 5481 2573 5537 Verum
2616 5481 2670 5535 id
2700 5478 2925 5533 minime
2945 5476 3205 5539 dicerent,
3245 5474 3292 5529 si
3341 5475 3485 5543 quod
3518 5473 3590 5528 le-

2019 5585 2152 5649 gunt
2183 5576 2381 5630 vellent
2413 5573 2709 5629 attendere.
2755 5567 2892 5623 Nam
2934 5565 3231 5621 Zacharias
3281 5564 3335 5617 in
3392 5564 3563 5618 cande

2020 5671 2161 5727 labri
2207 5670 2418 5724 visione
2448 5668 2562 5721 ait:
2596 5684 2615 5717 ι
2651 5662 2716 5717 Ει
2738 5661 3014 5731 respondit
3037 5658 3261 5730 angelus
3294 5656 3388 5728 qui
3410 5656 3595 5726 loque-

417 5820 433 5890 Ρ
471 5820 602 5890 Agg.
634 5832 698 5881 tt,
725 5816 798 5890 _7;
842 5814 1007 5874 llv-br.
1064 5829 1162 5881 xtl,
1218 5811 1408 5868 26-28.
1485 5813 1505 5841 ²
1536 5808 1679 5864 Psal.
1732 5821 1861 5872 xcu,
1915 5806 1964 5858 l.
2044 5800 2107 5855 ³1
2139 5798 2381 5855 Timoth.
2421 5808 2473 5859 v,
2512 5784 2606 5849 2i.
2685 5794 2704 5823 ⁸
2737 5787 2901 5845 llebr.
2956 5802 2998 5852 ι,
3036 5786 3121 5841 Li.
3201 5798 3219 5818 θ
3246 5781 3377 5839 Luc.
3416 5797 3457 5847 ι,
3511 5780 3598 5836 35.

352 5893 369 5919 ⁸
398 5888 565 5949 Ζλιοιὶ.
605 5906 680 5955 ιν,
721 5888 771 5943 5.

2944 1079 2987 1125 ².
3031 1090 3048 1121 ι
3105 1070 3292 1140 Itaque
3338 1071 3534 1139 quoda
3644 1125 3655 1131 _
