3768 6574
375 441 409 504 6
424 441 485 503 )9

1578 436 1977 497 EU'rnmn
2017 439 2381 498 zaeanem
3490 460 3571 522 νου

379 556 542 610 batur
569 553 621 607 in
648 568 754 622 mc,
789 560 842 608 et
865 551 1006 608 dixit
1039 568 1057 619 ;
1103 549 1382 620 Numquid
1435 549 1612 605 nescis
1638 549 1769 618 quid
1822 563 1926 604 sun

2055 551 2130 606 Οῦ
2171 553 2464 620 γινώσκεις
2509 552 2564 607 τί
2592 553 2708 608 ἐστι
2737 553 2910 608 ταῦτα
2933 569 2950 621 ;
2985 555 3093 608 Καὶ
3119 549 3290 610 εἷπον·
3320 561 3455 634 οὐχι,
3481 572 3570 624 κύ.

377 647 493 703 haec
514 648 539 702 ?
564 645 628 701 Et
649 645 761 702 dixi
795 663 810 700 :
836 644 977 711 Non,
1007 643 1256 699 Domine.
1287 644 1354 698 Et
1375 642 1680 714 respondit,
1713 648 1768 696 et
1784 640 1862 695 ait
1884 654 1926 694 ac

2061 657 2168 709 ριε.
2209 642 2320 694 Καὶ
2370 642 2665 713 ἀπεκρίθη,
2709 644 2804 697 καὶ
2835 639 2958 698 εἷπε
2989 644 3124 715 πρὸς
3163 645 3230 714 μὲ
3257 645 3429 716 λέγων’
3489 655 3571 714 οὗ.

372 755 484 805 me,
520 740 744 803 dicens;
776 735 890 792 Hoc
915 748 994 792 cst
1019 737 1244 790 verbum
1290 736 1502 790 Domini
1537 735 1602 789 ad
1626 732 1950 801 Zorobabel,

2055 749 2146 796 τος
2177 735 2205 786 ὸ
2242 735 2400 803 λόγος
2451 737 2656 806 Κυρίου
2707 739 2843 807 πρὸς
2887 739 3212 808 Ζοροσάϐελ,
3262 742 3435 810 λέγων·
3483 755 3574 808 Οὐκ

373 833 601 888 dicens:
633 833 748 888 Non
785 833 838 887 in
893 836 1094 888 virtute
1133 848 1350 902 magna,
1377 848 1477 888 nec
1513 832 1568 888 in
1595 833 1814 898 robore,
1855 845 1926 888 εει

2057 831 2116 882 ιν
2143 829 2370 896 δυνάμει
2408 831 2640 900 μεγάλῃ,
2677 831 2798 884 οὐδὲ
2829 832 2889 884 ὲν
2921 832 3085 902 ίσχύῖ,
3119 833 3234 885 ἀλλ’
3263 834 3318 886 ὲν
3347 837 3574 911 Πνεῦμαιί

374 927 428 980 in
463 926 836 996 Spiritumeo,
868 927 1000 982 dicit
1027 927 1292 984 Dominus
1335 928 1683 997 omnipotens
1714 926 1754 980 ¹.
1797 945 1817 979 ι
1872 924 1926 979 Et

2061 938 2188 992 μου,
2223 921 2374 991 λέγει
2429 923 2633 992 Κύριος
2683 926 3097 994 παντοκράτωρ.
3143 945 3162 978 ο
3219 925 3435 998 Εὔδηλον
3482 935 3574 1002 οῦν,

371 1019 575 1088 quibus
601 1021 770 1089 liquet
802 1021 1061 1090 angelum
1121 1022 1213 1091 qui
1266 1023 1543 1091 prophetae
1603 1020 1948 1091 loquebatur,

372 1130 481 1168 non
561 1112 730 1168 fuisse
787 1112 1047 1184 Spiritnm
1084 1122 1360 1179 sanctum,
1389 1112 1485 1168 sed
1540 1112 1693 1167 illum
1727 1113 1945 1182 quidem

368 1219 490 1260 esse
523 1205 797 1274 angelum,
831 1205 975 1258 hunc
1007 1212 1186 1259 autem
1211 1219 1334 1258 esse
1354 1203 1614 1274 Spiritum
1648 1204 1737 1258 Dei
1765 1203 1944 1256 omni-

370 1297 626 1365 potentis,
661 1296 748 1349 cui
775 1304 830 1350 et
868 1297 1090 1365 angelus
1121 1296 1412 1353 ministrat,
1445 1295 1650 1365 quique
1681 1310 1708 1347 a
1749 1295 1944 1349 divini-

377 1397 488 1441 tate
527 1386 695 1440 dividi
719 1388 928 1457 nequit,
971 1403 1035 1441 ac
1057 1387 1205 1441 verbi
1264 1386 1516 1456 proprius
1539 1396 1640 1441 est.
1695 1384 1850 1452 Quod
1898 1388 1944 1441 si

366 1481 613 1538 Auostoli
642 1480 804 1534 verba
837 1480 992 1534 nobis
1023 1479 1406 1546 opposuerint,
1459 1481 1551 1550 qui
1593 1481 1798 1535 scilicet
1827 1489 1946 1546 post

364 1572 646 1624 tlhrtstum
675 1570 873 1624 electos
895 1572 1116 1640 angelos
1139 1571 1440 1624 nominavit
1464 1589 1479 1637 ;
1507 1571 1688 1624 dicant
1719 1571 1939 1638 quinam

365 1678 434 1716 ex
459 1663 564 1718 illis
587 1663 842 1718 omnibus
858 1662 1105 1716 Trinitati
1131 1663 1511 1734 adjungendus
1533 1663 1643 1716 sit?
1664 1661 1774 1718 Nec
1795 1662 1939 1716 enim

369 1771 560 1810 omnes
590 1773 732 1810 unus
768 1765 896 1812 sunt
922 1771 1171 1810 numero.
1205 1758 1312 1810 Aut
1340 1756 1465 1826 quis
1518 1756 1735 1810 illorum
1763 1754 1816 1809 in
1847 1771 1943 1810 (εο-

368 1847 570 1902 lumhae
600 1848 782 1916 specie
806 1848 856 1902 in
893 1846 1186 1903 Jordanem
1233 1849 1550 1904 descendit?
1596 1847 1732 1903 Nam
1773 1849 1940 1903 millia
1970 1889 2012 1944 Β

370 1941 600 1994 millium
652 1950 703 1996 et
765 1941 946 1996 decies
979 1940 1175 1996 millies
1217 1941 1356 1997 dena
1408 1941 1575 1995 millia
1631 1942 1946 1996 ministrant

369 2032 418 2084 ei
484 2031 523 2086 ⁹.
578 2031 672 2087 Vel
700 2049 870 2104 quare
913 2035 1068 2091 ceratis
1114 2035 1318 2106 apertis
1367 2050 1476 2089 non
1516 2036 1719 2090 dictum
1748 2045 1849 2098 est,
1880 2031 1945 2087 Et

371 2122 652 2178 descendit
698 2125 898 2195 aliquis
945 2142 1011 2181 ex
1072 2125 1260 2182 electis
1303 2127 1528 2197 angelis,
1559 2127 1676 2193 sed,
1708 2127 1944 2195 Spiritus

370 2217 631 2271 sanctus?
663 2217 756 2272 Vel
806 2234 976 2288 quare
1023 2220 1137 2288 ipse
1169 2219 1434 2274 Dominus
1467 2219 1532 2274 de
1586 2218 1690 2271 line
1729 2230 1938 2287 tempo-

371 2326 490 2362 rnm
521 2325 642 2362 cum
677 2310 957 2382 discipulis
985 2311 1283 2377 disserens,
1523 2310 1776 2363 distincte
1819 2311 1893 2363 ait
1923 2325 1938 2362 :

373 2422 391 2452 ο
423 2400 593 2455 Mittet
627 2398 796 2456 Filius
823 2401 1060 2456 hominis
1083 2404 1303 2472 angelos
1334 2417 1465 2457 suos
1495 2401 1579 2456 ‘ii
1612 2400 1742 2456 ltem
1769 2411 1818 2455 et
1847 2418 1943 2455 an-

370 2502 454 2546 tea
485 2492 685 2546 dictum
734 2492 955 2548 fuerat:
995 2512 1014 2546 (
1054 2493 1245 2566 Angeli
1296 2495 1682 2548 ministrabant
1721 2494 1771 2548 ei
1835 2496 1874 2546 δ.
1916 2513 1935 2546 ι

373 2583 574 2638 lterum
610 2601 827 2654 quoque
855 2586 990 2641 dixit
1043 2605 1056 2640 :
1089 2605 1107 2638 ι
1161 2585 1397 2641 Exibunt
1432 2587 1610 2656 angeli
1665 2591 1707 2641 ⁸.
1753 2605 1772 2638 i
1802 2585 1940 2641 Cum

367 2688 498 2727 vero
523 2675 803 2745 discipulis
832 2687 1082 2731 sanctum
1125 2678 1391 2748 Spiritum
1431 2678 1606 2742 daret,
1630 2679 1742 2733 ait:
1785 2697 1805 2730 ἰ
1842 2679 1943 2734 Ac-

365 2764 531 2833 cipite
572 2767 830 2836 Spiritum
872 2780 1120 2824 sanctum
1192 2770 1230 2823 ⁸.
1272 2789 1289 2820 ›
1332 2769 1546 2825 Rursus
1589 2779 1640 2826 et
1667 2787 1790 2826 cum
1817 2787 1940 2827 eos-

367 2855 488 2909 dem
526 2859 591 2912 ad
631 2861 1031 2928 prmdicandum
1077 2861 1263 2916 misit:
1298 2880 1316 2913 (
1341 2861 1566 2927 Euntes,
1602 2863 1798 2932 inquit,
1851 2863 1940 2917 do-

366 2958 482 3002 cete
504 2965 694 3004 umnes
727 2961 934 3021 gentes,
989 2953 1332 3022 baptizantes
1366 2970 1463 3008 eos
1495 2939 1554 3009 in
1588 2956 1806 3011 nomine
1836 2955 1940 3010 Pa-

369 3039 468 3094 tris
518 3049 570 3094 et
608 3039 728 3095 Filii
759 3055 810 3097 et
858 3044 1093 3113 Spiritus
1125 3047 1302 3101 sancti
1341 3048 1379 3100 ⁷.
1415 3066 1432 3098 ι
1465 3044 1574 3102 Nec
1599 3047 1740 3100 enim
1771 3063 1938 3117 ange-

366 3131 479 3184 lum
517 3149 640 3187 cum
681 3134 960 3190 divinitate
991 3139 1290 3207 copulavit,
1324 3153 1504 3210 neque
1555 3154 1655 3193 nos
1695 3139 1798 3194 sibi
1837 3140 1939 3209 ipsi

2054 1015 2129 1076 ὡς
2197 1015 2226 1067 ὁ
2281 1014 2458 1068 λαλῶν
2508 1016 2738 1084 ἄγγελος
2802 1016 2882 1086 τῷ
2960 1020 3215 1089 προφήτῃ
3275 1022 3368 1075 οὐκ
3417 1019 3475 1096 ἦν
3529 1032 3576 1084 τὸ

2051 1107 2277 1179 Πνεῦμα
2308 1111 2368 1162 τὺ
2401 1108 2580 1176 ἅγιον,
2617 1111 2733 1163 ἀλλ’
2766 1112 2927 1173 αὐτὸς
2959 1113 3058 1182 μὲν
3092 1112 3344 1179 ἄγγελος,
3379 1117 3433 1168 τὺ
3455 1119 3502 1172 δὲ
3529 1122 3576 1174 τὸ

2048 1200 2273 1268 Πνεῦμα
2321 1199 2417 1253 τοῦ
2483 1201 2620 1255 Θεοῦ
2683 1203 2799 1256 ἔστι
2859 1203 2954 1257 τοῦ
3011 1206 3458 1276 παντοκράτορος·
3503 1215 3580 1266 χαι

2049 1294 2378 1349 διακονεῖται
2433 1295 2533 1364 μὲν
2594 1294 2728 1364 παρ’
2754 1296 3008 1364 ἀγγέλου,
3075 1296 3376 1365 ἀδιαίρετον
3404 1301 3453 1352 δὲ
3500 1305 3580 1373 τῆς

2052 1388 2306 1458 θεότητός
2339 1391 2472 1450 ἐστι,
2511 1390 2604 1442 καὶ
2635 1389 2768 1442 ιδιον
2791 1391 2887 1441 τοῦ
2914 1390 3094 1456 λόγου.
3140 1390 3296 1442 Ἐπεὶ
3315 1392 3364 1443 et
3392 1395 3445 1444 τί.
3475 1395 3582 1448 ἀπο-

2055 1479 2300 1534 στολικὸν
2333 1481 2763 1549 προφασίζονται
2791 1482 2980 1552 ῥητὸν,
3015 1482 3104 1535 διὰ
3123 1484 3184 1535 τὸ
3213 1483 3452 1553 εἰρῆσθαι
3474 1490 3582 1555 μετὰ

2044 1571 2134 1622 τὸν
2167 1572 2398 1640 Χριστὸν
2417 1572 2544 1634 τοῦς
2570 1571 2860 1632 ἐκλεκτοὺς
2887 1570 3176 1638 ἀγγέλους,
3206 1567 3497 1623 εἰπάτωσαν
3517 1580 3582 1636 τίς

2045 1663 2108 1714 ἐκ
2127 1662 2344 1715 πάντων
2366 1663 2570 1716 τούτων
2600 1663 2790 1716 ἐστὶνδ
2822 1664 2889 1732 τῇ
3029 1661 3222 1732 Τριάδι
3263 1663 3577 1732 συντασσόμε·

2044 1770 2161 1819 νος;
2197 1756 2271 1807 Οὺ
2319 1755 2426 1827 γὰρ
2461 1755 2525 1826 δὴ
2567 1755 2768 1819 πάντες
2813 1753 2893 1819 εἷς
2937 1757 3044 1808 εῑσι
3075 1753 3152 1824 τῷ
3201 1752 3432 1825 ἀριθμῷ·
3462 1756 3491 1825 ἢ
3522 1757 3586 1819 τίς

2043 1846 2221 1900 αὐτῶν
2261 1847 2410 1900 ἐστιν
2447 1847 2475 1898 ὁ
2514 1847 2790 1900 κατελθὼν
2820 1848 2901 1910 εἰς
2933 1845 3025 1899 τὸν
3085 1845 3359 1915 Ἰορδάνην
3391 1845 3444 1897 ὲν
3483 1845 3586 1902 εἴδει

2043 1939 2405 2008 περιστερᾶς
2432 1938 2613 1991 Χίλιαι
2649 1936 2758 2009 γὰρ
2787 1936 3023 2007 χιλιάδες
3053 1936 3160 1990 εἰσὶ
3184 1937 3284 1990 καὶ
3316 1936 3491 2006 μύριαι
3511 1954 3589 2006 μυ-

2045 2028 2225 2100 ριάδες
2248 2032 2296 2082 οἱ
2324 2030 2785 2101 λειτουργοῦντες.
2811 2033 2880 2085 Ἢ
2909 2030 2998 2084 διὰ
3015 2029 3089 2094 τί,
3125 2029 3485 2099 ἀνοιγομένων
3503 2030 3588 2083 τῶν

2042 2121 2321 2192 οὐρανῶν,
2360 2123 2460 2176 οὐκ
2496 2125 2734 2195 εἴρηται,
2781 2125 2890 2177 Καὶ
2925 2124 3197 2192 κατῆλθεν
3225 2123 3296 2176 ὲκ
3334 2123 3436 2174 τῶν
3464 2123 3590 2176 ἐκλε-

2044 2213 2189 2266 κτῶν
2218 2211 2488 2282 ἀγγέλων,
2516 2213 2676 2279 ἀλλὰ,
2703 2213 2764 2267 τὸ
2802 2213 3028 2284 Πνεῦμα
3053 2214 3114 2266 τὸ
3143 2214 3331 2283 ἂγιον;
3359 2214 3426 2265 Ἢ
3453 2213 3529 2266 διὰ
3549 2215 3589 2267 τί

2043 2305 2203 2369 αὐτὸς
2222 2306 2250 2357 ὁ
2280 2305 2482 2377 Κύριος
2508 2323 2575 2359 πε
2586 2307 2638 2377 pl.
2671 2307 2768 2376 μὲν
2789 2308 2887 2377 τῆς
2910 2306 3219 2370 συντελείας
3247 2305 3592 2374 διαλεγόμενος

2042 2399 2154 2459 τοῖς
2196 2397 2482 2467 μαθηταῖς,
2511 2397 2834 2450 διαστέλλων
2868 2378 2972 2468 μὲν
2988 2397 3201 2466 ἔλεγεν·
3240 2415 3260 2448 ι
3323 2398 3595 2454 Ἀποστελεῖ

2041 2491 2070 2543 ὀ
2103 2489 2230 2554 Υἱὸς
2256 2489 2349 2543 τοῦ
2377 2490 2672 2561 ἀνθρώπου
2725 2492 2850 2554 τοὺς
2897 2490 3162 2559 ἀγγέλους
3197 2491 3368 2550 αὐτοῦ
3395 2506 3408 2556 ;
3453 2509 3474 2547 ,ι
3506 2492 3595 2544 Καὶ

2041 2583 2147 2655 πρὸ
2178 2583 2381 2636 τούτων
2417 2583 2631 2654 εἴρητο·
2671 2601 2689 2633 ‹
2728 2585 2789 2636 Οἱ
2820 2583 3039 2652 ἄγγελοι
3083 2582 3368 2652 διηκόνουν
3403 2582 3550 2652 αὐτῷ.
3575 2603 3590 2634 ι

2042 2673 2152 2725 Καὶ
2180 2674 2342 2727 πάλιν
2378 2673 2540 2736 αὐτὸς
2559 2673 2740 2742 λέγει·
2780 2692 2800 2724 r
2847 2671 3250 2738 Ἐξελεύσονται
3281 2673 3332 2725 οἱ
3355 2671 3592 2740 ἄγγελοι.»

2041 2767 2166 2830 Τοῖς
2209 2767 2266 2819 δὲ
2326 2765 2596 2837 μαθηταῖς
2648 2766 2825 2829 διδοὺς
2857 2766 3012 2832 ἔλεγε
3081 2784 3098 2814 ι
3134 2764 3348 2818 Λάϐετε
3407 2763 3597 2833 Πνεῦμα

2039 2861 2228 2928 ἆγιον·
2276 2879 2293 2910 ι
2323 2859 2668 2912 ἀποστέλλων
2696 2875 2757 2911 τε
2797 2858 2994 2921 αὐτοὺς
3033 2857 3220 2926 ἔλεγε·
3268 2875 3289 2907 ι
3330 2857 3599 2927 Πορευθέν-

2039 2967 2130 3014 τες
2184 2948 2564 3022 μαθητεύσατε
2722 2949 2901 3003 πάντα
2950 2949 3020 3002 τὰ
3069 2948 3240 3018 ἔθνη,
3280 2946 3597 3017 βαπτίζοντες

2041 3043 2237 3105 αὐτοὺς
2264 3044 2344 3105 εἱς
2371 3042 2431 3093 τὸ
2454 3041 2625 3110 ὄνομα
2655 3040 2748 3094 τοῦ
2788 3040 3003 3111 Πατρδς
3024 3079 3037 3104 ,
3081 3039 3180 3092 καὶ
3217 3037 3317 3091 τοῦ
3347 3035 3500 3098 Υἱοῦ,
3522 3038 3600 3089 ml.

2041 3134 2134 3188 τοῦ
2169 3135 2324 3204 ἁγίου
2355 3134 2694 3205 Πνεῦματος.
2741 3153 2758 3184 ι
2795 3117 2872 3186 Οὐ
2915 3132 3026 3203 γὰρ
3063 3131 3304 3200 ἄγγελον
3339 3129 3599 3184 συνέτασσε

367 3231 421 3277 et
445 3223 598 3278 Patri
628 3226 680 3278 in
712 3242 770 3280 re
802 3239 981 3282 creata
1011 3230 1313 3300 conjunxit,
1343 3231 1437 3285 sed
1489 3230 1544 3284 in
1577 3230 1780 3299 Spiritu
1807 3248 1904 3286 san

2044 3231 2106 3300 τῇ
2131 3229 2367 3300 θεότητι,
2397 3228 2520 3282 οὐδὲ
2558 3229 2616 3281 ὲν
2649 3227 2908 3298 κτίσματι
2939 3227 3212 3296 συνῆπτεν
3254 3225 3408 3296 ἡμᾶς
3448 3219 3600 3291 ἐαυτῷ

367 3326 476 3384 cto,
505 3333 666 3387 quem
699 3335 820 3373 cum
873 3321 1231 3390 promitteret,
1264 3337 1374 3376 non
1431 3323 1508 3375 ait
1573 3338 1631 3377 se
1680 3323 1934 3394 angelum

365 3408 604 3475 mittere,
631 3410 721 3464 sed
765 3429 783 3462 ‹
822 3410 1086 3479 Spiritum
1117 3413 1361 3468 veritatis
1393 3413 1487 3481 qui
1517 3430 1547 3466 a
1599 3412 1760 3468 Patte
1811 3431 1941 3486 pro-

365 3501 528 3568 cedit,
577 3507 597 3538 ⁸
619 3521 637 3554 ι
677 3504 770 3572 qui
793 3505 936 3559 idem
965 3521 1032 3559 ex
1057 3505 1176 3575 ipso
1201 3507 1398 3574 accipit
1428 3514 1481 3560 et
1507 3506 1690 3560 datur.

553 3783 771 3858 Moyses
797 3799 1014 3856 quoque
1035 3785 1127 3856 qui
1165 3786 1389 3857 angelos
1419 3785 1640 3854 quidem
1672 3801 1762 3840 res
1787 3799 1939 3839 creas

365 3889 452 3935 tas
481 3893 624 3943 esse,
683 3877 944 3948 Spiritum
975 3871 1184 3932 ’autem
1227 3888 1476 3932 sanetum
1531 3876 1666 3930 Filio
1688 3886 1741 3931 et
1791 3875 1939 3930 Patri

364 3974 720 4043 conjunctum
782 3979 1028 4037 noverat,
1085 3971 1196 4026 Deo
1249 3970 1353 4040 ipsi
1423 3969 1673 4024 dicente:
1712 3989 1730 4021 ‹
1775 3970 1938 4032 Vade,

365 4065 598 4120 ascende
644 4065 712 4119 de
768 4062 891 4118 loco
943 4064 1052 4116 isto
1099 4072 1156 4117 tu
1199 4073 1252 4116 et
1299 4062 1533 4132 populus
1589 4071 1714 4116 tuus
1778 4077 1937 4130 quem

363 4155 601 4210 eduxisti
632 4155 700 4208 de
733 4165 874 4208 terra
899 4151 1145 4222 Egypti,
1190 4155 1243 4205 in
1291 4161 1494 4206 terram
1551 4167 1712 4221 quam
1758 4151 1938 4221 juravi

364 4246 665 4309 Abraham,
703 4245 856 4300 Isaac
898 4251 952 4298 et
1002 4243 1192 4310 Jacob,
1245 4244 1468 4299 dicens:
1499 4244 1702 4298 Semini
1744 4254 1934 4300 vestro

367 4339 512 4393 dabo
532 4353 650 4391 eam
687 4347 778 4392 :et
821 4339 1029 4391 mittam
1065 4345 1190 4392 ante
1239 4337 1434 4392 faciem
1483 4346 1631 4392 tuam
1681 4340 1932 4408 angelum

373 4447 579 4495 meum,
608 4439 661 4486 et
703 4431 882 4501 ejiciet
902 4430 1271 4485 Chananzeum
1303 4437 1358 4498 9;
1388 4449 1406 4482 ›
1461 4431 1510 4485 id
1540 4433 1832 4494 recusavit,
1862 4433 1936 4485 ita

357 4524 702 4591 respondens
735 4538 748 4574 :
787 4520 947 4576 «'Nisi
980 4523 1096 4592 ipse
1128 4521 1495 4592 proficiscaris
1519 4523 1834 4589 nobiscum,
1867 4537 1937 4577 ne

365 4629 452 4666 me
480 4629 543 4667 ex
569 4613 674 4668 isto
698 4614 818 4668 loco
850 4615 1052 4669 educas
1085 4618 1147 4666 ¹⁰.
1186 4631 1208 4664 o
1243 4611 1466 4668 Nolebat
1517 4629 1712 4684 nempe
1763 4629 1966 4692 pupa:

363 4705 475 4758 lum
507 4722 535 4758 a
564 4723 622 4760 re
662 4718 845 4760 creata
877 4707 1026 4771 duci,
1057 4721 1126 4760 ne
1163 4705 1244 4760 rei
1298 4715 1494 4760 creata:
1542 4707 1724 4776 potius
1773 4721 1937 4775 quam

365 4798 476 4851 Deo
501 4799 742 4852 omnium
773 4798 1024 4853 Creatori
1057 4796 1262 4851 servire
1290 4798 1580 4852 discerent.
1613 4796 1771 4851 Certe
1796 4795 1936 4849 idem

365 4891 455 4944 ille
509 4898 600 4959 qui
646 4890 896 4960 angelum
946 4890 1141 4944 (lucem
1194 4888 1396 4943 habere
1438 4896 1714 4949 renuerat,
1769 4890 1936 4941 Deum

362 4984 540 5052 ipsum
575 4992 632 5036 ut
661 4983 744 5035 sui
778 4981 884 5035 dux
928 4990 1075 5036 esset
1123 4980 1354 5050 rogavit.
1411 4977 1566 5044 Quod
1603 4994 1728 5032 cum
1789 4982 1935 5034 Deus

363 5073 638 5146 pollicitus
705 5071 806 5140 ipsi
859 5071 1250 5140 responderit:
1293 5089 1310 5120 ι
1353 5067 1432 5123 ‘Et
1489 5068 1633 5123 istud
1705 5069 1931 5123 verbum

363 5175 539 5229 tuum,
593 5165 737 5233 quod
798 5165 1011 5218 loeutus
1060 5178 1140 5226 es,
1177 5161 1372 5216 faciam
1421 5177 1433 5212 :
1487 5161 1738 5214 invenisti
1786 5162 1931 5215 enim

363 5257 592 5328 gratiam
622 5272 806 5311 coram
859 5271 968 5320 me,
1025 5263 1079 5308 et
1128 5255 1252 5307 novi
1285 5263 1334 5306 te
1368 5269 1476 5321 pne
1512 5254 1821 5308 omnibus“
1855 5268 1870 5308 :
1906 5273 1924 5307 ι

357 5365 481 5402 cum
515 5347 640 5402 item
672 5347 794 5401 inde
819 5347 871 5402 in
905 5346 1043 5400 Isa’ia
1087 5347 1353 5413 scriptum
1384 5358 1627 5414 legamus
1665 5364 1677 5398 :
1713 5364 1728 5395 ι
1767 5346 1869 5411 Qui
1897 5363 1923 5404 e

358 5451 498 5494 terra
527 5439 714 5494 eduxit
734 5449 1009 5506 pastorem
1038 5437 1217 5492 ovium
1248 5454 1261 5490 :
1290 5435 1380 5489 ubi
1406 5444 1488 5489 est
1525 5437 1616 5502 qui
1661 5440 1840 5506 posuit
1874 5438 1918 5496 in

355 5527 488 5598 ipsis
533 5525 803 5597 Spiritum
845 5537 1121 5592 sanctum,
1148 5527 1241 5597 qui
1278 5527 1500 5598 Moysen
1545 5529 1774 5584 dextera
1835 5529 1932 5584 de-

353 5619 508 5673 duxit
541 5621 631 5673 "?
667 5637 684 5671 ι
724 5629 779 5674 et
807 5621 970 5689 paulo
1017 5629 1141 5689 post
1178 5638 1191 5674 :
1226 5639 1244 5672 ‹
1286 5620 1583 5676 Descendit
1624 5621 1857 5692 Spiritus
1898 5641 1927 5680 a

2039 3337 2100 3373 τε
2123 3321 2216 3373 καὶ
2236 3319 2316 3390 τῷ
2338 3319 2533 3389 Πατρὶ,
2565 3317 2679 3371 ἀλλ’
2711 3319 2767 3371 ὲν
2786 3316 2864 3388 τῷ
2894 3316 3172 3388 Ηνεύματι
3201 3315 3284 3386 τῷ
3311 3316 3466 3385 ἁγίῳ,
3487 3315 3598 3383 amp

2041 3411 2201 3474 αὐτὸς
2232 3410 2699 3480 ἐπαγγελλόμενος
2837 3409 2938 3461 οὐκ
2965 3408 3188 3478 εἴρηκεν
3224 3408 3456 3478 ἄγγελον
3489 3408 3600 3461 ἀπη-

2043 3503 2301 3568 στέλλειν,
2331 3503 2464 3558 ἀλλὰ
2487 3521 2504 3554 ι
2531 3503 2592 3555 τὸ
2614 3501 2834 3572 Πνεῦμα
2862 3501 2963 3572 τῆς
2993 3500 3274 3570 ἀληθείας,
3299 3502 3336 3554 ὃ
3357 3499 3504 3570 παρὰ
3525 3498 3600 3550 τοῦ

2040 3597 2255 3666 Πατρὸς
2280 3596 2662 3668 ἐκπορεύεται,
2705 3615 2724 3649 ι
2752 3595 2847 3648 καὶ
2878 3596 2944 3658 ὲκ
2990 3593 3086 3648 τοῦ
3135 3593 3310 3660 αὐτοῦ
3365 3591 3600 3662 λαμῶνει

2040 3686 2136 3741 καὶ
2163 3687 2388 3742 δίδοται.

2241 3801 2351 3854 Καὶ
2370 3801 2577 3871 Μωσῆς
2604 3801 2657 3870 γ’
2687 3793 2800 3862 οῦν,
2831 3798 3116 3869 γινώσκων
3157 3800 3292 3864 τοὺς
3342 3799 3441 3870 μὲν
3462 3797 3604 3866 ἀγγέ-

2039 3891 2162 3956 λους
2188 3892 2481 3962 κτίσμα-τα,
2512 3891 2570 3944 τὸ
2600 3891 2656 3944 δὲ
2682 3889 2907 3961 Πνεῦμα
2931 3889 2992 3943 τὸ
3027 3890 3183 3958 ἅγιον
3219 3889 3504 3960 ἡνωμένον
3540 3887 3604 3957 τῷ

2037 3983 2154 4054 Tit?)
2182 3983 2275 4037 xui
2300 3983 2378 4054 τῷ
2406 3984 2602 4055 Πατρὶ,
2643 3982 2896 4052 λέγοντος
2929 3981 3078 4052 αὐτῷ
3115 3980 3211 4034 τοῦ
3236 3980 3412 4034 Θεοῦ·
3458 3999 3475 4031 ι
3508 3979 3602 4032 Ἠο-

2044 4074 2201 4147 ρεύου
2227 4117 2241 4139 ,
2276 4075 2506 4146 ἀνάϐηθι
2534 4075 2788 4129 ἐντεῦθεν
2817 4074 2880 4127 σὺ
3030 4074 3124 4126 καὶ
3151 4075 3179 4126 ὁ
3197 4074 3337 4138 λαός
3385 4090 3497 4137 σου,
3528 4070 3605 4134 οῦς

2040 4167 2306 4238 ἐξήγαγες
2338 4169 2401 4219 ὲκ
2433 4170 2536 4237 γῆς
2570 4167 2846 4236 Αἰγύπτου
2885 4168 2965 4229 είς
3010 4165 3109 4236 τὴν
3153 4165 3284 4234 γῆν,
3319 4166 3392 4236 ἧν
3429 4165 3605 4234 ὤμοσα

2038 4259 2114 4330 τῷ
2151 4258 2419 4330 ’Λόραὰμ,
2447 4260 2540 4312 καὶ
2573 4259 2650 4328 τῷ
2684 4258 2890 4322 Ἰσαὰκ,
2927 4258 3121 4330 καὶτῷ
3174 4257 3380 4311 Ἰακὼϐ
3414 4257 3604 4324 λέγων·

2035 4348 2128 4419 Τῷ
2157 4351 2427 4420 σπέρματι
2451 4349 2606 4420 ὑμῶν
2641 4347 2806 4402 ’δώσω
2840 4351 3008 4419 αὐτήν
3031 4366 3046 4379 ·
3089 4349 3185 4403 καὶ
3237 4345 3605 4402 συναποστελιῦ

2038 4441 2144 4512 πρὸ
2175 4441 2463 4513 προσώπου
2499 4458 2592 4494 σου
2627 4442 2714 4494 τὸν
2742 4441 2972 4509 ἄγγελόν
3015 4459 3135 4511 μου,
3171 4442 3268 4496 καλ⁵
3285 4441 3510 4494 ἐκϐαλεῖ
3529 4437 3608 4490 τὸν

2036 4533 2338 4587 Χαναναῖον
2359 4549 2374 4563 ο
2411 4535 2813 4604 »παραιτεῖται
2957 4532 3132 4600 λέγων
3153 4550 3168 4562 ·
3207 4550 3226 4584 t
3258 4533 3324 4585 Εί
3354 4532 3429 4604 μὴ
3466 4527 3606 4590 CW

2036 4623 2357 4697 συμπορεῦῃ
2404 4623 2520 4694 μεθ’
2556 4622 2735 4694 ἡμῶν,
2767 4624 2840 4695 μή
2871 4639 2937 4694 με
2965 4624 3254 4696 ἀναγάγῃς
3279 4622 3547 4676 ἐντεῦθεν.
3586 4638 3602 4670 ι

2036 4717 2148 4769 Οὐκ
2171 4716 2418 4769 ἐϐούλετο
2446 4717 2554 4787 γὰρ
2575 4716 2781 4787 κτίσμα
2919 4717 3285 4789 προηγεῖσθαι
3327 4715 3430 4769 τοῦ
3467 4712 3604 4772 λαοῦ.

2034 4807 2122 4862 ἵνα
2155 4807 2230 4878 μὴ
2277 4807 2488 4879 μάθωσι
2530 4807 2814 4878 λατρεύειν
2853 4811 2917 4880 τῇ
2966 4810 3144 4861 κτίσει
3189 4808 3343 4878 παρὰ
3385 4808 3478 4860 τὸν
3515 4804 3610 4858 κτί-

2040 4915 2203 4951 σαντα
2229 4897 2298 4951 τὰ
2323 4899 2500 4952 πάντα
2522 4899 2681 4971 Θεόν.
2721 4897 2958 4968 Ἀμέλει,
2981 4901 3070 4952 τὸν
3093 4899 3323 4968 ἄγγελον
3357 4913 3607 4968 παραιτη-

2037 4990 2290 5061 σάμενος,
2321 4990 2621 5062 παρεκάλει
2654 4990 2815 5044 αὑτὸν
2849 4991 2940 5044 τὸν
2969 4991 3101 5044 Θεὸν
3130 4991 3500 5062 καθηγεῖσθαι
3525 4989 3609 5041 αῦ-

2035 5080 2165 5133 τῶν.
2193 5078 2305 5132 Τοῦ
2331 5079 2387 5132 δὲ
2411 5078 2547 5132 Θεοῦ
2575 5078 3042 5149 ἐπαγγειλαμένου
3073 5080 3166 5131 καὶ
3201 5078 3451 5140 εἰπόντος
3485 5074 3606 5145 πρὸς

2036 5169 2197 5224 αὐτόν
2241 5185 2256 5203 ⁸
2377 5187 2397 5221 ‹
2435 5169 2543 5223 Καὶ
2567 5167 2756 5223 τοῦτόν
2791 5186 2886 5222 σου
2921 5169 3014 5222 τὸν
3042 5166 3202 5236 λόγον
3225 5209 3238 5233 ,
3273 5166 3334 5220 ὃν
3365 5167 3606 5236 εἴρηκας,

2035 5263 2244 5334 ποιήσω
2265 5279 2278 5293 ·
2309 5261 2548 5334 εὕρηκας
2568 5262 2677 5334 γὰρ
2703 5262 2862 5333 χάριν
2881 5260 3118 5314 ἐνώπιόν
3143 5277 3264 5330 μου,
3291 5260 3388 5312 καὶ
3418 5255 3534 5310 οἶδά
3552 5268 3604 5304 σε

2038 5355 2186 5425 παρὰ
2212 5355 2448 5419 πάντας·
2484 5373 2504 5406 ι
2530 5355 2838 5426 γέγραπται
2871 5354 2927 5405 ὲν
2958 5353 3038 5422 τῷ
3073 5352 3300 5420 Ἡσαΐᾳ·
3347 5369 3369 5399 ε
3413 5349 3473 5400 '0
3489 5347 3607 5398 ἁνα-

2035 5445 2264 5508 6ι6ἁσας
2293 5448 2357 5499 ὲκ
2384 5447 2481 5516 τῆς
2510 5446 2612 5517 γῆς
2637 5446 2726 5498 τὸν
2757 5444 2990 5515 ποιμένα
3017 5443 3127 5496 τῶν
3149 5440 3448 5512 προϐάτων
3469 5455 3484 5468 ·
3513 5433 3604 5488 ποῦ

2039 5531 2185 5583 ἐστιν
2207 5530 2370 5592 ὁθεὶς
2405 5534 2463 5584 ἐν
2481 5531 2758 5594 αὐτοῖςκτδ
2793 5531 3018 5599 Πνεῦμα
3055 5531 3128 5582 -τὸ
3179 5531 3358 5599 ἅγιον,
3399 5534 3444 5585 ὁ
3493 5532 3609 5584 ἀνα-

2037 5625 2224 5695 γαγὼν
2289 5628 2355 5697 τῇ
2407 5626 2560 5698 ’δεξιᾷ
2622 5627 2870 5697 Μωσῆν;
2909 5644 2928 5676 ι
2989 5625 3083 5677 καὶ
3121 5625 3246 5697 μετ’
3273 5627 3437 5695 ὀλίγα
3463 5625 3609 5695 φησί·

427 5737 444 5768 ι
476 5736 719 5812 Zachar.
741 5752 816 5799 iv,
845 5739 898 5804 5,
924 5737 975 5792 6.
1020 5741 1061 5812 ἦ
1096 5739 1240 5812 Dan.
1270 5755 1364 5804 vn,
1421 5741 1511 5797 10.
1571 5742 1800 5798 ’Matth.
1844 5759 1964 5809 xui,
1999 5744 2089 5796 Η.
2167 5743 2189 5774 ⁸
2215 5743 2407 5799 Matth.
2437 5761 2511 5812 tv,
2539 5745 2623 5800 Η.
2703 5748 2722 5778 ⁸
2754 5746 2943 5800 Matth.
2969 5763 3088 5812 xm,
3121 5749 3210 5803 49.
3281 5743 3486 5799 'Joan.
3523 5760 3605 5805 xx.

350 5808 442 5860 Ἡ.
521 5807 537 5836 ⁷
576 5809 975 5880 Matthqvvm,
1013 5811 1094 5864 l9.
1171 5811 1192 5842 ⁸
1219 5811 1372 5866 .luan.
1409 5827 1499 5877 xv,
1549 5813 1654 5879 26;
1682 5829 1793 5880 XVI,
1832 5814 1916 5868 14.

360 5881 400 5908 ¹²
435 5880 536 5932 tsa.
571 5893 725 5939 thtt,
762 5878 952 5941 ΝΛΞ.

1993 5812 2214 5870 9Exod.
2271 5831 2456 5882 xxxiii,
2515 5817 2564 5880 l,
2609 5818 2664 5872 2.
2743 5819 2786 5848 ¹⁰
2823 5820 2956 5873 ibid.
2999 5817 3081 5874 t5.
3148 5819 3352 5876 "'ibid.
3403 5819 3489 5876 t7.
3523 5816 3599 5869 ιδ.
