3920 6550
260 411 364 476 701

1259 417 1634 480 PANOPLIA
1675 419 2140 484 DOGMA'I‘ICA.
2170 447 2238 456 —
2263 421 2409 485 TlT.
2452 423 2559 486 XI.

3400 429 3507 490 702

269 573 289 607 ε
326 551 543 624 Κατέὄη
564 550 787 624 Πνεῦμα
812 552 963 625 παρὰ
985 553 1190 627 Κυρίου
1212 556 1306 608 καὶ
1325 554 1606 627 ὡδήγησεν
1627 556 1844 621 αὐτούς.

1951 561 2180 616 Domino
2207 571 2260 616 et
2287 563 2481 617 ductor
2502 561 2716 616 illorum
2749 561 2870 618 fuit.
2909 559 3000 618 Sic
3022 560 3226 624 duxisti
3253 559 3514 632 populum

264 644 450 708 Οὕτως
484 643 692 715 ἤγαγες
733 644 825 697 τὸν
869 643 997 698 λαόν
1050 662 1143 698 σου
1203 647 1434 716 ποιήσας
1637 647 1846 718 σεαυτῷ

263 736 432 806 ὄνομα
455 736 613 808 δόξης
631 754 644 767 ·
676 756 695 788 ι
723 736 803 800 τίς
825 738 890 790 ὲκ
913 736 1116 790 τούτων
1135 739 1197 791 οὐ
1223 740 1424 809 συνορᾷ
1444 739 1540 811 τὴν
1567 739 1844 810 ἀλήθειαν;

265 825 372 879 Τοῦ
406 825 515 897 γὰρ
543 827 676 880 Θεοῦ
707 828 1177 899 ἐπαγγειλαμένου
1207 829 1586 900 καθηγεῖσθαι,
1614 830 1723 884 ἰδοὺ
1746 832 1848 885 οὐκ

264 920 347 972 ἔτι
379 919 608 988 ἄγγελον
635 918 1027 989 ἐπαγγέλλεται
1068 920 1326 992 πέμπειν,
1360 920 1496 975 ἀλλά
1535 921 1596 974 τὸ
1623 922 1848 993 Πνεῦμα

264 1010 456 1073 αὐτοῦ,
489 1011 517 1064 ὅ
563 1013 708 1064 ἐστιν
739 1011 878 1080 ὑπὲρ
907 1011 1032 1074 τοὺς
1059 1011 1322 1080 ἀγγέλους
1346 1051 1361 1077 ,
1406 1013 1502 1066 καὶ
1540 1012 1674 1066 αὐτὸ
1716 1012 1850 1066 καθ-

261 1101 571 1172 ηγούμενόν
615 1103 730 1154 ἐστι
760 1102 853 1154 τοῦ
882 1100 1033 1158 λαοῦ.
1063 1103 1173 1156 Καὶ
1199 1102 1491 1167 δείκνυται,
1521 1104 1602 1156 ὅτι
1645 1103 1705 1156 οὐ
1739 1103 1849 1156 τῶν

261 1193 604 1264 κτισμάτων,
639 1192 758 1246 οὐδὲ
780 1192 1009 1262 ἄγγελός
1044 1195 1161 1246 ἐστι
1184 1194 1242 1248 τὸ
1265 1194 1518 1266 Πνεῦμα,
1566 1174 1700 1248 ἀλλά
1739 1193 1849 1272 am

259 1286 366 1356 τῆς
409 1284 642 1347 κτίσεώς
688 1288 834 1340 ἐστιν
890 1327 908 1353 ,
1064 1287 1344 1357 ἡνωμένον
1383 1290 1452 1358 τῇ
1497 1286 1712 1359 θεότητι
1751 1286 1846 1341 τοῦ

262 1377 503 1448 Πατρός.
540 1376 709 1440 Αὐτὸς
738 1376 846 1449 γὰρ
868 1379 894 1430 ὁ
925 1377 1055 1441 Θεὸς
1079 1377 1168 1432 διὰ
1207 1376 1301 1430 τοῦ
1346 1378 1519 1447 Λόγου
1578 1379 1636 1432 ὲν
1681 1377 1850 1432 Πνεῦ-

264 1484 399 1536 ματι
429 1465 722 1537 καθηγεῖτο
753 1469 848 1520 τοῦ
894 1467 1058 1521 λαοῦ·
1087 1469 1209 1522 ὅθεν
1249 1469 1342 1522 καὶ
1385 1467 1474 1522 διὰ
1528 1470 1706 1539 πάσης
1748 1468 1850 1539 τῆς

261 1555 492 1630 Γραφῇ
533 1576 714 1630 φησιν·
753 1579 772 1612 ι
817 1559 957 1630 Ἐγὼ
987 1563 1260 1632 ἀνήγαγον
1457 1561 1601 1632 ὑμᾶς
1647 1562 1712 1614 ὲκ
1748 1561 1852 1632 γῆς

261 1650 543 1719 Δίγύπτου
565 1667 578 1682 ·
637 1652 914 1722 μάρτυρες
982 1653 1140 1722 ὑμεῖς
1173 1655 1336 1726 ἐστε,
1363 1653 1412 1706 εί
1438 1652 1568 1716 Θεὸς
1598 1647 1666 1724 ἦν
1699 1649 1852 1706 ἀλλό-

258 1759 414 1814 τριος
439 1744 495 1794 ὲν
531 1743 656 1812 ὑμῖν
680 1741 816 1813 πλὴν
838 1737 995 1813 ἐμοῦ.
1041 1763 1058 1795 ι
1097 1743 1205 1796 Καὶ
1252 1745 1302 1797 οἱ
1328 1743 1474 1812 ἅγιοι
1505 1742 1563 1795 δὲ
1591 1759 1847 1814 προσφω-

258 1834 416 1888 νοῦστ.
447 1834 524 1905 τῷ
551 1834 668 1906 Θεῷ
692 1851 708 1865 ·
751 1854 769 1887 ι
822 1835 1123 1907 Ὠδήγησας
1172 1836 1247 1899 ὡς
1279 1831 1527 1908 πρόϐατα
1571 1835 1662 1888 τὸν
1719 1835 1845 1890 λαόν

261 1942 362 1980 σου
388 1945 403 1960 ·
433 1947 452 1980 ι
470 1928 585 1990 καὶ,
611 1947 630 1980 ι
655 1927 944 2000 Ὧδήγησεν
973 1929 1170 1990 αὐτοὺς
1192 1927 1394 1999 Κύριος
1412 1929 1498 1981 ἐπ’
1621 1921 1797 1980 ἑλπίδι
1825 1966 1842 1993 ,

259 2021 362 2074 καὶ
393 2021 496 2075 οὐκ
533 2021 854 2076 ὲδειλίασαν.
906 2041 924 2073 ι
964 2020 1152 2091 Τούτῳ
1183 2022 1276 2074 καὶ
1324 2020 1414 2074 τὸν
1460 2019 1626 2089 ὕμνον
1657 2020 1847 2072 ἀνατι-

260 2112 422 2167 θέασι
451 2113 730 2182 λέγοντες·
768 2131 786 2164 ι
830 2113 919 2184 Τῷ
950 2113 1260 2181 διαγαγόντι.
1297 2113 1387 2166 τὸν
1428 2112 1552 2164 λαὸν
1599 2111 1762 2164 αὐτοῦ
1790 2112 1846 2163 ἐν

256 2207 329 2274 τῇ
369 2205 582 2275 ἐρήμῳ,
603 2205 690 2257 δτι
715 2205 794 2268 είς
816 2204 906 2257 τὸν
941 2203 1114 2257 αἰῶνα
1138 2203 1200 2256 τὸ
1225 2202 1372 2265 ἕλεος
1394 2200 1578 2255 αὐτοῦ.
1610 2219 1630 2250 ι
1689 2201 1746 2253 ’0
1790 2199 1846 2252 δὲ

259 2295 445 2366 μέγας
489 2295 698 2366 Μωσῆς
732 2295 970 2364 συνεχῶς
1007 2294 1272 2364 διηγεῖται
1338 2304 1354 2319 ’
1521 2309 1538 2342 ι
1575 2289 1778 2360 Κύριος
1819 2291 1848 2342 ὁ

259 2388 399 2452 Θεὸς
432 2389 462 2440 ὁ
510 2389 983 2458 προπορευόμενος
1022 2387 1129 2458 πρὸ
1169 2384 1460 2458 προσώπου
1495 2384 1667 2455 ὑμῶν.
1716 2402 1733 2435 ι
1774 2383 1848 2436 Τὸ

259 2479 378 2550 ἄρα
408 2479 501 2533 τοῦ
530 2479 666 2533 Θεοῦ
696 2479 918 2550 Πνεῦμα
946 2480 1045 2533 οὐκ
1075 2478 1140 2533 ἂν
1173 2480 1260 2548 είη
1295 2477 1544 2546 ἄγγελος,
1581 2475 1702 2528 οὐδὲ
1734 2474 1851 2527 κτί-

257 2585 404 2642 σμα,
433 2571 549 2626 ἀλλ’
580 2571 709 2626 ἴδιον
734 2572 833 2642 τῆς
854 2571 1105 2642 Θεότητος
1152 2568 1338 2623 αὐτοῦ.
1389 2567 1496 2621 Τοῦ
1533 2567 1640 2638 γὰρ
1686 2565 1851 2619 Πνεύο

261 2680 443 2732 ματος
479 2664 630 2727 ὄντος
660 2664 720 2718 ὲν
746 2662 825 2733 τῷ
851 2661 986 2734 λαῷ,
1016 2664 1043 2716 ὁ
1063 2661 1195 2725 Θεὸς
1221 2661 1288 2715 δι’
1313 2660 1445 2714 Υίοῦ
1479 2662 1538 2715 ὲν
1570 2661 1850 2729 Πνεῦματι

260 2749 339 2827 ἦν
365 2756 426 2808 ὲν
452 2757 658 2818 αὐτοῖς.

478 2849 615 2902 ’Δλλ’
642 2847 780 2902 ἔστω
805 2845 997 2911 ταῦτα,
1025 2846 1158 2916 φασὶ
1185 2845 1278 2898 καὶ
1307 2843 1463 2897 αὐτοί
1488 2859 1502 2875 ·
1541 2842 1634 2897 διὰ
1667 2843 1721 2895 τί
1755 2836 1850 2896 οῦν

260 2939 294 2992 ὁ
358 2937 682 3000 Ἀπόστολος
714 2936 854 3007 μετά
907 2935 1002 2990 τὺν
1046 2933 1280 3006 Χριστὸν
1338 2933 1439 2987 οὐκ
1491 2931 1746 3002 ὠνόμασε
1790 2930 1852 2983 τὺ

1949 663 2124 712 ιιιυιιι.
2180 663 2241 706 ιιι
2281 654 2488 708 faceres
2537 654 2634 708 tibi
2667 669 2866 709 nomen
2909 654 3094 724 gloriae
3143 655 3202 706 ιι
3243 671 3262 705 ι
3291 653 3414 721 quis
3448 667 3517 706 ex

1948 743 2034 798 his
2062 743 2346 797 veritatem
2375 759 2483 798 non
2510 745 2804 814 perspicit?
2836 744 2971 799 Nam
2995 760 3117 800 cum
3153 742 3296 797 Deus
3326 758 3388 798 se
3416 743 3517 808 du-

1948 851 2064 890 cem
2101 835 2283 904 populi
2314 835 2427 890 lore
2454 843 2600 891 esset
2639 837 2936 906 pollicitus,
2964 851 3089 891 ecce
3144 851 3250 890 non
3277 835 3388 905 jam
3419 850 3518 889 an-

1946 923 2148 994 gelum,
2183 923 2277 978 sed
2305 940 2462 978 suum
2485 924 2770 993 Spiritum,
2790 925 2882 994 qui
2901 924 3108 992 angelis
3139 923 3389 994 superior
3411 930 3516 988 est,

1947 1014 2228 1068 ductorem
2283 1013 2468 1082 populi
2529 1029 2590 1068 se
2641 1014 2938 1070 missurum
2998 1015 3287 1084 promittit.
3337 1011 3518 1079 Quare

1948 1112 2096 1173 patet
2135 1104 2399 1174 Spiritum
2437 1121 2547 1159 non
2602 1120 2668 1160 ex
2717 1106 2882 1160 rebus
2917 1106 3114 1160 creatis
3143 1121 3321 1174 neque
3352 1121 3519 1175 ange-
3572 1115 3576 1138 ‘~

1949 1198 2061 1252 lum
2087 1213 2228 1259 esse,
2255 1199 2350 1252 sed
2381 1198 2545 1254 rebus
2570 1198 2831 1253 omnibus
2872 1199 3069 1253 creatis
3104 1197 3438 1268 superiorem
3465 1206 3520 1252 et
3568 1186 3572 1209 ί

1948 1288 2125 1346 Patris
2178 1289 2451 1342 divinitati
2501 1290 2854 1359 coniunctum
2913 1304 3054 1344 esse.
3107 1287 3355 1358 Namque
3405 1289 3520 1358 ipse

1951 1381 2094 1436 Deus
2153 1396 2248 1451 per
2289 1377 2526 1437 Verbum
2577 1382 2631 1436 in
2697 1383 2901 1452 Spiritu
2957 1382 3218 1452 pepulum
3254 1381 3518 1444 ducebat;

1891 1507 1912 1525 .
1950 1474 2096 1530 unde
2145 1489 2239 1544 per
2265 1483 2434 1529 totam
2476 1473 2813 1543 Scripturam
2861 1483 3130 1530 testatur:
3170 1493 3187 1526 ι
3218 1473 3329 1544 Ego
3357 1471 3522 1527 eduxi

1951 1579 2050 1618 vos
2071 1563 2138 1618 de
2172 1572 2314 1618 terra
2337 1561 2560 1635 Egypti
2590 1581 2602 1614 :
2630 1570 2795 1618 testes
2824 1579 2919 1620 vos
2944 1565 3100 1629 estis,
3133 1564 3174 1617 si
3216 1562 3361 1618 Deus
3384 1563 3518 1616 alie-

1953 1669 2056 1707 nus
2081 1661 2198 1707 erat
2219 1653 2272 1706 in
2295 1653 2450 1708 vobis
2479 1665 2678 1723 prwter
2717 1668 2803 1707 me
2843 1661 2886 1705 '.
2924 1672 2942 1705 ι
2975 1651 3164 1707 Sancti
3199 1667 3416 1722 quoque
3447 1651 3520 1705 ita

1879 1721 1922 1776 Β
1949 1743 2062 1798 Deo
2105 1745 2445 1815 loquuntur:
2481 1721 2502 1797 ἱ
2555 1745 2837 1800 Deduxisti
2890 1745 3033 1800 sicut
3075 1721 3227 1800 oves,
3257 1743 3520 1814 populum

1946 1846 2098 1892 tuum
2155 1835 2230 1891 ³.»
2256 1837 2322 1892 Et
2344 1859 2358 1893 :
2383 1857 2401 1890 ι
2437 1836 2663 1892 Deduxit
2689 1853 2784 1894 eos
2807 1837 3074 1892 Dominus
3105 1838 3160 1892 in
3194 1851 3313 1906 spe,
3337 1846 3520 1890 etnon

1946 1931 2248 1986 timuerunt
2288 1935 2330 1985 ⁵.
2363 1950 2382 1983 ι
2416 1930 2558 1988 Huic
2619 1932 2793 1986 eidem
2849 1934 3110 2003 hymnum
3157 1930 3394 1986 oll'erunt
3427 1929 3523 1997 qui

1947 2022 2104 2075 aiunt
2141 2038 2155 2074 :
2194 2039 2211 2072 ι
2236 2018 2339 2087 Qui
2366 2021 2604 2076 traduxit
2626 2022 2885 2092 populum
2917 2037 3078 2076 suum
3109 2036 3204 2090 per
3223 2020 3522 2086 desertum,

1946 2112 2206 2184 quoniam
2242 2113 2298 2166 in
2366 2114 2625 2170 saeculum
2688 2113 3066 2168 misericordia
3125 2113 3245 2182 ejus
3285 2116 3329 2164 ⁸.
3361 2131 3379 2165 ι
3413 2111 3526 2167 Ma-

1945 2220 2087 2274 gnus
2133 2219 2265 2258 vero
2318 2203 2532 2275 Moyses
2577 2205 2870 2260 identidem
2916 2205 3161 2275 repetit:
3201 2223 3220 2256 c
3259 2203 3526 2258 Dominus

1946 2293 2090 2348 Deus
2118 2295 2211 2364 qui
2260 2296 2415 2364 pra-:it
2459 2307 2586 2350 ante
2641 2296 2836 2351 faciem
2896 2305 3134 2351 vestram
3191 2298 3282 2351 °.a
3337 2294 3525 2364 Itaque

1945 2385 2045 2441 Dei
2075 2387 2312 2456 Spiritus
2341 2405 2448 2443 non
2483 2399 2568 2444 est
2593 2389 2820 2460 angelus
2856 2403 3034 2456 neque
3081 2403 3170 2443 res
3202 2395 3404 2451 creata,
3425 2385 3525 2441 sed

1949 2478 2069 2547 ejus
2107 2478 2405 2534 divinitatis
2435 2489 2520 2534 est
2561 2481 2834 2549 proprius.
2873 2477 3008 2532 Nam
3035 2494 3160 2533 cum
3189 2476 3428 2548 Spiritus
3467 2475 3522 2529 in

1949 2569 2153 2638 populo
2185 2578 2354 2636 esset,
2385 2569 2530 2625 Deus
2557 2587 2657 2640 per
2684 2569 2884 2626 Filium
2913 2572 2970 2625 in
3002 2569 3209 2641 Spiritu
3236 2570 3294 2624 in
3329 2567 3523 2628 iisdem

1947 2669 2087 2715 erat.

2156 2836 2354 2892 Verum
2384 2837 2498 2892 haec
2524 2836 2600 2892 ita
2623 2836 2750 2904 sint,
2781 2835 3040 2908 inquiunt
3073 2837 3152 2893 illi
3185 2853 3200 2891 :
3229 2852 3332 2893 cur
3355 2838 3524 2908 igitur

1953 2929 2247 3000 Apostolus
2279 2939 2404 3000 post
2429 2930 2733 2998 Christum,
2764 2946 2876 2986 non
2908 2931 3170 3001 Spiritum
3393 2946 3524 2985 san-

260 3029 498 3100 Πνεῦμα
528 3028 590 3082 τὸ
622 3028 801 3096 ἅγιον,
825 3026 962 3081 ἀλλὰ
983 3027 1108 3091 τσὺς
1133 3025 1428 3087 ἐκλεκτοὺς
1447 3023 1714 3091 ἀγγέλους
1735 3038 1748 3086 ;
1781 3022 1852 3074 Τὸ

1953 3030 2121 3086 ctum,
2153 3022 2697 3092 sed-electosangelos
2733 3022 3076 3078 nominavit?
3097 3021 3262 3092 Atqui
3286 3020 3427 3076 idem
3453 3022 3525 3086 ab

261 3123 405 3178 αὐτὸ
432 3123 476 3176 δ’
500 3121 565 3174 ἄν
584 3139 666 3186 τις
696 3121 895 3184 αὐτοὺς
927 3120 1243 3192 ἐρωτήσειε·
1274 3115 1374 3170 Διὰ
1398 3116 1452 3168 τί
1482 3114 1556 3186 μὴ
1577 3113 1855 3185 ἀρχαγγέ-

261 3212 420 3279 λους,
440 3211 574 3283 μηδὲ
725 3209 1010 3282 χερουϐὶμ,
1045 3209 1180 3279 μηδὲ
1205 3207 1447 3277 σεραφὶμ
1465 3243 1478 3267 ,
1507 3203 1652 3275 μηδὲ
1673 3203 1858 3274 κυρτός

259 3317 463 3377 τητας,
493 3303 624 3375 μηδὲ
653 3302 893 3373 θρόνους,
918 3299 1056 3371 μηδὲ
1083 3298 1273 3370 ἕτερόν
1305 3315 1381 3363 τι,
1417 3295 1530 3350 ἀλλ’
1565 3295 1856 3356 ἐκλεκτοὺς

257 3397 471 3470 μόνους
495 3395 762 3465 ἀγγέλους
787 3394 1073 3463 ὠνόμασεν
1106 3392 1133 3443 ὁ
1161 3390 1373 3453 Παῦλος
1387 3406 1407 3454 «;
1437 3385 1564 3460 Ἆρ’
1597 3383 1712 3449 οὖν,
1729 3385 1854 3439 ἐπεὶ

259 3491 350 3564 μὴ
383 3489 557 3552 οὕτως
581 3487 886 3558 ὠνόμασεν,
915 3487 966 3540 οἱ
996 3483 1217 3553 ἄγγελοι
1245 3480 1572 3553 ἀρχάγγελοί
1598 3481 1769 3544 εἰσιν,
1812 3479 1845 3549 ἢ

267 3584 426 3654 μόνοι
455 3579 675 3650 ἄγγελοί
715 3579 844 3641 alat,
873 3577 969 3631 καὶ
999 3574 1126 3629 οὔτε
1160 3573 1436 3645 σεραφὶμ,
1545 3569 1844 3641 χερουϐὶμ,

263 3675 373 3729 οὐκ
397 3670 746 3744 ἁρχάγγελοι,
771 3669 898 3724 οὐδὲ
924 3667 1266 3738 κυριότητες,
1297 3665 1357 3717 οὐ
1381 3662 1582 3733 θρόνοι,
1617 3662 1718 3714 οὐκ
1748 3661 1849 3732 ἀρ-

263 3766 385 3838 χαὶ,
413 3765 514 3835 οὐχ
556 3763 744 3834 ἕτερόν
773 3780 825 3815 τι
852 3761 1034 3828 ὲστίνς
1073 3758 1233 3813 Ἀλλὰ
1258 3755 1417 3812 τοῦτὸ
1441 3757 1589 3809 ἐστιν
1607 3753 1853 3822 ἀνάγκην

269 3857 378 3928 μὲν
403 3853 713 3910 ὲπιῦάλλειν
733 3852 810 3924 τῷ
853 3852 1180 3921 Ἀποστόλῳ,
1209 3850 1298 3906 διὰ
1334 3849 1385 3903 τί
1415 3848 1494 3920 μὴ
1516 3846 1852 3910 οὓτως,·ὰλλ’

266 3948 446 4012 οὕτως
469 3945 727 4018 ἔγραψεν,
759 3946 975 4014 ἀγνοεῖν
1001 3944 1060 3997 δὲ
1084 3942 1182 4008 τὰς
1209 3941 1357 4005 Θείας
1378 3939 1620 4012 Γραφάς,
1649 3938 1744 3991 καὶ
1767 3937 1854 3992 διὰ

261 4036 433 4092 ’τοῦτο
463 4035 766 4089 πλανᾶσθαι
791 4035 921 4103 περὶ
1097 4032 1194 4103 τὴν
1236 4031 1514 4101 ἀλήθειαν.
1572 4029 1703 4082 Ἰδοὺ
1745 4027 1853 4100 γὰρ

267 4126 429 4198 παρά
450 4126 549 4197 μὲν
569 4124 647 4195 τῷ
671 4125 870 4194 Ἡσαΐᾳ
892 4123 1234 4194 γέγραπται·
1264 4141 1282 4172 ‹
1309 4119 1695 4192 Προσαγάγετε
1718 4117 1855 4190 πρὸς

273 4217 776 4289 μὲ,ωάκούσατε
810 4214 1010 4267 ταῦτα·
1052 4217 1174 4268 Οὐκ
1212 4216 1307 4268 ἀπ’
1351 4212 1529 4284 ἀρχῆς
1567 4214 1624 4265 ὲν
1669 4212 1850 4281 κρυφῇ

1954 3114 2062 3168 llis
2081 3113 2274 3168 merito
2301 3115 2426 3184 quis
2447 3115 2758 3171 sciscitetur
2783 3114 3120 3182 :Qnarenon
3138 3114 3520 3183 a-rchangclos,

1950 3221 2126 3276 neque
2142 3206 2446 3273 cherubim,
2466 3223 2643 3277 neque
2669 3208 2951 3276 seraphin,
2982 3222 3158 3276 neque
3197 3207 3526 3261 dominatio-

1949 3313 2066 3363 nes,
2089 3314 2266 3367 neque
2299 3299 2548 3365 thronos,
2579 3315 2757 3369 neque
2789 3299 2919 3370 quid
2939 3299 3110 3365 aliud,
3138 3299 3230 3354 sed
3249 3299 3396 3352 solos
3411 3297 3522 3352 ele-

1951 3399 2072 3445 ctos
2091 3390 2308 3458 angelos
2333 3390 2535 3447 Paulus
2558 3393 2900 3448 nominavit?
2920 3391 3059 3446 Num
3087 3406 3239 3460 ergo,
3264 3391 3391 3458 quia
3416 3404 3524 3442 non

1951 3482 2025 3537 ita
2039 3485 2367 3551 nominavit,
2386 3484 2560 3554 angeli
2589 3495 2717 3540 sunt
2737 3485 3188 3556 arcliangeli,jaut
3207 3485 3314 3538 soli
3346 3482 3526 3552 angeli

1951 3575 2246 3642 exsistunt,
2275 3577 2519 3646 nullique
2551 3587 2678 3631 sunt
2737 3578 3010 3646 seraphim
3065 3584 3163 3631 aut
3216 3575 3523 3639 cherubim,

1947 3667 2088 3720 nulli
2133 3667 2446 3736 archangeli
2493 3675 2548 3722 et
2593 3669 3019 3731 dominationes,
3058 3667 3190 3720 nulli
3237 3664 3420 3720 throni
3467 3672 3526 3717 et

1945 3756 2318 3827 principatus,
2358 3756 2498 3810 nihil
2545 3757 2782 3825 denique
2831 3757 2979 3812 aliud
3028 3754 3281 3812 exsistit?
3321 3753 3522 3808 Verum

1953 3846 2006 3900 id
2041 3847 2316 3916 inquirere
2346 3846 2481 3900 nihil
2515 3847 2664 3900 aliud
2696 3856 2807 3910 est,
2833 3861 2998 3916 quam
3053 3845 3309 3912 Apostolo
3337 3859 3526 3900 neces—

1953 3938 2168 3992 sitatem
2202 3938 2307 3992 hoc
2347 3939 2433 3992 vel
2460 3937 2554 3992 illo
2579 3939 2740 3993 modo
2772 3937 3043 3994 scribi-aldi
3097 3938 3396 4006 imponere,
3423 3949 3524 3991 nec
3581 3955 3587 3961 δ

1953 4047 2063 4085 non
2099 4031 2310 4087 divinas
2339 4033 2650 4101 Scripturas
2691 4031 2963 4102 ignorate,
2995 4047 3060 4086 ac
3111 4032 3338 4100 proinde
3366 4046 3396 4085 a
3440 4045 3524 4083 ve-

1952 4120 2111 4174 ritate
2140 4120 2414 4177 aberrare.
2456 4121 2596 4176 Ecce
2645 4123 2788 4176 enim
2829 4121 2971 4190 apud
3014 4121 3210 4175 Isaiam
3257 4121 3521 4189 scriptum

1954 4213 2184 4282 legimus
2217 4230 2228 4264 :
2256 4231 2277 4263 ι
2320 4214 2572 4267 Accedite
2596 4213 2662 4267 ad
2703 4229 2788 4268 me
2813 4221 2872 4268 et
2895 4212 3087 4266 audite
3117 4214 3230 4268 haec
3255 4230 3273 4274 :_
3302 4211 3419 4265 Non
3455 4213 3522 4264 ab

275 4312 579 4384 λελάληκα·
621 4313 782 4384 ἡνίκα
805 4311 1042 4379 ἐγένετο,
1062 4310 1178 4361 ἐκεῖ
1208 4308 1382 4377 ήμην·
1417 4305 1514 4358 καὶ
1537 4303 1632 4356 νῦν
1657 4301 1855 4373 Κύριος

1951 4303 2106 4359 initio
2136 4307 2188 4356 in
2241 4303 2566 4358 abscondito
2614 4303 2829 4357 locutus
2871 4317 3026 4366 sum;
3063 4313 3184 4352 eum
3231 4297 3406 4358 ﬁeret,
3436 4293 3521 4346 ibi

281 4403 592 4458 ἀπέσταλκέ
628 4419 716 4473 με,
750 4404 844 4457 καὶ
875 4402 936 4456 τὸ
970 4400 1194 4470 Πνεῦμα
1221 4385 1414 4450 αὑτοῦ·
1464 4414 1481 4446 ι
1519 4393 1672 4465 παρὰ
1693 4393 1750 4446 δὲ
1787 4391 1855 4460 τῷ

1951 4412 2096 4452 eram
2133 4415 2148 4450 :
2181 4405 2235 4450 et
2285 4411 2429 4450 nunc
2480 4395 2744 4448 Dominus
2818 4392 2964 4444 misit
3026 4405 3114 4442 me
3159 4397 3218 4441 et
3290 4386 3525 4456 Spiritus

297 4495 538 4566 Ἀγγαίῳ
565 4511 577 4526 ·
611 4513 632 4546 ι
661 4495 772 4548 Καὶ
803 4493 898 4548 νῦν
1077 4491 1334 4559 κατίσχυε
1365 4486 1689 4556 Ζοροϐάϐελ,
1719 4483 1866 4552 λέγει

285 4583 510 4656 Κύριος,
544 4583 639 4636 καὶ
666 4583 925 4652 κατίσχυε
965 4579 1136 4650 Ἰησοῦ
1164 4582 1198 4632 ό
1215 4577 1306 4631 τοῦ
1340 4575 1604 4638 Ἰωσεδὲκ,
1633 4573 1868 4644 ό-ίερεὺς

286 4682 316 4733 ὁ
345 4678 540 4749 μέγας,
570 4677 721 4746 λέγει
744 4676 975 4748 Κύριος.
1013 4675 1123 4728 Καὶ
1157 4670 1495 4741 κατισχυὲιω
1531 4669 1640 4730 πᾶς
1673 4668 1701 4718 ὁ
1736 4663 1866 4727 λαὸς

286 4771 387 4840 τῆς
407 4768 531 4838 γῆς,
555 4767 706 4835 λέγει
738 4765 941 4838 Κύριος
966 4782 980 4796 ·
1009 4764 1104 4818 καὶ
1130 4766 1354 4827 ποιεῖτε,
1385 4759 1526 4813 -διότι
1559 4757 1678 4828 μεθ’
1717 4754 1869 4825 ὑμῶν

287 4859 398 4928 ἐγώ
419 4861 556 4930 εἰμι,
581 4858 730 4927 λέγει
751 4858 954 4930 Κύριος
975 4854 1391 4924 παντοκράτωρ,
1422 4852 1514 4906 κα)⁵
1544 4850 1606 4904 τὸ
1644 4847 1871 4918 Πνεῦμα

277 4964 394 5021 μου
439 4950 739 5020 ἐφέστηκεν
773 4952 832 5002 ὲν
864 4948 1014 5018 μέσῳ
1046 4946 1218 5016 ὑμῶν.
1259 4965 1276 4996 ι
1304 4945 1424 4998 ’Καὶ
1456 4943 1586 5012 παρ’
1630 4939 1872 5011 ἀμφοτέ-

277 5053 406 5110 ροις
429 5042 545 5103 τοῖς
575 5039 883 5110 προφήταις
911 5037 1040 5108 περὶ
1063 5035 1225 5107 μόνου
1263 5034 1357 5087 τοῦ
1403 5032 1608 5104 Κυρίου
1646 5031 1743 5083 καὶ
1778 5028 1872 5082 τοῦ

290 5130 611 5202 Πνεύματος
655 5131 842 5201 μνήμη
879 5128 1091 5197 γέγονε.
1122 5126 1186 5178 Τί
1229 5125 1404 5178 τοίνυν
1448 5123 1542 5176 καὶ
1592 5122 1722 5193 περὶ
1758 5118 1876 5172 τού-

290 5236 381 5275 του
553 5222 849 5292 φήσουσινς
871 5220 934 5271 El
967 5217 1096 5289 γὰρ,
1118 5215 1314 5286 ἐπειδὴ
1339 5215 1431 5267 τοῦ
1461 5210 1702 5284 Χριστοῦ
1741 5228 1874 5281 μνη-

289 5307 566 5380 μονεύσας
583 5310 613 5360 ὁ
633 5309 844 5370 Παῦλος
863 5308 991 5376 περὶ
1009 5307 1106 5377 μὲν
1127 5305 1221 5358 τοῦ
1243 5303 1556 5373 Πνεῦματος
1579 5298 1874 5370 ἐσιώπησε,

293 5399 400 5453 τῶν
437 5400 494 5452 δὲ
518 5383 1059 5469 ὲκλεκτῶνάγγέλων
1093 5396 1486 5468 ἐμνημόνευσε,
1521 5391 1609 5445 διὰ
1640 5390 1798 5445 τοῦτο
1818 5391 1875 5442 ἐν

285 5491 548 5559 ἀγγέλοις
593 5490 654 5543 τὸ
700 5490 925 5561 Πνεῦμα
975 5490 1394 5543 συντάττουσιν·
1431 5483 1578 5555 ὥρα,
1632 5481 1725 5534 καὶ
1763 5484 1878 5544 τοῖς

299 5583 655 5652 προφητικοίς
688 5581 896 5644 τούτοις
948 5578 1377 5650 ἐντυγχάνοντας
1431 5621 1450 5647 ,
1611 5571 1872 5644 τολμηρά.

302 5689 458 5744 τερον
483 5673 682 5736 αὐτοὺς
702 5670 1102 5741 διαλογίζεσθαι
1132 5671 1226 5724 καὶ
1257 5669 1384 5739 περὶ
1412 5664 1508 5720 τοῦ
1531 5663 1878 5734 σεσιωπημέο

1949 4487 2070 4554 cjus
2107 4489 2147 4538 ⁷.
2180 4505 2197 4538 ι
2249 4485 2316 4539 Ει
2345 4484 2488 4554 apud
2515 4486 2768 4552 Agrum
2807 4500 2818 4534 :
2857 4499 2873 4531 ι
2902 4479 2968 4532 Et
3003 4493 3160 4532 nunc
3185 4475 3520 4536 confortare,

1951 4577 2274 4642 Zorobabel,
2309 4577 2439 4632 dicit
2475 4575 2759 4637 Dominus,
2812 4581 2866 4625 et
2908 4569 3239 4628 eonfortare,
3281 4564 3412 4618 Jesu
3448 4563 3522 4616 [ili

1951 4668 2200 4733 Josedec,
2233 4666 2492 4724 sacerdos
2516 4680 2729 4733 magne,
2764 4661 3182 4718 et-eonfortetur
3205 4657 3386 4714 omnis
3432 4669 3528 4722 po-

1943 4762 2114 4832 ,pnlus
2175 4770 2350 4823 terrae,
2397 4757 2533 4812 dicit
2583 4755 2874 4815 Dominus,
2901 4761 2962 4808 et
3019 4750 3208 4812 facite,
3270 4747 3526 4817 quoniam

1955 4866 2054 4920 ego
2079 4849 2362 4904 vobiscum
2389 4862 2532 4907 sum,
2567 4845 2699 4900 dicit
2743 4843 3011 4897 Dominus
3052 4839 3418 4907 omnipotens.
3466 4833 3535 4887 Et

1961 4939 2199 5011 Spiritus
2246 4952 2400 4992 meus
2457 4937 2615 4990 stetit
2687 4935 2740 4988 in
2811 4933 2990 4987 medio
3060 4929 3272 4986 vestri“
3305 4967 3320 4981 .
3361 4945 3378 4978 ι
3429 4924 3530 4980 llic

1961 5032 2102 5102 apud
2130 5041 2421 5097 utrumque
2467 5026 2823 5097 prophetam,
2860 5024 3034 5078 solius
3077 5019 3293 5076 Domini
3319 5027 3369 5073 et
3406 5017 3529 5086 Spi-

1959 5124 2098 5176 ritus
2131 5121 2188 5176 tit
2230 5119 2432 5174 mentio
2476 5136 2489 5170 :
2532 5117 2660 5186 quid
2716 5117 2881 5186 igitur
2921 5114 2993 5169 ad
3039 5115 3090 5170 id
3125 5111 3323 5167 dicturi
3365 5108 3534 5164 sunt?

1959 5212 2094 5267 Nam
2125 5213 2256 5267 sieo
2283 5211 2426 5282 quod
2444 5209 2647 5262 Paulus
2679 5207 2884 5262 Christi
2929 5206 3257 5260 mentionem
3307 5199 3534 5261 faciens.

1963 5304 2028 5358 de
2061 5301 2263 5370 Spiritu
2295 5301 2545 5364 tacuerit,
2577 5307 2630 5353 et
2655 5298 2954 5352 electorum
2993 5293 3312 5362 angelorum
3342 5286 3536 5340 memi-

1965 5393 2108 5450 nerit
2135 5410 2150 5458 ;
2177 5393 2245 5456 si,
2283 5393 2530 5461 inquam,
2560 5405 2678 5444 eam
2716 5388 2785 5442 ob
2826 5400 3048 5441 causam
3085 5381 3349 5451 Spiritum
3399 5378 3539 5430 inter

1966 5485 2190 5555 angelos
2213 5483 2485 5538 collocare
2527 5482 2664 5535 nihil
2695 5488 2955 5534 verentur
2989 5495 3002 5531 :
3044 5483 3212 5528 restat
3249 5479 3310 5525 ut
3345 5484 3412 5523 ex
3453 5468 3538 5521 his

1965 5575 2302 5648 propheticis
2343 5574 2549 5639 verbis,
2599 5572 2762 5626 iidem
2819 5569 2886 5623 de
2937 5567 3030 5621 illo
3064 5565 3154 5633 qui
3204 5561 3278 5616 ibi
3321 5557 3539 5648 silentio

1969 5645 2237 5720 omittitur
2259 5661 2521 5717 audacius
2557 5661 2854 5729 disputent.
2890 5655 3024 5710 Nam
3067 5653 3112 5708 si
3144 5652 3326 5706 dicant
3359 5645 3545 5703 Domi-

377 5815 392 5845 ¹
429 5814 530 5868 lsa.
560 5829 710 5879 unt,
743 5814 828 5866 ll.
907 5815 927 5845 '
953 5813 1123 5867 Levit.
1170 5831 1243 5875 ιιι,
1282 5811 1385 5874 όὸς
1461 5813 1615 5866 Deut.
1679 5828 1849 5866 ικκιι.

1951 5809 2016 5870 9;
2073 5805 2209 5879 lsa._
2239 5822 2363 5869 va,
2407 5807 2512 5870 2|;
2570 5803 2694 5879 Ose.
2727 5817 2851 5879 jntt,
2881 5803 2932 5857 ι.
3013 5801 3406 5879 '_l_’sa_l.t.xxvr,
3451 5796 3542 5854 21.

309 5883 329 5912 ⁸
353 5883 499 5940 l’sal.
532 5899 731 5944 tum.
763 5886 850 5940 55.
929 5885 948 5916 ⁵
975 5884 1119 5938 l’sal.
1153 5899 1350 5946 cxxxv,
1384 5883 1466 5937 ιϐ.

1545 5883 1565 5914 θ
1608 5881 1827 5947 Deum,
1851 5882 1940 5946 50,
1971 5879 2059 5934 35.
2138 5879 2156 5909 '
2195 5876 2299 5935 lsa.
2343 5893 2528 5943 xum,
2570 5877 2650 5931 16.
2727 5876 2748 5907 '
2780 5877 2919 5946 A55.
2950 5887 3009 5940 ιι,
3049 5872 3103 5940 5,
3139 5873 3188 5934 6.
