3768 6554
384 428 489 493 703

1628 396 2010 498 Eurnvun
2063 439 2425 501 ZlGABENl

3509 449 3591 512 Ἱθί

392 576 522 615 num
550 575 690 628 esse,
720 562 861 617 idem
888 575 1012 617 esse
1044 575 1110 616 ac
1136 559 1335 616 Filium
1372 576 1494 617 esse
1522 577 1536 615 :
1567 560 1695 632 quid
1717 560 1783 615 de
1808 559 1895 615 Pal

2074 580 2176 617 νου.
2201 564 2300 618 “Av
2330 581 2388 617 τε
2417 564 2525 637 γὰρ
2554 564 2641 618 τὸν
2668 565 2869 638 Κύριον
2886 560 3047 629 εἶναι,
3079 567 3337 641 φήσουσιν
3367 563 3483 623 εἶναι
3518 576 3589 627 τὸν

391 651 589 706 dicturi
642 652 802 707 sunt?
849 650 905 706 Si
960 667 1090 707 vero
1154 652 1285 705 illud
1330 652 1396 706 de
1436 650 1597 705 Patre
1644 650 1965 720 intelligant,

392 743 521 812 quid
556 744 753 798 dicturi
784 754 909 799 sunt
943 744 1010 798 de
1040 743 1218 798 Filio?
1262 742 1457 798 Procul
1489 752 1668 797 autem
1701 743 1843 797 absit
1884 744 1968 798 vel

393 850 423 890 ε
446 835 560 890 sola
596 835 938 905 cogitatione,
966 850 1029 888 ea
1058 849 1179 904 quae
1207 848 1273 888 ex
1304 833 1517 887 illorum
1544 832 1810 888 sententia
1839 848 1968 888 con-

393 926 640 996 sequitur
674 926 947 995 impietas.
986 925 1187 995 Nempe
1214 925 1335 980 illos
1369 925 1701 993 respondere
1744 938 1969 979 necesse

392 1028 496 1084 est,
520 1022 605 1072 vel
637 1018 844 1073 nullum
896 1018 1047 1073 illum
1085 1034 1228 1085 esse,
1252 1018 1356 1083 vel,
1391 1017 1533 1087 quod
1583 1017 1804 1071 silentio
1839 1031 1970 1086 prae-

394 1112 686 1167 termissus
710 1112 803 1179 sit,
833 1127 957 1166 eum
987 1112 1130 1165 inter
1159 1126 1247 1166 res
1275 1120 1486 1165 creatas
1510 1123 1895 1163 annumerare.

596 1200 738 1268 Quid
774 1200 903 1257 item
933 1201 1131 1257 dicturi
1167 1210 1323 1266 sunt,
1357 1203 1402 1256 si
1437 1201 1613 1271 ipsum
1647 1200 1812 1255 etiam
1859 1198 1968 1253 Do-

396 1292 605 1347 minum
642 1293 908 1347 dicentem
948 1292 1259 1346 audierint:
1300 1310 1319 1342 ‹
1367 1291 1539 1345 Judex
1585 1291 1805 1361 quidam
1855 1299 1971 1346 erat

399 1383 453 1437 in
489 1384 723 1453 quadam
755 1385 993 1450 civitate,
1028 1385 1119 1452 qui
1155 1383 1324 1437 Deum
1355 1399 1461 1437 non
1508 1384 1752 1449 timebat,
1788 1392 1841 1438 et
1872 1383 1971 1437 ho-

400 1476 600 1530 minem
644 1491 751 1530 non
790 1476 1141 1530 reverebatur
1205 1475 1247 1529 ί.
1286 1493 1305 1525 ι
1361 1473 1616 1544 Nunquid
1671 1475 1795 1544 quia
1850 1484 1972 1544 post

401 1564 572 1620 Deum
633 1567 911 1622 hominem
962 1566 1283 1632 nominavit,
1328 1566 1416 1620 ille
1468 1567 1631 1621 homo
1674 1574 1757 1621 est
1802 1565 1970 1621 Filius

399 1674 561 1729 quem
597 1659 835 1729 injustus
858 1661 1024 1730 judex
1059 1675 1166 1714 non
1196 1660 1512 1714 reveretur?
1560 1660 1640 1713 An
1678 1659 1812 1713 forte
1842 1660 1970 1729 quia

399 1758 523 1819 post
550 1748 744 1814 Deum,
788 1751 1060 1805 hominem
1093 1749 1412 1811 subdiderit,
1446 1749 1639 1803 tertius
1688 1758 1767 1802 est
1802 1747 1971 1803 Filius

2073 654 2215 719 Υίὸν,
2250 656 2303 708 τί
2327 655 2393 708 ἂν
2416 656 2616 709 εἴποιεν
2643 658 2769 728 περὶ
2796 658 2890 710 τοῦ
2925 658 3172 729 Πατρός;
3200 658 3264 711 ἄν
3298 675 3357 710 τε
3396 660 3473 712 τὸν
3508 665 3593 716 [la-

2066 743 2197 813 τέρα
2221 747 2434 811 εῖπωσι,
2481 747 2531 798 τί
2574 746 2637 799 ἂν
2668 748 2870 800 εἴποιεν
2900 748 3027 820 περὶ
3057 746 3149 799 τοῦ
3187 747 3346 812 Υίοῦ;
3385 749 3479 819 Τὴν
3512 754 3595 824 γὰρ

2067 834 2465 889 ἀκολουθοῦσαν
2496 839 2616 890 κατ’
2645 839 2888 902 ἐκείνους
2912 838 3225 910 δυσφημίαν
3266 840 3395 909 μηδὲ
3419 841 3593 910 λογίσα-

2071 927 2194 981 σθαί
2224 945 2344 981 τινα
2368 926 2576 996 γένοιτο
2595 946 2608 958 ·
2644 928 2859 999 ἀνάγκη
2892 930 2999 1002 γὰρ
3029 931 3227 993 αὐτοὺς
3263 932 3447 994 εἰπεῖν,
3473 934 3499 1002 ἢ
3535 936 3598 988 ὅτι

2067 1019 2167 1071 οὐκ
2195 1018 2361 1085 ἔστιν,
2390 1019 2422 1089 ἢ
2447 1021 2558 1082 τοῖς
2604 1020 2872 1091 ποιήμασι
2904 1019 3259 1091 συναριθμεῖν
3280 1019 3339 1072 τὸ
3370 1037 3598 1095 σεσιωπη-

2073 1112 2251 1183 μένον.

2268 1204 2334 1257 Τί
2356 1204 2400 1256 δ’
2428 1203 2494 1258 ἂν
2523 1206 2726 1258 εἴποιεν
2764 1241 2782 1268 ,
2942 1204 3037 1258 ἐὰν
3076 1203 3370 1257 ἀκούσουσι
3410 1206 3493 1258 καὶ
3528 1207 3600 1260 τοῦ

2068 1297 2272 1367 Κυρίου
2298 1296 2572 1364 λέγοντος·
2599 1314 2617 1347 ι
2646 1298 2854 1368 Κριτής
2882 1315 2964 1361 τις
2988 1293 3055 1368 ἦν
3083 1296 3139 1349 ἐν
3172 1310 3281 1349 τινι
3328 1295 3499 1367 χώρᾳ,
3531 1299 3603 1350 τὸν

2068 1385 2199 1437 Θεὸν
2230 1384 2303 1456 μὴ
2334 1384 2699 1455 φοϐούμενος,
2745 1386 2838 1438 καὶ
2874 1384 3160 1455 ἄνθρωπον
3206 1384 3281 1455 μὴ
3318 1386 3603 1456 ἐντρεπόμε-

2069 1492 2175 1537 νος.
2211 1494 2228 1525 ι
2265 1470 2430 1544 Ἀρα,
2467 1473 2654 1545 ἐπειδὴ
2699 1474 2837 1545 μετὰ
2878 1473 2969 1527 τὸν
3020 1474 3154 1527 Θεὸν
3364 1473 3605 1543 ὠνόμασεν

2069 1566 2370 1639 ἄνθρωπον,
2394 1569 2421 1621 6
2440 1568 2565 1631 Υίός
2587 1569 2733 1621 ἐστιν
2759 1559 2913 1631 οὗτος
2943 1569 2972 1620 6
3003 1566 3308 1638 ἄνθρωπος,
3345 1566 3401 1619 ὃν
3424 1567 3512 1621 οὐκ
3540 1570 3600 1621 ἐν-

2069 1656 2279 1726 ετράπη
2308 1656 2528 1719 ὁᾶδικος
2553 1657 2775 1728 κριτήςς
2803 1656 2874 1708 Ἢ
2894 1655 3081 1727 ἐπειδὴ
3104 1656 3241 1726 μετὰ
3260 1655 3349 1708 τὸν
3364 1654 3485 1707 Θεὸν
3498 1656 3605 1709 ὠνό-

2077 1763 2214 1817 μασε
2262 1746 2354 1800 τὸν
2392 1746 2704 1818 ἄνθρωπον,
2748 1746 2928 1817 τρίτος
2954 1746 3100 1800 ἐστὶν
3143 1747 3171 1797 6
3205 1746 3334 1809 Υίὸς
3386 1745 3511 1815 μετὰ
3537 1746 3608 1801 τὸν

399 1850 525 1909 post
557 1838 855 1899 hominem.
887 1848 939 1894 et
968 1849 1198 1909 quartus
1232 1836 1469 1907 Spiritus
1514 1838 1778 1893 sanctus?
1807 1835 1888 1902 Qu

2076 1835 2380 1907 ἄνθρωπον,
2422 1837 2517 1889 καὶ
2543 1836 2802 1907 τέταρτον
2825 1836 2885 1889 τὸ
2912 1835 3135 1908 Πνεῦμα
3166 1836 3226 1889 τὸ
3256 1835 3440 1903 ἂγιον;
3475 1836 3530 1887 Τί
3565 1837 3607 1889 δὲ

401 1929 451 1984 si
491 1932 810 1999 Apostolum
851 1930 1037 1984 eadem
1071 1928 1312 1999 Epistola
1341 1943 1533 1983 rursus
1564 1928 1830 1983 dicentem
1872 1943 1972 1981 au-

402 2020 556 2074 diant
623 2039 641 2071 (
677 2019 940 2089 Ρτωοίρίο
1000 2020 1096 2073 tibi
1140 2034 1327 2074 coram
1384 2018 1537 2083 Deo,
1584 2019 1678 2088 qui
1738 2018 1973 2074 viviﬁcat

402 2113 607 2177 omnia,
642 2121 696 2166 et
723 2110 940 2166 Christo
977 2110 1127 2174 Jesu,
1176 2111 1271 2181 qui
1316 2109 1687 2165 testimonium
1738 2109 1971 2165 reddidit

404 2201 506 2257 sub
534 2201 728 2256 Pontio
769 2201 943 2256 Pilato
987 2202 1184 2257 bonam
1223 2200 1642 2267 confessionem,
1686 2208 1746 2254 ut
1791 2215 1973 2256 serves

405 2293 719 2349 mandatum
748 2294 866 2349 sine
894 2295 1125 2355 macula,
1151 2294 1625 2364 irreprehensibile
1668 2296 1689 2325 ²
1722 2312 1741 2345 ι
1771 2293 1794 2345 ?
1832 2291 1970 2346 Num

405 2386 532 2457 quia
559 2386 646 2441 hic
676 2386 743 2441 de
784 2386 992 2456 angelis
1034 2394 1089 2441 et
1133 2385 1338 2455 Spiritu
1369 2386 1539 2449 siluit,
1574 2386 1641 2440 de
1674 2386 1877 2454 Spiritu
1926 2394 1980 2439 et

406 2476 473 2531 de
502 2476 706 2547 angelis
736 2485 917 2530 utrum
953 2477 1061 2531 sint
1088 2476 1375 2531 dubitant?
1415 2475 1490 2530 lta
1531 2490 1662 2530 sane
1698 2475 1980 2530 dubitave-

406 2567 537 2633 rint,
586 2567 827 2636 quandiu
876 2566 992 2621 haec
1049 2566 1185 2621 adeo
1251 2567 1416 2635 impia
1473 2574 1661 2621 contra
1713 2565 1976 2636 Spiritum

408 2658 833 2713 meditabantur.
858 2656 915 2712 Si
942 2670 1200 2728 prasterea
1228 2658 1293 2713 ad
1319 2658 1435 2712 haec
1463 2657 1585 2711 libri
1616 2656 1785 2711 Exodi
1817 2658 1977 2711 verba

409 2749 689 2803 attendant
717 2790 734 2818 ,
806 2768 825 2801 ι
872 2748 1077 2804 Timuit
1106 2759 1283 2805 autem
1320 2749 1550 2819 poyulus
1580 2748 1890 2815 Dominum,
1923 2758 1976 2804 et

409 2842 754 2898 crediderunt
786 2842 895 2898 Deo
933 2854 987 2899 et
1015 2844 1182 2915 Moysi
1218 2860 1375 2899 servo
1408 2844 1526 2912 ejus
1561 2848 1582 2880 ³
1616 2882 1630 2905 ,
1672 2861 1691 2894 ι
1726 2858 1792 2896 an
1821 2840 1977 2912 Moyo

407 2945 521 2984 sem
553 2928 664 2983 Deo
691 2930 1099 2984 annumeraturi
1130 2935 1279 2993 sunt,
1316 2942 1491 2997 neque
1519 2934 1646 2997 post
1677 2925 1868 2991 Deum,
1900 2928 1990 2984 Fi-

410 3020 542 3075 lium
571 3021 666 3077 sed
714 3021 891 3076 solum
926 3021 1167 3092 Moysem
1200 3027 1329 3074 sunt
1370 3018 1745 3074 intellecturi?
1773 3017 1910 3084 Quid
1942 3020 1987 3074 si

406 3114 573 3167 etiam
612 3114 976 3184 patriarcham
1023 3111 1194 3168 Jacob
1254 3111 1494 3183 Josepho
1734 3111 1820 3165 his
1861 3125 1983 3164 ver-

2076 1927 2205 1998 ἄρα,
2222 1925 2316 1978 ἐὰν
2332 1926 2424 1979 καὶ
2452 1925 2545 1980 τοῦ
2581 1925 2902 1979 Ἀποστόλου
2930 1929 2987 1980 ὲν
3006 1928 3071 1998 τῇ
3090 1926 3227 1997 αὐτῇ
3258 1925 3499 1996 ἐπιστολῇ
3525 1927 3609 1979 πά-

2072 2017 2155 2071 λιν
2203 2017 2448 2086 λέγοντος
2477 2017 2784 2071 ἀκούσωσι·
2824 2037 2842 2069 ι
2874 2017 3247 2091 Παραγγέλλω
3286 2034 3368 2070 σοι
3418 2016 3610 2070 ἐνώπιον

2073 2110 2165 2163 τοῦ
2194 2109 2329 2163 Θεοῦ
2379 2108 2471 2161 τοῦ
2502 2108 2887 2177 ζωογονοῦντος
2926 2106 2997 2161 τὰ
3049 2108 3227 2162 πάντα
3251 2148 3267 2174 ,
3320 2108 3411 2160 καὶ
3440 2108 3610 2178 Κυρίου

2089 2200 2262 2272 Ἰησοῦ
2288 2199 2544 2271 Χριστοῦ,
2574 2199 2667 2253 τοῦ
2696 2200 3142 2271 μαρτυρήσαντος
3175 2197 3267 2250 ἐπὶ
3303 2197 3515 2251 Ποντίου
3539 2200 3614 2249 Ηιο

2076 2293 2258 2355 λάτου,
2287 2292 2387 2362 τὴν
2408 2290 2576 2362 καλὴν
2610 2291 2916 2362 ὁμολογίαν,
2940 2289 3173 2361 τηρῆσαί
3201 2306 3260 2342 σε
3292 2289 3395 2360 τὴν
3433 2289 3615 2358 ἐντολὴν

2077 2384 2322 2447 ἄσπιλον,
2365 2382 2730 2453 ἀνεπίληπτον
2759 2398 2774 2447 ;
2805 2400 2824 2433 ι
2861 2377 3007 2453 τΛρα.
3055 2377 3146 2435 οὖν
3170 2419 3186 2445 ,
3226 2380 3415 2451 ἐπειδὴ
3459 2379 3615 2433 σεσιώ-

2078 2494 2219 2546 πηκε
2239 2476 2333 2529 νῦν
2358 2474 2486 2546 περὶ
2510 2474 2753 2542 ἀγγέλων
2775 2474 2870 2527 καὶ
2892 2472 3228 2543 Πνεύματος,
3253 2472 3614 2543 ἀμφιϐάλλουσι

2082 2566 2211 2635 περὶ
2243 2564 2576 2635 Πνεύματος,
2601 2567 2650 2618 εί
2684 2565 2798 2618 ἔστι
2840 2599 2859 2627 ,
2996 2563 3091 2617 καὶ
3126 2562 3253 2633 περὶ
3279 2561 3547 2630 ἀγγέλων,
3579 2562 3618 2613 εί

2082 2659 2186 2710 εἰσι
2208 2674 2222 2722 ;
2242 2657 2347 2710 Ναὶ
2367 2657 2796 2729 ἀμφιδάλλουσιν
2818 2658 2922 2721 ἕως
2949 2656 3171 2711 τοιαῦτα
3198 2656 3494 2725 δυσφημεῖν
3515 2654 3617 2724 περὶ

2080 2748 2172 2802 τοῦ
2220 2748 2536 2820 Πνεύματος
2575 2749 3029 2821 μεμελετήκασιν.
3098 2747 3222 2800 Ἐὰν
3268 2746 3326 2799 δὲ
3378 2744 3617 2799 ἀκούσωσι

2078 2843 2178 2913 τῆς
2208 2843 2429 2913 Γραφῆς
2458 2840 2719 2911 λεγούσης
2752 2843 2808 2893 ὲν
2964 2842 3028 2909 τῇ
3073 2838 3288 2910 Ἐξόδῳ,
3324 2857 3343 2889 ι
3379 2836 3618 2906 Ἑφοδήθη

2075 2926 2132 2979 δὲ
2152 2926 2180 2977 6
2217 2924 2346 2988 λαὸς
2379 2924 2468 2977 τὸν
2495 2924 2720 2996 Κύριον,
2776 2925 2871 2978 καὶ
2905 2925 3235 2978 ὲπιστευσαν
3267 2923 3345 2994 τῷ
3391 2923 3522 2992 Θεῷ,
3546 2924 3620 2975 καί

2076 3020 2271 3089 Μωσῇ,
2305 3018 2381 3089 τῷ
2415 3018 2706 3088 θεραπόντι
2730 3017 2926 3084 αὑτοῦ,
2974 3036 2992 3069 ι
3034 3015 3143 3090 ἆρα
3189 3018 3623 3088 συναριθμήσουσι

2076 3110 2152 3181 τῷ
2184 3110 2302 3182 Θεῷ
2329 3110 2421 3165 τὸν
2449 3111 2674 3182 Μωσῆν,
2716 3111 2809 3164 καὶ
2846 3114 2983 3182 μετὰ
3009 3111 3100 3165 τὸν
3134 3110 3268 3164 Θεὸν
3315 3112 3376 3163 οὐ
3408 3113 3621 3182 νοήσουσι

409 3206 493 3259 bis
509 3206 829 3261 benedicere
848 3205 1199 3259 meminerint
1231 3222 1248 3255 ι
1281 3204 1426 3261 Deus
1475 3204 1569 3275 qui
1602 3203 1779 3273 pascit
1811 3216 1895 3257 me

2074 3201 2166 3255 τὸν
2194 3201 2340 3265 Υίὸν,
2367 3202 2503 3256 ἀλλὰ
2527 3201 2684 3273 μόνον
2710 3202 2801 3255 τὸν
2826 3202 3063 3271 Μωσῆν;
3126 3201 3190 3252 Τί
3231 3200 3311 3264 δὲ,
3362 3200 3459 3253 ἐὰν
3491 3200 3623 3253 ἀκού-

409 3297 780 3353 adolescentia
806 3312 924 3351 mea
954 3312 1129 3367 usque
1166 3297 1218 3351 iu
1253 3305 1575 3367 praesentem
1604 3297 1745 3351 diem
1776 3312 1790 3361 ;
1817 3311 1986 3365 auge-

409 3386 517 3447 lus.
554 3387 649 3456 qui
688 3387 834 3441 eruit
865 3401 951 3441 me
983 3387 1051 3441 de
1082 3387 1295 3442 cunctis
1329 3388 1507 3453 malis,
1539 3386 1824 3442 benedicat
1852 3400 1987 3456 pue-

408 3476 486 3530 ris
520 3477 641 3530 istis
688 3474 712 3509 ⁸
749 3494 767 3528 ι
791 3476 815 3530 ?
841 3474 983 3530 Num
1021 3476 1146 3546 quia
1177 3486 1299 3546 post
1326 3476 1494 3532 Deum
1536 3477 1786 3545 angelum
1818 3473 1988 3531 nomi-

407 3566 580 3630 navit,
615 3566 767 3636 prior
809 3575 894 3622 est
927 3567 1156 3637 angelus
1188 3567 1349 3635 Filio,
1386 3575 1480 3623 aut
1517 3568 1688 3623 Filius
1716 3568 1857 3622 inter
1885 3581 1985 3621 an-

406 3657 556 3728 gelos
588 3658 1021 3713 annumeratur?
1060 3657 1138 3713 Ita
1173 3657 1418 3729 profecto
1451 3658 1755 3723 senserint,
1787 3658 1987 3729 quippe

405 3751 604 3821 quibus
637 3766 734 3807 cor
759 3762 1077 3823 corruptum
1103 3754 1195 3809 sit.
1223 3753 1427 3809 Verum
1456 3769 1565 3808 non
1595 3754 1710 3809 hzec
1743 3760 1827 3810 est
1858 3766 1988 3821 apo-

404 3842 597 3897 stolica
632 3842 784 3908 lides,
817 3858 992 3913 neque
1022 3858 1085 3899 ea
1129 3842 1269 3899 ferre
1318 3844 1819 3900 licet‘Christiano'.
1849 3844 1983 3899 Nam

404 3939 592 3986 sancta
642 3940 697 3986 et
738 3933 894 3986 beata
928 3931 1168 3988 Trinitas
1208 3934 1486 3989 individua
1530 3944 1693 4004 atque
1734 3936 1850 4005 ipsa
1895 3950 1985 3991 se-

404 4038 529 4077 cum
564 4024 716 4077 unita
743 4032 857 4090 est,
890 4024 963 4079 ita
998 4032 1058 4079 ut
1088 4025 1178 4079 ubi
1214 4024 1390 4081 Patris
1434 4027 1641 4082 mentio
1685 4026 1797 4090 ﬁat,
1835 4026 1982 4098 ejus-

403 4113 528 4168 dem
582 4115 766 4169 statim
800 4113 1063 4183 Verbum,
1104 4131 1169 4172 ac
1218 4117 1274 4171 in
1323 4117 1464 4172 Filio
1511 4117 1748 4188 Spiritus
1793 4119 1985 4175 debeat

2075 3306 2211 3345 σωσι
2247 3293 2343 3346 καὶ
2390 3292 2484 3345 τοῦ
2526 3294 2867 3363 πατριάρχου
2925 3291 3123 3345 Ἰακὼϐ
3177 3291 3521 3361 εὐλογοῦντος
3551 3292 3623 3344 τὸν

2087 3383 2281 3456 Ἰωσὴφ
2315 3385 2409 3438 καὶ
2436 3384 2686 3452 λέγοντος
2705 3401 2718 3414 ·
2757 3404 2775 3436 ι
2821 3385 2878 3438 Ὀ
2901 3384 3033 3448 Θεὸς
3052 3386 3081 3437 6
3102 3385 3319 3456 τρέφων
3348 3403 3418 3455 με
3454 3386 3511 3438 ὲκ
3533 3387 3624 3437 νεό-

2072 3476 2231 3547 τητός
2269 3494 2369 3547 μου
2394 3476 2499 3541 ἕως
2531 3476 2631 3546 τῆς
2662 3476 2871 3548 ἡμέρας
2900 3475 3106 3549 ταύτης
3128 3493 3142 3507 ⁶
3171 3480 3199 3530 6
3232 3477 3463 3545 ἄγγελος
3481 3475 3621 3546 6696-

2077 3567 2235 3638 μενός
2274 3585 2341 3639 με
2369 3569 2433 3621 ἐκ
2460 3568 2677 3622 πάντων
2712 3569 2821 3620 τῶν
2866 3568 3051 3623 κακῶν
3098 3568 3395 3639 εὐλογῆσαι
3568 3565 3624 3618 τὰ

2074 3659 2261 3713 παιδία
2288 3658 2462 3714 ταῦτα
2491 3679 2510 3712 ι
2540 3677 2554 3725 ;
2586 3657 2756 3731 'Apa,
2790 3661 2977 3733 ἐπειδὴ
3011 3660 3151 3733 μετὰ
3200 3661 3296 3716 τὸν
3351 3660 3481 3714 Θεὸν
3518 3659 3625 3712 ὠνό-

2075 3769 2250 3822 μασεν
2280 3752 2534 3821 ἄγγελον,
2584 3753 2799 3826 πρῶτός
2852 3756 3000 3808 ἐστιν
3196 3755 3226 3807 6
3276 3752 3503 3820 ἄγγελος
3546 3749 3622 3802 τοῦ

2074 3842 2226 3909 Υίοῦ,
2256 3844 2289 3915 ἢ
2313 3845 2566 3915 ἀγγέλοις
2605 3847 3023 3919 συναριθμεῖται
3051 3847 3080 3900 6
3123 3846 3280 3911 Υίός;
3318 3846 3427 3899 Ναὶ
3446 3885 3460 3910 ,
3490 3845 3624 3897 πάλιν

2069 3935 2213 3990 οὕτω
2247 3938 2520 4008 νοήσουσι,
2568 3939 2973 4011 διεφθαρμένην
3004 3939 3223 4010 ἔχοντες
3253 3938 3352 4009 τὴν
3400 3937 3621 4007 καρδίαν.

2083 4028 2221 4081 Ἀλλ’
2254 4028 2353 4099 οὐχ
2385 4030 2417 4100 ἡ
2452 4030 2785 4101 ἀποστολικὴ
2839 4032 3022 4094 πίστις
3080 4031 3196 4083 ἐστὶ
3224 4027 3447 4098 τοιαύτη
3471 4068 3485 4091 ,
3531 4024 3621 4078 οὐδ’

2068 4122 2205 4186 ὅλως
2231 4122 2558 4194 Χριστιανὸς
2582 4123 2869 4193 ἀνάσχοιτο
2898 4124 2965 4177 ἂν
2994 4122 3219 4176 τούτων.
3267 4120 3331 4174 Ἢ
3368 4120 3477 4191 γὰρ
3516 4117 3623 4184 ἁγία

406 4206 654 4273 intelligi.
702 4205 857 4272 Quod
911 4206 958 4262 si
1008 4207 1180 4264 Filius
1232 4209 1568 4276 nominetur,
1620 4209 1869 4263 similiter

2074 4215 2165 4267 καὶ
2219 4216 2468 4287 μακαρία
2498 4216 2691 4286 Τριὰς,
2721 4214 3027 4285 ἀδιαίρετος
3077 4214 3174 4267 καί⁹
3214 4212 3465 4284 ἡνωμένη
3511 4209 3624 4279 πρὸς

404 4295 545 4350 Filio
567 4305 650 4351 est
673 4296 856 4365 Pater,
889 4313 989 4354 nec
1016 4308 1171 4354 extra
1200 4298 1437 4355 Verbum
1468 4311 1553 4356 est
1588 4298 1822 4370 Spiritus
1858 4317 1895 4355 s:

2074 4306 2269 4378 ἑαυτήν
2293 4308 2409 4361 ἐστι
2430 4325 2443 4338 ·
2465 4308 2557 4361 καὶ
2578 4307 2871 4378 λεγομένου
2888 4304 2982 4359 τοῦ
3005 4304 3237 4375 Πατρὸς,
3392 4301 3621 4373 πρόσεστι

405 4395 547 4442 etus.
576 4386 852 4459 Siquidem
881 4406 987 4446 una
1014 4400 1099 4447 est
1124 4392 1300 4448 Patris
1330 4394 1501 4462 gratia
1522 4409 1642 4464 qua:
1666 4408 1759 4463 per
1785 4392 1895 4447 Fili!

2074 4398 2164 4451 καὶ
2197 4400 2225 4451 6
2244 4399 2436 4452 τούτου
2464 4400 2636 4469 Λόγος
2664 4399 2757 4452 καὶ
2785 4398 2847 4452 τὸ
2878 4398 2937 4452 ὲν
2974 4395 3052 4467 τῷ
3090 4392 3208 4465 Υίῷ
3242 4393 3480 4463 Πνεῦμα.
3518 4391 3622 4444 Ἐὰν

404 4480 459 4533 in
494 4479 695 4551 Spiritu
729 4490 919 4538 sancto
952 4485 1276 4554 completur.
1318 4484 1434 4541 Una
1483 4487 1683 4555 pariter
1724 4484 1893 4540 divini

2074 4483 2127 4536 δὲ
2159 4484 2255 4537 καὶ
2281 4487 2308 4538 6
2337 4485 2462 4549 Υἱὸς
2488 4484 2841 4557 ὀνομάζηται,
2868 4486 2926 4540 ὲν
2945 4484 3024 4555 τῷ
3052 4482 3167 4555 Υίῷ
3201 4484 3351 4536 ἐστιν
3377 4484 3405 4534 6
3436 4480 3621 4548 Πατὴρ,

404 4582 460 4628 et
513 4590 655 4631 unus
710 4574 854 4633 Deus
910 4589 994 4632 est
1046 4577 1139 4647 qui
1188 4586 1272 4632 est
1317 4593 1482 4648 super
1531 4578 1736 4646 omnia,
1785 4586 1840 4634 et
1887 4595 1895 4649 ι

2074 4576 2166 4629 καὶ
2196 4576 2257 4629 τὸ
2282 4577 2509 4647 Πνεῦμα
2538 4578 2638 4631 οὐκ
2665 4578 2810 4632 ἔστιν
2844 4576 3001 4640 ἐκτὸς
3023 4576 3118 4629 τοῦ
3160 4575 3362 4643 Λόγου,
3403 4573 3513 4627 Μία
3534 4569 3623 4640 γάρ

404 4665 609 4730 omnia,
641 4674 804 4736 atque
832 4667 887 4720 in
916 4668 1192 4723 omnibus.
1225 4666 1471 4739 Namque
1500 4670 1615 4739 ipse
1638 4670 1799 4724 etiam
1835 4669 1895 4726 Pa

2074 4670 2219 4723 ἐστιν
2243 4671 2306 4721 ἐκ
2322 4669 2416 4721 τοῦ
2441 4670 2654 4741 Πατρὸς
2687 4670 2847 4741 χάρις
2872 4668 2938 4721 δι’
2959 4667 3091 4721 Υίοῦ
3119 4668 3176 4720 ὲν
3210 4664 3485 4735 Πνεύματι
3504 4660 3624 4729 ἁγίῳ

405 4753 489 4808 lus
516 4755 675 4823 cujus
702 4758 820 4812 haec
849 4766 978 4811 sunt
1002 4758 1188 4819 verba.
1224 4777 1242 4811 ι
1273 4758 1556 4815 Testilicor
1585 4776 1768 4817 coram
1798 4760 1895 4816 Dec

2074 4760 2422 4831 πληρουμένη
2449 4776 2465 4791 ⁸
2521 4761 2617 4814 καὶ
2679 4760 2777 4832 μία
2814 4758 3003 4830 θεότης
3062 4757 3201 4823 ἐστὶ,
3250 4755 3348 4809 καὶ
3389 4748 3467 4816 εἷς
3514 4749 3625 4811 Θεὸς

401 4846 532 4903 Jesu
559 4849 778 4905 Christo
807 4852 859 4916 ',
889 4871 906 4902 ι
930 4849 1192 4921 Spiritum
1218 4866 1248 4906 a
1275 4851 1413 4907 Filio
1446 4853 1761 4922 neutiquam
1791 4853 1895 4909 divi

2074 4854 2217 4905 ἐστιν
2389 4853 2418 4904 6
2453 4851 2545 4904 ἐπὶ
2576 4851 2816 4917 πάντων,
2843 4851 2939 4905 καὶ
2968 4849 3055 4903 διὰ
3076 4848 3317 4912 πάντων,
3349 4847 3437 4900 καὶ
3466 4846 3521 4897 ὲν
3538 4843 3625 4894 πᾶ-

403 4941 497 4993 sed
518 4941 695 5009 ipsum
726 4942 780 4994 in
797 4939 1018 4997 Christo
1050 4958 1192 5010 esse,
1232 4943 1693 5012 quemadmodum
1723 4942 1894 4999 Filius

2076 4961 2181 4997 σιν.
2215 4942 2370 4996 Οὕτω
2392 4944 2500 5015 γὰρ
2533 4943 2629 4997 καὶ
2660 4946 2689 4996 6
2714 4942 2945 5005 Παῦλος,
2974 4939 3244 5012 εἰρηκὼς,
3286 4957 3307 4990 ι
3346 4934 3627 5008 Διαμαρτύ-

403 5028 562 5084 Patre
595 5040 699 5098 est,
735 5032 939 5101 optime
966 5041 1212 5089 noverat.
1236 5032 1633 5089 Convenienter
1668 5042 1845 5089 tamen
1873 5051 1895 5090 ε

2078 5026 2243 5104 ρομαι
2276 5032 2502 5086 ἐνώπιον
2528 5033 2622 5086 τοῦ
2654 5032 2789 5086 Θεοῦ
2818 5032 2912 5087 καὶ
2945 5031 3120 5102 Ἰησοῦ
3146 5033 3386 5101 Χριστοῦ
3410 5073 3423 5094 ,
3474 5048 3491 5079 ι
3526 5024 3624 5092 ἐγί-

402 5135 519 5177 etos
548 5125 769 5193 angelos
798 5141 905 5180 una
937 5126 1207 5196 adiunxit,
1239 5138 1320 5190 ut,
1357 5126 1614 5196 quoniam
1657 5127 1771 5181 hch
1802 5127 1867 5180 ad

2074 5142 2301 5188 νωσκεν,
2333 5126 2414 5178 ὅτι
2432 5126 2493 5178 ού
2524 5125 2761 5197 διῃρεῖτο
2791 5124 2883 5177 τοῦ
2908 5124 3038 5177 Υίοῦ
3062 5123 3123 5176 τὸ
3155 5124 3382 5194 Πνεῦμα
3404 5160 3418 5185 ,
3441 5119 3548 5174 ἀλλ’
3576 5119 3625 5169 ὲν

401 5215 671 5282 scipulum
704 5216 1012 5282 scribebat,
1041 5217 1131 5272 ille
1157 5216 1244 5272 cui
1278 5218 1501 5271 minime
1538 5217 1741 5272 latebat
1769 5232 1832 5272 ea
1861 5232 1893 5287 q

2075 5216 2295 5288 Χριστῷ
2334 5212 2402 5286 ἦν
2438 5216 2531 5268 καὶ
2567 5215 2719 5279 αὐτὸ,
2781 5214 2967 5286 ὥσπερ
3005 5216 3033 5267 6
3064 5215 3193 5278 Υίὸς
3245 5216 3303 5267 ὲν
3332 5213 3405 5284 τῷ
3434 5208 3622 5280 Πατρίο

401 5321 431 5359 a
475 5307 583 5361 Deo
629 5308 773 5365 dicta
824 5319 953 5364 sunt
997 5325 1093 5379 per
1137 5307 1418 5363 Christum
1470 5309 1525 5363 in
1581 5309 1785 5381 Spiritu
1837 5311 1887 5364 di

2074 5304 2198 5365 τοὺς
2247 5304 2303 5358 δὲ
2350 5303 2639 5368 ἐκλεκτοὺς
2679 5304 2948 5373 ἀγγέλους
2994 5305 3372 5374 συνεπήγαγεν
3403 5300 3623 5359 εἰκότως,

400 5414 542 5464 esse,
573 5409 626 5455 et
656 5402 879 5472 angelos
920 5418 1007 5457 res
1049 5412 1267 5459 nostras
1298 5402 1698 5465 administrare,
1736 5401 1891 5472 singu

2075 5394 2183 5458 ίνα,
2222 5394 2407 5466 ἐπειδὴ
2462 5396 2829 5467 διαμαρτυρία
2875 5391 2943 5467 ἦν
2982 5395 3061 5465 τῷ
3113 5395 3326 5466 μαθητῇ
3366 5390 3620 5460 λεγομένη.

398 5506 631 5558 rumque
664 5501 819 5548 actus
846 5493 1139 5562 speculari,
1178 5495 1423 5565 magistri
1454 5495 1855 5550 exhortationes
1884 5512 1895 5547 ι

2075 5486 2379 5554 γινώσκων,
2428 5488 2502 5551 ὡς
2686 5488 2753 5541 τὰ
2783 5489 2879 5558 μὲν
2898 5488 3166 5558 λεγόμενα
3199 5488 3351 5560 παρὰ
3389 5482 3515 5538 Θεοῦ
3551 5479 3623 5532 διὰ

400 5583 645 5650 stodiret,
702 5595 762 5637 ut
819 5584 909 5638 cui
969 5600 1291 5653 persuasum
1360 5596 1505 5641 esset
1557 5587 1797 5641 omnium
1856 5602 1888 5656 q

2075 5580 2311 5650 Χριστοῦ
2342 5582 2398 5632 ἐν
2432 5580 2710 5650 Πνεύματι
2742 5578 3059 5650 λελάληται,
3091 5580 3142 5632 οἱ
3182 5579 3241 5633 δὲ
3290 5575 3496 5647 ἄγγελοι
3526 5574 3623 5625 δια-

399 5672 604 5729 diceret
653 5674 800 5743 ipsos
845 5674 1070 5745 angelos
1118 5675 1495 5746 speculatores
1543 5685 1710 5733 testes
1756 5678 1895 5733 habe

2075 5670 2292 5724 κονοῦσι
2332 5671 2400 5724 τὰ
2434 5672 2563 5741 παρ’
2591 5671 2768 5742 ἡμῶν,
2815 5672 3243 5735 ἐπισκοποῦντες
3277 5670 3373 5733 τὰς
3411 5665 3616 5720 ἑκάστου

2750 5883 2768 5911 ⁸
2796 5880 2840 5936 ll
2874 5878 3117 5935 Timoth.
3147 5890 3223 5945 tv,
3256 5873 3305 5929 l.

464 5885 480 5917 ⁸
522 5880 656 5938 Luc.
687 5886 914 5943 xvm.2.
996 5886 1064 5941 ⁸1
1096 5884 1238 5942 Tim.
1277 5904 1354 5947 vt.
1399 5889 1483 5946 l5.
1554 5890 1573 5925 ³
1602 5888 1773 5945 Exod.
1818 5889 2041 5945 xtv.5l.
2129 5888 2147 5921 ⁸
2176 5886 2316 5943 Gen.
2358 5901 2543 5942 xum.
2586 5884 2669 5939 l5.
