3920 6556
276 376 387 440 705

273 513 528 583 πράξεις,
553 513 760 586 φυλάξῃ
787 515 881 578 τὰς
897 515 991 570 τοῦ
1015 517 1332 573 διδασκάλου

270 607 352 668 ὡς
379 606 517 675 ἔχων
547 608 671 670 τοὺς
696 607 1006 678 ἐφορῶντας
1044 610 1150 662 τῶν
1197 611 1505 682 λεγομένων
1549 612 1854 684 μάρτυρας.

273 699 349 750 Ἦ
391 698 531 768 τάχα
578 700 673 752 καὶ
724 701 813 754 διά
863 703 989 766 τοὺς
1036 703 1124 756 διά
1152 704 1354 768 παντὸς
1399 704 1738 775 θεωροῦντας
1793 704 1854 758 τὸ

270 790 569 860 πρόσωπον
609 789 704 843 τοῦ
742 792 983 862 Πατρὸς,
1025 792 1118 846 τοῦ
1168 795 1226 846 ἐν
1274 797 1388 858 τοῖς
1436 796 1704 867 οὐρανοῖς,
1745 796 1864 849 δια-

270 880 616 952 μαρτύρεται
657 881 752 934 νῦν

1201 388 1585 450 ΡΛΝΟΡῌΑ
1624 391 2085 454 DOGMATICA.
2123 419 2193 434 -
2233 394 2383 455 TIT.
2430 396 2536 458 Χῐ.

3435 407 3539 469 706

1473 523 1815 591 παραινέσεις
1840 565 1854 590 ,

1963 525 2044 579 An
2083 524 2225 579 forte
2272 526 2497 594 angelos
2529 526 2624 595 qui
2659 540 2876 598 semper
2903 527 3086 583 vident
3116 525 3309 583 faciem
3335 526 3535 592 Patris,

1963 617 2056 684 qui
2103 615 2155 668 in
2208 615 2363 670 cmlis
2411 624 2513 681 est,
2553 627 2771 686 propter
2806 616 3060 674 Ecclesia:
3090 619 3339 688 pusillos,
3371 629 3536 674 testes

1961 705 2216 774 appellat,
2257 714 2319 758 ut
2365 705 2691 774 discipulus,
2731 695 2962 778 cognitis
3010 709 3334 778 populorum
3375 724 3535 763 cura-

1969 795 2204 860 toribus,
2232 795 2479 864 Apostoli
2508 796 2912 856 admonitiones
2937 815 3044 856 non
3084 803 3396 873 negligeret.

937 883 1223 952 ἀγγέλους,
1251 883 1415 940 ἐνεκά
1453 903 1516 950 γε
1548 886 1655 940 τῶν
1696 888 1753 940 ἐν
1784 888 1852 957 τῇ
1907 885 2204 958 Ἐκκλησία
2253 888 2498 960 μικρῶν,
2550 889 2669 956 ἵνα,
2721 889 3004 959 γινώσκων
3043 893 3072 946 6
3109 892 3356 964 μαθητὴς
3407 896 3534 959 τοὺς

266 975 581 1046 κηδεμόνας
615 976 722 1029 τῶν
749 975 913 1042 λαῶν,
945 977 1021 1049 μὴ
1059 979 1310 1054 ἀμελήσῃ
1351 981 1460 1034 τῶν
1491 982 1862 1053 παραινέσεων
1900 979 1991 1034 τοῦ
2041 982 2384 1037 Ἀποστὸλου.

470 1068 590 1121 Τῶν
621 1069 718 1140 μὲν
739 1066 832 1122 οὖν
857 1069 1016 1124 θείων
1041 1071 1236 1140 λογίων
1257 1074 1495 1138 τοιοῦτος
1521 1077 1549 1128 6
1579 1074 1705 1138 νοῦς
1731 1075 1854 1144 ἐμοὶ

262 1159 544 1228 φαίνεται,
576 1161 864 1231 διελέγχων
891 1162 989 1234 τὴν
1017 1163 1126 1217 τῶν
1150 1165 1360 1234 ἀλόγων
1389 1165 1532 1220 κατὰ
1561 1165 1655 1220 τοῦ
1686 1165 1856 1218 Πνεῦ-

266 1268 447 1320 ματος
473 1251 785 1323 δυσφημίαν
804 1271 818 1284 ο
845 1256 1001 1308 αὐτοὶ
1025 1256 1084 1310 δέ
1114 1257 1214 1328 τὴν
1254 1257 1586 1327 φιλονεικίαν
1617 1257 1852 1328 ἔμμονον

262 1342 490 1412 ἔχοντες
527 1343 666 1414 πρὸς
702 1343 800 1416 τὴν
819 1346 1100 1417 ἀλήθειαν,
1133 1350 1208 1413 ὡς
1239 1349 1489 1420 γράφεις,
1526 1349 1709 1402 οὐκέτι
1754 1348 1852 1420 μὲν

262 1431 533 1486 ἀπὸ.τῶν
561 1435 791 1505 Γραφῶν
829 1434 960 1507 (οὐχ
987 1437 1299 1507 εὑρίσκουσι
1343 1439 1506 1512 γὰρ),
1527 1439 1634 1493 ἀπὸ
1662 1439 1718 1492 δὲ
1757 1437 1849 1491 τοῦ

263 1524 713 1595 περισσεύματος
754 1526 855 1596 τῆς
883 1527 1111 1597 καρδίας
1151 1529 1250 1599 τῆς
1296 1529 1431 1592 ίδίας
1466 1528 1848 1600 ἐρευγόμενοι,

264 1614 438 1668 πάλιν
467 1616 795 1686 φάσκουσιν⁸
826 1619 889 1672 Et
920 1619 993 1690 μὴ
1025 1619 1230 1690 κτίσμα
1253 1621 1402 1686 ἐστὶ,
1436 1622 1570 1692 μηδὲ
1605 1620 1710 1674 τῶν
1747 1621 1848 1687 ἁγ-

264 1703 450 1772 γέλων
495 1701 576 1769 εἷς
608 1708 777 1772 ἐστιν,
807 1708 921 1760 ἀλλ’
943 1709 1010 1762 ἐκ
1055 1707 1152 1762 τοῦ
1200 1711 1412 1782 Πατρὸς
1459 1707 1846 1780 ἐκπορεύεται·

262 1801 471 1856 οὐκοῦν
500 1801 628 1866 Υἱός
655 1803 770 1856 ἐστι
805 1802 899 1857 καὶ
928 1803 1061 1857 αὐτὸ
1093 1837 1110 1864 ,

268 1894 409 1946 αὐτό
432 1911 493 1947 τε
523 1894 618 1948 καὶ⁸
650 1896 678 1948 6
699 1896 890 1965 Λόγος,
917 1897 1027 1950 Καὶ
1061 1899 1111 1950 εί
1133 1898 1360 1969 ἀδελφός
1391 1904 1526 1966 ἐστι,
1557 1903 1674 1968 πῶς
1706 1923 1866 1976 μονο-

270 1986 444 2055 γενὴς
473 1987 502 2040 6
537 1986 730 2056 Λόγος,
765 1988 797 2058 ἦ
844 1988 962 2052 πῶς
985 1991 1087 2044 οὐκ
1121 1993 1245 2055 ἴσοι.
1269 1993 1433 2047 ams
1468 1995 1568 2066 μὲν
1608 1998 1745 2069 μετά
1773 2000 1866 2054 τὸν

271 2076 522 2148 Πατέρα,
553 2079 615 2131 τὸ
647 2079 705 2132 δὲ
741 2079 878 2150 μετά
907 2081 998 2135 τὸν
1030 2082 1155 2137 Υίόν
1183 2084 1508 2156 ὀνομάζεται
1569 2103 1585 2151 ;
1740 2088 1865 2154 Πῶς

267 2167 347 2234 δὲ,
386 2171 440 2222 εί
475 2171 539 2224 ἐκ
566 2170 662 2225 τοῦ
694 2173 908 2244 Πατρός
929 2175 1096 2238 ἐστιν,
1129 2176 1189 2228 ού
1227 2176 1443 2246 λέγεται
1474 2178 1570 2232 καὶ
1612 2179 1744 2233 αὐτὸ
1772 2197 1864 2249 γε-

267 2260 571 2332 γεννῆσθαι
601 2301 615 2327 ,
675 2263 708 2335 ἢ
741 2264 825 2318 ὅτι
872 2265 999 2330 Υίός
1029 2267 1196 2335 ἐστιν,
1252 2269 1366 2322 ἀλλ’
1399 2269 1586 2335 ἁπλῶς
1637 2271 1860 2344 Πνεῦμα

267 2351 469 2420 ἀγιον;
507 2354 569 2406 Et
612 2353 669 2407 δὲ
717 2355 812 2409 τοῦ
839 2356 970 2410 Υίοῦ
1003 2360 1119 2412 ἐστι
1153 2359 1214 2413 τὸ
1249 2361 1474 2433 Πνεῦμα
1535 2402 1551 2426 ,
1665 2364 1860 2418 οὐκοῦν

267 2445 504 2510 πάππος
531 2449 681 2502 ἐστὶν
713 2451 742 2503 6
771 2450 962 2522 Πατὴρ
984 2451 1079 2506 τοῦ
1106 2454 1443 2525 Πνεόματος.
1469 2457 1704 2510 Τοιαῦτα
1735 2457 1862 2511 παί-

268 2537 464 2600 ζουσιν
490 2539 540 2592 ot
570 2539 776 2612 ἄτιμοι,
803 2545 1290 2616 περιεργαζόμενοι
1311 2548 1403 2601 καὶ
1436 2547 1677 2614 θέλοντες
1701 2551 1859 2622 ἐρευ-

267 2630 364 2699 νᾷν
400 2630 474 2682 τὰ
517 2629 654 2702 βάθη
714 2631 810 2685 τοῦ
865 2633 1023 2698 Θεοῦ,
1058 2634 1094 2688 ἃ.
1150 2636 1340 2708 μηδεὶς
1370 2633 1543 2702 οἶδεν,
1579 2641 1629 2693 εί
1679 2641 1754 2711 μὴ
1798 2642 1860 2694 τὸ

268 2719 506 2792 Πνεῦμα
535 2722 629 2776 τοῦ
661 2723 796 2778 Θεοῦ
823 2725 882 2778 τὸ
909 2726 1362 2799 δυσφημούμενον
1459 2730 1564 2786 ὑπὸ
1633 2734 1854 2789 τούτων.

271 2812 428 2866 Ἔδει
463 2814 563 2884 μὲν
591 2811 686 2868 οὖν
711 2817 910 2887 μηκέτι
937 2818 1147 2884 τούτοις
1175 2821 1606 2893 ἀποκρίνασθαι,
1637 2824 1780 2878 κατά
1801 2824 1859 2878 δὲ

265 2904 362 2976 τὴν
396 2907 765 2980 ἀποστολικὴν
796 2911 1195 2981 παραγγελίαν,
1222 2913 1361 2984 μετά
1388 2915 1486 2985 τὴν
1502 2918 1566 2970 ἐκ
1593 2917 1700 2971 τῶν
1729 2935 1859 2988 προσ

266 2998 581 3068 ειρημένων
627 3000 909 3056 νουθεσίαν
955 3003 1032 3068 ὡς
1077 3007 1388 3075 αίρετικοὺς
1416 3007 1614 3072 αὐτοὺς
1655 3027 1856 3082 παραι-

265 3089 522 3152 τεῖσθαι,
569 3091 601 3161 ἢ
647 3093 774 3159 ἄξια
820 3088 894 3148 ὧν
929 3097 1206 3166 ἐρωτῶσιν
1241 3100 1450 3171 ἐρωτᾷν
1503 3102 1727 3167 αὐτοὺς,
1764 3103 1859 3158 καὶ

262 3181 525 3235 ἀπαιτεῖν
550 3201 620 3236 πα
632 3187 678 3256 ρ’
711 3186 892 3239 αὐτῶν
925 3188 1237 3261 ἀπόκρισιν,
1264 3191 1383 3244 οἵαν

263 3273 427 3343 ήμῶν
468 3275 812 3331 ἀπαιτοῦσιν.
845 3279 1170 3335 Είπάτωσαν
1203 3283 1381 3336 τοίνυν
1405 3300 1418 3313 '
1443 3285 1490 3336 εί
1522 3286 1550 3337 6
1572 3285 1763 3356 Πατὴρ
1794 3287 1857 3339 ἐκ

260 3364 474 3436 πατρὸς
501 3369 647 3432 ἐστι,
679 3369 774 3422 καὶ
800 3371 848 3422 εί
876 3370 1037 3436 ἄλλος
1064 3373 1162 3426 σὺν
1192 3373 1340 3444 αὐτῷ
1361 3375 1682 3447 γεγέννηται
1708 3417 1723 3442 ,
1763 3377 1858 3431 καί

260 3457 402 3510 εἰσιν
436 3456 655 3527 ἀδελφοὶ
683 3458 741 3525 ἐξ
776 3459 913 3526 ἐνὸς,
947 3462 1042 3514 καὶ
1068 3461 1119 3513 τί
1149 3463 1320 3533 ὄνομα
1354 3465 1534 3529 αὐτοῖς
1582 3503 1598 3528 ,
1759 3466 1856 3519 καί⁹

258 3546 341 3609 τίς
369 3549 404 3600 ὁ
454 3549 548 3600 καὶ
587 3547 792 3601 τούτων
839 3550 1029 3622 Πατὴρ
1065 3551 1162 3603 καὶ
1214 3552 1472 3616 πάππος,
1507 3553 1777 3608 κάκείνων
1805 3556 1855 3608 et

260 3638 559 3709 πρόγονοι;
605 3639 743 3692 Ἀλλ’
771 3640 872 3693 ούκ
901 3635 1042 3693 εἶναι
1072 3642 1326 3712 φήσουσι.
1351 3643 1477 3706 Πῶς
1519 3639 1612 3697 οὖν
1641 3644 1855 3717 Πατὴρ,

260 3726 595 3794 λεγέτωσαν,
631 3729 798 3793 αὐτὸς
833 3729 906 3802 μὴ
940 3730 1233 3802 γενόμενος
1401 3735 1465 3786 ἐκ
1500 3734 1748 3805 Πατρός;
1785 3735 1855 3787 Ἢ

259 3819 378 3882 πῶς
424 3819 666 3892 ἠδυνήθη
703 3821 830 3874 Υἱὸν
861 3821 1039 3893 ἔχειν,
1075 3823 1151 3894 μὴ
1204 3823 1470 3894 πρότερον
1513 3825 1675 3889 αὐτὸς
1725 3824 1856 3889 Υἱὸς

259 3907 546 3980 γεννηθείς
565 3925 580 3974 ;
598 3905 748 3975 Οἶδα,
769 3913 852 3965 ὃτι
871 3912 1073 3984 ἀσεϐὴς
1096 3915 1129 3985 ή
1149 3912 1418 3985 ἐρώτησις
1443 3931 1458 3945 θ
1477 3915 1613 3970 ἀλλὰ
1633 3915 1852 3970 τοιαῦτα

259 3998 556 4062 παίζοντας
609 4001 806 4064 αὐτοὺς
856 4000 1072 4066 παίζειν
1119 4003 1350 4067 δίκαιον,
1396 4003 1484 4057 ἵνα
1533 4003 1635 4058 κᾶν
1664 4005 1730 4058 ἐκ
1756 4003 1856 4074 τῆς

257 4089 518 4161 τοιαύτης
534 4091 766 4156 ἀτοπίας
787 4093 882 4146 καὶ⁵
898 4091 1131 4155 ἀσεϐοῦς
1154 4094 1478 4164 ἐρωτήσεως
1500 4093 1854 4149 αἰσθάνεσθαι

255 4181 351 4254 τῆς
389 4182 528 4245 ίδίας
565 4183 879 4255 ἀφροσύνης
911 4183 1199 4238 δύνωνται.
1240 4185 1354 4238 Οὐκ
1378 4184 1496 4238 ἐστι
1528 4186 1637 4257 γὰρ
1659 4185 1853 4240 ταῦτα·

264 4271 336 4344 μὴ
362 4273 614 4343 γένοιτοί
656 4274 763 4328 οὐδ’
813 4274 988 4340 οὕτως
1036 4275 1250 4348 ἐρωτᾷν
1301 4277 1431 4349 περὶ
1471 4277 1573 4347 τῆς
1601 4277 1855 4350 θεότητος

257 4367 479 4436 πρέπει.
509 4367 622 4422 Ούκ
653 4367 768 4421 ἔστι
792 4367 902 4440 γὰρ
938 4368 1015 4431 ὡς
1061 4368 1348 4440 ἄνθρωπος
1391 4371 1420 4422 6
1460 4369 1614 4436 Θεὸς,
1652 4370 1740 4422 ἵνα
1759 4369 1854 4423 καὶ

259 4459 581 4531 ἀνθρώπινα
606 4460 736 4531 περὶ
765 4459 930 4514 αὑτοῦ
953 4478 1039 4523 τις
1067 4459 1312 4534 τολμήσῃ
1341 4461 1571 4533 ἐρωτᾷν.

474 4725 697 4795 Σιωπᾷν
740 4724 839 4795 μὲν
872 4720 996 4788 οὖν,
1044 4725 1120 4788 ῶς
1153 4725 1446 4796 προεῖπον,
1479 4723 1575 4777 ἐπὶ
1616 4723 1848 4791 τούτοις,

261 4816 354 4871 καὶ
393 4817 470 4889 μὴ
515 4818 926 4888 προσποιεῖσθαι
967 4819 1094 4883 τοὺς
1134 4818 1415 4883 τοιούτους
1461 4819 1568 4872 ἔδει
1592 4835 1606 4849 ο
1662 4819 1750 4873 ἵνα
1792 4818 1852 4874 δὲ

266 4912 338 4982 μὴ
387 4910 421 4979 ἡ
473 4909 630 4980 ήμῶν
683 4912 861 4982 σιωπὴ
918 4913 1189 4984 πρόφασιν
1239 4913 1619 4984 ἀναισχυντίας
1668 4913 1852 4978 αὐτοῖς

263 5001 567 5074 ἐμποιήσῃ,
617 5002 964 5056 ἀκουέτωσαν
991 5020 1006 5035 ο
1042 5003 1254 5076 Ὥσπερ
1302 5004 1403 5057 οὐκ
1441 5003 1588 5058 ἐστιν
1621 5004 1716 5057 ἐπὶ
1755 5003 1850 5058 τοῦ

265 5093 482 5163 Πατρὸς
520 5095 695 5148 είπεῖν
730 5095 985 5166 πατέρα,
1039 5095 1215 5159 ούτως
1268 5096 1369 5150 οὐκ
1416 5096 1561 5150 ἔστιν
1613 5096 1708 5149 ἐπὶ
1755 5095 1849 5149 τοῦ

265 5181 396 5237 Υἱοῦ
433 5185 608 5237 είπεῖν
655 5186 904 5256 ἀδελφόν.
942 5186 1049 5240 Τοῦ
1104 5187 1204 5257 μὲν
1232 5187 1342 5260 γὰρ
1374 5189 1607 5260 Πατρὸς,
1639 5189 1716 5252 ὼς
1755 5188 1850 5258 γέ-

264 5291 511 5344 γραπται
549 5277 880 5350 ἔμπροσθεν,
907 5279 1066 5344 ἄλλος
1094 5280 1227 5344 Θεὸς
1263 5283 1324 5334 ού
1354 5281 1577 5350 γέγονεν
1601 5298 1615 5312 ο
1637 5281 1766 5344 Υἱὸς
1793 5281 1850 5334 δὲ

266 5368 364 5420 οὐκ
406 5367 556 5422 ἐστιν
590 5369 749 5435 ἀλλος
779 5389 792 5402 ·
832 5371 1129 5443 μονογενὴς
1160 5371 1269 5442 γάρ
1297 5373 1448 5424 ἐστι·
1493 5372 1574 5425 διὸ
1608 5371 1702 5426 καὶ
1750 5371 1850 5443 μό-

267 5477 354 5526 νος
384 5464 481 5517 καὶ
505 5459 586 5529 εἷς
613 5465 642 5516 6
679 5463 870 5536 Πατήρ
925 5501 942 5529 ,
1093 5464 1254 5534 μόνου
1296 5465 1390 5519 καὶ
1419 5464 1538 5528 ἐνὸς
1566 5463 1697 5518 Υίοῦ
1737 5465 1850 5517 Πα-

263 5555 368 5626 τήρ
393 5558 509 5609 ἐστι
537 5573 550 5586 ·
581 5556 675 5610 καὶ
708 5557 801 5610 ἐπὶ⁷
841 5555 1008 5627 μόνης
1034 5555 1134 5626 τῆς
1166 5557 1418 5628 θεότητος
1448 5557 1508 5612 τὸ
1538 5557 1728 5630 Πατὴρ
1753 5556 1849 5612 καί⁵

264 5647 326 5700 τὸ
355 5648 483 5711 Υἱὸς
510 5646 742 5719 ἕστηκεν
766 5647 854 5701 ἀεὶ
881 5646 974 5701 καὶ
1012 5645 1148 5701 ἐστι.
1197 5647 1318 5702 Τῶν
1363 5649 1462 5720 μὲν
1488 5649 1598 5722 γὰρ
1638 5649 1848 5722 ἀνθρώ-

262 5755 378 5793 πων
409 5741 458 5794 εἰ
488 5741 672 5812 πατὴρ
700 5739 918 5810 λέγεταί
950 5758 1056 5807 τις,
1097 5739 1213 5794 ἀλλ’
1245 5739 1432 5814 ἐτέρου
1461 5743 1681 5811 γέγονεν
1709 5743 1842 5807 υίός⁸

347 5927 362 5958 ⁸
401 5923 503 5981 Tit.
533 5938 612 5991 ιιι,
673 5924 758 5982 l0.

2147 1073 2333 1144 itaque
2373 1076 2420 1130 is
2451 1075 2582 1130 mihi
2623 1076 2834 1132 videtur
2861 1091 2982 1132 esse
3014 1093 3208 1135 sensus
3238 1077 3530 1149 Scriptura

1958 1181 2150 1229 sacrae,
2184 1183 2292 1235 quo
2323 1168 2479 1238 plane
2509 1170 2726 1224 illorum
2752 1170 3016 1227 adversus
3042 1171 3304 1241 Spiritum
3337 1174 3530 1243 impie-

1958 1267 2042 1312 tas
2077 1259 2406 1316 validissime
2434 1261 2724 1317 refutatur.
2752 1260 2954 1318 Verum
2993 1263 3154 1318 iidem
3199 1265 3276 1318 illi
3316 1266 3528 1320 veritati

1956 1351 2234 1406 adversari
2260 1362 2513 1424 pergunt,
2534 1362 2589 1408 ut
2620 1355 2838 1421 scribis,
2859 1371 2964 1410 non
2981 1356 3092 1426 jam
3117 1373 3183 1411 ex
3209 1354 3526 1426 Scripturis,

1955 1444 2151 1513 quippe
2179 1446 2274 1516 qui
2306 1447 2440 1501 nihil
2471 1448 2543 1501 ibi
2574 1448 2873 1509 inveniant,
2902 1448 2994 1504 sed
3021 1463 3084 1503 ex
3115 1449 3316 1518 proprii
3349 1449 3528 1504 cordis

1956 1537 2315 1594 redundantia
2352 1541 2466 1594 hmc
2510 1556 2706 1595 rursus
2753 1549 3046 1595 eructant:
3083 1541 3139 1595 Si
3175 1541 3410 1611 Spiritus
3440 1556 3527 1596 res

1954 1638 2134 1682 creata
2169 1646 2274 1685 non
2303 1641 2405 1695 est,
2453 1648 2628 1701 neque
2660 1648 2802 1687 unus
2833 1647 2900 1688 ex
2931 1633 3160 1704 angelis,
3197 1632 3291 1688 sed
3325 1647 3391 1686 ex
3419 1631 3524 1686 Pa-

1957 1727 2036 1774 tre
2082 1723 2366 1790 procedit:
2402 1725 2566 1793 igitur
2612 1722 2782 1779 Filius
2832 1741 3047 1794 quoque
3096 1725 3212 1794 ipse
3261 1723 3523 1779 dicendus

1245 1807 1342 1860 καὶ
1366 1806 1460 1860 δύο
1486 1809 1704 1878 ἀδελφοί
1729 1813 1854 1867 είσιι

1944 1807 2043 1861 rat,
2081 1800 2412 1870 proindeque
2465 1801 2574 1856 duo
2609 1814 2738 1856 sunt
2780 1803 2998 1868 fratres,
3054 1805 3172 1874 ipse
3211 1809 3422 1865 scilicet
3469 1823 3525 1866 et
3635 1871 3638 1874 ,

1945 1885 2199 1945 Verbum.
2255 1889 2407 1958 Quod
2463 1892 2508 1947 si
2547 1891 2714 1949 frater
2749 1904 2884 1961 est,
2922 1898 3015 1963 qui
3071 1897 3186 1952 fieri
3241 1909 3416 1968 potest
3469 1915 3529 1958 ut

1941 1982 2278 2054 unigenitum
2329 1985 2401 2040 sit
2434 1984 2694 2047 Verbum.
2732 1989 2814 2042 vel
2854 1997 2912 2044 ut
2958 1992 3196 2060 aequales
3243 2009 3349 2048 non
3395 1997 3524 2060 sint,

1941 2074 2034 2126 sed
2070 2073 2157 2129 hic
2190 2087 2313 2143 post
2344 2074 2582 2144 Patrem,
2628 2077 2718 2132 ille
2769 2090 2890 2148 post
2937 2079 3136 2135 Filium
3179 2085 3529 2141 nominetur?

1944 2162 1999 2216 Si
2032 2163 2160 2218 item
2191 2181 2257 2218 ex
2294 2165 2450 2221 Patre
2480 2177 2583 2231 est,
2616 2184 2716 2223 cur
2759 2186 2866 2224 non
2913 2181 2967 2226 et
3002 2172 3118 2242 ipse
3165 2175 3401 2244 genitus,
3426 2189 3527 2232 aut

1939 2253 2112 2311 Filius
2139 2271 2283 2322 esse,
2312 2258 2404 2312 sed
2431 2258 2750 2330 simpliciter
2774 2259 3011 2331 Spiritus
3043 2275 3266 2321 sanctus
3294 2269 3528 2324 dicitur?

1941 2345 2204 2418 Denique,
2238 2349 2282 2405 si
2316 2348 2435 2403 Filii
2469 2351 2682 2406 dicatur
2709 2369 2830 2408 esse
2877 2353 3116 2424 Spiritus
3149 2375 3162 2410 :
3199 2357 3360 2413 Pater
3393 2377 3525 2431 ergo

1938 2453 2073 2494 avus
2105 2449 2190 2495 est
2231 2439 2466 2510 Spiritus
2504 2445 2699 2500 sancti.
2752 2444 2877 2501 ch
2928 2449 3226 2517 turpissimi
3275 2451 3525 2508 homines

1939 2531 2244 2588 cavillando
2287 2533 2585 2599 eliutiunt,
2641 2537 2736 2606 qui
2787 2538 3062 2593 curiosius
3113 2541 3380 2610 profunda
3432 2543 3524 2598 Dei

1939 2623 2174 2676 scrutari
2225 2633 2514 2690 conantur,
2563 2642 2685 2696 quae
2730 2643 2890 2681 nemo
2937 2630 3088 2684 novit
3139 2632 3244 2686 nisi
3288 2631 3525 2701 Spiritus

1938 2712 2056 2778 Dei,
2090 2713 2158 2768 de
2188 2731 2296 2785 quo
2341 2717 2417 2770 illi
2469 2726 2579 2772 tam
2620 2720 2782 2788 impie
2834 2722 3099 2788 sentiunt,
3143 2724 3344 2793 quibus
3388 2724 3524 2779 nihil

1937 2804 2172 2874 amplius
2212 2807 2543 2876 respondere
2575 2824 2794 2879 azquum
2828 2826 2962 2868 sane
2993 2825 3171 2879 esset;
3203 2815 3296 2869 sed
3327 2830 3524 2870 secun-

1937 2895 2066 2948 dum
2099 2897 2344 2966 Apostoli
2375 2909 2703 2970 praeceptum
2755 2905 2803 2968 ⁸,
2836 2912 2958 2972 post
2989 2906 3298 2974 praedictam
3333 2909 3524 2961 admu-

1938 2987 2224 3057 niti0nem,
2246 3001 2506 3061 tanquam
2531 2993 2770 3049 hmretici
2804 2995 3007 3050 vitandi
3039 3009 3248 3052 essent:
3273 2999 3352 3053 vel
3379 3009 3526 3056 certe

1941 3089 2000 3133 ut
2029 3097 2129 3137 nos
2165 3082 2523 3156 interrogant,
2562 3086 2641 3141 sic
2667 3101 2764 3141 eos
2792 3102 2821 3140 a
2855 3087 3015 3142 nobis
3043 3087 3368 3160 interrogari
3399 3099 3528 3160 dpe-

1553 3193 1706 3247 αὐτοὶ
1726 3195 1854 3266 παρ’

1941 3187 2010 3225 ta:
2040 3173 2273 3241 pretium
2319 3174 2502 3242 fuerit,
2537 3177 2790 3248 idemque
2825 3194 2926 3234 nos
2956 3179 3024 3233 al)
3058 3180 3164 3234 illis
3197 3196 3518 3251 responsum

1935 3265 2247 3335 elllagitare,
2282 3271 2426 3338 quod
2480 3269 2559 3324 illi
2600 3286 2631 3326 a
2671 3273 2834 3328 nobis
2863 3272 3106 3344 exigunt.
3137 3272 3522 3344 Respondeant

1935 3355 2120 3425 igitur,
2151 3365 2333 3412 utrum
2369 3358 2530 3416 Pater
2564 3376 2631 3416 ex
2677 3374 2832 3432 patre
2863 3362 2954 3424 sit,
2981 3372 3037 3417 et
3063 3379 3192 3418 num
3223 3365 3364 3420 alius
3393 3381 3517 3420 cum

1937 3447 2030 3502 illo
2255 3451 2470 3520 genitus
2515 3451 2696 3518 fuerit,
2729 3453 2947 3523 sintque
3000 3469 3070 3508 ex
3122 3471 3231 3510 uno
3281 3455 3518 3524 fratres,

1933 3540 2204 3611 qualeque
2237 3559 2436 3598 nomen
2473 3545 2581 3600 illis
2618 3547 2726 3600 sit?
2761 3545 2894 3612 Quis
2924 3546 3050 3600 item
3077 3561 3265 3600 eorum
3294 3558 3446 3618 pater
3467 3559 3522 3604 et

1933 3647 2089 3698 avus,
2123 3633 2216 3703 qni
2246 3635 2475 3704 proavi?
2507 3637 2672 3705 Atqui
2718 3638 2900 3694 nullos
2937 3655 3059 3695 esse
3088 3639 3517 3708 respondebunt.

1933 3717 2115 3784 Quare
2139 3736 2268 3792 ergo
2292 3720 2452 3777 Pater
2482 3725 2551 3778 ab
2583 3725 2688 3780 illis
2719 3727 2938 3792 dicitur,
2964 3727 3056 3796 qui
3095 3727 3237 3782 idem
3264 3744 3330 3782 ex
3357 3727 3518 3782 Patre

1934 3826 2043 3864 non
2091 3811 2164 3866 sit
2211 3813 2526 3869 ortus?Vel
2564 3817 2657 3886 qui
2692 3816 2889 3872 Filium
2935 3819 3137 3874 habere
3182 3821 3380 3890 potuit,
3425 3821 3522 3890 qui

1936 3904 2052 3973 ipse
2105 3905 2259 3975 prius
2305 3907 2478 3964 Filius
2511 3924 2622 3965 non
2658 3908 2764 3966 fuit
2807 3912 3051 3981 genitus?
3083 3911 3345 3982 Equidem
3411 3929 3520 3968 non

1935 4009 2022 4049 me
2065 3993 2206 4066 fugit
2234 3996 2337 4052 ista
2375 3995 2654 4068 inquirere
2697 3997 2851 4054 nefas
2881 3999 3108 4054 omnino
3136 4014 3276 4054 esse.
3316 3996 3519 4053 Verum

1935 4084 2082 4140 haud
2109 4086 2178 4142 ab
2207 4102 2267 4142 re
2294 4085 2465 4144 fuerit
2501 4088 2578 4144 ita
2608 4089 2966 4144 illudentibus
2999 4089 3240 4145 vicissim
3271 4089 3519 4154 illudere,

1934 4183 1996 4228 ut
2043 4175 2237 4230 saltem
2274 4191 2342 4231 ex
2393 4177 2709 4248 hujusmodi
2738 4179 2975 4235 absurda
3009 4191 3064 4236 et
3092 4181 3257 4250 impia
3291 4181 3524 4235 interro-

1932 4265 2155 4333 gatione
2205 4266 2482 4336 propriam
2532 4270 2905 4339 insipientiam
2957 4271 3236 4340 percipere
3283 4272 3518 4325 valeant.

1933 4355 2045 4412 Nec
2074 4357 2219 4412 enim
2247 4356 2341 4413 illa
2379 4359 2493 4413 ullo
2524 4360 2688 4416 modo
2737 4371 2868 4416 sunt
2905 4380 2920 4417 :
2972 4361 3115 4416 absit
3146 4363 3159 4414 ι
3200 4376 3377 4430 neque
3407 4361 3523 4416 haec

1933 4449 2002 4505 de
2054 4450 2338 4506 divinitate
2389 4452 2662 4512 sciscitari
2711 4454 2884 4509 decet.
2943 4451 3221 4523 Siquidem
3269 4468 3377 4507 non
3437 4461 3524 4508 est

1871 4541 1916 4597 D
1936 4541 2075 4598 Deus
2101 4542 2298 4598 similis
2325 4543 2638 4615 hominum,
2667 4557 2730 4601 ut
2768 4546 2872 4603 ista
2904 4547 3146 4602 humana
3175 4547 3244 4602 de
3277 4546 3371 4600 illo
3397 4561 3523 4616 per-

1931 4634 2143 4690 eontari
2166 4635 2292 4705 quis
2324 4636 2542 4692 audeat.

2137 4726 2349 4796 Itaque,
2384 4736 2443 4782 ut
2467 4727 2580 4798 jam
2612 4729 2819 4797 monui,
2857 4729 3135 4785 silentium
3178 4729 3233 4783 in
3261 4728 3347 4783 his
3373 4743 3526 4798 quaa-

1933 4817 2206 4874 stionibus
2253 4833 2496 4888 servare,
2541 4829 2595 4876 et
2651 4821 2968 4890 hujusmodi
3007 4821 3225 4876 illorum
3279 4821 3524 4890 argutias

1934 4911 2283 4967 dissimulare
2309 4911 2484 4967 satius
2505 4922 2652 4968 certe
2687 4913 2873 4968 fuerit.
2908 4912 3300 4968 Verumtamen
3330 4926 3398 4966 ne
3428 4927 3526 4968 no-

1935 5011 2111 5058 strum
2147 5003 2424 5058 silentium
2458 5004 2684 5075 majoris
2729 5005 2866 5076 ipsis
2913 5005 3006 5059 fiat
3051 5005 3403 5074 impudentia:
3433 5019 3529 5060 oc-

1935 5093 2130 5160 casio,
2188 5093 2302 5147 haec
2350 5093 2458 5150 illis
2504 5110 2770 5166 reponere
2816 5111 2927 5151 non
2978 5099 3270 5167 gravabor.
3321 5093 3529 5165 Nempe

1937 5185 2402 5256 quemadmodum
2439 5185 2622 5243 Patris
2667 5197 2878 5258 patrem
2939 5189 3125 5244 dicere
3168 5205 3276 5244 non
3333 5204 3532 5258 possu-

1939 5293 2084 5342 mus,
2115 5277 2187 5332 ita
2215 5292 2316 5332 nec
2344 5277 2464 5334 Filii
2498 5279 2744 5336 fratrem.
2773 5279 3020 5349 Namque
3052 5281 3252 5345 Patris,
3291 5290 3350 5334 ut
3373 5290 3534 5336 antea

1939 5369 2146 5424 dictum
2174 5375 2280 5431 est,
2321 5369 2463 5425 alius
2507 5370 2649 5427 Deus
2679 5371 2862 5426 nullus
2897 5371 3000 5425 fuit
3027 5389 3041 5424 :
3069 5386 3171 5426 nec
3202 5371 3348 5425 ullus
3373 5369 3539 5424 simi--

1939 5463 2067 5520 liter
2099 5463 2243 5520 alius
2288 5472 2374 5519 est
2417 5463 2564 5518 titius
2588 5479 2601 5516 :
2629 5464 2945 5534 unigenitus
2987 5461 3134 5517 enim
3165 5471 3270 5517 est.
3296 5459 3534 5516 Proinde

1939 5566 1995 5612 et
2027 5559 2180 5615 solus
2210 5569 2266 5615 et
2290 5573 2435 5614 unus
2461 5555 2644 5621 Pater,
2674 5555 2845 5611 solius
2879 5563 2935 5609 et
2969 5553 3134 5608 unius
3167 5552 3290 5609 Filii
3323 5562 3409 5609 est
3429 5551 3535 5610 Pa-

1941 5657 2046 5715 ter,
2079 5659 2243 5718 atque
2269 5648 2407 5704 adeo
2446 5647 2501 5700 in
2541 5645 2658 5702 sola
2682 5645 2968 5700 divinitate
2991 5657 3208 5714 semper
3251 5651 3308 5700 et
3346 5653 3432 5701 est
3475 5653 3532 5700 et

1943 5740 2046 5796 fuit
2070 5739 2232 5797 Pater
2271 5757 2337 5797 ac
2378 5738 2573 5795 Filius.
2630 5738 2765 5794 Nam
2805 5737 3023 5796 tametsi
3071 5737 3213 5795 inter
3271 5737 3524 5797 homines
