3768 6548
388 400 490 466 711
1633 388 1876 451 EUTHY

2109 386 2237 446 IGA
2248 387 2398 449 BEN
2402 386 2428 447 ῐ
3512 390 3592 449 712

392 514 631 569 Patrem.
671 512 855 577 Pater,
890 508 1161 580 inquiens,
1194 524 1287 577 ego
1320 516 1367 560 te
1398 506 1695 574 clariﬁcovi
1750 506 1790 570 ⁸,
1845 503 1880 557 S

2108 503 2342 568 ιπέλθω,
2370 502 2737 557 ἀποστέλλω
2766 501 2875 556 τὸν
2903 500 3319 568 Παράκλητον.
3348 500 3447 555 Καὶ
3471 504 3494 554 6
3519 505 3596 574 μὲν

391 608 530 661 ritus
566 616 746 660 autem
774 603 967 658 Filium
997 601 1264 657 clariﬁcat
1298 619 1311 655 :
1338 600 1440 655 Ille
1465 601 1630 664 enim,
1668 598 1863 667 inquit,

2110 596 2212 659 ."i6c
2249 597 2341 649 τὸν
2396 596 2618 666 Πατέρα
2667 592 2886 659 δοξάζει
2932 592 3133 659 λέγων,
3170 589 3370 659 Πάτερ,
3401 593 3500 661 ἐγὼ
3541 613 3598 651 σε

390 695 837 766 rlariﬁcabit’.Et
865 695 1074 750 Filius:
1109 692 1261 759 Qum,
1296 693 1494 763 inquit,
1521 692 1701 746 audivi
1729 708 1759 744 a
1791 689 1872 744 Pa

2113 687 2367 754 δόξασα,
2408 688 2473 742 τὸ
2502 686 2572 740 δὲ
2597 685 2842 755 Πνεῦμα
2872 682 3106 750 δοξάζει
3133 686 3237 737 τὸν
3275 685 3420 737 Υίόν.
3457 686 3601 740 Ἐκεῖ-

396 793 497 846 illa
522 792 681 846 etiam
713 790 899 858 loquor
924 789 979 842 in
1012 792 1208 843 mundo
1233 789 1275 841 ³.
1309 786 1546 857 Spiritus
1577 796 1759 840 autem
1790 800 1818 836 a
1842 781 1882 836 F

2114 798 2188 847 ὀς
2217 778 2351 849 γὰρ,
2387 781 2580 851 φησὶν,
2619 778 2727 849 ἐμὲ
2748 775 3022 844 δοξάσει.
3059 774 3172 828 Καὶ
3197 773 3226 825 6
3258 774 3352 844 μὲν
3380 774 3493 841 Υίός
3521 796 3602 848 φη-

391 885 623 953 accipit:
647 882 729 937 Ex
759 897 841 937 me
865 883 1027 947 enim,
1055 881 1253 951 inquit,
1287 881 1529 949 accipiet,
1555 887 1606 933 et
1638 878 1879 931 annuntii

2122 890 2190 939 ιν,
2229 875 2299 928 Ἀ
2361 872 2605 943 ἥκουσα
2645 872 2807 940 παρὰ
2851 871 2960 926 τοῦ
3013 867 3267 937 Πατρός,
3313 867 3494 922 ἐκεῖνα
3530 872 3604 924 καί

391 978 532 1030 vobis
554 976 599 1029 δ.
646 976 712 1030 Et
744 975 917 1031 Filius
971 974 1188 1046 quidem
1233 973 1384 1027 venit
1417 971 1471 1026 in
1519 969 1735 1025 nomine
1779 967 1877 1022 Pal

2117 964 2252 1020 ἰαλῶ
2288 967 2378 1031 είς
2419 972 2530 1022 τὸν
2563 963 2823 1033 κόσμον,
2853 964 2916 1017 τὸ
2945 962 3004 1017 δὲ
3043 960 3269 1029 Πνεῦμα
3299 962 3359 1013 ὲκ
3404 961 3485 1014 τοῦ
3503 962 3605 1016 Υίοῦ

398 1068 477 1122 De
536 1065 742 1137 Spiritu
793 1076 989 1123 sancto
1040 1074 1246 1129 autem,
1300 1067 1469 1130 Quem
1524 1065 1717 1126 mittet,
1772 1060 1886 1128 inqr

2117 1056 2374 1129 αμδάνει.
2423 1055 2519 1109 Ἐκ
2547 1056 2653 1112 τοῦ
2696 1055 2845 1127 ἐμοῦ
2877 1054 3011 1126 γὰρ,
3043 1054 3198 1124 φησι,
3242 1051 3503 1121 λήψεται,
3530 1056 3605 1108 καί

397 1161 563 1215 Pater
593 1162 648 1214 in
672 1160 882 1213 nomine
932 1175 1047 1213 meo
1077 1159 1122 1212 ⁸.
1173 1155 1359 1226 Itaque
1386 1171 1508 1211 cum
1563 1155 1723 1209 talem
1787 1152 1885 1207 hab

2121 1150 2415 1224 ιναγγελεῖ
2441 1151 2607 1221 ὑμῖν.
2643 1152 2756 1206 Καὶ
2778 1150 2808 1204 6
2845 1150 2945 1221 μὶν
2971 1147 3099 1212 Υἱὸς
3126 1147 3187 1200 ἐν
3212 1144 3289 1216 τῷ
3317 1144 3519 1215 ὀνόματι
3538 1149 3609 1200 τοῦ

395 1254 646 1308 ordinem
696 1262 751 1308 et
797 1262 1046 1307 naturam
1101 1266 1221 1307 cum
1275 1250 1413 1304 Filio
1469 1246 1724 1319 Spiritus,
1768 1246 1883 1315 qua]

2121 1248 2304 1318 [ατρὸς
2333 1242 2467 1319 ἦλθε
2494 1258 2513 1276 ⁶
2564 1244 2696 1317 περὶ
2744 1243 2802 1298 δι
2858 1241 2951 1297 τοῦ
2991 1240 3312 1310 Πνεῦματος
3354 1238 3441 1291 τοῦ
3469 1240 3609 1308 ἁγίου,

401 1346 568 1401 habet
609 1360 732 1399 cum
781 1344 946 1399 Patre
996 1344 1185 1408 Filius,
1241 1342 1333 1412 qui
1378 1340 1495 1396 ﬁeri
1528 1348 1726 1410 potest,
1781 1348 1841 1393 ut

2122 1343 2281 1413 μησὶν,
2318 1343 2393 1395 ⁸0
2423 1339 2647 1410 πέμψει
2678 1341 2712 1394 ό
2756 1337 2965 1406 Πατὴρ
3009 1336 3083 1390 ἐν
3111 1333 3195 1400 τῷ
3240 1332 3470 1401 ὀνόματί
3502 1350 3610 1400 μου.

402 1436 668 1505 Spiritum
711 1445 953 1491 creatum
996 1435 1150 1501 dicit,
1201 1450 1306 1488 non
1363 1433 1508 1488 idem
1558 1430 1868 1487 necessario

2127 1433 2362 1505 ὀιαύτην
2386 1433 2446 1489 δὲ
2474 1432 2630 1499 τάξιν
2662 1432 2760 1486 καὶ
2789 1431 2955 1500 φύσιν
2983 1428 3201 1500 ἔχοντος
3228 1424 3321 1480 τοῦ
3349 1423 3615 1494 Πνεῦματος

404 1528 542 1583 Filio
570 1528 813 1583 sentiat?
842 1526 976 1582 Nam
1011 1528 1057 1582 si
1090 1527 1211 1582 Filii
1247 1525 1484 1596 Spiritus
1509 1536 1725 1581 creatus
1759 1533 1868 1591 est,

2124 1529 2228 1601 πρὸς
2260 1528 2353 1583 τὸν
2394 1528 2546 1594 Υὶὸν,
2577 1527 2698 1583 οῐαν
2728 1527 2756 1580 6
2791 1525 2919 1587 Υίδς
2969 1521 3084 1593 ἔχει
3114 1520 3255 1591 πρὸς
3298 1518 3386 1572 τδν
3418 1518 3612 1587 Πατέρα,

403 1621 590 1688 quitur
622 1629 679 1674 ut
706 1619 881 1674 Patris
910 1633 1128 1689 quoque
1157 1615 1396 1673 Verbum
1432 1625 1676 1673 creatum
1718 1628 1891 1669 assert

2124 1621 2214 1684 τῶς
2252 1623 2280 1676 6
2315 1620 2477 1674 τοῦτο
2532 1618 2739 1689 κτίσμα
2789 1616 2966 1684 λέγων
3002 1614 3064 1668 οῦ
3101 1612 3166 1666 τὸ
3209 1610 3341 1666 αὐτὸ
3375 1610 3463 1664 καὶ
3510 1612 3612 1676 περὶ

401 1711 555 1776 Quod
601 1712 644 1766 si
701 1728 821 1768 cum
852 1712 987 1766 Ario
1034 1712 1249 1780 quidem
1298 1710 1503 1766 sentire
1566 1723 1628 1765 se
1676 1716 1889 1777 negant,

2130 1715 2190 1768 οῦ
2233 1712 2367 1767 Υίοῦ
2428 1711 2488 1778 ἐξ
2538 1712 2791 1779 ἀνάγκης
2847 1708 3150 1777 φρονήσει;
3191 1705 3253 1757 Ei
3297 1703 3401 1773 γάρ
3436 1702 3535 1754 ἔστι
3575 1701 3618 1754 τδ

406 1801 613 1869 Spiritu
664 1812 843 1856 autem
891 1801 1018 1857 talia
1078 1801 1303 1879 dicunt,
1347 1802 1553 1871 fugiant
1603 1800 1769 1855 etiam
1822 1799 1894 1867 ips

2131 1809 2324 1875 Ινεῦμα
2354 1806 2450 1861 τοῦ
2487 1804 2618 1858 Υίοῦ
2659 1805 2890 1873 κτίσμα,
2940 1797 3240 1854 ἀκόλουθον
3274 1796 3338 1850 ἂν
3367 1794 3449 1862 εἴη
3476 1794 3619 1861 λέγειν

404 1895 590 1955 verba.
625 1909 723 1948 nec
756 1895 918 1964 impie
950 1896 1017 1949 de
1051 1895 1257 1964 Spiritu
1286 1876 1573 1948 sentiant.
1624 1890 1888 1959 Quemadt

2138 1867 2299 1963 ὑτοῦς
2316 1900 2410 1952 καὶ⁸
2434 1897 2528 1952 τὸν
2575 1897 2751 1966 Λόγον
2779 1867 2874 1949 τοῦ
2930 1893 3150 1961 Πατρδς
3178 1885 3320 1943 εἶναι
3346 1887 3550 1956 κτίσμα.
3572 1889 3619 1941 Οἱ

403 1984 530 2036 dum
581 1984 724 2037 enim
775 1984 946 2040 Filius
981 1986 1032 2039 in
1087 1984 1248 2040 Patre
1292 1985 1585 2049 exsistenl,
1643 1984 1696 2038 iu
1749 1997 1859 2052 quo

2132 1989 2153 2042 ὲ
2186 1988 2255 2042 τὰ
2294 1989 2506 2059 Ἀρείου
2545 1987 2644 2057 μὲν
2672 1985 2747 2058 μὴ
2771 1982 3243 2054 προσποιούμενοι
3277 1979 3502 2048 φρονεῖν,
3524 1979 3620 2046 περὶ

403 2076 566 2130 etiam
596 2075 774 2143 Pater,
807 2087 1024 2133 creatus
1058 2093 1163 2132 nou
1194 2085 1303 2144 est,
1334 2078 1429 2132 sed
1465 2076 1717 2147 proprius
1745 2090 1891 2132 esset

2134 2080 2288 2135 ὲτοῦ
2348 2080 2673 2150 Πνεῦματος
2729 2077 2962 2131 τοιαῦτα
2993 2074 3275 2144 λέγοντες,
3331 2070 3622 2140 φευγέτωσαν

406 2165 608 2232 Patris,
656 2167 708 2222 id
754 2169 899 2223 enim
942 2178 996 2224 et
1032 2185 1128 2224 vos
1160 2170 1344 2224 direre
1391 2168 1684 2233 simulatis,
1731 2170 1810 2222 sic
1862 2167 1894 2221 it

2137 2174 2192 2227 ai
2223 2173 2290 2227 τὰ
2321 2172 2536 2227 ἐκείνου
2571 2173 2817 2243 ῥήματα,
2868 2169 2964 2223 καὶ
3002 2168 3080 2239 μὴ
3108 2165 3460 2235 ἀσεόήτωσαν
3490 2160 3555 2221 εις
3581 2160 3623 2210 τὸ

407 2259 671 2328 Spiritum
708 2262 761 2314 in
796 2261 932 2316 Filio
966 2264 1356 2329 cxsistentem,
1394 2262 1445 2317 in
1480 2277 1587 2332 quo
1610 2269 1664 2316 et
1692 2260 1895 2315 Filiust

2136 2264 2348 2336 ῐνεῦμα.
2383 2265 2599 2337 Ὠσπερ
2630 2265 2741 2336 γὰρ
2773 2266 2801 2318 6
2835 2261 2963 2323 Υἱὸς
3003 2263 3064 2314 ἑν
3102 2259 3186 2329 τῷ
3211 2254 3383 2326 Πατρὶ
3417 2254 3502 2315 ὣν,
3526 2245 3624 2318 ἑνῷ

410 2350 568 2407 nefas
600 2362 683 2406 est
707 2352 852 2408 inter
882 2368 971 2409 res
1000 2365 1315 2424 procreatas
1344 2366 1655 2418 numerare,
1690 2368 1719 2406 a
1747 2352 1898 2406 Filim

2137 2360 2193 2413 αἱ
2228 2361 2258 2413 6
2290 2360 2479 2429 Πατήρ
2515 2359 2656 2423 ἐστι,
2694 2356 2796 2410 οὐκ
2846 2355 2965 2409 ἔστι
3004 2351 3244 2421 κτίσμα,
3276 2346 3387 2402 ἀλλ’
3414 2344 3528 2404 ἴδιος
3553 2346 3625 2407 τῇς

362 2504 363 2507 η
408 2441 717 2513 seiungere.
749 2454 913 2515 atque
942 2444 996 2500 in
1026 2444 1349 2502 Trinitatem
1380 2444 1758 2515 imperfectam
1791 2459 1850 2500 c0

2136 2452 2193 2507 οῦ
2226 2452 2445 2523 Πατρδς
2476 2450 2690 2514 οὐσίας.
2726 2448 2901 2503 Τοῦτο
2948 2447 3061 2518 γὰρ
3102 2445 3267 2515 ὑμεῖς
3308 2436 3624 2510 προσποίεσθο

411 2544 585 2591 ιυθΐθο
2096 2546 2302 2617 λέγειν.
2336 2545 2494 2600 Οὕτω
2520 2547 2617 2601 καὶ
2642 2545 2704 2597 τὸ
2731 2543 2960 2613 Πνεῦμα
2985 2542 3045 2595 τδ
3073 2541 3131 2593 ἐν
3158 2537 3240 2606 τῷ
3269 2534 3401 2604 Υίῷ,
3430 2535 3483 2585 ὲν
3504 2526 3539 2599 ᾧ
3558 2531 3628 2582 καὶ

2098 2642 2127 2695 6
2158 2642 2288 2704 Υίός
2324 2642 2463 2706 ὲστι,
2518 2640 2581 2693 06
2641 2637 2803 2710 θέμις
2876 2639 2990 2700 τοῖς
3030 2632 3313 2704 κτίσμασι,
3346 2628 3628 2685 συντάττειν,

2098 2736 2222 2790 οὐδὲ
2273 2735 2507 2806 διαιρεῖν
2540 2731 2677 2787 αὐτὸ
2730 2729 2843 2785 ἀπὸ
2889 2728 2986 2783 τοῦ
3012 2726 3218 2796 Λόγου,
3264 2721 3357 2778 καὶ
3388 2718 3536 2789 ἀτελῆ
3560 2717 3630 2787 τὴν

2100 2828 2309 2898 Τριάδα
2345 2827 2805 2890 κατασκευάζειν.

908 2923 993 2979 Εα
1022 2925 1204 2979 eadem
1239 2924 1477 2992 epistola.
2156 2982 2178 2988 _

2156 2982 2178 2988 _
2477 2917 2572 2970 Ἐκ
2606 2914 2718 2984 τῆς
2749 2913 2945 2983 αὐτῆς
2973 2907 3345 2976 ἐπιστολῆς.

485 3008 723 3079 Spiritus
747 3013 1027 3071 viviﬁcare
1053 3018 1257 3073 dicitur
1276 3018 1439 3086 :«Qui
1464 3017 1775 3086 suscitavit,
1798 3020 1973 3090 inquit

2171 3014 2246 3068 T6
2284 3010 2512 3079 Πνεῦμα
2539 3008 2838 3075 ζωοποιοῦν
2863 3007 3105 3076 λέγεται·
3141 3022 3161 3057 ι
3202 3002 3263 3056 '0
3289 2998 3631 3090 Memmii?

410 3100 598 3157 Jesum
651 3107 929 3163 Christum
992 3127 1021 3165 a
1081 3084 1697 3180 mortuispviviﬁeabit
1748 3084 1803 3169 et
1848 3084 1897 3168 ni

2145 3109 2249 3165 tm
2284 3101 2497 3174 Ἰησοῦν
2526 3102 2763 3173 Χριστὸν
2793 3101 2858 3153 ὲκ
2888 3098 3119 3167 νεκρῶν,
3138 3093 3463 3162 ζωοποιήσει
3491 3087 3568 3141 καὶ
3586 3084 3633 3180 τὰ

420 3197 549 3247 talia
589 3210 817 3265 corpora
848 3206 1024 3249 vestra
1060 3213 1153 3266 per
1176 3178 1567 3252 inbabitantem
1591 3200 1711 3269 ejus
1739 3200 1907 3269 Spirit

2140 3196 2275 3265 νητὰ
2295 3195 2528 3266 σώματα
2547 3193 2705 3266 ἡμῶν
2726 3196 2817 3249 διὰ
2837 3191 2933 3248 τοῦ
2958 3188 3303 3249 ἐνοικοῦντος
3326 3178 3628 3277 absab-[lysis

415 3288 473 3341 tn
527 3287 681 3341 vobis
723 3290 760 3341 ⁸.
808 3305 829 3339 ι
870 3288 935 3342 Et
972 3288 1238 3344 Dominus
1276 3290 1495 3359 quidem
1525 3292 1641 3360 ipsa
1684 3303 1768 3348 est
1809 3294 1903 3348 vita

2146 3304 2301 3351 ιατος
2329 3290 2386 3341 ὲν
2411 3289 2567 3359 ἡμῖν.
2598 3305 2617 3338 ι
2660 3285 2771 3341 Καὶ
2795 3286 2824 3340 6
2854 3284 2953 3357 μὲν
2982 3279 3194 3351 Κύριός
3221 3280 3367 3331 ἐστιν
3388 3275 3418 3343 ἡ
3443 3269 3634 3337 αὑτοζωὴ

419 3399 438 3432 ι
481 3390 672 3435 auctor
698 3381 842 3447 vitae,
872 3400 891 3432 ι
936 3391 996 3436 ιιι
1028 3383 1099 3437 ait
1130 3382 1321 3438 Petrus
1365 3383 1403 3438 ⁷.
1427 3383 1573 3461 Idem
1602 3396 1781 3441 tamen
1809 3386 1907 3441 Dor

2147 3385 2203 3437 ai.
2237 3403 2255 3437 ι
2283 3383 2523 3455 ἀρχηγὸς
2543 3382 2645 3453 τῆς
2677 3381 2877 3453 ζωῆς,›
2931 3379 3007 3444 ὡς
3032 3375 3189 3433 εἶπεν
3229 3380 3260 3431 6
3290 3377 3499 3447 Πέτροςο
3525 3374 3635 3441 ελεγι

415 3486 520 3526 nus
550 3472 662 3526 ait:
693 3489 712 3523 ‹
742 3472 899 3542 Aqua
946 3488 1111 3542 quam
1141 3488 1243 3542 ego
1275 3472 1418 3527 dabo
1446 3475 1518 3541 ei,
1552 3476 1642 3530 fiet
1674 3476 1727 3530 in
1751 3492 1817 3532 eo
1875 3477 1903 3531 Ω

2146 3481 2163 3532 ὲ
2202 3479 2363 3542 αὐτὸς
2540 3477 2569 3529 6
2590 3476 2812 3548 Κύριος·
2875 3491 2895 3527 ι
2925 3474 2997 3527 T6
3026 3473 3199 3544 ὕδωρ,
3230 3472 3259 3526 ὂ
3286 3473 3393 3540 ἐγὼ
3417 3469 3551 3522 δώσω
3570 3468 3634 3521 αὐ-

413 3579 571 3632 aquae
594 3563 839 3619 salientis
864 3565 919 3618 in
946 3565 1111 3618 vitam
1135 3573 1393 3619 arternam
1440 3569 1484 3620 ⁸.
1510 3564 1625 3622 Hoc
1652 3577 1832 3623 autem
1860 3570 1901 3624 di

2148 3571 2203 3642 ᾧ,
2241 3572 2528 3642 γενήσεται
2558 3570 2615 3622 ὲν
2662 3566 2813 3639 αὐτῷ
2867 3567 3021 3639 πηγὴ
3051 3565 3249 3629 ὓδατος
3294 3561 3559 3632 ἁλλομένου
3582 3560 3636 3619 εἰς

410 3658 479 3709 de
496 3654 701 3725 Spiritu
723 3671 885 3725 quem
909 3656 1185 3726 accepturi
1210 3666 1365 3711 erant
1384 3658 1661 3714 credentes
1678 3660 1732 3713 in
1748 3674 1873 3715 eum

2148 3663 2250 3734 ωὴν
2287 3661 2522 3717 αἰώνιον.
2563 3661 2735 3716 Τοῦτο
2759 3661 2815 3714 δὲ
2840 3660 2994 3730 ἔλεγε
3027 3657 3155 3731 περὶ
3214 3656 3311 3711 τοῦ
3356 3654 3636 3722 Πνεῦματος,

411 3744 519 3801 lies
550 3758 733 3802 autem
759 3757 975 3816 creatae,
1013 3749 1091 3804 uti
1119 3748 1325 3803 dictum
1354 3758 1459 3816 est,
1489 3751 1654 3805 vitam
1690 3768 1786 3821 per
1815 3754 1897 3823 ips

2149 3752 2164 3811 3
2201 3755 2428 3827 ἔμελλον
2454 3755 2755 3826 λαμϐάνειν
2795 3755 2845 3807 οἱ
2871 3751 3225 3813 πιστεύοντες
3254 3750 3334 3814 είς
3366 3745 3556 3801 αὐτόν.»
3580 3741 3637 3794 Τὰ

408 3839 702 3908 accipiunt.
736 3838 841 3905 Qui
1088 3840 1255 3911 igitur
1292 3840 1420 3895 vita:
1451 3858 1562 3897 non
1608 3843 1669 3899 ﬁt
1701 3847 1896 3914 parties

2148 3848 2484 3920 ἐκτίσματα,
2517 3848 2591 3911 ὡς
2728 3844 2964 3916 εἴρηται,
3011 3840 3427 3912 ζωοποιούμενά
3478 3839 3571 3890 ἐστι
3590 3835 3636 3888 δι’

407 3930 501 3986 sed
532 3930 647 4000 ipse
683 3931 820 3986 alios
854 3931 1147 4009 participes
1179 3930 1332 3995 facit,
1368 3942 1423 3986 et
1453 3934 1619 3989 vitam
1654 3936 1816 3991 rebus
1844 3952 1895 3991 cr

2149 3938 2290 3995 ῡτοῦ.
2320 3941 2395 3994 Τὸ
2444 3938 2501 3992 δὲ
2542 3937 2617 4010 μὴ
2651 3936 2878 4008 μετέχον
2922 3934 3091 4005 ζωῆς,
3146 3934 3271 3987 ἀλλ’
3298 3932 3425 3987 αὐτὸ
3467 3926 3637 4001 μετεχό-

409 4018 479 4074 tis
509 4020 769 4089 impertit,
814 4022 1059 4091 qualem,
1090 4037 1299 4090 quaeso,
1338 4025 1719 4093 cognationem
1757 4042 1879 4082 cum

2150 4049 2265 4086 ενον
2299 4032 2392 4085 καὶ
2427 4027 2724 4094 ζωοποιοῦν
2773 4026 2843 4080 τὰ
2876 4025 3170 4095 κτίσματα,
3204 4024 3367 4076 ποίαν
3399 4021 3500 4091 ἔχει
3542 4033 3638 4083 συγ-

406 4113 522 4165 bus.
556 4110 716 4165 factis
766 4112 969 4167 habere
1004 4115 1227 4195 potest?
1270 4116 1377 4170 Aut
1402 4132 1509 4185 qua
1536 4118 1750 4173 tandem
1785 4120 1894 4173 rati

2147 4124 2319 4177 ένειαν
2362 4122 2500 4192 πρὸς
2530 4120 2597 4173 τὰ
2630 4117 2863 4188 γενητὰς
2904 4117 2975 4168 ’Ἡ
3014 4114 3130 4177 πῶς
3178 4113 3317 4176 ὅλως
3340 4112 3403 4165 ἂν
3442 4110 3517 4178 είη
3558 4106 3635 4159 τῶν

405 4199 548 4254 inter
571 4218 657 4255 res
689 4211 901 4257 creatas
935 4207 1241 4262 censendus
1272 4209 1362 4272 sit,
1390 4223 1513 4263 cum
1547 4209 1677 4277 ipsa:
1710 4210 1763 4265 in
1798 4211 1890 4265 illo

2144 4213 2439 4284 τισμάτων,
2455 4211 2597 4282 ἆπερ
2611 4210 2669 4261 ὲν
2685 4208 2875 4277 ἐκείνῳ
2891 4204 3042 4277 παρὰ
3068 4203 3166 4256 τοῦ
3202 4204 3377 4271 Λόγου
3413 4197 3632 4264 ζωοποιεῖ-

406 4300 515 4345 tam
550 4307 581 4345 a
610 4291 788 4347 Verbo
821 4296 1135 4365 accipiant?
1167 4297 1365 4354 Unctin
1402 4316 1621 4370 quoque
1646 4300 1883 4371 Spiritus

2145 4325 2229 4374 1t;
2265 4306 2490 4377 Χρίσμα
2524 4303 2741 4372 λέγεται
2775 4301 2834 4354 τὸ
2871 4298 3118 4369 Πνεῦμα,
3158 4298 3254 4350 καὶ
3285 4296 3399 4348 ἐστι
3429 4288 3633 4391 σφραγίς.

403 4384 570 4445 citur,
607 4392 660 4437 et
694 4393 776 4439 est
821 4384 950 4439 item
1002 4387 1272 4456 sigillum;
1318 4391 1459 4445 unde
1492 4390 1731 4447 Joannes
1766 4395 1891 4449 scril

2148 4402 2178 4458 3
2211 4401 2307 4473 μὲν
2332 4400 2439 4470 γὰρ
2484 4397 2736 4467 Ἰωάννης
2756 4393 2990 4464 γράφειρ·
3033 4410 3052 4443 ι
3070 4391 3185 4444 Καὶ
3211 4391 3369 4460 ὑμεῖς
3398 4387 3455 4440 τὸ
3478 4384 3636 4455 χρίσμα

407 4488 427 4522 ι
471 4471 533 4525 Et
584 4489 681 4527 vos
730 4477 1044 4531 unctionem
1084 4496 1246 4549 quam
1280 4481 1573 4551 accepistis
1618 4484 1687 4539 ab
1715 4499 1780 4538 eo
1809 4500 1894 4538 ma

2154 4471 2373 4546 ἐλάϐετε
2409 4490 2537 4559 παρ’
2565 4488 2752 4550 αὐτοῦ,
2796 4486 2943 4557 μένει
2977 4486 3035 4538 ὲν
3090 4484 3244 4555 ὁμίν.
3269 4480 3378 4536 Καὶ
3405 4480 3461 4531 οὐ
3492 4475 3635 4573 Ipsm:

402 4562 457 4615 in
487 4564 660 4618 vobis.
700 4564 901 4620 Etnon
946 4585 1171 4625 necesse
1204 4573 1435 4641 habetis,
1471 4582 1530 4627 ut
1565 4576 1764 4645 aliquis
1797 4578 1890 4631 d0(

2146 4602 2278 4655 χετε,
2339 4584 2427 4637 ἵνα
2464 4598 2547 4645 τις
2606 4580 2827 4650 διδάσκῃ
2888 4580 3051 4648 ὑμᾶς·
3116 4576 3235 4629 ἀλλ’
3283 4574 3359 4637 ὡς
3406 4572 3461 4625 τὸ
3512 4564 3634 4627 αὐτοῦ

401 4668 499 4707 vos
528 4673 539 4709 :
570 4656 664 4711 sed
707 4657 852 4711 sicut
900 4662 1085 4715 unctio
1117 4663 1259 4730 ejus,
1288 4683 1307 4717 ι
1341 4682 1537 4736 nempe
1576 4669 1695 4736 ejus
1730 4668 1889 4738 Spirit

2147 4677 2365 4747 ρίσμα,›
2402 4673 2463 4726 τὸ
2500 4672 2724 4742 Πνεῦμα
2775 4669 2961 4733 αὑτοῦ,
3013 4688 3032 4719 ι
3066 4668 3310 4721 διδάσκει
3368 4665 3499 4733 ὑμᾶς
3540 4656 3635 4727 περὶ

406 4763 427 4797 ι
458 4749 614 4803 docet
638 4764 735 4803 vos
769 4749 835 4804 de
860 4755 1118 4809 omnibus
1145 4752 1204 4809 ‘°.
1232 4775 1250 4807 ι
1274 4755 1338 4811 Ει
1361 4760 1503 4827 apud
1523 4757 1717 4813 Isaiam
1752 4763 1894 4831 prepl

2144 4768 2346 4821 πάντων.
2483 4783 2501 4816 ι
2536 4764 2623 4815 Ἐν
2643 4762 2699 4814 δὲ
2727 4761 2806 4832 τῷ
2840 4761 3095 4833 προφήτῃ
3124 4759 3322 4829 Ἠσαίᾳ
3348 4756 3632 4826 γέγραπται·

399 4844 511 4890 tam
566 4838 803 4908 legitur:
844 4860 861 4892 ι
894 4842 1132 4913 Spiritus
1182 4846 1402 4903 Domini
1457 4865 1620 4919 super
1672 4866 1778 4915 me,
1823 4868 1887 4907 cu

2173 4853 2395 4923 Πνεῦμα
2427 4850 2631 4921 Κυρίου
2667 4851 2751 4903 ἐπ’
2778 4850 2899 4920 ἐμὲ,
2930 4843 2991 4903 οὗ
3038 4849 3247 4901 εἵνεκεν
3304 4845 3475 4918 ἔχρισὲ
3522 4857 3631 4911 με.)

398 4940 567 4983 causa
600 4931 753 4984 unxit
788 4934 951 4990 me“.
984 4955 1001 4987 ι
1038 4935 1241 4993 Paulus
1281 4940 1443 4994 etiam
1470 4930 1585 4994 ait:
1636 4961 1654 4992 ι
1692 4941 1751 4995 In
1793 4959 1886 5010 qut

2146 4949 2177 4999 υ
2229 4944 2286 4998 δὲ
2324 4922 2545 5006 Παῦλός
2586 4959 2780 5012 φησιν’
2845 4960 2864 4991 ι
2918 4941 3003 4993 Ἐν
3038 4933 3084 5007 ᾧ
3128 4940 3221 4993 καὶ
3266 4937 3634 4993 πιστεύσαντες,

401 5026 682 5081 credentes
709 5027 907 5098 signati
940 5033 1073 5089 estis
1103 5033 1157 5089 in
1189 5036 1333 5092 diem
1363 5035 1831 5107 redemptionis“.
1862 5062 1881 5095 ι

2143 5033 2506 5106 σφραγίσθητε
2548 5033 2629 5095 εἰς
2679 5031 2892 5103 ἡμέραν
2948 5028 3399 5103 ἀπολυτρώσεως.
3431 5047 3448 5080 ι
3503 5023 3631 5078 Τὰδε

401 5130 491 5169 res
521 5126 719 5171 creatae
753 5119 845 5173 illo
876 5122 1159 5192 signantur
1197 5136 1251 5179 et
1276 5136 1575 5196 unguntur,
1610 5142 1675 5182 ac
1704 5129 1771 5182 de
1798 5144 1886 5184 om

2146 5128 2379 5197 τίσματα
2535 5124 2710 5195 τούτῳ
2763 5126 3120 5197 σφραγίζεται
3171 5123 3266 5176 καὶ
3320 5124 3535 5194 χρίεται,
3565 5116 3634 5169 καὶ

399 5206 504 5261 bus
543 5207 828 5265 docentur.
887 5212 944 5266 Si
991 5214 1153 5284 igitur
1202 5215 1437 5286 Spiritus
1497 5219 1683 5274 unctio
1720 5222 1833 5275 sive
1875 5238 1887 5272 ι

2144 5215 2229 5285 api.
2254 5214 2471 5269 πάντων
2519 5214 2849 5269 διδάσκεται.
2902 5218 2965 5270 Et
3012 5218 3070 5271 δὲ
3102 5217 3162 5269 τὸ
3204 5215 3430 5287 Πνεῦμα
3466 5212 3632 5283 χρίσμα

398 5308 658 5367 guentum
702 5310 756 5355 et
794 5303 1029 5372 sigillum
1060 5316 1164 5373 est,
1205 5308 1258 5360 in
1290 5324 1397 5377 quo
1432 5311 1611 5364 omnia
1647 5312 1800 5382 ungit
1822 5322 1877 5367 et

2146 5307 2193 5360 1i.
2223 5306 2456 5378 σφραγίς
2487 5307 2656 5370 ἐστιν,
2684 5309 2742 5360 ὲν
2793 5302 2838 5377 ᾧ
2868 5310 3013 5380 χρίει
3045 5311 3137 5363 καὶ¹
3181 5310 3469 5381 σφραγίζει
3498 5305 3634 5357 πάντα

397 5396 527 5455 gnat
554 5386 791 5444 Verbum
827 5409 839 5444 :
869 5408 1120 5461 quamam
1153 5396 1453 5453 similitudo
1483 5407 1579 5453 aut
1594 5402 1885 5458 conveniet]

2149 5403 2340 5473 Λόγος·
2377 5402 2506 5457 ποία
2528 5404 2783 5476 ὁμοιότης
2820 5404 2855 5478 ἢ
2891 5404 3091 5476 ἰδιότης
3118 5404 3213 5459 τοῦ
3256 5403 3539 5476 χρίσματος
3566 5395 3632 5449 καὶ

486 5742 506 5775 ¹
532 5739 693 5796 Joan.
726 5756 823 5804 xu,
859 5740 950 5795 28.
1056 5737 1255 5791 ’Joan.
1298 5755 1414 5801 ινι,
1452 5740 1539 5795 ﬂ.
1653 5740 1675 5773 ³
1711 5737 1874 5794 Joan.
1938 5752 1968 5790 ν

2132 5779 2147 5795 .
2277 5740 2299 5772 ⁸
2322 5738 2479 5798 Joan.
2524 5759 2638 5808 xvu,
2677 5747 2764 5802 Li.
2862 5746 2883 5778 ⁸
2915 5743 3073 5801 Joan.
3104 5762 3217 5807 xiv.
3245 5747 3336 5802 26.
3447 5745 3465 5775 ‘
3497 5742 3619 5794 Itom-

400 5830 534 5877 vm.
568 5813 656 5868 11.
759 5815 777 5843 ⁷
816 5815 935 5867 Act.
976 5824 1068 5879 ιιι,
1124 5809 1212 5863 15.
1312 5811 1334 5843 ⁸
1385 5810 1543 5868 Joan.
1611 5827 1704 5876 IV,
1760 5810 1844 5865 H.

401 5888 446 5920 “
477 5887 677 5950 Epttcs.
715 5898 755 5951 ι,
797 5883 880 5938 15.

2136 5829 2175 5881 ι,
2216 5825 2319 5879 VII,
2362 5814 2449 5870 59.
2528 5816 2572 5848 ¹⁰
2624 5816 2829 5876 lJoau.
2884 5832 2960 5881 tt,
3010 5818 3101 5872 27.
3178 5819 3220 5849 “
3284 5818 3390 5873 lsa.
3444 5829 3541 5873 Lm,
3584 5808 3623 5861 l.
