3920 6550
166 429 269 496 713
1139 424 1505 486 PANOPLIA
1550 417 2002 481 DOGMATICA.
2046 440 2113 451 ··-
2144 413 2295 476 TIT.
2326 410 2459 473 XII.
3331 394 3436 461 7H

169 551 272 616 τῆς
303 548 605 619 σφραγῖδος
636 546 765 617 πρὸ,
790 545 857 598 τὰ
883 544 1143 615 χριόμενα
1176 544 1272 596 καὶ
1298 539 1711 610 σφραγιζόμενα

1890 535 2118 605 nguenti
2153 541 2207 587 et
2227 532 2387 603 sigilli
2427 544 2547 585 esse
2594 534 2773 599 potest
2824 541 2948 582 cum
3006 525 3090 580 his
3128 523 3293 579 rebus
3316 536 3438 593 quae

166 641 388 697 Οὐκοῦν
424 643 517 696 καὶ
568 640 706 694 κατὰ
761 637 919 692 τοῦτο
964 638 1064 690 οὐκ
1117 637 1183 690 ἂν
1226 634 1311 705 είη
1359 634 1467 687 τῶν
1502 632 1714 686 πάντῶν

1900 637 2138 698 nguntur
2163 634 2218 679 et
2251 623 2573 693 signantur?
2600 619 2796 692 Nequit
2828 618 3055 690 proinde
3084 617 3201 672 ﬁeri
3229 625 3288 671 ut
3324 616 3440 684 ipse

165 736 241 787 Οὐ
310 735 420 801 γὰρ
479 734 545 786 ἂν
576 734 659 802 εἴη
724 733 755 799 ἠ
826 733 1061 801 σφραγὶς
1138 730 1201 780 ἐκ
1271 726 1381 779 τῶν
1457 723 1713 795 σφραγιζι

1892 730 2002 774 nter
2018 733 2105 773 res
2119 730 2307 771 omnes
2319 726 2653 769 numeretur.
2674 712 2780 768 Nec
2794 712 2937 767 enim
2952 710 3149 782 aliquis
3163 725 3229 764 ex
3249 710 3440 777 bisqui

168 828 373 895 μένων,
393 800 515 878 οὐδὲ
547 825 608 876 τὸ
640 800 849 893 γρίσμα
875 800 941 875 ὲκ
970 820 1080 874 τῶν
1112 820 1442 890 χριομένωνο
1474 817 1587 870 ἀλλ’
1623 816 1716 869 ίδιό

1892 812 2167 879 ignantur,
2196 806 2437 877 sigillum
2462 805 2578 875 ipse
2604 804 2867 857 dicendus
2898 804 2969 857 sit
3002 819 3015 857 :
3052 818 3154 857 nec
3187 800 3440 856 similiter

163 922 289 972 ἐστι
319 918 482 972 τοῦτο
509 918 606 971 τοῦ
636 918 884 988 χρίοντος
914 917 1009 968 καὶ
1033 914 1433 983 σφραγίζοντος
1460 908 1659 977 Λόγου.
1681 908 1711 959 Ἰ

1890 902 2060 971 .liquis
2082 915 2148 955 ex
2178 900 2264 953 his
2301 913 2393 967 qui
2438 906 2736 966 unguntur,
2764 904 3098 961 unguentum
3142 895 3281 949 idem
3314 902 3438 948 erit.

170 1014 277 1082 μὶν
302 1012 413 1083 γὰρ
435 984 647 1081 χρίσμα
659 984 767 1079 τὴν
788 1008 1019 1073 εὐωδίαν
1044 1008 1137 1062 καὶ
1168 1005 1340 1072 πνοὴν
1359 1001 1455 1057 τοῦ
1479 1001 1718 1073 χρίοντοε

1891 995 1971 1049 Sed
2000 993 2053 1048 id
2090 990 2369 1061 proprium
2402 998 2486 1043 est
2540 987 2791 1057 ungentis
2840 998 2895 1042 et
2940 988 3207 1056 signantis
3254 984 3439 1040 Verbi.

84 1120 123 1130 '
170 1076 331 1175 ἔχει,
365 1076 540 1160 καῖήοὶ
570 1076 859 1173 ’χριόμενοι
898 1100 1088 1154 τούτου
1131 1096 1632 1167 μεταλαμϐάνοντες

1894 1082 2209 1155 inguentum
2235 1080 2453 1150 quidem
2489 1078 2742 1148 ungentis
2786 1077 3108 1131 suavitatem
3141 1087 3196 1130 ει
3219 1076 3442 1129 odorem

170 1170 339 1260 rsum
359 1206 376 1221 °
427 1210 444 1242 ι
476 1170 715 1260 Χριστοῦ
746 1190 943 1243 εὐωδία
969 1187 1133 1255 ὲσμέν
1157 1202 1172 1219 ο
1202 1204 1221 1237 ι
1250 1186 1282 1255 ἡ
1307 1184 1362 1237 δὲ
1397 1183 1636 1254 σφραγὶς
1661 1181 1718 1250 τὴ

1892 1176 2080 1241 etinet,
2102 1173 2256 1244 cujus
2285 1172 2577 1243 participes
2601 1170 2729 1225 facti
2760 1171 2850 1240 qui
2884 1179 3183 1239 unguntur,
3208 1171 3400 1225 dicunt
3426 1189 3439 1224 :

183 1258 412 1356 μορφὴν
441 1258 681 1354 Χριστοῦ
722 1280 815 1336 τοῦ
872 1278 1264 1350 σφραγίζοντος
1312 1276 1447 1347 ἔχει,
1490 1276 1586 1328 καὶ
1623 1272 1727 1326 ταῦ

1924 1264 2128 1321 Christi
2161 1264 2339 1319 bonus
2374 1264 2508 1317 odor
2540 1276 2734 1317 sumus
2791 1263 2826 1313 ⁸.
2863 1278 2881 1311 ι
2924 1258 3173 1330 Sigillum
3207 1275 3337 1313 vero
3371 1260 3447 1312 si-

310 1377 360 1427 οί
412 1373 841 1442 σφραγιζὸμενοι
888 1371 1198 1441 μετέχουσι,
1232 1365 1603 1437 μορφούμενοι
1636 1380 1719 1417 κα¹

1904 1358 2084 1413 nantis
2109 1356 2311 1411 Christi
2345 1354 2576 1425 eﬂigiem
2618 1361 2819 1416 servat,
2845 1354 3001 1422 cujus
3036 1354 3129 1422 qui
3168 1354 3452 1423 signantur

174 1470 371 1539 αὐτὴν,
406 1468 656 1536 λέγοντος
688 1465 781 1517 τοῦ
813 1464 1143 1516 ’Δποστόλου
1172 1478 1185 1493 ·
1220 1481 1237 1513 ι
1286 1462 1488 1514 Τεκνία
1519 1476 1645 1529 μου,
1665 1455 1722 1510 οὒ

1906 1452 2158 1522 articipes
2184 1451 2383 1517 ell‘ecti,
2409 1451 2475 1504 ad
2506 1465 2625 1504 eam
2653 1448 3089 1513 conformantur,
3126 1460 3185 1503 ut
3213 1450 3289 1503 ait
3308 1450 3454 1519 Apo-

176 1560 345 1611 πάλιν
375 1558 573 1621 ὼδὶνω,
612 1558 771 1627 ἄχρις
796 1548 856 1609 οῦ
891 1553 1157 1622 μορφωθῇ
1189 1552 1424 1621 Χριστὸς
1454 1551 1513 1603 ὲν
1548 1550 1697 1619 ὑμῖν.

1905 1544 2043 1599 tolus
2074 1562 2087 1597 :
2136 1561 2154 1595 ι
2194 1541 2372 1597 Filioli
2409 1543 2537 1606 mei,
2568 1558 2707 1613 quos
2741 1543 2937 1596 iterum
2985 1542 3248 1611 partui-io,
3282 1544 3453 1595 donec

178 1648 343 1701 Οὕτω
413 1647 467 1698 δὲ
528 1644 986 1715 σφραγιζόμενοι,
1040 1640 1285 1703 εἰκότως
1349 1640 1444 1693 καὶ
1515 1653 1726 1692 κοινων‹

1907 1642 2133 1689 )rmetur
2179 1632 2431 1688 Christus
2470 1633 2525 1687 in
2575 1632 2729 1687 vobis
2789 1630 2830 1686 ’.
2872 1649 2890 1681 ι
2939 1629 3053 1685 Hoc
3080 1640 3258 1684 autem
3292 1630 3455 1683 modo

179 1741 335 1803 (sint;
385 1739 600 1808 φύσεως
642 1735 940 1805 γινόμεθα,
989 1733 1063 1797 ὡς
1114 1726 1272 1787 εἶπεν
1318 1733 1347 1784 ὀ
1392 1729 1619 1801 Πέτρος,
1670 1745 1727 1782 κο

1906 1727 2087 1798 ignati,
2119 1727 2508 1781 convenienter
2545 1724 2745 1779 divinae
2777 1734 2987 1778 naturae
3020 1732 3304 1779 consortes
3334 1724 3454 1777 red-

177 1833 326 1886 οῦτιο
388 1832 604 1901 μετέχει
663 1831 814 1883 πᾶσα
872 1831 904 1897 ἠ
958 1827 1138 1890 κτίσις
1183 1823 1279 1879 τοῦ
1339 1823 1518 1892 Λόγου
1576 1823 1635 1877 ἐν
1690 1838 1720 1875 τ

1908 1824 2071 1889 imur,
2099 1821 2178 1876 uti
2207 1822 2364 1875 docet
2395 1817 2589 1874 Petrus
2641 1811 2662 1843 ³
2696 1836 2709 1871 :
2748 1827 2912 1887 atque
2958 1819 3030 1871 ita
3072 1816 3338 1871 universae
3369 1832 3456 1871 res

180 1925 461 1995 Πνεῦματι
488 1923 684 1994 [ιιατρί
713 1924 795 1977 ed.
833 1918 1090 1991 Moldav.]

1802 1909 1842 1921 ”
1869 1926 2063 1972 creata
2088 1912 2250 1967 Verbi
2282 1913 2336 1966 in
2370 1910 2575 1981 Spiritu
2604 1909 2743 1964 ﬁunt
2767 1910 3078 1979 participes.

379 2010 487 2060 Καὶ
519 2005 606 2058 διὰ
638 2004 731 2057 τοῦ
766 2002 1080 2073 Πνεύματος
1104 1999 1375 2072 λεγόμεθα
1412 1999 1614 2062 πάντες
1637 1999 1770 2070 μέτ-

2055 2007 2259 2062 Omnes
2291 2005 2544 2061 similiter
2592 2020 2686 2073 per
2721 2004 2986 2074 Spiritum
3034 2005 3127 2058 Dei
3169 2005 3460 2075 participes

171 2116 296 2172 οχοι
344 2096 439 2151 τοῦ
469 2096 625 2149 Θεοῦ·
681 2114 698 2147 ι
738 2095 850 2148 Οὐκ
898 2094 1096 2157 οἴδατε,
1158 2093 1265 2163 γάρ
1295 2109 1478 2164 φησιν,
1530 2092 1612 2145 ὅτι
1645 2090 1719 2144 ναὶ

1909 2101 2124 2156 icimur.
2163 2118 2181 2150 ι
2215 2096 2471 2162 Nescitis,
2494 2096 2694 2167 inquit,
2724 2096 2851 2167 quia
2887 2098 3148 2167 templum
3182 2098 3271 2152 Dei
3300 2098 3457 2163 estis,

173 2192 316 2246 Θεοῦ
346 2193 493 2254 ἐστε,
524 2190 617 2243 καὶ
640 2190 702 2243 τὸ
736 2188 959 2259 Πνεῦμα
978 2185 1074 2240 τοῦ
1100 2186 1233 2239 Θεοῦ
1263 2187 1319 2239 ὲν
1347 2188 1475 2257 ὑμῖν
1499 2186 1671 2251 οἰκεῖς
1706 2186 1721 2239 l

1909 2189 2179 2261 tSpirit'us
2202 2190 2297 2244 Dei
2326 2189 2536 2242 habitat
2562 2187 2614 2241 in
2641 2189 2835 2243 vobis?
2861 2186 2918 2242 Si
2941 2190 3065 2258 quis
3084 2190 3341 2259 templum
3363 2187 3457 2243 Dei

175 2303 259 2349 τις
282 2286 376 2339 τὸν
404 2286 529 2339 ναὸν
555 2283 647 2337 τοῦ
700 2281 831 2335 Θεοῦ
861 2280 1089 2351 φθείρει,
1125 2278 1314 2350 φθερεῖ
1357 2278 1545 2332 τοῦτον
1566 2279 1593 2331 ὁ
1617 2277 1723 2332 Θεό

1911 2282 2175 2349 iolaverit,
2200 2278 2479 2351 disperdet
2508 2279 2658 2333 illum
2686 2278 2851 2335 Deus.
2880 2278 3164 2351 Templum
3191 2282 3335 2335 enim
3363 2280 3459 2336 Dei

186 2378 247 2431 '0
296 2375 406 2446 γὰρ
438 2374 563 2438 ναὸς
610 2373 702 2426 τοῦ
768 2371 904 2425 Θεοῦ
964 2370 1117 2440 ἅγιός
1170 2372 1338 2434 ἐστιν,
1392 2370 1588 2433 οἵτινές
1641 2372 1733 2423 ὲστ

1912 2385 2121 2429 mctum
2153 2381 2256 2437 est,
2284 2372 2429 2443 quod
2452 2372 2584 2428 estis
2609 2388 2708 2428 vos
2753 2374 2798 2428 ⁸.
2826 2391 2844 2425 ι
2879 2371 2985 2428 Sed
3017 2374 3061 2427 si
3080 2372 3313 2443 Spiritus
3331 2388 3460 2427 san-

178 2469 396 2539 ὑμεῖς.»
428 2468 489 2519 Εἰ
524 2466 727 2536 κτίσμα
762 2464 818 2517 δὲ
848 2458 915 2535 ἦν
962 2463 1023 2516 τὸ
1062 2461 1287 2533 Πνεῦμα
1346 2462 1406 2515 τὸ
1461 2462 1637 2530 ἅγιον,
1672 2462 1726 2515 οὐ

1912 2474 1992 2520 tus
2019 2480 2106 2521 res
2136 2472 2320 2520 creata
2345 2473 2487 2520 esset
2516 2503 2529 2528 ,
2561 2464 2709 2520 nulla
2740 2480 2871 2521 sane
2916 2465 3005 2520 Dei
3032 2466 3460 2521 communicatio

178 2564 245 2618 ἄν
278 2579 366 2624 τις
397 2563 453 2613 ὲν
486 2560 634 2631 αὐτῷ
670 2557 930 2631 μετουσία
983 2556 1075 2610 τοῦ
1104 2556 1239 2610 Θεοῦ
1274 2555 1484 2624 γένοιτο
1600 2554 1726 2623 ἡμῖν

1911 2558 2032 2614 obis
2067 2558 2121 2612 in
2160 2558 2278 2627 ipso
2300 2567 2477 2623 esset;
2512 2559 2605 2615 sed
2634 2560 2710 2613 rei
2743 2568 2943 2613 creata:
2973 2558 3459 2629 coniungeremur,

182 2654 300 2708 ἀλλ’
336 2654 368 2724 ἢ
404 2654 510 2724 ἄρα
544 2654 799 2723 κτίσματι
853 2651 949 2721 μὲν
983 2648 1389 2720 συνηπτόμεθα,
1420 2647 1730 2719 ἀλλότριοιέ

1916 2658 1927 2704 t
1946 2650 2145 2705 divinae
2168 2660 2377 2706 naturae
2391 2652 2551 2707 alieni
2571 2667 2841 2717 essemus,
2859 2662 3045 2722 utpote
3065 2654 3213 2707 nulla
3232 2654 3283 2707 in
3312 2661 3464 2723 parte

181 2747 283 2817 τῆς
319 2746 468 2809 θείας
503 2744 716 2815 φύσεως
773 2742 1084 2813 ἐγινόμεθα,
1151 2742 1226 2804 ὼς
1280 2741 1420 2794 κατὰ
1466 2739 1630 2812 μηδὲν
1671 2739 1729 2791 αἰ

1916 2740 1995 2807 ius
2026 2739 2153 2795 facti
2190 2742 2502 2812 participes.
2538 2741 2695 2797 Nunc
2733 2759 2860 2798 vero
2886 2760 3010 2799 cum
3052 2744 3255 2801 Christi
3282 2755 3335 2800 et
3370 2745 3464 2801 Dei

182 2839 282 2909 τῆς
426 2838 764 2907 μετέχοντες.
824 2836 938 2889 Νῦν
995 2835 1072 2897 δὲ,
1109 2835 1197 2887 ὅτε
1254 2833 1526 2904 λεγόμεθα
1558 2832 1730 2904 μετοχ1

1919 2832 2169 2900 articipes
2194 2832 2462 2899 dicamur,
2491 2835 2677 2903 utique
2702 2844 2911 2890 constat
2942 2845 3279 2906 unguentum
3306 2847 3359 2892 et
3392 2838 3467 2893 si-

185 2928 425 3001 Χριστοῦ
486 2930 579 2983 καὶ
638 2930 852 2999 μέτοχοι
907 2927 1062 2992 Θεοῦ,
1113 2927 1388 2981 δείκνυται
1437 2925 1497 2978 τὸ
1558 2925 1615 2977 ἐν
1645 2926 1733 2994 ἠμῑ

1918 2925 2093 2989 illum,
2123 2926 2268 2993 quod
2300 2924 2355 2979 in
2386 2926 2545 2983 nobis
2578 2936 2680 2993 est,
2716 2943 2823 2982 non
2858 2928 2925 2983 ad
2955 2944 3139 2986 rerum
3173 2928 3462 2992 factarum,

186 3021 400 3093 χρίσμα
434 3021 591 3091 καὶὴ
655 3019 891 3092 σφραγὶς
941 3019 1015 3089 μὴ
1064 3013 1199 3071 οῦσα
1232 3017 1332 3086 τῆς
1363 3014 1472 3068 τῶν
1532 3012 1734 3085 γενητᾶ

1920 3017 1974 3071 ad
2004 3018 2071 3072 ad
2112 3016 2231 3071 Filii
2270 3026 2521 3073 naturam
2565 3021 2857 3089 pertinere,
2890 3021 2980 3090 qui
3024 3036 3124 3076 nos
3154 3037 3248 3091 per
3293 3022 3468 3091 Spiri—

188 3112 429 3181 φύσεως,
452 3112 585 3166 ἀλλὰ
616 3113 712 3182 τῆς
847 3111 937 3166 τοῦ
964 3110 1115 3176 Υἱοῦ,
1131 3109 1218 3162 διὰ
1236 3108 1328 3161 τοῦ
1352 3110 1408 3161 ὲν
1432 3107 1580 3177 αὐτῷ
1612 3107 1736 3160 Πνει

1919 3125 2020 3177 im,
2046 3111 2140 3180 qui
2170 3111 2221 3163 in
2254 3113 2373 3181 ipso
2414 3121 2518 3178 est,
2556 3110 2703 3166 Patri
2738 3113 3041 3184 conjungit.
3092 3113 3328 3184 ldipsum
3368 3131 3467 3170 nos

193 3222 362 3273 ματος
399 3205 758 3269 συνάπτοντος
811 3206 959 3275 ἡμᾶς
1020 3203 1099 3275 τῷ
1154 3202 1349 3274 Πατρί.
1409 3201 1581 3255 Τοῦτο
1612 3201 1723 3273 γὰρ

1918 3214 2146 3267 oannes,
2167 3200 2241 3255 uti
2271 3214 2437 3269 supra
2465 3200 2669 3255 dictum
2695 3209 2799 3265 est,
2817 3201 2902 3257 his
2926 3200 3106 3257 verbis
3128 3200 3285 3257 docet
3309 3220 3321 3256 :
3360 3220 3378 3253 ι
3410 3200 3466 3256 1η

202 3297 480 3368 Ἰωάννης,
516 3297 590 3361 ὼς
620 3299 677 3350 ὲν
730 3300 841 3360 τοῖς
896 3295 1204 3367 ἔμπροσθεν
1234 3296 1467 3366 είρηται,
1516 3294 1750 3350 διδάσκω

1925 3308 1991 3348 οε
2007 3293 2389 3363 cognoscimus
2406 3294 2533 3363 quia
2551 3294 2603 3347 in
2625 3292 2735 3349 Deo
2768 3310 3074 3361 manemus,
3093 3295 3272 3365 etipse
3288 3295 3339 3349 in
3370 3310 3471 3349 no-

192 3388 448 3462 ἔγραψεν·
488 3406 505 3439 ι
555 3389 642 3443 Ἐν
697 3390 868 3460 τούτῳ
902 3388 1263 3459 γινώσκομεν,
1298 3390 1382 3442 ὃτι
1422 3388 1480 3440 ὲν
1527 3387 1605 3458 τῷ
1664 3387 1740 3441 Θει

1921 3386 2018 3452 iis;
2045 3387 2304 3456 quoniam
2332 3387 2615 3476 qupiritu
2636 3404 2737 3443 suo
2761 3389 3081 3443 deditnobis
3119 3394 3193 3444 ⁸.»
3219 3390 3274 3444 Si
3306 3405 3469 3459 porro

198 3480 447 3551 μένομεν,
476 3484 568 3535 xui.
598 3482 759 3545 αὐτὸς
790 3483 848 3535 ὲν
898 3483 1052 3552 ἡμῖν,
1098 3483 1179 3534 ὅτι
1210 3482 1293 3553 ,ὲκ
1330 3478 1422 3532 τοῦ
1465 3479 1746 3549 Πνεῦματο

1921 3478 2124 3547 ρίισὶιιιε
2162 3479 2664 3535 communicatione
2705 3480 2904 3536 divina:
2938 3490 3146 3536 natura:
3180 3490 3469 3535 consortes

196 3573 359 3626 αὑτοῦ
389 3574 551 3637 αὐτὸς
583 3574 780 3628 ἔδωκεν
802 3577 955 3644 ἡμῖν.
996 3593 1014 3625 ι
1050 3574 1111 3625 Εί
1172 3572 1229 3631 δὲ
1256 3574 1323 3642 τῇ
1352 3570 1446 3623 τοῦ
1468 3571 1744 3641 Πνεῦματι

1915 3568 2170 3634 llicimur,
2194 3584 2354 3623 nemo
2393 3579 2541 3623 certe
2575 3570 2678 3625 nisi
2712 3572 2937 3625 insanus
2970 3570 3170 3625 dixerit
3197 3569 3463 3639 Spiritum

201 3665 457 3736 μετουσίᾳ
477 3666 740 3736 γινόμεθα
784 3664 1029 3719 κοινωνοὶ
1086 3662 1237 3726 θείας
1280 3662 1514 3732 φύσεως,
1556 3661 1749 3733 μαίνοι·

1923 3676 1993 3715 on
2026 3660 2146 3726 Dei,
2175 3663 2269 3715 sed
2297 3674 2494 3716 creatae
2523 3678 2645 3716 esse
2675 3672 2901 3716 naturae.
2930 3661 3041 3716 Nec
3068 3662 3212 3716 enim
3266 3663 3368 3715 alia
3401 3662 3469 3716 de

198 3755 259 3808 ἄν
284 3771 368 3817 τις
393 3754 566 3824 λέγων
600 3757 658 3810 τὸ
688 3755 911 3824 Πνεῦμα
932 3758 1027 3826 τῆς
1056 3754 1278 3825 κτιστῆς
1308 3753 1543 3822 φύσεως,
1587 3754 1680 3806 καὶ
1710 3771 1746 3824 μ

1920 3766 2051 3807 ausa
2083 3752 2137 3806 hi
2166 3752 2219 3807 in
2251 3754 2452 3823 quibus
2486 3754 2575 3807 ille
2602 3761 2705 3819 est,
2734 3754 2810 3808 dii
2852 3754 3179 3809 elliciuntur.
3228 3753 3383 3821 Quod
3423 3756 3468 3808 si

202 3848 297 3919 τῆς
323 3847 415 3901 τοῦ
446 3848 600 3903 Θεοῦ,
624 3848 720 3902 Διὰ
745 3848 900 3902 τοῦτο
934 3848 1042 3920 γὰρ
1072 3850 1167 3903 καὶ
1200 3850 1257 3901 ὲν
1283 3844 1362 3911 οἷς
1385 3848 1613 3917 γίνεται,
1636 3841 1750 3899 οῦτο

1920 3867 2009 3906 eos
2052 3852 2235 3915 efficit,
2278 3849 2504 3905 dubium
2552 3864 2658 3903 non
2693 3858 2797 3913 est,
2830 3850 2962 3918 quin
3003 3849 3118 3919 ejus
3144 3859 3338 3905 natura
3377 3850 3468 3903 Dei

200 3936 565 3991 θεοποιοῦνται
603 3956 617 3971 ο
762 3941 806 3992 εί
839 3939 895 3993 δὲ
922 3938 1174 4003 θεοποιεί,
1212 3940 1308 3993 οὐκ
1339 3938 1657 4009 ἀμφίϐολον,
1697 3937 1748 3991 ὅτ

1912 3944 1969 3996 it.
2003 3941 2159 4009 Quod
2209 3942 2337 3997 item
2392 3943 2691 3997 centesimo
2740 3943 2900 3997 tertio
2952 3944 3163 4013 psalmo
3212 3943 3460 4005 habetur.

200 4029 231 4099 ἡ
262 4028 447 4081 τούτου
480 4029 638 4096 φύσις
673 4031 806 4084 Θεοῦ
835 4032 966 4085 ἐστι.
996 4032 1103 4085 Καὶ
1130 4031 1209 4085 ἔτι
1242 4032 1300 4083 δὲ
1470 4030 1745 4103 φανερώτε

1916 4035 2084 4088 larius
2110 4034 2288 4089 adhuc
2314 4043 2697 4104 argumentum
2729 4035 2791 4089 ad
2821 4036 3023 4089 hancce
3044 4034 3294 4090 haeresim
3314 4052 3464 4091 ever—

203 4138 287 4191 ρον
312 4123 389 4184 εἰς
413 4122 692 4194 ἀναίρεσιν
743 4125 841 4196 τῆς
880 4124 1143 4196 αἱρέσεως
1176 4122 1378 4194 ταύτης
1432 4125 1488 4175 ἐν
1546 4122 1621 4192 τῷ
1652 4124 1751 4176 ὲκα

1914 4126 2097 4181 endam
2136 4127 2295 4181 nobis
2319 4125 2650 4196 suppeditat,
2678 4138 2737 4181 ut
2764 4129 2875 4198 jam
2903 4129 3220 4183 monuimus
3246 4146 3259 4183 :
3295 4146 3312 4178 ‹
3348 4129 3427 4181 Au
3448 4157 3462 4170 ο

197 4215 368 4287 τοστῷ
401 4216 570 4289 τρίτῳ
614 4217 813 4288 ψαλμῷ
834 4218 1039 4289 ᾅδεται,
1087 4219 1163 4281 ὡς
1196 4215 1502 4288 ἔμπροσθεν
1534 4218 1745 4286 είπομει

1913 4234 2020 4273 :res
2054 4219 2307 4287 spiritum
2346 4233 2557 4283 eorum,
2776 4228 2829 4272 et
2866 4218 3138 4284 deﬁcient,
3166 4230 3217 4274 et
3258 4219 3309 4273 in
3340 4221 3461 4289 pul-

206 4324 222 4355 ι
266 4308 598 4371 Ἀντανελείς
619 4309 679 4362 τὸ
710 4308 924 4381 πνεῦμα
958 4309 1158 4376 αὐτῶν,
1188 4310 1282 4362 καὶ
1322 4308 1652 4377 ὲκλείψουσι,
1688 4326 1754 4361 κα

1917 4325 2060 4365 erem
2088 4326 2247 4365 suum
2276 4320 2635 4365 revertentur.
2668 4310 2894 4366 Emittes
2920 4312 3179 4381 Spiritum
3203 4322 3376 4378 tuum,
3410 4322 3465 4366 et

202 4401 277 4462 εἰς
302 4401 390 4454 τὸν
422 4400 551 4471 χοῦν
581 4402 760 4456 αὐτῶν
810 4402 1245 4473 ἐπιστρέφουσιν.
1294 4399 1700 4465 Ἐξαποστελεῖς
1722 4416 1750 4451 τ

1914 4401 2233 4465 reabuntur,
2260 4410 2315 4455 et
2348 4402 2638 4455 renovahis
2668 4401 2860 4456 faciem
2893 4411 3049 4457 terrae
3098 4407 3139 4455 ⁸.
3164 4422 3182 4455 ν
3230 4402 3293 4456 Et
3326 4390 3462 4456 Pau-

204 4491 423 4563 Πνεῦμά
458 4511 572 4558 σου,
624 4494 715 4548 καὶ
760 4494 1165 4565 κτισθήσονται,
1218 4493 1312 4545 καὶ⁸
1364 4494 1752 4555 ἁνακαινιεῖςτ

1914 4510 1965 4548 ιε
1992 4493 2105 4548 haec
2128 4492 2251 4547 Tito
2284 4493 2473 4547 scribit
2498 4512 2510 4546 :
2549 4511 2565 4542 ι
2595 4491 2697 4547 Ρει·
2725 4494 3005 4546 lavacrum
3030 4494 3462 4562 regenerationis

202 4584 485 4655 πρόσωπον
516 4587 614 4656 τῆς
648 4587 803 4658 γῆς.»
848 4588 903 4639 'U
934 4586 990 4639 δὲ
1024 4584 1233 4647 Παῦλος
1267 4585 1467 4654 γράφει
1591 4580 1733 4648 Τίτῳ

1916 4596 1933 4641 ι
1966 4586 2337 4641 renovationis
2369 4584 2605 4655 Spiritus
2634 4585 2831 4651 sancti,
2867 4600 3028 4652 quem
3066 4584 3257 4639 ell‘udit
3281 4586 3333 4637 in
3364 4600 3464 4640 nos

208 4677 334 4728 «Διὰ
358 4677 580 4749 λουτροῦ
612 4678 1030 4747 παλιγγενεσίας
1058 4678 1152 4732 καὶ
1177 4674 1593 4738 ἀνακαινώσεως
1614 4674 1756 4727 Πνεύ

1916 4680 2094 4749 bunde
2110 4695 2204 4749 per
2223 4677 2409 4732 Jesum
2428 4677 2706 4732 Christum
2758 4681 2795 4729 ⁷.
2825 4696 2843 4729 ι
2870 4676 2925 4730 Si
2968 4676 3133 4746 igitur
3160 4676 3318 4731 Pater
3344 4691 3464 4729 om-

207 4783 366 4834 ματος
388 4769 563 4835 ἁγίου,
588 4762 646 4821 οῦ
678 4770 889 4840 ἐξέχεεν
916 4771 999 4839 ἐφ’
1040 4770 1187 4840 ἡμᾶς
1214 4766 1486 4831 πλουσίως
1541 4765 1625 4820 διὰ
1675 4767 1748 4838 ’1η

1922 4773 1970 4826 ia
2023 4787 2117 4841 per
2152 4769 2387 4824 Verbum
2443 4769 2495 4822 in
2534 4768 2739 4838 Spiritu
2788 4777 2941 4823 creat
2967 4779 3021 4823 et
3045 4778 3268 4821 renovat
3300 4786 3312 4820 :
3344 4782 3466 4836 qua:

207 4856 295 4908 σοῦ
330 4860 616 4929 Χριστοῦ.)
655 4862 717 4913 Εἰ
749 4860 805 4912 δὲ
834 4862 861 4912 ὁ
892 4860 1082 4932 Πατὴρ
1101 4859 1189 4913 διὰ
1207 4858 1300 4912 τοῦ
1338 4858 1511 4927 Λόγου
1544 4860 1601 4911 ἐν
1622 4854 1755 4911 lived

1917 4864 2185 4919 iniilitudo
2217 4871 2313 4917 aut
2338 4862 2593 4932 cognatio
2623 4850 2863 4916 ci'eantis
2886 4876 3010 4916 cum
3043 4860 3206 4915 rebus
3229 4860 3465 4915 creatis?

210 4968 334 5019 ματι
365 4954 502 5025 ἁγίῳ
673 4953 844 5017 κτίζει
906 4953 975 5005 τὰ
1024 4953 1220 5017 πάντα,
1280 4951 1372 5004 καὶ
1424 4948 1758 5014 ἁνακαινίζει

1914 4953 1977 5008 'el
2022 4954 2115 5023 qui
2150 4953 2375 5007 omnino
2446 4952 2563 5006 fieri
2610 4961 2777 5021 queat
2827 4959 2887 5005 ut
2928 4952 3017 5007 ille
3050 4966 3136 5006 res
3182 4953 3252 5006 sit
3282 4965 3462 5007 creata

208 5043 331 5095 ποία
358 5044 607 5115 ὁμοιότης
670 5044 701 5115 ἢ
765 5043 1054 5112 συγγένεια
1100 5042 1177 5114 τῷ
1234 5042 1470 5106 κτίζοντι
1529 5042 1666 5112 πρὸς
1716 5060 1756 5094 τι

1916 5066 1935 5102 ηι
1966 5064 2076 5117 quo
2108 5048 2295 5101 omnia
2331 5045 2632 5102 creantur?
2662 5045 2806 5101 Sane
2830 5061 2954 5100 cum
2995 5046 3159 5115 impia
3190 5047 3291 5101 hac
3337 5058 3464 5100 sen-

209 5135 507 5205 κτίσματα;
548 5138 619 5190 Ἦ
653 5138 789 5200 ὅλως
828 5137 944 5201 πῶς
988 5136 1052 5191 ἂν
1074 5138 1181 5208 εἴη,
1246 5138 1303 5189 ὲν
1358 5129 1402 5204 ᾧ
1448 5135 1689 5198 κτίζεται
1718 5152 1757 5187 τ;

1915 5142 2048 5197 :ntia
2074 5140 2160 5194 illa
2190 5139 2426 5193 cohaeret
2465 5151 2588 5207 quae
2620 5134 2746 5190 Filii
2781 5137 3121 5191 divinitatem
3160 5136 3463 5206 impugnat,

207 5228 395 5292 πάντα,
420 5229 657 5300 κτίσμα;
706 5229 1015 5281 Ἀκολουθεῖ
1067 5228 1175 5300 γὰρ
1218 5231 1283 5299 τῇ
1318 5226 1543 5297 τοιαύτῃ
1572 5227 1751 5295 δυσφη

1912 5242 1955 5285 la
1994 5230 2163 5299 utqui
2192 5229 2458 5298 Spiritum
2491 5244 2603 5283 rem
2639 5237 2879 5283 creatam
2910 5243 3030 5282 esse
3055 5227 3460 5294 contenderim,

214 5320 306 5389 μῖᾳ
343 5322 431 5373 καὶ
461 5324 493 5392 ἡ
526 5325 604 5385 εἰς
626 5322 716 5374 τὸν
758 5322 887 5375 Υίὸν
948 5321 1267 5393 βλασφημία
1322 5335 1336 5350 ⁶
1488 5321 1628 5373 ὥστε
1660 5320 1762 5372 τοὺς

1916 5323 2100 5378 iisdem
2126 5320 2284 5376 fateri
2328 5336 2550 5376 necesse
2579 5321 2651 5375 sit
2684 5318 2941 5384 Verbum,
2978 5334 3071 5388 per
3100 5320 3244 5387 quod
3281 5322 3464 5374 omnia

210 5411 452 5479 λέγοντας
482 5416 542 5468 τὸ
577 5412 800 5486 Πνεῦμα
835 5416 1039 5486 κτίσμα
1090 5418 1284 5479 εἰπεῖν,
1313 5417 1393 5469 ὅτι
1418 5415 1510 5469 καὶ
1534 5415 1561 5466 ὁ
1591 5412 1758 5479 Λόγος

1919 5426 2161 5481 reantur,
2191 5432 2303 5471 rem
2333 5429 2551 5485 quoque
2593 5424 2828 5468 creatam
2866 5429 3008 5468 esse.
3047 5412 3255 5465 Addam
3292 5412 3467 5481 Spiri-

210 5502 272 5554 δι⁹
295 5502 349 5558 οῦ
376 5507 442 5559 τὰ
470 5510 644 5561 πάντα
670 5508 935 5573 κτίζεται,
992 5509 1200 5578 κτίσμα
1257 5508 1422 5563 ἐστίν.
1478 5504 1652 5560 Είκὼν
1693 5522 1751 5556 το

1919 5520 1993 5559 im
2033 5504 2325 5574 imaginem
2353 5502 2473 5556 Filii
2500 5510 2555 5557 et
2578 5502 2683 5555 dici
2701 5512 2907 5556 etesse.
2936 5500 3094 5567 Nam,
3118 5521 3136 5551 ι
3158 5500 3307 5567 Quos
3329 5517 3467 5570 prse-

213 5594 335 5649 Υξοῦ
358 5599 569 5665 λέγεται
595 5603 688 5655 καὶ
721 5600 834 5654 ἐστι
864 5602 922 5654 τδ
954 5600 1199 5669 Πνεῦμα·
1237 5621 1253 5652 ι
1276 5600 1382 5665 Οῦς
1421 5622 1439 5653 ι
1476 5600 1585 5669 γὰρ
1624 5616 1757 5667 «προ

1918 5601 2039 5654 ιτίιὶι
2062 5608 2114 5654 et
2137 5598 2542 5668 prmdestinavit
2564 5596 2877 5651 conformes
2915 5598 3028 5649 lieri
3058 5595 3312 5663 imaginis
3343 5594 3466 5651 Filii

281 5774 295 5803 ¹
328 5774 363 5828 ll
386 5774 506 5831 Cor.
539 5792 597 5840 ιι,
632 5776 720 5830 l5.
782 5775 803 5805 ¹
828 5773 1007 5829 Galat.
1038 5789 1113 5839 tv,
1157 5774 1242 5828 l9.
1293 5775 1312 5807 ³
1344 5772 1383 5829 ll
1419 5777 1565 5830 Petr.
1601 5774 1718 5843 1,4.

212 5838 298 5899 50.
360 5862 370 5877 ο
408 5846 513 5902 Tit.
550 5865 630 5902 ιιι.
656 5847 707 5900 5.

1921 5789 1996 5829 or.
2022 5786 2102 5841 in,
2148 5769 2348 5838 16,17.
2418 5767 2669 5824 'lJoan.
2702 5782 2774 5837 tv,
2833 5768 2919 5822 l3.
3002 5768 3022 5799 ‘
3063 5766 3208 5823 Psal.
3242 5766 3469 5833 cn,29,

522 5948 791 6009 l‘ATuUL.
836 5947 955 6007 Gtt.
998 5944 1262 6007 CXXX.
3025 5935 3102 5995 23
