3768 6592
424 408 527 472 7:5
1677 404 2059 467 EU'l‘llYMll
2099 404 2460 467 ZIGABENI
3512 418 3589 483 ἠδ

384 526 510 617 sui
548 546 625 602 ⁸.»
640 544 827 617 itaque
855 558 979 599 cum
1004 541 1105 613 ipsi
1131 540 1399 596 fateantur
1416 539 1613 596 Filium
1631 556 1745 597 rem
1767 557 1872 598 ere:

2110 542 2251 608 ἐγνω
2306 537 2401 591 καὶ
2451 534 2728 607 προώρισε
2783 532 3137 605 συμμόρφους
3190 532 3280 605 τῆς
3322 538 3491 607 εἰκόνος
3528 551 3592 603 της

424 596 510 605 __-
577 596 825 617 ---ωηη
1024 596 1077 613 ,κ
1672 596 1677 597 κ

389 596 532 697 inoo
560 654 704 707 esse,
746 653 848 694 nec
874 637 1037 693 etiam
1065 635 1185 706 ejus
1205 635 1385 705 imago
1414 649 1502 691 res
1525 644 1709 691 creata
1732 650 1877 692 eensr

2110 631 2241 687 Υίοῦ
2271 628 2459 685 αὑτοῦ.
2499 645 2519 678 ι
2660 624 2870 681 Οὐκοῦν
2898 627 2988 681 τοῦ
3017 624 3144 679 Υίοῦ
3175 629 3260 681 καὶ
3285 632 3387 686 κατ’
3420 636 3596 705 ἐκείνους

406 708 526 790 ⁴ιιι-ιι.
546 730 736 798 Qualis
758 729 901 784 enim
926 726 1090 783 fuerit
1118 727 1321 798 imago,
1342 727 1502 781 talem
1529 741 1751 782 necesse
1774 736 1858 783 est
1882 744 1894 782 t

2108 721 2542 796 ὁμολογουμένου
2584 721 2657 793 μὴ
2691 716 2833 772 εἶναι
2853 718 3167 789 κτίσματος,
3199 720 3290 773 οὐκ
3320 722 3376 775 ἂν
3421 727 3488 797 εἴη
3511 733 3596 783 σπι

404 840 545 881 esse
578 823 737 894 cujus
775 823 955 892 imago
988 820 1175 876 fuerit.
1213 818 1370 875 Unde
1402 820 1892 890 quemadmodum.

2111 820 2141 889 ἡ
2182 816 2373 870 τούτου
2396 814 2560 870 εἰκὼν
2586 814 2811 884 κτίσμα.
2851 812 3043 866 Ὀποία
3084 811 3187 881 γὰρ
3220 811 3280 865 ἂν
3324 816 3395 886 εἴη
3417 819 3444 887 ἡ
3465 820 3599 887 εἰκὼν,

423 917 621 972 merito
652 932 717 971 ac
743 916 1130 971 convenienter
1164 913 1406 970 Verbum
1442 928 1531 969 res
1559 923 1741 969 creata
1769 929 1891 969 esse

2111 910 2350 965 τοιοῦτον
2388 909 2603 979 ἀνάγκη
2658 909 2752 961 xui
2775 906 2888 969 τὸν,
2935 898 3174 963 οῦὲστιν
3227 906 3258 974 ἡ
3305 906 3457 971 εἰκὼν,
3485 907 3599 965 εἶναι.

420 1020 603 1081 gatur,
632 1011 759 1081 quia
781 1020 866 1066 est
889 1012 1071 1080 imago
1101 1009 1281 1065 Patris
1307 1029 1320 1064 :
1354 1009 1426 1063 ita
1454 1009 1546 1079 qui
1572 1008 1835 1079 Spiritum
1869 1010 1905 1064 it

2116 1002 2273 1057 Ὅθεν
2303 1002 2529 1066 εἰκότως
2555 1001 2647 1055 καὶ
2708 999 3029 1069 πρεπόντως
3060 998 3088 1049 ὁ
3124 997 3286 1065 Λόγος
3340 1001 3604 1071 ὁμολογεῖται

408 1120 515 1162 τες
557 1115 770 1160 creatas
818 1105 1085 1161 collocare
1128 1120 1235 1158 non
1284 1103 1635 1169 dubitaverit,
1678 1119 1786 1157 non
1832 1118 1896 1173 po

2118 1095 2188 1168 μὴ
2220 1095 2295 1150 ὢν
2330 1095 2555 1166 κτίσμα,
2605 1092 2768 1148 εἰκὼν
2824 1092 2916 1146 τοῦ
2963 1090 3177 1162 Πατρὸς
3221 1091 3462 1163 6mgng-
3489 1096 3606 1167 ὁάρα

425 1200 558 1269 quin
586 1198 787 1254 Filium
832 1214 962 1253 cum
1023 1196 1217 1253 iisdem
1257 1205 1622 1251 annurneret:
1673 1211 1737 1250 ac
1782 1196 1913 1265 proin

2120 1192 2221 1253 τοῖς
2252 1187 2517 1257 κτίσμασι
2573 1184 2925 1257 συναριθμῶν
2979 1182 3040 1235 τὸ
3088 1180 3301 1253 Πνεῦμα
3453 1186 3608 1250 πάντως

426 1292 492 1345 ad
535 1290 713 1361 ipsum
758 1288 973 1344 Patrem
1008 1289 1240 1343 refertur
1263 1286 1529 1358 quidquid
1553 1287 1720 1357 impie
1755 1287 1822 1342 de
1845 1288 1914 1341 hu

2121 1300 2213 1335 που
2243 1282 2335 1335 καὶ⁵
2366 1281 2458 1335 τὸν
2480 1280 2607 1334 Υίδν
2638 1282 2693 1335 ὲν
2725 1277 2934 1341 τούτοις
2966 1273 3360 1345 συναριθμήσει,
3382 1276 3609 1349 δυσερημῶν

429 1384 664 1454 imagine
698 1383 932 1439 senserit
956 1382 1245 1437 dixeritve.

2125 1378 2169 1426 ὲν
2201 1374 2377 1444 τούτῳ
2405 1374 2500 1427 καὶ
2526 1372 2618 1425 τὸν
2648 1372 2869 1442 Πατέρα
2901 1369 2987 1423 διὰ
3012 1369 3110 1438 τὴν
3135 1370 3211 1429 εἰς
3242 1368 3331 1438 τὴν
3356 1370 3507 1422 εἰκόνα
3528 1372 3613 1424 τοῦ·

2112 1484 2205 1519 του
2380 1466 2439 1518 δυ
2448 1481 2556 1534 σερη
2565 1463 2708 1534 μίαν.

608 1542 795 1612 Itaque
818 1540 1164 1597 manifestum
1188 1549 1270 1595 est
1295 1538 1558 1611 Spiritum
1586 1538 1753 1595 alium
1782 1538 2007 1594 omnino

2315 1556 2478 1609 Ἀλλο
2504 1555 2613 1627 ἄρα
2644 1554 2753 1608 τῶν
2776 1552 3091 1623 κτισμάτων
3116 1551 3229 1603 ἐστὶ
3256 1550 3312 1602 τὸ
3337 1549 3537 1621 Πνεῦμα,
3552 1556 3615 1606 καὶ

425 1652 551 1694 esse
577 1654 607 1692 a
634 1638 797 1693 rebus
825 1638 1043 1701 creatis,
1071 1649 1310 1705 eumque
1337 1634 1682 1689 ostendimus
1720 1634 1907 1705 propri

2126 1649 2384 1705 δέδεικται
2411 1649 2609 1721 μᾶλλον
2645 1648 2773 1701 ῐδιον
2798 1643 2936 1699 εἶναι
2971 1644 3064 1698 τοῦ
3126 1644 3273 1708 Υξοῦ,
3329 1646 3411 1696 καὶ
3434 1646 3483 1696 οὐ
3511 1646 3614 1711 ξένον

428 1729 549 1785 Filii
581 1745 722 1797 esse,
748 1745 857 1784 non
885 1737 1064 1784 autem
1088 1744 1118 1783 a
1151 1726 1263 1782 Deo
1290 1728 1548 1784 alienum.
1587 1726 1835 1798 Namque
1865 1746 1916 1798 ιιι

2128 1744 2212 1797 τοῦ
2238 1742 2394 1797 Θεοῦ.
2432 1742 2543 1795 Καὶ
2602 1741 2709 1813 γὰρ
2741 1741 2961 1793 κάκεῖνο
3016 1737 3078 1790 τὸ
3130 1736 3288 1805 σοφὸν
3342 1736 3495 1790 αὐτῶν
3522 1739 3616 1808 ipo-

428 1823 497 1880 ad
533 1824 737 1879 hancce
759 1832 976 1878 acutam
1005 1822 1225 1875 illorum
1247 1820 1732 1890 interrogationem
1764 1830 1914 1892 speet

2128 1850 2285 1906 εημα·
2320 1835 2384 1887 El
2418 1835 2482 1888 ὲκ
2537 1831 2632 1888 τοῦ
2675 1831 2811 1885 Θεοῦ
2844 1834 2960 1883 ἐστι
3025 1829 3086 1882 τὸ
3126 1827 3358 1898 Πνεῦμα,
3410 1828 3482 1880 διὰ
3504 1830 3542 1880 τί
3571 1831 3616 1898 μὴ

428 1917 490 1971 Si
526 1915 762 1986 Spiritus
795 1931 860 1970 ex
892 1915 1002 1971 Deo
1043 1928 1148 1981 est,
1174 1930 1346 1986 quare
1378 1931 1484 1969 non
1524 1915 1637 1983 ipse
1663 1928 1885 1984 quoque

2132 1895 2332 1997 ιέΙγεται
2361 1926 2455 1980 καὶ
2498 1924 2632 1979 αὐτὸ
2686 1924 2814 1987 Υἱός
2858 1942 2872 1989 ;
3055 1895 3325 1973 Δέδεικται
3356 1920 3441 1990 μὲν
3479 1921 3524 1973 ὲν

426 2012 539 2066 lius
561 2010 810 2067 dicitur?
852 2008 1025 2075 Hane,
1069 2009 1292 2080 inquam
1312 2050 1326 2075 ,
1354 2007 1813 2078 quaestiunculam
1844 2023 1911 2061 au

2132 2022 2430 2093 ἔμπροσθεν
2464 2020 2562 2092 ἤδη
2593 2018 2863 2090 προπετὲς
2898 2018 2992 2069 καὶ
3026 2013 3318 2085 τολμηρὸν,
3348 2013 3620 2067 δείκνυταιᾶ

417 2119 549 2158 cem
584 2113 638 2158 et
669 2102 1014 2159 temerariam
1059 2116 1180 2157 esse
1220 2116 1384 2170 supra
1427 2098 1538 2169 jam
1581 2109 1862 2154 ostensum
1894 2115 1905 2152 ι

2134 2114 2213 2165 toti
2243 2111 2339 2165 νῦν
2371 2110 2523 2163 οὐδὲν
2556 2104 2738 2181 ἦττον.
2787 2108 2849 2159 Εἰ
2884 2107 2992 2177 γὰρ
3041 2105 3138 2157 καὶ
3169 2105 3241 2175 μὴ
3268 2102 3386 2167 Υἱὸς
3417 2103 3568 2173 ἐλέχθη
3586 2105 3622 2156 ἐν

420 2197 528 2252 sed
563 2196 705 2251 idem
749 2194 1107 2250 nihilominus
1132 2209 1325 2248 rursus
1352 2192 1641 2248 ostendere
1671 2206 1780 2245 non
1817 2206 1908 2261 gra

2136 2206 2238 2266 rati;
2266 2204 2533 2274 Γραφαῖς,
2563 2200 2698 2254 ἀλλὰ
2728 2199 2953 2269 Πνεῦμα
3002 2196 3095 2250 τοῦ
3133 2196 3265 2249 Θεοῦ
3314 2232 3327 2253 ,
3445 2197 3493 2247 ὲν
3525 2196 3624 2265 αὐτῷ

429 2289 636 2345 himur.
689 2287 930 2344 Tametsi
982 2287 1127 2341 enim
1155 2284 1391 2355 Spiritus
1426 2285 1481 2339 in
1517 2282 1815 2354 Scripturis
1845 2281 1917 2336 Fil

2137 2293 2198 2366 τῷ
2222 2294 2340 2365 Θεῷ
2374 2294 2468 2348 καὶ
2499 2293 2559 2358 ἐξ
2583 2292 2748 2346 αὑτοῦ
2778 2290 2871 2344 τοῦ
2927 2290 3061 2343 Θεοῦ
3112 2288 3342 2359 εἴρηται,
3375 2288 3439 2350 ὡς
3467 2291 3488 2340 6
3514 2288 3625 2341 Ἀπέ-

436 2398 542 2435 non
571 2382 791 2445 dicitur,
820 2380 915 2433 sed
964 2378 1201 2447 Spiritus
1236 2375 1366 2438 Dei,
1401 2384 1581 2430 tamen
1627 2377 1679 2429 in
1731 2376 1852 2444 ipso
1884 2375 1924 2428 Ι)

2140 2388 2307 2449 πολος
2334 2386 2591 2458 ἔγραψεν.
2628 2386 2690 2437 El
2720 2384 2776 2437 δὲ
2805 2384 2833 2436 6
2858 2383 3005 2446 Υἱὸς,
3061 2382 3250 2452 ἐπειδὴ
3286 2383 3346 2433 ὲκ
3374 2380 3455 2433 τοῦ
3480 2380 3628 2448 Πατρός

432 2486 487 2527 rt
515 2490 579 2528 ex
606 2474 723 2541 ipso
755 2470 864 2527 Deo
903 2487 1024 2526 esse
1063 2470 1240 2525 dictus
1272 2478 1374 2535 est,
1407 2470 1483 2523 uti
1522 2471 1744 2539 scripsit
1787 2469 1920 2540 Apes

2141 2484 2294 2542 ἐστιν,
2331 2477 2460 2539 ἴδιος
2489 2477 2586 2546 τῆς
2615 2474 2801 2538 οὐσίας
2830 2472 2994 2527 αὐτοῦ
3030 2474 3182 2525 ἐστιν
3224 2509 3239 2531 ,
3370 2472 3548 2539 ἀνάγκη
3567 2471 3629 2523 καὶ

438 2570 521 2621 lus
554 2566 599 2619 ’.
627 2564 802 2619 Porro
846 2564 891 2619 si
924 2562 1095 2617 Filios
1125 2563 1252 2631 quia
1275 2572 1359 2617 est
1414 2576 1477 2615 ex
1534 2560 1713 2627 Patre,
1757 2575 1922 2632 propr

2137 2566 2183 2619 τὸ
2215 2563 2457 2633 Πνεῦμα,
2483 2562 2548 2613 ὲκ
2577 2559 2673 2611 τοῦ
2708 2557 2843 2611 Θεοῦ
2871 2558 3193 2627 λεγόμενον,
3237 2558 3365 2611 ἴδιον
3396 2554 3516 2612 εἶναι
3543 2563 3625 2612 κατ¹

437 2657 643 2712 ideirco
671 2655 912 2724 ejusdem
948 2655 1271 2710 substantiae
1298 2663 1418 2721 est;
1449 2669 1675 2710 necesse
1705 2664 1788 2710 est
1817 2656 1919 2709 sim

2140 2660 2311 2715 >ὐσίαν
2338 2660 2434 2714 τοῦ
2450 2656 2605 2713 Υίοῦ.
2645 2657 2701 2711 Ἀ
2713 2654 2862 2726 μέλει
2880 2654 2974 2708 τοῦ
3002 2653 3215 2724 Κυρίου
3235 2655 3378 2718 ὄντος
3398 2654 3628 2717 Nolui-.6

439 2761 517 2806 ter
584 2749 848 2819 Spiritum
897 2748 991 2819 qui
1024 2765 1090 2804 ex
1119 2748 1231 2803 Deo
1261 2764 1386 2804 esse
1440 2749 1663 2813 dicitur,
1723 2748 1927 2818 proprii

2136 2755 2186 2807 τὸ
2215 2754 2435 2824 Πνεῦμα
2452 2754 2669 2825 εἴρηται
2690 2751 2913 2819 Πνεῦμα
2936 2750 3238 2813 υἱοθεσίας.
3279 2769 3297 2802 ι
3338 2751 3407 2803 Οὐ
3436 2751 3624 2819 γὰρὲλέσ

436 2860 656 2914 quoque
706 2841 829 2895 Filii
884 2856 1005 2897 esse
1071 2841 1366 2897 secundam
1430 2842 1820 2898 substantiam.
1859 2843 1924 2897 Cr

2227 2866 2251 2901 ε
2287 2847 2502 2916 πνεῦμα
2536 2846 2781 2909 δουλείας
2809 2844 2980 2899 πάλιν
3004 2845 3083 2908 εἰς
3124 2843 3310 2912 φόδονυ
3341 2842 3629 2895 ἀλλ’ὲλὰϐιτε

441 2934 1198 3005 quemadmodumDominus
1234 2943 1319 2990 est
1356 2932 1551 3000 Filius,
1588 2934 1661 2989 ita
1720 2936 1832 3003 ipse
1890 2934 1928 2989 S

2222 2936 2353 3006 ιῦμα
2410 2935 2709 2995 υἱοθεσίαςο
2755 2952 2775 2985 ι
2845 2939 2940 2986 καὶ
2970 2928 3151 2996 αὖθιςο
3220 2932 3633 2997 Ἐξαπέστειὶενό

436 3029 580 3084 rius
646 3027 875 3096 spiritus
903 3028 1219 3097 adoptionis
1263 3027 1446 3081 dictus
1480 3036 1584 3082 est.
1634 3046 1651 3079 ι
1691 3025 1810 3081 Non
1870 3041 1924 3080 cr

2222 3046 2258 3094 νς
2300 3030 2361 3083 τὸ
2398 3027 2623 3096 Πνεῦμα
2666 3025 2761 3081 τοῦ
2795 3025 2929 3079 Υίοῦ
2989 3026 3163 3080 αὐτοῦ
3208 3029 3289 3090 είς
3333 3027 3422 3089 τὰς
3466 3026 3632 3095 καρδίις

441 3118 733 3191 accepistis
770 3117 1034 3187 Spiritum
1077 3118 1364 3174 servitutis
1404 3118 1602 3172 iterum
1658 3120 1710 3171 in
1739 3121 1929 3173 timore

2222 3122 2303 3185 Iw,
2355 3121 2580 3191 κράζον-
2660 3118 2851 3182 ⁶Α66ἆ,
2901 3120 2930 3171 6
2977 3118 3199 3189 Πατήρ.
3236 3137 3255 3169 ι
3320 3119 3378 3169 ’0
3406 3117 3455 3169 δὲ
3482 3117 3635 3184 Πέτρος

442 3210 541 3266 sed
590 3198 881 3280 accepistis
945 3211 1209 3281 Spiritum
1288 3211 1601 3279 adoptionis
1630 3211 1695 3277 ³;
1736 3230 1754 3263 ›
1803 3222 1858 3267 et
1912 3212 1927 3266 i

2222 3229 2387 3283 ναφεν·
2430 3232 2449 3263 ι
2487 3212 2546 3266 ΕΞ
2572 3212 2898 3277 ὀνειδίζεσθε
2930 3216 2987 3266 ὲν
3016 3213 3245 3281 ὀνόματι
3290 3209 3521 3281 Χριστοῦ,
3567 3225 3637 3277 μα⁸

445 3319 567 3359 rum
604 3321 620 3359 :
660 3324 678 3357 ι
722 3304 866 3359 Misit
891 3303 1035 3360 Deus
1063 3304 1334 3375 Spiritum
1377 3303 1496 3359 Filii
1530 3307 1617 3360 sui
1655 3305 1708 3360 in
1732 3306 1896 3361 corda
1930 3322 1933 3327 ‘

2222 3320 2334 3359 ›ιοι’
2364 3306 2447 3358 ὅτι
2484 3305 2544 3357 τὸ
2577 3304 2676 3374 τῆς
2711 3303 2869 3371 δόξης
2904 3302 2998 3357 καὶ
3052 3302 3341 3370 δυνάμεως
3379 3298 3464 3351 καὶ
3508 3295 3637 3349 τδτοῦ

445 3407 580 3466 stra,
602 3398 927 3454 clamantem
954 3416 968 3452 :
994 3398 1172 3464 Abba,
1196 3398 1377 3455 Pater.
1404 3399 1425 3430 ⁸
1456 3419 1474 3451 ι
1506 3399 1703 3454 Petrus
1731 3399 1858 3454 item
1889 3414 1933 3454 St

2222 3400 2266 3451 ιῦ
2296 3397 2523 3467 Πνεῦμα
2555 3395 2640 3465 ἐφ’
2670 3396 2816 3464 ὑμᾶς
2845 3394 3293 3449 ἀναπέπαυται.)
3338 3391 3391 3445 ’0
3421 3390 3467 3442 δὲ
3493 3387 3639 3457 Κύριος

452 3492 530 3545 hit
561 3507 576 3547 :
616 3509 633 3543 ι
669 3492 720 3547 ei
748 3491 1158 3561 exprobratnini
1195 3495 1250 3546 in
1290 3492 1517 3548 nomine
1573 3491 1802 3558 Christi,
1855 3492 1940 3546 he:

2152 3494 2323 3562 ;ῐρηκε
2354 3490 2579 3560 Πνεῦμα
2603 3490 2703 3560 τῆς
2730 3488 2991 3558 ἀληθείας
3037 3489 3132 3540 καὶ
3174 3484 3512 3556 Παράκλητον
3544 3476 3640 3533 altat

446 3584 705 3653 quoniam
734 3585 921 3655 gloriae
951 3594 1005 3639 et
1036 3585 1252 3640 virtutis
1272 3593 1326 3640 et
1344 3584 1437 3639 Dei
1472 3582 1713 3653 Spiritus
1733 3599 1898 3655 super
1932 3601 1934 3608 '

2226 3582 2472 3651 Πνεῦμα·
2518 3583 2577 3646 ἐξ
2604 3575 2962 3636 οὗδείκνυται
2987 3580 3211 3633 τελείαν
3254 3572 3393 3630 εἶναι
3439 3579 3489 3627 ὲν
3516 3574 3640 3639 τούτῳ

448 3677 717 3745 requievit
745 3677 789 3742 ⁸,
817 3696 838 3730 ι
876 3676 993 3746 Ipse
1018 3687 1201 3731 autem
1222 3677 1486 3733 Dominus
1521 3675 1788 3747 Spiritum
1826 3677 1936 3732 veri

2156 3681 2237 3746 τὴν
2292 3676 2519 3747 Τριάὂα.
2573 3676 2666 3728 Ἐν
2719 3676 2894 3744 τούτῳ
2923 3673 2975 3742 γ’
3014 3673 3111 3727 οὖν
3146 3676 3175 3726 6
3203 3675 3377 3740 Λόγος
3424 3670 3510 3739 τὴν
3564 3666 3644 3719 κτξ.

446 3771 519 3825 tis
550 3768 813 3839 Spiritum
852 3778 905 3825 et
943 3768 1285 3825 Paracletum
1322 3785 1445 3825 esse
1496 3781 1680 3840 aperte
1726 3778 1929 3824 testato

2150 3791 2221 3825 τιν
2254 3770 2491 3837 δοξάζει,
2529 3768 2795 3822 θεοποιῶν
2823 3767 2879 3821 δὲ
2911 3767 3005 3821 καὶ
3039 3767 3309 3821 υἰοποιῶν
3336 3764 3569 3833 προσάγει
3589 3760 3638 3827 τῷ

449 3862 526 3918 Ex
548 3862 749 3931 quibus
780 3871 925 3932 patet
945 3862 1238 3931 perfectam
1260 3862 1315 3917 in
1342 3862 1433 3917 illo
1455 3876 1577 3917 esse
1604 3861 1937 3916 Trinitatem.

2160 3865 2332 3936 Ιατρί.
2366 3864 2438 3916 Τὸ
2470 3864 2526 3916 δὶ
2551 3863 2824 3916 συνάπτον
2856 3861 2935 3932 τῷ
2966 3860 3133 3932 Λόγῳ
3165 3860 3267 3931 τὴν
3304 3860 3471 3913 κτίσιν
3500 3857 3577 3909 οὐκ
3604 3854 3647 3905 ἂν

450 3956 544 4011 illo
570 3954 993 4026 itaqueVerhum
1016 3970 1104 4008 res
1126 3964 1337 4009 creatas
1358 3953 1649 4025 gloriﬁcat,
1671 3953 1938 4008 homineet

2168 3959 2219 4021 τη
2263 3957 2395 4010 αὐτὸ
2428 3958 2537 4010 τῶν
2566 3957 2905 4025 κτισμάτων·
2961 3955 3058 4007 καὶ
3115 3954 3179 4009 τὸ
3224 3952 3486 4007 υἱοποιοῦν
3512 3950 3555 4003 δὲ
3582 3949 3646 4015 τὴν

450 4049 583 4102 deos
600 4057 654 4101 et
685 4047 829 4102 filios
850 4047 1092 4100 efﬁciens
1122 4046 1263 4099 Patri
1291 4045 1533 4101 adducit.
1554 4045 1718 4115 Atqui
1749 4046 1795 4100 is
1820 4044 1914 4114 qui

2156 4050 2335 4113 ιτίσιν,
2358 4051 2461 4103 οὐκ
2488 4050 2554 4103 ἂν
2580 4049 2664 4120 εἴη
2691 4049 2841 4115 ξένον
2872 4047 2966 4102 τοῦ
2999 4047 3161 4102 Υίοῦ’
3200 4051 3327 4103 ἐπεὶ
3363 4048 3526 4116 ζητεῖν
3566 4044 3644 4095 ἓτε-

453 4148 667 4193 creatas
697 4153 820 4194 eum
852 4137 1027 4192 Verbo
1056 4137 1362 4211 coniungit,
1401 4138 1518 4207 ipse
1545 4146 1692 4192 certe
1722 4153 1807 4192 res
1843 4152 1941 4193 ere.

2160 4158 2230 4194 ιον
2260 4142 2473 4211 ἀνάγκη
2513 4139 2758 4207 Πνεῦμα,
2786 4141 2870 4193 ἵνα
2900 4139 3186 4195 καὶτοῦτο
3215 4142 3272 4192 ὲν
3319 4140 3497 4206 ἐκείνῳ
3537 4150 3648 4187 cava-

451 4246 571 4287 ι-εεε
591 4247 697 4285 non
724 4241 925 4302 potest.
945 4231 1046 4298 Qui
1070 4232 1198 4285 item
1218 4246 1305 4286 res
1325 4240 1539 4286 creatas
1558 4230 1697 4287 ﬁlios
1717 4230 1902 4297 ellleit,
1925 4249 1939 4285 ι

2160 4234 2244 4305 >θῇ
2273 4233 2351 4304 τῷ
2374 4234 2556 4303 Λόγῳ.
2590 4234 2736 4287 Ἀλλ’
2758 4233 2959 4286 ἄτοπον
2984 4232 3169 4288 τοῦτο.
3199 4234 3315 4285 Οὐκ
3358 4232 3458 4301 ἄρα
3488 4230 3574 4282 τῶν
3591 4242 3648 4293 γε·

456 4332 635 4392 potest
663 4337 693 4377 a
719 4322 858 4378 Filio
888 4324 1103 4377 alienus
1129 4337 1272 4379 esse.
1298 4324 1550 4393 Alioquin
1580 4324 1746 4377 alium
1773 4322 1944 4395 Spiris

2158 4328 2314 4398 ιητῶν
2353 4328 2553 4380 ὲστιτδ
2588 4321 2834 4395 Πνεῦμα,
2899 4326 3174 4380 ἀλλ’ῐδιον
3229 4325 3331 4395 τῆς
3362 4323 3451 4376 τοῦ
3495 4316 3646 4386 [πατρὸς

455 4429 697 4481 quaerere
719 4428 947 4469 necesse
966 4424 1130 4480 esset,
1148 4424 1201 4467 ut
1220 4415 1323 4469 iste
1343 4415 1397 4469 in
1430 4415 1524 4470 illo
1554 4430 1677 4470 cum
1702 4414 1877 4471 Verbo
1905 4431 1943 4471 ct

2164 4420 2412 4489 ῑεὸτητος,
2439 4422 2496 4471 ὲν
2522 4410 2566 4486 ᾧ
2600 4420 2692 4471 καὶ
2724 4418 2790 4470 τὰ
2826 4417 3032 4489 γενητὰ
3065 4419 3094 4471 6
3129 4419 3306 4486 Λόγος
3341 4416 3568 4469 Θεοποιεῖ.
3591 4408 3652 4461 Ἐν

450 4509 602 4577 iungi
635 4516 839 4579 posset.
884 4506 1077 4563 Verum
1115 4508 1166 4562 id
1209 4509 1599 4578 perabsurdum
1630 4517 1733 4565 est.
1787 4509 1938 4579 Quap

2166 4510 2266 4577 )δὲ
2294 4513 2619 4567 θεοποιεῖται
2651 4513 2683 4582 ἡ
2741 4514 2938 4577 κτίσις,
2994 4513 3095 4565 οῦκ
3123 4512 3196 4566 ἂν
3255 4514 3341 4581 εἴη
3379 4511 3520 4571 ἐκτὸς
3565 4502 3654 4557 αὐτὸ

456 4612 574 4669 pter
602 4602 883 4657 latendum
906 4612 988 4656 est
1015 4615 1124 4655 non
1156 4617 1221 4655 ex
1245 4603 1408 4658 rebus
1427 4602 1583 4658 factis
1607 4617 1728 4657 esse
1747 4600 1944 4671 Spiritu

1431 4602 1583 4658 faelis
1607 4617 1728 4657 esse
1747 4600 2036 4671 Spiritum,
2140 4606 2238 4673 τῆς
2280 4603 2375 4659 τοῦ
2403 4605 2611 4674 Πατρδς
2645 4606 2919 4673 θεότητος.

455 4699 547 4753 Sed
568 4697 875 4751 divinitatis
900 4693 1079 4749 Patris
1109 4696 1384 4765 proprium
1426 4711 1569 4759 esse,
1600 4695 1654 4749 in
1685 4707 1794 4765 quo
1834 4704 1887 4750 et
1918 4697 2096 4765 ipsum
2140 4695 2374 4753 Verbum
2416 4713 2503 4754 res
2541 4698 2712 4755 factas-
2748 4699 2945 4754 divinae
2969 4710 3181 4755 natura:
3215 4710 3490 4756 consortes
3514 4696 3655 4751 rediit-

455 4792 618 4859 Atqui
642 4790 690 4845 is
716 4790 770 4843 in
809 4806 920 4859 quo
959 4799 1154 4845 natura
1188 4800 1371 4845 creata
1398 4792 1702 4846 divinitatis
1733 4791 1791 4845 fit
1824 4795 2120 4863 particeps,
2152 4801 2307 4849 extra
2353 4792 2529 4848 Patris
2559 4796 2896 4850 divinitatem
2934 4799 3046 4867 ipse
3076 4814 3206 4854 esse
3244 4814 3353 4852 non
3382 4812 3555 4869 potest.

525 4884 792 4940 Caeterum
826 4900 893 4941 ex
956 4885 1043 4940 his
1092 4902 1310 4956 quoque
1351 4889 1631 4957 percipere
1676 4887 1806 4942 licet
1861 4888 2013 4958 Spiri

2215 4891 2416 4944 Ὅτιδὲ
2457 4892 2569 4946 ἄνω
2599 4894 2695 4962 τῆς
2732 4893 2969 4956 κτίσεώς
3003 4896 3123 4947 ἐστι
3186 4897 3253 4948 τὸ
3317 4894 3541 4963 Πνεῦμα,
3597 4888 3660 4939 καὶ

460 4991 570 5033 tum
595 4979 760 5034 rebus
792 4979 990 5034 creatis
1054 4979 1391 5048 superiorem
1443 4981 1725 5051 aliumque
1776 4995 1807 5034 a
1869 4980 1948 5036 rel

2177 4982 2269 5036 λὶο
2301 4983 2397 5053 μὲν
2434 4986 2586 5054 παρὰ
2610 4986 2708 5054 τὴν
2770 4985 2879 5037 τῶν
2931 4988 3183 5058 γενητῶν
3231 4987 3418 5056 φύσιν,
3484 4987 3593 5039 ἴδιον
3627 4981 3663 5031 δὲ

462 5072 619 5127 factis
639 5087 781 5128 esse.
810 5070 1011 5142 Nempe
1046 5073 1404 5127 immutabilis
1429 5083 1486 5129 et
1511 5073 1792 5129 varietatis
1827 5090 1950 5144 expt

2176 5079 2241 5146 ἧς
2265 5079 2541 5149 θεότητος,
2568 5079 2751 5145 ἔξεστι
2782 5081 2876 5132 καὶ
2930 5082 2993 5132 ἐκ
3030 5080 3229 5133 τούτου
3263 5082 3428 5134 πάλιν
3470 5078 3660 5131 dumosis.

458 5174 539 5219 est
566 5162 804 5235 Spiritus
851 5174 1118 5219 sanctus:
1180 5182 1196 5215 ι
1229 5164 1467 5233 Spiritus
1527 5175 1777 5231 sanctus,
1831 5167 1946 5236 inqt

2178 5176 2450 5241 Ατρεπτον
2482 5175 2576 5224 καὶ
2611 5172 2970 5225 ἀναλλοίωτὸν
3000 5175 3114 5226 ἔστι
3148 5173 3213 5226 τὸ
3232 5173 3457 5243 Πνεῦμα
3477 5172 3666 5235 τὺᾶγιον·

458 5256 757 5325 disciplinae
784 5255 956 5325 fugiet
979 5257 1185 5317 dolum.
1215 5266 1269 5311 et
1295 5256 1515 5310 auferet
1545 5270 1603 5311 se
1633 5272 1661 5310 a
1692 5257 1946 5326 cogitatio

2200 5265 2388 5332 Ἀγιον
2469 5266 2599 5335 γὰρ,
2653 5264 2809 5338 φησὶ,
2865 5267 3088 5335 Πνεῦμα
3147 5269 3408 5329 παιδείας
3465 5263 3663 5335 periisti:

460 5353 560 5403 bus
586 5365 707 5418 quae
736 5359 865 5403 sunt
897 5349 1313 5403 sineiotcllectu
1338 5349 1416 5401 ⁷.»
1446 5350 1511 5404 Et
1530 5351 1726 5404 Petrus
1751 5351 1827 5404 ait
1863 5369 1877 5405 :
1916 5370 1934 5402 ι

2179 5359 2317 5421 ὁλον,
2339 5359 2433 5411 καὶ
2463 5360 2915 5425 ἁπαναστήσεται
2950 5360 3057 5413 ἀπὸ
3086 5359 3379 5432 λογισμῶν
3400 5360 3667 5413 ἀσυνέτων.»

462 5442 977 5511 ineorruptibilitate
1004 5442 1173 5512 quieti
1206 5452 1263 5498 et
1293 5443 1525 5497 modesti
1585 5443 1849 5512 Spiritus.
1882 5445 1935 5495 ⁸»

2176 5455 2300 5505 μοιὶὸ
2335 5451 2434 5522 μὲν
2458 5453 2671 5523 Πέτρος
2719 5453 2906 5523 φησίνο
2967 5471 2985 5505 ι
3030 5453 3119 5505 Ἐν
3179 5454 3267 5519 τῷ
3319 5452 3562 5523 ἀφθάρτῳ
3603 5443 3664 5497 τοῦ

463 5536 658 5588 iterum
691 5536 743 5587 in
777 5535 1056 5604 Sapientia
1081 5536 1314 5604 legitur:
1356 5551 1373 5584 ι
1412 5531 1563 5588 Tuus
1595 5536 1740 5587 enim
1774 5536 1951 5590 ineorr

2188 5545 2342 5610 ραιέος
2364 5547 2455 5594 καὶ
2480 5544 2708 5612 ἡσυχίου
2739 5544 3109 5615 Πνεῦματον»
3148 5548 3253 5599 καὶ
3288 5545 3582 5611 πάλινὲντῇ
3602 5540 3669 5590 Σοί

471 5640 595 5697 ptus
622 5626 861 5696 Spiritus
890 5638 975 5682 est
1017 5630 1069 5679 in
1130 5626 1473 5682 omnibus'n
1513 5626 1644 5680 ltetn
1699 5631 1743 5682 si
1782 5646 1801 5680 ι
1872 5645 1957 5682 ne:

2186 5636 2260 5705 ἔα·
2291 5636 2394 5688 «Τὸ
2414 5638 2521 5706 γὰρ
2540 5637 2818 5706 ἄφθαρτον
2834 5655 2927 5691 σου
2952 5637 3173 5707 Πνεῦμά
3188 5640 3581 5695 ἐστινένπᾶσιί
3602 5632 3666 5681 xz"-

535 5765 553 5839 ξ
595 5764 751 5820 Rom.
786 5762 1029 5839 ξίιιιὲθἐ
1071 5761 1269 5816 ’lCor.
1294 5777 1354 5839 tt,
1390 5763 1502 5839 [2..-
1530 5763 1550 5794 ³
1581 5762 1737 5817 Rom.
1781 5778 1895 5839 rut,
1941 5762 2022 5819 l5.

2179 5766 2301 5823 alat.
2355 5783 2428 5835 vl,
2462 5770 2518 5825 6.
2596 5771 2848 5830 'lPetr.
2886 5790 2960 5839 vr,
3028 5773 3113 5826 H.
3185 5777 3208 5806 ⁸
3248 5774 3411 5830 Joan.
3464 5788 3557 5837 xiv,
3608 5770 3667 5821 l9.

468 5834 485 5864 ⁷
521 5835 646 5905 Sap.
676 5852 711 5901 I,
754 5835 834 5889 l5.
906 5833 1140 5887 'lPelr.
1174 5847 1255 5899 ut,
1281 5835 1331 5886 4.
1408 5835 1429 5865 ’
1472 5833 1603 5904 Sap.
1651 5850 1743 5901 xu,
1780 5836 1827 5888 1.
