  <div class='ocr_page' id='page_1' title='image "/cluster/home/n/w/nwhite01/storage/ocr_20150623/130/hvd.32044019208255/366.png"; bbox 0 0 3920 6594; ppageno 0'>
   <div class='ocr_carea' id='block_1_1' title="bbox 318 453 3558 534">
    <p class='ocr_par' dir='ltr' id='par_1_1' title="bbox 318 453 3558 534">
     <span class='ocr_line' id='line_1_1' title="bbox 318 453 3558 534; baseline 0.003 -13"><span class='ocrx_word' id='word_1_1' title='bbox 318 453 420 524; x_wconf 79' lang='lat' dir='ltr'><strong>7U</strong></span> <span class='ocrx_word' id='word_1_2' title='bbox 1288 469 1661 531; x_wconf 75' lang='lat' dir='ltr'><strong>PANOI’LIA</strong></span> <span class='ocrx_word' id='word_1_3' title='bbox 1703 468 2159 530; x_wconf 77' lang='lat' dir='ltr'><strong>DOGMATICA.</strong></span> <span class='ocrx_word' id='word_1_4' title='bbox 2189 493 2260 504; x_wconf 88' lang='grc'><strong>-</strong></span> <span class='ocrx_word' id='word_1_5' title='bbox 2283 470 2427 533; x_wconf 84' lang='grc' dir='ltr'><strong>ΤΙΤ.</strong></span> <span class='ocrx_word' id='word_1_6' title='bbox 2471 467 2613 534; x_wconf 85' lang='lat' dir='ltr'><strong>XII.</strong></span> <span class='ocrx_word' id='word_1_7' title='bbox 3455 468 3558 531; x_wconf 59' lang='lat'><strong>71‘}</strong></span> 
     </span>
    </p>
   </div>
   <div class='ocr_carea' id='block_1_2' title="bbox 323 592 1871 681">
    <p class='ocr_par' dir='ltr' id='par_1_2' title="bbox 323 592 1871 670">
     <span class='ocr_line' id='line_1_2' title="bbox 323 592 1871 670; baseline 0.005 -24"><span class='ocrx_word' id='word_1_8' title='bbox 323 597 373 647; x_wconf 83' lang='grc' dir='ltr'>εἰ</span> <span class='ocrx_word' id='word_1_9' title='bbox 412 613 429 646; x_wconf 81' lang='grc' dir='ltr'><strong>ι</strong></span> <span class='ocrx_word' id='word_1_10' title='bbox 462 594 638 659; x_wconf 74' lang='grc' dir='ltr'>οὐδεὶς</span> <span class='ocrx_word' id='word_1_11' title='bbox 665 592 772 649; x_wconf 79' lang='grc' dir='ltr'>οἶδε</span> <span class='ocrx_word' id='word_1_12' title='bbox 806 596 873 649; x_wconf 71' lang='grc' dir='ltr'><strong>τὰ</strong></span> <span class='ocrx_word' id='word_1_13' title='bbox 907 596 997 651; x_wconf 87' lang='grc' dir='ltr'><strong>τοῦ</strong></span> <span class='ocrx_word' id='word_1_14' title='bbox 1042 597 1176 651; x_wconf 99' lang='grc' dir='ltr'>Θεοῦ</span> <span class='ocrx_word' id='word_1_15' title='bbox 1209 634 1225 659; x_wconf 88' lang='grc'><strong>,</strong></span> <span class='ocrx_word' id='word_1_16' title='bbox 1370 603 1416 652; x_wconf 87' lang='grc' dir='ltr'><strong>εί</strong></span> <span class='ocrx_word' id='word_1_17' title='bbox 1449 600 1523 670; x_wconf 87' lang='grc' dir='ltr'>μὴ</span> <span class='ocrx_word' id='word_1_18' title='bbox 1566 599 1628 653; x_wconf 78' lang='grc' dir='ltr'>τὸ</span> <span class='ocrx_word' id='word_1_19' title='bbox 1675 598 1871 670; x_wconf 70' lang='grc' dir='ltr'>Πνεῦμε</span> 
     </span>
    </p>
   </div>
   <div class='ocr_carea' id='block_1_3' title="bbox 2085 592 3633 681">
    <p class='ocr_par' dir='ltr' id='par_1_3' title="bbox 2085 595 3633 681">
     <span class='ocr_line' id='line_1_3' title="bbox 2085 595 3633 681; baseline 0.003 -31"><span class='ocrx_word' id='word_1_20' title='bbox 2085 596 2240 658; x_wconf 82' lang='lat' dir='ltr'><strong>:novit</strong></span> <span class='ocrx_word' id='word_1_21' title='bbox 2265 612 2385 667; x_wconf 83' lang='lat' dir='ltr'><strong>quae</strong></span> <span class='ocrx_word' id='word_1_22' title='bbox 2414 605 2539 653; x_wconf 82' lang='lat' dir='ltr'><strong>sunt</strong></span> <span class='ocrx_word' id='word_1_23' title='bbox 2568 596 2682 661; x_wconf 89' lang='lat' dir='ltr'><strong>Dei,</strong></span> <span class='ocrx_word' id='word_1_24' title='bbox 2713 598 2816 653; x_wconf 87' lang='lat' dir='ltr'><strong>nisi</strong></span> <span class='ocrx_word' id='word_1_25' title='bbox 2854 595 3088 669; x_wconf 74' lang='lat' dir='ltr'><strong>Spiritus</strong></span> <span class='ocrx_word' id='word_1_26' title='bbox 3130 598 3243 665; x_wconf 88' lang='lat' dir='ltr'><strong>Dei,</strong></span> <span class='ocrx_word' id='word_1_27' title='bbox 3271 600 3468 671; x_wconf 88' lang='lat' dir='ltr'><strong>quiest</strong></span> <span class='ocrx_word' id='word_1_28' title='bbox 3506 602 3556 654; x_wconf 90' lang='lat' dir='ltr'><strong>iu</strong></span> <span class='ocrx_word' id='word_1_29' title='bbox 3628 673 3633 681; x_wconf 24' lang='grc' dir='ltr'>ι</span> 
     </span>
    </p>
   </div>
   <div class='ocr_carea' id='block_1_4' title="bbox 313 687 1861 764">
    <p class='ocr_par' dir='ltr' id='par_1_4' title="bbox 313 687 1861 764">
     <span class='ocr_line' id='line_1_4' title="bbox 313 687 1861 764; baseline 0.002 -24"><span class='ocrx_word' id='word_1_30' title='bbox 313 687 408 740; x_wconf 87' lang='grc' dir='ltr'><strong>τοῦ</strong></span> <span class='ocrx_word' id='word_1_31' title='bbox 438 688 577 742; x_wconf 86' lang='grc' dir='ltr'>Θεοῦ</span> <span class='ocrx_word' id='word_1_32' title='bbox 601 690 660 741; x_wconf 81' lang='grc' dir='ltr'><strong>τὸ</strong></span> <span class='ocrx_word' id='word_1_33' title='bbox 692 692 748 743; x_wconf 81' lang='grc' dir='ltr'>ὲν</span> <span class='ocrx_word' id='word_1_34' title='bbox 778 690 978 761; x_wconf 76' lang='grc' dir='ltr'>αὐτῷ’)</span> <span class='ocrx_word' id='word_1_35' title='bbox 1018 693 1117 745; x_wconf 78' lang='grc' dir='ltr'><strong>οὐκ</strong></span> <span class='ocrx_word' id='word_1_36' title='bbox 1147 692 1260 746; x_wconf 82' lang='grc' dir='ltr'>ἔστι</span> <span class='ocrx_word' id='word_1_37' title='bbox 1288 692 1343 746; x_wconf 80' lang='grc' dir='ltr'>δὲ</span> <span class='ocrx_word' id='word_1_38' title='bbox 1368 692 1519 764; x_wconf 84' lang='grc' dir='ltr'>παρὰ</span> <span class='ocrx_word' id='word_1_39' title='bbox 1546 692 1623 762; x_wconf 82' lang='grc' dir='ltr'>τῷ</span> <span class='ocrx_word' id='word_1_40' title='bbox 1652 692 1792 763; x_wconf 81' lang='grc' dir='ltr'>Θεῷ,</span> <span class='ocrx_word' id='word_1_41' title='bbox 1826 692 1861 743; x_wconf 67' lang='grc' dir='ltr'><strong>ιέ</strong></span> 
     </span>
    </p>
   </div>
   <div class='ocr_carea' id='block_1_5' title="bbox 2088 687 3636 764">
    <p class='ocr_par' dir='ltr' id='par_1_5' title="bbox 2088 687 3636 764">
     <span class='ocr_line' id='line_1_5' title="bbox 2088 687 3636 764; baseline 0.001 -23"><span class='ocrx_word' id='word_1_42' title='bbox 2088 706 2104 741; x_wconf 88' lang='grc'><strong><em>›</em></strong></span> <span class='ocrx_word' id='word_1_43' title='bbox 2147 692 2162 722; x_wconf 72' lang='grc' dir='ltr'>ί</span> <span class='ocrx_word' id='word_1_44' title='bbox 2192 702 2206 751; x_wconf 90' lang='lat'><strong>;</strong></span> <span class='ocrx_word' id='word_1_45' title='bbox 2239 704 2256 737; x_wconf 84' lang='grc' dir='ltr'><strong>ι</strong></span> <span class='ocrx_word' id='word_1_46' title='bbox 2294 700 2404 739; x_wconf 89' lang='lat' dir='ltr'><strong>non</strong></span> <span class='ocrx_word' id='word_1_47' title='bbox 2445 696 2529 741; x_wconf 84' lang='lat' dir='ltr'><strong>est</strong></span> <span class='ocrx_word' id='word_1_48' title='bbox 2564 694 2742 739; x_wconf 87' lang='lat' dir='ltr'><strong>autem</strong></span> <span class='ocrx_word' id='word_1_49' title='bbox 2774 687 2913 756; x_wconf 83' lang='lat' dir='ltr'><strong>apud</strong></span> <span class='ocrx_word' id='word_1_50' title='bbox 2947 688 3113 742; x_wconf 88' lang='lat' dir='ltr'><strong>Deum</strong></span> <span class='ocrx_word' id='word_1_51' title='bbox 3135 728 3150 753; x_wconf 92' lang='lat'><strong>,</strong></span> <span class='ocrx_word' id='word_1_52' title='bbox 3184 697 3243 743; x_wconf 93' lang='lat' dir='ltr'><strong>ut</strong></span> <span class='ocrx_word' id='word_1_53' title='bbox 3271 690 3431 745; x_wconf 93' lang='lat' dir='ltr'><strong>docet</strong></span> <span class='ocrx_word' id='word_1_54' title='bbox 3460 688 3552 744; x_wconf 81' lang='lat' dir='ltr'><strong>Ja-</strong></span> <span class='ocrx_word' id='word_1_55' title='bbox 3615 702 3636 764; x_wconf 60' lang='grc' dir='ltr'><em>χ’</em></span> 
     </span>
    </p>
   </div>
   <div class='ocr_carea' id='block_1_6' title="bbox 312 775 1860 858">
    <p class='ocr_par' dir='ltr' id='par_1_6' title="bbox 312 775 1859 858">
     <span class='ocr_line' id='line_1_6' title="bbox 312 775 1859 858; baseline 0.007 -28"><span class='ocrx_word' id='word_1_56' title='bbox 312 775 463 833; x_wconf 71' lang='grc' dir='ltr'>εἶπεν</span> <span class='ocrx_word' id='word_1_57' title='bbox 479 782 507 832; x_wconf 88' lang='grc' dir='ltr'>ὁ</span> <span class='ocrx_word' id='word_1_58' title='bbox 533 782 805 846; x_wconf 82' lang='grc' dir='ltr'>Ἰάκωϐος,</span> <span class='ocrx_word' id='word_1_59' title='bbox 828 803 844 834; x_wconf 83' lang='grc' dir='ltr'><strong>ι</strong></span> <span class='ocrx_word' id='word_1_60' title='bbox 866 784 1237 856; x_wconf 82' lang='grc' dir='ltr'>παραλλαγὴῆ</span> <span class='ocrx_word' id='word_1_61' title='bbox 1258 787 1463 858; x_wconf 81' lang='grc' dir='ltr'>τροπῆς</span> <span class='ocrx_word' id='word_1_62' title='bbox 1489 786 1859 857; x_wconf 63' lang='grc' dir='ltr'>ἁποσκίασμλ·</span> 
     </span>
    </p>
   </div>
   <div class='ocr_carea' id='block_1_7' title="bbox 2002 775 3550 858">
    <p class='ocr_par' dir='ltr' id='par_1_7' title="bbox 2002 776 3550 842">
     <span class='ocr_line' id='line_1_7' title="bbox 2002 776 3550 842; baseline 0.002 -9"><span class='ocrx_word' id='word_1_63' title='bbox 2002 780 2172 842; x_wconf 90' lang='lat' dir='ltr'><strong>:obus,</strong></span> <span class='ocrx_word' id='word_1_64' title='bbox 2209 797 2226 829; x_wconf 84' lang='grc' dir='ltr'><strong>ι</strong></span> <span class='ocrx_word' id='word_1_65' title='bbox 2261 776 2642 832; x_wconf 88' lang='lat' dir='ltr'><strong>transmutatio</strong></span> <span class='ocrx_word' id='word_1_66' title='bbox 2681 792 2781 832; x_wconf 89' lang='lat' dir='ltr'><strong>nec</strong></span> <span class='ocrx_word' id='word_1_67' title='bbox 2820 779 3209 835; x_wconf 80' lang='lat' dir='ltr'><strong>vicissitudinis</strong></span> <span class='ocrx_word' id='word_1_68' title='bbox 3257 782 3550 837; x_wconf 80' lang='lat' dir='ltr'><strong>obumbra-</strong></span> 
     </span>
    </p>
   </div>
   <div class='ocr_carea' id='block_1_8' title="bbox 310 868 1858 948">
    <p class='ocr_par' dir='ltr' id='par_1_8' title="bbox 310 870 1858 946">
     <span class='ocr_line' id='line_1_8' title="bbox 310 870 1858 946; baseline 0.005 -23"><span class='ocrx_word' id='word_1_69' title='bbox 310 872 371 924; x_wconf 80' lang='grc' dir='ltr'>ἐν</span> <span class='ocrx_word' id='word_1_70' title='bbox 408 870 485 941; x_wconf 79' lang='grc' dir='ltr'>τῷ</span> <span class='ocrx_word' id='word_1_71' title='bbox 513 872 632 942; x_wconf 85' lang='grc' dir='ltr'>Θεῷ</span> <span class='ocrx_word' id='word_1_72' title='bbox 658 872 719 927; x_wconf 78' lang='grc' dir='ltr'>ὃν</span> <span class='ocrx_word' id='word_1_73' title='bbox 746 874 808 927; x_wconf 84' lang='grc' dir='ltr'>τὸ</span> <span class='ocrx_word' id='word_1_74' title='bbox 868 875 1091 946; x_wconf 82' lang='grc' dir='ltr'><strong>Πνεῦμα</strong></span> <span class='ocrx_word' id='word_1_75' title='bbox 1143 877 1202 929; x_wconf 81' lang='grc' dir='ltr'><strong>τὸ</strong></span> <span class='ocrx_word' id='word_1_76' title='bbox 1246 879 1419 946; x_wconf 85' lang='grc' dir='ltr'>ἆγιον,</span> <span class='ocrx_word' id='word_1_77' title='bbox 1463 878 1686 940; x_wconf 82' lang='grc' dir='ltr'><strong>εἰκότως</strong></span> <span class='ocrx_word' id='word_1_78' title='bbox 1713 878 1777 930; x_wconf 89' lang='grc' dir='ltr'>ἂν</span> <span class='ocrx_word' id='word_1_79' title='bbox 1814 880 1858 930; x_wconf 88' lang='grc' dir='ltr'>εἰ</span> 
     </span>
    </p>
   </div>
   <div class='ocr_carea' id='block_1_9' title="bbox 2001 868 3549 948">
    <p class='ocr_par' dir='ltr' id='par_1_9' title="bbox 2005 868 3549 941">
     <span class='ocr_line' id='line_1_9' title="bbox 2005 868 3549 941; baseline 0.002 -17"><span class='ocrx_word' id='word_1_80' title='bbox 2005 872 2056 925; x_wconf 88' lang='lat' dir='ltr'><strong>io</strong></span> <span class='ocrx_word' id='word_1_81' title='bbox 2093 870 2148 923; x_wconf 78' lang='grc' dir='ltr'><strong>ἐ</strong></span> <span class='ocrx_word' id='word_1_82' title='bbox 2180 888 2197 920; x_wconf 82' lang='grc' dir='ltr'><strong>ι</strong></span> <span class='ocrx_word' id='word_1_83' title='bbox 2233 870 2355 940; x_wconf 84' lang='lat' dir='ltr'><strong>jure</strong></span> <span class='ocrx_word' id='word_1_84' title='bbox 2386 884 2448 923; x_wconf 90' lang='lat' dir='ltr'><strong>ac</strong></span> <span class='ocrx_word' id='word_1_85' title='bbox 2478 870 2671 924; x_wconf 90' lang='lat' dir='ltr'><strong>merito</strong></span> <span class='ocrx_word' id='word_1_86' title='bbox 2697 868 2931 939; x_wconf 84' lang='lat' dir='ltr'><strong>Spiritus</strong></span> <span class='ocrx_word' id='word_1_87' title='bbox 2958 880 3202 937; x_wconf 88' lang='lat' dir='ltr'><strong>sanctus,</strong></span> <span class='ocrx_word' id='word_1_88' title='bbox 3232 873 3323 941; x_wconf 91' lang='lat' dir='ltr'><strong>qui</strong></span> <span class='ocrx_word' id='word_1_89' title='bbox 3359 874 3411 927; x_wconf 92' lang='lat' dir='ltr'><strong>in</strong></span> <span class='ocrx_word' id='word_1_90' title='bbox 3441 873 3549 928; x_wconf 88' lang='lat' dir='ltr'><strong>Deo</strong></span> 
     </span>
    </p>
   </div>
   <div class='ocr_carea' id='block_1_10' title="bbox 308 961 1856 1039">
    <p class='ocr_par' dir='ltr' id='par_1_10' title="bbox 308 963 1856 1039">
     <span class='ocr_line' id='line_1_10' title="bbox 308 963 1856 1039; baseline 0.001 -23"><span class='ocrx_word' id='word_1_91' title='bbox 308 963 577 1035; x_wconf 78' lang='grc' dir='ltr'><strong>ἄτρεπτον</strong></span> <span class='ocrx_word' id='word_1_92' title='bbox 603 965 695 1018; x_wconf 77' lang='grc' dir='ltr'><strong>καὶ</strong></span> <span class='ocrx_word' id='word_1_93' title='bbox 723 965 1136 1037; x_wconf 71' lang='grc' dir='ltr'><strong>ἀπαράλλακτον</strong></span> <span class='ocrx_word' id='word_1_94' title='bbox 1160 969 1253 1021; x_wconf 67' lang='grc' dir='ltr'><strong>καὶ</strong></span> <span class='ocrx_word' id='word_1_95' title='bbox 1277 968 1567 1039; x_wconf 65' lang='grc' dir='ltr'>ἄφθαρτον.</span> <span class='ocrx_word' id='word_1_96' title='bbox 1612 967 1677 1020; x_wconf 86' lang='grc' dir='ltr'><strong><em>Ἦ</em></strong></span> <span class='ocrx_word' id='word_1_97' title='bbox 1706 966 1762 1019; x_wconf 82' lang='grc' dir='ltr'>δὲ</span> <span class='ocrx_word' id='word_1_98' title='bbox 1786 965 1856 1019; x_wconf 81' lang='grc' dir='ltr'><strong>τῶ</strong></span> 
     </span>
    </p>
   </div>
   <div class='ocr_carea' id='block_1_11' title="bbox 2004 961 3552 1039">
    <p class='ocr_par' dir='ltr' id='par_1_11' title="bbox 2004 961 3552 1035">
     <span class='ocr_line' id='line_1_11' title="bbox 2004 961 3552 1035; baseline 0.008 -25"><span class='ocrx_word' id='word_1_99' title='bbox 2004 972 2078 1027; x_wconf 69' lang='grc' dir='ltr'>εει,</span> <span class='ocrx_word' id='word_1_100' title='bbox 2106 961 2462 1016; x_wconf 83' lang='lat' dir='ltr'><strong>immutabilis</strong></span> <span class='ocrx_word' id='word_1_101' title='bbox 2487 970 2541 1016; x_wconf 90' lang='lat' dir='ltr'><strong>et</strong></span> <span class='ocrx_word' id='word_1_102' title='bbox 2568 961 2914 1032; x_wconf 85' lang='lat' dir='ltr'><strong>incorruptus</strong></span> <span class='ocrx_word' id='word_1_103' title='bbox 2948 965 3236 1035; x_wconf 90' lang='lat' dir='ltr'><strong>omnisque</strong></span> <span class='ocrx_word' id='word_1_104' title='bbox 3275 967 3552 1022; x_wconf 81' lang='lat' dir='ltr'><strong>vicissitu-</strong></span> 
     </span>
    </p>
   </div>
   <div class='ocr_carea' id='block_1_12' title="bbox 306 1052 1854 1134">
    <p class='ocr_par' dir='ltr' id='par_1_12' title="bbox 306 1056 1854 1134">
     <span class='ocr_line' id='line_1_12' title="bbox 306 1056 1854 1134; baseline 0.004 -26"><span class='ocrx_word' id='word_1_105' title='bbox 306 1056 552 1127; x_wconf 82' lang='grc' dir='ltr'><strong>γενητῶν</strong></span> <span class='ocrx_word' id='word_1_106' title='bbox 586 1056 804 1110; x_wconf 77' lang='grc' dir='ltr'>καὶτῶν</span> <span class='ocrx_word' id='word_1_107' title='bbox 830 1060 1058 1114; x_wconf 85' lang='grc' dir='ltr'>κτιστῶν</span> <span class='ocrx_word' id='word_1_108' title='bbox 1110 1060 1267 1128; x_wconf 79' lang='grc' dir='ltr'>φύσις</span> <span class='ocrx_word' id='word_1_109' title='bbox 1299 1062 1414 1115; x_wconf 73' lang='grc' dir='ltr'>ἐστὶ</span> <span class='ocrx_word' id='word_1_110' title='bbox 1440 1060 1670 1134; x_wconf 81' lang='grc' dir='ltr'>τρεπτὴ,</span> <span class='ocrx_word' id='word_1_111' title='bbox 1703 1062 1797 1116; x_wconf 84' lang='grc' dir='ltr'><strong>ἀτε</strong></span> <span class='ocrx_word' id='word_1_112' title='bbox 1830 1061 1854 1114; x_wconf 92' lang='grc' dir='ltr'><strong>δ</strong></span> 
     </span>
    </p>
   </div>
   <div class='ocr_carea' id='block_1_13' title="bbox 1996 1052 3544 1134">
    <p class='ocr_par' dir='ltr' id='par_1_13' title="bbox 1996 1052 3544 1123">
     <span class='ocr_line' id='line_1_13' title="bbox 1996 1052 3544 1123; baseline 0.003 -17"><span class='ocrx_word' id='word_1_113' title='bbox 1996 1052 2119 1109; x_wconf 89' lang='lat' dir='ltr'><strong>linis</strong></span> <span class='ocrx_word' id='word_1_114' title='bbox 2147 1068 2341 1123; x_wconf 83' lang='lat' dir='ltr'><strong>expers</strong></span> <span class='ocrx_word' id='word_1_115' title='bbox 2363 1068 2486 1109; x_wconf 88' lang='lat' dir='ltr'><strong>esse</strong></span> <span class='ocrx_word' id='word_1_116' title='bbox 2508 1054 2812 1109; x_wconf 81' lang='lat' dir='ltr'><strong>censendus</strong></span> <span class='ocrx_word' id='word_1_117' title='bbox 2840 1064 2942 1109; x_wconf 85' lang='lat' dir='ltr'><strong>est.</strong></span> <span class='ocrx_word' id='word_1_118' title='bbox 2966 1055 3035 1110; x_wconf 86' lang='lat' dir='ltr'><strong>At</strong></span> <span class='ocrx_word' id='word_1_119' title='bbox 3062 1073 3245 1111; x_wconf 88' lang='lat' dir='ltr'><strong>rerum</strong></span> <span class='ocrx_word' id='word_1_120' title='bbox 3281 1058 3544 1114; x_wconf 81' lang='lat' dir='ltr'><strong>factarum</strong></span> 
     </span>
    </p>
   </div>
   <div class='ocr_carea' id='block_1_14' title="bbox 305 1145 1853 1222">
    <p class='ocr_par' dir='ltr' id='par_1_14' title="bbox 305 1146 1853 1222">
     <span class='ocr_line' id='line_1_14' title="bbox 305 1146 1853 1222; baseline 0.004 -23"><span class='ocrx_word' id='word_1_121' title='bbox 305 1147 507 1213; x_wconf 67' lang='grc' dir='ltr'>ἔξωθεν</span> <span class='ocrx_word' id='word_1_122' title='bbox 677 1146 811 1203; x_wconf 76' lang='grc' dir='ltr'>οὖσα</span> <span class='ocrx_word' id='word_1_123' title='bbox 842 1153 938 1222; x_wconf 85' lang='grc' dir='ltr'><strong>τῆς</strong></span> <span class='ocrx_word' id='word_1_124' title='bbox 962 1153 1056 1205; x_wconf 87' lang='grc' dir='ltr'><strong>τοῦ</strong></span> <span class='ocrx_word' id='word_1_125' title='bbox 1080 1152 1214 1206; x_wconf 82' lang='grc' dir='ltr'>Θεοῦ</span> <span class='ocrx_word' id='word_1_126' title='bbox 1242 1154 1448 1217; x_wconf 77' lang='grc' dir='ltr'>οὐσίας,</span> <span class='ocrx_word' id='word_1_127' title='bbox 1486 1154 1579 1207; x_wconf 73' lang='grc' dir='ltr'>καὶ</span> <span class='ocrx_word' id='word_1_128' title='bbox 1609 1150 1669 1218; x_wconf 76' lang='grc' dir='ltr'>ἐξ</span> <span class='ocrx_word' id='word_1_129' title='bbox 1698 1153 1799 1206; x_wconf 87' lang='grc' dir='ltr'><strong>οὐκ</strong></span> <span class='ocrx_word' id='word_1_130' title='bbox 1816 1152 1853 1205; x_wconf 73' lang='grc' dir='ltr'>ὃ·</span> 
     </span>
    </p>
   </div>
   <div class='ocr_carea' id='block_1_15' title="bbox 1999 1145 3547 1222">
    <p class='ocr_par' dir='ltr' id='par_1_15' title="bbox 1999 1145 3547 1219">
     <span class='ocr_line' id='line_1_15' title="bbox 1999 1145 3547 1219; baseline 0.003 -21"><span class='ocrx_word' id='word_1_131' title='bbox 1999 1155 2029 1200; x_wconf 56' lang='grc' dir='ltr'>δι</span> <span class='ocrx_word' id='word_1_132' title='bbox 2061 1156 2366 1201; x_wconf 86' lang='lat' dir='ltr'><strong>ereatarum</strong></span> <span class='ocrx_word' id='word_1_133' title='bbox 2410 1155 2604 1201; x_wconf 88' lang='lat' dir='ltr'><strong>natura</strong></span> <span class='ocrx_word' id='word_1_134' title='bbox 2645 1145 2923 1201; x_wconf 80' lang='lat' dir='ltr'><strong>mutabilis</strong></span> <span class='ocrx_word' id='word_1_135' title='bbox 2970 1157 3074 1214; x_wconf 86' lang='lat' dir='ltr'><strong>est,</strong></span> <span class='ocrx_word' id='word_1_136' title='bbox 3101 1158 3288 1218; x_wconf 81' lang='lat' dir='ltr'><strong>utpote</strong></span> <span class='ocrx_word' id='word_1_137' title='bbox 3330 1166 3450 1219; x_wconf 82' lang='lat' dir='ltr'><strong>quae</strong></span> <span class='ocrx_word' id='word_1_138' title='bbox 3476 1150 3547 1204; x_wconf 89' lang='lat' dir='ltr'><strong>sit</strong></span> 
     </span>
    </p>
   </div>
   <div class='ocr_carea' id='block_1_16' title="bbox 301 1236 1849 1317">
    <p class='ocr_par' dir='ltr' id='par_1_16' title="bbox 301 1240 1849 1317">
     <span class='ocr_line' id='line_1_16' title="bbox 301 1240 1849 1317; baseline 0.004 -27"><span class='ocrx_word' id='word_1_139' title='bbox 301 1256 413 1291; x_wconf 85' lang='grc' dir='ltr'><strong>των</strong></span> <span class='ocrx_word' id='word_1_140' title='bbox 445 1240 745 1293; x_wconf 81' lang='grc' dir='ltr'>ύποστᾶσα·</span> <span class='ocrx_word' id='word_1_141' title='bbox 783 1261 801 1294; x_wconf 82' lang='grc' dir='ltr'><strong>ι</strong></span> <span class='ocrx_word' id='word_1_142' title='bbox 830 1244 937 1306; x_wconf 74' lang='grc' dir='ltr'>πᾶς</span> <span class='ocrx_word' id='word_1_143' title='bbox 967 1262 986 1295; x_wconf 76' lang='grc' dir='ltr'><strong>ι</strong></span> <span class='ocrx_word' id='word_1_144' title='bbox 1025 1243 1122 1312; x_wconf 80' lang='grc' dir='ltr'>μὲν</span> <span class='ocrx_word' id='word_1_145' title='bbox 1153 1245 1261 1316; x_wconf 82' lang='grc' dir='ltr'>γὰρ</span> <span class='ocrx_word' id='word_1_146' title='bbox 1299 1264 1318 1296; x_wconf 80' lang='grc' dir='ltr'><strong>ι</strong></span> <span class='ocrx_word' id='word_1_147' title='bbox 1351 1246 1654 1317; x_wconf 78' lang='grc' dir='ltr'>ἄνθρωπος,</span> <span class='ocrx_word' id='word_1_148' title='bbox 1682 1263 1702 1297; x_wconf 76' lang='grc' dir='ltr'><strong>ι</strong></span> <span class='ocrx_word' id='word_1_149' title='bbox 1737 1246 1849 1313; x_wconf 80' lang='grc' dir='ltr'><strong>φησ</strong></span> 
     </span>
    </p>
   </div>
   <div class='ocr_carea' id='block_1_17' title="bbox 1999 1236 3547 1317">
    <p class='ocr_par' dir='ltr' id='par_1_17' title="bbox 1999 1236 3547 1315">
     <span class='ocr_line' id='line_1_17' title="bbox 1999 1236 3547 1315; baseline 0.005 -29"><span class='ocrx_word' id='word_1_150' title='bbox 1999 1246 2125 1291; x_wconf 64' lang='grc' dir='ltr'>τιιι-τι</span> <span class='ocrx_word' id='word_1_151' title='bbox 2158 1236 2252 1291; x_wconf 89' lang='lat' dir='ltr'><strong>Dei</strong></span> <span class='ocrx_word' id='word_1_152' title='bbox 2275 1236 2659 1297; x_wconf 83' lang='lat' dir='ltr'><strong>substantiam,</strong></span> <span class='ocrx_word' id='word_1_153' title='bbox 2692 1246 2745 1291; x_wconf 88' lang='lat' dir='ltr'><strong>et</strong></span> <span class='ocrx_word' id='word_1_154' title='bbox 2771 1251 2800 1291; x_wconf 92' lang='lat' dir='ltr'><strong>c</strong></span> <span class='ocrx_word' id='word_1_155' title='bbox 2825 1238 2997 1292; x_wconf 86' lang='lat' dir='ltr'><strong>nihilo</strong></span> <span class='ocrx_word' id='word_1_156' title='bbox 3034 1240 3320 1293; x_wconf 83' lang='lat' dir='ltr'><strong>exstiterit.</strong></span> <span class='ocrx_word' id='word_1_157' title='bbox 3365 1239 3547 1315; x_wconf 85' lang='lat' dir='ltr'><strong>Siqui-</strong></span> 
     </span>
    </p>
   </div>
   <div class='ocr_carea' id='block_1_18' title="bbox 307 1327 1855 1411">
    <p class='ocr_par' dir='ltr' id='par_1_18' title="bbox 307 1327 1855 1411">
     <span class='ocr_line' id='line_1_18' title="bbox 307 1327 1855 1411; baseline 0.012 -36"><span class='ocrx_word' id='word_1_158' title='bbox 307 1347 324 1375; x_wconf 78' lang='grc' dir='ltr'><strong>ιι</strong></span> <span class='ocrx_word' id='word_1_159' title='bbox 358 1327 652 1399; x_wconf 66' lang='grc' dir='ltr'>ψεύστης.»</span> <span class='ocrx_word' id='word_1_160' title='bbox 687 1333 817 1395; x_wconf 76' lang='grc' dir='ltr'>Καὶ,</span> <span class='ocrx_word' id='word_1_161' title='bbox 883 1350 902 1384; x_wconf 79' lang='grc' dir='ltr'><strong>ι</strong></span> <span class='ocrx_word' id='word_1_162' title='bbox 952 1334 1151 1399; x_wconf 85' lang='grc' dir='ltr'>πάντες</span> <span class='ocrx_word' id='word_1_163' title='bbox 1183 1337 1447 1407; x_wconf 77' lang='grc' dir='ltr'>ἥμαρτον,</span> <span class='ocrx_word' id='word_1_164' title='bbox 1473 1338 1567 1391; x_wconf 71' lang='grc' dir='ltr'><strong>καὶ</strong></span> <span class='ocrx_word' id='word_1_165' title='bbox 1603 1339 1855 1411; x_wconf 83' lang='grc' dir='ltr'>ὑστεροῦν</span> 
     </span>
    </p>
   </div>
   <div class='ocr_carea' id='block_1_19' title="bbox 1997 1327 3545 1411">
    <p class='ocr_par' dir='ltr' id='par_1_19' title="bbox 1997 1329 3545 1399">
     <span class='ocr_line' id='line_1_19' title="bbox 1997 1329 3545 1399; baseline 0.003 -17"><span class='ocrx_word' id='word_1_166' title='bbox 1997 1329 2094 1384; x_wconf 89' lang='lat' dir='ltr'><strong>lem</strong></span> <span class='ocrx_word' id='word_1_167' title='bbox 2136 1348 2154 1381; x_wconf 84' lang='grc' dir='ltr'><strong>ι</strong></span> <span class='ocrx_word' id='word_1_168' title='bbox 2192 1332 2371 1384; x_wconf 90' lang='lat' dir='ltr'><strong>omnis</strong></span> <span class='ocrx_word' id='word_1_169' title='bbox 2405 1330 2589 1395; x_wconf 92' lang='lat' dir='ltr'><strong>homo,</strong></span> <span class='ocrx_word' id='word_1_170' title='bbox 2622 1329 2819 1399; x_wconf 87' lang='lat' dir='ltr'><strong>inquit,</strong></span> <span class='ocrx_word' id='word_1_171' title='bbox 2851 1331 3080 1384; x_wconf 79' lang='lat' dir='ltr'><strong>mendax</strong></span> <span class='ocrx_word' id='word_1_172' title='bbox 3141 1330 3177 1385; x_wconf 80' lang='grc'>³.</span> <span class='ocrx_word' id='word_1_173' title='bbox 3207 1350 3225 1382; x_wconf 78' lang='grc' dir='ltr'><strong>ι</strong></span> <span class='ocrx_word' id='word_1_174' title='bbox 3260 1330 3344 1397; x_wconf 88' lang='grc' dir='ltr'>Ει,</span> <span class='ocrx_word' id='word_1_175' title='bbox 3378 1351 3396 1382; x_wconf 79' lang='grc' dir='ltr'><strong>ι</strong></span> <span class='ocrx_word' id='word_1_176' title='bbox 3428 1348 3545 1386; x_wconf 90' lang='lat' dir='ltr'><strong>om-</strong></span> 
     </span>
    </p>
   </div>
   <div class='ocr_carea' id='block_1_20' title="bbox 299 1417 1847 1503">
    <p class='ocr_par' dir='ltr' id='par_1_20' title="bbox 299 1418 1847 1501">
     <span class='ocr_line' id='line_1_20' title="bbox 299 1418 1847 1501; baseline 0.012 -33"><span class='ocrx_word' id='word_1_177' title='bbox 299 1434 391 1469; x_wconf 84' lang='grc' dir='ltr'><strong>ται</strong></span> <span class='ocrx_word' id='word_1_178' title='bbox 426 1420 527 1489; x_wconf 82' lang='grc' dir='ltr'>τῆς</span> <span class='ocrx_word' id='word_1_179' title='bbox 552 1418 710 1492; x_wconf 78' lang='grc' dir='ltr'>δόξης</span> <span class='ocrx_word' id='word_1_180' title='bbox 740 1422 836 1475; x_wconf 89' lang='grc' dir='ltr'><strong>τοῦ</strong></span> <span class='ocrx_word' id='word_1_181' title='bbox 868 1422 1025 1477; x_wconf 82' lang='grc' dir='ltr'>Θεοῦ.</span> <span class='ocrx_word' id='word_1_182' title='bbox 1073 1426 1364 1495; x_wconf 83' lang='grc' dir='ltr'>Ἀγγὲλους</span> <span class='ocrx_word' id='word_1_183' title='bbox 1398 1428 1455 1481; x_wconf 83' lang='grc' dir='ltr'><strong>δὲ</strong></span> <span class='ocrx_word' id='word_1_184' title='bbox 1660 1433 1787 1495; x_wconf 83' lang='grc' dir='ltr'>τοὺς</span> <span class='ocrx_word' id='word_1_185' title='bbox 1817 1449 1847 1501; x_wconf 88' lang='grc' dir='ltr'>μ</span> 
     </span>
    </p>
   </div>
   <div class='ocr_carea' id='block_1_21' title="bbox 1998 1417 3546 1503">
    <p class='ocr_par' dir='ltr' id='par_1_21' title="bbox 1998 1417 3546 1492">
     <span class='ocr_line' id='line_1_21' title="bbox 1998 1417 3546 1492; baseline 0 -19"><span class='ocrx_word' id='word_1_186' title='bbox 1998 1434 2069 1474; x_wconf 75' lang='lat' dir='ltr'><strong>les</strong></span> <span class='ocrx_word' id='word_1_187' title='bbox 2094 1430 2455 1489; x_wconf 85' lang='lat' dir='ltr'><strong>peccaverunt</strong></span> <span class='ocrx_word' id='word_1_188' title='bbox 2478 1430 2532 1475; x_wconf 91' lang='grc' dir='ltr'><strong>ει</strong></span> <span class='ocrx_word' id='word_1_189' title='bbox 2555 1430 2712 1491; x_wconf 86' lang='lat' dir='ltr'><strong>egent</strong></span> <span class='ocrx_word' id='word_1_190' title='bbox 2739 1422 2906 1491; x_wconf 79' lang='lat' dir='ltr'><strong>gloria</strong></span> <span class='ocrx_word' id='word_1_191' title='bbox 2935 1421 3027 1475; x_wconf 85' lang='lat' dir='ltr'><strong>Dei</strong></span> <span class='ocrx_word' id='word_1_192' title='bbox 3081 1417 3120 1474; x_wconf 83' lang='grc'>⁸.</span> <span class='ocrx_word' id='word_1_193' title='bbox 3151 1421 3386 1492; x_wconf 82' lang='lat' dir='ltr'><strong>Angelos</strong></span> <span class='ocrx_word' id='word_1_194' title='bbox 3420 1439 3546 1476; x_wconf 80' lang='lat' dir='ltr'><strong>vero</strong></span> 
     </span>
    </p>
   </div>
   <div class='ocr_carea' id='block_1_22' title="bbox 299 1511 1847 1591">
    <p class='ocr_par' dir='ltr' id='par_1_22' title="bbox 299 1511 1847 1591">
     <span class='ocr_line' id='line_1_22' title="bbox 299 1511 1847 1591; baseline 0.008 -31"><span class='ocrx_word' id='word_1_195' title='bbox 299 1511 649 1581; x_wconf 79' lang='grc' dir='ltr'>τηρήσαντας</span> <span class='ocrx_word' id='word_1_196' title='bbox 682 1513 779 1585; x_wconf 83' lang='grc' dir='ltr'>τὴν</span> <span class='ocrx_word' id='word_1_197' title='bbox 808 1516 1014 1569; x_wconf 79' lang='grc' dir='ltr'>ἑαυτῶν</span> <span class='ocrx_word' id='word_1_198' title='bbox 1072 1518 1267 1591; x_wconf 81' lang='grc' dir='ltr'>ἀρχὴν,</span> <span class='ocrx_word' id='word_1_199' title='bbox 1301 1520 1413 1574; x_wconf 90' lang='grc' dir='ltr'>ἀλλ’</span> <span class='ocrx_word' id='word_1_200' title='bbox 1444 1523 1805 1588; x_wconf 81' lang='grc' dir='ltr'>ἀπολιπόντας</span> <span class='ocrx_word' id='word_1_201' title='bbox 1835 1542 1847 1573; x_wconf 61' lang='grc' dir='ltr'><strong>ι</strong></span> 
     </span>
    </p>
   </div>
   <div class='ocr_carea' id='block_1_23' title="bbox 1994 1511 3542 1591">
    <p class='ocr_par' dir='ltr' id='par_1_23' title="bbox 1994 1512 3542 1583">
     <span class='ocr_line' id='line_1_23' title="bbox 1994 1512 3542 1583; baseline 0 -17"><span class='ocrx_word' id='word_1_202' title='bbox 1994 1512 2065 1583; x_wconf 79' lang='lat' dir='ltr'><strong>[ui</strong></span> <span class='ocrx_word' id='word_1_203' title='bbox 2094 1528 2202 1567; x_wconf 91' lang='lat' dir='ltr'><strong>non</strong></span> <span class='ocrx_word' id='word_1_204' title='bbox 2227 1524 2578 1567; x_wconf 84' lang='lat' dir='ltr'><strong>servaverunt</strong></span> <span class='ocrx_word' id='word_1_205' title='bbox 2612 1528 2772 1568; x_wconf 90' lang='lat' dir='ltr'><strong>suum</strong></span> <span class='ocrx_word' id='word_1_206' title='bbox 2807 1513 3192 1582; x_wconf 84' lang='lat' dir='ltr'><strong>principatum,</strong></span> <span class='ocrx_word' id='word_1_207' title='bbox 3222 1514 3316 1569; x_wconf 88' lang='lat' dir='ltr'><strong>sed</strong></span> <span class='ocrx_word' id='word_1_208' title='bbox 3345 1514 3542 1569; x_wconf 90' lang='lat' dir='ltr'><strong>dereli-</strong></span> 
     </span>
    </p>
   </div>
   <div class='ocr_carea' id='block_1_24' title="bbox 298 1602 1846 1687">
    <p class='ocr_par' dir='ltr' id='par_1_24' title="bbox 298 1602 1846 1687">
     <span class='ocr_line' id='line_1_24' title="bbox 298 1602 1846 1687; baseline 0.011 -35"><span class='ocrx_word' id='word_1_209' title='bbox 298 1602 435 1653; x_wconf 80' lang='lat' dir='ltr'><strong>i&#39;6tov</strong></span> <span class='ocrx_word' id='word_1_210' title='bbox 468 1606 805 1676; x_wconf 77' lang='grc' dir='ltr'>οἰκητήριον,</span> <span class='ocrx_word' id='word_1_211' title='bbox 840 1608 919 1670; x_wconf 85' lang='grc' dir='ltr'><strong>είς</strong></span> <span class='ocrx_word' id='word_1_212' title='bbox 948 1610 1127 1680; x_wconf 90' lang='grc' dir='ltr'>κρίσιν</span> <span class='ocrx_word' id='word_1_213' title='bbox 1158 1611 1400 1682; x_wconf 84' lang='grc' dir='ltr'>μεγάλης</span> <span class='ocrx_word' id='word_1_214' title='bbox 1426 1613 1638 1684; x_wconf 78' lang='grc' dir='ltr'>ἡμέρας</span> <span class='ocrx_word' id='word_1_215' title='bbox 1676 1615 1846 1687; x_wconf 85' lang='grc' dir='ltr'>δεσμοῖ</span> 
     </span>
    </p>
   </div>
   <div class='ocr_carea' id='block_1_25' title="bbox 1992 1602 3540 1687">
    <p class='ocr_par' dir='ltr' id='par_1_25' title="bbox 1992 1602 3540 1673">
     <span class='ocr_line' id='line_1_25' title="bbox 1992 1602 3540 1673; baseline 0.001 -17"><span class='ocrx_word' id='word_1_216' title='bbox 1992 1610 2207 1673; x_wconf 60' lang='lat' dir='ltr'><strong>{uerunt</strong></span> <span class='ocrx_word' id='word_1_217' title='bbox 2239 1617 2396 1657; x_wconf 89' lang='lat' dir='ltr'><strong>suum</strong></span> <span class='ocrx_word' id='word_1_218' title='bbox 2430 1602 2788 1668; x_wconf 87' lang='lat' dir='ltr'><strong>domicilium,</strong></span> <span class='ocrx_word' id='word_1_219' title='bbox 2821 1603 2873 1656; x_wconf 92' lang='lat' dir='ltr'><strong>in</strong></span> <span class='ocrx_word' id='word_1_220' title='bbox 2905 1603 3171 1672; x_wconf 86' lang='lat' dir='ltr'><strong>judicium</strong></span> <span class='ocrx_word' id='word_1_221' title='bbox 3210 1604 3540 1673; x_wconf 86' lang='lat' dir='ltr'><strong>magnidici,</strong></span> 
     </span>
    </p>
   </div>
   <div class='ocr_carea' id='block_1_26' title="bbox 297 1692 1845 1775">
    <p class='ocr_par' dir='ltr' id='par_1_26' title="bbox 297 1693 1845 1775">
     <span class='ocr_line' id='line_1_26' title="bbox 297 1693 1845 1775; baseline 0.01 -30"><span class='ocrx_word' id='word_1_222' title='bbox 297 1693 497 1757; x_wconf 84' lang='grc' dir='ltr'>ἀῖδίοις</span> <span class='ocrx_word' id='word_1_223' title='bbox 523 1695 629 1749; x_wconf 83' lang='grc' dir='ltr'><strong>ὑπὸ</strong></span> <span class='ocrx_word' id='word_1_224' title='bbox 655 1695 818 1766; x_wconf 77' lang='grc' dir='ltr'>ζόφον</span> <span class='ocrx_word' id='word_1_225' title='bbox 846 1700 1166 1772; x_wconf 87' lang='grc' dir='ltr'>τετήρηκεν.</span> <span class='ocrx_word' id='word_1_226' title='bbox 1205 1722 1221 1753; x_wconf 77' lang='grc' dir='ltr'><strong>ι</strong></span> <span class='ocrx_word' id='word_1_227' title='bbox 1264 1703 1353 1755; x_wconf 84' lang='grc' dir='ltr'>Ἐν</span> <span class='ocrx_word' id='word_1_228' title='bbox 1387 1704 1442 1756; x_wconf 86' lang='grc' dir='ltr'><strong>δὲ</strong></span> <span class='ocrx_word' id='word_1_229' title='bbox 1468 1704 1546 1775; x_wconf 84' lang='grc' dir='ltr'>τῷ</span> <span class='ocrx_word' id='word_1_230' title='bbox 1584 1706 1723 1759; x_wconf 77' lang='grc' dir='ltr'>Ἰὼϐ·</span> <span class='ocrx_word' id='word_1_231' title='bbox 1767 1727 1784 1756; x_wconf 83' lang='grc' dir='ltr'><strong>ι</strong></span> <span class='ocrx_word' id='word_1_232' title='bbox 1826 1709 1845 1760; x_wconf 84' lang='grc'><strong>1</strong></span> 
     </span>
    </p>
   </div>
   <div class='ocr_carea' id='block_1_27' title="bbox 1993 1692 3541 1775">
    <p class='ocr_par' dir='ltr' id='par_1_27' title="bbox 1993 1692 3541 1765">
     <span class='ocr_line' id='line_1_27' title="bbox 1993 1692 3541 1765; baseline 0.001 -20"><span class='ocrx_word' id='word_1_233' title='bbox 1993 1692 2201 1748; x_wconf 73' lang='grc' dir='ltr'>ιίιιειιιίε</span> <span class='ocrx_word' id='word_1_234' title='bbox 2227 1694 2442 1748; x_wconf 83' lang='lat' dir='ltr'><strong>aeternis</strong></span> <span class='ocrx_word' id='word_1_235' title='bbox 2477 1693 2578 1748; x_wconf 88' lang='lat' dir='ltr'><strong>sub</strong></span> <span class='ocrx_word' id='word_1_236' title='bbox 2601 1694 2830 1762; x_wconf 83' lang='lat' dir='ltr'><strong>caligine</strong></span> <span class='ocrx_word' id='word_1_237' title='bbox 2859 1694 3154 1749; x_wconf 82' lang='lat' dir='ltr'><strong>reservavit</strong></span> <span class='ocrx_word' id='word_1_238' title='bbox 3201 1694 3242 1750; x_wconf 79' lang='grc'>⁵.</span> <span class='ocrx_word' id='word_1_239' title='bbox 3263 1714 3280 1746; x_wconf 78' lang='grc' dir='ltr'><strong>ι</strong></span> <span class='ocrx_word' id='word_1_240' title='bbox 3310 1693 3376 1749; x_wconf 89' lang='grc' dir='ltr'>Ει</span> <span class='ocrx_word' id='word_1_241' title='bbox 3402 1698 3541 1765; x_wconf 76' lang='lat' dir='ltr'><strong>apud</strong></span> 
     </span>
    </p>
   </div>
   <div class='ocr_carea' id='block_1_28' title="bbox 298 1782 1846 1859">
    <p class='ocr_par' dir='ltr' id='par_1_28' title="bbox 298 1782 1846 1859">
     <span class='ocr_line' id='line_1_28' title="bbox 298 1782 1846 1859; baseline 0.01 -25"><span class='ocrx_word' id='word_1_242' title='bbox 298 1782 443 1836; x_wconf 76' lang='grc' dir='ltr'>κατὰ</span> <span class='ocrx_word' id='word_1_243' title='bbox 473 1784 645 1853; x_wconf 83' lang='grc' dir='ltr'>ἁγίων</span> <span class='ocrx_word' id='word_1_244' title='bbox 660 1786 906 1856; x_wconf 84' lang='grc' dir='ltr'>ἀγγέλων</span> <span class='ocrx_word' id='word_1_245' title='bbox 1078 1790 1243 1844; x_wconf 77' lang='grc' dir='ltr'>αὑτοῦ</span> <span class='ocrx_word' id='word_1_246' title='bbox 1268 1793 1327 1845; x_wconf 79' lang='grc' dir='ltr'>οὺ</span> <span class='ocrx_word' id='word_1_247' title='bbox 1350 1794 1615 1859; x_wconf 83' lang='grc' dir='ltr'>πιστεύει,</span> <span class='ocrx_word' id='word_1_248' title='bbox 1652 1796 1793 1850; x_wconf 88' lang='grc' dir='ltr'><strong>κατά</strong></span> <span class='ocrx_word' id='word_1_249' title='bbox 1833 1797 1846 1850; x_wconf 71' lang='grc' dir='ltr'>ἐ</span> 
     </span>
    </p>
   </div>
   <div class='ocr_carea' id='block_1_29' title="bbox 1992 1782 3540 1859">
    <p class='ocr_par' dir='ltr' id='par_1_29' title="bbox 1992 1782 3540 1854">
     <span class='ocr_line' id='line_1_29' title="bbox 1992 1782 3540 1854; baseline 0.001 -15"><span class='ocrx_word' id='word_1_250' title='bbox 1992 1785 2069 1839; x_wconf 84' lang='grc' dir='ltr'>ὀι)</span> <span class='ocrx_word' id='word_1_251' title='bbox 2106 1805 2115 1838; x_wconf 94' lang='lat'><strong>:</strong></span> <span class='ocrx_word' id='word_1_252' title='bbox 2160 1804 2177 1836; x_wconf 84' lang='grc' dir='ltr'><strong>ι</strong></span> <span class='ocrx_word' id='word_1_253' title='bbox 2209 1782 2266 1838; x_wconf 88' lang='lat' dir='ltr'><strong>Si</strong></span> <span class='ocrx_word' id='word_1_254' title='bbox 2294 1784 2495 1839; x_wconf 88' lang='lat' dir='ltr'><strong>sanctis</strong></span> <span class='ocrx_word' id='word_1_255' title='bbox 2524 1785 2728 1854; x_wconf 83' lang='lat' dir='ltr'><strong>angelis</strong></span> <span class='ocrx_word' id='word_1_256' title='bbox 2757 1786 2871 1840; x_wconf 85' lang='lat' dir='ltr'><strong>suis</strong></span> <span class='ocrx_word' id='word_1_257' title='bbox 2908 1801 3014 1841; x_wconf 93' lang='lat' dir='ltr'><strong>non</strong></span> <span class='ocrx_word' id='word_1_258' title='bbox 3048 1786 3195 1851; x_wconf 81' lang='lat' dir='ltr'><strong>ﬁdit,</strong></span> <span class='ocrx_word' id='word_1_259' title='bbox 3225 1788 3318 1841; x_wconf 83' lang='lat' dir='ltr'><strong>sed</strong></span> <span class='ocrx_word' id='word_1_260' title='bbox 3352 1795 3540 1842; x_wconf 88' lang='lat' dir='ltr'><strong>contra</strong></span> 
     </span>
    </p>
   </div>
   <div class='ocr_carea' id='block_1_30' title="bbox 295 1874 1843 1984">
    <p class='ocr_par' dir='ltr' id='par_1_30' title="bbox 295 1874 1843 1957">
     <span class='ocr_line' id='line_1_30' title="bbox 295 1874 1843 1957; baseline 0.011 -32"><span class='ocrx_word' id='word_1_261' title='bbox 295 1874 553 1942; x_wconf 79' lang='grc' dir='ltr'>ἀγγέλων</span> <span class='ocrx_word' id='word_1_262' title='bbox 614 1877 778 1931; x_wconf 85' lang='grc' dir='ltr'>αὐτοῦ</span> <span class='ocrx_word' id='word_1_263' title='bbox 827 1880 1037 1934; x_wconf 85' lang='grc' dir='ltr'>σκολιόν</span> <span class='ocrx_word' id='word_1_264' title='bbox 1080 1900 1131 1934; x_wconf 89' lang='grc' dir='ltr'><strong>τι</strong></span> <span class='ocrx_word' id='word_1_265' title='bbox 1185 1883 1492 1954; x_wconf 77' lang='grc' dir='ltr'>ἐπενόησεν·</span> <span class='ocrx_word' id='word_1_266' title='bbox 1530 1885 1705 1957; x_wconf 82' lang='grc' dir='ltr'>ἄστρα</span> <span class='ocrx_word' id='word_1_267' title='bbox 1738 1888 1793 1941; x_wconf 85' lang='grc' dir='ltr'>δὲ</span> <span class='ocrx_word' id='word_1_268' title='bbox 1826 1906 1843 1941; x_wconf 83' lang='grc' dir='ltr'><strong>ι</strong></span> 
     </span>
    </p>
   </div>
   <div class='ocr_carea' id='block_1_31' title="bbox 1992 1874 3540 1984">
    <p class='ocr_par' dir='ltr' id='par_1_31' title="bbox 1992 1878 3540 1949">
     <span class='ocr_line' id='line_1_31' title="bbox 1992 1878 3540 1949; baseline 0.001 -18"><span class='ocrx_word' id='word_1_269' title='bbox 1992 1879 2188 1947; x_wconf 64' lang='lat' dir='ltr'><strong>ingelos</strong></span> <span class='ocrx_word' id='word_1_270' title='bbox 2221 1893 2446 1948; x_wconf 88' lang='lat' dir='ltr'><strong>pravum</strong></span> <span class='ocrx_word' id='word_1_271' title='bbox 2481 1878 2607 1948; x_wconf 82' lang='lat' dir='ltr'><strong>quid</strong></span> <span class='ocrx_word' id='word_1_272' title='bbox 2643 1878 2901 1949; x_wconf 73' lang='lat' dir='ltr'><strong>cogitavit</strong></span> <span class='ocrx_word' id='word_1_273' title='bbox 2962 1882 3012 1943; x_wconf 83' lang='grc'>⁶;</span> <span class='ocrx_word' id='word_1_274' title='bbox 3052 1879 3218 1933; x_wconf 76' lang='lat' dir='ltr'><strong>stellae</strong></span> <span class='ocrx_word' id='word_1_275' title='bbox 3262 1894 3391 1935; x_wconf 85' lang='lat' dir='ltr'><strong>vero</strong></span> <span class='ocrx_word' id='word_1_276' title='bbox 3432 1895 3540 1935; x_wconf 92' lang='lat' dir='ltr'><strong>non</strong></span> 
     </span>
    </p>
   </div>
   <div class='ocr_carea' id='block_1_32' title="bbox 295 1963 1843 2047">
    <p class='ocr_par' dir='ltr' id='par_1_32' title="bbox 295 1963 1843 2047">
     <span class='ocr_line' id='line_1_32' title="bbox 295 1963 1843 2047; baseline 0.011 -32"><span class='ocrx_word' id='word_1_277' title='bbox 295 1963 523 2036; x_wconf 77' lang='grc' dir='ltr'>καθαρά</span> <span class='ocrx_word' id='word_1_278' title='bbox 548 1965 777 2023; x_wconf 78' lang='grc' dir='ltr'>ἐνώπιον</span> <span class='ocrx_word' id='word_1_279' title='bbox 804 1969 989 2023; x_wconf 82' lang='grc' dir='ltr'>αὐτοῦ·</span> <span class='ocrx_word' id='word_1_280' title='bbox 1021 1989 1038 2022; x_wconf 84' lang='grc' dir='ltr'><strong>ι</strong></span> <span class='ocrx_word' id='word_1_281' title='bbox 1065 1973 1094 2025; x_wconf 87' lang='grc' dir='ltr'>ὁ</span> <span class='ocrx_word' id='word_1_282' title='bbox 1133 1971 1189 2025; x_wconf 83' lang='grc' dir='ltr'>δὲ</span> <span class='ocrx_word' id='word_1_283' title='bbox 1223 1973 1433 2038; x_wconf 87' lang='grc' dir='ltr'>Παῦλος</span> <span class='ocrx_word' id='word_1_284' title='bbox 1468 1975 1689 2047; x_wconf 58' lang='grc' dir='ltr'>γράφει·</span> <span class='ocrx_word' id='word_1_285' title='bbox 1729 1996 1746 2027; x_wconf 83' lang='grc' dir='ltr'><strong>ι</strong></span> <span class='ocrx_word' id='word_1_286' title='bbox 1774 1980 1843 2032; x_wconf 81' lang='grc' dir='ltr'><strong>Οὐ</strong></span> 
     </span>
    </p>
   </div>
   <div class='ocr_carea' id='block_1_33' title="bbox 1985 1963 3533 2047">
    <p class='ocr_par' dir='ltr' id='par_1_33' title="bbox 1985 1970 3533 2041">
     <span class='ocr_line' id='line_1_33' title="bbox 1985 1970 3533 2041; baseline 0.002 -19"><span class='ocrx_word' id='word_1_287' title='bbox 1985 1978 2093 2024; x_wconf 70' lang='lat' dir='ltr'><strong>sunt</strong></span> <span class='ocrx_word' id='word_1_288' title='bbox 2136 1970 2351 2024; x_wconf 74' lang='lat' dir='ltr'><strong>mundae</strong></span> <span class='ocrx_word' id='word_1_289' title='bbox 2398 1971 2460 2035; x_wconf 90' lang='lat' dir='ltr'><strong>in_</strong></span> <span class='ocrx_word' id='word_1_290' title='bbox 2499 1982 2793 2041; x_wconf 87' lang='lat' dir='ltr'><strong>conspectu</strong></span> <span class='ocrx_word' id='word_1_291' title='bbox 2821 1970 2939 2041; x_wconf 85' lang='lat' dir='ltr'><strong>ejus</strong></span> <span class='ocrx_word' id='word_1_292' title='bbox 2965 1971 2984 2003; x_wconf 89' lang='grc'><strong>⁷</strong></span> <span class='ocrx_word' id='word_1_293' title='bbox 3017 2010 3030 2024; x_wconf 95' lang='grc'><strong>.</strong></span> <span class='ocrx_word' id='word_1_294' title='bbox 3065 1990 3084 2023; x_wconf 76' lang='grc' dir='ltr'><strong>ι</strong></span> <span class='ocrx_word' id='word_1_295' title='bbox 3120 1970 3321 2027; x_wconf 87' lang='lat' dir='ltr'><strong>Paulus</strong></span> <span class='ocrx_word' id='word_1_296' title='bbox 3354 1985 3533 2027; x_wconf 83' lang='lat' dir='ltr'><strong>autem</strong></span> 
     </span>
    </p>
   </div>
   <div class='ocr_carea' id='block_1_34' title="bbox 291 2054 1839 2137">
    <p class='ocr_par' dir='ltr' id='par_1_34' title="bbox 291 2054 1829 2137">
     <span class='ocr_line' id='line_1_34' title="bbox 291 2054 1829 2137; baseline 0.013 -32"><span class='ocrx_word' id='word_1_297' title='bbox 291 2054 500 2119; x_wconf 74' lang='grc' dir='ltr'>οἴδατε,</span> <span class='ocrx_word' id='word_1_298' title='bbox 534 2056 617 2111; x_wconf 83' lang='grc' dir='ltr'>ὅτι</span> <span class='ocrx_word' id='word_1_299' title='bbox 647 2059 911 2128; x_wconf 79' lang='grc' dir='ltr'><strong>ἀγγέλους</strong></span> <span class='ocrx_word' id='word_1_300' title='bbox 966 2061 1281 2133; x_wconf 85' lang='grc' dir='ltr'>κρινοῦμεν,</span> <span class='ocrx_word' id='word_1_301' title='bbox 1322 2066 1515 2137; x_wconf 85' lang='grc' dir='ltr'>μήτιγε</span> <span class='ocrx_word' id='word_1_302' title='bbox 1568 2066 1829 2137; x_wconf 83' lang='grc' dir='ltr'>βιωτικά;</span> 
     </span>
    </p>
   </div>
   <div class='ocr_carea' id='block_1_35' title="bbox 1988 2054 3536 2137">
    <p class='ocr_par' dir='ltr' id='par_1_35' title="bbox 1988 2059 3536 2133">
     <span class='ocr_line' id='line_1_35' title="bbox 1988 2059 3536 2133; baseline 0 -17"><span class='ocrx_word' id='word_1_303' title='bbox 1988 2061 2155 2116; x_wconf 57' lang='grc' dir='ltr'>νεῐὶὶιιι</span> <span class='ocrx_word' id='word_1_304' title='bbox 2192 2080 2203 2115; x_wconf 86' lang='lat'><strong>:</strong></span> <span class='ocrx_word' id='word_1_305' title='bbox 2252 2079 2270 2113; x_wconf 78' lang='grc' dir='ltr'><strong>ι</strong></span> <span class='ocrx_word' id='word_1_306' title='bbox 2303 2059 2536 2119; x_wconf 81' lang='lat' dir='ltr'><strong>Nescitis</strong></span> <span class='ocrx_word' id='word_1_307' title='bbox 2576 2064 2837 2133; x_wconf 88' lang='lat' dir='ltr'><strong>quoniam</strong></span> <span class='ocrx_word' id='word_1_308' title='bbox 2882 2063 3100 2132; x_wconf 76' lang='lat' dir='ltr'><strong>angelos</strong></span> <span class='ocrx_word' id='word_1_309' title='bbox 3131 2062 3536 2132; x_wconf 79' lang='lat' dir='ltr'><strong>judicabimus?</strong></span> 
     </span>
    </p>
   </div>
   <div class='ocr_carea' id='block_1_36' title="bbox 306 2146 1854 2233">
    <p class='ocr_par' dir='ltr' id='par_1_36' title="bbox 306 2146 1853 2233">
     <span class='ocr_line' id='line_1_36' title="bbox 306 2146 1853 2233; baseline 0.012 -36"><span class='ocrx_word' id='word_1_310' title='bbox 306 2146 472 2199; x_wconf 77' lang='grc' dir='ltr'>’Δλλὰ</span> <span class='ocrx_word' id='word_1_311' title='bbox 498 2148 610 2221; x_wconf 85' lang='grc' dir='ltr'>γὰρ</span> <span class='ocrx_word' id='word_1_312' title='bbox 642 2152 736 2205; x_wconf 76' lang='grc' dir='ltr'>καὶ</span> <span class='ocrx_word' id='word_1_313' title='bbox 759 2151 1092 2224; x_wconf 74' lang='grc' dir='ltr'>ἠκούσαμεν,</span> <span class='ocrx_word' id='word_1_314' title='bbox 1121 2155 1203 2209; x_wconf 84' lang='grc' dir='ltr'>ὅτι</span> <span class='ocrx_word' id='word_1_315' title='bbox 1223 2158 1250 2210; x_wconf 88' lang='grc' dir='ltr'><strong>ό</strong></span> <span class='ocrx_word' id='word_1_316' title='bbox 1278 2156 1521 2223; x_wconf 85' lang='grc' dir='ltr'>διάϐολος</span> <span class='ocrx_word' id='word_1_317' title='bbox 1555 2199 1570 2225; x_wconf 85' lang='grc'><strong>,</strong></span> <span class='ocrx_word' id='word_1_318' title='bbox 1695 2162 1754 2213; x_wconf 85' lang='grc' dir='ltr'>ὲν</span> <span class='ocrx_word' id='word_1_319' title='bbox 1786 2163 1853 2233; x_wconf 82' lang='grc' dir='ltr'><strong>μέ</strong></span> 
     </span>
    </p>
   </div>
   <div class='ocr_carea' id='block_1_37' title="bbox 1987 2146 3535 2233">
    <p class='ocr_par' dir='ltr' id='par_1_37' title="bbox 1987 2152 3535 2223">
     <span class='ocr_line' id='line_1_37' title="bbox 1987 2152 3535 2223; baseline 0.002 -17"><span class='ocrx_word' id='word_1_320' title='bbox 1987 2160 2165 2222; x_wconf 76' lang='grc' dir='ltr'>μισηιο</span> <span class='ocrx_word' id='word_1_321' title='bbox 2196 2152 2369 2223; x_wconf 83' lang='lat' dir='ltr'><strong>magis</strong></span> <span class='ocrx_word' id='word_1_322' title='bbox 2401 2155 2678 2210; x_wconf 65' lang='lat' dir='ltr'><strong>saecularia</strong></span> <span class='ocrx_word' id='word_1_323' title='bbox 2714 2153 2734 2185; x_wconf 81' lang='grc'>⁸</span> <span class='ocrx_word' id='word_1_324' title='bbox 2759 2155 2781 2208; x_wconf 85' lang='lat'><strong>?</strong></span> <span class='ocrx_word' id='word_1_325' title='bbox 2807 2174 2826 2206; x_wconf 80' lang='grc' dir='ltr'><strong>ι</strong></span> <span class='ocrx_word' id='word_1_326' title='bbox 2861 2153 3001 2221; x_wconf 87' lang='lat' dir='ltr'><strong>Quin</strong></span> <span class='ocrx_word' id='word_1_327' title='bbox 3038 2155 3201 2211; x_wconf 89' lang='lat' dir='ltr'><strong>etiam</strong></span> <span class='ocrx_word' id='word_1_328' title='bbox 3227 2157 3535 2211; x_wconf 83' lang='lat' dir='ltr'><strong>audivimus</strong></span> 
     </span>
    </p>
   </div>
   <div class='ocr_carea' id='block_1_38' title="bbox 293 2238 1841 2321">
    <p class='ocr_par' dir='ltr' id='par_1_38' title="bbox 293 2238 1841 2321">
     <span class='ocr_line' id='line_1_38' title="bbox 293 2238 1841 2321; baseline 0.011 -32"><span class='ocrx_word' id='word_1_329' title='bbox 293 2253 371 2308; x_wconf 81' lang='grc' dir='ltr'>σῳ</span> <span class='ocrx_word' id='word_1_330' title='bbox 405 2238 515 2293; x_wconf 89' lang='grc' dir='ltr'><strong>τῶν</strong></span> <span class='ocrx_word' id='word_1_331' title='bbox 543 2242 810 2314; x_wconf 71' lang='grc' dir='ltr'>χερουϐὶμ</span> <span class='ocrx_word' id='word_1_332' title='bbox 846 2243 941 2309; x_wconf 84' lang='grc' dir='ltr'><strong>ὢν,</strong></span> <span class='ocrx_word' id='word_1_333' title='bbox 971 2246 1065 2300; x_wconf 74' lang='grc' dir='ltr'><strong>καὶ</strong></span> <span class='ocrx_word' id='word_1_334' title='bbox 1105 2248 1535 2321; x_wconf 75' lang='grc' dir='ltr'>ἀποσφράγισμα</span> <span class='ocrx_word' id='word_1_335' title='bbox 1572 2252 1841 2321; x_wconf 70' lang='grc' dir='ltr'>ὁμοιώσειι</span> 
     </span>
    </p>
   </div>
   <div class='ocr_carea' id='block_1_39' title="bbox 1983 2238 3531 2321">
    <p class='ocr_par' dir='ltr' id='par_1_39' title="bbox 1983 2243 3531 2316">
     <span class='ocr_line' id='line_1_39' title="bbox 1983 2243 3531 2316; baseline 0 -17"><span class='ocrx_word' id='word_1_336' title='bbox 1983 2243 2260 2309; x_wconf 88' lang='lat' dir='ltr'><strong>liabolum,</strong></span> <span class='ocrx_word' id='word_1_337' title='bbox 2291 2244 2383 2313; x_wconf 86' lang='lat' dir='ltr'><strong>qui</strong></span> <span class='ocrx_word' id='word_1_338' title='bbox 2418 2245 2468 2297; x_wconf 91' lang='lat' dir='ltr'><strong>in</strong></span> <span class='ocrx_word' id='word_1_339' title='bbox 2503 2245 2682 2300; x_wconf 86' lang='lat' dir='ltr'><strong>medio</strong></span> <span class='ocrx_word' id='word_1_340' title='bbox 2715 2244 2993 2299; x_wconf 85' lang='lat' dir='ltr'><strong>cherubim</strong></span> <span class='ocrx_word' id='word_1_341' title='bbox 3030 2246 3231 2308; x_wconf 88' lang='lat' dir='ltr'><strong>stabat,</strong></span> <span class='ocrx_word' id='word_1_342' title='bbox 3260 2252 3313 2299; x_wconf 88' lang='lat' dir='ltr'><strong>et</strong></span> <span class='ocrx_word' id='word_1_343' title='bbox 3347 2245 3531 2316; x_wconf 79' lang='lat' dir='ltr'><strong>signa~</strong></span> 
     </span>
    </p>
   </div>
   <div class='ocr_carea' id='block_1_40' title="bbox 288 2334 1836 2417">
    <p class='ocr_par' dir='ltr' id='par_1_40' title="bbox 288 2334 1836 2416">
     <span class='ocr_line' id='line_1_40' title="bbox 288 2334 1836 2416; baseline 0.009 -31"><span class='ocrx_word' id='word_1_344' title='bbox 288 2334 612 2403; x_wconf 87' lang='grc' dir='ltr'>γενόμενος,</span> <span class='ocrx_word' id='word_1_345' title='bbox 652 2336 906 2401; x_wconf 79' lang='grc' dir='ltr'>ἐξέπεσεν</span> <span class='ocrx_word' id='word_1_346' title='bbox 957 2338 1021 2392; x_wconf 75' lang='grc' dir='ltr'>ἐκ</span> <span class='ocrx_word' id='word_1_347' title='bbox 1076 2339 1169 2393; x_wconf 86' lang='grc' dir='ltr'><strong>τοῦ</strong></span> <span class='ocrx_word' id='word_1_348' title='bbox 1203 2342 1429 2413; x_wconf 78' lang='grc' dir='ltr'>ούρανοῦ</span> <span class='ocrx_word' id='word_1_349' title='bbox 1472 2341 1547 2407; x_wconf 83' lang='grc' dir='ltr'>ὡς</span> <span class='ocrx_word' id='word_1_350' title='bbox 1603 2345 1836 2416; x_wconf 69' lang='grc' dir='ltr'>ἀστραπι</span> 
     </span>
    </p>
   </div>
   <div class='ocr_carea' id='block_1_41' title="bbox 1987 2334 3535 2417">
    <p class='ocr_par' dir='ltr' id='par_1_41' title="bbox 1987 2334 3535 2405">
     <span class='ocr_line' id='line_1_41' title="bbox 1987 2334 3535 2405; baseline 0.001 -18"><span class='ocrx_word' id='word_1_351' title='bbox 1987 2334 2145 2388; x_wconf 83' lang='lat' dir='ltr'><strong>:ulum</strong></span> <span class='ocrx_word' id='word_1_352' title='bbox 2173 2334 2544 2389; x_wconf 89' lang='lat' dir='ltr'><strong>similitudinis</strong></span> <span class='ocrx_word' id='word_1_353' title='bbox 2566 2345 2703 2399; x_wconf 89' lang='lat' dir='ltr'><strong>erat,</strong></span> <span class='ocrx_word' id='word_1_354' title='bbox 2733 2350 2765 2390; x_wconf 89' lang='lat' dir='ltr'><strong>e</strong></span> <span class='ocrx_word' id='word_1_355' title='bbox 2800 2336 2939 2390; x_wconf 72' lang='lat' dir='ltr'><strong>cmlo</strong></span> <span class='ocrx_word' id='word_1_356' title='bbox 2973 2336 3127 2404; x_wconf 86' lang='lat' dir='ltr'><strong>quasi</strong></span> <span class='ocrx_word' id='word_1_357' title='bbox 3179 2335 3359 2405; x_wconf 83' lang='lat' dir='ltr'><strong>fulgur</strong></span> <span class='ocrx_word' id='word_1_358' title='bbox 3392 2336 3535 2391; x_wconf 79' lang='lat' dir='ltr'><strong>ceci-</strong></span> 
     </span>
    </p>
   </div>
   <div class='ocr_carea' id='block_1_42' title="bbox 288 2422 1836 2506">
    <p class='ocr_par' dir='ltr' id='par_1_42' title="bbox 288 2424 1836 2506">
     <span class='ocr_line' id='line_1_42' title="bbox 288 2424 1836 2506; baseline 0.008 -29"><span class='ocrx_word' id='word_1_359' title='bbox 288 2424 350 2477; x_wconf 83' lang='grc' dir='ltr'>Εί</span> <span class='ocrx_word' id='word_1_360' title='bbox 382 2426 449 2479; x_wconf 77' lang='grc' dir='ltr'>δὲ</span> <span class='ocrx_word' id='word_1_361' title='bbox 478 2426 547 2480; x_wconf 75' lang='grc' dir='ltr'>τὰ</span> <span class='ocrx_word' id='word_1_362' title='bbox 584 2429 680 2499; x_wconf 88' lang='grc' dir='ltr'><strong>μὲν</strong></span> <span class='ocrx_word' id='word_1_363' title='bbox 711 2431 986 2501; x_wconf 85' lang='grc' dir='ltr'>κτίσματα</span> <span class='ocrx_word' id='word_1_364' title='bbox 1013 2433 1267 2504; x_wconf 76' lang='grc' dir='ltr'>τοιαύτην</span> <span class='ocrx_word' id='word_1_365' title='bbox 1292 2434 1405 2506; x_wconf 75' lang='grc' dir='ltr'>ἔχει</span> <span class='ocrx_word' id='word_1_366' title='bbox 1437 2436 1596 2505; x_wconf 84' lang='grc' dir='ltr'>φύσιν</span> <span class='ocrx_word' id='word_1_367' title='bbox 1632 2472 1649 2498; x_wconf 84' lang='grc'><strong>,</strong></span> <span class='ocrx_word' id='word_1_368' title='bbox 1792 2455 1836 2490; x_wconf 80' lang='grc' dir='ltr'><strong>κι</strong></span> 
     </span>
    </p>
   </div>
   <div class='ocr_carea' id='block_1_43' title="bbox 1986 2422 3534 2506">
    <p class='ocr_par' dir='ltr' id='par_1_43' title="bbox 1986 2422 3534 2495">
     <span class='ocr_line' id='line_1_43' title="bbox 1986 2422 3534 2495; baseline 0.001 -16"><span class='ocrx_word' id='word_1_369' title='bbox 1986 2422 2110 2480; x_wconf 84' lang='lat' dir='ltr'><strong>lisse</strong></span> <span class='ocrx_word' id='word_1_370' title='bbox 2151 2425 2194 2481; x_wconf 86' lang='lat'><strong>’.</strong></span> <span class='ocrx_word' id='word_1_371' title='bbox 2227 2423 2293 2479; x_wconf 78' lang='lat' dir='ltr'><strong>Si‘</strong></span> <span class='ocrx_word' id='word_1_372' title='bbox 2313 2441 2476 2495; x_wconf 88' lang='lat' dir='ltr'><strong>porro</strong></span> <span class='ocrx_word' id='word_1_373' title='bbox 2500 2441 2561 2480; x_wconf 89' lang='lat' dir='ltr'><strong>ea</strong></span> <span class='ocrx_word' id='word_1_374' title='bbox 2590 2434 2672 2481; x_wconf 92' lang='lat' dir='ltr'><strong>est</strong></span> <span class='ocrx_word' id='word_1_375' title='bbox 2698 2442 2878 2481; x_wconf 90' lang='lat' dir='ltr'><strong>rerum</strong></span> <span class='ocrx_word' id='word_1_376' title='bbox 2911 2436 3215 2481; x_wconf 87' lang='lat' dir='ltr'><strong>crcatarum</strong></span> <span class='ocrx_word' id='word_1_377' title='bbox 3241 2434 3451 2490; x_wconf 89' lang='lat' dir='ltr'><strong>natura,</strong></span> <span class='ocrx_word' id='word_1_378' title='bbox 3479 2436 3534 2481; x_wconf 85' lang='lat' dir='ltr'><strong>et</strong></span> 
     </span>
    </p>
   </div>
   <div class='ocr_carea' id='block_1_44' title="bbox 284 2514 1832 2599">
    <p class='ocr_par' dir='ltr' id='par_1_44' title="bbox 284 2516 1832 2599">
     <span class='ocr_line' id='line_1_44' title="bbox 284 2516 1832 2599; baseline 0.01 -31"><span class='ocrx_word' id='word_1_379' title='bbox 284 2516 608 2589; x_wconf 83' lang='grc' dir='ltr'>γέγραπται</span> <span class='ocrx_word' id='word_1_380' title='bbox 635 2520 760 2590; x_wconf 79' lang='grc' dir='ltr'>περὶ</span> <span class='ocrx_word' id='word_1_381' title='bbox 818 2521 1064 2591; x_wconf 84' lang='grc' dir='ltr'>ἀγγέλων</span> <span class='ocrx_word' id='word_1_382' title='bbox 1088 2525 1333 2580; x_wconf 87' lang='grc' dir='ltr'>τοιαῦτα·</span> <span class='ocrx_word' id='word_1_383' title='bbox 1372 2526 1432 2580; x_wconf 85' lang='grc' dir='ltr'><strong>τὸ</strong></span> <span class='ocrx_word' id='word_1_384' title='bbox 1460 2526 1516 2580; x_wconf 81' lang='grc' dir='ltr'>δὲ</span> <span class='ocrx_word' id='word_1_385' title='bbox 1574 2526 1798 2599; x_wconf 86' lang='grc' dir='ltr'>Πνεῦμα</span> <span class='ocrx_word' id='word_1_386' title='bbox 1825 2547 1832 2563; x_wconf 69' lang='grc' dir='ltr'><strong><em>ι</em></strong></span> 
     </span>
    </p>
   </div>
   <div class='ocr_carea' id='block_1_45' title="bbox 1981 2514 3529 2599">
    <p class='ocr_par' dir='ltr' id='par_1_45' title="bbox 1981 2514 3529 2588">
     <span class='ocr_line' id='line_1_45' title="bbox 1981 2514 3529 2588; baseline 0.003 -19"><span class='ocrx_word' id='word_1_387' title='bbox 1981 2529 2076 2569; x_wconf 80' lang='lat' dir='ltr'><strong>iaec</strong></span> <span class='ocrx_word' id='word_1_388' title='bbox 2102 2514 2168 2571; x_wconf 90' lang='lat' dir='ltr'><strong>de</strong></span> <span class='ocrx_word' id='word_1_389' title='bbox 2192 2516 2399 2588; x_wconf 80' lang='lat' dir='ltr'><strong>angelis</strong></span> <span class='ocrx_word' id='word_1_390' title='bbox 2422 2516 2621 2587; x_wconf 83' lang='lat' dir='ltr'><strong>scripta</strong></span> <span class='ocrx_word' id='word_1_391' title='bbox 2651 2526 2775 2573; x_wconf 88' lang='lat' dir='ltr'><strong>sunt</strong></span> <span class='ocrx_word' id='word_1_392' title='bbox 2799 2535 2813 2584; x_wconf 91' lang='lat'><strong>;</strong></span> <span class='ocrx_word' id='word_1_393' title='bbox 2846 2517 2888 2572; x_wconf 89' lang='lat' dir='ltr'><strong>si</strong></span> <span class='ocrx_word' id='word_1_394' title='bbox 2911 2526 3098 2573; x_wconf 90' lang='lat' dir='ltr'><strong>contra</strong></span> <span class='ocrx_word' id='word_1_395' title='bbox 3118 2516 3355 2587; x_wconf 90' lang='lat' dir='ltr'><strong>Spiritus</strong></span> <span class='ocrx_word' id='word_1_396' title='bbox 3389 2518 3529 2574; x_wconf 83' lang='lat' dir='ltr'><strong>idem</strong></span> 
     </span>
    </p>
   </div>
   <div class='ocr_carea' id='block_1_46' title="bbox 286 2603 1834 2691">
    <p class='ocr_par' dir='ltr' id='par_1_46' title="bbox 286 2608 1834 2691">
     <span class='ocr_line' id='line_1_46' title="bbox 286 2608 1834 2691; baseline 0.006 -30"><span class='ocrx_word' id='word_1_397' title='bbox 286 2608 430 2663; x_wconf 84' lang='grc' dir='ltr'>αὑτό</span> <span class='ocrx_word' id='word_1_398' title='bbox 466 2610 583 2664; x_wconf 71' lang='grc' dir='ltr'>ἐστι</span> <span class='ocrx_word' id='word_1_399' title='bbox 627 2613 719 2665; x_wconf 81' lang='grc' dir='ltr'>καὶ</span> <span class='ocrx_word' id='word_1_400' title='bbox 744 2613 1118 2679; x_wconf 83' lang='grc' dir='ltr'>ἀναλλοίωτον,</span> <span class='ocrx_word' id='word_1_401' title='bbox 1156 2617 1372 2688; x_wconf 72' lang='grc' dir='ltr'>καὶτῆς</span> <span class='ocrx_word' id='word_1_402' title='bbox 1427 2617 1520 2673; x_wconf 87' lang='grc' dir='ltr'><strong>τοῦ</strong></span> <span class='ocrx_word' id='word_1_403' title='bbox 1561 2618 1693 2673; x_wconf 83' lang='grc' dir='ltr'>Υίοῦ</span> <span class='ocrx_word' id='word_1_404' title='bbox 1722 2620 1834 2691; x_wconf 69' lang='grc' dir='ltr'>ἀτρε</span> 
     </span>
    </p>
   </div>
   <div class='ocr_carea' id='block_1_47' title="bbox 1981 2603 3529 2691">
    <p class='ocr_par' dir='ltr' id='par_1_47' title="bbox 1981 2603 3529 2677">
     <span class='ocr_line' id='line_1_47' title="bbox 1981 2603 3529 2677; baseline 0.004 -20"><span class='ocrx_word' id='word_1_405' title='bbox 1981 2617 2173 2673; x_wconf 71' lang='lat' dir='ltr'><strong>emper</strong></span> <span class='ocrx_word' id='word_1_406' title='bbox 2200 2612 2253 2658; x_wconf 92' lang='lat' dir='ltr'><strong>et</strong></span> <span class='ocrx_word' id='word_1_407' title='bbox 2284 2603 2461 2661; x_wconf 89' lang='lat' dir='ltr'><strong>omnis</strong></span> <span class='ocrx_word' id='word_1_408' title='bbox 2487 2605 2802 2661; x_wconf 87' lang='lat' dir='ltr'><strong>mutationis</strong></span> <span class='ocrx_word' id='word_1_409' title='bbox 2840 2621 3031 2676; x_wconf 79' lang='lat' dir='ltr'><strong>CchI&#39;S</strong></span> <span class='ocrx_word' id='word_1_410' title='bbox 3072 2616 3173 2673; x_wconf 91' lang='lat' dir='ltr'><strong>est,</strong></span> <span class='ocrx_word' id='word_1_411' title='bbox 3206 2608 3375 2677; x_wconf 90' lang='lat' dir='ltr'><strong>quiet</strong></span> <span class='ocrx_word' id='word_1_412' title='bbox 3410 2606 3529 2663; x_wconf 88' lang='lat' dir='ltr'><strong>Filii</strong></span> 
     </span>
    </p>
   </div>
   <div class='ocr_carea' id='block_1_48' title="bbox 283 2695 1831 2780">
    <p class='ocr_par' dir='ltr' id='par_1_48' title="bbox 283 2700 1831 2780">
     <span class='ocr_line' id='line_1_48' title="bbox 283 2700 1831 2780; baseline 0.008 -29"><span class='ocrx_word' id='word_1_413' title='bbox 283 2700 422 2768; x_wconf 67' lang='grc' dir='ltr'>φίας</span> <span class='ocrx_word' id='word_1_414' title='bbox 484 2703 622 2765; x_wconf 75' lang='grc' dir='ltr'>ἐστὶ,</span> <span class='ocrx_word' id='word_1_415' title='bbox 686 2704 841 2774; x_wconf 79' lang='grc' dir='ltr'>μένον</span> <span class='ocrx_word' id='word_1_416' title='bbox 888 2705 975 2758; x_wconf 71' lang='grc' dir='ltr'><strong>ἀεὶ</strong></span> <span class='ocrx_word' id='word_1_417' title='bbox 1043 2708 1139 2761; x_wconf 80' lang='grc' dir='ltr'><strong>σὺν</strong></span> <span class='ocrx_word' id='word_1_418' title='bbox 1197 2708 1344 2780; x_wconf 81' lang='grc' dir='ltr'>αὐτῷ</span> <span class='ocrx_word' id='word_1_419' title='bbox 1406 2710 1693 2780; x_wconf 80' lang='grc' dir='ltr'>ἄτρεπτον·</span> <span class='ocrx_word' id='word_1_420' title='bbox 1752 2728 1831 2764; x_wconf 75' lang='grc' dir='ltr'><strong>ποι</strong></span> 
     </span>
    </p>
   </div>
   <div class='ocr_carea' id='block_1_49' title="bbox 1982 2695 3530 2780">
    <p class='ocr_par' dir='ltr' id='par_1_49' title="bbox 1982 2696 3530 2771">
     <span class='ocr_line' id='line_1_49' title="bbox 1982 2696 3530 2771; baseline 0.004 -21"><span class='ocrx_word' id='word_1_421' title='bbox 1982 2696 2417 2753; x_wconf 88' lang='lat' dir='ltr'><strong>mmutabilitatis</strong></span> <span class='ocrx_word' id='word_1_422' title='bbox 2449 2698 2739 2767; x_wconf 85' lang='lat' dir='ltr'><strong>particeps,</strong></span> <span class='ocrx_word' id='word_1_423' title='bbox 2774 2715 2896 2753; x_wconf 90' lang='lat' dir='ltr'><strong>cum</strong></span> <span class='ocrx_word' id='word_1_424' title='bbox 2935 2701 3052 2770; x_wconf 91' lang='lat' dir='ltr'><strong>ipso</strong></span> <span class='ocrx_word' id='word_1_425' title='bbox 3080 2716 3292 2771; x_wconf 85' lang='lat' dir='ltr'><strong>semper</strong></span> <span class='ocrx_word' id='word_1_426' title='bbox 3331 2701 3530 2756; x_wconf 87' lang='lat' dir='ltr'><strong>immu-</strong></span> 
     </span>
    </p>
   </div>
   <div class='ocr_carea' id='block_1_50' title="bbox 282 2783 1830 2874">
    <p class='ocr_par' dir='ltr' id='par_1_50' title="bbox 282 2792 1830 2872">
     <span class='ocr_line' id='line_1_50' title="bbox 282 2792 1830 2872; baseline 0.008 -28"><span class='ocrx_word' id='word_1_427' title='bbox 282 2792 551 2862; x_wconf 83' lang='grc' dir='ltr'>ὁμοιότης</span> <span class='ocrx_word' id='word_1_428' title='bbox 573 2793 651 2864; x_wconf 82' lang='grc' dir='ltr'>τῷ</span> <span class='ocrx_word' id='word_1_429' title='bbox 676 2794 930 2867; x_wconf 78' lang='grc' dir='ltr'>ἀτρέπτῳ</span> <span class='ocrx_word' id='word_1_430' title='bbox 948 2797 1084 2868; x_wconf 76' lang='grc' dir='ltr'>πρὸς</span> <span class='ocrx_word' id='word_1_431' title='bbox 1112 2798 1181 2853; x_wconf 85' lang='grc' dir='ltr'>τὰ</span> <span class='ocrx_word' id='word_1_432' title='bbox 1209 2800 1551 2871; x_wconf 86' lang='grc' dir='ltr'>τρεπόμενα;</span> <span class='ocrx_word' id='word_1_433' title='bbox 1574 2802 1745 2872; x_wconf 83' lang='grc' dir='ltr'>Δῆλον</span> <span class='ocrx_word' id='word_1_434' title='bbox 1772 2801 1830 2872; x_wconf 78' lang='grc' dir='ltr'><strong>γό</strong></span> 
     </span>
    </p>
   </div>
   <div class='ocr_carea' id='block_1_51' title="bbox 1981 2783 3529 2874">
    <p class='ocr_par' dir='ltr' id='par_1_51' title="bbox 1981 2783 3529 2856">
     <span class='ocr_line' id='line_1_51' title="bbox 1981 2783 3529 2856; baseline 0.003 -17"><span class='ocrx_word' id='word_1_435' title='bbox 1981 2783 2137 2840; x_wconf 89' lang='lat' dir='ltr'><strong>abilis</strong></span> <span class='ocrx_word' id='word_1_436' title='bbox 2155 2795 2334 2840; x_wconf 90' lang='lat' dir='ltr'><strong>manet</strong></span> <span class='ocrx_word' id='word_1_437' title='bbox 2359 2804 2371 2840; x_wconf 89' lang='lat'><strong>:</strong></span> <span class='ocrx_word' id='word_1_438' title='bbox 2399 2801 2670 2856; x_wconf 80' lang='lat' dir='ltr'><strong>quaenam,</strong></span> <span class='ocrx_word' id='word_1_439' title='bbox 2696 2788 2908 2852; x_wconf 90' lang='lat' dir='ltr'><strong>amabo,</strong></span> <span class='ocrx_word' id='word_1_440' title='bbox 2938 2789 3236 2843; x_wconf 87' lang='lat' dir='ltr'><strong>similitudo</strong></span> <span class='ocrx_word' id='word_1_441' title='bbox 3273 2789 3529 2844; x_wconf 88' lang='lat' dir='ltr'><strong>immuta-</strong></span> 
     </span>
    </p>
   </div>
   <div class='ocr_carea' id='block_1_52' title="bbox 283 2869 1831 2963">
    <p class='ocr_par' dir='ltr' id='par_1_52' title="bbox 283 2869 1831 2963">
     <span class='ocr_line' id='line_1_52' title="bbox 283 2869 1831 2963; baseline 0.006 -27"><span class='ocrx_word' id='word_1_442' title='bbox 283 2881 350 2936; x_wconf 83' lang='grc' dir='ltr'>ἂν</span> <span class='ocrx_word' id='word_1_443' title='bbox 368 2885 488 2955; x_wconf 74' lang='grc' dir='ltr'>εἴη,</span> <span class='ocrx_word' id='word_1_444' title='bbox 522 2885 598 2948; x_wconf 85' lang='grc' dir='ltr'><strong>ὡς</strong></span> <span class='ocrx_word' id='word_1_445' title='bbox 629 2884 750 2940; x_wconf 74' lang='grc' dir='ltr'>οὔτε</span> <span class='ocrx_word' id='word_1_446' title='bbox 777 2887 982 2958; x_wconf 86' lang='grc' dir='ltr'>κτίσμα</span> <span class='ocrx_word' id='word_1_447' title='bbox 1008 2889 1176 2954; x_wconf 77' lang='grc' dir='ltr'>ἐστὶν,</span> <span class='ocrx_word' id='word_1_448' title='bbox 1213 2869 1336 2945; x_wconf 79' lang='grc' dir='ltr'>οῦτε</span> <span class='ocrx_word' id='word_1_449' title='bbox 1351 2869 1487 2956; x_wconf 84' lang='grc' dir='ltr'>ὅλως</span> <span class='ocrx_word' id='word_1_450' title='bbox 1512 2893 1611 2963; x_wconf 80' lang='grc' dir='ltr'>τῆς</span> <span class='ocrx_word' id='word_1_451' title='bbox 1640 2869 1754 2949; x_wconf 77' lang='grc' dir='ltr'><strong>τῶν</strong></span> 
     </span>
    </p>
   </div>
   <div class='ocr_carea' id='block_1_53' title="bbox 1977 2869 3525 2963">
    <p class='ocr_par' dir='ltr' id='par_1_53' title="bbox 1977 2869 3525 2950">
     <span class='ocr_line' id='line_1_53' title="bbox 1977 2869 3525 2950; baseline 0.003 -20"><span class='ocrx_word' id='word_1_452' title='bbox 1977 2875 2080 2931; x_wconf 75' lang='lat' dir='ltr'><strong>iiiis</strong></span> <span class='ocrx_word' id='word_1_453' title='bbox 2109 2889 2231 2950; x_wconf 86' lang='lat' dir='ltr'><strong>cum</strong></span> <span class='ocrx_word' id='word_1_454' title='bbox 2256 2877 2638 2932; x_wconf 88' lang='lat' dir='ltr'><strong>mutabilibus?</strong></span> <span class='ocrx_word' id='word_1_455' title='bbox 2673 2876 2811 2933; x_wconf 84' lang='lat' dir='ltr'><strong>Hinc</strong></span> <span class='ocrx_word' id='word_1_456' title='bbox 2849 2869 3007 2933; x_wconf 75' lang='lat' dir='ltr'><strong>enim</strong></span> <span class='ocrx_word' id='word_1_457' title='bbox 3043 2880 3389 2950; x_wconf 90' lang='lat' dir='ltr'><strong>perspicuum</strong></span> <span class='ocrx_word' id='word_1_458' title='bbox 3422 2889 3525 2946; x_wconf 87' lang='lat' dir='ltr'><strong>est,</strong></span> 
     </span>
    </p>
   </div>
   <div class='ocr_carea' id='block_1_54' title="bbox 283 2970 1831 3055">
    <p class='ocr_par' dir='ltr' id='par_1_54' title="bbox 283 2974 1831 3055">
     <span class='ocr_line' id='line_1_54' title="bbox 283 2974 1831 3055; baseline 0.009 -28"><span class='ocrx_word' id='word_1_459' title='bbox 283 2974 468 3043; x_wconf 85' lang='grc' dir='ltr'>γέλων</span> <span class='ocrx_word' id='word_1_460' title='bbox 502 2976 688 3040; x_wconf 80' lang='grc' dir='ltr'>οὐσίας</span> <span class='ocrx_word' id='word_1_461' title='bbox 716 2977 854 3043; x_wconf 76' lang='grc' dir='ltr'>ἐστὶ,</span> <span class='ocrx_word' id='word_1_462' title='bbox 896 2978 983 3032; x_wconf 77' lang='grc' dir='ltr'>διὰ</span> <span class='ocrx_word' id='word_1_463' title='bbox 1034 2979 1095 3033; x_wconf 86' lang='grc' dir='ltr'>τὸ</span> <span class='ocrx_word' id='word_1_464' title='bbox 1123 2981 1365 3047; x_wconf 80' lang='grc' dir='ltr'>ἐκείνους</span> <span class='ocrx_word' id='word_1_465' title='bbox 1420 2979 1558 3039; x_wconf 84' lang='grc' dir='ltr'>εἶναι</span> <span class='ocrx_word' id='word_1_466' title='bbox 1590 2985 1831 3055; x_wconf 80' lang='grc' dir='ltr'>τρεπτούι</span> 
     </span>
    </p>
   </div>
   <div class='ocr_carea' id='block_1_55' title="bbox 1979 2970 3527 3055">
    <p class='ocr_par' dir='ltr' id='par_1_55' title="bbox 1979 2970 3527 3040">
     <span class='ocr_line' id='line_1_55' title="bbox 1979 2970 3527 3040; baseline 0.003 -20"><span class='ocrx_word' id='word_1_467' title='bbox 1979 2983 2131 3039; x_wconf 71' lang='lat' dir='ltr'><strong>neque</strong></span> <span class='ocrx_word' id='word_1_468' title='bbox 2161 2982 2275 3022; x_wconf 89' lang='lat' dir='ltr'><strong>rem</strong></span> <span class='ocrx_word' id='word_1_469' title='bbox 2302 2976 2536 3023; x_wconf 89' lang='lat' dir='ltr'><strong>creatam</strong></span> <span class='ocrx_word' id='word_1_470' title='bbox 2570 2984 2711 3029; x_wconf 87' lang='lat' dir='ltr'><strong>esse,</strong></span> <span class='ocrx_word' id='word_1_471' title='bbox 2749 2985 2923 3039; x_wconf 88' lang='lat' dir='ltr'><strong>neque</strong></span> <span class='ocrx_word' id='word_1_472' title='bbox 2950 2970 3015 3025; x_wconf 89' lang='lat' dir='ltr'><strong>ad</strong></span> <span class='ocrx_word' id='word_1_473' title='bbox 3061 2972 3373 3040; x_wconf 88' lang='lat' dir='ltr'><strong>angelorum</strong></span> <span class='ocrx_word' id='word_1_474' title='bbox 3396 3014 3411 3034; x_wconf 93' lang='lat'><strong>,</strong></span> <span class='ocrx_word' id='word_1_475' title='bbox 3445 2980 3527 3025; x_wconf 50' lang='lat' dir='ltr'><strong>ut.</strong></span> 
     </span>
    </p>
   </div>
   <div class='ocr_carea' id='block_1_56' title="bbox 282 3058 1830 3146">
    <p class='ocr_par' dir='ltr' id='par_1_56' title="bbox 282 3065 1830 3146">
     <span class='ocr_line' id='line_1_56' title="bbox 282 3065 1830 3146; baseline 0.008 -27"><span class='ocrx_word' id='word_1_476' title='bbox 282 3065 402 3119; x_wconf 86' lang='grc' dir='ltr'>ἀλλ’</span> <span class='ocrx_word' id='word_1_477' title='bbox 436 3065 600 3121; x_wconf 86' lang='grc' dir='ltr'>είκὼν</span> <span class='ocrx_word' id='word_1_478' title='bbox 627 3067 721 3121; x_wconf 88' lang='grc' dir='ltr'><strong>τοῦ</strong></span> <span class='ocrx_word' id='word_1_479' title='bbox 759 3068 954 3138; x_wconf 82' lang='grc' dir='ltr'>Λόγου,</span> <span class='ocrx_word' id='word_1_480' title='bbox 992 3071 1087 3124; x_wconf 79' lang='grc' dir='ltr'>καὶ</span> <span class='ocrx_word' id='word_1_481' title='bbox 1135 3070 1229 3127; x_wconf 91' lang='grc' dir='ltr'><strong>τοῦ</strong></span> <span class='ocrx_word' id='word_1_482' title='bbox 1291 3076 1503 3146; x_wconf 82' lang='grc' dir='ltr'>Πατρὸς</span> <span class='ocrx_word' id='word_1_483' title='bbox 1558 3076 1685 3130; x_wconf 77' lang='grc' dir='ltr'>ἴδιόν</span> <span class='ocrx_word' id='word_1_484' title='bbox 1737 3079 1830 3131; x_wconf 77' lang='grc' dir='ltr'><strong>ἐστ</strong></span> 
     </span>
    </p>
   </div>
   <div class='ocr_carea' id='block_1_57' title="bbox 1976 3058 3524 3146">
    <p class='ocr_par' dir='ltr' id='par_1_57' title="bbox 1976 3058 3524 3131">
     <span class='ocr_line' id='line_1_57' title="bbox 1976 3058 3524 3131; baseline 0.002 -20"><span class='ocrx_word' id='word_1_485' title='bbox 1976 3067 2079 3111; x_wconf 65' lang='lat' dir='ltr'><strong>tote</strong></span> <span class='ocrx_word' id='word_1_486' title='bbox 2097 3058 2189 3129; x_wconf 90' lang='lat' dir='ltr'><strong>qui</strong></span> <span class='ocrx_word' id='word_1_487' title='bbox 2211 3058 2500 3113; x_wconf 88' lang='lat' dir='ltr'><strong>mutabiles</strong></span> <span class='ocrx_word' id='word_1_488' title='bbox 2527 3059 2657 3123; x_wconf 91' lang='lat' dir='ltr'><strong>sint,</strong></span> <span class='ocrx_word' id='word_1_489' title='bbox 2678 3068 2927 3115; x_wconf 88' lang='lat' dir='ltr'><strong>naturam</strong></span> <span class='ocrx_word' id='word_1_490' title='bbox 2946 3062 3234 3131; x_wconf 81' lang='lat' dir='ltr'><strong>pertinere,</strong></span> <span class='ocrx_word' id='word_1_491' title='bbox 3254 3061 3347 3116; x_wconf 87' lang='lat' dir='ltr'><strong>sed</strong></span> <span class='ocrx_word' id='word_1_492' title='bbox 3365 3059 3524 3117; x_wconf 86' lang='lat' dir='ltr'><strong>Verbi</strong></span> 
     </span>
    </p>
   </div>
   <div class='ocr_carea' id='block_1_58' title="bbox 282 3150 1830 3240">
    <p class='ocr_par' dir='ltr' id='par_1_58' title="bbox 282 3157 1830 3240">
     <span class='ocr_line' id='line_1_58' title="bbox 282 3157 1830 3240; baseline 0.006 -30"><span class='ocrx_word' id='word_1_493' title='bbox 282 3157 463 3212; x_wconf 78' lang='grc' dir='ltr'>Πάλιν</span> <span class='ocrx_word' id='word_1_494' title='bbox 501 3176 561 3214; x_wconf 86' lang='grc' dir='ltr'><strong>τε</strong></span> <span class='ocrx_word' id='word_1_495' title='bbox 582 3161 642 3215; x_wconf 84' lang='grc' dir='ltr'>τὸ</span> <span class='ocrx_word' id='word_1_496' title='bbox 676 3162 772 3232; x_wconf 83' lang='grc' dir='ltr'>μὲν</span> <span class='ocrx_word' id='word_1_497' title='bbox 800 3164 1026 3236; x_wconf 85' lang='grc' dir='ltr'>Πνεῦμα</span> <span class='ocrx_word' id='word_1_498' title='bbox 1054 3166 1261 3239; x_wconf 80' lang='grc' dir='ltr'>Κυρίου</span> <span class='ocrx_word' id='word_1_499' title='bbox 1294 3166 1623 3238; x_wconf 83' lang='grc' dir='ltr'>πεπλήρωκε</span> <span class='ocrx_word' id='word_1_500' title='bbox 1658 3168 1756 3240; x_wconf 88' lang='grc' dir='ltr'>τὴν</span> <span class='ocrx_word' id='word_1_501' title='bbox 1793 3171 1830 3222; x_wconf 83' lang='lat' dir='ltr'><strong>oi</strong></span> 
     </span>
    </p>
   </div>
   <div class='ocr_carea' id='block_1_59' title="bbox 1979 3150 3527 3240">
    <p class='ocr_par' dir='ltr' id='par_1_59' title="bbox 1979 3150 3527 3226">
     <span class='ocr_line' id='line_1_59' title="bbox 1979 3150 3527 3226; baseline 0.002 -21"><span class='ocrx_word' id='word_1_502' title='bbox 1979 3150 2245 3223; x_wconf 86' lang='lat' dir='ltr'><strong>maginem</strong></span> <span class='ocrx_word' id='word_1_503' title='bbox 2274 3159 2326 3206; x_wconf 89' lang='lat' dir='ltr'><strong>et</strong></span> <span class='ocrx_word' id='word_1_504' title='bbox 2347 3151 2520 3206; x_wconf 87' lang='lat' dir='ltr'><strong>Patris</strong></span> <span class='ocrx_word' id='word_1_505' title='bbox 2543 3152 2818 3221; x_wconf 87' lang='lat' dir='ltr'><strong>proprium</strong></span> <span class='ocrx_word' id='word_1_506' title='bbox 2845 3166 2984 3207; x_wconf 89' lang='lat' dir='ltr'><strong>esse.</strong></span> <span class='ocrx_word' id='word_1_507' title='bbox 3004 3150 3266 3206; x_wconf 73' lang='lat' dir='ltr'><strong>Praeterea</strong></span> <span class='ocrx_word' id='word_1_508' title='bbox 3294 3152 3527 3226; x_wconf 82' lang='lat' dir='ltr'><strong>Spiritus</strong></span> 
     </span>
    </p>
   </div>
   <div class='ocr_carea' id='block_1_60' title="bbox 281 3239 1829 3333">
    <p class='ocr_par' dir='ltr' id='par_1_60' title="bbox 281 3239 1829 3329">
     <span class='ocr_line' id='line_1_60' title="bbox 281 3239 1829 3329; baseline 0.008 -27"><span class='ocrx_word' id='word_1_509' title='bbox 281 3251 583 3322; x_wconf 85' lang='grc' dir='ltr'>κουμένην.</span> <span class='ocrx_word' id='word_1_510' title='bbox 634 3253 791 3307; x_wconf 76' lang='grc' dir='ltr'>Οὕτω</span> <span class='ocrx_word' id='word_1_511' title='bbox 847 3256 956 3328; x_wconf 80' lang='grc' dir='ltr'><strong>γὰρ</strong></span> <span class='ocrx_word' id='word_1_512' title='bbox 1002 3256 1097 3312; x_wconf 80' lang='grc' dir='ltr'>και</span> <span class='ocrx_word' id='word_1_513' title='bbox 1153 3259 1182 3312; x_wconf 88' lang='grc' dir='ltr'>ὁ</span> <span class='ocrx_word' id='word_1_514' title='bbox 1227 3259 1389 3313; x_wconf 75' lang='grc' dir='ltr'>Δαϐὶδ</span> <span class='ocrx_word' id='word_1_515' title='bbox 1434 3259 1645 3329; x_wconf 79' lang='grc' dir='ltr'>ψάλλει·</span> <span class='ocrx_word' id='word_1_516' title='bbox 1711 3239 1829 3315; x_wconf 59' lang='lat' dir='ltr'><strong>inc</strong></span> 
     </span>
    </p>
   </div>
   <div class='ocr_carea' id='block_1_61' title="bbox 1976 3239 3524 3333">
    <p class='ocr_par' dir='ltr' id='par_1_61' title="bbox 1976 3239 3524 3310">
     <span class='ocr_line' id='line_1_61' title="bbox 1976 3239 3524 3310; baseline -0.001 -16"><span class='ocrx_word' id='word_1_517' title='bbox 1976 3240 2169 3296; x_wconf 79' lang='lat' dir='ltr'><strong>)omini</strong></span> <span class='ocrx_word' id='word_1_518' title='bbox 2215 3241 2527 3296; x_wconf 89' lang='lat' dir='ltr'><strong>universum</strong></span> <span class='ocrx_word' id='word_1_519' title='bbox 2574 3242 2760 3295; x_wconf 88' lang='lat' dir='ltr'><strong>orbem</strong></span> <span class='ocrx_word' id='word_1_520' title='bbox 2800 3241 3042 3310; x_wconf 86' lang='lat' dir='ltr'><strong>replevit.</strong></span> <span class='ocrx_word' id='word_1_521' title='bbox 3075 3239 3149 3293; x_wconf 90' lang='lat' dir='ltr'><strong>lta</strong></span> <span class='ocrx_word' id='word_1_522' title='bbox 3181 3245 3321 3294; x_wconf 86' lang='lat' dir='ltr'><strong>enim</strong></span> <span class='ocrx_word' id='word_1_523' title='bbox 3362 3240 3524 3310; x_wconf 77' lang='lat' dir='ltr'><strong>David</strong></span> 
     </span>
    </p>
   </div>
   <div class='ocr_carea' id='block_1_62' title="bbox 290 3331 1838 3424">
    <p class='ocr_par' dir='ltr' id='par_1_62' title="bbox 290 3340 1837 3418">
     <span class='ocr_line' id='line_1_62' title="bbox 290 3340 1837 3418; baseline 0.01 -29"><span class='ocrx_word' id='word_1_524' title='bbox 290 3340 551 3412; x_wconf 82' lang='grc' dir='ltr'>πορευθῶ</span> <span class='ocrx_word' id='word_1_525' title='bbox 578 3342 683 3396; x_wconf 77' lang='grc' dir='ltr'>ἀπὸ</span> <span class='ocrx_word' id='word_1_526' title='bbox 709 3344 802 3398; x_wconf 90' lang='grc' dir='ltr'><strong>τοῦ</strong></span> <span class='ocrx_word' id='word_1_527' title='bbox 834 3346 1150 3418; x_wconf 85' lang='grc' dir='ltr'>Πνεύματός</span> <span class='ocrx_word' id='word_1_528' title='bbox 1184 3365 1312 3413; x_wconf 76' lang='grc' dir='ltr'>σούς</span> <span class='ocrx_word' id='word_1_529' title='bbox 1345 3368 1362 3401; x_wconf 82' lang='grc' dir='ltr'><strong>ι</strong></span> <span class='ocrx_word' id='word_1_530' title='bbox 1398 3349 1507 3403; x_wconf 76' lang='grc' dir='ltr'><strong>Καὶ</strong></span> <span class='ocrx_word' id='word_1_531' title='bbox 1539 3350 1698 3405; x_wconf 84' lang='grc' dir='ltr'>πάλιν</span> <span class='ocrx_word' id='word_1_532' title='bbox 1719 3353 1775 3404; x_wconf 86' lang='grc' dir='ltr'><strong>ὲν</strong></span> <span class='ocrx_word' id='word_1_533' title='bbox 1807 3370 1837 3404; x_wconf 90' lang='grc' dir='ltr'><strong>τ</strong></span> 
     </span>
    </p>
   </div>
   <div class='ocr_carea' id='block_1_63' title="bbox 1980 3331 3528 3424">
    <p class='ocr_par' dir='ltr' id='par_1_63' title="bbox 1980 3331 3528 3404">
     <span class='ocr_line' id='line_1_63' title="bbox 1980 3331 3528 3404; baseline -0.004 -14"><span class='ocrx_word' id='word_1_534' title='bbox 1980 3335 2150 3390; x_wconf 67' lang='lat' dir='ltr'><strong>ecinit</strong></span> <span class='ocrx_word' id='word_1_535' title='bbox 2178 3354 2191 3390; x_wconf 88' lang='lat'><strong>:</strong></span> <span class='ocrx_word' id='word_1_536' title='bbox 2227 3353 2245 3386; x_wconf 81' lang='grc' dir='ltr'><strong>ι</strong></span> <span class='ocrx_word' id='word_1_537' title='bbox 2274 3334 2394 3401; x_wconf 89' lang='lat' dir='ltr'><strong>Quo</strong></span> <span class='ocrx_word' id='word_1_538' title='bbox 2427 3335 2518 3389; x_wconf 89' lang='lat' dir='ltr'><strong>ibo</strong></span> <span class='ocrx_word' id='word_1_539' title='bbox 2540 3349 2570 3388; x_wconf 87' lang='lat' dir='ltr'><strong>a</strong></span> <span class='ocrx_word' id='word_1_540' title='bbox 2596 3332 2804 3404; x_wconf 84' lang='lat' dir='ltr'><strong>Spiritu</strong></span> <span class='ocrx_word' id='word_1_541' title='bbox 2835 3343 2926 3388; x_wconf 90' lang='lat' dir='ltr'><strong>tuo</strong></span> <span class='ocrx_word' id='word_1_542' title='bbox 2955 3331 3028 3387; x_wconf 74' lang='lat' dir='ltr'><strong>&quot;’i</strong></span> <span class='ocrx_word' id='word_1_543' title='bbox 3063 3352 3081 3386; x_wconf 76' lang='grc' dir='ltr'><strong>ι</strong></span> <span class='ocrx_word' id='word_1_544' title='bbox 3126 3332 3189 3387; x_wconf 85' lang='grc' dir='ltr'>Ει</span> <span class='ocrx_word' id='word_1_545' title='bbox 3215 3335 3266 3386; x_wconf 89' lang='lat' dir='ltr'><strong>in</strong></span> <span class='ocrx_word' id='word_1_546' title='bbox 3301 3334 3528 3401; x_wconf 84' lang='lat' dir='ltr'><strong>Sapien-</strong></span> 
     </span>
    </p>
   </div>
   <div class='ocr_carea' id='block_1_64' title="bbox 287 3423 1835 3512">
    <p class='ocr_par' dir='ltr' id='par_1_64' title="bbox 287 3430 1835 3512">
     <span class='ocr_line' id='line_1_64' title="bbox 287 3430 1835 3512; baseline 0.007 -29"><span class='ocrx_word' id='word_1_547' title='bbox 287 3430 467 3502; x_wconf 62' lang='grc' dir='ltr'>Σοφίᾳ</span> <span class='ocrx_word' id='word_1_548' title='bbox 490 3432 813 3506; x_wconf 88' lang='grc' dir='ltr'>γέγραπται·</span> <span class='ocrx_word' id='word_1_549' title='bbox 876 3455 895 3490; x_wconf 84' lang='grc' dir='ltr'><strong>ι</strong></span> <span class='ocrx_word' id='word_1_550' title='bbox 932 3437 1006 3491; x_wconf 84' lang='grc' dir='ltr'><strong>Τὸ</strong></span> <span class='ocrx_word' id='word_1_551' title='bbox 1046 3438 1155 3510; x_wconf 76' lang='grc' dir='ltr'><strong>γὰρ</strong></span> <span class='ocrx_word' id='word_1_552' title='bbox 1204 3439 1477 3512; x_wconf 73' lang='grc' dir='ltr'>ἀφθαρτόν</span> <span class='ocrx_word' id='word_1_553' title='bbox 1513 3457 1606 3493; x_wconf 89' lang='grc' dir='ltr'><strong>σου</strong></span> <span class='ocrx_word' id='word_1_554' title='bbox 1648 3440 1835 3512; x_wconf 87' lang='grc' dir='ltr'>Πνεῦμ</span> 
     </span>
    </p>
   </div>
   <div class='ocr_carea' id='block_1_65' title="bbox 1987 3423 3535 3512">
    <p class='ocr_par' dir='ltr' id='par_1_65' title="bbox 1987 3423 3535 3497">
     <span class='ocr_line' id='line_1_65' title="bbox 1987 3423 3535 3497; baseline -0.002 -16"><span class='ocrx_word' id='word_1_555' title='bbox 1987 3429 2029 3482; x_wconf 83' lang='lat' dir='ltr'><strong>ia</strong></span> <span class='ocrx_word' id='word_1_556' title='bbox 2053 3427 2313 3497; x_wconf 88' lang='lat' dir='ltr'><strong>scriptum</strong></span> <span class='ocrx_word' id='word_1_557' title='bbox 2341 3436 2425 3482; x_wconf 86' lang='lat' dir='ltr'><strong>est</strong></span> <span class='ocrx_word' id='word_1_558' title='bbox 2453 3444 2467 3480; x_wconf 89' lang='lat'>:</span> <span class='ocrx_word' id='word_1_559' title='bbox 2502 3442 2520 3477; x_wconf 86' lang='grc' dir='ltr'><strong>ι</strong></span> <span class='ocrx_word' id='word_1_560' title='bbox 2559 3426 2712 3480; x_wconf 90' lang='lat' dir='ltr'><strong>Tuus</strong></span> <span class='ocrx_word' id='word_1_561' title='bbox 2739 3424 2884 3479; x_wconf 89' lang='lat' dir='ltr'><strong>enim</strong></span> <span class='ocrx_word' id='word_1_562' title='bbox 2921 3424 3269 3494; x_wconf 84' lang='lat' dir='ltr'><strong>incorruptus</strong></span> <span class='ocrx_word' id='word_1_563' title='bbox 3298 3423 3535 3493; x_wconf 85' lang='lat' dir='ltr'><strong>Spiritus</strong></span> 
     </span>
    </p>
   </div>
   <div class='ocr_carea' id='block_1_66' title="bbox 286 3516 1834 3604">
    <p class='ocr_par' dir='ltr' id='par_1_66' title="bbox 286 3524 1834 3604">
     <span class='ocr_line' id='line_1_66' title="bbox 286 3524 1834 3604; baseline 0.007 -29"><span class='ocrx_word' id='word_1_564' title='bbox 286 3525 443 3576; x_wconf 79' lang='grc' dir='ltr'>ἐστιν</span> <span class='ocrx_word' id='word_1_565' title='bbox 474 3524 532 3576; x_wconf 85' lang='grc' dir='ltr'>ὲν</span> <span class='ocrx_word' id='word_1_566' title='bbox 566 3526 752 3578; x_wconf 76' lang='grc' dir='ltr'>πᾶσι.»</span> <span class='ocrx_word' id='word_1_567' title='bbox 786 3526 865 3580; x_wconf 87' lang='grc' dir='ltr'><strong>Τὰ</strong></span> <span class='ocrx_word' id='word_1_568' title='bbox 896 3528 954 3581; x_wconf 79' lang='grc' dir='ltr'>δὲ</span> <span class='ocrx_word' id='word_1_569' title='bbox 978 3528 1181 3600; x_wconf 84' lang='grc' dir='ltr'>γενητὰ</span> <span class='ocrx_word' id='word_1_570' title='bbox 1204 3529 1378 3583; x_wconf 85' lang='grc' dir='ltr'>πάντα</span> <span class='ocrx_word' id='word_1_571' title='bbox 1416 3533 1473 3583; x_wconf 83' lang='grc' dir='ltr'>ἐν</span> <span class='ocrx_word' id='word_1_572' title='bbox 1538 3534 1834 3604; x_wconf 82' lang='grc' dir='ltr'>μεμερισμέ</span> 
     </span>
    </p>
   </div>
   <div class='ocr_carea' id='block_1_67' title="bbox 1987 3516 3535 3604">
    <p class='ocr_par' dir='ltr' id='par_1_67' title="bbox 1987 3516 3535 3587">
     <span class='ocr_line' id='line_1_67' title="bbox 1987 3516 3535 3587; baseline -0.004 -13"><span class='ocrx_word' id='word_1_573' title='bbox 1987 3528 2035 3574; x_wconf 88' lang='lat' dir='ltr'><strong>st</strong></span> <span class='ocrx_word' id='word_1_574' title='bbox 2069 3521 2121 3574; x_wconf 93' lang='lat' dir='ltr'><strong>in</strong></span> <span class='ocrx_word' id='word_1_575' title='bbox 2152 3519 2407 3574; x_wconf 89' lang='lat' dir='ltr'><strong>omnibus</strong></span> <span class='ocrx_word' id='word_1_576' title='bbox 2436 3517 2499 3573; x_wconf 85' lang='grc'><strong>¹¹.</strong></span> <span class='ocrx_word' id='word_1_577' title='bbox 2529 3537 2546 3569; x_wconf 76' lang='grc' dir='ltr'><strong>ι</strong></span> <span class='ocrx_word' id='word_1_578' title='bbox 2581 3517 2743 3587; x_wconf 85' lang='lat' dir='ltr'><strong>Atqui</strong></span> <span class='ocrx_word' id='word_1_579' title='bbox 2773 3517 3041 3572; x_wconf 60' lang='lat' dir='ltr'><strong>universa!</strong></span> <span class='ocrx_word' id='word_1_580' title='bbox 3072 3533 3159 3572; x_wconf 89' lang='lat' dir='ltr'><strong>res</strong></span> <span class='ocrx_word' id='word_1_581' title='bbox 3192 3516 3346 3571; x_wconf 81' lang='lat' dir='ltr'><strong>factae</strong></span> <span class='ocrx_word' id='word_1_582' title='bbox 3375 3517 3426 3569; x_wconf 91' lang='lat' dir='ltr'><strong>in</strong></span> <span class='ocrx_word' id='word_1_583' title='bbox 3455 3516 3535 3569; x_wconf 87' lang='lat' dir='ltr'><strong>di-</strong></span> 
     </span>
    </p>
   </div>
   <div class='ocr_carea' id='block_1_68' title="bbox 284 3608 1832 3693">
    <p class='ocr_par' dir='ltr' id='par_1_68' title="bbox 284 3614 1832 3693">
     <span class='ocr_line' id='line_1_68' title="bbox 284 3614 1832 3693; baseline 0.007 -27"><span class='ocrx_word' id='word_1_584' title='bbox 284 3632 400 3678; x_wconf 87' lang='grc' dir='ltr'>νοις</span> <span class='ocrx_word' id='word_1_585' title='bbox 440 3614 626 3681; x_wconf 88' lang='grc' dir='ltr'>τόποις</span> <span class='ocrx_word' id='word_1_586' title='bbox 658 3618 814 3683; x_wconf 74' lang='grc' dir='ltr'>εἰσὶν,</span> <span class='ocrx_word' id='word_1_587' title='bbox 848 3619 997 3691; x_wconf 78' lang='grc' dir='ltr'>ἥλιος</span> <span class='ocrx_word' id='word_1_588' title='bbox 1025 3621 1144 3691; x_wconf 86' lang='grc' dir='ltr'>μὲν,</span> <span class='ocrx_word' id='word_1_589' title='bbox 1192 3621 1285 3674; x_wconf 75' lang='grc' dir='ltr'><strong>καὶ</strong></span> <span class='ocrx_word' id='word_1_590' title='bbox 1328 3621 1546 3693; x_wconf 83' lang='grc' dir='ltr'>σελήνη,</span> <span class='ocrx_word' id='word_1_591' title='bbox 1591 3623 1685 3676; x_wconf 60' lang='grc' dir='ltr'><strong>καὶ¹</strong></span> <span class='ocrx_word' id='word_1_592' title='bbox 1716 3624 1832 3678; x_wconf 79' lang='grc' dir='ltr'>ἀστε</span> 
     </span>
    </p>
   </div>
   <div class='ocr_carea' id='block_1_69' title="bbox 1982 3608 3530 3693">
    <p class='ocr_par' dir='ltr' id='par_1_69' title="bbox 1982 3608 3530 3681">
     <span class='ocr_line' id='line_1_69' title="bbox 1982 3608 3530 3681; baseline -0.003 -18"><span class='ocrx_word' id='word_1_593' title='bbox 1982 3610 2087 3667; x_wconf 83' lang='lat' dir='ltr'><strong>isis</strong></span> <span class='ocrx_word' id='word_1_594' title='bbox 2117 3611 2250 3665; x_wconf 84' lang='lat' dir='ltr'><strong>locis</strong></span> <span class='ocrx_word' id='word_1_595' title='bbox 2280 3608 2567 3674; x_wconf 85' lang='lat' dir='ltr'><strong>exsistunt,</strong></span> <span class='ocrx_word' id='word_1_596' title='bbox 2598 3611 2744 3665; x_wconf 86' lang='lat' dir='ltr'><strong>verbi</strong></span> <span class='ocrx_word' id='word_1_597' title='bbox 2772 3610 2965 3681; x_wconf 89' lang='lat' dir='ltr'><strong>gratia.</strong></span> <span class='ocrx_word' id='word_1_598' title='bbox 2994 3611 3095 3676; x_wconf 89' lang='lat' dir='ltr'><strong>sol,</strong></span> <span class='ocrx_word' id='word_1_599' title='bbox 3126 3611 3250 3663; x_wconf 90' lang='lat' dir='ltr'><strong>luna</strong></span> <span class='ocrx_word' id='word_1_600' title='bbox 3278 3620 3331 3664; x_wconf 89' lang='lat' dir='ltr'><strong>et</strong></span> <span class='ocrx_word' id='word_1_601' title='bbox 3362 3618 3530 3672; x_wconf 84' lang='lat' dir='ltr'><strong>astra,</strong></span> 
     </span>
    </p>
   </div>
   <div class='ocr_carea' id='block_1_70' title="bbox 283 3699 1831 3787">
    <p class='ocr_par' dir='ltr' id='par_1_70' title="bbox 283 3700 1831 3787">
     <span class='ocr_line' id='line_1_70' title="bbox 283 3700 1831 3787; baseline 0.007 -29"><span class='ocrx_word' id='word_1_602' title='bbox 283 3722 378 3775; x_wconf 87' lang='grc' dir='ltr'><strong>ρες</strong></span> <span class='ocrx_word' id='word_1_603' title='bbox 415 3709 474 3760; x_wconf 79' lang='grc' dir='ltr'>ὲν</span> <span class='ocrx_word' id='word_1_604' title='bbox 494 3707 571 3778; x_wconf 83' lang='grc' dir='ltr'>τῷ</span> <span class='ocrx_word' id='word_1_605' title='bbox 604 3710 963 3781; x_wconf 84' lang='grc' dir='ltr'>στερεὼματι,</span> <span class='ocrx_word' id='word_1_606' title='bbox 1019 3712 1237 3782; x_wconf 83' lang='grc' dir='ltr'>νεφέλαι</span> <span class='ocrx_word' id='word_1_607' title='bbox 1296 3713 1351 3766; x_wconf 85' lang='grc' dir='ltr'>δὲ</span> <span class='ocrx_word' id='word_1_608' title='bbox 1386 3714 1443 3767; x_wconf 81' lang='grc' dir='ltr'>ὲν</span> <span class='ocrx_word' id='word_1_609' title='bbox 1486 3700 1573 3785; x_wconf 54' lang='grc' dir='ltr'><strong>’τῷ</strong></span> <span class='ocrx_word' id='word_1_610' title='bbox 1599 3715 1742 3787; x_wconf 85' lang='grc' dir='ltr'>ἀέρι·</span> <span class='ocrx_word' id='word_1_611' title='bbox 1776 3733 1831 3770; x_wconf 81' lang='grc' dir='ltr'><strong>κο</strong></span> 
     </span>
    </p>
   </div>
   <div class='ocr_carea' id='block_1_71' title="bbox 1982 3699 3530 3787">
    <p class='ocr_par' dir='ltr' id='par_1_71' title="bbox 1982 3699 3530 3773">
     <span class='ocr_line' id='line_1_71' title="bbox 1982 3699 3530 3773; baseline 0.002 -19"><span class='ocrx_word' id='word_1_612' title='bbox 1982 3717 2008 3755; x_wconf 83' lang='grc' dir='ltr'><strong>ιι</strong></span> <span class='ocrx_word' id='word_1_613' title='bbox 2041 3699 2404 3763; x_wconf 80' lang='lat' dir='ltr'><strong>ﬁrmamento,</strong></span> <span class='ocrx_word' id='word_1_614' title='bbox 2438 3713 2491 3756; x_wconf 91' lang='lat' dir='ltr'><strong>et</strong></span> <span class='ocrx_word' id='word_1_615' title='bbox 2513 3701 2683 3757; x_wconf 89' lang='lat' dir='ltr'><strong>nubes</strong></span> <span class='ocrx_word' id='word_1_616' title='bbox 2715 3701 2769 3755; x_wconf 92' lang='lat' dir='ltr'><strong>in</strong></span> <span class='ocrx_word' id='word_1_617' title='bbox 2798 3717 2942 3756; x_wconf 88' lang='lat' dir='ltr'><strong>aere.</strong></span> <span class='ocrx_word' id='word_1_618' title='bbox 2977 3701 3034 3756; x_wconf 91' lang='lat' dir='ltr'><strong>ln</strong></span> <span class='ocrx_word' id='word_1_619' title='bbox 3061 3702 3374 3757; x_wconf 86' lang='lat' dir='ltr'><strong>hominibus</strong></span> <span class='ocrx_word' id='word_1_620' title='bbox 3390 3720 3530 3773; x_wconf 81' lang='lat' dir='ltr'><strong>quo—</strong></span> 
     </span>
    </p>
   </div>
   <div class='ocr_carea' id='block_1_72' title="bbox 278 3788 1826 3876">
    <p class='ocr_par' dir='ltr' id='par_1_72' title="bbox 278 3799 1826 3876">
     <span class='ocr_line' id='line_1_72' title="bbox 278 3799 1826 3876; baseline 0.003 -26"><span class='ocrx_word' id='word_1_621' title='bbox 278 3802 396 3863; x_wconf 85' lang='grc' dir='ltr'>τοῖς</span> <span class='ocrx_word' id='word_1_622' title='bbox 426 3799 733 3870; x_wconf 84' lang='grc' dir='ltr'>ἀνθρώποις</span> <span class='ocrx_word' id='word_1_623' title='bbox 775 3801 999 3873; x_wconf 72' lang='grc' dir='ltr'>ἔστησεν</span> <span class='ocrx_word' id='word_1_624' title='bbox 1032 3804 1156 3876; x_wconf 84' lang='grc' dir='ltr'>ὅρια</span> <span class='ocrx_word' id='word_1_625' title='bbox 1210 3804 1397 3858; x_wconf 78' lang='grc' dir='ltr'>ἐθνῶν·</span> <span class='ocrx_word' id='word_1_626' title='bbox 1435 3804 1489 3858; x_wconf 84' lang='grc' dir='ltr'><strong>οἵ</strong></span> <span class='ocrx_word' id='word_1_627' title='bbox 1533 3822 1592 3858; x_wconf 88' lang='grc' dir='ltr'><strong>τε</strong></span> <span class='ocrx_word' id='word_1_628' title='bbox 1647 3804 1826 3874; x_wconf 71' lang='grc' dir='ltr'>ἄγγελε</span> 
     </span>
    </p>
   </div>
   <div class='ocr_carea' id='block_1_73' title="bbox 1983 3788 3531 3876">
    <p class='ocr_par' dir='ltr' id='par_1_73' title="bbox 1983 3788 3531 3863">
     <span class='ocr_line' id='line_1_73' title="bbox 1983 3788 3531 3863; baseline -0.001 -15"><span class='ocrx_word' id='word_1_629' title='bbox 1983 3809 2058 3863; x_wconf 32' lang='lat' dir='ltr'><strong>‘ue</strong></span> <span class='ocrx_word' id='word_1_630' title='bbox 2088 3794 2371 3848; x_wconf 90' lang='lat' dir='ltr'><strong>nationum</strong></span> <span class='ocrx_word' id='word_1_631' title='bbox 2404 3793 2664 3848; x_wconf 90' lang='lat' dir='ltr'><strong>terminos</strong></span> <span class='ocrx_word' id='word_1_632' title='bbox 2696 3793 2982 3847; x_wconf 92' lang='lat' dir='ltr'><strong>constituit</strong></span> <span class='ocrx_word' id='word_1_633' title='bbox 3018 3788 3076 3846; x_wconf 85' lang='lat'><strong>&quot;.</strong></span> <span class='ocrx_word' id='word_1_634' title='bbox 3110 3792 3298 3863; x_wconf 80' lang='lat' dir='ltr'><strong>Angeli</strong></span> <span class='ocrx_word' id='word_1_635' title='bbox 3336 3793 3531 3848; x_wconf 79' lang='lat' dir='ltr'><strong>simili-</strong></span> 
     </span>
    </p>
   </div>
   <div class='ocr_carea' id='block_1_74' title="bbox 276 3883 1824 3967">
    <p class='ocr_par' dir='ltr' id='par_1_74' title="bbox 276 3891 1824 3967">
     <span class='ocr_line' id='line_1_74' title="bbox 276 3891 1824 3967; baseline 0.003 -23"><span class='ocrx_word' id='word_1_636' title='bbox 276 3891 705 3947; x_wconf 82' lang='grc' dir='ltr'>ἀποστέλλονται</span> <span class='ocrx_word' id='word_1_637' title='bbox 738 3895 817 3959; x_wconf 81' lang='grc' dir='ltr'><strong>είς</strong></span> <span class='ocrx_word' id='word_1_638' title='bbox 839 3894 1132 3960; x_wconf 84' lang='grc' dir='ltr'>διακονίας·</span> <span class='ocrx_word' id='word_1_639' title='bbox 1170 3914 1189 3946; x_wconf 78' lang='grc' dir='ltr'><strong>ι</strong></span> <span class='ocrx_word' id='word_1_640' title='bbox 1237 3895 1347 3950; x_wconf 80' lang='grc' dir='ltr'><strong>Καὶ</strong></span> <span class='ocrx_word' id='word_1_641' title='bbox 1375 3891 1537 3967; x_wconf 75' lang='grc' dir='ltr'>ἦλθον</span> <span class='ocrx_word' id='word_1_642' title='bbox 1564 3897 1613 3950; x_wconf 82' lang='grc' dir='ltr'>οἱ</span> <span class='ocrx_word' id='word_1_643' title='bbox 1645 3896 1824 3965; x_wconf 68' lang='grc' dir='ltr'>ἄγγελε</span> 
     </span>
    </p>
   </div>
   <div class='ocr_carea' id='block_1_75' title="bbox 1980 3883 3528 3967">
    <p class='ocr_par' dir='ltr' id='par_1_75' title="bbox 1980 3883 3528 3959">
     <span class='ocr_line' id='line_1_75' title="bbox 1980 3883 3528 3959; baseline 0 -18"><span class='ocrx_word' id='word_1_644' title='bbox 1980 3902 2033 3941; x_wconf 85' lang='grc' dir='ltr'><strong>ει·</strong></span> <span class='ocrx_word' id='word_1_645' title='bbox 2077 3886 2133 3939; x_wconf 89' lang='lat' dir='ltr'><strong>in</strong></span> <span class='ocrx_word' id='word_1_646' title='bbox 2177 3885 2482 3940; x_wconf 84' lang='lat' dir='ltr'><strong>ministeria</strong></span> <span class='ocrx_word' id='word_1_647' title='bbox 2531 3884 2857 3938; x_wconf 86' lang='lat' dir='ltr'><strong>mittuntur:</strong></span> <span class='ocrx_word' id='word_1_648' title='bbox 2896 3903 2914 3936; x_wconf 81' lang='grc' dir='ltr'><strong>ι</strong></span> <span class='ocrx_word' id='word_1_649' title='bbox 2953 3883 3019 3938; x_wconf 88' lang='grc' dir='ltr'>Ει</span> <span class='ocrx_word' id='word_1_650' title='bbox 3058 3894 3323 3940; x_wconf 88' lang='lat' dir='ltr'><strong>venerunt</strong></span> <span class='ocrx_word' id='word_1_651' title='bbox 3353 3888 3528 3959; x_wconf 80' lang='lat' dir='ltr'><strong>angeli</strong></span> 
     </span>
    </p>
   </div>
   <div class='ocr_carea' id='block_1_76' title="bbox 277 3975 1825 4058">
    <p class='ocr_par' dir='ltr' id='par_1_76' title="bbox 277 3983 1825 4058">
     <span class='ocr_line' id='line_1_76' title="bbox 277 3983 1825 4058; baseline 0.001 -21"><span class='ocrx_word' id='word_1_652' title='bbox 277 3983 629 4054; x_wconf 82' lang='grc' dir='ltr'>παραστῆναι</span> <span class='ocrx_word' id='word_1_653' title='bbox 658 3984 887 4039; x_wconf 75' lang='grc' dir='ltr'>ἐνώπιον</span> <span class='ocrx_word' id='word_1_654' title='bbox 911 3985 1003 4038; x_wconf 89' lang='grc' dir='ltr'><strong>τοῦ</strong></span> <span class='ocrx_word' id='word_1_655' title='bbox 1032 3984 1288 4057; x_wconf 77' lang='grc' dir='ltr'>Κυρίου,›</span> <span class='ocrx_word' id='word_1_656' title='bbox 1318 3986 1393 4049; x_wconf 87' lang='grc' dir='ltr'>ὡς</span> <span class='ocrx_word' id='word_1_657' title='bbox 1423 3987 1480 4039; x_wconf 83' lang='grc' dir='ltr'>ὲν</span> <span class='ocrx_word' id='word_1_658' title='bbox 1510 3985 1588 4058; x_wconf 81' lang='grc' dir='ltr'>τῷ</span> <span class='ocrx_word' id='word_1_659' title='bbox 1629 3985 1745 4040; x_wconf 86' lang='grc' dir='ltr'>Ἰὼϐ</span> <span class='ocrx_word' id='word_1_660' title='bbox 1778 4003 1825 4055; x_wconf 84' lang='grc' dir='ltr'>γε</span> 
     </span>
    </p>
   </div>
   <div class='ocr_carea' id='block_1_77' title="bbox 1977 3975 3525 4058">
    <p class='ocr_par' dir='ltr' id='par_1_77' title="bbox 1977 3975 3525 4049">
     <span class='ocr_line' id='line_1_77' title="bbox 1977 3975 3525 4049; baseline 0.003 -21"><span class='ocrx_word' id='word_1_661' title='bbox 1977 3977 2046 4032; x_wconf 90' lang='lat' dir='ltr'><strong>)ei</strong></span> <span class='ocrx_word' id='word_1_662' title='bbox 2075 3985 2134 4031; x_wconf 83' lang='lat' dir='ltr'><strong>ut</strong></span> <span class='ocrx_word' id='word_1_663' title='bbox 2160 3976 2480 4032; x_wconf 79' lang='lat' dir='ltr'><strong>assisterent</strong></span> <span class='ocrx_word' id='word_1_664' title='bbox 2506 3991 2689 4030; x_wconf 80' lang='lat' dir='ltr'><strong>coram</strong></span> <span class='ocrx_word' id='word_1_665' title='bbox 2724 3975 2979 4042; x_wconf 89' lang='lat' dir='ltr'><strong>Domino,</strong></span> <span class='ocrx_word' id='word_1_666' title='bbox 3006 3995 3023 4027; x_wconf 76' lang='grc' dir='ltr'><strong>ι</strong></span> <span class='ocrx_word' id='word_1_667' title='bbox 3056 3977 3135 4030; x_wconf 87' lang='grc' dir='ltr'>ιιιί</span> <span class='ocrx_word' id='word_1_668' title='bbox 3171 3977 3222 4031; x_wconf 91' lang='lat' dir='ltr'><strong>in</strong></span> <span class='ocrx_word' id='word_1_669' title='bbox 3255 3975 3358 4033; x_wconf 86' lang='lat' dir='ltr'><strong>Job</strong></span> <span class='ocrx_word' id='word_1_670' title='bbox 3391 3979 3525 4049; x_wconf 82' lang='lat' dir='ltr'><strong>legi-</strong></span> 
     </span>
    </p>
   </div>
   <div class='ocr_carea' id='block_1_78' title="bbox 276 4062 1824 4149">
    <p class='ocr_par' dir='ltr' id='par_1_78' title="bbox 276 4076 1824 4149">
     <span class='ocr_line' id='line_1_78' title="bbox 276 4076 1824 4149; baseline 0.005 -24"><span class='ocrx_word' id='word_1_671' title='bbox 276 4091 547 4145; x_wconf 82' lang='grc' dir='ltr'>γραπται·</span> <span class='ocrx_word' id='word_1_672' title='bbox 573 4077 686 4141; x_wconf 73' lang='grc' dir='ltr'>καὶ,</span> <span class='ocrx_word' id='word_1_673' title='bbox 724 4095 742 4128; x_wconf 86' lang='grc' dir='ltr'><strong>ι</strong></span> <span class='ocrx_word' id='word_1_674' title='bbox 774 4076 1101 4148; x_wconf 79' lang='grc' dir='ltr'>ὲνυπνιάσθη</span> <span class='ocrx_word' id='word_1_675' title='bbox 1130 4076 1187 4130; x_wconf 83' lang='grc' dir='ltr'>δὲ</span> <span class='ocrx_word' id='word_1_676' title='bbox 1215 4076 1409 4131; x_wconf 82' lang='grc' dir='ltr'>Ἰακὼϐ</span> <span class='ocrx_word' id='word_1_677' title='bbox 1442 4079 1470 4130; x_wconf 85' lang='grc' dir='ltr'><strong>ό</strong></span> <span class='ocrx_word' id='word_1_678' title='bbox 1496 4077 1824 4149; x_wconf 77' lang='grc' dir='ltr'>πατριάρχης</span> 
     </span>
    </p>
   </div>
   <div class='ocr_carea' id='block_1_79' title="bbox 1974 4062 3522 4149">
    <p class='ocr_par' dir='ltr' id='par_1_79' title="bbox 1974 4062 3522 4137">
     <span class='ocr_line' id='line_1_79' title="bbox 1974 4062 3522 4137; baseline 0.003 -16"><span class='ocrx_word' id='word_1_679' title='bbox 1974 4082 2074 4122; x_wconf 89' lang='lat' dir='ltr'><strong>nus</strong></span> <span class='ocrx_word' id='word_1_680' title='bbox 2100 4062 2161 4120; x_wconf 83' lang='lat'><strong>&quot;.</strong></span> <span class='ocrx_word' id='word_1_681' title='bbox 2196 4065 2281 4134; x_wconf 88' lang='lat' dir='ltr'><strong>Et,</strong></span> <span class='ocrx_word' id='word_1_682' title='bbox 2322 4085 2341 4117; x_wconf 79' lang='grc' dir='ltr'><strong>ι</strong></span> <span class='ocrx_word' id='word_1_683' title='bbox 2374 4066 2667 4122; x_wconf 89' lang='lat' dir='ltr'><strong>somniavit</strong></span> <span class='ocrx_word' id='word_1_684' title='bbox 2713 4064 2882 4122; x_wconf 81' lang='lat' dir='ltr'><strong>Jacob</strong></span> <span class='ocrx_word' id='word_1_685' title='bbox 2925 4067 3258 4137; x_wconf 88' lang='lat' dir='ltr'><strong>patriarcha.</strong></span> <span class='ocrx_word' id='word_1_686' title='bbox 3305 4067 3371 4121; x_wconf 84' lang='lat' dir='ltr'><strong>Et</strong></span> <span class='ocrx_word' id='word_1_687' title='bbox 3401 4085 3522 4125; x_wconf 86' lang='lat' dir='ltr'><strong>ecce</strong></span> 
     </span>
    </p>
   </div>
   <div class='ocr_carea' id='block_1_80' title="bbox 276 4157 1824 4240">
    <p class='ocr_par' dir='ltr' id='par_1_80' title="bbox 276 4163 1824 4240">
     <span class='ocr_line' id='line_1_80' title="bbox 276 4163 1824 4240; baseline 0.001 -19"><span class='ocrx_word' id='word_1_688' title='bbox 276 4169 410 4229; x_wconf 73' lang='grc' dir='ltr'>καὶ,</span> <span class='ocrx_word' id='word_1_689' title='bbox 474 4168 584 4221; x_wconf 77' lang='grc' dir='ltr'>ἰδοὺ</span> <span class='ocrx_word' id='word_1_690' title='bbox 619 4167 819 4238; x_wconf 80' lang='grc' dir='ltr'>κλίμαξ</span> <span class='ocrx_word' id='word_1_691' title='bbox 858 4168 1227 4240; x_wconf 75' lang='grc' dir='ltr'>ἒστηριγμένη</span> <span class='ocrx_word' id='word_1_692' title='bbox 1274 4168 1332 4221; x_wconf 80' lang='grc' dir='ltr'>ὲν</span> <span class='ocrx_word' id='word_1_693' title='bbox 1380 4170 1444 4238; x_wconf 82' lang='grc' dir='ltr'>τῇ</span> <span class='ocrx_word' id='word_1_694' title='bbox 1473 4170 1567 4239; x_wconf 86' lang='grc' dir='ltr'>γῇ,</span> <span class='ocrx_word' id='word_1_695' title='bbox 1609 4163 1676 4239; x_wconf 81' lang='grc' dir='ltr'>ἦς</span> <span class='ocrx_word' id='word_1_696' title='bbox 1706 4169 1739 4238; x_wconf 83' lang='grc' dir='ltr'>ἡ</span> <span class='ocrx_word' id='word_1_697' title='bbox 1772 4185 1824 4222; x_wconf 87' lang='grc' dir='ltr'><strong>κε</strong></span> 
     </span>
    </p>
   </div>
   <div class='ocr_carea' id='block_1_81' title="bbox 1977 4157 3525 4240">
    <p class='ocr_par' dir='ltr' id='par_1_81' title="bbox 1978 4157 3525 4227">
     <span class='ocr_line' id='line_1_81' title="bbox 1978 4157 3525 4227; baseline 0 -13"><span class='ocrx_word' id='word_1_698' title='bbox 1978 4159 2093 4214; x_wconf 89' lang='lat' dir='ltr'><strong>cala</strong></span> <span class='ocrx_word' id='word_1_699' title='bbox 2118 4160 2304 4213; x_wconf 84' lang='lat' dir='ltr'><strong>innixa</strong></span> <span class='ocrx_word' id='word_1_700' title='bbox 2329 4159 2384 4212; x_wconf 92' lang='lat' dir='ltr'><strong>in</strong></span> <span class='ocrx_word' id='word_1_701' title='bbox 2412 4166 2576 4225; x_wconf 88' lang='lat' dir='ltr'><strong>terra,</strong></span> <span class='ocrx_word' id='word_1_702' title='bbox 2601 4157 2758 4227; x_wconf 87' lang='lat' dir='ltr'><strong>cujus</strong></span> <span class='ocrx_word' id='word_1_703' title='bbox 2776 4173 3035 4213; x_wconf 90' lang='lat' dir='ltr'><strong>cacumen</strong></span> <span class='ocrx_word' id='word_1_704' title='bbox 3242 4159 3308 4213; x_wconf 90' lang='lat' dir='ltr'><strong>ad</strong></span> <span class='ocrx_word' id='word_1_705' title='bbox 3329 4161 3525 4215; x_wconf 73' lang='lat' dir='ltr'><strong>omium</strong></span> 
     </span>
    </p>
   </div>
   <div class='ocr_carea' id='block_1_82' title="bbox 273 4250 1821 4330">
    <p class='ocr_par' dir='ltr' id='par_1_82' title="bbox 273 4257 1821 4330">
     <span class='ocr_line' id='line_1_82' title="bbox 273 4257 1821 4330; baseline 0.001 -18"><span class='ocrx_word' id='word_1_706' title='bbox 273 4257 426 4328; x_wconf 83' lang='grc' dir='ltr'>φαλὴ</span> <span class='ocrx_word' id='word_1_707' title='bbox 450 4259 730 4327; x_wconf 74' lang='grc' dir='ltr'>ἀφικνεῖτο</span> <span class='ocrx_word' id='word_1_708' title='bbox 754 4260 832 4322; x_wconf 86' lang='grc' dir='ltr'><strong>είς</strong></span> <span class='ocrx_word' id='word_1_709' title='bbox 864 4259 955 4312; x_wconf 84' lang='grc' dir='ltr'><strong>τὸν</strong></span> <span class='ocrx_word' id='word_1_710' title='bbox 978 4260 1229 4330; x_wconf 77' lang='grc' dir='ltr'>οὐρανὸν,</span> <span class='ocrx_word' id='word_1_711' title='bbox 1285 4261 1378 4313; x_wconf 78' lang='grc' dir='ltr'>καὶ</span> <span class='ocrx_word' id='word_1_712' title='bbox 1423 4262 1471 4313; x_wconf 78' lang='lat' dir='ltr'><strong>ei</strong></span> <span class='ocrx_word' id='word_1_713' title='bbox 1512 4260 1734 4328; x_wconf 81' lang='grc' dir='ltr'>ἄγγελοι</span> <span class='ocrx_word' id='word_1_714' title='bbox 1764 4277 1821 4313; x_wconf 91' lang='grc' dir='ltr'><strong>το</strong></span> 
     </span>
    </p>
   </div>
   <div class='ocr_carea' id='block_1_83' title="bbox 1976 4250 3524 4330">
    <p class='ocr_par' dir='ltr' id='par_1_83' title="bbox 1976 4250 3524 4322">
     <span class='ocr_line' id='line_1_83' title="bbox 1976 4250 3524 4322; baseline 0.003 -20"><span class='ocrx_word' id='word_1_715' title='bbox 1976 4251 2333 4307; x_wconf 58' lang='lat' dir='ltr'><strong>perveniebat:</strong></span> <span class='ocrx_word' id='word_1_716' title='bbox 2362 4261 2414 4306; x_wconf 92' lang='lat' dir='ltr'><strong>et</strong></span> <span class='ocrx_word' id='word_1_717' title='bbox 2435 4252 2609 4322; x_wconf 83' lang='lat' dir='ltr'><strong>angeli</strong></span> <span class='ocrx_word' id='word_1_718' title='bbox 2647 4250 2741 4305; x_wconf 90' lang='lat' dir='ltr'><strong>Dei</strong></span> <span class='ocrx_word' id='word_1_719' title='bbox 2770 4251 3133 4306; x_wconf 88' lang='lat' dir='ltr'><strong>ascendebant</strong></span> <span class='ocrx_word' id='word_1_720' title='bbox 3156 4262 3208 4305; x_wconf 92' lang='lat' dir='ltr'><strong>et</strong></span> <span class='ocrx_word' id='word_1_721' title='bbox 3230 4252 3524 4307; x_wconf 82' lang='lat' dir='ltr'><strong>descende-</strong></span> 
     </span>
    </p>
   </div>
   <div class='ocr_carea' id='block_1_84' title="bbox 271 4340 1819 4421">
    <p class='ocr_par' dir='ltr' id='par_1_84' title="bbox 271 4349 1819 4421">
     <span class='ocr_line' id='line_1_84' title="bbox 271 4349 1819 4421; baseline 0.001 -18"><span class='ocrx_word' id='word_1_722' title='bbox 271 4349 415 4403; x_wconf 83' lang='grc' dir='ltr'>Θεοῦ</span> <span class='ocrx_word' id='word_1_723' title='bbox 452 4350 738 4405; x_wconf 84' lang='grc' dir='ltr'>ἀνέϐαινον</span> <span class='ocrx_word' id='word_1_724' title='bbox 777 4351 873 4404; x_wconf 61' lang='grc' dir='ltr'><strong>καὶ⁵</strong></span> <span class='ocrx_word' id='word_1_725' title='bbox 905 4351 1221 4405; x_wconf 82' lang='grc' dir='ltr'>κατέϐαινον</span> <span class='ocrx_word' id='word_1_726' title='bbox 1252 4353 1336 4404; x_wconf 73' lang='grc' dir='ltr'><strong>ἐπ’</strong></span> <span class='ocrx_word' id='word_1_727' title='bbox 1357 4352 1544 4421; x_wconf 82' lang='grc' dir='ltr'>αὐτῆς.</span> <span class='ocrx_word' id='word_1_728' title='bbox 1584 4372 1602 4404; x_wconf 81' lang='grc' dir='ltr'><strong>ι</strong></span> <span class='ocrx_word' id='word_1_729' title='bbox 1636 4352 1698 4405; x_wconf 87' lang='grc' dir='ltr'><strong>Εἰ</strong></span> <span class='ocrx_word' id='word_1_730' title='bbox 1723 4352 1779 4404; x_wconf 85' lang='grc' dir='ltr'>δὲ</span> <span class='ocrx_word' id='word_1_731' title='bbox 1801 4371 1819 4406; x_wconf 79' lang='lat'><strong>1</strong></span> 
     </span>
    </p>
   </div>
   <div class='ocr_carea' id='block_1_85' title="bbox 1974 4340 3522 4421">
    <p class='ocr_par' dir='ltr' id='par_1_85' title="bbox 1974 4340 3522 4415">
     <span class='ocr_line' id='line_1_85' title="bbox 1974 4340 3522 4415; baseline 0.002 -19"><span class='ocrx_word' id='word_1_732' title='bbox 1974 4350 2083 4396; x_wconf 72' lang='lat' dir='ltr'><strong>iant</strong></span> <span class='ocrx_word' id='word_1_733' title='bbox 2116 4357 2211 4411; x_wconf 88' lang='lat' dir='ltr'><strong>per</strong></span> <span class='ocrx_word' id='word_1_734' title='bbox 2236 4342 2409 4411; x_wconf 83' lang='lat' dir='ltr'><strong>ipsam</strong></span> <span class='ocrx_word' id='word_1_735' title='bbox 2433 4340 2491 4398; x_wconf 78' lang='grc'><strong>³⁸.</strong></span> <span class='ocrx_word' id='word_1_736' title='bbox 2518 4362 2536 4395; x_wconf 77' lang='grc' dir='ltr'><strong>ι</strong></span> <span class='ocrx_word' id='word_1_737' title='bbox 2574 4342 2626 4396; x_wconf 93' lang='lat' dir='ltr'><strong>Si</strong></span> <span class='ocrx_word' id='word_1_738' title='bbox 2664 4342 2825 4413; x_wconf 90' lang='lat' dir='ltr'><strong>igitur</strong></span> <span class='ocrx_word' id='word_1_739' title='bbox 2861 4342 3096 4411; x_wconf 87' lang='lat' dir='ltr'><strong>Spiritus</strong></span> <span class='ocrx_word' id='word_1_740' title='bbox 3114 4345 3295 4397; x_wconf 87' lang='lat' dir='ltr'><strong>omnia</strong></span> <span class='ocrx_word' id='word_1_741' title='bbox 3315 4344 3522 4415; x_wconf 87' lang='lat' dir='ltr'><strong>implet,</strong></span> 
     </span>
    </p>
   </div>
   <div class='ocr_carea' id='block_1_86' title="bbox 275 4431 1823 4510">
    <p class='ocr_par' dir='ltr' id='par_1_86' title="bbox 275 4437 1823 4510">
     <span class='ocr_line' id='line_1_86' title="bbox 275 4437 1823 4510; baseline -0.003 -17"><span class='ocrx_word' id='word_1_742' title='bbox 275 4440 375 4508; x_wconf 81' lang='grc' dir='ltr'><strong>μὲν</strong></span> <span class='ocrx_word' id='word_1_743' title='bbox 409 4438 633 4509; x_wconf 84' lang='grc' dir='ltr'>Πνεῦμα</span> <span class='ocrx_word' id='word_1_744' title='bbox 661 4438 836 4492; x_wconf 84' lang='grc' dir='ltr'>πάντα</span> <span class='ocrx_word' id='word_1_745' title='bbox 861 4438 1076 4510; x_wconf 86' lang='grc' dir='ltr'>πληροῖ,</span> <span class='ocrx_word' id='word_1_746' title='bbox 1094 4440 1187 4491; x_wconf 73' lang='grc' dir='ltr'><strong>καὶ</strong></span> <span class='ocrx_word' id='word_1_747' title='bbox 1219 4440 1276 4491; x_wconf 84' lang='grc' dir='ltr'>ὲν</span> <span class='ocrx_word' id='word_1_748' title='bbox 1305 4437 1381 4508; x_wconf 86' lang='grc' dir='ltr'>τῷ</span> <span class='ocrx_word' id='word_1_749' title='bbox 1411 4437 1569 4508; x_wconf 87' lang='grc' dir='ltr'><strong>Λόγῳ</strong></span> <span class='ocrx_word' id='word_1_750' title='bbox 1597 4437 1823 4509; x_wconf 79' lang='grc' dir='ltr'>πάρεστι</span> 
     </span>
    </p>
   </div>
   <div class='ocr_carea' id='block_1_87' title="bbox 1973 4431 3521 4510">
    <p class='ocr_par' dir='ltr' id='par_1_87' title="bbox 1973 4431 3521 4503">
     <span class='ocr_line' id='line_1_87' title="bbox 1973 4431 3521 4503; baseline 0.005 -20"><span class='ocrx_word' id='word_1_751' title='bbox 1973 4443 2000 4487; x_wconf 70' lang='lat' dir='ltr'><strong>et</strong></span> <span class='ocrx_word' id='word_1_752' title='bbox 2031 4432 2084 4486; x_wconf 91' lang='lat' dir='ltr'><strong>in</strong></span> <span class='ocrx_word' id='word_1_753' title='bbox 2108 4431 2286 4488; x_wconf 86' lang='lat' dir='ltr'><strong>Verbo</strong></span> <span class='ocrx_word' id='word_1_754' title='bbox 2314 4448 2552 4501; x_wconf 69' lang='lat' dir='ltr'><strong>praasens</strong></span> <span class='ocrx_word' id='word_1_755' title='bbox 2588 4434 2748 4487; x_wconf 91' lang='lat' dir='ltr'><strong>estin</strong></span> <span class='ocrx_word' id='word_1_756' title='bbox 2781 4433 2963 4487; x_wconf 90' lang='lat' dir='ltr'><strong>medio</strong></span> <span class='ocrx_word' id='word_1_757' title='bbox 3001 4432 3280 4503; x_wconf 77' lang='lat' dir='ltr'><strong>omnium;</strong></span> <span class='ocrx_word' id='word_1_758' title='bbox 3311 4436 3355 4490; x_wconf 87' lang='lat' dir='ltr'><strong>si</strong></span> <span class='ocrx_word' id='word_1_759' title='bbox 3390 4452 3521 4491; x_wconf 87' lang='lat' dir='ltr'><strong>con-</strong></span> 
     </span>
    </p>
   </div>
   <div class='ocr_carea' id='block_1_88' title="bbox 269 4524 1817 4597">
    <p class='ocr_par' dir='ltr' id='par_1_88' title="bbox 269 4525 1817 4597">
     <span class='ocr_line' id='line_1_88' title="bbox 269 4525 1817 4597; baseline -0.003 -13"><span class='ocrx_word' id='word_1_760' title='bbox 269 4533 327 4584; x_wconf 80' lang='grc' dir='ltr'>ὲν</span> <span class='ocrx_word' id='word_1_761' title='bbox 362 4531 520 4596; x_wconf 82' lang='grc' dir='ltr'>μέσῳ</span> <span class='ocrx_word' id='word_1_762' title='bbox 572 4530 789 4583; x_wconf 87' lang='grc' dir='ltr'>πάντων</span> <span class='ocrx_word' id='word_1_763' title='bbox 856 4565 872 4592; x_wconf 86' lang='lat'><strong>,</strong></span> <span class='ocrx_word' id='word_1_764' title='bbox 1014 4533 1062 4585; x_wconf 84' lang='grc' dir='ltr'>οἱ</span> <span class='ocrx_word' id='word_1_765' title='bbox 1120 4529 1177 4582; x_wconf 78' lang='grc' dir='ltr'>δὲ</span> <span class='ocrx_word' id='word_1_766' title='bbox 1237 4529 1453 4597; x_wconf 80' lang='grc' dir='ltr'>ἄγγελοι</span> <span class='ocrx_word' id='word_1_767' title='bbox 1510 4525 1817 4583; x_wconf 73' lang='grc' dir='ltr'>ἐλαττοῦντι</span> 
     </span>
    </p>
   </div>
   <div class='ocr_carea' id='block_1_89' title="bbox 1972 4524 3520 4597">
    <p class='ocr_par' dir='ltr' id='par_1_89' title="bbox 1972 4524 3520 4593">
     <span class='ocr_line' id='line_1_89' title="bbox 1972 4524 3520 4593; baseline 0.004 -16"><span class='ocrx_word' id='word_1_768' title='bbox 1972 4540 2029 4578; x_wconf 89' lang='lat' dir='ltr'><strong>ra</strong></span> <span class='ocrx_word' id='word_1_769' title='bbox 2073 4524 2247 4593; x_wconf 88' lang='lat' dir='ltr'><strong>angeli</strong></span> <span class='ocrx_word' id='word_1_770' title='bbox 2292 4525 2392 4579; x_wconf 90' lang='lat' dir='ltr'><strong>hac</strong></span> <span class='ocrx_word' id='word_1_771' title='bbox 2436 4525 2492 4579; x_wconf 92' lang='lat' dir='ltr'><strong>in</strong></span> <span class='ocrx_word' id='word_1_772' title='bbox 2534 4542 2592 4580; x_wconf 87' lang='lat' dir='ltr'><strong>re</strong></span> <span class='ocrx_word' id='word_1_773' title='bbox 2632 4525 2704 4579; x_wconf 93' lang='lat' dir='ltr'><strong>illi</strong></span> <span class='ocrx_word' id='word_1_774' title='bbox 2732 4526 2952 4591; x_wconf 85' lang='lat' dir='ltr'><strong>cedunt,</strong></span> <span class='ocrx_word' id='word_1_775' title='bbox 2990 4536 3153 4593; x_wconf 90' lang='lat' dir='ltr'><strong>atque</strong></span> <span class='ocrx_word' id='word_1_776' title='bbox 3182 4526 3290 4581; x_wconf 89' lang='lat' dir='ltr'><strong>illic</strong></span> <span class='ocrx_word' id='word_1_777' title='bbox 3314 4537 3520 4584; x_wconf 88' lang='lat' dir='ltr'><strong>tantum</strong></span> 
     </span>
    </p>
   </div>
   <div class='ocr_carea' id='block_1_90' title="bbox 266 4606 1814 4688">
    <p class='ocr_par' dir='ltr' id='par_1_90' title="bbox 266 4606 1814 4687">
     <span class='ocr_line' id='line_1_90' title="bbox 266 4606 1814 4687; baseline 0.008 -26"><span class='ocrx_word' id='word_1_778' title='bbox 266 4606 467 4678; x_wconf 74' lang='grc' dir='ltr'>τούτῳ,</span> <span class='ocrx_word' id='word_1_779' title='bbox 505 4609 602 4664; x_wconf 75' lang='grc' dir='ltr'>καὶ</span> <span class='ocrx_word' id='word_1_780' title='bbox 631 4608 762 4664; x_wconf 75' lang='grc' dir='ltr'>ἔνθα</span> <span class='ocrx_word' id='word_1_781' title='bbox 813 4610 1254 4681; x_wconf 81' lang='grc' dir='ltr'>ἀποστέλλονται,</span> <span class='ocrx_word' id='word_1_782' title='bbox 1284 4614 1378 4668; x_wconf 71' lang='grc' dir='ltr'><strong>καὶ</strong></span> <span class='ocrx_word' id='word_1_783' title='bbox 1425 4614 1680 4687; x_wconf 86' lang='grc' dir='ltr'>πάρεισιν</span> <span class='ocrx_word' id='word_1_784' title='bbox 1707 4631 1723 4648; x_wconf 85' lang='grc'><strong>·</strong></span> <span class='ocrx_word' id='word_1_785' title='bbox 1758 4620 1814 4674; x_wconf 79' lang='grc' dir='ltr'>οὐ</span> 
     </span>
    </p>
   </div>
   <div class='ocr_carea' id='block_1_91' title="bbox 1986 4606 3534 4688">
    <p class='ocr_par' dir='ltr' id='par_1_91' title="bbox 1986 4608 3534 4688">
     <span class='ocr_line' id='line_1_91' title="bbox 1986 4608 3534 4688; baseline 0.007 -26"><span class='ocrx_word' id='word_1_786' title='bbox 1986 4608 2144 4665; x_wconf 84' lang='lat' dir='ltr'><strong>dsunt</strong></span> <span class='ocrx_word' id='word_1_787' title='bbox 2177 4624 2285 4678; x_wconf 90' lang='lat' dir='ltr'><strong>quo</strong></span> <span class='ocrx_word' id='word_1_788' title='bbox 2317 4610 2609 4666; x_wconf 89' lang='lat' dir='ltr'><strong>mittuntur</strong></span> <span class='ocrx_word' id='word_1_789' title='bbox 2636 4630 2649 4666; x_wconf 90' lang='lat'><strong>:</strong></span> <span class='ocrx_word' id='word_1_790' title='bbox 2677 4613 2898 4669; x_wconf 87' lang='lat' dir='ltr'><strong>dubium</strong></span> <span class='ocrx_word' id='word_1_791' title='bbox 2923 4616 3112 4686; x_wconf 91' lang='lat' dir='ltr'><strong>utique</strong></span> <span class='ocrx_word' id='word_1_792' title='bbox 3141 4632 3249 4672; x_wconf 93' lang='lat' dir='ltr'><strong>non</strong></span> <span class='ocrx_word' id='word_1_793' title='bbox 3279 4624 3534 4688; x_wconf 85' lang='lat' dir='ltr'><strong>est,quin</strong></span> 
     </span>
    </p>
   </div>
   <div class='ocr_carea' id='block_1_92' title="bbox 265 4696 1813 4778">
    <p class='ocr_par' dir='ltr' id='par_1_92' title="bbox 265 4696 1813 4778">
     <span class='ocr_line' id='line_1_92' title="bbox 265 4696 1813 4778; baseline 0.008 -26"><span class='ocrx_word' id='word_1_794' title='bbox 265 4698 571 4768; x_wconf 79' lang='grc' dir='ltr'>ἀμφίϐολον</span> <span class='ocrx_word' id='word_1_795' title='bbox 618 4696 733 4766; x_wconf 83' lang='grc' dir='ltr'>οῦν,</span> <span class='ocrx_word' id='word_1_796' title='bbox 766 4701 846 4755; x_wconf 85' lang='grc' dir='ltr'>ὅτι</span> <span class='ocrx_word' id='word_1_797' title='bbox 892 4702 1016 4757; x_wconf 73' lang='grc' dir='ltr'>οὔτε</span> <span class='ocrx_word' id='word_1_798' title='bbox 1067 4704 1177 4759; x_wconf 86' lang='grc' dir='ltr'><strong>τῶν</strong></span> <span class='ocrx_word' id='word_1_799' title='bbox 1228 4707 1492 4778; x_wconf 84' lang='grc' dir='ltr'>γενητῶν,</span> <span class='ocrx_word' id='word_1_800' title='bbox 1545 4708 1670 4763; x_wconf 72' lang='grc' dir='ltr'>οὔτε</span> <span class='ocrx_word' id='word_1_801' title='bbox 1716 4712 1813 4765; x_wconf 80' lang='grc' dir='ltr'>ὃλω</span> 
     </span>
    </p>
   </div>
   <div class='ocr_carea' id='block_1_93' title="bbox 1975 4696 3523 4778">
    <p class='ocr_par' dir='ltr' id='par_1_93' title="bbox 1975 4702 3523 4778">
     <span class='ocr_line' id='line_1_93' title="bbox 1975 4702 3523 4778; baseline 0.009 -28"><span class='ocrx_word' id='word_1_802' title='bbox 1975 4702 2181 4772; x_wconf 74' lang='grc' dir='ltr'>ιμὶιίιιιε</span> <span class='ocrx_word' id='word_1_803' title='bbox 2225 4718 2327 4758; x_wconf 90' lang='lat' dir='ltr'><strong>nec</strong></span> <span class='ocrx_word' id='word_1_804' title='bbox 2358 4718 2448 4758; x_wconf 88' lang='lat' dir='ltr'><strong>res</strong></span> <span class='ocrx_word' id='word_1_805' title='bbox 2488 4702 2629 4758; x_wconf 80' lang='lat' dir='ltr'><strong>facta</strong></span> <span class='ocrx_word' id='word_1_806' title='bbox 2682 4720 2785 4760; x_wconf 94' lang='lat' dir='ltr'><strong>nec</strong></span> <span class='ocrx_word' id='word_1_807' title='bbox 2815 4707 3047 4778; x_wconf 87' lang='lat' dir='ltr'><strong>angelus</strong></span> <span class='ocrx_word' id='word_1_808' title='bbox 3078 4709 3171 4777; x_wconf 90' lang='lat' dir='ltr'><strong>sit,</strong></span> <span class='ocrx_word' id='word_1_809' title='bbox 3201 4709 3279 4765; x_wconf 90' lang='lat' dir='ltr'><strong>uti</strong></span> <span class='ocrx_word' id='word_1_810' title='bbox 3310 4721 3523 4765; x_wconf 79' lang='lat' dir='ltr'><strong>centen-</strong></span> 
     </span>
    </p>
   </div>
   <div class='ocr_carea' id='block_1_94' title="bbox 263 4791 1811 4873">
    <p class='ocr_par' dir='ltr' id='par_1_94' title="bbox 263 4791 1811 4871">
     <span class='ocr_line' id='line_1_94' title="bbox 263 4791 1811 4871; baseline 0.008 -28"><span class='ocrx_word' id='word_1_811' title='bbox 263 4791 508 4858; x_wconf 76' lang='grc' dir='ltr'>ἄγγελός</span> <span class='ocrx_word' id='word_1_812' title='bbox 555 4796 728 4859; x_wconf 78' lang='grc' dir='ltr'>ἐστιν,</span> <span class='ocrx_word' id='word_1_813' title='bbox 758 4795 832 4860; x_wconf 86' lang='grc' dir='ltr'><strong>ὡς</strong></span> <span class='ocrx_word' id='word_1_814' title='bbox 884 4796 1044 4864; x_wconf 83' lang='grc' dir='ltr'>ὑμεῖς</span> <span class='ocrx_word' id='word_1_815' title='bbox 1094 4797 1303 4867; x_wconf 82' lang='grc' dir='ltr'>λέγετε,</span> <span class='ocrx_word' id='word_1_816' title='bbox 1339 4799 1401 4853; x_wconf 73' lang='grc' dir='ltr'>τὸ</span> <span class='ocrx_word' id='word_1_817' title='bbox 1451 4799 1697 4871; x_wconf 86' lang='grc' dir='ltr'>Πνεῦμα,</span> <span class='ocrx_word' id='word_1_818' title='bbox 1740 4802 1811 4856; x_wconf 76' lang='grc' dir='ltr'>ἀλῖ</span> 
     </span>
    </p>
   </div>
   <div class='ocr_carea' id='block_1_95' title="bbox 1985 4791 3533 4873">
    <p class='ocr_par' dir='ltr' id='par_1_95' title="bbox 1986 4795 3533 4873">
     <span class='ocr_line' id='line_1_95' title="bbox 1986 4795 3533 4873; baseline 0.008 -25"><span class='ocrx_word' id='word_1_819' title='bbox 1986 4809 2079 4849; x_wconf 87' lang='lat' dir='ltr'><strong>ere</strong></span> <span class='ocrx_word' id='word_1_820' title='bbox 2106 4795 2342 4860; x_wconf 86' lang='lat' dir='ltr'><strong>audetis,</strong></span> <span class='ocrx_word' id='word_1_821' title='bbox 2373 4798 2468 4852; x_wconf 86' lang='lat' dir='ltr'><strong>sed</strong></span> <span class='ocrx_word' id='word_1_822' title='bbox 2520 4797 2837 4866; x_wconf 79' lang='lat' dir='ltr'><strong>angelorum</strong></span> <span class='ocrx_word' id='word_1_823' title='bbox 2871 4809 3064 4856; x_wconf 85' lang='lat' dir='ltr'><strong>natura</strong></span> <span class='ocrx_word' id='word_1_824' title='bbox 3095 4804 3346 4873; x_wconf 88' lang='lat' dir='ltr'><strong>superior</strong></span> <span class='ocrx_word' id='word_1_825' title='bbox 3388 4815 3533 4863; x_wconf 83' lang='lat' dir='ltr'><strong>certe</strong></span> 
     </span>
    </p>
   </div>
   <div class='ocr_carea' id='block_1_96' title="bbox 262 4881 1810 4958">
    <p class='ocr_par' dir='ltr' id='par_1_96' title="bbox 262 4881 1393 4958">
     <span class='ocr_line' id='line_1_96' title="bbox 262 4881 1393 4958; baseline 0.01 -24"><span class='ocrx_word' id='word_1_826' title='bbox 262 4881 379 4934; x_wconf 79' lang='grc' dir='ltr'><strong>ἀνω</strong></span> <span class='ocrx_word' id='word_1_827' title='bbox 410 4882 512 4950; x_wconf 86' lang='grc' dir='ltr'>τῆς</span> <span class='ocrx_word' id='word_1_828' title='bbox 541 4883 648 4939; x_wconf 89' lang='grc' dir='ltr'><strong>τῶν</strong></span> <span class='ocrx_word' id='word_1_829' title='bbox 687 4886 935 4954; x_wconf 77' lang='grc' dir='ltr'>ἀγγέλων</span> <span class='ocrx_word' id='word_1_830' title='bbox 971 4888 1186 4958; x_wconf 83' lang='grc' dir='ltr'>φύσεώς</span> <span class='ocrx_word' id='word_1_831' title='bbox 1225 4891 1393 4947; x_wconf 82' lang='grc' dir='ltr'>ἐστιν.</span> 
     </span>
    </p>
   </div>
   <div class='ocr_carea' id='block_1_97' title="bbox 836 4881 2384 4958">
    <p class='ocr_par' dir='ltr' id='par_1_97' title="bbox 836 4886 2384 4958">
     <span class='ocr_line' id='line_1_97' title="bbox 836 4886 2384 4958; baseline 0.006 -20"><span class='ocrx_word' id='word_1_832' title='bbox 836 4886 935 4939; x_wconf 83' lang='grc' dir='ltr'><strong>λων</strong></span> <span class='ocrx_word' id='word_1_833' title='bbox 971 4888 1186 4958; x_wconf 83' lang='grc' dir='ltr'>φύσεώς</span> <span class='ocrx_word' id='word_1_834' title='bbox 1225 4891 1393 4947; x_wconf 81' lang='grc' dir='ltr'>ἐστιν.</span> <span class='ocrx_word' id='word_1_835' title='bbox 1945 4887 2253 4942; x_wconf 84' lang='lat' dir='ltr'><strong>censendus</strong></span> <span class='ocrx_word' id='word_1_836' title='bbox 2282 4899 2384 4944; x_wconf 84' lang='lat' dir='ltr'><strong>est.</strong></span> 
     </span>
    </p>
   </div>
   <div class='ocr_carea' id='block_1_98' title="bbox 338 4973 1886 5067">
    <p class='ocr_par' dir='ltr' id='par_1_98' title="bbox 338 4973 1860 5059">
     <span class='ocr_line' id='line_1_98' title="bbox 338 4973 1860 5059; baseline 0.012 -34"><span class='ocrx_word' id='word_1_837' title='bbox 338 4973 518 5027; x_wconf 85' lang='grc' dir='ltr'>Πάλιν</span> <span class='ocrx_word' id='word_1_838' title='bbox 566 4976 672 5047; x_wconf 86' lang='grc' dir='ltr'>γὰρ</span> <span class='ocrx_word' id='word_1_839' title='bbox 698 4978 794 5031; x_wconf 79' lang='grc' dir='ltr'>καὶ</span> <span class='ocrx_word' id='word_1_840' title='bbox 841 4980 905 5032; x_wconf 82' lang='grc' dir='ltr'>ὲκ</span> <span class='ocrx_word' id='word_1_841' title='bbox 938 4980 1144 5034; x_wconf 88' lang='grc' dir='ltr'>τούτων</span> <span class='ocrx_word' id='word_1_842' title='bbox 1191 4982 1256 5037; x_wconf 83' lang='grc' dir='ltr'>ἄν</span> <span class='ocrx_word' id='word_1_843' title='bbox 1293 5002 1375 5048; x_wconf 89' lang='grc' dir='ltr'><strong>τις</strong></span> <span class='ocrx_word' id='word_1_844' title='bbox 1411 4985 1510 5039; x_wconf 80' lang='grc' dir='ltr'>ἴδοι</span> <span class='ocrx_word' id='word_1_845' title='bbox 1544 4988 1604 5041; x_wconf 79' lang='grc' dir='ltr'><strong>τὸ</strong></span> <span class='ocrx_word' id='word_1_846' title='bbox 1636 4989 1860 5059; x_wconf 84' lang='grc' dir='ltr'>Πνεῦμα</span> 
     </span>
    </p>
   </div>
   <div class='ocr_carea' id='block_1_99' title="bbox 1981 4973 3529 5067">
    <p class='ocr_par' dir='ltr' id='par_1_99' title="bbox 2028 4978 3529 5067">
     <span class='ocr_line' id='line_1_99' title="bbox 2028 4978 3529 5067; baseline 0.005 -31"><span class='ocrx_word' id='word_1_847' title='bbox 2028 4978 2317 5037; x_wconf 84' lang='lat' dir='ltr'><strong>Enimvero</strong></span> <span class='ocrx_word' id='word_1_848' title='bbox 2368 4997 2562 5039; x_wconf 89' lang='lat' dir='ltr'><strong>rursus</strong></span> <span class='ocrx_word' id='word_1_849' title='bbox 2618 5000 2681 5039; x_wconf 82' lang='lat' dir='ltr'><strong>ex</strong></span> <span class='ocrx_word' id='word_1_850' title='bbox 2735 4984 2820 5041; x_wconf 90' lang='lat' dir='ltr'><strong>his</strong></span> <span class='ocrx_word' id='word_1_851' title='bbox 2855 5001 2977 5057; x_wconf 60' lang='lat' dir='ltr'><strong>quae</strong></span> <span class='ocrx_word' id='word_1_852' title='bbox 3008 4987 3335 5067; x_wconf 79' lang='lat' dir='ltr'><strong>subjicimus</strong></span> <span class='ocrx_word' id='word_1_853' title='bbox 3382 4990 3529 5044; x_wconf 78' lang='lat' dir='ltr'><strong>Scii-</strong></span> 
     </span>
    </p>
   </div>
   <div class='ocr_carea' id='block_1_100' title="bbox 263 5064 1811 5152">
    <p class='ocr_par' dir='ltr' id='par_1_100' title="bbox 263 5064 1811 5152">
     <span class='ocr_line' id='line_1_100' title="bbox 263 5064 1811 5152; baseline 0.012 -36"><span class='ocrx_word' id='word_1_854' title='bbox 263 5064 325 5117; x_wconf 77' lang='grc' dir='ltr'>τὸ</span> <span class='ocrx_word' id='word_1_855' title='bbox 355 5064 541 5133; x_wconf 75' lang='grc' dir='ltr'>ἅγιον,</span> <span class='ocrx_word' id='word_1_856' title='bbox 575 5066 649 5131; x_wconf 85' lang='grc' dir='ltr'>ὼς</span> <span class='ocrx_word' id='word_1_857' title='bbox 683 5069 947 5138; x_wconf 75' lang='grc' dir='ltr'>μεθεκτόν</span> <span class='ocrx_word' id='word_1_858' title='bbox 980 5074 1097 5126; x_wconf 78' lang='grc' dir='ltr'>ἐστι</span> <span class='ocrx_word' id='word_1_859' title='bbox 1130 5076 1225 5128; x_wconf 80' lang='grc' dir='ltr'>καὶ</span> <span class='ocrx_word' id='word_1_860' title='bbox 1256 5077 1317 5130; x_wconf 85' lang='grc' dir='ltr'><strong>οὐ</strong></span> <span class='ocrx_word' id='word_1_861' title='bbox 1356 5080 1583 5150; x_wconf 82' lang='grc' dir='ltr'>μετέχον</span> <span class='ocrx_word' id='word_1_862' title='bbox 1606 5083 1695 5152; x_wconf 75' lang='grc' dir='ltr'><strong>(τὰ</strong></span> <span class='ocrx_word' id='word_1_863' title='bbox 1726 5083 1811 5137; x_wconf 72' lang='grc' dir='ltr'><strong>αὐπ</strong></span> 
     </span>
    </p>
   </div>
   <div class='ocr_carea' id='block_1_101' title="bbox 1984 5064 3532 5152">
    <p class='ocr_par' dir='ltr' id='par_1_101' title="bbox 1984 5064 3532 5151">
     <span class='ocr_line' id='line_1_101' title="bbox 1984 5064 3532 5151; baseline 0.01 -27"><span class='ocrx_word' id='word_1_864' title='bbox 1984 5083 2130 5129; x_wconf 68' lang='grc' dir='ltr'>ιιιιηε</span> <span class='ocrx_word' id='word_1_865' title='bbox 2161 5075 2339 5132; x_wconf 85' lang='lat' dir='ltr'><strong>verbis</strong></span> <span class='ocrx_word' id='word_1_866' title='bbox 2366 5077 2590 5134; x_wconf 87' lang='lat' dir='ltr'><strong>evidens</strong></span> <span class='ocrx_word' id='word_1_867' title='bbox 2624 5078 2788 5135; x_wconf 87' lang='lat' dir='ltr'><strong>luerit</strong></span> <span class='ocrx_word' id='word_1_868' title='bbox 2814 5079 3077 5151; x_wconf 87' lang='lat' dir='ltr'><strong>Spiritum</strong></span> <span class='ocrx_word' id='word_1_869' title='bbox 3116 5064 3365 5139; x_wconf 76' lang='lat' dir='ltr'><strong>sanetum</strong></span> <span class='ocrx_word' id='word_1_870' title='bbox 3397 5084 3532 5140; x_wconf 86' lang='lat' dir='ltr'><strong>alios</strong></span> 
     </span>
    </p>
   </div>
   <div class='ocr_carea' id='block_1_102' title="bbox 266 5156 1814 5246">
    <p class='ocr_par' dir='ltr' id='par_1_102' title="bbox 266 5156 1814 5245">
     <span class='ocr_line' id='line_1_102' title="bbox 266 5156 1814 5245; baseline 0.014 -40"><span class='ocrx_word' id='word_1_871' title='bbox 266 5157 382 5224; x_wconf 80' lang='grc' dir='ltr'>γὰρ</span> <span class='ocrx_word' id='word_1_872' title='bbox 414 5156 597 5224; x_wconf 79' lang='grc' dir='ltr'>λέγειν</span> <span class='ocrx_word' id='word_1_873' title='bbox 620 5160 723 5212; x_wconf 84' lang='grc' dir='ltr'><strong>οὐκ</strong></span> <span class='ocrx_word' id='word_1_874' title='bbox 754 5159 1061 5233; x_wconf 81' lang='grc' dir='ltr'>ὀκνητέον).</span> <span class='ocrx_word' id='word_1_875' title='bbox 1098 5182 1117 5216; x_wconf 76' lang='grc' dir='ltr'><strong>ι</strong></span> <span class='ocrx_word' id='word_1_876' title='bbox 1171 5166 1455 5222; x_wconf 83' lang='grc' dir='ltr'>Ἀδύνατον</span> <span class='ocrx_word' id='word_1_877' title='bbox 1483 5170 1613 5242; x_wconf 85' lang='grc' dir='ltr'>γὰρ,</span> <span class='ocrx_word' id='word_1_878' title='bbox 1650 5190 1668 5224; x_wconf 78' lang='grc' dir='ltr'><strong>ι</strong></span> <span class='ocrx_word' id='word_1_879' title='bbox 1707 5190 1814 5245; x_wconf 83' lang='grc' dir='ltr'><strong>φησ</strong></span> 
     </span>
    </p>
   </div>
   <div class='ocr_carea' id='block_1_103' title="bbox 1979 5156 3527 5246">
    <p class='ocr_par' dir='ltr' id='par_1_103' title="bbox 1979 5168 3527 5246">
     <span class='ocr_line' id='line_1_103' title="bbox 1979 5168 3527 5246; baseline 0.01 -30"><span class='ocrx_word' id='word_1_880' title='bbox 1979 5169 2041 5221; x_wconf 91' lang='lat' dir='ltr'><strong>.ui</strong></span> <span class='ocrx_word' id='word_1_881' title='bbox 2088 5168 2382 5240; x_wconf 86' lang='lat' dir='ltr'><strong>participes</strong></span> <span class='ocrx_word' id='word_1_882' title='bbox 2413 5168 2618 5237; x_wconf 81' lang='lat' dir='ltr'><strong>facere,</strong></span> <span class='ocrx_word' id='word_1_883' title='bbox 2650 5188 2758 5229; x_wconf 89' lang='lat' dir='ltr'><strong>non</strong></span> <span class='ocrx_word' id='word_1_884' title='bbox 2794 5189 2923 5231; x_wconf 84' lang='lat' dir='ltr'><strong>vero</strong></span> <span class='ocrx_word' id='word_1_885' title='bbox 2959 5177 3273 5246; x_wconf 90' lang='lat' dir='ltr'><strong>participem</strong></span> <span class='ocrx_word' id='word_1_886' title='bbox 3300 5177 3527 5232; x_wconf 89' lang='lat' dir='ltr'><strong>aliorum</strong></span> 
     </span>
    </p>
   </div>
   <div class='ocr_carea' id='block_1_104' title="bbox 272 5248 1820 5338">
    <p class='ocr_par' dir='ltr' id='par_1_104' title="bbox 272 5248 1820 5337">
     <span class='ocr_line' id='line_1_104' title="bbox 272 5248 1820 5337; baseline 0.015 -40"><span class='ocrx_word' id='word_1_887' title='bbox 272 5264 292 5298; x_wconf 82' lang='grc' dir='ltr'><strong>ι</strong></span> <span class='ocrx_word' id='word_1_888' title='bbox 323 5251 453 5312; x_wconf 78' lang='grc' dir='ltr'>τοὺς</span> <span class='ocrx_word' id='word_1_889' title='bbox 475 5248 623 5316; x_wconf 73' lang='grc' dir='ltr'>ἅπαξ</span> <span class='ocrx_word' id='word_1_890' title='bbox 644 5253 1428 5329; x_wconf 71' lang='grc' dir='ltr'>φωτισθέντας,γευσαμένους</span> <span class='ocrx_word' id='word_1_891' title='bbox 1452 5278 1511 5316; x_wconf 87' lang='grc' dir='ltr'><strong>τε</strong></span> <span class='ocrx_word' id='word_1_892' title='bbox 1533 5264 1630 5335; x_wconf 84' lang='grc' dir='ltr'><strong>τῆς</strong></span> <span class='ocrx_word' id='word_1_893' title='bbox 1654 5265 1820 5337; x_wconf 82' lang='grc' dir='ltr'>δωρεᾶ</span> 
     </span>
    </p>
   </div>
   <div class='ocr_carea' id='block_1_105' title="bbox 1981 5248 3529 5338">
    <p class='ocr_par' dir='ltr' id='par_1_105' title="bbox 1981 5259 3529 5338">
     <span class='ocr_line' id='line_1_105' title="bbox 1981 5259 3529 5338; baseline 0.007 -25"><span class='ocrx_word' id='word_1_894' title='bbox 1981 5259 2072 5314; x_wconf 89' lang='lat' dir='ltr'><strong>ieri</strong></span> <span class='ocrx_word' id='word_1_895' title='bbox 2101 5266 2247 5332; x_wconf 88' lang='lat' dir='ltr'><strong>(nam</strong></span> <span class='ocrx_word' id='word_1_896' title='bbox 2268 5262 2456 5319; x_wconf 89' lang='lat' dir='ltr'><strong>eadem</strong></span> <span class='ocrx_word' id='word_1_897' title='bbox 2482 5275 2722 5336; x_wconf 84' lang='lat' dir='ltr'><strong>repetere</strong></span> <span class='ocrx_word' id='word_1_898' title='bbox 2742 5282 2811 5322; x_wconf 91' lang='lat' dir='ltr'><strong>ne</strong></span> <span class='ocrx_word' id='word_1_899' title='bbox 2850 5267 2922 5322; x_wconf 88' lang='lat' dir='ltr'><strong>sit</strong></span> <span class='ocrx_word' id='word_1_900' title='bbox 2961 5265 3529 5338; x_wconf 78' lang='lat' dir='ltr'><strong>molestum).Nempe,</strong></span> 
     </span>
    </p>
   </div>
   <div class='ocr_carea' id='block_1_106' title="bbox 267 5339 1815 5430">
    <p class='ocr_par' dir='ltr' id='par_1_106' title="bbox 267 5339 1815 5427">
     <span class='ocr_line' id='line_1_106' title="bbox 267 5339 1815 5427; baseline 0.015 -38"><span class='ocrx_word' id='word_1_901' title='bbox 267 5339 373 5405; x_wconf 79' lang='grc' dir='ltr'>τῆς</span> <span class='ocrx_word' id='word_1_902' title='bbox 398 5344 745 5412; x_wconf 74' lang='grc' dir='ltr'>ἐπουρανίου,</span> <span class='ocrx_word' id='word_1_903' title='bbox 773 5347 867 5400; x_wconf 74' lang='grc' dir='ltr'>καὶ</span> <span class='ocrx_word' id='word_1_904' title='bbox 893 5350 1153 5419; x_wconf 85' lang='grc' dir='ltr'>μετόχους</span> <span class='ocrx_word' id='word_1_905' title='bbox 1188 5352 1501 5424; x_wconf 82' lang='grc' dir='ltr'>Πνεύματος</span> <span class='ocrx_word' id='word_1_906' title='bbox 1527 5357 1681 5425; x_wconf 78' lang='grc' dir='ltr'>ἁγίου</span> <span class='ocrx_word' id='word_1_907' title='bbox 1706 5374 1815 5427; x_wconf 86' lang='grc' dir='ltr'>γενι</span> 
     </span>
    </p>
   </div>
   <div class='ocr_carea' id='block_1_107' title="bbox 1980 5339 3528 5430">
    <p class='ocr_par' dir='ltr' id='par_1_107' title="bbox 2001 5350 3528 5430">
     <span class='ocr_line' id='line_1_107' title="bbox 2001 5350 3528 5430; baseline 0.005 -26"><span class='ocrx_word' id='word_1_908' title='bbox 2001 5350 2341 5422; x_wconf 87' lang='lat' dir='ltr'><strong>lmpossibile</strong></span> <span class='ocrx_word' id='word_1_909' title='bbox 2372 5366 2455 5411; x_wconf 85' lang='lat' dir='ltr'><strong>est</strong></span> <span class='ocrx_word' id='word_1_910' title='bbox 2479 5358 2623 5412; x_wconf 91' lang='lat' dir='ltr'><strong>enim</strong></span> <span class='ocrx_word' id='word_1_911' title='bbox 2645 5374 2741 5415; x_wconf 83' lang='lat' dir='ltr'><strong>eos</strong></span> <span class='ocrx_word' id='word_1_912' title='bbox 2769 5361 2860 5430; x_wconf 90' lang='lat' dir='ltr'><strong>qui</strong></span> <span class='ocrx_word' id='word_1_913' title='bbox 2883 5362 3049 5415; x_wconf 86' lang='lat' dir='ltr'><strong>semel</strong></span> <span class='ocrx_word' id='word_1_914' title='bbox 3068 5369 3197 5416; x_wconf 90' lang='lat' dir='ltr'><strong>sunt</strong></span> <span class='ocrx_word' id='word_1_915' title='bbox 3219 5361 3528 5423; x_wconf 79' lang='lat' dir='ltr'><strong>illuminati,</strong></span> 
     </span>
    </p>
   </div>
   <div class='ocr_carea' id='block_1_108' title="bbox 274 5437 1822 5524">
    <p class='ocr_par' dir='ltr' id='par_1_108' title="bbox 274 5437 1822 5519">
     <span class='ocr_line' id='line_1_108' title="bbox 274 5437 1822 5519; baseline 0.014 -36"><span class='ocrx_word' id='word_1_916' title='bbox 274 5438 501 5500; x_wconf 70' lang='grc' dir='ltr'>μένους,</span> <span class='ocrx_word' id='word_1_917' title='bbox 530 5437 622 5488; x_wconf 85' lang='grc' dir='ltr'><strong>καὶ</strong></span> <span class='ocrx_word' id='word_1_918' title='bbox 664 5439 825 5494; x_wconf 78' lang='grc' dir='ltr'>καλὸν</span> <span class='ocrx_word' id='word_1_919' title='bbox 854 5444 1231 5512; x_wconf 83' lang='grc' dir='ltr'>γευσαμένους</span> <span class='ocrx_word' id='word_1_920' title='bbox 1260 5444 1394 5499; x_wconf 87' lang='grc' dir='ltr'>Θεοῦ</span> <span class='ocrx_word' id='word_1_921' title='bbox 1428 5448 1601 5519; x_wconf 77' lang='grc' dir='ltr'>ῥῆμα,</span> <span class='ocrx_word' id='word_1_922' title='bbox 1633 5469 1651 5501; x_wconf 85' lang='grc' dir='ltr'><strong>ι</strong></span> <span class='ocrx_word' id='word_1_923' title='bbox 1680 5452 1773 5504; x_wconf 74' lang='grc' dir='ltr'>καὶ</span> <span class='ocrx_word' id='word_1_924' title='bbox 1798 5469 1822 5505; x_wconf 88' lang='grc' dir='ltr'><strong>τ</strong></span> 
     </span>
    </p>
   </div>
   <div class='ocr_carea' id='block_1_109' title="bbox 1982 5437 3530 5524">
    <p class='ocr_par' dir='ltr' id='par_1_109' title="bbox 1982 5450 3530 5524">
     <span class='ocr_line' id='line_1_109' title="bbox 1982 5450 3530 5524; baseline 0.008 -27"><span class='ocrx_word' id='word_1_925' title='bbox 1982 5456 2322 5514; x_wconf 82' lang='lat' dir='ltr'><strong>;ustaverunt</strong></span> <span class='ocrx_word' id='word_1_926' title='bbox 2345 5450 2506 5504; x_wconf 89' lang='lat' dir='ltr'><strong>etiam</strong></span> <span class='ocrx_word' id='word_1_927' title='bbox 2532 5451 2738 5505; x_wconf 90' lang='lat' dir='ltr'><strong>donum</strong></span> <span class='ocrx_word' id='word_1_928' title='bbox 2763 5453 2982 5508; x_wconf 75' lang='lat' dir='ltr'><strong>tmIeSte</strong></span> <span class='ocrx_word' id='word_1_929' title='bbox 3006 5464 3060 5511; x_wconf 91' lang='lat' dir='ltr'><strong>et</strong></span> <span class='ocrx_word' id='word_1_930' title='bbox 3088 5453 3379 5524; x_wconf 88' lang='lat' dir='ltr'><strong>participes</strong></span> <span class='ocrx_word' id='word_1_931' title='bbox 3404 5452 3530 5509; x_wconf 79' lang='lat' dir='ltr'><strong>facti</strong></span> 
     </span>
    </p>
   </div>
   <div class='ocr_carea' id='block_1_110' title="bbox 276 5524 1824 5616">
    <p class='ocr_par' dir='ltr' id='par_1_110' title="bbox 276 5524 1824 5614">
     <span class='ocr_line' id='line_1_110' title="bbox 276 5524 1824 5614; baseline 0.014 -37"><span class='ocrx_word' id='word_1_932' title='bbox 276 5524 436 5595; x_wconf 79' lang='grc' dir='ltr'>ἑξῆς.</span> <span class='ocrx_word' id='word_1_933' title='bbox 468 5529 532 5580; x_wconf 76' lang='grc' dir='ltr'><strong>Οἱ</strong></span> <span class='ocrx_word' id='word_1_934' title='bbox 555 5528 610 5582; x_wconf 85' lang='grc' dir='ltr'>δὲ</span> <span class='ocrx_word' id='word_1_935' title='bbox 636 5530 883 5601; x_wconf 77' lang='grc' dir='ltr'>ἄγγελοι,</span> <span class='ocrx_word' id='word_1_936' title='bbox 902 5536 1082 5590; x_wconf 81' lang='grc' dir='ltr'>καὶτὰ</span> <span class='ocrx_word' id='word_1_937' title='bbox 1105 5536 1241 5593; x_wconf 75' lang='grc' dir='ltr'>ἄλλα</span> <span class='ocrx_word' id='word_1_938' title='bbox 1264 5540 1539 5611; x_wconf 83' lang='grc' dir='ltr'>κτίσματα</span> <span class='ocrx_word' id='word_1_939' title='bbox 1569 5544 1700 5613; x_wconf 83' lang='grc' dir='ltr'>μετέ</span> <span class='ocrx_word' id='word_1_940' title='bbox 1706 5563 1824 5614; x_wconf 64' lang='grc' dir='ltr'>χοντ</span> 
     </span>
    </p>
   </div>
   <div class='ocr_carea' id='block_1_111' title="bbox 1983 5524 3531 5616">
    <p class='ocr_par' dir='ltr' id='par_1_111' title="bbox 1983 5539 3531 5616">
     <span class='ocr_line' id='line_1_111' title="bbox 1983 5539 3531 5616; baseline 0.009 -28"><span class='ocrx_word' id='word_1_941' title='bbox 1983 5548 2090 5591; x_wconf 80' lang='lat' dir='ltr'><strong>.unt</strong></span> <span class='ocrx_word' id='word_1_942' title='bbox 2106 5539 2342 5609; x_wconf 90' lang='lat' dir='ltr'><strong>Spiritus</strong></span> <span class='ocrx_word' id='word_1_943' title='bbox 2366 5544 2567 5609; x_wconf 83' lang='lat' dir='ltr'><strong>sancti,</strong></span> <span class='ocrx_word' id='word_1_944' title='bbox 2586 5552 3051 5616; x_wconf 86' lang='lat' dir='ltr'><strong>gustaveruntque</strong></span> <span class='ocrx_word' id='word_1_945' title='bbox 3074 5546 3276 5600; x_wconf 82' lang='lat' dir='ltr'><strong>bonum</strong></span> <span class='ocrx_word' id='word_1_946' title='bbox 3301 5546 3390 5601; x_wconf 91' lang='lat' dir='ltr'><strong>Dei</strong></span> <span class='ocrx_word' id='word_1_947' title='bbox 3416 5563 3531 5602; x_wconf 88' lang='lat' dir='ltr'><strong>ver-</strong></span> 
     </span>
    </p>
   </div>
   <div class='ocr_carea' id='block_1_112' title="bbox 277 5619 1825 5709">
    <p class='ocr_par' dir='ltr' id='par_1_112' title="bbox 277 5619 1825 5709">
     <span class='ocr_line' id='line_1_112' title="bbox 277 5619 1825 5709; baseline 0.014 -39"><span class='ocrx_word' id='word_1_948' title='bbox 277 5619 433 5673; x_wconf 79' lang='grc' dir='ltr'>ὲστιν</span> <span class='ocrx_word' id='word_1_949' title='bbox 458 5622 620 5676; x_wconf 80' lang='grc' dir='ltr'>αὑτοῦ</span> <span class='ocrx_word' id='word_1_950' title='bbox 650 5625 743 5677; x_wconf 89' lang='grc' dir='ltr'><strong>τοῦ</strong></span> <span class='ocrx_word' id='word_1_951' title='bbox 768 5626 1085 5699; x_wconf 88' lang='grc' dir='ltr'>Πνεύματος</span> <span class='ocrx_word' id='word_1_952' title='bbox 1102 5645 1115 5661; x_wconf 87' lang='grc'><strong>·</strong></span> <span class='ocrx_word' id='word_1_953' title='bbox 1149 5630 1238 5685; x_wconf 70' lang='grc' dir='ltr'>διὰ</span> <span class='ocrx_word' id='word_1_954' title='bbox 1260 5632 1417 5688; x_wconf 82' lang='grc' dir='ltr'>τοῦτο</span> <span class='ocrx_word' id='word_1_955' title='bbox 1439 5636 1546 5707; x_wconf 81' lang='grc' dir='ltr'>γὰρ</span> <span class='ocrx_word' id='word_1_956' title='bbox 1568 5637 1740 5691; x_wconf 85' lang='grc' dir='ltr'>ταῦτα</span> <span class='ocrx_word' id='word_1_957' title='bbox 1766 5638 1825 5709; x_wconf 73' lang='grc' dir='ltr'>μὲ</span> 
     </span>
    </p>
   </div>
   <div class='ocr_carea' id='block_1_113' title="bbox 1984 5619 3532 5709">
    <p class='ocr_par' dir='ltr' id='par_1_113' title="bbox 1984 5628 3532 5706">
     <span class='ocr_line' id='line_1_113' title="bbox 1984 5628 3532 5706; baseline 0.006 -23"><span class='ocrx_word' id='word_1_958' title='bbox 1984 5628 2157 5695; x_wconf 71' lang='lat' dir='ltr'><strong>iuni&quot;,</strong></span> <span class='ocrx_word' id='word_1_959' title='bbox 2174 5633 2741 5704; x_wconf 67' lang='lat' dir='ltr'><strong>ietcmtera.Ataiigeli</strong></span> <span class='ocrx_word' id='word_1_960' title='bbox 2761 5645 2813 5689; x_wconf 87' lang='lat' dir='ltr'><strong>et</strong></span> <span class='ocrx_word' id='word_1_961' title='bbox 2830 5643 3037 5689; x_wconf 65' lang='lat' dir='ltr'><strong>caetera:</strong></span> <span class='ocrx_word' id='word_1_962' title='bbox 3055 5650 3140 5691; x_wconf 85' lang='lat' dir='ltr'><strong>res</strong></span> <span class='ocrx_word' id='word_1_963' title='bbox 3159 5643 3351 5691; x_wconf 67' lang='grc' dir='ltr'>ιιι-εειιιε</span> <span class='ocrx_word' id='word_1_964' title='bbox 3365 5635 3532 5706; x_wconf 82' lang='lat' dir='ltr'><strong>ipsius</strong></span> 
     </span>
    </p>
   </div>
   <div class='ocr_carea' id='block_1_114' title="bbox 360 5775 1908 5862">
    <p class='ocr_par' dir='ltr' id='par_1_114' title="bbox 360 5775 1908 5862">
     <span class='ocr_line' id='line_1_114' title="bbox 360 5775 1908 5862; baseline 0.005 -33"><span class='ocrx_word' id='word_1_965' title='bbox 360 5778 375 5807; x_wconf 82' lang='grc'>¹</span> <span class='ocrx_word' id='word_1_966' title='bbox 412 5775 613 5862; x_wconf 49' lang='grc' dir='ltr'>[ρος.-</span> <span class='ocrx_word' id='word_1_967' title='bbox 643 5792 702 5862; x_wconf 62' lang='lat' dir='ltr'><strong>ir,</strong></span> <span class='ocrx_word' id='word_1_968' title='bbox 767 5777 852 5833; x_wconf 80' lang='grc'><strong>11.</strong></span> <span class='ocrx_word' id='word_1_969' title='bbox 904 5781 959 5862; x_wconf 78' lang='lat'><strong>_&#39;</strong></span> <span class='ocrx_word' id='word_1_970' title='bbox 1015 5776 1131 5862; x_wconf 49' lang='lat' dir='ltr'><strong>{ag</strong></span> <span class='ocrx_word' id='word_1_971' title='bbox 1176 5779 1350 5862; x_wconf 43' lang='grc'><strong>1,.17.</strong></span> <span class='ocrx_word' id='word_1_972' title='bbox 1446 5780 1465 5810; x_wconf 85' lang='grc'>³</span> <span class='ocrx_word' id='word_1_973' title='bbox 1497 5779 1642 5862; x_wconf 70' lang='lat' dir='ltr'><strong>Psal.</strong></span> <span class='ocrx_word' id='word_1_974' title='bbox 1670 5798 1808 5862; x_wconf 35' lang='lat' dir='ltr'><strong>ex};</strong></span> <span class='ocrx_word' id='word_1_975' title='bbox 1834 5784 1908 5862; x_wconf 29' lang='lat' dir='ltr'><strong>il.</strong></span> 
     </span>
    </p>
   </div>
   <div class='ocr_carea' id='block_1_115' title="bbox 1984 5775 3532 5862">
    <p class='ocr_par' dir='ltr' id='par_1_115' title="bbox 1997 5791 3532 5862">
     <span class='ocr_line' id='line_1_115' title="bbox 1997 5791 3532 5862; baseline 0.001 -15"><span class='ocrx_word' id='word_1_976' title='bbox 1997 5793 2017 5825; x_wconf 70' lang='grc'><strong>⁵</strong></span> <span class='ocrx_word' id='word_1_977' title='bbox 2060 5794 2216 5848; x_wconf 79' lang='lat' dir='ltr'><strong>llom.</strong></span> <span class='ocrx_word' id='word_1_978' title='bbox 2257 5810 2337 5862; x_wconf 89' lang='grc' dir='ltr'>ιιι,</span> <span class='ocrx_word' id='word_1_979' title='bbox 2384 5792 2475 5847; x_wconf 76' lang='lat'><strong>23.</strong></span> <span class='ocrx_word' id='word_1_980' title='bbox 2557 5793 2578 5824; x_wconf 85' lang='grc'><strong><em>³</em></strong></span> <span class='ocrx_word' id='word_1_981' title='bbox 2611 5791 2734 5848; x_wconf 82' lang='lat' dir='ltr'><strong>Jud.</strong></span> <span class='ocrx_word' id='word_1_982' title='bbox 2772 5795 2825 5850; x_wconf 86' lang='lat'><strong>6.</strong></span> <span class='ocrx_word' id='word_1_983' title='bbox 2922 5794 3067 5851; x_wconf 69' lang='lat' dir='ltr'><strong>“Job</strong></span> <span class='ocrx_word' id='word_1_984' title='bbox 3096 5811 3168 5860; x_wconf 84' lang='grc' dir='ltr'><strong>ιν,</strong></span> <span class='ocrx_word' id='word_1_985' title='bbox 3214 5798 3297 5854; x_wconf 78' lang='grc'><strong>18.</strong></span> <span class='ocrx_word' id='word_1_986' title='bbox 3379 5797 3397 5832; x_wconf 85' lang='grc'><strong>⁷</strong></span> <span class='ocrx_word' id='word_1_987' title='bbox 3433 5797 3532 5853; x_wconf 84' lang='lat' dir='ltr'><strong>Joh</strong></span> 
     </span>
    </p>
   </div>
   <div class='ocr_carea' id='block_1_116' title="bbox 277 5846 3533 5936">
    <p class='ocr_par' dir='ltr' id='par_1_116' title="bbox 277 5846 3533 5936">
     <span class='ocr_line' id='line_1_116' title="bbox 277 5846 3533 5936; baseline 0.007 -38"><span class='ocrx_word' id='word_1_988' title='bbox 277 5862 410 5936; x_wconf 46' lang='lat' dir='ltr'><strong>xxv‘,</strong></span> <span class='ocrx_word' id='word_1_989' title='bbox 586 5846 621 5936; x_wconf 47' lang='lat' dir='ltr'><strong>ll‘</strong></span> <span class='ocrx_word' id='word_1_990' title='bbox 648 5849 771 5901; x_wconf 76' lang='lat' dir='ltr'><strong>Cor.</strong></span> <span class='ocrx_word' id='word_1_991' title='bbox 804 5865 875 5913; x_wconf 78' lang='lat' dir='ltr'><strong>Vl,</strong></span> <span class='ocrx_word' id='word_1_992' title='bbox 902 5850 956 5904; x_wconf 81' lang='lat'><strong>5.</strong></span> <span class='ocrx_word' id='word_1_993' title='bbox 1033 5849 1501 5936; x_wconf 48' lang='grc' dir='ltr'>⁹.ξῐιεε.1ἑ..ξιινιιι,</span> <span class='ocrx_word' id='word_1_994' title='bbox 1701 5854 1741 5883; x_wconf 84' lang='lat'><strong>&#39;°</strong></span> <span class='ocrx_word' id='word_1_995' title='bbox 1773 5854 1914 5913; x_wconf 74' lang='lat' dir='ltr'><strong>PSal.</strong></span> <span class='ocrx_word' id='word_1_996' title='bbox 1941 5846 2393 5931; x_wconf 35' lang='lat' dir='ltr'><strong>cxxsvin,7.—&#39;“</strong></span> <span class='ocrx_word' id='word_1_997' title='bbox 2429 5846 2557 5934; x_wconf 87' lang='lat' dir='ltr'><strong>Sap.</strong></span> <span class='ocrx_word' id='word_1_998' title='bbox 2593 5846 2699 5932; x_wconf 63' lang='grc' dir='ltr'>χιι,</span> <span class='ocrx_word' id='word_1_999' title='bbox 2723 5846 2876 5920; x_wconf 40' lang='grc' dir='ltr'><strong>[λ’</strong></span> <span class='ocrx_word' id='word_1_1000' title='bbox 2899 5846 3188 5936; x_wconf 50' lang='grc' dir='ltr'><strong>Αᾰιξκὶιὶ,</strong></span> <span class='ocrx_word' id='word_1_1001' title='bbox 3364 5868 3406 5899; x_wconf 77' lang='grc'><strong>⁸³</strong></span> <span class='ocrx_word' id='word_1_1002' title='bbox 3432 5846 3533 5923; x_wconf 58' lang='lat' dir='ltr'><strong>iiii;</strong></span> 
     </span>
    </p>
   </div>
   <div class='ocr_carea' id='block_1_117' title="bbox 287 5918 1835 5987">
    <p class='ocr_par' dir='ltr' id='par_1_117' title="bbox 287 5918 1622 5987">
     <span class='ocr_line' id='line_1_117' title="bbox 287 5918 1622 5987; baseline 0.006 -19"><span class='ocrx_word' id='word_1_1003' title='bbox 287 5932 325 5979; x_wconf 89' lang='grc' dir='ltr'><strong>ι,</strong></span> <span class='ocrx_word' id='word_1_1004' title='bbox 379 5922 431 5972; x_wconf 76' lang='lat'><strong>0.</strong></span> <span class='ocrx_word' id='word_1_1005' title='bbox 512 5918 553 5948; x_wconf 82' lang='lat'>&quot;</span> <span class='ocrx_word' id='word_1_1006' title='bbox 584 5918 778 5973; x_wconf 83' lang='lat' dir='ltr'><strong>Genes.</strong></span> <span class='ocrx_word' id='word_1_1007' title='bbox 814 5935 997 5987; x_wconf 80' lang='lat' dir='ltr'><strong>xxvnl,</strong></span> <span class='ocrx_word' id='word_1_1008' title='bbox 1043 5919 1129 5973; x_wconf 63' lang='grc' dir='ltr'><strong>ιε.</strong></span> <span class='ocrx_word' id='word_1_1009' title='bbox 1210 5920 1251 5951; x_wconf 76' lang='grc'><strong>’⁸</strong></span> <span class='ocrx_word' id='word_1_1010' title='bbox 1279 5918 1442 5974; x_wconf 81' lang='lat' dir='ltr'><strong>Hebr.</strong></span> <span class='ocrx_word' id='word_1_1011' title='bbox 1476 5937 1545 5986; x_wconf 78' lang='lat' dir='ltr'><strong>vi,</strong></span> <span class='ocrx_word' id='word_1_1012' title='bbox 1572 5923 1622 5977; x_wconf 69' lang='grc'>4.</span> 
     </span>
    </p>
   </div>
   <div class='ocr_carea' id='block_1_118' title="bbox 1386 5918 2934 5987">
    <p class='ocr_par' dir='ltr' id='par_1_118' title="bbox 1386 5918 2934 5986">
     <span class='ocr_line' id='line_1_118' title="bbox 1386 5918 2934 5986; baseline 0.007 -14"><span class='ocrx_word' id='word_1_1013' title='bbox 1386 5937 1442 5973; x_wconf 75' lang='grc' dir='ltr'>η’.</span> <span class='ocrx_word' id='word_1_1014' title='bbox 1476 5937 1545 5986; x_wconf 81' lang='lat' dir='ltr'><strong>vt,</strong></span> <span class='ocrx_word' id='word_1_1015' title='bbox 1572 5923 1622 5977; x_wconf 69' lang='grc'>4.</span> <span class='ocrx_word' id='word_1_1016' title='bbox 2184 5918 2196 5931; x_wconf 85' lang='grc'><em>’</em></span> <span class='ocrx_word' id='word_1_1017' title='bbox 2272 5918 2277 5919; x_wconf 17' lang='grc' dir='ltr'><em>ν</em></span> <span class='ocrx_word' id='word_1_1018' title='bbox 2505 5918 2521 5934; x_wconf 83' lang='grc'><em>’</em></span> <span class='ocrx_word' id='word_1_1019' title='bbox 2674 5918 2688 5932; x_wconf 79' lang='grc'><strong>’</strong></span> <span class='ocrx_word' id='word_1_1020' title='bbox 2763 5918 2768 5920; x_wconf 14' lang='grc' dir='ltr'><strong><em>γ</em></strong></span> <span class='ocrx_word' id='word_1_1021' title='bbox 2920 5971 2934 5983; x_wconf 91' lang='grc'><strong>.</strong></span> 
     </span>
    </p>
   </div>
  </div>
