3768 6614
382 457 463 520 Ἣ
475 454 507 517 9

1613 456 1999 519 EUTllYMIl
2037 456 2401 519 ZIGABENI

3471 479 3553 545 720

403 568 644 636 Spiritus
679 567 810 623 ﬁunt
840 567 1155 639 participes.
1209 567 1336 624 llaec
1381 567 1526 622 enim
1563 569 1682 639 ipsa
1709 579 1796 624 est
1834 569 1968 624 ratio

2079 571 2369 626 ἐκπίπτειν
2410 568 2471 623 οὗ
2515 568 2777 641 μετέσχον
2820 567 3080 624 δύναταν
3113 570 3170 625 τὸ
3213 574 3260 630 δὲ
3290 582 3468 656 Πνεῦμι
3488 595 3552 649 ἀεὶ

406 677 500 715 cur
529 663 597 716 ab
625 677 689 718 eo
724 662 880 730 cujus
915 672 1044 718 sunt
1089 660 1384 731 participes
1437 662 1654 731 possint
1691 663 1963 718 excidere.

405 753 640 823 Spiritus
668 768 794 810 vero
825 755 964 809 idem
1005 753 1245 824 profecto
1279 769 1496 826 semper
1529 764 1632 811 est.

930 846 976 900 Ε
981 864 1016 901 .1:
1052 848 1232 902 eadem
1259 855 1308 902 et
1333 847 1450 902 hoc.

477 939 692 1003 Euntes,
726 940 936 1009 inquit,
972 941 1150 995 docete
1191 956 1368 996 omnes
1403 950 1603 1012 gentes,
1644 941 1974 1011 baptizantes

399 1049 485 1085 eos
522 1032 811 1086 t'nuomiue
844 1031 1046 1095 Ratris,
1096 1043 1144 1088 et
1191 1033 1343 1098 Filii,
1397 1045 1447 1089 et
1493 1034 1733 1104 Spiritus
1776 1037 1970 1090 sancti.

398 1121 643 1190 Apostoli
673 1132 853 1178 autem
887 1123 1112 1193 proiecti
1164 1125 1244 1182 sic
1297 1125 1621 1182 docuerunt.
1667 1126 1733 1181 Et
1769 1127 1882 1182 haec
1919 1127 1973 1181 in

387 1232 616 1272 omnem
649 1227 873 1285 terram,
899 1237 1017 1291 quae
1065 1221 1167 1276 sub
1195 1222 1335 1278 emlo
1364 1231 1469 1288 est,
1516 1223 1858 1292 promulgata
1893 1231 1975 1278 est

403 1309 737 1378 praedicatio,
766 1312 954 1382 Itaque
985 1328 1109 1369 cum
1141 1313 1260 1370 ﬁdei
1294 1315 1707 1371 fundamentum
1747 1317 1848 1370 hoc
1879 1315 1975 1370 ha-

386 1402 524 1455 -beat
554 1403 816 1470 Ecclesia,
843 1404 1027 1459 dicant
1073 1405 1231 1462 nobis
1253 1422 1488 1460 (rursum
1532 1407 1656 1473 isti,
1692 1417 1856 1476 atque
1890 1421 1976 1462 re-

400 1497 724 1566 spondeant,
757 1498 922 1553 Estne
961 1495 1224 1564 Trinitas,
1248 1515 1313 1554 an
1344 1499 1612 1554 duaiitas?
1639 1501 1682 1555 si
1714 1499 1973 1565 dualitas,

393 1605 521 1643 eum
553 1591 715 1646 rebus
743 1591 1046 1660 procreatis
1095 1593 1320 1661 spiritus
1352 1608 1381 1647 a
1426 1595 1579 1648 vobis
1633 1603 1969 1648 numeretur.

402 1684 499 1737 Sin
531 1683 769 1740 Trinitas
795 1696 900 1750 est,
927 1697 985 1740 ut
1019 1701 1148 1741 vere
1177 1697 1259 1742 est
1285 1728 1299 1752 ,
1335 1697 1610 1742 ostensum
1653 1698 1832 1742 autem
1867 1695 1968 1752 est,

401 1777 543 1829 hanc
587 1792 692 1831 non
740 1792 860 1832 esse
894 1779 1246 1854 distractam,
1280 1795 1455 1848 neque
1487 1779 1843 1845 dissimilem,
1881 1794 1976 1835 ne-

396 1881 554 1922 cesse
587 1879 690 1934 est,
737 1883 897 1924 unam
934 1869 1090 1940 hujus
1132 1887 1256 1926 esse
1299 1873 1685 1938 sanctitatem,
1721 1881 1774 1925 et
1808 1885 1970 1926 unam

2079 663 2142 718 τὺ
2169 663 2302 718 αὐτό
2333 665 2496 718 ἐστιν.

2441 844 2546 900 Ἐκ
2587 843 2700 914 τῆς
2732 846 2924 914 αὐτῆς
2962 849 3057 901 καί
3099 849 3277 906 τοῦτο.

2153 937 2573 1008 Πορευθέντες,
2635 939 2791 1010 φησὶ,
2855 939 3264 1009 μαθητεύσατε
3301 950 3464 1008 πάντα
3510 961 3562 1015 τὰ

2080 1033 2249 1100 ἔθνη,
2269 1031 2663 1098 βαπτίζοντες
2693 1033 2916 1100 αὐτοὺς
2945 1035 3032 1098 εἰς
3063 1052 3129 1098 τί)
3157 1035 3327 1106 ὄνομα
3367 1044 3454 1097 τοῦ
3479 1052 3564 1102 Πο-

2080 1142 2240 1195 τρος,
2275 1126 2373 1180 καί
2428 1121 2538 1180 τοῦ
2587 1125 2749 1192 Υίοῦ,
2789 1127 2885 1180 καί
2917 1127 3023 1182 τοῦ
3047 1127 3216 1194 ἁγίου
3268 1133 3561 1205 Πνεύματος.

2083 1223 2141 1275 οι
2173 1221 2228 1274 δὲ
2261 1219 2551 1275 ἀπόστολοι
2605 1221 2970 1291 πορευθέντες
3015 1219 3186 1282 οὕτως
3241 1225 3472 1293 ἐδίδαξαν,
3501 1236 3570 1286 καὶ

2079 1313 2236 1366 τοῦτό
2273 1314 2428 1382 ὲστν
2449 1316 2528 1376 είς
2557 1313 2741 1367 πᾶσαν
2766 1315 2864 1384 τὴν
2885 1312 2979 1366 ὑπ’
3011 1314 3236 1384 οὐρανὸν
3261 1317 3316 1370 τὸ
3341 1320 3567 1391 κήρυγμα.

2081 1407 2291 1461 Οὐκοῦν
2315 1407 2504 1461 τοῦτον
2533 1408 2765 1479 ἐχούσης
2791 1407 2890 1478 τῆς
2925 1405 3247 1478 Ἐκκλησίας
3275 1411 3356 1464 τὸν
3377 1413 3574 1482 θεμέλιον

2078 1499 2176 1572 τῆς
2229 1500 2489 1565 πίστεως,
2533 1501 2844 1555 εἰπάτωσαν
2894 1501 3057 1555 πάλιν
3097 1503 3225 1570 ἡμῖν
3274 1504 3467 1572 ἐκεῖνοι,
3504 1512 3573 1562 καὶ

2079 1593 2591 1664 ἀποκρινάσθωσαν,
2627 1595 2796 1667 Τριάς
2824 1596 2994 1660 ἐστιν,
3041 1595 3074 1665 ἦ
3105 1595 3269 1662 δυάσ;
3302 1597 3356 1650 Et
3401 1600 3484 1668 μὲν
3507 1597 3576 1655 οὖν

2079 1687 2208 1749 δυάς
2241 1691 2378 1749 ἐστι,
2409 1688 2854 1759 συναριθμείσοω
2893 1687 3020 1758 παρ’
3055 1687 3208 1758 ὑμῶν
3233 1691 3335 1753 τοῖς
3365 1691 3576 1762 κτίσμασι

2079 1779 2141 1832 τὸ
2174 1777 2420 1850 Πνεῦμα.
2456 1779 2519 1833 Ei
2557 1778 2612 1832 δὲ
2642 1779 2811 1847 Τριὰ;
2848 1782 3014 1843 ἐστιν,
3046 1778 3233 1852 ὥσπερ
3257 1776 3344 1834 οὖν
3372 1787 3451 1836 καὶ
3475 1785 3576 1848 ἔστι,

2079 1872 2356 1926 δέδεικται
2413 1871 2470 1926 δὲ
2511 1873 2816 1944 ἀδιαίρετος
2871 1869 3030 1939 οὖσα,
3091 1874 3184 1929 καὶ
3213 1875 3307 1928 οὐκ
3358 1876 3576 1945 ἀνόμοιος,

407 1959 568 2027 hujus
628 1961 1029 2027 aeternitatem,
1116 1963 1616 2033 immutabilemque
1695 1971 1968 2017 naturam.

2076 1964 2290 2033 ἀνάγκη
2326 1962 2454 2032 μίαν
2491 1959 2635 2018 εἶναι
2679 1965 2887 2037 ταύτης
2923 1967 3022 2035 τὴν
3049 1966 3332 2036 άγιὸτητα.
3364 1967 3448 2018 καὶ
3482 1969 3580 2036 μίαν

402 2051 866 2117 Quemadmodum
923 2055 1069 2109 enim
1138 2055 1289 2118 ﬁdes,
1353 2070 1474 2124 quae
1526 2057 1577 2109 in
1635 2055 1804 2123 ipsam
1862 2063 1973 2108 tra-

397 2143 565 2208 ditur,
625 2145 734 2200 Deo
787 2145 1084 2216 coniungit.
1139 2146 1242 2213 Qui
1260 2162 1416 2236 ,νει-ο
1456 2147 1728 2202 subtrahit
1769 2145 1972 2217 aliquid

397 2252 429 2292 e
471 2236 760 2306 Trinitate,
821 2249 873 2294 et
927 2239 1017 2310 qui
1072 2239 1122 2293 in
1182 2240 1298 2294 solo
1355 2240 1524 2309 patris
1577 2239 1817 2304 nomine,
1879 2245 1973 2292 aut

392 2332 452 2384 in
497 2331 612 2386 solo
671 2331 769 2386 ﬁlii
829 2333 1070 2398 nomine,
1120 2345 1212 2387 aut
1264 2335 1315 2386 in
1371 2335 1571 2403 patris,
1631 2343 1686 2387 et
1743 2332 1835 2386 ﬁlii
1878 2345 1972 2385 no-

393 2425 587 2491 mine,
654 2435 864 2483 remoto
927 2427 1116 2496 spiritu
1178 2428 1505 2498 baptizatur,
1569 2427 1700 2482 nihil
1750 2425 1967 2495 accipit,

397 2517 490 2571 sed
553 2518 730 2574 inanis
787 2528 844 2574 et
912 2519 1270 2591 imperfectus
1326 2529 1438 2575 tum
1513 2522 1650 2591 ipse,
1705 2527 1816 2575 tum
1876 2521 1970 2589 qui

397 2613 609 2667 videtur
672 2613 926 2680 tradere,
984 2622 1308 2683 permanet,
1359 2614 1630 2683 siquidem
1678 2615 1732 2669 in
1791 2610 1973 2667 Trini-

398 2713 508 2758 tate
559 2703 824 2773 perfectio
870 2716 972 2772 est,
1011 2706 1084 2760 ita
1136 2705 1225 2775 qui
1265 2705 1456 2760 Filium
1495 2721 1522 2759 a
1577 2704 1738 2761 Patre
1791 2719 1972 2776 segre-

391 2807 526 2867 gat,
581 2807 674 2852 aut
719 2799 969 2868 spiritum
1021 2798 1252 2855 collocat
1300 2799 1443 2852 inter
1492 2812 1580 2855 res
1632 2807 1968 2866 procreatas,

395 2905 441 2946 ts
473 2907 574 2946 nec
595 2891 793 2958 tilium,
822 2907 918 2948 nec
957 2901 1165 2963 patrem
1205 2891 1391 2955 habet,
1426 2893 1521 2946 sed
1549 2891 1748 2962 impius
1772 2901 1874 2957 est,
1918 2900 1972 2945 et

397 2981 596 3037 inﬁdeli
631 2985 886 3050 deterior,
923 2993 978 3038 et
1010 2984 1227 3054 quidvis
1256 2984 1438 3053 potius
1464 3024 1479 3050 ,
1512 2998 1672 3052 quam
1707 2983 1970 3038 Christia-

395 3089 532 3138 nus,
578 3083 632 3130 et
681 3074 806 3143 jure
850 3076 904 3128 in
964 3078 1204 3146 quidem.
1259 3075 1416 3130 Sicut
1467 3076 1614 3130 enim
1671 3089 1836 3129 unum
1887 3083 1972 3129 est

395 3169 660 3236 baptisma
696 3171 748 3223 in
779 3170 968 3237 Patre,
1004 3178 1058 3224 et
1096 3167 1256 3234 Filio,
1291 3178 1345 3224 et
1375 3169 1578 3238 Spiritu
1612 3178 1800 3224 sancto
1853 3178 1969 3223 tra-

394 3260 588 3327 ditum,
644 3273 699 3315 et
733 3277 838 3315 una
868 3262 1000 3318 ﬁdes
1025 3272 1106 3318 est
1145 3263 1198 3318 in
1239 3265 1408 3333 ipsam
1446 3265 1702 3320 nimirum
1726 3265 1968 3319 Trinita-

401 3363 528 3415 tem,
561 3361 617 3406 ut
657 3358 734 3407 ait
766 3353 1200 3423 Apostolus',sio
1233 3369 1418 3412 saneta
1454 3357 1695 3414 Trinitas
1719 3374 1841 3430 qua:
1875 3374 1968 3415 ea-

387 3446 505 3502 dem
528 3443 586 3499 in
611 3445 793 3514 seipsa
824 3454 995 3510 est,ct
1019 3461 1204 3501 secum
1233 3447 1350 3518 ipsa
1381 3450 1668 3518 conjuncta
1701 3459 1803 3510 est,
1826 3448 1963 3503 nihil

387 3525 442 3589 in
472 3549 530 3589 se
558 3549 738 3588 rerum
769 3535 1032 3589 factarum
1065 3536 1256 3601 habet;
1297 3538 1520 3607 haacquc
1538 3537 1821 3593 Trinitatis
1843 3539 1964 3592 uni-

383 3635 468 3679 tas
503 3625 779 3679 individua
804 3628 1209 3696 cst,unaquein
1242 3629 1488 3683 eamdem
1509 3629 1642 3684 ﬁdes
1670 3638 1770 3684 est.
1804 3629 1961 3696 Quod

377 3718 430 3772 si
471 3719 546 3771 uti
579 3734 694 3784 vos,
723 3717 963 3788 Tropici,
1007 3721 1300 3774 commenti
1335 3722 1488 3783 estis,
1527 3737 1631 3776 non
1681 3721 1752 3775 ita
1782 3736 1839 3775 se
1873 3735 1960 3776 res

330 3832 333 3835 -
382 3805 563 3870 habet,
583 3809 698 3874 sed,
727 3817 785 3863 ut
807 3811 1145 3876 somniastis,
1169 3810 1406 3882 Spiritus
1425 3821 1647 3869 sanctus
1678 3829 1764 3869 res
1781 3823 1960 3869 creata

381 3916 412 3954 a
437 3901 592 3957 vobis
632 3901 830 3957 dicitur
864 3904 1016 3973 :jam
1048 3918 1155 3956 non
1197 3921 1302 3959 una
1329 3914 1411 3961 est
1453 3906 1584 3962 ﬁdes
1618 3917 1816 3969 vestra,
1850 3921 1957 3959 non

383 4009 551 4048 unum
591 3995 883 4064 baptisma,
913 3997 1004 4050 sed
1041 3999 1186 4052 duo:
1220 4015 1387 4052 unum
1425 4000 1632 4054 scilicet
1663 4000 1714 4053 in
1745 3997 1957 4054 Patrem

380 4095 434 4139 et
466 4082 688 4144 Filium,
722 4087 867 4141 aliud
901 4088 953 4141 in
987 4090 1240 4158 angelum
1274 4090 1367 4161 qui
1404 4106 1492 4145 res
1515 4100 1693 4145 creata
1728 4100 1844 4155 est;
1876 4091 1958 4142 ni-

385 4177 570 4247 hilque
593 4178 705 4248 jam
746 4180 902 4235 vobis
940 4181 1154 4236 ﬁrmum
1177 4226 1191 4248 ,
1222 4183 1356 4237 nihil
1383 4199 1570 4236 verum
1605 4180 1956 4252 superfuerit.

381 4271 513 4338 Quae
555 4272 698 4324 enim
749 4274 1061 4327 communio
1103 4275 1241 4328 inter
1271 4289 1383 4329 rem
1429 4273 1625 4329 factam
1653 4283 1707 4327 et
1736 4273 1852 4340 ejus
1882 4273 1960 4328 ef—

378 4363 674 4418 fectorem?
717 4362 816 4418 Vel
879 4381 1000 4434 qum
1051 4367 1283 4420 societas
1340 4367 1483 4420 inter
1532 4381 1618 4419 res
1671 4365 1996 4432 inferiores_

376 4465 589 4510 creatas
620 4465 673 4510 ct
705 4455 938 4511 Verbum
973 4473 1002 4511 a
1039 4473 1148 4528 quo
1169 4458 1444 4528 ρνοιιιιειῖε
1469 4459 1629 4512 sunt?
1659 4457 1818 4513 Certe
1833 4458 1960 4513 bea«

378 4557 466 4602 tus
501 4546 727 4616 Paulus,
763 4549 855 4619 qui
891 4548 994 4604 ista
1029 4549 1254 4603 minime
1279 4550 1585 4620 ignorabat,
1613 4564 1720 4604 non
1752 4558 1813 4604 ut
1839 4563 1957 4614 vos,

2075 2057 2281 2129 ταύτης
2309 2057 2407 2127 τὴν
2435 2057 2738 2127 ἁῖδιότητα,
2764 2059 2859 2111 καὶ
2889 2057 2988 2129 τὴν
3031 2057 3132 2127 τῆς
3165 2058 3413 2128 ἀτρεψίας
3437 2059 3577 2128 φύσιν.

2079 2150 2293 2224 Ὠσπερ
2323 2154 2430 2222 γὰρ
2454 2153 2486 2223 ἡ
2523 2151 2606 2217 είς
2635 2149 2804 2221 αὐτὴν
2853 2151 3262 2221 παραδιδομένη
3287 2151 3464 2214 -πίστις
3490 2168 3583 2203 συν·

2076 2244 2238 2297 ἅπτει
2268 2243 2408 2314 θεῷ,
2441 2243 2470 2296 6
2498 2243 2556 2296 δὲ
2608 2242 3010 2314 ὑφαιρούμενός
3043 2261 3094 2297 τι
3134 2244 3232 2312 τῆς
3266 2242 3486 2312 Τριάδος,
3515 2243 3582 2294 καὶ

2076 2337 2134 2388 ὲν
2173 2334 2322 2406 μόνῳ
2368 2334 2447 2405 τῷ
2489 2334 2583 2387 τοῦ
2621 2335 2832 2406 Πατρός
2875 2335 3104 2402 ὀνόματι
3161 2332 3581 2404 βαπτιζόμενος.ἢ

2076 2431 2134 2482 ὲν
2172 2429 2320 2500 μόνῳ
2357 2431 2434 2500 τῷ
2468 2429 2694 2500 ὀνόματι
2741 2429 2834 2482 τοῦ
2873 2429 3026 2494 Υίοῦ,
3076 2427 3108 2498 ἢ
3147 2429 3312 2498 χωρὶς
3340 2426 3425 2478 τοῦ
3453 2425 3584 2478 lived-

2079 2539 2249 2592 ματος
2277 2525 2335 2576 ὲν
2384 2523 2585 2593 Πατρὶ,
2647 2522 2743 2576 καὶ
2787 2521 2928 2591 Υἱῷ,
2969 2520 3126 2575 οὐδὲν
3184 2519 3453 2590 λαμϐάνει,
3484 2518 3586 2570 erit

2077 2615 2252 2681 κενὸς,
2291 2616 2386 2670 καὶ
2426 2615 2622 2687 ἀτελὴς
2675 2615 2838 2679 αὑτός
2871 2633 2952 2679 τε,
3008 2614 3104 2668 καὶ
3142 2615 3170 2666 6
3215 2611 3380 2666 δοκῶν
3429 2611 3587 2665 διδόναι

2071 2707 2342 2780 διαμένει.
2397 2709 2484 2762 Ἐν
2508 2711 2573 2779 τῇ
2623 2708 2814 2780 Τριάδι
2851 2707 2959 2778 γὰρ
2987 2704 3302 2778 ήτελείωσίς
3335 2704 3496 2756 ἔστιν·
3517 2699 3588 2753 οὗ.

2071 2818 2182 2866 τως
2241 2803 2269 2855 6
2325 2799 2550 2872 διαιρῶν
2609 2802 2701 2855 τὸν
2752 2800 2878 2854 Υίδν
2924 2798 3034 2854 ἀπὸ
3065 2797 3163 2852 τοῦ
3213 2795 3436 2868 Πατρδς,
3485 2796 3590 2862 ἢτὺ

2074 2890 2300 2960 Πνεῦμα
2333 2891 2590 2960 κατάγων
2623 2892 2704 2954 εἰς
2757 2891 2824 2944 τά
2876 2891 3176 2961 κτίσμκτα,
3212 2887 3336 2941 οὔτε
3389 2888 3469 2941 τὸν
3494 2884 3590 2936 Tibi

2071 2984 2209 3054 ἔχει,
2244 2983 2368 3038 οὕτε
2397 2985 2490 3038 τὸν
2522 2985 2761 3054 Πατέρα,
2819 2984 2933 3037 ἀλλ’
2965 2985 3112 3036 ἐστιν
3149 2982 3327 3044 ἄθεος,
3377 2979 3461 3032 καὶ
3495 2977 3594 3029 άπε-

2073 3091 2199 3128 στου
2229 3078 2444 3146 χείρων,
2476 3079 2570 3131 καὶ
2617 3076 2795 3130 πάντα
2825 3074 3048 3146 μᾶλλον,
3080 3073 3116 3143 ἢ
3166 3071 3501 3144 Χρικτιανδς,
3523 3068 3595 3120 καὶ

2069 3168 2295 3232 δικαίως
2326 3186 2409 3224 τε.
2450 3169 2719 3240 Καθάπερ
2750 3169 2859 3240 γὰρ
2905 3169 2965 3222 ἓν
3002 3169 3124 3220 ἐστι
3179 3165 3241 3218 τὸ
3275 3165 3529 3235 βάπτισμα
3553 3163 3596 3211 ιν

2074 3264 2253 3334 Πατρὶ
2287 3266 2380 3318 καὶ
2421 3263 2532 3334 Υῑῷ
2566 3263 2656 3316 καὶ
2695 3262 2974 3332 Πνεύματι
3035 3261 3183 3328 ἁγίῳ
3221 3260 3500 3328 διδόμενον,
3525 3256 3597 3307 και

2083 3357 2180 3428 μία
2215 3358 2396 3420 πίστις
2430 3357 2578 3410 ἐστὶν
2614 3357 2696 3422 είς
2724 3356 2921 3428 αὐτὴν,
2951 3358 3026 3419 ὡς
3055 3351 3216 3410 εἶπεν
3247 3355 3276 3407 6
3307 3350 3596 3406 Ἀπόστολος,

2065 3448 2238 3511 οὕτως
2272 3451 2302 3517 ἡ
2342 3449 2469 3516 ἁγία
2502 3446 2692 3518 Τριὰς,
2743 3447 2776 3517 ἡ
2833 3447 2972 3517 αὐτὴ
3023 3442 3163 3500 οὖσα
3194 3447 3361 3514 ἑαυτῇ
3399 3475 3414 3500 ς
3539 3438 3604 3492 καὶ

2065 3540 2314 3610 ἡνωμένη
2341 3538 2475 3609 πρὸς
2497 3538 2719 3610 ἑαυτὴν,
2746 3538 2898 3591 οὐδὲν
2938 3537 3048 3608 ἔχει
3072 3539 3132 3590 ὲν
3165 3537 3330 3604 ἑαυτῇ
3363 3532 3460 3586 τῶν
3482 3547 3605 3599 γενη-

2061 3630 2186 3682 τῶν·
2223 3630 2315 3682 καὶ
2346 3629 2481 3700 αῦτη
2511 3629 2607 3700 τῆς
2641 3628 2870 3700 Τριάδος
2893 3631 2926 3699 ἡ
2964 3626 3275 3697 ἀδιαίρετος
3422 3618 3604 3682 ἑνότης.

2063 3721 2155 3773 καὶ
2181 3721 2277 3789 μία
2307 3723 2339 3791 ἡ
2374 3721 2454 3783 εἰς
2479 3719 2680 3790 ταύτην
2711 3719 2894 3783 πίστις
2930 3719 3098 3772 ἐστίν.
3165 3719 3228 3771 Ei
3258 3717 3316 3771 δὲ
3362 3713 3490 3769 κατὰ
3532 3713 3608 3778 τὴν

2061 3811 2216 3882 ὑμῶν
2258 3811 2365 3865 τῶν
2406 3812 2691 3884 Τροπικίἱω
2723 3811 3071 3883 ἐπεξεύρεσιν
3121 3811 3227 3881 οὐχ
3286 3807 3451 3870 οὕτως
3476 3803 3608 3863 ἐστὶν,

2060 3903 2173 3955 ἀλλ’
2205 3903 2594 3975 ἐνυπνιάσθητε
2623 3904 2828 3974 κτίσμα
3015 3903 3204 3971 λέγειν
3239 3902 3301 3955 τὸ
3335 3898 3539 3968 Πνεῦμα
3567 3893 3612 3945 τὸ

2061 3997 2232 4064 ἅγιον·
2263 3997 2444 4050 οὐκέτι
2482 3997 2579 4068 μία
2633 3999 2816 4060 πίστις
2865 3997 3011 4051 ἐστιν
3070 3995 3256 4066 ὑμῶν,
3301 3991 3419 4046 οὐδὲ
3450 3990 3501 4042 ’ἐν
3539 3987 3610 4056 βά-

2061 4107 2295 4159 πτισμα,
2320 4088 2457 4143 ἀλλὰ
2492 4089 2602 4143 δόθ’
2631 4089 2688 4142 ἓν
2724 4089 2825 4160 μὲν
2860 4090 2938 4152 εἰς
2974 4087 3202 4157 Πατέρα
3245 4087 3342 4139 καὶ
3366 4083 3501 4136 Υἱόν·
3527 4079 3616 4130 ἓτε-

2063 4197 2155 4251 ρον
2193 4180 2248 4232 δὲ
2280 4181 2360 4244 εἰς
2418 4179 2646 4248 ἄγγελον
2711 4179 2915 4249 κτίσμα
2959 4179 3110 4230 ὂντα·
3160 4177 3259 4230 καὶ
3302 4175 3448 4229 οὐδὲν
3469 4168 3614 4224 λοιπὸν

2062 4272 2216 4341 ὑμῶν
2246 4272 2488 4342 ἀσφαλὲς
2522 4272 2642 4325 οὐδὲ
2694 4271 2910 4341 ἀληθές.
2942 4270 3080 4323 Ποία
3135 4269 3252 4339 γὰρ
3293 4264 3533 4319 κοινωνία
3550 4276 3617 4327 γεο

2060 4360 2206 4432 νητῷ
2245 4363 2338 4415 καὶ
2391 4361 2744 4433 δημιουργῷς
2790 4363 2862 4414 Ἢ
2930 4360 3058 4412 ποία
3133 4358 3333 4426 ἑνότης
3371 4357 3475 4416 τοῖς
3502 4351 3618 4404 κάτω

2061 4455 2322 4524 κτίσμασι
2404 4455 2497 4506 καί¹
2557 4453 2637 4523 τῷ
2693 4453 2866 4506 ταῦτα
2923 4451 3407 4522 δημιουργήσαντι
3468 4443 3620 4509 Λόγῳς

2059 4543 2229 4598 Τοῦτο
2259 4544 2413 4608 εἰδὼς
2459 4547 2488 4598 6
2553 4544 2824 4615 μακάριος
2880 4543 3130 4606 Παῦλος,
3188 4543 3256 4595 οὐ
3322 4538 3510 4608 διαιρεῖ
3547 4533 3621 4600 τὴν

377 4638 696 4694 Trinitatem
729 4639 942 4705 dividit,
971 4640 1065 4694 sed
1089 4639 1208 4709 ejus
1239 4640 1501 4694 unitatem
1533 4641 1836 4696 luculenter
1863 4643 1960 4695 do-

2071 4636 2287 4707 Γριάδα,
2315 4635 2504 4706 ὥσπερ
2533 4636 2711 4706 ὑμεῖς,
2743 4635 2878 4689 ἀλλὰ
2925 4633 3024 4705 τὴν
3073 4635 3319 4702 ἑνότητα
3359 4629 3546 4698 ταύτης
3569 4623 3627 4675 δι-

373 4739 456 4785 cet
479 4747 603 4786 cum
632 4733 699 4786 de
734 4731 1114 4800 spiritualibus
1145 4730 1308 4786 rebus
1335 4731 1401 4786 ad
1432 4731 1744 4787 Corinthios
1769 4731 1958 4786 scribit

375 4831 428 4876 et.
462 4822 646 4876 omnia
677 4822 743 4875 ad
779 4838 947 4876 unum
975 4819 1142 4874 Deum
1168 4820 1383 4876 Patrem
1411 4832 1668 4891 tanquam
1699 4821 1763 4874 ad
1796 4831 1957 4889 caput

377 4917 480 4968 hoc
507 4923 668 4984 pacto
690 4913 901 4969 reducit
927 4932 938 4967 :
971 4933 989 4964 ι
1012 4913 1314 4969 Divisiones
1336 4929 1466 4968 vero
1492 4915 1788 4984 gratiarum
1808 4921 1954 4976 sunt,

375 5006 515 5060 item
541 5014 723 5059 autem
759 5003 992 5073 Spiritus
1025 5021 1039 5058 :
1080 5014 1134 5060 et
1161 5005 1460 5060 divisiones
1496 5002 1955 5057 ministrationum

375 5107 525 5167 sunt,
554 5098 692 5151 idem
722 5107 903 5153 autem
929 5098 1190 5153 Dominus
1223 5117 1234 5151 :
1273 5108 1325 5151 et
1358 5096 1654 5151 divisiones
1687 5097 1954 5164 Operatio-

372 5206 504 5244 num
547 5198 693 5256 sttnt,
724 5190 862 5244 idem
897 5206 1026 5244 vero
1058 5190 1220 5254 Deus,
1254 5190 1344 5258 qui
1392 5199 1650 5258 operatur
1683 5189 1862 5242 omnia
1901 5189 1953 5241 in

372 5281 628 5335 omnibus
682 5287 720 5336 '.
758 5301 774 5332 ι
799 5279 931 5346 Quae
954 5283 1098 5336 enim
1133 5281 1372 5352 Spiritus
1403 5281 1633 5350 singulis
1657 5281 1952 5344 distribuit,

371 5387 434 5425 ea
459 5386 488 5424 a
511 5369 668 5426 Patre
701 5387 792 5441 per
822 5369 1060 5425 Verbum
1089 5371 1304 5425 dantur.
1336 5370 1469 5425 Nam
1503 5372 1684 5424 omnia
1716 5386 1836 5439 qua:
1855 5370 1954 5426 Pa-

372 5465 472 5519 tris
498 5473 645 5528 sunt,
672 5475 799 5519 sunt
847 5465 972 5518 item
1012 5462 1135 5517 Filii
1168 5483 1179 5517 :
1224 5463 1365 5517 unde
1405 5478 1466 5517 ea
1499 5478 1619 5532 quae
1651 5478 1679 5516 a
1709 5460 1849 5516 Filio
1898 5463 1950 5516 in

372 5559 578 5627 Spiritu
613 5558 832 5622 dantur,
868 5572 991 5611 vera
1022 5564 1150 5611 sunt
1181 5554 1359 5609 Patris
1400 5568 1648 5609 munera.
1690 5553 1953 5608 Similiter

371 5666 493 5704 (‘illll
527 5649 768 5722 Spiritus
801 5651 852 5704 in
889 5649 1043 5704 nobis
1073 5656 1177 5715 est,
1207 5649 1466 5712 Verbum,
1498 5663 1526 5700 a
1553 5662 1661 5716 quo
1686 5647 1836 5702 illum
1861 5662 1952 5702 ac-

454 5869 471 5900 ¹
518 5867 714 5936 Ephcs.
755 5885 824 5932 tv,
866 5868 920 5922 5.
998 5871 1017 5899 ²
1050 5868 1065 5922 l
1095 5865 1222 5925 Cor.
1264 5885 1362 5940 xu,
1390 5869 1504 5928 4-0.

2059 4727 2272 4781 δάσκων
2301 4726 2506 4798 ἔγραψε
2548 4725 2850 4798 Κορινθίοις
2907 4725 3035 4796 περὶ
3081 4725 3197 4777 τῶν
3252 4713 3624 4791 πνευματικῶν,

2059 4823 2151 4874 καὶ
2188 4821 2256 4873 τὰ
2296 4820 2470 4873 πάντα
2503 4821 2581 4883 εἰς
2610 4819 2707 4873 ἕνα
2729 4819 2861 4871 Θεὸν
2882 4818 2973 4871 τὸν
2997 4817 3231 4888 Πατέρα
3264 4808 3628 4881 ἀνακεφαλαινῖ

2057 4912 2252 4981 λέγων’
2283 4931 2300 4964 ι
2342 4911 2646 4984 Διαιρέσεις
2674 4911 2730 4964 δὲ
2770 4908 3129 4980 χαρισμάτων
3168 4907 3304 4969 εἰσὶ,
3337 4905 3400 4956 τὺ
3425 4902 3478 4954 δὲ
3525 4894 3629 4949 αὐτ)

2058 5002 2301 5073 Πνεῦμαο
2336 5003 2429 5056 καὶ
2467 5002 2760 5072 διαιρέσεις
2799 4999 3083 5054 διακονιῶν
3151 5001 3323 5059 εἰσιν,
3350 4999 3378 5049 6
3412 4995 3467 5048 δὲ
3497 4987 3631 5047 αὐτὸς

2056 5095 2258 5165 Κύριος
2310 5112 2324 5127 °
2460 5096 2552 5147 καὶ
2603 5093 2897 5164 διαιρέσεις
2933 5091 3345 5164 ἐνεργημάτων
3361 5087 3512 5146 εἰσιν,
3542 5080 3630 5133 ὀδὲ

2055 5187 2216 5250 αὐτὸς
2246 5187 2378 5251 Θεὸς
2401 5189 2430 5239 6
2455 5185 2690 5257 ἐνεργῶν
2730 5185 2798 5237 τά
2841 5185 3018 5237 πάντα
3049 5185 3104 5240 ὲν
3175 5183 3373 5236 πᾶσιν.
3402 5200 3419 5231 ι
3459 5180 3518 5231 Ἀ
3548 5172 3634 5244 γὰρ

2053 5280 2112 5332 τὸ
2143 5279 2366 5350 Πνεῦμα
2391 5278 2607 5349 ἑκάστῳ
2634 5278 2849 5349 διαιρεῖ,
2883 5277 3055 5331 ταῦτα
3107 5277 3274 5348 παρὰ
3306 5274 3402 5327 τοῦ
3451 5267 3632 5338 Πατρὸς

2052 5371 2140 5425 διὰ
2169 5371 2261 5426 τοῦ
2290 5371 2464 5440 Λόγου
2495 5373 2832 5442 χορηγεῖται.
2867 5371 3052 5431 Πάντα
3106 5369 3227 5441 γὰρ
3277 5367 3351 5421 τὰ
3405 5363 3496 5418 τοῦ
3543 5362 3635 5415 Πα-

2051 5444 2200 5534 τρδς,
2237 5463 2330 5516 τοῦ
2364 5463 2495 5518 rios
2533 5464 2671 5516 ἐστι·
2701 5463 2780 5516 διὸ
2815 5464 2908 5515 και
2961 5463 3029 5515 τὰ
3061 5463 3224 5534 παρὰ
3278 5462 3375 5518 τοῦ
3437 5456 3554 5512 Υῐοῦ
3591 5455 3634 5504 ἐν

2051 5557 2329 5627 Πνεύματι
2353 5555 2608 5627 διδόμενα
2634 5556 2729 5610 τοῦ
2772 5557 2986 5626 Πατρός
3006 5558 3120 5611 ἐστι
3173 5559 3520 5631 χαρίσματα.
3547 5544 3634 5603 Καὶ

2049 5647 2142 5702 τοῦ
2173 5648 2488 5718 Πνεύματος
2524 5648 2580 5703 δὲ
2606 5648 2759 5709 ὄντος
2790 5649 2847 5704 ὲν
2868 5650 3021 5718 ἡμῖν,
3053 5649 3149 5714 καὶ
3169 5651 3201 5701 6
3248 5652 3426 5721 Λόγος
3453 5651 3480 5703 ό
3506 5641 3634 5698 τοῦτο
