3920 6596
293 519 388 583 ’121

1226 513 1599 578 PANOPLIA
1643 515 2100 577 DOGMATICA.
2131 540 2198 552 —
2222 514 2368 578 TIT.
2407 512 2540 578 ΧΠ.

3430 509 3563 574 Ίεῖῖ-

292 632 466 698 διδούς
509 633 662 686 ἐστιν
717 631 776 686 ὲν
843 632 997 702 ἡμῖν,
1053 628 1148 684 καὶ
1200 629 1259 682 ὲν
1303 628 1382 701 τῷ
1436 630 1595 701 Λόγῳ
1649 629 1794 683 ἐστὶν
1836 630 1865 682 6

1990 634 2210 705 ipimus,
2236 633 2288 686 in
2324 631 2482 687 nobis
2504 632 2665 686 etiam
2693 638 2793 693 est,
2824 636 2878 683 et
2913 627 2965 682 in
2999 625 3178 682 Verbo
3204 632 3287 680 est
3316 639 3536 695 quoque

291 719 500 789 Πατήρο
533 718 626 771 καὶ⁵
658 715 832 780 οὕτως
857 716 973 770 ἐστὶ
1005 714 1087 781 τὸ,
1151 733 1171 766 ι
1224 715 1586 786 Ἐλευσόμεθα
1627 716 1738 786 ἐγὼ
1785 715 1882 770 καὶ

290 814 317 865 6
345 810 557 882 Πατὴρ,
592 810 684 864 καὶ
719 808 884 880 μονὴν
913 807 1042 880 παρ’
1069 805 1221 877 αύτῷ
1242 809 1594 880 ποιήσομεν,ι
1630 807 1883 878 καθάπερ

293 903 530 976 είρηται.
568 901 736 956 Ἔνθα
763 901 873 974 γὰρ
923 901 984 956 τὸ
1029 903 1166 972 φῶς,
1193 902 1310 954 ἐκεῖ
1335 902 1429 954 καὶ
1604 899 1666 954 τδ
1705 899 1883 955 ἀπαύ-

291 1011 499 1065 γασμαο
557 995 650 1047 καὶ
688 992 818 1046 ἔνθα
843 992 906 1045 τὸ
936 993 1299 1064 ἀπαύγασμα,
1341 993 1459 1044 ἐκεῖ
1506 991 1600 1045 καὶ
1633 993 1666 1061 ή
1691 989 1881 1044 τούτου

293 1085 546 1156 ἐνέργεια
580 1086 674 1140 καὶ
705 1083 991 1156 αύγοειδὴς
1018 1084 1200 1156 χάρις.
1253 1083 1366 1138 Kai.
1416 1083 1577 1137 τοῦτο
1614 1083 1774 1138 πάλιν
1801 1083 1882 1136 δι-

293 1178 512 1232 δάσκων
544 1181 573 1232 6
601 1177 814 1242 Παῦλος
844 1177 1082 1250 ἔγραφεν
1112 1173 1269 1242 αὖθις
1449 1176 1756 1248 Κορινθίοις
1792 1178 1884 1231 καὶ

293 1272 350 1324 ἐν
371 1275 438 1343 τῇ
461 1271 690 1343 δευτέρᾳ
714 1271 1004 1342 Ἐπιστολῇ
1050 1271 1245 1341 λέγων’
1284 1289 1304 1322 ι
1355 1271 1422 1324 Ἡ
1453 1273 1611 1343 χάρις
1648 1269 1742 1324 τοῦ
1769 1272 1886 1324 Κυ-

294 1365 415 1437 ρίου
446 1364 617 1436 ἡμῶν-
639 1363 813 1434 Ἰησοῦ
867 1362 1127 1436 Χριστοῦ,
1181 1363 1330 1435 καὶὴ
1370 1365 1557 1436 ἀγάπη
1603 1363 1698 1417 τοῦ
1725 1363 1882 1432 Θεοῦ,

293 1458 388 1510 καὶ
413 1459 447 1528 ἡ
479 1458 730 1511 κοινωνία
752 1456 846 1510 τοῦ
893 1457 1048 1526 ἁγίου
1093 1457 1436 1529 Πνεύματος,
1476 1455 1616 1528 μετὰ
1668 1457 1885 1512 πάντων

295 1550 506 1621 ὑμῶν.»
551 1550 616 1602 Ἦ
650 1549 758 1619 γὰρ
795 1549 1052 1621 διδομένη
1077 1549 1238 1621 χάρις
1269 1548 1365 1602 καὶ
1403 1547 1582 1617 δωρεὰ
1614 1549 1672 1601 ἐν
1695 1546 1886 1618 Τριάδι

292 1644 495 1698 δίδοται
529 1644 681 1715 παρὰ
705 1645 801 1698 τοῦ
828 1644 1041 1716 Πατρδς
1064 1645 1129 1698 δι’
1147 1643 1282 1699 Υίοῦ
1318 1645 1376 1697 ἐν
1406 1643 1686 1716 Πνεύματι
1719 1643 1882 1715 ἁγίῳ.

297 1738 512 1810 Ὥσπερ
542 1737 652 1810 γὰρ
675 1739 739 1790 ὲκ
765 1737 858 1790 τοῦ
905 1739 1117 1811 Πατρός
1175 1740 1292 1791 ὲστι
1332 1737 1400 1791 δι’
1436 1735 1565 1792 Υίοῦ
1745 1739 1778 1807 ἠ
1810 1737 1884 1791 δι-

294 1829 500 1900 δομένη
531 1828 712 1900 χάρις,
760 1827 933 1893 οὓτως
985 1829 1086 1883 οὐκ
1117 1829 1183 1884 ἂν
1227 1828 1437 1898 γένοιτο
1486 1827 1742 1882 κοινωνία
1789 1826 1887 1899 τῆς

1955 728 2134 789 Pater,
2159 735 2322 797 atque
2356 726 2430 779 ita
2463 725 2522 779 lit
2552 723 2735 778 istud:
2775 741 2792 773 ι
2814 720 3111 777 Veniemus
3138 734 3239 789 ego
3276 725 3329 772 et
3354 715 3534 776 Pater,

1957 827 2008 874 et
2043 818 2380 873 mansionem
2412 815 2555 885 apud
2597 829 2722 868 eum
2767 812 3032 869 faciemus
3069 823 3116 878 ι,
3147 831 3165 863 ι
3212 810 3289 865 ιιιί
3316 809 3429 878 jam
3455 809 3540 859 di-

1956 921 2103 966 ctum
2135 918 2235 965 est.
2269 907 2370 964 Ubi
2400 909 2545 964 enim
2584 908 2674 962 lux
2703 907 2938 967 est,illic
2960 915 3012 960 et
3037 905 3296 974 splendor
3318 917 3539 974 quoque

1956 1013 2078 1058 est:
2113 1003 2201 1058 ubi
2231 1003 2358 1056 item
2395 1001 2651 1071 splendor
2685 1009 2788 1064 est,
2821 1000 2892 1053 ibi
2930 999 3183 1054 similiter
3203 1007 3255 1052 et
3280 997 3399 1067 ejus
3426 996 3537 1048 om:

1957 1094 2156 1150 cientia
2184 1103 2236 1148 et
2263 1092 2541 1163 splendida
2571 1101 2653 1146 est
2684 1089 2877 1160 gratia.
2907 1089 3062 1156 Quod
3094 1089 3234 1143 idem
3260 1087 3463 1142 Paulus
3483 1085 3540 1139 in

1958 1183 2198 1242 secunda
2228 1182 2468 1254 Epistula
2511 1182 2578 1237 ad
2608 1179 2926 1236 Corinthios
2983 1179 3068 1234 his
3119 1178 3296 1234 verbis
3344 1177 3536 1232 docet:

1964 1295 1986 1329 ι
2004 1276 2190 1334 Gratia
2208 1274 2423 1330 Domini
2442 1273 2614 1330 nostri
2631 1273 2761 1329 Jesu
2782 1271 3006 1336 Christi,
3025 1280 3077 1326 et
3095 1270 3336 1326 charitas
3355 1269 3469 1336 Dei,
3487 1278 3544 1324 et

1961 1367 2388 1437 communicatio
2421 1365 2593 1422 sancti
2628 1364 2864 1436 Spiritus
2892 1365 2963 1420 sit
3000 1378 3123 1418 cum
3157 1362 3414 1418 omnibus
3446 1356 3541 1415 v03-

1962 1461 2046 1518 bis
2087 1463 2130 1515 ².
2166 1479 2184 1512 ι
2210 1458 2395 1514 Gratia
2606 1457 2750 1512 enim
2779 1466 2830 1512 et
2856 1457 3058 1510 donum
3093 1455 3238 1526 quod
3269 1455 3324 1508 in
3358 1453 3541 1508 Trini-

1962 1561 2072 1608 tate
2100 1552 2280 1615 datur,
2315 1551 2474 1605 datur
2504 1566 2534 1604 a
2561 1549 2723 1604 Patre
2750 1565 2844 1618 per
2875 1547 3074 1602 Filium
3104 1548 3154 1602 in
3187 1546 3394 1617 Spiritu
3423 1561 3549 1602 san-

1962 1655 2071 1702 cto.
2107 1646 2245 1700 Nam
2273 1642 2733 1713 quemadmodum
2765 1659 2831 1697 ex
2857 1640 3019 1696 Patre
3043 1657 3138 1711 per
3165 1639 3363 1694 Filium
3384 1641 3546 1695 datur

1965 1739 2160 1811 gratia,
2189 1738 2263 1792 ita
2299 1738 2351 1791 in
2390 1737 2549 1792 nobis
2575 1736 2691 1791 ﬁeri
2720 1750 2826 1790 non
2859 1742 3040 1805 potest
3073 1733 3202 1788 doni
3231 1732 3544 1787 communi-

1965 1833 2108 1888 catio
2137 1833 2240 1888 nisi
2267 1833 2318 1886 in
2349 1830 2554 1901 Spiritu
2580 1839 2788 1886 sancto.
2821 1828 2997 1899 Hujus
3026 1827 3294 1898 siquidem
3323 1824 3545 1896 partici-

295 1921 503 1984 δόσεως
535 1921 594 1972 ἑν
626 1922 778 1992 ἡμῖν,
827 1922 876 1973 εί
935 1921 1009 1991 μὴ
1067 1921 1123 1974 ὲν
1165 1919 1244 1991 τῷ
1272 1917 1549 1990 Πνεύματι
1601 1917 1677 1990 τῷ
1726 1917 1884 1989 ἁγίῳ.

1989 1943 2060 1983 res
2092 1924 2482 1993 eth-eti,Patris
2514 1924 2858 1990 charitatem,
2884 1922 3005 1976 Filii
3040 1922 3269 1994 gratiam
3295 1929 3347 1975 ct
3373 1919 3550 1990 ipsius

297 2012 505 2065 Τούτου
566 2011 676 2083 γὰρ
727 2012 1066 2086 μετέχοντες,
1121 2011 1316 2084 ἔχομεν
1371 2010 1464 2066 τοῦ
1521 2011 1735 2083 Πατρὺς
1788 2009 1886 2080 τὴν

297 2103 548 2174 ἀγάπην,
600 2103 823 2156 καὶτοῦ
879 2103 1010 2158 Υίοῦ
1059 2104 1158 2177 τὴν
1214 2104 1397 2177 χάριν,
1455 2103 1548 2157 καὶ
1599 2102 1762 2157 αὑτοῦ
1791 2100 1887 2156 τοῦ

297 2195 617 2267 Ππύματος
648 2194 746 2267 τὴν
784 2196 1086 2251 κοινωνίαν.

495 2288 608 2342 Μία
640 2290 748 2361 ἄρα
786 2291 879 2344 καὶ
912 2291 975 2343 ὲκ
1004 2289 1208 2344 τούτων
1251 2293 1284 2362 ἠ
1331 2293 1430 2363 τῆς
1462 2290 1693 2362 Τριάδος
1739 2289 1887 2361 ἐνέρ-

296 2397 430 2448 γεια
449 2379 742 2436 δείκνυται.
774 2382 849 2435 Οὐ
876 2381 985 2454 γὰρ
1009 2382 1084 2446 ὡς
1111 2383 1242 2455 παρ’
1273 2383 1502 2437 ἑκάστου
1529 2382 1763 2453 διάφορα
1793 2380 1886 2436 καὶ

297 2471 611 2543 διῃρημένα
639 2473 706 2526 τὰ
736 2473 988 2545 διδόμενα
1019 2475 1276 2546 σημαίνει
1302 2476 1330 2527 ό
1385 2475 1705 2538 ’Λπόστολος
1726 2492 1739 2504 ·
1771 2474 1881 2528 ἀλλ’

286 2567 372 2619 ὅτι
403 2561 475 2615 τὰ
493 2560 744 2630 διδόμενα
909 2561 965 2612 ὲν
989 2558 1182 2630 Τριάδι
1207 2558 1429 2623 δίδοται,
1464 2560 1559 2612 καὶ
1593 2559 1662 2612 τὰ
1703 2558 1881 2612 πάντα

290 2653 362 2720 ἐξ
385 2652 506 2715 ἐνὸς
527 2650 660 2704 Θεοῦ
691 2654 826 2704 ὲστι.
859 2650 933 2704 Τὸ
954 2650 1132 2704 τοίνυν
1157 2650 1230 2722 μὴ
1260 2650 1320 2704 ὃν
1343 2650 1571 2722 κτίσμα,
1609 2651 1724 2704 ἀλλ’
1746 2654 1888 2723 ἡνω-

295 2747 463 2818 μένον
490 2744 568 2816 τῷ
603 2743 734 2816 Υἱῷ,
768 2744 843 2808 ὡς
868 2745 897 2797 ὁ
927 2744 1053 2808 Υἱὸς
1091 2744 1300 2815 ἥνωται
1335 2743 1414 2815 τῷ
1443 2745 1639 2815 Πατρὶ,
1671 2743 1732 2797 τὸ
1761 2761 1886 2796 συν-

291 2838 653 2908 δοξαζόμενον
687 2838 863 2909 Πατρὶ
889 2837 986 2889 καὶ
1018 2837 1153 2908 Υίῷ,
1173 2839 1266 2890 καὶ
1291 2835 1543 2905 θεολογού
1553 2853 1712 2907 μενον
1753 2837 1890 2906 μετὰ

291 2929 392 2983 τοῦ
427 2930 620 3000 Λόγου,
651 2930 903 3001 ἐνεργοῦν
926 2947 984 2982 τε
1011 2930 1155 3002 ἅπερ
1196 2931 1224 2983 6
1259 2931 1447 3004 Πατὴρ
1489 2928 1577 2982 διὰ
1631 2928 1726 2982 τοῦ
1757 2927 1888 2981 Υἱοῦ

294 3020 618 3092 ἐργάζεται,
644 3021 759 3084 πῶς
790 3022 819 3072 6
847 3021 1023 3092 λέγων
1045 3023 1252 3093 κτίσμα
1280 3023 1380 3076 ούκ
1403 3021 1663 3093 ἄντικρυς
1695 3021 1772 3084 εἰς
1795 3021 1892 3073 αὺ-

293 3113 392 3166 τὸν
425 3113 519 3166 τὸν
549 3113 676 3166 Υἱὸν
705 3114 926 3180 (hostici;
951 3114 1121 3168 Οὐδὲν
1152 3113 1263 3186 γάρ
1310 3115 1458 3168 ἐστιν
1491 3114 1520 3168 ὃ
1566 3114 1640 3186 μὴ
1669 3113 1757 3167 διὰ
1797 3110 1890 3166 τοῦ

295 3206 479 3273 Λόγου
511 3205 567 3258 ὲν
587 3204 664 3276 τῷ
688 3205 968 3278 Πνεύματι
993 3206 1205 3274 γίνεται
1232 3207 1326 3260 καὶ
1359 3207 1686 3279 ἐνεργεῖται.
1721 3205 1893 3258 Τοῦτο

1968 2019 2205 2090 Spiritus
2236 2016 2786 2073 communicationem
2820 2016 3104 2070 habemus.

2166 2282 2242 2338 Ex
2272 2283 2358 2340 his
2413 2282 2579 2354 igitur
2619 2299 2725 2338 una
2774 2283 3060 2338 Trinitatis
3090 2284 3373 2338 elﬁcientia
3427 2297 3548 2337 esse

1970 2379 2293 2435 ostenditur.
2319 2375 2430 2433 Nec
2459 2379 2601 2432 enim
2636 2378 2846 2432 diversa
2876 2387 2930 2433 et
2949 2377 3121 2432 divisa
3153 2376 3266 2452 dari
3301 2392 3329 2431 ιι
3361 2376 3552 2445 singu-

1970 2473 2040 2529 lis
2062 2473 2333 2545 signiiicat
2357 2471 2674 2542 Apostolus,
2707 2471 2799 2528 sed
2832 2487 2894 2526 ea
2917 2487 3038 2541 quae
3059 2473 3277 2534 dantur,
3332 2470 3386 2525 in
3427 2468 3550 2524 Tri—

1986 2560 2154 2616 nitate
2187 2564 2326 2628 dari,
2367 2565 2660 2634 omniaque
2697 2581 2764 2620 ex
2802 2581 2911 2618 uno
2944 2564 3052 2617 Deo
3086 2578 3226 2617 esse.
3269 2560 3361 2615 Ille
3409 2562 3572 2632 igitur

1987 2657 2191 2726 quires
2219 2666 2404 2712 creata
2456 2671 2564 2712 non
2616 2667 2719 2720 est,
2755 2657 2847 2711 sed
2881 2672 3005 2711 eum
3059 2655 3196 2708 Filio
3252 2669 3358 2707 non
3413 2668 3573 2707 secus

1988 2751 2313 2820 conjunctus
2348 2760 2450 2813 est,
2481 2765 2546 2804 ac
2577 2749 2692 2820 ipse
2721 2749 2892 2803 Filius
2927 2764 3050 2802 cum
3094 2747 3250 2802 Patre
3277 2766 3288 2801 :
3317 2747 3410 2817 qui
3441 2747 3572 2802 item

1989 2860 2112 2898 cum
2148 2843 2305 2898 Patre
2336 2852 2389 2897 et
2417 2842 2556 2897 Filio
2577 2843 2913 2906 honoratur,
2947 2850 3000 2895 ct
3029 2856 3153 2896 eum
3201 2838 3380 2895 Verbo
3430 2837 3572 2893 Deus

1991 2936 2324 3005 agnoscitur,
2382 2950 2593 2990 necnon
2623 2930 2834 3003 ca‘ipsa
2863 2935 2975 3003 agit
3007 2948 3129 3002 quae
3180 2946 3277 3001 per
3329 2929 3569 2984 Verbum

1990 3025 2150 3081 Pater
2173 3026 2372 3093 eﬂicit;
2407 3027 2498 3095 qui
2528 3042 2614 3080 res
2650 3033 2835 3080 creata
2860 3023 2967 3079 dici
3003 3025 3199 3094 possit,
3230 3023 3336 3078 uisi
3381 3023 3451 3077 ab
3503 3037 3571 3077 eo

1990 3120 2149 3192 plane
2180 3121 2350 3191 quiin
2383 3120 2582 3176 Filium
2615 3120 2792 3190 ipsum
2820 3117 3020 3188 impius
3053 3116 3260 3172 fuerit?
3290 3115 3574 3186 Siquidem

1993 3213 2127 3267 nihil
2157 3229 2383 3283 prorsus
2412 3222 2514 3279 est,
2548 3213 2688 3281 quod
2719 3227 2824 3266 non
2857 3226 2952 3281 per
2977 3209 3220 3264 Verbum
3252 3209 3344 3264 ﬁat
3367 3219 3419 3264 et
3446 3225 3575 3278 aga-

296 3297 401 3350 καὶ
425 3297 482 3350 ὲν
507 3298 761 3369 Ψαλμοῖς
791 3299 976 3370 ᾅδεται
1001 3315 1014 3329 ο
1043 3317 1062 3350 ι
1092 3297 1183 3370 Τῷ
1222 3298 1380 3370 Λόγῳ
1413 3298 1617 3369 Κυρίου
1647 3300 1696 3350 οἱ
1732 3299 1892 3370 ούρα-

1994 3317 2080 3362 tur
2105 3305 2158 3360 in
2195 3305 2450 3376 Spiritu:
2499 3305 2961 3374 quemadmodum
3013 3303 3176 3358 etiam
3234 3304 3286 3356 in
3344 3302 3589 3356 Psalmis,

296 3386 385 3439 voi.
429 3384 862 3457 ἐστερεώθησαν,
910 3387 1004 3440 καὶ
1051 3385 1128 3457 τῷ
1161 3385 1443 3458 Πνεύματι
1489 3386 1582 3440 τοῦ
1629 3387 1894 3457 στόματος

297 3475 472 3531 αὐτοῦ
521 3479 724 3550 πᾶσαή
757 3477 985 3550 δύναμις
1006 3477 1215 3534 αὐτῶνθ
1251 3498 1269 3532 ι
1299 3480 1397 3534 καὶ
1430 3481 1488 3532 ὲν
1516 3478 1595 3550 τῷ
1620 3477 1894 3549 ἑκατοστῷ

297 3567 726 3639 τεσσαρακοστῷ
756 3568 969 3640 ἑϐδόμῳ
987 3568 1213 3640 ψαλμῷ·
1247 3589 1266 3622 ι
1302 3569 1619 3624 Ἀποστελεῖ
1804 3568 1896 3622 τὸν

297 3660 479 3728 Λόγον
524 3659 686 3713 αὐτοῦ
715 3701 730 3725 ,
775 3659 870 3714 καλ⁸
897 3660 1049 3732 τήξει
1087 3662 1260 3716 αὐτά·
1307 3661 1530 3715 πνεύσει
1563 3661 1624 3714 τὸ
1671 3661 1900 3733 Πνεῦμα

299 3749 622 3814 αύτοῦμιαὶ
658 3752 917 3822 ῥυήσεται
956 3752 1143 3807 ὕδατα.
1185 3773 1202 3804 ι
1239 3754 1348 3807 Καὶ
1388 3752 1788 3824 ὲδικαιιὶιθημεν
1816 3753 1893 3819 δὲ,

299 3842 383 3904 ὡς
416 3837 567 3895 εἶπεν
597 3842 627 3894 6
664 3842 1013 3906 Ἀπόστολος,
1057 3864 1076 3895 ι
1111 3846 1168 3897 ὲν
1194 3843 1271 3915 τῷ
1300 3845 1522 3916 ὀνόματι
1563 3844 1657 3898 τοῦ
1692 3845 1894 3917 Κυρίου

301 3931 468 4003 ἡμῶν
506 3933 678 4004 Ἰησοῦ
712 3933 972 4006 Χριστοῦ,
1008 3935 1102 3988 καὶ
1132 3937 1188 3990 ὲν
1220 3935 1300 4006 τῷ
1333 3935 1610 4008 Πνεύματι
1643 3935 1738 3990 τοῦ
1759 3935 1895 3990 Θεοῦ

301 4021 490 4094 ἡμῶν.
536 4041 554 4074 ι
596 4024 924 4096 ’Λδιαίρετον
946 4027 1053 4097 γάρ
1077 4029 1194 4080 ἐστι
1225 4026 1319 4080 τοῦ
1344 4027 1518 4097 Λόγου
1551 4029 1612 4083 τὸ
1649 4031 1892 4102 Πνεῦμα.

315 4116 540 4186 Ἀμέλει
585 4117 834 4186 λέγοντος
887 4119 982 4173 τοῦ
1022 4121 1228 4193 Κυρίου
1277 4155 1293 4182 ,
1464 4142 1480 4174 ι
1534 4125 1899 4196 Ἐλευσόμεθα

303 4205 424 4276 ἐγὼ
451 4208 543 4261 καὶ
583 4210 612 4262 6
647 4209 835 4281 Πατὴρ
864 4253 878 4277 ,
919 4230 936 4262 ι
973 4213 1379 4285 συνεισέρχεται
1423 4214 1483 4269 τὸ
1525 4216 1749 4286 Πνεῦμα
1800 4216 1900 4270 οὐκ

302 4301 489 4366 ἄλλως
511 4301 544 4373 ἢ
577 4302 653 4366 ὡς
673 4305 702 4356 6
731 4303 860 4375 Υἱὸς
1045 4305 1102 4358 ὲν
1135 4307 1267 4376 ἡμῖν
1299 4309 1535 4379 οἰκήσων
1556 4347 1570 4371 ,
1597 4308 1902 4379 γράφοντος

319 4394 595 4464 Ἐφεσίοις
640 4395 733 4449 τοῦ
766 4397 1018 4451 Παύλουο
1066 4416 1085 4450 ‹
1129 4397 1245 4453 Ἵνα
1271 4399 1380 4471 δῴη
1442 4401 1568 4471 ὑμῖν
1615 4400 1758 4454 κατὰ
1812 4402 1902 4455 τὸν

308 4485 548 4540 πλοῦτον
565 4488 662 4558 τῆς
697 4487 854 4559 δόξης
887 4488 1073 4553 αὐτοῦ,
1096 4489 1324 4561 δυνάμει
1363 4491 1770 4564 κραταιωθῆναι
1816 4493 1904 4546 διά

308 4579 410 4634 τοῦ
445 4579 760 4650 Πνεύματος
781 4580 947 4635 αὐτοῦ
986 4582 1068 4646 εἰς
1104 4582 1194 4637 τὸν
1229 4582 1338 4636 ἔσω
1380 4584 1686 4655 ἄνθρωπον,
1722 4602 1905 4638 κατοι-

312 4677 486 4746 κῆσαι
519 4674 609 4728 τὸν
630 4674 886 4746 Χριστόν.
918 4693 937 4726 ι
971 4673 1079 4728 Τοῦ
1112 4674 1170 4727 δὲ
1189 4675 1318 4728 Υίοῦ
1350 4677 1408 4729 ὲν
1441 4677 1576 4746 ἡμῖν
1607 4675 1778 4738 ὄντος,
1825 4676 1905 4728 ἔτι
1932 4661 1975 4716 ί)

315 4768 416 4822 καὶ
445 4769 474 4820 ὁ
501 4767 712 4838 Πατὴρ,
734 4766 983 4836 λέγοντος
1017 4766 1110 4820 τοῦ
1143 4766 1274 4820 Υίοῦ
1296 4783 1310 4799 ο
1355 4787 1373 4819 ι
1429 4766 1570 4837 Ἐγὼ
1595 4770 1653 4821 έν
1687 4767 1764 4838 τῷ
1791 4769 1906 4822 Πα-

313 4860 431 4931 τρὶ,
467 4859 562 4912 καὶ
591 4860 620 4911 6
644 4858 831 4931 Πατὴρ
864 4859 920 4911 ἐν
953 4859 1096 4928 ἐμοί.
1139 4877 1157 4910 ι
1189 4858 1283 4912 Διὸ
1318 4859 1445 4923 καὶ,
1499 4859 1784 4930 γινομένου
1813 4858 1907 4913 τοῦ

315 4951 496 5020 Λόγου
528 4952 585 5004 ὲν
611 4952 724 5014 τοῖς
746 4951 1070 5022 προφήταις,
1103 4951 1161 5004 ἐν
1202 4950 1351 5022 αὐτῷ
1389 4950 1467 5022 τῷ
1507 4950 1787 5022 Πνεύματι
1828 4951 1910 5022 τῷ

317 5043 466 5113 ἁγίῳ
527 5041 951 5113 προφητεύουσι.
1005 5043 1116 5113 Τῆς
1177 5043 1308 5111 γοῦν
1345 5041 1568 5114 Γραφῆς
1611 5042 1908 5116 λεγούσης,

325 5155 346 5188 ‹
395 5136 507 5190 Καὶ
686 5133 904 5201 ἐγένετο
938 5132 1109 5203 Λόγος
1140 5133 1348 5205 Κυρίου
1390 5153 1408 5186 ι
1450 5134 1586 5206 πρὸς
1621 5135 1771 5189 τόνδε
1822 5135 1912 5189 τὸν

322 5229 634 5302 προφήτην,
661 5225 930 5279 δείκνυται
961 5224 1320 5298 προφητεύων
1352 5226 1412 5278 ὲν
1439 5225 1514 5296 τῷ
1532 5225 1810 5297 Πνεύματι
1833 5225 1913 5299 τῷ

323 5320 489 5390 ἁγίῳ.
530 5315 626 5371 Ἓν
673 5317 770 5388 μὲν
822 5315 931 5389 γὰρ
1139 5315 1216 5388 τῷ
1264 5317 1510 5389 Ζαχαρία
1565 5319 1909 5391 γέγραπται·

330 5431 350 5463 ι
389 5412 536 5481 Πλὴν
563 5411 687 5473 τοὺς
718 5409 910 5478 λόγους
941 5427 1041 5480 μου
1068 5409 1164 5462 καὶ
1200 5408 1268 5463 τὰ
1295 5410 1503 5481 νόμιμά
1541 5427 1642 5480 μου
1671 5409 1911 5481 δέχεσθε,

325 5505 425 5556 ὅσα
449 5499 559 5570 ἐγὼ
582 5499 894 5570 ἐντέλλομαι
913 5499 971 5552 ὲν
993 5499 1272 5570 Πνεύματί
1293 5517 1395 5571 μου
1424 5502 1539 5564 τοῖς
1576 5499 1782 5566 δούλοις
1813 5519 1913 5574 μου

327 5598 441 5658 τοῖς
475 5593 810 5665 προφήταις⁹
847 5610 864 5643 ι
901 5593 988 5646 ὅτε
1012 5591 1107 5644 καὶ
1139 5593 1256 5662 μετ’
1284 5592 1442 5661 ὀλίγα
1467 5593 1787 5665 αἰτιώμενος
1823 5593 1917 5649 τὸν

330 5685 462 5740 λαὸν
495 5687 650 5756 ἔλεγε
671 5702 682 5714 ·
710 5705 727 5737 ι
754 5685 864 5739 Καὶ
890 5685 991 5756 τὴν
1025 5686 1252 5757 καρδίαν
1276 5685 1456 5752 αύτῶν
1475 5686 1667 5754 ἔταξαν
1690 5687 1915 5760 ἀπειθῆ,

1994 3400 2213 3454 canitur
2243 3418 2255 3454 :
2295 3418 2313 3450 ι
2348 3397 2527 3454 Verbo
2560 3397 2774 3452 Domini
2808 3398 2931 3454 εωΙί
2961 3396 3163 3453 ﬁrmati
3193 3404 3344 3462 sunt,
3372 3406 3424 3449 ct
3448 3393 3574 3465 Spi—

1995 3492 2101 3545 ritu
2116 3491 2228 3547 oris
2241 3491 2549 3560 ejusomnis
2566 3491 2736 3546 virtus
2763 3505 2954 3545 eorum
2995 3495 3048 3557 ³;
3073 3510 3090 3542 ι
3117 3499 3172 3544 et
3198 3488 3249 3541 in
3279 3489 3578 3542 centesimo

1996 3582 2416 3653 quadragesimo
2441 3583 2675 3652 septimo
2704 3584 2916 3652 psalmo
2951 3604 2962 3635 :
3013 3600 3032 3634 ι
3074 3581 3296 3635 Emittet
3341 3579 3576 3634 Verbum

1997 3692 2182 3744 suum,
2214 3684 2271 3731 et
2299 3676 2608 3746 liquefaciet
2631 3691 2691 3729 ea
2713 3692 2728 3742 ;
2748 3673 3152 3744 ﬂabitSpirilus
3173 3671 3314 3740 ejus,
3345 3681 3397 3725 et
3415 3670 3582 3724 (luent

1998 3784 2154 3837 aqua:
2202 3771 2247 3825 ‘.
2289 3786 2308 3820 ι
2341 3767 2427 3830 Ει,
2477 3776 2535 3821 ιιι
2564 3769 2642 3822 ait
2673 3767 2988 3836 Apostolus,
3021 3785 3039 3816 ‹
3079 3764 3364 3834 justiﬁcali
3391 3779 3581 3818 sumus

2000 3862 2053 3915 in
2098 3859 2318 3914 nomine
2363 3858 2580 3914 Domini
2629 3858 2803 3912 nostri
2862 3855 2992 3912 Iesu
3040 3855 3247 3911 Christi
3290 3863 3344 3910 et
3377 3854 3431 3908 in
3469 3852 3582 3923 Spi-

2001 3953 2108 4008 ritu
2137 3951 2231 4006 Dei
2263 3950 2436 4006 nostri
2488 3951 2528 4005 ⁵.
2576 3970 2593 4002 ι
2622 3949 2872 4020 Namque
2920 3947 3159 4018 Spiritus
3190 3962 3220 4001 a
3262 3945 3439 4000 Verbo
3495 3961 3584 3998 ne.

2001 4045 2120 4115 quit
2146 4043 2332 4100 dividi.
2356 4041 2612 4098 Profecto
2645 4057 2770 4096 cum
2798 4039 3053 4096 Christus
3083 4039 3182 4101 ait,
3229 4058 3246 4090 ι
3285 4035 3586 4091 Veniemus

2001 4153 2102 4209 ego
2128 4145 2181 4192 et
2201 4135 2361 4191 Pater
2419 4139 2465 4202 ⁸,
2515 4153 2533 4188 ι
2578 4151 2688 4189 una
2729 4148 2949 4204 quoque
2983 4132 3148 4186 intrat
3198 4129 3436 4202 Spiritus
3477 4143 3585 4181 non

2001 4227 2110 4281 alio
2159 4226 2323 4280 modo
2376 4241 2541 4296 quam
2592 4224 2765 4280 Filius
2832 4223 2889 4279 in
2940 4223 3098 4278 nobis
3130 4221 3493 4286 habitaturus,
3528 4227 3587 4274 ut

2003 4317 2204 4374 Paulus
2236 4319 2303 4374 ad
2343 4317 2612 4389 Ephesios
2653 4316 2888 4373 scribit:
2921 4334 2938 4367 ι
2985 4315 3054 4371 Ut
3081 4315 3170 4370 det
3203 4315 3361 4370 vobis
3397 4329 3588 4370 secun-

2003 4407 2133 4462 dum
2164 4407 2387 4463 divitias
2439 4407 2626 4477 gloria:
2673 4421 2807 4470 suae,
2858 4405 3061 4460 virtute
3111 4403 3460 4459 corroborari
3491 4418 3589 4473 per

2007 4493 2270 4565 Spiritum
2302 4495 2424 4565 ejus
2452 4496 2506 4549 in
2554 4495 2872 4550 interiorem
2930 4494 3204 4550 hominem
3235 4535 3251 4560 ,
3304 4493 3587 4548 Christum

2006 4585 2253 4640 habitare
2299 4586 2339 4640 ".
2380 4604 2399 4637 ι
2432 4585 2606 4639 Porro
2634 4599 2759 4640 cum
2786 4582 2960 4639 Filius
2989 4583 3044 4636 in
3075 4581 3237 4638 nobis
3291 4591 3395 4645 est,
3428 4582 3590 4637 Pater

2007 4693 2228 4747 quoque
2259 4677 2426 4732 simul
2450 4675 2827 4742 est,utFilius
2858 4675 2975 4745 ipse
2997 4673 3074 4728 ita
3107 4681 3383 4728 testatur:
3423 4691 3442 4723 ι
3475 4671 3591 4741 Ego

2009 4769 2064 4824 in
2101 4769 2279 4834 Patre,
2307 4778 2362 4824 et
2386 4768 2544 4824 Pater
2572 4767 2627 4822 in
2653 4783 2740 4825 me
2786 4773 2833 4820 ³.
2871 4785 2891 4821 ι
2926 4765 3065 4821 Hinc
3090 4780 3215 4821 cum
3259 4763 3498 4819 Verbum
3536 4763 3592 4817 in

2009 4862 2290 4933 prophetis
2320 4860 2495 4926 adest,
2549 4861 2625 4914 illi
2659 4861 2712 4914 in
2744 4860 2866 4931 ipso
2919 4857 3128 4930 Spiritu
3171 4864 3366 4913 sancto
3401 4856 3593 4911 vatici-

2010 4964 2235 5008 nantur.
2269 4951 2426 5009 Unde
2451 4967 2575 5008 cum
2613 4951 2900 5024 Scriptura
2952 4951 3103 5016 dicit,
3136 4969 3155 5003 ι
3196 4949 3262 5005 Ει
3288 4949 3488 5005 factum
3513 4957 3596 5004 est

2019 5045 2249 5101 Verbum
2275 5063 2292 5098 ι
2315 5047 2380 5101 ad
2407 5047 2567 5102 talem
2597 5046 2941 5117 prophetam,
2975 5044 3130 5099 illum
3155 5043 3208 5097 in
3236 5042 3442 5113 Spiritu
3468 5057 3596 5097 san-

2014 5149 2104 5197 cto
2137 5139 2426 5194 vaticinari
2455 5139 2747 5211 signiticet.
2791 5139 2927 5194 Nam
2957 5139 3009 5194 in
3036 5137 3298 5193 Zacharia
3329 5137 3593 5206 scriptum
3654 5123 3658 5134 ’

2013 5239 2139 5287 est:
2182 5249 2200 5282 ι
2243 5229 2630 5286 Verumtamen
2663 5231 2825 5286 verba
2861 5247 2978 5285 mea
3010 5237 3065 5283 et
3087 5227 3325 5300 legitima
3362 5241 3480 5280 mea
3505 5240 3598 5279 su-

2014 5324 2224 5394 scipite,
2253 5339 2375 5392 qua:
2401 5337 2501 5394 ego
2532 5323 2735 5378 mando
2762 5324 2816 5377 in
2857 5321 3066 5392 Spiritu
3099 5333 3220 5374 meo
3251 5318 3426 5373 servis
3452 5317 3591 5372 meis

2015 5415 2299 5486 prophetis
2328 5415 2349 5445 ⁹
2383 5457 2396 5470 .
2435 5434 2454 5467 ι
2496 5414 2668 5469 Paulo
2693 5423 2817 5485 post
2848 5413 3012 5467 etiam
3049 5409 3311 5481 populum
3348 5409 3436 5465 his
3469 5423 3594 5463 ver—

2014 5507 2098 5564 his
2125 5508 2380 5578 objurgat
2410 5526 2423 5562 :
2454 5525 2472 5558 ι
2497 5506 2563 5562 Et
2590 5523 2686 5562 cor
2716 5520 2878 5560 suum
2903 5503 3240 5559 obstinatum
3265 5507 3597 5566 statuerunt,

2015 5615 2084 5656 ue
2112 5601 2364 5656 audirent
2397 5601 2568 5670 legem
2604 5613 2805 5660 meam.
2829 5605 2884 5652 ct
2929 5597 3095 5650 verba
3131 5609 3255 5666 quae
3291 5593 3446 5649 misit
3499 5591 3604 5646 Do.-

2015 5692 2200 5748 minus
2229 5691 2577 5761 omnipotens
2608 5689 2665 5745 in
2719 5687 2927 5760 Spiritu
2966 5701 3069 5743 suo
3095 5686 3149 5741 in
3187 5686 3446 5742 manibus
3472 5699 3608 5755 pro-

420 5853 431 5880 ¹
473 5850 626 5904 Joan.
665 5849 890 5914 xiv,25.
969 5848 989 5880 '
1021 5847 1062 5900 ιι
1089 5848 1216 5904 Cor.
1261 5863 1379 5912 xm,
1422 5849 1504 5903 l3.
1585 5848 1604 5878 ³
1649 5848 1786 5902 l'sal.
1819 5863 1990 5913 “xu,
2023 5849 2056 5903 6
2156 5847 2174 5877 ‘
2207 5846 2350 5904 Psal.
2393 5859 2592 5912 cnvn,
2644 5846 2727 5904 18.
2804 5847 2824 5878 ⁵
2859 5848 2877 5901 1
2919 5849 3044 5904 Cur.
3089 5865 3162 5913 τι,
3217 5847 3302 5903 il.
3380 5849 3400 5880 ⁶
3431 5846 3589 5904 Joan.

346 5936 458 5988 XIV,
491 5921 580 5976 εὖ.

659 5920 679 5952 ⁷
708 5918 907 5990 Ephes.
939 5933 993 5982 ν,
1038 5917 1120 5972 16.
1201 5917 1221 5950 ⁸
1256 5918 1411 5973 Joau.
1451 5933 1556 5985 HV,
1595 5918 1677 5972 10.
1755 5920 1774 5950 ’
1798 5917 1960 5973 Zach.
1990 5935 2028 5985 ι,
2061 5923 2112 5973 b‘.
