3768 6592
348 503 450 565 73

1556 496 1938 567 EUTHYMII
1983 498 2344 562 ZiGABE‘NI
3432 517 3513 580 πελ,

350 619 632 683 phetarum
664 616 784 686 eius
834 616 1103 686 priorum.
1144 636 1161 669 ι
1238 617 1435 675 Petrus
1485 620 1614 675 item
1646 619 1699 673 in
1754 618 1902 671 Actis

2022 613 2101 666 rei}
2136 617 2209 685 μὴ
2247 618 2553 672 εἰσακούειν
2574 618 2699 681 τοὺς
2730 618 2929 687 νόμους
2959 635 3059 688 μου
3090 620 3176 673 καὶ
3206 624 3317 687 τοὺς
3339 623 3511 695 λόγους,

348 703 419 754 ita
448 703 716 770 loquitur:
759 721 776 753 ι
822 701 929 757 Viri
964 703 1183 769 fratres,
1205 707 1491 773 oportebat
1526 705 1737 774 impleri
1768 704 1913 759 Scri-

348 796 560 852 pturam
594 800 755 855 quam
782 788 1030 854 ιιιαξάιιιὶι
1058 787 1295 857 Spiritus
1344 799 1569 845 sanctus
1606 791 1643 844 ⁸.
1679 804 1697 840 ι
1724 789 1793 842 At
1816 789 1914 841 ab-

346 870 525 924 surda:
553 869 903 939 Tropicorum
940 870 1133 927 fabula:
1152 889 1180 927 a
1211 872 1509 943 Scripturis
1530 875 1685 929 valde
1703 875 1913 927 dissen-

349 955 513 1014 tiunt,
571 955 1030 1025 consentiuntque
1090 958 1315 1013 omnino
1386 972 1509 1013 cum
1584 959 1910 1013 Arianorum

353 1036 540 1091 haeresi
573 1054 586 1090 :
616 1039 757 1093 unde
784 1041 1082 1096 verisimile
1104 1042 1177 1096 sit
1211 1042 1333 1095 illos
1375 1058 1480 1096 non
1504 1043 1607 1096 alia
1636 1043 1702 1097 de
1747 1058 1912 1097 causa

351 1119 421 1172 ita
455 1120 822 1188 dissimulare,
857 1126 960 1179 nisi
990 1116 1098 1196 quo
1132 1126 1342 1181 facilius
1388 1128 1665 1197 simplices
1699 1129 1915 1195 decipe-

349 1214 484 1259 rent.
510 1204 612 1261 Sed
637 1213 823 1278 gratiae
852 1212 1081 1267 Domino
1104 1213 1386 1278 habendze,
1407 1213 1576 1283 quod,
1609 1223 1668 1266 ut
1694 1214 1911 1279 scribis,

347 1284 529 1341 ﬁctam
570 1304 725 1345 suam
785 1308 910 1347 cum
946 1295 1165 1350 Ariauis
1212 1297 1614 1351 contentionem
1659 1302 1914 1367 obtegere

349 1385 457 1424 non
489 1376 789 1443 potuerint.
827 1376 1103 1449 Siquidem
1135 1390 1189 1434 et
1229 1381 1444 1434 illorum
1497 1383 1683 1435 odium
1737 1384 1790 1435 iu
1857 1395 1915 1436 se

351 1454 498 1523 ipsos
531 1461 966 1530 concitaverunt,
992 1475 1051 1518 ut
1103 1464 1196 1530 qui
1253 1465 1428 1519 solum
1480 1465 1768 1535 Spiritum,
1802 1479 1910 1520 non

345 1550 528 1594 autem
565 1542 796 1599 Verbum
830 1562 943 1601 rem
975 1558 1212 1603 creatam
1237 1564 1359 1604 esse
1382 1550 1599 1604 dicant:
1628 1551 1771 1605 etab
1792 1552 1915 1605 aliis

345 1627 603 1683 omnibus
632 1631 1014 1701 reprobantur,
1049 1634 1191 1703 quod
1248 1635 1451 1704 liqueat
1481 1648 1608 1688 vere
1642 1649 1740 1689 eos
1803 1637 1915 1690 bel-

348 1710 456 1765 lum
496 1725 683 1769 contra
723 1730 972 1771 sanctum
1021 1717 1286 1789 Spiritum
1318 1734 1529 1790 gerere,
1577 1734 1641 1773 ac
1680 1720 1914 1790 proinde

350 1795 495 1850 brevi
526 1795 641 1851 fore
673 1809 941 1865 mortuos,
983 1811 1168 1871 utpote
1195 1802 1400 1871 Spiritu
1434 1817 1633 1857 vacuos
1660 1810 1713 1856 et
1739 1802 1913 1858 desti-

348 1887 510 1935 tutos.
535 1878 737 1953 Neirpe
761 1886 888 1956 quia
914 1894 1041 1941 sunt
1072 1887 1335 1942 animales
1373 1888 1644 1953 homines,
1677 1902 1784 1942 non
1815 1904 1912 1958 po-

2015 698 2106 762 οὓς
2154 701 2502 766 ἐξαπέστειλε
2546 702 2748 772 Κύριος
2792 703 3182 771 παντοκράτωρ
3207 706 3261 758 tv
3287 710 3513 781 Πνεύμοτι

2015 784 2199 841 αὑτοῦ.
2244 787 2301 840 '0
2329 788 2383 841 δὲ
2416 789 2617 858 Πέτρος
2645 791 2702 840 ὲν
2726 790 2846 852 ταῖς
2877 789 3144 857 Πράξεσιν
3172 792 3354 859 ἔλεγεν,
3383 800 3516 853 «Ἀν-

2014 872 2138 938 δρες
2192 871 2430 939 ἀδελφοὶ,
2489 874 2596 927 ἔδει
2661 873 3013 943 πληρωθῆναι
3064 874 3161 945 τὴν
3210 878 3422 949 Γραφὴν,
3464 887 3515 955 ἣν
3584 916 3587 917 ν

2015 959 2241 1024 προεῖπε
2258 957 2316 1010 τὸ
2345 957 2566 1025 Πνεῦμα
2589 958 2647 1010 τὸ
2669 957 2877 1024 ἅγιον.»
2915 961 3017 1011 Καὶ
3046 961 3158 1023 μετ’
3176 961 3343 1030 ὀλίγα·
3372 984 3390 1016 ι
3423 969 3519 1022 Τῶν

2014 1039 2069 1092 δὲ
2099 1043 2377 1111 τροπικῶν
2406 1045 2439 1113 ἡ
2471 1043 2791 1105 ἀλλόπιστος
2828 1044 3122 1110 μυθολογία
3168 1044 3401 1115 διαφωνεῖ
3442 1054 3521 1120 μὲν

2016 1126 2151 1193 πρὸς
2174 1127 2267 1189 τὰς
2292 1127 2535 1196 Γραφὰς,
2562 1130 2845 1196 συμφωνεῖ
2866 1127 2919 1180 δὲ
2946 1131 3006 1195 τῇ
3041 1127 3150 1181 τῶν
3178 1131 3523 1200 ἁρειομανιτῶν

2014 1210 2229 1281 ἀλογίᾳ,
2259 1213 2352 1264 καὶ⁴
2382 1211 2525 1273 εἰκὸς
2542 1213 2737 1274 αὐτοὺς
2756 1211 2927 1275 οὕτως
2948 1212 3323 1278 ἀποκρίνεσθαι
3350 1218 3524 1291 ἀπάτης

2015 1294 2200 1349 ἕνεκεν
2238 1297 2346 1348 τῶν
2378 1296 2799 1366 ἀκεραιοτέρων.
2848 1294 3007 1349 Ἀλλὰ
3042 1297 3194 1365 χάρις
3229 1291 3300 1367 τῷ
3352 1303 3523 1375 Κυρίῳ,

2015 1379 2095 1431 δτι
2118 1418 2131 1442 ,
2162 1379 2236 1443 ὡς
2269 1382 2522 1451 γράφεις,
2562 1381 2660 1433 οὐκ
2698 1380 2883 1433 ἔλαθον
2923 1381 3212 1444 σκέποντες
3256 1376 3451 1449 ἑαυτοὺς
3475 1394 3527 1458 τῇ

2018 1463 2152 1532 πρὸς
2188 1466 2313 1527 τοὺς
2365 1466 2681 1535 Ἀρειανοῦς
2728 1469 3089 1537 προσποιήτῳ
3143 1468 3427 1540 ἀντιλογίᾳ·
3457 1476 3528 1526 καὶ

2015 1554 2125 1623 γὰρ
2156 1553 2249 1605 καὶ
2268 1550 2397 1621 παρ’
2426 1551 2652 1603 ἐκείνων
2678 1550 3042 1621 ἐμισήθησαν,
3075 1551 3149 1613 ὡς
3176 1550 3248 1620 τῷ
3272 1552 3371 1606 διιτι
3400 1574 3530 1611 πνευ-

2020 1635 2480 1704 ματομαχοῦντες.
2525 1650 2543 1684 ι
2586 1637 2694 1687 Καὶ
2732 1634 2851 1703 μετ’
2886 1634 3087 1701 ὀλίγον,
3127 1652 3143 1685 ι
3180 1635 3433 1704 Γινόμενοι
3463 1657 3531 1693 νε.

2016 1721 2141 1789 κροὶ
2170 1721 2366 1791 ἔρημοι
2396 1721 2489 1773 καὶ
2523 1721 2671 1773 κενοὶ
2699 1720 2792 1771 τοῦ
2825 1720 3141 1788 Πνεύματος
3168 1721 3325 1784 ὄντες.
3360 1743 3375 1773 ι
3411 1726 3534 1779 κατά

2016 1804 2123 1874 γὰρ
2141 1805 2232 1856 τὸν
2253 1805 2517 1872 μακάριον
2533 1803 2857 1855 Ἀπόστειλον
2872 1802 3092 1872 ψυχικο“ι
3115 1802 3376 1874 ἄνθρωποι
3395 1809 3533 1873 ὅντες,

2016 1889 2115 1941 οῦκ
2135 1887 2747 1958 ἠδυνήθησανδέξασθαι
2771 1888 2837 1940 τὰ
2854 1886 2948 1940 τοῦ
2975 1885 3112 1939 Πνεύ
3124 1902 3285 1956 ματος
3307 1890 3388 1943 τοῦ
3408 1893 3537 1956 Θεοῦ,

349 1974 590 2029 tuerunt,
627 1978 683 2022 ut
745 1969 904 2025 docct
956 1972 1148 2027 beatus
1210 1973 1501 2041 Apostolus
1537 1974 1578 2037 ',
1632 1974 1910 2044 percipere

2022 1973 2099 2025 ’ότι
2160 1974 2546 2038 πνευματικῶς
2595 1971 2971 2040 ἀπεκρίνοντο.
3009 1973 3071 2024 Ol
3114 1972 3172 2027 δὲ
3217 1975 3281 2026 τὰ
3310 1977 3395 2043 τῆς
3436 1980 3539 2048 ἀλη.

346 2064 470 2117 quae
501 2064 625 2104 sunt
656 2052 894 2122 Spiritus
918 2054 1035 2120 Dei,
1066 2065 1254 2127 utpote
1275 2058 1365 2128 qui
1388 2057 1743 2128 Spiritualiter
1771 2059 1915 2128 diju-

345 2135 678 2190 dicarentur.
706 2139 776 2191 At
805 2141 894 2209 qui
920 2156 981 2195 ea
1034 2158 1152 2211 quae
1189 2152 1318 2199 sunt
1365 2144 1614 2199 veritatis
1670 2143 1913 2213 sapiunt,

347 2220 531 2272 omnia
558 2222 778 2288 quidem
805 2224 1126 2292 dijudicaut,
1163 2227 1264 2297 ipsi
1309 2242 1440 2283 vero
1464 2243 1493 2281 a
1530 2228 1748 2282 nemine
1769 2227 1915 2297 diju-

343 2300 618 2368 dicaulur,
640 2308 1084 2378 quandoquidem
1100 2307 1385 2365 Dominum
1406 2312 1456 2364 in
1477 2310 1674 2380 seipsis
1690 2310 1915 2379 habent,

346 2385 439 2452 qui
481 2387 587 2442 illis
618 2401 670 2443 et
711 2390 950 2461 seipsum
983 2403 1037 2449 et
1062 2410 1159 2465 per
1184 2395 1422 2465 seipsum
1461 2394 1677 2452 Patrem
1710 2396 1766 2449 in
1795 2396 1917 2466 Spi-

351 2473 458 2527 ritu
489 2476 765 2544 patefacit.
794 2477 900 2534 Sed
937 2480 1056 2550 ipse
1117 2481 1383 2537 Dominus
1448 2478 1609 2536 Jesus
1661 2480 1918 2537 Christus

355 2574 451 2625 per
481 2560 720 2631 seipsum
748 2563 963 2632 quidem
991 2564 1412 2631 Samaritanam,
1440 2580 1501 2619 ac
1522 2580 1623 2620 nos
1648 2580 1742 2635 per
1770 2563 1916 2618 illam

350 2642 548 2698 deinde
575 2645 779 2710 docuit,
803 2662 966 2717 quam
992 2646 1227 2719 perfecta
1254 2656 1310 2703 et
1336 2649 1586 2704 absoluta
1621 2649 1695 2703 sit
1724 2657 1915 2703 saneta

347 2722 609 2794 Trinitas,
642 2744 871 2801 eamque
900 2732 1237 2788 individuam
1267 2750 1330 2789 ac
1360 2748 1525 2789 unam
1566 2733 1915 2788 Divinitatem

347 2809 637 2866 exsistere.
664 2812 744 2877 ld,
778 2816 1026 2884 inquam,
1055 2816 1168 2885 ipsa
1194 2826 1425 2872 testatur
1456 2818 1679 2880 veritas,
1711 2816 1800 2870 ubi
1817 2815 1916 2869 Sa-

349 2896 629 2950 maritume
658 2897 733 2950 ait
772 2916 837 2954 :t
872 2898 1047 2954 Crede
1100 2900 1259 2967 mihi,
1326 2902 1544 2967 mulier,
1587 2902 1719 2970 quia
1764 2900 1916 2955 venit

347 2978 503 3046 hora,
539 2989 593 3035 et
625 2996 769 3037 nunc
800 2993 905 3045 est,
942 3001 1067 3040 cum
1104 2988 1217 3041 veri
1250 2989 1569 3042 adoratores
1612 2988 1918 3043 adorabunt

349 3058 565 3117 Patrem
601 3064 653 3119 in
683 3065 891 3136 Spiritu
919 3079 972 3125 et
1005 3071 1260 3125 veritate.
1295 3069 1430 3126 Nam
1471 3082 1526 3127 et
1556 3070 1720 3127 Pater
1775 3073 1914 3129 tales

346 3149 541 3213 quierit
567 3149 658 3218 qui
684 3151 913 3205 adorent
942 3168 1084 3206 eum.
1124 3153 1360 3224 Spiritus
1413 3164 1496 3210 est
1528 3156 1687 3222 Deus,
1721 3164 1777 3211 et
1820 3171 1917 3213 eos

344 3232 438 3300 qui
471 3232 701 3287 adorant
721 3250 868 3302 eum,
895 3236 949 3291 in
980 3237 1187 3306 Spiritu
1211 3250 1263 3295 et
1296 3241 1521 3296 veritate
1541 3251 1758 3310 oportet
1785 3242 1917 3296 ado-

2019 2057 2169 2120 Θείας
2212 2057 2537 2128 φρονοῦντες
2585 2056 2935 2125 ἀνακρίνουσι
2973 2056 3071 2124 μὲν
3118 2056 3305 2112 πάντα.
3337 2059 3470 2111 αὐτοὶ
3497 2058 3540 2114 δὲ

2019 2142 2113 2195 ὑπ’
2141 2142 2354 2206 οὐδενὸς
2371 2142 2774 2211 ἀνακρίνονται,
2802 2142 3015 2212 ἔχοντες
3038 2143 3095 2192 ὲν
3120 2143 3325 2204 ἑαυτοῖς
3352 2144 3434 2195 τὸν
3456 2145 3542 2197 Κύ-

2022 2242 2134 2296 ριον
2158 2226 2616 2280 ἀποκαλύπτοντα
2654 2227 2835 2288 αὐτοῖς
2876 2225 2935 2277 tv
2974 2225 3050 2294 τῷ
3087 2224 3357 2294 Πνεύματι
3384 2227 3541 2279 ἑαυτὸν

2019 2326 2099 2373 τε,
2134 2310 2225 2362 καὶ
2255 2308 2320 2363 δι’
2353 2308 2543 2362 ἑαυτοῦ
2579 2310 2669 2362 τὸν
2704 2309 2941 2377 Πατέρα.
2980 2308 3157 2371 Αὐτὸς
3191 2307 3293 2377 γὰρ
3326 2308 3544 2379 ὁΚύριος

2032 2393 2239 2463 Ἰησοῦς
2271 2392 2504 2465 Χριστὸς
2532 2393 2599 2447 δι’
2624 2393 2817 2447 ἑαυτοῦ
2841 2394 3086 2447 ἐδίδασκε
3116 2395 3215 2460 τὴν
3237 2395 3541 2464 Σαμαρεῖτιν,

2020 2478 2114 2530 καὶ
2155 2476 2221 2529 δι’
2251 2478 2421 2545 αὐτῆς
2456 2478 2621 2547 ἡμᾶς,
2652 2477 2751 2547 τὴν
2779 2477 2878 2544 τῆς
2919 2478 3081 2545 ἁγίας
3116 2476 3340 2546 Τριάδος
3379 2478 3545 2530 τελειόο

2019 2577 2157 2631 τητα
2204 2560 2507 2631 ἀδιαίρετον
2538 2560 2909 2630 ὑπάρχουσαν,
2946 2562 3043 2613 καὶ¹
3078 2564 3211 2631 μίαν
3250 2562 3459 2629 Oed-rma
3485 2563 3548 2614 λέ·

2019 2660 2152 2711 γων,
2190 2663 2207 2695 ι
2244 2645 2471 2698 Πίστευέ
2502 2661 2612 2713 μοι,
2641 2646 2826 2711 γύναι,
2854 2646 2935 2697 ὅτι
2971 2643 3193 2713 ἔρχεται
3217 2644 3352 2714 ὥρα,
3375 2645 3456 2696 καὶ
3474 2644 3548 2697 νῦν

2019 2729 2191 2791 ἐστιν,
2222 2731 2311 2782 ὅτε
2342 2731 2392 2782 οἱ
2422 2730 2672 2798 ἀληθινοὶ
2722 2732 3097 2801 προσκυνηταὶ
3155 2730 3550 2799 προσκυνήσονσι

2018 2812 2097 2882 τῷ
2131 2813 2305 2882 Πατρὶ
2362 2814 2420 2866 ἐν
2468 2812 2743 2882 Πνεύματι
2789 2812 2881 2864 καὶ
2932 2811 3191 2882 ἀληθείᾳ.
3234 2836 3251 2863 ι
3286 2813 3550 2881 Καὶγάρρ

2019 2898 2207 2968 Πατὴρ
2236 2897 2511 2959 τοιούτους
2546 2897 2700 2967 ζητεῖ
2737 2896 2866 2958 τοὺς
2912 2896 3351 2965 προσκυνοῦντας
3396 2896 3548 2956 αὐτὸν,

2019 2984 2101 3037 ὅτι
2134 2982 2358 3051 Πνεῦμα
2389 2982 2417 3035 6
2455 2982 2609 3047 Θεὸς,
2648 2982 2742 3034 καὶ
2780 2980 2907 3044 τοὺς
2943 2981 3378 3051 προσκυνοῦντας
3418 2979 3550 3032 αὑτὸν

2020 3069 2079 3121 tv
2115 3067 2391 3137 Πνεύματι
2432 3067 2525 3120 καὶ
2554 3064 2783 3136 ἀληθείᾳ
2819 3066 2900 3119 δεῖ
2935 3068 3289 3139 προσκυνεῖν.
3319 3066 3553 3117 Δέδεικται

2020 3155 2200 3205 τοίνυν
2242 3150 2494 3203 ἐντεῦθεν
2520 3150 2595 3213 ὡς
2624 3150 2854 3219 ἀλήθεια
2880 3151 2978 3220 μὲν
3009 3153 3179 3215 αὐτὸς
3206 3155 3233 3204 6
3268 3152 3387 3213 Υἱός
3416 3152 3551 3211 ἐστιν,

2020 3236 2095 3301 ὡς
2124 3236 2286 3299 αὑτός
2335 3251 2522 3306 φησιν,
2565 3254 2583 3286 ι
2634 3232 2775 3303 Ἐγώ
2807 3238 2922 3304 είμι
2954 3239 2983 3304 ή
3018 3236 3277 3307 ἀλήθεια.
3316 3255 3333 3288 ι
3370 3236 3486 3302 Περὶ
3507 3234 3553 3287 οὖ

346 3331 467 3371 rare
497 3318 540 3371 ³.
566 3337 584 3369 ι
621 3317 749 3375 inde
771 3322 914 3387 enim
941 3325 1292 3392 perspicuum
1323 3334 1405 3381 est
1423 3332 1704 3399 veritatem
1737 3328 1910 3396 ipsum

2022 3324 2117 3376 καὶ
2145 3324 2172 3375 ὀ
2198 3322 2485 3391 προφήτης
2518 3318 2682 3372 Δαϐὶδ
2708 3322 3027 3372 ἐπεκαλεῖτο
3058 3319 3259 3387 λέγων,
3292 3340 3309 3371 ι
3361 3320 3556 3385 Ἑξαπύ-

344 3416 463 3458 isse
491 3401 711 3469 Filium,
770 3414 829 3460 ut
854 3408 972 3476 ipse
1027 3409 1123 3474 ait,
1181 3428 1199 3461 ι
1255 3410 1365 3479 Ego
1415 3426 1536 3466 sum
1591 3412 1906 3475 veritas‘,»

344 3501 506 3553 quem
561 3498 617 3545 et
666 3491 930 3560 propheta
978 3492 1149 3547 David
1201 3492 1285 3549 his
1332 3494 1514 3548 verbis
1568 3495 1908 3550 invocabat:

351 3586 367 3616 ι
402 3566 604 3624 Emitte
637 3572 814 3626 lucem
869 3583 1016 3628 tuam
1062 3585 1118 3630 et
1158 3578 1439 3632 veritatem
1492 3586 1638 3630 tuam
1664 3579 1708 3633 ⁵.
1735 3594 1754 3629 ι
1788 3578 1911 3633 Veri

348 3654 511 3719 igitur
532 3656 854 3713 avloratores
900 3659 1112 3714 Patrem
1150 3661 1371 3730 quidem
1430 3661 1759 3723 adorabunt,
1815 3662 1912 3716 sed

348 3738 399 3787 in
425 3736 633 3807 Spiritu
663 3752 718 3794 et
753 3752 996 3806 veritate.
1031 3743 1229 3798 Fibum
1283 3745 1559 3809 videlicet,
1584 3756 1639 3799 et
1678 3747 1730 3798 in
1774 3744 1913 3799 Filio

346 3821 608 3891 Spiritum
638 3828 969 3882 conlitendo.
992 3826 1128 3882 Nam
1152 3845 1181 3883 a
1209 3828 1347 3883 Filio
1393 3830 1642 3897 separari
1688 3844 1795 3884 non
1821 3848 1913 3900 po-

345 3918 450 3961 test.
473 3907 728 3976 Spiritus,
762 3910 839 3964 uti
863 3928 962 3965 nec
983 3926 1014 3965 a
1044 3911 1205 3967 Patre
1222 3912 1414 3979 Filius,
1445 3915 1909 3983 quemadmodum

344 4007 456 4059 ipsa
496 3990 711 4047 Veritas
746 3996 832 4050 bis
863 3997 1046 4051 verbis
1077 3996 1239 4051 docet
1270 4015 1283 4050 :
1324 4016 1342 4049 ι
1379 3996 1592 4053 Mittam
1618 3997 1773 4052 vobis
1811 3998 1909 4051 Pa-

344 4074 629 4141 raclctuni,
665 4074 929 4145 Spiritum
958 4079 1228 4147 veritatis,
1252 4080 1345 4150 qui
1375 4095 1404 4133 a
1440 4078 1604 4135 Patre
1639 4081 1909 4151 procedit,

342 4176 504 4227 quem
539 4163 773 4219 mundus
807 4179 909 4217 non
940 4175 1116 4233 potest
1140 4167 1387 4236 accipere
1416 4165 1455 4221 ‘.
1496 4184 1515 4216 ι

342 4254 477 4307 Item
517 4255 580 4307 de
611 4254 815 4324 Spiritu
860 4269 1064 4320 sancto,
1115 4258 1303 4313 Basilii
1356 4258 1538 4325 Magni
1581 4276 1645 4313 ea:
1673 4263 1911 4315 oratione

409 4334 627 4392 quarta,
661 4342 766 4397 qua
796 4336 984 4381 contra
1015 4328 1337 4383 Eunomium
1370 4332 1680 4398 disputavit.

409 4492 874 4557 Quemadmodum
894 4490 1061 4547 Filius
1084 4491 1246 4547 Patre
1277 4495 1546 4562 posterior
1570 4505 1655 4550 est
1685 4497 1908 4551 ordine:

340 4578 391 4630 in
419 4577 833 4631 enumeratione
861 4578 1005 4631 enim
1032 4578 1356 4646 prmpositus
1406 4589 1489 4633 est
1522 4580 1682 4635 Pater
1719 4599 1732 4635 :
1768 4580 1910 4652 Bap-

2023 3405 2233 3459 στειλον
2269 3406 2329 3458 τὸ
2375 3405 2490 3473 φῶς
2538 3421 2630 3457 σου
2662 3403 2754 3456 καὶ
2799 3404 2897 3473 τὴν
2926 3402 3189 3471 ἀλήθειάν
3222 3419 3334 3457 σου.
3374 3420 3391 3455 ι
3433 3402 3486 3456 0t
3512 3403 3557 3457 δὲ

2021 3490 2267 3560 ἀληθινοὶ
2312 3488 2688 3559 προσκυνηταὶ
2726 3486 3091 3557 προσκυνοῦσι
3148 3488 3250 3557 μὲν
3292 3487 3365 3557 τῷ
3398 3487 3557 3557 Πατρὶ,

2023 3573 2138 3628 ἀλλ’
2182 3576 2238 3626 ὲν
2283 3572 2557 3641 Πνεύματι
2592 3571 2686 3624 καὶ
2735 3571 2967 3642 ἀληθεία
3009 3571 3401 3641 ὁμολογοῦντες
3439 3570 3557 3633 Υίὸν,

2021 3660 2117 3712 καὶ
2154 3660 2211 3711 tv
2238 3658 2389 3728 αὐτῷ
2433 3658 2492 3709 τὸ
2530 3659 2769 3726 Πνεῦμα.
2812 3656 2903 3720 Ὦς
2948 3656 3260 3727 ἁχὼριστος
3287 3659 3313 3709 6
3344 3655 3460 3719 Υἱὸς
3486 3655 3559 3708 τοῦ

2022 3744 2251 3812 Πατρὸς,
2281 3743 2420 3812 αὑτὴ
2442 3744 2473 3813 ὴ
2498 3742 2725 3813 ἀλήθεια
2743 3744 3013 3811 μαρτυρεῖ
3041 3740 3305 3808 λέγουσα·
3340 3760 3359 3790 ι
3390 3739 3559 3809 Ιιὲμψω

2020 3828 2150 3895 ὑμῖν
2186 3828 2274 3881 τὸν
2311 3827 2662 3897 Παράκλητον
2715 3827 2775 3877 τὸ
2822 3826 3042 3893 Πνεῦμα
3094 3825 3199 3894 τῆς
3251 3824 3508 3894 ἀληθείας,
3540 3822 3565 3872 6

2021 3913 2173 3979 παρὰ
2201 3911 2297 3963 τοῦ
2340 3912 2549 3980 Πατρὸς
2582 3909 2962 3979 ἐκπορεύεται,
2984 3910 3013 3962 ὃ
3046 3910 3073 3961 6
3107 3910 3317 3978 κόσμος
3350 3907 3406 3960 οὒ
3433 3907 3562 3958 δύνει

2019 4012 2106 4048 ται
2133 3996 2340 4048 λαϐεῖν.
2384 4017 2400 4047 ι

2022 4262 2149 4316 Ἐτι
2190 4262 2321 4328 περὶ
2364 4261 2470 4314 τοῦ
2528 4261 3123 4331 ἁγίου-Πνεῦματος,
3176 4262 3288 4316 τοῦ
3329 4259 3565 4331 μεγάλου

2091 4333 2415 4385 Βασιλείου
2448 4331 2516 4384 ὲκ
2547 4328 2651 4385 τοῦ
2681 4328 2940 4402 δ’..λόγού
2970 4332 3089 4386 τῶν
3117 4333 3276 4401 πρὸς
3299 4328 3563 4400 Εὐκόμιον

2086 4402 2531 4471 ἀπιρῤητικῶν.

2091 4494 2302 4563 Ὠσπερ
2336 4494 2364 4545 6
2412 4492 2540 4557 Υἱὸς
2594 4494 2745 4558 τάξει
2802 4494 2899 4564 μὲν
2927 4495 3183 4565 δεύτερος
3224 4496 3318 4548 τοῦ
3359 4494 3562 4563 Πατρὶς.

2021 4580 2384 4649 προτέτακται
2441 4579 2550 4648 γὰρ
2607 4581 2634 4631 6
2685 4579 2874 4650 Πατὴρ
2934 4581 2992 4631 tv
3036 4581 3101 4650 τῇ
3153 4578 3565 4652 συναριθμήσειι

339 4669 561 4717 tizantes
605 4679 716 4727 eos,
756 4664 951 4731 inquit,
1001 4664 1053 4716 in
1112 4666 1318 4718 nomine
1346 4663 1554 4731 Patris,
1583 4674 1631 4719 et
1687 4665 1832 4733 Filii,
1865 4679 1910 4723 et

2022 4663 2415 4728 Βαπτίζοντες
2468 4663 2599 4733 γὰρ,
2650 4662 2837 4732 φησὶν,
2883 4662 3110 4730 αὐτοὺς
3171 4667 3264 4729 εις
3297 4666 3361 4718 τὸ
3408 4664 3567 4729 ὄνομα

339 4749 571 4818 Spiritus
616 4748 788 4801 sancti
816 4748 833 4778 τ
852 4765 867 4813 ;
889 4749 1154 4819 dignitate
1180 4757 1463 4818 prmterea,
1493 4766 1561 4806 ex
1579 4749 1741 4807 Patre
1764 4752 1909 4808 enim

339 4834 527 4898 Filius,
586 4850 694 4890 non
746 4849 812 4888 ex
842 4830 982 4887 Filio
1008 4831 1171 4887 Pater
1198 4851 1213 4899 ;
1245 4846 1439 4888 natura
1468 4850 1597 4891 vero
1641 4837 1910 4905 aequalis:

338 4918 453 4990 Ego
486 4919 653 4986 enim,
690 4920 886 4990 inquit,
930 4929 979 4974 et
1008 4916 1170 4973 Pater
1215 4936 1377 4974 unum
1412 4935 1593 4974 sumus
1623 4919 1679 4974 ’ς
1731 4921 1811 4976 sic
1854 4931 1911 4976 et

340 5008 577 5078 Spiritus
613 5014 836 5059 sanctus
863 5003 1056 5058 ordine
1089 5004 1306 5074 quidem
1342 5003 1481 5083 Filio
1511 5006 1782 5074 posterior
1805 5019 1909 5075 est,

339 5102 396 5147 ut
454 5108 521 5147 ex
570 5091 1056 5146 connumeratione
1103 5088 1434 5144 declaratum
1495 5098 1598 5154 est,
1652 5092 1912 5163 dignitate

337 5176 501 5232 etiam
531 5173 798 5245 profecto.
850 5172 1086 5245 Spiritus
1128 5173 1271 5227 enim
1303 5170 1425 5227 Filii
1457 5172 1674 5241 dicitur,
1709 5184 1766 5230 ut
1817 5177 1911 5247 qui

335 5277 430 5330 per
479 5259 674 5316 Filium
721 5261 992 5329 praabetur
1049 5275 1065 5311 :
1110 5256 1259 5311 Misit
1299 5258 1463 5320 enim,
1516 5257 1715 5327 inquit,
1769 5259 1910 5318 Deus

334 5345 595 5413 Spiritum
646 5341 780 5398 Filii
835 5345 920 5397 sui
976 5342 1031 5395 in
1069 5340 1229 5394 corda
1261 5350 1449 5394 nostra
1469 5342 1512 5396 '.
1560 5339 1675 5397 Non
1728 5356 1908 5401 autem

334 5428 504 5485 Filius
538 5430 736 5485 dicitur
766 5428 935 5495 ipsius
962 5426 1215 5495 Spiritus.
1240 5424 1443 5479 Natura
1475 5434 1654 5481 tamen
1684 5429 1909 5498 aequalis

332 5525 416 5571 est
464 5513 608 5569 Patri
638 5523 692 5569 et
722 5512 879 5566 Filio.
907 5511 1115 5577 Quibus
1140 5511 1283 5563 enim
1315 5510 1501 5564 eadem
1537 5520 1618 5565 est
1647 5512 1809 5575 actio,
1845 5512 1912 5567 iis

333 5602 523 5656 eadem
558 5609 644 5654 est
669 5599 833 5652 etiam
871 5605 1084 5649 natura.
1135 5594 1201 5646 At
1248 5593 1546 5648 Eunomius
1582 5610 1704 5649 eum
1739 5610 1911 5650 annu-

335 5685 653 5741 merationis
708 5683 884 5737 ordini
919 5680 1439 5750 adjungens.terti:e
1482 5680 1660 5749 ipsum
1703 5689 1908 5736 natura

333 5770 720 5839 pronuntiavit.

408 5893 423 5923 ⁸
464 5892 587 5947 Act.
615 5906 653 5955 ι,
692 5888 778 5943 16.
905 5889 925 5920 ²
957 5888 974 5942 l
1005 5887 1130 5943 Cor.
1170 5904 1229 5949 ιι,
1268 5885 1351 5939 li.

1460 5882 1660 5938 ’Joan.
1695 5898 1767 5944 Iv.
1791 5881 1884 5946 ‘2l,
1910 5882 1999 5935 Ἠ.

2016 4747 2121 4802 τοῦ
2152 4748 2401 4812 Πατρός,
2435 4746 2532 4799 καὶ
2572 4747 2675 4800 τοῦ
2710 4745 2870 4811 Υίοῦ,
2913 4747 3014 4801 καί
3045 4745 3158 4802 τοῦ
3208 4748 3382 4819 ἁγίου
3413 4744 3571 4800 Πνεύ-

2010 4847 2228 4900 ματος·
2262 4829 2419 4881 ἔτιδὲ
2452 4832 2543 4882 καὶ
2584 4830 2881 4900 ἀξιώματι·
2916 4834 2979 4883 ὲκ
3012 4832 3229 4899 Harpe;
3266 4833 3375 4900 γὰρ
3397 4832 3422 4882 6
3444 4829 3568 4891 Υἱὸς,

2013 4917 2115 4970 οὐκ
2143 4916 2207 4967 ὲκ
2235 4913 2329 4967 τοῦ
2355 4912 2483 4966 Υίοῦ
2508 4914 2535 4965 ὁ
2570 4914 2779 4986 Πατὴρ,
2809 4918 2973 4985 φύσει
3003 4917 3057 4969 δὲ
3091 4919 3247 4980 ica,”
3283 4916 3429 4985 Ἐπὼ
3459 4914 3571 4984 γὰρ.

2018 5000 2172 5069 φησι,
2206 5000 2303 5052 καὶ
2335 5002 2367 5053 ό
2394 4998 2596 5067 Πατὴρ
2626 4998 2697 5053 ἐν
2721 5000 2910 5069 ἐσμεν
2929 5017 2944 5030 ο
2974 5000 3118 5053 οὕτω
3140 5005 3240 5055 καὶ
3280 5003 3344 5054 τὸ
3377 5000 3574 5066 Πνεῦμα

2017 5084 2079 5139 τὸ
2123 5085 2277 5153 ἆγιον
2315 5084 2466 5148 τάξει
2515 5086 2615 5154 μὲν
2658 5085 2913 5154 δεύτερον
2960 5086 3055 5138 τοῦ
3100 5082 3266 5151 Υίοῦ,
3318 5084 3491 5141 καθὼς
3526 5082 3572 5132 ἑν

2019 5172 2085 5242 τῇ
2145 5168 2540 5240 συναριθμήσει
2588 5169 2920 5237 δεδήλωται,
2976 5171 3067 5224 ναὶ
3119 5171 3236 5240 μὴν
3292 5171 3389 5223 καὶ
3431 5165 3571 5231 ἀξιῶ»

2014 5270 2176 5324 ματι.
2214 5254 2435 5322 Πνεῦμα
2474 5251 2582 5323 γὰρ
2643 5250 2775 5305 Υίοῦ
2834 5253 3074 5321 λέγεται,
3112 5252 3193 5318 ὡς
3226 5254 3317 5307 διὰ
3344 5252 3434 5305 τοῦ
3465 5243 3574 5301 Υίοῦ

2018 5339 2443 5411 χορηγούμενον.
2489 5339 2919 5404 Ἰιξαπέστειλε
2941 5341 3068 5411 γὰρ.
3095 5358 3171 5410 φη
3186 5340 3292 5403 εῖν,
3317 5340 3349 5391 ὀ
3375 5338 3508 5400 Θεὸς
3524 5330 3577 5386 τὸ

2016 5425 2261 5494 Πνεῦμα
2294 5424 2395 5477 τοῦ
2430 5424 2567 5478 Υἱοῦ
2606 5425 2794 5479 αὐτοῦ
2829 5428 2915 5490 είς
2964 5424 3070 5490 τὰς
3103 5426 3362 5493 καρδίας
3388 5417 3540 5489 ἡμῶν
3567 5432 3575 5442 '

2017 5510 2079 5561 οὑ
2119 5508 2226 5577 μὴν
2269 5510 2296 5561 6
2327 5509 2450 5573 Υἱὸς
2490 5508 2830 5578 Πνεύματος.
2858 5508 3021 5561 Φύσει
3061 5509 3117 5561 δὲ
3152 5511 3273 5561 ἴσον
3306 5504 3400 5559 καὶ
3426 5498 3578 5568 Πατρὶ

2018 5594 2115 5647 καὶ
2134 5592 2268 5664 Υίῷ.
2292 5585 2389 5654 Οἷς
2414 5593 2521 5663 γὰρ
2550 5593 2583 5663 ἡ
2612 5590 2750 5662 αὑτὴ
2777 5592 3048 5661 ἐνέργεια,
3078 5589 3296 5652 τούτοις
3326 5586 3419 5640 καὶ
3440 5584 3577 5654 φύσις

2016 5680 2051 5747 ἡ
2086 5677 2247 5747 αὐτή.
2283 5675 2541 5746 Εὖνόμιος
2564 5676 2621 5731 δὲ
2642 5679 2709 5747 τῇ
2742 5675 2892 5740 τάξει
2920 5673 3213 5744 προσσχὼν
3243 5674 3345 5741 τῆς
3379 5682 3576 5738 συναριο

2015 5763 2294 5834 θμήσεως,
2329 5762 2523 5831 τρίτης
2556 5761 2689 5813 αὐτὸ
2729 5760 2943 5829 φύσεως
2967 5758 3321 5829 ἀπεφήνατο.

2123 5887 2143 5909 ⁸
2178 5875 2335 5931 Joan.
2378 5892 2484 5941 xtv,
2525 5876 2577 5931 6.
2706 5876 2725 5907 ⁸
2758 5876 2897 5931 l’sal.
2928 5891 3056 5938 mi,
3084 5872 3135 5928 5.
3268 5872 3288 5905 ⁸
3319 5867 3473 5927 Joan.
3497 5876 3573 5925 xv.

332 5969 438 6031 ειη
482 5978 589 6027 xw,
628 5948 711 6014 ΓΙ.
789 5959 807 5991 ⁷
839 5960 1026 6014 Matth.
1064 5948 1252 6024 xxviii,
1292 5958 1377 6012 l9.
1454 5956 1475 5987 ⁸
1505 5953 1739 6019 JOan.x,
1770 5954 1860 6008 ‘50.
1938 5954 1958 5985 ⁹
1988 5949 2169 6005 Galat.
2206 5964 2278 6011 tv,
2313 5948 2366 6002 6.
