3920 6568
286 488 389 552 725

822 600 924 655 Ἕκ
954 600 1062 656 τοῦ
1101 602 1315 657 αὐτοῦ.

348 692 469 745 Τῶν
501 691 746 763 γενητῶν
778 692 846 745 τὰ
877 691 975 761 μὲν
1005 691 1186 763 οὐσίᾳ,
1222 692 1292 745 τὰ
1315 692 1374 746 δὲ
1411 690 1605 765 γνώμῃ
1636 691 1849 763 τροπῆς

278 779 392 830 ἐστι
421 777 673 830 δεκτικά.
726 773 802 829 Τὸ
849 774 907 828 δὲ
970 774 1195 846 Πνεῦμα
1242 776 1303 829 τὸ
1348 770 1506 842 ἅγιον
1549 774 1677 828 οὔτε
1722 774 1848 827 κατ’

274 862 463 916 οὐσίαν
518 860 641 914 οὔτε
674 860 795 913 κατ’
838 858 1119 929 ἐνέργειαν
1164 859 1393 929 τροπῆς,
1437 858 1469 928 ἢ
1504 856 1849 920 ἀλλοιώσεώς

275 948 390 1000 ἔστι
412 945 687 1000 δεκτικόν.
714 944 828 998 Οὐκ
854 942 964 1012 ἄρα
990 942 1194 1012 κτίσμα
1226 943 1286 995 τὸ
1318 941 1565 1004 Πνεῦμα.

814 1048 910 1103 Ἕκ
952 1047 1057 1102 τοῦ
1092 1048 1300 1103 αὐτοῦ.

340 1146 459 1199 Πᾶν
515 1142 724 1212 κτίσμα
788 1141 1154 1210 ἁγιαζόμενὸν
1213 1143 1360 1194 ἐστιν
1408 1139 1585 1207 ἅγιον.
1646 1139 1720 1191 Τὸ
1786 1137 1844 1191 δὲ

272 1229 501 1297 Πνεῦμα
542 1226 603 1281 τὸ
641 1226 794 1295 ἅγιον
841 1226 900 1278 οὐ
944 1226 1054 1277 τῶν
1090 1224 1495 1293 ἁγιαζομένων,
1557 1222 1697 1277 ἀλλὰ
1734 1221 1845 1276 τῶν

268 1314 625 1381 ἁγιαξὸντων.
656 1312 768 1367 Οὐκ
797 1313 906 1383 ἄρα
933 1310 1157 1379 κτίσμα.

814 1489 917 1542 Ἕκ
949 1485 1055 1541 τοῦ
1089 1485 1299 1540 αὑτοῦ.

339 1586 511 1641 Οὐδὲν
552 1581 770 1638 κτιστδν
816 1579 936 1633 κατ’
967 1578 1157 1631 οὐσίαν
1203 1576 1382 1644 ἅγιον,
1440 1577 1515 1631 Τὸ
1566 1579 1676 1648 γὰρ
1716 1578 1842 1632 κατ’

266 1671 458 1724 οὐσίαν
480 1667 639 1734 ἅγιον
669 1665 727 1717 οὐ
753 1662 928 1716 δεῖται
952 1660 1044 1714 τοῦ
1076 1660 1274 1726 ἔξωθεν
1300 1660 1594 1730 ἁγιασμοῦ.
1628 1663 1704 1715 Οὐ
1735 1662 1847 1714 δεῖ·

266 1773 357 1808 ται
388 1754 446 1805 δὲ
473 1748 752 1820 ἀγιασμοῦ
793 1747 853 1803 τὸ
884 1746 1131 1817 Πνεῦμα,
1156 1745 1240 1798 ὅτι
1276 1743 1433 1813 ἅγιον
1474 1746 1599 1797 κατ’
1630 1744 1840 1800 οὐσίαν.

267 1841 383 1896 Οὐκ
422 1840 528 1909 ἄρα
559 1835 789 1903 κτίσμα.

815 1926 917 1981 Ἐκ
955 1924 1063 1979 τοῦ
1090 1924 1302 1979 αὐτοῦ.

335 2025 459 2078 Πᾶν
515 2021 720 2091 κτίσμα
768 2018 954 2073 δοῦλόν
1008 2017 1124 2071 ἐστι
1152 2015 1247 2071 τοῦ
1304 2015 1658 2087 δημιουργοῦ,
1703 2015 1846 2070 κατὰ

268 2111 363 2163 τὸν
394 2110 622 2175 λέγοντα
648 2103 725 2173 τῷ
750 2099 871 2172 Θεῷ
901 2101 1198 2171 Προφήτην
1215 2118 1230 2134 °
1265 2100 1341 2155 Τὰ
1367 2101 1694 2168 σύμπαντα
1713 2098 1850 2153 δοῦ-

269 2198 348 2248 λα
393 2190 498 2245 σά.
531 2190 605 2241 Τὸ
631 2188 687 2241 δὲ
712 2185 897 2240 δοῦλον
920 2183 1241 2253 ἐλευθερίαν
1261 2186 1356 2237 καὶ
1373 2182 1646 2236 υἱοθεσίαν
1678 2184 1850 2253 ἑτέρῳ

269 2282 490 2347 ὀρέγειν
521 2275 583 2328 οὐ
614 2272 864 2333 δύναται,
895 2263 962 2340 ἦς
996 2268 1129 2323 αὐτὸ
1153 2268 1252 2322 οὐκ
1274 2261 1437 2338 ἔτυχε
1474 2265 1594 2321 κατ’
1640 2266 1846 2321 οὐσίαν.

270 2366 345 2418 Τὸ
375 2364 435 2416 δὲ
495 2359 721 2429 Πνεῦμα
751 2353 1066 2425 ἐλευθερίαν
1098 2353 1281 2424 ὀρέγει
1309 2354 1408 2425 ,καὶ
1448 2352 1740 2407 υἱοθεσίαν.
1776 2352 1851 2405 Τὸ

270 2454 382 2519 γὰρ
421 2447 645 2518 Πνεῦμα
676 2440 870 2512 κράζει
903 2442 961 2494 ὲν
1003 2441 1125 2502 ταῖς
1174 2438 1425 2509 καρδίαις
1458 2438 1637 2508 ἡμῶν,
1684 2437 1850 2494 Ἆϐϐᾶ

274 2539 305 2589 ὁ
336 2532 565 2600 Πατήρ.
609 2530 772 2583 Ὥστε
807 2525 910 2579 οὐκ
948 2522 1028 2576 ἔτι.
1073 2519 1125 2575 εἷ
1157 2522 1366 2588 δοῦλος,
1398 2521 1534 2576 ἀλλὰ
1568 2522 1702 2585 υίὸς.
1737 2522 1849 2575 Οὐκ

271 2623 383 2693 ἄρα
407 2620 641 2688 κτίσμα.

816 2708 921 2761 Ἐκ
966 2703 1075 2759 τοῦ
1111 2702 1319 2759 αὑτοῦ.

348 2804 613 2872 Ποίησιν⁵
665 2799 735 2855 δὲ
770 2798 985 2869 χειρῶν
1029 2796 1219 2853 αὐτοῦ
1257 2794 1642 2867 ἀναγγέλλει,
1689 2794 1850 2866 φησι,

274 2891 343 2945 τὸ
378 2886 705 2956 στερέωμα.
727 2884 839 2936 Καὶ
861 2884 919 2936 ὲν
946 2880 1150 2952 ἑτέρῳ*
1184 2879 1289 2935 Καὶ
1323 2878 1469 2948 ἔργα
1496 2877 1618 2933 τῶν
1638 2877 1854 2948 χειρῶν

274 2976 396 3030 σού
431 2976 592 3027 εἰσιν
645 2971 699 3023 οἱ
748 2964 1015 3036 οὐρανοί.
1073 2966 1184 3019 Καὶ
1240 2962 1385 3027 τίνες
1437 2962 1505 3018 ἂν
1557 2960 1671 3017 εἷεν
1715 2961 1851 3017 Θεοῦ

276 3059 566 3126 ἀσώματοι
624 3053 828 3125 χεῖρες,
862 3052 919 3106 αί
954 3049 1015 3103 τὸ
1065 3047 1354 3120 στερέωμα
1392 3048 1488 3101 καὶ
1525 3049 1651 3111 τοὺς
1681 3048 1851 3118 οὖρα·

275 3145 402 3206 γοὺς
424 3138 923 3209 δημιουργήσασαι,
964 3132 1127 3196 αὐτὸς
1168 3135 1196 3186 ὁ
1226 3133 1520 3203 Προφήτης
1553 3131 1852 3202 ἐρμηνεύει

275 3228 455 3294 λέγων
472 3240 487 3253 ⁸
512 3220 595 3287 Τῷ
615 3221 775 3289 λόγῳ
794 3217 1013 3285 Κυρίου
1030 3218 1085 3270 οἱ
1108 3216 1348 3285 οὐρανοὶ
1373 3214 1849 3283 ἐστερεώθησαν,

276 3284 381 3366 καὶ
411 3306 492 3372 τῷ
525 3284 823 3372 Πνεύέιατι
865 3284 973 3355 τοῦ
1023 3284 1321 3369 στόματος
1373 3298 1561 3352 αὑτοῦ
1603 3296 1771 3354 πᾶσα
1812 3298 1849 3367 ή
1880 3284 1923 3340 C

276 3396 536 3460 δύναμις
562 3385 782 3443 αὐτῶν.
829 3385 971 3439 Ἀλλ’
992 3384 1186 3453 ὥσπερ
1215 3384 1277 3436 οὐ
1309 3382 1655 3454 Προτορικὸς
1689 3382 1849 3450 λόγος

276 3472 434 3538 οὗτος
462 3476 521 3527 ὲν
562 3470 639 3541 τῷ
665 3469 806 3539 Θεῷ,
854 3467 990 3522 ἀλλὰ
1039 3466 1170 3533 ζῶν,
1206 3468 1297 3519 καὶ
1352 3464 1699 3536 ὑφεστηκὼς,
1756 3466 1851 3518 καὶ

278 3564 391 3616 τῶν
429 3560 567 3612 ὅλων
619 3553 970 3625 δραστήριος,
994 3549 1178 3623 *οὕτως
1226 3551 1284 3602 ὲν
1346 3549 1469 3619 Θεῷ
1529 3549 1588 3602 οὐ
1631 3547 1851 3619 πνεῦμα

277 3642 656 3713 διαχεόμενον,
687 3636 750 3690 οὐ
777 3634 1137 3703 διαλυόμενος
1163 3632 1292 3703 ἀὴρ,
1318 3632 1452 3686 ἀλλὰ
1479 3632 1703 3702 δύναμις
1726 3635 1851 3701 ἁγι-

277 3726 486 3798 αστικὴ
517 3722 782 3784 ὲνούσιος,
815 3718 1182 3790 ὲνύπαρκτος,
1212 3717 1597 3780 ὲνυπόστατος.

818 3828 924 3883 Ἐκ
968 3825 1076 3882 τοῦ
1115 3823 1325 3880 αὑτοῦ.

360 3927 423 3981 Ὀ
452 3925 712 3987 δάκτυλος
743 3920 836 3976 τοῦ
867 3919 1024 3986 Θεοῦ,
1063 3922 1091 3974 ὁ
1132 3917 1457 3989 μεταὸαλὼν
1500 3922 1559 3975 ἐν
1586 3919 1852 3989 Αἰγύπτῳ

278 4013 376 4065 τὸν
406 4009 535 4082 χοῦν
566 4010 644 4072 είς
670 4006 806 4072 ζῶα,
847 4005 945 4077 τὴν
979 4005 1217 4077 ἀρχῆθεν
1245 4005 1352 4058 τῶν
1380 4003 1536 4071 ζώων
1566 4004 1853 4071 ἀναδείξας

278 4098 520 4165 γένεσιν,
544 4096 572 4147 ὁ
602 4091 963 4162 Παρακλητος
994 4084 1085 4160 ἦν,
1106 4089 1165 4143 τὸ
1190 4088 1416 4158 Πνεῦμα
1444 4089 1543 4160 τῆς
1563 4088 1849 4160 ἀληθείας.

277 4180 405 4234 Τῶν
431 4178 543 4249 γὰρ
575 4177 745 4247 τριῶν
775 4174 1179 4243 εὐαγγελιστῶν
1209 4174 1497 4243 φησάντων
1528 4175 1667 4243 πρὸς
1721 4174 1854 4229 ἰου-

279 4265 466 4326 δλίους
504 4259 786 4332 εἰρηκέναι
819 4258 907 4313 τὸν
937 4257 1088 4323 Υίὸν,
1123 4259 1190 4310 Et
1218 4257 1285 4310 δὲ
1316 4256 1432 4327 ἐγὼ
1460 4258 1522 4311 ὲν
1550 4259 1852 4328 Πνεύματι

284 4345 437 4401 Θεσῦ
497 4342 773 4396 ἐκϐάλλω
820 4342 892 4396 τὰ
950 4340 1249 4409 δαιμόνια,
1281 4339 1395 4406 ἄρα
1440 4338 1707 4409 ἔφθασεν
1758 4343 1855 4410 ἐφ’

280 4430 444 4500 ὑμᾶς
467 4430 505 4497 ἡ
532 4426 823 4491 ,βασιλεία
862 4425 969 4479 τοῦ
1007 4424 1179 4491 Θεοῦ,
1213 4427 1240 4477 ὁ
1265 4426 1477 4486 Λουκᾶς
1516 4443 1683 4496 φησιν
1706 4428 1858 4496 είρη-

286 4517 447 4569 κέναι
484 4512 677 4567 αὐτόν*
705 4513 775 4565 Ei
807 4509 874 4563 δὲ
903 4511 975 4563 ἐν
999 4508 1273 4572 δακτύλῳ
1303 4509 1452 4564 Θεοῦ
1476 4508 1752 4564 ἐκϐάλλω
1785 4512 1857 4564 τὰ

1875 1937 1924 1996 Β

1202 488 1589 551 PANOPLIA
1628 485 2088 551 DOGMATICA.
2123 516 2189 531 —-
2233 493 2377 553 TIT.
2419 494 2559 555 xu.
3426 491 3538 552 tas

2434 601 2520 659 Ea:
2573 606 2757 659 eadem
2807 603 3068 657 aratione.

2021 696 2152 762 Quae
2184 704 2363 751 creata
2390 708 2539 763 sunt,
2568 707 2659 750 aut
2687 694 2945 761 essentia,
2973 705 3063 749 aut
3095 692 3324 750 consilio
3353 702 3533 746 muta-

1954 784 2154 837 tionem
2199 782 2511 836 admittunt.
2548 784 2615 836 At
2677 778 2914 850 Spiritus
2964 794 3064 833 nec
3105 776 3365 841 essentia,
3434 789 3532 830 nec

1950 867 2167 922 actione
2238 867 2435 920 mutari
2480 866 2685 919 vertive
2714 874 2916 933 potest.
2951 860 3068 917 Non
3124 862 3289 933 igitur
3317 869 3531 916 creatus

1952 960 2058 1006 est.

2439 1059 2521 1111 Em
2542 1056 2721 1110 eadem
2756 1057 3013 1132 oratione.

2020 1150 2152 1218 Quae
2184 1159 2364 1204 creata
2426 1160 2575 1213 sunt,
2608 1149 2726 1202 ideo
2768 1156 2893 1200 sunt
2930 1154 3138 1209 sant-ta,
3172 1145 3295 1215 quia
3343 1151 3528 1198 sancta

1953 1236 2112 1289 ﬁunt.
2161 1233 2230 1287 At
2258 1232 2745 1302 Spiritus-sanctus
2778 1245 2884 1283 non
2914 1238 3083 1282 estex
3120 1244 3309 1282 eorum
3341 1241 3531 1282 nume-

1953 1335 2035 1386 ro,
2069 1334 2188 1389 quae
2230 1318 2569 1373 sanctitatem
2603 1316 2891 1385 accipiunt,
2928 1314 3019 1368 sed
3049 1314 3164 1383 ipse
3190 1312 3378 1369 tribuit
3406 1328 3535 1367 san-

1950 1406 2216 1459 ctitatem.
2282 1400 2397 1456 Non
2426 1401 2590 1471 igitur
2627 1407 2847 1455 creatus
2868 1405 2970 1453 est.

2450 1496 2531 1553 Em
2561 1498 2741 1553 eadem
2770 1497 3029 1551 oratione.

2022 1593 2167 1647 Nihil
2214 1602 2457 1647 creatum
2491 1602 2596 1657 est,
2639 1590 2779 1667 quod
2809 1604 2905 1659 per
2931 1586 3225 1643 essentiam
3278 1596 3527 1641 sanctum
3618 1654 3623 1661 ι

1947 1679 2039 1735 sit.
2071 1676 2223 1744 Quod
2279 1677 2421 1731 enim
2455 1674 2683 1729 essentia
2726 1683 2974 1726 sanctum
3014 1679 3117 1736 est,
3162 1681 3389 1724 externa
3420 1684 3543 1722 non:

1947 1759 2556 1843 egetsanctiﬁcatione.
2608 1756 2718 1810 llac
2772 1765 2949 1809 autem
2986 1770 3089 1808 non
3121 1764 3243 1822 eget
3272 1752 3531 1823 Spiritus,

1949 1846 2041 1917 qui
2072 1860 2166 1916 per
2193 1844 2490 1899 essentiam
2523 1849 2743 1895 sanctus
2774 1848 2858 1892 est
2892 1856 2905 1891 :
2941 1854 3046 1891 non
3078 1851 3206 1906 ergo
3236 1846 3472 1890 creatus.

2452 1933 2535 1988 Ea:
2553 1933 2729 1987 eadem
2768 1932 3031 1985 oratione.

2020 2030 2150 2097 Quae
2179 2036 2362 2083 creata
2396 2034 2543 2087 sunt,
2570 2024 2835 2080 creatoris
2863 2032 2990 2077 sunt
3028 2035 3204 2077 serva.
3249 2020 3337 2075 Sic
3380 2022 3527 2075 enim

1949 2114 2217 2184 Propheta
2258 2111 2425 2165 Deum
2472 2107 2765 2176 alloquitur
2807 2123 2822 2160 :
2860 2104 3054 2160 Omnia
3099 2106 3329 2161 serviunt
3360 2108 3454 2160 tibi
3485 2106 3541 2161 ⁸..

1951 2200 2123 2254 Porro
2155 2197 2250 2267 qui
2276 2208 2469 2250 servus
2490 2200 2595 2256 est.
2645 2190 2950 2246 libertatem
2980 2189 3158 2257 alteri,
3189 2198 3242 2246 et
3274 2190 3525 2258 adaptin-

1953 2297 2075 2338 nem
2121 2293 2284 2351 quam
2325 2277 2442 2348 ipse
2489 2283 2676 2331 natura
2708 2288 2815 2328 non
2853 2274 3036 2338 habet,
3066 2273 3251 2343 largiri
3283 2288 3390 2328 non
3440 2288 3549 2342 po-r

1951 2374 2079 2422 test.
2110 2366 2176 2417 At
2203 2360 2439 2433 Spiritus
2468 2370 2693 2416 sanctus
2743 2357 3048 2412 libertatem
3098 2366 3153 2411 et
3182 2357 3526 2427 adoptionem

1951 2451 2235 2519 elargitur.
2292 2446 2504 2516 Quippe
2536 2445 2629 2514 qui
2660 2443 2855 2497 clamat
2890 2443 2944 2496 in
2975 2443 3221 2499 cordibus
3277 2445 3475 2498 nostris
3507 2481 3525 2497 .

1952 2536 2099 2589 Abba
2161 2531 2383 2586 Pater’.
2430 2529 2608 2597 Quare
2655 2543 2763 2583 non
2802 2528 2916 2597 jam
2966 2543 3177 2593 servus,
3222 2528 3318 2585 sed
3368 2528 3528 2593 liber,

1954 2631 2112 2687 atque
2138 2618 2257 2672 ideo
2288 2626 2504 2671 creatus
2538 2628 2642 2669 non
2682 2622 2785 2667 est.

2414 2706 2496 2761 Ea:
2524 2706 2708 2760 eadem
2772 2705 3029 2761 oratione.

2026 2807 2172 2875 Opus
2250 2811 2458 2864 autem,
2515 2800 2710 2869 inquit,
2760 2813 3012 2851 manuum
3069 2799 3184 2867 ejus
3248 2800 3544 2853 annuntiat.

1951 2892 2343 2961 ﬁrmamentum
2398 2885 2465 2950 ³;
2521 2893 2576 2938 ct
2640 2883 2743 2937 alio
2792 2883 2908 2938 loco
2968 2898 2984 2937 :
3046 2882 3216 2952 Opera
3278 2899 3541 2937 manuum

1954 2986 2162 3031 tuarum
2202 2983 2325 3027 sunt
2387 2967 2501 3023 cali
2530 2968 2573 3021 ⁸.
2632 2966 2760 3034 Quae
2806 2981 2935 3022 vero
2985 2967 3094 3022 sint
3159 2966 3250 3022 Dei
3300 2982 3529 3037 corpore

1953 3058 2187 3115 carentis
2233 3059 2563 3123 incorporea:
2609 3067 2823 3116 manus,
2879 3051 3082 3121 quibus
3131 3052 3527 3106 ﬁrmamentum

1953 3145 2225 3211 cmlosque
2253 3136 2559 3202 constituit,
2605 3136 2721 3205 ipse
2753 3134 3019 3204 Propheta
3049 3135 3284 3189 declarat
3340 3152 3354 3189 ε
3408 3134 3533 3189 Ver-

1955 3231 2039 3293 bo,
2072 3227 2339 3296 inquiens,
2385 3221 2593 3275 Domini
2621 3220 2736 3275 creti
2786 3219 2987 3287 ﬁrmati
3044 3229 3189 3283 sunt,
3234 3230 3283 3274 et
3336 3221 3530 3290 spiritu

1955 3316 2064 3370 oris
2095 3314 2208 3384 ejus
2239 3311 2408 3366 omnis
2436 3309 2604 3363 uirtus
2657 3322 2840 3361 eorum
2872 3306 2915 3357 ⁵.
2948 3307 3025 3362 Ac
3073 3308 3527 3374 quemadmodum

1954 3399 2057 3453 hoc
2098 3398 2153 3452 in
2213 3397 2323 3451 Deo
2366 3391 2601 3447 Verbum
2652 3407 2754 3445 non
2805 3390 3202 3457 pronuntiatur,
3250 3395 3341 3446 sed
3399 3392 3532 3446 vivit

1943 3494 2116 3552 atque
2164 3480 2433 3546 subsistit,
2476 3486 2533 3531 et
2552 3476 2733 3530 omnia
2768 3476 2917 3538 iacit.
2951 3476 3031 3530 sic
3083 3477 3245 3530 etiam
3296 3475 3541 3544 Spiritus

1954 3567 2010 3620 in
2060 3564 2170 3619 Deo
2189 3578 2295 3618 non
2320 3571 2404 3618 est
2443 3576 2554 3624 aer,
2579 3559 2671 3629 qui
2708 3557 3038 3613 diti‘undatur
3074 3569 3129 3614 et
3179 3559 3526 3624 dissolvatur,

1954 3650 2046 3706 sed
2089 3648 2261 3702 virtus
2283 3645 2645 3708 sanctiﬁcans,
2675 3658 2796 3712 qua:
2838 3642 3071 3708 inest,et
3112 3645 3347 3712 exsistit,
3399 3648 3553 3702 etin.

1954 3752 2048 3791 sua
2102 3738 2315 3786 constat
2352 3742 2607 3797 persona.

2452 3830 2539 3886 Ea:
2560 3831 2744 3887 eadem
2772 3832 3033 3887 oratione.

2028 3931 2234 4002 Digitus
2264 3929 2354 3985 ille
2382 3927 2501 3992 Dei,
2527 3929 2617 3997 qui
2643 3927 2695 3981 in
2725 3925 2963 3996 Egypto
2994 3927 3265 3996 pulverem
3295 3929 3347 3983 in
3405 3931 3526 3986 ani-

1955 4018 2115 4076 malia
2175 4015 2546 4081 commutavit,
2603 4014 2829 4084 primam
2878 4011 3191 4067 animalium
3246 4014 3530 4070 declarans

1955 4100 2382 4174 generationem,
2424 4097 2736 4153 Paracletus
2762 4106 2900 4161 erat,
2934 4095 3164 4166 Spiritus
3219 4096 3529 4153 illaverita-

1956 4189 2050 4243 tis.
2092 4184 2227 4240 Cum
2259 4185 2405 4240 enim
2462 4190 2576 4237 tres
2620 4183 2969 4253 evangelista
3015 4182 3276 4248 scribant,
3328 4182 3527 4239 Filium

1953 4270 2023 4325 ad
2056 4268 2273 4324 Judaos
2299 4266 2503 4322 dixisse
2523 4285 2556 4321 ε
2576 4264 2634 4321 Si
2664 4282 2757 4336 ego
2774 4267 2828 4320 in
2872 4264 3073 4336 Spiritu
3112 4266 3209 4321 Dei
3240 4268 3392 4336 ejicio
3422 4268 3531 4322 dte-

1954 4353 2158 4414 monia,
2204 4349 2438 4419 profecto
2468 4351 2699 4415 pervenit
2731 4355 2785 4404 in
2816 4367 2902 4405 vos
2934 4368 3144 4421 regnum
3174 4352 3270 4407 Dei
3290 4354 3333 4420 ⁸,
3354 4352 3531 4410 Lucas

1956 4435 2125 4491 refert
2151 4450 2275 4490 eum
2310 4434 2512 4489 dixisse
2549 4452 2561 4488 :
2596 4435 2654 4489 Si
2691 4451 2782 4503 ego
2821 4436 2878 4487 in
2911 4435 3075 4504 digito
3108 4436 3203 4490 Dei
3241 4437 3397 4506 rjicio
3419 4440 3532 4495 da:-

1955 4522 2156 4583 monia,
2200 4518 2434 4587 profecto
2475 4520 2704 4587 pervenit
2735 4522 2791 4574 in
2838 4534 2921 4573 vos
2957 4535 3171 4588 regnum
3199 4525 3450 4578 cmlorum
3484 4528 3528 4581 ’.

281 4601 578 4683 δαιμόνια,
622 4598 735 4683 ἄρα
764 4592 1391 4683 ξφθιισενβςρίὺξιᾶςῄ
1420 4595 1710 4683 ,ϐασιλεία
1735 4594 1851 4648 τῶν

1961 4604 2146 4674 Itaque
2175 4612 2231 4657 et
2262 4618 2382 4671 quae
2407 4617 2503 4669 per
2545 4602 2747 4657 Mosem
2810 4604 2863 4657 in
2914 4601 3149 4673 IEgypto
3212 4605 3354 4661 facta
3402 4624 3527 4663 sunt

286 4680 580 4750 οὐρανῶν.
614 4678 824 4733 Οὐκοῦν
870 4680 966 4731 καὶ
989 4677 1057 4731 τὰ
1101 4676 1189 4730 διὰ
1216 4677 1451 4740 Μωσέως
1496 4677 1764 4749 γενόμενα
1795 4679 1851 4731 ἐν

1961 4688 2132 4758 signa,
2184 4687 2352 4755 digito
2395 4684 2537 4740 facta
2599 4696 2725 4741 sunt
2783 4687 2897 4751 Dei,
2956 4696 3012 4741 et
3059 4688 3375 4745 admiranda
3434 4693 3525 4749 Dei

282 4768 548 4835 Δίγὺπτῳ
582 4765 785 4834 σημεῖα
838 4762 1089 4832 δακτύλῳ
1142 4760 1278 4814 Θεοῦ
1334 4761 1577 4828 ἐγένετο,
1638 4765 1733 4816 καὶ
1786 4764 1855 4816 τα

284 4849 566 4921 παρὰἰοξα
591 4847 684 4900 τοῦ
735 4846 870 4899 Θεοῦ
906 4847 1109 4916 σημεῖα
1154 4844 1622 4916 ἑτελεσιουργεῖτο
1652 4848 1749 4901 σὺν
1779 4848 1858 4918 τῷ

287 4934 596 5003 Πνεῦματι.
642 4931 916 4994 Δάκτυλος
964 4930 1021 4983 δὲ
1064 4928 1198 4983 Θεοῦ
1246 4931 1305 4982 ὲν
1352 4929 1565 4994 τούτοις
1593 4932 1705 4994 τοῖς
1746 4931 1860 4989 ,ὑπὸ

289 5018 557 5080 Μωσέως,
589 5016 684 5070 καὶ
706 5016 819 5078 τοῖς
853 5014 951 5067 τοῦ
998 5014 1205 5085 Κυρίου
1256 5015 1509 5084 σημείοις
1543 5014 1763 5087 εἴρηται
1796 5018 1857 5071 τὸ

290 5102 541 5173 Πνεῦμα,
569 5102 668 5171 οὐχ
697 5102 778 5154 ὅτι
832 5099 1005 5171 μικρά
1038 5099 1120 5165 τίς
1150 5101 1269 5152 ἔστι
1322 5098 1400 5168 τῷ
1455 5098 1575 5170 Θεῷ
1621 5100 1855 5154 συνοῦσα

287 5187 541 5255 δύναμις,
612 5182 869 5255 καθάπερ
928 5181 1141 5254 σώματι
1190 5182 1473 5249 δάκτυλος,
1515 5184 1633 5238 ἀλλ’
1667 5185 1856 5256 ἐπειδὴ

281 5270 345 5322 ’ἐν
371 5288 424 5323 τι
452 5270 560 5323 τῶν
583 5270 725 5323 κατὰ
752 5268 1022 5338 διαίρεσιν
1049 5267 1408 5338 χαρισμάτων
1434 5267 1602 5321 αὐτοῦ
1636 5268 1755 5322 ἐστι
1794 5271 1857 5322 τὸ

288 5356 536 5425 χάρισμα
556 5354 665 5407 τῶν
689 5353 933 5425 σημείων
954 5355 1049 5406 καὶ
1076 5352 1344 5422 ἰαμάτων,
1366 5352 1426 5407 τδ
1447 5352 1509 5407 ἓν
1524 5369 1600 5416 τι,
1620 5355 1714 5407 καὶ
1732 5354 1857 5424 οὐχὶ

286 5454 354 5488 τα
385 5438 482 5491 ὅλα
505 5437 821 5508 χαρίσματα
846 5436 941 5489 τοῦ
961 5434 1277 5506 Πνεύματος
1302 5435 1570 5491 δάκτυλον
1590 5439 1767 5507 καλεῖ.
1786 5431 1853 5510 ᾮ

284 5520 398 5588 μὲν
420 5521 529 5589 γὰρ
548 5520 642 5574 διὰ
662 5518 770 5573 τοῦ
792 5519 1136 5587 Πνεύματος
1155 5518 1383 5573 δίδοται
1404 5520 1587 5589 λόγος
1605 5523 1852 5591 σοφίας,

289 5604 455 5669 ἄλλῳ
490 5602 560 5655 δὲ
595 5604 778 5672 λόγος
797 5601 1071 5672 γνώσεως
1102 5601 1252 5656 κατὰ
1289 5603 1354 5656 τὸ
1383 5604 1532 5658 αὐτύ
1567 5605 1851 5675 Πνεῦμα·

288 5687 454 5750 ἄλλῳ
483 5687 551 5741 δὲ
572 5688 912 5759 χαρίσματα
937 5685 1195 5757 ἰαμάτων
1212 5686 1281 5741 ἐν
1305 5685 1385 5753 τῷ
1402 5688 1493 5743 ἐνί
1516 5691 1818 5761 [Ir-stimet
1837 5708 1853 5722 ο

1955 4772 2110 4839 signa
2141 4769 2345 4839 Spiritu
2404 4768 2645 4839 perfecta
2670 4779 2821 4825 sunt.
2859 4769 3032 4825 Porro
3083 4772 3175 4826 Dei
3218 4773 3424 4844 digitus
3471 4776 3533 4831 in

1954 4855 2042 4908 bis
2065 4853 2236 4923 signis
2271 4867 2390 4920 quae
2430 4866 2461 4906 a
2484 4851 2630 4907 Mosa
2659 4862 2714 4907 et
2739 4869 2768 4907 a
2816 4853 3046 4909 Domino
3088 4864 3219 4911 sunt
3255 4857 3527 4923 confecta,

1916 4951 1929 4964 ·
1956 4940 2136 4993 dictus
2166 4947 2251 4993 est
2283 4935 2540 5007 Spiritus.
2577 4952 2683 4992 non
2707 4940 2850 5007 quod
2883 4952 3049 5010 parva
3074 4942 3319 5011 quaedam
3356 4943 3532 5000 virtus

1956 5024 2025 5078 sit
2052 5023 2102 5076 in
2138 5022 2271 5086 Deo,
2299 5030 2356 5077 ut
2383 5022 2434 5077 in
2467 5036 2696 5091 corpore
2723 5021 2948 5091 digitus,
2978 5026 3071 5079 sed
3100 5026 3247 5095 quod
3278 5027 3331 5081 in
3389 5030 3528 5085 divi-

1956 5105 2111 5160 sione
2171 5107 2473 5175 gratiarum
2556 5105 2698 5173 ejns,
2737 5120 2842 5160 una
2896 5112 3144 5175 quaedam
3203 5110 3414 5165 illarum
3448 5124 3531 5167 est

1955 5190 2129 5258 gratia
2209 5190 2486 5257 signorum
2554 5197 2611 5243 et
2666 5190 3061 5259 curationum;
3114 5193 3319 5250 idcirco
3369 5210 3529 5250 unam

1954 5274 2123 5336 banc,
2155 5287 2261 5326 non
2293 5282 2474 5326 autem
2503 5272 2788 5329 universas
2817 5272 3053 5344 Spiritus
3084 5278 3288 5344 gratias
3344 5281 3531 5348 appel-

1954 5356 2029 5411 lat
2062 5356 2291 5424 digitum
2322 5355 2413 5412 Dei
2445 5355 2590 5409 :Aiii
2615 5358 2752 5410 enim
2770 5373 2862 5424 per
2892 5354 3156 5425 Spiritum
3189 5363 3350 5415 datur
3364 5378 3530 5418 sermo

1954 5441 2251 5505 saoientiae,
2284 5441 2380 5493 alii
2443 5456 2613 5494 sermo
2679 5441 2913 5495 scientia
2959 5445 3247 5499 secundum
3294 5449 3529 5502 eumdem

1962 5521 2251 5593 Spiritum;
2279 5526 2562 5595 aiiigratia
2587 5527 2996 5581 curationumin
3032 5543 3137 5582 uno
3172 5529 3402 5601 Spiritu,
3437 5532 3531 5588 alii

1956 5607 2254 5677 proiiltetia,
2280 5609 2377 5662 alii
2406 5608 2652 5662 discretio
2720 5611 3035 5677 spirituum.
3074 5613 3172 5667 alii
3195 5631 3384 5683 genera
3429 5617 3529 5670 lin-

1960 5708 2208 5764 guarum,
2263 5692 2359 5746 alii
2408 5693 2768 5760 interpretatio
2827 5713 3169 5754 sermonum:
3203 5701 3315 5755 Ita'c
3360 5712 3529 5757 autem

362 5803 376 5832 ⁸
416 5801 557 5855 Psal.
584 5816 770 5881 carm,
800 5801 890 5859 9|.
970 5801 1179 5858 ’Galat.
1216 5817 1290 5869 IV,
1316 5801 1370 5857 6.
1449 5802 1471 5835 ³
1496 5802 1639 5862 Psal.
1674 5820 1831 5873 mn,
1859 5808 1916 5864 2.
1994 5805 2188 5863 ‘Psal.
2218 5824 2290 5873 cr,
2312 5806 2402 5863 26.
2483 5810 2504 5841 ⁸
2533 5808 2677 5866 Psal.
2712 5827 2881 5880 χχιιι,
2907 5814 2960 5868 6.
3043 5814 3272 5870 ‘Mattb.
3310 5832 3409 5881 xit,
3441 5818 3529 5869 ‘28.

295 5875 310 5903 τ
346 5870 473 5927 an.
500 5889 573 5939 ιι,
614 5872 705 5937 20,
