3920 6552
436 464 540 528 727

1665 459 2049 525 EUTHYMII
2088 460 2453 526 ZIGABENI

3563 458 3658 524 728

433 580 613 634 omnia
677 587 929 650 operatur
972 595 1106 634 unus
1161 589 1211 634 et
1265 580 1404 635 idem
1454 579 1710 652 Spiritus,
1774 579 2001 635 dividens

2110 579 2282 646 ἄλλῳ
2301 581 2369 635 δὲ
2390 581 2720 651 προφητεία
2739 598 2754 612 ο
2793 581 2960 648 ἄλλῳ
2987 579 3056 636 δὲ
3091 578 3384 644 διάκρισις
3414 579 3659 647 πνευμά-

429 665 655 732 singulis
699 673 856 734 prout
914 664 1028 718 uult
1073 668 1114 720 ί.
1195 663 1407 720 Dixerit
1470 667 1668 736 aliquis
1725 667 1825 721 has
1881 681 2004 721 om-

430 764 548 813 nes,
580 756 633 802 et
665 748 822 814 alias,
849 764 1188 820 quaecunque
1221 762 1345 806 sunt
1373 751 1610 820 Spiritus
1639 753 1852 822 gratim,
1882 765 2005 806 esse

431 840 685 899 tanquam
744 847 942 900 corpus
991 833 1182 904 ipsius,
1235 835 1477 904 singulas
1526 844 1705 890 autem
1759 836 2002 903 ipsarum

428 913 654 983 digitum
724 917 1006 986 appellari.
1062 919 1237 988 Atque
1292 918 1439 973 hunc
1488 919 1709 988 quidem
1772 918 2004 988 hujusce

427 999 579 1053 verbi
606 1015 759 1053 usum
793 1016 862 1056 ne
883 1002 1213 1070 despexeris.
1243 1001 1377 1056 Nam
1407 1019 1528 1058 cum
1567 1004 1791 1058 dixisset
1829 1023 1841 1057 :
1874 1006 2004 1058 Ηιεε

427 1081 608 1136 omnia
641 1083 875 1150 Spiritus
927 1097 1214 1153 operatur,
1271 1095 1328 1139 ut
1389 1088 1524 1153 uult,
1573 1089 1638 1142 de
1701 1087 1811 1143 Deo
1856 1087 1999 1142 idem

427 1164 504 1218 ait
574 1186 589 1223 :
643 1167 944 1223 Divisiones
1000 1173 1365 1239 operationum
1431 1182 1576 1235 sunt,
1626 1173 1762 1226 idem
1827 1182 2002 1228 autent

424 1248 590 1312 Deus,
644 1254 734 1321 qui
774 1263 1025 1320 operatur
1065 1259 1245 1310 omnia
1297 1258 1351 1312 in
1389 1259 1629 1312 omnibus
1663 1259 1705 1312 '.
1741 1257 1897 1325 Quod
1953 1259 1998 1312 si

425 1347 686 1402 operatur
721 1339 902 1392 omnia
940 1336 1079 1395 Deus
1111 1353 1169 1395 ut
1211 1341 1344 1406 vult,
1387 1352 1440 1396 et
1470 1346 1582 1396 haer-
1628 1345 1807 1398 omnia
1871 1358 2003 1410 ope-

429 1431 580 1474 ratur
602 1437 740 1475 unus
773 1433 826 1478 et
858 1424 994 1478 idem
1025 1424 1281 1494 Spiritus,
1305 1427 1551 1481 dividens
1585 1429 1811 1497 singulis
1837 1437 2001 1497 prout

427 1504 561 1561 vult.
594 1509 864 1574 quomodo
897 1507 1184 1562 diversitas
1211 1511 1464 1564 essentia
1512 1512 1603 1576 sit,
1674 1511 1762 1564 ubi
1809 1511 1997 1566 eadem

428 1588 659 1642 actionis
687 1591 766 1644 vis
796 1590 818 1642 ?
843 1589 1081 1646 Diversis
1133 1593 1292 1647 enim.
1323 1594 1580 1648 essentiis
1633 1607 1698 1648 ex
1749 1593 1998 1648 Ettttomii

427 1673 694 1728 sententia
751 1674 996 1730 diversas
1064 1691 1186 1732 esse
1246 1679 1494 1734 actiones
1559 1679 1863 1747 oportebat.
1932 1679 2000 1732 At

425 1755 670 1811 eamdem
698 1757 919 1827 Spiritui
947 1759 1330 1815 auctoritatem
1370 1777 1434 1817 ac
1497 1770 1821 1832 potestatem
1871 1763 1999 1819 Ser-

428 1850 582 1894 vator
616 1856 738 1897 esse
787 1843 1104 1910 testificaris,
1146 1844 1397 1915 Spiritus,
1450 1849 1646 1920 inquit,
1708 1850 1798 1904 ubi
1861 1851 1995 1917 uult,

425 1927 592 1993 spirat
626 1926 666 1981 ³.

893 2172 975 2225 Ea:
1007 2175 1190 2229 eadem
1219 2177 1490 2231 oratione.

497 2259 588 2314 Dei
627 2265 902 2345 proprium
933 2273 1018 2319 est
1074 2267 1350 2326 dimittere
1414 2279 1658 2338 peccata,
1699 2287 1820 2327 cum
1875 2273 1994 2345 ipse

425 2343 572 2398 dicat
620 2360 634 2397 :
686 2343 797 2414 Ego
820 2362 957 2411 sum,
990 2349 1079 2419 qui
1131 2350 1279 2405 deleo
1321 2365 1536 2420 peccata
1565 2364 1654 2408 tua
1689 2355 1732 2410 δ.
1776 2355 1840 2411 Et
1883 2343 1911 2411 ε-
1937 2356 1997 2412 Si

425 2427 626 2494 fuerint
649 2439 861 2487 peccata
885 2444 1054 2486 vestra
1096 2435 1175 2486 uti
1194 2436 1532 2503 vermiculus,
1608 2439 2002 2495 dealbabuntur

428 2521 680 2578 tanquam
732 2514 842 2574 nia),
909 2516 991 2568 sin
1033 2517 1228 2586 fuerint
1284 2528 1339 2573 ut
1401 2523 1688 2589 coccinum,
1747 2535 1998 2594 tanquam

428 2593 554 2649 lana
583 2597 704 2651 alba
722 2600 929 2656 erunt'.
958 2603 1217 2658 Dominus
1243 2621 1370 2661 vero
1393 2607 1672 2664 insuﬂlans
1688 2593 1950 2680 apostblis
1980 2629 1993 2664 :

431 2681 687 2751 Accipite,
712 2684 904 2754 inquit,
944 2685 1205 2756 Spiritum
1255 2702 1496 2746 sanctum
1529 2707 1548 2746 :
1577 2710 1798 2763 quorum
1841 2697 2000 2750 remi-

428 2765 604 2820 seritis
632 2778 868 2833 peccata,
905 2773 1252 2827 remittuntur
1299 2777 1372 2829 eis
1403 2776 1442 2833 ⁸.
1487 2777 1544 2833 Si
1593 2779 1795 2834 nullius
1835 2781 1998 2848 igitur

426 2857 531 2912 est,
566 2851 838 2907 remittere
862 2867 1102 2924 peccata,
1140 2868 1196 2910 ut
1224 2861 1467 2928 profecto
1497 2877 1599 2917 non
1628 2873 1732 2928 est,
1777 2863 1879 2918 nisi
1905 2880 1997 2919 so-

429 2930 534 3017 lius
577 2933 693 2999 Dei,
735 2937 969 3006 Spiritus
999 2953 1179 2995 autem
1227 2956 1449 3000 sanctus
1476 2961 1536 3000 ea
1573 2963 1668 3016 per
1719 2949 1998 3017 apostolos

427 3016 692 3074 dimittit:
727 3020 960 3091 Spiritus
1002 3037 1223 3082 sanctus
1283 3030 1538 3086 nimirum
1591 3044 1677 3089 est
1718 3016 1880 3096 Deus,
1944 3045 2002 3090 et

427 3105 696 3170 eamdem,
731 3121 889 3176 quam
946 3109 1110 3165 Pater
1140 3122 1194 3166 et
1217 3111 1403 3179 Filius,
1441 3119 1711 3172 actionem
1739 3117 1926 3173 habet.

903 3201 986 3256 Ea:
1017 3207 1197 3262 eadem
1233 3209 1494 3264 oratione.

2107 683 2246 730 των,
2270 666 2438 732 ἄλλῳ
2470 667 2541 719 δὲ
2561 667 2703 735 γένη
2742 665 3058 737 γλωσσῶν,
3093 664 3260 728 ἄλλῳ
3293 663 3364 717 δὲ
3400 664 3661 732 ἑρμηνεία

2108 753 2424 822 γλωσσῶν.
2467 754 2658 808 Ταῦτα
2698 753 2768 805 δὲ
2799 754 2996 806 πάντα
3029 749 3262 819 ἐνεργεῖ
3287 749 3353 803 τὸ
3381 748 3450 803 ἓν
3487 751 3576 803 καὶ
3599 751 3658 804 τὸ

2106 837 2256 890 αὐτὸ
2280 838 2518 906 Πνεῦμα
2542 835 2816 904 διαιροῦν
2834 837 2954 890 ίδία
2979 835 3212 897 ἑκάστῳ
3239 831 3436 896 καθὼς
3456 833 3660 896 ,ϐούλε-

2107 940 2222 977 ται.
2249 923 2405 976 Εἴποι
2423 917 2519 975 οὖν
2543 939 2628 985 τις
2652 921 2738 985 ἂν,
2764 923 2846 976 ὅτι
2866 919 3039 972 ταῦτα
3070 919 3266 978 πάντα,
3292 917 3389 969 καὶ
3413 919 3513 970 ὅσα
3539 917 3662 972 ἄλλα

2107 1006 2427 1076 χαρίσματά
2447 1007 2554 1058 εἰσι
2572 1002 2664 1058 τοῦ
2693 1004 3028 1074 Πνεῦματος,
3047 1002 3236 1072 ὥσπερ
3252 1019 3304 1054 τι
3335 1002 3493 1070 σῶμα
3513 998 3661 1053 αὐτοῦ

2105 1091 2392 1160 τυγχάνει,
2433 1091 2494 1144 τὸ
2526 1090 2582 1143 δὲ
2621 1090 2745 1144 καθ’
2779 1089 2838 1141 ἓν
2863 1088 2976 1141 τῶν
3004 1087 3366 1158 χαρισμάτων
3393 1085 3659 1149 δάκτυλος.

2106 1175 2219 1229 Καὶ
2244 1176 2404 1228 τοῦτο
2427 1176 2483 1229 δὲ
2516 1175 2576 1226 τὸ
2600 1175 2875 1244 χρήσιμον
2906 1172 3004 1239 τῆς
3035 1171 3232 1235 λέξεως
3283 1170 3361 1240 μὴ
3398 1170 3620 1240 παρίδῃς
3647 1185 3660 1200 ⁸

2104 1259 2310 1314 Πάντα
2365 1262 2494 1329 γὰρ,
2536 1261 2737 1330 φήσας,
2773 1258 2962 1311 ταῦτα
3001 1254 3238 1324 ἐνεργεῖ
3283 1255 3352 1307 τὸ
3416 1251 3661 1321 Πνεῦμα,

2104 1349 2302 1412 καθὼς
2329 1347 2642 1410 βούλεται,
2668 1343 2760 1396 καὶ
2790 1344 2918 1410 περὶ
2943 1340 3079 1395 Θεοῦ
3108 1343 3136 1394 6
3177 1341 3344 1403 αὐτὸς
3381 1337 3485 1407 ἔφη
3511 1354 3524 1367 ·
3566 1336 3663 1390 Kal

2103 1430 2424 1500 διαιρέσεις
2455 1427 2876 1499 ἐνεργημάτων
2903 1428 3064 1482 εἰσίν
3089 1443 3105 1460 ·
3138 1428 3172 1480 ό
3203 1424 3272 1478 δὲ
3307 1424 3492 1489 αὐτὸς
3514 1423 3660 1488 Θεὸς,

2103 1518 2136 1570 ό
2165 1513 2427 1585 ἐνεργῶν
2464 1516 2536 1568 τὰ
2560 1513 2760 1567 πάντα
2789 1513 2860 1566 ἐν
2884 1510 3096 1566 πᾶσιν.
3135 1509 3199 1563 El
3225 1510 3282 1563 δὲ
3314 1509 3496 1561 πάντα
3523 1508 3662 1576 ἐνερ-

2104 1601 2191 1670 γεῖ
2213 1601 2240 1655 6
2271 1599 2429 1664 Θεὸς,
2472 1599 2656 1662 καθὼς
2694 1597 2971 1668 βούλεται,
3023 1595 3142 1659 πῶς
3175 1592 3439 1663 ἑτερότης
3469 1592 3660 1656 οὐσίας,

2101 1685 2230 1739 ἔνθα
2256 1685 2526 1754 ταυτότης
2555 1683 2838 1752 ἐνεργείας
2874 1679 3210 1751 γνωρίζεται
3237 1695 3250 1743 ;
3273 1676 3662 1747 Παρηλλαγμέ-

2104 1785 2210 1821 νων
2248 1767 2360 1838 γάρ
2386 1767 2492 1820 τῶν
2523 1765 2742 1827 οὐσιῶν,
2776 1761 3242 1834 παρηλλαγμένας
3269 1756 3415 1812 εἶναι
3445 1756 3549 1810 ἔδει
3579 1757 3662 1809 καὶ

2103 1850 2200 1913 τὰς
2235 1848 2525 1920 ἐνεργείας
2550 1850 2692 1902 κατὰ
2713 1848 2806 1901 τὸν
2828 1844 3196 1899 ἀσεϐέστατον
3237 1840 3528 1909 Εὐνόμιον.
3563 1839 3663 1907 Τὴν

2030 1937 2074 1992 Β
2104 1933 2160 1987 δὲ
2235 1932 2406 2001 αὐτὴν
2447 1931 2737 1989 αὐθεντίαν
2796 1931 2890 1983 καὶ
2946 1927 3194 1993 ἐξουσίαν
3249 1923 3544 1994 μαρτυρῶν
3596 1921 3664 1990 τῷ

2107 2016 2392 2088 Πνεύματι
2431 2019 2457 2072 6
2493 2016 2706 2086 Σωτὴρ,
2743 2014 2812 2068 Τὸ
2847 2012 3114 2083 Πνεῦμα,
3164 2009 3293 2082 ἔφη,
3332 2009 3486 2062 ὅπου
3520 2005 3662 2062 θέλει

2107 2109 2262 2160 πνεῖ.

2659 2177 2741 2229 Ere
2776 2173 2882 2228 τοῦ
2933 2173 3143 2228 αὐτοῦ.

2180 2270 2344 2324 Ἵδιον
2392 2267 2530 2322 Θεοῦ
2561 2269 2784 2338 ἀφιέναι
2824 2267 3127 2338 ἁμαρτίας,
3158 2263 3332 2319 αὐτοῦ
3382 2261 3621 2329 λέγοντος
3646 2271 3658 2286 ·

2119 2355 2266 2425 Ἐγώ
2294 2358 2412 2426 εὶμι
2449 2358 2481 2409 ό
2517 2355 2856 2422 ὲΕαλεΙφων
2883 2353 2991 2416 τὰς
3031 2351 3328 2419 ἁμαρτίας
3362 2360 3502 2410 σου,
3540 2343 3659 2397 καί·

2119 2441 2262 2494 Ἐὰν
2286 2434 2439 2494 ὦσιν
2485 2441 2544 2494 ιιι
2584 2439 2858 2508 ἁμαρτίαι
2897 2435 3065 2504 ὑμῶν
3101 2435 3182 2500 ὡς
3211 2431 3549 2503 φοινικοῦν,
3593 2428 3662 2493 ὡς

2106 2527 2282 2593 χιόνα
2327 2521 2626 2586 λευκανῶ,
2689 2523 2799 2575 ἐὰν
2837 2519 2905 2573 δὲ
2939 2513 3092 2573 ὦσιν
3131 2518 3213 2583 ὡς
3250 2517 3554 2578 κόκκινον,
3593 2513 3663 2576 ὡς

2106 2609 2272 2676 ἔριον
2300 2605 2599 2662 λευκανῶ.
2636 2605 2697 2656 Ὀ
2726 2605 2782 2657 δὲ
2831 2602 3034 2673 Κύριος
3071 2601 3339 2670 ἐμφυσῶν
3390 2600 3503 2662 τοῖς
3541 2597 3664 2649 ἀπο-

2109 2694 2317 2756 στόλοις
2356 2692 2459 2761 ἒφη
2493 2708 2508 2723 ·
2552 2690 2777 2744 Λάϐετε
2836 2686 3080 2755 Πνεῦμα
3110 2687 3306 2754 ἅγιον.
3341 2685 3446 2736 Ἂν
3502 2695 3663 2735 τινων

2106 2779 2299 2848 ἀφῆτε
2333 2775 2439 2841 τὰς
2468 2776 2777 2845 ἁμαρτίας,
2812 2774 3086 2842 asc/errat
3120 2770 3353 2836 αὐτοῖς.
3385 2771 3448 2822 El
3503 2767 3663 2819 τοίνυν

2106 2861 2320 2925 οὐδενός
2343 2862 2494 2914 ἐστιν
2542 2859 2767 2927 ἀφιέναι
2813 2856 3117 2927 ἁμαρτίας,
3173 2857 3372 2922 ὥσπερ
3403 2855 3501 2908 οὐκ
3529 2854 3660 2906 ἔστιν

2107 2951 2156 3003 εί
2215 2947 2289 3017 μὴ
2329 2945 2496 3015 μόνου
2537 2943 2694 3008 Θεοῦ,
2731 2943 2923 3011 ἀφίησι
2958 2940 3016 2993 δὲ
3057 2942 3118 2994 τὸ
3150 2939 3382 3009 Πνεῦμα
3429 2940 3488 2991 τὸ
3521 2937 3660 3004 ἅγιον

2105 3034 2195 3089 διὰ
2237 3035 2348 3085 τῶν
2376 3030 2715 3092 ἀποστόλων,
2753 3028 2884 3092 Θεὸς
2911 3027 3019 3099 ἄρα
3047 3027 3107 3080 τὸ
3136 3026 3372 3097 Πνεῦμα
3404 3025 3464 3078 τὸ
3502 3024 3659 3092 ἆγιθν,

2109 3119 2199 3172 καὶ
2227 3118 2325 3186 τῆς
2362 3116 2532 3183 αὐτῆς
2568 3113 2850 3183 ἐνεργείας
2878 3111 2955 3180 τῷ
2989 3111 3162 3181 Harp!
3196 3112 3294 3163 καὶ
3333 3110 3413 3180 τῷ
3443 3109 3568 3179 Υίῷ.

2661 3206 2762 3257 Ἐκ
2786 3202 2891 3255 τοῦ
2919 3201 3131 3255 αὐτοῦ.

516 3289 657 3345 Vade
707 3292 1043 3361 Damascum,
1076 3309 1122 3352 et
1179 3303 1256 3355 ibi
1314 3303 1518 3358 dicetur
1569 3305 1687 3366 tibi,
1750 3308 1997 3374 quoniam

2175 3302 2446 3369 Πορεύου
2479 3303 2566 3364 είς
2590 3297 2946 3366 Δαμασκὸν,
2979 3295 3158 3351 κάκεῖ
3195 3310 3300 3350 σοι
3333 3293 3661 3364 λαληθήσε-

429 3389 520 3426 uas
552 3374 817 3432 electionis
849 3381 975 3433 milii
997 3399 1050 3436 es
1083 3385 1124 3436 ⁷.
1157 3383 1419 3442 Dominus
1470 3388 1633 3457 igitur
1665 3389 1830 3446 Paulo
1879 3408 2002 3448 eum

429 3461 810 3527 apparuisset,
869 3464 1081 3522 locutus
1131 3479 1234 3523 est.

433 3541 681 3610 ingresso
715 3546 953 3603 Ananiae
1013 3553 1090 3605 ait
1127 3568 1142 3605 :
1177 3552 1340 3608 Saule
1374 3556 1564 3624 frater,
1593 3560 1811 3628 respice,
1863 3559 2003 3614 Dem

430 3633 646 3692 patrum
686 3631 840 3700 elegit
863 3642 912 3687 te
941 3634 987 3690 ⁸.
1045 3639 1123 3691 Ac
1163 3653 1230 3693 ne
1271 3653 1373 3692 vox
1408 3640 1497 3694 illa
1531 3643 1671 3697 Deus
1696 3643 1762 3699 de
1785 3643 2004 3698 Christo

431 3711 780 3785 intelligatur,
817 3719 1078 3788 subjicit:
1123 3720 1187 3775 Ut
1217 3724 1391 3792 facias
1438 3727 1758 3783 voluntatem
1788 3729 1923 3799 ejus,
1954 3738 2004 3784 et

429 3813 714 3867 cognoscas
754 3803 961 3872 justum
1009 3807 1174 3876 ipsius
1221 3807 1426 3864 Iesum.
1461 3809 1578 3881 lpse
1612 3828 1738 3868 vere
1767 3816 2008 3868 vocatio~

431 3900 556 3940 nem
602 3895 658 3943 et
685 3887 1006 3944 electionem
1050 3892 1308 3961 scriptam
1364 3894 1678 3965 relinquens
1715 3916 1728 3951 :
1781 3897 2003 3961 Paulus,

430 3969 822 4042 inquit,servus
839 3972 968 4029 Iesu
992 3975 1211 4043 Christi,
1233 3990 1444 4033 vocatus
1458 3981 1724 4049 apostolus
1743 3984 1786 4036 θ.
1805 3981 2007 4039 Deinde

433 4060 705 4114 vocationi
745 4060 891 4115 aliud
944 4063 1200 4130 quiddam
1234 4063 1516 4133 adjungit:
1551 4066 1883 4138 Segregatus,
1927 4071 2008 4125 iu-

432 4144 645 4212 quieus,
678 4144 732 4198 in
768 4142 1111 4216 Euangelium
1149 4146 1244 4201 Dei
1275 4148 1342 4203 '°.
1403 4149 1559 4216 Quod
1605 4160 1784 4206 autem
1833 4153 1942 4219 ille,
1975 4172 2004 4208 ιι

433 4243 541 4296 quo
581 4239 900 4298 segregatus
937 4240 1043 4295 est,
1083 4229 1248 4286 luerit
1282 4231 1517 4300 Spiritus
1563 4243 1805 4304 sanctus,
1839 4238 2008 4294 Actus

432 4314 800 4382 apostolorum
831 4319 1206 4383 ostenderunt,
1243 4320 1332 4374 ubi
1372 4323 1637 4390 scriptum
1675 4331 1760 4379 est
1793 4339 1808 4377 :
1857 4324 2008 4392 Jeju-

436 4397 683 4452 nantibus
709 4408 888 4453 autem
919 4402 1194 4468 apostolis,
1227 4412 1276 4456 et
1313 4404 1584 4459 orantibus
1611 4407 1744 4461 dixit
1773 4406 2006 4474 Spiritus

433 4495 646 4537 satietas
679 4500 697 4538 :
729 4483 1006 4556 Segregale
1052 4489 1178 4542 mihi
1232 4488 1460 4543 Paulum
1507 4501 1554 4542 et
1613 4489 1911 4544 Barnabam
1952 4493 2008 4546 in

434 4582 587 4634 opus.
627 4568 698 4620 ad
723 4569 862 4639 quod
894 4571 1072 4625 vocavi
1097 4587 1184 4626 eos
1219 4571 1282 4626 “.
1317 4571 1468 4638 Quod
1508 4573 1551 4626 si
1590 4570 1811 4626 Paulum
1843 4573 2009 4642 elegit

1301 3470 1366 3525 At
1425 3472 1600 3527 eidem
1680 3475 2015 3530 Damascum

2105 3405 2222 3452 ται,
2258 3388 2347 3440 ὅτι
2378 3386 2604 3451 σκεῦος
2637 3380 2900 3451 ἐκλογῆς
2925 3398 3026 3450 μοι
3070 3376 3161 3444 εἶ,
3210 3381 3508 3450 οὐρανόθεν
3562 3385 3661 3434 ἑπι-

2108 3473 2299 3542 φανεὶς
2352 3473 2381 3524 6
2444 3469 2648 3541 Κύριος
2681 3467 2758 3538 τῷ
2792 3467 2988 3535 Παύλῳ
3042 3465 3167 3536 ἔφη.
3216 3466 3458 3518 Είσιόντι
3515 3465 3565 3518 δὲ
3592 3466 3661 3527 εἰς

2107 3555 2400 3627 Δαμασκὸν
2437 3553 2684 3616 Ἀνανίας
2716 3552 2820 3622 ἔφη
2851 3567 2867 3584 ⁸
2899 3549 3100 3604 Σαοὺλ
3123 3548 3379 3618 ἀδελφέ,
3426 3549 3658 3603 ἀνάϐλε-

2106 3645 2241 3709 erat,
2274 3643 2307 3695 ό
2333 3639 2478 3705 Θεὸς
2507 3638 2627 3692 τῶν
2650 3636 2923 3702 πατέρων
2948 3634 3417 3702 προεχειρίσατό
3443 3649 3532 3686 σε.
3563 3633 3658 3686 Καὶ

2109 3727 2197 3778 ἵνα
2236 3725 2311 3794 μὴ
2364 3723 2492 3791 περὶ
2543 3721 2784 3792 Χριστοῦ
2827 3719 3060 3790 νομισθῇ
3089 3718 3148 3772 τύ
3178 3718 3356 3787 ῥῆμα,
3387 3715 3619 3785 ἐπιλέγει
3643 3728 3656 3745 ·

2112 3811 2228 3865 Τοῦ
2261 3808 2514 3874 ποιῆσαι
2567 3808 2632 3859 τὸ
2657 3806 2887 3874 θέλημα
2914 3804 3124 3868 αὑτοῦ,
3190 3804 3288 3856 καὶ
3324 3802 3538 3871 γνῶναι
3567 3799 3660 3854 τὸν

2106 3899 2344 3951 δίκαιον
2369 3893 2556 3947 αὐτοῦ
2580 3890 2848 3958 Ἰησοῦν.
2887 3891 2983 3951 Ὃς
3011 3889 3074 3958 δὴ
3104 3888 3203 3958 τὴν
3233 3887 3448 3956 κλῆσιν,
3470 3887 3558 3939 καὶ
3575 3883 3658 3954 τὴν

2109 3979 2454 4052 προχείρισιν
2484 3976 2836 4043 ἀνάγραπτον
2893 3972 3220 4039 ποιούμενος
3249 3971 3358 4041 ἔφη
3387 3985 3401 4000 ⁸
3438 3968 3658 4052 Παῦλος

2109 4047 2330 4130 δοῦλος
2369 4059 2565 4129 Ἰησοῦ
2595 4056 2853 4126 Χριστοῦ
2883 4055 3112 4124 κλητὸς
3149 4053 3517 4117 ἀπόστολος.
3544 4047 3658 4105 Εἶτα

2111 4151 2206 4204 καὶ
2257 4148 2384 4202 ἄλλο
2409 4163 2461 4197 τι
2492 4142 2632 4212 πρὸς
2662 4144 2726 4210 τῇ
2763 4141 2952 4208 κλήσει
3016 4139 3198 4206 λέγει’
3234 4136 3657 4208 Ἀςρωρισμένος

2109 4234 2196 4298 εις
2223 4228 2598 4297 Εὑαγτέλιον
2629 4223 2799 4277 Θεοῦ.
2843 4222 2918 4275 Τὸ
2967 4221 3022 4274 δὲ
3055 4222 3328 4291 ἀφορίςαν
3364 4223 3423 4274 τὸ
3453 4219 3656 4289 Πνεῦμα

2110 4314 2397 4383 τυγχάνειν
2450 4310 2508 4362 αι
2563 4306 2796 4378 Πράξεις
2848 4305 2958 4358 τῶν
2999 4305 3318 4359 ἀποστόλων
3381 4304 3652 4369 ἐδίδαξαν

2109 4397 2550 4466 Νηστευόντων
2600 4391 2733 4462 γὰρ,
2783 4391 2938 4460 φησι,
2984 4390 3102 4444 τῶν
3157 4391 3535 4452 ἀποστόλων,
3567 4385 3653 4440 καί

2111 4499 2172 4550 ,σπι
2193 4479 2634 4549 οσευχομένων,
2665 4473 2786 4530 εἷπε
2819 4478 2880 4529 τὸ
2913 4475 3138 4546 Πνεῦμα
3162 4477 3220 4529 τὸ
3243 4477 3400 4541 ἅγιον
3419 4493 3432 4506 ⁸
3451 4471 3655 4544 Ἀφορίο

2111 4582 2260 4620 cate
2288 4565 2364 4632 δή
2394 4580 2495 4632 μοι
2527 4561 2633 4614 τὸν
2679 4561 2947 4623 Παῦλον,
2981 4561 3079 4613 καὶ
3109 4559 3218 4613 τὸν
3241 4559 3548 4629 Βαρνάϐαν
3580 4557 3653 4619 είς

439 4649 697 4705 Dominus
735 4637 888 4708 Deus
940 4663 1178 4722 patrum,
1239 4637 1398 4722 quem
1455 4663 1634 4708 autem
1687 4655 1773 4710 hic
1822 4637 2001 4726 elegit,

2113 4651 2180 4705 τὸ
2209 4651 2418 4718 ἔργον,
2450 4646 2482 4698 ὃ
2510 4644 2966 4714 προσκέκλημαι
3002 4644 3247 4710 αὐτούς.
3285 4645 3347 4696 Et
3377 4644 3430 4697 δὲ
3457 4641 3655 4726 ἐκλέγε-

433 4731 585 4808 imuc
615 4748 861 4808 segregat
891 4736 1133 4808 Spiritus
1174 4747 1421 4804 sanctus,
1451 4749 1655 4794 natura:
1690 4751 1848 4795 nitens
1875 4757 2012 4796 auc-

434 4818 674 4886 toritate,
733 4825 1004 4890 quomodo
1027 4823 1276 4879 essentia:
1305 4823 1592 4878 diversitas
1625 4825 1679 4878 in
1721 4822 2008 4892 Trinitate,

433 4899 488 4954 in
547 4917 653 4973 qua
691 4905 883 4960 eadem
917 4905 1150 4962 actionis
1178 4906 1260 4959 vis
1296 4907 1619 4962 invenitur?

927 5143 1010 5197 Ex
1033 5143 1214 5197 eadem
1245 5147 1502 5202 oratione.

510 5236 681 5290 Isaias
713 5237 971 5303 propheta
1005 5248 1019 5286 :
1063 5234 1204 5302 Vidi,
1235 5236 1428 5306 inquit,
1463 5239 1749 5298 Dominum
1777 5243 2007 5302 Sabaoth

435 5322 703 5374 sedentem
741 5319 796 5374 in
827 5319 963 5373 solio
992 5320 1127 5386 alto,
1160 5329 1209 5374 et
1230 5321 1462 5385 sublimi,
1496 5332 1546 5377 et
1581 5328 1841 5395 serapnim
1894 5339 2009 5386 stac

434 5405 559 5456 bant
594 5403 649 5457 in
688 5401 911 5456 circuitu
936 5402 1073 5473 ejus.
1112 5402 1218 5458 Sea:
1240 5403 1344 5460 alte
1369 5405 1480 5470 uni,
1511 5416 1564 5461 et
1586 5425 1680 5464 sex
1707 5411 1812 5465 ala:
1873 5416 2010 5468 alte-

432 5485 480 5541 ri
516 5485 582 5541 “.
608 5485 673 5540 Et
698 5487 857 5557 paulo
890 5495 1013 5556 post
1043 5503 1058 5541 :
1103 5486 1173 5540 Et
1201 5489 1274 5542 ait
1322 5487 1580 5546 Dominus
1615 5496 1684 5547 ad
1709 5511 1789 5550 me
1821 5515 1835 5550 :
1900 5496 2003 5551 Va-

431 5569 519 5633 de,
552 5579 600 5622 et
661 5571 748 5622 dic
795 5570 986 5638 papula
1033 5570 1155 5625 huic
1209 5587 1229 5626 :
1284 5573 1426 5626 Aure
1479 5575 1680 5640 audite,
1740 5589 1786 5632 et
1840 5579 2004 5637 nolite

432 5653 763 5723 intelligere;
792 5663 840 5708 et
872 5657 1099 5710 uidentes
1139 5658 1329 5724 uidete,
1362 5669 1407 5712 et
1457 5661 1621 5717 nolite
1675 5680 2002 5735 cognoscere.

430 5735 793 5793 Incrassatum
817 5739 955 5792 enim
990 5751 1062 5793 est
1092 5757 1182 5793 cur
1217 5741 1398 5811 populi
1423 5744 1600 5812 hujus,
1633 5756 1688 5801 et
1746 5764 1866 5818 qua:
1917 5764 2004 5805 se-

2107 4753 2200 4789 ται
2245 4733 2343 4803 μὲν
2389 4732 2551 4786 αὐτὸν
2602 4730 2810 4801 Κύριος
2857 4732 2884 4782 6
2927 4728 3060 4791 Θεὸς
3106 4729 3215 4782 τῶν
3261 4729 3546 4798 πατέρων,
3600 4724 3650 4776 ὃν

2105 4820 2165 4874 δὲ
2231 4810 2386 4877 οὗτος
2443 4813 2896 4886 προεχειρίσατο,
2955 4812 3046 4864 τὸν
3110 4812 3273 4864 αὐτὸν
3322 4812 3562 4879 ἀφορίζει
3598 4807 3650 4858 τὸ

2108 4902 2356 4970 Πνεῦμα,
2387 4897 2645 4968 αὐθεντίᾳ
2675 4896 2890 4966 φύσεως
2924 4895 3229 4966 χρώμενον,
3277 4895 3394 4956 πῶς
3422 4891 3652 4962 ἑτερότης

2107 4989 2296 5048 οὐσίας
2329 4987 2386 5039 ὲν
2434 4986 2502 5054 τῇ
2542 4981 2754 5054 Τριάδι,
2787 4982 2845 5032 ὲν
2920 4979 3184 5049 ταυτότης
3220 4978 3496 5050 ἐνεργείας
3523 4973 3650 5044 εὐρε-

2108 5090 2296 5129 σκεται
2317 5089 2332 5137 ;

2650 5135 2755 5190 Ἐκ
2783 5136 2888 5190 τοῦ
2927 5135 3135 5189 αὑτοῦ.

2191 5237 2416 5298 Ἡσαΐας
2451 5234 2480 5286 6
2515 5231 2800 5302 προφήτης
2855 5223 3062 5292 Εἶδον,
3114 5227 3242 5295 ἔφη,
3296 5227 3400 5280 τόν
3455 5225 3648 5289 Κύριον

2108 5320 2351 5380 Σαϐαὼθ
2383 5317 2726 5386 καθήμενον
2758 5311 2858 5366 ἐπὶ
2889 5311 3109 5378 θρόνου
3140 5309 3406 5378 ὑψηλοῦ,
3442 5305 3533 5362 καὶ
3556 5305 3647 5358 ἑπ-

2105 5405 2392 5479 ηρμένου,
2413 5401 2512 5456 καὶ
2541 5401 2614 5454 τὰ
2642 5396 2906 5465 Σεραρὶμ
2931 5392 3324 5479 εἱστήκεισαν
3350 5393 3543 5479 scrinia)
3558 5388 3645 5479 ait:

2111 5477 2263 5556 τοῦ,’
2286 5489 2354 5554 ἐξ
2387 5486 2676 5555 πτέρυγες
2726 5482 2807 5548 τῷ
2845 5482 2962 5546 ἐνὶ,
3004 5480 3105 5533 καὶ
3143 5478 3213 5542 ἐξ
3253 5477 3527 5547 πτέρυγες
3579 5477 3644 5534 τῷ

2112 5578 2225 5633 ἐνί.
2250 5576 2359 5630 Καὶ
2385 5574 2503 5644 μετ’
2533 5570 2692 5638 ὀλίγα
2734 5567 2904 5637 φησί·
2944 5567 3054 5620 Καὶ
3089 5561 3222 5618 εἷπε
3269 5556 3644 5647 Κύριος-πρός

2108 5679 2206 5732 με,
2231 5643 2520 5728 Πορεύου,
2573 5655 2671 5709 καὶ
2721 5650 2896 5706 εἰπὸν
2944 5650 3026 5715 τῷ
3056 5647 3186 5714 λαῷ
3226 5648 3454 5732 supra):
3491 5643 3642 5704 Ἀκοῇ

2113 5728 2428 5811 ἀκούσετε,
2486 5741 2592 5796 ’καὶ
2643 5741 2716 5793 οὐ
2763 5736 2853 5807 μὴ
2903 5733 3154 5801 συνῆτε,
3210 5731 3308 5786 καί
3341 5728 3644 5794 βλέποντες

504 5860 523 5892 ⁸
556 5857 732 5929 iCor.
764 5874 862 5925 xu,
896 5859 1048 5915 8-H.
1111 5861 1130 5892 '
1164 5859 1296 5915 Ibid.
1323 5861 1374 5916 6.
1424 5862 1620 5918 'Joan.
1653 5878 1738 5918 ιιι.
1767 5865 1824 5919 8.
1877 5864 2018 5919 διεε.
2047 5861 2312 5929 ηιιι,25.
2365 5861 2386 5893 ⁸
2415 5857 2518 5916 lsa.
2543 5873 2596 5928 ν,
2619 5857 2704 5914 i8.
2769 5859 2790 5891 '
2821 5857 2976 5915 Joau.
3005 5873 3098 5926 xx,
3128 5857 3200 5911 25
3297 5856 3315 5886 ⁷
3341 5855 3454 5906 Act.
3477 5861 3542 5907 lx,
3570 5837 3640 5894 l5.

430 5929 454 5964 ⁸
485 5928 622 5988 Ibid.
700 5930 903 5986 'Bom.
931 5946 967 6000 ι,
993 5933 1041 5987 i.
1126 5933 1167 5965 '°
1210 5932 1345 5988 Ibid.
1429 5934 1468 5965 “
1501 5935 1619 5990 Act.
1649 5937 1823 6002 xun,‘z
1925 5935 1966 5966 "
2004 5934 2107 5992 ιω.
2139 5928 2213 6002 vi,
2248 5933 2296 6001 i,
2343 5939 2391 5986 2.
