3920 6582
142 454 237 515 r29
1106 426 1476 515 PANOPLlA
1524 454 1735 515 DOGM

1855 453 1983 513 [ΕΑ.
2009 478 2077 489 -
2117 455 2263 516 TIT.
2306 456 2415 517 XI.
3284 449 3391 515 730

136 564 418 632 βλέψετε,
450 561 541 615 καὶ
579 562 651 615 οὐ
675 563 762 631 μὴ
789 562 976 630 ἴδητε.
995 564 1347 631 Ἐπαχύνθη
1377 566 1486 635 γὰρ
1513 566 1546 632 ἡ
1574 583 1711 631 καρ-

1855 575 2053 620 uunlur
2080 567 2121 625 '.
2154 567 2230 622 Ex
2279 568 2382 621 situ
2419 566 2637 636 quidem
2671 575 2833 637 atque
2882 566 3073 622 ordine
3101 562 3386 618 verborum

139 648 229 701 δία
255 648 363 700 τοῦ
388 645 542 699 λαοῦ
584 645 825 711 τούτου,
856 646 952 699 καὶ
981 647 1046 699 τὰ
1100 647 1249 718 ἐξῆς.
1280 648 1446 702 Ὅσον
1487 650 1584 719 μὲν
1616 648 1708 702 οῦν

1855 650 2089 718 rophetm
2120 660 2336 705 constat
2372 668 2495 706 eum
2530 652 2622 722 qui
2668 667 2832 721 super
2881 652 3061 705 omnia
3093 650 3253 704 Pater
3282 656 3388 710 est,

139 730 269 785 κατὰ
328 729 430 798 τὴν
481 728 629 783 θέσιν
694 728 789 781 καὶ
826 729 1155 784 ἀκολουθίαν
1211 732 1304 784 τοῦ
1359 729 1708 802 προφητικοῦ

1857 733 1889 787 li
1923 735 2264 801 apparuisse,
2290 742 2345 789 et
2375 735 2549 803 ipsum
2579 735 2748 791 fuisse
2796 736 3116 790 allocutum.
3147 732 3216 786 At
3244 732 3389 786 ﬁlius

140 817 483 885 γράμματος,
535 817 562 868 ὁ
615 815 707 869 ἐπὶ
738 815 959 870 πάντων
991 818 1110 870 ἐστὶ
1168 819 1378 887 Πατὴρ,
1429 818 1458 871 ὁ
1501 818 1707 888 ὀφθεὶς,

1855 818 2071 880 )nitrus,
2098 820 2189 885 qui
2238 818 2490 873 sublimia
2521 820 2829 887 tonitruque
2861 817 3183 872 terribiliora
3215 814 3392 882 loqui-

138 900 223 953 καὶ
273 898 733 969 χρησμοδοτήσας
786 900 863 969 τῷ
910 901 1188 973 προφήτῃ.
1260 900 1320 956 Ὀ
1377 902 1562 971 μέντοι
1609 902 1709 971 τῆς

1855 919 1925 966 tr,
1955 903 2113 972 cujus
2146 906 2425 971 proprium
2460 915 2543 959 cst
2580 922 2684 959 non
2719 904 2847 958 illud
2876 920 2891 956 :
2931 901 3053 956 Non
3103 911 3240 963 erat,
3294 898 3389 953 sed

139 984 359 1054 βροντῆς
384 984 499 1047 υίὸς
537 984 752 1048 ἐξαίσια
784 985 1179 1055 φθεγξάμενος,
1228 987 1322 1039 καὶ
1356 985 1588 1056 βροντῆς
1613 1003 1711 1053 φο-

1855 988 1952 1041 lud
1987 1004 2000 1040 :
2034 985 2101 1041 In
2128 988 2390 1055 principio
2422 1000 2530 1042 erat
2568 986 2808 1052 Verbum,
2840 986 3033 1041 Filium
3069 986 3195 1039 dicit
3226 996 3392 1053 appa-

140 1066 436 1136 6ερὼτερα,
471 1062 529 1122 οῦ
559 1069 691 1122 ἴδιον
729 1068 849 1139 οὐχὶ
880 1072 937 1122 τὸ
973 1071 1085 1123 οὐκ
1132 1065 1232 1139 ἦν,
1289 1068 1424 1123 ἀλλὰ
1479 1069 1538 1123 τὸ
1568 1065 1648 1137 ἦν
1679 1070 1711 1122 ὁ

1855 1072 1993 1127 uisse
2023 1082 2074 1126 et
2102 1074 2414 1140 prophetam
2451 1074 2743 1129 allocutum
2798 1086 2943 1127 esse.
2996 1069 3087 1123 Sic
3134 1069 3276 1122 enim
3338 1067 3390 1119 in

140 1151 339 1243 Αργος,
374 1151 502 1243 Ἰῖίὸν
525 1152 743 1243 ἔφητὸν
772 1153 1025 1243 ὀφθέντα,
1061 1152 1153 1207 καὶ
1185 1152 1712 1225 χρησμοδοτήσαντα

1855 1158 2108 1225 Lvangelio
2155 1172 2184 1210 a
2250 1172 2309 1210 se
2361 1158 2673 1227 conscripto
2726 1157 2904 1211 dicit:
2969 1153 3255 1222 Propterea
3286 1168 3391 1205 non

136 1236 206 1303 τῷ
244 1236 529 1306 προφήτῃ.
572 1236 736 1302 Λέγει
769 1236 878 1307 γὰρ
909 1237 966 1289 ἐν
998 1236 1074 1305 τῷ
1112 1237 1227 1305 ἰδίῳ
1274 1238 1708 1306 συγγράμματι·

1855 1250 2061 1295 oterant
2091 1238 2271 1295 ludwi
2310 1244 2518 1297 credere
2549 1244 2601 1296 in
2622 1241 2829 1307 Iesum,
2864 1242 2987 1312 quia
3014 1241 3077 1293 de
3104 1239 3227 1305 ipsis
3256 1237 3393 1289 dixit

139 1318 229 1370 Διὰ
254 1319 437 1373 τοῦτο
478 1321 591 1373 οὐκ
632 1320 933 1388 ἠδύναντο
980 1323 1034 1374 οὶ
1067 1320 1349 1374 Ἰουδαῖοι
1401 1321 1714 1374 πιστεύειν

1855 1327 2000 1381 saias
2032 1342 2051 1379 :
2101 1326 2370 1381 Excazcati
2403 1338 2525 1381 sunt
2578 1328 2717 1381 oculi
2764 1344 2964 1389 eorum,
3001 1334 3047 1378 et
3090 1324 3396 1376 induratum

138 1406 213 1467 εἰς
240 1401 357 1468 τὴν
381 1401 644 1469 Ἰησοῦν,
676 1404 826 1456 διότι
855 1400 1028 1457 εἶπεν
1064 1404 1310 1468 Ἡσαΐας
1332 1403 1465 1471 περὶ
1488 1402 1710 1467 αὐτῶν,

1855 1420 1894 1466 st
1930 1414 2161 1480 ipsorum
2191 1429 2302 1476 cor,
2344 1430 2406 1465 ne
2437 1413 2647 1466 videant
2692 1411 2882 1474 oculis,
2906 1420 2955 1464 et
2994 1408 3150 1464 corde
3196 1404 3397 1457 intelli-

144 1490 560 1558 Τετύφλωνται
588 1491 791 1544 αὐτῶν
820 1492 875 1544 ol
896 1490 1215 1559 ὀφθαλμοὶ,
1238 1491 1336 1545 καὶ
1368 1489 1716 1557 πεπὼρωται

1855 1508 1959 1554 aut.
2018 1504 2068 1548 et
2115 1504 2509 1561 Convertuntur,
2562 1504 2611 1551 et
2669 1514 2848 1551 sanem
2914 1484 3023 1549 eois.
3082 1492 3205 1546 Ha’c
3262 1489 3397 1550 dixit

142 1573 327 1626 αὐτῶν
353 1575 392 1641 ἠ
423 1574 662 1643 καρδία,
702 1574 862 1640 ὅπως
889 1573 976 1642 μὴ
1003 1574 1176 1628 ἴδωσι
1201 1573 1325 1639 τοῖς
1355 1574 1711 1643 ὀφθαλμοῖς.

1855 1580 2013 1640 saias,
2046 1580 2258 1649 quando
2288 1581 2416 1634 vidit
2444 1580 2671 1650 gloriam
2706 1582 2818 1645 eius
2847 1581 2890 1635 ’.
2926 1576 3131 1631 Paulus
3156 1587 3286 1626 vero
3319 1572 3400 1624 vi-

143 1660 229 1711 καί
255 1657 494 1713 συνῶσι
526 1657 602 1727 τῇ
633 1660 869 1726 καρδίᾳ,
907 1658 1009 1711 καὶ
1038 1657 1474 1727 ἐπιστρέψωσι,
1497 1658 1592 1713 καὶ
1626 1658 1714 1712 ἰά-

1855 1662 2026 1715 ionem
2070 1664 2205 1717 lianc
2241 1673 2297 1717 et
2326 1664 2638 1718 vaticinium
2681 1663 2870 1718 tribuit
2903 1660 3130 1730 Spiritui
3162 1666 3393 1711 saneto:

145 1758 319 1812 σωμαι
350 1746 603 1809 αὐτούς.
634 1741 830 1795 Ταῦτα
856 1736 1027 1795 εἶπεν
1052 1742 1318 1807 Ἡσαΐας,
1345 1741 1442 1795 ὅτε
1461 1740 1584 1796 εἶδε
1603 1741 1718 1803 τὴν

1855 1746 1980 1809 ioue,
2029 1746 2301 1814 inquiens,
2351 1744 2585 1815 Spiritus
2658 1756 2874 1801 sanctus
2922 1745 3129 1798 locutus
3184 1750 3257 1794 est
3310 1753 3403 1807 per

146 1827 318 1891 δόξαν
335 1828 550 1882 αὐτοῦ.
592 1828 650 1879 '0
681 1827 736 1880 δὲ
763 1825 972 1890 Παῦλος
1009 1826 1104 1880 τοῦ
1148 1826 1468 1897 Πνεῦματος
1502 1828 1717 1900 ἀπεφή-

1858 1830 2030 1881 saiam
2064 1830 2375 1895 proiilietam
2409 1830 2477 1881 ad
2515 1839 2696 1895 patres
2738 1838 2941 1883 vestros
2978 1826 3164 1881 :Aure
3214 1821 3400 1874 audie—

149 1927 263 1963 νατο
284 1910 381 1979 τὴν
416 1910 691 1963 ὀπτασίαν
724 1905 886 1973 εἶναι,
936 1910 1031 1964 καὶ
1075 1910 1174 1977 τὴν
1211 1911 1588 1981 χρησμῳδίαν,
1627 1912 1717 1964 λέ-

1855 1917 1912 1980 is,
1939 1925 2121 1970 etnon
2167 1916 2496 1986 intelligetis,
2530 1926 2577 1969 et
2622 1918 2851 1971 videntes
2900 1915 3161 1976 videbitis,
3206 1921 3255 1965 et
3298 1923 3401 1961 non

149 2009 265 2059 γων,
297 1994 514 2059 Καλῶς
535 1992 649 2064 ἔφη
679 1993 744 2046 τὸ
770 1994 1013 2063 Πνεῦμα
1038 1996 1102 2046 τὸ
1125 1993 1296 2062 ἅγιον
1321 1992 1419 2047 διὰ
1452 1994 1554 2047 τοῦ
1575 2010 1718 2063 προ-

1855 2002 2177 2067 νετερὶεἰειὶε.
2226 1982 2595 2055 Incrassatum
2642 2013 2715 2055 est
2761 2002 2897 2055 enim
2930 2015 3021 2053 cor
3074 1994 3255 2065 populi
3305 1993 3405 2052 litt-
3444 1982 3447 1993 ’

151 2078 326 2145 primo
359 2079 616 2132 Ἡσαΐου
643 2078 793 2146 πρὸς
822 2078 963 2144 τοὺς
1002 2078 1251 2147 πατέρας
1284 2077 1484 2147 ὑμῶν’
1536 2079 1717 2149 Ἀκοῇ

1855 2100 1911 2137 us
1941 2083 1982 2138 ³.
2017 2083 2145 2138 Haec
2184 2085 2228 2138 si
2259 2086 2670 2153 cognovissent,
2724 2095 2777 2138 et
2815 2092 2961 2138 recte
3003 2078 3407 2135 intellexissent

152 2165 452 2230 ἀκούσετε,
519 2165 615 2217 καί
659 2167 731 2218 οὐ
777 2164 864 2233 μὴ
914 2162 1169 2232 συνῆτε,
1226 2164 1326 2217 καὶ
1373 2164 1719 2233 βλέποντες

150 2248 420 2317 βλέψετε,
477 2248 577 2302 καὶ
622 2250 693 2302 οὐ
746 2248 831 2318 μὴ
881 2247 1066 2316 ἴδητε.
1109 2248 1453 2317 Ἐπαχύνθη
1510 2250 1619 2321 γὰρ
1678 2252 1713 2321 ἠ

1827 2168 1920 2235 qui
1968 2168 2021 2221 in
2056 2168 2351 2237 perniciem
2394 2182 2549 2221 suam
2598 2168 2875 2236 sapientes
2932 2175 3081 2228 sunt,
3138 2163 3405 2232 Spiritum

1825 2262 2073 2308 sanctum
2115 2270 2143 2307 a
2180 2254 2464 2308 divinitate
2490 2268 2596 2308 non
2640 2253 3030 2322 sejunxissent.

154 2344 346 2411 καρδία
396 2344 509 2397 τοῦ
562 2343 715 2398 λαοῦ
747 2345 983 2397 τούτου.
1023 2343 1085 2396 Εἰ
1143 2344 1199 2396 δὲ
1252 2343 1428 2398 ταῦτα
1484 2346 1764 2415 συνίεσαν,
1797 2352 1894 2405 καὶ
1930 2350 2109 2413 καλῶς
2140 2349 2413 2418 ὑπήκουον
2451 2349 2499 2401 oi
2544 2346 2667 2401 καθ’
2717 2347 2928 2401 ἑαυτῶν
2964 2344 3148 2409 κακῶς
3190 2344 3410 2415 σοφιζόο

158 2445 310 2493 μενοι,
335 2428 437 2481 οὐκ
472 2426 538 2481 ἂν
564 2428 624 2480 τὸ
655 2426 877 2498 Πνεῦμα
922 2429 1020 2498 τῆς
1071 2426 1327 2500 Οεὸτητος
1366 2428 1715 2501 ἢλλοτρίουν.

680 2544 777 2597 Ἐκ
815 2543 922 2598 τοῦ
946 2544 1163 2600 αὐτοῦ.

96 2696 101 2701 κ
216 2637 283 2690 Τδ
312 2636 549 2707 Πνεῦμα
580 2638 641 2689 τὸ
666 2636 826 2706 ἆγιον
852 2639 1091 2708 Χριστὸς
1116 2639 1214 2691 καὶ
1260 2637 1469 2709 Κύριος
1526 2640 1729 2710 ὀνομά-

159 2722 316 2787 ζεται,
374 2722 637 2789 λέγοντος
704 2723 803 2791 μὲν
852 2722 949 2775 τοῦ
1017 2722 1369 2787 ’Δποστόλου,
1412 2725 1484 2777 El
1527 2723 1597 2777 δέ
1639 2740 1728 2790 τις

158 2808 381 2877 Πνεῦμα
416 2807 676 2875 Χριστοῦ
705 2809 820 2861 οὐκ
865 2807 994 2877 ἔχει
1015 2850 1029 2873 ,
1070 2802 1250 2874 οὗτος
1278 2810 1391 2862 οὐκ
1419 2808 1595 2863 ἐστιν
1626 2811 1733 2863 αὑ·-

159 2895 293 2949 τοῦ’
326 2895 375 2947 εί
437 2894 496 2947 δὲ
548 2893 785 2963 Χριστὸς
838 2895 895 2945 ὲν
922 2894 1073 2963 ὑμῖν,
1126 2894 1226 2964 τὴν
1277 2894 1372 2946 τοῦ
1408 2893 1729 2964 Πνεῦματος

162 2980 424 3051 ἐνοίκησιν
458 2978 855 3046 ἀποφαίνοντος
879 2975 1144 3048 Χριστοῦ,
1167 2976 1419 3045 λέγοντος
1449 2977 1507 3030 δὲ
1540 2978 1725 3045 πάλιν,

170 3066 225 3119 '0
250 3064 312 3117 δὲ
335 3065 565 3133 Κύριος
590 3063 655 3116 τὸ
689 3063 936 3132 Πνεῦμὰ
956 3062 1149 3126 ἐστιν,
1179 3058 1252 3117 οὖ
1277 3062 1344 3115 τὸ
1378 3060 1622 3127 Πνεῦμα
1658 3063 1729 3116 δὲ

164 3153 363 3221 Κυρίου
400 3151 750 3218 ἐλευθερίαο
780 3151 920 3203 ὥστε
960 3150 1054 3202 τοῦ
1089 3148 1300 3219 Κυρίου
1340 3148 1567 3219 Πνεῦμα
1611 3147 1728 3202 Κύα-

168 3254 265 3307 pio;
283 3253 295 3267 ·
319 3237 429 3291 οὐκ
458 3234 568 3307 ἄρα
594 3233 838 3306 κτῆμαῆ
865 3233 1075 3304 κτίσμα
1100 3233 1333 3302 Κυρίου.

700 3351 796 3404 Ἐκ
832 3351 939 3406 τοῦ
971 3349 1182 3404 αὐτοῦ.

238 3448 402 3502 Ἀλλᾶ
437 3446 643 3514 λέγεις,
667 3445 730 3498 Εἰ
752 3442 886 3497 Θεοῦ
927 3444 1029 3514 μὲν
1066 3442 1233 3496 εἰκὼν
1263 3445 1289 3497 ὁ
1324 3443 1475 3505 Υἱὸς,
1508 3439 1644 3494 Υἰοῦ
1679 3439 1734 3491 δὲ

169 3534 313 3589 εἰκὼν
339 3533 406 3587 τὸ
443 3531 687 3601 Πνεῦμα,
716 3528 857 3582 διατί
895 3528 971 3600 μὴ
996 3528 1121 3591 Υἱὸς
1150 3528 1244 3580 τοῦ
1279 3527 1409 3579 Υίοῦ
1435 3528 1493 3579 τὸ
1512 3524 1736 3592 Πνεῦμα

171 3620 361 3688 εἴρηται
390 3635 404 3683 ;
441 3615 629 3684 Τούτῳ
661 3613 1135 3684 γὰρίσχυροτάτῳ
1164 3610 1303 3681 πρὸς
1350 3610 1445 3679 τὴν
1478 3608 1735 3661 ἀσέϐειαν

171 3707 400 3777 ἐχρήσω,
435 3704 503 3756 Ἦ
535 3702 645 3771 γὰρ
673 3702 827 3760 Υἱὸν.
854 3699 886 3769 ἢ
916 3702 1123 3767 κτίσμα
1159 3695 1405 3757 κελεύεις
1440 3696 1601 3748 νοεῖν.
1624 3691 1737 3777 ξςαὶ

406 3789 532 3852 Υἱὸς
584 3786 927 3855 ὠνόμασται,
982 3782 1070 3835 διὸ.
1120 3782 1281 3835 τοῦτο
1339 3779 1548 3862 ,κτίσμα
1596 3771 1738 3862 εἶναι

174 3858 505 3943 βλασφήμεῖς
530 3872 590 3925 τὸ
621 3872 719 3940 τῆς
753 3867 985 3927 κτίσεως
1017 3865 1211 3917 αἴτιον.
1276 3861 1524 3931 Λέγομεν
1587 3858 1737 3927 γοῦν,

172 3960 242 4014 ὅτι
269 3962 327 4013 τὸ
348 3960 535 4013 εἰπεῖν
565 3956 687 4008 Υίὸν
726 3953 787 4016 es,
823 3950 950 4004 Υίοῦ
987 3949 1087 4019 τὴν
1118 3947 1326 4018 Τριάδα
1354 3946 1449 4015 τῆς
1486 3943 1739 4012 θεότητος

172 4049 240 4109 εἰς
271 4046 512 4116 πλήθους
579 4040 819 4108 ὑποψίαν
884 4034 1184 4106 προσῆγεν.
1215 4033 1474 4100 Ἕτοιμον
1529 4032 1637 4098 γὰρ
1674 4023 1743 4096 ἦν

174 4111 475 4191 ὑπολαϐεῖν,
501 4127 575 4189 ὠς
607 4127 765 4193 εἴπερ
799 4122 927 4184 Υἱὸς
962 4119 1020 4183 ἐξ
1048 4116 1179 4171 Υἱοῦ
1210 4116 1533 4183 γεγένηται,
1558 4112 1653 4163 καὶ
1681 4111 1743 4161 ἐκ

176 4214 351 4268 τούτου
388 4213 552 4267 πάλιν
580 4211 768 4280 ἕτερος
804 4208 871 4261 ἂν
900 4208 986 4275 εἴη
1008 4202 1434 4273 γεγεννημένος,
1460 4200 1553 4251 καὶ
1584 4198 1744 4250 πάλιν

179 4300 338 4365 ἄλλος,
376 4298 473 4351 καὶ
502 4296 599 4350 ἐπὶ
627 4294 830 4363 πλῆθος
855 4290 1006 4360 ὲξῆς.
1057 4287 1155 4339 Διὰ
1186 4286 1249 4354 δὴ
1286 4285 1442 4336 τοῦτο
1464 4284 1525 4334 τὸ
1554 4282 1653 4351 μὲν
1682 4282 1746 4333 ὲκ

179 4385 301 4437 Θεοῦ
324 4384 390 4436 τὸ
413 4381 638 4449 Πνεῦμα
668 4374 807 4431 εἶναι
836 4372 1052 4446 τρανῶς
1080 4370 1348 4441 ἐκήρυξεν
1376 4370 1402 4421 ὁ
1420 4366 1747 4427 ’Λπὸστολος

179 4467 360 4537 λέγων,
394 4468 477 4521 ὃτι
509 4465 578 4518 Td
611 4461 852 4530 Πνεῦμα
890 4458 994 4511 τοῦ
1030 4455 1180 4510 Θεοῦ
1212 4452 1533 4537 ἐλάϐομεν,
1563 4449 1748 4537 και-τί)

180 4551 255 4604 διὰ
306 4552 405 4605 τοῦ
459 4547 593 4602 Υίοῦ
652 4544 955 4612 πεφηνέναι
1017 4540 1190 4610 σαφὲς
1254 4535 1576 4604 πεποίηκεν,
1613 4529 1747 4583 Υίοῦ

2326 2550 2408 2606 Ea:
2437 2554 2620 2606 eadem
2640 2551 2906 2605 oratione.

1904 2641 2144 2713 Spiritus
2178 2655 2425 2709 sanctus,
2474 2644 2727 2699 Christus
2777 2653 2832 2698 et
2898 2642 3161 2697 Dominus
3226 2639 3413 2709 appel-

1830 2729 1993 2789 latur,
2024 2729 2237 2783 dicente
2278 2729 2445 2782 Paulo
2475 2728 2719 2798 apostolo
2755 2744 2768 2781 :
2801 2727 2861 2782 Si
2889 2729 3003 2797 quis
3037 2736 3215 2779 autem
3242 2723 3414 2789 Spiri-

1831 2820 1942 2861 tum
1966 2806 2165 2863 Christi
2192 2825 2295 2863 non
2323 2809 2500 2874 habet,
2545 2808 2628 2860 hic
2678 2824 2781 2860 non
2807 2816 2883 2861 est
2912 2809 3026 2875 ejus
3060 2807 3102 2859 ⁸.
3134 2804 3189 2858 Si
3230 2814 3409 2858 autem

1834 2892 2089 2950 Christus
2129 2892 2184 2946 in
2249 2893 2424 2955 vobis,
2486 2890 2723 2960 Spiritus
2775 2889 3165 2945 habitationem
3207 2887 3412 2942 ChriSti

1836 2981 2203 3035 demonstrat.
2239 2976 2379 3031 Dicit
2419 2985 2600 3029 autem
2629 2990 2842 3029 rursum
2881 2990 2894 3026 :
2948 2973 3203 3026 Dominus
3236 2980 3412 3025 autem

1837 3063 2071 3133 Spiritus
2093 3072 2196 3127 est,
2218 3060 2306 3113 ubi
2331 3069 2507 3113 autent
2528 3059 2760 3128 Spiritus
2784 3056 3016 3117 Domini,
3041 3055 3112 3107 ibi
3132 3054 3349 3108 libertas
3366 3054 3412 3109 ⁸.

1836 3148 2017 3214 Quare
2056 3146 2269 3199 Domini
2313 3142 2547 3214 Spiritus
2588 3142 2868 3207 Dominus,
2927 3156 3032 3195 non
3082 3139 3248 3208 igitur
3302 3152 3418 3194 ser-

1758 3243 1801 3302 C
1835 3248 1957 3297 vus,
1986 3247 2085 3285 uec
2123 3241 2366 3285 creatus.

2475 3340 2556 3396 Ea:
2578 3341 2782 3397 cadent.

1907 3436 1975 3488 At
2024 3435 2068 3489 si
2133 3434 2225 3488 Dei
2282 3434 2501 3504 quidem
2554 3437 2732 3501 imago
2778 3432 2949 3487 Filius
2991 3441 3095 3495 est,
3148 3431 3420 3502 inquiens,

1840 3519 2082 3588 Spiritus
2134 3526 2313 3571 autem
2354 3520 2532 3584 imago
2571 3516 2714 3580 Filii,
2775 3530 2871 3569 cur
2925 3530 3031 3568 non
3092 3515 3260 3569 Filius
3300 3515 3422 3571 Filii

1841 3601 2078 3672 Spiritus
2111 3603 2291 3655 dictus
2330 3601 2457 3655 est?
2488 3600 2599 3654 lloc
2624 3600 2768 3653 enim
2798 3608 2853 3651 ut
2874 3612 3193 3669 argumento
3225 3602 3425 3654 tirmis-

1839 3686 1978 3742 simo
2006 3685 2071 3737 ad
2099 3684 2430 3751 impietatem
2490 3690 2637 3736 tonui
2683 3681 3109 3735 conﬁrmandam
3162 3696 3295 3735 usus
3339 3698 3419 3736 es.

1846 3773 1937 3827 Vis
1972 3773 2117 3825 enim
2162 3780 2220 3823 ut
2276 3767 2590 3829 autFilius,
2642 3776 2733 3819 aut
2794 3773 3012 3818 creatus
3067 3766 3423 3835 intelligatur.

1842 3856 1908 3911 Et
1944 3856 2198 3925 quoniam
2240 3851 2408 3905 Filius
2449 3868 2553 3904 nun
2604 3859 2685 3904 est
2717 3848 3043 3918 appellatus,
3072 3849 3236 3918 impie
3268 3866 3426 3903 crea-

1846 3951 1955 3995 llllll
1994 3939 2194 3994 asseris
2230 3952 2407 3990 rerum
2444 3946 2851 4004 procreatarum
2907 3942 3188 3985 auctorem
3220 3945 3275 3986 et
3300 3950 3427 4003 ριό·

1844 4033 2172 4079 creatorem.
2236 4020 2643 4088 lle5pomlemus
2705 4016 2896 4083 igitur,
2969 4015 3027 4068 Si
3074 4014 3195 4069 Filii
3258 4016 3428 4074 Filius

1846 4109 2234 4178 appellaretur,
2283 4123 2344 4158 ca
2385 4102 2638 4172 loquendi
2689 4101 2827 4154 ratio
2878 4102 3177 4155 trinitatem
3220 4103 3427 4158 Divini-

1849 4193 1977 4247 tatis
2015 4201 2069 4245 et
2098 4192 2464 4260 suspicionem
2506 4187 2870 4240 multitudinis
2911 4199 3150 4256 pareret.
3201 4187 3431 4259 Promp-

1850 4289 1963 4333 tum
2000 4278 2143 4331 enim
2177 4285 2322 4329 esset
2348 4274 2641 4341 suspicari,
2678 4272 2725 4327 si
2758 4271 2926 4325 Filius
2956 4288 3020 4325 ex
3055 4272 3190 4326 Filio
3216 4275 3432 4341 genitus

1848 4371 2015 4424 esset,
2050 4361 2214 4411 alium
2252 4374 2440 4410 rursus
2470 4373 2533 4411 ex
2575 4358 2697 4420 hor,
2738 4342 2899 4423 atque
2945 4356 3017 4408 ita
3050 4357 3248 4410 multos
3280 4358 3435 4411 dein.

1850 4460 1977 4513 ccps
2008 4442 2147 4495 ﬁlios
2167 4456 2287 4493 esse
2320 4440 2551 4508 genitos.
2575 4437 2782 4492 Idcirco
2827 4438 3089 4507 Spiritum
3116 4439 3333 4505 quidem
3368 4454 3435 4493 ex

1854 4529 1963 4582 Deo
2010 4542 2129 4580 esse
2162 4523 2357 4577 Paulus
2400 4532 2582 4590 aperte
2629 4522 3021 4588 pronuntiavit,
3065 4520 3290 4585 dicens,
3341 4537 3435 4575 nos

185 4588 255 4604 υ..
315 4588 405 4605 ,νυ
473 4588 592 4602 ην..
660 4588 955 4612 ..-γρ-,η
1023 4588 1188 4610 ---τἾ
1382 4588 1385 4589 ,
1443 4588 1452 4604 ,
1564 4588 1573 4596 ,

185 4635 399 4705 Πνεῦμα
428 4631 703 4699 ὀνομάσας
730 4627 881 4691 αὐτὸ,
916 4624 1173 4692 καθάπερ
1200 4621 1292 4674 καὶ
1325 4618 1484 4682 Θεοῦ,
1508 4615 1603 4668 καὶ
1623 4612 1740 4665 νοῦν

1857 4611 2114 4680 Spiritum
2146 4609 2235 4676 qui
2278 4622 2341 4659 ea:
2378 4588 2484 4658 Deo
2524 4614 2599 4658 est
2640 4605 2927 4669 accepisse,
2972 4614 3029 4657 et
3090 4605 3234 4657 hunc
3268 4605 3439 4658 fuisse

182 4698 412 4786 Χριστοῦ
460 4698 799 4785 προσειπὼν,
859 4710 1116 4777 καθάπερ
1170 4706 1266 4758 καὶ
1315 4700 1449 4756 Θεοῦ
1499 4698 1743 4786 Πνεῦμα.

184 4780 299 4856 Υίὸν
325 4803 386 4856 δὲ
419 4780 515 4855 τοῦ
538 4797 668 4852 Υἱοῦ
704 4796 1020 4867 προσειπεῖν
1055 4790 1381 4859 ἐφυλάξατο,
1417 4788 1509 4840 ἵνα
1540 4780 1618 4848 εἷς
1648 4782 1747 4852 μὲν

187 4889 264 4957 εἴη
290 4886 480 4955 Πατὴρ
527 4886 553 4936 ὁ
579 4882 732 4944 Θεὸς,
765 4881 851 4933 ἀεὶ
894 4878 1082 4947 Πατὴρ
1108 4875 1399 4945 διαμένων,
1438 4873 1531 4925 καὶ
1554 4869 1628 4922 ὢν
1664 4870 1751 4920 di-

186 4971 320 5035 δίως,
352 4971 379 5023 ὃ
408 4971 557 5020 ἐστιν
579 4982 593 4999 ⁸
624 4962 703 5029 εἷς
733 4964 787 5016 δὲ
827 4963 954 5026 Υἱὸς
989 4961 1144 5029 ἀϊδίῳ
1189 4961 1442 5026 γεννήσει
1490 4969 1753 5035 γεγεννη·

192 5034 360 5123 μένος,
392 5054 420 5105 ὁ
449 5054 705 5120 ἁνὰρχως
734 5050 832 5101 σὺν
870 5046 948 5116 τῷ
974 5046 1151 5114 Ila-cpi
1171 5042 1298 5105 Υἱὸς
1319 5034 1752 5123 ἀληθινδςρεοῦ,

190 5117 269 5189 αεὶ
300 5136 395 5201 ὢν,
422 5136 449 5188 ὅ
485 5117 626 5199 ἐστι,
663 5132 789 5193 Θεὸς
840 5129 1036 5197 Λόγος,
1072 5127 1165 5180 καὶ
1192 5123 1397 5191 Κύριος
1420 5136 1433 5148 ·
1482 5118 1540 5171 ἓν
1574 5119 1629 5170 δὲ
1662 5117 1757 5170 καὶ

191 5221 246 5273 τὸ
266 5220 489 5291 Πνεῦμα
522 5219 579 5270 τὸ
613 5217 790 5285 ἆγιον,
814 5214 1030 5284 ἀληθῶς
1061 5212 1215 5279 ἆγιον
1256 5204 1506 5291 Πνεῦμα,
1536 5201 1759 5291 κατὰᾼτὺ

194 5286 591 5376 γεγραμμένον,
629 5302 690 5355 τὸ
745 5300 887 5371 μετὰ
932 5294 1147 5368 Πατρδς
1178 5294 1273 5346 καὶ¹
1332 5288 1466 5343 Υἰοῦ
1506 5286 1759 5351 συνδοξαο

199 5386 442 5459 ζόμενον.

739 5661 841 5714 Ἐκ
871 5656 978 5712 τοῦ
1013 5654 1222 5709 αὑτοῦ.

279 5786 434 5840 Ἀλλὰ
468 5782 609 5837 ποιεῖ
637 5779 699 5833 τό
725 5777 968 5847 Πνεῦμα,
1001 5772 1126 5843 φὴς,
1159 5772 1187 5823 ὁ
1216 5767 1368 5832 Θεὸς,
1399 5765 1493 5818 καὶ
1535 5763 1681 5817 ποιεῖ
1700 5762 1769 5815 δι’

274 5904 413 5958 'Isu.
438 5916 513 5965 vt,
536 5893 922 5965 9,10;Matth.
954 5908 1064 5954 XIV,
1104 5889 1189 5943 i5.

1267 5888 1286 5919 ⁸
1311 5884 1465 5940 Joau.
1490 5896 1585 5946 ιιι,
1613 5876 1835 5935 59-41.“
1886 5878 1906 5909 ³
1926 5877 2046 5931 Act.
2065 5889 2159 5938 xx,
2180 5871 2369 5928 ‘25-‘27.

1855 4713 1949 4765 per
2001 4693 2196 4747 Filium
2248 4690 2605 4756 declaratum,
2671 4689 2887 4757 planutn
2942 4688 3095 4752 fecit,
3140 4688 3266 4742 dum
3315 4702 3439 4740 eum

1855 4780 1977 4834 Filii
2011 4778 2296 4849 Spiritum,
2332 4776 2780 4843 quemadmodum
2807 4786 2859 4827 ct
2900 4772 3077 4827 Patris
3128 4772 3441 4842 appellavit,

1857 4863 2131 4919 etCliristi
2163 4870 2418 4925 mentem,
2448 4857 2901 4929 quemadmodum
2946 4868 2999 4913 et
3029 4858 3118 4912 Dei
3154 4855 3437 4927 Spiritum.

1863 4948 1932 5003 At
1975 4948 2097 5002 Filii
2126 4945 2321 5001 Filium
2366 4945 2649 4998 nemiuare
2694 4942 2886 5005 noluit,
2930 4953 3150 4997 utunus
3176 4943 3246 4997 sit
3288 4942 3446 4997 Pater

1866 5033 2027 5096 Deus,
2062 5031 2152 5100 qui
2185 5044 2396 5100 semper
2423 5038 2637 5080 maneat
2663 5026 2845 5091 Pater,
2880 5036 2934 5081 et
2963 5042 3182 5097 semper
3215 5029 3447 5083 exsistat

1866 5118 1940 5181 id,
1961 5115 2105 5184 quod
2148 5124 2253 5178 est,
2285 5128 2424 5165 unus
2451 5111 2579 5164 item
2610 5109 2780 5165 Filius
2806 5121 3011 5165 (eterna
3036 5113 3251 5180 genitus
3283 5127 3451 5180 gene-

1866 5202 2102 5263 ratione,
2145 5200 2235 5267 qui
2281 5198 2400 5251 sine
2447 5196 2715 5267 principio
2758 5210 2880 5249 cum
2932 5194 3093 5249 Patre
3137 5206 3238 5261 est,
3288 5212 3449 5249 verus

1868 5286 1960 5339 Dei
2018 5283 2208 5351 Filius,
2251 5297 2465 5352 semper
2518 5283 2570 5336 id
2606 5282 2751 5351 quod
2821 5292 2905 5335 est
2951 5296 3197 5344 mancus,
3255 5295 3452 5348 nempe

1868 5369 2033 5432 Deus,
2068 5366 2336 5429 Verbum,
2387 5376 2440 5419 et
2494 5363 2788 5425 Dominus,
2833 5379 2972 5416 unus
3016 5379 3236 5431 quoque
3278 5362 3453 5431 Spiri-

1874 5464 1959 5509 tus
1992 5463 2235 5514 sanctus,
2269 5465 2398 5505 vere
2429 5449 2667 5517 Spirltus
2694 5456 2942 5512 sanctus,
2976 5458 3033 5501 ut
3057 5448 3321 5517 scriptum
3348 5456 3453 5511 est,

1874 5538 1969 5607 qui
2009 5552 2132 5591 cum
2159 5535 2320 5589 Patre
2360 5542 2413 5587 et
2448 5532 2586 5586 Filio
2615 5530 2976 5585 collaudatur.

2374 5651 2460 5702 Ex
2488 5648 2672 5701 eadem
2703 5645 2962 5699 oratione.

1949 5756 2313 5828 AtSpiritum,
2336 5753 2538 5825 inquis,
2559 5753 2697 5807 Deus
2723 5750 2876 5818 facit,
2893 5760 2948 5807 et
2972 5748 3097 5805 facit
3120 5765 3215 5821 per
3237 5746 3458 5815 Filium,

2448 5877 2469 5901 ⁸
2494 5867 2653 5925 Rom.
2679 5870 2872 5930 vnt.9.
2950 5870 2971 5897 ⁸
3006 5864 3050 5921 Il
3082 5868 3205 5923 Cor.
3246 5882 3328 5929 ιιι,
3368 5865 3452 5921 t7.
