3768 6596
547 478 656 542 735

1805 464 2196 530 EUTHYMII
2235 464 2599 525 ZIGABENI
3620 483 3689 549 ,ηδ

548 597 834 664 gignantur
853 597 904 644 et
936 589 1063 642 sint.
1087 585 1157 643 Ut
1188 597 1526 641 mortuorum
1549 581 1875 640 resurrectio
1896 575 2130 664 nondum
2161 575 2206 631 Α

2239 574 2381 639 σθαι,
2410 576 2441 645 ἦ
2475 576 2837 645 γίνεσθαι,ὠ;
2869 579 2900 648 ἡ
2925 579 3032 632 τῶν
3052 581 3267 651 νεκρῶν
3289 583 3546 653 ἀνάστασις
3585 597 3687 655 οὔπω

546 659 650 740 esi,
675 676 768 730 sed
800 684 975 728 tamen
1009 683 1092 726 est
1128 673 1325 724 futura.
1356 669 1690 730 Etannulns,
1729 664 1818 734 qui
1867 676 1933 716 ex
1982 659 2129 713 ferro

547 757 914 814 conficiendos
947 764 1051 824 est,
1089 755 1327 809 nondum
1377 765 1480 808 est.
1540 751 1789 820 lngenita
1822 761 2012 802 rursus
2043 745 2129 798 di-

547 851 768 905 cuntur,
803 855 925 910 quae
955 840 1105 894 nullo
1138 848 1297 909 pacto
1318 846 1465 892 sunt.
1519 835 1694 890 Verba
1755 833 1881 886 item
1942 829 2128 884 multis

548 925 890 994 accipiuntur
913 924 1110 990 modis,
1146 924 1241 978 sed
1277 936 1440 976 unum
1481 928 1564 973 est
1601 917 1690 972 Dei
1718 915 1950 970 Verbum
1982 926 2126 968 sem-

549 1011 844 1079 piternum,
877 1009 1022 1076 quod
1079 1016 1134 1060 et
1173 1006 1312 1060 Deus
1340 1009 1390 1058 in
1423 1001 1713 1070 Evangelia
1768 997 1986 1061 dicitur,
2034 1011 2130 1061 per

548 1091 689 1162 quod
706 1091 886 1144 omnia
904 1091 1044 1143 facta
1072 1099 1218 1143 sunt.
1241 1088 1304 1141 Et
1327 1088 1420 1141 Dei
1442 1087 1532 1139 lilii
1559 1086 1612 1138 in
1645 1083 1924 1152 Scriptura
1940 1082 2125 1135 dicun-

550 1187 636 1231 tur
665 1176 838 1240 multi,
865 1185 922 1229 ιιι
953 1192 965 1228 :
991 1173 1159 1228 Filios
1201 1173 1376 1244 genui,
1405 1182 1450 1226 et
1495 1170 1776 1224 educavi‘.
1824 1166 1889 1220 Ει
1915 1183 1928 1221 :
1958 1165 2127 1220 Filius

551 1278 691 1314 meus
731 1260 1101 1330 primogenita:
1155 1256 1325 1310 Israel
1348 1259 1388 1321 ’,
1419 1256 1509 1324 qui
1544 1266 1719 1308 tamen
1762 1252 2050 1322 adoptione
2077 1261 2130 1304 et.

551 1345 721 1409 gratia
748 1358 841 1413 per
883 1357 1066 1396 verum
1096 1340 1293 1394 Filium
1324 1341 1575 1394 dicuntur
1631 1337 1749 1400 lilii,
1776 1351 1881 1389 non
1949 1346 2126 1388 tamen

551 1428 663 1480 veri
688 1436 994 1496 naturaque
1025 1425 1157 1490 ﬁlii;
1201 1439 1265 1480 ex
1304 1434 1495 1478 natura
1521 1422 1664 1477 enim
1698 1430 1752 1475 et
1791 1418 2018 1473 veritate
2045 1432 2131 1472 res
2166 1475 2171 1484 ,

555 1513 685 1579 ipsae
713 1521 1025 1566 censentur.

1192 1688 1274 1739 Ea:
1301 1685 1504 1740 eadem.

623 1782 804 1851 Imago
829 1781 950 1835 Filii
973 1781 1147 1835 dictus
1177 1788 1349 1843 est,et
1369 1777 1569 1848 digitus
1601 1775 1718 1842 Dei,
1759 1785 1814 1831 et
1841 1775 1937 1832 Dei
1959 1773 2134 1844 Spiri-

2233 660 2495 725 γεγονυῖα
2525 659 2815 730 ἀγένητος,
2857 662 3128 731 μέλλουσα
3157 664 3213 717 δὲ
3245 661 3397 733 εἶναι,
3447 672 3556 738 ἢὼς
3579 680 3599 728 ὁ
3620 685 3688 735 ἀπὶ

2233 743 2476 831 σιδήρουγ
2508 743 2801 831 -ῦακτύλιος
2855 747 3064 816 μέλλων
3115 749 3374 817 γίνεσθαι,
3405 753 3473 807 ἔτι
3500 760 3686 831 irin-‘21,;

2233 829 2404 919 έστιν.
2442 829 2914 919 Παλινῂἀγένητον
3036 832 3286 919 ἀνούσιον
3313 836 3532 906 νοοῦμεν,
3555 847 3598 896 τὸ
3619 829 3690 919 VM.

2229 913 2378 983 δαμῆ
2417 913 2684 983 μηδαμῶς
2713 915 2795 970 ὃν.
2839 915 3003 969 Ἀλλὰ
3039 916 3136 986 μὲν
3173 913 3265 971 οὖν
3294 919 3380 972 καὶ
3405 921 3530 990 λόγοι
3566 913 3688 986 milii

2232 997 2756 1067 προσαγορεύονται,
2803 993 2885 1063 εἷς
2919 1000 2975 1053 δὲ
3009 1001 3036 1053 ὁ
3075 1000 3172 1054 τοῦ
3211 1002 3340 1055 Θεοῦ
3396 1005 3556 1072 ἀΐδιος,
3587 1015 3606 1064 ὁ
3633 1023 3690 1070 ni

2231 1081 2364 1144 Θεὸς
2398 1084 2456 1134 ὲν
2483 1081 2799 1152 Εὑαγγελίῳ
2827 1084 3243 1154 κηρυσσόμενος
3263 1126 3277 1151 ,
3335 1085 3398 1138 δι’
3423 1082 3474 1140 οὗ
3499 1093 3552 1145 τὰ
3572 1101 3689 1153 πάνυ

2233 1166 2476 1232 ἐγένετο.
2519 1165 2631 1216 Καὶ
2656 1166 2763 1218 υίοὶ
2786 1165 2922 1218 Θεοῦ
2953 1167 3204 1234 λέγονται
3235 1169 3292 1220 ἐν
3338 1173 3398 1239 τῇ
3427 1173 3581 1247 Γραφῇ
3606 1184 3690 1233 πολ.

2232 1249 2334 1310 λοὶ,
2376 1249 2517 1301 κατά
2577 1247 2660 1310 τὺ,
2693 1249 2866 1315 Υιοὺς
2929 1250 3255 1320 ἐγέννησα,
3292 1257 3384 1306 καὶ
3414 1256 3612 1323 ὗψωσα·
3635 1271 3690 1319 nl.

2233 1334 2419 1398 πάλιν,
2455 1333 2586 1399 Υἱὸς
2614 1335 2989 1401 πρωτότοκός
3014 1353 3137 1404 μου
3172 1336 3429 1404 Ἰσραὴλ,
3462 1341 3580 1396 θέσει
3612 1350 3690 1413 μέν.

2229 1438 2330 1477 τοι.
2365 1417 2458 1470 καὶ
2484 1417 2673 1486 χάριτί
2709 1435 2814 1471 τινι
2846 1418 3254 1486 υίοθετούμενοι
3286 1421 3388 1473 ἀπὸ
3408 1425 3490 1477 τοῦ
3513 1428 3690 1499 ἀληθινῃῇ

2231 1501 2392 1568 Θεοῦ,
2430 1501 2539 1554 oioi
2571 1501 2716 1554 θετοὶ
2749 1503 2846 1554 καὶ
2875 1501 2949 1572 μὴ
2977 1502 3251 1572 ἀληθινοί.
3288 1505 3413 1557 Ἀπὸ
3439 1510 3530 1580 γὰρ
3550 1514 3692 1582 eam;
3724 1551 3725 1558 η

2231 1588 2326 1640 καὶ
2349 1585 2609 1655 ἀληθείας
2633 1585 2873 1655 ὁρμᾶται
2896 1588 2965 1638 τὰ
2999 1589 3328 1656 πράγματα.

2790 1678 2888 1734 Ἐκ
2929 1679 3036 1734 τοῦ
3071 1683 3278 1737 αὑτοῦ.

2302 1772 2480 1829 Είκὼν
2505 1775 2598 1830 τοῦ
2639 1774 2773 1830 Υίοῦ
2810 1776 3064 1846 εἴρηται,
3099 1775 3196 1827 καί⁵
3224 1776 3470 1841 δάκτυλος
3496 1780 3614 1846 Θεοῦ,
3633 1795 3684 1842 καὶ

555 1877 661 1929 tus,
696 1875 749 1920 et
810 1863 1066 1925 Verbum,
1113 1872 1170 1918 et
1208 1863 1379 1917 bonus
1427 1859 1686 1931 Spiritus,
1729 1869 1784 1913 et
1844 1869 2044 1925 rectus,
2076 1870 2130 1913 et
2167 1921 2206 1936 n

2239 1859 2370 1911 Θεοῦ
2399 1857 2643 1930 Πνεῦμα,
2676 1861 2770 1914 καὶ
2823 1860 2994 1930 ῥῆμα,
3036 1861 3135 1913 καὶ
3177 1860 3377 1927 ἀγαθὸν
3409 1864 3604 1936 Πνεῦμα,
3632 1880 3686 1929 καὶ

554 1921 886 2016 principalis,
917 1958 970 2002 et
996 1921 1230 2016 spiritus
1248 1921 1486 2010 virtutis,
1515 1953 1569 1998 et
1604 1921 1880 2007 Dominus,
1913 1953 1966 1998 et
1991 1921 2134 1997 Deus
2167 1921 2207 1976 Β

2239 1943 2411 2006 εὐθὲς,
2447 1921 2926 2016 καῖ’ήγεμονικὸν,
2950 1921 3071 1998 ,καὶ
3099 1921 3326 2015 Πνεῦμα
3352 1921 3604 2016 δυνάμιας,

555 2035 736 2088 dictus
766 2042 849 2087 est
874 2032 967 2085 Dei
1006 2031 1260 2100 Spiritus,
1290 2028 1743 2099 quemadmodum
1779 2037 1833 2080 et
1867 2027 2128 2083 Verbum.

2233 2026 2460 2096 Κύριος,
2506 2031 2600 2080 καλ⁹
2647 2026 2780 2090 Θεὸς
2821 2027 3038 2096 εἴρηται
3067 2027 3131 2078 τὸ
3156 2026 3248 2079 τοῦ
3281 2027 3407 2081 Θεοῦ
3438 2030 3623 2103 Πνεῦμα,
3645 2041 3686 2107 ὼς

554 2117 610 2170 Si
636 2117 778 2170 enim
819 2129 938 2170 eum
971 2113 1080 2168 Deo
1108 2122 1161 2167 et
1191 2111 1370 2167 Verbo
1407 2114 1631 2165 virtutes
1647 2110 1909 2164 caelorum
1954 2111 2134 2164 ﬁrmat

2239 2113 2326 2162 καὶ
2347 2114 2372 2163 ὁ
2394 2113 2588 2181 Λόγος.
2615 2113 2675 2165 Et
2700 2113 2809 2180 γὰρ
2831 2115 2969 2182 μετὰ
2996 2113 3090 2164 τοῦ
3109 2111 3246 2164 Θεοῦ
3273 2114 3364 2168 καὶ
3387 2113 3538 2183 Λόγου
3555 2130 3688 2189 στερεοῖ

556 2202 814 2270 Spiritus,
846 2199 1122 2268 quomodo
1146 2197 1372 2261 alienus,
1393 2209 1550 2264 quem
1575 2195 1664 2263 qui
1695 2194 1988 2263 accipiunt,
2007 2205 2134 2248 sunt

2239 2194 2333 2257 τὰς
2381 2195 2650 2265 δυνάμεις
2682 2195 2790 2247 τῶν
2825 2195 3075 2265 οὐρανῶν
3103 2195 3166 2247 τὸ
3210 2195 3444 2265 Πνεῦμα,
3486 2200 3576 2264 πῶς
3597 2206 3688 2258 ἀλλά»

557 2285 651 2339 Dei
678 2283 934 2352 templum
959 2282 983 2334 ἲ
1011 2281 1112 2347 Qui
1139 2291 1191 2334 et
1219 2278 1457 2350 Spiritus
1483 2277 1594 2333 oris
1624 2277 1715 2331 Dei
1739 2277 2137 2347 appellatur,et

2239 2296 2405 2348 τριον,
2467 2280 2604 2350 ὅπερ
2645 2281 2695 2332 οἱ
2737 2279 2994 2341 λαϐόντες
3026 2279 3167 2332 Θεοῦ
3200 2280 3326 2341 ναός
3357 2282 3616 2357 cicini”;
3633 2292 3689 2342 nl.

557 2364 1046 2420 muntllcreatinnis
1063 2378 1224 2419 causa
1262 2361 1424 2418 simul
1450 2377 1570 2416 cum
1597 2360 1773 2414 Verbo
1794 2363 2134 2414 demonstra-

2239 2359 2461 2429 Πνεῦμα
2517 2362 2784 2432 στόματος
2833 2361 2968 2414 Θεοῦ
3021 2368 3503 2432 προσαγορεύεται,
3537 2372 3604 2420 καὶ
3631 2373 3690 2441 τῆς

558 2462 666 2518 tur,
698 2451 786 2519 qui
824 2447 956 2504 facit
979 2449 1160 2502 omnia
1189 2459 1445 2516 tanquam
1477 2448 1638 2510 Deus,
1679 2446 2136 2513 quemadmodum

2239 2445 2576 2516 δημουργίας
2602 2446 2774 2499 αἴτιον
2803 2447 2939 2515 μετὰ
2963 2446 3058 2498 τοῦ
3108 2447 3286 2513 Λόγου
3311 2446 3566 2517 δείκνυται,
3587 2454 3689 2506 τὺέερο

556 2534 691 2598 vult,
730 2532 1101 2600 utApostolus
1121 2530 1263 2590 ait'.
1314 2529 1406 2584 llle
1433 2529 1740 2600 adoptionis
1774 2527 2138 2596 Spiritus,ille

2239 2529 2435 2599 εργοῦν
2461 2530 2533 2583 τὰ
2566 2531 2742 2584 πάντα
2765 2530 2841 2595 ὡς
2870 2529 3024 2596 Θεὸς,
3068 2530 3255 2593 καθὼς
3286 2531 3528 2601 βούλεται,
3556 2537 3608 2600 ὡς
3630 2558 3688 2609 οη-

559 2619 826 2672 Ιὶιιθτιιιιὶε
855 2616 1183 2682 auctor,qui
1237 2615 1329 2669 ubi
1379 2614 1510 2678 vult,
1543 2614 1714 2684 spirat
1771 2612 2134 2679 divinitatem,

2239 2629 2326 2665 σιν
2356 2613 2384 2664 ὁ
2417 2613 2768 2680 Ἀπόστολος,
2803 2612 2864 2666 τὸ
2903 2612 3003 2682 τῆς
3034 2614 3316 2678 υἱοθεσίας
3347 2617 3554 2687 Πνεῦμα,
3573 2622 3614 2673 τὸ
3633 2625 3686 2692 τῆς

556 2716 714 2768 quem
751 2701 965 2769 quidem
1020 2709 1074 2754 et
1127 2698 1385 2766 Spiritum
1439 2697 1681 2751 veritatis
1732 2707 1918 2764 aperte
1957 2711 2134 2750 rerum

2240 2696 2554 2765 ἐλευθερίας
2583 2698 2783 2762 αἴτιον,
2815 2698 2874 2750 τὸ
2905 2699 3036 2751 ὅπου
3076 2698 3228 2752 θέλει
3259 2701 3412 2754 πνέον
3453 2703 3689 2772 ﬂendaque!

555 2787 796 2842 omnium
824 2783 1083 2839 Dominus
1115 2789 1291 2836 vocat.
1327 2782 1425 2848 Qui
1461 2780 1512 2834 in
1538 2779 1805 2836 columbae
1835 2781 2016 2848 specie
2042 2795 2138 2834 su-

557 2886 651 2937 per
690 2871 866 2938 ipsum
894 2885 926 2924 e
965 2869 1106 2923 coelo
1158 2866 1460 2920 descendit.
1495 2865 1596 2931 Qui
1666 2865 1877 2919 Domini
1914 2877 2135 2919 carnem

557 2953 914 3007 sanctiﬁcavit
943 2966 1069 3007 cum
1090 2950 1286 3005 virtute
1334 2963 1605 3016 nunquam
1629 2963 1659 3001 a
1687 2949 1792 3002 Deo
1828 2955 2134 3016 separatus.

556 3036 661 3102 Qui
685 3036 854 3101 novit,
874 3050 994 3104 qua:
1019 3035 1114 3088 Dei
1138 3032 1484 3097 suntomnia,
1513 3040 1570 3085 ut
1601 3034 1822 3101 spiritus
1841 3031 1931 3099 qui
1963 3031 2016 3084 in
2040 3044 2138 3084 no-

558 3120 642 3174 bis
671 3127 774 3184 est,
807 3134 926 3187 qua:
956 3129 1143 3172 nostra
1168 3127 1294 3171 sunt
1320 3133 1335 3182 ;
1371 3117 1659 3180 humanus,
1712 3116 1953 3184 inquam,
1981 3114 2140 3183 spiri-

560 3213 664 3268 tus,
683 3202 772 3272 qui
799 3203 852 3256 in
873 3201 1026 3256 nobis
1040 3211 1144 3256 est.
1167 3200 1258 3255 Sic
1271 3200 1486 3266 et,Quaz
1508 3199 1599 3253 Dei
1621 3209 1762 3263 sunt,
1785 3200 2137 3268 inquit,nemo

557 3287 720 3348 novit,
748 3287 849 3338 nisi
891 3283 1123 3354 Spiritus
1153 3284 1243 3337 Dei
1269 3285 1313 3337 ⁸.
1349 3285 1414 3337 Ει
1442 3299 1656 3338 rursum
1690 3283 1951 3338 Sermtor
1984 3283 2132 3339 :Ne-

557 3385 663 3433 mo,
698 3369 893 3437 inquit,
939 3369 1077 3421 novit
1097 3367 1319 3430 Filium,
1345 3369 1446 3422 nisi
1499 3367 1681 3435 Pater,
1714 3384 1875 3437 neque
1917 3368 2134 3423 Patrem

559 3453 698 3505 novit
723 3455 1020 3522 quisquam,
1041 3452 1141 3504 nisi
1173 3450 1345 3505 Filius
1375 3464 1421 3505 et
1448 3453 1532 3503 cui
1564 3450 1970 3507 volueritFilius
1997 3469 2136 3507 rere-

557 3537 668 3589 lare
687 3535 861 3590 “.lloc
916 3536 985 3589 illi
1039 3535 1214 3590 simile
1262 3546 1364 3600 est,
1404 3546 1458 3590 et
1490 3536 1614 3589 illud
1641 3536 1763 3589 huic
1793 3551 1887 3606 par
1919 3553 1931 3589 :
1970 3535 2135 3592 Nobis

555 3621 720 3686 etaim,
751 3620 941 3687 inquit,
975 3618 1114 3672 Deus
1142 3634 1231 3685 per
1255 3617 1513 3686 Spiritum
1543 3636 1692 3672 suum
1723 3620 2135 3677 revelavit.Vide

558 3702 739 3770 igitur,
790 3703 1061 3772 quomodo
1116 3702 1276 3757 Pater
1314 3703 1601 3770 aliquando
1663 3708 1867 3756 revelat
1914 3703 2132 3772 Filium,

555 3786 842 3852 aliquando
871 3785 1039 3840 Filius
1056 3786 1296 3850 Patrem,
1340 3785 1632 3855 aliquando
1653 3787 1886 3858 Spiritus
1916 3788 2132 3842 Patrem

555 3870 714 3923 simul
735 3879 789 3924 et
818 3869 1032 3923 Filium.

2239 2779 2304 2843 δὴ
2337 2782 2433 2832 καὶ
2467 2778 2692 2850 Πνεῦμα
2730 2781 2828 2850 τῆς
2880 2781 3140 2851 ἀληθείας
3193 2784 3223 2835 ὁ
3267 2783 3372 2835 τῶν
3422 2785 3535 2838 ὅλων
3561 2787 3689 2856 Κύριος

2241 2862 2429 2931 σαφῶς
2453 2862 2731 2932 ὀνομάζει,
2780 2867 2841 2917 τὸ
2892 2867 2950 2919 ὲν
2986 2866 3121 2918 εῖδει
3155 2872 3473 2940 περιστερᾶς
3500 2872 3567 2923 ἐπ’
3590 2875 3690 2925 αὑτὸν

2241 2947 2299 3014 ἐξ
2335 2945 2567 3017 οὐρανοῦ
2632 2948 2902 3013 καταϐὰν,
2956 2947 3016 3001 τὸ
3085 2950 3314 3018 ἁγιάζον
3376 2954 3465 3021 τὴν
3513 2958 3690 3024 κυριακὴιι

2247 3034 2427 3100 σάρκα
2448 3033 2588 3103 μετὰ
2611 3034 2708 3103 τῆς
2730 3033 3012 3102 δυνάμεως
3033 3071 3049 3098 ,
3080 3035 3144 3086 τὸ
3192 3035 3291 3106 τὴν
3318 3036 3594 3104 οίκουμένην
3610 3041 3691 3106 πλη-

2245 3117 2392 3186 ροῦν,
2457 3117 2519 3170 τὸ
2564 3116 2729 3170 παντὶ
2776 3117 2971 3187 παρὸν,
3043 3118 3122 3182 ὡς
3188 3119 3342 3184 Θεὸς,
3371 3121 3495 3190 μετὰ
3520 3122 3591 3174 τοῦ
3613 3124 3725 3174 Elei

2243 3199 2572 3272 ἀχωρίστους
2599 3199 2658 3254 ὃν
2694 3203 2808 3263 ἀεὶ,
2832 3202 2893 3252 τὸ
2915 3202 3195 3267 γινῶσκον
3223 3203 3289 3257 τὰ
3324 3204 3413 3257 τοῦ
3441 3205 3552 3259 θεοῦ
3566 3208 3690 3260 πάντα.
3724 3235 3725 3244 ι

2258 3285 2350 3347 Ὠς
2376 3285 2436 3338 τὸ
2471 3284 2695 3355 πνεῦμα
2725 3285 2786 3337 τὸ
2817 3288 2875 3338 ὲν
2909 3287 3040 3356 ἡμῖν
3065 3289 3135 3340 τὰ
3162 3291 3196 3358 ἡ
3208 3290 3341 3358 μῶν,
3371 3291 3426 3343 τὸ
3456 3293 3692 3362 ἀνθρώπινον
3724 3287 3725 3290 “

2242 3367 2386 3436 λέγω
2419 3370 2638 3439 πνεῦμα
2668 3372 2728 3423 τὸ
2779 3374 2837 3424 ἐν
2873 3374 3030 3443 ἡμῖν,
3083 3373 3255 3440 οὕτω,
3283 3375 3428 3446 φησὶ,
3459 3380 3534 3429 καὶ
3568 3377 3689 3428 riui

2243 3451 2382 3505 Θεοῦ
2411 3452 2585 3516 οὐδεὶς
2620 3453 2862 3522 ἔγνωκεν
2883 3494 2896 3518 ,
2953 3458 3001 3508 εί
3033 3458 3112 3527 μὴ
3146 3459 3208 3509 τὸ
3241 3460 3451 3528 Πνεῦμα
3500 3461 3572 3513 τοῦ
3595 3462 3690 3512 Θεοῦ.
3724 3475 3725 3486 ‘

2244 3537 2356 3588 Kal.
2385 3536 2547 3590 πάλιν
2574 3541 2740 3607 φησιν
2768 3541 2796 3592 ὁ
2818 3540 3008 3608 Σωτήρ
3029 3558 3041 3569 ·
3064 3541 3280 3606 Οὐδείς
3303 3543 3618 3611 ἐπιγινώσκει
3633 3548 3693 3596 τὸν

2242 3622 2398 3684 Υιὸν,
2425 3624 2475 3676 si
2505 3622 2592 3690 μὴ
2621 3625 2655 3676 ό
2685 3624 2909 3691 Πατὴρ,
2938 3624 3082 3679 οὐδὲ
3114 3627 3223 3680 τὸν
3252 3628 3466 3696 Πατέρα
3493 3647 3562 3692 τις
3577 3631 3692 3694 istri-

2241 3707 2458 3759 νὼσκει
2489 3705 2541 3758 εὶ
2571 3705 2656 3774 μὴ
2695 3709 2728 3759 ό
2774 3709 2929 3773 Υἱὸς,
2962 3710 3058 3761 καὶ
3091 3704 3140 3776 ᾧ
3172 3709 3250 3763 ἂν
3276 3711 3543 3778 ,ϐούληται
3571 3715 3594 3764 ὁ
3618 3714 3693 3774 ηίς

2238 3789 2650 3856 ἀποκαλύψαι.
2682 3788 2854 3842 Τοῦτο
2877 3792 3071 3861 ἐκείνῳ
3109 3795 3317 3861 ὅμοιον,
3361 3796 3552 3848 κάκεῖνο
3574 3798 3692 3847 τούτω

2245 3873 2598 3942 ίσοδύναμον·
2649 3873 2816 3943 Ἡμῖν
2847 3872 2976 3943 γὰρ,
3012 3877 3206 3945 φησιν,
3226 3881 3258 3931 d
3287 3880 3423 3941 Θεὸς
3443 3879 3692 3944 «tntilli-ta

554 3953 654 4007 διὰ
684 3954 790 4008 τοῦ
833 3954 1187 4021 Πνεύματος
1237 3955 1447 4010 αὐτοῦ.
1482 3957 1626 4026 Ὅρα
1677 3955 1972 4026 τοιγαροῦν
2006 3956 2124 4020 πῶς
2165 3959 2298 4011 ποτε
2335 3958 2431 4028 μὲν
2474 3956 2666 4028 Πατὴρ
2731 3957 2864 4010 Υίὸν
2905 3959 3312 4028 ἀποκαλύπτει,
3368 3963 3481 4016 ποτὲ
3533 3962 3577 4015 δὲ
3622 3962 3691 4022 lii;

556 4037 798 4108 Πατέρα,
832 4037 963 4090 ποτὲ
985 4037 1040 4089 δὲ
1067 4036 1129 4090 τὸ
1159 4037 1381 4109 Πνεῦμα
1428 4039 1577 4102 Υίὶιν,
1615 4041 1710 4093 καὶ
1746 4040 1970 4109 Πατέρα
2003 4040 2293 4104 ὡσαύτως.

1034 4131 1122 4185 Ea:
1152 4133 1330 4187 eadem
1379 4135 1641 4188 oratione.

630 4229 686 4280 In
731 4225 914 4279 mundi
975 4226 1349 4294 procreatione
1409 4229 1755 4296 perspicuum
1790 4237 1892 4293 est,
1922 4227 2137 4283 Patrem

554 4329 677 4366 cum
701 4309 837 4364 Filio
856 4320 910 4364 et
943 4308 1144 4379 Spiritu
1193 4311 1453 4380 colloqui,
1484 4313 1936 4381 quemadmodum
1966 4312 2142 4367 Moses

557 4400 792 4453 humano
841 4411 990 4450 more
1055 4395 1453 4465 colloquentem
1517 4398 1690 4466 ipsum
1733 4399 1940 4453 inducit
1977 4407 2141 4468 atque

555 4483 818 4537 dicentem
854 4496 869 4534 :
905 4479 1190 4533 Faciamus
1232 4481 1491 4533 hominem
1549 4479 1619 4534 ad
1662 4483 1945 4551 imaginem
1969 4490 2018 4536 et
2062 4485 2137 4536 ai-

556 4566 901 4620 militudmem
947 4575 1182 4617 nostram
1221 4564 1262 4616 ⁶.
1303 4564 1401 4619 Cui
1454 4564 1600 4619 enim
1635 4565 1785 4632 dicit,
1825 4564 2134 4634 Faciamus,

555 4654 657 4705 nisi
692 4650 887 4715 Verbo,
917 4648 1268 4717 ctunigenito
1290 4647 1452 4714 Filio,
1487 4665 1581 4718 per
1613 4664 1772 4719 quem
1791 4651 1972 4706 omnia
1996 4649 2138 4706 facta

554 4743 701 4799 sunt,
727 4734 1177 4802 quemadmodum
1222 4732 1409 4788 scribit
1432 4735 1788 4802 evangelista,
1827 4742 1880 4788 et
1912 4735 2137 4804 Spiritui

552 4819 621 4872 de
643 4833 752 4889 quo
768 4819 1028 4887 scriptum
1052 4826 1137 4872 est
1169 4834 1182 4871 :
1211 4815 1436 4884 Spiritu:
1457 4818 1685 4886 divinus,
1723 4819 1814 4888 qui
1834 4819 1957 4888 fecit
1980 4835 2060 4872 me
2080 4819 2140 4874 ’Υ

552 4908 630 4959 Ac
680 4903 930 4974 quamvis
979 4904 1228 4957 oratione
1275 4917 1379 4957 non
1415 4903 1793 4967 declaraverit,
1844 4902 1912 4956 de
1939 4906 2139 4971 quibus

552 4993 718 5051 dicat,
739 4995 832 5042 aut
862 5001 998 5056 quos
1017 4986 1344 5055 alloquatur,
1384 4997 1562 5040 tamen
1583 4986 1724 5054 quod
1744 4987 1808 5040 de
1825 4987 1941 5055 ipso
1960 4987 2136 5043 solum

551 5090 661 5130 non
690 5072 856 5136 dicat,
887 5079 1034 5137 patet
1059 5086 1124 5124 ex
1163 5083 1249 5134 eo,
1282 5069 1447 5138 quod,
1481 5068 1633 5132 Ecce,
1667 5069 1862 5137 inquit,
1883 5071 2053 5124 Adam
2076 5081 2136 5125 ut

553 5172 689 5210 unus
712 5172 738 5208 e
762 5155 905 5207 nobis
949 5153 1120 5222 factus
1147 5161 1222 5206 est
1247 5152 1288 5206 ⁸.
1322 5152 1387 5205 Ει
1419 5167 1630 5205 rursum
1660 5167 1679 5205 :
1713 5143 1909 5215 Venite,
1935 5155 2130 5224 inquit,

553 5255 598 5296 et
634 5239 1000 5294 descendentes
1029 5236 1420 5304 confundantur
1476 5237 1683 5304 tinguat
1727 5237 1964 5305 ipsorum
1997 5242 2038 5306 ⁸,
2073 5250 2132 5294 ιιι

551 5336 604 5380 et
632 5338 918 5379 numerum
954 5335 1146 5374 eorum
1181 5319 1475 5386 intelligas.
1530 5319 1696 5373 Nemo
1754 5323 1899 5375 enim
1936 5324 2134 5378 audeat

551 5409 770 5478 angelos
802 5422 921 5460 cum
957 5406 1218 5459 Creatore
1253 5412 1307 5456 et
1354 5403 1585 5457 Domino
1619 5407 1909 5463 collocare.
1947 5406 2134 5476 Neque

552 5507 766 5545 rursum
803 5490 893 5544 Dei
922 5502 1150 5557 persona
1182 5499 1285 5540 una
1316 5487 1767 5558 potest-intelligi,
1793 5505 1914 5543 cum
1944 5490 2088 5545 dicat
2114 5508 2129 5546 :

553 5572 823 5644 Tanquam
842 5589 973 5626 unus
995 5589 1022 5627 ε
1044 5572 1211 5636 nobis,
1232 5581 1285 5627 et
1309 5589 1324 5628 :
1356 5571 1548 5638 Venite,
1567 5576 1982 5628 cldeocendentes
2005 5591 2134 5630 con-

548 5658 912 5730 fundamus”.
933 5657 1284 5726 Perspicuum
1307 5669 1362 5712 et
1386 5659 1512 5713 illud
1526 5670 1608 5714 est
1625 5661 1763 5729 quod
1782 5660 1847 5714 de
1866 5659 2132 5717 Sodomo-

619 5779 633 5809 ‘
661 5778 764 5833 lsa.
791 5793 831 5843 l,
859 5777 915 5834 ‘2.
1029 5779 1050 5809 ³
1081 5776 1251 5831 Exod.
1295 5791 1345 5830 tv
1375 5775 1467 5830 22.
1583 5774 1604 5805 ³
1637 5774 1843 5830 Coloss.
1873 5795 1910 5839 ι,
1948 5779 2035 5834 l6.

548 5855 568 5886 ⁷
595 5847 750 5906 Joan.
787 5865 826 5916 t,
854 5849 908 5902 5.

2148 5780 2219 5834 ⁸1
2259 5782 2482 5850 Cor.’.n,
2543 5783 2631 5839 ll.

1019 5846 1180 5903 'Job.
1221 5862 1416 5912 xxxiii,
1464 5845 1557 5899 ιιι.
1633 5848 1652 5878 ’
1689 5846 1824 5900 Gen.
1864 5865 1941 5912 ιιι,
1976 5851 2066 5904 νε.
2148 5853 2191 5884 ¹⁰
2219 5853 2353 5909 Gen.
2381 5845 2543 5922 st,'7.

2783 4139 2884 4193 Ἐκ
2911 4140 3018 4194 τοῦ
3048 4143 3262 4198 αὐτοῦ.

2311 4226 2471 4281 Κατὰ
2497 4228 2595 4299 τὴν
2623 4232 2986 4300 κοσμοποιίαν
3029 4235 3172 4305 πρὸς
3198 4237 3289 4291 τὸν
3316 4237 3434 4291 Υίδν
3460 4237 3536 4291 καὶ
3559 4236 3690 4304 Πατέρα

2237 4309 2620 4379 διαλεγόμενος
2641 4311 2800 4383 δῆλός
2823 4315 2974 4368 ἐστιν
3005 4319 3034 4369 ὁ
3050 4318 3209 4383 Θεὸς,
3236 4320 3309 4383 ὼς
3330 4321 3691 4392 άνθρωπικωτέρῳ

2237 4398 2395 4461 τύπῳ
2419 4394 2767 4466 παρέστησεν
2817 4397 2845 4449 ὁ
2888 4399 3156 4470 Μωῦσῆς,
3209 4403 3559 4473 διαλεγόμενον
3597 4403 3692 4453 αὑτὸν

2240 4479 2498 4545 εἰσάγων,
2555 4481 2650 4532 καὶ
2705 4479 3026 4547 φάσκονταο
3079 4483 3434 4554 Ποιήσωμεν
3477 4486 3692 4553 ἇνθρωπιτ

2240 4564 2369 4615 κατ’
2397 4563 2604 4616 εἰκόνα
2634 4563 2953 4632 ἡμετέραν,
3007 4567 3110 4621 καὶ
3173 4569 3305 4623 καθ’
3349 4570 3693 4640 όμοίωσιν.Τί-ιι

2239 4647 2347 4716 γὰρ
2381 4647 2526 4714 λέγει
2558 4648 2616 4699 τὺ
2643 4648 3045 4724 ποιήσωμεν-ἢ
3075 4651 3154 4722 τῷ
3195 4654 3352 4724 Λόγῳ
3378 4656 3462 4709 καὶ
3508 4654 3695 4722 μονογενεῖ

2242 4732 2379 4804 Υίῷ,
2410 4732 2478 4784 δι’
2505 4728 2567 4787 οῦ
2594 4735 2660 4786 τὰ
2695 4734 2877 4788 πάντα
2907 4735 3129 4804 ἐγένετο
3169 4740 3314 4793 κατά
3366 4740 3450 4793 τὸν
3490 4737 3694 4804 Εὐαγγεὶε-

2241 4819 2393 4887 σῑὴν,
2419 4817 2514 4870 καὶ
2539 4817 2616 4887 τῷ
2651 4818 2957 4888 Πνεύματι,
2977 4825 3105 4891 περὶ
3125 4815 3185 4875 οὗ
3219 4821 3696 4895 γέγραπται,11νεῦμιι

2240 4903 2401 4956 θεῖον
2431 4901 2498 4955 τὸ
2528 4900 2798 4970 ποιῆσάν
2820 4920 2935 4973 ys;
2992 4906 3054 4958 Et
3101 4906 3158 4960 δὲ
3205 4911 3301 4962 καὶ
3335 4908 3405 4979 μὴ
3435 4906 3582 4980 ῥητῶς
3603 4905 3696 4972 δεδή-

2243 4985 2411 5055 λωκε,
2447 4992 2576 5060 περὶ
2597 4988 2782 5055 τίνων,
2839 4989 2871 5059 ἦ
2901 4990 3037 5061 πρὸς
3068 4993 3223 5056 τίνας
3269 4994 3567 5062 διαλέγεται,
3604 4993 3695 5057 ὅμως

2247 5067 2321 5139 μὴ
2352 5072 2478 5138 περὶ
2503 5070 2698 5126 ἑαυτοῦ
2725 5073 2889 5142 μόνον
2920 5075 3099 5144 λέγειν
3120 5078 3279 5147 δῆλόν
3311 5081 3466 5142 ἐστιν,
3486 5078 3558 5130 ὅτε
3576 5073 3694 5145 Win

2255 5154 2412 5209 Ἰδοὺ
2444 5156 2625 5225 Ἀδὰμ
2657 5159 2908 5226 γέγονεν
2932 5160 3014 5228 ὡς
3041 5157 3128 5228 εἷς
3149 5163 3221 5227 ἐξ
3248 5163 3430 5231 ἡμῶνο
3458 5161 3537 5214 καὶ
3564 5159 3694 5211 πάλιν

2239 5240 2423 5294 Δεῦτε
2457 5243 2823 5309 καταϐάντες
2854 5247 3211 5316 συτχέωμεν
3247 5249 3438 5302 αὐτῶν
3460 5245 3549 5311 τὰς
3572 5241 3696 5311 γλώσ·

2239 5339 2380 5392 σας,
2419 5326 2521 5380 ἵνα
2553 5327 2653 5380 καὶ
2692 5333 3298 5401 συναριθμουμένους
3350 5332 3571 5396 νοήσῃς.
3611 5324 3695 5376 ῡῦτε

2239 5410 2350 5481 γὰρ
2384 5413 2465 5475 είς
2499 5413 2773 5482 ἰσοτιμίαν
2799 5415 3070 5482 ἀγγέλους
3129 5417 3380 5482 συντάξαι
3415 5414 3620 5483 τολμήσει
3648 5422 3697 5466 τίς

2238 5498 2316 5568 τῷ
2348 5498 2698 5569 Δημιουργῷ,
2755 5500 2848 5552 καὶ
2890 5501 3161 5574 Δεσπότῃ,
3208 5502 3331 5555 οὔτε
3369 5502 3488 5554 Θεοῦ
3523 5499 3636 5551 πάλιν
3661 5491 3695 5542 ἓν

2238 5583 2530 5651 πρόσωπον
2549 5577 2662 5636 οἷόν
2681 5601 2740 5636 τε
2765 5585 2906 5637 νοεῖν
2931 5584 2989 5638 τὸ
3019 5586 3293 5654 λέγεσθαι,
3315 5588 3390 5652 ὡς
3408 5581 3483 5650 εἷς
3499 5584 3554 5646 ἐξ
3569 5575 3690 5645 ἡμῶν,

2238 5667 2545 5732 καὶμὶεῦτε
2560 5667 2654 5721 καὶ
2679 5667 3046 5735 καταϐάντες
3067 5671 3423 5740 συγχέωμεν.
3450 5665 3644 5735 Ἐναργὲς
3657 5658 3691 5710 δὲ

2739 5784 2760 5818 ⁸
2791 5784 2984 5842 Matth.
3041 5804 3115 5857 ιι,
3163 5788 3252 5844 27.
3362 5787 3517 5843 ‘Gcn.
3562 5799 3590 5849 t,
3638 5775 3691 5829 ili.
