  <div class='ocr_page' id='page_1' title='image "/cluster/home/n/w/nwhite01/storage/ocr_20150623/130/hvd.32044019208255/376.png"; bbox 0 0 3920 6554; ppageno 0'>
   <div class='ocr_carea' id='block_1_1' title="bbox 126 320 2401 431">
    <p class='ocr_par' dir='ltr' id='par_1_1' title="bbox 126 320 2401 431">
     <span class='ocr_line' id='line_1_1' title="bbox 126 320 2401 431; baseline -0.006 -2"><span class='ocrx_word' id='word_1_1' title='bbox 126 369 228 431; x_wconf 66' lang='lat'><strong>:37</strong></span> <span class='ocrx_word' id='word_1_2' title='bbox 1081 359 1461 421; x_wconf 75' lang='lat' dir='ltr'><strong>PANOPLIA</strong></span> <span class='ocrx_word' id='word_1_3' title='bbox 1500 355 1954 419; x_wconf 82' lang='lat' dir='ltr'><strong>DOGMATICA.</strong></span> <span class='ocrx_word' id='word_1_4' title='bbox 1990 378 2059 391; x_wconf 88' lang='lat'><strong>-</strong></span> <span class='ocrx_word' id='word_1_5' title='bbox 2101 320 2249 414; x_wconf 61' lang='lat' dir='ltr'><strong>ma</strong></span> <span class='ocrx_word' id='word_1_6' title='bbox 2293 354 2401 416; x_wconf 71' lang='lat' dir='ltr'><strong>xr.</strong></span> 
     </span>
    </p>
   </div>
   <div class='ocr_carea' id='block_1_2' title="bbox 3245 347 3354 410">
    <p class='ocr_par' dir='ltr' id='par_1_2' title="bbox 3245 347 3354 410">
     <span class='ocr_line' id='line_1_2' title="bbox 3245 347 3354 410; baseline -0.009 0"><span class='ocrx_word' id='word_1_7' title='bbox 3245 347 3354 410; x_wconf 82' lang='lat'><strong>738</strong></span> 
     </span>
    </p>
   </div>
   <div class='ocr_carea' id='block_1_3' title="bbox 129 458 1715 543">
    <p class='ocr_par' dir='ltr' id='par_1_3' title="bbox 129 469 1715 543">
     <span class='ocr_line' id='line_1_3' title="bbox 129 469 1715 543; baseline 0.002 -18"><span class='ocrx_word' id='word_1_8' title='bbox 129 479 224 531; x_wconf 70' lang='grc' dir='ltr'><strong>καὶ</strong></span> <span class='ocrx_word' id='word_1_9' title='bbox 249 475 306 527; x_wconf 82' lang='grc' dir='ltr'><strong>τὺ</strong></span> <span class='ocrx_word' id='word_1_10' title='bbox 339 472 465 542; x_wconf 73' lang='grc' dir='ltr'><strong>περὶ</strong></span> <span class='ocrx_word' id='word_1_11' title='bbox 496 473 594 543; x_wconf 82' lang='grc' dir='ltr'><strong>τῆς</strong></span> <span class='ocrx_word' id='word_1_12' title='bbox 625 472 1017 543; x_wconf 75' lang='grc' dir='ltr'><strong>καταστροφῆς</strong></span> <span class='ocrx_word' id='word_1_13' title='bbox 1052 471 1305 542; x_wconf 75' lang='grc' dir='ltr'><strong>Σοδόμων</strong></span> <span class='ocrx_word' id='word_1_14' title='bbox 1356 469 1679 539; x_wconf 78' lang='grc' dir='ltr'><strong>λεγόμενον,</strong></span> <span class='ocrx_word' id='word_1_15' title='bbox 1711 520 1715 528; x_wconf 87' lang='grc'><strong>.</strong></span> 
     </span>
    </p>
   </div>
   <div class='ocr_carea' id='block_1_4' title="bbox 1812 458 3360 543">
    <p class='ocr_par' dir='ltr' id='par_1_4' title="bbox 1817 458 3360 524">
     <span class='ocr_line' id='line_1_4' title="bbox 1817 458 3360 524; baseline -0.005 -1"><span class='ocrx_word' id='word_1_16' title='bbox 1817 484 1905 523; x_wconf 91' lang='lat' dir='ltr'><strong>um</strong></span> <span class='ocrx_word' id='word_1_17' title='bbox 1935 465 2217 524; x_wconf 86' lang='lat' dir='ltr'><strong>eversione</strong></span> <span class='ocrx_word' id='word_1_18' title='bbox 2243 465 2445 518; x_wconf 85' lang='lat' dir='ltr'><strong>dictum</strong></span> <span class='ocrx_word' id='word_1_19' title='bbox 2471 469 2554 518; x_wconf 87' lang='lat' dir='ltr'><strong>est</strong></span> <span class='ocrx_word' id='word_1_20' title='bbox 2585 479 2596 515; x_wconf 87' lang='lat'><strong>:</strong></span> <span class='ocrx_word' id='word_1_21' title='bbox 2627 461 2770 516; x_wconf 85' lang='lat' dir='ltr'><strong>Pluit</strong></span> <span class='ocrx_word' id='word_1_22' title='bbox 2791 461 3046 515; x_wconf 75' lang='lat' dir='ltr'><strong>Dominus</strong></span> <span class='ocrx_word' id='word_1_23' title='bbox 3078 475 3110 511; x_wconf 93' lang='lat' dir='ltr'><strong>a</strong></span> <span class='ocrx_word' id='word_1_24' title='bbox 3139 458 3360 515; x_wconf 88' lang='lat' dir='ltr'><strong>Domino</strong></span> 
     </span>
    </p>
   </div>
   <div class='ocr_carea' id='block_1_5' title="bbox 129 540 1715 624">
    <p class='ocr_par' dir='ltr' id='par_1_5' title="bbox 129 540 1683 624">
     <span class='ocr_line' id='line_1_5' title="bbox 129 540 1683 624; baseline -0.002 -13"><span class='ocrx_word' id='word_1_25' title='bbox 129 561 190 612; x_wconf 77' lang='grc' dir='ltr'><strong>τὸ</strong></span> <span class='ocrx_word' id='word_1_26' title='bbox 210 540 440 624; x_wconf 77' lang='grc' dir='ltr'><strong>Ἐσρεξε</strong></span> <span class='ocrx_word' id='word_1_27' title='bbox 475 540 696 624; x_wconf 64' lang='grc' dir='ltr'><strong>Κύριος</strong></span> <span class='ocrx_word' id='word_1_28' title='bbox 746 540 907 623; x_wconf 63' lang='grc' dir='ltr'><strong>παρὰ</strong></span> <span class='ocrx_word' id='word_1_29' title='bbox 940 555 1166 624; x_wconf 82' lang='grc' dir='ltr'><em>Κυρίου</em></span> <span class='ocrx_word' id='word_1_30' title='bbox 1192 540 1358 610; x_wconf 11' lang='grc' dir='ltr'><em>ἠθεῖον</em></span> <span class='ocrx_word' id='word_1_31' title='bbox 1409 553 1511 607; x_wconf 74' lang='grc' dir='ltr'><strong>καὶ</strong></span> <span class='ocrx_word' id='word_1_32' title='bbox 1563 554 1683 622; x_wconf 79' lang='grc' dir='ltr'><strong>πῦρ</strong></span> 
     </span>
    </p>
   </div>
   <div class='ocr_carea' id='block_1_6' title="bbox 1812 540 3362 624">
    <p class='ocr_par' dir='ltr' id='par_1_6' title="bbox 1812 540 3362 623">
     <span class='ocr_line' id='line_1_6' title="bbox 1812 540 3362 623; baseline -0.008 -17"><span class='ocrx_word' id='word_1_33' title='bbox 1812 567 1977 623; x_wconf 82' lang='lat' dir='ltr'><strong>gnem,</strong></span> <span class='ocrx_word' id='word_1_34' title='bbox 2012 559 2058 604; x_wconf 88' lang='lat' dir='ltr'><strong>et</strong></span> <span class='ocrx_word' id='word_1_35' title='bbox 2086 549 2306 617; x_wconf 87' lang='lat' dir='ltr'><strong>sulplmr</strong></span> <span class='ocrx_word' id='word_1_36' title='bbox 2331 564 2359 601; x_wconf 89' lang='lat' dir='ltr'><strong>e</strong></span> <span class='ocrx_word' id='word_1_37' title='bbox 2393 546 2517 600; x_wconf 75' lang='lat' dir='ltr'><strong>caelo</strong></span> <span class='ocrx_word' id='word_1_38' title='bbox 2560 547 2600 598; x_wconf 75' lang='lat'><strong>‘.</strong></span> <span class='ocrx_word' id='word_1_39' title='bbox 2633 545 2695 599; x_wconf 82' lang='lat' dir='ltr'><strong>Et</strong></span> <span class='ocrx_word' id='word_1_40' title='bbox 2722 547 2862 612; x_wconf 85' lang='lat' dir='ltr'><strong>quod</strong></span> <span class='ocrx_word' id='word_1_41' title='bbox 2895 544 2976 598; x_wconf 90' lang='lat' dir='ltr'><strong>his</strong></span> <span class='ocrx_word' id='word_1_42' title='bbox 3005 541 3181 597; x_wconf 83' lang='lat' dir='ltr'><strong>simile</strong></span> <span class='ocrx_word' id='word_1_43' title='bbox 3232 540 3362 594; x_wconf 78' lang='lat' dir='ltr'><strong>Pro-</strong></span> 
     </span>
    </p>
   </div>
   <div class='ocr_carea' id='block_1_7' title="bbox 130 635 1686 709">
    <p class='ocr_par' dir='ltr' id='par_1_7' title="bbox 130 635 1686 709">
     <span class='ocr_line' id='line_1_7' title="bbox 130 635 1686 709; baseline -0.001 -17"><span class='ocrx_word' id='word_1_44' title='bbox 130 641 198 694; x_wconf 75' lang='grc' dir='ltr'><strong>ἐκ</strong></span> <span class='ocrx_word' id='word_1_45' title='bbox 229 639 327 693; x_wconf 87' lang='grc' dir='ltr'><em>τοῦ</em></span> <span class='ocrx_word' id='word_1_46' title='bbox 356 640 640 707; x_wconf 81' lang='grc' dir='ltr'><em>οὐρανοῦ.</em></span> <span class='ocrx_word' id='word_1_47' title='bbox 670 641 781 693; x_wconf 76' lang='grc' dir='ltr'><strong>Καὶ</strong></span> <span class='ocrx_word' id='word_1_48' title='bbox 807 639 865 692; x_wconf 80' lang='grc' dir='ltr'><strong>τὸ</strong></span> <span class='ocrx_word' id='word_1_49' title='bbox 899 640 956 690; x_wconf 83' lang='grc' dir='ltr'><strong>ὲν</strong></span> <span class='ocrx_word' id='word_1_50' title='bbox 982 638 1240 709; x_wconf 79' lang='grc' dir='ltr'><strong>προφήτῃ</strong></span> <span class='ocrx_word' id='word_1_51' title='bbox 1275 635 1686 708; x_wconf 75' lang='grc' dir='ltr'><strong>παραπλησίως</strong></span> 
     </span>
    </p>
   </div>
   <div class='ocr_carea' id='block_1_8' title="bbox 127 719 1688 793">
    <p class='ocr_par' dir='ltr' id='par_1_8' title="bbox 127 719 1688 793">
     <span class='ocr_line' id='line_1_8' title="bbox 127 719 1688 793; baseline -0.001 -18"><span class='ocrx_word' id='word_1_52' title='bbox 127 724 328 783; x_wconf 73' lang='grc' dir='ltr'><strong>τούτοις</strong></span> <span class='ocrx_word' id='word_1_53' title='bbox 385 723 680 793; x_wconf 75' lang='grc' dir='ltr'><strong>εἰρημένον</strong></span> <span class='ocrx_word' id='word_1_54' title='bbox 739 724 802 775; x_wconf 84' lang='grc' dir='ltr'><strong>ὲκ</strong></span> <span class='ocrx_word' id='word_1_55' title='bbox 862 721 1155 791; x_wconf 83' lang='grc' dir='ltr'><strong>προσώπου</strong></span> <span class='ocrx_word' id='word_1_56' title='bbox 1219 721 1314 774; x_wconf 73' lang='grc' dir='ltr'><em>τοῦ</em></span> <span class='ocrx_word' id='word_1_57' title='bbox 1345 719 1506 786; x_wconf 82' lang='grc' dir='ltr'>Θεοῦ,</span> <span class='ocrx_word' id='word_1_58' title='bbox 1535 724 1688 774; x_wconf 84' lang='grc' dir='ltr'><em>Κατ-</em></span> 
     </span>
    </p>
   </div>
   <div class='ocr_carea' id='block_1_9' title="bbox 1789 624 3362 706">
    <p class='ocr_par' dir='ltr' id='par_1_9' title="bbox 1789 624 3362 706">
     <span class='ocr_line' id='line_1_9' title="bbox 1789 624 3362 706; baseline -0.008 -20"><span class='ocrx_word' id='word_1_59' title='bbox 1789 637 1950 706; x_wconf 81' lang='lat' dir='ltr'><strong>pheta</strong></span> <span class='ocrx_word' id='word_1_60' title='bbox 1989 634 2122 688; x_wconf 79' lang='lat' dir='ltr'><strong>dixit</strong></span> <span class='ocrx_word' id='word_1_61' title='bbox 2157 647 2188 686; x_wconf 89' lang='lat' dir='ltr'><strong>e</strong></span> <span class='ocrx_word' id='word_1_62' title='bbox 2219 645 2448 699; x_wconf 80' lang='lat' dir='ltr'><strong>persona</strong></span> <span class='ocrx_word' id='word_1_63' title='bbox 2497 631 2586 684; x_wconf 89' lang='lat' dir='ltr'><strong>Dei</strong></span> <span class='ocrx_word' id='word_1_64' title='bbox 2621 647 2634 683; x_wconf 87' lang='lat'><strong>:</strong></span> <span class='ocrx_word' id='word_1_65' title='bbox 2667 629 2840 682; x_wconf 74' lang='lat' dir='ltr'><strong>Everti</strong></span> <span class='ocrx_word' id='word_1_66' title='bbox 2918 641 3001 679; x_wconf 89' lang='lat' dir='ltr'><strong>eos</strong></span> <span class='ocrx_word' id='word_1_67' title='bbox 3057 635 3113 680; x_wconf 93' lang='lat' dir='ltr'><strong>ut</strong></span> <span class='ocrx_word' id='word_1_68' title='bbox 3182 624 3362 678; x_wconf 80' lang='lat' dir='ltr'><strong>evertit</strong></span> 
     </span>
    </p>
   </div>
   <div class='ocr_carea' id='block_1_10' title="bbox 1790 707 3364 773">
    <p class='ocr_par' dir='ltr' id='par_1_10' title="bbox 1790 707 3364 773">
     <span class='ocr_line' id='line_1_10' title="bbox 1790 707 3364 773; baseline -0.01 0"><span class='ocrx_word' id='word_1_69' title='bbox 1790 719 1931 773; x_wconf 90' lang='lat' dir='ltr'><strong>Deus</strong></span> <span class='ocrx_word' id='word_1_70' title='bbox 1961 717 2245 772; x_wconf 87' lang='lat' dir='ltr'><strong>Sodomam</strong></span> <span class='ocrx_word' id='word_1_71' title='bbox 2267 723 2314 768; x_wconf 88' lang='lat' dir='ltr'><strong>et</strong></span> <span class='ocrx_word' id='word_1_72' title='bbox 2369 711 2740 768; x_wconf 82' lang='lat' dir='ltr'><strong>Gomorrltam.</strong></span> <span class='ocrx_word' id='word_1_73' title='bbox 2782 709 2849 764; x_wconf 87' lang='lat' dir='ltr'><strong>Et</strong></span> <span class='ocrx_word' id='word_1_74' title='bbox 2907 709 3066 764; x_wconf 88' lang='lat' dir='ltr'><strong>aliter</strong></span> <span class='ocrx_word' id='word_1_75' title='bbox 3127 707 3364 759; x_wconf 82' lang='lat' dir='ltr'><strong>humano</strong></span> 
     </span>
    </p>
   </div>
   <div class='ocr_carea' id='block_1_11' title="bbox 127 789 1715 875">
    <p class='ocr_par' dir='ltr' id='par_1_11' title="bbox 127 789 1689 875">
     <span class='ocr_line' id='line_1_11' title="bbox 127 789 1689 875; baseline 0 -16"><span class='ocrx_word' id='word_1_76' title='bbox 127 806 247 870; x_wconf 56' lang='grc' dir='ltr'><em>ἐστι</em></span> <span class='ocrx_word' id='word_1_77' title='bbox 266 812 382 873; x_wconf 41' lang='lat' dir='ltr'><strong>cura</strong></span> <span class='ocrx_word' id='word_1_78' title='bbox 415 789 657 872; x_wconf 59' lang='grc' dir='ltr'><em>αὐτοὺς,</em></span> <span class='ocrx_word' id='word_1_79' title='bbox 679 807 758 872; x_wconf 87' lang='grc' dir='ltr'><strong>ὡς</strong></span> <span class='ocrx_word' id='word_1_80' title='bbox 779 789 1187 875; x_wconf 70' lang='grc' dir='ltr'><strong>κατέστρεψεν</strong></span> <span class='ocrx_word' id='word_1_81' title='bbox 1218 807 1250 860; x_wconf 85' lang='grc' dir='ltr'><em>ὀ</em></span> <span class='ocrx_word' id='word_1_82' title='bbox 1278 805 1421 872; x_wconf 81' lang='grc' dir='ltr'><em>Θεὸς</em></span> <span class='ocrx_word' id='word_1_83' title='bbox 1453 803 1689 873; x_wconf 78' lang='grc' dir='ltr'><strong>Σόδομα</strong></span> 
     </span>
    </p>
   </div>
   <div class='ocr_carea' id='block_1_12' title="bbox 1812 789 3364 875">
    <p class='ocr_par' dir='ltr' id='par_1_12' title="bbox 1812 789 3364 870">
     <span class='ocr_line' id='line_1_12' title="bbox 1812 789 3364 870; baseline -0.01 -15"><span class='ocrx_word' id='word_1_84' title='bbox 1812 818 1937 855; x_wconf 87' lang='lat' dir='ltr'><strong>nore</strong></span> <span class='ocrx_word' id='word_1_85' title='bbox 1956 800 2196 870; x_wconf 89' lang='lat' dir='ltr'><strong>loquitur</strong></span> <span class='ocrx_word' id='word_1_86' title='bbox 2212 797 2352 852; x_wconf 85' lang='lat' dir='ltr'><strong>Deus</strong></span> <span class='ocrx_word' id='word_1_87' title='bbox 2385 814 2400 851; x_wconf 94' lang='lat'><strong>:</strong></span> <span class='ocrx_word' id='word_1_88' title='bbox 2432 795 2658 850; x_wconf 81' lang='lat' dir='ltr'><strong>Servabo</strong></span> <span class='ocrx_word' id='word_1_89' title='bbox 2675 811 2760 847; x_wconf 88' lang='lat' dir='ltr'><strong>eos</strong></span> <span class='ocrx_word' id='word_1_90' title='bbox 2785 795 2836 846; x_wconf 89' lang='lat' dir='ltr'><strong>in</strong></span> <span class='ocrx_word' id='word_1_91' title='bbox 2856 793 3078 845; x_wconf 89' lang='lat' dir='ltr'><strong>Domino</strong></span> <span class='ocrx_word' id='word_1_92' title='bbox 3093 789 3200 842; x_wconf 78' lang='lat' dir='ltr'><strong>Deo</strong></span> <span class='ocrx_word' id='word_1_93' title='bbox 3222 789 3364 856; x_wconf 86' lang='lat' dir='ltr'><strong>ipso-</strong></span> 
     </span>
    </p>
   </div>
   <div class='ocr_carea' id='block_1_13' title="bbox 127 872 1715 961">
    <p class='ocr_par' dir='ltr' id='par_1_13' title="bbox 127 872 1689 961">
     <span class='ocr_line' id='line_1_13' title="bbox 127 872 1689 961; baseline 0 -21"><span class='ocrx_word' id='word_1_94' title='bbox 127 890 226 941; x_wconf 63' lang='lat' dir='ltr'><strong>ual</strong></span> <span class='ocrx_word' id='word_1_95' title='bbox 249 872 535 957; x_wconf 76' lang='grc' dir='ltr'><em>Γόμορῤα.</em></span> <span class='ocrx_word' id='word_1_96' title='bbox 560 890 670 943; x_wconf 76' lang='grc' dir='ltr'><strong>Καὶ</strong></span> <span class='ocrx_word' id='word_1_97' title='bbox 699 890 901 960; x_wconf 79' lang='grc' dir='ltr'><strong>ἑτέρως</strong></span> <span class='ocrx_word' id='word_1_98' title='bbox 932 872 1515 961; x_wconf 53' lang='grc' dir='ltr'><strong>φιλαῦθρωπευόμενος</strong></span> <span class='ocrx_word' id='word_1_99' title='bbox 1539 872 1689 956; x_wconf 80' lang='grc' dir='ltr'>λέγει</span> 
     </span>
    </p>
   </div>
   <div class='ocr_carea' id='block_1_14' title="bbox 1812 872 3360 961">
    <p class='ocr_par' dir='ltr' id='par_1_14' title="bbox 1812 872 3360 952">
     <span class='ocr_line' id='line_1_14' title="bbox 1812 872 3360 952; baseline -0.01 -14"><span class='ocrx_word' id='word_1_100' title='bbox 1812 901 1926 938; x_wconf 85' lang='lat' dir='ltr'><strong>um.</strong></span> <span class='ocrx_word' id='word_1_101' title='bbox 1947 885 2097 950; x_wconf 85' lang='lat' dir='ltr'><strong>Quod</strong></span> <span class='ocrx_word' id='word_1_102' title='bbox 2121 882 2335 952; x_wconf 80' lang='lat' dir='ltr'><strong>quidem</strong></span> <span class='ocrx_word' id='word_1_103' title='bbox 2374 889 2574 934; x_wconf 85' lang='lat' dir='ltr'><strong>nonest</strong></span> <span class='ocrx_word' id='word_1_104' title='bbox 2597 876 2860 932; x_wconf 86' lang='lat' dir='ltr'><strong>dissimile</strong></span> <span class='ocrx_word' id='word_1_105' title='bbox 2901 877 3184 930; x_wconf 81' lang='lat' dir='ltr'><strong>verborum</strong></span> <span class='ocrx_word' id='word_1_106' title='bbox 3215 872 3360 938; x_wconf 81' lang='lat' dir='ltr'><strong>Apo-</strong></span> 
     </span>
    </p>
   </div>
   <div class='ocr_carea' id='block_1_15' title="bbox 126 970 1687 1042">
    <p class='ocr_par' dir='ltr' id='par_1_15' title="bbox 126 970 1687 1042">
     <span class='ocr_line' id='line_1_15' title="bbox 126 970 1687 1042; baseline 0 -16"><span class='ocrx_word' id='word_1_107' title='bbox 126 974 153 1026; x_wconf 89' lang='lat'><strong>6</strong></span> <span class='ocrx_word' id='word_1_108' title='bbox 181 972 328 1035; x_wconf 78' lang='grc' dir='ltr'><em>Θεὸς,</em></span> <span class='ocrx_word' id='word_1_109' title='bbox 376 975 558 1026; x_wconf 87' lang='grc' dir='ltr'><strong>Σώσω</strong></span> <span class='ocrx_word' id='word_1_110' title='bbox 607 974 831 1039; x_wconf 73' lang='grc' dir='ltr'><em>αὐτοὺς</em></span> <span class='ocrx_word' id='word_1_111' title='bbox 864 975 933 1027; x_wconf 91' lang='grc' dir='ltr'><em>ἐν</em></span> <span class='ocrx_word' id='word_1_112' title='bbox 968 975 1159 1042; x_wconf 83' lang='grc' dir='ltr'><strong>Κυρίῳ</strong></span> <span class='ocrx_word' id='word_1_113' title='bbox 1190 972 1271 1040; x_wconf 84' lang='grc' dir='ltr'><strong>τῷ</strong></span> <span class='ocrx_word' id='word_1_114' title='bbox 1313 971 1436 1040; x_wconf 84' lang='grc' dir='ltr'><strong>Θεῷ</strong></span> <span class='ocrx_word' id='word_1_115' title='bbox 1464 970 1687 1037; x_wconf 83' lang='grc' dir='ltr'><em>αὐτῶν,</em></span> 
     </span>
    </p>
   </div>
   <div class='ocr_carea' id='block_1_16' title="bbox 126 1057 1690 1127">
    <p class='ocr_par' dir='ltr' id='par_1_16' title="bbox 126 1057 1690 1127">
     <span class='ocr_line' id='line_1_16' title="bbox 126 1057 1690 1127; baseline 0 -19"><span class='ocrx_word' id='word_1_116' title='bbox 126 1058 260 1127; x_wconf 80' lang='grc' dir='ltr'><strong>ὅπερ</strong></span> <span class='ocrx_word' id='word_1_117' title='bbox 287 1060 384 1110; x_wconf 85' lang='grc' dir='ltr'><strong>οὐκ</strong></span> <span class='ocrx_word' id='word_1_118' title='bbox 406 1058 632 1111; x_wconf 79' lang='grc' dir='ltr'><strong>ἀπέοικε</strong></span> <span class='ocrx_word' id='word_1_119' title='bbox 665 1059 763 1127; x_wconf 77' lang='grc' dir='ltr'><strong>τῆς</strong></span> <span class='ocrx_word' id='word_1_120' title='bbox 800 1059 1172 1127; x_wconf 82' lang='grc' dir='ltr'><strong>ἀποστολικῆς</strong></span> <span class='ocrx_word' id='word_1_121' title='bbox 1210 1058 1430 1125; x_wconf 81' lang='grc' dir='ltr'><strong>λέξεως,</strong></span> <span class='ocrx_word' id='word_1_122' title='bbox 1475 1057 1575 1126; x_wconf 78' lang='grc' dir='ltr'><strong>τῆς</strong></span> <span class='ocrx_word' id='word_1_123' title='bbox 1599 1057 1690 1109; x_wconf 89' lang='grc' dir='ltr'><strong>λε-</strong></span> 
     </span>
    </p>
   </div>
   <div class='ocr_carea' id='block_1_17' title="bbox 1787 956 3362 1034">
    <p class='ocr_par' dir='ltr' id='par_1_17' title="bbox 1787 956 3362 1034">
     <span class='ocr_line' id='line_1_17' title="bbox 1787 956 3362 1034; baseline -0.013 -9"><span class='ocrx_word' id='word_1_124' title='bbox 1787 969 1940 1034; x_wconf 83' lang='lat' dir='ltr'><strong>stoli,</strong></span> <span class='ocrx_word' id='word_1_125' title='bbox 1971 983 2098 1022; x_wconf 91' lang='lat' dir='ltr'><strong>cum</strong></span> <span class='ocrx_word' id='word_1_126' title='bbox 2125 967 2196 1020; x_wconf 88' lang='lat' dir='ltr'><strong>ait</strong></span> <span class='ocrx_word' id='word_1_127' title='bbox 2224 983 2238 1020; x_wconf 91' lang='lat'><strong>:</strong></span> <span class='ocrx_word' id='word_1_128' title='bbox 2266 964 2362 1018; x_wconf 86' lang='lat' dir='ltr'><strong>Det</strong></span> <span class='ocrx_word' id='word_1_129' title='bbox 2414 965 2512 1029; x_wconf 96' lang='lat' dir='ltr'><strong>ipsi</strong></span> <span class='ocrx_word' id='word_1_130' title='bbox 2537 962 2792 1017; x_wconf 83' lang='lat' dir='ltr'><strong>Dominus</strong></span> <span class='ocrx_word' id='word_1_131' title='bbox 2820 960 3048 1013; x_wconf 87' lang='lat' dir='ltr'><strong>invenire</strong></span> <span class='ocrx_word' id='word_1_132' title='bbox 3077 956 3301 1026; x_wconf 87' lang='lat' dir='ltr'><strong>gratiam</strong></span> <span class='ocrx_word' id='word_1_133' title='bbox 3331 969 3362 1006; x_wconf 88' lang='lat' dir='ltr'><strong>a</strong></span> 
     </span>
    </p>
   </div>
   <div class='ocr_carea' id='block_1_18' title="bbox 1792 1050 2393 1110">
    <p class='ocr_par' dir='ltr' id='par_1_18' title="bbox 1792 1050 2393 1110">
     <span class='ocr_line' id='line_1_18' title="bbox 1792 1050 2393 1110; baseline -0.012 0"><span class='ocrx_word' id='word_1_134' title='bbox 1792 1054 2012 1110; x_wconf 87' lang='lat' dir='ltr'><strong>Domino</strong></span> <span class='ocrx_word' id='word_1_135' title='bbox 2029 1053 2082 1106; x_wconf 90' lang='lat' dir='ltr'><strong>in</strong></span> <span class='ocrx_word' id='word_1_136' title='bbox 2115 1050 2210 1104; x_wconf 86' lang='lat' dir='ltr'><strong>illa</strong></span> <span class='ocrx_word' id='word_1_137' title='bbox 2229 1053 2310 1103; x_wconf 89' lang='lat' dir='ltr'><strong>die</strong></span> <span class='ocrx_word' id='word_1_138' title='bbox 2331 1050 2350 1080; x_wconf 84' lang='lat'>&#39;</span> <span class='ocrx_word' id='word_1_139' title='bbox 2376 1086 2393 1103; x_wconf 94' lang='lat'><strong>.</strong></span> 
     </span>
    </p>
   </div>
   <div class='ocr_carea' id='block_1_19' title="bbox 127 1133 2480 1212">
    <p class='ocr_par' dir='ltr' id='par_1_19' title="bbox 127 1133 2480 1212">
     <span class='ocr_line' id='line_1_19' title="bbox 127 1133 2480 1212; baseline -0.003 -20"><span class='ocrx_word' id='word_1_140' title='bbox 127 1140 342 1212; x_wconf 72' lang='grc' dir='ltr'><strong>γούτης,</strong></span> <span class='ocrx_word' id='word_1_141' title='bbox 385 1141 511 1212; x_wconf 80' lang='grc' dir='ltr'><strong>Δῴη</strong></span> <span class='ocrx_word' id='word_1_142' title='bbox 533 1141 694 1207; x_wconf 83' lang='grc' dir='ltr'><em>αὐτῷ</em></span> <span class='ocrx_word' id='word_1_143' title='bbox 716 1143 934 1210; x_wconf 82' lang='grc' dir='ltr'><em>Κύριος</em></span> <span class='ocrx_word' id='word_1_144' title='bbox 957 1145 1156 1211; x_wconf 84' lang='grc' dir='ltr'><em>εὐρειν</em></span> <span class='ocrx_word' id='word_1_145' title='bbox 1186 1146 1358 1210; x_wconf 79' lang='grc' dir='ltr'><em>ἕλεος</em></span> <span class='ocrx_word' id='word_1_146' title='bbox 1382 1143 1540 1210; x_wconf 84' lang='grc' dir='ltr'><strong>παρὰ</strong></span> <span class='ocrx_word' id='word_1_147' title='bbox 1567 1138 1784 1210; x_wconf 79' lang='grc' dir='ltr'><strong>Κυρίου</strong></span> <span class='ocrx_word' id='word_1_148' title='bbox 1811 1139 1881 1192; x_wconf 77' lang='grc' dir='ltr'><em>ἐν</em></span> <span class='ocrx_word' id='word_1_149' title='bbox 1917 1136 2118 1204; x_wconf 78' lang='grc' dir='ltr'><em>ἐκείνῃ</em></span> <span class='ocrx_word' id='word_1_150' title='bbox 2154 1133 2230 1200; x_wconf 76' lang='grc' dir='ltr'><strong>τῇ</strong></span> <span class='ocrx_word' id='word_1_151' title='bbox 2267 1134 2480 1202; x_wconf 74' lang='grc' dir='ltr'><strong>ἡμέρᾳ.</strong></span> 
     </span>
    </p>
   </div>
   <div class='ocr_carea' id='block_1_20' title="bbox 135 1233 1687 1304">
    <p class='ocr_par' dir='ltr' id='par_1_20' title="bbox 135 1233 1687 1304">
     <span class='ocr_line' id='line_1_20' title="bbox 135 1233 1687 1304; baseline -0.001 -16"><span class='ocrx_word' id='word_1_152' title='bbox 135 1233 248 1288; x_wconf 83' lang='grc' dir='ltr'><em>Τοῦ</em></span> <span class='ocrx_word' id='word_1_153' title='bbox 296 1233 504 1289; x_wconf 87' lang='grc' dir='ltr'><em>αὐτοῦ.</em></span> <span class='ocrx_word' id='word_1_154' title='bbox 566 1234 715 1302; x_wconf 74' lang='grc' dir='ltr'><em>Πρὸς</em></span> <span class='ocrx_word' id='word_1_155' title='bbox 768 1236 908 1300; x_wconf 87' lang='grc' dir='ltr'><em>τοὺς</em></span> <span class='ocrx_word' id='word_1_156' title='bbox 953 1236 1268 1304; x_wconf 73' lang='grc' dir='ltr'><em>λέγοντας,</em></span> <span class='ocrx_word' id='word_1_157' title='bbox 1319 1235 1406 1290; x_wconf 84' lang='grc' dir='ltr'><strong>ὅτι</strong></span> <span class='ocrx_word' id='word_1_158' title='bbox 1451 1234 1687 1304; x_wconf 67' lang='grc' dir='ltr'><em>πολλάτ</em></span> 
     </span>
    </p>
   </div>
   <div class='ocr_carea' id='block_1_21' title="bbox 197 1303 1686 1385">
    <p class='ocr_par' dir='ltr' id='par_1_21' title="bbox 197 1303 1686 1385">
     <span class='ocr_line' id='line_1_21' title="bbox 197 1303 1686 1385; baseline 0 -29"><span class='ocrx_word' id='word_1_159' title='bbox 197 1322 294 1385; x_wconf 52' lang='lat' dir='ltr'><strong>me;</strong></span> <span class='ocrx_word' id='word_1_160' title='bbox 334 1305 667 1385; x_wconf 49' lang='lat' dir='ltr'><strong>rimarum</strong></span> <span class='ocrx_word' id='word_1_161' title='bbox 700 1303 1158 1385; x_wconf 32' lang='grc' dir='ltr'><em>περὶβΐίοῦζσιαὶ</em></span> <span class='ocrx_word' id='word_1_162' title='bbox 1193 1305 1592 1385; x_wconf 69' lang='grc' dir='ltr'><em>Πατρᾲς,περὶ</em></span> <span class='ocrx_word' id='word_1_163' title='bbox 1618 1303 1686 1357; x_wconf 75' lang='grc' dir='ltr'><em>δὲ</em></span> 
     </span>
    </p>
   </div>
   <div class='ocr_carea' id='block_1_22' title="bbox 196 1375 1509 1446">
    <p class='ocr_par' dir='ltr' id='par_1_22' title="bbox 196 1375 1509 1446">
     <span class='ocr_line' id='line_1_22' title="bbox 196 1375 1509 1446; baseline 0.001 -20"><span class='ocrx_word' id='word_1_164' title='bbox 196 1375 298 1429; x_wconf 87' lang='grc' dir='ltr'><em>τοῦ</em></span> <span class='ocrx_word' id='word_1_165' title='bbox 324 1377 670 1442; x_wconf 79' lang='grc' dir='ltr'><em>Πνεῦματος</em></span> <span class='ocrx_word' id='word_1_166' title='bbox 699 1375 768 1426; x_wconf 80' lang='grc' dir='ltr'><em>ἐν</em></span> <span class='ocrx_word' id='word_1_167' title='bbox 795 1376 874 1441; x_wconf 79' lang='grc' dir='ltr'><strong>τῷ</strong></span> <span class='ocrx_word' id='word_1_168' title='bbox 891 1378 1268 1446; x_wconf 77' lang='grc' dir='ltr'><strong>βαπτίσματι</strong></span> <span class='ocrx_word' id='word_1_169' title='bbox 1291 1379 1509 1445; x_wconf 81' lang='grc' dir='ltr'><em>μόνον.</em></span> 
     </span>
    </p>
   </div>
   <div class='ocr_carea' id='block_1_23' title="bbox 279 1466 1702 1544">
    <p class='ocr_par' dir='ltr' id='par_1_23' title="bbox 279 1466 1702 1544">
     <span class='ocr_line' id='line_1_23' title="bbox 279 1466 1702 1544; baseline -0.005 -16"><span class='ocrx_word' id='word_1_170' title='bbox 279 1475 405 1528; x_wconf 86' lang='grc' dir='ltr'><strong>Ἐὰν</strong></span> <span class='ocrx_word' id='word_1_171' title='bbox 458 1473 516 1526; x_wconf 84' lang='grc' dir='ltr'><em>δὲ</em></span> <span class='ocrx_word' id='word_1_172' title='bbox 568 1472 700 1544; x_wconf 88' lang='grc' dir='ltr'>λέγῃ</span> <span class='ocrx_word' id='word_1_173' title='bbox 738 1473 765 1525; x_wconf 99' lang='lat'><strong>6</strong></span> <span class='ocrx_word' id='word_1_174' title='bbox 815 1471 1042 1542; x_wconf 79' lang='grc' dir='ltr'><em>Πατὴρ,</em></span> <span class='ocrx_word' id='word_1_175' title='bbox 1087 1471 1184 1524; x_wconf 87' lang='grc' dir='ltr'><em>Ἐν</em></span> <span class='ocrx_word' id='word_1_176' title='bbox 1233 1469 1363 1537; x_wconf 86' lang='grc' dir='ltr'><em>ταῖς</em></span> <span class='ocrx_word' id='word_1_177' title='bbox 1411 1466 1702 1538; x_wconf 81' lang='grc' dir='ltr'><strong>ἐσχάταις</strong></span> 
     </span>
    </p>
   </div>
   <div class='ocr_carea' id='block_1_24' title="bbox 120 1556 1702 1636">
    <p class='ocr_par' dir='ltr' id='par_1_24' title="bbox 120 1556 1702 1636">
     <span class='ocr_line' id='line_1_24' title="bbox 120 1556 1702 1636; baseline -0.006 -16"><span class='ocrx_word' id='word_1_178' title='bbox 120 1566 357 1636; x_wconf 79' lang='grc' dir='ltr'><strong>ἡμέραις</strong></span> <span class='ocrx_word' id='word_1_179' title='bbox 375 1563 564 1632; x_wconf 83' lang='grc' dir='ltr'><em>ἐκχεῶ</em></span> <span class='ocrx_word' id='word_1_180' title='bbox 583 1563 702 1617; x_wconf 79' lang='grc' dir='ltr'><strong>ἀπὸ</strong></span> <span class='ocrx_word' id='word_1_181' title='bbox 728 1561 835 1615; x_wconf 88' lang='grc' dir='ltr'><em>τοῦ</em></span> <span class='ocrx_word' id='word_1_182' title='bbox 857 1561 1204 1628; x_wconf 84' lang='grc' dir='ltr'><strong>ΙΙνεύματός</strong></span> <span class='ocrx_word' id='word_1_183' title='bbox 1225 1576 1344 1626; x_wconf 90' lang='grc' dir='ltr'><strong>μου</strong></span> <span class='ocrx_word' id='word_1_184' title='bbox 1367 1558 1466 1610; x_wconf 76' lang='grc' dir='ltr'><strong>ἐπὶ</strong></span> <span class='ocrx_word' id='word_1_185' title='bbox 1495 1556 1702 1612; x_wconf 84' lang='grc' dir='ltr'><em>πᾶσαν</em></span> 
     </span>
    </p>
   </div>
   <div class='ocr_carea' id='block_1_25' title="bbox 119 1649 1702 1728">
    <p class='ocr_par' dir='ltr' id='par_1_25' title="bbox 119 1649 1702 1728">
     <span class='ocr_line' id='line_1_25' title="bbox 119 1649 1702 1728; baseline -0.008 -15"><span class='ocrx_word' id='word_1_186' title='bbox 119 1659 328 1728; x_wconf 73' lang='grc' dir='ltr'><em>σάρκα,</em></span> <span class='ocrx_word' id='word_1_187' title='bbox 367 1658 420 1710; x_wconf 81' lang='grc' dir='ltr'><strong>τί</strong></span> <span class='ocrx_word' id='word_1_188' title='bbox 466 1655 711 1726; x_wconf 78' lang='grc' dir='ltr'><em>εἴπωμεν</em></span> <span class='ocrx_word' id='word_1_189' title='bbox 762 1654 892 1725; x_wconf 75' lang='grc' dir='ltr'><strong>περὶ</strong></span> <span class='ocrx_word' id='word_1_190' title='bbox 942 1652 1034 1704; x_wconf 84' lang='grc' dir='ltr'><em>τοῦ</em></span> <span class='ocrx_word' id='word_1_191' title='bbox 1076 1651 1239 1715; x_wconf 73' lang='grc' dir='ltr'><em>Υἱοῦ,</em></span> <span class='ocrx_word' id='word_1_192' title='bbox 1287 1649 1362 1702; x_wconf 77' lang='lat'><em>06</em></span> <span class='ocrx_word' id='word_1_193' title='bbox 1391 1650 1702 1719; x_wconf 77' lang='grc' dir='ltr'>γέγραπται</span> 
     </span>
    </p>
   </div>
   <div class='ocr_carea' id='block_1_26' title="bbox 121 1741 1701 1823">
    <p class='ocr_par' dir='ltr' id='par_1_26' title="bbox 121 1741 1701 1823">
     <span class='ocr_line' id='line_1_26' title="bbox 121 1741 1701 1823; baseline -0.006 -19"><span class='ocrx_word' id='word_1_194' title='bbox 121 1753 222 1823; x_wconf 76' lang='grc' dir='ltr'>γὰρ</span> <span class='ocrx_word' id='word_1_195' title='bbox 257 1749 504 1804; x_wconf 71' lang='grc' dir='ltr'><strong>ἐνταῦθα.</strong></span> <span class='ocrx_word' id='word_1_196' title='bbox 536 1747 661 1801; x_wconf 75' lang='grc' dir='ltr'><strong>Ἐὰν</strong></span> <span class='ocrx_word' id='word_1_197' title='bbox 686 1747 742 1801; x_wconf 84' lang='grc' dir='ltr'><em>δὲ</em></span> <span class='ocrx_word' id='word_1_198' title='bbox 768 1745 899 1817; x_wconf 85' lang='grc' dir='ltr'>λέγῃ</span> <span class='ocrx_word' id='word_1_199' title='bbox 933 1745 960 1796; x_wconf 90' lang='lat'><strong>6</strong></span> <span class='ocrx_word' id='word_1_200' title='bbox 993 1745 1279 1815; x_wconf 82' lang='grc' dir='ltr'><strong>προφήτης</strong></span> <span class='ocrx_word' id='word_1_201' title='bbox 1303 1757 1316 1770; x_wconf 73' lang='grc'><strong><em>⁸</em></strong></span> <span class='ocrx_word' id='word_1_202' title='bbox 1365 1741 1519 1796; x_wconf 81' lang='grc' dir='ltr'><em>Ἐκεῖ</em></span> <span class='ocrx_word' id='word_1_203' title='bbox 1551 1757 1701 1794; x_wconf 83' lang='grc' dir='ltr'><em>συν-</em></span> 
     </span>
    </p>
   </div>
   <div class='ocr_carea' id='block_1_27' title="bbox 121 1803 1776 1911">
    <p class='ocr_par' dir='ltr' id='par_1_27' title="bbox 121 1803 1776 1911">
     <span class='ocr_line' id='line_1_27' title="bbox 121 1803 1776 1911; baseline -0.008 -14"><span class='ocrx_word' id='word_1_204' title='bbox 121 1803 387 1911; x_wconf 47' lang='grc' dir='ltr'><em>ἦιίτησαν</em></span> <span class='ocrx_word' id='word_1_205' title='bbox 432 1841 665 1908; x_wconf 62' lang='grc' dir='ltr'><em>ἔλαφοι,</em></span> <span class='ocrx_word' id='word_1_206' title='bbox 734 1803 851 1891; x_wconf 43' lang='grc' dir='ltr'><em>καὶ.</em></span> <span class='ocrx_word' id='word_1_207' title='bbox 873 1803 1052 1890; x_wconf 47' lang='grc' dir='ltr'><em>εἶδον.</em></span> <span class='ocrx_word' id='word_1_208' title='bbox 1082 1803 1480 1903; x_wconf 56' lang='grc' dir='ltr'><strong>τὶίπρδωω</strong></span> <span class='ocrx_word' id='word_1_209' title='bbox 1511 1831 1703 1899; x_wconf 61' lang='grc' dir='ltr'><strong>ωλή-</strong></span> <span class='ocrx_word' id='word_1_210' title='bbox 1735 1803 1776 1854; x_wconf 76' lang='grc' dir='ltr'><strong>Β</strong></span> 
     </span>
    </p>
   </div>
   <div class='ocr_carea' id='block_1_28' title="bbox 121 1924 1703 2004">
    <p class='ocr_par' dir='ltr' id='par_1_28' title="bbox 121 1924 1703 2004">
     <span class='ocr_line' id='line_1_28' title="bbox 121 1924 1703 2004; baseline -0.008 -15"><span class='ocrx_word' id='word_1_211' title='bbox 121 1940 266 1991; x_wconf 71' lang='grc' dir='ltr'><strong>λων·</strong></span> <span class='ocrx_word' id='word_1_212' title='bbox 295 1932 516 2004; x_wconf 81' lang='grc' dir='ltr'><strong>ἀριθμῷ</strong></span> <span class='ocrx_word' id='word_1_213' title='bbox 539 1931 876 2000; x_wconf 72' lang='grc' dir='ltr'><em>παρῆλθον,</em></span> <span class='ocrx_word' id='word_1_214' title='bbox 917 1929 1018 1983; x_wconf 78' lang='grc' dir='ltr'><em>καὶ</em></span> <span class='ocrx_word' id='word_1_215' title='bbox 1047 1928 1156 1998; x_wconf 85' lang='grc' dir='ltr'><strong>μία</strong></span> <span class='ocrx_word' id='word_1_216' title='bbox 1185 1924 1384 1981; x_wconf 84' lang='grc' dir='ltr'><em>αὐτῶν</em></span> <span class='ocrx_word' id='word_1_217' title='bbox 1429 1927 1544 1994; x_wconf 83' lang='grc' dir='ltr'><strong>οὐχ</strong></span> <span class='ocrx_word' id='word_1_218' title='bbox 1587 1927 1703 1978; x_wconf 83' lang='grc' dir='ltr'><strong>ὐπ-</strong></span> 
     </span>
    </p>
   </div>
   <div class='ocr_carea' id='block_1_29' title="bbox 121 2014 1702 2094">
    <p class='ocr_par' dir='ltr' id='par_1_29' title="bbox 121 2014 1702 2094">
     <span class='ocr_line' id='line_1_29' title="bbox 121 2014 1702 2094; baseline -0.008 -14"><span class='ocrx_word' id='word_1_219' title='bbox 121 2027 381 2094; x_wconf 66' lang='grc' dir='ltr'><em>ελείςοθη,</em></span> <span class='ocrx_word' id='word_1_220' title='bbox 429 2023 578 2078; x_wconf 83' lang='grc' dir='ltr'><strong>διότι</strong></span> <span class='ocrx_word' id='word_1_221' title='bbox 610 2024 828 2090; x_wconf 77' lang='grc' dir='ltr'><em>Κύριος</em></span> <span class='ocrx_word' id='word_1_222' title='bbox 852 2021 1188 2074; x_wconf 78' lang='grc' dir='ltr'><em>ἐνετείλατο</em></span> <span class='ocrx_word' id='word_1_223' title='bbox 1229 2015 1460 2083; x_wconf 78' lang='grc' dir='ltr'><em>αὐταῖς,</em></span> <span class='ocrx_word' id='word_1_224' title='bbox 1506 2015 1605 2070; x_wconf 78' lang='grc' dir='ltr'><em>καὶ</em></span> <span class='ocrx_word' id='word_1_225' title='bbox 1635 2014 1702 2068; x_wconf 86' lang='grc' dir='ltr'><strong>τὸ</strong></span> 
     </span>
    </p>
   </div>
   <div class='ocr_carea' id='block_1_30' title="bbox 124 2108 1701 2188">
    <p class='ocr_par' dir='ltr' id='par_1_30' title="bbox 124 2108 1701 2188">
     <span class='ocr_line' id='line_1_30' title="bbox 124 2108 1701 2188; baseline -0.008 -16"><span class='ocrx_word' id='word_1_226' title='bbox 124 2119 355 2188; x_wconf 86' lang='grc' dir='ltr'><em>Πνεῦμα</em></span> <span class='ocrx_word' id='word_1_227' title='bbox 381 2116 566 2171; x_wconf 83' lang='grc' dir='ltr'><em>αὐτοῦ</em></span> <span class='ocrx_word' id='word_1_228' title='bbox 588 2114 935 2183; x_wconf 76' lang='grc' dir='ltr'><strong>συνήγαγεν</strong></span> <span class='ocrx_word' id='word_1_229' title='bbox 959 2111 1148 2178; x_wconf 86' lang='grc' dir='ltr'><em>αὐτάς</em></span> <span class='ocrx_word' id='word_1_230' title='bbox 1195 2125 1210 2140; x_wconf 89' lang='grc'><strong>·</strong></span> <span class='ocrx_word' id='word_1_231' title='bbox 1349 2108 1453 2162; x_wconf 77' lang='grc' dir='ltr'>ποῦ</span> <span class='ocrx_word' id='word_1_232' title='bbox 1482 2109 1511 2161; x_wconf 91' lang='lat'><strong>6</strong></span> <span class='ocrx_word' id='word_1_233' title='bbox 1535 2109 1660 2172; x_wconf 82' lang='grc' dir='ltr'><strong>Υἱός</strong></span> <span class='ocrx_word' id='word_1_234' title='bbox 1686 2125 1701 2173; x_wconf 87' lang='lat'><strong>;</strong></span> 
     </span>
    </p>
   </div>
   <div class='ocr_carea' id='block_1_31' title="bbox 132 2200 1703 2280">
    <p class='ocr_par' dir='ltr' id='par_1_31' title="bbox 132 2200 1703 2280">
     <span class='ocr_line' id='line_1_31' title="bbox 132 2200 1703 2280; baseline -0.008 -15"><span class='ocrx_word' id='word_1_235' title='bbox 132 2212 250 2265; x_wconf 76' lang='grc' dir='ltr'><strong>Ἐὰν</strong></span> <span class='ocrx_word' id='word_1_236' title='bbox 271 2210 330 2263; x_wconf 78' lang='grc' dir='ltr'><em>δὲ</em></span> <span class='ocrx_word' id='word_1_237' title='bbox 353 2209 488 2280; x_wconf 82' lang='grc' dir='ltr'>λέγῃ</span> <span class='ocrx_word' id='word_1_238' title='bbox 508 2225 522 2238; x_wconf 87' lang='grc'><strong>·</strong></span> <span class='ocrx_word' id='word_1_239' title='bbox 560 2207 800 2276; x_wconf 79' lang='grc' dir='ltr'><strong>Πνεῦμα</strong></span> <span class='ocrx_word' id='word_1_240' title='bbox 827 2205 964 2273; x_wconf 82' lang='grc' dir='ltr'><strong>παρ’</strong></span> <span class='ocrx_word' id='word_1_241' title='bbox 987 2203 1132 2274; x_wconf 76' lang='grc' dir='ltr'><em>ἐμοῦ</em></span> <span class='ocrx_word' id='word_1_242' title='bbox 1161 2202 1566 2268; x_wconf 75' lang='grc' dir='ltr'><em>ἐξελεύσεται,</em></span> <span class='ocrx_word' id='word_1_243' title='bbox 1608 2200 1703 2253; x_wconf 74' lang='grc' dir='ltr'><em>καὶ</em></span> 
     </span>
    </p>
   </div>
   <div class='ocr_carea' id='block_1_32' title="bbox 123 2291 1708 2369">
    <p class='ocr_par' dir='ltr' id='par_1_32' title="bbox 123 2291 1708 2369">
     <span class='ocr_line' id='line_1_32' title="bbox 123 2291 1708 2369; baseline -0.008 -13"><span class='ocrx_word' id='word_1_244' title='bbox 123 2301 314 2369; x_wconf 68' lang='grc' dir='ltr'><em>πνοὴν</em></span> <span class='ocrx_word' id='word_1_245' title='bbox 354 2299 562 2354; x_wconf 80' lang='grc' dir='ltr'><em>πᾶσαν</em></span> <span class='ocrx_word' id='word_1_246' title='bbox 593 2296 707 2368; x_wconf 77' lang='grc' dir='ltr'><strong>ἐγὼ</strong></span> <span class='ocrx_word' id='word_1_247' title='bbox 739 2296 1032 2362; x_wconf 72' lang='grc' dir='ltr'><strong>ἐποίησα⁹</strong></span> <span class='ocrx_word' id='word_1_248' title='bbox 1083 2292 1186 2347; x_wconf 80' lang='grc' dir='ltr'>ποῦ</span> <span class='ocrx_word' id='word_1_249' title='bbox 1226 2293 1254 2344; x_wconf 90' lang='lat'><strong>6</strong></span> <span class='ocrx_word' id='word_1_250' title='bbox 1290 2291 1452 2357; x_wconf 81' lang='grc' dir='ltr'><strong>Υἱός;</strong></span> <span class='ocrx_word' id='word_1_251' title='bbox 1496 2291 1618 2345; x_wconf 77' lang='grc' dir='ltr'><strong>Ἐὰν</strong></span> <span class='ocrx_word' id='word_1_252' title='bbox 1650 2291 1708 2344; x_wconf 79' lang='grc' dir='ltr'><em>δὲ</em></span> 
     </span>
    </p>
   </div>
   <div class='ocr_carea' id='block_1_33' title="bbox 124 2388 1706 2468">
    <p class='ocr_par' dir='ltr' id='par_1_33' title="bbox 124 2388 1706 2468">
     <span class='ocr_line' id='line_1_33' title="bbox 124 2388 1706 2468; baseline -0.001 -21"><span class='ocrx_word' id='word_1_253' title='bbox 124 2399 246 2468; x_wconf 80' lang='grc' dir='ltr'>λέγῃ</span> <span class='ocrx_word' id='word_1_254' title='bbox 280 2399 309 2450; x_wconf 93' lang='lat'><strong>6</strong></span> <span class='ocrx_word' id='word_1_255' title='bbox 335 2395 532 2449; x_wconf 72' lang='lat' dir='ltr'><strong>Aa6l8&#39;</strong></span> <span class='ocrx_word' id='word_1_256' title='bbox 577 2392 690 2447; x_wconf 86' lang='lat' dir='ltr'><strong>Kal</strong></span> <span class='ocrx_word' id='word_1_257' title='bbox 745 2391 811 2446; x_wconf 86' lang='grc' dir='ltr'><strong>τὸ</strong></span> <span class='ocrx_word' id='word_1_258' title='bbox 850 2389 1095 2460; x_wconf 83' lang='grc' dir='ltr'><em>Πνεῦμά</em></span> <span class='ocrx_word' id='word_1_259' title='bbox 1143 2405 1260 2443; x_wconf 91' lang='grc' dir='ltr'><strong>σου</strong></span> <span class='ocrx_word' id='word_1_260' title='bbox 1307 2388 1374 2442; x_wconf 85' lang='grc' dir='ltr'><strong>τὸ</strong></span> <span class='ocrx_word' id='word_1_261' title='bbox 1405 2388 1574 2459; x_wconf 78' lang='grc' dir='ltr'><em>ἅγιον</em></span> <span class='ocrx_word' id='word_1_262' title='bbox 1621 2388 1706 2457; x_wconf 82' lang='grc' dir='ltr'><em>μὴ</em></span> 
     </span>
    </p>
   </div>
   <div class='ocr_carea' id='block_1_34' title="bbox 124 2478 1709 2554">
    <p class='ocr_par' dir='ltr' id='par_1_34' title="bbox 124 2478 1709 2554">
     <span class='ocr_line' id='line_1_34' title="bbox 124 2478 1709 2554; baseline -0.009 -12"><span class='ocrx_word' id='word_1_263' title='bbox 124 2486 454 2554; x_wconf 70' lang='grc' dir='ltr'><em>ἀντανέλῃς</em></span> <span class='ocrx_word' id='word_1_264' title='bbox 505 2485 607 2539; x_wconf 80' lang='grc' dir='ltr'><strong>ἀπ’</strong></span> <span class='ocrx_word' id='word_1_265' title='bbox 664 2483 846 2553; x_wconf 86' lang='grc' dir='ltr'><strong>ἐμοῦ·</strong></span> <span class='ocrx_word' id='word_1_266' title='bbox 899 2482 1003 2535; x_wconf 78' lang='grc' dir='ltr'>ποῦ</span> <span class='ocrx_word' id='word_1_267' title='bbox 1039 2483 1067 2534; x_wconf 92' lang='lat'><strong>6</strong></span> <span class='ocrx_word' id='word_1_268' title='bbox 1111 2480 1274 2544; x_wconf 86' lang='grc' dir='ltr'><strong>Υἱός;</strong></span> <span class='ocrx_word' id='word_1_269' title='bbox 1324 2478 1449 2532; x_wconf 85' lang='grc' dir='ltr'><strong>Ἐὰν</strong></span> <span class='ocrx_word' id='word_1_270' title='bbox 1494 2478 1628 2551; x_wconf 86' lang='grc' dir='ltr'>λέγῃ</span> <span class='ocrx_word' id='word_1_271' title='bbox 1681 2479 1709 2530; x_wconf 89' lang='lat'><strong>6</strong></span> 
     </span>
    </p>
   </div>
   <div class='ocr_carea' id='block_1_35' title="bbox 124 2568 1706 2644">
    <p class='ocr_par' dir='ltr' id='par_1_35' title="bbox 124 2568 1706 2644">
     <span class='ocr_line' id='line_1_35' title="bbox 124 2568 1706 2644; baseline -0.009 -11"><span class='ocrx_word' id='word_1_272' title='bbox 124 2580 278 2642; x_wconf 73' lang='grc' dir='ltr'><strong>αὑτός</strong></span> <span class='ocrx_word' id='word_1_273' title='bbox 298 2594 312 2608; x_wconf 80' lang='grc'><em>’</em></span> <span class='ocrx_word' id='word_1_274' title='bbox 345 2576 612 2644; x_wconf 80' lang='grc' dir='ltr'><strong>Καρδίαν</strong></span> <span class='ocrx_word' id='word_1_275' title='bbox 661 2575 926 2643; x_wconf 76' lang='grc' dir='ltr'><em>καθαρὰν</em></span> <span class='ocrx_word' id='word_1_276' title='bbox 969 2573 1182 2626; x_wconf 78' lang='grc' dir='ltr'><strong>κτίσον</strong></span> <span class='ocrx_word' id='word_1_277' title='bbox 1211 2571 1281 2624; x_wconf 81' lang='grc' dir='ltr'><em>ἐν</em></span> <span class='ocrx_word' id='word_1_278' title='bbox 1321 2569 1450 2639; x_wconf 80' lang='grc' dir='ltr'><strong>ἐμοὶ</strong></span> <span class='ocrx_word' id='word_1_279' title='bbox 1485 2572 1516 2623; x_wconf 86' lang='lat' dir='ltr'><strong>d</strong></span> <span class='ocrx_word' id='word_1_280' title='bbox 1544 2568 1706 2637; x_wconf 81' lang='grc' dir='ltr'><em>Θεὸς,</em></span> 
     </span>
    </p>
   </div>
   <div class='ocr_carea' id='block_1_36' title="bbox 126 2659 1712 2740">
    <p class='ocr_par' dir='ltr' id='par_1_36' title="bbox 126 2659 1712 2740">
     <span class='ocr_line' id='line_1_36' title="bbox 126 2659 1712 2740; baseline -0.008 -15"><span class='ocrx_word' id='word_1_281' title='bbox 126 2673 216 2727; x_wconf 75' lang='grc' dir='ltr'><em>καὶ</em></span> <span class='ocrx_word' id='word_1_282' title='bbox 254 2669 498 2740; x_wconf 82' lang='grc' dir='ltr'><strong>Πνεῦμα</strong></span> <span class='ocrx_word' id='word_1_283' title='bbox 542 2669 716 2734; x_wconf 83' lang='grc' dir='ltr'><em>εὑθὲς</em></span> <span class='ocrx_word' id='word_1_284' title='bbox 759 2665 1111 2736; x_wconf 73' lang='grc' dir='ltr'><em>ἐγκαίνισον</em></span> <span class='ocrx_word' id='word_1_285' title='bbox 1155 2663 1224 2716; x_wconf 73' lang='grc' dir='ltr'><em>ἐνν</em></span> <span class='ocrx_word' id='word_1_286' title='bbox 1266 2661 1391 2726; x_wconf 85' lang='grc' dir='ltr'><em>τοῖς</em></span> <span class='ocrx_word' id='word_1_287' title='bbox 1440 2659 1712 2730; x_wconf 79' lang='grc' dir='ltr'><em>ὲγκάτοις</em></span> 
     </span>
    </p>
   </div>
   <div class='ocr_carea' id='block_1_37' title="bbox 127 2751 1712 2835">
    <p class='ocr_par' dir='ltr' id='par_1_37' title="bbox 127 2751 1712 2835">
     <span class='ocr_line' id='line_1_37' title="bbox 127 2751 1712 2835; baseline -0.008 -17"><span class='ocrx_word' id='word_1_288' title='bbox 127 2783 232 2835; x_wconf 87' lang='grc' dir='ltr'><strong>μου</strong></span> <span class='ocrx_word' id='word_1_289' title='bbox 254 2782 266 2794; x_wconf 92' lang='grc'>·</span> <span class='ocrx_word' id='word_1_290' title='bbox 302 2763 405 2817; x_wconf 77' lang='grc' dir='ltr'>ποῦ</span> <span class='ocrx_word' id='word_1_291' title='bbox 446 2766 475 2816; x_wconf 91' lang='lat'><strong>6</strong></span> <span class='ocrx_word' id='word_1_292' title='bbox 500 2761 662 2825; x_wconf 71' lang='grc' dir='ltr'><em>Υἱός,</em></span> <span class='ocrx_word' id='word_1_293' title='bbox 706 2760 830 2814; x_wconf 78' lang='grc' dir='ltr'><strong>Ἐὰν</strong></span> <span class='ocrx_word' id='word_1_294' title='bbox 857 2759 916 2812; x_wconf 83' lang='grc' dir='ltr'><em>δὲ</em></span> <span class='ocrx_word' id='word_1_295' title='bbox 950 2757 1084 2829; x_wconf 85' lang='grc' dir='ltr'>λέγῃ</span> <span class='ocrx_word' id='word_1_296' title='bbox 1112 2758 1140 2810; x_wconf 87' lang='lat'><strong>6</strong></span> <span class='ocrx_word' id='word_1_297' title='bbox 1165 2754 1329 2818; x_wconf 82' lang='grc' dir='ltr'><em>αὐτὸς</em></span> <span class='ocrx_word' id='word_1_298' title='bbox 1359 2753 1522 2808; x_wconf 85' lang='grc' dir='ltr'>πάλιν</span> <span class='ocrx_word' id='word_1_299' title='bbox 1548 2769 1560 2782; x_wconf 89' lang='grc'><strong>·</strong></span> <span class='ocrx_word' id='word_1_300' title='bbox 1602 2751 1712 2806; x_wconf 80' lang='grc' dir='ltr'><strong>Καὶ</strong></span> 
     </span>
    </p>
   </div>
   <div class='ocr_carea' id='block_1_38' title="bbox 127 2843 1713 2926">
    <p class='ocr_par' dir='ltr' id='par_1_38' title="bbox 127 2843 1713 2926">
     <span class='ocr_line' id='line_1_38' title="bbox 127 2843 1713 2926; baseline -0.008 -14"><span class='ocrx_word' id='word_1_301' title='bbox 127 2859 186 2912; x_wconf 85' lang='grc' dir='ltr'><strong>τὸ</strong></span> <span class='ocrx_word' id='word_1_302' title='bbox 218 2854 463 2926; x_wconf 75' lang='grc' dir='ltr'><em>Πνεῦμα</em></span> <span class='ocrx_word' id='word_1_303' title='bbox 499 2869 614 2907; x_wconf 85' lang='grc' dir='ltr'><strong>σου</strong></span> <span class='ocrx_word' id='word_1_304' title='bbox 669 2853 734 2906; x_wconf 84' lang='grc' dir='ltr'><strong>τὸ</strong></span> <span class='ocrx_word' id='word_1_305' title='bbox 787 2851 1014 2921; x_wconf 80' lang='grc' dir='ltr'><strong>ἀγαθὸν</strong></span> <span class='ocrx_word' id='word_1_306' title='bbox 1059 2846 1347 2917; x_wconf 72' lang='grc' dir='ltr'><em>ὁδηγήσει</em></span> <span class='ocrx_word' id='word_1_307' title='bbox 1395 2863 1472 2916; x_wconf 88' lang='grc' dir='ltr'><strong>με</strong></span> <span class='ocrx_word' id='word_1_308' title='bbox 1519 2846 1588 2899; x_wconf 87' lang='grc' dir='ltr'><em>ἐν</em></span> 
     </span>
    </p>
   </div>
   <div class='ocr_carea' id='block_1_39' title="bbox 129 2937 1711 3013">
    <p class='ocr_par' dir='ltr' id='par_1_39' title="bbox 129 2937 1711 3013">
     <span class='ocr_line' id='line_1_39' title="bbox 129 2937 1711 3013; baseline -0.006 -14"><span class='ocrx_word' id='word_1_309' title='bbox 129 2948 324 3013; x_wconf 71' lang='grc' dir='ltr'><em>εὐθείᾳ</em></span> <span class='ocrx_word' id='word_1_310' title='bbox 350 2962 362 2974; x_wconf 89' lang='grc'><strong>·</strong></span> <span class='ocrx_word' id='word_1_311' title='bbox 410 2943 512 2998; x_wconf 79' lang='grc' dir='ltr'>ποῦ</span> <span class='ocrx_word' id='word_1_312' title='bbox 546 2946 574 2996; x_wconf 95' lang='lat'><strong>6</strong></span> <span class='ocrx_word' id='word_1_313' title='bbox 604 2942 768 3007; x_wconf 81' lang='grc' dir='ltr'><strong>Υἱός;</strong></span> <span class='ocrx_word' id='word_1_314' title='bbox 817 2941 940 2994; x_wconf 83' lang='grc' dir='ltr'><strong>Ἐὰν</strong></span> <span class='ocrx_word' id='word_1_315' title='bbox 986 2940 1044 2993; x_wconf 84' lang='grc' dir='ltr'><em>δὲ</em></span> <span class='ocrx_word' id='word_1_316' title='bbox 1095 2939 1228 3008; x_wconf 87' lang='grc' dir='ltr'>λέγῃ</span> <span class='ocrx_word' id='word_1_317' title='bbox 1279 2941 1308 2991; x_wconf 92' lang='lat'><strong>6</strong></span> <span class='ocrx_word' id='word_1_318' title='bbox 1353 2937 1514 3001; x_wconf 83' lang='grc' dir='ltr'><em>αὐτός</em></span> <span class='ocrx_word' id='word_1_319' title='bbox 1539 2954 1552 2967; x_wconf 85' lang='lat'><strong><em>°</em></strong></span> <span class='ocrx_word' id='word_1_320' title='bbox 1601 2937 1711 2991; x_wconf 81' lang='lat' dir='ltr'><strong>Kal</strong></span> 
     </span>
    </p>
   </div>
   <div class='ocr_carea' id='block_1_40' title="bbox 131 3029 1710 3107">
    <p class='ocr_par' dir='ltr' id='par_1_40' title="bbox 131 3029 1710 3107">
     <span class='ocr_line' id='line_1_40' title="bbox 131 3029 1710 3107; baseline -0.004 -18"><span class='ocrx_word' id='word_1_321' title='bbox 131 3039 423 3107; x_wconf 83' lang='grc' dir='ltr'><em>Πνεύματι</em></span> <span class='ocrx_word' id='word_1_322' title='bbox 466 3030 796 3104; x_wconf 72' lang='grc' dir='ltr'><em>ἡγεμονικῷ</em></span> <span class='ocrx_word' id='word_1_323' title='bbox 846 3030 1136 3099; x_wconf 80' lang='grc' dir='ltr'><strong>στήριξόν</strong></span> <span class='ocrx_word' id='word_1_324' title='bbox 1178 3047 1281 3100; x_wconf 83' lang='grc' dir='ltr'><em>με·</em></span> <span class='ocrx_word' id='word_1_325' title='bbox 1330 3030 1432 3082; x_wconf 80' lang='grc' dir='ltr'>ποῦ</span> <span class='ocrx_word' id='word_1_326' title='bbox 1483 3029 1510 3081; x_wconf 97' lang='lat'><strong>6</strong></span> <span class='ocrx_word' id='word_1_327' title='bbox 1546 3030 1710 3096; x_wconf 86' lang='grc' dir='ltr'><strong>Υἱός;</strong></span> 
     </span>
    </p>
   </div>
   <div class='ocr_carea' id='block_1_41' title="bbox 1793 1219 3362 1300">
    <p class='ocr_par' dir='ltr' id='par_1_41' title="bbox 1793 1219 3362 1300">
     <span class='ocr_line' id='line_1_41' title="bbox 1793 1219 3362 1300; baseline -0.01 -16"><span class='ocrx_word' id='word_1_328' title='bbox 1793 1229 2050 1300; x_wconf 82' lang='lat' dir='ltr'><strong>Ejusdem</strong></span> <span class='ocrx_word' id='word_1_329' title='bbox 2086 1227 2153 1279; x_wconf 90' lang='lat' dir='ltr'><strong>ad</strong></span> <span class='ocrx_word' id='word_1_330' title='bbox 2183 1243 2268 1281; x_wconf 86' lang='lat' dir='ltr'><strong>eos</strong></span> <span class='ocrx_word' id='word_1_331' title='bbox 2311 1226 2616 1300; x_wconf 80' lang='lat' dir='ltr'><strong>qui_dicuut</strong></span> <span class='ocrx_word' id='word_1_332' title='bbox 2645 1240 2783 1291; x_wconf 69' lang='lat' dir='ltr'><strong>saepe</strong></span> <span class='ocrx_word' id='word_1_333' title='bbox 2833 1223 2896 1300; x_wconf 76' lang='lat' dir='ltr'><strong>de</strong></span> <span class='ocrx_word' id='word_1_334' title='bbox 2940 1223 3163 1300; x_wconf 36' lang='lat' dir='ltr'><strong>Filio-et</strong></span> <span class='ocrx_word' id='word_1_335' title='bbox 3199 1219 3362 1300; x_wconf 82' lang='lat' dir='ltr'><strong>Patre</strong></span> 
     </span>
    </p>
   </div>
   <div class='ocr_carea' id='block_1_42' title="bbox 1862 1294 3365 1366">
    <p class='ocr_par' dir='ltr' id='par_1_42' title="bbox 1862 1294 3365 1366">
     <span class='ocr_line' id='line_1_42' title="bbox 1862 1294 3365 1366; baseline -0.008 -11"><span class='ocrx_word' id='word_1_336' title='bbox 1862 1301 2117 1366; x_wconf 86' lang='lat' dir='ltr'><strong>scriptum</strong></span> <span class='ocrx_word' id='word_1_337' title='bbox 2159 1313 2290 1363; x_wconf 87' lang='lat' dir='ltr'><strong>esse,</strong></span> <span class='ocrx_word' id='word_1_338' title='bbox 2317 1294 2380 1350; x_wconf 85' lang='lat' dir='ltr'><strong>de</strong></span> <span class='ocrx_word' id='word_1_339' title='bbox 2409 1295 2611 1364; x_wconf 78' lang='lat' dir='ltr'><strong>Spiritu</strong></span> <span class='ocrx_word' id='word_1_340' title='bbox 2656 1305 2830 1347; x_wconf 87' lang='lat' dir='ltr'><strong>autem</strong></span> <span class='ocrx_word' id='word_1_341' title='bbox 2859 1295 2913 1348; x_wconf 86' lang='lat' dir='ltr'><strong>in</strong></span> <span class='ocrx_word' id='word_1_342' title='bbox 2961 1294 3218 1361; x_wconf 89' lang='lat' dir='ltr'><strong>baptismo</strong></span> <span class='ocrx_word' id='word_1_343' title='bbox 3250 1298 3365 1343; x_wconf 89' lang='lat' dir='ltr'><strong>tan-</strong></span> 
     </span>
    </p>
   </div>
   <div class='ocr_carea' id='block_1_43' title="bbox 1865 1381 2094 1426">
    <p class='ocr_par' dir='ltr' id='par_1_43' title="bbox 1865 1381 2094 1426">
     <span class='ocr_line' id='line_1_43' title="bbox 1865 1381 2094 1426; baseline 0 0"><span class='ocrx_word' id='word_1_344' title='bbox 1865 1381 1998 1426; x_wconf 85' lang='lat' dir='ltr'><strong>tum.</strong></span> <span class='ocrx_word' id='word_1_345' title='bbox 2087 1419 2094 1426; x_wconf 84' lang='lat'><em>.</em></span> 
     </span>
    </p>
   </div>
   <div class='ocr_carea' id='block_1_44' title="bbox 1969 1467 3386 1540">
    <p class='ocr_par' dir='ltr' id='par_1_44' title="bbox 1969 1467 3386 1540">
     <span class='ocr_line' id='line_1_44' title="bbox 1969 1467 3386 1540; baseline -0.005 -14"><span class='ocrx_word' id='word_1_346' title='bbox 1969 1471 2119 1540; x_wconf 84' lang='lat' dir='ltr'><strong>Quod</strong></span> <span class='ocrx_word' id='word_1_347' title='bbox 2161 1471 2204 1526; x_wconf 89' lang='lat' dir='ltr'><strong>si</strong></span> <span class='ocrx_word' id='word_1_348' title='bbox 2245 1469 2408 1526; x_wconf 86' lang='lat' dir='ltr'><strong>Pater</strong></span> <span class='ocrx_word' id='word_1_349' title='bbox 2445 1470 2624 1526; x_wconf 83' lang='lat' dir='ltr'><strong>dixit:</strong></span> <span class='ocrx_word' id='word_1_350' title='bbox 2662 1469 2728 1523; x_wconf 86' lang='lat' dir='ltr'><strong>In</strong></span> <span class='ocrx_word' id='word_1_351' title='bbox 2765 1469 2966 1523; x_wconf 87' lang='lat' dir='ltr'><strong>ultimis</strong></span> <span class='ocrx_word' id='word_1_352' title='bbox 2998 1467 3182 1520; x_wconf 87' lang='lat' dir='ltr'><strong>diebus</strong></span> <span class='ocrx_word' id='word_1_353' title='bbox 3215 1470 3386 1537; x_wconf 78' lang='lat' dir='ltr'><strong>e/fun-</strong></span> 
     </span>
    </p>
   </div>
   <div class='ocr_carea' id='block_1_45' title="bbox 1807 1558 3389 1630">
    <p class='ocr_par' dir='ltr' id='par_1_45' title="bbox 1807 1558 3389 1630">
     <span class='ocr_line' id='line_1_45' title="bbox 1807 1558 3389 1630; baseline -0.003 -11"><span class='ocrx_word' id='word_1_354' title='bbox 1807 1565 1930 1619; x_wconf 87' lang='lat' dir='ltr'><strong>dam</strong></span> <span class='ocrx_word' id='word_1_355' title='bbox 1969 1565 2033 1617; x_wconf 88' lang='lat' dir='ltr'><strong>de</strong></span> <span class='ocrx_word' id='word_1_356' title='bbox 2077 1561 2285 1630; x_wconf 90' lang='lat' dir='ltr'><strong>Spiritu</strong></span> <span class='ocrx_word' id='word_1_357' title='bbox 2319 1577 2433 1615; x_wconf 85' lang='lat' dir='ltr'><strong>meo</strong></span> <span class='ocrx_word' id='word_1_358' title='bbox 2481 1576 2640 1630; x_wconf 90' lang='lat' dir='ltr'><strong>super</strong></span> <span class='ocrx_word' id='word_1_359' title='bbox 2671 1575 2871 1615; x_wconf 86' lang='lat' dir='ltr'><strong>omnem</strong></span> <span class='ocrx_word' id='word_1_360' title='bbox 2921 1575 3133 1613; x_wconf 83' lang='lat' dir='ltr'><strong>carnem</strong></span> <span class='ocrx_word' id='word_1_361' title='bbox 3165 1558 3185 1588; x_wconf 85' lang='grc'>³</span> <span class='ocrx_word' id='word_1_362' title='bbox 3215 1598 3228 1622; x_wconf 90' lang='grc'><strong>,</strong></span> <span class='ocrx_word' id='word_1_363' title='bbox 3259 1558 3389 1627; x_wconf 90' lang='lat' dir='ltr'><strong>quid</strong></span> 
     </span>
    </p>
   </div>
   <div class='ocr_carea' id='block_1_46' title="bbox 1807 1651 3388 1719">
    <p class='ocr_par' dir='ltr' id='par_1_46' title="bbox 1807 1651 3388 1719">
     <span class='ocr_line' id='line_1_46' title="bbox 1807 1651 3388 1719; baseline -0.005 -7"><span class='ocrx_word' id='word_1_364' title='bbox 1807 1656 1876 1712; x_wconf 87' lang='lat' dir='ltr'><strong>de</strong></span> <span class='ocrx_word' id='word_1_365' title='bbox 1913 1655 2050 1709; x_wconf 84' lang='lat' dir='ltr'><strong>Filio</strong></span> <span class='ocrx_word' id='word_1_366' title='bbox 2083 1669 2270 1710; x_wconf 87' lang='lat' dir='ltr'><strong>sumus</strong></span> <span class='ocrx_word' id='word_1_367' title='bbox 2315 1654 2552 1708; x_wconf 81' lang='lat' dir='ltr'><strong>dicturi?</strong></span> <span class='ocrx_word' id='word_1_368' title='bbox 2583 1653 2682 1707; x_wconf 83' lang='lat' dir='ltr'><strong>llic</strong></span> <span class='ocrx_word' id='word_1_369' title='bbox 2727 1652 2872 1706; x_wconf 89' lang='lat' dir='ltr'><strong>enim</strong></span> <span class='ocrx_word' id='word_1_370' title='bbox 2921 1651 2988 1706; x_wconf 90' lang='lat' dir='ltr'><strong>de</strong></span> <span class='ocrx_word' id='word_1_371' title='bbox 3017 1666 3084 1706; x_wconf 90' lang='lat' dir='ltr'><strong>eo</strong></span> <span class='ocrx_word' id='word_1_372' title='bbox 3127 1651 3388 1719; x_wconf 87' lang='lat' dir='ltr'><strong>scriptum</strong></span> 
     </span>
    </p>
   </div>
   <div class='ocr_carea' id='block_1_47' title="bbox 1809 1743 3392 1816">
    <p class='ocr_par' dir='ltr' id='par_1_47' title="bbox 1809 1743 3392 1816">
     <span class='ocr_line' id='line_1_47' title="bbox 1809 1743 3392 1816; baseline -0.003 -16"><span class='ocrx_word' id='word_1_373' title='bbox 1809 1762 1914 1801; x_wconf 87' lang='lat' dir='ltr'><strong>non</strong></span> <span class='ocrx_word' id='word_1_374' title='bbox 1943 1755 2049 1800; x_wconf 87' lang='lat' dir='ltr'><strong>est.</strong></span> <span class='ocrx_word' id='word_1_375' title='bbox 2092 1745 2149 1800; x_wconf 91' lang='lat' dir='ltr'><strong>Si</strong></span> <span class='ocrx_word' id='word_1_376' title='bbox 2199 1760 2330 1800; x_wconf 77' lang='lat' dir='ltr'><strong>vero</strong></span> <span class='ocrx_word' id='word_1_377' title='bbox 2380 1747 2641 1816; x_wconf 87' lang='lat' dir='ltr'><strong>propheta</strong></span> <span class='ocrx_word' id='word_1_378' title='bbox 2690 1745 2853 1799; x_wconf 83' lang='lat' dir='ltr'><strong>dicit:</strong></span> <span class='ocrx_word' id='word_1_379' title='bbox 2905 1743 2989 1797; x_wconf 87' lang='lat' dir='ltr'><strong>Ibi</strong></span> <span class='ocrx_word' id='word_1_380' title='bbox 3039 1751 3392 1798; x_wconf 81' lang='lat' dir='ltr'><strong>convenerunt</strong></span> 
     </span>
    </p>
   </div>
   <div class='ocr_carea' id='block_1_48' title="bbox 1808 1837 3394 1908">
    <p class='ocr_par' dir='ltr' id='par_1_48' title="bbox 1808 1837 3394 1908">
     <span class='ocr_line' id='line_1_48' title="bbox 1808 1837 3394 1908; baseline -0.002 -15"><span class='ocrx_word' id='word_1_381' title='bbox 1808 1854 1991 1903; x_wconf 73' lang='lat' dir='ltr'><strong>cervw,</strong></span> <span class='ocrx_word' id='word_1_382' title='bbox 2024 1846 2072 1892; x_wconf 88' lang='lat' dir='ltr'><strong>et</strong></span> <span class='ocrx_word' id='word_1_383' title='bbox 2107 1838 2346 1892; x_wconf 86' lang='lat' dir='ltr'><strong>viderunt</strong></span> <span class='ocrx_word' id='word_1_384' title='bbox 2368 1839 2533 1908; x_wconf 83' lang='lat' dir='ltr'><strong>[acies</strong></span> <span class='ocrx_word' id='word_1_385' title='bbox 2558 1838 2726 1891; x_wconf 86' lang='lat' dir='ltr'><strong>altera</strong></span> <span class='ocrx_word' id='word_1_386' title='bbox 2756 1837 2978 1891; x_wconf 75' lang='lat' dir='ltr'><strong>alterius</strong></span> <span class='ocrx_word' id='word_1_387' title='bbox 3012 1852 3030 1890; x_wconf 90' lang='lat'><strong>:</strong></span> <span class='ocrx_word' id='word_1_388' title='bbox 3063 1838 3394 1890; x_wconf 77' lang='lat' dir='ltr'><strong>lransieruul</strong></span> 
     </span>
    </p>
   </div>
   <div class='ocr_carea' id='block_1_49' title="bbox 1810 1926 3394 2000">
    <p class='ocr_par' dir='ltr' id='par_1_49' title="bbox 1810 1926 3394 2000">
     <span class='ocr_line' id='line_1_49' title="bbox 1810 1926 3394 2000; baseline -0.006 -13"><span class='ocrx_word' id='word_1_389' title='bbox 1810 1949 2048 2000; x_wconf 87' lang='lat' dir='ltr'><strong>numero,</strong></span> <span class='ocrx_word' id='word_1_390' title='bbox 2077 1943 2128 1986; x_wconf 88' lang='lat' dir='ltr'><strong>et</strong></span> <span class='ocrx_word' id='word_1_391' title='bbox 2160 1949 2266 1986; x_wconf 89' lang='lat' dir='ltr'><strong>una</strong></span> <span class='ocrx_word' id='word_1_392' title='bbox 2297 1947 2482 1986; x_wconf 89' lang='lat' dir='ltr'><strong>earum</strong></span> <span class='ocrx_word' id='word_1_393' title='bbox 2511 1931 2701 1985; x_wconf 89' lang='lat' dir='ltr'><strong>relicta</strong></span> <span class='ocrx_word' id='word_1_394' title='bbox 2732 1945 2833 1982; x_wconf 90' lang='lat' dir='ltr'><strong>non</strong></span> <span class='ocrx_word' id='word_1_395' title='bbox 2872 1939 2970 1994; x_wconf 86' lang='lat' dir='ltr'><strong>est,</strong></span> <span class='ocrx_word' id='word_1_396' title='bbox 3001 1931 3248 1996; x_wconf 87' lang='lat' dir='ltr'><strong>quoniam</strong></span> <span class='ocrx_word' id='word_1_397' title='bbox 3285 1926 3394 1978; x_wconf 79' lang='lat' dir='ltr'><strong>Do-</strong></span> 
     </span>
    </p>
   </div>
   <div class='ocr_carea' id='block_1_50' title="bbox 1809 2018 3392 2096">
    <p class='ocr_par' dir='ltr' id='par_1_50' title="bbox 1809 2018 3392 2096">
     <span class='ocr_line' id='line_1_50' title="bbox 1809 2018 3392 2096; baseline -0.006 -16"><span class='ocrx_word' id='word_1_398' title='bbox 1809 2028 1984 2082; x_wconf 89' lang='lat' dir='ltr'><strong>minus</strong></span> <span class='ocrx_word' id='word_1_399' title='bbox 2024 2025 2269 2096; x_wconf 66' lang='lat' dir='ltr'><strong>praecepit</strong></span> <span class='ocrx_word' id='word_1_400' title='bbox 2314 2025 2461 2093; x_wconf 84' lang='lat' dir='ltr'><strong>ipsis.</strong></span> <span class='ocrx_word' id='word_1_401' title='bbox 2516 2033 2562 2077; x_wconf 87' lang='lat' dir='ltr'><strong>et</strong></span> <span class='ocrx_word' id='word_1_402' title='bbox 2614 2021 2850 2090; x_wconf 87' lang='lat' dir='ltr'><strong>Spiritus</strong></span> <span class='ocrx_word' id='word_1_403' title='bbox 2892 2021 3006 2090; x_wconf 87' lang='lat' dir='ltr'><strong>ejus</strong></span> <span class='ocrx_word' id='word_1_404' title='bbox 3060 2018 3392 2088; x_wconf 76' lang='lat' dir='ltr'><strong>congregavit</strong></span> 
     </span>
    </p>
   </div>
   <div class='ocr_carea' id='block_1_51' title="bbox 1807 2111 3392 2187">
    <p class='ocr_par' dir='ltr' id='par_1_51' title="bbox 1807 2111 3392 2187">
     <span class='ocr_line' id='line_1_51' title="bbox 1807 2111 3392 2187; baseline -0.008 -12"><span class='ocrx_word' id='word_1_405' title='bbox 1807 2138 1896 2176; x_wconf 84' lang='lat' dir='ltr'><strong>eas</strong></span> <span class='ocrx_word' id='word_1_406' title='bbox 1944 2118 2006 2187; x_wconf 72' lang='lat'><strong>‘;</strong></span> <span class='ocrx_word' id='word_1_407' title='bbox 2038 2120 2126 2174; x_wconf 89' lang='lat' dir='ltr'><strong>ubi</strong></span> <span class='ocrx_word' id='word_1_408' title='bbox 2159 2118 2366 2172; x_wconf 82' lang='lat' dir='ltr'><strong>Filius?</strong></span> <span class='ocrx_word' id='word_1_409' title='bbox 2406 2117 2461 2172; x_wconf 89' lang='lat' dir='ltr'><strong>Si</strong></span> <span class='ocrx_word' id='word_1_410' title='bbox 2502 2117 2688 2171; x_wconf 82' lang='lat' dir='ltr'><strong>itidem</strong></span> <span class='ocrx_word' id='word_1_411' title='bbox 2929 2113 3060 2167; x_wconf 89' lang='lat' dir='ltr'><strong>dicit</strong></span> <span class='ocrx_word' id='word_1_412' title='bbox 3097 2128 3110 2165; x_wconf 91' lang='lat'><strong>:</strong></span> <span class='ocrx_word' id='word_1_413' title='bbox 3160 2111 3392 2179; x_wconf 74' lang='lat' dir='ltr'><strong>Spiritus</strong></span> 
     </span>
    </p>
   </div>
   <div class='ocr_carea' id='block_1_52' title="bbox 1810 2202 3395 2277">
    <p class='ocr_par' dir='ltr' id='par_1_52' title="bbox 1810 2202 3395 2277">
     <span class='ocr_line' id='line_1_52' title="bbox 1810 2202 3395 2277; baseline -0.006 -11"><span class='ocrx_word' id='word_1_414' title='bbox 1810 2211 1967 2266; x_wconf 77' lang='lat' dir='ltr'><strong>exibit</strong></span> <span class='ocrx_word' id='word_1_415' title='bbox 1997 2227 2029 2263; x_wconf 76' lang='grc' dir='ltr'><strong>α</strong></span> <span class='ocrx_word' id='word_1_416' title='bbox 2063 2225 2173 2274; x_wconf 89' lang='lat' dir='ltr'><strong>me,</strong></span> <span class='ocrx_word' id='word_1_417' title='bbox 2203 2219 2250 2262; x_wconf 89' lang='lat' dir='ltr'><strong>et</strong></span> <span class='ocrx_word' id='word_1_418' title='bbox 2275 2211 2462 2277; x_wconf 78' lang='lat' dir='ltr'><strong>flatum</strong></span> <span class='ocrx_word' id='word_1_419' title='bbox 2498 2223 2700 2260; x_wconf 81' lang='lat' dir='ltr'><strong>onmem</strong></span> <span class='ocrx_word' id='word_1_420' title='bbox 2733 2222 2823 2274; x_wconf 86' lang='lat' dir='ltr'><strong>ego</strong></span> <span class='ocrx_word' id='word_1_421' title='bbox 2851 2204 2950 2272; x_wconf 82' lang='lat' dir='ltr'><strong>feci</strong></span> <span class='ocrx_word' id='word_1_422' title='bbox 2988 2208 3007 2238; x_wconf 78' lang='grc' dir='ltr'><strong>δ</strong></span> <span class='ocrx_word' id='word_1_423' title='bbox 3037 2203 3161 2269; x_wconf 82' lang='grc' dir='ltr'><strong>;υ1›ἰ</strong></span> <span class='ocrx_word' id='word_1_424' title='bbox 3192 2202 3395 2256; x_wconf 83' lang='lat' dir='ltr'><strong>Filius?</strong></span> 
     </span>
    </p>
   </div>
   <div class='ocr_carea' id='block_1_53' title="bbox 1811 2297 3394 2362">
    <p class='ocr_par' dir='ltr' id='par_1_53' title="bbox 1811 2297 3394 2362">
     <span class='ocr_line' id='line_1_53' title="bbox 1811 2297 3394 2362; baseline -0.006 -4"><span class='ocrx_word' id='word_1_425' title='bbox 1811 2304 1868 2358; x_wconf 97' lang='lat' dir='ltr'><strong>Si</strong></span> <span class='ocrx_word' id='word_1_426' title='bbox 1902 2318 2030 2357; x_wconf 81' lang='lat' dir='ltr'><strong>vero</strong></span> <span class='ocrx_word' id='word_1_427' title='bbox 2068 2301 2236 2354; x_wconf 83' lang='lat' dir='ltr'><strong>David</strong></span> <span class='ocrx_word' id='word_1_428' title='bbox 2266 2300 2398 2354; x_wconf 83' lang='lat' dir='ltr'><strong>dicit</strong></span> <span class='ocrx_word' id='word_1_429' title='bbox 2429 2315 2443 2351; x_wconf 89' lang='lat'><strong>:</strong></span> <span class='ocrx_word' id='word_1_430' title='bbox 2486 2299 2550 2352; x_wconf 78' lang='lat' dir='ltr'><strong>Et</strong></span> <span class='ocrx_word' id='word_1_431' title='bbox 2578 2297 2837 2362; x_wconf 80' lang='lat' dir='ltr'><strong>Spiritum</strong></span> <span class='ocrx_word' id='word_1_432' title='bbox 2885 2305 3035 2349; x_wconf 89' lang='lat' dir='ltr'><strong>tuum</strong></span> <span class='ocrx_word' id='word_1_433' title='bbox 3063 2304 3301 2349; x_wconf 77' lang='lat' dir='ltr'><strong>sanctum</strong></span> <span class='ocrx_word' id='word_1_434' title='bbox 3331 2310 3394 2348; x_wconf 84' lang='lat' dir='ltr'><strong>ne</strong></span> 
     </span>
    </p>
   </div>
   <div class='ocr_carea' id='block_1_54' title="bbox 1810 2385 3390 2464">
    <p class='ocr_par' dir='ltr' id='par_1_54' title="bbox 1810 2385 3390 2464">
     <span class='ocr_line' id='line_1_54' title="bbox 1810 2385 3390 2464; baseline -0.006 -17"><span class='ocrx_word' id='word_1_435' title='bbox 1810 2393 2022 2464; x_wconf 77' lang='lat' dir='ltr'><strong>attferas</strong></span> <span class='ocrx_word' id='word_1_436' title='bbox 2055 2410 2087 2446; x_wconf 89' lang='lat' dir='ltr'><strong>a</strong></span> <span class='ocrx_word' id='word_1_437' title='bbox 2122 2407 2204 2445; x_wconf 87' lang='lat' dir='ltr'><strong>me</strong></span> <span class='ocrx_word' id='word_1_438' title='bbox 2251 2396 2310 2456; x_wconf 77' lang='lat'><strong>°;</strong></span> <span class='ocrx_word' id='word_1_439' title='bbox 2341 2393 2428 2445; x_wconf 83' lang='lat' dir='ltr'><strong>ubi</strong></span> <span class='ocrx_word' id='word_1_440' title='bbox 2469 2389 2678 2444; x_wconf 82' lang='lat' dir='ltr'><strong>Filius?</strong></span> <span class='ocrx_word' id='word_1_441' title='bbox 2704 2389 2834 2442; x_wconf 87' lang='lat' dir='ltr'><strong>Item</strong></span> <span class='ocrx_word' id='word_1_442' title='bbox 2865 2387 2908 2441; x_wconf 89' lang='lat' dir='ltr'><strong>si</strong></span> <span class='ocrx_word' id='word_1_443' title='bbox 2940 2387 3028 2440; x_wconf 90' lang='lat' dir='ltr'><strong>ille</strong></span> <span class='ocrx_word' id='word_1_444' title='bbox 3068 2387 3181 2456; x_wconf 84' lang='lat' dir='ltr'><strong>ipse</strong></span> <span class='ocrx_word' id='word_1_445' title='bbox 3212 2385 3344 2440; x_wconf 87' lang='lat' dir='ltr'><strong>dicit</strong></span> <span class='ocrx_word' id='word_1_446' title='bbox 3375 2402 3390 2438; x_wconf 90' lang='lat'><strong>:</strong></span> 
     </span>
    </p>
   </div>
   <div class='ocr_carea' id='block_1_55' title="bbox 1811 2474 3395 2546">
    <p class='ocr_par' dir='ltr' id='par_1_55' title="bbox 1811 2474 3395 2546">
     <span class='ocr_line' id='line_1_55' title="bbox 1811 2474 3395 2546; baseline -0.006 -8"><span class='ocrx_word' id='word_1_447' title='bbox 1811 2483 1917 2539; x_wconf 86' lang='lat' dir='ltr'><strong>Cor</strong></span> <span class='ocrx_word' id='word_1_448' title='bbox 1948 2483 2200 2537; x_wconf 87' lang='lat' dir='ltr'><strong>mundum</strong></span> <span class='ocrx_word' id='word_1_449' title='bbox 2241 2497 2362 2535; x_wconf 88' lang='lat' dir='ltr'><strong>crea</strong></span> <span class='ocrx_word' id='word_1_450' title='bbox 2397 2481 2452 2534; x_wconf 90' lang='lat' dir='ltr'><strong>in</strong></span> <span class='ocrx_word' id='word_1_451' title='bbox 2489 2497 2586 2544; x_wconf 88' lang='lat' dir='ltr'><strong>me,</strong></span> <span class='ocrx_word' id='word_1_452' title='bbox 2622 2478 2759 2532; x_wconf 90' lang='lat' dir='ltr'><strong>Deus</strong></span> <span class='ocrx_word' id='word_1_453' title='bbox 2784 2516 2798 2542; x_wconf 89' lang='lat'><strong>,</strong></span> <span class='ocrx_word' id='word_1_454' title='bbox 2830 2487 2876 2531; x_wconf 89' lang='lat' dir='ltr'><strong>et</strong></span> <span class='ocrx_word' id='word_1_455' title='bbox 2909 2474 3165 2546; x_wconf 86' lang='lat' dir='ltr'><strong>Spiritum</strong></span> <span class='ocrx_word' id='word_1_456' title='bbox 3200 2485 3395 2528; x_wconf 86' lang='lat' dir='ltr'><strong>rectum</strong></span> 
     </span>
    </p>
   </div>
   <div class='ocr_carea' id='block_1_56' title="bbox 1812 2568 3396 2636">
    <p class='ocr_par' dir='ltr' id='par_1_56' title="bbox 1812 2568 3396 2636">
     <span class='ocr_line' id='line_1_56' title="bbox 1812 2568 3396 2636; baseline -0.008 -5"><span class='ocrx_word' id='word_1_457' title='bbox 1812 2580 1999 2632; x_wconf 76' lang='lat' dir='ltr'><strong>innova</strong></span> <span class='ocrx_word' id='word_1_458' title='bbox 2049 2578 2103 2630; x_wconf 89' lang='lat' dir='ltr'><strong>in</strong></span> <span class='ocrx_word' id='word_1_459' title='bbox 2153 2575 2430 2629; x_wconf 80' lang='lat' dir='ltr'><strong>visceribus</strong></span> <span class='ocrx_word' id='word_1_460' title='bbox 2482 2573 2610 2625; x_wconf 86' lang='lat' dir='ltr'><strong>meis</strong></span> <span class='ocrx_word' id='word_1_461' title='bbox 2652 2570 2671 2602; x_wconf 82' lang='grc'><strong>⁷</strong></span> <span class='ocrx_word' id='word_1_462' title='bbox 2715 2586 2730 2636; x_wconf 90' lang='lat'><strong>;</strong></span> <span class='ocrx_word' id='word_1_463' title='bbox 2779 2570 2868 2624; x_wconf 86' lang='lat' dir='ltr'><strong>ubi</strong></span> <span class='ocrx_word' id='word_1_464' title='bbox 2924 2568 3092 2623; x_wconf 91' lang='lat' dir='ltr'><strong>Filius</strong></span> <span class='ocrx_word' id='word_1_465' title='bbox 3131 2568 3155 2610; x_wconf 74' lang='grc'>7</span> <span class='ocrx_word' id='word_1_466' title='bbox 3187 2568 3396 2620; x_wconf 82' lang='lat' dir='ltr'><strong>Rursus</strong></span> 
     </span>
    </p>
   </div>
   <div class='ocr_carea' id='block_1_57' title="bbox 1813 2657 3397 2730">
    <p class='ocr_par' dir='ltr' id='par_1_57' title="bbox 1813 2657 3397 2730">
     <span class='ocr_line' id='line_1_57' title="bbox 1813 2657 3397 2730; baseline -0.008 -8"><span class='ocrx_word' id='word_1_467' title='bbox 1813 2669 1858 2722; x_wconf 91' lang='lat' dir='ltr'><strong>si</strong></span> <span class='ocrx_word' id='word_1_468' title='bbox 1903 2670 2041 2722; x_wconf 88' lang='lat' dir='ltr'><strong>idem</strong></span> <span class='ocrx_word' id='word_1_469' title='bbox 2085 2667 2272 2721; x_wconf 85' lang='lat' dir='ltr'><strong>dicat:</strong></span> <span class='ocrx_word' id='word_1_470' title='bbox 2309 2663 2376 2716; x_wconf 81' lang='lat' dir='ltr'><strong>Et</strong></span> <span class='ocrx_word' id='word_1_471' title='bbox 2412 2661 2642 2730; x_wconf 82' lang='lat' dir='ltr'><strong>Spiritus</strong></span> <span class='ocrx_word' id='word_1_472' title='bbox 2689 2670 2808 2713; x_wconf 88' lang='lat' dir='ltr'><strong>tuus</strong></span> <span class='ocrx_word' id='word_1_473' title='bbox 2857 2668 3019 2712; x_wconf 79' lang='lat' dir='ltr'><strong>bonus</strong></span> <span class='ocrx_word' id='word_1_474' title='bbox 3051 2657 3271 2710; x_wconf 76' lang='lat' dir='ltr'><strong>deducet</strong></span> <span class='ocrx_word' id='word_1_475' title='bbox 3313 2671 3397 2710; x_wconf 88' lang='lat' dir='ltr'><strong>me</strong></span> 
     </span>
    </p>
   </div>
   <div class='ocr_carea' id='block_1_58' title="bbox 1811 2745 3398 2820">
    <p class='ocr_par' dir='ltr' id='par_1_58' title="bbox 1811 2745 3398 2820">
     <span class='ocr_line' id='line_1_58' title="bbox 1811 2745 3398 2820; baseline -0.008 -8"><span class='ocrx_word' id='word_1_476' title='bbox 1811 2759 1869 2812; x_wconf 90' lang='lat' dir='ltr'><strong>in</strong></span> <span class='ocrx_word' id='word_1_477' title='bbox 1899 2769 2036 2812; x_wconf 88' lang='lat' dir='ltr'><strong>terra</strong></span> <span class='ocrx_word' id='word_1_478' title='bbox 2068 2768 2204 2810; x_wconf 82' lang='lat' dir='ltr'><strong>recta</strong></span> <span class='ocrx_word' id='word_1_479' title='bbox 2246 2757 2266 2789; x_wconf 78' lang='grc'>⁸</span> <span class='ocrx_word' id='word_1_480' title='bbox 2299 2771 2314 2820; x_wconf 91' lang='grc'><strong>;</strong></span> <span class='ocrx_word' id='word_1_481' title='bbox 2343 2754 2433 2808; x_wconf 85' lang='lat' dir='ltr'><strong>ubi</strong></span> <span class='ocrx_word' id='word_1_482' title='bbox 2465 2751 2670 2806; x_wconf 86' lang='lat' dir='ltr'><strong>Filius?</strong></span> <span class='ocrx_word' id='word_1_483' title='bbox 2699 2750 2755 2804; x_wconf 90' lang='lat' dir='ltr'><strong>Si</strong></span> <span class='ocrx_word' id='word_1_484' title='bbox 2797 2750 2938 2804; x_wconf 90' lang='lat' dir='ltr'><strong>idem</strong></span> <span class='ocrx_word' id='word_1_485' title='bbox 2969 2749 3098 2802; x_wconf 87' lang='lat' dir='ltr'><strong>dicit</strong></span> <span class='ocrx_word' id='word_1_486' title='bbox 3128 2765 3142 2801; x_wconf 90' lang='lat'><strong>:</strong></span> <span class='ocrx_word' id='word_1_487' title='bbox 3180 2745 3246 2799; x_wconf 87' lang='lat' dir='ltr'><strong>Et</strong></span> <span class='ocrx_word' id='word_1_488' title='bbox 3273 2748 3398 2816; x_wconf 86' lang='lat' dir='ltr'><strong>Spi-</strong></span> 
     </span>
    </p>
   </div>
   <div class='ocr_carea' id='block_1_59' title="bbox 1812 2838 3397 2920">
    <p class='ocr_par' dir='ltr' id='par_1_59' title="bbox 1812 2838 3397 2920">
     <span class='ocr_line' id='line_1_59' title="bbox 1812 2838 3397 2920; baseline -0.008 -15"><span class='ocrx_word' id='word_1_489' title='bbox 1812 2852 1917 2905; x_wconf 84' lang='lat' dir='ltr'><strong>ritu</strong></span> <span class='ocrx_word' id='word_1_490' title='bbox 1969 2848 2251 2920; x_wconf 83' lang='lat' dir='ltr'><strong>principali</strong></span> <span class='ocrx_word' id='word_1_491' title='bbox 2298 2847 2552 2914; x_wconf 87' lang='lat' dir='ltr'><strong>con/‘irma</strong></span> <span class='ocrx_word' id='word_1_492' title='bbox 2600 2858 2680 2897; x_wconf 90' lang='lat' dir='ltr'><strong>me</strong></span> <span class='ocrx_word' id='word_1_493' title='bbox 2729 2847 2789 2910; x_wconf 73' lang='grc' dir='ltr'><strong>’ς</strong></span> <span class='ocrx_word' id='word_1_494' title='bbox 2841 2841 2933 2896; x_wconf 87' lang='lat' dir='ltr'><strong>ubi</strong></span> <span class='ocrx_word' id='word_1_495' title='bbox 2979 2839 3203 2894; x_wconf 80' lang='lat' dir='ltr'><strong>Filius?</strong></span> <span class='ocrx_word' id='word_1_496' title='bbox 3241 2838 3397 2905; x_wconf 85' lang='lat' dir='ltr'><strong>Quod</strong></span> 
     </span>
    </p>
   </div>
   <div class='ocr_carea' id='block_1_60' title="bbox 1815 2929 3397 3010">
    <p class='ocr_par' dir='ltr' id='par_1_60' title="bbox 1815 2929 3397 3010">
     <span class='ocr_line' id='line_1_60' title="bbox 1815 2929 3397 3010; baseline -0.009 -12"><span class='ocrx_word' id='word_1_497' title='bbox 1815 2940 1859 2998; x_wconf 85' lang='lat' dir='ltr'><strong>si</strong></span> <span class='ocrx_word' id='word_1_498' title='bbox 1893 2943 1994 2998; x_wconf 82' lang='lat' dir='ltr'><strong>Job</strong></span> <span class='ocrx_word' id='word_1_499' title='bbox 2024 2942 2194 2997; x_wconf 89' lang='lat' dir='ltr'><strong>dicit:</strong></span> <span class='ocrx_word' id='word_1_500' title='bbox 2238 2940 2472 3010; x_wconf 86' lang='lat' dir='ltr'><strong>Spiritus</strong></span> <span class='ocrx_word' id='word_1_501' title='bbox 2514 2937 2730 2990; x_wconf 85' lang='lat' dir='ltr'><strong>divinus</strong></span> <span class='ocrx_word' id='word_1_502' title='bbox 2771 2935 2862 3005; x_wconf 89' lang='lat' dir='ltr'><strong>qui</strong></span> <span class='ocrx_word' id='word_1_503' title='bbox 2911 2949 2991 2987; x_wconf 90' lang='lat' dir='ltr'><strong>me</strong></span> <span class='ocrx_word' id='word_1_504' title='bbox 3036 2932 3157 3002; x_wconf 74' lang='lat' dir='ltr'><strong>fecit</strong></span> <span class='ocrx_word' id='word_1_505' title='bbox 3191 2937 3266 2997; x_wconf 77' lang='grc' dir='ltr'><strong>ιο,</strong></span> <span class='ocrx_word' id='word_1_506' title='bbox 3305 2929 3397 2984; x_wconf 87' lang='lat' dir='ltr'><strong>ubi</strong></span> 
     </span>
    </p>
   </div>
   <div class='ocr_carea' id='block_1_61' title="bbox 1815 3022 3396 3092">
    <p class='ocr_par' dir='ltr' id='par_1_61' title="bbox 1815 3022 3396 3092">
     <span class='ocr_line' id='line_1_61' title="bbox 1815 3022 3396 3092; baseline -0.011 -2"><span class='ocrx_word' id='word_1_507' title='bbox 1815 3035 2039 3090; x_wconf 83' lang='lat' dir='ltr'><strong>Filius?</strong></span> <span class='ocrx_word' id='word_1_508' title='bbox 2073 3033 2132 3089; x_wconf 89' lang='lat' dir='ltr'><strong>Si</strong></span> <span class='ocrx_word' id='word_1_509' title='bbox 2183 3046 2368 3086; x_wconf 89' lang='lat' dir='ltr'><strong>rursus</strong></span> <span class='ocrx_word' id='word_1_510' title='bbox 2413 3031 2552 3084; x_wconf 89' lang='lat' dir='ltr'><strong>idem</strong></span> <span class='ocrx_word' id='word_1_511' title='bbox 2600 3027 2702 3082; x_wconf 84' lang='lat' dir='ltr'><strong>Job</strong></span> <span class='ocrx_word' id='word_1_512' title='bbox 2743 3025 2911 3081; x_wconf 86' lang='lat' dir='ltr'><strong>dicit:</strong></span> <span class='ocrx_word' id='word_1_513' title='bbox 2943 3023 3178 3092; x_wconf 82' lang='lat' dir='ltr'><strong>Spiritus</strong></span> <span class='ocrx_word' id='word_1_514' title='bbox 3226 3032 3300 3075; x_wconf 86' lang='lat' dir='ltr'><strong>est</strong></span> <span class='ocrx_word' id='word_1_515' title='bbox 3336 3022 3396 3074; x_wconf 89' lang='lat' dir='ltr'><strong>in</strong></span> 
     </span>
    </p>
   </div>
   <div class='ocr_carea' id='block_1_62' title="bbox 143 3118 1715 3197">
    <p class='ocr_par' dir='ltr' id='par_1_62' title="bbox 143 3120 1715 3197">
     <span class='ocr_line' id='line_1_62' title="bbox 143 3120 1715 3197; baseline -0.004 -16"><span class='ocrx_word' id='word_1_516' title='bbox 143 3129 260 3181; x_wconf 71' lang='grc' dir='ltr'>Ἐὰν</span> <span class='ocrx_word' id='word_1_517' title='bbox 312 3128 371 3180; x_wconf 81' lang='grc' dir='ltr'><em>δὲ</em></span> <span class='ocrx_word' id='word_1_518' title='bbox 419 3126 551 3197; x_wconf 86' lang='grc' dir='ltr'>λέγῃ</span> <span class='ocrx_word' id='word_1_519' title='bbox 595 3127 624 3178; x_wconf 92' lang='lat'><strong>6</strong></span> <span class='ocrx_word' id='word_1_520' title='bbox 662 3124 782 3179; x_wconf 81' lang='grc' dir='ltr'><strong>’1ώ6</strong></span> <span class='ocrx_word' id='word_1_521' title='bbox 806 3137 822 3154; x_wconf 80' lang='grc'><strong>⁸</strong></span> <span class='ocrx_word' id='word_1_522' title='bbox 857 3123 1104 3191; x_wconf 81' lang='grc' dir='ltr'><em>Πνεῦμα</em></span> <span class='ocrx_word' id='word_1_523' title='bbox 1141 3121 1303 3176; x_wconf 85' lang='grc' dir='ltr'><em>θεῖον</em></span> <span class='ocrx_word' id='word_1_524' title='bbox 1333 3121 1399 3174; x_wconf 82' lang='grc' dir='ltr'><strong>τὸ</strong></span> <span class='ocrx_word' id='word_1_525' title='bbox 1449 3120 1715 3188; x_wconf 78' lang='grc' dir='ltr'><em>ποιῆσάν</em></span> 
     </span>
    </p>
   </div>
   <div class='ocr_carea' id='block_1_63' title="bbox 1812 3118 3400 3197">
    <p class='ocr_par' dir='ltr' id='par_1_63' title="bbox 1816 3118 3400 3197">
     <span class='ocr_line' id='line_1_63' title="bbox 1816 3118 3400 3197; baseline -0.009 -12"><span class='ocrx_word' id='word_1_526' title='bbox 1816 3131 2137 3193; x_wconf 82' lang='lat' dir='ltr'><strong>hominibus,</strong></span> <span class='ocrx_word' id='word_1_527' title='bbox 2185 3129 2344 3197; x_wconf 84' lang='lat' dir='ltr'><strong>ﬂatus</strong></span> <span class='ocrx_word' id='word_1_528' title='bbox 2398 3133 2571 3178; x_wconf 89' lang='lat' dir='ltr'><strong>autem</strong></span> <span class='ocrx_word' id='word_1_529' title='bbox 2614 3120 2998 3188; x_wconf 85' lang='lat' dir='ltr'><strong>Omnipotentis</strong></span> <span class='ocrx_word' id='word_1_530' title='bbox 3050 3127 3124 3172; x_wconf 88' lang='lat' dir='ltr'><strong>est</strong></span> <span class='ocrx_word' id='word_1_531' title='bbox 3179 3118 3268 3187; x_wconf 84' lang='lat' dir='ltr'><strong>qui</strong></span> <span class='ocrx_word' id='word_1_532' title='bbox 3317 3131 3400 3170; x_wconf 84' lang='lat' dir='ltr'><strong>nte</strong></span> 
     </span>
    </p>
   </div>
   <div class='ocr_carea' id='block_1_64' title="bbox 132 3209 1718 3288">
    <p class='ocr_par' dir='ltr' id='par_1_64' title="bbox 132 3209 1718 3288">
     <span class='ocr_line' id='line_1_64' title="bbox 132 3209 1718 3288; baseline -0.005 -16"><span class='ocrx_word' id='word_1_533' title='bbox 132 3237 228 3288; x_wconf 80' lang='grc' dir='ltr'><em>με’</em></span> <span class='ocrx_word' id='word_1_534' title='bbox 263 3218 368 3272; x_wconf 77' lang='grc' dir='ltr'>ποῦ</span> <span class='ocrx_word' id='word_1_535' title='bbox 398 3221 425 3271; x_wconf 91' lang='lat'><strong>6</strong></span> <span class='ocrx_word' id='word_1_536' title='bbox 456 3218 615 3283; x_wconf 69' lang='lat' dir='ltr'><strong>l’ldg;</strong></span> <span class='ocrx_word' id='word_1_537' title='bbox 657 3215 782 3270; x_wconf 83' lang='grc' dir='ltr'><strong>Ἐὰν</strong></span> <span class='ocrx_word' id='word_1_538' title='bbox 808 3214 866 3268; x_wconf 83' lang='grc' dir='ltr'><em>δὲ</em></span> <span class='ocrx_word' id='word_1_539' title='bbox 899 3214 1031 3285; x_wconf 84' lang='grc' dir='ltr'>λέγῃ</span> <span class='ocrx_word' id='word_1_540' title='bbox 1064 3216 1091 3266; x_wconf 91' lang='lat'><strong>6</strong></span> <span class='ocrx_word' id='word_1_541' title='bbox 1114 3212 1277 3276; x_wconf 78' lang='grc' dir='ltr'><em>αὐτὸς</em></span> <span class='ocrx_word' id='word_1_542' title='bbox 1307 3210 1448 3264; x_wconf 73' lang='grc' dir='ltr'><strong>Ίώῦο</strong></span> <span class='ocrx_word' id='word_1_543' title='bbox 1473 3209 1718 3280; x_wconf 85' lang='grc' dir='ltr'><em>Πνεῦμά</em></span> 
     </span>
    </p>
   </div>
   <div class='ocr_carea' id='block_1_65' title="bbox 133 3303 1718 3378">
    <p class='ocr_par' dir='ltr' id='par_1_65' title="bbox 133 3303 1718 3378">
     <span class='ocr_line' id='line_1_65' title="bbox 133 3303 1718 3378; baseline -0.006 -14"><span class='ocrx_word' id='word_1_544' title='bbox 133 3313 297 3366; x_wconf 84' lang='grc' dir='ltr'><em>ἐστιν</em></span> <span class='ocrx_word' id='word_1_545' title='bbox 328 3311 400 3364; x_wconf 83' lang='grc' dir='ltr'><em>ὲν</em></span> <span class='ocrx_word' id='word_1_546' title='bbox 422 3309 683 3378; x_wconf 75' lang='grc' dir='ltr'><strong>βροτοῖς,</strong></span> <span class='ocrx_word' id='word_1_547' title='bbox 715 3305 870 3375; x_wconf 79' lang='grc' dir='ltr'><strong>πνοὴ</strong></span> <span class='ocrx_word' id='word_1_548' title='bbox 911 3307 980 3359; x_wconf 87' lang='grc' dir='ltr'><em>δὲ</em></span> <span class='ocrx_word' id='word_1_549' title='bbox 1023 3303 1504 3372; x_wconf 76' lang='grc' dir='ltr'><em>παντοκράτορος</em></span> <span class='ocrx_word' id='word_1_550' title='bbox 1548 3303 1718 3356; x_wconf 73' lang='grc' dir='ltr'><em>ἐστιν</em></span> 
     </span>
    </p>
   </div>
   <div class='ocr_carea' id='block_1_66' title="bbox 135 3396 1720 3469">
    <p class='ocr_par' dir='ltr' id='par_1_66' title="bbox 135 3396 1720 3469">
     <span class='ocr_line' id='line_1_66' title="bbox 135 3396 1720 3469; baseline -0.004 -13"><span class='ocrx_word' id='word_1_551' title='bbox 135 3405 169 3469; x_wconf 77' lang='grc' dir='ltr'>ἡ</span> <span class='ocrx_word' id='word_1_552' title='bbox 195 3401 573 3456; x_wconf 76' lang='grc' dir='ltr'><em>διδάσκουσα</em></span> <span class='ocrx_word' id='word_1_553' title='bbox 598 3419 674 3469; x_wconf 85' lang='grc' dir='ltr'><strong>με</strong></span> <span class='ocrx_word' id='word_1_554' title='bbox 696 3418 708 3430; x_wconf 89' lang='grc'><strong>·</strong></span> <span class='ocrx_word' id='word_1_555' title='bbox 747 3397 849 3451; x_wconf 82' lang='grc' dir='ltr'>ποῦ</span> <span class='ocrx_word' id='word_1_556' title='bbox 883 3399 910 3449; x_wconf 92' lang='lat'><strong>6</strong></span> <span class='ocrx_word' id='word_1_557' title='bbox 945 3397 1112 3461; x_wconf 81' lang='grc' dir='ltr'><strong>Υἰός;</strong></span> <span class='ocrx_word' id='word_1_558' title='bbox 1157 3396 1282 3450; x_wconf 81' lang='grc' dir='ltr'>Ἐὰν</span> <span class='ocrx_word' id='word_1_559' title='bbox 1317 3396 1374 3449; x_wconf 85' lang='grc' dir='ltr'><em>δὲ</em></span> <span class='ocrx_word' id='word_1_560' title='bbox 1407 3396 1538 3467; x_wconf 86' lang='grc' dir='ltr'>λέγῃ</span> <span class='ocrx_word' id='word_1_561' title='bbox 1564 3398 1592 3450; x_wconf 91' lang='lat'><strong>6</strong></span> <span class='ocrx_word' id='word_1_562' title='bbox 1615 3399 1720 3449; x_wconf 78' lang='lat' dir='ltr'><strong>A1-</strong></span> 
     </span>
    </p>
   </div>
   <div class='ocr_carea' id='block_1_67' title="bbox 137 3488 1718 3559">
    <p class='ocr_par' dir='ltr' id='par_1_67' title="bbox 137 3488 1718 3559">
     <span class='ocr_line' id='line_1_67' title="bbox 137 3488 1718 3559; baseline -0.003 -14"><span class='ocrx_word' id='word_1_563' title='bbox 137 3494 215 3547; x_wconf 78' lang='grc' dir='ltr'><strong>6Ξδ</strong></span> <span class='ocrx_word' id='word_1_564' title='bbox 236 3510 252 3526; x_wconf 77' lang='grc' dir='ltr'><strong>ο</strong></span> <span class='ocrx_word' id='word_1_565' title='bbox 299 3491 762 3558; x_wconf 78' lang='grc' dir='ltr'><em>Ἐξαποστελεῖς</em></span> <span class='ocrx_word' id='word_1_566' title='bbox 793 3490 860 3544; x_wconf 86' lang='grc' dir='ltr'><strong>τὸ</strong></span> <span class='ocrx_word' id='word_1_567' title='bbox 885 3489 1126 3559; x_wconf 86' lang='grc' dir='ltr'><em>Πνεῦμά</em></span> <span class='ocrx_word' id='word_1_568' title='bbox 1152 3502 1290 3550; x_wconf 87' lang='grc' dir='ltr'><em>σου,</em></span> <span class='ocrx_word' id='word_1_569' title='bbox 1331 3488 1432 3540; x_wconf 79' lang='grc' dir='ltr'><em>καὶ</em></span> <span class='ocrx_word' id='word_1_570' title='bbox 1471 3488 1718 3556; x_wconf 66' lang='grc' dir='ltr'><strong>κτισθήσ</strong></span> 
     </span>
    </p>
   </div>
   <div class='ocr_carea' id='block_1_68' title="bbox 138 3577 1717 3649">
    <p class='ocr_par' dir='ltr' id='par_1_68' title="bbox 138 3577 1717 3649">
     <span class='ocr_line' id='line_1_68' title="bbox 138 3577 1717 3649; baseline -0.008 -9"><span class='ocrx_word' id='word_1_571' title='bbox 138 3604 366 3648; x_wconf 88' lang='grc' dir='ltr'><em>σονται,</em></span> <span class='ocrx_word' id='word_1_572' title='bbox 407 3587 503 3639; x_wconf 76' lang='grc' dir='ltr'><em>καὶ</em></span> <span class='ocrx_word' id='word_1_573' title='bbox 548 3582 914 3649; x_wconf 82' lang='grc' dir='ltr'><em>άνακαινιεῒς</em></span> <span class='ocrx_word' id='word_1_574' title='bbox 942 3583 1008 3635; x_wconf 86' lang='grc' dir='ltr'><strong>τὸ</strong></span> <span class='ocrx_word' id='word_1_575' title='bbox 1043 3580 1370 3648; x_wconf 80' lang='grc' dir='ltr'><strong>πρόσωπον</strong></span> <span class='ocrx_word' id='word_1_576' title='bbox 1417 3577 1529 3647; x_wconf 82' lang='grc' dir='ltr'><strong>τῆς</strong></span> <span class='ocrx_word' id='word_1_577' title='bbox 1568 3577 1717 3648; x_wconf 73' lang='grc' dir='ltr'><strong>γῆς·</strong></span> 
     </span>
    </p>
   </div>
   <div class='ocr_carea' id='block_1_69' title="bbox 141 3666 1718 3747">
    <p class='ocr_par' dir='ltr' id='par_1_69' title="bbox 141 3666 1718 3747">
     <span class='ocr_line' id='line_1_69' title="bbox 141 3666 1718 3747; baseline -0.008 -14"><span class='ocrx_word' id='word_1_578' title='bbox 141 3679 235 3733; x_wconf 74' lang='grc' dir='ltr'>ποῦ</span> <span class='ocrx_word' id='word_1_579' title='bbox 266 3682 295 3732; x_wconf 85' lang='grc' dir='ltr'>ὁ</span> <span class='ocrx_word' id='word_1_580' title='bbox 325 3679 487 3742; x_wconf 83' lang='grc' dir='ltr'><strong>Υἱός;</strong></span> <span class='ocrx_word' id='word_1_581' title='bbox 528 3677 652 3730; x_wconf 85' lang='grc' dir='ltr'><strong>Ἐὰν</strong></span> <span class='ocrx_word' id='word_1_582' title='bbox 693 3675 750 3728; x_wconf 84' lang='grc' dir='ltr'><em>δὲ</em></span> <span class='ocrx_word' id='word_1_583' title='bbox 791 3675 927 3747; x_wconf 85' lang='grc' dir='ltr'>λέγῃ</span> <span class='ocrx_word' id='word_1_584' title='bbox 948 3689 963 3703; x_wconf 80' lang='lat'><strong><em>°</em></strong></span> <span class='ocrx_word' id='word_1_585' title='bbox 999 3671 1123 3726; x_wconf 90' lang='grc' dir='ltr'><strong>Ποῦ</strong></span> <span class='ocrx_word' id='word_1_586' title='bbox 1167 3666 1437 3736; x_wconf 83' lang='grc' dir='ltr'><strong>πορευθῶ</strong></span> <span class='ocrx_word' id='word_1_587' title='bbox 1461 3667 1578 3722; x_wconf 79' lang='grc' dir='ltr'><strong>ἀπὸ</strong></span> <span class='ocrx_word' id='word_1_588' title='bbox 1613 3666 1718 3720; x_wconf 83' lang='grc' dir='ltr'><strong>τοῦ</strong></span> 
     </span>
    </p>
   </div>
   <div class='ocr_carea' id='block_1_70' title="bbox 140 3760 1721 3842">
    <p class='ocr_par' dir='ltr' id='par_1_70' title="bbox 140 3760 1721 3842">
     <span class='ocr_line' id='line_1_70' title="bbox 140 3760 1721 3842; baseline -0.008 -15"><span class='ocrx_word' id='word_1_589' title='bbox 140 3772 481 3842; x_wconf 81' lang='grc' dir='ltr'><em>Πνεῦματός</em></span> <span class='ocrx_word' id='word_1_590' title='bbox 506 3784 642 3831; x_wconf 85' lang='grc' dir='ltr'><em>σου,</em></span> <span class='ocrx_word' id='word_1_591' title='bbox 683 3768 780 3821; x_wconf 77' lang='grc' dir='ltr'><em>καὶ</em></span> <span class='ocrx_word' id='word_1_592' title='bbox 800 3766 917 3821; x_wconf 79' lang='grc' dir='ltr'><strong>άπὸ</strong></span> <span class='ocrx_word' id='word_1_593' title='bbox 946 3764 1051 3819; x_wconf 90' lang='grc' dir='ltr'><em>τοῦ</em></span> <span class='ocrx_word' id='word_1_594' title='bbox 1087 3760 1414 3831; x_wconf 73' lang='grc' dir='ltr'>προσώπου</span> <span class='ocrx_word' id='word_1_595' title='bbox 1457 3777 1573 3814; x_wconf 87' lang='grc' dir='ltr'><strong>σου</strong></span> <span class='ocrx_word' id='word_1_596' title='bbox 1603 3760 1721 3814; x_wconf 85' lang='grc' dir='ltr'><em>ποῦ</em></span> 
     </span>
    </p>
   </div>
   <div class='ocr_carea' id='block_1_71' title="bbox 142 3850 1726 3934">
    <p class='ocr_par' dir='ltr' id='par_1_71' title="bbox 142 3850 1726 3934">
     <span class='ocr_line' id='line_1_71' title="bbox 142 3850 1726 3934; baseline -0.01 -16"><span class='ocrx_word' id='word_1_597' title='bbox 142 3866 340 3934; x_wconf 62' lang='lat' dir='ltr'><strong>gum);</strong></span> <span class='ocrx_word' id='word_1_598' title='bbox 378 3861 479 3915; x_wconf 81' lang='grc' dir='ltr'>ποῦ</span> <span class='ocrx_word' id='word_1_599' title='bbox 510 3863 538 3914; x_wconf 93' lang='lat'><strong>6</strong></span> <span class='ocrx_word' id='word_1_600' title='bbox 563 3860 691 3924; x_wconf 77' lang='grc' dir='ltr'><strong>Υἱός</strong></span> <span class='ocrx_word' id='word_1_601' title='bbox 716 3877 730 3925; x_wconf 89' lang='grc'><strong>;</strong></span> <span class='ocrx_word' id='word_1_602' title='bbox 772 3859 898 3911; x_wconf 82' lang='grc' dir='ltr'>Ἐὰν</span> <span class='ocrx_word' id='word_1_603' title='bbox 928 3857 983 3910; x_wconf 86' lang='grc' dir='ltr'><em>δέ</em></span> <span class='ocrx_word' id='word_1_604' title='bbox 1007 3856 1173 3926; x_wconf 84' lang='grc' dir='ltr'>λέγῃ’</span> <span class='ocrx_word' id='word_1_605' title='bbox 1209 3852 1358 3908; x_wconf 76' lang='grc' dir='ltr'><strong>οὐαὶ</strong></span> <span class='ocrx_word' id='word_1_606' title='bbox 1377 3850 1558 3906; x_wconf 86' lang='grc' dir='ltr'><em>τέκνα</em></span> <span class='ocrx_word' id='word_1_607' title='bbox 1579 3852 1726 3905; x_wconf 82' lang='grc' dir='ltr'>ἀπο-</span> 
     </span>
    </p>
   </div>
   <div class='ocr_carea' id='block_1_72' title="bbox 145 3943 1732 4021">
    <p class='ocr_par' dir='ltr' id='par_1_72' title="bbox 145 3943 1732 4021">
     <span class='ocr_line' id='line_1_72' title="bbox 145 3943 1732 4021; baseline -0.008 -12"><span class='ocrx_word' id='word_1_608' title='bbox 145 3956 375 4018; x_wconf 86' lang='grc' dir='ltr'><em>στάται,</em></span> <span class='ocrx_word' id='word_1_609' title='bbox 415 3953 552 4007; x_wconf 87' lang='grc' dir='ltr'><em>τάδε</em></span> <span class='ocrx_word' id='word_1_610' title='bbox 598 3951 761 4021; x_wconf 77' lang='grc' dir='ltr'><em>λέγει</em></span> <span class='ocrx_word' id='word_1_611' title='bbox 805 3951 1056 4018; x_wconf 83' lang='grc' dir='ltr'><strong>Κύριος·</strong></span> <span class='ocrx_word' id='word_1_612' title='bbox 1103 3945 1452 4012; x_wconf 80' lang='grc' dir='ltr'><em>Ἐποιήσατε</em></span> <span class='ocrx_word' id='word_1_613' title='bbox 1485 3943 1732 4012; x_wconf 77' lang='grc' dir='ltr'><em>,βουλὴν</em></span> 
     </span>
    </p>
   </div>
   <div class='ocr_carea' id='block_1_73' title="bbox 149 4037 1733 4114">
    <p class='ocr_par' dir='ltr' id='par_1_73' title="bbox 149 4037 1733 4114">
     <span class='ocr_line' id='line_1_73' title="bbox 149 4037 1733 4114; baseline -0.008 -13"><span class='ocrx_word' id='word_1_614' title='bbox 149 4049 212 4101; x_wconf 85' lang='grc' dir='ltr'><strong>οὐ</strong></span> <span class='ocrx_word' id='word_1_615' title='bbox 242 4047 318 4100; x_wconf 81' lang='grc' dir='ltr'><em>δι’</em></span> <span class='ocrx_word' id='word_1_616' title='bbox 348 4044 515 4114; x_wconf 75' lang='grc' dir='ltr'><em>ἐμοῦ,</em></span> <span class='ocrx_word' id='word_1_617' title='bbox 547 4044 645 4096; x_wconf 80' lang='grc' dir='ltr'><em>καὶ</em></span> <span class='ocrx_word' id='word_1_618' title='bbox 673 4041 988 4108; x_wconf 74' lang='grc' dir='ltr'><strong>συνθήκας</strong></span> <span class='ocrx_word' id='word_1_619' title='bbox 1021 4042 1092 4093; x_wconf 85' lang='grc' dir='ltr'><strong>οὐ</strong></span> <span class='ocrx_word' id='word_1_620' title='bbox 1123 4039 1221 4092; x_wconf 81' lang='grc' dir='ltr'><em>διὰ</em></span> <span class='ocrx_word' id='word_1_621' title='bbox 1248 4038 1356 4092; x_wconf 90' lang='grc' dir='ltr'><strong>τοῦ</strong></span> <span class='ocrx_word' id='word_1_622' title='bbox 1391 4037 1733 4106; x_wconf 66' lang='grc' dir='ltr'><em>Πνεῦματός</em></span> 
     </span>
    </p>
   </div>
   <div class='ocr_carea' id='block_1_74' title="bbox 144 4127 1736 4207">
    <p class='ocr_par' dir='ltr' id='par_1_74' title="bbox 144 4127 1736 4207">
     <span class='ocr_line' id='line_1_74' title="bbox 144 4127 1736 4207; baseline -0.006 -17"><span class='ocrx_word' id='word_1_623' title='bbox 144 4156 254 4207; x_wconf 77' lang='grc' dir='ltr'><strong>μου</strong></span> <span class='ocrx_word' id='word_1_624' title='bbox 275 4157 290 4170; x_wconf 83' lang='lat'><strong>-</strong></span> <span class='ocrx_word' id='word_1_625' title='bbox 331 4135 436 4190; x_wconf 81' lang='grc' dir='ltr'>ποῦ</span> <span class='ocrx_word' id='word_1_626' title='bbox 463 4137 490 4187; x_wconf 92' lang='lat'><strong>6</strong></span> <span class='ocrx_word' id='word_1_627' title='bbox 517 4136 643 4198; x_wconf 84' lang='grc' dir='ltr'>Υἱός</span> <span class='ocrx_word' id='word_1_628' title='bbox 672 4151 686 4200; x_wconf 88' lang='lat'><strong>;</strong></span> <span class='ocrx_word' id='word_1_629' title='bbox 736 4133 861 4187; x_wconf 84' lang='grc' dir='ltr'><strong>Ἐὰν</strong></span> <span class='ocrx_word' id='word_1_630' title='bbox 901 4133 957 4186; x_wconf 84' lang='grc' dir='ltr'><em>δὲ</em></span> <span class='ocrx_word' id='word_1_631' title='bbox 989 4131 1124 4204; x_wconf 83' lang='grc' dir='ltr'>λέγῃ</span> <span class='ocrx_word' id='word_1_632' title='bbox 1147 4148 1160 4161; x_wconf 87' lang='grc'><strong>·</strong></span> <span class='ocrx_word' id='word_1_633' title='bbox 1208 4129 1318 4184; x_wconf 83' lang='grc' dir='ltr'><strong>Καὶ</strong></span> <span class='ocrx_word' id='word_1_634' title='bbox 1351 4127 1736 4192; x_wconf 75' lang='grc' dir='ltr'><em>ἐξελεύσεται</em></span> 
     </span>
    </p>
   </div>
   <div class='ocr_carea' id='block_1_75' title="bbox 145 4217 1736 4298">
    <p class='ocr_par' dir='ltr' id='par_1_75' title="bbox 145 4217 1736 4298">
     <span class='ocr_line' id='line_1_75' title="bbox 145 4217 1736 4298; baseline -0.009 -12"><span class='ocrx_word' id='word_1_635' title='bbox 145 4231 364 4298; x_wconf 72' lang='grc' dir='ltr'><em>ῥάϐδος</em></span> <span class='ocrx_word' id='word_1_636' title='bbox 405 4231 475 4283; x_wconf 80' lang='grc' dir='ltr'><strong>ἐκ</strong></span> <span class='ocrx_word' id='word_1_637' title='bbox 514 4227 623 4296; x_wconf 80' lang='grc' dir='ltr'><strong>τῆς</strong></span> <span class='ocrx_word' id='word_1_638' title='bbox 659 4225 827 4296; x_wconf 81' lang='grc' dir='ltr'><strong>ῥίζης</strong></span> <span class='ocrx_word' id='word_1_639' title='bbox 867 4223 1114 4289; x_wconf 79' lang='grc' dir='ltr'><em>Ἰεσσαὶ,</em></span> <span class='ocrx_word' id='word_1_640' title='bbox 1154 4222 1251 4276; x_wconf 78' lang='grc' dir='ltr'><strong>καὶ</strong></span> <span class='ocrx_word' id='word_1_641' title='bbox 1291 4219 1472 4286; x_wconf 80' lang='grc' dir='ltr'><em>ἄνθος</em></span> <span class='ocrx_word' id='word_1_642' title='bbox 1515 4221 1585 4274; x_wconf 79' lang='grc' dir='ltr'><strong><em>ἐκ</em></strong></span> <span class='ocrx_word' id='word_1_643' title='bbox 1624 4217 1736 4287; x_wconf 79' lang='grc' dir='ltr'><em>τῆς</em></span> 
     </span>
    </p>
   </div>
   <div class='ocr_carea' id='block_1_76' title="bbox 143 4313 1742 4396">
    <p class='ocr_par' dir='ltr' id='par_1_76' title="bbox 143 4313 1742 4396">
     <span class='ocr_line' id='line_1_76' title="bbox 143 4313 1742 4396; baseline -0.009 -15"><span class='ocrx_word' id='word_1_644' title='bbox 143 4329 311 4396; x_wconf 76' lang='grc' dir='ltr'><em>ῥίζης</em></span> <span class='ocrx_word' id='word_1_645' title='bbox 350 4325 738 4392; x_wconf 80' lang='grc' dir='ltr'><em>ἀναϐήσεται,</em></span> <span class='ocrx_word' id='word_1_646' title='bbox 778 4320 878 4375; x_wconf 74' lang='grc' dir='ltr'><em>καὶ</em></span> <span class='ocrx_word' id='word_1_647' title='bbox 906 4317 1398 4374; x_wconf 76' lang='grc' dir='ltr'><em>ὲπαναπαύσεται</em></span> <span class='ocrx_word' id='word_1_648' title='bbox 1430 4313 1524 4366; x_wconf 77' lang='grc' dir='ltr'><strong>ἐπ’</strong></span> <span class='ocrx_word' id='word_1_649' title='bbox 1557 4313 1742 4368; x_wconf 84' lang='grc' dir='ltr'><em>αὐτὸν</em></span> 
     </span>
    </p>
   </div>
   <div class='ocr_carea' id='block_1_77' title="bbox 1818 3209 3394 3290">
    <p class='ocr_par' dir='ltr' id='par_1_77' title="bbox 1818 3209 3394 3290">
     <span class='ocr_line' id='line_1_77' title="bbox 1818 3209 3394 3290; baseline -0.01 -12"><span class='ocrx_word' id='word_1_650' title='bbox 1818 3225 1966 3278; x_wconf 88' lang='lat' dir='ltr'><strong>ducet</strong></span> <span class='ocrx_word' id='word_1_651' title='bbox 1999 3225 2074 3290; x_wconf 83' lang='lat'><strong>“;</strong></span> <span class='ocrx_word' id='word_1_652' title='bbox 2125 3221 2211 3274; x_wconf 81' lang='lat' dir='ltr'><strong>ubi</strong></span> <span class='ocrx_word' id='word_1_653' title='bbox 2244 3218 2449 3274; x_wconf 84' lang='lat' dir='ltr'><strong>Filius?</strong></span> <span class='ocrx_word' id='word_1_654' title='bbox 2484 3217 2635 3282; x_wconf 83' lang='lat' dir='ltr'><strong>Quod</strong></span> <span class='ocrx_word' id='word_1_655' title='bbox 2665 3214 2708 3268; x_wconf 90' lang='lat' dir='ltr'><strong>si</strong></span> <span class='ocrx_word' id='word_1_656' title='bbox 2749 3213 2914 3268; x_wconf 84' lang='lat' dir='ltr'><strong>David</strong></span> <span class='ocrx_word' id='word_1_657' title='bbox 2955 3211 3085 3265; x_wconf 87' lang='lat' dir='ltr'><strong>dicit</strong></span> <span class='ocrx_word' id='word_1_658' title='bbox 3115 3229 3127 3263; x_wconf 90' lang='lat'><strong>:</strong></span> <span class='ocrx_word' id='word_1_659' title='bbox 3168 3209 3394 3262; x_wconf 85' lang='lat' dir='ltr'><strong>Enzittes</strong></span> 
     </span>
    </p>
   </div>
   <div class='ocr_carea' id='block_1_78' title="bbox 1821 3299 3400 3385">
    <p class='ocr_par' dir='ltr' id='par_1_78' title="bbox 1821 3299 3400 3385">
     <span class='ocr_line' id='line_1_78' title="bbox 1821 3299 3400 3385; baseline -0.011 -15"><span class='ocrx_word' id='word_1_660' title='bbox 1821 3315 2076 3385; x_wconf 85' lang='lat' dir='ltr'><strong>Spiritum</strong></span> <span class='ocrx_word' id='word_1_661' title='bbox 2111 3322 2256 3367; x_wconf 87' lang='lat' dir='ltr'><strong>tuum</strong></span> <span class='ocrx_word' id='word_1_662' title='bbox 2284 3351 2299 3375; x_wconf 94' lang='lat'><strong>,</strong></span> <span class='ocrx_word' id='word_1_663' title='bbox 2332 3321 2380 3365; x_wconf 91' lang='lat' dir='ltr'><strong>et</strong></span> <span class='ocrx_word' id='word_1_664' title='bbox 2423 3309 2740 3362; x_wconf 89' lang='lat' dir='ltr'><strong>creabuntur</strong></span> <span class='ocrx_word' id='word_1_665' title='bbox 2763 3344 2778 3369; x_wconf 94' lang='lat'><strong>,</strong></span> <span class='ocrx_word' id='word_1_666' title='bbox 2816 3314 2861 3358; x_wconf 89' lang='lat' dir='ltr'><strong>et</strong></span> <span class='ocrx_word' id='word_1_667' title='bbox 2894 3300 3164 3356; x_wconf 86' lang='lat' dir='ltr'><strong>renovabis</strong></span> <span class='ocrx_word' id='word_1_668' title='bbox 3207 3299 3400 3368; x_wconf 80' lang='lat' dir='ltr'><strong>faciem</strong></span> 
     </span>
    </p>
   </div>
   <div class='ocr_carea' id='block_1_79' title="bbox 1821 3389 3397 3469">
    <p class='ocr_par' dir='ltr' id='par_1_79' title="bbox 1821 3389 3397 3469">
     <span class='ocr_line' id='line_1_79' title="bbox 1821 3389 3397 3469; baseline -0.011 -9"><span class='ocrx_word' id='word_1_669' title='bbox 1821 3419 1973 3460; x_wconf 82' lang='lat' dir='ltr'><strong>teme</strong></span> <span class='ocrx_word' id='word_1_670' title='bbox 2001 3406 2082 3469; x_wconf 82' lang='grc'><strong>¹²;</strong></span> <span class='ocrx_word' id='word_1_671' title='bbox 2121 3402 2210 3458; x_wconf 82' lang='lat' dir='ltr'><strong>ubi</strong></span> <span class='ocrx_word' id='word_1_672' title='bbox 2242 3401 2451 3457; x_wconf 88' lang='lat' dir='ltr'><strong>Filius?</strong></span> <span class='ocrx_word' id='word_1_673' title='bbox 2479 3399 2608 3452; x_wconf 86' lang='lat' dir='ltr'><strong>Item</strong></span> <span class='ocrx_word' id='word_1_674' title='bbox 2641 3399 2684 3452; x_wconf 91' lang='lat' dir='ltr'><strong>si</strong></span> <span class='ocrx_word' id='word_1_675' title='bbox 2720 3396 2849 3451; x_wconf 87' lang='lat' dir='ltr'><strong>dicit</strong></span> <span class='ocrx_word' id='word_1_676' title='bbox 2879 3415 2894 3450; x_wconf 92' lang='lat'><strong>:</strong></span> <span class='ocrx_word' id='word_1_677' title='bbox 2935 3394 3051 3460; x_wconf 80' lang='lat' dir='ltr'><strong>Quo</strong></span> <span class='ocrx_word' id='word_1_678' title='bbox 3086 3394 3170 3446; x_wconf 87' lang='lat' dir='ltr'><strong>ibo</strong></span> <span class='ocrx_word' id='word_1_679' title='bbox 3206 3408 3237 3444; x_wconf 90' lang='lat' dir='ltr'><strong>a</strong></span> <span class='ocrx_word' id='word_1_680' title='bbox 3271 3389 3397 3460; x_wconf 85' lang='lat' dir='ltr'><strong>Spi-</strong></span> 
     </span>
    </p>
   </div>
   <div class='ocr_carea' id='block_1_80' title="bbox 1827 3481 3404 3564">
    <p class='ocr_par' dir='ltr' id='par_1_80' title="bbox 1827 3481 3404 3564">
     <span class='ocr_line' id='line_1_80' title="bbox 1827 3481 3404 3564; baseline -0.01 -13"><span class='ocrx_word' id='word_1_681' title='bbox 1827 3499 1931 3551; x_wconf 84' lang='lat' dir='ltr'><strong>ritu</strong></span> <span class='ocrx_word' id='word_1_682' title='bbox 1967 3506 2078 3561; x_wconf 88' lang='lat' dir='ltr'><strong>tuo,</strong></span> <span class='ocrx_word' id='word_1_683' title='bbox 2115 3505 2161 3549; x_wconf 89' lang='lat' dir='ltr'><strong>et</strong></span> <span class='ocrx_word' id='word_1_684' title='bbox 2207 3510 2310 3564; x_wconf 84' lang='lat' dir='ltr'><strong>quo</strong></span> <span class='ocrx_word' id='word_1_685' title='bbox 2343 3511 2372 3546; x_wconf 90' lang='lat' dir='ltr'><strong>a</strong></span> <span class='ocrx_word' id='word_1_686' title='bbox 2417 3492 2554 3561; x_wconf 80' lang='lat' dir='ltr'><strong>[acie</strong></span> <span class='ocrx_word' id='word_1_687' title='bbox 2585 3498 2675 3542; x_wconf 90' lang='lat' dir='ltr'><strong>tua</strong></span> <span class='ocrx_word' id='word_1_688' title='bbox 2720 3489 2922 3558; x_wconf 84' lang='lat' dir='ltr'><strong>fugiam</strong></span> <span class='ocrx_word' id='word_1_689' title='bbox 2957 3482 3036 3538; x_wconf 73' lang='lat'><strong>&quot;7</strong></span> <span class='ocrx_word' id='word_1_690' title='bbox 3071 3484 3159 3538; x_wconf 82' lang='lat' dir='ltr'><strong>ubi</strong></span> <span class='ocrx_word' id='word_1_691' title='bbox 3195 3481 3404 3537; x_wconf 79' lang='lat' dir='ltr'><strong>Filius?</strong></span> 
     </span>
    </p>
   </div>
   <div class='ocr_carea' id='block_1_81' title="bbox 1825 3572 3403 3656">
    <p class='ocr_par' dir='ltr' id='par_1_81' title="bbox 1825 3572 3403 3656">
     <span class='ocr_line' id='line_1_81' title="bbox 1825 3572 3403 3656; baseline -0.011 -14"><span class='ocrx_word' id='word_1_692' title='bbox 1825 3589 1977 3656; x_wconf 89' lang='lat' dir='ltr'><strong>Quod</strong></span> <span class='ocrx_word' id='word_1_693' title='bbox 2007 3589 2050 3641; x_wconf 89' lang='lat' dir='ltr'><strong>si</strong></span> <span class='ocrx_word' id='word_1_694' title='bbox 2084 3587 2213 3641; x_wconf 90' lang='lat' dir='ltr'><strong>dicit</strong></span> <span class='ocrx_word' id='word_1_695' title='bbox 2242 3604 2256 3639; x_wconf 92' lang='lat'><strong>:</strong></span> <span class='ocrx_word' id='word_1_696' title='bbox 2305 3583 2394 3638; x_wconf 82' lang='lat' dir='ltr'><strong>Vte</strong></span> <span class='ocrx_word' id='word_1_697' title='bbox 2436 3582 2534 3650; x_wconf 78' lang='lat' dir='ltr'><strong>ﬁlii</strong></span> <span class='ocrx_word' id='word_1_698' title='bbox 2569 3587 2876 3641; x_wconf 86' lang='lat' dir='ltr'><strong>desertores,</strong></span> <span class='ocrx_word' id='word_1_699' title='bbox 2907 3577 3018 3629; x_wconf 77' lang='lat' dir='ltr'><strong>[nec</strong></span> <span class='ocrx_word' id='word_1_700' title='bbox 3051 3575 3176 3627; x_wconf 88' lang='lat' dir='ltr'><strong>dicit</strong></span> <span class='ocrx_word' id='word_1_701' title='bbox 3215 3572 3403 3625; x_wconf 86' lang='lat' dir='ltr'><strong>Domi-</strong></span> 
     </span>
    </p>
   </div>
   <div class='ocr_carea' id='block_1_82' title="bbox 1827 3663 3405 3737">
    <p class='ocr_par' dir='ltr' id='par_1_82' title="bbox 1827 3663 3405 3737">
     <span class='ocr_line' id='line_1_82' title="bbox 1827 3663 3405 3737; baseline -0.012 -6"><span class='ocrx_word' id='word_1_702' title='bbox 1827 3694 1924 3731; x_wconf 77' lang='lat' dir='ltr'><strong>nus</strong></span> <span class='ocrx_word' id='word_1_703' title='bbox 1949 3693 1967 3730; x_wconf 92' lang='lat'><strong>:</strong></span> <span class='ocrx_word' id='word_1_704' title='bbox 2000 3675 2219 3729; x_wconf 82' lang='lat' dir='ltr'><strong>Fecistis</strong></span> <span class='ocrx_word' id='word_1_705' title='bbox 2255 3671 2528 3725; x_wconf 77' lang='lat' dir='ltr'><strong>consilium</strong></span> <span class='ocrx_word' id='word_1_706' title='bbox 2554 3684 2658 3722; x_wconf 89' lang='lat' dir='ltr'><strong>non</strong></span> <span class='ocrx_word' id='word_1_707' title='bbox 2687 3683 2779 3735; x_wconf 85' lang='lat' dir='ltr'><strong>per</strong></span> <span class='ocrx_word' id='word_1_708' title='bbox 2810 3682 2911 3727; x_wconf 88' lang='lat' dir='ltr'><strong>me,</strong></span> <span class='ocrx_word' id='word_1_709' title='bbox 2943 3675 2989 3718; x_wconf 90' lang='lat' dir='ltr'><strong>et</strong></span> <span class='ocrx_word' id='word_1_710' title='bbox 3012 3663 3276 3737; x_wconf 84' lang='lat' dir='ltr'><strong>pactiones</strong></span> <span class='ocrx_word' id='word_1_711' title='bbox 3301 3675 3405 3713; x_wconf 87' lang='lat' dir='ltr'><strong>non</strong></span> 
     </span>
    </p>
   </div>
   <div class='ocr_carea' id='block_1_83' title="bbox 1825 3751 3401 3838">
    <p class='ocr_par' dir='ltr' id='par_1_83' title="bbox 1825 3751 3401 3838">
     <span class='ocr_line' id='line_1_83' title="bbox 1825 3751 3401 3838; baseline -0.012 -16"><span class='ocrx_word' id='word_1_712' title='bbox 1825 3786 1918 3838; x_wconf 87' lang='lat' dir='ltr'><strong>per</strong></span> <span class='ocrx_word' id='word_1_713' title='bbox 1949 3766 2203 3838; x_wconf 88' lang='lat' dir='ltr'><strong>Spiritum</strong></span> <span class='ocrx_word' id='word_1_714' title='bbox 2236 3778 2408 3816; x_wconf 87' lang='lat' dir='ltr'><strong>meum</strong></span> <span class='ocrx_word' id='word_1_715' title='bbox 2437 3761 2519 3822; x_wconf 71' lang='grc'><strong>³⁵,</strong></span> <span class='ocrx_word' id='word_1_716' title='bbox 2561 3759 2646 3813; x_wconf 91' lang='lat' dir='ltr'><strong>ubi</strong></span> <span class='ocrx_word' id='word_1_717' title='bbox 2679 3757 2890 3813; x_wconf 83' lang='lat' dir='ltr'><strong>Filius?</strong></span> <span class='ocrx_word' id='word_1_718' title='bbox 2917 3755 3124 3808; x_wconf 76' lang='lat' dir='ltr'><strong>Rursus</strong></span> <span class='ocrx_word' id='word_1_719' title='bbox 3150 3753 3195 3806; x_wconf 89' lang='lat' dir='ltr'><strong>si</strong></span> <span class='ocrx_word' id='word_1_720' title='bbox 3232 3751 3401 3806; x_wconf 85' lang='lat' dir='ltr'><strong>dicit:</strong></span> 
     </span>
    </p>
   </div>
   <div class='ocr_carea' id='block_1_84' title="bbox 1831 3844 3404 3930">
    <p class='ocr_par' dir='ltr' id='par_1_84' title="bbox 1831 3844 3404 3930">
     <span class='ocr_line' id='line_1_84' title="bbox 1831 3844 3404 3930; baseline -0.011 -16"><span class='ocrx_word' id='word_1_721' title='bbox 1831 3862 1894 3914; x_wconf 78' lang='lat' dir='ltr'><strong>Et</strong></span> <span class='ocrx_word' id='word_1_722' title='bbox 1929 3860 2224 3930; x_wconf 85' lang='lat' dir='ltr'><strong>egredietur</strong></span> <span class='ocrx_word' id='word_1_723' title='bbox 2248 3856 2392 3924; x_wconf 87' lang='lat' dir='ltr'><strong>virga</strong></span> <span class='ocrx_word' id='word_1_724' title='bbox 2423 3853 2486 3906; x_wconf 87' lang='lat' dir='ltr'><strong>de</strong></span> <span class='ocrx_word' id='word_1_725' title='bbox 2518 3851 2695 3904; x_wconf 84' lang='lat' dir='ltr'><strong>radice</strong></span> <span class='ocrx_word' id='word_1_726' title='bbox 2720 3849 2887 3913; x_wconf 78' lang='lat' dir='ltr'><strong>Iesse,</strong></span> <span class='ocrx_word' id='word_1_727' title='bbox 2930 3858 2977 3901; x_wconf 90' lang='lat' dir='ltr'><strong>et</strong></span> <span class='ocrx_word' id='word_1_728' title='bbox 3004 3849 3102 3916; x_wconf 84' lang='lat' dir='ltr'><strong>[los</strong></span> <span class='ocrx_word' id='word_1_729' title='bbox 3127 3845 3191 3899; x_wconf 80' lang='lat' dir='ltr'><strong>de</strong></span> <span class='ocrx_word' id='word_1_730' title='bbox 3225 3844 3404 3897; x_wconf 82' lang='lat' dir='ltr'><strong>radice</strong></span> 
     </span>
    </p>
   </div>
   <div class='ocr_carea' id='block_1_85' title="bbox 1829 3937 3405 4018">
    <p class='ocr_par' dir='ltr' id='par_1_85' title="bbox 1829 3937 3405 4018">
     <span class='ocr_line' id='line_1_85' title="bbox 1829 3937 3405 4018; baseline -0.012 -11"><span class='ocrx_word' id='word_1_731' title='bbox 1829 3954 2093 4015; x_wconf 83' lang='lat' dir='ltr'><strong>ascendet,</strong></span> <span class='ocrx_word' id='word_1_732' title='bbox 2119 3961 2168 4004; x_wconf 90' lang='lat' dir='ltr'><strong>et</strong></span> <span class='ocrx_word' id='word_1_733' title='bbox 2205 3949 2484 4018; x_wconf 83' lang='lat' dir='ltr'><strong>requiescet</strong></span> <span class='ocrx_word' id='word_1_734' title='bbox 2516 3959 2672 4013; x_wconf 86' lang='lat' dir='ltr'><strong>super</strong></span> <span class='ocrx_word' id='word_1_735' title='bbox 2706 3957 2824 3996; x_wconf 88' lang='lat' dir='ltr'><strong>eum</strong></span> <span class='ocrx_word' id='word_1_736' title='bbox 2862 3940 3094 4009; x_wconf 87' lang='lat' dir='ltr'><strong>Spiritus</strong></span> <span class='ocrx_word' id='word_1_737' title='bbox 3130 3937 3405 4007; x_wconf 78' lang='lat' dir='ltr'><strong>sapientia:</strong></span> 
     </span>
    </p>
   </div>
   <div class='ocr_carea' id='block_1_86' title="bbox 1828 4025 3410 4106">
    <p class='ocr_par' dir='ltr' id='par_1_86' title="bbox 1828 4025 3410 4106">
     <span class='ocr_line' id='line_1_86' title="bbox 1828 4025 3410 4106; baseline -0.012 -9"><span class='ocrx_word' id='word_1_738' title='bbox 1828 4057 1873 4097; x_wconf 89' lang='lat' dir='ltr'><strong>et</strong></span> <span class='ocrx_word' id='word_1_739' title='bbox 1903 4044 2222 4106; x_wconf 86' lang='lat' dir='ltr'><strong>intellectus,</strong></span> <span class='ocrx_word' id='word_1_740' title='bbox 2255 4037 2486 4104; x_wconf 85' lang='lat' dir='ltr'><strong>Spiritus</strong></span> <span class='ocrx_word' id='word_1_741' title='bbox 2516 4033 2724 4088; x_wconf 81' lang='lat' dir='ltr'><strong>consilii</strong></span> <span class='ocrx_word' id='word_1_742' title='bbox 2757 4042 2802 4086; x_wconf 91' lang='lat' dir='ltr'><strong>et</strong></span> <span class='ocrx_word' id='word_1_743' title='bbox 2833 4030 3186 4098; x_wconf 76' lang='lat' dir='ltr'><strong>fortitudinis,</strong></span> <span class='ocrx_word' id='word_1_744' title='bbox 3234 4025 3410 4093; x_wconf 84' lang='lat' dir='ltr'><strong>Spiri-</strong></span> 
     </span>
    </p>
   </div>
   <div class='ocr_carea' id='block_1_87' title="bbox 1831 4118 3409 4204">
    <p class='ocr_par' dir='ltr' id='par_1_87' title="bbox 1831 4118 3409 4204">
     <span class='ocr_line' id='line_1_87' title="bbox 1831 4118 3409 4204; baseline -0.013 -15"><span class='ocrx_word' id='word_1_745' title='bbox 1831 4146 1914 4188; x_wconf 88' lang='lat' dir='ltr'><strong>tus</strong></span> <span class='ocrx_word' id='word_1_746' title='bbox 1943 4131 2253 4204; x_wconf 86' lang='lat' dir='ltr'><strong>cognitionis</strong></span> <span class='ocrx_word' id='word_1_747' title='bbox 2290 4139 2338 4183; x_wconf 90' lang='lat' dir='ltr'><strong>et</strong></span> <span class='ocrx_word' id='word_1_748' title='bbox 2389 4127 2621 4196; x_wconf 86' lang='lat' dir='ltr'><strong>pietatis,</strong></span> <span class='ocrx_word' id='word_1_749' title='bbox 2662 4133 2710 4178; x_wconf 87' lang='lat' dir='ltr'><strong>et</strong></span> <span class='ocrx_word' id='word_1_750' title='bbox 2738 4123 2946 4190; x_wconf 88' lang='lat' dir='ltr'><strong>replebit</strong></span> <span class='ocrx_word' id='word_1_751' title='bbox 2975 4123 3143 4190; x_wconf 88' lang='lat' dir='ltr'><strong>ipsum</strong></span> <span class='ocrx_word' id='word_1_752' title='bbox 3176 4118 3409 4187; x_wconf 86' lang='lat' dir='ltr'><strong>Spiritus</strong></span> 
     </span>
    </p>
   </div>
   <div class='ocr_carea' id='block_1_88' title="bbox 1832 4208 3412 4287">
    <p class='ocr_par' dir='ltr' id='par_1_88' title="bbox 1832 4208 3412 4287">
     <span class='ocr_line' id='line_1_88' title="bbox 1832 4208 3412 4287; baseline -0.011 -9"><span class='ocrx_word' id='word_1_753' title='bbox 1832 4225 2034 4279; x_wconf 80' lang='lat' dir='ltr'><strong>timoris</strong></span> <span class='ocrx_word' id='word_1_754' title='bbox 2062 4223 2158 4277; x_wconf 88' lang='lat' dir='ltr'><strong>Dei</strong></span> <span class='ocrx_word' id='word_1_755' title='bbox 2183 4221 2226 4254; x_wconf 82' lang='lat'>&quot;</span> <span class='ocrx_word' id='word_1_756' title='bbox 2254 4239 2269 4274; x_wconf 91' lang='lat'><strong>:</strong></span> <span class='ocrx_word' id='word_1_757' title='bbox 2303 4217 2573 4287; x_wconf 89' lang='lat' dir='ltr'><strong>quomodo</strong></span> <span class='ocrx_word' id='word_1_758' title='bbox 2598 4215 2862 4284; x_wconf 81' lang='lat' dir='ltr'><strong>separabo</strong></span> <span class='ocrx_word' id='word_1_759' title='bbox 2902 4211 3206 4282; x_wconf 85' lang='lat' dir='ltr'><strong>Spiritum?</strong></span> <span class='ocrx_word' id='word_1_760' title='bbox 3234 4209 3289 4264; x_wconf 89' lang='lat' dir='ltr'><strong>Si</strong></span> <span class='ocrx_word' id='word_1_761' title='bbox 3323 4208 3412 4262; x_wconf 88' lang='lat' dir='ltr'><strong>iti-</strong></span> 
     </span>
    </p>
   </div>
   <div class='ocr_carea' id='block_1_89' title="bbox 1827 4289 3407 4372">
    <p class='ocr_par' dir='ltr' id='par_1_89' title="bbox 1827 4289 3407 4372">
     <span class='ocr_line' id='line_1_89' title="bbox 1827 4289 3407 4372; baseline -0.014 -7"><span class='ocrx_word' id='word_1_762' title='bbox 1827 4309 1947 4366; x_wconf 85' lang='lat' dir='ltr'><strong>dem</strong></span> <span class='ocrx_word' id='word_1_763' title='bbox 1979 4307 2108 4362; x_wconf 84' lang='lat' dir='ltr'><strong>dicit</strong></span> <span class='ocrx_word' id='word_1_764' title='bbox 2140 4322 2154 4359; x_wconf 96' lang='lat'><strong>:</strong></span> <span class='ocrx_word' id='word_1_765' title='bbox 2197 4303 2428 4372; x_wconf 88' lang='lat' dir='ltr'><strong>Spiritus</strong></span> <span class='ocrx_word' id='word_1_766' title='bbox 2468 4302 2681 4356; x_wconf 89' lang='lat' dir='ltr'><strong>Domini</strong></span> <span class='ocrx_word' id='word_1_767' title='bbox 2707 4315 2864 4367; x_wconf 89' lang='lat' dir='ltr'><strong>super</strong></span> <span class='ocrx_word' id='word_1_768' title='bbox 2892 4312 2993 4360; x_wconf 87' lang='lat' dir='ltr'><strong>me,</strong></span> <span class='ocrx_word' id='word_1_769' title='bbox 3035 4303 3244 4363; x_wconf 88' lang='lat' dir='ltr'><strong>propter</strong></span> <span class='ocrx_word' id='word_1_770' title='bbox 3267 4289 3407 4361; x_wconf 82' lang='lat' dir='ltr'><strong>quod</strong></span> 
     </span>
    </p>
   </div>
   <div class='ocr_carea' id='block_1_90' title="bbox 151 4383 1715 4506">
    <p class='ocr_par' dir='ltr' id='par_1_90' title="bbox 151 4383 1715 4489">
     <span class='ocr_line' id='line_1_90' title="bbox 151 4383 1715 4489; baseline -0.013 -15"><span class='ocrx_word' id='word_1_771' title='bbox 439 4383 660 4486; x_wconf 60' lang='grc' dir='ltr'><em>σοέρίας</em></span> <span class='ocrx_word' id='word_1_772' title='bbox 701 4383 798 4468; x_wconf 69' lang='lat' dir='ltr'><strong>real</strong></span> <span class='ocrx_word' id='word_1_773' title='bbox 851 4408 1180 4475; x_wconf 84' lang='grc' dir='ltr'><em>συνέσεως,</em></span> <span class='ocrx_word' id='word_1_774' title='bbox 1218 4405 1461 4475; x_wconf 80' lang='grc' dir='ltr'><em>Πνεῦμα</em></span> <span class='ocrx_word' id='word_1_775' title='bbox 1504 4401 1715 4469; x_wconf 74' lang='grc' dir='ltr'><em>βουλῆ.</em></span> 
     </span>
    </p>
   </div>
   <div class='ocr_carea' id='block_1_91' title="bbox 1812 4383 3409 4506">
    <p class='ocr_par' dir='ltr' id='par_1_91' title="bbox 1828 4383 3409 4461">
     <span class='ocr_line' id='line_1_91' title="bbox 1828 4383 3409 4461; baseline -0.011 -7"><span class='ocrx_word' id='word_1_776' title='bbox 1828 4398 1982 4455; x_wconf 60' lang='lat' dir='ltr'><strong>unxit</strong></span> <span class='ocrx_word' id='word_1_777' title='bbox 2013 4411 2133 4461; x_wconf 87' lang='lat' dir='ltr'><strong>me;</strong></span> <span class='ocrx_word' id='word_1_778' title='bbox 2173 4395 2318 4447; x_wconf 89' lang='lat' dir='ltr'><strong>misit</strong></span> <span class='ocrx_word' id='word_1_779' title='bbox 2357 4409 2440 4447; x_wconf 88' lang='lat' dir='ltr'><strong>me</strong></span> <span class='ocrx_word' id='word_1_780' title='bbox 2479 4400 2537 4445; x_wconf 91' lang='lat' dir='ltr'><strong>ut</strong></span> <span class='ocrx_word' id='word_1_781' title='bbox 2579 4389 2898 4460; x_wconf 86' lang='lat' dir='ltr'><strong>pauperibus</strong></span> <span class='ocrx_word' id='word_1_782' title='bbox 2931 4383 3351 4454; x_wconf 76' lang='lat' dir='ltr'><strong>euangelizarem</strong></span> <span class='ocrx_word' id='word_1_783' title='bbox 3388 4397 3409 4436; x_wconf 91' lang='lat'><strong>:</strong></span> 
     </span>
    </p>
   </div>
   <div class='ocr_carea' id='block_1_92' title="bbox 153 4475 1715 4580">
    <p class='ocr_par' dir='ltr' id='par_1_92' title="bbox 153 4475 1715 4580">
     <span class='ocr_line' id='line_1_92' title="bbox 153 4475 1715 4580; baseline -0.013 -13"><span class='ocrx_word' id='word_1_784' title='bbox 153 4515 245 4566; x_wconf 81' lang='grc' dir='ltr'><em>καὶ</em></span> <span class='ocrx_word' id='word_1_785' title='bbox 283 4475 536 4580; x_wconf 60' lang='grc' dir='ltr'><em>ἰσχύος,</em></span> <span class='ocrx_word' id='word_1_786' title='bbox 563 4475 806 4575; x_wconf 76' lang='grc' dir='ltr'><em>Πνεῦμα</em></span> <span class='ocrx_word' id='word_1_787' title='bbox 842 4501 1118 4573; x_wconf 75' lang='grc' dir='ltr'><em>γνώσεως</em></span> <span class='ocrx_word' id='word_1_788' title='bbox 1147 4499 1246 4555; x_wconf 78' lang='grc' dir='ltr'><em>καὶ</em></span> <span class='ocrx_word' id='word_1_789' title='bbox 1281 4497 1612 4562; x_wconf 81' lang='grc' dir='ltr'><em>εὐσεϐείας,</em></span> <span class='ocrx_word' id='word_1_790' title='bbox 1647 4511 1715 4549; x_wconf 83' lang='grc' dir='ltr'><em>κα</em></span> 
     </span>
    </p>
   </div>
   <div class='ocr_carea' id='block_1_93' title="bbox 1812 4475 3414 4580">
    <p class='ocr_par' dir='ltr' id='par_1_93' title="bbox 1828 4475 3414 4558">
     <span class='ocr_line' id='line_1_93' title="bbox 1828 4475 3414 4558; baseline -0.012 -13"><span class='ocrx_word' id='word_1_791' title='bbox 1828 4499 1887 4546; x_wconf 88' lang='lat' dir='ltr'><strong>ut</strong></span> <span class='ocrx_word' id='word_1_792' title='bbox 1939 4487 2280 4558; x_wconf 65' lang='lat' dir='ltr'><strong>praedicarem</strong></span> <span class='ocrx_word' id='word_1_793' title='bbox 2328 4484 2543 4551; x_wconf 85' lang='lat' dir='ltr'><strong>captivis</strong></span> <span class='ocrx_word' id='word_1_794' title='bbox 2593 4481 2984 4541; x_wconf 84' lang='lat' dir='ltr'><strong>remissionem,</strong></span> <span class='ocrx_word' id='word_1_795' title='bbox 3033 4486 3082 4531; x_wconf 92' lang='lat' dir='ltr'><strong>et</strong></span> <span class='ocrx_word' id='word_1_796' title='bbox 3123 4476 3276 4530; x_wconf 72' lang='lat' dir='ltr'><strong>crucis</strong></span> <span class='ocrx_word' id='word_1_797' title='bbox 3332 4475 3414 4528; x_wconf 83' lang='lat' dir='ltr'><strong>vi-</strong></span> 
     </span>
    </p>
   </div>
   <div class='ocr_carea' id='block_1_94' title="bbox 152 4567 1715 4675">
    <p class='ocr_par' dir='ltr' id='par_1_94' title="bbox 152 4567 1715 4675">
     <span class='ocr_line' id='line_1_94' title="bbox 152 4567 1715 4675; baseline -0.013 -16"><span class='ocrx_word' id='word_1_798' title='bbox 152 4567 453 4675; x_wconf 62' lang='grc' dir='ltr'><em>ἑμπλήσει</em></span> <span class='ocrx_word' id='word_1_799' title='bbox 482 4567 675 4656; x_wconf 71' lang='grc' dir='ltr'><em>αὑτὸν</em></span> <span class='ocrx_word' id='word_1_800' title='bbox 705 4567 951 4668; x_wconf 84' lang='grc' dir='ltr'><em>Πνεῦμα</em></span> <span class='ocrx_word' id='word_1_801' title='bbox 1000 4594 1190 4664; x_wconf 71' lang='grc' dir='ltr'><em>φόϐου</em></span> <span class='ocrx_word' id='word_1_802' title='bbox 1237 4590 1428 4646; x_wconf 83' lang='grc' dir='ltr'><em>Θεοῦ·</em></span> <span class='ocrx_word' id='word_1_803' title='bbox 1477 4587 1594 4650; x_wconf 84' lang='grc' dir='ltr'><strong>πῶς</strong></span> <span class='ocrx_word' id='word_1_804' title='bbox 1642 4603 1715 4656; x_wconf 86' lang='grc' dir='ltr'><strong>χω</strong></span> 
     </span>
    </p>
   </div>
   <div class='ocr_carea' id='block_1_95' title="bbox 1812 4567 3413 4675">
    <p class='ocr_par' dir='ltr' id='par_1_95' title="bbox 1828 4567 3413 4648">
     <span class='ocr_line' id='line_1_95' title="bbox 1828 4567 3413 4648; baseline -0.013 -12"><span class='ocrx_word' id='word_1_805' title='bbox 1828 4595 1943 4636; x_wconf 86' lang='lat' dir='ltr'><strong>sum</strong></span> <span class='ocrx_word' id='word_1_806' title='bbox 1969 4587 2010 4618; x_wconf 74' lang='grc' dir='ltr'><em>ιε</em></span> <span class='ocrx_word' id='word_1_807' title='bbox 2043 4594 2057 4628; x_wconf 89' lang='lat'><strong>:</strong></span> <span class='ocrx_word' id='word_1_808' title='bbox 2084 4575 2356 4648; x_wconf 88' lang='lat' dir='ltr'><strong>quomodo</strong></span> <span class='ocrx_word' id='word_1_809' title='bbox 2381 4572 2646 4642; x_wconf 82' lang='lat' dir='ltr'><strong>separabo</strong></span> <span class='ocrx_word' id='word_1_810' title='bbox 2672 4567 2962 4638; x_wconf 81' lang='lat' dir='ltr'><strong>Spiritum?</strong></span> <span class='ocrx_word' id='word_1_811' title='bbox 2987 4567 3053 4621; x_wconf 89' lang='lat' dir='ltr'><strong>Et</strong></span> <span class='ocrx_word' id='word_1_812' title='bbox 3076 4575 3413 4634; x_wconf 59' lang='lat' dir='ltr'><strong>quaecunque</strong></span> 
     </span>
    </p>
   </div>
   <div class='ocr_carea' id='block_1_96' title="bbox 156 4653 1715 4768">
    <p class='ocr_par' dir='ltr' id='par_1_96' title="bbox 156 4653 1715 4768">
     <span class='ocr_line' id='line_1_96' title="bbox 156 4653 1715 4768; baseline -0.014 -18"><span class='ocrx_word' id='word_1_813' title='bbox 156 4653 712 4768; x_wconf 31' lang='grc' dir='ltr'><strong>ἆξξιῖ”ἶενδνή⁷ῥέῡμᾲ;</strong></span> <span class='ocrx_word' id='word_1_814' title='bbox 762 4653 887 4742; x_wconf 51' lang='grc' dir='ltr'><strong>Ἐἀῦ</strong></span> <span class='ocrx_word' id='word_1_815' title='bbox 925 4653 1195 4755; x_wconf 51' lang='grc' dir='ltr'>δὲ’λέγῃ·</span> <span class='ocrx_word' id='word_1_816' title='bbox 1240 4679 1484 4749; x_wconf 87' lang='grc' dir='ltr'><em>Πνεῦμα</em></span> <span class='ocrx_word' id='word_1_817' title='bbox 1525 4653 1715 4744; x_wconf 63' lang='grc' dir='ltr'><em>Κυρίοί</em></span> 
     </span>
    </p>
   </div>
   <div class='ocr_carea' id='block_1_97' title="bbox 1812 4653 3412 4768">
    <p class='ocr_par' dir='ltr' id='par_1_97' title="bbox 1829 4653 3412 4768">
     <span class='ocr_line' id='line_1_97' title="bbox 1829 4653 3412 4727; baseline -0.012 -2"><span class='ocrx_word' id='word_1_818' title='bbox 1829 4671 1956 4727; x_wconf 90' lang='lat' dir='ltr'><strong>licet</strong></span> <span class='ocrx_word' id='word_1_819' title='bbox 1989 4684 2112 4724; x_wconf 90' lang='lat' dir='ltr'><strong>cum</strong></span> <span class='ocrx_word' id='word_1_820' title='bbox 2159 4666 2336 4721; x_wconf 87' lang='lat' dir='ltr'><strong>studio</strong></span> <span class='ocrx_word' id='word_1_821' title='bbox 2377 4678 2443 4720; x_wconf 75' lang='lat' dir='ltr'><strong>ac</strong></span> <span class='ocrx_word' id='word_1_822' title='bbox 2484 4661 2668 4717; x_wconf 89' lang='lat' dir='ltr'><strong>labore</strong></span> <span class='ocrx_word' id='word_1_823' title='bbox 2712 4659 2955 4716; x_wconf 84' lang='lat' dir='ltr'><strong>invenire</strong></span> <span class='ocrx_word' id='word_1_824' title='bbox 2995 4667 3106 4711; x_wconf 91' lang='lat' dir='ltr'><strong>tum</strong></span> <span class='ocrx_word' id='word_1_825' title='bbox 3155 4670 3185 4710; x_wconf 91' lang='lat' dir='ltr'><strong>e</strong></span> <span class='ocrx_word' id='word_1_826' title='bbox 3231 4653 3412 4708; x_wconf 84' lang='lat' dir='ltr'><strong>Veteri</strong></span> 
     </span>
     <span class='ocr_line' id='line_1_98' title="bbox 1836 4746 3409 4768; baseline -0.012 8"><span class='ocrx_word' id='word_1_827' title='bbox 1836 4765 1864 4768; x_wconf 90' lang='lat'>_</span> <span class='ocrx_word' id='word_1_828' title='bbox 1938 4765 1948 4768; x_wconf 93' lang='lat'><strong>-</strong></span> <span class='ocrx_word' id='word_1_829' title='bbox 2400 4755 2440 4768; x_wconf 74' lang='lat'><strong>-.</strong></span> <span class='ocrx_word' id='word_1_830' title='bbox 2595 4752 2638 4768; x_wconf 75' lang='grc' dir='ltr'><strong>η.</strong></span> <span class='ocrx_word' id='word_1_831' title='bbox 2710 4763 2746 4768; x_wconf 28' lang='grc' dir='ltr'><em>,ν</em></span> <span class='ocrx_word' id='word_1_832' title='bbox 3011 4750 3064 4768; x_wconf 60' lang='grc'><strong>,,</strong></span> <span class='ocrx_word' id='word_1_833' title='bbox 3116 4746 3319 4768; x_wconf 52' lang='lat' dir='ltr'><strong>a_,_,,__</strong></span> <span class='ocrx_word' id='word_1_834' title='bbox 3362 4752 3409 4768; x_wconf 73' lang='lat'><strong>_,</strong></span> 
     </span>
    </p>
   </div>
   <div class='ocr_carea' id='block_1_98' title="bbox 153 4746 1715 4854">
    <p class='ocr_par' dir='ltr' id='par_1_98' title="bbox 153 4746 1715 4854">
     <span class='ocr_line' id='line_1_99' title="bbox 153 4746 1715 4854; baseline -0.013 -15"><span class='ocrx_word' id='word_1_835' title='bbox 153 4746 417 4854; x_wconf 29' lang='lat' dir='ltr'><strong>istem,</strong></span> <span class='ocrx_word' id='word_1_836' title='bbox 454 4778 525 4838; x_wconf 83' lang='grc' dir='ltr'><strong>οὗ</strong></span> <span class='ocrx_word' id='word_1_837' title='bbox 567 4746 800 4834; x_wconf 58' lang='lat' dir='ltr'><strong>circiter</strong></span> <span class='ocrx_word' id='word_1_838' title='bbox 842 4773 1052 4846; x_wconf 79' lang='grc' dir='ltr'><strong>ἐχρισέ</strong></span> <span class='ocrx_word' id='word_1_839' title='bbox 1243 4746 1715 4840; x_wconf 67' lang='grc' dir='ltr'><em>εὐαγγελίσασθο</em></span> 
     </span>
    </p>
   </div>
   <div class='ocr_carea' id='block_1_99' title="bbox 1812 4746 3415 4854">
    <p class='ocr_par' dir='ltr' id='par_1_99' title="bbox 1832 4746 3415 4832">
     <span class='ocr_line' id='line_1_100' title="bbox 1832 4746 3415 4832; baseline -0.013 -14"><span class='ocrx_word' id='word_1_840' title='bbox 1832 4765 2137 4832; x_wconf 87' lang='lat' dir='ltr'><strong>Scriptura,</strong></span> <span class='ocrx_word' id='word_1_841' title='bbox 2170 4768 2280 4814; x_wconf 89' lang='lat' dir='ltr'><strong>tum</strong></span> <span class='ocrx_word' id='word_1_842' title='bbox 2326 4773 2357 4812; x_wconf 92' lang='lat' dir='ltr'><strong>e</strong></span> <span class='ocrx_word' id='word_1_843' title='bbox 2399 4755 2550 4811; x_wconf 72' lang='lat' dir='ltr'><strong>Novo</strong></span> <span class='ocrx_word' id='word_1_844' title='bbox 2595 4752 2968 4813; x_wconf 83' lang='lat' dir='ltr'><strong>Testamento,</strong></span> <span class='ocrx_word' id='word_1_845' title='bbox 3003 4750 3069 4803; x_wconf 91' lang='lat' dir='ltr'><strong>de</strong></span> <span class='ocrx_word' id='word_1_846' title='bbox 3116 4746 3320 4815; x_wconf 88' lang='lat' dir='ltr'><strong>Spiritu</strong></span> <span class='ocrx_word' id='word_1_847' title='bbox 3359 4752 3415 4799; x_wconf 90' lang='lat' dir='ltr'><strong>et</strong></span> 
     </span>
    </p>
   </div>
   <div class='ocr_carea' id='block_1_100' title="bbox 157 4839 1715 4948">
    <p class='ocr_par' dir='ltr' id='par_1_100' title="bbox 157 4839 1714 4948">
     <span class='ocr_line' id='line_1_101' title="bbox 157 4839 1714 4948; baseline -0.012 -19"><span class='ocrx_word' id='word_1_848' title='bbox 157 4839 417 4948; x_wconf 60' lang='grc' dir='ltr'><strong>πτωλξοῖςἰ</strong></span> <span class='ocrx_word' id='word_1_849' title='bbox 470 4871 815 4928; x_wconf 78' lang='grc' dir='ltr'><em>ἀπέσταλκέ</em></span> <span class='ocrx_word' id='word_1_850' title='bbox 1051 4839 1306 4934; x_wconf 58' lang='grc' dir='ltr'><strong>κὴρύξαι</strong></span> <span class='ocrx_word' id='word_1_851' title='bbox 1355 4839 1714 4932; x_wconf 73' lang='grc' dir='ltr'><em>αὶχιιαλὼτοι</em></span> 
     </span>
    </p>
   </div>
   <div class='ocr_carea' id='block_1_101' title="bbox 1812 4839 3412 4948">
    <p class='ocr_par' dir='ltr' id='par_1_101' title="bbox 1833 4839 3412 4917">
     <span class='ocr_line' id='line_1_102' title="bbox 1833 4839 3412 4917; baseline -0.015 -6"><span class='ocrx_word' id='word_1_852' title='bbox 1833 4855 1970 4911; x_wconf 86' lang='lat' dir='ltr'><strong>Filio</strong></span> <span class='ocrx_word' id='word_1_853' title='bbox 2000 4863 2054 4909; x_wconf 87' lang='lat' dir='ltr'><strong>et</strong></span> <span class='ocrx_word' id='word_1_854' title='bbox 2094 4851 2274 4905; x_wconf 86' lang='lat' dir='ltr'><strong>Patre.</strong></span> <span class='ocrx_word' id='word_1_855' title='bbox 2306 4848 2430 4914; x_wconf 84' lang='lat' dir='ltr'><strong>Ave,</strong></span> <span class='ocrx_word' id='word_1_856' title='bbox 2472 4846 2645 4917; x_wconf 89' lang='lat' dir='ltr'><strong>gratia</strong></span> <span class='ocrx_word' id='word_1_857' title='bbox 2687 4842 2864 4913; x_wconf 86' lang='lat' dir='ltr'><strong>plena,</strong></span> <span class='ocrx_word' id='word_1_858' title='bbox 2903 4839 3160 4894; x_wconf 84' lang='lat' dir='ltr'><strong>Dominus</strong></span> <span class='ocrx_word' id='word_1_859' title='bbox 3191 4846 3361 4890; x_wconf 87' lang='lat' dir='ltr'><strong>tecum</strong></span> <span class='ocrx_word' id='word_1_860' title='bbox 3393 4849 3412 4888; x_wconf 91' lang='lat'><strong>:</strong></span> 
     </span>
    </p>
   </div>
   <div class='ocr_carea' id='block_1_102' title="bbox 159 4929 1715 5040">
    <p class='ocr_par' dir='ltr' id='par_1_102' title="bbox 159 4929 1715 5040">
     <span class='ocr_line' id='line_1_103' title="bbox 207 4929 1465 4948; baseline -0.001 -17"><span class='ocrx_word' id='word_1_861' title='bbox 391 4929 407 4942; x_wconf 79' lang='grc'><strong>,</strong></span> <span class='ocrx_word' id='word_1_862' title='bbox 876 4929 894 4938; x_wconf 85' lang='grc'><strong>,</strong></span> <span class='ocrx_word' id='word_1_863' title='bbox 973 4929 982 4932; x_wconf 66' lang='grc'><strong>,</strong></span> <span class='ocrx_word' id='word_1_864' title='bbox 1114 4929 1140 4934; x_wconf 82' lang='lat'>_</span> 
     </span>
     <span class='ocr_line' id='line_1_104' title="bbox 159 4954 1715 5040; baseline 0.001 -20"><span class='ocrx_word' id='word_1_865' title='bbox 159 4971 400 5040; x_wconf 52' lang='grc' dir='ltr'><em>ἄφεσιν,</em></span> <span class='ocrx_word' id='word_1_866' title='bbox 441 4968 542 5022; x_wconf 72' lang='grc' dir='ltr'><em>καί</em></span> <span class='ocrx_word' id='word_1_867' title='bbox 593 4964 847 5034; x_wconf 70' lang='grc' dir='ltr'><em>τυφλοῖς</em></span> <span class='ocrx_word' id='word_1_868' title='bbox 880 4961 1251 5028; x_wconf 77' lang='grc' dir='ltr'><em>ἀνάϐλεψιν·</em></span> <span class='ocrx_word' id='word_1_869' title='bbox 1287 4956 1403 5020; x_wconf 81' lang='grc' dir='ltr'><strong>πῶς</strong></span> <span class='ocrx_word' id='word_1_870' title='bbox 1437 4954 1659 5026; x_wconf 87' lang='grc' dir='ltr'><strong>χωρίσω</strong></span> <span class='ocrx_word' id='word_1_871' title='bbox 1691 4969 1715 5004; x_wconf 81' lang='grc' dir='ltr'>τ</span> 
     </span>
    </p>
   </div>
   <div class='ocr_carea' id='block_1_103' title="bbox 1812 4929 3418 5040">
    <p class='ocr_par' dir='ltr' id='par_1_103' title="bbox 1831 4929 3418 5040">
     <span class='ocr_line' id='line_1_105' title="bbox 1831 4929 3418 5007; baseline -0.016 -1"><span class='ocrx_word' id='word_1_872' title='bbox 1831 4965 1946 5006; x_wconf 87' lang='lat' dir='ltr'><strong>ecce</strong></span> <span class='ocrx_word' id='word_1_873' title='bbox 1975 4949 2112 5003; x_wconf 89' lang='lat' dir='ltr'><strong>enim</strong></span> <span class='ocrx_word' id='word_1_874' title='bbox 2140 4945 2400 5007; x_wconf 84' lang='lat' dir='ltr'><strong>concipies</strong></span> <span class='ocrx_word' id='word_1_875' title='bbox 2431 4943 2485 4996; x_wconf 88' lang='lat' dir='ltr'><strong>in</strong></span> <span class='ocrx_word' id='word_1_876' title='bbox 2522 4950 2700 5002; x_wconf 89' lang='lat' dir='ltr'><strong>utero,</strong></span> <span class='ocrx_word' id='word_1_877' title='bbox 2748 4947 2795 4990; x_wconf 90' lang='lat' dir='ltr'><strong>et</strong></span> <span class='ocrx_word' id='word_1_878' title='bbox 2826 4935 3000 5004; x_wconf 86' lang='lat' dir='ltr'><strong>paries</strong></span> <span class='ocrx_word' id='word_1_879' title='bbox 3039 4931 3209 5001; x_wconf 85' lang='lat' dir='ltr'><strong>ﬁlium</strong></span> <span class='ocrx_word' id='word_1_880' title='bbox 3250 4931 3310 4984; x_wconf 83' lang='lat'><strong>&quot;.</strong></span> <span class='ocrx_word' id='word_1_881' title='bbox 3348 4929 3418 4982; x_wconf 87' lang='lat' dir='ltr'><strong>Et</strong></span> 
     </span>
     <span class='ocr_line' id='line_1_106' title="bbox 2021 5017 3384 5040; baseline 0 0"><span class='ocrx_word' id='word_1_882' title='bbox 2021 5036 2068 5040; x_wconf 87' lang='lat'><strong>___</strong></span> <span class='ocrx_word' id='word_1_883' title='bbox 2139 5035 2151 5040; x_wconf 81' lang='lat'><strong>-</strong></span> <span class='ocrx_word' id='word_1_884' title='bbox 2260 5035 2291 5040; x_wconf 84' lang='grc'><strong>--</strong></span> <span class='ocrx_word' id='word_1_885' title='bbox 2575 5029 2610 5040; x_wconf 80' lang='grc' dir='ltr'><strong>Λ</strong></span> <span class='ocrx_word' id='word_1_886' title='bbox 2797 5028 2808 5040; x_wconf 77' lang='grc' dir='ltr'><em>ι</em></span> <span class='ocrx_word' id='word_1_887' title='bbox 3031 5039 3040 5040; x_wconf 32' lang='grc' dir='ltr'><em>κ</em></span> <span class='ocrx_word' id='word_1_888' title='bbox 3095 5039 3098 5040; x_wconf 67' lang='lat'>,</span> <span class='ocrx_word' id='word_1_889' title='bbox 3150 5038 3189 5040; x_wconf 32' lang='grc' dir='ltr'><strong>γη</strong></span> <span class='ocrx_word' id='word_1_890' title='bbox 3247 5017 3384 5040; x_wconf 68' lang='grc'><strong>3-,--.1</strong></span> 
     </span>
    </p>
   </div>
   <div class='ocr_carea' id='block_1_104' title="bbox 160 5017 1715 5132">
    <p class='ocr_par' dir='ltr' id='par_1_104' title="bbox 160 5017 1715 5132">
     <span class='ocr_line' id='line_1_107' title="bbox 160 5017 1715 5132; baseline -0.013 -17"><span class='ocrx_word' id='word_1_891' title='bbox 160 5017 424 5132; x_wconf 45' lang='grc' dir='ltr'><em>Πῗεῦμίς</em></span> <span class='ocrx_word' id='word_1_892' title='bbox 461 5017 570 5112; x_wconf 46' lang='lat' dir='ltr'><strong>lict!</strong></span> <span class='ocrx_word' id='word_1_893' title='bbox 601 5017 1053 5126; x_wconf 14' lang='grc' dir='ltr'><strong>ῦσαήφιλοπὸνως</strong></span> <span class='ocrx_word' id='word_1_894' title='bbox 1097 5017 1319 5104; x_wconf 68' lang='grc' dir='ltr'><em>δυνατὸν</em></span> <span class='ocrx_word' id='word_1_895' title='bbox 1343 5017 1585 5115; x_wconf 60' lang='grc' dir='ltr'>ἀᾷτιῖτῆς</span> <span class='ocrx_word' id='word_1_896' title='bbox 1615 5045 1654 5096; x_wconf 89' lang='grc' dir='ltr'><strong>Γ</strong></span> <span class='ocrx_word' id='word_1_897' title='bbox 1659 5061 1715 5116; x_wconf 86' lang='grc' dir='ltr'>ρο</span> 
     </span>
    </p>
   </div>
   <div class='ocr_carea' id='block_1_105' title="bbox 1812 5017 3418 5132">
    <p class='ocr_par' dir='ltr' id='par_1_105' title="bbox 1834 5017 3418 5132">
     <span class='ocr_line' id='line_1_108' title="bbox 1834 5017 3418 5094; baseline -0.016 1"><span class='ocrx_word' id='word_1_898' title='bbox 1834 5056 1956 5094; x_wconf 89' lang='lat' dir='ltr'><strong>cum</strong></span> <span class='ocrx_word' id='word_1_899' title='bbox 2019 5035 2190 5091; x_wconf 88' lang='lat' dir='ltr'><strong>Maria</strong></span> <span class='ocrx_word' id='word_1_900' title='bbox 2243 5035 2444 5090; x_wconf 88' lang='lat' dir='ltr'><strong>diceret</strong></span> <span class='ocrx_word' id='word_1_901' title='bbox 2489 5049 2502 5086; x_wconf 92' lang='lat'><strong>:</strong></span> <span class='ocrx_word' id='word_1_902' title='bbox 2569 5028 2841 5094; x_wconf 83' lang='lat' dir='ltr'><strong>Quomodo</strong></span> <span class='ocrx_word' id='word_1_903' title='bbox 2887 5038 3195 5093; x_wconf 84' lang='lat' dir='ltr'><strong>cognoscam</strong></span> <span class='ocrx_word' id='word_1_904' title='bbox 3241 5017 3418 5082; x_wconf 80' lang='lat' dir='ltr'><strong>istud,</strong></span> 
     </span>
     <span class='ocr_line' id='line_1_109' title="bbox 2007 5110 3414 5132; baseline -0.016 9"><span class='ocrx_word' id='word_1_905' title='bbox 2007 5130 2014 5132; x_wconf 74' lang='lat'>.</span> <span class='ocrx_word' id='word_1_906' title='bbox 2131 5127 2176 5132; x_wconf 88' lang='lat'><strong>--</strong></span> <span class='ocrx_word' id='word_1_907' title='bbox 2319 5126 2331 5132; x_wconf 91' lang='lat'><strong>-</strong></span> <span class='ocrx_word' id='word_1_908' title='bbox 2881 5116 2902 5132; x_wconf 83' lang='grc'><strong>,,</strong></span> <span class='ocrx_word' id='word_1_909' title='bbox 3154 5110 3372 5132; x_wconf 33' lang='lat' dir='ltr'><strong>an,“</strong></span> <span class='ocrx_word' id='word_1_910' title='bbox 3401 5125 3414 5132; x_wconf 31' lang='lat' dir='ltr'><strong>A</strong></span> 
     </span>
    </p>
   </div>
   <div class='ocr_carea' id='block_1_106' title="bbox 163 5110 1715 5225">
    <p class='ocr_par' dir='ltr' id='par_1_106' title="bbox 163 5136 1715 5225">
     <span class='ocr_line' id='line_1_110' title="bbox 163 5136 1715 5225; baseline -0.014 -17"><span class='ocrx_word' id='word_1_911' title='bbox 163 5155 264 5225; x_wconf 70' lang='grc' dir='ltr'><strong>φῆς</strong></span> <span class='ocrx_word' id='word_1_912' title='bbox 293 5154 396 5224; x_wconf 80' lang='grc' dir='ltr'><strong>τῆς</strong></span> <span class='ocrx_word' id='word_1_913' title='bbox 425 5169 484 5206; x_wconf 83' lang='grc' dir='ltr'><em>τε</em></span> <span class='ocrx_word' id='word_1_914' title='bbox 515 5150 760 5212; x_wconf 80' lang='grc' dir='ltr'><em>Παλαιᾶς</em></span> <span class='ocrx_word' id='word_1_915' title='bbox 938 5147 1118 5216; x_wconf 80' lang='grc' dir='ltr'><strong>εὑρεῖν</strong></span> <span class='ocrx_word' id='word_1_916' title='bbox 1150 5143 1245 5196; x_wconf 79' lang='grc' dir='ltr'><strong>καὶ</strong></span> <span class='ocrx_word' id='word_1_917' title='bbox 1284 5140 1392 5194; x_wconf 84' lang='grc' dir='ltr'><strong>ἀπὸ</strong></span> <span class='ocrx_word' id='word_1_918' title='bbox 1423 5139 1522 5210; x_wconf 78' lang='grc' dir='ltr'><strong>τῆς</strong></span> <span class='ocrx_word' id='word_1_919' title='bbox 1548 5136 1715 5206; x_wconf 82' lang='grc' dir='ltr'><strong>Καινῆ</strong></span> 
     </span>
    </p>
   </div>
   <div class='ocr_carea' id='block_1_107' title="bbox 1812 5110 3415 5225">
    <p class='ocr_par' dir='ltr' id='par_1_107' title="bbox 1836 5110 3415 5225">
     <span class='ocr_line' id='line_1_111' title="bbox 1836 5110 3415 5202; baseline -0.014 -18"><span class='ocrx_word' id='word_1_920' title='bbox 1836 5127 2260 5202; x_wconf 88' lang='lat' dir='ltr'><strong>quandoquidem</strong></span> <span class='ocrx_word' id='word_1_921' title='bbox 2284 5126 2450 5180; x_wconf 83' lang='lat' dir='ltr'><strong>virum</strong></span> <span class='ocrx_word' id='word_1_922' title='bbox 2479 5138 2581 5176; x_wconf 88' lang='lat' dir='ltr'><strong>non</strong></span> <span class='ocrx_word' id='word_1_923' title='bbox 2605 5134 2860 5191; x_wconf 86' lang='lat' dir='ltr'><strong>cognosco</strong></span> <span class='ocrx_word' id='word_1_924' title='bbox 2879 5116 2902 5170; x_wconf 73' lang='lat'><strong>.9</strong></span> <span class='ocrx_word' id='word_1_925' title='bbox 2923 5115 3054 5170; x_wconf 90' lang='lat' dir='ltr'><strong>dicit</strong></span> <span class='ocrx_word' id='word_1_926' title='bbox 3079 5114 3125 5167; x_wconf 87' lang='lat' dir='ltr'><strong>ei</strong></span> <span class='ocrx_word' id='word_1_927' title='bbox 3150 5110 3372 5181; x_wconf 81' lang='lat' dir='ltr'><strong>angelus</strong></span> <span class='ocrx_word' id='word_1_928' title='bbox 3401 5125 3415 5162; x_wconf 92' lang='lat'><strong>:</strong></span> 
     </span>
     <span class='ocr_line' id='line_1_112' title="bbox 2606 5201 3415 5225; baseline 0 0"><span class='ocrx_word' id='word_1_929' title='bbox 2606 5214 2616 5225; x_wconf 73' lang='grc' dir='ltr'><strong>ο</strong></span> <span class='ocrx_word' id='word_1_930' title='bbox 2658 5223 2663 5225; x_wconf 30' lang='grc' dir='ltr'><em>Α</em></span> <span class='ocrx_word' id='word_1_931' title='bbox 2697 5213 2706 5222; x_wconf 77' lang='grc'><strong>1</strong></span> <span class='ocrx_word' id='word_1_932' title='bbox 2787 5219 2798 5225; x_wconf 82' lang='lat'>_</span> <span class='ocrx_word' id='word_1_933' title='bbox 2917 5218 2927 5225; x_wconf 87' lang='lat'><em>.</em></span> <span class='ocrx_word' id='word_1_934' title='bbox 2965 5207 3005 5225; x_wconf 63' lang='lat'><strong><em>,9</em></strong></span> <span class='ocrx_word' id='word_1_935' title='bbox 3029 5217 3122 5225; x_wconf 63' lang='lat'>,.__-</span> <span class='ocrx_word' id='word_1_936' title='bbox 3178 5201 3415 5225; x_wconf 74' lang='lat' dir='ltr'><strong>Ah:--.&#39;-...&#39;</strong></span> 
     </span>
    </p>
   </div>
   <div class='ocr_carea' id='block_1_108' title="bbox 163 5226 1758 5315">
    <p class='ocr_par' dir='ltr' id='par_1_108' title="bbox 163 5226 1758 5315">
     <span class='ocr_line' id='line_1_113' title="bbox 163 5226 1758 5315; baseline -0.011 -19"><span class='ocrx_word' id='word_1_937' title='bbox 163 5263 218 5298; x_wconf 84' lang='grc' dir='ltr'><em>τε</em></span> <span class='ocrx_word' id='word_1_938' title='bbox 248 5244 529 5315; x_wconf 75' lang='grc' dir='ltr'><strong>Διαθήκης</strong></span> <span class='ocrx_word' id='word_1_939' title='bbox 580 5241 709 5313; x_wconf 63' lang='grc' dir='ltr'><strong>περὶ¹</strong></span> <span class='ocrx_word' id='word_1_940' title='bbox 750 5238 842 5294; x_wconf 77' lang='grc' dir='ltr'><strong>τοῦ</strong></span> <span class='ocrx_word' id='word_1_941' title='bbox 876 5236 1197 5308; x_wconf 80' lang='grc' dir='ltr'><em>Πνεύματος</em></span> <span class='ocrx_word' id='word_1_942' title='bbox 1243 5232 1336 5286; x_wconf 80' lang='grc' dir='ltr'><strong>καὶ</strong></span> <span class='ocrx_word' id='word_1_943' title='bbox 1379 5230 1472 5284; x_wconf 81' lang='grc' dir='ltr'><strong>τοῦ</strong></span> <span class='ocrx_word' id='word_1_944' title='bbox 1503 5227 1632 5282; x_wconf 79' lang='grc' dir='ltr'><strong>Υἰοῢ</strong></span> <span class='ocrx_word' id='word_1_945' title='bbox 1662 5226 1758 5280; x_wconf 75' lang='grc' dir='ltr'><strong>καὶ</strong></span> 
     </span>
    </p>
   </div>
   <div class='ocr_carea' id='block_1_109' title="bbox 164 5315 1759 5404">
    <p class='ocr_par' dir='ltr' id='par_1_109' title="bbox 164 5315 1759 5404">
     <span class='ocr_line' id='line_1_114' title="bbox 164 5315 1759 5404; baseline -0.012 -16"><span class='ocrx_word' id='word_1_946' title='bbox 164 5335 254 5388; x_wconf 81' lang='grc' dir='ltr'><em>τοῦ</em></span> <span class='ocrx_word' id='word_1_947' title='bbox 285 5333 520 5404; x_wconf 76' lang='grc' dir='ltr'><em>Πατρός.</em></span> <span class='ocrx_word' id='word_1_948' title='bbox 559 5331 756 5398; x_wconf 76' lang='grc' dir='ltr'><em>Χαῖρε,</em></span> <span class='ocrx_word' id='word_1_949' title='bbox 807 5325 1269 5398; x_wconf 82' lang='grc' dir='ltr'><em>κεχαριτωμένη.</em></span> <span class='ocrx_word' id='word_1_950' title='bbox 1305 5325 1336 5376; x_wconf 88' lang='grc' dir='ltr'><em>ό</em></span> <span class='ocrx_word' id='word_1_951' title='bbox 1363 5321 1580 5388; x_wconf 82' lang='grc' dir='ltr'><em>Κύριος</em></span> <span class='ocrx_word' id='word_1_952' title='bbox 1607 5315 1759 5387; x_wconf 84' lang='grc' dir='ltr'><em>μετὰ</em></span> 
     </span>
    </p>
   </div>
   <div class='ocr_carea' id='block_1_110' title="bbox 167 5410 1757 5495">
    <p class='ocr_par' dir='ltr' id='par_1_110' title="bbox 167 5410 1757 5495">
     <span class='ocr_line' id='line_1_115' title="bbox 167 5410 1757 5495; baseline -0.014 -12"><span class='ocrx_word' id='word_1_953' title='bbox 167 5427 282 5482; x_wconf 86' lang='grc' dir='ltr'><strong>σοῦ</strong></span> <span class='ocrx_word' id='word_1_954' title='bbox 300 5445 314 5458; x_wconf 74' lang='grc' dir='ltr'><strong>ο</strong></span> <span class='ocrx_word' id='word_1_955' title='bbox 355 5425 483 5480; x_wconf 70' lang='grc' dir='ltr'><strong>ἰδοὺ</strong></span> <span class='ocrx_word' id='word_1_956' title='bbox 509 5425 618 5495; x_wconf 78' lang='grc' dir='ltr'><strong>γὰρ</strong></span> <span class='ocrx_word' id='word_1_957' title='bbox 641 5422 936 5490; x_wconf 50' lang='lat' dir='ltr'><strong>meum”</strong></span> <span class='ocrx_word' id='word_1_958' title='bbox 963 5420 1033 5473; x_wconf 87' lang='grc' dir='ltr'><em>ἐν</em></span> <span class='ocrx_word' id='word_1_959' title='bbox 1056 5416 1291 5488; x_wconf 75' lang='grc' dir='ltr'><em>γαστρὶ,</em></span> <span class='ocrx_word' id='word_1_960' title='bbox 1321 5414 1420 5468; x_wconf 78' lang='grc' dir='ltr'><strong>καὶ</strong></span> <span class='ocrx_word' id='word_1_961' title='bbox 1441 5411 1583 5480; x_wconf 80' lang='grc' dir='ltr'>τέξῃ</span> <span class='ocrx_word' id='word_1_962' title='bbox 1603 5410 1757 5463; x_wconf 83' lang='grc' dir='ltr'><em>υιόν.</em></span> 
     </span>
    </p>
   </div>
   <div class='ocr_carea' id='block_1_111' title="bbox 170 5504 1758 5591">
    <p class='ocr_par' dir='ltr' id='par_1_111' title="bbox 170 5504 1758 5591">
     <span class='ocr_line' id='line_1_116' title="bbox 170 5504 1758 5591; baseline -0.011 -16"><span class='ocrx_word' id='word_1_963' title='bbox 170 5522 280 5575; x_wconf 74' lang='grc' dir='ltr'><strong>Καὶ</strong></span> <span class='ocrx_word' id='word_1_964' title='bbox 300 5520 400 5588; x_wconf 83' lang='grc' dir='ltr'><strong>τῆς</strong></span> <span class='ocrx_word' id='word_1_965' title='bbox 421 5519 639 5591; x_wconf 77' lang='grc' dir='ltr'><em>Μαρίας</em></span> <span class='ocrx_word' id='word_1_966' title='bbox 662 5517 948 5586; x_wconf 78' lang='grc' dir='ltr'><strong>λεγούσης·</strong></span> <span class='ocrx_word' id='word_1_967' title='bbox 973 5514 1134 5567; x_wconf 86' lang='grc' dir='ltr'><em>Κατὰ</em></span> <span class='ocrx_word' id='word_1_968' title='bbox 1157 5512 1212 5579; x_wconf 80' lang='grc' dir='ltr'><em>τί</em></span> <span class='ocrx_word' id='word_1_969' title='bbox 1233 5508 1536 5578; x_wconf 71' lang='grc' dir='ltr'><em>γνώσομαι</em></span> <span class='ocrx_word' id='word_1_970' title='bbox 1559 5504 1758 5566; x_wconf 88' lang='grc' dir='ltr'><em>τοῦτο,</em></span> 
     </span>
    </p>
   </div>
   <div class='ocr_carea' id='block_1_112' title="bbox 247 5680 1225 5750">
    <p class='ocr_par' dir='ltr' id='par_1_112' title="bbox 247 5680 1225 5750">
     <span class='ocr_line' id='line_1_117' title="bbox 247 5680 1225 5750; baseline -0.011 -6"><span class='ocrx_word' id='word_1_971' title='bbox 247 5692 261 5722; x_wconf 80' lang='grc'>¹</span> <span class='ocrx_word' id='word_1_972' title='bbox 294 5689 433 5743; x_wconf 65' lang='lat' dir='ltr'><strong>Gen.</strong></span> <span class='ocrx_word' id='word_1_973' title='bbox 465 5703 576 5750; x_wconf 72' lang='lat' dir='ltr'><strong>xix,</strong></span> <span class='ocrx_word' id='word_1_974' title='bbox 601 5686 690 5741; x_wconf 68' lang='lat'><strong>‘24.</strong></span> <span class='ocrx_word' id='word_1_975' title='bbox 767 5686 788 5716; x_wconf 76' lang='grc'><em>³</em></span> <span class='ocrx_word' id='word_1_976' title='bbox 824 5681 868 5736; x_wconf 85' lang='grc'><strong>11</strong></span> <span class='ocrx_word' id='word_1_977' title='bbox 899 5680 1039 5735; x_wconf 87' lang='lat' dir='ltr'><strong>Tim.</strong></span> <span class='ocrx_word' id='word_1_978' title='bbox 1073 5695 1110 5745; x_wconf 85' lang='grc'><em>1,</em></span> <span class='ocrx_word' id='word_1_979' title='bbox 1139 5681 1225 5737; x_wconf 78' lang='grc'><strong>18.</strong></span> 
     </span>
    </p>
   </div>
   <div class='ocr_carea' id='block_1_113' title="bbox 1837 5201 3419 5294">
    <p class='ocr_par' dir='ltr' id='par_1_113' title="bbox 1837 5201 3419 5294">
     <span class='ocr_line' id='line_1_118' title="bbox 1837 5201 3419 5294; baseline -0.019 -12"><span class='ocrx_word' id='word_1_980' title='bbox 1837 5201 2074 5294; x_wconf 84' lang='lat' dir='ltr'><strong>Spiritus</strong></span> <span class='ocrx_word' id='word_1_981' title='bbox 2107 5227 2321 5275; x_wconf 87' lang='lat' dir='ltr'><strong>sanctus</strong></span> <span class='ocrx_word' id='word_1_982' title='bbox 2349 5214 2664 5280; x_wconf 85' lang='lat' dir='ltr'><strong>superveniet</strong></span> <span class='ocrx_word' id='word_1_983' title='bbox 2691 5213 2745 5264; x_wconf 91' lang='lat' dir='ltr'><strong>in</strong></span> <span class='ocrx_word' id='word_1_984' title='bbox 2781 5219 2851 5276; x_wconf 88' lang='lat' dir='ltr'><strong>te,</strong></span> <span class='ocrx_word' id='word_1_985' title='bbox 2882 5218 2928 5262; x_wconf 89' lang='lat' dir='ltr'><strong>et</strong></span> <span class='ocrx_word' id='word_1_986' title='bbox 2959 5207 3123 5261; x_wconf 85' lang='lat' dir='ltr'><strong>virtus</strong></span> <span class='ocrx_word' id='word_1_987' title='bbox 3161 5201 3419 5256; x_wconf 85' lang='lat' dir='ltr'><strong>Altissimi</strong></span> 
     </span>
    </p>
   </div>
   <div class='ocr_carea' id='block_1_114' title="bbox 1839 5291 3419 5369">
    <p class='ocr_par' dir='ltr' id='par_1_114' title="bbox 1839 5291 3419 5369">
     <span class='ocr_line' id='line_1_119' title="bbox 1839 5291 3419 5369; baseline -0.016 0"><span class='ocrx_word' id='word_1_988' title='bbox 1839 5291 2168 5369; x_wconf 88' lang='lat' dir='ltr'><strong>obumbrabit</strong></span> <span class='ocrx_word' id='word_1_989' title='bbox 2199 5311 2293 5364; x_wconf 85' lang='lat' dir='ltr'><strong>tibi</strong></span> <span class='ocrx_word' id='word_1_990' title='bbox 2323 5309 2386 5362; x_wconf 78' lang='lat'><strong>&quot;.</strong></span> <span class='ocrx_word' id='word_1_991' title='bbox 2414 5307 2480 5362; x_wconf 89' lang='lat' dir='ltr'><strong>Et</strong></span> <span class='ocrx_word' id='word_1_992' title='bbox 2513 5319 2702 5360; x_wconf 88' lang='lat' dir='ltr'><strong>rursus</strong></span> <span class='ocrx_word' id='word_1_993' title='bbox 2725 5302 2863 5356; x_wconf 91' lang='lat' dir='ltr'><strong>idem</strong></span> <span class='ocrx_word' id='word_1_994' title='bbox 2892 5297 3112 5367; x_wconf 79' lang='lat' dir='ltr'><strong>angelus</strong></span> <span class='ocrx_word' id='word_1_995' title='bbox 3139 5293 3206 5348; x_wconf 82' lang='lat' dir='ltr'><strong>ad</strong></span> <span class='ocrx_word' id='word_1_996' title='bbox 3223 5291 3419 5360; x_wconf 78' lang='lat' dir='ltr'><strong>Joseplt</strong></span> 
     </span>
    </p>
   </div>
   <div class='ocr_carea' id='block_1_115' title="bbox 1841 5390 3418 5468">
    <p class='ocr_par' dir='ltr' id='par_1_115' title="bbox 1841 5390 3418 5468">
     <span class='ocr_line' id='line_1_120' title="bbox 1841 5390 3418 5468; baseline -0.018 -6"><span class='ocrx_word' id='word_1_997' title='bbox 1841 5409 1974 5462; x_wconf 87' lang='lat' dir='ltr'><strong>dicit</strong></span> <span class='ocrx_word' id='word_1_998' title='bbox 2004 5430 2016 5461; x_wconf 84' lang='lat'><strong>;</strong></span> <span class='ocrx_word' id='word_1_999' title='bbox 2056 5403 2138 5458; x_wconf 92' lang='lat' dir='ltr'><strong>Ne</strong></span> <span class='ocrx_word' id='word_1_1000' title='bbox 2168 5403 2351 5456; x_wconf 87' lang='lat' dir='ltr'><strong>timeas</strong></span> <span class='ocrx_word' id='word_1_1001' title='bbox 2380 5399 2616 5468; x_wconf 83' lang='lat' dir='ltr'><strong>accipere</strong></span> <span class='ocrx_word' id='word_1_1002' title='bbox 2652 5393 2882 5448; x_wconf 80' lang='lat' dir='ltr'><strong>Mariam</strong></span> <span class='ocrx_word' id='word_1_1003' title='bbox 2915 5390 3192 5457; x_wconf 87' lang='lat' dir='ltr'><strong>conjugem</strong></span> <span class='ocrx_word' id='word_1_1004' title='bbox 3224 5395 3369 5437; x_wconf 87' lang='lat' dir='ltr'><strong>tuam</strong></span> <span class='ocrx_word' id='word_1_1005' title='bbox 3398 5397 3418 5444; x_wconf 87' lang='lat'><strong><em>;</em></strong></span> 
     </span>
    </p>
   </div>
   <div class='ocr_carea' id='block_1_116' title="bbox 1841 5473 3423 5564">
    <p class='ocr_par' dir='ltr' id='par_1_116' title="bbox 1841 5473 3423 5564">
     <span class='ocr_line' id='line_1_121' title="bbox 1841 5473 3423 5564; baseline -0.016 -11"><span class='ocrx_word' id='word_1_1006' title='bbox 1841 5515 1962 5552; x_wconf 83' lang='lat' dir='ltr'><strong>nam</strong></span> <span class='ocrx_word' id='word_1_1007' title='bbox 2005 5496 2144 5564; x_wconf 81' lang='lat' dir='ltr'><strong>quod</strong></span> <span class='ocrx_word' id='word_1_1008' title='bbox 2188 5496 2245 5549; x_wconf 91' lang='lat' dir='ltr'><strong>in</strong></span> <span class='ocrx_word' id='word_1_1009' title='bbox 2291 5509 2352 5547; x_wconf 87' lang='lat' dir='ltr'><strong>ea</strong></span> <span class='ocrx_word' id='word_1_1010' title='bbox 2388 5499 2695 5557; x_wconf 90' lang='lat' dir='ltr'><strong>conceptum</strong></span> <span class='ocrx_word' id='word_1_1011' title='bbox 2745 5495 2858 5549; x_wconf 85' lang='lat' dir='ltr'><strong>est,</strong></span> <span class='ocrx_word' id='word_1_1012' title='bbox 2908 5498 2940 5535; x_wconf 90' lang='lat' dir='ltr'><strong>a</strong></span> <span class='ocrx_word' id='word_1_1013' title='bbox 2979 5473 3188 5548; x_wconf 80' lang='lat' dir='ltr'><strong>Spiritu</strong></span> <span class='ocrx_word' id='word_1_1014' title='bbox 3239 5485 3423 5529; x_wconf 87' lang='lat' dir='ltr'><strong>sancto</strong></span> 
     </span>
    </p>
   </div>
   <div class='ocr_carea' id='block_1_117' title="bbox 1301 5643 1715 5739">
    <p class='ocr_par' dir='ltr' id='par_1_117' title="bbox 1301 5671 1708 5739">
     <span class='ocr_line' id='line_1_122' title="bbox 1301 5671 1708 5739; baseline -0.022 -6"><span class='ocrx_word' id='word_1_1015' title='bbox 1301 5678 1322 5710; x_wconf 85' lang='grc'>³</span> <span class='ocrx_word' id='word_1_1016' title='bbox 1350 5675 1489 5732; x_wconf 80' lang='lat' dir='ltr'><strong>Joel.</strong></span> <span class='ocrx_word' id='word_1_1017' title='bbox 1519 5690 1576 5739; x_wconf 85' lang='grc' dir='ltr'><em>ιι,</em></span> <span class='ocrx_word' id='word_1_1018' title='bbox 1617 5671 1708 5725; x_wconf 78' lang='grc'><strong>28.</strong></span> 
     </span>
    </p>
   </div>
   <div class='ocr_carea' id='block_1_118' title="bbox 1812 5643 3416 5739">
    <p class='ocr_par' dir='ltr' id='par_1_118' title="bbox 1849 5643 3416 5739">
     <span class='ocr_line' id='line_1_123' title="bbox 1849 5643 3416 5739; baseline -0.011 -19"><span class='ocrx_word' id='word_1_1019' title='bbox 1849 5669 1954 5723; x_wconf 83' lang='lat' dir='ltr'><strong>lsa.</strong></span> <span class='ocrx_word' id='word_1_1020' title='bbox 1998 5666 2265 5739; x_wconf 68' lang='lat' dir='ltr'><strong>xxxv,_l_5._</strong></span> <span class='ocrx_word' id='word_1_1021' title='bbox 2294 5660 2378 5715; x_wconf 88' lang='grc'><strong>16.</strong></span> <span class='ocrx_word' id='word_1_1022' title='bbox 2454 5660 2476 5692; x_wconf 82' lang='grc'>⁸</span> <span class='ocrx_word' id='word_1_1023' title='bbox 2514 5656 2620 5739; x_wconf 60' lang='grc' dir='ltr'><strong>[ελ.</strong></span> <span class='ocrx_word' id='word_1_1024' title='bbox 2654 5667 2784 5739; x_wconf 45' lang='lat' dir='ltr'><strong>Evn.</strong></span> <span class='ocrx_word' id='word_1_1025' title='bbox 2812 5651 2916 5739; x_wconf 35' lang='grc'><strong>16(</strong></span> <span class='ocrx_word' id='word_1_1026' title='bbox 2954 5650 2996 5739; x_wconf 13' lang='lat'><strong>7&#39;</strong></span> <span class='ocrx_word' id='word_1_1027' title='bbox 3033 5643 3416 5739; x_wconf 47' lang='lat' dir='ltr'><strong>fsal..t..ml§.</strong></span> 
     </span>
    </p>
   </div>
   <div class='ocr_carea' id='block_1_119' title="bbox 170 5715 1715 5819">
    <p class='ocr_par' dir='ltr' id='par_1_119' title="bbox 170 5715 1715 5819">
     <span class='ocr_line' id='line_1_124' title="bbox 170 5715 1715 5819; baseline -0.011 -5"><span class='ocrx_word' id='word_1_1028' title='bbox 170 5715 730 5816; x_wconf 46' lang='grc' dir='ltr'><strong>τῑωιιῗῗέξ.”ἶίῗξ.ἶι.</strong></span> <span class='ocrx_word' id='word_1_1029' title='bbox 763 5715 932 5819; x_wconf 51' lang='lat' dir='ltr'><strong>cur&quot;:</strong></span> <span class='ocrx_word' id='word_1_1030' title='bbox 949 5715 1110 5806; x_wconf 42' lang='lat' dir='ltr'><strong>Iiiii.&quot;</strong></span> <span class='ocrx_word' id='word_1_1031' title='bbox 1135 5715 1326 5804; x_wconf 40' lang='lat' dir='ltr'><strong>9ui’osal.</strong></span> 
     </span>
    </p>
   </div>
   <div class='ocr_carea' id='block_1_120' title="bbox 1812 5715 3468 5819">
    <p class='ocr_par' dir='ltr' id='par_1_120' title="bbox 1818 5715 3468 5819">
     <span class='ocr_line' id='line_1_125' title="bbox 1818 5715 3468 5819; baseline -0.015 -26"><span class='ocrx_word' id='word_1_1032' title='bbox 1818 5738 2048 5819; x_wconf 49' lang='lat' dir='ltr'><strong>nun}.</strong></span> <span class='ocrx_word' id='word_1_1033' title='bbox 2095 5715 2286 5819; x_wconf 44' lang='lat'><strong>&quot;&quot;1131,</strong></span> <span class='ocrx_word' id='word_1_1034' title='bbox 2316 5748 2488 5819; x_wconf 52' lang='grc' dir='ltr'><strong>ξκξιι,</strong></span> <span class='ocrx_word' id='word_1_1035' title='bbox 2515 5728 2572 5819; x_wconf 57' lang='grc' dir='ltr'><strong>ἕ.</strong></span> <span class='ocrx_word' id='word_1_1036' title='bbox 2656 5715 2872 5819; x_wconf 47' lang='grc' dir='ltr'><strong>ιςιιξξειι..</strong></span> <span class='ocrx_word' id='word_1_1037' title='bbox 2896 5719 3122 5819; x_wconf 47' lang='lat' dir='ltr'><strong>calli,</strong></span> <span class='ocrx_word' id='word_1_1038' title='bbox 3202 5717 3247 5748; x_wconf 82' lang='lat'>&quot;</span> <span class='ocrx_word' id='word_1_1039' title='bbox 3270 5715 3414 5772; x_wconf 85' lang='lat' dir='ltr'><strong>Psal.</strong></span> <span class='ocrx_word' id='word_1_1040' title='bbox 3458 5771 3468 5776; x_wconf 50' lang='grc'><strong>,</strong></span> 
     </span>
    </p>
   </div>
   <div class='ocr_carea' id='block_1_121' title="bbox 179 5817 1526 5892">
    <p class='ocr_par' dir='ltr' id='par_1_121' title="bbox 179 5817 1526 5892">
     <span class='ocr_line' id='line_1_126' title="bbox 179 5817 1526 5892; baseline -0.01 -6"><span class='ocrx_word' id='word_1_1041' title='bbox 179 5845 435 5892; x_wconf 69' lang='lat' dir='ltr'><strong>cunni,</strong></span> <span class='ocrx_word' id='word_1_1042' title='bbox 464 5829 513 5884; x_wconf 87' lang='lat'><strong>7.</strong></span> <span class='ocrx_word' id='word_1_1043' title='bbox 593 5827 635 5858; x_wconf 74' lang='lat'><strong>“</strong></span> <span class='ocrx_word' id='word_1_1044' title='bbox 667 5828 768 5882; x_wconf 85' lang='lat' dir='ltr'><strong>lsa.</strong></span> <span class='ocrx_word' id='word_1_1045' title='bbox 799 5817 924 5888; x_wconf 77' lang='lat' dir='ltr'><strong>xxx,</strong></span> <span class='ocrx_word' id='word_1_1046' title='bbox 956 5823 1004 5876; x_wconf 82' lang='lat' dir='ltr'><strong>l.</strong></span> <span class='ocrx_word' id='word_1_1047' title='bbox 1086 5822 1127 5853; x_wconf 82' lang='grc'><strong>¹¹⁵</strong></span> <span class='ocrx_word' id='word_1_1048' title='bbox 1162 5821 1262 5876; x_wconf 82' lang='lat' dir='ltr'><strong>lsa.</strong></span> <span class='ocrx_word' id='word_1_1049' title='bbox 1300 5835 1373 5884; x_wconf 78' lang='lat' dir='ltr'><strong>xl,</strong></span> <span class='ocrx_word' id='word_1_1050' title='bbox 1409 5817 1526 5872; x_wconf 80' lang='grc'><strong>1-5.</strong></span> 
     </span>
    </p>
   </div>
   <div class='ocr_carea' id='block_1_122' title="bbox 1606 5791 3114 5875">
    <p class='ocr_par' dir='ltr' id='par_1_122' title="bbox 1606 5791 3114 5875">
     <span class='ocr_line' id='line_1_127' title="bbox 1606 5791 3114 5875; baseline -0.016 -7"><span class='ocrx_word' id='word_1_1051' title='bbox 1606 5791 1926 5875; x_wconf 66' lang='grc' dir='ltr'><strong>ιι“ιὲἷι.”ιζκέ,</strong></span> <span class='ocrx_word' id='word_1_1052' title='bbox 1963 5791 2043 5861; x_wconf 61' lang='grc' dir='ltr'><strong>ιμ</strong></span> <span class='ocrx_word' id='word_1_1053' title='bbox 2095 5807 2134 5837; x_wconf 83' lang='grc' dir='ltr'><strong>ιτ</strong></span> <span class='ocrx_word' id='word_1_1054' title='bbox 2165 5807 2294 5860; x_wconf 87' lang='lat' dir='ltr'><strong>Luc.</strong></span> <span class='ocrx_word' id='word_1_1055' title='bbox 2328 5803 2369 5865; x_wconf 81' lang='grc' dir='ltr'><em>ι,</em></span> <span class='ocrx_word' id='word_1_1056' title='bbox 2394 5802 2480 5863; x_wconf 73' lang='lat' dir='ltr'><strong>ss,</strong></span> <span class='ocrx_word' id='word_1_1057' title='bbox 2515 5798 2602 5854; x_wconf 74' lang='lat' dir='ltr'><strong>si.</strong></span> <span class='ocrx_word' id='word_1_1058' title='bbox 2683 5791 3114 5858; x_wconf 73' lang='lat' dir='ltr'><strong>&quot;ibid.54,35.</strong></span> 
     </span>
    </p>
   </div>
  </div>
