3920 6562
193 336 283 400 Ἱίὶ
1123 329 1492 392 PANOPLIA
1534 329 1998 396 DOGMATICA.
2035 359 2107 370 -
2142 335 2292 398 'l‘lT.
2337 336 2474 398 XII.
3328 335 3434 400 742

201 446 288 500 τοῦ
323 441 462 498 Θεοῦ
500 441 606 494 εἱσι
634 439 811 509 λόγια·
868 437 1067 508 ὁμοίως
1094 441 1188 491 καὶ
1213 438 1282 492 τά
1312 439 1406 492 τοῦ
1446 439 1594 494 Υἱοῦ.
1657 441 1749 495 Διά

1879 445 2137 516 equitur;
2175 447 2228 500 id
2267 461 2503 518 namque
2526 447 2762 516 pertinet
2780 446 2845 502 ad
2861 454 3197 508 creaturam.
3228 451 3425 508 Verum

195 539 346 592 τοῦτο
380 536 500 588 οὐδὲ
527 533 696 596 ὀΥίὸς
728 531 879 584 λαλεῖ
907 528 998 600 ἀφ’
1018 531 1235 585 ἑαυτοῦ.
1279 530 1340 586 ’0
1373 532 1480 602 γὰρ
1511 533 1743 602 πέμψας

1876 535 2047 588 omnia
2080 533 2318 606 Spiritus
2345 539 2530 604 verba,
2567 537 2660 593 Dei
2691 540 2912 594 oracula
2948 549 3078 596 sunt
3127 541 3424 599 :similiter

191 648 275 700 με,
302 628 462 697 φησὶ,
497 625 722 695 Πατὴρ,
756 610 988 691 ἑκεῐνόξ
1016 641 1120 694 μοι
1153 619 1283 678 εἷπε
1307 626 1362 679 τί
1386 627 1534 680 εἴπω
1576 627 1675 681 καὶ
1701 646 1739 681 τ⁴

1881 639 1916 683 ιι
1937 627 2054 682 Filii
2083 629 2247 684 dicta.
2283 629 2620 700 Quapropter
2647 648 2715 686 ne
2748 631 2916 689 Filius
2939 651 3009 703 qu
3035 635 3155 689 dum
3187 651 3216 689 a
3249 636 3429 706 seipso

188 723 462 790 λαλήσω·
1866 722 2125 791 ιοιιιίιυι·.
2154 722 2258 788 Qui
2284 725 2422 776 enim
2445 725 2586 778 misit
2618 741 2695 778 me
2727 725 2887 782 Pater
2934 730 3130 796 inquit,
3185 730 3276 783 ille
3299 726 3431 784 inihi

1071 805 1080 814 ’
1866 817 2002 868 dixit
2030 815 2156 884 quid
2181 816 2354 869 dicunt
2384 825 2432 870 et
2455 817 2581 886 quid
2622 816 2830 888 loquar.

200 907 309 962 Τοῦ
335 905 526 980 αὑτοῦ
558 904 626 957 ἐκ
660 903 956 980 τῶν-πρὸς
999 904 1391 980 ’Λμριλόχιον
1438 903 1748 980 τριᾴκοντα

1883 906 2126 978 Ejusdem
2153 925 2216 980 ea:
2243 908 2457 976 triginta
2493 911 2725 975 capitum
2772 914 2840 965 ad
2891 913 3306 980 Amphilochium
3345 931 3431 966 ra-

255 978 626 1046 κερτιλαίων,
660 976 988 1041 κεφάλαιον
1013 974 1081 1052 ρ’.
1104 974 1755 1052 Ἀεοοριστεκαὶμέννοιαι

1910 974 2041 1046 ’ρὶιε
2069 983 2122 1034 9.
2165 974 2438 1046 Sepai‘alw
2457 982 2520 1032 de
2551 974 2743 1045 Spiritu
2776 995 2953 1034 murto
2973 974 3268 1051 sentenliw,
3292 982 3433 1039 Scri-

258 1045 395 1114 πέρὶ
449 1047 556 1099 τοῦ
597 1047 940 1110 ΙΙνεύματος
964 1045 1039 1114 τῇ
1068 1047 1186 1098 τῶν
1210 1045 1465 1113 Γραφῶν
1497 1046 1759 1100 ἀκολου-

1404 1045 1465 1098 'ur
1497 1046 1759 1100 ἀκολου·
1937 1059 2214 1116 plurarum
2235 1045 2504 1104 'doclrime
2535 1062 2894 1105 εεηδεηιιιιιισιι·
2918 1053 2952 1104 ¹.

256 1124 326 1175 θο
335 1119 476 1171 ὗσαι
510 1116 896 1184 διδασκαλίᾳ.

401 1206 539 1276 ’Ἤδη
585 1205 641 1258 δὲ
668 1205 763 1258 καὶ
805 1205 1051 1277 περὶτοῦ
1088 1206 1406 1277 Πνεὺματος
1452 1207 1551 1270 τὰς
1596 1206 1778 1271 κοινὰς

2053 1199 2172 1256 Jam
2208 1218 2338 1257 vero
2377 1203 2550 1264 etiam
2602 1203 2670 1258 de
2713 1193 2916 1273 Spiritu
2957 1221 3276 1262 communes
3330 1228 3428 1264 no-

191 1295 354 1366 ἡμῶν
385 1297 595 1359 ἑννοίας
623 1296 804 1350 ὁποῖαί
836 1297 981 1360 τινές
1024 1299 1160 1350 εἰσιν
1190 1298 1557 1370 ἐξετάσωμεν,
1589 1297 1688 1361 τάς
1719 1314 1739 1350 1

1886 1303 1982 1350 Ira:
2033 1295 2288 1348 notiones
2327 1295 2636 1364 cujusntodi
2699 1297 2810 1350 sint
2864 1299 3259 1367 expendamus,
3318 1311 3432 1355 tum

195 1390 260 1443 ἑκ
288 1389 398 1440 τῶν
440 1388 670 1460 Γραφῶν
711 1389 839 1460 περὶ
875 1387 1039 1442 αὐτοῦ
1087 1389 1449 1460 συναχθείσαις
1491 1392 1643 1462 ἡμῖν,
1685 1407 1743 1443 κο

1887 1401 1948 1442 as
1979 1401 2099 1456 qum
2145 1386 2305 1441 nobis
2350 1386 2418 1440 de
2461 1387 2556 1440 illo
2590 1386 2949 1459 eScripturis
2999 1391 3240 1446 collectae
3284 1401 3431 1457 sunt,

193 1480 259 1544 ἃς
284 1482 349 1533 ἑκ
383 1479 485 1548 τῆς
516 1480 766 1550 ἀγράφου
799 1479 1152 1550 παραδόσεως
1180 1479 1289 1533 τῶν
1324 1480 1584 1552 Πατέρων
1615 1479 1741 1533 διεδε

1887 1492 1968 1529 um
1997 1491 2088 1530 eas
2118 1491 2256 1544 quas
2298 1474 2524 1529 Patrum
2559 1477 2854 1534 traditione
2885 1494 2994 1532 non
3041 1481 3246 1551 scripta
3279 1497 3435 1540 accc-

197 1572 428 1642 ξὰμεθα.
464 1572 688 1643 Πρῶτον
721 1574 820 1642 μὲν
870 1568 995 1636 οὖν,
1041 1573 1153 1636 τίς,
1188 1563 1430 1638 ἀκούσας
1457 1573 1567 1626 τῶν
1610 1587 1745 1643 προσ

1886 1568 2054 1622 limus.
2087 1565 2337 1621 Primum
2372 1567 2562 1637 igitur,
2587 1569 2732 1638 quis,
2759 1570 2962 1624 auditis
2989 1569 3226 1641 Spiritus
3251 1577 3434 1645 appel-

192 1664 437 1736 ηγοριῶν
465 1663 560 1717 τοῦ
607 1663 959 1735 Πνεῦματος,
998 1665 1057 1716 οὐ
1100 1665 1438 1720 διανίσταται
1486 1668 1554 1736 τῇ
1594 1664 1740 1736 ψυχῇ

1885 1661 2175 1724 itionibus,
2221 1661 2406 1714 animo
2449 1677 2558 1714 non
2614 1663 2866 1733 erigitur,
2913 1672 2966 1718 et
3001 1666 3066 1718 ad
3121 1681 3433 1736 supremam

195 1758 292 1810 καὶ
317 1757 454 1827 πρὸς
487 1756 586 1828 τὴν
607 1756 868 1810 ἀνωτάτω
895 1756 1057 1826 φύσιν
1093 1757 1194 1827 τὴν
1228 1757 1436 1811 ἔννοιαν
1457 1757 1743 1830 ὑπεραίρει

1885 1761 2108 1806 laturam
2157 1751 2549 1821 cogitationem
2603 1768 2711 1806 non
2749 1755 2993 1808 attollit?
3023 1754 3158 1809 Nam
3195 1757 3433 1827 Spiritus

196 1845 421 1915 Πνεῦμα
440 1846 550 1916 γάρ
575 1844 710 1898 Θεοῦ
736 1846 976 1918 εἴρηται,
1009 1847 1103 1900 καὶ
1126 1846 1350 1917 Πνεῦμα
1379 1849 1476 1918 τῆς
1500 1845 1744 1917 ἀληθείας

1887 1845 1947 1900 tei
1983 1843 2163 1898 dictus
2197 1852 2300 1907 est,
2348 1853 2401 1897 et
2455 1843 2698 1913 Spiritus
2729 1847 2996 1912 veritatis,
3034 1849 3126 1917 qui
3160 1863 3227 1903 ex
3273 1849 3435 1906 Patre

188 1938 227 1991 ὃ
269 1939 426 2011 παρὰ
475 1937 570 1991 τοῦ
621 1937 834 2008 Πατρὶς
882 1937 1277 2011 ἐκπορεύεται·
1315 1938 1542 2010 Πνεῦμα
1591 1941 1736 2003 εὐθὲς

1881 1934 2101 1989 ιτοςθιὶὶι
2139 1941 2159 1970 ⁸
2191 1953 2204 1990 :
2236 1933 2473 2003 Spiritus
2505 1944 2710 1999 rectus,
2755 1936 2996 2006 Spiritus
3023 1940 3346 2010 principalis
3389 1945 3429 1994 ³.

195 2031 422 2103 Πνεῦμα
467 2031 818 2102 ἡγεμονικόν.
1033 2033 1258 2104 Πνεῦμα
1319 2033 1473 2102 ἀγιον
1529 2035 1562 2105 ἡ
1617 2032 1743 2106 κυρί

1886 2029 2095 2098 Lpiritus
2146 2037 2371 2083 sanctus
2397 2069 2412 2093 ,
2454 2029 2674 2098 pr0pria
2725 2037 2810 2084 est
2863 2032 3010 2086 illius
3044 2047 3106 2086 ac
3142 2035 3434 2102 peculiaris

195 2124 361 2178 αὐτοῦ
398 2124 493 2176 καὶ
524 2123 800 2188 ίδιάςουσα
828 2124 1045 2195 κλῆσις·
1083 2127 1220 2198 ὅπερ
1261 2129 1324 2196 δὴ
1377 2127 1612 2197 μάλιστα
1647 2145 1743 2180 παι

1889 2122 2142 2193 ppellatio
2189 2139 2204 2178 :
2255 2121 2402 2191 quod
2451 2138 2583 2177 sane
2637 2138 2835 2177 nomen
2886 2125 3132 2179 omnium
3196 2126 3434 2181 maxime

195 2217 288 2279 τὸς
456 2213 551 2267 τοῦ
595 2205 926 2285 ἀσωμάτου,
966 2219 1060 2270 καὶ
1107 2215 1361 2287 καθαρῶς
1391 2217 1556 2270 ἀΰλου
1594 2233 1652 2270 τε
1689 2235 1743 2270 κε

1883 2232 1970 2270 em
2001 2215 2380 2284 incorpoream
2422 2222 2475 2270 et
2510 2216 2577 2269 ab
2604 2215 2750 2270 Omni
2782 2217 3009 2270 materia
3043 2233 3232 2286 puram
3264 2225 3316 2271 et
3343 2218 3431 2271 in-

195 2305 439 2379 ἀμεροῦς
465 2306 639 2376 ὄνομά
664 2308 801 2360 ἑστι.
841 2307 932 2360 Διὸ
965 2309 1058 2361 καὶ
1095 2310 1122 2362 ὁ
1154 2307 1377 2380 Κύριος,
1405 2309 1503 2379 τὴν
1543 2310 1602 2363 ἑν
1633 2309 1743 2362 τόση

1886 2307 2214 2376 ompositam
2252 2307 2513 2360 declarat.
2551 2304 2898 2376 Quapropter
2924 2316 2978 2362 et
3012 2308 3278 2364 Dominus
3307 2323 3431 2362 cum

198 2395 625 2468 προσκυνεῖσθαι
649 2397 741 2449 τὸν
763 2395 896 2449 Θεὸν
923 2397 1232 2468 ἡγουμένην
1387 2399 1672 2464 διδάσκων,
1701 2401 1746 2454 ὅτ

1888 2415 1995 2464 am,
2029 2415 2152 2469 qua:
2195 2397 2364 2454 Deum
2411 2399 2465 2454 in
2500 2400 2621 2454 loco
2647 2399 2865 2455 adorari
2899 2401 3267 2462 existimabat.
3303 2403 3436 2456 edo—

192 2487 575 2560 ἀπερίληπτον
607 2487 666 2540 τὸ
703 2485 1016 2556 ἀσώματον,
1047 2489 1310 2558 Πνεῦμα,
1339 2489 1524 2560 φησιν,
1552 2494 1586 2544 ό
1617 2491 1740 2557 Oed;

1889 2499 2037 2558 cret,
2079 2507 2194 2546 rem
2227 2493 2606 2563 incorpoream
2656 2492 3047 2563 comprehendi
3087 2506 3194 2546 non
3251 2506 3434 2561 posse,

193 2581 271 2634 Οὐ
301 2580 484 2633 τοίνυν
513 2578 760 2646 δυνατὸν,
788 2579 1014 2651 Πνεῦμα
1041 2579 1373 2643 ἀκούσαντα,
1407 2598 1741 2654 περιγεγραι,

1885 2581 2109 2650 ipiritus,
2131 2582 2331 2652 inquit,
2353 2592 2431 2636 est
2454 2581 2592 2636 Deus
2670 2623 2682 2637 .
2707 2582 2941 2638 Proinde
2965 2581 3080 2636 ﬁeri
3105 2597 3211 2636 non
3234 2589 3433 2652 potest,

201 2673 372 2744 μένην
407 2671 569 2741 φύσιν
618 2672 928 2726 ἑντυπῶσαι
972 2675 1040 2744 τῇ
1077 2672 1372 2745 διανοίᾳ,ἣ
1421 2677 1651 2746 τροπαῖς
1693 2693 1749 2728 κο

1891 2681 1918 2729 ιι
1956 2674 2051 2745 qui
2099 2675 2255 2730 audit
2300 2675 2588 2744 Spiritum,
2632 2683 2885 2729 naturam
2920 2676 3039 2728 loco
3087 2673 3439 2729 circumscri-

195 2764 550 2820 ἀλλοιώσεσιν
583 2765 978 2837 ὑποκειμένην,
1014 2765 1046 2836 ἢ
1080 2765 1218 2828 ὅλως
1243 2765 1440 2836 όμοίαν
1462 2769 1528 2838 τῇ
1571 2766 1743 2818 κτίσει

1890 2777 2030 2832 itam,
2057 2775 2153 2821 aut
2178 2767 2580 2822 mutationibus
2603 2777 2657 2822 et
2678 2767 3100 2821 alterationibus
3121 2766 3438 2830 obnoxiam,

195 2855 334 2910 ἀλλά
357 2854 496 2927 πρὸς
516 2855 578 2908 τὸ
597 2855 859 2909 ἀνωτάτω
877 2858 999 2918 ταῖς
1023 2855 1253 2918 ἐννοίαις
1275 2855 1575 2926 χωροῦντα,
1593 2873 1679 2909 νοε
1689 2857 1743 2928 pd

1895 2866 1952 2912 ut
1991 2860 2218 2914 omnino
2262 2867 2528 2914 creatura:
2567 2859 2800 2914 similem
2853 2860 2957 2914 sibi
2991 2859 3176 2912 animo
3221 2858 3435 2927 ﬁngat:

195 2947 387 3002 οὐσίαν
419 2946 728 3015 ἑπάναγκες
779 2948 1013 3013 ἑννοεῖν,
1055 2946 1284 3020 ἄπειρον
1319 2946 1464 3001 κατά
1517 2947 1743 3019 δύναμιν

1893 2951 1953 3005 ed
1999 2951 2068 3005 ad
2117 2952 2170 3007 id
2202 2952 2347 3022 quod
2399 2940 2675 3007 summum
2724 2959 2810 3008 est
2857 2951 3185 3022 cogitatione
3218 2965 3441 3022 progre-

203 3037 428 3110 μεγέθει
459 3037 862 3110 ἀπεριόριστον,
907 3037 1188 3110 χρόνοιςῆ
1227 3038 1419 3092 αἰῶσιν
1456 3039 1751 3112 ἀμέτρητοι

1899 3046 2038 3108 iens,
2057 3043 2450 3114 intelligentem
2471 3043 2836 3099 substantiam
2860 3043 3064 3113 cogitet
3086 3057 3314 3098 necesse
3333 3052 3439 3108 est,

198 3133 435 3204 ἄφθονον
468 3126 543 3186 ὧν
572 3132 683 3202 ἔχει
724 3131 928 3186 καλῶν.
975 3133 1118 3205 Πρὸς
1142 3132 1170 3185 δ
1205 3132 1382 3187 πάντα
1414 3133 1746 3204 ἑπέστραπτς

1898 3132 2063 3189 irtute
2108 3133 2414 3200 inﬁnitam,
2459 3134 2834 3204 magnitudine
2873 3133 3441 3204 incircumscriptam,

199 3226 269 3278 τὰ
301 3224 579 3295 ἀτιασμοῦ
602 3223 1006 3296 προσδεόμενα·
1033 3221 1093 3280 οὗ
1125 3226 1304 3281 πάντα
1326 3226 1538 3298 ἐφίεται
1567 3228 1636 3281 τά
1665 3245 1747 3280 κα¹

1901 3241 1961 3280 ec
1997 3232 2302 3297 temporum
2349 3240 2451 3280 nec
2488 3226 2812 3280 saeculorum
2857 3225 3255 3280 dimensionem
3304 3225 3449 3280 rcci-

201 3317 407 3389 ἀρετην
460 3315 673 3381 ζῶντα,
711 3309 824 3370 οἷον
879 3317 1227 3388 ἑπαρδόμενα
1273 3321 1339 3390 τῇ
1393 3319 1649 3390 ἐπιπνοίᾳ
1695 3336 1749 3372 κε

1899 3321 2124 3382 ientem,
2162 3332 2226 3373 ea
2273 3334 2394 3388 qua:
2436 3317 2599 3372 habet
2632 3317 2774 3371 bona
2824 3316 2972 3390 large
3017 3317 3444 3388 impartientcni.

203 3407 550 3478 βοηθούμενα
584 3409 723 3480 πρὸς
751 3407 813 3460 τὸ
849 3409 1048 3486 οἰκεῖον
1089 3410 1302 3472 ἑαυτοῖς
1329 3409 1425 3462 καὶ
1453 3409 1598 3463 κατὰ
1627 3409 1751 3479 φύσι

1903 3412 1944 3465 .d
1973 3427 2135 3482 quem
2165 3412 2346 3464 omnia
2377 3419 2776 3465 convertuntur
2805 3425 2927 3480 quae
2951 3419 3110 3481 egent
3137 3407 3451 3465 sanctiﬁca-

202 3501 376 3563 τέλος.
414 3499 768 3554 Τελειωτικὸν
823 3499 932 3552 τῶν
986 3499 1192 3567 ἀλλων,
1241 3499 1376 3553 αὐτὸ
1443 3498 1502 3552 δὲ
1552 3499 1750 3570 οὐδαμο

1901 3521 2014 3558 one
2044 3522 2055 3557 :
2088 3519 2248 3573 quem
2281 3504 2464 3557 omnia
2502 3503 2938 3573 appetuntjuxta
2972 3503 3228 3557 virtutem
3255 3502 3449 3556 viven-

203 3591 485 3646 ἐλλεῖπον·
527 3592 626 3645 οὐκ
677 3591 1084 3655 ἑπισκευαστῶς
1271 3590 1414 3656 ζῶν,
1463 3589 1598 3644 ἀλλὰ
1647 3589 1751 3660 (cui

1912 3611 1962 3655 ιι,
1997 3592 2158 3662 cujus
2187 3591 2366 3645 alilatu
2392 3593 2538 3646 velut
2572 3593 2876 3662 irrigantur
2903 3601 2958 3646 et
3003 3591 3356 3661 adjuvantur,
3391 3599 3451 3646 ut

203 3684 476 3756 χορηγόν·
510 3684 571 3736 οὐ
608 3681 948 3754 προσθήκαις
982 3680 1371 3753 αὐξανόμενον,
1419 3680 1554 3734 ἀλλὰ
1589 3681 1751 3752 πλῆρε

1898 3689 2197 3740 ιρνγειιὶειιιι
2224 3684 2290 3738 ad
2320 3686 2601 3755 pr0prium
2628 3701 2790 3740 suum
2815 3684 3231 3753 naturalemque
3263 3686 3446 3738 linem.

204 3776 415 3842 εὐθὺς,
571 3777 628 3828 ἑν
678 3775 854 3846 ἑαυτῷ
904 3773 1214 3846 ἱδρυμένον,
1269 3773 1366 3827 καὶ⁸
1399 3770 1672 3843 πανταχοῦ
1712 3771 1752 3824 δι

1903 3777 1970 3842 [ui
2000 3775 2212 3846 perlicit
2245 3772 2468 3840 caetera’,
2500 3774 2617 3844 ipse
2652 3790 2782 3830 vero
2814 3775 2870 3828 in
2918 3775 3072 3828 nullo
3107 3774 3288 3828 deﬁcit
3317 3775 3451 3844 :qui

218 3867 522 3940 ’Λγιασμοῦ
566 3869 799 3938 γένεσις,
838 3869 954 3938 φῶς
1003 3869 1215 3940 νοητὸν,
1248 3867 1398 3942 πάσῃ
1439 3866 1664 3938 δυνάμει
1707 3866 1766 3919 λο

1901 3885 1981 3923 ιοιι
2009 3868 2144 3924 vivit
2166 3884 2263 3938 per
2287 3867 2770 3933 instaurationem,
2795 3867 2890 3923 sed
2914 3867 3078 3921 vitam
3107 3867 3449 3938 suppeditat;

208 3964 339 4032 γικῇ
377 3961 515 4032 πρὸς
545 3960 642 4032 τὴν
672 3961 770 4032 τῆς
797 3961 1054 4032 ἀληθείας
1093 3961 1308 4036 εὕρεσιν
1338 3957 1448 4017 οἷόν
1469 3981 1590 4017 τινα
1622 3981 1756 4018 κατα

1901 3978 1975 4017 ιεο
2007 3962 2422 4018 accessionibus
2451 3963 2719 4033 augescit,
2758 3961 2852 4018 sed
2889 3961 3074 4016 statim
3106 3963 3302 4032 plenus
3330 3969 3449 4016 est:

206 4053 436 4123 φάνειαν
475 4053 542 4106 δι’
573 4052 765 4108 ἑαυτοῦ
811 4055 1207 4126 παρεχόμενον.
1245 4056 1568 4126 Ἀπρόσιτον
1601 4060 1666 4126 τῇ
1699 4059 1754 4126 cpt

1899 4054 1968 4124 ιιιί
2016 4053 2071 4107 in
2127 4053 2308 4124 seipso
2364 4053 2638 4120 ﬁrmatur,
2681 4063 2735 4109 et
2784 4068 3054 4123 nusquam
3110 4066 3221 4106 non
3275 4049 3447 4105 adest.

207 4163 324 4198 σει·
357 4145 608 4217 χωρητὸν
637 4144 704 4197 δι’
744 4145 1086 4217 ἀγαθότητα·
1119 4148 1298 4201 πάντα
1336 4149 1431 4218 μὲν
1463 4147 1703 4221 πληροῦν
1725 4166 1755 4202 τ

1906 4143 2042 4216 trigo
2081 4143 2570 4210 sanctificationis,
2613 4144 2705 4198 lux
2753 4141 3154 4214 intelligibilis:
3185 4140 3454 4196 universa:

205 4237 462 4307 δυνάμει,
497 4236 681 4306 μόνοις
715 4236 771 4289 δὲ
812 4235 870 4289 ὃν
905 4235 1166 4307 μεθεκτὺν
1199 4241 1310 4301 τοῖς
1349 4239 1544 4306 ἀξίοις,
1577 4241 1676 4312 οὐχ
1714 4241 1753 4293 ἑκ

1905 4235 2131 4290 μοιειιιὶιιι
2177 4235 2431 4290 rationali
2473 4235 2540 4291 ad
2571 4236 2824 4292 veritatis
2858 4235 3330 4305 investigationem
3360 4248 3453 4287 ve-

211 4328 400 4400 μέτρῳ
425 4327 805 4399 μετεχόμενον,
825 4326 958 4380 ἀλλὰ
991 4330 1110 4381 κατ’
1133 4329 1421 4398 ἀναλογίαν
1442 4331 1538 4401 τῆς
1561 4331 1759 4384 πίστεω

1911 4334 1961 4380 ιιι
1991 4326 2414 4381 illustrationem
2449 4327 2742 4398 quamdam
2773 4345 2838 4383 ex
2873 4343 2994 4382 sese
3033 4327 3304 4396 praebens.
3345 4323 3459 4378 Na-

208 4420 454 4492 διαιροῦν
487 4419 586 4490 τὴν
625 4421 925 4492 ἐνέργειαν.
974 4420 1202 4474 ’Λπλοῦν
1240 4425 1306 4495 τῇ
1337 4423 1512 4494 οὐσία,
1556 4423 1756 4476 ποικίλο

1911 4434 2003 4474 ura
2032 4419 2372 4484 inaccessus,
2408 4420 2503 4476 sed
2539 4421 2631 4490 qui
2681 4419 2802 4489 capi
2838 4419 3011 4488 possit
3045 4417 3116 4471 ob
3153 4414 3459 4485 benignita-

210 4514 330 4574 ταῖς
360 4512 655 4581 δυνάμεσιν
675 4529 687 4542 ·
721 4512 840 4565 ὅλον
879 4513 1095 4583 ἑκάστῳ
1127 4512 1319 4584 παρὸν,
1351 4514 1445 4566 καὶ
1479 4515 1597 4567 ὅλον
1632 4515 1758 4568 ἀπα·

1914 4527 2027 4579 2m;
2061 4513 2244 4566 omnia
2287 4512 2508 4582 quidem
2552 4512 2786 4582 implens
2821 4511 3044 4571 virtute,
3085 4507 3182 4563 sed
3224 4507 3359 4562 solis
3393 4506 3462 4560 iis

207 4604 376 4674 ταχοῦ
411 4604 490 4656 ὅν.
527 4603 778 4668 Ἀπαθῶς
808 4605 1184 4676 μεριζόμενον,
1223 4607 1318 4658 καὶ
1363 4605 1669 4676 ὁλοσχερῶς
1708 4625 1755 4676 μ;

1916 4606 1977 4676 ui
2022 4605 2170 4677 (ligni
2221 4612 2350 4661 sunt
2395 4603 2904 4663 communicabilis,
2937 4600 3141 4670 quibus
3189 4615 3311 4654 sese
3355 4613 3464 4652 non

210 4699 508 4766 τεχόμενον
551 4709 569 4727 ⁶
715 4697 856 4750 κατά
893 4700 991 4770 τὴν
1019 4698 1202 4751 εἰκόνα
1239 4699 1338 4770 τῆς
1371 4699 1603 4770 ἡλιακῆς
1645 4700 1758 4752 ἀκτῑ

1923 4699 2076 4752 adem
2125 4697 2368 4767 impertit
2399 4711 2683 4756 mensura,
2731 4695 2824 4748 sed
2871 4694 3023 4763 juxta
3056 4692 3464 4762 proportionem

215 4814 328 4861 νος,
357 4814 428 4868 ης
468 4798 502 4867 ἡ
548 4797 722 4868 χάρις,
758 4796 838 4868 τῷ
873 4796 1190 4852 ἀπολαύοντι
1225 4795 1298 4859 ὡς
1346 4795 1489 4866 μόνῳ
1518 4789 1763 4864 παροῦσα

1907 4789 2017 4845 [ὶόοί
2063 4786 2385 4858 dispertitur
2420 4783 2526 4839 vim
2569 4798 2746 4839 suam.
2783 4780 3026 4852 Simplex
3059 4778 3321 4839 essentia,
3361 4789 3455 4828 va-

215 4889 313 4944 καὶ
345 4887 453 4957 γῆν
486 4887 784 4958 ἐπιλάμπει
813 4887 909 4940 καὶ
933 4887 1225 4950 θάλασσαν,
1261 4888 1354 4939 καὶ
1371 4885 1448 4955 τῷ
1476 4884 1596 4955 ἀέρι
1633 4882 1760 4951 ἑγκέ

1909 4881 2010 4934 -ius
2050 4879 2346 4950 polentiis;
2381 4878 2472 4950 qui
2526 4875 2758 4947 singulis
2803 4882 2953 4928 totus
2998 4871 3172 4937 adest,
3228 4876 3281 4924 et
3308 4874 3457 4924 totus

215 4996 442 5052 xpatzt.
473 4978 629 5032 υῦτω
665 4978 728 5049 δὴ
759 4979 852 5031 καὶ
879 4979 938 5032 τὸ
967 4977 1190 5048 Πνεῦμα
1222 4978 1433 5047 ἑκάστῳ
1474 4975 1578 5029 τῶν
1616 4974 1762 5026 δεκτι

1911 4971 2096 5040 ibique
2119 4979 2223 5024 est.
2253 4970 2355 5034 Qui
2389 4969 2466 5023 sic
2495 4966 2758 5022 dividitur
2781 4973 2840 5018 ut
2868 4965 2984 5034 ipse
3019 4963 3151 5016 nihil
3181 4960 3459 5030 patiatur;

213 5075 351 5138 κῶν,
388 5074 466 5137 ὼς
501 5075 644 5145 μόνῳ
689 5073 882 5145 παρὸν,
925 5071 1124 5144 διαρκῆ
1172 5073 1282 5134 τοῖς
1335 5070 1468 5122 πᾶσι
1495 5068 1593 5138 τὴν
1633 5066 1756 5138 χάρι

1909 5065 2056 5133 :njns
2109 5065 2188 5118 sic
2235 5077 2428 5117 omnes
2464 5060 2760 5131 participes
2798 5067 2948 5120 sunt,
3003 5065 3060 5110 ut
3091 5055 3205 5124 ipse
3248 5059 3457 5105 maneat

212 5165 508 5237 ὁλόκληρον
561 5166 882 5236 ἐπαφίησιν·
935 5159 996 5218 οὗ
1043 5162 1302 5217 ἀπολαύει
1353 5162 1420 5214 τὰ
1463 5160 1754 5231 μετέχοντα

1920 5163 2130 5225 ntcger,
2166 5153 2302 5208 radii
2348 5152 2547 5208 solaris
2581 5151 2634 5204 in
2668 5165 2898 5214 morem,
2943 5148 3102 5217 cujus
3138 5143 3460 5200 beneﬁcium

217 5259 342 5312 ὅσον
378 5257 517 5311 αὖτά
548 5258 788 5328 πέφυκεν
817 5290 834 5316 υ
980 5257 1079 5326 οὐχ
1107 5257 1229 5310 ὅσον
1251 5255 1426 5306 ἐκεῖνο
1446 5251 1686 5305 δύναται.

1913 5247 2100 5301 ruenti
2152 5257 2410 5315 tanquam
2458 5244 2553 5297 uni
2597 5243 2772 5307 adest,
2825 5250 2881 5295 et
2920 5248 3102 5294 tamen
3154 5245 3355 5290 terram
3398 5245 3461 5283 ac

225 5369 373 5407 mare
421 5325 679 5417 illustrat,
729 5325 1099 5420 misceturque
1133 5349 1264 5404 aeri.
1318 5349 1409 5403 Sic
1458 5356 1512 5403 et
1557 5346 1794 5415 Spiritus
1833 5353 2080 5405 sanctus,
2118 5341 2414 5410 unicuique
2452 5338 2735 5409 capacium
2905 5348 3030 5427 cum
3096 5329 3245 5427 aiis“
3305 5325 3462 5427 (ιιξειξί

225 5446 351 5508 soli,
385 5444 741 5500 sullicientcm
770 5417 1026 5500 omnibus
1053 5445 1280 5516 gratiam
1341 5455 1404 5495 ac
1468 5438 1736 5508 inti-graui
1778 5431 2016 5488 iul‘undit
2057 5452 2069 5487 :
2138 5447 2247 5502 quo
2301 5429 2560 5484 fruuntur
2589 5437 2930 5496 quaecunque
2977 5420 3044 5475 de
3095 5419 3190 5472 illo
3237 5417 3463 5486 partici-

228 5547 378 5607 pant,
408 5546 670 5606 quantum
700 5537 833 5605 ipsis
883 5537 963 5592 las
999 5547 1082 5592 est
1117 5547 1328 5602 natura,
1364 5551 1470 5586 non
1505 5538 1774 5600 (llltlllllllll
1809 5527 1896 5581 ille
1926 5534 2123 5598 potest.

428 5627 712 5691 Οίκείωσις
743 5629 796 5681 δὲ
835 5629 1146 5699 Πνεῦματος
1180 5627 1312 5698 πρὸς
1339 5625 1522 5699 ψυχὴν
1541 5624 1638 5693 οὑχ
1658 5621 1685 5672 ὁ
1707 5619 1792 5673 διὰ

2087 5617 2322 5688 Spiritus
2353 5625 2529 5668 autem
2564 5627 2687 5665 cum
2719 5609 2896 5662 anima
2925 5599 3243 5675 coniunctio
3275 5614 3382 5653 non
3407 5598 3467 5653 lit

229 5723 394 5776 τόπου
442 5723 838 5794 προσεγγισμὸς
885 5724 1024 5790 (πῶς
1067 5725 1173 5790 γὰρ
1219 5724 1284 5776 ἂν
1349 5719 1674 5790 πλησιάσαις
1717 5714 1777 5786 τᾷ

1924 5709 2006 5763 oci
2035 5707 2436 5780 propinquitate
2471 5705 2617 5776 (nam
2660 5703 2753 5773 qui
2781 5699 2872 5756 ﬁat
2905 5707 2965 5753 ut
2987 5696 3054 5753 ad
3082 5695 3467 5766 incorporeum

311 5819 326 5849 ⁸
359 5813 515 5875 Jun.
559 5833 652 5883 xit,
687 5819 776 5876 49.
854 5824 873 5852 ¹
905 5819 1062 5874 Joan.
1108 5821 1308 5887 xv,‘26.
1387 5819 1407 5851 ³
1443 5819 1584 5873 Psul.
1621 5833 1661 5884 ι,
1697 5815 1784 5884 1'2,
1825 5814 1848 5867 1

862 5824 873 5852 ⁵
905 5819 1062 5874 Joau.
1108 5821 1308 5887 xv,‘26.
1387 5819 1407 5851 ³
1443 5819 1584 5873 Psal.
1621 5833 1661 5884 ι,
1697 5815 1784 5884 lit,
1825 5814 1915 5872 15.
1990 5814 2010 5846 ⁸
2041 5812 2199 5869 Joan.
2232 5828 2304 5872 iv.
2339 5809 2410 5863 24
