3920 6624
527 325 640 434 ιιι

1790 361 2084 425 EU'l'HYll

2217 369 2584 430 ZlGADENI
3670 370 3757 436 7H

531 487 886 558 corporaliter
920 487 1148 543 accedas
1163 486 1230 557 ?),
1262 487 1354 542 sed
1377 501 1407 541 a
1429 485 1820 556 cupiditatibus
1851 501 2086 552 recessu,

2188 488 2462 560 ἀσωμάτῳ
2486 491 2808 562 σωματικῶς
2829 493 2890 564 ;),
2921 494 3032 548 ἀλλ’
3051 495 3079 547 ὁ
3105 493 3395 567 χωρισμὸς
3423 492 3533 546 τῶν
3559 494 3742 558 παθῶν,

529 595 650 648 quae
678 587 800 650 post
820 589 1167 636 accesserunt
1193 580 1384 634 anima:
1405 587 1626 649 propter
1647 579 1936 634 amicitiam
1967 593 2094 649 erga

529 686 770 735 carnem,
793 671 997 727 etaDei
1028 673 1305 728 consortio
1331 673 1653 726 alienarunt.
1681 671 1884 742 itaque,
1909 674 1954 728 si
1972 673 2096 742 quis

527 764 695 825 abeo,
718 764 860 833 quod
892 765 1007 819 vitii
1040 765 1160 820 labe
1192 773 1561 830 contraxerat,
1592 765 1790 835 probro
1812 773 2090 836 purgetur,

523 863 686 924 atque
709 855 774 908 ad
811 856 1049 910 nativam
1084 857 1543 926 pulchritudinem
1569 872 1820 911 reversus
1847 857 1988 910 velut
2009 871 2095 915 re-

522 947 622 1016 giae
650 948 869 1018 imagini
906 947 1134 1002 formam
1171 959 1400 1003 veterem
1437 963 1533 1019 per
1561 948 1848 1017 puritatem
1881 945 2091 1012 reddat,

522 1038 625 1092 hoc
652 1054 761 1092 uno
781 1039 1000 1094 demum
1033 1040 1193 1094 modo
1219 1050 1398 1111 potest
1428 1041 1494 1094 ad
1526 1038 1861 1095 Paracletum
1899 1055 2094 1110 appro-

523 1127 810 1196 pinquare.
862 1127 956 1184 llle
1005 1140 1219 1196 autem,
1265 1130 1430 1184 veluti
1488 1131 1603 1193 sol,
1655 1145 1848 1200 purum
1899 1137 2092 1186 nactus

521 1222 764 1283 oculum,
800 1221 1050 1278 ostendet
1072 1220 1180 1276 'tibi
1215 1223 1268 1275 in
1292 1221 1475 1290 seipso
1508 1222 1797 1291 imaginem
1832 1221 1975 1277 illius
1999 1224 2089 1293 qui

523 1314 696 1368 videri
733 1331 841 1369 non
877 1323 1077 1384 potest.
1120 1315 1175 1368 lu
1224 1315 1377 1369 beata
1425 1325 1601 1368 autem
1639 1315 1800 1383 hujus
1839 1316 2092 1386 imaginis

523 1406 978 1475 contemplatione
1019 1406 1228 1462 videbis
1273 1407 1598 1460 ineﬁ‘abilem
1643 1408 1921 1477 archetypi
1972 1409 2093 1477 pul-

524 1495 904 1551 chritudinem.
925 1495 1026 1551 Per
1054 1497 1199 1550 hunc
1231 1498 1394 1551 corda
1431 1498 1790 1552 sustolluntur
1818 1498 1872 1550 in
1897 1498 2088 1564 altum,

524 1601 688 1640 manu
734 1587 1010 1640 ducuntur
1046 1587 1279 1651 inﬁrmi,
1327 1588 1674 1658 proﬁcientes
1713 1589 2084 1660 perﬁciuntur.

524 1676 625 1732 llic
643 1681 722 1734 eis
760 1680 856 1749 qui
877 1679 944 1733 ab
968 1681 1115 1734 omni
1147 1679 1306 1736 sorde
1342 1683 1557 1750 purgati
1588 1692 1716 1738 sunt
1743 1685 2087 1753 illucescens,

524 1786 620 1840 per
646 1771 1082 1826 communionem
1108 1788 1271 1842 quam
1297 1789 1418 1827 cum
1452 1775 1568 1843 ipso
1591 1776 1811 1844 habent,
1835 1777 2092 1846 spiritua-
2118 1808 2158 1861 Β

523 1862 604 1918 les
637 1863 827 1917 reddit.
861 1863 926 1916 Et
946 1864 1401 1933 quemadmodum
1432 1881 1660 1936 corpora
1696 1867 1884 1931 nitida,
1920 1869 2090 1938 pellu-

523 1955 773 2023 cidaque,
799 1964 1048 2011 contacta
1082 1957 1254 2024 radio,
1291 1958 1424 2013 ﬁunt
1444 1968 1498 2014 et
1529 1961 1646 2031 ipsa
1676 1977 1839 2031 supra
1870 1963 2090 2017 modum

524 2045 828 2114 splendida,
881 2054 935 2100 et
964 2047 1129 2100 alium
1179 2047 1442 2117 fulgorem
1474 2066 1540 2105 ex
1563 2066 1684 2106 sese
1732 2051 2088 2121 profundunt,

527 2135 599 2188 ita
625 2139 819 2189 anima:
859 2152 979 2205 quae
1022 2136 1280 2206 Spiritum
1317 2138 1525 2204 ferunt,
1569 2141 2022 2214 illustranturque
2058 2159 2090 2198 a

526 2222 758 2294 Spiritu,
779 2226 914 2280 ﬁunt
937 2236 990 2282 et
1022 2228 1153 2296 ipsa:
1176 2229 1508 2297 spirituales,
1533 2239 1586 2285 et
1626 2232 1679 2286 in
1700 2233 1836 2289 alios
1859 2235 2088 2304 gratiam

521 2318 796 2372 emittunt.
829 2318 966 2372 llinc
991 2320 1298 2373 futurorum
1325 2322 1685 2390 praescientia,
1707 2325 2088 2395 mysteriorum

521 2409 910 2480 intelligentia,
952 2413 1288 2498 occultorum
1333 2415 1780 2484 comprehensio,
1825 2416 2091 2471 donorum

522 2499 962 2567 distributiones,
1003 2505 1245 2559 cmlestis
1295 2509 1680 2572 conversatio,
1722 2523 1844 2562 cum
1885 2510 2091 2580 angelis

522 2591 718 2646 chorea
750 2611 763 2646 :
796 2593 924 2646 hinc
946 2593 1200 2664 gaudium
1230 2611 1508 2665 nunquam
1543 2596 1858 2662 ﬁniendum,
1886 2599 2012 2654 hinc
2033 2600 2091 2654 in

523 2686 631 2739 Deo
663 2686 1084 2753 perseverantia,
1117 2687 1244 2742 hinc
1271 2688 1572 2742 similitudo
1600 2704 1721 2743 cunt
1746 2689 1874 2755 Deo,
1899 2699 1952 2746 et
1983 2707 2092 2760 quo

520 2776 654 2830 nihil
683 2778 970 2832 sublimius
1003 2780 1176 2848 expeti
1221 2788 1419 2849 potest,
1450 2779 1575 2835 hinc
1607 2788 1691 2836 est
1721 2789 1779 2835 ut
1805 2781 1940 2838 deus
1969 2784 2086 2839 ﬁas.

517 2952 1053 3028 Ejusdetttradversus
1087 2973 1172 3010 eos
1203 2960 1293 3026 qui
1313 2959 1492 3010 dicunt
1525 2975 1626 3012 non
1659 2969 1900 3028 oportere
1935 2959 2084 3012 Patri

614 3035 660 3076 et
688 3023 827 3078 Filio
850 3027 1138 3098 adjungere
1161 3023 1421 3097 Spiritum
1445 3023 1707 3083 sanctum.
1734 3029 1866 3100 Cap.
1895 3030 1979 3084 10.

587 3115 954 3184 Nonoportet,
989 3119 1259 3186 inquiunt,
1324 3117 1471 3172 Patri
1534 3127 1588 3173 et
1638 3118 1774 3174 Filio
1827 3121 2089 3192 adjuuge-

2186 577 2349 650 ἅπερ,
2391 580 2497 633 ἀπὸ
2524 582 2622 653 τῆς
2657 583 2789 654 πρὸς
2823 584 2920 656 τὴν
2956 586 3132 657 σάρκα
3170 586 3361 653 φιλίας
3395 585 3617 656 ὕστερον
3645 589 3742 639 ἐπι·

2185 668 2443 738 γινόμενα
2482 673 2546 742 τῇ
2585 671 2752 745 ψυχῇ,
2799 675 2901 744 τῆς
2953 676 3060 728 ἀπὸ
3110 675 3203 728 τοῦ
3249 674 3395 727 Θεοῦ
3443 676 3746 746 οἰκειότητος

2184 758 2534 832 ⁴Ιίλλοτρίωσε.
2571 763 2928 834 Καθαρθέντα
2966 765 3029 838 δὴ
3069 761 3161 820 οὖν
3191 765 3306 819 ἀπὸ
3341 765 3438 818 τοῦ
3471 765 3747 835 αἶσχου;,ὅ

2186 853 2494 922 ἀνεμάξατο
2529 853 2617 908 διὰ
2655 856 2752 926 τῆς
2779 857 2995 923 κακίας,
3040 860 3130 912 καὶ
3167 858 3308 930 πρὸς
3343 858 3408 910 τὸ
3452 859 3517 910 ἐκ
3557 859 3746 928 φύσεως

2186 941 2378 1007 κάλλος
2416 944 2794 1011 ἐπανελθόντα,
2849 949 2943 1001 καὶ
2989 944 3099 1002 οἷον
3138 949 3313 1002 είκὸνι
3370 947 3620 1019 βασιλικῇ
3665 952 3746 1020 τὴν

2186 1035 2418 1107 ἀρχαίαν
2457 1038 2670 1111 μορφὴν
2703 1039 2793 1093 διὰ
2831 1041 3202 1113 καθαρότητος
3248 1043 3554 1105 ἀποδόντα,
3599 1042 3747 1107 οὕτως

2186 1130 2302 1182 ἐστὶ
2326 1131 2500 1200 μόνως
2521 1133 2878 1203 προσεγγίσαι
2900 1135 2976 1205 τῷ
2995 1135 3369 1206 Παρακλήτῳ.
3406 1135 3467 1186 ’0
3495 1133 3559 1196 δ’,
3584 1135 3747 1205 ὥσπερ

2184 1217 2353 1289 ἥλιος,
2390 1221 2799 1293 κεκαθαρμένον
2821 1223 2975 1295 ὄμμα
3006 1226 3370 1296 παραλαϐὼν,
3408 1225 3574 1290 δείξει
3605 1243 3680 1277 σοι
3702 1231 3748 1279 ὲν

2187 1310 2363 1381 ἑαυτῷ
2399 1313 2499 1383 τὴν
2533 1315 2714 1368 είκόνα
2749 1318 2842 1371 τοῦ
2885 1318 3135 1387 ἀοράτου.
3178 1319 3264 1370 Ἐν
3296 1318 3359 1369 δὲ
3393 1317 3477 1388 τῷ
3518 1319 3748 1387 μακαρίῳ

2185 1401 2283 1470 τῆς
2311 1402 2516 1466 εἰκόνος
2542 1403 2772 1476 θεάματι
2809 1407 2869 1459 τὸ
2899 1408 3135 1478 ἄρρητον
3167 1409 3290 1478 ὕψει
3324 1407 3427 1460 τοῦ
3463 1408 3748 1478 ἀρχετύπου

2186 1492 2402 1557 κάλλος.
2433 1495 2533 1548 Διά
2557 1496 2743 1549 τούτου
2786 1499 3023 1569 καρδιῶν
3050 1501 3314 1563 ἀνάϐασις
3341 1539 3359 1562 ,
3505 1517 3749 1570 χειραγωο

2184 1582 2277 1648 γία
2303 1584 2410 1638 τῶν
2439 1586 2826 1653 ἀσθενούντων,
2860 1587 2970 1641 τῶν
3003 1589 3436 1661 προκοπτόντων
3471 1589 3744 1654 τελείωσις.

2187 1673 2377 1737 Τοῦτο,
2413 1677 2525 1738 τοῖς
2570 1677 2678 1730 ἀπὸ
2718 1678 2898 1747 πάσης
2947 1679 3162 1748 κηλίδος
3201 1679 3645 1750 κεκαθαρμένοις
3677 1683 3746 1735 ἐλ-

2185 1762 2417 1836 λάμπον,
2458 1770 2522 1837 τῇ
2558 1769 2693 1839 πρὸς
2715 1769 2874 1822 ἑαυτὸ
2901 1768 3154 1840 κοινωνίᾳ
3191 1770 3608 1840 πνευματικοὺς
3635 1772 3745 1825 ἀπο-

2182 1856 2442 1913 δείκνυσι.
2484 1860 2594 1911 Καὶ
2635 1859 2822 1932 ὥσπερ
2861 1860 2932 1913 τά
2971 1861 3200 1931 λαμπρά
3239 1863 3339 1915 καὶ
3390 1861 3620 1933 διαφανῆ
3655 1863 3741 1915 τῶν

2187 1949 2472 2021 σωμάτων,
2515 1951 2730 2014 ἀκτῖνος
2776 1952 2958 2014 αὐτοῖς
3001 1951 3355 2022 ἐμπεσούσης
3395 1997 3411 2018 ,
3549 1954 3677 2006 αὑτά
3695 1971 3739 2006 τε

2184 2037 2393 2108 γίνεται
2435 2040 2776 2110 περιλαμπῆ,
2819 2027 2910 2094 καί.
2952 2041 3145 2112 ὲτέραν
3190 2041 3374 2112 αὐγὴν
3418 2043 3515 2110 ἀφ’
3560 2043 3738 2094 ἑαυτῶν

2183 2129 2516 2184 amco-timeo
2559 2129 2730 2192 οὕτως
2761 2133 2817 2184 αἱ
2859 2130 3538 2204 πνευματοφόροιψυχαὶ,
3568 2131 3738 2201 ἐλλαμ-

2185 2224 2399 2293 φθεῖσαι
2422 2225 2570 2296 παρά
2601 2224 2694 2277 τοῦ
2726 2225 3059 2295 Πνεύματος,
3092 2225 3252 2279 αὐταί
3285 2242 3347 2277 τε
3378 2223 3735 2277 ἀποτελοῦνται

2187 2319 2573 2386 πνευματικαὶ,
2615 2317 2708 2370 καί⁸
2747 2318 2828 2380 είς
2868 2317 3083 2388 ἑτέρους
3117 2317 3213 2388 τὴν
3235 2318 3407 2388 χάριν
3439 2315 3734 2381 ἐξαποστέλ-

2185 2409 2384 2463 λουσιν.
2430 2409 2705 2462 Ἐντεῦθεν
2739 2407 3040 2480 μελλόντων
3070 2407 3409 2479 πρόγνωσις,
3457 2405 3734 2475 μυστηρίων

2186 2499 2421 2562 σύνεσις,
2456 2499 2852 2572 κεκρυμμένων
2865 2497 3184 2568 κατάληψις,
3202 2498 3566 2569 χαρισμάτων
3587 2496 3730 2548 διανο-

2187 2594 2308 2663 μαὶ,
2339 2593 2398 2645 τὸ
2419 2593 2665 2663 ούράνιον
2693 2592 3011 2662 πολίτευμα,
3033 2594 3066 2663 ὴ
3103 2591 3239 2661 μετά
3266 2589 3527 2658 ἀγγέλων
3554 2587 3730 2658 χορεία,

2183 2683 2596 2755 ήάτελεύτητος
2777 2683 3100 2754 εὐφροσύνη,
3138 2685 3170 2754 ἡ
3207 2683 3264 2736 ὲν
3301 2681 3430 2752 Θεῷ
3457 2680 3727 2751 citatam/ipf,

2185 2777 2320 2848 πρὸς
2374 2777 2504 2830 Θεὸν
2545 2777 2820 2849 ὁμοίωσις,
2875 2777 2936 2830 τὸ
2989 2776 3290 2848 ἀκρότατον
3341 2776 3460 2830 τῶν
3502 2772 3729 2843 ὁρατῶν.

2186 2866 2306 2922 θεὸν
2333 2868 2604 2936 γενέσθαι.

2185 2958 2300 3014 Τοῦ
2317 2963 2502 3016 αὑτοῦ
2516 2961 2664 3029 πρὸς
2683 2961 2824 3026 τοὺς
2843 2960 3224 3030 λέγοντας-μὴ
3247 2960 3467 3027 χρῆναι
3495 2952 3729 3030 emtiq-

2253 3045 2383 3086 σειν
2405 3032 2582 3101 Ilatpl
2599 3033 2696 3086 καί
2721 3031 2827 3096 Υἱῴ
2849 3033 2914 3084 τὸ
2929 3031 3101 3100 ἅγιον
3114 3029 3378 3099 Πνεῦμα.
3403 3029 3616 3095 Κεφαλ.
3635 3029 3682 3076 ι’.

2253 3124 2326 3176 Οὐ
2380 3126 2508 3194 χρὴ,
2544 3125 2698 3192 φασὶ,
2747 3125 2922 3196 Πατρὶ
2968 3127 3064 3177 καὶ
3097 3123 3210 3194 Υίῷ
3269 3118 3626 3187 συντετάχθαι
3675 3113 3722 3166 τὸ

517 3222 576 3262 re
602 3205 862 3274 Spiritum
886 3219 1136 3264 sanetum
1177 3210 1415 3279 :partim
1463 3225 1527 3265 eo
1584 3213 1726 3281 quod
1771 3213 1842 3268 sit
1895 3213 2086 3270 aliena:

2184 3213 2340 3282 ἆγιον
2371 3216 2616 3285 Πνεῦμα,
2645 3216 2732 3270 διά
2767 3231 2830 3268 τε
2861 3213 2923 3267 τὸ
2951 3216 3048 3286 τῆς
3077 3213 3290 3282 φύσεως
3316 3213 3612 3281 ἀλλότριον,
3651 3204 3728 3257 καὶ

519 3311 748 3367 naturae,
774 3302 968 3372 partim
994 3301 1138 3371 quod
1174 3301 1438 3371 dignitate
1474 3301 1545 3357 sit
1581 3300 1829 3356 inferior.
1877 3302 2084 3367 Quibus

517 3409 730 3464 aequum
761 3400 844 3445 est
872 3399 928 3445 ut
961 3391 1330 3459 apostolorum
1361 3391 1545 3447 verbis
1595 3385 2025 3461 respondeamus
2071 3412 2083 3448 :

517 3466 626 3537 Deo
663 3490 860 3550 oportet
891 3480 1098 3535 obedire
1126 3482 1293 3550 magis
1329 3497 1487 3550 quam
1521 3481 1816 3536 hominibus
1883 3484 1922 3537 ‘.
1952 3482 2085 3537 Nam

517 3573 563 3626 si
584 3571 844 3626 Dominus
879 3581 1062 3640 aperte
1089 3571 1142 3624 in
1171 3571 1432 3626 tradendo
1461 3572 1743 3629 salutifero
1766 3575 2088 3645 baptismate

518 3665 772 3734 praecepit
802 3663 1106 3731 discipulis,
1141 3673 1198 3716 ιιι
1239 3664 1576 3733 baptizarent
1602 3681 1790 3722 omnes
1816 3675 2002 3737 gentes
2031 3667 2084 3720 in

514 3755 733 3808 nomine
758 3753 937 3808 Patris
970 3762 1022 3807 et
1066 3754 1185 3808 Filii
1223 3764 1276 3811 et
1325 3755 1771 3826 Spiritus'sancti
1840 3760 1895 3821 ³,
1945 3758 2085 3812 haud

515 3843 837 3913 dedignatus
888 3860 1012 3896 cum
1056 3844 1150 3900 illo
1203 3848 1542 3902 consortium
1591 3867 1603 3902 :
1649 3856 1839 3902 contra
1883 3848 1972 3902 isti
2003 3848 2086 3903 di»

513 3945 678 3997 cunt,
724 3951 832 3988 non
883 3946 1133 4004 Oportcre
1177 3936 1441 4006 Spiritum
1490 3937 1634 3991 Patri
1843 3938 2085 4009 Filioque

513 4027 864 4096 conjungere;
899 4041 965 4078 an
993 4041 1099 4080 non
1135 4025 1226 4079 Dei
1263 4037 1535 4097 praecepto
1586 4029 1762 4097 palam
1791 4028 2086 4085 adversan-

514 4118 640 4173 tur?
675 4117 909 4180 Etenim,
937 4117 981 4171 si
1013 4117 1203 4170 dicunt
1231 4118 1542 4186 hujusmodi
1567 4121 1948 4188 conjunctione
1977 4138 2085 4176 non

513 4205 776 4259 declarari
803 4205 964 4257 ullam
1000 4207 1439 4260 communionem
1470 4215 1565 4260 aut
1613 4209 1971 4276 consortium;
2003 4210 2087 4263 di-

512 4310 640 4355 cant
667 4300 927 4370 quidnam
957 4301 1246 4353 convcniat
1296 4301 1397 4355 hoc
1445 4302 1758 4357 existimare
1781 4341 1797 4368 ,
1831 4310 1884 4356 et
1922 4317 2081 4373 quam

513 4393 672 4446 aliam
701 4391 928 4446 etl'erant
949 4393 1119 4462 magis
1146 4394 1476 4461 peculiarem
1503 4395 1768 4447 consortii
1796 4395 2086 4450 rationem?

514 4482 580 4537 Et
613 4483 831 4553 quidem
876 4483 921 4538 si
956 4483 1219 4539 Dominus
1269 4485 1372 4540 sibi
1417 4495 1469 4540 et
1504 4484 1648 4538 Patri
1682 4501 1789 4540 non
1837 4487 2084 4555 adiunxit

517 4571 778 4642 Spiritum
818 4571 869 4626 in
901 4572 1194 4643 baptismo,
1221 4589 1397 4644 neque
1423 4575 1585 4628 etiam
1613 4575 1770 4630 nobis
1800 4575 1932 4630 vitio
1964 4591 2083 4630 ver—
2111 4565 2154 4620 Ι)

512 4671 628 4715 tant
660 4662 805 4732 quod
836 4679 930 4717 eos
963 4665 1373 4735 conjungimus.
1413 4663 1554 4718 Nihil
1583 4665 1728 4718 enim
1761 4681 1860 4720 nos
1903 4667 2079 4721 diver—

511 4767 631 4806 sum
668 4770 840 4824 neque
883 4759 1147 4811 sentimus
1174 4797 1187 4820 ,
1225 4773 1400 4826 neque
1434 4757 1727 4825 loquimur.
1763 4759 1858 4812 Sin
1901 4769 2078 4812 autem

511 4847 623 4900 illic
676 4849 1008 4917 conjunctus
1065 4857 1148 4903 est
1194 4849 1339 4901 Patri
1389 4857 1446 4902 et
1489 4850 1627 4904 Filio
1674 4849 1930 4920 Spiritus,
1984 4867 2082 4904 nec

509 4938 801 5008 quisquam
846 4948 926 4992 est
970 4939 1105 4992 adeo
1155 4937 1443 5008 impudens
1469 4977 1482 5002 ,
1515 4949 1574 4992 ut
1606 4939 1754 4993 aliud
1787 4941 2080 5011 quidquam

511 5030 680 5093 dicat,
727 5043 794 5083 ne
824 5029 904 5082 sic
933 5029 1151 5098 quidem
1180 5044 1280 5083 nos
1314 5029 1368 5082 in
1389 5029 1480 5099 jus
1510 5041 1724 5095 vocent,
1755 5032 1803 5086 si
1835 5031 2079 5103 Scriptu-

510 5135 602 5175 ras
630 5121 931 5190 sequimur.

703 5212 808 5267 Sed
842 5213 962 5266 belli
991 5212 1279 5268 adversum
1316 5227 1416 5270 nos
1449 5224 1745 5286 apparatus
1777 5216 2079 5275 instructus

507 5288 611 5369 est,
629 5303 916 5373 omnisque
937 5304 1196 5375 cogitatio
1227 5305 1435 5361 intenta
1463 5315 1548 5362 est
1573 5307 1628 5361 in
1650 5322 1773 5372 nos,
1809 5318 1861 5364 et
1883 5309 2080 5380 lingua:

508 5395 900 5450 maledicorum
931 5395 1021 5449 hic
1055 5395 1430 5452 vehementius
1465 5399 1780 5468 jaculantur
1809 5417 1971 5472 quam
2015 5405 2076 5470 ii,

505 5485 598 5555 qui
631 5486 910 5541 Christum
957 5485 1305 5549 occiderant,
1357 5488 1485 5541 olim
1526 5489 1796 5558 lapidibus
1830 5493 2076 5563 impctie—

507 5589 633 5631 runt
656 5575 1014 5646 Stephanum.
1048 5573 1248 5630 Verum
1283 5592 1350 5630 ne
1381 5590 1807 5648 consequantur,
1832 5593 1890 5639 ιιι
1913 5584 2077 5640 lateat

589 5738 608 5770 ¹
635 5741 758 5794 Act.
791 5753 844 5808 ν,
873 5739 961 5793 29.
1037 5737 1058 5769 ³
1092 5736 1284 5792 Matth.
1321 5753 1506 5806 xxvm,
1546 5740 1630 5799 l9.

2183 3304 2244 3358 ἐδ
2269 3309 2366 3378 τῆς
2389 3306 2544 3374 ἀξίας
2569 3303 2845 3368 καταδεὲς.
2871 3303 3014 3375 Πρὸς
3035 3301 3128 3365 οὓς
3152 3301 3363 3356 δίκαιον
3385 3297 3484 3369 τὴν
3506 3298 3603 3348 τῶι.⁸
3624 3293 3724 3346 dm-

2190 3399 2390 3451 στόλων
2433 3397 2615 3468 φωνὴν
2659 3393 3058 3468 ἀποκρίνασθαι
3099 3425 3116 3456 ,
3279 3393 3364 3444 ὅτι
3416 3391 3726 3454 ΙΙειιὶαρχεῑν

2188 3486 2310 3552 Θεῷ
2341 3487 2434 3542 δεῖ
2442 3486 2681 3557 μᾶλλον
2703 3485 2739 3552 ἢ
2767 3481 3115 3551 ἀνθρώποις.
3151 3480 3210 3531 Εἰ
3236 3477 3346 3548 γὰρ
3379 3480 3408 3531 ό
3433 3475 3528 3548 μὲν
3556 3471 3722 3541 Κύριος

2188 3579 2373 3648 σαφῶς
2408 3582 2466 3634 ἐν
2507 3581 2570 3650 τῇ
2607 3575 2900 3648 παραδόσει
2937 3572 3029 3626 τοῦ
3077 3571 3344 3643 σωτηρίου
3389 3566 3722 3640 βαπτίσματος

2187 3671 2487 3746 προσέταξε
2521 3674 2633 3734 τοῖς
2665 3671 2937 3740 μαθηταῖς
2986 3665 3263 3736 βαπτίζειν
3309 3663 3489 3716 πάντα
3525 3658 3588 3712 τὰ
3619 3654 3720 3720 ἔθνη

2186 3766 2266 3826 εἰς
2308 3762 2478 3832 ὄνομα
2520 3760 2731 3830 Πατρὸς
2779 3759 2872 3811 καὶ
2907 3757 3038 3810 Υίοῦ
3082 3756 3175 3807 καὶ
3223 3753 3381 3821 ἀγίου
3421 3749 3717 3817 Πνεύματοςν

2184 3854 2284 3908 οὐκ
2315 3852 2561 3918 ἀπαξιῶν
2590 3852 2687 3923 τὴν
2718 3850 2854 3922 πρὸς
2894 3848 3025 3903 αὐτὸ
3063 3846 3369 3909 κοινωνίαν,
3400 3838 3540 3897 οῦτοι
3580 3839 3629 3890 δὲ
3661 3833 3717 3933 μὴ

2185 3947 2380 4017 χρῆναι
2416 3943 2545 3998 αὐτὸ
2571 3942 2746 4012 Πατρὶ
2778 3942 2870 3994 καὶ
2896 3938 3008 4009 Υίῷ
3031 3937 3349 3991 συντάσσειν
3381 3933 3605 4000 λέγουσι’

2333 4037 2399 4106 τῇ
2429 4033 2522 4087 τοῦ
2555 4011 2946 4101 Θεοῦδιαταγῇ
2968 4028 3258 4103 ,προδήλως
3286 4025 3648 4080 ἀνθίστανται;
3669 4011 3716 4064 Εἰ

2189 4127 2286 4198 μὲν
2322 4127 2427 4198 γάρ
2470 4126 2568 4178 οὐκ
2606 4118 2743 4177 εἷναί
2778 4139 2908 4192 φασι
2943 4122 3042 4191 τὴν
3078 4119 3331 4187 τοιαύτην
3365 4112 3605 4178 σύνταξιν
3629 4122 3716 4159 κοι-

2186 4219 2377 4281 νωνίας
2429 4217 2571 4280 τινὸς
2613 4215 2707 4269 καὶ
2740 4213 3034 4282 συναφείας
3067 4208 3389 4276 δηλωτικὴν,
3426 4204 3712 4259 είπάτωσαν,

2183 4310 2235 4363 τί
2270 4311 2367 4380 μὲν
2397 4308 2634 4379 νομίζειν
2662 4305 2818 4358 τοῦτο
2848 4305 3149 4377 προσήκει;
3187 4302 3307 4354 τίνα
3336 4299 3390 4352 δὲ
3419 4299 3590 4366 ἕτερον
3615 4302 3713 4380 συντ

2183 4372 2376 4469 αφείας
2418 4372 2617 4470 τρόπον
2668 4372 3252 4467 οίκειότενροννέχουση
3295 4391 3543 4453 Καίτοιγε
3580 4372 3711 4444 εξμῆ

2186 4491 2420 4562 συνῆψεν
2515 4490 2718 4561 Κύριος
2765 4488 2943 4557 ἐαυτῷ
2979 4487 3073 4540 καὶ
3105 4484 3180 4556 τῷ
3213 4485 3387 4554 Πατρὶ
3425 4480 3482 4533 τὺ
3528 4469 3712 4538 Πνεῦμα

2185 4585 2325 4640 κατά
2368 4585 2428 4638 τὸ
2471 4584 2772 4655 βάπτισμα,
2823 4580 2956 4652 μηδὲ
2997 4582 3125 4651 ἡμῖν
3463 4569 3709 4669 συνάφεξαγ

2183 4675 2609 4746 ἐγκαλείτωσαν.
2661 4671 2826 4724 Οὐδὲν
2873 4670 2984 4742 γὰρ
3034 4672 3194 4740 ἡμεῖς
3243 4668 3567 4736 ἀλλοιότερον
3611 4666 3709 4753 om:

2183 4768 2506 4840 φρονοῦμεν,
2535 4765 2659 4820 οὗτε
2689 4762 3056 4834 φθεγγόμεθα.
3083 4762 3144 4814 Ei
3170 4762 3225 4814 δὲ
3250 4761 3511 4830 συνῆπται
3534 4749 3636 4840 ἐκεῖ
3648 4749 3706 4812 τῷ

2183 4839 2357 4930 ΙΙατρὶ
2391 4859 2485 4912 καὶ
2525 4856 2602 4928 τῷ
2649 4855 2784 4926 Υίῷ,
2821 4856 2913 4908 καὶ
2944 4853 3115 4916 οὐδεὶς
3138 4851 3328 4925 ,οὕτως
3360 4846 3566 4917 ἀναιόὴς
3597 4839 3708 4930 ὦστξ

2181 4925 2316 5005 ἄλλο·
2339 4969 2390 5003 τι
2436 4925 2625 5021 φῆσαι,
2678 4925 2798 5018 μηδ’
2837 4945 3008 5008 οὕτως
3056 4945 3186 5015 ἡμῖν
3231 4943 3631 5012 ἐγκαλείτωσαν,
3668 4925 3706 4977 ει

2181 5047 2290 5108 τοῖς
2317 5041 2724 5112 γεγραμμένοις
2745 5037 3163 5106 ἀκολουθοῦμεν.

2389 5217 2524 5271 Ἀλλ’
2550 5219 2584 5289 ή
2608 5217 2704 5288 μὲν
2729 5214 3049 5286 παρασκευὴ
3075 5211 3167 5265 τοῦ
3197 5211 3320 5265 καθ’
3344 5211 3496 5282 ἡμῶν
3514 5198 3701 5266 πολέμου

2181 5309 2469 5380 ἐἐξήρτυται
2513 5343 2529 5370 υ
2643 5307 2736 5361 καὶ
2764 5308 2913 5359 πᾶσα
2939 5305 3145 5358 διάνοια
3177 5301 3310 5373 πρὸς
3342 5305 3485 5374 ἡμᾶς
3506 5295 3699 5348 τέταται,

2180 5400 2273 5453 καὶ
2308 5400 2545 5469 γλῶσσαι
2576 5398 2909 5470 βλασφημῶν
2944 5392 3045 5450 ὦδε
3083 5394 3362 5460 τοξεύουσι
3402 5383 3698 5470 σφοδρότερφθ

2179 5463 2467 5562 βάλλουσαι
2487 5492 2518 5563 ἢ
2540 5463 2920 5560 τόνέΣτέῷανον
2946 5489 3058 5543 τότε
3075 5491 3185 5552 τοῖς
3206 5487 3374 5550 λίθοις
3394 5487 3444 5539 oi
3469 5463 3698 5563 χριστοφξί·

2177 5560 2276 5641 νοι⁶
2320 5587 2393 5657 μὴ
2436 5560 2850 5641 λανθανέτωσαν
2890 5587 2978 5656 δὲ,
3011 5585 3095 5640 ὄτι
3140 5583 3436 5658 πρόσχημα
3476 5574 3559 5652 μὲν
3583 5560 3694 5638 ἡμᾶς
