3768 6578
390 465 498 528 ἨῚ

1606 469 1978 532 EUTIIYMII

2082 468 2388 530 [GABENI
3516 470 3600 531 τιίὲ

392 618 766 674 ricatoribus?
801 633 982 672 nonne
1014 618 1080 673 iis
1111 617 1204 689 qui
1240 616 1398 672 fidem
1443 618 1814 689 abnegarunt?
1861 617 1964 674 Sed

2082 620 2158 690 τὴν
2189 617 2367 670 πίστιν
2397 617 2794 689 ἀρνησαμένοις
2816 635 2829 684 ;
2855 618 2950 680 Τίς
2977 616 3034 670 δὲ
3063 617 3162 687 τῆς
3191 617 3463 690 ἀρνήσεως
3484 617 3604 687 ἔλεγ-

393 711 535 765 unde
567 713 868 780 probantur
891 710 1229 780 abnegasse?
1257 710 1445 766 Nonne
1479 710 1624 776 hinc,
1657 712 1802 782 quod
1837 726 1966 767 suas

394 804 494 870 ipsi
522 802 892 872 professiones
929 803 1112 857 irritas
1144 802 1426 857 fecerunt?
1452 803 1592 869 Quid
1625 813 1802 859 autem
1837 819 1966 874 pro-

393 896 522 950 fessi
556 903 702 957 sunt,
731 903 824 948 aut
852 894 1117 964 quando?
1147 893 1387 950 Professi
1421 903 1548 950 sunt
1576 897 1800 951 credere
1825 913 1883 952 se
1911 898 1963 950 in

388 984 604 1038 Patrem
637 991 690 1038 et
729 984 925 1038 Filium
967 993 1022 1040 et
1067 986 1328 1055 Spiritum
1364 996 1612 1041 sanctum
1637 1027 1650 1052 ,
1684 997 1796 1042 tum
1837 1003 1960 1042 cum

387 1075 772 1130 renuntiantes
801 1075 1020 1130 diabolo
1054 1087 1109 1130 et
1139 1078 1346 1146 angelis
1379 1079 1499 1147 ejus
1529 1078 1867 1133 salutiferam
1906 1080 1968 1132 il-

390 1163 497 1218 lam
547 1178 736 1219 vocent
780 1164 1090 1219 ediderunt.
1143 1165 1298 1231 Quod
1354 1166 1519 1235 igitur
1563 1167 1683 1221 istis
1738 1166 1962 1236 dignum

389 1257 716 1311 vocabulum
765 1258 1130 1329 excogitatum
1168 1267 1247 1314 est
1289 1274 1318 1311 a
1369 1261 1494 1314 filiis
1548 1259 1728 1314 lueis?
1775 1259 1965 1312 Nonne

393 1341 635 1415 perfugae
655 1357 722 1398 ac
749 1344 1202 1412 prtevaricalores
1232 1344 1619 1412 appellantur,
1655 1353 1712 1398 ut
1753 1344 1843 1414 qui
1888 1359 1978 1398 sa-

375 1435 525 1490 ‘lutis
556 1449 670 1488 suae
694 1444 850 1505 pacta
893 1434 1186 1488 violarint?
1221 1436 1340 1500 Quo
1373 1437 1537 1505 igitur
1584 1437 1801 1491 nomine
1839 1452 1964 1491 eum

373 1526 490 1595 -qui
525 1525 693 1580 Deum
728 1527 1041 1595 abnegavit,
1063 1542 1174 1598 quo
1199 1544 1323 1583 eum
1357 1528 1448 1598 qui
1491 1529 1768 1584 Christum
1804 1531 1965 1584 abne-

395 1619 563 1691 gavit,
596 1618 902 1689 appellem?
937 1619 1182 1685 Quonam
1219 1620 1354 1684 alio,
1389 1637 1551 1691 quam
1587 1623 1970 1691 prtevarieato-

396 1711 476 1767 ris
507 1726 571 1766 ac
600 1713 943 1768 desertoris?
975 1715 1043 1765 At
1071 1713 1118 1768 ei
1150 1713 1241 1783 qui
1275 1715 1486 1784 negavit
1510 1713 1794 1783 Spiritum,
1827 1716 1970 1784 quod

398 1818 485 1856 me
525 1802 606 1857 vis
635 1817 826 1856 nomen
861 1802 1178 1872 imponere?
1211 1803 1400 1857 Nonne
1432 1805 1534 1857 hoc
1566 1805 1706 1859 idem
1727 1844 1742 1870 ,
1776 1807 1974 1875 quippe

398 1895 490 1961 qui
526 1902 738 1963 pactum
769 1911 894 1949 cum
932 1895 1040 1950 Deo
1082 1896 1274 1950 initum
1309 1896 1567 1950 violarit?
1597 1896 1738 1968 Ergo
1767 1913 1889 1951 cum
1922 1906 1976 1950 et

2061 728 2189 782 χος;
2223 711 2334 780 Ούχ
2363 710 2443 762 ὅτι
2469 710 2566 772 τὰς
2595 711 2804 773 οἰκείας
2826 709 3116 780 ὁμολογίας
3142 707 3442 780 ήθέτησανς
3477 711 3606 780 Ὠμο-

2061 803 2296 872 λόγησαν
2316 802 2371 854 δὲ
2400 801 2472 862 τί,
2497 801 2529 870 ἦ
2554 802 2680 854 πότε
2700 819 2713 865 ;
2734 800 3018 853 Πιστεύειν
3046 803 3125 864 είς
3152 800 3370 871 Πατέρα
3396 803 3482 854 καὶ
3504 804 3607 856 Υίὸν

2062 896 2155 948 καὶ
2181 894 2333 962 ἅγιον
2362 893 2602 964 Πνεῦμα,
2635 895 2743 957 ὅτε,
2778 893 3176 963 ἁποταξάμενοι
3198 892 3276 962 τῷ
3296 893 3512 964 διαϐόλῳ
3531 899 3606 949 καὶ

2063 989 2175 1048 τοῖς
2209 985 2464 1054 ἀγγέλοις
2499 984 2685 1046 αὑτοῦ,
2733 985 2831 1055 τὴν
2877 986 3140 1055 σωτήριον
3174 984 3388 1053 ἐκείνην
3417 985 3606 1054 ἀφῆκαν

2065 1078 2264 1143 φωνήν.
2310 1072 2404 1136 Τίς
2438 1068 2530 1125 οὖν
2565 1073 2848 1144 πρέπουσα
2878 1073 3086 1136 τούτοις
3123 1073 3456 1144 προσηγορία
3486 1078 3609 1143 παρὰ

2063 1164 2170 1217 τῶν
2201 1163 2405 1217 τέκνων
2450 1164 2543 1217 τοῦ
2589 1165 2762 1234 φωτὸς
2805 1165 3101 1236 ὲξευρέθη;
3152 1164 3286 1234 Οὐχὶ
3336 1164 3608 1235 παραϐάται

2065 1254 2581 1326 προσαγορεύονται,
2625 1255 2701 1318 ὡς
2729 1257 2810 1318 εἱς
2843 1255 2940 1318 τὰς
2974 1257 3071 1327 τῆς
3101 1257 3374 1327 σωτηρίας
3528 1261 3606 1312 αὖ·

2080 1343 2187 1398 τῶν
2223 1346 2494 1416 συνθήκας
2532 1348 3114 1420 παρασπονδήσαντεςς
3159 1351 3225 1402 Τί
3261 1346 3353 1403 οὖν
3381 1352 3506 1406 εἴπω
3535 1355 3607 1406 τὸν

2079 1441 2432 1510 ἀρνησίθεον;
2473 1441 2526 1492 τί
2554 1441 2609 1494 δὲ
2649 1439 2740 1494 τὸν
2782 1442 3225 1512 ἀρνησίχριστονς
3268 1444 3332 1496 Τί
3361 1443 3478 1496 ἄλλο
3505 1448 3605 1516 γεῆ

2074 1535 2430 1608 παραϐάτην;
2478 1535 2567 1606 Τῷ
2599 1537 2653 1590 δὲ
2672 1530 2754 1589 Ῐτὸ
2783 1534 3006 1606 Πνεῦμα
3036 1536 3396 1608 ἀρνησαμένῳ
3424 1539 3532 1591 τίνα
3556 1557 3609 1609 με

2077 1627 2254 1696 βούλει
2286 1629 2654 1700 προσηγορίαν
2695 1627 2913 1692 θέσθαι;
2950 1629 3022 1680 Οὐ
3067 1628 3164 1698 τὴν
3212 1627 3378 1698 αὐτὴν
3419 1628 3608 1700 ταύτην.

2073 1720 2148 1784 ὡς
2167 1720 2264 1784 τὰς
2289 1721 2423 1792 πρὸς
2445 1721 2575 1774 Θεὸν
2602 1720 2908 1793 παραϐάντι
2934 1720 3233 1791 συνθήκας;
3259 1722 3460 1774 Οὐκοῦν
3479 1724 3610 1776 erit:

2075 1811 2168 1863 καὶ
2198 1813 2229 1880 ἡ
2262 1811 2522 1882 ὁμολογία
2563 1812 2663 1881 τῆς
2703 1805 2780 1874 είς
2818 1810 2949 1864 αὐτὸ
3146 1812 3380 1875 πίστεως
3417 1811 3498 1863 τὸν
3533 1815 3612 1882 τῆς

2075 1902 2352 1965 εὐσεϐείας
2406 1902 2752 1973 μακαρισμὸν
2807 1901 3072 1974 προξενεῖ,
3119 1903 3212 1955 καὶ
3255 1903 3528 1972 ἡᾶρνησις
3559 1907 3610 1974 τῇ

401 1985 521 2040 ﬁdei
572 1987 625 2040 in
687 1985 950 2057 Spiritum
994 1988 1263 2057 professio
1314 1988 1708 2044 beatitudinem
1758 1990 1974 2060 pictatis

2082 1991 2396 2062 κατακρίσει
2429 1992 2530 2062 τῆς
2563 1991 2852 2062 ἀθεότητος
2887 1991 3178 2044 ὑποϐάλλει
3201 2032 3214 2054 ,
3252 1991 3370 2054 πῶς
3399 1993 3453 2043 ού
3483 1994 3612 2059 φοϐε-

401 2080 558 2133 nobis
587 2081 873 2142 conciliet,
913 2093 966 2134 et
1013 2082 1300 2151 abnegatio
1337 2083 1553 2136 crimini
1589 2081 1842 2152 abnegati
1883 2080 1973 2135 Dei

402 2171 564 2224 faciat
593 2173 894 2226 obnoxios:
931 2190 999 2226 an
1026 2189 1135 2227 non
1169 2174 1499 2228 horrendum
1518 2183 1602 2230 est
1623 2179 1798 2245 ipsum
1832 2191 1976 2230 nunc

398 2265 646 2332 rejicere,
673 2281 778 2319 non
807 2266 1006 2334 ignem,
1036 2282 1142 2321 non
1176 2266 1437 2337 gladium,
1464 2285 1570 2323 non
1600 2283 1841 2336 crucem,
1869 2285 1974 2324 non

399 2354 630 2423 flagellat,
665 2371 773 2409 non
813 2365 1015 2419 rotam,
1053 2371 1159 2410 non
1192 2365 1462 2412 tormenta
1491 2367 1797 2415 metuentes
1820 2401 1834 2421 .
1881 2363 1975 2415 sed

400 2447 532 2507 solis
555 2447 986 2516 sophismatibus
1013 2449 1538 2520 seductionibusque
1581 2453 1811 2508 istorum
1834 2494 1848 2517 ,
1883 2456 1974 2523 qui

401 2535 630 2605 Spiritui
677 2539 904 2594 rebelles
956 2549 1108 2606 sunt,
1151 2540 1452 2612 deceptos?
1487 2543 1774 2599 Testificor
1827 2547 1973 2600 omni

399 2628 606 2681 homini
636 2627 911 2682 Christum
945 2631 1250 2699 profitenti,
1283 2640 1337 2688 et
1369 2632 1536 2687 Deum
1561 2635 1806 2704 neganti,
1829 2637 1972 2703 quod

396 2718 653 2774 Christus
692 2720 826 2774 nihil
880 2721 953 2775 illi
997 2723 1276 2792 proderit;
1314 2733 1407 2778 aut
1453 2723 1621 2779 Deum
1674 2727 1968 2790 invocanti,

397 2807 590 2863 Filium
625 2827 754 2866 vero
787 2815 1091 2884 spernenti,
1123 2816 1269 2884 quod
1291 2811 1485 2872 ‘inanis
1513 2825 1599 2872 est
1627 2817 1760 2873 fides
1803 2819 1970 2874 illius.

397 2899 530 2958 Item
563 2904 611 2958 ei
643 2905 734 2975 qui
780 2904 1042 2975 Spiritum
1088 2908 1302 2976 rejicit,
1356 2909 1618 2963 testificor
1659 2911 1804 2980 quod
1845 2911 1976 2966 fides

397 2996 518 3062 ejus
549 3011 651 3064 qua
679 2997 966 3066 profitetur
1000 2998 1214 3054 Patrem
1259 3008 1311 3054 et
1348 3000 1566 3064 Filium,
1612 3003 1792 3060 inanis
1826 3006 1931 3060 erit
1961 3024 1972 3058 :

399 3103 559 3155 quam
735 3105 839 3145 nec
864 3091 1066 3146 habere
1101 3101 1278 3161 potest
1319 3093 1423 3148 nisi
1466 3093 1629 3150 simul
1661 3095 1806 3149 adsit
1856 3096 1976 3164 Spi-

401 3180 563 3232 ritus.
611 3179 726 3234 Non
761 3181 908 3235 enim
959 3184 1131 3237 credit
1162 3183 1214 3237 in
1256 3182 1480 3247 Filium,
1511 3187 1602 3253 qui
1655 3201 1760 3240 non
1803 3187 1976 3241 credit

403 3270 656 3340 Spiritui;
688 3289 785 3328 nec
809 3275 982 3328 credit
1010 3275 1062 3328 in
1095 3275 1330 3335 Patrem,
1355 3279 1446 3346 qui
1478 3294 1584 3332 non
1616 3279 1789 3334 credit
1819 3279 1974 3334 Filio.

404 3364 516 3418 Nec
545 3367 683 3421 enim
723 3377 893 3434 potest
931 3370 1101 3424 dicere
1129 3369 1414 3424 Dominum
1426 3369 1630 3434 Iesum,
1652 3373 1756 3425 nisi
1781 3373 1833 3426 in
1863 3370 1979 3439 Spi-

401 3461 507 3510 ritu
533 3467 712 3512 sancto
741 3461 754 3490 ¹
780 3467 883 3524 ;et,
904 3459 1068 3514 Deum
1100 3478 1249 3515 nemo
1272 3463 1396 3517 uidit
1415 3480 1665 3532 unquam,
1687 3464 1777 3518 sed
1800 3465 1978 3535 unige-

403 3549 546 3599 nitus
585 3547 780 3614 Filius,
815 3551 1000 3618 quiest
1040 3553 1093 3604 in
1125 3554 1245 3607 sinu
1271 3554 1480 3618 Patris,
1509 3554 1592 3607 hic
1633 3556 1782 3610 nobis
1822 3573 1978 3610 enar-

403 3638 537 3690 ravit
596 3637 638 3692 ¹.
671 3637 897 3709 Insuper
937 3643 1062 3696 talis
1096 3658 1290 3711 expers
1329 3653 1414 3699 est
1453 3661 1594 3698 vene
1622 3645 1976 3700 adorationis.

399 3727 587 3800 Neque
615 3733 758 3786 enim
794 3733 907 3788 fieri
941 3744 1138 3803 potest,
1174 3745 1232 3788 ut
1262 3737 1386 3805 quis
1418 3734 1612 3791 Filium
1641 3738 1848 3800 adoret,
1873 3737 1979 3792 nisi

402 3823 456 3876 in
490 3821 694 3892 Spiritu
732 3835 956 3889 sancto,
997 3838 1088 3880 aut
1131 3837 1188 3882 ut
1223 3827 1440 3883 Patrem
1489 3829 1736 3894 invocet,
1785 3829 1891 3885 nisi
1928 3829 1981 3882 in

403 3913 714 3986 adeptionis
744 3916 968 3989 Spiritu.

411 4131 661 4196 Ejusdem
694 4134 944 4186 adversus
982 4146 1067 4183 eos
1096 4130 1182 4198 qui
1211 4130 1388 4200 dicunt
1421 4129 1662 4200 sufﬁcere
1713 4127 1975 4200 baptisma

631 4213 834 4255 tantum
867 4204 921 4254 in
978 4199 1186 4254 nomine
1214 4198 1448 4252 Domini.
1489 4198 1640 4268 Cap.
1676 4199 1764 4252 ιε.

486 4316 765 4370 Neminem
819 4331 950 4368 vero
1012 4314 1063 4367 in
1098 4313 1343 4367 fraudem
1368 4313 1588 4368 inducat
1640 4312 1770 4367 illud
1835 4312 1978 4380 Apo-

414 4411 562 4472 smli,
597 4411 742 4478 quod
765 4409 942 4464 Patris
966 4418 1017 4462 et
1053 4407 1288 4478 Spiritus
1308 4409 1478 4461 sancti
1509 4421 1707 4461 nomen
1767 4406 1819 4460 in
1886 4406 1980 4459 ba-

415 4504 615 4572 ptismo
654 4502 1227 4556 commemorationem
1280 4499 1588 4568 frequenter
1623 4499 1858 4552 omittit:
1894 4514 1984 4552 ne-

413 4610 522 4662 que
553 4594 670 4647 ideo
701 4600 847 4661 putet
874 4590 1267 4645 inditl‘erentcm
1298 4605 1418 4645 esse
1450 4591 1727 4643 nominum
1767 4591 1986 4643 invoca-

415 4686 708 4744 cationem.
752 4683 1083 4753 Quicunque,
1122 4682 1312 4751 inquit.
1344 4685 1396 4735 in
1431 4681 1693 4736 Christum
1725 4681 1984 4749 baptismi

413 4780 558 4842 estis,
593 4776 864 4831 Christum
898 4776 1148 4828 induistis
1182 4777 1237 4840 3;
1290 4786 1343 4828 et
1398 4788 1588 4827 rursus
1623 4792 1636 4826 :
1677 4774 1984 4841 Quicunque

415 4873 468 4923 in
499 4869 708 4923 Christo
735 4867 990 4936 baptizati
1023 4869 1170 4930 estis,
1204 4868 1258 4918 in
1286 4876 1504 4918 mortem
1529 4867 1672 4918 illius
1731 4865 1987 4932 baptiznti

413 4962 538 5015 estis
565 4961 610 5015 ⁸⁵.
631 4961 766 5014 Nam
797 4959 997 5014 Christi
1023 4959 1336 5028 appellatio,
1379 4959 1544 5012 totius
1571 4970 1652 5011 est
1690 4957 1988 5026 professio:

416 5053 654 5106 declarat
692 5051 958 5120 siquidem
990 5060 1044 5103 et
1083 5049 1246 5105 Deum
1280 5051 1369 5118 qui
1397 5051 1642 5109 unxit.et
1675 5049 1868 5103 Filium
1889 5050 1980 5117 qui

418 5152 617 5198 unt-tus
645 5151 748 5207 est,
781 5151 835 5198 et
877 5141 1140 5212 Spiritum
1190 5151 1437 5196 sanctum
1477 5141 1568 5211 qui
1623 5151 1706 5196 est
1754 5141 1978 5197 unctio:

411 5235 872 5304 quemadmodum
898 5251 926 5289 a
952 5233 1113 5289 Petro
1148 5234 1200 5289 in
1269 5235 1418 5289 Aetis
1467 5233 1773 5300 didit-imus,
1799 5232 1980 5288 Jesum

411 5327 778 5394 Nazareuum,
802 5345 950 5391 quem
976 5328 1126 5382 unxit
1159 5327 1294 5380 Deus
1327 5325 1527 5394 Spiritu
1565 5338 1748 5381 sancto
1773 5327 1814 5381 ⁵.
1853 5324 1983 5379 Item

410 5419 462 5471 in
495 5417 652 5479 Isaia.
685 5418 920 5484 Spiritus
967 5418 1180 5473 Domini
1212 5433 1368 5486 super
1416 5434 1516 5477 me,
1548 5433 1605 5469 eo
1637 5417 1774 5485 quod
1827 5418 1979 5470 unxit

411 5511 530 5565 me6
560 5531 570 5564 :
606 5523 658 5566 et
693 5513 996 5566 Psalmicus
1041 5511 1128 5565 ille
1166 5520 1391 5574 cantor;
1429 5509 1709 5576 Propterea
1743 5510 1891 5562 unxit
1931 5520 1980 5562 te

414 5605 549 5657 Deus
585 5605 860 5658 Deusmus
914 5605 1026 5657 oleo
1063 5603 1433 5658 ersnltatt'onis
1494 5620 1602 5671 pm:
1657 5603 1982 5657 consortibus

415 5700 518 5750 tuis
551 5701 590 5751 τ.
630 5699 854 5753 Videtur
905 5711 1082 5753 tamen
1147 5700 1415 5753 interdum
1471 5699 1759 5768 Apostolus
1821 5700 1980 5751 etiam

528 5907 540 5934 ¹
589 5908 602 5961 1
657 5906 785 5959 Cor.
837 5924 932 5970 xu,
985 5908 1038 5966 5.

412 5979 430 6007 ⁷
465 5980 582 6032 Ρεξιι
647 5993 788 6043 aur,
825 5980 874 6033 8.

1116 5908 1134 5937 ²
1175 5907 1404 5973 Joen.t,
1455 5907 1540 5964 18.

1619 5907 1637 5939 ³
1673 5905 1790 5964 Gal.
1847 5921 1926 5974 ιιι,
1964 5907 2054 5962 9.7.

2081 2086 2170 2156 ρον
2197 2084 2355 2138 τοῦτο
2526 2083 2618 2138 νῦν
2657 2083 2942 2152 ἀθετῆσαι,
2987 2086 3046 2137 ού
3093 2084 3223 2155 πῦρ,
3271 2085 3331 2136 οὐ
3375 2085 3529 2152 ξίφος,
3562 2085 3613 2136 οὗ

2080 2178 2329 2248 σταυρὸν,
2361 2177 2421 2231 οὑ
2460 2178 2747 2247 μάστιγας,
2785 2178 2846 2230 οὐ
2879 2177 3089 2248 τροχὸν,
3128 2178 3188 2228 οὺ
3241 2175 3612 2246 στρεϐλωτήρια

2079 2271 2430 2341 φοϐηθέντας,
2463 2270 2594 2323 ἀλλά
2632 2270 2928 2339 σοφίσμασι
2961 2269 3144 2340 μόνοις
3174 2269 3266 2321 καὶ
3297 2272 3616 2338 παραγωγαῖς

2078 2363 2184 2416 τῶν
2209 2353 2679 2434 πνευματομάχων
2710 2360 3260 2432 παρακρουσθέντας;
3289 2358 3615 2429 Μαρτύρομαε

2080 2456 2243 2509 παντὶ
2281 2453 2551 2527 ἀνθρώπῳ
2582 2453 2932 2523 ὁμολογοῦντι
2963 2452 3219 2522 Χριστὸν,
3267 2451 3358 2503 καὶ
3395 2449 3477 2501 τὸν
3503 2450 3617 2500 Θεὸν

2079 2544 2416 2614 ἀρνουμένῳ,
2464 2544 2545 2596 ὅτι
2594 2542 2825 2613 Χριστὸς
2871 2542 3029 2595 αὐτὸν
3083 2541 3236 2594 οὐδὲν
3281 2539 3548 2610 ὠφελήσειο
3589 2542 3616 2606 ἢ

2078 2634 2209 2687 Θεὸν
2247 2633 2803 2704 ὲπικαλουμένῳ,”τὸν
2842 2633 2898 2686 δὲ
2941 2633 3068 2684 Υἱὸν
3239 2630 3523 2691 ἀθετοῦντι,
3550 2631 3618 2683 ὅτι

2079 2730 2282 2799 ματαία
2325 2729 2472 2780 ἐστὶν
2519 2729 2551 2799 ή
2603 2728 2783 2789 πίστις
2826 2725 3011 2778 αὑτοῦ·
3061 2725 3156 2778 καὶ
3201 2723 3279 2794 τῷ
3320 2723 3378 2776 τὸ
3425 2723 3619 2793 Πνεῦμα

2079 2821 2517 2892 παραιτουμένῳ,
2545 2821 2625 2873 ὅτι
2659 2821 2690 2890 ἡ
2721 2821 2800 2882 εἰς
2831 2817 3048 2888 Πατέρα
3076 2817 3169 2868 καὶ
3193 2816 3323 2868 Υἱὸν
3347 2815 3514 2876 πίστις
3540 2816 3619 2866 αύ-

2076 2913 2154 2983 τῷ
2187 2916 2266 2977 εἰς
2301 2913 2452 2966 κενὸν
2482 2911 2836 2980 ἀποϐήσεται,
2878 2910 2946 2978 ἦν
2976 2908 3092 2960 οὐδὲ
3119 2907 3263 2977 ἔχειν
3297 2905 3523 2966 δύναται,
3558 2905 3621 2974 μὴ

2079 3012 2455 3082 συμπαρόντος
2496 3007 2588 3060 τοῦ
2634 3005 2968 3074 Πνεύματος.
3013 3003 3088 3054 Οὐ
3133 3001 3376 3054 πιστεύει
3416 2999 3504 3070 μὲν
3528 2999 3620 3067 γὰρ

2079 3106 2158 3165 είς
2192 3103 2319 3155 ru»;
2347 3104 2374 3155 6
2402 3101 2476 3171 μὴ
2510 3098 2776 3153 πιστεύων
2807 3096 2881 3166 τῷ
2911 3095 3208 3165 Πνεύματι·
3239 3095 3298 3147 οὐ
3332 3092 3556 3145 πιστεύει
3575 3093 3622 3143 δὲ

2080 3193 2158 3253 είς
2193 3190 2410 3260 Πατέρα
2449 3191 2477 3241 ὁ
2513 3189 2586 3259 μὴ
2615 3187 2912 3249 πιστεύσας
3083 3184 3163 3255 τῷ
3192 3183 3325 3253 Υίῷ.
3366 3183 3502 3235 Οὔτε
3529 3181 3623 3250 γὰρ

2079 3281 2324 3333 δύναται
2353 3278 2544 3332 εἰπεῖν
2569 3279 2788 3345 Κύριον
2826 3275 3060 3341 Ἰησοῦν
3079 3277 3130 3328 εἶ
3152 3272 3237 3341 μὴ
3264 3273 3334 3324 ἐν
3358 3270 3624 3337 "ruma"

2079 3373 2242 3442 ἁγίῳ·
2277 3371 2391 3434 καὶ,
2447 3370 2595 3423 Θεὸν
2626 3368 2826 3432 οὐδεὶς
2866 3366 3086 3432 ἑώρακε
3139 3364 3392 3426 πώποτε,
3440 3360 3565 3415 ἀλλ’
3601 3363 3629 3411 o'

2076 3463 2412 3533 μονογενὴς
2451 3462 2603 3526 Υἱὸς,
2651 3463 2683 3514 ὁ
2709 3458 2794 3512 ὢν
2821 3460 2889 3513 ἐν
2920 3457 3044 3523 τοῖς
3093 3457 3347 3521 κόλποις
3377 3454 3476 3508 τοῦ
3525 3456 3629 3506 Πα-

2081 3554 2239 3623 τρός,
2279 3550 2459 3617 οὗτος
2501 3551 2645 3620 ἡμῖν
2829 3549 3188 3618 ἐξηγήσατο.
3235 3545 3484 3616 Ἀμοιρὰ
3532 3545 3630 3595 ἐστι

2083 3643 2298 3713 καὶτῆς
2318 3642 2577 3713 ἀληθινῆς
2603 3641 3023 3712 προσκυνήσεως
3051 3641 3078 3691 ὁ
3098 3636 3356 3699 τοιοῦτος.
3387 3635 3517 3687 υῦτε
3538 3634 3633 3700 γὰρ

2087 3734 2213 3787 Υίὸν
2254 3731 2625 3804 προσκυνῆσαι
2664 3729 2886 3783 δυνατὸν
2919 3729 2967 3779 εί
3010 3726 3082 3796 μὴ
3285 3728 3340 3776 ὲν
3379 3722 3634 3792 Πνεύματι

2085 3827 2245 3896 ἁγίῳ,
2273 3824 2393 3878 οὔτε
2425 3823 2849 3878 ἐπικαλέσασθαι
2883 3821 3108 3875 δυνατὸν
3136 3819 3225 3870 τὸν
3258 3817 3470 3890 Πατέρα
3493 3817 3540 3868 εἰ
3573 3813 3636 3883 μὴ

2087 3923 2145 3973 ὲν
2169 3912 2244 3988 τῷ
2269 3919 2365 3988 τῆς
2389 3916 2658 3976 υἱοθεσίας
2692 3916 2984 3984 Πνεύματι.

2089 4097 2203 4153 Τοῦ
2221 4096 2408 4154 αὐτοῦ
2432 4099 2579 4164 πρὸς
2615 4095 2757 4161 τοὺς
2776 4094 3066 4165 λέγοντας
3089 4093 3364 4160 ἐξαρκεῖν
3380 4090 3500 4165 αα)
3527 4090 3642 4165 Am!-

2159 4187 2266 4224 νον
2305 4159 2606 4232 τὸεῑςδτόν
2626 4159 2843 4236 Κύριον
2859 4159 3205 4232 βάπτισμα.
3239 4160 3462 4230 Κεφάλ.
3489 4159 3586 4222 ιβ’.

2157 4287 2258 4341 Καὶ
2297 4283 2500 4354 μηδένα
2550 4279 2992 4352 παρακρουέσθω
3030 4278 3090 4332 τὸ
3145 4277 3242 4331 τοῦ
3303 4274 3645 4330 Ἀποστόλον,

2087 4377 2163 4440 ὡς
2201 4376 2258 4429 τὸ
2287 4376 2462 4442 ονομα
2510 4372 2602 4425 τοῦ
2648 4372 2858 4440 Πατρὸς
2911 4369 3132 4424 καὶτοῦ
3182 4369 3340 4437 ἁγίου
3405 4367 3645 4427 Πνεύμιο

2093 4487 2186 4532 τος
2232 4469 2330 4523 ἐπὶ
2384 4465 2487 4534 τῆς
2529 4465 2624 4518 τοῦ
2683 4465 3064 4536 βαπτίσματος
3130 4464 3350 4532 μνήμης
3399 4461 3650 4518 πολλάκις

2094 4560 2627 4631 παραλιμπάνοντος,
2710 4557 2845 4630 μηδὲ
2893 4557 2982 4611 διὰ
3045 4556 3207 4609 τοῦτο
3232 4555 3653 4624 ἀπαρατήρητςν

1974 4681 1985 4722 ε
2017 4648 2060 4707 ο
2086 4654 2283 4708 οἰέσθω
2330 4653 2428 4722 τὴν
2459 4651 2750 4721 ἐπίκλησιν
2788 4647 2930 4703 εἶναι
2961 4649 3069 4702 τῶν
3121 4649 3433 4716 ὀνομάτων.
3474 4647 3649 4700 Ὅσοι.

2083 4749 2270 4818 φησὶν,
2304 4749 2390 4812 εις
2417 4746 2674 4814 Χριστὸν
2694 4743 3114 4808 ἐϐαπτΙσθητε,
3138 4741 3408 4809 Χριστὸν
3457 4737 3650 4790 ἐνεδύ-

2085 4840 2299 4892 σασθε*
2361 4839 2458 4891 καὶ
2512 4835 2694 4889 πάλινο
2748 4837 2921 4887 Ὅσοι
2955 4837 3043 4898 εἱς
3099 4831 3364 4899 Χριστὸν
3423 4827 3654 4883 ἐϐαπτί-

2089 4935 2297 4997 σθητε,
2313 4931 2398 4995 εἷς
2418 4927 2522 4981 τὸν
2545 4926 3005 4980 θάνατοναὺτοῡ
3024 4923 3452 4986 ἐϐαπτίσθητε.
3472 4919 3538 4970 Ἠ
3553 4917 3648 4984 γὰρ

2089 5045 2180 5097 τοῦ
2212 5041 2448 5112 Χριστοῦ
2471 5039 2814 5110 προσηγορία
2847 5037 2937 5090 τοῦ
2971 5036 3170 5097 παντὸς
3199 5035 3348 5087 ἐστιν
3374 5031 3652 5104 ὁμολογία

2088 5138 2241 5205 δηλοῖ
2271 5135 2378 5205 γὰρ
2408 5134 2500 5188 τόν
2532 5151 2588 5185 τε
2623 5134 2884 5203 χρίσαντα
2910 5129 3063 5193 Θεὸν,
3113 5129 3209 5181 καὶ
3252 5127 3342 5179 τὸν
3373 5125 3659 5196 χρισθέντα

2091 5229 2241 5293 Υἱὸν,
2283 5230 2376 5281 καὶ
2407 5227 2466 5280 τὸ
2498 5227 2706 5297 χρίσμα
2728 5224 2788 5276 τὸ
2812 5221 3058 5289 Πνεῦμα,
3085 5221 3160 5284 ὡς
3194 5219 3346 5288 παρά
3375 5219 3588 5287 Πέτρου
3615 5222 3661 5268 ἐν

2089 5327 2206 5386 ταῖς
2243 5321 2478 5391 Πράξεσι
2506 5315 3202 5390 μεμαθήκαμεν,’1ησοῦν
3237 5315 3345 5367 τὸν
3400 5312 3529 5367 ἀπὸ
3555 5312 3656 5364 Να-

2090 5414 2278 5483 ζαρὲτ,
2344 5412 2413 5466 ἓν
2460 5413 2709 5481 ἔχρισεν
2784 5411 2814 5462 ό
2874 5408 3018 5472 Θεὸς
3081 5405 3159 5470 τῷ
3234 5405 3545 5473 Πνεύμίιτι
3596 5398 3660 5462 τῷ

2088 5511 2252 5574 ἁγίῳ·
2291 5508 2381 5560 καὶ
2414 5509 2469 5556 ἐν
2500 5505 2575 5574 τῷ
2607 5501 2825 5570 Ἡσαΐᾳ,
2887 5501 3127 5569 Πνεῦμα
3163 5500 3396 5566 Knpt'ov
3433 5493 3657 5562 ἐπ’ἑμὲ,

2093 5600 2163 5657 (ιῦ
2186 5604 2417 5655 εἵνεκεν
2439 5599 2647 5669 ἔχρισέ
2667 5613 2762 5667 με’
2797 5598 2889 5648 καὶ
2926 5597 2953 5649 ὁ
2985 5594 3312 5662 Ψαλμῳδός
3357 5592 3468 5644 Διὰ
3508 5591 3657 5642 τοί-το

2093 5693 2298 5763 Expres-
2358 5711 2429 5746 σε
2505 5695 2535 5746 ὁ
2591 5693 2735 5756 Geor;
2786 5707 2901 5743 σου
2980 5685 3189 5741 ἔλαιον
3246 5682 3657 5753 ἀγαλλιάσεως

2133 5905 2151 5936 "
2211 5903 2364 5958 Rom.
2435 5915 2508 5966 rt,
2563 5899 2615 5954 5.
2713 5901 2732 5931 ⁸
2788 5899 2907 5952 Act.
2951 5912 3002 5965 κ,
3064 5893 3153 5948 58.
3232 5893 3249 5926 ⁸
3310 5892 3399 5947 lsa
3445 5906 3549 5953 ut,
3613 5885 3651 5936 ί.
