3920 6546
328 351 431 413 749

1255 354 1625 417 PANOPLIA
1673 357 2129 417 DOGMATICA.
2162 381 2228 392 -
2253 354 2379 414 ΤΙΤ
2439 353 2572 416 Xll.

3461 358 3564 416 ’ἱξιο

329 474 485 543 παρὰ
499 477 635 544 τοὺς
642 481 789 548 μετό
790 498 932 550 χους
946 485 1332 541 σου.Φαένεται
1353 489 1551 561 μέντοι[
1571 492 1625 543 Ἀ
1633 491 1904 566 πύστολός]

2015 487 2182 545 solius
2230 485 2469 556 Spiritus
2516 483 2712 539 fecisse
2749 482 3077 537 mentionem
3132 481 3184 534 in
3222 480 3566 550 baptismate.

333 581 461 618 ποτε
491 568 584 620 καὶ
622 571 783 638 μόνου
813 573 904 625 τοῦ
951 574 1266 645 Πνεύματος
1295 581 1386 632 ἐπὶ
1410 580 1502 633 τοῦ
1533 580 1907 653 βαπτίσματος

334 658 730 724 μνημονεύσας.
777 661 1000 728 Πάντες
1055 667 1181 736 γὰρ,
1211 669 1395 738 φησὶν,
1439 671 1508 724 ἐν
1543 673 1632 725 ἑνὶ
1679 673 1907 743 σώματι

334 745 418 810 εὶς
449 745 519 799 ἓν
545 749 787 818 Πνεῦμα
824 753 1286 826 ἐϐαπτίσθημεν.
1335 761 1404 812 Συ
1414 764 1624 831 μφωνεῖ
1649 763 1705 816 δέ
1735 765 1908 835 τούτῳ

331 835 424 888 λαὶ
465 837 547 900 τὸ,
610 839 806 908 Ὑμεῖς
843 842 911 896 δὲ
948 846 1451 915 ,ϐαπτισθήσεσθε
1505 853 1574 906 ἐν
1613 858 1908 924 Πνεῦματι

331 924 476 992 ἁγίῳ
495 940 508 952 ·
549 927 642 979 καὶ
679 930 759 993 τὸ,
788 933 982 999 Αὐτὸς
1016 935 1171 1003 ὑμᾶς
1198 938 1485 1001 βαπτίσει
1514 942 1583 996 ἐν
1611 946 1906 1014 Πνεύματι

331 1017 496 1086 ἁγίῳ.
533 1019 672 1072 Ἀλλ’
701 1023 760 1073 οὐ
794 1024 944 1094 παρὰ
972 1025 1129 1078 τοῦτο
1167 1029 1368 1083 τέλειον
1398 1030 1460 1085 ἄν
1488 1050 1573 1096 τις
1765 1037 1906 1089 εἴποι

335 1106 637 1179 βάπτισμα,
677 1104 720 1178 ᾧ
758 1113 915 1183 μόνον
963 1117 1024 1168 τὸ
1070 1118 1240 1190 ὄνομα
1282 1121 1382 1174 τοῦ
1433 1125 1748 1196 Πνεύματος
1806 1131 1906 1182 ἐπ-

334 1199 560 1270 εκλήθη.
596 1203 717 1273 Χρὴ
737 1203 844 1276 γὰρ
871 1207 1223 1277 ἀπαράϐατον
1256 1213 1435 1282 μένειν
1467 1216 1552 1268 ἀεὶ
1629 1231 1634 1236 ·
1721 1220 1819 1290 τὴν
1849 1222 1906 1274 ἐν

332 1291 398 1394 τῇ
446 1290 695 1394 ζωοποιῷ
753 1296 943 1394 χάριτι
991 1299 1280 1372 δεδομένην
1329 1305 1646 1377 παράδοσιν.
1691 1310 1750 1362 ’0
1799 1310 1906 1380 γὰρ

334 1382 748 1453 λυτρωσάμενος
785 1387 848 1438 ἐκ
880 1387 1086 1459 φθορᾶς
1121 1390 1219 1461 τὴν
1248 1393 1392 1464 ζωὴν
1434 1397 1590 1467 ἡμῶν
1622 1398 1786 1452 ἔδωκε
1812 1399 1905 1452 δύ-

333 1489 495 1542 ναμιν
527 1476 659 1545 ἡμῖν
687 1478 1124 1546 ἀνακαινώσεως,
1163 1483 1400 1555 ἄρρητον
1431 1488 1529 1557 μὲν
1558 1487 1782 1558 ἔχουσαν
1809 1491 1904 1562 τὴν

2017 580 2207 636 Omnes
2231 579 2398 645 enim,
2430 576 2633 648 inquit,
2671 577 2723 630 in
2754 591 2855 629 uno
2881 590 3096 643 corpore
3117 575 3170 626 in
3202 589 3360 626 unum
3397 572 3568 640 Spiri-o

2012 681 2120 724 tum
2151 669 2408 737 baptizati
2439 667 2678 721 sumus‘.
2715 665 2810 720 llis
2853 673 2906 720 et
2951 664 3083 718 illud
3131 669 3417 725 consonat,
3471 661 3570 714 Vos

2008 771 2180 815 autem
2239 759 2642 828 baptizabimini
2688 759 2740 812 in
2791 758 2991 826 Spiritu
3041 756 3290 822 sancto”;
3336 762 3409 817 et,
3450 753 3572 824 Ipse

2007 869 2095 907 vos
2135 851 2416 921 baptizabit
2445 851 2498 902 in
2537 848 2735 917 Spiritu
2765 852 2945 901 saneto
2968 849 3006 901 ³.
3036 847 3104 899 At
3147 860 3252 899 non
3290 844 3413 898 ideo
3449 843 3573 912 quis

2008 941 2208 995 dixerit
2240 939 2540 1009 perfectum
2573 953 2695 992 esse
2721 937 3011 1006 baptisma,
3045 937 3097 990 in
3127 951 3233 1005 quo
3251 935 3427 989 solum
3452 933 3574 1000 Spi-

2008 1026 2148 1080 ritus
2182 1040 2380 1079 nomen
2407 1024 2726 1076 invocatum
2749 1028 2851 1075 est.
2889 1020 3112 1090 Oportet
3159 1019 3302 1073 enim
3344 1018 3574 1071 inviola-

2008 1118 2170 1172 bilem
2199 1131 2414 1185 semper
2441 1128 2664 1168 manere
2701 1112 3070 1175 traditionem,
3121 1125 3240 1180 qua:
3274 1110 3327 1162 in
3357 1107 3571 1162 viviﬁca

2010 1208 2181 1280 gratia
2213 1207 2336 1260 data
2369 1213 2471 1261 est.
2503 1203 2637 1258 Nam
2670 1204 2835 1258 vitam
2863 1211 3105 1256 nostram
3136 1201 3202 1254 de
3226 1199 3574 1268 corruptione

2011 1299 2105 1369 qui
2139 1299 2410 1361 liberavit,
2440 1304 2768 1367 potestatem
2794 1295 2950 1350 nobis
2985 1293 3350 1347 renovationis
3385 1290 3570 1345 dedit:

2011 1405 2132 1459 quae
2160 1388 2401 1458 patestas
2434 1403 2658 1443 causam
2693 1387 2856 1442 habet
2887 1377 3236 1447 ineﬂabilem,
3272 1391 3326 1439 et
3358 1384 3412 1437 in
3455 1397 3573 1453 my-

2011 1479 2178 1535 sterio
2215 1479 2576 1544 reconditam,
2628 1477 2722 1532 sed
2752 1491 3001 1548 magnam
3033 1475 3316 1529 animabus
3342 1474 3576 1528 salutem

332 1565 508 1619 αἰτίαν
559 1567 653 1626 καὶ
704 1569 762 1622 ἐν
794 1573 1075 1653 μυστηρίῳ
1123 1576 1511 1648 κατεχομένην,
1566 1579 1804 1650 μεγάλην
1852 1581 1907 1634 δὲ

2015 1572 2409 1635 conferentem,
2440 1578 2498 1625 ut
2542 1570 2836 1640 quidquam
2896 1567 3093 1622 addere
3148 1574 3242 1620 aut
3289 1564 3577 1620 detrahere

330 1655 451 1717 ταῖς
483 1655 682 1726 ψυχαῖς
714 1657 810 1731 τὴν
841 1663 1111 1733 σωτηρίαν
1142 1664 1429 1735 φέρουσαν·
1460 1668 1600 1721 ὥστε
1640 1670 1702 1722 τὸ
1742 1689 1910 1744 προσ-

333 1744 502 1799 θεῖναί
529 1765 581 1800 τι
636 1749 669 1818 ἢ
728 1750 945 1819 ἀφελεῖν
979 1753 1123 1824 ζωῆς
1157 1757 1273 1808 ἐστι
1305 1757 1405 1826 τῆς
1429 1759 1597 1812 ἀϊδίου
1632 1761 1910 1832 προδήλως

331 1836 622 1902 ἔκπτωσις.
656 1841 718 1892 Ei
763 1842 940 1895 τοίνυν
987 1845 1044 1897 ἐν
1081 1843 1158 1915 τῷ
1193 1845 1534 1918 βαπτίσματι
1577 1852 1606 1903 ὁ
1635 1853 1912 1923 χωρισμὸς

331 1927 425 1980 τοῦ
454 1929 770 2000 Πνεύματος
794 1932 901 1985 ἀπὸ
927 1934 1142 2005 Πατρὸς
1169 1937 1262 1988 καὶ
1287 1936 1417 1991 Υίοῦ
1445 1940 1780 2004 ἐπικίνδυνος
1812 1943 1910 2012 μὲν

331 2018 410 2089 τῷ
439 2019 775 2090 βαπτίζοντι,
807 2023 1094 2096 ἀνωφελὴς.
1112 2026 1169 2078 δὲ
1201 2027 1278 2098 τῷ
1310 2029 1603 2100 δεχομένῳ,
1639 2031 1755 2095 πῶς
1776 2034 1908 2103 ἡμῖν

332 2111 572 2178 ἀσφαλὲς
621 2112 728 2166 ἀπὸ
759 2113 970 2184 Πατρὸς
1004 2116 1096 2169 καὶ
1133 2117 1262 2170 Υἱοῦ
1291 2117 1520 2190 διασπᾷν
1547 2121 1606 2172 τὸ
1651 2121 1908 2192 Πνεῦμα;

332 2200 524 2265 Ιῐίστις
554 2202 610 2254 δὲ
657 2204 750 2256 καὶ
796 2203 1080 2276 βάπτισμα
1122 2207 1214 2260 δύο
1243 2207 1433 2279 τρόποι
1468 2211 1568 2280 τῆς
1618 2212 1909 2283 σωτηρίας,

335 2295 601 2362 συμφυεῖς
649 2294 897 2365 ἀλλήλοις
936 2298 1030 2349 καὶ
1065 2297 1376 2368 ἀδιαίρετοι.
1423 2301 1610 2364 Πίστις
1656 2304 1755 2372 μὲν
1803 2303 1910 2373 γὰρ

331 2381 629 2437 τελειοῦται
664 2384 752 2437 διὰ
790 2384 1186 2457 βαπτίσματος,
1221 2387 1502 2460 βάπτισμα
1542 2391 1598 2443 δὲ
1635 2391 1913 2462 θεμελιοῦ-

331 2489 423 2526 ται
594 2474 680 2528 διὰ
705 2476 805 2544 τῆς
838 2479 1092 2542 πίστεως,
1124 2479 1218 2533 καὶ
1242 2480 1329 2534 διὰ
1366 2482 1474 2534 τῶν
1504 2482 1685 2536 αὐτῶν
1715 2485 1913 2554 ὀνομά-

332 2581 440 2617 των
463 2564 697 2637 ἐκάτερα
728 2566 833 2636 πλη
845 2567 1051 2637 ροῦται.
1098 2569 1186 2632 Ὡς
1208 2568 1316 2642 γὰρ
1345 2570 1672 2642 πιστεύομεν
1699 2575 1780 2636 είς
1802 2574 1913 2626 Πα-

331 2653 467 2725 τέρα
499 2656 593 2709 κα)⁴
623 2657 746 2708 Υίὸν
779 2658 874 2711 καὶ
915 2659 1066 2726 ἆγιον
1098 2660 1338 2730 Πνεῦμα,
1389 2661 1532 2715 οὕτω
1573 2665 1666 2717 καὶ
1715 2667 1911 2733 βαπτι-

333 2744 539 2816 ζόμεθα
569 2747 648 2808 είς
696 2747 756 2799 τὸ
779 2748 947 2818 ὄνομα
991 2749 1084 2802 τοῦ
1132 2751 1344 2822 Πατρὸς
1391 2753 1484 2805 καὶ
1521 2754 1614 2806 τοῦ
1656 2755 1785 2809 Υίοῦ
1819 2758 1913 2810 καὶ

330 2837 428 2889 τοῦ
467 2837 621 2905 ἁγίου
661 2839 996 2908 Πνεύματος.
1034 2839 1137 2892 Καὶ
1173 2842 1404 2911 προάγει
1450 2843 1550 2913 μὲν
1582 2846 1615 2915 ἡ
1653 2846 1913 2915 ὁμολογία

336 2926 474 2996 πρὸς
507 2927 605 2998 τὴν
655 2927 928 2998 σωτηρίαν
977 2929 1271 2996 εἰσάγουσα
1296 2947 1308 2960 ’
1356 2933 1712 2987 ἐπακολουθεῖ
1747 2936 1805 2989 δὲ
1850 2937 1910 2989 τὸ

337 3013 620 3086 βάπτισμα
656 3015 1048 3088 ἐπισφραγίζον
1077 3017 1232 3089 ήμῶν
1259 3019 1358 3091 τὴν
1389 3023 1804 3091 συγκατάθεσιν.

327 3113 529 3193 Αἰτίας
556 3114 848 3193 ἀίτιίὸοσις
872 3119 970 3174 διὰ
1001 3121 1059 3173 τί
1097 3123 1150 3176 οι
1183 3122 1425 3192 ἄγγελοι
1447 3122 1629 3190 "arpi
1659 3122 1757 3193 καὶ
1788 3121 1898 3188 Υἱῷ

369 3183 528 3248 παρὰ
549 3183 628 3250 τῷ
646 3183 862 3257 Παύλῳ
873 3183 1500 3263 συμπαρελήξᾰθησαν.
1518 3183 1743 3262 Κέφάλ.
1766 3199 1854 3263 ιγ’.

416 3273 576 3329 Ἀλλὰ
608 3279 698 3332 καὶ
722 3279 905 3353 ἕτερα,
974 3285 1132 3354 φησὶ,
1191 3283 1676 3355 συναριθμούμενα
1726 3282 1902 3352 Πατρὶ

334 3375 430 3426 καὶ
467 3372 604 3446 Υίῷ,
636 3375 756 3447 οὐχὶ
779 3376 874 3431 καὶ
906 3377 1284 3444 συνδοξάζεται
1319 3377 1553 3443 πάντως.
1590 3381 1676 3444 Ὠς
1707 3382 1734 3434 ὁ
1764 3381 1912 3434 Ἀπόο

337 3462 524 3526 στολος
570 3465 836 3532 ἀγγέλους
871 3465 1342 3544 συμπαρελάόετο,
1371 3450 1451 3530 είς
1490 3468 1585 3538 τὴν
1615 3469 1913 3540 δια-μαρτυ-

341 3549 466 3622 ρίαν
628 3554 726 3623 τὴν
755 3553 848 3606 ἐπὶ
894 3555 1156 3624 Τιμοθέου
1202 3555 1402 3623 λέγων’
1453 3559 1914 3629 Διαμαρτύρομαι

337 3654 438 3692 σοι
481 3639 735 3695 ἐνώπιον
763 3643 866 3696 τοῦ
896 3644 1044 3698 Θεοῦ
1089 3645 1186 3698 καὶ
1231 3645 1492 3713 Χριστοῦ
1553 3648 1775 3716 Ἰησοῦ,
1813 3650 1912 3704 καὶ

336 3729 459 3784 τῶν
483 3731 785 3786 ἐκλεκτῶν
809 3733 994 3788 αὐτοῦ
1014 3734 1285 3805 ἀγγέλων
1305 3751 1320 3767 ο
1346 3736 1440 3799 οὒς
1465 3735 1588 3790 οὕτε
1615 3737 1915 3809 ἀλλοτριοῦ-

341 3837 441 3890 μεν
491 3822 590 3892 τῆς
640 3821 832 3893 λοιπῆς
873 3823 1120 3889 κτίσεως,
1170 3823 1293 3877 οὔτε
1321 3826 1494 3897 Πατρὶ
1526 3826 1619 3880 καὶ
1651 3825 1764 3897 Υἱῷ
1795 3846 1924 3883 συνη

344 3911 470 3982 αριθ
479 3914 598 3981 μεῖν
627 3912 943 3983 ἀνεχόμεθα.
963 3913 1102 3982 Ἐγὼ
1120 3914 1196 3978 δὲ,
1219 3915 1266 3966 εἰ
1291 3915 1383 3967 καὶ
1409 3915 1676 3987 μηδεμιᾶς
1696 3918 1918 3988 ἀποκρί-

338 4019 478 4065 σεως
521 4002 669 4068 ἄξιος
717 4004 745 4055 ί,
795 4003 969 4072 λόγος,
1007 4003 1149 4058 οῦτω
1197 4006 1485 4077 πρόχειρον
1534 4008 1634 4080 τὴν
1688 4009 1916 4062 ἀτοπίαν

2007 1663 2169 1733 plane
2198 1661 2270 1717 sit
2315 1661 2384 1715 ab
2414 1667 2617 1714 interna
2678 1660 2785 1712 vita
2818 1653 3086 1713 excidere.
3135 1654 3368 1710 Proinde
3417 1655 3465 1708 si
3519 1655 3576 1708 in

2008 1752 2279 1821 baptismo
2326 1764 2580 1820 separare
2628 1748 2888 1818 Spiritum
2940 1762 2970 1800 a
3005 1748 3166 1799 Patre
3217 1753 3270 1798 et
3313 1742 3471 1806 Filio,
3519 1749 3578 1795 ut

2009 1839 2379 1909 periculosum
2408 1845 2495 1891 est
2547 1836 2866 1907 baptizanti,
2927 1834 3001 1888 ita
3050 1834 3379 1902 baptismum
3432 1830 3576 1884 acci-

2012 1931 2178 2000 pienti
2213 1930 2437 1994 inutile;
2469 1927 2743 1998 quomodo
2776 1925 2932 1980 nobis
2965 1933 3140 1979 tutum
3189 1923 3351 1977 fuerit
3391 1937 3422 1975 a
3467 1921 3573 1974 Pa-

2010 2032 2092 2076 tre
2131 2030 2184 2076 et
2218 2020 2355 2075 Filio
2400 2020 2706 2075 distrahere
2753 2017 3063 2088 Spiritum?
3109 2015 3269 2070 Fides
3301 2023 3482 2069 autem
3523 2021 3579 2067 et

2011 2111 2279 2180 baptisma
2334 2109 2442 2165 duo
2477 2117 2604 2164 sunt
2631 2109 2776 2163 modi
2811 2108 3066 2178 parandae
3091 2107 3308 2170 salutis,
3341 2106 3484 2161 inter
3517 2119 3578 2160 se

2011 2203 2227 2273 cognati
2258 2211 2304 2257 et
2351 2201 2764 2272 inseparabiles.
2811 2199 2945 2254 Nam
2979 2199 3110 2254 ﬁdes
3151 2197 3432 2267 perﬁcitur
3478 2211 3577 2266 per

2013 2296 2366 2366 baptismum,
2555 2294 2861 2363 baptismus
2915 2305 3043 2346 vero
3088 2289 3344 2344 fundatur
3376 2303 3472 2358 per
3517 2287 3578 2340 li-

2017 2383 2161 2447 dem,
2195 2391 2248 2439 et
2278 2392 2506 2453 utraque
2541 2398 2630 2438 res
2663 2398 2757 2452 per
2781 2381 2968 2436 eadem
3031 2381 3248 2434 nomina
3300 2379 3575 2450 impletur.

2015 2475 2169 2532 Sicut
2200 2479 2346 2532 enim
2371 2477 2648 2533 credimus
2682 2477 2736 2529 in
2768 2475 2984 2529 Patrem
3021 2481 3075 2527 et
3107 2471 3302 2526 Filium
3346 2481 3402 2526 et
3447 2469 3573 2540 Spi-

2012 2568 2174 2623 ritum
2207 2576 2478 2632 sanctum,
2511 2568 2590 2622 sic
2611 2575 2664 2622 et
2691 2566 3032 2635 baptizamur
3060 2564 3114 2617 in
3149 2563 3372 2616 nomine
3392 2561 3575 2615 Patris

2011 2668 2065 2713 et
2096 2656 2218 2710 Filii
2246 2665 2299 2711 et
2330 2656 2568 2728 Spiritus
2599 2655 2798 2712 sancti.
2825 2652 3180 2723 Acprzecedit
3205 2651 3422 2720 quidem
3449 2663 3578 2718 pro-

2012 2745 2180 2803 fessio
2212 2747 2278 2802 ad
2310 2747 2538 2800 salutem
2577 2744 2922 2816 perducens;
2970 2743 3221 2810 sequitur
3255 2748 3434 2794 autem
3482 2739 3580 2792 ba-

2015 2839 2213 2908 ptisma
2249 2838 2580 2908 consignatis
2614 2849 2902 2890 assensum
2931 2841 3202 2887 nostrum.

2008 3122 2187 3187 Quare
2209 3119 2348 3188 apud
2378 3115 2610 3188 Paulum
2631 3115 2800 3182 angeli
2830 3113 3123 3188 “mulcant
3157 3112 3316 3166 Patre
3357 3120 3403 3164 et
3438 3109 3580 3164 Filio

2430 3187 2846 3257 _adjunguntur.
2883 3186 3014 3255 Cap.
3041 3184 3127 3239 15.

2076 3285 2242 3353 Atqui
2297 3292 2352 3339 et
2406 3281 2513 3336 alia
2559 3287 2708 3344 sunt,
2768 3277 3041 3349 inquiunt,
3103 3291 3226 3346 quae
3275 3274 3434 3330 simul
3479 3270 3584 3324 Pa-

2011 3369 2082 3423 tri
2116 3378 2170 3426 et
2206 3367 2347 3423 Filio
2371 3374 2830 3426 annumerantur,
2874 3380 2976 3420 nec
3007 3375 3187 3420 tamen
3222 3362 3485 3420 continuo
3510 3361 3581 3418 si-

2013 3457 2124 3511 mul
2150 3473 2275 3512 cum
2317 3457 2426 3511 illis
2463 3456 2859 3527 gloriﬁcantur.
2899 3453 3079 3508 Veluti
3111 3469 3236 3507 cum
3284 3451 3580 3520 Apostolus

2015 3550 2298 3605 obtestans
2334 3548 2706 3613 Timotheum,
2764 3547 2987 3616 angelos
3021 3546 3180 3601 simul
3220 3545 3459 3603 adducit.
3498 3544 3585 3597 di-

2016 3652 2147 3692 cens
2177 3656 2190 3691 :
2227 3636 2474 3691 Obtestor
2509 3646 2556 3691 te
2589 3637 2641 3690 in
2674 3643 2952 3704 conspectu
2984 3635 3098 3697 Dei,
3127 3644 3172 3687 et
3201 3634 3400 3688 Christi
3431 3631 3582 3690 Iesu,

2018 3738 2067 3782 et
2121 3727 2404 3780 electorum
2456 3725 2570 3795 ejus
2633 3723 3191 3795 angelorum‘:quos
3241 3732 3421 3777 tamen
3470 3740 3580 3776 non

2018 3817 2240 3874 minime
2268 3833 2587 3889 separamus
2613 3833 2641 3870 a
2671 3815 2896 3886 reliquis
2934 3815 3219 3879 creaturis,
3251 3829 3428 3884 neque
3458 3829 3586 3869 sus-

2017 3913 2255 3967 tinemus
2285 3926 2379 3966 eos
2427 3908 2573 3965 Patri
2601 3916 2654 3964 et
2686 3907 2823 3962 Filio
2855 3922 3238 3962 annumerare.
3281 3905 3392 3973 Ego
3430 3919 3584 3972 vero,

2021 4005 2238 4061 tametsi
2262 4004 2351 4059 hic
2393 4019 2576 4060 sermo
2624 4002 2771 4057 nulla
2819 4001 3018 4072 dignus
3067 4009 3150 4055 est
3200 3998 3585 4070 responsione,

340 4091 501 4162 ἔχων,
529 4093 678 4163 ὅμως
717 4095 894 4148 ἐκεῖνο
934 4095 1098 4164 λέγω,
1128 4097 1209 4149 ὅτι
1245 4097 1496 4169 μάρτυρα
1525 4099 1624 4169 μὲν
1654 4099 1748 4152 καὶ
1785 4100 1910 4170 ὁμό-

2025 4105 2135 4150 tam
2179 4095 2527 4151 manifestam
2577 4093 2874 4166 praeferens
2924 4091 3345 4156 absurditatem,
3403 4098 3583 4144 tamen

339 4181 522 4236 δοῦλον
563 4183 629 4236 ἄν
657 4200 739 4247 τις
772 4186 932 4254 τυχὸν
977 4188 1387 4257 παραστήσαιτο
1431 4191 1592 4260 πρᾴῳ
1625 4192 1781 4262 κριτῇ
1821 4191 1916 4243 καὶ

340 4273 556 4345 ἡμέρῳ,
593 4275 683 4328 καὶ
708 4274 938 4346 μάλιστα
969 4276 1035 4347 δὴ
1063 4279 1120 4330 ἐν
1148 4280 1214 4348 τῇ
1246 4279 1380 4349 πρὸς
1406 4279 1530 4342 τοὺς
1567 4281 1916 4351 κρινομένους

344 4367 612 4438 ἐπιεικείᾳ
636 4367 696 4419 τὸ
720 4369 1106 4440 ἀναντίρρητον
1131 4369 1230 4439 τῆς
1265 4371 1371 4422 τῶν
1401 4372 1682 4442 κριμάτων
1713 4373 1914 4427 δικαιο-

346 4456 508 4528 σύνης
536 4457 917 4513 ἐπιδεικνύντι.
961 4459 1273 4530 Ἐλεύθερος
1303 4459 1360 4512 δὲ
1399 4457 1537 4514 εἶναι
1568 4463 1675 4515 ἀπὸ
1703 4461 1911 4526 δούλου,

346 4549 438 4602 καὶ
462 4550 589 4612 Υἱὸς
615 4549 881 4622 κληθῆναι
913 4551 1068 4614 Θεοῦ,
1113 4551 1204 4605 καὶ
1250 4551 1646 4622 ζωοποιηθῖψαι
1687 4552 1794 4604 ἀπὸ
1823 4551 1915 4604 θα-

346 4641 526 4706 νάτου,
559 4643 686 4712 παρ’
722 4642 931 4706 οὐδενὸς
959 4629 1144 4715 ἐτέρου
1183 4643 1402 4697 δύναται
1433 4641 1465 4713 ἢ
1501 4642 1649 4712 παρὰ
1679 4642 1772 4696 τοῦ
1815 4645 1913 4714 τὴν

347 4730 488 4786 κατὰ
521 4731 680 4801 φύσιν
710 4733 1012 4804 οἰκειότητα
1033 4733 1389 4804 κεκτημένου,
1419 4733 1632 4804 καὶτῆς
1664 4733 1915 4804 δουλικῆς

348 4825 508 4889 ἁξιας
543 4825 987 4897 ἀπηλλαγμένου.
1017 4824 1140 4888 Πῶς
1176 4823 1284 4895 γὰρ
1318 4823 1587 4876 οἰκειώσει
1614 4822 1730 4893 Θεῷ
1769 4823 1796 4875 ὁ
1826 4823 1919 4876 ἀλ-

348 4915 587 4987 λότριοςς
639 4919 756 4980 πῶς
790 4918 846 4970 δὲ
895 4913 1264 4987 ἐλευθερώσει,
1311 4916 1471 4980 αὐτὸς
1511 4917 1690 4986 ἔνοχος
1735 4915 1808 4968 ὢν
1840 4914 1918 4987 τῷ

348 5006 499 5077 ζυγῷ
523 5009 621 5078 τῆς
647 5009 888 5071 δουλείας
912 5025 925 5071 ;
957 5009 1118 5072 Ὥστε
1143 5007 1242 5060 οὐκ
1268 5008 1348 5075 ἐφ’
1380 5007 1584 5077 ὁμοίοις
1751 5006 1918 5062 Πνεύ-

351 5100 522 5169 ματός
582 5102 700 5153 ἐστι
758 5102 852 5153 καὶ
906 5098 1153 5168 ἀγγέλων
1200 5101 1233 5170 ἡ
1279 5101 1486 5170 μνήμη,
1535 5100 1667 5153 ἀλλὰ
1717 5101 1776 5154 τὸ
1821 5103 1918 5172 μὲν

348 5189 590 5260 Πνεῦμα,
634 5189 709 5254 ὡς
764 5191 911 5262 ζωῆς
957 5191 1166 5263 κύριον⁹
1197 5191 1244 5242 οἱ
1275 5191 1320 5243 δ’
1353 5189 1572 5258 ἄγγελοι
1611 5192 1685 5254 ὡς
1737 5191 1916 5260 βοηθοὶ

347 5281 454 5337 τῶν
495 5271 823 5354 ὁμοδούλων,
868 5284 960 5336 καὶ
1001 5283 1182 5335 πιστοὶ
1231 5282 1504 5352 μάρτυρες
1537 5284 1633 5353 τῆς
1665 5283 1918 5352 ἀληθείας

349 5374 892 5445 παραλαμϐάνονται.
934 5374 1092 5437 Ἐθος
1125 5374 1236 5446 γὰρ
1267 5377 1377 5438 τοῖς
1417 5373 1612 5441 ἁγίοις,
1645 5374 1741 5436 τὰς
1775 5378 1918 5428 ἐντο-

347 5463 444 5528 λὰς
487 5466 580 5518 τοῦ
618 5466 750 5520 Θεοῦ
787 5469 876 5520 ἐπὶ
912 5467 1200 5538 μαρτύρων
1258 5467 1478 5519 διδόναι·
1507 5465 1581 5528 ὡς
1627 5467 1716 5519 καὶ
1760 5466 1921 5531 αὐτὸς

347 5548 500 5619 οὗτός
536 5575 666 5622 φησι
697 5559 970 5628 Τιμοθέηγ
1012 5561 1077 5612 Ἃ
1111 5557 1439 5626 παρέλαϐες
1479 5560 1612 5626 παρ’
1638 5559 1783 5627 ἐμοῦ
1821 5558 1919 5612 ἐπὶ

437 5829 650 5890 ’lCor.
684 5850 776 5903 vn,
825 5837 908 5892 15.
985 5840 1004 5870 ²
1039 5842 1156 5894 Act.
1192 5856 1226 5908 ι,
1261 5841 1312 5896 5.

2015 4189 2150 4244 illud
2178 4189 2321 4253 dico,
2349 4188 2492 4258 quod
2518 4200 2846 4243 conservum
2876 4184 3040 4240 etiam
3084 4189 3278 4239 testem
3307 4183 3448 4238 forte
3487 4183 3586 4236 ali-

2018 4281 2142 4349 quis
2177 4279 2412 4334 adducat
2440 4279 2580 4348 apud
2615 4283 2959 4332 mansuetum
2993 4289 3056 4329 ac
3092 4276 3414 4346 placabilem
3441 4274 3586 4343 judi-

2017 4387 2156 4433 cem,
2193 4371 2397 4439 quique
2429 4369 2664 4423 maxime
2687 4383 2786 4423 sua
2816 4368 2870 4420 in
2903 4383 2998 4422 eos
3028 4368 3120 4437 qui
3153 4365 3470 4436 judicentur
3511 4366 3587 4420 le-

2016 4461 2189 4515 nitate
2223 4459 2445 4513 minime
2478 4457 2704 4510 dubiam
2738 4464 2792 4510 et
2821 4454 3586 4524 controversamjudiciorum
3649 4472 3658 4479 ·

2020 4551 2328 4621 azquitatem
2359 4549 2714 4602 demonstrat.
2759 4544 3025 4599 Caeterum
3078 4553 3136 4597 ut
3175 4544 3372 4613 aliquis
3403 4543 3494 4596 ﬁat
3520 4545 3588 4597 li--

1979 4631 1984 4634 ’
2021 4643 2117 4696 her
2146 4657 2175 4695 e
2203 4654 2379 4702 servo,
2433 4645 2595 4707 atque
2619 4645 2843 4691 vocetur
2879 4634 3046 4690 Filius
3096 4635 3211 4702 Dei,
3241 4643 3294 4689 et
3337 4652 3366 4688 a
3415 4645 3588 4691 morte

2022 4739 2308 4788 revocetur
2338 4729 2403 4782 ad
2435 4729 2620 4796 vitam,
2673 4746 2701 4783 a
2735 4729 2884 4784 nullo
2928 4729 3035 4782 alio
3082 4735 3260 4798 potest
3291 4727 3430 4793 dari,
3482 4728 3588 4780 nisi

2017 4824 2086 4878 ab
2113 4837 2176 4878 eo
2201 4821 2292 4890 qui
2327 4819 2628 4874 naturalem
2671 4813 2835 4871 habet
2885 4815 3198 4868 societatem
3232 4817 3284 4864 et
3335 4826 3364 4863 a
3409 4809 3590 4863 servili

2020 4915 2332 4982 conditione
2388 4922 2468 4968 est
2535 4912 2764 4965 alienus.
2817 4904 3101 4974 Quomodo
3148 4905 3296 4960 enim
3361 4899 3595 4957 sociabit

2023 5006 2152 5074 Deo,
2180 5007 2272 5078 qui
2306 5005 2421 5074 ipse
2453 5013 2534 5058 est
2579 5002 2833 5056 alienus?
2883 4997 3164 5069 quomodo
3215 4996 3416 5050 liberos
3467 4993 3594 5048 red-

2022 5100 2133 5162 det,
2166 5099 2257 5169 qui
2284 5099 2399 5167 ipse
2434 5104 2516 5151 est
2556 5095 2686 5164 jugo
2728 5091 3010 5149 servitutis
3057 5086 3367 5146 obnoxius?
3409 5083 3592 5153 Itaque

2023 5208 2130 5246 non
2162 5191 2232 5245 ob
2262 5190 2452 5244 eadem
2499 5188 2554 5240 tit
2590 5187 2828 5257 Spiritus
2878 5195 2931 5242 et
2976 5185 3289 5255 angelorum
3343 5180 3547 5235 mentio
3579 5197 3593 5232 :

2023 5283 2118 5340 sed
2174 5283 2412 5353 Spiritus
2459 5288 2924 5336 commemoratur
2981 5287 3241 5344 tanquam
3293 5282 3484 5326 auctor
3533 5286 3598 5324 ae

2023 5377 2288 5432 Dominus
2317 5377 2458 5439 vitae,
2499 5374 2674 5444 angeli
2723 5388 2853 5428 vero
2888 5379 3148 5440 tanquam
3200 5382 3595 5421 conservorum

2022 5469 2330 5538 aijutores,
2391 5467 2688 5534 ﬁdelesque
2735 5463 2984 5517 veritatis
3032 5469 3197 5514 testes
3243 5458 3592 5511 adhibentur.

2025 5560 2306 5630 Siquidem
2340 5575 2456 5614 mos
2487 5568 2569 5614 est
2621 5555 2848 5622 sanctis,
2906 5553 2998 5610 Dei
3045 5561 3314 5623 praecepta
3365 5550 3596 5605 testibus

1402 5844 1421 5874 ¹
1455 5840 1584 5898 Luc.
1633 5860 1714 5910 ιιι,
1752 5844 1812 5900 16
1904 5847 1922 5878 ⁸
1956 5845 2136 5904 lTim.
2165 5863 2216 5914 ν,
2254 5846 2343 5900 2|.
