3768 6546
325 330 431 395 ’751

1568 337 1944 401 ΕΠῊΙΥΜΙΙ
2005 337 2366 399 ZlGABENI

3444 344 3530 410 752

326 463 587 520 adhibitis
614 464 860 531 tradere;
911 467 1055 521 sicut
1107 470 1270 524 etiam
1309 467 1398 522 hic
1448 469 1563 539 ipse
1614 472 1680 526 ad
1720 470 1886 528 Timo-

1995 461 2242 517 πολλῶν
2255 465 2589 533 μαρτύρων,
2608 463 2791 519 ταῦτα
2813 465 3078 536 παράθου
3100 468 3321 536 πιστοῖς
3344 472 3532 542 ἀνθρώ.

325 557 510 611 theam
548 557 790 627 loquitur
823 575 837 612 :
868 557 1000 624 Qua:
1043 561 1292 629 accepisti
1315 577 1347 614 a
1381 577 1460 615 me
1487 578 1667 616 coram
1713 565 1886 619 multis

1993 567 2146 621 ποις.
2196 554 2305 608 Καὶ
2346 555 2440 609 νῦν
2484 556 2610 619 τοὺς
2655 557 2918 625 ἀγγέλους
2947 559 3398 632 ἐπιμαρτύρεται·
3436 562 3530 621 οἶδε

324 647 564 712 testibus,
589 664 650 701 ea
673 646 870 716 depone
905 649 1046 717 apud
1079 649 1262 718 ﬁdeles
1297 651 1533 706 homines
1581 657 1618 708 ¹.
1652 652 1717 707 Ει
1743 669 1886 710 nunc

1993 647 2120 718 γὰρ,
2141 647 2222 700 ὅτι
2253 647 2698 719 συμπαρέσονται
2728 649 2948 718 ἄγγελοι
2968 650 3046 720 τῷ
3079 654 3257 721 κριτῇ,
3286 654 3405 708 ὅταν
3423 656 3530 729 ἔλθῃ

320 739 544 807 angelos
590 745 899 801 attestatur,
954 741 1138 798 sciens
1187 743 1412 814 angelos
1455 743 1663 813 pariter
1699 743 1894 800 atratu-

1990 738 2048 792 ὲν
2079 740 2144 809 τῇ
2175 737 2299 808 δόξῃ
2331 737 2423 791 τοῦ
2457 739 2668 810 Πατρὺς
2697 743 2879 810 κρῖναι
2907 740 3006 811 τὴν
3037 742 3353 813 οἰκουμένην
3389 748 3442 798 ὲν
3463 748 3533 802 δι-

315 847 412 885 ros
436 831 631 898 judici,
664 847 786 885 cum
806 834 1020 888 venerit
1049 835 1101 889 in
1135 835 1308 905 gloria
1336 835 1538 904 Patris,
1580 845 1640 890 ut
1683 838 1886 908 judicet

1993 828 2268 902 καιοσύνῃ.
2306 831 2412 895 Ὃς
2439 829 2546 898 γὰρ
2597 828 2694 890 ἂν,
2745 830 2928 901 φησιν,
2974 831 3319 901 ὁμολογήσῃ
3345 833 3445 903 (57)
3473 837 3535 891 ἐν

316 923 501 977 orbem
537 931 808 977 terrarum
853 925 906 978 in
929 924 1163 994 justitia.
1200 926 1452 997 Quisquis
1491 930 1652 993 enim,
1684 930 1883 999 inquit,

312 1013 582 1082 confessus
613 1014 772 1084 fuerit
807 1031 887 1068 me
917 1032 1095 1070 coram
1128 1018 1450 1082 hominibus,
1499 1028 1546 1072 et
1582 1018 1756 1074 Filius
1790 1019 1884 1074 hoc

314 1106 468 1159 minis
503 1107 834 1175 conﬁtebitur
867 1123 986 1160 eum
1020 1123 1199 1160 coram
1238 1110 1437 1179 angelis
1472 1109 1567 1164 Dei
1589 1126 1607 1164 :
1629 1113 1720 1180 qui
1765 1128 1882 1166 vero

296 1199 640 1266 ‘abnegarerit
657 1215 736 1252 me
755 1214 933 1252 coram
955 1199 1275 1263 hominibus,
1305 1201 1650 1272 abnegabilur
1677 1203 1730 1256 in
1753 1219 1878 1256 con-

309 1299 482 1356 spectu
505 1288 811 1358 angelorum
846 1288 942 1342 Dei
958 1291 998 1344 '.
1035 1288 1099 1343 Et
1127 1289 1328 1345 Paulus
1359 1291 1487 1346 alibi
1521 1291 1674 1356 dicit,
1706 1291 1770 1346 In
1798 1309 1880 1346 re-

303 1380 560 1434 velatione
587 1379 799 1435 Domini
828 1381 956 1435 Jesu
986 1380 1050 1435 de
1081 1381 1210 1435 ccelo
1248 1398 1364 1434 cum
1407 1382 1609 1453 angelis
1627 1385 1670 1436 ³.
1725 1382 1878 1438 Hanc

298 1470 378 1525 ob
425 1486 647 1526 causam
701 1472 788 1526 hic
835 1472 946 1542 jam
1004 1480 1350 1528 contestatur
1408 1489 1594 1528 coram
1644 1474 1872 1545 angelis,

293 1559 670 1615 eximias'sibi
699 1576 1010 1632 praeparans
1040 1562 1395 1634 probationes
1423 1564 1490 1620 ad
1522 1579 1783 1636 magnum
1808 1565 1874 1620 il-

288 1651 394 1706 ιιιυά
428 1653 690 1707 tribunal.

955 1858 1122 1930 Caput
1157 1862 1241 1919 Μ.

406 1996 624 2064 Verum,
705 1999 982 2070 inquiunt,
1073 2003 1287 2059 tametsi
1390 2005 1728 2078 baptizamur
1832 2011 1886 2067 in

303 2101 536 2172 Spiritu,
566 2117 674 2158 non
717 2102 850 2159 inde
871 2118 972 2174 par
992 2114 1076 2161 est
1097 2114 1158 2160 ut
1197 2104 1442 2176 Spiritus
1470 2123 1596 2164 cum
1638 2107 1750 2164 Deo
1790 2122 1889 2163 nu-

305 2205 560 2262 meretur,
591 2195 810 2266 quando
856 2205 910 2251 et
951 2199 1006 2253 in
1055 2198 1275 2270 Moysen
1323 2203 1570 2256 nonnulli
1619 2199 1884 2272 haptizati

291 2297 432 2340 sunt
465 2288 520 2341 in
558 2288 702 2344 nube
743 2299 795 2343 et
829 2288 886 2343 in
924 2291 1063 2344 mari
1112 2292 1156 2344 ⁸.
1205 2291 1471 2347 Similiter
1521 2299 1700 2347 autem
1733 2301 1788 2347 et
1831 2292 1886 2347 in

286 2380 561 2436 confesso
606 2389 689 2436 est
718 2381 830 2452 jam
868 2381 1044 2438 fuisse
1093 2384 1258 2439 etiam
1300 2386 1355 2439 in
1401 2385 1652 2442 homines
1703 2385 1884 2440 ﬁdem.

295 2471 541 2526 Credidit
578 2475 714 2527 enim
756 2474 980 2544 populus
1019 2474 1126 2530 Deo
1157 2486 1207 2530 et
1239 2475 1418 2548 Moysi
1450 2478 1652 2547 famulo
1680 2478 1795 2548 ejus
1840 2480 1882 2532 ⁸.

299 2563 441 2628 Quid
492 2565 680 2634 igitur,
724 2565 1004 2636 inquiunt,
1052 2582 1117 2622 ex
1151 2567 1252 2623 ﬁde
1290 2584 1354 2623 ac
1385 2569 1658 2639 baptismo
1706 2569 1884 2640 Spiri-

295 2661 413 2706 tum
448 2664 703 2711 sanctum
735 2672 914 2727 usque
946 2658 1082 2712 adeo
1110 2660 1317 2716 attollis
1353 2675 1416 2716 ac
1440 2660 1760 2730 magniﬁcas
1790 2677 1884 2717 su-

295 2760 394 2816 pra
424 2755 758 2812 creaturam,
788 2763 913 2802 cum
941 2749 1129 2804 eadem
1153 2749 1264 2818 jam
1293 2751 1702 2822 Scripturarnm
1729 2753 1883 2808 testi-

296 2839 497 2893 moniis
554 2839 873 2893 tribuantur
907 2840 1072 2895 etiam
1114 2840 1450 2896 hominibus.
1506 2841 1651 2908 Quid
1709 2843 1883 2911 igitur

285 2929 587 2984 dicemus?
617 2930 888 2984 Nimirum
918 2930 1072 2995 illud,
1100 2933 1246 3002 quod
1273 2932 1330 2987 in
1364 2933 1629 3002 Spiritum
1660 2936 1880 3005 quidem

283 3021 431 3074 ﬁdes
469 3029 556 3076 est
581 3035 736 3089 aeque
765 3028 934 3091 atque
977 3021 1032 3074 in
1070 3020 1290 3076 Patrem
1324 3031 1378 3077 et
1411 3021 1644 3088 Filium;
1686 3023 1882 3078 simili-

1988 919 2116 988 ἐμοὶ
2162 921 2502 989 ἔμπροσθεν
2550 919 2672 974 τῶν
2696 917 3037 988 ἀνθρώπους,
3074 922 3174 975 καί
3216 925 3248 975 ό
3295 924 3418 990 Υίύς
3442 928 3535 981 τοῦ

1987 1011 2300 1080 ἀνθρώπου
2351 1012 2712 1080 ὁμολογήσει
2756 1014 2826 1066 ἐν
2851 1011 3010 1078 αὐτῷ
3059 1012 3394 1080 ἔμπροσθεν
3432 1017 3536 1071 τῶν

1983 1103 2254 1173 ἀγγέλων
2289 1104 2394 1157 τοῦ
2423 1104 2570 1158 Θεοῦ
2624 1117 2640 1134 ο
2793 1107 2825 1158 ό
2857 1105 2925 1157 δὲ
2966 1104 3456 1174 ἀπαρτησάμενος
3471 1126 3539 1178 με

1981 1195 2236 1249 ἐνώπιον
2273 1194 2391 1248 τῶν
2431 1195 2757 1263 ἀνθρώπων
2787 1195 3274 1264 ἀπαρνηθήσεται
3306 1198 3540 1254 ἐνώπιον

1980 1285 2098 1340 τῶν
2122 1285 2393 1356 ἀγγέλων
2441 1285 2546 1340 τοῦ
2590 1285 2761 1343 Θεοῦ.
2801 1287 2913 1340 Καὶ
2948 1286 3159 1350 Παῦλος
3201 1288 3421 1359 ἑτέρωθί
3449 1307 3540 1363 φη-

1981 1392 2102 1429 σιν·
2150 1378 2245 1430 Ἐν
2269 1375 2343 1445 τῇ
2382 1377 2763 1446 ἀποκαλύψει
2796 1379 2904 1434 τοῦ
2943 1379 3166 1447 Κυρίου
3207 1379 3406 1447 Ἰησοῦ
3449 1383 3539 1436 ἀπ’

1977 1467 2238 1539 οὐρανοῦ
2266 1469 2374 1540 (59)
2413 1469 2542 1538 μετ’
2575 1469 2864 1540 ἀγγέλων.
2903 1470 3105 1524 Τούτου
3158 1471 3320 1543 χάριν
3375 1473 3538 1528 ἐντεῦ-

1976 1559 2068 1614 θεν
2093 1561 2193 1632 ἤδη
2226 1560 2650 1633 διαμαρτύρεται
2673 1562 2895 1618 ἐπὶτῶν
2925 1563 3194 1632 ἀγγέλων,
3223 1565 3305 1627 είς
3331 1564 3391 1618 τὸ
3413 1566 3540 1636 μέγα

1976 1653 2258 1723 κριτήριον
2290 1651 2584 1724 εὐπρεπεῖς
2764 1652 2941 1725 ἑαυτῷ
2979 1647 3078 1720 τὰς
3114 1653 3416 1720 ἀποδείξεις
3445 1674 3541 1712 πα-

1909 1739 1950 1792 Β
1987 1744 2357 1811 ρασκευάζων.

2599 1869 2821 1940 Κεφάλ.
2843 1870 2931 1927 ιὸν.

2073 2007 2216 2062 Ἀλλ’
2241 2007 2364 2062 οὐδὲ
2393 2008 2441 2061 εί
2468 2005 2870 2078 βαπτιζόμεοα,
2904 2008 3092 2078 φησιν,
3145 2010 3226 2074 είς
3258 2009 3408 2076 αὐτὸ,
3445 2012 3541 2067 οὐδ’

1975 2103 2116 2159 οὕτω
2143 2103 2354 2158 δίκαιον
2398 2103 2536 2174 μετὰ
2569 2099 2705 2155 Θεοῦ
2745 2100 3026 2172 τετάχθαι.
3061 2104 3174 2157 Καὶ
3207 2103 3320 2173 γὰρ
3352 2103 3440 2156 καὶ
3471 2105 3542 2166 είς

1972 2197 2065 2249 τὸν
2106 2195 2348 2265 Μωῦσῆν
2372 2210 2517 2257 τινες
2561 2192 3000 2264 ἐϐαπτίσθησαν,
3045 2195 3104 2246 ὲν
3145 2197 3210 2266 τῇ
3243 2194 3436 2265 νεφέλῃ
3460 2197 3542 2247 καὶ

1974 2288 2032 2340 ὲν
2080 2289 2146 2358 τῇ
2190 2286 2456 2359 θαλάσσῃ.
2507 2284 2741 2355 Ὁμοίως
2783 2283 2839 2336 δὲ
2866 2285 3023 2355 καὶὴ
3069 2285 3257 2349 πίστις
3285 2286 3542 2355 ὁμολογεῖ-

1972 2395 2064 2432 ται
2249 2378 2351 2448 ἤδη
2403 2377 2496 2430 καὶ
2519 2377 2598 2438 εἰς
2641 2375 2964 2447 ἀνθρώπους
3001 2375 3357 2447 γεγενῆσθαι.
3400 2377 3542 2430 Ἐπί-

1973 2485 2201 2526 στευσα
2227 2469 2336 2540 γὰρ
2367 2470 2402 2522 ὁ
2440 2468 2592 2533 λαὸς
2618 2467 2698 2532 τῷ
2731 2466 2852 2532 Θεῷ
2883 2466 2980 2520 καί
3015 2465 3260 2521 diuitiae?
3289 2464 3365 2532 τῷ
3394 2470 3544 2535 θερά-

1972 2575 2144 2615 ποντι
2191 2558 2395 2614 αὑτοῦ.
2438 2558 2502 2610 Τί
2534 2552 2660 2620 οὖν,
2692 2555 2891 2625 φησὶν,
2925 2555 2989 2608 ἐκ
3036 2555 3134 2625 τῆς
3183 2554 3423 2616 πίστεως
3462 2553 3544 2605 καὶ

1970 2654 2061 2708 τοῦ
2091 2652 2466 2725 βαπτίσματος
2503 2649 2565 2702 τὸ
2599 2649 2752 2717 ἅγιον
2789 2645 3013 2718 Πνεῦμα
3049 2645 3310 2700 τοσοῦτον
3339 2644 3542 2715 mea;

1970 2746 2065 2800 καὶ
2097 2742 2417 2816 μεγαλύνεις
2449 2741 2594 2812 ὑπὲρ
2627 2739 2726 2812 τὴν
2771 2738 2968 2804 κτίσιν,
3002 2739 3162 2792 ὁπότε
3191 2737 3263 2791 τὰ
3297 2737 3434 2791 αὐτὰ
3461 2737 3542 2790 καὶ

1973 2836 2280 2908 ἀνθρώποις
2308 2834 2407 2905 ήδη
2440 2830 3007 2905 προσμεμαρτύρηται
3028 2846 3042 2896 ;
3067 2829 3131 2882 Τί
3157 2825 3254 2882 οὖν
3404 2827 3545 2898 ὲρηῦο

1973 2947 2113 3002 μεν;
2146 2929 2268 2982 Ὅτι
2307 2928 2386 2990 είς
2425 2926 2521 2997 μὲν
2560 2924 2621 2977 τὸ
2669 2922 2894 2994 Πνεῦμα
2937 2924 2970 2994 ἡ
3004 2922 3189 2983 πίστις
3226 2920 3309 2983 ὡς
3351 2921 3430 2982 είς
3464 2922 3543 2971 τὸν

1972 3021 2189 3092 Πατέρα
2222 3019 2314 3074 καὶ
2361 3021 2442 3082 είς
2473 3017 2565 3071 τὸν
2601 3017 2729 3069 Υίόν
2757 3033 2770 3046 ·
2820 3015 3022 3086 ὁμοίως
3055 3013 3112 3066 δὲ
3141 3013 3239 3066 καὶ
3260 3012 3326 3064 τὸ
3364 3011 3542 3082 βάπτι-

294 3122 378 3164 tcr
421 3109 582 3164 etiam
625 3109 912 3180 baptisma.
946 3110 1102 3176 Quod
1149 3111 1195 3165 si
1234 3119 1288 3165 et
1333 3111 1388 3166 in
1435 3111 1657 3184 Moysen
1699 3122 1752 3168 et
1779 3129 1878 3168 nuc

1993 3130 2085 3185 πμα
2110 3129 2124 3142 ·
2165 3112 2214 3165 εί
2251 3111 2308 3163 δὲ
2355 3111 2435 3173 είς
2470 3107 2562 3160 τὸν
2598 3106 2874 3176 Μωῦσῆν,
2910 3105 3006 3158 καὶ
3045 3103 3145 3175 τὴν
3175 3102 3438 3172 νεφέλην,
3475 3102 3541 3164 ὼς

293 3203 415 3258 hcm
443 3242 458 3266 ,
510 3203 659 3256 velut
707 3202 762 3255 in
807 3201 1059 3256 umbram
1111 3211 1165 3257 et
1200 3201 1450 3273 ﬁguram.
1492 3201 1681 3274 Neque
1723 3219 1878 3270 vero,

293 3293 554 3364 quoniam
599 3291 785 3348 divina
838 3293 1003 3349 rebus
1051 3293 1354 3349 humilibus
1517 3302 1570 3350 et
1623 3295 1880 3351 humanis

293 3387 732 3458 przcﬁgurantur,
762 3386 887 3442 ideo
923 3395 975 3441 et
1013 3386 1328 3443 divinorum
1373 3387 1600 3443 humilis
1654 3395 1740 3443 est
1777 3403 1880 3442 na-

293 3491 434 3542 tura,
468 3493 629 3549 quam
675 3476 974 3549 ﬁgurarum
1013 3477 1363 3532 adumbratio
1404 3495 1549 3549 saape
1584 3479 1877 3550 praesigni-

290 3572 488 3627 ﬁcavit.
531 3570 623 3626 Est
657 3572 804 3627 enim
855 3569 1026 3642 ﬁgura
1062 3586 1272 3636 rerum,
1307 3587 1429 3641 qum
1461 3580 1875 3641 exspectantur,

283 3664 588 3719 declaratio
637 3679 734 3734 per
770 3663 1154 3727 imitationem,
1195 3661 1343 3734 quod
1379 3661 1624 3717 futurum
1661 3667 1748 3717 est
1791 3661 1879 3716 in-

285 3757 514 3811 dicando
543 3761 996 3824 prmmonstrans.
1031 3753 1192 3810 Velut
1223 3753 1395 3807 Adam
1426 3753 1598 3824 ﬁgura
1625 3751 1791 3807 futuri
1830 3752 1874 3817 ‘,

285 3856 336 3903 ct
383 3855 534 3917 petra
579 3846 810 3916 ligurate
840 3845 1098 3900 Christus
1140 3847 1161 3876 "
1198 3863 1212 3901 :
1253 3853 1307 3900 ct
1355 3860 1496 3914 aqua
1542 3857 1876 3914 promanans

285 3952 311 3991 e
349 3944 501 4006 petra
549 3937 592 4000 ⁸,
635 3938 805 4008 ﬁgura
846 3938 1072 3992 viviﬁca:
1117 3937 1375 4006 potentiae
1421 3935 1610 3990 Verbi.
1661 3933 1722 3989 Si
1759 3935 1874 4004 quis

289 4031 448 4093 enim,
498 4029 696 4100 inquit,
747 4029 884 4091 sitit,
941 4028 1115 4082 veniat
1164 4026 1234 4080 ad
1284 4043 1385 4091 me,
1440 4037 1489 4080 et
1528 4025 1672 4079 bibat
1716 4027 1758 4078 ’.
1807 4023 1874 4078 Et

290 4136 492 4175 manna
524 4129 689 4192 typus
718 4119 825 4173 vivi
868 4119 1047 4189 panis,
1084 4118 1177 4188 qui
1201 4117 1268 4172 de
1297 4118 1438 4172 cmlo
1473 4115 1758 4172 descendit
1781 4115 1868 4171 ηε

287 4219 342 4264 ct
389 4224 617 4279 serpens
664 4223 833 4278 super
882 4208 1084 4263 vexillo
1121 4207 1356 4278 positus,
1411 4205 1710 4262 salutifera:
1743 4221 1869 4276 pas-

286 4299 463 4356 sionis
508 4315 602 4370 per
638 4314 862 4355 crucem
903 4306 1324 4362 consummatae,
1357 4313 1531 4368 eoque
1574 4298 1666 4368 qui
1695 4301 1870 4370 respi-

1970 3207 2052 3269 είς
2093 3204 2253 3258 σκιὰν
2285 3201 2379 3256 καὶ
2407 3197 2599 3254 τύπον.
2646 3198 2720 3251 Οὐ
2761 3197 2932 3269 δήπου
2969 3195 3063 3260 δὲ,
3101 3194 3293 3266 ἐπειδὴ
3343 3195 3540 3265 μικροῖς

1971 3298 2064 3353 καὶ
2129 3293 2492 3366 ἀνθρωπίνοις
2553 3287 3056 3364 προδιαμορφοῦται
3284 3287 3356 3341 τὰ
3410 3287 3536 3349 θεῖα,

1971 3385 2146 3460 μικρά
2174 3385 2257 3448 τίς
2297 3385 2414 3436 ἐστι
2463 3381 2558 3435 καὶ
2606 3384 2640 3453 ἡ
2686 3379 2794 3433 τῶν
2835 3378 2996 3432 θείων
3027 3377 3221 3448 φύσις,
3263 3379 3334 3450 ἢν
3373 3379 3406 3448 η
3443 3376 3540 3429 τῶν

1964 3478 2151 3532 τύπων
2191 3472 2530 3544 σκιαγραφία
2579 3469 2839 3534 πολλάκις
2868 3470 3358 3540 προαπεσήμηνεν.
3399 3468 3539 3520 Ἔστι

1964 3569 2074 3640 γὰρ
2100 3569 2128 3620 ό
2153 3563 2322 3628 τύπος
2352 3561 2823 3635 προσδοκωμένων
2851 3559 3084 3630 δήλωσις
3114 3559 3203 3612 διὰ
3238 3559 3536 3628 μιμήσεως,

1966 3656 2313 3720 ὲνδεικτικῶς
2349 3655 2411 3708 τὸ
2457 3653 2650 3725 μέλλον
2689 3650 3132 3726 προῦποφαίνων.
3176 3649 3269 3712 Ὠς
3315 3651 3345 3701 ό
3382 3647 3540 3716 Ἀδὰμ

1965 3751 2134 3813 τύπος
2301 3746 2395 3800 τοῦ
2429 3745 2746 3817 μέλλοντος,
2791 3744 2887 3798 καὶ
2924 3745 2957 3815 ὴ
3010 3741 3190 3814 πέτρα
3231 3739 3477 3802 τυπικῶς
3513 3739 3539 3790 ό

1965 3841 2228 3914 Χριστός·
2271 3839 2367 3894 καὶ
2403 3838 2465 3892 τὸ
2502 3838 2604 3908 τῆς
2624 3836 2840 3909 ,πέτρας
2872 3834 3018 3906 ὕδωρ
3052 3835 3152 3904 τῆς
3179 3832 3424 3902 ζωτικῆς
3453 3828 3538 3882 τοῦ

1963 3935 2139 4002 Λόγου
2167 3933 2467 4004 δυνάμεως.
2495 3930 2572 3983 El
2598 3947 2688 3996 τις
2713 3927 2844 3999 γὰρ,
2877 3927 3032 3998 φησὶ,
3069 3923 3219 3994 διψᾷ
3239 3967 3255 3989 ,
3279 3923 3538 3992 ἐρχέσθω

1964 4026 2114 4095 πρὸς
2139 4023 2252 4095 μὲ,
2305 4023 2405 4077 καὶ
2447 4020 2685 4075 πινέτω.
2727 4020 2841 4074 Καὶ
2891 4018 2954 4072 τὺ
3007 4017 3180 4088 μάννα
3221 4015 3322 4069 τοῦ
3354 4013 3544 4078 ζῶντος

1961 4118 2163 4190 ἄρτου,
2198 4114 2293 4170 τοῦ
2343 4115 2409 4170 ὲκ
2437 4113 2532 4168 τοῦ
2564 4112 2795 4188 οὐρανοῦ
2841 4110 3213 4172 καταϐάντος·
3267 4108 3366 4161 καὶ
3405 4109 3434 4160 ό
3459 4103 3544 4157 ἐπὶ

1963 4208 2192 4280 σημείου
2245 4206 2499 4278 κείμενος
2543 4204 2666 4274 ὄφις
2718 4203 2812 4257 τοῦ
2864 4202 3134 4274 σωτηρίου
3195 4197 3408 4260 πάθους
3453 4191 3543 4247 τοῦ

1959 4299 2049 4355 διὰ
2076 4298 2172 4353 τοῦ
2199 4297 2435 4370 σταυροῦ
2460 4295 2804 4359 τελεσθέντος
2826 4312 2838 4324 ·
2871 4292 2952 4347 διὸ
2994 4292 3090 4346 καὶ
3128 4292 3179 4345 οἱ
3209 4287 3540 4345 ἁποὸλέπον·

275 4407 502 4471 ,clcbant
541 4404 609 4458 ad
657 4404 828 4466 illum,
862 4399 1309 4457 servabantur".
1345 4395 1612 4454 Similiter
1653 4405 1707 4450 et
1746 4410 1868 4464 qua:

1993 4412 2059 4458 rs;
2096 4396 2177 4457 εἰς
2207 4392 2370 4446 αὐτὸν
2395 4388 2738 4455 διεσώζοντο.
2771 4384 2928 4440 Οὕτω
2959 4383 3022 4454 δὴ
3055 4384 3152 4436 καὶ
3185 4379 3254 4433 τὰ
3451 4375 3544 4471 τῆς

285 4499 354 4556 de
405 4497 621 4556 eductis
669 4493 934 4552 lsraelitis
981 4493 1184 4562 scripta
1212 4531 1226 4555 ,
1291 4490 1358 4545 ad
1409 4486 1864 4560 signiﬁcationem

284 4607 472 4647 eorum
521 4591 613 4660 qui
647 4587 922 4658 baptismo
971 4584 1106 4641 salvi
1156 4583 1313 4648 ﬁunt,
1364 4590 1590 4636 narrata
1643 4585 1772 4634 sunt
1802 4575 1863 4629 ".

287 4685 513 4742 Servata
539 4691 669 4739 sunt
689 4683 834 4738 enim
863 4679 1236 4735 lsraelitarum
1264 4672 1648 4747 primogenita,
1676 4686 1868 4742 quem-

287 4775 581 4830 admodum
613 4781 666 4830 el.
686 4772 1090 4842 baptizatorum
1116 4782 1371 4837 corpora,
1398 4781 1523 4820 cum
1559 4765 1734 4834 gratia
1765 4763 1868 4817 da-

287 4877 376 4922 tur
405 4867 475 4923 iis
503 4865 598 4936 qui
629 4864 900 4935 sanguine
935 4860 1135 4934 signati
1171 4861 1412 4914 fuerunt.
1451 4854 1690 4926 Sanguis
1719 4853 1866 4908 enim

287 4958 539 5030 pecudis,
572 4957 742 5028 ﬁgura
770 4955 1054 5027 sanguinis
1083 4951 1323 5018 Christi;
1352 4947 1715 5019 primogenita
1738 4960 1869 5001 vero

287 5061 452 5123 typus
485 5049 750 5112 hominis,
791 5047 886 5118 qui
918 5047 1131 5117 primus
1163 5043 1421 5100 conditus
1455 5047 1574 5104 est;
1606 5037 1700 5109 qui
1730 5052 1869 5108 quo-

289 5145 434 5197 niam
488 5139 803 5196 necessario
857 5139 912 5193 in
963 5138 1122 5194 nobis
1174 5147 1280 5198 est.
1325 5135 1456 5189 dum
1497 5130 1869 5187 successionis

290 5234 432 5289 serie
479 5249 654 5304 usque
687 5231 753 5286 ad
789 5229 948 5285 linem
982 5229 1399 5290 transmittitur,
1441 5225 1565 5279 ideo
1608 5223 1662 5278 in
1693 5221 1865 5277 Adam

290 5342 480 5383 onines
513 5327 779 5382 morimur
810 5325 872 5390 ",
913 5333 968 5380 et
1001 5324 1249 5394 regnavit
1277 5336 1428 5376 mors
1459 5334 1634 5389 usque
1686 5317 1752 5370 ad
1789 5318 1867 5371 le-

293 5418 375 5486 gis
418 5418 975 5480 consummationem,
1010 5423 1063 5470 et
1111 5415 1316 5471 Christi
1359 5412 1675 5467 adventum.
1719 5410 1868 5465 Con-

1967 4484 2252 4556 ἐξαγωγῆς
2415 4481 2512 4536 τοῦ
2553 4478 2772 4552 Ἰσραὴλ
2811 4478 2891 4540 είς
2935 4472 3158 4540 ἔνδειξιν
3187 4471 3295 4524 τῶν
3332 4467 3424 4523 διὰ
3453 4463 3542 4519 τοῦ

1969 4576 2344 4646 βαπτίσματος
2390 4571 2716 4644 σωζομένων
2777 4569 3076 4639 ἱστόρηται.
3131 4561 3376 4630 Διεσὼοη
3440 4557 3544 4628 γὰρ

1965 4669 2075 4722 τῶν
2111 4665 2465 4740 Ἰσραηλιτῶν
2492 4665 2560 4719 τὰ
2593 4663 2944 4736 πρωτότοκα,
2982 4659 3056 4722 ὡς
3089 4658 3183 4711 καὶ
3209 4654 3316 4708 τῶν
3358 4652 3540 4724 βαπτιο

1968 4761 2210 4832 ζομένων
2264 4760 2335 4814 τά
2389 4758 2616 4830 σώματα
2649 4797 2663 4817 .
2709 4753 2992 4825 διδομένης
3182 4749 3284 4820 τῆς
3327 4747 3542 4818 χάριτος

1967 4859 2080 4920 τοῖς
2127 4853 2515 4927 σημειωθεῖσιν
2563 4851 2668 4905 ὑπὸ
2709 4849 2804 4904 τοῦ
2847 4849 3097 4919 αἵματος.
3158 4843 3233 4895 Τὸ
3296 4841 3393 4912 μὲν
3441 4835 3543 4927 γάρ

1969 4941 2109 5019 αἷμα
2143 4947 2236 5000 τοῦ
2276 4944 2552 5018 προϐάτου
2588 4943 2758 5005 τύπος
2795 4939 2890 4994 τοῦ
2917 4939 3146 5008 αἵματος
3168 4933 3262 4987 τοῦ
3286 4931 3540 5001 Χριστουο

1968 5039 2036 5094 τὰ
2083 5039 2140 5092 δὲ
2194 5037 2517 5110 πρωτότοκα
2573 5033 2742 5098 τύπος
2808 5031 2902 5086 τοῦ
2957 5025 3383 5103 πρωτοπλάστου
3418 5039 3431 5050 ·
3489 5019 3545 5082 ὃς

1970 5130 2157 5201 ἐπειδὴ
2186 5129 2502 5200 ἀναγκαίως
2539 5129 2673 5198 ἡμῖν
2707 5123 3006 5196 ἐνυπάρχει
3038 5123 3106 5192 τῇ
3137 5115 3425 5184 ἀκολουθίᾳ
3451 5111 3544 5181 τῆς

1969 5223 2216 5294 διαδοχῆς
2271 5222 2434 5293 μέχρι
2484 5220 2671 5283 τέλους
2705 5213 3213 5290 παραπεμπόμενος
3237 5251 3252 5273 ,
3280 5207 3363 5264 διὰ
3393 5203 3544 5258 τοῦτο

1971 5319 2027 5369 ἐν
2052 5316 2130 5387 τῷ
2171 5314 2344 5382 Ἀδὰμ
2375 5313 2577 5376 πάντες
2605 5310 3052 5382 ἀποθνήσκομεν,
3084 5305 3179 5358 καὶ
3205 5299 3542 5387 ἐϐασίλευσεν

1971 5412 1998 5462 ὁ
2036 5409 2263 5472 θάνατος
2437 5405 2600 5477 μέχρι
2626 5404 2728 5474 τῆς
2759 5401 2852 5456 τοῦ
2884 5401 3050 5471 νόμου
3079 5393 3429 5465 πληρώσεως,
3456 5384 3544 5440 καδ-

393 5710 474 5765 ¹ΙΙ
505 5709 644 5764 Tim.
672 5725 730 5778 tt,
753 5711 810 5764 2.
887 5713 908 5746 ι
936 5710 1255 5781 an.xu,8,
1282 5713 1335 5770 9.
1417 5713 1438 5747 ³
1459 5713 1501 5770 ll
1533 5711 1726 5769 Thess.
1754 5726 1794 5779 ι,
1831 5709 1886 5766 7.

1993 5711 2053 5764 ιι
2087 5709 2211 5764 Cor.
2244 5725 2299 5773 κ,
2353 5708 2415 5781 ε.
2491 5705 2511 5738 ι
2559 5701 2979 5781 Ειιοιίλινεβι.
3057 5698 3080 5731 σ
3136 5665 3401 5781 minus,
3449 5692 3530 5781 ιι.

304 5787 358 5840 Ἰ
405 5784 531 5836 Cor.
557 5800 607 5845 κ,
635 5783 683 5834 ό.
763 5782 784 5812 ⁸
831 5783 1000 5837 Exod.
1029 5799 1158 5848 xvu,
1183 5786 1236 5839 6.

303 5873 399 5916 Ml,
450 5854 529 5905 15.
615 5849 703 5904 ⁸³1
742 5853 869 5908 Cor.
917 5868 1004 5917 xv,
1039 5853 1130 5907 ‘2‘2.

1311 5786 1332 5814 ⁹
1388 5783 1545 5840 loan.
1569 5800 1664 5839 vn.
1690 5775 1789 5840 57.
1864 5783 1905 5814 ¹⁰
1934 5779 2088 5836 Deut.
2118 5796 2234 5848 un,
2255 5782 2320 5844 3;
2341 5777 2477 5833 loan
2511 5791 2578 5839 τι,
2609 5775 2702 5828 Al.

2785 5774 2822 5803 "
2843 5772 3004 5827 Nunt.
3033 5784 3146 5834 nt,
3169 5769 3220 5823 9.
3299 5769 3335 5798 "
3363 5767 3530 5819 Exod.
