3920 6546
364 425 469 488 ’153

353 563 451 632 τῆς
474 562 570 617 τοῦ
618 560 859 633 Χριστοῦ
897 559 1219 632 παρουσίας.
1254 560 1561 633 Διετηρήοη
1602 559 1660 614 δέ

352 649 445 702 τοῦ
496 649 632 704 Θεοῦ
670 650 739 704 τά
772 650 1093 722 πρωτότοκα
1119 690 1135 715 ,
1190 649 1286 702 τοῦ
1336 650 1410 720 μὴ
1463 647 1636 717 θίγειν
1683 650 1774 701 τὸν
1820 647 1937 700 ὀλο-

356 743 640 815 θρεύοντα,
670 744 749 806 είς
780 742 1007 811 ἔνδειξιν
1036 742 1127 797 τοῦ
1167 742 1364 815 μηκέτι
1397 743 1541 812 ἡμᾶς
1571 740 1937 811 ἀποθνήσκειν

353 838 411 888 ἐν
444 836 522 906 τῷ
570 836 775 906 Ἀδὰμ,
830 838 959 900 τοὺς
1012 835 1453 906 ζωοποιηθέντας
1494 835 1553 887 ἐν
1588 833 1667 905 τῷ
1694 831 1934 904 Χριστῷ.

367 928 430 981 'H
468 928 525 981 δὲ
568 926 812 982 θάλασσα
852 928 946 981 καὶ
976 929 1017 997 νή
1068 928 1267 997 νεφέλη
1318 926 1458 997 πρὸς
1505 927 1603 998 μὲν
1654 925 1717 979 τὸ
1768 926 1940 997 παρὸν

354 1020 434 1081 εἰς
472 1016 651 1070 πίστιν
681 1018 841 1088 ἐνῆγε
873 1017 961 1071 διά
1010 1018 1113 1088 τῆς
1147 1018 1544 1089 καταπλήξεως
1570 1032 1584 1046 ⁸
1623 1017 1759 1087 πρὸς
1797 1016 1852 1070 δὲ
1880 1015 1943 1069 τὸ

358 1109 551 1179 μέλλον
590 1109 665 1172 ὡς
717 1108 887 1172 τύπος
940 1109 1040 1180 τὴν
1096 1110 1365 1179 ἐσομένην
1418 1110 1579 1180 χάριν
1630 1108 1941 1180 προῦπεσή-

361 1217 540 1269 μαινε.
596 1201 691 1265 Τίς
743 1200 936 1269 σοφὸς
971 1240 986 1264 ,
1028 1200 1128 1253 καὶ
1174 1201 1439 1267 συνήσει
1480 1200 1668 1255 ταῦτα
1692 1216 1711 1263 ;
1748 1200 1865 1264 πῶς
1908 1201 1941 1271 ἡ

358 1288 602 1342 Θάλασσα
643 1288 926 1358 βάπτισμα
963 1288 1244 1353 τυπικῶς,
1278 1290 1559 1361 χωρισμὸν
1586 1288 1817 1343 ποιοῦσα
1850 1287 1943 1341 τοῦ

356 1378 557 1451 Φαραὼ
576 1420 590 1444 ,
624 1380 698 1444 ὼς
733 1380 826 1433 καὶ
854 1380 912 1433 τὸ
945 1381 1169 1452 λουτρὸν
1202 1381 1360 1435 τοῦτο
1391 1382 1489 1453 τῆς
1517 1380 1827 1451 τυραννίδος
1848 1378 1943 1433 τοῦ

357 1471 625 1525 διαϐόλου.
683 1471 1033 1525 Ἀπέκτεινεν
1069 1472 1255 1542 ἐκείνη
1294 1472 1351 1524 ἐν
1381 1472 1549 1542 ἑαυτῇ
1579 1470 1672 1524 τὸν
1714 1469 1943 1541 ἐχθρόν’

360 1563 693 1633 ἀποθνήσκει
744 1562 841 1616 καὶ
897 1554 999 1617 ὦδε
1056 1564 1089 1634 ή
1144 1563 1314 1635 ἔχθρα
1365 1563 1523 1635 ήμῶν
1575 1564 1609 1634 ἡ
1659 1564 1739 1625 εἰς
1790 1560 1942 1614 Θεόν.

372 1655 629 1726 Ἐξῆλθεν
663 1655 756 1710 ἀπ’
792 1654 1008 1726 ἐκείνης
1056 1655 1272 1728 ἀπαθὴς
1312 1657 1341 1709 ὁ
1385 1655 1547 1720 λαόςο
1585 1654 1947 1723 ἀναϐαίνομεν

362 1750 455 1802 καὶ
500 1751 663 1820 ήμεῖς
707 1748 781 1812 ὡς
822 1750 886 1801 ἐκ
935 1747 1146 1819 νεκρῶν
1186 1748 1389 1813 ζῶντες
1425 1749 1535 1802 ἀπὸ
1587 1747 1681 1801 τοῦ
1730 1746 1942 1810 ὓδατος,

1278 418 1659 482 PANOPLIA
1694 416 2150 482 DOGMATICA.
2187 442 2257 458 -
2296 418 2447 481 ΤΙΤ.
2487 418 2633 481 ΧΠ.

3503 421 3607 478 Tit-’1

1832 557 1937 611 ὑπὸ
1960 562 2001 614 A
2034 569 2250 619 servata
2292 567 2474 615 autem
2507 567 2638 615 sunt
2664 576 2693 614 a
2728 560 2840 617 Deo
2876 560 3265 633 primogenita,
3299 578 3367 619 ne
3392 578 3455 618 ea
3487 571 3613 618 tan-

2032 661 2183 724 geret
2206 653 2532 718 exstinctor,
2558 661 2618 707 ut
2639 642 3048 719 ostenderetur,
3084 669 3187 710 nos
3207 656 3321 725 jam
3350 670 3461 709 non
3497 672 3615 710 am-

2034 739 2180 810 plius
2218 738 2355 793 mori
2402 737 2457 792 in
2506 737 2703 802 Adam,
2733 738 2829 808 qui
2860 737 2914 791 in
2959 736 3181 795 Christo
3216 740 3473 794 viviﬁcati
3518 756 3612 794 su-

2032 846 2174 886 mus.
2203 828 2473 884 Caeterum
2507 844 2660 884 mare
2681 836 2735 883 et
2756 828 2977 894 nebula,
2996 829 3049 883 in
3073 832 3330 901 praesenti
3363 830 3607 900 quidem,

2031 921 2326 977 inducebat
2360 921 2425 976 ad
2463 920 2621 976 ﬁdem
2654 936 2751 991 per
2784 920 3241 985 admirationem;
3278 922 3332 976 in
3364 922 3619 977 futurum,

2030 1024 2235 1078 autem,
2285 1022 2548 1083 tanquam
2597 1021 2761 1085 typus
2804 1013 3035 1083 gratiam
3080 1022 3364 1067 venturam
3416 1014 3609 1084 praesi—

2028 1104 2254 1177 gnabat.
2290 1104 2420 1169 Quis
2453 1104 2683 1172 sapiens,
2720 1112 2770 1157 et
2807 1103 3057 1174 intelliget
3096 1104 3206 1158 [nec
3240 1107 3256 1138 ¹
3286 1105 3308 1158 ?
3336 1106 3611 1175 quomodo

2028 1210 2200 1260 mare,
2236 1210 2334 1265 per
2358 1194 2584 1266 ﬁguram
2611 1194 2905 1265 baptisma,
2939 1209 3208 1264 separans
3243 1209 3273 1247 a
3298 1192 3606 1258 Pharaone,

2028 1284 2489 1356 quemadmodum
2512 1293 2565 1339 et
2585 1285 2864 1340 lavacrum
2888 1285 2991 1341 hoc
3015 1300 3044 1338 a
3067 1285 3274 1340 diaboli
3295 1286 3607 1357 tyrannide.

2030 1374 2165 1431 lllud
2198 1376 2397 1431 occidit
2440 1376 2652 1432 hostem
2682 1378 2737 1431 in
2769 1392 2914 1439 sese,
2946 1376 3180 1431 moritur
3209 1385 3264 1433 et
3298 1377 3388 1431 hic
3431 1378 3612 1432 iuimi.

2028 1470 2178 1535 citia,
2216 1470 2541 1540 quae-nobis
2590 1469 2692 1524 fuit
2746 1485 2871 1526 cum
2925 1469 3057 1526 Deo.
3111 1470 3195 1525 Ab
3248 1469 3342 1524 illo
3372 1470 3609 1540 p0pulus

2027 1562 2160 1617 exiit
2187 1561 2428 1628 illaesus;
2460 1562 2815 1618 ascendimus
2847 1569 2902 1617 et
2934 1578 3035 1618 nos
3067 1562 3136 1616 ab
3167 1561 3327 1633 aquis
3352 1570 3613 1632 tanquam

2028 1666 2095 1705 ex
2138 1650 2371 1706 mortuis
2411 1649 2542 1715 vivi,
2580 1651 2782 1706 servati
2817 1666 2912 1722 per
2956 1650 3190 1721 gratiam
3229 1649 3350 1719 ejus
3380 1649 3474 1719 qui
3510 1663 3611 1702 vo-

2029 1743 2174 1799 cavit
2204 1759 2325 1800 nos.
2359 1742 2544 1799 Nubes
2584 1754 2767 1799 autem
2816 1745 3012 1799 umbra
3056 1742 3185 1799 doni
3218 1743 3483 1814 Spiritus,
3516 1744 3615 1812 qui

361 1843 543 1914 χάριτι
597 1840 862 1905 σωθέντες
909 1844 976 1912 τῇ
1029 1840 1122 1895 τοῦ
1176 1842 1507 1906 καλέσαντος
1558 1842 1730 1912 ἡμᾶς.
1787 1840 1852 1895 Ἤ
1890 1839 1941 1893 δὲ

2032 1832 2313 1890 libidinum
2370 1832 2645 1889 flammam
2709 1834 3095 1891 mortiﬁcando
3145 1834 3392 1890 membra
3450 1833 3617 1890 reicio

361 1933 558 2004 νεφέλη
590 1932 717 1986 σκιά
748 1931 848 2002 τῆς
881 1935 944 1987 ἐκ
970 1934 1063 1987 τοῦ
1093 1934 1412 2005 Πνεύματος
1444 1934 1683 2007 δωρεᾶς,
1721 1931 1815 1985 τοῦ
1847 1932 1948 2002 τὴν

363 2024 536 2094 φλόγα
557 2024 665 2076 τῶν
693 2023 882 2078 παθῶν
910 2024 998 2079 διὰ
1035 2026 1137 2095 τῆς
1166 2025 1490 2098 νεκρὼσεως
1516 2025 1623 2079 τῶν
1657 2024 1834 2097 μελῶν
1857 2041 1949 2077 κα-

362 2115 713 2186 ταψύχοντος.

571 2208 635 2261 Τί
680 2203 804 2276 οὗν;
835 2209 1023 2281 ἐπειδὴ
1066 2210 1313 2274 τυπικῶς
1339 2212 1420 2275 εἰς
1448 2212 1688 2283 Μωῢσῆν
1726 2211 1948 2266 ἐϐαπτί-

364 2299 608 2371 σθησαν,
643 2299 734 2353 διὰ
775 2301 932 2355 τοῦτο
980 2302 1155 2374 μικρὰ
1183 2303 1295 2373 (74)
1344 2305 1377 2373 ή
1423 2303 1518 2357 τοῦ
1573 2303 1949 2374 βαπτίσματος

296 2408 328 2428 ~
361 2391 556 2462 χάρις;
585 2390 740 2445 Οὕτω
778 2392 878 2464 μὲν
905 2389 998 2447 οὗν
1029 2394 1139 2448 οὐδ’
1168 2394 1233 2449 ἂν
1268 2394 1394 2447 ἄλλο
1439 2413 1489 2448 τι
1525 2395 1668 2467 μέγα
1711 2395 1796 2465 εἴη
1839 2393 1949 2448 τῶν

362 2482 645 2555 ἡμετέρων
678 2525 692 2549 ,
723 2487 884 2558 εἴπερ
914 2485 975 2539 τὸ
1018 2486 1076 2539 ἐν
1104 2485 1321 2557 ἑκάστῳ
1368 2486 1566 2555 σεμνὸν
1606 2489 1719 2550 τοῖς
1758 2485 1951 2551 τύποις

363 2574 870 2647 προδιαϐάλλοιμεν.
912 2576 1050 2631 Οὔτε
1102 2578 1212 2650 γάρ
1264 2581 1298 2649 ὴ
1347 2580 1426 2642 εἰς
1480 2578 1803 2651 ἀνθρώπους
1853 2578 1947 2632 τοῦ

362 2665 496 2719 Θεοῦ
526 2667 716 2737 ἀγάπη
750 2668 892 2738 μέγα
916 2685 968 2722 τι
996 2669 1091 2722 καὶ
1124 2668 1424 2741 ὑπερφυὲς,
1457 2668 1517 2733 ὃς
1555 2669 1647 2723 τὸν
1685 2667 1946 2740 μονογενῆ

364 2758 493 2810 Υἰδν
517 2757 720 2812 ἔδωκεν
757 2759 899 2830 ὑπὲρ
937 2759 1045 2812 τῶν
1084 2760 1370 2833 ἁμαρτιῶν
1398 2760 1557 2832 ήμῶν
1580 2777 1593 2791 ⁸
1632 2760 1819 2832 ἐπειδὴ
1855 2759 1951 2814 καὶ

376 2849 628 2921 ’Δϐραάμ
652 2849 745 2903 τοῦ
789 2851 917 2903 ἰδίου
958 2852 1075 2905 υἰοῦ
1111 2852 1211 2905 οὐκ
1261 2852 1553 2922 ἐφείσατοσ
1586 2851 1706 2906 οὐδὲ
1743 2851 1804 2904 τὸ
1841 2850 1950 2905 πά-

365 2940 455 3007 θος
474 2940 569 2994 τοῦ
586 2942 791 3013 Κυρίου
823 2941 1031 3008 ἔνδοξον
1054 2960 1068 2972 '
1103 2944 1290 3016 ἐπειδὴ
1314 2943 1584 3016 πρόϐατον
1606 2942 1726 2997 ἀντὶ
1764 2942 1949 2996 Ἰσαάκ

363 3032 456 3085 τὸν
489 3032 659 3085 τύπον
687 3033 925 3105 ἐπλήρου
956 3034 1056 3104 τῆς
1089 3038 1405 3108 προσφορᾶς
1429 3054 1442 3067 ·
1475 3036 1598 3091 οὔτε
1639 3038 1671 3108 ή
1706 3038 1785 3099 εἰς
1819 3035 1948 3108 ᾅδου

366 3123 589 3187 κάθοδος
629 3124 871 3195 φοϐερά·
925 3127 1112 3198 ἐπειδὴ
1170 3129 1354 3191 Ἰωνᾶς
1398 3131 1456 3183 ἐν
1501 3129 1679 3201 τρισὶν
1713 3128 1949 3201 ἡμέραις

2028 1938 2198 1999 gerat.

2229 2190 2369 2260 Quid
2395 2192 2599 2263 igitur?
2636 2207 2765 2247 num
2807 2192 2933 2263 quia
2968 2192 3147 2263 typice
3185 2192 3239 2247 in
3270 2191 3489 2262 Moysen
3523 2193 3625 2247 [ιαμ

2025 2284 2212 2357 ptizati
2259 2292 2409 2351 sunt,
2458 2284 2582 2339 ideo
2631 2284 2825 2355 exigua
2875 2292 2961 2340 est
2989 2285 3165 2356 gratia
3212 2286 3628 2356 baptismatis?"

2029 2374 2173 2431 Sane
2205 2374 2310 2428 hoc
2337 2382 2500 2445 pacto
2528 2391 2631 2430 nec
2665 2374 2815 2430 aliud
2840 2374 3141 2446 quidquam
3169 2375 3223 2430 in
3254 2378 3461 2432 nostris
3494 2393 3612 2449 my-

2026 2468 2211 2524 steriis
2254 2466 2420 2524 fuerit
2463 2483 2747 2539 magnum,
2785 2468 2832 2523 si
2878 2467 3026 2538 quod
3066 2467 3123 2522 in
3157 2468 3391 2540 singulis
3415 2470 3613 2539 "augu-

2025 2566 2171 2615 stum
2191 2566 2297 2623 est,
2332 2573 2430 2629 per
2465 2557 2837 2628 praecedentes
2868 2557 3074 2630 ﬁguras
3111 2557 3506 2630 deprimainus.
3531 2557 3611 2611 Ac

2027 2664 2097 2705 ne
2141 2648 2237 2705 Dei
2293 2649 2515 2720 quidem
2561 2666 2691 2721 erga
2749 2650 3001 2707 homines
3050 2651 3296 2706 charitas
3349 2665 3608 2721 magnum

2026 2740 2287 2812 quiddam
2318 2748 2374 2796 et
2397 2741 2684 2808 eximium,
2730 2742 2828 2812 qui
2858 2742 3199 2814 unigenitum
3229 2742 3429 2799 Filium
3459 2741 3611 2798 dedit

2027 2846 2127 2903 pro
2168 2830 2407 2902 peccatis
2444 2832 2654 2889 nostris
2685 2852 2700 2888 :
2744 2832 3195 2905 quandoquidem
3230 2842 3287 2890 et
3332 2833 3607 2889 Abraham

2025 2924 2139 2980 ﬁlio
2190 2939 2291 2981 suo
2340 2940 2449 2980 non
2480 2925 2771 2996 pepercit’
2804 2964 2820 2981 .
2862 2925 2975 2982 Nec
3014 2926 3232 2981 Domini
3265 2927 3452 2998 passio
3492 2928 3611 2997 glo-

2026 3016 2204 3084 riosa;
2242 3016 2514 3088 siquidem
2560 3017 2706 3075 aries
2754 3018 2876 3073 loco
2910 3018 3066 3074 lsaac
3108 3019 3342 3075 victima:
3378 3018 3606 3090 ﬁguram

2024 3110 2261 3181 explevit
2303 3112 2342 3165 ³.
2375 3107 2563 3181 Neque
2601 3110 2905 3166 descensus
2947 3110 3014 3165 ad
3046 3108 3258 3168 inferos
3286 3112 3568 3167 horribilis
3588 3131 3615 3179 ;.

366 3217 459 3269 καὶ
491 3217 780 3282 τοσαύταις
817 3219 937 3287 νυξὶ
972 3220 1091 3273 τοῦ-
1115 3221 1346 3276 θανάτου
1388 3222 1480 3277 τὸν
1525 3224 1693 3279 τύπον
1727 3223 1941 3296 προεξε-

2032 3204 2245 3276 quando
2291 3203 2514 3275 quidem
2561 3202 2734 3259 Jonas
2775 3203 2954 3261 tribus
2994 3203 3221 3269 diebus,
3266 3220 3330 3261 ac
3374 3204 3605 3260 totidem

367 3307 596 3380 πλήρου.
642 3310 848 3363 Ταύτὺν
896 3312 1075 3366 τοίνυν
1131 3317 1276 3367 ποιεί
1322 3314 1417 3369 καὶ
1472 3316 1564 3369 ἐπὶ
1606 3315 1701 3369 τοῦ
1757 3316 1953 3386 βαπτί-

368 3414 572 3468 σματος
595 3401 624 3453 ὁ
652 3402 717 3471 τῇ
753 3402 879 3472 σκιᾷ
914 3404 1219 3475 συγκρίνων
1251 3404 1349 3475 τὴν
1386 3404 1681 3476 ἀλήθειαν,
1718 3406 1946 3469 καὶτοῖς

364 3488 558 3554 τύποις
606 3491 970 3561 παραϐάλλων
1029 3494 1099 3548 τὰ
1147 3497 1276 3566 παρ’
1323 3496 1503 3550 αὐτῶν
1553 3497 1946 3568 σημαινόμενα,

368 3580 461 3633 καὶ
512 3581 601 3635 διὰ
650 3584 930 3648 Μωῦσέως
982 3586 1073 3639 καί¹
1112 3588 1212 3658 τῆς
1257 3587 1533 3659 θαλάσσης
1583 3590 1764 3642 πᾶσαν
1812 3587 1948 3658 ὁμοῦ

366 3671 641 3745 διασύρειν
694 3674 794 3745 τήν
847 3677 1209 3751 εύαγγελικὴν
1265 3680 1574 3752 οἰκονομίαν
1632 3679 1946 3750 ἐπιχειρῶν.

366 3764 501 3817 Ποία
532 3766 640 3838 γάρ
688 3766 880 3835 ἄφεσις
930 3772 1394 3843 παραπτωμάτων
1438 3789 1457 3840 ;
1631 3770 1760 3827 ποία
1804 3770 1950 3842 ζωῆς

360 3849 662 3913 ἀνανέωσις
705 3851 764 3905 ἐν
792 3851 1070 3925 θαλάσσης
1102 3869 1252 3906 ποιον
1279 3868 1524 3925 χαρισμα
1564 3852 1929 3925 πνευματικὸν

357 3940 450 3997 διὰ
498 3941 810 4009 Μωΰσέως;
860 3944 989 3998 ποία
1036 3945 1297 4017 νέκρωσις
1341 3946 1615 4018 ἁμαρτίας
1666 3948 1815 4012 ἐκεῖ;
1854 3946 1929 4000 Οὐ

360 4033 731 4089 συναπέθανον
765 4036 960 4090 ἐκεῖνοι
996 4035 1253 4109 Χριστῷ*
1300 4038 1488 4107 διόπερ
1513 4038 1635 4091 ούδέ
1671 4039 1932 4112 συνηγέρ-

360 4121 554 4195 θησαν.
584 4126 699 4178 Ούκ
730 4124 1003 4198 ἐφόρσηαν
1035 4127 1132 4197 τήν
1159 4127 1339 4181 εἰκόνα
1364 4126 1455 4179 τοῦ
1489 4126 1833 4192 ἐπουρανίου,
1868 4128 1930 4181 ού

357 4214 458 4285 τὴν
486 4214 755 4285 νέκρωσιν
780 4214 873 4268 τοῦ
898 4216 1073 4287 Ἰησοῦ
1098 4218 1155 4269 ἐν
1189 4215 1266 4287 τῷ
1308 4214 1520 4287 σώματι
1543 4217 1929 4287 περιήνεγκαν,

360 4307 459 4359 οὐκ
516 4305 853 4361 ἀπεδύσαντο
902 4306 994 4360 τὸν
1033 4306 1260 4361 παλαιὸν
1299 4306 1585 4379 ἄνθρωπον
1630 4341 1647 4368 ,
1832 4308 1933 4360 οὐκ

360 4397 677 4452 ἐνεδύσαντο
710 4398 799 4452 τὸν
826 4398 973 4465 νέον,
1006 4398 1096 4452 τὸν
1125 4397 1580 4469 ἀνακαινούμενον
1608 4398 1688 4462 εἰς
1710 4396 1935 4466 ἐπίγνω-

362 4507 447 4543 σιν
472 4529 488 4553 ,
520 4491 639 4544 κατ’
684 4490 866 4544 εἰκόνα
898 4491 991 4544 τοῦ
1026 4490 1308 4555 κτίσαντος
1350 4491 1531 4545 αὐτόν.
1568 4491 1633 4543 Τί
1843 4478 1936 4539 οὖν

2026 3295 2300 3361 noctibus,
2352 3294 2547 3351 mortis
2587 3295 2814 3367 ﬁguram
2867 3296 3022 3369 prius
3075 3296 3315 3364 explevit
3365 3293 3404 3351 ⁸.
3460 3295 3605 3350 Idem

2023 3406 2154 3463 ergo
2184 3388 2315 3445 facit
2336 3396 2391 3445 et
2424 3386 2492 3444 de
2520 3388 2863 3458 baptismate,
2894 3388 2986 3459 qui
3013 3388 3297 3443 veritatem
3331 3403 3455 3442 eum
3484 3404 3608 3442 um-

2025 3482 2124 3539 bra
2162 3488 2464 3552 comparat,
2494 3489 2547 3534 et
2585 3495 2711 3534 cum
2745 3480 2934 3550 ﬁguris
2970 3478 3186 3535 confert
3225 3495 3289 3534 ea
3321 3495 3443 3550 quae
3470 3478 3605 3551 ﬁgu-

2024 3575 2103 3630 ris
2127 3572 2527 3644 signiﬁcantur,
2554 3587 2615 3627 ac
2648 3588 2743 3643 per
2774 3570 3084 3646 Moyscn'et
3116 3586 3267 3625 mare
3429 3579 3611 3624 totam.

2025 3668 2187 3724 simul
2221 3666 2591 3737 evangelicam
2632 3664 3096 3734 dispensationem
3144 3662 3365 3718 elevare
3404 3678 3602 3733 aggre-

2025 3762 2193 3817 ditur.
2232 3759 2365 3814 Nam
2412 3776 2532 3831 qum
2570 3768 2917 3830 peccatorum
2970 3757 3246 3821 remissio,
3299 3773 3420 3827 qua)
3476 3758 3601 3811 vita:

2030 3855 2316 3911 renovatio
2343 3853 2399 3909 in
2434 3854 2592 3917 mari,
2626 3848 2769 3922 quod
2798 3852 2999 3906 donum
3025 3851 3305 3922 spirituale
3329 3868 3423 3921 per
3452 3851 3604 3925 Moy-

2034 3946 2173 4003 sen?
2199 3961 2321 4017 qum
2352 3946 2465 4000 illic
2486 3944 2694 4015 peccati
2726 3941 3112 4012 iuteremptio?
3136 3940 3252 3995 Non
3284 3942 3359 3997 illi
3387 3942 3617 3998 Christo

2035 4038 2358 4094 commortui
2409 4044 2557 4101 sunt,
2605 4050 2777 4105 eoque
2832 4050 2931 4089 nec
2981 4049 3105 4089 cmn
3150 4032 3243 4088 illo
3294 4033 3606 4089 resuscitati

2035 4140 2164 4185 sunt
2216 4135 2254 4184 ³.
2292 4128 2409 4184 Νοιι
2450 4128 2744 4200 portabant
2781 4126 3070 4197 imaginem
3096 4124 3241 4180 illius
3272 4124 3515 4179 caelestis
3553 4125 3605 4189 ',

2036 4237 2146 4277 non
2192 4221 2665 4277 mortiﬁcationem
2711 4217 2841 4275 Jesu
2870 4218 2922 4272 in
2967 4232 3201 4286 corpore
3254 4215 3603 4271 circumiere.

2034 4314 2167 4368 bant
2211 4316 2259 4378 ⁷,
2310 4329 2417 4367 ιιοιι
2453 4320 2727 4368 exuerunt
2766 4318 3004 4366 veterem
3036 4308 3335 4372 hominem,
3386 4323 3494 4362 non
3531 4306 3609 4360 in-

2036 4404 2277 4458 duerunt
2320 4420 2541 4467 novum,
2575 4403 2666 4473 qui
2710 4411 3007 4456 renovatur
3056 4401 3108 4454 in
3150 4399 3479 4470 agnitionem
3520 4412 3608 4453 sc-

2035 4494 2276 4550 cundum
2305 4494 2600 4563 imaginem
2633 4495 2777 4547 illius
2819 4492 2910 4563 qui
2933 4507 3057 4545 eum
3099 4491 3347 4545 condidit
3398 4490 3438 4543 ⁸.
3465 4488 3609 4555 Quid

364 4580 676 4651 συγκρίνεις
705 4580 773 4634 τά
812 4580 1193 4651 βαπτίσματα,
1225 4574 1298 4633 ὧν
1347 4582 1379 4651 ἡ
1432 4580 1769 4651 προσηγορία
1800 4578 1933 4650 μόνη

2036 4588 2201 4658 igitur
2243 4587 2460 4642 confers
2498 4587 2850 4656 baptismata,
2885 4599 3117 4653 quorum
3150 4584 3266 4638 sola
3300 4582 3613 4639 communis

363 4673 548 4743 κοινὴ,
588 4674 621 4743 ή
650 4672 707 4725 δέ
737 4671 845 4725 τῶν
875 4675 1216 4744 πραγμάτων
1259 4672 1489 4743 διαφορὰ
1520 4671 1753 4741 τοσαύτη
1774 4711 1788 4734 ,
1836 4671 1933 4741 ὅση

363 4764 429 4818 ἀν
462 4764 673 4832 γένοιτο
723 4764 930 4836 ὀνείρου
978 4765 1110 4835 πρὸς
1155 4766 1254 4836 τὴν
1297 4764 1555 4835 ἀλήθειαν
1584 4803 1599 4827 ,
1652 4763 1745 4816 καί
1778 4763 1934 4825 σκιᾶς

365 4854 458 4908 καὶ
487 4855 712 4908 εἰκόνων
742 4856 875 4926 πρὸς
903 4855 969 4909 τά
1000 4857 1117 4911 κατ’
1147 4856 1331 4911 ούσίαν
1362 4857 1702 4927 ύφεστηκότα
1738 4874 1751 4922 ;

569 4966 729 5020 Ἀλλά
754 4967 845 5020 καὶ
873 4968 906 5038 ή
946 4968 1025 5031 εἰς
1052 4967 1143 5021 τὸν
1171 4968 1407 5022 Μωῦσέα
1446 4968 1626 5031 πίστις
1651 4968 1709 5020 οὐ
1739 4967 1833 5036 τὴν
1859 4967 1936 5027 εἰς

363 5058 425 5112 τὸ
446 5058 669 5129 Πνεῦμα
700 5059 879 5112 πίστιν
905 5057 1083 5127 ὀλίγου
1117 5060 1258 5122 τινὸς
1290 5056 1446 5123 ἀξίαν
1473 5058 1737 5111 δείκνυσιν
1758 5074 1769 5085 '
1800 5057 1937 5109 ἀλλὰ

365 5151 507 5206 κατά
554 5151 645 5203 τὸν
678 5151 878 5205 τούτων
924 5151 1080 5221 λόγον
1103 5191 1117 5214 ,
1182 5150 1379 5221 μᾶλλον
1417 5150 1516 5221 τὴν
1553 5151 1631 5212 εἰς
1668 5148 1756 5201 τὸν
1805 5147 1936 5201 Θεὸν

363 5241 473 5294 τῶν
527 5240 662 5294 ὅλων
711 5241 997 5311 ὁμολογίαν
1056 5238 1507 5310 κατασμικρύνει.
1580 5238 1935 5291 Ἐπίστευσε

365 5330 509 5399 γὰρ,
543 5331 706 5401 φησὶν
728 5370 742 5395 ,
770 5334 802 5384 ὁ
828 5332 977 5394 λαὸς
1010 5328 1088 5394 τῷ
1127 5328 1281 5394 Θεῷ,
1317 5330 1414 5382 καὶ
1454 5326 1689 5382 Μωῦσεῐ
1726 5326 1806 5391 τῷ
1845 5331 1936 5380 θεο

358 5418 614 5486 {rixortt
644 5421 851 5475 αὑτοῦ.
882 5420 1000 5491 Θεῷ
1045 5421 1222 5474 τοίνυν
1262 5416 1656 5483 συνέζευκται,
1698 5417 1817 5486 ούχί⁵
1859 5415 1936 5485 τῷ

367 5513 643 5584 Πνεύματι
664 5529 677 5543 ·
714 5512 809 5579 καὶ
840 5513 1005 5576 τύπος
1030 5509 1097 5584 ἦν
1139 5513 1257 5583 οὐχὶ
1285 5510 1377 5565 τοῦ
1413 5510 1724 5581 Πνεύματος
1746 5550 1759 5573 ,
1803 5507 1939 5562 ἀλλᾶ

367 5604 458 5659 τοῦ
489 5606 743 5678 Χριστοῦ.
780 5606 882 5658 Τὸν
909 5604 1017 5678 γὰρ
1067 5605 1291 5676 μεσίτην
1318 5603 1451 5658 ε)εοῦ
1498 5603 1593 5657 καὶ
1636 5600 1938 5671 ἀνθρώπιον

368 5695 435 5750 δι’
465 5696 656 5750 ἑαυτοῦ
696 5697 815 5750 τότε
858 5696 1247 5765 προαπετύπου
1434 5695 1492 5748 ἐν
1534 5694 1600 5764 τῇ
1639 5692 1734 5746 τοῦ
1772 5692 1937 5761 νόμον

1720 5858 1850 5915 ibid.
1883 5860 1967 5916 15.

442 5861 461 5894 ¹
518 5860 643 5917 Ose.
698 5876 808 5923 xlv.
844 5861 926 5916 lO.
1030 5863 1049 5893 ¹
1081 5860 1216 5915 (icti.
1246 5876 1398 5921 nm,
1431 5860 1515 5913 l6.
1629 5860 1652 5893 ³

373 5933 393 5967 ⁷
422 5932 467 5992 ll
497 5934 619 5988 Cor.
656 5947 727 5999 ιν,
768 5935 850 5989 l0.
929 5935 949 5965 ⁸
996 5935 1208 5988 Coluss.
1270 5948 1349 5998 Ill,
1383 5933 1436 5999 9,
1480 5930 1561 5987 l0.
1639 5933 1660 5965 '
1700 5930 1873 5987 Exod.
1916 5948 1941 5986 ι

2063 5932 2151 5987 51.

2036 4677 2365 4747 appellatio;
2412 4690 2595 4729 rerum
2628 4683 2812 4729 autem
2847 4683 2998 4729 tanta
3047 4672 3373 4736 diﬁerentia,
3405 4682 3613 4743 quanta

2037 4766 2230 4823 somnii
2260 4782 2291 4821 a
2341 4767 2602 4830 veritate,
2646 4781 2709 4819 ac
2753 4766 2957 4820 umbra:
2987 4774 3042 4821 et
3078 4764 3395 4837 imaginum,
3432 4762 3613 4819 abhis

2037 4874 2158 4931 qua:
2181 4873 2374 4915 revera
2417 4858 2745 4915 subsistunt.

2242 4972 2347 5027 Sed
2373 4980 2425 5027 et
2452 4972 2568 5042 ipsa
2602 4971 2735 5026 ﬁdes
2761 4971 2813 5023 in
2842 4969 3058 5039 Moysen
3084 4982 3190 5021 non
3222 4966 3377 5021 [idem
3408 4965 3463 5019 in
3490 4963 3625 5035 Spi-

2042 5064 2203 5117 ritum
2241 5079 2417 5132 ραι-ιντο
2463 5078 2586 5117 esse
2633 5061 2917 5131 dignitatis
2962 5060 3236 5123 ostendit;
3284 5056 3378 5114 sed
3414 5070 3615 5111 secun-

2040 5154 2169 5207 dum
2221 5154 2450 5208 istorum
2500 5153 2998 5216 ratiocinationem,
3043 5167 3104 5206 ea
3142 5151 3345 5221 potius,
3386 5162 3507 5218 quae
3548 5145 3616 5199 de

2046 5244 2151 5298 Deo
2212 5244 2590 5299 universorum
2642 5243 2993 5313 proﬁtemur,
3041 5248 3314 5296 extenuat.
3379 5236 3616 5294 Credidit

2041 5338 2197 5398 enim,
2238 5335 2436 5404 inquit,
2464 5338 2685 5403 populus
2717 5334 2845 5397 Deo,
2878 5343 2924 5387 ct
2963 5331 3136 5402 Moysi
3164 5328 3367 5399 famulo
3412 5329 3525 5397 ejus
3574 5336 3618 5385 ³⁸.

2045 5428 2153 5481 Deo
2205 5428 2389 5497 itaque
2439 5426 2728 5495 COpulattts
2780 5432 2864 5479 est
2923 5424 3155 5493 Moyses,
3187 5438 3293 5476 non
3349 5420 3617 5491 Spiritui;

2042 5528 2265 5587 eratque
2295 5527 2475 5589 typus,
2503 5533 2610 5571 non
2647 5514 2905 5586 Spiritus.
2938 5511 3427 5569 scdt.‘.hrisli.~Nam
3451 5510 3542 5563 Dei
3563 5517 3615 5565 et

2046 5607 2331 5661 hominum
2378 5606 2735 5660 mediatorcm
2768 5607 2808 5635 ‘°
2833 5619 2927 5673 per
2963 5618 3022 5657 se
3058 5602 3233 5672 ipsum
3266 5611 3396 5656 tunc
3427 5601 3481 5655 in
3518 5600 3617 5653 mi-

2045 5700 2275 5754 nisterio
2322 5696 2458 5768 legis
2508 5695 2909 5768 prwﬁgurabat.
2955 5693 3144 5766 Neque
3195 5696 3340 5750 enim
3378 5693 3654 5765 Spiritus-

2079 5862 2097 5893 δ
2161 5864 2286 5916 Jon.
2322 5875 2357 5915 ιι
2417 5862 2467 5915 1.
2543 5863 2563 5893 ⁵
2617 5863 2777 5918 Rom.
2815 5880 2888 5934 vr,
2938 5864 2994 5920 8.
3071 5863 3091 5896 ⁸
3137 5863 3316 5921 lCor.
3381 5881 3468 5935 xv,
3526 5866 3617 5923 49.

2079 5932 2151 5987 il.
2232 5932 2276 5965 "
2313 5932 2332 5986 ι
2385 5932 2525 5988 Ήιιι.
2562 5950 2622 5988 ιι.

2431 5950 2525 5988 tm.
2562 5950 2622 6003 II,
2664 5950 2724 5991 ο.
