3920 6576
348 341 453 404 737

348 573 554 630 πεσὼν
599 573 698 626 ἐπὶ
756 573 1117 641 πρόσωπον,
1173 567 1589 638 προσκυνήσει
1649 563 1930 630 τῷθεῷ,

348 665 768 736 ἀπαγγέλλων,
804 664 892 718 ὅτι
923 666 956 718 ὁ
990 664 1135 730 Θεὸς
1165 663 1352 727 ὅντως
1391 661 1460 714 ἐν
1484 657 1630 728 ὑμῖν
1649 657 1840 711 ἐστιν.
1869 656 1933 709 Εἰ

349 761 528 813 τοίνυν
562 759 626 811 ἐκ
666 759 765 827 τῆς
810 756 1180 828 προφητείας,
1215 757 1313 828 τῆς
1354 753 1494 809 κατὰ
1532 753 1632 824 τὴν
1671 751 1934 822 διαίρεσιν

348 853 459 906 τῶν
489 850 846 924 χαρισμάτων
879 848 972 902 τοῦ
1011 849 1327 920 Πνεῦματος
1365 843 1764 917 ἐνεργουμένης
1785 882 1799 906 ,
1824 843 1937 894 ἐπι-

350 942 678 1011 γινώσκεται
712 945 739 995 ὁ
769 942 902 1006 Θεὸς
938 943 996 995 ὲν
1022 943 1136 1004 τοῖς
1164 940 1472 1012 προφήταις
1503 931 1641 990 εἶναι
1663 975 1676 999 ,
1716 935 1935 1006 βουλευ-

354 1033 639 1088 σάσθωσαν
678 1028 824 1088 οὗτοι
865 1034 1025 1087 ποίαν
1058 1031 1242 1106 χώραν
1276 1029 1616 1086 ἀποδώσουσι
1654 1028 1732 1100 τῷ
1765 1027 1936 1081 Πνεῦ-

358 1143 488 1198 ματι
535 1126 611 1197 τῷ
645 1126 818 1198 ἁγίῳ·
869 1126 1097 1197 πότερον
1142 1124 1279 1196 μετά
1317 1123 1452 1177 Θεοῦ
1493 1121 1715 1175 τάσσειν
1742 1157 1760 1184 ,
1905 1120 1937 1189 ῆ

356 1220 496 1290 πρὸς
538 1221 638 1291 τὴν
685 1220 862 1273 κτίσιν
902 1217 1122 1284 ἐξωθεῖν
1161 1217 1519 1288 δικαιότερον.
1557 1215 1665 1268 Καὶ
1698 1213 1759 1267 τὸ
1803 1213 1940 1285 πρὸς

355 1313 673 1384 Σάπφειραν
721 1311 826 1365 ὑπὸ
859 1311 1066 1382 Πέτρου
1091 1323 1106 1338 θ
1148 1310 1208 1363 Τί
1235 1309 1323 1363 ὅτε
1360 1305 1763 1376 συνεφωνήθη
1800 1304 1942 1374 ὑμῖν

358 1405 639 1474 πειράσαι
671 1403 738 1458 τὸ
791 1403 1035 1473 Πνεῦμα
1081 1403 1146 1457 τὸ
1178 1402 1390 1472 cia-tor;
1429 1403 1540 1456 οὐκ
1593 1399 1942 1468 ἐψεύσασθε

357 1493 724 1562 ἀνθρώποις,
752 1494 916 1548 ἀλλὰ
946 1492 1102 1559 Θεῷο
1132 1492 1425 1558 δείκνυσιν,
1456 1492 1538 1545 ὅτι
1581 1491 1651 1544 τὰ
1690 1487 1830 1542 αὐτά
1864 1489 1943 1553 εἰς

358 1587 420 1640 τὸ
450 1587 676 1658 Πνεῦμα
700 1587 761 1640 τὸ
785 1586 940 1655 ἅγιον
957 1587 1050 1639 καὶ
1072 1588 1150 1647 εἰς
1171 1585 1301 1638 Θεόν
1318 1587 1434 1638 ἐστι
1454 1583 1524 1637 τά
1545 1584 1938 1655 ἁμαρτήματα.

360 1679 470 1731 Καὶ
495 1677 636 1730 οὕτω
657 1676 700 1730 δ’
735 1677 802 1730 ἂν
828 1676 889 1729 τὸ
921 1675 1155 1745 συναφὲς
1186 1675 1280 1728 καὶ¹
1313 1674 1614 1744 ἀδιαίρετον
1655 1671 1796 1726 κατὰ
1834 1671 1941 1724 πᾶ-

364 1788 462 1823 σαν
499 1769 781 1842 ἐνέργειαν
810 1768 917 1822 ἀπὸ
959 1768 1172 1840 Πατρός
1200 1769 1293 1820 καὶ
1331 1766 1458 1819 Υἰοῦ
1498 1764 1592 1818 τοῦ
1628 1762 1947 1834 Πνεῦματος

359 1859 687 1932 διδαχθείης.
725 1857 1106 1930 Ἐνεργοῦντος
1230 1857 1324 1910 τοῦ
1362 1854 1498 1908 θεοῦ
1528 1856 1627 1918 τάς
1651 1853 1948 1925 διαιρέσεις

362 1953 470 2007 τῶν
519 1951 946 2022 ἐνεργημάτων,
989 1949 1085 2003 καὶ
1127 1949 1221 2003 τοῦ
1263 1947 1467 2020 Κυρίου
1514 1948 1613 2010 τὰς
1653 1945 1948 2018 διαιρέσεις

361 2045 470 2098 τῶν
502 2044 788 2097 διακονιῶν
812 2083 828 2106 ,
867 2041 1211 2113 συμπάρεστι
1261 2040 1320 2094 τὸ
1360 2038 1513 2108 ἅγιον
1551 2036 1809 2112 Πνεῦμα,
1848 2036 1949 2108 τὴ]

363 2138 622 2209 διανομὴν
668 2137 776 2190 τῶν
807 2136 1166 2211 χαρισμάτων
1206 2134 1340 2207 πρὸς
1384 2134 1483 2205 τὴν
1528 2133 1684 2200 ἀξίαν
1715 2131 1949 2185 ἑκάστου

365 2227 728 2294 αὐτεξουσίως
757 2227 1093 2299 οἰκονομοῦν.
1124 2226 1452 2294 Διαιρέσεις
1480 2224 1613 2296 γὰρ,
1641 2225 1777 2294 φησὶ
1795 2265 1810 2290 ,
1842 2241 1950 2294 χα-

361 2321 672 2392 ρισμάτων
701 2322 818 2375 εισι
842 2361 856 2386 ,
888 2321 953 2374 τὸ
993 2321 1062 2373 δὲ
1100 2319 1248 2374 αὐτὸ
1293 2319 1556 2388 Πνεῦμα.
1592 2318 1701 2372 Καὶ
1732 2315 1938 2385 διίιιρέο

369 2430 502 2482 σεις
545 2412 864 2467 διακονιῶν
907 2413 1086 2475 εἰσιν,
1126 2414 1159 2464 ό
1206 2410 1274 2463 δὲ
1312 2410 1498 2474 αὐτὸς
1547 2409 1784 2477 Κύριος.
1840 2406 1950 2460 Καὶ

368 2507 691 2576 διαιρέσεις
723 2503 1142 2576 ἐνεργημάτων
1167 2501 1346 2567 εἰσὶν,
1387 2505 1420 2556 ό
1459 2501 1528 2554 δὲ
1561 2502 1743 2566 αὐτὸς
1772 2499 1949 2565 Θεὸς,

369 2602 403 2652 ό
433 2596 692 2668 ἐνεργῶν
719 2597 791 2650 τὰ
837 2593 1036 2648 πάντα
1071 2594 1143 2647 ἐν
1171 2591 1343 2647 πᾶσι.
1379 2595 1572 2646 Ταῦτα
1615 2589 1684 2644 δὲ
1720 2590 1916 2644 πάντα
1937 2629 1950 2653 ,

334 2694 344 2704 ’
370 2695 557 2766 φησὶν,
589 2690 820 2762 ἐνεργεῖ
853 2691 918 2743 τὸ
945 2689 1015 2743 ἐν
1044 2688 1140 2742 καὶ
1188 2686 1252 2741 τὸ
1298 2685 1443 2741 αὐτὸ
1478 2685 1722 2754 Πνεῦμα
1743 2725 1756 2748 ,
1801 2684 1952 2738 διαι-

366 2784 520 2853 ροῦν
537 2783 655 2851 ἰδίᾳ
683 2781 940 2846 ἑκάστῳ,
969 2778 1164 2845 καθὼς
1179 2779 1494 2843 βούλεται.
1522 2777 1598 2830 Οὐ
1631 2776 1736 2847 μὴν
1764 2774 1953 2846 ἐπειδὴ

377 2876 596 2946 πρῶτον
629 2873 862 2928 ἐνταῦθα
890 2871 985 2927 τοῦ
1016 2870 1332 2941 Πνεῦματος
1368 2869 1397 2920 ὁ
1447 2868 1768 2932 Ἀπόστολος
1821 2869 1952 2920 ὲπε·

376 2966 610 3039 ιινήσθη,
650 2966 742 3019 καὶ
766 2964 1016 3037 δεύτερον
1056 2963 1151 3016 τοῦ
1176 2962 1329 3027 Υίοῦ,
1351 2962 1444 3014 καὶ
1477 2961 1656 3033 τρίτον
1689 2960 1784 3014 τοῦ
1819 2959 1954 3014 Θεοῦ

371 3059 469 3114 καὶ
513 3058 760 3130 Πατρὸς,
793 3057 893 3128 ἤδη
949 3054 1057 3128 χρὴ
1104 3053 1332 3108 καθόλου
1373 3051 1613 3123 νομίζειν
1660 3051 1956 3122 ἀντεστρα-

1305 337 1684 402 ΡΛΝΟΙῚΛἈ
1728 335 2190 398 DOGMATICA.
2227 361 2295 374 -
2327 338 2477 400 ΤιΤ.
2522 337 2661 398 XII.

347 480 462 534 πτίι
491 478 599 546 τῆς
631 477 879 546 καρδίας
900 474 1089 531 αὐτοῦ
1109 471 1338 546 φανερὰ
1367 472 1618 544 γίνεταιο
1649 468 1746 524 καὶ
1778 469 1932 524 οὕτω
1965 478 2004 530 Α
2040 481 2106 536 ἀι,
2139 479 2380 536 omnibus

3514 337 3622 397 ’Τῖιὸ

2426 493 2444 532 :
2497 477 2704 533 occulta
2746 477 2921 531 cordis
2978 477 3092 547 ejus
3133 477 3419 545 manifesta
3470 477 3625 545 ﬁunt,

2041 585 2197 644 atque
2244 574 2321 626 ita
2360 570 2640 641 procidens
2689 571 2744 625 in
2786 571 3000 641 furiam,
3044 569 3291 624 adorabit
3329 569 3512 631 Deum,
3543 584 3629 623 re-

2042 670 2293 722 nuntiatis
2326 664 2464 738 quod
2498 665 2635 721 Deus
2678 665 2747 719 sit
2810 681 2925 718 vere
2966 664 3020 716 in
3060 661 3203 716 vobis
3264 662 3302 716 ⁸.
3335 659 3543 731 Itaque,
3585 678 3630 715 si

2042 779 2105 817 ex
2153 759 2464 831 prophetia,
2496 773 2617 829 qua:
2665 757 2820 828 juxta
2869 756 3316 813 distributionem
3359 755 3631 809 donorum

2046 853 2286 924 Spiritus
2317 851 2521 915 editur,
2580 849 2897 920 agnoscitur
2939 849 3084 905 Deus
3115 848 3168 903 in
3351 851 3630 920 prophetis

2044 960 2188 1008 esse,
2230 942 2549 997 consultent
2594 939 2683 994 isti
2735 954 2896 1008 quem
2950 939 3130 993 locum
3165 938 3481 992 attributnri
3523 938 3632 991 sint

2047 1033 2278 1107 Spiritui
2309 1040 2503 1088 sancto
2539 1051 2552 1086 :
2593 1037 2777 1085 utrum
2817 1030 3030 1100 aequius
3067 1029 3140 1086 sit
3171 1031 3324 1085 illum
3355 1045 3480 1084 cum
3523 1028 3634 1084 Deo

2041 1129 2297 1198 jungerc,
2353 1140 2420 1180 an
2468 1124 2536 1178 ad
2587 1130 2972 1178 creaturarum
3017 1122 3270 1177 ordinem
3315 1121 3631 1179 extrudere.

2046 1221 2191 1288 Quin
2243 1228 2298 1274 et
2346 1221 2450 1273 ista
2503 1215 2650 1272 Petri
2695 1215 2762 1269 ad
2795 1213 3122 1285 Sapphiram
3155 1216 3343 1279 verba,
3377 1215 3518 1281 Quid
3555 1224 3634 1269 est

2047 1315 2188 1384 quod
2236 1311 2475 1366 convenit
2516 1310 2658 1362 inter
2704 1323 2794 1361 vos
2826 1317 3030 1362 tentare
3059 1306 3319 1376 Spiritum
3352 1311 3643 1362 sanctum?

2051 1422 2154 1460 non
2187 1404 2392 1458 mentiti
2421 1402 2547 1456 estis
2577 1399 2899 1467 hominibus,
2929 1399 3020 1454 sed
3053 1400 3163 1454 Deo
3223 1402 3242 1430 '
3274 1419 3288 1466 ;
3337 1401 3646 1456 ostendunt.

2050 1499 2238 1554 eadem
2278 1501 2331 1551 in
2364 1495 2629 1566 Spiritum
2665 1503 2942 1558 sanctum,
2975 1503 3028 1549 et
3063 1494 3118 1547 in
3157 1494 3325 1550 Deum
3359 1509 3481 1549 esse
3514 1511 3637 1565 pec-

2052 1598 2197 1645 cata.
2240 1590 2421 1659 Atque
2470 1588 2575 1642 hoc
2606 1587 2768 1641 etiam
2810 1594 2972 1657 pacto
3014 1587 3228 1641 discere
3255 1588 3481 1656 poteris,
3515 1584 3637 1656 Spi-

2054 1683 2220 1736 ritum
2257 1689 2508 1736 sanctmn
2552 1680 2606 1732 in
2649 1679 2800 1732 onini
2837 1679 3160 1748 operatione
3200 1679 3554 1745 coniunctum
3586 1688 3642 1732 et

2060 1772 2485 1842 inseparabilem
2535 1786 2658 1826 esse
2701 1787 2730 1824 a
2782 1769 2946 1826 Patre
2998 1782 3052 1827 ct
3105 1770 3263 1826 Filio.
3311 1771 3448 1826 Cum
3497 1771 3656 1827 Deus

2051 1865 2211 1921 eiiieit
2270 1864 2693 1920 distributiones
2749 1864 3174 1934 operationum,
3239 1878 3303 1917 ac
3369 1862 3638 1919 Dominus

2052 1957 2355 2013 divisiones
2399 1957 2908 2021 ministrationum,
2967 1955 3128 2010 simul
3184 1955 3339 2009 adest
3395 1953 3639 2024 Spiritus

2055 2056 2304 2113 sanctus,
2361 2049 2715 2118 partitionem
2765 2049 3039 2104 donorum
3101 2063 3199 2117 pro
3239 2047 3508 2118 cujusque
3558 2047 3642 2101 di-

2054 2141 2264 2212 gnitate
2317 2141 2540 2210 proprio
2577 2141 2807 2194 arbitrio
2851 2140 3198 2209 dispensans.
3241 2138 3402 2201 Nam,
3446 2140 3640 2210 inquit.

2055 2233 2335 2285 divisiones
2367 2231 2626 2284 donorum
2677 2242 2822 2297 sunt,
2861 2231 2998 2285 idem
3047 2242 3221 2284 autern
3271 2230 3522 2299 Spiritus.
3577 2229 3646 2282 Et

2059 2323 2344 2377 divisiones
2396 2312 2928 2376 administrationum
2974 2333 3119 2384 sunt,
3159 2323 3295 2376 idem
3325 2337 3500 2376 autem
3541 2322 3644 2376 Do-

2060 2415 2258 2466 minus.
2309 2412 2375 2465 Et
2416 2413 2704 2466 divisiones
2734 2415 3099 2484 operationum
3132 2423 3276 2478 sunt,
3304 2414 3437 2468 idem
3469 2423 3642 2466 autem

2057 2506 2224 2569 Deus,
2263 2507 2351 2578 qui
2403 2517 2655 2575 operatur
2703 2507 2880 2560 omnia
2913 2508 2966 2562 in
3000 2507 3266 2560 omnibus.
3303 2507 3429 2561 11αέ
3469 2517 3648 2560 autem.

2058 2599 2257 2659 omnia,
2291 2600 2487 2668 inquit
2527 2607 2779 2668 operatur
2810 2615 2945 2652 unus
2999 2609 3044 2653 et
3095 2599 3233 2653 idem
3275 2598 3530 2667 Spiritus,
3560 2599 3642 2653 di-

2058 2690 2237 2746 videns
2290 2691 2512 2745 seursim
2561 2692 2767 2761 cuique,
2807 2703 2960 2758 prout
3003 2693 3112 2744 vult
3166 2692 3206 2746 ³.
3237 2693 3491 2746 Attamen
3533 2707 3642 2748 nun

2063 2784 2324 2852 quoniam
2378 2783 2677 2854 Apostolus
2713 2784 2887 2853 primo
2935 2784 3054 2839 loco
3092 2785 3336 2838 meminit
3381 2784 3640 2855 Spiritus,

2061 2872 2305 2928 secundo
2333 2871 2479 2936 Filii,
2512 2873 2675 2928 tertio
2710 2872 2801 2927 Dei
2832 2883 2885 2927 ct
2916 2874 3120 2938 Pa:ris,
3151 2876 3399 2944 protinus
3427 2884 3650 2946 oportet.

2061 2964 2332 3033 suspicari
2367 2963 2612 3018 ordinem
2647 2963 2872 3019 omnino
2905 2965 3181 3018 inversum
3210 2979 3350 3018 esse.
3375 2965 3417 3018 Δ
3454 2973 3642 3020 nostra

2062 3057 2331 3127 siquidem
2363 3055 2685 3110 habitudine
2723 3058 2960 3126 sumpsit
2989 3055 3298 3109 exordium.
3350 3056 3484 3110 Nam
3517 3073 3645 3112 cum

374 3153 508 3222 φθαι
531 3123 832 3222 τὴείτάξιν.
878 3123 1010 3200 uiis
1035 3123 1142 3218 γάρ
1163 3147 1263 3216 τῆς
1287 3146 1452 3217 ἡμετέ
1461 3161 1560 3216 ρας
1595 3144 1830 3215 σχέσεως
1855 3141 1952 3213 τὴν

2064 3149 2204 3204 dona
2256 3149 2602 3219 accipimus;
2646 3149 2804 3203 nobis
2839 3123 2886 3203 is
2927 3149 3020 3218 qui
3052 3148 3370 3214 distribuit,
3404 3150 3646 3203 occurrit

375 3243 551 3315 ἀρχὴν
589 3241 811 3295 ἔλαϐεν·
850 3239 1038 3310 ἐπειδὴ
1072 3237 1459 3308 ὑποδεχόμενοι
1488 3236 1555 3289 τὰ
1587 3234 1765 3306 δῶρα,
1802 3233 1958 3306 πρῶ-

374 3355 468 3390 τον
501 3334 899 3404 ἐντυγχάνομεν
915 3331 993 3403 τῷ
1021 3331 1332 3401 διανέμοντι
1351 3347 1364 3360 ·
1403 3324 1522 3381 εἶτα
1552 3327 1838 3398 ἐννοοῦμεν
1869 3326 1960 3380 τὸν

377 3427 806 3483 ἀποστείλανταο
841 3421 959 3477 εἶτα
998 3423 1274 3491 ἀνάγομεν
1303 3421 1400 3492 τὴν
1428 3419 1724 3490 ἐνθύμησιν
1749 3420 1840 3472 ἐπὶ
1860 3419 1956 3490 τὴν

379 3523 564 3592 πηγὴν
596 3522 688 3573 καὶ
719 3518 900 3573 αἰτίαν
929 3517 1035 3569 τῶν
1071 3514 1311 3583 ἀγαθῶν.

585 3614 792 3680 Μάθοις
828 3614 872 3668 δ’
914 3615 980 3669 ἂν
1009 3615 1106 3686 τὴν
1153 3613 1288 3686 πρὸς
1317 3613 1534 3684 Πατέρα
1569 3612 1662 3665 καὶ
1706 3610 1831 3663 Υἰὸν
1857 3600 1952 3661 τοῦ

386 3705 702 3776 Πνεύματος
733 3707 1016 3761 κοινωνίαν
1064 3708 1158 3760 καὶ
1187 3708 1253 3760 ὲκ
1289 3705 1399 3760 τῶν
1541 3700 1952 3774 δημιουργημάο

383 3812 490 3848 των
523 3798 632 3850 τῶν
673 3797 732 3861 ἐξ
773 3798 967 3869 ἀρχῆς.
1015 3797 1082 3852 Αἱ
1113 3797 1222 3868 γὰρ
1255 3795 1490 3866 καθαραὶ
1523 3797 1618 3848 καὶ
1649 3794 1831 3864 νοεραὶ
1863 3791 1957 3846 καὶ⁹

385 3889 745 3959 ὑπερκόσμιοι
773 3891 1030 3962 δυνάμεις
1070 3891 1224 3960 ἆγιαι
1260 3890 1352 3943 καί
1381 3892 1489 3942 είσι
1535 3888 1628 3943 καὶ
1666 3886 1957 3956 ὀνομάζον-

386 3995 498 4043 ται,
531 3981 594 4033 ἐκ
625 3981 724 4050 τῆς
771 3983 922 4053 παρά
957 3982 1051 4035 τοῦ
1100 3982 1256 4051 ἁγίου
1297 3981 1610 4052 Πνεῦματος
1653 3977 1956 4046 ὲνδοθείσης

387 4068 610 4138 χάριτος
666 4071 756 4124 τὸν
801 4072 1070 4143 ἀγιασμὸν
1121 4071 1474 4144 κεκτημέναι.
1536 4071 1699 4122 Ὥστε
1756 4068 1956 4122 ἀποσε-

389 4159 660 4232 σιώπηται
695 4163 793 4233 μὲν
833 4165 862 4216 ό
909 4163 1109 4235 τρόπος
1141 4164 1240 4232 τῆς
1286 4162 1514 4225 κτίσεως
1543 4158 1651 4213 τῶν
1693 4159 1959 4230 οὐρανιων

387 4253 702 4325 δυνάμεων·
759 4254 866 4308 ἀπὸ
913 4254 1022 4325 γάρ
1056 4254 1164 4306 τῶν
1213 4253 1486 4324 αἰσθητῶν
1517 4252 1675 4322 μόνον
1713 4249 1804 4302 τὸν
1855 4251 1958 4319 Δη-

393 4347 653 4418 μιουργὸν
676 4347 806 4417 ἡμῖν
823 4348 868 4398 ,ὁ
897 4347 994 4416 τὴν
1019 4345 1378 4415 κοσμογονίαν
1511 4340 1960 4411 συγγραψάμενος

390 4437 726 4507 ἀπεκάλυψε.
779 4437 849 4489 Συ
896 4437 973 4500 δὲ,
1015 4435 1152 4506 ἔχων
1205 4435 1434 4504 δύναμιν
1486 4436 1550 4486 ὲκ
1599 4431 1706 4485 τῶν
1752 4427 1962 4501 ὁρατῶν

389 4527 799 4596 ἀναλογίζεσθαι
828 4527 897 4580 τὰ
943 4528 1171 4598 ἀόρατα,
1206 4525 1391 4591 δόξαζε
1437 4525 1525 4577 τὸν
1557 4522 1788 4593 Ποιητὴν
1820 4523 1876 4572 ὲν
1917 4511 1964 4587 ᾧ

391 4621 613 4691 ἐκτίσθη
660 4620 727 4673 τά
773 4619 985 4684 πάντα,
1041 4619 1151 4671 εἴτε
1181 4618 1376 4689 ὁρατὰ,
1425 4616 1535 4668 εἴτε
1578 4615 1806 4686 ἀόρατα,
1855 4613 1963 4666 εἴτε

391 4713 576 4786 ἀρχαὶ,
609 4713 716 4765 εἴτε
740 4712 999 4779 ἐξουσίαι,
1035 4711 1144 4765 εἴτε
1170 4711 1449 4782 δυνάμεις,
1483 4707 1590 4762 εἴτε
1623 4705 1820 4777 θρόνοι,
1853 4703 1965 4757 εἴτε

394 4805 727 4877 κυριότητες,
759 4805 852 4858 καὶ
877 4805 930 4857 εί
955 4805 1098 4868 τινές
1129 4804 1263 4856 εἰσιν
1289 4803 1474 4874 ἕτεραι
1505 4799 1722 4868 λογικαὶ
1751 4797 1961 4866 φύσεις,

395 4897 818 4966 ἀκατονόμαστοι
847 4896 945 4966 (5).
990 4897 1078 4950 Ἐν
1103 4895 1158 4948 δὲ
1185 4898 1251 4966 τῇ
1289 4893 1492 4947 τούτων
1519 4891 1692 4945 κτίσει
1716 4887 1965 4958 ἑννόησόν

399 5006 486 5058 μοι
516 4987 612 5059 τὴν
649 4988 1124 5060 προκαταρκτικὴν
1159 4986 1339 5040 αἰτίαν
1374 4984 1482 5036 τῶν
1511 4981 1848 5052 γινομένων,
1875 4979 1966 5032 τὸν

395 5079 612 5150 Πατέρα
640 5098 652 5112 ·
698 5079 797 5150 τὴν
835 5078 1248 5151 δημιουργικὴν,
1277 5078 1365 5130 τὸν
1389 5075 1544 5128 Υίόν·
1579 5074 1676 5145 τὴν
1701 5071 1966 5124 τελειωτιο

396 5170 515 5234 κῆν,
542 5171 602 5223 τὸ
631 5171 853 5242 Πνεῦμα
875 5187 887 5202 '
922 5171 1062 5223 ὥστε
1098 5171 1394 5241 βουλήματι
1432 5168 1528 5238 μὲν
1549 5165 1640 5218 τοῦ
1663 5163 1874 5232 Πατρὸς
1901 5159 1970 5213 τὰ

396 5259 743 5330 λειτουργικά
793 5261 1080 5332 πνεύματα
1128 5262 1412 5332 ὑπάρχειν,
1457 5256 1704 5327 ἐνεργείᾳ
1742 5254 1799 5306 δὲ
1845 5251 1967 5304 Υἱου

397 5353 476 5415 εἰς
502 5352 563 5404 τὸ
597 5348 735 5405 εἶναι
761 5353 1126 5424 παράγεσθαι,
1156 5352 1426 5423 παρουσία
1452 5349 1508 5402 δὲ
1535 5346 1627 5400 τοῦ
1657 5343 1967 5413 Πνεῦματος

398 5444 751 5499 τελειοῦσθαι.
785 5445 1071 5508 Τελείωσις
1112 5445 1167 5497 δὲ
1199 5443 1443 5512 ἀγγέλων
1479 5437 1770 5508 ἁγιασμὸς,
1810 5434 1902 5488 καὶ
1935 5432 1968 5503 ἡ

396 5537 456 5589 ὲν
496 5535 672 5604 τούτῳ
709 5536 956 5607 διαμονή.
1013 5536 1121 5588 Καὶ
1165 5535 1350 5606 μηδεὶς
1398 5533 1591 5587 οἰέσθω
1639 5546 1704 5600 με
1747 5527 1779 5597 ἢ
1823 5527 1971 5594 τρεῖς

401 5621 534 5678 εἶναι
567 5625 748 5694 λέγειν
789 5626 1021 5696 ἀρχικὰς
1067 5625 1412 5686 ὑποστάσεις,
1453 5623 1486 5692 ἢ
1538 5620 1699 5689 ἀτελῆ
1747 5616 1971 5685 φάσκειν

400 5715 493 5768 τοῦ
520 5715 649 5768 ’λ’ίοῦ
692 5717 789 5787 τὴν
829 5717 1129 5786 ἐνέργειαν.
1175 5715 1339 5785 Ἀρχὴ
1371 5713 1478 5783 γὰρ
1518 5711 1623 5764 τῶν
1653 5709 1819 5762 ὅντων
1855 5703 1970 5775 μία,

486 5882 502 5912 ¹
555 5879 721 5936 lCor.
757 5896 867 5942 xiv,
893 5880 985 5947 ΞΗ,
1021 5879 1110 5932 :25.
1220 5879 1238 5910 ¹
1273 5879 1392 5934 Act.
1423 5893 1477 5943 v,
1513 5876 1564 5946 9,
1593 5875 1645 5930 4.

1756 5872 1774 5904 ³
1807 5871 1826 5927 ι
1864 5869 1992 5926 Cur.

2063 3244 2342 3313 primum;
2397 3258 2520 3295 mox
2573 3242 2878 3312 cogitamus
2952 3257 3076 3296 eum
3138 3241 3233 3312 qui
3286 3241 3474 3308 misit;
3548 3257 3645 3310 po-

2061 3341 2272 3388 stremo
2304 3334 2694 3404 cogitationem
2731 3332 3080 3402 perducimus
3115 3333 3181 3387 ad
3223 3332 3424 3388 fontem
3461 3342 3646 3390 aucto-

2065 3441 2290 3495 remque
2331 3426 2619 3479 bonorum.

2273 3597 2390 3652 Jam
2428 3601 2589 3654 etiam
2650 3614 2713 3654 ex
2750 3598 2914 3652 rebus
2982 3596 3131 3650 initio
3167 3594 3398 3648 conditis
3462 3593 3641 3648 discas

2072 3692 2198 3745 licet
2257 3689 2497 3760 Spiritus
2525 3705 2650 3743 cum
2707 3689 2867 3744 Patre
2895 3696 2948 3742 et
2999 3685 3134 3738 Filio
3175 3685 3639 3738 communionem.

2071 3780 2203 3835 Nam
2240 3797 2389 3852 purae
2437 3787 2490 3834 et
2524 3780 2889 3849 intelligentcs
2920 3786 2972 3831 et
3026 3775 3484 3846 supern'iumlana',
3534 3775 3644 3828 vir-

2072 3880 2259 3938 tutes,
2322 3879 2524 3925 sancta:
2585 3878 2696 3922 tum
2739 3879 2863 3922 sunt
2894 3907 2907 3930 ,
2959 3874 3071 3919 tum
3122 3865 3475 3918 nominantur
3508 3904 3522 3929 ,
3576 3879 3643 3918 ex

2075 3961 2249 4032 gratia
2283 3976 2312 4014 a
2346 3960 2549 4030 Spiritu
2606 3967 2798 4014 sancto
2843 3957 3026 4010 infusa
3067 3955 3484 4009 sanctimoniam
3513 3970 3644 4007 ροη-

2073 4060 2295 4107 secutis.
2356 4051 2536 4117 Quare
2579 4049 2799 4104 silentio
2859 4046 3264 4116 praetermissus
3313 4053 3400 4099 est
3449 4045 3644 4099 modus

2074 4147 2369 4202 creationis
2424 4145 2731 4198 cmlestium
2772 4142 3083 4206 virtutum;
3137 4151 3258 4193 nam
3313 4153 3380 4192 ex
3411 4137 3646 4192 sensibi-

2074 4240 2218 4294 libus
2255 4246 2461 4292 tantum
2494 4243 2792 4290 creatorem
2837 4234 3013 4287 nobis-
3043 4232 3253 4302 aperuit
3295 4230 3341 4285 is
3392 4229 3482 4298 qui
3515 4243 3648 4282 con-

2076 4332 2174 4385 diti
2229 4331 2378 4385 orbis
2434 4328 2763 4397 conscripsit
2823 4327 3128 4381 historiam.
3201 4323 3280 4376 Tu
3335 4338 3459 4376 vero
3494 4360 3509 4384 ,
3555 4323 3648 4391 qui

2077 4417 2389 4475 facultatem
2439 4421 2611 4474 habes
2649 4434 2714 4473 ex
2755 4417 3064 4472 visibilibus
3115 4413 3409 4468 invisibilia
3455 4412 3649 4480 depre—

2004 4512 2042 4564 υ
2076 4513 2376 4580 hendendi,
2438 4511 2681 4584 gloriﬁca
2736 4509 3086 4564 Conditorem
3147 4508 3200 4561 in
3265 4521 3375 4575 quo
3429 4504 3649 4557 condita

2079 4612 2205 4659 sunt
2234 4604 2414 4655 omnia
2437 4643 2452 4667 ,
2493 4603 2606 4656 sive
2667 4601 2902 4654 visibilia
2926 4638 2939 4660 ,
2975 4599 3088 4652 sive
3143 4595 3437 4650 invisibilia
3460 4634 3474 4657 ,
3534 4593 3652 4647 sive

2081 4694 2454 4764 principatus,
2489 4693 2603 4748 sive
2651 4698 2948 4760 potestates
2977 4728 2989 4748 ,
3058 4688 3171 4740 sive
3210 4685 3476 4746 virtutes,
3538 4683 3653 4737 sive

2078 4786 2288 4849 throni,
2344 4785 2457 4838 sive
2497 4781 2902 4838 dominationes
2959 4778 3013 4844 ‘,
3053 4787 3106 4832 ct
3139 4777 3186 4832 si
3223 4790 3346 4846 qua:
3375 4775 3493 4828 alia:
3523 4780 3652 4829 sunt

2079 4879 2376 4932 rationales
2437 4885 2691 4940 naturae,
2749 4889 2868 4943 qua:
2907 4869 3178 4926 nominari
3234 4885 3343 4923 non
3395 4873 3647 4938 possunt.

2081 4973 2138 5027 In
2208 4970 2402 5025 horum
2467 4974 2648 5022 autem
2710 4965 2990 5021 creatione
3049 4961 3229 5033 cogita
3289 4959 3654 5029 mihiprima—

2083 5062 2218 5115 riam
2270 5075 2490 5116 causam
2534 5073 2724 5113 eorum
2765 5072 2887 5128 qua:
2934 5055 3110 5132 ﬁunt,
3168 5052 3424 5116 Patrem;
3466 5046 3655 5102 condi-

2081 5152 2293 5216 tricem,
2340 5149 2571 5214 Filium;
2630 5147 3030 5219 perfectricem,
3067 5143 3331 5214 Spiritum
3368 5149 3652 5195 sanctum:

2085 5251 2142 5296 ut
2199 5243 2478 5295 voluntate
2534 5238 2750 5309 quidem
2803 5237 2985 5291 Patris
3035 5236 3144 5290 sint
3204 5226 3656 5288 administratorii

2085 5335 2309 5403 spiritus
2343 5373 2357 5396 ,
2429 5331 2549 5384 Filii
2612 5345 2747 5384 vero
2797 5327 3116 5398 operatione
3179 5323 3550 5393 perducantur
3599 5325 3658 5371 ut

2091 5411 2215 5491 sint,
2248 5425 2487 5495 Spiritus
2529 5432 2709 5478 autem
2741 5419 3036 5490 praesentia
3062 5415 3436 5487 perﬁciantur.
3485 5410 3659 5464 Porro

2086 5521 2403 5588 angelorum
2455 5515 2716 5586 perfectio
2749 5520 2833 5568 est
2869 5507 3238 5567 sanctiﬁcatio
3271 5547 3284 5571 ,
3333 5513 3388 5560 et
3443 5504 3496 5556 in
3557 5500 3658 5554 hac

2091 5610 2512 5680 perseverantia.
2580 5609 2655 5661 Ac
2694 5621 2856 5660 nemo
2904 5619 2990 5657 me
3049 5601 3239 5656 credat
3273 5608 3384 5653 tres
3422 5593 3659 5665 originad

2089 5701 2167 5757 les
2193 5701 2515 5772 hypostascs
2541 5714 2763 5770 ponere,
2797 5705 2889 5752 aut
2931 5694 3052 5751 Filii
3081 5691 3452 5765 operationem
3478 5686 3660 5740 dicere

2060 5885 2114 5938 u,
2151 5870 2183 5924 εί
2224 5870 2308 5924 ιι.
2384 5867 2405 5898 ⁸
2465 5864 2581 5922 Col.
2620 5879 2658 5931 ι,
2698 5862 2784 5920 16.
