3768 6590
313 326 418 390 759

1538 315 1922 378 EUTllYMll
1965 313 2324 377 ZIGABENI
3426 315 3512 378 760

319 456 714 530 iiuperfectam.
757 454 1095 526 Principium
1158 451 1304 506 enim
1349 461 1538 503 eorum
1577 457 1699 514 qua:
1744 457 1806 530 su

2029 451 2060 504 ι’
2091 449 2224 504 Υίοῦ
2265 448 2697 521 δημιουργοῦσα,
2730 448 2820 501 καὶ
2863 442 3130 499 τελειοῦσα
3161 444 3216 495 ἐν
3259 442 3517 511 Πνεύματι.

322 529 488 605 unum
517 557 623 613 cst,
657 563 752 618 per
783 545 980 600 Filium
1015 543 1258 600 condens
1287 547 1343 596 et
1373 537 1660 610 pcrficiens
1688 533 1740 587 in
1776 529 1898 600 Spi-

321 642 454 696 ritu.
509 641 588 694 Ac
623 652 724 693 nec
767 637 946 700 Pater,
1007 635 1096 706 qui
1140 638 1402 705 operatur
1449 625 1630 684 omnia
1675 623 1730 678 in
1781 635 1898 675 om-

322 733 526 798 nibus,
568 728 941 800 imperfectam
994 727 1190 782 haheat
1238 723 1660 796 operationem:
1722 729 1790 769 ne
1814 726 1898 782 ;ue

320 821 495 877 Filius
547 821 1041 876 inconsummatam
1087 817 1443 878 creationem,
1475 811 1584 868 nisi
1624 823 1655 862 a
1689 803 1896 877 Spiritu

321 913 654 982 perficiatur.
713 909 829 964 Hoc
853 910 998 964 enim
1045 917 1205 980 pacto
1253 923 1352 964 nec
1399 905 1559 962 Pater
1613 917 1754 975 opus
1800 897 1898 952 ha-

320 1002 472 1058 bebit
512 1001 647 1056 Filio
676 1040 691 1066 ,
747 999 864 1055 sola
893 999 1176 1055 voluntate
1231 1012 1461 1064 creans;
1653 1001 1892 1047 attamen

319 1094 437 1150 vult
464 1108 653 1149 creare
689 1109 786 1165 per
816 1091 1038 1147 Filium.
1067 1090 1254 1162 Neque
1293 1091 1469 1146 Filius
1494 1087 1682 1159 egebit
1735 1084 1893 1138 auxi-

326 1188 422 1250 lio,
444 1188 602 1257 juxta
626 1185 808 1241 Patris
840 1183 1259 1240 similitudinem
1282 1189 1552 1255 operans,
1587 1180 1681 1236 sed
1723 1188 1774 1234 et
1803 1176 1893 1231 Fi-

320 1278 429 1334 lius
461 1277 578 1330 vult
611 1293 708 1348 per
735 1277 1000 1348 Spiritum
1030 1275 1332 1348 perficere:
1375 1290 1500 1330 nam
1566 1272 1728 1328 Verbo
1793 1271 1895 1325 Do-

322 1370 453 1423 mini
486 1371 600 1424 creti
632 1370 836 1439 ﬁrmati
884 1381 1029 1434 sunt,
1066 1380 1112 1424 et
1158 1369 1363 1437 Spiritu
1411 1368 1520 1422 oris
1568 1367 1683 1436 ejus
1725 1366 1894 1419 omnis

323 1461 490 1514 virtus
522 1477 701 1515 eorum
752 1464 791 1513 ι.
828 1459 1013 1530 itaque
1053 1476 1152 1518 nec
1186 1459 1424 1516 Verbum
1484 1466 1568 1514 cst
1620 1457 1898 1528 significa-

325 1553 436 1607 tiva
466 1553 611 1608 aeris
637 1553 917 1624 percussio
939 1569 1035 1624 per
1070 1554 1219 1610 vocis
1252 1554 1619 1608 instrumenta
1661 1552 1892 1622 prolata:

1994 545 2105 599 Καὶ
2152 543 2274 599 οὐτε
2325 544 2534 613 Πατὴρ,
2585 544 2614 596 ὁ
2658 541 2726 594 τὰ
2777 539 2953 592 πάντα
3001 538 3058 590 ἐν
3101 537 3258 588 πᾶσιν
3298 534 3518 605 ἐνεργῶν,

1995 637 2162 708 ἀτελῆ
2193 637 2306 708 ἔχει
2343 634 2441 708 τὴν
2471 635 2780 706 ἐνέργειαν·
2812 630 2937 684 οὐτε
2966 628 3094 691 Υἱὸς
3122 625 3303 695 ἐλλιπῆ
3329 624 3412 694 τὴν
3447 625 3523 696 δη-

2000 730 2308 803 μιουργίαν,
2359 727 2434 799 μὴ
2479 724 2860 794 τελειουμένην
2900 719 3055 791 παρά
3087 716 3180 770 τοῦ
3229 715 3522 786 Πνεὺματος.

1997 821 2153 874 Οῦτω
2196 820 2304 890 γὰρ
2331 819 2397 872 ἂν
2437 816 2560 870 οὐτε
2605 813 2792 886 Πατὴρ
2822 807 3181 883 προσδεηθείη
3225 804 3366 868 Υἱοῦ,
3406 806 3526 876 μόνῳ

1997 913 2074 984 τῷ
2100 913 2272 967 Θέλειν
2300 910 2670 983 δημιουργῶν,
2698 907 2811 961 ἀλλ’
2843 907 2989 976 ὅμως
3013 901 3153 956 Θέλει
3285 897 3365 951 διὰ
3391 898 3522 952 Υίοῦ·

1994 1004 2104 1058 οὐτ’
2127 1004 2192 1058 ἀν
2216 1002 2503 1075 συνεργίας
2613 998 2990 1073 προσδεηοείη.
3023 993 3140 1049 καθ’
3170 990 3527 1062 ὁμοιότητατοῦ

1997 1097 2210 1169 Πατρὸς
2241 1097 2497 1168 ἐνεργῶν⁹
2537 1094 2673 1150 ἀλλὰ
2702 1094 2796 1148 καὶ
2827 1091 2953 1154 Υἱὸς
2989 1088 3132 1141 θέλει
3159 1084 3245 1138 διὰ
3271 1083 3356 1136 τοῦ
3389 1081 3531 1136 Ilvati-

1999 1207 2166 1260 ματος
2197 1188 2462 1243 τελειοῦν
2506 1188 2590 1254 Τῷ
2615 1188 2783 1257 Λόγῳ
2829 1185 2934 1256 γὰρ
2970 1180 3188 1248 Κυρίου
3232 1179 3284 1230 oi
3321 1175 3530 1244 οὐρανοί

1995 1277 2462 1348 ἐστερεώθησαν,
2518 1277 2616 1330 καὶ
2665 1275 2746 1341 τῷ
2788 1275 3079 1342 Πνεύματι
3129 1266 3236 1321 τοῦ
3273 1268 3531 1334 στόματος

1995 1372 2182 1428 αὐτοῦ
2229 1371 2395 1426 πᾶσα
2440 1373 2478 1439 1}
2529 1369 2782 1439 δύναμις
2825 1363 3046 1422 αὐτῶν.
3087 1360 3224 1414 Οὔτε
3266 1354 3353 1412 οῦν
3389 1359 3533 1424 Λόγος

1996 1463 2156 1534 ἀέρος
2189 1463 2431 1525 τύπωσις
2461 1459 2788 1532 σημαντικὴ,
2821 1456 2911 1510 διά
2957 1450 3278 1525 φωνητικῶν
3323 1449 3534 1520 ὀργάνων

1997 1555 2370 1628 ἐκφερομένη·
2407 1552 2528 1607 οὐτε
2567 1551 2788 1623 Πνεῦμα
2831 1548 3096 1618 στόματος
3129 1543 3316 1614 ἀτμὸς,
3358 1543 3415 1594 ὲκ
3446 1540 3534 1594 τῶν

323 1659 426 1700 nec
480 1644 718 1715 Spiritus
775 1647 886 1703 oris
954 1647 1153 1704 halitus
1214 1647 1460 1716 partibus
1524 1646 1811 1716 respiraton

2046 1646 2440 1701 ναπνευστικῶν
2498 1644 2680 1716 μερῶν
2737 1640 3138 1710 ἐξωθούμενος·
3207 1633 3338 1688 ἀλλὰ
3392 1631 3534 1699 Λόγος

322 1735 536 1792 amatus
577 1753 592 1788 :
634 1736 728 1792 sed
783 1736 1021 1792 Verbum
1055 1744 1140 1793 est
1177 1737 1322 1808 quod
1347 1737 1400 1790 in
1462 1736 1734 1806 principio
1781 1752 1810 1791 e

2047 1743 2098 1795 ἐν
2126 1741 2154 1792 ὁ
2179 1740 2314 1811 πρὸς
2344 1739 2475 1792 Θεὸν
2505 1738 2582 1791 ὢν
2620 1739 2678 1790 ἐν
2708 1737 2870 1806 ἀρχῇ,
2905 1734 2999 1787 καὶ⁵
3031 1731 3162 1793 Θεὸς
3191 1727 3264 1782 ῶν
3285 1744 3298 1758 °
3344 1725 3535 1796 Πνεῦμα

325 1827 470 1898 apud
518 1828 708 1894 Deum,
758 1839 810 1884 et
842 1829 984 1884 Deus
1033 1838 1151 1886 erat
1195 1834 1238 1883 '.
1294 1827 1533 1900 Spiritus
1571 1837 1752 1884 autem
1783 1845 1813 1884 ο

2049 1851 2054 1884 ;
2086 1831 2350 1902 στόματος
2389 1829 2523 1884 Θεοῦ
2550 1829 2611 1882 τὸ
2650 1826 2874 1898 Πνεῦμα
2901 1824 3002 1896 τῆς
3032 1820 3312 1893 ἀληθείας,
3350 1819 3378 1872 ὃ
3413 1818 3537 1889 παρά

1997 1921 2092 1978 τοῦ
2147 1922 2360 1993 Πατρὸς
2405 1919 2781 1992 ἐκπορεύεται.
2854 1918 2994 1988 Τρία
3047 1915 3228 1968 τοίνυν
3280 1914 3429 1975 νοεῖς,
3463 1911 3536 1964 τὸν

1999 2015 2406 2086 προστάσσοντα
2444 2012 2669 2085 Κύριον,
2701 2013 2790 2066 τὸν
2820 2007 3257 2080 δημιουργοῦντα
3291 2005 3465 2073 Λόγον,
3489 2003 3539 2057 τὸ

2001 2105 2254 2178 στερεοῦν
2379 2107 2440 2160 τὸ
2461 2105 2704 2178 Πνεῦμα.
2736 2103 2800 2158 Τί
2831 2103 2874 2157 δ’
2903 2102 2969 2156 ἂν
2996 2101 3123 2154 ἄλλο
3157 2098 3244 2169 εἴη
3282 2096 3536 2166 στερέωσις

2000 2197 2032 2267 ἢ
2064 2199 2096 2268 ἡ
2125 2196 2268 2250 κατά
2299 2197 2391 2250 τὸν
2433 2196 2703 2267 ἀγιασμὸν
2732 2195 3036 2256 τελείωσις,
3069 2190 3130 2245 τὸ
3169 2189 3434 2244 ἀνένδοτον
3462 2186 3537 2237 καὶ

328 1921 421 1975 Dei
451 1959 467 1985 ,
513 1919 753 1991 Spiritus
791 1930 876 1978 est
903 1923 1167 1988 veritatis,
1196 1923 1289 1993 qui
1321 1938 1350 1975 a
1379 1920 1537 1977 Patre
1565 1921 1810 1992 procedit
1851 1920 1892 1975 ³.

325 2012 515 2080 Itaque
593 2012 694 2066 tria
786 2012 1089 2083 intelligis,
1171 2014 1520 2069 mandantem
1566 2013 1894 2078 Dominum,

325 2115 520 2157 creatis
555 2099 811 2168 Verbum,
870 2111 925 2158 et
975 2103 1390 2159 confirmantem
1427 2104 1710 2174 Spiritum.
1768 2105 1898 2172 Qua:

324 2198 494 2255 porro
541 2183 648 2240 alia
691 2187 866 2254 possit
905 2203 1028 2243 esse
1065 2188 1441 2256 confirmatio,
1487 2205 1650 2260 quam
1687 2192 1738 2244 in
1771 2207 1900 2247 san-

326 2275 584 2333 ctimonia
616 2279 878 2348 perfectio
904 2299 916 2347 ;
945 2281 1379 2337 continuationis
1405 2298 1534 2339 voce
1559 2284 1814 2355 significa:

2048 2304 2266 2362 τρεπτον
2308 2288 2403 2342 καὶ
2449 2287 2659 2356 παγίως
2711 2281 3099 2358 ἐρηρεισμένον
3145 2281 3204 2332 ἐν
3248 2274 3424 2346 ἀγαθῴ
3459 2277 3536 2345 τῆς

333 2368 726 2435 constantiam,
787 2370 1290 2428 immutabilitatem
1348 2383 1402 2430 et
1450 2374 1780 2432 soliditatem

2048 2380 2350 2453 τερεώσεως
2401 2379 2807 2452 ἐμφαινούσης;
2868 2375 3164 2446 Ἀγιασμὺς
3208 2372 3264 2424 δὲ
3311 2371 3404 2424 οὐκ
3433 2369 3536 2424 ἄνευ

327 2455 522 2511 bono?
579 2455 953 2514 Sanctificatio
994 2469 1175 2516 autem
1231 2478 1339 2518 non
1369 2472 1454 2520 est
1512 2466 1719 2536 absque
1775 2467 1812 2522 S

2047 2471 2335 2544 ζνεύματος.
2371 2474 2444 2526 Οὐ
2483 2473 2589 2544 γὰρ
2619 2472 2780 2541 φύσει
2810 2471 2965 2540 ἅγιαι
2993 2472 3047 2523 αί
3079 2468 3188 2522 τῶν
3219 2466 3445 2536 οὐρανῶν
3473 2468 3535 2523 δυ-

321 2543 461 2597 ritu.
497 2541 684 2614 Neque
716 2547 860 2600 enim
894 2547 1162 2604 caelorum
1210 2549 1444 2608 virtutes
1473 2563 1666 2623 suapte
1702 2564 1809 2610 nati

2051 2541 2217 2640 ιμεις·
2267 2566 2298 2636 ἢ
2352 2541 2502 2620 οὕτω
2539 2541 2592 2634 γ’
2621 2565 2686 2619 ἂν
2842 2566 3098 2637 οὐδεμίαν
3139 2567 3278 2638 πρὸς
3324 2566 3381 2618 τὸ
3415 2567 3539 2634 ἅγιον

326 2641 532 2690 sanctae
573 2643 751 2703 sunt;
795 2639 1040 2710 alioquin
1106 2643 1240 2698 nihil
1270 2644 1552 2701 differrent
1606 2662 1635 2702 ε
1695 2649 1814 2720 Spir

2049 2639 2220 2731 νεῦμα
2259 2659 2360 2730 τὴν
2389 2658 2651 2730 διαφορὰν
2684 2657 2887 2729 ἔχοιενο
2921 2658 3058 2713 ἀλλὰ
3101 2658 3246 2712 κατά
3285 2658 3537 2728 ἀναλογίαν

322 2732 562 2793 sancto;
609 2730 702 2783 sed
753 2729 912 2800 juxta
944 2737 1356 2805 proportionem
1415 2754 1520 2808 qua
1572 2755 1632 2796 se
1671 2741 1810 2797 invic

2050 2756 2091 2826 ις
2131 2729 2267 2826 πέρδῖ
2297 2729 2532 2824 ἀλλήλας
2561 2751 2859 2826 ὑπεροχῆς.
2905 2751 2998 2806 τοῦ
3045 2738 3326 2824 ἁγιασμοῦ
3371 2753 3427 2806 τὸ
3465 2754 3538 2823 μέ-

321 2825 608 2884 superant,
663 2833 692 2872 a
729 2818 938 2889 Spiritu
1001 2823 1204 2881 habent
1242 2827 1694 2886 sanctificationis
1747 2847 1809 2885 1114

2051 2818 2120 2902 ιον
2158 2818 2309 2918 παρὰ
2334 2818 2430 2900 τοῦ
2455 2818 2772 2916 Πνεῦματος
2795 2818 3049 2915 νέχουσαι.
3098 2818 3197 2908 Ὦς
3225 2818 3344 2916 *γὰρ
3378 2845 3403 2897 ὁ
3433 2818 3539 2898 καυ-

320 2921 530 2960 suram.
578 2906 1051 2974 Quemadmodum
1094 2917 1238 2970 enim
1291 2920 1592 2974 cauterium
1647 2937 1754 2977 non
1785 2939 1808 2979 s

2051 2957 2094 3011 γρ
2114 2939 2250 3010 μετά
2269 2937 2362 2992 τοῦ
2410 2938 2579 3007 πυρὸς
2610 2939 2831 3001 νοεῖται,
2861 2936 2956 2990 καὶ
3001 2936 3129 2991 ἄλλο
3170 2937 3403 3008 μέντοιὴ
3429 2937 3539 2989 ὐπο-

319 2999 445 3069 igne
485 3000 842 3072 intelligitur,
877 3021 1001 3060 cum
1041 3008 1187 3063 aliud
1231 3010 1302 3066 sit
1345 3013 1593 3082 subjecta
1649 3022 1807 3072 male:

2051 2999 2220 3102 ξίμένη
2261 3029 2381 3100 ῦλη,
2422 2999 2516 3082 ml.
2553 2999 2681 3084 ἀλλο
2725 3026 2787 3082 τὸ
2820 2999 2960 3099 πῦρ
3011 2999 3291 3081 οὐτωάαὶ
3333 2999 3417 3081 ὲτέι
3454 3027 3539 3080 τῶν

319 3097 373 3144 et
404 3089 553 3144 aliud
589 3092 730 3162 ignis
770 3113 782 3149 :
817 3095 1000 3151 itidem
1031 3099 1159 3153 etin
1221 3100 1538 3160 coelestibus
1580 3104 1806 3162 virtutib

2051 3089 2259 3194 ιρανίων
2304 3121 2606 3191 δυνάμεων,
2660 3120 2693 3190 ἡ
2754 3119 2854 3189 μὲν
2904 3119 3064 3172 οὐσία
3119 3118 3336 3181 αὐτῶν,
3388 3118 3539 3189 ἀέριον

318 3178 630 3235 substantia
663 3183 886 3253 quidem
918 3200 1127 3252 earum,
1159 3196 1290 3259 puta
1325 3193 1557 3262 Spiritus
1585 3203 1668 3250 est
1692 3197 1804 3252 aeri

2045 3178 2209 3286 νεῦμα
2247 3251 2262 3274 ,
2377 3178 2616 3282 εἰτύχοι,
2651 3178 2693 3282 ἢ.
2716 3178 2827 3280 πῦρ
2850 3210 3030 3273 ἄῦλον,
3062 3210 3208 3264 κατά
3235 3210 3295 3264 τὸ
3321 3178 3533 3281 γεγραμ-

317 3277 413 3324 aut
470 3271 614 3341 ignis
668 3275 1077 3343 immaterialis,
1123 3279 1280 3350 juxta
1329 3282 1380 3337 id
1441 3285 1584 3355 quod
1630 3288 1802 3359 script

2047 3271 2154 3360 ἕνον
2176 3323 2189 3337 ⁸
2238 3307 2290 3357 Ὀ
2320 3302 2505 3358 ποιῶν
2538 3302 2679 3368 τοὺς
2700 3302 2996 3371 ἀγγέλους
3020 3300 3211 3355 αὑτοῦ
3241 3304 3535 3367 πνεύματα,

316 3369 422 3428 est,
458 3363 565 3430 Qui
614 3365 746 3434 facit
781 3368 996 3438 angelos
1041 3387 1167 3425 suos
1219 3375 1462 3443 spiritus,
1521 3386 1571 3432 et
1625 3380 1804 3434 minist

2047 3398 2090 3452 sl
2117 3397 2258 3462 τοὺς
2289 3363 2676 3464 λειτουργοὺς
2707 3363 2895 3448 αὐτοῦ
2933 3363 3126 3460 ,τυρὸς
3331 3393 3502 3463 φλόγα
3527 3408 3535 3420 ·

315 3469 442 3507 ⁸²⁴⁰³
500 3455 777 3523 ﬂammam
827 3459 964 3529 ίθηίδ
1031 3465 1095 3526 δῖ
1158 3475 1497 3536 quapropter
1557 3477 1612 3523 εἴ
1667 3469 1721 3524 in
1778 3470 1898 3526 loco
1991 3490 2072 3543 διὸ
2107 3489 2202 3543 καὶ
2235 3455 2296 3541 ἐν
2350 3455 2504 3558 τόπιρ
2537 3455 2673 3548 εἱσι,
2721 3485 2816 3540 καὶ
2860 3455 3046 3557 ὁρατοὶ
3095 3484 3356 3553 γίνονται.
3403 3487 3452 3536 ἐν
3481 3484 3541 3554 τῷ

315 3555 488 3610 sunt,
551 3557 605 3602 et
645 3547 783 3604 fiunt
812 3552 1081 3618 visibiles,
1112 3555 1242 3611 dum
1285 3559 1352 3615 iis
1381 3560 1474 3630 qui
1530 3561 1678 3633 digni
1730 3580 1793 3620 su

2051 3579 2120 3633 Ξει
2168 3577 2275 3631 τῶν
2325 3577 2542 3629 οἰκείων
2579 3573 2756 3628 αὐτῶν
2795 3575 3062 3645 σωμάτων
3089 3577 3208 3639 τοῖς
3259 3573 3420 3638 ἀξίοις
3459 3576 3539 3640 ἐμ-

314 3648 579 3708 apparent
633 3640 687 3696 in
751 3645 932 3714 specie
998 3649 1344 3718 propriorum
1413 3668 1726 3724 corporum.
1789 3656 1802 3709 ξ

2053 3667 2362 3739 ινιζόμενοι.
2432 3668 2488 3720 Ὀ
2539 3665 2721 3737 μέντοι
2765 3665 3054 3734 ἁγιασμὸς,
3110 3663 3312 3730 ἔξωθεν
3357 3662 3426 3715 ὣν
3463 3663 3541 3731 τῆς

313 3729 702 3796 sanctificatio,
762 3750 885 3804 qua:
943 3746 1029 3792 est
1055 3745 1210 3793 extra
1239 3741 1601 3798 substantiam
1651 3745 1801 3801 illorr

2058 3760 2195 3824 σίας,
2224 3760 2320 3830 τὴν
2356 3758 2635 3813 τελείωσιν
2670 3758 2852 3821 αὐτοῖς
2883 3759 3077 3826 ἐπάγει
3110 3756 3202 3810 διὰ
3247 3756 3345 3825 τῆς
3381 3771 3541 3807 κοινω-

311 3821 708 3890 perfectionem
745 3827 856 3882 illis
911 3827 1066 3884 affert
1123 3847 1220 3902 per
1272 3836 1712 3892 communionem
1767 3837 1799 3892 S

2050 3870 2110 3917 ας
2152 3852 2246 3906 τοῦ
2288 3851 2621 3921 Πνεῦματος.
2678 3851 3016 3915 Φυλάσσουσι
3058 3850 3115 3903 δὲ
3165 3849 3265 3921 τὴν
3312 3849 3455 3913 ἀξὶαν
3488 3849 3538 3916 τῇ

310 3911 472 3968 ritus.
503 3914 848 3973 Conservant
883 3927 1067 3975 autem
1123 3923 1443 3994 dignitatem
1495 3942 1593 3997 per
1637 3944 1795 3999 perse

2052 3946 2222 4015 τιμονῇ
2257 3942 2351 3996 τοῦ
2400 3940 2587 4006 καλοῦ,
2628 3940 2847 4010 ἔχουσαι
2899 3940 2998 4011 μὲν
3045 3941 3102 3992 ἐν
3152 3938 3458 4010 προαιρέσει
3491 3935 3540 3987 τὸ

313 4005 548 4060 rantiam
607 4007 664 4062 in
704 4009 892 4075 bono,
940 4011 1204 4069 habentes
1262 4016 1483 4086 quidem
1527 4019 1581 4073 in
1645 4021 1801 4092 eliget

2052 4020 2355 4102 ιτεξόὐσιον,
2386 4035 2639 4088 οὐδέποτε
2680 4033 2736 4086 δὲ
2771 4035 2833 4085 ἐκ
2877 4033 2977 4102 τῆς
3016 4031 3108 4085 τοῦ
3155 4031 3322 4094 ὅντως
3363 4027 3540 4097 ἀγαθοῦ

309 4093 543 4149 liberum
611 4099 941 4166 arbitrium,
985 4118 1266 4175 nunquam
1324 4115 1504 4163 tamen
1544 4109 1611 4163 ah
1645 4110 1764 4180 ejus

2053 4093 2340 4199 ιοσέδρείας
2373 4127 2733 4180 ἐκπίπτουσαι
2763 4140 2777 4154 ·
2809 4124 2886 4187 ὡς
2927 4121 3021 4176 ἐὰν
3067 4123 3270 4196 ὑφέλῃς
3308 4121 3383 4192 τῷ
3425 4121 3541 4190 λόγῳ

307 4199 438 4240 vere
479 4187 659 4244 bonus
707 4200 792 4246 est
836 4196 1118 4252 consortio
1169 4198 1533 4258 excidentes:
1601 4202 1673 4256 ita
1730 4213 1789 4259 ut

2104 4185 2362 4288 Πνεῦμα,
2424 4216 2672 4268 λέλυνται
2730 4213 2828 4284 μὲν
2867 4185 3130 4280 ἀγγέλων
3211 4185 3240 4196 ﬂ
3326 4185 3539 4277 χορεῖαι.Ι

308 4277 640 4336 subduxeris
689 4285 904 4340 ratione
968 4286 1278 4357 Spiritum,
1340 4292 1604 4361 perierint
1661 4309 1796 4367 ange

2054 4277 2289 4384 ’ᾕρηνται
2441 4277 2796 4380 ὰρχαγγέλῶν
2843 4277 3182 4365 ἐπι-στασίαι,
3239 4302 3542 4370 συγκέχυται

306 4385 430 4424 rum
459 4369 704 4440 choreae,
738 4376 966 4433 sublatae
1016 4379 1129 4435 sint
1155 4396 1377 4453 quoque
1433 4386 1794 4458 archangclor

2153 4369 2333 4457 ἰπάντα
2359 4417 2370 4429 ·
2391 4399 2805 4471 ἀνομοθέτητος,
2831 4395 3084 4457 ἄτακτος,
3115 4393 3366 4463 ἀόριστος
3391 4389 3543 4443 αὐτῶν

306 4461 649 4532 praefecturae
677 4507 691 4530 ,
745 4474 908 4538 atque
952 4470 1185 4526 confusa
1243 4471 1447 4528 fuerint
1493 4475 1677 4530 omnia
1729 4493 1794 4532 ει

2079 4491 2215 4564 ζωή.
2257 4491 2384 4554 Πῶς
2433 4461 2532 4561 μέν
2572 4461 2692 4559 γὰρ.
2730 4485 2958 4539 εἴπωσιν
2997 4461 3220 4551 ἄγγελοι
3244 4498 3256 4510 °
3312 4481 3454 4543 Δόξα
3487 4479 3544 4530 ἐν

307 4553 555 4626 ipsorum
617 4559 754 4613 nulli
817 4561 967 4631 legi.
1027 4563 1161 4616 nulli
1219 4565 1444 4634 ordini,
1495 4567 1632 4622 nulli
1691 4584 1795 4642 regi

2055 4553 2272 4648 rietare
2306 4578 2447 4645 Θεῷ,
2483 4579 2555 4650 μὴ
2601 4574 3013 4647 δυναμωθέντες
3059 4571 3162 4626 ὑπὸ
3195 4571 3289 4624 τοῦ
3325 4567 3543 4638 Πνεῦμα-

305 4645 611 4716 subjaceat.
688 4650 976 4717 Quomodo
1045 4655 1190 4708 enim
1234 4656 1416 4712 dicent
1448 4661 1627 4731 angeli
1659 4680 1670 4716 :
1704 4660 1793 4717 Cio

2052 4645 2113 4739 ’;;
2145 4645 2353 4737 Οὐδεὶς
2399 4645 2506 4740 γὰρ
2534 4645 2784 4721 δύναται
2827 4663 3013 4719 εἰπεῖν
3055 4661 3276 4730 Κύριοι·
3308 4656 3540 4724 Ἰησοῦν,

303 4737 361 4791 in
411 4739 632 4795 excelsis
688 4741 838 4824 Deo'f
871 4783 887 4808 ,
953 4745 1057 4800 nisi
1117 4763 1147 4799 ιι
1212 4746 1418 4818 Spiritu
1467 4760 1692 4822 accepta
1733 4769 1791 4822 pc

2073 4737 2159 4833 μὴ
2195 4763 2264 4816 ἐν
2294 4737 2587 4830 Ursicinum
2621 4758 2786 4828 ἁγίῳ,
2815 4754 2914 4809 καί
2942 4753 3144 4819 οὐδεὶς
3169 4753 3238 4806 ἐν
3276 4750 3541 4817 Πνεύματι

304 4838 446 4884 state
475 4831 497 4884 ?
547 4831 718 4887 Nemo
755 4834 1031 4906 siquidem
1065 4849 1237 4906 potest
1267 4839 1446 4897 dicere
1477 4841 1768 4898 Dominum

2054 4831 2370 4910 multum»:
2418 4853 2579 4922 λέγει
2623 4849 2888 4919 ἀνάθεμα
2938 4846 3216 4915 Ἰησοῦνο
3266 4845 3398 4913 ὅπερ
3423 4838 3542 4892 είποι

301 4934 442 4986 sum,
505 4923 611 4977 nisi
658 4925 711 4978 in
744 4923 950 4994 Spiritu
988 4940 1210 4995 sancto,
1270 4941 1320 4987 et
1371 4935 1553 4989 nullus
1589 4936 1642 4990 in
1681 4935 1888 5006 Spiritu
1989 4943 2055 4997 ἂν

301 5010 402 5066 Dei
435 5013 653 5085 loquens
707 5017 843 5072 dixit
894 5019 1079 5078 Iesum
1122 5025 1444 5081 anathema‘
1495 5045 1509 5094 ;
1565 5029 1711 5100 quod
1754 5045 1889 5088 sane

300 5107 538 5164 dixerint
562 5113 716 5181 pravi
767 5121 820 5169 et
865 5115 1163 5174 adversarii
1199 5122 1427 5192 spiritus
1455 5162 1470 5189 ,
1523 5138 1757 5193 quorum
1801 5126 1885 5180 la-

297 5217 434 5274 psus
506 5206 831 5276 comprobat
881 5209 1030 5279 quod
1095 5212 1360 5282 dicimus,
1409 5216 1641 5273 virtutes
1692 5217 1885 5275 invisi-

296 5296 438 5352 biles
493 5311 616 5352 esse
665 5298 750 5353 sui
788 5299 1037 5369 arbitrii,
1093 5319 1250 5374 aeque
1306 5306 1374 5360 ad
1421 5308 1678 5364 virtutem
1721 5317 1886 5382 atque

296 5389 366 5445 ad
416 5389 608 5445 vitium
679 5393 997 5461 vertibiles,
1063 5407 1118 5454 et
1185 5399 1255 5454 ob
1303 5399 1355 5454 id
1417 5415 1556 5471 opus
1618 5402 1884 5460 habentes

294 5480 503 5535 auxilio
537 5482 798 5554 Spiritus.
846 5485 957 5559 Ego
988 5505 1117 5545 vero
1164 5491 1344 5561 ipsum
1379 5491 1683 5551 Gabrielem
1737 5495 1881 5552 haud

293 5572 404 5627 alio
443 5575 609 5631 modo
637 5578 874 5632 arbitror
906 5581 1201 5649 przedicere
1237 5584 1418 5639 futura
1456 5601 1473 5630 τ
1499 5627 1514 5654 ,
1545 5603 1707 5658 quam
1745 5604 1882 5660 prae-

2243 4942 2310 4996 τά
2340 4941 2550 5013 πονηρὰ
2581 4939 2676 4993 καὶ¹
2704 4937 3056 5006 ἀντικείμενα
3092 4934 3392 5004 πνεύματα,
3424 4926 3542 4999 ῶνή

1991 5033 2306 5098 ἀπόπτωσις
2359 5033 2639 5103 συνίστησι
2692 5029 2786 5084 τὸν
2829 5028 3007 5098 λόγον,
3059 5026 3152 5080 τοῦ
3192 5022 3543 5091 αὐτεξουσίως

1989 5120 2127 5178 εἶναι
2168 5123 2266 5190 τὰς
2318 5124 2582 5194 ἀοράτους
2632 5121 2925 5192 δυνάμεις,
2983 5119 3285 5189 ἰσορρόπως
3339 5112 3542 5185 ἐχούσας

1991 5219 2126 5291 πρὸς
2147 5217 2342 5291 ἀρετὴν
2373 5217 2467 5271 καὶ
2501 5215 2721 5277 κακίαν,
2757 5215 2852 5268 καὶ
2883 5211 2972 5266 διά
2998 5209 3156 5264 τοῦτο
3180 5206 3431 5276 δεομένας
3457 5202 3541 5270 τῆς

1990 5289 2084 5366 τοῦ
2139 5289 2457 5381 Πνεύματος
2509 5306 2782 5380 βοηθείας.
2852 5303 2990 5373 Ἐγὼ
3048 5303 3142 5355 καὶ
3189 5300 3279 5352 τὸν
3326 5292 3532 5366 Γαϐριὴ)

1993 5404 2276 5478 προλέγειν
2323 5403 2390 5457 τά
2439 5401 2700 5474 μέλλοντα
2748 5399 3001 5484 οὐδαμῶς
3035 5395 3207 5456 ἄλλως
3251 5389 3388 5486 φημι
3423 5387 3452 5458 ἦ
3482 5385 3536 5486 ’δῇ

1993 5496 2295 5569 προγνώσει
2327 5495 2420 5549 τοῦ
2457 5493 2793 5564 Πνεύματος.
2833 5492 2974 5544 Διότι
3003 5488 3061 5541 ἓν
3094 5487 3201 5540 τῶν
3368 5483 3427 5534 ὲκ
3453 5492 3536 5546 της

1989 5588 2304 5660 διαιρέσεως
2338 5587 2428 5640 τοῦ
2463 5584 2775 5656 Πνεῦματος
2806 5581 3157 5653 χαρισμάτων
3190 5575 3334 5630 ἐστὶν
3364 5575 3394 5643 ή
3423 5585 3536 5642 προ·-

3065 5764 3086 5799 ⁶
3119 5762 3139 5819 ι
3177 5760 3301 5818 Cor.
3356 5772 3445 5823 tu,
3491 5753 3532 5808 5-

383 5767 400 5802 ¹
430 5766 575 5826 Psal.
612 5783 781 5836 χχχιι,
815 5767 872 5824 6.
950 5766 969 5800 '
1019 5764 1176 5824 Joan.
1215 5780 1253 5835 ι,
1288 5763 1338 5822 1.
1417 5765 1436 5799 ³
1480 5761 1639 5822 Joan.
1673 5779 1766 5833 xv,
1819 5763 1871 5820 ἓξ

1480 5761 1639 5822 Joan.
1673 5779 1766 5833 xv,
1819 5763 1909 5820 :25.
1987 5767 2007 5796 ⁸
2061 5764 2205 5822 Psal.
2239 5779 2357 5834 cm,
2421 5766 2473 5819 4.
2552 5767 2572 5798 ⁸
2616 5780 2748 5822 ευρ.
2785 5779 2843 5832 ιι,
2879 5762 2964 5822 ii.

291 5836 316 5875 ⁷
368 5838 503 5898 Luc.
537 5854 574 5900 ι,
607 5838 699 5895 26.
