3920 6578
141 407 223 473 761

1031 387 1409 449 PANOPLIA
1450 386 1913 449 DOGMATICA.
1947 409 2017 422 -
2055 387 2208 448 TlT.
2248 385 2393 448 XII.

3242 389 3350 452 ἴδε

143 534 323 609 φητεία.
367 529 421 582 ’0
455 526 508 580 δὲ
533 523 605 578 τὰ
661 524 931 595 μυστήρια
972 522 1071 590 τῆς
1111 520 1373 581 ὀπτασίας
1408 516 1482 589 τῷ
1514 518 1669 588 ἀνδρὶ

1770 523 2002 579 scientia
2064 521 2344 591 Spiritus,
2408 536 2474 576 eo
2533 522 2679 593 quod
2732 539 2901 578 unum
2955 540 3021 580 ex
3080 524 3353 582 divisione

142 631 228 683 τῶν
268 618 550 691 ἐπιθυμιῶν
599 614 912 685 ἐπιταχθεὶς
952 612 1288 681 διαγγεῖλαι,
1321 610 1483 663 πόθεν
1518 627 1669 680 σοφι-

145 721 264 781 σθεὶς
303 711 407 784 εἶχε
455 710 726 765 διδάσκειν
777 706 846 759 τὰ
910 705 1304 777 κεκρυμμένα,
1361 705 1411 755 εί
1464 702 1539 773 μὴ
1590 702 1669 771 τῷ

143 809 378 878 Πνεύματι
405 802 479 873 τῷ
525 803 702 870 άγίῳ;
747 798 846 868 τῆς
888 794 1282 865 ἀποκαλύψεως
1321 794 1429 847 τῶν
1464 809 1669 864 μυστη-

144 903 248 974 ρίων
280 897 411 959 ἰδίως
437 892 513 964 τῷ
544 893 826 962 Πνεῦματι
866 886 1269 960 προσηκούσης,
1306 886 1445 939 κατὰ
1488 884 1548 937 τὸ
1579 901 1673 952 γε-

141 992 434 1066 γραμμένον,
462 989 543 1040 ὅτι
582 985 743 1055 Ἡμῖν
769 983 1168 1050 ἀπεκάλυψεν
1206 985 1237 1035 ό
1267 981 1410 1046 Θεὸς
1441 978 1539 1033 διὰ
1565 977 1672 1032 τοῦ

140 1086 460 1152 Πνεύματος.
511 1078 703 1148 Θρόνοι
747 1077 803 1129 δὲ
845 1075 939 1128 καὶ
989 1074 1328 1145 κυριότητες,
1371 1073 1464 1125 καὶ
1506 1072 1672 1143 ἀρχαὶ

140 1178 213 1233 καὶ
247 1173 489 1238 ἐξουσίαι,
534 1169 650 1232 πῶς
696 1168 761 1221 ἂν
803 1166 899 1238 τὴν
950 1166 1224 1237 μακαρίαν
1429 1164 1672 1234 διεξῆγον

140 1267 273 1337 ζωὴν,
304 1267 348 1317 εί
392 1262 463 1333 μὴ
509 1262 597 1314 διὰ
639 1260 837 1323 παντὸς
878 1258 1104 1311 ἔϐλεπον
1151 1257 1212 1309 τὸ
1244 1257 1537 1329 πρόσωπον
1572 1256 1666 1309 τοῦ

140 1357 316 1428 Πατρὸς
356 1353 444 1406 τοῦ
492 1356 550 1406 ὲν
595 1353 877 1422 οὐρανοῖς;
918 1350 990 1403 Τὸ
1022 1350 1079 1402 δὲ
1138 1348 1358 1419 βλέπειν
1386 1349 1489 1401 οὐκ
1541 1350 1669 1402 ἄνευ

139 1451 213 1505 τοῦ
245 1446 558 1517 Πνεύματος.
608 1446 818 1515 Ὥσπερ
863 1444 971 1514 γὰρ
1014 1444 1069 1495 ἐν
1106 1443 1282 1506 νυκτὶ,
1330 1441 1425 1495 ἐὰν
1464 1442 1670 1514 ὑφέλῃς

140 1547 188 1600 τὸ
209 1544 308 1613 φῶς
335 1542 436 1595 ἀπὸ
463 1540 562 1610 τῆς
588 1538 782 1604 οἰκίας,
804 1537 1002 1605 τυφλαὶ
1035 1537 1133 1605 μὲν
1160 1537 1217 1590 αἱ
1249 1535 1417 1605 ὄψεις,
1454 1536 1673 1606 άνενέρο

140 1652 267 1707 γητοι
295 1635 346 1686 δὲ
390 1630 807 1685 καταλείπονται
839 1630 892 1681 al.
946 1628 1224 1698 δυνάμεις,
1275 1628 1669 1696 ἀνεπίγνωστοι

143 1728 188 1781 δὲ
216 1726 262 1780 αἱ
291 1725 446 1789 ἀξίαι,
480 1722 576 1776 καὶ
610 1719 809 1792 χρυσοῦ
854 1719 949 1773 καὶ
986 1718 1208 1789 σιδήρου
1243 1718 1444 1788 ὁμοίως
1471 1734 1673 1771 πατου-

1768 614 2037 668 donorum
2072 612 2309 683 Spiritus
2347 614 2418 667 sit
2450 618 2760 684 prophetia.
2795 616 2971 674 Porro
3011 621 3105 690 qui
3143 629 3355 692 mystc-

1774 706 1861 758 ria
1894 705 2124 760 visionis
2156 706 2277 758 viro
2330 705 2728 761 desideriorum
2754 710 2946 779 jussus
2991 721 3108 767 erat
3139 730 3354 771 annun-

1772 800 1911 852 tiare
1956 802 2000 864 ‘,
2062 797 2205 853 unde
2240 806 2436 854 nactus
2483 809 2601 854 erat
2646 803 3008 873 sapientiam,
3066 815 3123 860 ut
3170 819 3355 878 posset

1771 888 1968 943 docere
2019 904 2242 967 arcana,
2285 890 2390 944 nisi
2453 907 2548 960 per
2604 891 2868 963 Spiritum
3068 901 3359 954 sanctum?

1772 997 1895 1035 cum
1934 983 2231 1051 patefactio
2276 985 2665 1054 mysteriorum
2698 990 3049 1056 peculiariter
3077 993 3143 1045 ad
3178 992 3353 1063 Spiri-

1776 1086 1889 1131 tum
1942 1082 2193 1131 saurtum
2246 1076 2536 1145 pertineat,
2587 1077 2745 1146 juxta
2801 1079 2852 1132 id
2895 1082 3043 1150 quod
3084 1086 3350 1154 scriptum

1772 1178 1858 1225 est
1891 1186 1903 1221 :
1938 1167 2106 1223 Nobis
2140 1172 2390 1224 reserauit
2431 1171 2571 1225 Deus
2611 1188 2704 1240 per
2734 1174 2992 1242 Spiritum
3048 1178 3085 1233 ³.
3141 1178 3351 1235 Throni

1774 1278 1905 1319 vero
1935 1272 1989 1317 et
2053 1262 2487 1331 dominationes,
2540 1266 2876 1336 principatus
2938 1277 2990 1323 et
3031 1279 3352 1340 potestates,

1775 1354 2051 1423 quomodo
2100 1356 2310 1409 beatam
2371 1357 2725 1412 traducerent
2759 1360 2951 1426 vitam,
2993 1361 3098 1416 nisi
3136 1378 3355 1433 semper

1775 1445 2023 1500 viderent
2052 1447 2260 1501 vultum
2295 1446 2473 1503 Patris
2502 1451 2592 1518 qui
2644 1450 2699 1504 in
2730 1452 2883 1507 emlis
2914 1462 2998 1507 est
3034 1451 3054 1482 ³
3078 1454 3100 1508 ?
3123 1459 3192 1508 At
3216 1457 3355 1512 visio

1776 1553 1881 1590 non
1928 1544 2012 1593 est
2062 1540 2267 1608 absque
2311 1539 2539 1609 Spiritu.
2594 1541 3064 1607 Quemadmodum
3121 1547 3265 1601 enim
3308 1549 3353 1603 si

1772 1628 1829 1682 in
1862 1642 2021 1686 nocte
2059 1632 2217 1686 tollas
2252 1633 2530 1687 lucernam
2572 1652 2601 1689 e
2636 1635 2818 1700 domo,
2852 1637 2981 1690 caeci
3012 1645 3139 1693 sunt
3187 1639 3352 1703 oculi,

1769 1720 2055 1777 facultates
2111 1723 2493 1794 relinquuntur
2564 1725 2805 1789 inertes,
2872 1742 2974 1782 nec
3041 1731 3355 1800 agnoscitur
3454 1740 3457 1743 ‘

142 1820 291 1892 μένων
320 1815 403 1868 διὰ
440 1814 542 1884 τὴν
572 1812 827 1880 ἄγνοιαν’
872 1808 1043 1874 οὕτως
1077 1809 1169 1862 ἐπὶ
1199 1810 1297 1880 τῆς
1326 1809 1525 1880 νοητῆς
1552 1809 1671 1861 δια-

1769 1827 1955 1866 rerum
2021 1813 2297 1885 dignitas,
2366 1816 2462 1872 sed
2542 1833 2639 1887 per
2716 1820 3082 1889 ignorantiam
3155 1837 3352 1878 aurum

142 1904 445 1971 κοσμήσεως,
482 1900 764 1969 ἀμήχανον
808 1896 906 1970 τὴν
935 1898 1194 1969 ἔνθεσμον
1222 1899 1435 1970 ἐκείνην
1467 1898 1677 1970 διαμεῖο

1774 1897 1999 1967 perinde
2042 1911 2105 1950 ae
2160 1900 2363 1953 ferrum
2420 1903 2827 1955 conculcatur:

136 1993 349 2065 ναιζωὴν
366 1994 491 2047 ἄνευ
513 1992 607 2045 τοῦ
627 1990 942 2063 [Ινεύματος
957 2007 970 2022 ·
1003 1991 1062 2044 οὐ
1088 1990 1286 2061 μᾶλλόν
1312 1991 1422 2061 γεῆ
1458 2007 1677 2063 στρατο-

138 2087 268 2139 πέδου
292 2087 383 2157 τὴν
403 2086 675 2152 εὐταξίαν,
701 2083 791 2138 τοῦ
815 2083 1109 2154 ταξιάρχου
1136 2084 1211 2155 μὴ
1383 2083 1645 2155 παρόντος
1661 2094 1675 2109 δ

136 2178 162 2247 ἦ
187 2177 329 2248 χοροῦ
359 2177 454 2248 τὴν
484 2176 823 2247 συμφωνίαν,
852 2175 947 2228 τοῦ
977 2175 1273 2247 κορυφαίου
1308 2172 1383 2244 μὴ
1414 2171 1680 2242 συναρμό-

135 2267 309 2332 ζοντος.
351 2268 472 2332 Πῶς
514 2267 630 2341 [ἂν]
663 2269 791 2339 εῐπῃ
828 2267 896 2321 τὰ
939 2268 1201 2339 σεραιρὶμ,
1239 2265 1459 2335 Ἄγιος,
1492 2263 1677 2332 ἅγιος,

134 2364 289 2433 ἅγιος,
322 2364 390 2434 μὴ
410 2362 729 2432 διδαχθέντα
760 2361 908 2432 παρα
948 2360 1043 2414 τοῦ
1075 2359 1418 2429 Πνεῦματος,
1451 2354 1680 2418 ποσάκις

135 2456 258 2508 ἐστὶν
293 2454 507 2518 εὐσεϐὲς
566 2453 663 2524 τὴν
714 2451 1017 2520 δοξολογίαν
1074 2449 1278 2520 ταύτην
1334 2447 1678 2517 ἀναφωνεῖν;

134 2546 238 2598 Εἴτε
256 2543 342 2599 οὖν
372 2544 583 2598 αἱνοῦσι
612 2542 703 2595 τὸν
736 2542 867 2596 Θεὸν
897 2542 1098 2605 πάντες
1127 2543 1177 2594 oi
1220 2537 1440 2607 ἄγγελοι
1486 2534 1674 2600 αὐτοῦ,

134 2636 210 2687 καὶ
239 2635 465 2688 αἰνοῦσιν
504 2632 667 2686 αὐτὸν
691 2633 860 2685 πᾶσαι
887 2632 943 2685 αἱ
974 2632 1229 2701 δυνάμεις
1252 2626 1417 2682 αὑτοῦ
1435 2667 1450 2693 ,
1472 2625 1561 2679 διά
1582 2627 1681 2696 τῆς

130 2726 207 2779 τοῦ
241 2725 548 2796 Πνεῦματος
592 2724 913 2795 συνεργείας
950 2739 964 2754 ο
1143 2722 1254 2774 εἴτε
1302 2720 1679 2790 παρεστήκασι

131 2819 273 2888 χίλιαι
302 2817 537 2888 χιλιάδες
570 2815 837 2883 ἀγγέλων,
872 2814 965 2869 καὶ
1014 2812 1207 2888 μύριαι
1256 2810 1515 2883 μυριάδες
1561 2809 1676 2861 λει-

129 2906 471 2979 τουργούντων
517 2937 536 2965 ν
701 2906 758 2958 ἐν
787 2908 854 2976 τῇ
884 2904 1108 2973 δυνάμει
1143 2901 1237 2955 τοῦ
1273 2899 1414 2954 Πνεύ
1424 2914 1590 2970 ματος
1618 2897 1680 2950 τὸ

129 3000 299 3051 οἰκεῖον
342 2999 503 3069 ἔργον
550 2998 795 3071 ἀμώμως
844 2993 1171 3049 ἐπιτελοῦσι.
1231 2993 1419 3046 Πᾶσαν
1454 2985 1547 3043 οὖν
1576 2987 1678 3058 τὴν

132 3090 490 3162 ὑπερουράνιον
531 3090 746 3158 ἐκείνην
793 3087 886 3140 καὶ
910 3085 1148 3156 ἄρρητον
1186 3080 1471 3152 ἁρμονίαν,
1519 3076 1574 3130 ἐν
1616 3092 1677 3129 τε

2883 1906 2961 1958 sic
2998 1907 3051 1958 in
3079 1907 3352 1976 spirituali

1772 1989 1998 2055 ordine,
2056 1990 2395 2060 impossibile
2446 2003 2531 2049 est
2573 1994 2715 2063 piam
2765 1996 2910 2049 illam
2970 2011 3034 2049 ac
3095 2006 3342 2051 sanctam

1770 2083 1938 2137 vitam
1992 2097 2311 2151 permanere
2345 2085 2483 2138 citra
2529 2084 2793 2155 Spiritum
2833 2101 2847 2137 :
2889 2086 3059 2141 nihilo
3101 2087 3345 2156 profecto

1774 2174 1945 2243 magis
2002 2188 2167 2243 quam
2227 2176 2502 2230 exercitus
2562 2176 2615 2229 in
2672 2184 2820 2231 recto
2883 2178 3074 2231 ordine
3124 2193 3345 2233 manere

1771 2274 1947 2337 pOtest
2002 2268 2226 2322 absente
2254 2267 2412 2332 duce,
2466 2276 2559 2323 aut
2614 2269 2816 2323 chorus
2864 2270 2915 2323 in
2952 2271 3342 2335 consonantia,

1771 2358 1887 2413 nisi
1935 2358 2091 2412 chori
2153 2358 2442 2427 praefectus
2478 2367 2742 2430 temperet
2800 2360 3162 2415 harmoniam.
3238 2361 3344 2427 Qui

1773 2457 1994 2518 possent
2061 2448 2246 2505 dicere
2306 2452 2603 2522 seraphim,
2641 2452 2895 2517 Sanctus,
2947 2463 3182 2519 sanctus,
3217 2472 3345 2507 sun-

1769 2551 1882 2595 ctus
1917 2548 1971 2608 ι,
2031 2541 2139 2596 nisi
2200 2543 2346 2597 docti
2400 2559 2496 2613 per
2566 2542 2865 2613 Spiritum,
2923 2546 3139 2616 quoties
3197 2546 3342 2614 pium

1768 2630 1934 2686 fuerit
1998 2632 2162 2701 hujus
2216 2634 2630 2705 gloriﬁcationis
2692 2638 2857 2691 verba
2917 2639 3161 2693 canere?
3202 2638 3344 2694 Sive

1768 2721 1934 2790 igitur
1972 2721 2199 2776 laudant
2242 2723 2407 2778 Deum
2455 2740 2647 2779 omnes
2687 2727 2861 2795 angeli
2910 2727 3028 2796 ejus
3059 2742 3120 2781 ac
3151 2743 3343 2783 omncs

1767 2810 1996 2866 virtutes
2027 2812 2175 2880 ejus,
2217 2811 2276 2865 ﬁt
2321 2812 2556 2882 Spiritus
2604 2830 2721 2883 ope.
2775 2813 2899 2870 Sive
2934 2825 3113 2871 astant
3146 2818 3343 2871 millies

1770 2899 1916 2953 mille
1954 2900 2156 2969 angeli,
2206 2916 2270 2955 ac
2316 2902 2527 2957 centies
2571 2911 2789 2957 centum
2829 2905 2995 2958 millia
3030 2905 3344 2959 ministran-

1768 2990 1951 3053 tium,
2010 2989 2244 3045 nﬂicium
2305 3008 2465 3047 suum
2532 2994 2669 3047 citra
2738 2994 3217 3063 reprehensionem
3288 2994 3342 3049 in

1765 3082 1966 3135 virtute
1998 3079 2233 3150 Spiritus
2272 3082 2581 3152 perficiunt.
2625 3083 2811 3153 Itaque
2863 3093 2972 3138 tota
3017 3084 3106 3137 illa
3148 3099 3341 3152 super-

128 3178 517 3252 τῇλειτουργίᾳ
553 3180 688 3233 Θεοῦ
726 3177 822 3231 καὶ
846 3179 910 3247 τῇ
945 3174 1079 3246 πρὸς
1114 3172 1348 3243 ἀλλήλας
1379 3170 1485 3223 τῶν
1512 3170 1677 3238 ὑπερ-

1768 3173 2010 3230 ctelcstis
2069 3183 2123 3230 et
2172 3175 2464 3231 ineﬂ‘abilis
2509 3176 2833 3239 harmonia,
2892 3184 3005 3230 tum
3074 3176 3129 3230 in
3193 3176 3342 3229 cultu

122 3270 331 3339 κοσμίων
371 3272 651 3342 δυνάμεων
686 3266 994 3339 συμφωνίᾳ,
1040 3265 1299 3318 ἀδύνατον
1344 3261 1681 3331 φυλαχθῆναι

127 3358 209 3431 [εί]
225 3360 291 3432 μὴ
308 3364 369 3433 τῇ
389 3360 686 3432 ἐπιστασίᾳ
711 3358 805 3412 τοῦ
830 3356 1163 3427 Πνεύματος.
1198 3352 1353 3406 Οῦτω
1383 3353 1479 3423 μὲν
1503 3346 1592 3404 οὖν
1622 3349 1681 3402 ὲν

124 3447 423 3521 δημιουργίᾳ.
453 3451 691 3522 πάρεστι
722 3448 781 3502 τὸ
814 3446 1038 3516 Πνεῦμα
1072 3445 1131 3497 τὸ
1163 3444 1315 3511 άγιον
1338 3444 1450 3503 τοῖς
1473 3441 1574 3493 οὐκ
1615 3439 1680 3492 ἐκ

124 3538 382 3606 προκοπῆς
414 3536 837 3607 τελειουμένοις,
866 3535 979 3589 ἀλλ’
1007 3534 1099 3586 ἀπ’
1126 3532 1294 3601 αὐτῆς
1323 3531 1421 3600 τῆς
1451 3528 1680 3591 κτίσεως

124 3626 263 3691 εὐθὺς
288 3630 535 3693 τελείοις,
558 3631 638 3693 είς
663 3629 752 3682 τὸν
781 3625 1126 3697 ἀπαρτισμὸν
1161 3623 1256 3677 καὶ
1286 3621 1679 3693 συμπλήρωσιν

120 3715 204 3786 τῆς
256 3718 605 3783 ὑποστάσεως
654 3717 835 3772 αὐτῶν
894 3717 996 3787 τὴν
1062 3716 1194 3786 παρ’
1258 3711 1452 3765 ἑαυτοῦ
1521 3710 1679 3781 χάριν

123 3811 411 3882 συνεισφερό
418 3826 602 3882 μενον.

290 3902 397 3965 Τάς
437 3901 499 3953 δὲ
545 3898 674 3971 περὶ
716 3898 808 3951 τὸν
864 3894 1151 3967 ἄνθρωπον
1202 3890 1538 3961 οἰκονομίας,
1580 3886 1680 3952 τὰς

123 3986 215 4041 ὑπὸ
254 3991 343 4044 τοῦ
381 3990 621 4063 μεγάλου
674 3987 805 4040 Θεοῦ
853 3986 947 4040 καὶ
994 3984 1247 4055 Σωτῆρος
1296 3980 1454 4052 ἡμῶν
1503 3975 1678 4049 Ἰησοῦ

121 4081 336 4153 Χριστοῦ
356 4084 502 4139 κατὰ
520 4084 615 4154 τὴν
632 4081 941 4151 ἀγαθόιιητα
968 4077 1062 4131 τοῦ
1079 4074 1212 4130 Θεοῦ
1361 4072 1677 4143 γενομένας,

126 4173 197 4236 τίς
224 4176 431 4247 ἀντερεῖ
465 4175 542 4247 μὴ
568 4174 689 4244 οὐχὶ
727 4173 814 4226 διὰ
844 4172 944 4241 τῆς
979 4169 1072 4223 τοῦ
1115 4167 1429 4238 Πνεῦματος
1459 4163 1680 4235 χάριτος

118 4261 540 4334 πεπληροῦσθαι;
569 4264 693 4315 Εἴτε
733 4260 909 4332 βούλει
947 4258 1016 4315 τὰ
1049 4256 1254 4311 παλαιὰ
1294 4257 1547 4307 σκοπεῖν·
1582 4252 1679 4316 τὰς

118 4353 214 4406 τῶν
258 4354 617 4428 πατριαρχῶν
664 4351 931 4420 εὐλογίας,
972 4350 1071 4422 τὴν
1112 4349 1176 4400 ὲκ
1215 4347 1312 4416 τῆς
1362 4342 1680 4414 νομοθεσίας

115 4443 381 4518 δεδομένην
417 4446 696 4519 βοήθειαν,
741 4445 865 4506 τοὺς
909 4441 1133 4504 τύπους,
1177 4436 1278 4501 τὰς
1318 4434 1677 4508 προφητείας,

116 4540 171 4592 τὰ
197 4543 249 4594 ὲν
280 4542 535 4613 πολέμοις
570 4539 1059 4611 ἀνδραγαθήματα,
1091 4535 1161 4587 τά
1203 4534 1290 4587 διὰ
1318 4532 1425 4585 τῶν
1458 4529 1678 4584 δικαίων
1699 4526 1737 4579 D

116 4634 325 4701 σημεῖαο
381 4632 495 4685 εἴτε
549 4632 619 4685 τά
666 4632 793 4701 περὶ
845 4631 943 4699 τὴν
1001 4626 1265 4699 ἐνσαρκον
1320 4621 1414 4677 τοῦ
1470 4620 1677 4692 Κυρίου

110 4725 389 4794 παρουσίαν
418 4721 845 4793 οίκονομηθέντα
864 4736 877 4749 ’
910 4718 998 4772 διὰ
1021 4718 1112 4771 τοῦ
1147 4715 1487 4786 Πνεύματος·
1520 4712 1678 4784 Πρῶ·

109 4826 187 4864 τον
228 4814 325 4882 μὲν
374 4814 485 4885 γὰρ
540 4813 679 4883 αὐτῇ
733 4814 800 4882 τῇ
848 4810 1013 4881 σαρκὶ
1071 4807 1166 4861 τοῦ
1220 4806 1427 4877 Κυρίου
1492 4804 1676 4874 συνῆν,

110 4903 300 4974 χρίσμα
344 4906 661 4976 γενόμενον,
712 4904 804 4956 καὶ
857 4901 1174 4973 ἀχωρίστως
1219 4897 1392 4969 παρὸν
1440 4895 1579 4949 κατὰ
1618 4894 1679 4948 τὸ

108 4998 496 5067 γεγραμμένον·
528 4998 647 5065 Ἐφ’
674 4996 746 5049 ὃν
772 4996 847 5049 ἂν
882 4994 1016 5063 ιδῃς
1044 4993 1110 5047 τὸ
1135 4989 1372 5059 Πνεῦμα
1404 4982 1681 5042 καταϐαἷο

106 5098 221 5151 νον,
272 5089 372 5142 καὶ
415 5089 607 5159 μένον
643 5089 735 5142 ἐπ’
787 5087 994 5152 αὑτὸν,
1041 5081 1219 5150 οὗτός
1267 5084 1438 5135 ἐστιν
1470 5083 1502 5135 ό
1548 5082 1679 5146 Υἱός

100 5182 253 5242 pavo
281 5182 597 5249 ἀγαπητός
620 5197 633 5211 ο
671 5182 785 5247 καὶ,
835 5179 1080 5248 Ἰησοῦν
1115 5178 1221 5232 τὸν
1254 5175 1372 5231 ἀπὸ
1393 5173 1676 5242 Ναζαρὲτ,

105 5267 167 5319 ὃν
190 5269 436 5338 ἔχρισεν
458 5276 490 5326 ό
521 5272 666 5339 Θεὸς
697 5272 775 5338 τῷ
810 5273 1110 5341 [Ir-stipati
1140 5268 1218 5335 τῷ
1245 5269 1410 5338 ἁγίῳ.
1450 5268 1680 5320 Ἔπειτα

104 5359 239 5412 πᾶσα
285 5363 540 5433 ἐνέργεια
590 5364 970 5434 συμπαρόντος
1004 5361 1099 5415 τοῦ
1150 5360 1468 5432 Πνεύματος
1514 5362 1677 5432 ἐνηρ-

99 5453 254 5515 γεῖτο.
306 5456 483 5508 Τοῦτο
542 5457 635 5511 καὶ
694 5458 798 5511 ὑπὸ
850 5457 943 5510 τοῦ
998 5456 1246 5510 διαϐόλου
1298 5455 1676 5527 πειραζομένῳ

101 5543 289 5612 παρῆν,
339 5546 601 5614 Ἀνήχθη
644 5548 771 5621 γάρ,
822 5550 1007 5618 φησιν,
1042 5552 1075 5603 ό
1143 5548 1371 5616 Ἰησοῦς
1407 5548 1525 5605 ὑπὸ
1568 5549 1674 5603 τοῦ

100 5631 441 5701 Πνεύματος
511 5640 599 5705 εὶς
649 5638 764 5706 τὴν
810 5638 1033 5708 ἔρημον
1095 5638 1203 5692 τοῦ
1260 5636 1673 5706 πειρασθῆναι.

158 5814 206 5886 ξ,
240 5814 379 5868 Dan.
439 5833 493 5886 χ,
530 5814 616 5873 ιο.
694 5817 714 5848 ²
757 5817 778 5872 l
817 5812 947 5886 Cor.
990 5832 1049 5881 ιι,
1093 5815 1183 5874 i0.
1261 5814 1283 5849 ³
1339 5814 1533 5873 Matth.
1572 5827 1677 5869 mi

1767 5811 1849 5870 l0.
1925 5810 1948 5845 ⁸
1995 5807 2101 5869 isa.
2133 5824 2209 5879 v1,
2244 5810 2303 5867 ‘5.

99 5882 116 5914 '
164 5881 355 5941 Matth.
388 5881 550 5955 ινίί.
628 5889 649 5922 ⁸
703 5885 894 5944 Matth.
928 5903 1032 5957 ιιι,
1066 5887 1138 5943 28

1765 3260 1898 3327 Dei,
1956 3271 2069 3317 tum
2150 3265 2205 3319 in
2264 3267 2812 3321 ultramundanarum
2881 3266 3141 3320 virtutum
3199 3266 3343 3320 inter

1765 3352 1911 3423 ipsas
1937 3355 2296 3409 consonantia
2342 3371 2685 3426 nequaquam
2731 3356 2940 3412 servari
2978 3363 3192 3425 posset,
3228 3354 3337 3409 nisi

1766 3453 2022 3515 praeesset
2071 3445 2329 3516 Spiritus.
2364 3446 2457 3503 Sic
2499 3448 2666 3518 igitur
2696 3447 2750 3501 in
2782 3448 3062 3503 creatione
3092 3448 3179 3509 iis,
3224 3461 3346 3516 qua:

1766 3550 1874 3589 non
1952 3536 2289 3606 proﬁciendo
2374 3538 2702 3607 perveniunt
2773 3538 2840 3591 ad
2908 3536 3296 3607 perfectionem
3326 3576 3341 3601 ,

1766 3626 1861 3681 sed
1885 3627 1954 3681 ab
1985 3629 2101 3698 ipsa
2137 3629 2386 3696 protinus
2411 3630 2689 3684 creatione
2711 3628 2951 3698 perfecta
2980 3634 3110 3683 sunt
3136 3666 3150 3689 ,
3189 3625 3345 3680 adest

1767 3715 2004 3787 Spiritus
2027 3729 2281 3785 sanctus;
2321 3719 2378 3773 in
2396 3721 2521 3783 hoc,
2559 3727 2617 3773 ut
2643 3719 2954 3788 perﬁciatur
2983 3717 3345 3785 compleatur-

1763 3824 1869 3879 que
1917 3810 2134 3864 illorum
2189 3810 2534 3873 substantia,
2582 3809 2811 3879 gratiam
2836 3822 2990 3862 suam
3027 3804 3339 3861 conferens.

1988 3898 2257 3954 Caeterum
2327 3897 2767 3968 dispensationes
2842 3897 2991 3951 circa
3066 3896 3343 3948 hominem

1764 4009 1883 4063 qua:
1932 3990 2089 4046 facta:
2140 3998 2269 4046 sunt
2307 4005 2338 4044 a
2388 4005 2584 4061 magno
2632 3989 2764 4053 Deo,
2806 3996 2860 4043 et
2916 3987 3204 4042 Servatore
3238 4000 3341 4039 no-

1765 4091 1881 4138 stro
1907 4081 2037 4137 Jesu
2070 4081 2293 4141 Christo
2334 4083 2491 4150 juxta
2543 4081 2841 4136 bonitatem
2884 4080 3025 4145 Dei,
3080 4078 3206 4148 quis
3246 4093 3346 4133 ne-

1763 4174 1913 4243 gabit
1959 4189 2055 4244 per
2105 4174 2343 4243 Spiritus
2393 4174 2619 4244 gratiam
2656 4187 2779 4228 esse
2802 4172 3168 4241 adimpletas?
3219 4168 3345 4225 Sive

1771 4266 1909 4321 velis
1958 4264 2139 4336 prisca
2189 4274 2460 4334 spectare,
2519 4263 2955 4333 patriarcharum
3004 4260 3343 4315 benedictio-

1764 4372 1895 4421 nes,
1942 4356 2203 4410 auxilium
2258 4370 2353 4424 per
2386 4356 2559 4425 legem
2607 4355 2816 4417 datum,
2853 4354 3072 4423 ﬁguras,
3108 4355 3343 4423 propheo

1763 4449 1893 4514 tias,
1926 4447 2137 4501 fortiter
2180 4447 2234 4500 in
2280 4446 2439 4500 bellis
2467 4452 2640 4515 gesta,
2701 4446 2964 4499 miracula
3000 4460 3095 4513 per
3123 4453 3341 4500 sanctos

1764 4539 1910 4595 edita
1943 4554 1957 4589 :
1990 4537 2107 4592 sive
2137 4549 2257 4605 qua
2301 4537 2448 4589 circa
2496 4534 2712 4588 Domini
2742 4535 2795 4588 in
2834 4549 3000 4588 carne
3047 4533 3341 4587 adventum

1763 4633 2071 4702 dispensata
2116 4637 2244 4683 sunt
2277 4645 2290 4682 :
2324 4642 2420 4698 per
2451 4625 2714 4695 Spiritum
2763 4634 2914 4696 gesta
2948 4633 3097 4680 sunt.
3155 4623 3341 4678 Primo

1762 4725 1907 4782 enim
1951 4721 2127 4776 adfuit
2176 4720 2279 4791 ipsi
2334 4719 2489 4772 carni
2550 4716 2787 4781 Domini,
2836 4718 2965 4770 dum
3015 4716 3192 4770 factus
3232 4731 3336 4769 un-

1763 4817 1894 4883 ctio,
1958 4823 2014 4871 et
2074 4811 2517 4883 inseparabiliter
2559 4808 2929 4880 conjunctus,
2986 4810 3133 4865 sicut
3195 4810 3335 4864 seri-

1765 4917 1914 4980 ptum
1951 4917 2035 4962 est
2066 4923 2079 4959 :
2116 4905 2284 4974 Super
2320 4895 2474 4974 quem
2504 4902 2695 4958 videris
2735 4901 3339 4969 Spiritumdesceudeu-

1766 5010 1887 5064 tem,
1924 5008 1973 5054 et
2023 5007 2323 5053 manentem
2379 5012 2536 5065 super
2563 5013 2705 5057 eum,
2740 4994 2824 5048 hic
2875 5004 2953 5048 est
2982 4992 3159 5048 Filius
3192 5010 3335 5046 meus

1762 5090 1986 5145 dilectus
2034 5098 2097 5152 ις
2152 5095 2242 5155 et,
2296 5086 2480 5141 Jesum
2535 5104 2569 5140 α
2624 5084 2922 5151 Nazareth,
2978 5100 3128 5155 quem
3184 5085 3337 5136 unxit

1764 5181 1905 5238 Deus
1959 5181 2161 5253 Spiritu
2187 5189 2371 5236 sancto
2400 5181 2421 5212 ⁸
2451 5217 2467 5234 .
2512 5179 2777 5249 Deinceps
2824 5178 3005 5233 omnis
3032 5178 3175 5231 actio
3204 5192 3336 5244 pree-

1764 5283 1923 5333 scnte
1984 5272 2190 5343 Spiritu
2259 5272 2638 5343 peragebatur.
2695 5271 2792 5325 llic
2851 5284 3093 5340 praesens
3148 5267 3335 5325 aderat

1762 5381 1890 5422 cum
1945 5373 2001 5420 et
2039 5379 2087 5420 ad
2119 5362 2338 5417 diabolo
2377 5368 2701 5415 tentaretur.
2744 5358 3014 5413 Deductus
3053 5367 3132 5409 est
3161 5356 3339 5417 enim,

1764 5458 1970 5529 inquit,
2022 5454 2179 5510 Iesus
2219 5471 2253 5507 a
2302 5452 2507 5522 Spiritu
2559 5454 2613 5506 iu
2655 5451 2917 5506 desertum
2949 5487 2965 5511 ,
3006 5457 3063 5500 ut
3105 5455 3339 5500 tentare-a

1766 5559 1851 5603 tur
1887 5554 1928 5602 ⁷.
1969 5547 2105 5602 Tum
2150 5545 2333 5601 edenti
2392 5543 2658 5598 miracula
2698 5542 2968 5595 indivulse
3006 5539 3219 5592 aderat.
3273 5536 3337 5590 Si

1761 5642 1901 5696 enim
1936 5654 2051 5709 ego,
2090 5638 2292 5707 inquit,
2334 5635 2386 5689 in
2428 5634 2632 5702 Spiritu
2665 5632 2763 5687 Dei
2805 5632 2957 5700 ejicio
2994 5629 3260 5684 dmuouia
3286 5625 3330 5681 '.

2396 5811 2417 5843 '
2451 5809 2609 5867 Joan.
2643 5821 2684 5877 ι,
2734 5806 2827 5863 35.
2904 5806 2929 5841 ⁸
2983 5804 3107 5863 Act.
3139 5824 3194 5874 ι,
3256 5808 3339 5868 58-
