3920 6572
135 419 244 482 785

1099 414 1480 474 PANOPLIA
1521 412 1982 474 DOGMATICA.
2010 441 2075 450 —
2111 417 2260 478 'l‘lT.
2305 414 2433 476 ΧΠ.

3297 420 3401 482 Ἷξϐ

137 541 598 614 ἁποτμηθήσεται.
658 539 755 592 Διὰ
814 538 970 592 τοῦτο
1021 537 1121 591 οὐκ
1175 537 1322 590 ἔστιν
1358 538 1416 589 ἐν
1443 534 1520 606 τῷ
1553 535 1654 609 ᾄδῃ
1686 537 1714 590 6

1823 541 1944 600 tur,
1975 548 2151 603 neque
2177 551 2231 588 tn
2261 544 2436 591 morte
2460 537 2553 606 qui
2573 551 2784 593 memor
2808 539 2878 595 sit
2911 539 3004 596 Dei
3049 543 3100 607 ⁸,
3131 555 3255 595 cum
3283 543 3395 611 jam

141 632 650 704 ἐξομολογούμενος,
689 631 810 684 οὐδὲ
849 632 905 683 ἐν
946 629 1024 700 τῷ
1066 629 1280 699 Θανάτῳ
1305 630 1334 682 6
1364 627 1715 700 μνημονεύων

141 725 298 788 Θεοῦ,
323 723 502 777 οὐκέτι
553 724 651 792 τῆς
687 721 933 793 βοηθείας
974 721 1067 775 τοῦ
1117 721 1432 790 Πνεῦματος
1472 737 1716 792 συμπαρ-

142 817 328 886 ούσης.
385 815 508 878 Πῶς
567 811 658 867 οῦν
710 814 932 866 δυνατὸν
981 813 1169 883 νοῆσαι
1208 813 1374 883 χωρὶς
1425 811 1519 865 τοῦ
1560 811 1716 878 ἁγίου

144 907 459 976 Πνεῦματος
484 905 852 958 ἐπιτελεῖσθαι
881 905 978 975 τὴν
1012 905 1213 977 κρίσιν,
1249 906 1382 959 ὅπου
1413 921 1475 973 γε
1502 904 1530 956 6
1562 903 1717 971 λόγος

142 998 432 1059 δείκνυσιν,
463 997 546 1050 ὅτι
579 995 840 1048 αὑτόὲστι
859 996 952 1048 καί¹
971 995 1031 1048 τὸ
1058 996 1163 1049 τῶν
1192 995 1412 1048 δικαίων
1447 993 1714 1064 βραϐεῖον,

142 1092 271 1142 ὅταν
293 1089 415 1142 ἀντὶ
433 1087 528 1140 τοῦ
562 1088 880 1159 appaream;
909 1087 1226 1158 παρασχεθῇ
1256 1088 1318 1140 τὸ
1349 1086 1554 1140 τέλειον
1577 1101 1590 1114 ·
1625 1084 1720 1136 καὶ

143 1184 175 1250 ἠ
205 1179 398 1252 πρώτη
459 1179 568 1232 τῶν
615 1178 950 1251 ἁμαρτωλῶν
986 1178 1270 1248 καταδίκη,
1294 1179 1422 1231 ὅταν
1447 1177 1541 1230 καὶ
1572 1176 1600 1228 6
1630 1176 1718 1228 δο-

143 1271 332 1323 κοῦσιν
370 1270 510 1340 ἔχειν
552 1269 926 1340 ἀφαιρεθῶση
957 1270 1028 1321 Τὸ
1063 1268 1118 1320 δὲ
1146 1269 1398 1338 μέγιστον
1421 1269 1718 1338 τεκμήριον

144 1365 238 1433 τῆς
269 1365 406 1434 πρὸς
433 1363 649 1433 Πατέρα
674 1365 767 1416 καὶ
797 1363 922 1416 Υἱὸν
945 1363 1036 1415 τοῦ
1058 1362 1372 1432 Πνεῦματος
1407 1358 1719 1428 συναφείας,
1742 1363 1747 1372 ’

145 1457 223 1508 ὅτι
247 1456 420 1519 οὕτως
439 1457 584 1526 ἔχειν
611 1456 826 1524 λέγεται
863 1456 996 1521 πρὸς
1033 1456 1186 1518 Θεὸν,
1215 1455 1290 1517 ὡς
1331 1453 1466 1525 πρὸς
1494 1453 1722 1505 ἕκαστον

147 1547 257 1616 ἔχει
298 1547 358 1600 τὸ
416 1547 634 1616 πνεῦμα
669 1548 730 1600 τὸ
765 1549 820 1600 ἐν
849 1548 997 1617 ἡμῖν.
1052 1549 1146 1613 Τίς
1181 1548 1290 1616 γὰρ
1335 1542 1476 1608 οἶδε,
1536 1543 1718 1612 φησὶν,

146 1636 472 1704 ἀνθρώπιον
500 1636 571 1689 τὰ
595 1637 700 1690 τοῦ
729 1636 1068 1704 ἀνθρώπου,
1101 1637 1152 1689 εί
1180 1634 1265 1705 μὴ
1297 1634 1364 1687 τὸ
1398 1634 1631 1702 πνεῦμα
1659 1633 1721 1686 τὸ

146 1728 216 1782 ἐν
255 1728 449 1794 autcf);
478 1730 642 1782 Οὕτω
667 1729 763 1782 καὶ
790 1730 860 1781 τὰ
886 1729 990 1782 τοῦ
1027 1729 1174 1781 Θεοῦ
1203 1727 1402 1792 οὐδεὶς
1430 1727 1717 1796 ἔγνωκεν,

148 1817 199 1869 si
217 1816 309 1886 μὴ
339 1817 408 1870 τὸ
443 1819 685 1889 Πνεῦμα
722 1819 788 1874 τὸ
812 1819 880 1874 ἐκ
909 1835 1016 1872 τον
1051 1819 1224 1874 Θεοῦ.

753 1914 976 1984 Κεφὰλ.
1039 1913 1128 1969 (θ’.

227 2002 416 2058 Ἔστω
472 2006 666 2071 ταῦτα,
724 2007 914 2077 φησὶν,
949 2006 1065 2059 ἀλλ’
1087 2006 1208 2074 οὐχὶ
1266 2007 1362 2060 καὶ
1413 2007 1540 2074 δόξα
1588 2008 1726 2060 πάν-

149 2115 254 2162 τως
277 2100 601 2171 ὀφειλομένη
636 2102 752 2154 ἐστὶ
782 2101 858 2172 τῷ
895 2102 1192 2174 Πνεῦματι,
1232 2103 1370 2156 ῶστε
1400 2102 1723 2171 δοξολογίαις

149 2189 482 2258 ἀνυψοῦσθαι
531 2193 658 2264 παρ’
703 2193 878 2263 ἡμῶν.
935 2194 1105 2246 Πόθεν
1156 2195 1221 2247 ἂν
1273 2190 1364 2247 οῦν
1403 2195 1501 2263 τῆς
1555 2195 1722 2264 ὑπερ-

148 2282 381 2352 εχούσης
438 2283 616 2336 πάντα
693 2282 818 2336 νοῦν
882 2284 1037 2349 ἀξίας
1098 2284 1191 2337 τοῦ
1256 2285 1571 2356 Πνεύματος
1622 2287 1722 2352 τὰς

149 2372 451 2438 ἀποδείξεις
489 2374 746 2445 λάϐοιμεν
784 2412 800 2436 ,
945 2376 1160 2448 εἶπερὴ
1195 2378 1408 2448 Πατρὸς
1460 2379 1552 2432 καὶ
1589 2378 1719 2432 Υίοῦ

147 2463 403 2514 κοινωνία
469 2463 542 2534 μὴ
603 2462 910 2528 ἀξιόπιστος
977 2466 1159 2529 αὐτοῖς
1215 2465 1352 2536 πρὸς
1417 2467 1720 2539 μαρτυρίαν

147 2551 460 2622 ἀξιώματος
503 2555 794 2627 ἐνομίσθη;
841 2557 1057 2624 Ἔξεστί
1098 2574 1160 2626 γε
1220 2558 1325 2629 μὴν
1373 2559 1508 2629 πρός
1549 2576 1608 2611 τε
1653 2559 1720 2613 τὰ

146 2645 208 2696 ἐκ
252 2645 362 2696 τῶν
406 2647 683 2716 ὀνομάτων
731 2648 1145 2719 ἀποϐλέψαντας
1185 2651 1576 2721 σημαινόμενα,
1627 2652 1720 2705 καὶ

148 2734 284 2805 πρὸς
314 2737 382 2789 τὰ
412 2737 518 2788 τῶν
545 2739 831 2809 ἐνεργειῶν
858 2741 1019 2793 αὑτοῦ
1063 2742 1288 2813 μεγέθη,
1321 2742 1414 2794 καὶ
1443 2741 1578 2812 πρὸς
1623 2741 1722 2805 τὰς

145 2829 224 2890 εἰς
253 2830 424 2898 ἡμᾶς,
457 2829 652 2899 μᾶλλον
691 2831 747 2883 δὲ
783 2832 861 2894 είς
888 2833 1064 2884 πᾶσαν
1106 2833 1204 2904 τὴν
1248 2833 1422 2886 κτίσιν
1459 2850 1721 2905 χορηγου-

149 2917 318 2988 μένας
345 2920 662 2991 εὐεργεσίας
699 2960 715 2982 ,
864 2925 964 2992 τῆς
1007 2925 1378 2994 μεγαλοφυίας
1421 2925 1586 2979 αὐτοῦ
1624 2925 1720 2978 καὶ

145 3009 245 3078 τῆς
267 3010 558 3078 ἀνεφίκτου
585 3013 863 3082 δυνάμεως
891 3013 984 3066 ἐπὶ
1015 3015 1177 3067 ποσὸν
1214 3014 1342 3083 γοῦν
1385 3017 1442 3068 ἐν
1472 3015 1718 3086 περινοίᾳ

147 3097 424 3165 γενέσθαι.
463 3101 686 3172 Πνεῦμα
719 3103 1061 3173 ὠνόμασται·
1091 3105 1187 3167 ὡς,
1213 3105 1454 3173 Πνεῦμα
1476 3108 1507 3158 ὀ
1535 3107 1678 3170 Θεός
1698 3119 1714 3135 ⁸

1823 639 1932 680 non
1982 625 2126 681 adsit
2185 627 2363 681 sancti
2414 626 2660 698 Spiritus
2706 631 3056 699 adjutorium.
3116 634 3402 699 Quomodo

1822 719 1985 790 igitur
2017 719 2241 788 intelligi
2270 729 2448 788 potest
2477 721 2681 792 absque
2711 721 2915 792 Spirittt
2947 732 3140 781 sancto
3169 726 3284 780 ﬁeri
3311 727 3403 796 ju-

1821 808 2046 870 dicittm,
2088 823 2214 862 cum
2253 811 2540 880 Scriptura
2714 811 2954 868 declaret
2991 815 3168 884 ipsum
3197 832 3319 871 esse
3348 826 3402 872 et

1818 899 2095 969 justorum
2129 901 2412 969 prteminm
2461 907 2509 969 ’,
2536 903 2757 972 quando
2790 919 2887 973 pro
2917 905 3220 963 arrhabone
3248 909 3402 963 exhi-

1822 991 2038 1046 bcbitur
2073 992 2218 1062 quod
2269 994 2568 1062 perfectum
2607 1004 2727 1061 est;
2777 1005 2832 1051 et
2873 999 3104 1066 primam
3151 1010 3403 1069 peccato-

1801 1098 1943 1136 -rum
1975 1084 2488 1140 condemnationem
2508 1125 2522 1148 ,
2556 1102 2680 1140 cum
2714 1102 2780 1142 eo
2811 1089 2977 1142 etiam
3008 1091 3155 1159 quod
3202 1091 3403 1148 habere

1821 1175 2096 1238 videntur,
2137 1177 2356 1244 spoliati
2393 1177 2640 1233 fuerint?
2685 1177 2857 1234 Porro
2903 1182 3198 1235 maximum
3239 1199 3402 1254 argu-

1823 1276 2065 1320 mentum
2119 1268 2526 1337 conjunctionis
2577 1271 2746 1336 illius,
2789 1288 2952 1340 quam
3000 1271 3232 1342 Spiritus
3277 1290 3400 1328 cum

1825 1354 1981 1410 Patre
2007 1367 2060 1412 et
2103 1356 2239 1412 Filio
2268 1359 2464 1424 habet,
2501 1362 2636 1416 illud
2668 1372 2786 1427 est,
2814 1363 2960 1433 quod
3002 1365 3192 1418 eodem
3243 1365 3401 1419 modo

1822 1449 2026 1502 dicitur
2056 1450 2258 1506 habere
2295 1467 2354 1506 se
2387 1468 2514 1524 erga
2539 1453 2728 1518 Deum,
2753 1471 2862 1525 quo
2882 1471 3008 1526 erga
3041 1473 3401 1526 unumquem-

1824 1557 1928 1610 que
1952 1551 2198 1595 nostrum
2228 1557 2288 1597 se
2318 1542 2480 1598 habet
2501 1545 2858 1616 spiritus,qui
2879 1556 2962 1602 est
2985 1548 3039 1600 in
3061 1549 3237 1602 nobis.
3268 1548 3399 1611 Quis

1826 1633 1980 1696 mini,
2024 1633 2230 1700 inquit,
2266 1633 2532 1688 hominum
2563 1638 2702 1691 novit
2731 1654 2792 1692 ea
2822 1655 2940 1708 qua:
2985 1650 3104 1692 sunt
3138 1639 3396 1702 hominis,

1823 1721 1926 1774 nisi
1952 1723 2172 1789 spiritus
2226 1725 2316 1793 qui
2359 1734 2438 1778 est
2501 1727 2554 1778 in
2584 1727 2744 1795 ipso?
2775 1726 2864 1782 Sic
2893 1737 2943 1783 et
2971 1746 3088 1800 qua:
3118 1729 3217 1783 Dei
3245 1746 3397 1794 sum,

1751 1833 1791 1889 Β
1829 1833 1978 1874 nemo
2004 1823 2168 1888 novit,
2210 1824 2312 1878 nisi
2337 1823 2567 1893 Spiritus
2595 1826 2684 1896 qui
2717 1842 2782 1878 ea:
2811 1827 2922 1882 Deo
2953 1839 3029 1882 est
3061 1831 3104 1885 ³.

2465 1919 2636 1987 Caput
2679 1919 2763 1975 i9.

1904 2009 1987 2065 Sit
2055 2009 2152 2075 ita,
2215 2011 2492 2080 inquiunt,
2555 2020 2610 2066 at
2648 2029 2711 2068 ea
2782 2014 2954 2085 gloria
3022 2017 3172 2072 nullo
3242 2031 3399 2089 pacto

1824 2091 2058 2148 debetur
2101 2095 2372 2166 Spiritui,
2403 2110 2463 2154 nt
2512 2117 2541 2155 a
2593 2106 2752 2161 nobis
2787 2109 3277 2178 gloriﬁcationibus
3329 2118 3399 2171 sit

1824 2185 2194 2242 extollendus.
2228 2187 2385 2245 Unde
2410 2193 2576 2262 igitur
2607 2198 2888 2265 probaturi
2931 2218 3121 2260 sumus
3161 2208 3398 2275 Spiritus

1822 2272 2150 2344 dignitatem
2211 2279 2552 2340 intellectum
2616 2304 2831 2345 omnem
2900 2272 3286 2363 superantem,
3351 2305 3396 2355 si

1822 2363 2005 2424 Patris
2035 2377 2090 2424 et
2119 2371 2244 2426 Filii
2277 2380 2589 2434 communio
2619 2381 2732 2435 visa
2758 2392 2841 2437 est
2874 2385 2992 2440 istis
3016 2389 3238 2444 minime
3257 2393 3397 2446 sutﬁ-

1821 2454 1976 2511 ciens
2007 2459 2073 2512 ad
2108 2460 2159 2513 id
2189 2463 2638 2523 testiﬁcandum?
2671 2469 2814 2526 Sane
2838 2489 3132 2542 possumus
3159 2488 3212 2533 et
3239 2483 3304 2536 ad
3331 2499 3394 2535 ea

1821 2561 1944 2615 qua:
1984 2551 2302 2609 nominibus
2355 2559 2736 2627 signiﬁcantur
2785 2567 3178 2633 respicientes,
3223 2581 3275 2624 et
3326 2574 3393 2626 ad

1819 2640 2201 2706 operationum
2254 2645 2374 2714 ejus
2423 2651 2852 2719 magnitudinem
2879 2695 2893 2716 ,
2925 2662 2979 2709 et
3011 2657 3076 2710 ad
3133 2659 3392 2714 beneﬁcia

1819 2744 1940 2798 quae
1971 2731 2022 2784 in
2070 2748 2205 2797 nos,
2245 2735 2358 2790 imo
2403 2754 2526 2808 quae
2567 2741 2620 2794 in
2651 2758 2863 2797 omnem
2904 2758 3212 2802 creaturam
3261 2769 3394 2805 eon-

1819 2819 1943 2883 fert,
1986 2837 2084 2890 pro
2114 2825 2336 2879 modulo
2367 2837 2558 2884 nostro
2593 2841 2800 2887 naturae
2825 2837 2975 2891 illius
3002 2840 3390 2897 sublimitatem

1815 2926 1879 2964 ac
1913 2916 2212 2982 potentiam
2263 2919 2874 2991 incomprehensibilem
2907 2932 3208 3000 percipere.
3265 2933 3390 3003 Spi-

1815 3003 1956 3060 ritus
1989 3017 2214 3064 voeatus
2245 3018 2349 3076 est,
2382 3019 2442 3066 ut
2464 3022 2548 3069 est
2577 3016 2732 3081 illud,
2767 3017 2996 3088 Spiritus
3031 3023 3173 3078 Deus
3215 3027 3236 3056 ⁸
3264 3043 3277 3091 ;
3313 3035 3387 3091 ct,

1813 3094 2042 3166 Spiritus
2073 3101 2244 3155 vultus
2275 3106 2461 3169 nostri,
2493 3107 2734 3162 Christus
2771 3110 3024 3167 Dominus
3075 3115 3112 3168 ³.
3150 3117 3384 3172 Sanctus

148 3190 262 3254 καὶ,
298 3191 539 3260 Πνεῦμα
581 3193 684 3246 τοῦ
723 3193 1044 3261 προσώπου
1081 3195 1268 3263 ἡμῶν,
1319 3197 1568 3264 Χριστὸς
1603 3197 1717 3250 Κύ-

1817 3187 2035 3252 dicitnr,
2071 3193 2532 3260 quemadmodum
2573 3209 2800 3255 sanctus
2859 3201 3038 3265 Pater,
3077 3212 3130 3258 et
3162 3219 3386 3262 sanctus

139 3300 292 3350 ριος.
325 3283 546 3352 Ἀγιονο
579 3287 651 3349 ὼς
674 3288 828 3356 ἅγιος
874 3292 902 3344 6
935 3288 1145 3360 Πατὴρ,
1181 3289 1273 3342 καὶ
1305 3288 1457 3357 ἅγιος
1496 3289 1524 3340 6
1569 3290 1716 3354 Υἱός.

146 3375 225 3446 Τῇ
266 3375 363 3445 μὲν
390 3377 497 3447 γὰρ
522 3378 694 3431 κτίσει
718 3378 980 3450 ἑτέρωθεν
1014 3379 1312 3450 ἐπεισήγθη
1346 3381 1374 3432 6
1414 3379 1713 3451 ἁγιασμός’

147 3467 223 3538 τῷ
249 3468 304 3520 δὲ
328 3469 605 3540 Πνεῦματι
640 3473 1069 3544 συμπληρωτικὴ
1103 3473 1202 3542 τῆς
1241 3472 1455 3542 φύσεώς
1499 3474 1645 3527 ἐστιν
1681 3475 1714 3545 ἡ

148 3557 394 3627 ἁγιότης.
439 3559 634 3630 Διόπερ
672 3562 791 3631 οὐχὶ
835 3561 1191 3632 ἁγιαζόμενόν
1223 3563 1388 3625 ἐστιν,
1419 3563 1532 3616 ἀλλ’
1560 3564 1718 3628 ἁγιά-

147 3647 260 3712 ζον.
302 3648 559 3715 ’Λγαθόνο
588 3649 662 3712 ὡς
689 3650 887 3717 ἀγαθὸς
920 3653 946 3704 6
980 3653 1190 3725 Πατὴρ,
1230 3653 1325 3706 καὶ
1363 3653 1562 3720 ἀγαθὸς
1595 3655 1622 3706 ὁ
1654 3655 1718 3706 ἐκ

145 3739 236 3792 τοῦ
261 3740 464 3807 ἀγαθοῦ
495 3741 801 3812 γεννηθείς·
846 3743 1031 3796 οὐσίαν
1078 3744 1198 3814 ἔχον
1382 3743 1479 3814 τὴν
1519 3743 1716 3810 ἀγαθό-

145 3847 304 3899 τητα.
344 3830 543 3893 Εὖθέςο
591 3830 666 3894 ὡς
712 3831 875 3901 εὐθὴς
920 3833 1124 3904 Κύριος
1166 3827 1194 3888 6
1241 3834 1405 3898 Θεόςο
1447 3833 1525 3904 τῷ
1579 3830 1716 3888 εἷναι

145 3920 522 3992 αὒτοαλήθεια,
571 3922 663 3974 καὶ
702 3921 1164 3993 αὑτοδικαιοσύνη,
1205 3922 1595 3994 παρεκτροπὰς
1625 3922 1717 3976 ἐπὶ

146 4013 351 4084 θάτερα
380 4014 474 4067 καὶ
499 4014 767 4079 ἐκκλίσεις
793 4015 892 4068 οὐκ
916 4015 1056 4084 ἔχον,
1091 4015 1180 4070 διὰ
1213 4015 1272 4068 τὸ
1315 4017 1581 4085 ἄτρεπτον
1617 4013 1718 4081 τῆς

145 4105 350 4168 οὖσίας.
392 4105 778 4177 Παράκλητοςο
833 4107 907 4169 ὡς
943 4110 968 4160 ὁ
1003 4108 1344 4176 Μονογενὴςο
1400 4105 1582 4168 καθὼς
1623 4105 1714 4157 αὐ-

143 4197 234 4260 τός
397 4215 578 4267 φησιν,
599 4198 679 4251 ὅτι
708 4196 846 4266 Ἐγὼ
879 4197 1155 4265 ἐρωτήσω
1183 4197 1290 4249 τὸν
1330 4196 1559 4262 Πατέρα
1575 4211 1714 4263 μου,

145 4291 240 4344 καί
266 4290 442 4345 δώσει
469 4291 611 4361 ὑμῖν
643 4293 838 4347 ἄλλον
867 4293 1271 4361 Παράκλητον.
1293 4291 1447 4345 Οὕτω
1474 4291 1626 4344 κοινὰ
1649 4289 1717 4342 τὰ

145 4385 382 4454 ὀνόματα
408 4385 541 4456 πρὸς
571 4384 790 4455 Πατέρα
815 4385 908 4438 καὶ
938 4385 1062 4438 Υίὸν
1085 4384 1162 4454 τῷ
1196 4383 1492 4453 Πνεύματι.
1533 4384 1595 4434 ἐκ
1617 4382 1718 4450 τῆς

146 4473 286 4528 κατὰ
325 4473 420 4544 τὴν
462 4473 622 4542 φύσιν
654 4474 980 4542 οἰκειότητος
1025 4473 1130 4526 τῶν
1172 4471 1551 4543 προσηγοριῶν
1594 4470 1718 4524 τοῦ·

142 4583 247 4618 των
282 4567 517 4635 τυχόντι.
547 4566 717 4619 Πόθεν
744 4566 852 4638 γὰρ
882 4567 1102 4620 ἄλλοθεν
1124 4583 1137 4624 ς
1163 4565 1330 4618 Πάλιν
1364 4564 1712 4635 ἡγεμονικὸν,
1743 4593 1782 4646 D

144 4659 234 4710 καὶ
277 4655 502 4727 Πνεῦμα
533 4658 632 4726 τῆς
667 4659 941 4730 ἀληθείας,
971 4658 1063 4710 καὶ
1103 4655 1326 4726 Πνεῦμα
1359 4657 1550 4723 σοψίας
1582 4655 1717 4708 ὠνό-

147 4767 365 4819 μασται.
414 4750 653 4818 Πνεῦμα
693 4750 852 4804 θεῖον
889 4749 954 4801 τὸ
983 4747 1250 4816 ποιῆσάν
1277 4756 1372 4817 με.
1431 4748 1559 4808 Καὶ,
1605 4746 1716 4800 Τόν

144 4840 450 4908 Βεσελεὴλ
481 4840 567 4904 δὲ,
604 4842 787 4910 φησὶν,
833 4839 1176 4905 ἐνέπλησεν
1219 4841 1250 4891 ό
1299 4836 1441 4901 Θεὸς
1473 4836 1715 4905 Πνεῦμα

145 4932 301 4985 θεῖον
336 4933 559 5000 σοφίας
602 4931 697 4983 καὶ
739 4930 1045 4994 συνέσεως
1087 4931 1183 4983 καὶ
1238 4929 1591 4996 ἐπιστήμης.
1633 4927 1715 4980 Τὰ

147 5023 241 5091 μὲν
294 5019 386 5075 οῦν
441 5023 680 5092 ὀνόματα
732 5021 949 5074 τοιαῦτα
1162 5021 1410 5090 ὑπερφυῆ
1457 5019 1551 5071 καὶ
1620 5034 1714 5087 με·

143 5112 280 5178 γάλα
303 5133 310 5140 ·
341 5112 601 5182 οῦμενουν
635 5112 825 5182 ἔχοντά
844 5129 964 5164 τινα
993 5113 1070 5175 εἰς
1092 5111 1245 5178 δόξαν
1267 5109 1588 5180 ὑπερϐολήν.

326 5205 392 5256 Ai
413 5205 468 5255 δὲ
497 5204 764 5272 ἐνέργειαι
787 5204 961 5268 τίνες;
991 5205 1254 5274 ’Λρρητοι
1285 5202 1382 5273 μὲν
1406 5201 1494 5254 διὰ
1524 5200 1585 5254 τὸ
1619 5199 1713 5271 μέ-

143 5295 317 5361 γεθος,
351 5293 776 5365 ἁνεξαρίθμητοι
797 5294 853 5347 δὲ
883 5293 967 5346 διὰ
998 5293 1055 5346 τὸ
1080 5293 1300 5364 πλῆθος.
1335 5293 1460 5355 Πῶς
1487 5293 1583 5362 μὲν
1604 5293 1713 5362 γὰρ

142 5390 406 5456 νοήςομεν
441 5387 507 5438 τὰ
551 5387 656 5440 τῶν
691 5385 901 5439 αἰώνων
940 5386 1224 5450 ὲπέκεινα;
1261 5385 1404 5448 τίνες
1433 5381 1569 5456 ἦσαν
1610 5383 1710 5438 αὺ-

145 5477 232 5529 τοῦ
281 5477 387 5540 πρὸ
420 5478 516 5548 τῆς
568 5478 765 5547 νοητῆς
811 5478 1039 5542 κτίσεως
1095 5479 1148 5531 αί
1194 5476 1499 5547 ὲνέργειαις
1549 5477 1712 5531 πόσαι

145 5565 184 5617 δ’
211 5567 308 5618 ἀπ’
344 5565 508 5619 αὑτοῦ
539 5568 668 5636 περὶ
696 5567 793 5636 τὴν
835 5566 1010 5620 κτίσιν
1189 5566 1448 5636 χάριτες;
1483 5564 1562 5628 τίς
1589 5565 1644 5617 δὲ
1676 5567 1708 5632 ἡ

146 5657 278 5729 πρὸς
306 5657 433 5720 τοὺς
471 5657 671 5720 αἰῶνας
703 5657 830 5720 τοὺς
863 5656 1262 5728 ἐπερχομένους
1305 5656 1562 5724 δύναμιςῖ
1606 5651 1712 5707 Ἶίν

1811 3274 2003 3333 Filius.
2023 3279 2301 3338 Creatura:
2317 3287 2586 3358 siquidem
2607 3291 2826 3347 inducta
2845 3303 2929 3349 est
2951 3296 3170 3351 aliunde
3189 3302 3361 3352 sancti
3375 3328 3387 3338 -

1811 3369 2030 3437 monia;
2074 3370 2303 3442 Spiritui
2345 3394 2474 3432 vero
2514 3385 2775 3438 sanctitas
2813 3386 3134 3454 compleliva
3167 3399 3250 3442 est
3289 3406 3386 3442 na-

1810 3465 1966 3512 turae.
2017 3461 2252 3534 Ideoque
2296 3483 2404 3522 non
2457 3471 2853 3537 sanctiﬁcatnr,
2907 3477 3000 3529 sed
3056 3479 3380 3532 sanctiﬁcat.

1812 3545 1995 3603 Bonus
2027 3550 2155 3605 item
2190 3553 2396 3610 dicitur
2427 3559 2568 3613 sicut
2601 3559 2759 3614 Pater
2791 3563 2967 3619 bonus
3001 3576 3116 3630 est,
3157 3577 3210 3620 et
3241 3569 3382 3622 sicut

1809 3635 1986 3692 bonus
2017 3647 2100 3692 est
2133 3641 2178 3695 is
2209 3644 2300 3711 qui
2333 3660 2399 3697 ex
2429 3646 2570 3700 bono
2602 3659 2762 3702 natus
2787 3659 2871 3704 est
2902 3671 2914 3705 :
2949 3654 3038 3705 cui
3064 3654 3278 3709 bonitas
3299 3666 3382 3708 est

1808 3727 1927 3794 ipsa
1958 3733 2218 3784 essentia.
2265 3731 2468 3788 Rectus
2512 3747 2759 3800 vocatur,
2796 3749 2854 3792 ut
2890 3752 3072 3797 rectus
3118 3743 3382 3799 υυιιιὶειιις.

1812 3814 1954 3871 Deus
1995 3821 2048 3884 ⁸,
2078 3835 2144 3874 eo
2175 3824 2320 3890 quod
2364 3841 2460 3894 per
2502 3843 2561 3881 se
2593 3829 2664 3882 sit
2711 3830 2827 3899 ipsa
2880 3834 3114 3897 veritas,
3161 3847 3213 3890 et
3262 3839 3380 3906 ipsa

1806 3906 2040 3975 iustitia,
2074 3928 2176 3968 nec
2209 3916 2263 3968 in
2291 3916 2430 3971 hanc
2460 3935 2560 3973 nec
2583 3921 2637 3974 in
2671 3923 2816 3976 illam
2845 3937 3050 3994 partem
3081 3944 3138 3982 se
3164 3938 3379 3984 vertens

1809 4005 1901 4048 aut
1930 3997 2175 4066 ﬂectens,
2212 4013 2434 4074 propter
2455 4020 2662 4064 natura
2682 4011 3193 4070 itnmutabilitatem.
3223 4018 3381 4074 Para-

1807 4086 1984 4141 cletus
2015 4104 2362 4162 nuncupatur
2393 4098 2537 4151 velut
2568 4097 2892 4170 Unigenitus
2922 4122 2934 4156 :
2965 4105 3106 4158 sicut
3139 4109 3252 4177 ipse
3278 4111 3375 4171 ait,

1809 4173 1921 4246 Ego
1968 4181 2163 4250 rogabo
2206 4183 2420 4240 Patren:
2469 4206 2672 4255 nicum,
2724 4203 2773 4246 et
2818 4193 2964 4248 dabit
3015 4173 3173 4252 vobis
3214 4201 3379 4253 alium

1809 4266 2147 4326 Paraclotum
2195 4277 2235 4329 ’.
2279 4277 2388 4331 lloc
2424 4290 2581 4348 pacto
2624 4287 2934 4338 communia
2986 4296 3114 4341 sunt
3159 4292 3378 4344 nomina

1807 4356 1980 4426 Patri,
2012 4362 2150 4418 Filio
2173 4375 2226 4419 et
2261 4367 2484 4437 Spiritui
2515 4383 2734 4438 sancto,
2775 4377 2868 4444 qui
2921 4377 3020 4432 ltas
3062 4382 3380 4448 appellatio-

1811 4463 1906 4504 nes
1937 4466 2003 4504 ex
2038 4462 2244 4508 naturae
2266 4461 2544 4514 consortio
2571 4462 2752 4516 habet.
2785 4464 2938 4520 Unde
2963 4469 3103 4520 enim
3124 4471 3382 4525 aliunde?

1811 4538 2049 4597 ltursum
2081 4546 2318 4614 Spiritus
2358 4551 2710 4621 principalis,
2737 4565 2790 4608 et
2835 4554 3073 4623 Spititus
3104 4561 3380 4626 veritatis,

1809 4641 1862 4687 et
1913 4633 2154 4703 Spiritus
2195 4640 2478 4707 sapientia:
2524 4644 2709 4699 dictus
2761 4655 2864 4702 est.
2906 4648 3140 4718 Spiritus
3174 4653 3382 4707 divinus

1809 4728 1898 4795 qui
1931 4745 2010 4782 me
2058 4729 2180 4794 fecit
2213 4737 2267 4797 ⁶;
2301 4740 2384 4797 et,
2421 4734 2645 4789 Rcseleel
2664 4777 2679 4803 ,
2733 4738 2943 4807 inquit,
2986 4742 3211 4809 implerit
3243 4743 3382 4800 Deus

1810 4820 2013 4888 Spiritu
2195 4823 2370 4879 divino
2409 4829 2682 4894 sapientiae
2718 4841 2766 4884 et
2795 4833 3092 4887 intellectus
3123 4846 3170 4889 et
3209 4839 3383 4892 scien-

1813 4911 1901 4963 tia:
1932 4912 1972 4964 ⁹.
2009 4911 2159 4967 Talia
2211 4917 2375 4986 igitur
2411 4925 2631 4974 nomina
2683 4925 2881 4979 eximia
2927 4928 3017 4980 illa
3066 4930 3284 4998 quidem
3332 4943 3386 4987 et

1810 5014 2026 5068 magna,
2057 5018 2156 5056 nec
2182 5012 2384 5068 tamen,
2412 5010 2554 5076 quod
2581 5013 2646 5063 ad
2676 5013 2902 5081 gloriam
2925 5019 3137 5083 attinet,
3157 5034 3385 5090 exagge—
3409 5044 3412 5047 ·

1813 5092 2082 5146 rationem
2121 5095 2286 5148 ullam
2319 5098 2594 5153 habentia.
2708 5093 2715 5100 ’

2007 5184 2073 5236 At
2097 5190 2444 5254 uperationcs
2473 5194 2664 5260 quales
2707 5197 2874 5249 sunt?
2907 5197 3216 5254 Ineﬁ'abiles
3260 5201 3385 5268 qni-

1811 5273 1934 5328 dem
1994 5275 2067 5329 ob
2126 5280 2595 5351 magnitudinem,
2655 5287 3084 5344 innumerabiles
3137 5306 3266 5343 vero
3317 5293 3387 5344 ob

1813 5366 2242 5422 multitudinem.
2272 5369 2407 5424 Nam
2443 5389 2552 5442 quo
2591 5384 2753 5443 pacto
2784 5377 3146 5445 intelligemus
3176 5394 3236 5432 ea
3267 5394 3388 5446 qua:

1815 5455 2039 5512 fuerunt
2070 5468 2196 5514 ante
2245 5465 2481 5518 saecula?
2509 5481 2630 5534 qua;
2668 5475 2825 5520 erant
2860 5467 3010 5523 illius
3041 5471 3387 5538 operationes

1816 5557 1946 5604 ante
1997 5560 2305 5606 creaturam
2360 5556 2796 5624 intelligibilem?
2843 5568 3047 5628 quanta
3101 5571 3282 5617 autem
3319 5565 3388 5618 ab

1815 5641 1908 5696 illo
1933 5642 2194 5700 beneﬁcia
2223 5649 2275 5700 in
2305 5650 2650 5703 creaturam?
2680 5650 2744 5703 ad
2766 5650 2900 5717 hinc,
2923 5667 3042 5722 qua:
3059 5662 3300 5723 potestas
3320 5656 3388 5710 ad

219 5807 237 5840 ι
301 5805 446 5861 rsat.
479 5806 636 5885 vita.
683 5789 971 5885 Δ’,ιρειιιζ
1011 5810 1292 5885 1,123:
1326 5811 1494 5867 ICor.
1531 5828 1590 5876 n.
1623 5814 1705 5869 ll.

1831 5813 2205 5881 Joan.tv,21.
2285 5815 2305 5847 ⁸
2349 5816 2552 5872 Tltrcn.
2586 5829 2660 5880 tv,
2701 5810 2791 5869 20.
2872 5813 2894 5847 ⁸
2962 5812 3104 5871 Psal.
3139 5831 3250 5885 xci,
3300 5810 3386 5866 16.

149 5877 168 5908 ⁷
193 5876 347 5934 Joan.
385 5893 496 5944 xw,
529 5879 608 5934 16.
683 5878 703 5911 ⁸
733 5875 834 5934 Job
852 5895 1046 5952 XXXIII,
1073 5881 1127 5938 4.
1203 5882 1223 5915 ⁹
1254 5881 1422 5939 Exod.
1456 5901 1604 5953 sui,
1644 5887 1696 5941 5.
