3920 6588
88 412 168 475 769
1000 399 1376 462 PANOPLIA
1413 397 1871 459 DOGMATICA.
1908 421 1973 432 --
2013 395 2162 457 TIT.
2201 395 2345 456 XII.

3188 396 3296 460 ΤΟ

87 529 308 597 ἀκούσῃς,
339 521 419 576 δτι
441 521 628 576 Ὅταν
677 521 827 589 ἔλθῃ
873 520 908 574 ὁ
937 518 1354 588 Παράκλητος,
1397 515 1628 582 ἐκεῖνος
1680 519 1838 586 ὑμᾶς
1881 515 2221 584 ἀναμνήσει
2265 512 2362 568 καί
2403 512 2690 585 ὁδηγήσει
2739 511 2890 583 πρὸς
2924 510 3133 568 πᾶσαν
3183 511 3300 580 τὴν

88 622 360 690 ἀλήθειαν,
379 618 482 689 τὴν
503 615 843 686 ὁδηγίαν,ὡς
874 613 1178 686 ἐδιδάχθης,
1208 612 1340 668 νόει’
1373 612 1448 682 μὴ
1469 612 1794 682 συκοφάντει
1827 611 1928 680 τὴν
1980 610 2208 663 ἔννοιαν.

151 715 289 769 Ἀλλά
362 712 472 766 Καὶ
517 713 900 783 ἐντυγχάνει,
965 712 1169 781 φησιν,
1203 707 1358 776 ὑπὲρ
1421 707 1610 776 ήμῶν-ο

1790 705 1880 768 At,
1944 705 2198 776 inquies,
2273 705 2451 761 Etiam
2513 703 2810 772 interpellat
2863 719 2960 772 pro
3025 701 3172 755 nobis
3239 701 3299 761 ’ς

89 820 214 870 Ὥστε
231 815 348 867 ὅσον
375 811 562 884 ἱκέτης
582 809 675 865 τοῦ
702 808 986 882 εὐεργέτου
1010 807 1273 868 λείπεται,
1294 804 1546 857 τοσοῦτον
1563 801 1625 855 τὸ

89 907 270 976 Πνεῦμα
311 904 455 958 κατὰ
487 903 586 974 τὴν
629 901 786 968 ἀξίαν
827 899 1192 953 ἀποπέπτωκε
1227 897 1320 950 τοῦ
1357 896 1513 949 Θεοῦ.
1546 896 1622 950 Σὺ

87 1001 125 1049 δὲ
146 996 276 1049 οὐπω
315 995 557 1066 ἤκουσας
596 994 725 1065 περὶ
757 992 849 1045 τοῦ
890 990 1247 1058 Μονογενοῦς,
1279 991 1358 1042 ὅτι
1388 989 1534 1040 ἐστὶν
1565 988 1626 1041 ὲν

87 1089 204 1158 δεξιᾷ
234 1087 326 1138 τοῦ
358 1087 517 1150 Θεοῦ,
551 1085 646 1138 καὶ
678 1085 993 1154 ἐντυγχάνει
1020 1083 1158 1152 ὑπὲρ
1181 1081 1372 1152 ήμῶν;
1406 1081 1496 1150 Μὴ
1529 1076 1624 1133 οὖν

85 1183 144 1234 ὅτι
175 1180 225 1231 τὸ
249 1179 473 1248 Πνεῦμα
498 1179 555 1231 ὲν
580 1179 661 1230 σοὶ
690 1177 868 1247 (εἴπερ
898 1175 961 1246 δὴ
990 1176 1124 1238 ὅλως
1153 1176 1210 1226 ὲν
1236 1173 1360 1243 σοὶ),
1391 1173 1512 1243 μηδ’
1537 1174 1620 1225 ὅτι

86 1267 536 1335 ἀποτυφλωθέντας
584 1267 732 1338 ἡμᾶς
783 1267 919 1337 πρὸς
957 1265 1055 1336 τὴν
1091 1265 1319 1336 ἐκλογὴν
1351 1263 1444 1316 τοῦ
1481 1281 1618 1334 συμ-

84 1363 302 1432 φέροντος
351 1360 623 1424 διδάσκει,
667 1359 762 1412 καὶ
809 1359 1026 1430 ὁδηγεῖ,
1053 1357 1241 1411 τούτου
1289 1358 1472 1410 ἕνεκεν
1521 1357 1621 1428 τὴν

83 1451 240 1522 εὐσεϐῆ
286 1452 382 1503 καὶ
415 1451 569 1503 ὁσίαν
613 1451 740 1522 περὶ
767 1448 932 1504 αὐτοῦ
979 1449 1136 1513 δόξαν
1314 1448 1618 1520 ζημιωθῇς.

91 1543 364 1614 Ὑπερξολὴ
394 1543 503 1615 γὰρ
545 1542 936 1614 ἀγνωμοσύνης
972 1541 1129 1595 τοῦτό
1155 1558 1243 1609 γε,
1283 1541 1384 1611 τὴν
1427 1541 1618 1609 φιλαν-

78 1630 288 1702 θρωπίαν
325 1630 420 1684 τοῦ
466 1631 753 1702 εὐεργέτου
791 1630 1041 1702 ἀφορμὴν
1080 1629 1402 1700 ἀχαριστίας
1447 1631 1620 1681 ποιεῖσ-

79 1724 196 1776 οθαι.
235 1723 323 1794 Μὴ
360 1719 454 1777 οὖν
493 1723 714 1776 λυπεῖτε
760 1723 819 1775 τὸ
849 1722 1074 1792 Πνεῦμα
1110 1720 1171 1774 τὸ
1212 1721 1385 1788 ἆγιον.
1429 1719 1619 1774 Ἀκού-

76 1831 181 1866 σατε
221 1814 269 1866 τί
302 1831 469 1884 φησιν
525 1816 558 1884 ἡ
595 1814 816 1885 ἀπαρχὴ
847 1814 956 1866 τῶν
1005 1811 1296 1883 μαρτύρων
1325 1810 1614 1880 Στέφανος,

73 1905 120 1956 τὸ
157 1905 436 1969 δυσπειθὲς
481 1904 577 1958 καὶ
621 1905 990 1958 ἀνυπότακτον
1041 1904 1118 1972 τῷ
1175 1901 1289 1973 λαῷ
1323 1903 1613 1966 ὀνειδίζων.

81 1996 266 2064 Ὑμεῖς,
311 1999 507 2066 φησιν,
548 1997 639 2051 ἀεὶ
692 1994 771 2060 τῷ
799 1997 1094 2064 Πνεύματι
1141 1995 1220 2061 τῷ
1272 1996 1416 2066 ἁγίῳ
1455 1997 1616 2051 ἀντι-

70 2089 303 2142 πίπτετε.
369 2089 481 2142 Kal
532 2088 693 2142 πάλιν
736 2088 764 2139 ὁ
818 2088 1081 2150 Ἡσαΐας·
1136 2086 1504 2154 Παρώξυναν
1546 2087 1614 2140 τὸ

72 2177 278 2247 Πνεῦμα
303 2177 368 2230 τὸ
393 2177 582 2246 ἅγιον,
607 2176 703 2229 καί
731 2175 997 2244 ἐστράφη
1027 2175 1230 2240 αὐτοῖς
1250 2177 1334 2242 είς
1355 2178 1577 2245 ἔχθραν
1593 2191 1608 2207 ·

71 2270 143 2321 καὶ
183 2270 438 2340 ἑτέρωθιο
479 2271 541 2322 '0
568 2265 731 2334 οἶκος
759 2267 864 2320 τοῦ
899 2267 1106 2322 Ἰακὼϐ
1283 2268 1612 2336 παρώίγγισε

70 2362 118 2411 τὸ
144 2359 376 2429 Πνεῦμα
406 2360 626 2426 Κυρίου
646 2375 659 2387 ·
695 2360 741 2410 εί
775 2357 849 2428 μὴ
879 2355 1288 2425 ὲξουσιαστικῆς
1329 2355 1610 2424 δυνάμεως

70 2450 423 2518 παραστατικά
471 2450 539 2502 τὰ
590 2447 850 2513 τοιαῦτα;
879 2448 957 2518 Τῇ
1019 2448 1126 2500 τῶν
1177 2444 1610 2514 ἐντυγχανόντων

68 2541 216 2610 κρίσει
244 2539 509 2608 παρίημι.

687 2631 915 2700 Regii}.
951 2630 1024 2686 κ’.

119 2721 245 2777 Οὐτε
296 2721 491 2774 δοῦλόν
538 2738 727 2791 φησιν,
785 2720 907 2774 οὐτε
949 2721 1245 2790 δεσπότην,
1300 2720 1417 2776 ἀλλ’
1456 2720 1608 2774 ἐλεύ-

65 2815 218 2885 θερον.
275 2815 344 2867 ’Ὠ
373 2819 470 2882 τῆς
524 2814 703 2884 δεινῆς
757 2814 1116 2885 ἀναλγησίας,
1167 2814 1214 2868 ὣ
1245 2816 1342 2884 τῆς
1367 2817 1607 2886 ἐλεεινῆς

65 2908 268 2973 ἀφ’μδίας
335 2906 446 2958 τῶν
487 2904 657 2958 ταῦτα
720 2905 1024 2974 λεγόντωνί
1083 2907 1149 2960 Τί
1207 2909 1369 2963 πλέον
1433 2911 1614 2964 αὐτῶν

63 2998 318 3065 ὀδύρωμαι
344 3012 359 3061 ;
385 2996 448 3048 τὸ
476 2996 710 3064 ἀμαθὲς,
765 2995 798 3068 ἢ
851 2997 912 3050 τὸ
967 2983 1328 3067 βλάσφὴμοη
1375 2999 1515 3066 οἶγε
1548 3000 1614 3052 τὰ

65 3088 145 3156 τῆς
197 3071 504 3154 ’θεολογίας
578 3089 828 3158 δόγματα
902 3090 1268 3160 ἀνθρωπίνοις
1353 3094 1614 3164 παραδεί-

63 3195 218 3248 γμασι
246 3179 671 3248 καθυϐρίζουσι,
703 3181 800 3233 καὶ
827 3181 927 3251 τὴν
971 3175 1072 3235 ὦδε
1105 3184 1420 3254 συνήθειαν,
1470 3202 1614 3257 παρ-

63 3273 394 3342 ηλλαγμένην
438 3273 670 3342 ἔχουσαν
724 3275 831 3328 τῶν
887 3275 1215 3345 ἀξιωμάτων
1266 3278 1366 3349 τὴν
1425 3279 1615 3347 διαφο-

68 3364 173 3426 ρὰν,
203 3367 265 3433 τῇ
303 3365 428 3434 θείᾳ
458 3365 552 3416 καὶ
590 3366 815 3435 ἀρρήτῳ
846 3366 1009 3436 φύσει
1039 3370 1449 3438 προσαρμόζειν
1493 3371 1617 3425 ὲπι-

64 3455 344 3523 χειροῦσιν·
372 3458 476 3510 οὐκ
516 3458 842 3521 ἐννοοῦντες,
876 3459 957 3511 ὅτι
989 3460 1142 3529 παρὰ
1173 3461 1272 3529 μὲν
1308 3461 1618 3531 ἀνθρώποις

62 3545 119 3612 τῇ
148 3548 302 3614 φύσει
339 3544 528 3609 δοῦλος
553 3547 748 3610 οὐδείς.
778 3549 847 3600 ’Ἦ
877 3548 986 3619 γὰρ
1023 3552 1617 3617 καταδυναστευθέντες
1653 3547 1694 3598 (Σ

58 3636 148 3690 om
187 3639 353 3708 ζυγὸν
395 3640 640 3704 δουλείας
695 3637 939 3710 ἤχθησαν
982 3672 1000 3701 ,
1142 3637 1216 3702 ὡς
1252 3638 1310 3690 ὲν
1347 3637 1624 3706 αἰχμαλω-

57 3728 185 3794 σίαις
205 3750 218 3762 ·
245 3732 278 3804 ἢ
307 3731 396 3785 διά
417 3731 606 3784 πενίαν
627 3729 1132 3802 κατεδουλώθησαν,
1158 3727 1234 3791 ὡς
1257 3728 1307 3781 οἱ
1331 3726 1616 3796 Αἰγύπτιοι

57 3820 125 3890 τῷ
147 3824 344 3894 Φαραὼ
362 3837 377 3852 ⁸
412 3824 445 3894 ἢ
485 3824 624 3877 κατά
649 3840 770 3876 τινα
802 3823 970 3894 σοφὴν
1000 3821 1094 3875 καὶ
1121 3820 1430 3893 ἀπόρρητον
1474 3821 1615 3873 οίκο-

56 3914 234 3982 νομίαν
263 3917 312 3967 οἱ
344 3908 708 3985 χείρους”τῶν
745 3913 949 3985 παίδων
996 3915 1058 3966 ὲκ
1098 3913 1198 3982 τῆς
1229 3911 1337 3965 τῶν
1366 3911 1614 3984 πατέρων

57 4003 226 4072 φωνῆς
243 4008 355 4067 τοῖς
375 4022 412 4072 φ
419 4021 530 4075 ρονι
538 4004 679 4074 μωτέ
689 4020 798 4074 ροις
817 4003 908 4056 καὶ
942 4001 1172 4072 βελτίοσι
1209 3998 1478 4054 δουλεύειν
1494 4017 1617 4052 κατ-

56 4092 442 4165 εδικάσθησανο
502 4096 569 4164 ἣν
619 4094 737 4147 οὐδὲ
777 4091 1106 4162 καταδίκην,
1141 4091 1254 4144 ἀλλ’
1299 4089 1615 4162 εὐεργεσίαν

57 4183 188 4236 είποι
214 4202 303 4250 τις,
339 4185 404 4239 ἂν
431 4185 636 4246 δίκαιος
661 4185 770 4237 τῶν
815 4184 1116 4252 γινομένων
1156 4181 1466 4250 ἐξεταστὴς.
1513 4180 1616 4232 Τὸν

57 4271 155 4344 γὰρ
182 4274 246 4328 δι’
278 4275 482 4328 ἔνδειαν
519 4273 613 4327 τοῦ
649 4277 864 4346 φρονεῖν
891 4275 991 4327 οὐκ
1027 4272 1219 4342 ἔχοντα
1257 4272 1316 4324 ἐν
1347 4270 1523 4340 ἐαυτῷ
1555 4269 1616 4322 τὸ

55 4365 188 4418 κατά
235 4367 399 4434 φύσιν
429 4366 627 4437 ἄρχον,
675 4365 858 4418 τοῦτον
903 4364 1090 4437 ἑτέρου
1128 4365 1312 4434 κτῆμα
1361 4364 1614 4432 γενέσθαι

52 4453 499 4528 λυσιτελέστερον,
553 4455 662 4520 ἵνα,
722 4455 821 4525 τῷι
845 4452 937 4507 τοῦ
994 4454 1318 4525 κρατοῦντος
1371 4451 1616 4523 λογισμῴ

49 4547 470 4620 διευθυνόμενος,
504 4550 689 4618 ὅμοιος
719 4542 753 4618 ᾗ
791 4546 996 4618 ἅρματι
1028 4548 1241 4617 ἡνίοχον
1274 4545 1614 4611 ἀναλαϐόντι,

51 4639 138 4691 καὶ
165 4639 338 4710 πλοίῳ
366 4639 703 4710 κυϐερνήτην
733 4637 906 4709 ἔχοντι
939 4639 1031 4690 ἐπὶ
1057 4639 1256 4692 οἰάκων
1285 4638 1614 4708 καθήμενον.

51 4731 140 4782 Διά
170 4730 334 4784 τοῦτο
383 4729 575 4783 Ἰακὼϐ
600 4729 786 4801 κύριος
811 4728 906 4782 τοῦ
947 4727 1114 4782 Ἡσαῦ
1141 4729 1204 4780 ὲκ
1238 4727 1338 4798 τῆς
1367 4725 1616 4796 εὐλογίας

1721 802 1949 873 proinde
1975 809 2238 871 quantum
2269 800 2316 854 is
2346 799 2436 869 qui
2471 799 2698 868 supplex
2745 807 2867 864 εει,
2916 797 3167 852 beneﬁcii
3199 813 3296 853 au-

1723 901 1877 946 ctore
1916 891 2145 944 inferior
2169 897 2289 955 εει,
2318 897 2526 943 tantum
2563 904 2784 958 quoque
2815 888 3053 958 Spiritus
3082 890 3296 943 ratione

1723 980 2008 1052 dignitatis
2031 995 2060 1032 a
2096 978 2205 1034 Deo
2233 986 2499 1032 remotus.
2531 979 2599 1029 At
2630 985 2686 1030 tu
2718 978 2958 1030 nondum
2994 976 3194 1030 audisti
3225 976 3293 1031 de

1724 1071 2040 1142 Unigenito,
2069 1069 2214 1140 quod
2246 1070 2293 1124 is
2317 1080 2400 1124 est
2427 1071 2482 1123 in
2511 1068 2733 1123 dextera
2758 1068 2873 1131 Dei,
2899 1076 2954 1122 et
2987 1069 3297 1136 interpellat

1729 1179 1829 1235 pro
1868 1163 2034 1217 nobis
2081 1161 2142 1216 ‘2
2180 1162 2366 1228 Itaque
2405 1162 2532 1230 quia
2586 1161 2824 1229 Spiritus
2874 1161 2927 1212 in
2977 1167 3029 1213 te
3079 1167 3195 1219 est,
3252 1159 3298 1212 si

1724 1261 1906 1308 tamen
1937 1253 2163 1306 omnino
2199 1254 2254 1305 in
2304 1261 2358 1305 te
2385 1259 2489 1316 est,
2522 1258 2575 1304 et
2622 1250 2748 1318 quia
2782 1264 2882 1302 nos
2909 1255 3207 1301 excmcatos
3233 1247 3300 1300 ad

1722 1344 2033 1415 eligendum
2076 1343 2220 1413 quod
2255 1343 2386 1398 utile
2435 1350 2557 1406 εει,
2601 1331 2791 1403 docet,
2821 1340 3182 1406 deducitque,
3233 1355 3302 1392 ne

1725 1453 1844 1492 eam
1876 1438 1944 1492 ob
1977 1452 2200 1491 causam
2235 1436 2376 1505 piam
2422 1449 2484 1488 ac
2524 1441 2767 1487 sanctam
2797 1429 2862 1483 de
2892 1444 2958 1483 eo
2990 1428 3299 1497 opinionem

1726 1530 1964 1584 amittas.
1996 1527 2129 1581 Nam
2165 1527 2406 1597 proiecto
2440 1541 2685 1579 Summus
2717 1523 2879 1576 fuerit
2911 1521 3108 1590 ingrati
3132 1520 3300 1572 animi

1724 1622 1948 1692 gradus,
1973 1619 2367 1675 benefacientis
2391 1616 2784 1671 humanitatem
2818 1614 2883 1667 ad
2908 1612 3106 1682 ingrati
3131 1610 3300 1664 animi

1723 1712 2069 1767 occasionem
2105 1717 2338 1764 vertere.
2387 1706 2568 1761 Nolite
2613 1707 2778 1776 igitur
2813 1705 3143 1756 contristare
3173 1701 3300 1770 Spi-

1725 1805 1885 1859 ritum
1912 1812 2159 1856 sanctum
2210 1801 2252 1853 ³.
2284 1798 2480 1852 Audite
2504 1797 2635 1866 quid
2666 1796 2810 1851 dicat
2843 1805 3143 1863 martyrum
3185 1791 3303 1860 pri-

1725 1899 1889 1953 mitiae
1941 1896 2294 1966 Stephanus,
2352 1889 2782 1946 inobedientiam
2833 1902 2900 1940 ac
2944 1883 3298 1939 rebellionem

1724 1988 2064 2059 exprobrans
2117 1983 2341 2054 populo.
2392 1980 2528 2044 Vos,
2572 1979 2770 2048 inquit,
2829 1991 3031 2042 semper
3077 1971 3300 2040 Spiritui

1722 2087 1904 2136 sancto
1935 2076 2190 2132 resistitis
2250 2072 2289 2128 ⁸.
2322 2071 2389 2126 Ει
2435 2087 2654 2126 rursum
2685 2070 2853 2126 Isaias
2883 2087 2896 2122 :
2935 2065 3289 2120 Exacerbave-

1720 2179 1842 2224 runt
1874 2168 2133 2238 Spiritum
2164 2174 2442 2229 sanctum,
2472 2173 2522 2217 et
2565 2179 2743 2216 versus
2777 2169 2854 2215 est
2889 2160 2998 2214 illi:
3035 2160 3091 2211 in
3118 2157 3302 2210 inimi-

1722 2260 1903 2314 citiam
1948 2258 1990 2312 '.
2031 2257 2095 2310 Et
2127 2256 2290 2318 alibi,
2332 2251 2725 2308 Domuslacob
2761 2251 2993 2304 irritavit
3039 2248 3298 2317 Spiritum

1721 2351 1936 2406 Domini
1985 2349 2030 2405 '.
2081 2347 2314 2412 Audite,
2359 2349 2616 2416 inquam,
2652 2360 2719 2399 an
2751 2359 2858 2398 non
2887 2343 3001 2396 haec
3028 2354 3298 2396 summam

1722 2443 2017 2513 potentiam
2063 2439 2380 2495 declarent?
2415 2436 2632 2491 Judicio
2681 2434 2977 2504 legentium
3019 2431 3295 2503 permitto,

2335 2627 2506 2698 Caput
2548 2627 2640 2684 20.

1783 2721 1972 2792 Neque
2034 2735 2264 2785 servus,
2334 2721 2533 2790 inquit,
2611 2734 2787 2787 neque
2841 2719 3119 2788 dominus,
3193 2721 3285 2775 sed

1717 2815 1875 2869 liber.
1953 2811 1998 2868 Ο
2044 2813 2242 2866 mirum
2295 2824 2599 2882 stuporem,
2665 2827 2700 2866 ο
2762 2812 3129 2866 miserandam
3191 2827 3290 2866 au-

1717 2908 1928 2962 daciam
2005 2908 2107 2962 iSIa
2156 2906 2540 2976 loquentium!
2602 2903 2744 2972 Quid
2823 2906 3054 2974 amplius
3099 2905 3289 2976 deplo-

1724 3016 1834 3054 rcin
1878 3011 2126 3067 :,_'utrum
2191 2998 2491 3063 inscitiam,
2548 3012 2615 3052 an
2697 2999 3091 3066 blaSphcmium
3156 3000 3292 3054 isto-

1721 3095 1879 3149 rum?
1959 3092 2051 3161 qui
2108 3092 2327 3160 quidem
2391 3091 2458 3145 de
2517 3089 2627 3145 Deo
2697 3091 2949 3159 dogmata

1733 3185 2004 3256 exemplis
2064 3183 2434 3241 dedecorant:
2488 3198 2551 3238 ac
2614 3183 2894 3236 hominum
2931 3184 3283 3236 consuetudi-

1723 3294 1872 3344 nem,
1925 3292 2048 3348 per,
2072 3291 2235 3348 quam
2283 3276 2470 3346 dispar
2515 3284 2599 3331 est
2630 3274 2960 3345 dignitatum
3013 3275 3290 3328 excellen-

1723 3371 1820 3435 tia,
1849 3370 1915 3425 ad
1933 3370 2170 3425 divinam
2209 3377 2263 3424 et
2317 3365 2642 3423 ineﬂ‘abiicm
2679 3375 2926 3420 naturam
2979 3380 3290 3419 accommo-

1724 3463 1853 3518 dare
1923 3463 2171 3518 nituntur
2218 3475 2234 3514 :
2287 3459 2431 3515 haud
2469 3468 2783 3530 reputantes
2847 3458 2986 3527 apud
3039 3457 3290 3514 homines

1726 3556 1942 3624 quidem
1985 3556 2192 3609 nullum
2219 3569 2338 3609 esse
2367 3564 2558 3608 natura
2579 3567 2817 3608 servum.
2857 3551 2965 3605 Aut
2990 3550 3135 3606 enim
3187 3566 3291 3618 po-

1723 3638 1894 3691 tentia
1927 3639 2200 3707 Oppressi,
2227 3638 2331 3692 sub
2366 3639 2560 3708 jugum
2608 3638 2889 3693 servitutis
3084 3635 3294 3693 inducti

1721 3737 1871 3793 sunt,
1905 3729 2055 3783 velut
2087 3729 2142 3782 in
2187 3729 2332 3783 bello
2367 3731 2512 3798 capti
2552 3747 2565 3782 :
2603 3736 2696 3780 aut
2739 3728 2808 3781 ob
2849 3739 3193 3798 pauperatem
3236 3726 3294 3782 in

1721 3821 2042 3874 servitutem
2075 3821 2253 3875 adacti
2288 3831 2438 3885 sunt,
2489 3821 2639 3874 velut
2678 3819 2922 3890 zEgyptii
2967 3818 3240 3873 Pharaoni
3273 3834 3290 3875 :

1721 3921 1815 3966 aut
1839 3911 1998 3981 juxta
2022 3913 2325 3982 sapientem
2355 3912 2650 3982 quamdam
2691 3920 2744 3966 et
2775 3926 3033 3966 arcanam
3065 3913 3292 3981 dispen-

1721 4004 2016 4069 sationem,
2049 4005 2145 4074 qui
2177 4005 2320 4060 inter
2347 4006 2486 4060 ﬁlios
2508 4005 2813 4060 deteriores
2838 4013 2986 4068 sunt,
3008 4014 3293 4076 parentum

1721 4110 1888 4158 voce,
1930 4096 2358 4165 sapientioribus
2396 4112 2460 4151 ac
2506 4098 2826 4151 melioribus
2868 4097 2922 4150 in
2975 4098 3295 4152 servitutem

1721 4184 1923 4238 addicti
1948 4196 2106 4252 sunt;
2132 4203 2293 4257 quam
2319 4187 2740 4258 haudquaquam
2760 4189 3292 4256 condemnationem,

1721 4275 1814 4330 sed
1849 4275 2171 4330 beneficium
2199 4278 2381 4346 potius
2405 4279 2607 4333 dixerit
2637 4295 2826 4349 aequus
2852 4295 3033 4333 rerum
3058 4282 3299 4334 aestima-

1722 4370 1830 4418 tor.
1873 4362 2008 4417 Nam
2041 4365 2134 4434 qui
2161 4366 2232 4419 ob
2267 4381 2464 4422 sensus
2499 4368 2764 4438 impiam,
2806 4384 2914 4423 non
2949 4370 3108 4425 habet
3137 4371 3191 4425 in
3221 4387 3300 4426 se-

1721 4471 1781 4511 se
1811 4457 1862 4510 id
1889 4456 2035 4526 quod
2068 4464 2260 4511 natura
2292 4460 2546 4529 imperat,
2571 4461 2700 4514 huic
2735 4462 2923 4518 utilius
2954 4472 3037 4518 est
3072 4465 3298 4523 alterius

1723 4545 1836 4600 ﬁeri
1871 4547 2226 4616 mancipium,
2257 4558 2318 4602 ut
2351 4547 2479 4602 dum
2516 4549 2853 4608 dominantis
2880 4555 3168 4623 prudentia
3212 4558 3299 4612 di-

1721 4636 1940 4706 rigitur,
1969 4636 2168 4692 similis
2202 4639 2274 4692 sit
2303 4640 2490 4693 currui
2525 4642 2618 4710 qui
2645 4642 2887 4714 aurigam
2920 4646 3124 4715 recepit
3150 4690 3163 4712 ,
3202 4655 3296 4700 aut

1721 4729 1845 4784 navi
1887 4743 2008 4799 quae
2042 4730 2360 4784 nauclerum
2391 4732 2554 4786 habet
2582 4733 2737 4787 clavo
2768 4734 3120 4790 assidentem.
3146 4736 3297 4794 IIanc

3028 3091 3287 3144 humanis

50 4821 138 4873 τοῦ
171 4822 398 4894 πατρὸς,
428 4823 515 4876 ἵνα
539 4821 633 4874 καὶ
669 4820 741 4892 μὴ
779 4819 1094 4891 βουλόμενος
1123 4818 1272 4890 παρά
1308 4819 1401 4871 τοῦ
1428 4818 1615 4892 φρονί-

1724 4819 1790 4873 ob
1824 4834 2048 4876 causam
2099 4819 2268 4877 Jacob
2309 4823 2565 4878 dominus
2615 4823 2754 4879 Esau
2794 4841 2860 4880 ex
2912 4827 3298 4884 benedictione

52 4929 146 4978 μου
168 4913 258 4964 εὐε
270 4912 527 4983 ργετῆται
553 4914 582 4964 ὁ
605 4912 814 4982 ἄφρων,
839 4911 939 4964 οὐκ
961 4909 1100 4981 ἔχων
1127 4911 1218 4964 τὸν
1243 4911 1438 4963 οἰκεῖον
1461 4910 1616 4982 κηδε-

51 5000 179 5069 μόνα
209 5003 305 5054 τὸν
336 5002 479 5055 νοῦν.
517 5002 626 5055 Καὶ
656 5000 874 5056 Χαναὰν
905 5004 1032 5064 παῖς
1065 5001 1280 5071 οἰκέτης
1465 5002 1617 5056 ἔσται

45 5094 152 5153 τοῖς
183 5090 455 5160 ἀδελφοῖς,
483 5090 669 5163 ἐπειδὴ
705 5090 981 5154 ἀδίδακτος
1005 5086 1072 5162 ἦν
1100 5091 1199 5160 τῆς
1215 5091 1436 5162 ἀρετῆς,
1459 5091 1624 5144 ἀσύν-

47 5198 160 5234 ετον
190 5182 334 5252 ἔχων
356 5183 448 5236 τὸν
475 5182 666 5236 ἑαυτοῦ
707 5183 915 5252 πατέρα
947 5181 1039 5235 τὸν
1069 5182 1217 5252 Χάμ.
1250 5175 1375 5234 Ὧδε
1405 5183 1502 5253 μὲν
1527 5178 1621 5236 οὖν

44 5273 210 5337 οὕτως
227 5275 282 5327 οἱ
301 5274 492 5328 δοῦλοι⁹
516 5273 786 5345 ἐλεύθεροι
811 5274 891 5339 δὲ,
911 5275 960 5327 oi
987 5272 1338 5343 διαφυγόντες
1365 5272 1554 5326 πενίαν
1584 5273 1618 5344 ἦ

45 5364 358 5436 πόλεμον,ῆ
384 5365 482 5436 τῆς
517 5364 720 5437 ἐτέρων
746 5365 1064 5436 κηδεμονίας
1091 5362 1426 5435 ἀπροσδεεῖς.
1462 5362 1618 5415 Ὥστε

43 5455 139 5508 κᾶν
157 5457 189 5509 ὁ
207 5457 314 5526 μὲν
338 5455 622 5525 δεσπότης,
649 5458 677 5509 ό
690 5456 747 5510 δὲ
762 5457 974 5528 οἰκέτης
987 5458 1231 5527 λέγηται,
1251 5453 1366 5509 ἀλλ’
1381 5448 1471 5508 οὖν
1487 5453 1622 5506 πάν-

43 5560 126 5610 τες
155 5548 254 5600 καὶ
292 5547 433 5602 κατά
464 5548 563 5618 τὴν
605 5547 738 5618 πρὸς
778 5547 1036 5618 ἀλλήλους
1067 5547 1380 5618 ὁμοτιμίαν,
1425 5547 1518 5601 καὶ
1546 5546 1621 5610 ὼς

41 5637 303 5705 κτήματα
322 5637 426 5709 (76)
446 5636 541 5690 τοῦ
568 5637 923 5707 πεποιηκότος
951 5639 1119 5708 ἡμᾶς,
1151 5637 1444 5708 ὁμόδουλοι.
1477 5639 1622 5692 Ἐκεῖ

1721 4908 1893 4982 patris
1934 4917 1986 4980 ⁷,
2014 4920 2074 4965 ιιι
2098 4913 2300 4967 stultus
2335 4927 2365 4966 a
2399 4915 2645 4984 sapiente
2673 4917 2758 4970 vel
2786 4917 2991 4973 invitus
3021 4917 3296 4974 beneﬁcio

1722 5000 2045 5069 adiceretur,
2092 5003 2295 5073 quippe
2350 5019 2458 5056 non
2494 5003 2703 5061 habens
2754 5009 3035 5077 proprium
3079 5017 3299 5064 curato-

1725 5109 1860 5160 rem,
1885 5082 2139 5149 {iidelicet
2158 5103 2416 5151 mentem.
2450 5094 2514 5148 Et
2535 5095 2791 5152 Chanaan
2819 5097 2960 5155 ﬁlius
2984 5115 3175 5157 servus
3193 5101 3298 5157 erit

1724 5189 1988 5244 fratribus
2017 5188 2134 5244 suis
2184 5193 2236 5254 ⁸,
2280 5190 2540 5258 quoniam
2585 5191 2838 5247 indocilis
2867 5202 2984 5248 erat
3013 5195 3080 5249 ad
3114 5197 3296 5250 virtu-

1723 5285 1854 5345 tem,
1889 5277 2286 5349 imprudentem
2320 5279 2526 5336 habens
2549 5282 3054 5352 patrem,videlicet
3087 5285 3285 5342 Cham.

1721 5367 1803 5421 Ad
1833 5368 1978 5423 hunc
2015 5368 2182 5439 igitur
2210 5369 2432 5424 modum
2465 5371 2552 5426 hic
2587 5372 2722 5426 ﬁunt
2755 5374 2935 5438 servi;
2972 5373 3126 5428 liberi
3166 5391 3298 5433 vero

1725 5469 1874 5524 sunt,
1904 5459 1996 5531 qui
2029 5460 2334 5532 eliugerunt
2371 5469 2772 5533 paupertatem,
2808 5472 2901 5517 aut
2935 5463 3161 5529 bellum,
3196 5479 3294 5522 aut

1723 5550 1814 5621 qui
1869 5551 2102 5606 aliorum
2150 5565 2281 5606 cura
2315 5567 2426 5606 non
2473 5559 2651 5622 egent.
2690 5549 2876 5621 Itaque
2911 5557 3162 5624 quamvis
3209 5555 3298 5611 hic

1723 5644 1911 5710 herus,
1943 5644 2032 5700 ille
2068 5659 2261 5700 servus
2287 5645 2610 5715 appelletur,
2644 5659 2836 5700 omnes
2867 5652 3049 5699 tamen
3079 5652 3132 5700 et
3165 5662 3297 5717 qua-

106 5753 122 5782 ¹
172 5753 343 5835 Bo_n_l.
387 5770 505 5835 viti,
533 5754 622 5813 '54.
698 5757 892 5835 ’_i_bid.
967 5759 991 5796 ³
1021 5759 1222 5832 Ephes.
1260 5760 1448 5830 “1,30.
1521 5761 1546 5796 ⁸
1577 5760 1616 5817 Α

1728 5778 1825 5834 vn,
1851 5764 1940 5822 5l.
2015 5767 2036 5802 '
2067 5764 2172 5822 Isa.
2202 5778 2352 5833 xcut,
2410 5761 2498 5819 10.
2575 5763 2768 5835 °_I‘sal.
2802 5776 2890 5833 ον,
2915 5763 3008 5821 52.
3085 5761 3107 5795 "
3145 5759 3285 5818 Gen.

40 5834 202 5886 mu,
243 5825 341 5880 57.
411 5827 434 5859 ⁸
462 5828 814 5894 Gen.tx,25.
