3920 6624
175 452 280 514 ’ῖἹό

1182 449 1553 510 PANOPLIA
1599 448 2055 510 DDGMATlCA.
2085 474 2149 486 -·
2179 449 2323 510 ΤΙΤ.
2372 449 2502 510 Χιῐ.

3330 440 3398 503 ’17
3409 425 3442 500 ἰ’

177 569 451 643 παρουσίᾳ
479 567 574 620 τοῦ
621 566 823 639 Κυρῖου
865 566 1019 636 ἡμῶν
1044 564 1367 635 ἀμέμπτους
1393 564 1490 626 τὰς
1529 561 1752 632 καρδίας

1862 564 1967 628 bis,
1989 562 2226 633 quicum
2257 561 2668 617 ministratur-iis
2690 561 2996 632 spiritibus,
3029 544 3116 630 qui
3148 560 3436 614 mittuntur

175 661 574 732 ὲστηριγμένας
640 661 698 712 ὲν
761 657 1032 729 ἁγιωσύνῃ
1097 656 1204 708 τῶν
1271 657 1328 708 ἐν
1391 653 1754 726 Θεσσαλονίκῃ

177 751 382 806 πιστῶν
425 751 713 823 στηρίξαι;
781 747 1294 820 Ἀποκρινάσθωσαν
1343 749 1476 816 ἡμῖν
1523 748 1569 798 oi
1621 746 1756 816 μετὰ

173 844 281 898 τῶν
330 843 717 915 λειτουργικῶν
759 844 1082 913 πνευμάτων
1142 841 1249 893 τῶν
1295 841 1431 910 πρὸς
1483 839 1757 891 διακονίαν

176 936 658 1006 άποστελλομένων
681 934 741 987 τὸ
768 934 920 1002 ἅγιον
958 933 1180 1004 Πνεῦμα
1203 933 1460 996 τιθέντες.
1498 932 1634 984 Ἀλλ’
1659 932 1758 984 οὐκ

175 1029 380 1098 ἔχουσι.
429 1028 630 1099 Διόπερ
673 1027 1022 1080 ἀκουέτωσαν
1063 1027 1158 1079 καὶ
1206 1026 1397 1097 ἐτέρας
1454 1025 1759 1097 μαρτυρίας

176 1117 473 1188 διαρρήδην
509 1118 602 1169 καὶ
643 1117 813 1186 αὐτῆς
844 1114 1266 1186 κυριολογούσης
1301 1115 1362 1166 τὸ
1401 1114 1644 1184 Πνεῦμα.
1698 1113 1760 1166 '0

177 1208 245 1260 δὲ
275 1210 512 1276 Κύριος,
532 1209 763 1278 φησὶ,τὸ
787 1207 1028 1276 Πνεῦμά
1049 1208 1179 1260 ἐστι
1200 1225 1212 1237 ·
1242 1208 1335 1260 καὶ
1357 1206 1516 1259 πάλιν
1533 1223 1545 1236 ·
1571 1205 1763 1260 Καθά-

178 1317 290 1368 περ
368 1301 487 1354 ἀπὸ
548 1301 765 1369 Κυρίου
817 1301 1179 1369 Πνεὺματος.
1244 1301 1404 1352 Ὥστε
1477 1299 1531 1353 δὲ
1600 1301 1762 1370 μηδε-

183 1392 311 1462 μίαν
475 1393 784 1460 ἀντιλογίας
808 1393 1062 1463 ἀφορμὴν
1085 1391 1424 1453 καταλιπεῖν,
1458 1391 1624 1462 αὐτὴν
1656 1409 1756 1443 πα-

183 1484 494 1554 ραθήσομαι
514 1483 607 1537 τοῦ
646 1484 965 1538 Ἀποστόλου
995 1484 1092 1556 τὴν
1119 1484 1261 1547 λέξιν
1282 1499 1295 1512 °
1328 1485 1489 1552 Ἄχρι
1521 1483 1629 1553 γὰρ
1656 1482 1763 1550 τῆς

180 1574 452 1642 σήμερον
485 1574 550 1628 τὸ
581 1576 724 1629 αὐτὸ
758 1575 1038 1644 κάλυμμα
1069 1574 1165 1628 ἐπὶ
1195 1573 1270 1642 τῇ
1293 1574 1626 1644 ἀναγνώσει
1653 1573 1764 1640 τῆς

180 1663 456 1731 Πιιλαιᾶς
489 1665 786 1733 Διαθήκης
812 1667 979 1736 μένει
1000 1706 1014 1730 ,
1045 1667 1131 1736 μὴ
1172 1667 1762 1734 ἀνακαλυπτόμενον,

179 1758 214 1810 ὅ
243 1777 296 1811 τι
328 1759 399 1810 ἐν
429 1756 659 1825 Χριστῷ
698 1757 1088 1828 καταργεῖται.
1110 1759 1296 1811 ’Ὅταν
1322 1757 1389 1810 δὲ
1430 1756 1764 1825 ἐπιστρέψῃ

176 1847 332 1914 πρὸς
368 1847 607 1914 Κύριον,
658 1846 1032 1914 περιαιρεῖται
1231 1846 1294 1898 τὸ
1335 1847 1636 1917 κάλυμμα.
1698 1849 1758 1899 ’0

1862 654 1929 708 ad
1961 654 2367 715 ministerium,
2419 655 2692 706 collocant
2733 653 2996 723 Spiritum
3043 662 3315 708 sanctum.
3367 654 3436 704 At

1862 761 1970 800 non
2001 746 2198 801 habent
2227 745 2372 815 quod
2412 746 2799 815 respondeant.
2835 744 3180 815 Quapropter
3206 746 3436 799 audiant

1861 850 1915 894 et
1953 840 2096 893 aliud
2124 838 2518 902 testimonium,
2546 839 2830 891 evidenter
2874 837 3138 908 Spiritum
3185 847 3432 893 sanctum

1863 933 2143 1003 appellans
2198 931 2508 984 Dominum.
2565 929 2820 983 Domitius
2855 970 2869 993 ,
2922 931 3137 999 inquit,
3203 929 3436 1000 Spiritus

1863 1033 1938 1077 est
1977 1027 1994 1057 ⁸
2025 1039 2040 1090 ;
2073 1029 2125 1076 et
2167 1037 2387 1076 rursum
2425 1039 2436 1074 :
2476 1020 2751 1091 Tanquam
2789 1037 2819 1072 a
2867 1021 3089 1076 Domino
3127 1021 3328 1091 Spiritu
3366 1024 3386 1052 ²
3420 1061 3432 1073 .

1823 1127 1826 1132 ’
1866 1115 1940 1169 Ne
1969 1130 2099 1170 vero
2129 1116 2236 1168 tilla
2269 1115 2610 1190 relinquatur
2631 1119 2848 1172 occasio
2869 1117 3300 1177 contradicendi,
3323 1117 3436 1184 ipsa

1865 1209 2106 1277 Apostoli
2134 1213 2293 1267 verba
2321 1212 2590 1280 proferam
2623 1211 2676 1264 in
2710 1210 2944 1264 medium
2985 1229 2996 1262 :
3039 1208 3210 1277 Usque
3248 1207 3315 1258 ad
3346 1209 3439 1258 lio-

1865 1306 2105 1358 (licrnum
2138 1305 2272 1358 enim
2308 1304 2444 1356 diem
2475 1303 2611 1356 idem
2646 1302 2876 1356 velamen
2902 1302 2956 1354 in
2981 1300 3199 1352 lectione
3247 1299 3438 1351 Veteris

1869 1396 2188 1449 Testamenti
2218 1406 2422 1460 manet,
2471 1413 2573 1448 non
2607 1395 2921 1456 revelatum,
2963 1393 3100 1463 quod
3146 1394 3196 1444 in
3229 1391 3439 1444 Christo

1867 1488 2171 1558 abrogatur.
2195 1487 2326 1542 Cum
2355 1498 2528 1541 autem
2552 1503 2832 1540 conversus
2851 1486 3009 1554 fuerit
3039 1484 3106 1538 ad
3131 1483 3437 1544 Dominum,

1869 1580 2080 1633 tolletur
2100 1581 2350 1634 velamen.
2380 1579 2635 1632 Dominus
2661 1588 2838 1630 autem
2867 1577 3098 1645 Spiritus
3122 1588 3198 1628 est
3235 1573 3254 1603 ³
3274 1604 3300 1627 -.
3332 1571 3442 1625 Cur

1867 1672 1972 1726 hoc
2002 1672 2166 1726 dicit?
2197 1672 2462 1737 Quoniam
2487 1671 2578 1740 qui
2606 1671 2751 1723 nudo
2783 1669 3081 1722 intellectui
3119 1668 3312 1720 littera:
3344 1681 3438 1719 as-

1869 1755 2029 1822 sidet,
2060 1771 2111 1816 et
2145 1763 2253 1815 illic
2285 1763 2430 1816 circa
2458 1762 2655 1831 legales
2685 1761 3103 1815 observationes
3135 1766 3437 1826 occupatus

1859 1859 1962 1911 est,
2003 1847 2229 1901 Judaica
2272 1849 2468 1902 littera:
2517 1849 2971 1916 interpretatione
2999 1849 3156 1918 quasi
3194 1849 3312 1903 velo
3357 1856 3442 1903 te-

177 1939 397 2006 Κύριος
424 1938 490 1992 τὸ
531 1938 774 2008 Πνεῦμὰ
806 1939 956 1993 ἐστι.
1009 1939 1072 1992 Τί
1117 1939 1275 1992 τοῦτο
1312 1939 1513 2008 λέγων;
1563 1943 1682 1993 Ὅτι
1733 1941 1752 1992 tl

1861 1947 2005 1993 ctum
2042 1939 2201 1994 habet
2228 1955 2324 1993 eor
2355 1958 2367 1992 :
2399 1947 2560 2008 atque
2591 1939 2643 1992 id
2671 1939 2745 1992 illi
2772 1940 2990 2004 accidit,
3016 1956 3082 1995 eo
3103 1941 3247 2010 quod
3280 1942 3440 2011 igno-

177 2031 309 2102 ψιλῇ
342 2033 410 2100 τῇ
443 2029 650 2101 διανοίᾳ
682 2030 775 2083 τοῦ
802 2031 1126 2101 γράμματος
1159 2031 1628 2104 προσκαθήμενος,
1667 2032 1760 2084 καὶ

177 2121 344 2176 αὑτοῦ
377 2138 476 2173 που
502 2123 630 2193 περὶ
655 2120 722 2174 τὰ
750 2122 948 2192 νομικὰ
975 2123 1418 2193 παρατηρήματα
1444 2121 1755 2192 διατρίϐων,

175 2208 287 2265 οἷόν
321 2229 429 2264 τινι
461 2212 920 2283 παραπετάσματι
951 2215 1015 2283 τῇ
1066 2213 1328 2282 Ἰουδαϊκῇ
1371 2210 1465 2264 τοῦ
1495 2213 1759 2284 γράμμα-

173 2317 264 2364 τος
299 2301 493 2371 ἐκδοχῇ
529 2301 626 2372 τὴν
670 2303 896 2372 καρδίαν
931 2302 1121 2356 ἑαυτοῦ
1157 2304 1630 2371 συγκεκάλυπταν
1665 2305 1758 2355 καὶ

174 2392 334 2445 τοῦτο
365 2395 564 2464 πάσχει
599 2395 749 2465 παρὰ
781 2394 842 2447 τὸ
879 2396 1111 2463 ἀγνοεῖν,
1150 2395 1233 2447 ὅτι
1268 2395 1300 2464 ἡ
1336 2394 1619 2466 σωματικὴ
1661 2395 1755 2446 τοῦ

174 2485 339 2555 νόμου
371 2486 601 2556 τήρησις
626 2489 682 2538 ἐν
711 2489 775 2556 τῇ
810 2486 1071 2557 ἐπιδημία
1237 2484 1327 2538 τοῦ
1362 2486 1599 2558 Χριστοῦ
1627 2504 1756 2539 κατ-

172 2579 444 2644 αργεῖται,
477 2575 584 2629 τῶν
624 2575 810 2631 τύπων
843 2577 1024 2629 λοιπὸν
1061 2575 1508 2648 μεταληφθέντων
1539 2579 1616 2639 είς
1659 2576 1756 2647 τὴν

169 2664 457 2734 ἀλήθειαν.
501 2665 756 2736 Ἀργοῦσι
788 2666 895 2738 γὰρ
932 2666 1113 2736 λύχνοι
1141 2668 1206 2737 τῇ
1241 2666 1334 2719 τοῦ
1371 2665 1521 2736 ἡλίου
1554 2683 1758 2737 παρου-

172 2756 267 2826 σίᾳ
287 2773 300 2785 ν
338 2757 430 2808 καὶ
464 2757 713 2827 σχολάζει
740 2760 768 2811 ὁ
800 2759 980 2829 νόμος,
1013 2757 1107 2810 κοιλ⁴
1138 2761 1462 2828 προφητεῖαι

169 2849 582 2917 τασιγάζονται,
613 2851 714 2920 τῆς
743 2850 1000 2921 ἀληθείας
1034 2850 1424 2922 ἁναφανείσης.
1478 2851 1536 2903 Ὀ
1573 2851 1754 2920 μέντοι

168 2943 424 3013 δυνηθεὶς
452 2945 543 2998 ἐπὶ
570 2945 630 2997 τὸ
657 2943 820 3014 βάθος
849 2943 1108 3013 διακύψαι
1133 2943 1234 3014 τῆς
1263 2943 1490 3014 νομικῆς
1525 2943 1751 3007 ἐννοίας,

171 3035 270 3086 καὶ
315 3034 414 3104 τὴν
443 3036 507 3088 ὲκ
535 3035 628 3088 τοῦ
667 3037 994 3106 γράμματος
1035 3035 1324 3103 ἀσάφειαν,
1366 3029 1477 3087 οἷόν
1506 3051 1558 3086 τι
1589 3050 1756 3086 κατα-

168 3125 450 3194 πέτασμα,
501 3127 756 3196 διασχὼν,
804 3127 934 3180 εἴσω
971 3128 1224 3196 γενέσθαι
1256 3128 1366 3181 τῶν
1402 3130 1750 3198 ἀπορρήτων,

1655 2775 1754 2809 κα-

167 3207 326 3278 abeo;
358 3217 668 3289 ἐμιμήσατο
699 3220 791 3272 τὸν
829 3221 1072 3291 Μωῦσῆν
1116 3221 1174 3273 ὲν
1205 3220 1284 3290 τῷ
1305 3219 1646 3289 διαλέγεσθαι
1671 3219 1750 3290 τῷ
1779 3273 1816 3291 η

167 3304 291 3374 Θεῷ
325 3308 714 3377 ιπεριαιροῦντα
757 3309 819 3362 τὺ
850 3308 1132 3380 κάλυμμα,
1161 3309 1503 3382 ἐπιστρέφων
1527 3311 1621 3364 καὶ
1645 3310 1747 3361 αὺ-

166 3396 260 3460 τὺς
292 3397 403 3450 ἀπὸ
435 3397 526 3450 τοῦ
556 3400 881 3472 γράμματος
915 3401 1051 3472 πρὸς
1077 3401 1138 3454 τὸ
1314 3401 1551 3471 πνεῦμα.
1585 3403 1746 3454 Ὥστε

165 3488 454 3556 ἀναλογεῖν
483 3490 561 3560 τῷ
596 3492 692 3561 μὲν
735 3494 827 3546 ἐπὶ
861 3492 952 3546 τοῦ
999 3491 1290 3564 προσώπου
1334 3493 1605 3558 Μωῦσέως
1645 3513 1743 3548 κα·

168 3577 416 3648 λύμματι
471 3584 568 3652 τὴν
619 3582 726 3636 τῶν
777 3585 1018 3655 νομικῶν
1063 3584 1406 3655 διδαγμάτων
1449 3587 1744 3654 ἀσάφειαν,

163 3672 233 3739 τῇ
261 3669 319 3722 δὲ
361 3673 659 3745 ἐπιστροφῇ
713 3677 779 3746 τῇ
809 3676 945 3747 πρὸς
977 3676 1068 3729 τὸν
1100 3677 1306 3747 Κύριον
1349 3678 1448 3748 τὴν
1502 3696 1747 3750 πνεῦμα-

164 3759 328 3830 τικὴν
374 3761 626 3833 θεωρίαν.
671 3764 728 3817 '0
772 3760 864 3818 οῦν
896 3767 954 3819 ἐν
991 3768 1056 3837 τῇ
1103 3765 1404 3833 ἀναγνώσει
1441 3766 1536 3819 τοῦ
1580 3767 1744 3838 νόμου

165 3849 436 3920 περιελὼν
466 3852 528 3905 τὸ
555 3854 786 3924 γράμμα
817 3855 1135 3926 ἐπιστρέφει
1163 3856 1300 3926 πρὸς
1331 3855 1420 3908 τὸν
1450 3854 1654 3926 Κύριον
1683 3858 1746 3927 (ὁ

165 3937 462 4012 δὲ’Κύριος
488 3943 582 3996 νῦν
613 3945 673 3997 τὸ
703 3945 926 4017 Πνεῦμα
953 3947 1234 4017 λέγεται),
1267 3946 1359 3998 καὶ
1389 3947 1574 4016 ὅμοιος
1601 3948 1748 4016 γίνε-

164 4044 257 4081 ται
296 4032 522 4087 Μωῦσεῖ
569 4035 633 4088 ὲκ
673 4035 774 4105 τῆς
808 4037 1131 4104 ἐπιφανείας
1161 4035 1256 4089 τοῦ
1288 4037 1423 4090 Θεοῦ
1462 4039 1522 4090 τὸ
1578 4039 1745 4110 πρόσ-

164 4135 315 4172 ωπον
349 4122 731 4196 δεδοξασμένον
770 4126 966 4196 ἔχοντι.
1008 4127 1095 4190 Ὠς
1128 4127 1237 4196 γὰρ
1265 4129 1332 4180 τὰ
1356 4129 1467 4189 τοῖς
1490 4127 1745 4198 ἀνθηροῖς

164 4216 422 4287 χρώμασι
470 4217 850 4287 παρακείμενα
891 4218 957 4271 ὲκ
997 4218 1096 4288 τῆς
1133 4218 1535 4289 περιρῤεούσης
1569 4219 1744 4289 αὐγῆς

165 4306 263 4358 καὶ
319 4305 456 4358 αὐτὰ
507 4306 952 4378 καταχρώννυται
1013 4319 1029 4337 ⁸
1197 4306 1368 4370 οὕτως
1420 4309 1449 4360 ὁ
1498 4309 1745 4379 ἐναργῶς

165 4397 482 4460 ὲνατενίσας
510 4397 586 4468 τῷ
615 4387 890 4468 Πνεύματι
920 4400 983 4452 ὲκ
1017 4399 1114 4469 τῆς
1145 4397 1354 4452 ἐκείνου
1388 4397 1544 4468 δόξης
1583 4417 1745 4469 μετα-

170 4485 473 4556 μορφοῦται
503 4504 620 4550 πως
661 4487 796 4558 πρὸς
825 4487 886 4540 τὸ
925 4487 1218 4558 φανότερον
1239 4525 1253 4550 ,
1281 4480 1392 4538 οἷον
1435 4503 1540 4539 τινι
1583 4487 1741 4556 φωτὶ,

1861 2038 1945 2083 ret
1991 2032 2329 2100 corporalem
2397 2031 2532 2100 legis
2585 2029 3024 2085 observationem
3080 2033 3135 2084 in
3199 2033 3436 2086 adventu

1858 2121 2060 2175 Christi
2078 2122 2334 2174 abolitam
2357 2137 2500 2183 esse,
2519 2121 2629 2190 jam
2655 2119 2843 2188 figuris
2865 2121 2930 2173 all
2951 2122 3232 2176 veritatem
3257 2132 3440 2178 trans-

1862 2208 2004 2263 latis.
2053 2208 2194 2262 Sunt
2254 2211 2398 2264 cnim
2441 2224 2861 2280 supervacanea
2895 2211 3130 2264 lucernae
3167 2213 3298 2266 solis
3343 2215 3439 2264 atl-

1861 2311 2018 2353 vcntu
2049 2318 2062 2367 ;
2100 2310 2153 2354 et
2183 2310 2364 2356 cessat
2397 2303 2503 2365 lex,
2536 2310 2591 2356 et
2614 2303 2914 2372 preplictia:
2945 2303 3108 2357 silent
3136 2344 3149 2366 ,
3183 2305 3347 2358 simul
3383 2313 3439 2359 ut
3506 2306 3512 2312 ”

1859 2392 2038 2444 illuxit
2070 2393 2293 2447 veritas.
2329 2393 2395 2446 At
2429 2394 2523 2463 qui
2558 2394 2734 2462 potuit
2764 2394 2828 2448 ad
2861 2394 3129 2462 profunda
3292 2397 3439 2465 ιιεςιις-

1857 2481 1924 2536 lis
1951 2498 2146 2538 sensus
2173 2495 2490 2554 penetrare,
2520 2501 2583 2540 ac
2615 2487 2866 2540 discussa
2910 2488 3046 2556 legis
3077 2486 3436 2553 obscuritate,

1858 2587 1955 2627 ceu
1987 2574 2318 2640 velamento,
2355 2577 2584 2631 introire
2616 2579 2683 2631 ad
2714 2593 2936 2644 arcana,
2969 2579 3054 2632 hic
3089 2582 3280 2634 Mosen
3315 2581 3430 2634 imi-

1858 2672 2005 2720 tatus
2027 2673 2130 2730 est,
2163 2667 2432 2734 velamen,
2464 2669 2591 2722 dum
2627 2671 2868 2740 loquitur
2903 2686 3027 2724 cum
3072 2671 3199 2737 Deo,
3241 2673 3438 2728 tollen-

1859 2764 1964 2808 tem
2013 2767 2071 2822 t;
2109 2756 2226 2826 ipse
2256 2773 2314 2811 se
2345 2759 2508 2812 etiam
2537 2770 2864 2814 convertens
2899 2776 2926 2814 a
2959 2761 3139 2815 littera
3168 2763 3234 2816 ad
3276 2765 3437 2832 spiri-

1858 2855 1993 2902 tum.
2028 2847 2211 2914 Quare
2239 2850 2493 2904 velamini
2523 2852 2666 2918 quod
2705 2852 3020 2920 impositum
3053 2862 3136 2906 est
3158 2870 3321 2924 super
3354 2854 3436 2908 fa-

1856 2939 1996 2992 ciem
2032 2939 2188 3004 Mosi,
2226 2939 2518 3010 respondet
2554 2934 2806 3012 legalium
2838 2943 3294 3000 documentorum
3333 2947 3434 3002 ob-

1856 3032 2093 3086 scuritas
2127 3049 2141 3098 ;
2174 3033 2518 3087 conversioni
2551 3032 2730 3087 autem
2762 3034 2828 3087 ad
2879 3033 3171 3090 Dominum
3207 3053 3436 3108 respon-

1856 3121 1946 3175 det
1993 3123 2298 3192 spiritualis
2347 3124 2726 3193 intelligentia.
2777 3122 2918 3196 Ergo
2959 3127 3050 3197 qui
3099 3130 3151 3181 in
3201 3128 3436 3185 lectione

1852 3212 1985 3282 legis
2029 3213 2208 3266 aufert
2248 3202 2519 3279 litteram,
2564 3216 2832 3269 convertit
2870 3231 2990 3272 sese
3033 3216 3099 3270 ad
3146 3216 3434 3272 Dominum

1853 3305 2143 3373 (Dominus
2173 3313 2357 3360 autem
2388 3321 2536 3360 nunc
2576 3305 2814 3376 Spiritus
2843 3308 3099 3377 dicitur),
3132 3325 3198 3364 ac
3240 3311 3436 3367 similis

1850 3394 2096 3448 redditur
2124 3395 2280 3460 Mosi,
2320 3412 2383 3452 ex
2411 3399 2756 3466 apparitione
2787 3397 2877 3452 Dei
2916 3398 3109 3453 faciem
3155 3400 3433 3470 glorifica-

1851 3493 1959 3537 tam
1984 3485 2225 3540 babenti.
2266 3485 2421 3541 Sicut
2457 3489 2602 3543 enim
2635 3505 2755 3559 quae
2777 3489 2933 3558 juxta
2961 3489 3185 3546 ﬂoridos
3213 3493 3432 3547 colores

1849 3575 2025 3642 posita
2057 3584 2204 3640 sunt,
2236 3592 2266 3632 e
2297 3579 2588 3646 splendore
2625 3586 2985 3647 promanante
3013 3581 3334 3633 colorantur
3365 3589 3420 3634 et

1847 3667 1965 3734 ipsa
1995 3685 2007 3719 ε
2035 3667 2114 3720 sic
2153 3667 2246 3737 qui
2274 3668 2558 3724 evidenter
2580 3669 2808 3724 intendit
2841 3672 3031 3726 oculos
3056 3672 3110 3724 in
3137 3670 3422 3740 Spiritum,

1846 3773 1910 3810 ex
1945 3758 2092 3812 illius
2118 3759 2292 3829 gloria
2327 3761 2731 3829 quodammodo
2777 3763 3208 3818 transformatur
3243 3773 3302 3817 ut
3343 3766 3434 3819 lia:

1847 3848 2138 3914 itlustrior,
2170 3850 2297 3904 dum
2332 3852 2565 3907 veritate
2595 3868 2623 3905 a
2655 3852 2860 3922 Spiritu
2903 3862 3291 3922 promanante,
3329 3870 3432 3909 ceu

1847 3939 1969 3996 luce
1999 3941 2265 4010 quadam,
2303 3945 2468 4000 corde
2508 3944 2867 3998 illuminatur.
2898 3943 2962 3999 Et
2987 3946 3090 4000 hoc
3119 3953 3205 4003 est
3251 3954 3434 4002 trans-

1847 4029 2071 4086 formari
2130 4047 2159 4086 a
2227 4033 2400 4104 gloria
2453 4034 2694 4106 Spiritus
2739 4036 2805 4090 ad
2854 4039 3129 4106 propriam
3176 4039 3430 4110 gloriam,

1847 4123 1989 4178 liaud
2023 4141 2204 4194 parce,
2242 4143 2419 4197 neque
2445 4129 2704 4196 tenuiter,
2733 4128 2827 4182 sed
2862 4129 2916 4182 in
2952 4138 3162 4185 tantum
3185 4170 3199 4195 ,
3243 4145 3392 4202 quan

1847 4221 1960 4267 tum
1994 4231 2093 4285 par
2125 4225 2210 4273 est
2242 4218 2506 4274 illustrari
2542 4234 2665 4273 eum
2699 4220 2791 4289 qui
2841 4235 2870 4274 a
2921 4219 3124 4292 Spiritu
3157 4222 3434 4276 illumina-

1845 4312 1952 4358 tnr.
1985 4305 2102 4360 Non
2135 4307 2361 4373 vereris,
2395 4323 2428 4363 ο
2471 4309 2652 4371 homo,
2683 4309 3003 4379 Apostolum
3033 4311 3302 4367 dicentem
3361 4317 3382 4348 ⁸
3412 4329 3429 4366 :

1849 4395 2118 4464 Templum
2147 4398 2245 4452 Dei
2272 4401 2420 4464 estis,
2445 4410 2493 4454 et
2517 4399 2751 4469 Spiritus
2780 4402 2873 4456 Dei
2892 4402 3096 4456 habitat
3119 4405 3174 4456 in
3195 4405 3336 4458 vobis
3372 4404 3435 4457 '?

1845 4485 1984 4540 Num
2015 4490 2280 4557 potuisset
2315 4506 2552 4559 unquam
2587 4494 2784 4546 servile
2814 4492 3153 4547 domicilium
3188 4495 3428 4564 appella-

167 4579 233 4648 τῇ
265 4579 332 4629 ὲκ
359 4577 452 4630 τοῦ
481 4578 796 4648 Πνεύματο;
830 4577 1053 4648 ἀληθείᾳ
1077 4577 1174 4648 τὴν
1207 4576 1432 4649 καρδίαν
1465 4577 1746 4647 καταλαμ-

1859 4577 1998 4632 tione
2033 4580 2217 4649 templi
2261 4580 2570 4634 honorare?
2601 4580 2744 4647 Quid
2783 4583 2877 4651 qui
2915 4583 3251 4652 Scripturam
3287 4584 3428 4636 divi-

166 4668 423 4739 ⁸ιιιίίμενος.
455 4669 568 4722 Καὶ
598 4669 754 4722 τοῦτό
785 4671 901 4721 ἐστι
937 4669 1016 4732 τὸ,
1051 4667 1490 4739 μεταμορφοῦται
1516 4668 1622 4721 ἀπὸ
1649 4670 1746 4740 τῆς

1859 4671 1996 4724 nitus
2029 4671 2346 4740 inspiratam
2373 4673 2636 4743 appellat,
2683 4687 2747 4728 eo
2779 4673 2922 4743 quod
2958 4674 3138 4727 alllatu
3187 4672 3429 4743 Spiritus

167 4759 324 4830 δόξης
358 4761 452 4814 τοῦ
493 4761 806 4831 Πνεύματος
837 4763 916 4826 εἰς
951 4761 1050 4831 τὴν
1079 4761 1285 4814 οἰκείαν
1327 4761 1482 4827 δόξαν
1506 4802 1519 4827 ,
1553 4761 1614 4814 οὐ
1656 4780 1747 4831 μι-

1859 4763 2053 4832 scripta
2099 4765 2203 4829 sit,
2249 4779 2378 4817 num
2424 4765 2934 4818 contumeliosiset
2983 4761 3246 4833 Spiritqu
3293 4771 3432 4818 atte-

169 4853 462 4922 κρολόγως,
495 4853 614 4906 οὐδὲ
645 4853 920 4924 ἀμυδρῶςο
955 4853 1067 4906 ἀλλ’
1089 4853 1179 4904 ἐπὶ
1208 4852 1479 4914 τοσοῦτον,
1512 4853 1594 4920 ἐφ’
1623 4853 1745 4906 ὅσον

1859 4856 2148 4910 ouantibus
2172 4856 2355 4910 verbis
2379 4855 2588 4908 utitur?

169 4950 316 5002 ἐστὶν
347 4949 494 5012 είκδς
533 4949 754 5003 τογ’ὰπδ
814 4949 906 5002 τοῦ
967 4947 1284 5016 Πνεύματος
1314 4945 1698 5016 φωτιζόμενον.
1737 4949 1808 5002 Οὐ
1848 4949 2066 5021 δυσωπῇ
2091 4991 2104 5014 ,
2161 4950 2448 5022 ἄνθρωπε,
2502 4951 2592 5002 τὸν
2657 4949 2978 5002 Ἀπόστολον
3037 4948 3297 5013 λέγοντα,
3345 4949 3431 5002 ὅτι

171 5047 329 5110 Ναὸς
368 5044 516 5098 Θεοῦ
545 5045 704 5108 ἐστε,
737 5044 833 5097 καὶ
873 5044 937 5096 τὸ
976 5043 1213 5112 Πνεῦμα
1251 5042 1354 5095 τοῦ
1401 5040 1549 5093 Θεοῦ
1597 5042 1749 5096 οἰκεῖ
1779 5043 1846 5095 ἐν
1873 5044 2037 5113 (mir;
2071 5041 2218 5116 Ἀρα
2248 5045 2308 5097 τι
2333 5045 2574 5097 δουλικὸν
2616 5045 2927 5115 οἰκητήριον
2986 5043 3303 5108 κατεδέξατο
3363 5043 3428 5102 ἄν

171 5155 298 5194 ποτε
365 5141 432 5208 τῇ
474 5135 566 5189 τοῦ
598 5135 726 5189 ναοῦ
767 5135 1105 5206 προσηγορία.
1149 5134 1404 5204 τιμῆσαις
1440 5133 1504 5184 Τί
1540 5134 1596 5186 δὲ
1629 5136 1656 5186 ὁ
1699 5133 2051 5188 θεόπνευστον
2110 5136 2209 5205 τὴν
2248 5137 2467 5207 Γραφήν
2513 5134 2812 5204 ὀνομάζων,
2861 5135 2947 5188 διὰ
3010 5135 3107 5204 τῆς
3142 5134 3429 5196 ἐπιπνοίας

170 5232 260 5286 τοῦ
308 5233 464 5301 ἁγίου
513 5228 827 5298 Πνεύματος
887 5228 1312 5297 συγγραφεῖσαν,
1346 5226 1420 5296 μὴ
1453 5227 1565 5288 τοῖς
1620 5225 1714 5277 τοῦ
1745 5226 2162 5296 καθυὸρίζον.ος
2210 5229 2302 5280 καὶ
2352 5227 2883 5296 κατασμικρύνοντος
2912 5227 3042 5280 αὐτὸ
3076 5227 3426 5297 προσρήμασι

173 5327 442 5396 κέχρηται
472 5339 486 5388 ;

175 5419 285 5472 Τοῦ
320 5420 511 5473 αὑτοῦ
543 5419 847 5483 σύστασις
877 5418 1031 5473 κατὰ
1067 5418 1183 5485 τὴν
1216 5419 1408 5488 φύσιν
1430 5419 1746 5486 κοινωνίας

239 5487 347 5541 τοῦ
382 5491 752 5557 Πνεύματος,
783 5488 852 5540 ἐκ
876 5486 1229 5556 τοῦιόμοίωςῖ
1254 5486 1409 5543 εἷνιιι
1439 5491 1619 5557 Πατρὶ
1641 5493 1738 5545 καὶ

245 5557 357 5624 Υἱῷ
374 5560 523 5627 πρὸς
549 5559 798 5625 θεωρίαν
835 5558 1225 5627 δυσέφικτον.
1265 5561 1484 5628 {feed}.
1520 5559 1633 5623 φιβ’.

248 5649 322 5701 Ub
389 5650 548 5720 μόνον
605 5649 658 5703 δὲ
717 5649 775 5716 ἐξ
837 5644 914 5704 ὧν
968 5651 1066 5714 τὰς
1125 5651 1296 5726 αὑτᾴς
1367 5651 1740 5721 προσηγορίας

1858 5418 2113 5489 Ejusdem
2148 5419 2484 5487 conﬁrmatio
2507 5423 2772 5476 naturalis
2826 5423 3208 5475 communionis
3243 5423 3425 5488 Spiri-

1925 5502 2102 5553 tus,eo
2130 5493 2266 5558 quod
2295 5507 2440 5560 neque
2473 5505 2532 5544 ac
2564 5491 2722 5546 Pater
2745 5501 2791 5546 et
2831 5492 3002 5546 Filius
3032 5496 3426 5562 mcomprelteno

1925 5563 2093 5616 sibilis
2122 5572 2217 5615 est.
2252 5562 2423 5631 Caput
2451 5563 2542 5616 '22.

1936 5653 2052 5706 Non
2107 5656 2282 5707 solum
2333 5666 2512 5708 autem
2572 5670 2634 5708 ex
2692 5655 2792 5709 hoc
2843 5656 2988 5724 quod
3053 5657 3275 5711 easdem
3329 5660 3428 5712 ba-

239 5812 322 5868 ‘ll
353 5814 479 5870 Cor.
515 5832 593 5883 ιιι,
623 5817 706 5874 l7.
785 5819 806 5850 ¹
839 5817 967 5874 ibid.
995 5817 1081 5875 18.
1163 5820 1181 5852 ³
1214 5821 1342 5878 ibid.
1380 5823 1464 5890 Η,
1495 5824 1582 5893 l6,
1622 5824 1703 5888 l7.

1859 5827 1988 5884 .xod.
2021 5829 2324 5894 xxx1v,5.i.
2405 5829 2423 5863 ⁸
2452 5827 2616 5884 ICor.
2641 5845 2722 5899 ιιι,
2752 5831 2832 5884 t6.
2892 5831 2928 5870 σε
2961 5831 3001 5886 ll
3045 5831 3175 5889 Tim.
3218 5852 3298 5902 ιιι,
3347 5837 3430 5894 l6.
