3920 6602
499 410 610 474 775
1744 403 2122 468 FUTHYMll
2167 400 2534 466 ZlGABENI
3646 398 3732 460 776

502 529 594 582 bet
641 523 1137 594 appellationes,et
1168 521 1220 577 in
1266 519 1685 590 operationibus
1716 535 1946 578 consors
1994 537 2050 577 es

2183 518 2320 590 ἔχει,
2366 518 2460 572 καὶ
2489 515 2748 573 κοινωνόν
2807 515 2928 570 ἐστι
2957 514 3066 568 τῶν
3099 513 3403 585 ἐνεργειῶν
3464 513 3624 584 Πατρὶ
3658 521 3731 572 καὶ

499 621 643 676 Patri
675 628 730 674 et
772 616 929 683 Filio,
952 616 1152 672 dilucet
1189 624 1399 670 natura:
1420 616 1567 671 illius
1598 617 1956 683 excellentia;
1992 632 2047 671 ve

2191 612 2327 682 Υίῷ,
2365 613 2426 667 τὸ
2488 611 2759 682 ὑπερέχον
2819 607 2986 664 αὐτοῦ
3051 610 3148 676 τῆς
3192 606 3418 678 φύσεως
3465 609 3732 678 γνώριμον,

507 729 624 766 l'iltll
671 712 833 766 etiam
861 725 925 764 ex
970 725 1036 764 eo
1076 709 1218 776 quod
1261 709 1466 778 pariter
1501 709 2055 779 incotnprebensibili

2186 705 2449 762 ἀλλὰκαὶ
2483 705 2543 769 ἐξ
2577 697 2652 759 ὢν
2708 702 2914 774 ὁμοίως
2977 701 3100 755 ἐστὶ
3154 703 3297 771 πρὸς
3357 700 3586 770 θεωρίαν
3634 722 3733 756 utn-

503 815 586 858 ρει
641 803 941 857 intellectu.
984 800 1117 868 Qua:
1141 802 1285 856 enim
1316 800 1382 854 de
1420 800 1581 856 Patre
1612 801 1872 870 loquitur,
1931 815 2051 866 quot

2189 798 2432 868 έφικτον.
2473 799 2538 850 ’Λ
2564 799 2670 868 γὰρ
2689 795 2923 868 περὶτοῦ
2957 793 3167 864 Πατρός
3185 810 3381 863 φησιν,
3411 792 3483 851 ὡς
3514 792 3737 847 ἐπέκεινα

500 898 571 951 sit
600 912 762 964 supra
797 895 1186 963 cogitationem
1211 894 1534 956 humanam,
1558 909 1791 962 quaeque
1812 893 1877 948 de
1913 889 2048 947 Filio

2187 891 2340 953 δντος
2367 889 2720 958 ἀνθρωπίνης
2779 887 3013 952 ἐννοίας,
3077 890 3170 941 καὶ
3227 887 3266 941 ἃ
3301 885 3434 953 περὶ
3487 902 3575 937 τον
3610 885 3735 952 Υίοέ,

499 990 687 1043 eadem
726 988 990 1043 Dominus
1013 1000 1066 1043 et
1133 988 1198 1042 tle
1224 987 1430 1057 Spiritu
1476 998 1668 1042 sancto
1701 987 1872 1044 dicit:
1915 986 2047 1040 l’ate

2189 985 2361 1040 ταῦτα
2391 986 2419 1037 ὀ
2451 981 2658 1054 Κύριος
2684 983 2777 1035 καί⁹
2800 982 2927 1052 περὶ
2952 980 3045 1036 τοῦ
3071 980 3228 1047 ἁγίου
3253 978 3400 1032 Πνεύ
3410 994 3574 1046 ματος
3598 977 3737 1046 λέγει·

495 1080 658 1150 jusle,
686 1091 733 1133 et
757 1081 982 1134 mumlus
1013 1090 1061 1132 le
1091 1097 1190 1134 non
1222 1083 1460 1150 cognovit
1488 1085 1500 1110 ‘
1532 1099 1552 1148 ,'
1610 1081 1874 1134 mundum
1894 1080 2043 1148 appel

2192 1079 2381 1148 Πάτερ
2414 1078 2631 1148 δίκαιε,
2668 1077 2766 1132 καί
2803 1079 2837 1132 ὀ
2890 1079 3121 1146 κόσμος·
3173 1092 3251 1130 σε
3304 1076 3420 1129 οὐκ
3460 1075 3619 1140 ἔγνω·
3670 1073 3740 1126 τὴν

501 1173 618 1228 lans
653 1174 740 1226 hic
780 1189 887 1226 non
927 1173 1144 1242 globum
1179 1189 1208 1227 e
1251 1175 1393 1227 cmlo
1435 1179 1490 1227 et
1528 1182 1672 1226 terra
1715 1178 2049 1225 constantem

2188 1167 2390 1238 κόσμον
2423 1166 2594 1234 λέγων
2773 1163 2867 1218 νῦν
2909 1166 3029 1234 οὐχ).
3060 1164 3120 1218 τὸ
3158 1162 3217 1231 ἐξ
3261 1161 3496 1234 ούρανοῦ
3537 1166 3622 1216 καὶ
3656 1164 3736 1231 γῆς

501 1263 596 1318 sed
629 1263 890 1318 caducam
942 1265 1082 1318 hanc
1114 1266 1528 1334 innumerisque
1558 1264 1954 1318 mutationibus
1985 1261 2049 1315 ob

2189 1257 2466 1328 σύστημα,
2510 1254 2648 1309 ἀλλὰ
2691 1253 2790 1326 τὴν
2839 1254 3104 1326 ἐπίκηρον
3151 1253 3364 1324 ταύτην
3417 1253 3508 1306 καὶ
3551 1253 3737 1322 μυρίαις

501 1354 722 1408 noxiam
749 1353 936 1406 vitam.
971 1353 1048 1407 Ac
1083 1353 1150 1408 de
1185 1356 1367 1424 seipso
1399 1355 1649 1424 loquens,
1691 1353 1876 1407 Adhuc
1907 1352 2049 1407 modi

2189 1349 2513 1420 μεταϐολαῖς
2573 1346 2943 1418 ὑποκειμένην
3000 1344 3166 1416 ζωήν.
3223 1347 3342 1398 Καὶ
3399 1345 3524 1415 περὶ
3578 1345 3736 1398 ἑαυτοῦ

500 1463 641 1512 cum,
681 1449 878 1517 inquit,
899 1459 947 1502 et
976 1448 1201 1503 mundus
1233 1466 1309 1503 me
1331 1450 1440 1516 iam
1475 1467 1575 1504 non
1607 1449 1762 1517 videt,
1789 1467 1874 1504 vos
1907 1459 2048 1503 aute:

2191 1440 2582 1512 διαλεγόμενος.
2621 1441 2751 1494 Ἔτι
2774 1436 2991 1509 μικρὸν
3009 1477 3025 1502 ,
3059 1435 3214 1508 φησὶ,
3246 1436 3349 1490 καὶ
3399 1439 3431 1490 ὁ
3458 1436 3664 1504 κόσμος
3679 1453 3739 1505 με

500 1539 686 1592 ridetis
712 1556 790 1592 me
830 1540 868 1593 ³.
893 1537 1106 1593 Rursus
1130 1540 1216 1594 hic
1237 1557 1331 1595 eos
1353 1542 1444 1611 qui
1473 1542 1740 1596 materiali
1764 1543 2048 1613 carnaliqu

2184 1530 2382 1585 οὐκέτι
2407 1529 2612 1600 θεωρεῖ
2640 1565 2658 1594 ,
2791 1527 2958 1597 ὑμεῖς
2985 1527 3052 1581 δὲ
3079 1525 3355 1596 θεωρεῖτέ
3370 1544 3468 1596 με.
3503 1526 3652 1581 Πάλιν
3674 1528 3729 1579 ἐν-

499 1633 608 1684 rita
638 1631 878 1686 devincti
911 1639 1061 1695 sunt,
1089 1639 1141 1685 et
1176 1633 1354 1688 oculis
1387 1641 1600 1686 tantum
1637 1633 1954 1703 expendunt
1994 1649 2047 1688 ve

2190 1622 2360 1677 ταῦθα
2396 1622 2520 1685 τοὺς
2569 1623 2636 1692 τῇ
2685 1620 2842 1692 ὑλικῇ
2897 1620 2990 1673 καὶ
3039 1621 3282 1691 σαρκικῇ
3324 1617 3738 1690 προσδεδεμένους

500 1724 744 1786 ritatem,
771 1723 1033 1777 mundum
1053 1724 1356 1792 appellans,
1381 1725 1473 1794 qui
1508 1739 1613 1778 non
1642 1725 1876 1794 amplius
1906 1725 2048 1779 oculi

2186 1713 2319 1786 ζωῇ,
2355 1715 2448 1769 καὶ
2488 1714 2670 1784 μόνοις
2696 1712 2995 1783 ὀφθαλμοῖς
3022 1711 3118 1783 τὴν
3147 1710 3413 1782 ἀλήθειαν
3454 1710 3734 1781 ἐπιτρέπονο

501 1812 686 1867 cordis
718 1813 888 1867 visuri
915 1822 1073 1868 erant
1101 1813 1390 1867 Dominum
1419 1821 1697 1880 nostrum,
1730 1830 1795 1870 eo
1819 1815 1964 1886 quod
1993 1832 2049 1870 rc

2188 1823 2308 1869 τας,
2336 1805 2538 1875 κόσμον
2555 1803 2996 1876 προσαγορεύων,
3020 1804 3068 1856 οἳ
3093 1805 3159 1876 τῇ
3181 1802 3419 1875 ἀπιστίᾳ
3432 1803 3527 1873 τῆς
3544 1803 3736 1857 ἀναστά-

499 1907 894 1960 snrrectionem
954 1922 1065 1960 non
1122 1907 1432 1962 crederent.
1491 1906 1614 1963 llaec
1658 1917 1840 1963 autem
1890 1909 2047 1964 cadet

2185 1915 2324 1962 σεως
2357 1897 2541 1951 οὐκέτι
2572 1896 2798 1968 ἔμελλον
2825 1899 2934 1962 τοῖς
2965 1895 3264 1968 ὀφθαλμοῖς
3288 1895 3402 1967 τῆς
3431 1895 3641 1967 καρδίας
3664 1895 3733 1949 τὸν

497 1996 637 2051 dixit
664 2006 717 2051 et
742 1998 808 2052 de
833 1996 1039 2067 Spiritu
1070 2017 1085 2052 :
1114 1997 1395 2068 Spiritum,
1422 2001 1621 2070 inquit,
1647 2001 1906 2068 ueritatis,
1933 2017 2045 2069 quer

2185 1989 2389 2060 Κύριον
2442 1987 2598 2060 ἡμῶν
2648 1988 2893 2058 ὄψεσθαι.
2945 1989 3025 2042 Τὰ
3071 1988 3128 2042 δὲ
3163 1988 3311 2043 αὐτὰ
3359 1988 3456 2042 καὶ
3501 1988 3618 2059 περὶ
3659 1987 3733 2041 τοῦ

499 2088 724 2142 mundus
757 2106 859 2142 non
886 2099 1055 2158 potest
1083 2092 1339 2160 accipere,
1375 2091 1514 2160 quod
1683 2107 1787 2144 non
1826 2091 1997 2145 videat
2023 2091 2042 2144 ἱ

2184 2082 2501 2152 Πνεύματος
2531 2077 2652 2134 εἷπε
2674 2097 2686 2109 ·
2721 2080 2798 2135 Τὸ
2838 2077 3104 2150 Πνεῦμα,
3135 2081 3296 2153 φησὶ,
3326 2079 3440 2148 τῆς
3466 2079 3730 2146 ἀληθείας,

497 2179 632 2244 lum,
664 2196 825 2250 usque
849 2191 1129 2248 cognoscat
1159 2197 1276 2235 eum
1301 2197 1318 2235 :
1351 2198 1437 2235 vos
1467 2192 1639 2235 autem
1671 2181 1986 2250 cognoscitis
2011 2181 2045 2235 il

2183 2172 2215 2227 ὃ
2237 2176 2271 2227 ό
2292 2174 2517 2242 κόσμος
2539 2174 2610 2227 οὐ
2637 2171 2887 2227 δύναται
2911 2174 3142 2237 λαϐεῖν,
3165 2173 3256 2228 ὅτι
3283 2177 3360 2229 οὐ
3383 2172 3581 2241 θεωρεῖ
3598 2173 3731 2238 αὐτὸ,

498 2269 630 2332 lum,
661 2270 802 2337 quod
821 2269 961 2338 apud
991 2287 1078 2324 vos
1102 2284 1276 2324 manet
1307 2271 1326 2302 ³
1360 2311 1373 2324 .
1397 2270 1649 2326 Carnalis
1680 2270 1950 2340 siquidem
1982 2271 2046 2325 lto

2184 2263 2324 2318 οὐδὲ
2367 2265 2648 2334 γινώσκει
2692 2266 2859 2320 αὐτό.
2903 2265 3088 2335 Ὑμεῖς
3133 2265 3202 2318 δὲ
3244 2264 3570 2334 γινώσκετε
3596 2269 3732 2332 αὐτὸ,

497 2375 588 2414 mo
663 2369 902 2415 mentem
961 2361 1174 2416 habens
1235 2362 1303 2415 ad
1366 2361 1884 2430 contemplationem
1939 2361 2043 2414 hau

2186 2354 2272 2408 ὅτι
2297 2355 2433 2423 παρ’
2473 2355 2618 2424 ὑμῖν
2644 2356 2831 2426 μένει.
2871 2357 2928 2411 '0
2961 2358 3060 2427 μὲν
3090 2357 3199 2430 γὰρ
3240 2358 3504 2429 σάρκινος
3665 2361 3734 2414 ἄν·

495 2447 876 2510 exercitatatn,
913 2447 1024 2502 imo
1063 2464 1194 2503 vero
1219 2457 1388 2502 totam
1413 2451 1464 2502 in
1491 2449 1686 2503 uliectu
1715 2451 1900 2507 carnis
1934 2451 2043 2504 velt

2184 2444 2420 2518 θρωπος,
2471 2446 2818 2517 ἀγύμναστον
2864 2446 3003 2518 ἔχων
3039 2448 3456 2520 πρὸςχθεωρίαν
3498 2449 3583 2504 τὸν
3617 2452 3729 2515 νοῦν,

499 2538 553 2591 in
585 2553 746 2593 emno
773 2538 1050 2595 defossam
1075 2557 1294 2610 gerens.
1334 2557 1442 2595 non
1477 2549 1658 2610 potest
1691 2542 1757 2594 ad
1791 2542 2044 2611 spiritual

2185 2536 2384 2606 μᾶλλον
2417 2536 2473 2589 δὲ
2495 2526 2660 2601 ὅλον,
2710 2536 2900 2607 ὥσπερ
2940 2539 2997 2591 ἐν
3031 2537 3306 2610 βορϐόρῳ,
3355 2539 3437 2609 τῷ
3470 2541 3731 2610 φρονήματι

497 2627 679 2682 lumen
713 2629 958 2684 veritatis
1001 2631 1251 2686 attollere
1291 2632 1500 2685 oculos.
1539 2629 1884 2700 Quapropter
1913 2646 2045 2686 mun

2185 2628 2280 2698 τῆς
2323 2628 2525 2698 σαρκὸς
2572 2629 3061 2701 κατορωρυγμένον
3109 2630 3302 2702 φέρων
3351 2631 3485 2702 (97),
3526 2631 3733 2686 ἀδυνατεῖ

500 2719 625 2785 dus,
661 2720 766 2776 hoc
799 2729 905 2786 est,
939 2722 1122 2776 carnis
1150 2722 1546 2791 cupiditatibus
1567 2723 1784 2776 addicta
1810 2724 1942 2787 vita,
1967 2723 2048 2777 vel

2181 2719 2317 2790 πρὸς
2355 2719 2415 2771 τὸ
2445 2721 2812 2791 πνευματικὸν
2853 2720 2970 2789 φῶς
3013 2722 3112 2792 τῆς
3152 2720 3423 2792 ἀληθείας
3457 2721 3727 2791 ἀναϐλέψαι.

502 2819 558 2862 ut
584 2813 780 2866 oculus
807 2811 1097 2868 imbecillis
1123 2828 1231 2866 non
1262 2812 1443 2868 ferens
1475 2813 1614 2867 radii
1639 2813 1836 2868 solaris
1876 2815 2050 2868 lumen

2182 2810 2272 2862 Διὸ
2297 2810 2326 2861 ὁ
2367 2810 2590 2880 κόσμος,
2632 2812 2945 2878 τουτέστιν,
2977 2814 3010 2883 ή
3055 2815 3168 2877 τοῖς
3202 2814 3411 2868 πάθεσι
3438 2813 3535 2884 τῆς
3572 2811 3730 2886 σαρκὸς

499 2899 740 2970 Spiritus
775 2903 1004 2973 gratiam
1029 2919 1137 2958 non
1165 2904 1378 2974 recipit.
1417 2903 1486 2960 At
1525 2904 1789 2960 Dominus
1820 2918 1943 2958 cum
1980 2903 2047 2959 ho

2183 2901 2546 2973 δεδουλωμὲνη
2579 2901 2712 2975 ζωὴ,
2746 2898 2856 2958 οἷον
2897 2903 3172 2975 ὀφθαλμὸς
3197 2906 3442 2978 ἀσθενὴς
3482 2906 3590 2975 φῶς
3608 2905 3731 2976 ἡλια-

496 2991 787 3062 discipulis
818 2993 1191 3049 testimonium
1219 2993 1497 3058 dedisset,
1547 2991 1696 3062 quod
1737 2990 1956 3045 mundae
1995 3005 2044 3046 es

2189 2994 2291 3063 κῆς
2330 2995 2582 3060 ἀκτῖνος,
2631 2995 2728 3066 τὴν
2767 2995 2859 3048 τοῦ
2894 2996 3210 3066 Πνεύματος
3247 2999 3418 3070 χάριν
3454 2999 3546 3068 οὐχ
3580 2996 3731 3051 ὑποδέα

496 3093 619 3140 sent
648 3086 771 3140 vita:
795 3086 864 3140 ob
897 3086 1206 3141 doctrinam
1241 3086 1436 3156 ipsius,
1468 3086 1560 3140 dat
1589 3084 1776 3144 etiam,
1802 3083 1989 3152 utjam
2014 3097 2044 3136 a

2183 3101 2355 3154 χεται.
2391 3085 2515 3147 Τοῖς
2543 3085 2726 3155 μέντοι
2761 3086 3028 3158 μαθηταῖς
3054 3089 3248 3142 ἐαυτοῦ
3442 3089 3729 3160 ιαθαρότητα

497 3177 933 3246 speculationem
986 3152 1618 3246 contemplationcmqne
1684 3174 1925 3246 Spiritus
1974 3174 2045 3230 sit

2184 3152 2332 3245 ζωῆς
2378 3175 2443 3228 ἐκ
2474 3152 2580 3228 τῶν
2614 3152 2958 3246 διδαγ-μάτων
2994 3179 3160 3234 αὐτοῦ
3209 3152 3620 3253 μαρτυρήσαςὸ

497 3266 1024 3336 idoneiJauseuim,
1053 3269 1254 3338 inquit,
1276 3285 1366 3322 vos
1396 3267 1580 3321 mundi
1609 3268 1736 3322 estis
1756 3275 1966 3335 propter
1981 3281 2045 3318 set

2188 3281 2331 3336 pio;,
2360 3265 2422 3317 τὸ
2465 3265 2560 3318 καί⁸
2589 3267 2902 3330 ἐποπτικοῖς
2939 3268 3039 3340 ἤδη
3091 3265 3231 3324 εἶναι
3283 3271 3382 3326 καὶ
3425 3270 3727 3342 θεωρητικαῖς

501 3374 702 3412 mortem
715 3359 1084 3429 quemlocutus
1095 3377 1212 3414 sum
1226 3359 1368 3414 vobis
1406 3358 1606 3415 ‘.Unde
1630 3357 1856 3413 mundus
1877 3357 2049 3423 quidet

2181 3354 2276 3408 τοῦ
2313 3354 2629 3426 Πνεύματος
2665 3357 3008 3413 ἀποδίδωσιν.
3043 3359 3189 3428 Ἤδη
3219 3362 3357 3432 γὰρ,
3393 3362 3568 3432 φησὶν,
3593 3359 3725 3428 ὑμεῖς

496 3467 600 3504 nou
634 3459 806 3519 potest
853 3452 1004 3505 illum
1055 3453 1311 3523 accipere,
1344 3450 1770 3524 quandoquidem
1810 3466 1912 3504 non
1950 3448 2044 3503 vidi

2184 3449 2433 3517 καθαροί
2477 3450 2620 3502 ἐστε
2665 3449 2764 3503 διὰ
2793 3449 2900 3504 τὸν
2929 3451 3116 3519 λόγον
3144 3451 3217 3504 ὃν
3251 3453 3567 3520 λελάληκα
3592 3449 3721 3520 ὑμῖν.

494 3539 649 3594 illum
683 3555 704 3594 :
748 3557 835 3595 vos
874 3553 1052 3596 autem
1081 3542 1299 3598 novistis
1337 3557 1452 3595 eum
1477 3579 1492 3605 ,
1537 3540 1789 3612 quoniam
1827 3538 1966 3608 apud
1996 3554 2042 3592 tu

2187 3540 2358 3595 Ὅθεν
2389 3544 2423 3595 ό
2456 3541 2575 3610 μὲν
2626 3543 2855 3611 κόσμος
2887 3545 2959 3596 οὐ
3001 3541 3249 3597 δύναται
3293 3544 3530 3598 λαϐεῖν·
3558 3544 3621 3596 οὐ
3642 3541 3725 3610 τὰρ

495 3641 671 3684 manet
729 3636 769 3687 '.
803 3631 1002 3686 Eadem
1040 3631 1178 3686 dicit
1227 3639 1281 3686 et
1314 3631 1483 3687 Isaias
1519 3648 1534 3684 :
1567 3629 1672 3695 Qui
1699 3628 1957 3683 stabilivit
1983 3639 2043 3682 tet

2185 3632 2391 3700 θεωρεῖ
2410 3634 2560 3688 αὑτό
2576 3650 2590 3664 ·
2634 3633 2805 3702 ὑμεῖς
2831 3633 2900 3686 δὲ
2931 3632 3253 3703 γινώσκετε
3289 3634 3440 3689 αὐτὸ
3459 3674 3474 3698 ,
3500 3633 3582 3686 ὅτι
3618 3629 3722 3698 παρ’

495 3738 633 3785 ram,
668 3731 718 3777 et
751 3740 869 3792 qua:
892 3724 943 3777 iu
969 3740 1031 3778 ea
1055 3731 1200 3788 sunt,
1228 3722 1474 3791 deditque
1499 3722 1843 3788 spirationem
1869 3718 2043 3789 populi

2185 3722 2328 3793 ὑμῖν
2360 3723 2549 3793 μένει.
2585 3723 2771 3779 Ταυτὰ
2808 3725 2955 3793 λέγει
3002 3726 3097 3779 καὶ
3135 3726 3400 3790 Ἡσαΐας·
3444 3726 3504 3779 '0
3524 3720 3725 3793 crepuit-

493 3816 583 3886 qui
603 3826 680 3872 cst
709 3831 866 3885 super
890 3816 1075 3879 illaut,
1107 3825 1155 3869 et
1188 3813 1449 3882 Spiritum
1497 3811 1827 3867 calcantibus
1872 3826 1991 3865 eam
2038 3822 2041 3846 ι

2185 3827 2304 3878 σας
2348 3812 2462 3880 τὴν
2500 3811 2618 3882 γῆν
2661 3813 2758 3866 καὶ
2814 3813 2886 3867 τὰ
2926 3813 2998 3868 ἐν
3027 3813 3204 3884 αὐτῇ,
3249 3815 3356 3869 καί
3403 3812 3724 3875 διὸοὑόιδοὺς

495 3906 629 3963 Nam
647 3909 740 3978 qui
776 3909 1106 3964 conculcant
1135 3919 1376 3971 terrena,
1401 3906 1580 3975 iisque
1610 3903 1929 3974 superiores
1953 3916 2043 3957 eva

2185 3904 2383 3974 πνοὴν
2421 3905 2499 3970 τῷ
2543 3905 2672 3966 ,1αῷ
2703 3905 2784 3972 τῷ
2827 3906 2921 3959 ἐπ’
2963 3906 3175 3976 αὐτῆς,
3221 3908 3327 3962 καὶ
3365 3906 3594 3976 Πνεῦμα
3627 3901 3722 3967 τοῖς

493 4010 707 4066 serunt,
749 4000 896 4070 digni
935 3998 1214 4069 praedicati
1250 4006 1382 4052 sunt
1418 3997 1567 4052 dono
1608 3994 1849 4065 Spiritus
1880 4000 2038 4048 sanet

2183 3997 2483 4052 πατοῦσιν
2521 3996 2735 4063 αὑτήν.
2771 3999 2834 4051 Οἱ
2881 3997 2989 4070 γὰρ
3023 4001 3464 4063 καταπατοῦντες
3501 3997 3564 4052 τὰ
3592 3996 3720 4066 γήϊνα

493 4088 664 4154 Quem
697 4105 827 4160 ergo
864 4087 1102 4143 mundus
1143 4101 1343 4156 capere
1386 4101 1495 4141 non
1541 4091 1756 4156 potest,
1803 4083 2008 4154 quique

2183 4090 2276 4142 καὶ
2313 4090 2567 4160 ὑπεράνω
2598 4091 2779 4144 αὐτῶν
2802 4091 3108 4159 γενόμενοι,
3141 4094 3283 4160 ἄξιοι
3314 4094 3414 4164 τῆς
3440 4092 3628 4163 δωρεᾶς
3649 4086 3717 4140 τοῦ

493 4181 628 4236 solis
675 4180 885 4234 sanctis
928 4194 1024 4248 per
1062 4178 1249 4232 cordis
1287 4177 1584 4247 puritatem
1636 4175 1807 4230 videri
1860 4181 2040 4245 potest

2181 4180 2338 4248 ἁγίου
2381 4181 2698 4251 Πνεύματος
2731 4181 3205 4254 μεμαρτύρηνται.
3236 4183 3314 4237 Τὸ
3354 4181 3446 4239 οὖν
3483 4183 3717 4254 ἀχώρητον

491 4271 709 4342 qualem
738 4285 860 4324 esse
891 4269 1319 4324 existimandum
1363 4278 1472 4334 est,
1508 4277 1602 4323 aut
1648 4269 1841 4340 quales
1875 4268 1954 4322 illi
1988 4267 2039 4322 ht

2185 4271 2281 4341 μὲν
2309 4269 2387 4342 τῷ
2412 4271 2600 4342 κόσμῳ
2619 4311 2634 4334 9
2657 4274 2769 4336 τοῖς
2798 4273 2972 4341 ἁγίοις
2997 4273 3055 4327 δὲ
3091 4274 3270 4344 μόνοις
3298 4275 3389 4328 διὰ
3425 4272 3716 4343 καθαρότητα

493 4378 661 4418 nores
689 4369 1003 4431 competere
1028 4362 1052 4416 ?

2179 4363 2279 4432 τῆς
2309 4363 2537 4434 καρδίας
2582 4363 2873 4436 θεωρητδν,
2921 4366 2975 4418 τί
3003 4365 3109 4437 χρὴ
3143 4364 3490 4437 νομίζεσθαι,
3519 4365 3547 4436 ἢ
3581 4376 3715 4415 ποτα-

2182 4451 2288 4514 πὰς
2439 4453 2604 4522 τιμὰς
2647 4453 2994 4525 συμμέτρους
3031 4455 3298 4526 ὑπάρχειν
3337 4455 3511 4525 αὺτῷε

561 4543 630 4600 Et
682 4544 908 4614 reliquie
964 4543 1179 4614 quidem
1252 4546 1480 4604 virtutes
1520 4548 1772 4619 tsingttlze
1836 4548 1892 4604 in
1954 4547 2109 4615 loco]

2250 4549 2372 4601 Τῶν
2403 4548 2517 4618 μὲν
2550 4542 2642 4600 οὖν
2705 4548 2881 4602 ἄλλων
2931 4548 3140 4618 ἑκάστη
3203 4548 3487 4618 δυνάμεων
3535 4544 3589 4597 ἐν
3631 4558 3710 4595 πτ-

491 4637 909 4708 circumscripto
957 4652 1078 4692 esse
1141 4637 1456 4693 creduntur.
1520 4638 1653 4694 Nam
1691 4641 1921 4711 angelus
1978 4657 2039 4710 qu

2179 4641 2476 4714 ριγράπτῳ
2523 4624 2675 4712 τόπῳ
2706 4641 2998 4712 τυγχάνειν
3031 4642 3417 4698 πεπίστευται.
3460 4640 3517 4693 '0
3540 4633 3709 4708 γὰρτῷ

489 4734 702 4788 astabat
739 4729 999 4786 Cornelio
1019 4730 1060 4797 ⁷,
1087 4783 1095 4791 ,
1119 4745 1230 4786 non
1284 4730 1338 4785 in
1371 4731 1561 4787 eodem
1612 4742 1892 4789 momento
1929 4742 2037 4788 asta

2175 4733 2463 4803 Κορνηλίῳ
2521 4733 2750 4797 ἐπιστὰς
2783 4732 3018 4802 ἄγγελος
3077 4735 3178 4788 οὐκ
3227 4731 3296 4806 ἦν
3331 4738 3388 4790 ἐν
3417 4732 3586 4801 ταυτῷ
3633 4727 3706 4782 καὶ

488 4824 655 4879 batet
686 4821 935 4890 Philippo
979 4819 1044 4886 ⁸;
1079 4835 1259 4889 neque
1289 4820 1380 4890 qui
1444 4821 1662 4878 locutus
1720 4832 1804 4878 est
1868 4821 2036 4877 Zaclta

2173 4825 2326 4894 παρὰ
2353 4823 2430 4894 τῷ
2462 4825 2738 4896 Φιλίππῳ,
2768 4825 2892 4880 οὐδέ
2919 4828 2948 4880 ὁ
2971 4827 3079 4882 ἀπὸ
3117 4828 3212 4882 τοῦ
3243 4827 3609 4896 θυσιαστηρίου
3647 4817 3706 4886 τῷ

488 4912 586 4966 rite
615 4913 685 4966 ab
737 4910 896 4964 altari
933 4911 977 4973 ’,
1013 4925 1108 4978 per
1166 4909 1307 4970 idem
1335 4921 1550 4981 tempus
1585 4914 1752 4968 etiam
1813 4913 1867 4968 in
1927 4915 2036 4970 cmi

2175 4916 2425 4987 Ζαχαρία
2447 4918 2833 4988 διαλεγόμενος
2862 4921 3006 4973 κατὰ
3037 4921 3128 4974 τὸν
3157 4921 3338 4974 αὐτὸν
3357 4919 3541 4989 καιρὸν
3562 4914 3640 4968 καὶ
3660 4915 3703 4963 ἐν

490 5017 651 5058 suam
685 5000 947 5070 implebat
979 4999 1295 5054 stationem.
1330 5001 1402 5055 At
1442 5001 1680 5070 Spiritus
1713 5003 1958 5058 creditur
1987 5005 2032 5060 si

2180 5009 2398 5081 οὐρανῷ
2430 5012 2535 5080 τὴν
2596 5013 2807 5066 οἰκείαν
2844 5012 3036 5066 στάσιν
3098 5012 3366 5084 ἐπλήρου.
3429 5012 3498 5063 Τὸ
3549 5005 3700 5077 μέντοι

489 5095 660 5150 ηιιιι¹⁶
696 5103 752 5148 et
786 5094 840 5146 in
866 5092 1088 5147 Abacuc
1113 5102 1166 5146 et
1194 5091 1246 5146 in
1285 5093 1504 5149 Daniele
1537 5094 1588 5148 in
1617 5093 1912 5166 Babylonia
1933 5110 2037 5164 ope

2180 5100 2408 5171 Πνεῦμα
2441 5101 2576 5172 ὁμοῦ
2609 5121 2670 5156 τε
2702 5105 2761 5157 ἐν
2808 5101 3131 5172 ’Λϐὄακοῦμ
3158 5104 3400 5173 ἐνεργεῖν
3424 5099 3513 5155 καὶ
3541 5101 3588 5151 ἐν
3621 5095 3701 5145 Δα-

487 5184 635 5248 rari;
668 5191 722 5239 et
756 5198 880 5237 cum
910 5181 1146 5240 Jeremia
1180 5183 1234 5236 in
1251 5185 1593 5239 catarrhacta
1623 5185 1758 5250 “,et
1789 5201 1910 5242 eum
1939 5187 2035 5244 Eae

2181 5195 2302 5264 νιὴλ
2337 5195 2429 5248 ἐπὶ
2466 5194 2566 5266 τῆς
2614 5194 2964 5261 Βαϐυλωνίας
3018 5197 3402 5252 πεπίστευται·
3461 5194 3548 5246 καὶ
3567 5191 3614 5241 ἐν
3638 5181 3697 5252 τῷ

484 5278 660 5334 cbiele
689 5292 854 5346 super
883 5276 1102 5332 Chobar
1118 5277 1323 5331 versari
1348 5277 1411 5332 ".
1441 5276 1674 5346 Spiritus
1695 5281 1833 5332 enim
1859 5279 2032 5334 Domit

2183 5285 2540 5358 καταρράκτῃ
2575 5282 2718 5340 εἶναι
2762 5287 2903 5358 μετὰ
2970 5287 3264 5360 Ἰερεμίου,
3295 5288 3386 5343 καὶ
3419 5283 3545 5356 μετὰ
3569 5278 3696 5339 Ἰεζε-

486 5371 704 5440 replevit
740 5371 917 5424 orbem
979 5378 1249 5423 terrarum
1271 5369 1314 5400 ¹⁸
1335 5387 1351 5433 ;
1375 5378 1447 5432 et,
1501 5369 1618 5435 Quo
1649 5370 1731 5425 ibo
1767 5389 1801 5426 a
1858 5371 2028 5441 Spirit

2180 5374 2305 5448 κιὴλ
2333 5379 2429 5432 ἐπὶ
2462 5378 2556 5434 τοῦ
2578 5380 2786 5452 Χοσάρ.
2815 5380 3060 5451 Πνεῦμα
3099 5381 3213 5453 γὰρ
3249 5381 3463 5449 Κυρίου
3507 5364 3692 5430 κεκλή·

486 5470 600 5526 tuo,
625 5469 673 5513 et
692 5475 724 5512 a
757 5458 894 5527 facie
924 5468 1018 5513 tua
1045 5474 1149 5530 quo
1174 5459 1376 5529 fugiam
1403 5457 1486 5530 “'_?
1512 5460 1580 5515 Et
1614 5464 1897 5534 propheta,
1921 5463 2034 5529 Quo

2170 5487 2332 5540 ρωκε
2359 5471 2473 5539 τὴν
2507 5473 2888 5543 οἰκουμένην·
2916 5475 3034 5540 καὶ,
3059 5473 3186 5530 Ποῦ
3215 5463 3590 5543 πορευθῶάπὸ
3611 5453 3689 5512 τοῦ

485 5551 626 5604 niam
651 5567 744 5621 ego
776 5550 1042 5606 vobiscum
1065 5567 1202 5616 sum,
1235 5551 1370 5605 dicit
1407 5551 1669 5610 Dominus
1695 5571 1710 5611 :
1746 5565 1796 5611 et
1828 5554 2033 5628 Spiritu

2175 5564 2526 5634 Πνεύματός
2550 5579 2689 5634 σου,
2721 5565 2824 5622 καί
2853 5567 2976 5624 ἀπὸ
3007 5567 3118 5624 τοῦ
3143 5565 3461 5638 προσώπου
3475 5573 3578 5618 σου
3597 5546 3686 5607 ποῦ

566 5705 934 5790 ‘_Joa_n._xvn,
966 5707 1154 5790 25.“:
1183 5708 1341 5790 ἔσσῃ.
1376 5725 1485 5777 xw,
1690 5712 1866 5790 fibid.
1910 5713 2000 5769 l7.
2076 5711 2100 5746 ⁸

2128 5712 2281 5790 ξοεη.
2310 5733 2403 5790 ιν.
2446 5723 2495 5777 5.
2567 5718 2590 5752 ⁸
2618 5719 2776 5776 Joan.
2809 5735 2921 5790 xxv,
2963 5720 3051 5778 l7.
3093 5719 3150 5790 ὴ·
3176 5722 3260 5779 lsa
3286 5715 3499 5790 xur,5._
3546 5709 3676 5790 ἈοΞ·

488 5781 638 5864 ξ’,ηᾶ
710 5779 732 5810 ⁸
763 5783 885 5864 Λ-οι.
922 5778 1159 5864 pulpiti.
1230 5781 1252 5810 ⁸
1293 5780 1497 5864 Luat,
1529 5783 1618 5839 Μ.
1695 5785 1902 5850 “Dan.
1955 5801 2069 5855 xtv,
2118 5785 2211 5842 53.
2290 5777 2562 5847 “Jcrem.
2598 5807 2692 5862 xx,
2736 5794 2794 5861 2,
2840 5777 2983 5864 apud
3040 5777 3211 5850 LXX.
3289 5777 3536 5850 “Eiech-
3566 5777 3677 5848 νι¹ο

491 5849 535 5881 ⁸³
561 5850 750 5914 Sap.t,
792 5853 844 5905 7.
921 5852 965 5882 “
993 5852 1134 5906 l'sal.
1171 5865 1427 5919 cxxxvtn,
1466 5853 1521 5907 7.
