3968 6604
495 438 623 513 Ἦν
1770 451 2062 518 Ευτιιγι

2143 457 2153 517 ί
2190 453 2550 516 ZIGABENI
3629 458 3710 523 780

512 590 743 660 simplex
774 588 997 661 quidem
1023 590 1250 646 verbum
1290 592 1343 645 in
1370 590 1786 648 defensionibus
1809 610 1908 663 pro
1931 595 2079 651 Chri-

2139 600 2166 653 Α
2190 613 2254 667 γε
2299 597 2419 650 οὐδὲ
2459 597 2612 668 ῥῆμα
2644 595 2800 665 ψιλὸν
2841 596 2900 650 ἐν
2948 599 3066 661 ταῖς
3106 596 3242 669 ὑπὲρ
3292 597 3510 671 Χριστοῦ
3551 600 3706 655 ἀπολο-

487 693 601 737 >sto
620 683 745 754 quis
765 680 1159 754 possltdieere,
1185 682 1294 738 nisi
1316 682 1615 754 adjuvante
1638 682 1870 755 Spiritu,
1897 703 2054 759 quem

2190 684 2333 752 γίαις
2394 683 2616 738 δυνατὸν
2675 684 2905 755 λαλῆσαι
2969 686 3042 757 μὴ
3102 690 3539 757 συνεργουμένους
3588 694 3706 763 παρὰ

494 776 805 831 admodum
841 775 898 832 in
924 774 1235 848 Evangeliis
1260 791 1292 831 a
1317 776 1549 834 Domino
1588 787 1643 835 et
1673 778 1964 837 Servatore
1992 797 2061 837 no

2189 774 2284 827 τοῦ
2336 775 2671 845 Πνεύματος,
2706 776 2782 840 ὡς
2817 778 2875 829 ἐν
2922 776 3273 845 Εὐαγγελίοις
3318 778 3459 847 παρὰ
3504 781 3585 835 τοῦ
3620 786 3706 836 κυ-

510 876 626 922 stro
655 866 954 923 didicimus
1006 868 1047 922 ⁸.
1078 866 1250 924 Porro
1296 880 1355 926 ut
1392 870 1480 927 bis
1509 871 1765 929 omnibus
1799 874 2077 943 neglectis,

2194 865 2308 935 ρίου
2350 867 2441 918 καὶ
2480 866 2731 937 Σωτῆρος
2779 866 2935 937 ἡμῶν
2983 865 3394 936 μεμαθήκαμεν.
3425 869 3640 920 "Artena
3665 870 3709 922 δὲ

502 966 674 1029 atque
709 973 773 1014 ea
826 960 1235 1029 communione,
1284 977 1448 1032 quam
1507 964 1563 1018 in
1609 964 1863 1020 omnibus
1907 966 2063 1020 habet

2187 957 2360 1010 ταῦτα
2407 957 2751 1027 παριδόντας,
2791 958 2884 1010 καὶ
2931 958 3031 1029 τῆς
3068 960 3124 1010 ἐν
3165 959 3299 1011 πᾶσι
3334 959 3587 1024 κοινωνίας
3620 963 3712 1013 ἐπιο

507 1048 769 1104 oblivioni
802 1050 1024 1117 tradita,
1048 1067 1079 1106 a
1110 1052 1271 1109 Patre
1300 1063 1355 1108 et
1386 1054 1526 1108 Filio
1552 1055 1732 1125 ipsum
1762 1056 2074 1121 avellamus,

2188 1048 2534 1121 λαθομένους,
2583 1049 2692 1103 ἀπὸ
2740 1050 2952 1121 Πατρὸς
3018 1050 3113 1103 καὶ
3174 1049 3305 1102 Υίοῦ
3356 1051 3605 1120 διασπᾷν,
3636 1054 3712 1105 οὐκ

492 1143 696 1198 νιιρεοὶο
738 1158 807 1198 an
838 1144 1132 1215 quisquam
1178 1147 1355 1201 sancti
1402 1145 1642 1217 Spiritus
1684 1150 1961 1217 particeps
1996 1164 2056 1204 as

2189 1138 2302 1194 οἶδα
2344 1141 2397 1193 εἴ
2447 1159 2530 1205 τις
2585 1141 2811 1212 μέτοχος
2862 1142 3180 1213 Πνεύματος
3223 1144 3376 1210 ἁγίου
3421 1143 3710 1214 συνθήσεται.

488 1246 776 1292 *scnsurus
806 1237 898 1292 sit.
943 1235 1000 1291 In
1031 1253 1141 1309 quo
1182 1238 1347 1311 igitur
1373 1239 1565 1297 ordine
1598 1240 1749 1293 illum
1794 1242 2055 1295 collocabi

2188 1234 2299 1287 Ποῦ
2332 1234 2510 1287 τοίνυν
2550 1235 2805 1305 φέροντες
2848 1235 2978 1288 αὐτὸ
3020 1234 3293 1305 τάξομεν;
3343 1234 3472 1305 μετά
3510 1236 3596 1303 τῆς
3624 1238 3714 1288 κτί-

507 1327 666 1382 mus?
702 1331 1124 1385 creaturarum?
1150 1331 1221 1384 At
1253 1330 1514 1386 universa
1567 1340 1820 1386 creatura
1864 1334 2036 1387 servit
2070 1353 2074 1386 :

2190 1344 2361 1391 σεως;
2402 1326 2593 1397 Ἀλλ’ή
2637 1328 2812 1391 κτίσις
2857 1328 3009 1381 πᾶσα
3046 1326 3317 1380 δουλεύειν
3348 1326 3405 1380 τὸ
3444 1327 3496 1380 δὲ
3535 1327 3716 1399 Πνεῦμα

510 1417 752 1490 Spiritus
915 1429 1099 1477 autem
1138 1423 1371 1479 liberum
1403 1422 1613 1479 reddit:
1651 1422 1752 1477 Ubi
1789 1425 1929 1478 enim
1964 1423 2077 1493 Spi-

2187 1419 2478 1490 ἐλευθεροῖ.
2513 1415 2597 1475 Οὗ
2623 1419 2731 1489 γὰρ
2748 1419 2814 1472 τὸ
2837 1420 3081 1489 Πνεῦμα
3102 1421 3348 1488 Κυρίου,
3381 1418 3497 1472 ἐκεῖ
3524 1420 3716 1474 ἐλευθε-

492 1514 644 1567 τὶιιιδ
678 1512 917 1581 Domini,
958 1513 1030 1568 ibi
1064 1514 1283 1571 libertas
1327 1514 1367 1570 ⁸.
1397 1516 1577 1587 Atque
1607 1530 1733 1570 cum
1771 1516 1943 1570 multa
1975 1517 2058 1571 sin

2178 1513 2302 1580 ρία.
2350 1512 2460 1564 Καὶ
2499 1510 2707 1585 πολλῶν
2744 1512 2969 1565 ἐνόντων
3004 1515 3199 1576 εἰπεῖν,
3237 1515 3383 1575 ὅπως
3409 1511 3467 1563 οὐ
3498 1513 3715 1582 προσήκει

508 1619 631 1673 quae
657 1604 863 1675 possim
902 1606 991 1660 hic
1031 1619 1488 1672 commemorare,
1526 1621 1689 1678 quam
1733 1621 1845 1661 non
1882 1622 2075 1662 convc<

2184 1606 2250 1673 τῇ
2313 1605 2503 1674 κτιστῇ
2556 1603 2715 1672 φύσει
2766 1604 2826 1657 τὸ
2870 1602 3096 1673 Πνεῦμα
3140 1603 3201 1655 τὸ
3246 1604 3398 1669 ᾶγιον
3440 1619 3716 1673 συγκαταρι-

492 1696 626 1752 -niat
650 1695 920 1767 Spiritum
964 1706 1220 1753 sanctum
1257 1713 1623 1753 annumerare
1662 1697 1830 1755 rebus
1860 1698 2058 1753 creatis

2188 1694 2364 1761 θμεῖν,
2392 1696 2480 1750 τὸν
2511 1697 2638 1767 περὶ
2668 1697 2871 1751 τούτων
2899 1697 2992 1749 νῦν
3172 1696 3539 1767 ὑπερθήσομαι
3574 1695 3713 1763 λόγον.

490 1788 694 1852 ιίῌιὶε
724 1788 1089 1847 dicere-nunc
1134 1789 1521 1860 supersedebo.
1558 1789 1693 1843 Nam
1737 1790 1782 1845 si
1828 1790 2057 1859 incipian

2184 1788 2246 1841 Et
2278 1787 2386 1858 γὰρ
2420 1786 2705 1858 μέλλοιμεν
2737 1787 2870 1858 πρὸς
2914 1786 3073 1851 ἀξίαν
3118 1785 3214 1840 τοῦ
3260 1787 3617 1858 προϐλήματος
3642 1789 3716 1849 τάς

506 1896 611 1952 pro
644 1881 951 1952 argumenti
983 1882 1271 1952 dignitate,
1300 1888 1356 1937 et
1384 1896 1507 1951 qum
1536 1895 1635 1951 pro
1663 1882 1821 1937 nobis
1852 1880 2073 1947 faciunt,

2149 1896 2245 1948 ιτε
2290 1880 2419 1951 παρ’
2447 1878 2652 1933 ἑαυτῶν
2693 1880 3035 1944 κατασκευὰς
3085 1880 3335 1946 ἐπάγειν,
3374 1880 3465 1932 καὶ
3496 1879 3559 1931 τὰ
3598 1880 3716 1948 παρὰ

504 1971 859 2042 probationes
896 1972 1189 2036 adducere,
1224 1983 1278 2029 et
1313 1988 1434 2043 quae
1465 1974 1535 2029 ab
1574 1974 1905 2031 adversariis
1945 1975 2071 2045 obji-

2184 1971 2291 2025 τῶν
2332 1970 2589 2024 ἐναντίων
2632 1970 3042 2042 προϐαλλόμενα
3094 1971 3351 2036 διαλύειν,
3384 1969 3579 2023 πολλῶν
3614 1972 3717 2040 ἡμῖν

498 2062 756 2126 εἰιιιιῑιιι,
785 2062 1028 2128 diluere,
1058 2063 1272 2133 prolixo
1300 2078 1553 2118 sermone
1569 2062 1673 2117 erit
1698 2077 1858 2133 opus,
1891 2061 2065 2134 loqua-

2183 2062 2364 2134 δεήσει
2413 2062 2608 2130 λόγων,
2656 2063 2750 2116 καὶ
2793 2063 3228 2134 ἀποκναίσαιμεν
3422 2065 3483 2132 τῇ
3513 2061 3715 2129 πολυφω-

504 2154 783 2224 citateque
798 2153 1093 2210 voluminis
1124 2153 1527 2209 deterrebimus
1561 2154 1817 2210 lectores.
1851 2154 2071 2222 Idcirco,

2184 2155 2274 2226 νίᾳ
2301 2156 2399 2225 τῆς
2428 2154 2609 2224 βίϐλου
2634 2155 2761 2218 τοὺς
2786 2156 3235 2226 ἐντυγχάνοντας.
3262 2156 3462 2227 Διόπερ
3491 2154 3584 2226 ίδίᾳ
3610 2172 3716 2225 apa-

510 2246 617 2301 boc
672 2245 831 2300 alteri
881 2245 1105 2316 proprio
1142 2244 1404 2300 tractatui
1448 2254 1751 2311 reservato,
1785 2247 2077 2317 propositis

2184 2247 2422 2318 γματείᾳ
2472 2248 2649 2300 ἐκεῖνο
2698 2247 3165 2318 ταμιευσάμενοι,
3220 2246 3333 2299 τῶν
3395 2245 3717 2318 προκειμένων

506 2338 906 2394 adhaereamus.

893 2379 906 2394 .
2185 2335 2458 2407 ἐχώμεθα.

714 2428 1144 2485 Consideremus
1181 2427 1352 2500 igitur
1382 2429 1721 2499 singulatim.
1754 2428 1959 2485 Natura
1990 2430 2085 2484 bo—

2387 2426 2725 2498 Σκεψώμεθα
2765 2422 2859 2481 οὖν
2904 2427 2973 2480 τὰ
3021 2426 3376 2482 καθέκαστον.
3419 2429 3571 2482 Φύσει
3602 2429 3717 2482 ἐστὶν

511 2537 617 2577 nus
640 2528 745 2587 est,
776 2528 835 2574 ut
868 2520 1046 2577 bonus
1075 2518 1263 2586 Pater,
1309 2530 1364 2576 et
1392 2520 1572 2576 bonus
1598 2520 1790 2576 Filius.
1820 2521 2078 2576 Creatura

2182 2520 2407 2588 ἀγαθὸν,
2448 2521 2524 2584 ὡς
2566 2520 2771 2589 ἀγαθὸς
2807 2522 2835 2574 ὁ
2887 2519 3112 2591 Πατὴρ,
3158 2519 3254 2573 καὶ
3314 2520 3511 2588 ἀγαθὸς
3546 2522 3571 2573 ὁ
3600 2521 3715 2585 Υἱός.

509 2628 641 2669 vero
682 2628 780 2683 per
807 2611 1133 2669 electionem
1180 2613 1302 2682 ejus
1332 2614 1477 2684 quod
1519 2614 1723 2669 bonum
1754 2622 1859 2680 est,
1912 2614 2076 2684 parti-

2195 2613 2259 2667 Ἦ
2296 2613 2473 2677 κτίσις
2505 2613 2562 2666 δὲ
2592 2614 2649 2667 ἐν
2683 2616 2750 2684 τῇ
2786 2613 2982 2684 ἐκλογῇ
3020 2612 3114 2665 τοῦ
3159 2612 3370 2681 ἀγαθοῦ
3398 2614 3603 2683 μέτοχός
3628 2613 3719 2665 ἐστι

508 2722 639 2777 ceps
665 2714 751 2762 est
782 2705 1060 2761 bonitatis.
1098 2705 1382 2761 Profunda
1423 2704 1519 2761 Dei
1563 2707 1761 2761 novit:
1793 2706 1890 2761 sed
1927 2722 2075 2761 crea-

2181 2704 2279 2774 τῆς
2310 2703 2660 2774 ἀγαθότητος.
2690 2700 2808 2758 Οἷδε
2836 2704 2907 2758 τά
2937 2704 3071 2776 βάοη
3106 2704 3199 2757 τοῦ
3236 2703 3374 2759 Θεοῦ
3414 2717 3427 2731 ·
3570 2705 3598 2773 ἡ
3628 2702 3719 2756 κτί-

510 2806 632 2851 tnra
663 2812 760 2868 per
787 2796 1049 2862 Spiritum
1076 2797 1277 2867 accipit
1302 2806 1629 2852 arcanorum
1657 2799 2077 2853 reserationem.

2184 2814 2267 2861 σις
2304 2798 2360 2851 δὲ
2402 2797 2668 2867 λαμϐάνει
2706 2798 2804 2868 τὴν
2838 2798 3143 2869 φανέρωσιν
3178 2798 3287 2851 τῶν
3323 2798 3629 2870 ἀπορρήτων
3650 2795 3718 2848 διὰ

504 2888 759 2945 'Viviiicat
799 2903 925 2944 cum
972 2887 1083 2943 Deo
1122 2889 1214 2958 qui
1260 2888 1498 2943 viviﬁcat
1544 2888 1752 2948 omnia.
1786 2905 1910 2945 cum
1946 2888 2071 2944 Filic

2182 2885 2277 2939 τοῦ
2330 2886 2663 2957 Πνεύματος.
2719 2889 2979 2941 Ζωοποιεῖ
3027 2887 3167 2958 μετά
3208 2887 3304 2940 τοῦ
3367 2887 3497 2942 Θεοῦ
3553 2885 3633 2940 τοῦ
3666 2887 3718 2938 τὰ

510 2982 603 3050 qui
635 2982 728 3036 dat
756 2980 946 3035 vitam.
978 2979 1082 3045 Qui
1109 2981 1250 3035 enim
1278 2982 1549 3045 excitavit,
1584 2981 1780 3051 inquit,
1810 2980 2077 3036 Christum

2183 2977 2360 3034 πάντα
2383 2980 2795 3049 ζωογονοῦντος,
2835 2980 2972 3050 μετὰ
3148 2980 3258 3034 ’τοῦ
3308 2981 3442 3034 Υίοῦ
3482 2978 3562 3033 τοῦ
3589 2978 3720 3030 διδόν-

508 3090 547 3124 a
594 3073 838 3134 mortuis,
895 3071 1178 3141 viviﬁcabit
1231 3080 1281 3126 et
1328 3072 1583 3127 mortalia
1622 3087 1849 3140 corpora
1887 3080 2075 3137 vestra,

2182 3088 2275 3134 τος
2297 3070 2461 3142 ζωήν.
2501 3071 2561 3124 '0
2596 3071 2706 3141 γὰρ
2738 3072 2971 3140 ἐγείρας
2996 3073 3252 3142 Χριστὸν
3283 3072 3356 3125 ἐκ
3384 3068 3597 3139 νεκρῶν
3624 3067 3722 3129 ζωο-

506 3179 603 3218 ·οει’
641 3166 810 3233 ipsius
836 3165 1096 3235 Spiritum
1118 3165 1208 3235 qui
1244 3163 1509 3217 inhabitat
1540 3165 1595 3218 in
1638 3163 1781 3218 vobis
1827 3166 1889 3231 ³;
1920 3172 2073 3235 atque

2188 3164 2444 3228 ποιήσει,
2496 3162 2648 3232 φησὶ,
2701 3163 2796 3215 καὶ
2850 3163 2920 3216 τὰ
2966 3163 3152 3230 θνητὰ
3194 3163 3365 3231 ὑμῶν
3521 3162 3719 3230 σώματα

520 3250 718 3304 iterum
749 3250 916 3304 :Uves
953 3264 1083 3305 mea:
1114 3264 1291 3304 vocem
1328 3265 1499 3303 meam
1530 3250 1777 3313 audiunt,
1804 3257 1855 3304 et
1888 3265 1979 3320 ego
2018 3252 2087 3308 vi-

2152 3248 2262 3305 ;dtd
2299 3247 2407 3302 τοῦ
2450 3247 2833 3313 ἐνοικοῦντος
2876 3245 3064 3301 αὐτοῦ
3111 3248 3458 3313 Πγεύματος
3490 3244 3556 3295 ἐν
3579 3239 3719 3309 ὑμῖν

515 3353 627 3395 tam
660 3350 918 3396 aeternam
952 3340 1021 3395 do
1054 3341 1167 3396 illis
1222 3338 1264 3396 ⁸.
1301 3339 1410 3397 Sed
1444 3339 1687 3410 Spiritus
1714 3357 1936 3413 quoque
1971 3341 2082 3397 vivi

2166 3338 2261 3394 xui
2292 3337 2488 3393 πάλιν·
2530 3336 2606 3392 Τὰ
2650 3341 2916 3405 πρόϐατα
2963 3338 3037 3391 τὰ
3089 3335 3201 3405 ἐμὰ
3235 3334 3354 3403 τῆς
3392 3331 3584 3403 φωνῆς
3624 3345 3718 3398 μου

513 3437 660 3500 licat,
698 3435 877 3506 inquit
920 3438 966 3490 ⁸.
999 3434 1077 3490 Ac
1105 3450 1330 3491 rursum
1363 3453 1376 3490 :
1408 3434 1644 3506 Spiritus
1669 3446 1867 3503 autem,
1897 3437 2080 3507 inquit

2165 3431 2398 3494 ἀκούει,
2440 3429 2603 3500 κάγὼ
2637 3428 2790 3497 ζωὴν
2824 3426 3066 3482 αἰώνιον
3092 3426 3299 3496 δίδωμι
3348 3423 3561 3489 αὐτοῖς.
3592 3418 3719 3473 Ἀλλὰ

510 3528 621 3580 vita
660 3535 871 3597 propter
894 3528 1171 3597 Justitiam
1220 3528 1262 3582 ⁸.
1295 3528 1439 3596 Quin
1471 3538 1526 3585 et
1563 3527 1829 3585 Dominus
1865 3538 2077 3587 testatut

2167 3526 2265 3579 καὶ
2304 3525 2366 3578 τὸ
2403 3523 2651 3595 Πνεῦμα,
2686 3524 2842 3595 φησὶ,
2879 3522 3154 3587 ζωοποιεῖ.
3205 3519 3320 3574 Καὶ⁹
3357 3518 3539 3573 πάλιν
3580 3515 3639 3570 Τὸ
3669 3509 3721 3564 δὲ

514 3618 779 3688 Spiritum
806 3634 928 3674 esse
964 3620 1059 3689 qui
1088 3619 1350 3676 viviﬁcat.
1384 3619 1526 3677 Caro
1566 3637 1670 3675 non
1701 3621 1914 3689 prodest
1943 3623 2081 3693 quid

2168 3615 2432 3686 Πνεῦμα,
2483 3615 2635 3687 φησὶ,
2684 3613 2794 3681 ζωὴ
2844 3613 2950 3667 διὰ.
2988 3612 3409 3691 δικαιοσύνην.
3574 3606 3722 3660 Κα“ιό

510 3728 671 3781 quam
719 3719 758 3767 ν.
814 3712 1105 3779 Quomodo
1156 3713 1326 3784 igitur
1383 3712 1649 3784 Spiritum
1706 3730 1735 3768 a
1788 3714 2077 3772 viviﬁcand

2171 3708 2375 3780 Κύριος
2408 3710 2677 3780 μαρτυρεῖ
2707 3707 2763 3759 τὸ
2794 3706 3020 3777 Πνεῦμα
3053 3701 3195 3758 εἶναι
3225 3703 3289 3756 τὸ
3330 3701 3638 3767 ζωοποιοῦνο
3678 3698 3724 3751 Ἠ

508 3814 786 3876 potestate
824 3809 1216 3863 submoventes
1250 3792 1378 3862 eum
1414 3815 1626 3861 naturae
1669 3807 2073 3879 conjungemus

2172 3797 2329 3867 σὰρξ
2355 3801 2466 3852 οὐκ
2509 3797 2728 3868 ὠφελεῖ
2754 3797 2954 3851 οὐδέν.
2999 3796 3126 3861 Πῶς
3173 3790 3287 3858 οῦν,
3352 3796 3453 3865 τῆς
3499 3787 3721 3857 ζωοποιοῦ

506 3915 633 3969 qum
672 3900 787 3970 ipsa
826 3901 937 3954 vita
965 3901 1168 3972 egeat?
1200 3900 1337 3966 Quis
1367 3899 1504 3955 adeo
1540 3904 1945 3965 contentiosus,
1974 3900 2073 3972 qui;

2171 3892 2453 3963 δυνάμεως
2485 3891 2928 3959 ἀποξενώσαντες
2958 3890 3019 3943 τὸ
3052 3889 3302 3960 Πνεῦμα,
3340 3891 3407 3959 τῇ
3448 3884 3725 3955 ἐπιδεομένῃ

511 3990 651 4045 adeo
685 4006 879 4047 exsors
913 3993 1042 4047 doni
1084 3992 1350 4055 cmlestis,
1383 4002 1439 4047 et
1480 3992 1687 4062 absque
1722 4003 1887 4062 gustu
1920 3994 2078 4051 bono'

2171 3986 2271 4057 τῆς
2301 3985 2448 4057 ζωῆς
2476 3985 2636 4055 φύσει
2671 3982 3200 4058 προσοικειώσομεν;
3233 3982 3335 4045 Τίς
3361 3982 3502 4035 οὕτω
3525 3980 3722 4049 δύσερις,

514 4099 636 4136 rum
681 4082 773 4137 Dei
806 4084 1117 4146 verborum,
1149 4084 1277 4154 quis
1306 4082 1445 4138 adeo
1479 4084 1595 4154 spei
1629 4092 1849 4141 atteram
1877 4102 2074 4157 expers

2172 4080 2255 4144 τίς
2287 4080 2430 4134 οὕτω
2460 4080 2669 4152 δωρεᾶς
2702 4078 3025 4151 ἐπουρανίου
3057 4077 3349 4148 ἀμέτοχος,
3384 4077 3479 4131 καὶ
3522 4075 3619 4127 τῶν
3647 4087 3724 4124 κα·

508 4187 572 4228 ut
605 4172 875 4245 Spiritum
892 4191 931 4228 ιι
959 4174 1172 4231 Deitate
1194 4175 1520 4231 distractum
1547 4184 1816 4233 creatura:
1840 4181 2061 4250 copulet

2173 4173 2281 4230 λῶν
2308 4174 2400 4229 τοῦ
2424 4173 2558 4227 Θεοῦ
2598 4172 2859 4247 ῥημάτων
2897 4170 3182 4240 ἄγευστος,
3213 4170 3299 4233 τίς
3337 4169 3509 4231 οὕτως
3537 4164 3725 4219 ἐλπίδων

2175 4268 2406 4321 αἰωνίων
2621 4266 2873 4336 ἄμοιρος.
2931 4263 3007 4327 ὼς
3050 4264 3117 4334 τῇ
3173 4261 3353 4315 κτίσει
3408 4258 3648 4321 συντάξαι
3681 4253 3730 4305 τὸ

2180 4358 2420 4429 Πνεῦμα,
2450 4358 2548 4428 τῆς
2577 4356 2841 4429 Θεὸτητος
2870 4356 3221 4426 ἀποστήσαςς

715 4441 784 4496 Ἰιι
838 4442 1023 4507 nobis,
1067 4444 1351 4515 inquiunt,
1410 4445 1649 4518 Spiritus
1700 4456 1787 4504 est
1838 4458 2099 4519 tanquam

2381 4452 2468 4504 Ἐν
2507 4454 2659 4522 ἡμῖν,
2713 4449 2868 4521 φησι,
2915 4448 2976 4501 τὸ
3022 4447 3272 4516 Πνεῦμα,
3322 4446 3401 4508 ὠς
3448 4441 3609 4514 δῶρόν
3640 4440 3730 4491 ἐστι

516 4533 723 4589 donum
765 4546 794 4585 ιι
848 4532 981 4589 Deo.
1031 4534 1100 4588 At
1129 4534 1334 4589 donum
1372 4551 1721 4608 nequaquam
1763 4538 1960 4594 iisdem
2004 4540 2083 4595 lto

2176 4540 2328 4612 παρά
2354 4542 2455 4595 τοῦ
2478 4541 2633 4596 Θεοῦ.
2672 4541 2746 4594 Ob
2773 4540 2946 4610 δήπου
2979 4538 3035 4591 δὲ
3064 4537 3127 4590 τὸ
3153 4536 3327 4606 δῶρον
3364 4536 3484 4596 ταῖς
3515 4535 3645 4591 ἴσαις
3665 4543 3730 4579 τι·

512 4624 745 4679 noribus
775 4623 1036 4691 afﬁcitur,
1069 4625 1273 4696 quibus
1318 4628 1366 4683 is
1396 4628 1490 4698 qui
1522 4629 1690 4685 dedit.
1736 4629 1947 4685 Donum
1978 4632 2079 4703 qui

2179 4636 2307 4704 μαῖς
2346 4634 2424 4705 τῷ
2469 4633 2721 4687 δεδοικότι
2765 4631 3109 4702 σεμνύνεται.
3159 4626 3345 4699 Δῶρον
3378 4626 3478 4698 μὲν
3510 4620 3596 4677 οὖν
3620 4616 3728 4673 Θεοῦ

508 4713 631 4769 dem
674 4714 769 4770 Dei
806 4712 1048 4785 Spiritus
1081 4725 1188 4778 est,
1232 4718 1327 4774 sed
1368 4718 1574 4775 donum
1601 4721 1746 4776 vitae.
1789 4721 1899 4776 Lex
1937 4725 2075 4777 enim

2174 4731 2237 4785 τὸ
2265 4727 2509 4798 Πνεῦμα,
2534 4726 2669 4779 ἀλλὰ
2705 4725 2876 4796 δῶρον
2920 4722 3083 4793 ζωῆς.
3127 4722 3189 4775 '0
3232 4723 3344 4793 γὰρ
3376 4722 3574 4790 νόμος,
3602 4711 3727 4783 φησιν

504 4806 711 4875 inquit,
742 4804 978 4873 Spiritus
1004 4807 1129 4863 vita
1153 4806 1395 4864 liberavit
1440 4825 1536 4865 nos
1588 4815 1630 4868 ³.
1664 4808 1731 4864 Et
1758 4810 1966 4866 donum
2002 4827 2071 4881 po

2175 4823 2285 4878 τοῦ
2313 4820 2657 4889 Πνεὺματος
2682 4816 2793 4886 τῆς
2820 4816 2968 4887 ζωῆς
2996 4815 3422 4885 ἠλευθέρωσεν
3588 4802 3729 4876 ἡμᾶς·

507 4899 699 4953 tentia:
726 4917 739 4953 :
773 4898 1059 4969 Accipietis
1102 4902 1242 4957 enim
1258 4902 1503 4958 virtutem
1537 4901 1771 4971 Spiritus
1804 4904 1977 4958 sancti
2006 4921 2074 4958 sui

2178 4916 2289 4969 Καὶ
2328 4912 2499 4985 δῶρον
2536 4910 2817 4981 δυνάμεως
2849 4926 2863 4940 ⁸
2906 4910 3193 4976 Λήψεσθε
3222 4908 3331 4978 γὰρ
3374 4906 3623 4972 δύναμιν
3651 4897 3732 4985 ἐξ·

509 4992 855 5058 perseuientis
892 4994 947 5047 in
982 5010 1071 5049 vos
1119 4995 1162 5049 ’.
1189 4994 1329 5051 Num
1352 4995 1524 5066 igitur
1551 4997 1623 5053 ob
1650 4997 1704 5051 id
1737 5005 2071 5055 contemnen

2177 4980 2461 5072 ελθόντος
2484 5003 2592 5059 τοῦ
2618 4980 2792 5073 ἁγίου
2820 5001 3167 5069 [Ινεύματος
3192 4999 3283 5068 ἐφ’
3318 4994 3495 5067 ὑμᾶς.
3523 4988 3637 5061 'Ap‘
3658 4980 3732 5038 οὖν

510 5084 617 5139 dus
662 5084 791 5139 est?
848 5084 1041 5141 Annon
1081 5096 1135 5140 et
1169 5085 1370 5143 Filium
1407 5089 1559 5144 dedit
1589 5088 1942 5145 hominibus?
1973 5090 2077 5157 Qui

2178 5102 2265 5153 διὰ
2317 5098 2475 5151 τοῦτο
2530 5093 3042 5165 εὐκαταφρόνητον;
3098 5090 3132 5162 ἦ
3181 5090 3302 5160 οὐχὶ
3353 5089 3448 5143 καὶ
3494 5085 3577 5138 τὸν
3630 5077 3731 5130 TW

512 5176 714 5246 inquit,
741 5180 957 5247 proprio
984 5176 1132 5234 Filio
1168 5196 1273 5234 non
1296 5181 1548 5249 pepercit,
1575 5181 1665 5234 sed
1687 5196 1783 5251 pro
1805 5182 1954 5237 nobis
1987 5199 2079 5236 om

2180 5193 2471 5263 ἐχαρίσατο
2504 5191 2614 5252 τοῖς
2645 5185 2986 5258 ἀνθρώποις;
3021 5185 3131 5251 ’⁸ος
3170 5199 3259 5252 τε,
3286 5181 3438 5251 φησι,
3479 5176 3577 5231 τοῦ
3607 5171 3731 5226 ίόίου

508 5267 667 5329 nibus
710 5268 936 5324 tradidit
983 5271 1163 5336 illum,
1202 5273 1467 5342 quomodo
1502 5273 1664 5327 etiam
1698 5290 1802 5328 non
1844 5291 1951 5329 una
1978 5291 2075 5330 cun

2191 5286 2326 5339 ΥΙοῦ
2357 5285 2467 5339 οὐκ
2495 5282 2802 5352 ἐφείσατο,
2828 5278 2966 5333 ἀλλ’
2991 5276 3146 5344 ὑπὲρ
3170 5273 3339 5344 ἡμῶν
3362 5271 3597 5325 πάντων
3620 5275 3733 5326 παρ-

509 5377 569 5413 co
605 5362 785 5416 omnia
844 5363 995 5418 nobis
1048 5362 1270 5418 donabit
1297 5364 1377 5419 ὀἳ
1426 5363 1492 5419 Et
1538 5365 1713 5421 alibi:
1746 5364 1812 5421 Ut
1865 5367 2076 5421 sciamu.

2179 5378 2403 5432 ἐδωκεν
2427 5374 2635 5440 αὐτὸν,
2662 5370 2790 5439 πῶς
2814 5370 2952 5441 οὐχὶ
2981 5369 3077 5423 καὶ
3120 5369 3244 5424 σὺν
3275 5363 3437 5429 αὐτῷ
3466 5362 3532 5414 τὰ
3568 5355 3732 5412 πάντα

509 5470 628 5521 qua:
676 5471 710 5508 α
738 5454 849 5512 Deo
886 5455 1044 5511 nobis
1088 5456 1291 5511 donata
1340 5464 1549 5526 sunt“,
1593 5460 1660 5514 de
1708 5461 1972 5532 mysterio
2006 5475 2076 5516 as

2182 5470 2326 5540 ἡμῖν
2377 5468 2722 5538 χαρίσεται;
2755 5464 2867 5517 Καὶ
2918 5461 3144 5533 ἑτέρωθι
3169 5477 3184 5493 °
3217 5460 3344 5515 Ἵνα
3402 5452 3633 5521 εἰδῶμεν
3676 5442 3733 5495 τὰ

511 5546 717 5616 sumpti
749 5546 997 5603 hominis
1018 5548 1273 5616 loquens.
1308 5549 1497 5618 Itaque
1518 5550 1613 5619 qui
1648 5550 1752 5607 ista
1776 5551 2076 5623 loquuntur

2182 5563 2301 5620 ὑπὸ
2334 5562 2441 5616 τοῦ
2477 5559 2625 5617 Θεοῦ
2654 5559 3019 5629 χαρισθέντα
3052 5554 3199 5623 ἡμῖν
3223 5568 3238 5582 ο
3271 5549 3399 5621 περὶ
3444 5544 3535 5611 τοῦ
3564 5550 3732 5629 μυστη-

511 5653 700 5694 annon
749 5638 1067 5696 Judteorum
1100 5640 1375 5711 ingratum
1419 5643 1661 5698 animum
1694 5646 2078 5716 amentiamqut

2185 5658 2302 5730 ρίου
2330 5656 2429 5725 τῆς
2454 5652 2921 5724 ἐνανθρωπήσεως
2957 5646 3158 5717 λέγων.
3200 5645 3359 5697 Ὥστε
3388 5640 3504 5703 πῶς
3528 5638 3573 5690 oi
3592 5628 3730 5731 ταῦτα

511 5742 798 5801 superant,
817 5733 913 5804 qui
950 5730 1163 5788 scilicet
1192 5734 1571 5789 excellentiam
1605 5736 1806 5791 divinae
1835 5738 2078 5797 bonitati:

2182 5751 2432 5816 λέγοντες
2464 5748 2583 5817 οὐχὶ
2620 5747 2721 5813 τὴν
2761 5740 3059 5811 Ἰουδαῖκὴν
3094 5735 3483 5809 ἀγνωμοσύνην
3526 5730 3730 5796 παρελη-

581 5863 599 5896 ¹
630 5858 822 5916 Matth.
846 5876 903 5923 x,
943 5858 1031 5914 19.
1108 5856 1130 5886 ¹
1166 5854 1355 5911 llCor.
1385 5871 1466 5920 tu,
1508 5856 1596 5911 i7.
1673 5856 1695 5888 ⁸
1726 5855 1879 5911 Rom.
1909 5873 2022 5920 vm,
2060 5856 2146 5911 ll.

2225 5857 2246 5890 ‘
2281 5856 2442 5915 Joan.
2480 5877 2534 5923 κ,
2573 5859 2663 5915 27.
2738 5861 2761 5893 ³
2792 5859 2951 5916 Joan.
2985 5874 3058 5925 Vl,
3084 5858 3174 5919 δι.
3254 5857 3276 5889 ⁸
3312 5854 3468 5911 Rom.
3502 5867 3608 5916 vm,
3655 5844 3722 5902 10.

507 5931 530 5966 ⁷
563 5934 727 5990 Joan.
759 5948 836 6001 vt,
860 5930 952 5988 64.
1031 5928 1052 5960 ⁸
1087 5926 1245 5983 Rom.
1272 5943 1389 5995 vm,
1420 5927 1474 5981 2.
1553 5930 1573 5960 ’
1598 5925 1716 5982 Act.
1756 5943 1790 5992 I,
1828 5927 1882 5981 8.
1964 5929 2007 5958 ¹⁹
2035 5927 2074 5981 ιι

1461 5964 1474 5980 .
1553 5930 1573 5960 ⁹
1598 5925 1716 5982 Act.
1756 5943 1790 5992 I,
1828 5927 1882 5981 8.
1964 5929 2007 5958 "
2035 5927 2193 5984 Rom.
2228 5945 2341 5997 \‘ttt,
2371 5933 2459 5988 52.
2540 5931 2577 5961 “
2613 5932 2628 5984 l
2666 5931 2795 5986 Cur.
2832 5948 2888 5997 ιι,
2940 5928 3025 5984 12.
