3968 6560
128 578 133 583 ς
205 522 303 587 781

1159 498 1539 577 PANOPLIA
1578 511 2133 573 DOGMA‘I‘lCA.-—
2164 514 2315 577 TlT.
2354 515 2494 574 x11.

3364 518 3472 583 732

202 642 396 693 λύθασι
437 637 539 708 τὴν
567 633 875 708 ὑπερϐολὴν
906 631 1005 705 τῆς
1034 632 1411 704 χρηστότητος
1447 630 1663 700 ἐφόδιον
1696 632 1776 693 είς

1892 637 2105 684 vertant
2135 630 2187 684 in
2220 633 2566 685 occasionem
2594 630 2983 703 blaSphemim?
3019 634 3293 691 Accusant
3317 652 3460 691 eui...

206 732 565 802 βλασφημίαν
627 729 1003 801 λαμϐάνοντες
1033 743 1050 794 ;
1120 725 1447 795 Ἐγκαλοῦσι
1536 725 1647 793 γὰρ
1702 723 1780 794 τῷ

208 826 507 893 Πνεύματι.
543 822 625 875 ὅτι
652 821 972 892 παρρησίαν
996 821 1129 889 ἡμῖν
1165 818 1345 871 δίδωσι
1365 817 1552 870 καλεῖν
1567 816 1785 886 πατέρα

205 918 422 972 ἑαυτῶν
451 918 543 971 τὸν
572 900 727 971 Θεόν.
782 913 1216 981 Ἐξαπέστειλε
1273 912 1385 983 γὰρ
1436 913 1469 966 ό
1513 912 1658 976 Θεὸς
1714 910 1782 964 τὸ

205 1011 453 1079 Πνεῦμα
479 1009 585 1063 τοῦ
633 1009 771 1063 Υίοῦ
801 1007 990 1062 αὐτοῦ
1039 1009 1127 1074 εἰς
1158 1008 1263 1073 τὰς
1295 1004 1547 1073 καρδίας
1595 1002 1786 1071 ἡμῶν,

1893 722 2184 791 Spiritum,
2227 724 2372 792 quod
2409 724 2568 779 nobis
2613 726 2706 779 dat
2756 726 3010 781 liduciam
3046 727 3214 784 Deum
3273 745 3378 801 app
3401 726 3460 782 Ἰ-

1864 813 2041 869 'landi
2080 822 2287 884 patrem
2329 825 2597 871 nostrum.
2626 815 2822 872 Emisit
2856 819 3000 873 enim’
3032 818 3165 875 Deus
3200 820 3462 890 Spiritum

1892 898 2023 953 Filii
2073 902 2155 953 sui
2203 901 2261 954 in’
2313 904 2474 956 corda
2524 914 2702 958 nostra
2762 907 3107 972 clamantem,
3154 911 3321 975 Abba,
3356 910 3465 965 Ρα-

1886 1002 1965 1046 ter
1999 994 2038 1057 ⁸,
2077 1001 2134 1046 ut
2168 991 2316 1049 illius
2372 1002 2473 1047 vox
2511 998 2725 1065 pr0pria
2764 997 2855 1052 liat
2907 1013 3098 1054 eorum
3158 1004 3249 1071 qui
3284 1004 3461 1073 ipsum

204 1102 442 1173 κρᾶζον,
470 1101 649 1160 Ἀὄόἇ
675 1107 705 1157 ό
739 1102 963 1170 Πατὴρ.
997 1101 1086 1154 ἵνα
1118 1104 1149 1170 ὴ
1176 1101 1383 1153 ἐκείνου
1443 1100 1599 1171 φωνὴ
1679 1098 1776 1150 τῶν

1889 1095 2237 1157 acceperunt.

204 1196 530 1267 δεξαμένων·
551 1196 655 1248 ίδίοι
687 1198 933 1264 γένηται.

207 1312 340 1365 Ὀτι
367 1309 444 1378 τῇ
471 1327 490 1360 ι
523 1311 593 1363 ἐν
617 1328 634 1360 ι
669 1308 953 1378 συλνὶρϐῇ
981 1308 1115 1362 ἀντὶ
1147 1306 1247 1375 τῆς
1294 1325 1313 1358 ι
1345 1307 1469 1361 σὺν
1505 1327 1522 1359 ι
1564 1309 1601 1375 ἡ
1630 1310 1781 1375 Γραο

276 1383 366 1462 φῇ
395 1374 793 1462 κέχρηταιζρν
817 1374 1114 1462 gagaten
1136 1379 1172 1447 ἡ
1206 1374 1223 1429 ι
1248 1378 1343 1430 καὶ
1372 1397 1389 1429 ι
1429 1374 1787 1449 ἰσοδυναμεῖ

274 1452 356 1519 τῇ
393 1462 413 1502 t‘
439 1456 582 1504 συν.
623 1469 641 1501 ι
681 1452 910 1517 Κεφάλ.
937 1457 1043 1502 κε’.

280 1570 411 1631 Πῶς
451 1563 565 1631 οὖν,
634 1566 819 1634 φησὶν.
856 1566 889 1634 ἡ
945 1566 1136 1644 Γρᾳφὴ
1195 1564 1436 1635 οὐδαμοῦ
1476 1565 1791 1627 συνδοξαςηε-

192 1678 359 1733 μενον
386 1660 561 1731 Πατρλ⁵
606 1662 698 1714 καὶ
730 1660 843 1731 Υἱῷ
883 1659 943 1713 τὸ
986 1658 1215 1729 Πνεῦμα
1265 1657 1604 1729 παρέδωκεν,
1646 1657 1781 1710 ἀλλὰ

193 1752 627 1822 πεφυλαγμένως
673 1751 912 1818 ἐξέκλινε
958 1751 1039 1813 τὸ,
1085 1752 1208 1806 σὺν
1238 1750 1318 1817 τῷ
1350 1751 1668 1818 Πνεῦματι,
1706 1750 1782 1801 εί-

1892 1310 2044 1375 Quod
2062 1310 2338 1379 Scriptura
2355 1311 2455 1383 hac
2479 1310 2685 1381 syllaba
2717 1329 2738 1366 ι
2758 1314 2815 1368 in
2839 1332 2860 1365 ι
2890 1330 2984 1383 pro
3014 1333 3031 1367 ι
3056 1331 3175 1369 cum
3201 1334 3219 1368 ι
3247 1326 3429 1371 utatur
3449 1334 3469 1373 :

1964 1384 2051 1457 ubi
2080 1383 2238 1457 etiam
2268 1381 2521 1445 probatur
2557 1392 2665 1438 sets
2700 1384 2840 1439 idem
2865 1381 3062 1454 pollere
3088 1393 3225 1457 quod
3256 1405 3459 1441 «cum.»

1967 1454 2135 1523 Caput
2168 1451 2263 1507 9.5.

1946 1567 2068 1631 Qui
2137 1568 2196 1621 ﬁt
2259 1569 2457 1637 igitur,
2517 1568 2811 1637 inquiunt,
2874 1581 2931 1627 ut
2995 1572 3277 1642 Scriptura
3344 1590 3467 1629 nus.

1883 1652 2048 1721 quam
2099 1652 2277 1707 tradat
2315 1653 2577 1724 Spiritum
2609 1657 2906 1729 gloriﬁcari
2942 1674 3065 1713 cum
3098 1658 3261 1716 Patre
3291 1670 3345 1717 et
3380 1662 3470 1720 Fi-

1887 1746 1980 1809 lio,
2015 1745 2111 1801 sed
2155 1746 2403 1801 studiose
2449 1750 2581 1803 vitet
2628 1768 2696 1805 ne
2746 1750 2917 1814 dicat,
2970 1769 3089 1805 cum
3140 1753 3367 1823 Spiritu,
3403 1772 3469 1813 ac

192 1842 352 1913 πείν;
392 1843 665 1915 πανταχοῦ
705 1844 761 1897 δὲ
810 1844 869 1897 τὸ
922 1845 980 1921 ὲν
1027 1843 1175 1921 αὐτῷ
1218 1843 1460 1908 δοξάζειν
1495 1842 1569 1904 ὡς
1610 1842 1776 1912 ἁρμο-

1885 1832 2087 1907 ubique
2122 1836 2275 1892 malit
2325 1840 2634 1909 gloriﬁcare
2686 1843 2741 1896 in
2796 1844 2937 1914 ipso,
2974 1845 3131 1914 quasi
3184 1846 3287 1903 hoc
3333 1865 3467 1903 cono

191 1935 448 2007 διώτερον
478 1935 875 2008 προετίμησεν;
920 1935 1060 2004 Ἐγὼ
1086 1936 1141 1989 δὲ
1171 1936 1278 1988 οὐδ’
1315 1936 1381 1989 ἂν
1420 1935 1581 1997 αὐτὸς
1615 1934 1776 2005 φαίην

1884 1925 2531 2001 grueniiquudicct?At
2564 1950 2664 2004 ego
2690 1951 3033 2009 nequaquam
3066 1937 3299 1993 dixerim
3326 1940 3465 1997 hanc

190 2029 523 2099 ἀτιμοτέρας
546 2024 686 2081 εἶναι
715 2029 952 2091 διανοίας
989 2027 1403 2099 παραστατικὴν
1428 2028 1525 2097 τὴν
1547 2028 1617 2081 ἐν
1646 2028 1774 2080 συλ-

189 2122 380 2193 λαϐὴν,
410 2121 525 2174 ἀλλ’
572 2122 738 2190 ὑγιῶς
792 2121 1275 2193 ὲκλαμϐανομένην
1327 2103 1463 2192 πρδς
1512 2122 1572 2174 τὸ
1622 2122 1776 2192 μέγι-

187 2230 309 2266 στον
352 2212 484 2281 ὕψος
522 2212 745 2282 ἀνάγειν
791 2213 890 2275 τὰς
934 2212 1202 2275 διανοίας·
1249 2212 1380 2264 ὅπου
1420 2229 1482 2280 γε
1518 2214 1610 2265 καὶ
1655 2212 1773 2265 ἀντὶ

187 2306 282 2375 τῆς
342 2306 464 2359 σὺν
509 2306 775 2377 πολλαχοῦ
833 2306 1088 2376 κειμένην
1138 2305 1307 2374 αὐτὴν
1366 2308 1774 2376 τετηρήκαμεν.

193 2379 280 2462 Ὦς
308 2400 395 2460 τὸ.
434 2401 875 2467 Είσελεύσομαι
924 2400 1010 2461 είς
1045 2396 1151 2450 τὸν
1188 2394 1356 2450 οἶκόν
1385 2394 1503 2450 σίου
1531 2397 1599 2449 ἐν
1639 2397 1777 2448 ὀλο-

190 2478 580 2547 καυτώμασιν
599 2497 611 2509 ⁸
644 2483 761 2535 ἀντὶ
788 2483 901 2543 τοῦ,
920 2481 1070 2551 μετὰ
1109 2478 1630 2551 ὁλοκαυτωμάτων.
1660 2480 1771 2536 Καὶ

187 2566 485 2637 ἐξιὶπτιγεν
522 2571 741 2637 αὐτοὺς
780 2572 850 2625 ἐν
891 2574 1150 2644 ἀργιφίῳ
1189 2574 1287 2628 καὶ
1331 2576 1581 2642 χρυσίῳ,
1617 2594 1769 2630 τουτ-

189 2646 323 2719 έστι.
370 2659 519 2728 μετὰ
566 2661 848 2731 ἀργυρίου
892 2662 988 2716 καί
1043 2663 1333 2732 χρυσίου·
1374 2664 1606 2729 καὶντὸ,
1649 2668 1770 2719 Οὐκ

187 2748 484 2822 ἐξελεύσῃ
660 2754 731 2807 ἐν
754 2736 881 2821 ταῖς
911 2755 1245 2825 δυνάμεσιν
1277 2755 1467 2825 ἡμῶν,
1494 2757 1614 2809 ἀντὶ
1651 2758 1767 2821 τοῦ,

188 2843 307 2896 σὺν
354 2843 483 2908 ταῖς
527 2843 857 2913 δυνάμεσιν
905 2846 1103 2915 ἡμῶν,
1152 2847 1248 2900 καὶ
1301 2847 1470 2918 μυρία
1524 2847 1770 2901 τοιαῦτα.

192 2933 369 2996 Ὀλως
402 2933 457 2985 δὲ
487 2935 654 3005 ἡδέως
694 2936 759 2990 ἂν
809 2936 1036 3008 μάθοιμι
1064 2936 1218 3008 παρὰ
1255 2922 1350 3008 τῆς
1391 2938 1518 3001 νέας
1560 2938 1770 3006 σοφίας,

190 3026 351 3079 ποίαν
380 3008 686 3095 δοξολογίαν
712 3029 740 3081 ὁ
781 3020 1103 3107 Ἀπόστολος
1137 3029 1225 3084 διά
1255 3030 1373 3095 τοῦ,
1408 3032 1497 3097 ἐν,
1528 3016 1773 3101 ῥήματος

190 3117 580 3189 ἀπεπλήρωσε,
610 3119 749 3173 κατὰ
776 3120 866 3174 τὸν
889 3121 1056 3176 τύπον
1086 3122 1144 3175 ὃν
1178 3116 1323 3177 οὗτοι
1349 3122 1444 3177 νῦν
1469 3123 1545 3187 ὡς
1581 3123 1647 3176 ὲκ
1675 3122 1774 3193 τῆς

192 3200 413 3280 Γραφῇ
437 3211 811 3283 ἀναφέρουσιν.
856 3213 1106 3285 Ούδαμοῦ
1138 3214 1247 3287 γὰρ
1279 3211 1438 3287 εὗρον
1480 3214 1774 3286 λεγόμενον

190 3303 268 3363 τὸ,
290 3304 385 3355 Σοὶ
416 3302 493 3371 τῷ
524 3304 697 3375 Πατρ)⁵
727 3307 760 3376 ἡ
791 3304 925 3376 τιμὴ
955 3306 1052 3359 καὶ¹
1096 3308 1130 3377 ἡ
1172 3306 1297 3373 δόξα
1336 3291 1424 3359 διὰ
1470 3305 1565 3359 τοῦ
1618 3323 1775 3377 μονο-
1801 3316 1842 3370 C

192 3395 382 3461 γενοῦς
414 3412 507 3449 σου
542 3396 671 3449 Υἱοῦ
706 3399 761 3450 ὲν
795 3396 870 3468 τῷ
901 3397 1039 3469 ἁγίῳ
1070 3397 1374 3466 Πνεύματι·
1407 3399 1541 3469 ὅπερ
1564 3399 1776 3462 τούτοις

196 3488 305 3539 ἐστὶ
367 3487 462 3540 νῦν
505 3490 597 3541 καὶ
626 3489 815 3560 αὐτῆς,
858 3490 935 3553 ὡς
968 3492 1165 3553 εἰπεῖν,
1196 3491 1291 3560 τῆς
1329 3490 1605 3559 ἀναπνοῆς
1650 3506 1777 3542 συνο-

196 3580 505 3650 ηοέστερον.
546 3580 965 3652 Διεσπασμένως
1011 3582 1106 3650 μὲν
1136 3580 1245 3652 γὰρ
1298 3581 1502 3634 τούτων
1543 3580 1777 3659 ἕκαστον

198 3668 342 3722 ἔστιν
386 3670 596 3741 εὑρεῖν·
643 3671 999 3743 συνημμένως
1047 3671 1103 3725 δὲ
1144 3672 1200 3723 ἐν
1250 3674 1315 3742 τῇ
1534 3671 1781 3735 συντάξει

196 3758 369 3831 ταύτῃ
396 3759 629 3828 οὐδαμοῦ
660 3760 921 3813 δεικνύειν
949 3760 1181 3824 ἕξουσιν.
1210 3760 1375 3813 Ὥστε
1400 3762 1449 3813 εί
1485 3760 1586 3831 μὲν
1618 3762 1776 3831 ἀκριο

196 3846 541 3917 θολογοῦνται
569 3851 695 3921 περὶ
730 3851 798 3905 τὰ
835 3850 1107 3922 ἕγγραφα,
1138 3851 1466 3917 δειξάτωσαν
1498 3836 1661 3907 πόθεν
1690 3851 1778 3907 λέ-

199 3959 414 4009 γουσιν’
461 3943 509 3994 εί
552 3941 608 3995 δὲ
656 3944 993 4015 συγχωροῦσι
1020 3946 1087 4014 τῇ
1127 3944 1405 4008 συνηθείᾳ,
1451 3944 1586 4015 μηδὲ
1628 3946 1776 4015 ἡμᾶς

199 4033 607 4105 ὲξειργέτωσαν.

396 4126 585 4195 Ἡμεῖς
636 4125 774 4196 γὰρ,
824 4127 1138 4198 ἀμφοτέρας
1190 4128 1246 4181 ὲν
1297 4129 1365 4199 τῇ
1410 4128 1518 4180 τῶν
1568 4128 1776 4182 πιστῶν

198 4218 297 4289 χρή
306 4234 387 4269 σει
406 4217 914 4287 καταλαμϐάνοντες
1077 4218 1175 4281 τὰς
1205 4219 1414 4290 ῥήσεις,
1439 4220 1777 4290 ἀμφοτέραις

198 4309 541 4381 κεχρήμεθαι
578 4309 675 4381 τὴν
706 4310 805 4380 μὲν
834 4310 992 4375 δόξαν
1019 4309 1097 4382 τῷ
1128 4309 1406 4381 Πνεύματι
1448 4310 1649 4380 ὁμοίως
1678 4312 1774 4382 ἀφ’

198 4399 465 4470 ἑκατέρας
509 4399 842 4471 πληροῦσθαι
888 4398 1333 4462 πεπιστευκότες,
1383 4398 1510 4463 τοὺς
1559 4399 1615 4453 δὲ
1667 4417 1771 4455 κα-

197 4491 559 4562 κουργοῦντας
606 4492 702 4561 τὴν
759 4492 1017 4563 ἀλήθειαν
1071 4490 1520 4562 ἐπιστομίζεσθαι
1575 4477 1776 4563 μᾶλλον

195 4583 276 4636 διὰ
308 4585 407 4654 τῆς
428 4584 794 4654 προκειμένης
826 4583 1043 4650 λέξεως,
1086 4584 1230 4654 ἥτις,
1271 4584 1367 4653 τὴν
1408 4581 1637 4654 δύναμιν
1666 4584 1777 4637 τῶν

198 4673 424 4744 Γραφῶν
469 4674 856 4746 παραπλησίαν
898 4674 1114 4745 ἔχουσα,
1162 4674 1345 4727 οὐκέτι
1391 4674 1540 4728 ἐστὶν
1577 4674 1777 4744 ὁμοίως

196 4767 303 4827 τοῖς
325 4764 587 4827 ἐναντίοις
608 4764 1013 4834 εὐεπιχείρητος
1038 4764 1175 4834 (ἔστι
1202 4763 1258 4817 δὲ
1286 4761 1426 4832 αὕτη
1456 4764 1492 4834 ἡ
1512 4762 1779 4830 ἀντιλεγο-

202 4854 332 4926 μένη
358 4852 453 4906 νῦν
484 4854 633 4925 παρὰ
660 4852 884 4922 τούτων)
916 4852 1033 4905 ἀντὶ
1057 4850 1151 4905 τοῦ
1186 4852 1286 4906 καὶ
1317 4851 1611 4922 συνδέσμου
1637 4869 1777 4921 παρ-

200 4946 516 5017 ειλημμένη.
550 4947 693 4998 Ἱσον
720 4944 828 5015 γάρ
868 4947 1013 4997 ἐστιν
1046 4940 1218 4998 εἰπεῖν
1238 4960 1251 4973 ⁵
1282 4943 1524 5009 Παῦλος
1553 4943 1647 4996 καὶ
1683 4948 1779 4998 Σιο

201 5036 459 5103 ,λουανός
483 5036 579 5089 καὶ
610 5038 899 5104 Τιμόθεος,
924 5038 1036 5102 καὶ,
1061 5036 1269 5099 Παῦλος
1295 5036 1390 5089 σὺν
1414 5037 1660 5108 Τιμοθέῳ
1686 5038 1777 5090 καὶ

207 5128 487 5199 Σιλουανῷ.
533 5127 593 5180 ἸΙ
626 5128 734 5198 γὰρ
769 5127 1055 5198 συμπλοκὴ
1092 5128 1200 5181 τῶν
1227 5128 1505 5199 ὀνομάτων
1548 5129 1614 5181 δι’
1650 5125 1775 5193 ἐκα-

200 5221 358 5289 τέρας
396 5219 597 5289 ὁμοίως
629 5221 724 5290 τῆς
765 5220 1125 5289 ὲκφωνήσεως
1172 5218 1420 5283 σώζεται.
1474 5220 1536 5272 Εἰ
1579 5220 1783 5285 τοίνυν,·

200 5310 288 5362 τοῦ
344 5313 551 5381 Κυρίου
606 5311 849 5374 εἰπόντος
887 5310 1105 5380 Πατέρα
1154 5312 1248 5363 καὶ
1302 5300 1423 5363 Υῑδν
1480 5312 1573 5363 καὶ
1626 5313 1777 5379 ἅγιον

203 5403 449 5474 Πνεῦμα,
496 5403 655 5466 αὐτὸς
709 5402 919 5473 εἴποιμι
964 5402 1183 5472 Πατέρα
1230 5402 1323 5455 καὶ
1373 5401 1497 5455 Υἱὸν
1554 5404 1649 5456 σὺν
1698 5403 1777 5472 τῷ

202 5495 335 5565 ἁγίῳ
364 5495 660 5565 Πνεύματι,
688 5494 816 5547 ἄλλο
860 5512 911 5546 τι
1114 5492 1349 5566 εἰρηκὼς
1382 5493 1522 5547 κατὰ
1558 5493 1654 5564 τὴν
1682 5494 1773 5546 δύ-

202 5604 355 5657 ναμιν
375 5588 568 5658 ἔσομαι
590 5604 606 5650 ;
632 5588 741 5659 Τῆς
767 5586 823 5639 δὲ
846 5586 933 5640 διὰ
952 5585 1045 5639 τοῦ
1076 5586 1175 5639 καὶ
1207 5585 1503 5657 συνδέσμου
1536 5587 1772 5657 συμπλο-

202 5679 300 5749 κῆς
342 5682 444 5734 τῶν
481 5682 757 5749 ὀνομάτων
808 5679 978 5733 πολλὰ
1024 5680 1091 5733 τὰ
1147 5679 1442 5751 μαρτύρια.
1499 5681 1559 5735 Ἠ
1604 5681 1774 5749 χάρις

1880 2025 2147 2095 syllabam
2186 2027 2239 2079 in
2286 2026 2545 2082 exhibere
2586 2042 2809 2082 sensum
2851 2030 3035 2085 minus
3071 2030 3459 2099 honoriﬁcum,

1880 2119 1990 2172 imo
2020 2120 2225 2187 potius,
2259 2119 2303 2174 si
2333 2135 2466 2174 sane
2514 2116 2837 2190 accipiatur,
2867 2121 2932 2175 ad
2966 2122 3257 2177 maximam
3303 2128 3464 2183 celsi.

1881 2211 2124 2265 tudinem
2155 2212 2365 2281 erigere
2409 2218 2672 2276 mentem,
2698 2213 3163 2283 quandoquidem
3202 2215 3462 2272 observa—

1881 2304 2061 2358 vimus
2114 2303 2260 2357 hanc
2304 2302 2619 2373 frequenter
2660 2308 2916 2375 usurpari
2963 2322 3062 2376 pro
3103 2323 3243 2364 cum.
3302 2306 3457 2375 Quod

1879 2412 2051 2464 guttus
2086 2405 2171 2449 est
2208 2394 2364 2458 illud,
2390 2393 2676 2463 Ingrediar
2704 2397 2919 2452 domum
2951 2409 3097 2454 tuam
3121 2403 3176 2456 in
3209 2401 3458 2456 holocau-

1881 2472 2167 2527 tomatibus
2214 2473 2233 2503 ³
2270 2488 2412 2543 :pro
2448 2475 2535 2528 his
2560 2478 2809 2542 vocibus.
2860 2494 2977 2532 cum
3013 2480 3455 2535 holocautomati-

1880 2560 1995 2617 bus.
2050 2562 2113 2617 Et
2143 2564 2323 2619 eduxit
2364 2583 2451 2622 eos
2490 2569 2546 2621 in
2580 2580 2815 2643 argento
2849 2580 2897 2623 et
2933 2587 3065 2625 auro
3108 2577 3157 2637 ³,
3196 2574 3299 2627 hoc
3342 2582 3451 2635 est,

1879 2670 1997 2707 cum
2031 2665 2247 2726 argento
2276 2666 2326 2711 at
2372 2676 2527 2715 auro.
2564 2659 2693 2716 Item
2721 2663 2878 2728 illttd,
2918 2661 3042 2718 Non
3073 2663 3357 2734 egredieris
3396 2664 3453 2718 iu

1880 2747 2161 2803 virtutibus
2206 2751 2404 2804 nostris
2451 2752 2498 2816 ⁸,
2554 2767 2681 2822 pro,
2727 2769 2846 2807 cum
2898 2754 3183 2808 virtutibus
3228 2755 3450 2818 nostris,

1882 2840 2095 2909 aliaque
2142 2841 2304 2911 hujus
2336 2845 2553 2914 generis
2604 2845 3043 2901 innumerabilia.
3086 2845 3323 2900 Omnino
3369 2846 3454 2899 lu-

1882 2931 2017 2986 bens
2055 2932 2123 2987 ab
2158 2932 2262 2989 ista
2281 2949 2421 2988 nova
2454 2935 2725 3006 sapientia
2755 2935 3018 3002 didicero,
3044 2938 3256 3007 qualem
3285 2936 3449 3008 glori—

1884 3023 2192 3078 licationem
2216 3027 2515 3095 Apostolus
2542 3026 2838 3081 absolverit
2866 3042 2961 3095 per
2989 3027 3129 3080 hanc
3156 3027 3451 3082 dictionem

1881 3113 1957 3176 in,
1984 3114 2139 3185 juxta
2174 3116 2402 3172 formam
2431 3132 2595 3187 quam
2638 3117 2730 3173 isti
2766 3122 2911 3172 nunc
2947 3127 3204 3189 tanquam
3238 3136 3270 3174 e
3297 3118 3453 3174 Scri-

1882 3215 2040 3275 ptura
2093 3209 2396 3278 proferunt.
2437 3210 2711 3279 Nusquam
2771 3208 2916 3264 enim
2975 3211 3158 3265 inveni
3196 3211 3449 3267 dictum:

1884 3298 2006 3353 Tibi
2046 3298 2193 3354 Patri
2236 3302 2412 3356 honor
2443 3310 2497 3357 et
2531 3301 2702 3371 gloria
2743 3315 2838 3370 per
2876 3302 3217 3373 unigenitum
3254 3302 3451 3358 Filium

1884 3400 2034 3445 tuum
2067 3394 2122 3446 in
2153 3391 2361 3462 Spiritu
2402 3403 2593 3448 sancto
2628 3412 2640 3447 :
2674 3392 2769 3464 qui
2799 3408 2983 3448 sermo
3012 3410 3159 3449 nunc
3192 3395 3314 3450 istis
3344 3397 3456 3451 usi-

1882 3482 2048 3536 tatior
2076 3492 2161 3537 est
2191 3484 2329 3554 ipsa,
2367 3494 2425 3538 ut
2459 3486 2531 3538 ita
2567 3486 2780 3554 loquar,
2822 3484 3215 3554 respiratione.
3248 3485 3453 3541 Horum

1881 3571 2101 3642 quidem
2148 3575 2363 3644 singula
2412 3572 2705 3645 separatim
2757 3576 3003 3631 invenire
3034 3576 3183 3643 licet,
3218 3578 3457 3647 conjun‘

1881 3663 2012 3716 etim
2066 3679 2197 3718 vero
2243 3666 2421 3733 posita
2464 3667 2520 3719 in
2555 3667 2657 3721 bac
2714 3668 3127 3723 constructione
3180 3684 3455 3739 nusquam

1883 3763 2143 3824 poterunt
2170 3756 2478 3812 ostendere.
2512 3756 2699 3827 Itaque
2732 3758 2780 3813 si
2805 3765 2996 3814 exacte
3022 3768 3217 3830 urgent
3240 3775 3305 3815 ea
3334 3777 3456 3829 quae

1885 3846 1937 3899 in
1969 3843 2266 3915 Scripturis
2307 3847 2596 3913 habentur,
2627 3848 2920 3903 ostendant
2942 3848 3087 3905 unde
3109 3851 3215 3907 ista
3240 3850 3449 3907 dicant.

1882 3934 2036 4001 Quod
2076 3938 2120 3991 si
2158 3939 2469 3994 concedunt
2501 3941 2887 3997 consuetudini
2913 3981 2929 4007 ,
2957 3957 3137 4014 neque
3165 3957 3267 4001 nos
3289 3945 3360 4001 ab
3389 3959 3454 4001 ea

1882 4029 2193 4086 excludant.

2083 4118 2194 4175 Nos
2234 4120 2381 4176 enim
2431 4122 2622 4179 ambas
2663 4124 2936 4181 dictiones
2983 4125 3036 4181 in
3071 4124 3313 4181 fidelium
3350 4142 3455 4183 usu

1882 4210 2391 4281 deprehendentes,
2448 4214 2718 4272 ambabus
2767 4218 3011 4272 utimur:
3050 4218 3279 4289 gloriam
3332 4218 3457 4289 qui-

1881 4303 2005 4357 dem
2039 4302 2267 4374 Spiritui
2313 4321 2379 4360 ex
2413 4322 2568 4376 aequo
2597 4323 2693 4377 per
2728 4318 3016 4379 utramque
3046 4311 3283 4379 persolvi
3322 4312 3452 4379 rati,

1881 4395 1963 4451 eis
1996 4411 2123 4450 vero
2157 4394 2249 4466 qui
2283 4395 2583 4471 depravant
2615 4398 2922 4466 veritatem,
2964 4400 3239 4457 credimus
3266 4404 3453 4473 'magis

1880 4504 1943 4543 os
1966 4487 2209 4543 obturari
2239 4502 2336 4557 per
2365 4504 2483 4543 eam
2514 4490 2979 4560 prmpositionem,
3015 4508 3137 4560 qua:
3168 4508 3292 4548 cum
3334 4511 3456 4551 sen-

1883 4593 2006 4632 sum
2049 4577 2106 4632 in
2149 4576 2451 4646 Scripturis
2488 4578 2721 4632 similem
2767 4580 2985 4644 haheat,
3036 4597 3144 4637 non
3182 4583 3259 4637 ita
3293 4583 3453 4641 facile

1881 4669 1949 4724 ab
2000 4668 2332 4725 adversariis
2389 4670 2687 4740 expugnari
2730 4680 2907 4740 potest
2947 4672 3057 4743 (est
3109 4683 3290 4729 autem
3332 4676 3449 4746 ipsa

1881 4760 1974 4817 illa
2021 4762 2110 4816 cui
2158 4776 2306 4817 nunc
2341 4762 2410 4815 ab
2463 4763 2585 4817 istis
2628 4764 3048 4836 contradicitur)
3096 4773 3283 4837 utpote
3333 4785 3453 4839 qua:

1880 4870 1979 4925 pro
2012 4863 2062 4909 et
2113 4854 2501 4924 conjunctione
2552 4864 2820 4911 sumatur.
2864 4855 2999 4912 Nam
3051 4858 3197 4916 idem
3250 4871 3334 4918 est
3377 4863 3455 4917 di-

1880 4958 2024 5007 cere,
2075 4943 2279 4999 Paulus
2330 4955 2379 4999 et
2422 4945 2699 5010 Silvanus,
2736 4957 2786 5002 et
2832 4948 3139 5005 Timotheus
3174 4960 3229 5016 ³,
3262 4962 3450 5024 atque,

1881 5031 2082 5092 Paulus
2118 5052 2242 5089 cum
2274 5026 2561 5092 Timotheo
2600 5046 2653 5093 et
2698 5039 2942 5096 Silvano.
2972 5040 3265 5099 Nominum
3306 5046 3451 5099 enim

1881 5128 2183 5189 connexio,
2256 5135 2486 5199 utraque
2545 5132 2997 5199 pronuntiatione
3049 5135 3301 5191 similiter
3338 5154 3454 5194 ser-

1881 5229 2057 5272 vatur.
2098 5218 2285 5288 ltaque
2337 5220 2383 5274 si
2432 5236 2557 5275 cum
2593 5222 2861 5281 Dominus
2900 5227 3099 5283 dixerit
3146 5228 3362 5286 Patrem
3403 5243 3458 5289 et

1874 5306 2077 5383 Filium
2109 5319 2163 5363 et
2211 5321 2461 5365 sanctum
2508 5310 2793 5382 Spiritum,
2846 5316 2964 5386 ipse
3005 5317 3209 5383 dicam,
3242 5319 3457 5378 Patrem

1882 5410 1934 5454 et
1985 5400 2179 5457 Filium
2238 5418 2363 5457 cum
2421 5401 2630 5473 Spiritu
2692 5416 2928 5474 sancto;
2993 5409 3249 5477 aliudue,
3310 5417 3457 5483 quod

1883 5493 1950 5546 ad
1991 5495 2277 5553 sententiae
2308 5496 2417 5549 vim
2464 5497 2681 5564 attinet,
2711 5498 2945 5554 dixero?
2989 5497 3165 5556 Porro
3199 5517 3298 5572 per
3323 5518 3458 5558 con-

1879 5586 2219 5656 iunctionem
2260 5598 2309 5643 et
2362 5589 2615 5645 connecti
2665 5590 2907 5655 nomina,
2965 5592 3157 5649 multis
3204 5595 3457 5650 testimo-

1888 5680 1991 5732 uiis
2031 5680 2243 5747 prubari
2291 5687 2491 5749 potest.
2544 5678 2733 5735 Gratia
2774 5682 2938 5749 enim,
2991 5684 3191 5755 inquit,
3242 5684 3459 5741 Domini

296 5954 608 6024 'Galat.tv,
654 5955 716 6029 ‘6.
795 5958 818 5991 ²
848 5951 994 6016 Psal.
1021 5970 1151 6021 va,
1191 5955 1283 6013 t3.
1353 5956 1372 5987 ⁸
1414 5954 1558 6010 Psal.
1598 5968 1711 6020 CW,
1742 5953 1829 6008 57.
1906 5957 1927 5985 δ
1961 5950 2109 6006 Psal.
2151 5962 2308 6015 mn,
2345 5949 2434 6005 ιθ.
2512 5947 2534 5979 ⁸
2559 5945 2583 6003 Ι
2612 5943 2873 6013 Themi,
2900 5943 2949 6004 1.
