3968 6602
283 450 385 515 785
1255 445 1627 509 PANOI‘LIA
1670 446 1866 507 DOGM

1969 445 2128 504 'lCA.
2160 469 2228 479 -
2253 445 2398 506 ΤΙΤ.
2429 441 2582 505 XII.

285 573 381 638 τῆς
410 569 706 638 συναφείας
733 567 830 634 τὴν
856 567 1090 631 ἔννοιαν,
1115 565 1361 635 γενέσθω
1382 566 1509 634 ὑμῖν
1535 562 1844 626 ἐνσπονδοτ,

1969 562 2097 614 nam
2124 561 2294 630 igitur
2328 563 2764 618 demonstratum
2797 568 2882 616 est
2911 557 3348 630 praepositionem
3409 572 3526 612 cum

283 663 328 715 εί
354 663 521 726 δοκεῖ,
553 661 648 714 καὶ
695 659 978 713 παύσασθε
1008 658 1103 712 τοῦ
1132 655 1371 728 χαλεποῦ
1403 658 1539 726 πρὸς
1565 654 1737 725 αὐτὴν
1756 654 1850 706 καὶ

1969 650 2457 720 significantissime
2535 651 2763 708 reddere
2836 647 3244 720 coniunctionis
3321 647 3527 704 intelli-

283 753 596 823 ἀκηρύκτου
619 753 880 823 πολέμου.
937 751 1130 821 Ὅμως
1178 751 1364 820 μέντοι
1391 748 1564 812 οὕτως
1607 748 1848 815 εὐσήμου

1969 747 2219 814 gentiam,
2279 744 2526 800 inducias
2556 759 2586 799 a
2627 744 2804 808 vobis,
2841 743 2887 799 si
2950 743 3186 804 videtur,
3249 742 3522 812 impetret,

284 849 376 916 τῆς
402 847 592 918 φωνῆς
623 847 1004 930 ὑπαρχούσης,
1047 848 1104 902 εί
1128 865 1205 918 τῳ
1235 846 1388 916 φίλον
1418 848 1474 898 ἐν
1519 843 1850 930 δοξολογίαις

1969 857 2018 895 ιο
2067 838 2314 894 desistite
2374 848 2527 892 atrox
2584 844 2636 892 et
2665 837 3006 907 implacabile
3031 837 3228 892 bellum
3266 850 3391 890 cum
3437 832 3528 887 illa

287 941 338 992 ἐν
381 923 754 1004 Εύαγγελίοξξ
769 934 862 987 ἐπὶ
892 933 986 987 τοῦ
1021 932 1394 1004 βαπτίσματος
1442 927 1860 998 μεμαθήκαμεν,

1969 949 2165 1005 gerere.
2266 929 2371 987 Sed
2443 941 2624 986 tamen
2717 931 2971 1002 quamvis
3045 931 3162 985 haec
3227 943 3332 984 vox
3422 937 3528 981 tam

288 1029 504 1099 Πατέρα
526 1028 619 1080 καὶ
659 1026 785 1078 Υίὸν
817 1025 912 1078 καὶ
945 1025 1096 1092 ἅγιον
1134 1022 1383 1090 Πνεῦμα’
1415 1020 1508 1072 καὶ
1543 1016 1685 1071 οὕτω
1715 1012 1863 1083 γινέ-

1969 1038 2083 1098 apta
2115 1025 2186 1081 sit
2225 1024 2291 1077 ad
2335 1019 2778 1093 signiﬁcandum,
2831 1019 2877 1074 si
2925 1019 3016 1074 cui
3052 1018 3202 1073 cordi
3258 1017 3424 1071 fuerit
3477 1016 3532 1069 in

287 1120 417 1183 σθω,
450 1118 622 1181 οὐδεὶς
673 1117 907 1187 ἀντερεῖ.
957 1114 1079 1167 Ἐπὶ
1123 1113 1352 1175 τούτοις,
1398 1112 1444 1164 εἰ
1483 1110 1648 1167 δΟΑεῖ,
1693 1122 1864 1160 κατα-

1969 1115 2451 1192 gloriﬁcationibus
2485 1128 2582 1184 per
2635 1111 2903 1184 syllabam
2931 1122 2978 1166 et
3036 1111 3256 1164 nomina
3323 1123 3533 1164 conne-

283 1211 525 1281 θώμεθα.
567 1205 728 1261 Ἀλλὰ
769 1208 868 1270 τὰς
899 1205 1149 1274 γλώσσας
1190 1204 1255 1258 ἂν
1290 1201 1536 1273 πρόοιντο
1577 1197 1792 1270 μᾶλλον,
1829 1193 1862 1264 ἢ

284 1303 382 1372 τὴν
421 1299 602 1370 φωνὴν
636 1297 840 1369 ταύτην
886 1295 1146 1362 δέξαιντο.
1182 1291 1352 1346 Τοῦτο
1387 1290 1483 1361 μὲν
1511 1283 1604 1341 οὖν
1644 1288 1810 1344 ἐστιν,
1837 1281 1866 1336 ὃ

283 1393 376 1446 τὸν
407 1376 715 1462 ἀκήρυκτον
739 1389 873 1460 ἡμῖν
893 1387 984 1441 καὶ
1013 1385 1274 1442 ἄσπονδον
1308 1383 1540 1453 πόλεμον
1568 1377 1862 1446 ἐπεγείρει.

297 1487 387 1537 Ἐν
436 1483 516 1554 τῷ
557 1483 855 1553 Πνεύματι,
907 1480 1060 1551 φησὶ,
1093 1477 1170 1550 τῷ
1227 1475 1365 1545 ἁγίῳ
1414 1473 1512 1545 τὴν
1563 1467 1866 1538 δοξολογίαν

283 1575 577 1630 ἀποδοτέον
597 1574 676 1644 τῷ
697 1573 836 1645 Θεῷ,
867 1572 988 1642 οὐχὶ
1017 1570 1074 1624 δὲ
1109 1570 1205 1623 καὶ
1221 1567 1296 1640 τῷ
1317 1566 1624 1635 Πνεύματι·
1655 1560 1748 1614 καὶ
1776 1561 1866 1612 έκο

283 1668 567 1740 θυμὰτατα
610 1667 710 1738 τῆς
739 1666 921 1736 φωνῆς
969 1662 1174 1735 ταύτης
1211 1661 1286 1726 ὼς
1475 1655 1866 1724 ταπεινωτικῆς

283 1762 380 1815 τοῦ
416 1761 733 1832 Πνεύματος
785 1759 1150 1830 περιέχονται.
1187 1754 1326 1826 Περὶ
1350 1746 1420 1825 ἧς
1452 1751 1550 1804 οὐκ
1595 1747 1868 1832 ἄχρηστον

284 1855 382 1906 καὶ
429 1853 519 1906 διὰ
562 1849 913 1924 μακροτέρων
955 1850 1146 1902 εἰπεῖν.
1180 1839 1281 1898 Ὧν
1319 1830 1862 1899 ἀκούσαντες-οῦτοι,

287 1943 674 2016 θαυμάσωμεν
705 1943 790 2006 ἂν,
824 1943 872 1995 εί
908 1941 982 2013 μὴ
1010 1940 1085 2005 ὡς
1114 1935 1360 2008 προδότιν
1397 1931 1586 2001 αὐτὴν,
1616 1925 1868 1999 καὶπρὸς

285 2038 386 2110 τὴν
441 2037 535 2091 τοῦ
567 2036 882 2107 Πνεύματος
930 2033 1088 2097 δόξαν
1140 2025 1544 2097 αὐτομολοῦσαν
1588 2016 1870 2088 ἀποκηρύ-

283 2131 445 2197 ξωσιν
458 2176 470 2186 .

294 2511 411 2568 Τοῦ
425 2512 1036 2584 ρύτοῦέΟτιίὸσαχῶς
1048 2512 1284 2584 λέγεται
1303 2516 1372 2570 τὸ
1397 2534 1415 2568 ι
1439 2517 1510 2572 ἐν
1532 2538 1550 2568 ι
1577 2535 1868 2572 τοσαυταο

367 2583 488 2658 χῷς
521 2585 644 2658 Δκαὶ
702 2583 800 2658 ex!
864 2584 973 2639 τοῦ
1043 2583 1392 2655 Πνὲύματυς
1469 2587 1859 2658 λαμϐάνεται.

367 2653 597 2722 Κεφάλ.
624 2654 742 2720 σις’.

378 2771 627 2842 Ὀσαχῶς
656 2770 877 2840 λέγεται
913 2772 974 2825 τὸ
1008 2771 1097 2840 ἐν,
1145 2775 1500 2844 τοσαυταχῶς
1535 2775 1868 2847 εὑρίσκομεν

290 2866 417 2927 ταῖς
468 2866 598 2936 περὶ
625 2865 720 2920 τοῦ
770 2865 1092 2936 Πνεύματος
1134 2865 1367 2932 ἐννοίαις
1398 2869 1868 2940 ύπηρετούμενον.

288 2957 531 3023 Λέγεται
555 2957 653 3026 μὲν
675 2957 766 3011 οῦν
783 2958 844 3011 τὸ
861 2955 999 3022 εῐδος
1015 2962 1073 3012 έν
1089 2961 1152 3029 τῇ
1174 2959 1274 3031 ὕλῃ
1296 2956 1457 3027 εἶναι,
1476 2964 1569 3017 καὶ
1592 2965 1623 3034 ἠ
1643 2964 1871 3035 δύναμις

285 3051 345 3098 ὲν
380 3045 459 3114 τῷ
476 3045 732 3114 δεκτικῷ,
757 3050 852 3099 καὶ
869 3050 902 3118 ἠ
922 3049 1035 3112 tat;
1073 3051 1130 3103 ὲν
1158 3049 1236 3121 τῷ
1261 3051 1382 3105 κατ’
1398 3053 1567 3124 αὐτὴν
1583 3053 1868 3125 διακειμέ-

286 3154 388 3205 νῳ,
425 3138 715 3191 καὶπολλὰ
733 3139 979 3195 τοιαῦτα.
995 3141 1226 3209 Οὐκοῦν,
1247 3143 1382 3198 καθὸ
1405 3148 1502 3215 μὲν
1520 3149 1869 3203 τελειωτικδν

1962 1223 2110 1266 ctere
2147 1216 2200 1265 et
2228 1208 2536 1280 gloriﬁcare
2568 1246 2582 1272 ,
2622 1203 3081 1277 quemadmodum
3115 1203 3171 1257 in
3200 1200 3534 1272 Evangeliis,

1965 1303 2056 1358 ubi
2082 1301 2148 1357 de
2177 1301 2526 1374 baptismate,
2561 1297 2878 1361 didicimus,
2917 1295 3134 1350 Patrem
3167 1302 3222 1349 et
3264 1293 3460 1346 Filium
3486 1299 3540 1347 et

1967 1393 2228 1465 Spiritum
2261 1400 2511 1449 sanctum
2543 1410 2558 1460 ;
2591 1391 2754 1448 etiam
2793 1388 2866 1442 ita
2909 1387 3021 1452 ﬁat,
3055 1401 3215 1441 nemo
3261 1383 3542 1440 contradi-

1966 1498 2157 1545 cturus
2195 1498 2299 1546 est.
2343 1486 2455 1544 Hac
2511 1486 2844 1549 conditione,
2879 1484 2926 1540 si
2965 1482 3202 1548 videtur,
3261 1481 3404 1536 inter
3440 1491 3545 1533 nos

1968 1581 2397 1638 consentiamus.
2459 1579 2565 1635 Sed
2602 1579 2689 1636 isti
2749 1578 2915 1633 citius
2950 1574 3253 1646 abjecerint
3300 1573 3542 1640 linguas,

1968 1689 2131 1744 quam
2172 1673 2316 1728 hanc
2354 1687 2544 1728 vocem
2586 1671 2876 1741 recipiant.
2920 1668 3035 1723 Hoc
3063 1668 3230 1739 igitur
3261 1671 3367 1729 est,
3398 1663 3543 1734 quod

1973 1767 2130 1822 nobis
2169 1766 2500 1821 acerrimum
2557 1779 2620 1820 ac
2676 1763 3136 1820 irreconciliahiie
3189 1746 3545 1816 bellum‘ex-

1971 1856 2124 1910 citat.
2160 1853 2213 1908 ln
2259 1852 2464 1924 Spiritu
2493 1863 2684 1910 sancto
2705 1893 2728 1936 ⁴,
2771 1853 3066 1924 inquiunt,
3107 1850 3285 1906 danda
3319 1855 3403 1904 est
3437 1848 3545 1919 gio-

1975 1950 2054 2003 i-ia
2096 1948 2226 2013 Deo,
2270 1963 2378 2003 non
2429 1956 2609 2004 autem
2668 1957 2721 2002 et
2753 1946 2979 2020 Spiritui
3015 1963 3027 1998 :
3071 1953 3236 2016 atque
3281 1941 3546 1998 acerrime

1974 2039 2103 2094 huic
2153 2039 2272 2094 voci
2338 2045 2600 2108 tauquam
2661 2035 2923 2107 Spiritum
2993 2032 3320 2104 deprimenti
3372 2029 3536 2083 adhae-

1975 2139 2222 2187 rescunt.
2251 2129 2324 2186 De
2362 2145 2469 2201 qua
2495 2145 2604 2184 non
2639 2130 2830 2184 inutile
2860 2128 3024 2184 fuerit
3053 2125 3320 2196 prolixius
3347 2122 3546 2178 dicere.

1978 2229 2111 2296 Quae
2164 2240 2288 2280 cum
2330 2223 2604 2278 audierint
2639 2223 2750 2288 isti,
2815 2221 3150 2283 demirabor,
3199 2220 3245 2272 si
3283 2230 3390 2271 non
3431 2228 3547 2268 eam

1981 2327 2038 2372 ut
2077 2315 2432 2388 proditricem
2472 2320 2528 2370 et
2566 2313 2632 2368 ad
2669 2311 2910 2384 Spiritus
2941 2310 3169 2383 gloriam
3200 2307 3346 2363 ultro
3369 2313 3546 2360 trans-

1983 2409 2164 2482 fugam
2199 2409 2586 2484 repudiabunt.
3246 2477 3275 2492 ν

1971 2513 2249 2584 Ejusdem.
2281 2515 2421 2583 Quot
2453 2519 2622 2572 modis
2644 2519 2841 2572 dicitur
2865 2520 3001 2580 «itm
3036 2518 3254 2573 totidem
3286 2514 3456 2570 modis
3475 2517 3546 2570 de

2275 2585 2293 2602 ’
2377 2587 2581 2660 Spiritu
2609 2593 2804 2659 accipi.
2839 2589 3006 2657 Caput
3037 2592 3126 2644 26.

2039 2769 2182 2836 Quot
2210 2770 2384 2826 modis
2424 2769 2624 2824 dicitur
2652 2772 2731 2831 in.
2765 2769 2989 2826 totidem
3020 2771 3199 2828 modis
3223 2769 3539 2829 invenimus

1969 2877 2087 2917 eam
2133 2863 2390 2932 syllabam
2417 2861 2775 2931 conceptibus
2826 2862 2893 2918 de
2936 2861 3144 2934 Spiritu
3203 2862 3541 2920 subservire.

1971 2951 2103 3006 Nam
2133 2953 2306 3007 forma
2336 2951 2536 3006 dicitur
2559 2965 2681 3006 esse
2706 2952 2758 3004 in
2783 2953 3031 3014 materia,
3055 2960 3107 3006 et
3126 2954 3367 3021 potentia
3397 2951 3452 3004 in
3476 2964 3543 3004 eo

1961 3050 2107 3117 quod
2145 3050 2265 3116 ejus
2292 3065 2465 3122 capax
2502 3061 2608 3120 est,
2640 3061 2693 3110 et
2740 3055 2962 3111 habitus
3003 3056 3057 3109 in
3098 3070 3166 3110 eo
3204 3055 3296 3126 qui
3337 3070 3539 3112 secun-

1960 3140 2089 3196 dum
2139 3143 2292 3198 illum
2354 3144 2584 3202 atfectus
2656 3157 2780 3212 est,
2835 3149 3052 3219 aliaque
3103 3147 3267 3219 hujus
3317 3149 3538 3220 generis

289 3230 521 3298 τὺᾶγιον
554 3232 778 3302 Πνεῦμα
801 3233 908 3285 τῶν
939 3233 1191 3303 λογικῶν,
1224 3237 1524 3308 ἀπαρτίζον
1567 3241 1745 3295 αὐτῶν
1769 3241 1866 3314 τὴν

1969 3237 2156 3290 multa.
2226 3236 2412 3308 Itaque
2477 3249 2752 3312 quatenus
2825 3241 3065 3312 Spiritus
3139 3251 3368 3299 sanctus
3419 3242 3540 3298 vim

289 3324 593 3394 ἀκρότητα,
622 3325 713 3378 τὸν
765 3324 860 3378 τοῦ
898 3327 1072 3390 εἴδους
1103 3327 1260 3396 λόγον
1292 3330 1503 3400 ἐπέχει.
1541 3330 1598 3385 Ὀ
1621 3333 1729 3403 γὰρ
1765 3352 1870 3404 μη-

291 3417 416 3468 κέτι
457 3415 597 3470 κατὰ
628 3417 803 3487 σάρκα
835 3415 1118 3484 ζῶν,ἀλλὰ
1162 3418 1444 3490 Πνεύματι
1476 3421 1612 3476 Θεοῦ
1665 3425 1870 3492 ἀγόμε-

287 3524 404 3571 νος,
440 3506 535 3560 καὶ
565 3508 676 3572 υίὸς
704 3508 839 3562 Θεοῦ
881 3511 1257 3580 χρηματίζων,
1290 3515 1385 3566 καὶ
1426 3515 1747 3588 σύμμορφος
1771 3520 1868 3590 τῆς

293 3601 510 3662 εἰκόνος
535 3599 632 3652 τοῦ
656 3600 787 3655 Υίοῦ
817 3599 911 3655 τοῦ
941 3603 1078 3656 Θεοῦ
1108 3604 1418 3674 γενόμενος,
1485 3609 1863 3678 πνευματικὸς

289 3689 646 3760 ὀνομάζεται.
670 3695 780 3748 Καὶ
806 3694 880 3760 ὡς
905 3699 939 3768 ἡ
966 3697 1196 3770 δύναμις
1221 3700 1314 3754 τοῦ
1347 3702 1478 3772 ὁρᾷν
1512 3701 1569 3753 έν
1598 3699 1676 3771 τῷ
1700 3698 1872 3768 ὑγιαίι-

295 3801 441 3838 νοντι
475 3787 758 3859 ὀφθαλμῷ,
788 3788 958 3854 οὕτως
986 3792 1018 3862 ή
1061 3793 1311 3864 ἐνέργεια
1342 3792 1436 3846 τοῦ
1469 3791 1784 3864 Πνεύματος
1817 3792 1876 3845 ἐν

293 3878 360 3947 τῇ
391 3879 775 3952 κεκαθαρμένη
799 3880 965 3953 ψυχῇ.
1001 3883 1092 3936 Διὸ
1117 3885 1210 3936 καὶ
1239 3883 1448 3948 Παῦλος
1475 3883 1690 3955 εῦχεται
1731 3883 1878 3950 Ἐφε-

293 3969 454 4031 σίοις,
485 3972 930 4044 πεφωτισμένους
969 3974 1280 4046 ὀφθαλμοὺς
1309 3975 1488 4030 αὐτῶν
1531 3973 1670 4029 εἶναι
1709 3977 1767 4030 έν
1794 3975 1874 4047 τῷ

292 4063 572 4135 Πνεύματι
599 4066 698 4138 τῆς
738 4069 947 4138 σοφίας.
976 4071 1085 4124 Καὶ
1113 4071 1188 4136 ὡς
1215 4073 1247 4142 ή
1277 4073 1440 4144 τέχνη
1481 4073 1538 4126 έν
1570 4071 1649 4144 τῷ
1674 4073 1874 4130 ἀναλα-

290 4156 440 4209 6όντι
481 4157 672 4230 αὐτὴν,
711 4159 884 4227 οὕτως
926 4163 960 4234 ἡ
998 4162 1158 4234 χάρις
1189 4164 1284 4218 τοῦ
1337 4165 1656 4237 Πνεύματος
1705 4167 1763 4220 ὲν
1794 4166 1872 4237 τῷ

290 4246 693 4321 ὑποδεξαμένῳ,
724 4253 808 4305 ἀεὶ
838 4252 938 4322 μὲν
964 4255 1348 4326 συμπαροῦσα,
1379 4258 1498 4328 ούχὶ
1518 4258 1575 4311 δὲ
1600 4258 1696 4312 καὶ
1722 4259 1871 4330 ἐνερ-

287 4337 461 4405 γοῦσα
505 4339 786 4410 διηνεκῶς.
837 4344 988 4398 Ἐπεὶ
1031 4345 1126 4400 καὶ
1160 4349 1192 4419 ἡ
1227 4347 1388 4419 τέχνη
1432 4348 1656 4419 δυνάμει
1687 4349 1785 4419 μὲν
1813 4348 1870 4403 ἐν

286 4429 365 4499 τῷ
400 4431 621 4504 τεχνίτῃ
646 4434 820 4488 ἐστίν·
852 4438 1103 4510 ἐνεργείᾳ
1127 4439 1182 4493 δὲ
1221 4441 1364 4506 τότε,
1401 4441 1525 4494 ὅταν
1556 4440 1676 4495 κατ’
1697 4441 1867 4512 αὐτὴν

285 4521 507 4594 ἐνεργῇ.
551 4525 707 4580 Οῦτω
734 4528 829 4581 καὶ
870 4529 930 4583 τὺ
967 4530 1191 4604 Πνεῦμα
1239 4533 1325 4586 ἀεὶ
1370 4534 1470 4604 μὲν
1521 4535 1866 4606 συμπάρεστι

1963 3329 2126 3384 habet
2190 3330 2508 3399 perficiendi
2570 3341 2879 3388 creaturam
2927 3333 3247 3390 rationalem
3278 3372 3293 3399 ,
3353 3333 3541 3390 absol-

1962 3432 2096 3472 vens
2147 3415 2296 3472 illius
2373 3418 2684 3492 fastigium,
2755 3421 2945 3478 forma
2984 3423 3252 3480 rationem
3307 3423 3541 3480 obtinet.

1962 3505 2096 3563 Nam
2155 3508 2248 3578 qui
2282 3509 2395 3579 jam
2446 3527 2554 3565 non
2590 3513 2720 3567 vivit
2780 3514 3085 3570 secundum
3143 3530 3387 3580 carnem,
3445 3514 3541 3572 sed

1965 3599 2175 3672 Spiritu
2217 3598 2312 3655 Dei
2350 3601 2532 3672 agitur
2565 3642 2580 3666 ,
2615 3619 2679 3657 ac
2731 3603 2904 3660 Filius
2946 3605 3043 3660 Dei
3073 3607 3389 3662 nominatur
3415 3646 3431 3672 ,
3487 3614 3543 3661 et

1965 3690 2265 3747 conformis
2293 3692 2518 3763 imagini
2565 3694 2686 3749 Filii
2728 3695 2822 3751 Dei
2856 3696 3034 3753 factus
3071 3705 3175 3761 est,
3239 3697 3544 3768 spiritualis

1967 3782 2192 3839 dicitur.
2229 3783 2296 3838 Et
2337 3786 2480 3840 sicut
2515 3786 2776 3842 cernendi
2830 3789 2913 3843 vis
2955 3796 3040 3844 est
3075 3790 3129 3843 in
3168 3789 3329 3844 oculo
3361 3804 3497 3843 sano
3523 3829 3542 3856 ,

1969 3877 2050 3933 sic
2109 3879 2354 3948 Operatio
2409 3878 2646 3950 Spiritus
2721 3881 2773 3934 in
2831 3881 3013 3935 anima
3067 3891 3314 3952 purgata.
3357 3881 3546 3952 quue

1966 3966 2169 4028 Paulus
2207 3981 2356 4043 optat
2397 3972 2678 4043 Ephesiis,
2739 3980 2795 4026 ut
2826 3973 3018 4028 oculos
3069 3973 3303 4030 habeant
3343 3975 3546 4030 illumi-

1967 4071 2128 4120 natos
2168 4064 2223 4119 in
2287 4064 2496 4135 Spiritu
2564 4065 2844 4136 sapientiae
2888 4070 2930 4121 ³.
2983 4064 3048 4120 Et
3085 4066 3542 4136 quemadmodum

1968 4171 2060 4212 ars
2116 4164 2201 4212 est
2240 4157 2294 4211 in
2349 4173 2414 4212 eo
2440 4157 2532 4228 qui
2601 4157 2747 4212 illam
2799 4156 3028 4227 adeptus
3075 4166 3202 4221 εει,
3248 4161 3319 4212 ita
3369 4159 3542 4230 gratia

1969 4246 2211 4320 Spiritus
2267 4251 2323 4304 in
2374 4266 2438 4305 eu
2477 4250 2573 4320 qui
2630 4251 2834 4321 recepit
2872 4266 3017 4316 cam,
3057 4267 3273 4322 semper
3320 4252 3541 4323 quidem

1969 4358 2235 4415 prtesens,
2310 4354 2365 4399 at
2420 4359 2526 4398 non
2572 4353 2834 4415 perpetuo
2868 4359 3126 4414 operans.
3161 4344 3297 4399 Nam
3353 4355 3406 4401 et
3451 4360 3544 4402 ars

1968 4437 2210 4508 potentia
2261 4437 2481 4506 quidem
2510 4447 2596 4494 est
2627 4438 2683 4492 in
2737 4439 2991 4505 artifice;
3035 4446 3160 4492 actu
3213 4454 3345 4494 vero
3385 4447 3499 4492 tum
3525 4477 3540 4502 ,

1967 4543 2090 4583 cum
2141 4528 2441 4583 secundum
2492 4529 2641 4583 illam
2702 4539 3009 4600 operatur:
3047 4529 3236 4583 itidem
3301 4527 3543 4597 Spiritus

283 4617 398 4676 τοῖς
441 4614 632 4682 ἀξίοις,
666 4621 878 4690 ἐνεργεῖ
904 4621 960 4675 δὲ
1006 4598 1146 4678 κατα
1183 4625 1280 4696 τὴν
1311 4598 1522 4697 χρείαν,
1635 4598 1863 4700 έν-προ-

1969 4635 2182 4689 semper
2217 4619 2438 4689 quidem
2495 4619 2651 4676 adest
2710 4598 2888 4692 dignis
2913 4661 2927 4684 ,
2963 4619 3059 4675 sed
3094 4630 3348 4690 operatur
3382 4627 3543 4689 prout

287 4705 560 4773 φητείαις,
608 4708 642 4779 ἣ
679 4711 735 4762 ὲν
776 4710 1019 4781 ίάμασιν,
1055 4713 1087 4785 ἢ
1139 4715 1198 4766 ἐν
1223 4714 1403 4780 ἄλλοις
1427 4717 1539 4770 τισὶ
1579 4717 1864 4788 δυνάμεων

284 4793 676 4866 ένεργήμασιν.
731 4801 849 4855 Ἔτι
895 4801 968 4866 ὡς
1000 4804 1058 4856 ὲν
1085 4803 1329 4876 σώμασιν
1357 4807 1557 4875 ὑγίεια,
1583 4808 1616 4878 ἦ
1665 4808 1867 4881 θερμόο

283 4904 401 4956 της,
455 4887 654 4959 ἢὸλως
687 4893 742 4946 αί
796 4895 1070 4967 εὐκίνητοι
1120 4898 1428 4963 διαθέσεις·
1469 4899 1610 4954 οὕτω
1660 4902 1754 4954 καὶ
1803 4905 1862 4955 ὲν

280 4975 425 5048 ψυχῇ
476 4977 734 5049 πολλάκις
769 4983 1002 5056 ὑπάρχει
1038 4987 1100 5041 τὸ
1142 4990 1386 5062 Πνεῦμα,
1412 4993 1524 5054 τοῖς
1563 4991 1650 5046 διὰ
1675 4992 1734 5044 τὸ
1761 4993 1860 5063 τῆς

280 5067 504 5139 γνώμης
532 5071 808 5144 ἀνίδρυτον
847 5077 1100 5144 εὐκόλως,
1135 5081 1200 5151 ἣν
1229 5082 1473 5148 ἐδέξαντο
1515 5083 1673 5155 χάριν
1706 5083 1860 5138 ἀπω-

282 5156 584 5230 θουμένοις,
615 5163 690 5236 μὴ
707 5169 1021 5239 παραμένον
1051 5170 1184 5242 (39),
1220 5166 1330 5237 οἷος
1375 5169 1443 5245 ἦν
1476 5175 1504 5225 ὁ
1537 5174 1728 5240 Σαοὺλ,
1760 5173 1856 5230 καὶ

281 5250 330 5332 oi
357 5249 737 5320 ἐϐδομήκοντα
767 5253 1139 5325 πρεσϐύτεροι
1156 5255 1266 5312 τῶν
1285 5258 1416 5312 υἱῶν
1439 5258 1682 5330 Ἰσραὴλ,
1719 5262 1860 5332 πλὴν

277 5330 370 5396 τοῦ
401 5341 591 5396 mtas
621 5344 713 5398 και
748 5342 942 5400 item
987 5346 1218 5414 (τούτοις
1243 5349 1350 5420 γὰρ
1389 5351 1572 5420 μόνοις
1606 5353 1671 5406 ὲκ
1717 5330 1857 5407 πάφ-

276 5446 380 5486 των
406 5433 660 5500 φαίνεται
693 5437 1040 5504 παραμεῖναν
1068 5436 1130 5490 τὸ
1155 5437 1431 5510 Πνεῦμα),
1485 5441 1581 5494 καὶ
1629 5442 1766 5506 ὅλως
1808 5443 1861 5497 ei

277 5539 358 5588 τις
393 5524 609 5589 τούτοις
637 5527 739 5597 τὴν
773 5528 1108 5598 ’προαίρεσιν
1155 5531 1568 5603 παραπλήσιος.
1646 5535 1754 5588 Καὶ
1781 5534 1856 5599 ὡς

276 5613 304 5666 ὸ
351 5616 508 5686 λόγος
552 5618 608 5672 δὲ
648 5619 708 5672 ἐν
767 5619 937 5691 ψυχῇ,
1002 5623 1133 5676 ποτὲ
1175 5621 1276 5692 μὲν
1340 5625 1418 5689 ὡς
1453 5625 1514 5679 τὸ
1564 5626 1854 5699 ἐγκάρδιον

351 5887 368 5917 ⁸
407 5885 606 5955 Ephes.
639 5901 674 5950 t,
702 5885 786 5953 l7,
823 5888 905 5944 18.
984 5891 1004 5924 ²
1033 5889 1187 5945 Num.
1213 5909 1284 5958 XI,
1309 5893 1398 5960 25,
1430 5894 1521 5949 ‘26.

1967 4726 2105 4780 Opus
2143 4717 2247 4774 est,
2291 4719 2386 4765 aut
2441 4711 2497 4765 in
2534 4711 2868 4782 prophetiis,
2909 4718 3004 4764 aut
3033 4710 3090 4764 in
3125 4710 3542 4774 sanationibus,

1967 4813 2060 4856 aut
2091 4803 2144 4855 in
2202 4803 2325 4856 aliis
2367 4803 2756 4857 miraculorum
2803 4801 3238 4872 operationibus.
3269 4799 3542 4857 Praeterea

1968 4896 2109 4949 sicut
2143 4897 2196 4949 in
2251 4894 2575 4964 corporibus
2626 4903 2712 4948 est
2743 4894 2975 4962 sanitas,
3004 4901 3098 4947 aut
3141 4893 3312 4958 calor,
3353 4900 3448 4946 aut
3487 4895 3543 4948 in
3607 4913 3612 4918 ·

1968 5003 2166 5058 genere
2193 4987 2514 5042 aﬂ‘ectiones
2567 4984 2725 5040 facile
2756 4985 3026 5051 mobiles;
3068 4985 3150 5041 sic
3183 4994 3234 5040 et
3265 4986 3321 5040 in
3358 4985 3543 5041 anima

1968 5080 2282 5150 frequenter
2327 5087 2410 5134 est
2454 5077 2725 5148 Spiritus,
2764 5078 2816 5134 in
2843 5079 2910 5134 iis
2952 5078 3047 5149 Qui
3082 5086 3305 5150 propter
3345 5079 3543 5134 mentis

1968 5169 2380 5225 instabilitatem
2438 5167 2598 5224 facile
2629 5170 2857 5241 gratiam
2903 5178 3182 5240 acceptam
3219 5171 3540 5240 expellunt,

1967 5277 2309 5334 nequaquam
2389 5277 2754 5336 permanens:
2835 5260 3015 5332 qualis
3075 5268 3193 5316 erat
3278 5256 3436 5323 Sani,
3483 5264 3542 5316 et

1965 5355 2308 5428 septuaginta
2345 5357 2595 5412 seniores
2657 5355 2893 5410 ﬁliorum
2933 5352 3122 5418 Israel,
3183 5359 3386 5422 praeter
3447 5349 3539 5406 Ef-

1963 5449 2066 5503 dad
2103 5459 2157 5504 et
2209 5447 2612 5515 Modad'hiam
2658 5447 2799 5518 apud
2828 5447 2929 5502 hos
2975 5445 3124 5500 solos
3163 5459 3230 5499 ex
3283 5440 3538 5496 omnibus

1963 5536 2232 5608 Spiritum
2267 5537 2537 5593 mansisse
2577 5536 2844 5607 apparet),
2877 5544 2933 5590 et
2962 5534 3016 5589 in
3042 5547 3260 5604 genere,
3313 5531 3360 5586 si
3411 5531 3537 5600 quis

1961 5637 2048 5684 est
2097 5628 2218 5685 istis
2250 5626 2418 5684 animi
2449 5641 2585 5700 prop
2608 5630 2729 5682 isito
2768 5623 3096 5683 consimilis.
3155 5623 3286 5678 Item
3343 5635 3536 5693 quem-
