3968 6552
255 434 363 499 789

261 578 423 643 αὐτὸς
454 577 640 648 λέγει·
678 581 753 635 Ἦ
789 580 1044 652 δοκιμὴν

260 669 599 736 λαλοῦντος
635 671 928 739 Χριστοῦ;
971 671 1115 726 οὕτω
1145 674 1239 726 καὶ⁵
1279 675 1336 727 ἐν
1375 675 1651 745 Πνεύματι
1689 675 1838 728 λαλεί

258 759 328 813 τὰ
363 763 660 835 μυστήρια,
692 764 787 817 καὶ
815 764 874 818 τὺ
902 762 1127 836 Πνεῦμα
1156 766 1316 819 πάλιν
1345 766 1494 820 λαλεῖ
1519 768 1575 819 ἐν
1598 766 1764 836 αὐτῷ.

447 855 535 907 Ἐν
559 854 655 924 μὲν
675 850 766 910 οῦν
788 858 900 919 τοῖς
922 860 1199 928 γεννητοῖς
1356 856 1497 910 οὕτω
1518 855 1837 927 πολυμερῶς

257 942 353 995 καὶ
388 943 743 1015 πολυτρόπως
761 946 957 1000 ἐνεῖναι
979 946 1193 1015 λέγεται
1213 947 1272 1000 τὸ
1288 946 1513 1019 Πνεῦμα
1535 960 1550 978 ⁸
1583 947 1754 1019 Πατρὶ
1780 946 1837 998 δὲ

256 1034 352 1087 καὶ
382 1035 499 1105 Υίῷ
535 1036 655 1107 οὐχὶ
691 1038 889 1092 ἐνεῖναι
940 1039 1158 1108 μᾶλλον,
1193 1038 1330 1092 ἀλλὰ
1379 1041 1616 1093 συνεῖναι
1663 1040 1838 1092 εἰπεῖν

256 1126 663 1198 εὐσεϐέστερον.
700 1129 764 1182 Ἠ
796 1128 894 1200 μὲν
938 1128 1046 1201 γὰρ
1088 1129 1218 1202 παρ’
1244 1129 1408 1184 αὐτοῦ
1439 1129 1597 1201 χάρις
1627 1128 1838 1184 οἰκοῦν-

254 1232 347 1279 τος
378 1219 437 1269 ἐν
472 1220 583 1281 τοῖς
616 1217 807 1285 ἀξίοις,
853 1220 948 1273 καὶ
997 1219 1343 1291 ἐνεργοῦντος
1374 1220 1444 1273 τὰ
1484 1219 1699 1284 ἑαυτοῦ,
1737 1237 1840 1273 κα-

255 1301 365 1368 λῶς
406 1304 735 1377 ἐνυπάρχειν
776 1308 889 1370 τοῖς
930 1306 1197 1370 δεκτικοῖς
1232 1307 1396 1361 αὐτοῦ
1431 1308 1682 1377 λέγεται’
1712 1310 1745 1380 ὴ
1782 1308 1839 1363 δὲ

257 1396 583 1466 προσιώνιος
626 1396 891 1470 ῦπαρξις,
948 1400 1042 1453 καὶ
1094 1399 1368 1465 ἄπαυστος
1418 1400 1669 1473 διαμονὴ,
1720 1402 1837 1473 μεθ’

256 1486 390 1540 Υίοῦ
425 1487 522 1540 καὶ⁸
549 1487 762 1561 Πατρὸς
802 1488 1146 1563 θεωρουμένη
1167 1530 1183 1555 ,
1226 1490 1326 1555 τὰς
1355 1491 1455 1562 τῆς
1504 1492 1675 1545 ἀϊδίου
1711 1510 1838 1547 συν-

256 1578 456 1648 αφείας
650 1583 1023 1653 προσηγορίας
1067 1580 1331 1655 ἐπιζητεῖ.
1368 1582 1442 1636 Τὸ
1483 1582 1592 1654 γὰρ
1632 1583 1836 1655 κυρίως

256 1669 353 1721 καὶ
382 1670 597 1740 άληθῶς
637 1671 1054 1740 συνυπάρχειν
1100 1674 1192 1726 ἐπὶ
1232 1674 1341 1727 τῶν
1386 1675 1707 1745 ἀχωρίστως
1746 1676 1837 1730 άλ-

255 1760 444 1831 λήλοις
473 1763 740 1818 συνόντων
774 1763 1011 1832 λέγεται.
1033 1762 1142 1835 Τὴν
1164 1765 1273 1838 γὰρ
1308 1766 1619 1838 θερμότητα
1638 1767 1717 1839 τῷ
1742 1768 1839 1838 μὲν

256 1854 673 1924 πυρακτωθέντι
725 1855 926 1926 σιδήρῳ
974 1855 1300 1926 ἐνυπάρχειν
1344 1857 1523 1927 φαμέν
1554 1876 1567 1890 σ
1600 1858 1748 1929 αὐτῷ
1783 1859 1840 1912 δὲ

254 1943 337 2013 τῷ
370 1943 503 2014 πυρὶ
546 1944 928 2015 συνυπάρχειν.
963 1945 1068 1997 Καὶ
1098 1946 1197 2014 τὴν
1235 1946 1330 2015 μὲν
1384 1947 1596 2015 ὐγίειαν
1625 1948 1703 2019 τῷ
1737 1948 1839 2001 σώ-

262 2052 395 2104 ματι
427 2035 769 2107 ἐνυπάρχειν,
802 2035 898 2106 τὴν
922 2036 977 2088 δέ
1007 2035 1151 2106 ζωὴν
1184 2038 1249 2107 τῇ
1280 2036 1423 2107 ψυχῇ
1450 2038 1836 2110 συνυπάρχειν.

261 2127 427 2179 Ὥστε
458 2127 590 2180 ὅπου
630 2128 726 2197 μὲν
753 2128 928 2181 οἰκεία
962 2128 1054 2181 καὶ
1079 2127 1328 2198 συμφυὴς
1361 2129 1454 2182 καὶ
1478 2129 1779 2201 ἀχώριστος
1806 2134 1840 2202 ἡ

261 2215 535 2278 κοινωνία,
561 2217 1015 2288 σημαντικωτέρα
1040 2217 1189 2288 φωνὴ
1216 2219 1249 2288 ἡ
1271 2217 1392 2271 σὺν
1431 2254 1447 2281 ,
1581 2222 1679 2291 τῆς
1699 2220 1842 2291 ἀχω-

264 2307 451 2379 ρίστου
480 2308 765 2371 κοινωνίας
793 2309 890 2380 τὴν
918 2308 1153 2362 διάνοιαν
1186 2309 1593 2365 ὐποδάλλουσα’
1621 2313 1755 2366 ὅπου
1783 2312 1841 2365 δὲ

266 2401 657 2472 προσγίνεσθαι
701 2404 733 2472 ἠ
778 2400 871 2455 ἀπ’
901 2401 1066 2455 αὐτοῦ
1115 2403 1274 2474 χάρις
1320 2405 1415 2457 καὶ
1451 2404 1609 2458 πάλιν
1648 2405 1844 2473 ἀπογί-

264 2492 454 2545 νεσθαι
489 2492 751 2560 πέφυκεν,
782 2492 994 2555 οἰκείως
1031 2493 1126 2546 καὶ
1160 2494 1377 2565 άληθῶς
1415 2495 1476 2548 τὸ
1514 2495 1842 2567 ἐνυπάρχειν

266 2584 504 2652 λέγεται.
536 2585 640 2638 κᾶν
669 2587 782 2648 τοῖς
805 2584 1115 2654 δεξαμένοις
1140 2586 1400 2650 πολλάκις
1428 2586 1515 2640 διὰ
1546 2587 1607 2640 τὸ
1629 2587 1842 2658 ἑδραῖον

266 2674 367 2742 τῆς
420 2675 549 2743 περὶ
600 2674 662 2725 τὸ
710 2674 872 2727 καλὸν
923 2674 1215 2738 διαθέσεως
1267 2676 1300 2746 ἡ
1346 2676 1439 2730 ἀπ’
1473 2676 1639 2730 αὐτοῦ
1683 2678 1842 2749 χάρις

266 2764 494 2835 διαρκὴς
529 2765 839 2838 παραμένῃ.
874 2766 1034 2819 Ὥστε
1059 2766 1186 2819 ὅταν
1218 2766 1316 2836 μὲν
1337 2768 1434 2838 τὴν
1459 2769 1662 2823 οἰκείαν
1686 2768 1844 2833 ἀξίαν

267 2856 361 2907 τοῦ
421 2854 731 2925 Πνεύματος
781 2856 1083 2926 ἐννοῶμεν,
1136 2858 1271 2927 μετὰ
1324 2859 1535 2930 Πατρὸς
1583 2860 1674 2914 καὶ
1713 2861 1842 2915 Υίοῦ

268 2948 399 2999 αὐτὸ
429 2946 738 3017 θεωροῦμεν
757 2963 771 2977 ·
802 2948 930 3000 ὅταν
953 2947 1008 3000 δὲ
1029 2950 1127 3019 τὴν
1157 2951 1237 3012 είς
1258 2951 1383 3014 τοὺς
1412 2951 1669 3021 μετόχους
1694 2953 1846 3024 ἐνερ-

268 3034 539 3103 γουμένην
569 3032 727 3104 χάριν
754 3034 1165 3105 ἐνθυμηθῶμεν,
1188 3038 1247 3091 ἐν
1269 3041 1401 3109 ἡμῖν
1421 3036 1560 3093 εἶναι
1582 3041 1644 3093 τὸ
1671 3042 1842 3094 Πνεῦ-

272 3142 346 3193 μα
374 3124 623 3193 λέγομεν.
658 3124 767 3177 Καὶ
791 3125 825 3195 ἥ
866 3141 928 3193 γε
977 3128 1361 3199 προσαγομένη
1402 3129 1678 3200 δοξολογία
1712 3133 1842 3202 παρ’

268 3211 429 3279 ἡμῶν
458 3214 515 3264 ἐν
539 3210 616 3281 τῷ
648 3211 924 3282 Πνεύματι
958 3215 1080 3284 οὐχὶ
1107 3216 1207 3287 τῆς
1236 3217 1443 3271 ἐκείνου
1477 3219 1629 3284 ἀξίας
1653 3220 1845 3292 ὁμολο-

268 3301 392 3367 γίαν
430 3300 562 3369 ἔχει,
596 3300 729 3353 ἀλλὰ
754 3301 853 3372 τῆς
885 3302 1161 3374 ἡμετέρας
1202 3305 1379 3359 αὐτῶν
1426 3306 1707 3371 ἀσθενείας
1759 3307 1843 3374 ἐξ-

267 3391 613 3461 ομολόγησιν·
643 3391 983 3457 δεικνύντων,
1011 3393 1091 3446 ὅτι
1122 3392 1244 3447 οὔτε
1274 3395 1492 3463 δοξάσαι
1516 3399 1607 3466 ἀφ’
1637 3399 1843 3452 ἑαυτῶν

270 3480 445 3533 ἱκανοί
475 3484 661 3550 ἐσμεν,
687 3480 803 3534 ἀλλ’
831 3483 864 3553 ἡ
906 3482 1157 3552 ἱκανότης
1179 3485 1210 3552 ἡ
1221 3481 1336 3551 μῶν
1378 3485 1436 3536 ἐν
1466 3483 1543 3553 τῷ
1570 3484 1844 3556 Πνεύμοιτι

267 3573 348 3643 τῷ
383 3571 543 3643 ἁγίῳ,
586 3573 644 3625 ἐν
679 3565 722 3640 ᾧ
754 3573 1180 3643 δυναμωθέντες,
1219 3574 1317 3645 τὴν
1355 3574 1495 3647 ὑπὲρ
1519 3568 1594 3629 ὧν
1618 3576 1845 3649 εὐηργε-

270 3662 534 3735 τήθημεν,
566 3661 644 3732 τῷ
675 3663 794 3735 Θεῷ
825 3664 982 3735 ἡμῶν
1013 3664 1361 3736 εὐχαριστίαν
1387 3666 1839 3739 ἀποπληροῦμενο

269 3755 413 3807 κατὰ
437 3753 497 3808 τὸ
527 3754 727 3826 μέτρον
757 3756 856 3825 τῆς
882 3755 989 3809 ἀπὸ
1019 3756 1214 3820 κακίας
1243 3756 1629 3830 καθαρότητος,
1659 3758 1845 3830 ἕτερος

270 3847 457 3917 ἐτέρου
635 3846 794 3899 πλέον
826 3847 858 3916 ἢ
905 3846 1125 3899 ἔλαττον
1164 3847 1265 3916 τῆς
1304 3848 1368 3901 ἐκ
1401 3847 1495 3901 τοῦ
1529 3849 1845 3920 Πνεύματος

270 3934 522 4006 βοηθείας
571 3935 1097 4005 μεταλαμϐάνοντες,
1147 3939 1228 4000 είς
1267 3938 1328 3989 τὸ
1384 3939 1709 4010 προσφέρειν
1749 3940 1845 4004 τὰς

271 4026 460 4090 θυσίας
488 4027 590 4094 τῆς
624 4027 880 4091 αἰνέσεως
916 4026 993 4098 τῷ
1029 4026 1160 4096 Θεῷ.
1198 4028 1332 4082 Καθ’
1358 4028 1457 4081 ἕνα
1485 4030 1582 4099 μὲν
1605 4026 1695 4084 οῦν
1717 4030 1844 4102 τρό-

266 4155 368 4193 πον
419 4139 590 4204 οὓτως
636 4141 877 4207 εὐσεὸὦς
925 4144 983 4195 ὲν
1021 4144 1301 4215 Πνεύματι
1342 4144 1441 4215 τὴν
1503 4144 1855 4215 εὐχαριστίαν

266 4230 710 4303 ἀποπληροῦμεν.
761 4234 954 4288 Καίτοι
996 4235 1090 4287 καὶ
1126 4235 1285 4287 τοῦτο
1312 4236 1411 4288 οὐκ
1441 4234 1666 4306 ἀϐαρὲς,
1695 4234 1857 4288 αὐτόν

265 4339 385 4377 τινα
419 4323 596 4394 ἐαυτῷ
636 4328 954 4398 μαρτυρεῖν,
990 4327 1073 4379 ὃτι
1104 4326 1329 4396 Πνεῦμα
1352 4326 1485 4379 θεοῦ
1514 4328 1571 4379 ἐν
1596 4328 1739 4397 ἐμοὶ,
1764 4328 1858 4379 καὶ

266 4413 356 4468 διὰ
387 4415 489 4486 τῆς
540 4416 634 4468 ἀπ’
658 4416 821 4470 αὐτοῦ
874 4417 1095 4489 χάριτος
1132 4417 1411 4487 σοφισθεὶς
1461 4417 1718 4488 ἀναφέρω
1759 4417 1858 4488 τὴν

267 4506 447 4574 δόξαν.
518 4506 716 4578 Παύλῳ
758 4507 866 4578 γάρ
914 4508 1196 4579 πρέπουσα
1239 4509 1272 4578 ἡ
1332 4508 1517 4578 φωνή·
1555 4505 1716 4559 Δοκῶ
1748 4506 1857 4575 γὰρ

1194 442 1562 505 PANOPLIA
1614 402 2065 508 Doeuarlca.
2097 473 2163 485 -
2187 442 2332 510 ΤΠ.
2374 445 2504 510 xu.

3396 443 3513 509 790

1220 583 1437 651 ζητεῖτε
1474 584 1581 638 τοῦ
1610 584 1680 637 ἐν
1707 583 1834 652 ἐμοὶ

1949 584 2173 652 yua’ritis
2222 586 2315 656 qui
2362 586 2593 657 loquitur
2643 588 2698 642 in
2744 606 2824 644 me
2862 588 3062 647 Christi
3106 591 3180 646 '?
3249 592 3330 649 sic
3361 602 3414 649 et
3447 595 3518 650 in.

1937 671 2143 744 Spiritu
2175 675 2418 746 loquitur
2450 679 2708 749 mysteria
2730 718 2746 746 ,
2779 695 2844 737 ac
2875 681 3113 754 Spiritus
3152 699 3374 741 rursum
3418 687 3498 742 lo-

1935 769 2122 840 quitur
2152 770 2206 823 in
2240 783 2326 826 eo.

2146 860 2207 916 ln
2256 862 2421 918 rebus
2479 876 2612 934 ergo
2662 861 2900 919 conditis
2958 864 3025 919 ad
3081 865 3228 920 hunc
3281 866 3531 921 modum.

1938 952 2293 1009 multifariam
2342 953 2617 1026 variisque
2670 956 3214 1013 rationibus-dicitur
3262 957 3533 1029 Spiritus.

1934 1045 2115 1103 inesse
2187 1062 2204 1102 :
2331 1060 2521 1101 verum
2567 1046 2743 1116 magis
2782 1047 2933 1117 pium
2982 1055 3068 1102 est
3111 1048 3325 1113 dicere,
3373 1064 3499 1104 eum

1937 1149 2061 1191 esse
2104 1150 2227 1192 cum
2261 1135 2424 1193 Patre
2473 1144 2525 1192 et
2568 1135 2730 1201 Filio,
2766 1153 2930 1207 quam
2974 1138 3084 1194 illis
3129 1139 3332 1196 inesse.
3367 1138 3532 1194 Nam.

1938 1228 2113 1297 gratia
2171 1227 2238 1283 ab
2270 1243 2337 1283 eo
2370 1242 2623 1295 manans,
2672 1228 2954 1285 habitante
3000 1229 3058 1284 in
3100 1230 3168 1285 iis
3219 1232 3313 1301 qui
3354 1231 3521 1300 digni.

1939 1324 2089 1383 sunt,
2134 1333 2199 1374 ac
2235 1334 2366 1374 suas
2397 1319 2745 1389 operationes
2783 1320 2840 1375 in
2870 1320 2979 1377 illis
3007 1329 3318 1386 exercente,
3355 1330 3506 1377 recte

1938 1411 2141 1465 dicitur
2176 1411 2359 1468 inesse
2394 1412 2462 1467 iis
2492 1412 2586 1483 qui
2615 1422 2746 1468 sunt
2784 1412 2934 1469 illius
2968 1427 3222 1483 capaces.
3256 1414 3324 1468 At
3358 1414 3534 1471 illiuss

1940 1500 2298 1557 subsistentia
2346 1516 2469 1572 quae
2498 1501 2603 1556 fuit
2645 1512 2771 1561 ante
2804 1503 3027 1568 saecula,
3064 1519 3129 1559 ac
3168 1504 3534 1574 perpetuitas.

1940 1605 2219 1662 nunquam
2252 1591 2497 1648 desitura
2524 1607 2650 1647 cum
2678 1591 2818 1649 Filio
2854 1599 2909 1649 et
2937 1592 3102 1649 Patre
3132 1593 3527 1659 considerata,.

1940 1682 2288 1752 sempiterna}
2337 1681 2754 1752 conjunctionis
2804 1684 3038 1754 requirit
3088 1684 3502 1755 appellationes.

1936 1769 2076 1828 Nam
2107 1789 2279 1829 caesae
2312 1776 2533 1846 proprie
2562 1790 2627 1831 ac
2652 1791 2780 1832 vere
2812 1775 3015 1832 dicitur
3039 1776 3105 1832 de
3136 1777 3226 1843 iis,
3257 1791 3379 1847 quae
3404 1776 3527 1831 sibi.

1940 1864 2174 1921 invicem
2198 1866 2643 1937 inseparabiliter
2675 1868 2894 1923 adsunt.
2926 1866 3062 1922 Nam
3092 1868 3331 1923 calorem
3364 1866 3528 1922 ferro-

1942 1960 2162 2030 quidem
2198 1960 2369 2031 ignito
2405 1961 2589 2018 inesse
2621 1960 2858 2020 dicimus
2887 1981 2902 2017 :
2938 1972 2995 2015 at
3037 1976 3145 2015 una
3178 1962 3340 2016 simul
3383 1976 3523 2015 cum.

1944 2051 2064 2121 ipso
2095 2051 2218 2121 igne
2249 2066 2392 2108 esse.
2423 2051 2556 2107 ltem
2585 2052 2807 2124 corpori
2837 2053 3131 2110 sanitatem
3163 2052 3345 2109 inesse
3373 2051 3511 2106 dici-

1946 2159 2089 2209 mus,
2122 2146 2287 2200 vitam
2332 2154 2515 2202 autem
2562 2147 2725 2203 simul
2751 2163 2876 2204 cum
2922 2149 3102 2204 anima
3143 2164 3285 2205 esse.
3333 2148 3512 2215 Quare

1945 2232 2039 2287 ubi
2097 2234 2318 2303 propria
2369 2242 2427 2291 et
2471 2238 2850 2293 connaturalis
2914 2248 3076 2308 atque
3125 2238 3510 2308 inseparabilis

1946 2325 2259 2379 communio
2300 2332 2405 2392 est,
2438 2325 2554 2381 haec
2581 2342 2689 2383 vox
2734 2343 2855 2381 cum
2888 2328 3286 2399 signiticantior
3317 2338 3420 2391 est,
3455 2336 3514 2381 ιιι

1947 2430 2069 2485 quae
2098 2417 2487 2486 inseparabilis
2516 2418 2929 2489 coniunctionis
2964 2419 3353 2490 cogitationem
3388 2435 3517 2489 sug-

1948 2518 2099 2580 gerat
2142 2508 2464 2569 intellectui.
2502 2509 2604 2566 Ubi
2643 2517 2826 2566 autem
2876 2511 3050 2582 gratia
3094 2510 3163 2565 ab
3209 2510 3329 2581 ipso
3362 2510 3521 2581 proﬂ-

1949 2599 2186 2665 eiscens,
2219 2602 2482 2658 accedere
2525 2616 2593 2657 ac
2639 2617 2835 2658 rursus
2866 2601 3130 2657 decedere
3158 2609 3359 2671 potest,
3392 2616 3519 2671 pro-

1949 2690 2068 2763 prie
2096 2700 2153 2747 et
2185 2706 2313 2748 vere
2347 2692 2529 2749 inesse
2553 2693 2794 2758 dicitur;
2830 2694 3046 2749 etiamsi
3077 2694 3227 2749 illius
3259 2693 3434 2758 gratia
3463 2693 3517 2745 in

1952 2785 2021 2841 iis
2041 2785 2135 2856 qui
2167 2797 2518 2855 receperunt,
2547 2800 2927 2856 saepenumero
2951 2792 3173 2854 propter
3203 2784 3431 2838 allectus
3463 2783 3520 2837 in

1950 2876 2096 2932 bono
2122 2876 2586 2947 perseverantiam
2618 2883 2880 2947 perpetua
2904 2884 3243 2946 permaneat.
3284 2875 3522 2932 Proinde

1952 2968 2171 3038 quoties
2200 2970 2481 3039 propriam
2515 2966 2759 3038 Spiritus
2784 2967 3103 3038 dignitatem
3138 2968 3518 3039 intelligimus,

1954 3076 2080 3118 cum
2114 3062 2277 3118 Patre
2301 3071 2355 3119 et
2384 3062 2736 3133 Filioipsum
2768 3061 3204 3131 contemplamur
3230 3079 3243 3115 :
3273 3061 3364 3114 ubi
3390 3072 3524 3115 vero

1952 3154 2183 3226 gratiam
2214 3155 2268 3209 in
2310 3169 2428 3217 eos,
2462 3153 2556 3224 qui
2590 3153 2738 3207 illius
2766 3159 2895 3207 sunt
2922 3151 3240 3221 participes,
3283 3165 3522 3219 operan-

1953 3252 2063 3303 tem
2110 3255 2450 3317 reputamus,
2502 3246 2561 3299 in
2592 3244 2750 3300 nobis
2793 3259 2918 3300 esse
2966 3242 3230 3313 Spiritum
3262 3242 3518 3297 dicimus.

1954 3339 2021 3394 Et
2043 3354 2165 3410 quae
2197 3352 2228 3393 a
2257 3337 2416 3393 nobis
2440 3336 2686 3392 defertur
2709 3334 3037 3406 gloriﬁcatio
3064 3335 3118 3389 in
3153 3332 3384 3404 Spiritu,
3413 3349 3535 3388 non

1956 3431 2120 3487 habet
2165 3428 2563 3501 professionem
2612 3427 2898 3497 dignitatis
2951 3426 3123 3489 illius,
3178 3425 3273 3480 sed
3320 3431 3539 3478 nostrae-

1955 3525 2203 3595 ipsorum
2240 3520 2637 3578 imbecillitatis
2667 3519 3095 3584 confessionem,
3122 3518 3252 3572 dum
3280 3516 3525 3572 ostendi-

1955 3628 2082 3670 mus
2120 3628 2224 3668 nos
2256 3627 2323 3668 ex
2351 3612 2511 3667 nobis
2538 3611 2673 3681 ipsis
2703 3611 2771 3665 ad
2802 3608 3215 3680 glorificandum
3252 3606 3525 3663 sufﬁcien-

1956 3713 2040 3760 tes
2082 3719 2195 3759 non
2238 3718 2384 3768 esse,
2443 3703 2537 3758 sed
2580 3700 2956 3757 sutlicientiam
3008 3708 3253 3755 nostram
3303 3714 3426 3754 esse
3468 3698 3523 3751 in

1957 3797 2166 3867 Spiritu
2202 3803 2414 3859 sancto,
2468 3794 2522 3848 in
2559 3808 2670 3863 quo
2710 3790 3085 3857 corroborati,
3120 3805 3217 3860 pro
3250 3789 3530 3845 beneﬁciis

1956 3888 2196 3959 acceptis
2225 3887 2334 3942 Deo
2367 3893 2563 3941 nostro
2586 3882 2787 3955 gratias
2818 3881 3188 3938 absolvimus:
3207 3881 3362 3949 juxta
3384 3878 3530 3949 quod

1957 3992 1989 4031 a
2029 3976 2236 4031 malitia
2280 3975 2493 4047 purgati
2542 3988 2770 4038 sumus;
2817 3971 3019 4042 quippe
3069 3971 3213 4027 alius
3262 3970 3371 4024 alio
3407 3969 3532 4038 plus

1958 4078 2051 4124 aut
2082 4069 2287 4132 minus,
2332 4067 2541 4121 auxilio
2572 4064 2815 4134 Spiritus
2850 4062 3022 4130 adjuli
3070 4061 3140 4115 ad
3189 4060 3541 4116 oll‘erendunt

1956 4144 2166 4200 hostias
2217 4144 2393 4198 laudis
2437 4144 2568 4198 Deo.
2615 4142 2928 4198 Secundum
2986 4153 3154 4193 unum
3196 4138 3361 4208 igitur
3414 4151 3534 4190 mo-

1957 4235 2085 4289 dum
2122 4236 2203 4289 sic
2233 4235 2320 4304 pie
2349 4235 2651 4305 gratiarum
2685 4230 2958 4285 actionem
2992 4228 3045 4281 in
3080 4224 3288 4296 Spiritu
3323 4222 3543 4294 persolu

1956 4330 2155 4382 vimus.
2180 4328 2504 4395 Quanquam
2537 4332 2591 4379 et
2622 4324 2727 4376 hoc
2760 4320 2965 4376 invidia
2993 4333 3101 4373 non
3129 4325 3303 4380 caret,
3341 4322 3400 4369 ut
3433 4314 3536 4368 alia

1955 4420 2083 4488 quis
2110 4418 2179 4473 de
2213 4417 2400 4486 seipso
2441 4415 2787 4477 testiﬁcetur,
2823 4412 3080 4480 dicatque
3116 4428 3129 4464 :
3170 4407 3413 4479 Spiritus
3441 4405 3536 4460 Dei

1956 4506 2011 4561 in
2046 4520 2132 4560 me
2162 4512 2268 4568 est,
2297 4512 2354 4560 et
2390 4519 2486 4574 per
2523 4502 2753 4574 gratiam
2783 4501 2933 4555 illius
2974 4498 3193 4569 sapiens
3223 4498 3403 4552 laetus
3443 4511 3534 4549 re-

269 4599 430 4668 κάνὼ
454 4598 698 4669 Πνεῦμα
740 4598 887 4653 Θεοῦ
925 4578 1123 4667 ἔχειν’
1153 4600 1248 4652 καὶ
1274 4598 1436 4651 πάλιν
1455 4615 1467 4628 ’
1508 4598 1627 4665 Τὴν
1660 4594 1844 4661 καλὴν

1956 4597 2073 4653 l'ero
2106 4596 2358 4669 gloriam.
2391 4594 2529 4650 Nam
2560 4595 2675 4650 bare
2707 4608 2811 4649 vox
2845 4591 3076 4646 Paulum
3106 4589 3262 4644 decet
3290 4606 3305 4642 :
3347 4588 3537 4643 Videor

268 4690 780 4760 παρακαταθήκην
828 4690 1106 4760 φύλαξον
1154 4688 1255 4745 διὰ
1301 4689 1644 4759 Πνεύματος
1686 4689 1858 4757 ἁγίου

266 4782 374 4837 τοῦ
403 4781 786 4848 ἐνοικοῦντος
810 4782 881 4835 ἐν
907 4780 1078 4852 ἡμῖν’
1111 4780 1207 4834 καὶ
1232 4779 1361 4853 περὶ
1390 4780 1485 4834 τοῦ
1509 4780 1709 4851 Δανιήλ
1732 4797 1746 4810 ο
1776 4781 1858 4832 ὃτι

248 4870 495 4941 κΠνεῦμα
525 4870 661 4924 Θεοῦ
697 4871 853 4941 ἅγιον
891 4872 949 4924 ἐν
972 4871 1121 4944 αὐτῷ
1144 4890 1157 4902 ’
1192 4871 1286 4927 καὶ
1322 4872 1373 4924 εί
1396 4889 1480 4937 τις
1506 4872 1737 4935 ἐκείνοις
1757 4871 1870 4942 τὴν

269 4964 477 5035 ἀρετὴν
513 4962 918 5035 παραπλήσιος.

458 5138 721 5210 Δεύτερος
752 5139 808 5193 δὲ
836 5139 981 5205 νοῦς,
1024 5139 1145 5194 οὐδὲ
1184 5140 1346 5217 αὐτὸς
1379 5139 1684 5209 ἀπόϐλητος
1709 5156 1723 5170 ο
1771 5139 1858 5192 ὅτι

270 5225 459 5299 ὥσπερ
483 5230 541 5281 ἐν
570 5228 649 5299 τῷ
679 5228 793 5300 Υίῷ
823 5230 1018 5301 ὁρᾶται
1057 5228 1086 5281 ό
1120 5228 1339 5300 Πατὴρ,
1384 5229 1556 5292 οὕτως
1588 5229 1616 5281 ὁ
1651 5228 1777 5292 Υἱὸς
1801 5230 1859 5282 ἐν

271 5317 349 5387 τῷ
378 5318 676 5389 Πνεύματι.
709 5320 775 5372 Ἦ
811 5321 991 5375 τοίνυν
1025 5321 1082 5375 ἐν
1110 5320 1190 5392 τῷ
1229 5320 1509 5392 Πνεύματι
1545 5318 1857 5391 προσκύνη-

275 5429 360 5476 σις
390 5412 490 5484 τὴν
522 5412 597 5476 ὡς
648 5414 706 5465 ἐν
754 5414 893 5480 φωτὶ
951 5413 1241 5486 γινομένην
1283 5413 1383 5485 τῆς
1426 5413 1663 5476 διανοίας
1702 5411 1859 5483 ἡμῶν

274 5505 555 5576 ἐνέργειαν
583 5504 893 5571 ὑποϐάλλει,
917 5504 992 5569 ὡς
1023 5508 1086 5558 ἐκ
1115 5505 1224 5558 τῶν
1246 5504 1382 5577 πρὸς
1403 5505 1501 5576 τὴν
1528 5505 1859 5576 Σαμαρεῖτιν

274 5596 578 5668 εἰρημένων
605 5594 671 5650 ἂν
713 5596 923 5667 μάθοις.
942 5598 1030 5650 Ἐν
1068 5597 1218 5668 τόπῳ
1253 5597 1363 5668 γὰρ
1391 5592 1530 5650 εἶναι
1563 5595 1659 5667 τὴν
1692 5612 1861 5665 προσ-

276 5687 500 5756 κύνησιν
526 5687 591 5741 ἐκ
631 5688 731 5758 τῆς
777 5688 1045 5761 ἐγχωρίου
1092 5687 1378 5758 συνηθείας
1422 5686 1785 5759 ὴπατημένην
1831 5686 1862 5741 ὀ

1954 4700 2004 4746 et
2046 4689 2178 4743 mihi
2224 4687 2488 4758 Spiritum
2536 4686 2633 4740 Dei
2683 4682 2873 4739 habere
2911 4688 2976 4752 ²;
3007 4690 3062 4738 et
3100 4694 3327 4744 rursus,
3372 4677 3537 4749 Egre-

1954 4784 2101 4854 gium
2132 4781 2431 4851 depositum
2463 4793 2617 4835 serva
2644 4793 2738 4849 per
2764 4775 3028 4846 Spiritum
3057 4780 3302 4829 sanctum
3328 4771 3418 4844 qui
3445 4771 3534 4824 Im-

1961 4876 2100 4929 bitat
2150 4874 2205 4928 in
2245 4870 2398 4928 nobis
2442 4874 2487 4927 ³.
2517 4867 2651 4926 ltem
2687 4868 2756 4925 de
2786 4865 3014 4922 Daniele
3039 4864 3274 4936 legimus
3316 4870 3361 4926 ⁸,
3393 4862 3540 4932 quod
3616 4874 3617 4877 ‘

1959 4964 2202 5037 Spiritus
2236 4963 2332 5019 Dei
2374 4969 2601 5020 sanctus
2642 4960 2808 5017 fuerit
2844 4958 2901 5013 in
2932 4972 3031 5021 eo;
3085 4962 3141 5011 et
3185 4955 3234 5013 si
3280 4953 3406 5026 quis
3433 4953 3559 5013 illis,

1959 5055 2222 5113 assimilis
2254 5055 2326 5111 sit
2356 5054 2581 5109 virtute.
2776 5100 2779 5101 ν
3288 5108 3299 5116 _

2159 5148 2309 5203 Alter
2359 5154 2545 5201 autem
2595 5142 2915 5199 intellectus
2957 5148 3072 5207 est,
3098 5153 3202 5195 nec
3237 5138 3357 5211 ipse
3404 5138 3555 5209 reﬂ».

1958 5235 2208 5303 eiendus,
2257 5234 2402 5307 quod
2451 5235 2597 5290 sicut
2649 5233 2706 5287 in
2756 5229 2898 5286 Filio
2941 5228 3187 5285 cernitur
3233 5226 3419 5291 Pater,
3461 5227 3542 5281 sic

1958 5324 2133 5382 Filius
2166 5325 2413 5381 cernitur
2446 5323 2503 5378 in
2536 5320 2768 5394 Spiritu.
2804 5319 2990 5390 Itaque
3028 5315 3279 5375 adoratio
3305 5330 3428 5386 quas
3470 5317 3549 5371 sit

1959 5416 2015 5472 in
2048 5416 2279 5488 Spiritu,
2326 5413 2526 5469 mentis
2562 5418 2767 5467 nostrze
2808 5407 3181 5479 operationem
3231 5412 3292 5460 ut
3325 5403 3382 5459 in
3420 5402 3544 5459 luce

1962 5508 2164 5566 factam
2203 5508 2432 5574 indicat,
2461 5514 2525 5561 ut
2552 5505 2769 5561 discere
2803 5502 2933 5557 licet
2959 5515 3029 5556 ex
3054 5497 3123 5554 iis
3150 5512 3273 5569 qua:
3297 5494 3544 5553 Samari-

1963 5609 2105 5657 tana:
2133 5599 2281 5656 dicta
2307 5606 2457 5656 sunt.
2489 5595 2626 5651 Nam
2651 5610 2777 5650 cum
2807 5593 2900 5649 illa
2929 5589 3333 5647 consuetudine
3362 5588 3544 5660 regio-

1961 5694 2049 5749 nis
2077 5692 2304 5762 decepta
2344 5688 2691 5747 existimaret
2723 5684 2779 5743 in
2814 5685 2935 5743 loco
2973 5697 3100 5741 esse
3128 5681 3553 5748 adorationem;

363 5906 375 5935 '
417 5902 464 5960 ll
493 5904 614 5961 Cor.
654 5923 765 5974 xm,
801 5910 854 5965 5.
933 5912 955 5986 ἐ
992 5910 1012 5966 l
1045 5910 1171 5969 Cor.
1200 5928 1294 5982 \‘ll,
1321 5913 1407 5969 40.
1488 5914 1508 5946 ³
1541 5913 1584 5971 ll
1618 5913 1759 5969 Tim.
1790 5929 1829 5980 ι,

2024 5917 2045 5948 ⁵
2075 5913 2211 5972 Dan.
2249 5930 2304 5969 ν.
2329 5912 2421 5968 ll.
