3968 6550
435 377 529 440 παι

1661 369 2032 431 summa
2081 368 2438 428 ZIGABEN’I
2523 352 2531 359 ’

3582 369 3680 433 79?.

437 514 699 577 lioininus
729 525 847 567 eam
881 507 1156 564 deducens
1184 504 1321 559 dixit
1354 501 1407 557 in
1451 498 1661 572 Spiritu
1696 505 1750 553 et
1780 498 2014 553 veritate

2113 496 2304 567 Κύριος
2330 498 2361 567 ἡ
2372 495 2487 567 μῶν
2511 495 2936 567 μεταδιδάσκων,
2964 499 3018 549 ὲν
3048 495 3323 568 Πνεῦματι
3346 498 3436 551 καὶ
3460 498 3682 571 ἀληθεία

432 608 667 660 adorare
710 607 968 672 Oportere
1007 602 1023 632 ³
1067 616 1078 651 :
1126 594 1390 650 nimirum
1442 592 1686 663 seipsum
1734 589 2016 660 appellans

436 700 740 751 veritatem.
791 686 1263 758 Quemadmodum
1306 686 1471 757 igitur
1520 684 1577 738 in
1613 678 1753 736 Filio
1782 681 2017 736 dicimus

435 787 834 849 adorationem,
856 782 1006 835 velut
1032 780 1085 833 in
1112 776 1349 847 imagine
1380 775 1475 830 Dei
1506 789 1570 828 ac
1594 772 1775 827 Patris
1808 790 1822 827 :
1860 771 1941 827 sic
1963 776 2018 824 et

435 882 489 934 in
527 876 735 947 Spiritu
787 881 1052 941 tanquam
1105 870 1159 923 in
1212 869 1397 938 seipso
1429 864 1648 920 Domini
1677 862 2016 917 divinitatem

433 971 795 1041 exprimente.
845 962 1003 1019 Unde
1055 969 1109 1016 et
1159 961 1216 1015 in
1258 958 1590 1014 adoratione
1633 953 2019 1024 inseparabilis

432 1070 515 1118 cst
548 1076 574 1113 a
607 1059 765 1111 Patre
813 1063 867 1111 et
898 1053 1043 1114 Filio
1084 1052 1325 1122 Spiritus
1376 1056 1625 1105 sanctus.
1681 1045 1817 1100 Nam
1852 1047 1897 1101 si
1934 1046 2014 1101 sis

433 1162 585 1208 extra
634 1150 807 1211 illum,
857 1146 1012 1201 nullo
1059 1151 1221 1216 pacto
1265 1158 1328 1199 es
1383 1142 1760 1197 adoraturus:
1797 1144 2014 1199 contra,

434 1244 479 1297 si
656 1239 709 1291 in
746 1236 843 1291 illo
885 1234 1077 1299 fueris,
1123 1232 1277 1288 nullo
1308 1232 1470 1287 modo
1498 1244 1621 1286 eum
1658 1228 1945 1300 separabis
1985 1240 2016 1280 a

436 1332 567 1395 Deo,
600 1328 772 1384 nihilo
807 1325 1054 1397 profecto
1100 1324 1277 1395 magis
1310 1337 1474 1393 quam
1498 1322 1682 1376 lumen
1728 1317 2014 1389 separabis

437 1425 507 1478 ab
554 1423 619 1478 iis
655 1437 775 1492 quae
802 1420 941 1475 visui
967 1426 1151 1488 patent
1185 1434 1197 1470 :
1230 1414 1571 1486 impossibile
1619 1412 1892 1483 siquidem
1929 1418 2018 1466 est

438 1529 663 1570 cernere
708 1512 1001 1582 imaginem
1044 1508 1136 1563 Dei
1190 1506 1505 1569 invisibilis,
1554 1504 1659 1559 nisi
1706 1497 2019 1558 in'lumine

441 1604 703 1675 Spiritus.
740 1601 803 1654 Et
830 1601 920 1671 qui
957 1600 1203 1653 intuetur
1229 1597 1545 1667 imaginem,
1590 1595 1735 1649 hunc
1760 1594 2019 1665 impossi—

439 1698 547 1752 bile
571 1706 653 1751 est
690 1697 873 1749 lumen
910 1694 979 1749 ab
1008 1692 1245 1763 imagine
1275 1704 1551 1761 separare.
1588 1687 1744 1753 Quod
1777 1686 1926 1742 enim
1960 1692 2018 1737 ut

2101 588 2298 660 χρῆναι
2334 591 2658 661 προσκυνεῖν
2682 588 2903 659 ἔφησεν,
2942 590 3132 641 ἑαυτὸν
3161 590 3334 659 λέγων
3360 590 3561 661 δηλαδὴ
3590 593 3683 664 τὴν

2100 679 2375 753 ἀληθειαν.
2404 681 2613 752 Ὠσπερ
2633 676 2723 734 οὖν
2761 682 2818 734 ὲν
2856 678 2935 751 τῷ
2975 680 3090 751 Υίῷ
3128 681 3499 753 προσκύνησιν
3533 681 3683 750 λέγο-

2104 789 2225 844 μεν,
2256 772 2351 844 τὴν
2387 772 2462 836 ὡς
2500 774 2558 826 ὲν
2593 773 2761 825 είκόνι
2799 772 2892 825 τοῦ
2942 772 3078 827 Θεοῦ
3125 775 3217 827 καὶ
3265 774 3497 846 Πατρὸς,
3550 774 3684 829 οὕτω

2100 866 2197 920 καὶ
2228 866 2288 919 ὲν
2319 865 2399 936 τῷ
2431 864 2731 937 Πνεῦματι,
2762 865 2837 928 ὡς
2872 866 2927 917 ὲν
2960 865 3137 936 ἑαυτῷ
3163 867 3431 920 δεικνύντι
3468 866 3567 937 τὴν
3597 868 3684 919 τοῦ

2102 957 2307 1027 Κυρίου
2338 956 2589 1027 θεότητα.
2622 956 2711 1009 Διὸ
2740 957 2833 1009 καὶ
2876 957 2934 1009 ὲν
2966 960 3031 1026 τῇ
3084 961 3453 1029 προσκυνήσει
3491 958 3687 1030 άχιτιρι·

2104 1065 2225 1102 στον
2249 1049 2354 1102 ἀπὸ
2387 1049 2601 1120 Πατρὸς
2630 1050 2722 1102 καὶ
2750 1049 2880 1102 Υίοῦ
2908 1050 2968 1101 τὸ
3004 1050 3225 1121 Πνεῦμα
3252 1051 3311 1103 τὸ
3338 1051 3519 1119 ἆγιον.
3550 1052 3689 1114 Ἐξω

2103 1141 2202 1211 μὲν
2231 1140 2337 1211 γὰρ
2366 1140 2629 1212 ὑπάρχων
2664 1141 2848 1204 αὐτοῦ,
2896 1142 3014 1195 οὐδὲ
3059 1144 3465 1215 προσκυνήσεις
3507 1144 3567 1196 τὸ
3594 1162 3688 1195 πα-

2105 1231 2315 1303 ράπαν·
2366 1234 2424 1286 ὲν
2479 1232 2626 1304 αὐτῷ
2672 1234 2729 1286 δὲ
2776 1233 3064 1303 γενόμενος
3117 1236 3297 1288 οὐδενὶ
3509 1236 3688 1304 τρόπῳ

2101 1324 2463 1395 ἀποχωρίσεις
2492 1324 2600 1378 άπὸ
2634 1324 2768 1377 Θεοῦ
2799 1342 2812 1355 ⁸
2848 1325 2908 1377 οὑ
2945 1325 3143 1395 μᾶλλόν
3170 1342 3253 1394 γε,
3284 1326 3316 1397 ἢ
3347 1325 3458 1378 τῶν
3480 1325 3688 1396 ὁρατῶν

2065 1433 2079 1441 ·
2102 1414 2429 1485 ἁποστήσεις
2459 1414 2519 1468 τὸ
2558 1414 2673 1485 φῶς
2699 1431 2711 1445 ·
2762 1414 3022 1469 ἀδύνατον
3062 1416 3170 1487 γὰρ
3207 1417 3333 1468 ίδεῖν
3368 1415 3469 1487 τὴν
3510 1415 3688 1470 εἰκόνα

2100 1501 2193 1556 τοῦ
2217 1502 2352 1555 Θεοῦ
2382 1502 2473 1556 τοῦ
2504 1504 2760 1575 ἀοράτου,
2794 1505 2867 1575 μὴ
2898 1507 2953 1557 ἐν
2978 1504 3055 1575 τῷ
3095 1505 3359 1577 φωτισμῷ
3386 1506 3485 1559 τοῦ
3523 1506 3688 1560 Πνεῦ-

2104 1612 2294 1666 ματος.
2325 1596 2435 1649 Καὶ
2462 1594 2551 1649 τὸν
2584 1596 2960 1659 ὲνατενίζοντα
2988 1599 3053 1667 τῇ
3082 1598 3250 1651 εἰκόνι
3289 1599 3576 1668 ἀμήχανον
3598 1599 3689 1668 τῆς

2101 1687 2306 1752 είκόνος
2331 1686 2672 1759 ἀποχωρίσαι
2699 1686 2759 1740 τὸ
2793 1686 2926 1756 φῶς.
2966 1687 3038 1740 Τὸ
3067 1687 3177 1758 γάρ
3211 1687 3306 1740 τοῦ
3345 1689 3482 1759 ὁρᾷν
3527 1688 3691 1741 αἴτιον

440 1790 624 1844 videas
659 1791 711 1842 in
748 1801 915 1841 causa
959 1792 1065 1849 est,
1099 1784 1151 1839 id
1189 1798 1415 1839 necesse
1454 1788 1561 1843 est,
1593 1788 1653 1834 ut
1697 1778 1859 1835 simul
1892 1791 2013 1832 cum

2113 1774 2163 1842 ἐξ
2195 1778 2442 1848 ἀνάγκης
2466 1776 2870 1848 συγκαθορᾶται
2895 1781 3009 1841 τοῖς
3028 1780 3264 1849 ὁρατοῖς.
3289 1780 3453 1831 Ὥστε
3478 1779 3689 1842 οἰκείως

438 1882 506 1935 iis
556 1896 677 1951 quae
736 1885 1061 1940 cernuntur,
1113 1875 1389 1930 videatur.
1452 1874 1645 1942 Itaque
1698 1871 1919 1941 proprie
1962 1875 2014 1924 et

2113 1869 2197 1923 καὶ
2224 1842 2649 1933 ἀκολοῦθωςτδιά
2686 1842 2785 1941 μὲν
2813 1870 2906 1923 τοῦ
2938 1842 3218 1941 φωτίσμοῦ
3251 1870 3344 1923 τοῦ
3373 1872 3517 1923 Ilva-3
3527 1888 3689 1941 ματος

436 1978 804 2040 congruenter
833 1982 928 2036 per
963 1965 1425 2020 illuminationem
1457 1962 1699 2033 Spiritus
1740 1960 2018 2030 conspici-

438 2074 561 2113 mus
602 2058 949 2128 splendorem
981 2056 1167 2126 gloriae
1197 2055 1329 2122 Del;
1368 2069 1467 2126 per
1508 2054 1881 2109 characterem
1916 2067 2016 2105 auo

437 2159 547 2206 tem
587 2152 653 2205 ad
686 2165 831 2213 eum,
866 2149 1028 2218 cujus
1077 2156 1161 2207 est
1204 2149 1494 2203 character
1537 2154 1592 2201 et
1621 2146 1831 2217 aequale
1865 2145 2015 2214 sigil-

436 2244 571 2301 lum.
608 2240 989 2295 subvehimur.

504 2327 680 2393 Quam
732 2328 898 2397 igitur
962 2327 1034 2381 ob
1075 2340 1321 2389 causam,
1371 2324 1649 2395 inquiunt,
1699 2340 1821 2379 cum
1889 2338 2014 2395 pro-

441 2418 558 2487 prie
585 2417 874 2472 conveniat
915 2416 1031 2474 ιιωο
1086 2417 1320 2489 syllaba,
1361 2420 1442 2483 in,
1470 2416 1728 2487 Spiritui,
1761 2430 1825 2471 ac
1854 2414 2013 2471 nobis

441 2511 509 2567 ad
553 2510 966 2580 exprimendum
1002 2510 1251 2581 quemvis
1293 2510 1360 2565 de
1409 2508 1615 2580 Spiritu
1678 2509 2013 2564 intellectum

438 2602 692 2665 sutIlciat,
721 2618 819 2659 vos
844 2617 1045 2657 novam
1080 2602 1242 2657 istam
1270 2602 1530 2672 syllabam
1565 2601 1885 2664 induxistis,
1921 2599 2013 2669 qui

438 2693 644 2757 dicitis,
668 2692 799 2748 Cum
830 2690 1061 2759 Spiritu,
1100 2705 1234 2758 non,
1258 2691 1322 2746 In
1354 2690 1559 2761 Spiritu
1608 2701 1830 2756 saneto;
1874 2689 2014 2744 alio-

437 2786 569 2854 quin
611 2798 711 2839 nec
736 2784 1084 2848 necessariis,
1109 2798 1211 2840 nec
1243 2784 1310 2857 ab
1332 2784 1571 2840 Ecclesia
1629 2781 1874 2854 probatis
1916 2798 2018 2837 vo-

439 2876 598 2931 cibus
642 2878 904 2932 utentes?

443 3014 589 3091 Unde
621 3016 829 3091 initium
862 3016 1029 3091 hebet
1049 3017 1279 3091 syllaba,
1306 3034 1505 3091 «eum,»
1539 3032 1766 3091 eliquanr
1787 3023 1891 3076 vim
1913 3022 2014 3076 ha-

517 3086 665 3162 beat;
700 3088 789 3162 ubi
818 3096 866 3140 et
898 3086 964 3162 de
982 3085 1231 3143 Ecblcsia:
1262 3088 1461 3160 legibus
1489 3085 1635 3145 nullo
1662 3093 1861 3162 scripto
1890 3108 2016 3162 pro-

512 3157 660 3210 ditis.
691 3156 862 3227 Caput
895 3160 989 3213 27.

514 3249 670 3317 Quod
733 3249 895 3321 igitur
944 3249 1059 3305 haec
1115 3252 1346 3322 syllaba,
1424 3252 1504 3316 in,
1566 3249 1792 3321 Spiritui
1883 3268 2013 3307 san-

441 3357 532 3395 ειο
598 3355 705 3395 non
767 3343 821 3396 in
873 3351 1076 3397 sortem
1158 3346 1375 3413 preprie
1437 3344 1639 3409 cessit,
1692 3345 1785 3400 sed
1840 3343 2017 3400 Patris

441 3429 671 3499 Filiique
706 3432 1011 3487 communis
1041 3440 1144 3497 est,
1176 3435 1227 3487 in
1266 3436 1642 3504 superioribus
1669 3436 1873 3491 dictum
1909 3444 2014 3491 est.

448 3523 701 3577 Arbitror
728 3532 913 3578 autem
938 3526 1139 3580 etillud
1190 3529 1324 3583 satis
1358 3528 1811 3598 demonstratum,
1872 3530 2018 3601 quod

439 3615 493 3666 in
524 3628 629 3668 non
662 3614 844 3668 solum
874 3617 1009 3672 nihil
1040 3618 1275 3673 detrahit
1308 3621 1555 3691 dignitati
1594 3621 1862 3693 Spiritus,
1921 3640 2011 3678 ve-

445 3718 565 3757 rum
597 3705 761 3758 etiam
790 3706 857 3760 ad
894 3720 1161 3762 summam
1195 3711 1573 3767 celsitudinem
1604 3713 1768 3781 erigit
1794 3712 2012 3784 cogita-

436 3788 617 3845 tiones
636 3805 849 3858 eorum,
872 3795 966 3865 qui
994 3811 1105 3851 non
1130 3812 1358 3867 prorsus
1388 3805 1571 3854 mente
1593 3801 1835 3868 corrupti
1863 3804 2013 3854 sunt.

437 3877 705 3951 Superest
764 3896 945 3939 autem
998 3885 1271 3942 disserere
1322 3889 1389 3943 de
1438 3890 1645 3958 syllaba
1688 3907 1828 3953 cum,
1878 3891 2022 3945 unde

435 3974 691 4042 «aperit,
742 3983 797 4027 et
827 3991 993 4045 quam
1023 3978 1131 4031 vim
1184 3979 1400 4041 habeat,
1452 3990 1506 4034 et
1544 3981 1821 4049 quomodo
1866 3979 2022 4035 Scri-

440 4067 617 4134 ptura:
643 4066 964 4122 concordet.

645 4158 723 4210 Ex
757 4159 1054 4216 asservatis
1084 4160 1138 4214 in
1164 4160 1407 4216 Ecclesia
1432 4164 1781 4235 dogmatibus
1807 4173 1860 4221 et
1882 4182 2020 4237 prae-

436 4247 830 4315 dicationibus,
864 4250 969 4303 alia
993 4252 1211 4320 quidem
1246 4253 1512 4310 habemus
1537 4271 1567 4309 e
1594 4255 1845 4311 doctrina
1879 4259 2019 4312 seri-

436 4348 534 4411 pto
578 4340 833 4409 prodita;
880 4342 988 4395 alia
1037 4358 1169 4398 vero
1204 4344 1364 4400 nobis
1410 4347 1463 4400 in
1517 4347 1775 4419 mysterio
1816 4350 2017 4404 tradita

436 4431 746 4499 recepimus
813 4448 879 4488 ex
943 4435 1236 4491 traditione
1302 4438 1676 4506 apostolorum
1729 4457 2015 4511 :quorum

436 4529 668 4593 utraque
698 4525 804 4578 vim
862 4527 1109 4582 eamdem
1142 4528 1346 4583 habent
1380 4528 1446 4583 ad
1481 4530 1771 4599 pietatem;
1800 4546 1901 4585 nec
1948 4533 2016 4586 iis
2044 4521 2085 4576 Ῐ)

435 4612 724 4683 quisquam
767 4617 1109 4673 contradicet
1142 4638 1157 4674 :
1194 4620 1379 4674 nullus
1422 4630 1591 4687 certe,
1624 4621 1716 4692 qui
1750 4622 1831 4677 vel
1868 4623 2016 4676 tenui

433 4706 770 4774 experientia
829 4710 1043 4763 noverit
1094 4724 1214 4779 quae
1262 4708 1373 4764 sint
1428 4708 1686 4765 Ecclesia:
1740 4712 2012 4765 instituta.

434 4794 569 4849 Nam
630 4797 675 4849 si
733 4798 1168 4854 consuetudines
1204 4814 1324 4869 qua:
1377 4799 1581 4869 scripto
1630 4800 1858 4870 prodita:
1907 4817 2014 4853 non

434 4896 582 4951 sunt,
610 4900 867 4959 tanquam
895 4889 1041 4944 haud
1066 4892 1297 4944 multum
1332 4891 1598 4946 habentes
1632 4892 1889 4945 momenti
1923 4907 2015 4961 ag-

433 4980 747 5051 grediamur
811 4983 1072 5051 rejiccre,
1122 4982 1498 5052 imprudentes
1548 4983 1903 5054 Evangelium
1961 4986 2012 5038 in

433 5074 569 5142 ipsis
605 5074 769 5127 rebus
804 5073 1096 5145 praecipuis
1126 5073 1406 5139 laedemus,
1460 5075 1572 5129 imo
1604 5076 1785 5145 potius
1820 5076 2016 5147 prrrdi-

432 5164 702 5218 cationem
756 5164 821 5218 ad
874 5164 1082 5219 nudum
1132 5180 1328 5219 nomen
1385 5167 1796 5222 contrahemus.
1846 5166 2009 5222 Verbi

432 5256 628 5325 gratia,
660 5264 718 5309 ut
747 5257 867 5326 ejus
902 5257 1047 5328 quod
1084 5258 1319 5328 primum
1360 5267 1442 5314 est
1488 5268 1541 5315 ct
1572 5261 2007 5331 Vulgatissimum

434 5348 608 5417 pri-no
639 5350 756 5403 loco
780 5360 1203 5405 commembrem
1233 5371 1244 5406 :
1281 5360 1337 5404 ut
1368 5352 1524 5424 signo
1556 5354 1743 5407 crucis
1779 5368 1876 5407 eos
1915 5352 2008 5421 qui

432 5453 580 5506 spem
623 5440 897 5493 collocant
942 5440 993 5493 in
1025 5440 1247 5496 Christo
1291 5442 1597 5512 signemus,
1631 5442 1756 5513 quis
1804 5442 2010 5511 scripto

433 5532 649 5584 docuit?
686 5530 749 5583 Ut
786 5533 851 5585 ml
899 5533 1163 5589 orientem
1204 5535 1345 5590 versi
1387 5551 1698 5605 precemur,
1746 5550 1867 5605 quae
1909 5550 2009 5589 nos

512 5813 527 5845 ⁸
577 5811 732 5870 Juau.
778 5832 851 5881 Iv,
885 5815 979 5871 “ll.

2101 1960 2163 2013 τὸ
2190 1960 2529 2031 ἀπαύγασμα
2567 1960 2667 2031 τῆς
2701 1960 2858 2031 δόξης
2890 1961 2983 2013 τοῦ
3024 1961 3158 2014 Θεοῦ
3208 1961 3569 2033 καθορῶμεν
3607 1961 3690 2014 διά

2102 2050 2158 2103 δὲ
2182 2050 2275 2103 τοῦ
2298 2051 2645 2123 χαρακτῆρος
2672 2051 2765 2103 ἐπὶ
2797 2052 2896 2121 τὴν
2932 2045 2991 2104 οῦ
3024 2054 3171 2103 ἐστιν
3211 2054 3239 2105 ὁ
3273 2054 3568 2124 χαρακτὴρ
3603 2053 3690 2104 καὶ

2102 2143 2136 2206 ἡ
2180 2142 2428 2206 ἰσότυπος
2464 2144 2703 2214 σφραγὶς
2732 2143 3070 2211 άναγόμεθα.

2194 2325 2353 2390 Τίνος
2381 2323 2704 2392 οὖνὲνεκεν,
2764 2328 2951 2396 φασὶν,
2994 2327 3141 2389 ίδίως
3194 2330 3591 2400 προσηκούσης
3616 2332 3687 2399 τῷ

2123 2417 2409 2486 Πνεύματι
2438 2420 2537 2487 τῆς
2574 2415 2643 2470 ἐν
2695 2417 2992 2485 συλλα6ῆς,
3046 2418 3143 2471 καὶ
3190 2422 3273 2482 εἰς
3326 2422 3515 2473 πᾶσαν
3565 2424 3691 2491 ἡμῖν

2117 2511 2216 2580 τὴν
2245 2512 2371 2583 περὶ
2400 2510 2563 2564 αὑτοῦ
2591 2511 2799 2579 ἔννοιαν
2823 2510 3162 2579 ἐξαρκούσης
3182 2513 3280 2581 τὴν
3337 2513 3544 2581 καινὴν
3573 2512 3691 2566 ταῦ-

2117 2621 2216 2669 την
2246 2603 2402 2671 ὑμεῖς
2436 2602 2707 2670 συλλαϐὴν
2737 2604 3159 2672 ὲπεισηγάγετε,
3221 2602 3343 2656 σὺν
3389 2601 3472 2668 τῷ
3516 2605 3693 2656 [treu-

2112 2712 2256 2765 ματι
2279 2695 2554 2763 λέγοντες,
2591 2696 2685 2748 καὶ
2707 2696 2829 2760 οὐκ,
2862 2695 2933 2748 ἐν
2954 2694 3033 2759 τῷ
3072 2696 3371 2764 Πνεύματι
3409 2695 3494 2761 τῷ
3533 2697 3692 2765 ἁγιῳ,

2117 2788 2245 2842 οὒτε
2271 2788 2446 2852 ἄλλως
2478 2790 2771 2857 ἀναγκαῖα,
2807 2787 2932 2841 οὔτε
2963 2780 3333 2860 νενομισμένα
3393 2792 3522 2853 ταῖς
3577 2789 3693 2844 Ἕκα

2118 2880 2374 2954 κλησίαις
2408 2880 2778 2950 φθεγγόμενοι
2814 2896 2829 2947 ;

2125 3018 2236 3074 Τοῦ
2261 3019 2471 3074 αὐτοῦ.
2511 3018 2703 3073 Πόθεν
2740 3019 2779 3085 ἡ
2823 3037 2842 3071 ι
2870 3018 2995 3072 σὺν
3024 3037 3042 3070 ι
3106 3016 3341 3084 ἤρξατο
3388 3017 3689 3083 συλλαϐὴ,

2191 3089 2289 3143 καί
2312 3092 2494 3142 ποίαν
2525 3088 2783 3160 δύναμιν
2809 3088 2933 3158 ἔχει
2959 3106 2975 3122 σ
2998 3090 3067 3143 ἐν
3097 3086 3145 3160 ᾧ
3172 3089 3270 3143 καί
3303 3088 3375 3141 τὰ
3404 3091 3545 3160 περὶ
3580 3088 3687 3160 τῷν

2045 3178 2087 3235 ο
2189 3160 2470 3229 ἀγράφων
2508 3159 2617 3227 τῆς
2639 3157 3003 3227 Ἐκκλησίας
3023 3157 3313 3231 νομίμων.
3335 3159 3566 3228 Κεφὰλ.
3594 3157 3687 3218 κᾰ.

2205 3251 2295 3314 Ὠς
2350 3251 2450 3322 μὲν
2537 3249 2631 3305 οὖν
2682 3252 2803 3321 οὐχὶ
2859 3252 3329 3323 ἀποκληρωτικῶς
3404 3250 3484 3321 τῷ
3556 3250 3689 3319 ἁγίῳ

2122 3345 2403 3413 Πνεύματι
2455 3343 2488 3414 ἡ
2547 3341 2617 3396 ἐν
2670 3341 2908 3415 συλλαϐὴ
2960 3344 3288 3415 διενήνοχεν,
3360 3340 3502 3395 ἀλλὰ
3540 3339 3687 3407 κοινὴ

2124 3437 2334 3506 Πατρός
2392 3438 2507 3489 ἐστι
2570 3435 2665 3487 καὶ
2714 3434 2869 3500 Υἰοῦ,
2945 3437 3004 3489 ἐν
3059 3438 3171 3499 τοῖς
3232 3436 3463 3489 κατόπιν
3541 3435 3689 3503 εἴρη-

2119 3544 2229 3593 ται.
2258 3521 2426 3597 Οἶμαι
2451 3525 2507 3579 δὲ
2543 3526 2767 3580 κάιεῖνο
2804 3525 3120 3598 ἀρκούντως
3155 3525 3429 3595 εἰρῆσθαι,
3483 3524 3568 3577 ὅτι
3629 3524 3683 3574 οὐ

2124 3622 2285 3691 μόνον
2342 3619 2442 3672 οὐκ
2496 3620 2818 3690 ἀφαιρεῖται
2862 3636 2915 3672 τι
2972 3619 3072 3690 τῆς
3110 3618 3267 3684 ἀξίας
3310 3618 3406 3671 τοῦ
3443 3618 3688 3686 Πνεῦμα-

2120 3727 2230 3775 τος,
2259 3709 2396 3762 ἀλλά
2427 3711 2520 3764 καὶ
2560 3711 2696 3781 πρὸς
2721 3714 2781 3764 τὸ
2820 3712 3077 3780 μέγιστον
3102 3709 3234 3779 ὕψος
3270 3710 3379 3763 τῶν
3411 3708 3491 3777 μὴ
3518 3708 3687 3772 πάντη

2120 3797 2519 3866 ὲνδιαστρόςρων
2549 3798 2673 3859 τοὺς
2708 3795 2999 3864 λογισμοὺς
3044 3797 3325 3863 ἐπανάγει.
3363 3795 3690 3864 Λειπόμενον

2121 3889 2176 3943 δέ
2203 3892 2317 3942 ἐστι
2348 3888 2475 3960 περὶ
2508 3889 2604 3957 τῆς
2631 3890 2772 3954 σὺν,
2819 3890 3015 3943 ὁπόθεν
3060 3888 3280 3959 ἡρξατο,
3321 3888 3416 3941 καὶ⁵
3454 3887 3575 3939 τίνα
3610 3884 3691 3939 δύο

2121 3997 2285 4051 ναμιν
2317 3981 2449 4049 ἔχει,
2482 3982 2577 4034 καὶ
2604 3982 2751 4045 ὅπως
2928 3981 3213 4051 σύμφωνός
3245 3980 3362 4031 ἔστι
3387 3982 3452 4050 τῇ
3486 3979 3688 4049 Γραφῇ,

2120 4068 2501 4140 διηγήσασθαι.

2300 4161 2419 4215 Τῶν
2451 4166 2506 4215 ὲν
2536 4166 2599 4235 τῇ
2636 4161 2932 4233 Ἐκκλησία
2954 4162 3385 4231 πεφυλαγμένων
3413 4161 3688 4231 δογμάτων

2119 4253 2213 4306 acati.
2246 4256 2613 4325 κηρυγμάτων
2656 4255 2721 4308 τὰ
2763 4254 2861 4325 μὲν
2904 4257 2967 4308 ἐκ
3003 4256 3105 4325 τῆς
3139 4254 3416 4326 ἐγγράφου
3451 4254 3687 4307 διδασκαο

2118 4346 2236 4408 λίας
2270 4345 2484 4416 ἔχομεν,
2516 4346 2583 4400 τά
2621 4347 2677 4400 δὲ
2724 4347 2787 4399 ἐκ
2823 4347 2921 4418 τῆς
2959 4347 3068 4401 τῶν
3108 4347 3419 4401 ἀποστόλων
3464 4346 3688 4418 παραδό-

2121 4457 2255 4503 σεως
2298 4440 2607 4493 διαδοθέντα
2656 4443 2789 4510 ἡμῖν
2841 4442 2897 4493 ὲν
2930 4441 3213 4512 μυστηρίῳ
3258 4440 3683 4513 παρεδεξάμεθα*

2117 4532 2260 4602 άπερ
2286 4532 2573 4603 ἀμφότερα
2614 4531 2709 4603 τὴν
2744 4532 2911 4603 αὐτὴν
2956 4533 3108 4603 ἰσχὺν
3150 4532 3262 4602 ἔχει
3306 4533 3441 4603 πρὸς
3473 4532 3568 4604 τὴν
3606 4532 3685 4583 εῦ-

2119 4625 2353 4680 σέϐειαν.
2375 4626 2485 4678 Καὶ
2506 4624 2716 4688 τούτοις
2734 4625 2906 4687 οὐδεὶς
2930 4626 3165 4695 ἀντερεῖ,
3194 4624 3390 4678 οὐκοῦν
3552 4626 3683 4685 ὅστις

2117 4734 2177 4784 γε
2226 4717 2366 4770 κατὰ
2411 4717 2603 4787 μικρὸν
2651 4717 2781 4785 γοῦν
2830 4716 3046 4787 θεσμῶν
3096 4717 3562 4787 ὲκκλησιαστικῶν
3599 4733 3681 4768 πε-

2119 4809 2391 4881 πείραται.
2444 4811 2506 4862 Εἰ
2558 4810 2663 4881 γὰρ
2713 4811 3165 4881 ἐπιχειρήσαιμεν
3208 4811 3275 4863 τὰ
3330 4809 3549 4881 ἄγραφα
3588 4809 3681 4860 τῶν

2118 4899 2255 4952 ἐθῶν
2282 4900 2355 4962 ὡς
2394 4899 2466 4970 μὴ
2501 4899 2740 4970 μεγάλην
2787 4899 2976 4969 ἔχοντα
3016 4900 3113 4970 τὴν
3148 4899 3380 4970 δύναμιν
3414 4899 3681 4970 παραιτεῖ-

2120 4992 2261 5058 σθαι,
2288 4993 2543 5063 λάθοιμεν
2567 4991 2631 5045 ἂν
2667 4993 2747 5055 είς
2787 4991 2924 5045 αὐτὰ
2952 4991 3021 5063 τὰ
3064 4992 3252 5063 καίρια
3283 4992 3602 5063 ζημιοῦντες
3627 4988 3679 5042 τὸ

2118 5084 2446 5152 Εὐαγγέλιον
2468 5100 2478 5112 ·
2512 5084 2711 5154 μᾶλλον
2735 5083 2791 5136 δὲ
2829 5085 2907 5146 είς
2932 5083 3102 5153 ὄνομα
3128 5084 3282 5153 ψιλὸν
3312 5084 3679 5155 περιιστῶντες
3706 5121 3724 5139 .

2116 5176 2174 5229 τὸ
2206 5177 2482 5247 κήρυγμα.
2527 5170 2676 5237 Οἷονδ
2722 5174 2809 5229 ἵνα
2841 5173 2934 5228 τοῦ
2979 5174 3195 5246 πρώτου
3240 5174 3335 5228 καὶ
3386 5177 3675 5229 κοινοτάτον

2114 5268 2325 5338 πρῶτον
2358 5266 2595 5337 μνησθῶ,
2772 5266 2846 5337 τῷ
2874 5265 3029 5336 τύπῳ
3072 5265 3166 5319 τοῦ
3200 5266 3429 5335 σταυροῦ
3461 5268 3583 5330 τοὺς
3610 5265 3675 5325 είς

2111 5362 2170 5414 τὸ
2195 5363 2360 5433 ὄνομα
2392 5361 2483 5414 τοῦ
2524 5363 2727 5433 Κυρίου
2751 5364 2782 5434 ἡ
2791 5362 2906 5432 μῶν
2942 5361 3117 5433 Ἰησοῦ
3139 5360 3377 5432 Χριστοῦ
3398 5360 3674 5430 ἠλπικότας

2112 5453 2611 5522 κατασημαίνεσθαι
2657 5453 2739 5515 τίς
2785 5455 2812 5505 ὁ
2843 5452 2930 5505 διὰ
2972 5452 3299 5523 γράμματος
3346 5447 3671 5516 διδάξας;Τδ

2112 5543 2245 5611 πρὸς
2276 5543 2531 5605 ἀνατολὰς
2566 5542 2862 5613 carpi-90m
2902 5540 3045 5596 κατὰ
3070 5543 3170 5613 τὴν
3206 5541 3513 5614 προσευχὴν
3540 5541 3668 5593 ποῖον
