3968 6540
292 393 399 456 793

1213 395 1587 458 ΡΛΝΟΡΗΛ
1633 396 2085 459 DOGMATICA.
2127 424 2194 438 ·-
2233 400 2383 461 ΤΙΤ.
2426 402 2569 464 ΧΠ.

3438 406 3543 466 791

287 539 527 605 ἐδίδαξεν
553 539 698 609 ἡμᾶς
728 537 995 609 γράμμα;
1045 537 1125 591 Τά
1152 536 1249 606 τῆς
1285 532 1621 603 ἐπικλήσεως
1655 534 1871 603 ῥήματα

1992 539 2155 593 locuit
2183 538 2503 608 Scriptura?
2532 537 2900 595 lnvocationis
2923 538 3088 594 verba
3109 552 3233 592 cum
3256 537 3545 591 conficitur

287 632 379 685 ἐπὶ
409 634 474 702 τῇ
503 630 772 696 ἀναδείξει
938 630 1031 681 τοῦ
1071 629 1234 698 ἄρτου
1263 628 1361 697 τῆς
1385 626 1747 698 Εὐχάριστίας
1780 626 1872 705 καὶ

286 728 379 781 τοῦ
415 727 677 797 ποτηρίου
707 726 806 795 τῆς
847 723 1096 791 εὐλογίας
1126 723 1211 786 τίς
1247 721 1354 775 τῶν
1386 722 1555 790 ἁγίων
1582 719 1875 790 ἐγγράφως

289 824 420 891 ἡμῖν
462 818 881 877 καταλέλοιπεν;
918 818 991 870 Οὐ
1034 816 1144 887 γὰρ
1184 815 1247 887 δή
1280 814 1490 876 τούτοις
1533 810 1873 885 ἀρκούμεθα,

288 906 363 966 ὧν
400 912 429 963 6
468 907 842 979 ’Λπόστολοςῆ
881 907 942 960 τὸ
986 907 1316 976 Εὖαγγέλιον
1359 903 1699 975 ἐπεμνήσθη.
1742 902 1877 955 ἀλλὰ

289 1002 381 1055 καὶ
412 1000 749 1071 προλέγομεν
795 999 886 1050 καὶ
928 998 1253 1067 ὲπιλέγομεμ
1288 997 1469 1068 ἕτερα,
1513 996 1588 1059 ὡς
1635 994 1877 1066 μεγάλην

290 1093 481 1163 ἔχοντα
510 1091 645 1162 πρὸς
663 1090 723 1143 τὸ
755 1092 1050 1161 μυστήριον
1071 1090 1168 1160 τὴν
1205 1090 1377 1158 ἰσχὺν,
1412 1090 1475 1141 ὲκ
1503 1087 1600 1157 τῆς
1629 1087 1875 1156 ἀγράφου

287 1183 635 1246 διδασκαλίας
662 1181 1084 1252 παραλαϐόντες.
1111 1179 1452 1250 Εύλογοῦμεν
1478 1178 1533 1231 δὲ
1562 1175 1621 1230 τό
1645 1194 1704 1230 τε
1735 1175 1878 1247 ὕδωρ

289 1274 383 1327 τοῦ
420 1274 816 1343 βαπτίσματος,
868 1272 963 1325 κα.)⁸
1018 1272 1077 1325 τὸ
1114 1272 1289 1325 ἔλαιον
1338 1271 1437 1341 τῆς
1489 1270 1751 1341 χρίσεως,
1784 1268 1878 1323 καὶ

293 1367 519 1437 προσέτι
544 1366 705 1420 αὑτὸν
730 1365 820 1418 τὸν
854 1364 1268 1435 βαπτιζόμενον.
1310 1363 1442 1416 Ἀπὸ
1472 1362 1640 1415 ποίων
1676 1360 1878 1433 ἐγγρά-

294 1479 449 1530 φων;
481 1460 596 1513 Ούκ
629 1459 735 1512 ἀπὸ
760 1459 858 1529 τῆς
888 1458 1249 1530 σιωπωμένης
1284 1455 1377 1510 καί
1410 1455 1678 1527 μυστικῆς
1703 1471 1881 1527 παρα-

292 1553 526 1617 δόσεω;;
556 1552 619 1603 Τί
647 1553 704 1605 δέ
728 1569 741 1618 ;
770 1551 940 1624 αὐτὴν
1125 1548 1221 1615 τοῦ
1249 1548 1427 1601 ὲλαίου
1454 1547 1551 1619 τὴν
1590 1547 1772 1619 χρίσιν
1796 1548 1879 1611 τίς

292 1643 450 1712 λόγος
475 1644 857 1716 γεγραμμένος
886 1640 1087 1703 ἐδίδαξε
1115 1660 1129 1674 ο
1166 1641 1239 1695 Τό
1269 1642 1325 1695 δὲ
1365 1642 1486 1712 τρὶς
1522 1639 1877 1710 βαπτίζεσθαι

293 1736 383 1788 τὸν
410 1733 693 1805 ἄνθρωπον
725 1734 886 1788 πόθεν
906 1752 923 1802 ;
948 1733 1117 1786 Ἀλλα
1141 1732 1197 1786 δὲ
1221 1733 1320 1787 ὅσα
1344 1732 1470 1802 περὶ
1490 1732 1549 1784 τὸ
1575 1729 1876 1801 βάπτισμα,

295 1824 697 1879 ἀποτάσσεσθαι
720 1842 797 1894 τῳ
828 1824 1037 1894 Σατανᾷ
1070 1822 1163 1876 καὶ
1188 1826 1299 1887 τοῖς
1322 1822 1573 1892 ἀγγέλοις
1595 1820 1784 1885 αὑτοῦ,
1814 1822 1881 1875 ὲκ
1907 1861 1948 1916 Β

296 1916 457 1979 ποίας
490 1916 604 1968 ἐστὶ
632 1916 843 1987 γραφῆς
867 1932 881 1978 ;
915 1915 1029 1967 Οὐκ
1054 1914 1119 1969 ὲκ
1146 1917 1243 1987 τῆς
1261 1916 1358 1986 ἀδη
1370 1914 1652 1985 μοσιεύτου
1678 1914 1879 1985 ταύτης

298 2007 392 2060 καὶ
425 2008 738 2079 ἀπορρήτου
764 2006 1132 2072 διδασκαλίας,
1157 2009 1221 2079 ήν
1247 2008 1304 2060 ὲν
1333 2008 1879 2078 ἁπολυπραγμονήτῳ

298 2100 391 2151 καὶ
422 2097 838 2170 ἀπεριεργάστῳ
1019 2101 1141 2171 σιγῇ
1192 2101 1240 2153 οἱ
1286 2100 1517 2172 πατέρες
1555 2100 1710 2171 ήμῶν
1751 2098 1882 2169 ἐφύ-

296 2179 482 2243 λαξαν,
518 2181 695 2244 καλῶς
748 2184 923 2236 ἐκεῖνο
967 2184 1358 2255 δεδιδαγμένοι,
1407 2186 1514 2238 τῶν
1564 2187 1879 2258 μυστηρίων

292 2271 354 2325 τὸ
404 2273 601 2343 σεμνὸν
814 2279 991 2347 σιωπῇ
1044 2276 1442 2345 διασώζεσθαι;
1485 2281 1552 2333 *Δ
1604 2278 1715 2349 γὰρ
1762 2279 1882 2334 οὐδὲ

292 2364 619 2419 ἐποπτεύειν
648 2364 827 2431 ἔξεστι
865 2370 977 2431 τοῖς
1006 2370 1297 2441 ἀμυήτοις,
1333 2370 1539 2425 τούτων
1577 2371 1695 2434 πῶς
1723 2370 1788 2425 ἂν
1816 2366 1883 2443 ἦν

295 2455 446 2518 εἰκὸς
476 2454 576 2527 τὴν
605 2457 949 2513 διδασκαλίαν
978 2460 1401 2532 ὲκθριαμὸεύειν
1435 2464 1494 2515 ὲν
1523 2462 1883 2534 γράμμασιν;

297 2543 333 2615 ἦ
360 2546 543 2599 τίποτε
585 2547 907 2619 βουλόμενος
932 2554 960 2605 6
994 2552 1169 2623 μέγας
1213 2553 1478 2623 Μωῦσῆς,
1516 2555 1578 2607 ού
1613 2556 1747 2607 πᾶσι
1792 2553 1888 2623 βά-

301 2652 436 2712 σιμα
463 2633 601 2697 εἶναι
633 2639 703 2696 τὰ
735 2640 830 2695 τοῦ
863 2643 1008 2716 ἱεροῦ
1040 2644 1216 2697 πάντα
1264 2645 1596 2715 πεποίηκενς
1642 2644 1756 2699 ἀλλ’
1782 2642 1888 2709 ἔξω

299 2734 400 2805 μὲν
428 2735 597 2802 ἁγίων
630 2735 827 2808 ἔστησε
874 2736 1176 2809 περιϐόλων
1203 2737 1328 2801 τοὺς
1379 2736 1660 2809 βεϐήλους,
1694 2737 1793 2801 τὰς
1832 2736 1888 2789 δὲ

296 2823 521 2894 πρώτας
542 2826 710 2890 αὐλάς
732 2830 844 2892 τοῖς
877 2828 1283 2901 καθαρωτέροις
1309 2830 1479 2897 ἀνεὶς,
1502 2832 1628 2893 τοὺς
1658 2831 1889 2895 Λευῖτας

302 2919 500 2990 μόνους
532 2920 715 2986 ἀξίους
743 2921 924 2992 ἔκρινε
961 2922 1054 2976 τοῦ
1086 2922 1230 2976 θείου
1268 2922 1612 2994 θεραπευτάς
1637 2940 1649 2952 ·
1684 2923 1891 2993 σφάγια

297 3010 388 3075 δὲ,
439 3012 531 3064 καὶ
583 3011 995 3080 ὁλοκαυτώσεις,
1048 3015 1141 3067 καὶ
1196 3014 1293 3085 τὴν
1338 3015 1532 3084 λοιπὴν
1582 3016 1891 3089 ἱερουργίαν

300 3106 414 3167 τοῖς
449 3102 685 3174 ἱερεῦσιν
720 3104 1140 3177 ἀποκληρώσας,
1172 3105 1266 3158 ἕνα
1295 3106 1404 3159 τῶν
1446 3106 1662 3161 πάντων
1704 3106 1893 3179 ἔκκρι-

301 3213 396 3250 τον

302 3290 394 3344 διὰ
429 3292 650 3355 παντὸς,
678 3292 812 3347 ἀλλά
842 3293 983 3347 κατά
1015 3293 1143 3364 μίαν
1168 3293 1335 3364 μόνην
1361 3294 1453 3347 τοῦ
1480 3295 1729 3349 ἐνιαυτοῦ
1759 3294 1896 3366 ήμέ-

310 3401 431 3455 ραν,
464 3385 554 3437 καὶ
579 3385 780 3457 ταύτης
806 3385 954 3457 ὥραν
987 3387 1191 3457 τακτὴν
1233 3388 1502 3458 είσιτητὸν
1546 3387 1697 3458 αύτῷ
1725 3405 1896 3443 κατα-

309 3478 535 3549 στήσας,
558 3477 698 3532 ὦστε
724 3480 809 3533 διά
826 3479 886 3532 τὸ
911 3478 1321 3548 ἀπεξενωμένον
1349 3481 1445 3534 καὶ
1468 3480 1633 3551 ἄηθες
1658 3479 1899 3551 θαμϐού-

314 3586 473 3637 μενον
508 3569 829 3623 ἐποπτεύειν
863 3572 934 3624 τὰ
951 3570 1118 3638 ’Ἅγια
1149 3569 1256 3623 τῶν
1290 3571 1478 3639 ἁγίων·
1511 3567 1570 3624 εὖ
1605 3570 1761 3634 εἰδὼς
1795 3570 1899 3624 ὑπὸ

313 3661 505 3729 σοφίας
532 3659 608 3730 τῷ
644 3661 743 3730 μὲν
777 3661 1148 3732 πεπατημένῳ
1181 3661 1273 3713 καὶ
1298 3660 1522 3714 αὐτόθεν
1552 3660 1741 3731 ληπτῷ
1766 3660 1898 3733 πρό-

311 3767 496 3821 χειρον
511 3746 676 3803 οὖσαν
700 3751 798 3821 τὴν
821 3751 1249 3822 καταφρόνησιν,
1268 3750 1346 3820 τῷ
1367 3750 1424 3803 δὲ
1451 3750 1899 3821 ἀνακεχωρηκότι

314 3844 409 3895 καὶ
454 3843 665 3912 σπανίῳ
695 3842 941 3913 φυσικῶς
992 3859 1110 3906 πως
1160 3842 1603 3913 παρεζευγμένον
1644 3843 1704 3895 τὸ
1745 3859 1902 3913 περι-

316 3935 669 3989 σπούδαστον.
696 3934 853 3988 Κατὰ
875 3934 967 3987 τὸν
990 3933 1154 3988 αὑτὸν
1178 3934 1242 4005 δὴ
1266 3936 1467 4006 τρόπον
1494 3936 1588 3989 καὶ
1610 3937 1660 3988 οἱ
1684 3934 1754 3987 τά
1776 3934 1903 4005 περὶ

316 4028 413 4092 τὰς
439 4027 766 4098 Ἐκκλησίας
916 4026 1152 4099 ὲξαρχῆς
1165 4027 1757 4099 διαθεσμοθετήσαντες
1776 4027 1905 4080 ἀπό-

320 4121 497 4174 στολοι
524 4121 620 4173 καὶ
638 4119 879 4191 Πατέρες
908 4122 964 4173 ὲν
991 4119 1070 4190 τῷ
1095 4120 1468 4190 κεκρυμμένῳ
1494 4120 1590 4172 καὶ
1611 4118 1903 4188 ἀφθέγκτῳ

318 4214 377 4266 τὸ
411 4212 607 4282 σεμνὸν
631 4213 744 4274 τοῖς
767 4210 1087 4282 μυστηρίοις
1112 4210 1435 4280 ἐφύλασσον.
1468 4210 1604 4263 Οὐδὲ
1632 4210 1740 4281 γὰρ
1768 4210 1904 4272 ὅλως

322 4304 616 4373 μυστήριον
646 4301 708 4354 τὸ
748 4305 825 4364 είς
858 4302 956 4373 τὴν
985 4302 1207 4374 δημώδη
1244 4302 1337 4357 καὶ
1379 4301 1592 4354 εἰκαίαν
1624 4301 1791 4372 ἀκοὴν
1818 4301 1907 4353 ἔκ-

320 4412 503 4465 φορον.
544 4390 710 4457 υἶδτος
753 4396 781 4446 6
823 4394 978 4462 λόγος
1028 4394 1128 4462 τῆς
1180 4396 1287 4449 τῶν
1344 4394 1608 4465 ἀγράφων
1668 4393 1905 4464 παραδό-

322 4503 481 4549 σεως,
507 4486 582 4547 ὡς
615 4485 688 4557 μὴ
719 4486 1189 4559 καταμεληθεῖσαν
1363 4486 1472 4540 τῶν
1495 4487 1781 4557 δογμάτων
1808 4486 1907 4557 τὴν

323 4576 524 4645 γνῶσιν
573 4577 1049 4650 εὐκαταφρόνητον
1098 4582 1212 4643 τοῖς
1259 4579 1475 4642 πολλοῖς
1523 4578 1776 4646 γενέσθαι
1821 4577 1909 4632 διὰ

324 4671 635 4740 συνήθειαν.
676 4672 838 4724 Ἀλλο
861 4673 969 4742 γάρ
992 4672 1191 4743 δόγμα,
1230 4672 1323 4725 καὶ
1356 4671 1483 4726 ἄλλο
1511 4672 1777 4742 κήρυγμα
1834 4670 1909 4722 Τὸ

329 4762 427 4832 μὲν
460 4763 571 4833 γάρ
606 4765 873 4817 σιωπᾶται
912 4801 929 4829 ,
1074 4765 1143 4819 τὰ
1188 4765 1244 4817 δὲ
1284 4764 1614 4836 κηρύγματα
1812 4763 1909 4833 δη-

331 4854 657 4924 μοσιεύεται.
692 4857 909 4925 Σιωπῆς
940 4856 994 4909 δὲ
1021 4851 1161 4919 εἶδος
1187 4857 1279 4911 καὶ
1305 4858 1338 4927 ή
1362 4856 1623 4925 ἀσάφεια,
1711 4853 1912 4924 κέχρη-

327 4962 418 4999 ται
464 4949 496 5015 ή
555 4947 784 5018 Γραφὴ,
833 4947 1207 5020 δυσθεώρητον
1255 4948 1747 5012 κατασκευάζουσα
1783 4946 1910 5000 ,τῶν

328 5037 613 5109 δογμάτων
647 5041 736 5094 τὸν
767 5040 892 5096 νοῦν
924 5042 1060 5113 πρὸς
1099 5042 1161 5095 τὸ
1205 5042 1315 5096 τῶν
1347 5042 1785 5113 ἐντυγχανόντων
1821 5040 1914 5094 λυ·

272 5148 275 5149 ⁷
334 5131 540 5195 σιτελές
593 5132 795 5186 Τούτου
827 5134 986 5205 χάριν
1018 5134 1223 5197 πάντες
1258 5134 1358 5204 μὲν
1391 5134 1608 5206 ὁρῶμεν
1639 5134 1762 5188 κατ’
1786 5134 1914 5186 ἁνα-

334 5226 491 5288 στολάς
520 5227 613 5279 ἐπὶ
639 5227 748 5279 τῶν
799 5228 1147 5299 προσευχῶν·
1179 5227 1349 5296 ἀλίγοι
1387 5228 1445 5280 δὲ
1492 5229 1670 5298 ἴσμεν,
1702 5227 1785 5280 ὃτι
1816 5224 1914 5295 τὴν

339 5330 576 5400 ἀρχαίαν
607 5323 974 5393 ἐπιζητοῦμεν
1009 5320 1265 5392 πατρίδα,
1317 5319 1410 5371 τὸν
1444 5317 1803 5389 παράδεισον,
1850 5314 1912 5368 ὃν

340 5423 633 5489 ἐφύτευσεν
685 5420 713 5471 6
745 5418 878 5479 Θεὸς
930 5415 1174 5485 ὲνἘδὲμ
1227 5414 1344 5465 κατ’
1391 5409 1677 5472 ἀνατολάς.
1720 5405 1908 5476 Ὀρθοὶ

346 5513 443 5580 μὲν
474 5509 792 5577 πληροῦμεν
822 5508 918 5571 τὰς
952 5507 1115 5577 εὐχάς
1148 5508 1203 5557 ὲν
1233 5507 1301 5574 τῇ
1339 5503 1440 5574 μιᾷ
1467 5500 1562 5553 τοῦ
1596 5499 1904 5554 Σαϐὅάτου·

345 5605 435 5655 τὸν
464 5603 523 5653 δὲ
553 5602 710 5668 λόγον
748 5601 810 5652 ού
838 5602 1041 5661 πάντες
1095 5596 1344 5665 οἴδαμεν.
1388 5596 1463 5647 0-3
1492 5593 1601 5663 γάρ
1648 5591 1809 5662 μόνον
1837 5589 1912 5653 ὡς

348 5692 776 5756 συναναστάντες
790 5689 1030 5761 Χριστῷ,
1053 5689 1143 5742 καὶ
1162 5689 1231 5741 τά
1247 5688 1361 5743 ἁνω
1381 5687 1566 5756 ζητεῖν
1585 5684 1918 5757 ὀφείλοντες,

1971 634 2129 704 panis
2302 631 2662 687 Eucharistia:
2708 640 2761 686 et
2818 631 3076 701 poculum
3119 628 3541 692 benedictionis,

1971 725 2092 795 quis
2116 732 2439 779 sanctorum
2472 725 2526 776 in
2559 723 2767 793 scripto
2798 724 2954 779 nobis
2977 723 3225 794 reliquit?
3261 721 3371 778 Nec
3397 723 3541 777 enim

1972 817 2055 873 his
2102 815 2346 871 contenti
2382 831 2597 881 sumus,
2635 831 2756 885 qua:
2809 826 3201 871 commemorat
3243 816 3541 884 Apostolus

1970 920 2061 963 aut
2100 908 2475 979 Evangelium,
2508 925 2695 963 verum
2726 909 2831 962 alia
2864 926 3082 979 quoque
3102 918 3156 963 et
3183 918 3308 963 ante
3338 920 3390 963 ct
3422 916 3546 978 post

1969 1000 2228 1066 dicimus,
2282 1008 2545 1070 tauquam
2594 1000 2826 1054 multum
2864 1001 3116 1054 habentia
3170 1001 3432 1054 momenti
3477 998 3547 1052 ad

1969 1091 2319 1163 mysterium,
2352 1107 2475 1160 qua:
2500 1106 2566 1145 ex
2600 1090 2897 1145 traditione
2941 1106 3051 1143 non
3090 1091 3294 1160 scripta
3330 1089 3549 1160 accepi-

1968 1200 2113 1240 mus.
2150 1184 2536 1241 Benedic-imus
2569 1193 2753 1239 autem
2784 1194 2837 1239 et
2872 1199 3067 1255 aquam
3101 1184 3466 1254 baptismatis,
3492 1190 3549 1238 et

1970 1274 2151 1330 oleum
2194 1275 2495 1340 unctionis,
2533 1276 2643 1330 imo
2670 1276 2848 1346 ipsum
2878 1277 3045 1331 etiam
3085 1275 3176 1345 qui
3215 1275 3546 1345 baptismum

1973 1366 2192 1435 accipit.
2227 1365 2304 1428 Ex
2341 1366 2543 1436 quibus
2572 1367 2833 1437 scriptis?
2868 1365 3062 1421 Nonne
3098 1381 3129 1419 a
3160 1367 3324 1420 tacita
3366 1381 3549 1421 secre-

1974 1466 2136 1529 taque
2172 1459 2506 1515 traditione?
2541 1458 2719 1530 Ipsam
2755 1474 2881 1514 vero
2911 1459 3014 1513 olei
3046 1458 3387 1520 unctionem,
3421 1458 3549 1528 quis

1973 1565 2156 1607 sermo
2206 1552 2411 1622 scripto
2442 1552 2691 1621 proditus
2740 1550 2967 1605 docuit?
2998 1548 3117 1604 Jam
3171 1558 3253 1603 ter
3302 1549 3548 1618 immergi

1974 1642 2274 1707 hominem,
2307 1643 2451 1698 unde
2482 1642 2776 1698 haustum?
2809 1640 3036 1712 Reliqua
3066 1650 3246 1695 autem
3271 1656 3393 1709 qua:
3416 1641 3553 1694 ﬁunt

1975 1733 2033 1789 in
2078 1734 2375 1805 baptismo,
2408 1734 2573 1788 veluti
2620 1733 2940 1789 renuntiare
2985 1732 3203 1788 Satana:
3254 1741 3309 1786 et
3342 1730 3554 1802 angelis

1975 1826 2115 1895 ejus,
2147 1842 2214 1881 ex
2239 1841 2347 1895 qua
2372 1826 2648 1894 scripturi
2675 1823 2985 1879 habemus?
3015 1822 3207 1878 Nonne
3238 1840 3302 1877 ex
3330 1823 3554 1876 minimc

1977 1918 2257 1988 publicata
2286 1925 2341 1973 et
2369 1932 2571 1972 arcana
2594 1926 2698 1972 hac
2728 1916 3004 1979 doctrina,
3038 1932 3201 1986 quam
3241 1923 3425 1985 patres
3456 1929 3556 1969 no-

1978 2009 2078 2064 stri
2116 2010 2333 2065 silentio
2363 2009 2551 2079 quieto
2588 2010 2920 2080 minimeque
2951 2009 3174 2064 curioso
3228 2006 3557 2064 servarunt?

1977 2100 2190 2171 Quippe
2228 2102 2362 2156 illud
2398 2103 2566 2172 probe
2604 2102 2928 2167 didicerant,
2982 2103 3366 2174 mysteriorum
3403 2116 3553 2155 reve-

1984 2192 2217 2245 rentiam
2248 2192 2470 2247 silentio
2511 2194 2851 2249 conservari.
2881 2192 3016 2248 Nam
3049 2209 3173 2262 qua:
3222 2207 3322 2247 nec
3358 2191 3556 2245 intueri

1983 2278 2067 2336 fas
2097 2289 2183 2338 est
2225 2298 2335 2341 non
2391 2283 2641 2351 initiatis,
2672 2284 2770 2355 qui
2820 2285 3178 2339 conveniebat
3226 2283 3421 2338 borum
3466 2281 3562 2336 do-

1983 2375 2224 2431 ctrinam
2255 2376 2479 2447 scriptis
2505 2377 2761 2448 vulgari?
2786 2385 2880 2431 aut
2908 2377 3041 2448 quid
3074 2375 3295 2431 tandem
3329 2374 3434 2431 sibi
3468 2390 3564 2431 vc—

1972 2469 2087 2533 luit
2118 2483 2351 2540 magnus
2386 2470 2476 2525 ille
2515 2469 2750 2541 Moyses,
2782 2471 2875 2541 qui
2910 2486 3021 2525 non
3044 2469 3227 2525 omnia
3253 2486 3375 2539 qua:
3406 2476 3563 2524 erant

1972 2561 2044 2627 in
2106 2562 2315 2631 templo
2374 2575 2571 2631 passus
2618 2563 2693 2617 sit
2759 2563 3019 2618 omnibus
3086 2578 3209 2617 esse
3272 2562 3455 2631 pervia
3506 2561 3569 2613 ’?

1973 2651 2083 2716 sed
2130 2650 2391 2721 profanos
2439 2662 2597 2706 extra
2647 2666 2841 2707 sacros
2890 2651 3165 2707 cancellos
3220 2650 3450 2709 statuit;
3501 2663 3567 2702 ac

1988 2743 2170 2811 priora
2204 2742 2425 2811 quidem
2455 2743 2596 2795 atria
2630 2740 2946 2812 purioribus
2968 2740 3316 2811 permittens,
3348 2738 3568 2793 Levitas

1988 2834 2138 2890 solos
2166 2834 2360 2905 dignos
2386 2835 2601 2889 censuit
2632 2833 2879 2889 numinis
2921 2832 3228 2887 ministerio
3263 2837 3281 2865 ’
3318 2850 3332 2887 :
3361 2835 3569 2884 macta-

1990 2925 2171 2980 tiones
2219 2932 2401 2979 autem
2458 2924 3074 2992 holocautomatumque
3123 2922 3464 2985 oblationes,
3515 2926 3569 2974 et

1991 3017 2202 3085 reliqua
2233 3031 2357 3088 qum
2388 3016 2455 3071 ad
2487 3031 2600 3071 rem
2636 3030 2848 3071 sacram
2886 3016 3159 3085 pertinent
3188 3012 3572 3070 sacerdotibus

1992 3108 2297 3182 assignavit
2337 3112 2358 3145 ³
2386 3126 2403 3176 ;
2440 3116 2606 3179 atque
2629 3123 2798 3162 unum
2832 3122 2897 3161 ex
2929 3106 3187 3162 omnibus
3221 3105 3486 3161 selectum
3516 3102 3572 3155 in

578 3200 658 3262 είς
686 3198 757 3252 τὰ
787 3198 955 3253 ἄδυτα
989 3200 1387 3271 παραδέχεται·
1435 3202 1527 3254 καὶ
1553 3200 1675 3255 οὐδὲ
1704 3201 1893 3256 τοῦτον

1993 3196 2156 3271 adyta
2200 3196 2426 3253 admisit
2462 3199 2516 3265 ⁵,
2549 3205 2604 3253 et
2650 3212 2719 3253 ne
2749 3196 2899 3252 hunc
2937 3194 3161 3267 quidem
3192 3209 3429 3264 semper,
3475 3190 3574 3247 sed

1995 3305 2107 3346 uno
2150 3297 2363 3346 tantum
2408 3289 2497 3347 die
2547 3290 2888 3361 quotannis:
2941 3289 3076 3361 quin
3129 3296 3184 3344 et
3260 3286 3426 3356 hujus
3468 3284 3577 3339 diei

1996 3392 2206 3441 certam
2257 3384 2452 3439 horam
2501 3400 2609 3455 qua
2656 3383 2739 3439 fas
2790 3392 2939 3438 esset
2972 3381 3207 3454 ingredi,
3258 3379 3576 3451 praestituit,

1999 3492 2110 3547 quo
2156 3484 2381 3546 propter
2420 3478 2719 3532 novitatem
2769 3482 2825 3529 et
2853 3473 3230 3539 insolentiam,
3278 3487 3405 3527 cum
3453 3478 3575 3526 stu-

2000 3583 2131 3637 pore
2158 3568 2467 3624 intueretur
2503 3567 2705 3623 Sancta
2736 3572 3055 3623 sanctorum
3095 3573 3116 3604 ι
3151 3564 3361 3635 :probe
3397 3562 3580 3617 sciens

2002 3676 2102 3731 pro
2141 3675 2240 3714 sua
2284 3660 2577 3730 sapientia,
2613 3674 2704 3715 res
2749 3673 2853 3712 usu
2887 3658 3046 3711 tritas
3077 3666 3130 3711 et
3161 3672 3226 3711 ex
3274 3669 3336 3709 se
3366 3651 3582 3712 obvias,

1999 3752 2283 3821 expositas
2313 3766 2438 3808 esse
2472 3749 2813 3819 contemptui
2844 3767 2858 3803 :
2893 3750 3058 3804 rebus
3102 3761 3235 3803 vero
3268 3760 3391 3815 quae
3426 3756 3587 3812 sepo-

2002 3844 2119 3898 sitae
2158 3851 2289 3899 sunt
2329 3856 2393 3897 ac
2438 3856 2577 3896 rarae
2634 3840 3039 3911 quodammodo
3091 3837 3418 3893 naturaliter
3460 3848 3592 3889 con-

1996 3936 2246 4005 junctam
2276 3949 2399 3990 esse
2445 3948 2718 3990 summam
2769 3932 3186 3988 admirationem
3222 3944 3286 3983 ac
3315 3926 3583 3983 studium.

2006 4028 2085 4083 Ad
2126 4028 2379 4082 eumdem
2412 4025 2662 4097 profecto
2692 4026 2939 4089 modum,
2978 4032 3032 4079 et
3065 4022 3159 4093 qui
3211 4020 3369 4075 initio
3400 4026 3588 4073 certos

2004 4122 2446 4179 Ecclesiaawitus
2487 4120 2952 4191 przescripserunt
2996 4114 3234 4187 apostoli
3284 4121 3338 4169 et
3374 4111 3588 4172 Patres,

2005 4216 2059 4269 in
2115 4214 2337 4270 occulto
2386 4213 2719 4282 silentioque
2771 4208 3051 4276 mysteriis
3094 4222 3250 4262 suam
3301 4216 3591 4259 servavere

2005 4308 2351 4378 dignitatem.
2404 4304 2591 4374 Neque
2645 4304 2791 4359 enim
2838 4303 3066 4357 omnino
3119 4297 3443 4369 mysterium
3487 4302 3592 4358 est,

2005 4399 2155 4470 quod
2221 4399 2290 4453 ad
2352 4399 2646 4468 populares
2702 4410 2766 4449 ac
2824 4396 3079 4464 vulgares
3127 4406 3289 4445 aures
3345 4386 3592 4443 effertur.

2009 4492 2133 4546 llaec
2179 4496 2264 4545 est
2292 4490 2455 4551 ratio,
2508 4504 2609 4543 cur
2638 4486 2889 4558 quaedam
2943 4486 3081 4539 citra
3125 4482 3388 4551 scriptum
3424 4477 3598 4531 tradi-

2009 4594 2064 4640 ta
2103 4584 2254 4645 sint,
2300 4598 2370 4637 ne
2415 4582 2735 4652 dogmatum
2791 4577 2984 4632 notitia
3032 4575 3277 4645 neglecta
3306 4611 3320 4634 ,
3374 4576 3598 4640 propter

2009 4674 2422 4733 assuetudinem
2467 4674 2631 4744 vulgo
2661 4671 2875 4726 veniret
2915 4670 2967 4723 in
3004 4674 3400 4735 contemptum.
3433 4658 3598 4715 Aliud

2011 4769 2206 4838 utique
2231 4774 2315 4822 est
2358 4764 2579 4836 dogma,
2616 4762 2765 4817 aliud
2796 4760 3133 4832 praedicatio.
3172 4756 3306 4811 Nam
3341 4755 3599 4823 dogmata

2012 4859 2272 4921 silentur,
2320 4854 2744 4926 praadicationes
2788 4866 2919 4905 vero
2968 4849 3342 4920 publicantur.
3381 4843 3478 4899 Est
3509 4856 3604 4894 au-

2018 4959 2125 5006 tem
2155 4948 2363 5004 silentii
2408 4946 2623 5018 species
2678 4946 2845 5001 etiam
2896 4943 3213 4999 obscuritas
3265 4955 3375 5011 qua
3426 4938 3603 4992 utitur

2021 5042 2327 5111 Scriptura,
2489 5037 2771 5092 intellectu
2805 5035 3078 5091 dillicilem
3104 5032 3341 5089 reddens
3370 5030 3600 5097 dogma-

2020 5144 2134 5189 tum
2186 5130 2543 5193 sententiam,
2603 5129 2769 5199 idque
2826 5124 2895 5181 ad
2948 5126 3238 5198 legentium
3289 5122 3600 5177 utilitatem.

2025 5224 2177 5278 llanc
2210 5220 2282 5275 ob
2317 5232 2542 5274 causam
2591 5232 2785 5273 omnes
2837 5224 3153 5288 spectamus
3184 5212 3250 5266 ad
3312 5210 3603 5266 orientem,

2022 5328 2148 5368 cum
2213 5324 2521 5381 precamur,
2557 5306 2717 5378 pauci
2774 5316 2955 5361 tamen
3012 5306 3284 5369 novimus,
3341 5304 3490 5373 quod
3540 5303 3601 5383 id

2022 5406 2289 5462 facientes
2342 5404 2622 5473 antiquam
2662 5398 2989 5468 requirimus
3020 5397 3249 5468 patriam
3275 5436 3289 5460 ,
3337 5394 3595 5450 videlicet

2021 5499 2532 5570 paradisum,quem
2566 5495 2827 5563 plantavit
2856 5493 2997 5548 Deus
3036 5495 3091 5548 in
3120 5490 3268 5547 Eden
3304 5492 3369 5546 ad
3412 5490 3596 5545 orien~

2022 5601 2131 5646 tein
2166 5592 2202 5644 ⁸.
2263 5590 2444 5645 Erecti
2500 5588 2684 5642 itidem
2724 5585 3038 5654 perﬁciinus
3076 5584 3493 5655 deprecatioaes
3537 5583 3593 5635 in

2027 5698 2133 5737 una
2189 5681 2434 5743 Sabbati,
2488 5680 2583 5734 sed
2638 5679 2905 5733 rationem
2940 5692 3050 5731 non
3086 5691 3277 5731 omnes
3323 5677 3598 5730 novimus.

412 5884 617 5939 ‘.\'u.i:.
655 5901 721 5946 lt’,
763 5882 849 5934 ~20.
927 5884 945 5913 ³
977 5880 1138 5935 Num.
1185 5891 1337 5938 xviii,
1388 5874 1478 5938 2i,
1511 5873 1597 5927 :22.
1684 5877 1697 5899 ’
1740 5874 1870 5929 ibid.
1906 5872 1953 5925 7.
2038 5874 2053 5902 ³
2093 5870 2262 5927 Exod.
2322 5886 2451 5936 xxx,
2520 5869 2605 5923 10.
2683 5869 2702 5901 ³
2738 5865 2910 5923 chit.
2937 5880 3048 5937 xw,
3078 5868 3131 5922 2.
3212 5870 3231 5900 ⁵
3263 5867 3397 5925 Gen.
3439 5882 3499 5934 ιι,
3533 5864 3589 5922 8.
