3968 6556
421 404 527 473 ’195

1660 408 2038 475 EUTIIYMII
2081 410 2253 474 ZlG.\
2269 412 2443 474 BENI

3578 417 3680 482 7‘76

429 546 549 607 Non
580 553 727 609 enim
769 552 947 609 solum
988 552 1135 624 quod
1189 553 1350 608 veluti
1403 554 1567 610 simul
1616 569 1739 608 cum
1779 554 1999 609 Christo

2098 558 2155 610 ἐν
2184 561 2249 628 τῇ
2283 557 2635 629 ἁναστασίμῳ
2674 559 2857 631 ἡμέρᾳ
2886 558 2984 631 τῆς
3026 557 3315 630 δεδομένης
3346 562 3474 631 ἡμῖν
3524 560 3669 632 χάρι-

430 647 765 709 resuscitati,
796 662 915 716 qua:
959 662 1175 702 sursum
1222 655 1351 702 sunt
1396 662 1640 717 quaerere
1683 646 1996 713 debeamus,

431 737 487 790 in
548 736 637 791 die
696 740 1114 795 resurrectionis
1167 738 1307 793 datae
1362 740 1518 796 nobis
1572 740 1759 808 gratia:
1802 740 1999 794 stando

432 840 718 900 precantes
752 832 1117 903 nosmetipsos
1158 832 1701 897 commonefacimus,
1732 832 1827 888 sed
1855 834 1998 903 quod

430 921 477 974 is
506 920 624 975 dies
656 922 905 976 videatur
935 924 1115 994 aliquo
1144 925 1305 979 modo
1331 925 1508 996 imago
1541 924 1753 980 venturi
1787 926 1995 980 saiculi.

429 1014 613 1084 quue
646 1031 769 1069 cum
820 1016 891 1071 sit
935 1017 1263 1087 principium
1308 1016 1539 1085 dierum,
1586 1034 1697 1073 non
1728 1018 1937 1087 primus
1968 1032 1997 1071 a

429 1107 632 1179 Moyse,
659 1109 754 1164 sed
785 1125 925 1164 unus
950 1111 1256 1180 appellatus
1278 1118 1383 1166 est.
1414 1109 1586 1163 Facta
1615 1118 1693 1164 est
1724 1112 1886 1174 enim,
1912 1111 1998 1164 in-

426 1199 566 1268 quit,
621 1215 849 1267 vespera,
884 1210 933 1254 et
972 1200 1172 1269 factum
1207 1212 1284 1254 est
1324 1217 1509 1266 mane,
1563 1201 1674 1255 dies
1726 1217 1863 1256 unus
1916 1210 1930 1239 ¹
1976 1217 1990 1254 :

427 1301 687 1364 tanquam
731 1293 824 1363 qui
868 1308 1009 1363 sape
1052 1303 1316 1348 recurrat.
1347 1294 1516 1364 Igitur
1552 1309 1695 1350 unus
1737 1300 1823 1349 est
1853 1292 1995 1348 idem

424 1392 483 1438 et
533 1388 798 1449 octarus,
852 1400 1019 1437 unum
1072 1384 1223 1438 illum
1294 1386 1623 1456 singularem
1678 1401 1742 1441 ac
1803 1400 1993 1440 verum

426 1486 702 1539 octavum,
734 1477 894 1546 cujus
923 1486 977 1531 et
1000 1477 1290 1532 Psalmista
1320 1478 1374 1533 iu
1406 1476 1733 1547 quibusdam
1759 1476 1998 1533 Psalmo-

426 1584 549 1623 rum
586 1569 1035 1640 inscriptionibus
1080 1571 1328 1624 meminit
1359 1576 1404 1636 ³,
1439 1586 1535 1641 per
1566 1585 1625 1626 se
1656 1570 1995 1641 significans,

426 1670 629 1717 statum
703 1662 952 1716 videlicet
1005 1662 1109 1717 hoc
1166 1672 1381 1731 tempus
1444 1668 1794 1725 secuturum,
1854 1661 1999 1716 diem

426 1769 538 1808 non
564 1752 891 1817 desiturum,
927 1769 1164 1823 vesperae
1211 1754 1482 1818 nescium,
1529 1754 1868 1809 successoris
1905 1769 2000 1809 ex-

2098 664 2186 712 τος
2230 648 2316 701 διὰ
2358 648 2456 718 τῆς
2498 648 2636 701 κατά
2672 648 2770 719 τὴν
2810 648 3116 720 προσευχὴν
3156 651 3397 714 στάσεως
3445 653 3669 714 ἑαυτοὺς

2098 740 2619 811 ὑπομιμνήσκομεν·
2658 738 2771 793 ἀλλ’
2805 740 2888 793 ὅτι
2936 738 3083 793 δοκεῖ
3128 758 3244 805 πως
3293 742 3388 795 τοῦ
3443 742 3670 812 προσδο-

2096 831 2342 901 κωμένου
2372 831 2566 896 αίῶνος
2592 827 2729 885 εἶναι
2753 830 2935 887 είκών.
2970 833 3062 885 Διὸ
3090 834 3182 886 καὶ
3207 832 3349 903 ἀρχή
3376 829 3509 886 οὖσα
3542 836 3670 902 ήμε-

2101 923 2230 995 ρῶν,
2261 922 2382 993 οὐχὶ
2416 926 2604 996 πρώτη
2644 924 2796 995 παρὰ
2822 922 3123 987 Μωῦσέως,
3160 924 3295 977 ἀλλὰ
3324 924 3422 994 μία
3453 923 3669 993 ὠνόμα-

2101 1032 2241 1068 σται.
2305 1014 2564 1083 Ἐγένετο
2608 1016 2752 1085 γὰρ,
2789 1015 2975 1085 φησὶν,
3007 1015 3254 1082 ἑσπέρα,
3290 1014 3389 1067 καί
3434 1014 3669 1083 ἐγέγετο

2098 1107 2247 1176 πρωῒ
2269 1146 2283 1171 ,
2333 1106 2520 1178 ἡμέρα
2543 1107 2652 1177 μία
2674 1124 2689 1137 ’
2724 1107 2799 1171 ὡς
2832 1106 2929 1177 τῆς
2974 1108 3141 1175 αὐτῆς
3189 1107 3669 1178 ἁνακυκλουμένης

2097 1196 2377 1259 πολλάκις.
2413 1198 2523 1249 Καὶ
2563 1196 2659 1267 μία
2708 1196 2886 1250 τοίνυν
2927 1197 2961 1268 ή
3005 1196 3142 1268 αὐτὴ
3166 1236 3180 1259 ,
3210 1198 3304 1249 καὶ
3341 1197 3505 1266 ὀγδόη
3531 1237 3544 1259 ,
3577 1197 3670 1265 τήν

2100 1289 2230 1359 μίαν
2271 1288 2437 1353 ὅντως
2483 1288 2699 1361 ἐκείνην
2728 1289 2819 1342 καὶ
2864 1289 3121 1361 ἀληθινὴν
3151 1289 3366 1361 ὀγδόην,
3394 1284 3465 1358 ἦς
3509 1290 3607 1342 καὶ
3644 1290 3671 1341 ὁ

2097 1382 2397 1453 Ψαλμῳδὸς
2429 1382 2485 1436 ἔν
2522 1399 2663 1436 τισιν
2686 1384 3019 1453 ἐπιγραφαῖς
3038 1382 3146 1435 τῶν
3166 1383 3393 1454 ψαλμῶν
3432 1384 3673 1452 ἐπεμνη-

2101 1474 2225 1543 σθη,
2252 1474 2317 1527 δι’
2361 1474 2560 1545 ἐαυτῆς
2601 1476 2972 1546 ἐμφανίζουσα
2995 1514 3010 1538 ,
3037 1475 3135 1546 τὴν
3181 1476 3319 1546 μετά
3356 1473 3447 1528 τὸν
3482 1475 3671 1545 χρόνον

2095 1568 2283 1621 τοῦτον
2325 1567 2678 1633 κατάστασιν,
2715 1569 2813 1641 τὴν
2858 1568 3134 1623 ἄπαυστον
3176 1567 3411 1639 ἡμέραν,
3440 1567 3541 1637 τὴν
3580 1568 3671 1620 ἀν·

2098 1661 2362 1731 έσπερον,
2418 1660 2516 1732 τὴν
2564 1660 2845 1731 ἀδιάδοχον
2866 1702 2880 1725 ,
2927 1660 3019 1713 τὸν
3060 1659 3293 1730 ἄληκτον
3334 1659 3545 1711 ἐκεῖνον
3581 1658 3672 1709 καὶ

2096 1750 2290 1821 ἀγήρω
2309 1750 2495 1803 αἰῶνα.
2537 1750 2876 1819 Ἀναγκαίως
2895 1745 2985 1803 οὖν
3006 1748 3103 1813 τὰς
3122 1751 3179 1802 ὲν
3202 1751 3334 1820 αὐτῇ
3360 1749 3683 1819 προσευχὰς,

427 1855 657 1916 pertem,
689 1862 859 1900 aevum
920 1846 1051 1900 illud
1093 1861 1373 1915 nunquam
1423 1846 1716 1900 ﬁniendum
1754 1861 1855 1900 nec
1897 1862 1999 1900 un-

2098 1839 2338 1902 ἑστῶτας
2376 1839 2725 1911 ἀποπληροῦν
2749 1841 2875 1902 τοὺς
2908 1839 3106 1909 ἑαυτῆς
3132 1840 3435 1909 τροφίμους
3466 1841 3500 1909 ή
3553 1837 3672 1889 Ἐκ-

426 1954 592 2009 quam
634 1952 943 1993 senescens.
986 1936 1310 1992 Necessario
1339 1938 1507 2008 igitur
1546 1938 1599 1991 in
1648 1938 1750 1992 hoc
1789 1938 1876 1993 die
1908 1938 2000 1993 Ec-

425 2032 595 2087 clesia
636 2046 766 2085 suos
808 2032 1058 2085 alumnos
1112 2030 1309 2094 docet,
1362 2045 1555 2099 preces
1615 2045 1744 2085 suas
1802 2030 1998 2085 stando

426 2123 751 2182 absolvere.
796 2129 856 2175 ut
911 2122 1134 2177 assidua
1183 2122 1612 2177 commonitione
1662 2122 1786 2176 vita:
1848 2110 1997 2178 illi‘us

426 2223 709 2278 nunquam
744 2207 1022 2273 desituraa,
1058 2224 1168 2263 non
1199 2210 1538 2279 negligamus
1573 2211 1637 2264 ad
1670 2226 1790 2266 eam
1832 2211 1999 2267 demi-

426 2302 727 2371 grationem
780 2315 977 2372 parare
1012 2302 1294 2357 viaticum.
1347 2301 1489 2369 Quin
1540 2310 1596 2358 et
1642 2310 1818 2359 totum
1862 2304 1997 2359 illud

426 2393 825 2464 quinquaginta
877 2392 1089 2449 dierum
1129 2402 1345 2464 tempus
1371 2395 1671 2451 admonitio
1701 2405 1785 2450 cst
1814 2411 1997 2452 resur-

426 2486 726 2551 rectionis,
779 2500 941 2556 quam
1007 2485 1064 2541 in
1114 2487 1287 2541 altero
1327 2488 1526 2552 saeculo
1593 2496 1995 2557 exspectamus.

425 2575 562 2631 Nam
595 2595 741 2634 unus
769 2579 860 2634 ille
890 2589 945 2633 et
970 2579 1181 2648 primus
1206 2578 1324 2635 dies
1351 2579 1552 2649 septies
1581 2580 1996 2650 multiplicatus,

426 2676 634 2738 septem
681 2684 851 2725 sacrae
906 2668 1257 2724 Pentecostes
1318 2669 1690 2725 hebdomadas
1740 2671 1993 2727 absolvit.

424 2760 470 2815 A
516 2762 690 2832 primo
726 2761 869 2816 enim
913 2762 1199 2831 incipiens,
1238 2760 1293 2814 in
1342 2759 1589 2815 eumdem
1634 2760 1854 2825 desinit,
1897 2777 1994 2832 per

427 2853 654 2916 similes,
687 2853 776 2921 qui
828 2852 882 2905 in
934 2852 1110 2906 medio
1155 2850 1521 2913 intercedunt,
1568 2851 1685 2906 dies
1733 2852 1997 2922 quinqua-

426 2945 542 3015 gies
583 2945 854 2999 evolutus.
932 2941 1085 2997 Unde
1128 2950 1182 2997 et
1234 2942 1596 2996 aeternitatem
1640 2943 1999 3001 similitudine

428 3037 618 3101 refert,
654 3037 784 3090 dum
815 3036 963 3089 velut
1006 3035 1061 3090 in
1095 3044 1244 3088 motu
1277 3034 1557 3099 circulari,
1588 3034 1657 3089 ab
1682 3035 1875 3091 iisdem
1907 3053 2000 3092 or-

428 3145 525 3183 sus
558 3127 728 3198 signis
779 3129 833 3180 in
869 3126 1057 3180 eadem
1086 3124 1310 3180 desiuit.
1346 3124 1467 3191 Quo
1510 3126 1564 3179 in
1608 3126 1718 3192 die,
1749 3129 2000 3200 corporis

2096 1930 2295 2001 κλησία
2319 1930 2582 1996 παιδεύει,
2616 1931 2702 1984 ἵνα
2734 1933 2799 2001 τῇ
2843 1932 3051 2000 συνεχεῖ
3084 1930 3386 2001 ὑπομνήσει
3415 1929 3515 2000 τῆς
3548 1930 3671 1982 ἀτε-

2095 2022 2352 2094 λευτήτου
2398 2020 2546 2092 ζωῆς
2592 2021 2698 2074 τῶν
2751 2020 2888 2091 πρὸς
2929 2020 3027 2091 τὴν
3078 2021 3408 2091 μετάστασιν
3453 2021 3670 2089 ἐκείνην

2097 2114 2321 2184 ἐφοδίων
2370 2114 2444 2185 μὴ
2490 2112 2802 2185 ἀμελῶμεν.
2836 2112 2947 2166 Καὶ
2990 2113 3138 2165 πᾶσα
3168 2110 3224 2164 δέ
3258 2112 3292 2182 ή
3325 2110 3670 2182 πεντηκοστὴ

2094 2205 2195 2275 τῆς
2239 2206 2296 2257 ἐν
2337 2204 2414 2275 τῷ
2452 2203 2608 2258 αίῶνι
2813 2201 3271 2275 προσδοκωμένης
3320 2201 3671 2264 ἀναστάσεως

2096 2297 2245 2351 ἐστιν
2298 2297 2612 2367 ὑπόμνημα.
2665 2297 2729 2350 Ἥ
2783 2295 2893 2367 γὰρ
2952 2294 3051 2364 μία
3094 2293 3276 2367 ἐκείνη
3327 2294 3422 2347 καὶ
3478 2293 3669 2364 πρώτη

2095 2389 2312 2461 ἡμέρα,
2355 2389 2582 2453 ἑπτάκις
2622 2385 3192 2451 ἐπταπλασιασθεϊσα,
3241 2386 3338 2449 τὰς
3388 2385 3529 2439 ἐπτά
3575 2386 3670 2457 τῆς

2100 2485 2249 2556 ἱερᾶς
2284 2484 2653 2554 πεντηκοστῆς
2684 2481 2981 2553 ἑϐδομάδας
3010 2480 3278 2534 ἀποτελεῖ.
3323 2481 3417 2533 Ἐκ
3447 2479 3670 2550 πρώτης

2097 2575 2205 2645 γὰρ
2237 2575 2535 2646 ἀρχομένη,
2570 2576 2649 2637 εἰς
2680 2573 2779 2645 τὴν
2809 2573 2977 2644 αὐτὴν
3011 2572 3333 2643 καταλήγει,
3371 2572 3439 2625 δι’
3469 2572 3670 2644 ὁμοίων

2096 2666 2206 2719 τῶν
2247 2668 2304 2719 ἐν
2349 2665 2428 2736 τῷ
2476 2665 2624 2737 μέσῳ
2657 2664 3033 2735 ἐξελιττομένη
3084 2663 3531 2733 πεντηκοντάκις.
3580 2661 3671 2714 Διὸ

2099 2762 2193 2815 καὶ
2220 2761 2391 2815 αἰῶνα
2567 2761 2812 2830 μιμεῖται
2840 2761 2906 2829 τῇ
2934 2757 3233 2828 ὁμοιότητι,
3270 2756 3459 2828 ὥσπερ
3492 2757 3549 2809 ἐν
3578 2772 3669 2808 κυ-

2099 2862 2258 2932 κλικῇ
2303 2860 2514 2932 κινήσει
2562 2858 2668 2912 ἀπὸ
2711 2857 2821 2910 τῶν
2858 2857 3038 2910 αὐτῶν
3083 2853 3360 2927 ἀρχομένη
3407 2853 3668 2924 σημείων,

2098 2956 2193 3011 καὶ
2222 2958 2301 3019 είς
2329 2955 2397 3008 τὰ
2422 2953 2563 3008 αὐτὰ
2590 2952 2991 3023 καταλήγουσα.
3036 2951 3124 3004 Ἐν
3198 2949 3257 3002 τὸ
3282 2948 3465 3019 δρθιον
3493 2948 3672 3018 σχῆμα

2097 3047 2196 3118 τῆς
2230 3044 2539 3117 προσευχῆς
2584 3044 2854 3114 προτιμᾷν
2882 3043 2930 3094 οἱ
2966 3041 3156 3111 θεσμοὶ
3192 3040 3291 3110 τῆς
3349 3036 3671 3108 Ἐκκλησίας

2098 3140 2245 3209 ἡμᾶς
2287 3138 2705 3203 ἐξεπαίδευσαν,
2752 3136 2816 3187 ἐκ
2859 3132 2959 3203 τῆς
2998 3130 3260 3201 ἐναργοῦς
3311 3130 3671 3199 ὑπομνήσεως

426 3226 613 3273 erecto
662 3218 849 3273 habitu
896 3217 1107 3288 precari
1159 3218 1343 3286 potius
1392 3232 1493 3272 nos
1548 3216 1806 3273 Ecclesia
1858 3220 1999 3278 ritus

2099 3231 2259 3284 οἱονεὶ
2300 3229 2693 3300 μετοικίζοντες
2716 3227 2872 3300 ήμῶν
2909 3225 2999 3279 τὸν
3030 3225 3154 3277 νοῦν
3189 3222 3296 3276 ἀπὸ
3322 3220 3434 3274 τῶν
3470 3218 3669 3291 παρόν-

428 3313 752 3374 docuerunt,
800 3311 1056 3365 nimirum
1108 3324 1203 3380 per
1255 3310 1564 3365 evidentem
1611 3313 1999 3367 commonitio-

429 3420 553 3459 nem
578 3405 740 3474 quasi
764 3402 1159 3458 transferentes
1176 3411 1410 3458 mentem
1434 3411 1681 3459 nostram
1705 3418 1735 3457 a
1769 3420 2002 3474 praesen-

430 3498 576 3551 tilms
608 3496 673 3550 ad
717 3495 918 3551 futura.
938 3494 1165 3567 Insuper
1189 3505 1243 3551 et
1271 3496 1485 3565 quoties
1513 3510 1688 3567 genua
1710 3496 1997 3563 ﬂectimus,

428 3598 483 3643 et
533 3604 725 3644 rursus
768 3590 1052 3659 erigimur,
1097 3588 1216 3658 ipso
1259 3586 1404 3643 facto
1452 3588 1816 3651 ostendimus,
1854 3587 1999 3658 quod

430 3680 500 3733 ob
526 3688 807 3750 peccatum
860 3680 913 3733 in
943 3686 1147 3734 terram
1186 3678 1392 3750 delapsi
1441 3694 1653 3744 sumus,
1677 3688 1731 3734 et
1762 3695 1858 3750 per
1896 3682 2002 3734 hu-

435 3769 747 3823 tuanilatem
778 3768 899 3838 ejus
931 3768 1025 3839 qui
1067 3770 1272 3824 creavit
1310 3783 1413 3824 nos
1448 3768 1504 3823 in
1533 3769 1733 3824 cmlum
1765 3770 2001 3824 revocati

431 3872 646 3915 sumus.

642 3950 862 4005 Deﬁciet
906 3965 992 4004 me
1033 3949 1170 4018 dies,
1213 3949 1262 4006 si
1308 3945 1571 4004 Ecclesia:
1621 3951 1880 4016 mysteria
1925 3951 2005 4005 ci—

440 4051 524 4097 tra
580 4047 849 4115 scriptum
905 4044 1104 4097 tradita
1165 4058 1387 4113 pergam
1443 4056 1753 4097 recensere.
1807 4038 2010 4093 Omitto

425 4141 618 4186 cetera
697 4153 709 4188 :
860 4134 1033 4203 ipsam
1074 4135 1195 4188 ﬁdei
1244 4133 1647 4204 professionem
1688 4136 1740 4186 in
1790 4133 2008 4188 Patrem

428 4230 485 4278 et
534 4220 730 4277 Filium
783 4231 837 4278 et
870 4221 1135 4293 Spiritum
1184 4235 1457 4286 sanctum,
1510 4240 1540 4279 e
1590 4224 1790 4295 quibus
1838 4225 2004 4280 liabe-

430 4328 552 4368 mus
606 4313 873 4383 scriptis?
938 4312 1151 4368 Etenim
1209 4314 1256 4370 si
1314 4315 1575 4385 quoniam
1627 4332 1693 4370 ex
1742 4315 2001 4386 baptismi

428 4404 744 4469 traditione,
771 4403 925 4474 juxta
964 4406 1185 4476 pietatis
1213 4408 1692 4473 consecutionem,
1725 4415 1784 4462 ut
1827 4407 2007 4479 bapti-

426 4510 638 4557 zamur.
669 4496 741 4550 ita
786 4506 840 4552 et
882 4499 1105 4554 credere
1150 4498 1434 4563 debemus,
1467 4500 1700 4555 similem
1731 4500 2005 4569 baptismo

426 4588 822 4656 professionem
853 4590 1177 4645 exhibemus
1224 4606 1237 4642 :
1281 4592 1586 4647 concedant
1614 4591 1780 4646 etiam
1822 4590 2001 4656 nobis,

426 4688 486 4731 ut
528 4678 685 4748 juxta
728 4681 973 4735 eamdem
1027 4683 1478 4752 consequentiam
1548 4682 2003 4753 gloriﬁcationem

424 4770 547 4823 ﬁdei
578 4772 922 4827 consimilem
966 4774 1363 4842 persolvamns.
1396 4774 1554 4841 Quod
1585 4776 1631 4830 si
1662 4776 2003 4846 gloriﬁcandi

424 4864 647 4917 modum
681 4863 843 4917 veluti
892 4866 1101 4935 scripto
1130 4882 1238 4921 non
1270 4867 1529 4921 traditum
1561 4868 1842 4937 rejiciunt,
1874 4884 2003 4939 pro-

424 4953 604 5006 ferant
650 4953 815 5007 nobis
877 4963 931 5007 et
981 4956 1347 5024 professionis
1399 4957 1525 5012 ﬁdei
1577 4966 1632 5014 et
1680 4969 2003 5018 ceterorum

421 5057 544 5113 quae
587 5044 1137 5099 commemoravimus
1182 5045 1559 5115 probationem
1603 5063 1635 5105 e
1680 5048 2001 5122 Scripturis.

421 5132 624 5187 Adhaec
664 5148 793 5188 cum
841 5140 950 5187 tam
1001 5135 1173 5188 multa
1214 5136 1327 5191 sint
1360 5153 1482 5207 quae
1528 5140 1737 5210 scripto
1786 5142 2002 5211 prodita

421 5242 533 5282 non
580 5216 730 5294 sunt,
759 5235 816 5282 et
861 5234 1072 5283 tantum
1122 5228 1323 5283 habent
1366 5233 1626 5288 momenti
1671 5232 1739 5288 ad
1785 5235 2003 5305 pietatis

422 5321 749 5391 mysterium
784 5321 1073 5384 ,,unicam
1126 5322 1521 5378 dictiunculam
1580 5341 1702 5397 quae
1749 5341 1781 5381 a
1829 5327 2003 5399 majo-

420 5410 575 5465 ribus
605 5410 671 5466 ad
699 5425 802 5465 nos
831 5409 1071 5476 devenit,
1106 5428 1213 5467 non
1242 5415 1571 5479 concedent,
1605 5433 1770 5485 quam
1800 5434 1902 5474 nos
1929 5436 1997 5477 ex

421 5503 734 5559 inaffectata
786 5505 1186 5561 consuetudine
1252 5506 1309 5563 in
1366 5506 1660 5573 Ecclesiis,
1709 5526 1832 5581 qua:
1876 5527 1998 5581 per-

418 5612 593 5653 versa:
617 5605 673 5655 et
704 5605 979 5669 corruptae
1022 5613 1133 5653 non
1162 5609 1313 5665 sunt,
1344 5610 1754 5671 permanentem
1786 5604 1998 5659 inveni-

419 5699 567 5745 mus,
604 5684 750 5740 haud
796 5686 1131 5742 mediocrem
1162 5688 1432 5744 rationem
1463 5688 1776 5757 habentem,
1814 5709 1997 5764 neque

418 5771 696 5830 mediocre
727 5776 1104 5844 adjumentum
1136 5777 1202 5831 ad
1231 5779 1474 5849 mystcrii
1502 5780 1609 5836 vim
1638 5782 1998 5840 aﬁ‘ereutcm?

515 5872 690 5930 'Gcn.
732 5890 770 5944 ι,
802 5876 856 5932 5.
933 5876 953 5907 ³
984 5874 1129 5933 Psal.
1163 5890 1213 5930 vr
1242 5882 1305 5932 et
1342 5893 1435 5933 xu.

2097 3340 2206 3377 των
2235 3324 2329 3376 ἐπὶ
2349 3323 2417 3376 τὰ
2446 3321 2727 3393 μέλλοντα.
2772 3321 2880 3373 Καὶ
2912 3318 3035 3372 καθ’
3068 3316 3306 3386 ἑκάστην
3331 3314 3389 3368 δέ
3419 3312 3668 3383 γονυκλι-

2103 3416 2221 3469 σίαν
2262 3414 2355 3467 καὶ
2398 3413 2743 3468 διανάστασιν
2774 3411 2919 3481 ἔργῳ
2969 3409 3279 3478 δείκνυμεν,
3312 3407 3394 3460 ὅτι
3442 3406 3532 3459 διὰ
3586 3403 3666 3455 διὰ

2098 3508 2198 3577 τῆς
2226 3506 2497 3578 ἁμαρτίας
2530 3506 2610 3569 είς
2633 3504 2736 3574 γῆν
2763 3501 3166 3575 κατερῤύημεν,
3195 3500 3287 3553 καὶ
3306 3498 3394 3551 διὰ
3427 3498 3527 3567 τῆς
3558 3496 3670 3564 φιλ-

2100 3600 2416 3668 ανθρωπίας
2447 3598 2542 3651 τοῦ
2579 3598 2864 3660 κτίσαντος
2893 3595 3040 3666 ἡμᾶς
3070 3594 3149 3657 είς
3174 3591 3405 3663 οὐρανὸν
3445 3588 3668 3659 ἀνεκλή-

2102 3690 2165 3757 6η
2175 3707 2297 3760 μεν.
3281 3690 3288 3699 ’

2315 3951 2609 4021 Ἐπιλείψει
2648 3967 2713 4021 με
2754 3950 2787 4019 ή
2839 3948 3040 4019 ήμέρα,
3072 3945 3140 3998 τὰ
3179 3945 3404 4015 ἄγραφα
3462 3978 3471 3987 -
3578 3940 3672 4012 τῆς

2109 4048 2434 4120 Ἐκκλησίας
2464 4049 2739 4120 μυστήρια
2766 4043 3139 4116 διηγούμενον.
3200 4041 3303 4096 Ἔῶ
3332 4042 3504 4095 τᾶλλα
3522 4058 3537 4070 ·
3586 4041 3669 4094 αὖα

2097 4142 2193 4213 τὴν
2223 4143 2278 4195 δὲ
2324 4141 2423 4214 τὴν
2466 4140 2754 4211 ὁμολογίαν
2796 4138 2895 4208 τῆς
2926 4135 3164 4197 πίστεως
3344 4136 3424 4195 είς
3454 4133 3668 4202 Πατέρα

2097 4234 2190 4288 καὶ
2234 4233 2360 4286 Υίδν
2402 4234 2497 4287 καὶ
2540 4232 2691 4299 ἅγιον
2736 4227 2961 4298 Πνεῦμα
3001 4228 3067 4279 ἐκ
3109 4225 3276 4279 ποίων
3327 4225 3668 4295 γραμμάτων

2098 4325 2333 4395 έχομεν;
2379 4323 2442 4376 Et
2488 4324 2586 4393 μὲν
2616 4321 2725 4393 γὰρ
2766 4321 2832 4373 ἐκ
2869 4318 2971 4389 τῆς
3005 4314 3100 4370 τοῦ
3151 4315 3530 4385 βαπτίσματος

2100 4415 2392 4486 ραδόσεως,
2427 4412 2569 4467 κατὰ
2599 4412 2661 4465 τὸ
2686 4412 2787 4482 τῆς
2819 4407 3103 4473 εὐσεϐείας
3129 4407 3443 4469 ἀκόλουθον,
3475 4398 3550 4467 ὼς
3582 4405 3669 4475 βα-

2100 4505 2403 4575 πτιζόμεθα
2431 4503 2572 4557 οὕτω
2602 4504 2697 4556 καὶ
2725 4500 3003 4556 πιστεύειν
3031 4498 3358 4570 ὀφείλοντες,
3387 4497 3573 4550 οὐσίαν
3598 4494 3670 4563 τῷ

2101 4597 2435 4669 βαπτίσματι
2618 4594 2715 4666 τὴν
2744 4593 3031 4664 ὁμολογίαν
3076 4588 3505 4660 κατατιθέμεθα,
3544 4604 3669 4655 συγ-

2098 4690 2509 4760 χωρησάτωσαν
2556 4688 2649 4740 καὶ⁵
2702 4688 2833 4757 ἡμῖν
2885 4686 2949 4738 ἐκ
2993 4684 3093 4755 τῆς
3139 4682 3312 4753 αὐτῆς
3355 4680 3669 4742 ἀκολουθίας

2099 4780 2289 4850 ὁμοίαν
2331 4781 2397 4849 τῇ
2449 4779 2630 4833 πίστει
2670 4777 2771 4849 τὴν
2811 4776 2969 4843 δόξαν
3002 4774 3341 4828 ἀποδιδόναι·
3387 4775 3436 4825 εί
3488 4771 3546 4824 δὲ
3587 4771 3671 4822 τὸν

2097 4870 2296 4942 τρόπον
2333 4870 2431 4940 τῆς
2480 4865 2788 4935 δοξολογίας
2837 4864 2913 4929 ὡς
2954 4863 3200 4935 ἄγραφον
3248 4860 3671 4932 παραιτοῦνται,

2097 4962 2335 5016 δότωσαν
2362 4962 2493 5031 ἡμῖν
2526 4958 2628 5029 τῆς
2656 4974 2715 5013 τε
2743 4955 2887 5011 κατά
2916 4955 3018 5027 τὴν
3046 4955 3231 5008 πίστιν
3258 4954 3551 5024 ὁμολογίας
3584 4953 3670 5007 καὶ

2097 5052 2205 5105 τῶν
2255 5050 2477 5115 λοιπῶν,
2514 5045 2589 5105 ὧν
2627 5045 3170 5120 ἁπηριθμησάμεθα,
3220 5046 3536 5117 ἐγγράφους
3578 5044 3671 5105 τὰς

2098 5140 2419 5208 ἀποδείξεις.
2460 5136 2593 5193 Εἶτα
2622 5137 2891 5191 τοσούτων
2918 5136 3089 5190 ὄντων
3119 5136 3406 5207 ἀγράφων,
3447 5137 3543 5187 καὶ
3588 5150 3671 5186 το-

2101 5233 2303 5303 σαύτην
2328 5230 2560 5302 ἐχόντων
2595 5227 2694 5299 τὴν
2726 5228 2879 5297 Krbe
2914 5227 2994 5290 είς
3025 5225 3089 5279 τὸ
3114 5225 3215 5295 τῆς
3252 5224 3537 5286 εὐσεϐείας
3577 5239 3670 5292 μυ-

2099 5327 2337 5397 στήριον,
2371 5323 2498 5395 μίαν
2524 5321 2667 5386 λέξιν
2694 5322 2827 5392 ἡμῖν
2856 5322 2921 5372 ἐκ
2945 5317 3197 5387 πατέρων
3222 5317 3300 5379 είς
3327 5318 3475 5385 ἡμᾶς
3501 5313 3669 5367 ἐλθοῦ-

2101 5433 2198 5470 σαν
2242 5415 2304 5468 οὺ
2353 5412 2821 5484 συγχωρήσουσιν,
2872 5411 2942 5482 ῆν
2987 5412 3151 5481 ἡμεῖς
3196 5408 3260 5459 ἐκ
3288 5409 3387 5475 τῆς
3418 5406 3668 5471 ἀνεπιτη-

2097 5508 2285 5563 δεύτου
2319 5504 2604 5576 συνηθείας
2637 5504 2756 5565 ταῖς
2789 5500 3167 5573 ἀδιαστρόφοις
3199 5497 3308 5551 τῶν
3346 5494 3670 5564 Ἐκκλησιῶν

2101 5599 2536 5672 ἐναπομείνασαν
2561 5596 2813 5667 εὕρομεν,
2837 5592 2899 5646 οὐ
2929 5592 3122 5663 μικρὸν
3140 5590 3230 5644 τὸν
3249 5590 3406 5657 λόγον
3428 5589 3664 5659 ἔχουσαν.

2099 5695 2220 5749 οὐδέ
2274 5693 2529 5764 βραχεῖαν
2588 5686 2903 5741 συντέλειαν
2955 5687 3035 5748 είς
3085 5684 3188 5756 τὴν
3233 5681 3328 5737 τοῦ
3376 5679 3667 5753 μυστηρίου

2100 5787 2331 5857 δύναμιν
2361 5781 2758 5855 εἰσφερομένην
2791 5803 2804 5850 ;
