3968 6554
322 398 433 461 797

1286 393 1668 456 PANOPLl’A
1710 392 2175 457 DOGMATICA.
2208 420 2281 434 -
2306 394 2461 463 ΤΙΤ.
2501 394 2643 461 ΧΗ.

3491 410 3597 478 798

402 512 634 582 Εἴρηται
658 509 756 579 μὲν
785 503 898 573 οὖν,
921 507 1004 561 ὅτι
1026 504 1221 560 ταυτᾶν
1249 506 1366 558 ἐστι
1399 507 1535 575 πρδς
1569 506 1812 558 διᾱνοιαν
1831 505 1903 556 εί-

2091 509 2305 564 Dictum
2360 518 2447 565 est
2500 512 2721 582 quidem
2750 513 2886 570 nihil
2938 514 3147 574 referre
3211 518 3279 573 ad
3334 534 3582 588 sensum,

329 609 474 670 πεῖν,
509 605 647 671 Δόξα
677 604 851 673 llath
870 603 962 657 καὶ
992 601 1107 671 Υίῷ
1161 603 1253 654 καὶ
1281 602 1422 671 ἁγίῳ
1457 602 1761 669 Πνεύματι·
1820 599 1913 651 καὶ

329 700 467 762 Δόξα
506 698 677 766 Πατρὶ
700 695 793 747 καὶ
814 694 927 763 Υίῷ
958 695 1055 746 σὺν
1072 694 1148 761 τῷ
1164 692 1306 764 ἁγίῳ
1329 694 1629 763 Πνεύματι.
1656 690 1791 745 Οὔτε
1819 691 1914 745 οῦν

328 791 429 858 τὴν
462 789 556 842 καί
593 787 865 856 συλλαϐὴν
896 787 953 851 ἐξ
976 786 1148 855 αὐτῆς
1167 788 1259 839 τοῦ
1282 787 1488 853 Κυρίου
1510 786 1693 855 φωνῆς
1718 785 1914 855 προελ-

332 882 540 937 θοῦσαν
568 863 838 947 ἁθετῆσκαί
867 896 973 932 τινι
1018 878 1398 948 ἦδιαγράφειν
1439 875 1552 931 οἷον
1584 896 1663 943 τε,
1693 881 1786 933 καὶ
1814 879 1913 949 τὴν

335 971 765 1041 ίσοδυναμοῦσαν
840 972 977 1040 αὐτῇ
1035 972 1191 1024 οὐδὲν
1225 972 1286 1023 τὸ
1335 971 1544 1024 κωλύον
1579 974 1913 1044 καταδεχθῆ-

326 1080 452 1117 ιναιο
508 1064 576 1134 ἣν
628 1064 777 1127 ὅπως
824 1062 937 1133 ἔχει
995 1062 1129 1129 πρὸς
1168 1063 1386 1132 ἐκείνην
1439 1064 1705 1134 διαφορᾶς
1736 1085 1795 1119 τε
1818 1068 1909 1121 καὶ

330 1156 678 1225 ὁμοιότητος,
724 1156 799 1223 ὲν]
823 1156 937 1216 τοῖς
966 1153 1198 1206 κατόπιν
1245 1153 1552 1224 ἐδείξαμεν.
1602 1156 1825 1211 Βεὸαιοῖ
1851 1158 1909 1213 δὲ

329 1252 470 1321 ἡμῖν
517 1250 606 1301 τὸν
633 1248 790 1321 λόγον
816 1248 910 1299 καὶ
954 1249 981 1300 ὁ
1000 1247 1321 1310 ’Λπόοτολος
1348 1249 1657 1317 ἀδιαφόρως
1677 1252 1918 1324 ἑκατέρᾳ

330 1346 401 1413 τῇ
423 1344 577 1411 φωνῇ
598 1339 960 1411 κεχρημένος,
986 1341 1079 1392 νῦν
1101 1339 1201 1409 μὲν
1217 1338 1412 1407 λέγων,
1433 1339 1540 1394 Ἐν
1564 1340 1642 1407 τῷ
1665 1341 1911 1411 ὀνόματι

333 1437 443 1490 τοῦ
471 1435 687 1502 Κυρίου
728 1432 926 1500 Ἰησοῦ
964 1433 1248 1499 Χριστοῦ,
1298 1434 1395 1486 καί
1419 1432 1489 1487 ἐν
1510 1433 1591 1500 τῷ
1616 1436 1916 1505 Πνεύματι

336 1528 447 1582 τοῦ
473 1525 619 1580 Θεοῦ
640 1524 830 1594 ήμῶνο
863 1523 1022 1578 πάλιν
1055 1525 1133 1588 δὲ,
1171 1523 1605 1594 Συναχθέντων
1628 1525 1797 1595 ὑμῶν
1818 1527 1916 1581 καί

331 1619 441 1672 τοῦ
462 1618 608 1687 ἐμοῦ
639 1617 985 1686 Πνεύματος
1006 1616 1129 1671 σὺν
1156 1616 1505 1688 τῇβυνάμει
1538 1619 1643 1674 τοῦ
1695 1622 1916 1688 Κυρίου

346 1709 573 1777 Ἰησοῦ·
618 1710 774 1762 οὐδὲν
833 1710 1116 1780 διαφέρειν
1154 1710 1481 1780 ἡγούμενος,
1519 1713 1595 1781 τῷ
1628 1714 1914 1784 συνδέσμῳ

2020 604 2136 660 sive
2153 605 2324 669 diras,
2362 603 2544 658 Gloria
2575 604 2718 660 Patri
2743 618 2799 662 et
2830 607 2967 665 Filio
2995 621 3048 666 et
3085 612 3317 681 Spiritui
3374 624 3588 683 sancto,

2019 697 2135 753 sive
2159 698 2334 764 dicas,
2375 696 2560 753 Gloria
2594 699 2739 754 Patri
2773 710 2827 756 et
2862 702 3001 759 Filio
3045 719 3169 759 cum
3219 715 3413 763 sancto
3467 709 3591 779 Spi-

2019 792 2151 846 ritu.
2205 789 2321 845 Non
2358 791 2525 860 igitur
2547 790 2630 847 fas
2681 795 3050 864 estcuiquain
3100 797 3358 867 syllabam
3399 810 3471 864 et,
3524 813 3592 856 ex

2018 900 2113 939 ore
2163 885 2376 939 Domini
2434 883 2757 955 profectam,
2810 889 3037 958 rejicere
3088 900 3182 945 aut
3235 906 3592 963 expungere:

2019 992 2121 1032 nec
2146 977 2445 1047 quidquam
2472 986 2617 1032 vetat
2644 976 2872 1033 alteram
2909 995 3033 1049 qua:
3056 980 3199 1036 idem
3232 985 3418 1053 pollet,
3456 986 3595 1041 reci-

2020 1086 2183 1142 pere;
2240 1086 2363 1140 quae
2411 1072 2690 1141 quomodo
2716 1086 2841 1127 cum
2893 1072 2984 1129 illa
3032 1076 3115 1129 vel
3169 1079 3462 1133 conveniat
3508 1080 3592 1135 vel

2019 1166 2306 1237 discrepet,
2370 1165 2625 1237 superius
2709 1166 3227 1224 demonstravimus.
3286 1170 3589 1227 Conﬁrmat

2019 1264 2200 1311 autem
2266 1257 2591 1311 sententiam
2669 1255 2829 1310 nobis
2880 1261 2935 1309 et
3000 1254 3316 1325 Apostolus,
3368 1256 3593 1315 indill'e-

2020 1356 2204 1400 renter
2230 1358 2462 1412 utraque
2506 1360 2639 1402 voce
2674 1355 2831 1402 utens
2876 1345 3149 1400 interdum
3203 1346 3278 1400 ita
3325 1346 3596 1416 loquens:

2020 1434 2086 1491 In
2112 1438 2319 1491 nomine
2350 1436 2564 1489 Domini
2591 1434 2723 1489 Jesn
2784 1432 3012 1502 Christi,
3067 1446 3113 1490 et
3177 1438 3231 1490 in
3261 1435 3466 1506 Spiritu
3504 1434 3600 1489 Dei

2017 1532 2185 1585 nostri
2214 1532 2266 1599 ⁸;
2295 1546 2360 1585 ac
2400 1546 2617 1593 rursus,
2656 1527 3001 1601 Congregatis
3037 1529 3181 1584 vobis
3226 1537 3277 1583 et
3313 1545 3425 1582 meo
3454 1526 3584 1597 Spi-

2017 1625 2125 1676 ritu
2168 1640 2287 1677 cum
2334 1624 2526 1677 virtute
2579 1620 2792 1677 Domini
2838 1621 2966 1676 Jesu
3003 1622 3062 1689 ’ς
3127 1621 3261 1674 nihil
3319 1620 3589 1673 interesse

2020 1721 2195 1778 ratus,
2228 1714 2340 1767 sive
2360 1710 2769 1781 conjunctione,
2804 1714 2917 1766 sive
2950 1710 3337 1781 praepositione
3389 1712 3455 1765 ad
3497 1725 3593 1766 no-

335 1805 369 1874 ἢ
403 1807 470 1874 τῇ
508 1803 803 1874 προσθέσει
835 1805 973 1873 πρὸς
1008 1804 1107 1875 τὴν
1144 1804 1252 1858 τῶν
1280 1803 1563 1875 ὀνομάτων
1590 1807 1903 1878 συμπλοκὴι¹

2026 1806 2235 1859 ιιιίιιυιη
2276 1806 2725 1874 conjunctionem
2756 1804 2953 1859 utaris.

331 1894 785 1964 ᾁποφρήσασθαι.

339 1986 456 2063 Τοῦ
480 1988 847 2063 αὑτοῦδοτι
872 1987 911 2041 ἁ
949 1988 1235 2063 περὶτῶν
1286 1991 1821 2063 ἀνθρώπων-,φλέγει
1870 1995 1907 2063 ἡ

407 2058 618 2127 Γραφὴ
674 2059 753 2124 ὠς
799 2058 1681 2129 συμϐασιλευόντωνχριστῷ,
1721 2058 1910 2118 ταῦτά

418 2129 678 2201 περὶτοῦ
697 2130 1040 2201 Imming
1057 2133 1127 2201 οὐ
1172 2134 1601 2201 συγχωροῦσιν
1641 2137 1693 2187 οί
1745 2135 1907 2189 ἀντι-

406 2200 709 2267 λέγοντες.
745 2198 972 2267 Κεφάλ.
999 2198 1107 2254 κθ’.

408 2292 639 2362 Ἰδωμεν
679 2291 735 2344 δὲ
770 2292 865 2345 καὶ
926 2292 980 2343 εί
1010 2310 1129 2347 τινα
1173 2294 1475 2367 ἀπολογίαν
1527 2299 1637 2360 τοῖς
1684 2298 1903 2369 πατρά-

329 2396 416 2432 σιν
439 2381 597 2450 ἡμῶν
626 2381 722 2452 τῆς
757 2384 1004 2455 χρήσεως
1028 2388 1229 2460 ταύτης
1281 2391 1657 2463 ἐπινοήσομεν.
1693 2396 1755 2448 Ol
1797 2395 1906 2468 γὰρ

327 2468 429 2540 τὴν
461 2470 635 2542 ἀρχὴν
660 2476 1030 2545 παρασχόντες
1062 2477 1138 2546 τῷ
1177 2479 1318 2549 λόγῳ
1349 2482 1546 2551 μᾶλλον
1586 2486 1618 2554 ἡ
1629 2486 1743 2555 μῶν
1771 2487 1904 2539 ὑπό-

329 2580 539 2615 κεινται
572 2566 683 2627 τοῖς
717 2565 1041 2638 ἐγκλήμασι.
1083 2569 1292 2633 Παῦλος
1324 2573 1505 2626 τοίνυν
1536 2576 1903 2633 Κολοσσαεῦσι

326 2656 575 2726 γράφων·
600 2657 709 2711 Καί
738 2656 917 2727 ὑμᾶς,
963 2660 1119 2731 φησι,
1158 2663 1405 2731 νεκροὺς
1435 2665 1613 2733 ὄντας
1640 2669 1764 2735 τοῖς
1795 2687 1905 2724 πα-

320 2746 677 2816 ραπτώμασι
694 2751 792 2803 καὶ
822 2749 893 2819 τῇ
919 2751 1304 2821 ἀκροϐυστίᾳ,
1328 2756 1802 2829 συνεζωοποίησε
1825 2761 1905 2826 τῷ

326 2838 584 2907 Χριστῷ.
752 2839 897 2915 Ἀρα
936 2841 1032 2900 οὖν
1060 2845 1174 2916 λαῷ
1207 2848 1304 2917 μὲν
1346 2849 1451 2920 ὅλῳ
1478 2853 1569 2904 καὶ
1612 2853 1905 2927 Ἐκκλησία

329 2933 622 3003 ἐχαρίσατο
650 2935 678 2988 ὁ
703 2934 834 2999 Θεὸς
866 2937 963 3008 τὴν
1005 2938 1101 2991 σὺν
1135 2940 1356 3011 Χριστῷ
1381 2943 1543 3015 ζωὴν,
1577 2943 1653 3015 τῷ
1682 2946 1737 2998 δὲ
1765 2947 1902 3019 ἁγίῳ

332 3025 607 3096 ΙΙνεύματι
656 3029 777 3099 οὐχὶ
824 3031 921 3083 σὺν
976 3032 1195 3102 Χριστῷ
1214 3036 1275 3105 vi)
1332 3034 1477 3106 {cui};
1527 3038 1589 3089 Εί
1642 3038 1697 3091 δὲ
1745 3039 1902 3095 τοῦτο

329 3115 421 3167 καὶ
604 3115 813 3188 διανοίᾳ
858 3120 1041 3172 Ααὸεῖν
1072 3121 1286 3185 ἀσεϐὲς,
1328 3122 1444 3185 πῶς
1473 3124 1571 3194 οὐχ
1610 3125 1776 3190 ὅσιον,
1825 3125 1901 3189 ὡς

326 3205 439 3275 ἔχει
479 3207 711 3276 φύσεως,
754 3209 897 3263 οὕτω
940 3211 1034 3264 καὶ
1070 3212 1169 3283 τὴν
1206 3212 1493 3284 ὁμολογίαν
1541 3201 1964 3287 συνημμένωςο

324 3299 665 3366 ἁποδιδόναι;
716 3298 851 3353 Εἶτα
872 3342 886 3365 ,
919 3303 1036 3364 πῶς
1069 3304 1129 3356 οὐ
1172 3305 1271 3375 τῆς
1301 3306 1534 3376 ἐσχάτης
1568 3307 1900 3377 ἀναλγησίας

323 3393 449 3454 τοὺς
495 3392 591 3462 μὲν
614 3393 804 3460 ἁγίους
843 3394 1123 3464 ὁμολογεῖν
1165 3395 1261 3449 σὺν
1290 3398 1511 3468 Χριστῷ
1536 3394 1674 3451 εἶναι
1700 3398 1719 3470 (
1741 3400 1897 3473 εἰπερ

321 3482 384 3552 δὴ
414 3484 621 3548 Παῦλος
646 3485 957 3556 ἐκδημήσας
983 3488 1091 3540 ἀπὸ
1118 3486 1213 3540 τοῦ
1257 3487 1507 3559 σώματος
1679 3491 1899 3561 ὲνδημεῖ

322 3575 459 3644 πρὸς
474 3576 565 3628 τὸν
583 3576 807 3647 Κύριον,
828 3581 921 3632 καὶ
939 3579 1211 3644 ἀναλύσας
1229 3582 1325 3634 σὺν
1346 3580 1564 3652 Χριστῷ
1584 3583 1730 3635 ἐστιν
1749 3583 1896 3654 ήδη),

318 3663 398 3735 τῷ
429 3665 487 3717 δὲ
515 3665 788 3737 Πνεύματι
822 3667 1045 3733 τούτους
1076 3671 1209 3741 μηδὲ
1242 3674 1354 3733 τοῖς
1384 3671 1689 3743 ἀνθρώποις
1715 3672 1897 3740 ’ὲξίσου

323 3759 460 3824 μετά
502 3756 737 3828 Χριστοῦ
772 3756 930 3825 εἶναι,
983 3761 1105 3829 τόγε
1142 3763 1222 3824 είς
1259 3764 1455 3827 αὐτοὺς
1492 3760 1647 3836 ἧκον,
1681 3765 1892 3834 μεταδι-

318 3844 499 3914 δόναις
528 3849 634 3915 καὶ
666 3850 875 3915 Παῦλος
919 3852 1051 3905 Θεοῦ
1090 3854 1186 3923 μὲν
1227 3854 1480 3926 συνεργὸν
1513 3856 1699 3909 ἑαυτὸν
1740 3859 1797 3910 ὲν
1828 3860 1893 3928 τῇ

318 3939 596 4011 οἰκονομίᾳ
625 3940 719 3993 τοῦ
763 3942 1095 4013 Εύαγγελίου
1139 3944 1320 3998 καλεῖ·
1364 3946 1425 3999 τὸ
1467 3946 1524 3999 δὲ
1574 3948 1797 4019 Πνεῦμα
1835 3949 1894 4002 τὸ

318 4029 492 4097 ἅγιον,
518 4031 585 4083 δι’
617 4024 676 4084 οῦ
708 4034 766 4085 ὲν
800 4033 949 4106 πάσῃ
972 4035 1143 4087 κτίσει
1170 4039 1235 4117 τῇ
1256 4037 1359 4089 ὑπὸ
1380 4038 1469 4091 τὸν
1500 4039 1727 4110 οὐρανὸν
1762 4058 1894 4114 καρ-

318 4124 634 4190 ποφορεῖται
672 4124 733 4174 τὸ
780 4124 1136 4192 Εύαγγέλιον,
1188 4126 1284 4179 ἐὰν
1328 4130 1586 4199 συνεργὸν
1629 4131 1891 4202 εἴπωμεν,

319 4212 597 4267 κάνταῦθα
769 4216 1021 4280 ἀσεϐείας
1049 4216 1265 4288 γραφὴν
1301 4219 1423 4271 καθ’
1468 4220 1624 4291 ἡμῶν
1662 4224 1891 4292 ἀπενέγ-

317 4322 534 4374 καιντο;
580 4306 688 4373 καὶ
720 4307 794 4371 ὡς
846 4308 1039 4376 ἔοικεν,
1088 4312 1120 4381 ἡ
1170 4312 1264 4382 μὲν
1294 4311 1406 4382 ζωὴ
1435 4314 1541 4365 τῶν
1586 4314 1890 4382 ὴλπικότων

316 4396 407 4446 ἐπὶ
432 4397 633 4467 Κύριον
654 4398 958 4471 κέκρυπται
989 4404 1083 4456 σὺν
1106 4402 1182 4474 τῷ
1210 4403 1428 4475 Χριστῷ
1448 4406 1504 4457 ὲν
1521 4404 1596 4475 τῷ
1615 4404 1731 4476 Θεῷ
1747 4422 1759 4434 ”
1797 4407 1890 4461 καὶ

314 4488 451 4588 ὁταν
486 4489 787 4588 ὀΙΧριστδς
826 4494 1150 4567 φανερωθῇ,
1180 4497 1213 4565 ἡ
1265 4494 1377 4567 ζωὴ
1424 4497 1601 4568 ἡμῶν,
1636 4498 1756 4551 τότε
1795 4500 1889 4554 καὶ
1928 4534 1966 4588 D

313 4577 463 4630 αὐτοὶ
498 4580 593 4632 σὺν
619 4581 768 4651 αὐτῷ
790 4583 1264 4655 φανερωθήσονται
1295 4587 1352 4639 ὲν
1381 4586 1509 4659 δόξῃ
1531 4603 1545 4618 ·
1574 4587 1705 4640 αὐτὸ
1742 4587 1797 4641 δὲ
1826 4588 1888 4642 τὸ

312 4667 535 4739 Πνεῦμα
557 4669 656 4739 τῆς
690 4660 854 4742 ζωῆς,
881 4673 941 4725 τὺ
973 4674 1344 4746 ὲλευθερῶσαν
1372 4666 1517 4746 ἡμᾶς
1548 4676 1654 4730 ἀπὸ
1677 4677 1772 4732 τοῦ
1801 4678 1887 4733 νό-

312 4778 413 4829 μου
442 4761 542 4831 τῆς
584 4762 878 4833 ἁμαρτίας,
920 4764 1169 4836 οὐδαμῶς
1210 4768 1326 4820 ἐστι
1361 4768 1457 4820 σὺν
1491 4765 1730 4838 Χριστῷ,
1763 4767 1886 4823 οὔτε

314 4866 373 4922 ιν
398 4862 738 4937 λανθανούσῃ
768 4865 864 4918 καὶ
887 4863 1245 4938 κεκρυμμένῃ
1286 4866 1383 4919 σὺν
1422 4864 1571 4937 αὐτῷ
1606 4862 1741 4935 ζωῇ,
1775 4862 1900 4916 οὗτε

314 4960 371 5011 ἐν
400 4959 467 5029 τῇ
498 4954 805 5027 φανερώσει
833 4958 932 5027 τῆς
968 4955 1146 5027 δόξης,
1178 4958 1244 5027 ἢν
1272 4958 1435 5027 ⁴ἡμεῖς
1464 4954 1557 5008 ἐπὶ
1575 4957 1689 5019 τοῖς
1723 4953 1901 5023 ἁγίοις

315 5034 725 5117 ἐκφανήσεσθαι
779 5045 1197 5117 προσδοκῶμεν;
1237 5043 1578 5118 κληρονόμοι
1613 5045 1769 5111 Θεοῦ,
1804 5046 1900 5098 καὶ

318 5136 748 5209 συγκληρονόμοι
784 5137 1019 5208 Χριστοῦ
1064 5140 1259 5209 ἡμεῖς·
1296 5137 1357 5191 τὸ
1400 5138 1458 5192 δὲ
1494 5136 1717 5208 Πνεῦμα
1750 5137 1901 5191 ἁπό-

316 5229 519 5301 κληρον
553 5230 649 5283 καὶ
678 5230 907 5300 ἄμοιρον
947 5230 1047 5301 τῆς
1073 5230 1357 5294 κοινωνίας
1394 5229 1488 5284 τοῦ
1516 5229 1652 5284 Θεοῦ
1680 5230 1774 5284 καὶ
1803 5228 1897 5283 τοῦ

315 5320 550 5391 Χριστοῦ
583 5320 775 5385 αύτοῦ;
805 5321 916 5375 Καὶ
962 5322 1093 5376 αὐτὸ
1147 5321 1248 5393 μὲν
1276 5322 1338 5375 τὸ
1368 5322 1595 5393 Πνεῦμα
1642 5340 1900 5395 συμμαρ-

311 5415 470 5484 τυρεῖ
502 5411 579 5483 τῷ
621 5412 892 5484 πνεύματι
940 5413 1118 5484 ἡμῶν,
1171 5414 1253 5467 ὅτι
1308 5414 1475 5485 ἐσμὲν
1517 5414 1681 5467 τέκνα
1726 5412 1894 5467 Θεοῦο

316 5505 478 5573 ἡμεῖς
508 5502 566 5556 δὲ
593 5501 670 5573 τῷ
700 5502 981 5576 Πνεύματι
1008 5503 1129 5559 οὐδὲ
1165 5504 1234 5577 ἢν
1264 5503 1415 5578 παρὰ
1445 5504 1538 5559 τοῦ
1566 5504 1771 5576 Κυρίου
1799 5521 1897 5576 μεαρ

2019 1987 2295 2050 Eiusdem.
2334 1986 2489 2054 Quod
2536 2002 2653 2055 quae
2704 1988 2768 2040 de
2818 1986 3116 2040 hominibus
3155 1985 3281 2039 dicit
3317 1984 3596 2053 Scriptura

2058 2074 2342 2127 tanquam
2407 2074 2515 2109 una
2570 2074 2688 2110 cum
2739 2057 2945 2112 Christo
3004 2058 3363 2128 regnantibus,
3421 2058 3591 2128 eaﬁde

2089 2124 2295 2201 Spiritu
2348 2130 2454 2184 dici
2522 2146 2628 2183 non
2699 2132 2986 2183 concedunt
3062 2124 3381 2181 adversarii.
3477 2124 3590 2179 Ca-

2080 2217 2171 2271 put
2207 2203 2299 2257 28.

2087 2294 2380 2350 Videamus
2460 2307 2623 2365 porro
2711 2307 2779 2347 an
2875 2292 3250 2348 defensionem
3343 2291 3580 2361 aliquam

1997 2387 2253 2459 patribus
2304 2387 2514 2442 nostris
2558 2401 2723 2455 super
2773 2384 3091 2456 huiusmodi
3142 2400 3246 2439 usu
3298 2385 3579 2454 pessimus

1996 2481 2328 2548 excogitare.
2384 2476 2518 2532 Nam
2569 2478 2662 2547 qui
2708 2478 2866 2533 nobis
2914 2470 3001 2532 ita
3051 2477 3310 2548 loquendi
3359 2476 3580 2531 {uerunt

1998 2580 2274 2635 auctores,
2340 2571 2513 2642 magis
2570 2585 2733 2639 quam
2793 2585 2896 2625 nos
2949 2570 3161 2623 harent
3214 2570 3268 2623 in
3323 2569 3575 2624 crimine.

1996 2662 2202 2718 Paulus
2257 2663 2424 2733 igitur
2480 2662 2907 2719 Colossensibus
2958 2661 3208 2716 scribens
3269 2683 3279 2715 :
3342 2661 3408 2714 Et
3456 2678 3573 2725 vos,

1999 2754 2197 2824 inquit,
2258 2769 2377 2806 cum
2430 2755 2613 2807 essetis
2678 2753 2877 2806 mortui
2924 2749 3133 2804 delictis
3180 2767 3243 2803 ac
3288 2754 3574 2819 pra'pttlio,

1997 2844 2282 2914 oiviﬁcavit
2329 2843 2490 2896 simul
2538 2859 2656 2897 eum
2708 2842 2922 2897 Christo
2985 2849 3027 2896 ³.
3076 2841 3216 2895 Νυιη
3263 2844 3429 2913 igitur
3477 2844 3575 2897 toti

1999 2936 2200 3007 populo
2243 2942 2299 2990 et
2340 2935 2599 2990 Ecclesia:
2646 2934 2871 2991 donavit
2925 2933 3069 2990 Deus
3111 2937 3278 2989 vitam
3327 2951 3446 3005 qua:
3492 2944 3577 2991 est

2001 3042 2125 3081 cum
2167 3027 2406 3093 Christo,
2455 3034 2646 3081 sancto
2689 3035 2871 3082 autem
2912 3026 3139 3097 Spiritui
3182 3042 3291 3083 non
3335 3035 3419 3082 est
3467 3028 3578 3081 vita

2002 3134 2129 3175 cum
2169 3118 2430 3176 Christo?
2465 3120 2621 3185 Quod
2646 3120 2693 3175 si
2746 3119 2890 3175 istud
2941 3121 3025 3175 vel
3067 3120 3250 3174 animo
3290 3121 3580 3189 concipere

1999 3211 2225 3283 impium
2272 3221 2396 3278 est,
2448 3227 2633 3267 annon
2706 3213 2856 3283 pium
2921 3211 3109 3278 fuerit,
3156 3220 3217 3265 ut
3267 3212 3428 3266 habet
3484 3226 3579 3265 na-

1999 3312 2144 3369 tura,
2197 3304 2271 3359 ita
2321 3305 2484 3358 etiam
2525 3304 2925 3374 professionem
2980 3304 3318 3373 conjunctim
3377 3302 3582 3373 persol-

1997 3395 2161 3451 vere?
2210 3394 2415 3449 Adhaec
2452 3436 2467 3461 ,
2524 3410 2707 3450 annon
2771 3395 3000 3450 extremi
3060 3395 3304 3466 stuporis
3352 3401 3457 3460 est,
3509 3393 3583 3447 fa-

1998 3486 2101 3542 teri
2158 3496 2381 3542 sanctos
2434 3503 2558 3543 esse
2604 3503 2729 3542 cum
2771 3487 2991 3542 Christo
3042 3488 3333 3557 (siquidem
3374 3485 3580 3541 Paulus

1998 3579 2357 3649 peregrinans
2420 3593 2452 3632 a
2504 3593 2735 3647 corpore
2795 3593 3038 3647 presens
3080 3587 3167 3633 est
3205 3577 3347 3648 apud
3402 3577 3583 3632 Domi-

2000 3682 2130 3721 num
2160 3673 2231 3737 f;
2265 3675 2321 3721 et
2372 3666 2465 3721 ubi
2499 3666 2807 3736 emigravit,
2834 3667 2948 3736 jam
2996 3683 3120 3721 cum
3151 3665 3373 3721 Christo
3415 3667 3523 3734 est)
3562 3683 3577 3721 :

2003 3757 2108 3812 hos
2134 3772 2261 3812 vero
2287 3755 2537 3827 Spiritui,
2560 3766 2821 3828 quantum
2851 3757 3070 3828 quidem
3106 3758 3160 3812 in
3192 3758 3326 3827 ipsis
3353 3766 3458 3819 est,
3485 3774 3583 3811 ne-

2000 3863 2107 3919 que
2146 3849 2249 3903 hoc
2283 3848 2557 3913 tribuere,
2594 3859 2653 3903 ut
2689 3864 2845 3918 aeque
2888 3850 3081 3903 saltem
3119 3858 3283 3919 atque
3331 3849 3580 3903 homines

2000 3958 2123 3996 cum
2159 3942 2380 3997 Christo
2417 3942 2521 3997 sit?
2543 3941 2683 4007 Quin
2714 3949 2767 3997 et
2809 3942 3011 3997 Paulus
3042 3943 3283 4012 seipsum
3318 3942 3409 3996 Dei
3447 3957 3580 3995 coo-

2002 4042 2306 4105 peratorem
2336 4035 2575 4105 appellat
2625 4036 2682 4089 in
2716 4035 3194 4089 administratione
3239 4033 3518 4104 Evangelii
3564 4052 3576 4088 :

2000 4125 2094 4179 sed
2124 4123 2389 4194 Spiritum
2420 4134 2699 4191 sanctum,
2732 4142 2827 4195 per
2855 4141 3017 4196 quem
3058 4127 3112 4180 in
3149 4126 3296 4179 omni
3329 4134 3578 4180 creatura

2000 4233 2122 4287 quae
2155 4219 2258 4273 sub
2280 4213 2420 4272 caelo
2451 4227 2559 4284 est,
2586 4220 2882 4274 fructibcat
2910 4219 3284 4289 Evangelium,
3314 4220 3359 4274 si
3389 4234 3580 4289 coope-

2000 4317 2235 4364 ratorem
2263 4311 2620 4379 appellemus,
2651 4312 2739 4365 hic
2768 4326 2987 4381 quoque
3008 4311 3302 4381 impietatis
3326 4327 3424 4365 nos
3456 4326 3576 4365 reos

2001 4400 2294 4471 peragent?
2323 4398 2387 4453 Et
2408 4410 2466 4454 ut
2494 4402 2728 4466 videtur,
2764 4403 2869 4456 vita
2900 4406 3236 4473 Sperantium
3265 4404 3318 4456 in
3346 4401 3575 4456 Domino

2002 4489 2324 4545 abscondita
2349 4502 2434 4546 est
2466 4506 2590 4546 cum
2624 4491 2846 4548 Christo
2874 4494 2930 4547 in
2966 4492 3104 4558 Deo,
3146 4510 3382 4563 cumque
3414 4492 3578 4547 Chri-

2002 4591 2122 4637 stus
2150 4580 2469 4651 apparuerit
2489 4581 2601 4636 vita
2628 4591 2840 4646 nostra,
2872 4589 2987 4636 tum
3011 4590 3065 4638 et
3091 4584 3193 4653 ipsi
3226 4598 3351 4638 cum
3382 4598 3447 4638 eo
3480 4598 3578 4652 ap-

2002 4671 2273 4749 parebunt
2304 4672 2359 4726 in
2390 4673 2562 4743 gloria
2593 4677 2614 4709 ⁸
2647 4672 2803 4742 :ipse
2832 4684 3015 4730 autem
3047 4673 3287 4745 Spiritus
3315 4674 3456 4737 vitae,
3485 4675 3577 4743 qni

2002 4763 2253 4821 liberavit
2282 4777 2382 4818 nos
2411 4779 2441 4817 a
2473 4764 2589 4833 lege
2610 4765 2820 4834 peccati
2855 4772 2908 4830 ',
2947 4781 3289 4836 nequaquam
3330 4777 3415 4822 est
3451 4782 3578 4822 cum

1998 4861 2253 4928 Christo,
2294 4877 2471 4933 neque
2499 4862 2555 4917 in
2593 4861 2704 4916 vita
2743 4860 2949 4916 latente
2984 4867 3041 4916 et
3087 4859 3411 4919 abscondita
3452 4876 3578 4917 cum

2000 4952 2115 5017 illo,
2149 4968 2326 5024 neque
2361 4954 2416 5007 in
2446 4951 2885 5009 manifestatione
2912 4952 3121 5023 gloriae,
3165 4967 3332 5024 quam
3374 4967 3476 5011 nos
3521 4954 3579 5010 in

1999 5046 2206 5100 sanctis
2239 5043 2672 5115 patefaciendam
2708 5058 2833 5101 esse
2865 5046 3280 5115 exspectamus?
3317 5043 3578 5102 Heredes

1998 5132 2096 5189 Dei
2129 5142 2183 5190 et
2230 5134 2546 5191 cohaeredes
2581 5133 2792 5192 Christi
2831 5150 2935 5190 nos
2970 5150 3164 5191 sumus
3207 5143 3227 5175 ν
3274 5154 3289 5191 :
3338 5133 3579 5207 Spiritus

1996 5241 2129 5281 vero
2162 5225 2409 5281 exhaeres
2452 5234 2572 5295 est,
2620 5234 2676 5282 et
2716 5242 2909 5284 exsors
2953 5226 3360 5283 communionis
3389 5226 3486 5283 Dei
3521 5236 3578 5283 et

1996 5317 2200 5373 Christi
2237 5319 2396 5389 ejus?
2420 5318 2486 5372 Et
2519 5319 2639 5389 ipse
2668 5319 2888 5390 quidem
2921 5318 3163 5391 Spiritus
3196 5320 3573 5375 testimonium

1996 5412 2242 5483 perhibet
2291 5413 2511 5484 spiritui
2542 5422 2751 5479 nostro,
2786 5414 2944 5483 'quod
2984 5414 3157 5468 simus
3190 5412 3283 5466 lilii
3331 5410 3424 5467 Dei
3472 5418 3495 5450 ⁸
3548 5424 3570 5470 :

1996 5518 2099 5560 nos
2122 5519 2251 5560 vero
2284 5503 2534 5575 Spiritui.
2561 5518 2632 5559 ne
2661 5504 2784 5574 ejus
2813 5503 3033 5574 quidem
3068 5503 3374 5572 societatis,
3407 5519 3571 5575 quam

386 5782 564 5864 [σου.
605 5800 679 5849 vr,
725 5786 808 5864 ξε.
886 5786 906 5864 ξ
943 5784 1205 5864 [βοῇ-Υ.
1243 5792 1295 5847 4.
1372 5793 1394 5826 ⁸
1425 5793 1639 5857 Coloss.
1681 5811 1744 5864 tt,
1780 5795 1867 5853 15.

2009 5796 2036 5851 ll
2063 5795 2193 5852 Cor.
2220 5812 2274 5862 ν,
2326 5794 2383 5851 8.
2457 5786 2993 5858 ‘Coloss.tu,3,l.
3064 5790 3087 5823 ⁸
3118 5786 3276 5847 Rom.
3328 5803 3451 5858 vui,
3505 5787 3563 5850 2.

317 5854 341 5901 ο
377 5852 537 5920 ﬁunt.
568 5870 685 5925 Vttt,
721 5856 808 5923 l7.
886 5858 905 5890 ⁷
941 5858 1081 5915 ibid.
1118 5858 1205 5916 ιο.
