  <div class='ocr_page' id='page_1' title='image "/cluster/home/n/w/nwhite01/storage/ocr_20150623/130/hvd.32044019208255/407.png"; bbox 0 0 3770 6552; ppageno 0'>
   <div class='ocr_carea' id='block_1_1' title="bbox 333 371 3606 458">
    <p class='ocr_par' dir='ltr' id='par_1_1' title="bbox 333 371 3606 458">
     <span class='ocr_line' id='line_1_1' title="bbox 333 371 3606 458; baseline 0.007 -23"><span class='ocrx_word' id='word_1_1' title='bbox 333 403 340 408; x_wconf 96' lang='grc'><strong>-</strong></span> <span class='ocrx_word' id='word_1_2' title='bbox 426 371 536 436; x_wconf 73' lang='lat'><strong>799</strong></span> <span class='ocrx_word' id='word_1_3' title='bbox 1665 382 2053 444; x_wconf 76' lang='lat' dir='ltr'><strong>EUTHYMH</strong></span> <span class='ocrx_word' id='word_1_4' title='bbox 2096 385 2459 446; x_wconf 79' lang='lat' dir='ltr'><strong>ZlGABENl</strong></span> <span class='ocrx_word' id='word_1_5' title='bbox 3528 396 3606 458; x_wconf 79' lang='lat'><strong>800</strong></span> 
     </span>
    </p>
   </div>
   <div class='ocr_carea' id='block_1_2' title="bbox 407 513 1896 601">
    <p class='ocr_par' dir='ltr' id='par_1_2' title="bbox 407 513 1896 577">
     <span class='ocr_line' id='line_1_2' title="bbox 407 513 1896 577; baseline -0.005 -1"><span class='ocrx_word' id='word_1_6' title='bbox 407 523 497 577; x_wconf 88' lang='lat' dir='ltr'><strong>illi</strong></span> <span class='ocrx_word' id='word_1_7' title='bbox 523 535 648 575; x_wconf 89' lang='lat' dir='ltr'><strong>cum</strong></span> <span class='ocrx_word' id='word_1_8' title='bbox 681 518 790 574; x_wconf 91' lang='lat' dir='ltr'><strong>Deo</strong></span> <span class='ocrx_word' id='word_1_9' title='bbox 809 532 931 574; x_wconf 88' lang='lat' dir='ltr'><strong>esse</strong></span> <span class='ocrx_word' id='word_1_10' title='bbox 959 531 987 570; x_wconf 88' lang='lat' dir='ltr'><strong>a</strong></span> <span class='ocrx_word' id='word_1_11' title='bbox 1013 515 1246 570; x_wconf 84' lang='lat' dir='ltr'><strong>Domino</strong></span> <span class='ocrx_word' id='word_1_12' title='bbox 1275 513 1590 576; x_wconf 86' lang='lat' dir='ltr'><strong>didicimus,</strong></span> <span class='ocrx_word' id='word_1_13' title='bbox 1623 513 1896 569; x_wconf 85' lang='lat' dir='ltr'><strong>testimoni</strong></span> 
     </span>
    </p>
   </div>
   <div class='ocr_carea' id='block_1_3' title="bbox 2118 513 3607 601">
    <p class='ocr_par' dir='ltr' id='par_1_3' title="bbox 2118 516 3607 601">
     <span class='ocr_line' id='line_1_3' title="bbox 2118 516 3607 601; baseline 0.007 -31"><span class='ocrx_word' id='word_1_14' title='bbox 2118 518 2440 590; x_wconf 79' lang='grc' dir='ltr'>μαθήκαμεν</span> <span class='ocrx_word' id='word_1_15' title='bbox 2472 517 2571 590; x_wconf 80' lang='grc' dir='ltr'>τῆς</span> <span class='ocrx_word' id='word_1_16' title='bbox 2612 519 2744 592; x_wconf 73' lang='grc' dir='ltr'>πρὸς</span> <span class='ocrx_word' id='word_1_17' title='bbox 2773 516 2907 574; x_wconf 76' lang='grc' dir='ltr'>Θεὸν</span> <span class='ocrx_word' id='word_1_18' title='bbox 2937 519 3218 585; x_wconf 75' lang='grc' dir='ltr'><strong>κοινωνίας</strong></span> <span class='ocrx_word' id='word_1_19' title='bbox 3243 519 3337 593; x_wconf 81' lang='grc' dir='ltr'>τὴν</span> <span class='ocrx_word' id='word_1_20' title='bbox 3367 534 3607 601; x_wconf 71' lang='grc' dir='ltr'><strong>μαρτυρίαν</strong></span> 
     </span>
    </p>
   </div>
   <div class='ocr_carea' id='block_1_4' title="bbox 421 607 1910 690">
    <p class='ocr_par' dir='ltr' id='par_1_4' title="bbox 421 607 1910 682">
     <span class='ocr_line' id='line_1_4' title="bbox 421 607 1910 682; baseline -0.003 -15"><span class='ocrx_word' id='word_1_21' title='bbox 421 611 766 682; x_wconf 69' lang='lat' dir='ltr'><strong>praebemus?</strong></span> <span class='ocrx_word' id='word_1_22' title='bbox 797 609 967 663; x_wconf 90' lang='lat' dir='ltr'><strong>Porro</strong></span> <span class='ocrx_word' id='word_1_23' title='bbox 993 607 1136 679; x_wconf 86' lang='lat' dir='ltr'><strong>quod</strong></span> <span class='ocrx_word' id='word_1_24' title='bbox 1163 615 1246 663; x_wconf 91' lang='lat' dir='ltr'><strong>est</strong></span> <span class='ocrx_word' id='word_1_25' title='bbox 1275 609 1528 663; x_wconf 76' lang='lat' dir='ltr'><strong>amentiae</strong></span> <span class='ocrx_word' id='word_1_26' title='bbox 1555 614 1742 678; x_wconf 89' lang='lat' dir='ltr'><strong>caput,</strong></span> <span class='ocrx_word' id='word_1_27' title='bbox 1774 622 1875 663; x_wconf 91' lang='lat' dir='ltr'><strong>nos</strong></span> <span class='ocrx_word' id='word_1_28' title='bbox 1907 624 1910 677; x_wconf 60' lang='grc' dir='ltr'><em>ς</em></span> 
     </span>
    </p>
   </div>
   <div class='ocr_carea' id='block_1_5' title="bbox 2120 607 3609 690">
    <p class='ocr_par' dir='ltr' id='par_1_5' title="bbox 2120 609 3609 690">
     <span class='ocr_line' id='line_1_5' title="bbox 2120 609 3609 690; baseline 0.003 -27"><span class='ocrx_word' id='word_1_29' title='bbox 2120 609 2545 680; x_wconf 76' lang='grc' dir='ltr'>ιατατιθέμεθα;</span> <span class='ocrx_word' id='word_1_30' title='bbox 2588 611 2661 663; x_wconf 89' lang='grc' dir='ltr'><strong>Τὸ</strong></span> <span class='ocrx_word' id='word_1_31' title='bbox 2700 611 2755 664; x_wconf 78' lang='grc' dir='ltr'><strong>δὲ</strong></span> <span class='ocrx_word' id='word_1_32' title='bbox 2801 611 3098 680; x_wconf 78' lang='grc' dir='ltr'>κεφάλαιον</span> <span class='ocrx_word' id='word_1_33' title='bbox 3143 614 3237 683; x_wconf 86' lang='grc' dir='ltr'>τῆς</span> <span class='ocrx_word' id='word_1_34' title='bbox 3275 615 3455 682; x_wconf 79' lang='grc' dir='ltr'><strong>ἀνοίας,</strong></span> <span class='ocrx_word' id='word_1_35' title='bbox 3492 622 3609 690; x_wconf 48' lang='lat' dir='ltr'><strong>ipsi;</strong></span> 
     </span>
    </p>
   </div>
   <div class='ocr_carea' id='block_1_6' title="bbox 420 699 1909 782">
    <p class='ocr_par' dir='ltr' id='par_1_6' title="bbox 420 699 1903 772">
     <span class='ocr_line' id='line_1_6' title="bbox 420 699 1903 772; baseline -0.003 -13"><span class='ocrx_word' id='word_1_36' title='bbox 420 707 578 760; x_wconf 89' lang='lat' dir='ltr'><strong>ﬁdem</strong></span> <span class='ocrx_word' id='word_1_37' title='bbox 607 705 661 759; x_wconf 91' lang='lat' dir='ltr'><strong>in</strong></span> <span class='ocrx_word' id='word_1_38' title='bbox 685 703 964 759; x_wconf 82' lang='lat' dir='ltr'><strong>Christum</strong></span> <span class='ocrx_word' id='word_1_39' title='bbox 989 717 1112 771; x_wconf 65' lang='lat' dir='ltr'><strong>qua:</strong></span> <span class='ocrx_word' id='word_1_40' title='bbox 1136 711 1218 756; x_wconf 84' lang='lat' dir='ltr'><strong>est</strong></span> <span class='ocrx_word' id='word_1_41' title='bbox 1251 701 1306 754; x_wconf 89' lang='lat' dir='ltr'><strong>in</strong></span> <span class='ocrx_word' id='word_1_42' title='bbox 1341 699 1568 772; x_wconf 86' lang='lat' dir='ltr'><strong>Spiritu,</strong></span> <span class='ocrx_word' id='word_1_43' title='bbox 1592 709 1903 758; x_wconf 86' lang='lat' dir='ltr'><strong>resurrectu</strong></span> 
     </span>
    </p>
   </div>
   <div class='ocr_carea' id='block_1_7' title="bbox 2120 699 3609 782">
    <p class='ocr_par' dir='ltr' id='par_1_7' title="bbox 2120 703 3609 782">
     <span class='ocr_line' id='line_1_7' title="bbox 2120 703 3609 782; baseline 0.007 -29"><span class='ocrx_word' id='word_1_44' title='bbox 2120 703 2206 754; x_wconf 71' lang='grc' dir='ltr'><strong>λέν</strong></span> <span class='ocrx_word' id='word_1_45' title='bbox 2235 703 2322 755; x_wconf 74' lang='grc' dir='ltr'><strong>διὰ</strong></span> <span class='ocrx_word' id='word_1_46' title='bbox 2367 703 2466 772; x_wconf 79' lang='grc' dir='ltr'>τῆς</span> <span class='ocrx_word' id='word_1_47' title='bbox 2514 703 2595 766; x_wconf 82' lang='grc' dir='ltr'><strong>είς</strong></span> <span class='ocrx_word' id='word_1_48' title='bbox 2623 703 2858 774; x_wconf 84' lang='grc' dir='ltr'>Χριστὸν</span> <span class='ocrx_word' id='word_1_49' title='bbox 2897 704 3131 768; x_wconf 84' lang='grc' dir='ltr'>πίστεως</span> <span class='ocrx_word' id='word_1_50' title='bbox 3171 706 3266 774; x_wconf 80' lang='grc' dir='ltr'>τῆς</span> <span class='ocrx_word' id='word_1_51' title='bbox 3312 709 3364 759; x_wconf 84' lang='grc' dir='ltr'><strong>ἐν</strong></span> <span class='ocrx_word' id='word_1_52' title='bbox 3395 712 3609 782; x_wconf 75' lang='grc' dir='ltr'>Πνεῦματι</span> 
     </span>
    </p>
   </div>
   <div class='ocr_carea' id='block_1_8' title="bbox 416 793 1905 866">
    <p class='ocr_par' dir='ltr' id='par_1_8' title="bbox 416 793 1904 861">
     <span class='ocr_line' id='line_1_8' title="bbox 416 793 1904 861; baseline -0.005 -12"><span class='ocrx_word' id='word_1_53' title='bbox 416 813 540 850; x_wconf 81' lang='lat' dir='ltr'><strong>eum</strong></span> <span class='ocrx_word' id='word_1_54' title='bbox 574 795 667 847; x_wconf 92' lang='lat' dir='ltr'><strong>illo</strong></span> <span class='ocrx_word' id='word_1_55' title='bbox 698 804 752 850; x_wconf 88' lang='lat' dir='ltr'><strong>et</strong></span> <span class='ocrx_word' id='word_1_56' title='bbox 775 793 937 849; x_wconf 83' lang='lat' dir='ltr'><strong>simul</strong></span> <span class='ocrx_word' id='word_1_57' title='bbox 975 808 1099 847; x_wconf 90' lang='lat' dir='ltr'><strong>cum</strong></span> <span class='ocrx_word' id='word_1_58' title='bbox 1134 793 1230 846; x_wconf 89' lang='lat' dir='ltr'><strong>illo</strong></span> <span class='ocrx_word' id='word_1_59' title='bbox 1259 807 1513 848; x_wconf 89' lang='lat' dir='ltr'><strong>sessuros</strong></span> <span class='ocrx_word' id='word_1_60' title='bbox 1539 807 1664 848; x_wconf 88' lang='lat' dir='ltr'><strong>esse</strong></span> <span class='ocrx_word' id='word_1_61' title='bbox 1705 793 1759 847; x_wconf 94' lang='lat' dir='ltr'><strong>in</strong></span> <span class='ocrx_word' id='word_1_62' title='bbox 1802 808 1904 861; x_wconf 87' lang='lat' dir='ltr'><strong>sup</strong></span> 
     </span>
    </p>
   </div>
   <div class='ocr_carea' id='block_1_9' title="bbox 2122 793 3611 866">
    <p class='ocr_par' dir='ltr' id='par_1_9' title="bbox 2122 795 3611 866">
     <span class='ocr_line' id='line_1_9' title="bbox 2122 795 3611 866; baseline 0.005 -20"><span class='ocrx_word' id='word_1_63' title='bbox 2122 795 2604 866; x_wconf 74' lang='grc' dir='ltr'>τυνεγερθήσεσθαι</span> <span class='ocrx_word' id='word_1_64' title='bbox 2658 797 2806 866; x_wconf 75' lang='grc' dir='ltr'>αὐτῷ</span> <span class='ocrx_word' id='word_1_65' title='bbox 2847 798 2945 850; x_wconf 79' lang='grc' dir='ltr'>-καὶ</span> <span class='ocrx_word' id='word_1_66' title='bbox 2996 798 3417 864; x_wconf 79' lang='grc' dir='ltr'>συγκαθεδεῖσθαι</span> <span class='ocrx_word' id='word_1_67' title='bbox 3571 812 3611 863; x_wconf 75' lang='grc' dir='ltr'>ὲν</span> 
     </span>
    </p>
   </div>
   <div class='ocr_carea' id='block_1_10' title="bbox 419 886 1908 968">
    <p class='ocr_par' dir='ltr' id='par_1_10' title="bbox 419 886 1908 956">
     <span class='ocr_line' id='line_1_10' title="bbox 419 886 1908 956; baseline -0.001 -14"><span class='ocrx_word' id='word_1_68' title='bbox 419 888 738 942; x_wconf 62' lang='lat' dir='ltr'><strong>coelestibus</strong></span> <span class='ocrx_word' id='word_1_69' title='bbox 779 903 1086 956; x_wconf 83' lang='lat' dir='ltr'><strong>speramus,</strong></span> <span class='ocrx_word' id='word_1_70' title='bbox 1118 902 1241 940; x_wconf 91' lang='lat' dir='ltr'><strong>cum</strong></span> <span class='ocrx_word' id='word_1_71' title='bbox 1272 886 1748 942; x_wconf 78' lang='lat' dir='ltr'><strong>transformaverit</strong></span> <span class='ocrx_word' id='word_1_72' title='bbox 1797 901 1908 956; x_wconf 81' lang='lat' dir='ltr'><strong>cor]</strong></span> 
     </span>
    </p>
   </div>
   <div class='ocr_carea' id='block_1_11' title="bbox 2124 886 3613 968">
    <p class='ocr_par' dir='ltr' id='par_1_11' title="bbox 2124 887 3613 968">
     <span class='ocr_line' id='line_1_11' title="bbox 2124 887 3613 968; baseline 0.006 -29"><span class='ocrx_word' id='word_1_73' title='bbox 2124 890 2216 950; x_wconf 76' lang='lat' dir='ltr'><strong>rei;</strong></span> <span class='ocrx_word' id='word_1_74' title='bbox 2245 889 2588 960; x_wconf 75' lang='grc' dir='ltr'><strong>ἐπουρανίοις</strong></span> <span class='ocrx_word' id='word_1_75' title='bbox 2618 887 2929 958; x_wconf 79' lang='grc' dir='ltr'>ἐλπίζομεν,</span> <span class='ocrx_word' id='word_1_76' title='bbox 2975 890 3104 942; x_wconf 82' lang='grc' dir='ltr'>ὅταν</span> <span class='ocrx_word' id='word_1_77' title='bbox 3151 896 3550 968; x_wconf 70' lang='grc' dir='ltr'>μετασχηματίσῃ</span> <span class='ocrx_word' id='word_1_78' title='bbox 3571 903 3613 954; x_wconf 74' lang='grc' dir='ltr'><strong>τὸ</strong></span> 
     </span>
    </p>
   </div>
   <div class='ocr_carea' id='block_1_12' title="bbox 421 978 1910 1062">
    <p class='ocr_par' dir='ltr' id='par_1_12' title="bbox 421 978 1910 1048">
     <span class='ocr_line' id='line_1_12' title="bbox 421 978 1910 1048; baseline -0.001 -16"><span class='ocrx_word' id='word_1_79' title='bbox 421 979 740 1032; x_wconf 72' lang='lat' dir='ltr'><strong>humilitatis</strong></span> <span class='ocrx_word' id='word_1_80' title='bbox 765 987 967 1033; x_wconf 66' lang='lat' dir='ltr'><strong>nostra:</strong></span> <span class='ocrx_word' id='word_1_81' title='bbox 991 979 1059 1032; x_wconf 90' lang='lat' dir='ltr'><strong>ab</strong></span> <span class='ocrx_word' id='word_1_82' title='bbox 1087 980 1306 1032; x_wconf 83' lang='lat' dir='ltr'><strong>animali</strong></span> <span class='ocrx_word' id='word_1_83' title='bbox 1329 979 1393 1032; x_wconf 85' lang='lat' dir='ltr'><strong>ad</strong></span> <span class='ocrx_word' id='word_1_84' title='bbox 1427 979 1732 1048; x_wconf 89' lang='lat' dir='ltr'><strong>spirituale;</strong></span> <span class='ocrx_word' id='word_1_85' title='bbox 1772 978 1910 1047; x_wconf 88' lang='lat' dir='ltr'><strong>Spiri</strong></span> 
     </span>
    </p>
   </div>
   <div class='ocr_carea' id='block_1_13' title="bbox 2124 978 3613 1062">
    <p class='ocr_par' dir='ltr' id='par_1_13' title="bbox 2124 980 3613 1062">
     <span class='ocr_line' id='line_1_13' title="bbox 2124 980 3613 1062; baseline 0.006 -29"><span class='ocrx_word' id='word_1_86' title='bbox 2124 980 2269 1050; x_wconf 71' lang='grc' dir='ltr'>πῶμα</span> <span class='ocrx_word' id='word_1_87' title='bbox 2295 980 2396 1049; x_wconf 77' lang='grc' dir='ltr'><strong>τῆς</strong></span> <span class='ocrx_word' id='word_1_88' title='bbox 2430 980 2815 1041; x_wconf 82' lang='grc' dir='ltr'>ταπεινώσεως</span> <span class='ocrx_word' id='word_1_89' title='bbox 2853 980 3010 1051; x_wconf 80' lang='grc' dir='ltr'>ἡμῶν</span> <span class='ocrx_word' id='word_1_90' title='bbox 3033 981 3141 1034; x_wconf 80' lang='grc' dir='ltr'>ἀπὸ</span> <span class='ocrx_word' id='word_1_91' title='bbox 3165 981 3257 1034; x_wconf 82' lang='grc' dir='ltr'><strong>τοῦ</strong></span> <span class='ocrx_word' id='word_1_92' title='bbox 3285 982 3488 1055; x_wconf 73' lang='grc' dir='ltr'>ψυχικοῦ</span> <span class='ocrx_word' id='word_1_93' title='bbox 3515 993 3613 1062; x_wconf 65' lang='lat' dir='ltr'><strong>api;</strong></span> 
     </span>
    </p>
   </div>
   <div class='ocr_carea' id='block_1_14' title="bbox 419 1070 1908 1148">
    <p class='ocr_par' dir='ltr' id='par_1_14' title="bbox 419 1070 1908 1140">
     <span class='ocr_line' id='line_1_14' title="bbox 419 1070 1908 1140; baseline -0.001 -17"><span class='ocrx_word' id='word_1_94' title='bbox 419 1087 546 1124; x_wconf 80' lang='lat' dir='ltr'><strong>vero</strong></span> <span class='ocrx_word' id='word_1_95' title='bbox 575 1087 681 1124; x_wconf 90' lang='lat' dir='ltr'><strong>non</strong></span> <span class='ocrx_word' id='word_1_96' title='bbox 715 1087 1069 1136; x_wconf 82' lang='lat' dir='ltr'><strong>consessum,</strong></span> <span class='ocrx_word' id='word_1_97' title='bbox 1107 1085 1215 1124; x_wconf 88' lang='lat' dir='ltr'><strong>non</strong></span> <span class='ocrx_word' id='word_1_98' title='bbox 1241 1070 1492 1140; x_wconf 81' lang='lat' dir='ltr'><strong>gloriam,</strong></span> <span class='ocrx_word' id='word_1_99' title='bbox 1514 1085 1622 1124; x_wconf 89' lang='lat' dir='ltr'><strong>non</strong></span> <span class='ocrx_word' id='word_1_100' title='bbox 1657 1070 1808 1124; x_wconf 86' lang='lat' dir='ltr'><strong>aliud</strong></span> <span class='ocrx_word' id='word_1_101' title='bbox 1839 1087 1908 1139; x_wconf 89' lang='lat' dir='ltr'><strong>qu</strong></span> 
     </span>
    </p>
   </div>
   <div class='ocr_carea' id='block_1_15' title="bbox 2123 1070 3612 1148">
    <p class='ocr_par' dir='ltr' id='par_1_15' title="bbox 2123 1071 3612 1148">
     <span class='ocr_line' id='line_1_15' title="bbox 2123 1071 3612 1148; baseline 0.007 -25"><span class='ocrx_word' id='word_1_102' title='bbox 2123 1072 2162 1123; x_wconf 75' lang='grc' dir='ltr'><strong>τὸ</strong></span> <span class='ocrx_word' id='word_1_103' title='bbox 2210 1072 2579 1141; x_wconf 84' lang='grc' dir='ltr'>πνευματικόν</span> <span class='ocrx_word' id='word_1_104' title='bbox 2601 1088 2614 1102; x_wconf 88' lang='grc'><strong>·</strong></span> <span class='ocrx_word' id='word_1_105' title='bbox 2647 1071 2726 1142; x_wconf 84' lang='grc' dir='ltr'>τῷ</span> <span class='ocrx_word' id='word_1_106' title='bbox 2763 1071 2820 1125; x_wconf 80' lang='grc' dir='ltr'>δὲ</span> <span class='ocrx_word' id='word_1_107' title='bbox 2873 1073 3155 1144; x_wconf 78' lang='grc' dir='ltr'>Πνεῦματι</span> <span class='ocrx_word' id='word_1_108' title='bbox 3191 1074 3249 1126; x_wconf 82' lang='grc' dir='ltr'><strong>οὐ</strong></span> <span class='ocrx_word' id='word_1_109' title='bbox 3280 1079 3538 1148; x_wconf 74' lang='grc' dir='ltr'><strong>συνεδρίας,</strong></span> <span class='ocrx_word' id='word_1_110' title='bbox 3569 1085 3612 1136; x_wconf 73' lang='grc' dir='ltr'>οὐ</span> 
     </span>
    </p>
   </div>
   <div class='ocr_carea' id='block_1_16' title="bbox 421 1155 1910 1240">
    <p class='ocr_par' dir='ltr' id='par_1_16' title="bbox 421 1163 1910 1233">
     <span class='ocr_line' id='line_1_16' title="bbox 421 1163 1910 1233; baseline 0 -17"><span class='ocrx_word' id='word_1_111' title='bbox 421 1179 582 1233; x_wconf 87' lang='lat' dir='ltr'><strong>quam</strong></span> <span class='ocrx_word' id='word_1_112' title='bbox 603 1178 792 1216; x_wconf 88' lang='lat' dir='ltr'><strong>eorum</strong></span> <span class='ocrx_word' id='word_1_113' title='bbox 819 1179 941 1230; x_wconf 70' lang='lat' dir='ltr'><strong>qua:</strong></span> <span class='ocrx_word' id='word_1_114' title='bbox 968 1164 1038 1217; x_wconf 86' lang='lat' dir='ltr'><strong>ab</strong></span> <span class='ocrx_word' id='word_1_115' title='bbox 1069 1165 1184 1232; x_wconf 89' lang='lat' dir='ltr'><strong>ipso</strong></span> <span class='ocrx_word' id='word_1_116' title='bbox 1210 1164 1492 1226; x_wconf 89' lang='lat' dir='ltr'><strong>habemus,</strong></span> <span class='ocrx_word' id='word_1_117' title='bbox 1518 1163 1910 1232; x_wconf 65' lang='lat' dir='ltr'><strong>impertimus‘h</strong></span> 
     </span>
    </p>
   </div>
   <div class='ocr_carea' id='block_1_17' title="bbox 2124 1155 3613 1240">
    <p class='ocr_par' dir='ltr' id='par_1_17' title="bbox 2124 1155 3613 1240">
     <span class='ocr_line' id='line_1_17' title="bbox 2124 1155 3613 1240; baseline 0.001 -26"><span class='ocrx_word' id='word_1_118' title='bbox 2124 1161 2281 1232; x_wconf 77' lang='grc' dir='ltr'>ἰόξης,</span> <span class='ocrx_word' id='word_1_119' title='bbox 2308 1163 2405 1215; x_wconf 75' lang='grc' dir='ltr'><strong>οὐκ</strong></span> <span class='ocrx_word' id='word_1_120' title='bbox 2434 1163 2593 1215; x_wconf 81' lang='grc' dir='ltr'>ἄλλου</span> <span class='ocrx_word' id='word_1_121' title='bbox 2622 1162 2789 1226; x_wconf 79' lang='grc' dir='ltr'>τινὸς,</span> <span class='ocrx_word' id='word_1_122' title='bbox 2817 1155 2891 1217; x_wconf 83' lang='grc' dir='ltr'>ὧν</span> <span class='ocrx_word' id='word_1_123' title='bbox 2918 1163 3116 1234; x_wconf 78' lang='grc' dir='ltr'>ἔχομεν</span> <span class='ocrx_word' id='word_1_124' title='bbox 3146 1166 3272 1236; x_wconf 80' lang='grc' dir='ltr'>παρ’</span> <span class='ocrx_word' id='word_1_125' title='bbox 3295 1168 3461 1232; x_wconf 84' lang='grc' dir='ltr'>αὑτοῦ,</span> <span class='ocrx_word' id='word_1_126' title='bbox 3489 1189 3613 1240; x_wconf 75' lang='grc' dir='ltr'>μετα.</span> 
     </span>
    </p>
   </div>
   <div class='ocr_carea' id='block_1_18' title="bbox 421 1245 1910 1335">
    <p class='ocr_par' dir='ltr' id='par_1_18' title="bbox 421 1254 1908 1326">
     <span class='ocr_line' id='line_1_18' title="bbox 421 1254 1908 1326; baseline 0 -18"><span class='ocrx_word' id='word_1_127' title='bbox 421 1257 624 1325; x_wconf 82' lang='lat' dir='ltr'><strong>quibus</strong></span> <span class='ocrx_word' id='word_1_128' title='bbox 661 1271 761 1309; x_wconf 89' lang='lat' dir='ltr'><strong>nos</strong></span> <span class='ocrx_word' id='word_1_129' title='bbox 939 1256 1087 1325; x_wconf 87' lang='lat' dir='ltr'><strong>ipsos</strong></span> <span class='ocrx_word' id='word_1_130' title='bbox 1115 1269 1235 1309; x_wconf 85' lang='lat' dir='ltr'><strong>esse</strong></span> <span class='ocrx_word' id='word_1_131' title='bbox 1257 1254 1474 1326; x_wconf 82' lang='lat' dir='ltr'><strong>dignos,</strong></span> <span class='ocrx_word' id='word_1_132' title='bbox 1506 1270 1573 1309; x_wconf 83' lang='lat' dir='ltr'><strong>ex</strong></span> <span class='ocrx_word' id='word_1_133' title='bbox 1596 1254 1717 1324; x_wconf 86' lang='lat' dir='ltr'><strong>ejus</strong></span> <span class='ocrx_word' id='word_1_134' title='bbox 1751 1255 1842 1324; x_wconf 90' lang='lat' dir='ltr'><strong>qui</strong></span> <span class='ocrx_word' id='word_1_135' title='bbox 1875 1271 1908 1325; x_wconf 92' lang='lat' dir='ltr'><strong>p</strong></span> 
     </span>
    </p>
   </div>
   <div class='ocr_carea' id='block_1_19' title="bbox 2124 1245 3613 1335">
    <p class='ocr_par' dir='ltr' id='par_1_19' title="bbox 2124 1245 3613 1335">
     <span class='ocr_line' id='line_1_19' title="bbox 2124 1245 3613 1335; baseline 0.007 -31"><span class='ocrx_word' id='word_1_136' title='bbox 2124 1252 2354 1324; x_wconf 79' lang='grc' dir='ltr'>ἰίδομεν;</span> <span class='ocrx_word' id='word_1_137' title='bbox 2391 1253 2506 1306; x_wconf 83' lang='grc' dir='ltr'>ἀλλ’</span> <span class='ocrx_word' id='word_1_138' title='bbox 2555 1245 2632 1306; x_wconf 83' lang='grc' dir='ltr'>ὧν</span> <span class='ocrx_word' id='word_1_139' title='bbox 2676 1255 2904 1318; x_wconf 76' lang='grc' dir='ltr'>ἑαυτοὺς</span> <span class='ocrx_word' id='word_1_140' title='bbox 2957 1255 3142 1321; x_wconf 81' lang='grc' dir='ltr'>ἀξίους</span> <span class='ocrx_word' id='word_1_141' title='bbox 3200 1253 3350 1321; x_wconf 83' lang='grc' dir='ltr'>εἶναι,</span> <span class='ocrx_word' id='word_1_142' title='bbox 3387 1261 3504 1312; x_wconf 75' lang='grc' dir='ltr'>κατὰ</span> <span class='ocrx_word' id='word_1_143' title='bbox 3543 1267 3613 1335; x_wconf 67' lang='grc' dir='ltr'><strong>τὴν</strong></span> 
     </span>
    </p>
   </div>
   <div class='ocr_carea' id='block_1_20' title="bbox 421 1344 1910 1424">
    <p class='ocr_par' dir='ltr' id='par_1_20' title="bbox 421 1345 1872 1409">
     <span class='ocr_line' id='line_1_20' title="bbox 421 1345 1872 1409; baseline -0.001 -9"><span class='ocrx_word' id='word_1_144' title='bbox 421 1347 571 1401; x_wconf 86' lang='lat' dir='ltr'><strong>misit</strong></span> <span class='ocrx_word' id='word_1_145' title='bbox 608 1361 716 1400; x_wconf 90' lang='lat' dir='ltr'><strong>non</strong></span> <span class='ocrx_word' id='word_1_146' title='bbox 769 1346 1020 1401; x_wconf 85' lang='lat' dir='ltr'><strong>mendaci</strong></span> <span class='ocrx_word' id='word_1_147' title='bbox 1065 1361 1313 1409; x_wconf 89' lang='lat' dir='ltr'><strong>munere,</strong></span> <span class='ocrx_word' id='word_1_148' title='bbox 1343 1345 1644 1409; x_wconf 88' lang='lat' dir='ltr'><strong>credimus,</strong></span> <span class='ocrx_word' id='word_1_149' title='bbox 1677 1345 1872 1400; x_wconf 88' lang='lat' dir='ltr'><strong>borum</strong></span> 
     </span>
    </p>
   </div>
   <div class='ocr_carea' id='block_1_21' title="bbox 2124 1344 3613 1424">
    <p class='ocr_par' dir='ltr' id='par_1_21' title="bbox 2124 1344 3613 1424">
     <span class='ocr_line' id='line_1_21' title="bbox 2124 1344 3613 1424; baseline 0.008 -27"><span class='ocrx_word' id='word_1_150' title='bbox 2124 1344 2302 1416; x_wconf 83' lang='grc' dir='ltr'>ιψευδῆ</span> <span class='ocrx_word' id='word_1_151' title='bbox 2324 1346 2416 1398; x_wconf 83' lang='grc' dir='ltr'><strong>τοῦ</strong></span> <span class='ocrx_word' id='word_1_152' title='bbox 2453 1346 2922 1417; x_wconf 78' lang='grc' dir='ltr'><strong>ἐπαγγειλαμένου</strong></span> <span class='ocrx_word' id='word_1_153' title='bbox 2955 1347 3188 1419; x_wconf 78' lang='grc' dir='ltr'>δωρεὰν,</span> <span class='ocrx_word' id='word_1_154' title='bbox 3218 1353 3613 1424; x_wconf 76' lang='grc' dir='ltr'>πεπιστεύκαμεν,</span> 
     </span>
    </p>
   </div>
   <div class='ocr_carea' id='block_1_22' title="bbox 422 1436 1911 1514">
    <p class='ocr_par' dir='ltr' id='par_1_22' title="bbox 422 1436 1909 1508">
     <span class='ocr_line' id='line_1_22' title="bbox 422 1436 1909 1508; baseline -0.001 -16"><span class='ocrx_word' id='word_1_155' title='bbox 422 1439 497 1492; x_wconf 92' lang='lat' dir='ltr'><strong>bil</strong></span> <span class='ocrx_word' id='word_1_156' title='bbox 538 1437 765 1508; x_wconf 85' lang='lat' dir='ltr'><strong>Spiritui</strong></span> <span class='ocrx_word' id='word_1_157' title='bbox 799 1448 1009 1502; x_wconf 88' lang='lat' dir='ltr'><strong>sancto,</strong></span> <span class='ocrx_word' id='word_1_158' title='bbox 1033 1438 1190 1508; x_wconf 86' lang='lat' dir='ltr'><strong>quasi</strong></span> <span class='ocrx_word' id='word_1_159' title='bbox 1215 1447 1474 1507; x_wconf 88' lang='lat' dir='ltr'><strong>superent</strong></span> <span class='ocrx_word' id='word_1_160' title='bbox 1505 1439 1652 1492; x_wconf 92' lang='lat' dir='ltr'><strong>illius</strong></span> <span class='ocrx_word' id='word_1_161' title='bbox 1684 1436 1909 1508; x_wconf 86' lang='lat' dir='ltr'><strong>dignitat</strong></span> 
     </span>
    </p>
   </div>
   <div class='ocr_carea' id='block_1_23' title="bbox 2124 1436 3613 1514">
    <p class='ocr_par' dir='ltr' id='par_1_23' title="bbox 2124 1436 3613 1514">
     <span class='ocr_line' id='line_1_23' title="bbox 2124 1436 3613 1514; baseline 0.005 -26"><span class='ocrx_word' id='word_1_162' title='bbox 2124 1436 2305 1489; x_wconf 75' lang='grc' dir='ltr'>τούτων</span> <span class='ocrx_word' id='word_1_163' title='bbox 2331 1437 2543 1501; x_wconf 80' lang='grc' dir='ltr'>οὐδενὸς</span> <span class='ocrx_word' id='word_1_164' title='bbox 2580 1438 2658 1509; x_wconf 83' lang='grc' dir='ltr'>τῷ</span> <span class='ocrx_word' id='word_1_165' title='bbox 2705 1438 2980 1508; x_wconf 72' lang='grc' dir='ltr'>Πνεῦματι</span> <span class='ocrx_word' id='word_1_166' title='bbox 3025 1437 3103 1508; x_wconf 84' lang='grc' dir='ltr'><strong>τῷ</strong></span> <span class='ocrx_word' id='word_1_167' title='bbox 3153 1439 3288 1510; x_wconf 83' lang='grc' dir='ltr'>ἁγίῳ</span> <span class='ocrx_word' id='word_1_168' title='bbox 3314 1439 3383 1500; x_wconf 85' lang='grc' dir='ltr'>ὡς</span> <span class='ocrx_word' id='word_1_169' title='bbox 3409 1443 3613 1514; x_wconf 70' lang='grc' dir='ltr'>ὑπερδεί-</span> 
     </span>
    </p>
   </div>
   <div class='ocr_carea' id='block_1_24' title="bbox 421 1528 1910 1606">
    <p class='ocr_par' dir='ltr' id='par_1_24' title="bbox 421 1528 1910 1599">
     <span class='ocr_line' id='line_1_24' title="bbox 421 1528 1910 1599; baseline -0.002 -17"><span class='ocrx_word' id='word_1_170' title='bbox 421 1531 803 1584; x_wconf 76' lang='lat' dir='ltr'><strong>eonceditnus?</strong></span> <span class='ocrx_word' id='word_1_171' title='bbox 828 1529 891 1582; x_wconf 89' lang='lat' dir='ltr'><strong>Et</strong></span> <span class='ocrx_word' id='word_1_172' title='bbox 924 1529 1019 1582; x_wconf 87' lang='lat' dir='ltr'><strong>tibi</strong></span> <span class='ocrx_word' id='word_1_173' title='bbox 1047 1529 1263 1599; x_wconf 86' lang='lat' dir='ltr'><strong>quidem</strong></span> <span class='ocrx_word' id='word_1_174' title='bbox 1293 1543 1393 1598; x_wconf 87' lang='lat' dir='ltr'><strong>pro</strong></span> <span class='ocrx_word' id='word_1_175' title='bbox 1415 1529 1606 1583; x_wconf 89' lang='lat' dir='ltr'><strong>merito</strong></span> <span class='ocrx_word' id='word_1_176' title='bbox 1636 1528 1762 1583; x_wconf 92' lang='lat' dir='ltr'><strong>licet</strong></span> <span class='ocrx_word' id='word_1_177' title='bbox 1789 1544 1910 1584; x_wconf 76' lang='lat' dir='ltr'><strong>sem:</strong></span> 
     </span>
    </p>
   </div>
   <div class='ocr_carea' id='block_1_25' title="bbox 2126 1528 3615 1606">
    <p class='ocr_par' dir='ltr' id='par_1_25' title="bbox 2126 1529 3615 1606">
     <span class='ocr_line' id='line_1_25' title="bbox 2126 1529 3615 1606; baseline 0.004 -24"><span class='ocrx_word' id='word_1_178' title='bbox 2126 1543 2281 1590; x_wconf 75' lang='grc' dir='ltr'>οντος</span> <span class='ocrx_word' id='word_1_179' title='bbox 2306 1529 2472 1582; x_wconf 84' lang='grc' dir='ltr'>αὐτοῦ</span> <span class='ocrx_word' id='word_1_180' title='bbox 2494 1529 2592 1601; x_wconf 80' lang='grc' dir='ltr'>τὴν</span> <span class='ocrx_word' id='word_1_181' title='bbox 2622 1529 2780 1594; x_wconf 88' lang='grc' dir='ltr'>ἀξίαν</span> <span class='ocrx_word' id='word_1_182' title='bbox 2808 1530 3246 1602; x_wconf 87' lang='grc' dir='ltr'>παραχωροῦμεν</span> <span class='ocrx_word' id='word_1_183' title='bbox 3271 1547 3284 1596; x_wconf 90' lang='grc'><strong>;</strong></span> <span class='ocrx_word' id='word_1_184' title='bbox 3324 1532 3422 1585; x_wconf 75' lang='grc' dir='ltr'><strong>Καὶ</strong></span> <span class='ocrx_word' id='word_1_185' title='bbox 3456 1536 3524 1586; x_wconf 77' lang='grc' dir='ltr'><strong>σοὶ</strong></span> <span class='ocrx_word' id='word_1_186' title='bbox 3547 1538 3615 1606; x_wconf 76' lang='grc' dir='ltr'>μὲν</span> 
     </span>
    </p>
   </div>
   <div class='ocr_carea' id='block_1_26' title="bbox 421 1618 1910 1698">
    <p class='ocr_par' dir='ltr' id='par_1_26' title="bbox 421 1620 1910 1689">
     <span class='ocr_line' id='line_1_26' title="bbox 421 1620 1910 1689; baseline -0.001 -15"><span class='ocrx_word' id='word_1_187' title='bbox 421 1636 544 1674; x_wconf 90' lang='lat' dir='ltr'><strong>esse</strong></span> <span class='ocrx_word' id='word_1_188' title='bbox 572 1637 693 1676; x_wconf 90' lang='lat' dir='ltr'><strong>cum</strong></span> <span class='ocrx_word' id='word_1_189' title='bbox 731 1620 961 1674; x_wconf 85' lang='lat' dir='ltr'><strong>Domino</strong></span> <span class='ocrx_word' id='word_1_190' title='bbox 997 1639 1008 1673; x_wconf 94' lang='lat'>:</span> <span class='ocrx_word' id='word_1_191' title='bbox 1046 1628 1099 1674; x_wconf 91' lang='lat' dir='ltr'><strong>et</strong></span> <span class='ocrx_word' id='word_1_192' title='bbox 1131 1628 1444 1689; x_wconf 79' lang='lat' dir='ltr'><strong>exspectas,</strong></span> <span class='ocrx_word' id='word_1_193' title='bbox 1484 1626 1542 1672; x_wconf 92' lang='lat' dir='ltr'><strong>ut</strong></span> <span class='ocrx_word' id='word_1_194' title='bbox 1577 1627 1768 1688; x_wconf 88' lang='lat' dir='ltr'><strong>raptus</strong></span> <span class='ocrx_word' id='word_1_195' title='bbox 1815 1620 1868 1672; x_wconf 91' lang='lat' dir='ltr'><strong>in</strong></span> <span class='ocrx_word' id='word_1_196' title='bbox 1899 1635 1910 1671; x_wconf 97' lang='lat' dir='ltr'><strong>l</strong></span> 
     </span>
    </p>
   </div>
   <div class='ocr_carea' id='block_1_27' title="bbox 2124 1618 3613 1698">
    <p class='ocr_par' dir='ltr' id='par_1_27' title="bbox 2124 1618 3613 1698">
     <span class='ocr_line' id='line_1_27' title="bbox 2124 1618 3613 1698; baseline 0.003 -24"><span class='ocrx_word' id='word_1_197' title='bbox 2124 1621 2242 1674; x_wconf 88' lang='grc' dir='ltr'><strong>ιατά</strong></span> <span class='ocrx_word' id='word_1_198' title='bbox 2270 1621 2371 1694; x_wconf 87' lang='grc' dir='ltr'>τὴν</span> <span class='ocrx_word' id='word_1_199' title='bbox 2401 1620 2558 1686; x_wconf 81' lang='grc' dir='ltr'>ἀξίαν</span> <span class='ocrx_word' id='word_1_200' title='bbox 2603 1623 2720 1675; x_wconf 76' lang='grc' dir='ltr'>ἐστὶ</span> <span class='ocrx_word' id='word_1_201' title='bbox 2762 1623 2990 1677; x_wconf 85' lang='grc' dir='ltr'>πάντοτε</span> <span class='ocrx_word' id='word_1_202' title='bbox 3029 1618 3167 1676; x_wconf 82' lang='grc' dir='ltr'>εἶναι</span> <span class='ocrx_word' id='word_1_203' title='bbox 3203 1623 3297 1676; x_wconf 82' lang='grc' dir='ltr'><strong>σὺν</strong></span> <span class='ocrx_word' id='word_1_204' title='bbox 3342 1623 3413 1693; x_wconf 77' lang='grc' dir='ltr'>τῷ</span> <span class='ocrx_word' id='word_1_205' title='bbox 3457 1625 3613 1698; x_wconf 80' lang='grc' dir='ltr'>Κυρίῳ,</span> 
     </span>
    </p>
   </div>
   <div class='ocr_carea' id='block_1_28' title="bbox 421 1712 1910 1789">
    <p class='ocr_par' dir='ltr' id='par_1_28' title="bbox 421 1714 1910 1784">
     <span class='ocr_line' id='line_1_28' title="bbox 421 1714 1910 1784; baseline -0.001 -15"><span class='ocrx_word' id='word_1_206' title='bbox 421 1715 582 1769; x_wconf 86' lang='lat' dir='ltr'><strong>bibus</strong></span> <span class='ocrx_word' id='word_1_207' title='bbox 609 1715 662 1768; x_wconf 93' lang='lat' dir='ltr'><strong>in</strong></span> <span class='ocrx_word' id='word_1_208' title='bbox 695 1730 987 1769; x_wconf 82' lang='lat' dir='ltr'><strong>occursum</strong></span> <span class='ocrx_word' id='word_1_209' title='bbox 1030 1717 1083 1769; x_wconf 93' lang='lat' dir='ltr'><strong>in</strong></span> <span class='ocrx_word' id='word_1_210' title='bbox 1115 1729 1330 1778; x_wconf 87' lang='lat' dir='ltr'><strong>aerem,</strong></span> <span class='ocrx_word' id='word_1_211' title='bbox 1367 1731 1584 1784; x_wconf 85' lang='lat' dir='ltr'><strong>semper</strong></span> <span class='ocrx_word' id='word_1_212' title='bbox 1614 1715 1692 1770; x_wconf 88' lang='lat' dir='ltr'><strong>sis</strong></span> <span class='ocrx_word' id='word_1_213' title='bbox 1732 1729 1855 1770; x_wconf 90' lang='lat' dir='ltr'><strong>cum</strong></span> <span class='ocrx_word' id='word_1_214' title='bbox 1891 1714 1910 1768; x_wconf 88' lang='grc' dir='ltr'>Ι</span> 
     </span>
    </p>
   </div>
   <div class='ocr_carea' id='block_1_29' title="bbox 2128 1712 3617 1789">
    <p class='ocr_par' dir='ltr' id='par_1_29' title="bbox 2128 1712 3617 1789">
     <span class='ocr_line' id='line_1_29' title="bbox 2128 1712 3617 1789; baseline 0.005 -24"><span class='ocrx_word' id='word_1_215' title='bbox 2128 1713 2195 1765; x_wconf 69' lang='lat' dir='ltr'><strong>tati</strong></span> <span class='ocrx_word' id='word_1_216' title='bbox 2229 1712 2860 1789; x_wconf 50' lang='lat' dir='ltr'><strong>npoaooxég,_dpttayetg</strong></span> <span class='ocrx_word' id='word_1_217' title='bbox 2898 1716 2955 1768; x_wconf 85' lang='grc' dir='ltr'><strong>ἐν</strong></span> <span class='ocrx_word' id='word_1_218' title='bbox 2983 1714 3232 1783; x_wconf 79' lang='grc' dir='ltr'>νεφέλαις</span> <span class='ocrx_word' id='word_1_219' title='bbox 3259 1715 3336 1778; x_wconf 76' lang='grc' dir='ltr'>εἰς</span> <span class='ocrx_word' id='word_1_220' title='bbox 3377 1717 3617 1789; x_wconf 78' lang='grc' dir='ltr'>ἀπάντησιν</span> 
     </span>
    </p>
   </div>
   <div class='ocr_carea' id='block_1_30' title="bbox 422 1787 1911 1877">
    <p class='ocr_par' dir='ltr' id='par_1_30' title="bbox 422 1805 1908 1874">
     <span class='ocr_line' id='line_1_30' title="bbox 422 1805 1908 1874; baseline 0.002 -15"><span class='ocrx_word' id='word_1_221' title='bbox 422 1808 568 1860; x_wconf 84' lang='lat' dir='ltr'><strong>mino</strong></span> <span class='ocrx_word' id='word_1_222' title='bbox 598 1807 612 1836; x_wconf 76' lang='grc'>³</span> <span class='ocrx_word' id='word_1_223' title='bbox 676 1825 689 1859; x_wconf 89' lang='lat'><strong>:</strong></span> <span class='ocrx_word' id='word_1_224' title='bbox 734 1805 997 1874; x_wconf 80' lang='lat' dir='ltr'><strong>Spiritum</strong></span> <span class='ocrx_word' id='word_1_225' title='bbox 1047 1814 1230 1862; x_wconf 83' lang='lat' dir='ltr'><strong>autem</strong></span> <span class='ocrx_word' id='word_1_226' title='bbox 1273 1820 1421 1860; x_wconf 89' lang='lat' dir='ltr'><strong>nunc</strong></span> <span class='ocrx_word' id='word_1_227' title='bbox 1451 1821 1576 1862; x_wconf 89' lang='lat' dir='ltr'><strong>esse</strong></span> <span class='ocrx_word' id='word_1_228' title='bbox 1608 1821 1732 1860; x_wconf 87' lang='lat' dir='ltr'><strong>cum</strong></span> <span class='ocrx_word' id='word_1_229' title='bbox 1779 1808 1908 1862; x_wconf 79' lang='lat' dir='ltr'><strong>Chri</strong></span> 
     </span>
    </p>
   </div>
   <div class='ocr_carea' id='block_1_31' title="bbox 2128 1787 3617 1877">
    <p class='ocr_par' dir='ltr' id='par_1_31' title="bbox 2128 1787 3617 1877">
     <span class='ocr_line' id='line_1_31' title="bbox 2128 1787 3617 1877; baseline 0.003 -19"><span class='ocrx_word' id='word_1_230' title='bbox 2128 1805 2183 1868; x_wconf 75' lang='grc' dir='ltr'><strong>ιίς</strong></span> <span class='ocrx_word' id='word_1_231' title='bbox 2202 1805 2358 1876; x_wconf 87' lang='grc' dir='ltr'>ἀέρα,</span> <span class='ocrx_word' id='word_1_232' title='bbox 2382 1787 2612 1859; x_wconf 77' lang='grc' dir='ltr'>πάντοτε</span> <span class='ocrx_word' id='word_1_233' title='bbox 2638 1804 2953 1859; x_wconf 85' lang='grc' dir='ltr'>συνέσεσθαι</span> <span class='ocrx_word' id='word_1_234' title='bbox 2981 1805 3059 1876; x_wconf 83' lang='grc' dir='ltr'>τῷ</span> <span class='ocrx_word' id='word_1_235' title='bbox 3084 1807 3304 1877; x_wconf 75' lang='grc' dir='ltr'>Κυρίῳο</span> <span class='ocrx_word' id='word_1_236' title='bbox 3332 1808 3388 1860; x_wconf 86' lang='grc' dir='ltr'>τὸ</span> <span class='ocrx_word' id='word_1_237' title='bbox 3419 1809 3467 1862; x_wconf 81' lang='grc' dir='ltr'>δὲ</span> <span class='ocrx_word' id='word_1_238' title='bbox 3496 1787 3617 1863; x_wconf 50' lang='lat' dir='ltr'><strong>nias-</strong></span> 
     </span>
    </p>
   </div>
   <div class='ocr_carea' id='block_1_32' title="bbox 420 1856 1909 1971">
    <p class='ocr_par' dir='ltr' id='par_1_32' title="bbox 420 1896 1892 1970">
     <span class='ocr_line' id='line_1_32' title="bbox 420 1896 1892 1970; baseline 0.003 -20"><span class='ocrx_word' id='word_1_239' title='bbox 420 1898 620 1966; x_wconf 84' lang='lat' dir='ltr'><strong>negas?</strong></span> <span class='ocrx_word' id='word_1_240' title='bbox 658 1896 758 1962; x_wconf 92' lang='lat' dir='ltr'><strong>Qui</strong></span> <span class='ocrx_word' id='word_1_241' title='bbox 800 1900 1010 1953; x_wconf 77' lang='lat' dir='ltr'><strong>scilicet</strong></span> <span class='ocrx_word' id='word_1_242' title='bbox 1044 1915 1190 1965; x_wconf 91' lang='lat' dir='ltr'><strong>eum,</strong></span> <span class='ocrx_word' id='word_1_243' title='bbox 1225 1900 1318 1970; x_wconf 91' lang='lat' dir='ltr'><strong>qui</strong></span> <span class='ocrx_word' id='word_1_244' title='bbox 1349 1899 1530 1969; x_wconf 90' lang='lat' dir='ltr'><strong>ipsum</strong></span> <span class='ocrx_word' id='word_1_245' title='bbox 1575 1914 1698 1952; x_wconf 91' lang='lat' dir='ltr'><strong>cum</strong></span> <span class='ocrx_word' id='word_1_246' title='bbox 1733 1898 1892 1955; x_wconf 87' lang='lat' dir='ltr'><strong>Patre</strong></span> 
     </span>
    </p>
   </div>
   <div class='ocr_carea' id='block_1_33' title="bbox 2128 1856 3617 1971">
    <p class='ocr_par' dir='ltr' id='par_1_33' title="bbox 2128 1856 3617 1971">
     <span class='ocr_line' id='line_1_33' title="bbox 2143 1856 3595 1877; baseline 0.002 -8"><span class='ocrx_word' id='word_1_247' title='bbox 2143 1856 2358 1876; x_wconf 56' lang='grc' dir='ltr'><strong>της-η</strong></span> <span class='ocrx_word' id='word_1_248' title='bbox 2411 1856 2442 1858; x_wconf 67' lang='grc' dir='ltr'>η</span> <span class='ocrx_word' id='word_1_249' title='bbox 2475 1856 2480 1858; x_wconf 13' lang='grc' dir='ltr'>ἡ</span> <span class='ocrx_word' id='word_1_250' title='bbox 2995 1856 3041 1876; x_wconf 71' lang='grc'><strong>-.</strong></span> <span class='ocrx_word' id='word_1_251' title='bbox 3085 1856 3266 1877; x_wconf 53' lang='grc' dir='ltr'><strong>--τη</strong></span> <span class='ocrx_word' id='word_1_252' title='bbox 3344 1856 3384 1860; x_wconf 61' lang='grc' dir='ltr'>ν-</span> <span class='ocrx_word' id='word_1_253' title='bbox 3425 1856 3467 1862; x_wconf 68' lang='grc' dir='ltr'><strong><em>η</em></strong></span> <span class='ocrx_word' id='word_1_254' title='bbox 3497 1856 3595 1863; x_wconf 61' lang='lat' dir='ltr'><strong>-m-</strong></span> 
     </span>
     <span class='ocr_line' id='line_1_34' title="bbox 2128 1893 3617 1971; baseline 0.005 -23"><span class='ocrx_word' id='word_1_255' title='bbox 2128 1913 2179 1948; x_wconf 87' lang='grc' dir='ltr'><strong>ια</strong></span> <span class='ocrx_word' id='word_1_256' title='bbox 2207 1895 2301 1948; x_wconf 92' lang='grc' dir='ltr'><strong>νῦν</strong></span> <span class='ocrx_word' id='word_1_257' title='bbox 2335 1895 2636 1964; x_wconf 81' lang='grc' dir='ltr'>ἀντιλέγεις</span> <span class='ocrx_word' id='word_1_258' title='bbox 2831 1893 2968 1950; x_wconf 81' lang='grc' dir='ltr'>εἶναι</span> <span class='ocrx_word' id='word_1_259' title='bbox 3020 1898 3115 1950; x_wconf 81' lang='grc' dir='ltr'><strong>σὺν</strong></span> <span class='ocrx_word' id='word_1_260' title='bbox 3146 1896 3228 1968; x_wconf 83' lang='grc' dir='ltr'><strong>τῷ</strong></span> <span class='ocrx_word' id='word_1_261' title='bbox 3261 1899 3492 1970; x_wconf 83' lang='grc' dir='ltr'>Χριστῷ;</span> <span class='ocrx_word' id='word_1_262' title='bbox 3516 1903 3617 1971; x_wconf 70' lang='grc' dir='ltr'>ὅςγε</span> 
     </span>
    </p>
   </div>
   <div class='ocr_carea' id='block_1_34' title="bbox 387 1985 1876 2063">
    <p class='ocr_par' dir='ltr' id='par_1_34' title="bbox 387 1985 1867 2060">
     <span class='ocr_line' id='line_1_35' title="bbox 387 1985 1867 2060; baseline 0.004 -20"><span class='ocrx_word' id='word_1_263' title='bbox 387 1986 392 1990; x_wconf 83' lang='grc'><em>’</em></span> <span class='ocrx_word' id='word_1_264' title='bbox 421 1985 559 2041; x_wconf 89' lang='lat' dir='ltr'><strong>Filio</strong></span> <span class='ocrx_word' id='word_1_265' title='bbox 591 1996 839 2043; x_wconf 87' lang='lat' dir='ltr'><strong>numerat</strong></span> <span class='ocrx_word' id='word_1_266' title='bbox 862 2006 924 2042; x_wconf 90' lang='lat' dir='ltr'><strong>ac</strong></span> <span class='ocrx_word' id='word_1_267' title='bbox 954 1991 1119 2053; x_wconf 81' lang='lat' dir='ltr'><strong>locat,</strong></span> <span class='ocrx_word' id='word_1_268' title='bbox 1157 1991 1387 2060; x_wconf 81' lang='lat' dir='ltr'><strong>expellis</strong></span> <span class='ocrx_word' id='word_1_269' title='bbox 1416 2000 1469 2045; x_wconf 91' lang='lat' dir='ltr'><strong>et</strong></span> <span class='ocrx_word' id='word_1_270' title='bbox 1498 1991 1677 2060; x_wconf 82' lang='lat' dir='ltr'><strong>ejicis,</strong></span> <span class='ocrx_word' id='word_1_271' title='bbox 1721 1992 1867 2046; x_wconf 85' lang='lat' dir='ltr'><strong>velut</strong></span> 
     </span>
    </p>
   </div>
   <div class='ocr_carea' id='block_1_35' title="bbox 2128 1985 3617 2063">
    <p class='ocr_par' dir='ltr' id='par_1_35' title="bbox 2131 1986 3617 2063">
     <span class='ocr_line' id='line_1_36' title="bbox 2131 1986 3617 2063; baseline 0.004 -23"><span class='ocrx_word' id='word_1_272' title='bbox 2131 1987 2190 2040; x_wconf 85' lang='grc' dir='ltr'>ὺν</span> <span class='ocrx_word' id='word_1_273' title='bbox 2217 1987 2654 2058; x_wconf 84' lang='grc' dir='ltr'>συναριθμοῦντα</span> <span class='ocrx_word' id='word_1_274' title='bbox 2684 1986 2816 2041; x_wconf 78' lang='grc' dir='ltr'>αὐτὸ</span> <span class='ocrx_word' id='word_1_275' title='bbox 2849 1987 2943 2042; x_wconf 76' lang='grc' dir='ltr'><strong>καὶ</strong></span> <span class='ocrx_word' id='word_1_276' title='bbox 2988 1987 3350 2042; x_wconf 82' lang='grc' dir='ltr'>συντάσσοντα</span> <span class='ocrx_word' id='word_1_277' title='bbox 3387 1991 3532 2063; x_wconf 82' lang='grc' dir='ltr'>Πατρὶ</span> <span class='ocrx_word' id='word_1_278' title='bbox 3551 1997 3617 2046; x_wconf 81' lang='grc' dir='ltr'><strong>καὶ</strong></span> 
     </span>
    </p>
   </div>
   <div class='ocr_carea' id='block_1_36' title="bbox 419 2079 1908 2152">
    <p class='ocr_par' dir='ltr' id='par_1_36' title="bbox 419 2079 1538 2149">
     <span class='ocr_line' id='line_1_37' title="bbox 419 2079 1538 2149; baseline 0.004 -16"><span class='ocrx_word' id='word_1_279' title='bbox 419 2079 752 2149; x_wconf 73' lang='lat' dir='ltr'><strong>impietatem</strong></span> <span class='ocrx_word' id='word_1_280' title='bbox 783 2097 890 2134; x_wconf 90' lang='lat' dir='ltr'><strong>non</strong></span> <span class='ocrx_word' id='word_1_281' title='bbox 925 2081 1198 2136; x_wconf 79' lang='lat' dir='ltr'><strong>ferendam</strong></span> <span class='ocrx_word' id='word_1_282' title='bbox 1235 2081 1538 2138; x_wconf 86' lang='lat' dir='ltr'><strong>admiserit.</strong></span> 
     </span>
    </p>
   </div>
   <div class='ocr_carea' id='block_1_37' title="bbox 2120 2079 3609 2152">
    <p class='ocr_par' dir='ltr' id='par_1_37' title="bbox 2120 2079 3609 2152">
     <span class='ocr_line' id='line_1_38' title="bbox 2120 2079 3609 2152; baseline 0.003 -19"><span class='ocrx_word' id='word_1_283' title='bbox 2120 2079 2213 2151; x_wconf 82' lang='grc' dir='ltr'><strong>Γίῷ</strong></span> <span class='ocrx_word' id='word_1_284' title='bbox 2261 2080 2536 2152; x_wconf 79' lang='grc' dir='ltr'>ἐξόριστον</span> <span class='ocrx_word' id='word_1_285' title='bbox 2583 2079 2814 2146; x_wconf 80' lang='grc' dir='ltr'>τίθεσαι,</span> <span class='ocrx_word' id='word_1_286' title='bbox 2859 2079 2935 2143; x_wconf 81' lang='grc' dir='ltr'>ὡς</span> <span class='ocrx_word' id='word_1_287' title='bbox 2981 2079 3233 2152; x_wconf 73' lang='grc' dir='ltr'>ἀφόρητα</span> <span class='ocrx_word' id='word_1_288' title='bbox 3286 2081 3609 2138; x_wconf 78' lang='grc' dir='ltr'>δυσσεϐοῦντα.</span> 
     </span>
    </p>
   </div>
   <div class='ocr_carea' id='block_1_38' title="bbox 604 2171 2093 2244">
    <p class='ocr_par' dir='ltr' id='par_1_38' title="bbox 604 2171 1999 2244">
     <span class='ocr_line' id='line_1_39' title="bbox 604 2171 1999 2244; baseline 0.004 -20"><span class='ocrx_word' id='word_1_289' title='bbox 604 2171 777 2226; x_wconf 85' lang='lat' dir='ltr'><strong>Pudet</strong></span> <span class='ocrx_word' id='word_1_290' title='bbox 807 2173 1013 2242; x_wconf 85' lang='lat' dir='ltr'><strong>reliqua</strong></span> <span class='ocrx_word' id='word_1_291' title='bbox 1049 2172 1369 2242; x_wconf 83' lang='lat' dir='ltr'><strong>adjungere;</strong></span> <span class='ocrx_word' id='word_1_292' title='bbox 1400 2174 1546 2243; x_wconf 86' lang='lat' dir='ltr'><strong>quod</strong></span> <span class='ocrx_word' id='word_1_293' title='bbox 1581 2181 1635 2227; x_wconf 94' lang='lat' dir='ltr'><strong>tu</strong></span> <span class='ocrx_word' id='word_1_294' title='bbox 1662 2173 1880 2244; x_wconf 89' lang='lat' dir='ltr'><strong>quidem</strong></span> <span class='ocrx_word' id='word_1_295' title='bbox 1911 2190 1999 2230; x_wconf 81' lang='lat' dir='ltr'><strong>ex-</strong></span> 
     </span>
    </p>
   </div>
   <div class='ocr_carea' id='block_1_39' title="bbox 2126 2171 3615 2244">
    <p class='ocr_par' dir='ltr' id='par_1_39' title="bbox 2295 2171 3615 2242">
     <span class='ocr_line' id='line_1_40' title="bbox 2295 2171 3615 2242; baseline 0.003 -18"><span class='ocrx_word' id='word_1_296' title='bbox 2295 2171 2627 2242; x_wconf 82' lang='grc' dir='ltr'>Αίσχύνομαι</span> <span class='ocrx_word' id='word_1_297' title='bbox 2681 2174 2977 2242; x_wconf 80' lang='grc' dir='ltr'>ἐπαγαγεῖν</span> <span class='ocrx_word' id='word_1_298' title='bbox 3011 2173 3078 2226; x_wconf 72' lang='grc' dir='ltr'>τὰ</span> <span class='ocrx_word' id='word_1_299' title='bbox 3129 2171 3435 2242; x_wconf 82' lang='grc' dir='ltr'>λειπόμενα,</span> <span class='ocrx_word' id='word_1_300' title='bbox 3473 2175 3540 2227; x_wconf 81' lang='grc' dir='ltr'>ὃτι</span> <span class='ocrx_word' id='word_1_301' title='bbox 3573 2179 3615 2228; x_wconf 69' lang='grc' dir='ltr'>σὺ</span> 
     </span>
    </p>
   </div>
   <div class='ocr_carea' id='block_1_40' title="bbox 419 2261 1908 2338">
    <p class='ocr_par' dir='ltr' id='par_1_40' title="bbox 419 2261 1907 2334">
     <span class='ocr_line' id='line_1_41' title="bbox 419 2261 1907 2334; baseline 0.003 -20"><span class='ocrx_word' id='word_1_302' title='bbox 419 2269 636 2329; x_wconf 84' lang='lat' dir='ltr'><strong>spectas</strong></span> <span class='ocrx_word' id='word_1_303' title='bbox 666 2261 801 2324; x_wconf 83' lang='lat' dir='ltr'><strong>fore,</strong></span> <span class='ocrx_word' id='word_1_304' title='bbox 834 2272 891 2315; x_wconf 92' lang='lat' dir='ltr'><strong>ut</strong></span> <span class='ocrx_word' id='word_1_305' title='bbox 917 2277 1041 2316; x_wconf 91' lang='lat' dir='ltr'><strong>cum</strong></span> <span class='ocrx_word' id='word_1_306' title='bbox 1071 2261 1293 2316; x_wconf 87' lang='lat' dir='ltr'><strong>Christo</strong></span> <span class='ocrx_word' id='word_1_307' title='bbox 1317 2261 1640 2331; x_wconf 86' lang='lat' dir='ltr'><strong>gloriﬁceris</strong></span> <span class='ocrx_word' id='word_1_308' title='bbox 1679 2281 1692 2317; x_wconf 89' lang='lat'><strong>:</strong></span> <span class='ocrx_word' id='word_1_309' title='bbox 1725 2262 1907 2334; x_wconf 89' lang='lat' dir='ltr'><strong>siquid</strong></span> 
     </span>
    </p>
   </div>
   <div class='ocr_carea' id='block_1_41' title="bbox 2128 2261 3617 2338">
    <p class='ocr_par' dir='ltr' id='par_1_41' title="bbox 2128 2261 3617 2338">
     <span class='ocr_line' id='line_1_42' title="bbox 2128 2261 3617 2338; baseline -0.001 -21"><span class='ocrx_word' id='word_1_310' title='bbox 2128 2261 2197 2317; x_wconf 68' lang='grc' dir='ltr'>ιὶν</span> <span class='ocrx_word' id='word_1_311' title='bbox 2235 2263 2760 2335; x_wconf 84' lang='grc' dir='ltr'>συνδοξασθήσεσθαι</span> <span class='ocrx_word' id='word_1_312' title='bbox 2795 2264 3016 2335; x_wconf 82' lang='grc' dir='ltr'>Χριστῷ</span> <span class='ocrx_word' id='word_1_313' title='bbox 3041 2264 3344 2334; x_wconf 75' lang='grc' dir='ltr'>προσδοκᾷς</span> <span class='ocrx_word' id='word_1_314' title='bbox 3364 2265 3519 2336; x_wconf 79' lang='grc' dir='ltr'>(εἴπερ</span> <span class='ocrx_word' id='word_1_315' title='bbox 3543 2269 3617 2338; x_wconf 77' lang='grc' dir='ltr'><strong>γὰρ</strong></span> 
     </span>
    </p>
   </div>
   <div class='ocr_carea' id='block_1_42' title="bbox 419 2352 1908 2426">
    <p class='ocr_par' dir='ltr' id='par_1_42' title="bbox 419 2352 1857 2424">
     <span class='ocr_line' id='line_1_43' title="bbox 419 2352 1857 2424; baseline 0.001 -16"><span class='ocrx_word' id='word_1_316' title='bbox 419 2352 582 2408; x_wconf 89' lang='lat' dir='ltr'><strong>simul</strong></span> <span class='ocrx_word' id='word_1_317' title='bbox 615 2353 924 2423; x_wconf 73' lang='lat' dir='ltr'><strong>afﬂigimur,</strong></span> <span class='ocrx_word' id='word_1_318' title='bbox 955 2362 1013 2406; x_wconf 93' lang='lat' dir='ltr'><strong>ut</strong></span> <span class='ocrx_word' id='word_1_319' title='bbox 1038 2353 1202 2408; x_wconf 86' lang='lat' dir='ltr'><strong>simul</strong></span> <span class='ocrx_word' id='word_1_320' title='bbox 1234 2369 1454 2424; x_wconf 88' lang='lat' dir='ltr'><strong>quoque</strong></span> <span class='ocrx_word' id='word_1_321' title='bbox 1484 2354 1857 2424; x_wconf 84' lang='lat' dir='ltr'><strong>gloriﬁcemur</strong></span> 
     </span>
    </p>
   </div>
   <div class='ocr_carea' id='block_1_43' title="bbox 2130 2352 3619 2426">
    <p class='ocr_par' dir='ltr' id='par_1_43' title="bbox 2130 2353 3619 2426">
     <span class='ocr_line' id='line_1_44' title="bbox 2130 2353 3619 2426; baseline 0.001 -18"><span class='ocrx_word' id='word_1_322' title='bbox 2130 2353 2493 2425; x_wconf 82' lang='grc' dir='ltr'>υμπάσχομεν</span> <span class='ocrx_word' id='word_1_323' title='bbox 2529 2356 2614 2408; x_wconf 80' lang='grc' dir='ltr'>ἵνα</span> <span class='ocrx_word' id='word_1_324' title='bbox 2645 2355 2738 2408; x_wconf 66' lang='grc' dir='ltr'><strong>καὶ</strong></span> <span class='ocrx_word' id='word_1_325' title='bbox 2766 2355 3256 2425; x_wconf 79' lang='grc' dir='ltr'>συνδοξασθῶμεν)⁶</span> <span class='ocrx_word' id='word_1_326' title='bbox 3288 2357 3344 2408; x_wconf 78' lang='grc' dir='ltr'><strong>τὸ</strong></span> <span class='ocrx_word' id='word_1_327' title='bbox 3372 2357 3424 2408; x_wconf 86' lang='grc' dir='ltr'><strong>δέ</strong></span> <span class='ocrx_word' id='word_1_328' title='bbox 3453 2357 3619 2426; x_wconf 78' lang='grc' dir='ltr'>Πνεῦμα</span> 
     </span>
    </p>
   </div>
   <div class='ocr_carea' id='block_1_44' title="bbox 421 2443 1910 2520">
    <p class='ocr_par' dir='ltr' id='par_1_44' title="bbox 421 2443 1910 2516">
     <span class='ocr_line' id='line_1_45' title="bbox 421 2443 1910 2516; baseline 0.003 -18"><span class='ocrx_word' id='word_1_329' title='bbox 421 2443 685 2514; x_wconf 75' lang='lat' dir='ltr'><strong>Spiritum</strong></span> <span class='ocrx_word' id='word_1_330' title='bbox 709 2455 887 2500; x_wconf 90' lang='lat' dir='ltr'><strong>autem</strong></span> <span class='ocrx_word' id='word_1_331' title='bbox 915 2445 1369 2501; x_wconf 87' lang='lat' dir='ltr'><strong>sanctiﬁcationis</strong></span> <span class='ocrx_word' id='word_1_332' title='bbox 1399 2462 1507 2500; x_wconf 92' lang='lat' dir='ltr'><strong>non</strong></span> <span class='ocrx_word' id='word_1_333' title='bbox 1539 2445 1812 2516; x_wconf 81' lang='lat' dir='ltr'><strong>gloriﬁcas</strong></span> <span class='ocrx_word' id='word_1_334' title='bbox 1832 2448 1910 2502; x_wconf 80' lang='lat' dir='ltr'><strong>sin</strong></span> 
     </span>
    </p>
   </div>
   <div class='ocr_carea' id='block_1_45' title="bbox 2128 2443 3617 2520">
    <p class='ocr_par' dir='ltr' id='par_1_45' title="bbox 2128 2445 3617 2520">
     <span class='ocr_line' id='line_1_46' title="bbox 2128 2445 3617 2520; baseline 0.004 -22"><span class='ocrx_word' id='word_1_335' title='bbox 2128 2445 2193 2516; x_wconf 80' lang='grc' dir='ltr'>ἧς</span> <span class='ocrx_word' id='word_1_336' title='bbox 2228 2446 2539 2517; x_wconf 85' lang='grc' dir='ltr'>ἁγιωσύνης</span> <span class='ocrx_word' id='word_1_337' title='bbox 2563 2447 2636 2500; x_wconf 80' lang='grc' dir='ltr'><strong>ὀὐ</strong></span> <span class='ocrx_word' id='word_1_338' title='bbox 2677 2447 3014 2516; x_wconf 72' lang='grc' dir='ltr'>συνδοξάζεις</span> <span class='ocrx_word' id='word_1_339' title='bbox 3055 2447 3303 2520; x_wconf 85' lang='grc' dir='ltr'>Χριστῷ,</span> <span class='ocrx_word' id='word_1_340' title='bbox 3336 2447 3405 2511; x_wconf 85' lang='grc' dir='ltr'>ὡς</span> <span class='ocrx_word' id='word_1_341' title='bbox 3436 2449 3536 2502; x_wconf 72' lang='grc' dir='ltr'>οὐδὲ</span> <span class='ocrx_word' id='word_1_342' title='bbox 3561 2455 3617 2504; x_wconf 62' lang='grc' dir='ltr'><strong>σοι</strong></span> 
     </span>
    </p>
   </div>
   <div class='ocr_carea' id='block_1_46' title="bbox 413 2537 1902 2612">
    <p class='ocr_par' dir='ltr' id='par_1_46' title="bbox 413 2540 1896 2612">
     <span class='ocr_line' id='line_1_47' title="bbox 413 2540 1896 2612; baseline 0.004 -20"><span class='ocrx_word' id='word_1_343' title='bbox 413 2555 537 2593; x_wconf 82' lang='lat' dir='ltr'><strong>cum</strong></span> <span class='ocrx_word' id='word_1_344' title='bbox 578 2541 818 2604; x_wconf 79' lang='lat' dir='ltr'><strong>Christo,</strong></span> <span class='ocrx_word' id='word_1_345' title='bbox 856 2542 1013 2612; x_wconf 91' lang='lat' dir='ltr'><strong>quasi</strong></span> <span class='ocrx_word' id='word_1_346' title='bbox 1045 2557 1112 2596; x_wconf 90' lang='lat' dir='ltr'><strong>ne</strong></span> <span class='ocrx_word' id='word_1_347' title='bbox 1155 2543 1272 2611; x_wconf 87' lang='lat' dir='ltr'><strong>pari</strong></span> <span class='ocrx_word' id='word_1_348' title='bbox 1309 2540 1527 2612; x_wconf 87' lang='lat' dir='ltr'><strong>quidem</strong></span> <span class='ocrx_word' id='word_1_349' title='bbox 1577 2549 1755 2598; x_wconf 87' lang='lat' dir='ltr'><strong>tecum</strong></span> <span class='ocrx_word' id='word_1_350' title='bbox 1791 2543 1896 2598; x_wconf 92' lang='lat' dir='ltr'><strong>bon</strong></span> 
     </span>
    </p>
   </div>
   <div class='ocr_carea' id='block_1_47' title="bbox 2125 2537 3614 2612">
    <p class='ocr_par' dir='ltr' id='par_1_47' title="bbox 2127 2537 3614 2609">
     <span class='ocr_line' id='line_1_48' title="bbox 2127 2537 3614 2609; baseline 0.001 -19"><span class='ocrx_word' id='word_1_351' title='bbox 2127 2537 2201 2590; x_wconf 88' lang='grc' dir='ltr'>ὦν</span> <span class='ocrx_word' id='word_1_352' title='bbox 2231 2538 2360 2591; x_wconf 77' lang='grc' dir='ltr'>ἴσων</span> <span class='ocrx_word' id='word_1_353' title='bbox 2388 2539 2676 2608; x_wconf 76' lang='grc' dir='ltr'>τυγχάνειν</span> <span class='ocrx_word' id='word_1_354' title='bbox 2702 2539 2872 2605; x_wconf 77' lang='grc' dir='ltr'>ἀξιον.</span> <span class='ocrx_word' id='word_1_355' title='bbox 3060 2541 3169 2592; x_wconf 74' lang='grc' dir='ltr'>Καὶ</span> <span class='ocrx_word' id='word_1_356' title='bbox 3200 2540 3268 2590; x_wconf 83' lang='grc' dir='ltr'><strong>σὺ</strong></span> <span class='ocrx_word' id='word_1_357' title='bbox 3307 2538 3400 2609; x_wconf 82' lang='grc' dir='ltr'>μὲν</span> <span class='ocrx_word' id='word_1_358' title='bbox 3430 2539 3614 2604; x_wconf 75' lang='grc' dir='ltr'>ἐλπίζεις</span> 
     </span>
    </p>
   </div>
   <div class='ocr_carea' id='block_1_48' title="bbox 411 2629 1900 2709">
    <p class='ocr_par' dir='ltr' id='par_1_48' title="bbox 411 2631 1900 2709">
     <span class='ocr_line' id='line_1_49' title="bbox 411 2631 1900 2709; baseline 0.006 -25"><span class='ocrx_word' id='word_1_359' title='bbox 411 2631 656 2701; x_wconf 80' lang='lat' dir='ltr'><strong>dignum.</strong></span> <span class='ocrx_word' id='word_1_360' title='bbox 691 2633 754 2686; x_wconf 78' lang='lat' dir='ltr'><strong>Et</strong></span> <span class='ocrx_word' id='word_1_361' title='bbox 789 2646 842 2688; x_wconf 91' lang='lat' dir='ltr'><strong>tu</strong></span> <span class='ocrx_word' id='word_1_362' title='bbox 872 2635 1093 2703; x_wconf 86' lang='lat' dir='ltr'><strong>quidem</strong></span> <span class='ocrx_word' id='word_1_363' title='bbox 1131 2649 1321 2704; x_wconf 87' lang='lat' dir='ltr'><strong>speras</strong></span> <span class='ocrx_word' id='word_1_364' title='bbox 1357 2644 1409 2691; x_wconf 90' lang='lat' dir='ltr'><strong>te</strong></span> <span class='ocrx_word' id='word_1_365' title='bbox 1457 2651 1582 2690; x_wconf 92' lang='lat' dir='ltr'><strong>cum</strong></span> <span class='ocrx_word' id='word_1_366' title='bbox 1629 2646 1695 2691; x_wconf 87' lang='lat' dir='ltr'><strong>eo</strong></span> <span class='ocrx_word' id='word_1_367' title='bbox 1739 2653 1900 2709; x_wconf 83' lang='lat' dir='ltr'><strong>regna</strong></span> 
     </span>
    </p>
   </div>
   <div class='ocr_carea' id='block_1_49' title="bbox 2125 2629 3614 2709">
    <p class='ocr_par' dir='ltr' id='par_1_49' title="bbox 2125 2629 3614 2702">
     <span class='ocr_line' id='line_1_50' title="bbox 2125 2629 3614 2702; baseline 0.001 -20"><span class='ocrx_word' id='word_1_368' title='bbox 2125 2629 2517 2700; x_wconf 84' lang='grc' dir='ltr'>ὐμ6ασιλεύειν</span> <span class='ocrx_word' id='word_1_369' title='bbox 2537 2647 2549 2660; x_wconf 89' lang='grc'>·</span> <span class='ocrx_word' id='word_1_370' title='bbox 2575 2631 2636 2683; x_wconf 82' lang='grc' dir='ltr'><strong>τὸ</strong></span> <span class='ocrx_word' id='word_1_371' title='bbox 2651 2631 2704 2683; x_wconf 82' lang='grc' dir='ltr'>δὲ</span> <span class='ocrx_word' id='word_1_372' title='bbox 2736 2630 2958 2702; x_wconf 83' lang='grc' dir='ltr'>Πνεῦμα</span> <span class='ocrx_word' id='word_1_373' title='bbox 2983 2630 3083 2700; x_wconf 82' lang='grc' dir='ltr'>τῆς</span> <span class='ocrx_word' id='word_1_374' title='bbox 3103 2630 3327 2700; x_wconf 78' lang='grc' dir='ltr'>χάριτος</span> <span class='ocrx_word' id='word_1_375' title='bbox 3351 2630 3614 2702; x_wconf 72' lang='grc' dir='ltr'>ἐνυϐρίζεις,</span> 
     </span>
    </p>
   </div>
   <div class='ocr_carea' id='block_1_50' title="bbox 412 2720 1901 2796">
    <p class='ocr_par' dir='ltr' id='par_1_50' title="bbox 412 2724 1901 2796">
     <span class='ocr_line' id='line_1_51' title="bbox 412 2724 1901 2796; baseline 0.006 -19"><span class='ocrx_word' id='word_1_376' title='bbox 412 2739 555 2786; x_wconf 72' lang='lat' dir='ltr'><strong>rum,</strong></span> <span class='ocrx_word' id='word_1_377' title='bbox 597 2724 861 2794; x_wconf 84' lang='lat' dir='ltr'><strong>Spiritum</strong></span> <span class='ocrx_word' id='word_1_378' title='bbox 895 2741 1022 2781; x_wconf 86' lang='lat' dir='ltr'><strong>vero</strong></span> <span class='ocrx_word' id='word_1_379' title='bbox 1048 2728 1240 2796; x_wconf 76' lang='lat' dir='ltr'><strong>gratia:</strong></span> <span class='ocrx_word' id='word_1_380' title='bbox 1264 2729 1438 2784; x_wconf 86' lang='lat' dir='ltr'><strong>alﬁeis</strong></span> <span class='ocrx_word' id='word_1_381' title='bbox 1461 2730 1816 2796; x_wconf 89' lang='lat' dir='ltr'><strong>contumelia,</strong></span> <span class='ocrx_word' id='word_1_382' title='bbox 1851 2747 1901 2786; x_wconf 82' lang='lat' dir='ltr'><strong>se</strong></span> 
     </span>
    </p>
   </div>
   <div class='ocr_carea' id='block_1_51' title="bbox 2127 2720 3616 2796">
    <p class='ocr_par' dir='ltr' id='par_1_51' title="bbox 2127 2720 3616 2794">
     <span class='ocr_line' id='line_1_52' title="bbox 2127 2720 3616 2794; baseline 0.001 -21"><span class='ocrx_word' id='word_1_383' title='bbox 2127 2720 2190 2792; x_wconf 83' lang='grc' dir='ltr'>ὴν</span> <span class='ocrx_word' id='word_1_384' title='bbox 2213 2720 2398 2775; x_wconf 81' lang='grc' dir='ltr'>δούλου</span> <span class='ocrx_word' id='word_1_385' title='bbox 2422 2722 2571 2794; x_wconf 80' lang='grc' dir='ltr'>αὐτῷ</span> <span class='ocrx_word' id='word_1_386' title='bbox 2599 2723 2688 2776; x_wconf 69' lang='grc' dir='ltr'>καὶ</span> <span class='ocrx_word' id='word_1_387' title='bbox 2721 2723 2995 2794; x_wconf 80' lang='grc' dir='ltr'>ὑπηρέτου</span> <span class='ocrx_word' id='word_1_388' title='bbox 3024 2722 3174 2789; x_wconf 80' lang='grc' dir='ltr'>τάξιν</span> <span class='ocrx_word' id='word_1_389' title='bbox 3197 2722 3519 2793; x_wconf 79' lang='grc' dir='ltr'>ἀποκληρῶν.</span> <span class='ocrx_word' id='word_1_390' title='bbox 3540 2725 3616 2775; x_wconf 69' lang='grc' dir='ltr'><strong>Καὶ</strong></span> 
     </span>
    </p>
   </div>
   <div class='ocr_carea' id='block_1_52' title="bbox 414 2799 1903 2892">
    <p class='ocr_par' dir='ltr' id='par_1_52' title="bbox 414 2799 1903 2892">
     <span class='ocr_line' id='line_1_53' title="bbox 414 2799 1903 2892; baseline 0.005 -24"><span class='ocrx_word' id='word_1_391' title='bbox 414 2814 711 2885; x_wconf 84' lang='lat' dir='ltr'><strong>famulique</strong></span> <span class='ocrx_word' id='word_1_392' title='bbox 758 2818 938 2871; x_wconf 89' lang='lat' dir='ltr'><strong>locum</strong></span> <span class='ocrx_word' id='word_1_393' title='bbox 987 2819 1065 2873; x_wconf 87' lang='lat' dir='ltr'><strong>illi</strong></span> <span class='ocrx_word' id='word_1_394' title='bbox 1108 2799 1416 2891; x_wconf 73' lang='lat' dir='ltr'><strong>assignans.</strong></span> <span class='ocrx_word' id='word_1_395' title='bbox 1461 2823 1638 2892; x_wconf 83' lang='lat' dir='ltr'><strong>Atque</strong></span> <span class='ocrx_word' id='word_1_396' title='bbox 1685 2822 1800 2878; x_wconf 61' lang='lat' dir='ltr'><strong>hac</strong></span> <span class='ocrx_word' id='word_1_397' title='bbox 1835 2824 1903 2879; x_wconf 76' lang='lat' dir='ltr'><strong>dit</strong></span> 
     </span>
    </p>
   </div>
   <div class='ocr_carea' id='block_1_53' title="bbox 2127 2799 3616 2892">
    <p class='ocr_par' dir='ltr' id='par_1_53' title="bbox 2127 2812 3616 2887">
     <span class='ocr_line' id='line_1_54' title="bbox 2127 2812 3616 2887; baseline 0.001 -20"><span class='ocrx_word' id='word_1_398' title='bbox 2127 2812 2263 2867; x_wconf 85' lang='grc' dir='ltr'>αῦτα</span> <span class='ocrx_word' id='word_1_399' title='bbox 2318 2813 2484 2883; x_wconf 86' lang='grc' dir='ltr'>λέγω,</span> <span class='ocrx_word' id='word_1_400' title='bbox 2536 2816 2636 2886; x_wconf 78' lang='grc' dir='ltr'><strong>οὐχ</strong></span> <span class='ocrx_word' id='word_1_401' title='bbox 2691 2816 2777 2870; x_wconf 81' lang='grc' dir='ltr'>ἵνα</span> <span class='ocrx_word' id='word_1_402' title='bbox 2829 2814 3080 2868; x_wconf 89' lang='grc' dir='ltr'>τοσοῦτον</span> <span class='ocrx_word' id='word_1_403' title='bbox 3128 2816 3290 2881; x_wconf 78' lang='grc' dir='ltr'>δείξω</span> <span class='ocrx_word' id='word_1_404' title='bbox 3333 2815 3616 2887; x_wconf 79' lang='grc' dir='ltr'>ὀφειλόμενον</span> 
     </span>
    </p>
   </div>
   <div class='ocr_carea' id='block_1_54' title="bbox 411 2903 1900 2978">
    <p class='ocr_par' dir='ltr' id='par_1_54' title="bbox 411 2906 1871 2970">
     <span class='ocr_line' id='line_1_55' title="bbox 411 2906 1871 2970; baseline 0.008 -12"><span class='ocrx_word' id='word_1_405' title='bbox 411 2921 521 2959; x_wconf 92' lang='lat' dir='ltr'><strong>non</strong></span> <span class='ocrx_word' id='word_1_406' title='bbox 558 2914 616 2959; x_wconf 80' lang='lat' dir='ltr'><strong>ut</strong></span> <span class='ocrx_word' id='word_1_407' title='bbox 649 2906 916 2962; x_wconf 85' lang='lat' dir='ltr'><strong>duntaxat</strong></span> <span class='ocrx_word' id='word_1_408' title='bbox 945 2911 1233 2965; x_wconf 87' lang='lat' dir='ltr'><strong>ostendam</strong></span> <span class='ocrx_word' id='word_1_409' title='bbox 1267 2913 1602 2968; x_wconf 85' lang='lat' dir='ltr'><strong>tantumdem</strong></span> <span class='ocrx_word' id='word_1_410' title='bbox 1645 2915 1871 2970; x_wconf 87' lang='lat' dir='ltr'><strong>honoris</strong></span> 
     </span>
    </p>
   </div>
   <div class='ocr_carea' id='block_1_55' title="bbox 2128 2903 3617 2978">
    <p class='ocr_par' dir='ltr' id='par_1_55' title="bbox 2128 2903 3617 2978">
     <span class='ocr_line' id='line_1_56' title="bbox 2128 2903 3617 2978; baseline 0.002 -21"><span class='ocrx_word' id='word_1_411' title='bbox 2128 2903 2232 2958; x_wconf 84' lang='grc' dir='ltr'>ίναι</span> <span class='ocrx_word' id='word_1_412' title='bbox 2265 2908 2343 2970; x_wconf 82' lang='grc' dir='ltr'><strong>είς</strong></span> <span class='ocrx_word' id='word_1_413' title='bbox 2367 2907 2675 2975; x_wconf 85' lang='grc' dir='ltr'>δοξολογίαν</span> <span class='ocrx_word' id='word_1_414' title='bbox 2703 2906 2780 2978; x_wconf 79' lang='grc' dir='ltr'><strong>τῷ</strong></span> <span class='ocrx_word' id='word_1_415' title='bbox 2802 2906 3078 2978; x_wconf 80' lang='grc' dir='ltr'>Πνεῦματι</span> <span class='ocrx_word' id='word_1_416' title='bbox 3103 2925 3116 2938; x_wconf 86' lang='grc'><strong>·</strong></span> <span class='ocrx_word' id='word_1_417' title='bbox 3139 2907 3260 2960; x_wconf 77' lang='grc' dir='ltr'>ἀλλ’</span> <span class='ocrx_word' id='word_1_418' title='bbox 3285 2907 3368 2960; x_wconf 87' lang='grc' dir='ltr'><strong>ἴνα</strong></span> <span class='ocrx_word' id='word_1_419' title='bbox 3384 2907 3470 2978; x_wconf 76' lang='grc' dir='ltr'>τὴν</span> <span class='ocrx_word' id='word_1_420' title='bbox 3488 2910 3617 2976; x_wconf 84' lang='grc' dir='ltr'>ἀγνω-</span> 
     </span>
    </p>
   </div>
   <div class='ocr_carea' id='block_1_56' title="bbox 412 2996 1901 3072">
    <p class='ocr_par' dir='ltr' id='par_1_56' title="bbox 412 2996 1901 3070">
     <span class='ocr_line' id='line_1_57' title="bbox 412 2996 1901 3070; baseline 0.009 -21"><span class='ocrx_word' id='word_1_421' title='bbox 412 2996 527 3051; x_wconf 88' lang='lat' dir='ltr'><strong>beri</strong></span> <span class='ocrx_word' id='word_1_422' title='bbox 555 2996 779 3066; x_wconf 81' lang='lat' dir='ltr'><strong>Spiritui</strong></span> <span class='ocrx_word' id='word_1_423' title='bbox 813 2999 866 3054; x_wconf 91' lang='lat' dir='ltr'><strong>in</strong></span> <span class='ocrx_word' id='word_1_424' title='bbox 885 3001 1302 3070; x_wconf 81' lang='lat' dir='ltr'><strong>glorillcatione,</strong></span> <span class='ocrx_word' id='word_1_425' title='bbox 1337 3004 1431 3060; x_wconf 89' lang='lat' dir='ltr'><strong>sed</strong></span> <span class='ocrx_word' id='word_1_426' title='bbox 1452 3013 1510 3059; x_wconf 94' lang='lat' dir='ltr'><strong>ut</strong></span> <span class='ocrx_word' id='word_1_427' title='bbox 1543 3007 1760 3062; x_wconf 88' lang='lat' dir='ltr'><strong>illorum</strong></span> <span class='ocrx_word' id='word_1_428' title='bbox 1773 3009 1901 3063; x_wconf 59' lang='lat' dir='ltr'><strong>demi</strong></span> 
     </span>
    </p>
   </div>
   <div class='ocr_carea' id='block_1_57' title="bbox 2128 2996 3617 3072">
    <p class='ocr_par' dir='ltr' id='par_1_57' title="bbox 2128 2998 3617 3072">
     <span class='ocr_line' id='line_1_58' title="bbox 2128 2998 3617 3072; baseline 0 -21"><span class='ocrx_word' id='word_1_429' title='bbox 2128 2999 2333 3071; x_wconf 82' lang='grc' dir='ltr'>,οσύνην</span> <span class='ocrx_word' id='word_1_430' title='bbox 2367 2998 2570 3068; x_wconf 79' lang='grc' dir='ltr'>ἐλέγξω</span> <span class='ocrx_word' id='word_1_431' title='bbox 2609 2999 2717 3052; x_wconf 85' lang='grc' dir='ltr'>τῶν</span> <span class='ocrx_word' id='word_1_432' title='bbox 2766 2999 2899 3072; x_wconf 81' lang='grc' dir='ltr'>μηδέ</span> <span class='ocrx_word' id='word_1_433' title='bbox 2930 2999 3184 3053; x_wconf 86' lang='grc' dir='ltr'>τοσοῦτον</span> <span class='ocrx_word' id='word_1_434' title='bbox 3240 2999 3492 3062; x_wconf 73' lang='grc' dir='ltr'>διδόντων,</span> <span class='ocrx_word' id='word_1_435' title='bbox 3535 2999 3617 3052; x_wconf 82' lang='grc' dir='ltr'>ἀλλ’</span> 
     </span>
    </p>
   </div>
   <div class='ocr_carea' id='block_1_58' title="bbox 411 3089 1900 3168">
    <p class='ocr_par' dir='ltr' id='par_1_58' title="bbox 411 3089 1900 3167">
     <span class='ocr_line' id='line_1_59' title="bbox 411 3089 1900 3167; baseline 0.011 -27"><span class='ocrx_word' id='word_1_436' title='bbox 411 3089 540 3141; x_wconf 88' lang='lat' dir='ltr'><strong>tiam</strong></span> <span class='ocrx_word' id='word_1_437' title='bbox 577 3089 924 3161; x_wconf 81' lang='lat' dir='ltr'><strong>redarguam,</strong></span> <span class='ocrx_word' id='word_1_438' title='bbox 955 3094 1048 3163; x_wconf 90' lang='lat' dir='ltr'><strong>qui</strong></span> <span class='ocrx_word' id='word_1_439' title='bbox 1080 3110 1149 3150; x_wconf 91' lang='lat' dir='ltr'><strong>ne</strong></span> <span class='ocrx_word' id='word_1_440' title='bbox 1176 3095 1280 3150; x_wconf 90' lang='lat' dir='ltr'><strong>hoc</strong></span> <span class='ocrx_word' id='word_1_441' title='bbox 1304 3097 1524 3167; x_wconf 89' lang='lat' dir='ltr'><strong>quidem</strong></span> <span class='ocrx_word' id='word_1_442' title='bbox 1552 3099 1631 3153; x_wconf 87' lang='lat' dir='ltr'><strong>illi</strong></span> <span class='ocrx_word' id='word_1_443' title='bbox 1657 3100 1900 3156; x_wconf 89' lang='lat' dir='ltr'><strong>concedu</strong></span> 
     </span>
    </p>
   </div>
   <div class='ocr_carea' id='block_1_59' title="bbox 2131 3089 3620 3168">
    <p class='ocr_par' dir='ltr' id='par_1_59' title="bbox 2131 3089 3620 3162">
     <span class='ocr_line' id='line_1_60' title="bbox 2131 3089 3620 3162; baseline -0.003 -17"><span class='ocrx_word' id='word_1_444' title='bbox 2131 3108 2165 3152; x_wconf 72' lang='grc' dir='ltr'><strong>ις</strong></span> <span class='ocrx_word' id='word_1_445' title='bbox 2215 3090 2468 3145; x_wconf 82' lang='grc' dir='ltr'>ἀσέϐειαν</span> <span class='ocrx_word' id='word_1_446' title='bbox 2520 3091 2830 3160; x_wconf 84' lang='grc' dir='ltr'>φευγόντων</span> <span class='ocrx_word' id='word_1_447' title='bbox 2873 3091 2972 3162; x_wconf 82' lang='grc' dir='ltr'>τὴν</span> <span class='ocrx_word' id='word_1_448' title='bbox 3026 3090 3119 3144; x_wconf 89' lang='grc' dir='ltr'><strong>τοῦ</strong></span> <span class='ocrx_word' id='word_1_449' title='bbox 3171 3090 3480 3160; x_wconf 79' lang='grc' dir='ltr'>Πνεῦματος</span> <span class='ocrx_word' id='word_1_450' title='bbox 3520 3089 3620 3161; x_wconf 70' lang='grc' dir='ltr'>πρὸς</span> 
     </span>
    </p>
   </div>
   <div class='ocr_carea' id='block_1_60' title="bbox 411 3180 1900 3258">
    <p class='ocr_par' dir='ltr' id='par_1_60' title="bbox 411 3180 1900 3258">
     <span class='ocr_line' id='line_1_61' title="bbox 411 3180 1900 3258; baseline 0.009 -24"><span class='ocrx_word' id='word_1_451' title='bbox 411 3180 508 3235; x_wconf 76' lang='lat' dir='ltr'><strong>sed</strong></span> <span class='ocrx_word' id='word_1_452' title='bbox 540 3183 682 3237; x_wconf 77' lang='lat' dir='ltr'><strong>velut</strong></span> <span class='ocrx_word' id='word_1_453' title='bbox 711 3183 1044 3253; x_wconf 88' lang='lat' dir='ltr'><strong>impietatem</strong></span> <span class='ocrx_word' id='word_1_454' title='bbox 1085 3186 1343 3254; x_wconf 90' lang='lat' dir='ltr'><strong>horrent,</strong></span> <span class='ocrx_word' id='word_1_455' title='bbox 1395 3187 1632 3258; x_wconf 86' lang='lat' dir='ltr'><strong>Spiritus</strong></span> <span class='ocrx_word' id='word_1_456' title='bbox 1673 3207 1798 3247; x_wconf 92' lang='lat' dir='ltr'><strong>cum</strong></span> <span class='ocrx_word' id='word_1_457' title='bbox 1828 3191 1900 3247; x_wconf 86' lang='lat' dir='ltr'><strong>Pa</strong></span> 
     </span>
    </p>
   </div>
   <div class='ocr_carea' id='block_1_61' title="bbox 2130 3180 3619 3258">
    <p class='ocr_par' dir='ltr' id='par_1_61' title="bbox 2130 3180 3619 3252">
     <span class='ocr_line' id='line_1_62' title="bbox 2130 3180 3619 3252; baseline 0 -20"><span class='ocrx_word' id='word_1_458' title='bbox 2130 3181 2219 3232; x_wconf 79' lang='grc' dir='ltr'>’ἱὸν</span> <span class='ocrx_word' id='word_1_459' title='bbox 2251 3181 2344 3234; x_wconf 82' lang='grc' dir='ltr'>καὶ</span> <span class='ocrx_word' id='word_1_460' title='bbox 2381 3181 2602 3252; x_wconf 88' lang='grc' dir='ltr'>Πατέρα</span> <span class='ocrx_word' id='word_1_461' title='bbox 2644 3181 2927 3234; x_wconf 84' lang='grc' dir='ltr'>κοινωνίαν</span> <span class='ocrx_word' id='word_1_462' title='bbox 2974 3181 3074 3250; x_wconf 79' lang='grc' dir='ltr'>τῆς</span> <span class='ocrx_word' id='word_1_463' title='bbox 3116 3181 3300 3250; x_wconf 79' lang='grc' dir='ltr'>δόξης.</span> <span class='ocrx_word' id='word_1_464' title='bbox 3339 3182 3428 3244; x_wconf 86' lang='grc' dir='ltr'>Τίς</span> <span class='ocrx_word' id='word_1_465' title='bbox 3449 3180 3619 3234; x_wconf 81' lang='grc' dir='ltr'>δύναται</span> 
     </span>
    </p>
   </div>
   <div class='ocr_carea' id='block_1_62' title="bbox 399 3270 1888 3366">
    <p class='ocr_par' dir='ltr' id='par_1_62' title="bbox 399 3270 1888 3366">
     <span class='ocr_line' id='line_1_63' title="bbox 399 3270 1888 3366; baseline 0.011 -41"><span class='ocrx_word' id='word_1_466' title='bbox 399 3280 467 3366; x_wconf 62' lang='grc' dir='ltr'><strong>ι(ξι</strong></span> <span class='ocrx_word' id='word_1_467' title='bbox 501 3270 638 3326; x_wconf 87' lang='lat' dir='ltr'><strong>Filio</strong></span> <span class='ocrx_word' id='word_1_468' title='bbox 661 3275 715 3328; x_wconf 89' lang='lat' dir='ltr'><strong>in</strong></span> <span class='ocrx_word' id='word_1_469' title='bbox 747 3274 922 3344; x_wconf 84' lang='lat' dir='ltr'><strong>gloria</strong></span> <span class='ocrx_word' id='word_1_470' title='bbox 951 3280 1315 3336; x_wconf 87' lang='lat' dir='ltr'><strong>consortium.</strong></span> <span class='ocrx_word' id='word_1_471' title='bbox 1341 3280 1475 3346; x_wconf 84' lang='lat' dir='ltr'><strong>Quis</strong></span> <span class='ocrx_word' id='word_1_472' title='bbox 1513 3291 1692 3353; x_wconf 88' lang='lat' dir='ltr'><strong>potest</strong></span> <span class='ocrx_word' id='word_1_473' title='bbox 1725 3286 1838 3341; x_wconf 67' lang='lat' dir='ltr'><strong>haec</strong></span> <span class='ocrx_word' id='word_1_474' title='bbox 1865 3303 1888 3340; x_wconf 87' lang='lat' dir='ltr'><strong>a</strong></span> 
     </span>
    </p>
   </div>
   <div class='ocr_carea' id='block_1_63' title="bbox 2130 3270 3619 3366">
    <p class='ocr_par' dir='ltr' id='par_1_63' title="bbox 2130 3271 3619 3344">
     <span class='ocr_line' id='line_1_64' title="bbox 2130 3271 3619 3344; baseline -0.001 -19"><span class='ocrx_word' id='word_1_475' title='bbox 2130 3271 2262 3326; x_wconf 82' lang='grc' dir='ltr'>αῦτα</span> <span class='ocrx_word' id='word_1_476' title='bbox 2295 3273 2588 3326; x_wconf 74' lang='grc' dir='ltr'>ἀστενακτὶ</span> <span class='ocrx_word' id='word_1_477' title='bbox 2614 3272 2904 3342; x_wconf 80' lang='grc' dir='ltr'>παρελθεῖν</span> <span class='ocrx_word' id='word_1_478' title='bbox 2929 3289 2942 3336; x_wconf 91' lang='grc'><strong>;</strong></span> <span class='ocrx_word' id='word_1_479' title='bbox 2971 3273 3040 3324; x_wconf 87' lang='grc' dir='ltr'><strong>Ἦ</strong></span> <span class='ocrx_word' id='word_1_480' title='bbox 3082 3272 3189 3344; x_wconf 81' lang='grc' dir='ltr'>γὰρ</span> <span class='ocrx_word' id='word_1_481' title='bbox 3219 3273 3341 3342; x_wconf 72' lang='grc' dir='ltr'>οὐχὶ</span> <span class='ocrx_word' id='word_1_482' title='bbox 3393 3272 3619 3343; x_wconf 78' lang='grc' dir='ltr'>προδήλως</span> 
     </span>
    </p>
   </div>
   <div class='ocr_carea' id='block_1_64' title="bbox 391 3359 1880 3443">
    <p class='ocr_par' dir='ltr' id='par_1_64' title="bbox 391 3359 1862 3432">
     <span class='ocr_line' id='line_1_65' title="bbox 391 3359 1862 3432; baseline 0.01 -17"><span class='ocrx_word' id='word_1_483' title='bbox 391 3359 518 3432; x_wconf 48' lang='lat' dir='ltr'><strong>Tque</strong></span> <span class='ocrx_word' id='word_1_484' title='bbox 547 3365 748 3432; x_wconf 62' lang='lat' dir='ltr'><strong>gannitu</strong></span> <span class='ocrx_word' id='word_1_485' title='bbox 787 3371 1252 3424; x_wconf 87' lang='lat' dir='ltr'><strong>commemorare?</strong></span> <span class='ocrx_word' id='word_1_486' title='bbox 1276 3370 1472 3425; x_wconf 85' lang='lat' dir='ltr'><strong>Annon</strong></span> <span class='ocrx_word' id='word_1_487' title='bbox 1513 3373 1862 3430; x_wconf 90' lang='lat' dir='ltr'><strong>manifestum</strong></span> 
     </span>
    </p>
   </div>
   <div class='ocr_carea' id='block_1_65' title="bbox 2130 3359 3619 3443">
    <p class='ocr_par' dir='ltr' id='par_1_65' title="bbox 2130 3359 3619 3432">
     <span class='ocr_line' id='line_1_66' title="bbox 2130 3359 3619 3432; baseline 0.001 -21"><span class='ocrx_word' id='word_1_488' title='bbox 2130 3377 2232 3414; x_wconf 74' lang='grc' dir='ltr'>ιστε</span> <span class='ocrx_word' id='word_1_489' title='bbox 2421 3362 2526 3415; x_wconf 77' lang='grc' dir='ltr'><strong>κᾶν</strong></span> <span class='ocrx_word' id='word_1_490' title='bbox 2566 3362 2718 3416; x_wconf 70' lang='grc' dir='ltr'>παιδὶ</span> <span class='ocrx_word' id='word_1_491' title='bbox 2749 3361 3001 3431; x_wconf 83' lang='grc' dir='ltr'>γενέσθαι</span> <span class='ocrx_word' id='word_1_492' title='bbox 3043 3359 3342 3432; x_wconf 84' lang='grc' dir='ltr'>γνώριμον,</span> <span class='ocrx_word' id='word_1_493' title='bbox 3385 3361 3472 3431; x_wconf 79' lang='grc' dir='ltr'><strong>τὴν</strong></span> <span class='ocrx_word' id='word_1_494' title='bbox 3501 3362 3619 3413; x_wconf 82' lang='grc' dir='ltr'>ἀπει-</span> 
     </span>
    </p>
   </div>
   <div class='ocr_carea' id='block_1_66' title="bbox 393 3451 1882 3535">
    <p class='ocr_par' dir='ltr' id='par_1_66' title="bbox 393 3453 1882 3535">
     <span class='ocr_line' id='line_1_67' title="bbox 393 3453 1882 3535; baseline 0.008 -27"><span class='ocrx_word' id='word_1_495' title='bbox 393 3453 488 3508; x_wconf 88' lang='lat' dir='ltr'><strong>.ita</strong></span> <span class='ocrx_word' id='word_1_496' title='bbox 524 3465 582 3508; x_wconf 94' lang='lat' dir='ltr'><strong>ut</strong></span> <span class='ocrx_word' id='word_1_497' title='bbox 613 3456 693 3510; x_wconf 89' lang='lat' dir='ltr'><strong>vel</strong></span> <span class='ocrx_word' id='word_1_498' title='bbox 729 3472 865 3526; x_wconf 87' lang='lat' dir='ltr'><strong>puer</strong></span> <span class='ocrx_word' id='word_1_499' title='bbox 896 3459 1186 3530; x_wconf 80' lang='lat' dir='ltr'><strong>intelligat,</strong></span> <span class='ocrx_word' id='word_1_500' title='bbox 1217 3478 1280 3516; x_wconf 90' lang='lat' dir='ltr'><strong>ea</strong></span> <span class='ocrx_word' id='word_1_501' title='bbox 1315 3478 1436 3532; x_wconf 67' lang='lat' dir='ltr'><strong>qua:</strong></span> <span class='ocrx_word' id='word_1_502' title='bbox 1460 3479 1610 3518; x_wconf 87' lang='lat' dir='ltr'><strong>nunc</strong></span> <span class='ocrx_word' id='word_1_503' title='bbox 1641 3465 1776 3520; x_wconf 90' lang='lat' dir='ltr'><strong>ﬁunt</strong></span> <span class='ocrx_word' id='word_1_504' title='bbox 1807 3483 1882 3535; x_wconf 81' lang='lat' dir='ltr'><strong>plt</strong></span> 
     </span>
    </p>
   </div>
   <div class='ocr_carea' id='block_1_67' title="bbox 2133 3451 3622 3535">
    <p class='ocr_par' dir='ltr' id='par_1_67' title="bbox 2133 3451 3622 3525">
     <span class='ocr_line' id='line_1_68' title="bbox 2133 3451 3622 3525; baseline -0.002 -19"><span class='ocrx_word' id='word_1_505' title='bbox 2133 3455 2344 3525; x_wconf 72' lang='grc' dir='ltr'>τιθεῖσαν</span> <span class='ocrx_word' id='word_1_506' title='bbox 2361 3454 2458 3525; x_wconf 86' lang='grc' dir='ltr'>τῆς</span> <span class='ocrx_word' id='word_1_507' title='bbox 2476 3454 2710 3517; x_wconf 85' lang='grc' dir='ltr'>πίστεως</span> <span class='ocrx_word' id='word_1_508' title='bbox 2731 3451 2968 3520; x_wconf 75' lang='grc' dir='ltr'>ἔκλειψιν</span> <span class='ocrx_word' id='word_1_509' title='bbox 2987 3452 3427 3523; x_wconf 77' lang='grc' dir='ltr'>προοιμιάζονται</span> <span class='ocrx_word' id='word_1_510' title='bbox 3444 3451 3501 3505; x_wconf 78' lang='grc' dir='ltr'>τὰ</span> <span class='ocrx_word' id='word_1_511' title='bbox 3520 3468 3622 3520; x_wconf 80' lang='grc' dir='ltr'>παρ-</span> 
     </span>
    </p>
   </div>
   <div class='ocr_carea' id='block_1_68' title="bbox 414 3542 1903 3624">
    <p class='ocr_par' dir='ltr' id='par_1_68' title="bbox 414 3546 1903 3624">
     <span class='ocr_line' id='line_1_69' title="bbox 414 3546 1903 3624; baseline 0.012 -28"><span class='ocrx_word' id='word_1_512' title='bbox 414 3546 520 3597; x_wconf 88' lang='lat' dir='ltr'><strong>mia</strong></span> <span class='ocrx_word' id='word_1_513' title='bbox 547 3561 668 3601; x_wconf 89' lang='lat' dir='ltr'><strong>esse</strong></span> <span class='ocrx_word' id='word_1_514' title='bbox 704 3547 1033 3608; x_wconf 80' lang='lat' dir='ltr'><strong>defectionis</strong></span> <span class='ocrx_word' id='word_1_515' title='bbox 1066 3553 1224 3618; x_wconf 88' lang='lat' dir='ltr'><strong>ﬁdei,</strong></span> <span class='ocrx_word' id='word_1_516' title='bbox 1257 3569 1424 3624; x_wconf 87' lang='lat' dir='ltr'><strong>quam</strong></span> <span class='ocrx_word' id='word_1_517' title='bbox 1465 3557 1708 3613; x_wconf 89' lang='lat' dir='ltr'><strong>minatus</strong></span> <span class='ocrx_word' id='word_1_518' title='bbox 1752 3568 1836 3614; x_wconf 89' lang='lat' dir='ltr'><strong>est</strong></span> <span class='ocrx_word' id='word_1_519' title='bbox 1881 3561 1903 3614; x_wconf 93' lang='grc'>[</span> 
     </span>
    </p>
   </div>
   <div class='ocr_carea' id='block_1_69' title="bbox 2132 3542 3621 3624">
    <p class='ocr_par' dir='ltr' id='par_1_69' title="bbox 2132 3542 3621 3616">
     <span class='ocr_line' id='line_1_70' title="bbox 2132 3542 3621 3616; baseline -0.003 -18"><span class='ocrx_word' id='word_1_520' title='bbox 2132 3563 2246 3612; x_wconf 71' lang='grc' dir='ltr'>ντα;</span> <span class='ocrx_word' id='word_1_521' title='bbox 2289 3545 2585 3616; x_wconf 74' lang='grc' dir='ltr'>Ἀμφίὸολα</span> <span class='ocrx_word' id='word_1_522' title='bbox 2609 3545 2799 3613; x_wconf 89' lang='grc' dir='ltr'>γέγονε</span> <span class='ocrx_word' id='word_1_523' title='bbox 2835 3543 2901 3597; x_wconf 86' lang='grc' dir='ltr'>τὰ</span> <span class='ocrx_word' id='word_1_524' title='bbox 2932 3543 3325 3615; x_wconf 74' lang='grc' dir='ltr'>ἀναντίρρητα.</span> <span class='ocrx_word' id='word_1_525' title='bbox 3348 3542 3621 3612; x_wconf 70' lang='grc' dir='ltr'>Πιστεὺομεν</span> 
     </span>
    </p>
   </div>
   <div class='ocr_carea' id='block_1_70' title="bbox 411 3635 1900 3711">
    <p class='ocr_par' dir='ltr' id='par_1_70' title="bbox 411 3637 1897 3711">
     <span class='ocr_line' id='line_1_71' title="bbox 411 3637 1897 3711; baseline 0.011 -24"><span class='ocrx_word' id='word_1_526' title='bbox 411 3637 632 3691; x_wconf 73' lang='lat' dir='ltr'><strong>utilius?</strong></span> <span class='ocrx_word' id='word_1_527' title='bbox 681 3639 889 3704; x_wconf 80' lang='lat' dir='ltr'><strong>Quibus</strong></span> <span class='ocrx_word' id='word_1_528' title='bbox 919 3643 1221 3698; x_wconf 89' lang='lat' dir='ltr'><strong>contradici</strong></span> <span class='ocrx_word' id='word_1_529' title='bbox 1267 3643 1350 3700; x_wconf 88' lang='lat' dir='ltr'><strong>fas</strong></span> <span class='ocrx_word' id='word_1_530' title='bbox 1389 3660 1495 3700; x_wconf 91' lang='lat' dir='ltr'><strong>non</strong></span> <span class='ocrx_word' id='word_1_531' title='bbox 1541 3654 1696 3711; x_wconf 87' lang='lat' dir='ltr'><strong>erat,</strong></span> <span class='ocrx_word' id='word_1_532' title='bbox 1745 3662 1810 3703; x_wconf 88' lang='lat' dir='ltr'><strong>ea</strong></span> <span class='ocrx_word' id='word_1_533' title='bbox 1844 3648 1897 3703; x_wconf 90' lang='lat' dir='ltr'><strong>fa</strong></span> 
     </span>
    </p>
   </div>
   <div class='ocr_carea' id='block_1_71' title="bbox 2133 3635 3622 3711">
    <p class='ocr_par' dir='ltr' id='par_1_71' title="bbox 2133 3635 3622 3708">
     <span class='ocr_line' id='line_1_72' title="bbox 2133 3635 3622 3708; baseline -0.003 -18"><span class='ocrx_word' id='word_1_534' title='bbox 2133 3639 2172 3701; x_wconf 75' lang='grc' dir='ltr'>ἰς</span> <span class='ocrx_word' id='word_1_535' title='bbox 2203 3639 2263 3691; x_wconf 84' lang='grc' dir='ltr'><strong>τὸ</strong></span> <span class='ocrx_word' id='word_1_536' title='bbox 2285 3636 2510 3708; x_wconf 79' lang='grc' dir='ltr'>Πνεῦμα</span> <span class='ocrx_word' id='word_1_537' title='bbox 2528 3653 2542 3667; x_wconf 86' lang='grc'><strong>·</strong></span> <span class='ocrx_word' id='word_1_538' title='bbox 2571 3638 2665 3690; x_wconf 79' lang='grc' dir='ltr'>καὶ</span> <span class='ocrx_word' id='word_1_539' title='bbox 2684 3640 2798 3700; x_wconf 89' lang='grc' dir='ltr'>ταῖς</span> <span class='ocrx_word' id='word_1_540' title='bbox 2817 3635 3112 3707; x_wconf 79' lang='grc' dir='ltr'>ἡμετέραις</span> <span class='ocrx_word' id='word_1_541' title='bbox 3139 3635 3323 3689; x_wconf 82' lang='grc' dir='ltr'>αὐτῶν</span> <span class='ocrx_word' id='word_1_542' title='bbox 3367 3635 3622 3705; x_wconf 80' lang='grc' dir='ltr'>ὁμολογίαις</span> 
     </span>
    </p>
   </div>
   <div class='ocr_carea' id='block_1_72' title="bbox 388 3724 1877 3804">
    <p class='ocr_par' dir='ltr' id='par_1_72' title="bbox 388 3729 1877 3804">
     <span class='ocr_line' id='line_1_73' title="bbox 388 3729 1877 3804; baseline 0.012 -29"><span class='ocrx_word' id='word_1_543' title='bbox 388 3737 543 3780; x_wconf 90' lang='lat' dir='ltr'><strong>.sunt</strong></span> <span class='ocrx_word' id='word_1_544' title='bbox 584 3729 859 3799; x_wconf 85' lang='lat' dir='ltr'><strong>ambigua.</strong></span> <span class='ocrx_word' id='word_1_545' title='bbox 905 3732 1192 3788; x_wconf 85' lang='lat' dir='ltr'><strong>Credimus</strong></span> <span class='ocrx_word' id='word_1_546' title='bbox 1244 3733 1299 3787; x_wconf 91' lang='lat' dir='ltr'><strong>in</strong></span> <span class='ocrx_word' id='word_1_547' title='bbox 1345 3734 1647 3804; x_wconf 89' lang='lat' dir='ltr'><strong>Spiritum,</strong></span> <span class='ocrx_word' id='word_1_548' title='bbox 1690 3745 1746 3791; x_wconf 92' lang='lat' dir='ltr'><strong>et</strong></span> <span class='ocrx_word' id='word_1_549' title='bbox 1785 3753 1877 3793; x_wconf 77' lang='lat' dir='ltr'><strong>nos</strong></span> 
     </span>
    </p>
   </div>
   <div class='ocr_carea' id='block_1_73' title="bbox 2130 3724 3619 3804">
    <p class='ocr_par' dir='ltr' id='par_1_73' title="bbox 2130 3724 3619 3800">
     <span class='ocr_line' id='line_1_74' title="bbox 2130 3724 3619 3800; baseline -0.005 -17"><span class='ocrx_word' id='word_1_550' title='bbox 2130 3727 2528 3800; x_wconf 85' lang='grc' dir='ltr'>υγομαχοῦμεν.</span> <span class='ocrx_word' id='word_1_551' title='bbox 2573 3727 2988 3798; x_wconf 73' lang='grc' dir='ltr'>Βαπτιζόμεθαο</span> <span class='ocrx_word' id='word_1_552' title='bbox 3043 3726 3137 3779; x_wconf 68' lang='lat' dir='ltr'><strong>acati.</strong></span> <span class='ocrx_word' id='word_1_553' title='bbox 3167 3727 3335 3780; x_wconf 84' lang='grc' dir='ltr'>πάλιν</span> <span class='ocrx_word' id='word_1_554' title='bbox 3369 3724 3619 3798; x_wconf 79' lang='grc' dir='ltr'>μαχόμεθα.</span> 
     </span>
    </p>
   </div>
   <div class='ocr_carea' id='block_1_74' title="bbox 414 3815 1903 3896">
    <p class='ocr_par' dir='ltr' id='par_1_74' title="bbox 414 3821 1903 3896">
     <span class='ocr_line' id='line_1_75' title="bbox 414 3821 1903 3896; baseline 0.009 -28"><span class='ocrx_word' id='word_1_555' title='bbox 414 3821 654 3884; x_wconf 78' lang='lat' dir='ltr'><strong>ipsorum</strong></span> <span class='ocrx_word' id='word_1_556' title='bbox 702 3821 1139 3888; x_wconf 76' lang='lat' dir='ltr'><strong>professionibus</strong></span> <span class='ocrx_word' id='word_1_557' title='bbox 1180 3840 1573 3894; x_wconf 78' lang='lat' dir='ltr'><strong>repugnamus.</strong></span> <span class='ocrx_word' id='word_1_558' title='bbox 1614 3825 1903 3896; x_wconf 68' lang='lat' dir='ltr'><strong>Baptizaml</strong></span> 
     </span>
    </p>
   </div>
   <div class='ocr_carea' id='block_1_75' title="bbox 2134 3815 3623 3896">
    <p class='ocr_par' dir='ltr' id='par_1_75' title="bbox 2134 3815 3623 3893">
     <span class='ocr_line' id='line_1_76' title="bbox 2134 3815 3623 3893; baseline -0.004 -19"><span class='ocrx_word' id='word_1_559' title='bbox 2134 3823 2190 3886; x_wconf 58' lang='grc' dir='ltr'>ἃς</span> <span class='ocrx_word' id='word_1_560' title='bbox 2235 3820 2478 3893; x_wconf 78' lang='grc' dir='ltr'>ἀρχηγὸν</span> <span class='ocrx_word' id='word_1_561' title='bbox 2510 3820 2610 3890; x_wconf 86' lang='grc' dir='ltr'>τῆς</span> <span class='ocrx_word' id='word_1_562' title='bbox 2649 3819 2794 3889; x_wconf 84' lang='grc' dir='ltr'>ζωῆς</span> <span class='ocrx_word' id='word_1_563' title='bbox 2820 3817 3224 3888; x_wconf 74' lang='grc' dir='ltr'>ἐπικαλούμεθα</span> <span class='ocrx_word' id='word_1_564' title='bbox 3245 3833 3260 3848; x_wconf 79' lang='grc'><em>’</em></span> <span class='ocrx_word' id='word_1_565' title='bbox 3298 3817 3390 3870; x_wconf 79' lang='grc' dir='ltr'><strong>καὶ</strong></span> <span class='ocrx_word' id='word_1_566' title='bbox 3418 3815 3486 3879; x_wconf 85' lang='grc' dir='ltr'>ὡς</span> <span class='ocrx_word' id='word_1_567' title='bbox 3528 3818 3623 3885; x_wconf 69' lang='grc' dir='ltr'>ὁμου</span> 
     </span>
    </p>
   </div>
   <div class='ocr_carea' id='block_1_76' title="bbox 407 3906 1896 3982">
    <p class='ocr_par' dir='ltr' id='par_1_76' title="bbox 407 3912 1892 3981">
     <span class='ocr_line' id='line_1_77' title="bbox 407 3912 1892 3981; baseline 0.007 -22"><span class='ocrx_word' id='word_1_568' title='bbox 407 3917 464 3960; x_wconf 89' lang='lat' dir='ltr'><strong>ct</strong></span> <span class='ocrx_word' id='word_1_569' title='bbox 494 3923 714 3963; x_wconf 77' lang='lat' dir='ltr'><strong>rursum</strong></span> <span class='ocrx_word' id='word_1_570' title='bbox 746 3927 1074 3981; x_wconf 87' lang='lat' dir='ltr'><strong>pugnamus.</strong></span> <span class='ocrx_word' id='word_1_571' title='bbox 1109 3912 1177 3967; x_wconf 87' lang='lat' dir='ltr'><strong>Ut</strong></span> <span class='ocrx_word' id='word_1_572' title='bbox 1202 3915 1325 3968; x_wconf 66' lang='lat' dir='ltr'><strong>vitae</strong></span> <span class='ocrx_word' id='word_1_573' title='bbox 1343 3923 1620 3970; x_wconf 90' lang='lat' dir='ltr'><strong>auctorem</strong></span> <span class='ocrx_word' id='word_1_574' title='bbox 1644 3917 1892 3972; x_wconf 85' lang='lat' dir='ltr'><strong>invocam</strong></span> 
     </span>
    </p>
   </div>
   <div class='ocr_carea' id='block_1_77' title="bbox 2132 3906 3621 3982">
    <p class='ocr_par' dir='ltr' id='par_1_77' title="bbox 2132 3906 3621 3982">
     <span class='ocr_line' id='line_1_78' title="bbox 2132 3906 3621 3982; baseline -0.005 -18"><span class='ocrx_word' id='word_1_575' title='bbox 2132 3912 2276 3965; x_wconf 64' lang='grc' dir='ltr'>νύλου</span> <span class='ocrx_word' id='word_1_576' title='bbox 2310 3910 2778 3982; x_wconf 83' lang='grc' dir='ltr'>καταφρονοῦμεν.</span> <span class='ocrx_word' id='word_1_577' title='bbox 2810 3909 2965 3964; x_wconf 90' lang='grc' dir='ltr'>Μετά</span> <span class='ocrx_word' id='word_1_578' title='bbox 3008 3908 3224 3979; x_wconf 80' lang='grc' dir='ltr'>Πατρὸς</span> <span class='ocrx_word' id='word_1_579' title='bbox 3255 3909 3349 3962; x_wconf 75' lang='grc' dir='ltr'><strong>καὶ</strong></span> <span class='ocrx_word' id='word_1_580' title='bbox 3379 3906 3491 3960; x_wconf 79' lang='grc' dir='ltr'>Υἱοῦ</span> <span class='ocrx_word' id='word_1_581' title='bbox 3518 3923 3621 3976; x_wconf 85' lang='grc' dir='ltr'>παρ-</span> 
     </span>
    </p>
   </div>
   <div class='ocr_carea' id='block_1_78' title="bbox 410 3996 1899 4073">
    <p class='ocr_par' dir='ltr' id='par_1_78' title="bbox 410 4005 1899 4073">
     <span class='ocr_line' id='line_1_79' title="bbox 410 4005 1899 4073; baseline 0.009 -23"><span class='ocrx_word' id='word_1_582' title='bbox 410 4007 465 4051; x_wconf 90' lang='lat' dir='ltr'><strong>et</strong></span> <span class='ocrx_word' id='word_1_583' title='bbox 514 4010 569 4054; x_wconf 92' lang='lat' dir='ltr'><strong>ut</strong></span> <span class='ocrx_word' id='word_1_584' title='bbox 602 4017 929 4056; x_wconf 89' lang='lat' dir='ltr'><strong>conservum</strong></span> <span class='ocrx_word' id='word_1_585' title='bbox 971 4005 1326 4073; x_wconf 82' lang='lat' dir='ltr'><strong>despicimus.</strong></span> <span class='ocrx_word' id='word_1_586' title='bbox 1374 4007 1511 4060; x_wconf 85' lang='lat' dir='ltr'><strong>Cum</strong></span> <span class='ocrx_word' id='word_1_587' title='bbox 1563 4006 1725 4063; x_wconf 86' lang='lat' dir='ltr'><strong>Patre</strong></span> <span class='ocrx_word' id='word_1_588' title='bbox 1759 4019 1813 4064; x_wconf 89' lang='lat' dir='ltr'><strong>et</strong></span> <span class='ocrx_word' id='word_1_589' title='bbox 1851 4009 1899 4064; x_wconf 72' lang='grc' dir='ltr'><strong>Ρ]</strong></span> 
     </span>
    </p>
   </div>
   <div class='ocr_carea' id='block_1_79' title="bbox 2134 3996 3623 4073">
    <p class='ocr_par' dir='ltr' id='par_1_79' title="bbox 2134 3996 3623 4070">
     <span class='ocr_line' id='line_1_80' title="bbox 2134 3996 3623 4070; baseline -0.005 -18"><span class='ocrx_word' id='word_1_590' title='bbox 2134 4001 2372 4070; x_wconf 61' lang='grc' dir='ltr'>ιάὸομεν·</span> <span class='ocrx_word' id='word_1_591' title='bbox 2413 4000 2504 4052; x_wconf 76' lang='grc' dir='ltr'>καὶ</span> <span class='ocrx_word' id='word_1_592' title='bbox 2533 4000 2609 4066; x_wconf 84' lang='grc' dir='ltr'>ὡς</span> <span class='ocrx_word' id='word_1_593' title='bbox 2641 4000 2804 4070; x_wconf 88' lang='grc' dir='ltr'>μέρος</span> <span class='ocrx_word' id='word_1_594' title='bbox 2834 3999 2932 4069; x_wconf 83' lang='grc' dir='ltr'><strong>τῆς</strong></span> <span class='ocrx_word' id='word_1_595' title='bbox 2960 3998 3189 4061; x_wconf 87' lang='grc' dir='ltr'>κτίσεως</span> <span class='ocrx_word' id='word_1_596' title='bbox 3230 3997 3560 4068; x_wconf 74' lang='grc' dir='ltr'>ἀτιμάζομεν.</span> <span class='ocrx_word' id='word_1_597' title='bbox 3581 3996 3623 4048; x_wconf 76' lang='lat' dir='ltr'><strong>Oi</strong></span> 
     </span>
    </p>
   </div>
   <div class='ocr_carea' id='block_1_80' title="bbox 413 4085 1902 4170">
    <p class='ocr_par' dir='ltr' id='par_1_80' title="bbox 413 4089 1902 4170">
     <span class='ocr_line' id='line_1_81' title="bbox 413 4089 1902 4170; baseline 0.008 -27"><span class='ocrx_word' id='word_1_598' title='bbox 413 4089 678 4159; x_wconf 87' lang='lat' dir='ltr'><strong>Spiritum</strong></span> <span class='ocrx_word' id='word_1_599' title='bbox 719 4095 1062 4162; x_wconf 89' lang='lat' dir='ltr'><strong>accepimus,</strong></span> <span class='ocrx_word' id='word_1_600' title='bbox 1109 4104 1163 4151; x_wconf 91' lang='lat' dir='ltr'><strong>et</strong></span> <span class='ocrx_word' id='word_1_601' title='bbox 1199 4114 1324 4151; x_wconf 92' lang='lat' dir='ltr'><strong>eum</strong></span> <span class='ocrx_word' id='word_1_602' title='bbox 1368 4105 1426 4152; x_wconf 92' lang='lat' dir='ltr'><strong>ut</strong></span> <span class='ocrx_word' id='word_1_603' title='bbox 1470 4108 1735 4154; x_wconf 65' lang='lat' dir='ltr'><strong>creaturae</strong></span> <span class='ocrx_word' id='word_1_604' title='bbox 1775 4112 1902 4170; x_wconf 81' lang='lat' dir='ltr'><strong>part</strong></span> 
     </span>
    </p>
   </div>
   <div class='ocr_carea' id='block_1_81' title="bbox 2130 4085 3619 4170">
    <p class='ocr_par' dir='ltr' id='par_1_81' title="bbox 2130 4085 3619 4163">
     <span class='ocr_line' id='line_1_82' title="bbox 2130 4085 3619 4163; baseline -0.004 -19"><span class='ocrx_word' id='word_1_605' title='bbox 2130 4094 2167 4154; x_wconf 74' lang='grc' dir='ltr'>ὲ,</span> <span class='ocrx_word' id='word_1_606' title='bbox 2191 4092 2244 4144; x_wconf 89' lang='grc' dir='ltr'><strong>τί</strong></span> <span class='ocrx_word' id='word_1_607' title='bbox 2271 4090 2658 4163; x_wconf 86' lang='grc' dir='ltr'>προσεύξονται</span> <span class='ocrx_word' id='word_1_608' title='bbox 2686 4089 2760 4160; x_wconf 83' lang='grc' dir='ltr'>μὴ</span> <span class='ocrx_word' id='word_1_609' title='bbox 2784 4089 3000 4153; x_wconf 80' lang='grc' dir='ltr'>εἰδότες,</span> <span class='ocrx_word' id='word_1_610' title='bbox 3021 4089 3116 4143; x_wconf 80' lang='grc' dir='ltr'><strong>ὲάν</strong></span> <span class='ocrx_word' id='word_1_611' title='bbox 3140 4107 3194 4142; x_wconf 93' lang='grc' dir='ltr'><strong>τι</strong></span> <span class='ocrx_word' id='word_1_612' title='bbox 3221 4089 3317 4143; x_wconf 75' lang='grc' dir='ltr'><strong>καὶ</strong></span> <span class='ocrx_word' id='word_1_613' title='bbox 3346 4085 3619 4157; x_wconf 74' lang='grc' dir='ltr'>φθέγξασθαι</span> 
     </span>
    </p>
   </div>
   <div class='ocr_carea' id='block_1_82' title="bbox 409 4169 1898 4258">
    <p class='ocr_par' dir='ltr' id='par_1_82' title="bbox 409 4184 1898 4258">
     <span class='ocr_line' id='line_1_83' title="bbox 409 4184 1898 4258; baseline 0.005 -23"><span class='ocrx_word' id='word_1_614' title='bbox 409 4185 748 4250; x_wconf 88' lang='lat' dir='ltr'><strong>contemptui</strong></span> <span class='ocrx_word' id='word_1_615' title='bbox 793 4184 1078 4241; x_wconf 81' lang='lat' dir='ltr'><strong>habemus.</strong></span> <span class='ocrx_word' id='word_1_616' title='bbox 1129 4188 1220 4242; x_wconf 88' lang='lat' dir='ltr'><strong>Isti</strong></span> <span class='ocrx_word' id='word_1_617' title='bbox 1251 4197 1473 4251; x_wconf 86' lang='lat' dir='ltr'><strong>autem,</strong></span> <span class='ocrx_word' id='word_1_618' title='bbox 1513 4191 1644 4258; x_wconf 86' lang='lat' dir='ltr'><strong>quid</strong></span> <span class='ocrx_word' id='word_1_619' title='bbox 1687 4205 1846 4246; x_wconf 88' lang='lat' dir='ltr'><strong>orare</strong></span> <span class='ocrx_word' id='word_1_620' title='bbox 1892 4214 1898 4243; x_wconf 71' lang='grc' dir='ltr'><strong>ι</strong></span> 
     </span>
    </p>
   </div>
   <div class='ocr_carea' id='block_1_83' title="bbox 2135 4169 3624 4258">
    <p class='ocr_par' dir='ltr' id='par_1_83' title="bbox 2135 4175 3624 4251">
     <span class='ocr_line' id='line_1_84' title="bbox 2135 4175 3624 4251; baseline -0.001 -19"><span class='ocrx_word' id='word_1_621' title='bbox 2135 4181 2285 4251; x_wconf 76' lang='grc' dir='ltr'>εμνὸν</span> <span class='ocrx_word' id='word_1_622' title='bbox 2335 4182 2459 4250; x_wconf 76' lang='grc' dir='ltr'>περὶ</span> <span class='ocrx_word' id='word_1_623' title='bbox 2511 4180 2604 4233; x_wconf 89' lang='grc' dir='ltr'><strong>τοῦ</strong></span> <span class='ocrx_word' id='word_1_624' title='bbox 2660 4179 2975 4251; x_wconf 80' lang='grc' dir='ltr'>Πνεῦματος</span> <span class='ocrx_word' id='word_1_625' title='bbox 3181 4178 3533 4250; x_wconf 79' lang='grc' dir='ltr'>προαχθῶσιν,</span> <span class='ocrx_word' id='word_1_626' title='bbox 3570 4175 3624 4238; x_wconf 83' lang='grc' dir='ltr'>ὡς</span> 
     </span>
    </p>
   </div>
   <div class='ocr_carea' id='block_1_84' title="bbox 400 4265 1889 4348">
    <p class='ocr_par' dir='ltr' id='par_1_84' title="bbox 400 4265 1884 4343">
     <span class='ocr_line' id='line_1_85' title="bbox 400 4265 1884 4343; baseline 0.005 -24"><span class='ocrx_word' id='word_1_627' title='bbox 400 4267 565 4320; x_wconf 80' lang='lat' dir='ltr'><strong>beant</strong></span> <span class='ocrx_word' id='word_1_628' title='bbox 595 4265 904 4321; x_wconf 88' lang='lat' dir='ltr'><strong>nescientes</strong></span> <span class='ocrx_word' id='word_1_629' title='bbox 962 4274 1007 4333; x_wconf 83' lang='grc'>³,</span> <span class='ocrx_word' id='word_1_630' title='bbox 1041 4269 1087 4322; x_wconf 92' lang='lat' dir='ltr'><strong>si</strong></span> <span class='ocrx_word' id='word_1_631' title='bbox 1129 4285 1194 4323; x_wconf 92' lang='lat' dir='ltr'><strong>eo</strong></span> <span class='ocrx_word' id='word_1_632' title='bbox 1237 4270 1626 4336; x_wconf 87' lang='lat' dir='ltr'><strong>adducuntur,</strong></span> <span class='ocrx_word' id='word_1_633' title='bbox 1671 4283 1729 4326; x_wconf 96' lang='lat' dir='ltr'><strong>ut</strong></span> <span class='ocrx_word' id='word_1_634' title='bbox 1777 4274 1884 4343; x_wconf 88' lang='lat' dir='ltr'><strong>aliq</strong></span> 
     </span>
    </p>
   </div>
   <div class='ocr_carea' id='block_1_85' title="bbox 2138 4265 3627 4348">
    <p class='ocr_par' dir='ltr' id='par_1_85' title="bbox 2138 4271 3627 4348">
     <span class='ocr_line' id='line_1_86' title="bbox 2138 4271 3627 4348; baseline -0.005 -19"><span class='ocrx_word' id='word_1_635' title='bbox 2138 4275 2462 4348; x_wconf 68' lang='grc' dir='ltr'>νικνούμενοι</span> <span class='ocrx_word' id='word_1_636' title='bbox 2487 4277 2586 4346; x_wconf 80' lang='grc' dir='ltr'>τῆς</span> <span class='ocrx_word' id='word_1_637' title='bbox 2606 4275 2780 4341; x_wconf 84' lang='grc' dir='ltr'>ἀξίας,</span> <span class='ocrx_word' id='word_1_638' title='bbox 2815 4274 3100 4338; x_wconf 76' lang='grc' dir='ltr'>κολάζουσι</span> <span class='ocrx_word' id='word_1_639' title='bbox 3129 4274 3227 4327; x_wconf 88' lang='grc' dir='ltr'><strong>τοῦ</strong></span> <span class='ocrx_word' id='word_1_640' title='bbox 3253 4274 3411 4341; x_wconf 81' lang='grc' dir='ltr'>λόγου</span> <span class='ocrx_word' id='word_1_641' title='bbox 3432 4271 3486 4324; x_wconf 74' lang='grc' dir='ltr'>τὸ</span> <span class='ocrx_word' id='word_1_642' title='bbox 3505 4272 3627 4340; x_wconf 83' lang='grc' dir='ltr'>ὑπερ-</span> 
     </span>
    </p>
   </div>
   <div class='ocr_carea' id='block_1_86' title="bbox 399 4357 1888 4438">
    <p class='ocr_par' dir='ltr' id='par_1_86' title="bbox 399 4357 1888 4434">
     <span class='ocr_line' id='line_1_87' title="bbox 399 4357 1888 4434; baseline 0.005 -23"><span class='ocrx_word' id='word_1_643' title='bbox 399 4359 563 4412; x_wconf 85' lang='lat' dir='ltr'><strong>etiam</strong></span> <span class='ocrx_word' id='word_1_644' title='bbox 594 4357 879 4428; x_wconf 85' lang='lat' dir='ltr'><strong>magniﬁce</strong></span> <span class='ocrx_word' id='word_1_645' title='bbox 909 4358 1205 4429; x_wconf 80' lang='lat' dir='ltr'><strong>loquantur</strong></span> <span class='ocrx_word' id='word_1_646' title='bbox 1225 4363 1291 4417; x_wconf 84' lang='lat' dir='ltr'><strong>de</strong></span> <span class='ocrx_word' id='word_1_647' title='bbox 1309 4361 1540 4433; x_wconf 90' lang='lat' dir='ltr'><strong>Spiritu,</strong></span> <span class='ocrx_word' id='word_1_648' title='bbox 1574 4365 1798 4434; x_wconf 88' lang='lat' dir='ltr'><strong>perinde</strong></span> <span class='ocrx_word' id='word_1_649' title='bbox 1829 4382 1888 4433; x_wconf 82' lang='lat' dir='ltr'><strong>qu</strong></span> 
     </span>
    </p>
   </div>
   <div class='ocr_carea' id='block_1_87' title="bbox 2138 4357 3627 4438">
    <p class='ocr_par' dir='ltr' id='par_1_87' title="bbox 2138 4362 3627 4438">
     <span class='ocr_line' id='line_1_88' title="bbox 2138 4362 3627 4438; baseline -0.005 -19"><span class='ocrx_word' id='word_1_650' title='bbox 2138 4370 2285 4420; x_wconf 86' lang='grc' dir='ltr'>ίπτον</span> <span class='ocrx_word' id='word_1_651' title='bbox 2329 4367 2427 4438; x_wconf 84' lang='grc' dir='ltr'>τὴν</span> <span class='ocrx_word' id='word_1_652' title='bbox 2475 4367 2836 4438; x_wconf 86' lang='grc' dir='ltr'>συμμετρίαν.</span> <span class='ocrx_word' id='word_1_653' title='bbox 2889 4366 2996 4429; x_wconf 80' lang='grc' dir='ltr'>Οὓς</span> <span class='ocrx_word' id='word_1_654' title='bbox 3049 4365 3216 4437; x_wconf 79' lang='grc' dir='ltr'>ἐχρῆν</span> <span class='ocrx_word' id='word_1_655' title='bbox 3249 4364 3523 4438; x_wconf 69' lang='grc' dir='ltr'>ὀδύρεσθαι</span> <span class='ocrx_word' id='word_1_656' title='bbox 3554 4362 3627 4431; x_wconf 78' lang='grc' dir='ltr'>τὴν</span> 
     </span>
    </p>
   </div>
   <div class='ocr_carea' id='block_1_88' title="bbox 403 4425 1892 4538">
    <p class='ocr_par' dir='ltr' id='par_1_88' title="bbox 403 4449 1892 4527">
     <span class='ocr_line' id='line_1_89' title="bbox 403 4449 1892 4527; baseline 0.008 -29"><span class='ocrx_word' id='word_1_657' title='bbox 403 4449 726 4519; x_wconf 81' lang='lat' dir='ltr'><strong>dignitatem</strong></span> <span class='ocrx_word' id='word_1_658' title='bbox 755 4451 930 4520; x_wconf 88' lang='lat' dir='ltr'><strong>ipsius</strong></span> <span class='ocrx_word' id='word_1_659' title='bbox 962 4466 1364 4522; x_wconf 75' lang='lat' dir='ltr'><strong>assequamur;</strong></span> <span class='ocrx_word' id='word_1_660' title='bbox 1395 4455 1540 4527; x_wconf 85' lang='lat' dir='ltr'><strong>quod</strong></span> <span class='ocrx_word' id='word_1_661' title='bbox 1586 4457 1640 4510; x_wconf 93' lang='lat' dir='ltr'><strong>in</strong></span> <span class='ocrx_word' id='word_1_662' title='bbox 1678 4457 1842 4511; x_wconf 89' lang='lat' dir='ltr'><strong>dictis</strong></span> <span class='ocrx_word' id='word_1_663' title='bbox 1867 4475 1892 4510; x_wconf 83' lang='grc' dir='ltr'><strong>ιι</strong></span> 
     </span>
    </p>
   </div>
   <div class='ocr_carea' id='block_1_89' title="bbox 2137 4425 3626 4538">
    <p class='ocr_par' dir='ltr' id='par_1_89' title="bbox 2137 4425 3626 4532">
     <span class='ocr_line' id='line_1_90' title="bbox 2137 4425 3626 4532; baseline -0.005 -20"><span class='ocrx_word' id='word_1_664' title='bbox 2137 4461 2372 4513; x_wconf 75' lang='grc' dir='ltr'>ςθένειαν</span> <span class='ocrx_word' id='word_1_665' title='bbox 2394 4477 2407 4490; x_wconf 90' lang='grc'><strong>·</strong></span> <span class='ocrx_word' id='word_1_666' title='bbox 2450 4461 2532 4513; x_wconf 82' lang='grc' dir='ltr'><strong>ὅτι</strong></span> <span class='ocrx_word' id='word_1_667' title='bbox 2561 4454 2636 4514; x_wconf 83' lang='grc' dir='ltr'>ὧν</span> <span class='ocrx_word' id='word_1_668' title='bbox 2669 4460 2815 4532; x_wconf 79' lang='grc' dir='ltr'>ἔργῳ</span> <span class='ocrx_word' id='word_1_669' title='bbox 2860 4461 3161 4530; x_wconf 81' lang='grc' dir='ltr'>πάσχομεν,</span> <span class='ocrx_word' id='word_1_670' title='bbox 3191 4425 3374 4527; x_wconf 49' lang='grc' dir='ltr'>λόγδις</span> <span class='ocrx_word' id='word_1_671' title='bbox 3404 4455 3626 4522; x_wconf 81' lang='grc' dir='ltr'>ἀντιπλη-</span> 
     </span>
    </p>
   </div>
   <div class='ocr_carea' id='block_1_90' title="bbox 398 4540 1887 4625">
    <p class='ocr_par' dir='ltr' id='par_1_90' title="bbox 398 4540 1887 4614">
     <span class='ocr_line' id='line_1_91' title="bbox 398 4540 1887 4614; baseline 0.005 -19"><span class='ocrx_word' id='word_1_672' title='bbox 398 4540 531 4596; x_wconf 89' lang='lat' dir='ltr'><strong>dum</strong></span> <span class='ocrx_word' id='word_1_673' title='bbox 567 4544 820 4610; x_wconf 84' lang='lat' dir='ltr'><strong>excedit,</strong></span> <span class='ocrx_word' id='word_1_674' title='bbox 870 4545 1195 4614; x_wconf 89' lang='lat' dir='ltr'><strong>reprimunt.</strong></span> <span class='ocrx_word' id='word_1_675' title='bbox 1233 4548 1383 4614; x_wconf 87' lang='lat' dir='ltr'><strong>Quos</strong></span> <span class='ocrx_word' id='word_1_676' title='bbox 1419 4565 1574 4603; x_wconf 85' lang='lat' dir='ltr'><strong>suam</strong></span> <span class='ocrx_word' id='word_1_677' title='bbox 1613 4549 1887 4604; x_wconf 84' lang='lat' dir='ltr'><strong>inﬁrmital</strong></span> 
     </span>
    </p>
   </div>
   <div class='ocr_carea' id='block_1_91' title="bbox 2137 4540 3626 4625">
    <p class='ocr_par' dir='ltr' id='par_1_91' title="bbox 2137 4548 3626 4625">
     <span class='ocr_line' id='line_1_92' title="bbox 2137 4548 3626 4625; baseline -0.006 -18"><span class='ocrx_word' id='word_1_678' title='bbox 2137 4552 2218 4607; x_wconf 64' lang='grc' dir='ltr'><strong>νῦν</strong></span> <span class='ocrx_word' id='word_1_679' title='bbox 2239 4555 2337 4625; x_wconf 79' lang='grc' dir='ltr'>τὴν</span> <span class='ocrx_word' id='word_1_680' title='bbox 2359 4555 2518 4625; x_wconf 84' lang='grc' dir='ltr'>χάριν</span> <span class='ocrx_word' id='word_1_681' title='bbox 2541 4554 2639 4606; x_wconf 75' lang='grc' dir='ltr'><strong>οὐκ</strong></span> <span class='ocrx_word' id='word_1_682' title='bbox 2666 4552 3025 4624; x_wconf 82' lang='grc' dir='ltr'>ἐξαρκοῦμεν.</span> <span class='ocrx_word' id='word_1_683' title='bbox 3060 4553 3349 4624; x_wconf 82' lang='grc' dir='ltr'>Ὑπερέχει</span> <span class='ocrx_word' id='word_1_684' title='bbox 3373 4552 3474 4622; x_wconf 77' lang='grc' dir='ltr'><strong>γὰρ</strong></span> <span class='ocrx_word' id='word_1_685' title='bbox 3489 4548 3626 4600; x_wconf 69' lang='grc' dir='ltr'>πάντα</span> 
     </span>
    </p>
   </div>
   <div class='ocr_carea' id='block_1_92' title="bbox 399 4631 1888 4716">
    <p class='ocr_par' dir='ltr' id='par_1_92' title="bbox 399 4631 1888 4706">
     <span class='ocr_line' id='line_1_93' title="bbox 399 4631 1888 4706; baseline 0.004 -20"><span class='ocrx_word' id='word_1_686' title='bbox 399 4631 681 4701; x_wconf 89' lang='lat' dir='ltr'><strong>deplorare</strong></span> <span class='ocrx_word' id='word_1_687' title='bbox 726 4635 1012 4704; x_wconf 84' lang='lat' dir='ltr'><strong>oportebat</strong></span> <span class='ocrx_word' id='word_1_688' title='bbox 1064 4656 1076 4690; x_wconf 91' lang='lat'><strong>:</strong></span> <span class='ocrx_word' id='word_1_689' title='bbox 1115 4640 1374 4706; x_wconf 85' lang='lat' dir='ltr'><strong>quoniam</strong></span> <span class='ocrx_word' id='word_1_690' title='bbox 1409 4639 1590 4693; x_wconf 89' lang='lat' dir='ltr'><strong>idonei</strong></span> <span class='ocrx_word' id='word_1_691' title='bbox 1624 4656 1730 4693; x_wconf 92' lang='lat' dir='ltr'><strong>non</strong></span> <span class='ocrx_word' id='word_1_692' title='bbox 1769 4657 1888 4694; x_wconf 89' lang='lat' dir='ltr'><strong>sum</strong></span> 
     </span>
    </p>
   </div>
   <div class='ocr_carea' id='block_1_93' title="bbox 2135 4631 3624 4716">
    <p class='ocr_par' dir='ltr' id='par_1_93' title="bbox 2135 4639 3624 4716">
     <span class='ocr_line' id='line_1_94' title="bbox 2135 4639 3624 4716; baseline 0 -19"><span class='ocrx_word' id='word_1_693' title='bbox 2135 4644 2235 4708; x_wconf 83' lang='grc' dir='ltr'>›ῦν,</span> <span class='ocrx_word' id='word_1_694' title='bbox 2267 4647 2360 4698; x_wconf 76' lang='grc' dir='ltr'>καὶ</span> <span class='ocrx_word' id='word_1_695' title='bbox 2395 4646 2551 4714; x_wconf 88' lang='grc' dir='ltr'>λόγου</span> <span class='ocrx_word' id='word_1_696' title='bbox 2600 4644 2760 4714; x_wconf 81' lang='grc' dir='ltr'>φύσιν</span> <span class='ocrx_word' id='word_1_697' title='bbox 2787 4646 3024 4716; x_wconf 83' lang='grc' dir='ltr'>ἐλέγχει,</span> <span class='ocrx_word' id='word_1_698' title='bbox 3053 4644 3171 4697; x_wconf 81' lang='grc' dir='ltr'>οὐδὲ</span> <span class='ocrx_word' id='word_1_699' title='bbox 3209 4641 3478 4712; x_wconf 84' lang='grc' dir='ltr'>πολλοστῷ</span> <span class='ocrx_word' id='word_1_700' title='bbox 3506 4639 3624 4710; x_wconf 80' lang='grc' dir='ltr'>μέρει</span> 
     </span>
    </p>
   </div>
   <div class='ocr_carea' id='block_1_94' title="bbox 400 4724 1889 4808">
    <p class='ocr_par' dir='ltr' id='par_1_94' title="bbox 400 4724 1889 4800">
     <span class='ocr_line' id='line_1_95' title="bbox 400 4724 1889 4800; baseline 0.007 -24"><span class='ocrx_word' id='word_1_701' title='bbox 400 4724 495 4792; x_wconf 87' lang='lat' dir='ltr'><strong>qui</strong></span> <span class='ocrx_word' id='word_1_702' title='bbox 535 4740 634 4794; x_wconf 88' lang='lat' dir='ltr'><strong>pro</strong></span> <span class='ocrx_word' id='word_1_703' title='bbox 668 4725 972 4791; x_wconf 88' lang='lat' dir='ltr'><strong>beneﬁciis,</strong></span> <span class='ocrx_word' id='word_1_704' title='bbox 1007 4729 1210 4796; x_wconf 83' lang='lat' dir='ltr'><strong>quibus</strong></span> <span class='ocrx_word' id='word_1_705' title='bbox 1247 4731 1426 4800; x_wconf 86' lang='lat' dir='ltr'><strong>reipsa</strong></span> <span class='ocrx_word' id='word_1_706' title='bbox 1457 4730 1754 4795; x_wconf 83' lang='lat' dir='ltr'><strong>alﬁcimur,</strong></span> <span class='ocrx_word' id='word_1_707' title='bbox 1801 4748 1889 4786; x_wconf 85' lang='lat' dir='ltr'><strong>ver</strong></span> 
     </span>
    </p>
   </div>
   <div class='ocr_carea' id='block_1_95' title="bbox 2138 4724 3627 4808">
    <p class='ocr_par' dir='ltr' id='par_1_95' title="bbox 2138 4728 3627 4808">
     <span class='ocr_line' id='line_1_96' title="bbox 2138 4728 3627 4808; baseline -0.002 -19"><span class='ocrx_word' id='word_1_708' title='bbox 2138 4737 2189 4804; x_wconf 55' lang='grc' dir='ltr'>ᾗς</span> <span class='ocrx_word' id='word_1_709' title='bbox 2223 4735 2378 4800; x_wconf 82' lang='grc' dir='ltr'>ἀξίας</span> <span class='ocrx_word' id='word_1_710' title='bbox 2421 4733 2829 4808; x_wconf 81' lang='grc' dir='ltr'>παρισουμένην</span> <span class='ocrx_word' id='word_1_711' title='bbox 3057 4736 3197 4789; x_wconf 85' lang='grc' dir='ltr'>κατὰ</span> <span class='ocrx_word' id='word_1_712' title='bbox 3234 4737 3326 4789; x_wconf 73' lang='grc' dir='ltr'>ἰὺν</span> <span class='ocrx_word' id='word_1_713' title='bbox 3370 4733 3513 4801; x_wconf 83' lang='grc' dir='ltr'>λόγον</span> <span class='ocrx_word' id='word_1_714' title='bbox 3553 4728 3627 4796; x_wconf 76' lang='grc' dir='ltr'><strong>τῆς</strong></span> 
     </span>
    </p>
   </div>
   <div class='ocr_carea' id='block_1_96' title="bbox 397 4817 1886 4900">
    <p class='ocr_par' dir='ltr' id='par_1_96' title="bbox 397 4817 1886 4887">
     <span class='ocr_line' id='line_1_97' title="bbox 397 4817 1886 4887; baseline 0.005 -19"><span class='ocrx_word' id='word_1_715' title='bbox 397 4817 602 4886; x_wconf 77' lang='lat' dir='ltr'><strong>gratias</strong></span> <span class='ocrx_word' id='word_1_716' title='bbox 632 4831 880 4885; x_wconf 83' lang='lat' dir='ltr'><strong>agamus.</strong></span> <span class='ocrx_word' id='word_1_717' title='bbox 931 4817 1166 4887; x_wconf 86' lang='lat' dir='ltr'><strong>Superat</strong></span> <span class='ocrx_word' id='word_1_718' title='bbox 1214 4822 1359 4874; x_wconf 90' lang='lat' dir='ltr'><strong>enim</strong></span> <span class='ocrx_word' id='word_1_719' title='bbox 1403 4837 1620 4876; x_wconf 89' lang='lat' dir='ltr'><strong>omnem</strong></span> <span class='ocrx_word' id='word_1_720' title='bbox 1651 4823 1886 4878; x_wconf 89' lang='lat' dir='ltr'><strong>intellect</strong></span> 
     </span>
    </p>
   </div>
   <div class='ocr_carea' id='block_1_97' title="bbox 2138 4817 3627 4900">
    <p class='ocr_par' dir='ltr' id='par_1_97' title="bbox 2138 4821 3627 4900">
     <span class='ocr_line' id='line_1_98' title="bbox 2138 4821 3627 4900; baseline 0.002 -20"><span class='ocrx_word' id='word_1_721' title='bbox 2138 4828 2533 4900; x_wconf 79' lang='grc' dir='ltr'>τιγραφομένης</span> <span class='ocrx_word' id='word_1_722' title='bbox 2558 4829 2778 4900; x_wconf 79' lang='grc' dir='ltr'>Σοφίας·</span> <span class='ocrx_word' id='word_1_723' title='bbox 2823 4826 3122 4896; x_wconf 69' lang='grc' dir='ltr'>Ὑψώσατε</span> <span class='ocrx_word' id='word_1_724' title='bbox 3163 4828 3294 4898; x_wconf 79' lang='grc' dir='ltr'>γὰρ,</span> <span class='ocrx_word' id='word_1_725' title='bbox 3342 4824 3486 4896; x_wconf 73' lang='grc' dir='ltr'><strong>φησὶ,</strong></span> <span class='ocrx_word' id='word_1_726' title='bbox 3522 4821 3627 4874; x_wconf 75' lang='grc' dir='ltr'><strong>καθ’</strong></span> 
     </span>
    </p>
   </div>
   <div class='ocr_carea' id='block_1_98' title="bbox 400 4908 1889 4988">
    <p class='ocr_par' dir='ltr' id='par_1_98' title="bbox 400 4909 1889 4983">
     <span class='ocr_line' id='line_1_99' title="bbox 400 4909 1889 4983; baseline 0.005 -23"><span class='ocrx_word' id='word_1_727' title='bbox 400 4922 465 4960; x_wconf 87' lang='lat' dir='ltr'><strong>ac</strong></span> <span class='ocrx_word' id='word_1_728' title='bbox 503 4909 777 4963; x_wconf 88' lang='lat' dir='ltr'><strong>sermonis</strong></span> <span class='ocrx_word' id='word_1_729' title='bbox 813 4918 1063 4964; x_wconf 89' lang='lat' dir='ltr'><strong>naturam</strong></span> <span class='ocrx_word' id='word_1_730' title='bbox 1105 4912 1416 4983; x_wconf 84' lang='lat' dir='ltr'><strong>redarguit,</strong></span> <span class='ocrx_word' id='word_1_731' title='bbox 1452 4928 1578 4967; x_wconf 90' lang='lat' dir='ltr'><strong>cum</strong></span> <span class='ocrx_word' id='word_1_732' title='bbox 1619 4929 1683 4966; x_wconf 89' lang='lat' dir='ltr'><strong>ea</strong></span> <span class='ocrx_word' id='word_1_733' title='bbox 1723 4930 1791 4969; x_wconf 92' lang='lat' dir='ltr'><strong>ne</strong></span> <span class='ocrx_word' id='word_1_734' title='bbox 1830 4917 1889 4968; x_wconf 71' lang='lat' dir='ltr'><strong>tu?</strong></span> 
     </span>
    </p>
   </div>
   <div class='ocr_carea' id='block_1_99' title="bbox 2136 4908 3625 4988">
    <p class='ocr_par' dir='ltr' id='par_1_99' title="bbox 2136 4908 3625 4988">
     <span class='ocr_line' id='line_1_100' title="bbox 2136 4908 3625 4988; baseline -0.005 -15"><span class='ocrx_word' id='word_1_735' title='bbox 2136 4937 2238 4974; x_wconf 67' lang='grc' dir='ltr'><strong>γον</strong></span> <span class='ocrx_word' id='word_1_736' title='bbox 2279 4919 2355 4974; x_wconf 79' lang='grc' dir='ltr'><strong>ἂν</strong></span> <span class='ocrx_word' id='word_1_737' title='bbox 2405 4920 2704 4988; x_wconf 80' lang='grc' dir='ltr'>δύνησθε·</span> <span class='ocrx_word' id='word_1_738' title='bbox 2776 4919 3053 4988; x_wconf 79' lang='grc' dir='ltr'>ὑπερέχει</span> <span class='ocrx_word' id='word_1_739' title='bbox 3097 4921 3206 4987; x_wconf 72' lang='grc' dir='ltr'>γὰρ</span> <span class='ocrx_word' id='word_1_740' title='bbox 3244 4919 3342 4972; x_wconf 78' lang='grc' dir='ltr'><strong>καί</strong></span> <span class='ocrx_word' id='word_1_741' title='bbox 3387 4916 3504 4970; x_wconf 77' lang='grc' dir='ltr'>ἕτιο</span> <span class='ocrx_word' id='word_1_742' title='bbox 3551 4908 3625 4964; x_wconf 68' lang='grc' dir='ltr'><strong>καί</strong></span> 
     </span>
    </p>
   </div>
   <div class='ocr_carea' id='block_1_100' title="bbox 399 5000 1888 5081">
    <p class='ocr_par' dir='ltr' id='par_1_100' title="bbox 399 5000 1888 5077">
     <span class='ocr_line' id='line_1_101' title="bbox 399 5000 1888 5077; baseline 0.006 -25"><span class='ocrx_word' id='word_1_743' title='bbox 399 5013 543 5052; x_wconf 85' lang='lat' dir='ltr'><strong>mam</strong></span> <span class='ocrx_word' id='word_1_744' title='bbox 577 5000 795 5070; x_wconf 87' lang='lat' dir='ltr'><strong>quidem</strong></span> <span class='ocrx_word' id='word_1_745' title='bbox 819 5001 1100 5071; x_wconf 82' lang='lat' dir='ltr'><strong>dignitatis</strong></span> <span class='ocrx_word' id='word_1_746' title='bbox 1131 5004 1276 5059; x_wconf 90' lang='lat' dir='ltr'><strong>illius</strong></span> <span class='ocrx_word' id='word_1_747' title='bbox 1311 5010 1517 5075; x_wconf 86' lang='lat' dir='ltr'><strong>partem</strong></span> <span class='ocrx_word' id='word_1_748' title='bbox 1540 5006 1810 5077; x_wconf 64' lang='lat' dir='ltr'><strong>adatquet,</strong></span> <span class='ocrx_word' id='word_1_749' title='bbox 1831 5007 1888 5076; x_wconf 83' lang='lat' dir='ltr'><strong>ju</strong></span> 
     </span>
    </p>
   </div>
   <div class='ocr_carea' id='block_1_101' title="bbox 2136 5000 3625 5081">
    <p class='ocr_par' dir='ltr' id='par_1_101' title="bbox 2136 5003 3625 5081">
     <span class='ocr_line' id='line_1_102' title="bbox 2136 5003 3625 5081; baseline -0.005 -14"><span class='ocrx_word' id='word_1_750' title='bbox 2136 5012 2390 5081; x_wconf 68' lang='grc' dir='ltr'>ψοῦντες</span> <span class='ocrx_word' id='word_1_751' title='bbox 2418 5012 2608 5066; x_wconf 81' lang='grc' dir='ltr'>αὐτὸν</span> <span class='ocrx_word' id='word_1_752' title='bbox 2633 5012 3001 5080; x_wconf 74' lang='grc' dir='ltr'>πληθύνατε.</span> <span class='ocrx_word' id='word_1_753' title='bbox 3023 5009 3118 5077; x_wconf 77' lang='grc' dir='ltr'><strong>Μὴ</strong></span> <span class='ocrx_word' id='word_1_754' title='bbox 3145 5008 3414 5065; x_wconf 79' lang='grc' dir='ltr'>κοπιᾶτε’</span> <span class='ocrx_word' id='word_1_755' title='bbox 3453 5008 3516 5060; x_wconf 80' lang='grc' dir='ltr'>οὐ</span> <span class='ocrx_word' id='word_1_756' title='bbox 3546 5003 3625 5073; x_wconf 76' lang='grc' dir='ltr'>γὰρ</span> 
     </span>
    </p>
   </div>
   <div class='ocr_carea' id='block_1_102' title="bbox 399 5087 1888 5175">
    <p class='ocr_par' dir='ltr' id='par_1_102' title="bbox 399 5087 1888 5170">
     <span class='ocr_line' id='line_1_103' title="bbox 399 5087 1888 5170; baseline 0.007 -30"><span class='ocrx_word' id='word_1_757' title='bbox 399 5088 565 5140; x_wconf 82' lang='lat' dir='ltr'><strong>verba</strong></span> <span class='ocrx_word' id='word_1_758' title='bbox 623 5087 744 5170; x_wconf 82' lang='lat' dir='ltr'><strong>libri</strong></span> <span class='ocrx_word' id='word_1_759' title='bbox 796 5091 888 5159; x_wconf 85' lang='lat' dir='ltr'><strong>qui</strong></span> <span class='ocrx_word' id='word_1_760' title='bbox 953 5091 1275 5147; x_wconf 81' lang='lat' dir='ltr'><strong>inscribitur</strong></span> <span class='ocrx_word' id='word_1_761' title='bbox 1323 5093 1603 5163; x_wconf 84' lang='lat' dir='ltr'><strong>Sapientia</strong></span> <span class='ocrx_word' id='word_1_762' title='bbox 1665 5115 1681 5152; x_wconf 87' lang='lat'><strong>;</strong></span> <span class='ocrx_word' id='word_1_763' title='bbox 1735 5095 1888 5150; x_wconf 75' lang='lat' dir='ltr'><strong>Exall</strong></span> 
     </span>
    </p>
   </div>
   <div class='ocr_carea' id='block_1_103' title="bbox 2136 5087 3625 5175">
    <p class='ocr_par' dir='ltr' id='par_1_103' title="bbox 2136 5093 3625 5175">
     <span class='ocr_line' id='line_1_104' title="bbox 2136 5093 3625 5175; baseline -0.011 -14"><span class='ocrx_word' id='word_1_764' title='bbox 2136 5102 2166 5171; x_wconf 76' lang='grc' dir='ltr'>ὴ</span> <span class='ocrx_word' id='word_1_765' title='bbox 2215 5103 2524 5172; x_wconf 67' lang='grc' dir='ltr'>ἐφίκησθε.</span> <span class='ocrx_word' id='word_1_766' title='bbox 2576 5100 2653 5158; x_wconf 88' lang='grc' dir='ltr'>Ἦ</span> <span class='ocrx_word' id='word_1_767' title='bbox 2685 5122 2786 5157; x_wconf 87' lang='grc' dir='ltr'><strong>που</strong></span> <span class='ocrx_word' id='word_1_768' title='bbox 2842 5104 3071 5175; x_wconf 67' lang='grc' dir='ltr'>φοϐεραὶ</span> <span class='ocrx_word' id='word_1_769' title='bbox 3109 5104 3237 5173; x_wconf 84' lang='grc' dir='ltr'>ὑμῖν</span> <span class='ocrx_word' id='word_1_770' title='bbox 3265 5104 3322 5156; x_wconf 84' lang='grc' dir='ltr'>αἱ</span> <span class='ocrx_word' id='word_1_771' title='bbox 3375 5100 3504 5168; x_wconf 79' lang='grc' dir='ltr'>ὑπὲρ</span> <span class='ocrx_word' id='word_1_772' title='bbox 3541 5093 3625 5147; x_wconf 81' lang='grc' dir='ltr'><strong>τῶν</strong></span> 
     </span>
    </p>
   </div>
   <div class='ocr_carea' id='block_1_104' title="bbox 402 5179 1891 5264">
    <p class='ocr_par' dir='ltr' id='par_1_104' title="bbox 402 5179 1891 5257">
     <span class='ocr_line' id='line_1_105' title="bbox 402 5179 1891 5257; baseline 0.007 -25"><span class='ocrx_word' id='word_1_773' title='bbox 402 5179 542 5232; x_wconf 82' lang='lat' dir='ltr'><strong>enim</strong></span> <span class='ocrx_word' id='word_1_774' title='bbox 570 5219 584 5242; x_wconf 87' lang='lat'><strong>,</strong></span> <span class='ocrx_word' id='word_1_775' title='bbox 619 5179 795 5248; x_wconf 87' lang='lat' dir='ltr'><strong>inquit</strong></span> <span class='ocrx_word' id='word_1_776' title='bbox 827 5219 840 5244; x_wconf 93' lang='lat'><strong>,</strong></span> <span class='ocrx_word' id='word_1_777' title='bbox 874 5190 1332 5253; x_wconf 83' lang='lat' dir='ltr'><strong>quantumcunque</strong></span> <span class='ocrx_word' id='word_1_778' title='bbox 1374 5187 1653 5252; x_wconf 79' lang='lat' dir='ltr'><strong>potueritis</strong></span> <span class='ocrx_word' id='word_1_779' title='bbox 1700 5203 1718 5240; x_wconf 91' lang='lat'><em>:</em></span> <span class='ocrx_word' id='word_1_780' title='bbox 1769 5205 1891 5257; x_wconf 81' lang='lat' dir='ltr'><strong>sape</strong></span> 
     </span>
    </p>
   </div>
   <div class='ocr_carea' id='block_1_105' title="bbox 2136 5179 3625 5264">
    <p class='ocr_par' dir='ltr' id='par_1_105' title="bbox 2136 5183 3625 5264">
     <span class='ocr_line' id='line_1_106' title="bbox 2136 5183 3625 5264; baseline 0.001 -19"><span class='ocrx_word' id='word_1_781' title='bbox 2136 5210 2340 5248; x_wconf 76' lang='grc' dir='ltr'>ηουτων</span> <span class='ocrx_word' id='word_1_782' title='bbox 2387 5195 2562 5264; x_wconf 87' lang='grc' dir='ltr'>λόγων</span> <span class='ocrx_word' id='word_1_783' title='bbox 2611 5195 2836 5250; x_wconf 81' lang='grc' dir='ltr'>εὐθῦναι</span> <span class='ocrx_word' id='word_1_784' title='bbox 2893 5197 3004 5258; x_wconf 88' lang='grc' dir='ltr'>τοῖς</span> <span class='ocrx_word' id='word_1_785' title='bbox 3059 5194 3210 5264; x_wconf 88' lang='grc' dir='ltr'><strong>παρά</strong></span> <span class='ocrx_word' id='word_1_786' title='bbox 3262 5191 3358 5246; x_wconf 88' lang='grc' dir='ltr'><strong>τοῦ</strong></span> <span class='ocrx_word' id='word_1_787' title='bbox 3404 5183 3625 5258; x_wconf 56' lang='lat' dir='ltr'><strong>adspicit</strong></span> 
     </span>
    </p>
   </div>
   <div class='ocr_carea' id='block_1_106' title="bbox 395 5269 1884 5360">
    <p class='ocr_par' dir='ltr' id='par_1_106' title="bbox 395 5269 1882 5346">
     <span class='ocr_line' id='line_1_107' title="bbox 395 5269 1882 5346; baseline 0.006 -24"><span class='ocrx_word' id='word_1_788' title='bbox 395 5269 534 5322; x_wconf 77' lang='lat' dir='ltr'><strong>enim</strong></span> <span class='ocrx_word' id='word_1_789' title='bbox 562 5279 610 5322; x_wconf 80' lang='lat' dir='ltr'><strong>et</strong></span> <span class='ocrx_word' id='word_1_790' title='bbox 639 5270 833 5334; x_wconf 80' lang='lat' dir='ltr'><strong>adhuc;</strong></span> <span class='ocrx_word' id='word_1_791' title='bbox 856 5283 902 5324; x_wconf 83' lang='lat' dir='ltr'><strong>et</strong></span> <span class='ocrx_word' id='word_1_792' title='bbox 931 5273 1226 5328; x_wconf 73' lang='lat' dir='ltr'><strong>exultantes</strong></span> <span class='ocrx_word' id='word_1_793' title='bbox 1251 5292 1366 5328; x_wconf 86' lang='lat' dir='ltr'><strong>eum</strong></span> <span class='ocrx_word' id='word_1_794' title='bbox 1395 5277 1766 5346; x_wconf 80' lang='lat' dir='ltr'><strong>multiplicate.</strong></span> <span class='ocrx_word' id='word_1_795' title='bbox 1798 5277 1882 5331; x_wconf 88' lang='lat' dir='ltr'><strong>No</strong></span> 
     </span>
    </p>
   </div>
   <div class='ocr_carea' id='block_1_107' title="bbox 2135 5269 3624 5360">
    <p class='ocr_par' dir='ltr' id='par_1_107' title="bbox 2135 5278 3624 5360">
     <span class='ocr_line' id='line_1_108' title="bbox 2135 5278 3624 5360; baseline -0.003 -23"><span class='ocrx_word' id='word_1_796' title='bbox 2135 5286 2348 5356; x_wconf 71' lang='grc' dir='ltr'>κηκοόσι</span> <span class='ocrx_word' id='word_1_797' title='bbox 2371 5287 2504 5340; x_wconf 84' lang='grc' dir='ltr'>Θεοῦ</span> <span class='ocrx_word' id='word_1_798' title='bbox 2529 5286 2917 5360; x_wconf 86' lang='grc' dir='ltr'>ἀσυγχώρητον</span> <span class='ocrx_word' id='word_1_799' title='bbox 2948 5283 3087 5340; x_wconf 78' lang='grc' dir='ltr'>εἶναι</span> <span class='ocrx_word' id='word_1_800' title='bbox 3123 5285 3221 5356; x_wconf 81' lang='grc' dir='ltr'>τὴν</span> <span class='ocrx_word' id='word_1_801' title='bbox 3247 5286 3328 5349; x_wconf 84' lang='grc' dir='ltr'><strong>είς</strong></span> <span class='ocrx_word' id='word_1_802' title='bbox 3355 5285 3415 5336; x_wconf 79' lang='grc' dir='ltr'>τὸ</span> <span class='ocrx_word' id='word_1_803' title='bbox 3439 5278 3624 5349; x_wconf 71' lang='grc' dir='ltr'>Πνεῦμα</span> 
     </span>
    </p>
   </div>
   <div class='ocr_carea' id='block_1_108' title="bbox 389 5361 1878 5451">
    <p class='ocr_par' dir='ltr' id='par_1_108' title="bbox 396 5361 1878 5437">
     <span class='ocr_line' id='line_1_109' title="bbox 396 5361 1878 5437; baseline 0.007 -23"><span class='ocrx_word' id='word_1_804' title='bbox 396 5361 640 5415; x_wconf 74' lang='lat' dir='ltr'><strong>laborare</strong></span> <span class='ocrx_word' id='word_1_805' title='bbox 671 5379 688 5416; x_wconf 88' lang='lat'><strong>.&#39;</strong></span> <span class='ocrx_word' id='word_1_806' title='bbox 723 5380 826 5416; x_wconf 82' lang='lat' dir='ltr'><strong>non</strong></span> <span class='ocrx_word' id='word_1_807' title='bbox 861 5366 998 5418; x_wconf 80' lang='lat' dir='ltr'><strong>enim</strong></span> <span class='ocrx_word' id='word_1_808' title='bbox 1027 5369 1405 5437; x_wconf 53' lang='lat' dir='ltr'><strong>assequemini</strong></span> <span class='ocrx_word' id='word_1_809' title='bbox 1440 5375 1478 5422; x_wconf 60' lang='grc' dir='ltr'>δ.</span> <span class='ocrx_word' id='word_1_810' title='bbox 1511 5367 1770 5424; x_wconf 76' lang='lat' dir='ltr'><strong>Profecto</strong></span> <span class='ocrx_word' id='word_1_811' title='bbox 1813 5378 1878 5424; x_wconf 74' lang='lat' dir='ltr'><strong>tet</strong></span> 
     </span>
    </p>
   </div>
   <div class='ocr_carea' id='block_1_109' title="bbox 1234 5361 2723 5451">
    <p class='ocr_par' dir='ltr' id='par_1_109' title="bbox 1234 5367 2723 5451">
     <span class='ocr_line' id='line_1_110' title="bbox 1234 5367 2723 5451; baseline 0.009 -32"><span class='ocrx_word' id='word_1_812' title='bbox 1234 5369 1405 5437; x_wconf 53' lang='lat' dir='ltr'><strong>inlini</strong></span> <span class='ocrx_word' id='word_1_813' title='bbox 1440 5375 1478 5422; x_wconf 60' lang='grc' dir='ltr'>δ.</span> <span class='ocrx_word' id='word_1_814' title='bbox 1511 5367 1770 5424; x_wconf 76' lang='lat' dir='ltr'><strong>Profecto</strong></span> <span class='ocrx_word' id='word_1_815' title='bbox 1813 5370 1975 5451; x_wconf 82' lang='lat' dir='ltr'><strong>tcl&#39;ri-</strong></span> <span class='ocrx_word' id='word_1_816' title='bbox 2083 5376 2142 5429; x_wconf 81' lang='grc' dir='ltr'><strong>τὸ</strong></span> <span class='ocrx_word' id='word_1_817' title='bbox 2165 5377 2317 5446; x_wconf 81' lang='grc' dir='ltr'>ἆγιον</span> <span class='ocrx_word' id='word_1_818' title='bbox 2354 5378 2723 5451; x_wconf 80' lang='grc' dir='ltr'>βλασφημίαν.</span> 
     </span>
    </p>
   </div>
   <div class='ocr_carea' id='block_1_110' title="bbox 396 5449 3620 5544">
    <p class='ocr_par' dir='ltr' id='par_1_110' title="bbox 396 5449 3620 5544">
     <span class='ocr_line' id='line_1_111' title="bbox 396 5449 3620 5544; baseline 0.001 -32"><span class='ocrx_word' id='word_1_819' title='bbox 396 5456 535 5512; x_wconf 85' lang='lat' dir='ltr'><strong>biles</strong></span> <span class='ocrx_word' id='word_1_820' title='bbox 559 5458 713 5513; x_wconf 83' lang='lat' dir='ltr'><strong>vobis</strong></span> <span class='ocrx_word' id='word_1_821' title='bbox 745 5459 1060 5515; x_wconf 88' lang='lat' dir='ltr'><strong>istiusmodi</strong></span> <span class='ocrx_word' id='word_1_822' title='bbox 1123 5477 1435 5517; x_wconf 87' lang='lat' dir='ltr'><strong>sermonum</strong></span> <span class='ocrx_word' id='word_1_823' title='bbox 1498 5463 1785 5519; x_wconf 71' lang='lat' dir='ltr'><strong>reddenda:</strong></span> <span class='ocrx_word' id='word_1_824' title='bbox 1817 5449 2054 5523; x_wconf 85' lang='lat' dir='ltr'><strong>rationes</strong></span> <span class='ocrx_word' id='word_1_825' title='bbox 2091 5473 2183 5542; x_wconf 88' lang='lat' dir='ltr'><strong>qui</strong></span> <span class='ocrx_word' id='word_1_826' title='bbox 2223 5488 2252 5527; x_wconf 90' lang='lat' dir='ltr'><strong>a</strong></span> <span class='ocrx_word' id='word_1_827' title='bbox 2305 5473 2414 5530; x_wconf 91' lang='lat' dir='ltr'><strong>Deo</strong></span> <span class='ocrx_word' id='word_1_828' title='bbox 2453 5449 2671 5531; x_wconf 83' lang='lat' dir='ltr'><strong>mentiri</strong></span> <span class='ocrx_word' id='word_1_829' title='bbox 2717 5475 2906 5532; x_wconf 84' lang='lat' dir='ltr'><strong>nescio</strong></span> <span class='ocrx_word' id='word_1_830' title='bbox 2937 5475 3196 5544; x_wconf 83' lang='lat' dir='ltr'><strong>audistis,</strong></span> <span class='ocrx_word' id='word_1_831' title='bbox 3233 5464 3620 5528; x_wconf 73' lang='lat' dir='ltr'><strong>irremissibilem</strong></span> 
     </span>
    </p>
   </div>
   <div class='ocr_carea' id='block_1_111' title="bbox 393 5551 1704 5620">
    <p class='ocr_par' dir='ltr' id='par_1_111' title="bbox 393 5551 1704 5620">
     <span class='ocr_line' id='line_1_112' title="bbox 393 5551 1704 5620; baseline 0.006 -18"><span class='ocrx_word' id='word_1_832' title='bbox 393 5562 519 5604; x_wconf 85' lang='lat' dir='ltr'><strong>esse</strong></span> <span class='ocrx_word' id='word_1_833' title='bbox 542 5551 934 5620; x_wconf 87' lang='lat' dir='ltr'><strong>blasphemiam</strong></span> <span class='ocrx_word' id='word_1_834' title='bbox 961 5555 1013 5607; x_wconf 93' lang='lat' dir='ltr'><strong>in</strong></span> <span class='ocrx_word' id='word_1_835' title='bbox 1050 5554 1312 5609; x_wconf 78' lang='lat' dir='ltr'><strong>Spiritum</strong></span> <span class='ocrx_word' id='word_1_836' title='bbox 1347 5565 1597 5611; x_wconf 87' lang='lat' dir='ltr'><strong>sanctum</strong></span> <span class='ocrx_word' id='word_1_837' title='bbox 1660 5563 1704 5610; x_wconf 80' lang='grc'><strong>⁵.</strong></span> 
     </span>
    </p>
   </div>
   <div class='ocr_carea' id='block_1_112' title="bbox 492 5637 1981 5725">
    <p class='ocr_par' dir='ltr' id='par_1_112' title="bbox 492 5641 1974 5720">
     <span class='ocr_line' id='line_1_113' title="bbox 492 5641 1974 5720; baseline 0.01 -26"><span class='ocrx_word' id='word_1_838' title='bbox 492 5641 634 5698; x_wconf 86' lang='lat' dir='ltr'><strong>Sane</strong></span> <span class='ocrx_word' id='word_1_839' title='bbox 677 5659 863 5703; x_wconf 88' lang='lat' dir='ltr'><strong>contra</strong></span> <span class='ocrx_word' id='word_1_840' title='bbox 919 5649 972 5702; x_wconf 92' lang='lat' dir='ltr'><strong>id</strong></span> <span class='ocrx_word' id='word_1_841' title='bbox 1037 5650 1184 5720; x_wconf 87' lang='lat' dir='ltr'><strong>quod</strong></span> <span class='ocrx_word' id='word_1_842' title='bbox 1241 5650 1473 5716; x_wconf 83' lang='lat' dir='ltr'><strong>dicunt,</strong></span> <span class='ocrx_word' id='word_1_843' title='bbox 1525 5650 1974 5718; x_wconf 81' lang='lat' dir='ltr'><strong>gloriﬁcalionem</strong></span> 
     </span>
    </p>
   </div>
   <div class='ocr_carea' id='block_1_113' title="bbox 2132 5637 3621 5725">
    <p class='ocr_par' dir='ltr' id='par_1_113' title="bbox 2162 5637 3621 5725">
     <span class='ocr_line' id='line_1_114' title="bbox 2162 5637 3621 5725; baseline -0.008 -17"><span class='ocrx_word' id='word_1_844' title='bbox 2162 5651 2305 5723; x_wconf 83' lang='grc' dir='ltr'>Πρός</span> <span class='ocrx_word' id='word_1_845' title='bbox 2351 5669 2415 5723; x_wconf 76' lang='grc' dir='ltr'><strong>γε</strong></span> <span class='ocrx_word' id='word_1_846' title='bbox 2462 5651 2571 5725; x_wconf 80' lang='grc' dir='ltr'>μὴν</span> <span class='ocrx_word' id='word_1_847' title='bbox 2609 5654 2669 5705; x_wconf 81' lang='grc' dir='ltr'>τὸ</span> <span class='ocrx_word' id='word_1_848' title='bbox 2691 5652 3012 5723; x_wconf 79' lang='grc' dir='ltr'>ἀμάρτυρον</span> <span class='ocrx_word' id='word_1_849' title='bbox 3071 5654 3166 5707; x_wconf 78' lang='grc' dir='ltr'>καὶ</span> <span class='ocrx_word' id='word_1_850' title='bbox 3233 5653 3478 5722; x_wconf 77' lang='grc' dir='ltr'>ἄγραφον</span> <span class='ocrx_word' id='word_1_851' title='bbox 3511 5637 3621 5698; x_wconf 65' lang='grc' dir='ltr'>εἶναι</span> 
     </span>
    </p>
   </div>
   <div class='ocr_carea' id='block_1_114' title="bbox 484 5847 1973 5920">
    <p class='ocr_par' dir='ltr' id='par_1_114' title="bbox 484 5847 1972 5916">
     <span class='ocr_line' id='line_1_115' title="bbox 484 5847 1972 5916; baseline 0.004 -14"><span class='ocrx_word' id='word_1_852' title='bbox 484 5848 501 5879; x_wconf 76' lang='grc'><strong>⁸</strong></span> <span class='ocrx_word' id='word_1_853' title='bbox 535 5847 554 5903; x_wconf 81' lang='grc' dir='ltr'><strong>ι</strong></span> <span class='ocrx_word' id='word_1_854' title='bbox 586 5848 777 5906; x_wconf 83' lang='lat' dir='ltr'><strong>Thess.</strong></span> <span class='ocrx_word' id='word_1_855' title='bbox 810 5865 882 5916; x_wconf 85' lang='lat' dir='ltr'><strong>tv,</strong></span> <span class='ocrx_word' id='word_1_856' title='bbox 923 5849 1007 5906; x_wconf 86' lang='lat' dir='ltr'><strong>l6.</strong></span> <span class='ocrx_word' id='word_1_857' title='bbox 1088 5851 1106 5882; x_wconf 80' lang='lat'>&#39;</span> <span class='ocrx_word' id='word_1_858' title='bbox 1144 5849 1300 5906; x_wconf 70' lang='lat' dir='ltr'><strong>Hom.</strong></span> <span class='ocrx_word' id='word_1_859' title='bbox 1333 5867 1451 5916; x_wconf 69' lang='lat' dir='ltr'><strong>VIII,</strong></span> <span class='ocrx_word' id='word_1_860' title='bbox 1490 5851 1569 5905; x_wconf 88' lang='lat' dir='ltr'><strong>l7.</strong></span> <span class='ocrx_word' id='word_1_861' title='bbox 1654 5853 1671 5883; x_wconf 84' lang='grc'><strong>³</strong></span> <span class='ocrx_word' id='word_1_862' title='bbox 1697 5851 1853 5908; x_wconf 68' lang='lat' dir='ltr'><strong>Rom.</strong></span> <span class='ocrx_word' id='word_1_863' title='bbox 1905 5869 1972 5908; x_wconf 83' lang='lat' dir='ltr'><strong>vn</strong></span> 
     </span>
    </p>
   </div>
   <div class='ocr_carea' id='block_1_115' title="bbox 1909 5847 3398 5920">
    <p class='ocr_par' dir='ltr' id='par_1_115' title="bbox 1909 5852 3398 5920">
     <span class='ocr_line' id='line_1_116' title="bbox 1909 5852 3398 5920; baseline 0.001 -14"><span class='ocrx_word' id='word_1_864' title='bbox 1909 5865 2020 5916; x_wconf 77' lang='grc' dir='ltr'>νιιι,</span> <span class='ocrx_word' id='word_1_865' title='bbox 2061 5854 2152 5910; x_wconf 75' lang='grc'><strong>26.</strong></span> <span class='ocrx_word' id='word_1_866' title='bbox 2234 5855 2250 5884; x_wconf 67' lang='grc'>⁸</span> <span class='ocrx_word' id='word_1_867' title='bbox 2295 5853 2458 5910; x_wconf 85' lang='lat' dir='ltr'><strong>Eccli.</strong></span> <span class='ocrx_word' id='word_1_868' title='bbox 2505 5869 2639 5920; x_wconf 69' lang='lat' dir='ltr'><strong>XLII,</strong></span> <span class='ocrx_word' id='word_1_869' title='bbox 2679 5853 2768 5919; x_wconf 80' lang='grc'><strong>55,</strong></span> <span class='ocrx_word' id='word_1_870' title='bbox 2801 5855 2890 5910; x_wconf 63' lang='grc'><strong>54.</strong></span> <span class='ocrx_word' id='word_1_871' title='bbox 2969 5857 2988 5888; x_wconf 82' lang='grc'><em>⁸</em></span> <span class='ocrx_word' id='word_1_872' title='bbox 3023 5853 3156 5912; x_wconf 86' lang='lat' dir='ltr'><strong>Luc.</strong></span> <span class='ocrx_word' id='word_1_873' title='bbox 3192 5869 3280 5920; x_wconf 78' lang='lat' dir='ltr'><strong>xu,</strong></span> <span class='ocrx_word' id='word_1_874' title='bbox 3313 5852 3398 5909; x_wconf 75' lang='grc' dir='ltr'>ιο.</span> 
     </span>
    </p>
   </div>
  </div>
