3968 6542
276 381 485 455 ,803

1613 382 1993 447 ΕΙΓΙἮΥΜΙΙ
2028 382 2357 447 ZlGABEN
2370 382 2388 441 ι

3532 374 3632 441 εοι

387 512 570 580 regula
600 526 632 563 α
660 508 999 580 presbyteris,
1028 509 1119 580 qui
1147 518 1268 563 ante
1297 522 1391 562 nos
1422 508 1685 575 vixerunt,
1716 515 1929 575 accepta
1947 544 1961 573 ,

2069 514 2157 583 τρὸ
2188 512 2359 582 ἡμῶν
2381 507 2797 578 πρεσϐυτέρων
2822 507 3017 562 τύπον
3046 506 3144 561 καὶ
3172 508 3402 563 κανόνα
3433 524 3630 578 πάρει-

384 600 732 655 concordibus
767 592 980 656 uocibus
1010 616 1131 655 cum
1170 600 1280 655 illis
1321 601 1526 670 gratias
1568 608 1778 670 agentes
1800 638 1813 661 ,
1846 606 1966 652 tan-

286 724 293 731 ο
384 686 504 744 dem
535 694 674 744 nunc
702 691 845 745 vobis
868 688 1098 745 scribere
1129 690 1440 745 desinimus.
1477 689 1585 745 Deo
1613 700 1788 745 autem
1814 689 1965 744 Patri

384 791 435 834 et
465 779 606 833 Filio
631 778 856 836 Domino
880 793 1063 837 nostro
1090 780 1222 836 Jesu
1254 766 1464 836 Christo
1492 798 1608 834 cum
1629 790 1811 835 sancto
1840 778 1964 849 Spi-

2049 803 2181 858 μεν.

2045 607 2331 675 ληφότες,
2358 600 2677 671 ὁμοφώνως
2706 598 2910 665 αὐτοῖς
2936 599 3629 667 προσευχαριστοῦντες·

2050 698 2148 753 καὶ
2197 694 2274 764 δὴ
2326 694 2423 748 καὶ
2454 693 2571 747 νῦν
2604 691 2743 761 ὑμῖν
2772 689 3240 757 ἐπιστέλλοντες
3291 692 3632 743 καταπαύο-

2389 784 2473 851 Τῷ
2517 784 2585 836 δὲ
2632 782 2753 848 Θεῷ
2798 776 2978 849 Πατρὶ
3019 780 3117 835 καὶ
3164 777 3276 845 Υίῷ
3319 779 3399 845 τῷ
3443 781 3638 848 Κυρίῳ

385 873 495 925 ritu
520 872 693 943 gloria
722 882 769 928 et
800 874 1078 943 imperium
1108 875 1163 928 in
1194 874 1392 928 sazcnla
1419 874 1758 940 surculorum,
1790 889 1963 930 amen.

2069 880 2220 950 ήμῶν
2260 877 2464 945 ἰησοῦ
2495 874 2721 944 Χριστῷ
2746 875 2867 929 σὺν
2891 873 2971 941 τῷ
2992 874 3137 942 ἁγίῳ
3158 873 3459 942 Πνεύματι
3488 872 3637 936 δόξα

384 960 497 1020 Nec
522 966 816 1036 quisquam
976 966 1161 1022 dicere
1190 966 1367 1036 possit
1392 966 1505 1021 haec
1523 972 1771 1021 correcta
1798 966 1968 1021 fuisse

386 1072 451 1111 ac
486 1057 797 1113 immutata.
825 1057 1012 1130 Neque
1034 1060 1180 1113 enim
1215 1061 1285 1114 ita
1318 1074 1624 1115 sermonem
1649 1059 1970 1113 conﬁrmas-

388 1155 493 1212 set,
525 1147 717 1203 dicens
748 1148 1001 1204 videlicet
1035 1149 1312 1220 accepisse
1345 1164 1404 1205 se
1434 1148 1667 1205 formam
1698 1164 1762 1203 ac
1807 1164 1970 1219 regu-

390 1240 519 1303 lam,
557 1241 603 1296 si
629 1242 681 1294 in
714 1239 919 1310 Spiritu
968 1241 1197 1297 dixisset
1232 1260 1247 1297 :
1282 1241 1446 1311 hujus
1473 1240 1617 1297 enim
1648 1241 1801 1296 vocis
1833 1255 1967 1296 usus

302 1358 305 1359 ν
390 1333 583 1386 creber
623 1342 725 1388 est.
776 1335 845 1386 At
871 1333 1009 1388 illud
1056 1340 1196 1396 erat,
1228 1334 1375 1404 quod
1404 1333 1598 1404 egebat
1625 1328 1964 1387 defensioue.

390 1422 494 1487 Qui
530 1424 748 1492 quidem
797 1432 851 1479 et
898 1425 952 1478 in
1000 1425 1177 1479 medio
1228 1425 1451 1495 scripti,
1484 1424 1562 1479 sic
1598 1424 1837 1494 loquitur
1872 1421 1970 1478 ado

390 1531 585 1572 versus
628 1514 972 1573 Sabellianos
1005 1536 1017 1571 :
1048 1515 1108 1572 Si
1142 1535 1201 1572 eo
1232 1518 1371 1588 quod
1411 1527 1512 1572 tres
1550 1527 1672 1570 sunt
1721 1517 1968 1586 hyposta-

391 1626 508 1672 ses,
555 1608 749 1663 divisas
794 1625 906 1663 esse
949 1607 1161 1673 dicunt,
1214 1619 1318 1663 tres
1364 1619 1485 1664 sunt
1513 1610 1723 1663 etiamsi
1748 1609 1916 1663 nolint
1946 1622 1966 1663 :

392 1712 483 1756 aut
523 1702 755 1755 divinam
792 1702 1106 1756 Trinitatem
1136 1718 1352 1772 prorsus
1387 1720 1415 1757 e
1446 1703 1614 1756 medio
1645 1702 1858 1758 tollant.
1890 1701 1968 1759 Ac

2054 971 2147 1026 καί
2180 968 2396 1038 κράτος
2448 971 2534 1033 εις
2573 966 2712 1033 τοὺς
2746 965 2964 1033 αἰῶνας
3008 965 3127 1019 τῶν
3151 965 3406 1031 αἰώνων,
3454 964 3635 1033 ἀμήν.

2055 1060 2164 1116 Καὶ
2192 1060 2361 1114 ταῦτα
2391 1060 2489 1112 οὐκ
2526 1058 2589 1111 ἄν
2615 1066 2697 1121 τις
2738 1058 2879 1110 εἴποι
2917 1055 3386 1129 μεταγεγράφθαι.
3430 1057 3505 1108 Οὐ
3528 1056 3639 1125 γὰρ

2056 1151 2121 1207 ἂν
2162 1151 2304 1205 οὕτω
2348 1150 2662 1213 διετείνατο,
2695 1150 2861 1203 τύπον
2897 1151 2990 1203 καὶ
3015 1150 3213 1203 κανόνα
3242 1148 3637 1220 παρειληφέναι

2058 1244 2250 1313 λέγων,
2304 1243 2461 1315 εἴπερ
2510 1244 2581 1296 ὲν
2623 1242 2703 1308 τῷ
2734 1242 3032 1310 Πνεύματι
3228 1238 3468 1311 εἰρηκὼς
3532 1235 3635 1310 ἦν·

2056 1336 2260 1407 ταύτης
2284 1336 2391 1406 γὰρ
2424 1335 2521 1405 τῆς
2552 1334 2734 1404 φωνῆς
2757 1336 2789 1405 ή
2816 1333 3011 1405 χρῆσις
3049 1331 3238 1401 πολλή.
3280 1331 3420 1383 Ἀλλ’
3464 1332 3641 1383 ἐκεῖνο

2055 1424 2123 1499 ἦν
2147 1428 2208 1482 τὸ
2231 1430 2327 1500 τῆς
2360 1427 2651 1495 ἀπολογίας
2681 1426 2951 1496 δεόμενον.
2982 1422 3158 1493 Ὃςγέ
3180 1423 3272 1476 καὶ
3302 1421 3443 1475 κατὰ
3477 1421 3641 1491 μέσον

2060 1537 2163 1574 που
2194 1520 2291 1589 τῆς
2320 1520 2557 1589 γραφῆς,
2594 1516 2767 1579 οὕτως
2800 1516 2986 1587 εἴρηκε
3015 1505 3149 1586 apt};
3180 1515 3306 1576 τοὺς
3340 1508 3640 1565 Σαϐελλια-

2056 1610 2181 1674 νούς
2199 1631 2211 1643 ν
2238 1614 2327 1676 El,
2352 1610 2432 1678 τῷ
2452 1612 2607 1681 τρεῖς
2630 1603 2779 1665 εἶναι
2822 1610 2928 1677 τὰς
2970 1609 3357 1674 ὑποστάσεις,
3400 1626 3642 1677 μεμερι-

2060 1704 2290 1773 σμένας
2310 1699 2462 1759 εἶναι
2482 1703 2751 1773 λέγουσι,
2767 1703 2924 1771 τρεῖς
2944 1705 3083 1766 εἰσι,
3110 1701 3225 1756 κᾶν
3245 1688 3330 1770 μὴ
3350 1700 3610 1755 θέλωσιν
3626 1716 3640 1730 ο

389 1809 633 1857 rursum,
665 1794 1006 1849 Divinissima
1038 1798 1174 1849 enim
1202 1796 1263 1849 ob
1297 1794 1352 1848 id
1383 1797 1545 1849 etiam
1569 1804 1686 1863 post
1711 1795 1968 1849 unitatem

2069 1796 2100 1864 ἢ
2132 1795 2244 1863 τὴν
2272 1796 2439 1850 θείαν
2491 1796 2702 1864 Τριάδα
2747 1794 3055 1861 παντελῶς
3084 1794 3469 1868 ἀνελέτωσαν
3488 1810 3501 1822 ·
3547 1795 3644 1846 καὶ

394 1884 634 1940 Trinitas
665 1894 766 1939 est.
801 1886 906 1941 Sed
937 1897 990 1942 et
1016 1886 1269 1941 Clemens
1304 1888 1640 1957 simplicius,
1685 1888 1846 1950 Vivit,
1883 1888 1963 1941 in-

2069 1888 2225 1941 πάλιν
2245 1904 2258 1916 ·
2296 1886 2573 1957 Θειοτάτη
2605 1887 2713 1957 γὰρ
2742 1887 2838 1941 διὰ
2875 1887 3049 1941 τοῦτο
3084 1888 3235 1957 μετὰ
3266 1885 3381 1955 τὴν
3408 1884 3645 1955 μονάδα

392 1976 545 2045 quit,
599 1976 735 2031 Deus
780 1988 829 2031 et
883 1977 1143 2032 Dominus
1184 1975 1340 2033 Iesus
1371 1976 1615 2033 Christus
1656 1988 1705 2031 et
1736 1976 1965 2045 Spiritus

391 2076 630 2120 sanctus.
662 2068 901 2122 lremeus
935 2076 1140 2132 autem,
1179 2069 1270 2138 qui
1306 2069 1517 2122 vicinus
1552 2067 1652 2121 fuit
1694 2068 1969 2138 aposto|o~

392 2172 512 2211 rum
538 2158 899 2228 temporibus,
925 2159 1203 2228 quomodo
1236 2158 1399 2212 faciat
1430 2158 1759 2213 mentionem
1792 2154 1967 2226 Spiri-

393 2257 512 2313 tus,
546 2249 836 2319 disputans
885 2250 1150 2306 adversus
1204 2250 1475 2315 hereses,
1514 2249 1825 2303 audiamus.
1860 2245 1966 2301 Eos

392 2356 531 2404 vero,
566 2340 772 2411 inquit,
801 2343 890 2412 qui
917 2343 1134 2412 e/frenes
1162 2353 1283 2397 sunt
1304 2382 1319 2405 ,
1350 2352 1399 2395 et
1438 2341 1681 2410 feruntur
1728 2340 1795 2393 ad
1841 2356 1967 2394 suas

392 2434 881 2501 concupiscentias,
947 2435 1152 2488 nullum
1211 2434 1458 2487 habentes
1513 2433 1676 2487 divini
1734 2431 1967 2501 Spiritus

392 2522 748 2583 desiderium,
788 2524 974 2578 merito
1024 2525 1304 2592 Apostolus
1335 2523 1579 2578 carnales
1622 2534 1769 2577 vocat
1828 2524 1865 2578 ⁵.
1905 2523 1970 2581 Et

396 2617 527 2673 alibi
569 2616 702 2670 dicit
743 2614 886 2668 idem
919 2653 931 2666 .
963 2610 1044 2666 Ne
1075 2623 1313 2681 expertes
1348 2613 1481 2683 facti
1510 2613 1674 2667 divini
1715 2612 1968 2684 Spiritus,

2063 1979 2162 2033 καὶ
2189 1981 2226 2048 ἠ
2261 1978 2448 2047 Τριάς.
2468 1977 2627 2036 Ἀλλὰ
2648 1979 2738 2031 καὶ
2761 1980 2788 2031 ὁ
2820 1978 3050 2049 Κλήμης
3216 1974 3641 2046 ἀρχαϊκώτερον,

2063 2070 2171 2139 Ζῇ,
2198 2072 2379 2140 φησὶν,
2409 2072 2441 2123 ό
2471 2069 2639 2136 Θεὸς,
2674 2068 2773 2122 καὶ
2800 2072 2831 2122 ό
2856 2070 3066 2136 Κύριος
3109 2066 3339 2136 Ἰησοῦς
3362 2064 3642 2133 Χριστὸς,

2064 2164 2163 2216 καὶ
2197 2162 2262 2216 τὸ
2288 2162 2529 2230 Πνεῦμα
2555 2161 2619 2213 τὸ
2654 2160 2842 2229 ἅγιον.
2870 2161 3157 2230 Εἰρηναῖος
3186 2158 3243 2212 δὲ
3270 2194 3283 2214 .
3418 2158 3447 2208 ὁ
3480 2157 3646 2223 ἐγγὺς

2063 2254 2173 2308 τῶν
2198 2253 2506 2309 ἀποστόλων
2551 2251 2858 2321 γενόμενος,
2901 2250 3017 2314 πῶς
3058 2248 3300 2321 ἐμνήσθη
3344 2246 3437 2300 τοῦ
3473 2244 3646 2299 [Ινεύ-

2071 2362 2236 2415 ματος
2296 2345 2355 2397 ὲν
2399 2343 2476 2413 τῷ
2505 2344 2641 2413 πρὸς
2677 2342 2776 2404 τὰς
2818 2343 3054 2412 αἱρέσεις
3100 2340 3263 2411 λόγῳ,
3299 2339 3644 2409 ἀκούσωμεν.

2071 2437 2220 2503 Τοὺς
2256 2436 2324 2489 δὲ
2373 2434 2958 2506 ἀχαλιναγωγήτους,
3001 2435 3155 2504 φησὶ,
3189 2432 3285 2486 καὶ
3322 2447 3649 2501 καταφεροδ

2064 2528 2287 2597 μένους
2307 2530 2390 2594 είς
2415 2527 2521 2593 τὰς
2535 2526 2766 2581 ἑαυτῶν
2787 2527 3121 2595 ἐπιθυμίας,
3159 2522 3460 2593 μηδεμίαν
3475 2525 3505 2577 ἐ
3510 2540 3651 2592 χον-

2073 2632 2180 2682 τας
2209 2615 2529 2685 ἐπιθυμίαν
2556 2617 2717 2671 θείου
2746 2618 3110 2686 Πνεῦματος,
3136 2616 3369 2679 δικαίως
3397 2618 3433 2670 ό
3482 2615 3650 2669 Ἀπό-

395 2708 715 2778 frustrentur
759 2719 914 2773 regno
961 2703 1232 2767 cwlorum,
1294 2703 1550 2756 inclamat
1602 2704 1881 2770 Apostolus
1928 2705 1968 2769 ',

2074 2710 2298 2773 στολος
2331 2708 2658 2776 σαρκικοὺς
2710 2708 2900 2765 καλεῖ.
2953 2709 3062 2762 Καὶ
3110 2708 3168 2760 ὲν
3205 2707 3385 2770 ἄλλοις
3429 2708 3459 2760 ὁ
3492 2705 3650 2766 αὑτός

393 2798 532 2869 quod
558 2814 682 2850 caro
713 2813 815 2851 non
842 2798 1009 2865 possit
1039 2796 1399 2850 [nereditatem
1437 2810 1618 2863 capere
1652 2797 1795 2866 regni
1819 2797 1972 2851 caelo-

2074 2816 2267 2870 φησινο
2308 2799 2442 2854 Ἵνα
2481 2798 2590 2869 μὴ,
2624 2800 2853 2871 ἄμοιροι
2892 2801 3055 2856 θείου
3109 2801 3455 2869 Πνεύματος
3488 2795 3651 2868 Tarde

395 2906 534 2944 rum.
580 2888 735 2954 Quod
780 2888 824 2942 si
858 2887 945 2941 cui
978 2894 1032 2941 et
1082 2885 1351 2941 Eusebius
1394 2885 1723 2941 Palwstinus
1756 2896 1972 2957 propter

2069 2910 2260 2962 μενοι,
2284 2892 2675 2963 άποτύχωμεν
2710 2892 2823 2961 τῆς
2841 2893 3165 2959 βασιλείας
3199 2891 3319 2945 τῶν
3355 2889 3646 2958 οὐρανῶν,

398 2980 753 3049 multiplicem
798 2978 1188 3048 experientiam
1234 2977 1461 3031 idoneus
1489 2978 1726 3042 videtur,
1759 2978 1845 3032 cui
1880 2978 1972 3031 ha-

2072 2984 2404 3051 ἐπεϐόησεν
2425 2986 2458 3038 ό
2498 2984 2883 3050 Ἀπόστολος,
2903 2983 2988 3053 μὴ
3010 2983 3302 3037 δύνασθαι
3320 2982 3441 3049 τὴν
3455 2980 3649 3052 σάρκα

399 3074 623 3128 beamur
668 3070 838 3137 ﬁdes;
872 3078 925 3124 et
960 3084 1026 3124 ex
1062 3070 1154 3123 illo
1185 3085 1350 3125 voces
1376 3068 1596 3124 easdem
1634 3070 1972 3125 ostendimus

2069 3073 2398 3137 βασιλείαν
2435 3073 2708 3143 οὐρανῶν
2737 3073 3210 3143 κληρονομῆσαι.
3250 3073 3312 3125 El
3358 3072 3415 3126 δέ
3448 3090 3525 3143 τῳ
3560 3073 3653 3126 καὶ

399 3166 453 3219 in
483 3164 922 3219 dubitationibus
951 3161 1019 3216 de
1049 3162 1355 3229 priscorum
1390 3163 1677 3230 multiplici
1700 3161 1972 3230 mnjugio.

2072 3166 2101 3217 ὁ
2128 3166 2480 3229 Παλαιστινὸς
2526 3166 2783 3229 Εὐσέϐιος
2806 3163 3117 3229 ἀξιόπιστος
3146 3163 3235 3216 διὰ
3276 3161 3645 3235 πολυπειρίαν,

400 3256 667 3326 Loquitur
712 3255 860 3309 enim
908 3255 1056 3309 hunc
1080 3255 1137 3308 in
1183 3254 1440 3317 modum,
1475 3269 1533 3308 se
1578 3254 1644 3307 ad
1685 3253 1972 3307 dicendum

2074 3256 2326 3308 κάκείνου
2348 3255 2444 3319 τὰς
2468 3256 2635 3319 αὑτὰς
2663 3257 2846 3326 φωνὰς
2879 3253 3255 3323 ἐπιδείκνυμεν
3308 3256 3367 3305 ὲν
3411 3255 3525 3315 τοῖς
3555 3255 3648 3305 sr-

400 3349 646 3404 cxritans
680 3363 695 3401 :
730 3346 982 3401 Sanctum
1014 3347 1385 3416 prophetarum
1421 3344 1583 3398 Deum
1630 3346 1761 3398 lucis
1792 3354 1972 3397 aucto-

2076 3349 2391 3420 απορήμασι
2424 3348 2551 3418 περὶ
2577 3349 2677 3418 τῆς
2708 3346 2815 3401 τῶν
2843 3346 3085 3417 ἀρχαίων
3113 3344 3647 3414 πολυγαμίας.Λέγεί

400 3452 509 3492 rem
540 3453 631 3505 per
663 3436 997 3492 Salvatorem
1046 3446 1289 3491 nostrum
1328 3435 1513 3493 Jesunt
1546 3437 1816 3493 Christum
1859 3454 1978 3491 cum

399 3536 583 3582 sancto
616 3526 818 3597 Spiritu
854 3528 1175 3585 invocantes.

629 3799 715 3837 am
753 3800 878 3839 vero
912 3792 968 3839 et
999 3783 1294 3855 Origenem
1327 3786 1381 3840 in
1418 3786 1604 3841 multis
1629 3784 1976 3843 Psalmorum

401 3876 834 3945 expositionibus
864 3876 1349 3947 deprehendimus,
1383 3894 1509 3931 cum
1538 3887 1735 3934 sancto
1767 3879 1975 3950 Spiritu

403 3968 631 4036 gloriam
678 3966 1010 4023 deferentem
1047 3967 1193 4031 Deo,
1230 3968 1405 4022 virum
1444 3970 1538 4038 qui
1589 3984 1699 4023 non
1750 3972 1975 4026 omnino

402 4072 567 4113 sanas
618 4057 782 4111 habet
842 4058 897 4111 in
955 4058 1214 4131 omnibus
1266 4058 1333 4113 de
1387 4057 1596 4129 Spiritu
1652 4062 1974 4131 Opiniones;

402 4146 760 4201 nihilominus
806 4155 861 4201 et
895 4146 984 4201 hic
1033 4147 1221 4201 multis
1274 4147 1328 4200 in
1364 4147 1499 4202 locis
1540 4152 1809 4205 reveritus
1845 4166 1977 4207 con-

401 4237 715 4293 suetudinis
770 4237 959 4301 robur,
1015 4237 1136 4308 pias
1167 4252 1330 4293 voces
1359 4239 1544 4293 eiiiisit
1597 4239 1665 4294 de
1722 4240 1973 4312 Spiritu:

401 4330 496 4400 qui
524 4330 746 4399 quidem
783 4330 837 4383 in
862 4336 1047 4395 sexto,
1083 4330 1138 4384 ni
1161 4330 1340 4395 fallor,
1378 4331 1517 4386 libro
1557 4331 1977 4390 Enarrationum

401 4422 457 4477 in
490 4420 836 4491 Evangelium
856 4420 1104 4485 Joannis,
1130 4424 1296 4478 etiam
1337 4424 1675 4480 adorandum
1711 4425 1974 4496 Spiritum

2075 3438 2183 3511 γὰρ
2213 3439 2353 3492 οὕτω
2381 3440 2682 3511 παρορμῶν
2712 3439 2904 3493 ἑαυτὸν
2928 3439 3019 3491 ἐπὶ
3047 3438 3137 3491 τὸν
3175 3437 3365 3505 λόγον·
3399 3436 3510 3490 Τὸν
3536 3434 3648 3488 τῶν

2077 3525 2397 3597 προφητῶν
2430 3527 2599 3597 ἅγιον
2640 3528 2789 3582 Θεὸν
2814 3527 3173 3597 φωταγωγύν
3192 3526 3291 3580 διὰ
3322 3525 3431 3579 τοῦ
3463 3523 3647 3591 Σωτῆ-

2068 3636 2179 3687 ρος
2229 3616 2399 3687 ήμῶν
2443 3617 2646 3685 Ἰησοῦ
2683 3616 2943 3687 Χριστοῦ
2989 3617 3111 3671 σὺν
3157 3617 3303 3687 ἁγίῳ
3353 3616 3645 3684 Πνεύματι

2078 3708 2465 3774 καλέσαντες.
2510 3704 2513 3705 ⁷
2587 3701 2597 3705 ’

2272 3799 2411 3868 Ἤδη
2436 3799 2491 3852 δὲ
2514 3799 2609 3852 καὶ
2644 3799 2926 3871 Ὧριγένην
2948 3802 3008 3852 ὲν
3035 3798 3255 3862 πολλαῖς
3285 3798 3397 3852 τῶν
3426 3801 3505 3861 είς
3524 3796 3644 3859 τοὺς

2078 3889 2340 3959 Ψαλμοὺς
2363 3889 2646 3956 διαλέξεων
2678 3890 2912 3961 εὕρομεν
3084 3891 3180 3943 σὺν
3215 3890 3293 3961 τῷ
3318 3890 3461 3959 ἁγίῳ
3483 3888 3647 3941 Πνεύδ

2079 3996 2207 4048 ματι
2233 3980 2330 4048 τὴν
2354 3977 2511 4042 δόξαν
2536 3978 2874 4044 ἀποδιδόντα,
2899 3979 3066 4049 ἄνδρα
3087 3980 3208 4032 οὐδὲ
3230 3981 3369 4033 πάνυ
3397 3997 3451 4031 τι
3484 3979 3648 4045 ὑγιεῖς

2077 4070 2320 4143 περὶτοῦ
2352 4069 2669 4141 Πνεύματος
2700 4072 2799 4134 τὰς
2830 4071 3126 4142 ὑπολήψεις
3158 4074 3216 4125 ὲν
3251 4073 3417 4125 πᾶσιν
3441 4071 3645 4141 ἔχοντα·

2075 4165 2213 4235 πλὴν
2254 4164 2391 4219 ἀλλὰ
2434 4164 2700 4235 πολλαχοῦ
2744 4164 2841 4218 καὶ
2871 4164 3057 4228 αὐτὸς,
3104 4164 3205 4233 τῆς
3258 4163 3549 4233 συνηθείας
3592 4162 3650 4215 τὸ

2078 4257 2295 4329 ἰσχυρὸν
2340 4255 2779 4325 δυσωπούμενος,
2823 4256 2922 4319 τὰς
2965 4256 3209 4318 εὐσεϐεῖς
3253 4254 3438 4325 φωνὰς
3476 4255 3646 4325 ἀφῆκε

2075 4349 2203 4420 περὶ
2232 4346 2325 4401 τοῦ
2369 4347 2702 4417 Πνεύματος.
2745 4348 2843 4411 "Oc
2878 4363 2963 4415 γε,
2996 4346 3138 4400 κατὰ
3165 4346 3227 4399 τὸ
3267 4345 3450 4411 ἕκτον,
3479 4341 3647 4416 οἶμαι,

2074 4441 2183 4494 τῶν
2213 4443 2302 4507 εὶς
2342 4440 2409 4494 τὸ
2448 4440 2600 4493 κατὰ
2645 4438 2924 4506 Ἰωάννην
2949 4438 3319 4508 Εὺαττ-έλιον
3358 4438 3650 4507 Ἐξηγητι-

403 4514 686 4571 evidenter
712 4516 1051 4584 pronuntiat,
1080 4514 1154 4568 ita
1183 4516 1433 4571 scribens
1458 4516 1525 4570 ad
1550 4519 1775 4573 verbum
1798 4536 1812 4572 :
1834 4519 1972 4583 Quo-

2076 4530 2219 4593 κῶν,
2270 4531 2364 4583 καὶ
2416 4530 2790 4601 προσκυνητὸν
2837 4529 2969 4584 αὐτὸ
3022 4529 3270 4600 φανερῶς
3316 4528 3679 4599 ἁπεφήνατον

401 4609 549 4662 niam
579 4623 730 4677 aqua!
772 4607 1049 4660 lavacrum
1077 4607 1347 4676 significat
1376 4610 1748 4678 purgationem
1787 4612 1978 4664 animtc

400 4699 467 4754 ab
496 4698 736 4752 omnibus
772 4700 995 4753 malitia:
1024 4698 1269 4754 sordibus
1305 4699 1540 4765 abluta,
1593 4700 1758 4753 nihilo
1804 4712 1979 4755 tamen

402 4790 574 4843 minus
610 4797 660 4842 et
690 4804 781 4856 per
816 4789 1047 4854 seipsum
1087 4790 1135 4842 ei
1165 4788 1256 4858 qui
1286 4789 1516 4856 seipsum
1555 4788 1748 4856 prabet
1789 4788 1981 4843 divinis

400 4879 504 4933 tati
531 4877 821 4932 adoranda:
853 4877 1268 4944 Trinitatis,per
1294 4877 1542 4931 virtutem
1562 4878 1977 4943 invocationunt,

400 4971 662 5025 donorum
708 4970 1027 5038 principium
1070 4986 1132 5021 ac
1180 4969 1376 5038 fontem
1429 4969 1602 5024 habet.
1652 4970 1731 5024 Ac
1787 4985 1981 5025 rursus

404 5065 460 5117 in
516 5061 959 5125 commentariis.
1000 5061 1203 5132 quibus
1258 5062 1484 5131 exponit
1540 5061 1847 5132 Epistulam
1912 5063 1978 5117 ad

402 5153 715 5220 Romanos,
776 5154 998 5217 Sacrae,
1051 5155 1266 5224 inquit,
1326 5156 1544 5208 virtutes
1593 5150 1808 5220 capaces
1856 5163 1979 5208 sunt

409 5244 674 5316 Unigeniti
708 5254 755 5298 et
800 5246 974 5299 sancti
1019 5244 1259 5313 Spiritus
1302 5244 1539 5298 deitatis.
1572 5244 1652 5298 Ad
1687 5245 1830 5299 hunc
1862 5260 1979 5298 mo-

402 5337 532 5392 dum
555 5375 569 5399 ,
613 5336 828 5406 Opinor,
870 5336 1182 5391 traditionis
1217 5334 1300 5390 vis
1340 5337 1482 5405 saepe
1509 5335 1771 5403 compulit
1800 5335 1977 5389 homi-

402 5442 499 5483 nes
543 5428 708 5481 etiam
743 5428 860 5483 suis
900 5429 1146 5499 ipsorum
1180 5427 1532 5496 dogmatibus
1575 5429 1975 5483 contradicere.

404 5518 475 5573 At
524 5534 625 5575 nec
677 5518 997 5574 Africanum
1058 5519 1388 5575 historicum
1452 5519 1579 5574 talis
1640 5520 1979 5589 gloriticandi

406 5608 581 5664 forma
612 5610 891 5681 praeteriit.
926 5609 1217 5673 Siquidem
1260 5616 1478 5665 constat
1516 5610 1572 5666 in
1610 5610 1801 5675 quinto
1838 5612 1980 5669 libro

474 5843 490 5874 ¹
521 5842 543 5897 ι
579 5842 703 5899 Cor.
741 5859 826 5908 ιιι,
856 5842 909 5895 '5.
987 5842 1007 5875 ³
1048 5838 1218 5896 lCor.
1254 5858 1343 5913 xv,
1388 5844 1476 5902 50.

2075 4620 2273 4673 οὑτωσὶ
2297 4620 2522 4690 γράφων
2544 4620 2687 4673 κατὰ
2709 4618 2873 4685 λέξινο
2906 4619 3029 4673 Ὅτι
3054 4619 3120 4672 τὸ
3146 4618 3252 4672 τοῦ
3278 4618 3496 4684 ὕδατος
3516 4621 3652 4675 λου-

2076 4712 2220 4780 τρὸν
2246 4713 2559 4781 σύμϐολον
2584 4711 2867 4781 τυγχάνει
2891 4713 3218 4781 καθαρσίου
3246 4711 3476 4780 ψυχῆς,
3504 4712 3647 4766 πάνυ

2074 4819 2149 4855 τα
2185 4803 2383 4869 ῥύπον
2430 4801 2535 4855 τὸν
2566 4801 2686 4857 ἀπὸ
2729 4802 2945 4868 κακίας
3114 4799 3609 4867 ascanius-apiaria
3633 4818 3646 4833 ο

2078 4890 2261 4946 οὐδὲν
2290 4891 2359 4945 δὲ
2399 4888 2583 4962 ἧττον
2627 4893 2725 4947 καὶ
2759 4895 2887 4948 καθ’
2929 4894 3108 4949 ἑαυτὸ
3149 4892 3229 4958 τῷ
3262 4895 3651 4964 ἐμπαρέχοντι

2078 4982 2295 5036 ἑαυτὸν
2326 4981 2398 5050 τῇ
2428 4983 2660 5049 θεότητι
2693 4982 2803 5048 τῆς
2836 4981 3267 5051 προσκυνητῆς
3302 4984 3542 5051 Τριάδος
3562 4983 3651 5037 διὰ

2080 5073 2190 5142 τῆς
2218 5073 2526 5142 δυνάμεως
2566 5071 2685 5126 τῶν
2722 5071 3103 5137 ἐπικλήσεων
3141 5073 3526 5141 χαρισμάτων
3560 5075 3651 5142 ἀρ.

2082 5163 2203 5234 χὴν
2240 5165 2363 5234 ἔχει
2402 5163 2499 5217 καί
2550 5161 2775 5232 πηγήν.
2824 5163 2934 5217 Καὶ
2986 5163 3148 5217 πάλιν
3198 5165 3257 5216 ἐν
3284 5166 3397 5227 τοῖς
3435 5167 3515 5227 εἰς
3559 5166 3655 5234 τὴν

2083 5256 2218 5325 πρὸς
2266 5256 2566 5326 Ῥωμαίους
2614 5254 2930 5325 Ἐπιστολὴν
2979 5253 3341 5325 ἐξηγητικοῖς,
3377 5258 3448 5309 Al
3488 5257 3650 5325 ἱεραὶ,

2085 5347 2242 5416 φησὶ,
2287 5344 2571 5415 δυνάμεις
2624 5345 2943 5415 χωρητικαὶ
2993 5345 3099 5399 τοῦ
3139 5347 3522 5415 Μονοτενοῦς
3560 5346 3652 5401 και

2081 5436 2188 5505 τῆς
2214 5437 2322 5492 τοῦ
2354 5438 2524 5505 άγίου
2554 5438 2900 5505 Πνεύματος
2928 5437 3224 5504 θεότητος.
3249 5436 3458 5503 Οὕτως,
3482 5433 3651 5508 οἶμαι,

2080 5530 2142 5582 τὸ
2169 5530 2268 5600 τῆς
2298 5529 2645 5599 παραδόσεως
2684 5530 2901 5599 ἰσχυρὸν
2929 5529 3089 5598 ἐνῆγε
3119 5528 3383 5593 πολλάκις
3409 5532 3534 5593 τοὺς
3563 5530 3652 5584 ἁν-

2078 5621 2213 5690 δρας
2250 5620 2344 5676 καὶ⁵
2391 5622 2505 5686 τοῖς
2538 5620 2759 5685 οἰκείοις
2798 5622 2978 5676 αὐτῶν
3146 5619 3412 5695 δόγμασιν
3454 5621 3652 5678 (haud
