3968 6552
280 340 466 435 ευδ-

1237 356 1615 419 l’ANOPLIA
1653 354 2113 415 DOGMATICA.
2138 379 2201 393 ’-
2238 356 2391 417 'l‘lT.
2434 352 2571 416 XII.

277 513 415 564 γειν.
475 492 614 545 Ἀλλ’
658 491 777 545 οὐδὲ
835 486 1156 564 Ἀφρικανὸν
1202 487 1293 539 τὸν
1342 488 1753 562 ἱστοριογράφον
1795 492 1857 545 τδ

1977 481 2025 536 ie
2052 478 2370 549 temporibus
2414 478 2715 547 Epitomes,
2759 484 2814 534 et
2867 476 3045 547 ipsum
3093 476 3163 531 ad
3209 477 3354 533 hunc
3389 479 3536 551 loqui

277 587 518 642 τοιοῦτον
548 580 687 649 εἶδος
712 583 809 654 τῆς
837 581 1140 651 δοξολογίας
1164 578 1456 653 παρέλαϐε.
1478 581 1728 635 Φαίνεται
1749 580 1859 653 γὰρ

277 681 337 732 ἐν
380 677 457 749 τῷ
507 676 744 747 πέμπτῳ
783 675 879 745 τῆς
916 672 1032 727 τῶν
1077 673 1310 742 χρόνων
1363 671 1676 743 Ἐπιτομῆς
1717 672 1859 731 οὕτω

278 770 375 823 καὶ
424 766 586 833 αὐτὸς
630 766 802 836 λέγων
823 781 835 794 ⁸
897 766 1094 836 Ἡμεῖς
1141 765 1249 836 γὰρ
1296 768 1349 819 oi
1401 766 1691 820 κάκείνων
1741 765 1858 821 τῶν

277 858 559 928 ῥημάτων
709 857 774 909 τὸ
810 854 1030 925 μέτρον
1063 853 1468 924 ἐπιστάμενοι,
1504 855 1602 909 καί
1630 854 1740 924 τῆς
1765 856 1860 909 πί-

279 968 473 1017 στεως
497 951 607 1005 οὐκ
629 948 989 1018 ἀγνοοῦντες
1019 945 1132 1015 τὴν
1158 946 1354 1016 χάριν,
1388 947 1862 1018 εὐχαριστοῦμεν

280 1042 364 1108 τῷ
410 1038 851 1110 παρασχομένῳ
890 1037 1012 1104 τοῖς
1051 1038 1221 1105 ιδίοις
1250 1038 1393 1108 ἡμῖν
1430 1039 1611 1107 Πατρὶ
1754 1038 1862 1094 τὸν

281 1132 405 1186 τῶν
437 1133 594 1186 ὅλων
616 1129 861 1199 Σωτῆρα
886 1131 986 1183 καὶ
1014 1131 1235 1197 Κύριον
1262 1128 1429 1199 ἡμῶν
1476 1130 1713 1199 Ἰησοῦν
1729 1133 1862 1199 Χρι-

281 1225 456 1276 στόν·
482 1214 530 1288 ᾦ
558 1222 596 1289 ἡ
626 1220 796 1283 δόξα,
820 1218 1222 1288 μεγαλωσύνη
1245 1217 1367 1271 σὺν
1388 1216 1533 1287 ἁγίῳ
1565 1218 1862 1287 Πνεύματι

281 1317 373 1379 εἰς
411 1311 553 1378 τοὺς
589 1308 828 1375 αὶῶνας.
864 1307 945 1361 Τὰ
984 1307 1081 1378 μὲν
1121 1302 1214 1360 οὖν
1253 1304 1387 1360 ἄλλα
1416 1305 1575 1375 τυχὸν
1610 1306 1703 1357 καὶ
1736 1304 1863 1359 ἀπι-

287 1404 555 1475 πηθῆναι
587 1401 832 1465 δύναται,
871 1401 905 1471 ἢ
936 1399 1031 1453 καὶ
1063 1397 1482 1470 μεταγραφέντα
1513 1397 1862 1468 δυσφώρατον

284 1496 431 1566 ἔχειν
468 1496 568 1566 τὴν
599 1492 958 1563 κακουργίαν,
990 1493 1047 1544 ὲν
1081 1492 1179 1562 μιᾷ
1214 1489 1449 1560 συλλαϐῇ
1479 1490 1577 1571 τῆς
1602 1489 1863 1559 διαφορᾶς

285 1587 659 1659 ὑπαρχούσης
678 1586 713 1640 ἃ
731 1585 787 1639 δὲ
811 1584 900 1637 διὰ
918 1583 1257 1655 μακροτέρας
1284 1584 1380 1653 τῆς
1407 1580 1603 1646 λέξεως
1627 1578 1861 1652 παρεθέ-

290 1679 451 1750 μεθα,
471 1679 564 1731 καὶ
588 1679 686 1749 τὴν
703 1675 991 1746 ἐπιϐουλὴν
1011 1673 1309 1743 διαφεύγει,
1326 1672 1417 1726 καί
1441 1673 1538 1743 τὴν
1560 1673 1862 1743 μαρτυρίαν

284 1772 382 1824 ἀπ’
395 1770 574 1825 αὐτῶν
589 1769 694 1824 τῶν
721 1767 1161 1841 συγγραμμάτων
1178 1762 1552 1818 εὐαπόδείκτον
1571 1763 1702 1834 ἔχει.
1725 1767 1789 1819 '0
1807 1764 1863 1818 δὲ

1961 572 2182 628 modum
2222 590 2236 626 :
2283 568 2398 624 Nos
2443 572 2580 624 enim
2626 570 2718 640 qui
2765 578 2815 627 et
2862 570 3078 624 illorum
3263 569 3537 625 uerborum

1964 664 2181 719 modum
2231 662 2551 729 didicimus,
2604 679 2695 716 nec
2738 662 3043 733 ignoramus
3095 660 3220 731 fidei
3268 663 3535 733 gratiam,
3630 693 3642 705 ι

1960 754 2166 826 gratias
2183 753 2390 824 agimus
2409 752 2585 815 Patri,
2615 752 2706 822 qui
2724 752 2873 806 nobis
2892 754 3002 807 suis
3025 752 3286 807 creaturis
3311 752 3540 821 praebuit

1961 848 2325 901 universorum
2350 845 2682 900 Salvatorem
2707 861 2771 898 ac
2792 845 3077 901 Dominum
3095 856 3334 900 nostrum
3353 845 3541 901 Iesum

1962 935 2257 1001 Christum,
2282 936 2576 1006 cuigloria,
2613 936 2866 1005 majestas
2885 953 3003 991 cum
3030 947 3216 992 sancto
3245 937 3449 1007 Spiritu
3484 940 3540 992 in

1962 1028 2179 1082 sarcula.
2214 1028 2284 1080 At
2318 1026 2385 1081 de
2407 1027 2620 1081 exteris
2657 1026 2914 1081 fortassis
2947 1026 3183 1082 dubitari
3203 1029 3409 1098 possit,
3447 1036 3543 1082 aut

1963 1121 2112 1175 credi
2146 1120 2358 1190 possint
2400 1119 2687 1172 immutata
2721 1132 2838 1173 eam
2887 1118 3158 1173 rationem
3204 1119 3442 1183 habere,
3484 1126 3544 1173 ut

1965 1214 2116 1269 fraus
2135 1228 2277 1283 aegre
2308 1210 2640 1281 deprehendi
2670 1210 2865 1281 possit,
2899 1225 3028 1265 cum
3050 1210 3103 1263 in
3140 1210 3303 1264 unica
3333 1210 3545 1281 syllaba

1964 1306 2203 1377 positum
2241 1304 2313 1359 sit
2342 1304 2659 1361 discrimen.
2689 1302 2893 1359 Verum
2923 1317 3044 1372 quat
3083 1303 3334 1372 pluribus
3356 1303 3540 1357 verbis

1964 1402 2109 1455 dicta
2140 1398 2432 1454 citavimus
2455 1438 2470 1462 ,
2510 1414 2574 1454 ea
2615 1413 2716 1454 nec
2755 1398 2988 1453 insidias
3018 1396 3352 1459 admittunt,
3389 1403 3443 1449 et
3474 1395 3546 1449 ab

1965 1491 2101 1562 ipsis
2154 1492 2315 1548 libris
2365 1500 2612 1562 paratum
2660 1491 2865 1546 habent
2917 1488 3313 1545 testimonium.
3365 1485 3541 1540 Porro

1965 1587 2110 1657 quod
2151 1585 2355 1656 alioqui
2391 1585 2642 1642 fortassis
2688 1583 2955 1639 humilius
2990 1582 3153 1646 foret,
3188 1595 3351 1650 quam
3385 1586 3443 1633 ut
3482 1579 3541 1633 it

1966 1680 2203 1735 medium
2236 1679 2560 1742 adducatur,
2596 1676 2691 1732 sed
2734 1677 2783 1731 ei
2838 1683 3020 1730 tamen
3062 1675 3155 1745 qui
3197 1674 3265 1727 de
3298 1672 3540 1726 novitate

1966 1780 2277 1837 accusatur,
2309 1772 2539 1842 perutile
2566 1778 2785 1840 propter
2814 1769 3079 1837 temporis
3124 1766 3538 1836 antiquitatem,

285 1869 461 1929 άλλως
487 1868 582 1938 μὲν
606 1868 733 1931 ἴσως
757 1867 1127 1939 μικροπρεπὲς
1152 1862 1219 1937 ἦν
1236 1868 1314 1930 εἰς
1335 1866 1497 1938 μέσον
1519 1866 1765 1936 ἄγεσθαι,
1788 1865 1866 1937 τῷ

1977 1863 2073 1917 hoc
2118 1877 2341 1933 quoque
2388 1876 2537 1916 nunc
2589 1861 2901 1928 adjicimus.
2939 1858 3128 1913 Visum
3170 1867 3253 1912 est
3292 1858 3543 1926 patrihus

285 1957 346 2010 δὲ
367 1957 716 2028 καινοτομίαν
738 1957 1118 2027 ἐγκαλουμένῳ
1141 1958 1436 2025 ἀναγκαῖον
1460 1956 1539 2020 είς
1566 1955 1868 2027 μαρτυρίαν

288 2050 377 2104 διὰ
391 2051 485 2103 τοῦ
499 2050 690 2123 χρόνου
708 2049 804 2121 τὴν
820 2050 1173 2121 ἀρχαιότητα,
1190 2050 1347 2103 τοῦτο
1363 2048 1426 2121 δὴ
1442 2049 1537 2103 καὶ
1553 2047 1867 2120 προσθήσω.

292 2143 481 2210 Ἔδοξε
511 2147 622 2208 τοῖς
649 2144 918 2215 πατράσιν
952 2144 1111 2215 ἡμῶν
1149 2142 1225 2215 μὴ
1260 2147 1436 2217 σιωπῇ
1460 2143 1557 2217 τὴν
1596 2143 1754 2215 χάριν
1776 2142 1869 2195 τοῦ

289 2234 579 2307 ἐσπερινοῦ
600 2234 775 2304 φωτὸς
883 2234 1152 2305 δέχεσθαι,
1178 2234 1293 2289 ἀλλ’
1315 2234 1476 2299 εὐθὺς
1497 2236 1757 2303 φανέντος
1785 2234 1873 2287 εὐ-

294 2331 591 2400 χαριστεῖν.
607 2328 717 2382 Καὶ
729 2328 876 2391 ὅστις
897 2327 994 2399 μὲν
1009 2329 1037 2381 ὁ
1050 2326 1231 2399 πατὴρ
1247 2326 1356 2381 τῶν
1371 2329 1630 2399 ῥημάτων
1648 2327 1871 2381 ἐκείνων

291 2419 391 2490 τῆς
416 2417 722 2489 ὲπιλυχνίου
744 2418 1113 2490 εὐχαριστίας,
1140 2420 1312 2472 εἰπεῖν
1334 2418 1435 2471 οὐκ
1456 2418 1670 2490 ἔχομεν’
1699 2422 1727 2471 ὁ
1751 2418 1876 2490 μέν-

293 2529 376 2565 τοι
397 2510 525 2574 λαὸς
546 2510 777 2581 ἀρχαίαν
796 2511 990 2582 ἀφίησι
1005 2510 1103 2582 τὴν
1121 2509 1325 2582 φωνὴν,
1342 2511 1435 2563 καὶ
1457 2510 1632 2564 οὐδενῖ
1655 2509 1874 2564 πώποτε

296 2603 513 2659 ἀσεϐεῖν
546 2604 907 2675 ἐνομίσθησαν
936 2604 985 2656 oi
1004 2602 1271 2672 λέγοντες·
1296 2602 1592 2670 Αίνοῦμεν
1617 2601 1868 2672 Πατέρα,

295 2696 394 2750 καὶ
426 2695 580 2760 Υἱὸν,
610 2693 707 2749 καὶ
728 2694 897 2765 ἅγιον
917 2695 1160 2765 Πνεῦμα
1187 2693 1357 2748 Θεοῦ.
1385 2695 1447 2747 Εἰ
1471 2694 1528 2748 δέ
1552 2712 1634 2758 τις
1667 2696 1871 2750 καὶτὸν

298 2788 465 2859 ὕμνον
526 2786 911 2858 Ἀθηνογένους
962 2787 1123 2856 ἔγνω,
1170 2787 1229 2841 ὃν
1267 2786 1456 2858 ὥσπερ
1506 2804 1558 2839 τι
1611 2787 1874 2859 ἀλεξητή-

298 2895 413 2950 ριον
558 2880 671 2940 τοῖς
720 2875 968 2931 συνοῦσιν
1020 2875 1170 2947 αὑτῴ
1224 2876 1632 2938 καταλέλοιπεν,
1688 2878 1874 2948 ὁρμῶν

295 2970 397 3040 ἥδη
438 2968 575 3041 πρὸς
605 2967 702 3038 τὴν
740 2966 827 3021 διὰ
858 2968 1027 3041 πυρὸς
1059 2968 1358 3033 τελείωσιν,
1387 2967 1496 3022 οἶδε
1525 2969 1621 3022 καὶ
1646 2969 1744 3040 τὴν
1766 2969 1875 3023 τῶν

298 3058 594 3129 μαρτύρων
624 3057 848 3129 γνώμην
882 3059 1025 3122 ὅπως
1060 3057 1204 3129 εἶχον
1234 3059 1361 3130 περὶ
1401 3057 1495 3112 τοῦ
1531 3059 1873 3130 Πνεύματος.

251 3215 255 3221 ν
296 3151 407 3204 Καὶ
428 3149 601 3203 ταῦτα
640 3149 738 3221 μὲν
765 3149 845 3211 είς
871 3149 1147 3203 τοσοῦτον.

500 3242 797 3314 Γρηγόριον
849 3242 905 3295 δὲ
955 3242 1046 3295 τὸν
1099 3242 1311 3311 Μέγαν,
1364 3246 1457 3296 καὶ
1508 3240 1607 3307 τὰς
1662 3242 1870 3296 ἐκείνου
1908 3230 1949 3284 (ἶ

297 3334 484 3405 φωνὰς
520 3333 621 3387 ποῦ
663 3334 939 3405 θήσομεν;
982 3328 1069 3404 ἆρ’
1109 3333 1229 3405 οὐχὶ
1266 3334 1402 3404 μετά
1428 3333 1534 3388 τῶν
1562 3333 1875 3388 ἀποστόλων

297 3426 393 3477 καὶ
428 3424 760 3495 προφητῶν;
803 3422 972 3494 ἄνδρα
1008 3420 1086 3493 τῷ
1132 3421 1281 3492 αὑτῷ
1329 3422 1603 3493 Πνεύματι
1648 3423 1877 3486 ἐκείνοις

300 3517 753 3588 περιπατήσαντα
786 3550 802 3577 ,
935 3515 1029 3568 καὶ
1069 3516 1180 3577 τοῖς
1224 3513 1332 3570 τῶν
1377 3515 1547 3584 ἁγίων
1583 3515 1752 3586 ἴχνεσι
1791 3516 1880 3569 διὰ

299 3605 503 3667 παντὸς
539 3604 632 3658 τοῦ
679 3603 793 3675 βίου
838 3605 1219 3676 στοιχήσαντα,
1260 3605 1355 3657 καὶ
1390 3605 1489 3675 τῆς
1522 3605 1881 3676 εὑαηελικῆς

303 3696 580 3761 πολιτείας
613 3698 674 3750 τὸ
711 3697 935 3768 ἀκριϐὲς
987 3695 1075 3749 διά
1130 3696 1310 3767 πάσης
1366 3696 1531 3751 αὐτοῦ
1586 3698 1684 3768 τῆς
1735 3698 1881 3768 ζωῆς

301 3787 745 3858 κατορθώσαντα.
800 3787 940 3857 Ἐγὼ
977 3787 1075 3859 μὲν
1108 3784 1266 3839 τοῦτό
1307 3805 1467 3859 φημι·
1514 3784 1590 3841 Ἦ
1631 3790 1883 3860 ἀδικήσο-

306 3898 406 3952 μεν
439 3882 539 3950 τὴν
565 3881 844 3953 ἀλήθειαν,
876 3881 950 3954 μὴ
979 3885 1090 3948 τοῖς
1119 3881 1485 3955 ᾠκειωμένοις
1515 3880 1632 3953 Θεῷ
1655 3882 1753 3953 τὴν
1780 3881 1883 3952 ψυ-

303 3974 403 4045 χὴν
447 3974 662 4045 ἐκείνην
718 3974 1191 4047 συναριθμοῦντες,
1246 3972 1355 4030 οἷόν
1408 3992 1530 4030 τινα
1581 3975 1883 4046 λαμπτῆρα

304 4068 577 4138 περιφανῆ
621 4067 791 4137 μέγαν
823 4069 879 4121 ἐν
919 4071 984 4139 τῇ
1035 4068 1332 4141 Ἐκκλησία
1366 4067 1460 4122 τοῦ
1490 4068 1624 4121 Θεοῦ
1654 4067 1884 4137 διαλάμ-

305 4158 503 4228 ψαντα·
535 4158 593 4223 ὃς
630 4159 859 4233 φοϐερὸν
909 4160 1007 4230 μὲν
1046 4157 1190 4233 εἶχεν
1219 4162 1282 4215 ἐκ
1308 4162 1407 4232 τῆς
1440 4160 1533 4214 τοῦ
1568 4160 1885 4232 Πνεύματος

310 4252 597 4324 συνεργίας
634 4252 776 4306 κατὰ
823 4253 1093 4323 δαιμόνων
1145 4254 1206 4307 τὸ
1245 4255 1468 4327 κράτος·
1515 4253 1781 4324 τοσαύτην
1825 4253 1883 4306 δὲ

307 4340 466 4395 ἔλαϐε
503 4341 595 4394 τοῦ
635 4341 793 4409 λόγου
823 4343 921 4414 τὴν
965 4343 1125 4413 χάριν
1171 4345 1251 4408 είς
1280 4343 1526 4415 ὑπακοὴν
1560 4344 1795 4407 πίστεως
1828 4345 1884 4395 ἐν

307 4434 419 4495 τοῖς
450 4431 680 4495 ἔθνεσιν,
707 4433 869 4499 ὥστε,
897 4434 1261 4489 ἑπτακαίδεκα
1299 4436 1491 4507 μόνους
1528 4436 1885 4506 Χριστιανοὺς

312 4523 665 4594 παραλαϐὼν,
705 4525 825 4579 ὅλον
866 4525 957 4579 τὸν
1001 4526 1130 4580 λαὸν
1174 4527 1263 4579 τόν
1296 4524 1367 4579 ’τε
1408 4527 1627 4580 ἀστικὸν
1671 4527 1882 4579 καὶτὸν

310 4616 598 4685 χωριτικὸν
629 4616 716 4675 διὰ
746 4617 847 4688 τῆς
879 4617 1225 4687 ἐπιγνώσεως
1271 4622 1587 4690 προσήγαγε
1625 4618 1703 4689 τῷ
1743 4617 1880 4689 Θεῷ.

321 4704 557 4769 Ἐκεῖνος
591 4708 681 4759 κοιλ⁵
711 4707 970 4779 ποταμῶν
1095 4709 1283 4782 ῥεῖθρα
1315 4710 1664 4780 μετέστησεν,
1696 4710 1883 4764 ἐπιτά-

312 4794 403 4860 ξας
448 4798 631 4860 αὐτοῖς
667 4800 723 4850 ὲν
764 4798 840 4869 τῷ
871 4799 1095 4871 ὀνόματι
1129 4800 1206 4871 τῷ
1238 4800 1459 4872 μεγάλῳ
1502 4801 1594 4856 τοῦ
1625 4803 1883 4874 Χριστοῦο

311 4887 403 4941 καὶ
456 4887 653 4956 λίμνην
703 4887 964 4958 ἐξήρανεν
1023 4888 1277 4943 ὑπόθεσιν
1332 4890 1565 4961 πολέμου
1615 4892 1885 4963 φέρουσαν

311 4976 561 5044 ἀδελφοῖς
592 4977 959 5041 πλεονέκταις.
984 4980 1050 5032 Ai
1087 4980 1143 5033 δὲ
1178 4980 1286 5035 τῶν
1319 4981 1619 5052 μελλόντων
1648 4999 1886 5053 προαγο-

314 5064 529 5134 ρεύσεις
566 5065 832 5131 τοιαῦται,
861 5066 937 5129 ὡς
969 5067 1134 5139 μηδὲν
1166 5068 1274 5125 τῶν
1302 5070 1476 5124 ἄλλων
1504 5070 1722 5125 ἀποδεῖν
1752 5089 1887 5143 προ-

312 5156 518 5226 φητῶν.
559 5157 669 5209 Καὶ
693 5157 828 5222 ὅλως
870 5161 1077 5231 μακρὸν
1117 5160 1182 5215 ἂν
1214 5161 1299 5233 εἴη
1330 5162 1424 5215 τοῦ
1461 5163 1654 5233 ἀνδρὸς
1682 5163 1887 5235 διηγεῖ-

224 5276 233 5284 -
314 5251 439 5305 σθαι
465 5251 535 5303 τὰ
568 5250 841 5322 θαύματα,
877 5253 935 5316 ὃς
957 5255 1023 5325 τῇ
1056 5253 1325 5326 ὑπερϐολῇ
1347 5254 1456 5308 τῶν
1478 5257 1536 5309 ὲν
1556 5254 1704 5326 αὑτῷ
1728 5273 1887 5328 χαρι-

315 5344 557 5413 σμάτων,
590 5343 699 5397 τῶν
736 5344 1141 5415 ἐνεργουμένων
1186 5345 1291 5398 ὑπὸ
1331 5345 1426 5399 τοῦ
1467 5345 1783 5417 Πνεύματος
1829 5349 1886 5401 ὲν

314 5433 462 5502 πάσῃ
510 5432 734 5503 δυνάμει
779 5437 873 5488 καὶ
919 5435 1164 5506 σημείοις
1213 5436 1309 5489 καὶ
1366 5434 1578 5506 τέρασι,
1635 5435 1887 5509 δεύτερος

312 5523 551 5593 Μωῦσῆς
580 5525 706 5595 παρ’
742 5525 919 5577 αὐτῶν
947 5526 1056 5579 τῶν
1100 5526 1309 5597 ἐχθρῶν
1369 5526 1469 5596 τῆς
1500 5525 1755 5597 ἀληθείας
1786 5528 1886 5580 ἀν-

313 5614 606 5684 ηγορεύετο
629 5616 729 5687 (7).
778 5617 963 5681 Οὕτως
991 5618 1139 5689 αὐτῷ
1164 5620 1221 5671 ὲν
1261 5618 1423 5673 παντὶ
1448 5618 1589 5689 λόγῳ
1620 5620 1714 5674 καὶ
1741 5617 1888 5691 ἔργῳ

316 5709 424 5762 τῶν
446 5709 885 5780 ἐπιτελουμένων
917 5707 1008 5761 διὰ.
1026 5709 1122 5778 τῆς
1157 5709 1379 5779 χάριτος
1409 5702 1521 5761 οἷόν
1556 5725 1608 5760 τι
1641 5706 1759 5775 φῶς
1789 5709 1890 5759 t1:-

316 5801 552 5873 έλαμπε,
588 5804 815 5874 μήνυμα
839 5802 934 5872 τῆς
965 5802 1223 5872 οὐρανίου
1239 5802 1551 5871 δυνάμεως,
1570 5799 1671 5869 τῆς
1700 5802 1763 5856 ἐκ
1787 5799 1883 5853 τοῦ

1969 1956 2206 2021 nostris,
2243 1954 2541 2025 vespertini
2579 1952 2807 2007 luminis
2844 1951 3079 2021 gratiam
3112 1949 3543 2019 haudquaquam

1969 2048 2185 2103 silentio
2234 2047 2513 2117 accipere,
2559 2046 2654 2101 sed
2702 2059 2826 2098 mox
2859 2051 2915 2098 ut
2945 2042 3195 2114 apparuit
3230 2058 3390 2113 agere
3419 2057 3543 2113 gra-

1970 2140 2096 2196 tias.
2134 2139 2268 2206 Quis
2309 2146 2491 2194 autem
2539 2136 2703 2192 fuerit
2732 2146 2925 2193 auctor
2953 2137 3169 2191 illorum
3215 2136 3545 2204 verborum,

1971 2246 2090 2301 qua}
2137 2231 2398 2286 dicuntur
2442 2231 2497 2284 in
2540 2230 2843 2300 gratiarum
2888 2228 3105 2283 actione
3152 2226 3221 2281 ad
3266 2227 3540 2290 lucernas.

1976 2324 2160 2378 dicere
2214 2340 2327 2377 non
2387 2324 2701 2394 possumus.
2749 2320 2993 2390 Popuius
3037 2328 3219 2374 tamen
3260 2321 3543 2389 antiquam

1972 2414 2182 2485 profert
2218 2430 2444 2478 vocem,
2484 2429 2663 2484 neque
2706 2415 2962 2483 cuiquam
3004 2428 3242 2482 unquam
3278 2413 3378 2469 visi
3418 2422 3547 2469 sunt

1974 2506 2307 2576 impietatem
2368 2506 2733 2569 committere,
2789 2506 2885 2576 qui
2951 2506 3177 2572 dicunt,
3236 2504 3546 2559 Laudamus

1976 2595 2192 2651 Patrem
2229 2607 2277 2652 et
2325 2597 2527 2667 Filium
2575 2608 2626 2652 et
2660 2596 2918 2666 Spiritum
2966 2610 3208 2653 sanctum
3239 2598 3357 2654 Dei.
3390 2597 3547 2663 Quod

1973 2686 2019 2740 si
2063 2687 2187 2757 quis
2219 2689 2383 2741 etiam
2436 2690 2588 2741 novit
2630 2687 3001 2758 Athenogenis
3048 2690 3342 2759 hymnum,
3383 2704 3545 2758 quem

1973 2786 2233 2850 tanquam
2260 2781 2479 2849 aliquod
2504 2781 2803 2835 amuletum
2841 2782 3127 2850 discipulis
3157 2781 3273 2837 suis
3299 2781 3547 2850 reliquit,

1974 2872 2244 2929 festinans
2281 2873 2395 2942 jam
2441 2874 2507 2927 ad
2544 2875 3071 2928 consummationem
3119 2890 3214 2943 per
3245 2875 3460 2944 ignem;
3502 2873 3552 2928 is

1969 2965 2130 3018 novit
2161 2972 2215 3020 et
2252 2973 2554 3036 martyrum
2604 2967 2931 3020 sententiam
2965 2965 3033 3020 de
3078 2964 3303 3036 Spiritu.
3341 2965 3404 3020 Et
3434 2965 3552 3021 haec

1973 3055 2192 3125 quidem
2229 3055 2524 3111 hactenus.

2166 3232 2435 3288 Caeterum
2472 3234 2795 3305 Gregorium
2825 3236 3103 3308 Magnum,
3135 3247 3188 3294 et
3220 3239 3367 3296 illius
3388 3255 3552 3298 voces

1979 3339 2090 3394 quo
2139 3325 2260 3381 loco
2286 3327 2521 3397 ponam?
2550 3342 2731 3382 annon
2767 3344 2889 3383 cum
2929 3330 3192 3401 apostolis
3227 3339 3281 3385 et
3316 3332 3552 3404 prophe—

1976 3416 2087 3470 tis?
2116 3418 2292 3471 virum
2324 3419 2418 3487 qui
2447 3419 2637 3474 eodem
2671 3418 2875 3489 Spiritu
2894 3436 3002 3492 quo
3031 3421 3109 3475 illi
3132 3432 3404 3488 versatus,
3429 3423 3552 3493 qui-

1978 3523 2087 3578 que
2118 3517 2438 3564 sanetorum
2461 3511 2708 3581 vestigiis
2740 3527 2836 3581 per
2862 3527 3078 3568 omnem
3114 3515 3278 3567 vitam
3310 3514 3551 3580 inhaesit,

1980 3599 2186 3669 quique
2229 3602 2558 3670 evangelica:
2592 3603 3025 3659 conversationis
3058 3609 3334 3674 vigorem,
3379 3620 3555 3674 quan-

1982 3691 2074 3745 diu
2104 3691 2257 3754 vixit,
2289 3692 2568 3761 praestitit.
2602 3691 2861 3763 Equidem
2906 3695 3012 3749 hoc
3043 3696 3276 3750 dixerim
3305 3714 3319 3749 :
3353 3696 3554 3765 lnjuria

1982 3780 2327 3839 alIecerimus
2356 3785 2666 3849 veritatem,
2697 3785 2744 3839 si
2777 3800 2887 3839 non
2916 3786 3156 3838 animam
3188 3786 3335 3839 illam
3376 3801 3557 3841 annu-

1982 3890 2256 3931 nteremus
2286 3876 2356 3931 iis
2384 3876 2479 3946 qui
2510 3875 2621 3934 Deo
2642 3877 2824 3948 juncti
2855 3885 3005 3942 sunt,
3034 3878 3127 3948 qui
3151 3879 3298 3933 velut
3326 3880 3561 3950 insignis

1984 3981 2287 4037 magnaque
2314 3968 2539 4024 lucerna
2580 3969 2637 4023 in
2668 3970 2916 4025 Ecclesia
2942 3969 3039 4025 Dei
3067 3971 3430 4041 resplenduit,
3465 3973 3560 4043 qui

1983 4073 2014 4114 e
2046 4057 2285 4129 Spiritus
2318 4076 2421 4131 ope
2464 4062 2805 4117 tremendam
2837 4061 3026 4117 habuit
3058 4063 3325 4120 adversus
3352 4065 3558 4121 daemo-

1984 4166 2084 4207 nes
2134 4160 2459 4221 potestatem
2496 4171 2510 4221 ;
2545 4160 2753 4209 tantam
2806 4170 2940 4210 vero
3003 4160 3275 4212 sermonis
3328 4158 3562 4227 gratiam

1986 4253 2275 4313 acceperat
2320 4244 2390 4299 ad
2444 4245 2813 4302 obedientiam
2859 4247 2985 4304 fidei
3044 4249 3189 4304 inter
3238 4259 3459 4320 gentes,
3503 4259 3564 4307 ut

1986 4337 2227 4406 acceptis
2278 4352 2388 4392 non
2438 4339 2563 4408 plus
2612 4341 3005 4410 septemdecim
3057 4342 3386 4397 Christianis
3435 4347 3562 4399 uni-
3656 4405 3665 4413 ,

1988 4442 2208 4482 versum
2254 4429 2517 4499 populum
2550 4438 2605 4484 et
2652 4431 2927 4486 urbanum
2976 4440 3030 4489 et
3077 4437 3421 4491 rusticanum
3470 4453 3567 4508 per

1990 4518 2321 4589 agnitionem
2349 4519 2667 4591 adjunxerit
2698 4521 2831 4578 Deo.
2862 4521 2957 4579 llle
2978 4534 3033 4580 et
3066 4525 3353 4582 ﬂuminum
3391 4544 3564 4599 aquas

1989 4611 2041 4665 in
2075 4610 2350 4667 diversum
2386 4614 2569 4677 vertit,
2602 4616 2927 4686 praecipiens
2957 4617 3067 4673 illis
3116 4619 3169 4673 in
3223 4635 3421 4691 magno
3460 4640 3561 4678 no-

1989 4704 2135 4759 mine
2165 4703 2400 4770 Christi,
2435 4716 2488 4761 et
2532 4708 2787 4777 paludem
2821 4710 3141 4777 exsiccavit,
3175 4712 3302 4767 belli
3337 4729 3560 4771 causam

1990 4795 2316 4865 praebentem
2346 4795 2613 4854 fratribus
2646 4800 2849 4855 avaris.
2882 4800 3149 4856 Cmterum
3178 4804 3565 4873 praedictiones

1989 4882 2057 4937 de
2082 4882 2280 4939 futuris
2317 4885 2587 4954 ejusmodi
2619 4898 2779 4954 sunt,
2811 4897 2869 4944 ut
2898 4891 3070 4946 nihilo
3101 4894 3174 4949 sit
3207 4894 3432 4951 inferior
3460 4916 3564 4955 ca:-

1991 4975 2123 5029 teris
2157 4975 2454 5046 prophetis.
2505 4976 2612 5034 Sed
2661 4980 2887 5036 omnino
2915 4983 3231 5055 perlongum
3264 4985 3427 5041 fuerit
3461 4991 3563 5046 vi-rt

1993 5080 2319 5136 percensere
2348 5070 2613 5125 miracula
2642 5090 2657 5127 :
2698 5073 2793 5142 qui
2827 5082 3052 5145 prepter
3085 5076 3352 5132 donorum
3384 5082 3561 5135 excel—

1991 5157 2211 5212 lentiam
2253 5164 2376 5229 quae
2417 5160 2473 5214 in
2514 5161 2635 5231 ipso
2677 5165 3007 5235 operabatur
3053 5165 3290 5238 Spiritus
3330 5170 3385 5224 in
3413 5174 3563 5228 omni

1987 5248 2190 5304 virtute
2243 5257 2296 5304 et
2347 5250 2521 5321 signis
2561 5266 2626 5306 ac
2674 5253 2972 5325 prodigiis,
3025 5256 3092 5309 ab
3135 5257 3270 5326 ipsis
3316 5261 3566 5318 veritatis

1990 5341 2239 5398 hostibus
2277 5343 2414 5398 alter
2460 5341 2638 5399 Moses
2806 5347 3203 5416 appellabatur.
3255 5348 3311 5403 ln
3347 5359 3561 5410 tantum

1991 5433 2047 5487 in
2085 5432 2179 5487 illo
2210 5434 2266 5489 in
2294 5434 2553 5491 omnibus
2587 5443 2701 5489 tum
2744 5435 2908 5491 dictis
2937 5445 3051 5490 tum
3094 5437 3283 5505 factis,
3316 5459 3436 5512 qua:
3471 5461 3567 5516 per

1988 5528 2219 5597 gratiam
2252 5528 2675 5597 peragebantur,
2702 5529 2865 5583 veluti
2897 5530 3076 5585 lumen
3107 5532 3377 5604 quoddam
3402 5539 3566 5594 reful-

1990 5617 2171 5684 gebat,
2220 5618 2460 5672 cmlestis
2503 5617 2722 5672 virtutis
2760 5618 3042 5686 indicium,
3085 5636 3205 5692 quae
3245 5637 3311 5677 ex
3351 5628 3567 5684 occulto

1992 5710 2372 5766 asscctabatar
2423 5709 2789 5780 illum.Hujus
2814 5711 2992 5767 adhuc
3028 5713 3326 5768 etiamnum
3367 5726 3563 5783 magna

1994 5813 2075 5857 ost
2103 5804 2247 5873 apud
2269 5804 2390 5873 ejus
2424 5804 2663 5874 regionis
2688 5803 2937 5861 homines
2967 5805 3290 5872 admiratio,
3318 5819 3568 5877 novaque

3424 326 3650 415 806‘
