3968 6548
424 380 525 439 807

1388 385 1757 444 ιιικοηιλ
1806 385 2258 445 οοολιιιτιοιι.
2300 364 2554 444 -—"rtT.
2598 380 2737 443 xn.

3588 388 3688 450 ξοδ

430 528 493 568 ac
524 524 741 582 semper
784 522 977 565 recens
1012 507 1272 563 memoria
1304 508 1381 560 sic
1416 506 1580 559 inlth
1610 518 1690 560 rsl
1718 506 1993 572 Ειςυιυεῐὶε,

2103 518 2343 588 ἀφανοῦς
2368 520 2758 591 παρεπομένης
2783 518 2949 588 αὐτῷ.
2975 516 3175 571 Τούτου
3203 518 3345 589 μέγα
3368 519 3448 573 ἔτι
3475 520 3572 573 καὶ
3590 519 3683 574 νῦν

430 614 489 658 ιιι
519 604 670 659 nullo
713 610 955 672 tempore
1007 599 1335 654 obsolescat.
1393 595 1581 667 Itaque
1636 614 1745 651 non
1800 598 2001 652 factum

430 694 669 765 aliquod,
706 694 1072 755 nondictum,
1108 707 1212 745 non
1262 693 1424 745 ritum
1475 691 1643 745 ullum
1677 692 2019 763 mysticum,-

431 784 570 837 ultra
603 798 765 853 quam
802 781 891 836 ille
924 781 1165 852 reliquit,
1197 782 1455 837 Ecclesia:
1482 782 1822 851 adjecerunt.
1860 781 2006 847 Qua-

431 881 649 945 propter
677 874 840 927 etiam
870 873 1037 926 multa
1072 888 1138 926 ex
1166 872 1251 926 his
1274 889 1395 942 qua:
1426 872 1569 942 apud
1603 873 1724 926 illos
1746 884 2003 944 aguntur,

431 964 747 1036 imperfecta
809 982 931 1019 esse
996 964 1281 1021 videntur.
1353 978 1574 1035 propter
1636 967 2005 1022 institutionis

429 1058 828 1125 antiquitatem.
873 1053 1005 1107 Nam
1040 1056 1133 1124 qui
1168 1056 1219 1106 in
1251 1054 1619 1109 Ecclesiarum
1651 1056 2003 1111 administra-

429 1148 629 1201 tionem
671 1153 1091 1207 successerant,
1143 1145 1274 1198 nihil
1316 1162 1378 1199 ex
1418 1146 1499 1199 his
1538 1162 1657 1216 qua:
1697 1155 1817 1215 post
1853 1149 2002 1201 illum

429 1236 735 1306 excogitata
779 1243 939 1299 sunt,
982 1236 1102 1288 loco
1133 1236 1486 1288 additameuti
1531 1238 1820 1291 voluerunt
1865 1239 2002 1293 reci-

430 1342 574 1395 pere.
610 1324 787 1379 Unnm
818 1328 999 1394 itaque
1022 1340 1087 1379 ex
1120 1325 1366 1395 Gregorii
1403 1326 1671 1381 institutis
1704 1336 1806 1390 est,
1839 1330 2002 1383 etiam

432 1415 521 1468 ille
566 1413 682 1483 ipse
715 1413 1130 1483 gloriﬁcationis
1167 1415 1392 1479 modus,
1432 1416 1519 1467 cui
1558 1432 1701 1469 nunc
1731 1418 2004 1471 contradi-

430 1509 595 1570 citur,
630 1524 698 1562 ex
746 1508 889 1561 illius
942 1509 1229 1563 traditione
1277 1510 1329 1563 in
1383 1508 1623 1566 Ecclesia
1672 1515 2001 1570 custoditus.

430 1594 540 1650 Nec
563 1596 792 1648 multum
824 1595 987 1649 fuerit
1010 1598 1233 1665 negotii,
1260 1598 1331 1663 ei,
1369 1600 1462 1667 qui
1501 1600 1604 1654 iter
1630 1601 1789 1655 breve
1817 1618 2006 1658 susce-

2104 612 2217 675 τοῖς
2240 613 2525 685 ἐγχωρίοις
2555 612 2616 665 τὸ
2649 610 2856 682 θαῦμα,
2889 612 2981 664 καὶ
3003 611 3171 683 νεαρά
3197 614 3289 666 καὶ
3317 613 3405 666 ἀεὶ
3440 612 3683 683 πρόσφα-

2106 721 2196 767 τος
2224 705 2256 774 ἡ
2290 706 2477 775 μνήμη
2505 704 2627 766 ταῖς
2669 702 3013 772 Ἐκκλησίαις
3047 702 3340 772 ἐνίδρυται,
3367 702 3545 755 οὐδενῖ
3569 702 3687 775 χρό-

2103 812 2178 865 νῳ
2211 792 2619 871 ἀμαυρουμένητ
2661 791 2869 846 Οὐκοῦν
2898 793 2956 844 ού
2999 793 3196 862 πρᾶξίν
3236 810 3375 858 τινα,
3413 793 3475 846 ού
3506 794 3683 862 λόγον,

2105 886 2164 938 ού
2187 886 2353 937 τύπον
2374 886 2497 937 τινα
2527 885 2809 955 μυστικὸν,
2836 885 2963 956 παρ’
2988 885 3045 937 ὃν
3068 887 3270 948 ἐκεῖνος
3402 886 3685 948 κατέλιπ,

2104 981 2170 1048 τῇ
2219 976 2511 1047 Ἐκκλησία
2546 976 2913 1046 προσέθηκαν.
2948 976 3128 1045 Ταύτῃ
3163 994 3243 1030 τοι
3266 982 3359 1030 καὶ
3387 977 3557 1030 πολλά
3576 977 3687 1030 τῶν

2106 1066 2233 1137 παρ’
2259 1067 2441 1127 αὐτοῖς
2469 1064 2810 1134 τελουμένων
2845 1066 3105 1129 ἐλλειπῶς
3140 1067 3283 1135 ἔχειν
3316 1068 3465 1121 δοκεῖ
3502 1068 3591 1120 διά
3627 1067 3689 1120 τὸ

2105 1158 2203 1228 τῆς
2230 1155 2614 1217 καταστάσεως
2639 1156 3051 1225 ἀρχαιότροπον.
3080 1157 3244 1210 Οὐδὲν
3265 1158 3372 1229 γὰρ
3396 1158 3689 1229 ἠνέσχοντο

2105 1252 2153 1302 oi
2203 1250 2343 1303 κατά
2395 1247 2642 1318 διαδοχὴν
2693 1248 2791 1309 τὰς
2848 1246 3171 1318 Ἑκκλησίας
3232 1250 3688 1319 οἱκονομήσαντες

2105 1343 2213 1396 τῶν
2257 1343 2373 1412 μετ’
2427 1345 2631 1395 ἐκεῖνον
2687 1340 3085 1411 ὲᾳευρεθέντων
3141 1341 3547 1412 παραδέξασθαι
3608 1344 3690 1406 εἰς

2109 1434 2445 1506 προσθήκην.
2485 1433 2579 1485 Ἕν
2609 1430 2787 1483 τοίνυν
2815 1430 2922 1483 τῶν
2947 1431 3244 1504 Γρηγορίου
3281 1434 3373 1485 καὶ
3409 1436 3437 1486 ὁ
3470 1433 3565 1485 νῦν
3586 1435 3688 1487 ἁν-

2106 1526 2449 1596 τιλεγομενος
2490 1522 2687 1595 τρόπος
2740 1521 2837 1592 τῆς
2885 1521 3192 1593 δοξολογίας
3250 1526 3418 1588 ἐστὶν,
3467 1528 3529 1578 ἐκ
3583 1526 3689 1596 τῆς

2109 1620 2317 1672 ἐκείνου
2370 1620 2723 1689 παραδόσεως
2771 1626 2835 1692 τῇ
2899 1617 3192 1691 Ἐκκλησία
3248 1620 3685 1690 πεφυλαγμένος.

432 1690 589 1759 perit,
623 1704 786 1757 super
822 1687 903 1742 his
934 1688 1317 1743 certitudinem
1357 1692 1627 1761 accipere.
1658 1692 1807 1748 llanc
1844 1694 1993 1748 ﬁdem

2109 1710 2217 1762 Καὶ
2248 1710 2309 1761 ού
2351 1711 2576 1773 πολὺς·ὁ
2609 1711 2770 1774 τιόνος
2808 1711 3002 1782 μικρὸν
3032 1710 3303 1781 κινηθέντι
3327 1710 3425 1782 τὴν
3449 1713 3539 1763 ἐπὶ
3557 1713 3688 1765 τού-

430 1787 483 1831 et
532 1776 849 1830 Firmiliauo
901 1786 1091 1832 nostro
1143 1778 1343 1845 fuisse,
1380 1790 1652 1835 testantur
1707 1783 1830 1837 libri
1865 1800 2005 1854 quos

433 1869 668 1938 reliquit.
720 1867 944 1938 Insuper
988 1878 1040 1920 et
1090 1869 1361 1924 Meletium
1414 1872 1564 1926 illum
1622 1873 2004 1929 admirandum

434 1958 486 2011 in
523 1958 708 2013 eadem
755 1957 926 2013 fuisse
971 1959 1274 2022 sententia,
1322 1972 1548 2015 narrant
1587 1965 1680 2033 qui
1731 1980 1855 2019 cum
1912 1966 2005 2021 illo

431 2052 704 2107 vixerunt.
737 2049 843 2105 Sed
872 2050 1001 2120 quid
1029 2066 1166 2121 opus
1196 2059 1279 2107 est
1321 2061 1503 2108 vetera
1536 2058 2007 2113 commemorare?

431 2142 527 2199 sed
557 2152 610 2198 et
640 2158 788 2198 nunc
818 2143 873 2197 in
903 2142 1145 2207 Oriente,
1175 2157 1353 2198 nonne
1388 2144 1491 2200 hoc
1520 2162 1630 2201 uno
1656 2148 2003 2217 potissimum

429 2251 524 2291 eos
568 2235 659 2305 qtti
709 2238 797 2306 pie
849 2237 1092 2290 sentiunt
1139 2243 1482 2306 agnoscunt,
1521 2238 1623 2293 hac
1668 2255 1804 2295 voce
1836 2242 2003 2296 veluti

430 2327 663 2396 quodam
721 2328 877 2399 signo
934 2343 1065 2383 suos
1119 2329 1188 2383 ab
1240 2329 1435 2386 alienis
1486 2331 1898 2400 dijudicantes?
1940 2333 2006 2390 Ut

432 2426 611 2472 autem
642 2434 741 2488 ego
784 2434 813 2472 e
862 2418 1097 2488 quodam
1127 2419 1517 2490 Mesopotamio
1545 2422 1752 2487 audivi,
1786 2425 1903 2478 viro
1951 2434 2004 2480 et

433 2509 631 2571 lingua:
661 2509 854 2578 perito,
886 2516 939 2563 et
968 2512 1236 2565 sententia
1271 2511 1615 2584 incorrupto,
1644 2529 1711 2569 ne
1747 2515 1859 2570 fieri
1890 2517 2006 2587 qui-

432 2599 553 2653 dem
595 2607 772 2669 potest
820 2609 876 2654 ut
920 2602 1077 2654 aliter
1121 2602 1301 2673 lingua
1348 2605 1640 2659 vernacula
1690 2606 2001 2676 loquantur,

429 2690 642 2744 etiamsi
684 2691 848 2744 velint
881 2709 894 2744 :
926 2691 1019 2746 sed
1052 2707 1277 2748 necesse
1315 2694 1423 2750 illis
1461 2704 1544 2751 est
1593 2704 1651 2749 ut
1698 2712 1792 2767 per
1842 2698 2005 2770 sylla-

430 2780 552 2835 bam
608 2791 685 2842 ει,
759 2782 843 2835 vel
897 2783 1077 2851 potius
1122 2800 1217 2852 per
1250 2802 1409 2842 voces
1449 2804 1569 2857 quae
1611 2788 1750 2843 idem
1799 2791 2005 2860 pollent

428 2869 573 2938 quod
608 2870 718 2930 illa,
744 2872 896 2939 juxta
933 2875 1320 2942 proprietatem
1362 2876 1557 2946 linguae
1582 2879 1823 2949 regionis
1853 2880 2003 2939 illius

429 2959 874 3029 gloriﬁcationem
919 2965 1218 3032 proferant.
1263 2966 1405 3032 Quin
1449 2979 1500 3021 et
1536 2970 1894 3040 Cappadoces
1922 2974 2004 3028 sic

426 3051 581 3118 juxta
614 3052 852 3121 regionis
885 3068 1087 3108 morem
1121 3056 1416 3124 loquimur,
1459 3059 1569 3128 jam
1622 3069 1736 3115 tum
1790 3063 1847 3117 in
1896 3064 2001 3119 lin-

428 3157 655 3212 gnarum
686 3144 973 3206 divisione,
1011 3146 1312 3201 dictionum
1348 3152 1639 3207 utilitatem
1683 3156 2001 3225 providente

430 3231 657 3301 Spiritu.
692 3233 832 3298 Quid
866 3250 1029 3303 porro
1072 3235 1337 3293 Occidens
1387 3249 1532 3297 totus
1554 3283 1567 3306 ,
1601 3246 1996 3314 propemodum

429 3324 498 3377 ab
526 3323 738 3394 Illyrico
775 3342 945 3395 usque
974 3326 1038 3380 ad
1065 3326 1199 3383 lines
1227 3332 1398 3386 nostri
1429 3334 1624 3388 orbis?
1653 3352 1833 3392 nonne
1856 3339 1998 3395 hanc

429 3430 614 3470 vocem
646 3418 867 3471 tuetur?

613 3505 714 3572 Qui
749 3508 805 3561 ﬁt
828 3509 1015 3578 igitur,
1051 3520 1108 3563 ut
1134 3525 1235 3580 ego
1259 3511 1360 3565 sim
1394 3511 1706 3585 innovator,
1730 3524 1781 3573 et
1805 3534 2000 3575 recen-

428 3595 626 3649 tiorum
666 3600 951 3654 verborum
989 3604 1361 3659 architectus?
1392 3620 1515 3661 eum
1547 3614 1692 3664 totas
1726 3611 1995 3677 nationes,

426 3688 698 3753 civitates,
732 3699 784 3744 et
818 3694 1271 3749 consuetudinem
1300 3698 1448 3751 omni
1482 3698 1761 3755 hominum
1794 3720 1998 3757 memo-

429 3779 507 3831 ria
530 3782 901 3847 vetustiorem,
927 3784 1149 3855 insuper
1169 3794 1223 3840 et
1240 3788 1387 3841 viros
1412 3788 1668 3846 Ecclesia:
1687 3793 1993 3859 columnas,

434 3870 583 3923 omni
628 3871 857 3925 scientia
887 3887 949 3926 ac
978 3874 1180 3929 virtute
1223 3874 1464 3945 Spiritus
1493 3879 1703 3945 claros,
1736 3882 1904 3937 duces
1934 3899 1997 3937 ac

428 3968 689 4027 patronos
724 3963 885 4033 hujus
926 3970 1076 4020 vocis
1118 3968 1404 4021 exhibeam
1428 3970 1451 4009 ν

472 4118 742 4187 Ejusdem,
772 4135 837 4173 ea:
871 4120 1107 4189 Epistula
1136 4122 1206 4175 ad
1234 4118 1576 4175 Eustathium
1603 4121 1931 4177 Armenium.

477 4300 763 4357 Esseerari
787 4313 1001 4373 oportet
1023 4318 1116 4359 eos
1144 4305 1233 4373 qui
1257 4304 1521 4374 Spiritum
1551 4317 1798 4364 sanctum
1829 4323 1986 4365 crea-

310 4386 327 4401 ’
400 4406 514 4451 tum
545 4410 667 4451 esse
721 4396 927 4459 dicunt,
983 4399 1185 4466 quique
1213 4399 1354 4453 sicut
1404 4410 1596 4454 natura
1646 4410 1870 4457 sanctus
1898 4414 1981 4458 est

400 4485 580 4552 Pater,
611 4496 665 4539 et
705 4496 897 4540 natura
929 4500 1152 4543 sanctus
1180 4498 1264 4544 est
1316 4487 1510 4555 Filius.
1541 4507 1651 4549 non
1715 4494 1841 4549 item
1893 4494 1979 4564 ip-

395 4596 515 4635 sum
552 4588 748 4634 natura
781 4589 1025 4634 sanctum
1059 4594 1181 4636 esse
1210 4586 1563 4649 conﬁtentur,
1605 4586 1698 4640 sed
1736 4601 1767 4639 a
1800 4586 1979 4641 divina

395 4675 659 4743 heataque
712 4686 901 4727 natura
952 4673 1187 4729 alienum
1245 4686 1518 4733 asserunt.
1579 4676 1746 4732 [lecte
1796 4690 1978 4734 autem

392 4766 683 4821 sentientis
724 4767 978 4822 indicium
1017 4778 1120 4833 est,
1159 4770 1204 4822 si
1240 4768 1415 4836 ipsum
1457 4784 1487 4823 a
1522 4768 1685 4825 Patre
1732 4766 1980 4841 Filioque

395 4876 501 4914 nou
538 4876 782 4928 separes.
818 4859 1047 4931 Oportet
1071 4862 1217 4916 enim
1246 4877 1344 4918 nos
1376 4863 1449 4917 ita
1490 4863 1778 4933 baptizari,
1834 4866 1979 4920 sicut

397 4950 628 5003 instituti
660 4965 870 5015 sumus,
904 4951 985 5005 sic
1017 4961 1197 5006 autem
1229 4953 1475 5017 credere,
1516 4962 1572 5006 ut
1601 4954 1974 5023 baptizamur;

390 5052 555 5113 atque
617 5043 691 5097 ita
754 5044 1082 5113 gloriﬁcare,
1132 5046 1269 5098 sicut
1320 5045 1595 5101 credimus
1652 5046 1869 5103 Patrem
1923 5060 1978 5105 et

385 5136 579 5191 Filium
650 5147 704 5191 ct
764 5136 1022 5205 Spiritum
1075 5147 1345 5191 sanctum.
1395 5140 1476 5193 Ab
1532 5138 1636 5196 illis
1696 5156 1824 5196 vero
1882 5144 1972 5212 qui

382 5230 642 5301 Spiritum
682 5240 924 5284 creatum
959 5241 1230 5294 asserunt,
1267 5240 1326 5286 ut
1356 5233 1423 5289 ab
1453 5234 1759 5290 hominibus
1789 5247 1976 5302 aperte

385 5323 834 5378 maledicemibus
869 5322 1190 5386 abhorrere,
1224 5323 1315 5378 illo
1378 5328 1655 5382 confesso.
1708 5327 1973 5383 Necessa-

383 5414 460 5468 ria
487 5416 634 5470 enim
683 5426 767 5471 est
822 5416 1029 5471 nouitio
1063 5426 1287 5487 propter
1317 5419 1742 5478 calumniatores
1774 5463 1789 5487 ,
1827 5422 1970 5491 quod

382 5521 479 5561 nec
512 5507 809 5575 ingenitum
868 5509 1097 5566 dicimus
1139 5510 1402 5580 Spiritum
1448 5527 1725 5571 sanctum.
1791 5514 1968 5572 Unum

378 5602 524 5654 enim
554 5600 853 5667 ingenitum
892 5604 1140 5658 novimus
1187 5614 1244 5659 et
1304 5621 1467 5661 unum
1530 5622 1708 5662 rerum
1771 5610 1971 5677 princi-

380 5692 527 5761 pium
556 5691 780 5749 Patrem
829 5694 1045 5751 Domini
1102 5699 1283 5753 nostri
1314 5698 1442 5755 Jesu
1498 5700 1720 5757 Christi.
1778 5702 1965 5772 Neque

375 5784 640 5854 genitum.
676 5784 853 5843 Unum
889 5788 1030 5845 enim
1065 5790 1116 5844 in
1153 5790 1274 5847 ﬁdei
1307 5792 1648 5849 institutione
1698 5793 1962 5865 Unigeui-

2008 4534 2058 4592 ο

2107 1818 2217 1863 τοις
2252 1800 2623 1873 πληροφορίαν
2649 1802 2853 1856 λαϐεῖν.
2886 1802 3099 1873 Ταύτην
3129 1804 3222 1854 καὶ
3244 1803 3578 1875 Φιρμιλιανῷ
3609 1804 3690 1874 τῷ

2105 1892 2358 1964 ἡμετέρῳ
2386 1894 2721 1966 μαρτυροῦσι
2744 1896 2841 1962 τὴν
2874 1894 3053 1947 πίστιν
3082 1896 3128 1947 oi
3162 1895 3307 1963 λόγοι
3332 1895 3424 1958 οὓς
3456 1896 3689 1950 καταλέ-

2105 1987 2279 2040 λοιπε.
2440 1989 2552 2041 Καὶ
2594 1986 2856 2043 Μελέτιον
3046 1987 3135 2040 τὸν
3174 2006 3308 2041 πάνυ
3349 1989 3439 2041 ἐπὶ
3481 1988 3690 2061 ταύτης

2106 2076 2245 2132 εἶναι
2283 2079 2381 2151 τῆς
2412 2079 2636 2152 γνώμης
2679 2081 2725 2133 οἱ
2765 2081 3152 2149 συγγεγονότες
3184 2081 3331 2149 ςασί.
3377 2081 3487 2135 Kal.
3518 2081 3572 2133 τί
3606 2080 3691 2135 δεῖ

2105 2170 2173 2223 τὰ
2216 2169 2422 2224 παλαιά
2462 2170 2675 2239 λέγειν;
2714 2170 2854 2224 ἀλλά
2889 2170 2984 2223 νῦν
3018 2172 3108 2223 ἐπὶ
3145 2169 3245 2241 τῆς
3274 2172 3417 2242 ἑῴας
3586 2171 3690 2242 οῦκ

2107 2261 2186 2313 ἐνὶ
2236 2260 2469 2332 μάλιστα
2515 2261 2689 2332 τούτῳ
2732 2261 2859 2325 τοὺς
2902 2261 3259 2326 εύσεϐοῦντας
3303 2262 3689 2333 γνωρίζουσιν,

2104 2346 2215 2405 οἷόν
2262 2368 2366 2403 τινι
2415 2350 2625 2421 σημείῳ
2672 2353 2737 2422 τῇ
2788 2354 2936 2422 φωνῇ
2987 2350 3158 2424 ταύτῃ
3208 2352 3689 2423 φιλοκρινοῦντεςς

2118 2445 2204 2508 Ὠς
2235 2445 2291 2498 δὲ
2320 2443 2429 2512 ἐγὼ
2455 2461 2600 2507 τινος
2768 2441 2876 2496 τῶν
2909 2446 2972 2495 ἐκ
2996 2444 3423 2513 Μεσοποταμίας
3451 2446 3686 2515 ηκουσα.

2104 2536 2293 2606 ἀνδρὸς
2314 2536 2408 2589 καὶ
2428 2535 2529 2606 τῆς
2556 2534 2807 2604 γλώσσης
2839 2532 3117 2605 ἐμπείρως
3146 2535 3378 2605 ἔχοντος,
3407 2537 3503 2588 καὶ
3532 2538 3687 2589 ἀδια-

2106 2626 2339 2697 στρόφου
2374 2625 2471 2697 τὴν
2497 2625 2748 2696 γνώμην,
2780 2625 2899 2679 οὐδὲ
2931 2626 3154 2679 δυνατὸν
3187 2628 3387 2699 ἑτέρως
3420 2632 3593 2683 εἰπεῖν
3617 2635 3683 2702 τῇ

2103 2713 2354 2786 ἐγχωρίῳ
2398 2717 2571 2785 φωνῇ,
2612 2713 2716 2769 κᾶν
2765 2714 3042 2781 ἐθέλωσιν,
3091 2717 3223 2770 ἀλλά
3269 2718 3356 2771 διὰ
3408 2720 3531 2789 τῆς,
3563 2722 3683 2785 καὶ,

2108 2802 2397 2871 πλλαδῆς,
2427 2804 2626 2873 μᾶλλον
2649 2804 2706 2858 δὲ
2725 2804 2832 2857 τῶν
2852 2804 3285 2876 ίσοδυναμουσῶν
3306 2809 3444 2879 αὐτῇ
3465 2811 3679 2879 φωνῶν,

2105 2892 2247 2947 κατά
2278 2910 2329 2945 τι
2380 2893 2574 2965 ἰδίωμα
2605 2896 2853 2965 πάτριον,
2889 2897 3131 2966 ἀνάγκην
3180 2898 3362 2961 αὐτοῖς
3403 2897 3541 2953 εἶναι
3582 2902 3682 2971 τὴν

2028 3025 2071 3083 C
2102 2984 2409 3053 δοξολογίαν
2444 2985 2758 3057 προφέρειν.
2792 2986 2902 3039 Καὶ
2936 2987 3296 3042 Καππαδέκαι
3325 2990 3382 3042 δὲ
3419 2991 3561 3045 οῦτω
3589 2992 3681 3045 λέ-

2102 3090 2273 3145 γομεν
2318 3076 2618 3146 ὲγχωρίως,
2656 3077 2736 3130 ἔτι
2765 3078 2886 3131 τότε
2919 3080 2975 3131 ἐν
3007 3081 3070 3150 τῇ
3102 3080 3209 3133 τῶν
3246 3081 3510 3150 γλωσσῶν
3546 3085 3679 3139 διαιο

2106 3166 2251 3235 ρέσει
2283 3164 2343 3217 τὸ
2372 3166 2436 3217 ἐκ
2467 3165 2564 3236 τῆς
2597 3164 2789 3230 λέξεως
2817 3170 3085 3237 χρήσιμον
3113 3169 3559 3242 προϐλεψαμένου
3582 3175 3675 3229 τοῦ

2100 3255 2437 3327 Πνεύματος.
2475 3255 2539 3311 Τί
2570 3254 2627 3309 δὲ
2660 3259 2692 3327 η
2731 3256 2883 3320 δύσις
2915 3259 3120 3322 ἅπασα,
3171 3262 3368 3333 μικροῦ
3409 3264 3541 3327 δεῖν,
3570 3266 3677 3320 ἀπὸ

2098 3346 2192 3400 τοῦ
2230 3348 2526 3419 Ἰλλυρικοῦ
2558 3348 2718 3419 μέχρι
2751 3347 2860 3401 τῶν
2891 3349 3031 3421 ὅρων
3058 3351 3155 3422 τῆς
3181 3353 3302 3407 καθ’
3326 3357 3474 3425 ἡμᾶς
3498 3360 3671 3410 οἰκον.

2101 3439 2301 3511 μένης;
2332 3441 2452 3512 ούχὶ
2484 3443 2581 3515 τὴν
2615 3446 2799 3517 φωνὴν
2830 3448 3032 3521 ταύτην
3066 3451 3391 3520 πρεσσεύεις

2300 3535 2422 3600 Πῶς
2460 3532 2553 3589 οῦν
2601 3540 2919 3611 καινοτόμος
2963 3542 3094 3611 ἐγὼ,
3135 3544 3227 3596 καὶ
3265 3547 3549 3616 νεωτέρων
3579 3549 3665 3617 ῥη-

2101 3624 2284 3694 μάτων
2321 3625 2672 3699 δημιουργὸς,
2717 3630 2845 3702 ἔθνη
2886 3632 2981 3687 ὅλα
3026 3636 3121 3688 καὶ
3169 3637 3370 3702 πόλεις,
3422 3639 3515 3691 καὶ
3555 3638 3670 3703 ἔθος

2098 3718 2279 3787 πάσης
2312 3720 2528 3790 μνήμης
2560 3721 2907 3794 ἀνθρωπίνης
2940 3728 3327 3798 πρεσϐύτερον,
3358 3732 3453 3783 καὶ
3475 3731 3669 3796 ἄνδρας

2098 3811 2320 3875 στύλους
2350 3814 2446 3884 τῆς
2489 3816 2836 3886 Ἐκκλησίας,
2870 3818 2927 3871 ὲν
2958 3820 3102 3892 πάσῃ
3147 3821 3345 3889 γνώσει
3390 3824 3483 3877 καὶ
3516 3824 3668 3880 δυνά-

2098 3920 2186 3971 μει
2219 3902 2531 3974 Πνεύματος
2556 3906 2897 3979 διαπρεπεῖς,
2937 3914 3211 3987 ἀρχηγοὺς
3232 3917 3326 3967 καὶ
3364 3920 3667 3988 προστάτας

2093 3995 2189 4063 τῆς
2218 3995 2401 4065 φωνῆς
2430 3997 2805 4069 παρεχόμενος
2831 4019 2845 4067 ;

2106 4129 2213 4184 Τοῦ
2242 4130 2427 4185 αὐτοῦ
2456 4129 2523 4183 ἑκ
2548 4129 2655 4200 τῆς
2687 4133 2837 4208 πρὸς
2868 4134 3208 4208 Εὺοςτάθιον
3234 4140 3341 4191 τὸν
3373 4139 3671 4208 Ἀρμένιον

2713 4203 3062 4273 ἐπιστολῆς.

2178 4292 2700 4365 Ἀναθεματίζεσθαι
2729 4296 2833 4369 χρὴ
2861 4297 2985 4362 τούς
3008 4316 3065 4351 τε
3093 4299 3352 4367 λέγοντας
3382 4302 3588 4371 κτίσμα
3612 4301 3667 4354 τὸ

2090 4386 2314 4457 Πνεῦμα
2354 4388 2416 4440 τὸ
2458 4388 2633 4456 ἅγιον,
2674 4391 2768 4444 καὶ
2806 4391 2933 4453 τοὺς
2980 4390 3052 4459 μὴ
3096 4390 3497 4459 ὁμολογοῦντας
3543 4392 3666 4445 αὐτὸ

2088 4483 2245 4551 φύσει
2276 4482 2431 4550 ἅγιον
2460 4478 2621 4550 εἶναι,
2648 4483 2724 4546 ὡς
2753 4483 2869 4537 ἔστι
2898 4484 3057 4551 φύσει
3091 4484 3243 4551 ἄγκος
3272 4488 3299 4537 ὁ
3334 4486 3545 4556 Πατὴρ,
3575 4485 3662 4537 καὶ

2085 4580 2247 4649 φύσει
2274 4580 2427 4647 ἀγιος
2451 4580 2479 4633 ὀ
2507 4580 2653 4644 Υίδς,
2682 4580 2796 4633 ἀλλ’
2821 4581 3215 4648 ἀποξενοῦντας
3240 4583 3373 4635 αὐτὸ
3396 4585 3492 4647 τῆς
3521 4582 3659 4642 θείας

2082 4674 2177 4725 καὶ
2207 4672 2488 4743 μακαρίας
2518 4673 2755 4741 φύσεως.
2789 4674 3115 4740 Ἀποδείξεις
3141 4673 3197 4725 δὲ
3225 4672 3316 4726 τοῦ
3346 4673 3506 4744 ὀρθοῦ
3536 4690 3657 4741 cppe-

2081 4768 2326 4836 νήματος
2356 4765 2417 4818 τὸ
2454 4766 2528 4836 μὴ
2565 4770 2820 4836 χωρίζειν
2852 4768 2982 4820 αὐτὸ
3018 4767 3226 4837 Πατρὸς
3261 4770 3355 4819 χαί
3392 4766 3545 4819 Υίοῦ.
3575 4766 3659 4816 Δεῖ

2079 4859 2189 4931 γάρ
2233 4860 2381 4931 ἡμᾶς
2431 4858 2793 4929 βαπτίζεσθαι
2839 4860 2958 4930 μὲν,
3002 4859 3078 4923 ὡς
3125 4859 3529 4928 παρελάϐομεν,
3573 4875 3655 4909 πι-

2079 4953 2289 5009 στεύειν
2314 4954 2368 5007 δὲ
2390 4995 2406 5019 ,
2438 4953 2514 5017 ὡς
2547 4952 2927 5024 βαπτιζόμεθα
2947 4996 2963 5019 ,
2995 4952 3242 5018 δοξάζειν
3270 4952 3327 5006 δὲ
3346 4989 3363 5017 ,
3396 4952 3471 5015 ὡς
3501 4966 3651 5005 πεπι-

2078 5047 2394 5115 στεύκαμεν
2442 5047 2685 5116 Πατέρα,
2731 5048 2825 5099 καὶ
2876 5043 3018 5109 Υίδν,
3069 5047 3161 5099 καὶ
3205 5044 3364 5112 ἅγιον
3415 5044 3650 5113 Πνεῦμα,

2076 5140 2410 5209 ἀφίστασθαι
2439 5141 2497 5194 δὲ
2527 5142 2627 5211 τῆς
2656 5141 2944 5202 κοινωνίας
2975 5139 3085 5192 τῶν
3114 5140 3322 5210 κτίσμα
3351 5138 3614 5204 λεγόντων
3633 5176 3647 5197 ,

2074 5233 2147 5297 ὼς
2181 5233 2437 5304 φανερῶς
2472 5232 2966 5303 βλασφημούντων,
2998 5234 3213 5287 ἐκείνου
3241 5234 3648 5303 διωμολογημέ-

2074 5344 2187 5380 νου.
2226 5327 2528 5393 ’Δναγκαία
2566 5326 2673 5397 γάρ
2711 5328 2741 5397 ἡ
2778 5327 3179 5396 ἐπισημείωσις
3210 5325 3299 5379 διὰ
3330 5327 3458 5386 τοῦς
3493 5338 3647 5376 συκο-

2075 5422 2280 5487 φάντας
2305 5435 2319 5451 ⁶
2356 5420 2439 5473 ὃτι
2476 5419 2601 5473 οὔτε
2637 5420 2937 5489 ἀγέννητον
2970 5418 3205 5487 λέγομεν
3243 5417 3303 5470 τὸ
3338 5416 3561 5483 Πνεῦμα
3590 5414 3647 5466 τὸ

2072 5513 2229 5581 ἅγιον
2253 5528 2268 5544 ⁸
2300 5514 2398 5568 ἕνα
2427 5514 2536 5584 γὰρ
2564 5514 2787 5583 οἴδαμεν
2820 5512 3119 5579 ἀγέννητον
3148 5511 3245 5565 καὶ
3282 5510 3413 5583 μίαν
3442 5509 3549 5563 τῶν
3575 5507 3649 5559 ὃν·

2071 5626 2178 5661 των
2203 5608 2378 5679 ἀρχὴν
2405 5610 2497 5662 τὸν
2531 5607 2746 5677 Πατέρα
2773 5606 2865 5660 τοῦ
2898 5606 3100 5675 Κυρίου
3130 5606 3287 5677 ήμῶν
3318 5604 3494 5675 Ἰησοῦ
3525 5603 3647 5669 Χρι-

2071 5698 2196 5753 στοῦ
2222 5716 2237 5730 ·
2270 5699 2399 5753 οὕτε
2435 5704 2713 5772 γεννητόν.
2743 5701 2882 5754 Ἕνα
2914 5701 3021 5772 γάρ
3050 5702 3333 5771 Μονογενῆ
3364 5703 3426 5754 ὲν
3452 5702 3517 5771 τῇ
3552 5716 3642 5752 παι

2073 5792 2286 5863 ραδόσει
2316 5793 2414 5864 τῆς
2448 5795 2684 5858 πίστεως
2713 5793 3101 5864 δεδιὸάγμεθα,
3129 5798 3186 5848 τὲ
3216 5796 3272 5848 δὲ
3306 5795 3529 5865 Πνεῦμα
3558 5795 3641 5859 τῆς
