3968 6550
201 396 308 459 809
1174 398 1544 459 PANOPLIA
1589 401 1768 460 Βίλῧῇ

1877 403 2044 464 ἮᾺ.
2074 409 2310 470 -ΤΙΤ,
2356 407 2492 471 ΧΙΙ.
3343 410 3444 472 810

206 513 464 584 ἀληθείας
498 516 562 568 ἐκ
592 513 686 566 τῦ
724 513 933 584 Πατρὶς
967 514 1364 586 ἐκπορεύεσθαι
1399 514 1768 583 διδαχθέντεςι

1884 529 1994 573 tum
2017 520 2332 579 didicimus.
2357 525 2526 580 Porro
2551 541 2674 580 eum
2694 524 2952 594 Spiritum
2972 524 3220 580 veritatis
3236 540 3264 578 a
3285 524 3444 579 Patre

205 607 267 658 ὶκ
295 605 386 657 τοῦ
417 604 549 658 Θεοῦ
582 600 720 658 εἶναι
752 604 1123 675 ὁμολογοῦμεν
1153 605 1444 668 άκτίστως.
1481 607 1772 675 Ἀναοεμα-

1882 614 2178 680 procedere
2206 614 2582 678 didicerimus.
2622 633 2686 670 ex
2717 617 2827 671 Deo
2850 617 3068 685 quidem
3133 631 3276 681 esse,
3332 631 3435 668 non

200 699 370 762 τ’ἶζειν
417 698 473 751 δὲ
523 700 626 766 χρὴ
680 699 772 750 καὶ
817 699 945 759 τοὺς
990 697 1369 768 λειτουργικὺν
1414 697 1675 766 λέγοντας
1720 700 1767 751 τί

1882 705 2363 758 tameucreationis
2384 705 2589 757 ratione
2602 706 2945 759 contitemur.
2973 705 3254 759 Exsecrari
3276 705 3441 759 etiam

201 789 428 858 Πνεῦμα
454 789 515 841 τό
548 790 702 854 ἆγιον
723 829 736 851 ,
767 789 840 852 ὡς
874 789 962 842 διὰ
992 789 1092 858 τῆς
1122 789 1308 858 φωνῆς
1340 789 1543 858 ταύτης
1573 793 1650 852 είς
1680 792 1768 859 rip

1882 803 2092 861 oportet
2112 809 2207 849 eos
2246 796 2337 862 qui
2373 794 2636 863 Spiritum
2670 808 2922 850 sanetum
2954 797 3146 851 dicunt
3180 812 3302 852 esse
3335 797 3442 850 mi-

198 883 294 934 τοῦ
323 883 622 950 κτίσματος
649 882 1065 950 καταγαγόντας
1088 881 1261 947 τάξιν.
1292 881 1372 932 Τὰ
1400 883 1508 952 γὰρ
1535 881 1751 952 λειτουρ

1885 887 2278 950 nistratorium,
2315 898 2371 940 ut
2401 903 2522 942 eum
2550 889 2650 942 hoc
2673 890 2838 944 verbo
2872 889 2924 944 in
2970 905 3148 944 rerum
3179 905 3437 958 procrea-

198 973 335 1041 γικά
370 972 656 1041 πνεύματα
693 975 966 1044 κτίσματι
1005 977 1135 1046 ἡμῖν
1169 978 1202 1045 ἡ
1236 976 1428 1047 Γραφὴ
1465 978 1765 1049 παρέδωκεπ

1883 986 2060 1032 tarum
2109 978 2358 1034 ordinem
2397 980 2663 1050 redigant.
2695 982 3113 1037 Ministratorios
3156 983 3301 1037 enim
3333 983 3445 1051 spi-

203 1065 472 1130 είποῦσα,
507 1067 587 1118 ὃτι
621 1066 820 1128 πάντες
856 1067 964 1119 εἰσὶ
997 1068 1348 1140 λειτουργικὰ
1383 1070 1668 1140 πνεύματα
1703 1073 1770 1134 εἰς

1885 1073 2022 1124 ritus
2070 1083 2285 1128 creatos
2350 1087 2471 1126 esse
2525 1072 2808 1144 Scriptura
2850 1089 2950 1128 nos
3008 1075 3192 1129 docuit
3225 1077 3266 1141 ί,
3326 1090 3446 1128 om-

204 1158 484 1212 διακονίαν
515 1159 979 1229 ἀποστελλόμενα.
1010 1160 1107 1213 Διὰ
1135 1161 1192 1214 δὲ
1221 1163 1346 1225 τοὺς
1377 1165 1554 1217 πάντα
1585 1164 1771 1234 φύρον-

1884 1179 2000 1226 nes,
2039 1164 2313 1233 inquiens,
2337 1180 2460 1219 esse
2491 1166 2919 1222 ministratorios
2951 1168 3176 1236 spiritus
3202 1169 3255 1220 in
3278 1169 3443 1222 mini-

205 1267 327 1314 τας,
370 1251 462 1303 καὶ
506 1250 584 1320 μὴ
627 1250 1001 1319 φυλάσσοντας
1037 1253 1136 1324 τὴν
1173 1255 1231 1306 ἐν
1267 1256 1377 1320 τοῖς
1426 1255 1772 1323 Εὑαγγελίοις

1883 1256 2108 1308 sterimn
2141 1257 2356 1312 missos.
2384 1257 2461 1312 Ae
2483 1267 2702 1327 propter
2723 1273 2820 1314 eos
2854 1259 2945 1328 qui
2980 1260 3165 1311 omnia
3188 1259 3441 1325 miscent,

203 1342 551 1398 διδασκαλίαν
581 1344 877 1412 ἀναγκαῖόν
907 1347 1026 1399 ἐστι
1057 1347 1150 1398 καὶ
1179 1346 1340 1401 τοῦτο
1373 1347 1770 1417 προδιαστείλα·

1884 1362 1985 1400 nee
2043 1348 2316 1416 Evangelii
2351 1351 2663 1404 doctrinam
2703 1350 3019 1414 observant,
3074 1351 3445 1404 necessarium

205 1433 354 1498 σθαι,
393 1435 473 1486 ὅτι
516 1435 740 1502 φεύγειν
776 1435 858 1488 δεῖ
898 1436 994 1490 καὶ
1031 1437 1154 1500 τοὺς
1192 1438 1294 1508 τὴν
1331 1439 1676 1503 ἀκολουθίαν,
1716 1439 1772 1509 ἢκ

1884 1449 1969 1494 εει
2017 1450 2072 1495 et
2099 1440 2229 1494 illud
2257 1442 2550 1510 explicare.
2615 1443 2923 1512 Fugieudos
2975 1442 3238 1496 nimirum
3277 1442 3440 1496 etiam

204 1527 522 1603 παρέδωκεν
551 1528 684 1596 ἡμῖν
713 1529 740 1580 ὁ
771 1529 975 1596 Κύριος
997 1569 1012 1591 ,
1044 1530 1436 1599 ὲναμείϐοντας
1459 1571 1474 1595 ,
1508 1529 1582 1594 ὡς
1618 1548 1771 1598 φανε·

1885 1532 2004 1585 illos
2043 1533 2134 1602 qui
2158 1531 2354 1588 seriem
2388 1548 2548 1603 quam
2575 1533 2839 1588 Dominus
2867 1533 3109 1599 tradidit,
3137 1533 3448 1597 immutant,

206 1600 319 1687 ρῶς
349 1616 693 1686 μαχομένους
719 1621 782 1688 τῇ
817 1619 1092 1690 εὐσεϐείᾳ,
1126 1622 1221 1673 καὶ
1250 1621 1378 1674 Υίδν
1413 1622 1510 1690 μὲν
1544 1621 1773 1694 προτάσ-

1885 1641 2008 1681 cum
2078 1627 2367 1695 perspicue
2424 1627 2717 1682 veritatem
2771 1636 3107 1696 oppugnent,
3142 1637 3193 1681 et
3252 1627 3445 1680 Filium

210 1723 404 1768 σοντας
446 1707 540 1758 τοῦ
588 1709 822 1776 Πατρῖρς,
868 1707 999 1760 Υἱοῦ
1049 1707 1106 1760 δὲ
1152 1709 1212 1761 τὸ
1261 1707 1486 1779 Πνεῦμα
1526 1707 1587 1760 τὸ
1633 1707 1777 1775 ἆγιον

1885 1719 2104 1789 quidem
2144 1727 2268 1774 ante
2295 1718 2513 1774 Patrem
2546 1722 2903 1785 constituant,
2931 1721 3072 1774 Filio
3104 1735 3233 1774 vero
3277 1718 3449 1789 Spiri-

209 1798 588 1868 προτιθέντας.
628 1798 911 1868 Ἀκίνητον
959 1799 1102 1870 γάρ,
1158 1801 1251 1853 καὶ
1305 1800 1776 1870 ἀπαρεγχείρητον

1892 1821 2002 1864 tum
2023 1820 2376 1881 anteponant.
2441 1810 2688 1866 Firmum
2723 1811 2940 1867 enimet
2970 1811 3294 1866 inviolatum
3356 1812 3453 1864 ob-

213 1862 512 1959 φὺλάσσειν
545 1889 641 1960 τὴν
674 1862 1135 1962 ἀκολουθία-νίῆν
1172 1892 1227 1958 ἐξ
1263 1862 1437 1960 αὑτῆς
1603 1862 1780 1958 gito-ﬁ];

1890 1917 2108 1958 servare
2138 1903 2404 1958 debemus
2435 1903 2705 1967 ordinem,
2736 1919 2899 1974 quem
2939 1921 3004 1958 ex
3058 1903 3178 1973 ipso
3231 1903 3441 1957 Domini

211 1983 306 2036 τοῦ
356 1983 563 2052 Κυρίου
615 1983 1017 2054 παρελάϐομεν,
1067 1984 1334 2046 εἰπόντος.
1389 1981 1778 2050 Πορευθέντες

1889 2011 1984 2049 ore
2034 1997 2376 2064 percepimus
2423 1995 2654 2052 dicentis
2715 2013 2730 2050 :
2775 1996 2972 2051 Eunles
3018 1996 3284 2065 baptizata
3343 2011 3451 2048 om-

207 2077 630 2145 μαοητεύσιιτε
650 2075 844 2128 πάντα
865 2076 936 2130 τὰ
959 2076 1126 2144 ἔθνη,
1145 2073 1538 2140 βαπτίζοντες
1561 2074 1774 2138 αὐτοὺς

1891 2100 1978 2138 ne:
2033 2095 2209 2152 gentes
2267 2085 2324 2136 in
2357 2085 2564 2139 nomine
2603 2085 2786 2140 Patris
2841 2094 2889 2139 et
2947 2083 3076 2138 Filii
3100 2095 3151 2139 et
3211 2083 3444 2152 Spiritm

210 2171 296 2233 είς
326 2167 393 2221 τὸ
423 2168 610 2235 ὄνομα
639 2167 748 2222 τοῦ
778 2169 1011 2236 Πατρὸς
1030 2210 1044 2233 ,
1078 2167 1173 2222 καὶ
1200 2167 1305 2221 τοῦ
1344 2165 1480 2222 Υίοῦ
1500 2204 1515 2229 ,
1549 2165 1648 2220 καὶ
1679 2165 1784 2218 τοῦ
1889 2175 2056 2228 sancti
2092 2176 2129 2229 9,

214 2263 388 2330 ἁγίου
424 2264 788 2332 Πνεύμιιτος.

220 2424 328 2478 Τοῦ
355 2425 541 2478 αὑτοῦ
569 2426 636 2478 ἐκ
665 2423 768 2478 τοῦ
798 2432 844 2491 γ’
868 2423 1016 2502 modo
1051 2421 1343 2489 Εὐνόμιον
1368 2417 1785 2486 ἁντιρῤητικοῦ

1965 2419 2212 2490 Ejusdem
2243 2439 2305 2476 ex
2341 2424 2495 2476 tertia
2522 2423 2769 2478 adversus
2798 2422 3115 2478 Eunomt'um
3151 2423 3407 2476 oratione.

896 2495 1100 2562 λόγου.

283 2652 388 2704 Δύο
567 2650 874 2718 λεγομένων
905 2649 1262 2718 πραγμάτων,
1304 2645 1558 2716 θεότητός
1592 2663 1652 2699 τε
1694 2647 1790 2699 καὶ

1963 2649 2097 2703 Cum
2130 2664 2216 2705 res
2247 2649 2364 2704 duae
2383 2648 2657 2712 dicantur,
2679 2647 2854 2703 deitas
2896 2657 2950 2702 et
2981 2657 3248 2710 creatura,
3288 2647 3456 2699 timui-

215 2745 464 2808 κτίσεως,
485 2741 579 2795 καὶ
608 2742 921 2803 δεσποτείας
951 2741 1042 2792 καὶ
1065 2738 1328 2802 δουλείας,
1347 2739 1442 2792 καὶ
1466 2736 1782 2807 ἀγιαστικῆς

1896 2743 2042 2797 nium
2057 2753 2112 2798 et
2127 2743 2379 2808 servitus,
2405 2745 2640 2814 potentia
2658 2742 3024 2808 sanctiﬁcans,
3045 2749 3097 2794 et
3114 2755 3232 2808 quae
3249 2741 3457 2794 sancti-

217 2833 517 2902 δυνάμεως,
567 2832 660 2883 καὶ
699 2831 795 2899 τῆς
822 2829 1203 2898 ἀγιαζομένης,
1248 2827 1348 2896 τῆς
1393 2846 1452 2881 τε
1491 2831 1555 2881 ὲκ
1579 2827 1784 2894 etiam;

1899 2839 2106 2904 ticatur,
2133 2838 2369 2906 potentia
2383 2837 2670 2906 possidens
2688 2845 2877 2906 suapte
2898 2845 3087 2889 natura
3111 2835 3387 2893 virtutem,
3403 2843 3457 2884 et

220 2925 447 2997 ἐχούσης
497 2924 594 2996 τὴν
634 2925 834 2994 ἀρετὴν
895 2923 988 2976 καὶ
1029 2923 1126 2991 τῆς
1177 2925 1240 2975 ἑκ
1277 2925 1645 2992 προαιρέσεως
1698 2939 1787 2974 κα-

1898 2947 2016 3000 quae
2047 2945 2166 2984 eam
2196 2945 2264 2983 ex
2295 2931 2522 2985 arbitrio
2555 2938 2869 3000 comparat;
2900 2944 3006 2998 qua
3030 2928 3083 2982 in
3111 2937 3258 2996 parte
3283 2926 3456 2994 Spiri-

216 3016 533 3086 τοροούσης,
573 3015 630 3066 ὲν
662 3014 788 3086 ποίᾳ
827 3013 1004 3084 μερίδι
1059 3015 1118 3066 τὸ
1147 3015 1370 3084 Πνεῦμα
1406 3014 1671 3081 τάξομεν;
1705 3015 1783 3065 Ἐν

1899 3031 2010 3074 tum
2024 3020 2363 3074 locabimus?
2391 3019 2537 3073 inter
2557 3035 2652 3075 eos
2677 3021 2770 3090 qui
2804 3020 3212 3074 sanctilicantur
3227 3017 3249 3068 ‘?
3265 3026 3318 3070 at
3341 3017 3455 3085 ipse

214 3110 323 3168 τοῖς
365 3106 782 3175 ἀγιαζομένοιςς
812 3105 928 3160 ἀλλ’
967 3105 1100 3158 αὑτό
1148 3107 1296 3158 ἐστιν
1332 3107 1620 3175 ἀγιασμός.
1651 3109 1781 3160 Ἀλλ⁴

1896 3122 1981 3168 est
2029 3114 2408 3168 sanctiﬁcatio.
2463 3113 2545 3166 An
2597 3113 2736 3166 inter
2783 3127 2877 3167 eos
2917 3112 3008 3181 qui
3064 3109 3330 3180 prmclaris
3388 3124 3451 3162 ac

214 3197 273 3250 ἐν
312 3199 425 3260 τοῖς
450 3196 508 3262 ἐξ
538 3196 1040 3266 ἀνδραγαθημάτων
1086 3196 1186 3266 τὴν
1241 3196 1440 3267 ἀρετὴν
1473 3197 1781 3266 κτομένοιςς

1897 3204 2128 3274 egregiis
2163 3203 2501 3259 facinoribus
2531 3204 2782 3258 virtutem
2825 3203 3000 3271 adepti
3062 3201 3228 3254 sunt?
3269 3209 3323 3254 at
3358 3199 3454 3252 bo-

221 3291 361 3346 ἀλλά
406 3289 563 3358 φύσει
618 3289 764 3342 ἐστὶν
820 3287 1043 3355 ἀγαθόν.
1092 3287 1237 3342 Ἀλλ’
1283 3290 1342 3342 ὲν
1391 3293 1502 3352 τοῖς
1551 3289 1788 3360 λειτουρ-

1895 3306 1986 3345 nus
2032 3299 2223 3344 natura
2271 3298 2375 3343 est.
2414 3287 2495 3342 An
2554 3289 2697 3341 inter
2723 3301 2820 3341 eos
2868 3286 2958 3356 qui
3020 3281 3375 3339 ministrant?
3409 3292 3462 3335 at

220 3387 437 3454 γικοίςς
511 3383 628 3436 ἀλλ’
685 3382 846 3454 ἕτερά
908 3383 1016 3434 εἰσι
1088 3381 1437 3448 λειτουργικὰ
1507 3381 1787 3450 πνεύματα

1892 3380 1978 3435 alii
2017 3391 2145 3436 sunt
2173 3380 2398 3450 spiritus
2429 3377 2832 3443 ministratorii,
2868 3377 2958 3446 qui
3001 3377 3068 3429 ad
3103 3373 3459 3428 ministerium

221 3476 360 3544 πρὸς
404 3474 678 3526 διακονίαν
734 3473 1190 3543 ἀποστελλόμενα.
1245 3473 1320 3526 Οὑ
1356 3473 1534 3526 τοίνυν
1574 3472 1788 3541 ὁμόδουε

1895 3473 2176 3524 mittuntur
2219 3472 2262 3524 ³.
2303 3469 2418 3522 Νοιι
2471 3483 2600 3538 ergo
2639 3467 2994 3537 principalem
3046 3476 3236 3520 natura
3286 3463 3462 3531 Spiri-

220 3567 313 3618 λον
372 3567 502 3636 ἡμῖν
562 3564 741 3633 λέγειν
807 3565 940 3619 αὑτὸ
1009 3564 1273 3635 Θεμιτὸν,
1345 3563 1405 3616 τὸ
1473 3563 1787 3633 ἡγεμονικὸι.

1897 3569 2028 3623 tum,
2061 3559 2138 3612 fas
2179 3568 2262 3612 est
2305 3559 2465 3612 nobis
2515 3573 2838 3612 conservum
2895 3557 3100 3618 dicere,
3150 3571 3324 3623 neque
3360 3569 3464 3607 una

221 3661 288 3728 τῇ
340 3660 544 3726 φύσει,
604 3657 728 3710 οὔτε
781 3661 848 3726 τῇ
908 3657 1082 3711 κτίσει
1137 3655 1533 3725 συναριθμεῖν,
1607 3655 1666 3707 τὸ
1730 3657 1788 3725 τῇ

1900 3667 2014 3706 cum
2075 3649 2338 3704 creaturis
2393 3664 2680 3704 munerare
2734 3664 2882 3714 eum,
2921 3649 3012 3717 qui
3073 3649 3124 3701 in
3199 3646 3379 3699 divina
3416 3657 3467 3696 ct

221 3748 346 3819 θείᾳ
396 3749 488 3800 καὶ
536 3747 782 3818 μακαρίᾳ
835 3746 1030 3817 Τριάδι
1086 3745 1609 3815 συναριθμούμενον.
1681 3747 1788 3815 Ἀρ-

1903 3740 2330 3798 beata'l‘rinitate
2360 3741 2563 3810 pariter
2766 3748 3101 3794 numeratur.
3130 3737 3470 3806 Principatus

225 3833 321 3903 χαὶ
353 3831 451 3899 μὲν
480 3830 608 3902 γὰρ,
637 3831 729 3883 καὶ
769 3829 1028 3896 ἐξουσίαι,
1064 3829 1160 3883 καὶ
1193 3830 1341 3881 πάσα
1376 3831 1408 3898 ἡ
1443 3829 1665 3899 τοιαύτη
1701 3827 1792 3882 κτί

1899 3833 2038 3888 enim
2066 3843 2120 3887 et
2156 3841 2475 3901 potestates,
2513 3845 2577 3884 ac
2613 3829 2836 3898 reliqua:
2869 3827 3130 3898 ejusmodi
3181 3833 3466 3886 crcatnrze,

231 3939 337 3984 at;,
367 3922 433 3973 ὲκ
465 3922 737 3993 προσοχῆς
769 3922 861 3974 καὶ
892 3921 1206 3991 ἐπιμελείας
1231 3920 1321 3973 τὸν
1355 3921 1627 3989 ἀγιασμὸν
1666 3919 1798 3988 ἔχου·

1903 3939 2015 3993 quae
2065 3939 2130 3978 ex
2191 3925 2492 3976 attentione
2527 3936 2591 3975 ac
2645 3921 2826 3975 studio
2856 3919 3340 3974 sanctiﬁcationem
3375 3919 3470 3971 ha-

233 4031 344 4075 σαι,
372 4014 472 4065 οὑκ
496 4013 563 4065 ἂν
596 4012 818 4075 είκότως
844 4011 1002 4080 φύσει
1034 4011 1186 4080 ἆγιαι
1209 4008 1345 4064 εἶναι
1373 4009 1633 4078 λέγοιντο.
1690 4010 1800 4061 Ἑπ-

1904 4019 2047 4077 bent,
2073 4015 2173 4068 dici
2211 4027 2400 4069 natura
2433 4022 2633 4068 sancta:
2657 4011 2778 4080 jure
2811 4028 2912 4065 non
2948 4020 3193 4080 possunt.
3230 4011 3300 4062 Ita
3331 4011 3471 4062 enim

232 4104 555 4175 ορεγόμεναι
594 4103 702 4174 γάρ
734 4103 829 4155 τοῦ
862 4101 1050 4166 καλοῦ,
1091 4102 1231 4156 κατά
1269 4102 1366 4173 τὴν
1403 4101 1690 4168 ἀναλογίαν
1718 4100 1799 4170 τῆς

1903 4106 2099 4160 bonum
2134 4113 2413 4174 appetunt,
2458 4113 2515 4158 ut
2567 4119 2665 4172 pro
2710 4103 2922 4157 ratione
2966 4103 3167 4156 amoris
3214 4103 3266 4156 iu
3303 4101 3470 4154 Deum

234 4198 372 4266 πρὸς
404 4198 494 4250 τὸν
521 4197 650 4250 Θεὸν
687 4197 926 4266 ἀγάπης,
963 4195 1057 4248 καὶ
1092 4194 1186 4248 τοῦ
1214 4194 1423 4265 μέτρου
1443 4193 1539 4262 τῆς
1575 4190 1801 4259 ἁγιωσύ-

1910 4198 2006 4258 sui,
2037 4196 2346 4251 sanctitatis
2393 4209 2702 4249 mensuram
2742 4195 3034 4264 accipiant.
3071 4194 3134 4248 Et
3168 4195 3323 4248 sicuti
3373 4195 3477 4244 ivr-

233 4303 332 4353 νης
367 4284 863 4354 μεταλαμὸάνουσι.
897 4283 1007 4336 Καὶ
1038 4284 1227 4354 ὥσπερ
1251 4284 1278 4335 ὁ
1314 4282 1553 4352 σίδηρος,
1585 4282 1642 4332 ὲν
1669 4280 1800 4351 μέση

1911 4303 2021 4339 rum
2075 4287 2126 4339 in
2187 4287 2362 4340 medio
2403 4286 2524 4354 igne
2567 4290 2824 4355 positum,
2869 4287 3073 4340 ferrum
3111 4287 3328 4353 quidem
3362 4296 3478 4339 CSSC

233 4377 311 4446 τῷ
349 4377 483 4446 πυρὶ
519 4377 789 4446 κείμενος,
823 4376 883 4429 τὸ
933 4376 1031 4446 μὲν
1065 4375 1277 4446 σίδηρος
1309 4371 1447 4426 εἶναι
1483 4376 1585 4427 οὑκ
1617 4372 1800 4426 ἀποϐέ-

1910 4393 2012 4432 ηοιι
2067 4376 2288 4440 desinit,
2343 4377 2436 4431 sed
2502 4377 2570 4430 ob
2628 4377 3160 4430 vehementissimam
3197 4392 3318 4428 cum
3355 4377 3477 4440 igne.

239 4469 430 4538 ϐληκε,
459 4470 524 4538 τῇ
563 4468 618 4520 δὲ
653 4467 987 4538 σφοδροτάτῃ
1015 4466 1148 4536 πρὸς
1175 4467 1235 4519 τὸ
1265 4465 1373 4538 πῦρ
1399 4466 1584 4536 ὁμιλίᾳ
1612 4467 1806 4537 ἐκπυρ-

1912 4468 2343 4538 conjunclioucm
2399 4467 2628 4538 ignitum
2677 4468 2900 4529 factum,
2957 4481 3284 4530 omnemque
3339 4466 3479 4534 ignis

239 4558 525 4620 ακτωθεὶς,
559 4558 649 4610 καὶ
674 4559 858 4610 ’πᾶσαν
896 4559 974 4620 εἰς
1008 4557 1196 4610 ἑαυτὸν
1222 4557 1319 4628 τὴν
1377 4556 1470 4609 τοῦ
1515 4557 1685 4629 πυρὸς
1718 4557 1806 4626 φύ-

1912 4569 2156 4612 naturam
2212 4556 2264 4610 in
2320 4571 2380 4610 se
2417 4558 2590 4624 ipsum
2631 4557 2918 4625 recipiens,
2956 4564 3065 4608 tum
3130 4555 3333 4617 colore,
3372 4566 3479 4605 tum

241 4665 323 4700 σιν
355 4647 773 4717 ὑποδεξάμενος,
811 4648 904 4700 καὶ
941 4647 1192 4717 χρώματι
1219 4647 1314 4700 καὶ
1344 4647 1563 4717 ἑνεργίᾳ
1593 4646 1726 4716 πρὸς
1759 4647 1808 4699 τὲ

1917 4648 2144 4702 eﬂicacia
2177 4647 2227 4700 in
2270 4647 2443 4715 ignem
2478 4649 2669 4700 transit
2695 4661 2709 4698 :
2736 4647 2813 4700 sic
2839 4655 2893 4700 et
2931 4656 3134 4701 sancta:
3181 4653 3484 4714 potestates

241 4738 350 4808 πῦρ
378 4737 754 4809 μεταϐέϐηκεν
773 4753 785 4765 °
817 4737 958 4789 οὕτω
985 4738 1078 4790 καὶ
1104 4739 1159 4789 αἱ
1185 4737 1335 4806 amt
1357 4720 1615 4808 δυνάμεις
1637 4739 1700 4790 ἐκ
1723 4738 1808 4808 τῆς

1918 4755 1978 4793 ex
2009 4739 2498 4793 communicatione
2527 4753 2688 4808 quam
2717 4739 2914 4791 habent
2947 4752 3068 4792 cum
3101 4751 3165 4790 eo
3201 4737 3290 4803 qui
3329 4745 3485 4789 uatu-

241 4831 377 4901 πρὸς
410 4830 470 4883 τὸ
501 4829 658 4898 φύσει
700 4830 851 4896 ἅγιον
888 4829 1174 4890 κοινωνίας
1216 4829 1281 4880 δι’
1310 4829 1438 4897 ὅλης
1478 4829 1577 4898 τῆς
1613 4831 1808 4882 ἑαυτῶι

1920 4849 1973 4886 ra
2013 4841 2233 4886 sanctus
2263 4841 2363 4896 est,
2394 4831 2658 4900 ejusmodi
2689 4828 3109 4882 sanctimoniam
3143 4825 3336 4880 habent
3373 4841 3487 4894 qmu

243 4922 595 4983 ὑποστάσεως
637 4921 988 4990 κεχωρηκὸτα
1019 4921 1120 4990 ἤδη
1171 4919 1264 4972 καὶ
1301 4922 1810 4990 συμπεφυσιωμὲνοι

1921 4926 2019 4991 iam
2073 4925 2370 4992 pervaserit
2431 4939 2527 4992 per
2579 4931 2744 4977 totam
2795 4936 2981 4974 carum
3023 4919 3400 4982 substantiam,
3436 4919 3488 4971 in

242 5016 330 5067 τὸν
390 5013 661 5084 ἀγιασμὸν
715 5013 914 5083 ἔχουσι.
973 5011 1214 5081 Διαφορά
1265 5011 1322 5063 δὲ
1373 5012 1561 5074 αὑταῖς
1589 5013 1722 5082 πρὸς
1763 5012 1809 5064 τί

1922 5032 2092 5082 eaque
2129 5015 2417 5069 coalucrit.
2451 5014 2582 5082 Ipsa:
2618 5021 2796 5066 autem
2836 5011 2976 5064 ineo
3008 5025 3036 5062 a
3071 5017 3258 5063 sancto
3289 5008 3489 5076 Spiritu

244 5106 468 5176 Πνεῦμα
516 5106 576 5157 τὸ
611 5106 763 5172 ἅγιον
797 5104 955 5174 αῦτη,
989 5105 1069 5156 ὅτι
1106 5103 1183 5172 τῷ
1215 5103 1312 5173 μὲν
1340 5102 1500 5171 φύσις
1529 5105 1560 5172 ἡ
1589 5103 1811 5170 ἁγιωσύ-

1923 5105 2197 5169 ditferunt,
2259 5105 2401 5173 quod
2462 5105 2620 5173 hujus
2680 5113 2871 5158 natura
2925 5103 3188 5157 sanctitas
3225 5100 3490 5156 estzillis

245 5215 327 5268 νη,
369 5199 488 5259 ταῖς
541 5196 597 5248 δὲ
642 5197 705 5246 ὲκ
747 5194 1034 5264 μετουσίας
1078 5193 1312 5263 ὑπάρχει
1353 5193 1414 5244 τὸ
1463 5191 1812 5260 ἀγιάζεσοαι.

1924 5212 2050 5253 vero
2083 5214 2147 5251 ex
2185 5197 2597 5266 participatione
2658 5197 2799 5250 inest
2859 5193 3245 5249 sanctimonia.
3283 5192 3490 5257 Quibus

246 5284 336 5351 Οἷς
360 5288 418 5341 δὲ
450 5286 842 5341 ὲπισκευαστὸν
879 5286 971 5337 καὶ
1013 5284 1274 5353 ἑτέρωθεν
1306 5283 1677 5352 ὲπιδεδομένον
1717 5283 1813 5336 ὑπ·

1923 5298 2102 5341 autem
2139 5289 2279 5341 inest
2302 5287 2501 5340 bonum
2537 5285 2955 5339 instauratitium
2987 5291 3041 5336 et
3073 5281 3288 5334 aliunde
3323 5278 3489 5332 colla-

247 5380 398 5450 ἀρχει
455 5378 518 5430 τὸ
579 5376 802 5444 ἀγαθον,
861 5376 959 5445 τῆς
1021 5377 1374 5445 μεταπτωτῆς
1432 5376 1538 5426 εἰσι
1589 5373 1814 5442 φύσεως⁴

1928 5389 2071 5440 tum,
2094 5393 2153 5430 ea
2189 5387 2310 5429 sunt
2339 5377 2613 5431 mutabilis
2649 5387 2872 5430 natum.
2922 5373 3037 5428 Non
3082 5373 3224 5428 enim
3265 5372 3492 5428 excidis-

246 5471 316 5522 υὺ
349 5469 459 5539 γὰρ
482 5467 547 5521 ἂν
576 5468 832 5533 ἐξέπεσεν
874 5469 902 5519 ὁ
945 5467 1251 5537 Ἐωσφόρος
1292 5470 1318 5520 ὁ
1355 5465 1499 5537 πρωῒ
1695 5468 1813 5519 ἀνα·

1927 5481 2009 5521 set
2032 5469 2266 5532 Lucifer,
2297 5470 2385 5536 qui
2422 5483 2579 5521 mane
2633 5470 2804 5520 oritur
2844 5472 2890 5532 ⁸,
2927 5481 3024 5519 nec
3074 5473 3215 5518 esset
3263 5463 3314 5516 in
3357 5473 3492 5516 terra

249 5562 464 5629 τέλλων,
495 5560 617 5613 οὑτε
651 5559 937 5630 συνετρίϐη
969 5560 1058 5611 ἐπὶ
1090 5560 1186 5629 τῆς
1224 5560 1345 5630 γῆς,
1384 5561 1432 5612 εί
1466 5559 1621 5628 φύσει
1650 5558 1816 5629 ὑπῆβ⁴

1930 5563 2216 5625 contritus,
2259 5562 2305 5615 si
2350 5559 2632 5613 deterioris
2690 5556 3015 5610 conditionis
3046 5553 3366 5622 recipienda:
3393 5570 3492 5606 non

251 5669 307 5723 χε
361 5653 454 5706 τοῦ
503 5653 742 5725 χείρονος
792 5651 1162 5714 ἀνεπίδεκτος.
1210 5652 1332 5714 Πῶς
1373 5647 1462 5705 οὖν
1505 5651 1723 5713 εὐσεϐὲς
1761 5653 1818 5719 τῇ

1936 5652 2123 5705 luisset
2155 5668 2322 5720 capax
2365 5661 2576 5706 natura.
2626 5648 2906 5714 Quomodo
2944 5647 3109 5716 igitur
3143 5647 3286 5716 pium
3314 5657 3394 5701 cst
3424 5647 3502 5699 iu-

302 5817 318 5846 ¹
355 5814 513 5868 Ιιιιιετ.
563 5830 620 5869 ιι.
653 5812 770 5867 M.‘
817 5817 837 5847 ³
876 5812 1066 5866 Matth.
1109 5829 1308 5877 xxviii,
1347 5810 1432 5865 10.
1514 5813 1528 5839 ⁵
1563 5810 1724 5866 llebr.
1761 5826 1794 5870 ι,
1829 5808 1869 5860 ίι

876 5812 1066 5866 Matth.
1109 5829 1308 5877 xxviii,
1347 5810 1432 5865 10.
1514 5813 1528 5839 ⁵
1563 5810 1724 5866 llebr.
1761 5826 1794 5870 ι,
1829 5808 1912 5861 hi.
1994 5811 2014 5839 δ
2044 5811 2142 5860 lsa.
2178 5823 2288 5882 xiv,
2342 5808 2421 5858 l2.

551 5934 816 5992 PATROL.
865 5933 984 5992 GR.
1031 5931 1289 5990 CXXX.

3074 5921 3148 5981 '26
