  <div class='ocr_page' id='page_1' title='image "/cluster/home/n/w/nwhite01/storage/ocr_20150623/130/hvd.32044019208255/413.png"; bbox 0 0 3968 6582; ppageno 0'>
   <div class='ocr_carea' id='block_1_1' title="bbox 515 405 577 473">
    <p class='ocr_par' dir='ltr' id='par_1_1' title="bbox 515 405 577 473">
     <span class='ocr_line' id='line_1_1' title="bbox 515 405 577 473; baseline 0.081 -5"><span class='ocrx_word' id='word_1_1' title='bbox 515 405 577 473; x_wconf 80' lang='grc' dir='ltr'><strong>ιι</strong></span> 
     </span>
    </p>
   </div>
   <div class='ocr_carea' id='block_1_2' title="bbox 1697 395 2483 460">
    <p class='ocr_par' dir='ltr' id='par_1_2' title="bbox 1697 395 2483 460">
     <span class='ocr_line' id='line_1_2' title="bbox 1697 395 2483 460; baseline 0.003 -4"><span class='ocrx_word' id='word_1_2' title='bbox 1697 396 2082 457; x_wconf 78' lang='grc' dir='ltr'><strong>ΕΠΤΗΥΜΠ</strong></span> <span class='ocrx_word' id='word_1_3' title='bbox 2120 395 2483 460; x_wconf 82' lang='lat' dir='ltr'><strong>ZIGABENI</strong></span> 
     </span>
    </p>
   </div>
   <div class='ocr_carea' id='block_1_3' title="bbox 3629 396 3727 460">
    <p class='ocr_par' dir='ltr' id='par_1_3' title="bbox 3629 396 3727 460">
     <span class='ocr_line' id='line_1_3' title="bbox 3629 396 3727 460; baseline -0.031 0"><span class='ocrx_word' id='word_1_4' title='bbox 3629 396 3727 460; x_wconf 66' lang='lat'><strong>812</strong></span> 
     </span>
    </p>
   </div>
   <div class='ocr_carea' id='block_1_4' title="bbox 482 537 2066 613">
    <p class='ocr_par' dir='ltr' id='par_1_4' title="bbox 482 537 2050 610">
     <span class='ocr_line' id='line_1_4' title="bbox 482 537 2050 610; baseline -0.001 -12"><span class='ocrx_word' id='word_1_5' title='bbox 482 556 564 598; x_wconf 80' lang='lat' dir='ltr'><strong>tor</strong></span> <span class='ocrx_word' id='word_1_6' title='bbox 607 550 885 597; x_wconf 71' lang='lat' dir='ltr'><strong>creaturas</strong></span> <span class='ocrx_word' id='word_1_7' title='bbox 933 539 1194 610; x_wconf 78' lang='lat' dir='ltr'><strong>Spiritum</strong></span> <span class='ocrx_word' id='word_1_8' title='bbox 1254 538 1542 602; x_wconf 77' lang='lat' dir='ltr'><strong>collocare,</strong></span> <span class='ocrx_word' id='word_1_9' title='bbox 1603 537 1692 607; x_wconf 84' lang='lat' dir='ltr'><strong>qui</strong></span> <span class='ocrx_word' id='word_1_10' title='bbox 1759 539 2050 597; x_wconf 83' lang='lat' dir='ltr'><strong>intervallo</strong></span> 
     </span>
    </p>
   </div>
   <div class='ocr_carea' id='block_1_5' title="bbox 2161 537 3730 613">
    <p class='ocr_par' dir='ltr' id='par_1_5' title="bbox 2161 537 3730 613">
     <span class='ocr_line' id='line_1_5' title="bbox 2161 537 3730 613; baseline -0.011 -4"><span class='ocrx_word' id='word_1_11' title='bbox 2161 557 2328 611; x_wconf 82' lang='grc' dir='ltr'>κτίσει</span> <span class='ocrx_word' id='word_1_12' title='bbox 2351 552 2481 605; x_wconf 81' lang='grc' dir='ltr'>αὐτὸ</span> <span class='ocrx_word' id='word_1_13' title='bbox 2506 547 2838 608; x_wconf 77' lang='grc' dir='ltr'><strong>συντάττειν,</strong></span> <span class='ocrx_word' id='word_1_14' title='bbox 2885 540 3124 613; x_wconf 83' lang='grc' dir='ltr'>τοσούτῳ</span> <span class='ocrx_word' id='word_1_15' title='bbox 3158 540 3338 611; x_wconf 75' lang='grc' dir='ltr'>μέτρῳ</span> <span class='ocrx_word' id='word_1_16' title='bbox 3381 537 3730 608; x_wconf 73' lang='grc' dir='ltr'><strong>διωρισμένον</strong></span> 
     </span>
    </p>
   </div>
   <div class='ocr_carea' id='block_1_6' title="bbox 485 631 2050 703">
    <p class='ocr_par' dir='ltr' id='par_1_6' title="bbox 485 631 2050 703">
     <span class='ocr_line' id='line_1_6' title="bbox 485 631 2050 703; baseline 0.001 -15"><span class='ocrx_word' id='word_1_17' title='bbox 485 645 634 688; x_wconf 87' lang='lat' dir='ltr'><strong>tanto</strong></span> <span class='ocrx_word' id='word_1_18' title='bbox 663 651 692 688; x_wconf 90' lang='lat' dir='ltr'><strong>a</strong></span> <span class='ocrx_word' id='word_1_19' title='bbox 723 632 995 690; x_wconf 75' lang='lat' dir='ltr'><strong>creaturis</strong></span> <span class='ocrx_word' id='word_1_20' title='bbox 1029 643 1314 703; x_wconf 89' lang='lat' dir='ltr'><strong>separatus</strong></span> <span class='ocrx_word' id='word_1_21' title='bbox 1348 631 1468 686; x_wconf 79' lang='lat' dir='ltr'><strong>est?</strong></span> <span class='ocrx_word' id='word_1_22' title='bbox 1505 633 1764 685; x_wconf 73' lang='lat' dir='ltr'><strong>Urezttura</strong></span> <span class='ocrx_word' id='word_1_23' title='bbox 1797 635 1941 688; x_wconf 88' lang='lat' dir='ltr'><strong>enim</strong></span> <span class='ocrx_word' id='word_1_24' title='bbox 1977 636 2050 689; x_wconf 89' lang='lat' dir='ltr'><strong>ita</strong></span> 
     </span>
    </p>
   </div>
   <div class='ocr_carea' id='block_1_7' title="bbox 481 723 2053 797">
    <p class='ocr_par' dir='ltr' id='par_1_7' title="bbox 481 723 2053 797">
     <span class='ocr_line' id='line_1_7' title="bbox 481 723 2053 797; baseline -0.002 -14"><span class='ocrx_word' id='word_1_25' title='bbox 481 737 791 797; x_wconf 81' lang='lat' dir='ltr'><strong>comparata</strong></span> <span class='ocrx_word' id='word_1_26' title='bbox 823 736 924 790; x_wconf 89' lang='lat' dir='ltr'><strong>est,</strong></span> <span class='ocrx_word' id='word_1_27' title='bbox 968 736 1025 780; x_wconf 92' lang='lat' dir='ltr'><strong>ut</strong></span> <span class='ocrx_word' id='word_1_28' title='bbox 1057 727 1102 781; x_wconf 88' lang='lat' dir='ltr'><strong>si</strong></span> <span class='ocrx_word' id='word_1_29' title='bbox 1144 739 1492 795; x_wconf 77' lang='lat' dir='ltr'><strong>progressum</strong></span> <span class='ocrx_word' id='word_1_30' title='bbox 1553 723 1786 791; x_wconf 84' lang='lat' dir='ltr'><strong>aliquem</strong></span> <span class='ocrx_word' id='word_1_31' title='bbox 1845 725 2053 792; x_wconf 80' lang='lat' dir='ltr'><strong>fecerit,</strong></span> 
     </span>
    </p>
   </div>
   <div class='ocr_carea' id='block_1_8' title="bbox 485 817 2054 891">
    <p class='ocr_par' dir='ltr' id='par_1_8' title="bbox 485 817 2054 891">
     <span class='ocr_line' id='line_1_8' title="bbox 485 817 2054 891; baseline -0.001 -18"><span class='ocrx_word' id='word_1_32' title='bbox 485 821 852 891; x_wconf 81' lang='lat' dir='ltr'><strong>placueritque</strong></span> <span class='ocrx_word' id='word_1_33' title='bbox 907 820 1036 884; x_wconf 89' lang='lat' dir='ltr'><strong>Deo,</strong></span> <span class='ocrx_word' id='word_1_34' title='bbox 1090 834 1186 889; x_wconf 89' lang='lat' dir='ltr'><strong>pro</strong></span> <span class='ocrx_word' id='word_1_35' title='bbox 1254 819 1505 872; x_wconf 82' lang='lat' dir='ltr'><strong>mercede</strong></span> <span class='ocrx_word' id='word_1_36' title='bbox 1569 817 2054 873; x_wconf 84' lang='lat' dir='ltr'><strong>sanetilicationem</strong></span> 
     </span>
    </p>
   </div>
   <div class='ocr_carea' id='block_1_9' title="bbox 486 905 2055 981">
    <p class='ocr_par' dir='ltr' id='par_1_9' title="bbox 486 905 2055 981">
     <span class='ocr_line' id='line_1_9' title="bbox 486 905 2055 981; baseline -0.001 -17"><span class='ocrx_word' id='word_1_37' title='bbox 486 912 740 981; x_wconf 87' lang='lat' dir='ltr'><strong>accipiat,</strong></span> <span class='ocrx_word' id='word_1_38' title='bbox 777 905 1212 980; x_wconf 64' lang='lat' dir='ltr'><strong>quandoquidem</strong></span> <span class='ocrx_word' id='word_1_39' title='bbox 1265 909 1434 964; x_wconf 88' lang='lat' dir='ltr'><strong>libero</strong></span> <span class='ocrx_word' id='word_1_40' title='bbox 1476 908 1644 962; x_wconf 92' lang='lat' dir='ltr'><strong>utitur</strong></span> <span class='ocrx_word' id='word_1_41' title='bbox 1675 908 1922 972; x_wconf 87' lang='lat' dir='ltr'><strong>arbitrio,</strong></span> <span class='ocrx_word' id='word_1_42' title='bbox 1959 924 2055 979; x_wconf 89' lang='lat' dir='ltr'><strong>po-</strong></span> 
     </span>
    </p>
   </div>
   <div class='ocr_carea' id='block_1_10' title="bbox 491 997 2060 1070">
    <p class='ocr_par' dir='ltr' id='par_1_10' title="bbox 491 997 2060 1070">
     <span class='ocr_line' id='line_1_10' title="bbox 491 997 2060 1070; baseline -0.002 -16"><span class='ocrx_word' id='word_1_43' title='bbox 491 1013 700 1070; x_wconf 85' lang='lat' dir='ltr'><strong>testque</strong></span> <span class='ocrx_word' id='word_1_44' title='bbox 731 1001 784 1054; x_wconf 90' lang='lat' dir='ltr'><strong>in</strong></span> <span class='ocrx_word' id='word_1_45' title='bbox 817 1012 1100 1070; x_wconf 88' lang='lat' dir='ltr'><strong>utramque</strong></span> <span class='ocrx_word' id='word_1_46' title='bbox 1141 1008 1352 1070; x_wconf 85' lang='lat' dir='ltr'><strong>partem</strong></span> <span class='ocrx_word' id='word_1_47' title='bbox 1400 999 1671 1063; x_wconf 87' lang='lat' dir='ltr'><strong>inclinari,</strong></span> <span class='ocrx_word' id='word_1_48' title='bbox 1713 999 1778 1050; x_wconf 85' lang='lat' dir='ltr'><strong>ad</strong></span> <span class='ocrx_word' id='word_1_49' title='bbox 1820 997 1946 1052; x_wconf 91' lang='lat' dir='ltr'><strong>boni</strong></span> <span class='ocrx_word' id='word_1_50' title='bbox 1997 1013 2060 1052; x_wconf 88' lang='lat' dir='ltr'><strong>ac</strong></span> 
     </span>
    </p>
   </div>
   <div class='ocr_carea' id='block_1_11' title="bbox 489 1090 2061 1172">
    <p class='ocr_par' dir='ltr' id='par_1_11' title="bbox 489 1090 2061 1172">
     <span class='ocr_line' id='line_1_11' title="bbox 489 1090 2061 1172; baseline -0.002 -24"><span class='ocrx_word' id='word_1_51' title='bbox 489 1094 614 1172; x_wconf 87' lang='lat' dir='ltr'><strong>mali</strong></span> <span class='ocrx_word' id='word_1_52' title='bbox 660 1095 1014 1161; x_wconf 85' lang='lat' dir='ltr'><strong>electionem;</strong></span> <span class='ocrx_word' id='word_1_53' title='bbox 1054 1095 1289 1164; x_wconf 88' lang='lat' dir='ltr'><strong>Spiritus</strong></span> <span class='ocrx_word' id='word_1_54' title='bbox 1323 1103 1501 1147; x_wconf 90' lang='lat' dir='ltr'><strong>autem</strong></span> <span class='ocrx_word' id='word_1_55' title='bbox 1555 1103 1775 1146; x_wconf 89' lang='lat' dir='ltr'><strong>sanctus</strong></span> <span class='ocrx_word' id='word_1_56' title='bbox 1822 1090 1940 1146; x_wconf 80' lang='lat' dir='ltr'><strong>fons</strong></span> <span class='ocrx_word' id='word_1_57' title='bbox 1978 1102 2061 1146; x_wconf 77' lang='lat' dir='ltr'><strong>est</strong></span> 
     </span>
    </p>
   </div>
   <div class='ocr_carea' id='block_1_12' title="bbox 487 1173 2061 1256">
    <p class='ocr_par' dir='ltr' id='par_1_12' title="bbox 487 1173 2061 1256">
     <span class='ocr_line' id='line_1_12' title="bbox 487 1173 2061 1256; baseline -0.003 -16"><span class='ocrx_word' id='word_1_58' title='bbox 487 1173 950 1242; x_wconf 80' lang='lat' dir='ltr'><strong>sanctiﬁcationis.</strong></span> <span class='ocrx_word' id='word_1_59' title='bbox 1007 1186 1073 1240; x_wconf 86' lang='lat' dir='ltr'><strong>Et</strong></span> <span class='ocrx_word' id='word_1_60' title='bbox 1100 1186 1550 1256; x_wconf 87' lang='lat' dir='ltr'><strong>quem-admodum</strong></span> <span class='ocrx_word' id='word_1_61' title='bbox 1601 1193 1790 1236; x_wconf 87' lang='lat' dir='ltr'><strong>natura</strong></span> <span class='ocrx_word' id='word_1_62' title='bbox 1840 1193 2061 1236; x_wconf 82' lang='lat' dir='ltr'><strong>sanctus</strong></span> 
     </span>
    </p>
   </div>
   <div class='ocr_carea' id='block_1_13' title="bbox 487 1274 2061 1345">
    <p class='ocr_par' dir='ltr' id='par_1_13' title="bbox 487 1274 2061 1345">
     <span class='ocr_line' id='line_1_13' title="bbox 487 1274 2061 1345; baseline -0.004 -11"><span class='ocrx_word' id='word_1_63' title='bbox 487 1291 572 1334; x_wconf 88' lang='lat' dir='ltr'><strong>est</strong></span> <span class='ocrx_word' id='word_1_64' title='bbox 602 1278 786 1345; x_wconf 87' lang='lat' dir='ltr'><strong>Pater,</strong></span> <span class='ocrx_word' id='word_1_65' title='bbox 811 1289 1002 1333; x_wconf 88' lang='lat' dir='ltr'><strong>natura</strong></span> <span class='ocrx_word' id='word_1_66' title='bbox 1039 1280 1221 1333; x_wconf 80' lang='lat' dir='ltr'><strong>itidem</strong></span> <span class='ocrx_word' id='word_1_67' title='bbox 1246 1285 1466 1331; x_wconf 88' lang='lat' dir='ltr'><strong>sanctus</strong></span> <span class='ocrx_word' id='word_1_68' title='bbox 1494 1287 1576 1330; x_wconf 86' lang='lat' dir='ltr'><strong>est</strong></span> <span class='ocrx_word' id='word_1_69' title='bbox 1603 1274 1768 1328; x_wconf 84' lang='lat' dir='ltr'><strong>Filius</strong></span> <span class='ocrx_word' id='word_1_70' title='bbox 1796 1290 1809 1328; x_wconf 92' lang='lat'>:</span> <span class='ocrx_word' id='word_1_71' title='bbox 1833 1275 1904 1328; x_wconf 91' lang='lat' dir='ltr'><strong>ita</strong></span> <span class='ocrx_word' id='word_1_72' title='bbox 1932 1293 2061 1343; x_wconf 85' lang='lat' dir='ltr'><strong>quu-</strong></span> 
     </span>
    </p>
   </div>
   <div class='ocr_carea' id='block_1_14' title="bbox 491 1366 2060 1441">
    <p class='ocr_par' dir='ltr' id='par_1_14' title="bbox 491 1366 2060 1441">
     <span class='ocr_line' id='line_1_14' title="bbox 491 1366 2060 1441; baseline -0.001 -20"><span class='ocrx_word' id='word_1_73' title='bbox 491 1387 594 1440; x_wconf 80' lang='lat' dir='ltr'><strong>qnc</strong></span> <span class='ocrx_word' id='word_1_74' title='bbox 643 1371 877 1441; x_wconf 88' lang='lat' dir='ltr'><strong>Spiritus</strong></span> <span class='ocrx_word' id='word_1_75' title='bbox 913 1371 1002 1425; x_wconf 90' lang='lat' dir='ltr'><strong>ille</strong></span> <span class='ocrx_word' id='word_1_76' title='bbox 1049 1370 1290 1423; x_wconf 68' lang='lat' dir='ltr'><strong>veritatis</strong></span> <span class='ocrx_word' id='word_1_77' title='bbox 1329 1377 1520 1423; x_wconf 85' lang='lat' dir='ltr'><strong>natura</strong></span> <span class='ocrx_word' id='word_1_78' title='bbox 1575 1377 1793 1420; x_wconf 84' lang='lat' dir='ltr'><strong>sanctus</strong></span> <span class='ocrx_word' id='word_1_79' title='bbox 1820 1376 1940 1431; x_wconf 68' lang='lat' dir='ltr'><strong>est;</strong></span> <span class='ocrx_word' id='word_1_80' title='bbox 1989 1366 2060 1420; x_wconf 88' lang='lat' dir='ltr'><strong>ob</strong></span> 
     </span>
    </p>
   </div>
   <div class='ocr_carea' id='block_1_15' title="bbox 493 1458 2062 1536">
    <p class='ocr_par' dir='ltr' id='par_1_15' title="bbox 493 1458 2062 1536">
     <span class='ocr_line' id='line_1_15' title="bbox 493 1458 2062 1536; baseline -0.003 -19"><span class='ocrx_word' id='word_1_81' title='bbox 493 1465 655 1536; x_wconf 84' lang='lat' dir='ltr'><strong>idque</strong></span> <span class='ocrx_word' id='word_1_82' title='bbox 687 1470 920 1519; x_wconf 77' lang='lat' dir='ltr'><strong>donatus</strong></span> <span class='ocrx_word' id='word_1_83' title='bbox 944 1473 1027 1518; x_wconf 88' lang='lat' dir='ltr'><strong>est</strong></span> <span class='ocrx_word' id='word_1_84' title='bbox 1062 1464 1223 1518; x_wconf 89' lang='lat' dir='ltr'><strong>etiam</strong></span> <span class='ocrx_word' id='word_1_85' title='bbox 1252 1461 1424 1517; x_wconf 80' lang='lat' dir='ltr'><strong>sancti</strong></span> <span class='ocrx_word' id='word_1_86' title='bbox 1475 1458 1854 1529; x_wconf 90' lang='lat' dir='ltr'><strong>appellatione,</strong></span> <span class='ocrx_word' id='word_1_87' title='bbox 1891 1474 2062 1527; x_wconf 84' lang='lat' dir='ltr'><strong>caque</strong></span> 
     </span>
    </p>
   </div>
   <div class='ocr_carea' id='block_1_16' title="bbox 495 1557 1110 1626">
    <p class='ocr_par' dir='ltr' id='par_1_16' title="bbox 495 1557 1110 1626">
     <span class='ocr_line' id='line_1_16' title="bbox 495 1557 1110 1626; baseline -0.007 -14"><span class='ocrx_word' id='word_1_88' title='bbox 495 1559 744 1626; x_wconf 82' lang='lat' dir='ltr'><strong>peculiari</strong></span> <span class='ocrx_word' id='word_1_89' title='bbox 782 1573 846 1610; x_wconf 86' lang='lat' dir='ltr'><strong>ac</strong></span> <span class='ocrx_word' id='word_1_90' title='bbox 880 1557 1110 1626; x_wconf 83' lang='lat' dir='ltr'><strong>propria.</strong></span> 
     </span>
    </p>
   </div>
   <div class='ocr_carea' id='block_1_17' title="bbox 650 1637 2058 1715">
    <p class='ocr_par' dir='ltr' id='par_1_17' title="bbox 650 1637 2058 1715">
     <span class='ocr_line' id='line_1_17' title="bbox 650 1637 2058 1715; baseline -0.006 -16"><span class='ocrx_word' id='word_1_91' title='bbox 650 1647 864 1715; x_wconf 76' lang='lat' dir='ltr'><strong>itaque,</strong></span> <span class='ocrx_word' id='word_1_92' title='bbox 898 1647 942 1699; x_wconf 89' lang='lat' dir='ltr'><strong>si</strong></span> <span class='ocrx_word' id='word_1_93' title='bbox 991 1644 1252 1699; x_wconf 77' lang='lat' dir='ltr'><strong>sanctitas</strong></span> <span class='ocrx_word' id='word_1_94' title='bbox 1285 1643 1336 1696; x_wconf 85' lang='lat' dir='ltr'><strong>ci</strong></span> <span class='ocrx_word' id='word_1_95' title='bbox 1371 1651 1559 1696; x_wconf 85' lang='lat' dir='ltr'><strong>natura</strong></span> <span class='ocrx_word' id='word_1_96' title='bbox 1592 1648 1697 1702; x_wconf 77' lang='lat' dir='ltr'><strong>est,</strong></span> <span class='ocrx_word' id='word_1_97' title='bbox 1726 1638 1882 1692; x_wconf 90' lang='lat' dir='ltr'><strong>sicuti</strong></span> <span class='ocrx_word' id='word_1_98' title='bbox 1915 1637 2058 1692; x_wconf 81' lang='lat' dir='ltr'><strong>Patri</strong></span> 
     </span>
    </p>
   </div>
   <div class='ocr_carea' id='block_1_18' title="bbox 493 1729 2062 1808">
    <p class='ocr_par' dir='ltr' id='par_1_18' title="bbox 493 1729 2062 1808">
     <span class='ocr_line' id='line_1_18' title="bbox 493 1729 2062 1808; baseline -0.006 -15"><span class='ocrx_word' id='word_1_99' title='bbox 493 1749 547 1793; x_wconf 82' lang='lat' dir='ltr'><strong>et</strong></span> <span class='ocrx_word' id='word_1_100' title='bbox 576 1736 736 1804; x_wconf 86' lang='lat' dir='ltr'><strong>Filio,</strong></span> <span class='ocrx_word' id='word_1_101' title='bbox 767 1741 1036 1808; x_wconf 88' lang='lat' dir='ltr'><strong>quomodo</strong></span> <span class='ocrx_word' id='word_1_102' title='bbox 1065 1737 1241 1790; x_wconf 76' lang='lat' dir='ltr'><strong>tertia:</strong></span> <span class='ocrx_word' id='word_1_103' title='bbox 1281 1749 1344 1788; x_wconf 84' lang='lat' dir='ltr'><strong>ac</strong></span> <span class='ocrx_word' id='word_1_104' title='bbox 1374 1734 1562 1788; x_wconf 70' lang='lat' dir='ltr'><strong>aliena:</strong></span> <span class='ocrx_word' id='word_1_105' title='bbox 1597 1741 1804 1785; x_wconf 69' lang='lat' dir='ltr'><strong>natura:</strong></span> <span class='ocrx_word' id='word_1_106' title='bbox 1832 1729 1954 1784; x_wconf 82' lang='lat' dir='ltr'><strong>est?</strong></span> <span class='ocrx_word' id='word_1_107' title='bbox 1981 1729 2062 1784; x_wconf 88' lang='lat' dir='ltr'><strong>Ob</strong></span> 
     </span>
    </p>
   </div>
   <div class='ocr_carea' id='block_1_19' title="bbox 2154 623 3731 716">
    <p class='ocr_par' dir='ltr' id='par_1_19' title="bbox 2154 623 3731 716">
     <span class='ocr_line' id='line_1_19' title="bbox 2154 623 3731 716; baseline -0.015 -18"><span class='ocrx_word' id='word_1_108' title='bbox 2154 646 2251 716; x_wconf 77' lang='grc' dir='ltr'>τῆς</span> <span class='ocrx_word' id='word_1_109' title='bbox 2280 643 2509 703; x_wconf 79' lang='grc' dir='ltr'>κτίσεως</span> <span class='ocrx_word' id='word_1_110' title='bbox 2533 656 2547 704; x_wconf 89' lang='lat'><strong>;</strong></span> <span class='ocrx_word' id='word_1_111' title='bbox 2593 637 2656 690; x_wconf 81' lang='grc' dir='ltr'><strong>Ἠ</strong></span> <span class='ocrx_word' id='word_1_112' title='bbox 2681 635 2779 707; x_wconf 75' lang='grc' dir='ltr'><strong>μὲν</strong></span> <span class='ocrx_word' id='word_1_113' title='bbox 2805 633 2912 703; x_wconf 79' lang='grc' dir='ltr'>γὰρ</span> <span class='ocrx_word' id='word_1_114' title='bbox 2944 632 3119 696; x_wconf 82' lang='grc' dir='ltr'><strong>κτίσις</strong></span> <span class='ocrx_word' id='word_1_115' title='bbox 3143 630 3385 699; x_wconf 78' lang='grc' dir='ltr'>πέφυκεν</span> <span class='ocrx_word' id='word_1_116' title='bbox 3414 623 3576 680; x_wconf 73' lang='grc' dir='ltr'>ἆθλον</span> <span class='ocrx_word' id='word_1_117' title='bbox 3603 643 3731 697; x_wconf 82' lang='grc' dir='ltr'>προ-</span> 
     </span>
    </p>
   </div>
   <div class='ocr_carea' id='block_1_20' title="bbox 2157 717 3732 805">
    <p class='ocr_par' dir='ltr' id='par_1_20' title="bbox 2157 717 3732 805">
     <span class='ocr_line' id='line_1_20' title="bbox 2157 717 3732 805; baseline -0.013 -16"><span class='ocrx_word' id='word_1_118' title='bbox 2157 734 2332 805; x_wconf 83' lang='grc' dir='ltr'><strong>κοπῆς</strong></span> <span class='ocrx_word' id='word_1_119' title='bbox 2383 732 2476 785; x_wconf 74' lang='grc' dir='ltr'><strong>καὶ</strong></span> <span class='ocrx_word' id='word_1_120' title='bbox 2529 729 2626 800; x_wconf 80' lang='grc' dir='ltr'>τῆς</span> <span class='ocrx_word' id='word_1_121' title='bbox 2670 725 2806 799; x_wconf 79' lang='grc' dir='ltr'>πρὸς</span> <span class='ocrx_word' id='word_1_122' title='bbox 2853 723 2986 777; x_wconf 84' lang='grc' dir='ltr'>Θεὸν</span> <span class='ocrx_word' id='word_1_123' title='bbox 3021 722 3430 794; x_wconf 79' lang='grc' dir='ltr'>εὐαρεστήσεως</span> <span class='ocrx_word' id='word_1_124' title='bbox 3464 717 3558 770; x_wconf 83' lang='grc' dir='ltr'><strong>τὸν</strong></span> <span class='ocrx_word' id='word_1_125' title='bbox 3581 718 3732 786; x_wconf 81' lang='grc' dir='ltr'>ἁγια-</span> 
     </span>
    </p>
   </div>
   <div class='ocr_carea' id='block_1_21' title="bbox 2160 808 3739 898">
    <p class='ocr_par' dir='ltr' id='par_1_21' title="bbox 2160 808 3739 898">
     <span class='ocr_line' id='line_1_21' title="bbox 2160 808 3739 898; baseline -0.011 -19"><span class='ocrx_word' id='word_1_126' title='bbox 2160 825 2294 898; x_wconf 79' lang='grc' dir='ltr'>σμὸν</span> <span class='ocrx_word' id='word_1_127' title='bbox 2319 824 2538 894; x_wconf 81' lang='grc' dir='ltr'>ἔχουσα,</span> <span class='ocrx_word' id='word_1_128' title='bbox 2565 819 2723 890; x_wconf 79' lang='grc' dir='ltr'>φύσει</span> <span class='ocrx_word' id='word_1_129' title='bbox 2754 817 2810 870; x_wconf 76' lang='grc' dir='ltr'>δὲ</span> <span class='ocrx_word' id='word_1_130' title='bbox 2981 814 3241 886; x_wconf 79' lang='grc' dir='ltr'><strong>χρωμένη</strong></span> <span class='ocrx_word' id='word_1_131' title='bbox 3271 808 3622 879; x_wconf 82' lang='grc' dir='ltr'>αύτεξουσίῳ,</span> <span class='ocrx_word' id='word_1_132' title='bbox 3649 810 3739 862; x_wconf 73' lang='grc' dir='ltr'>καὶ</span> 
     </span>
    </p>
   </div>
   <div class='ocr_carea' id='block_1_22' title="bbox 2161 901 3740 988">
    <p class='ocr_par' dir='ltr' id='par_1_22' title="bbox 2161 901 3740 988">
     <span class='ocr_line' id='line_1_22' title="bbox 2161 901 3740 988; baseline -0.011 -18"><span class='ocrx_word' id='word_1_133' title='bbox 2161 915 2524 988; x_wconf 80' lang='grc' dir='ltr'>μεταρῤἐπειν</span> <span class='ocrx_word' id='word_1_134' title='bbox 2591 911 2674 980; x_wconf 82' lang='grc' dir='ltr'><strong>ἐφ’</strong></span> <span class='ocrx_word' id='word_1_135' title='bbox 2734 909 2970 978; x_wconf 77' lang='grc' dir='ltr'>ἑκάτερα</span> <span class='ocrx_word' id='word_1_136' title='bbox 3023 903 3330 974; x_wconf 81' lang='grc' dir='ltr'><strong>δυναμένη,</strong></span> <span class='ocrx_word' id='word_1_137' title='bbox 3386 902 3527 972; x_wconf 73' lang='grc' dir='ltr'>πρὸς</span> <span class='ocrx_word' id='word_1_138' title='bbox 3596 901 3740 953; x_wconf 77' lang='grc' dir='ltr'>ἐκλο-</span> 
     </span>
    </p>
   </div>
   <div class='ocr_carea' id='block_1_23' title="bbox 2159 992 3742 1080">
    <p class='ocr_par' dir='ltr' id='par_1_23' title="bbox 2159 992 3742 1080">
     <span class='ocr_line' id='line_1_23' title="bbox 2159 992 3742 1080; baseline -0.012 -18"><span class='ocrx_word' id='word_1_139' title='bbox 2159 1010 2262 1080; x_wconf 80' lang='grc' dir='ltr'><strong>γὴν</strong></span> <span class='ocrx_word' id='word_1_140' title='bbox 2315 1006 2410 1059; x_wconf 85' lang='grc' dir='ltr'><strong>τοῦ</strong></span> <span class='ocrx_word' id='word_1_141' title='bbox 2461 1002 2666 1073; x_wconf 80' lang='grc' dir='ltr'>ἀγαθοῦ</span> <span class='ocrx_word' id='word_1_142' title='bbox 2724 1001 2819 1055; x_wconf 69' lang='grc' dir='ltr'><strong>καὶ</strong></span> <span class='ocrx_word' id='word_1_143' title='bbox 2880 999 2972 1052; x_wconf 87' lang='grc' dir='ltr'><strong>τοῦ</strong></span> <span class='ocrx_word' id='word_1_144' title='bbox 3007 998 3278 1069; x_wconf 85' lang='grc' dir='ltr'>χείρονος·</span> <span class='ocrx_word' id='word_1_145' title='bbox 3315 995 3375 1047; x_wconf 84' lang='grc' dir='ltr'><strong>τὸ</strong></span> <span class='ocrx_word' id='word_1_146' title='bbox 3413 995 3470 1046; x_wconf 83' lang='grc' dir='ltr'><strong>δὲ</strong></span> <span class='ocrx_word' id='word_1_147' title='bbox 3523 992 3742 1064; x_wconf 78' lang='grc' dir='ltr'>Πνεῦμα</span> 
     </span>
    </p>
   </div>
   <div class='ocr_carea' id='block_1_24' title="bbox 2160 1085 3743 1169">
    <p class='ocr_par' dir='ltr' id='par_1_24' title="bbox 2160 1085 3743 1169">
     <span class='ocr_line' id='line_1_24' title="bbox 2160 1085 3743 1169; baseline -0.011 -14"><span class='ocrx_word' id='word_1_148' title='bbox 2160 1103 2222 1155; x_wconf 80' lang='grc' dir='ltr'><strong>τὸ</strong></span> <span class='ocrx_word' id='word_1_149' title='bbox 2259 1100 2410 1169; x_wconf 81' lang='grc' dir='ltr'>ἆγιον</span> <span class='ocrx_word' id='word_1_150' title='bbox 2447 1095 2596 1167; x_wconf 85' lang='grc' dir='ltr'>πηγὴ</span> <span class='ocrx_word' id='word_1_151' title='bbox 2628 1092 2924 1164; x_wconf 85' lang='grc' dir='ltr'>ἀγιασμοῦ.</span> <span class='ocrx_word' id='word_1_152' title='bbox 2969 1090 3077 1142; x_wconf 83' lang='lat' dir='ltr'><strong>Kal</strong></span> <span class='ocrx_word' id='word_1_153' title='bbox 3104 1088 3291 1160; x_wconf 82' lang='grc' dir='ltr'>ὥσπερ</span> <span class='ocrx_word' id='word_1_154' title='bbox 3325 1086 3487 1156; x_wconf 75' lang='grc' dir='ltr'>φύσει</span> <span class='ocrx_word' id='word_1_155' title='bbox 3525 1085 3678 1153; x_wconf 74' lang='grc' dir='ltr'>ἅγιος</span> <span class='ocrx_word' id='word_1_156' title='bbox 3714 1088 3743 1138; x_wconf 89' lang='lat'><strong>6</strong></span> 
     </span>
    </p>
   </div>
   <div class='ocr_carea' id='block_1_25' title="bbox 2163 1177 3742 1265">
    <p class='ocr_par' dir='ltr' id='par_1_25' title="bbox 2163 1177 3742 1265">
     <span class='ocr_line' id='line_1_25' title="bbox 2163 1177 3742 1265; baseline -0.011 -17"><span class='ocrx_word' id='word_1_157' title='bbox 2163 1193 2368 1265; x_wconf 80' lang='grc' dir='ltr'>Πατὴρ,</span> <span class='ocrx_word' id='word_1_158' title='bbox 2426 1191 2521 1245; x_wconf 68' lang='grc' dir='ltr'><strong>καὶ</strong></span> <span class='ocrx_word' id='word_1_159' title='bbox 2567 1187 2725 1257; x_wconf 80' lang='grc' dir='ltr'>φύσει</span> <span class='ocrx_word' id='word_1_160' title='bbox 2769 1185 2922 1254; x_wconf 80' lang='grc' dir='ltr'>ἆγιος</span> <span class='ocrx_word' id='word_1_161' title='bbox 2967 1185 2994 1236; x_wconf 88' lang='lat'><strong>6</strong></span> <span class='ocrx_word' id='word_1_162' title='bbox 3025 1182 3172 1245; x_wconf 82' lang='grc' dir='ltr'>Υἱὸς,</span> <span class='ocrx_word' id='word_1_163' title='bbox 3219 1181 3359 1233; x_wconf 80' lang='grc' dir='ltr'>οὕτω</span> <span class='ocrx_word' id='word_1_164' title='bbox 3390 1178 3555 1249; x_wconf 79' lang='grc' dir='ltr'>φύσει</span> <span class='ocrx_word' id='word_1_165' title='bbox 3594 1177 3742 1244; x_wconf 69' lang='grc' dir='ltr'>ἅγιον</span> 
     </span>
    </p>
   </div>
   <div class='ocr_carea' id='block_1_26' title="bbox 2163 1269 3744 1351">
    <p class='ocr_par' dir='ltr' id='par_1_26' title="bbox 2163 1269 3744 1351">
     <span class='ocr_line' id='line_1_26' title="bbox 2163 1269 3744 1351; baseline -0.013 -10"><span class='ocrx_word' id='word_1_166' title='bbox 2163 1289 2258 1341; x_wconf 72' lang='grc' dir='ltr'><strong>καὶ</strong></span> <span class='ocrx_word' id='word_1_167' title='bbox 2321 1285 2379 1338; x_wconf 72' lang='grc' dir='ltr'>τὸ</span> <span class='ocrx_word' id='word_1_168' title='bbox 2425 1280 2650 1351; x_wconf 85' lang='grc' dir='ltr'>Πνεῦμα</span> <span class='ocrx_word' id='word_1_169' title='bbox 2698 1278 2758 1330; x_wconf 82' lang='grc' dir='ltr'><strong>τὸ</strong></span> <span class='ocrx_word' id='word_1_170' title='bbox 2821 1276 2920 1347; x_wconf 79' lang='grc' dir='ltr'><strong>τῆς</strong></span> <span class='ocrx_word' id='word_1_171' title='bbox 2964 1273 3261 1346; x_wconf 75' lang='grc' dir='ltr'>ἀληθείαςο</span> <span class='ocrx_word' id='word_1_172' title='bbox 3315 1272 3395 1324; x_wconf 81' lang='grc' dir='ltr'><strong>διὸ</strong></span> <span class='ocrx_word' id='word_1_173' title='bbox 3452 1271 3552 1324; x_wconf 77' lang='grc' dir='ltr'><strong>καὶ</strong></span> <span class='ocrx_word' id='word_1_174' title='bbox 3605 1269 3744 1334; x_wconf 67' lang='grc' dir='ltr'>ὲξαιυ</span> 
     </span>
    </p>
   </div>
   <div class='ocr_carea' id='block_1_27' title="bbox 2169 1363 3746 1450">
    <p class='ocr_par' dir='ltr' id='par_1_27' title="bbox 2169 1363 3746 1450">
     <span class='ocr_line' id='line_1_27' title="bbox 2169 1363 3746 1450; baseline -0.01 -20"><span class='ocrx_word' id='word_1_175' title='bbox 2169 1379 2324 1450; x_wconf 79' lang='grc' dir='ltr'>ρέτου</span> <span class='ocrx_word' id='word_1_176' title='bbox 2381 1375 2476 1428; x_wconf 74' lang='grc' dir='ltr'>καὶ</span> <span class='ocrx_word' id='word_1_177' title='bbox 2518 1371 2826 1443; x_wconf 72' lang='grc' dir='ltr'>ίδιαζούσης</span> <span class='ocrx_word' id='word_1_178' title='bbox 2879 1369 2978 1439; x_wconf 81' lang='grc' dir='ltr'>τῆς</span> <span class='ocrx_word' id='word_1_179' title='bbox 3033 1366 3126 1421; x_wconf 88' lang='grc' dir='ltr'><strong>τοῦ</strong></span> <span class='ocrx_word' id='word_1_180' title='bbox 3165 1366 3320 1435; x_wconf 80' lang='grc' dir='ltr'>ἁγίου</span> <span class='ocrx_word' id='word_1_181' title='bbox 3379 1363 3746 1435; x_wconf 75' lang='grc' dir='ltr'><strong>προσηγορίας</strong></span> 
     </span>
    </p>
   </div>
   <div class='ocr_carea' id='block_1_28' title="bbox 2169 1469 2418 1538">
    <p class='ocr_par' dir='ltr' id='par_1_28' title="bbox 2169 1469 2418 1538">
     <span class='ocr_line' id='line_1_28' title="bbox 2169 1469 2418 1538; baseline -0.004 -17"><span class='ocrx_word' id='word_1_182' title='bbox 2169 1469 2418 1538; x_wconf 69' lang='grc' dir='ltr'>ἠξίωται.</span> 
     </span>
    </p>
   </div>
   <div class='ocr_carea' id='block_1_29' title="bbox 2322 1634 3744 1712">
    <p class='ocr_par' dir='ltr' id='par_1_29' title="bbox 2322 1634 3744 1712">
     <span class='ocr_line' id='line_1_29' title="bbox 2322 1634 3744 1712; baseline -0.008 -14"><span class='ocrx_word' id='word_1_183' title='bbox 2322 1646 2385 1698; x_wconf 78' lang='lat' dir='ltr'><strong>El</strong></span> <span class='ocrx_word' id='word_1_184' title='bbox 2415 1639 2507 1698; x_wconf 81' lang='grc' dir='ltr'><strong>οῦν</strong></span> <span class='ocrx_word' id='word_1_185' title='bbox 2546 1641 2704 1712; x_wconf 77' lang='grc' dir='ltr'>φύσις</span> <span class='ocrx_word' id='word_1_186' title='bbox 2752 1639 2900 1710; x_wconf 79' lang='grc' dir='ltr'>αὐτῷ</span> <span class='ocrx_word' id='word_1_187' title='bbox 2951 1641 2980 1693; x_wconf 91' lang='lat'><strong>6</strong></span> <span class='ocrx_word' id='word_1_188' title='bbox 3029 1639 3298 1708; x_wconf 81' lang='grc' dir='ltr'>ἀγιασμός</span> <span class='ocrx_word' id='word_1_189' title='bbox 3340 1637 3512 1699; x_wconf 82' lang='grc' dir='ltr'>ἐστιν,</span> <span class='ocrx_word' id='word_1_190' title='bbox 3569 1634 3744 1706; x_wconf 80' lang='grc' dir='ltr'>ὥσπερ</span> 
     </span>
    </p>
   </div>
   <div class='ocr_carea' id='block_1_30' title="bbox 2167 1729 3745 1808">
    <p class='ocr_par' dir='ltr' id='par_1_30' title="bbox 2167 1729 3745 1808">
     <span class='ocr_line' id='line_1_30' title="bbox 2167 1729 3745 1808; baseline -0.005 -20"><span class='ocrx_word' id='word_1_191' title='bbox 2167 1735 2342 1808; x_wconf 66' lang='grc' dir='ltr'>Πατρὶ</span> <span class='ocrx_word' id='word_1_192' title='bbox 2381 1734 2475 1788; x_wconf 78' lang='grc' dir='ltr'><strong>καὶ</strong></span> <span class='ocrx_word' id='word_1_193' title='bbox 2499 1732 2636 1804; x_wconf 83' lang='grc' dir='ltr'>Υίῷ,</span> <span class='ocrx_word' id='word_1_194' title='bbox 2673 1730 2792 1796; x_wconf 84' lang='grc' dir='ltr'><strong>πῶς</strong></span> <span class='ocrx_word' id='word_1_195' title='bbox 2826 1730 3014 1808; x_wconf 78' lang='grc' dir='ltr'>τρίτης</span> <span class='ocrx_word' id='word_1_196' title='bbox 3191 1729 3311 1782; x_wconf 78' lang='grc' dir='ltr'>ἐστὶ</span> <span class='ocrx_word' id='word_1_197' title='bbox 3339 1730 3433 1784; x_wconf 78' lang='grc' dir='ltr'>καί</span> <span class='ocrx_word' id='word_1_198' title='bbox 3465 1729 3745 1798; x_wconf 75' lang='grc' dir='ltr'><strong>ἀλλοτρίας</strong></span> 
     </span>
    </p>
   </div>
   <div class='ocr_carea' id='block_1_31' title="bbox 501 1806 2066 1908">
    <p class='ocr_par' dir='ltr' id='par_1_31' title="bbox 501 1806 2066 1895">
     <span class='ocr_line' id='line_1_31' title="bbox 501 1806 2066 1895; baseline -0.005 -15"><span class='ocrx_word' id='word_1_199' title='bbox 501 1826 554 1881; x_wconf 88' lang='lat' dir='ltr'><strong>id</strong></span> <span class='ocrx_word' id='word_1_200' title='bbox 583 1827 750 1891; x_wconf 92' lang='lat' dir='ltr'><strong>enim,</strong></span> <span class='ocrx_word' id='word_1_201' title='bbox 779 1806 992 1895; x_wconf 75' lang='lat' dir='ltr'><strong>opinor,</strong></span> <span class='ocrx_word' id='word_1_202' title='bbox 1022 1834 1076 1878; x_wconf 91' lang='lat' dir='ltr'><strong>et</strong></span> <span class='ocrx_word' id='word_1_203' title='bbox 1104 1824 1246 1893; x_wconf 86' lang='lat' dir='ltr'><strong>apud</strong></span> <span class='ocrx_word' id='word_1_204' title='bbox 1273 1822 1462 1875; x_wconf 79' lang='lat' dir='ltr'><strong>Isaiam</strong></span> <span class='ocrx_word' id='word_1_205' title='bbox 1496 1821 1660 1874; x_wconf 83' lang='lat' dir='ltr'><strong>etiam</strong></span> <span class='ocrx_word' id='word_1_206' title='bbox 1695 1820 1953 1888; x_wconf 88' lang='lat' dir='ltr'><strong>scriptum</strong></span> <span class='ocrx_word' id='word_1_207' title='bbox 1971 1826 2066 1873; x_wconf 68' lang='lat' dir='ltr'><strong>.est</strong></span> 
     </span>
    </p>
   </div>
   <div class='ocr_carea' id='block_1_32' title="bbox 2161 1806 3745 1908">
    <p class='ocr_par' dir='ltr' id='par_1_32' title="bbox 2161 1806 3745 1884">
     <span class='ocr_line' id='line_1_32' title="bbox 2161 1806 3745 1884; baseline -0.005 -17"><span class='ocrx_word' id='word_1_208' title='bbox 2161 1806 2373 1884; x_wconf 76' lang='grc' dir='ltr'>φύσεως</span> <span class='ocrx_word' id='word_1_209' title='bbox 2397 1829 2411 1876; x_wconf 92' lang='lat'><strong>;</strong></span> <span class='ocrx_word' id='word_1_210' title='bbox 2439 1813 2536 1865; x_wconf 83' lang='grc' dir='ltr'>Διά</span> <span class='ocrx_word' id='word_1_211' title='bbox 2563 1811 2724 1865; x_wconf 87' lang='grc' dir='ltr'>τοῦτο</span> <span class='ocrx_word' id='word_1_212' title='bbox 2764 1812 2894 1882; x_wconf 86' lang='grc' dir='ltr'>γάρ,</span> <span class='ocrx_word' id='word_1_213' title='bbox 2922 1806 3098 1882; x_wconf 81' lang='grc' dir='ltr'>οἶμαι,</span> <span class='ocrx_word' id='word_1_214' title='bbox 3128 1810 3222 1864; x_wconf 75' lang='grc' dir='ltr'><strong>καὶ</strong></span> <span class='ocrx_word' id='word_1_215' title='bbox 3257 1810 3408 1882; x_wconf 81' lang='grc' dir='ltr'><strong>παρά</strong></span> <span class='ocrx_word' id='word_1_216' title='bbox 3436 1809 3523 1880; x_wconf 80' lang='grc' dir='ltr'><strong>τῷ</strong></span> <span class='ocrx_word' id='word_1_217' title='bbox 3561 1811 3745 1880; x_wconf 62' lang='grc' dir='ltr'>Ἡσαΐᾳ</span> 
     </span>
    </p>
   </div>
   <div class='ocr_carea' id='block_1_33' title="bbox 492 1910 2069 1986">
    <p class='ocr_par' dir='ltr' id='par_1_33' title="bbox 492 1910 2069 1986">
     <span class='ocr_line' id='line_1_33' title="bbox 492 1910 2069 1986; baseline -0.004 -14"><span class='ocrx_word' id='word_1_218' title='bbox 492 1916 776 1986; x_wconf 82' lang='lat' dir='ltr'><strong>Serapltim</strong></span> <span class='ocrx_word' id='word_1_219' title='bbox 820 1925 906 1971; x_wconf 88' lang='lat' dir='ltr'><strong>ter</strong></span> <span class='ocrx_word' id='word_1_220' title='bbox 940 1925 1159 1970; x_wconf 84' lang='lat' dir='ltr'><strong>sanctus</strong></span> <span class='ocrx_word' id='word_1_221' title='bbox 1199 1915 1502 1968; x_wconf 78' lang='lat' dir='ltr'><strong>exclamare</strong></span> <span class='ocrx_word' id='word_1_222' title='bbox 1529 1913 1545 1942; x_wconf 86' lang='grc'>¹</span> <span class='ocrx_word' id='word_1_223' title='bbox 1578 1951 1593 1973; x_wconf 87' lang='grc'><strong>,</strong></span> <span class='ocrx_word' id='word_1_224' title='bbox 1629 1911 1768 1980; x_wconf 93' lang='lat' dir='ltr'><strong>quod</strong></span> <span class='ocrx_word' id='word_1_225' title='bbox 1809 1910 2069 1966; x_wconf 89' lang='lat' dir='ltr'><strong>naturalis</strong></span> 
     </span>
    </p>
   </div>
   <div class='ocr_carea' id='block_1_34' title="bbox 482 2003 2068 2078">
    <p class='ocr_par' dir='ltr' id='par_1_34' title="bbox 482 2003 2068 2078">
     <span class='ocr_line' id='line_1_34' title="bbox 482 2003 2068 2078; baseline -0.003 -16"><span class='ocrx_word' id='word_1_226' title='bbox 482 2009 752 2063; x_wconf 81' lang='lat' dir='ltr'><strong>sanctitas</strong></span> <span class='ocrx_word' id='word_1_227' title='bbox 799 2008 975 2062; x_wconf 83' lang='lat' dir='ltr'><strong>tribus</strong></span> <span class='ocrx_word' id='word_1_228' title='bbox 1030 2008 1084 2060; x_wconf 91' lang='lat' dir='ltr'><strong>in</strong></span> <span class='ocrx_word' id='word_1_229' title='bbox 1129 2007 1510 2078; x_wconf 76' lang='lat' dir='ltr'><strong>liypostasibus</strong></span> <span class='ocrx_word' id='word_1_230' title='bbox 1557 2005 1902 2076; x_wconf 88' lang='lat' dir='ltr'><strong>perspicitur.</strong></span> <span class='ocrx_word' id='word_1_231' title='bbox 1955 2003 2068 2057; x_wconf 75' lang='lat' dir='ltr'><strong>Nec</strong></span> 
     </span>
    </p>
   </div>
   <div class='ocr_carea' id='block_1_35' title="bbox 493 2097 2068 2155">
    <p class='ocr_par' dir='ltr' id='par_1_35' title="bbox 493 2097 2068 2155">
     <span class='ocr_line' id='line_1_35' title="bbox 493 2097 2068 2155; baseline -0.002 -3"><span class='ocrx_word' id='word_1_232' title='bbox 493 2114 618 2155; x_wconf 85' lang='lat' dir='ltr'><strong>vero</strong></span> <span class='ocrx_word' id='word_1_233' title='bbox 643 2100 745 2155; x_wconf 87' lang='lat' dir='ltr'><strong>hoc</strong></span> <span class='ocrx_word' id='word_1_234' title='bbox 771 2100 1087 2154; x_wconf 87' lang='lat' dir='ltr'><strong>sanctitatis</strong></span> <span class='ocrx_word' id='word_1_235' title='bbox 1122 2114 1315 2154; x_wconf 83' lang='lat' dir='ltr'><strong>nomen</strong></span> <span class='ocrx_word' id='word_1_236' title='bbox 1355 2099 1404 2152; x_wconf 87' lang='lat' dir='ltr'><strong>ci</strong></span> <span class='ocrx_word' id='word_1_237' title='bbox 1437 2097 1608 2153; x_wconf 84' lang='lat' dir='ltr'><strong>solum</strong></span> <span class='ocrx_word' id='word_1_238' title='bbox 1656 2111 1944 2151; x_wconf 89' lang='lat' dir='ltr'><strong>commune</strong></span> <span class='ocrx_word' id='word_1_239' title='bbox 1983 2105 2068 2150; x_wconf 90' lang='lat' dir='ltr'><strong>est</strong></span> 
     </span>
    </p>
   </div>
   <div class='ocr_carea' id='block_1_36' title="bbox 492 2189 2068 2261">
    <p class='ocr_par' dir='ltr' id='par_1_36' title="bbox 492 2189 2068 2261">
     <span class='ocr_line' id='line_1_36' title="bbox 492 2189 2068 2261; baseline -0.002 -17"><span class='ocrx_word' id='word_1_240' title='bbox 492 2207 614 2246; x_wconf 84' lang='lat' dir='ltr'><strong>cum</strong></span> <span class='ocrx_word' id='word_1_241' title='bbox 667 2191 828 2248; x_wconf 88' lang='lat' dir='ltr'><strong>Patre</strong></span> <span class='ocrx_word' id='word_1_242' title='bbox 863 2203 917 2257; x_wconf 80' lang='lat' dir='ltr'><strong>et</strong></span> <span class='ocrx_word' id='word_1_243' title='bbox 945 2192 1106 2257; x_wconf 88' lang='lat' dir='ltr'><strong>Filio,</strong></span> <span class='ocrx_word' id='word_1_244' title='bbox 1141 2193 1234 2247; x_wconf 90' lang='lat' dir='ltr'><strong>sed</strong></span> <span class='ocrx_word' id='word_1_245' title='bbox 1271 2193 1380 2261; x_wconf 83' lang='lat' dir='ltr'><strong>ipsa</strong></span> <span class='ocrx_word' id='word_1_246' title='bbox 1412 2201 1492 2244; x_wconf 81' lang='lat' dir='ltr'><strong>est</strong></span> <span class='ocrx_word' id='word_1_247' title='bbox 1523 2191 1683 2244; x_wconf 89' lang='lat' dir='ltr'><strong>etiam</strong></span> <span class='ocrx_word' id='word_1_248' title='bbox 1727 2189 1948 2258; x_wconf 84' lang='lat' dir='ltr'><strong>spiritus</strong></span> <span class='ocrx_word' id='word_1_249' title='bbox 1972 2204 2068 2256; x_wconf 85' lang='lat' dir='ltr'><strong>ap-</strong></span> 
     </span>
    </p>
   </div>
   <div class='ocr_carea' id='block_1_37' title="bbox 493 2279 2065 2350">
    <p class='ocr_par' dir='ltr' id='par_1_37' title="bbox 493 2279 2065 2350">
     <span class='ocr_line' id='line_1_37' title="bbox 493 2279 2065 2350; baseline -0.003 -17"><span class='ocrx_word' id='word_1_250' title='bbox 493 2282 729 2350; x_wconf 86' lang='lat' dir='ltr'><strong>pellatio.</strong></span> <span class='ocrx_word' id='word_1_251' title='bbox 786 2282 925 2337; x_wconf 83' lang='lat' dir='ltr'><strong>Deus</strong></span> <span class='ocrx_word' id='word_1_252' title='bbox 968 2283 1112 2337; x_wconf 88' lang='lat' dir='ltr'><strong>enim</strong></span> <span class='ocrx_word' id='word_1_253' title='bbox 1161 2290 1237 2335; x_wconf 83' lang='lat' dir='ltr'><strong>est</strong></span> <span class='ocrx_word' id='word_1_254' title='bbox 1281 2281 1532 2349; x_wconf 83' lang='lat' dir='ltr'><strong>spiritus;</strong></span> <span class='ocrx_word' id='word_1_255' title='bbox 1568 2289 1618 2334; x_wconf 87' lang='lat' dir='ltr'><strong>et</strong></span> <span class='ocrx_word' id='word_1_256' title='bbox 1657 2295 1742 2332; x_wconf 82' lang='lat' dir='ltr'><strong>eos</strong></span> <span class='ocrx_word' id='word_1_257' title='bbox 1772 2279 1863 2348; x_wconf 87' lang='lat' dir='ltr'><strong>qui</strong></span> <span class='ocrx_word' id='word_1_258' title='bbox 1896 2279 2065 2346; x_wconf 84' lang='lat' dir='ltr'><strong>ipsum</strong></span> 
     </span>
    </p>
   </div>
   <div class='ocr_carea' id='block_1_38' title="bbox 461 2369 2068 2444">
    <p class='ocr_par' dir='ltr' id='par_1_38' title="bbox 461 2369 2068 2444">
     <span class='ocr_line' id='line_1_38' title="bbox 461 2369 2068 2444; baseline -0.002 -19"><span class='ocrx_word' id='word_1_259' title='bbox 461 2376 738 2438; x_wconf 82' lang='lat' dir='ltr'><strong>-ndorant,</strong></span> <span class='ocrx_word' id='word_1_260' title='bbox 767 2378 821 2429; x_wconf 88' lang='lat' dir='ltr'><strong>in</strong></span> <span class='ocrx_word' id='word_1_261' title='bbox 848 2377 1039 2444; x_wconf 87' lang='lat' dir='ltr'><strong>spiritu</strong></span> <span class='ocrx_word' id='word_1_262' title='bbox 1068 2383 1116 2429; x_wconf 84' lang='lat' dir='ltr'><strong>et</strong></span> <span class='ocrx_word' id='word_1_263' title='bbox 1167 2374 1386 2428; x_wconf 79' lang='lat' dir='ltr'><strong>veritate</strong></span> <span class='ocrx_word' id='word_1_264' title='bbox 1429 2373 1654 2425; x_wconf 86' lang='lat' dir='ltr'><strong>adorare</strong></span> <span class='ocrx_word' id='word_1_265' title='bbox 1688 2379 1888 2440; x_wconf 79' lang='lat' dir='ltr'><strong>oportet</strong></span> <span class='ocrx_word' id='word_1_266' title='bbox 1934 2372 1974 2414; x_wconf 84' lang='grc'><strong>³-</strong></span> <span class='ocrx_word' id='word_1_267' title='bbox 2001 2369 2068 2423; x_wconf 84' lang='lat' dir='ltr'><strong>Et</strong></span> 
     </span>
    </p>
   </div>
   <div class='ocr_carea' id='block_1_39' title="bbox 484 2460 2067 2535">
    <p class='ocr_par' dir='ltr' id='par_1_39' title="bbox 484 2460 2067 2535">
     <span class='ocr_line' id='line_1_39' title="bbox 484 2460 2067 2535; baseline -0.001 -19"><span class='ocrx_word' id='word_1_268' title='bbox 484 2467 754 2534; x_wconf 73' lang='lat' dir='ltr'><strong>propheta</strong></span> <span class='ocrx_word' id='word_1_269' title='bbox 779 2467 853 2520; x_wconf 85' lang='lat' dir='ltr'><strong>ait</strong></span> <span class='ocrx_word' id='word_1_270' title='bbox 881 2480 895 2518; x_wconf 88' lang='lat'><strong>:</strong></span> <span class='ocrx_word' id='word_1_271' title='bbox 924 2464 1158 2535; x_wconf 84' lang='lat' dir='ltr'><strong>Spiritus</strong></span> <span class='ocrx_word' id='word_1_272' title='bbox 1186 2474 1305 2518; x_wconf 85' lang='lat' dir='ltr'><strong>ante</strong></span> <span class='ocrx_word' id='word_1_273' title='bbox 1345 2462 1535 2532; x_wconf 76' lang='lat' dir='ltr'><strong>faciem</strong></span> <span class='ocrx_word' id='word_1_274' title='bbox 1567 2472 1799 2515; x_wconf 87' lang='lat' dir='ltr'><strong>nostram</strong></span> <span class='ocrx_word' id='word_1_275' title='bbox 1825 2460 2067 2515; x_wconf 82' lang='lat' dir='ltr'><strong>Christus</strong></span> 
     </span>
    </p>
   </div>
   <div class='ocr_carea' id='block_1_40' title="bbox 495 2552 2068 2621">
    <p class='ocr_par' dir='ltr' id='par_1_40' title="bbox 495 2552 2068 2621">
     <span class='ocr_line' id='line_1_40' title="bbox 495 2552 2068 2621; baseline -0.001 -13"><span class='ocrx_word' id='word_1_276' title='bbox 495 2556 774 2620; x_wconf 75' lang='lat' dir='ltr'><strong>Dominus,</strong></span> <span class='ocrx_word' id='word_1_277' title='bbox 802 2556 892 2609; x_wconf 88' lang='lat' dir='ltr'><strong>ubi</strong></span> <span class='ocrx_word' id='word_1_278' title='bbox 929 2557 1161 2611; x_wconf 72' lang='lat' dir='ltr'><strong>diximus</strong></span> <span class='ocrx_word' id='word_1_279' title='bbox 1191 2569 1210 2608; x_wconf 91' lang='lat'><em>:</em></span> <span class='ocrx_word' id='word_1_280' title='bbox 1235 2553 1304 2608; x_wconf 87' lang='lat' dir='ltr'><strong>In</strong></span> <span class='ocrx_word' id='word_1_281' title='bbox 1349 2554 1532 2607; x_wconf 87' lang='lat' dir='ltr'><strong>umbra</strong></span> <span class='ocrx_word' id='word_1_282' title='bbox 1573 2552 1777 2606; x_wconf 84' lang='lat' dir='ltr'><strong>alarum</strong></span> <span class='ocrx_word' id='word_1_283' title='bbox 1811 2553 1973 2621; x_wconf 84' lang='lat' dir='ltr'><strong>ipsius</strong></span> <span class='ocrx_word' id='word_1_284' title='bbox 1990 2552 2068 2606; x_wconf 74' lang='lat' dir='ltr'><strong>ui-</strong></span> 
     </span>
    </p>
   </div>
   <div class='ocr_carea' id='block_1_41' title="bbox 494 2643 2068 2716">
    <p class='ocr_par' dir='ltr' id='par_1_41' title="bbox 494 2643 2068 2716">
     <span class='ocr_line' id='line_1_41' title="bbox 494 2643 2068 2716; baseline 0 -20"><span class='ocrx_word' id='word_1_285' title='bbox 494 2660 667 2697; x_wconf 81' lang='lat' dir='ltr'><strong>remus</strong></span> <span class='ocrx_word' id='word_1_286' title='bbox 716 2645 758 2699; x_wconf 83' lang='grc'><strong>⁸.</strong></span> <span class='ocrx_word' id='word_1_287' title='bbox 786 2645 927 2713; x_wconf 84' lang='lat' dir='ltr'><strong>Quin</strong></span> <span class='ocrx_word' id='word_1_288' title='bbox 961 2655 1014 2701; x_wconf 90' lang='lat' dir='ltr'><strong>et</strong></span> <span class='ocrx_word' id='word_1_289' title='bbox 1046 2644 1340 2716; x_wconf 85' lang='lat' dir='ltr'><strong>Apostolus</strong></span> <span class='ocrx_word' id='word_1_290' title='bbox 1390 2643 1802 2715; x_wconf 83' lang='lat' dir='ltr'><strong>appellationem</strong></span> <span class='ocrx_word' id='word_1_291' title='bbox 1847 2643 2068 2712; x_wconf 89' lang='lat' dir='ltr'><strong>spiritus</strong></span> 
     </span>
    </p>
   </div>
   <div class='ocr_carea' id='block_1_42' title="bbox 495 2735 2068 2804">
    <p class='ocr_par' dir='ltr' id='par_1_42' title="bbox 495 2735 2068 2804">
     <span class='ocr_line' id='line_1_42' title="bbox 495 2735 2068 2804; baseline -0.001 -16"><span class='ocrx_word' id='word_1_292' title='bbox 495 2738 543 2789; x_wconf 89' lang='lat' dir='ltr'><strong>in</strong></span> <span class='ocrx_word' id='word_1_293' title='bbox 575 2735 858 2792; x_wconf 85' lang='lat' dir='ltr'><strong>Dominum</strong></span> <span class='ocrx_word' id='word_1_294' title='bbox 897 2740 1179 2804; x_wconf 79' lang='lat' dir='ltr'><strong>transfert,</strong></span> <span class='ocrx_word' id='word_1_295' title='bbox 1212 2752 1337 2792; x_wconf 81' lang='lat' dir='ltr'><strong>cum</strong></span> <span class='ocrx_word' id='word_1_296' title='bbox 1375 2737 1506 2792; x_wconf 88' lang='lat' dir='ltr'><strong>dicit</strong></span> <span class='ocrx_word' id='word_1_297' title='bbox 1535 2755 1549 2791; x_wconf 88' lang='lat'><strong>:</strong></span> <span class='ocrx_word' id='word_1_298' title='bbox 1583 2736 1847 2790; x_wconf 86' lang='lat' dir='ltr'><strong>Dominus</strong></span> <span class='ocrx_word' id='word_1_299' title='bbox 1889 2745 2068 2788; x_wconf 78' lang='lat' dir='ltr'><strong>autem</strong></span> 
     </span>
    </p>
   </div>
   <div class='ocr_carea' id='block_1_43' title="bbox 491 2828 2070 2896">
    <p class='ocr_par' dir='ltr' id='par_1_43' title="bbox 491 2828 2070 2896">
     <span class='ocr_line' id='line_1_43' title="bbox 491 2828 2070 2896; baseline -0.001 -16"><span class='ocrx_word' id='word_1_300' title='bbox 491 2828 708 2895; x_wconf 76' lang='lat' dir='ltr'><strong>spiritus</strong></span> <span class='ocrx_word' id='word_1_301' title='bbox 736 2837 812 2883; x_wconf 83' lang='lat' dir='ltr'><strong>est</strong></span> <span class='ocrx_word' id='word_1_302' title='bbox 855 2831 902 2883; x_wconf 75' lang='grc'>⁸.</span> <span class='ocrx_word' id='word_1_303' title='bbox 935 2831 1009 2884; x_wconf 75' lang='lat' dir='ltr'><strong>Ex</strong></span> <span class='ocrx_word' id='word_1_304' title='bbox 1042 2831 1126 2886; x_wconf 86' lang='lat' dir='ltr'><strong>bis</strong></span> <span class='ocrx_word' id='word_1_305' title='bbox 1153 2841 1334 2885; x_wconf 86' lang='lat' dir='ltr'><strong>autem</strong></span> <span class='ocrx_word' id='word_1_306' title='bbox 1375 2828 1595 2885; x_wconf 84' lang='lat' dir='ltr'><strong>cuilibet</strong></span> <span class='ocrx_word' id='word_1_307' title='bbox 1624 2836 1957 2896; x_wconf 91' lang='lat' dir='ltr'><strong>compertum</strong></span> <span class='ocrx_word' id='word_1_308' title='bbox 1986 2834 2070 2880; x_wconf 88' lang='lat' dir='ltr'><strong>est</strong></span> 
     </span>
    </p>
   </div>
   <div class='ocr_carea' id='block_1_44' title="bbox 493 2919 2068 2990">
    <p class='ocr_par' dir='ltr' id='par_1_44' title="bbox 493 2919 2068 2990">
     <span class='ocr_line' id='line_1_44' title="bbox 493 2919 2068 2990; baseline -0.001 -19"><span class='ocrx_word' id='word_1_309' title='bbox 493 2935 556 2973; x_wconf 88' lang='lat' dir='ltr'><strong>ac</strong></span> <span class='ocrx_word' id='word_1_310' title='bbox 589 2928 951 2990; x_wconf 83' lang='lat' dir='ltr'><strong>perspectum,</strong></span> <span class='ocrx_word' id='word_1_311' title='bbox 982 2937 1086 2976; x_wconf 91' lang='lat' dir='ltr'><strong>non</strong></span> <span class='ocrx_word' id='word_1_312' title='bbox 1117 2932 1330 2976; x_wconf 73' lang='lat' dir='ltr'><strong>natura:</strong></span> <span class='ocrx_word' id='word_1_313' title='bbox 1373 2919 1780 2985; x_wconf 86' lang='lat' dir='ltr'><strong>alienationem,</strong></span> <span class='ocrx_word' id='word_1_314' title='bbox 1813 2920 1907 2974; x_wconf 89' lang='lat' dir='ltr'><strong>sed</strong></span> <span class='ocrx_word' id='word_1_315' title='bbox 1935 2933 2068 2971; x_wconf 87' lang='lat' dir='ltr'><strong>con-</strong></span> 
     </span>
    </p>
   </div>
   <div class='ocr_carea' id='block_1_45' title="bbox 487 3007 2069 3080">
    <p class='ocr_par' dir='ltr' id='par_1_45' title="bbox 487 3007 2069 3080">
     <span class='ocr_line' id='line_1_45' title="bbox 487 3007 2069 3080; baseline 0 -17"><span class='ocrx_word' id='word_1_316' title='bbox 487 3007 821 3078; x_wconf 72' lang='lat' dir='ltr'><strong>iunctionem</strong></span> <span class='ocrx_word' id='word_1_317' title='bbox 851 3027 972 3066; x_wconf 91' lang='lat' dir='ltr'><strong>cum</strong></span> <span class='ocrx_word' id='word_1_318' title='bbox 1001 3012 1164 3068; x_wconf 89' lang='lat' dir='ltr'><strong>Patre</strong></span> <span class='ocrx_word' id='word_1_319' title='bbox 1190 3023 1243 3070; x_wconf 89' lang='lat' dir='ltr'><strong>et</strong></span> <span class='ocrx_word' id='word_1_320' title='bbox 1286 3012 1424 3068; x_wconf 91' lang='lat' dir='ltr'><strong>Filio</strong></span> <span class='ocrx_word' id='word_1_321' title='bbox 1461 3026 1556 3080; x_wconf 87' lang='lat' dir='ltr'><strong>per</strong></span> <span class='ocrx_word' id='word_1_322' title='bbox 1595 3012 1873 3066; x_wconf 89' lang='lat' dir='ltr'><strong>nominum</strong></span> <span class='ocrx_word' id='word_1_323' title='bbox 1920 3024 2069 3064; x_wconf 90' lang='lat' dir='ltr'><strong>com-</strong></span> 
     </span>
    </p>
   </div>
   <div class='ocr_carea' id='block_1_46' title="bbox 497 3103 2074 3163">
    <p class='ocr_par' dir='ltr' id='par_1_46' title="bbox 497 3103 2074 3163">
     <span class='ocr_line' id='line_1_46' title="bbox 497 3103 2074 3163; baseline 0.003 -9"><span class='ocrx_word' id='word_1_324' title='bbox 497 3103 912 3159; x_wconf 84' lang='lat' dir='ltr'><strong>municationem</strong></span> <span class='ocrx_word' id='word_1_325' title='bbox 973 3105 1414 3163; x_wconf 87' lang='lat' dir='ltr'><strong>commonstrari.</strong></span> <span class='ocrx_word' id='word_1_326' title='bbox 1465 3105 1532 3161; x_wconf 88' lang='lat' dir='ltr'><strong>Et</strong></span> <span class='ocrx_word' id='word_1_327' title='bbox 1576 3104 1720 3160; x_wconf 88' lang='lat' dir='ltr'><strong>Deus</strong></span> <span class='ocrx_word' id='word_1_328' title='bbox 1767 3103 1944 3158; x_wconf 86' lang='lat' dir='ltr'><strong>dictus</strong></span> <span class='ocrx_word' id='word_1_329' title='bbox 1984 3109 2074 3159; x_wconf 76' lang='lat' dir='ltr'><strong>est</strong></span> 
     </span>
    </p>
   </div>
   <div class='ocr_carea' id='block_1_47' title="bbox 494 3201 2132 3278">
    <p class='ocr_par' dir='ltr' id='par_1_47' title="bbox 494 3201 2132 3278">
     <span class='ocr_line' id='line_1_47' title="bbox 494 3201 2132 3278; baseline -0.001 -24"><span class='ocrx_word' id='word_1_330' title='bbox 494 3201 688 3265; x_wconf 85' lang='lat' dir='ltr'><strong>bonus,</strong></span> <span class='ocrx_word' id='word_1_331' title='bbox 719 3209 775 3256; x_wconf 90' lang='lat' dir='ltr'><strong>et</strong></span> <span class='ocrx_word' id='word_1_332' title='bbox 805 3211 888 3256; x_wconf 86' lang='lat' dir='ltr'><strong>est</strong></span> <span class='ocrx_word' id='word_1_333' title='bbox 919 3219 932 3255; x_wconf 90' lang='lat'><strong>:</strong></span> <span class='ocrx_word' id='word_1_334' title='bbox 972 3204 1143 3258; x_wconf 90' lang='lat' dir='ltr'><strong>bonus</strong></span> <span class='ocrx_word' id='word_1_335' title='bbox 1168 3212 1347 3258; x_wconf 88' lang='lat' dir='ltr'><strong>autem</strong></span> <span class='ocrx_word' id='word_1_336' title='bbox 1373 3213 1455 3259; x_wconf 90' lang='lat' dir='ltr'><strong>est</strong></span> <span class='ocrx_word' id='word_1_337' title='bbox 1473 3213 1528 3259; x_wconf 90' lang='lat' dir='ltr'><strong>et</strong></span> <span class='ocrx_word' id='word_1_338' title='bbox 1552 3202 1792 3273; x_wconf 84' lang='lat' dir='ltr'><strong>Spiritus</strong></span> <span class='ocrx_word' id='word_1_339' title='bbox 1821 3208 2063 3264; x_wconf 87' lang='lat' dir='ltr'><strong>sanctus,</strong></span> <span class='ocrx_word' id='word_1_340' title='bbox 2090 3221 2132 3278; x_wconf 71' lang='grc' dir='ltr'>ο</span> 
     </span>
    </p>
   </div>
   <div class='ocr_carea' id='block_1_48' title="bbox 493 3293 2068 3362">
    <p class='ocr_par' dir='ltr' id='par_1_48' title="bbox 493 3293 2068 3362">
     <span class='ocr_line' id='line_1_48' title="bbox 493 3293 2068 3362; baseline 0 -14"><span class='ocrx_word' id='word_1_341' title='bbox 493 3293 791 3352; x_wconf 85' lang='lat' dir='ltr'><strong>bonitatem</strong></span> <span class='ocrx_word' id='word_1_342' title='bbox 821 3297 1031 3353; x_wconf 82' lang='lat' dir='ltr'><strong>habens</strong></span> <span class='ocrx_word' id='word_1_343' title='bbox 1058 3312 1166 3352; x_wconf 93' lang='lat' dir='ltr'><strong>non</strong></span> <span class='ocrx_word' id='word_1_344' title='bbox 1201 3298 1577 3362; x_wconf 80' lang='lat' dir='ltr'><strong>adventitiam,</strong></span> <span class='ocrx_word' id='word_1_345' title='bbox 1611 3297 1706 3352; x_wconf 90' lang='lat' dir='ltr'><strong>sed</strong></span> <span class='ocrx_word' id='word_1_346' title='bbox 1739 3303 1931 3350; x_wconf 89' lang='lat' dir='ltr'><strong>natura</strong></span> <span class='ocrx_word' id='word_1_347' title='bbox 1966 3293 2068 3348; x_wconf 90' lang='lat' dir='ltr'><strong>sibi</strong></span> 
     </span>
    </p>
   </div>
   <div class='ocr_carea' id='block_1_49' title="bbox 495 3385 2068 3460">
    <p class='ocr_par' dir='ltr' id='par_1_49' title="bbox 495 3385 2068 3460">
     <span class='ocr_line' id='line_1_49' title="bbox 495 3385 2068 3460; baseline -0.001 -20"><span class='ocrx_word' id='word_1_348' title='bbox 495 3387 759 3444; x_wconf 87' lang='lat' dir='ltr'><strong>innatam.</strong></span> <span class='ocrx_word' id='word_1_349' title='bbox 789 3389 1000 3460; x_wconf 82' lang='lat' dir='ltr'><strong>Alioqui</strong></span> <span class='ocrx_word' id='word_1_350' title='bbox 1030 3389 1196 3446; x_wconf 82' lang='lat' dir='ltr'><strong>fuerit</strong></span> <span class='ocrx_word' id='word_1_351' title='bbox 1236 3390 1478 3447; x_wconf 90' lang='lat' dir='ltr'><strong>omnium</strong></span> <span class='ocrx_word' id='word_1_352' title='bbox 1524 3388 1994 3450; x_wconf 89' lang='lat' dir='ltr'><strong>absurdissimum,</strong></span> <span class='ocrx_word' id='word_1_353' title='bbox 2023 3385 2068 3440; x_wconf 89' lang='lat' dir='ltr'><strong>si</strong></span> 
     </span>
    </p>
   </div>
   <div class='ocr_carea' id='block_1_50' title="bbox 493 3480 2070 3553">
    <p class='ocr_par' dir='ltr' id='par_1_50' title="bbox 493 3480 2070 3553">
     <span class='ocr_line' id='line_1_50' title="bbox 493 3480 2070 3553; baseline 0 -22"><span class='ocrx_word' id='word_1_354' title='bbox 493 3480 616 3548; x_wconf 89' lang='lat' dir='ltr'><strong>quis</strong></span> <span class='ocrx_word' id='word_1_355' title='bbox 639 3481 784 3537; x_wconf 89' lang='lat' dir='ltr'><strong>dicat</strong></span> <span class='ocrx_word' id='word_1_356' title='bbox 807 3497 932 3538; x_wconf 89' lang='lat' dir='ltr'><strong>eum</strong></span> <span class='ocrx_word' id='word_1_357' title='bbox 1143 3483 1235 3553; x_wconf 90' lang='lat' dir='ltr'><strong>qui</strong></span> <span class='ocrx_word' id='word_1_358' title='bbox 1265 3491 1460 3539; x_wconf 88' lang='lat' dir='ltr'><strong>natura</strong></span> <span class='ocrx_word' id='word_1_359' title='bbox 1480 3493 1701 3539; x_wconf 86' lang='lat' dir='ltr'><strong>sanctus</strong></span> <span class='ocrx_word' id='word_1_360' title='bbox 1721 3490 1824 3546; x_wconf 88' lang='lat' dir='ltr'><strong>est,</strong></span> <span class='ocrx_word' id='word_1_361' title='bbox 1861 3480 2070 3535; x_wconf 90' lang='lat' dir='ltr'><strong>bonita-</strong></span> 
     </span>
    </p>
   </div>
   <div class='ocr_carea' id='block_1_51' title="bbox 495 3573 2068 3644">
    <p class='ocr_par' dir='ltr' id='par_1_51' title="bbox 495 3573 2068 3644">
     <span class='ocr_line' id='line_1_51' title="bbox 495 3573 2068 3644; baseline 0.002 -20"><span class='ocrx_word' id='word_1_362' title='bbox 495 3579 599 3625; x_wconf 89' lang='lat' dir='ltr'><strong>tem</strong></span> <span class='ocrx_word' id='word_1_363' title='bbox 661 3583 850 3628; x_wconf 89' lang='lat' dir='ltr'><strong>natura</strong></span> <span class='ocrx_word' id='word_1_364' title='bbox 904 3589 1008 3630; x_wconf 91' lang='lat' dir='ltr'><strong>non</strong></span> <span class='ocrx_word' id='word_1_365' title='bbox 1065 3575 1289 3641; x_wconf 83' lang='lat' dir='ltr'><strong>habere,</strong></span> <span class='ocrx_word' id='word_1_366' title='bbox 1352 3575 1447 3630; x_wconf 85' lang='lat' dir='ltr'><strong>sed</strong></span> <span class='ocrx_word' id='word_1_367' title='bbox 1483 3573 1768 3644; x_wconf 87' lang='lat' dir='ltr'><strong>quamdam</strong></span> <span class='ocrx_word' id='word_1_368' title='bbox 1813 3573 2068 3640; x_wconf 76' lang='lat' dir='ltr'><strong>deinceps</strong></span> 
     </span>
    </p>
   </div>
   <div class='ocr_carea' id='block_1_52' title="bbox 491 3663 2066 3737">
    <p class='ocr_par' dir='ltr' id='par_1_52' title="bbox 491 3663 2066 3737">
     <span class='ocr_line' id='line_1_52' title="bbox 491 3663 2066 3737; baseline -0.002 -20"><span class='ocrx_word' id='word_1_369' title='bbox 491 3667 988 3732; x_wconf 80' lang='lat' dir='ltr'><strong>supervenientem,</strong></span> <span class='ocrx_word' id='word_1_370' title='bbox 1017 3667 1176 3737; x_wconf 87' lang='lat' dir='ltr'><strong>eique</strong></span> <span class='ocrx_word' id='word_1_371' title='bbox 1206 3667 1507 3721; x_wconf 73' lang='lat' dir='ltr'><strong>forinsecus</strong></span> <span class='ocrx_word' id='word_1_372' title='bbox 1535 3667 1898 3720; x_wconf 84' lang='lat' dir='ltr'><strong>accedentem.</strong></span> <span class='ocrx_word' id='word_1_373' title='bbox 1927 3663 2066 3728; x_wconf 86' lang='lat' dir='ltr'><strong>Quin</strong></span> 
     </span>
    </p>
   </div>
   <div class='ocr_carea' id='block_1_53' title="bbox 492 3755 2068 3828">
    <p class='ocr_par' dir='ltr' id='par_1_53' title="bbox 492 3755 2068 3828">
     <span class='ocr_line' id='line_1_53' title="bbox 492 3755 2068 3828; baseline -0.001 -20"><span class='ocrx_word' id='word_1_374' title='bbox 492 3755 658 3809; x_wconf 88' lang='lat' dir='ltr'><strong>etiam</strong></span> <span class='ocrx_word' id='word_1_375' title='bbox 703 3769 826 3811; x_wconf 87' lang='lat' dir='ltr'><strong>cum</strong></span> <span class='ocrx_word' id='word_1_376' title='bbox 882 3757 1142 3814; x_wconf 89' lang='lat' dir='ltr'><strong>Dominus</strong></span> <span class='ocrx_word' id='word_1_377' title='bbox 1180 3758 1317 3813; x_wconf 79' lang='lat' dir='ltr'><strong>dixit</strong></span> <span class='ocrx_word' id='word_1_378' title='bbox 1349 3776 1363 3813; x_wconf 90' lang='lat'><strong>:</strong></span> <span class='ocrx_word' id='word_1_379' title='bbox 1392 3757 1506 3828; x_wconf 79' lang='lat' dir='ltr'><strong>Ego</strong></span> <span class='ocrx_word' id='word_1_380' title='bbox 1538 3756 1728 3828; x_wconf 85' lang='lat' dir='ltr'><strong>rogabo</strong></span> <span class='ocrx_word' id='word_1_381' title='bbox 1757 3755 1989 3817; x_wconf 77' lang='lat' dir='ltr'><strong>Patrem,</strong></span> <span class='ocrx_word' id='word_1_382' title='bbox 2016 3762 2068 3808; x_wconf 82' lang='lat' dir='ltr'><strong>et</strong></span> 
     </span>
    </p>
   </div>
   <div class='ocr_carea' id='block_1_54' title="bbox 490 3845 2067 3919">
    <p class='ocr_par' dir='ltr' id='par_1_54' title="bbox 490 3845 2067 3919">
     <span class='ocr_line' id='line_1_54' title="bbox 490 3845 2067 3919; baseline 0.001 -19"><span class='ocrx_word' id='word_1_383' title='bbox 490 3846 653 3900; x_wconf 86' lang='lat' dir='ltr'><strong>alium</strong></span> <span class='ocrx_word' id='word_1_384' title='bbox 694 3845 1032 3904; x_wconf 81' lang='lat' dir='ltr'><strong>Paracletum</strong></span> <span class='ocrx_word' id='word_1_385' title='bbox 1065 3851 1210 3904; x_wconf 82' lang='lat' dir='ltr'><strong>dabit</strong></span> <span class='ocrx_word' id='word_1_386' title='bbox 1256 3850 1396 3905; x_wconf 80' lang='lat' dir='ltr'><strong>vobis</strong></span> <span class='ocrx_word' id='word_1_387' title='bbox 1439 3851 1486 3918; x_wconf 87' lang='lat'><strong>&#39;,</strong></span> <span class='ocrx_word' id='word_1_388' title='bbox 1516 3859 1572 3906; x_wconf 88' lang='lat' dir='ltr'><strong>et</strong></span> <span class='ocrx_word' id='word_1_389' title='bbox 1613 3850 1728 3919; x_wconf 87' lang='lat' dir='ltr'><strong>ipse</strong></span> <span class='ocrx_word' id='word_1_390' title='bbox 1755 3847 2067 3903; x_wconf 85' lang='lat' dir='ltr'><strong>Paracletus</strong></span> 
     </span>
    </p>
   </div>
   <div class='ocr_carea' id='block_1_55' title="bbox 494 3941 2067 4012">
    <p class='ocr_par' dir='ltr' id='par_1_55' title="bbox 494 3941 2067 4012">
     <span class='ocr_line' id='line_1_55' title="bbox 494 3941 2067 4012; baseline 0.003 -22"><span class='ocrx_word' id='word_1_391' title='bbox 494 3947 678 3992; x_wconf 87' lang='lat' dir='ltr'><strong>noster</strong></span> <span class='ocrx_word' id='word_1_392' title='bbox 706 3954 825 3996; x_wconf 89' lang='lat' dir='ltr'><strong>esse</strong></span> <span class='ocrx_word' id='word_1_393' title='bbox 863 3943 1193 3997; x_wconf 89' lang='lat' dir='ltr'><strong>ostenditur.</strong></span> <span class='ocrx_word' id='word_1_394' title='bbox 1234 3944 1412 4009; x_wconf 86' lang='lat' dir='ltr'><strong>Quare</strong></span> <span class='ocrx_word' id='word_1_395' title='bbox 1440 3941 1698 4012; x_wconf 89' lang='lat' dir='ltr'><strong>paracleti</strong></span> <span class='ocrx_word' id='word_1_396' title='bbox 1732 3955 1944 4011; x_wconf 89' lang='lat' dir='ltr'><strong>quoque</strong></span> <span class='ocrx_word' id='word_1_397' title='bbox 1971 3955 2067 4011; x_wconf 88' lang='lat' dir='ltr'><strong>ap-</strong></span> 
     </span>
    </p>
   </div>
   <div class='ocr_carea' id='block_1_56' title="bbox 495 4027 2067 4100">
    <p class='ocr_par' dir='ltr' id='par_1_56' title="bbox 495 4027 2067 4100">
     <span class='ocr_line' id='line_1_56' title="bbox 495 4027 2067 4100; baseline 0.004 -21"><span class='ocrx_word' id='word_1_398' title='bbox 495 4027 710 4096; x_wconf 86' lang='lat' dir='ltr'><strong>pellatio</strong></span> <span class='ocrx_word' id='word_1_399' title='bbox 763 4045 869 4083; x_wconf 91' lang='lat' dir='ltr'><strong>non</strong></span> <span class='ocrx_word' id='word_1_400' title='bbox 923 4046 1113 4099; x_wconf 85' lang='lat' dir='ltr'><strong>parum</strong></span> <span class='ocrx_word' id='word_1_401' title='bbox 1158 4033 1223 4086; x_wconf 89' lang='lat' dir='ltr'><strong>ad</strong></span> <span class='ocrx_word' id='word_1_402' title='bbox 1289 4033 1766 4088; x_wconf 88' lang='lat' dir='ltr'><strong>demonstrandam</strong></span> <span class='ocrx_word' id='word_1_403' title='bbox 1831 4030 2067 4100; x_wconf 81' lang='lat' dir='ltr'><strong>Spiritus</strong></span> 
     </span>
    </p>
   </div>
   <div class='ocr_carea' id='block_1_57' title="bbox 493 4120 1291 4190">
    <p class='ocr_par' dir='ltr' id='par_1_57' title="bbox 493 4120 1291 4190">
     <span class='ocr_line' id='line_1_57' title="bbox 493 4120 1291 4190; baseline 0.003 -16"><span class='ocrx_word' id='word_1_404' title='bbox 493 4123 661 4175; x_wconf 87' lang='lat' dir='ltr'><strong>sancti</strong></span> <span class='ocrx_word' id='word_1_405' title='bbox 692 4120 1028 4190; x_wconf 76' lang='lat' dir='ltr'><strong>maiestatem</strong></span> <span class='ocrx_word' id='word_1_406' title='bbox 1065 4121 1291 4176; x_wconf 80' lang='lat' dir='ltr'><strong>confert.</strong></span> 
     </span>
    </p>
   </div>
   <div class='ocr_carea' id='block_1_58' title="bbox 671 4301 2067 4373">
    <p class='ocr_par' dir='ltr' id='par_1_58' title="bbox 671 4301 2067 4373">
     <span class='ocr_line' id='line_1_58' title="bbox 671 4301 2067 4373; baseline 0.001 -19"><span class='ocrx_word' id='word_1_407' title='bbox 671 4301 732 4354; x_wconf 77' lang='lat' dir='ltr'><strong>Et</strong></span> <span class='ocrx_word' id='word_1_408' title='bbox 788 4302 1006 4355; x_wconf 83' lang='lat' dir='ltr'><strong>nomina</strong></span> <span class='ocrx_word' id='word_1_409' title='bbox 1052 4303 1267 4368; x_wconf 75' lang='lat' dir='ltr'><strong>quidem</strong></span> <span class='ocrx_word' id='word_1_410' title='bbox 1317 4318 1436 4372; x_wconf 68' lang='lat' dir='ltr'><strong>qua:</strong></span> <span class='ocrx_word' id='word_1_411' title='bbox 1477 4302 1811 4373; x_wconf 87' lang='lat' dir='ltr'><strong>majestatem</strong></span> <span class='ocrx_word' id='word_1_412' title='bbox 1858 4312 2067 4358; x_wconf 62' lang='lat' dir='ltr'><strong>natura</strong></span> 
     </span>
    </p>
   </div>
   <div class='ocr_carea' id='block_1_59' title="bbox 495 4394 2065 4464">
    <p class='ocr_par' dir='ltr' id='par_1_59' title="bbox 495 4394 2065 4464">
     <span class='ocr_line' id='line_1_59' title="bbox 495 4394 2065 4464; baseline 0.003 -19"><span class='ocrx_word' id='word_1_413' title='bbox 495 4394 757 4459; x_wconf 86' lang='lat' dir='ltr'><strong>indicant,</strong></span> <span class='ocrx_word' id='word_1_414' title='bbox 789 4405 916 4448; x_wconf 88' lang='lat' dir='ltr'><strong>sunt</strong></span> <span class='ocrx_word' id='word_1_415' title='bbox 950 4395 1216 4462; x_wconf 85' lang='lat' dir='ltr'><strong>ejusmodi</strong></span> <span class='ocrx_word' id='word_1_416' title='bbox 1251 4412 1263 4448; x_wconf 86' lang='lat'><strong>:</strong></span> <span class='ocrx_word' id='word_1_417' title='bbox 1290 4396 1636 4464; x_wconf 84' lang='lat' dir='ltr'><strong>operationes</strong></span> <span class='ocrx_word' id='word_1_418' title='bbox 1669 4410 1800 4451; x_wconf 86' lang='lat' dir='ltr'><strong>vero</strong></span> <span class='ocrx_word' id='word_1_419' title='bbox 1827 4394 2065 4464; x_wconf 83' lang='lat' dir='ltr'><strong>Spiritus</strong></span> 
     </span>
    </p>
   </div>
   <div class='ocr_carea' id='block_1_60' title="bbox 498 4485 2066 4555">
    <p class='ocr_par' dir='ltr' id='par_1_60' title="bbox 498 4485 2066 4555">
     <span class='ocr_line' id='line_1_60' title="bbox 498 4485 2066 4555; baseline -0.001 -15"><span class='ocrx_word' id='word_1_420' title='bbox 498 4487 666 4540; x_wconf 85' lang='lat' dir='ltr'><strong>sancti</strong></span> <span class='ocrx_word' id='word_1_421' title='bbox 715 4487 943 4555; x_wconf 85' lang='lat' dir='ltr'><strong>quales?</strong></span> <span class='ocrx_word' id='word_1_422' title='bbox 991 4485 1158 4539; x_wconf 76' lang='lat' dir='ltr'><strong>Verbo</strong></span> <span class='ocrx_word' id='word_1_423' title='bbox 1190 4485 1424 4554; x_wconf 83' lang='lat' dir='ltr'><strong>Domini,</strong></span> <span class='ocrx_word' id='word_1_424' title='bbox 1469 4487 1664 4555; x_wconf 86' lang='lat' dir='ltr'><strong>inquit,</strong></span> <span class='ocrx_word' id='word_1_425' title='bbox 1704 4486 1821 4542; x_wconf 67' lang='lat' dir='ltr'><strong>curti</strong></span> <span class='ocrx_word' id='word_1_426' title='bbox 1865 4485 2066 4555; x_wconf 78' lang='lat' dir='ltr'><strong>ﬁrmati</strong></span> 
     </span>
    </p>
   </div>
   <div class='ocr_carea' id='block_1_61' title="bbox 2153 1899 3738 1976">
    <p class='ocr_par' dir='ltr' id='par_1_61' title="bbox 2153 1899 3738 1976">
     <span class='ocr_line' id='line_1_61' title="bbox 2153 1899 3738 1976; baseline -0.006 -16"><span class='ocrx_word' id='word_1_427' title='bbox 2153 1912 2222 1960; x_wconf 72' lang='grc' dir='ltr'>τὰ</span> <span class='ocrx_word' id='word_1_428' title='bbox 2251 1903 2503 1976; x_wconf 68' lang='grc' dir='ltr'>Σεραφὶμ</span> <span class='ocrx_word' id='word_1_429' title='bbox 2527 1902 2709 1973; x_wconf 88' lang='grc' dir='ltr'>τρίτον</span> <span class='ocrx_word' id='word_1_430' title='bbox 2739 1901 3014 1955; x_wconf 74' lang='grc' dir='ltr'>ὲκόοῶντα</span> <span class='ocrx_word' id='word_1_431' title='bbox 3036 1901 3098 1953; x_wconf 80' lang='grc' dir='ltr'>τὸ</span> <span class='ocrx_word' id='word_1_432' title='bbox 3120 1899 3283 1970; x_wconf 74' lang='grc' dir='ltr'>ἅγιος</span> <span class='ocrx_word' id='word_1_433' title='bbox 3305 1899 3738 1969; x_wconf 80' lang='grc' dir='ltr'>ἀναγέγραπται,</span> 
     </span>
    </p>
   </div>
   <div class='ocr_carea' id='block_1_62' title="bbox 2156 1989 3740 2068">
    <p class='ocr_par' dir='ltr' id='par_1_62' title="bbox 2156 1989 3740 2068">
     <span class='ocr_line' id='line_1_62' title="bbox 2156 1989 3740 2068; baseline -0.006 -18"><span class='ocrx_word' id='word_1_434' title='bbox 2156 1998 2238 2050; x_wconf 84' lang='grc' dir='ltr'>ὅτι</span> <span class='ocrx_word' id='word_1_435' title='bbox 2269 1999 2325 2049; x_wconf 82' lang='grc' dir='ltr'>ὲν</span> <span class='ocrx_word' id='word_1_436' title='bbox 2350 1995 2496 2068; x_wconf 61' lang='grc' dir='ltr'><strong>τρισὶ⁵</strong></span> <span class='ocrx_word' id='word_1_437' title='bbox 2528 1995 2647 2057; x_wconf 81' lang='grc' dir='ltr'>ταῖς</span> <span class='ocrx_word' id='word_1_438' title='bbox 2667 1991 3031 2046; x_wconf 80' lang='grc' dir='ltr'>ὑποστάσεσιν</span> <span class='ocrx_word' id='word_1_439' title='bbox 3061 1993 3089 2045; x_wconf 98' lang='lat'><strong>6</strong></span> <span class='ocrx_word' id='word_1_440' title='bbox 3113 1991 3253 2044; x_wconf 87' lang='grc' dir='ltr'><strong>κατά</strong></span> <span class='ocrx_word' id='word_1_441' title='bbox 3286 1989 3448 2060; x_wconf 81' lang='grc' dir='ltr'>φύσιν</span> <span class='ocrx_word' id='word_1_442' title='bbox 3480 1990 3740 2059; x_wconf 68' lang='grc' dir='ltr'>ἁγιασμὸς</span> 
     </span>
    </p>
   </div>
   <div class='ocr_carea' id='block_1_63' title="bbox 2157 2079 3740 2158">
    <p class='ocr_par' dir='ltr' id='par_1_63' title="bbox 2157 2079 3740 2158">
     <span class='ocr_line' id='line_1_63' title="bbox 2157 2079 3740 2158; baseline -0.006 -18"><span class='ocrx_word' id='word_1_443' title='bbox 2157 2087 2459 2158; x_wconf 83' lang='grc' dir='ltr'>θεωρεῖται.</span> <span class='ocrx_word' id='word_1_444' title='bbox 2507 2084 2582 2138; x_wconf 88' lang='grc' dir='ltr'>Ού</span> <span class='ocrx_word' id='word_1_445' title='bbox 2614 2081 2774 2135; x_wconf 85' lang='grc' dir='ltr'>τοῦτο</span> <span class='ocrx_word' id='word_1_446' title='bbox 2805 2082 2863 2134; x_wconf 85' lang='grc' dir='ltr'>δὲ</span> <span class='ocrx_word' id='word_1_447' title='bbox 2891 2082 3050 2152; x_wconf 81' lang='grc' dir='ltr'>μόνον</span> <span class='ocrx_word' id='word_1_448' title='bbox 3083 2080 3234 2152; x_wconf 85' lang='grc' dir='ltr'>αύτῷ</span> <span class='ocrx_word' id='word_1_449' title='bbox 3263 2079 3442 2133; x_wconf 78' lang='grc' dir='ltr'>κοινὸν</span> <span class='ocrx_word' id='word_1_450' title='bbox 3472 2079 3614 2151; x_wconf 81' lang='grc' dir='ltr'>πρὸς</span> <span class='ocrx_word' id='word_1_451' title='bbox 3642 2080 3740 2132; x_wconf 81' lang='grc' dir='ltr'>Πα-</span> 
     </span>
    </p>
   </div>
   <div class='ocr_carea' id='block_1_64' title="bbox 2153 2171 3742 2249">
    <p class='ocr_par' dir='ltr' id='par_1_64' title="bbox 2153 2171 3742 2249">
     <span class='ocr_line' id='line_1_64' title="bbox 2153 2171 3742 2249; baseline -0.007 -17"><span class='ocrx_word' id='word_1_452' title='bbox 2153 2179 2288 2249; x_wconf 74' lang='grc' dir='ltr'><strong>τέρι</strong></span> <span class='ocrx_word' id='word_1_453' title='bbox 2315 2177 2407 2231; x_wconf 72' lang='grc' dir='ltr'><strong>καὶ</strong></span> <span class='ocrx_word' id='word_1_454' title='bbox 2432 2175 2560 2229; x_wconf 74' lang='grc' dir='ltr'>Υίδν</span> <span class='ocrx_word' id='word_1_455' title='bbox 2588 2175 2648 2228; x_wconf 83' lang='grc' dir='ltr'><strong>τὸ</strong></span> <span class='ocrx_word' id='word_1_456' title='bbox 2677 2174 2778 2244; x_wconf 83' lang='grc' dir='ltr'><strong>τῆς</strong></span> <span class='ocrx_word' id='word_1_457' title='bbox 2803 2172 3114 2243; x_wconf 74' lang='grc' dir='ltr'><strong>ἁγιωσύνης</strong></span> <span class='ocrx_word' id='word_1_458' title='bbox 3145 2173 3334 2244; x_wconf 73' lang='grc' dir='ltr'>ὄνομα,</span> <span class='ocrx_word' id='word_1_459' title='bbox 3361 2171 3502 2226; x_wconf 78' lang='grc' dir='ltr'>ἀλλὰ</span> <span class='ocrx_word' id='word_1_460' title='bbox 3533 2171 3628 2225; x_wconf 74' lang='grc' dir='ltr'><strong>καὶ</strong></span> <span class='ocrx_word' id='word_1_461' title='bbox 3655 2171 3742 2223; x_wconf 74' lang='grc' dir='ltr'>αύ-</span> 
     </span>
    </p>
   </div>
   <div class='ocr_carea' id='block_1_65' title="bbox 2155 2251 3741 2342">
    <p class='ocr_par' dir='ltr' id='par_1_65' title="bbox 2155 2251 3741 2342">
     <span class='ocr_line' id='line_1_65' title="bbox 2155 2251 3741 2342; baseline -0.004 -18"><span class='ocrx_word' id='word_1_462' title='bbox 2155 2273 2223 2341; x_wconf 75' lang='grc' dir='ltr'>τὴ</span> <span class='ocrx_word' id='word_1_463' title='bbox 2274 2272 2307 2342; x_wconf 80' lang='grc' dir='ltr'>ἡ</span> <span class='ocrx_word' id='word_1_464' title='bbox 2354 2270 2446 2323; x_wconf 87' lang='grc' dir='ltr'><strong>τοῦ</strong></span> <span class='ocrx_word' id='word_1_465' title='bbox 2501 2268 2810 2339; x_wconf 86' lang='grc' dir='ltr'>πνεύματος</span> <span class='ocrx_word' id='word_1_466' title='bbox 2868 2251 3228 2338; x_wconf 78' lang='grc' dir='ltr'>προσηγορεα.</span> <span class='ocrx_word' id='word_1_467' title='bbox 3271 2265 3526 2334; x_wconf 81' lang='grc' dir='ltr'><em>Πνεῦμα</em></span> <span class='ocrx_word' id='word_1_468' title='bbox 3567 2265 3671 2335; x_wconf 78' lang='grc' dir='ltr'>γὰρ</span> <span class='ocrx_word' id='word_1_469' title='bbox 3711 2265 3741 2318; x_wconf 88' lang='lat' dir='ltr'><strong>d</strong></span> 
     </span>
    </p>
   </div>
   <div class='ocr_carea' id='block_1_66' title="bbox 2161 2356 3739 2429">
    <p class='ocr_par' dir='ltr' id='par_1_66' title="bbox 2161 2356 3739 2429">
     <span class='ocr_line' id='line_1_66' title="bbox 2161 2356 3739 2429; baseline -0.005 -13"><span class='ocrx_word' id='word_1_470' title='bbox 2161 2361 2326 2429; x_wconf 81' lang='grc' dir='ltr'>Θεὸς,</span> <span class='ocrx_word' id='word_1_471' title='bbox 2360 2362 2458 2414; x_wconf 79' lang='grc' dir='ltr'>καὶ</span> <span class='ocrx_word' id='word_1_472' title='bbox 2481 2360 2623 2425; x_wconf 84' lang='grc' dir='ltr'>τοὺς</span> <span class='ocrx_word' id='word_1_473' title='bbox 2644 2358 3143 2427; x_wconf 81' lang='grc' dir='ltr'><strong>προσκυνοῦντας</strong></span> <span class='ocrx_word' id='word_1_474' title='bbox 3174 2356 3360 2410; x_wconf 76' lang='grc' dir='ltr'>αὐτὸν</span> <span class='ocrx_word' id='word_1_475' title='bbox 3382 2357 3454 2410; x_wconf 76' lang='grc' dir='ltr'><strong>ἐν</strong></span> <span class='ocrx_word' id='word_1_476' title='bbox 3481 2357 3739 2425; x_wconf 75' lang='grc' dir='ltr'>πνεύμα-</span> 
     </span>
    </p>
   </div>
   <div class='ocr_carea' id='block_1_67' title="bbox 2159 2449 3740 2521">
    <p class='ocr_par' dir='ltr' id='par_1_67' title="bbox 2159 2449 3740 2521">
     <span class='ocr_line' id='line_1_67' title="bbox 2159 2449 3740 2521; baseline -0.004 -11"><span class='ocrx_word' id='word_1_477' title='bbox 2159 2474 2213 2510; x_wconf 79' lang='grc' dir='ltr'><strong>τι</strong></span> <span class='ocrx_word' id='word_1_478' title='bbox 2263 2455 2361 2510; x_wconf 79' lang='grc' dir='ltr'>καὶ</span> <span class='ocrx_word' id='word_1_479' title='bbox 2407 2453 2658 2521; x_wconf 77' lang='grc' dir='ltr'><strong>ἀληθείᾳ</strong></span> <span class='ocrx_word' id='word_1_480' title='bbox 2689 2451 2786 2505; x_wconf 81' lang='grc' dir='ltr'><strong>δεῖ</strong></span> <span class='ocrx_word' id='word_1_481' title='bbox 2819 2449 3206 2520; x_wconf 81' lang='grc' dir='ltr'>προσκυνεῖν.</span> <span class='ocrx_word' id='word_1_482' title='bbox 3243 2450 3352 2503; x_wconf 77' lang='lat' dir='ltr'><strong>Kal</strong></span> <span class='ocrx_word' id='word_1_483' title='bbox 3390 2451 3420 2502; x_wconf 92' lang='lat'><strong>6</strong></span> <span class='ocrx_word' id='word_1_484' title='bbox 3463 2450 3740 2520; x_wconf 75' lang='grc' dir='ltr'>προφήτης</span> 
     </span>
    </p>
   </div>
   <div class='ocr_carea' id='block_1_68' title="bbox 2160 2536 3740 2615">
    <p class='ocr_par' dir='ltr' id='par_1_68' title="bbox 2160 2536 3740 2615">
     <span class='ocr_line' id='line_1_68' title="bbox 2160 2536 3740 2615; baseline -0.005 -17"><span class='ocrx_word' id='word_1_485' title='bbox 2160 2544 2324 2615; x_wconf 80' lang='grc' dir='ltr'>φησί’</span> <span class='ocrx_word' id='word_1_486' title='bbox 2361 2543 2605 2610; x_wconf 75' lang='grc' dir='ltr'>Πνεῦμα</span> <span class='ocrx_word' id='word_1_487' title='bbox 2633 2543 2744 2609; x_wconf 82' lang='grc' dir='ltr'>πρὸ</span> <span class='ocrx_word' id='word_1_488' title='bbox 2780 2539 3106 2609; x_wconf 82' lang='grc' dir='ltr'>προσώπου</span> <span class='ocrx_word' id='word_1_489' title='bbox 3289 2537 3459 2608; x_wconf 76' lang='grc' dir='ltr'>ἡμῶν</span> <span class='ocrx_word' id='word_1_490' title='bbox 3495 2536 3740 2606; x_wconf 76' lang='grc' dir='ltr'>Χριστὸς</span> 
     </span>
    </p>
   </div>
   <div class='ocr_carea' id='block_1_69' title="bbox 2159 2629 3740 2702">
    <p class='ocr_par' dir='ltr' id='par_1_69' title="bbox 2159 2629 3740 2702">
     <span class='ocr_line' id='line_1_69' title="bbox 2159 2629 3740 2702; baseline -0.006 -12"><span class='ocrx_word' id='word_1_491' title='bbox 2159 2637 2406 2702; x_wconf 81' lang='grc' dir='ltr'>Κύριος.</span> <span class='ocrx_word' id='word_1_492' title='bbox 2438 2630 2510 2690; x_wconf 78' lang='grc' dir='ltr'>οὗ</span> <span class='ocrx_word' id='word_1_493' title='bbox 2540 2635 2820 2702; x_wconf 77' lang='grc' dir='ltr'>εἴπαμεν·</span> <span class='ocrx_word' id='word_1_494' title='bbox 2869 2633 2973 2686; x_wconf 78' lang='grc' dir='ltr'>Ἐν</span> <span class='ocrx_word' id='word_1_495' title='bbox 2995 2630 3072 2698; x_wconf 77' lang='grc' dir='ltr'>τῇ</span> <span class='ocrx_word' id='word_1_496' title='bbox 3100 2629 3248 2696; x_wconf 80' lang='grc' dir='ltr'>σκιᾷ</span> <span class='ocrx_word' id='word_1_497' title='bbox 3289 2629 3412 2684; x_wconf 71' lang='grc' dir='ltr'><strong>τῶν</strong></span> <span class='ocrx_word' id='word_1_498' title='bbox 3441 2630 3740 2698; x_wconf 70' lang='grc' dir='ltr'>,πτερύγων</span> 
     </span>
    </p>
   </div>
   <div class='ocr_carea' id='block_1_70' title="bbox 2159 2719 3737 2797">
    <p class='ocr_par' dir='ltr' id='par_1_70' title="bbox 2159 2719 3737 2797">
     <span class='ocr_line' id='line_1_70' title="bbox 2159 2719 3737 2797; baseline -0.004 -17"><span class='ocrx_word' id='word_1_499' title='bbox 2159 2727 2345 2782; x_wconf 81' lang='grc' dir='ltr'>αὑτοῦ</span> <span class='ocrx_word' id='word_1_500' title='bbox 2367 2725 2691 2797; x_wconf 29' lang='grc' dir='ltr'>λζησόμεθα.</span> <span class='ocrx_word' id='word_1_501' title='bbox 2728 2725 2837 2778; x_wconf 72' lang='grc' dir='ltr'>Καὶ</span> <span class='ocrx_word' id='word_1_502' title='bbox 2869 2725 2899 2776; x_wconf 91' lang='lat'><strong>6</strong></span> <span class='ocrx_word' id='word_1_503' title='bbox 2938 2723 3258 2786; x_wconf 81' lang='grc' dir='ltr'>’Λπόστολος</span> <span class='ocrx_word' id='word_1_504' title='bbox 3300 2722 3401 2793; x_wconf 78' lang='grc' dir='ltr'><strong>τὴν</strong></span> <span class='ocrx_word' id='word_1_505' title='bbox 3450 2721 3549 2774; x_wconf 86' lang='grc' dir='ltr'><strong>τοῦ</strong></span> <span class='ocrx_word' id='word_1_506' title='bbox 3587 2719 3737 2773; x_wconf 82' lang='grc' dir='ltr'>πνεύ-</span> 
     </span>
    </p>
   </div>
   <div class='ocr_carea' id='block_1_71' title="bbox 2163 2811 3732 2891">
    <p class='ocr_par' dir='ltr' id='par_1_71' title="bbox 2163 2811 3732 2891">
     <span class='ocr_line' id='line_1_71' title="bbox 2163 2811 3732 2891; baseline -0.007 -18"><span class='ocrx_word' id='word_1_507' title='bbox 2163 2836 2334 2890; x_wconf 84' lang='grc' dir='ltr'>ματος</span> <span class='ocrx_word' id='word_1_508' title='bbox 2361 2819 2732 2891; x_wconf 84' lang='grc' dir='ltr'>προσηγορίαν</span> <span class='ocrx_word' id='word_1_509' title='bbox 2763 2816 2856 2870; x_wconf 73' lang='grc' dir='ltr'>ἐπὶ</span> <span class='ocrx_word' id='word_1_510' title='bbox 2886 2816 2976 2869; x_wconf 78' lang='grc' dir='ltr'><strong>τὸν</strong></span> <span class='ocrx_word' id='word_1_511' title='bbox 3002 2815 3205 2886; x_wconf 82' lang='grc' dir='ltr'>Κύριον</span> <span class='ocrx_word' id='word_1_512' title='bbox 3233 2813 3498 2884; x_wconf 81' lang='grc' dir='ltr'><strong>ἀναφέρει</strong></span> <span class='ocrx_word' id='word_1_513' title='bbox 3537 2811 3732 2879; x_wconf 83' lang='grc' dir='ltr'>λέγων·</span> 
     </span>
    </p>
   </div>
   <div class='ocr_carea' id='block_1_72' title="bbox 2175 2904 3740 2979">
    <p class='ocr_par' dir='ltr' id='par_1_72' title="bbox 2175 2904 3740 2979">
     <span class='ocr_line' id='line_1_72' title="bbox 2175 2904 3740 2979; baseline -0.008 -13"><span class='ocrx_word' id='word_1_514' title='bbox 2175 2915 2236 2966; x_wconf 92' lang='lat'><strong>&#39;0</strong></span> <span class='ocrx_word' id='word_1_515' title='bbox 2258 2911 2326 2964; x_wconf 84' lang='grc' dir='ltr'><em>δὲ</em></span> <span class='ocrx_word' id='word_1_516' title='bbox 2348 2911 2565 2979; x_wconf 84' lang='grc' dir='ltr'>Κύριος</span> <span class='ocrx_word' id='word_1_517' title='bbox 2594 2909 2660 2964; x_wconf 84' lang='grc' dir='ltr'>τὸ</span> <span class='ocrx_word' id='word_1_518' title='bbox 2693 2907 2932 2977; x_wconf 76' lang='grc' dir='ltr'>πνεῦμά</span> <span class='ocrx_word' id='word_1_519' title='bbox 2957 2908 3147 2962; x_wconf 84' lang='grc' dir='ltr'>ἐστιν.</span> <span class='ocrx_word' id='word_1_520' title='bbox 3192 2906 3287 2959; x_wconf 86' lang='grc' dir='ltr'>Ἐκ</span> <span class='ocrx_word' id='word_1_521' title='bbox 3307 2905 3364 2959; x_wconf 81' lang='grc' dir='ltr'><strong>δὲ</strong></span> <span class='ocrx_word' id='word_1_522' title='bbox 3386 2904 3595 2957; x_wconf 87' lang='grc' dir='ltr'>τούτων</span> <span class='ocrx_word' id='word_1_523' title='bbox 3617 2920 3740 2956; x_wconf 81' lang='grc' dir='ltr'>παν-</span> 
     </span>
    </p>
   </div>
   <div class='ocr_carea' id='block_1_73' title="bbox 2161 2992 3738 3074">
    <p class='ocr_par' dir='ltr' id='par_1_73' title="bbox 2161 2992 3738 3074">
     <span class='ocr_line' id='line_1_73' title="bbox 2161 2992 3738 3074; baseline -0.009 -16"><span class='ocrx_word' id='word_1_524' title='bbox 2161 3005 2216 3058; x_wconf 72' lang='grc' dir='ltr'>τὶ</span> <span class='ocrx_word' id='word_1_525' title='bbox 2243 3002 2422 3074; x_wconf 79' lang='grc' dir='ltr'>δῆλον,</span> <span class='ocrx_word' id='word_1_526' title='bbox 2455 3003 2536 3056; x_wconf 82' lang='grc' dir='ltr'>ὅτι</span> <span class='ocrx_word' id='word_1_527' title='bbox 2561 3001 2682 3070; x_wconf 70' lang='grc' dir='ltr'>οὐχ).</span> <span class='ocrx_word' id='word_1_528' title='bbox 2709 2999 3065 3070; x_wconf 79' lang='grc' dir='ltr'>ἀλλοτρίωσιν</span> <span class='ocrx_word' id='word_1_529' title='bbox 3231 2997 3331 3067; x_wconf 77' lang='grc' dir='ltr'>τῆς</span> <span class='ocrx_word' id='word_1_530' title='bbox 3360 2995 3600 3066; x_wconf 79' lang='grc' dir='ltr'>φύσεως,</span> <span class='ocrx_word' id='word_1_531' title='bbox 3631 2992 3738 3046; x_wconf 79' lang='grc' dir='ltr'>ἀλλ’</span> 
     </span>
    </p>
   </div>
   <div class='ocr_carea' id='block_1_74' title="bbox 2161 3083 3738 3166">
    <p class='ocr_par' dir='ltr' id='par_1_74' title="bbox 2161 3083 3738 3166">
     <span class='ocr_line' id='line_1_74' title="bbox 2161 3083 3738 3166; baseline -0.008 -18"><span class='ocrx_word' id='word_1_532' title='bbox 2161 3095 2434 3149; x_wconf 87' lang='grc' dir='ltr'>οίκείωσιν</span> <span class='ocrx_word' id='word_1_533' title='bbox 2461 3093 2598 3166; x_wconf 78' lang='grc' dir='ltr'>πρὸς</span> <span class='ocrx_word' id='word_1_534' title='bbox 2624 3093 2714 3146; x_wconf 81' lang='grc' dir='ltr'><strong>τὸν</strong></span> <span class='ocrx_word' id='word_1_535' title='bbox 2747 3091 2966 3163; x_wconf 82' lang='grc' dir='ltr'>Πατέρα</span> <span class='ocrx_word' id='word_1_536' title='bbox 3006 3090 3099 3144; x_wconf 83' lang='grc' dir='ltr'>καὶ</span> <span class='ocrx_word' id='word_1_537' title='bbox 3133 3089 3262 3142; x_wconf 77' lang='grc' dir='ltr'>Υίὸν</span> <span class='ocrx_word' id='word_1_538' title='bbox 3288 3090 3322 3159; x_wconf 80' lang='grc' dir='ltr'>ἡ</span> <span class='ocrx_word' id='word_1_539' title='bbox 3359 3086 3614 3140; x_wconf 85' lang='grc' dir='ltr'>κοινωνία</span> <span class='ocrx_word' id='word_1_540' title='bbox 3639 3083 3738 3136; x_wconf 73' lang='grc' dir='ltr'><strong>τῶν</strong></span> 
     </span>
    </p>
   </div>
   <div class='ocr_carea' id='block_1_75' title="bbox 2160 3178 3732 3258">
    <p class='ocr_par' dir='ltr' id='par_1_75' title="bbox 2160 3178 3732 3258">
     <span class='ocr_line' id='line_1_75' title="bbox 2160 3178 3732 3258; baseline -0.008 -18"><span class='ocrx_word' id='word_1_541' title='bbox 2160 3187 2439 3258; x_wconf 80' lang='grc' dir='ltr'>ὀνομάτων</span> <span class='ocrx_word' id='word_1_542' title='bbox 2488 3186 2810 3258; x_wconf 76' lang='grc' dir='ltr'>παρίστησι.</span> <span class='ocrx_word' id='word_1_543' title='bbox 2863 3185 2974 3238; x_wconf 78' lang='lat' dir='ltr'><strong>Kal</strong></span> <span class='ocrx_word' id='word_1_544' title='bbox 3021 3182 3226 3250; x_wconf 80' lang='grc' dir='ltr'>ἀγαθὸς</span> <span class='ocrx_word' id='word_1_545' title='bbox 3267 3181 3296 3232; x_wconf 93' lang='lat'><strong>6</strong></span> <span class='ocrx_word' id='word_1_546' title='bbox 3328 3179 3459 3244; x_wconf 73' lang='grc' dir='ltr'>Θεὸς</span> <span class='ocrx_word' id='word_1_547' title='bbox 3510 3178 3732 3248; x_wconf 76' lang='grc' dir='ltr'>εἴρηται,</span> 
     </span>
    </p>
   </div>
   <div class='ocr_carea' id='block_1_76' title="bbox 2161 3268 3736 3347">
    <p class='ocr_par' dir='ltr' id='par_1_76' title="bbox 2161 3268 3736 3347">
     <span class='ocr_line' id='line_1_76' title="bbox 2161 3268 3736 3347; baseline -0.009 -14"><span class='ocrx_word' id='word_1_548' title='bbox 2161 3281 2256 3333; x_wconf 76' lang='grc' dir='ltr'><strong>καὶ</strong></span> <span class='ocrx_word' id='word_1_549' title='bbox 2284 3279 2431 3332; x_wconf 73' lang='grc' dir='ltr'>ἐστιν</span> <span class='ocrx_word' id='word_1_550' title='bbox 2454 3295 2468 3309; x_wconf 76' lang='grc' dir='ltr'><strong>ο</strong></span> <span class='ocrx_word' id='word_1_551' title='bbox 2505 3277 2706 3347; x_wconf 80' lang='grc' dir='ltr'>ἀγαθὸν</span> <span class='ocrx_word' id='word_1_552' title='bbox 2745 3277 2802 3329; x_wconf 78' lang='grc' dir='ltr'><strong>δὲ</strong></span> <span class='ocrx_word' id='word_1_553' title='bbox 2842 3276 2938 3328; x_wconf 79' lang='grc' dir='ltr'>καὶ</span> <span class='ocrx_word' id='word_1_554' title='bbox 2974 3275 3035 3328; x_wconf 79' lang='grc' dir='ltr'><strong>τὸ</strong></span> <span class='ocrx_word' id='word_1_555' title='bbox 3075 3273 3300 3344; x_wconf 78' lang='grc' dir='ltr'><strong>Πνεῦμα</strong></span> <span class='ocrx_word' id='word_1_556' title='bbox 3339 3271 3402 3324; x_wconf 78' lang='grc' dir='ltr'>τὸ</span> <span class='ocrx_word' id='word_1_557' title='bbox 3439 3270 3611 3339; x_wconf 73' lang='grc' dir='ltr'>ἅγιον,</span> <span class='ocrx_word' id='word_1_558' title='bbox 3643 3268 3736 3320; x_wconf 76' lang='grc' dir='ltr'><strong>ούκ</strong></span> 
     </span>
    </p>
   </div>
   <div class='ocr_carea' id='block_1_77' title="bbox 2161 3362 3735 3442">
    <p class='ocr_par' dir='ltr' id='par_1_77' title="bbox 2161 3362 3735 3442">
     <span class='ocr_line' id='line_1_77' title="bbox 2161 3362 3735 3442; baseline -0.008 -17"><span class='ocrx_word' id='word_1_559' title='bbox 2161 3371 2562 3442; x_wconf 78' lang='grc' dir='ltr'>ὲπισκευαστὴν</span> <span class='ocrx_word' id='word_1_560' title='bbox 2591 3370 2715 3441; x_wconf 75' lang='grc' dir='ltr'>ἔχον</span> <span class='ocrx_word' id='word_1_561' title='bbox 2743 3368 2842 3440; x_wconf 82' lang='grc' dir='ltr'>τὴν</span> <span class='ocrx_word' id='word_1_562' title='bbox 2877 3367 3208 3436; x_wconf 83' lang='grc' dir='ltr'>ἀγαθότητα,</span> <span class='ocrx_word' id='word_1_563' title='bbox 3264 3363 3380 3418; x_wconf 82' lang='grc' dir='ltr'>ἀλλ’</span> <span class='ocrx_word' id='word_1_564' title='bbox 3419 3365 3484 3416; x_wconf 82' lang='grc' dir='ltr'>ὲκ</span> <span class='ocrx_word' id='word_1_565' title='bbox 3532 3362 3735 3431; x_wconf 73' lang='grc' dir='ltr'>φύσεως</span> 
     </span>
    </p>
   </div>
   <div class='ocr_carea' id='block_1_78' title="bbox 2161 3451 3734 3534">
    <p class='ocr_par' dir='ltr' id='par_1_78' title="bbox 2161 3451 3734 3534">
     <span class='ocr_line' id='line_1_78' title="bbox 2161 3451 3734 3534; baseline -0.008 -18"><span class='ocrx_word' id='word_1_566' title='bbox 2161 3462 2311 3534; x_wconf 81' lang='grc' dir='ltr'>αὐτῷ</span> <span class='ocrx_word' id='word_1_567' title='bbox 2343 3463 2810 3534; x_wconf 83' lang='grc' dir='ltr'>συνυπάρχουσαν.</span> <span class='ocrx_word' id='word_1_568' title='bbox 2844 3459 2916 3512; x_wconf 86' lang='grc' dir='ltr'><strong>Ἦ</strong></span> <span class='ocrx_word' id='word_1_569' title='bbox 2949 3458 3166 3512; x_wconf 81' lang='grc' dir='ltr'>πάντων</span> <span class='ocrx_word' id='word_1_570' title='bbox 3198 3456 3263 3511; x_wconf 82' lang='grc' dir='ltr'>ἂν</span> <span class='ocrx_word' id='word_1_571' title='bbox 3287 3455 3372 3526; x_wconf 86' lang='grc' dir='ltr'><strong>εῐη</strong></span> <span class='ocrx_word' id='word_1_572' title='bbox 3404 3451 3734 3522; x_wconf 81' lang='grc' dir='ltr'>ἀλογώτατον</span> 
     </span>
    </p>
   </div>
   <div class='ocr_carea' id='block_1_79' title="bbox 2160 3544 3730 3625">
    <p class='ocr_par' dir='ltr' id='par_1_79' title="bbox 2160 3544 3730 3625">
     <span class='ocr_line' id='line_1_79' title="bbox 2160 3544 3730 3625; baseline -0.003 -17"><span class='ocrx_word' id='word_1_573' title='bbox 2160 3555 2223 3608; x_wconf 82' lang='grc' dir='ltr'><strong>τὸ</strong></span> <span class='ocrx_word' id='word_1_574' title='bbox 2247 3553 2407 3624; x_wconf 83' lang='grc' dir='ltr'>φύσει</span> <span class='ocrx_word' id='word_1_575' title='bbox 2440 3553 2594 3623; x_wconf 77' lang='grc' dir='ltr'>ἅγιον</span> <span class='ocrx_word' id='word_1_576' title='bbox 2620 3553 2693 3625; x_wconf 79' lang='grc' dir='ltr'>μὴ</span> <span class='ocrx_word' id='word_1_577' title='bbox 2723 3553 2881 3622; x_wconf 87' lang='grc' dir='ltr'>φύσει</span> <span class='ocrx_word' id='word_1_578' title='bbox 2908 3551 3086 3620; x_wconf 76' lang='grc' dir='ltr'>λέγειν</span> <span class='ocrx_word' id='word_1_579' title='bbox 3114 3550 3212 3621; x_wconf 81' lang='grc' dir='ltr'><strong>τὴν</strong></span> <span class='ocrx_word' id='word_1_580' title='bbox 3242 3545 3556 3618; x_wconf 79' lang='grc' dir='ltr'>ἀγαθὸτητα</span> <span class='ocrx_word' id='word_1_581' title='bbox 3582 3544 3730 3613; x_wconf 72' lang='grc' dir='ltr'>ἔχειν,</span> 
     </span>
    </p>
   </div>
   <div class='ocr_carea' id='block_1_80' title="bbox 2160 3633 3732 3716">
    <p class='ocr_par' dir='ltr' id='par_1_80' title="bbox 2160 3633 3732 3716">
     <span class='ocr_line' id='line_1_80' title="bbox 2160 3633 3732 3716; baseline -0.008 -17"><span class='ocrx_word' id='word_1_582' title='bbox 2160 3645 2275 3700; x_wconf 81' lang='grc' dir='ltr'>ἀλλ’</span> <span class='ocrx_word' id='word_1_583' title='bbox 2291 3647 2547 3716; x_wconf 84' lang='grc' dir='ltr'>ὲπιγεννη</span> <span class='ocrx_word' id='word_1_584' title='bbox 2557 3645 2792 3716; x_wconf 81' lang='grc' dir='ltr'>ματικὴν</span> <span class='ocrx_word' id='word_1_585' title='bbox 2958 3643 3051 3695; x_wconf 75' lang='grc' dir='ltr'><strong>καὶ</strong></span> <span class='ocrx_word' id='word_1_586' title='bbox 3077 3641 3274 3708; x_wconf 74' lang='grc' dir='ltr'>ἔξωθεν</span> <span class='ocrx_word' id='word_1_587' title='bbox 3297 3633 3732 3712; x_wconf 82' lang='grc' dir='ltr'>προσγεγενημὲ-</span> 
     </span>
    </p>
   </div>
   <div class='ocr_carea' id='block_1_81' title="bbox 2160 3725 3734 3811">
    <p class='ocr_par' dir='ltr' id='par_1_81' title="bbox 2160 3725 3734 3811">
     <span class='ocr_line' id='line_1_81' title="bbox 2160 3725 3734 3811; baseline -0.01 -19"><span class='ocrx_word' id='word_1_588' title='bbox 2160 3753 2260 3811; x_wconf 86' lang='grc' dir='ltr'><strong>νην</strong></span> <span class='ocrx_word' id='word_1_589' title='bbox 2282 3735 2449 3808; x_wconf 78' lang='grc' dir='ltr'>αὐτῷ.</span> <span class='ocrx_word' id='word_1_590' title='bbox 2495 3737 2585 3790; x_wconf 86' lang='grc' dir='ltr'>Ἐν</span> <span class='ocrx_word' id='word_1_591' title='bbox 2605 3729 2650 3804; x_wconf 83' lang='grc' dir='ltr'><strong>ᾧ</strong></span> <span class='ocrx_word' id='word_1_592' title='bbox 2680 3735 2738 3790; x_wconf 77' lang='grc' dir='ltr'><strong>δὲ</strong></span> <span class='ocrx_word' id='word_1_593' title='bbox 2763 3731 2915 3788; x_wconf 83' lang='grc' dir='ltr'>εἶπεν</span> <span class='ocrx_word' id='word_1_594' title='bbox 2941 3735 2970 3786; x_wconf 90' lang='lat'><strong>6</strong></span> <span class='ocrx_word' id='word_1_595' title='bbox 2987 3733 3190 3802; x_wconf 81' lang='grc' dir='ltr'>Κύριος</span> <span class='ocrx_word' id='word_1_596' title='bbox 3221 3733 3324 3796; x_wconf 82' lang='grc' dir='ltr'>ὅτι,</span> <span class='ocrx_word' id='word_1_597' title='bbox 3370 3729 3512 3798; x_wconf 73' lang='grc' dir='ltr'>Ἐγὼ</span> <span class='ocrx_word' id='word_1_598' title='bbox 3535 3725 3734 3796; x_wconf 76' lang='grc' dir='ltr'>ἐρωτή-</span> 
     </span>
    </p>
   </div>
   <div class='ocr_carea' id='block_1_82' title="bbox 2161 3819 3734 3897">
    <p class='ocr_par' dir='ltr' id='par_1_82' title="bbox 2161 3819 3734 3897">
     <span class='ocr_line' id='line_1_82' title="bbox 2161 3819 3734 3897; baseline -0.009 -13"><span class='ocrx_word' id='word_1_599' title='bbox 2161 3846 2252 3886; x_wconf 89' lang='grc' dir='ltr'><strong>σω</strong></span> <span class='ocrx_word' id='word_1_600' title='bbox 2297 3829 2404 3883; x_wconf 78' lang='grc' dir='ltr'>τὸν</span> <span class='ocrx_word' id='word_1_601' title='bbox 2447 3828 2698 3897; x_wconf 82' lang='grc' dir='ltr'>Πατέρα,</span> <span class='ocrx_word' id='word_1_602' title='bbox 2757 3828 2854 3882; x_wconf 83' lang='grc' dir='ltr'><strong>καί</strong></span> <span class='ocrx_word' id='word_1_603' title='bbox 2888 3828 3083 3881; x_wconf 76' lang='grc' dir='ltr'>ἄλλον</span> <span class='ocrx_word' id='word_1_604' title='bbox 3127 3824 3522 3893; x_wconf 66' lang='grc' dir='ltr'>Παράλλητον</span> <span class='ocrx_word' id='word_1_605' title='bbox 3569 3819 3734 3874; x_wconf 83' lang='grc' dir='ltr'>δώσει</span> 
     </span>
    </p>
   </div>
   <div class='ocr_carea' id='block_1_83' title="bbox 2161 3912 3730 3990">
    <p class='ocr_par' dir='ltr' id='par_1_83' title="bbox 2161 3912 3730 3990">
     <span class='ocr_line' id='line_1_83' title="bbox 2161 3912 3730 3990; baseline -0.007 -15"><span class='ocrx_word' id='word_1_606' title='bbox 2161 3921 2323 3990; x_wconf 79' lang='grc' dir='ltr'>ὑμῖν,</span> <span class='ocrx_word' id='word_1_607' title='bbox 2345 3918 2440 3974; x_wconf 73' lang='grc' dir='ltr'><strong>καὶ</strong></span> <span class='ocrx_word' id='word_1_608' title='bbox 2463 3919 2628 3982; x_wconf 77' lang='grc' dir='ltr'>αὐτὸς</span> <span class='ocrx_word' id='word_1_609' title='bbox 2660 3915 2801 3973; x_wconf 73' lang='grc' dir='ltr'>εἶναι</span> <span class='ocrx_word' id='word_1_610' title='bbox 2827 3917 3182 3990; x_wconf 83' lang='grc' dir='ltr'>Παράκλητος</span> <span class='ocrx_word' id='word_1_611' title='bbox 3210 3916 3242 3985; x_wconf 82' lang='grc' dir='ltr'>ἡ</span> <span class='ocrx_word' id='word_1_612' title='bbox 3251 3913 3366 3986; x_wconf 83' lang='grc' dir='ltr'>μῶν</span> <span class='ocrx_word' id='word_1_613' title='bbox 3393 3912 3730 3966; x_wconf 77' lang='grc' dir='ltr'>ἐνδείκνυται.</span> 
     </span>
    </p>
   </div>
   <div class='ocr_carea' id='block_1_84' title="bbox 2164 4004 3729 4083">
    <p class='ocr_par' dir='ltr' id='par_1_84' title="bbox 2164 4004 3729 4083">
     <span class='ocr_line' id='line_1_84' title="bbox 2164 4004 3729 4083; baseline -0.006 -17"><span class='ocrx_word' id='word_1_614' title='bbox 2164 4013 2328 4066; x_wconf 77' lang='grc' dir='ltr'>Ὥστε</span> <span class='ocrx_word' id='word_1_615' title='bbox 2371 4012 2467 4065; x_wconf 78' lang='grc' dir='ltr'>καὶ</span> <span class='ocrx_word' id='word_1_616' title='bbox 2496 4010 2646 4082; x_wconf 87' lang='grc' dir='ltr'>ἠτοῦ</span> <span class='ocrx_word' id='word_1_617' title='bbox 2680 4011 3031 4083; x_wconf 80' lang='grc' dir='ltr'>παρακλήτου</span> <span class='ocrx_word' id='word_1_618' title='bbox 3072 4007 3411 4080; x_wconf 82' lang='grc' dir='ltr'>προσηγορία</span> <span class='ocrx_word' id='word_1_619' title='bbox 3451 4006 3512 4059; x_wconf 85' lang='grc' dir='ltr'><strong>ού</strong></span> <span class='ocrx_word' id='word_1_620' title='bbox 3553 4004 3729 4076; x_wconf 84' lang='grc' dir='ltr'>μικρὸν</span> 
     </span>
    </p>
   </div>
   <div class='ocr_carea' id='block_1_85' title="bbox 2167 4094 3731 4176">
    <p class='ocr_par' dir='ltr' id='par_1_85' title="bbox 2167 4094 3731 4176">
     <span class='ocr_line' id='line_1_85' title="bbox 2167 4094 3731 4176; baseline -0.008 -19"><span class='ocrx_word' id='word_1_621' title='bbox 2167 4105 2303 4176; x_wconf 78' lang='grc' dir='ltr'>πρὸς</span> <span class='ocrx_word' id='word_1_622' title='bbox 2337 4101 2614 4169; x_wconf 80' lang='grc' dir='ltr'>ἀπόδειξιν</span> <span class='ocrx_word' id='word_1_623' title='bbox 2805 4102 2904 4172; x_wconf 80' lang='grc' dir='ltr'>τῆς</span> <span class='ocrx_word' id='word_1_624' title='bbox 2929 4099 3086 4171; x_wconf 81' lang='grc' dir='ltr'>δόξης</span> <span class='ocrx_word' id='word_1_625' title='bbox 3116 4096 3210 4150; x_wconf 89' lang='grc' dir='ltr'><strong>τοῦ</strong></span> <span class='ocrx_word' id='word_1_626' title='bbox 3241 4097 3396 4164; x_wconf 82' lang='grc' dir='ltr'>ἁγίου</span> <span class='ocrx_word' id='word_1_627' title='bbox 3431 4094 3731 4165; x_wconf 80' lang='grc' dir='ltr'>Πνεύματος</span> 
     </span>
    </p>
   </div>
   <div class='ocr_carea' id='block_1_86' title="bbox 2166 4195 2585 4249">
    <p class='ocr_par' dir='ltr' id='par_1_86' title="bbox 2166 4195 2585 4249">
     <span class='ocr_line' id='line_1_86' title="bbox 2166 4195 2585 4249; baseline -0.012 0"><span class='ocrx_word' id='word_1_628' title='bbox 2166 4195 2432 4249; x_wconf 81' lang='grc' dir='ltr'>συντελεῖ.</span> <span class='ocrx_word' id='word_1_629' title='bbox 2571 4195 2585 4208; x_wconf 87' lang='grc'><strong><em>⁸</em></strong></span> 
     </span>
    </p>
   </div>
   <div class='ocr_carea' id='block_1_87' title="bbox 2322 4275 3732 4356">
    <p class='ocr_par' dir='ltr' id='par_1_87' title="bbox 2322 4275 3732 4356">
     <span class='ocr_line' id='line_1_87' title="bbox 2322 4275 3732 4356; baseline -0.008 -15"><span class='ocrx_word' id='word_1_630' title='bbox 2322 4287 2434 4340; x_wconf 78' lang='lat' dir='ltr'><strong>Kal</strong></span> <span class='ocrx_word' id='word_1_631' title='bbox 2465 4285 2533 4340; x_wconf 87' lang='grc' dir='ltr'><strong>τά</strong></span> <span class='ocrx_word' id='word_1_632' title='bbox 2560 4287 2658 4356; x_wconf 84' lang='grc' dir='ltr'>μὲν</span> <span class='ocrx_word' id='word_1_633' title='bbox 2684 4284 2926 4355; x_wconf 82' lang='grc' dir='ltr'>ὀνόματα</span> <span class='ocrx_word' id='word_1_634' title='bbox 2953 4279 3176 4335; x_wconf 87' lang='grc' dir='ltr'>τοιαῦτα</span> <span class='ocrx_word' id='word_1_635' title='bbox 3198 4279 3290 4333; x_wconf 85' lang='grc' dir='ltr'><strong>τοῦ</strong></span> <span class='ocrx_word' id='word_1_636' title='bbox 3325 4277 3606 4350; x_wconf 86' lang='grc' dir='ltr'>μεγαλείου</span> <span class='ocrx_word' id='word_1_637' title='bbox 3640 4275 3732 4344; x_wconf 76' lang='grc' dir='ltr'>τῆς</span> 
     </span>
    </p>
   </div>
   <div class='ocr_carea' id='block_1_88' title="bbox 2163 4366 3730 4452">
    <p class='ocr_par' dir='ltr' id='par_1_88' title="bbox 2163 4366 3730 4452">
     <span class='ocr_line' id='line_1_88' title="bbox 2163 4366 3730 4452; baseline -0.01 -17"><span class='ocrx_word' id='word_1_638' title='bbox 2163 4382 2380 4452; x_wconf 81' lang='grc' dir='ltr'>φύσεως</span> <span class='ocrx_word' id='word_1_639' title='bbox 2404 4380 2709 4434; x_wconf 70' lang='grc' dir='ltr'>ἐνδεικτικά</span> <span class='ocrx_word' id='word_1_640' title='bbox 2729 4396 2742 4408; x_wconf 92' lang='grc'><strong>·</strong></span> <span class='ocrx_word' id='word_1_641' title='bbox 2773 4379 2828 4431; x_wconf 82' lang='grc' dir='ltr'>αι</span> <span class='ocrx_word' id='word_1_642' title='bbox 2859 4377 2914 4430; x_wconf 83' lang='grc' dir='ltr'><strong>δὲ</strong></span> <span class='ocrx_word' id='word_1_643' title='bbox 2954 4375 3226 4447; x_wconf 82' lang='grc' dir='ltr'>ἐνέργειαι</span> <span class='ocrx_word' id='word_1_644' title='bbox 3254 4371 3348 4426; x_wconf 83' lang='grc' dir='ltr'><strong>τοῦ</strong></span> <span class='ocrx_word' id='word_1_645' title='bbox 3383 4371 3536 4440; x_wconf 83' lang='grc' dir='ltr'>ἁγίου</span> <span class='ocrx_word' id='word_1_646' title='bbox 3574 4366 3730 4423; x_wconf 77' lang='grc' dir='ltr'>Πνεῦ-</span> 
     </span>
    </p>
   </div>
   <div class='ocr_carea' id='block_1_89' title="bbox 2167 4462 3728 4543">
    <p class='ocr_par' dir='ltr' id='par_1_89' title="bbox 2167 4462 3728 4543">
     <span class='ocr_line' id='line_1_89' title="bbox 2167 4462 3728 4543; baseline -0.008 -17"><span class='ocrx_word' id='word_1_647' title='bbox 2167 4490 2336 4543; x_wconf 86' lang='grc' dir='ltr'>ματος</span> <span class='ocrx_word' id='word_1_648' title='bbox 2463 4466 2608 4536; x_wconf 76' lang='grc' dir='ltr'>οἷαι;</span> <span class='ocrx_word' id='word_1_649' title='bbox 2640 4470 2724 4536; x_wconf 87' lang='grc' dir='ltr'><strong>Τῷ</strong></span> <span class='ocrx_word' id='word_1_650' title='bbox 2750 4471 2910 4538; x_wconf 76' lang='grc' dir='ltr'><strong>λόγῳ</strong></span> <span class='ocrx_word' id='word_1_651' title='bbox 2940 4467 3048 4522; x_wconf 78' lang='grc' dir='ltr'><strong>τοῦ</strong></span> <span class='ocrx_word' id='word_1_652' title='bbox 3075 4467 3315 4536; x_wconf 83' lang='grc' dir='ltr'>Κυρίου,</span> <span class='ocrx_word' id='word_1_653' title='bbox 3347 4463 3530 4535; x_wconf 67' lang='grc' dir='ltr'>φησιν,</span> <span class='ocrx_word' id='word_1_654' title='bbox 3557 4465 3608 4515; x_wconf 83' lang='grc' dir='ltr'>οι</span> <span class='ocrx_word' id='word_1_655' title='bbox 3639 4462 3728 4514; x_wconf 78' lang='grc' dir='ltr'><strong>οὐ·</strong></span> 
     </span>
    </p>
   </div>
   <div class='ocr_carea' id='block_1_90' title="bbox 492 4550 2066 4648">
    <p class='ocr_par' dir='ltr' id='par_1_90' title="bbox 492 4573 2066 4648">
     <span class='ocr_line' id='line_1_90' title="bbox 492 4573 2066 4648; baseline 0.002 -21"><span class='ocrx_word' id='word_1_656' title='bbox 492 4589 631 4639; x_wconf 82' lang='lat' dir='ltr'><strong>sunt,</strong></span> <span class='ocrx_word' id='word_1_657' title='bbox 657 4589 703 4631; x_wconf 75' lang='lat' dir='ltr'><strong>et</strong></span> <span class='ocrx_word' id='word_1_658' title='bbox 729 4575 931 4646; x_wconf 85' lang='lat' dir='ltr'><strong>Spiritu</strong></span> <span class='ocrx_word' id='word_1_659' title='bbox 978 4580 1084 4631; x_wconf 86' lang='lat' dir='ltr'><strong>oris</strong></span> <span class='ocrx_word' id='word_1_660' title='bbox 1131 4578 1245 4648; x_wconf 86' lang='lat' dir='ltr'><strong>ejus</strong></span> <span class='ocrx_word' id='word_1_661' title='bbox 1277 4579 1444 4631; x_wconf 85' lang='lat' dir='ltr'><strong>omnis</strong></span> <span class='ocrx_word' id='word_1_662' title='bbox 1499 4577 1658 4632; x_wconf 83' lang='lat' dir='ltr'><strong>virtus</strong></span> <span class='ocrx_word' id='word_1_663' title='bbox 1692 4593 1874 4632; x_wconf 85' lang='lat' dir='ltr'><strong>eorum</strong></span> <span class='ocrx_word' id='word_1_664' title='bbox 1914 4577 1958 4629; x_wconf 83' lang='lat'><strong>‘.</strong></span> <span class='ocrx_word' id='word_1_665' title='bbox 1997 4573 2066 4630; x_wconf 80' lang='lat' dir='ltr'><strong>Ut</strong></span> 
     </span>
    </p>
   </div>
   <div class='ocr_carea' id='block_1_91' title="bbox 2161 4550 3727 4648">
    <p class='ocr_par' dir='ltr' id='par_1_91' title="bbox 2161 4550 3727 4639">
     <span class='ocr_line' id='line_1_91' title="bbox 2161 4550 3727 4639; baseline -0.011 -18"><span class='ocrx_word' id='word_1_666' title='bbox 2161 4566 2329 4639; x_wconf 77' lang='grc' dir='ltr'>ρανοὶ</span> <span class='ocrx_word' id='word_1_667' title='bbox 2368 4563 2839 4634; x_wconf 55' lang='grc' dir='ltr'>ἐστερεώθησαν,</span> <span class='ocrx_word' id='word_1_668' title='bbox 2893 4559 2991 4613; x_wconf 76' lang='grc' dir='ltr'>καὶ</span> <span class='ocrx_word' id='word_1_669' title='bbox 3034 4557 3113 4624; x_wconf 84' lang='grc' dir='ltr'>τῷ</span> <span class='ocrx_word' id='word_1_670' title='bbox 3138 4558 3435 4626; x_wconf 81' lang='grc' dir='ltr'>Πνεύματι</span> <span class='ocrx_word' id='word_1_671' title='bbox 3473 4553 3572 4607; x_wconf 85' lang='grc' dir='ltr'><strong>τοῦ</strong></span> <span class='ocrx_word' id='word_1_672' title='bbox 3597 4550 3727 4604; x_wconf 74' lang='grc' dir='ltr'>στόο</span> 
     </span>
    </p>
   </div>
   <div class='ocr_carea' id='block_1_92' title="bbox 496 4665 2069 4729">
    <p class='ocr_par' dir='ltr' id='par_1_92' title="bbox 496 4665 2069 4729">
     <span class='ocr_line' id='line_1_92' title="bbox 496 4665 2069 4729; baseline -0.002 -10"><span class='ocrx_word' id='word_1_673' title='bbox 496 4671 653 4726; x_wconf 64' lang='lat' dir='ltr'><strong>igitur</strong></span> <span class='ocrx_word' id='word_1_674' title='bbox 694 4667 834 4722; x_wconf 78' lang='lat' dir='ltr'><strong>Deus</strong></span> <span class='ocrx_word' id='word_1_675' title='bbox 886 4667 1120 4719; x_wconf 79' lang='lat' dir='ltr'><strong>Verbum</strong></span> <span class='ocrx_word' id='word_1_676' title='bbox 1176 4675 1390 4720; x_wconf 85' lang='lat' dir='ltr'><strong>creatur</strong></span> <span class='ocrx_word' id='word_1_677' title='bbox 1423 4677 1505 4719; x_wconf 88' lang='lat' dir='ltr'><strong>est</strong></span> <span class='ocrx_word' id='word_1_678' title='bbox 1551 4665 1832 4729; x_wconf 76' lang='lat' dir='ltr'><strong>ctelorutn,</strong></span> <span class='ocrx_word' id='word_1_679' title='bbox 1887 4665 1959 4716; x_wconf 88' lang='lat' dir='ltr'><strong>ita</strong></span> <span class='ocrx_word' id='word_1_680' title='bbox 2013 4669 2069 4716; x_wconf 87' lang='lat' dir='ltr'><strong>et</strong></span> 
     </span>
    </p>
   </div>
   <div class='ocr_carea' id='block_1_93' title="bbox 490 4756 2064 4828">
    <p class='ocr_par' dir='ltr' id='par_1_93' title="bbox 490 4756 2064 4828">
     <span class='ocr_line' id='line_1_93' title="bbox 490 4756 2064 4828; baseline -0.004 -16"><span class='ocrx_word' id='word_1_681' title='bbox 490 4761 722 4828; x_wconf 78' lang='lat' dir='ltr'><strong>Spiritus</strong></span> <span class='ocrx_word' id='word_1_682' title='bbox 747 4769 968 4811; x_wconf 78' lang='lat' dir='ltr'><strong>sanctus</strong></span> <span class='ocrx_word' id='word_1_683' title='bbox 999 4757 1249 4811; x_wconf 83' lang='lat' dir='ltr'><strong>stabilem</strong></span> <span class='ocrx_word' id='word_1_684' title='bbox 1292 4771 1354 4810; x_wconf 84' lang='lat' dir='ltr'><strong>:tc</strong></span> <span class='ocrx_word' id='word_1_685' title='bbox 1385 4759 1593 4809; x_wconf 84' lang='lat' dir='ltr'><strong>lirntatn</strong></span> <span class='ocrx_word' id='word_1_686' title='bbox 1628 4756 1880 4808; x_wconf 77' lang='lat' dir='ltr'><strong>virtutem</strong></span> <span class='ocrx_word' id='word_1_687' title='bbox 1913 4763 2064 4822; x_wconf 76' lang='lat' dir='ltr'><strong>pote-</strong></span> 
     </span>
    </p>
   </div>
   <div class='ocr_carea' id='block_1_94' title="bbox 490 4840 2066 4915">
    <p class='ocr_par' dir='ltr' id='par_1_94' title="bbox 490 4840 2066 4915">
     <span class='ocr_line' id='line_1_94' title="bbox 490 4840 2066 4915; baseline -0.008 -11"><span class='ocrx_word' id='word_1_688' title='bbox 490 4851 719 4904; x_wconf 76' lang='lat' dir='ltr'><strong>statibus</strong></span> <span class='ocrx_word' id='word_1_689' title='bbox 753 4847 1070 4903; x_wconf 75' lang='lat' dir='ltr'><strong>cmlestibus</strong></span> <span class='ocrx_word' id='word_1_690' title='bbox 1113 4846 1372 4915; x_wconf 88' lang='lat' dir='ltr'><strong>impertit.</strong></span> <span class='ocrx_word' id='word_1_691' title='bbox 1406 4845 1474 4899; x_wconf 90' lang='lat' dir='ltr'><strong>Et</strong></span> <span class='ocrx_word' id='word_1_692' title='bbox 1499 4860 1687 4899; x_wconf 79' lang='lat' dir='ltr'><strong>rursus</strong></span> <span class='ocrx_word' id='word_1_693' title='bbox 1717 4843 1817 4898; x_wconf 81' lang='lat' dir='ltr'><strong>Job</strong></span> <span class='ocrx_word' id='word_1_694' title='bbox 1847 4860 1861 4898; x_wconf 90' lang='lat'>:</span> <span class='ocrx_word' id='word_1_695' title='bbox 1895 4840 2066 4906; x_wconf 82' lang='lat' dir='ltr'><strong>Spiri-</strong></span> 
     </span>
    </p>
   </div>
   <div class='ocr_carea' id='block_1_95' title="bbox 490 4936 2066 5008">
    <p class='ocr_par' dir='ltr' id='par_1_95' title="bbox 490 4936 2066 5008">
     <span class='ocr_line' id='line_1_95' title="bbox 490 4936 2066 5008; baseline -0.003 -14"><span class='ocrx_word' id='word_1_696' title='bbox 490 4957 572 4995; x_wconf 86' lang='lat' dir='ltr'><strong>tus</strong></span> <span class='ocrx_word' id='word_1_697' title='bbox 617 4941 850 5002; x_wconf 80' lang='lat' dir='ltr'><strong>Domini,</strong></span> <span class='ocrx_word' id='word_1_698' title='bbox 895 4940 987 5008; x_wconf 84' lang='lat' dir='ltr'><strong>qui</strong></span> <span class='ocrx_word' id='word_1_699' title='bbox 1025 4937 1146 5007; x_wconf 79' lang='lat' dir='ltr'><strong>fecit</strong></span> <span class='ocrx_word' id='word_1_700' title='bbox 1187 4955 1267 4993; x_wconf 86' lang='lat' dir='ltr'><strong>me</strong></span> <span class='ocrx_word' id='word_1_701' title='bbox 1300 4942 1319 4974; x_wconf 88' lang='lat'><strong><em>&quot;</em></strong></span> <span class='ocrx_word' id='word_1_702' title='bbox 1357 4953 1509 4992; x_wconf 89' lang='lat' dir='ltr'><strong>:non</strong></span> <span class='ocrx_word' id='word_1_703' title='bbox 1553 4938 1623 4992; x_wconf 88' lang='lat' dir='ltr'><strong>de</strong></span> <span class='ocrx_word' id='word_1_704' title='bbox 1662 4936 1956 5000; x_wconf 84' lang='lat' dir='ltr'><strong>creatione,</strong></span> <span class='ocrx_word' id='word_1_705' title='bbox 2005 4940 2066 4989; x_wconf 82' lang='lat' dir='ltr'><strong>ut</strong></span> 
     </span>
    </p>
   </div>
   <div class='ocr_carea' id='block_1_96' title="bbox 489 5027 2060 5099">
    <p class='ocr_par' dir='ltr' id='par_1_96' title="bbox 489 5027 2060 5099">
     <span class='ocr_line' id='line_1_96' title="bbox 489 5027 2060 5099; baseline -0.004 -12"><span class='ocrx_word' id='word_1_706' title='bbox 489 5035 747 5099; x_wconf 82' lang='lat' dir='ltr'><strong>arbitror,</strong></span> <span class='ocrx_word' id='word_1_707' title='bbox 787 5034 882 5086; x_wconf 88' lang='lat' dir='ltr'><strong>sed</strong></span> <span class='ocrx_word' id='word_1_708' title='bbox 919 5034 986 5085; x_wconf 90' lang='lat' dir='ltr'><strong>de</strong></span> <span class='ocrx_word' id='word_1_709' title='bbox 1021 5031 1270 5085; x_wconf 75' lang='lat' dir='ltr'><strong>humanm</strong></span> <span class='ocrx_word' id='word_1_710' title='bbox 1315 5030 1534 5085; x_wconf 82' lang='lat' dir='ltr'><strong>virtutis</strong></span> <span class='ocrx_word' id='word_1_711' title='bbox 1577 5028 1909 5099; x_wconf 80' lang='lat' dir='ltr'><strong>perfectione</strong></span> <span class='ocrx_word' id='word_1_712' title='bbox 1950 5027 2060 5081; x_wconf 60' lang='lat' dir='ltr'><strong>dis.</strong></span> 
     </span>
    </p>
   </div>
   <div class='ocr_carea' id='block_1_97' title="bbox 491 5120 2065 5193">
    <p class='ocr_par' dir='ltr' id='par_1_97' title="bbox 491 5120 2065 5193">
     <span class='ocr_line' id='line_1_97' title="bbox 491 5120 2065 5193; baseline -0.007 -11"><span class='ocrx_word' id='word_1_713' title='bbox 491 5141 696 5184; x_wconf 84' lang='lat' dir='ltr'><strong>serens.</strong></span> <span class='ocrx_word' id='word_1_714' title='bbox 733 5125 870 5192; x_wconf 84' lang='lat' dir='ltr'><strong>Quin</strong></span> <span class='ocrx_word' id='word_1_715' title='bbox 908 5127 1069 5180; x_wconf 89' lang='lat' dir='ltr'><strong>etiam</strong></span> <span class='ocrx_word' id='word_1_716' title='bbox 1108 5125 1331 5193; x_wconf 71' lang='lat' dir='ltr'><strong>lomtens</strong></span> <span class='ocrx_word' id='word_1_717' title='bbox 1374 5125 1538 5178; x_wconf 88' lang='lat' dir='ltr'><strong>Isaias</strong></span> <span class='ocrx_word' id='word_1_718' title='bbox 1570 5137 1637 5175; x_wconf 78' lang='lat' dir='ltr'><strong>ex</strong></span> <span class='ocrx_word' id='word_1_719' title='bbox 1672 5120 1884 5175; x_wconf 88' lang='lat' dir='ltr'><strong>Domini</strong></span> <span class='ocrx_word' id='word_1_720' title='bbox 1940 5133 2065 5188; x_wconf 90' lang='lat' dir='ltr'><strong>per-</strong></span> 
     </span>
    </p>
   </div>
   <div class='ocr_carea' id='block_1_98' title="bbox 491 5211 2065 5284">
    <p class='ocr_par' dir='ltr' id='par_1_98' title="bbox 491 5211 2065 5284">
     <span class='ocr_line' id='line_1_98' title="bbox 491 5211 2065 5284; baseline -0.006 -12"><span class='ocrx_word' id='word_1_721' title='bbox 491 5236 642 5279; x_wconf 68' lang='lat' dir='ltr'><strong>sona.</strong></span> <span class='ocrx_word' id='word_1_722' title='bbox 685 5219 934 5272; x_wconf 78' lang='lat' dir='ltr'><strong>videlicet</strong></span> <span class='ocrx_word' id='word_1_723' title='bbox 963 5218 1258 5271; x_wconf 84' lang='lat' dir='ltr'><strong>secundum</strong></span> <span class='ocrx_word' id='word_1_724' title='bbox 1287 5216 1404 5284; x_wconf 88' lang='lat' dir='ltr'><strong>ejus</strong></span> <span class='ocrx_word' id='word_1_725' title='bbox 1431 5215 1852 5268; x_wconf 88' lang='lat' dir='ltr'><strong>humanitatem:</strong></span> <span class='ocrx_word' id='word_1_726' title='bbox 1879 5211 2065 5266; x_wconf 88' lang='lat' dir='ltr'><strong>Domi-</strong></span> 
     </span>
    </p>
   </div>
   <div class='ocr_carea' id='block_1_99' title="bbox 491 5301 2063 5380">
    <p class='ocr_par' dir='ltr' id='par_1_99' title="bbox 491 5301 2063 5380">
     <span class='ocr_line' id='line_1_99' title="bbox 491 5301 2063 5380; baseline -0.006 -15"><span class='ocrx_word' id='word_1_727' title='bbox 491 5329 610 5378; x_wconf 86' lang='lat' dir='ltr'><strong>nus,</strong></span> <span class='ocrx_word' id='word_1_728' title='bbox 647 5309 842 5380; x_wconf 87' lang='lat' dir='ltr'><strong>inquit,</strong></span> <span class='ocrx_word' id='word_1_729' title='bbox 878 5310 1021 5362; x_wconf 82' lang='lat' dir='ltr'><strong>misit</strong></span> <span class='ocrx_word' id='word_1_730' title='bbox 1054 5325 1152 5372; x_wconf 81' lang='lat' dir='ltr'><strong>me,</strong></span> <span class='ocrx_word' id='word_1_731' title='bbox 1187 5316 1234 5359; x_wconf 75' lang='lat' dir='ltr'><strong>rt</strong></span> <span class='ocrx_word' id='word_1_732' title='bbox 1266 5304 1495 5374; x_wconf 79' lang='lat' dir='ltr'><strong>Spiritus</strong></span> <span class='ocrx_word' id='word_1_733' title='bbox 1525 5305 1639 5372; x_wconf 79' lang='lat' dir='ltr'><strong>ejus</strong></span> <span class='ocrx_word' id='word_1_734' title='bbox 1685 5301 1729 5357; x_wconf 85' lang='grc'>⁸.</span> <span class='ocrx_word' id='word_1_735' title='bbox 1761 5301 1826 5356; x_wconf 83' lang='lat' dir='ltr'><strong>Et</strong></span> <span class='ocrx_word' id='word_1_736' title='bbox 1850 5316 2063 5356; x_wconf 80' lang='lat' dir='ltr'><strong>rursum</strong></span> 
     </span>
    </p>
   </div>
   <div class='ocr_carea' id='block_1_100' title="bbox 493 5393 2066 5472">
    <p class='ocr_par' dir='ltr' id='par_1_100' title="bbox 493 5393 2066 5472">
     <span class='ocr_line' id='line_1_100' title="bbox 493 5393 2066 5472; baseline -0.007 -15"><span class='ocrx_word' id='word_1_737' title='bbox 493 5403 729 5472; x_wconf 72' lang='lat' dir='ltr'><strong>Spiritus</strong></span> <span class='ocrx_word' id='word_1_738' title='bbox 792 5402 1049 5453; x_wconf 76' lang='lat' dir='ltr'><strong>virtutem</strong></span> <span class='ocrx_word' id='word_1_739' title='bbox 1114 5399 1364 5451; x_wconf 86' lang='lat' dir='ltr'><strong>universa</strong></span> <span class='ocrx_word' id='word_1_740' title='bbox 1424 5393 1726 5464; x_wconf 82' lang='lat' dir='ltr'><strong>pervasisse</strong></span> <span class='ocrx_word' id='word_1_741' title='bbox 1787 5393 2066 5448; x_wconf 87' lang='lat' dir='ltr'><strong>declarans</strong></span> 
     </span>
    </p>
   </div>
   <div class='ocr_carea' id='block_1_101' title="bbox 493 5486 2065 5563">
    <p class='ocr_par' dir='ltr' id='par_1_101' title="bbox 493 5486 2065 5563">
     <span class='ocr_line' id='line_1_101' title="bbox 493 5486 2065 5563; baseline -0.008 -13"><span class='ocrx_word' id='word_1_742' title='bbox 493 5494 730 5563; x_wconf 87' lang='lat' dir='ltr'><strong>psalmus</strong></span> <span class='ocrx_word' id='word_1_743' title='bbox 760 5508 775 5548; x_wconf 90' lang='lat'><strong>:</strong></span> <span class='ocrx_word' id='word_1_744' title='bbox 805 5491 920 5556; x_wconf 83' lang='lat' dir='ltr'><strong>Quo</strong></span> <span class='ocrx_word' id='word_1_745' title='bbox 969 5491 1074 5552; x_wconf 78' lang='lat' dir='ltr'><strong>ibo.</strong></span> <span class='ocrx_word' id='word_1_746' title='bbox 1114 5489 1308 5555; x_wconf 84' lang='lat' dir='ltr'><strong>inquit,</strong></span> <span class='ocrx_word' id='word_1_747' title='bbox 1343 5506 1372 5539; x_wconf 86' lang='grc' dir='ltr'>(ι</span> <span class='ocrx_word' id='word_1_748' title='bbox 1421 5486 1618 5554; x_wconf 76' lang='lat' dir='ltr'><strong>Spiritu</strong></span> <span class='ocrx_word' id='word_1_749' title='bbox 1678 5495 1789 5550; x_wconf 86' lang='lat' dir='ltr'><strong>tuo,</strong></span> <span class='ocrx_word' id='word_1_750' title='bbox 1830 5496 1875 5538; x_wconf 87' lang='lat' dir='ltr'><strong>et</strong></span> <span class='ocrx_word' id='word_1_751' title='bbox 1906 5501 2009 5549; x_wconf 82' lang='lat' dir='ltr'><strong>quo</strong></span> <span class='ocrx_word' id='word_1_752' title='bbox 2035 5500 2065 5536; x_wconf 82' lang='lat' dir='ltr'><strong>tt</strong></span> 
     </span>
    </p>
   </div>
   <div class='ocr_carea' id='block_1_102' title="bbox 496 5575 2067 5655">
    <p class='ocr_par' dir='ltr' id='par_1_102' title="bbox 496 5575 2067 5655">
     <span class='ocr_line' id='line_1_102' title="bbox 496 5575 2067 5655; baseline -0.008 -17"><span class='ocrx_word' id='word_1_753' title='bbox 496 5585 630 5655; x_wconf 77' lang='lat' dir='ltr'><strong>facie</strong></span> <span class='ocrx_word' id='word_1_754' title='bbox 669 5593 760 5636; x_wconf 85' lang='lat' dir='ltr'><strong>tua</strong></span> <span class='ocrx_word' id='word_1_755' title='bbox 798 5581 1000 5650; x_wconf 77' lang='lat' dir='ltr'><strong>fugiant</strong></span> <span class='ocrx_word' id='word_1_756' title='bbox 1043 5578 1103 5629; x_wconf 80' lang='lat'><strong>&#39;?</strong></span> <span class='ocrx_word' id='word_1_757' title='bbox 1134 5577 1508 5631; x_wconf 72' lang='lat' dir='ltr'><strong>Beneliccmite</strong></span> <span class='ocrx_word' id='word_1_758' title='bbox 1536 5586 1716 5630; x_wconf 88' lang='lat' dir='ltr'><strong>autem</strong></span> <span class='ocrx_word' id='word_1_759' title='bbox 1762 5589 1880 5644; x_wconf 74' lang='lat' dir='ltr'><strong>qua:</strong></span> <span class='ocrx_word' id='word_1_760' title='bbox 1911 5575 1977 5628; x_wconf 84' lang='lat' dir='ltr'><strong>ab</strong></span> <span class='ocrx_word' id='word_1_761' title='bbox 2004 5588 2067 5627; x_wconf 84' lang='lat' dir='ltr'><strong>co</strong></span> 
     </span>
    </p>
   </div>
   <div class='ocr_carea' id='block_1_103' title="bbox 2159 4643 3726 4730">
    <p class='ocr_par' dir='ltr' id='par_1_103' title="bbox 2159 4643 3726 4730">
     <span class='ocr_line' id='line_1_103' title="bbox 2159 4643 3726 4730; baseline -0.016 -13"><span class='ocrx_word' id='word_1_762' title='bbox 2159 4676 2349 4730; x_wconf 79' lang='grc' dir='ltr'>ματος</span> <span class='ocrx_word' id='word_1_763' title='bbox 2375 4656 2558 4711; x_wconf 82' lang='grc' dir='ltr'>αὐτοῦ</span> <span class='ocrx_word' id='word_1_764' title='bbox 2589 4653 2756 4709; x_wconf 77' lang='grc' dir='ltr'>πᾶσα</span> <span class='ocrx_word' id='word_1_765' title='bbox 2793 4654 2830 4721; x_wconf 72' lang='grc' dir='ltr'><strong><em>ἡ</em></strong></span> <span class='ocrx_word' id='word_1_766' title='bbox 2857 4650 3107 4720; x_wconf 79' lang='grc' dir='ltr'>δύναμις</span> <span class='ocrx_word' id='word_1_767' title='bbox 3131 4647 3349 4704; x_wconf 75' lang='grc' dir='ltr'>αὐτῶν.</span> <span class='ocrx_word' id='word_1_768' title='bbox 3392 4647 3478 4710; x_wconf 80' lang='grc' dir='ltr'>Ὠς</span> <span class='ocrx_word' id='word_1_769' title='bbox 3505 4645 3667 4697; x_wconf 80' lang='grc' dir='ltr'>τοίνυν</span> <span class='ocrx_word' id='word_1_770' title='bbox 3701 4643 3726 4693; x_wconf 83' lang='grc' dir='ltr'><strong>ὁ</strong></span> 
     </span>
    </p>
   </div>
   <div class='ocr_carea' id='block_1_104' title="bbox 2163 4733 3728 4818">
    <p class='ocr_par' dir='ltr' id='par_1_104' title="bbox 2163 4733 3728 4818">
     <span class='ocr_line' id='line_1_104' title="bbox 2163 4733 3728 4818; baseline -0.012 -13"><span class='ocrx_word' id='word_1_771' title='bbox 2163 4751 2295 4814; x_wconf 81' lang='grc' dir='ltr'>Θεὸς</span> <span class='ocrx_word' id='word_1_772' title='bbox 2328 4749 2501 4818; x_wconf 82' lang='grc' dir='ltr'>Λόγος</span> <span class='ocrx_word' id='word_1_773' title='bbox 2531 4744 2859 4818; x_wconf 84' lang='grc' dir='ltr'>δημιουργός</span> <span class='ocrx_word' id='word_1_774' title='bbox 2891 4745 3008 4796; x_wconf 82' lang='grc' dir='ltr'>ἐστι.</span> <span class='ocrx_word' id='word_1_775' title='bbox 3042 4741 3150 4795; x_wconf 84' lang='grc' dir='ltr'>τῶν</span> <span class='ocrx_word' id='word_1_776' title='bbox 3183 4739 3450 4812; x_wconf 79' lang='grc' dir='ltr'>οὐρανῶν,</span> <span class='ocrx_word' id='word_1_777' title='bbox 3483 4737 3617 4790; x_wconf 79' lang='grc' dir='ltr'>οὕτω</span> <span class='ocrx_word' id='word_1_778' title='bbox 3643 4733 3728 4786; x_wconf 78' lang='grc' dir='ltr'>καὶ</span> 
     </span>
    </p>
   </div>
   <div class='ocr_carea' id='block_1_105' title="bbox 2163 4829 3727 4914">
    <p class='ocr_par' dir='ltr' id='par_1_105' title="bbox 2163 4829 3727 4914">
     <span class='ocr_line' id='line_1_105' title="bbox 2163 4829 3727 4914; baseline -0.014 -15"><span class='ocrx_word' id='word_1_779' title='bbox 2163 4844 2224 4899; x_wconf 82' lang='grc' dir='ltr'><strong>τὸ</strong></span> <span class='ocrx_word' id='word_1_780' title='bbox 2261 4841 2484 4914; x_wconf 79' lang='grc' dir='ltr'>Πνεῦμα</span> <span class='ocrx_word' id='word_1_781' title='bbox 2519 4841 2578 4894; x_wconf 74' lang='grc' dir='ltr'><strong>τὸ</strong></span> <span class='ocrx_word' id='word_1_782' title='bbox 2609 4841 2762 4909; x_wconf 75' lang='grc' dir='ltr'>ἅγιον</span> <span class='ocrx_word' id='word_1_783' title='bbox 2789 4838 2850 4890; x_wconf 84' lang='grc' dir='ltr'><strong>τὸ</strong></span> <span class='ocrx_word' id='word_1_784' title='bbox 2884 4835 3100 4907; x_wconf 78' lang='grc' dir='ltr'>στερεὸν</span> <span class='ocrx_word' id='word_1_785' title='bbox 3131 4835 3225 4887; x_wconf 69' lang='grc' dir='ltr'><strong>καὶ</strong></span> <span class='ocrx_word' id='word_1_786' title='bbox 3269 4833 3467 4901; x_wconf 77' lang='grc' dir='ltr'>πάγιον</span> <span class='ocrx_word' id='word_1_787' title='bbox 3493 4830 3586 4901; x_wconf 80' lang='grc' dir='ltr'>τῆς</span> <span class='ocrx_word' id='word_1_788' title='bbox 3609 4829 3727 4898; x_wconf 84' lang='grc' dir='ltr'>ἀρε-</span> 
     </span>
    </p>
   </div>
   <div class='ocr_carea' id='block_1_106' title="bbox 2163 4919 3728 5008">
    <p class='ocr_par' dir='ltr' id='par_1_106' title="bbox 2163 4919 3728 5008">
     <span class='ocr_line' id='line_1_106' title="bbox 2163 4919 3728 5008; baseline -0.012 -18"><span class='ocrx_word' id='word_1_789' title='bbox 2163 4935 2264 5008; x_wconf 81' lang='grc' dir='ltr'><strong>τῆς</strong></span> <span class='ocrx_word' id='word_1_790' title='bbox 2401 4933 2694 5006; x_wconf 83' lang='grc' dir='ltr'>παρέχεται</span> <span class='ocrx_word' id='word_1_791' title='bbox 2724 4931 2843 4993; x_wconf 83' lang='grc' dir='ltr'>ταῖς</span> <span class='ocrx_word' id='word_1_792' title='bbox 2874 4928 3152 5000; x_wconf 85' lang='grc' dir='ltr'>οὐρανίαις</span> <span class='ocrx_word' id='word_1_793' title='bbox 3185 4926 3466 4996; x_wconf 83' lang='grc' dir='ltr'>δυνάμεσι.</span> <span class='ocrx_word' id='word_1_794' title='bbox 3503 4924 3605 4976; x_wconf 80' lang='grc' dir='ltr'><strong>Καὶ</strong></span> <span class='ocrx_word' id='word_1_795' title='bbox 3633 4919 3728 4972; x_wconf 80' lang='grc' dir='ltr'><strong>πά-</strong></span> 
     </span>
    </p>
   </div>
   <div class='ocr_carea' id='block_1_107' title="bbox 2164 5012 3727 5093">
    <p class='ocr_par' dir='ltr' id='par_1_107' title="bbox 2164 5012 3727 5093">
     <span class='ocr_line' id='line_1_107' title="bbox 2164 5012 3727 5093; baseline -0.012 -11"><span class='ocrx_word' id='word_1_796' title='bbox 2164 5029 2247 5081; x_wconf 85' lang='grc' dir='ltr'>λιν</span> <span class='ocrx_word' id='word_1_797' title='bbox 2275 5030 2303 5082; x_wconf 87' lang='grc' dir='ltr'>ὁ</span> <span class='ocrx_word' id='word_1_798' title='bbox 2338 5024 2456 5081; x_wconf 83' lang='grc' dir='ltr'><strong>’1ώό</strong></span> <span class='ocrx_word' id='word_1_799' title='bbox 2479 5043 2492 5057; x_wconf 84' lang='lat'><strong><em>°</em></strong></span> <span class='ocrx_word' id='word_1_800' title='bbox 2530 5023 2770 5093; x_wconf 79' lang='grc' dir='ltr'>Πνεῦμα</span> <span class='ocrx_word' id='word_1_801' title='bbox 2818 5022 3042 5089; x_wconf 82' lang='grc' dir='ltr'>Κυρίου</span> <span class='ocrx_word' id='word_1_802' title='bbox 3081 5020 3146 5073; x_wconf 86' lang='grc' dir='ltr'>τὸ</span> <span class='ocrx_word' id='word_1_803' title='bbox 3188 5018 3459 5088; x_wconf 77' lang='grc' dir='ltr'>ποιῆσάν</span> <span class='ocrx_word' id='word_1_804' title='bbox 3491 5030 3596 5086; x_wconf 80' lang='grc' dir='ltr'>με·</span> <span class='ocrx_word' id='word_1_805' title='bbox 3637 5012 3727 5065; x_wconf 76' lang='grc' dir='ltr'>οὐκ</span> 
     </span>
    </p>
   </div>
   <div class='ocr_carea' id='block_1_108' title="bbox 2165 5102 3726 5190">
    <p class='ocr_par' dir='ltr' id='par_1_108' title="bbox 2165 5102 3726 5190">
     <span class='ocr_line' id='line_1_108' title="bbox 2165 5102 3726 5190; baseline -0.012 -15"><span class='ocrx_word' id='word_1_806' title='bbox 2165 5123 2260 5174; x_wconf 74' lang='grc' dir='ltr'>ἐπὶ</span> <span class='ocrx_word' id='word_1_807' title='bbox 2303 5121 2402 5190; x_wconf 83' lang='grc' dir='ltr'>τῆς</span> <span class='ocrx_word' id='word_1_808' title='bbox 2435 5115 2812 5188; x_wconf 84' lang='grc' dir='ltr'>δημιουργίας,</span> <span class='ocrx_word' id='word_1_809' title='bbox 2859 5113 2934 5178; x_wconf 86' lang='grc' dir='ltr'>ὡς</span> <span class='ocrx_word' id='word_1_810' title='bbox 2964 5107 3141 5182; x_wconf 79' lang='grc' dir='ltr'>οἶμαι,</span> <span class='ocrx_word' id='word_1_811' title='bbox 3180 5111 3294 5164; x_wconf 89' lang='grc' dir='ltr'>ἀλλ’</span> <span class='ocrx_word' id='word_1_812' title='bbox 3338 5109 3433 5164; x_wconf 75' lang='grc' dir='ltr'><strong>ἐπὶ</strong></span> <span class='ocrx_word' id='word_1_813' title='bbox 3481 5109 3577 5179; x_wconf 80' lang='grc' dir='ltr'>τῆς</span> <span class='ocrx_word' id='word_1_814' title='bbox 3604 5102 3726 5159; x_wconf 68' lang='grc' dir='ltr'>κατὰ</span> 
     </span>
    </p>
   </div>
   <div class='ocr_carea' id='block_1_109' title="bbox 2165 5195 3726 5284">
    <p class='ocr_par' dir='ltr' id='par_1_109' title="bbox 2165 5195 3726 5284">
     <span class='ocr_line' id='line_1_109' title="bbox 2165 5195 3726 5284; baseline -0.011 -17"><span class='ocrx_word' id='word_1_815' title='bbox 2165 5213 2265 5284; x_wconf 75' lang='grc' dir='ltr'><strong>τὴν</strong></span> <span class='ocrx_word' id='word_1_816' title='bbox 2314 5209 2656 5284; x_wconf 82' lang='grc' dir='ltr'>ἀνθρωπείαν</span> <span class='ocrx_word' id='word_1_817' title='bbox 2711 5206 2912 5278; x_wconf 82' lang='grc' dir='ltr'>ἀρετὴν</span> <span class='ocrx_word' id='word_1_818' title='bbox 2975 5202 3309 5266; x_wconf 82' lang='grc' dir='ltr'>τελειώσεως</span> <span class='ocrx_word' id='word_1_819' title='bbox 3359 5201 3550 5270; x_wconf 83' lang='grc' dir='ltr'>λέγων.</span> <span class='ocrx_word' id='word_1_820' title='bbox 3587 5199 3639 5251; x_wconf 91' lang='lat'><strong>&#39;0</strong></span> <span class='ocrx_word' id='word_1_821' title='bbox 3677 5195 3726 5247; x_wconf 81' lang='grc' dir='ltr'><strong>δὲ</strong></span> 
     </span>
    </p>
   </div>
   <div class='ocr_carea' id='block_1_110' title="bbox 2177 5284 3726 5372">
    <p class='ocr_par' dir='ltr' id='par_1_110' title="bbox 2177 5284 3726 5372">
     <span class='ocr_line' id='line_1_110' title="bbox 2177 5284 3726 5372; baseline -0.015 -11"><span class='ocrx_word' id='word_1_822' title='bbox 2177 5305 2402 5367; x_wconf 73' lang='grc' dir='ltr'>Ἡσαΐας</span> <span class='ocrx_word' id='word_1_823' title='bbox 2431 5304 2493 5356; x_wconf 79' lang='grc' dir='ltr'>ἐκ</span> <span class='ocrx_word' id='word_1_824' title='bbox 2525 5298 2816 5372; x_wconf 82' lang='grc' dir='ltr'>προσώπου</span> <span class='ocrx_word' id='word_1_825' title='bbox 2847 5295 3053 5368; x_wconf 81' lang='grc' dir='ltr'>Κυρίου</span> <span class='ocrx_word' id='word_1_826' title='bbox 3084 5293 3488 5364; x_wconf 85' lang='grc' dir='ltr'>διαλεγόμενος,</span> <span class='ocrx_word' id='word_1_827' title='bbox 3525 5287 3652 5343; x_wconf 79' lang='grc' dir='ltr'>κατὰ</span> <span class='ocrx_word' id='word_1_828' title='bbox 3673 5284 3726 5336; x_wconf 78' lang='grc' dir='ltr'>τὸ</span> 
     </span>
    </p>
   </div>
   <div class='ocr_carea' id='block_1_111' title="bbox 2167 5379 3722 5471">
    <p class='ocr_par' dir='ltr' id='par_1_111' title="bbox 2167 5379 3722 5471">
     <span class='ocr_line' id='line_1_111' title="bbox 2167 5379 3722 5471; baseline -0.012 -18"><span class='ocrx_word' id='word_1_829' title='bbox 2167 5396 2504 5471; x_wconf 80' lang='grc' dir='ltr'>ἀνθρώπινον</span> <span class='ocrx_word' id='word_1_830' title='bbox 2536 5390 2700 5447; x_wconf 86' lang='grc' dir='ltr'>αὑτοῦ</span> <span class='ocrx_word' id='word_1_831' title='bbox 2729 5388 2992 5462; x_wconf 84' lang='grc' dir='ltr'>δηλονότι,</span> <span class='ocrx_word' id='word_1_832' title='bbox 3037 5387 3255 5456; x_wconf 82' lang='grc' dir='ltr'>Κύριος</span> <span class='ocrx_word' id='word_1_833' title='bbox 3284 5379 3624 5438; x_wconf 68' lang='grc' dir='ltr'>ἀπέσταλκέ</span> <span class='ocrx_word' id='word_1_834' title='bbox 3642 5393 3722 5471; x_wconf 59' lang='grc' dir='ltr'><strong>με.</strong></span> 
     </span>
    </p>
   </div>
   <div class='ocr_carea' id='block_1_112' title="bbox 2169 5467 3722 5564">
    <p class='ocr_par' dir='ltr' id='par_1_112' title="bbox 2169 5467 3722 5564">
     <span class='ocr_line' id='line_1_112' title="bbox 2169 5467 3722 5564; baseline -0.013 -19"><span class='ocrx_word' id='word_1_835' title='bbox 2169 5467 2321 5564; x_wconf 74' lang='grc' dir='ltr'>φησὶ,</span> <span class='ocrx_word' id='word_1_836' title='bbox 2383 5489 2479 5542; x_wconf 77' lang='grc' dir='ltr'>καὶ</span> <span class='ocrx_word' id='word_1_837' title='bbox 2514 5485 2581 5539; x_wconf 80' lang='grc' dir='ltr'>τὸ</span> <span class='ocrx_word' id='word_1_838' title='bbox 2609 5483 2850 5552; x_wconf 79' lang='grc' dir='ltr'>Πνεῦμα</span> <span class='ocrx_word' id='word_1_839' title='bbox 2882 5479 3094 5535; x_wconf 79' lang='grc' dir='ltr'>αὐτοῦ.</span> <span class='ocrx_word' id='word_1_840' title='bbox 3132 5478 3242 5532; x_wconf 81' lang='lat' dir='ltr'><strong>Kal</strong></span> <span class='ocrx_word' id='word_1_841' title='bbox 3277 5476 3440 5530; x_wconf 78' lang='grc' dir='ltr'>πάλιν</span> <span class='ocrx_word' id='word_1_842' title='bbox 3469 5475 3496 5527; x_wconf 91' lang='lat'><strong>6</strong></span> <span class='ocrx_word' id='word_1_843' title='bbox 3521 5467 3722 5544; x_wconf 67' lang='grc' dir='ltr'>ψαλμὺς,</span> 
     </span>
    </p>
   </div>
   <div class='ocr_carea' id='block_1_113' title="bbox 2169 5569 3725 5650">
    <p class='ocr_par' dir='ltr' id='par_1_113' title="bbox 2169 5569 3725 5650">
     <span class='ocr_line' id='line_1_113' title="bbox 2169 5569 3725 5650; baseline -0.016 -12"><span class='ocrx_word' id='word_1_844' title='bbox 2169 5585 2234 5637; x_wconf 81' lang='grc' dir='ltr'><strong>δι’</strong></span> <span class='ocrx_word' id='word_1_845' title='bbox 2278 5585 2415 5637; x_wconf 77' lang='grc' dir='ltr'>ὅλων</span> <span class='ocrx_word' id='word_1_846' title='bbox 2453 5576 2828 5650; x_wconf 77' lang='grc' dir='ltr'>κεχωρηκέναι</span> <span class='ocrx_word' id='word_1_847' title='bbox 2873 5574 3102 5642; x_wconf 85' lang='grc' dir='ltr'>δύναμιν</span> <span class='ocrx_word' id='word_1_848' title='bbox 3149 5569 3242 5624; x_wconf 85' lang='grc' dir='ltr'><strong>τοῦ</strong></span> <span class='ocrx_word' id='word_1_849' title='bbox 3271 5569 3582 5639; x_wconf 84' lang='grc' dir='ltr'>Πνεύματος</span> <span class='ocrx_word' id='word_1_850' title='bbox 3611 5575 3725 5626; x_wconf 79' lang='grc' dir='ltr'>παρ-</span> 
     </span>
    </p>
   </div>
   <div class='ocr_carea' id='block_1_114' title="bbox 565 5737 3723 5829">
    <p class='ocr_par' dir='ltr' id='par_1_114' title="bbox 565 5737 3723 5829">
     <span class='ocr_line' id='line_1_114' title="bbox 565 5737 3723 5829; baseline -0.005 -12"><span class='ocrx_word' id='word_1_851' title='bbox 565 5765 584 5797; x_wconf 78' lang='grc' dir='ltr'><strong>ι</strong></span> <span class='ocrx_word' id='word_1_852' title='bbox 620 5764 724 5819; x_wconf 89' lang='lat' dir='ltr'><strong>lsa.</strong></span> <span class='ocrx_word' id='word_1_853' title='bbox 762 5780 838 5829; x_wconf 83' lang='grc' dir='ltr'><strong>νι,</strong></span> <span class='ocrx_word' id='word_1_854' title='bbox 870 5761 925 5814; x_wconf 81' lang='grc'>5.</span> <span class='ocrx_word' id='word_1_855' title='bbox 1004 5756 1208 5829; x_wconf 80' lang='lat' dir='ltr'><strong>&#39;_.loan.</strong></span> <span class='ocrx_word' id='word_1_856' title='bbox 1238 5773 1308 5822; x_wconf 82' lang='lat' dir='ltr'><strong>tv,</strong></span> <span class='ocrx_word' id='word_1_857' title='bbox 1340 5757 1440 5829; x_wconf 57' lang='grc' dir='ltr'>ει.</span> <span class='ocrx_word' id='word_1_858' title='bbox 1511 5756 1529 5787; x_wconf 80' lang='grc'>³</span> <span class='ocrx_word' id='word_1_859' title='bbox 1554 5753 1767 5829; x_wconf 57' lang='lat' dir='ltr'><strong>Timon.</strong></span> <span class='ocrx_word' id='word_1_860' title='bbox 1799 5769 1871 5816; x_wconf 81' lang='lat' dir='ltr'><strong>tv,</strong></span> <span class='ocrx_word' id='word_1_861' title='bbox 1906 5754 1995 5808; x_wconf 63' lang='grc' dir='ltr'><strong>ΞΟ.</strong></span> <span class='ocrx_word' id='word_1_862' title='bbox 2048 5753 2096 5814; x_wconf 63' lang='grc'>,⁸</span> <span class='ocrx_word' id='word_1_863' title='bbox 2124 5753 2162 5829; x_wconf 88' lang='lat' dir='ltr'><strong>l_l</strong></span> <span class='ocrx_word' id='word_1_864' title='bbox 2195 5753 2320 5809; x_wconf 70' lang='lat' dir='ltr'><strong>(lor.</strong></span> <span class='ocrx_word' id='word_1_865' title='bbox 2375 5770 2453 5819; x_wconf 87' lang='lat' dir='ltr'><strong>ut,</strong></span> <span class='ocrx_word' id='word_1_866' title='bbox 2503 5752 2586 5806; x_wconf 87' lang='lat' dir='ltr'><strong>l7.</strong></span> <span class='ocrx_word' id='word_1_867' title='bbox 2666 5749 2866 5807; x_wconf 66' lang='lat' dir='ltr'><strong>“Joaa.</strong></span> <span class='ocrx_word' id='word_1_868' title='bbox 2909 5751 3138 5814; x_wconf 78' lang='lat' dir='ltr'><strong>xtv.16.</strong></span> <span class='ocrx_word' id='word_1_869' title='bbox 3216 5750 3236 5781; x_wconf 79' lang='lat'><em>‘</em></span> <span class='ocrx_word' id='word_1_870' title='bbox 3270 5749 3420 5808; x_wconf 84' lang='lat' dir='ltr'><strong>Psal.</strong></span> <span class='ocrx_word' id='word_1_871' title='bbox 3473 5763 3636 5814; x_wconf 75' lang='lat' dir='ltr'><strong>usu,</strong></span> <span class='ocrx_word' id='word_1_872' title='bbox 3680 5737 3723 5790; x_wconf 77' lang='grc' dir='ltr'><strong>σο</strong></span> 
     </span>
    </p>
   </div>
   <div class='ocr_carea' id='block_1_115' title="bbox 497 5825 2095 5896">
    <p class='ocr_par' dir='ltr' id='par_1_115' title="bbox 497 5825 2095 5896">
     <span class='ocr_line' id='line_1_115' title="bbox 497 5825 2095 5896; baseline -0.009 -3"><span class='ocrx_word' id='word_1_873' title='bbox 497 5837 516 5868; x_wconf 86' lang='grc'><strong>⁷</strong></span> <span class='ocrx_word' id='word_1_874' title='bbox 543 5833 644 5893; x_wconf 76' lang='lat' dir='ltr'><strong>Job</strong></span> <span class='ocrx_word' id='word_1_875' title='bbox 673 5825 865 5896; x_wconf 63' lang='grc' dir='ltr'>χχχιιι,</span> <span class='ocrx_word' id='word_1_876' title='bbox 891 5831 945 5887; x_wconf 76' lang='grc'>4.</span> <span class='ocrx_word' id='word_1_877' title='bbox 1024 5827 1167 5882; x_wconf 77' lang='lat' dir='ltr'><strong>’lsa.</strong></span> <span class='ocrx_word' id='word_1_878' title='bbox 1203 5845 1391 5892; x_wconf 70' lang='lat' dir='ltr'><strong>sum,</strong></span> <span class='ocrx_word' id='word_1_879' title='bbox 1426 5828 1512 5883; x_wconf 79' lang='grc'><strong>16.</strong></span> <span class='ocrx_word' id='word_1_880' title='bbox 1593 5830 1612 5859; x_wconf 87' lang='grc'>⁹</span> <span class='ocrx_word' id='word_1_881' title='bbox 1648 5825 1791 5881; x_wconf 86' lang='lat' dir='ltr'><strong>Psal.</strong></span> <span class='ocrx_word' id='word_1_882' title='bbox 1825 5840 2095 5892; x_wconf 71' lang='lat' dir='ltr'><strong>cxxxvnn,</strong></span> 
     </span>
    </p>
   </div>
   <div class='ocr_carea' id='block_1_116' title="bbox 2135 5839 2175 5879">
    <p class='ocr_par' dir='ltr' id='par_1_116' title="bbox 2135 5839 2175 5879">
     <span class='ocr_line' id='line_1_116' title="bbox 2135 5839 2175 5879; baseline 0.125 -5"><span class='ocrx_word' id='word_1_883' title='bbox 2135 5839 2175 5879; x_wconf 69' lang='grc' dir='ltr'><strong>ί.</strong></span> 
     </span>
    </p>
   </div>
  </div>
