3968 6550
266 361 382 426 8Π

1188 362 1562 425 PANOPLIA
1609 363 2067 424 DOGMATICA.
2099 389 2166 400 --
2191 362 2336 424 TIT.
2377 361 2511 427 ΧΠ.

3407 360 3516 425 818

271 490 707 563 ὲφαπλούμενον,
749 493 841 544 καὶ
888 493 1060 564 περᾷν
1106 492 1204 562 μὲν
1249 493 1341 545 τὸν
1389 494 1592 564 μεταξὺ
1626 495 1728 566 γῆς
1763 497 1855 548 καὶ

1961 509 2120 547 ecum
2160 493 2300 547 inter
2346 502 2543 546 terram
2596 500 2650 549 et
2694 493 2887 550 rtelum
2929 494 3357 551 intercedentem
3411 512 3504 565 pe-

272 582 505 654 οὑρανοῦ
539 583 724 648 τόπον,
756 582 906 652 αύτῷ
934 601 993 636 τε
1030 582 1386 654 προσϐάλλειν
1417 585 1494 656 τῷ
1524 586 1737 657 οὐρανῷ
1769 605 1856 640 το-

275 674 452 744 σούτῳ
476 676 629 745 τάχει
651 674 801 729 κινού
811 692 990 745 μενον,
1022 675 1161 730 ὥστε
1185 678 1240 729 ὲν
1269 676 1367 747 ῑσῳ
1391 678 1566 749 χρόνῳ
1592 679 1652 731 τό
1676 697 1733 732 τε
1764 697 1858 732 πε-

274 766 588 836 ρικείμενον
618 766 778 837 σῶμα
800 807 816 831 ,
850 767 1098 830 καὶτοὺς
1138 769 1195 820 ὲν
1237 768 1448 839 οὐρανῷ
1488 769 1722 842 ἀστέρας
1761 786 1858 821 κα-

270 856 738 926 ταμανθάνεσθαι.
771 859 881 911 Καὶ
907 858 958 910 τί
989 858 1069 911 δεῖ
1095 859 1264 914 τάλλα
1296 860 1473 928 λέγειν
1515 877 1530 924 ;
1700 859 1856 912 Ἀλλά

273 949 420 1001 αῦτά
448 947 516 1001 τά
541 948 634 1002 τοῦ
681 948 772 1003 νοῦ
815 951 1111 1022 κινήματα,
1159 951 1388 1022 πότερον
1426 949 1690 1022 κτίζεινῆ
1732 967 1856 1020 γενυ

273 1042 376 1109 νᾷν
404 1040 644 1108 πέφυκεν
689 1042 722 1110 ἡ
752 1041 928 1112 ψυχὴ,
959 1041 1041 1105 τίς
1075 1042 1139 1096 ἂν
1173 1042 1416 1112 ἀκριϐῶς
1450 1044 1624 1108 siam;
1659 1043 1722 1094 Τί
1763 1037 1856 1095 οὖν

275 1129 593 1200 θαυμαστὸν
638 1132 733 1184 καὶ⁵
781 1132 1034 1204 περὶτοῦ
1079 1133 1235 1202 ἁγίου
1274 1132 1589 1204 Πνεύματος
1635 1135 1858 1188 ἀνεπαιο

276 1222 526 1292 σχύντως
557 1225 705 1294 ἡμᾶς
754 1224 850 1294 τὴν
901 1225 1121 1293 ἄγνοιαν
1169 1225 1488 1295 ὀμολογεῖν;
1537 1224 1636 1295 τὴν
1678 1225 1858 1296 μέντοι

273 1316 691 1386 ἀναντιρρἡτως
734 1315 882 1386 αὐτῷ
921 1318 1517 1388 προσμαρτυρουμένην
1555 1316 1858 1386 δοξολογίαν

273 1407 628 1473 ἀποδιδόναι;
669 1410 786 1462 Ὅτι
835 1410 932 1480 μὲν
981 1409 1089 1480 γὰρ
1134 1409 1274 1481 ὑπὲρ
1325 1411 1421 1481 τὴν
1465 1411 1640 1464 κτίσιν
1689 1410 1857 1470 ἐστὶν,

279 1496 484 1560 ἱκανῶς
517 1501 648 1568 ἡμῖν
681 1499 974 1570 παρίστησι
1008 1501 1077 1554 τὰ
1105 1502 1192 1554 διὰ
1223 1501 1332 1555 τῶν
1364 1501 1596 1574 Γραφῶν
1629 1501 1857 1573 παραδι-

282 1588 486 1657 δόμενα
539 1621 558 1646 ,
705 1592 889 1661 ἐπειδή
943 1609 1007 1660 γε
1055 1593 1314 1648 ἀδύνατον
1360 1593 1461 1664 τῆς
1509 1592 1676 1665 αὐτῆς
1723 1587 1861 1646 εἶναι

284 1680 506 1748 φύσεως
535 1682 596 1734 τό
629 1699 689 1734 τε
724 1682 946 1751 ἁγιάζον
991 1685 1085 1738 καὶ
1125 1685 1192 1740 τά
1222 1683 1580 1755 ἀγιαζόμενα,
1623 1683 1683 1736 τὸ
1715 1683 1862 1738 διδά-

283 1787 417 1822 σκον
457 1773 550 1824 καὶ
597 1771 664 1825 τὰ
712 1772 1095 1844 διδασκόμενοι,
1137 1775 1198 1828 τὸ
1230 1773 1612 1828 ἀποκαλύπτον
1658 1774 1753 1829 καὶ
1793 1772 1862 1827 τὰ

279 1859 384 1928 τῆς
411 1860 808 1931 ἀποκαλύψεως
835 1862 1223 1933 προσδεόμενα.
1265 1863 1579 1934 Ἀγέννητον
1607 1862 1663 1916 δὲ
1687 1861 1860 1924 οὐδεὶς

276 1950 456 2013 οὕτως
485 1950 588 2016 ἔξω
621 1953 898 2018 παντελῶς
930 1957 1045 2006 ἐστι
1086 1954 1179 2007 τοῦ
1216 1957 1450 2024 φρονεῖν,
1486 1954 1624 2007 ὥστε
1655 1955 1858 2026 τολμῆ-

281 2057 376 2094 σαι
407 2042 592 2114 ἕτερον
622 2044 760 2114 πλὴν
787 2044 880 2097 τοῦ
916 2045 1048 2098 Θεοῦ
1083 2045 1190 2098 τῶν
1220 2046 1355 2100 ὅλων
1391 2047 1863 2117 προσαγορεῦσαι,

279 2132 421 2186 ἀλλὰ
452 2135 559 2206 μὴν
595 2135 716 2188 οὐδὲ
752 2136 898 2200 Υίὸν,
931 2136 1008 2208 τῷ
1034 2137 1130 2189 ἕνα
1157 2133 1296 2190 εἶναι
1330 2137 1421 2190 τὸν
1461 2137 1765 2207 Μονογενῆ.
1797 2137 1860 2189 Τί

276 2219 376 2276 οὖν
406 2225 536 2276 αὐτὸ
559 2225 662 2295 χρὴ
687 2225 870 2293 καλεῖν
916 2245 930 2292 ;
1067 2226 1291 2297 Πνεῦμα
1308 2230 1485 2296 ἅγιον,
1512 2229 1606 2280 καὶ
1636 2227 1862 2298 Πνεῦμα

274 2313 442 2376 Θεοῦ,
489 2314 582 2367 καὶ
612 2314 833 2384 Πνεῦμα
885 2315 1162 2386 ἀληθείας,
1205 2316 1662 2388 ἀποστελλόμενον
1709 2315 1862 2388 παρὰ

273 2403 440 2469 Θεοῦ,
465 2404 553 2458 διὰ
587 2404 712 2457 Υἰοῦ
743 2405 1167 2477 χορηγούμενον,
1201 2408 1260 2460 οὐ
1305 2406 1510 2471 δοῦλον,
1538 2406 1653 2461 ἀλλ’
1682 2407 1862 2474 ἅγιον,

271 2495 506 2562 ἀγαθὸν.
563 2497 886 2566 ἡγεμονικόν
911 2513 926 2528 ο
985 2497 1210 2568 Πνεῦμα
1265 2496 1581 2562 ζωοποιοῦν,
1635 2496 1861 2568 Πνεῦμα

276 2585 576 2650 υἱοθεσίας,
609 2588 968 2658 ἐπιστάμενον
995 2589 1172 2641 πάντα
1203 2590 1272 2643 τὰ
1299 2587 1394 2642 τοῦ
1426 2588 1582 2644 Θεοῦ.
1609 2587 1766 2643 Οὕτω
1793 2588 1859 2660 δὴ

274 2684 376 2734 καὶ
415 2683 471 2734 ὲν
657 2685 722 2752 τῇ
767 2681 956 2752 Τριάδι
998 2683 1026 2734 ὀ
1054 2681 1154 2752 τῆς
1200 2682 1426 2754 μονάδος
1462 2682 1860 2754 διασωθήσεται

271 2773 457 2841 λόγος,
490 2773 586 2825 ἕνα
616 2773 715 2843 μὲν
748 2773 969 2845 Πατέρα
996 2774 1420 2844 ὁμολογούντων,
1452 2775 1547 2829 καὶ
1573 2775 1669 2828 ἕνα
1702 2774 1858 2842 Υἱὺν,

278 2864 378 2915 καὶ
409 2862 466 2916 ἓν
498 2862 720 2932 Πνεῦμα
754 2863 929 2931 ἅγιον.
1561 2895 1565 2900 -

444 2956 742 3025 Κομίζουσι
770 2955 828 3008 δὲ
853 2955 1177 3020 ἀποδείξεις,
1213 2954 1352 3026 πρὸς
1380 2954 1444 3008 τὸ
1473 2955 1681 3025 κτίσμα
1708 2954 1862 3026 είρῆ-

281 3047 414 3098 σθαι
441 3047 503 3098 τὸ
533 3047 753 3116 Πνεῦμα
777 3046 837 3099 τδ
863 3046 1036 3115 ἅγιον,
1067 3046 1194 3117 μίαν
1231 3047 1335 3117 μὲν
1368 3049 1432 3098 ὲκ
1458 3046 1552 3098 τοῦ
1579 3046 1858 3117 προφήτου

281 3136 560 3202 λέγοντος·
593 3136 646 3186 '0
672 3135 932 3203 στερεῶν
944 3136 1234 3204 βροντὴν,
1257 3134 1358 3190 καὶ
1376 3134 1583 3195 κτίζὶυν
1603 3134 1858 3203 πνεῦμα⁶

1944 604 2151 657 netret,
2187 591 2295 645 into
2341 592 2408 645 ad
2441 592 2615 660 ipsum
2647 592 2844 646 catlum
2893 595 3174 662 perveniat
3197 634 3210 655 ,
3248 602 3509 663 tantaque

1943 691 2224 736 moveatur,
2252 681 2560 746 celeritate,
2598 691 2657 735 ttt
2689 683 2887 752 aequali
2943 695 3188 751 tempore
3221 693 3277 738 et
3310 701 3518 753 corpus

1945 773 2406 840 circumpositum,
2429 779 2486 825 et
2513 771 2679 825 stellae
2711 788 2830 841 quae
2870 773 2922 825 itt
2955 773 3094 828 caelo
3130 783 3288 839 sunt,
3310 790 3508 844 cogno-

1945 874 2188 918 scantur.
2222 865 2288 918 Et
2319 863 2447 933 quid
2491 863 2686 917 attinet
2716 863 2923 931 reliqua
2955 864 3168 918 dicere?
3207 864 3320 919 luto
3367 867 3512 934 ipsos

1947 957 2144 1010 mentis
2170 964 2346 1008 motus
2375 968 2561 1008 creare
2587 969 2654 1007 an
2681 967 2938 1025 generare
2963 954 3136 1010 soleat
3173 957 3512 1026 anima,quis

1946 1055 2095 1100 certo
2130 1045 2318 1099 dicat?
2347 1044 2484 1112 Quid
2521 1045 2687 1113 igitur
2727 1045 2850 1099 miri
2900 1045 3086 1111 fuerit,
3117 1047 3164 1100 si
3199 1063 3414 1116 quoque
3447 1049 3513 1102 de

1948 1137 2149 1204 Spiritu
2176 1146 2366 1192 saneto
2400 1137 2537 1191 citra
2570 1137 2826 1192 ruborem
2857 1138 3221 1205 ignorantiam
3249 1140 3513 1193 eonlitea-

1946 1244 2091 1293 mur,
2126 1238 2180 1282 et
2211 1238 2390 1282 tamen
2421 1228 2873 1299 gloriﬁcationem
2898 1268 2912 1294 ,
2943 1244 3064 1298 qua:
3113 1228 3161 1282 ei
3205 1231 3516 1284 testimonio

1947 1318 2147 1373 invicto
2198 1319 2476 1384 tribuitur,
2526 1320 2942 1388 persolvamus?
2995 1319 3205 1374 Etenim
3258 1336 3376 1390 qua:
3420 1338 3515 1390 per

1950 1415 2260 1486 Scripturas
2339 1417 2648 1479 traduntur,
2715 1429 2778 1470 ea
2838 1414 3016 1484 ipsum
3085 1428 3248 1482 supra
3301 1422 3517 1466 creatu-

1949 1522 2064 1563 ram
2095 1522 2216 1564 esse
2249 1509 2384 1564 satis
2431 1509 2585 1564 nobis
2627 1509 3040 1570 demonstrant,
3074 1505 3525 1576 quandoquidem,

1952 1598 2069 1654 ﬁeri
2109 1613 2217 1654 non
2246 1607 2441 1670 potest,
2494 1606 2552 1652 ut
2592 1597 2644 1652 id
2677 1599 2820 1667 quod
2849 1596 3178 1662 sanctiﬁcat,
3205 1604 3261 1649 et
3303 1611 3366 1650 ea
3399 1611 3517 1664 qua:

1954 1692 2382 1754 sanctilicantur,
2413 1691 2464 1744 id
2495 1691 2639 1760 quod
2669 1691 2860 1754 docet,
2893 1697 2948 1743 et
2979 1704 3043 1744 ea
3081 1704 3202 1758 quae
3235 1689 3527 1752 docentur,

1957 1785 2010 1839 id
2040 1783 2180 1853 quod
2228 1783 2450 1848 revelat,
2495 1791 2548 1836 et
2577 1796 2640 1836 ea
2691 1797 2810 1851 quae
2867 1780 3196 1836 revelatiouc
3254 1780 3523 1850 indigent,

1957 1875 2197 1943 ejusdem
2247 1875 2355 1929 sint
2409 1884 2636 1928 naturae.
2701 1871 2869 1926 Nemo
2925 1881 3106 1926 autem
3157 1872 3238 1927 sic
3293 1888 3521 1944 prorsus

1954 1969 2176 2020 demens
2226 1977 2334 2030 est,
2382 1966 2646 2032 utalium
2691 1975 2889 2034 praeter
2931 1965 3099 2020 Deum
3141 1965 3517 2018 universorum

1955 2060 2148 2113 audeat
2206 2057 2501 2128 ingenitum
2556 2058 2864 2126 appellare,
2936 2065 2992 2109 at
3030 2071 3232 2134 neque
3287 2056 3518 2119 Filium,

1955 2150 2099 2218 quod
2145 2165 2281 2203 unus
2323 2149 2394 2202 sit
2447 2147 2785 2218 Unigenitus.
2843 2147 3124 2214 Quomodo
3172 2147 3336 2214 igitur
3395 2163 3518 2202 eum

1955 2240 2136 2294 vocari
2183 2240 2433 2311 oportet?
2476 2240 2738 2310 Spiritum
2774 2251 3021 2294 sanetum
3051 2279 3066 2302 ,
3105 2239 3366 2307 Spiritum
3401 2239 3516 2299 Dei,

1958 2329 2221 2397 Spiritunt
2272 2331 2538 2394 veritatis,
2593 2331 2698 2399 qui-
2727 2329 2962 2383 mittitur
3009 2343 3039 2381 a
3094 2328 3226 2395 Deo,
3263 2329 3519 2396 suppedi-

1961 2428 2099 2475 tatur
2124 2435 2220 2490 per
2252 2420 2448 2476 Filium
2484 2438 2498 2475 :
2533 2435 2638 2474 non
2678 2435 2931 2484 servum,
2970 2419 3066 2474 sed
3105 2427 3352 2472 sanctum
3380 2461 3393 2482 ,
3425 2418 3520 2470 bo-

1958 2525 2106 2576 num,
2138 2510 2515 2581 principalem,
2543 2509 2803 2580 Spiritum
2836 2509 3221 2574 viviﬁcantem,
3253 2509 3515 2577 Spiritum

1958 2601 2284 2670 adoptionis,
2315 2603 2557 2656 omnium
2586 2616 2708 2671 qua:
2736 2601 2830 2655 Dei
2850 2609 2978 2656 sunt
2999 2615 3248 2669 gnarum.
3279 2601 3372 2654 Sic
3403 2614 3522 2668 pro~

1955 2692 2098 2748 tecto
2129 2693 2180 2748 in
2217 2691 2484 2749 Trinitate
2525 2691 2940 2746 conservabitur
2975 2691 3200 2744 unitatis
3241 2691 3380 2743 ratio
3405 2730 3420 2752 ,
3471 2691 3532 2742 si-

1959 2799 2122 2838 unum
2153 2782 2388 2849 Patrem,
2430 2796 2593 2836 unum
2633 2781 2850 2846 Filium,
2882 2796 3048 2836 unum
3080 2780 3341 2850 Spiritum
3387 2795 3530 2834 sanvs

1959 2885 2104 2932 ctum
2131 2873 2508 2929 conﬁteantur.

2120 2963 2372 3020 Jamvero
2401 2946 2632 3017 alierum
2658 2970 2976 3031 argumenta
3005 3001 3019 3025 ,
3052 2960 3252 3030 quibus
3291 2960 3539 3014 demoti»

1960 3068 2136 3115 strent
2169 3057 2429 3126 Spiritum
2455 3064 2702 3108 sanctum
2728 3055 2928 3109 dictum
2959 3053 3128 3108 fuisse
3160 3061 3469 3108 creaturam
3504 3069 3532 3104 ε.-

1961 3168 2124 3206 unum
2158 3150 2372 3220 quidem
2406 3165 2467 3203 ex
2499 3149 2758 3219 propheta
2787 3149 3031 3202 dicente:
3055 3147 3157 3211 Qui
3180 3144 3522 3213 limat-toni-

283 3224 482 3294 ἑτέραν
510 3223 566 3276 δὲ
592 3224 691 3295 τὴν
717 3227 781 3277 ὲκ
809 3224 902 3277 τοῦ
931 3224 1258 3293 Εὐαγγελίου
1293 3225 1396 3288 ὅτι,
1432 3224 1632 3278 Πάντα
1653 3223 1727 3276 δι’
1756 3223 1861 3276 αὑ-

1961 3239 2956 3306 truum,etcreatspiritum':alterum
3033 3245 3163 3286 vero
3232 3245 3300 3284 ex
3359 3237 3540 3290 Eva"-

281 3315 393 3368 τοῦ
420 3307 678 3377 ἐγένετο.
717 3308 905 3378 Ἡμεῖς
932 3309 989 3362 δὲ
1011 3309 1100 3363 τὸν
1122 3313 1458 3382 προφητικὸν
1480 3313 1637 3379 λόγον
1659 3311 1760 3362 οὐκ
1787 3311 1867 3372 εἰς

279 3401 348 3456 τὸ
402 3401 626 3472 Πνεῦμα
664 3401 725 3454 τὸ
762 3402 937 3470 ἅγιον,
988 3403 1106 3456 ἀλλ’
1158 3405 1238 3466 είς
1286 3404 1387 3474 τὴν
1437 3402 1619 3471 κοινὴν
1663 3402 1867 3471 ταύτην

283 3492 488 3564 πνοὴν,
527 3492 588 3544 τὺ
625 3492 719 3546 τοῦ
759 3493 918 3564 ἀέρος
973 3491 1209 3563 πνεῦμα,
1262 3491 1605 3562 πεπείσμεθα
1655 3491 1861 3562 φέρειν.

281 3582 456 3651 Δῆλον
497 3581 553 3635 δὲ
587 3580 813 3635 ἐκεῖθεν.
847 3582 921 3634 Οὐ
957 3581 1065 3652 γὰρ
1096 3579 1268 3644 εἶπεν,
1310 3582 1367 3634 Ὀ
1391 3581 1584 3642 κτίσας
1626 3579 1870 3649 πνεῦμα,

283 3669 404 3722 ἀλλ’
451 3670 504 3720 '0
538 3667 742 3729 κτίζων
773 3669 1027 3738 πνεῦμα.
1073 3669 1158 3732 Ὠς
1189 3669 1298 3741 γὰρ
1343 3673 1374 3740 ἡ
1427 3669 1621 3740 βροντὴ
1671 3668 1770 3720 οὐκ
1807 3669 1864 3720 ὲν

283 3760 586 3813 ὑποστάσει
623 3760 728 3813 τινί
763 3761 877 3814 ἐστι
911 3763 1193 3832 σωματικῇ
1229 3761 1376 3826 ἅπαξ
1408 3761 1712 3823 κτισθεῖσα,
1748 3757 1862 3812 ἀλλ’

281 3851 377 3904 ἀεὶ
400 3849 536 3922 πρὸς
567 3851 628 3903 τὸ
651 3850 744 3903 τοῦ
780 3851 915 3903 Θεοῦ
952 3851 1196 3922 βούλημα
1227 3854 1317 3905 ὲπὶ
1343 3853 1493 3923 φόϐῳ
1518 3851 1625 3906 τῶν
1653 3849 1863 3923 ἀνθρὼ-

283 3958 405 3996 πων
447 3943 816 4013 ἐνεργουμένη
857 3942 1100 4011 γίνεσθαι
1134 3944 1226 3996 καὶ
1257 3944 1568 3998 διαλύεσθαι
1599 3943 1861 4012 πέφυκεν,

281 4031 432 4084 οῦτω
476 4032 660 4084 καὶτὸ
706 4031 922 4101 πνεῦμα
973 4049 986 4064 ο
1167 4033 1260 4086 νῦν
1309 4034 1407 4104 μὲν
1455 4033 1665 4103 γίνεται
1709 4033 1863 4104 δίκην

283 4123 532 4192 ποταμοῦ
567 4123 779 4193 ῥέοντος
807 4121 901 4176 τοῦ
931 4123 1092 4193 ἀέρος
1113 4142 1124 4152 ·
1159 4123 1321 4176 πάλιν
1356 4125 1412 4177 δὲ
1442 4124 1675 4177 παύεται
1706 4125 1866 4196 ἀτρε-

287 4214 518 4284 μοῦντος
545 4213 636 4266 τοῦ
671 4215 932 4285 πρότερον
970 4215 1314 4285 κινουμένου,
1350 4216 1490 4268 κατά
1529 4217 1590 4267 τὸ
1620 4215 1865 4286 βούλημα

281 4305 381 4359 τοῦ
424 4305 496 4358 τά
523 4306 702 4360 πάντα
739 4306 830 4358 ἐπὶ
866 4307 1110 4376 σωτηρία
1157 4308 1252 4359 καὶ
1292 4306 1549 4359 συστάσει
1581 4307 1688 4361 τῶν
1729 4307 1864 4360 ὅλων

281 4394 694 4466 οἱκονομοῦντος
715 4409 728 4422 ’
772 4393 912 4447 ὥστε
944 4394 1032 4447 διὰ
1061 4394 1241 4464 πάσης
1278 4395 1375 4466 τῆς
1414 4394 1666 4462 κτίσεως,
1711 4395 1777 4448 ἐκ
1807 4411 1866 4448 τε

287 4487 526 4558 βροντῶν
553 4487 646 4540 καλ⁹
673 4485 889 4556 ἀνέμων
913 4487 1007 4539 καὶ
1034 4487 1132 4556 τῆς
1160 4486 1353 4555 λοιπῆς
1386 4487 1748 4558 δημιουργίας
1773 4485 1864 4538 τὸν

1973 3312 2112 3380 gelio
2151 3328 2164 3364 :
2211 3312 2401 3366 Omnia
2434 3328 2525 3379 per
2570 3313 2739 3380 ipsum
2779 3314 2917 3379 facta
2954 3321 3076 3366 sunt
3121 3320 3163 3366 ³.
3207 3313 3274 3366 At
3311 3314 3540 3383 prephe-.

1974 3399 2136 3450 ticum
2178 3397 2382 3452 dictum
2427 3415 2532 3452 nun
2575 3400 2645 3454 ad
2690 3409 2938 3454 sanctum
2986 3401 3283 3470 Spiritunt,
3324 3405 3419 3458 sed
3459 3406 3536 3458 ad

1965 3501 2307 3542 communem
2346 3494 2489 3544 ltuuc
2534 3491 2755 3556 ﬂatum,
2790 3496 2936 3548 aeris
2966 3494 3218 3549 videlicet
3244 3494 3534 3564 spiritum,

1965 3578 2237 3632 credimus
2285 3580 2574 3647 pertinere.
2631 3582 2784 3647 Quod
2835 3583 2960 3637 inde
3007 3593 3176 3652 patet.
3221 3582 3342 3640 Non
3385 3587 3546 3640 enim.

1965 3668 2121 3731 dixit,
2154 3667 2254 3734 Qui
2283 3670 2486 3725 creavit
2515 3672 2786 3741 spiritum,
2810 3673 2928 3738 sed,
2964 3673 3068 3739 Qui
3089 3683 3242 3729 creat.
3263 3675 3532 3744 spiritum.

1965 3757 2428 3826 Quemadmodum
2453 3763 2598 3817 enim
2629 3765 2928 3818 tonitruum
2954 3766 3044 3819 ubi
3075 3767 3245 3822 semel
3281 3775 3365 3822 est
3387 3783 3534 3822 crea-

1967 3859 2102 3916 tum,
2136 3851 2189 3905 in
2224 3851 2522 3909 substantia
2565 3854 2799 3923 quadam
2834 3857 3102 3924 corporali
3144 3873 3250 3913 non
3284 3869 3403 3923 est;
3435 3860 3532 3916 sed

1964 3955 2182 4010 semper
2224 3942 2503 3998 voluntate
2549 3945 2642 4000 Dei
2688 3947 2753 4000 ad
2792 3949 3074 4005 terrendos
3121 3948 3372 4004 homines
3406 3964 3532 4020 pro-

1963 4033 2204 4103 ductum,
2236 4035 2349 4091 ﬁeri
2381 4051 2445 4090 ac
2473 4036 2689 4091 dissolvi
2730 4036 2866 4094 solet
2896 4056 2910 4093 :
2945 4039 3016 4094 ita
3051 4049 3112 4094 et
3142 4037 3364 4108 spiritus
3391 4056 3536 4094 nunc

1965 4127 2182 4193 quidem
2214 4129 2292 4194 lit,
2323 4127 2526 4182 ﬂuente
2548 4128 2721 4182 instar
2741 4127 2976 4184 llutninis
2999 4145 3157 4185 aere:
3194 4147 3383 4186 rursus
3408 4146 3536 4185 vero

1964 4227 2140 4271 cessat
2183 4226 2293 4271 tum
2318 4258 2333 4284 ,
2367 4234 2490 4273 cum
2529 4219 2672 4289 quod
2713 4219 2863 4286 prius
2899 4222 3216 4277 movebatur
3263 4223 3490 4292 quieSeit
3517 4260 3538 4288 ,

1965 4308 2264 4362 secundum
2321 4308 2652 4364 voluntatem
2701 4308 2859 4378 ejus,
2911 4311 3002 4378 qui
3037 4312 3105 4365 ad
3155 4312 3533 4368 universorum

1965 4397 2394 4455 incolumitatem
2421 4403 2999 4474 conservationemque
3021 4403 3290 4473 gubernat
3323 4406 3532 4468 omnia,

1967 4498 2025 4542 ut
2075 4503 2170 4557 per
2209 4503 2424 4544 omnem
2465 4500 2770 4548 creaturam
2803 4502 2857 4549 et
2889 4494 3145 4550 tonitruis
3183 4506 3240 4549 et
3281 4497 3459 4552 ventis
3484 4506 3553 4551 et.

281 4578 615 4650 δημιουργὸν
654 4577 1108 4646 ἀναγγέλλεσθαι.
1154 4577 1352 4649 Διόπερ
1385 4577 1522 4648 μετὰ
1559 4578 1620 4630 τὸ
1659 4578 1861 4630 εἰπεῖν·

1967 4576 2190 4645 reliquis
2219 4579 2477 4647 Operibus
2505 4581 2754 4635 conditor
2785 4583 3162 4638 anuuntietur.
3192 4583 3542 4654 Quapropter

296 4671 360 4724 ὐ
409 4668 670 4737 στερεῶν
721 4669 1026 4737 βροντὴν,
1078 4669 1175 4723 καὶ
1212 4667 1417 4730 κτίζων
1461 4670 1711 4739 πνεῦμα,
1761 4687 1863 4741 φη-

285 4763 390 4814 σιν’
443 4761 555 4815 Kal
601 4760 994 4829 ἀπαγγέλλων
1042 4761 1168 4827 τοῖς
1215 4761 1547 4829 ἀνθρώποις
1592 4762 1696 4817 τὸν
1738 4765 1862 4830 Χρι-

284 4853 440 4904 στέν
486 4851 691 4905 αὑτοῦ.
735 4852 822 4913 Ὠς
863 4852 970 4919 γάρ
998 4855 1047 4905 οί
1093 4852 1311 4923 οὐρανοὶ
1355 4852 1662 4922 διηγοῦνται
1708 4851 1864 4916 δόξαν

285 4942 422 4994 Θεοῦ
465 4945 577 5004 τοῖς
619 4942 932 5012 δυναμένοις
981 4943 1037 5008 ἐξ
1077 4942 1256 4996 αὐτῶν
1282 4944 1380 5013 τὴν
1404 4944 1494 4996 τοῦ
1534 4943 1863 5014 δημιουργοῦ

284 5032 485 5102 τέχνην
533 5030 968 5098 ἀναλογίζεσθαι,
1005 5031 1148 5085 οὕτω
1190 5033 1285 5085 καὶ
1326 5032 1552 5102 βροντῆς
1577 5029 1720 5103 ἦχοι,
1773 5034 1865 5086 καὶ

288 5122 616 5191 πνευμάτων
674 5123 936 5190 κινήσεις,
986 5121 1076 5174 τὸν
1127 5123 1455 5193 δημιουργὸν
1506 5124 1684 5176 αὐτῶν
1734 5125 1863 5177 ἀνα-

289 5214 644 5286 κηρύττουσι.
671 5213 822 5284 Τάχα
859 5214 904 5267 δ’
953 5213 1016 5266 ἂν
1063 5213 1220 5267 τοῦτο
1266 5216 1359 5267 καὶ
1401 5216 1703 5285 προφητεία
1750 5216 1864 5285 εἴη,

292 5308 430 5377 πρὸς
497 5306 594 5376 τὴν
671 5305 1082 5376 ὲνανθρώπησιν
1152 5305 1246 5358 τοῦ
1308 5307 1512 5378 Κυρίου
1585 5306 1864 5377 φέρουσα·

291 5398 380 5450 ὅτε
441 5401 475 5468 ἡ
542 5398 637 5467 μὲν
689 5397 860 5468 φωνὴ,
915 5401 947 5468 ὴ
1011 5399 1274 5469 γενομένη
1503 5396 1562 5462 ἐξ
1617 5398 1867 5468 ούρανοῦ,

297 5489 492 5559 βροντὴ
533 5489 706 5542 ἐδόκει
741 5491 854 5550 τοῖς
895 5488 1192 5542 ἀκούσασιν
1233 5484 1394 5551 εἶναι,
1432 5488 1621 5558 ἥντινα
1662 5489 1870 5557 ἀφῆκεν

293 5585 322 5635 ὁ
376 5580 509 5645 θεὸς
569 5584 663 5636 καὶ
723 5584 948 5651 Πατὴρ,
1004 5581 1142 5634 ὥστε
1203 5582 1270 5635 er
1321 5581 1492 5647 αὐτῆς
1549 5580 1870 5649 ἀναγγεῖλαι

407 5817 427 5847 ⁸
448 5813 613 5869 Amos
641 5831 712 5876 tv,
742 5817 820 5868 15.

904 5815 921 5844 ³
958 5811 1116 5866 Joan.
1151 5829 1187 5874 ι,
1222 5815 1276 5869 5.
1356 5813 1374 5844 ³
1406 5810 1572 5867 Amos
1597 5828 1668 5878 tv,
1703 5811 1782 5866 l3.
1863 5809 1883 5841 ⁵
1909 5808 2041 5864 ἰδίει.

1968 4671 2250 4730 postquam
2289 4662 2461 4717 dixit:
2495 4661 2598 4728 Qui
2623 4664 2799 4731 ﬁrmat
2835 4667 3124 4720 tonitruum
3157 4677 3204 4722 et
3252 4680 3392 4722 creat
3424 4671 3536 4735 rpi-

1973 4753 2130 4806 ritum
2165 4763 2218 4818 3,
2245 4753 2319 4805 ait
2358 4769 2372 4807 :
2404 4753 2472 4808 Et
2507 4756 2593 4825 qui
2628 4758 2908 4811 annuntiat
2936 4759 3230 4814 hominibus
3273 4759 3554 4815 Christum.

1973 4862 2125 4898 suum
2149 4846 2171 4876 ⁸
2199 4884 2214 4899 .
2237 4844 2388 4901 Sicut
2410 4847 2551 4901 enim
2573 4848 2690 4903 caeli
2719 4860 2973 4903 enarrant
2996 4851 3223 4920 gloriam
3257 4853 3347 4906 Dei
3408 4853 3474 4907 iis
3513 4854 3532 4884 '

1973 4933 2061 5001 qui
2092 4949 2154 4989 ex
2183 4935 2312 5003 ipsis
2339 4945 2561 5005 possunt
2593 4938 2888 4994 conditoris
2912 4949 3082 4994 artem
3110 4943 3380 4999 aestimare
3409 4963 3422 4999 :
3459 4945 3537 4998 sic

1973 5023 2135 5076 etiam
2163 5024 2380 5078 tonitrui
2405 5024 2589 5094 fragor
2612 5042 2674 5081 ac
2701 5028 2986 5096 spirituum
3009 5041 3185 5086 motus
3208 5036 3537 5089 retulit-irent

1975 5128 2131 5166 suum
2153 5116 2465 5182 praedicant.
2488 5117 2740 5174 Fortasse
2755 5131 2930 5175 autem
2952 5123 3234 5191 Itoeipsnm
3260 5125 3540 5192 prolihetia

1975 5215 2078 5270 est,
2103 5222 2220 5274 qua:
2250 5208 2314 5261 ad
2329 5207 2537 5262 Domini
2563 5211 2984 5267 incarnationem
3010 5223 3216 5282 spectat
3237 5231 3254 5281 ;
3275 5214 3537 5283 siquidem

1977 5311 2076 5351 vox
2124 5314 2243 5366 qua:
2273 5297 2339 5352 de
2379 5300 2517 5354 cmlo
2558 5301 2698 5356 facta
2742 5311 2857 5366 est,
2891 5304 3186 5356 tonitruum
3221 5319 3338 5357 esse
3383 5305 3530 5356 vide-

1984 5392 2140 5444 batur
2173 5393 2512 5446 audientibus
2552 5399 2572 5428 ⁸
2603 5411 2616 5447 :
2644 5411 2803 5463 quant
2862 5395 2998 5449 Deus
3037 5405 3090 5450 et
3139 5395 3300 5450 Pater
3331 5397 3537 5460 emisit,

1979 5493 2036 5535 ut
2069 5499 2165 5552 per
2193 5500 2310 5538 eam
2344 5485 2618 5539 Clu-istum
2663 5487 2970 5542 hominibus
3015 5487 3382 5542 annuntiaret.
3417 5488 3537 5555 Spi-

1981 5578 2114 5628 ritus
2159 5587 2338 5631 au—tetn
2391 5578 2481 5643 qtti
2533 5577 2746 5630 excitati
2788 5589 2932 5641 sunt,
2965 5587 3020 5633 et
3051 5592 3200 5634 mare
3249 5579 3556 5634 conturba.»

2120 5810 2140 5844 ⁵
2174 5807 2291 5861 Psil
2321 5823 2474 5872 xvttt,
2510 5804 2566 5866 εὶ.
2645 5807 2664 5837 ⁸
2694 5801 2964 5870 litatum,
3001 5804 3094 5859 ‘29.
