3968 6540
301 381 414 447 821

1218 385 1594 450 PANOPLIA
1632 390 2090 457 DOGMATICA.
2133 421 2198 435 -
2239 401 2390 460 'I‘lT.
2432 400 2580 465 XII.

3459 446 3468 462 ⁸
3482 443 3558 475 Ιέἲ

307 520 552 586 διανοίας
592 521 731 576 εἰσὶν
761 521 1024 588 εὐσεϐεῖς,
1052 523 1103 577 oi
1132 523 1189 577 δὲ
1222 522 1494 594 τολμῶσιν
1525 524 1767 578 εὐσεϐεῖν
1796 541 1863 578 κα

1990 544 2044 588 et
2093 533 2431 604 exploratum
2476 537 2805 606 habuerunt,
2860 555 2962 607 ea,
3003 550 3062 596 ut
3113 543 3305 608 aiunt,
3354 545 3570 605 ratione

306 615 427 676 τοῖς
455 611 708 683 χείλεσιν.
741 612 946 666 Ἀλλων
973 612 1030 667 δὲ
1056 614 1268 685 ἥκουσα
1293 613 1632 686 μετρούντων
1659 615 1890 686 θεότητα

234 767 239 770 _
309 701 637 773 σοφωτέρων
679 740 694 766 ,
834 703 883 756 οἶ
917 702 1043 775 τρία
1073 703 1172 775 μὲν
1197 700 1337 758 εἶναι
1363 704 1487 758 καθ’
1522 705 1672 776 ἡμᾶς
1699 707 1890 776 ὀμολο-ιι

231 787 237 794 ’
305 793 469 861 γοῦσι
501 793 571 847 τὰ
605 794 890 866 νοούμενα,
921 795 1171 850 τοσοῦτον
1211 795 1269 849 δὲ
1305 795 1550 867 ἀλλήλων
1576 797 1888 868 διέστησαν,

304 883 389 948 ὡς
418 885 480 939 τὸ
510 881 627 957 μὲν,
665 888 761 941 καὶ
801 886 958 959 οὐσίᾳ
999 889 1093 942 καὶ
1132 887 1360 959 δυνάμει
1401 890 1573 942 ποιεῖν
1601 889 1884 961 ἀόριστον·

307 979 370 1031 τὸ
396 974 475 1042 δὲ,
499 978 727 1050 δυνάμει
769 979 886 1050 μὲν,
915 980 1015 1034 οὑκ
1053 980 1211 1052 οὐσίᾳ
1241 981 1299 1034 δέ
1321 997 1334 1011 ·
1363 981 1426 1034 τὸ
1461 981 1519 1035 δὲ
1559 981 1888 1052 ἀμφοτέροις

304 1074 716 1144 πεμγραπτὸν·
759 1073 915 1128 ἄλλον
962 1072 1160 1145 τρόπον
1216 1074 1564 1146 μιμούμενοι,
1610 1075 1736 1138 τοὺς
1786 1075 1882 1146 δη-

307 1165 591 1237 μιουργὸν,
619 1166 714 1220 καὶ
739 1165 1018 1238 συνεργὸν,
1045 1167 1138 1220 καὶ
1163 1166 1471 1238 λειτουργὸν
1494 1167 1879 1238 ὀνομάζοντας,

302 1259 406 1312 καὶ
430 1258 526 1327 τὴν
567 1260 625 1312 ὲν
653 1263 767 1324 τοῖς
802 1258 1027 1329 ὀνόμασι
1057 1259 1209 1324 τάξιν
1246 1261 1343 1314 καὶ
1385 1260 1568 1332 χάριν,
1602 1260 1712 1314 τῶν
1741 1278 1882 1332 πρα-

300 1350 534 1419 γμάτων
704 1350 1022 1404 ἀκολουθίαν
1052 1347 1190 1404 εἶναι
1229 1350 1570 1419 νομίζοντας.

1991 625 2186 694 ducti,
2265 628 2404 696 quod
2473 629 2748 698 Scriptura
2828 645 3075 688 neutrum
3141 635 3336 690 horum
3403 635 3564 704 plme

1991 726 2283 787 aperteque
2345 721 2786 777 demonstrasset.
2851 725 2928 779 Ac
2977 727 3205 795 proinde
3233 742 3334 782 nec
3386 727 3559 796 ipsum

1991 819 2338 873 venerantur,
2399 824 2498 864 nec
2563 823 2942 882 contemnunt,
2989 817 3084 872 sed
3121 818 3298 872 medio
3325 819 3558 887 quodam

1991 897 2168 962 modo,
2221 897 2304 952 vel
2333 897 2516 967 potius
2545 901 2739 956 misere
2763 904 3080 974 perditeque
3125 921 3257 976 erga
3284 922 3406 962 eum
3447 907 3562 962 alli-

1989 989 2224 1042 ciuntur.
2248 989 2324 1044 Ex
2353 989 2439 1046 his
2465 1005 2626 1061 porro
2651 993 2744 1062 qui
2785 993 2952 1047 Deum
2987 995 3161 1064 ipsum
3203 998 3558 1062 credunt,alii

1989 1080 2170 1135 animo
2190 1089 2346 1136 tenus
2371 1082 2443 1151 pii
2491 1093 2652 1152 atque
2701 1085 2986 1142 orthodoxi
3047 1098 3206 1156 sunt;
3263 1089 3352 1144 alii
3403 1090 3562 1146 labiis

1988 1186 2202 1242 quoque
2230 1172 2362 1242 ipsis
2389 1175 2642 1242 pietatem
2669 1178 2909 1245 proliteri
2960 1194 3066 1233 non
3099 1190 3373 1236 verentur.
3409 1181 3576 1238 Alios.

1987 1265 2148 1319 etiam
2183 1266 2442 1334 quosdam
2478 1267 2841 1336 sapientiores
2872 1272 3074 1334 audivi,
3099 1271 3190 1340 qui
3219 1273 3555 1326 divinitatem

1989 1355 2303 1422 metiuntur,
2333 1370 2398 1409 ac
2429 1356 2530 1410 tria
2558 1357 2798 1424 quidem,
2837 1359 3058 1427 perinde
3084 1374 3149 1413 ac
3179 1374 3300 1423 nos,
3333 1359 3553 1426 intelligi

279 1449 640 1511 conﬁtentur,
667 1445 762 1502 sed
791 1461 855 1501 ea
886 1446 960 1501 ita
993 1445 1135 1500 inter
1151 1459 1212 1501 se
1245 1446 1577 1514 disjungunt,
1611 1456 1676 1500 ut
1703 1459 1866 1500 unum
1907 1462 2093 1502 eorum
2125 1455 2180 1502 et
2237 1445 2471 1502 essentia
2523 1454 2579 1501 et
2644 1455 2931 1515 potestate,
2975 1447 3244 1504 inﬁnitum
3297 1459 3562 1516 statuant,

284 1542 522 1598 alterum
557 1548 853 1609 potestate,
912 1553 1018 1595 non
1047 1541 1174 1594 item
1225 1540 1484 1600 essentia,
1537 1549 1868 1606 postremum
1911 1550 2140 1610 utroque
2165 1539 2662 1609 circumscriptum.
2693 1538 2786 1594 Sic
2827 1540 2932 1594 alio
2961 1543 3194 1610 quodam
3253 1545 3414 1596 modo
3469 1561 3562 1600 eos

283 1639 595 1700 imitantur,
622 1637 711 1706 qui
739 1635 1014 1704 Opiﬁcem,
1073 1643 1126 1688 et
1161 1635 1558 1701 cooperarium,
1647 1646 1702 1688 et
1769 1636 2072 1689 ministrum
2107 1637 2410 1698 nominant,
2467 1645 2632 1703 atque
2687 1636 2935 1688 ordinum
2982 1645 3036 1689 et
3106 1638 3360 1704 gratiam,
3436 1656 3558 1706 ψιςυ

283 1729 601 1786 nominibus
629 1729 791 1791 inest,
847 1743 1027 1782 rerum
1062 1741 1280 1796 quoque
1325 1729 1518 1782 seriem
1566 1741 1686 1781 esse
1724 1728 2077 1784 arbitrantur.

497 1817 657 1888 Ἡμῖν
697 1817 752 1870 δὲ
794 1818 928 1889 πρὸς
965 1819 1065 1888 μὲν
1099 1819 1226 1883 τοὺς
1269 1819 1390 1873 οὑδὲ
1419 1819 1557 1872 εἶναι
1595 1821 1862 1892 ὑπειληφό

2153 1820 2261 1876 Nos
2286 1835 2438 1885 vero,
2470 1834 2568 1876 nec
2590 1835 2716 1876 eum
2747 1821 2814 1875 iis
2869 1821 2960 1890 qui
3011 1838 3080 1875 ne
3133 1822 3396 1890 Spiritum
3420 1826 3545 1894 qni-

281 1926 416 1972 τας,
442 1908 620 1973 οὐδεὶς
799 1908 978 1978 λόγος,
1014 1911 1047 1981 ἢ
1091 1911 1218 1974 τοὺς
1260 1911 1564 1984 ληροῦντας
1598 1915 1657 1968 ὲν
1689 1913 1856 1987 Ἕλλη

1967 1914 2230 1969 demesse
2272 1922 2522 1978 censent,
2574 1928 2674 1966 nec
2727 1929 2849 1966 cum
2913 1915 3268 1984 nugatoribus
3312 1918 3548 1970 ethnici..-

282 2018 398 2054 σιν.
445 2001 598 2071 Μηδὲ
645 2003 754 2072 γὰρ
793 2000 1136 2074 ἁμαρτωλῶν
1178 2001 1346 2074 ἐλαίῳ
1398 2005 1760 2076 πιανθείημεν
1801 2008 1863 2060 sit

1966 2002 2131 2059 verba
2166 2002 2252 2056 illa
2286 2002 2763 2056 eommutabimus.
2821 2001 2972 2056 Absit
3027 2005 3166 2056 enim
3215 2013 3272 2058 ut
3301 2015 3550 2074 peccato-

276 2095 381 2146 τὸν
413 2091 593 2162 λόγον.
652 2093 799 2165 Πρὸς
848 2093 905 2147 δὲ
945 2094 1073 2158 τοὺς
1129 2093 1322 2158 ἄλλους
1373 2094 1516 2150 οὕτω
1575 2096 1863 2169 διαλεξόμε-

1967 2111 2084 2151 rum
2118 2095 2240 2149 oleo
2267 2109 2573 2149 sermonem
2602 2104 2845 2148 nostrum
2883 2094 3281 2164 impiugnemus
3350 2095 3389 2150 '.
3413 2097 3546 2154 Cum

279 2183 358 2238 θα
395 2203 410 2218 ·
565 2185 626 2238 τὸ
667 2183 894 2257 Πνεῦμα
921 2185 982 2238 τὸ
1013 2187 1188 2255 ᾶγιον,
1224 2188 1256 2257 ἢ
1291 2187 1398 2242 τῶν
1432 2188 1534 2242 καθ
1720 2189 1879 2243 ἑαυτὸ

277 2277 696 2348 ὑφεστηκότων,
755 2277 974 2341 πάντως
1022 2277 1340 2343 ὑποθετέον,
1383 2278 1417 2350 ἢ
1464 2277 1571 2333 τῶν
1610 2281 1668 2333 ἐν
1710 2281 1883 2352 ἑτέρῳ

284 2369 684 2441 θεωρουμένων
709 2386 724 2400 ⁸
758 2363 834 2424 ὧν
873 2369 934 2424 τὸ
987 2371 1107 2441 μὲν,
1151 2371 1338 2425 οὐσίαν
1377 2372 1634 2427 καλοῦσιν
1667 2374 1716 2427 οξ
1751 2375 1882 2442 περὶ

278 2460 466 2512 ταῦτα
532 2461 738 2526 δεινοὶ,
790 2461 851 2515 τὸ
907 2459 1003 2527 δὲ,
1070 2462 1439 2534 συμϐεϐηκός.
1495 2463 1560 2517 Εἰ
1630 2464 1730 2534 μὲν
1787 2459 1882 2520 οῦν

277 2551 674 2623 συμϐέϐηκεν,
726 2551 976 2624 ἐνέργεια
1023 2551 1182 2606 τοῦτο
1215 2553 1281 2607 ἂν
1339 2553 1423 2626 εἴη
1457 2553 1615 2611 Θεοῦ.
1657 2556 1721 2609 Τί
1768 2560 1878 2634 γαρ

269 2645 492 2716 ἕτερον,
552 2643 584 2715 ἢ
619 2644 794 2710 τίνος;
833 2645 990 2699 τοῦτο
1031 2645 1142 2718 γάρ
1191 2663 1309 2711 πως
1343 2647 1562 2718 μᾶλλον,
1598 2651 1693 2702 καὶ
1745 2656 1875 2720 φεύ-

272 2755 367 2805 γει
434 2735 704 2790 σύνθεσιν.
781 2738 895 2792 Καὶ
953 2740 1002 2792 εἰ
1079 2739 1367 2811 ἐνέργεια,
1449 2742 1877 2814 ἐνεργηθήσεται

267 2829 526 2900 δηλονότι
579 2863 596 2890 ,
769 2831 871 2885 οὐκ
923 2832 1230 2905 ἐνεργήσει,
1281 2834 1374 2888 καὶ
1425 2833 1560 2906 ὁμοῦ
1601 2835 1681 2906 τῷ
1731 2837 1878 2909 ἐνερ-

267 2918 540 2989 γηθῆναι,
573 2918 862 2973 παύσεται.
903 2920 1158 2976 Τοιοῦτον
1197 2922 1306 2995 γὰρ
1356 2924 1390 2995 ἠ
1438 2925 1710 2998 ἐνέργεια.
1748 2927 1876 2992 Πῶς

263 3005 365 3062 οὗν
412 3013 648 3082 ἐνεργεῖ,
689 3012 781 3066 καὶ
825 3013 950 3066 τάδε
988 3013 1159 3083 λέγει,
1193 3015 1290 3068 καλ⁹
1324 3016 1594 3089 ἀφορίζει,
1643 3019 1736 3072 καὶ
1775 3017 1872 3072 λυ-

265 3105 477 3168 πεῖται,
517 3103 613 3156 καὶ
647 3104 1030 3174 παροξύνεται,
1067 3107 1163 3159 καὶ
1193 3107 1293 3161 ὅσα
1326 3109 1648 3179 κινουμένου
1684 3111 1871 3180 σαφῶς

1963 2188 2178 2244 ueteris
2211 2196 2392 2241 autem
2420 2186 2488 2240 ad
2529 2186 2672 2240 hunc
2697 2187 2914 2240 modum
2965 2187 3397 2256 disputabimus;
3428 2190 3548 2258 Spi-

1963 2281 2101 2337 ritus
2129 2288 2369 2347 sanctus,
2427 2279 2509 2333 vel
2544 2294 2609 2333 ex
2657 2294 2844 2334 eorum
2905 2296 3149 2345 numero,
3204 2295 3323 2349 qua:
3359 2297 3457 2350 per
3489 2299 3545 2336 se

1964 2374 2288 2436 subsistunt,
2341 2371 2562 2426 omnino
2625 2370 2948 2426 statuendus
2997 2380 3103 2434 est,
3158 2371 3243 2425 vel
3303 2372 3444 2424 inter
3477 2388 3538 2426 ea

1961 2465 2328 2530 collocandus,
2381 2479 2500 2534 quae
2551 2464 2603 2517 in
2661 2463 2766 2518 alio
2809 2464 3264 2530 considerantur;
3304 2479 3535 2532 quormn

1961 2559 2188 2614 alterum
2223 2557 2608 2620 substantiam,
2647 2555 2878 2610 alterum
2909 2555 3162 2610 accidens
3218 2557 3540 2622 vocant,qui

1962 2649 2151 2703 harum
2187 2661 2368 2702 rerum
2409 2646 2691 2701 scientiam
2728 2644 2950 2700 callent.
3009 2645 3087 2698 Ac
3122 2646 3167 2700 si
3196 2647 3412 2715 quidem
3447 2661 3537 2698 ac-

1960 2741 2164 2804 cidens,
2191 2740 2272 2792 vis
2300 2739 2485 2808 utique
2516 2749 2571 2793 et
2636 2737 2870 2792 facultas
2917 2739 3167 2803 quaedam
3235 2738 3327 2792 Dei
3356 2737 3536 2790 fuerit.

1959 2834 2096 2899 Quid
2129 2832 2272 2887 enim
2310 2831 2476 2896 aliud,
2533 2839 2627 2884 aut
2675 2829 2869 2900 cujus?
2928 2827 3040 2882 Hoc
3090 2828 3336 2898 profecto
3369 2817 3538 2898 magis

1959 2933 2403 2988 consentaneum,
2453 2919 2978 2991 compositionisque
3022 2934 3238 2988 expers.
3291 2920 3346 2973 Si
3381 2921 3460 2974 vis
3485 2930 3537 2973 et

1958 3016 2210 3079 facultas,
2247 3027 2436 3085 agetur
2465 3016 2604 3070 haud
2635 3015 2818 3080 dubie,
2861 3031 2966 3070 non
3021 3025 3144 3082 aget
3183 3030 3198 3068 :
3245 3011 3534 3081 simulque,

1957 3119 2014 3162 ut
2048 3119 2203 3165 actus
2230 3110 2415 3172 fuerit,
2449 3108 2678 3164 desinet.
2725 3107 3010 3179 Ejusmodi
3068 3108 3267 3176 quippe
3316 3115 3400 3160 cst
3452 3120 3537 3159 ac-

263 3195 442 3258 ὲστιν,
473 3196 534 3248 ού
566 3197 829 3266 κινήσεως
857 3215 869 3260 ;
903 3198 966 3250 Ei
992 3197 1048 3251 δὲ
1076 3199 1234 3252 ούσία
1263 3217 1365 3264 τις,
1391 3200 1450 3253 οὑ
1481 3199 1590 3254 τῶν
1614 3203 1742 3272 περὶ
1771 3201 1863 3273 τὴν

1963 3209 2043 3255 tus
2089 3209 2305 3254 natura.
2365 3199 2464 3266 Qui
2523 3199 2580 3253 lit
2623 3214 2789 3269 ergo,
2861 3209 2926 3254 ut
2969 3209 3092 3270 agat
3150 3199 3306 3268 ipse,
3375 3207 3535 3266 atque

257 3285 478 3348 οὐσίαν,
541 3289 660 3359 ἢτοι
717 3289 924 3360 κτίσμα
980 3289 1424 3362 ὑποληφθήσεται
1469 3333 1484 3357 ,
1639 3291 1864 3366 ﬂeas;-

1959 3293 2072 3348 ha-c
2097 3301 2149 3346 ct
2181 3291 2269 3346 illa
2301 3291 2465 3356 dicat,
2494 3301 2548 3346 et
2599 3296 2848 3361 segreget
2887 3290 2907 3320 '
2940 3330 2955 3356 ,
2997 3299 3053 3345 ct
3088 3289 3443 3343 contristetur
3481 3287 3533 3347 ³,

263 3377 436 3448 μέσον
470 3379 579 3451 γάρ
611 3397 663 3431 τι
695 3378 923 3446 τούτων,
955 3380 1073 3452 ἦτοι
1123 3381 1419 3455 μηδετέρου
1459 3383 1706 3455 μετέχον,
1738 3385 1770 3456 ἢ
1808 3385 1863 3451 ἐξ

1963 3384 2098 3439 etad
2127 3384 2258 3437 iram
2293 3382 2569 3448 incitetur,
2639 3391 2695 3438 et
2753 3396 3091 3452 quaecunque
3142 3381 3217 3434 rei
3251 3390 3395 3434 motu
3425 3380 3537 3449 agi-

261 3471 476 3539 ἁμφοῖν
509 3468 789 3538 σύνθετον,
821 3470 928 3523 οὐδ’
960 3470 1026 3524 ἂν
1049 3472 1099 3524 οἱ
1128 3473 1254 3536 τοὺς
1285 3473 1660 3545 τραγελάφους
1694 3476 1865 3537 πλάτ-

258 3577 458 3623 τοντες
487 3562 818 3634 ὲννοήσαιεν.
862 3562 1002 3615 Ἀλλ’
1025 3564 1073 3616 εί
1100 3564 1198 3634 μὲν
1223 3565 1445 3636 κτίσμα,
1475 3567 1591 3632 πῶς
1622 3570 1702 3633 εἰς
1732 3569 1865 3622 αὐτὸ

255 3652 620 3724 πιστεύομεν,
651 3654 684 3726 ἢ
717 3657 776 3708 ὲν
817 3654 966 3726 αὑτῷ
996 3655 1386 3728 τελειούμεθα;
1427 3659 1487 3712 οὐ
1524 3659 1633 3731 γὰρ
1665 3662 1863 3715 ταυτόν

253 3748 383 3800 ἐστι
420 3745 698 3801 πιστεύειν
736 3747 817 3812 εἵς
852 3765 926 3813 τι,
969 3749 1063 3802 καὶ
1098 3750 1227 3820 περὶ
1268 3749 1433 3804 αὑτοῦ
1463 3751 1757 3806 πιστεύειν.
1788 3753 1862 3806 Τὸ

256 3835 370 3904 μὲν
415 3838 523 3909 γάρ
573 3838 688 3890 ἐστι
727 3835 1001 3910 θεότητος,
1049 3838 1110 3891 τὸ
1157 3837 1214 3892 δὲ
1268 3840 1469 3904 παντὸς
1509 3840 1857 3913 πράγματος.

256 3931 335 3982 Εἰ
362 3929 421 3982 δὲ
454 3930 606 3994 Θεὸς,
642 3930 756 3984 ἀλλ’
787 3931 848 3983 ού
883 3931 1110 4001 κτίσμα,
1155 3931 1276 3986 οὐδὲ
1307 3933 1546 4005 ποίημα,
1575 3935 1695 3988 οὑδὲ
1730 3929 1860 3989 σὺν-

252 4021 470 4085 δουλον,
496 4023 604 4075 οὐδ’
635 4022 772 4086 ὅλως
800 4022 854 4074 τὶ
891 4023 1000 4075 τῶν
1034 4026 1307 4078 ταπεινῶν
1340 4027 1643 4096 ὀνομάτων.

1962 3484 2084 3528 tat-.e
2119 3474 2402 3542 perspicue
2447 3483 2594 3540 sunt,
2649 3485 2753 3527 non
2796 3482 2974 3526 autem
3028 3471 3280 3525 motionis
3335 3471 3536 3540 ipsius?

1956 3565 2050 3619 Sin
2083 3574 2260 3618 autem
2289 3564 2588 3619 substantia
2612 3573 2714 3628 est,
2739 3576 2844 3617 non
2864 3562 3142 3626 accidens,
3172 3561 3257 3614 vel
3284 3571 3535 3615 creatura

1953 3659 2281 3722 censebitur,
2341 3657 2422 3712 vel
2469 3656 2630 3710 Deus.
2689 3655 2924 3711 Medium
2981 3655 3126 3709 enim
3158 3653 3533 3722 aliquidintcr

1955 3749 2088 3812 hzrc,
2109 3758 2203 3803 aut
2225 3749 2365 3818 quod
2397 3748 2645 3804 neutrius
2674 3749 2948 3816 particeps
2977 3745 3072 3810 sit,
3098 3754 3195 3799 aut
3215 3760 3281 3798 ex
3302 3753 3534 3814 utroque

1953 3842 2308 3911 t-mnpositum
2547 3849 2708 3906 atque
2747 3837 3071 3900 conﬂatum,
3131 3851 3199 3891 ne
3220 3837 3255 3891 ii
3291 3837 3528 3905 quidem,

1951 3933 2041 4002 qui
2077 3931 2412 4002 tragelaphos
2441 3930 2844 3994 conﬁnxerunt,
2871 3926 3177 4000 intelligere
3211 3938 3436 3998 queant.
3461 3929 3530 4010 Si

1950 4031 2223 4082 creatura,
2253 4024 2520 4090 quomodo
2553 4021 2607 4076 in
2642 4036 2763 4075 eum
2795 4021 3092 4084 credi-mus,
3116 4030 3212 4075 aut
3237 4021 3289 4074 in
3319 4036 3385 4076 eo
3411 4037 3530 4088 pcr-

252 4114 511 4169 licimur?
537 4112 721 4182 Neque
749 4113 893 4168 enim
952 4111 1093 4166 idem
1145 4119 1249 4176 est,
1283 4111 1504 4165 credere
1554 4110 1607 4164 in
1639 4110 1862 4181 aliquid,
1897 4124 1950 4170 et
2016 4118 2240 4173 credere
2279 4118 2345 4173 de
2399 4117 2600 4186 aliquo.
2628 4118 2766 4175 illud
2792 4119 2936 4176 enim
2970 4121 3239 4180 divinitati
3260 4126 3531 4189 convenit,

254 4213 368 4262 hoc
391 4209 608 4264 cuilibet
639 4210 738 4264 rei.
769 4207 825 4263 Si
849 4217 1030 4262 autem
1075 4203 1237 4269 Deus,
1284 4215 1432 4260 certe
1507 4221 1608 4260 nec
1665 4217 1915 4264 creatura
1956 4221 2061 4276 est,
2092 4230 2190 4267 nec
2224 4213 2457 4276 factura,
2495 4229 2590 4268 nec
2620 4231 2935 4280 conservus,
2966 4235 3067 4274 nec
3099 4221 3332 4290 denique
3367 4221 3529 4275 nllum

248 4305 406 4361 aliud
439 4303 637 4359 humile
668 4311 828 4371 atque
856 4300 1122 4369 abjectum
1149 4313 1362 4355 nomen.

444 4398 704 4452 Ἐνταῦθα
732 4397 824 4461 σὸς
852 4399 880 4450 ὁ
911 4396 1088 4464 λόγος,
1122 4397 1178 4450 αἱ
1211 4394 1494 4464 σφενδόναι
1523 4395 1840 4466 πεμπέσθω-

247 4508 380 4554 σαν,
403 4491 452 4541 οἱ
482 4487 829 4558 συλλογισμοὶ
851 4486 1258 4540 πλεκέσθωσαν.
1291 4486 1363 4538 Ἢ
1389 4486 1684 4556 ἀγέννητον
1713 4487 1848 4542 πάν-

2179 4394 2295 4450 Jam
2363 4395 2543 4461 lingua
2603 4404 2688 4447 tua
2728 4395 2794 4448 ad
2842 4395 3222 4465 disputandum
3258 4399 3531 4466 prosiliat,

1959 4487 2139 4541 funda:
2166 4488 2461 4553 jactentur,
2493 4497 2811 4554 argumenta
2847 4498 3156 4541 neetantur.
3183 4488 3291 4542 Aut
3321 4491 3532 4559 ingeni-

244 4583 448 4654 τως,ῆ
500 4581 780 4651 γεννητόν.
845 4579 955 4634 Καὶ
1003 4580 1052 4632 εί
1117 4579 1216 4650 μὲν
1270 4577 1587 4650 ἀγέννητον,
1644 4580 1738 4634 δύο
1777 4581 1845 4635 τὰ

1963 4588 2046 4634 tus
2079 4577 2426 4641 omninoest,
2486 4576 2686 4644 inquis,
2733 4586 2826 4631 aut
2872 4578 3104 4647 genitus.
3139 4578 3196 4633 Si
3236 4579 3529 4648 ingenitas,

243 4675 487 4744 ἄναρχοι.
526 4674 588 4726 Ei
621 4672 677 4725 δὲ
715 4671 991 4742 γεννητὸν,
1019 4670 1322 4739 ὑποδιαίρει
1492 4669 1682 4724 πάλιν·
1717 4671 1750 4742 ἢ
1781 4673 1846 4726 ἐκ

244 4765 348 4818 τοῦ
382 4764 590 4836 Harpe;
628 4760 809 4825 τοῦτο,
915 4764 978 4815 ἐκ
1000 4761 1094 4814 τοῦ
1130 4759 1281 4814 Υίοῦ.
1310 4759 1421 4816 Καὶ
1453 4763 1502 4816 εί
1537 4761 1637 4833 μὲν
1663 4765 1726 4816 ὲκ
1751 4762 1842 4816 τοῦ

247 4858 491 4929 Πατρὸς,
531 4853 652 4910 Υἱοὶ
682 4855 775 4909 δύο
809 4856 904 4909 καλ⁸
931 4853 1170 4924 ἀδελφοί.
1197 4853 1274 4906 Σὺ
1303 4853 1360 4907 δέ
1397 4872 1487 4925 μοι
1519 4854 1719 4908 πλάττε
1755 4857 1844 4909 καὶ

246 4947 529 5018 διδύμους,
557 4948 605 4998 εἰ
638 4946 836 5018 βούλει,
873 4945 906 5017 ἢ
954 4945 1044 4999 τὸν
1095 4944 1194 5015 μὲν
1241 4943 1630 5015 πρεσϐύτερον,
1667 4944 1760 4998 τὸν
1788 4945 1845 4998 δὲ

248 5040 543 5110 νεώτερον·
577 5037 763 5109 ἐπειδὴ
803 5037 924 5090 λίαν
962 5032 1013 5089 εἷ
1051 5035 1449 5106 φιλοσώματος.
1478 5038 1542 5090 Εἰ
1563 5037 1619 5090 δὲ
1650 5039 1714 5089 ὲκ
1745 5037 1842 5090 τοῦ

250 5128 407 5193 Υἰοῦ,
443 5128 674 5198 πέφηνε,
708 5127 862 5198 φησὶ,
901 5127 993 5179 καὶ
1027 5126 1218 5189 υἱωνὸς
1249 5129 1384 5198 ἡμῖν
1415 5126 1575 5190 Θεός’
1607 5121 1668 5180 οὗ
1698 5130 1750 5181 τί
1778 5130 1844 5182 ἂν

249 5223 464 5292 γένοιτο
496 5221 926 5291 παραδοξότερον
955 5238 969 5282 ;
1009 5219 1183 5272 ταῦτα
1230 5219 1329 5290 μὲν
1373 5215 1465 5274 οὖν
1493 5223 1540 5274 οἱ
1569 5224 1721 5292 σοφοὶ
1749 5224 1840 5277 τοῦ

251 5315 641 5384 κακοποιῆσαι,
667 5313 736 5365 τὰ
757 5312 814 5365 δὲ
845 5310 1022 5379 ἀγαθὰ
1052 5311 1286 5381 γράφειν
1309 5312 1370 5365 ού
1403 5312 1665 5377 θέλοντες.
1701 5314 1843 5382 Ἐγὼ

249 5408 308 5460 δὲ
339 5408 389 5458 εἰ
419 5406 519 5476 μὲν
557 5404 745 5477 ἐώρων
785 5404 1091 5472 ἀναγκαίαν
1121 5403 1219 5475 τὴν
1253 5403 1534 5476 διαίρεσιν,
1571 5405 1841 5477 ἐδεξάμην

252 5498 318 5550 ἂν
352 5501 419 5549 τι
447 5487 770 5567 πράγματα,
803 5495 863 5548 ού
904 5495 1160 5566 φοϐηθεὶς
1193 5495 1262 5548 τὰ
1292 5495 1558 5566 ὀνόματα.
1603 5497 1677 5550 Ού
1709 5497 1838 5569 γὰρ,

253 5586 444 5658 ἐπειδὴ
470 5587 613 5640 κατὰ
630 5603 751 5638 τινα
781 5585 964 5656 σχέσιν
985 5585 1322 5658 ὑψηλοτέραν
1339 5586 1467 5652 Υἱὸς
1491 5591 1519 5642 ὁ
1675 5589 1798 5653 Υἱὸς
1820 5628 1835 5654 ,

253 5679 314 5732 ού
337 5677 672 5744 δυνηθέντων
694 5677 850 5748 ἡμῶν
871 5677 1066 5743 ἄλλως,
1091 5678 1315 5749 ἢοῦτως
1335 5680 1672 5749 ἐνδείξασθαι
1694 5683 1750 5736 τὸ
1774 5685 1837 5738 ἐκ

342 5832 360 5864 ⁸
392 5831 531 5888 Psal.
564 5846 686 5897 cas,
713 5833 765 5888 5.
847 5833 866 5864 ¹
898 5833 1016 5888 Act.
1050 5847 1166 5899 xm,
1191 5845 1238 5888 ει.
1320 5833 1339 5865 ⁹
1368 5831 1572 5903 Ephes.
1613 5851 1685 5901 tv,
1727 5835 1818 5890 δυ.

1953 4686 2084 4739 ergo
2114 4673 2221 4724 duo
2243 4678 2402 4723 erunt
2437 4668 2690 4736 principii
2744 4677 3016 4738 expertes.
3085 4668 3140 4724 Si
3175 4677 3354 4724 autem
3376 4672 3529 4741 geni-

1955 4765 2060 4822 tus,
2104 4773 2293 4812 rursus
2342 4756 2672 4811 subdividis:
2729 4766 2823 4811 aut
2873 4773 2942 4812 ex
2973 4757 3133 4813 Patre
3180 4759 3394 4830 genitus
3419 4772 3530 4825 est,

1954 4861 2048 4906 aut
2078 4866 2144 4904 ex
2181 4850 2338 4904 Filio.
2368 4848 2424 4904 Si
2453 4865 2514 4904 ex
2545 4849 2728 4916 Patre,
2762 4851 2871 4906 duo
2928 4850 3088 4920 igitur
3125 4861 3253 4908 sunt
3296 4852 3417 4907 Filii
3468 4869 3531 4908 ac

1953 4950 2170 4998 tratres.
2203 4940 2475 4998 Gemellos
2499 4942 2664 4996 etiam
2707 4943 2866 5012 tinge,
2902 4942 2946 4998 si
2979 4943 3150 5009 lubet,
3180 4953 3274 4997 aut
3297 4945 3546 5000 alterum-

1954 5044 2082 5088 natu
2116 5033 2398 5102 majorem,
2429 5033 2654 5086 alterum
2682 5035 2979 5100 minorem;
3007 5049 3130 5089 cum
3158 5035 3231 5089 ita
3250 5039 3529 5106 corporeis

1953 5126 2115 5179 rebus
2139 5124 2430 5178 immersus
2468 5140 2547 5179 es.
2585 5124 2640 5178 Si
2676 5138 2853 5179 autem
2885 5141 2949 5180 ex
2995 5126 3156 5191 Filio,
3187 5126 3301 5197 jam
3348 5129 3523 5191 nobis,

1954 5216 2188 5284 inquies,
2215 5227 2386 5283 nepos
2449 5213 2590 5268 Deus
2653 5216 2879 5270 exstitit.
2911 5215 3034 5282 Quo
3079 5216 3208 5285 quid
3242 5217 3544 5271 absurdius.

1949 5307 2074 5376 ﬁngi
2107 5304 2312 5375 possit?
2375 5305 2501 5362 llaec
2547 5307 2796 5363 homines
2829 5308 2894 5362 ad
2955 5296 3401 5363 malefaciendum
3435 5324 3523 5364 sa-

1950 5397 2158 5465 pientes
2207 5399 2231 5428 ⁵
2265 5407 2322 5451 et
2347 5397 2630 5468 ingeniosi,
2668 5398 2808 5453 bona
2869 5406 3048 5453 autem
3102 5399 3341 5455 scribere
3369 5415 3523 5456 recu—

1946 5499 2152 5542 santes.
2194 5488 2308 5559 Ego
2338 5503 2490 5556 vero,
2546 5489 2588 5542 si
2624 5489 2945 5544 divisionem
2987 5489 3125 5546 hanc
3157 5493 3520 5546 necessariam

1945 5579 2207 5642 viderem,
2268 5595 2355 5635 res
2405 5582 2564 5651 ipsas
2613 5581 2860 5650 profecto
2913 5581 3530 5652 cxcepissem,nomin;r

1947 5672 2082 5725 nihil
2117 5673 2341 5727 veritus.
2371 5673 2487 5728 Non
2529 5674 2694 5736 enim,
2743 5674 2871 5743 quia
2907 5673 3211 5730 secundum
3246 5677 3518 5734 excelsio-

1897 5833 1919 5869 δ
1941 5832 2144 5891 .lercm.
2176 5851 2249 5901 tv,
2282 5836 2370 5889 Ἡ.
