3968 6550
1727 390 2112 451 EU'l‘llYMII
2160 388 2515 447 ZIGABENI

3620 394 3711 457 824

502 532 617 570 rem
662 512 949 582 quamdam
992 507 1311 563 relationem
1340 500 1508 557 Filius
1533 513 1611 554 ρει
1645 498 1815 553 Filius
1872 501 2059 567 (quod

2176 494 2258 548 τοῦ
2293 494 2429 547 Θεοῦ
2462 496 2552 547 καὶ
2619 493 2926 564 ὀμοούσιον,
2988 496 3093 569 ἤδη
3130 498 3224 552 καὶ
3287 500 3470 561 πάσας
3524 502 3712 568 οἰητέον

502 602 751 657 videlicet
782 601 1156 667 aliter,,quam
1177 597 1278 649 hoc
1314 592 1495 654 modo,
1533 591 1779 646 indicare
1816 601 2059 657 nequea-

445 722 453 745 ε
506 709 628 748 mus
676 692 726 747 id
774 690 917 761 quod
960 687 1173 753 exDeo
1212 696 1317 749 est,
1363 684 1710 750 essentiaque
1764 682 1905 735 idem
1939 696 2063 735 cum

502 789 665 856 ipso),
688 784 894 838 idcirco
916 792 1129 835 terrena
1157 793 1376 847 quoque
1389 778 1572 831 omnia
1602 774 2061 841 cognationisque

501 888 699 932 nostra:
730 878 949 930 nomina
981 870 1050 927 ad
1088 872 1255 925 Deum
1307 869 1618 923 necessario
1674 864 2054 920 transferenda

501 983 622 1023 esse
643 966 943 1036 putandum
967 972 1069 1017 est.
1112 960 1356 1030 Alioqui,
1391 960 1519 1028 quid
1554 957 1806 1029 impedit,
1843 962 2064 1024 quomi-

502 1075 610 1113 nus
637 1058 826 1112 eadem
863 1056 1070 1111 ratione
1098 1052 1426 1116 masculum,
1456 1051 1622 1104 Deum
1655 1058 1903 1103 nostrum
1952 1047 2067 1103 exi.-

501 1152 710 1215 stimes,
743 1149 1001 1219 quoniam
1035 1147 1176 1201 Deus
1196 1153 1251 1199 et
1291 1146 1447 1199 Pater
1487 1144 1837 1197 nominatur?
1872 1143 1949 1196 Ac
1993 1142 2070 1195 fe-

505 1242 745 1295 mineum
791 1241 1069 1309 quiddam,
1112 1240 1396 1302 Deitatem,
1430 1246 1693 1305 quantum
1732 1236 1952 1304 quidem
2004 1252 2069 1289 ex

504 1336 654 1387 vocis
688 1348 888 1401 genere
906 1331 1165 1385 :estimari
1185 1339 1356 1398 potest
1381 1329 1489 1382 ?Et
1516 1328 1752 1396 denique
1777 1327 2069 1396 Spiritum,

505 1437 786 1489 neutrum,
818 1423 1071 1491 quoniam
1111 1422 1246 1475 nihil
1268 1420 1480 1486 gignit?
1513 1419 1668 1484 Quod
1699 1420 1741 1473 si
1780 1420 1936 1485 juxta
1977 1437 2068 1474 ve-

506 1528 653 1572 teres
674 1517 885 1572 fabulas
915 1526 968 1570 et
992 1531 1162 1585 nugas
1197 1514 1300 1567 hoc
1326 1528 1547 1582 quoque
1569 1513 1731 1565 modo
1762 1512 1984 1575 luseris,
2014 1523 2073 1566 ut

2170 586 2467 653 ἀναγκαῖον
2499 581 2639 638 εἶναι
2660 586 2757 647 τὰς
2792 587 2941 639 κάτω
2964 588 3204 657 κλήσεις,
3259 590 3353 642 καὶ
3405 591 3503 659 τῆς
3538 594 3714 661 ἡμετέ-

2175 696 2273 747 ρας
2309 679 2650 747 συγγενείας,
2680 679 3010 747 μεταφέρειν
3058 681 3152 733 ἐπὶ
3183 681 3240 733 τὸ
3272 683 3435 735 θεῖον.
3505 685 3571 735 ’Ἡ
3595 686 3716 753 τάχα

2174 773 2240 825 ἂν
2276 771 2339 823 σύ
2374 787 2435 837 γε
2470 770 2560 823 καὶ
2584 771 2790 841 ἄρρενα
2816 770 2906 823 τὸν
2940 770 3073 824 Θεὸν
3097 773 3227 840 ἡμῖν
3249 772 3560 839 ὑπολάϐοις,
3594 779 3721 830 κατὰ

2176 866 2267 916 τὸν
2298 865 2453 929 λόγον
2487 863 2695 925 τοῦτον,
2734 865 2813 915 ὅτι
2844 863 2973 922 Θεὸς
3002 864 3354 929 ὀνομάζεται,
3389 867 3480 917 καὶ
3514 867 3721 936 Πατήρ;

2171 956 2264 1008 καὶ
2298 955 2430 1023 θῆλύ
2490 972 2541 1006 τι
2601 955 2699 1024 τὴν
2752 953 3000 1022 θεότητα,
3037 955 3162 1007 ὅσον
3197 958 3284 1007 ἐπὶ
3334 958 3455 1015 ταῖς
3482 956 3722 1025 κλήσεσι,

2180 1050 2275 1102 καὶ
2306 1048 2364 1101 τὸ
2403 1046 2631 1114 Πνεῦμα
2693 1048 3003 1117 οὐδέτερον,
3059 1049 3140 1102 ὅτι
3181 1049 3254 1117 μὴ
3301 1052 3652 1119 γεννητικόν;
3683 1056 3723 1105 εἰ

2181 1142 2236 1193 δέ
2280 1160 2361 1195 σοι
2400 1144 2497 1197 καὶ
2535 1141 2694 1194 τοῦτο
2736 1142 3015 1211 παιχθείη,
3065 1145 3130 1211 τῇ
3173 1141 3373 1195 ἑαυτοῦ
3409 1142 3617 1210 θελήσει
3649 1146 3727 1195 τὸν

2177 1235 2308 1286 Θεὸν
2342 1235 2760 1303 συγγενόμενον,
2798 1233 2938 1287 κατὰ
2976 1233 3100 1297 τοὺς
3125 1234 3399 1295 παλαιοὺς
3428 1233 3612 1303 λήρους
3645 1238 3723 1285 καὶ

2188 1326 2414 1394 μύθους,
2453 1326 2821 1395 γεννήσασθαι
2873 1329 2965 1379 τὸν
3006 1325 3153 1390 Υἰὸν,
3204 1327 3439 1397 εἰσήχθη
3494 1345 3574 1388 τις
3611 1331 3725 1395 ἡμῖν

2180 1418 2272 1471 καὶ
2311 1419 2635 1489 Μαρκέωνος
2657 1460 2672 1481 ,
2710 1420 2805 1473 καὶ
2838 1418 3158 1471 Βαλεντίνου
3192 1418 3323 1481 Θεὸς
3356 1419 3717 1490 αρῤενόθηλυς,

2178 1509 2272 1561 τοῦ
2313 1511 2438 1571 τοὺς
2492 1512 2708 1572 καινοὺς
2746 1507 2950 1569 αίῶνας
2989 1505 3472 1570 ἀνατυπώσαντος.

508 1612 678 1675 dicas,
708 1613 875 1666 Deum
908 1626 1028 1666 cum
1058 1611 1337 1664 voluntate
1367 1622 1464 1663 sua
1483 1621 1835 1675 congressum
1865 1607 2064 1661 Filiqu
2101 1607 2371 1677 genuisse,
2418 1604 2713 1660 Marcionis
2737 1604 2960 1674 quidem
2988 1619 3053 1658 ac
3086 1602 3391 1668 Valentini,
3446 1605 3535 1673 qui
3580 1619 3727 1660 novos

506 1718 689 1759 :eeuas
719 1711 1059 1757 commentus
1086 1708 1192 1762 est,
1241 1697 1748 1765 hermaphroditum
1784 1697 2070 1764 quemdam
2106 1696 2272 1750 Deum
2309 1696 2609 1751 induxeris.

583 1797 853 1863 Quoniam
937 1809 1102 1864 porro
1172 1793 1494 1847 divisionem
1575 1801 1721 1847 tuam
1812 1792 2066 1862 primam,
2111 1801 2149 1853 Β

509 1894 614 1950 qua
659 1880 800 1934 inter
836 1878 1129 1945 ingenitum
1162 1888 1213 1930 et
1257 1875 1495 1943 genitum
1532 1874 1663 1925 nihil
1703 1872 1939 1926 medimn
1966 1887 2085 1924 esse

513 1970 823 2031 arbitraris,
854 1968 1268 2036 haudquaquam
1304 1966 1662 2027 admittimus,
1712 1970 1958 2034 protinus
1989 1966 2082 2021 tibi

512 2077 633 2116 cum
665 2060 919 2130 praeclara
973 2070 1061 2113 tua
1120 2057 1387 2111 divisione
1419 2057 1615 2112 fratres
1669 2058 1741 2111 illi
1774 2069 1828 2112 et
1864 2069 2086 2128 nepotes

512 2153 786 2221 peribunt,
819 2161 874 2203 ut
916 2150 1029 2219 qui,
1090 2150 1263 2217 primo
1327 2148 1417 2202 illo
1444 2149 1824 2217 disputationis
1856 2159 1958 2204 tua:
1996 2165 2085 2203 ca-

510 2245 642 2314 pite,
666 2243 819 2313 quasi
854 2242 1164 2309 multiplicis
1199 2239 1480 2308 cujusdam
1518 2256 1689 2295 nexus
1727 2241 1879 2294 initio
1914 2242 2086 2308 primo

510 2330 875 2393 suitvto,simul
900 2345 1113 2399 quoque
1139 2329 1296 2383 soluti
1319 2344 1379 2383 ac
1397 2328 1584 2398 dilapsi
1779 2331 1907 2393 sint,
1927 2340 2087 2400 atque

517 2444 543 2475 ιι
587 2424 891 2477 divinitatis
914 2423 1159 2477 doctrina
1217 2436 1336 2475 sese
1385 2422 1757 2477 subduxerint.
1795 2421 1894 2477 Ubi
1919 2423 2085 2485 enim,

520 2530 725 2581 quaeso,
752 2529 919 2582 pones
947 2513 1018 2577 id,
1052 2514 1193 2582 quod
1226 2513 1487 2582 procedit,
1520 2515 1662 2582 quod
1707 2516 1921 2583 quidem
1947 2516 2089 2569 inter

514 2610 651 2659 duas
688 2605 970 2659 divisionis
1020 2615 1121 2658 ture
1174 2614 1357 2673 partes
1420 2604 1766 2673 interjectum
1814 2619 1935 2658 esse
1960 2620 2089 2659 con-

515 2710 643 2761 stat,
676 2709 837 2765 atque
888 2715 914 2749 a
962 2696 1233 2766 theologo,
1267 2698 1433 2751 multo
1489 2708 1540 2751 te
1587 2698 1971 2766 przestautiori,
2008 2699 2087 2751 ni-

516 2786 709 2839 mirum
741 2802 767 2837 a
801 2785 1081 2839 Sulvatore
1106 2796 1315 2849 nostro,
1349 2787 1741 2841 introducitur?
1772 2787 1882 2842 Nisi
1929 2788 2087 2853 forte,

518 2890 737 2947 propter
767 2879 984 2932 tertium
1042 2888 1189 2932 tuum
1250 2879 1678 2943 Testamentum,
1734 2896 1915 2935 vocem
1945 2881 2088 2935 illam

517 2988 579 3021 ιιι
640 2970 939 3038 l'lvangvliis
999 2971 1325 3034 sustuleris,
1374 2972 1606 3041 Spiritus
1667 2985 1902 3040 sanctus,
1929 2978 2019 3045 qui
2058 2992 2092 3030 ο

517 3059 681 3111 Patre
716 3060 950 3127 procedit
1014 3066 1028 3094 ³
1062 3060 1215 3129 ;qni,
1268 3070 1534 3128 quatenus
1587 3061 1652 3113 ab
1700 3061 1789 3113 illo
1826 3062 2089 3129 procedit,

518 3164 762 3206 creatura
797 3168 898 3207 non
925 3161 1007 3207 est
1040 3171 1052 3205 :
1086 3162 1354 3221 quatenus
1394 3167 1583 3205 rursus
1614 3152 1827 3221 genitus
1862 3168 1964 3203 nou
1987 3162 2087 3216 est,

2176 3178 2259 3213 mu
2286 3160 2384 3225 τὰς
2408 3161 2515 3213 τῶν
2550 3159 2926 3230 συλλογισμῶν
2957 3158 3127 3228 ἄρκυς
3149 3155 3436 3225 διαφυγὼν
3474 3198 3491 3222 ,

518 3244 685 3298 Filius
713 3260 817 3297 non
844 3253 954 3299 est:
981 3252 1249 3313 quatenus
1284 3254 1461 3298 autem
1522 3243 1665 3297 inter
1700 3243 1996 3313 ingenitum
2040 3257 2091 3299 et

520 3338 758 3403 genitum
780 3338 987 3391 medius
1006 3346 1107 3400 est,
1128 3336 1267 3390 Deus
1291 3345 1394 3390 est.
1414 3338 1589 3402 Atque
1617 3337 1689 3389 ita
1718 3337 1901 3390 vitatis
1930 3337 2089 3408 syllo-

522 3430 822 3499 gismorum
897 3437 1106 3482 tuorum
1142 3428 1369 3495 laqueis,
1426 3428 1565 3481 Deus
1611 3428 1895 3481 manifeste
1928 3444 2093 3497 appa-

524 3521 655 3584 ruit,
684 3521 1038 3574 divisionibus
1070 3520 1173 3574 tuis
1199 3519 1406 3573 tirtnior
1430 3528 1484 3574 et
1515 3518 1795 3574 valentior.
1817 3520 1945 3585 Qua:
1967 3535 2095 3588 ergo

522 3623 604 3667 est
632 3614 744 3666 hasc
776 3612 1081 3681 processio?
1110 3611 1340 3679 inquies.
1382 3611 1474 3665 Die
1502 3619 1555 3665 tu
1586 3626 1703 3679 qua:
1747 3611 1921 3665 Patris
1948 3612 2092 3680 iuge-

525 3706 703 3758 uitura
735 3706 824 3768 sit,
870 3714 925 3757 et
977 3717 1077 3773 ego
1107 3702 1228 3756 Filii
1290 3704 1717 3773 generationem,
1780 3702 2096 3773 ctSpiritns

524 3797 927 3868 processionem
963 3794 1234 3864 explicare
1260 3795 1566 3865 aggrediar,
1592 3810 1697 3864 quo
1728 3796 1817 3849 (iet
1850 3806 1905 3848 ut
1937 3798 2096 3849 ambo

527 3890 835 3951 deliremus,
867 3886 918 3939 in
944 3884 1038 3940 Dei
1072 3886 1327 3953 mysteria
1358 3885 1540 3941 oculos
1560 3886 1873 3955 .injicientes
1898 3903 1911 3939 :
1938 3886 2097 3953 idque

526 3974 615 4051 qui
654 3977 911 4033 tandem?
971 3975 1171 4044 Nempe
1230 3976 1321 4044 qui
1365 3992 1431 4030 ne
1459 3992 1520 4031 ea
1575 3979 1809 4046 quidem,
1834 3990 1953 4045 quae
1976 3989 2099 4031 ante

529 4074 692 4143 pedes
720 4082 868 4135 sunt,
901 4070 1066 4135 scire,
1121 4084 1220 4123 nec
1274 4084 1493 4124 arenam
1533 4070 1719 4134 maris,
1776 4081 1868 4124 aut
1905 4072 2098 4141 pluviae

2250 1792 2404 1844 Ἐπεὶ
2466 1792 2523 1845 δέ
2562 1808 2656 1845 σου
2711 1791 2811 1863 τὴν
2878 1792 3103 1860 πρώτην
3176 1790 3451 1859 διαίρεσιν
3504 1791 3563 1844 οὐ
3598 1792 3728 1862 δεχό-

2168 1873 2327 1945 μεθα,
2369 1873 2467 1943 τὴν
2501 1873 2666 1943 μηδὲν
2700 1873 2996 1943 ἀγεννήτου
3027 1872 3119 1925 καὶ
3145 1870 3413 1941 γεννητοῦ
3445 1870 3598 1940 μέσον
3620 1872 3729 1926 ὐπο-

2164 1962 2567 2033 λαμϐάνουσαν,
2592 1963 2791 2016 αὐτίκα
2822 1961 3127 2032 οἰχήσονταὶ
3152 1979 3233 2014 σοι
3269 1960 3411 2031 μετὰ
3435 1963 3531 2033 τῆς
3552 1963 3727 2032 σεμνῆς

2163 2058 2477 2127 διαιρέσεως
2528 2059 2576 2109 οξ
2611 2057 2827 2127 ἀδελφοὶ
2871 2056 2965 2109 καὶ
3006 2058 3053 2108 οἱ
3106 2056 3331 2120 υἱωνοὶ,
3383 2056 3568 2127 ὥσπερ
3602 2058 3725 2118 τινὸς

2163 2148 2364 2220 δεσμοῦ
2426 2147 2764 2202 πολυπλόκου
2822 2149 2921 2219 τῆς
2986 2147 3207 2219 πρώτης
3257 2148 3438 2218 ἀρχῆς
3493 2148 3725 2201 διαλυθεί-

2166 2259 2265 2312 σης
2310 2283 2327 2307 ,
2469 2241 2933 2307 συνδιαλυθὲιτες,
2977 2241 3069 2292 καὶ
3097 2242 3193 2311 τῆς
3225 2239 3511 2309 θεολογίας
3540 2241 3725 2311 ὑποχω-

2168 2336 2447 2406 ρήσαντες.
2485 2332 2594 2386 Ποῦ
2627 2334 2735 2405 γὰρ
2769 2334 2953 2405 θήσεις
2994 2333 3056 2387 τό
3095 2333 3452 2404 ὲκπορευτὸν,
3484 2334 3597 2386 είπέ
3627 2350 3721 2403 μοι,

2167 2426 2330 2496 μέσον
2371 2426 2641 2495 ἀναφανὲν
2680 2429 2778 2496 τῆς
2816 2427 2913 2496 σῆς
3098 2425 3444 2496 διαιρέσεως,
3486 2425 3576 2477 καὶ
3604 2424 3728 2494 παρὰ

2164 2516 2480 2586 κρείσσονος
2513 2515 2545 2586 ἢ
2578 2516 2719 2569 κατὰ
2752 2515 2811 2567 σὲ
2842 2514 3115 2583 θεολόγον,
3150 2513 3248 2566 τοῦ
3285 2515 3539 2584 Σωτῆρος
3568 2513 3723 2585 ἡμῶν,

2165 2606 2518 2677 εἰσαγόμενον
2565 2624 2579 2672 ;
2719 2605 2781 2658 Εἰ
2814 2607 2887 2676 μὴ
2917 2606 3014 2674 τὴν
3052 2604 3233 2675 φωνὴν
3266 2606 3483 2675 ἐκείνην
3508 2605 3606 2657 τῶν
3639 2604 3725 2656 σῶν

2165 2697 2364 2762 ἐξεῖλες
2400 2699 2769 2768 Εὑαγγελίων,
2806 2697 2893 2751 διὰ
2932 2699 3031 2767 τὴν
3080 2700 3273 2768 τρίτην
3328 2716 3422 2750 σου
3463 2698 3723 2766 Διαϐήκην,

2163 2790 2227 2843 τὸ
2263 2792 2505 2860 Πνεῦμα
2526 2792 2590 2844 τὸ
2614 2791 2802 2861 ἅγιον,
2829 2789 2858 2842 ὃ
2885 2791 3043 2858 παρὰ
3065 2788 3167 2843 τοῦ
3193 2790 3726 2855 Πατρὸςέχπσρεύε-

2143 2900 2285 2935 ται·
2324 2882 2351 2935 ὃ
2390 2882 2512 2936 καθ’
2555 2884 2677 2935 ὅσον
2722 2885 2819 2952 μὲν
2858 2880 3068 2935 ὲκεῖθεν
3108 2882 3506 2951 ἐκπορεύεται,
3546 2880 3600 2930 οὐ
3630 2878 3723 2930 x1!—

2165 2991 2309 3044 σμα·
2352 2973 2471 3028 καθ’
2515 2975 2636 3027 ὅσον
2663 2974 2717 3027 δὲ
2742 2976 2800 3026 οὐ
2838 2974 3114 3044 γεννητὸν,
3155 2974 3255 3042 οὐχ
3300 2972 3459 3034 Υἱός·
3493 2970 3604 3023 καθ’
3624 2972 3723 3021 ὅσον

2161 3066 2215 3119 δὲ
2234 3067 2527 3137 ἀγεννήτου
2554 3066 2649 3119 καὶ
2671 3066 2928 3136 γεννητοῦ
2951 3065 3133 3136 μέσον,
3157 3062 3291 3128 Θεός
3312 3106 3324 3118 .
3347 3063 3455 3117 Καὶ
3607 3055 3725 3112 οὕτω

3612 3151 3725 3213 Θεὸς

2164 3253 2507 3323 ἀναπέφηνε,
2552 3251 2660 3305 τῶν
2707 3252 2814 3306 σῶν
2861 3250 3177 3321 διαιρέσεων
3400 3245 3724 3318 ἰσχυρότερος.

2164 3346 2260 3409 Τίς
2289 3341 2381 3398 οὖν
2411 3347 2443 3415 ὴ
2481 3344 2844 3417 ὲκπόρευσις;
2882 3342 3018 3395 Εἰπὲ
3057 3343 3121 3395 σὺ
3162 3339 3260 3411 τὴν
3296 3336 3617 3408 ἀγεννησίαν
3648 3332 3725 3388 τοῦ

2166 3436 2399 3508 Πατρός,
2431 3435 2586 3504 κάγὼ
2611 3436 2709 3506 τὴν
2751 3434 3005 3502 γέννησιν
3041 3430 3135 3485 τοῦ
3178 3430 3309 3483 Υἱοῦ
3352 3427 3726 3499 φυσιολογήσω,

2167 3529 2259 3581 καὶ
2285 3528 2383 3598 τὴν
2408 3526 2730 3598 ὲκπόρευσιν
2760 3525 2853 3577 τοῦ
2885 3523 3223 3592 Πνεύματος,
3253 3521 3349 3573 καὶ
3384 3514 3727 3589 παραπληκτί-

2168 3636 2333 3689 σομεν
2499 3618 2671 3688 ἄμφω
2700 3618 2777 3679 είς
2797 3615 2933 3669 Θεοῦ
2970 3616 3242 3685 μυστήρια
3269 3610 3719 3701 παρακύπτοντες

2166 3710 2258 3761 καὶ
2290 3708 2463 3762 ταῦτα
2499 3707 2671 3769 τίνεςς
2704 3706 2765 3758 0i
2801 3703 2933 3775 μηδὲ
2976 3702 3041 3755 τὰ
3078 3703 3133 3754 ὲν
3166 3701 3324 3754 ποσὶν
3347 3697 3563 3753 ἐἰδέναι
3591 3697 3727 3750 δυνά·

2169 3817 2339 3870 μενοι,
2379 3799 2512 3870 μηδὲ
2542 3798 2768 3869 ψάμμον
2808 3795 3117 3856 θαλασσῶν,
3149 3795 3242 3847 καὶ
3276 3794 3539 3861 σταγόνας
3568 3788 3721 3850 ὑετοῦ,

2166 3892 2259 3944 καὶ
2291 3890 2505 3962 ἡμέρας
2544 3890 2739 3953 αἰῶνος
2786 3886 3215 3958 ἐξαριθμεῖσθαι,
3255 3886 3331 3955 μὴ
3383 3886 3464 3938 ὅτι
3507 3901 3566 3952 γε
3609 3878 3723 3933 Θεοῦ

2167 3982 2387 4052 βάθεσιν
2434 3983 2786 4053 ἐμϐατεύειν,
2834 3983 2929 4035 καὶ
2975 3984 3131 4051 λόγον
3168 3982 3392 4051 ὑπέχειν
3443 3980 3539 4049 τῆς
3578 3977 3725 4038 οὕτως

2164 4077 2407 4146 ἀρρήτου
2448 4076 2539 4129 καὶ
2564 4076 2703 4148 ὑπὲρ
2738 4077 2895 4145 λόγον
2922 4074 3155 4143 φύσεως.

521 4178 799 4237 gultas,et
822 4169 938 4221 dies
969 4166 1153 4222 smculi
1185 4181 1505 4220 enumerare
1542 4181 1851 4235 possumus.
1901 4167 2098 4221 nedum
2150 4168 2205 4223 in
2249 4166 2344 4222 Dei
2387 4165 2651 4237 profunda
2676 4177 2980 4239 penetrare,
3028 4168 3345 4235 naturaeque
3375 4170 3509 4222 adeo
3531 4180 3732 4227 arcanaa,

523 4271 683 4330 atque
706 4278 918 4315 omnem
954 4262 1179 4314 rationis
1220 4260 1526 4315 facultatem
1563 4278 1732 4331 usque
1770 4264 1905 4315 adeo
1928 4264 2236 4332 superantis
2266 4265 2502 4318 rationes
2524 4264 2768 4320 reddere.

1020 4397 1099 4450 Ex
1118 4399 1296 4451 eadem
1328 4404 1586 4455 oratione.

594 4534 732 4601 Quid
772 4553 901 4605 ergo
936 4548 1038 4601 est,
1072 4536 1347 4603 inquiunt,
1384 4541 1525 4605 quod
1559 4540 1786 4609 Spiritui
1824 4542 1995 4607 deest,
2022 4541 2089 4596 ad
2122 4548 2165 4603 Ι)

526 4630 629 4684 hoc
655 4640 711 4684 ut
741 4632 811 4683 sit
840 4630 1049 4686 Filius?
1075 4632 1188 4686 Nisi
1220 4650 1367 4687 eunn
1410 4635 1611 4703 aliquid
1646 4636 1885 4697 deesset,
1912 4634 2086 4692 Filius

524 4732 689 4778 esset.
710 4722 1329 4780 Decssenihildicimus.
1350 4723 1463 4778 Non
1487 4727 1632 4779 enim
1660 4725 1768 4780 Deo
1796 4727 2088 4795 quidquam

523 4816 695 4869 deest.
732 4815 928 4870 Verum
971 4818 1455 4880 manifestationis,
1507 4828 1565 4873 ut
1599 4819 1669 4873 ita
1697 4820 1897 4886 dicam,
1970 4838 2089 4875 mu-

527 4917 741 4973 tuaeque
757 4924 943 4961 eorum
963 4910 1243 4962 relationis
1260 4911 1592 4974 differentia,
1626 4912 1843 4965 diversa
1875 4929 2091 4981 quoque

526 5000 657 5067 ipsis
692 5003 910 5054 nomina
940 5003 1269 5068 procreavit.
1306 5003 1496 5072 Neque
1527 5005 1674 5059 enim
1706 5004 1848 5059 Filio
1881 5006 2086 5073 aliquid

524 5094 695 5149 deest.
755 5092 822 5143 ad
852 5093 951 5144 hoc
983 5101 1040 5144 ut
1068 5093 1137 5145 sit
1168 5094 1325 5147 l’aler
1352 5094 1474 5155 (nec
1502 5096 1678 5166 enim,
1702 5096 1950 5150 defectus
2012 5104 2097 5150 est

532 5181 763 5247 tiliatio),
797 5197 897 5236 nec
926 5193 1213 5252 propterea
1241 5194 1419 5240 tamen
1456 5186 1613 5241 Pater
1640 5199 1740 5242 est.
1775 5187 2096 5257 Alioquiea-

527 5274 647 5325 dem
680 5273 888 5326 ratione
908 5273 1053 5327 Patri
1073 5275 1279 5345 aliquid
1300 5276 1494 5339 deerit,
1517 5278 1583 5331 ad
1609 5279 1711 5332 hoc
1733 5288 1791 5332 ut
1808 5281 1878 5333 sit
1896 5279 2089 5335 Filius.

527 5364 637 5418 Nec
666 5366 810 5419 enim
835 5367 993 5421 Pater
1008 5367 1177 5423 Filius
1208 5378 1311 5424 est.
1338 5368 1442 5424 Sed
1470 5371 1582 5424 haec
1605 5372 1878 5426 defectum
1906 5374 2092 5437 procul

524 5454 693 5510 dubio
725 5459 1091 5529 undequaque
1126 5476 1233 5515 non
1267 5470 1524 5530 arguunt,
1558 5476 1657 5516 nec
1690 5464 1942 5518 essentia:
1965 5466 2091 5518 sub-

530 5547 842 5605 missionem
871 5568 884 5606 :
927 5551 1057 5621 quin
1095 5553 1276 5621 potius
1296 5567 1363 5606 ex
1397 5552 1487 5607 bis
1518 5554 1736 5607 verbis:
1773 5553 1923 5619 Quod
1954 5558 2096 5625 geni-

533 5651 618 5692 tus
650 5658 756 5696 non
785 5645 874 5709 sit,
898 5656 953 5700 et
980 5646 1119 5715 quod
1158 5646 1390 5716 genitus,
1420 5655 1474 5701 et
1503 5647 1641 5715 quod
1690 5646 1954 5714 procedat,
1996 5648 2096 5703 hoc

607 5826 619 5852 ³
652 5822 809 5876 Joau‘.
849 5841 932 5890 xv,
959 5826 1053 5878 ‘26.

2641 4398 2742 4453 Ἐκ
2776 4397 2879 4452 τοῦ
2913 4398 3096 4452 αὐτοῦ
3129 4402 3337 4467 λόγου.

2269 4525 2334 4577 Τί
2390 4520 2483 4577 οὖν
2544 4527 2683 4587 ἐστι,
2749 4527 2933 4594 φησιν,
2987 4527 3015 4581 ὃ
3072 4529 3254 4582 λείπει
3323 4529 3401 4600 τῷ
3461 4529 3735 4599 Πνεύματι,

2198 4616 2331 4685 πρὸς
2381 4616 2440 4667 τὸ
2496 4611 2637 4670 εἶναι
2694 4617 2864 4683 Υίὸνς
2929 4619 2987 4671 Ei
3039 4622 3147 4690 γὰρ
3181 4622 3253 4691 μὴ
3307 4621 3496 4676 λεῖπόν
3560 4639 3609 4674 τι
3660 4616 3734 4687 ἦν,

2202 4706 2329 4769 Υἱὸς
2364 4706 2430 4759 ἂν
2475 4702 2563 4777 ἦν.
2617 4710 2689 4762 Οὐ
2723 4708 2933 4763 λείπειν
2994 4713 3195 4782 φαμέν·
3256 4714 3379 4767 οὐδὲ
3434 4715 3539 4784 γὰρ
3594 4714 3739 4764 ἐλλει-

2200 4802 2305 4870 πὴς
2372 4802 2525 4865 Θεός·
2569 4800 2631 4854 τὸ
2691 4803 2747 4854 δὲ
2810 4804 2911 4872 τῆς
2987 4805 3327 4873 ἑκφεὶνσεως,
3390 4808 3650 4868 ἴν⁹οὖτως
3675 4806 3740 4858 εί-

2202 4912 2309 4958 πω,
2339 4895 2370 4963 ἢ
2408 4896 2507 4964 τῆς
2538 4896 2674 4964 πρὸς
2708 4897 2915 4967 ἄλληλα
2945 4899 3182 4968 σχέσεως
3203 4900 3482 4971 διάφορον,
3507 4901 3734 4969 διάφορον

2202 4988 2380 5041 αὐτῶν
2426 4989 2515 5041 καὶ
2550 4990 2645 5057 τὴν
2681 4989 2873 5056 κλῆσιν
2899 4992 3223 5057 πεποίηκεν.
3266 4993 3402 5047 Οὐδὲ
3434 4994 3621 5063 γὰρτῷ
3647 4989 3738 5060 Υἱῴ

2197 5080 2448 5133 λείπειτι
2510 5082 2644 5152 πρὸς
2690 5083 2748 5134 τὸ
2801 5081 2943 5136 εἶναι
2981 5086 3200 5153 Πατέρα
3260 5086 3400 5157 (οὐδὲ
3463 5089 3566 5155 γὰρ
3590 5085 3739 5136 ἔλλει-

2194 5174 2285 5242 ψις
2318 5177 2349 5244 ή
2392 5174 2624 5244 υίότης),
2656 5176 2770 5228 ἀλλ’
2799 5176 2859 5227 οὐ
2901 5180 3053 5246 παρὰ
3082 5178 3238 5230 τοῦτο
3281 5181 3489 5248 Πατήρ.
3527 5179 3589 5230 Ἣ
3619 5176 3738 5228 οὕτω

2196 5285 2258 5335 γε
2303 5270 2396 5321 καὶ
2453 5269 2531 5339 τῷ
2574 5269 2754 5337 Πατρὶ
2801 5269 2977 5322 λείπει
3014 5286 3067 5322 τι
3125 5270 3263 5339 πρὸς
3326 5272 3386 5323 τὸ
3440 5267 3571 5323 εἶναι
3612 5267 3737 5318 Υίόνο

2193 5363 2253 5413 οὐ
2279 5361 2391 5430 γὰρ
2435 5362 2562 5425 Υίδς
2611 5362 2640 5414 ὀ
2678 5362 2895 5432 Πατήρ.
2933 5362 3074 5416 Ἀλλ’
3098 5364 3197 5415 οὐκ
3250 5362 3534 5431 ἐλλείψεως
3587 5355 3735 5412 ταῦτά

2203 5457 2392 5520 ποθεν,
2425 5456 2545 5509 οὐδὲ
2568 5456 2666 5526 τῆς
2691 5458 2836 5510 κατὰ
2874 5456 2972 5524 τὴν
3004 5456 3197 5510 οὐσίαν
3231 5459 3497 5524 ὑφέσεωςο
3549 5451 3731 5507 αὑτὸδὲ

2198 5551 2278 5614 τὸ,
2306 5550 2399 5615 Μὴ
2438 5547 2821 5618 γεγενῆσθαι,
2871 5550 2963 5601 καὶ
3022 5550 3083 5601 τὸ
3128 5548 3504 5619 γεγενῆσθαι,
3558 5547 3641 5599 καὶ
3687 5542 3732 5594 τὸ

2198 5645 2654 5714 ἐκπορεύεσθαι,
2707 5646 2796 5699 τὸν
2832 5646 2930 5717 μὲν
2983 5647 3220 5716 Πατέρα,
3284 5647 3369 5702 τὸν
3398 5647 3451 5699 δὲ
3504 5644 3639 5707 Υίὸν,
3683 5638 3731 5689 τδ
