3968 6552
251 401 365 468 825
1210 409 1582 470 PANOPLIA
1623 410 1848 471 DOGlli

1942 413 2076 473 lCA.
2114 437 2179 448 -·-
2220 414 2366 476 ΤιΤ.
2407 416 2547 478 XII.
3391 424 3496 488 826

254 543 315 594 δὲ
376 578 390 598 .
529 536 674 591 τοῦθ’
717 538 854 608 ὅπερ
885 539 1139 605 λεγεται,
1180 535 1402 604 Πνεῦμα
1455 535 1610 603 ἆγιον
1659 549 1824 605 προσ-

1932 546 2149 600 ﬂectunt
2183 557 2285 612 est,
2313 559 2376 602 ut
2404 549 2540 606 alius
2573 549 2750 618 Pater,
2793 551 2930 605 alius
2972 549 3160 616 Filius,
3191 551 3330 608 alius
3372 551 3498 617 Spi-

249 629 572 699 ηγὸρευσεν,
595 627 680 680 ἵνα
706 626 766 678 τὸ
785 625 1088 695 ἀσύγχυτον
1113 622 1350 693 σώζηται
1375 622 1484 676 τῶν
1510 623 1676 695 τριῶν
1707 623 1830 676 ὑπο-

1932 639 2048 692 'itus
2070 650 2290 692 sanctus
2326 639 2641 706 appelletur,
2673 651 2834 709 atque
2886 642 2957 694 ita
2995 641 3280 696 inconfusa
3325 646 3490 697 trium

253 721 499 774 στάσεων
529 720 586 771 ὲν
615 720 679 788 τῇ
719 719 819 788 μιᾷ
848 717 1008 787 φύσει
1035 735 1094 770 τε
1128 714 1373 786 καὶιάξίᾳ
1415 715 1516 785 τῆς
1555 714 1826 784 Θεότητος.

1932 743 2258 783 .crsonarutn
2289 729 2566 784 distinctio
2601 731 2654 785 in
2707 747 2811 785 una
2858 733 3155 788 divinitatis
3200 745 3390 788 natura
3441 748 3494 788 et

255 810 396 864 Οὔτε
427 810 535 881 γὰρ
561 811 589 862 ὁ
617 809 744 870 Υἱὸς
776 811 964 880 Πατὴρ
991 804 1094 880 (εἷς
1127 808 1236 877 γάρ
1272 805 1506 877 Πατὴρ),
1549 805 1662 858 ἀλλ’
1693 806 1830 874 ὅπερ

1932 821 2164 888 liguitate
2192 830 2562 874 conservetur.
2594 819 2775 890 Neque
2801 824 2944 876 enim
2979 824 3146 878 Filius
3187 833 3276 878 est
3334 824 3496 878 Pater

252 905 281 954 ὁ
312 903 500 972 Πατήρ
519 919 532 932 ο
565 899 688 955 οὔτε
715 901 775 952 τὸ
803 900 1028 971 Πνεῦμα
1055 900 1179 963 Υἱὸς
1216 940 1232 964 ,
1361 899 1442 952 ὅτι
1474 898 1540 950 ὲκ
1566 895 1658 950 τοῦ
1693 893 1830 949 Θεοῦ

1940 926 2074 963 IIIIUS
2097 913 2236 965 enim
2267 920 2347 964 est
2378 910 2593 982 Pater),
2641 915 2733 966 sed
2767 923 2848 967 est
2888 914 2937 967 id
2980 916 3119 982 quod
3165 914 3326 968 Pater
3355 933 3367 968 :
3397 931 3494 970 nec

257 988 364 1056 ¹εἷς
409 994 516 1064 γάρ
562 996 590 1046 ὁ
629 994 992 1064 Μονογενὴς),
1038 992 1152 1045 ἀλλ’
1199 992 1336 1062 ὅπερ
1380 993 1410 1044 ὁ
1456 989 1610 1052 Υἱόςο
1658 988 1714 1041 ἓν
1763 988 1830 1041 τὰ

253 1086 385 1156 τρία
415 1088 480 1155 τῇ
517 1084 751 1155 Θεότητι,
785 1084 961 1138 καὶτὸ
1005 1084 1062 1136 ἓν
1102 1084 1227 1155 τρία
1251 1085 1371 1145 ταῖς
1413 1081 1696 1151 ἰδιότησιν·
1744 1079 1830 1132 ἴνα

257 1177 401 1246 μήτε
427 1175 486 1228 τὸ
517 1174 574 1226 ἓν
609 1175 896 1228 Σαϐέλλιον
921 1171 976 1249 ᾗ,
1018 1174 1154 1246 μήτε
1189 1173 1255 1226 τὰ
1290 1173 1416 1245 τρία
1452 1172 1553 1242 τῆς
1589 1169 1830 1239 πονηρᾶς

253 1266 353 1320 νῦν
525 1267 856 1338 διαιρέσεως.

431 1538 496 1590 Τί
531 1532 652 1601 οὗν;
701 1535 832 1598 Θεὸς
876 1534 936 1588 τὸ
983 1535 1238 1607 Πνεῦμα;
1287 1533 1436 1588 Πάνυ
1484 1549 1569 1602 γε.
1610 1531 1675 1584 Τί
1717 1525 1837 1596 οὖν,

1907 1003 2141 1070 Spiritus
2180 1010 2260 1057 est
2305 1001 2494 1066 Filius,
2551 1004 2672 1070 quia
2719 1019 2784 1057 ex
2821 1003 2928 1057 Deo
2975 1014 3057 1057 est
3118 1004 3293 1075 (unus
3351 1005 3492 1058 enim

1907 1092 2304 1164 Unigenitus),
2357 1097 2450 1149 sed
2507 1106 2587 1149 est
2628 1096 2677 1148 id
2735 1097 2875 1163 quod
2923 1095 3090 1149 Filius
3139 1115 3152 1149 :
3207 1098 3306 1151 tria
3378 1096 3496 1150 haec

1908 1204 2091 1250 unum,
2123 1188 2164 1240 si
2191 1184 2523 1240 divinitatem
2744 1197 2983 1256 spectes,
3014 1199 3065 1241 et
3095 1205 3256 1240 untnn
3294 1189 3416 1253 tria,
3449 1188 3492 1242 si

1909 1281 2298 1349 proprietatum
2327 1281 2585 1334 rationem
2628 1279 2858 1345 habeas;
2893 1290 2949 1333 ut
2979 1294 3075 1332 nec
3109 1295 3272 1332 unum
3309 1279 3496 1333 Sabel-

1907 1371 1979 1426 lio
2007 1372 2199 1435 faveat,
2256 1385 2354 1424 nec
2403 1371 2504 1423 tria
2582 1371 2850 1439 pestiferae
2897 1372 3186 1433 divisioai,
3223 1386 3340 1438 qua:
3399 1372 3497 1424 bac

1910 1475 2226 1534 tempestate
2249 1465 2410 1534 viget.

2075 1558 2212 1624 Quid
2239 1559 2405 1626 ergo?
2428 1555 2662 1623 Spiritus
2690 1566 2910 1609 sanctus
2932 1563 3014 1608 est
3045 1554 3220 1608 Deus?
3243 1553 3493 1607 Maxime.

257 1630 578 1700 ὁμοούσιον;
611 1628 782 1698 Εἴπερ
817 1627 969 1690 Θεός.
1013 1628 1111 1690 Δὸς
1151 1623 1243 1680 οὖν
1279 1643 1388 1697 μοι,
1421 1625 1604 1694 φησὶν,
1643 1625 1707 1676 ὲκ
1741 1620 1834 1675 τοῦ

1932 1648 2387 1707 Iousubstantialis
2445 1647 2644 1716 igitur?
2709 1645 2972 1707 Prorsus,
3016 1645 3283 1712 siquidem
3331 1643 3492 1696 Deus.

259 1722 454 1783 αὑτοῦ,
487 1722 546 1774 τὺ
595 1720 692 1790 μὲν
733 1719 879 1784 Υἱὸν,
922 1719 984 1770 τὸ
1015 1719 1070 1771 δὲ
1099 1720 1195 1790 οὐχ
1231 1719 1378 1784 Υἱὸν,
1413 1713 1530 1770 εἶτα
1554 1714 1832 1787 ὁμοούσια,

1932 1747 1984 1799 )a
2015 1745 2178 1814 igitur
2210 1743 2362 1806 mibi,
2400 1739 2598 1809 inquis,
2629 1755 2693 1792 ex
2723 1738 2906 1792 eodem
2938 1727 3079 1790 aliud
3111 1751 3230 1790 esse
3275 1733 3494 1798 Filium,

261 1814 357 1867 καὶ
404 1815 630 1883 δέχομαι
827 1810 979 1874 Θεὸν,
1021 1811 1114 1864 καὶ
1155 1812 1306 1864 Θεόν.
1353 1811 1452 1873 Δός
1500 1827 1590 1881 μοι
1636 1809 1727 1862 καὶ
1773 1810 1835 1862 σὺ

1932 1809 2061 1888 tliud
2086 1875 2100 1898 ,
2131 1833 2273 1902 quod
2312 1830 2480 1885 Filius
2521 1845 2625 1882 non
2654 1829 2744 1892 sit,
2772 1836 2827 1880 et
2866 1834 3044 1880 tamen
3095 1825 3335 1893 ejusdem
3373 1841 3494 1878 cum

257 1905 420 1958 ἄλλον
447 1904 597 1965 Θεὸν,
631 1903 724 1955 καὶ
761 1901 920 1968 φύσιν
955 1900 1110 1968 Θεοῦ,
1145 1902 1240 1954 καὶ
1284 1900 1438 1953 δώσω
1625 1917 1707 1952 σοι
1741 1899 1837 1968 τὴν

1935 1929 2000 1982 llo
2030 1899 2363 1993 substantizr,
2405 1941 2465 1977 ac
2497 1923 2685 1986 Deum,
2721 1931 2773 1975 et
2804 1921 2968 1974 Deum
3001 1921 3301 1974 admittam.
3338 1919 3407 1972 Da
3437 1929 3490 1972 ttt

257 1998 432 2069 αὐτὴν
475 1995 680 2068 Τριάδα
736 1993 872 2065 μετὰ
923 1993 1031 2046 τῶν
1081 1995 1259 2047 αὐτῶν
1314 1994 1595 2065 ὀνομάτων
1647 2011 1704 2046 τε
1749 1993 1840 2044 καὶ

1932 2033 2124 2086 pioque
2151 2016 2280 2070 mihi
2311 2017 2473 2069 Deum
2505 2013 2689 2073 alium,
2743 2011 2940 2079 Deique
2988 2021 3258 2071 naturam,
3296 2018 3348 2063 et
3397 2010 3489 2064 tibi

258 2089 630 2161 πραγμάτων.
663 2089 724 2140 Εἰ
765 2086 819 2138 δὲ
860 2081 939 2147 εἷς
972 2087 999 2137 ὁ
1029 2084 1161 2148 Θεός
1191 2103 1249 2138 τε
1279 2086 1372 2139 καὶ
1553 2085 1648 2154 μία
1682 2083 1842 2151 φύσις

259 2184 295 2252 ἡ
335 2180 623 2241 ἀνωτάτω,
653 2175 816 2230 πόθεν
850 2175 1180 2245 παραστήσω
1212 2192 1292 2227 σοι
1318 2174 1415 2242 τὴν
1449 2175 1740 2244 ὁμοίωσινξ
1773 2173 1842 2224 Ἢ

261 2271 452 2339 ζητεῖς
558 2289 561 2291 ·
648 2266 808 2318 πάλιν
854 2266 917 2316 ὲκ
953 2263 1062 2316 τῶν
1103 2264 1254 2317 κάτω
1300 2263 1394 2316 καὶ
1437 2264 1543 2316 τῶν
1576 2264 1703 2331 περὶ
1748 2262 1839 2323 σέ;

261 2363 403 2416 Λίαν
457 2360 552 2431 μὲν
601 2357 846 2429 αἰσχρὸν,
895 2356 990 2409 καὶ
1044 2355 1144 2408 οὐκ
1200 2355 1424 2426 αἰσχρὸν
1480 2353 1659 2425 μόνον,
1711 2353 1848 2407 ἀλλὰ

263 2454 362 2507 καὶ
407 2453 632 2522 μάταιον
677 2447 959 2514 ἐπιεικῶς,
1001 2449 1066 2500 ὲκ
1119 2447 1226 2500 τῶν
1269 2447 1418 2500 κάτω
1451 2445 1556 2499 τῶν
1591 2443 1700 2498 ἄνω
1747 2445 1845 2515 τὴν

263 2545 520 2598 εἰκασίαν
562 2541 878 2613 λαμϐάνειν,
908 2541 1002 2594 καὶ
1026 2539 1132 2592 τῶν
1183 2539 1451 2607 ἀκινήτων
1491 2537 1554 2589 ὲκ
1585 2535 1685 2606 τῆς
1722 2537 1845 2606 ρευ-

269 2637 409 2704 στῆς
463 2631 698 2700 φύσεως,
753 2628 884 2694 καὶ,
933 2629 960 2680 ὃ
996 2644 1161 2698 φησιν
1203 2628 1450 2690 Ἡσαΐας,
1502 2624 1847 2696 ὲκζητεῖσθαι

267 2724 336 2776 τὰ
384 2722 567 2786 ζῶντα
762 2721 819 2772 ἐν
849 2723 961 2782 τοῖς
1009 2721 1240 2790 νεκροῖς.
1271 2720 1456 2788 Ὅμως
1485 2718 1539 2770 δὲ
1591 2717 1848 2788 πειράσο-

274 2831 398 2883 μαι,
433 2811 530 2882 σὴν
563 2811 742 2882 χάριν,
777 2809 1069 2862 κάντεῦθεν
1094 2808 1272 2861 δοῦναί
1305 2826 1427 2862 τινα
1458 2809 1534 2879 τῷ
1703 2809 1846 2875 λόγῳ

273 2903 548 2974 βοήθειαν.
608 2902 686 2955 Τὰ
750 2901 847 2972 μὲν
893 2896 984 2953 οὖν
1031 2900 1166 2954 ἄλλα
1223 2901 1489 2970 παρήσειν
1548 2918 1636 2969 μοι
1684 2899 1846 2965 δοκῶ,

274 2995 450 3047 πολλὰ
484 2995 549 3046 ἂν
598 2992 734 3062 έχων
772 2993 836 3045 ὲκ
883 2994 979 3062 τῆς
1010 2993 1139 3062 περὶ
1193 2990 1345 3056 ζώων
1383 2991 1620 3063 ἱστορίας
1649 2994 1848 3056 εἰπεῖν,

272 3085 344 3139 τὰ
383 3087 480 3157 μὲν
524 3086 654 3154 ἡμῖν
684 3083 955 3157 γνώριμα,
997 3083 1066 3136 τὰ
1107 3084 1163 3136 δὲ
1193 3085 1302 3145 τοῖς
1332 3082 1558 3150 ὀλίγοις·
1593 3084 1692 3136 ὅσα
1726 3082 1851 3154 περὶ

273 3178 378 3240 τὰς
433 3177 538 3228 τῶν
591 3174 744 3238 ζώων
797 3175 1039 3241 γενέσεις
1071 3176 1105 3244 ἡ
1161 3173 1321 3242 φύσις
1378 3173 1846 3244 ἐφιλοτεχνήσατο.

1913 2112 2154 2164 eamdem
2189 2106 2510 2160 Trinitatem
2537 2117 2656 2156 cum
2693 2100 2882 2154 iisdeui
2915 2100 3225 2152 n0minibus
3249 2114 3310 2152 ac
3335 2099 3495 2152 rebus

1914 2204 2074 2257 dabo.
2101 2202 2232 2255 Cum
2274 2212 2400 2251 vero
2432 2197 2569 2250 Deus
2591 2209 2752 2258 unus,
2779 2203 2937 2262 atque
2972 2207 3074 2245 una
3111 2205 3362 2259 suprema
3395 2204 3492 2242 na-

1915 2305 2033 2350 tura
2062 2294 2150 2354 sit,
2179 2290 2320 2343 unde
2371 2286 2582 2341 tandem
2616 2285 3022 2339 similitudinem
3052 2281 3143 2335 tibi
3191 2295 3486 2350 repracsen-

1919 2384 2191 2440 tabo?An
2247 2394 2432 2435 rursus
2484 2376 2724 2446 postulas
2771 2390 2836 2429 ex
2881 2373 3111 2427 terrenis
3147 2381 3200 2426 et
3251 2370 3499 2426 immanis

1915 2493 2032 2534 earn
2059 2473 2215 2530 duci?
2239 2471 2404 2526 Valde
2426 2467 2666 2538 profecto
2696 2475 2850 2536 turpe
2880 2475 2982 2528 est,
3014 2480 3110 2519 nec
3139 2473 3292 2533 turpe
3319 2463 3496 2529 modo,

1917 2570 2010 2625 sed
2045 2567 2206 2621 etiam
2230 2564 2384 2617 valde
2407 2561 2630 2616 stultum
2673 2567 2728 2614 et
2757 2559 2936 2619 inane,
2967 2571 3033 2609 ex
3089 2555 3382 2608 humilibus
3415 2568 3502 2606 rc-

1920 2663 2039 2723 bus,
2069 2669 2383 2727 superarum
2417 2649 2822 2717 etelestiumque
2867 2645 3213 2700 simulacrum
3263 2656 3497 2706 sumere,

1920 2731 2207 2818 rerumque
2239 2755 2505 2800 certarum
2536 2752 2696 2809 atque
2719 2734 3081 2790 conslantium
3117 2747 3182 2786 ex
3213 2731 3352 2783 ﬂttxa
3389 2731 3500 2782 l‘ra-

1921 2843 2123 2915 gilique
2156 2847 2370 2898 natura,
2395 2833 2643 2902 quodque
2691 2828 2854 2882 lsaias
2892 2827 2967 2879 ait
3004 2822 3236 2877 viventia
3276 2824 3326 2874 in
3360 2835 3504 2915 utor-

1921 2912 2024 2990 tttis
2041 2931 2315 3000 requirere
2360 2924 2395 2978 ¹.
2412 2923 2473 2977 Ει
2490 2933 2664 2976 tamen
2687 2919 2922 2980 adnitar,
2944 2914 3158 2984 quando
3179 2914 3252 2965 ita
3276 2912 3504 2975 vis,binc

1919 2998 2134 3096 quoque
2180 3014 2486 3073 nonnullam
2545 3008 2774 3065 orationi
2832 3016 3028 3058 nostra:
3082 3015 3238 3068 opem
3273 2998 3502 3096 ‘all‘erre.

1920 3089 2094 3184 Atque
2118 3111 2220 3165 alia
2254 3108 2469 3178 quidem
2521 3096 2974 3172 prmtcrmittenda
3003 3095 3156 3155 duro,
3187 3091 3285 3144 etsi
3341 3089 3504 3142 multa

1921 3210 1987 3261 de
2017 3201 2329 3260 animalium
2369 3194 2593 3251 historia
2649 3201 3077 3244 commemorare
3109 3199 3324 3252 queam,
3385 3197 3507 3249 par-

273 3267 576 3321 Γεννᾶσοαι
609 3266 715 3336 γὰρ
748 3265 984 3333 λέγεται-,
1021 3266 1120 3318 οὐκ
1159 3267 1223 3317 ἐκ
1255 3265 1364 3318 τῶν
1409 3265 1584 3318 αὐτῶν
1615 3265 1680 3318 τὰ
1715 3265 1848 3318 αὺτὰ

1932 3301 2020 3353 tim
2060 3296 2214 3350 nobis
2265 3300 2411 3351 nota,
2443 3284 2633 3355 partim
2687 3279 2871 3350 paucis
2919 3278 3156 3345 cognita,
3192 3291 3308 3342 quae
3363 3273 3504 3326 circa

1353 3355 1486 3424 ἀλλὰ
1518 3357 1610 3408 καὶ
1655 3356 1714 3421 ἐξ
1743 3355 1855 3408 ἐτέ-

1777 3460 1854 3510 τῳ

275 3362 462 3432 μόνον,
506 3359 622 3411 οὐδὲ
652 3357 712 3423 ἐξ
756 3358 955 3426 ἑτέρων
984 3359 1150 3427 ἕτερα
1187 3392 1204 3417 ,

273 3470 389 3524 ρων
418 3450 485 3504 τὰ
519 3449 676 3514 αὐτὰ,
705 3449 797 3502 καὶ
824 3451 888 3502 ὲκ
918 3447 1024 3502 τῶν
1047 3448 1224 3501 αὐτῶν
1253 3447 1433 3517 ἕτερα.
1460 3448 1520 3499 Et
1544 3446 1600 3500 δέ

276 3543 474 3606 πιστὸς
503 3543 531 3594 ό
573 3543 751 3612 λόγος,
787 3544 880 3594 καὶ
918 3541 1073 3604 ἄλλος
1109 3541 1224 3592 ἐστὶ
1272 3539 1472 3610 τρόπος
1526 3540 1851 3610 γεννήσεως,

276 3635 416 3688 αὐτό
455 3652 506 3687 τι
557 3635 646 3702 ὑφ’
685 3633 877 3687 ἑαυτοῦ
928 3630 1316 3702 δαπανώμενον
1364 3633 1458 3684 καὶ
1517 3631 1851 3702 τικτόμενον.

280 3727 444 3779 Ἔστι
476 3725 533 3778 δὲ
585 3724 619 3778 'a‘t
652 3725 746 3778 καὶ
797 3722 1074 3788 ἐξίσταται
1135 3739 1252 3786 πως
1306 3720 1534 3786 ἑαυτῶν,
1584 3720 1644 3786 ἐξ
1679 3721 1855 3774 ἄλλων

276 3817 442 3884 ζώων
472 3818 548 3879 εἰς
577 3816 710 3869 ἄλλα
760 3813 1130 3885 μεθιστάμενά
1158 3830 1215 3866 τε
1259 3813 1353 3865 καὶ
1396 3812 1852 3883 μεταποιούμενα,

205 3941 213 3945 -
277 3907 564 3978 φιλοτιμίᾳ
608 3905 840 3977 φύσεως.
874 3905 1012 3974 Ἤδη
1056 3904 1112 3957 δὲ
1153 3906 1244 3956 καὶ
1290 3901 1382 3956 τοῦ
1429 3901 1614 3966 αὐτοῦ,
1656 3903 1716 3955 τὸ
1758 3901 1854 3972 μὲν

273 3999 334 4050 οὐ
384 3998 648 4067 γέννημα,
678 3996 739 4048 τὸ
778 3995 834 4047 δὲ
873 3993 1136 4064 γέννημα,
1181 3993 1320 4062 πλὴν
1371 3993 1662 4062 όμοούσιαο
1695 3992 1722 4044 ὃ
1762 3994 1856 4046 καὶ

273 4089 352 4159 τῷ
401 4090 629 4160 παρόντι
662 4104 780 4150 πως
823 4086 1021 4157 μᾶλλον
1063 4084 1399 4155 προσέοικεν.
1435 4085 1531 4137 Ἕν
1571 4085 1627 4137 δέ
1661 4102 1711 4137 τι
1747 4084 1855 4137 τῶν

274 4180 565 4250 ἡμετέρων
611 4177 800 4243 εἰπὼν,
840 4177 869 4230 ὃ
897 4178 990 4231 καὶ
1039 4179 1172 4230 πᾶσι
1217 4174 1510 4246 γνώριμον,
1555 4177 1636 4242 ἐφ’
1672 4176 1854 4244 ἕτερον

278 4273 665 4343 μεταϐήσομαι
693 4270 868 4339 λόγον.
907 4330 913 4339 ι

1925 3387 2280 3446 animantium
2305 3389 2456 3435 ortus
2501 3391 2564 3430 ac
2610 3372 2988 3442 generationes
3029 3377 3218 3420 natura
3257 3368 3391 3418 miro
3428 3380 3508 3416 ar-

1931 3481 2094 3538 titlcio
2141 3475 2325 3531 edidit.
2363 3469 2517 3535 Gigni
2549 3465 2748 3521 etenim
2784 3462 3062 3523 dicuntur,
3109 3472 3212 3510 non
3247 3457 3403 3508 modo
3439 3467 3505 3506 ex

1927 3572 2112 3628 iisdem
2145 3567 2354 3626 eadem,
2396 3570 2557 3628 atque
2579 3573 2643 3610 ex
2671 3553 2896 3608 diversis
2953 3551 3198 3613 diversa;
3223 3547 3315 3600 sed
3344 3546 3503 3597 etiam

1925 3664 2109 3720 eadem
2139 3673 2205 3714 ex
2239 3652 2489 3714 diversis,
2539 3663 2602 3701 ac
2643 3647 2850 3699 diversa
2901 3657 2968 3696 ex
3027 3639 3236 3692 iisdem.
3278 3633 3427 3700 Quod
3459 3631 3503 3685 si

1927 3756 2088 3812 etiam
2122 3749 2370 3816 cuiquam
2405 3743 2562 3796 (idem
2602 3736 2729 3790 facit
2766 3733 2853 3788 bic
2899 3743 3098 3790 sermo,
3132 3726 3267 3780 alius
3300 3734 3381 3778 est
3414 3738 3501 3792 ge-

1935 3835 2469 3901 nerationis-modus,
2500 3839 2557 3885 ut
2604 3827 2742 3882 idem
2774 3821 2973 3878 animal
3007 3836 3037 3873 a
3069 3819 3246 3885 seipso
3301 3830 3504 3869 const

1936 3940 2111 3986 matur
2140 3936 2193 3980 et
2218 3930 2549 3994 procreetur.
2576 3915 2713 3970 Sunt
2733 3914 2897 3967 etiam
2923 3925 3066 3978 qum,
3094 3908 3237 3960 velut
3271 3904 3503 3974 quadam

1932 4033 2134 4074 naturae
2170 4011 2588 4084 magniﬁcentia,
2637 4023 2667 4061 a
2732 4007 2922 4074 seipsis
2970 4004 3365 4073 quodammodo
3416 4003 3508 4056 de-

1934 4130 1960 4168 s
1998 4115 2191 4174 iscant,
2221 4116 2470 4176 atque-ex
2501 4101 2621 4155 aliis
2651 4098 2972 4153 animalibus
2999 4097 3050 4150 in
3092 4095 3191 4149 alia
3227 4104 3502 4149 transeant

1935 4218 2094 4274 atque
2124 4205 2494 4255 inttnutentur.
2521 4191 2820 4260 Quinetiam
2857 4191 2996 4246 idem
3032 4189 3250 4252 animal,
3307 4191 3502 4258 partim

1935 4313 2037 4348 non
2073 4293 2334 4362 genitum,
2377 4289 2570 4357 partim
2610 4285 2868 4354 genitum,
2927 4292 2982 4336 et
3016 4292 3195 4337 tamen
3255 4281 3496 4349 ejusdem

277 4370 605 4425 substantiae
646 4371 888 4439 reperire
922 4380 1004 4426 est
1041 4386 1055 4424 :
1088 4372 1232 4442 quod
1277 4372 1496 4442 quidem
1549 4371 1615 4426 ad
1662 4371 1943 4441 praesentis
1979 4375 2299 4444 quaestionis
2332 4377 2740 4434 similitudinem
2783 4383 3011 4452 propius
3071 4383 3303 4440 accedit.
3339 4382 3515 4437 Unum

278 4463 543 4530 quiddam
601 4477 667 4516 ex
730 4463 931 4518 nostris
991 4464 1083 4517 ubi
1141 4480 1680 4527 commemoravero,
1739 4465 1883 4534 quod
1937 4467 2097 4522 etiam
2161 4470 2365 4522 nemini
2417 4471 2662 4538 ignotum
2697 4485 2814 4539 est,
2875 4477 2982 4530 alio
3029 4487 3216 4548 postea
3266 4477 3518 4530 transibit

277 4556 480 4610 oratio.

371 4648 429 4700 '0
467 4645 641 4717 Ἀδάμ
698 4648 751 4699 τί
791 4663 921 4702 ποτε
977 4643 1087 4718 ἦν;
1150 4647 1381 4716 Ιιλάσμα
1435 4649 1592 4703 Θεοῦ.
1653 4651 1718 4703 Τί
1760 4649 1846 4703 δαὶ

2021 4643 2161 4712 Quid
2219 4645 2434 4700 tandem
2501 4645 2742 4700 Adamus
2797 4648 2962 4702 erat?
3025 4649 3113 4703 Dei
3178 4648 3518 4720 ﬁgmentum.

279 4740 311 4806 ἡ
351 4732 466 4790 Εὖα
497 4755 512 4802 ;
544 4738 754 4809 Τμῆμα
777 4738 872 4792 τοῦ
911 4739 1251 4811 πλάσματος.
1276 4741 1339 4795 Τί
1366 4741 1454 4794 δαὶ
1487 4744 1514 4795 ὀ
1548 4741 1652 4812 Σήθ
1673 4758 1687 4806 ;
1712 4742 1851 4812 Ἀμ-

281 4830 530 4900 ςοτέρων
583 4830 852 4901 γέννημα.
908 4828 1038 4902 'Ap’
1082 4829 1176 4887 οὖν
1209 4834 1404 4886 ταυτόν
1460 4851 1546 4886 σοι
1601 4834 1852 4903 φαίνεται

281 4919 535 4990 πλάσμα,
571 4923 664 4976 καὶ
688 4923 904 4993 τμῆμα,
933 4924 1028 4977 καὶ
1054 4926 1328 4996 γέννημα;
1356 4926 1479 4989 Πῶς
1496 4926 1555 4982 οὔ
1579 4926 1848 4996 ςὋμοού-

289 5031 388 5066 εια
425 5014 483 5066 δὲ
513 5013 708 5080 ταῦτα,
746 5014 779 5085 ἢ
811 5015 896 5082 τί;
951 5017 1073 5078 Πῶς
1133 5017 1178 5070 δ’
1207 5015 1305 5084 οὖ;
1348 5017 1713 5088 Ὠμολόγηται
1747 5018 1853 5080 ⁴οὖν

284 5107 385 5157 καὶ
415 5107 480 5158 τὰ
507 5107 780 5176 διαφόρως
835 5108 1144 5161 ὑποστάντα
1203 5109 1305 5177 τῆς
1365 5110 1534 5180 αὐτῆς
1571 5106 1711 5164 εἶναι
1761 5112 1856 5163 οὐ·

289 5197 412 5259 σίας
451 5197 790 5266 ἐνδέχεσθαι.
823 5199 982 5266 Λέγω
1014 5199 1070 5251 δὲ
1095 5200 1291 5265 ταῦτα,
1324 5202 1422 5254 οὐκ
1458 5203 1553 5254 ἐπὶ
1605 5205 1704 5273 τὴν
1741 5203 1857 5255 θεό-

294 5304 434 5356 τητα
463 5288 646 5358 φέρων
684 5289 782 5358 τὴν
809 5290 1086 5361 π).άσιν,ἢ
1116 5291 1215 5362 τὴν
1248 5292 1444 5362 τομὴν,
1480 5293 1512 5364 ἦ
1542 5310 1594 5346 τι
1622 5294 1732 5346 τῶν
1757 5296 1859 5348 ὅσα

295 5379 550 5446 σώματος
571 5379 669 5448 (μή
705 5381 896 5449 μοίτις
921 5382 1237 5452 ἐπιφυέσθω
1279 5383 1439 5436 πάλιν
1471 5384 1580 5436 τῶν
1619 5385 1861 5455 λογομά-

295 5471 452 5538 χων),
481 5471 675 5525 ὲπεὶδὲ
711 5472 917 5526 τούτων
945 5475 1189 5546 Οεωρῶν,
1246 5476 1324 5540 ὡς
1369 5479 1462 5531 ἐπὶ
1505 5478 1734 5547 σκηνῆς,
1793 5479 1860 5531 τά

301 5560 590 5630 νοούμενα.
616 5564 750 5618 Οὐδὲ
772 5567 882 5636 γάρ
908 5563 1018 5620 οἷόν
1045 5584 1104 5619 τε
1125 5568 1234 5621 τῶν
1286 5569 1660 5639 εἰκαζομένων
1701 5570 1860 5624 οὐδὲν

295 5654 436 5722 πρὸς
471 5656 650 5709 πᾶσαν
675 5657 1002 5723 ἐξικνεῖσθαι
1029 5661 1281 5730 καθαρῶς
1301 5662 1399 5733 τὴν
1431 5663 1710 5734 ἀλήθειαν.
1739 5666 1848 5719 Καὶ

373 5834 390 5864 ³
424 5832 523 5888 lsa.
568 5849 683 5914 vttt,
715 5834 796 5889 19.

1950 4739 2090 4805 Quid
2110 4739 2254 4792 Eva?
2279 4738 2546 4818 Figmenti
2577 4750 2939 4809 segmentum.
2959 4741 3098 4807 Quid
3124 4742 3282 4796 Sctb?
3308 4745 3523 4800 Utrius-

1953 4848 2058 4902 que
2089 4832 2327 4888 soboles.
2375 4831 2599 4886 ldemne
2628 4847 2793 4901 porro
2813 4833 2907 4886 tibi
2959 4849 3078 4888 esse
3113 4836 3386 4904 videntur,
3426 4840 3521 4908 lig-

1956 4935 2138 4982 mentu
2149 4942 2223 4990 ιιι,
2245 4935 2608 4994 segmentum,
2629 4934 2684 4980 et
2702 4926 2955 4982 soboles?
2972 4927 3211 4992 Quidni?
3231 4933 3360 5001 Age,
3383 4932 3527 5000 ejus-

1958 5018 2154 5072 demne
2214 5016 2328 5070 haec
2403 5016 2654 5071 essentia:
2710 5016 2850 5071 inter
2912 5033 2969 5072 se
3003 5029 3151 5085 sunt,
3205 5036 3272 5074 an
3349 5022 3531 5076 diver-

1963 5107 2071 5161 szn?
2101 5107 2386 5176 Ejusdem.
2416 5107 2469 5161 ln
2488 5107 2739 5162 COIIfBSaO
2772 5109 2937 5179 igitur
2965 5121 3074 5174 est,
3108 5123 3186 5171 ut,
3224 5129 3345 5180 quae
3383 5130 3462 5166 va:
3483 5117 3528 5168 ie

1965 5201 2262 5264 exsistunt,
2288 5201 2532 5254 eamdem
2558 5209 2736 5255 tamen
2765 5204 3059 5258 essentiam
3120 5203 3376 5258 habt-ant.
3427 5207 3533 5258 Nec

1967 5311 2101 5350 vero
2126 5296 2243 5350 haec
2290 5309 2356 5349 eo
2389 5309 2419 5347 a
2456 5309 2543 5349 me
2599 5295 2882 5362 dicuntur,
2929 5299 3076 5367 quod
3109 5298 3404 5364 ﬁctionem,
3441 5310 3534 5353 aut

1969 5389 2294 5455 sectionem,
2319 5395 2414 5442 aut
2442 5386 2652 5456 aliquid
2696 5388 2839 5441 aliud
2872 5403 2938 5443 ex
2967 5387 3079 5453 his,
3102 5405 3224 5458 quae
3279 5393 3530 5459 corporis

1973 5493 2165 5537 natura
2213 5481 2340 5547 fert,
2394 5480 2453 5536 in
2504 5480 2842 5535 divinitatem
2891 5480 3171 5536 conferam
3209 5482 3356 5550 (nec
3387 5485 3532 5534 enim

1973 5576 2308 5630 mibirursus
2333 5587 2547 5644 pugnax
2564 5572 2835 5643 quispiam
2860 5581 3139 5644 argutator
3163 5574 3420 5630 insidiose
3441 5593 3534 5626 nn-

1975 5668 2218 5732 inineat),
2239 5666 2334 5724 sed
2357 5675 2416 5720 ut
2446 5666 2498 5720 in
2531 5667 2614 5722 bis
2634 5665 2800 5721 rebus
2824 5679 2909 5732 ea,
2940 5667 3093 5721 velut
3122 5666 3180 5721 in
3203 5681 3388 5733 scena,
3408 5681 3536 5739 spe-
