3968 6550
499 406 602 470 827

1747 399 2128 462 EUTllYMlI
2166 398 2524 460 umnam
3620 407 3710 470 323

499 535 664 592 ciem,
696 535 819 593 quat
855 535 963 577 non
997 519 1100 576 nisi
1130 519 1406 575 intellectu
1447 516 1850 588 percipiuntur.
1877 517 2061 586 Neque

2175 516 2213 568 ti
2237 514 2428 578 ταῦτα,
2466 513 2629 583 φασίν
2648 529 2663 580 ;
2699 513 2774 572 Οὐ
2805 513 2913 584 γὰρ
2960 511 3055 569 τοῦ
3085 513 3223 581 ένδς,
3250 515 3310 568 τὸ
3344 513 3444 584 μὲν
3468 519 3707 588 γέννημα.

498 616 649 670 enim
685 615 800 669 ﬁeri
859 621 1057 681 potest,
1091 620 1150 666 ut
1174 611 1354 681 imago
1378 609 1487 664 ulla
1521 619 1578 665 et
1603 610 1930 672 similitudo,
1991 610 2069 664 rei

499 708 785 761 veritatem
805 706 966 775 plane
989 703 1338 774 perfecteque
1356 711 1702 772 assequatur.
1731 701 1834 756 Sed
1853 701 2066 768 dicunt,

501 812 765 863 quorsum
790 796 942 851 haec?
993 795 1102 850 Nec
1134 796 1281 849 enim
1319 795 1482 849 unius
1506 792 1885 863 ejusdemque,
1929 793 2068 847 alter

507 885 696 953 Filius,
731 887 870 940 alter
899 884 1051 940 aliud
1099 884 1424 955 quidquam.
1466 883 1606 951 Quid
1640 882 1848 950 igitur?
1876 883 1988 936 Eva
2009 890 2067 936 et

501 975 655 1043 Seth,
720 991 903 1031 nonne
935 992 1003 1031 ex
1025 977 1216 1032 eodem
1244 976 1452 1030 Adamo
1480 976 1643 1032 sunt?
1674 975 1748 1029 Ex
1779 990 1887 1044 quo
1915 974 2064 1029 enim

498 1069 606 1122 alio
625 1069 649 1121 ?
677 1066 872 1122 Utrum
895 1079 1078 1122 autem
1092 1067 1252 1122 ambo
1277 1082 1345 1122 ex
1365 1083 1429 1122 eo
1447 1067 1613 1138 geniti
1637 1077 1764 1122 sunt
1779 1071 1803 1121 ἲ
1819 1066 2065 1122 Minime.

497 1160 638 1224 Quid
670 1175 800 1230 ergo
823 1161 845 1213 ?
868 1161 1051 1216 Altera
1089 1169 1433 1230 segmentum
1499 1171 1608 1225 est,
1669 1160 1808 1216 alter
1879 1160 2066 1214 ﬁlius:

500 1254 652 1320 atqui
703 1254 864 1308 ambo
899 1253 1044 1308 inter
1081 1269 1139 1309 se
1169 1254 1312 1310 idem
1371 1262 1543 1310 sunt:
1579 1255 1830 1309 homines
1876 1254 2064 1308 enim:

498 1356 663 1395 netuo
687 1351 772 1397 est
801 1345 893 1411 qui
933 1345 1225 1401 intleietur.
1263 1345 1559 1400 Desinesne
1599 1345 1764 1413 igitur
1788 1345 2070 1401 ‘adversus

2173 608 2234 660 τὸ
2257 609 2314 660 δὲ
2336 607 2465 662 ἄλλο
2489 625 2565 661 τι.
2595 607 2661 660 Τί
2692 606 2824 675 sint;
2859 607 2925 660 Ἦ
2953 606 3066 661 Εὔα
3119 606 3215 660 καὶ
3243 610 3273 661 6
3303 608 3435 677 Σὴθ,
3487 610 3603 680 οὐχὶ
3623 613 3704 666 τοῦ

2172 705 2336 760 αὑτοῦ
2361 705 2457 758 τοῦ
2479 703 2654 774 Ἀδὰμ
2679 721 2696 773 ;
2745 705 2908 768 Τίνος
2950 707 3060 775 γάρ
3084 704 3284 771 illan;
3316 699 3395 757 Ἦ
3439 706 3530 756 καὶ
3557 708 3712 775 ἀμφό-

2171 815 2322 869 τεροι
2353 798 2699 867 γεννήματα;
2735 797 3022 868 οὐδαμῶς.
3050 797 3212 852 Ἀλλὰ
3242 797 3294 851 τί
3315 813 3331 864 ;
3351 799 3425 851 Τὸ
3465 796 3562 868 μεν
3587 799 3713 868 τμῆ-

2177 908 2273 960 μα,
2306 889 2369 942 τὸ
2398 888 2455 942 δὲ
2485 890 2752 960 γέννημα·
2791 891 2884 943 καὶ
2920 891 3026 960 μὴν
3057 891 3358 958 ἀμφότεροι
3403 891 3590 943 ταυτὸν
3620 894 3708 945 ἀλ-

2172 983 2376 1052 λήλοιςο
2411 979 2690 1052 ἂνθρωποι
2717 982 2850 1052 γάρ’
2899 982 3074 1046 οὐδεὶς
3109 983 3348 1053 ἀντερεῖ.
3393 981 3576 1054 Παύπῃ
3623 980 3705 1038 οὖν

2175 1072 2603 1143 ἀπομαχόμενος
2659 1072 2797 1142 πρὸς
2842 1074 2905 1127 τὸ
2965 1075 3211 1144 Πνεῦμα,
3287 1073 3362 1137 ὡς
3415 1074 3448 1142 ἢ
3486 1076 3709 1146 γέννημα

2175 1163 2414 1230 πάντως,
2439 1164 2472 1235 ἢ
2503 1167 2578 1235 μὴ
2605 1164 2914 1230 ὁμοούσιον,
2947 1166 3082 1238 μηδὶ
3105 1165 3260 1231 Θεὸν,
3291 1166 3389 1220 καὶ
3432 1170 3492 1220 ὲκ
3512 1166 3610 1221 τῶν
3630 1169 3713 1220 ἀν-

2175 1256 2462 1328 θρωπίνων
2495 1257 2556 1311 τὸ
2587 1257 2812 1312 δυνατὸν
2839 1257 3024 1311 λαϐὼν
3069 1258 3173 1328 τῆς
3201 1259 3479 1329 ἡμετέρας
3531 1259 3713 1328 ὑπολή-

2175 1347 2321 1418 ψεως
2345 1365 2363 1418 ;

499 1433 765 1501 Spiritum
799 1439 1082 1503 dimicare,
1141 1438 1293 1508 quasi
1321 1440 1573 1495 videlicet
1627 1451 1723 1496 aut
1760 1443 1979 1510 genitus
2020 1441 2244 1499 omnino
2283 1446 2377 1511 sit,
2419 1453 2516 1501 aut
2567 1446 3051 1504 consubstantialis
3106 1463 3217 1502 non
3270 1449 3366 1512 sit,
3421 1462 3520 1500 nec
3574 1445 3712 1513 Deus,

505 1532 806 1599 przescrtim
852 1546 977 1586 cum
1002 1547 1069 1586 ex
1121 1531 1359 1588 humana
1409 1547 1630 1605 quoque
1699 1535 2060 1594 similitudine
2094 1542 2420 1598 sententiam
2451 1550 2698 1598 nostram
2743 1543 3166 1614 haudquaquam
3197 1543 3580 1613 impossibilem
3610 1558 3710 1597 esse

501 1626 872 1686 intellexeris?

993 1787 1079 1844 Ea:
1107 1787 1292 1844 eadem
1319 1791 1578 1845 oratione.

2592 1793 2692 1848 Ἐκ
2721 1792 2828 1848 τοῦ
2845 1792 3036 1848 αὑτοῦ
3059 1793 3270 1862 λόγου.

569 1928 677 1984 Sed
722 1927 865 1996 quis,
925 1927 1183 1996 inquies,
1249 1925 1511 1997 Spiritum
1572 1924 1856 1984 adoravit?
1909 1929 2068 1999 Quis,

497 2022 584 2078 vel
619 2033 881 2086 veterum,
915 2021 998 2077 vel
1032 2024 1367 2078 recentium?
1399 2010 1526 2091 Quis
1555 2042 1673 2080 eum
1721 2027 1932 2082 oravit?
1959 2029 2073 2096 Quo

505 2114 797 2182 Scriptura:
823 2113 939 2167 loco
973 2129 1093 2167 emn
1123 2114 1455 2169 adorandum
1496 2126 1586 2168 ant
1632 2119 1898 2194 orandum
1954 2135 2074 2176 esse

505 2205 774 2272 proditum
810 2205 934 2258 est?
988 2204 1138 2259 Unde
1187 2206 1287 2260 hoc
1331 2207 1589 2262 hausisti?
1619 2208 1727 2264 Nos
1778 2211 1936 2282 hujus
1997 2213 2072 2266 rei

503 2295 795 2363 pleniorem
849 2309 1066 2350 causam
1115 2307 1293 2363 postea
1352 2299 1662 2362 reddemus,
1695 2314 1814 2352 cum
1870 2302 1936 2354 de
1966 2317 2074 2356 non

503 2387 724 2454 scriptis
755 2386 1095 2454 dogmatibus
1134 2388 1482 2442 disseremus.
1516 2387 1667 2444 Nunc
1701 2405 1829 2446 vero
1870 2392 1972 2447 hoc
1994 2394 2077 2448 di-

504 2494 630 2531 cere
661 2478 906 2532 sutiiciet.
932 2477 1164 2546 Spiritus
1191 2488 1294 2544 est,
1330 2480 1380 2534 iu
1413 2494 1521 2548 quo
1566 2482 1872 2550 adoramus,
1900 2493 1953 2538 et
1983 2499 2079 2553 per

504 2584 664 2635 quem
695 2583 936 2621 oramus.
975 2569 1206 2636 Spiritus
1228 2571 1383 2633 enim,
1411 2569 1606 2639 inquit,
1625 2580 1702 2625 est
1728 2571 1868 2626 Deus
1887 2589 1905 2626 :
1926 2584 2079 2643 atque

503 2674 610 2719 eos,
653 2659 743 2727 qui
769 2659 936 2727 ipsum
969 2659 1220 2724 adorant,
1249 2663 1301 2713 in
1337 2658 1539 2730 Spiritu
1570 2671 1618 2716 et
1654 2663 1870 2718 veritate
1920 2680 2077 2732 opor-

505 2758 573 2801 tet
601 2750 826 2801 adorare
876 2753 915 2805 ³.
949 2749 1026 2802 Ac
1054 2763 1276 2816 rursus,
1311 2750 1450 2816 Quid
1477 2753 1614 2805 enim
1637 2768 1861 2816 oremus,
1896 2770 2078 2822 quem-

504 2843 788 2892 admodum
840 2852 1062 2909 oportet,
1121 2843 1399 2896 nescimus.
1447 2842 1550 2898 Sed
1609 2843 1972 2912 Spiritusipte
1997 2847 2081 2900 in-

507 2927 847 2990 terpellatpro
868 2929 1010 2979 nobis
1027 2931 1301 2995 gentilibus
1321 2930 1762 2984 inenarrabilibus
1813 2930 1860 2989 ‘.
1881 2931 1946 2985 Et
1972 2932 2074 2986 alio

2176 2926 2287 2978 οὐκ
2323 2923 2591 2994 οιὸαμεν,
2637 2924 2775 2978 ἀλλ’
2818 2924 2964 2979 αὐτὸ
2997 2924 3062 2978 τὸ
3109 2925 3357 2994 Πνεῦμα
3395 2926 3712 2994 ὑπερεντυγ-

481 3021 662 3098 loco:
700 3017 875 3071 Orabo
922 3016 1142 3086 Spiritu,
1193 3022 1351 3075 orabo
1389 3032 1434 3074 et
1466 3033 1632 3076 mente
1685 3021 1707 3054 ³
1737 3062 1752 3087 ,
1798 3022 1850 3076 id
1884 3033 1987 3088 est,
2025 3023 2074 3076 in

2176 3015 2347 3087 χάνει
2555 3016 2710 3085 ὑπὲρ
2764 3016 2934 3085 ἡμῶν
2979 3019 3340 3087 στεναγμοῖς
3388 3018 3710 3084 ἀλαλήτοις·

507 3118 686 3162 tuente
715 3116 770 3160 ct
803 3107 1029 3176 Spiritu.
1062 3109 1201 3179 Ergo
1241 3110 1442 3179 Spiritu
1489 3112 1735 3176 adorare,
1771 3113 1854 3166 vel
1899 3125 2074 3177 orare,

2179 3099 2294 3170 καὶ,
2329 3105 2742 3175 Προσεύξομαι
2779 3105 2858 3172 τῷ
2891 3109 3206 3178 Πνεύματι,
3250 3110 3633 3180 προσεύξομαι
3661 3109 3713 3161 δὲ
3782 3143 3791 3158 ι

507 3198 636 3252 mihi
672 3199 801 3252 nihil
827 3199 968 3254 aliud
997 3215 1120 3253 esse
1149 3201 1359 3254 videtur
1384 3242 1398 3267 ,
1429 3218 1588 3272 quam
1645 3203 1818 3272 ipsutn
1871 3204 2074 3274 sibiipsi

2181 3194 2281 3248 καὶ
2317 3194 2396 3260 τῷ
2423 3196 2549 3249 νοτ·
2589 3195 2734 3248 τοῦτ’
2786 3195 2951 3264 ἔστιν,
2998 3198 3057 3251 ὲν
3084 3197 3165 3251 νοῒ
3209 3199 3307 3252 καὶ
3345 3201 3625 3273 Πνεῦματι.
3656 3202 3714 3253 Τὸ

505 3291 807 3342 orationem
839 3291 918 3344 vel
954 3292 1321 3347 adoratiouetn
1351 3292 1564 3350 oﬂ‘erre.
1601 3297 1837 3366 Eamque
1863 3307 2074 3353 seu-ten-

2178 3283 2270 3341 οὖν
2303 3289 2625 3360 προσκυνεῖν
2654 3287 2732 3359 τῷ
2755 3289 3062 3360 Πνεύματι,
3088 3290 3120 3361 ἢ
3153 3292 3564 3364 προσεύχεσθαι,
3590 3293 3714 3346 οὐδὲν

510 3380 636 3431 tiam
678 3381 798 3448 quis
841 3392 924 3434 est
977 3382 1065 3450 qui
1104 3397 1208 3437 nou
1247 3386 1692 3452 comprobaturus
1745 3389 1837 3452 sit,
1868 3389 1931 3443 de
1961 3405 2078 3442 ma-

507 3473 626 3541 gnis
672 3488 735 3526 ac
771 3473 970 3527 divinis
1015 3473 1143 3529 viris
1212 3474 1421 3546 loquor,
1449 3477 1648 3545 quique
1675 3480 1840 3548 probe
1863 3490 2078 3546 norunt,

513 3564 670 3616 unius
698 3563 1070 3618 adorationem
1107 3565 1264 3619 trium
1297 3567 1665 3638 adoratiouem
1695 3581 1833 3631 esse,
1865 3578 2084 3636 propter

509 3655 769 3724 aequalem
802 3659 963 3710 trium
999 3671 1348 3726 personarum
1376 3659 1689 3727 dignitatem
1724 3674 1788 3714 ac
1829 3659 2083 3714 divinita-

513 3757 618 3799 tem
648 3747 670 3798 ?
701 3745 804 3800 Sed
838 3764 904 3801 ne
933 3747 1059 3802 illud
1090 3748 1306 3818 quidem
1335 3751 1705 3816 extimescam,
1735 3751 1876 3821 quod
1900 3752 2078 3806 omnia

512 3854 604 3904 per
623 3836 812 3891 Filium
846 3838 984 3892 facta
1019 3856 1136 3895 esse
1167 3841 1418 3895 dicuntur
1451 3848 1473 3878 δ
1493 3880 1508 3905 ,
1537 3851 1789 3912 tanquam
1817 3843 1869 3897 in
1897 3859 2076 3897 rerum

512 3931 915 3985 universitatem
941 3931 1177 4000 Spiritus
1203 3948 1416 4001 quoque
1463 3943 1679 3989 sanctus
1708 3937 2080 4006 aggregandus

514 4024 603 4075 sit.
634 4023 824 4080 Omnia
862 4025 1031 4086 cuitu,
1061 4039 1392 4093 quaecunque
1417 4024 1555 4078 facta
1581 4035 1724 4087 sunt,
1764 4027 1893 4080 dicit
1955 4028 2085 4082 dicit

516 4113 842 4183 evangelista
895 4114 941 4179 ⁵,
977 4127 1080 4166 non
1120 4113 1300 4167 omnia
1329 4114 1663 4184 simpliciter.
1695 4115 1826 4169 Nam
1871 4129 1938 4169 ne
1971 4116 2082 4182 ipse

519 4205 734 4270 quidem
761 4204 952 4270 Pater,
986 4219 1086 4259 nec
1133 4205 1310 4258 omnia
1361 4220 1442 4267 ea,
1473 4221 1592 4273 qua:
1620 4203 1757 4260 facta
1788 4223 1891 4260 non
1935 4211 2076 4259 sunt.

503 4298 680 4354 Proba
703 4313 830 4367 ergo
861 4299 1119 4366 Spiritum
1149 4300 1349 4355 factum
1378 4315 1442 4354 ac
1485 4311 1822 4368 procreatum
1856 4310 1994 4364 esse,
2020 4313 2074 4352 ar

2184 4298 2267 4350 ὅτι
2301 4297 2515 4367 γέγονε,
2547 4297 2642 4348 καὶ¹
2674 4296 2796 4348 τότε
2828 4297 2904 4367 τῷ
2933 4295 3048 4367 Υἱῷ
3090 4295 3198 4361 δὸς,
3237 4295 3333 4349 καί⁵
3368 4293 3478 4355 τοῖς
3504 4292 3723 4358 κτίσμασι

507 4405 618 4447 tum
641 4390 777 4446 Filio
800 4404 919 4445 eum
944 4392 1031 4455 da,
1052 4401 1105 4447 et
1130 4390 1182 4444 in
1206 4401 1576 4447 creaturarum
1605 4405 1830 4446 numero
1855 4389 2074 4445 colloca.

2187 4389 2611 4459 συναρίθμησον.
2639 4387 2784 4450 Ἕως
2824 4387 2869 4440 δ’
2911 4387 2976 4441 ἂν
3009 4387 3083 4460 μὴ
3115 4387 3278 4440 τοῦτο
3460 4379 3722 4439 δεικνύεις,

505 4483 752 4550 Quandiu
811 4493 988 4535 autem
1034 4482 1086 4536 id
1115 4483 1347 4552 probare
1377 4491 1538 4551 atque
1570 4486 1860 4536 ostendere
1891 4479 2074 4548 netpti«

2183 4475 2335 4530 οὐδὲν
2359 4475 2437 4546 τῷ
2467 4475 2850 4547 περιληπτικῷ
2885 4475 3051 4546 βοηθῇ
3084 4474 3223 4546 πρὸς
3268 4471 3535 4527 ἀσέϐειαν.
3562 4467 3617 4521 Ei
3644 4463 3724 4534 μὲν

511 4577 671 4640 reris,
700 4574 831 4632 nihil
865 4575 958 4630 tibi
1016 4575 1080 4628 ad
1137 4575 1468 4644 impietatem
1520 4573 1813 4644 adjumeuti
1851 4571 2074 4639 comple«

2184 4569 2292 4640 γὰρ
2335 4568 2549 4636 γέγονε,
2580 4567 2668 4620 διὰ
2714 4566 2953 4638 Χριστοῦ
2988 4566 3204 4627 πάντως
3231 4582 3244 4596 ο
3281 4564 3406 4618 οὐδὲ
3451 4559 3603 4618 αὐτὸς
3643 4557 3722 4624 ἀρ·

504 4669 594 4722 xio
629 4666 715 4720 illa
764 4667 991 4720 allatura
1041 4676 1144 4720 est.
1181 4665 1239 4720 Si
1267 4669 1411 4719 enim
1442 4664 1617 4718 factus
1647 4674 1762 4728 est,
1801 4679 1897 4732 per
1923 4662 2074 4716 Chri-

2183 4663 2459 4730 νήσωμαιο
2638 4661 2701 4714 Εἰ
2734 4659 2789 4713 δὲ
2817 4660 2881 4712 οὐ
2914 4660 3128 4728 γέγονε,
3164 4656 3286 4721 πῶς
3327 4658 3359 4728 ἢ
3401 4655 3509 4708 τῶν
3543 4650 3725 4704 πάντων

502 4773 645 4815 ειιιιιι
678 4756 864 4824 utique
899 4775 912 4810 :
948 4771 1014 4809 ne
1046 4755 1159 4824 ipse
1191 4753 1407 4824 quidem
1440 4753 1648 4806 iuticias
1679 4753 1846 4806 ivero.
1901 4750 1955 4804 Si
1987 4765 2074 4802 au-

2183 4753 2263 4815 ἒν,
2297 4753 2329 4823 ἢ
2369 4752 2457 4806 διὰ
2484 4750 2754 4824 Χριστοῦε
2795 4750 3008 4805 Παῦσαι
3037 4747 3128 4804 οὖν
3156 4747 3249 4803 καὶ
3287 4748 3380 4802 τὸν
3418 4745 3619 4814 Πατέρα
3645 4755 3724 4791 κα·

507 4859 611 4903 ιοοιιι
641 4849 816 4901 iaetu;
843 4863 949 4899 non
983 4855 1090 4908 est,
1119 4845 1410 4914 quomodo,
1447 4853 1536 4897 aut
1588 4858 1768 4896 rerum
1800 4842 2074 4894 universa-

2185 4842 2297 4904 κῶς
2343 4843 2518 4913 τιμῶν
2573 4842 2714 4897 κατὰ
2761 4843 2854 4896 τοῦ
2915 4839 3257 4911 Μονογενοῦς
3305 4838 3471 4909 (κακὴ
3517 4836 3569 4889 δὲ
3610 4828 3722 4900 τιμὴ

507 4956 623 4992 rum
658 4953 886 4991 numero
916 4937 1247 5004 includetur,
1309 4944 1402 4988 aut
1456 4946 1551 5003 per
1594 4933 1871 4988 Christum
1914 4929 2074 4985 factus

2186 4935 2390 5006 κτίσμα
2416 4935 2627 4988 διδόντα
2667 4933 2728 4988 τὸ
2771 4934 3094 5004 τιμιώτερον
3125 4931 3448 5004 ἀποστερεῖν
3472 4924 3628 4993 Υἱὺν).
3649 4919 3723 4972 καὶ

505 5029 646 5082 mit?
685 5027 917 5081 Proinde
947 5027 1154 5087 desine,
1177 5033 1228 5079 at
1265 5023 1505 5089 Patrem,
1561 5025 1612 5077 in
1647 5023 1763 5076 Filii
1803 5033 2074 5076 ‘contume‘

2185 5027 2274 5080 τὸν
2305 5028 2438 5080 Υίὸν
2487 5028 2632 5081 κατὰ
2684 5027 2778 5080 τοῦ
2814 5027 3152 5097 Πνεύματος.
3190 5026 3269 5079 Οὐ
3319 5024 3425 5095 γὰρ
3474 5013 3721 5091 ὁμοδούλου

508 5121 632 5174 lium
684 5118 831 5171 mai-3‘
875 5117 1146 5169 honorare
1205 5116 1223 5185 (
1273 5114 1446 5169 malus
1480 5116 1622 5169 enim
1653 5116 1825 5168 honor
1843 5124 1945 5176 est,
1980 5113 2074 5167 l‘a«

2185 5118 2534 5190 δημιουργὸς.
2587 5119 2703 5173 ἀλλ’
2749 5117 2998 5190 ὁμοτίμῳ
3059 5115 3526 5185 συνδοξαζόμενος.
3569 5101 3722 5174 Μηδὲν

504 5223 642 5264 trem
681 5210 816 5266 Filio
851 5209 1088 5278 privare,
1148 5219 1420 5278 utcunque
1480 5222 1602 5261 enin
1655 5207 2074 5276 prmtantiorem

2190 5211 2328 5282 μετά
2357 5211 2588 5266 σεαυτοῦ
2632 5213 2730 5283 θῇς
2777 5213 2876 5283 τῆς
2903 5211 3152 5283 Τριάδος,
3184 5211 3259 5282 μὴ
3294 5209 3392 5276 τῆς
3418 5202 3628 5274 Τριάδος
3649 5198 3721 5250 ἐκ·

503 5315 811 5357 creaturam
838 5315 958 5355 esse
983 5297 1456 5365 concesseris).-et
1507 5295 1702 5350 Filium
1754 5296 1804 5348 in
1854 5295 2074 5362 Spiritus

2190 5304 2382 5376 πέσῃς.
2415 5305 2620 5375 Μηδενὶ
2665 5305 2971 5378 περικόῲῃς
3011 5304 3110 5376 τὴν
3140 5302 3266 5375 μίαν
3432 5296 3615 5368 ὁμοίως
3652 5303 3720 5341 σε·

503 5396 677 5450 tiattt‘ti
713 5394 1084 5464 ignominiam.
1124 5390 1241 5445 Non
1283 5391 1435 5444 enim
1486 5389 1729 5443 ϐοηθειτί
1773 5387 1953 5456 epifex
1979 5397 2074 5450 est1

2188 5393 2438 5464 ὄάσμιον.
2477 5395 2564 5458 Ὠς
2593 5395 2675 5448 ὅτι
2709 5393 2773 5448 ἂν
2809 5395 2918 5447 τῶν
2941 5392 3112 5466 τριῶν
3141 5391 3393 5464 καθέλῃς,
3427 5387 3485 5439 τὸ
3515 5383 3612 5437 πᾶν
3639 5378 3716 5444 ἔσῃ

503 5489 596 5540 ει-ιι
625 5503 748 5540 cum
785 5500 870 5551 eo,
902 5485 990 5554 qni
1021 5485 1135 5552 pari
1165 5483 1432 5550 dig-nitate
1469 5489 1579 5539 est.
1605 5479 1957 5548 gloriﬁcatur.
1993 5479 2074 5533 Ni-

2187 5485 2538 5560 καθῃρηκὼς,
2564 5487 2763 5559 μᾶλλον
2782 5487 2838 5560 ξε
2865 5485 2961 5539 τοῦ
2999 5485 3198 5550 παντὸς
3229 5475 3600 5537 ἐκπεπτωκώςο
3618 5467 3716 5522 θέλ·

503 5582 576 5634 ΙιίΙ
601 5580 852 5634 Trinitati
885 5596 950 5633 cx
981 5578 1153 5648 teipse
1187 5577 1379 5636 tribue,
1410 5585 1479 5628 ne
1499 5590 1526 5626 a
1552 5572 1818 5626 Tri-nitate
1845 5573 2074 5627 excidas.

2188 5595 2301 5631 τιον
2336 5578 2536 5649 μικρὰν
2572 5579 2668 5650 τῆς
2709 5554 2955 5641 ὲνῶσεως
2990 5575 3291 5647 φαντασίαν
3335 5569 3529 5632 λαϐεῖν,
3552 5565 3582 5638 ἦ
3605 5573 3712 5613 παν

503 5673 661 5730 Nullo
705 5671 864 5728 modo
893 5686 1058 5726 unam
1090 5670 1238 5724 illam
1276 5675 1523 5722 naturam
1556 5679 1618 5719 ac
1650 5678 1897 5734 peraeque
1925 5679 2074 5718 vene-

2177 5669 2311 5742 τελῆ
2343 5671 2617 5742 τολμῆσαι
2653 5669 2994 5726 δυσσέϐειαν.

2281 1935 2440 1985 iam
2483 1933 2566 1994 τίς
2605 1934 2990 2002 προσεκύνησε
3045 1935 3126 2002 τῷ
3177 1931 3490 2004 Πνεύματι,
3535 1934 3710 2004 φησιν,

2167 2008 2248 2071 τίς
2289 2009 2321 2078 ἢ
2364 2009 2472 2063 τῶν
2501 2009 2772 2076 παλαιῶν,
2810 2011 2842 2080 ἢ
2893 2010 3002 2064 τῶν
3047 2010 3220 2078 νέων;
3267 2010 3354 2075 τίς
3397 2011 3456 2063 δὲ
3505 2013 3712 2082 προσηύ-

2171 2099 2328 2164 ξατο;
2370 2099 2472 2152 ποῦ
2507 2100 2595 2152 δαὶ
2794 2099 2853 2152 τὸ
2903 2101 3097 2171 χρῆναι
3137 2104 3464 2172 προσκυνεῖν
3500 2103 3530 2175 ἦ
3579 2122 3714 2175 προσο

2172 2189 2427 2260 εύχεσοαι
2493 2189 2800 2262 γέγραπται
2847 2206 2860 2254 ;
2929 2192 3024 2244 καὶ
3117 2191 3284 2245 πόθεν
3342 2193 3498 2247 τοῦτο
3567 2195 3715 2248 λαϐὼν

2170 2281 2356 2350 ἕχεις;
2421 2281 2532 2353 Τὴν
2600 2281 2699 2352 μὲν
2765 2281 3101 2354 τελεωτέραν
3161 2285 3344 2338 αἰτίαν
3405 2285 3715 2357 ἀποδώσομεν

2172 2372 2419 2445 ὕστερον,
2455 2374 2618 2445 ἡνίκα
2649 2373 2715 2428 ἂν
2749 2375 2878 2446 περὶ
2913 2372 3007 2428 τοῦ
3053 2375 3307 2446 ἀγράφου
3337 2376 3711 2449 διαλεγώμεθα·

2171 2463 2267 2520 νῦν
2290 2465 2348 2518 δὲ
2384 2466 2634 2520 τοσοῦτον
2669 2467 2842 2520 εἰπεῖν
2883 2467 3197 2538 ἐξαρκέσει·
3231 2467 3306 2520 Τὸ
3349 2467 3564 2539 11νεῦμὰ
3597 2471 3716 2522 ἐστιν

2173 2559 2230 2611 ἐν
2250 2549 2294 2626 ᾧ
2320 2557 2750 2630 προσκυνοῦμεν,
2776 2559 2870 2612 καὶ
2887 2559 2953 2612 δι’
2975 2551 3035 2612 οὗ
3058 2561 3489 2631 προσευχόμεθα.
3511 2561 3714 2630 Πνεῦμα

2172 2650 2306 2721 γὰρ,
2337 2651 2520 2722 φησιν,
2553 2653 2584 2705 ὁ
2621 2652 2785 2719 Θεὸς,
2819 2653 2918 2706 καὶ
2950 2651 3092 2718 τοὺς
3123 2652 3608 2720 προσκυνοῦντας
3639 2654 3714 2705 ai;-

2174 2743 2302 2809 τὸν,
2341 2744 2411 2797 ἐν
2454 2745 2753 2814 Πνεύματι
2786 2745 2884 2798 καὶ
2925 2744 3176 2811 ἀληθείᾳ
3214 2744 3312 2798 δεῖ
3349 2747 3712 2814 προσκυνεῖν·

2176 2835 2269 2889 καὶ
2307 2835 2502 2888 πάλιν·
2556 2835 2627 2888 Τὸ
2669 2835 2781 2904 γὰρ
2815 2834 2871 2888 τί
2912 2833 3387 2903 προσευξόμεθα,
3424 2835 3545 2890 καθ’
3571 2836 3599 2887 ὃ
3626 2833 3712 2898 δεῖ,

2179 3378 2306 3432 ἄλλο
2351 3374 2488 3432 εἶναί
2527 3396 2618 3450 μοι
2676 3378 2946 3449 φαίνεται,
2990 3380 3024 3452 ἢ
3070 3383 3203 3435 αὐτὸ
3243 3384 3422 3455 ἑαυτῷ
3451 3385 3541 3456 τὴν
3579 3384 3714 3453 εὐχὴν

2179 3471 2473 3542 προσάγειν
2533 3471 2628 3525 καὶ
2679 3472 2781 3542 τὴν
2832 3472 3222 3544 προσκύνησιν.
3271 3477 3342 3528 Ὃ
3396 3475 3477 3539 τίς
3537 3474 3624 3527 οὐκ
3662 3473 3714 3526 ἂν

2179 3563 2482 3617 ἐπαινέσειε
2511 3563 2619 3616 τῶν
2657 3563 2875 3630 ἐνθέων,
2919 3566 3011 3618 καὶ
3037 3564 3145 3619 τῶν
3178 3561 3237 3620 εὖ
3272 3566 3507 3633 εἰδότων,
3535 3567 3607 3619 ὅτι
3639 3565 3716 3617 καὶ

2179 3655 2212 3726 ἡ
2252 3654 2346 3707 τοῦ
2381 3655 2499 3718 ὲνὺς
2538 3655 2943 3727 προσκύνησις,
2987 3655 3096 3710 τῶν
3139 3657 3309 3729 τριῶν
3359 3659 3473 3710 ἐστι
3512 3653 3712 3728 προσκύ-

2182 3763 2356 3815 νησις,
2390 3744 2480 3799 διὰ
2512 3746 2574 3800 τὸ
2605 3749 2662 3800 ὲν
2689 3750 2801 3810 τοῖς
2831 3747 3008 3820 τρισὶν
3031 3747 3294 3818 ὁμότιμον
3321 3749 3420 3820 τῆς
3449 3748 3609 3814 ἀξίας,
3639 3744 3716 3798 καὶ

2180 3837 2277 3906 τῆς
2304 3837 2584 3908 οεὁτητος;
2618 3840 2726 3892 Καὶ
2757 3839 2862 3910 μὴν
2882 3839 3001 3892 οὐδὲ
3024 3840 3199 3893 έκεῖνο
3341 3837 3714 3906 φοϐηθήσομαι·,

2180 3925 2243 3979 τὸ
2279 3927 2458 3982 πάντα
2497 3928 2586 3981 διὰ
2616 3928 2709 3980 τοῦ
2744 3927 2875 3980 Υίοῢ
2911 3926 3190 3995 γεγονέναι
3223 3925 3498 3994 λέγεσθαι,
3525 3923 3593 3985 ὡς
3621 3920 3716 3981 ἐνὸς

2182 4015 2290 4071 τῶν
2327 4019 2540 4072 πάντων
2574 4018 2725 4083 ὄντος
2765 4020 2859 4072 καὶ
2889 4017 2982 4071 τοῦ
3015 4016 3169 4086 ἁγίου
3200 4017 3534 4088 Πνεῦματος.
3563 4012 3715 4066 Πάντα

2183 4109 2292 4182 γὰρ
2319 4111 2419 4165 ὅσα
2450 4111 2693 4181 γέγονεν,
2720 4113 2958 4184 εἴρηται,
2987 4111 3086 4180 οὐχ
3125 4110 3310 4173 ἁπλῶς
3345 4111 3581 4163 ἅπανταο
3620 4103 3717 4156 οὐδὲ

2183 4202 2291 4273 γὰρ
2326 4204 2355 4256 ὀ
2387 4204 2594 4274 Πατὴρ,
2631 4204 2739 4257 οὐδ’
2771 4203 2870 4257 ὅσα
2906 4202 2980 4272 μὴ
3012 4201 3250 4270 γέγονεν.
3293 4202 3473 4264 Δεῖξον
3626 4191 3718 4249 οὖν.

595 5885 795 5942 'Joan.
834 5901 908 5948 tv,
944 5881 1032 5937 2-1.
1114 5884 1132 5914 ’
1160 5880 1296 5938 Rom
1325 5897 1445 5948 vut,
1487 5878 1579 5936 26.
1659 5875 1720 5933 ³1
1751 5875 1875 5932 Cor.
1911 5891 2020 5942 xiv,
2060 5877 2074 5930 l

2217 5876 2234 5906 ⁵
2277 5873 2429 5929 Idan.
2507 5891 2541 5934 ι.
2571 5878 2619 5932 ζ’).
2695 5878 2710 5905 ⁸
2752 5875 2880 5928 ibid.
