  <div class='ocr_page' id='page_1' title='image "/cluster/home/n/w/nwhite01/storage/ocr_20150623/130/hvd.32044019208255/422.png"; bbox 0 0 3770 6538; ppageno 0'>
   <div class='ocr_carea' id='block_1_1' title="bbox 75 408 163 472">
    <p class='ocr_par' dir='ltr' id='par_1_1' title="bbox 75 408 163 472">
     <span class='ocr_line' id='line_1_1' title="bbox 75 408 163 472; baseline 0.045 -5"><span class='ocrx_word' id='word_1_1' title='bbox 75 408 163 472; x_wconf 72' lang='lat'><strong>829</strong></span> 
     </span>
    </p>
   </div>
   <div class='ocr_carea' id='block_1_2' title="bbox 985 400 2327 467">
    <p class='ocr_par' dir='ltr' id='par_1_2' title="bbox 985 400 2327 467">
     <span class='ocr_line' id='line_1_2' title="bbox 985 400 2327 467; baseline 0.002 -4"><span class='ocrx_word' id='word_1_2' title='bbox 985 400 1363 464; x_wconf 79' lang='lat' dir='ltr'><strong>PANOPLIA</strong></span> <span class='ocrx_word' id='word_1_3' title='bbox 1402 402 1862 465; x_wconf 82' lang='lat' dir='ltr'><strong>DOGMATICA.</strong></span> <span class='ocrx_word' id='word_1_4' title='bbox 1896 427 1968 441; x_wconf 85' lang='lat'><strong><em>—</em></strong></span> <span class='ocrx_word' id='word_1_5' title='bbox 1995 404 2145 467; x_wconf 85' lang='lat' dir='ltr'><strong>TlT.</strong></span> <span class='ocrx_word' id='word_1_6' title='bbox 2188 403 2327 466; x_wconf 82' lang='lat' dir='ltr'><strong>Xll.</strong></span> 
     </span>
    </p>
   </div>
   <div class='ocr_carea' id='block_1_3' title="bbox 3166 397 3273 463">
    <p class='ocr_par' dir='ltr' id='par_1_3' title="bbox 3166 397 3273 463">
     <span class='ocr_line' id='line_1_3' title="bbox 3166 397 3273 463; baseline 0.009 -2"><span class='ocrx_word' id='word_1_7' title='bbox 3166 397 3273 463; x_wconf 86' lang='lat'><strong>830</strong></span> 
     </span>
    </p>
   </div>
   <div class='ocr_carea' id='block_1_4' title="bbox 79 510 3269 582">
    <p class='ocr_par' dir='ltr' id='par_1_4' title="bbox 79 510 3269 582">
     <span class='ocr_line' id='line_1_4' title="bbox 79 510 3269 582; baseline -0.003 -8"><span class='ocrx_word' id='word_1_8' title='bbox 79 517 263 574; x_wconf 75' lang='lat' dir='ltr'><strong>randum</strong></span> <span class='ocrx_word' id='word_1_9' title='bbox 291 520 501 567; x_wconf 88' lang='lat' dir='ltr'><strong>trunca.</strong></span> <span class='ocrx_word' id='word_1_10' title='bbox 533 510 748 581; x_wconf 74' lang='lat' dir='ltr'><strong>Alioqui</strong></span> <span class='ocrx_word' id='word_1_11' title='bbox 776 510 822 568; x_wconf 93' lang='lat' dir='ltr'><strong>si</strong></span> <span class='ocrx_word' id='word_1_12' title='bbox 855 512 984 582; x_wconf 90' lang='lat' dir='ltr'><strong>quid</strong></span> <span class='ocrx_word' id='word_1_13' title='bbox 1014 527 1078 567; x_wconf 78' lang='lat' dir='ltr'><strong>ex</strong></span> <span class='ocrx_word' id='word_1_14' title='bbox 1124 513 1302 569; x_wconf 88' lang='lat' dir='ltr'><strong>tribus</strong></span> <span class='ocrx_word' id='word_1_15' title='bbox 1324 511 1611 576; x_wconf 88' lang='lat' dir='ltr'><strong>everteris,</strong></span> <span class='ocrx_word' id='word_1_16' title='bbox 1661 519 1832 566; x_wconf 90' lang='lat' dir='ltr'><strong>totum</strong></span> <span class='ocrx_word' id='word_1_17' title='bbox 1858 514 2147 578; x_wconf 77' lang='lat' dir='ltr'><strong>everteris,</strong></span> <span class='ocrx_word' id='word_1_18' title='bbox 2198 515 2308 569; x_wconf 91' lang='lat' dir='ltr'><strong>imo</strong></span> <span class='ocrx_word' id='word_1_19' title='bbox 2332 529 2363 568; x_wconf 91' lang='lat' dir='ltr'><strong>a</strong></span> <span class='ocrx_word' id='word_1_20' title='bbox 2405 520 2523 569; x_wconf 88' lang='lat' dir='ltr'><strong>toto</strong></span> <span class='ocrx_word' id='word_1_21' title='bbox 2557 511 2850 570; x_wconf 75' lang='lat' dir='ltr'><strong>excideris.</strong></span> <span class='ocrx_word' id='word_1_22' title='bbox 2895 511 3119 568; x_wconf 65' lang='lat' dir='ltr'><strong>Pri-stat</strong></span> <span class='ocrx_word' id='word_1_23' title='bbox 3145 516 3269 568; x_wconf 75' lang='lat' dir='ltr'><strong>exi-</strong></span> 
     </span>
    </p>
   </div>
   <div class='ocr_carea' id='block_1_5' title="bbox 78 604 3264 681">
    <p class='ocr_par' dir='ltr' id='par_1_5' title="bbox 78 604 3264 681">
     <span class='ocr_line' id='line_1_5' title="bbox 78 604 3264 681; baseline 0.001 -19"><span class='ocrx_word' id='word_1_24' title='bbox 78 628 210 681; x_wconf 75' lang='lat' dir='ltr'><strong>gnum</strong></span> <span class='ocrx_word' id='word_1_25' title='bbox 258 607 524 678; x_wconf 79' lang='lat' dir='ltr'><strong>quoddam</strong></span> <span class='ocrx_word' id='word_1_26' title='bbox 558 606 778 662; x_wconf 86' lang='lat' dir='ltr'><strong>uniouis</strong></span> <span class='ocrx_word' id='word_1_27' title='bbox 797 604 945 661; x_wconf 86' lang='lat' dir='ltr'><strong>illius</strong></span> <span class='ocrx_word' id='word_1_28' title='bbox 977 605 1327 661; x_wconf 84' lang='lat' dir='ltr'><strong>simulacrum</strong></span> <span class='ocrx_word' id='word_1_29' title='bbox 1374 620 1592 676; x_wconf 80' lang='lat' dir='ltr'><strong>capere,</strong></span> <span class='ocrx_word' id='word_1_30' title='bbox 1621 620 1783 674; x_wconf 89' lang='lat' dir='ltr'><strong>quam</strong></span> <span class='ocrx_word' id='word_1_31' title='bbox 1808 606 2090 677; x_wconf 82' lang='lat' dir='ltr'><strong>proﬂigata</strong></span> <span class='ocrx_word' id='word_1_32' title='bbox 2114 608 2346 677; x_wconf 85' lang='lat' dir='ltr'><strong>quadam</strong></span> <span class='ocrx_word' id='word_1_33' title='bbox 2377 609 2601 663; x_wconf 84' lang='lat' dir='ltr'><strong>audacia</strong></span> <span class='ocrx_word' id='word_1_34' title='bbox 2642 610 2696 664; x_wconf 89' lang='lat' dir='ltr'><strong>in</strong></span> <span class='ocrx_word' id='word_1_35' title='bbox 2748 619 2966 666; x_wconf 85' lang='lat' dir='ltr'><strong>omnem</strong></span> <span class='ocrx_word' id='word_1_36' title='bbox 3013 610 3176 676; x_wconf 73' lang='lat' dir='ltr'><strong>imp‘e</strong></span> <span class='ocrx_word' id='word_1_37' title='bbox 3204 624 3264 659; x_wconf 82' lang='lat' dir='ltr'><strong>a-</strong></span> 
     </span>
    </p>
   </div>
   <div class='ocr_carea' id='block_1_6' title="bbox 79 712 550 771">
    <p class='ocr_par' dir='ltr' id='par_1_6' title="bbox 79 712 550 771">
     <span class='ocr_line' id='line_1_6' title="bbox 79 712 550 771; baseline -0.008 -14"><span class='ocrx_word' id='word_1_38' title='bbox 79 716 162 758; x_wconf 74' lang='lat' dir='ltr'><strong>ten.</strong></span> <span class='ocrx_word' id='word_1_39' title='bbox 185 712 550 771; x_wconf 69' lang='lat' dir='ltr'><strong>prorumpam.</strong></span> 
     </span>
    </p>
   </div>
   <div class='ocr_carea' id='block_1_7' title="bbox 134 783 1609 857">
    <p class='ocr_par' dir='ltr' id='par_1_7' title="bbox 134 783 1597 857">
     <span class='ocr_line' id='line_1_7' title="bbox 134 783 1597 857; baseline -0.003 -15"><span class='ocrx_word' id='word_1_40' title='bbox 134 793 275 843; x_wconf 76' lang='grc' dir='ltr'>Ἦκιι</span> <span class='ocrx_word' id='word_1_41' title='bbox 323 788 381 839; x_wconf 73' lang='grc' dir='ltr'><strong>δὲ</strong></span> <span class='ocrx_word' id='word_1_42' title='bbox 430 787 565 857; x_wconf 78' lang='grc' dir='ltr'>ἡμῖν</span> <span class='ocrx_word' id='word_1_43' title='bbox 596 785 626 839; x_wconf 80' lang='grc' dir='ltr'><strong>ό</strong></span> <span class='ocrx_word' id='word_1_44' title='bbox 660 784 816 854; x_wconf 89' lang='grc' dir='ltr'>λόγος</span> <span class='ocrx_word' id='word_1_45' title='bbox 849 786 937 837; x_wconf 66' lang='grc' dir='ltr'><strong>ἐπ’</strong></span> <span class='ocrx_word' id='word_1_46' title='bbox 977 784 1112 838; x_wconf 78' lang='grc' dir='ltr'>αὐτὸ</span> <span class='ocrx_word' id='word_1_47' title='bbox 1150 783 1214 838; x_wconf 77' lang='grc' dir='ltr'>τὸ</span> <span class='ocrx_word' id='word_1_48' title='bbox 1267 784 1597 854; x_wconf 77' lang='grc' dir='ltr'>κεφάλαιονο</span> 
     </span>
    </p>
   </div>
   <div class='ocr_carea' id='block_1_8' title="bbox 1708 783 3272 857">
    <p class='ocr_par' dir='ltr' id='par_1_8' title="bbox 1775 784 3272 856">
     <span class='ocr_line' id='line_1_8' title="bbox 1775 784 3272 856; baseline 0.001 -17"><span class='ocrx_word' id='word_1_49' title='bbox 1775 784 1937 840; x_wconf 71' lang='lat' dir='ltr'><strong>Venit</strong></span> <span class='ocrx_word' id='word_1_50' title='bbox 1985 797 2097 853; x_wconf 63' lang='lat' dir='ltr'><strong>tam</strong></span> <span class='ocrx_word' id='word_1_51' title='bbox 2151 784 2217 838; x_wconf 89' lang='lat' dir='ltr'><strong>ad</strong></span> <span class='ocrx_word' id='word_1_52' title='bbox 2280 784 2608 856; x_wconf 70' lang='lat' dir='ltr'><strong>prmcipuum</strong></span> <span class='ocrx_word' id='word_1_53' title='bbox 2672 787 3057 854; x_wconf 87' lang='lat' dir='ltr'><strong>disputationis</strong></span> <span class='ocrx_word' id='word_1_54' title='bbox 3107 797 3272 856; x_wconf 87' lang='lat' dir='ltr'><strong>caput</strong></span> 
     </span>
    </p>
   </div>
   <div class='ocr_carea' id='block_1_9' title="bbox 76 871 1609 947">
    <p class='ocr_par' dir='ltr' id='par_1_9' title="bbox 76 874 1609 947">
     <span class='ocr_line' id='line_1_9' title="bbox 76 874 1609 947; baseline -0.002 -18"><span class='ocrx_word' id='word_1_55' title='bbox 76 878 145 929; x_wconf 68' lang='lat' dir='ltr'><strong>mi</strong></span> <span class='ocrx_word' id='word_1_56' title='bbox 180 874 336 925; x_wconf 82' lang='grc' dir='ltr'>στένω</span> <span class='ocrx_word' id='word_1_57' title='bbox 369 874 487 943; x_wconf 82' lang='grc' dir='ltr'>μὲν,</span> <span class='ocrx_word' id='word_1_58' title='bbox 520 876 603 927; x_wconf 87' lang='grc' dir='ltr'>ὃτι</span> <span class='ocrx_word' id='word_1_59' title='bbox 639 875 805 929; x_wconf 81' lang='grc' dir='ltr'>πάλαι</span> <span class='ocrx_word' id='word_1_60' title='bbox 841 876 1101 945; x_wconf 83' lang='grc' dir='ltr'>τεθνηκὸς</span> <span class='ocrx_word' id='word_1_61' title='bbox 1138 876 1383 947; x_wconf 77' lang='grc' dir='ltr'>ζήτημα,</span> <span class='ocrx_word' id='word_1_62' title='bbox 1426 874 1520 927; x_wconf 88' lang='lat' dir='ltr'><strong>xui</strong></span> <span class='ocrx_word' id='word_1_63' title='bbox 1546 874 1609 945; x_wconf 74' lang='grc' dir='ltr'>τῇ</span> 
     </span>
    </p>
   </div>
   <div class='ocr_carea' id='block_1_10' title="bbox 1708 871 3271 947">
    <p class='ocr_par' dir='ltr' id='par_1_10' title="bbox 1708 871 3271 942">
     <span class='ocr_line' id='line_1_10' title="bbox 1708 871 3271 942; baseline -0.002 -13"><span class='ocrx_word' id='word_1_64' title='bbox 1708 876 1890 940; x_wconf 75' lang='grc' dir='ltr'>ιτιιιίος</span> <span class='ocrx_word' id='word_1_65' title='bbox 1921 890 1985 927; x_wconf 83' lang='lat' dir='ltr'><strong>ac</strong></span> <span class='ocrx_word' id='word_1_66' title='bbox 2025 872 2379 942; x_wconf 66' lang='lat' dir='ltr'><strong>quaestionem</strong></span> <span class='ocrx_word' id='word_1_67' title='bbox 2411 873 2650 939; x_wconf 85' lang='lat' dir='ltr'><strong>quidem,</strong></span> <span class='ocrx_word' id='word_1_68' title='bbox 2685 886 2803 940; x_wconf 71' lang='lat' dir='ltr'><strong>quae</strong></span> <span class='ocrx_word' id='word_1_69' title='bbox 2825 871 3152 942; x_wconf 77' lang='lat' dir='ltr'><strong>jampridem</strong></span> <span class='ocrx_word' id='word_1_70' title='bbox 3177 890 3271 942; x_wconf 87' lang='lat' dir='ltr'><strong>op—</strong></span> 
     </span>
    </p>
   </div>
   <div class='ocr_carea' id='block_1_11' title="bbox 76 966 1617 1037">
    <p class='ocr_par' dir='ltr' id='par_1_11' title="bbox 76 966 1617 1037">
     <span class='ocr_line' id='line_1_11' title="bbox 76 966 1617 1037; baseline 0 -17"><span class='ocrx_word' id='word_1_71' title='bbox 76 968 217 1021; x_wconf 76' lang='grc' dir='ltr'>πίστει</span> <span class='ocrx_word' id='word_1_72' title='bbox 265 966 697 1037; x_wconf 85' lang='grc' dir='ltr'>παραχωρῆσαν,</span> <span class='ocrx_word' id='word_1_73' title='bbox 729 968 823 1021; x_wconf 80' lang='grc' dir='ltr'>νῦν</span> <span class='ocrx_word' id='word_1_74' title='bbox 855 967 1293 1031; x_wconf 73' lang='grc' dir='ltr'>ἀνακαινίζεται’</span> <span class='ocrx_word' id='word_1_75' title='bbox 1327 967 1518 1037; x_wconf 82' lang='grc' dir='ltr'>στῆναι</span> <span class='ocrx_word' id='word_1_76' title='bbox 1558 966 1617 1021; x_wconf 75' lang='grc' dir='ltr'><strong>δδ</strong></span> 
     </span>
    </p>
   </div>
   <div class='ocr_carea' id='block_1_12' title="bbox 73 1058 1616 1133">
    <p class='ocr_par' dir='ltr' id='par_1_12' title="bbox 73 1058 1616 1133">
     <span class='ocr_line' id='line_1_12' title="bbox 73 1058 1616 1133; baseline 0 -20"><span class='ocrx_word' id='word_1_77' title='bbox 73 1064 189 1129; x_wconf 75' lang='grc' dir='ltr'>ὅμως</span> <span class='ocrx_word' id='word_1_78' title='bbox 246 1058 543 1123; x_wconf 80' lang='grc' dir='ltr'>ἀναγκαῖον</span> <span class='ocrx_word' id='word_1_79' title='bbox 598 1059 736 1129; x_wconf 86' lang='grc' dir='ltr'>πρὸς</span> <span class='ocrx_word' id='word_1_80' title='bbox 795 1060 922 1123; x_wconf 83' lang='grc' dir='ltr'>τοὺς</span> <span class='ocrx_word' id='word_1_81' title='bbox 975 1060 1338 1131; x_wconf 80' lang='grc' dir='ltr'>λογολέσχας,</span> <span class='ocrx_word' id='word_1_82' title='bbox 1392 1060 1487 1113; x_wconf 84' lang='lat' dir='ltr'><strong>xui</strong></span> <span class='ocrx_word' id='word_1_83' title='bbox 1541 1060 1616 1133; x_wconf 69' lang='grc' dir='ltr'>μὴ</span> 
     </span>
    </p>
   </div>
   <div class='ocr_carea' id='block_1_13' title="bbox 72 1149 1617 1225">
    <p class='ocr_par' dir='ltr' id='par_1_13' title="bbox 72 1149 1617 1225">
     <span class='ocr_line' id='line_1_13' title="bbox 72 1149 1617 1225; baseline 0 -20"><span class='ocrx_word' id='word_1_84' title='bbox 72 1156 247 1223; x_wconf 70' lang='grc' dir='ltr'>ἐρήμην</span> <span class='ocrx_word' id='word_1_85' title='bbox 292 1149 516 1213; x_wconf 79' lang='grc' dir='ltr'>ἁλῶναι,</span> <span class='ocrx_word' id='word_1_86' title='bbox 559 1151 733 1219; x_wconf 85' lang='grc' dir='ltr'><strong>Λόγον</strong></span> <span class='ocrx_word' id='word_1_87' title='bbox 771 1152 1015 1221; x_wconf 82' lang='grc' dir='ltr'>ἔχοντας,</span> <span class='ocrx_word' id='word_1_88' title='bbox 1050 1154 1145 1206; x_wconf 79' lang='grc' dir='ltr'><strong>καὶ</strong></span> <span class='ocrx_word' id='word_1_89' title='bbox 1181 1152 1617 1225; x_wconf 78' lang='grc' dir='ltr'>συνηγοροῦντας</span> 
     </span>
    </p>
   </div>
   <div class='ocr_carea' id='block_1_14' title="bbox 70 1242 1613 1312">
    <p class='ocr_par' dir='ltr' id='par_1_14' title="bbox 70 1242 1613 1312">
     <span class='ocr_line' id='line_1_14' title="bbox 70 1242 1613 1312; baseline 0.002 -15"><span class='ocrx_word' id='word_1_90' title='bbox 70 1242 327 1312; x_wconf 84' lang='grc' dir='ltr'>Πνεύματι.</span> <span class='ocrx_word' id='word_1_91' title='bbox 388 1242 454 1295; x_wconf 79' lang='grc' dir='ltr'><strong>Εἰ</strong></span> <span class='ocrx_word' id='word_1_92' title='bbox 486 1242 640 1306; x_wconf 84' lang='grc' dir='ltr'><strong>Θεὸς,</strong></span> <span class='ocrx_word' id='word_1_93' title='bbox 675 1244 807 1312; x_wconf 79' lang='grc' dir='ltr'>φασὶ</span> <span class='ocrx_word' id='word_1_94' title='bbox 840 1281 854 1305; x_wconf 89' lang='grc'><strong>,</strong></span> <span class='ocrx_word' id='word_1_95' title='bbox 1023 1246 1116 1299; x_wconf 85' lang='lat' dir='ltr'><strong>xui</strong></span> <span class='ocrx_word' id='word_1_96' title='bbox 1150 1247 1303 1309; x_wconf 81' lang='grc' dir='ltr'>Θεὸς.</span> <span class='ocrx_word' id='word_1_97' title='bbox 1338 1248 1433 1299; x_wconf 78' lang='grc' dir='ltr'>καὶ</span> <span class='ocrx_word' id='word_1_98' title='bbox 1458 1247 1613 1310; x_wconf 81' lang='grc' dir='ltr'>Θεὸς,</span> 
     </span>
    </p>
   </div>
   <div class='ocr_carea' id='block_1_15' title="bbox 68 1333 1616 1409">
    <p class='ocr_par' dir='ltr' id='par_1_15' title="bbox 68 1333 1616 1409">
     <span class='ocr_line' id='line_1_15' title="bbox 68 1333 1616 1409; baseline 0.003 -22"><span class='ocrx_word' id='word_1_99' title='bbox 68 1335 152 1397; x_wconf 81' lang='grc' dir='ltr'><strong>πῶς</strong></span> <span class='ocrx_word' id='word_1_100' title='bbox 180 1334 295 1403; x_wconf 77' lang='grc' dir='ltr'>οὐχὶ</span> <span class='ocrx_word' id='word_1_101' title='bbox 332 1336 482 1404; x_wconf 80' lang='grc' dir='ltr'><strong>τρεῖς</strong></span> <span class='ocrx_word' id='word_1_102' title='bbox 523 1333 635 1386; x_wconf 86' lang='grc' dir='ltr'>θεοί</span> <span class='ocrx_word' id='word_1_103' title='bbox 656 1352 671 1401; x_wconf 88' lang='grc'>;</span> <span class='ocrx_word' id='word_1_104' title='bbox 706 1335 739 1405; x_wconf 81' lang='grc' dir='ltr'>ἦ</span> <span class='ocrx_word' id='word_1_105' title='bbox 778 1334 895 1395; x_wconf 84' lang='grc' dir='ltr'><strong>πῶς</strong></span> <span class='ocrx_word' id='word_1_106' title='bbox 925 1336 986 1387; x_wconf 83' lang='grc' dir='ltr'><strong>ού</strong></span> <span class='ocrx_word' id='word_1_107' title='bbox 1028 1336 1337 1409; x_wconf 80' lang='grc' dir='ltr'><strong>πολυαρχία</strong></span> <span class='ocrx_word' id='word_1_108' title='bbox 1364 1338 1424 1390; x_wconf 84' lang='grc' dir='ltr'>τὸ</span> <span class='ocrx_word' id='word_1_109' title='bbox 1461 1338 1616 1405; x_wconf 79' lang='grc' dir='ltr'>δοξα-</span> 
     </span>
    </p>
   </div>
   <div class='ocr_carea' id='block_1_16' title="bbox 69 1425 1617 1501">
    <p class='ocr_par' dir='ltr' id='par_1_16' title="bbox 69 1425 1617 1501">
     <span class='ocr_line' id='line_1_16' title="bbox 69 1425 1617 1501; baseline 0.005 -25"><span class='ocrx_word' id='word_1_110' title='bbox 69 1428 281 1495; x_wconf 75' lang='grc' dir='ltr'>ζόμενον;</span> <span class='ocrx_word' id='word_1_111' title='bbox 319 1425 506 1478; x_wconf 80' lang='grc' dir='ltr'>Ταῦτα</span> <span class='ocrx_word' id='word_1_112' title='bbox 538 1425 721 1489; x_wconf 86' lang='grc' dir='ltr'>τίνες;</span> <span class='ocrx_word' id='word_1_113' title='bbox 751 1428 812 1479; x_wconf 81' lang='grc' dir='ltr'>Οί</span> <span class='ocrx_word' id='word_1_114' title='bbox 842 1427 1161 1499; x_wconf 84' lang='grc' dir='ltr'>τελεώτεροι</span> <span class='ocrx_word' id='word_1_115' title='bbox 1345 1430 1446 1501; x_wconf 79' lang='grc' dir='ltr'>τὴν</span> <span class='ocrx_word' id='word_1_116' title='bbox 1489 1430 1617 1483; x_wconf 84' lang='grc' dir='ltr'>ἀσέ-</span> 
     </span>
    </p>
   </div>
   <div class='ocr_carea' id='block_1_17' title="bbox 70 1514 1618 1591">
    <p class='ocr_par' dir='ltr' id='par_1_17' title="bbox 70 1514 1618 1591">
     <span class='ocr_line' id='line_1_17' title="bbox 70 1514 1618 1591; baseline 0.005 -23"><span class='ocrx_word' id='word_1_117' title='bbox 70 1518 205 1577; x_wconf 73' lang='grc' dir='ltr'>ϐειαν,</span> <span class='ocrx_word' id='word_1_118' title='bbox 249 1514 281 1585; x_wconf 81' lang='grc' dir='ltr'>ἦ</span> <span class='ocrx_word' id='word_1_119' title='bbox 320 1517 415 1569; x_wconf 81' lang='lat' dir='ltr'><strong>xui</strong></span> <span class='ocrx_word' id='word_1_120' title='bbox 444 1517 493 1569; x_wconf 77' lang='grc' dir='ltr'>οἱ</span> <span class='ocrx_word' id='word_1_121' title='bbox 528 1517 627 1587; x_wconf 79' lang='grc' dir='ltr'>τῆς</span> <span class='ocrx_word' id='word_1_122' title='bbox 667 1518 927 1587; x_wconf 82' lang='grc' dir='ltr'><strong>δευτέρας</strong></span> <span class='ocrx_word' id='word_1_123' title='bbox 1116 1520 1355 1591; x_wconf 81' lang='grc' dir='ltr'><strong>μερίδος,</strong></span> <span class='ocrx_word' id='word_1_124' title='bbox 1390 1521 1533 1591; x_wconf 85' lang='grc' dir='ltr'>λέγω</span> <span class='ocrx_word' id='word_1_125' title='bbox 1561 1523 1618 1576; x_wconf 77' lang='grc' dir='ltr'><strong>δὲ</strong></span> 
     </span>
    </p>
   </div>
   <div class='ocr_carea' id='block_1_18' title="bbox 72 1608 1617 1686">
    <p class='ocr_par' dir='ltr' id='par_1_18' title="bbox 72 1608 1617 1686">
     <span class='ocr_line' id='line_1_18' title="bbox 72 1608 1617 1686; baseline 0.004 -24"><span class='ocrx_word' id='word_1_126' title='bbox 72 1613 164 1672; x_wconf 72' lang='grc' dir='ltr'>τοὺς</span> <span class='ocrx_word' id='word_1_127' title='bbox 207 1608 329 1679; x_wconf 73' lang='grc' dir='ltr'>περὶ</span> <span class='ocrx_word' id='word_1_128' title='bbox 377 1608 469 1662; x_wconf 76' lang='grc' dir='ltr'><strong>τὸν</strong></span> <span class='ocrx_word' id='word_1_129' title='bbox 519 1609 645 1662; x_wconf 79' lang='grc' dir='ltr'>Υίόν</span> <span class='ocrx_word' id='word_1_130' title='bbox 693 1627 812 1674; x_wconf 85' lang='grc' dir='ltr'>πως</span> <span class='ocrx_word' id='word_1_131' title='bbox 851 1611 1225 1681; x_wconf 73' lang='grc' dir='ltr'><strong>εὐγνώμονας.</strong></span> <span class='ocrx_word' id='word_1_132' title='bbox 1267 1614 1325 1667; x_wconf 84' lang='grc' dir='ltr'>Ὀ</span> <span class='ocrx_word' id='word_1_133' title='bbox 1377 1614 1475 1684; x_wconf 82' lang='grc' dir='ltr'>μὲν</span> <span class='ocrx_word' id='word_1_134' title='bbox 1507 1616 1617 1686; x_wconf 91' lang='grc' dir='ltr'><strong>γάρ</strong></span> 
     </span>
    </p>
   </div>
   <div class='ocr_carea' id='block_1_19' title="bbox 72 1698 1594 1774">
    <p class='ocr_par' dir='ltr' id='par_1_19' title="bbox 72 1698 1594 1774">
     <span class='ocr_line' id='line_1_19' title="bbox 72 1698 1594 1774; baseline 0.005 -23"><span class='ocrx_word' id='word_1_135' title='bbox 72 1699 211 1760; x_wconf 72' lang='grc' dir='ltr'>κοινός</span> <span class='ocrx_word' id='word_1_136' title='bbox 241 1715 328 1767; x_wconf 85' lang='grc' dir='ltr'><strong>μοι</strong></span> <span class='ocrx_word' id='word_1_137' title='bbox 382 1698 518 1767; x_wconf 81' lang='grc' dir='ltr'>πρὸς</span> <span class='ocrx_word' id='word_1_138' title='bbox 564 1699 917 1771; x_wconf 73' lang='grc' dir='ltr'><strong>ἀμφοτέρους</strong></span> <span class='ocrx_word' id='word_1_139' title='bbox 964 1701 1139 1769; x_wconf 71' lang='grc' dir='ltr'>λόγος,</span> <span class='ocrx_word' id='word_1_140' title='bbox 1171 1705 1199 1755; x_wconf 87' lang='grc' dir='ltr'><strong>ό</strong></span> <span class='ocrx_word' id='word_1_141' title='bbox 1242 1704 1300 1757; x_wconf 83' lang='grc' dir='ltr'><strong>δὲ</strong></span> <span class='ocrx_word' id='word_1_142' title='bbox 1334 1704 1470 1774; x_wconf 82' lang='grc' dir='ltr'>πρὸς</span> <span class='ocrx_word' id='word_1_143' title='bbox 1501 1705 1594 1758; x_wconf 87' lang='grc' dir='ltr'><strong>τού</strong></span> 
     </span>
    </p>
   </div>
   <div class='ocr_carea' id='block_1_20' title="bbox 69 1783 1615 1863">
    <p class='ocr_par' dir='ltr' id='par_1_20' title="bbox 69 1783 1615 1863">
     <span class='ocr_line' id='line_1_20' title="bbox 69 1783 1615 1863; baseline 0.003 -19"><span class='ocrx_word' id='word_1_144' title='bbox 69 1809 162 1854; x_wconf 76' lang='grc' dir='ltr'>τους</span> <span class='ocrx_word' id='word_1_145' title='bbox 208 1790 350 1854; x_wconf 79' lang='grc' dir='ltr'>ἴδιος.</span> <span class='ocrx_word' id='word_1_146' title='bbox 393 1791 452 1844; x_wconf 85' lang='lat'><strong>&#39;0</strong></span> <span class='ocrx_word' id='word_1_147' title='bbox 485 1790 585 1859; x_wconf 84' lang='grc' dir='ltr'>μὲν</span> <span class='ocrx_word' id='word_1_148' title='bbox 624 1783 713 1845; x_wconf 73' lang='grc' dir='ltr'>οὖν</span> <span class='ocrx_word' id='word_1_149' title='bbox 764 1792 902 1863; x_wconf 81' lang='grc' dir='ltr'>πρὸς</span> <span class='ocrx_word' id='word_1_150' title='bbox 949 1793 1194 1858; x_wconf 85' lang='grc' dir='ltr'>τούτους,</span> <span class='ocrx_word' id='word_1_151' title='bbox 1243 1795 1505 1860; x_wconf 81' lang='grc' dir='ltr'>τοιοῦτος.</span> <span class='ocrx_word' id='word_1_152' title='bbox 1550 1796 1615 1850; x_wconf 85' lang='grc' dir='ltr'>Τί</span> 
     </span>
    </p>
   </div>
   <div class='ocr_carea' id='block_1_21' title="bbox 72 1880 1617 1954">
    <p class='ocr_par' dir='ltr' id='par_1_21' title="bbox 72 1880 1617 1954">
     <span class='ocr_line' id='line_1_21' title="bbox 72 1880 1617 1954; baseline 0.006 -22"><span class='ocrx_word' id='word_1_153' title='bbox 72 1898 177 1948; x_wconf 69' lang='grc' dir='ltr'>φατε</span> <span class='ocrx_word' id='word_1_154' title='bbox 214 1882 323 1942; x_wconf 86' lang='grc' dir='ltr'>τοῖς</span> <span class='ocrx_word' id='word_1_155' title='bbox 364 1880 662 1950; x_wconf 79' lang='grc' dir='ltr'>τριθεῖταις</span> <span class='ocrx_word' id='word_1_156' title='bbox 848 1885 1002 1954; x_wconf 82' lang='grc' dir='ltr'>ἡμῖν,</span> <span class='ocrx_word' id='word_1_157' title='bbox 1040 1886 1095 1938; x_wconf 68' lang='lat' dir='ltr'><strong>oi</strong></span> <span class='ocrx_word' id='word_1_158' title='bbox 1139 1885 1230 1940; x_wconf 77' lang='grc' dir='ltr'><strong>τὸν</strong></span> <span class='ocrx_word' id='word_1_159' title='bbox 1261 1886 1388 1942; x_wconf 85' lang='grc' dir='ltr'>Υίὸν</span> <span class='ocrx_word' id='word_1_160' title='bbox 1436 1888 1617 1941; x_wconf 72' lang='grc' dir='ltr'>σέϐον-</span> 
     </span>
    </p>
   </div>
   <div class='ocr_carea' id='block_1_22' title="bbox 69 1971 1616 2051">
    <p class='ocr_par' dir='ltr' id='par_1_22' title="bbox 69 1971 1616 2051">
     <span class='ocr_line' id='line_1_22' title="bbox 69 1971 1616 2051; baseline 0.006 -26"><span class='ocrx_word' id='word_1_161' title='bbox 69 1987 162 2033; x_wconf 79' lang='grc' dir='ltr'>τες,</span> <span class='ocrx_word' id='word_1_162' title='bbox 200 1974 245 2023; x_wconf 81' lang='grc' dir='ltr'>εἰ</span> <span class='ocrx_word' id='word_1_163' title='bbox 288 1972 381 2023; x_wconf 83' lang='lat' dir='ltr'><strong>xui</strong></span> <span class='ocrx_word' id='word_1_164' title='bbox 424 1971 519 2024; x_wconf 76' lang='grc' dir='ltr'>τοῦ</span> <span class='ocrx_word' id='word_1_165' title='bbox 551 1973 868 2044; x_wconf 84' lang='grc' dir='ltr'>Πνεύματος</span> <span class='ocrx_word' id='word_1_166' title='bbox 910 1978 1287 2049; x_wconf 73' lang='grc' dir='ltr'>ἀφεστήκατες</span> <span class='ocrx_word' id='word_1_167' title='bbox 1328 1980 1518 2051; x_wconf 80' lang='grc' dir='ltr'>Ὑμεῖς</span> <span class='ocrx_word' id='word_1_168' title='bbox 1554 1980 1616 2036; x_wconf 69' lang='grc' dir='ltr'><strong>δὲ</strong></span> 
     </span>
    </p>
   </div>
   <div class='ocr_carea' id='block_1_23' title="bbox 68 2063 402 2131">
    <p class='ocr_par' dir='ltr' id='par_1_23' title="bbox 68 2063 402 2131">
     <span class='ocr_line' id='line_1_23' title="bbox 68 2063 402 2131; baseline 0.006 -15"><span class='ocrx_word' id='word_1_169' title='bbox 68 2065 112 2116; x_wconf 72' lang='grc' dir='ltr'>οὗ</span> <span class='ocrx_word' id='word_1_170' title='bbox 138 2063 350 2118; x_wconf 81' lang='grc' dir='ltr'>διθεϊται</span> <span class='ocrx_word' id='word_1_171' title='bbox 386 2082 402 2131; x_wconf 89' lang='grc'><strong>;</strong></span> 
     </span>
    </p>
   </div>
   <div class='ocr_carea' id='block_1_24' title="bbox 1688 960 3274 1037">
    <p class='ocr_par' dir='ltr' id='par_1_24' title="bbox 1688 960 3274 1037">
     <span class='ocr_line' id='line_1_24' title="bbox 1688 960 3274 1037; baseline -0.003 -17"><span class='ocrx_word' id='word_1_172' title='bbox 1688 981 1875 1037; x_wconf 86' lang='lat' dir='ltr'><strong>pressa</strong></span> <span class='ocrx_word' id='word_1_173' title='bbox 1908 974 1992 1021; x_wconf 88' lang='lat' dir='ltr'><strong>est</strong></span> <span class='ocrx_word' id='word_1_174' title='bbox 2026 973 2079 1020; x_wconf 87' lang='lat' dir='ltr'><strong>et</strong></span> <span class='ocrx_word' id='word_1_175' title='bbox 2110 964 2403 1029; x_wconf 78' lang='lat' dir='ltr'><strong>exstincta,</strong></span> <span class='ocrx_word' id='word_1_176' title='bbox 2434 972 2598 1030; x_wconf 89' lang='lat' dir='ltr'><strong>atque</strong></span> <span class='ocrx_word' id='word_1_177' title='bbox 2626 960 2748 1016; x_wconf 73' lang='lat' dir='ltr'><strong>ﬁdei</strong></span> <span class='ocrx_word' id='word_1_178' title='bbox 2778 963 2963 1026; x_wconf 89' lang='lat' dir='ltr'><strong>cessit,</strong></span> <span class='ocrx_word' id='word_1_179' title='bbox 2995 964 3097 1018; x_wconf 91' lang='lat' dir='ltr'><strong>hoc</strong></span> <span class='ocrx_word' id='word_1_180' title='bbox 3140 973 3274 1017; x_wconf 89' lang='lat' dir='ltr'><strong>tem-</strong></span> 
     </span>
    </p>
   </div>
   <div class='ocr_carea' id='block_1_25' title="bbox 1688 1053 3266 1129">
    <p class='ocr_par' dir='ltr' id='par_1_25' title="bbox 1688 1053 3266 1129">
     <span class='ocr_line' id='line_1_25' title="bbox 1688 1053 3266 1129; baseline -0.004 -16"><span class='ocrx_word' id='word_1_181' title='bbox 1688 1074 1821 1129; x_wconf 88' lang='lat' dir='ltr'><strong>pore</strong></span> <span class='ocrx_word' id='word_1_182' title='bbox 1858 1056 2108 1112; x_wconf 87' lang='lat' dir='ltr'><strong>renovari</strong></span> <span class='ocrx_word' id='word_1_183' title='bbox 2144 1054 2302 1109; x_wconf 89' lang='lat' dir='ltr'><strong>doleo</strong></span> <span class='ocrx_word' id='word_1_184' title='bbox 2332 1064 2387 1108; x_wconf 91' lang='lat' dir='ltr'><strong>et</strong></span> <span class='ocrx_word' id='word_1_185' title='bbox 2424 1053 2765 1121; x_wconf 79' lang='lat' dir='ltr'><strong>ingemisco:</strong></span> <span class='ocrx_word' id='word_1_186' title='bbox 2800 1055 3063 1108; x_wconf 87' lang='lat' dir='ltr'><strong>adversus</strong></span> <span class='ocrx_word' id='word_1_187' title='bbox 3112 1056 3266 1109; x_wconf 88' lang='lat' dir='ltr'><strong>rabu-</strong></span> 
     </span>
    </p>
   </div>
   <div class='ocr_carea' id='block_1_26' title="bbox 1689 1145 3271 1215">
    <p class='ocr_par' dir='ltr' id='par_1_26' title="bbox 1689 1145 3271 1215">
     <span class='ocr_line' id='line_1_26' title="bbox 1689 1145 3271 1215; baseline -0.006 -8"><span class='ocrx_word' id='word_1_188' title='bbox 1689 1153 1773 1207; x_wconf 85' lang='lat' dir='ltr'><strong>las</strong></span> <span class='ocrx_word' id='word_1_189' title='bbox 1803 1160 1984 1205; x_wconf 87' lang='lat' dir='ltr'><strong>tamen</strong></span> <span class='ocrx_word' id='word_1_190' title='bbox 2018 1159 2165 1206; x_wconf 88' lang='lat' dir='ltr'><strong>stare</strong></span> <span class='ocrx_word' id='word_1_191' title='bbox 2190 1162 2411 1203; x_wconf 87' lang='lat' dir='ltr'><strong>necesse</strong></span> <span class='ocrx_word' id='word_1_192' title='bbox 2440 1156 2545 1211; x_wconf 86' lang='lat' dir='ltr'><strong>est,</strong></span> <span class='ocrx_word' id='word_1_193' title='bbox 2582 1161 2646 1199; x_wconf 86' lang='lat' dir='ltr'><strong>ac</strong></span> <span class='ocrx_word' id='word_1_194' title='bbox 2667 1145 2971 1215; x_wconf 77' lang='lat' dir='ltr'><strong>providere,</strong></span> <span class='ocrx_word' id='word_1_195' title='bbox 3015 1161 3081 1199; x_wconf 93' lang='lat' dir='ltr'><strong>ne</strong></span> <span class='ocrx_word' id='word_1_196' title='bbox 3130 1147 3271 1199; x_wconf 91' lang='lat' dir='ltr'><strong>velut</strong></span> 
     </span>
    </p>
   </div>
   <div class='ocr_carea' id='block_1_27' title="bbox 1688 1234 3272 1305">
    <p class='ocr_par' dir='ltr' id='par_1_27' title="bbox 1688 1234 3272 1305">
     <span class='ocr_line' id='line_1_27' title="bbox 1688 1234 3272 1305; baseline -0.006 -7"><span class='ocrx_word' id='word_1_197' title='bbox 1688 1244 1900 1297; x_wconf 83' lang='lat' dir='ltr'><strong>deserta</strong></span> <span class='ocrx_word' id='word_1_198' title='bbox 1936 1255 2099 1295; x_wconf 86' lang='lat' dir='ltr'><strong>causa</strong></span> <span class='ocrx_word' id='word_1_199' title='bbox 2122 1240 2427 1301; x_wconf 81' lang='lat' dir='ltr'><strong>vincamur,</strong></span> <span class='ocrx_word' id='word_1_200' title='bbox 2457 1236 2547 1305; x_wconf 91' lang='lat' dir='ltr'><strong>qui</strong></span> <span class='ocrx_word' id='word_1_201' title='bbox 2583 1235 2814 1291; x_wconf 82' lang='lat' dir='ltr'><strong>Verbum</strong></span> <span class='ocrx_word' id='word_1_202' title='bbox 2844 1234 3121 1301; x_wconf 75' lang='lat' dir='ltr'><strong>habemus,</strong></span> <span class='ocrx_word' id='word_1_203' title='bbox 3149 1236 3272 1305; x_wconf 87' lang='lat' dir='ltr'><strong>Spi-</strong></span> 
     </span>
    </p>
   </div>
   <div class='ocr_carea' id='block_1_28' title="bbox 1693 1326 3267 1404">
    <p class='ocr_par' dir='ltr' id='par_1_28' title="bbox 1693 1326 3267 1404">
     <span class='ocr_line' id='line_1_28' title="bbox 1693 1326 3267 1404; baseline -0.005 -15"><span class='ocrx_word' id='word_1_204' title='bbox 1693 1335 1936 1404; x_wconf 80' lang='lat' dir='ltr'><strong>ritusqne</strong></span> <span class='ocrx_word' id='word_1_205' title='bbox 1966 1332 2327 1403; x_wconf 73' lang='lat' dir='ltr'><strong>patrocinium</strong></span> <span class='ocrx_word' id='word_1_206' title='bbox 2356 1328 2699 1397; x_wconf 83' lang='lat' dir='ltr'><strong>suscipimus.</strong></span> <span class='ocrx_word' id='word_1_207' title='bbox 2719 1326 2774 1381; x_wconf 88' lang='lat' dir='ltr'><strong>Si</strong></span> <span class='ocrx_word' id='word_1_208' title='bbox 2812 1326 2973 1394; x_wconf 90' lang='lat' dir='ltr'><strong>Deus,</strong></span> <span class='ocrx_word' id='word_1_209' title='bbox 2997 1328 3267 1396; x_wconf 89' lang='lat' dir='ltr'><strong>inquiunt,</strong></span> 
     </span>
    </p>
   </div>
   <div class='ocr_carea' id='block_1_29' title="bbox 1688 1426 3276 1495">
    <p class='ocr_par' dir='ltr' id='par_1_29' title="bbox 1688 1426 3276 1495">
     <span class='ocr_line' id='line_1_29' title="bbox 1688 1426 3276 1495; baseline -0.001 -13"><span class='ocrx_word' id='word_1_210' title='bbox 1688 1436 1745 1482; x_wconf 86' lang='lat' dir='ltr'><strong>et</strong></span> <span class='ocrx_word' id='word_1_211' title='bbox 1772 1428 1931 1494; x_wconf 87' lang='lat' dir='ltr'><strong>Deus,</strong></span> <span class='ocrx_word' id='word_1_212' title='bbox 1961 1438 2014 1482; x_wconf 91' lang='lat' dir='ltr'><strong>et</strong></span> <span class='ocrx_word' id='word_1_213' title='bbox 2041 1427 2199 1489; x_wconf 85' lang='lat' dir='ltr'><strong>Deus,</strong></span> <span class='ocrx_word' id='word_1_214' title='bbox 2232 1427 2359 1494; x_wconf 89' lang='lat' dir='ltr'><strong>quid</strong></span> <span class='ocrx_word' id='word_1_215' title='bbox 2382 1440 2558 1479; x_wconf 72' lang='lat' dir='ltr'><strong>causa:</strong></span> <span class='ocrx_word' id='word_1_216' title='bbox 2591 1440 2711 1480; x_wconf 89' lang='lat' dir='ltr'><strong>esse</strong></span> <span class='ocrx_word' id='word_1_217' title='bbox 2756 1434 2949 1495; x_wconf 79' lang='lat' dir='ltr'><strong>patest,</strong></span> <span class='ocrx_word' id='word_1_218' title='bbox 2988 1426 3115 1494; x_wconf 89' lang='lat' dir='ltr'><strong>quin</strong></span> <span class='ocrx_word' id='word_1_219' title='bbox 3166 1436 3276 1481; x_wconf 88' lang='lat' dir='ltr'><strong>tres</strong></span> 
     </span>
    </p>
   </div>
   <div class='ocr_carea' id='block_1_30' title="bbox 1692 1517 3273 1589">
    <p class='ocr_par' dir='ltr' id='par_1_30' title="bbox 1692 1517 3273 1589">
     <span class='ocr_line' id='line_1_30' title="bbox 1692 1517 3273 1589; baseline -0.003 -15"><span class='ocrx_word' id='word_1_220' title='bbox 1692 1522 1801 1575; x_wconf 89' lang='lat' dir='ltr'><strong>sint</strong></span> <span class='ocrx_word' id='word_1_221' title='bbox 1838 1521 1935 1584; x_wconf 92' lang='lat' dir='ltr'><strong>dii,</strong></span> <span class='ocrx_word' id='word_1_222' title='bbox 1959 1530 2050 1573; x_wconf 89' lang='lat' dir='ltr'><strong>aut</strong></span> <span class='ocrx_word' id='word_1_223' title='bbox 2077 1521 2205 1589; x_wconf 91' lang='lat' dir='ltr'><strong>quin</strong></span> <span class='ocrx_word' id='word_1_224' title='bbox 2244 1518 2475 1587; x_wconf 90' lang='lat' dir='ltr'><strong>plurium</strong></span> <span class='ocrx_word' id='word_1_225' title='bbox 2525 1518 2744 1571; x_wconf 88' lang='lat' dir='ltr'><strong>deorum</strong></span> <span class='ocrx_word' id='word_1_226' title='bbox 2798 1517 3155 1587; x_wconf 70' lang='lat' dir='ltr'><strong>principatum</strong></span> <span class='ocrx_word' id='word_1_227' title='bbox 3183 1533 3273 1572; x_wconf 88' lang='lat' dir='ltr'><strong>co-</strong></span> 
     </span>
    </p>
   </div>
   <div class='ocr_carea' id='block_1_31' title="bbox 1693 1608 3273 1679">
    <p class='ocr_par' dir='ltr' id='par_1_31' title="bbox 1693 1608 3273 1679">
     <span class='ocr_line' id='line_1_31' title="bbox 1693 1608 3273 1679; baseline -0.002 -13"><span class='ocrx_word' id='word_1_228' title='bbox 1693 1613 1905 1667; x_wconf 84' lang='lat' dir='ltr'><strong>lamus?</strong></span> <span class='ocrx_word' id='word_1_229' title='bbox 1932 1612 2162 1679; x_wconf 82' lang='lat' dir='ltr'><strong>Quinam</strong></span> <span class='ocrx_word' id='word_1_230' title='bbox 2196 1610 2346 1665; x_wconf 68' lang='lat' dir='ltr'><strong>haec?</strong></span> <span class='ocrx_word' id='word_1_231' title='bbox 2373 1608 2435 1663; x_wconf 90' lang='lat' dir='ltr'><strong>lli</strong></span> <span class='ocrx_word' id='word_1_232' title='bbox 2474 1624 2686 1677; x_wconf 87' lang='lat' dir='ltr'><strong>nempe,</strong></span> <span class='ocrx_word' id='word_1_233' title='bbox 2723 1610 2813 1679; x_wconf 90' lang='lat' dir='ltr'><strong>qui</strong></span> <span class='ocrx_word' id='word_1_234' title='bbox 2846 1608 3197 1677; x_wconf 80' lang='lat' dir='ltr'><strong>perfectiores</strong></span> <span class='ocrx_word' id='word_1_235' title='bbox 3220 1610 3273 1663; x_wconf 94' lang='lat' dir='ltr'><strong>in</strong></span> 
     </span>
    </p>
   </div>
   <div class='ocr_carea' id='block_1_32' title="bbox 1693 1702 3279 1775">
    <p class='ocr_par' dir='ltr' id='par_1_32' title="bbox 1693 1702 3279 1775">
     <span class='ocr_line' id='line_1_32' title="bbox 1693 1702 3279 1775; baseline -0.001 -16"><span class='ocrx_word' id='word_1_236' title='bbox 1693 1706 1970 1775; x_wconf 88' lang='lat' dir='ltr'><strong>impietate</strong></span> <span class='ocrx_word' id='word_1_237' title='bbox 1997 1716 2144 1767; x_wconf 80' lang='lat' dir='ltr'><strong>sunt,</strong></span> <span class='ocrx_word' id='word_1_238' title='bbox 2201 1711 2295 1757; x_wconf 81' lang='lat' dir='ltr'><strong>aut</strong></span> <span class='ocrx_word' id='word_1_239' title='bbox 2341 1704 2504 1757; x_wconf 84' lang='lat' dir='ltr'><strong>etiam</strong></span> <span class='ocrx_word' id='word_1_240' title='bbox 2557 1702 2647 1773; x_wconf 86' lang='lat' dir='ltr'><strong>qui</strong></span> <span class='ocrx_word' id='word_1_241' title='bbox 2680 1705 2946 1758; x_wconf 79' lang='lat' dir='ltr'><strong>secundas</strong></span> <span class='ocrx_word' id='word_1_242' title='bbox 2981 1712 3164 1773; x_wconf 84' lang='lat' dir='ltr'><strong>partes</strong></span> <span class='ocrx_word' id='word_1_243' title='bbox 3201 1713 3279 1757; x_wconf 89' lang='lat' dir='ltr'><strong>te-</strong></span> 
     </span>
    </p>
   </div>
   <div class='ocr_carea' id='block_1_33' title="bbox 1694 1793 3280 1863">
    <p class='ocr_par' dir='ltr' id='par_1_33' title="bbox 1694 1793 3280 1863">
     <span class='ocr_line' id='line_1_33' title="bbox 1694 1793 3280 1863; baseline -0.003 -11"><span class='ocrx_word' id='word_1_244' title='bbox 1694 1805 1841 1860; x_wconf 83' lang='lat' dir='ltr'><strong>nent,</strong></span> <span class='ocrx_word' id='word_1_245' title='bbox 1877 1797 1978 1849; x_wconf 87' lang='lat' dir='ltr'><strong>hoc</strong></span> <span class='ocrx_word' id='word_1_246' title='bbox 2006 1804 2110 1859; x_wconf 88' lang='lat' dir='ltr'><strong>est,</strong></span> <span class='ocrx_word' id='word_1_247' title='bbox 2135 1794 2227 1863; x_wconf 91' lang='lat' dir='ltr'><strong>qni</strong></span> <span class='ocrx_word' id='word_1_248' title='bbox 2269 1794 2335 1848; x_wconf 85' lang='lat' dir='ltr'><strong>de</strong></span> <span class='ocrx_word' id='word_1_249' title='bbox 2363 1793 2501 1849; x_wconf 76' lang='lat' dir='ltr'><strong>Filio</strong></span> <span class='ocrx_word' id='word_1_250' title='bbox 2554 1794 2755 1848; x_wconf 88' lang='lat' dir='ltr'><strong>rectius</strong></span> <span class='ocrx_word' id='word_1_251' title='bbox 2786 1794 3042 1849; x_wconf 86' lang='lat' dir='ltr'><strong>sentiunt.</strong></span> <span class='ocrx_word' id='word_1_252' title='bbox 3086 1793 3280 1847; x_wconf 87' lang='lat' dir='ltr'><strong>Sermo</strong></span> 
     </span>
    </p>
   </div>
   <div class='ocr_carea' id='block_1_34' title="bbox 1692 1883 3275 1954">
    <p class='ocr_par' dir='ltr' id='par_1_34' title="bbox 1692 1883 3275 1954">
     <span class='ocr_line' id='line_1_34' title="bbox 1692 1883 3275 1954; baseline -0.002 -15"><span class='ocrx_word' id='word_1_253' title='bbox 1692 1889 1834 1939; x_wconf 83' lang='lat' dir='ltr'><strong>enim</strong></span> <span class='ocrx_word' id='word_1_254' title='bbox 1860 1885 2011 1948; x_wconf 90' lang='lat' dir='ltr'><strong>mihi,</strong></span> <span class='ocrx_word' id='word_1_255' title='bbox 2043 1886 2239 1954; x_wconf 88' lang='lat' dir='ltr'><strong>partim</strong></span> <span class='ocrx_word' id='word_1_256' title='bbox 2270 1885 2534 1938; x_wconf 83' lang='lat' dir='ltr'><strong>adversus</strong></span> <span class='ocrx_word' id='word_1_257' title='bbox 2588 1883 2779 1938; x_wconf 85' lang='lat' dir='ltr'><strong>ambos</strong></span> <span class='ocrx_word' id='word_1_258' title='bbox 2829 1884 3133 1938; x_wconf 82' lang='lat' dir='ltr'><strong>communis</strong></span> <span class='ocrx_word' id='word_1_259' title='bbox 3171 1896 3275 1947; x_wconf 87' lang='lat' dir='ltr'><strong>cst,</strong></span> 
     </span>
    </p>
   </div>
   <div class='ocr_carea' id='block_1_35' title="bbox 1695 1974 3278 2044">
    <p class='ocr_par' dir='ltr' id='par_1_35' title="bbox 1695 1974 3278 2044">
     <span class='ocr_line' id='line_1_35' title="bbox 1695 1974 3278 2044; baseline 0 -18"><span class='ocrx_word' id='word_1_260' title='bbox 1695 1978 1888 2044; x_wconf 82' lang='lat' dir='ltr'><strong>partim</strong></span> <span class='ocrx_word' id='word_1_261' title='bbox 1914 1975 2175 2030; x_wconf 87' lang='lat' dir='ltr'><strong>adversus</strong></span> <span class='ocrx_word' id='word_1_262' title='bbox 2207 1976 2305 2030; x_wconf 89' lang='lat' dir='ltr'><strong>hos</strong></span> <span class='ocrx_word' id='word_1_263' title='bbox 2336 1976 2585 2044; x_wconf 84' lang='lat' dir='ltr'><strong>proprius</strong></span> <span class='ocrx_word' id='word_1_264' title='bbox 2615 1985 2670 2029; x_wconf 87' lang='lat' dir='ltr'><strong>et</strong></span> <span class='ocrx_word' id='word_1_265' title='bbox 2710 1975 3020 2044; x_wconf 72' lang='lat' dir='ltr'><strong>peculiaris.</strong></span> <span class='ocrx_word' id='word_1_266' title='bbox 3046 1974 3124 2029; x_wconf 83' lang='lat' dir='ltr'><strong>Ac</strong></span> <span class='ocrx_word' id='word_1_267' title='bbox 3154 1992 3278 2029; x_wconf 89' lang='lat' dir='ltr'><strong>cum</strong></span> 
     </span>
    </p>
   </div>
   <div class='ocr_carea' id='block_1_36' title="bbox 571 2066 1609 2139">
    <p class='ocr_par' dir='ltr' id='par_1_36' title="bbox 571 2066 1609 2139">
     <span class='ocr_line' id='line_1_36' title="bbox 571 2066 1609 2139; baseline 0.007 -20"><span class='ocrx_word' id='word_1_268' title='bbox 571 2066 635 2119; x_wconf 74' lang='lat' dir='ltr'><strong>Et</strong></span> <span class='ocrx_word' id='word_1_269' title='bbox 668 2066 767 2137; x_wconf 82' lang='grc' dir='ltr'>μὲν</span> <span class='ocrx_word' id='word_1_270' title='bbox 795 2068 905 2139; x_wconf 83' lang='grc' dir='ltr'><strong>γὰρ</strong></span> <span class='ocrx_word' id='word_1_271' title='bbox 944 2070 1197 2139; x_wconf 80' lang='grc' dir='ltr'>ἀρνεῖσθε</span> <span class='ocrx_word' id='word_1_272' title='bbox 1226 2072 1322 2125; x_wconf 82' lang='grc' dir='ltr'>καὶ</span> <span class='ocrx_word' id='word_1_273' title='bbox 1364 2072 1457 2125; x_wconf 82' lang='grc' dir='ltr'>τοῦ</span> <span class='ocrx_word' id='word_1_274' title='bbox 1494 2072 1609 2126; x_wconf 77' lang='grc' dir='ltr'><strong>Μο-</strong></span> 
     </span>
    </p>
   </div>
   <div class='ocr_carea' id='block_1_37' title="bbox 1708 2066 3279 2139">
    <p class='ocr_par' dir='ltr' id='par_1_37' title="bbox 1708 2066 3279 2136">
     <span class='ocr_line' id='line_1_37' title="bbox 1708 2066 3279 2136; baseline -0.001 -16"><span class='ocrx_word' id='word_1_275' title='bbox 1708 2069 1781 2124; x_wconf 70' lang='lat' dir='ltr'><strong>llis</strong></span> <span class='ocrx_word' id='word_1_276' title='bbox 1804 2067 2022 2136; x_wconf 76' lang='lat' dir='ltr'><strong>quidem</strong></span> <span class='ocrx_word' id='word_1_277' title='bbox 2069 2067 2136 2120; x_wconf 87' lang='lat' dir='ltr'><strong>ad</strong></span> <span class='ocrx_word' id='word_1_278' title='bbox 2190 2068 2332 2120; x_wconf 89' lang='lat' dir='ltr'><strong>hunc.</strong></span> <span class='ocrx_word' id='word_1_279' title='bbox 2388 2067 2607 2121; x_wconf 86' lang='lat' dir='ltr'><strong>modum</strong></span> <span class='ocrx_word' id='word_1_280' title='bbox 2640 2080 2879 2135; x_wconf 81' lang='lat' dir='ltr'><strong>agemus.</strong></span> <span class='ocrx_word' id='word_1_281' title='bbox 2916 2066 3053 2132; x_wconf 89' lang='lat' dir='ltr'><strong>Quid</strong></span> <span class='ocrx_word' id='word_1_282' title='bbox 3097 2066 3279 2119; x_wconf 41' lang='lat' dir='ltr'><strong>tridei.</strong></span> 
     </span>
    </p>
   </div>
   <div class='ocr_carea' id='block_1_38' title="bbox 68 2139 1609 2235">
    <p class='ocr_par' dir='ltr' id='par_1_38' title="bbox 68 2154 1609 2235">
     <span class='ocr_line' id='line_1_38' title="bbox 68 2154 1609 2235; baseline 0.008 -29"><span class='ocrx_word' id='word_1_283' title='bbox 68 2154 279 2222; x_wconf 68' lang='grc' dir='ltr'>νογενοῦς</span> <span class='ocrx_word' id='word_1_284' title='bbox 306 2154 405 2227; x_wconf 78' lang='grc' dir='ltr'><strong>τὴν</strong></span> <span class='ocrx_word' id='word_1_285' title='bbox 432 2158 826 2231; x_wconf 79' lang='grc' dir='ltr'><strong>προσκύνησιν,</strong></span> <span class='ocrx_word' id='word_1_286' title='bbox 854 2163 1042 2232; x_wconf 79' lang='grc' dir='ltr'>σαφῶς</span> <span class='ocrx_word' id='word_1_287' title='bbox 1069 2163 1297 2235; x_wconf 79' lang='grc' dir='ltr'><strong>τέταχθε</strong></span> <span class='ocrx_word' id='word_1_288' title='bbox 1339 2164 1480 2235; x_wconf 85' lang='grc' dir='ltr'><strong>μετά</strong></span> <span class='ocrx_word' id='word_1_289' title='bbox 1503 2164 1609 2218; x_wconf 79' lang='grc' dir='ltr'><strong>τῶν</strong></span> 
     </span>
    </p>
   </div>
   <div class='ocr_carea' id='block_1_39' title="bbox 1708 2139 3278 2235">
    <p class='ocr_par' dir='ltr' id='par_1_39' title="bbox 1708 2158 3278 2227">
     <span class='ocr_line' id='line_1_39' title="bbox 1708 2158 3278 2227; baseline 0.001 -16"><span class='ocrx_word' id='word_1_290' title='bbox 1708 2160 1765 2213; x_wconf 88' lang='lat' dir='ltr'><strong>.is</strong></span> <span class='ocrx_word' id='word_1_291' title='bbox 1796 2159 1955 2214; x_wconf 83' lang='lat' dir='ltr'><strong>nobis</strong></span> <span class='ocrx_word' id='word_1_292' title='bbox 1981 2159 2183 2225; x_wconf 90' lang='lat' dir='ltr'><strong>dicitis,</strong></span> <span class='ocrx_word' id='word_1_293' title='bbox 2214 2160 2304 2227; x_wconf 92' lang='lat' dir='ltr'><strong>qui</strong></span> <span class='ocrx_word' id='word_1_294' title='bbox 2339 2158 2531 2213; x_wconf 82' lang='lat' dir='ltr'><strong>Filium</strong></span> <span class='ocrx_word' id='word_1_295' title='bbox 2589 2158 2785 2219; x_wconf 87' lang='lat' dir='ltr'><strong>colitis,</strong></span> <span class='ocrx_word' id='word_1_296' title='bbox 2848 2160 2948 2213; x_wconf 82' lang='lat' dir='ltr'><strong>etsi</strong></span> <span class='ocrx_word' id='word_1_297' title='bbox 2999 2175 3026 2211; x_wconf 93' lang='lat' dir='ltr'><strong>a</strong></span> <span class='ocrx_word' id='word_1_298' title='bbox 3078 2159 3278 2225; x_wconf 85' lang='lat' dir='ltr'><strong>Spiritu</strong></span> 
     </span>
    </p>
   </div>
   <div class='ocr_carea' id='block_1_40' title="bbox 66 2246 1609 2328">
    <p class='ocr_par' dir='ltr' id='par_1_40' title="bbox 66 2246 1609 2328">
     <span class='ocr_line' id='line_1_40' title="bbox 66 2246 1609 2328; baseline 0.005 -25"><span class='ocrx_word' id='word_1_299' title='bbox 66 2246 317 2298; x_wconf 60' lang='grc' dir='ltr'>ἐναντίων</span> <span class='ocrx_word' id='word_1_300' title='bbox 376 2248 471 2301; x_wconf 84' lang='lat' dir='ltr'><strong>xui</strong></span> <span class='ocrx_word' id='word_1_301' title='bbox 521 2248 573 2302; x_wconf 86' lang='grc' dir='ltr'><strong>τί</strong></span> <span class='ocrx_word' id='word_1_302' title='bbox 622 2249 1187 2326; x_wconf 76' lang='grc' dir='ltr'>φιλανθρωπευόμεθα</span> <span class='ocrx_word' id='word_1_303' title='bbox 1242 2256 1381 2327; x_wconf 77' lang='grc' dir='ltr'>πρὸς</span> <span class='ocrx_word' id='word_1_304' title='bbox 1438 2257 1609 2328; x_wconf 79' lang='grc' dir='ltr'>ὑμᾶς,</span> 
     </span>
    </p>
   </div>
   <div class='ocr_carea' id='block_1_41' title="bbox 64 2338 1614 2412">
    <p class='ocr_par' dir='ltr' id='par_1_41' title="bbox 64 2338 1614 2412">
     <span class='ocr_line' id='line_1_41' title="bbox 64 2338 1614 2412; baseline 0.009 -24"><span class='ocrx_word' id='word_1_305' title='bbox 64 2338 118 2400; x_wconf 79' lang='grc' dir='ltr'>ὡς</span> <span class='ocrx_word' id='word_1_306' title='bbox 148 2338 202 2389; x_wconf 81' lang='grc' dir='ltr'><strong>ού</strong></span> <span class='ocrx_word' id='word_1_307' title='bbox 247 2338 419 2409; x_wconf 75' lang='grc' dir='ltr'>πάντη</span> <span class='ocrx_word' id='word_1_308' title='bbox 466 2342 931 2412; x_wconf 69' lang='grc' dir='ltr'>νενεκρωμένουςζ</span> <span class='ocrx_word' id='word_1_309' title='bbox 978 2346 1041 2398; x_wconf 81' lang='lat' dir='ltr'><strong>Ei</strong></span> <span class='ocrx_word' id='word_1_310' title='bbox 1082 2346 1145 2400; x_wconf 77' lang='grc' dir='ltr'><strong>δὲ</strong></span> <span class='ocrx_word' id='word_1_311' title='bbox 1201 2346 1468 2411; x_wconf 77' lang='grc' dir='ltr'>σέϐεσθε,</span> <span class='ocrx_word' id='word_1_312' title='bbox 1520 2350 1614 2402; x_wconf 80' lang='lat' dir='ltr'><strong>xui</strong></span> 
     </span>
    </p>
   </div>
   <div class='ocr_carea' id='block_1_42' title="bbox 68 2428 1603 2509">
    <p class='ocr_par' dir='ltr' id='par_1_42' title="bbox 68 2428 1603 2509">
     <span class='ocr_line' id='line_1_42' title="bbox 68 2428 1603 2509; baseline 0.008 -30"><span class='ocrx_word' id='word_1_313' title='bbox 68 2429 196 2497; x_wconf 76' lang='grc' dir='ltr'>μέχρι</span> <span class='ocrx_word' id='word_1_314' title='bbox 239 2428 425 2481; x_wconf 83' lang='grc' dir='ltr'>τούτου</span> <span class='ocrx_word' id='word_1_315' title='bbox 453 2430 728 2485; x_wconf 76' lang='grc' dir='ltr'><strong>διάκεισθε</strong></span> <span class='ocrx_word' id='word_1_316' title='bbox 770 2434 1059 2506; x_wconf 78' lang='grc' dir='ltr'>σωτηρίως</span> <span class='ocrx_word' id='word_1_317' title='bbox 1097 2477 1115 2503; x_wconf 93' lang='grc'><strong>,</strong></span> <span class='ocrx_word' id='word_1_318' title='bbox 1266 2438 1416 2507; x_wconf 69' lang='grc' dir='ltr'>ὑμᾶς</span> <span class='ocrx_word' id='word_1_319' title='bbox 1458 2439 1603 2509; x_wconf 78' lang='grc' dir='ltr'><strong>ὲρωο</strong></span> 
     </span>
    </p>
   </div>
   <div class='ocr_carea' id='block_1_43' title="bbox 65 2522 1613 2599">
    <p class='ocr_par' dir='ltr' id='par_1_43' title="bbox 65 2522 1613 2599">
     <span class='ocr_line' id='line_1_43' title="bbox 65 2522 1613 2599; baseline 0.006 -26"><span class='ocrx_word' id='word_1_320' title='bbox 65 2522 295 2591; x_wconf 77' lang='grc' dir='ltr'>τήσομεν·</span> <span class='ocrx_word' id='word_1_321' title='bbox 328 2523 425 2585; x_wconf 85' lang='grc' dir='ltr'>Τίς</span> <span class='ocrx_word' id='word_1_322' title='bbox 468 2524 497 2576; x_wconf 84' lang='grc' dir='ltr'>ὁ</span> <span class='ocrx_word' id='word_1_323' title='bbox 543 2524 701 2593; x_wconf 80' lang='grc' dir='ltr'>λόγος</span> <span class='ocrx_word' id='word_1_324' title='bbox 750 2526 850 2596; x_wconf 81' lang='grc' dir='ltr'>τῆς</span> <span class='ocrx_word' id='word_1_325' title='bbox 894 2526 1102 2593; x_wconf 81' lang='grc' dir='ltr'>διθεῖας</span> <span class='ocrx_word' id='word_1_326' title='bbox 1146 2529 1293 2599; x_wconf 69' lang='grc' dir='ltr'>ὑμῖν,</span> <span class='ocrx_word' id='word_1_327' title='bbox 1340 2530 1407 2587; x_wconf 73' lang='grc' dir='ltr'>ἂν</span> <span class='ocrx_word' id='word_1_328' title='bbox 1456 2530 1613 2583; x_wconf 75' lang='grc' dir='ltr'>τοῦτ’)</span> 
     </span>
    </p>
   </div>
   <div class='ocr_carea' id='block_1_44' title="bbox 64 2613 1609 2694">
    <p class='ocr_par' dir='ltr' id='par_1_44' title="bbox 64 2613 1609 2694">
     <span class='ocr_line' id='line_1_44' title="bbox 64 2613 1609 2694; baseline 0.007 -30"><span class='ocrx_word' id='word_1_329' title='bbox 64 2613 361 2683; x_wconf 42' lang='lat' dir='ltr'><strong>intulistis;</strong></span> <span class='ocrx_word' id='word_1_330' title='bbox 416 2616 479 2667; x_wconf 83' lang='lat' dir='ltr'><strong>Ei</strong></span> <span class='ocrx_word' id='word_1_331' title='bbox 527 2614 644 2668; x_wconf 77' lang='grc' dir='ltr'>ἐστι</span> <span class='ocrx_word' id='word_1_332' title='bbox 696 2616 852 2687; x_wconf 81' lang='grc' dir='ltr'>λόγος</span> <span class='ocrx_word' id='word_1_333' title='bbox 912 2620 1200 2685; x_wconf 75' lang='grc' dir='ltr'>συνέσεως,</span> <span class='ocrx_word' id='word_1_334' title='bbox 1249 2622 1609 2694; x_wconf 72' lang='grc' dir='ltr'>ἀποκρίθητε,</span> 
     </span>
    </p>
   </div>
   <div class='ocr_carea' id='block_1_45' title="bbox 62 2706 1612 2784">
    <p class='ocr_par' dir='ltr' id='par_1_45' title="bbox 62 2706 1612 2784">
     <span class='ocr_line' id='line_1_45' title="bbox 62 2706 1612 2784; baseline 0.006 -27"><span class='ocrx_word' id='word_1_335' title='bbox 62 2706 151 2757; x_wconf 81' lang='grc' dir='ltr'>δότε</span> <span class='ocrx_word' id='word_1_336' title='bbox 191 2706 282 2759; x_wconf 77' lang='grc' dir='ltr'>καὶ</span> <span class='ocrx_word' id='word_1_337' title='bbox 321 2708 454 2777; x_wconf 74' lang='grc' dir='ltr'>ἡμῖν</span> <span class='ocrx_word' id='word_1_338' title='bbox 505 2708 623 2761; x_wconf 78' lang='grc' dir='ltr'><strong>ὁδὸν</strong></span> <span class='ocrx_word' id='word_1_339' title='bbox 669 2708 1035 2781; x_wconf 72' lang='grc' dir='ltr'><strong>ἀποκρίσεως.</strong></span> <span class='ocrx_word' id='word_1_340' title='bbox 1073 2708 1169 2774; x_wconf 68' lang='grc' dir='ltr'><strong>Οἷς</strong></span> <span class='ocrx_word' id='word_1_341' title='bbox 1196 2712 1306 2783; x_wconf 74' lang='grc' dir='ltr'><strong>γὰρ</strong></span> <span class='ocrx_word' id='word_1_342' title='bbox 1347 2714 1412 2766; x_wconf 85' lang='grc' dir='ltr'>ἂν</span> <span class='ocrx_word' id='word_1_343' title='bbox 1455 2714 1612 2784; x_wconf 78' lang='grc' dir='ltr'>ύμεῖς</span> 
     </span>
    </p>
   </div>
   <div class='ocr_carea' id='block_1_46' title="bbox 61 2797 1611 2876">
    <p class='ocr_par' dir='ltr' id='par_1_46' title="bbox 61 2797 1611 2876">
     <span class='ocr_line' id='line_1_46' title="bbox 61 2797 1611 2876; baseline 0.007 -28"><span class='ocrx_word' id='word_1_344' title='bbox 61 2797 134 2866; x_wconf 78' lang='grc' dir='ltr'>τὴν</span> <span class='ocrx_word' id='word_1_345' title='bbox 173 2797 372 2850; x_wconf 74' lang='grc' dir='ltr'>διθεταν</span> <span class='ocrx_word' id='word_1_346' title='bbox 419 2799 838 2873; x_wconf 79' lang='grc' dir='ltr'>ἀποκρούσησθε</span> <span class='ocrx_word' id='word_1_347' title='bbox 891 2802 1104 2872; x_wconf 84' lang='grc' dir='ltr'>λόγοις,</span> <span class='ocrx_word' id='word_1_348' title='bbox 1153 2798 1298 2857; x_wconf 68' lang='grc' dir='ltr'>οὗτοι</span> <span class='ocrx_word' id='word_1_349' title='bbox 1339 2805 1435 2858; x_wconf 82' lang='grc' dir='ltr'><strong>καὶ</strong></span> <span class='ocrx_word' id='word_1_350' title='bbox 1478 2807 1611 2876; x_wconf 75' lang='grc' dir='ltr'>ἡμῖν</span> 
     </span>
    </p>
   </div>
   <div class='ocr_carea' id='block_1_47' title="bbox 61 2889 1606 2967">
    <p class='ocr_par' dir='ltr' id='par_1_47' title="bbox 61 2889 1606 2967">
     <span class='ocr_line' id='line_1_47' title="bbox 61 2889 1606 2967; baseline 0.005 -25"><span class='ocrx_word' id='word_1_351' title='bbox 61 2890 170 2942; x_wconf 70' lang='grc' dir='ltr'>κατὰ</span> <span class='ocrx_word' id='word_1_352' title='bbox 207 2889 304 2959; x_wconf 83' lang='grc' dir='ltr'>τῆς</span> <span class='ocrx_word' id='word_1_353' title='bbox 335 2890 578 2963; x_wconf 72' lang='grc' dir='ltr'>τριθεῖας</span> <span class='ocrx_word' id='word_1_354' title='bbox 626 2894 952 2964; x_wconf 78' lang='grc' dir='ltr'>ἀρκέσουσιν</span> <span class='ocrx_word' id='word_1_355' title='bbox 974 2911 989 2925; x_wconf 74' lang='grc'><strong>⁸</strong></span> <span class='ocrx_word' id='word_1_356' title='bbox 1028 2897 1123 2949; x_wconf 84' lang='lat' dir='ltr'><strong>xui</strong></span> <span class='ocrx_word' id='word_1_357' title='bbox 1165 2895 1308 2949; x_wconf 74' lang='grc' dir='ltr'>οὕτω</span> <span class='ocrx_word' id='word_1_358' title='bbox 1344 2897 1606 2967; x_wconf 79' lang='grc' dir='ltr'>νικῶμεν,</span> 
     </span>
    </p>
   </div>
   <div class='ocr_carea' id='block_1_48' title="bbox 62 2983 1609 3059">
    <p class='ocr_par' dir='ltr' id='par_1_48' title="bbox 62 2983 1609 3059">
     <span class='ocr_line' id='line_1_48' title="bbox 62 2983 1609 3059; baseline 0.006 -27"><span class='ocrx_word' id='word_1_359' title='bbox 62 2983 162 3050; x_wconf 72' lang='grc' dir='ltr'>ὑμῖν</span> <span class='ocrx_word' id='word_1_360' title='bbox 198 2984 309 3046; x_wconf 88' lang='grc' dir='ltr'>τοῖς</span> <span class='ocrx_word' id='word_1_361' title='bbox 358 2985 704 3055; x_wconf 84' lang='grc' dir='ltr'>κατηγόροις,</span> <span class='ocrx_word' id='word_1_362' title='bbox 742 2986 1063 3057; x_wconf 85' lang='grc' dir='ltr'>συνηγόροις</span> <span class='ocrx_word' id='word_1_363' title='bbox 1110 2988 1413 3059; x_wconf 80' lang='grc' dir='ltr'>χρώμενοι·</span> <span class='ocrx_word' id='word_1_364' title='bbox 1450 2984 1511 3042; x_wconf 70' lang='grc' dir='ltr'><strong>οὗ</strong></span> <span class='ocrx_word' id='word_1_365' title='bbox 1556 2990 1609 3041; x_wconf 87' lang='grc' dir='ltr'><strong>τί</strong></span> 
     </span>
    </p>
   </div>
   <div class='ocr_carea' id='block_1_49' title="bbox 62 3075 432 3144">
    <p class='ocr_par' dir='ltr' id='par_1_49' title="bbox 62 3075 432 3144">
     <span class='ocr_line' id='line_1_49' title="bbox 62 3075 432 3144; baseline 0.014 -20"><span class='ocrx_word' id='word_1_366' title='bbox 62 3075 399 3144; x_wconf 79' lang='grc' dir='ltr'>γενναιότερον</span> <span class='ocrx_word' id='word_1_367' title='bbox 416 3090 432 3140; x_wconf 88' lang='lat'><strong>;</strong></span> 
     </span>
    </p>
   </div>
   <div class='ocr_carea' id='block_1_50' title="bbox 1695 2248 3282 2317">
    <p class='ocr_par' dir='ltr' id='par_1_50' title="bbox 1695 2248 3282 2317">
     <span class='ocr_line' id='line_1_50' title="bbox 1695 2248 3282 2317; baseline -0.001 -14"><span class='ocrx_word' id='word_1_368' title='bbox 1695 2250 2043 2305; x_wconf 74' lang='lat' dir='ltr'><strong>descivistis?</strong></span> <span class='ocrx_word' id='word_1_369' title='bbox 2077 2249 2181 2305; x_wconf 83' lang='lat' dir='ltr'><strong>Vos</strong></span> <span class='ocrx_word' id='word_1_370' title='bbox 2206 2260 2383 2308; x_wconf 84' lang='lat' dir='ltr'><strong>autem</strong></span> <span class='ocrx_word' id='word_1_371' title='bbox 2414 2266 2519 2304; x_wconf 77' lang='lat' dir='ltr'><strong>non</strong></span> <span class='ocrx_word' id='word_1_372' title='bbox 2554 2250 2809 2305; x_wconf 65' lang='lat' dir='ltr'><strong>bideitm?</strong></span> <span class='ocrx_word' id='word_1_373' title='bbox 2832 2249 2964 2303; x_wconf 81' lang='lat' dir='ltr'><strong>Nam</strong></span> <span class='ocrx_word' id='word_1_374' title='bbox 2996 2250 3041 2303; x_wconf 85' lang='lat' dir='ltr'><strong>si</strong></span> <span class='ocrx_word' id='word_1_375' title='bbox 3091 2248 3282 2317; x_wconf 71' lang='lat' dir='ltr'><strong>Unige—</strong></span> 
     </span>
    </p>
   </div>
   <div class='ocr_carea' id='block_1_51' title="bbox 1696 2340 3280 2412">
    <p class='ocr_par' dir='ltr' id='par_1_51' title="bbox 1696 2340 3280 2412">
     <span class='ocr_line' id='line_1_51' title="bbox 1696 2340 3280 2412; baseline -0.003 -15"><span class='ocrx_word' id='word_1_376' title='bbox 1696 2343 1794 2397; x_wconf 89' lang='lat' dir='ltr'><strong>niti</strong></span> <span class='ocrx_word' id='word_1_377' title='bbox 1827 2356 2044 2412; x_wconf 79' lang='lat' dir='ltr'><strong>quoque</strong></span> <span class='ocrx_word' id='word_1_378' title='bbox 2068 2342 2271 2396; x_wconf 84' lang='lat' dir='ltr'><strong>cultum</strong></span> <span class='ocrx_word' id='word_1_379' title='bbox 2303 2352 2357 2397; x_wconf 90' lang='lat' dir='ltr'><strong>et</strong></span> <span class='ocrx_word' id='word_1_380' title='bbox 2387 2341 2757 2397; x_wconf 82' lang='lat' dir='ltr'><strong>adorationem</strong></span> <span class='ocrx_word' id='word_1_381' title='bbox 2802 2340 3086 2412; x_wconf 83' lang='lat' dir='ltr'><strong>abjuratis,</strong></span> <span class='ocrx_word' id='word_1_382' title='bbox 3141 2341 3280 2394; x_wconf 89' lang='lat' dir='ltr'><strong>haud</strong></span> 
     </span>
    </p>
   </div>
   <div class='ocr_carea' id='block_1_52' title="bbox 1697 2430 3271 2500">
    <p class='ocr_par' dir='ltr' id='par_1_52' title="bbox 1697 2430 3271 2500">
     <span class='ocr_line' id='line_1_52' title="bbox 1697 2430 3271 2500; baseline -0.001 -16"><span class='ocrx_word' id='word_1_383' title='bbox 1697 2432 1860 2485; x_wconf 78' lang='lat' dir='ltr'><strong>dubie</strong></span> <span class='ocrx_word' id='word_1_384' title='bbox 1886 2432 1956 2486; x_wconf 82' lang='lat' dir='ltr'><strong>ab</strong></span> <span class='ocrx_word' id='word_1_385' title='bbox 1978 2432 2413 2487; x_wconf 80' lang='lat' dir='ltr'><strong>adversariorum</strong></span> <span class='ocrx_word' id='word_1_386' title='bbox 2446 2431 2693 2500; x_wconf 85' lang='lat' dir='ltr'><strong>partibus</strong></span> <span class='ocrx_word' id='word_1_387' title='bbox 2720 2431 2876 2485; x_wconf 89' lang='lat' dir='ltr'><strong>statis</strong></span> <span class='ocrx_word' id='word_1_388' title='bbox 2904 2447 2917 2484; x_wconf 91' lang='lat'><strong>:</strong></span> <span class='ocrx_word' id='word_1_389' title='bbox 2954 2445 3019 2485; x_wconf 90' lang='lat' dir='ltr'><strong>ac</strong></span> <span class='ocrx_word' id='word_1_390' title='bbox 3044 2430 3271 2497; x_wconf 84' lang='lat' dir='ltr'><strong>proinde</strong></span> 
     </span>
    </p>
   </div>
   <div class='ocr_carea' id='block_1_53' title="bbox 1696 2522 3281 2592">
    <p class='ocr_par' dir='ltr' id='par_1_53' title="bbox 1696 2522 3281 2592">
     <span class='ocr_line' id='line_1_53' title="bbox 1696 2522 3281 2592; baseline 0 -17"><span class='ocrx_word' id='word_1_391' title='bbox 1696 2524 1826 2591; x_wconf 76' lang='lat' dir='ltr'><strong>quid</strong></span> <span class='ocrx_word' id='word_1_392' title='bbox 1860 2533 1964 2588; x_wconf 88' lang='lat' dir='ltr'><strong>est,</strong></span> <span class='ocrx_word' id='word_1_393' title='bbox 2002 2524 2353 2592; x_wconf 79' lang='lat' dir='ltr'><strong>quamobrem</strong></span> <span class='ocrx_word' id='word_1_394' title='bbox 2382 2523 2555 2578; x_wconf 87' lang='lat' dir='ltr'><strong>lenius</strong></span> <span class='ocrx_word' id='word_1_395' title='bbox 2580 2522 2980 2591; x_wconf 85' lang='lat' dir='ltr'><strong>lmmaniusqne</strong></span> <span class='ocrx_word' id='word_1_396' title='bbox 3003 2523 3281 2576; x_wconf 74' lang='lat' dir='ltr'><strong>vobiscum</strong></span> 
     </span>
    </p>
   </div>
   <div class='ocr_carea' id='block_1_54' title="bbox 1698 2614 3281 2685">
    <p class='ocr_par' dir='ltr' id='par_1_54' title="bbox 1698 2614 3281 2685">
     <span class='ocr_line' id='line_1_54' title="bbox 1698 2614 3281 2685; baseline 0.001 -20"><span class='ocrx_word' id='word_1_397' title='bbox 1698 2630 1942 2681; x_wconf 79' lang='lat' dir='ltr'><strong>agamus,</strong></span> <span class='ocrx_word' id='word_1_398' title='bbox 1970 2626 2233 2685; x_wconf 82' lang='lat' dir='ltr'><strong>tanquam</strong></span> <span class='ocrx_word' id='word_1_399' title='bbox 2288 2630 2399 2677; x_wconf 76' lang='lat' dir='ltr'><strong>non</strong></span> <span class='ocrx_word' id='word_1_400' title='bbox 2448 2615 2673 2669; x_wconf 89' lang='lat' dir='ltr'><strong>omnino</strong></span> <span class='ocrx_word' id='word_1_401' title='bbox 2719 2615 2949 2668; x_wconf 76' lang='lat' dir='ltr'><strong>mortuis</strong></span> <span class='ocrx_word' id='word_1_402' title='bbox 2986 2623 3041 2667; x_wconf 90' lang='lat' dir='ltr'><strong>et</strong></span> <span class='ocrx_word' id='word_1_403' title='bbox 3078 2614 3281 2668; x_wconf 84' lang='lat' dir='ltr'><strong>exstin-</strong></span> 
     </span>
    </p>
   </div>
   <div class='ocr_carea' id='block_1_55' title="bbox 1699 2706 3277 2777">
    <p class='ocr_par' dir='ltr' id='par_1_55' title="bbox 1699 2706 3277 2777">
     <span class='ocr_line' id='line_1_55' title="bbox 1699 2706 3277 2777; baseline -0.003 -16"><span class='ocrx_word' id='word_1_404' title='bbox 1699 2708 1841 2762; x_wconf 82' lang='lat' dir='ltr'><strong>ctis?</strong></span> <span class='ocrx_word' id='word_1_405' title='bbox 1872 2707 1928 2762; x_wconf 88' lang='lat' dir='ltr'><strong>Si</strong></span> <span class='ocrx_word' id='word_1_406' title='bbox 1958 2719 2138 2763; x_wconf 76' lang='lat' dir='ltr'><strong>autem</strong></span> <span class='ocrx_word' id='word_1_407' title='bbox 2167 2708 2363 2772; x_wconf 78' lang='lat' dir='ltr'><strong>colitis,</strong></span> <span class='ocrx_word' id='word_1_408' title='bbox 2392 2719 2563 2777; x_wconf 82' lang='lat' dir='ltr'><strong>atque</strong></span> <span class='ocrx_word' id='word_1_409' title='bbox 2792 2708 3056 2761; x_wconf 87' lang='lat' dir='ltr'><strong>hactenus</strong></span> <span class='ocrx_word' id='word_1_410' title='bbox 3087 2706 3277 2760; x_wconf 82' lang='lat' dir='ltr'><strong>saltem</strong></span> 
     </span>
    </p>
   </div>
   <div class='ocr_carea' id='block_1_56' title="bbox 1699 2799 3284 2871">
    <p class='ocr_par' dir='ltr' id='par_1_56' title="bbox 1699 2799 3284 2871">
     <span class='ocr_line' id='line_1_56' title="bbox 1699 2799 3284 2871; baseline -0.004 -16"><span class='ocrx_word' id='word_1_411' title='bbox 1699 2802 1995 2855; x_wconf 78' lang='lat' dir='ltr'><strong>salubriter</strong></span> <span class='ocrx_word' id='word_1_412' title='bbox 2016 2800 2190 2857; x_wconf 80' lang='lat' dir='ltr'><strong>alTecti</strong></span> <span class='ocrx_word' id='word_1_413' title='bbox 2219 2802 2369 2865; x_wconf 89' lang='lat' dir='ltr'><strong>estis,</strong></span> <span class='ocrx_word' id='word_1_414' title='bbox 2407 2815 2472 2854; x_wconf 75' lang='lat' dir='ltr'><strong>ex</strong></span> <span class='ocrx_word' id='word_1_415' title='bbox 2502 2799 2653 2855; x_wconf 81' lang='lat' dir='ltr'><strong>vobis</strong></span> <span class='ocrx_word' id='word_1_416' title='bbox 2675 2814 2980 2871; x_wconf 73' lang='lat' dir='ltr'><strong>qumremns</strong></span> <span class='ocrx_word' id='word_1_417' title='bbox 3008 2837 3024 2864; x_wconf 92' lang='lat'><strong>,</strong></span> <span class='ocrx_word' id='word_1_418' title='bbox 3066 2814 3169 2866; x_wconf 88' lang='lat' dir='ltr'><strong>qua</strong></span> <span class='ocrx_word' id='word_1_419' title='bbox 3204 2813 3284 2850; x_wconf 80' lang='lat' dir='ltr'><strong>ra-</strong></span> 
     </span>
    </p>
   </div>
   <div class='ocr_carea' id='block_1_57' title="bbox 1701 2890 3277 2958">
    <p class='ocr_par' dir='ltr' id='par_1_57' title="bbox 1701 2890 3277 2958">
     <span class='ocr_line' id='line_1_57' title="bbox 1701 2890 3277 2958; baseline -0.003 -13"><span class='ocrx_word' id='word_1_420' title='bbox 1701 2895 1847 2947; x_wconf 89' lang='lat' dir='ltr'><strong>tione</strong></span> <span class='ocrx_word' id='word_1_421' title='bbox 1872 2908 1901 2946; x_wconf 90' lang='lat' dir='ltr'><strong>a</strong></span> <span class='ocrx_word' id='word_1_422' title='bbox 1938 2893 2216 2947; x_wconf 88' lang='lat' dir='ltr'><strong>bideitatis</strong></span> <span class='ocrx_word' id='word_1_423' title='bbox 2242 2894 2470 2947; x_wconf 88' lang='lat' dir='ltr'><strong>crimine</strong></span> <span class='ocrx_word' id='word_1_424' title='bbox 2494 2903 2703 2947; x_wconf 81' lang='lat' dir='ltr'><strong>vosmet</strong></span> <span class='ocrx_word' id='word_1_425' title='bbox 2735 2890 3014 2946; x_wconf 83' lang='lat' dir='ltr'><strong>vindicare</strong></span> <span class='ocrx_word' id='word_1_426' title='bbox 3044 2890 3277 2958; x_wconf 86' lang='lat' dir='ltr'><strong>queatis,</strong></span> 
     </span>
    </p>
   </div>
   <div class='ocr_carea' id='block_1_58' title="bbox 1700 2980 3281 3051">
    <p class='ocr_par' dir='ltr' id='par_1_58' title="bbox 1700 2980 3281 3051">
     <span class='ocr_line' id='line_1_58' title="bbox 1700 2980 3281 3051; baseline -0.005 -14"><span class='ocrx_word' id='word_1_427' title='bbox 1700 2983 1745 3037; x_wconf 74' lang='lat' dir='ltr'><strong>Si</strong></span> <span class='ocrx_word' id='word_1_428' title='bbox 1779 2982 1899 3051; x_wconf 84' lang='lat' dir='ltr'><strong>quis</strong></span> <span class='ocrx_word' id='word_1_429' title='bbox 1926 2998 2045 3036; x_wconf 86' lang='lat' dir='ltr'><strong>eam</strong></span> <span class='ocrx_word' id='word_1_430' title='bbox 2086 2983 2239 3037; x_wconf 75' lang='lat' dir='ltr'><strong>vobis</strong></span> <span class='ocrx_word' id='word_1_431' title='bbox 2262 2982 2520 3051; x_wconf 84' lang='lat' dir='ltr'><strong>objiciat?</strong></span> <span class='ocrx_word' id='word_1_432' title='bbox 2558 2982 2612 3034; x_wconf 90' lang='lat' dir='ltr'><strong>Si</strong></span> <span class='ocrx_word' id='word_1_433' title='bbox 2649 2991 2733 3035; x_wconf 87' lang='lat' dir='ltr'><strong>est</strong></span> <span class='ocrx_word' id='word_1_434' title='bbox 2764 2980 2913 3033; x_wconf 86' lang='lat' dir='ltr'><strong>vobis</strong></span> <span class='ocrx_word' id='word_1_435' title='bbox 2951 2994 3131 3032; x_wconf 85' lang='lat' dir='ltr'><strong>sermo</strong></span> <span class='ocrx_word' id='word_1_436' title='bbox 3155 2992 3281 3046; x_wconf 82' lang='lat' dir='ltr'><strong>pru-</strong></span> 
     </span>
    </p>
   </div>
   <div class='ocr_carea' id='block_1_59' title="bbox 1699 3071 3284 3145">
    <p class='ocr_par' dir='ltr' id='par_1_59' title="bbox 1699 3071 3284 3145">
     <span class='ocr_line' id='line_1_59' title="bbox 1699 3071 3284 3145; baseline -0.006 -14"><span class='ocrx_word' id='word_1_437' title='bbox 1699 3076 1918 3140; x_wconf 65' lang='lat' dir='ltr'><strong>dentiae,</strong></span> <span class='ocrx_word' id='word_1_438' title='bbox 1946 3076 2290 3145; x_wconf 73' lang='lat' dir='ltr'><strong>respondete,</strong></span> <span class='ocrx_word' id='word_1_439' title='bbox 2322 3075 2583 3143; x_wconf 86' lang='lat' dir='ltr'><strong>nobisque</strong></span> <span class='ocrx_word' id='word_1_440' title='bbox 2605 3076 2767 3129; x_wconf 84' lang='lat' dir='ltr'><strong>etiam</strong></span> <span class='ocrx_word' id='word_1_441' title='bbox 2795 3071 3151 3139; x_wconf 82' lang='lat' dir='ltr'><strong>respondendi</strong></span> <span class='ocrx_word' id='word_1_442' title='bbox 3187 3087 3284 3123; x_wconf 70' lang='grc' dir='ltr'>ιιιιι</span> 
     </span>
    </p>
   </div>
   <div class='ocr_carea' id='block_1_60' title="bbox 67 3163 3288 3242">
    <p class='ocr_par' dir='ltr' id='par_1_60' title="bbox 67 3163 3288 3242">
     <span class='ocr_line' id='line_1_60' title="bbox 67 3163 3288 3242; baseline -0.002 -13"><span class='ocrx_word' id='word_1_443' title='bbox 67 3188 155 3229; x_wconf 76' lang='lat' dir='ltr'><strong>tam</strong></span> <span class='ocrx_word' id='word_1_444' title='bbox 190 3172 444 3242; x_wconf 68' lang='lat' dir='ltr'><strong>praebete.</strong></span> <span class='ocrx_word' id='word_1_445' title='bbox 480 3170 584 3224; x_wconf 71' lang='lat' dir='ltr'><strong>Illa:</strong></span> <span class='ocrx_word' id='word_1_446' title='bbox 611 3168 754 3223; x_wconf 89' lang='lat' dir='ltr'><strong>enim</strong></span> <span class='ocrx_word' id='word_1_447' title='bbox 787 3168 1054 3230; x_wconf 82' lang='lat' dir='ltr'><strong>rationes,</strong></span> <span class='ocrx_word' id='word_1_448' title='bbox 1086 3165 1287 3235; x_wconf 82' lang='lat' dir='ltr'><strong>quibus</strong></span> <span class='ocrx_word' id='word_1_449' title='bbox 1334 3163 1612 3221; x_wconf 82' lang='lat' dir='ltr'><strong>bideitatis</strong></span> <span class='ocrx_word' id='word_1_450' title='bbox 1648 3166 1855 3221; x_wconf 78' lang='lat' dir='ltr'><strong>crimen</strong></span> <span class='ocrx_word' id='word_1_451' title='bbox 1909 3166 2333 3236; x_wconf 86' lang='lat' dir='ltr'><strong>propulsabitis,</strong></span> <span class='ocrx_word' id='word_1_452' title='bbox 2382 3168 2585 3222; x_wconf 59' lang='lat' dir='ltr'><strong>eadem</strong></span> <span class='ocrx_word' id='word_1_453' title='bbox 2638 3180 2859 3237; x_wconf 89' lang='lat' dir='ltr'><strong>quoque</strong></span> <span class='ocrx_word' id='word_1_454' title='bbox 2886 3168 3044 3223; x_wconf 80' lang='lat' dir='ltr'><strong>nobis</strong></span> <span class='ocrx_word' id='word_1_455' title='bbox 3080 3172 3146 3223; x_wconf 82' lang='lat' dir='ltr'><strong>ad</strong></span> <span class='ocrx_word' id='word_1_456' title='bbox 3184 3171 3288 3225; x_wconf 65' lang='lat' dir='ltr'><strong>tria</strong></span> 
     </span>
    </p>
   </div>
   <div class='ocr_carea' id='block_1_61' title="bbox 66 3258 3283 3331">
    <p class='ocr_par' dir='ltr' id='par_1_61' title="bbox 66 3258 3283 3331">
     <span class='ocr_line' id='line_1_61' title="bbox 66 3258 3283 3331; baseline 0 -12"><span class='ocrx_word' id='word_1_457' title='bbox 66 3266 256 3320; x_wconf 66' lang='lat' dir='ltr'><strong>deitatis</strong></span> <span class='ocrx_word' id='word_1_458' title='bbox 296 3264 502 3319; x_wconf 89' lang='lat' dir='ltr'><strong>crimen</strong></span> <span class='ocrx_word' id='word_1_459' title='bbox 550 3260 957 3331; x_wconf 82' lang='lat' dir='ltr'><strong>prOpellendum</strong></span> <span class='ocrx_word' id='word_1_460' title='bbox 994 3258 1280 3315; x_wconf 67' lang='lat' dir='ltr'><strong>suﬁlcient.</strong></span> <span class='ocrx_word' id='word_1_461' title='bbox 1340 3258 1515 3327; x_wconf 77' lang='lat' dir='ltr'><strong>Atque</strong></span> <span class='ocrx_word' id='word_1_462' title='bbox 1551 3259 1624 3311; x_wconf 84' lang='lat' dir='ltr'><strong>ita</strong></span> <span class='ocrx_word' id='word_1_463' title='bbox 1661 3273 1878 3313; x_wconf 81' lang='lat' dir='ltr'><strong>causam</strong></span> <span class='ocrx_word' id='word_1_464' title='bbox 1926 3258 2336 3327; x_wconf 87' lang='lat' dir='ltr'><strong>obtinebimus,</strong></span> <span class='ocrx_word' id='word_1_465' title='bbox 2394 3275 2489 3315; x_wconf 86' lang='lat' dir='ltr'><strong>vos</strong></span> <span class='ocrx_word' id='word_1_466' title='bbox 2516 3299 2533 3324; x_wconf 92' lang='lat'><strong>,</strong></span> <span class='ocrx_word' id='word_1_467' title='bbox 2578 3262 2669 3331; x_wconf 86' lang='lat' dir='ltr'><strong>qui</strong></span> <span class='ocrx_word' id='word_1_468' title='bbox 2723 3272 3069 3320; x_wconf 79' lang='lat' dir='ltr'><strong>accusatores</strong></span> <span class='ocrx_word' id='word_1_469' title='bbox 3122 3266 3283 3330; x_wconf 67' lang='lat' dir='ltr'><strong>estis,</strong></span> 
     </span>
    </p>
   </div>
   <div class='ocr_carea' id='block_1_62' title="bbox 68 3348 1580 3426">
    <p class='ocr_par' dir='ltr' id='par_1_62' title="bbox 68 3348 1580 3426">
     <span class='ocr_line' id='line_1_62' title="bbox 68 3348 1580 3426; baseline -0.003 -20"><span class='ocrx_word' id='word_1_470' title='bbox 68 3368 296 3426; x_wconf 67' lang='lat' dir='ltr'><strong>pitronos</strong></span> <span class='ocrx_word' id='word_1_471' title='bbox 320 3352 586 3405; x_wconf 87' lang='lat' dir='ltr'><strong>habituri.</strong></span> <span class='ocrx_word' id='word_1_472' title='bbox 610 3350 731 3415; x_wconf 82' lang='lat' dir='ltr'><strong>Quo</strong></span> <span class='ocrx_word' id='word_1_473' title='bbox 761 3349 895 3417; x_wconf 91' lang='lat' dir='ltr'><strong>quid</strong></span> <span class='ocrx_word' id='word_1_474' title='bbox 914 3349 1111 3404; x_wconf 76' lang='lat' dir='ltr'><strong>fortius</strong></span> <span class='ocrx_word' id='word_1_475' title='bbox 1136 3357 1190 3403; x_wconf 90' lang='lat' dir='ltr'><strong>et</strong></span> <span class='ocrx_word' id='word_1_476' title='bbox 1227 3348 1580 3418; x_wconf 82' lang='lat' dir='ltr'><strong>generosius?</strong></span> 
     </span>
    </p>
   </div>
   <div class='ocr_carea' id='block_1_63' title="bbox 130 3440 1609 3520">
    <p class='ocr_par' dir='ltr' id='par_1_63' title="bbox 130 3440 1609 3512">
     <span class='ocr_line' id='line_1_63' title="bbox 130 3440 1609 3512; baseline -0.003 -12"><span class='ocrx_word' id='word_1_477' title='bbox 130 3448 261 3501; x_wconf 62' lang='lat' dir='ltr'><strong>&#39;05s</strong></span> <span class='ocrx_word' id='word_1_478' title='bbox 323 3448 501 3507; x_wconf 87' lang='grc' dir='ltr'>κοινὸς</span> <span class='ocrx_word' id='word_1_479' title='bbox 545 3445 675 3512; x_wconf 70' lang='grc' dir='ltr'>ἡμῖν</span> <span class='ocrx_word' id='word_1_480' title='bbox 735 3445 870 3512; x_wconf 76' lang='grc' dir='ltr'>πρὸς</span> <span class='ocrx_word' id='word_1_481' title='bbox 926 3444 1266 3511; x_wconf 80' lang='grc' dir='ltr'>ἀμφοτέρους</span> <span class='ocrx_word' id='word_1_482' title='bbox 1323 3443 1403 3505; x_wconf 87' lang='grc' dir='ltr'><strong>τίς</strong></span> <span class='ocrx_word' id='word_1_483' title='bbox 1460 3440 1609 3509; x_wconf 82' lang='grc' dir='ltr'>ἀγών</span> 
     </span>
    </p>
   </div>
   <div class='ocr_carea' id='block_1_64' title="bbox 1708 3440 3285 3520">
    <p class='ocr_par' dir='ltr' id='par_1_64' title="bbox 1785 3444 3285 3520">
     <span class='ocr_line' id='line_1_64' title="bbox 1785 3444 3285 3520; baseline 0.005 -24"><span class='ocrx_word' id='word_1_484' title='bbox 1785 3445 1855 3496; x_wconf 82' lang='grc' dir='ltr'>Αι</span> <span class='ocrx_word' id='word_1_485' title='bbox 1922 3459 2051 3498; x_wconf 88' lang='lat' dir='ltr'><strong>vero</strong></span> <span class='ocrx_word' id='word_1_486' title='bbox 2115 3444 2387 3513; x_wconf 83' lang='lat' dir='ltr'><strong>quodnam</strong></span> <span class='ocrx_word' id='word_1_487' title='bbox 2457 3446 2617 3502; x_wconf 89' lang='lat' dir='ltr'><strong>nobis</strong></span> <span class='ocrx_word' id='word_1_488' title='bbox 2673 3454 2759 3502; x_wconf 89' lang='lat' dir='ltr'><strong>est</strong></span> <span class='ocrx_word' id='word_1_489' title='bbox 2812 3462 2936 3502; x_wconf 90' lang='lat' dir='ltr'><strong>cum</strong></span> <span class='ocrx_word' id='word_1_490' title='bbox 3036 3451 3285 3520; x_wconf 85' lang='lat' dir='ltr'><strong>utrisque</strong></span> 
     </span>
    </p>
   </div>
   <div class='ocr_carea' id='block_1_65' title="bbox 66 3530 1609 3607">
    <p class='ocr_par' dir='ltr' id='par_1_65' title="bbox 66 3530 1609 3607">
     <span class='ocr_line' id='line_1_65' title="bbox 66 3530 1609 3607; baseline -0.005 -14"><span class='ocrx_word' id='word_1_491' title='bbox 66 3560 110 3593; x_wconf 79' lang='grc' dir='ltr'><strong>τε</strong></span> <span class='ocrx_word' id='word_1_492' title='bbox 147 3543 235 3592; x_wconf 81' lang='lat' dir='ltr'><strong>xui</strong></span> <span class='ocrx_word' id='word_1_493' title='bbox 286 3540 478 3607; x_wconf 87' lang='grc' dir='ltr'>λόγος;</span> <span class='ocrx_word' id='word_1_494' title='bbox 547 3536 710 3605; x_wconf 84' lang='grc' dir='ltr'>Ἡμῖν</span> <span class='ocrx_word' id='word_1_495' title='bbox 761 3530 842 3597; x_wconf 78' lang='grc' dir='ltr'><strong>εἷς</strong></span> <span class='ocrx_word' id='word_1_496' title='bbox 890 3536 1044 3600; x_wconf 83' lang='grc' dir='ltr'>Θεὸς,</span> <span class='ocrx_word' id='word_1_497' title='bbox 1097 3537 1178 3588; x_wconf 82' lang='grc' dir='ltr'>ὅτι</span> <span class='ocrx_word' id='word_1_498' title='bbox 1244 3534 1343 3603; x_wconf 88' lang='grc' dir='ltr'><strong>μία</strong></span> <span class='ocrx_word' id='word_1_499' title='bbox 1396 3534 1609 3603; x_wconf 84' lang='grc' dir='ltr'>θεότης·</span> 
     </span>
    </p>
   </div>
   <div class='ocr_carea' id='block_1_66' title="bbox 1716 3537 3283 3603">
    <p class='ocr_par' dir='ltr' id='par_1_66' title="bbox 1716 3537 3283 3603">
     <span class='ocr_line' id='line_1_66' title="bbox 1716 3537 3283 3603; baseline 0.002 -12"><span class='ocrx_word' id='word_1_500' title='bbox 1716 3546 2013 3595; x_wconf 85' lang='lat' dir='ltr'><strong>certamen,</strong></span> <span class='ocrx_word' id='word_1_501' title='bbox 2039 3546 2093 3589; x_wconf 91' lang='lat' dir='ltr'><strong>et</strong></span> <span class='ocrx_word' id='word_1_502' title='bbox 2119 3552 2364 3603; x_wconf 68' lang='lat' dir='ltr'><strong>quasnam</strong></span> <span class='ocrx_word' id='word_1_503' title='bbox 2392 3552 2568 3593; x_wconf 72' lang='lat' dir='ltr'><strong>oratio</strong></span> <span class='ocrx_word' id='word_1_504' title='bbox 2590 3541 2613 3593; x_wconf 67' lang='grc' dir='ltr'><em>ἲ</em></span> <span class='ocrx_word' id='word_1_505' title='bbox 2637 3538 2807 3594; x_wconf 86' lang='lat' dir='ltr'><strong>Nobis</strong></span> <span class='ocrx_word' id='word_1_506' title='bbox 2834 3537 2976 3598; x_wconf 88' lang='lat' dir='ltr'><strong>Deus</strong></span> <span class='ocrx_word' id='word_1_507' title='bbox 3012 3556 3157 3597; x_wconf 88' lang='lat' dir='ltr'><strong>unus</strong></span> <span class='ocrx_word' id='word_1_508' title='bbox 3180 3550 3283 3596; x_wconf 82' lang='lat' dir='ltr'><strong>est.</strong></span> 
     </span>
    </p>
   </div>
   <div class='ocr_carea' id='block_1_67' title="bbox 69 3628 1609 3702">
    <p class='ocr_par' dir='ltr' id='par_1_67' title="bbox 69 3628 1609 3702">
     <span class='ocr_line' id='line_1_67' title="bbox 69 3628 1609 3702; baseline 0.008 -27"><span class='ocrx_word' id='word_1_509' title='bbox 69 3628 297 3697; x_wconf 70' lang='grc' dir='ltr'>καὶπρὸς</span> <span class='ocrx_word' id='word_1_510' title='bbox 331 3628 389 3680; x_wconf 82' lang='grc' dir='ltr'>ἓν</span> <span class='ocrx_word' id='word_1_511' title='bbox 436 3628 505 3681; x_wconf 80' lang='grc' dir='ltr'>τὰ</span> <span class='ocrx_word' id='word_1_512' title='bbox 555 3628 615 3693; x_wconf 79' lang='grc' dir='ltr'><strong>ἐξ</strong></span> <span class='ocrx_word' id='word_1_513' title='bbox 664 3629 827 3682; x_wconf 80' lang='grc' dir='ltr'>αὐτοῦ</span> <span class='ocrx_word' id='word_1_514' title='bbox 868 3632 967 3701; x_wconf 77' lang='grc' dir='ltr'>τὴν</span> <span class='ocrx_word' id='word_1_515' title='bbox 1015 3633 1286 3701; x_wconf 77' lang='grc' dir='ltr'>ἀναφορὰν</span> <span class='ocrx_word' id='word_1_516' title='bbox 1340 3632 1471 3702; x_wconf 78' lang='grc' dir='ltr'>ἔχει,</span> <span class='ocrx_word' id='word_1_517' title='bbox 1512 3638 1609 3686; x_wconf 74' lang='grc' dir='ltr'>κᾶν</span> 
     </span>
    </p>
   </div>
   <div class='ocr_carea' id='block_1_68' title="bbox 1708 3628 3290 3702">
    <p class='ocr_par' dir='ltr' id='par_1_68' title="bbox 1720 3631 3290 3702">
     <span class='ocr_line' id='line_1_68' title="bbox 1720 3631 3290 3702; baseline 0.003 -20"><span class='ocrx_word' id='word_1_518' title='bbox 1720 3632 1975 3700; x_wconf 91' lang='lat' dir='ltr'><strong>quoniam</strong></span> <span class='ocrx_word' id='word_1_519' title='bbox 2015 3646 2118 3683; x_wconf 89' lang='lat' dir='ltr'><strong>una</strong></span> <span class='ocrx_word' id='word_1_520' title='bbox 2154 3631 2361 3695; x_wconf 82' lang='lat' dir='ltr'><strong>deitas;</strong></span> <span class='ocrx_word' id='word_1_521' title='bbox 2401 3642 2560 3700; x_wconf 77' lang='lat' dir='ltr'><strong>atque</strong></span> <span class='ocrx_word' id='word_1_522' title='bbox 2586 3633 2649 3685; x_wconf 87' lang='lat' dir='ltr'><strong>ad</strong></span> <span class='ocrx_word' id='word_1_523' title='bbox 2678 3649 2865 3691; x_wconf 85' lang='lat' dir='ltr'><strong>unum,</strong></span> <span class='ocrx_word' id='word_1_524' title='bbox 2891 3648 2952 3687; x_wconf 88' lang='lat' dir='ltr'><strong>ea</strong></span> <span class='ocrx_word' id='word_1_525' title='bbox 2984 3648 3105 3702; x_wconf 72' lang='lat' dir='ltr'><strong>quae</strong></span> <span class='ocrx_word' id='word_1_526' title='bbox 3130 3646 3195 3685; x_wconf 86' lang='lat' dir='ltr'><strong>ex</strong></span> <span class='ocrx_word' id='word_1_527' title='bbox 3226 3647 3290 3686; x_wconf 87' lang='lat' dir='ltr'><strong>eo</strong></span> 
     </span>
    </p>
   </div>
   <div class='ocr_carea' id='block_1_69' title="bbox 63 3719 1611 3794">
    <p class='ocr_par' dir='ltr' id='par_1_69' title="bbox 63 3719 1611 3794">
     <span class='ocr_line' id='line_1_69' title="bbox 63 3719 1611 3794; baseline 0.003 -23"><span class='ocrx_word' id='word_1_528' title='bbox 63 3719 159 3788; x_wconf 75' lang='grc' dir='ltr'>τρία</span> <span class='ocrx_word' id='word_1_529' title='bbox 190 3719 540 3790; x_wconf 83' lang='grc' dir='ltr'>πιστεύηται.</span> <span class='ocrx_word' id='word_1_530' title='bbox 572 3722 646 3775; x_wconf 81' lang='grc' dir='ltr'><strong>Οὐ</strong></span> <span class='ocrx_word' id='word_1_531' title='bbox 680 3722 809 3793; x_wconf 75' lang='grc' dir='ltr'>γὰρ,</span> <span class='ocrx_word' id='word_1_532' title='bbox 846 3722 907 3775; x_wconf 76' lang='grc' dir='ltr'><strong>τὸ</strong></span> <span class='ocrx_word' id='word_1_533' title='bbox 947 3724 1044 3793; x_wconf 82' lang='grc' dir='ltr'>μὲν</span> <span class='ocrx_word' id='word_1_534' title='bbox 1076 3723 1276 3794; x_wconf 81' lang='grc' dir='ltr'>μᾶλλον</span> <span class='ocrx_word' id='word_1_535' title='bbox 1307 3760 1324 3785; x_wconf 89' lang='grc'><strong>,</strong></span> <span class='ocrx_word' id='word_1_536' title='bbox 1462 3724 1522 3775; x_wconf 77' lang='grc' dir='ltr'>τὸ</span> <span class='ocrx_word' id='word_1_537' title='bbox 1554 3724 1611 3776; x_wconf 82' lang='grc' dir='ltr'><strong>δὲ</strong></span> 
     </span>
    </p>
   </div>
   <div class='ocr_carea' id='block_1_70' title="bbox 64 3806 1607 3887">
    <p class='ocr_par' dir='ltr' id='par_1_70' title="bbox 64 3806 1607 3887">
     <span class='ocr_line' id='line_1_70' title="bbox 64 3806 1607 3887; baseline 0.003 -24"><span class='ocrx_word' id='word_1_538' title='bbox 64 3806 193 3878; x_wconf 71' lang='grc' dir='ltr'>ἧττον</span> <span class='ocrx_word' id='word_1_539' title='bbox 223 3809 391 3875; x_wconf 74' lang='grc' dir='ltr'>Θεόςο</span> <span class='ocrx_word' id='word_1_540' title='bbox 431 3813 553 3866; x_wconf 79' lang='grc' dir='ltr'>οὐδὲ</span> <span class='ocrx_word' id='word_1_541' title='bbox 595 3814 655 3865; x_wconf 79' lang='grc' dir='ltr'>τὸ</span> <span class='ocrx_word' id='word_1_542' title='bbox 690 3814 787 3883; x_wconf 81' lang='grc' dir='ltr'>μὲν</span> <span class='ocrx_word' id='word_1_543' title='bbox 830 3815 1115 3885; x_wconf 86' lang='grc' dir='ltr'>πρότερον,</span> <span class='ocrx_word' id='word_1_544' title='bbox 1156 3815 1217 3868; x_wconf 82' lang='grc' dir='ltr'>τὸ</span> <span class='ocrx_word' id='word_1_545' title='bbox 1262 3815 1318 3868; x_wconf 83' lang='grc' dir='ltr'><strong>δὲ</strong></span> <span class='ocrx_word' id='word_1_546' title='bbox 1348 3813 1607 3887; x_wconf 56' lang='grc' dir='ltr'>ὕστερον</span> 
     </span>
    </p>
   </div>
   <div class='ocr_carea' id='block_1_71' title="bbox 63 3903 1611 3977">
    <p class='ocr_par' dir='ltr' id='par_1_71' title="bbox 63 3903 1611 3977">
     <span class='ocr_line' id='line_1_71' title="bbox 63 3903 1611 3977; baseline 0.004 -24"><span class='ocrx_word' id='word_1_547' title='bbox 63 3903 155 3955; x_wconf 64' lang='grc' dir='ltr'>οὐδὲ</span> <span class='ocrx_word' id='word_1_548' title='bbox 178 3903 428 3974; x_wconf 69' lang='grc' dir='ltr'>βουλήσει</span> <span class='ocrx_word' id='word_1_549' title='bbox 459 3905 734 3974; x_wconf 79' lang='grc' dir='ltr'>τέμνεται,</span> <span class='ocrx_word' id='word_1_550' title='bbox 758 3905 879 3958; x_wconf 78' lang='grc' dir='ltr'><strong>οὐδὲ</strong></span> <span class='ocrx_word' id='word_1_551' title='bbox 908 3906 1130 3976; x_wconf 84' lang='grc' dir='ltr'>δυνάμει</span> <span class='ocrx_word' id='word_1_552' title='bbox 1160 3906 1461 3977; x_wconf 77' lang='grc' dir='ltr'>μερίζεται,</span> <span class='ocrx_word' id='word_1_553' title='bbox 1487 3906 1611 3959; x_wconf 76' lang='grc' dir='ltr'>οὐδέ</span> 
     </span>
    </p>
   </div>
   <div class='ocr_carea' id='block_1_72' title="bbox 62 3990 1611 4068">
    <p class='ocr_par' dir='ltr' id='par_1_72' title="bbox 62 3990 1611 4068">
     <span class='ocr_line' id='line_1_72' title="bbox 62 3990 1611 4068; baseline 0.003 -24"><span class='ocrx_word' id='word_1_554' title='bbox 62 3995 221 4047; x_wconf 79' lang='grc' dir='ltr'>τιτῶν</span> <span class='ocrx_word' id='word_1_555' title='bbox 255 3996 361 4048; x_wconf 78' lang='grc' dir='ltr'>ὅσα</span> <span class='ocrx_word' id='word_1_556' title='bbox 397 3990 511 4058; x_wconf 84' lang='grc' dir='ltr'>τοῖς</span> <span class='ocrx_word' id='word_1_557' title='bbox 552 4000 834 4067; x_wconf 82' lang='grc' dir='ltr'>μεριστοῖς</span> <span class='ocrx_word' id='word_1_558' title='bbox 1026 3999 1281 4068; x_wconf 84' lang='grc' dir='ltr'>ὑπάρχει,</span> <span class='ocrx_word' id='word_1_559' title='bbox 1332 3996 1611 4051; x_wconf 79' lang='grc' dir='ltr'>κάνταῦθα</span> 
     </span>
    </p>
   </div>
   <div class='ocr_carea' id='block_1_73' title="bbox 62 4086 1608 4160">
    <p class='ocr_par' dir='ltr' id='par_1_73' title="bbox 62 4086 1608 4160">
     <span class='ocr_line' id='line_1_73' title="bbox 62 4086 1608 4160; baseline 0.003 -25"><span class='ocrx_word' id='word_1_560' title='bbox 62 4086 211 4137; x_wconf 73' lang='grc' dir='ltr'>λαϐεῖν</span> <span class='ocrx_word' id='word_1_561' title='bbox 244 4087 395 4139; x_wconf 75' lang='grc' dir='ltr'>ἐστιν</span> <span class='ocrx_word' id='word_1_562' title='bbox 420 4104 433 4116; x_wconf 74' lang='grc' dir='ltr'><strong>ο</strong></span> <span class='ocrx_word' id='word_1_563' title='bbox 466 4087 601 4139; x_wconf 67' lang='grc' dir='ltr'>ἀλλὰ</span> <span class='ocrx_word' id='word_1_564' title='bbox 621 4088 916 4158; x_wconf 78' lang='grc' dir='ltr'>ἀμέριστος</span> <span class='ocrx_word' id='word_1_565' title='bbox 1076 4090 1138 4141; x_wconf 82' lang='grc' dir='ltr'>ἑν</span> <span class='ocrx_word' id='word_1_566' title='bbox 1166 4087 1608 4160; x_wconf 82' lang='grc' dir='ltr'>μεμερισμένοις,</span> 
     </span>
    </p>
   </div>
   <div class='ocr_carea' id='block_1_74' title="bbox 60 4173 1611 4251">
    <p class='ocr_par' dir='ltr' id='par_1_74' title="bbox 60 4173 1611 4251">
     <span class='ocr_line' id='line_1_74' title="bbox 60 4173 1611 4251; baseline 0.003 -24"><span class='ocrx_word' id='word_1_567' title='bbox 60 4178 185 4229; x_wconf 81' lang='grc' dir='ltr'><strong>εἰδεῖ</strong></span> <span class='ocrx_word' id='word_1_568' title='bbox 217 4179 503 4249; x_wconf 84' lang='grc' dir='ltr'>συντόμως</span> <span class='ocrx_word' id='word_1_569' title='bbox 541 4181 734 4241; x_wconf 77' lang='grc' dir='ltr'>εἰπεῖν,</span> <span class='ocrx_word' id='word_1_570' title='bbox 766 4182 799 4251; x_wconf 75' lang='grc' dir='ltr'>ἡ</span> <span class='ocrx_word' id='word_1_571' title='bbox 832 4180 1019 4251; x_wconf 73' lang='grc' dir='ltr'>Οεότης</span> <span class='ocrx_word' id='word_1_572' title='bbox 1040 4198 1053 4211; x_wconf 78' lang='grc' dir='ltr'><strong>ο</strong></span> <span class='ocrx_word' id='word_1_573' title='bbox 1092 4181 1183 4233; x_wconf 81' lang='lat' dir='ltr'><strong>xui</strong></span> <span class='ocrx_word' id='word_1_574' title='bbox 1216 4173 1327 4233; x_wconf 76' lang='grc' dir='ltr'>οἷον</span> <span class='ocrx_word' id='word_1_575' title='bbox 1358 4182 1415 4233; x_wconf 82' lang='grc' dir='ltr'>ὲν</span> <span class='ocrx_word' id='word_1_576' title='bbox 1442 4179 1611 4250; x_wconf 78' lang='grc' dir='ltr'>ὴλίοις</span> 
     </span>
    </p>
   </div>
   <div class='ocr_carea' id='block_1_75' title="bbox 56 4270 1608 4341">
    <p class='ocr_par' dir='ltr' id='par_1_75' title="bbox 56 4270 1608 4341">
     <span class='ocr_line' id='line_1_75' title="bbox 56 4270 1608 4341; baseline 0.001 -22"><span class='ocrx_word' id='word_1_577' title='bbox 56 4271 201 4335; x_wconf 70' lang='grc' dir='ltr'>τρισὶν</span> <span class='ocrx_word' id='word_1_578' title='bbox 232 4272 519 4340; x_wconf 70' lang='grc' dir='ltr'>ἐχομένοις</span> <span class='ocrx_word' id='word_1_579' title='bbox 548 4270 811 4339; x_wconf 72' lang='grc' dir='ltr'>ἀλλήλοιν.</span> <span class='ocrx_word' id='word_1_580' title='bbox 850 4273 949 4341; x_wconf 89' lang='grc' dir='ltr'><strong>μία</strong></span> <span class='ocrx_word' id='word_1_581' title='bbox 971 4271 1063 4329; x_wconf 75' lang='grc' dir='ltr'>τοῦ</span> <span class='ocrx_word' id='word_1_582' title='bbox 1090 4272 1265 4340; x_wconf 86' lang='grc' dir='ltr'>φωτὸς</span> <span class='ocrx_word' id='word_1_583' title='bbox 1288 4270 1608 4340; x_wconf 84' lang='grc' dir='ltr'>σύγκρασις.</span> 
     </span>
    </p>
   </div>
   <div class='ocr_carea' id='block_1_76' title="bbox 58 4359 1609 4434">
    <p class='ocr_par' dir='ltr' id='par_1_76' title="bbox 58 4359 1609 4434">
     <span class='ocr_line' id='line_1_76' title="bbox 58 4359 1609 4434; baseline -0.001 -22"><span class='ocrx_word' id='word_1_584' title='bbox 58 4359 195 4412; x_wconf 78' lang='grc' dir='ltr'>ὀταν</span> <span class='ocrx_word' id='word_1_585' title='bbox 224 4362 331 4431; x_wconf 81' lang='grc' dir='ltr'>μὲν</span> <span class='ocrx_word' id='word_1_586' title='bbox 362 4360 455 4413; x_wconf 74' lang='grc' dir='ltr'>οὖν</span> <span class='ocrx_word' id='word_1_587' title='bbox 486 4363 623 4433; x_wconf 66' lang='grc' dir='ltr'>πρὸς</span> <span class='ocrx_word' id='word_1_588' title='bbox 656 4363 751 4434; x_wconf 78' lang='grc' dir='ltr'>τὴν</span> <span class='ocrx_word' id='word_1_589' title='bbox 782 4360 1009 4433; x_wconf 65' lang='grc' dir='ltr'>Θεότητα</span> <span class='ocrx_word' id='word_1_590' title='bbox 1043 4363 1345 4432; x_wconf 62' lang='grc' dir='ltr'>βλέψωμεν,</span> <span class='ocrx_word' id='word_1_591' title='bbox 1380 4361 1474 4413; x_wconf 85' lang='lat' dir='ltr'><strong>xui</strong></span> <span class='ocrx_word' id='word_1_592' title='bbox 1511 4359 1609 4430; x_wconf 80' lang='grc' dir='ltr'>τὴν</span> 
     </span>
    </p>
   </div>
   <div class='ocr_carea' id='block_1_77' title="bbox 54 4451 1610 4525">
    <p class='ocr_par' dir='ltr' id='par_1_77' title="bbox 54 4451 1610 4525">
     <span class='ocr_line' id='line_1_77' title="bbox 54 4451 1610 4525; baseline 0.002 -25"><span class='ocrx_word' id='word_1_593' title='bbox 54 4451 247 4523; x_wconf 76' lang='grc' dir='ltr'>πρώτην</span> <span class='ocrx_word' id='word_1_594' title='bbox 288 4454 491 4517; x_wconf 87' lang='grc' dir='ltr'>αίτίαν,</span> <span class='ocrx_word' id='word_1_595' title='bbox 525 4455 617 4508; x_wconf 75' lang='grc' dir='ltr'>καὶ</span> <span class='ocrx_word' id='word_1_596' title='bbox 643 4454 739 4524; x_wconf 78' lang='grc' dir='ltr'>τὴν</span> <span class='ocrx_word' id='word_1_597' title='bbox 778 4455 1093 4525; x_wconf 80' lang='grc' dir='ltr'>μοναρχίαν,</span> <span class='ocrx_word' id='word_1_598' title='bbox 1127 4454 1185 4505; x_wconf 82' lang='grc' dir='ltr'>ἒν</span> <span class='ocrx_word' id='word_1_599' title='bbox 1231 4455 1360 4523; x_wconf 75' lang='grc' dir='ltr'>ἡμῖν</span> <span class='ocrx_word' id='word_1_600' title='bbox 1388 4452 1448 4503; x_wconf 86' lang='grc' dir='ltr'>τὸ</span> <span class='ocrx_word' id='word_1_601' title='bbox 1476 4469 1610 4518; x_wconf 87' lang='grc' dir='ltr'>φαν-</span> 
     </span>
    </p>
   </div>
   <div class='ocr_carea' id='block_1_78' title="bbox 54 4538 1610 4616">
    <p class='ocr_par' dir='ltr' id='par_1_78' title="bbox 54 4538 1610 4616">
     <span class='ocr_line' id='line_1_78' title="bbox 54 4538 1610 4616; baseline 0.001 -22"><span class='ocrx_word' id='word_1_602' title='bbox 54 4544 321 4616; x_wconf 62' lang='grc' dir='ltr'>ταζόμενον</span> <span class='ocrx_word' id='word_1_603' title='bbox 345 4561 360 4574; x_wconf 87' lang='grc'>⁶</span> <span class='ocrx_word' id='word_1_604' title='bbox 390 4546 519 4599; x_wconf 81' lang='grc' dir='ltr'>ὅταν</span> <span class='ocrx_word' id='word_1_605' title='bbox 550 4546 605 4598; x_wconf 83' lang='grc' dir='ltr'><strong>δὲ</strong></span> <span class='ocrx_word' id='word_1_606' title='bbox 636 4546 769 4616; x_wconf 72' lang='grc' dir='ltr'>πρὸς</span> <span class='ocrx_word' id='word_1_607' title='bbox 802 4546 869 4597; x_wconf 86' lang='grc' dir='ltr'>τὰ</span> <span class='ocrx_word' id='word_1_608' title='bbox 912 4548 968 4598; x_wconf 78' lang='grc' dir='ltr'>ἐν</span> <span class='ocrx_word' id='word_1_609' title='bbox 1002 4542 1080 4607; x_wconf 74' lang='grc' dir='ltr'>οἷς</span> <span class='ocrx_word' id='word_1_610' title='bbox 1115 4547 1147 4615; x_wconf 80' lang='grc' dir='ltr'>ἡ</span> <span class='ocrx_word' id='word_1_611' title='bbox 1180 4545 1389 4613; x_wconf 80' lang='grc' dir='ltr'>Θεότης,</span> <span class='ocrx_word' id='word_1_612' title='bbox 1417 4538 1511 4595; x_wconf 80' lang='lat' dir='ltr'><strong>xui</strong></span> <span class='ocrx_word' id='word_1_613' title='bbox 1542 4542 1610 4595; x_wconf 75' lang='grc' dir='ltr'>τὰ</span> 
     </span>
    </p>
   </div>
   <div class='ocr_carea' id='block_1_79' title="bbox 51 4635 1610 4710">
    <p class='ocr_par' dir='ltr' id='par_1_79' title="bbox 51 4635 1610 4710">
     <span class='ocr_line' id='line_1_79' title="bbox 51 4635 1610 4710; baseline 0 -23"><span class='ocrx_word' id='word_1_614' title='bbox 51 4646 101 4688; x_wconf 75' lang='grc' dir='ltr'>εκ</span> <span class='ocrx_word' id='word_1_615' title='bbox 126 4638 214 4708; x_wconf 75' lang='grc' dir='ltr'>τῆς</span> <span class='ocrx_word' id='word_1_616' title='bbox 245 4637 475 4710; x_wconf 77' lang='grc' dir='ltr'>πρώτης</span> <span class='ocrx_word' id='word_1_617' title='bbox 502 4639 680 4700; x_wconf 78' lang='grc' dir='ltr'>αἰτίας</span> <span class='ocrx_word' id='word_1_618' title='bbox 707 4638 947 4707; x_wconf 85' lang='grc' dir='ltr'>ἀχρόνως</span> <span class='ocrx_word' id='word_1_619' title='bbox 975 4638 1181 4691; x_wconf 81' lang='grc' dir='ltr'>ἐκεῖθεν</span> <span class='ocrx_word' id='word_1_620' title='bbox 1208 4635 1338 4691; x_wconf 74' lang='grc' dir='ltr'>ὄντα</span> <span class='ocrx_word' id='word_1_621' title='bbox 1366 4636 1459 4689; x_wconf 87' lang='lat' dir='ltr'><strong>xui</strong></span> <span class='ocrx_word' id='word_1_622' title='bbox 1483 4637 1610 4707; x_wconf 78' lang='grc' dir='ltr'>όμοο</span> 
     </span>
    </p>
   </div>
   <div class='ocr_carea' id='block_1_80' title="bbox 51 4728 973 4803">
    <p class='ocr_par' dir='ltr' id='par_1_80' title="bbox 51 4728 973 4803">
     <span class='ocr_line' id='line_1_80' title="bbox 51 4728 973 4803; baseline 0.003 -24"><span class='ocrx_word' id='word_1_623' title='bbox 51 4729 211 4797; x_wconf 74' lang='grc' dir='ltr'>δόξως,</span> <span class='ocrx_word' id='word_1_624' title='bbox 242 4732 373 4803; x_wconf 85' lang='grc' dir='ltr'>τρία</span> <span class='ocrx_word' id='word_1_625' title='bbox 400 4730 471 4784; x_wconf 77' lang='grc' dir='ltr'><strong>τὰ</strong></span> <span class='ocrx_word' id='word_1_626' title='bbox 508 4728 973 4801; x_wconf 77' lang='grc' dir='ltr'>προσκυνούιιενα.</span> 
     </span>
    </p>
   </div>
   <div class='ocr_carea' id='block_1_81' title="bbox 226 5000 1605 5076">
    <p class='ocr_par' dir='ltr' id='par_1_81' title="bbox 226 5000 1605 5076">
     <span class='ocr_line' id='line_1_81' title="bbox 226 5000 1605 5076; baseline 0.002 -20"><span class='ocrx_word' id='word_1_627' title='bbox 226 5004 292 5056; x_wconf 82' lang='grc' dir='ltr'>Τί</span> <span class='ocrx_word' id='word_1_628' title='bbox 325 5000 444 5068; x_wconf 79' lang='grc' dir='ltr'>δαί;</span> <span class='ocrx_word' id='word_1_629' title='bbox 482 5003 603 5073; x_wconf 69' lang='grc' dir='ltr'>ούχὶ</span> <span class='ocrx_word' id='word_1_630' title='bbox 631 5004 723 5055; x_wconf 81' lang='lat' dir='ltr'><strong>xui</strong></span> <span class='ocrx_word' id='word_1_631' title='bbox 754 5003 883 5073; x_wconf 83' lang='grc' dir='ltr'>παρ’</span> <span class='ocrx_word' id='word_1_632' title='bbox 921 5003 1170 5074; x_wconf 79' lang='grc' dir='ltr'>Ἕλλησι,</span> <span class='ocrx_word' id='word_1_633' title='bbox 1200 5006 1355 5072; x_wconf 81' lang='grc' dir='ltr'>φαῖεν</span> <span class='ocrx_word' id='word_1_634' title='bbox 1386 5005 1471 5067; x_wconf 87' lang='grc' dir='ltr'>ἂν,</span> <span class='ocrx_word' id='word_1_635' title='bbox 1510 5006 1605 5076; x_wconf 86' lang='grc' dir='ltr'><strong>μία</strong></span> 
     </span>
    </p>
   </div>
   <div class='ocr_carea' id='block_1_82' title="bbox 45 5093 1606 5167">
    <p class='ocr_par' dir='ltr' id='par_1_82' title="bbox 45 5093 1606 5167">
     <span class='ocr_line' id='line_1_82' title="bbox 45 5093 1606 5167; baseline 0.004 -24"><span class='ocrx_word' id='word_1_636' title='bbox 45 5093 233 5165; x_wconf 69' lang='grc' dir='ltr'>Θεότης,</span> <span class='ocrx_word' id='word_1_637' title='bbox 256 5096 335 5159; x_wconf 74' lang='grc' dir='ltr'>ὡς</span> <span class='ocrx_word' id='word_1_638' title='bbox 366 5097 413 5148; x_wconf 77' lang='lat' dir='ltr'><strong>ot</strong></span> <span class='ocrx_word' id='word_1_639' title='bbox 440 5094 508 5147; x_wconf 77' lang='grc' dir='ltr'>τὰ</span> <span class='ocrx_word' id='word_1_640' title='bbox 537 5094 839 5167; x_wconf 85' lang='grc' dir='ltr'>τελεώτερα</span> <span class='ocrx_word' id='word_1_641' title='bbox 864 5096 992 5167; x_wconf 71' lang='grc' dir='ltr'>παρ’</span> <span class='ocrx_word' id='word_1_642' title='bbox 1011 5095 1235 5159; x_wconf 77' lang='grc' dir='ltr'>ἐκείνοις</span> <span class='ocrx_word' id='word_1_643' title='bbox 1258 5095 1606 5165; x_wconf 66' lang='grc' dir='ltr'>φιλοσοφοῦν-</span> 
     </span>
    </p>
   </div>
   <div class='ocr_carea' id='block_1_83' title="bbox 42 5184 1603 5261">
    <p class='ocr_par' dir='ltr' id='par_1_83' title="bbox 42 5184 1603 5261">
     <span class='ocr_line' id='line_1_83' title="bbox 42 5184 1603 5261; baseline 0.002 -24"><span class='ocrx_word' id='word_1_644' title='bbox 42 5205 135 5250; x_wconf 77' lang='grc' dir='ltr'>τες,</span> <span class='ocrx_word' id='word_1_645' title='bbox 167 5190 261 5242; x_wconf 80' lang='grc' dir='ltr'>καὶ</span> <span class='ocrx_word' id='word_1_646' title='bbox 299 5188 432 5261; x_wconf 78' lang='grc' dir='ltr'>παρ’</span> <span class='ocrx_word' id='word_1_647' title='bbox 464 5190 596 5259; x_wconf 79' lang='grc' dir='ltr'>ἡμῖν</span> <span class='ocrx_word' id='word_1_648' title='bbox 629 5184 986 5259; x_wconf 68' lang='grc' dir='ltr'>ἀνθρωπόττίς</span> <span class='ocrx_word' id='word_1_649' title='bbox 1022 5188 1140 5259; x_wconf 90' lang='grc' dir='ltr'>μία,</span> <span class='ocrx_word' id='word_1_650' title='bbox 1172 5189 1233 5241; x_wconf 81' lang='grc' dir='ltr'>τὸ</span> <span class='ocrx_word' id='word_1_651' title='bbox 1253 5188 1407 5257; x_wconf 86' lang='grc' dir='ltr'>γένος</span> <span class='ocrx_word' id='word_1_652' title='bbox 1425 5190 1603 5255; x_wconf 77' lang='grc' dir='ltr'>ἃπαν;</span> 
     </span>
    </p>
   </div>
   <div class='ocr_carea' id='block_1_84' title="bbox 54 5264 1609 5348">
    <p class='ocr_par' dir='ltr' id='par_1_84' title="bbox 54 5264 1609 5348">
     <span class='ocr_line' id='line_1_84' title="bbox 54 5264 1609 5348; baseline 0.003 -23"><span class='ocrx_word' id='word_1_653' title='bbox 54 5272 177 5326; x_wconf 65' lang='grc' dir='ltr'>Ἀλλ’</span> <span class='ocrx_word' id='word_1_654' title='bbox 212 5277 368 5347; x_wconf 77' lang='grc' dir='ltr'>ὅμως</span> <span class='ocrx_word' id='word_1_655' title='bbox 406 5275 521 5329; x_wconf 81' lang='grc' dir='ltr'>6εοὶ</span> <span class='ocrx_word' id='word_1_656' title='bbox 560 5275 764 5341; x_wconf 77' lang='grc' dir='ltr'>πολλοὶ,</span> <span class='ocrx_word' id='word_1_657' title='bbox 801 5277 894 5328; x_wconf 74' lang='grc' dir='ltr'>καὶ</span> <span class='ocrx_word' id='word_1_658' title='bbox 933 5276 1030 5347; x_wconf 84' lang='grc' dir='ltr'>οὐχ</span> <span class='ocrx_word' id='word_1_659' title='bbox 1058 5264 1157 5341; x_wconf 67' lang='grc' dir='ltr'>εἷς,</span> <span class='ocrx_word' id='word_1_660' title='bbox 1195 5268 1270 5341; x_wconf 80' lang='grc' dir='ltr'>ὦς</span> <span class='ocrx_word' id='word_1_661' title='bbox 1301 5278 1363 5348; x_wconf 82' lang='grc' dir='ltr'>δὴ</span> <span class='ocrx_word' id='word_1_662' title='bbox 1398 5278 1487 5331; x_wconf 84' lang='grc' dir='ltr'><strong>καὶ</strong></span> <span class='ocrx_word' id='word_1_663' title='bbox 1516 5279 1609 5332; x_wconf 84' lang='grc' dir='ltr'>ἀν-</span> 
     </span>
    </p>
   </div>
   <div class='ocr_carea' id='block_1_85' title="bbox 43 5364 1607 5442">
    <p class='ocr_par' dir='ltr' id='par_1_85' title="bbox 43 5364 1607 5442">
     <span class='ocr_line' id='line_1_85' title="bbox 43 5364 1607 5442; baseline 0.004 -25"><span class='ocrx_word' id='word_1_664' title='bbox 43 5364 267 5435; x_wconf 61' lang='grc' dir='ltr'>Θρωποι;</span> <span class='ocrx_word' id='word_1_665' title='bbox 309 5369 449 5422; x_wconf 81' lang='grc' dir='ltr'>Ἀλλ’</span> <span class='ocrx_word' id='word_1_666' title='bbox 480 5371 596 5422; x_wconf 76' lang='grc' dir='ltr'>ἐκεῖ</span> <span class='ocrx_word' id='word_1_667' title='bbox 637 5369 733 5439; x_wconf 79' lang='grc' dir='ltr'>μὲν</span> <span class='ocrx_word' id='word_1_668' title='bbox 770 5370 802 5439; x_wconf 80' lang='grc' dir='ltr'>ἠ</span> <span class='ocrx_word' id='word_1_669' title='bbox 836 5370 1082 5440; x_wconf 81' lang='grc' dir='ltr'>κοινότης</span> <span class='ocrx_word' id='word_1_670' title='bbox 1114 5369 1174 5423; x_wconf 86' lang='grc' dir='ltr'>τὸ</span> <span class='ocrx_word' id='word_1_671' title='bbox 1208 5370 1264 5424; x_wconf 82' lang='grc' dir='ltr'>ἒν</span> <span class='ocrx_word' id='word_1_672' title='bbox 1304 5370 1415 5442; x_wconf 77' lang='grc' dir='ltr'>ἔχει</span> <span class='ocrx_word' id='word_1_673' title='bbox 1448 5371 1607 5441; x_wconf 90' lang='grc' dir='ltr'>μόνον</span> 
     </span>
    </p>
   </div>
   <div class='ocr_carea' id='block_1_86' title="bbox 44 5457 1607 5531">
    <p class='ocr_par' dir='ltr' id='par_1_86' title="bbox 44 5457 1607 5531">
     <span class='ocr_line' id='line_1_86' title="bbox 44 5457 1607 5531; baseline 0.006 -26"><span class='ocrx_word' id='word_1_674' title='bbox 44 5457 238 5529; x_wconf 62' lang='grc' dir='ltr'>ἐπινοίᾳ</span> <span class='ocrx_word' id='word_1_675' title='bbox 270 5460 551 5531; x_wconf 83' lang='grc' dir='ltr'>Θεωρητόν</span> <span class='ocrx_word' id='word_1_676' title='bbox 585 5478 599 5494; x_wconf 88' lang='grc'><strong>·</strong></span> <span class='ocrx_word' id='word_1_677' title='bbox 754 5459 822 5512; x_wconf 78' lang='grc' dir='ltr'><strong>τὰ</strong></span> <span class='ocrx_word' id='word_1_678' title='bbox 855 5460 912 5513; x_wconf 84' lang='grc' dir='ltr'><strong>δὲ</strong></span> <span class='ocrx_word' id='word_1_679' title='bbox 942 5461 1063 5515; x_wconf 77' lang='grc' dir='ltr'>καθ’</span> <span class='ocrx_word' id='word_1_680' title='bbox 1096 5461 1325 5515; x_wconf 71' lang='grc' dir='ltr'>ἕκαστον</span> <span class='ocrx_word' id='word_1_681' title='bbox 1356 5460 1607 5515; x_wconf 77' lang='grc' dir='ltr'>πλεῖστον</span> 
     </span>
    </p>
   </div>
   <div class='ocr_carea' id='block_1_87' title="bbox 42 5550 1610 5626">
    <p class='ocr_par' dir='ltr' id='par_1_87' title="bbox 42 5550 1610 5626">
     <span class='ocr_line' id='line_1_87' title="bbox 42 5550 1610 5626; baseline 0.006 -27"><span class='ocrx_word' id='word_1_682' title='bbox 42 5550 298 5621; x_wconf 61' lang='grc' dir='ltr'>ἀλλήλων,</span> <span class='ocrx_word' id='word_1_683' title='bbox 332 5554 425 5607; x_wconf 83' lang='grc' dir='ltr'>καὶ</span> <span class='ocrx_word' id='word_1_684' title='bbox 452 5552 529 5623; x_wconf 83' lang='grc' dir='ltr'>τῷ</span> <span class='ocrx_word' id='word_1_685' title='bbox 559 5553 759 5625; x_wconf 83' lang='grc' dir='ltr'>χρόνῳ,</span> <span class='ocrx_word' id='word_1_686' title='bbox 790 5555 886 5609; x_wconf 84' lang='lat' dir='ltr'><strong>xui</strong></span> <span class='ocrx_word' id='word_1_687' title='bbox 912 5557 1024 5618; x_wconf 85' lang='grc' dir='ltr'>τοῖς</span> <span class='ocrx_word' id='word_1_688' title='bbox 1054 5554 1271 5618; x_wconf 71' lang='grc' dir='ltr'>πάθεσι,</span> <span class='ocrx_word' id='word_1_689' title='bbox 1304 5557 1396 5609; x_wconf 85' lang='lat' dir='ltr'><strong>xui</strong></span> <span class='ocrx_word' id='word_1_690' title='bbox 1422 5558 1488 5626; x_wconf 79' lang='grc' dir='ltr'><strong>τῇ</strong></span> <span class='ocrx_word' id='word_1_691' title='bbox 1520 5556 1610 5608; x_wconf 84' lang='grc' dir='ltr'><strong>δυ·-</strong></span> 
     </span>
    </p>
   </div>
   <div class='ocr_carea' id='block_1_88' title="bbox 38 5645 1607 5718">
    <p class='ocr_par' dir='ltr' id='par_1_88' title="bbox 38 5645 1607 5718">
     <span class='ocr_line' id='line_1_88' title="bbox 38 5645 1607 5718; baseline 0.005 -26"><span class='ocrx_word' id='word_1_692' title='bbox 38 5645 183 5711; x_wconf 65' lang='grc' dir='ltr'>κιιμει</span> <span class='ocrx_word' id='word_1_693' title='bbox 218 5647 626 5715; x_wconf 82' lang='grc' dir='ltr'>μεμερισμένα.</span> <span class='ocrx_word' id='word_1_694' title='bbox 678 5649 867 5715; x_wconf 76' lang='grc' dir='ltr'>Ἡμεῖς</span> <span class='ocrx_word' id='word_1_695' title='bbox 896 5665 953 5700; x_wconf 88' lang='grc' dir='ltr'><strong>τε</strong></span> <span class='ocrx_word' id='word_1_696' title='bbox 983 5648 1091 5718; x_wconf 76' lang='grc' dir='ltr'><strong>γὰρ</strong></span> <span class='ocrx_word' id='word_1_697' title='bbox 1121 5648 1181 5700; x_wconf 83' lang='grc' dir='ltr'>οὐ</span> <span class='ocrx_word' id='word_1_698' title='bbox 1229 5646 1472 5701; x_wconf 77' lang='grc' dir='ltr'>σύνθετοι</span> <span class='ocrx_word' id='word_1_699' title='bbox 1510 5648 1607 5717; x_wconf 85' lang='grc' dir='ltr'>μό-</span> 
     </span>
    </p>
   </div>
   <div class='ocr_carea' id='block_1_89' title="bbox 39 5734 1608 5807">
    <p class='ocr_par' dir='ltr' id='par_1_89' title="bbox 39 5734 1608 5807">
     <span class='ocr_line' id='line_1_89' title="bbox 39 5734 1608 5807; baseline 0.005 -25"><span class='ocrx_word' id='word_1_700' title='bbox 39 5752 136 5794; x_wconf 66' lang='grc' dir='ltr'>νω,</span> <span class='ocrx_word' id='word_1_701' title='bbox 188 5734 333 5786; x_wconf 75' lang='grc' dir='ltr'>ἀλλὰ</span> <span class='ocrx_word' id='word_1_702' title='bbox 388 5736 483 5788; x_wconf 83' lang='lat' dir='ltr'><strong>xui</strong></span> <span class='ocrx_word' id='word_1_703' title='bbox 532 5737 819 5802; x_wconf 78' lang='grc' dir='ltr'>ἀντίθετοι,</span> <span class='ocrx_word' id='word_1_704' title='bbox 876 5740 969 5792; x_wconf 75' lang='grc' dir='ltr'>καὶ</span> <span class='ocrx_word' id='word_1_705' title='bbox 1018 5737 1285 5807; x_wconf 72' lang='grc' dir='ltr'>ἀλλήλοις,</span> <span class='ocrx_word' id='word_1_706' title='bbox 1338 5738 1431 5791; x_wconf 82' lang='lat' dir='ltr'><strong>xui</strong></span> <span class='ocrx_word' id='word_1_707' title='bbox 1476 5740 1608 5807; x_wconf 78' lang='grc' dir='ltr'>ἡμῖν</span> 
     </span>
    </p>
   </div>
   <div class='ocr_carea' id='block_1_90' title="bbox 45 5826 393 5863">
    <p class='ocr_par' dir='ltr' id='par_1_90' title="bbox 45 5826 393 5863">
     <span class='ocr_line' id='line_1_90' title="bbox 45 5826 393 5863; baseline 0 0"><span class='ocrx_word' id='word_1_708' title='bbox 45 5841 61 5863; x_wconf 69' lang='lat' dir='ltr'><strong>r</strong></span> <span class='ocrx_word' id='word_1_709' title='bbox 76 5826 91 5863; x_wconf 82' lang='lat'><strong>&#39;.</strong></span> <span class='ocrx_word' id='word_1_710' title='bbox 102 5828 176 5863; x_wconf 66' lang='grc' dir='ltr'><strong>-τῖ</strong></span> <span class='ocrx_word' id='word_1_711' title='bbox 188 5843 205 5853; x_wconf 79' lang='grc' dir='ltr'><strong>ο</strong></span> <span class='ocrx_word' id='word_1_712' title='bbox 272 5826 393 5863; x_wconf 56' lang='grc' dir='ltr'><strong>υπς’.εὲ</strong></span> 
     </span>
    </p>
   </div>
   <div class='ocr_carea' id='block_1_91' title="bbox 108 5844 387 5889">
    <p class='ocr_par' dir='ltr' id='par_1_91' title="bbox 108 5844 387 5889">
     <span class='ocr_line' id='line_1_91' title="bbox 108 5844 387 5889; baseline 0.011 -15"><span class='ocrx_word' id='word_1_713' title='bbox 108 5844 228 5889; x_wconf 70' lang='grc' dir='ltr'>τοις,</span> <span class='ocrx_word' id='word_1_714' title='bbox 272 5844 387 5877; x_wconf 64' lang='lat' dir='ltr'><strong>ouo:</strong></span> 
     </span>
    </p>
   </div>
   <div class='ocr_carea' id='block_1_92' title="bbox 340 5826 1608 5900">
    <p class='ocr_par' dir='ltr' id='par_1_92' title="bbox 340 5826 1608 5900">
     <span class='ocr_line' id='line_1_92' title="bbox 340 5826 1608 5900; baseline 0.003 -23"><span class='ocrx_word' id='word_1_715' title='bbox 340 5826 395 5877; x_wconf 71' lang='grc' dir='ltr'>δὲ.</span> <span class='ocrx_word' id='word_1_716' title='bbox 444 5829 534 5879; x_wconf 68' lang='grc' dir='ltr'>ἐπὶ</span> <span class='ocrx_word' id='word_1_717' title='bbox 599 5830 724 5898; x_wconf 76' lang='grc' dir='ltr'>μιᾶς</span> <span class='ocrx_word' id='word_1_718' title='bbox 772 5829 986 5900; x_wconf 66' lang='grc' dir='ltr'>ἡμέρας</span> <span class='ocrx_word' id='word_1_719' title='bbox 1045 5829 1094 5881; x_wconf 90' lang='grc' dir='ltr'>οἱ</span> <span class='ocrx_word' id='word_1_720' title='bbox 1146 5826 1301 5882; x_wconf 76' lang='grc' dir='ltr'>αὐτοὶ</span> <span class='ocrx_word' id='word_1_721' title='bbox 1356 5828 1608 5899; x_wconf 76' lang='grc' dir='ltr'>καθαρῶς</span> 
     </span>
    </p>
   </div>
   <div class='ocr_carea' id='block_1_93' title="bbox 1641 4767 1683 4819">
    <p class='ocr_par' dir='ltr' id='par_1_93' title="bbox 1641 4767 1683 4819">
     <span class='ocr_line' id='line_1_93' title="bbox 1641 4767 1683 4819; baseline 0 0"><span class='ocrx_word' id='word_1_722' title='bbox 1641 4767 1683 4819; x_wconf 88' lang='grc' dir='ltr'>ι)</span> 
     </span>
    </p>
   </div>
   <div class='ocr_carea' id='block_1_94' title="bbox 1714 3720 3285 3792">
    <p class='ocr_par' dir='ltr' id='par_1_94' title="bbox 1714 3720 3285 3792">
     <span class='ocr_line' id='line_1_94' title="bbox 1714 3720 3285 3792; baseline 0.003 -19"><span class='ocrx_word' id='word_1_723' title='bbox 1714 3731 1859 3786; x_wconf 84' lang='lat' dir='ltr'><strong>sunt,</strong></span> <span class='ocrx_word' id='word_1_724' title='bbox 1906 3721 2232 3784; x_wconf 80' lang='lat' dir='ltr'><strong>referuntur,</strong></span> <span class='ocrx_word' id='word_1_725' title='bbox 2268 3720 2478 3775; x_wconf 89' lang='lat' dir='ltr'><strong>etiamsi</strong></span> <span class='ocrx_word' id='word_1_726' title='bbox 2512 3731 2621 3777; x_wconf 90' lang='lat' dir='ltr'><strong>tres</strong></span> <span class='ocrx_word' id='word_1_727' title='bbox 2678 3736 2940 3792; x_wconf 86' lang='lat' dir='ltr'><strong>personas</strong></span> <span class='ocrx_word' id='word_1_728' title='bbox 2981 3723 3285 3777; x_wconf 89' lang='lat' dir='ltr'><strong>credamus.</strong></span> 
     </span>
    </p>
   </div>
   <div class='ocr_carea' id='block_1_95' title="bbox 1712 3811 3289 3882">
    <p class='ocr_par' dir='ltr' id='par_1_95' title="bbox 1712 3811 3289 3882">
     <span class='ocr_line' id='line_1_95' title="bbox 1712 3811 3289 3882; baseline 0.002 -17"><span class='ocrx_word' id='word_1_729' title='bbox 1712 3811 1897 3880; x_wconf 82' lang='lat' dir='ltr'><strong>Neque</strong></span> <span class='ocrx_word' id='word_1_730' title='bbox 1922 3813 2064 3864; x_wconf 81' lang='lat' dir='ltr'><strong>enim</strong></span> <span class='ocrx_word' id='word_1_731' title='bbox 2086 3812 2185 3865; x_wconf 90' lang='lat' dir='ltr'><strong>hoc</strong></span> <span class='ocrx_word' id='word_1_732' title='bbox 2204 3813 2394 3882; x_wconf 84' lang='lat' dir='ltr'><strong>magis,</strong></span> <span class='ocrx_word' id='word_1_733' title='bbox 2422 3813 2549 3865; x_wconf 91' lang='lat' dir='ltr'><strong>illud</strong></span> <span class='ocrx_word' id='word_1_734' title='bbox 2570 3813 2749 3867; x_wconf 88' lang='lat' dir='ltr'><strong>minus</strong></span> <span class='ocrx_word' id='word_1_735' title='bbox 2769 3823 2852 3867; x_wconf 91' lang='lat' dir='ltr'><strong>est</strong></span> <span class='ocrx_word' id='word_1_736' title='bbox 2873 3815 3010 3868; x_wconf 87' lang='lat' dir='ltr'><strong>Dens</strong></span> <span class='ocrx_word' id='word_1_737' title='bbox 3028 3856 3043 3878; x_wconf 88' lang='lat'><strong>,</strong></span> <span class='ocrx_word' id='word_1_738' title='bbox 3072 3828 3168 3869; x_wconf 86' lang='lat' dir='ltr'><strong>nec</strong></span> <span class='ocrx_word' id='word_1_739' title='bbox 3186 3814 3289 3868; x_wconf 90' lang='lat' dir='ltr'><strong>hoc</strong></span> 
     </span>
    </p>
   </div>
   <div class='ocr_carea' id='block_1_96' title="bbox 1714 3898 3288 3973">
    <p class='ocr_par' dir='ltr' id='par_1_96' title="bbox 1714 3898 3288 3973">
     <span class='ocr_line' id='line_1_96' title="bbox 1714 3898 3288 3973; baseline 0.004 -19"><span class='ocrx_word' id='word_1_740' title='bbox 1714 3904 1879 3967; x_wconf 86' lang='lat' dir='ltr'><strong>prius,</strong></span> <span class='ocrx_word' id='word_1_741' title='bbox 1910 3903 2036 3958; x_wconf 89' lang='lat' dir='ltr'><strong>illud</strong></span> <span class='ocrx_word' id='word_1_742' title='bbox 2074 3898 2492 3973; x_wconf 74' lang='lat' dir='ltr'><strong>posterius.Nec</strong></span> <span class='ocrx_word' id='word_1_743' title='bbox 2516 3904 2791 3959; x_wconf 80' lang='lat' dir='ltr'><strong>voluntate</strong></span> <span class='ocrx_word' id='word_1_744' title='bbox 2815 3904 3155 3970; x_wconf 89' lang='lat' dir='ltr'><strong>scinduntur,</strong></span> <span class='ocrx_word' id='word_1_745' title='bbox 3188 3922 3288 3960; x_wconf 84' lang='lat' dir='ltr'><strong>nec</strong></span> 
     </span>
    </p>
   </div>
   <div class='ocr_carea' id='block_1_97' title="bbox 1712 3995 3289 4065">
    <p class='ocr_par' dir='ltr' id='par_1_97' title="bbox 1712 3995 3289 4065">
     <span class='ocr_line' id='line_1_97' title="bbox 1712 3995 3289 4065; baseline 0.001 -21"><span class='ocrx_word' id='word_1_746' title='bbox 1712 3996 1951 4063; x_wconf 85' lang='lat' dir='ltr'><strong>potentia</strong></span> <span class='ocrx_word' id='word_1_747' title='bbox 1980 3995 2315 4061; x_wconf 88' lang='lat' dir='ltr'><strong>dividuntur,</strong></span> <span class='ocrx_word' id='word_1_748' title='bbox 2346 4010 2446 4050; x_wconf 89' lang='lat' dir='ltr'><strong>nec</strong></span> <span class='ocrx_word' id='word_1_749' title='bbox 2483 3995 2713 4065; x_wconf 89' lang='lat' dir='ltr'><strong>denique</strong></span> <span class='ocrx_word' id='word_1_750' title='bbox 2740 3997 3033 4065; x_wconf 85' lang='lat' dir='ltr'><strong>quidquam</strong></span> <span class='ocrx_word' id='word_1_751' title='bbox 3073 4011 3289 4061; x_wconf 58' lang='lat' dir='ltr'><strong>eorum,</strong></span> 
     </span>
    </p>
   </div>
   <div class='ocr_carea' id='block_1_98' title="bbox 1711 4086 3295 4157">
    <p class='ocr_par' dir='ltr' id='par_1_98' title="bbox 1711 4086 3295 4157">
     <span class='ocr_line' id='line_1_98' title="bbox 1711 4086 3295 4157; baseline 0.001 -19"><span class='ocrx_word' id='word_1_752' title='bbox 1711 4101 1828 4154; x_wconf 71' lang='lat' dir='ltr'><strong>qua:</strong></span> <span class='ocrx_word' id='word_1_753' title='bbox 1851 4086 2083 4141; x_wconf 86' lang='lat' dir='ltr'><strong>dividuis</strong></span> <span class='ocrx_word' id='word_1_754' title='bbox 2116 4087 2279 4143; x_wconf 83' lang='lat' dir='ltr'><strong>rebus</strong></span> <span class='ocrx_word' id='word_1_755' title='bbox 2310 4088 2654 4157; x_wconf 84' lang='lat' dir='ltr'><strong>contingunt,</strong></span> <span class='ocrx_word' id='word_1_756' title='bbox 2703 4089 2791 4143; x_wconf 87' lang='lat' dir='ltr'><strong>hic</strong></span> <span class='ocrx_word' id='word_1_757' title='bbox 2841 4102 3053 4157; x_wconf 90' lang='lat' dir='ltr'><strong>quoque</strong></span> <span class='ocrx_word' id='word_1_758' title='bbox 3082 4088 3295 4157; x_wconf 81' lang='lat' dir='ltr'><strong>reperi-.</strong></span> 
     </span>
    </p>
   </div>
   <div class='ocr_carea' id='block_1_99' title="bbox 1709 4172 3292 4245">
    <p class='ocr_par' dir='ltr' id='par_1_99' title="bbox 1709 4172 3292 4245">
     <span class='ocr_line' id='line_1_99' title="bbox 1709 4172 3292 4245; baseline 0.003 -15"><span class='ocrx_word' id='word_1_759' title='bbox 1709 4185 1814 4230; x_wconf 90' lang='lat' dir='ltr'><strong>tur.</strong></span> <span class='ocrx_word' id='word_1_760' title='bbox 1848 4172 1951 4230; x_wconf 91' lang='lat' dir='ltr'><strong>Sed</strong></span> <span class='ocrx_word' id='word_1_761' title='bbox 1972 4177 2237 4230; x_wconf 87' lang='lat' dir='ltr'><strong>individua</strong></span> <span class='ocrx_word' id='word_1_762' title='bbox 2263 4178 2314 4231; x_wconf 92' lang='lat' dir='ltr'><strong>in</strong></span> <span class='ocrx_word' id='word_1_763' title='bbox 2340 4179 2591 4245; x_wconf 88' lang='lat' dir='ltr'><strong>dividuis,</strong></span> <span class='ocrx_word' id='word_1_764' title='bbox 2612 4187 2793 4234; x_wconf 88' lang='lat' dir='ltr'><strong>tttuno</strong></span> <span class='ocrx_word' id='word_1_765' title='bbox 2819 4183 2978 4234; x_wconf 88' lang='lat' dir='ltr'><strong>verbo</strong></span> <span class='ocrx_word' id='word_1_766' title='bbox 2998 4176 3292 4245; x_wconf 79' lang='lat' dir='ltr'><strong>dicam,est</strong></span> 
     </span>
    </p>
   </div>
   <div class='ocr_carea' id='block_1_100' title="bbox 1710 4267 3287 4330">
    <p class='ocr_par' dir='ltr' id='par_1_100' title="bbox 1710 4267 3287 4330">
     <span class='ocr_line' id='line_1_100' title="bbox 1710 4267 3287 4330; baseline 0.004 -13"><span class='ocrx_word' id='word_1_767' title='bbox 1710 4267 1981 4330; x_wconf 82' lang='lat' dir='ltr'><strong>divinitas,</strong></span> <span class='ocrx_word' id='word_1_768' title='bbox 2011 4283 2073 4320; x_wconf 88' lang='lat' dir='ltr'><strong>ac</strong></span> <span class='ocrx_word' id='word_1_769' title='bbox 2092 4269 2233 4323; x_wconf 84' lang='lat' dir='ltr'><strong>velut</strong></span> <span class='ocrx_word' id='word_1_770' title='bbox 2258 4270 2310 4323; x_wconf 93' lang='lat' dir='ltr'><strong>in</strong></span> <span class='ocrx_word' id='word_1_771' title='bbox 2344 4271 2515 4325; x_wconf 84' lang='lat' dir='ltr'><strong>tribus</strong></span> <span class='ocrx_word' id='word_1_772' title='bbox 2540 4268 2743 4325; x_wconf 89' lang='lat' dir='ltr'><strong>solibus</strong></span> <span class='ocrx_word' id='word_1_773' title='bbox 2770 4272 2910 4326; x_wconf 90' lang='lat' dir='ltr'><strong>inter</strong></span> <span class='ocrx_word' id='word_1_774' title='bbox 2929 4286 2987 4325; x_wconf 88' lang='lat' dir='ltr'><strong>se</strong></span> <span class='ocrx_word' id='word_1_775' title='bbox 3009 4273 3287 4325; x_wconf 70' lang='lat' dir='ltr'><strong>cohaeren-</strong></span> 
     </span>
    </p>
   </div>
   <div class='ocr_carea' id='block_1_101' title="bbox 1709 4355 3295 4429">
    <p class='ocr_par' dir='ltr' id='par_1_101' title="bbox 1709 4355 3295 4429">
     <span class='ocr_line' id='line_1_101' title="bbox 1709 4355 3295 4429; baseline 0.002 -21"><span class='ocrx_word' id='word_1_776' title='bbox 1709 4355 1853 4409; x_wconf 84' lang='lat' dir='ltr'><strong>tibus</strong></span> <span class='ocrx_word' id='word_1_777' title='bbox 1882 4372 1984 4408; x_wconf 90' lang='lat' dir='ltr'><strong>una</strong></span> <span class='ocrx_word' id='word_1_778' title='bbox 2018 4357 2152 4411; x_wconf 89' lang='lat' dir='ltr'><strong>lucis</strong></span> <span class='ocrx_word' id='word_1_779' title='bbox 2186 4360 2490 4413; x_wconf 90' lang='lat' dir='ltr'><strong>commistio</strong></span> <span class='ocrx_word' id='word_1_780' title='bbox 2521 4370 2576 4414; x_wconf 91' lang='lat' dir='ltr'><strong>et</strong></span> <span class='ocrx_word' id='word_1_781' title='bbox 2612 4364 2952 4429; x_wconf 81' lang='lat' dir='ltr'><strong>temperatio.</strong></span> <span class='ocrx_word' id='word_1_782' title='bbox 2984 4356 3116 4415; x_wconf 82' lang='lat' dir='ltr'><strong>Cum</strong></span> <span class='ocrx_word' id='word_1_783' title='bbox 3154 4374 3295 4427; x_wconf 69' lang='lat' dir='ltr'><strong>ergo.</strong></span> 
     </span>
    </p>
   </div>
   <div class='ocr_carea' id='block_1_102' title="bbox 1710 4446 3293 4519">
    <p class='ocr_par' dir='ltr' id='par_1_102' title="bbox 1710 4446 3293 4519">
     <span class='ocr_line' id='line_1_102' title="bbox 1710 4446 3293 4519; baseline 0.001 -18"><span class='ocrx_word' id='word_1_784' title='bbox 1710 4446 1775 4501; x_wconf 86' lang='lat' dir='ltr'><strong>ad</strong></span> <span class='ocrx_word' id='word_1_785' title='bbox 1805 4448 2163 4516; x_wconf 84' lang='lat' dir='ltr'><strong>divinitatem,</strong></span> <span class='ocrx_word' id='word_1_786' title='bbox 2189 4450 2527 4519; x_wconf 86' lang='lat' dir='ltr'><strong>primamque</strong></span> <span class='ocrx_word' id='word_1_787' title='bbox 2570 4451 2713 4506; x_wconf 77' lang='lat' dir='ltr'><strong>illuni</strong></span> <span class='ocrx_word' id='word_1_788' title='bbox 2743 4468 2986 4519; x_wconf 85' lang='lat' dir='ltr'><strong>causam,</strong></span> <span class='ocrx_word' id='word_1_789' title='bbox 3020 4453 3293 4518; x_wconf 74' lang='lat' dir='ltr'><strong>uniusque</strong></span> 
     </span>
    </p>
   </div>
   <div class='ocr_carea' id='block_1_103' title="bbox 1708 4540 3285 4612">
    <p class='ocr_par' dir='ltr' id='par_1_103' title="bbox 1708 4540 3285 4612">
     <span class='ocr_line' id='line_1_103' title="bbox 1708 4540 3285 4612; baseline 0 -21"><span class='ocrx_word' id='word_1_790' title='bbox 1708 4540 2069 4609; x_wconf 87' lang='lat' dir='ltr'><strong>principatum</strong></span> <span class='ocrx_word' id='word_1_791' title='bbox 2104 4550 2159 4595; x_wconf 89' lang='lat' dir='ltr'><strong>et</strong></span> <span class='ocrx_word' id='word_1_792' title='bbox 2198 4541 2478 4611; x_wconf 85' lang='lat' dir='ltr'><strong>imperium</strong></span> <span class='ocrx_word' id='word_1_793' title='bbox 2531 4544 2954 4612; x_wconf 73' lang='lat' dir='ltr'><strong>respexerimus,</strong></span> <span class='ocrx_word' id='word_1_794' title='bbox 3008 4558 3172 4596; x_wconf 91' lang='lat' dir='ltr'><strong>unum</strong></span> <span class='ocrx_word' id='word_1_795' title='bbox 3200 4553 3285 4593; x_wconf 86' lang='lat' dir='ltr'><strong>est</strong></span> 
     </span>
    </p>
   </div>
   <div class='ocr_carea' id='block_1_104' title="bbox 1710 4630 3286 4700">
    <p class='ocr_par' dir='ltr' id='par_1_104' title="bbox 1710 4630 3286 4700">
     <span class='ocr_line' id='line_1_104' title="bbox 1710 4630 3286 4700; baseline 0 -17"><span class='ocrx_word' id='word_1_796' title='bbox 1710 4633 1848 4700; x_wconf 90' lang='lat' dir='ltr'><strong>quod</strong></span> <span class='ocrx_word' id='word_1_797' title='bbox 1866 4632 2058 4685; x_wconf 85' lang='lat' dir='ltr'><strong>mentis</strong></span> <span class='ocrx_word' id='word_1_798' title='bbox 2077 4642 2275 4687; x_wconf 78' lang='lat' dir='ltr'><strong>nostra:</strong></span> <span class='ocrx_word' id='word_1_799' title='bbox 2302 4633 2474 4688; x_wconf 90' lang='lat' dir='ltr'><strong>oculis</strong></span> <span class='ocrx_word' id='word_1_800' title='bbox 2494 4630 2832 4689; x_wconf 86' lang='lat' dir='ltr'><strong>obversatur.</strong></span> <span class='ocrx_word' id='word_1_801' title='bbox 2857 4630 2990 4688; x_wconf 86' lang='lat' dir='ltr'><strong>Cum</strong></span> <span class='ocrx_word' id='word_1_802' title='bbox 3015 4642 3204 4687; x_wconf 80' lang='lat' dir='ltr'><strong>rursus</strong></span> <span class='ocrx_word' id='word_1_803' title='bbox 3217 4633 3286 4683; x_wconf 80' lang='lat' dir='ltr'><strong>ad</strong></span> 
     </span>
    </p>
   </div>
   <div class='ocr_carea' id='block_1_105' title="bbox 1710 4724 3282 4795">
    <p class='ocr_par' dir='ltr' id='par_1_105' title="bbox 1710 4724 3282 4795">
     <span class='ocr_line' id='line_1_105' title="bbox 1710 4724 3282 4795; baseline -0.001 -18"><span class='ocrx_word' id='word_1_804' title='bbox 1710 4738 1793 4785; x_wconf 84' lang='lat' dir='ltr'><strong>ea,</strong></span> <span class='ocrx_word' id='word_1_805' title='bbox 1824 4724 1875 4775; x_wconf 89' lang='lat' dir='ltr'><strong>in</strong></span> <span class='ocrx_word' id='word_1_806' title='bbox 1912 4724 2110 4792; x_wconf 84' lang='lat' dir='ltr'><strong>quibus</strong></span> <span class='ocrx_word' id='word_1_807' title='bbox 2161 4734 2242 4778; x_wconf 90' lang='lat' dir='ltr'><strong>est</strong></span> <span class='ocrx_word' id='word_1_808' title='bbox 2288 4726 2567 4792; x_wconf 86' lang='lat' dir='ltr'><strong>divinitas,</strong></span> <span class='ocrx_word' id='word_1_809' title='bbox 2604 4734 2658 4781; x_wconf 92' lang='lat' dir='ltr'><strong>et</strong></span> <span class='ocrx_word' id='word_1_810' title='bbox 2704 4742 2825 4795; x_wconf 75' lang='lat' dir='ltr'><strong>qua:</strong></span> <span class='ocrx_word' id='word_1_811' title='bbox 2860 4742 2922 4779; x_wconf 83' lang='lat' dir='ltr'><strong>ex</strong></span> <span class='ocrx_word' id='word_1_812' title='bbox 2961 4727 3134 4794; x_wconf 82' lang='lat' dir='ltr'><strong>prima</strong></span> <span class='ocrx_word' id='word_1_813' title='bbox 3191 4724 3282 4776; x_wconf 73' lang='lat' dir='ltr'><strong>illa</strong></span> 
     </span>
    </p>
   </div>
   <div class='ocr_carea' id='block_1_106' title="bbox 1709 4816 3283 4888">
    <p class='ocr_par' dir='ltr' id='par_1_106' title="bbox 1709 4816 3283 4888">
     <span class='ocr_line' id='line_1_106' title="bbox 1709 4816 3283 4888; baseline 0.002 -20"><span class='ocrx_word' id='word_1_814' title='bbox 1709 4829 1904 4878; x_wconf 87' lang='lat' dir='ltr'><strong>causa,</strong></span> <span class='ocrx_word' id='word_1_815' title='bbox 1959 4816 2097 4869; x_wconf 89' lang='lat' dir='ltr'><strong>citra</strong></span> <span class='ocrx_word' id='word_1_816' title='bbox 2137 4816 2303 4871; x_wconf 91' lang='lat' dir='ltr'><strong>ullam</strong></span> <span class='ocrx_word' id='word_1_817' title='bbox 2368 4818 2629 4887; x_wconf 88' lang='lat' dir='ltr'><strong>temporis</strong></span> <span class='ocrx_word' id='word_1_818' title='bbox 2673 4818 3171 4888; x_wconf 88' lang='lat' dir='ltr'><strong>intercapedinem,</strong></span> <span class='ocrx_word' id='word_1_819' title='bbox 3218 4832 3283 4871; x_wconf 85' lang='lat' dir='ltr'><strong>ac</strong></span> 
     </span>
    </p>
   </div>
   <div class='ocr_carea' id='block_1_107' title="bbox 1707 4908 2996 4981">
    <p class='ocr_par' dir='ltr' id='par_1_107' title="bbox 1707 4908 2996 4981">
     <span class='ocr_line' id='line_1_107' title="bbox 1707 4908 2996 4981; baseline 0.005 -22"><span class='ocrx_word' id='word_1_820' title='bbox 1707 4908 1822 4976; x_wconf 87' lang='lat' dir='ltr'><strong>pari</strong></span> <span class='ocrx_word' id='word_1_821' title='bbox 1860 4908 2029 4978; x_wconf 86' lang='lat' dir='ltr'><strong>gloria</strong></span> <span class='ocrx_word' id='word_1_822' title='bbox 2060 4918 2206 4972; x_wconf 90' lang='lat' dir='ltr'><strong>sunt,</strong></span> <span class='ocrx_word' id='word_1_823' title='bbox 2240 4911 2343 4965; x_wconf 89' lang='lat' dir='ltr'><strong>tria</strong></span> <span class='ocrx_word' id='word_1_824' title='bbox 2374 4923 2502 4966; x_wconf 88' lang='lat' dir='ltr'><strong>sunt</strong></span> <span class='ocrx_word' id='word_1_825' title='bbox 2534 4928 2653 4981; x_wconf 61' lang='lat' dir='ltr'><strong>qua:</strong></span> <span class='ocrx_word' id='word_1_826' title='bbox 2681 4914 2996 4967; x_wconf 89' lang='lat' dir='ltr'><strong>adorantur.</strong></span> 
     </span>
    </p>
   </div>
   <div class='ocr_carea' id='block_1_108' title="bbox 1941 4998 3278 5068">
    <p class='ocr_par' dir='ltr' id='par_1_108' title="bbox 1941 4998 3278 5068">
     <span class='ocr_line' id='line_1_108' title="bbox 1941 4998 3278 5068; baseline 0.001 -17"><span class='ocrx_word' id='word_1_827' title='bbox 1941 4998 2079 5066; x_wconf 86' lang='lat' dir='ltr'><strong>Quid</strong></span> <span class='ocrx_word' id='word_1_828' title='bbox 2136 5010 2339 5066; x_wconf 88' lang='lat' dir='ltr'><strong>autem,</strong></span> <span class='ocrx_word' id='word_1_829' title='bbox 2372 5003 2609 5057; x_wconf 84' lang='lat' dir='ltr'><strong>dixerint</strong></span> <span class='ocrx_word' id='word_1_830' title='bbox 2646 5002 2900 5068; x_wconf 81' lang='lat' dir='ltr'><strong>fortasse,</strong></span> <span class='ocrx_word' id='word_1_831' title='bbox 2934 5016 3111 5056; x_wconf 89' lang='lat' dir='ltr'><strong>nonne</strong></span> <span class='ocrx_word' id='word_1_832' title='bbox 3140 5003 3278 5068; x_wconf 80' lang='lat' dir='ltr'><strong>apud</strong></span> 
     </span>
    </p>
   </div>
   <div class='ocr_carea' id='block_1_109' title="bbox 1704 5090 3281 5163">
    <p class='ocr_par' dir='ltr' id='par_1_109' title="bbox 1704 5090 3281 5163">
     <span class='ocr_line' id='line_1_109' title="bbox 1704 5090 3281 5163; baseline 0.001 -19"><span class='ocrx_word' id='word_1_833' title='bbox 1704 5090 1953 5145; x_wconf 88' lang='lat' dir='ltr'><strong>ethnicos</strong></span> <span class='ocrx_word' id='word_1_834' title='bbox 1983 5106 2201 5162; x_wconf 88' lang='lat' dir='ltr'><strong>quoque</strong></span> <span class='ocrx_word' id='word_1_835' title='bbox 2229 5092 2406 5147; x_wconf 83' lang='lat' dir='ltr'><strong>deitas</strong></span> <span class='ocrx_word' id='word_1_836' title='bbox 2438 5110 2543 5149; x_wconf 88' lang='lat' dir='ltr'><strong>una</strong></span> <span class='ocrx_word' id='word_1_837' title='bbox 2581 5107 2685 5159; x_wconf 71' lang='grc' dir='ltr'>ρει,</span> <span class='ocrx_word' id='word_1_838' title='bbox 2730 5105 2787 5151; x_wconf 88' lang='grc' dir='ltr'><strong>ιιι</strong></span> <span class='ocrx_word' id='word_1_839' title='bbox 2822 5096 3018 5150; x_wconf 88' lang='lat' dir='ltr'><strong>docent</strong></span> <span class='ocrx_word' id='word_1_840' title='bbox 3055 5093 3146 5163; x_wconf 90' lang='lat' dir='ltr'><strong>qui</strong></span> <span class='ocrx_word' id='word_1_841' title='bbox 3176 5092 3281 5163; x_wconf 86' lang='lat' dir='ltr'><strong>ple-</strong></span> 
     </span>
    </p>
   </div>
   <div class='ocr_carea' id='block_1_110' title="bbox 1707 5180 3278 5258">
    <p class='ocr_par' dir='ltr' id='par_1_110' title="bbox 1707 5180 3278 5258">
     <span class='ocr_line' id='line_1_110' title="bbox 1707 5180 3278 5258; baseline 0.006 -24"><span class='ocrx_word' id='word_1_842' title='bbox 1707 5180 1827 5234; x_wconf 91' lang='lat' dir='ltr'><strong>nius</strong></span> <span class='ocrx_word' id='word_1_843' title='bbox 1854 5181 1993 5250; x_wconf 88' lang='lat' dir='ltr'><strong>apud</strong></span> <span class='ocrx_word' id='word_1_844' title='bbox 2033 5182 2153 5237; x_wconf 89' lang='lat' dir='ltr'><strong>illos</strong></span> <span class='ocrx_word' id='word_1_845' title='bbox 2183 5180 2584 5257; x_wconf 75' lang='lat' dir='ltr'><strong>perfectiusque</strong></span> <span class='ocrx_word' id='word_1_846' title='bbox 2615 5186 3090 5258; x_wconf 84' lang='lat' dir='ltr'><strong>philosophantur,</strong></span> <span class='ocrx_word' id='word_1_847' title='bbox 3118 5194 3278 5252; x_wconf 66' lang='lat' dir='ltr'><strong>atque</strong></span> 
     </span>
    </p>
   </div>
   <div class='ocr_carea' id='block_1_111' title="bbox 1707 5274 3274 5346">
    <p class='ocr_par' dir='ltr' id='par_1_111' title="bbox 1707 5274 3274 5346">
     <span class='ocr_line' id='line_1_111' title="bbox 1707 5274 3274 5346; baseline 0.004 -22"><span class='ocrx_word' id='word_1_848' title='bbox 1707 5274 1843 5341; x_wconf 89' lang='lat' dir='ltr'><strong>apud</strong></span> <span class='ocrx_word' id='word_1_849' title='bbox 1889 5289 1985 5327; x_wconf 86' lang='lat' dir='ltr'><strong>nos</strong></span> <span class='ocrx_word' id='word_1_850' title='bbox 2039 5290 2208 5345; x_wconf 81' lang='lat' dir='ltr'><strong>genus</strong></span> <span class='ocrx_word' id='word_1_851' title='bbox 2276 5278 2611 5346; x_wconf 87' lang='lat' dir='ltr'><strong>universum,</strong></span> <span class='ocrx_word' id='word_1_852' title='bbox 2655 5280 2965 5335; x_wconf 87' lang='lat' dir='ltr'><strong>humanitas</strong></span> <span class='ocrx_word' id='word_1_853' title='bbox 3015 5279 3161 5333; x_wconf 82' lang='lat' dir='ltr'><strong>una?</strong></span> <span class='ocrx_word' id='word_1_854' title='bbox 3208 5278 3274 5331; x_wconf 79' lang='lat' dir='ltr'><strong>Et</strong></span> 
     </span>
    </p>
   </div>
   <div class='ocr_carea' id='block_1_112' title="bbox 1707 5366 3271 5437">
    <p class='ocr_par' dir='ltr' id='par_1_112' title="bbox 1707 5366 3271 5437">
     <span class='ocr_line' id='line_1_112' title="bbox 1707 5366 3271 5437; baseline 0.004 -19"><span class='ocrx_word' id='word_1_855' title='bbox 1707 5374 1886 5419; x_wconf 84' lang='lat' dir='ltr'><strong>tamen</strong></span> <span class='ocrx_word' id='word_1_856' title='bbox 1938 5366 2117 5433; x_wconf 88' lang='lat' dir='ltr'><strong>plures</strong></span> <span class='ocrx_word' id='word_1_857' title='bbox 2161 5378 2289 5424; x_wconf 86' lang='lat' dir='ltr'><strong>sunt</strong></span> <span class='ocrx_word' id='word_1_858' title='bbox 2321 5370 2417 5435; x_wconf 89' lang='lat' dir='ltr'><strong>dii,</strong></span> <span class='ocrx_word' id='word_1_859' title='bbox 2473 5382 2528 5427; x_wconf 88' lang='lat' dir='ltr'><strong>et</strong></span> <span class='ocrx_word' id='word_1_860' title='bbox 2573 5386 2681 5426; x_wconf 89' lang='lat' dir='ltr'><strong>non</strong></span> <span class='ocrx_word' id='word_1_861' title='bbox 2718 5386 2879 5437; x_wconf 86' lang='lat' dir='ltr'><strong>unus,</strong></span> <span class='ocrx_word' id='word_1_862' title='bbox 2917 5372 3059 5426; x_wconf 89' lang='lat' dir='ltr'><strong>sicut</strong></span> <span class='ocrx_word' id='word_1_863' title='bbox 3106 5371 3271 5426; x_wconf 86' lang='lat' dir='ltr'><strong>etiam</strong></span> 
     </span>
    </p>
   </div>
   <div class='ocr_carea' id='block_1_113' title="bbox 1706 5455 3277 5538">
    <p class='ocr_par' dir='ltr' id='par_1_113' title="bbox 1706 5455 3277 5538">
     <span class='ocr_line' id='line_1_113' title="bbox 1706 5455 3277 5538; baseline 0.004 -29"><span class='ocrx_word' id='word_1_864' title='bbox 1706 5455 1861 5538; x_wconf 84' lang='lat' dir='ltr'><strong>multi</strong></span> <span class='ocrx_word' id='word_1_865' title='bbox 1896 5458 2180 5513; x_wconf 85' lang='lat' dir='ltr'><strong>homines?</strong></span> <span class='ocrx_word' id='word_1_866' title='bbox 2210 5460 2281 5513; x_wconf 84' lang='lat' dir='ltr'><strong>At</strong></span> <span class='ocrx_word' id='word_1_867' title='bbox 2316 5461 2422 5517; x_wconf 90' lang='lat' dir='ltr'><strong>illic</strong></span> <span class='ocrx_word' id='word_1_868' title='bbox 2472 5462 2837 5518; x_wconf 88' lang='lat' dir='ltr'><strong>communitas</strong></span> <span class='ocrx_word' id='word_1_869' title='bbox 2871 5464 3131 5517; x_wconf 90' lang='lat' dir='ltr'><strong>unitatem</strong></span> <span class='ocrx_word' id='word_1_870' title='bbox 3176 5463 3277 5518; x_wconf 80' lang='lat' dir='ltr'><strong>Ita-</strong></span> 
     </span>
    </p>
   </div>
   <div class='ocr_carea' id='block_1_114' title="bbox 1708 5548 3278 5626">
    <p class='ocr_par' dir='ltr' id='par_1_114' title="bbox 1708 5548 3278 5626">
     <span class='ocr_line' id='line_1_114' title="bbox 1708 5548 3278 5626; baseline 0.004 -24"><span class='ocrx_word' id='word_1_871' title='bbox 1708 5548 1822 5614; x_wconf 87' lang='lat' dir='ltr'><strong>bet,</strong></span> <span class='ocrx_word' id='word_1_872' title='bbox 1852 5566 1972 5619; x_wconf 77' lang='lat' dir='ltr'><strong>qnze</strong></span> <span class='ocrx_word' id='word_1_873' title='bbox 2014 5554 2348 5622; x_wconf 82' lang='lat' dir='ltr'><strong>cogitatione</strong></span> <span class='ocrx_word' id='word_1_874' title='bbox 2381 5554 2495 5610; x_wconf 88' lang='lat' dir='ltr'><strong>sola</strong></span> <span class='ocrx_word' id='word_1_875' title='bbox 2546 5556 2885 5612; x_wconf 88' lang='lat' dir='ltr'><strong>considerari</strong></span> <span class='ocrx_word' id='word_1_876' title='bbox 2923 5556 3091 5626; x_wconf 90' lang='lat' dir='ltr'><strong>possit</strong></span> <span class='ocrx_word' id='word_1_877' title='bbox 3124 5577 3135 5612; x_wconf 89' lang='lat'>:</span> <span class='ocrx_word' id='word_1_878' title='bbox 3166 5556 3278 5611; x_wconf 89' lang='lat' dir='ltr'><strong>sin-</strong></span> 
     </span>
    </p>
   </div>
   <div class='ocr_carea' id='block_1_115' title="bbox 1710 5642 3279 5718">
    <p class='ocr_par' dir='ltr' id='par_1_115' title="bbox 1710 5642 3279 5718">
     <span class='ocr_line' id='line_1_115' title="bbox 1710 5642 3279 5718; baseline 0.004 -23"><span class='ocrx_word' id='word_1_879' title='bbox 1710 5643 1914 5710; x_wconf 82' lang='lat' dir='ltr'><strong>gularia</strong></span> <span class='ocrx_word' id='word_1_880' title='bbox 1954 5653 2161 5711; x_wconf 89' lang='lat' dir='ltr'><strong>autem,</strong></span> <span class='ocrx_word' id='word_1_881' title='bbox 2193 5657 2249 5702; x_wconf 88' lang='lat' dir='ltr'><strong>et</strong></span> <span class='ocrx_word' id='word_1_882' title='bbox 2285 5657 2548 5718; x_wconf 86' lang='lat' dir='ltr'><strong>tempore,</strong></span> <span class='ocrx_word' id='word_1_883' title='bbox 2588 5658 2643 5704; x_wconf 89' lang='lat' dir='ltr'><strong>et</strong></span> <span class='ocrx_word' id='word_1_884' title='bbox 2685 5642 3077 5714; x_wconf 81' lang='lat' dir='ltr'><strong>alTectionibns,</strong></span> <span class='ocrx_word' id='word_1_885' title='bbox 3119 5658 3279 5718; x_wconf 84' lang='lat' dir='ltr'><strong>atque</strong></span> 
     </span>
    </p>
   </div>
   <div class='ocr_carea' id='block_1_116' title="bbox 1710 5738 3273 5813">
    <p class='ocr_par' dir='ltr' id='par_1_116' title="bbox 1710 5738 3273 5813">
     <span class='ocr_line' id='line_1_116' title="bbox 1710 5738 3273 5813; baseline 0.004 -24"><span class='ocrx_word' id='word_1_886' title='bbox 1710 5738 1846 5791; x_wconf 70' lang='lat' dir='ltr'><strong>adeo</strong></span> <span class='ocrx_word' id='word_1_887' title='bbox 1883 5740 2123 5808; x_wconf 81' lang='lat' dir='ltr'><strong>potentia</strong></span> <span class='ocrx_word' id='word_1_888' title='bbox 2151 5751 2204 5795; x_wconf 89' lang='lat' dir='ltr'><strong>et</strong></span> <span class='ocrx_word' id='word_1_889' title='bbox 2246 5742 2497 5798; x_wconf 81' lang='lat' dir='ltr'><strong>facultate</strong></span> <span class='ocrx_word' id='word_1_890' title='bbox 2526 5742 2820 5813; x_wconf 87' lang='lat' dir='ltr'><strong>pluriomm</strong></span> <span class='ocrx_word' id='word_1_891' title='bbox 2852 5742 2993 5798; x_wconf 90' lang='lat' dir='ltr'><strong>inter</strong></span> <span class='ocrx_word' id='word_1_892' title='bbox 3021 5758 3080 5800; x_wconf 90' lang='lat' dir='ltr'><strong>se</strong></span> <span class='ocrx_word' id='word_1_893' title='bbox 3105 5742 3273 5797; x_wconf 79' lang='lat' dir='ltr'><strong>divisa</strong></span> 
     </span>
    </p>
   </div>
   <div class='ocr_carea' id='block_1_117' title="bbox 1710 5830 3275 5903">
    <p class='ocr_par' dir='ltr' id='par_1_117' title="bbox 1710 5830 3275 5903">
     <span class='ocr_line' id='line_1_117' title="bbox 1710 5830 3275 5903; baseline 0.003 -19"><span class='ocrx_word' id='word_1_894' title='bbox 1710 5840 1855 5884; x_wconf 85' lang='lat' dir='ltr'><strong>sunt.</strong></span> <span class='ocrx_word' id='word_1_895' title='bbox 1910 5830 2042 5884; x_wconf 75' lang='lat' dir='ltr'><strong>Nam</strong></span> <span class='ocrx_word' id='word_1_896' title='bbox 2092 5848 2209 5899; x_wconf 90' lang='lat' dir='ltr'><strong>nos,</strong></span> <span class='ocrx_word' id='word_1_897' title='bbox 2242 5848 2343 5887; x_wconf 89' lang='lat' dir='ltr'><strong>non</strong></span> <span class='ocrx_word' id='word_1_898' title='bbox 2389 5834 2561 5890; x_wconf 85' lang='lat' dir='ltr'><strong>solum</strong></span> <span class='ocrx_word' id='word_1_899' title='bbox 2605 5834 2887 5903; x_wconf 86' lang='lat' dir='ltr'><strong>compositi</strong></span> <span class='ocrx_word' id='word_1_900' title='bbox 2944 5848 3149 5899; x_wconf 85' lang='lat' dir='ltr'><strong>sumus,</strong></span> <span class='ocrx_word' id='word_1_901' title='bbox 3181 5833 3275 5886; x_wconf 69' lang='lat' dir='ltr'><strong>Sed</strong></span> 
     </span>
    </p>
   </div>
  </div>
