3968 6556
523 400 621 465 831

1756 402 1960 460 EU'I‘ll
1973 402 2066 460 YM
2082 402 2135 460 il
2178 403 2349 463 ZIGA
2365 404 2535 465 BENI

3646 419 3739 483 8i?

524 517 710 577 etiam,
757 524 869 567 tum
904 515 1047 567 inter
1070 528 1168 568 nos
1193 524 1404 581 mutuo,
1438 524 1551 568 tum
1584 514 1739 567 nobis
1765 518 1926 567 etiam
1960 515 2089 581 ipsis

2207 516 2492 582 μένοντες,
2554 515 2630 586 μὴ
2687 516 2765 570 ὅτι
2832 516 2924 571 τὸν
2983 518 3197 574 ἅπαντα
3268 520 3400 588 βίονο
3451 524 3585 578 ἀλλὰ
3660 538 3738 582 καὶ

524 606 795 674 oppositi;
847 616 902 659 ut
938 607 1027 675 qui
1089 622 1155 659 ne
1218 607 1381 659 unius
1431 605 1652 675 quidem
1710 605 1818 659 diei
1890 608 2087 675 Spatio,

527 700 721 750 na-dnm
746 706 915 751 totum
937 700 1059 751 vita:
1075 699 1369 760 curriculo,
1392 699 1550 766 plane
1571 696 1732 749 iidem
1752 713 2089 762 maneamus,

527 801 709 836 terum
742 796 795 838 et
820 789 1165 854 corporibus,
1219 798 1273 841 et
1304 788 1518 852 annuis,
1556 799 1817 857 perpetuo
1872 788 2085 841 dilliua-

525 894 645 931 mus
708 887 760 932 et
814 880 1185 932 immntemur.
1246 885 1419 947 Atque
1444 882 1583 933 haud
1610 882 1745 943 scio,
1788 897 1916 933 num
1950 882 2089 935 idem

522 984 741 1037 quoque
776 970 827 1023 in
873 972 1079 1039 angelis
1134 973 1308 1021 locum
1344 971 1560 1033 habeat,
1590 986 1653 1023 ac
1684 972 1735 1023 in
1801 971 1949 1023 omni
1997 970 2089 1024 illa

2200 608 2413 677 σώματι
2443 610 2535 661 xui
2558 609 2756 680 ψυχαῖς
2782 614 2868 665 ἀεὶ
2902 614 3115 681 psam,-
3152 631 3210 666 τε
3245 618 3335 667 xui
3393 620 3737 684 μεταπίπτον-

2198 714 2307 757 τες.
2354 700 2468 751 Οὐκ
2525 697 2646 753 οἶδα
2690 702 2768 765 δὲ,
2835 703 2884 754 εί
2935 703 3009 773 μὴ
3056 708 3148 755 καί
3190 705 3438 771 ἄγγελοι,
3474 709 3564 759 xui
3602 713 3733 763 πᾶσα

2199 792 2360 858 φύσις
2396 792 2427 859 ἠ
2453 792 2586 857 ἄνω,
2634 796 2723 845 καὶ
2753 796 2889 863 μετὰ
2925 794 3021 864 τὴν
3054 796 3278 864 Τριάδα,
3304 796 3399 849 κᾶν
3431 799 3588 851 ἁπλοῖ
3613 818 3736 866 τινες

2198 874 2324 944 ὦσι,
2366 883 2621 951 καὶπρὸς
2667 884 2728 936 τὸ
2767 884 2929 937 καλὸν
2987 886 3345 957 παγιώτεροι,
3412 893 3477 959 τῇ
3516 894 3638 959 apo;
3688 896 3739 947 τὸ

2198 974 2370 1043 ἄκρον
2397 975 2558 1027 καλὸν
2591 975 2873 1045 ἐγγύτητι.

522 1069 733 1123 εωίοειί
764 1077 979 1129 natura,
1015 1082 1069 1122 et
1101 1068 1354 1121 Trinizati
1385 1070 1663 1138 proxima;
1697 1071 1908 1159 tametsi
1940 1071 2141 1139 alioqui
2176 1073 2406 1141 simplici
2437 1074 2668 1143 quadam
2704 1086 2895 1132 natura
2932 1078 3141 1148 praediti
3167 1080 3297 1143 sint,
3322 1094 3487 1150 atque
3524 1083 3589 1135 ob
3619 1086 3737 1138 vici-

522 1165 750 1218 nitatem
789 1181 927 1228 eam,
962 1181 1121 1232 quam
1151 1165 1215 1215 ad
1240 1178 1509 1215 summum
1546 1165 1744 1215 bonum
1788 1162 2008 1226 habent,
2046 1164 2100 1217 in
2136 1167 2334 1219 bonum
2364 1166 2571 1219 firmius
2598 1168 2777 1222 defixi.

592 1258 709 1312 Jam
770 1260 902 1313 deos
954 1261 1094 1321 illus,
1165 1276 1298 1327 quos
1332 1258 1535 1312 ethnici
1582 1259 1786 1323 colunt,
1856 1274 1919 1311 ac
1979 1259 2090 1312 da:-

526 1368 741 1413 Inones,
773 1362 831 1405 ut
859 1352 1072 1420 ipsimet
1105 1362 1319 1411 vocant,
1392 1353 1524 1404 nihil
1566 1367 1594 1405 a
1653 1352 1812 1405 nobis
1846 1352 2089 1405 accusrtri

524 1460 748 1498 necesse
774 1454 879 1505 est,
912 1460 1033 1496 eum
1060 1460 1087 1495 a
1115 1445 1340 1496 suismet
1375 1445 1642 1514 theologis
1672 1457 2090 1507 convmcantur,

526 1550 687 1603 quam
741 1534 899 1587 {redis
932 1534 1217 1588 affectibus
1260 1536 1505 1600 obnoxii,
1553 1552 1715 1604 quam
1791 1537 2089 1589 turbulenti

526 1634 650 1683 sint,
692 1629 819 1687 quot
853 1618 1004 1671 malis
1031 1628 1294 1678 st’ateant,
1322 1630 1451 1684 quot
1486 1620 1809 1673 munitiones
1841 1632 2086 1687 sutieant,

524 1722 683 1777 atque
715 1724 820 1762 non
854 1717 1038 1761 mutuo
1074 1706 1244 1760 solum
1292 1709 1431 1759 inter
1460 1723 1538 1770 se,
1574 1711 1666 1763 sed
1698 1710 1862 1764 etiam
1897 1710 2088 1778 primis

526 1804 631 1855 illis
663 1803 842 1855 causis
872 1802 1244 1861 adversentur,
1275 1814 1409 1867 quos
1431 1799 1694 1863 Oceanus,
1722 1810 1772 1854 et
1809 1799 2087 1866 Tethidas,

525 1907 574 1945 et
613 1894 905 1956 Phanetas,
946 1903 1000 1948 et
1048 1893 1230 1946 nescio
1263 1908 1367 1960 quo
1398 1892 1504 1946 alio
1531 1894 1743 1945 nomine
1780 1894 2087 1962 appellant;

528 1999 589 2035 :c
627 1992 895 2051 postremo
951 1983 1114 2035 Deum
1149 1982 1432 2046 quemdam
1474 1984 1542 2035 oh
1576 1981 1915 2050 principatus
1942 1996 2096 2035 amo-

532 2090 642 2125 rum
680 2074 860 2125 liberis
890 2074 1001 2126 suis
1046 2072 1321 2138 infestum,
1361 2082 1523 2140 atque
1576 2072 1709 2125 alios
1753 2086 1940 2125 omnes
1983 2086 2094 2139 pra}

532 2164 834 2230 inexplebili
881 2164 1174 2231 cupiditate
1224 2164 1591 2225 devorantem,
1619 2172 1675 2215 ut
1713 2172 1764 2216 el
1816 2164 2091 2216 hominum

528 2256 767 2307 onmium
814 2254 972 2307 l’ater
1009 2254 1101 2317 sit,
1131 2264 1183 2308 et
1214 2255 1461 2318 deorum,
1509 2269 1641 2323 quos
1684 2255 1880 2307 misere
1908 2267 2095 2307 come-

529 2346 691 2408 derit,
725 2355 778 2398 et
824 2344 1146 2398 evornuerit.
1195 2344 1348 2409 Quod
1383 2346 1429 2396 si
1471 2345 1585 2398 hate
1640 2344 1761 2412 ipsi,
1794 2352 1851 2395 nt
1886 2357 2091 2397 sermo-

529 2437 616 2490 nis
659 2435 1048 2504 turpitudinem
1098 2435 1329 2504 fugiant,
1374 2432 1640 2498 fabulosa,
1686 2444 1850 2503 atque
1899 2434 2100 2503 allego-

531 2530 645 2583 riro
695 2544 855 2583 sensu
898 2530 1304 2597 interpretanda
1350 2543 1471 2583 esse
1520 2527 1919 2592 contenderim,
1970 2529 2097 2597 quid

534 2623 745 2675 tandem
772 2621 836 2674 ad
864 2621 991 2675 illud
1013 2621 1211 2685 dicent,
1233 2620 1495 2688 trifariam
1517 2620 1691 2672 omnia
1713 2620 1877 2672 divisa
1902 2634 2011 2672 esse
2056 2628 2094 2680 ί,

532 2712 805 2781 aliumque
850 2713 935 2765 alii
978 2712 1209 2779 cuipiam
1263 2710 1408 2765 orbis
1443 2711 1577 2779 parti
1632 2724 1882 2778 praeesse,
1938 2716 2098 2777 atque

531 2818 582 2858 et
617 2806 853 2859 materiis
899 2814 951 2859 et
995 2804 1347 2872 dignitatibus
1400 2802 1684 2859 distinctos
1716 2801 1876 2855 esse?
1902 2799 1972 2852 At
1998 2815 2099 2852 no.

532 2908 657 2949 strue
692 2897 948 2950 doctrina:
987 2910 1091 2949 non
1139 2894 1326 2948 eadem
1373 2903 1456 2947 est
1491 2893 1662 2959 ratio;
1696 2907 1792 2946 nec
1834 2906 1957 2960 pars
1988 2892 2100 2944 haec

533 2988 719 3051 Jacob,
757 2999 815 3041 ut
866 2989 1039 3056 inquit
1089 3002 1240 3041 meus
1307 2985 1589 3054 theologus
1634 2990 1674 3038 ².
1740 2983 1843 3037 Sed
1906 2984 2096 3037 horum

533 3081 807 3148 quodlibet
841 3081 1098 3133 unitatem
1127 3080 1306 3141 habet,
1336 3094 1439 3131 non
1470 3076 1646 3130 minus
1675 3076 1814 3144 ejus,
1841 3090 1961 3129 cum
1991 3089 2099 3144 quo

534 3169 923 3238 conjungitur,
981 3184 1143 3237 quam
1211 3168 1466 3234 suiipsius
1544 3175 1823 3232 respectu,
1874 3174 2096 3234 promer

2207 3164 2303 3234 τῆς
2332 3164 2575 3229 ὲνώσεως
2604 3166 2779 3235 λόγος,
2826 3170 2949 3221 ὅσον
2994 3170 3077 3237 ἐφ’
3109 3164 3190 3232 οἷς

536 3262 785 3313 essentia:
815 3269 867 3313 et
900 3261 1151 3329 potentia:
1195 3259 1554 3313 identitatem.
1598 3260 1770 3327 Atque
1800 3258 1911 3313 hare
1939 3260 2096 3312 unio-

540 3353 623 3405 nis
665 3353 821 3417 hujus
871 3353 1005 3405 ratio
1040 3362 1141 3414 est,
1176 3362 1436 3420 quantum
1478 3351 1693 3418 quidem
1730 3351 1827 3420 ipsi
1865 3351 2096 3419 percipi—

542 3461 681 3497 mus.
712 3446 783 3497 Ac
825 3445 865 3496 si
906 3444 1120 3512 quidem
1160 3445 1311 3496 firma
1338 3454 1416 3498 est
1453 3444 1565 3496 hzec
1592 3442 1750 3505 ratio,
1777 3441 1883 3495 Deo
1906 3443 1974 3496 ob
2005 3443 2101 3495 hu-

1054 3610 1134 3664 EJ:
1160 3609 1343 3663 eadem
1365 3608 1622 3662 oratione.

630 3749 911 3815 Quodnam
969 3747 1113 3799 enim
1144 3754 1226 3799 est
1264 3746 1365 3797 hoc
1395 3752 1780 3813 argumentum
1810 3742 1831 3795 ’ἒ
1860 3741 1958 3807 Ea,
1989 3754 2110 3809 quae

544 3852 781 3923 ejusdem
832 3849 1081 3903 essentia:
1168 3857 1329 3915 sunt,
1378 3855 1873 3911 connumerantur,
1931 3847 2109 3913 inquis

544 3940 1095 4012 (cuuuumerationem
1123 3937 1377 3990 videlicet
1418 3936 1694 4005 appellans
1741 3936 1792 3988 in
1826 3951 2107 3989 numerum

543 4046 708 4081 nntun
942 4028 1420 4096 contractionem),
1454 4042 1573 4095 qua!
1608 4036 1788 4079 autem
1836 4026 2106 4094 disparem

545 4124 905 4176 substantiam
941 4121 1160 4184 habent,
1190 4120 1415 4173 minime
1445 4130 1923 4172 connumerantur.
1956 4117 2109 4173 Unde

547 4229 642 4267 vos
693 4213 909 4281 quidem
968 4227 1033 4266 ex
1095 4226 1158 4264 eo
1194 4210 1331 4265 elabi
1376 4225 1481 4264 non
1532 4209 1777 4279 potestis,
1808 4208 2110 4278 quiniuxta

548 4304 688 4358 hanc
735 4302 1019 4367 rationem,
1070 4311 1180 4357 tres
1233 4302 1363 4357 deos
1392 4302 1671 4357 asseratis.
1716 4300 1885 4357 Nobis
1931 4312 2111 4357 autem

546 4395 749 4449 nullum
788 4395 892 4450 tale
926 4394 1222 4465 periculum
1252 4395 1515 4449 imminet.
1547 4394 1660 4450 Non
1707 4396 1848 4449 enim
1878 4411 1940 4450 ea
1981 4412 2112 4450 con-

2272 1262 2339 1313 Οἵ
2394 1278 2452 1313 τε
2506 1264 2636 1333 παρ’
2675 1264 2941 1333 Ἐλλήνων
3019 1266 3301 1336 σεϐόμενοι
3372 1271 3484 1323 θεοί
3536 1289 3593 1325 τε
3656 1280 3736 1329 xui

2199 1351 2471 1420 δαίμονες,
2498 1352 2569 1413 ὡς
2593 1354 2749 1406 αὐτοὶ
2803 1354 3075 1422 λέγουσιν,
3149 1358 3301 1412 οὐδὲν
3348 1359 3506 1429 ἡμῶν
3550 1363 3734 1419 δέονται

2201 1444 2543 1513 κατηγόρων,
2584 1445 2719 1497 ἀλλὰ
2745 1447 2860 1509 τοῖς
2883 1447 3034 1516 σφῶν
3062 1450 3243 1504 αὐτῶν
3270 1452 3585 1508 ἁλίσκονται
3637 1455 3737 1509 θεο-

2200 1536 2376 1602 λόγοις
2420 1536 2496 1598 ὡς
2529 1537 2627 1605 μέν
2675 1538 2965 1607 ἐμπαθεῖς,
3021 1539 3097 1604 ὡς
3146 1543 3203 1596 δέ
3242 1543 3580 1608 στασιώδεις,
3618 1545 3738 1599 ὅσων

2192 1620 2245 1673 δὲ
2292 1621 2475 1675 κακῶν
2521 1621 2803 1692 γέμοντες,
2853 1624 2948 1677 xui
2989 1623 3332 1693 μεταϐολῶν·
3376 1623 3473 1675 xui
3516 1625 3575 1676 οὐ
3623 1624 3737 1693 πρὸς

2190 1710 2455 1781 ἀλλήλους
2506 1712 2687 1783 μόνον,
2717 1713 2850 1767 ἀλλὰ
2883 1713 2976 1767 xui
3019 1714 3153 1784 πρὸς
3193 1714 3295 1777 τὰς
3330 1713 3549 1783 πρώτας
3586 1715 3739 1779 αἰτίας

2193 1802 2486 1865 ἀντιθέτως
2533 1803 2775 1872 ἔχοντες
2819 1803 2912 1867 οὓς
2950 1804 3014 1873 δὴ
3193 1806 3285 1859 xui
3331 1806 3631 1869 Ὠκεανους,
3660 1808 3735 1860 καὶ

2193 1891 2433 1961 Τηθύας,
2469 1893 2564 1945 xui
2613 1893 2864 1963 Φάνητας
2893 1934 2910 1960 ,
3062 1894 3159 1946 xui
3201 1895 3303 1947 οὐκ
3348 1892 3468 1947 οἶδα
3517 1894 3735 1956 οὕστινας

2193 1981 2517 2052 ὀνομάζουσι
2543 1998 2556 2011 ·
2593 1983 2687 2036 xui
2715 1982 3024 2035 τελευταῖόν
3056 2000 3179 2035 τινα
3224 1983 3349 2036 θεὸν
3552 1987 3734 2055 μισότε-

2194 2090 2319 2126 κνον
2349 2074 2437 2125 διὰ
2464 2073 2775 2145 φιλαρχίαν,
2804 2074 3011 2136 πάντας
3032 2074 3402 2128 καταπίνοντα
3429 2076 3552 2139 τοὺς
3576 2076 3733 2140 ἄλλους

2195 2165 2253 2229 ἐξ
2297 2166 2619 2236 ἀπληστίας,
2669 2167 2754 2219 ἵνα
2800 2165 3023 2237 γένηται
3063 2167 3280 2220 πάντων
3306 2167 3519 2237 ἀνδρῶν
3538 2186 3593 2220 τε
3620 2172 3733 2224 θεῶν

2194 2274 2255 2310 τε
2284 2258 2486 2328 πατὴρ,
2512 2257 2792 2327 δυστυχῶς
2831 2257 3156 2328 ἐσθιομένων
3199 2259 3293 2312 xui
3342 2259 3661 2328 ἐμουμένων.
3688 2260 3735 2310 Ei

2196 2348 2254 2401 δὲ
2279 2348 2449 2402 ταῦτα
2481 2348 2662 2419 μῦθοι,
2699 2350 2793 2403 xui
2837 2350 3081 2403 ὑπόνοιαι
3108 2367 3274 2417 τινες,
3320 2350 3400 2412 ὡς
3434 2349 3579 2403 αὐτοί
3610 2367 3733 2418 φασι.

2196 2438 2257 2491 τὸ
2300 2438 2544 2509 αίσχρδνὶ
2570 2436 2665 2491 τοῦ
2711 2438 2870 2507 λόγου
2910 2439 3405 2512 διαδιδράσκοντες,
3445 2442 3497 2493 τί
3541 2442 3737 2511 φήσουσι

2198 2528 2335 2600 πρὸς
2368 2530 2449 2593 τὸ,
2483 2530 2692 2598 ΐριχθὰ
2727 2530 2795 2584 δὲ
2834 2531 3027 2585 πάντα
3056 2531 3369 2599 δέδασται,
3403 2532 3574 2585 καὶτὸ
3605 2531 3732 2586 ἄλλον

2198 2620 2342 2689 ἄλλῳ
2384 2622 2491 2674 τινὶ
2532 2620 2639 2674 τῶν
2692 2621 2859 2676 ὄντων
2903 2624 3232 2688 ἐπιστατεῖν,
3276 2622 3630 2694 διηρημένους
3660 2624 3735 2673 xui

2198 2712 2315 2773 ταῖς
2346 2709 2497 2774 ὕλαις
2531 2742 2547 2767 ν
2686 2713 2779 2765 xui
2804 2716 2915 2777 τοῖς
2959 2713 3267 2785 ἁξιώμασις
3298 2716 3379 2768 Τὸ
3406 2715 3461 2767 δὲ
3490 2714 3733 2785 ἡμέτερον,

2200 2799 2261 2850 οὐ
2290 2799 2525 2852 τοιοῦτον
2545 2816 2558 2828 ·
2590 2801 2743 2854 Οὐδὲ
2768 2802 2919 2870 αὕτη
2946 2804 3111 2872 μερίς
3128 2802 3206 2868 τῷ
3234 2804 3449 2859 Ἰακὼό
3466 2804 3588 2873 (99).
3606 2807 3737 2873 φησιν

2200 2890 2228 2940 ὁ
2281 2889 2410 2959 ἐμὸς
2457 2890 2735 2960 θεολόγος·
2788 2893 2923 2946 ἀλλὰ
2974 2894 3035 2946 τὸ
3082 2894 3140 2946 ἓν
3189 2893 3423 2948 ἕκαστον
3468 2894 3630 2947 αὐτῶν
3652 2894 3738 2963 ἔχει

2205 2983 2339 3053 πρὸς
2367 2984 2427 3037 τὸ
2474 2988 2851 3056 συγκείμενον,
2891 2988 2988 3057 οὐχ
3033 2984 3193 3058 ἦττον
3239 2989 3270 3058 ἢ
3314 2990 3453 3060 πρὸς
3495 2988 3739 3056 summa;

2204 3072 2387 3143 ταυτῷ
2424 3074 2523 3144 τῆς
2574 3076 2762 3138 οὐσίας
2811 3078 2904 3129 xui
2940 3078 3037 3147 τῆς
3074 3077 3381 3148 δυνάμεως.
3426 3079 3533 3132 Καὶ
3560 3072 3739 3138 obtegi

3334 3173 3493 3240 ἡμεῖς
3531 3168 3738 3235 κατειλήι

2207 3273 2405 3327 φαμεν.
2452 3259 2514 3310 Ei
2553 3259 2647 3329 μὲν
2676 3255 2768 3313 οὖν
2802 3262 3018 3332 ἰσχυρὸς
3062 3256 3217 3324 οὗτος
3250 3263 3278 3313 ὁ
3330 3261 3509 3331 λόγος,
3547 3260 3615 3329 τῷ
3646 3258 3744 3328 Θεῷ

2206 3349 2365 3418 χάρις
2394 3350 2489 3421 τῆς
2521 3350 2780 3423 θεωρίαςο
2818 3354 2866 3405 εί
2907 3353 2963 3406 δὲ
3006 3352 3104 3425 μὴ,
3152 3354 3411 3424 ζητῶμεν
3435 3355 3521 3407 τὸν
3561 3351 3742 3421 ἰσχυρά⁸

2206 3456 2379 3503 τερον.

2602 3684 2605 3685 ν
2646 3607 2747 3661 Ἐκ
2784 3609 2889 3662 τοῦ
2936 3609 3122 3664 αὑτοῦ
3160 3611 3377 3676 λόγου.

2301 3746 2395 3809 Τίς
2413 3746 2522 3819 γᾶρ
2540 3746 2602 3817 δὴ
2620 3746 2711 3799 xui
2748 3749 2775 3800 ὀ
2797 3746 2985 3816 λόγος;
3019 3746 3100 3800 Τὰ
3144 3746 3407 3816 spec-sm
3446 3743 3747 3814 συναριθμεῖ-

2220 3839 2457 3908 ται,φῄς
2510 3839 2931 3909 (συναρίθμησιν
2968 3839 3140 3907 λέγων
3185 3840 3285 3910 τὴν
3330 3842 3414 3903 εἰς
3445 3836 3747 3907 ἀριθμδνὲνα

2224 3930 2582 4000 συναίρεσιν)·
2631 3930 2689 3983 οὐ
2716 3931 3133 4001 συναριθμεῖται
3169 3929 3227 3982 δὲ
3272 3930 3343 3983 τὰ
3381 3930 3456 4001 μὴ
3503 3927 3744 3997 ὀμοούσια.

2227 4023 2391 4075 Ὥστε
2412 4024 2569 4092 ὑμεῖς
2593 4021 2694 4089 μὲν
2737 4024 2795 4075 οὐ
2848 4023 3113 4091 φεύξεσθε
3155 4022 3215 4075 τὸ
3237 4021 3428 4089 λέγειν
3470 4021 3604 4091 τρεῖς
3622 4016 3745 4073 θεοὺς

2222 4114 2363 4166 κατὰ
2401 4112 2667 4182 τὸνλόγον
2682 4114 2889 4168 τοῦτον·
2915 4116 3049 4184 ἡμῖν
3071 4114 3125 4166 δέ
3147 4114 3266 4167 οὐδὲ
3288 4110 3373 4175 εἷς
3423 4112 3665 4171 κίνδυνος
3691 4110 3738 4162 οὗ

2222 4207 2332 4276 γὰρ
2353 4208 2617 4276 ὁμοούσια
2629 4207 2881 4278 λέγομεν.
2902 4209 2973 4261 Σὺ
2995 4207 3094 4278 μὲν
3110 4206 3203 4260 οὖν
3224 4206 3538 4272 ἀπήλλαξας
3551 4203 3738 4257 σεαυτὸν

2222 4303 2562 4375 πραγμάτων
2583 4304 2681 4374 μιᾷ
2694 4304 2866 4373 φωνῇ,
2883 4303 2975 4356 xui
2985 4304 3081 4373 τὴν
3099 4303 3278 4373 κακὴν
3296 4301 3454 4370 νίκην
3471 4299 3742 4367 νενίκηκας⁶

2219 4394 2405 4465 ὅμοιόν
2423 4414 2477 4449 τι
2499 4396 2733 4466 ποιήσας
2759 4398 2870 4458 τοῖς
2887 4396 2976 4449 διὰ
2995 4397 3228 4449 θανάτου
3269 4396 3436 4465 φόϐον
3461 4385 3737 4461 ἀπαγχομέ-

546 4486 922 4540 substantialia
974 4500 1096 4540 esse
1152 4484 1487 4555 profitemur.
1536 4486 1853 4554 ReSpoudeo
1886 4484 2099 4540 :'Unic:

2220 4507 2353 4551 νοις.
2377 4489 2497 4542 Ἵνα
2515 4490 2623 4558 γὰρ
2662 4489 2736 4559 μὴ
2762 4490 2949 4560 κάμῃς
2990 4491 3054 4559 τῇ
3078 4487 3350 4559 μοναρχίᾳ
3372 4485 3742 4550 συνιστὰμενοςι

547 4593 679 4633 voce
736 4580 965 4649 teipsum
1025 4579 1241 4648 negotio
1285 4593 1348 4631 ac
1392 4578 1636 4632 molestia
1686 4578 1949 4643 liberasti,
2003 4594 2117 4631 ma-

548 4670 762 4738 lamque
797 4671 1078 4723 victoriam
1131 4670 1357 4738 adeptus
1396 4685 1456 4724 es
1490 4687 1503 4722 :
1544 4672 1792 4735 idemque
1845 4671 1937 4723 tibi
1977 4670 2116 4723 acci-

548 4761 647 4823 dit,
681 4760 821 4829 quod
849 4761 937 4823 iis,
964 4761 1053 4827 qui
1103 4760 1295 4813 mortis
1330 4770 1495 4822 metu,
1531 4759 1773 4826 sibiipsis
1806 4759 1997 4827 laqueo
2030 4758 2113 4811 vi-

2220 4578 2443 4649 ἠρνήσω
2468 4578 2715 4651 θεότητα,
2747 4579 2839 4632 καὶ
2874 4574 3225 4648 προδέδωκας
3247 4579 3359 4639 τοῖς
3384 4576 3585 4646 ἐχθροῖς
3598 4570 3647 4622 τδ
3662 4568 3741 4634 ζησ

2217 4674 2504 4742 σιτούμενον.
2526 4671 2670 4739 Ἐγὼ
2689 4672 2743 4725 δὲ
2767 4672 2868 4725 κᾶν
2885 4689 2937 4724 τι
2953 4671 3047 4743 δέῃ
3068 4673 3287 4741 καμεῖν.
3308 4671 3370 4723 οὐ
3392 4669 3676 4740 προήσομαι
3692 4657 3743 4710 τὸ

2221 4767 2717 4835 προσκυνούμενον.
2752 4765 3021 4818 Ἐνταῦθα
3050 4764 3129 4830 δὲ,
3176 4764 3298 4818 οὐδὲ
3315 4763 3425 4832 ὁρῶ
3447 4762 3524 4821 τίς
3544 4761 3570 4811 ὁ
3589 4758 3739 4814 πόνοςο

551 4866 656 4907 tam
718 4854 980 4906 adimunt.
1036 4854 1269 4916 Etenim,
1328 4868 1394 4906 ne
1454 4852 1505 4905 in
1560 4850 1898 4905 defendendo
1964 4852 2122 4907 unius
2160 4851 2461 4920 principatu
2539 4849 2787 4915 desudes,
2840 4849 3091 4903 deitatem
3141 4848 3373 4919 negasti,
3440 4844 3743 4910 hostibusque

550 4944 625 5007 io,
658 4945 799 5012 quod
834 4944 1169 5012 quaerebant,
1203 4944 1510 5011 prodidisti.
1553 4942 1662 5011 Ego
1698 4958 1845 5007 vero,
1908 4943 2070 4996 etiam
2116 4944 2160 4997 si
2195 4943 2324 5011 quid
2357 4940 2557 4995 laboris
2620 4941 2959 4994 subeundum
2988 4941 3079 5007 sit,
3116 4955 3221 4995 non
3274 4948 3452 4993 tamen
3480 4937 3678 5008 prodam
3701 4931 3740 4984 id

550 5041 691 5105 quod
755 5040 1030 5091 aduratur.
1082 5038 1400 5106 Quanquam
1444 5054 1508 5091 ne
1558 5040 1643 5093 hic
1678 5038 1891 5107 quidem
1946 5040 2119 5102 video,
2162 5038 2284 5108 quis
2311 5036 2463 5091 labor
2494 5035 2870 5103 suscipiendus
2900 5035 2990 5088 sit.

848 5129 1334 5195 Cominmerantur,
1370 5129 1571 5199 inquis,
1608 5144 1695 5192 ca,
1722 5145 1838 5198 quae
1872 5130 2114 5184 eamdem

547 5224 905 5278 substantiam
956 5223 1155 5275 habent
1191 5236 1350 5291 τίμιαι
1398 5232 1574 5275 autem
1632 5222 1928 5276 substantia
1977 5224 2119 5275 inter

546 5333 605 5372 se
633 5314 908 5379 differunt,
950 5313 1279 5383 singularem
1324 5314 1707 5369 iudicationem
1746 5315 1968 5370 habent.
2006 5312 2116 5367 Uu-

545 5407 614 5461 de
665 5406 787 5467 hoc,
818 5412 872 5458 et
923 5419 952 5457 a
990 5402 1185 5473 quibus
1232 5403 1541 5459 doctoribus
1588 5414 1680 5458 aut
1728 5403 2118 5458 fabulatoribus

545 5495 849 5564 accepisti?
882 5494 1088 5549 llludne
1125 5502 1177 5549 te
1227 5494 1383 5565 fugit,
1422 5512 1705 5550 numerum
1730 5511 1943 5550 onmem
1981 5497 2120 5551 hanc

545 5589 651 5638 vim
696 5587 913 5651 habere,
947 5596 1006 5641 ut
1040 5587 1406 5657 subiectorum
1439 5590 1818 5658 quantitatem,
1856 5606 1961 5644 non
1992 5591 2115 5645 item

546 5692 726 5731 rerum
784 5688 1053 5745 naturam,
1101 5678 1371 5748 explicet?
1410 5679 1517 5747 Ego
1569 5696 1697 5735 vero
1747 5679 1819 5733 ita
1864 5680 2113 5749 simplex,

640 5867 655 5896 ί
680 5865 893 5919 Homer.
925 5861 1091 5917 Iliad.
1121 5879 1232 5932 xw,
1268 5882 1398 5921 rcrs.
1426 5867 1544 5923 189.
1615 5870 1631 5898 ‘1
1668 5864 1779 5921 Jer.
1813 5881 1863 5930 χ,
1904 5864 1981 5919 l6.

2432 5125 2873 5197 Συναριθμεῖται,
2889 5126 3014 5195 φῂς,
3033 5123 3101 5176 τὰ
3121 5122 3382 5193 ὁμοούσια
3404 5138 3417 5151 ·
3436 5122 3500 5173 τὰ
3518 5120 3567 5171 δέ
3670 5113 3743 5178 οὑχ

2224 5218 2393 5281 οὕτως
2416 5217 2627 5288 ἔχοντα,
2653 5216 2944 5287 μοναδικὴν
2971 5214 3081 5285 ἔχει
3108 5216 3206 5284 τὴν
3232 5214 3477 5284 δήλωσιν.
3503 5210 3653 5264 Πόθεν
3679 5220 3740 5255 σοι

2222 5312 2402 5376 τοῦτο,
2432 5312 2521 5365 καὶ
2560 5308 2709 5381 παρὰ
2742 5309 2902 5361 τίνων
2938 5307 3315 5377 δογματιστῶν
3344 5306 3436 5358 καὶ
3556 5294 3737 5369 μυθολό·

2224 5422 2368 5473 γων;
2405 5405 2474 5456 Ἢ
2521 5404 2756 5470 ἀγνοεῖς,
2808 5402 2890 5453 ὅτι
2939 5401 3046 5463 πᾶς
3091 5398 3339 5471 ἀριθμὸς.
3372 5396 3467 5466 τῆς
3495 5390 3738 5455 morituro;

2220 5499 2329 5552 τῶν
2361 5498 2733 5568 ὑποκειμένων
2758 5496 2875 5549 ἐστὶ
2907 5494 3225 5566 δηλωτικδς,
3248 5494 3306 5545 οὐ
3330 5492 3425 5561 τῆς
3447 5488 3637 5556 φύσεως
3657 5494 3737 5530 των

2226 5591 2598 5661 πραγμάτων;
2641 5587 2781 5657 Ἐγὼ
2812 5587 2869 5640 δὲ
2909 5586 3083 5651 οὕτως
3126 5586 3364 5657 ἀρχαίως
3410 5582 3530 5651 ἔχω,
3577 5568 3737 5669 μᾶλλον

2221 5682 2275 5735 δὲ
2304 5682 2548 5753 ἀμαθῶς,
2582 5682 2721 5735 ὥστε
2767 5683 2891 5753 τρία
2934 5682 3032 5753 μὲν
3061 5679 3306 5750 ὀνομάζω
3337 5676 3403 5729 τὰ
3437 5670 3651 5727 τοσαῦτα
3678 5677 3735 5713 τω
