3968 6542
233 372 340 433 833

1191 373 1562 436 PANOPLlA
1604 371 2056 432 DOGMATICA.
2100 394 2166 406 ·-
2200 373 2348 433 ΤΙΤ.
2379 374 2510 440 ΧΠ.

3365 378 3471 439 83L

229 512 467 582 ἀριθμῷ,
502 513 603 566 κᾶν
628 514 882 584 διέστηκε
910 514 1006 584 τὴν
1048 515 1207 583 φύσιν
1284 515 1339 566 ἓν
1369 517 1444 578 δὲ,
1477 515 1570 567 καὶ
1598 514 1674 572 ἓν.
1715 515 1805 566 καὶ

1917 517 1987 568 t'el
2036 517 2318 584 imperitus
2354 517 2530 582 potius
2571 531 2712 578 sum,
2741 524 2800 569 ut
2824 517 2924 570 tria
2959 517 3173 585 quidem
3201 533 3262 572 ea
3299 520 3476 575 nomi-

229 605 310 661 ἓν.
337 605 504 669 ἄλλως
536 606 635 669 τὰς
667 607 930 669 τοσαύτας
963 607 1214 677 μονάδας,
1246 607 1348 660 κᾶν
1383 609 1445 676 τῇ
1492 607 1651 677 οὐσίᾳ
1679 623 1803 659 συν-

231 698 527 755 άπτωνται,
557 697 617 748 ού
655 696 789 766 πρὸς
832 698 900 750 τά
950 699 1247 768 πράγματα
1279 697 1476 767 μᾶλλον
1501 697 1738 767 ἀφορῶν,
1768 697 1802 764 ἢ

232 789 290 840 τὸ
324 789 487 843 ποσὸν
515 790 620 842 τῶν
652 792 1012 862 πραγμάτων,
1051 791 1168 844 καθ’
1207 784 1280 843 ὧν
1319 792 1352 860 ὴ
1487 787 1801 858 ἀρίθμησις.

237 882 395 933 Ἐπεὶ
453 881 508 934 δὲ
561 882 682 934 λίαν
735 885 963 955 περιέχῃ
1009 885 1102 937 τοῦ
1150 885 1500 954 γράμματος,
1557 881 1802 949 καίτοιγε

230 973 484 1042 πολεμῶν
524 973 598 1044 τῷ
645 976 933 1046 γράμματι
973 1013 987 1036 .
1129 977 1339 1029 ἐκεῖθέν
1382 993 1469 1044 μοι
1525 974 1655 1027 λά6ε
1701 974 1803 1037 τὰς

229 1063 532 1127 ἀποδείξεις
557 1081 570 1092 ·
613 1066 745 1131 Τρία
790 1069 845 1117 ἐν
889 1067 1006 1127 ταῖς
1032 1065 1359 1136 Παροιμίαις
1394 1062 1586 1124 ἐστὶν,
1627 1061 1663 1113 ἂ
1701 1062 1801 1112 εὺ-

229 1154 383 1220 όδως
437 1157 787 1223 πορεύεται·
830 1157 1006 1219 λέων,
1055 1157 1151 1210 καὶ
1199 1155 1429 1224 τράγος,
1469 1153 1566 1207 καὶ
1622 1155 1802 1206 ἁλεκ-

231 1245 425 1312 τρυὼν
447 1263 459 1275 ·
498 1246 609 1308 καὶ,
637 1247 937 1313 ,βασιλεὺς
961 1245 1312 1316 δημηγορῶν
1339 1247 1408 1298 ἐν
1441 1246 1596 1299 ἔθνει
1621 1280 1635 1304 ,
1745 1243 1804 1296 τὸ

227 1336 525 1408 τέταρτον·
581 1338 667 1391 ῖνα
714 1339 788 1410 μὴ
842 1338 984 1406 λέγω
1030 1338 1127 1401 τὰς
1183 1337 1348 1400 ἄλλας
1392 1339 1507 1388 ἐκεῖ
1544 1335 1806 1405 τετράδας

229 1427 660 1498 ἀριθμουμένας,
689 1433 753 1500 τῇ
783 1429 840 1482 δὲ
872 1429 1028 1499 φύσει
1063 1429 1414 1502 διῃρημένας.
1458 1428 1568 1481 Καὶ⁸
1597 1427 1690 1480 δύο
1728 1425 1805 1496 τῷ

229 1519 422 1570 Μωσεῖ
448 1521 711 1591 χερουϐὶμ
855 1522 1094 1592 εὑρίσκω
1125 1519 1428 1591 μοναδικῶς
1467 1519 1806 1591 ἀριθμούμε-

237 1628 314 1663 να.
344 1610 469 1672 Πῶς
507 1607 629 1675 οὖν,
659 1613 691 1683 ἢ
724 1614 904 1666 ἐκεῖνα
941 1613 1090 1687 τρία,
1125 1614 1261 1666 κατά
1294 1612 1391 1682 τὴν
1433 1611 1530 1681 σὴν
1559 1611 1805 1680 τεχνολο-

229 1701 373 1768 γίαν,
409 1702 656 1756 τοσοῦτον
698 1704 942 1775 ἀλλήλων
973 1703 1370 1775 ἀπερῤηγμένα
1402 1706 1521 1764 ταῖς
1549 1703 1804 1770 φύσεσιν;

227 1792 261 1863 ἢ
302 1792 478 1846 ταῦτα
525 1795 805 1864 μοναδικά,
851 1794 1104 1847 τοσοῦτον
1154 1794 1404 1865 ἀλλήλοις
1451 1792 1663 1863 ὁμοφυῆ
1715 1791 1807 1843 καὶ

1906 620 2048 662 nem,
2074 621 2191 672 qua!
2229 606 2450 659 totidem
2493 621 2714 660 numero
2741 618 2884 666 sunt.
2917 610 3128 662 etiamsi
3162 613 3463 664 substantia

1906 696 2151 748 dilTerant
2185 713 2196 746 :
2229 713 2389 748 unum
2423 707 2624 756 autem.
2653 706 2708 751 et
2735 715 2919 762 unum,
2947 711 3000 752 et
3033 717 3218 765 unum,
3253 703 3473 756 totidem

1877 782 2164 852 'unitates,
2199 787 2413 841 e-iamsi
2443 790 2746 842 substantia
2777 791 3194 859 conjungantur,
3229 808 3333 846 non
3362 809 3474 845 ma-

1905 881 1984 947 gis
2017 880 2264 933 videlicet
2309 896 2394 932 res
2430 881 2572 948 ipsas
2618 881 2857 946 intuens,
2887 899 3048 950 quam
3084 900 3260 937 rertuu
3300 902 3472 951 quatt-

1907 970 2139 1034 titatem,
2173 972 2324 1043 juxta
2359 986 2516 1038 quam
2553 975 2890 1026 enumeratio
2935 974 3046 1041 ipsa
3085 977 3174 1028 sit.
3209 975 3472 1040 Quoniam

1905 1074 2086 1114 autem
2121 1064 2393 1116 mordicus
2443 1063 2679 1115 litteram
2720 1065 2939 1128 retines,
2972 1066 3068 1120 etsi
3103 1068 3301 1134 alioqui
3335 1069 3475 1120 litte-

1906 1171 1978 1222 ra:
2018 1154 2214 1207 bellum
2269 1154 2527 1218 inferens,
2565 1155 2712 1209 illinc
2744 1156 2872 1208 mihi
2929 1157 3276 1222 probationes
3316 1159 3477 1213 hasce

1906 1246 2111 1312 accipe.
2152 1244 2276 1297 Tria
2304 1247 2359 1298 in
2389 1245 2695 1299 Proverbiis
2717 1258 2858 1307 sum,
2887 1263 3002 1315 qum
3033 1257 3165 1300 recte
3209 1250 3474 1313 incedunt,

1905 1331 2007 1397 leo,
2033 1332 2231 1396 hircus,
2263 1342 2308 1386 et
2339 1332 2544 1402 gallus;
2573 1341 2627 1389 et
2654 1346 2847 1405 quarto
2882 1335 3021 1398 loco,
3065 1353 3157 1390 rea:
3199 1340 3338 1406 apud
3387 1356 3477 1406 po-

1903 1425 2117 1490 pulares
2163 1440 2285 1476 suos
2329 1427 2627 1478 concionem
2675 1425 2869 1480 habens
2909 1432 2925 1462 ¹
2951 1445 2964 1492 ;
2995 1436 3048 1481 ut
3094 1428 3333 1498 reliquas
3360 1431 3478 1484 illas

1909 1527 2100 1569 natura
2147 1517 2432 1570 distinctas
2480 1521 2895 1586 quaternitates,
2950 1535 3071 1588 qua:
3128 1520 3236 1574 illic
3297 1536 3478 1575 recen-

1907 1619 2116 1668 sentur,
2153 1607 2369 1661 silentio
2421 1617 2762 1677 praeteream.
2800 1610 2940 1664 Duos
2988 1611 3151 1664 etiam
3201 1612 3476 1666 cherubim

1909 1705 2046 1770 apud
2077 1699 2310 1769 Moysein
2345 1701 2580 1763 invenio,
2603 1703 2692 1770 qui
2717 1703 3007 1770 separatim
3039 1712 3390 1756 numerantur
3436 1710 3475 1758 ‘.

1909 1793 2189 1858 Quomodo
2222 1808 2373 1862 ergo,
2404 1793 2486 1845 vel
2520 1793 2606 1846 illa
2643 1795 2741 1846 tria
2766 1803 2914 1858 sunt,
2940 1795 3081 1848 sicut
3109 1809 3196 1850 ars
3225 1805 3310 1847 tua
3341 1811 3477 1863 pne-

232 1887 599 1956 συγκείμενα;
642 1889 702 1940 Εἰ
732 1889 840 1960 γὰρ
865 1887 1090 1958 λέγοιμι
1105 1886 1237 1942 Θεὸν
1264 1887 1356 1941 καὶ
1382 1886 1687 1956 Μαμωνᾶν,
1714 1883 1806 1936 δύο

1917 1883 2128 1947 scribit,
2160 1899 2280 1937 cum
2323 1895 2514 1937 natura
2542 1894 2702 1952 atque
2735 1885 3032 1939 substantia
3071 1887 3204 1940 adeo
3251 1887 3390 1940 inter
3424 1901 3481 1940 se

229 1978 455 2047 κυρίους
484 1980 561 2041 είς
586 1979 642 2031 ἓν
673 1979 1123 2050 ἀριθμουμένους,
1146 1979 1382 2047 τοσούτῳ
1405 1975 1622 2048 μακράν
1647 1975 1806 2037 ὄντας

231 2068 499 2140 ἀλλήλων,
530 2070 672 2140 τάχα
702 2070 766 2124 ἂν
807 2072 900 2124 καὶ
931 2071 1132 2142 μᾶλλον
1171 2069 1494 2141 γελασθείην
1537 2069 1634 2138 τῆς
1685 2082 1810 2117 συν-

231 2160 356 2231 αριθ
365 2163 440 2232 μή
449 2179 603 2225 σεως.

1915 1976 2224 2045 discrepent
2257 1993 2268 2027 :
2306 1986 2398 2028 aut
2438 1975 2550 2028 hare
2602 1976 2917 2044 singularia,
2950 1991 3068 2043 quze
3111 1986 3299 2028 natura
3344 1977 3482 2032 inter

1913 2082 1972 2122 se
2000 2067 2133 2121 adeo
2163 2067 2388 2136 aequalia
2435 2076 2581 2129 sunt,
2608 2077 2661 2120 et
2684 2064 2968 2133 copulata?
3000 2065 3129 2118 Nam
3163 2068 3206 2119 si
3239 2068 3483 2121 dOminos

1915 2156 2037 2210 illos
2086 2158 2221 2210 duos
2269 2157 2434 2210 Deum
2485 2166 2540 2211 et
2584 2157 2982 2210 tnanunonam‘
3054 2172 3482 2210 commemorare

230 2254 420 2319 velim,
445 2255 534 2323 qui
575 2271 802 2311 numero
847 2271 953 2312 uno
990 2257 1310 2321 eﬂ'eruntur,
1345 2270 1467 2309 cum
1523 2254 1833 2324 usqueadeo
1872 2251 2013 2306 inter
2059 2267 2118 2308 se
2156 2229 2413 2320 disjuncti
2463 2253 2594 2318 sint,
2637 2252 2807 2322 magis
2873 2267 3086 2320 quoque
3127 2251 3350 2306 fortasse
3398 2268 3484 2307 me

233 2347 302 2400 ob
339 2350 479 2401 hanc
503 2351 1036 2405 connumerationem
1065 2351 1343 2404 ridendum
1369 2348 1736 2418 propinarem.

467 2438 602 2490 Ἀλλ’
646 2440 791 2511 ἐμοὶ,
839 2444 1037 2512 φησιν,
1091 2443 1276 2494 ἐκεῖνα
1331 2436 1807 2509 συναριθμούμενα

232 2531 473 2599 λέγεται,
517 2532 611 2584 καὶ
642 2534 738 2603 τῆς
791 2535 959 2604 αὐτῆς
1007 2534 1216 2598 οὐσίας,
1263 2527 1343 2597 οἷς
1384 2533 1808 2601 συνεκφωνεῖται

233 2623 608 2694 καταλλήλως,
647 2626 740 2677 καὶ
776 2626 842 2680 τὰ
875 2626 1112 2697 ὀνόματα
1135 2644 1146 2656 ³
1175 2620 1304 2690 οἷον,
1343 2623 1618 2696 ἄνθρωποι
1640 2624 1807 2694 τρεῖς,

234 2717 327 2769 καὶ
351 2715 466 2768 Θεοὶ
490 2719 659 2786 τρεῖς,
684 2717 804 2787 οὐχὶ
827 2719 950 2790 τρία
964 2719 1109 2780 τάδε,
1130 2719 1222 2772 καὶ
1238 2718 1386 2772 τάδε.
1530 2716 1624 2778 Τίς
1654 2714 1810 2785 γάρὴ

235 2809 504 2873 ἀντίδοσις
540 2832 583 2878 ;-
710 2810 868 2863 τοῦτο
891 2811 1306 2882 νομοθετοῦντός
1335 2811 1451 2862 ἐστι
1479 2811 1588 2870 τοῖς
1609 2807 1806 2877 ὀνόμα-

237 2915 341 2964 σιν,
375 2900 474 2952 οὐκ
505 2899 876 2970 ἀληθεύοντος.
917 2900 1067 2954 Ἐπεὶ
1097 2900 1261 2972 κάμοὶ
1293 2901 1516 2972 Πέτρος,
1548 2899 1640 2952 καὶ
1665 2896 1809 2952 Παῦ-

234 2989 347 3055 λος,
399 2990 494 3042 καὶ
533 2991 805 3062 Ἰωάννης,
839 2991 899 3044 οὐ
927 2993 1093 3062 τρεῖς,
1137 2993 1256 3045 οὐδὲ
1285 2991 1578 3063 ὁμοούσιοι.
1603 2990 1706 3053 ἕως
1744 2989 1808 3042 ἂν

239 3084 314 3153 μὴ
335 3084 488 3152 τρεῖς
515 3083 730 3153 Πέτροι,
771 3085 864 3137 καὶ
890 3087 1036 3155 τρεῖς
1077 3083 1300 3143 Παῦλοι,
1328 3083 1421 3136 καὶ
1457 3081 1696 3136 ’ῐωάνναι
1719 3098 1807 3132 το-

238 3173 422 3228 σοῦτοι
451 3174 719 3243 λέγονται.

236 3265 620 3339 γενικωτέρων
661 3265 966 3336 ὀνομάτων,
1005 3265 1164 3320 τοῦτο
1195 3266 1290 3319 καὶ
1320 3268 1481 3337 ἡμεῖς
1509 3266 1813 3334 ἀπαιτήσο-

240 3373 338 3428 μεν
367 3355 464 3410 ἐπὶ
490 3355 598 3410 τῶν
620 3355 979 3428 είδικωτέρων
1139 3354 1280 3409 κατά
1315 3355 1414 3424 τὴν
1442 3356 1540 3426 σὴν
1575 3352 1816 3409 ἀνάπλα-

237 3464 352 3503 σιν·
387 3449 421 3518 ἦ
467 3449 762 3520 ἀδικήσεις,
800 3449 873 3520 μὴ
918 3449 1089 3511 διδοὺς
1124 3449 1258 3517 ὅπερ
1305 3445 1550 3517 εἴληφας.
1577 3447 1642 3497 Τί
1671 3446 1757 3498 δαὶ
1788 3445 1817 3498 ὁ

248 3541 538 3610 Ἰωάννης;
577 3542 737 3611 Τρεῖς
767 3536 902 3594 εἶναι
949 3541 1072 3604 τοὺς
1110 3538 1521 3611 μαρτυροῦντας
1552 3537 1726 3607 λέγων
1759 3539 1816 3590 ἐν

237 3635 358 3696 ταῖς
387 3632 736 3698 Καθολικαῖς,
763 3634 822 3698 τὸ
849 3633 1092 3704 Πνεῦμα,
1133 3633 1192 3684 τὸ
1222 3631 1383 3702 ὕδωρ,
1422 3631 1483 3683 τὸ
1649 3624 1814 3699 αἷμα,

238 3719 350 3795 ἆρά
404 3741 484 3777 σοι
527 3724 711 3796 ληρεῖν
765 3725 1046 3794 (petiverat;
1094 3723 1315 3794 Πρῶτον
1352 3721 1470 3792 μὲν,
1516 3723 1596 3775 ὅτι
1643 3721 1712 3772 τὰ
1741 3721 1816 3790 μὴ

239 3816 502 3888 δμοούσια
533 3817 930 3888 συναριθμῆσαι
960 3816 1310 3885 τετόλμηκεν,
1335 3813 1363 3866 ὃ
1381 3816 1490 3876 τοῖς
1518 3812 1819 3884 ὁμοουσίοις

242 3911 302 3964 σί)
330 3909 510 3974 δίδως.
539 3909 655 3981 (Τίς
679 3910 786 3981 γὰρ
812 3909 876 3962 ἂν
907 3909 1049 3962 είποι
1075 3907 1244 3961 ταῦτα
1275 3907 1401 3977 μιᾶς
1425 3905 1608 3968 οὐσίας
1629 3905 1666 3974 ;)
1689 3902 1819 3955 Δεύ-

241 4018 402 4074 τερον
429 4001 505 4066 δὲ,
534 4002 616 4055 ὅτι
652 4001 726 4072 μὴ
760 3999 1109 4070 καταλλήλως
1138 3999 1275 4070 ἔχων
1309 3999 1618 4068 ἀπήντησεν
1639 4013 1653 4027 ο
1684 3995 1820 4049 ἀλλὰ

245 4093 302 4146 τὸ
341 4095 497 4164 τρεῖς
531 4093 835 4165 ἀρρενικῶς
863 4091 1102 4164 προθεὶς,
1143 4091 1210 4144 τὰ
1236 4090 1360 4161 τρία
1400 4088 1694 4159 οὐδετέρως
1732 4088 1822 4139 ἐπε

242 4187 464 4256 ήνεγκε,
497 4186 650 4256 παρά
681 4186 804 4249 τοὺς
838 4187 982 4248 σοὺς,
1016 4186 1109 4238 καὶ
1135 4185 1230 4254 τῆς
1258 4183 1355 4251 σῆς
1502 4197 1818 4250 γραμματι-

244 4277 344 4346 κῆς
376 4277 534 4347 ὄρους
580 4278 672 4330 καὶ
717 4277 931 4346 νόμους.
987 4275 1176 4328 Καίτοι
1210 4275 1262 4326 τί
1297 4274 1562 4344 διαφέρει,
1594 4271 1626 4341 ἢ
1674 4273 1822 4341 τρεῖς

245 4367 540 4438 προθέντα,
578 4368 655 4432 ἓν,
687 4369 780 4420 καὶ
813 4367 888 4429 ἓν,
922 4369 1014 4422 καὶ
1058 4366 1114 4418 ἓν
1147 4367 1477 4432 ἐπενεγκεῖν,
1515 4363 1546 4434 ἦ
1581 4362 1698 4424 ἕνα,
1730 4362 1823 4413 καὶ

243 4459 361 4519 ἕνα,
395 4457 486 4510 καὶ
515 4457 611 4511 ἕνα
641 4459 887 4526 λέγοντα,
921 4459 994 4527 μὴ
1027 4458 1195 4527 τρεῖς,
1229 4455 1362 4508 ἀλλά
1391 4454 1513 4525 τρία
1550 4467 1822 4522 προσαγο-

2128 2431 2216 2494 Αι,
2239 2428 2435 2498 inquis,
2455 2443 2514 2482 ea
2531 2427 2905 2481 connumerari
2928 2428 3193 2492 dicuntur,
3213 2428 3482 2497 ejusdem-

1912 2537 2018 2593 que
2043 2521 2294 2577 essentite
2333 2535 2476 2585 esse,
2506 2520 2700 2589 quibus
2747 2521 2961 2572 nomina
2993 2519 3105 2586 ipsa
3138 2520 3479 2585 respondent,

1909 2632 2031 2672 cum
2061 2613 2361 2669 ell'eruntur
2477 2631 2494 2673 :
2636 2623 2692 2663 ut
2725 2611 2970 2663 homines
3005 2625 3134 2672 tres,
3162 2620 3216 2662 et
3243 2611 3312 2662 dii
3347 2622 3479 2675 tres,

1913 2725 2018 2762 non
2053 2715 2232 2760 autem
2264 2705 2366 2758 tria
2399 2705 2533 2767 haec,
2560 2710 2650 2756 aut
2679 2703 2787 2756 illa.
2819 2701 2944 2767 Quae
2974 2701 3115 2754 enim
3143 2713 3222 2754 est
3249 2702 3362 2756 haec
3395 2718 3482 2756 re-

1914 2798 2019 2852 lata
2050 2793 2361 2864 responsio?
2386 2793 2648 2846 Nimirum
2676 2793 2776 2846 hoc
2797 2793 2907 2861 jam
2948 2791 3179 2844 hominis
3203 2801 3284 2844 est
3312 2791 3480 2858 legem

1915 2887 2224 2942 nominibus
2272 2884 2694 2954 praescribeutis,
2729 2897 2829 2935 noa
2882 2897 3063 2936 verum
3113 2883 3291 2936 dicere
3333 2883 3484 2936 insti-

1917 2979 2134 3033 tuentis.
2161 2975 2371 3044 Alioqui
2401 2974 2528 3028 mihi
2567 2989 2778 3042 quoque
2807 2973 2920 3042 pari
2951 2973 3136 3028 eadem
3160 2976 3363 3028 ratione
3389 2975 3484 3028 l’e-

1917 3079 2051 3132 trus,
2088 3078 2142 3122 et
2169 3066 2387 3128 Paulus,
2412 3073 2464 3118 et
2491 3063 2727 3118 Joannes
2755 3081 2858 3117 non
2894 3074 3004 3116 tres
3027 3076 3207 3126 erunt,
3237 3081 3331 3118 nec
3357 3081 3484 3119 con-

904 3177 967 3229 Ὃ
1010 3175 1117 3248 γὰρ
1152 3176 1215 3228 σὺ
1251 3177 1556 3246 τετήρηκας
1584 3173 1678 3227 ἐπὶ
1707 3172 1810 3226 τῶν

1917 3159 2311 3224 substantiales,
2372 3156 2608 3226 (prandio
2675 3171 2780 3208 non
2843 3164 2949 3209 tres
3005 3154 3173 3221 Petri,
3231 3167 3323 3208 aut
3377 3166 3486 3211 tres

1914 3251 2086 3313 Pauli,
2143 3258 2236 3302 aut
2283 3247 2504 3302 totidem
2565 3244 2799 3300 Joannes
2858 3259 2962 3298 non
3023 3245 3291 3301 dicentur.
3332 3245 3485 3313 Quod

1914 3343 2070 3397 eninr
2115 3351 2170 3393 tu
2221 3339 2272 3392 in
2315 3339 2658 3408 generalibus
2710 3335 3015 3391 nominibus
3053 3335 3347 3402 retinuisti,
3381 3336 3486 3391 hoc

1916 3447 2014 3486 nos
2047 3444 2259 3500 quoque
2283 3427 2437 3497 juxta
2479 3437 2842 3481 commentum
2875 3435 3024 3480 tuum
3069 3427 3119 3480 in
3165 3426 3488 3495 specialibus

1917 3522 2272 3592 postulamus.
2312 3519 2510 3587 lnjuste
2554 3521 2696 3572 enim
2748 3517 2964 3583 feceris,
2993 3519 3120 3582 nisi,
3153 3520 3292 3586 quod
3335 3533 3489 3571 acce-

1917 3613 2068 3684 pisti,
2119 3612 2355 3666 dederis.
2403 3610 2541 3676 Quid
2587 3609 2862 3664 Joannes?
2895 3610 3027 3664 Cum
3078 3609 3129 3662 in
3193 3607 3489 3662 Catholicis

1918 3705 2160 3776 epistolis
2200 3704 2313 3757 suis
2345 3713 2452 3756 tres
2488 3717 2607 3757 esse
2629 3703 2706 3755 ait
2733 3704 2752 3734 ⁸
2776 3741 2792 3766 ,
2815 3702 2908 3771 qui
2937 3703 3304 3757 testimonium
3335 3701 3486 3765 dant,

1921 3800 2204 3870 Spiritum,
2236 3811 2453 3866 aquam,
2490 3805 2544 3848 et
2574 3794 2911 3863 sanguinem,
2941 3795 3222 3848 videturne
3263 3794 3357 3847 tibi
3396 3796 3490 3848 de-

1920 3891 2120 3947 lirare?
2148 3889 2412 3954 Primum,
2444 3889 2567 3957 quia
2622 3901 2707 3940 res
2753 3885 3056 3940 substantia
3087 3885 3330 3938 diversas
3357 3899 3488 3938 con-

1922 3995 2210 4038 numerare
2268 3995 2434 4035 ausus
2488 3988 2591 4044 est,
2621 3977 2762 4047 quod
2825 3985 2879 4030 tu
2935 3975 3488 4031 consubstantialibus

1924 4085 2132 4129 tantum
2180 4073 2397 4128 tribuis.
2442 4071 2573 4137 Quis
2617 4070 2759 4123 enim
2803 4069 2916 4123 hare
2954 4067 3111 4122 unius
3135 4067 3484 4137 ejusdemque

1923 4167 2237 4222 substantiae
2277 4181 2397 4221 esse
2425 4162 2661 4218 dixerit?
2682 4161 2946 4222 Alterum,
2981 4161 3102 4228 quia
3149 4162 3306 4213 modo
3330 4161 3491 4213 mini-

1924 4278 2009 4315 me
2059 4259 2376 4328 congruenti
2425 4272 2584 4312 voces
2633 4265 2922 4323 sequentes
2967 4252 3344 4322 subjuuxerit;
3399 4253 3492 4306 sed

1927 4371 2048 4406 rum
2100 4364 2211 4406 tres
2265 4350 2562 4403 masculino
2591 4364 2784 4417 genere
2815 4347 3206 4415 proposuisset,
3243 4347 3336 4397 tria
3372 4362 3495 4397 neu-

1930 4454 2012 4496 tro
2048 4457 2241 4510 genere
2294 4440 2590 4508 subjunxit,
2626 4447 2809 4492 contra
2863 4450 3021 4503 quam
3056 4447 3179 4497 tute,
3217 4445 3376 4501 atque
3411 4434 3490 4501 ip-

247 4548 464 4618 ρεύειν;
502 4549 637 4618 ὅπερ
687 4549 846 4612 αὐτὸς
892 4547 1144 4614 ἀπαξιοῖς
1187 4545 1280 4598 ἐπὶ
1321 4547 1418 4611 τῆς
1452 4544 1722 4612 θεότητος.
1757 4542 1810 4592 Τι

1929 4536 2039 4587 sius
2092 4535 2253 4584 etiam
2309 4531 2670 4596 grammatice
2712 4529 2856 4596 leges
2897 4526 3094 4579 ferant.
3130 4523 3323 4576 Verum
3366 4526 3493 4592 quid

246 4639 328 4690 δαί
368 4656 448 4690 σοι
481 4640 507 4690 ὁ
543 4640 819 4708 καρκίνος,
867 4641 926 4692 τό
954 4657 1011 4691 τε
1049 4637 1204 4703 ζῶον,
1233 4636 1292 4689 τό
1337 4653 1394 4688 τε
1424 4635 1668 4706 ὄργανον,
1709 4635 1736 4686 ὃ
1764 4649 1822 4684 τε

248 4732 461 4800 ἀστήρ;
491 4731 542 4782 τί
571 4731 656 4782 δαὶ
685 4734 711 4783 ο
742 4732 906 4794 κύων,
936 4731 964 4782 ὅ
999 4747 1056 4782 τε
1101 4730 1371 4798 χερσαῖος,
1405 4725 1496 4778 καὶ
1527 4727 1553 4775 ὁ
1583 4723 1818 4794 ἔνυδρος,

250 4823 340 4874 καὶ
373 4823 401 4873 ὁ
434 4822 712 4892 οὐράνιος
758 4823 818 4873 ού
857 4824 1003 4891 τρεῖς
1047 4817 1299 4886 λέγεσθαί
1328 4833 1408 4868 σοι
1442 4814 1656 4868 δοκοῦσι
1683 4831 1816 4882 καρη

251 4916 386 4966 κῖνοι
431 4914 525 4964 καὶ
559 4913 753 4978 κύνες;
792 4914 1013 4974 Πάντως
1049 4929 1132 4980 γε.
1161 4906 1306 4980 Ἀρα
1347 4904 1438 4960 οὖν
1483 4905 1633 4976 παρὰ
1667 4901 1823 4956 τοῦτο

253 5005 342 5055 καὶ
373 5001 678 5072 ὁμοούσιοι;
718 5002 813 5064 Τίς
841 4999 1003 5069 φήσει
1031 5000 1138 5050 τῶν
1171 4998 1295 5050 νοῦν
1331 4995 1592 5065 ἐχόντων;
1639 4991 1822 5060 Ὁρᾷς,

256 5099 403 5158 ὅπως
444 5111 526 5148 σοι
581 5091 960 5146 διαπέπτωκεν
1007 5087 1036 5138 ὁ
1070 5089 1196 5155 περι
1231 5085 1328 5148 τῆς
1361 5077 1819 5146 συναριθμήσεως

258 5190 435 5255 λόγος,
460 5185 732 5245 τοσούτοις
752 5180 1108 5251 ὲ>.ηλεγμένος
1140 5193 1155 5242 ;
1179 5176 1237 5226 Et
1255 5176 1362 5240 γὰρ
1383 5173 1519 5240 μήτε
1535 5169 1599 5220 τὰ
1630 5166 1821 5234 ὁμοού-

263 5298 351 5331 σια
385 5278 604 5338 πάντως
633 5274 1068 5343 συναριθμεῖται,
1103 5269 1194 5321 καὶ
1220 5263 1628 5330 συναριθμεῖται
1656 5261 1722 5310 τὰ
1755 5255 1827 5325 μὴ

263 5372 546 5439 ὀμοούσια,
570 5369 604 5437 ἦ
625 5385 679 5418 τε
709 5367 815 5418 τῶν
860 5363 1137 5431 ὀνομάτωι
1170 5359 1571 5424 συνεκψώνησι,
1607 5350 1691 5401 ἐπ’
1719 5354 1828 5418 ἀμ-

268 5467 410 5531 φυῖν,
439 5462 492 5512 τί
528 5475 608 5512 σοι
645 5458 806 5510 πλέον
836 5449 909 5509 ὧν
932 5451 1317 5520 ὲδογμάτισας.

1931 4627 2178 4686 interest,
2214 4633 2304 4673 aut
2349 4637 2470 4673 cum
2499 4630 2606 4672 tres
2644 4619 2940 4671 masculino
2964 4631 3158 4685 genere
3190 4632 3491 4683 praeposue-

1930 4718 2022 4777 ris,
2059 4699 2242 4776 unum,
2285 4724 2339 4766 et
2386 4728 2568 4775 unum,
2607 4721 2660 4765 et
2695 4727 2856 4763 unum
2904 4709 3168 4778 subjicere
3202 4720 3332 4760 :aut
3374 4726 3494 4761 cum

1928 4824 2114 4870 unum,
2147 4817 2198 4857 et
2239 4820 2424 4866 unum,
2459 4812 2512 4856 et
2567 4817 2731 4855 unum
2788 4801 3008 4863 dixeris,
3063 4816 3166 4852 non
3228 4812 3357 4863 tres,
3403 4801 3495 4852 sed

1933 4901 2030 4953 tria
2065 4893 2369 4966 appellare?
2399 4893 2450 4947 ld
2479 4893 2616 4962 quod
2654 4901 2707 4944 tu
2743 4890 2794 4944 in
2833 4890 3030 4944 deitate
3065 4876 3352 4943 admittere
3380 4905 3500 4956 gra-

1933 4991 2093 5042 varis.
2140 4986 2280 5050 Jam,
2309 4985 2438 5053 quid
2489 4983 2582 5036 tibi
2618 4995 2834 5048 cancer,
2859 4982 2950 5050 qui
2983 4992 3038 5035 et
3077 4981 3277 5033 animal
3304 4989 3406 5045 est,
3438 4993 3493 5034 et

1930 5088 2214 5142 organum,
2239 5084 2294 5128 et
2324 5070 2514 5126 sidus?
2537 5069 2677 5136 Quid
2714 5069 2894 5135 canis,
2927 5070 3019 5138 qui
3055 5072 3328 5126 terrestris
3387 5086 3494 5135 εει,

1932 5176 1984 5219 οι
2022 5167 2286 5231 marinus,
2320 5174 2373 5218 et
2403 5165 2688 5219 caelestis?
2718 5165 2906 5217 Nonne
2967 5171 3076 5217 ties
3133 5166 3334 5229 cancri,
3401 5175 3496 5216 aut

1936 5272 2097 5309 canes
2143 5257 2238 5308 tibi
2275 5257 2377 5308 dici
2410 5255 2704 5308 vztlt'lttUl‘?
2769 5253 2840 5306 lta
2898 5255 3160 5321 profecto.
3215 5257 3296 5304 An
3365 5269 3494 5321 ergo

1940 5355 2164 5422 proinde
2197 5368 2413 5422 quoque
2443 5352 2940 5406 eonsubstantEaIes
2969 5351 3133 5402 sunt?
3167 5350 3298 5414 Quis
3329 5365 3494 5401 sanus

1942 5449 2040 5500 huc
2060 5435 2254 5499 dixerit
2274 5448 2296 5498 ?
2319 5445 2549 5498 Videsne
2577 5443 2848 5512 quomodo
2880 5443 2974 5494 tibi
3006 5443 3106 5494 hoc
3133 5458 3499 5495 connumera-

276 5527 438 5609 tinnis
469 5560 869 5622 argumentum,
939 5555 1016 5600 tot
1065 5545 1336 5611 tantisque
1391 5538 1693 5592 rationibus
1728 5537 2092 5598 l‘.0ltllttnlltm,
2131 5527 2443 5589 corruerit?
2503 5536 2635 5588 Nam
2677 5551 2798 5588 eum
2857 5548 2956 5585 nee
3018 5530 3502 5585 cmisulislautialia

276 5665 494 5715 semper
524 5650 1008 5703 connumerentur,
1041 5647 1095 5692 et
1127 5651 1246 5704 qu:c
1281 5633 1512 5702 diaparis
1539 5631 1789 5685 essentia:
1845 5640 1992 5693 sunt,
2024 5629 2301 5682 interdum
2345 5639 2828 5690 connumereutur,
2867 5637 2915 5680 et
2948 5635 3126 5678 tamen
3164 5626 3216 5678 in
3255 5630 3502 5696 utrisque

283 5742 501 5796 nomina
532 5738 693 5792 simul
722 5735 903 5790 elferri
934 5732 1341 5802 perspiciamus,
1371 5741 1435 5779 ex
1470 5726 1576 5777 tuis
1612 5723 1958 5790 dogmatibus
1996 5721 2122 5790 quid
2159 5722 2250 5771 tibi
2295 5719 2562 5773 accessit?

347 5834 374 5864 ~'
410 5832 564 5885 Prov.
606 5846 726 5895 xxx,
756 5829 843 5894 29,
876 5827 964 5882 50.

1041 5827 1058 5854 ¹
1083 5823 1254 5878 Exod.
1284 5836 1486 5886 xxxvii,
1516 5822 1562 5872 7.
1595 5833 1745 5886 seqq.
1800 5818 1816 5846 ³
1853 5815 2042 5869 Matth.
2090 5829 2152 5876 γι,
2191 5812 2277 5865 24.

2359 5809 2376 5839 ⁸
2407 5808 2423 5861 Ι
2451 5807 2606 5861 Joan.
2641 5823 2692 5873 ν,
2721 5808 2772 5862 8.
