3968 6550
250 319 359 384 837

1215 316 1596 379 PANOPLIA
1639 318 2099 384 DOGMATICA.
2141 346 2205 358 -
2245 322 2394 385 TlT.
2431 322 2542 385 XI.

3387 337 3495 401 838

236 435 388 497 οδλως
417 433 530 488 τῶν
561 429 658 488 τοῦ
691 431 829 487 Θεοῦ
853 431 1141 501 δυνάμεων
1173 431 1206 502 ἢ
1251 432 1565 503 ἐνεργειῶν
1598 435 1730 488 ἄλλο
1759 453 1798 488 τι

1920 436 2152 492 libenter
2212 440 2558 503 immorctur,
2595 442 2786 497 sedere
2834 447 2998 513 atque
3037 443 3091 499 in
3133 445 3327 503 throno
3371 471 3493 509 esse

250 528 356 581 τῶν
388 526 718 593 σωματικῶν
743 527 875 594 ἡμῖν
900 524 1390 594 ἀνεξωγράφησεν.

1922 530 2392 597 nuncnpavimus;
2429 535 2573 600 quod
2602 532 2779 603 ipsum
2808 550 3031 606 quoque
3088 549 3336 595 nostrum
3381 552 3487 599 est.

252 618 390 674 Deus
418 619 561 673 enim
594 618 742 674 nulla
777 616 835 671 in
867 631 925 670 re
971 616 1195 685 perinde
1232 624 1292 671 ut
1358 617 1410 671 in
1467 619 1707 682 sanctis,
1744 622 2067 691 acquiescit.
2125 620 2243 675 Jam
2299 624 2573 680 levitatem
2600 627 2723 695 ejus
2768 640 3063 702 motusque
3121 635 3481 701 celeritatem,

251 714 486 766 volatum
510 712 757 782 ?appellat
784 712 1099 781 Scriptura;
1146 711 1533 775 visitationem,
1560 714 1791 780 vultum,
1841 715 2178 787 largitionem
2209 719 2372 771 etiam
2409 727 2463 772 et
2498 723 2890 790 acceptionem,
2920 741 3180 795 manum;
3212 739 3395 797 atque,
3433 741 3488 784 nt

244 806 299 858 in
326 819 536 859 summa
559 806 760 872 dicam,
799 805 902 860 alia
942 805 1187 874 quaedam
1215 804 1306 859 Dei
1356 806 1439 860 vis
1488 816 1541 859 et
1590 804 1841 872 facultas,
1894 808 2039 863 aliud
2068 809 2345 879 quidpiam
2376 828 2554 867 rerum
2605 828 2991 885 corporearum
3026 820 3183 875 nobis
3216 822 3481 890 depinxit.

321 900 486 953 Πάλιν
516 900 580 953 σὺ
626 899 790 953 πόθεν
812 899 874 951 τὸ
905 898 1203 966 ἀγέννητον
1232 897 1423 952 λαϐὼν
1457 899 1619 969 ἔχεις,
1685 904 1718 969 ἢ
1752 902 1813 954 τὸ

2002 904 2245 959 Rursum
2284 906 2557 961 nndenam
2627 918 2681 963 tu
2732 926 2887 966 arces
2940 913 3063 968 illas
3137 924 3280 981 tuas,
3339 918 3491 987 inge-

246 995 503 1064 ἄναρχον,
554 994 654 1057 τὰς
703 993 798 1055 σὰς
849 992 1200 1061 ἀκροπόλεις,
1254 994 1287 1062 ἢ
1345 992 1441 1046 καὶ
1507 995 1693 1062 ἡμεῖς,
1749 995 1798 1047 τε

1920 996 2092 1051 nitum
2120 1008 2214 1051 aut
2269 1002 2729 1070 anarchnm(hoc
2779 1014 2862 1057 est
2914 1007 3172 1075 principii
3222 1008 3485 1078 expers),

243 1086 551 1153 ἀθάνατον;
585 1084 771 1150 Δεῖξον
825 1085 1000 1140 ταῦτα
1050 1086 1398 1156 ὀνομαστὶ,ἢ
1434 1087 1809 1157 ἁθετήσομεν,

242 1179 430 1249 ἐπειδὴ
456 1179 519 1232 οὐ
557 1181 888 1247 γέγραπται,
925 1180 955 1245 ἧ
990 1177 1389 1247 διαγράψομεν.
1448 1179 1557 1231 Καὶ
1617 1179 1808 1249 τέθνη-

239 1291 341 1334 κας
375 1274 438 1325 ὲκ
474 1272 583 1325 τῶν
612 1271 721 1324 σῶν
745 1270 1079 1335 ὑποθέσεων,
1112 1269 1551 1342 καθαιρεθέντων
1585 1288 1667 1324 σοι
1694 1271 1803 1323 τῶν

235 1366 540 1435 ὀνομάτων,
590 1367 683 1418 καὶ
722 1364 817 1417 τοῦ
875 1362 1086 1432 τείχους
1130 1365 1229 1432 τῆς
1279 1366 1606 1432 καταφυγῆς
1646 1362 1731 1432 ἐφ’
1760 1357 1804 1430 ᾧ

234 1459 569 1522 ἐπεποίθεις.
608 1459 678 1513 Ἣ
697 1457 875 1526 δῆλον,
894 1456 980 1509 ὅτι
1009 1456 1073 1509 ὲκ
1103 1455 1213 1509 τῶν
1233 1454 1406 1509 ταῦτα
1441 1457 1804 1525 συναγόντων,

226 1554 342 1608 κᾶν
386 1552 461 1622 μὴ
493 1552 666 1605 ταῦτα
706 1550 974 1620 λέγηται;
1005 1548 1178 1601 Τίνων
1204 1549 1446 1616 τούτων;
1491 1549 1642 1618 Ἐγώ
1687 1551 1803 1618 ειμι

1918 1090 2197 1157 accepisti,
2231 1100 2325 1145 ant
2376 1108 2476 1147 nos
2514 1094 2678 1147 etiam
2735 1094 3062 1151 immortalis
3092 1113 3278 1153 vocem
3307 1100 3330 1152 ?
3362 1101 3486 1154 llaec

1916 1181 2237 1235 nominatim
2274 1191 2328 1236 et
2360 1199 2617 1253 expresse
2646 1189 2896 1251 ostende,
2937 1203 3000 1242 ea
3035 1189 3115 1242 vel
3149 1191 3485 1257 rejiciemus,

1917 1277 2046 1345 quia
2098 1277 2150 1330 in
2186 1275 2472 1346 Scriptura
2503 1294 2613 1333 non
2673 1288 2909 1344 exstant,
2944 1280 3028 1334 vel
3086 1296 3479 1352 expungemus.

1914 1370 2184 1436 Atqueita
2221 1371 2445 1426 tuismet
2495 1372 2610 1442 ipse
2656 1374 2936 1443 principiis
2972 1389 3269 1443 oppressus
3321 1378 3486 1430 inter-

1913 1458 2263 1522 ibis,eversis
2292 1461 2550 1514 nimirum
2577 1462 2671 1516 tibi
2689 1463 2970 1517 vocabulis
2993 1464 3122 1525 illis,
3144 1463 3486 1533 perl‘ngiique

1912 1551 2283 1614 moenibuan
2316 1553 2516 1620 quibus
2538 1552 2875 1608 conﬁdebas.
2908 1553 3099 1607 Nonne
3128 1556 3479 1622 perspicuum

234 1648 490 1716 πρῶτος.
517 1645 748 1716 καὶέγὼ
778 1645 929 1714 μετὰ
964 1645 1171 1700 ταῦτα·
1210 1644 1328 1707 καὶ,
1358 1643 1478 1709 Πρὸ
1507 1641 1656 1712 ἐμοῦ
1689 1643 1798 1696 οὐκ

1911 1654 2017 1708 est,
2035 1646 2150 1699 liam
2180 1647 2246 1699 de
2276 1645 2343 1699 iis
2366 1657 2582 1714 sumpta
2612 1660 2755 1706 esse,
2780 1662 2844 1700 ex
2877 1646 3077 1715 quibus
3111 1648 3475 1713 colliguntur,

231 1743 404 1795 ἐστιν
425 1742 616 1805 ἄλλος
636 1738 802 1805 Θεὸς,
829 1738 927 1791 καὶ
970 1739 1100 1807 μετ’
1126 1735 1235 1806 ἐμὲ
1265 1739 1377 1791 οὐκ
1399 1735 1595 1791 ἔσται.
1641 1735 1803 1789 Ὀλον

231 1835 344 1903 γὰρ
372 1835 434 1886 τὸ
457 1835 650 1895 ἐστιν,
692 1830 846 1901 ἐμόν⁸
875 1829 1001 1883 οὕτε
1022 1831 1325 1901 ἠργμένον,
1353 1829 1478 1882 οὔτε
1522 1829 1804 1897 παυσόμε-

230 1945 343 1981 νον.
358 1925 545 1981 Ταῦτα
563 1926 765 1988 λαϐὼν,
787 1926 849 1978 τὸ
873 1926 997 1994 μὲν,
1017 1923 1092 1992 μὴ
1117 1921 1256 1977 εἷναί
1275 1942 1328 1977 τι
1352 1924 1458 1993 πρδ
1479 1921 1669 1984 αὑτοῦ,
1697 1938 1802 1991 μη-

231 2021 287 2072 δὲ
323 2018 704 2088 πρεσϐυτέραν
746 2018 926 2070 αίτίαν
963 2017 1130 2087 ἔχειν,
1157 2016 1395 2085 ἄναρχον
1417 2014 1799 2086 προσηγόρευ-

226 2129 356 2177 λσας,
378 2111 473 2165 καὶ
498 2111 818 2180 ἀγέννητοψ
839 2109 904 2163 τὸ
932 2109 1010 2171 δὲ,
1040 2110 1114 2178 μὴ
1161 2108 1461 2176 στήσεσυαι
1512 2107 1610 2161 τοῦ
1633 2103 1794 2173 εἶναι,

231 2204 503 2259 ἀθάνατον
519 2205 616 2259 καὶ
626 2202 954 2273 ἀνώλεθρον.
979 2204 1044 2255 Ai
1068 2202 1166 2271 μὲν
1180 2201 1245 2270 δὴ
1263 2200 1476 2269 πρῶται
1515 2199 1795 2269 συζυγίαι,

228 2295 505 2360 τοιαῦται,
540 2295 638 2349 καὶ⁸
675 2292 851 2356 οὕτως
896 2293 1146 2362 ἔχουσαι.
1211 2292 1347 2344 Τίνα
1380 2290 1437 2343 δὲ
1468 2288 1592 2343 οὔτε
1630 2290 1800 2356 ἐστιν,

226 2387 352 2442 οὔτε
378 2386 638 2456 λέγεται;
672 2383 919 2454 Πονηρὸν
939 2383 1003 2437 τδ
1032 2383 1200 2447 θεῖον,
1223 2384 1255 2450 ἡ
1285 2384 1495 2451 σφαῖρα
1515 2383 1800 2452 τετράγω-

226 2498 339 2545 νος,
366 2482 429 2535 τὸ
440 2478 717 2550 παρελθὸν
737 2477 1035 2547 ἐνέστηκεν
1076 2475 1140 2530 οὐ
1166 2475 1425 2529 σύνθετον
1446 2477 1472 2529 ό
1489 2475 1798 2545 ἄνθρωπος’

219 2575 366 2627 Τίνα
394 2575 503 2644 γὰρ
529 2574 611 2636 εἰς
632 2572 892 2625 τοσοῦτον
944 2568 1257 2639 ἐμπληξίας
1303 2567 1434 2620 ποτὲ
1460 2568 1799 2637 ἀφικόμενον

227 2670 420 2735 ἔγνως,
457 2665 598 2720 ὥστε
632 2681 686 2719 τι
737 2662 1002 2729 τοιοῦτον,
1058 2661 1089 2731 ἢ
1120 2660 1377 2729 ἐννοῆσαι
1406 2659 1705 2728 τολμῆσαι,
1765 2658 1798 2729 ἢ

1907 1737 2123 1793 tametsi
2148 1737 2375 1791 minime
2395 1737 2685 1793 dicantur?
2707 1739 2920 1803 Quibus
2950 1740 3163 1793 tandem
3191 1739 3213 1791 ?
3242 1738 3351 1808 Ego
3367 1756 3482 1792 sum

1906 1831 2130 1899 primus,
2199 1841 2245 1882 et
2278 1845 2372 1899 ego
2421 1838 2537 1899 post
2578 1831 2686 1885 haec
2725 1830 2763 1883 ¹.
2831 1830 2920 1895 Et,
2953 1832 3089 1883 Ante
3136 1848 3214 1885 me
3250 1849 3352 1885 non
3407 1842 3480 1885 est

1907 1922 2050 1977 alius
2077 1922 2236 1987 Deus,
2268 1933 2315 1977 et
2367 1931 2483 1990 post
2534 1940 2617 1978 me
2672 1940 2776 1977 non
2804 1926 2906 1978 erit
2935 1925 2977 1979 '.
3010 1924 3206 1978 Totum
3244 1926 3387 1979 enim
3411 1925 3479 1978 il-

1904 2017 1997 2071 lud
2032 2024 2133 2081 est,
2168 2031 2346 2070 meum
2376 2026 2490 2082 est;
2544 2032 2644 2072 nec
2696 2018 3026 2086 principium
3089 2018 3313 2083 habens,
3365 2032 3466 2071 nec

1908 2109 2067 2163 linem
2121 2109 2459 2165 habiturum.
2502 2108 2597 2163 liis
2627 2125 2656 2163 a
2685 2109 2967 2179 Scriptura
3019 2110 3277 2178 acceptis,
3343 2108 3472 2161 illud

1904 2204 2151 2272 quidem,
2185 2203 2327 2270 quod
2366 2211 2493 2255 ante
2515 2216 2636 2255 eum
2672 2202 2808 2255 nihil
2844 2204 2935 2263 sit,
2968 2216 3069 2255 nec
3096 2201 3472 2269 antiquiorem

1907 2298 2072 2352 ullam
2100 2298 2215 2367 ipse
2244 2312 2462 2352 causam
2494 2296 2713 2360 habeat,
2765 2297 3061 2350 anarchum
3091 2305 3145 2350 ct
3168 2296 3471 2363 ingenitum

1907 2390 2200 2459 appellasti
2231 2408 2246 2443 :
2281 2388 2423 2457 quod
2488 2398 2668 2443 autem
2704 2403 2980 2457 nunquam
3017 2402 3142 2442 esse
3189 2388 3474 2443 desituros

1904 2484 1999 2548 sit,
2057 2484 2388 2545 immortale,
2420 2493 2585 2553 atque
2639 2482 2895 2536 interitus
2961 2497 3174 2551 expers.
3238 2482 3314 2535 Ac
3366 2483 3475 2535 duo

1905 2573 2079 2639 prima
2133 2588 2317 2627 rerum
2352 2587 2551 2643 genera
2583 2572 2649 2627 ad
2679 2572 2827 2625 hunc
2852 2571 3074 2625 modum
3127 2587 3189 2626 se
3235 2572 3462 2626 habent.

1902 2664 2163 2731 Quaenam
2189 2675 2391 2731 autem,
2419 2679 2517 2718 nec
2545 2674 2695 2725 sunt,
2717 2679 2817 2718 nec
2848 2663 3155 2719 dicuntur?
3184 2663 3474 2732 Improbus

224 2757 655 2831 ἀποφήνασθαι,
687 2756 951 2812 Λείπεται
1001 2752 1174 2820 δεῖξαι
1221 2750 1345 2804 τίνα
1379 2751 1474 2803 καὶ
1510 2750 1655 2813 ἔστι,
1696 2748 1793 2801 καὶ

228 2852 472 2918 λέγεταιο
500 2849 659 2913 Θεὸς,
686 2846 997 2916 ἄνθρωπος,
1027 2843 1281 2913 ἄγγελος,
1331 2840 1532 2912 κρίσις,
1573 2839 1801 2909 ματαιό-

1905 2757 2066 2819 Deus.
2084 2757 2345 2825 quadrata
2374 2756 2611 2825 sphaera,
2638 2756 2970 2825 praeteritum
3000 2767 3210 2824 tempus
3235 2771 3472 2823 praesens

1901 2860 2006 2916 est,
2033 2850 2196 2904 homo
2229 2851 2563 2917 compositus
2600 2864 2705 2902 non
2740 2858 2842 2904 est.
2880 2849 3117 2918 Ecquem
3158 2850 3306 2903 enim
3372 2865 3472 2903 un-

226 2962 348 3013 της,
377 2945 429 2997 οί
454 2942 687 2996 τοιοῦτοι
716 2935 1091 3008 συλλόγισμοὶ,
1128 2937 1224 2990 καὶ
1257 2935 1357 3005 τῆς
1396 2934 1633 2998 πίστεως
1666 2934 1798 2987 ἁνα-

1911 2951 2070 3006 quam
2101 2951 2165 2992 eo
2192 2937 2434 3006 stuporis
2456 2952 2805 3007 progressum
2840 2939 3162 3008 cognovisti,
3192 2939 3469 3008 ntaliqnid

224 3036 428 3108 τροπὴ,
465 3038 559 3090 καὶ
590 3033 688 3088 τοῦ
720 3033 1028 3103 μυστηρίου
1061 3030 1315 3092 κένωσις.

1911 3028 2006 3083 tale
2060 3027 2142 3083 vel
2175 3029 2413 3098 cogitare
2442 3030 2527 3108 vel
2554 3029 2911 3098 pronuntiare
2935 3045 3104 3086 ausus
3139 3032 3260 3087 sit?
3319 3031 3470 3086 Reli-

216 3104 403 3207 quum:
418 3142 504 3190 est
546 3139 606 3186 ut
633 3128 913 3187 ostendam
960 3142 1081 3197 qua).
1128 3127 1238 3182 sint
1287 3142 1350 3182 ea
1398 3140 1519 3196 qua:
1547 3132 1759 3183 etsunt
1795 3131 1849 3178 ct
1901 3125 2178 3180 dicuntur.
2206 3123 2369 3190 Deus,
2400 3104 2583 3191 homo,
2608 3126 2856 3195 angelus,
2885 3124 3181 3195 judicium,
3235 3132 3470 3189 vanitas,

222 3241 329 3297 qua
364 3222 682 3291 huiusmodi
712 3228 1030 3291 argumenta
1085 3218 1472 3283 coniiciuntur,
1514 3216 1749 3285 ﬁdeique
1774 3215 2085 3283 subversio,
2116 3226 2172 3271 et
2204 3219 2446 3289 mystcrii
2489 3221 2789 3277 evacuatio.

291 3317 583 3388 Τοσαύτης
628 3311 725 3372 οὖν
779 3315 949 3385 οὔσης
999 3315 1271 3384 διαφορᾶς
1324 3314 1384 3367 ὲν
1418 3315 1533 3376 τοῖς
1566 3313 1797 3381 ὀνόμασι

1970 3311 2104 3367 Cum
2182 3330 2313 3384 ergo
2399 3315 2453 3369 in
2530 3317 2842 3371 nominibus
2896 3328 2954 3373 et
3030 3321 3192 3380 rebus
3262 3332 3470 3379 tantum

220 3416 452 3475 καὶτοῖς
473 3413 788 3482 πράγμασι,
845 3409 966 3471 πῶς
991 3406 1135 3461 οὕτω
1162 3406 1227 3460 σὺ
1260 3407 1378 3460 λίαν
1415 3404 1690 3469 δουλεύεις
1719 3404 1797 3475 τῷ

1911 3403 2194 3460 liscrimen
2228 3406 2554 3475 reperiatur,
2586 3409 2716 3476 quid
2767 3425 2949 3465 causae
2999 3421 3084 3467 est
3133 3429 3231 3467 cur
3279 3417 3472 3471 littera:

221 3509 547 3579 γράμματι,
577 3505 676 3561 καὶ
704 3504 834 3576 γίνῃ
869 3502 1013 3573 μετὰ
1066 3501 1166 3569 τῆς
1216 3499 1519 3569 Ἰουδαϊκῆς
1579 3500 1796 3566 σοφίας,

1911 3505 2177 3564 .antopere
2231 3500 2463 3564 servias,
2517 3498 2861 3571 Judaiemque
2910 3506 3194 3574 sapientia;
3235 3512 3466 3579 teipsuni

222 3604 315 3656 καὶ
351 3600 650 3663 συλλαϐαῖς
675 3596 1018 3661 ἀκολουθεῖς,
1049 3594 1210 3663 ἀφεὶς
1238 3593 1309 3646 τὰ
1348 3592 1690 3662 πράγματας
1728 3591 1793 3648 El

1911 3587 2182 3658 idjungas,
2236 3591 2548 3659 relictisque
2625 3593 2785 3649 rebus
2835 3595 3071 3663 syllabas
3104 3600 3472 3655 consecteris?

218 3697 276 3750 δὲ
308 3694 407 3748 σοῦ
432 3694 503 3746 τὰ
531 3694 613 3756 δὶς
632 3692 796 3745 πέντε
823 3690 1098 3757 λέγοντος,
1126 3686 1161 3758 ἢ
1182 3685 1249 3737 τὰ
1267 3685 1349 3747 δὶς
1382 3684 1541 3746 ἑπτὰ,
1572 3684 1639 3737 τὰ
1661 3683 1795 3736 δέκα

1911 3680 2046 3745 Quod
2080 3681 2126 3735 si
2174 3689 2228 3736 te
2263 3683 2347 3736 bis
2373 3682 2636 3751 quinque,
2698 3695 2794 3740 aut
2848 3687 2929 3740 bis
2976 3698 3183 3758 septem
3232 3693 3466 3754 dicente,

223 3790 484 3856 συνῆγον,
514 3786 549 3853 ἢ
574 3784 839 3852 τέσσαρες
874 3782 968 3836 καὶ
995 3779 1128 3833 δέκα
1161 3780 1225 3831 ὲκ
1256 3778 1365 3831 τῶν
1388 3774 1726 3847 λεγομένωνς
1760 3773 1793 3844 ἢ

1911 3772 2081 3827 lecem
2108 3782 2204 3830 aut
2233 3776 2651 3842 quatuordecim
2678 3792 2742 3832 ex
2774 3780 2960 3833 verbis
2992 3781 3097 3835 tuis
3129 3783 3466 3855 colligerem;

218 3885 287 3934 ἐκ
312 3879 441 3943 τοῦ,
475 3879 614 3944 ζῶον
660 3875 905 3945 λογικὸν,
937 3875 1157 3944 θνητὸν,
1190 3872 1283 3925 τὸν
1313 3871 1627 3941 ἄνθρωπον,
1684 3862 1796 3938 ἆρα

1911 3878 1978 3923 un
2012 3884 2078 3924 ex
2108 3883 2195 3934 eo,
2220 3871 2364 3941 quod
2394 3872 2594 3927 animal
2651 3875 2861 3930 ratione
2892 3879 3178 3946 praeditum
3229 3891 3284 3937 ct
3322 3899 3470 3939 mor-

222 3974 283 4027 ἆν
307 3989 401 4025 σοι
433 3971 623 4042 ληρεῖν
650 3968 945 4039 ὶνομίσθην
964 3980 981 4034 ;
1030 3965 1128 4019 καὶ
1161 3965 1300 4030 πῶς,
1358 3963 1425 4017 τὰ
1457 3962 1526 4017 σὰ
1560 3962 1743 4030 λέγων
1772 3977 1788 4025 ;

1911 3962 2254 4028 alediceres,
2284 3963 2558 4019 hominem
2606 3982 2732 4023 esse
2780 3972 3186 4041 concluderem,
3244 3992 3311 4031 an
3366 3978 3466 4033 tibi

224 4066 296 4119 Οὐ
334 4068 447 4133 γὰρ
473 4064 565 4117 τοῦ
596 4062 848 4131 λέγοντος
878 4060 1087 4130 μᾶλλον
1112 4060 1165 4113 oi
1201 4057 1374 4127 λόγοι,
1407 4056 1441 4126 ἦ
1478 4055 1574 4109 τοῦ
1601 4055 1788 4124 λέγειν

1911 4056 2092 4126 angari
2123 4057 2380 4112 viderer?
2412 4059 2472 4115 Et
2496 4075 2607 4129 quo
2657 4072 2817 4130 pacto
2848 4063 2900 4118 id
2937 4064 3051 4121 ﬁeri
3101 4081 3302 4137 posset,
3340 4086 3464 4127 cum

226 4157 751 4223 συναναγκάζοντος.
817 4154 1026 4224 Ὠσπερ
1046 4148 1140 4206 οὖν
1191 4148 1429 4203 ἐνταῦθα
1470 4149 1573 4202 οὐκ
1617 4147 1686 4205 ἂν
1719 4147 1789 4201 τὰ

1911 4158 1992 4201 tua
2018 4148 2443 4219 dicamiNque
2472 4154 2618 4207 enim
2640 4155 2806 4209 verba
2850 4159 3022 4228 magis
3052 4171 3181 4214 sunt
3224 4163 3340 4234 ejus
3372 4166 3467 4235 qui

225 4251 503 4318 λεγόμενα
528 4248 733 4318 μᾶλλον
771 4247 1066 4309 ἐσκόπουν,
1096 4245 1130 4313 ἢ
1171 4243 1239 4297 τὰ
1266 4242 1562 4312 νοούμενα·
1615 4239 1791 4303 οὕτως

1911 4242 2163 4310 loquitur.
2206 4258 2369 4312 quam
2424 4246 2571 4303 illius
2627 4249 2720 4319 qui
2774 4250 3024 4320 loquendi
3078 4258 3463 4313 necessitatem

223 4315 344 4397 οὐδὲ
367 4315 435 4394 *εἴ
463 4315 676 4395 τιᾶλλο
698 4338 809 4393 τῶν
845 4338 920 4409 μὴ
944 4335 1280 4407 λεγομένων,
1315 4335 1348 4405 ἢ
1384 4332 1460 4405 μὴ
1501 4332 1688 4401 σαφῶς
1724 4334 1788 4385 ὲκ

1911 4333 2070 4389 ιίῒθιιι.
2124 4334 2588 4399 Quemadmodum
2637 4341 2806 4411 igitur
2845 4344 2955 4412 hic,
3018 4362 3125 4401 non
3173 4364 3237 4404 ea
3290 4354 3467 4420 magis

223 4436 320 4505 τῆς
382 4434 604 4504 Γραφῆς
658 4432 951 4499 νοούμενον
1001 4428 1285 4498 εὕρισκον,
1337 4429 1540 4496 ἔφυγον
1592 4427 1659 4481 ἂν
1688 4428 1790 4494 τὴν

1911 4440 2019 4492 quae
2044 4425 2319 4492 dicuntur,
2339 4442 2503 4496 quam
2538 4445 2659 4500 quae
2686 4432 3084 4503 intelliguntur,
3108 4437 3463 4505 respicerem;

222 4526 560 4598 ἐκφὼνησιν,
613 4523 944 4593 φοϐούμενος
1005 4522 1065 4576 σὲ
1135 4523 1229 4575 τὸν
1287 4522 1633 4589 συκοφάντην
1690 4519 1790 4590 τὴν

1911 4519 2088 4572 :odem
2121 4519 2284 4573 modo
2330 4534 2455 4587 nec,
2507 4523 2551 4575 si
2586 4522 2717 4590 quid
2766 4525 2911 4578 aliud
2968 4542 3155 4581 eorum
3210 4545 3328 4597 quae
3381 4532 3466 4584 Vt‘l

222 4620 533 4691 ὀνομάτων,
1898 4608 2045 4663 nullo
2080 4610 2262 4677 modo,
2290 4612 2377 4665 vel
2401 4621 2551 4667 certe
2582 4629 2692 4668 non
2719 4614 2853 4669 satis
2878 4626 3062 4686 aperte
3095 4618 3373 4685 dicuntur,
3395 4635 3462 4674 ex

225 4711 510 4781 Scriptura
576 4721 753 4767 tamen
820 4709 1045 4779 intelligi
1117 4707 1409 4778 colligique
1460 4704 1780 4776 reperirem,
1818 4702 1956 4758 adeo
2014 4708 2067 4756 te
2108 4702 2497 4758 vocabulorum
2539 4706 2931 4775 sycophantam
2996 4711 3461 4777 pertimescerent,

224 4800 280 4859 ut
302 4804 376 4858 ab
402 4803 775 4857 enuntiatione
796 4801 908 4868 ipsa
932 4798 1258 4868 relugerem.

671 4896 765 4947 Ἐκ
796 4893 905 4947 τοῦ
934 4892 1121 4945 αὑτοῦ
1144 4892 1358 4960 λόγου.

302 4989 613 5058 Ἐκήρυσσε
654 4985 909 5056 φανερῶς
957 4986 992 5056 ὴ
1041 4983 1256 5037 Παλαιὰ
1299 4982 1390 5035 τὸν
1421 4983 1659 5053 Πατέρα,
1705 4982 1798 5036 τὸν

225 5084 358 5137 Υίδν
386 5081 776 5151 ἀμυδρότερον.
817 5079 1193 5147 Ἐφανέρωσεν
1224 5078 1257 5146 ἡ
1298 5075 1480 5147 Καινὴ
1520 5076 1612 5129 τὸν
1641 5075 1795 5141 ride,

222 5173 471 5238 ὑπέδειξε
493 5172 587 5225 τοῦ
617 5169 930 5238 Πνεύματος
955 5169 1055 5238 τὴν
1078 5169 1304 5237 ϐιότητα
1327 5184 1342 5196 ·
1375 5167 1791 5237 ἐμπο).ιτεύεται

219 5270 315 5322 νῦν
342 5267 406 5320 τὺ
430 5265 653 5334 Πνεῦμα
689 5262 1028 5331 σαφεστέραν
1054 5262 1185 5330 ἡμῖν
1209 5260 1445 5330 παρέχον
1469 5259 1568 5330 τὴν
1590 5260 1785 5314 ἑαυτοῦ

218 5363 468 5433 δήλωσιν.
497 5358 573 5412 Οὐ
614 5357 722 5427 γὰρ
753 5352 820 5425 ἦν
843 5354 1102 5424 ἀσφαλὲς,
1142 5353 1306 5422 μήπω
1327 5353 1428 5422 τῆς
1452 5352 1547 5405 τοῦ
1578 5353 1789 5423 Πατρὸς

219 5452 471 5521 θεότητος
499 5448 948 5519 δμολογηθείσης,
986 5446 1083 5499 τδν
1126 5446 1252 5498 Υίὸν
1300 5444 1539 5515 ἐκδήλως
1584 5444 1790 5514 κηρύτ·

221 5543 434 5609 τεσθαι,
458 5544 593 5615 μηδὲ
608 5542 707 5611 τῆς
725 5541 819 5594 τοῦ
843 5541 971 5593 Υίοῦ
1000 5538 1451 5611 παραδεχοείσης,
1476 5540 1536 5591 τὸ
1563 5537 1787 5607 Πνεῦμα

219 5636 281 5690 τὸ
306 5636 483 5707 ἅγιον,
515 5636 580 5690 ἵν’
606 5635 746 5688 εἴπω
769 5651 820 5686 τι
859 5636 952 5687 καὶ
979 5632 1399 5702 τολμηρότερον,
1431 5632 1785 5702 ἐπιφορτίζε-

300 5830 316 5856 ³
347 5824 446 5879 lsa.
485 5838 593 5888 xu,
634 5820 686 5873 4.
765 5824 784 5853 ³
813 5819 913 5875 lsa.
954 5834 1104 5882 mn,
1146 5819 1226 5872 l0.

2380 4884 2468 4939 Ea:
2497 4884 2680 4940 eadem
2718 4889 2981 4944 oratione.

1966 4973 2135 5032 Vetus
2165 4974 2573 5032 Testamentum
2606 4977 2821 5035 Patrem
2882 4992 3088 5050 aperte,
3128 4980 3320 5037 Filium
3366 4984 3467 5039 ob-

1898 5074 2113 5131 acurius
2181 5075 2515 5145 praedicavit.
2577 5075 2785 5130 Novum
2854 5088 3034 5134 autem
3084 5094 3206 5134 cum
3266 5079 3462 5137 Filium

1901 5170 2189 5227 manifeste
2220 5171 2539 5235 ostenderit.
2570 5170 2807 5238 Spiritus
2831 5174 3163 5229 divinitatem
3219 5177 3462 5231 subindi-

1894 5261 2058 5318 cavit.
2088 5261 2328 5316 Atnunc
2376 5264 2609 5332 Spiritus
2659 5267 2938 5325 nobiscum
2997 5282 3213 5321 versans
3269 5269 3464 5322 clario-

1899 5369 2011 5406 rem
2068 5353 2151 5408 sui
2205 5354 2373 5422 ipsius
2422 5355 2939 5410 demonstrationem
2993 5358 3214 5422 praebet.
3272 5355 3463 5424 Neque

1896 5446 2038 5499 enim
2092 5456 2261 5499 tutum
2318 5458 2457 5511 erat,
2504 5462 2626 5502 cum
2686 5446 2863 5501 Patris
2911 5448 3170 5501 divinitas
3220 5449 3457 5503 nondum

1901 5548 2114 5608 recepta
2139 5548 2306 5606 esset,
2338 5538 2530 5592 Filium
2574 5549 2759 5606 aperte
2802 5540 3104 5607 praedicari,
3142 5553 3318 5607 neque
3342 5540 3463 5607 Spi-

1902 5630 2035 5685 ritus
2074 5634 2243 5684 sancti
2276 5646 2433 5696 ouus,
2474 5641 2531 5683 ut
2559 5630 2818 5683 audacius
2846 5631 3006 5684 etiam
3030 5630 3231 5698 aliquid
3264 5631 3459 5697 dicunt,
