3968 6552
518 325 626 387 839

1763 313 2144 373 EUI‘IIYMII
2187 313 2548 374 ZiGABENI

3659 305 3745 366 810

521 432 750 501 imponi,
785 432 1068 488 divinitate
1103 429 1224 486 Filii
1259 431 1498 485 nomium
1532 428 1859 499 approbata,
1894 443 1960 481 ne
1993 438 2109 480 tan-

2223 432 2360 489 ιυαι,
2404 425 2479 496 μὴ
2519 424 2772 491 καθάπερ
2805 423 2978 493 τροφῇ
3001 422 3068 491 τῇ
3099 401 3239 489 ὅπερ
3260 416 3490 484 δύναμιν
3515 412 3747 483 βαρηθέν-

523 542 685 595 quam
714 526 837 581 cibo
873 527 1113 596 gravius,
1161 543 1322 594 quam
1385 525 1527 580 ferre
1585 530 1805 592 possent
1871 521 2105 584 onerati,

524 629 616 671 aut
655 618 980 672 imbecillam
1027 618 1311 672 oculorum
1346 617 1518 672 aciem
1571 617 1700 670 solis
1757 616 2108 668 admoventes

521 711 978 775 Splendori,illud
1033 711 1218 775 etiam,
1272 711 1413 778 quod
1466 710 1726 762 haberent
1778 708 2012 770 virtutis,
2055 709 2104 758 in

523 803 820 868 periculum
854 804 1201 869 adducerent,
1248 806 1342 858 sed
1385 803 1642 871 paulatim
1697 817 1791 868 pcr
1839 801 2108 854 accessio-

525 912 640 958 nes,
691 903 746 949 et
772 903 993 964 gradus,
1032 907 1089 949 ut
1133 898 1208 950 ait
1243 897 1436 961 David,
1478 906 1532 950 et
1585 912 1646 949 ex
1691 895 1858 964 gloria
1892 895 1942 946 in
1995 894 2108 961 glo-

526 988 658 1038 riam
688 989 1096 1055 pragredientes
1131 999 1185 1042 et
1221 991 1587 1058 proficientes,
1620 988 1954 1056 splendidam
1982 986 2108 1039 Tri-

525 1081 710 1133 nitatis
771 1083 944 1136 lucem
1003 1085 1327 1138 illustriores
1391 1084 1760 1138 admitterent.
1844 1083 1991 1136 lianc
2039 1082 2108 1134 ob

524 1185 767 1237 causam,
799 1175 1146 1237 utarbitror.
1201 1184 1254 1229 et
1299 1176 1364 1228 ad
1431 1175 1720 1244 discipulos
1779 1189 1874 1241 per
1927 1184 2110 1241 partes

524 1262 758 1322 accedit,
783 1279 902 1318 sese
936 1280 1034 1332 pro
1067 1265 1479 1334 suscipientium
1510 1266 1766 1320 facultate
1790 1264 2103 1325 dimetiens,

524 1355 577 1407 in
607 1353 880 1424 Evangelii
911 1357 1196 1425 principio,
1232 1367 1353 1423 post
1387 1365 1641 1421 mortem,
1685 1365 1808 1426 post
1836 1356 2112 1410 ascensio-

525 1461 672 1509 nem,
694 1447 818 1500 dum
845 1449 1073 1503 virtutes
1095 1459 1366 1518 operatur,
1391 1451 1515 1503 dum
1545 1449 1872 1512 insulﬂatur,
1899 1450 2026 1502 dum
2054 1447 2109 1500 in

523 1537 724 1606 linguis
785 1541 956 1610 igni-is
1012 1553 1258 1610 apparet,
1290 1553 1344 1598 et
1393 1558 1422 1594 a
1453 1543 1583 1597 Jesu
1635 1542 1890 1611 paulatim
1929 1540 2114 1595 decia-

528 1642 698 1694 ratur,
737 1642 792 1684 ut
821 1634 932 1700 ipse
967 1650 1201 1702 quoque,
1243 1637 1287 1689 si
1335 1637 1643 1706 diligentius
1674 1636 1993 1696 attenderis,
2031 1639 2113 1686 in-

527 1727 733 1796 telliges
769 1745 781 1780 :
836 1728 1071 1798 Rogabo,
1116 1732 1310 1798 inquit,
1355 1731 1590 1794 Patrem,
1621 1740 1671 1785 et
1720 1729 1887 1783 alium
1943 1729 2112 1785 Para-

2211 542 2320 586 τες.
2349 525 2442 577 καὶ
2469 521 2677 592 ἡλιακῷ
2705 519 2845 588 φωτὶ
2873 517 2974 572 σαθ
2987 517 3212 587 ροτέραν
3257 516 3336 567 ἔτι
3385 512 3749 581 προσϐαλόντες

2211 621 2310 685 τὴν
2335 616 2478 688 ὄψιν³
2529 615 2622 667 καὶ
2673 613 2752 674 είς
2796 610 2856 661 τὸ
2886 609 3029 663 κατὰ
3073 608 3301 676 δύναμιν
3359 603 3747 657 κινδυνεύσωσι·

2211 713 2331 773 ταῖς
2357 710 2411 762 δὲ
2443 708 2583 761 κατὰ
2623 707 2788 776 μέρος
2816 703 3159 774 προσθήκαις
3187 701 3301 763 καὶ,
3335 698 3412 760 ὡς
3451 692 3564 748 εἷπε
3593 696 3750 761 Δαϐἰδ,

2211 802 2527 862 ἀναϐάσεσι,
2581 802 2676 851 καὶ
2729 801 2791 850 ὲκ
2823 797 2983 865 δόξης
3036 797 3116 856 είς
3168 794 3324 857 δόξαν
3375 792 3632 860 προόδοις,
3673 792 3752 843 καὶ

2212 897 2517 964 προκοπαῐς
2543 893 2603 943 τὸ
2643 891 2740 960 τῆς
2773 891 2816 941 Τ
2823 889 3004 958 ριὰδος
3057 887 3172 954 φῶς
3206 885 3481 954 ἐκλάμψαι
3509 884 3610 944 τοῖς
3639 881 3757 950 λαμ.

2211 987 2520 1058 προτέροις.
2573 985 2670 1037 Διὰ
2719 983 2927 1054 ταύτην
2977 978 3131 1051 οἶμαι
3165 979 3263 1048 τὴν
3314 977 3495 1031 αἰτίαν
3539 978 3623 1028 καὶ
3665 980 3755 1040 τοῖς

2215 1083 2481 1154 μαθηταῖς
2514 1081 2652 1131 κατὰ
2705 1076 2868 1147 μέρος
2919 1075 3176 1144 ἐπιδημεῖ
3221 1074 3287 1140 τῇ
3325 1071 3434 1124 τῶν
3485 1071 3757 1138 δεχομένων

2211 1174 2435 1243 δυνάμει
2473 1167 3022 1240 παραμετρούμενον,
3053 1168 3110 1219 ὲν
3143 1167 3284 1236 ἀρχῇ
3319 1162 3414 1216 τοῦ
3443 1162 3755 1230 Εὐαγγελίου,

2216 1270 2355 1339 μετὰ
2383 1267 2444 1320 τὸ
2477 1265 2666 1327 πάθος,
2701 1263 2840 1333 μετὰ
2878 1261 2976 1332 τὴν
3003 1260 3206 1322 ἄνοδον,
3245 1258 3347 1320 τὰς
3386 1255 3633 1324 δυνάμεις
3660 1256 3759 1306 ἐπι-

2211 1361 2423 1424 τελοῦν,
2455 1356 2876 1429 ὲμφυσώμενον,
2919 1356 2977 1407 ὲν
3019 1351 3295 1422 γλώσσαις
3322 1349 3573 1419 πυρίναις
3599 1347 3760 1415 φαινό-

2217 1473 2397 1528 μενον,
2453 1453 2548 1507 καὶ
2582 1450 2688 1506 ὑπὸ
2737 1449 2915 1520 Ἰησοῦ
2952 1447 3072 1501 κατ’
3102 1447 3286 1514 ὀλίγον
3333 1444 3659 1510 ὲκξαίνεται,
3699 1439 3760 1498 ὡς

2211 1549 2533 1617 ἐπιστήσεις
2579 1546 2672 1598 καὶ
2735 1542 2897 1604 αὐτὸς
2925 1540 3267 1610 ἐντυγχάνων
3323 1535 3756 1603 ἐπιμελέστερον*

2226 1640 2554 1710 Ἐρωτήσω,
2588 1637 2742 1706 φησὶ,
2777 1636 2880 1688 τὸν
2926 1634 3178 1699 Πατέρα,
3215 1632 3314 1685 καί
3356 1629 3551 1682 ἄλλον
3598 1626 3759 1694 Παρά-

2213 1741 2441 1800 κλητον
2487 1731 2708 1798 πέμψει
2743 1727 2906 1795 ὑμῖν,
2947 1727 3011 1779 τὸ
3062 1725 3308 1795 Πνεῦμα
3352 1723 3464 1790 τῆς
3491 1722 3756 1786 ἀληθείας,

524 1819 714 1872 cletum
745 1823 915 1874 mittet
942 1824 1100 1889 vobis,
1131 1823 1391 1891 Spiritum
1425 1825 1660 1878 veritatis
1719 1827 1763 1886 ',
1799 1839 1865 1876 ne
1910 1823 2111 1890 aliquis

2223 1826 2301 1879 ἵνα
2340 1826 2413 1896 μὴ
2455 1823 2698 1883 ἀντίθεος
2747 1818 2888 1873 εἶναι
2927 1819 3055 1888 δόξῃ
3084 1836 3190 1881 τις,
3237 1816 3334 1871 καὶ
3382 1816 3458 1877 ὡς
3487 1815 3588 1866 ἀπὸ
3623 1813 3759 1879 ἄλλης

528 1911 620 1964 Dei
653 1916 1002 1970 adversarius
1040 1927 1208 1979 esset,
1242 1928 1334 1970 aut
1380 1918 1448 1970 ab
1478 1919 1660 1987 aliqua
1693 1917 1798 1969 alia
1845 1925 2111 1984 potestate

528 2005 689 2056 verba
731 2006 908 2059 facere
941 2007 1237 2061 videretur.
1281 2009 1501 2073 Deinde,
1539 2010 1710 2065 Mittet
1747 2009 1989 2079 quidem,
2018 2008 2112 2061 sed

529 2098 582 2147 in
652 2099 871 2151 nomine
950 2115 1089 2152 meo.
1151 2101 1362 2168 Rogabo
1421 2103 1712 2167 omittens,
1768 2102 1892 2154 illud
1945 2103 2112 2154 mittet

527 2192 786 2244 servavit.
822 2191 984 2256 Tum,
1009 2194 1242 2256 mittam,
1271 2195 1466 2263 inquit,
1516 2205 1571 2247 ut
1597 2196 1915 2260 dignitatem
1955 2209 2111 2247 suam

527 2285 868 2338 ostenderet.
913 2284 1030 2337 Mox
1069 2286 1164 2346 ait,
1204 2290 1389 2350 veniet,
1426 2303 1534 2356 quo
1561 2290 1778 2355 quidem
1839 2289 2004 2340 verbo
2037 2287 2115 2354 ip-

528 2375 644 2428 sius
681 2377 920 2444 Spiritus
951 2388 1195 2445 potestas
1244 2379 1536 2434 iudicatur.
1599 2383 1792 2434 Cernis
1847 2381 2114 2446 gradatim

529 2469 688 2524 nobis
723 2470 1006 2526 illucentes
1033 2471 1346 2540 splendores
1377 2474 1400 2526 ?
1428 2484 1481 2526 et
1513 2473 1757 2527 ordinem
1793 2472 2118 2540 theologue?

530 2577 690 2631 quem
723 2579 820 2619 nos
869 2564 996 2618 item
1029 2567 1247 2634 expedit
1293 2566 1610 2630 observare,
1641 2578 1696 2619 ut
1729 2559 1902 2634 uefpre
1933 2566 2116 2619 statim

527 2666 777 2712 Cunctam
835 2658 1245 2727 patefaciamus,
1291 2675 1467 2728 neque
1521 2669 1780 2728 perpetuo
1835 2659 2117 2723 celemns;

531 2750 660 2804 illud
696 2751 842 2805 enim
895 2753 1154 2822 imperiti,
1214 2753 1318 2807 hoc
1367 2753 1538 2818 impii.
1573 2763 1692 2817 est;
1727 2751 1856 2805 illud
1917 2753 2122 2807 alienos

528 2853 735 2897 terrere
769 2855 965 2913 petest,
996 2848 1097 2900 hoc
1127 2857 1344 2901 nostros
1383 2849 1542 2911 etiam
1579 2847 1845 2901 alienare.
1875 2845 1972 2899 His
2001 2862 2123 2915 qme

529 2937 672 2990 dicta
699 2947 828 2991 sunt
855 2939 1114 3008 adjiciam
1139 2941 1284 3008 quod
1307 2939 1429 2993 aliis
1447 2940 1612 2993 etiam
1641 2939 1871 2994 fortasse
1897 2939 1948 2992 iu
1977 2954 2126 2992 meu-

529 3039 634 3082 tem
685 3031 851 3093 venit,
889 3047 988 3098 ego
1075 3042 1252 3085 autem
1310 3033 1654 3099 cogitationis
1706 3048 1838 3086 mea:
1891 3029 2124 3085 fructum

528 3124 801 3178 existimo.
836 3123 1081 3178 Habebat
1128 3125 1385 3180 Servator
1418 3129 1688 3194 quasdam,
1728 3141 1848 3196 quae
1889 3140 1916 3177 a
1968 3125 2130 3178 disci-

530 3214 694 3282 pulis,
747 3213 876 3269 licet
910 3215 1093 3269 multis
1126 3225 1307 3270 essent
1353 3216 1617 3270 doctrinis
1653 3219 1863 3283 imbuti,
1909 3216 2127 3271 dicebat

531 3321 638 3360 non
697 3322 855 3376 posse
911 3307 1137 3376 portari,
1175 3309 1248 3363 ob
1297 3322 1390 3363 eas
1427 3307 1660 3364 fortasse
1717 3323 1932 3375 causas,
1987 3325 2127 3380 quas

527 3397 663 3461 dixi,
693 3407 749 3452 et
777 3397 981 3453 idcirco
1037 3399 1124 3452 illa
1187 3399 1420 3454 celabat.
1488 3397 1756 3454 Praeterea
1810 3415 1932 3454 cum
2012 3401 2128 3456 fore

529 3491 776 3556 dixisset,
814 3500 873 3546 ut
903 3507 932 3544 a
961 3491 1190 3562 Spiritu,
1222 3507 1345 3546 cum
1385 3494 1640 3555 venisset,
1675 3495 1854 3546 omnia
1906 3495 2128 3548 docere-

532 3601 675 3650 mur,
711 3600 898 3640 eorum
961 3601 1127 3639 unum
1183 3600 1304 3640 esse
1367 3598 1497 3656 puto
1555 3596 1609 3640 et
1665 3589 1834 3657 ipsam
1895 3588 2127 3655 Spiritus

532 3679 899 3743 divinitatem,
969 3694 1089 3748 quae
1151 3688 1335 3747 postea
1392 3690 1540 3735 esset
1581 3683 1865 3750 perspicua
1920 3681 2123 3747 futura,

528 3784 655 3823 cum
693 3778 816 3838 post
847 3767 1154 3826 Servatoris
1186 3772 1647 3827 resurrectionem
1699 3773 1817 3840 ejus
1879 3776 2125 3845 cognitio

530 3857 849 3925 tempestiva
880 3857 992 3927 jam
1018 3867 1183 3922 esset,
1219 3868 1274 3914 et
1313 3860 1518 3930 percipi
1551 3871 1752 3927 posset,
1805 3871 1860 3917 et
1910 3874 2128 3932 prepter

530 3952 851 4005 miraculum
885 3967 990 4005 non
1020 3952 1249 4022 amplius
1279 3954 1438 4008 fidem
1472 3967 1776 4022 superaret.
1808 3957 1946 4022 Quid
1979 3959 2122 4013 enim

534 4044 634 4094 hac
673 4057 728 4094 re
761 4041 936 4108 majus
973 4052 1067 4096 aut
1104 4043 1192 4096 ilic
1251 4045 1525 4111 pollicitus
1582 4057 1688 4110 est,
1741 4056 1832 4098 aut
1887 4049 2123 4115 Spiritus

529 4131 765 4187 docuit?
818 4134 1085 4202 siquidem
1144 4151 1396 4206 magnum
1445 4137 1648 4205 aliquid
1695 4141 1989 4205 putandum
2020 4152 2123 4206 est,

529 4236 585 4280 et
620 4227 712 4281 Dei
742 4227 1143 4294 magnificentia
1194 4229 1415 4295 dignum
1453 4229 1528 4291 id,
1559 4233 1705 4298 quod
1752 4247 1889 4284 unus
1921 4233 2124 4301 promi-

531 4320 625 4382 sit,
674 4328 730 4373 et
786 4321 924 4373 alter
977 4321 1214 4376 edocuit.
1253 4321 1344 4375 Sic
1395 4337 1496 4391 ego
1537 4323 1604 4376 de
1666 4323 1751 4378 his
1815 4326 2008 4388 sentio,
2073 4335 2127 4379 et

531 4415 790 4479 sentiam,
821 4426 874 4468 et
903 4416 1213 4484 quicunque
1244 4415 1373 4469 mihi
1401 4417 1610 4470 amicus
1639 4427 1740 4481 est,
1775 4417 1848 4471 ita
1903 4419 2123 4484 sentiet,

530 4510 816 4561 colendum
879 4507 1048 4563 Deum
1097 4505 1334 4574 Patrem,
1396 4512 1564 4564 Deum
1646 4509 1840 4566 F.|ium
1877 4551 1893 4575 ,

534 4601 801 4668 Spiritum
868 4612 1142 4667 sanctum,
1186 4611 1295 4658 tres
1351 4606 1728 4679 proprietates,
1778 4608 1870 4660 sed
1926 4606 2130 4660 D.vini-

533 4702 695 4747 tatem
732 4709 917 4758 unam,
967 4711 1088 4764 quae
1119 4711 1217 4750 nec
1267 4696 1460 4766 gloria,
1491 4713 1593 4752 nec
1626 4697 1848 4758 honore.
1891 4713 1990 4753 nec
2040 4713 2129 4752 es-

531 4787 730 4848 sentia,
759 4800 858 4840 nec
890 4802 1054 4855 regno
1081 4787 1371 4851 dividatur,
1427 4799 1483 4840 ut
1518 4791 1600 4841 vir
1638 4790 1854 4858 quidam
1913 4790 2131 4843 divinus

532 4879 692 4950 paulo
723 4887 846 4931 ante
885 4879 1167 4934 disseruit.
1199 4879 1298 4946 Qui
1340 4882 1500 4934 aliter
1545 4883 1732 4946 sentit,
1770 4887 1928 4949 quive
1995 4893 2130 4935 tem-

531 4973 650 5042 pori
693 4972 936 5026 serviens
975 4973 1107 5025 alias
1137 4973 1274 5026 alius
1329 4974 1405 5038 fit,
1439 4985 1492 5027 et
1554 4977 1804 5029 maximis
1850 4977 1917 5030 de
1970 4980 2129 5032 rebus

535 5064 724 5133 putide
751 5063 1009 5125 consulit,
1088 5058 1452 5118 is'luciferum
1506 5067 1840 5119 exorientem
1900 5081 1997 5119 nec
2050 5066 2129 5119 vi-

534 5156 683 5218 deat,
713 5166 769 5207 ut
801 5155 878 5208 ait
913 5154 1214 5219 Scriptura,
1269 5169 1369 5208 nec
1409 5156 1712 5224 splendoris
1746 5157 1811 5210 ab
1857 5158 1944 5212 illo
2006 5173 2130 5226 pro-

536 5249 802 5303 venieutis
826 5251 1012 5304 decus.
1033 5247 1166 5304 Nam
1192 5250 1238 5304 si
1264 5251 1572 5314 adorandus
1589 5267 1694 5306 non
1719 5264 1823 5316 est,
1849 5258 2123 5323 quomodo

537 5359 630 5404 per
661 5343 984 5409 baptismum
1019 5358 1104 5398 me
1133 5344 1375 5398 divinum
1433 5344 1606 5399 reddit
1638 5346 1659 5397 ?
1695 5345 1786 5400 Sin
1820 5348 2125 5401 adorandus

533 5444 638 5498 est,
671 5451 904 5489 curnou
953 5445 1004 5488 et
1031 5436 1341 5492 colendus?
1397 5438 1550 5503 Quod
1583 5440 1628 5490 si
1681 5439 1965 5498 colendus,
2028 5455 2124 5493 cur

535 5543 641 5582 non
683 5537 737 5581 et
769 5527 908 5583 Deus
937 5529 961 5582 ?
988 5527 1163 5583 Unum
1185 5529 1330 5585 enim
1360 5545 1424 5583 ex
1459 5530 1566 5583 alio
1595 5533 1811 5598 pendet,
1863 5542 2122 5599 tampiam

536 5635 697 5675 aurea
727 5622 977 5692 quaedam
1006 5631 1194 5680 catena
1250 5624 1620 5695 et’salutaris;
1651 5641 1712 5680 ac
1739 5641 1832 5695 per
1860 5627 2121 5694 Spiritum

647 5797 662 5826 ⁸
712 5799 868 5855 Juan.
913 5816 1022 5868 ΧΠ,
1065 5800 1151 5857 16.

2212 1921 2358 1983 τινὸς
2391 1918 2637 1984 ἐξουσίας
2667 1913 2934 1969 ποιεῖσθαι
2986 1913 3110 1976 τοὺς
3143 1912 3361 1975 λόγους,
3398 1904 3549 1974 Εἶτα,
3585 1907 3756 1974 Πέμύει

2217 2014 2340 2084 μὲν,
2378 2015 2437 2064 ὲν
2479 2012 2535 2064 δὲ
2589 2010 2667 2080 τῷ
2718 2009 2943 2079 ὀνόματί
2988 2024 3112 2074 μου.
3163 2005 3238 2056 Τὸ
3277 2004 3540 2074 ἐρωτήσω
3580 1999 3755 2067 παρεὶς,

2213 2109 2275 2159 τὸ
2300 2105 2508 2174 πέμψει
2529 2104 2854 2173 τετήρηκεν.
2884 2094 3017 2153 Εἶτα
3067 2096 3292 2166 πέμψω,
3320 2095 3384 2148 τὸ
3411 2094 3602 2147 οἰκεῖον
3625 2090 3755 2155 ἀξίω·

2220 2219 2314 2271 μα.
2347 2197 2478 2252 Εἶτα
2505 2198 2646 2268 ἥξει,
2677 2199 2709 2267 ἡ
2746 2196 2840 2250 τοῦ
2873 2195 3193 2264 Πνεύματος
3216 2189 3460 2256 ἐξουσία.
3498 2189 3643 2258 Ὁρᾷς
3669 2204 3756 2253 qui-

2217 2293 2452 2360 τισμοὺς
2500 2288 2643 2342 κατὰ
2698 2287 2867 2357 μέρος
2895 2286 3029 2357 ἡμῖν
3083 2283 3486 2352 ὲλλάμποντας,
3521 2281 3603 2332 καὶ
3638 2276 3759 2343 τάξιν

2223 2381 2532 2449 θεολογίας,
2559 2380 2627 2451 ἢν
2646 2379 2740 2431 καὶ
2759 2379 2907 2447 ἡμᾶς
2939 2377 3125 2446 τηρεῖν
3150 2376 3401 2443 ἄμεινον,
3427 2372 3560 2442 μήτε
3589 2369 3759 2440 ἀθρόως

2220 2473 2596 2542 ὲκφαίνοντας,
2650 2471 2783 2539 μήτε
2841 2469 2922 2530 είς
2975 2467 3130 2529 τέλος
3181 2465 3559 2536 κρύπτονταςς
3599 2462 3759 2530 τὸμὲν

2220 2570 2332 2637 γὰρ
2359 2566 2604 2635 ἄτεχνον,
2655 2564 2716 2616 τὸ
2771 2563 2829 2614 δὲ
2877 2560 3071 2616 ἄθεον·
3101 2561 3197 2613 καὶ
3240 2559 3302 2611 τὸ
3348 2559 3450 2629 μὲν
3489 2558 3604 2618 τοὺς
3643 2557 3760 2608 ἁλλο-

2223 2661 2404 2730 τρξους
2439 2657 2640 2726 πλῆξαι
2691 2654 3012 2724 δυνάμενον,
3073 2654 3134 2705 τὸ
3171 2651 3229 2704 δὲ
3277 2651 3631 2721 ἀλλοτριῶσαι
3663 2650 3759 2711 τοὺς

2227 2750 2550 2823 ἡμετέρους.
2589 2751 2655 2802 Ὃ
2689 2748 2744 2802 δὲ
2775 2749 2905 2808 ἴσως
2937 2748 3038 2817 μέν
3066 2763 3208 2801 τισιν
3231 2743 3403 2817 ἦλθεν
3426 2745 3522 2816 ἤδη
3554 2747 3634 2798 ἐπὶ
3664 2743 3758 2794 νοῦν

2227 2848 2319 2899 καὶ
2350 2845 2457 2896 τῶν
2485 2843 2682 2906 ἄλλων,
2731 2842 2848 2910 ἐγὼ
2882 2841 2940 2894 δὲ
2981 2842 3079 2911 τῆς
3115 2841 3366 2912 ἐμαυτοῦ
3413 2840 3634 2901 διανοίας
3660 2839 3760 2889 ὐπο-

2227 2932 2491 3004 λαμϐάνω
2539 2931 2776 3002 καρπὸν,
2836 2915 3154 3002 προσθήσω’
3176 2935 3288 2994 τοῖς
3321 2933 3642 3001 εἰρημένοις.
3674 2926 3758 2982 Ἦν

2229 3044 2347 3079 τινα
2381 3024 2459 3095 τῷ
2513 3026 2749 3094 Σωτῆρι,
2788 3027 2882 3078 καὶ
2926 3027 2974 3078 εί
3019 3025 3231 3078 πολλῶν
3265 3025 3651 3094 ἐνεπίμπλαντο
3687 3039 3764 3092 μα·

2231 3120 2515 3190 ϐημάτων,
2545 3119 2582 3174 ὃ.
2612 3119 2687 3190 μὴ
2716 3119 2978 3173 δύνασθαι
3007 3121 3128 3172 τότε
3158 3119 3531 3190 βασταχθῆναι
3552 3121 3650 3181 τοῖς
3677 3135 3760 3186 μαι

2231 3216 2423 3284 Θηταῖς
2472 3216 2711 3282 ἐλέγετο.
2750 3215 2819 3268 δι’
2852 3214 2918 3278 ἃς
2971 3210 3124 3268 εἶπον
3159 3215 3292 3281 ἴσως
3347 3218 3541 3280 αἰτίας,
3571 3214 3654 3268 καὶ
3692 3212 3762 3267 διὰ

2229 3305 2390 3358 τοῦτο
2413 3304 2889 3374 παρεκαλύπτετο.
2921 3307 3030 3358 Καὶ
3065 3305 3248 3367 πάλιν.
3285 3308 3470 3360 πάντα
3493 3305 3765 3375 διδαχθήσε-

2231 3398 2356 3452 σθαι
2390 3399 2538 3470 ἡμᾶς
2569 3399 2674 3451 ὑπὸ
2722 3397 2818 3450 τοῦ
2866 3398 3186 3468 Πνεύματος
3217 3401 3631 3470 ὲνδημήσαντος,
3664 3395 3763 3450 τού·

2227 3508 2336 3564 των
2374 3491 2432 3543 ἓν
2462 3487 2600 3544 εἶναι
2652 3492 2858 3561 νομίζω
2902 3494 2997 3546 καὶ
3020 3492 3190 3564 αὐτὴν
3226 3492 3324 3546 τοῦ
3375 3493 3667 3563 Πνεύματος
3686 3491 3762 3560 τὴν

2230 3561 2460 3654 θεότητα
2515 3585 2885 3655 τρανουμένην
2936 3587 3016 3649 είς
3065 3585 3321 3656 ὕστερον,
3383 3587 3457 3649 ὡς
3509 3583 3761 3655 τηνικαῦτα

2228 3675 2464 3745 ὠρίμου,
2487 3678 2583 3728 καὶ
2613 3677 2867 3746 χωρητῆς
2890 3678 2988 3748 ἥδη
3010 3678 3389 3748 τυγχανούσης
3411 3677 3509 3748 τῆς
3530 3677 3761 3744 γνώσεως,

2230 3773 2371 3841 μετὰ
2414 3771 2513 3841 τὴν
2559 3772 2654 3824 τοῦ
2691 3773 2942 3841 Σωτῆρος
2982 3773 3436 3827 ἀποκατάστασιν
3461 3772 3628 3827 οὐκέτι
3664 3772 3766 3823 ἀπι-

2231 3867 2530 3934 στουμένου
2555 3865 2634 3936 τῷ
2664 3864 2904 3935 θαύματι
2926 3881 2945 3899 ο
2971 3865 3024 3918 τί
3051 3867 3160 3935 γὰρ
3187 3865 3255 3919 ἂν
3303 3868 3492 3920 τούτου
3523 3863 3701 3935 μεῖζον.
3737 3863 3762 3930 ἦ

2229 3958 2435 4018 ἐκεῖνος
2467 3956 2754 4025 ὑπέσχετο,
2787 3957 2820 4026 ἢ
2856 3959 2917 4008 τὸ
2954 3957 3176 4027 Πνεῦμα
3223 3957 3494 4024 ἑδίδαξενς
3545 3958 3683 4025 εἴπερ
3723 3969 3763 4006 τι

2231 4050 2373 4119 μέγα
2402 4049 2615 4103 οἴεσθαι
2650 4049 2758 4118 χρὴ
2785 4049 2876 4101 καὶ
2906 4049 3042 4102 Θεοῦ
3078 4051 3555 4120 μεγαλοπρεπείας
3581 4046 3764 4113 ἄξιοντὸ

2229 4139 2686 4209 ὑπισχνούμενον,
2720 4139 2753 4210 ἢ
2804 4138 2864 4191 τὺ
2901 4138 3311 4210 διδασκόμενον.
3359 4145 3504 4212 "Exta
3537 4142 3624 4210 μὲν
3653 4138 3764 4190 οὕτω

2230 4234 2358 4302 περὶ
2397 4234 2627 4295 τούτων,
2656 4233 2751 4286 καὶ
2797 4234 3039 4304 ἔχοιμεν,
3073 4235 3166 4285 καὶ
3199 4235 3348 4296 ὅστις
3386 4237 3509 4302 ὲμοὶ
3535 4234 3673 4302 φίλος
3699 4229 3764 4280 σέ-

2229 4325 2349 4376 ϐειν
2401 4326 2535 4378 Θεὸν
2589 4326 2682 4378 τὸν
2743 4327 2984 4394 Πατέρα,
3036 4325 3169 4378 Θεὸν
3212 4327 3306 4378 τὸν
3367 4327 3512 4388 Υἰὺν,
3562 4324 3678 4377 Θεὸν
3719 4319 3765 4371 τὺ

2232 4416 2454 4487 Πνεῦμα
2503 4418 2564 4472 τὸ
2600 4420 2778 4486 ἅγιον,
2833 4421 2982 4488 τρεῖς
3031 4419 3324 4487 ἰδιότητας,
3363 4420 3597 4488 Θεότηια
3641 4417 3761 4484 μίαν.

1957 4511 2122 4565 Deum
2161 4509 2202 4562 D
2229 4510 2360 4583 δόξῃ
2386 4512 2484 4566 καὶ
2515 4515 2650 4583 τιμῇ
2689 4515 2781 4563 καὶ
2809 4513 2968 4582 οὐσίᾳ
2999 4514 3090 4566 καὶ
3120 4513 3375 4584 βασιλείᾳ
3411 4514 3483 4583 μὴ
3515 4509 3764 4582 μεριζομέο

2230 4623 2352 4675 νην,
2395 4605 2470 4667 ὥς
2509 4621 2595 4667 τις
2629 4606 2739 4660 τῶν
2772 4608 2956 4677 μικρῷ
2990 4607 3228 4678 πρόσθεν
3257 4608 3532 4677 θεοφόρων
3561 4600 3764 4672 ἐφιλοσό-

2231 4715 2427 4766 φησεν.
2463 4700 2533 4750 Ἤ
2574 4698 2650 4768 μὴ
2690 4698 2788 4751 ἴδοι
2831 4698 3143 4769 Ἑωσφόρον
3184 4700 3562 4761 ἀνατέλλοντα,
3592 4695 3655 4756 ὣς
3679 4709 3760 4758 φη·

2233 4809 2316 4842 σιν
2351 4792 2383 4858 ἡ
2410 4793 2620 4862 Γραφὴ,
2667 4792 2801 4861 μηδὲ
2836 4792 2993 4854 δόξαν
3020 4792 3115 4859 τῆς
3153 4795 3368 4844 ἐκεῖθεν
3401 4791 3760 4859 λαμπρότητος.

2231 4885 2384 4946 ὅστις
2437 4889 2508 4952 μὴ
2564 4884 2738 4946 οὕτως
2795 4885 2932 4953 ἕχει,
2986 4886 3017 4954 ἢ
3077 4885 3417 4953 συμφέρεται
3448 4886 3554 4942 τοῖς
3591 4876 3762 4944 καιροῖς

2231 4979 2420 5031 ἄλλοτε
2449 4979 2606 5041 ἄλλος
2640 4978 2944 5046 γινόμενος,
2983 4979 3076 5030 καὶ
3110 4978 3372 5044 περὶτῶν
3415 4970 3665 5044 μεγίστων
3690 4983 3762 5017 σα·

2231 5070 2374 5136 ῡρῶς
2424 5071 2836 5137 βουλευόμενος.
2891 5071 2949 5121 Ei
3001 5073 3099 5137 μὲν
3142 5069 3250 5138 γὰρ
3298 5070 3357 5120 οὐ
3410 5059 3760 5136 προσκυνητδν.

2232 5163 2349 5223 πῶς
2407 5161 2506 5228 ἐμὲ
2565 5163 2676 5214 0εοί
2709 5163 2797 5215 διὰ
2830 5162 2924 5214 τοῦ
2981 5161 3390 5230 ﬂant-(aptatae;
3430 5161 3475 5211 εἰ
3529 5156 3581 5208 δὲ
3626 5165 3760 5220 1:903-

2231 5255 2486 5322 κυνητόν,
2540 5256 2655 5315 πῶς
2707 5255 2768 5306 οὐ
2825 5255 3058 5318 σεπτόν;
3109 5256 3154 5305 εί
3211 5255 3267 5306 δὲ
3306 5253 3520 5310 σεπτὸν,
3570 5247 3672 5301 πῶς
3710 5258 3755 5291 ου

2226 5349 2386 5413 Θεὸς;
2416 5349 2513 5401 Ἕν
2536 5349 2772 5418 ἤρτηται
2799 5349 2892 5402 τοῦ
2923 5349 3062 5411 ἑνὸς,
3083 5351 3114 5416 ἡ
3145 5349 3318 5418 χρυσῆ
3339 5365 3422 5409 τις
3439 5347 3593 5403 ὅντως
3610 5336 3754 5406 cupa.

2223 5441 2316 5493 3a"-
2355 5444 2642 5511 σωτήριος.
2684 5443 2791 5494 Καὶ
2823 5443 2971 5509 παρὰ
3009 5442 3106 5510 μὲν
3131 5439 3226 5492 τοι)
3263 5440 3564 5504 Πνεὺματος
3589 5427 3747 5500 ἡμίνὴ

2227 5533 2613 5602 ἅναγέννησις,
2653 5534 2803 5601 παρὰ
2830 5533 2887 5585 δὲ
2925 5536 3024 5598 τῆς
3055 5533 3464 5602 ἀναγεννήσεως
3493 5529 3520 5596 ή
3548 5520 3747 5577 ἀνάπλα-

2228 5645 2332 5688 σις,
2377 5627 2526 5696 παρὰ
2577 5625 2635 5678 δὲ
2693 5626 2794 5691 τῆς
2850 5625 3213 5687 ἁναπλὰσεως
3266 5627 3297 5694 ἡ
3351 5623 3626 5688 ἐπίγνωσις
3667 5607 3747 5677 τῆς
