3968 6550
205 369 307 436 841

1164 370 1538 434 ΡΑΝΟΡΙᾸᾹ
1579 370 2023 433 ΒΟΘΜΑΤῘΟΛ
2079 399 2148 410 -
2182 374 2333 436 TI‘i‘.
2369 375 2506 436 ΧΠ.

3365 383 3476 447 842

204 486 363 551 ἀξίας
395 482 488 538 τοῦ
520 483 958 546 ἀναπλάσαντος,
1002 481 1190 536 Ταῦτα
1243 483 1343 550 μὲν
1385 478 1479 537 οῦν
1523 483 1668 536 εἴποι
1700 501 1781 546 τις

1893 488 2103 554 quidem
2155 489 2308 542 nohls
2341 500 2424 542 est
2474 493 2827 560 regeneratio,
2885 509 2983 564 per
3010 500 3470 567 regenerationem

203 579 272 634 ἂν
296 579 359 631 τδ
393 579 638 647 ἄγραφον
683 577 1038 647 ὑποθέμενος.
1068 576 1208 646 Ἤδη
1245 575 1302 629 δὲ
1352 577 1470 646 ἥξει
1500 593 1584 629 σοι
1627 578 1722 630 καὶ
1753 578 1779 630 ὁ

200 671 310 724 τῶν
343 669 657 740 μαρτυριῶν
687 667 876 737 ἐσμὸς,
906 670 963 734 ἐξ
993 662 1067 722 ὧν
1093 669 1176 722 ὅτι
1211 671 1306 722 καὶ
1347 668 1464 720 λίαν
1501 667 1780 736 ἔγγραφος

201 765 234 833 ἡ
272 763 370 816 τοῦ
426 762 747 833 Πνεύματος
794 761 984 832 θεότης
1040 761 1484 830 ἐπιδειχθήσεται
1543 763 1779 830 τοίς-μὴ

199 856 324 910 λίαν
355 857 586 920 σκαιοῖς,
641 854 765 924 μηδ’
793 852 1102 923 ἀλλοτρίοις
1131 851 1227 905 τοῦ
1276 853 1617 922 Πνεύματος.
1647 853 1780 905 Σκό-

202 968 293 1003 πει
317 950 374 1004 δὲ
407 948 578 1011 οὕτως
599 966 610 978 ·
646 949 904 1002 Γεννᾶται
936 947 1194 1017 Χριστὸς,
1231 946 1524 1016 προτρέχει
1550 964 1561 974 ·
1583 946 1779 1015 βαπτί-

198 1045 382 1111 ζεται,
440 1045 746 1116 μαρτυρεῖ·
807 1041 1174 1113 πειράζεται,
1221 1041 1444 1107 ἀνάγει·
1517 1040 1777 1110 δυνάμεις

199 1139 463 1198 ἐπιτελεῖ,
520 1137 1015 1208 συμπαρομαρτεῖ·
1076 1135 1398 1206 ἀνέρχεται,
1449 1132 1777 1204 διαδέχεττι.

199 1230 264 1282 Τί
290 1229 402 1298 γὰρ
430 1229 489 1282 οὐ
521 1228 747 1285 δύναται
779 1228 905 1283 αῶν
942 1226 1218 1298 μεγάλων,
1267 1225 1362 1280 καὶ
1409 1225 1680 1288 ὣνθεόςς
1714 1223 1778 1276 Τί

195 1313 346 1378 δὲἮῦ
379 1322 876 1397 προσαγορεύεται,
907 1321 982 1375 ὢν
1027 1309 1188 1386 Beck;
1239 1320 1381 1390 πλὴν
1421 1319 1774 1389 ἀγεννησὲας,

197 1417 298 1472 καὶ
329 1417 430 1487 τῆς
459 1417 787 1485 γεννήσεως.
826 1415 976 1467 Ἔδει
1006 1413 1113 1484 γὰρ
1153 1413 1252 1476 τὰς
1287 1413 1560 1481 ἰδιότητας
1596 1412 1777 1479 μεῖναι

198 1512 397 1583 Πατρί,
435 1511 530 1563 καὶ
562 1509 694 1578 Υίῴ,
737 1509 826 1563 ἵνα
873 1507 947 1579 μὴ
981 1507 1244 1578 σύγχυσις
1352 1505 1504 1575 παρά
1535 1505 1774 1573 Osismi.

196 1606 264 1672 τῇ
297 1602 392 1654 καὶ
419 1602 486 1653 τά
517 1600 652 1655 ἄλλα
683 1601 762 1662 εἰς
792 1603 949 1664 τάξιν
980 1601 1192 1670 ἀγούσῃ
1222 1601 1317 1651 καὶ
1349 1596 1677 1664 εὐκοσμίαν.

1892 587 2072 632 autem
2119 581 2452 647 reformatio,
2481 599 2576 650 per
2633 586 3070 644 reformationem
3116 608 3243 648 vero
3278 595 3472 665 ipsius,

1888 671 1978 735 qui
2021 670 2277 727 reformat
2314 677 2548 743 cognitio
2598 679 2894 747 dignitatis.
2951 681 3077 738 Haec
3111 687 3309 741 diceret
3377 689 3476 742 ali-

1887 763 2032 831 quis,
2065 757 2153 833 qui
2189 765 2319 819 nihil
2355 768 2422 821 de
2453 766 2688 837 Spiritus
2731 771 3010 829 divinitate
3056 779 3314 848 scriptum
3351 796 3476 834 esse

1887 858 2228 912 concederet.
2264 857 2456 914 Verum
2488 860 2599 931 jam
2631 865 2806 918 aderit
2869 869 3302 925 testimoniorum
3341 889 3474 927 exa-

1887 964 2010 1004 men
2038 966 2100 1004 ex
2130 951 2326 1020 quibus
2355 951 2388 1008 ii
2417 954 2506 1020 qui
2539 969 2644 1008 non
2673 959 2891 1013 omnino
2922 962 3089 1016 crassi
3120 975 3297 1030 erum,
3319 974 3368 1018 et
3400 967 3469 1019 ah

1885 1037 2002 1107 ipso
2043 1038 2246 1110 Spiritu
2305 1043 2486 1107 alieni,
2539 1046 2828 1102 admodum
2895 1051 3160 1106 celebrem
3220 1053 3462 1122 Spiritus

1886 1128 2224 1184 divinitatem
2255 1133 2303 1185 in
2333 1133 2628 1203 Scripturis
2665 1136 2986 1208 intelligent.
3023 1143 3113 1196 Sic
3142 1159 3319 1200 autem
3354 1163 3474 1202 esse

1885 1222 1958 1274 ita
1983 1224 2288 1280 considera.
2322 1225 2574 1283 Nascitur
2605 1229 2873 1298 Christus,
2904 1233 2993 1287 ille
3021 1238 3320 1302 prmeurrit.
3367 1240 3474 1293 Ba-

1887 1317 2146 1384 ptizatur,
2177 1318 2265 1373 ille
2297 1322 2663 1376 testimonium
2700 1325 2878 1380 aﬂ‘ert.
2913 1325 3197 1396 Tentatur,
3232 1331 3320 1387 ille
3379 1335 3476 1386 du-

1883 1409 1979 1461 cit.
2025 1409 2262 1467 Virtutes
2312 1424 2589 1483 operatur,
2642 1417 2729 1473 ille
2784 1429 3155 1478 contestatur.
3209 1423 3472 1481 Ascendit

1886 1502 1953 1555 ad
1986 1501 2221 1571 Patrem,
2273 1505 2362 1559 ille
2421 1510 2684 1564 succedit.
2733 1510 2872 1575 Quid
2921 1512 3063 1568 enim
3123 1530 3313 1571 corum
3352 1533 3470 1586 qua:

1888 1609 2083 1663 magna
2133 1591 2280 1663 sunt,
2316 1615 2420 1653 non
2466 1603 2657 1670 possit,
2686 1615 2806 1655 cum
2864 1603 2936 1658 sit
2970 1605 3106 1660 Deus
3131 1606 3159 1660 ?
3205 1609 3311 1661 Aut
3345 1623 3466 1662 cum

196 1695 272 1750 sit
307 1695 473 1755 Deus,
505 1708 610 1760 quo
680 1707 784 1745 non
851 1692 1148 1758 appelletur
1209 1693 1444 1752 nomine,
1507 1696 1699 1756 przrtrr
1763 1685 1814 1738 id
1860 1688 2001 1752 quod
2059 1703 2160 1744 nec
2196 1691 2488 1763 ingenitus,
2523 1709 2624 1749 nec
2647 1697 2860 1764 genitus
2889 1697 3134 1752 dicitur?
3179 1697 3469 1769 Oportebat

195 1786 347 1839 enim
387 1797 446 1840 ut
485 1787 841 1856 proprietates
887 1784 1032 1839 Patri
1089 1783 1332 1854 Filioque
1360 1789 1766 1853 permanerent,
1805 1795 1872 1832 ne
1906 1785 2047 1850 apud
2081 1783 2449 1856 Diviuitatem,
2484 1805 2604 1860 qure
2657 1793 2816 1848 rebus
2852 1793 2972 1849 aliis
3017 1795 3262 1850 ordinem
3305 1810 3469 1851 ozna-

197 1888 432 1950 tumque
463 1881 675 1945 tribuit,
709 1890 857 1934 esset
879 1880 1149 1936 confusio.

654 2064 752 2118 Ἐκ
783 2062 888 2117 τοῦ
921 2059 1112 2117 αὐτοῦ
1133 2064 1340 2130 λόγου.

283 2205 428 2276 Ἐγὼ
458 2205 557 2276 μὲν
597 2203 827 2274 φρίττω,
875 2202 966 2255 τὸν
1013 2199 1242 2254 πλοῦτον
1272 2201 1474 2254 ἐννοῶν
1506 2202 1614 2254 τῶν
1650 2201 1784 2270 κλή-

199 2317 373 2364 σεων,
398 2299 494 2352 καὶ
521 2297 644 2350 καθ’
669 2297 810 2349 ὅσων
837 2294 1121 2363 ὀνομάτων
1147 2293 1603 2364 ἀναισχυντοῦσιν
1627 2295 1677 2346 oi
1703 2293 1782 2363 τῷ

197 2393 483 2462 Πνεῦματι
550 2388 987 2450 ἀντιπίπτοντες.
1026 2404 1045 2437 ι
1079 2386 1305 2456 Πνεῦμα
1349 2386 1485 2439 Θεοῦ
1539 2385 1780 2454 λέγεται,

198 2485 432 2553 Πνεῦμα
477 2482 736 2553 Χριστοῦ,
775 2476 900 2540 νοῦς
939 2477 1181 2549 Χριστοῦ
1215 2519 1231 2546 ,
1278 2477 1506 2544 Πνεῦμα
1550 2479 1778 2548 Κυρίου,

197 2575 568 2648 αὗτοκύριος,
640 2571 865 2642 Πνεῦμα
923 2571 1218 2634 υἱοθεσίας,
1282 2571 1565 2642 ἀληθείας,
1623 2571 1780 2623 ἐλευ-

197 2671 416 2742 θερίας,
449 2668 677 2737 Πνεῦμα
712 2666 926 2736 σοφίας,
984 2665 1277 2729 συνέσεως,
1311 2662 1777 2745 βουλῆςςίσχύος,

198 2762 484 2832 γνώσεως,
507 2760 811 2823 εὐσεϐείας,
847 2758 1014 2828 φόϐου
1047 2758 1210 2822 Θεοῦ,
1254 2777 1271 2810 ι
1310 2757 1418 2810 Καὶ
1463 2757 1574 2826 γάρ
1624 2774 1784 2824 ποιη-

197 2855 358 2910 τικὸν
399 2851 607 2908 τούτων
653 2851 935 2914 ἁπάντων,
973 2850 1155 2903 πάντα
1203 2851 1270 2919 τῇ
1303 2847 1462 2917 οὐσία
1512 2845 1778 2918 πληροῦν,

197 2949 389 3002 πάντα
468 2945 737 3014 συνέχον,
805 2943 1155 3013 πληρωτικὸν
1211 2941 1419 3010 κόσμου
1481 2941 1624 2993 κατά
1685 2941 1785 3010 τὴν

200 3040 424 3102 οὐσίαν,
457 3037 743 3109 ἀχὼρητον
781 3036 972 3106 κόσμῳ
1000 3034 1142 3087 κατά
1184 3035 1282 3104 τὴν
1329 3031 1592 3103 δύναμιν·
1647 3034 1786 3100 ἀγα-

2386 2064 2430 2118 E
2443 2081 2478 2118 ξε
2504 2066 2684 2120 eadem
2716 2068 2976 2122 oratione.

1954 2203 2064 2272 Ego
2097 2205 2314 2275 quidem
2375 2206 2696 2272 ohtupesco.
2732 2205 2858 2259 dum
2919 2208 3338 2277 appellationum
3394 2211 3476 2265 di-

1881 2293 2042 2350 vitias
2073 2296 2377 2362 considero,
2411 2305 2464 2350 et
2497 2295 2696 2365 quibus
2720 2297 3028 2352 nominibus
3051 2301 3472 2366 confundantur,

1879 2385 1968 2452 qui
2007 2385 2227 2452 Spiritui
2252 2386 2628 2440 adversantur.
2661 2386 2896 2454 Spiritus
2923 2387 3016 2442 Dei
3045 2391 3113 2442 diu
3137 2391 3260 2455 itur,
3299 2390 3477 2463 Spiri-

1889 2487 1971 2530 tus
2014 2475 2234 2540 Christi,
2265 2475 2496 2546 Spiritus
2529 2475 2760 2541 Domini,
2784 2478 2894 2543 ipse
2937 2477 3211 2545 Dominus,
3241 2483 3476 2548 Spiritus

1887 2570 2207 2637 adoptionis,
2249 2572 2506 2638 veritatis,
2551 2571 2826 2633 libertatis,
2879 2572 3112 2642 Spiritus
3177 2574 3473 2645 sapientim.

1891 2663 2208 2730 intellectus,
2250 2665 2480 2726 consilii,
2531 2665 2882 2731 fortitudinis,
2928 2668 3183 2729 scientiis,
3238 2670 3475 2737 pietatis,

1888 2758 2090 2811 timoris
2131 2757 2360 2811 Domini.
2396 2756 2604 2811 Etenim
2636 2759 2824 2812 horum
2854 2767 2935 2813 est
2978 2761 3218 2815 omnium
3265 2775 3474 2819 auctor.

1890 2850 1992 2916 Qui
2049 2853 2231 2905 omnia
2291 2850 2526 2919 complet
2565 2851 2803 2906 essentia
2841 2867 2961 2919 sua,
3004 2855 3180 2908 omnia
3211 2858 3472 2920 continet,

1894 2944 2049 3014 cujus
2082 2944 2320 3000 essentia
2350 2944 2519 3014 replet
2550 2946 2735 3000 orbem
2765 2953 3054 3012 terrarum,
3083 2947 3240 3016 cujus
3285 2959 3474 3016 poten-

1896 3037 2022 3090 tiam
2073 3037 2300 3091 mundus
2325 3021 2451 3091 rnon
2509 3037 2674 3107 capit,
2731 3037 2824 3107 qui
2865 3038 3054 3094 .bonus
3115 3053 3219 3107 εει,
3262 3051 3470 3099 rectus.

199 3135 328 3198 θδν,
370 3133 548 3193 εὺθὲς,
599 3125 1179 3198 ἡγεμονικὸν,’φύσει,
1228 3125 1290 3178 οὐ
1322 3125 1500 3178 θέσει·
1538 3123 1784 3192 ἁγιάζον,

1893 3130 2143 3200 princeps
2159 3138 2366 3197 natura,
2384 3145 2488 3184 non
2513 3131 2704 3202 gratia,
2733 3133 3063 3198 sanctificat,
3086 3148 3190 3188 non
3225 3137 3439 3190 sanctiii
3457 3165 3474 3176 -

196 3227 308 3295 οὐχ
339 3222 732 3292 ἀγιαζὸμενον·
789 3218 1046 3290 μετροῦν,
1092 3218 1154 3270 ού
1207 3216 1608 3287 μετρούμενον·
1657 3234 1788 3286 μετ⁹

199 3321 490 3389 εχόμενον,
523 3317 584 3369 οὐ
631 3315 892 3385 μετέχον·
954 3311 1222 3383 πληροῦν,
1275 3313 1335 3364 οὐ
1365 3309 1787 3381 πληρούμενον·

202 3409 458 3477 συνέχον,
507 3409 567 3459 οὺ
620 3408 1016 3475 συνεχόμενον·
1068 3403 1603 3473 κληρονομούμενον,
1639 3398 1792 3467 δοξα-

201 3495 464 3570 ζόμενονζ
489 3495 826 3566 συναριθμού
837 3511 1021 3563 μενον,
1050 3493 1352 3546 ὲπαπειλού
1362 3510 1524 3561 μενον
1547 3508 1559 3521 ·
1591 3493 1791 3546 δάκτυ-

202 3594 301 3656 λος
331 3591 508 3645 Θεοῦ·
566 3590 704 3659 πῦρ,
754 3591 830 3653 ὡς
863 3589 1020 3652 Θεὸς,
1080 3591 1159 3650 εἰς
1206 3587 1446 3656 ἔμφασιν
1496 3585 1652 3656 οἶμαι
1695 3587 1788 3637 τοῦ

201 3684 504 3755 ὁμοουσίου
530 3698 545 3713 ·
584 3682 809 3748 Πνεῦμα
842 3681 901 3734 τὸ
951 3680 1210 3752 ποιῆσαν,
1245 3679 1304 3732 τὸ
1361 3679 1650 3742 ἀνακτίζον
1704 3679 1792 3732 διὰ

202 3778 308 3830 τοῦ
349 3773 748 3844 βαπτίσματος,
771 3772 838 3824 δι’
866 3771 1222 3832 ἀναστάσεως
1246 3785 1260 3799 ·
1285 3769 1423 3822 [Ινεῦ
1433 3787 1507 3838 μα
1531 3770 1592 3821 τὸ
1622 3769 1789 3837 τινῶ-

206 3885 347 3922 σκον
379 3867 616 3930 ᾶπαντα,
652 3865 712 3916 τὸ
743 3864 1019 3928 διδάσκον,
1046 3865 1106 3917 τὸ
1133 3864 1292 3916 πνέον
1320 3864 1452 3916 ὅπου
1495 3862 1640 3916 θέλει
1695 3863 1791 3915 καλ⁵

203 3963 368 4014 ὅσον·
403 3960 652 4030 ὁδηγοῦν,
675 3955 892 4020 λαλοῦν,
928 3957 1281 4023 ἀποστέλλον,
1325 3956 1612 4027 ἀφορίζον,
1649 3972 1791 4024 παρ-

202 4052 556 4122 οξυνόμενον,
620 4049 1054 4121 πειραζόμενον,
1117 4048 1591 4114 ἀποκαλυπτικὸν,
1623 4065 1791 4114 φωτι-

206 4151 423 4209 στικδν,
483 4145 734 4210 ζωτικὸν,
791 4144 994 4214 μᾶλλον
1049 4141 1108 4194 δὲ
1166 4143 1418 4210 αὐτοφῶς
1492 4141 1584 4192 καὶ
1638 4140 1784 4208 ζωή·

203 4235 529 4295 ναοποιοῦν,
563 4234 874 4299 θεοποιοῦν,
911 4233 1179 4298 τελειοῦν,
1227 4233 1370 4286 ὥστε
1403 4233 1499 4285 καὶ
1541 4231 1789 4300 προλαμ-

203 4332 398 4385 6ἀνειν
426 4331 486 4383 τὸ
517 4329 828 4398 βάπτισμα,
862 4326 958 4380 καὶ
987 4326 1373 4395 ἐπιζητείσθαι
1416 4326 1559 4394 μετά
1594 4324 1655 4378 τὸ
1685 4323 1784 4392 βά-

202 4436 460 4494 πτισμα·
492 4421 750 4492 ἐνεργοῦν
785 4423 888 4474 ὅσα
920 4420 1084 4482 Θεός·
1122 4419 1488 4491 μεριζόμενον
1515 4421 1576 4472 ὲν
1605 4419 1783 4487 γλώσ-

1893 3231 2073 3289 catur,
2109 3225 2352 3284 metitur.
2377 3227 2470 3280 sed
2501 3240 2621 3280 eum
2647 3227 2789 3280 nulla
2855 3229 3267 3298 comprehendit
3320 3245 3474 3284 mcu-

1897 3329 2046 3378 sura,
2100 3329 2160 3369 se
2223 3315 2344 3369 aliis
2396 3316 2780 3382 communicat,
2831 3318 2925 3372 sed
2988 3317 3124 3372 nihil
3177 3333 3205 3372 a
3261 3323 3476 3388 queque

1893 3407 2110 3474 accipit,
2143 3407 2346 3476 implet,
2374 3423 2478 3462 non
2505 3408 2776 3477 impletur,
2801 3411 3060 3474 continet,
3084 3425 3188 3464 non
3224 3412 3473 3464 centine-

1893 3505 2020 3560 tur;
2053 3498 2369 3553 haereditate
2423 3501 2739 3568 percipitur,
2770 3501 3121 3568 gloriﬁcatur,
3181 3517 3474 3556 connume-

1894 3601 2065 3652 ratur,
2093 3595 2479 3654 cmuminatur,
2511 3603 2592 3644 est
2625 3593 2821 3659 digitus
2855 3593 2967 3656 Dei,
3021 3595 3178 3660 ignis,
3207 3597 3466 3661 quemad-

1892 3685 2106 3735 modum
2163 3692 2218 3736 et
2286 3683 2443 3748 Deus,
2494 3699 2598 3751 quo
2651 3685 3059 3751 signiﬁcantius,
3099 3697 3156 3738 ut
3215 3687 3471 3748 arbitror.

1891 3775 2126 3839 ejusdem
2157 3777 2407 3830 essentia:
2432 3776 2776 3832 declaretur:
2807 3778 3040 3848 Spiritus
3071 3779 3162 3847 qui
3197 3779 3345 3845 facit,
3380 3782 3474 3848 qui

1891 3882 1984 3934 per
2015 3867 2338 3936 baptismum
2373 3875 2601 3931 recreat,
2645 3885 2743 3936 per
2803 3874 3256 3925 resurrectionem
3292 3887 3307 3923 :
3345 3870 3471 3932 Sni-

1893 3960 2028 4012 ritus
2052 3960 2143 4028 qui
2189 3961 2335 4016 novit
2391 3961 2595 4023 omnia,
2637 3962 2730 4030 qui
2775 3963 2950 4025 docet,
2997 3962 3089 4031 qui
3145 3963 3317 4030 spirat
3384 3964 3472 4016 uhi

1889 4061 1943 4106 et
1971 4062 2230 4119 quantum
2265 4052 2400 4109 vult.
2431 4052 2532 4119 Qui
2567 4053 2772 4120 dirigit,
2801 4055 2892 4124 qui
2927 4053 3188 4124 loquitur,
3219 4053 3310 4124 qui
3343 4055 3473 4108 mit-

1893 4144 1975 4210 tit,
2006 4145 2095 4212 qui
2119 4153 2385 4215 segregat,
2422 4148 2515 4214 qui
2533 4146 2798 4212 irritatur,
2829 4147 2921 4217 qui
2949 4153 3210 4211 tentatur,
3238 4148 3330 4215 qui
3385 4162 3474 4202 re-

1891 4236 2054 4301 velat,
2087 4237 2175 4304 qui
2209 4238 2499 4300 illuminat,
2546 4238 2636 4304 qui
2674 4240 2938 4302 viviﬁcat,
2971 4239 3082 4297 imo
3111 4259 3202 4312 ιιιιι
3235 4242 3350 4312 ipse
3382 4241 3472 4294 lux

1891 4336 1972 4380 est
2006 4337 2056 4381 et
2084 4328 2212 4382 vita.
2249 4329 2346 4394 Qui
2379 4329 2625 4384 homines
2652 4331 2741 4384 Dei
2771 4332 3038 4386 domicilia
3064 4334 3212 4397 facit,
3239 4334 3476 4388 divinos-

1898 4433 2002 4486 que
2036 4419 2232 4482 reddit,
2265 4421 2356 4487 qui
2394 4421 2594 4482 initiat,
2631 4431 2689 4474 ut
2725 4432 2779 4475 et
2831 4423 3159 4492 baptismum
3193 4443 3473 4488 praeoccu-

203 4535 338 4580 σαις
365 4515 640 4586 πυρίναις,
673 4512 915 4584 διαιροῦν
954 4513 1294 4582 χαρίσματα,
1330 4512 1520 4565 ποιοῦν
1547 4512 1785 4565 ἀποστό-

1897 4521 2006 4579 pet,
2054 4523 2107 4565 et
2139 4524 2258 4580 post
2289 4513 2612 4582 baptismum
2633 4516 2961 4583 requiratur.
2987 4517 3086 4582 Qui
3137 4518 3262 4571 facit
3291 4521 3472 4572 omnia

200 4613 362 4675 λους,
395 4609 700 4679 προφήτας,
739 4605 1157 4672 εὐαγγελιστάς,
1193 4605 1458 4674 ποιμένας
1497 4605 1594 4657 καὶ
1640 4604 1785 4656 διδα-

203 4703 483 4764 σκάλους·
514 4697 722 4768 νοερὸν,
773 4697 1102 4765 πολυμερὲς,
1144 4699 1337 4766 σαφὲς,
1373 4698 1592 4767 τρανὸν,
1639 4697 1784 4751 ἀχώ.

200 4800 394 4859 λυτον,
445 4792 769 4862 ἁμόλυντον,
816 4791 955 4859 ὅπερ
1006 4791 1121 4842 ἴσον
1171 4791 1396 4844 δύναται
1444 4789 1785 4858 σοφώτατον,

203 4891 312 4944 καὶ
339 4888 676 4955 πολύτροπον
719 4885 839 4945 ταῖς
881 4884 1208 4951 ἐνεργείαις,
1260 4888 1352 4936 καὶ
1398 4886 1789 4953 σαφηνιστικὸν

205 4982 455 5043 πάντων,
486 4980 580 5032 καὶ
605 4983 963 5048 τρανωτικὸν,
990 4977 1085 5032 καὶ
1108 4975 1480 5041 αὐτεξούσιον,
1510 4977 1604 5028 καὶ
1631 4975 1796 5028 ἀναλ-

204 5073 468 5136 λοίωτον,
513 5071 940 5142 παντοδύναμον,
983 5070 1424 5124 παντεπίσκοπον
1460 5109 1475 5131 ,
1522 5069 1608 5121 διὰ
1651 5069 1791 5121 πάν-

205 5183 326 5219 των
349 5163 558 5234 χωροῦν
589 5163 931 5231 πνευμάτων,
963 5181 1188 5234 νοερων,
1217 5162 1494 5231 καθαρῶν,
1532 5163 1796 5224 λεπτοτά-

205 5275 349 5319 των,
375 5254 680 5324 ἀγγελικῶν
705 5250 856 5325 οἶμαι
882 5255 1376 5327 δυνάμεων,ὦσπερ
1403 5257 1494 5308 καὶ
1523 5272 1795 5326 προφητι-

209 5353 354 5416 κῶν,
385 5354 478 5404 καὶ
505 5350 897 5418 ἀποστολικῶν,
934 5353 1073 5405 κατά
1109 5353 1326 5412 ταυτὸν,
1353 5352 1444 5403 καὶ
1473 5351 1572 5402 οὐκ
1597 5352 1655 5401 ἐν
1679 5352 1792 5412 τοῖς

208 5447 401 5506 αὐτοῖς
444 5443 649 5504 τόποις.
689 5444 898 5495 Ἀλλων
924 5445 980 5496 δὲ
1029 5443 1262 5511 ἀλλαχοῦ
1293 5442 1696 5511 νενεμημένων,
1747 5436 1792 5509 ᾧ

209 5537 472 5604 δηλοῦται
507 5535 568 5588 τὸ
617 5536 1051 5606 άπερίγραπτον,
1085 5538 1134 5588 οἱ
1193 5534 1364 5589 ταῦτα
1399 5536 1670 5604 λέγοντες,
1701 5536 1794 5587 καὶ

211 5631 577 5694 διδάσκοντες,
631 5629 726 5682 καὶ
767 5628 904 5700 πρός
948 5646 1012 5696 γε
1063 5618 1221 5682 ἄλλον
1270 5629 1643 5699 Παράκλητον,
1682 5622 1793 5682 οἷον

549 5739 824 5802 Ριτιιοῐ..
869 5739 985 5798 GR.
1032 5735 1283 5798 CXXX.

1893 4620 2014 4674 qme
2051 4606 2213 4660 Deus.
2249 4603 2350 4669 Qui
2401 4606 2448 4658 in
2481 4604 2678 4674 linguis
2764 4606 2933 4674 igneis
2985 4609 3320 4675 dispertitur.
3370 4609 3471 4676 Qui

1896 4711 2119 4749 munera
2148 4696 2456 4764 dilargitur,
2490 4695 2615 4750 facit
2642 4699 2937 4764 aposmlos,
2967 4701 3280 4765 prophetas,
3305 4712 3474 4751 evan-

1857 4825 1862 4830 .
1897 4787 2140 4856 gelistas.
2183 4797 2428 4854 pastores
2493 4796 2548 4841 et
2586 4787 2859 4851 doctores.
2894 4786 3268 4854 lntclligibilis,
3330 4789 3476 4839 inul-

1906 4880 2089 4947 tiplex,
2120 4881 2360 4948 sapiens,
2395 4878 2730 4939 manifestus,
2779 4881 2870 4946 qui
2902 4879 3047 4932 nullo
3087 4890 3268 4949 potest
3307 4883 3476 4952 impe-

1904 4972 2144 5024 dimento
2176 4971 2468 5037 prohiberi,
2532 4969 2678 5024 nullo
2725 4969 3132 5040 inquinamento
3193 4973 3470 5027 maeulari.

1906 5061 2057 5126 Quod
2128 5064 2348 5129 perinde
2393 5075 2499 5120 est.
2531 5076 2594 5116 ac
2625 5061 2669 5116 si
2694 5063 2864 5124 dicas,
2923 5063 3376 5130 sapientissimus,
3423 5076 3477 5117 et

1905 5150 2210 5203 actionibus
2252 5151 2457 5212 varius,
2490 5150 2668 5202 omnia
2701 5150 2979 5205 illustrans
3025 5162 3078 5204 et
3121 5151 3469 5218 patefaciens,

1905 5241 1988 5294 sui
2016 5242 2177 5307 juris,
2214 5241 2593 5306 imnmtabilis,
2626 5243 2987 5309 omnipotens,
3030 5252 3224 5295 cuncta
3268 5243 3472 5309 ρει-ερὶ-

1906 5335 2077 5396 ciens,
2111 5349 2207 5400 per
2255 5349 2443 5388 omnes
2486 5332 2706 5402 spiritus
2767 5332 3146 5402 ittleiligihilrs,
3211 5344 3374 5398 puros
3421 5342 3476 5383 ιιι

1901 5426 2283 5479 subtilissimos
2330 5440 2644 5494 permeans,
2706 5439 2895 5491 nempe
2941 5423 3211 5492 angelicos
3249 5433 3303 5474 et
3354 5436 3479 5492 prn-

1902 5519 2168 5588 pheticos,
2203 5528 2366 5588 atque
2415 5517 2762 5586 apostolicos,
2798 5517 2956 5584 idque
3001 5515 3187 5569 eodem
3213 5522 3475 5584 tempore,

1903 5620 1958 5665 et
1986 5610 2107 5666 aliis
2143 5613 2268 5667 alibi
2312 5611 2635 5673 distributis;
2672 5626 2778 5680 quo
2803 5607 3144 5680 perspicnmu
3185 5609 3262 5675 lit,
3296 5607 3378 5677 ips
3399 5624 3476 5661 un

3025 5721 3100 5781 2‘1
