3968 6546
198 376 312 440 845

1182 390 1550 455 PANOPLIA
1595 399 2049 468 DOGMATICA.
2077 433 2144 445 -
2171 408 2316 471 ΤΙΤ.
2361 413 2495 473 ΧΗ.

3331 430 3435 492 846

193 528 382 583 ματος,
418 511 512 563 καὶ
544 511 722 582 ἡμῶν.
746 515 1011 589 Πείοομαι
1044 519 1150 592 γὰρ
1197 525 1382 588 ποσῶς
1413 528 1604 582 τούτου
1635 549 1763 600 μετ-

551 605 638 625 ω,
671 605 737 625 ,._
804 609 815 622 .
894 610 905 625 .
1022 612 1081 625 μ
1401 622 1417 625 -
1566 623 1604 625 κ-

1870 547 2059 599 ordine
2113 548 2391 615 eximatis,
2424 550 2570 619 quod
2617 553 2883 621 sequitur,
2914 567 3021 607 una
3053 569 3174 608 cum
3231 554 3438 625 Spiritu

190 602 333 672 ἐχειν
356 603 516 672 ὑμᾶς,
551 605 645 657 καὶ
665 605 741 670 ώς
767 609 986 675 οἰκείοις
1019 612 1116 683 ἤδη
1301 622 1764 691 συνδιασκέῴομαι.

190 697 261 749 Ἦ
287 696 400 749 δότε
432 713 520 766 μοι
541 697 602 750 τὸ
633 699 798 768 μέσον
826 701 925 772 τῆς
952 703 1197 770 δουλείας
1236 749 1252 771 ,
1397 712 1490 765 καὶ
1529 713 1630 783 τῆς
1680 716 1766 768 δε-

191 791 464 854 σποτείας,
503 789 566 844 ἵν’
605 792 721 846 ἐκεῖ
762 793 839 848 θῶ
885 795 982 867 τὴν
1009 797 1164 862 ἀξίαν
1193 802 1287 856 τοῦ
1336 804 1686 876 Πνεῦματος“
1728 809 1761 880 ἢ

189 883 287 954 τὴν
316 882 557 938 δουλείαν
588 884 901 954 φεύγοντες,
931 890 1031 943 οὐκ
1059 891 1274 963 ἄδηλον,
1313 895 1435 950 ὅποι
1479 898 1668 966 τάξετε
1702 902 1764 954 τὸ

191 974 353 1046 ζητού
362 994 541 1046 μενον.
706 979 870 1034 Ἀλλὰ
897 984 1018 1045 ταῖς
1047 985 1338 1052 συλλαϐαῖς
1361 989 1760 1063 δυσχεραίνετε,

189 1068 282 1119 καὶ
321 1068 684 1138 προσπταίετε
717 1073 782 1140 τῇ
813 1075 985 1144 φωνῇ,
1027 1076 1122 1128 καὶ
1161 1076 1308 1142 λίθος
1338 1083 1764 1154 προσκόμματος

189 1159 319 1228 ὑμῖν
351 1158 508 1212 τοῦτο
547 1160 772 1228 γίνεται,
816 1164 911 1216 καὶ
947 1165 1122 1237 πέτρα
1152 1170 1446 1226 σκανδάλου
1468 1216 1482 1239 ,
1523 1176 1645 1230 ἐπεὶ
1670 1179 1765 1232 καὶ

190 1248 424 1316 Χριστὸς
474 1250 634 1314 τισίν.
686 1252 1047 1322 Ἀνθρώπινον
1099 1259 1160 1312 τὸ
1217 1261 1405 1325 πάθος.
1463 1266 1764 1339 Συμὸὦμεν

187 1337 438 1408 ἀλλήλοις
496 1343 898 1411 πνευματικῶς.
938 1345 976 1396 Γ
980 1347 1230 1418 ενώμεθα
1289 1353 1599 1425 φιλάδελφοι
1633 1337 1766 1428 μήᾶλ-

189 1429 298 1521 λον,
333 1431 366 1501 ἦ
399 1430 664 1499 φίλαυτοι.
698 1434 829 1488 Δότε
861 1437 958 1508 τὴν
985 1438 1214 1512 δύναμιν
1241 1445 1339 1515 τῆς
1373 1446 1645 1521 θεότητος,
1672 1453 1766 1504 καὶ

189 1517 433 1588 δώσομεν
462 1522 589 1592 ὑμῖν
623 1559 643 1582 ,.
766 1526 863 1597 τῆς
888 1530 1070 1601 φωνῆς
1095 1533 1192 1602 τὴν
1221 1517 1597 1609 συγχώρησιν·
1637 1545 1766 1613 ὁμο-

197 1615 462 1707 λογήσατε
495 1622 594 1694 τὴν
627 1623 789 1692 φύσιν
819 1627 876 1679 ἐν
909 1626 1100 1693 ἄλλαις
1135 1638 1340 1703 φωναῖς
1360 1677 1375 1700 ,
1419 1638 1509 1707 αἷς
1538 1644 1774 1702 αἰδεῖσθε

195 1706 395 1800 μᾶλλον
435 1726 450 1742 ο
587 1713 683 1766 καὶ
715 1713 789 1779 ώς
815 1715 1061 1784 ἀσθενεῖς
1079 1723 1221 1792 ὑμᾶς
1381 1706 1729 1800 ίατρεύσομεν
1753 1754 1768 1769 ο

193 1799 336 1897 ἔστιν
423 1805 516 1857 καί
539 1804 647 1897 τῶν
672 1807 811 1897 πρὸς
835 1809 1026 1882 ἡδονὴν
1053 1799 1519 1888 παρακλέψαντες.
1539 1824 1775 1897 Αἰσχρδν

1869 648 2061 693 sancto
2092 654 2154 692 ac
2210 640 2386 702 nobis,
2415 643 2719 708 expendite.
2775 641 2880 698 Vos
2910 645 3108 715 quippe
3133 648 3445 713 quadamte-

1873 745 1974 782 nus
2031 731 2200 798 ipsius
2249 733 2542 801 participes
2588 749 2708 787 esse
2761 737 2996 803 ορηίίιῑο,
3047 751 3111 791 ac
3157 736 3269 806 jam
3303 737 3446 791 velut

1871 837 1993 875 eum
2028 826 2228 877 nostris
2261 825 2418 878 simul
2474 840 2586 878 rem
2619 826 2993 884 considerabo.
3034 829 3142 881 Ant
3188 828 3316 881 mihi
3347 828 3416 880 ali

1870 913 2020 980 quid,
2055 915 2194 980 quod
2255 915 2393 970 inter
2451 917 2765 970 servitutem
2794 927 2850 971 et
2900 919 3319 972 dominationem
3370 921 3445 970 in-

1873 1005 2152 1072 terjectum
2187 1006 2278 1073 sit,
2313 1007 2456 1071 date,
2487 1019 2544 1061 ιιι
2575 1008 2684 1063 illic
2717 1007 2956 1078 Spiritus
2983 1011 3307 1080 dignitatem
3339 1010 3443 1064 cnl-

1873 1096 2041 1150 locetu
2096 1115 2109 1150 :
2166 1107 2278 1162 aut,
2310 1114 2431 1152 cum
2486 1101 2764 1154 servitutis
2813 1116 3007 1154 nomen
3060 1102 3300 1172 fugiatis,
3337 1119 3440 1156 non

1869 1188 2162 1240 obscurum
2211 1189 2334 1250 erit,
2369 1203 2477 1258 quo
2511 1189 2626 1244 loco
2651 1199 2813 1260 atque
2859 1192 3048 1243 ordine
3084 1191 3156 1254 id,
3189 1192 3327 1262 quod
3359 1209 3442 1244 ex-

1871 1278 2128 1344 quiritur,
2159 1281 2394 1349 ponetis.
2426 1284 2496 1335 At
2525 1281 2757 1352 syllabas
2787 1282 3011 1338 moleste
3059 1281 3238 1348 fertis,
3284 1295 3443 1354 atque

1872 1373 1938 1424 ad
1966 1387 2150 1427 vocem
2185 1373 2502 1443 itnpingitis,
2530 1374 2775 1443 lapisque
2815 1373 3129 1429 oﬂ'ensionis
3184 1385 3238 1430 et
3294 1390 3441 1444 petra

1869 1461 2108 1514 acandali
2158 1461 2260 1516 hoc
2309 1461 2462 1517 vobis
2514 1461 2753 1516 efﬁcitur
2803 1464 2849 1529 ',
2888 1477 2985 1516 nec
3039 1462 3257 1525 mirum,
3319 1477 3440 1515 cum

1871 1551 2118 1607 Christus
2148 1569 2362 1623 quoque
2385 1554 2660 1610 nonnullis
2681 1554 2935 1610 seandalo
2957 1552 3136 1607 fuerit.
3167 1553 3444 1606 llnmamts

1865 1643 1912 1696 is
1965 1642 2182 1710 quidem
2234 1641 2477 1695 allectus.
2519 1640 2717 1697 Verum
2764 1640 3121 1711 spiritualiter
3169 1643 3309 1695 inter
3343 1657 3440 1695 nos

1865 1736 2002 1788 hanc
2048 1734 2472 1787 controversiam
2511 1735 2874 1802 transigamns
2911 1752 2925 1787 :
2957 1735 3213 1788 fraterna:
3264 1734 3442 1803 potius

1865 1826 2149 1881 charitatis
2179 1825 2438 1887 studium,
2471 1839 2631 1893 quam
2677 1825 2847 1879 nostri
2875 1840 3114 1880 amorem
3156 1839 3266 1892 pra“.
3292 1824 3444 1879 nobis

335 1893 467 1987 γάρ,
504 1896 748 1967 αἰσχρὸν,
802 1899 896 1952 καὶ
933 1884 1144 1968 ἱκανῶς.
1165 1884 1379 1975 ἄλογον,
1431 1911 1570 1966 κατὰ
1594 1884 1763 1987 die»

1870 1918 2131 1971 feramus.
2193 1915 2310 1969 Vim
2343 1916 2645 1971 divinitatis
2673 1932 2736 1971 ac
2783 1918 3076 1986 potentiam
3119 1917 3272 1970 nobis
3303 1917 3442 1978 date,

192 1983 538 2074 ἐρρωμένους
581 2023 598 2049 ,
734 1991 1174 2063 μικρολογεῖσθαι
1201 2000 1327 2069 περὶ
1352 2000 1444 2054 τὸν
1475 1998 1627 2074 ἦχον,
1671 1983 1772 2060 ’έάι

192 2073 455 2142 κρύπτειν
481 2078 569 2130 τὸν
600 2077 896 2154 θησαυρὸν,
921 2084 1112 2159 ὥσπερ
1149 2090 1330 2155 ἄλλοις
1353 2073 1766 2163 βασκαίνοντας,

190 2164 220 2236 ῆ
253 2165 326 2238 μὴ
542 2173 636 2225 καὶ
673 2173 770 2245 τὴν
807 2175 1058 2244 γλῶσσαν
1109 2183 1375 2256 ἀγιάσητε
1431 2187 1768 2256 δεδοικότας’

189 2259 400 2352 αίσχιον
429 2262 485 2316 δὲ
513 2265 646 2334 ἡμῖν
695 2266 723 2319 ὃ
776 2268 1112 2342 ἐγκαλοῦμεν
1136 2274 1349 2338 παθεῖν,
1393 2279 1485 2331 καὶ
1520 2282 1771 2352 μικρολο-

189 2350 308 2416 γίαν
341 2356 850 2424 κατα-γινώσκοντας
870 2398 885 2426 ,
931 2364 1128 2427 αὐτοὺς
1161 2369 1603 2438 μικρολογεῖσθαι
1623 2350 1771 2444 περὶ

189 2444 255 2492 τὰ
277 2444 603 2513 γράμματα.

1867 2021 1920 2062 et
1953 2023 2052 2062 nos
2079 2007 2312 2063 vietssim
2343 2009 2642 2066 divinitatis
2672 2021 2854 2063 vocem
2886 2008 3040 2062 vobis
3065 2009 3445 2062 concedenms.

1873 2099 2130 2152 Naturam
2179 2099 2299 2152 aliis
2342 2100 2586 2165 vocibus,
2615 2099 2810 2166 quibus
2855 2097 2971 2167 plus
3193 2097 3446 2160 tribuitis,

1872 2190 2268 2256 conﬁteamini;
2319 2205 2381 2246 ac
2420 2207 2536 2254 vos,
2572 2200 2630 2244 ut
2665 2191 2911 2245 iulirntos
2956 2191 3288 2251 curabimus,
3317 2204 3449 2242 non-

1877 2281 2016 2333 nulla
2061 2281 2212 2334 vobis
2270 2290 2416 2351 grata
2458 2291 2511 2335 et
2562 2282 2801 2351 jucunda
2851 2279 3196 2336 suﬂ‘urantes.
3238 2279 3448 2334 Etenim

1879 2383 2037 2443 turpe
2058 2376 2274 2443 quidem
2302 2375 2430 2429 illud
2471 2384 2573 2439 est,
2609 2383 2787 2445 turpe,
2816 2374 3053 2444 inquam,
3074 2389 3136 2426 ac
3165 2376 3450 2441 perabsur-

1882 2465 2028 2526 dum,
2059 2482 2178 2519 cum
2217 2469 2396 2520 animo
2441 2468 2686 2528 valeatis,
2722 2468 2864 2520 circa
2918 2465 3064 2520 vocis
3111 2463 3442 2530 sonumjeju-

188 2548 281 2588 nos
312 2547 373 2591 et
412 2540 649 2596 minutos
724 2557 820 2598 vos
876 2545 1134 2613 praebere,
1190 2561 1254 2600 ac
1295 2548 1608 2603 thesaurum
1648 2551 1942 2618 occultare,
1983 2554 2136 2623 quasi
2177 2555 2296 2609 aliis
2335 2571 2457 2610 eum
2511 2554 2834 2621 invidentes,
2872 2567 2964 2612 aut
3016 2572 3339 2623 metuentes,
3377 2577 3441 2614 ne

187 2625 423 2695 linguam
459 2646 676 2702 quoque
729 2645 963 2692 vestram
1008 2637 1394 2704 sanetilicelis;
1432 2643 1640 2709 tttrpitts
1664 2654 1842 2697 autem
1894 2645 2048 2699 nobis
2071 2655 2172 2708 est,
2234 2648 2420 2700 eodem
2486 2647 2618 2700 vitio
2688 2648 2878 2712 teneri,
2917 2651 3054 2716 quod
3106 2652 3255 2706 vobis
3303 2654 3440 2719 obji-

185 2718 378 2784 cimIIS,
420 2730 602 2793 atque,
652 2741 774 2783 cum
802 2737 1034 2784 vestram
1079 2730 1148 2787 de
1179 2731 1399 2787 minutis
1442 2732 1604 2787 rebus
1634 2737 2036 2791 contentionem
2087 2742 2421 2803 damrtr‘mlls,
2493 2741 2697 2792 minute
2748 2741 2908 2792 etiam
2949 2745 3014 2793 de
3075 2742 3270 2795 litleris
3331 2745 3443 2799 dis-
3501 2737 3520 2752 ’

186 2823 394 2878 putare.

372 2907 517 2969 Μιᾶς
545 2905 830 2977 Θεότητος,
862 2900 1082 2967 ὧοῦτοι,
1115 2908 1213 2981 τὴν
1249 2911 1454 2980 Τριάδα
1495 2915 1759 2986 ὁμολογή-

183 3014 328 3061 σατε,
357 2999 407 3050 εἰ
438 2997 494 3050 δὲ
526 2996 801 3067 βούλεσθε,
858 3002 988 3069 μιᾶς
1025 2999 1242 3068 φύσεως
1267 3019 1280 3033 ·
1332 3005 1422 3056 καὶ
1477 3004 1574 3075 τὴν
1617 3008 1760 3074 Θεὸς

181 3089 360 3160 φωνὴν
405 3090 549 3159 παρὰ
581 3089 672 3143 τοῦ
704 3091 1022 3162 Πνεῦματος
1053 3094 1180 3164 ὑμῖν
1223 3096 1542 3166 αἰτήσομεν.
1587 3097 1759 3152 Δώσει

2094 2912 2435 2978 Trinitatem,
2460 2931 2494 2970 ο
2518 2919 2638 2981 viri,
2659 2919 2818 2971 unius
2846 2919 3072 2978 Deitatis
3108 2937 3229 2978 esse
3265 2924 3439 2979 fatea-

1861 3002 2014 3064 mini,
2077 3016 2190 3067 aut,
2239 3007 2282 3061 si
2332 3010 2504 3080 magis
2549 3011 2743 3080 placet,
2781 3013 2939 3068 unius
2986 3023 3224 3082 naturae;
3278 3025 3437 3086 atque

1862 3094 2004 3150 hanc
2047 3113 2255 3162 vocem,
2305 3101 2466 3166 Dens,
2519 3120 2546 3157 a
2591 3102 2797 3173 Spiritu
2842 3108 2993 3162 vobis
3023 3109 3435 3178 postulabimns.

179 3182 304 3254 γὰρ,
347 3177 409 3235 εὖ
443 3177 580 3245 οῖδα,
607 3183 634 3235 ὁ
662 3183 723 3236 τὸ
757 3184 972 3256 πρῶτον
997 3185 1140 3249 δοὺς,
1174 3187 1348 3240 καὶτὸ
1374 3187 1643 3262 δεύτερον,
1666 3191 1761 3246 καὶ

1870 3185 2182 3245 Dabitenim
2207 3193 2451 3262 profecto
2481 3199 2799 3260 secundum.
2858 3202 2946 3270 qui
3000 3177 3230 3271 primum
3271 3204 3437 3265 dedit,

184 3275 433 3345 μάλιστα,
469 3278 518 3329 εἰ
556 3274 726 3330 δειλία
758 3293 840 3339 τις
871 3277 957 3348 εἴη
1009 3279 1374 3350 πνευματικὴ,
1408 3281 1502 3334 καὶ
1693 3279 1766 3346 μὴ

181 3361 429 3426 ἔνστασις
457 3363 756 3434 διαϐολικὴ,
787 3365 848 3417 τὸ
881 3367 1206 3437 μαχόμενον.
1261 3370 1380 3422 Ἔτι
1427 3371 1761 3442 σαφέσι-ερον

180 3455 310 3510 είπω
337 3457 433 3510 καὶ
462 3456 871 3529 συντομώτερον
897 3476 908 3488 υ
937 3461 1091 3530 Μήτε
1113 3462 1271 3530 ὑμεῖς
1423 3465 1571 3534 ἡμᾶς
1603 3465 1761 3520 εὐθύ⁸

180 3563 300 3616 νητε
324 3546 429 3616 τῆς
456 3547 797 3619 ὑψηλοτέρας
820 3550 1006 3620 φωνῆς
1043 3554 1059 3619 (
1079 3551 1273 3620 φθόνος
1300 3553 1409 3624 γὰρ
1433 3555 1608 3618 οὐδεὶς
1630 3557 1762 3609 ἁνα-

181 3637 390 3702 6άσεως
411 3638 452 3710 ),
486 3639 609 3693 οὔτε
641 3643 803 3712 ἡμεῖς
826 3636 922 3716 τήν
949 3645 1177 3715 ὲςρικτὴν
1212 3645 1350 3710 τέως
1379 3648 1508 3716 ὑμῖν
1537 3648 1762 3716 ἐγκαλέ-

182 3747 342 3801 σομεν
373 3766 390 3789 .
547 3733 651 3798 ἕως
683 3735 748 3788 ἂν
785 3737 879 3790 καὶ
911 3736 978 3790 δι’
1011 3735 1177 3807 ἄλλης
1203 3737 1325 3790 ὁδοῦ
1373 3738 1509 3809 πρὸς
1544 3741 1606 3792 τὸ
1631 3741 1761 3794 αὐτὸ

181 3819 418 3892 φέρησθε
475 3823 838 3892 καταγώγιον.
903 3826 978 3879 Οὐ
1042 3826 1150 3898 γὰρ
1196 3829 1414 3899 νικῆσαι
1467 3830 1756 3902 ζητοῦμεν,

180 3913 307 3968 ἀλλὰ
334 3915 663 3986 προσλαϐεῖν
697 3918 978 3990 ἀδελφοὺς,
1007 3914 1082 3974 ὧν
1111 3919 1190 3991 τῷ
1217 3921 1481 3993 χωρισμῷ
1515 3941 1762 3992 σπαρασ-

184 4006 410 4076 σὸμεθα.
439 4008 626 4062 Ταῦτα
665 4011 814 4081 ὑμῖν,
865 4012 994 4083 παρ’
1023 4006 1106 4077 οἷς
1133 4030 1185 4066 τι
1237 4015 1329 4066 καὶ
1359 4015 1588 4078 ζωτικὸν
1614 4017 1762 4088 εὑρί-

183 4115 404 4172 σκομεν,
433 4103 546 4165 τοῖς
578 4103 706 4174 περὶ
735 4103 824 4156 τὸν
850 4104 977 4158 Υίὸν
1004 4105 1341 4174 ὑγιαίνουσιν
1367 4123 1380 4134 ·
1413 4101 1489 4160 ὧν
1517 4109 1604 4161 τὸν
1647 4108 1761 4178 βίον

183 4189 572 4263 θαυμάζοντες,
613 4195 711 4250 οὐκ
739 4198 1068 4269 ἐπαινοῦμεν
1104 4199 1280 4270 πάντη
1441 4201 1532 4254 τὸν
1560 4201 1718 4269 λόγον
1747 4221 1754 4233 -'

177 4280 223 4332 οἱ
251 4282 317 4336 τὰ
349 4282 445 4336 τοῦ
476 4284 796 4355 Πνεῦματος
825 4287 1059 4358 ἔχοντες,
1098 4291 1190 4342 καὶ⁷
1221 4292 1282 4346 τὸ
1316 4289 1540 4362 Πνεῦμα
1593 4310 1763 4363 προσ-

178 4372 392 4440 λάὸετε,
434 4375 521 4431 ἵνα
552 4377 625 4449 μὴ
657 4378 855 4449 ὰθλῆτε
893 4381 1072 4450 μόνον,
1097 4382 1234 4436 ἀλλὰ
1268 4384 1362 4436 καὶ
1395 4385 1662 4456 νομίμως,
1703 4385 1763 4451 ἐξ

176 4461 232 4522 οῦ
258 4470 355 4522 καὶ⁵
386 4471 414 4522 ὁ
439 4469 723 4540 στέφανος.
783 4467 952 4537 Οὗτος
980 4476 1107 4545 ὑμῖν
1143 4475 1322 4548 δοθείη
1359 4479 1456 4548 τῆς
1487 4479 1762 4544 πολιτείας

1864 3278 2023 3349 idque
2051 3283 2409 3351 potissimum,
2448 3290 2492 3344 si
2527 3289 2578 3344 id
2624 3291 2690 3344 de
2733 3307 2840 3360 quo
2867 3303 3158 3360 pugnatur,
3195 3294 3442 3363 spiritua-

1866 3372 1930 3428 lis
1974 3377 2217 3443 qnzcdam
2269 3379 2526 3435 timiditas
2582 3381 2764 3451 fuerit,
2805 3401 2909 3439 non
2964 3394 3144 3440 autem
3176 3387 3440 3442 diabolica

1865 3468 2162 3522 contentio.
2215 3469 2411 3538 Atque,
2445 3481 2504 3526 ut
2542 3475 2782 3544 apertius
2805 3483 2860 3529 et
2889 3477 3331 3545 compendiosius
3375 3477 3445 3531 lc.-

1867 3571 2021 3624 quar,
2083 3559 2163 3614 sic
2193 3559 2336 3615 inter
2355 3577 2452 3617 nos
2500 3579 2741 3633 agamus.
2765 3576 2822 3619 ut
2846 3581 2944 3621 nec
2970 3581 3086 3630 vos,
3110 3568 3443 3622 sttblimloris

1867 3648 2015 3703 vocis
2042 3663 2225 3714 causa,
2249 3667 2346 3706 nos
2369 3653 2424 3707 in
2453 3655 2659 3710 crimen
2691 3657 2893 3712 vocetis
2921 3666 3046 3725 (nec
3073 3660 3217 3712 enim
3237 3659 3442 3713 invidia

1867 3752 1921 3792 et
1951 3741 2374 3808 reprehensione
2410 3746 2758 3814 premidebet
2792 3748 3097 3814 huiusmodi
3129 3751 3443 3820 ascensus);

1869 3847 1969 3886 nec
2015 3849 2114 3888 nos
2175 3835 2412 3890 vicissim
2450 3851 2570 3891 eam
2597 3853 2806 3904 vocem,
2839 3841 2992 3908 cujus
3024 3841 3184 3894 modo
3220 3856 3447 3910 capaces

1867 3925 2021 3988 estis,
2070 3924 2222 3982 vobis
2278 3926 2635 3995 objiciemus,
2689 3932 2924 3997 quandiu
2985 3933 3092 3987 alio
3142 3933 3336 3990 itinere
3379 3935 3445 3985 ad

1872 4017 2009 4069 idem
2037 4017 2325 4086 hospitium
2362 4019 2630 4075 feremini.
2675 4020 2792 4075 Non
2815 4023 2958 4078 enim
2977 4023 3260 4078 victoriam
3286 4023 3450 4076 ambi-

1872 4121 2011 4171 tnus,
2031 4111 2145 4172 sed,
2173 4120 2230 4162 ιιι
2249 4110 2705 4181 fratres,quorum
2731 4113 3095 4180 disiunctione
3119 4115 3447 4178 cruciamur,

1871 4198 1937 4250 ad
1973 4215 2071 4254 nos
2114 4203 2354 4267 redeant,
2389 4203 2715 4261 laboramus.
2755 4206 2934 4275 Atque
2963 4207 3077 4261 hare
3104 4209 3171 4262 ad
3189 4222 3284 4261 vos
3309 4209 3447 4261 dicti

1873 4291 2003 4358 sint,
2033 4295 2169 4359 apud
2220 4311 2356 4363 quos
2379 4297 2540 4351 vitale
2578 4297 2857 4366 quidpiam
2901 4299 3226 4367 reperimus,
3253 4300 3449 4369 quipp:-

1872 4383 1963 4450 qui
1986 4398 2116 4437 sane
2145 4395 2306 4454 atque
2340 4388 2547 4457 integre
2571 4389 2638 4442 de
2689 4387 2826 4442 Filio
2872 4389 3154 4455 sentiatis;
3197 4403 3447 4456 quorum,

1874 4489 1996 4548 cum
2034 4477 2196 4530 vitam
2223 4478 2448 4532 miriﬁce
2482 4480 2790 4547 probemus,
2813 4481 3113 4533 doctrinam
3148 4489 3325 4535 tamen
3349 4497 3452 4533 non

181 4561 392 4630 μισθὸς,
420 4562 753 4634 ὁμολογῆσαι
777 4566 838 4618 τὸ
868 4568 1092 4636 Πνεῦμα
1128 4570 1370 4634 τελείως,
1402 4572 1494 4624 καὶ
1527 4572 1760 4643 κηρύξαι

1873 4569 2018 4620 omni
2058 4585 2122 4623 ex
2172 4581 2326 4637 parte
2374 4570 2682 4635 laudamus;
2737 4573 2986 4640 quicum
3043 4587 3130 4633 ea.
3180 4587 3302 4642 quae
3331 4583 3456 4625 sunt

179 4655 270 4708 σὺν
303 4658 442 4727 ἡμῖν
470 4675 528 4711 τε
561 4661 654 4712 καὶ
688 4663 794 4730 πρὸ
825 4663 983 4734 ἡμῶν
1011 4666 1136 4719 ὅσον
1166 4666 1332 4732 ἄξιον.
1363 4666 1561 4736 Τολμώ
1593 4685 1643 4719 τι
1665 4666 1762 4718 καὶ

1879 4659 2132 4730 Spiritus,
2183 4662 2449 4729 habeatis,
2503 4664 2765 4732 Spiritum
2811 4679 3030 4734 quoque
3073 4663 3456 4733 insuperassn-

179 4767 324 4834 mite,
362 4777 553 4824 utnon
588 4769 760 4825 solum
792 4773 1036 4835 certetis,
1079 4772 1173 4825 sed
1211 4771 1375 4825 etiam
1403 4771 1664 4842 legitime,
1703 4787 1828 4827 cum
1871 4773 2000 4829 hinc
2020 4791 2235 4844 quoque
2267 4792 2480 4831 corona:
2536 4777 2701 4830 decus
2731 4787 3096 4846 comparetur.
3137 4775 3252 4831 Hoc
3292 4773 3445 4827 vobis

180 4881 392 4921 morum
427 4875 483 4920 et
517 4866 642 4920 vitae
691 4869 971 4936 praemium
1026 4867 1184 4922 detur
1206 4908 1220 4928 .
1266 4878 1324 4923 nt
1369 4869 1628 4936 Spiritum
1669 4871 1826 4940 plene
1867 4872 2219 4943 perfectoque
2251 4876 2615 4928 conﬁteamini
2643 4920 2656 4941 ,
2696 4891 2758 4929 ac
2792 4875 3074 4930 nobiscum
3096 4917 3110 4941 ,
3145 4877 3253 4928 imo
3283 4875 3443 4928 etiam

183 4973 307 5016 ante
333 4975 435 5015 nos
457 4999 472 5028 ,
506 4970 770 5031 quantum
802 4978 1013 5032 aequum
1041 4973 1144 5025 est,
1168 4966 1496 5031 pranlicetis.

631 5052 733 5106 Ἐκ
757 5053 864 5107 τοῦ
897 5055 1085 5109 αὐτοῦ
1109 5056 1316 5118 λόγου.

250 5149 323 5200 Τὸ
357 5146 580 5216 Πνεῦμα
628 5146 690 5198 τὸ
740 5144 894 5212 ἆγιον
939 5141 1008 5216 ἦν
1055 5145 1155 5214 μὲν
1193 5148 1302 5207 ἀεὶ,
1336 5151 1427 5200 καὶ
1479 5148 1616 5214 ἔστι,
1663 5151 1758 5203 καὶ

183 5238 362 5299 ἔσται.
388 5237 512 5291 οὔτε
567 5237 894 5306 ἀρξάμενον,
931 5237 1052 5290 οὔτε
1095 5241 1461 5309 παυσόμενον,
1512 5241 1626 5294 ἀλλ’
1672 5245 1754 5296 ἀλ

185 5330 364 5401 Πατρὶ
417 5331 511 5384 καὶ
561 5330 678 5400 Υἱῷ
723 5328 1192 5399 στυντεταγμένον,
1248 5335 1340 5386 καὶ
1393 5335 1758 5405 συναριθμου-

189 5439 378 5492 μενον·
405 5423 524 5475 οὐδὲ
549 5423 659 5493 γὰρ
689 5423 926 5492 ἔπρεπεν
957 5422 1227 5476 ἐλλείπειν
1263 5425 1466 5496 ποτὲ,ἢ
1494 5426 1622 5478 Υίὸν
1651 5427 1761 5478 Πα-

187 5514 292 5581 τρὶ,
325 5515 359 5582 ἦ
397 5515 619 5585 Πνεῦμα
653 5515 791 5585 Υίῷ.
827 5515 920 5587 Τῷ
953 5517 1194 5586 μεγίστῳ
1233 5522 1340 5588 γὰρ
1369 5518 1435 5571 ἂν
1463 5515 1531 5589 ἧν
1572 5518 1758 5584 ἄδοξος

188 5602 220 5670 ἡ
249 5603 462 5674 θεότης,
507 5605 696 5678 ὥσπερ
743 5609 806 5660 ὲκ
857 5607 1219 5678 μεταμελείας
1248 5607 1479 5662 ἐλθοῦσα
1513 5610 1593 5672 εἰς
1625 5627 1762 5678 συμ-

191 5695 473 5765 πλήρωσιν
508 5699 864 5770 τελειότητος·
895 5697 1003 5754 Ἦν
1043 5699 1139 5753 οὖν
1170 5701 1256 5752 ἀεὶ
1294 5699 1660 5772 μεταληπτδνν
1698 5704 1758 5752 θ’)

343 5849 356 5877 ¹
389 5846 486 5899 lsa.
519 5863 636 5910 viti,
682 5847 771 5914 ι.ι;
808 5846 961 5902 Ιῖοιιι.
1009 5866 1081 5916 tx,
1109 5849 1192 5908 55.

2369 5063 2450 5116 Ex
2489 5064 2672 5117 cadent
2708 5066 2970 5118 oratione.

1941 5155 2174 5222 Spiritus
2224 5167 2444 5210 sanctus
2477 5172 2693 5226 semper
2739 5157 2956 5225 quidem
2999 5168 3117 5211 erat
3164 5167 3352 5219 etest,
3399 5167 3450 5209 et

1867 5249 1987 5305 erit.
2026 5263 2127 5300 nec
2158 5248 2266 5302 ttllo
2291 5259 2411 5302 ortu
2441 5260 2750 5319 generatus,
2789 5266 2890 5305 nec
2930 5250 3089 5303 linem
3142 5250 3448 5310 habituri»,

1870 5339 1962 5391 sed
2009 5354 2224 5408 semper
2253 5357 2377 5394 cum
2419 5341 2577 5396 Patre
2628 5350 2682 5396 et
2723 5341 2862 5395 Filio
2898 5342 3248 5411 conjunctus,
3286 5350 3450 5410 atque

1827 5437 1832 5442 '
1866 5444 2330 5487 cnnnnmcratus:
2366 5450 2468 5489 nec
2502 5436 2647 5488 enim
2695 5434 3053 5489 conveniebat
3084 5445 3142 5489 ut
3174 5435 3254 5490 vel
3289 5434 3451 5489 Pater

1868 5521 2034 5589 Filio,
2078 5525 2159 5577 vel
2217 5524 2384 5579 Filius
2443 5526 2648 5595 Spiritu
2699 5534 2888 5580 sancto
2933 5541 3170 5594 unquam
3217 5539 3450 5581 careret.

1868 5613 1998 5667 Nam
2047 5615 2245 5685 alioqui
2280 5617 2576 5669 maximum
2611 5617 2881 5672 divinitati
2912 5617 3147 5672 dedetus
3185 5616 3453 5673 conﬂare-

1871 5715 1978 5768 tur,
2013 5713 2070 5757 ttt
2096 5722 2215 5774 quae
2252 5705 2314 5760 ad
2357 5705 2738 5774 perfectionem
2786 5716 3041 5777 tanquam
3087 5725 3148 5763 es
3185 5708 3454 5780 paeniten-
