3968 6580
534 403 635 471 847

1769 411 2146 471 EUTllYMlI
2191 412 2546 471 ZIGABENI

3692 419 3787 483 8i8

540 553 610 604 tia
643 549 898 605 venisset.
932 549 1055 602 Erat
1100 549 1260 618 igitur
1313 563 1526 618 semper
1570 550 1956 618 perceptilnlis,
1995 567 2092 606 nou

2215 536 2644 607 μεταληπτικόνσ
2699 540 2957 601 τελειοῦν,
2991 542 3051 594 ού
3085 541 3452 612 τελειούμενον
3474 561 3486 572 ·
3528 545 3778 616 πληροῦν,

538 641 833 708 particeps;
854 641 1162 711 perliciens,
1178 655 1283 695 non
1304 641 1370 694 ab
1398 641 1504 694 alio
1527 641 1796 710 perfectus
1820 660 1834 709 ;
1854 646 2098 712 explens,

538 749 641 784 non
677 730 954 799 expletus;
980 730 1342 790 sanetilicans,
1366 747 1471 783 non
1500 732 1900 800 sanctiﬁcatus;
1951 736 2098 788 deiti-

534 837 682 887 cans,
726 838 830 876 tton
869 823 1195 877 deitieatus:
1248 824 1360 892 ipse
1414 839 1649 892 semper,
1704 835 1757 877 et
1822 838 2102 889 secum,et

532 928 653 965 cum
715 913 799 979 iis,
846 913 1042 981 quibus
1076 915 1365 981 adjunctus
1422 923 1527 983 est,
1562 916 1699 968 idem
1748 925 1801 970 ct
1839 919 2097 985 (aqualis;

535 1005 839 1070 invisibilis,
889 1007 1157 1076 temporis
1194 1021 1408 1074 expers,
1479 1006 1624 1060 nullo
1676 1007 1792 1062 loco
1840 1008 2099 1073 inclusus,

534 1098 915 1165 immutabilis;
952 1098 1237 1167 qualitate,
1286 1099 1612 1167 quantitate,
1652 1098 1820 1152 forma
1869 1110 1923 1152 et
1958 1110 2099 1153 tactu

534 1206 746 1256 carens,
786 1191 1023 1260 seipsum
1066 1206 1311 1256 movens,
1355 1206 1419 1245 ac
1454 1191 1842 1260 sempiternum
1895 1202 2097 1245 motum

540 1285 766 1347 habens,
814 1282 1025 1337 arbitrii
1072 1282 1227 1349 liber,
1264 1298 1359 1351 per
1407 1298 1464 1337 se
1516 1294 1723 1351 potens,
1762 1284 2100 1352 omnipotens

522 1374 768 1444 (tametsi
787 1374 851 1428 ad
875 1375 1103 1444 primam
1146 1389 1382 1441 causam,
1414 1374 1671 1427 utomnia
1713 1389 1776 1428 ea
1813 1388 1932 1443 qum
1965 1372 2100 1428 Uni-

531 1467 695 1536 geniti
729 1474 873 1525 sunt,
902 1468 971 1519 ita
997 1467 1155 1520 etiam
1181 1482 1301 1534 qua:
1342 1466 1575 1535 Spiritus
1598 1467 1770 1519 sancti
1797 1478 1940 1529 sunt,
1968 1466 2101 1519 refe-

533 1556 773 1626 rantur);
806 1558 937 1621 vita,
979 1566 1032 1611 et
1063 1557 1377 1622 vivilicans;
1411 1556 1531 1618 lux,
1564 1565 1618 1610 et
1661 1557 1797 1611 lucis
1843 1556 2097 1623 largitor;

540 1647 756 1701 bonitas
808 1648 947 1716 ipsa,
980 1656 1034 1701 et
1089 1646 1205 1702 l'ons
1252 1646 1546 1711 bonitatis;
1612 1647 1843 1717 Spiritus
1898 1657 2097 1712 rectus,

530 1737 869 1806 principalis,
908 1739 1181 1805 dominus,
1212 1738 1455 1803 mittens,
1484 1753 1796 1808 segregans,
1842 1738 2095 1808 templum

520 1828 622 1882 sibi
664 1838 979 1895 exstruens,
1025 1830 1167 1884 viam
1210 1839 1659 1898 prmmonstrans,
1687 1829 1950 1883 arbitrattt
1999 1844 2096 1881 suo

519 1932 771 1986 operans,
804 1921 1120 1989 gratiasque
1176 1921 1453 1985 dividens;
1500 1920 1733 1987 Spiritus
1767 1921 2092 1988 adoptionis,

2206 1910 2394 1981 Πατὴρ
2446 1910 2768 1978 γινώσκεται
2819 1948 2834 1971 ,

520 2010 784 2076 veritatis,
826 2013 1126 2079 sapientiae,
1160 2013 1479 2081 intellectus,
1512 2012 1773 2075 scientias,
1857 2011 2091 2080 pietatis.

524 2100 755 2166 consilii,
790 2100 1115 2158 fortitudinis
1163 2109 1209 2168 ¹,
1253 2104 1482 2169 timoris,
1512 2103 1959 2171 quemadmodum
1991 2119 2091 2156 nu-

527 2203 838 2260 merautur;
886 2210 980 2265 per
1027 2212 1183 2264 quem
1229 2196 1391 2250 Pater
1434 2196 1796 2266 cognoscitur,
1831 2204 1884 2249 et
1925 2194 2092 2248 Filius

524 2283 880 2352 glorificatur,
916 2295 970 2339 et
998 2302 1027 2340 a
1057 2287 1250 2355 quibus
1274 2288 1403 2341 solis
1432 2287 1542 2354 ipse
1568 2288 1929 2356 cognoscitur,
1972 2300 2078 2337 una

512 2374 735 2437 relassis,
787 2390 925 2429 unus
976 2376 1173 2441 cultus,
1204 2393 1308 2429 una
1343 2377 1607 2437 adoratio,
1655 2374 1916 2441 potentia,
1965 2388 2089 2439 per-

526 2460 708 2525 fectio,
745 2466 1026 2516 sanctitas.
1088 2463 1223 2528 Quid
1282 2465 1523 2533 pluribus
1564 2465 1740 2518 verbis
1785 2479 1919 2531 opus
1962 2462 2088 2515 est?

519 2550 736 2618 Omnia,
766 2567 1102 2624 quaecunque
1123 2554 1285 2609 Pater
1316 2556 1497 2619 habet,
1529 2566 1653 2609 sunt
1687 2555 1829 2621 Filii,
1862 2562 2087 2624 prazler-

2210 629 2270 683 οὐ
2304 628 2709 701 πληρούμενον·
2744 630 2986 697 ἁγιάζον,
3029 633 3125 701 οὐχ
3174 631 3561 703 ἁγιαζόμενον·
3614 635 3779 698 θεοῦν,

2210 721 2271 772 οὐ
2303 721 2424 773 θεού
2435 739 2591 792 μενον
2615 740 2627 752 ·
2660 721 2791 773 αὐτὸ
2844 722 3021 793 ἑαυτῷ
3049 724 3243 776 ταυτὸν
3293 725 3399 791 ἀεὶ,
3434 726 3526 778 καὶ
3554 721 3635 790 οἷς
3672 745 3783 779 συν-

2210 811 2467 865 τέτακται
2496 830 2507 842 ·
2532 812 2781 883 ἀόρατον,
2802 814 3045 884 ἄχρονον,
3071 814 3375 887 ἀχώρητον,
3406 817 3778 879 ἀναλλοίωτον,

2213 902 2423 967 ἄποιον,
2461 903 2684 965 άποσον,
2723 905 2981 971 ἀνείδεον,
3021 907 3249 975 ἀναφὲς,
3280 908 3656 978 αὐτοκίνητον,
3685 912 3784 962 άει-

2215 993 2451 1063 κίνητον,
2486 995 2852 1059 αὐτεξούσιον,
2907 997 3318 1067 αύτοδύναμον,
3380 1000 3782 1071 παντοδύναμον

2214 1087 2305 1153 (εἰ
2336 1088 2428 1139 καὶ
2458 1088 2594 1158 πρὸς
2628 1089 2725 1160 τὴν
2755 1089 2977 1162 πρώτην
3006 1092 3206 1156 αἰτίαν,
3244 1092 3433 1164 ὥσπερ
3458 1092 3527 1146 τά
3555 1093 3651 1146 τοῦ
3678 1095 3783 1146 Μο-

2212 1177 2466 1246 νογενοῦς
2517 1178 2751 1245 ἅπαντα,
2817 1181 2958 1234 οὕτω
2995 1182 3057 1252 δὴ
3098 1183 3193 1235 καὶ
3236 1182 3304 1236 τὰ
3340 1183 3433 1235 τοῦ
3470 1183 3781 1254 Πνεύματος

2213 1270 2625 1341 ἀναπέμπεται)
2649 1288 2664 1302 ο
2705 1269 2837 1342 ζωὴ,
2873 1274 2965 1325 καὶ
2990 1274 3278 1337 ζωοποιόν·
3315 1275 3465 1344 φῶς,
3501 1277 3596 1328 καὶ
3627 1293 3782 1345 χορη-

2214 1360 2310 1429 Υδν
2372 1361 2583 1429 φωτός⁶
2636 1363 3010 1431 αὐτοαγαοὸν,
3065 1366 3161 1418 καὶ
3208 1366 3356 1436 πηγὴ
3411 1366 3778 1435 ἁγαθότητος·

2215 1452 2438 1523 Πνεῦμα
2461 1452 2634 1517 εύθὲς,
2662 1454 3005 1524 ἡγεμονικὸν,
3037 1455 3247 1526 κύριον,
3279 1457 3631 1521 ἀποστέλλον,
3682 1460 3778 1528 ἁφ-

2212 1545 2413 1617 ορίξον,
2430 1545 2715 1599 ναοποιοῦν
2736 1546 2934 1617 ἑαυτῷ,
2958 1547 3207 1617 ὁδηγοῦν,
3236 1548 3490 1619 ἐνεργοῦν
3518 1550 3596 1611 ὡς
3611 1548 3779 1618 βούλε-

2208 1654 2317 1701 ται,
2351 1637 2593 1709 διαιροῦν
2635 1639 2984 1709 χαρίσματα*
3032 1640 3257 1711 Πνεῦμα
3295 1641 3602 1706 υἱοθεσίας,
3656 1641 3779 1711 άλη-

2207 1727 2376 1793 θείας,
2407 1729 2598 1797 σοφίας
2622 1768 2638 1793 ,
2674 1729 2961 1793 συνέσεως,
2993 1729 3251 1799 γνώσεως
3270 1770 3284 1793 ,
3326 1730 3634 1795 εὐσεϐείας,
3668 1730 3779 1799 βου-

2204 1817 2323 1889 λῆς,
2360 1818 2562 1889 ἰσχύος,
2598 1819 2784 1888 φόϐου,
2804 1819 2912 1875 τῶν
2936 1821 3412 1893 ἀπηριθμημένων
3458 1839 3476 1856 ·
3632 1823 3698 1875 δι’
3724 1820 3776 1879 οὗ

3012 1914 3106 1966 καὶ
3154 1913 3282 1975 Υἱὸς
3336 1913 3655 1978 δοξάζεται,
3690 1916 3775 1968 καὶ

2204 2003 2333 2071 παρ’
2362 1994 2435 2055 ὧν
2464 2002 2637 2071 μόνων
2689 2002 3035 2071 γινώσκεται,
3093 2004 3191 2074 μία
3233 2005 3503 2070 σύνταξις,
3560 2006 3773 2075 λατρεία

2206 2090 2326 2159 μία,
2364 2090 2752 2162 προσκύνησις,
2787 2093 3036 2164 δύναμις,
3074 2094 3363 2165 τελειότης,
3390 2096 3681 2165 ἁγιασμὸς.
3717 2097 3772 2147 Τί

2210 2200 2301 2253 μοι
2338 2184 2731 2256 μακρολογεῖν;
2778 2186 2961 2238 Πάντα
2998 2187 3097 2238 ὅσα
3130 2188 3158 2238 ὁ
3214 2186 3401 2257 Πατὴρ
3427 2226 3442 2250 ,
3492 2188 3590 2240 τοῦ
3637 2188 3773 2247 Υἰοῦ,

2206 2274 2343 2347 πλὴν
2400 2276 2500 2345 τῆς
2695 2278 3040 2348 ἀγεννησίας.
3074 2278 3259 2331 Πάντα
3293 2279 3393 2331 ὅσα
3433 2279 3463 2331 ὁ
3511 2278 3661 2340 Υἱὸς,
3692 2279 3772 2330 τοῦ

2205 2368 2540 2438 Πνεύματος,
2565 2368 2701 2439 πλὴν
2723 2368 2826 2437 τῆς
2859 2371 3185 2441 γεννήσεως.
3235 2369 3419 2423 Ταῦτα
3454 2369 3512 2423 δὲ
3557 2372 3657 2421 οὐκ
3697 2372 3773 2420 οὐ·

2204 2458 2324 2522 σίας
2356 2460 2625 2529 ἀφορίζει,
2661 2460 2804 2514 κατά
2831 2478 2895 2529 γε
2928 2461 3019 2514 τὸν
3045 2461 3178 2532 ἐμὸν
3210 2461 3366 2531 λόγον
3392 2503 3407 2527 ,
3437 2462 3573 2531 περὶ
3602 2461 3770 2513 οὐσίαν

2200 2543 2256 2597 δὲ
2280 2546 2619 2617 ἀφορίζεται.

518 2645 678 2699 quam
724 2634 869 2700 quod
905 2635 1180 2707 ingenitus
1232 2650 1339 2689 non
1406 2642 1508 2689 est.
1545 2634 1737 2687 Omnia
1796 2647 2137 2703 qmeeunque
2170 2634 2359 2702 Filius,
2417 2638 2653 2707 Spiritus
2702 2642 2875 2695 sancti
2939 2652 3086 2708 sunt,
3137 2642 3182 2697 si
3224 2642 3638 2711 generationem
3691 2660 3768 2700 ex-

452 2754 474 2776 .
520 2728 751 2797 ceperis.
814 2730 941 2786 Haec
1002 2747 1163 2802 porro
1200 2731 1563 2787 substantiam
1618 2746 1727 2785 non
1766 2737 2083 2798 secernunt,
2115 2738 2174 2786 ut
2204 2732 2419 2801 quidem
2462 2736 2577 2804 ipse
2615 2738 2794 2791 sentio
2821 2776 2837 2802 ,
2884 2752 3070 2791 verum
3114 2739 3255 2791 circa
3289 2738 3652 2792 substantiam
3693 2755 3765 2792 se-

520 2835 838 2882 cernuntur.

1024 2926 1105 2981 Ea;
1128 2928 1308 2981 cadent
1339 2927 1597 2982 oratione.

592 3017 830 3073 Primum
891 3020 1054 3091 igitur
1112 3020 1350 3089 Spiritus
1406 3032 1628 3077 sanctus
1677 3021 1729 3075 in
1797 3021 2093 3093 angelicis,

525 3121 578 3164 et
609 3112 928 3168 coelestibus
969 3114 1280 3180 virtutibus,
1331 3115 1525 3185 iisque,
1578 3134 1703 3188 qua:
1756 3130 1871 3188 post
1926 3119 2095 3175 Deum

522 3201 714 3269 prium
743 3213 889 3269 sunt,
916 3218 1147 3275 eumque
1173 3207 1555 3272 circumstant,
1595 3211 1700 3263 vim
1726 3226 1880 3265 suam
1939 3227 2095 3266 exer-

2646 2929 2744 2982 Ἐκ
2791 2928 2898 2983 τοῦ
2925 2928 3114 2983 αὐτοῦ
3146 2931 3357 2999 λόγου.

2275 3020 2449 3074 Τοῦτο
2494 3020 2729 3091 ἐνέργει,
2766 3023 3029 3094 πρότερον
3063 3024 3163 3093 μὲν
3212 3026 3268 3077 ὲν
3316 3025 3433 3086 ταῖς
3462 3024 3772 3092 άγγελικαῖς

2196 3119 2291 3171 καὶ
2315 3118 2587 3188 οὐρανίοις
2774 3119 3037 3192 δυνάμεσι
3058 3163 3072 3189 ,
3118 3122 3213 3175 καὶ
3241 3123 3364 3175 ὅσαι
3395 3122 3611 3194 πρῶται
3646 3124 3764 3192 μετᾶ

2195 3208 2326 3260 Θεὸν
2350 3248 2364 3271 ,
2402 3209 2496 3262 καὶ
2539 3208 2663 3279 περὶ
2708 3209 2862 3264 Θεόν.
2911 3211 2982 3264 Οὐ
3026 3211 3134 3283 γὰρ
3165 3209 3386 3264 ἄλλοθεν
3414 3213 3609 3276 αὑταῖς
3640 3215 3766 3283 ήτε-

523 3294 701 3349 cebat.
734 3294 921 3365 Neque
941 3299 1093 3352 enim
1120 3298 1341 3354 aliunde
1375 3299 1762 3368 perfectionem
1801 3311 1856 3357 et
1912 3304 2092 3372 splen-

2200 3297 2411 3362 λείωσις
2439 3301 2533 3352 καὶ
2562 3302 2593 3371 ἡ
2629 3300 2915 3371 ἑλλαμψις,
2972 3303 3070 3356 καὶ
3099 3302 3159 3355 τὸ
3190 3303 3326 3374 πρὸς
3359 3304 3557 3357 κακίαν
3591 3305 3762 3357 δυσκί-

522 3392 707 3446 dorem
742 3393 963 3458 habent,
990 3394 1153 3465 idque
1184 3405 1476 3464 prmterea.
1511 3405 1569 3449 ut
1601 3397 1669 3451 ad
1705 3398 1903 3451 malum
1926 3415 2095 3468 argre,

521 3482 604 3535 vel
640 3481 784 3536 nullo
808 3497 1032 3551 prorsus
1067 3486 1227 3540 modo
1288 3488 1502 3541 «moveri
1557 3497 1781 3555 queant,
1852 3503 2013 3558 quam
2067 3506 2096 3544 a

520 3574 723 3642 Spiritu
752 3585 961 3629 saneto.
1003 3578 1200 3631 Deinde
1252 3578 1301 3632 in
1374 3578 1621 3635 Patribus
1685 3590 1738 3635 ct
1792 3583 2094 3650 prophetis,

517 3682 746 3735 quormn
773 3667 862 3721 alii
896 3668 1060 3721 Deum
1088 3685 1183 3737 per
1210 3669 1503 3739 imaginem
1537 3671 1806 3737 viderunt,
1844 3681 1937 3725 aut
2003 3686 2096 3724 co-

517 3767 841 3825 gnoverunt,
878 3759 967 3813 alii
999 3768 1184 3814 autem
1226 3762 1390 3814 etiam
1419 3777 1506 3816 res
1535 3761 1747 3816 futuras
1800 3763 2092 3831 prmscive-

517 3859 662 3917 runt,
714 3851 1034 3922 impressam
1075 3852 1332 3906 nimirum
1384 3868 1481 3922 per
1530 3854 1793 3924 Spiritum
1840 3865 2091 3909 sanctum

515 3945 813 4013 principem
843 3944 1009 3999 animi
1036 3954 1245 4014 partem
1276 3947 1563 4011 habentes,
1602 3956 1657 4000 et
1715 3962 1837 4002 cum
1894 3948 2091 4002 futuris

516 4046 773 4104 tanquam
809 4051 929 4091 cum
978 4037 1340 4106 prmsentibus
1403 4047 1708 4094 versantes.
1773 4037 2087 4105 llujusmodi

514 4125 713 4193 quippe
736 4124 974 4192 Spiritus
1019 4125 1100 4179 vis
1133 4140 1198 4180 ae
1230 4127 1470 4195 potentia
1503 4137 1603 4182 est.
1640 4128 1775 4181 Tum
1807 4129 1857 4182 in
1887 4129 2088 4184 Christi

517 4215 800 4282 discipulis
827 4214 1125 4286 (Christum
1161 4216 1307 4271 enim
1344 4218 1723 4286 przctermitto,
1754 4219 1843 4274 cui
1874 4222 2088 4287 aderat,

515 4320 621 4356 non
659 4312 717 4356 ut
746 4318 998 4373 cperans,
1032 4308 1127 4360 sed
1153 4314 1211 4359 ut
1231 4308 1491 4377 aequalem
1517 4311 1847 4381 comitans);
1904 4311 2086 4382 iisque

516 4393 806 4461 trifariam,
849 4406 1009 4465 prout
1045 4396 1287 4466 ipsorum
1313 4411 1504 4470 captus
1531 4401 1761 4470 ferebat,
1804 4404 2090 4474 tribusque

516 4484 853 4554 temporibus
882 4502 897 4540 :
931 4501 1146 4558 nempe,
1183 4499 1476 4561 antequam
1526 4491 1776 4547 Christus
1824 4508 1920 4561 per
1954 4492 2087 4548 Pas-

514 4578 723 4631 sionem
756 4577 1089 4649 gloriﬁcatus
1138 4588 1282 4635 esset
1313 4599 1327 4635 :
1374 4593 1661 4652 postquam
1702 4597 1799 4653 per
1831 4584 2093 4639 Resurre-

2197 3409 2376 3463 νητον,
2438 3391 2803 3462 ἢ.άκίνητον,
2835 3393 2868 3463 ἢ
2906 3393 3057 3465 παρὰ
3089 3394 3183 3447 τοῦ
3230 3395 3389 3463 ἁγίου
3440 3396 3761 3465 Πνεύματκ.

2203 3485 2430 3537 Ἔπειτα
2456 3485 2645 3549 ἐντοῖς
2676 3486 2943 3556 Πατράσι,
2978 3487 3072 3539 καὶ
3106 3487 3164 3539 ὲν
3186 3490 3299 3551 τοῖς
3327 3489 3653 3558 προφήταις,
3698 3482 3762 3540 ὧν

2199 3577 2249 3629 οἱ
2283 3577 2382 3646 μὲν
2409 3578 2827 3647 ὲφαντάσθησαν
2852 3577 3006 3639 Θεὸν,
3035 3580 3066 3649 ἦ
3094 3578 3359 3646 ἔγνωσαν,
3405 3580 3453 3632 οἰ
3499 3580 3556 3632 δὲ
3600 3578 3761 3631 καὶτὸ

2205 3665 2395 3736 μέλλον
2427 3668 2778 3737 προέγνωσαν
2798 3668 3130 3739 τυπούμενοι
3159 3668 3235 3739 τῷ
3266 3669 3547 3741 Πνεύματι
3566 3671 3626 3723 τὸ
3650 3673 3760 3739 ἡγε-

2198 3758 2435 3827 μονικὸν,
2453 3759 2545 3811 καὶ
2568 3759 2643 3822 ὡς
2670 3760 2904 3831 παροῦσι
2929 3761 3178 3825 συνόντες
3198 3764 3310 3826 τοῖς
3338 3763 3759 3832 ἐσομένοις.Τοι-

2188 3850 2327 3920 αύτη
2352 3850 2459 3920 γὰρ
2485 3852 2518 3921 ή
2551 3850 2643 3904 τοῦ
2678 3852 2995 3923 Πνεύματος
3024 3854 3271 3924 δύναμις.
3298 3855 3533 3907 Ἔπειτα
3567 3857 3623 3907 ὲν
3659 3856 3756 3915 τοῖς

2188 3942 2427 4013 Χριστοῦ
2464 3942 2735 4013 μαθηταῖς
2754 3943 2851 4014 (ἐῶ
2876 3945 2984 4015 γὰρ
3008 3945 3244 4015 Χριστὸν
3264 3945 3461 4011 εἰπεῖν,
3492 3936 3539 4011 ᾧ
3574 3944 3755 4014 παρῆν,

2191 4032 2375 4103 ούχὼς
2405 4033 2681 4103 ἐνεργοῦν,
2714 4034 2827 4087 ἀλλ’
2850 4034 2924 4098 ῶς
2955 4034 3203 4105 ὁμοτίμῳ
3224 4031 3755 4106 συμπαρομαρτοῦν)·

2190 4124 2285 4177 καὶ
2296 4124 2503 4189 τούτοις
2518 4126 2773 4197 τρισσῶς,
2798 4127 2920 4181 καθ’
2944 4127 3067 4179 ὅσον
3088 4120 3189 4179 οἶοί
3216 4143 3277 4179 τε
3290 4122 3429 4197 ἦσαν
3453 4129 3663 4197 χωρεῖν,
3677 4123 3755 4176 καὶ

2190 4216 2332 4269 κατά
2351 4217 2573 4287 καιροὺς
2584 4219 2749 4288 τρεῖς·
2768 4216 2897 4288 πρὶν
2920 4214 3235 4288 ὼξασθῆναι
3252 4216 3487 4288 Χριστὸν
3497 4216 3574 4286 τῷ
3586 4215 3752 4267 Πάθει·

2190 4309 2328 4379 μετὰ
2347 4308 2406 4362 τὸ
2420 4309 2741 4379 mamma:
2759 4312 2824 4381 τῇ
2840 4309 3157 4365 ’Λναστάσει
3195 4325 3212 4342 ο
3325 4308 3463 4377 μετὰ
3480 4309 3576 4380 τὴν
3592 4311 3664 4371 εἰς
3678 4309 3755 4359 οὐ·

2193 4400 2705 4470 ρανοὺςἈνάϐασιν,
2734 4401 2767 4468 ἢ
2788 4401 3298 4471 άποκατάστασιν,ῆ
3320 4402 3349 4453 ὃ
3376 4418 3429 4453 τι
3446 4401 3547 4471 χρὴ
3575 4398 3751 4467 λέγειν.

2190 4491 2351 4560 Δηλοῖ
2377 4491 2433 4544 δὲ
2462 4492 2494 4562 ή
2533 4490 2724 4561 πρώτη
2748 4492 2855 4545 τῶν
2876 4492 3067 4555 νόσων,
3108 4492 3203 4545 καὶ
3229 4493 3262 4563 ἡ
3294 4492 3406 4545 τῶν
3446 4491 3751 4561 πνευμάτων

2190 4583 2488 4654 κάθαρσις,
2525 4584 2625 4635 οὐκ
2678 4583 2804 4636 ἄνευ
2858 4583 3179 4653 Πνεῦματος
3235 4582 3438 4654 δηλαδὴ
3469 4581 3751 4652 γενομένη·

512 4670 745 4723 ctionem
789 4668 1128 4739 gloriﬁcatus
1164 4671 1265 4726 l'uit
1294 4690 1307 4726 :
1345 4688 1410 4727 ac
1437 4674 1669 4744 denique
1698 4684 1821 4745 post
1857 4675 1972 4743 ejus
2023 4677 2091 4731 ad

2200 4675 2285 4728 καὶ
2308 4674 2369 4727 τὸ
2395 4673 2534 4744 μετά
2559 4672 2659 4745 τὴν
2690 4675 3004 4745 οἰκονομίαν
3028 4673 3354 4744 ἐμφύσημα,
3379 4673 3560 4742 σαφῶς
3584 4671 3641 4723 ὃν
3666 4669 3752 4737 ἔμ-

512 4760 679 4816 οωὶοε
710 4760 1123 4828 Ascensionem,
1163 4764 1276 4819 sive
1330 4766 1755 4833 restitutionem,
1808 4769 1923 4823 sive
1951 4784 2092 4838 quo-

514 4868 733 4922 cunque
774 4853 881 4907 alio
915 4856 1136 4910 uomiue
1206 4872 1292 4912 res
1332 4874 1394 4912 ea
1454 4858 1525 4914 sit
1587 4860 1925 4929 appellanda.
1978 4860 2090 4916 Hoc

513 4954 693 4996 autem
724 4945 1296 5013 perspicue'osteudit,
1330 4958 1442 5002 ttun
1490 4950 1662 5019 prima
1711 4950 1799 5003 illa
1866 4952 2081 5005 morbo-

515 5048 632 5087 rum
662 5034 1061 5103 spirituumque
1100 5038 1365 5106 depulsio,
1400 5056 1518 5109 quae
1545 5041 1868 5096 scilicetnon
1889 5041 2090 5109 absque

513 5124 754 5195 Spiritus
782 5129 1004 5182 numine
1028 5128 1193 5183 ﬁebat
1224 5145 1240 5194 ;
1269 5140 1377 5183 tum
1409 5132 1495 5184 illa
1523 5141 1644 5201 post
1671 5133 1973 5186 conlectum
2006 5145 2095 5185 sa-

511 5208 847 5275 lutisnost‘rze
1035 5224 1306 5292 negotiqu
1336 5221 1640 5287 insuliiatio,
1672 5222 2083 5292 qumdivinioris

514 5311 867 5377 proculdubio
897 5313 1274 5383 inspirationis
1304 5316 1581 5385 specimen
1645 5315 1914 5380 habebat;
1980 5323 2091 5368 tum

511 5408 787 5465 postremo
820 5416 1061 5470 praesens
1093 5402 1207 5458 haec
1269 5402 1549 5473 ignearum
1600 5404 2094 5477 lingu:trtuu.tlivi-

510 5492 614 5556 sio,
648 5507 811 5563 Quam
837 5494 1002 5548 etiam
1030 5495 1263 5573 solemni
1301 5496 1438 5551 festo
1463 5496 1830 5550 celebramus.
1890 5492 2091 5548 Verum

511 5584 686 5649 primo
714 5586 956 5654 quidem,
993 5588 1258 5669 obscure;
1294 5589 1507 5651 deinde,
1538 5588 1888 5657 expressius;
1943 5600 2091 5640 nunc

514 5689 663 5738 vero,
718 5676 1036 5745 perfect-ius,
1073 5689 1257 5750 utpote
1307 5680 1399 5750 qui
1466 5697 1572 5734 non
1623 5678 1733 5747 jam
1774 5679 2091 5748 operatiOne

510 5764 622 5820 sola
650 5779 887 5833 prtesens
931 5770 1021 5834 sit,
1054 5780 1108 5825 ut
1136 5771 1306 5840 prius,
1337 5771 1429 5826 sed
1469 5770 1772 5834 cssentiali,
1807 5779 1863 5823 ut
1904 5769 1983 5824 sic
2008 5767 2086 5821 lo-

672 5914 687 5944 ¹
729 5913 826 5968 isa.
864 5931 932 5981 λι,
970 5914 1045 5968 12.

2191 4783 2417 4830 πνευσις
2444 4765 2726 4837 θειοτέρα·
2754 4766 2848 4821 καὶ
2881 4768 2909 4820 ὁ
2930 4766 3025 4820 νῦν
3062 4766 3335 4837 μερισμὸς
3377 4766 3486 4819 τῶν
3529 4764 3748 4834 πυρίνων

2189 4856 2474 4925 γλωσσῶν,
2521 4857 2549 4909 ὃ
2590 4857 2684 4910 καὶ
2721 4854 3195 4927 πανηγυρίζομεν.
3376 4854 3532 4907 Ἀλλὰ
3570 4852 3627 4905 τὸ
3661 4850 3748 4918 μὲν

2193 4948 2429 5019 πρῶτον,
2458 4946 2716 5019 ἀμυδρῶς
2735 4964 2750 4979 ·
2780 4947 2839 5000 τὸ
2863 4947 2920 5001 δὲ
2952 4946 3228 5018 δεύτερον,
3266 4946 3634 5015 ὲκτυπώτερον
3656 4959 3669 4972 ⁸
3694 4939 3747 4993 τὸ

2193 5038 2248 5092 δὲ
2280 5040 2394 5103 νῦν,
2434 5039 2779 5111 τελεώτερον,
2810 5040 2911 5093 οὐκ
2941 5038 3022 5092 ἔτι
3052 5038 3303 5110 ἐνεργείᾳ
3326 5037 3529 5110 παρὸν,
3684 5028 3749 5089 ὡς

2190 5130 2477 5203 πρότερον,
2508 5131 2784 5193 ούσιωδῶς
2811 5130 2889 5195 δὲ,
2919 5131 2994 5194 ὡς
3029 5130 3095 5184 ἂν
3124 5130 3270 5183 εἴποι
3316 5148 3423 5196 τις,
3457 5125 3745 5195 συγγινόμε-

2190 5221 2278 5274 νόν
2312 5238 2370 5272 τε
2404 5221 2496 5274 καὶ
2548 5219 3098 5291 συμπολιτευόμενον.
3164 5219 3414 5289 Ἔπρεπε
3459 5216 3578 5283 γὰρ,
3628 5208 3742 5263 Υἰοῦ

2190 5310 2515 5383 σωματικῶς
2549 5313 2679 5382 ἡμῖν
2718 5311 3102 5381 ὁμιλήσαντος,
3137 5312 3229 5363 καὶ
3255 5309 3390 5362 αὐτὸ
3411 5306 3627 5376 φανῆναι
3655 5318 3743 5353 σω-

2156 5402 2469 5473 .ματικῶςο
2510 5404 2601 5456 καὶ
2642 5402 2878 5474 Χριστοῦ
2928 5402 3063 5474 πρὸς
3109 5402 3303 5455 ἑαυτὸν
3357 5396 3737 5455 ἐπανελθόντος.

2192 5493 2369 5544 ἐκεῖνο
2397 5492 2534 5562 πρὸς
2563 5492 2710 5563 ἡμᾶς
2741 5491 3022 5546 κατελθεῖν
3043 5508 3056 5524 ν
3083 5490 3379 5561 ἐρχόμενον
3426 5489 3515 5558 μὲν
3548 5484 3614 5544 ὡς
3639 5478 3737 5532 Κῧ·

2193 5602 2329 5654 ριον,
2362 5584 2716 5658 πεμπόμενον
2742 5585 2797 5637 δὲ
2832 5585 2908 5649 ὡς
2942 5584 3042 5638 οὐκ
3080 5582 3345 5637 ἀντίθεον.
3370 5583 3435 5634 Ai
3458 5578 3555 5648 γὰρ
3581 5571 3738 5627 τοιαῦ·

2189 5692 2277 5727 ται
2325 5674 2499 5744 φωναὶ
2556 5675 2654 5746 οὐχ
2685 5672 2846 5747 ἦττον
2885 5676 2983 5748 τὴν
3011 5674 3261 5747 ὁμόνοιαν
3286 5673 3555 5744 δηλοῦσιν,
3584 5666 3613 5735 ῆ
3642 5661 3732 5732 φύ-

2191 5784 2304 5831 σεις
2477 5769 2707 5840 χωρίζου
2717 5786 2819 5823 σιν.
