3968 6618
234 435 349 502 849
1036 476 1043 479 κ
1124 514 1125 521 γ
1200 440 1581 503 PANOPLIA
1624 438 2351 503 DOGMATICA.~T1T.
2394 437 2530 498 XII.
3398 431 3505 495 850

234 567 396 617 quur,
457 551 618 605 modo
683 552 841 618 adsit,
888 552 1158 623 simulque
1205 566 1474 611 versetur.
1521 556 1655 609 Nam
1715 570 1840 610 cum
1879 554 2046 609 Fiiins
2094 549 2733 623 rorpoream'nobiscum
2788 546 3238 623 consuetudinem
3281 545 3508 601 habuis-

235 654 344 709 set,
385 644 642 714 Spiritum
682 632 896 717 quoque
947 664 1213 719 corporeo
1265 652 1429 706 modo
1482 652 1635 707 cerni
1664 650 2064 713 conveniebat;
2115 659 2170 703 et
2220 665 2341 703 eum
2404 648 2681 702 Christum
2742 645 2807 698 ad
2863 659 2983 706 sese
3036 658 3288 719 reversus
3339 649 3509 707 esset,

237 754 365 793 cunt
426 741 493 794 ad
549 755 650 795 nos
686 741 1020 798 descendere
1073 753 1127 797 et
1171 745 1389 813 quidem
1427 746 1523 809 ita,
1548 757 1710 812 utet,
1739 756 1993 815 tanquam
2027 745 2305 808 Dominus,
2342 742 2572 803 veniret.
2605 750 2679 807 et,
2714 750 2973 811 tanquam
3022 740 3131 793 Deo
3163 753 3506 806 nequaquam

234 833 522 897 oppositus
543 872 559 897 ,

235 923 563 981 distrahunt.

310 1020 412 1073 Διά
473 1022 661 1086 τοῦτο,
699 1023 839 1092 μετὰ
900 1025 1134 1095 Χριστὸν
1197 1027 1315 1097 μὲν,
1378 1028 1467 1083 ’ίνα
1527 1031 1818 1103 Παράκλη-

233 1131 332 1176 τος
375 1114 507 1183 ἡμῖν
542 1114 617 1183 μὴ
650 1114 813 1188 λείπῃ
835 1133 851 1149 ο
885 1117 1101 1185 Ἄλλος
1145 1119 1224 1185 δὲ,
1262 1120 1351 1175 ἵνα
1382 1122 1446 1176 σὺ
1492 1122 1592 1193 τὴν
1637 1126 1817 1192 ὁμοτι-

238 1206 377 1274 μίαν
419 1205 757 1277 ἐνθυμηθῇς.
798 1208 873 1260 Τὸ
920 1209 1051 1279 γὰρ,
1082 1209 1297 1277 ἄλλος,
1342 1212 1503 1276 ἄλλος
1544 1210 1655 1277 οἷος
1686 1216 1820 1283 ἐγὼ,

235 1296 588 1351 καθίσταται.
622 1297 795 1351 Τοῦτο
843 1299 899 1352 δὲ
934 1301 1383 1368 συνδεσποτείας,
1408 1305 1528 1357 ἀλλ’
1573 1306 1675 1358 οὐκ
1702 1309 1822 1360 ἀτι-

239 1388 373 1455 μίας
398 1389 591 1459 ὄνομα.
613 1391 687 1443 Τὸ
710 1391 842 1461 γὰρ,
872 1392 1086 1458 ἄλλος,
1105 1394 1205 1448 οὐκ
1232 1396 1327 1449 ἐπὶ
1359 1397 1470 1451 τῶν
1500 1399 1820 1469 ἀλλοτρίων,

233 1480 360 1533 ἀλλ’
389 1482 615 1538 ἐπὶτῶν
647 1483 953 1553 ὀμοουσίων
981 1483 1101 1542 οἶδα
1128 1487 1441 1558 λεγόμενον.

270 1679 386 1733 Τοῦ
414 1679 603 1734 αὐτοῦ
637 1679 707 1733 ἐκ
740 1678 1035 1756 τῆςῇτιρὸς
1075 1683 1421 1756 κλῃδόνων
1450 1687 1808 1756 λογοειδοῦς

806 1751 869 1817 ,ϐ’
897 1753 1255 1823 ἐπιστολῆς.

327 1839 522 1908 ’Πμεῖς
582 1840 682 1910 τῆς
741 1841 886 1905 κατᾴ
931 1842 1170 1898 Νίκαιαν
1219 1846 1459 1909 πίστεως
1499 1845 1611 1899 τῶν
1659 1846 1830 1914 ἁγίων

238 1933 545 2001 Πατέρων,
598 1933 710 1987 τῶν
755 1935 935 1989 ἐκεῖσε
993 1936 1333 1992 συνελοὸτων
1380 1937 1476 1992 ἐπὶ
1510 1940 1830 2009 καθαιρέσει

235 2024 343 2094 τῆς
392 2024 682 2096 Ἀρειανῆς
708 2027 974 2098 αἱρέσεως
1018 2028 1172 2083 οὐδὲν
1222 2028 1347 2084 οὔτε
1379 2033 1831 2104 προετιμήσαμεν

239 2116 509 2181 πώποτε,
561 2117 686 2172 οὔτε
736 2122 1011 2191 προτιμᾷν
1066 2121 1382 2192 δυνάμεθα,
1443 2122 1559 2177 ἀλλ’
1614 2126 1833 2195 ἐκείνης

238 2210 411 2278 ἐσμὲν
450 2211 547 2280 τῆς
606 2210 841 2274 πίστεως
865 2250 883 2277 ,
919 2212 1009 2265 καὶ
1057 2212 1322 2284 ἐσόμεθα,
1354 2216 1450 2268 σὺν
1480 2215 1599 2286 Θεῷ
1619 2257 1635 2283 ,
1666 2234 1834 2288 προσ-

235 2301 633 2371 διαρθροῦντες
693 2302 755 2355 τὸ
803 2302 1066 2368 ἐλλειπῶς
1100 2306 1395 2376 εἰρημένον
1430 2310 1660 2373 ἐκείνοις
1702 2311 1834 2380 ’περῖ⁸

236 2392 338 2447 τοῦ
367 2395 527 2463 ἁγίου
562 2394 903 2463 Πνεύματος,
935 2396 1024 2452 διὰ
1058 2398 1118 2450 τὸ
1144 2399 1217 2467 μὴ
1240 2400 1565 2470 κεκινῆσθαι
1599 2401 1660 2456 τὸ
1681 2419 1832 2472 τηνι-

236 2486 423 2539 καῦτα
462 2487 617 2540 τουτὶ
648 2486 712 2541 τὸ
751 2487 973 2559 ζήτημα
996 2531 1011 2556 ,
1050 2489 1134 2543 ὅτι
1168 2492 1300 2560 μιᾶς
1330 2492 1598 2561 Θεότητος
1634 2494 1833 2549 εἰδέναι

238 2577 352 2649 χρὴ
377 2579 472 2633 τὸν
501 2580 727 2651 Πατέρα
748 2620 765 2647 ,
810 2580 904 2633 καὶ
935 2582 1028 2634 τὸν
1061 2582 1189 2634 Υίὸν
1213 2622 1227 2646 ,
1277 2584 1372 2637 καὶ
1401 2584 1465 2636 τὸ
1509 2582 1736 2656 Πνεῦμα
1773 2586 1834 2639 τὸ

240 2670 430 2739 ἅγιον,
460 2670 596 2725 Θεὸν
631 2672 728 2729 καὶ
756 2673 818 2727 τὸ
856 2672 1086 2744 Πνεῦμα
1124 2673 1514 2744 γινώσκοντας.

243 2880 374 2933 Ἔτι
421 2880 571 2934 κατὰ
595 2880 737 2952 τῶν
767 2879 1290 2950 Πνευματομάχων
1318 2883 1426 2937 τοῦ
1468 2885 1723 2952 Νύσσης
1766 2884 1834 2938 ἐκ
1866 2878 1875 2885 ’

511 2951 619 3005 τοῦ
651 2951 837 3021 λόγου
866 2953 971 3006 τοῦ
1002 2952 1160 3019 πρὸς
1190 2955 1568 3021 Σιμπλίκιον.

322 3040 460 3111 Περὶ
489 3040 545 3094 δὲ
563 3041 661 3093 τοῦ
692 3041 1010 3112 Πνεύματος
1046 3042 1143 3095 τοῦ
1182 3043 1340 3109 ἁγίου
1375 3044 1426 3097 oi
1452 3044 1837 3117 βλασφημοῦν-

241 3150 343 3195 τες
401 3133 464 3185 τὸ
514 3133 650 3186 αὐτὸ
675 3132 950 3201 λέγουσιν,
997 3133 1026 3186 ὃ
1052 3136 1147 3187 καὶ
1173 3135 1305 3205 περὶ⁸
1342 3135 1438 3189 τοῦ
1481 3137 1690 3208 Κυρίου
1711 3178 1726 3203 ,
1753 3139 1836 3192 ὅτι

644 834 971 896 mitteretur.
1026 838 1242 894 Etenim
1307 839 1623 910 hujusmodi
1680 859 1842 900 voces
1881 856 1991 895 non
2040 839 2223 893 minus
2270 837 2621 893 concordiam
2682 836 2998 901 declarant,
3032 848 3194 905 quam
3260 841 3508 887 naturam

1998 1028 2228 1094 Idcirco,
2255 1034 2379 1097 post
2418 1026 2695 1082 Christum
2743 1024 2959 1093 quidem
3016 1023 3258 1089 accedit,
3307 1039 3376 1080 ne
3408 1023 3513 1084 Pa-

1925 1119 2159 1173 racletus
2212 1116 2371 1172 nobis
2440 1116 2581 1171 desit
2618 1133 2632 1171 :
2674 1115 2824 1169 Alius
2880 1124 3082 1178 autem,
3115 1123 3175 1169 ut
3206 1123 3260 1168 tu
3285 1115 3510 1176 honoris

1927 1207 2289 1276 aequalitatem
2322 1206 2547 1276 cogites.
2586 1204 2742 1271 Quod
2780 1203 2923 1257 enim
2972 1206 3082 1268 ait,
3125 1203 3284 1272 alius,
3322 1207 3510 1270 alium,

1927 1300 2102 1370 qualis
2149 1314 2247 1370 ego
2284 1314 2426 1363 sum,
2474 1296 2780 1351 constituit.
2816 1295 2932 1349 Hoc
2974 1310 3139 1363 porro
3178 1311 3376 1350 nomen
3416 1313 3514 1363 ρει*

1929 1409 2043 1447 rem
2084 1392 2298 1462 imperii
2324 1389 2552 1461 gradum
2587 1388 2814 1452 indicat,
2850 1402 2961 1442 non
2993 1388 3363 1457 ignominiam,
3399 1389 3511 1443 Vox

1929 1485 2097 1549 enim,
2155 1483 2316 1547 alius,
2362 1496 2474 1536 non
2506 1479 2573 1537 de
2624 1481 2841 1545 alienis,
2886 1480 2985 1536 sed
3031 1480 3099 1536 de
3146 1482 3246 1548 iis,
3280 1498 3510 1551 quorum

1930 1576 2116 1631 eadem
2147 1575 2453 1630 Substantia
2478 1582 2583 1639 est,
2624 1582 2941 1643 usurpatur.

1930 1685 2181 1757 Ejusdem
2221 1703 2286 1740 ex
2330 1688 2497 1741 altera
2525 1686 2592 1738 ad
2622 1687 3203 1750 Cledoniumepisto/a,
3253 1703 3368 1755 qum
3406 1705 3513 1754 pm-

2320 1759 2646 1826 longiludine
2671 1760 2845 1810 instar
2876 1767 2951 1810 est
2983 1758 3124 1811 libri.

1918 1832 1929 1837 “
2002 1844 2111 1900 Nos
2160 1845 2307 1907 ﬁdei,
2334 1859 2454 1914 quae
2486 1845 2537 1897 in
2568 1843 2801 1897 concilio
2858 1842 3080 1898 Niemno
3112 1860 3140 1896 a
3175 1846 3381 1900 sanctis
3417 1845 3515 1898 Pa-

1935 1939 2130 2003 tribns,
2192 1937 2302 1992 illic
2367 1935 2435 1989 ad
2497 1937 2853 1991 evertendam
2932 1937 3180 1991 haeresim
3250 1940 3512 1993 Arianam

1934 2031 2304 2101 congregatis,
2329 2029 2601 2084 declarata
2626 2038 2727 2095 est,
2754 2028 2887 2082 nihil
2921 2044 3157 2098 unquam
3192 2034 3509 2099 anteposui-

1935 2142 2077 2190 mus,
2110 2140 2207 2181 nec
2227 2134 2559 2196 anteponere
2589 2141 2877 2195 possumus
2917 2138 2932 2185 :
2969 2128 3061 2180 sed
3093 2141 3158 2179 ex
3193 2127 3278 2180 illa
3331 2143 3519 2182 sumus

1937 2218 2061 2281 iide,
2130 2229 2295 2288 atque
2354 2218 2585 2283 erimus,
2637 2219 2855 2284 Deoque
2905 2219 3201 2273 auxiliante
3232 2221 3374 2288 quod
3440 2221 3520 2287 ab

1936 2307 2045 2360 illis
2068 2308 2250 2361 audita
2285 2307 2533 2362 absolute
2559 2307 2633 2362 de
2701 2307 2907 2375 Spirittt
2967 2319 3175 2371 sancto,
3235 2319 3521 2379 propterea

1934 2399 2078 2467 quod
2134 2398 2499 2469 haecqumstio
2562 2407 2689 2452 tunc
2715 2413 2821 2452 non
2895 2400 3251 2465 tractabatur,
3315 2401 3517 2455 dictum

1933 2500 2037 2554 est,
2062 2491 2471 2561 explicabimus.
2505 2491 2640 2545 Cum
2698 2490 2843 2543 enim
2875 2490 3273 2553 decrevissent.
3301 2502 3517 2562 oporte-

1934 2599 1992 2638 re
2015 2586 2236 2639 credere
2258 2584 2416 2638 unius
2442 2597 2562 2638 esse
2588 2582 2885 2637 divinitatis
2905 2581 3140 2645 Patrem,
3175 2595 3229 2637 et
3294 2584 3517 2644 Filium.

1935 2675 2196 2744 Spiritum
2222 2684 2469 2730 sanctum
2499 2675 2661 2730 Deum
2687 2672 2869 2741 utique
2915 2682 2970 2728 ιι
3040 2675 3303 2744 Spiritum
3360 2692 3521 2731 sane.

1937 2774 2054 2818 tum
2090 2766 2487 2828 agnoscebant.

1936 2878 1967 2933 Ι
1972 2890 2073 2934 lem
2094 2878 2611 2953 adversumSpirilus
2637 2890 3040 2953 oppugnatores,
3067 2881 3305 2953 Gregorii
3332 2882 3523 2953 Nysae!

2147 2950 2408 3019 pontiﬁcis
2447 2966 2510 3004 ex
2548 2952 2785 3004 oratione
2826 2951 2895 3003 ad
2951 2950 3301 3015 Simplicium.

2013 3040 2167 3107 Quod
2197 3051 2376 3095 autem
2404 3041 2472 3096 de
2506 3041 2755 3106 Domino,
2810 3043 2947 3095 idem
2975 3042 3041 3096 de
3070 3043 3274 3110 Spiritu
3335 3054 3523 3098 sanrto

1940 3134 2320 3190 contumeliosi
2362 3134 2613 3189 homines
2637 3135 2846 3199 dicunt,
2876 3151 3068 3205 nempe
3103 3137 3278 3204 ipsum
3303 3154 3521 3208 quoqu

243 3226 368 3278 ἐστὶ
400 3226 493 3281 καὶ
527 3226 953 3295 τοῦτοξκτιστόν.
991 3227 1055 3280 'H
1078 3227 1135 3280 δὲ
1191 3227 1490 3301 Ἐκκλησία
1516 3230 1733 3302 ἐπίσης,
1763 3232 1834 3296 ὡς

1944 3236 2186 3285 creatum
2221 3242 2366 3283 esse.
2399 3227 2643 3283 Ecclesia
2703 3243 2831 3282 vero
2855 3237 2913 3282 ut
2942 3228 3009 3281 de
3041 3227 3202 3293 Filio,
3240 3232 3322 3284 sic
3348 3232 3513 3285 etiam

244 3319 384 3388 περὶ
410 3318 504 3372 τοῦ
535 3318 667 3372 Υἱοῦ
690 3359 705 3382 ,
741 3318 887 3373 οὕτω
916 3320 1013 3374 καὶ
1045 3321 1175 3390 περὶ
1196 3338 1291 3374 του
1322 3323 1478 3391 ἁγίου
1516 3324 1834 3395 Πνεῦματος

249 3412 528 3474 πιστεύει,
555 3411 636 3465 ὅτι
667 3410 815 3465 ἐστὶν
846 3411 1128 3475 ἄκτιστον,
1169 3414 1263 3465 καὶ
1295 3414 1378 3467 ὅτι
1408 3417 1559 3467 πᾶσα
1594 3418 1627 3485 ή
1658 3417 1836 3481 κτίσις

247 3506 316 3557 ἐκ
341 3504 442 3572 τῆς
472 3504 566 3557 τοῦ
604 3503 1011 3574 ὑπερκειμένου
1052 3505 1262 3573 ἀγαθοῦ
1300 3507 1594 3576 μετουσίας
1623 3510 1837 3575 γίνεται

247 3596 454 3664 ἀγαθή.
487 3596 561 3648 Τὸ
603 3595 660 3649 δὲ
691 3596 919 3664 Πνεῦμα
957 3596 1019 3649 τδ
1052 3597 1209 3664 ἅγιον
1259 3598 1559 3668 ἀπροσδεές
1590 3600 1707 3652 ἐστι
1739 3600 1835 3652 τοῦ

248 3687 638 3758 ἀγαϐύνοντος.
683 3688 914 3755 ’Λγαθὸν
979 3686 1090 3759 γὰρ
1114 3688 1272 3757 φύσει
1335 3690 1490 3754 ἐστὶ,
1568 3689 1750 3754 καθὼς
1802 3693 1837 3762 ἡ

249 3784 454 3851 Γραφὴ
497 3783 788 3853 μαρτυρεῖ.
829 3782 942 3834 Καὶ
976 3782 1057 3834 ὅτι
1106 3782 1343 3853 ήκτίσις
1373 3782 1651 3851 ὁδηγεῖται
1686 3783 1838 3855 παρὰ

248 3870 345 3923 τοῦ
371 3870 709 3941 Πνεῦματος,
739 3870 798 3922 τὸ
820 3870 876 3922 δὲ
902 3869 1125 3940 Πνεῦμα
1149 3872 1249 3943 τὴν
1269 3873 1296 3924 ὁ
1315 3871 1509 3942 δηγίαν
1530 3873 1835 3942 χαρίζεται.

265 3961 333 4013 Ἦ
367 3960 548 4024 κτίσις
584 3961 1008 4030 ήγεμονεύεται,
1044 3962 1104 4014 τὸ
1138 3963 1195 4015 δὲ
1228 3962 1454 4033 Πνεῦμα
1486 3964 1836 4034 ἡγεμονεύει.

262 4054 332 4107 Ἥ
373 4054 553 4116 κτίσις
584 4053 1006 4123 παρακαλεῖται,
1056 4054 1116 4106 τὸ
1149 4054 1206 4108 δὲ
1244 4055 1468 4124 Πνεῦμα
1503 4057 1835 4127 παρακαλεῖ.

264 4146 331 4201 Ἥ
353 4148 535 4210 κτίσις
557 4147 823 4211 δουλεύει,
840 4147 900 4199 τὸ
930 4148 983 4200 δὲ
1005 4148 1228 4217 Πνεῦμα
1257 4148 1554 4220 ἐλευθεροῖ.
1573 4150 1639 4202 Ἦ
1661 4152 1839 4213 κτίσις

252 4239 579 4307 σοφίζεται,
636 4239 696 4292 τὸ
746 4239 803 4292 δὲ
840 4239 1065 4309 Πνεῦμα
1111 4240 1212 4311 τὴν
1261 4241 1362 4310 τῆς
1418 4242 1615 4309 σοφίας
1651 4242 1839 4297 δίδωσι

252 4333 439 4402 χάριν.
485 4328 551 4384 Ἦ
578 4332 757 4393 κτίσις
792 4331 1210 4402 μεταλαμϐάνει
1242 4332 1352 4386 τῶν
1384 4334 1758 4403 χαρισμάτων,
1776 4334 1839 4386 τὸ

249 4424 310 4476 δὲ
370 4423 599 4493 Πνεῦμα
656 4426 778 4477 κατ’
829 4425 1081 4489 ἐξουσίαν
1135 4424 1444 4493 χαρίζεται.
1499 4426 1683 4479 Πάντα
1730 4425 1840 4495 γὰρ

251 4517 473 4586 ἐνεργεῖ
506 4514 681 4567 ταῦτα
721 4515 781 4568 τὸ
814 4514 874 4568 ἓν
917 4516 1013 4570 καὶ
1042 4515 1104 4568 τὸ
1134 4516 1269 4568 αὐτὸ
1304 4516 1558 4586 Πνεῦμα,
1591 4517 1840 4585 διαιροῦν

1938 3322 2004 3375 de
2039 3320 2240 3390 Spiritu
2266 3329 2457 3376 sancto
2498 3321 2704 3388 pariter
2725 3320 2919 3385 credit,
2959 3329 3205 3373 creatum
3232 3336 3338 3375 non
3379 3337 3524 3380 esse;

1937 3423 1991 3467 et
2030 3429 2117 3467 res
2180 3427 2368 3466 omnes
2423 3422 2638 3468 creatas
2703 3427 2771 3466 ex
2823 3414 3059 3481 supremi
3106 3413 3233 3469 boni
3277 3429 3522 3467 comnm-

1940 3505 2100 3559 nioue
2126 3504 2237 3558 fieri
2268 3506 2454 3571 bonas,
2482 3504 2747 3575 Spiritum
2772 3516 3019 3561 sanctum
3043 3517 3221 3560 autem
3239 3507 3523 3573 nemine,a

1941 3611 2049 3663 quo
2101 3596 2276 3650 bonus
2328 3596 2441 3662 liat,
2472 3596 2715 3667 indigere
2751 3613 2766 3651 :
2803 3606 2999 3652 natura
3063 3599 3204 3652 enim
3255 3615 3313 3653 cs
3344 3615 3374 3653 e
3428 3601 3522 3654 ho-

1943 3702 2099 3753 uum,
2136 3698 2192 3742 ut
2221 3688 2505 3756 Scriptura
2538 3698 2800 3743 testatur.
2836 3688 2943 3744 Res
2988 3701 3201 3744 creatas
3255 3707 3282 3743 a
3319 3690 3521 3758 Spiritu

1941 3788 2132 3833 sancto
2169 3779 2355 3849 dirigi,
2407 3780 2582 3851 ipsum
2610 3780 2690 3835 eis
2714 3783 3073 3836 directionem
3140 3784 3367 3849 largiri;
3432 3800 3521 3839 res

1940 3881 2253 3941 procreatas
2285 3872 2432 3937 duci,
2467 3872 2731 3940 Spiritum
2750 3887 2870 3927 esse
2896 3876 3177 3928 duetorem
3204 3892 3219 3939 ;
3249 3890 3335 3927 res
3360 3890 3517 3928 crea-

1944 3975 2026 4019 tas
2051 3963 2482 4019 consolationem
2514 3964 2781 4032 accipere,
2810 3965 3071 4034 Spiritmn
3122 3982 3242 4021 esse
3266 3969 3516 4024 consola-

1946 4066 2154 4123 torem;
2192 4070 2277 4110 res
2305 4065 2522 4111 creatas
2542 4069 2662 4111 esse
2723 4071 2929 4122 servas,
2987 4055 3251 4127 Spiritum
3306 4072 3401 4113 cas
3463 4058 3516 4113 ἰιι

1944 4148 2253 4203 libertatem
2294 4148 2615 4216 vindicare;
2673 4164 2762 4204 res
2808 4158 3023 4203 creatas
3078 4150 3353 4219 sapientes
3381 4150 3523 4213 ﬁeri,

1943 4240 2202 4308 Spiritum
2248 4239 2530 4308 sapientia:
2559 4242 2786 4309 gratiam
2837 4240 3056 4310 elargiri
3106 4256 3123 4305 ;
3162 4256 3251 4295 res
3301 4249 3519 4295 creante

1942 4347 2228 4386 munerum
2255 4332 2546 4401 participes
2565 4331 2724 4395 eﬂici,
2758 4332 3023 4401 Spiritum
3055 4347 3277 4385 munera
3309 4333 3517 4387 tribue-

1942 4440 2036 4490 re;
2077 4426 2189 4478 lucc
2221 4424 2366 4477 enim
2405 4425 2590 4476 munia
2629 4425 2740 4489 agit
2776 4438 2917 4476 unus
2946 4433 2996 4475 et
3047 4423 3188 4477 idem
3244 4424 3508 4491 Spiritus,

1942 4513 2191 4567 dividens
2225 4512 2505 4583 sigillatim
2561 4513 2881 4580 unicuique,
2922 4513 2998 4566 uti
3042 4513 3169 4565 vult.
3210 4514 3525 4568 Innumera-

253 4608 367 4679 ίδίᾳ
401 4607 663 4678 ἑκάστῳ,
710 4607 897 4670 καθὼς
943 4607 1217 4678 βούλεται.
1266 4610 1377 4663 Καὶ
1424 4610 1622 4680 μυρίας
1670 4611 1834 4673 ἄλλας

1942 4603 2070 4659 bilia
2105 4614 2332 4673 possunt
2362 4603 2464 4657 alia
2492 4620 2557 4658 ex
2586 4604 3214 4673 Scripturistestimonia
3250 4604 3517 4672 depromi,

251 4702 321 4754 ἐκ
365 4700 477 4754 τῶν
512 4701 753 4772 Γραφῶν
792 4700 942 4754 ἔστιν
975 4702 1281 4766 ἀποδείξεις
1314 4702 1517 4773 εὑρεῖν,
1546 4705 1625 4757 ὅτι
1659 4705 1839 4759 πάντα

250 4794 321 4845 τὰ
374 4792 561 4862 ὑψηλὰ
601 4793 694 4845 καὶ
743 4794 1027 4862 θεοπρεπῆ
1074 4794 1325 4863 νοήματα
1352 4830 1367 4853 .
1416 4794 1517 4846 ὅσα
1550 4792 1703 4862 παρὰ
1738 4794 1837 4863 τῆς

251 4886 481 4954 Γραςρῆς
507 4883 587 4955 τῷ
614 4887 730 4938 Πατ
743 4885 798 4953 pi.
849 4886 947 4939 καὶ
976 4884 1087 4953 Υἱῷ
1116 4885 1512 4955 ἑφαρμόξεται,
1538 4886 1714 4939 ταῦτα
1742 4886 1839 4938 καὶ

252 4978 387 5046 περὶ
426 4978 487 5029 τὸ
517 4977 673 5045 ἆγιον
730 4976 1017 5044 Θεωρεῖται
1066 4977 1325 5046 Πνεῦμα,
1392 4978 1426 5047 ἡ
1483 4977 1742 5049 ἀφθορία,
1800 4980 1834 5048 ή

254 5069 605 5139 μακαριότης
630 5108 645 5133 ,
692 5068 754 5120 τὸ
788 5068 994 5135 ἀγαθὸν
1018 5109 1030 5129 ,
1063 5069 1123 5121 τὺ
1158 5069 1355 5137 σοφὸν,
1389 5070 1451 5121 τὸ
1483 5069 1714 5122 δυνατὸν
1734 5109 1748 5132 ,
1777 5070 1837 5122 τὸ

250 5162 491 5223 δίκαιον,
524 5162 556 5229 ἡ
596 5160 847 5229 ἁγιότης,
886 5160 993 5212 πᾶν
1024 5160 1206 5230 τίμιον
1236 5161 1411 5229 ὄνομα
1453 5160 1597 5214 οὕτω
1621 5160 1837 5229 λέγεται

250 5254 348 5305 ἐπὶ
387 5253 484 5305 τοῦ
520 5253 676 5320 ἁγίου
724 5252 1077 5321 Πνεῦματος,
1110 5252 1186 5315 ὡς
1223 5254 1316 5306 καὶ
1347 5253 1442 5305 ἐπὶ
1499 5254 1593 5306 τοῦ
1624 5254 1838 5324 Πατρὸς

250 5347 349 5399 καὶ
376 5344 475 5397 τοῦ
508 5344 638 5397 Υίοῦ
666 5344 911 5413 λέγεται,
946 5344 1085 5415 πλὴν
1110 5344 1341 5411 τούτων,
1376 5345 1444 5398 δι’
1470 5339 1545 5398 ὧν
1588 5347 1643 5399 αἱ
1701 5346 1836 5398 ὐπο-

255 5439 486 5500 στάσεις
514 5436 727 5507 τρανῶς
758 5453 820 5488 τε
845 5438 939 5489 καὶ
972 5435 1293 5506 ἁσυγχύτως
1318 5437 1413 5489 ἀπ’
1446 5436 1693 5506 ἀλλήλων
1722 5438 1838 5490 δια-

250 5529 602 5599 χωρίζονται.
654 5528 811 5595 Λέγω
846 5529 938 5591 δὲ,
992 5530 1077 5581 ὅτι
1117 5528 1244 5581 οῦτε
1286 5528 1475 5600 Πατὴρ
1519 5528 1738 5596 λέγεται
1777 5529 1838 5580 τὸ

256 5621 485 5688 Πνεῦμα
524 5620 586 5672 τὸ
631 5620 785 5686 ἅγιον
811 5661 827 5686 ,
864 5619 987 5673 οὔτε
1032 5622 1161 5681 Υἱὸς
1186 5662 1202 5684 ,
1238 5620 1306 5673 τὰ
1350 5620 1408 5674 δὲ
1449 5620 1583 5674 ἄλλα
1609 5660 1623 5682 ,
1663 5621 1764 5673 ὅσα
1808 5622 1837 5673 ὁ

257 5716 449 5782 Πατὴρ
486 5714 584 5765 καὶ
623 5716 650 5765 ὁ
676 5713 803 5775 Υἱὸς
843 5712 1170 5783 ὀνομάζεται
1192 5753 1206 5778 ,
1239 5711 1414 5766 ταῦτα
1460 5713 1555 5765 καὶ
1590 5712 1665 5783 τῷ
1697 5712 1839 5783 ἁγίῳ

261 5803 543 5871 Ιινεῦματι
574 5806 726 5874 παρὰ
755 5808 854 5875 τῆς
890 5806 1115 5876 Γραφῆς
1148 5804 1541 5875 ὲφαρμόζεται.
1590 5805 1690 5857 Διὰ
1715 5804 1839 5857 τοῦ-

258 5914 367 5949 των
390 5891 485 5949 οὖν
516 5897 1028 5965 καταλαμϐάνομεν,
1077 5898 1157 5952 ὅτι,
1206 5897 1316 5951 ἄνω
1340 5900 1436 5967 τῆς
1462 5895 1688 5959 κτῖσεώς
1722 5898 1835 5949 ἐστι

1944 4694 2144 4764 quibus
2170 4696 2515 4764 perspicuum
2543 4694 2623 4757 ίὶι,
2656 4695 2840 4747 omnia
2900 4694 3153 4749 sublimia
3226 4695 3519 4766 divinaque

1942 4786 2182 4851 nomina,
2223 4801 2341 4855 qum
2399 4786 2541 4839 Patri
2588 4786 2832 4854 [ﬁlioque
2869 4786 3207 4851 tribuuntur,
3247 4789 3312 4837 ad
3345 4784 3519 4855 Spiri-

1946 4886 2059 4931 tum
2091 4887 2339 4930 sanctum
2369 4879 2532 4931 etiam
2563 4878 2860 4945 pertinere,
2899 4875 3198 4943 cnjusmodi
3239 4888 3367 4930 sunt
3421 4878 3522 4932 im—

1944 4970 2271 5035 mortalitas,
2297 4970 2599 5033 beatitudo,
2633 4970 2872 5036 bonitas,
2907 4970 3195 5038 sapientia,
3256 4973 3525 5041 potentia,

1941 5061 2179 5131 justitia,
2216 5062 2502 5121 sanctitas,
2527 5062 2789 5131 quidquid
2827 5063 3063 5131 denique
3099 5062 3416 5130 przcclarnm
3452 5064 3519 5116 de

1940 5154 2104 5208 Patre
2133 5162 2188 5207 ct
2220 5151 2355 5207 Filio
2377 5153 2600 5217 dicitur,
2650 5155 2702 5208 id
2755 5154 2884 5207 item
2948 5155 3012 5206 de
3061 5153 3262 5221 Spiritu
3306 5165 3515 5215 sancto,

1940 5245 2186 5315 exceptis
2214 5245 2281 5301 iis
2306 5246 2505 5315 quibus
2530 5261 2659 5301 vere
2716 5255 2777 5300 et
2811 5247 2929 5300 sine
2960 5247 3285 5300 confusione
3324 5249 3519 5302 distiu-

1943 5347 2190 5408 guuntur
2216 5342 2347 5407 ipsa:
2378 5351 2645 5407 personat.
2703 5336 2947 5407 Exempli
2993 5340 3191 5405 gratia,
3225 5352 3323 5392 nec
3357 5338 3517 5391 Pater

1942 5434 2160 5493 dicitur.
2197 5446 2298 5486 nec
2326 5431 2520 5486 Filius.
2572 5431 2799 5500 Reliqua
2838 5445 2965 5483 vero
3020 5431 3264 5493 nomina,
3319 5430 3539 5499 quibus

1942 5524 2102 5578 Pater
2156 5523 2431 5593 Filiusque
2480 5534 2766 5586 vocantur,
2799 5540 2825 5575 a
2853 5522 3137 5589 Scriptura
3164 5523 3229 5573 in
3253 5521 3511 5589 Spirittun

1941 5626 2193 5671 sanctum
2214 5618 2373 5670 etiam
2402 5616 2775 5669 conferuntur.
2811 5615 2884 5668 Es
2921 5614 3002 5667 his
3031 5613 3508 5683 crgocolligimus,

1943 5709 2205 5780 Spiritum
2270 5716 2518 5762 sanctqu
2556 5706 2720 5760 rebus
2746 5706 2944 5759 creatis
3000 5718 3122 5758 esse
3162 5705 3507 5773 praestantio-

1944 5819 2082 5857 rem.
2126 5798 2471 5870 Quapropter
2497 5798 2585 5852 ubi
2612 5796 2773 5852 Pater
2819 5805 2874 5851 et
2929 5795 3101 5851 Filius
3166 5794 3499 5866 intelligitur.

1944 5896 2051 5951 illic
2075 5895 2240 5949 etiam
2275 5893 2594 5964 intelligitur
2647 5891 2883 5961 Spiritus
2924 5900 3165 5948 sanctus.
3213 5890 3383 5946 Porro
3426 5905 3480 5943 re
