3968 6620
229 439 374 502 853

328 556 454 612 Τοῦ
499 557 688 612 αὐτοῦ
731 559 802 614 ἐκ
844 561 1133 638 το-ῦῂαερι
1177 568 1534 638 προσευχῆς
1569 568 1774 637 τρίτου
1870 562 1922 620 Α

938 635 1148 701 λόγου.

333 740 409 794 '0
438 742 538 811 μὲν
566 744 961 817 εὐαγγελιστὴς
988 738 1290 818 Ματθαῖος,
1333 754 1586 809 Ἑλθέτω
1604 756 1642 822 ἡ
1661 755 1844 819 ,βασι-

226 827 402 882 ,Τειά
421 845 559 894 σου,
588 832 753 902 φησίν
789 849 803 866 ⁸
837 837 866 889 ὀ
893 836 948 890 δὲ
983 838 1200 903 Λουκᾶς
1231 843 1352 896 ἀντὶ
1376 845 1524 912 τοῦ,ι
1549 845 1778 899 Ἐλθέτω
1807 848 1840 916 ἡ

230 917 514 1010 βασιλεία
537 941 657 992 σου,
683 945 702 978 ι
723 926 971 984 Ἐλθέτω
1004 931 1072 986 τὸ
1105 932 1279 1005 ἅγιαι(
1306 951 1424 992 σου
1469 939 1717 1007 Πνεῦμα
1745 939 1839 1010 ἐφ’

227 1009 442 1080 ὑμᾶς,
488 1017 588 1070 καὶ
640 1023 1018 1090 καθαρισάτω
1065 1025 1242 1095 ἡμᾶς,
1276 1031 1487 1102 εἰρηκε.
1541 1032 1604 1084 Τε
1652 1009 1839 1102 ἐροῦσι

230 1103 402 1170 πρὸς
427 1107 601 1162 ταῦτα
625 1111 674 1163 οἱ
699 1111 1209 1186 θρασυστομοῦντες
1234 1121 1378 1175 κατὰ
1400 1122 1496 1176 τοῦ
1521 1124 1840 1195 Πνεύματος

226 1194 346 1246 τοῦ
383 1197 583 1267 ἁγίους
613 1202 749 1274 Ποία
790 1205 1001 1279 διανοίᾳ
1037 1210 1098 1263 τὸ
1125 1214 1225 1282 τῆς
1263 1213 1537 1284 βασιλείας
1573 1194 1703 1285 ὕψος
1758 1221 1837 1282 εἰς

228 1291 627 1360 ταπεινότητα
659 1295 904 1362 δουλείας
933 1305 1440 1373 μετασκευάζουσι;
1481 1309 1737 1363 Βασιλεία
1777 1312 1839 1365 τὸ

233 1380 488 1474 Πνεῦμα
515 1386 576 1440 τὸ
619 1387 778 1455 ἅγιόν
821 1393 994 1460 ἐστιν,
1027 1396 1103 1460 ὠς
1139 1400 1169 1451 ὁ
1197 1400 1592 1474 εὐαγγελιστὴς
1621 1405 1838 1468 Λουκᾶς

235 1471 356 1543 βοᾷ
419 1476 742 1550 διαρρήδην.
782 1483 846 1538 Ἠ
888 1485 945 1540 δὲ
995 1487 1246 1558 βασιλεία
1285 1471 1560 1563 βασιλεύει
1591 1501 1834 1560 πάντως,

231 1564 304 1614 οὗ
348 1565 733 1658 βασιλεύεται.
781 1576 843 1628 El
878 1573 971 1631 οὖν
1005 1580 1282 1650 βασιλεύει
1329 1586 1390 1638 τὸ
1425 1585 1689 1658 Πνεῦμα,
1719 1589 1837 1652 πῶς

233 1658 311 1720 τῇ
337 1657 678 1736 δουλευούσῃ
701 1665 860 1732 φύσει
881 1670 976 1723 τοῦ
1001 1689 1063 1726 το
1087 1675 1515 1748 συναριθμοῦσιν
1537 1682 1586 1735 oi
1615 1680 1842 1748 ματαιό-

235 1767 492 1818 φρονεςῖ

722 1851 815 1906 Ἐκ
844 1855 949 1909 τοῦ
979 1859 1168 1914 αὐτοῦ
1195 1862 1404 1931 λόγου.

333 1955 598 2012 Ἐλθέτω
629 1964 693 2016 τὸ
721 1965 897 2034 ἅγιόν
925 1983 1043 2024 σου
1091 1974 1333 2044 Πνεῦμα
1381 1977 1474 2046 ἐφ’
1510 1978 1690 2048 ἡμᾶς,
1736 1980 1834 2036 καὶ

237 2051 641 2117 ναθαρισάτω
666 2058 842 2126 ἡμᾶς,
875 2065 1045 2130 φησὶν
1075 2067 1102 2118 ὁ
1132 2067 1366 2132 Λουκᾶς.
1398 2070 1462 2125 Ei
1491 2071 1584 2126 οὖν
1612 2074 1672 2128 τὸ
1729 2076 1838 2144 ἀφ-

241 2145 402 2196 ιέναι
425 2147 702 2216 ἁμαρτίας
731 2157 896 2223 μόνου
930 2158 1022 2211 τοῦ
1058 2159 1198 2215 Θεοῦ
1229 2163 1402 2230 ἐστιν,
1445 2166 1522 2230 ῶς
1555 2169 1652 2222 καὶ
1680 2172 1833 2224 αὐτοὶ

239 2234 452 2331 ελεγον
477 2240 526 2331 οξ
552 2239 776 2298 ἄπιστοι
818 2246 1061 2302 Ἰουδαῖοι
1087 2290 1102 2314 ,
1155 2253 1183 2303 ὁ
1209 2253 1307 2322 τὴν
1335 2254 1567 2327 δύναμιν
1595 2263 1698 2328 τῆς
1726 2261 1835 2331 ἀφ’

239 2328 432 2423 (seu);
453 2329 564 2384 τῶν
599 2333 886 2405 ἁμαρτιῶν
928 2341 1006 2408 τῷ
1038 2342 1181 2413 ἁγίῳ
1218 2344 1499 2416 Πνεύματι
1543 2328 1837 2423 προσμαρ-

239 2421 503 2490 τυρήσας
541 2429 992 2501 συνεμαρτύρησε
1021 2435 1239 2499 πάντως
1274 2437 1424 2509 αὐτῷ
1453 2441 1546 2494 καὶ
1588 2443 1687 2512 τὴν
1715 2421 1834 2500 Θεο-

236 2527 420 2579 τητα.
459 2515 619 2570 Ἀλλὰ
651 2519 760 2588 μὴν
783 2521 916 2575 αὐτὸ
955 2524 1114 2579 τοῦτο
1131 2528 1227 2581 καὶ
1245 2529 1325 2600 τῷ
1351 2533 1650 2598 Μονογενεῖ
1665 2555 1836 2604 προσ-

247 2608 536 2676 μαρτυρεῖ
557 2608 585 2660 ὁ
613 2609 952 2678 ’Δπόστολος.
978 2618 1366 2690 Καθαρισμὸν
1383 2625 1512 2693 γὰρ,
1540 2627 1696 2695 φησὶ,
1713 2629 1836 2683 τῶν

239 2696 556 2764 ἁμαρτιῶν
595 2701 766 2769 ἡμῶν
798 2707 1232 2777 ποιησάμενος,
1263 2713 1634 2772 ἐκάθισεν-ἐν
1664 2719 1832 2787 δεξιᾷ

243 2789 370 2881 τῆς,
388 2796 830 2864 μεγαλωσύνης
845 2799 952 2852 τοῦ
966 2803 1219 2870 Πατρός.
1239 2805 1451 2860 Οὐκοῦν
1477 2807 1536 2862 ἓν
1555 2811 1836 2881 ἑκατέρων

240 2883 310 2929 τὸ
347 2880 538 2948 ἔργον,
579 2883 677 2936 τοῦ
709 2903 771 2939 τε
798 2887 1192 2960 καθαρίζοντος
1217 2895 1319 2959 τὰς
1351 2897 1628 2968 ἁμαρτίας
1664 2880 1836 2954 Πνεῦ-

248 2989 472 3066 ματοςέ
498 2977 591 3028 καὶ
625 2977 721 3030 τοῦ
765 2981 856 3032 τὸν
895 2982 1245 3055 καθαρισμὸν
1290 2991 1655 3063 πεποιηκότος
1700 2995 1841 3066 Χρι-

245 3065 411 3120 στοῦ.
445 3062 544 3120 Ὧν
569 3070 680 3142 δὲή
717 3073 966 3143 ἐνέργεια
1001 3079 1096 3147 μία
1119 3121 1134 3145 ,
1165 3081 1372 3138 τούτων
1407 3086 1502 3138 καὶ
1533 3087 1566 3157 ὴ
1602 3062 1832 3158 δύναμις

247 3161 478 3224 πάντως
506 3165 538 3230 ἡ
570 3165 734 3235 αὐτή.
760 3169 916 3224 Πᾶσα
944 3173 1054 3240 γὰρ
1083 3176 1340 3246 ἐνέργεια
1367 3178 1655 3249 δυνάμεώς
1679 3185 1834 3237 ἐστιν

1230 454 1607 517 PANOPLIA
1637 451 2096 516 DOGMATICA.
2137 479 2205 487 -
2243 456 2391 520 TIT.
2427 457 2564 519 XII.

3416 451 3523 520 85l-

2123 562 2373 631 Ejusdem
2401 581 2466 620 ea:
2495 564 2736 622 oratione
2755 566 2910 621 tertia
2934 566 3000 621 de
3027 566 3346 636 precatione.

2017 745 2300 809 Adveniet,
2361 743 2650 801 Matthaaus
2724 745 3002 815 inquit",
3072 760 3287 812 regnum
3351 755 3523 798 luunt.
3593 806 3596 808 η

1944 838 2183 904 Quorum
2214 838 2501 893 verborum
2535 837 2674 894 loco:
2695 837 2975 902 Adveniat,
2996 837 3379 907 inquitLucas.
3404 835 3527 903 Spi-

1944 928 2079 982 ritus
2123 938 2336 982 sanctus
2373 937 2492 982 tuus
2519 928 2575 981 in
2605 943 2719 1004 nos,
2757 935 2806 982 et
2837 943 2930 982 nos
2969 937 3240 996 expurget.
3281 925 3421 992 Quid
3456 925 3524 980 ad

1942 1019 2058 1076 haec
2079 1018 2487 1090 reSpondebunt
2511 1019 2604 1087 qui
2645 1031 2740 1074 ore
2772 1018 3066 1089 impudenti
3104 1025 3305 1073 audent
3347 1017 3524 1086 Spiri-

1944 1125 2056 1169 tum
2081 1125 2328 1170 sanctum
2362 1115 2715 1185 impugnare?
2742 1115 2856 1182 Qua
2933 1123 3118 1168 mente
3145 1113 3295 1182 regni
3355 1110 3523 1166 subli-

1943 1207 2184 1262 mitatem
2214 1207 2267 1261 in
2300 1206 2581 1263 servitutis
2623 1205 2952 1261 transfereut
2984 1201 3389 1259 humilitatem?
3417 1202 3524 1256 Re-

1942 1314 2105 1368 gnum
2145 1307 2252 1362 est,
2287 1308 2348 1353 ut
2380 1296 2556 1353 Lucas
2612 1306 2801 1368 aperte
2837 1297 3053 1363 clamat,
3107 1295 3343 1366 Spiritus
3396 1309 3522 1348 san-

1940 1403 2082 1458 ctus,
2107 1394 2248 1463 quod
2266 1393 2482 1461 quidem
2508 1406 2730 1461 regnum
2755 1391 3010 1446 omnibus
3027 1389 3279 1457 imperat,
3302 1400 3409 1440 non
3425 1400 3524 1437 au-

1942 1498 2049 1540 tem
2084 1486 2312 1554 imperio
2337 1485 2636 1552 subjectum
2657 1495 2760 1540 est.
2791 1483 2942 1550 Quod
2979 1483 3025 1540 si
3068 1480 3310 1552 Spiritus
3345 1479 3523 1544 impu-

1940 1586 2044 1642 rat,
2072 1579 2345 1646 quomodo
2369 1577 2520 1632 illum
2547 1579 2829 1633 dementes
2860 1576 2952 1632 isti
2999 1590 3120 1630 cum
3152 1581 3348 1628 natura
3402 1583 3520 1625 ser-

1939 1672 2120 1726 viente
2175 1681 2567 1727 connmnerant
2598 1673 2624 1727 Ἰ

2377 1851 2461 1906 Ea:
2489 1852 2671 1906 eadem
2730 1853 2992 1907 oratione.

2021 1969 2298 2030 Adveniet,
2323 1968 2500 2038 inquit
2533 1967 2729 2034 Lucas,
2761 1968 2998 2038 Spiritus
3045 1979 3261 2024 sanctus
3309 1981 3433 2024 tuus
3463 1971 3540 2022 in...

1945 2079 2061 2127 nos,
2084 2071 2134 2116 et
2164 2078 2259 2115 nos
2292 2061 2556 2117 emundet.
2591 2061 2747 2129 Quod
2788 2063 2837 2116 si
2875 2063 3044 2117 solius
3089 2071 3173 2118 est
3210 2062 3305 2117 Dei
3329 2077 3522 2132 pet-ca-

1946 2164 1996 2208 ta
2021 2156 2317 2221 dimittere,
2372 2155 2425 2210 id
2451 2155 2595 2223 quod
2626 2154 2726 2224 ipsi
2759 2168 2976 2224 quoque
3024 2155 3194 2209 Judaei
3255 2155 3520 2209 increduli

1944 2249 2216 2315 dixerunt,
2254 2248 2346 2318 qui
2377 2247 2688 2302 testimonio
2725 2262 2824 2302 suo
2852 2246 3038 2302 tribuit
3077 2245 3302 2316 Spiritui
3333 2255 3541 2300 sancto-

1943 2340 2253 2395 remittendi
2286 2349 2502 2410 peccata
2537 2338 2870 2404 facultatem,
2922 2338 2971 2393 is
3003 2339 3180 2394 eidem
3215 2339 3380 2391 etiam
3439 2337 3522 2388 di~

1943 2431 2222 2486 vinitatem
2254 2431 2526 2485 attribuit.
2555 2428 2717 2498 Atqui
2752 2429 3000 2483 eamdem
3026 2427 3334 2482 facultatem
3367 2427 3512 2494 Apo-

1943 2524 2114 2580 stolus
2136 2523 2326 2579 tribuit
2350 2523 2657 2594 Unigenito:
2692 2519 3086 2591 Purgationem,
3108 2519 3379 2588 inquiens,
3402 2535 3522 2588 pec-

1941 2629 2176 2674 catorum
2207 2628 2499 2673 nostrorum
2533 2617 2735 2687 faciens
2759 2615 2892 2670 sedit
2920 2616 2975 2668 in
3000 2615 3213 2667 dextera
3252 2611 3524 2680 ninguitu-

1942 2714 2080 2767 dinis
2157 2711 2249 2766 Dei
2271 2714 2314 2767 '.
2342 2710 2522 2766 Unum
2571 2711 2734 2780 igitur
2771 2718 2849 2763 est
2904 2721 3040 2778 opus
3072 2707 3374 2774 utriusque,
3407 2714 3518 2759 tum

1941 2805 2178 2874 Spiritus
2200 2815 2420 2872 peccata
2453 2801 2828 2874 expurgantis,
2863 2809 2976 2854 tum
3005 2797 3206 2855 Christi
3235 2796 3485 2866 purgatio
3505 2826 3519 2837 -

1942 2913 2065 2953 nem
2095 2896 2363 2952 facientis.
2397 2894 2637 2962 Quorum
2670 2902 2849 2947 autem
2878 2907 2985 2946 una
3018 2899 3101 2945 est
3129 2877 3295 2954 actio,
3329 2903 3520 2944 eorum

1939 2998 1996 3044 et
2025 2989 2105 3044 vis
2132 2989 2319 3043 eadem
2352 2986 2594 3040 omnino.
2619 2982 2810 3038 Omnis
2853 2983 2999 3036 enim
3051 2982 3196 3037 actio
3251 2979 3526 3034 facultatis

1939 3080 2199 3150 perfectio
2233 3087 2336 3135 est.
2368 3077 2731 3145 Quamobrem
2767 3075 2813 3131 si
2834 3076 2980 3130 actio
3041 3084 3097 3128 et
3153 3073 3233 3129 vis
3280 3081 3364 3128 est
3423 3087 3518 3128 ea-

1941 3178 2084 3242 dem,
2126 3172 2398 3242 quomodo
2414 3181 2620 3224 natura:
2651 3167 2943 3223 diversitas
2977 3165 3199 3236 intelligi
3227 3171 3410 3234 potest
3462 3163 3516 3217 in

246 3255 629 3326 ἀποτέλεσμα.
660 3261 724 3313 El
748 3257 841 3315 οὖν
871 3265 964 3317 καὶ
1010 3267 1285 3337 ἐνέργεια,
1318 3271 1414 3324 καὶ
1441 3272 1670 3343 δύναμις
1710 3277 1831 3346 μία,

1958 3268 2066 3332 llis,
2103 3267 2158 3321 in
2199 3265 2396 3334 quibus
2415 3262 2618 3317 nullum
2651 3259 2925 3316 facultatis
3003 3257 3349 3319 actionisque
3407 3255 3522 3312 dis-

248 3346 376 3410 πῶς
408 3349 554 3402 ἔστιν
605 3353 901 3424 ἑτερότητα
939 3358 1156 3427 φύσεως
1199 3365 1432 3433 νοῆσαι,
1478 3366 1537 3419 ἐν
1575 3361 1658 3429 οἷς
1692 3369 1842 3422 οὐδε-

254 3439 392 3532 μίαν
426 3443 566 3495 κατὰ
593 3443 691 3516 τὴν
719 3445 948 3517 δύναμίν
1001 3468 1062 3503 τε
1122 3454 1218 3505 καὶ
1261 3454 1546 3524 ἐνέργειαν
1573 3457 1840 3532 διαφορὰν

253 3530 690 3604 ὲξευρίσκομενς

709 3631 808 3684 Ἐκ
835 3632 942 3687 τοῦ
970 3636 1160 3692 αὐτοῦ
1186 3639 1400 3708 λόγου.

329 3714 410 3768 Τὸ
459 3716 558 3784 μὲν
598 3717 754 3786 ἅγιον
807 3721 1034 3791 Πνεῦμα
1072 3725 1133 3777 τὸ
1179 3727 1244 3779 ὲκ
1301 3728 1397 3781 τοῦ
1449 3730 1586 3783 Θεοῦ
1632 3733 1695 3785 ὃν
1746 3735 1842 3786 καὶ

254 3805 501 3871 Χριστοῦ
530 3808 754 3878 Πνεῦμα
792 3810 910 3864 ἔστι
955 3816 1050 3866 καὶ
1093 3814 1337 3884 λέγεται,
1366 3821 1394 3873 ὀ
1419 3819 1478 3873 de
1507 3821 1636 3885 Υἱὸς
1660 3823 1725 3876 ὲκ
1745 3825 1838 3876 τοῦ

253 3896 398 3948 Θεοῦ
449 3895 546 3962 ὢν,
594 3900 779 3953 οὐκέτι
814 3903 908 3955 καὶ
945 3903 1040 3956 τοῦ
1102 3907 1427 3978 Πνεύματος
1479 3910 1669 3977 ἐστιν,
1719 3915 1839 3966 οὐδὲ

257 3986 516 4053 λέγεται,
562 3990 683 4044 οὐδὲ
739 3994 1088 4065 ἀντιστρέφει
1122 3999 1154 4067 ή
1195 4000 1420 4070 σχετικὴ
1446 4001 1585 4071 αὕτη
1617 4005 1845 4057 ακολου-

262 4079 389 4144 Θὶα,
431 4081 506 4141 ὣς
550 4082 812 4137 δύνασθαι
839 4086 981 4140 κατὰ
1023 4087 1084 4141 τὸ
1124 4087 1240 4144 ἴσον
1275 4090 1322 4144 δ’
1365 4093 1678 4156 ἀναλύσεως
1718 4097 1843 4148 ἀντ-

261 4171 598 4240 ιστραφῆναι
619 4172 712 4226 τὸν
735 4175 911 4242 λόγον,
938 4179 1033 4231 καὶ
1055 4179 1245 4252 ὥσπερ
1261 4183 1498 4252 Χριστοῦ
1523 4185 1584 4237 τὸ
1617 4185 1842 4254 Πνεῦμα

258 4261 673 4333 λέγομεν,οὖτω
695 4269 900 4322 καὶτοῦ
925 4271 1244 4339 Πνεύματος
1264 4276 1500 4342 Χριστὸν
1525 4280 1843 4347 ὀνομάζειν.

332 4376 450 4430 Τοῦ
481 4379 669 4432 αὐτοῦ
699 4379 768 4434 ὲκ
796 4380 904 4435 τοῦ
933 4383 1068 4450 περὶ
1092 4385 1522 4454 βαπτίσματος
1553 4391 1766 4457 λόγου.

327 4488 728 4556 Βαπτίζο-ντες
743 4493 985 4560 αὐτοὺς,
1014 4514 1084 4566 φη
1095 4499 1166 4562 σι,
1189 4499 1276 4564 sic
1297 4499 1363 4552 τὸ
1390 4499 1577 4569 ὄνομα
1599 4503 1707 4556 τοῦ
1727 4506 1844 4556 Πα-

1945 3363 2148 3418 crimen
2181 3356 2678 3428 deprehendimus?

2409 3626 2495 3680 Ex
2525 3625 2704 3680 eadem
2760 3624 3020 3678 oratione.

2015 3722 2250 3793 Spiritus
2278 3725 2499 3774 sanctus
2537 3725 2592 3770 et
2617 3730 2684 3769 ex
2734 3715 2844 3769 Deo
2893 3721 2998 3778 est,
3035 3719 3094 3766 et
3131 3711 3335 3767 Christi
3398 3709 3526 3780 Spi-

1945 3820 2080 3872 ritus
2106 3824 2190 3871 est
2257 3819 2420 3881 atque
2447 3809 2672 3864 dicitur.
2710 3804 2879 3860 Filius
2902 3815 3086 3860 autem
3111 3819 3237 3859 cum
3299 3821 3369 3860 ex
3413 3806 3528 3859 Deo

1942 3911 2036 3974 sit,
2079 3924 2186 3962 non
2245 3905 2480 3977 Spiritus
2517 3904 2682 3956 etiam
2739 3909 2846 3964 est,
2907 3914 3104 3968 neque
3140 3897 3362 3953 dicitur.
3395 3895 3519 3951 Hn'c

1942 4005 2083 4058 enim
2102 4002 2307 4057 ordinis
2344 3997 2640 4054 seriesnon
2686 3994 2954 4065 sequitur,
3005 4002 3064 4048 ut
3108 4009 3174 4048 ex
3225 4008 3382 4061 azquo
3429 4009 3526 4060 per

1945 4096 2333 4151 resolutionem
2354 4092 2456 4148 sibi
2481 4090 2720 4145 vicissim
2739 4089 2880 4143 ratio
2897 4087 3240 4160 respondeat,
3257 4094 3312 4141 et
3332 4101 3522 4154 quem-

1944 4189 2234 4244 admodum
2288 4183 2488 4240 Christi
2538 4182 2802 4254 Spiritum
2860 4180 3116 4244 dicimus,
3148 4179 3229 4234 sic
3251 4179 3412 4235 etiam
3444 4179 3522 4250 ip-

1945 4283 2059 4338 sius
2092 4279 2331 4349 Spiritus
2365 4275 2643 4330 Christum
2697 4273 3052 4342 appellemus.

2194 4394 2450 4462 Ejusdem
2494 4406 2560 4444 ex
2611 4390 2846 4443 oratione
2869 4390 2934 4443 de
2979 4389 3261 4459 baptismo.

2013 4507 2378 4576 Baptizames,
2409 4501 2602 4569 inquit,
2636 4515 2722 4553 eos
2746 4499 2800 4552 in
2822 4500 3030 4553 nomine
3079 4499 3259 4553 Patris
3288 4510 3335 4553 et
3393 4499 3530 4552 Fit-'5»

254 4581 419 4648 τρὸς,
439 4582 662 4635 καὶτοῦ
692 4583 850 4648 Υιοῦ,
875 4586 975 4638 καὶ
997 4587 1104 4640 τοῦ
1126 4590 1300 4656 ἁγίου
1317 4592 1683 4660 Πνεύματος.
1712 4593 1838 4656 Πῶς

1949 4611 1994 4655 et
2024 4599 2258 4667 Spiritus
2311 4594 2484 4647 sancti
2520 4592 2564 4646 ³.
2600 4589 2712 4645 Cur
2758 4590 2811 4643 in
2845 4591 3065 4645 nomine
3125 4590 3354 4645 Patris?
3384 4592 3530 4658 Quin-

253 4677 332 4736 εἰς
357 4671 420 4725 τὸ
447 4672 617 4742 ὄνομα
639 4673 731 4726 τοῦ
757 4676 1000 4745 Πατρός;
1035 4679 1254 4748 Ἐπειδὴ
1283 4682 1428 4751 ἀρχὴ
1453 4682 1562 4736 τῶν
1592 4684 1835 4739 πάντων.

253 4764 384 4823 Πῶς
439 4766 517 4824 εἰς
580 4764 640 4815 τδ
687 4764 781 4818 τοῦ
840 4766 1007 4832 Υῑοῦς
1071 4769 1293 4842 Ἐπειδὴ
1340 4773 1674 4845 δημιουργὸς
1730 4777 1830 4844 τῆς

255 4856 512 4918 κτίσεως.
559 4855 681 4919 Πῶς
715 4857 793 4918 εἰς
818 4857 877 4910 τὸ
907 4858 1000 4910 τοῦ
1028 4861 1182 4928 ἁγίου
1210 4864 1557 4933 Πνεύματος;
1610 4867 1831 4938 Ἐπειδὴ

257 4947 605 5001 τελειωτικδν
658 4948 766 5002 τῶν
822 4951 1062 5008 πάντων.
1135 4956 1292 5008 Διατί
1345 4959 1442 5020 τὰς
1495 4962 1644 5030 τρεῖς
1701 4962 1835 5014 ὐπο-

262 5040 480 5102 στάσεις
511 5043 1013 5112 κατακερματίζεις
1047 5047 1127 5110 εἰς
1153 5047 1442 5120 διαφόρους
1477 5053 1668 5121 φύσεις
1689 5095 1704 5119 ,
1739 5054 1835 5108 καὶ

258 5129 410 5196 τρετς
441 5129 647 5200 ἐργάζῃ
679 5131 834 5193 θεοὺς
860 5135 1150 5202 ἀνομοίους
1191 5138 1438 5208 ἀλλήλων
1460 5183 1474 5205 ,
1517 5143 1646 5212 μίαν
1680 5143 1832 5213 παρὰ

263 5218 481 5272 πάντων
512 5223 607 5272 καὶ
634 5223 733 5290 τὴν
768 5225 937 5296 αὐτὴν
969 5231 1132 5298 χάριν
1160 5230 1485 5302 δεχόμενο;;

699 5333 798 5386 Ἐκ
833 5335 943 5388 τοῦ
974 5337 1161 5392 αὐτοῦ
1195 5342 1406 5410 λόγου.

329 5422 466 5490 Φησὶ
497 5422 559 5474 τὸ
601 5423 756 5490 ἅγιον
805 5428 1029 5496 Πνεῦμα
1061 5429 1149 5482 διὰ
1185 5432 1280 5485 τοῦ
1328 5435 1529 5488 Δαϐιδο
1563 5439 1834 5508 Σήμερον

261 5511 368 5566 ἐὰν
391 5513 502 5581 τῆς
533 5515 739 5585 φωνῆς
766 5521 953 5575 αὐτοῦ
975 5522 1308 5590 ἀκούσητε,
1335 5527 1423 5595 μὴ
1455 5532 1836 5598 σκληρύνετε

261 5605 367 5669 τὰς
389 5605 633 5673 καρδίας
659 5609 846 5678 ὑμῶν,
871 5613 949 5678 ὡς
975 5615 1045 5668 ἐν
1068 5615 1148 5680 τῷ
1174 5623 1656 5692 παραπικρασμῷ
1683 5624 1835 5678 κατὰ

265 5697 378 5762 τὴν
401 5698 627 5766 ἡμέραν
652 5702 762 5757 τοῦ
781 5708 1116 5777 πειρασμοῦ
1134 5709 1204 5763 ἐν
1232 5709 1306 5779 τῇ
1330 5712 1544 5782 ἐρήμῳ,
1572 5710 1644 5771 οὗ
1669 5715 1833 5770 ἐπεί-

1934 4707 2118 4752 rerum
2151 4699 2232 4744 est
2255 4685 2499 4742 omnium
2536 4682 2881 4754 principium.
2913 4681 3025 4736 Cur
3045 4682 3102 4736 in
3126 4684 3344 4738 nomine
3361 4681 3480 4737 Filii
3501 4689 3523 4736 ’ἲ

1937 4787 2074 4855 Quia
2093 4791 2176 4837 est
2207 4792 2387 4834 rerum
2407 4776 2654 4832 omni-um
2702 4785 3111 4843 procreatarqu
3140 4773 3385 4830 elTector.
3411 4775 3522 4828 (Zur

1934 4883 1991 4938 in
2016 4877 2232 4935 nomine
2251 4871 2490 4942 Spiritus
2517 4869 2692 4925 sancti
2712 4869 2752 4939 ὴ
2773 4868 2910 4934 Quia
2958 4883 3046 4922 res
3067 4867 3276 4938 perﬁcit
3297 4871 3518 4922 univer-

1937 4986 2052 5028 sas.
2088 4966 2229 5034 Quid
2271 4964 2434 5034 igitur
2464 4970 2540 5027 tu,
2575 4977 2697 5016 cum
2734 4975 2899 5015 unam
2948 4961 3018 5015 ab
3061 4961 3314 5015 omnibus
3366 4977 3516 5016 eam-

1911 5065 2173 5130 ‘demque
2211 5057 2438 5127 gratiam
2468 5055 2723 5124 accipias,
2760 5055 2859 5110 has
2882 5063 2993 5109 tres
3022 5071 3284 5124 personas
3315 5057 3367 5110 in
3422 5072 3517 5112 na-

1935 5166 2090 5209 turas
2124 5149 2366 5204 diversas
2398 5143 2611 5210 dividis,
2645 5151 2863 5214 tresque
2923 5145 3065 5199 inter
3127 5159 3186 5199 se
3228 5144 3519 5202 dissimiles

1934 5247 2072 5298 deos
2120 5239 2255 5296 facis
2277 5237 2307 5292 ἲ

2404 5351 2488 5406 Ea:
2523 5351 2709 5406 eadem
2753 5355 3018 5407 oratione.

2005 5446 2245 5516 Spiritus
2284 5455 2506 5500 sanctus
2525 5459 2620 5509 per
2676 5441 2969 5498 Davidem:
3011 5442 3199 5507 Hodie,
3225 5443 3417 5512 inquit,
3473 5445 3519 5498 si

1939 5554 2124 5595 vocem
2144 5537 2257 5606 ejus
2285 5536 2587 5600 audieritis,
2620 5533 2782 5588 nolite
2795 5534 3057 5588 obdurare
3101 5534 3262 5587 corda
3319 5543 3517 5591 uestra.

1941 5633 2075 5686 sicut
2116 5645 2176 5683 ut
2203 5625 2627 5690 exacerbatione,
2656 5623 2948 5678 secundum
3009 5623 3148 5678 diem
3211 5623 3534 5679 tentationis,

1940 5719 1995 5773 in
2019 5721 2255 5782 demrto,
2290 5716 2380 5770 ubi
2409 5723 2732 5770 tentaverunt
2776 5730 2856 5770 me
2894 5724 3070 5784 patres
3093 5715 3245 5770 vestri
3295 5713 3338 5770 ⁸.
3396 5713 3540 5769 ΙΙ.εο-

336 5895 564 5953 ¹Μυιι1ι.
593 5917 662 5966 γι,
688 5903 765 5959 I0.
846 5907 865 5936 ¹
905 5904 1068 5962 lfchr.
1099 5924 1137 5974 t,
1161 5910 1215 5966 5.
1293 5911 1312 5942 ³
1349 5910 1536 5967 Matth.
1561 5929 1754 5980 xxvm,
1794 5917 1839 5971 ιε

1959 5921 1976 5948 ⁵
2011 5918 2161 5973 Pal."
2205 5931 2345 5983 χειν,
2379 5917 2431 5984 8,
2456 5920 2534 5972 9.’
