3968 6556
260 466 364 530 857

1221 481 1595 544 I‘ANOPLIA
1643 487 2103 553 DOGMATICA.
2133 518 2199 533 ’-
2236 496 2383 555 ΤΙΤ.
2434 499 2571 558 XII.

3420 505 3527 568 858

264 582 566 687 :;X?.pt-r(‘rp
598 583 1009 687 τῆς.σήμερον
1039 591 1262 660 ἡμέρας
1292 597 1359 648 τὸ
1380 600 1527 651 αῦτό
1557 600 1826 669 κιίλυμμιι

1940 622 2037 672 que
2068 609 2226 674 diem,
2261 611 2532 678 inquiens,
2562 613 2963 687 ideurttelamen
2992 617 3041 669 in
3065 616 3284 671 lectione
3332 616 3527 672 Veteris

258 674 357 726 ἐπεὶ
388 673 463 740 τῇ
499 675 838 742 ἀναγνώσει
886 678 996 746 τῆς
1030 683 1301 751 Παλαιᾶς
1333 689 1631 757 Aradiian
1671 692 1840 760 μένει

252 784 298 833 μ
312 766 340 829 ὴ
359 767 962 838 ἀνακαλυπτόμενον,
984 773 1072 825 ὅτι
1096 775 1164 827 ἐν
1188 778 1420 843 Χριστῷ
1442 784 1838 851 καταργεῖται,

273 859 434 911 Ἀλλ’
455 859 566 923 ἕως
592 863 861 930 σήμερον
888 864 1071 930 ἡνίκα
1098 868 1174 921 ἂν
1195 871 1679 942 ἀναγινώσκηται
1716 876 1842 929 Μω-

259 950 402 1016 σῆς,
460 951 744 1020 κάλυμμα
795 955 892 1007 ἐπὶ
934 958 1049 1023 τὴν
1086 962 1343 1028 καρδίαν
1389 966 1589 1020 αὐτῶν
1633 969 1839 1023 κεῖται.

272 1037 479 1091 ἸΙνίκα
503 1041 555 1092 δ’
583 1040 659 1094 ἂν
687 1044 1025 1116 ἐπιστρέψῃ
1066 1052 1214 1119 πρὸς
1256 1056 1493 1122 Κύριον,
1529 1060 1840 1128 περιαιρεῖ-

380 1129 445 1181 τὸ
480 1131 785 1201 κάλυμμα.
828 1136 888 1188 '0
916 1138 984 1190 δὲ
1026 1143 1240 1209 Κύριος
1268 1147 1331 1198 τὸ
1380 1149 1621 1218 Πνεῦμα
1646 1150 1837 1205 ἐστιν.

260 1217 342 1276 Οὗ
374 1220 442 1274 δὲ
489 1223 554 1276 τὸ
611 1226 853 1295 Πνεῦμα
903 1234 1147 1300 Κυρίου,
1188 1236 1320 1289 ἐκεῖ
1363 1217 1692 1308 ἐλευθερία.
1733 1244 1840 1296 Καὶ

254 1313 423 1365 πάλιν
447 1354 463 1378 ,
520 1313 721 1382 Ἠμεῖς
762 1317 829 1371 δὲ
856 1320 1080 1389 πάντες
1112 1325 1670 1399 ἀνακεκαλυμμένῳ
1700 1347 1841 1399 προ-

254 1407 438 1459 σώ.τω
482 1407 599 1474 τὴν
637 1408 828 1473 δόξαν
884 1416 1107 1481 Κυρίου
1159 1422 1682 1489 κατοπτριζόμενοι
1727 1425 1841 1490 τὴν

254 1496 454 1566 αὐτὴν
482 1500 683 1555 εἰκόιά
708 1507 1247 1574 μεταμορφούμεθα
1272 1511 1390 1564 ἀπὸ
1418 1513 1604 1581 δόξης
1627 1517 1714 1582 εἱς
1743 1516 1841 1571 δός

255 1590 397 1657 ξαν,
436 1592 704 1661 καθάπερ
743 1594 861 1648 ἀπὸ
894 1598 1115 1665 Κυρίου
1157 1604 1526 1672 Πνεύματος.

812 1687 912 1742 Ἐκ
939 1689 1052 1759 τῆς
1092 1690 1301 1760 αὐτῆς.

336 1776 402 1827 Ὀ
434 1775 642 1838 Παῦλος
676 1778 1009 1833 ἐπιστέλλων
1066 1784 1194 1853 περὶ
1246 1785 1413 1838 αὑτοῦ
1444 1804 1609 1858 φησιν
1646 1789 1704 1843 ἐν
1732 1805 1835 1860 αρ-

251 1868 321 1939 χῇ
365 1870 465 1937 τῆς
514 1870 856 1940 Ἐπιστολῆςο
920 1873 1164 1941 Παῦλος
1217 1878 1564 1947 ἀπόστολος
1632 1882 1837 1949 Ἰησοῦ

248 1961 535 2026 Χριστοῦ.
606 1963 742 2017 Ἰδοὺ
815 1966 1001 2033 σαφῶς
1046 1968 1236 2022 ἐνθάδε
1289 1972 1350 2025 τὸ
1392 1973 1492 2043 τῆς
1531 1973 1836 2044 ἀποστολῆς

251 2055 433 2122 ὄνομα
496 2055 590 2109 καὶ
645 2059 880 2128 πρᾶγμα
928 2061 1080 2131 παρὰ
1134 2062 1396 2133 Χριστοῦ,
1451 2069 1545 2120 καὶ
1579 2068 1648 2122 δι’
1702 2068 1835 2122 Υίοῦ

252 2147 655 2217 διισλυρίζεται
705 2150 1028 2221 λαμϐάνειν.
1064 2153 1150 2207 Ἐν
1175 2156 1230 2209 δὲ
1282 2160 1404 2221 ταῖς
1460 2160 1696 2228 Πράξεσι
1727 2162 1837 2215 τῶν

249 2239 428 2306 ἁγίων
458 2240 777 2293 ἀποστόλων
804 2246 1117 2312 γέγραπταί
1152 2263 1204 2299 τι
1246 2249 1486 2303 τοιοῦτον
1505 2266 1521 2283 ⁶
1553 2257 1833 2323 Λειτουρ-

248 2329 523 2396 γούντων
550 2327 620 2382 δὲ
646 2330 846 2385 αὐτῶν
888 2333 965 2398 τῷ
992 2337 1206 2403 Κυρίῳ,
1244 2340 1341 2392 καί
1385 2346 1832 2411 νηστευόντων,

246 2416 385 2473 εἶπε
416 2420 483 2473 τὸ
508 2421 754 2491 Πνεῦμα
788 2425 851 2476 τὸ
883 2424 1079 2494 ἅγιον
1122 2430 1469 2498 Ἀφορίσατε
1495 2435 1570 2504 δή
1595 2454 1698 2504 μοι
1725 2439 1834 2491 τὸν

246 2516 521 2579 Παῦλον,
547 2518 645 2570 καὶ
674 2518 781 2571 τὸν
809 2518 1129 2587 Βαρναόαν
1156 2528 1242 2591 εἱς
1273 2526 1339 2579 τὸ
1361 2526 1561 2596 ἔργον,
1590 2531 1621 2583 ὃ
1648 2546 1831 2600 προσ-

246 2605 548 2672 κέκλημαι
579 2607 824 2672 αὺτούς.
864 2609 925 2660 El
958 2611 1141 2665 τοίνυν
1180 2615 1515 2685 κεκληκότος
1545 2619 1713 2673 αὑτὸν
1749 2626 1830 2686 εἰς

246 2698 562 2768 ἀποστολὴν
616 2698 711 2753 τοῦ
777 2701 1095 2773 Πνεύματος
1148 2710 1302 2777 παρὰ
1354 2709 1528 2779 Ἰησοῦ
1590 2713 1831 2783 Χριστοῦ

245 2791 555 2861 κεκλῆσθαί
581 2809 738 2861 φησι,
775 2794 1016 2849 δείκνυσι
1062 2798 1251 2864 σαφῶς
1283 2801 1383 2853 οὐκ
1424 2802 1707 2876 ἀλλότριον
1730 2807 1830 2877 τῆς

242 2884 437 2945 οὐσίας
465 2883 559 2936 τοῦ
591 2883 720 2937 Υῑοῦ
752 2886 812 2938 τὸ
841 2888 1067 2957 Πνεῦμα
1101 2890 1162 2943 τὸ
1194 2890 1371 2959 ἅγιον.

813 2977 907 3031 Ἐκ
941 2979 1048 3046 τῆς
1071 2981 1281 3050 αὐτῆς.

318 3066 425 3132 Τίς
450 3069 558 3138 γάρ
601 3066 769 3124 οἶδεν
801 3071 1128 3140 ἀνθρώπων
1156 3079 1209 3129 εὶ
1230 3077 1318 3145 μὴ
1350 3078 1417 3131 τὸ
1449 3083 1684 3153 πνεῦμα
1724 3087 1828 3141 τοῦ

240 3161 562 3230 ἀνθρώπου
588 3165 653 3218 τὸ
692 3166 764 3218 ἐν
792 3164 985 3230 usus;
1005 3166 1166 3221 Οὕτω
1195 3170 1293 3223 καί
1322 3172 1393 3225 τὰ
1419 3174 1526 3228 τοῦ
1550 3176 1699 3230 Θεοῦ
1724 3181 1825 3233 οὺ-

238 3251 374 3317 6είς
396 3252 663 3320 ἔγνωκεν
680 3257 731 3307 ει
752 3255 837 3323 μὴ
862 3256 926 3308 τὸ
946 3256 1190 3326 Πνεῦμα
1209 3259 1314 3314 τοῦ
1339 3264 1509 3318 Θεοῦ.
1526 3265 1699 3334 Ἡμῖν
1718 3269 1825 3338 γὰρ
1857 3280 1898 3338 c

240 3342 652 3411 ἀπεκάλυψεν
674 3346 709 3399 ό
733 3346 875 3412 Θεὸς
896 3346 993 3400 διὰ
1020 3348 1127 3403 τοῦ
1153 3352 1502 3420 Πνεύματος
1525 3360 1732 3414 αὑτοῦ.
1758 3362 1830 3415 Τὸ

240 3436 354 3503 γὰρ
378 3435 623 3504 Πνεῦμα
645 3437 841 3493 πάντα
865 3439 1103 3509 ἐρευνᾷ,
1130 3442 1229 3495 καὶ
1251 3443 1324 3496 τὰ
1341 3445 1503 3515 βάθη
1528 3450 1633 3504 τοῦ
1657 3453 1828 3507 Θεοῦ.

240 3529 303 3578 Ei
355 3528 421 3580 τὸ
473 3528 692 3598 πνεῦμα
720 3530 817 3584 τοῦ
876 3533 1168 3601 ἀνθρώπου
1199 3535 1299 3589 οὐκ
1342 3536 1400 3601 ἐξ
1431 3538 1829 3611 ἀποκαλύψεως

236 3638 390 3683 τινος
419 3619 561 3674 οἶδεν
588 3623 782 3693 ἐτέρου
804 3624 873 3676 τὰ
901 3625 960 3678 ὲν
980 3625 1152 3697 αὐτῷ,
1182 3626 1298 3681 ἀλλ’
1323 3627 1400 3693 ὡς
1421 3633 1673 3699 φυσικῶς
1732 3639 1829 3691 καὶ

238 3714 452 3783 κυρίως
468 3714 717 3785 ὑπάρχον
738 3716 908 3786 αὐτῷ,
926 3717 1023 3769 καὶ
1039 3717 1100 3770 τὸ
1134 3719 1359 3790 Πνεῦμα
1384 3723 1481 3775 τοῦ
1514 3725 1649 3778 Θεοῦ
1685 3727 1827 3782 οὕτω

238 3803 430 3855 πάντα
485 3804 705 3875 ἑρευνᾷ,
764 3807 860 3858 καὶ
928 3807 1189 3874 γινώσκει
1238 3811 1334 3864 καὶ
1401 3814 1470 3866 τὰ
1527 3815 1668 3887 βάθη
1730 3818 1825 3873 τοῦ

235 3895 380 3950 Θεοῦ
407 3912 423 3927 °
485 3897 594 3966 ἄρα
644 3898 703 3952 ὲν
733 3898 850 3970 Θεῷ
874 3900 969 3953 καὶ
998 3900 1175 3971 Πατρὶ
1208 3902 1267 3954 τὸ
1298 3904 1520 3976 Πνεῦμα
1543 3909 1602 3961 τὸ
1646 3912 1823 3979 ἅγιον,

238 3993 335 4043 καὶ
369 3989 473 4058 τῆς
504 3990 720 4058 φύσεως
744 3990 847 4060 τῆς
885 3990 1040 4055 Θείας
1091 3992 1272 4060 ἔσται,
1303 3995 1558 4069 καθάπερ
1593 4001 1685 4055 καὶ
1722 4004 1824 4072 τῆς

234 4084 332 4137 τοῦ
368 4081 661 4155 ἀνθρώπου
684 4083 745 4136 τὸ
772 4083 1140 4154 ἀνθρώπινον.

790 4179 891 4231 Ἐκ
933 4178 1040 4247 τῆς
1079 4180 1287 4248 αὐτῆς.

315 4268 421 4321 Ἐκ
454 4267 592 4321 Θεοῦ
617 4267 678 4321 τὸ
730 4269 963 4339 Πνεῦμα
1007 4271 1067 4323 τδ
1101 4272 1261 4339 ἅγιον
1289 4268 1431 4327 εἷναί
1485 4294 1691 4347 φαμεν,
1723 4281 1821 4334 καὶ

233 4362 386 4416 οὕτω
425 4359 896 4429 πεπιστεύκαμεν.
942 4360 1085 4415 Ἀλλ’
1117 4364 1166 4415 οἱ
1225 4365 1361 4433 πρὸς
1397 4366 1559 4435 μόνον
1588 4369 1649 4422 τὸ
1691 4372 1818 4423 δύσ-

235 4470 426 4525 φημον
483 4451 825 4520 ἑτοιμότατοι
890 4451 982 4504 καὶ
1037 4452 1107 4505 τὰ
1172 4453 1310 4507 ἄλλα
1363 4457 1543 4510 πάντα
1584 4460 1650 4512 ἐκ
1680 4460 1816 4514 Θεοῦ

233 4543 497 4611 γενέσθαι
538 4543 694 4610 φασὶ,
731 4540 828 4593 τοῦ
866 4541 1085 4593 Παύλου
1141 4543 1451 4611 γράφοντος
1482 4561 1497 4577 ·
1527 4542 1634 4613 Εἷς
1674 4550 1817 4615 Θεὸς

233 4636 267 4685 ό
304 4628 535 4697 Πατὴρ,
572 4629 643 4693 ἐξ
668 4623 739 4683 οὗ
776 4628 848 4681 τὰ
892 4627 1110 4685 πάντα.
1148 4610 1283 4683 Είτα
1312 4610 1631 4703 νομίζουσιν
1680 4610 1815 4693 ἅναξ
1847 4610 1893 4669 θ

232 4725 469 4795 τρέπειν
518 4723 579 4775 τὸ
619 4723 686 4775 ἐκ
748 4722 851 4791 τῆς
888 4722 1081 4785 οὐσίας
1129 4723 1222 4776 τοῦ
1290 4726 1508 4799 Πατρὸς
1569 4729 1709 4785 εἶναι
1758 4732 1820 4785 τὸ

236 4814 491 4885 Πνεῦμα,
516 4813 606 4867 διὰ
629 4815 691 4867 τὸ
719 4813 989 4884 φέρεσθαι
1015 4817 1111 4869 καὶ
1161 4816 1302 4869 κατὰ
1351 4818 1461 4870 τῶν
1493 4822 1820 4892 ποιημάτων

233 4911 295 4962 τὸ
322 4909 394 4973 ἐξ
424 4902 520 4973 οὗ,
553 4908 694 4976 ὅπερ
726 4908 818 4959 ἐπὶ
870 4906 947 4977 τῷ
985 4908 1264 4977 Πνεὺματι
1302 4911 1559 4979 κείμενον
1599 4916 1664 4969 ἐκ
1712 4918 1813 4986 τῆς

234 5000 430 5062 οὐσίας
464 4997 631 5050 αὑτοῦ
676 4997 922 5066 φυσικῶς
957 4998 1203 5069 ὑπάρχον
1254 5000 1621 5059 ἀποδεικνύει.
1669 5006 1818 5061 Ἀλλ’

235 5092 357 5141 ἔστι
388 5089 529 5158 πρὸς
571 5089 729 5141 τοῦτο
789 5088 996 5156 λέγειν,
1058 5090 1142 5142 ὅτι
1196 5094 1291 5143 καὶ
1324 5092 1410 5159 ἐφ’
1446 5093 1561 5164 Υἱῷ
1608 5098 1813 5166 κυρίως

236 5184 341 5250 μὲν
377 5184 557 5234 κεῖται
584 5181 647 5231 τὸ
681 5179 808 5242 Υἱὸς
825 5182 1017 5252 ὄνομα,
1066 5183 1242 5234 κεῖται
1271 5182 1327 5235 δὲ
1359 5186 1450 5237 καὶ
1482 5186 1570 5239 ἐπ’
1596 5188 1813 5260 ἀνθρώ-

234 5292 357 5326 πων
411 5272 896 5344 καταχρηστικῶς,
942 5275 1039 5327 καὶ
1085 5274 1146 5326 ού
1177 5274 1354 5345 δήπου
1397 5276 1458 5330 τὸ
1487 5276 1634 5331 θέσει
1671 5282 1808 5345 τισὶ,

232 5382 266 5415 κ
286 5365 336 5414 at
370 5363 516 5415 κατὰ
545 5364 709 5432 χάριν
731 5362 1133 5432 προσκείμενον
1164 5366 1464 5436 ἀνατρέψει
1493 5370 1585 5423 τὸν
1615 5370 1810 5441 ἔχοντα

230 5452 505 5518 φυσικῶς.
543 5453 699 5508 Οὕτω
731 5457 825 5508 καὶ
858 5455 919 5510 τὸ
946 5456 1016 5521 ἐξ
1051 5452 1124 5513 οὗ
1154 5458 1265 5511 τῶν
1305 5462 1628 5530 ποιημάτων
1680 5479 1814 5516 κατ-

228 5567 262 5618 η
309 5549 614 5618 ορούμενον
640 5549 739 5599 οὐκ
767 5547 980 5601 ἐποίσει
1014 5551 1148 5618 πρίις
1182 5550 1279 5620 τὴν
1309 5553 1516 5605 οἰκείαν
1541 5554 1813 5609 ταπείνω-

229 5641 317 5692 σιν
362 5655 423 5690 τε
455 5640 552 5691 καὶ
578 5639 974 5709 ὀμοουσιότητα
1006 5641 1101 5694 τοῦ
1136 5642 1455 5711 Πνεύματος
1486 5645 1546 5697 τὸ
1601 5645 1809 5717 ὑψηλόν

226 5752 285 5787 τε
326 5735 418 5785 καὶ
460 5732 659 5798 Θεῖκὺν,
709 5732 843 5785 ἀλλὰ
893 5735 1052 5803 μενεί
1109 5735 1210 5800 μὲν
1240 5733 1390 5805 αὐτῷ
1426 5736 1633 5807 κυρίως
1654 5737 1715 5789 τὸ
1733 5737 1803 5802 ἐξ

303 5871 319 5900 ⁸
361 5867 403 5922 ll
441 5867 570 5923 Cor.
632 5884 712 5932 ιιι,
748 5870 931 5929 14-17.
1011 5876 1029 5903 ’
1059 5872 1192 5927 tbid.
1260 5874 1341 5928 15.

233 5939 301 5993 ἰ
353 5939 479 5995 Cor.
505 5954 621 6007 t'tlt,
661 5940 715 5995 6.

1456 5874 1529 5929 ³1
1576 5876 1697 5933 Cor.
1744 5894 1781 5943 ι,
1826 5880 1877 5935 l.

1950 696 2276 755 Testamcmi
2304 714 2499 765 manet,
2532 723 2633 758 non
2672 713 2977 773 revelatum,
3009 712 3255 776 quoniam
3282 714 3333 763 in
3368 712 3513 764 Chri-

1942 804 2021 844 sto
2044 795 2351 850 destruitur.
2377 794 2481 849 Sed
2503 798 2570 849 ad
2610 798 2745 852 hunc
2776 818 2937 870 usque
2974 806 3107 856 diem
3160 804 3370 869 quando
3397 805 3499 871 legi

1945 895 2031 935 tur
2049 884 2245 954 Moses,
2282 888 2514 941 velamen
2549 907 2703 958 super
2727 909 2816 944 cor
2868 895 3096 961 ipsorum
3133 897 3355 962 positum
3430 904 3531 949 est.

1946 972 2044 1027 Ubi
2077 992 2195 1029 vero
2232 995 2289 1030 se
2327 982 2673 1033 converterint
2706 985 2771 1034 ad
2804 982 3108 1047 Dominum,
3143 984 3374 1037 velamen
3431 1001 3529 1035 an-

1942 1066 2157 1133 feretur.
2201 1066 2457 1122 Dominus
2488 1084 2664 1125 autem
2696 1073 2933 1139 Spiritus
2962 1088 3054 1128 est.
3084 1074 3183 1127 Ubi
3210 1089 3381 1128 autem
3409 1075 3527 1144 Spi-

1942 1157 2078 1208 ritus
2104 1156 2339 1223 Domini,
2391 1161 2463 1213 ibi
2493 1161 2706 1217 libertas
2742 1164 2781 1216 ¹.
2833 1164 2897 1216 Ει
2936 1181 3147 1217 rursum
3185 1180 3199 1217 :
3258 1164 3371 1218 Nos
3430 1184 3524 1218 nu.

1942 1255 2042 1299 tem
2075 1264 2249 1301 omnes
2276 1251 2499 1302 revelata
2541 1252 2675 1321 facie
2736 1253 2960 1321 gloriam
3022 1253 3231 1306 Domini
3291 1262 3527 1307 contem-

1940 1338 2142 1405 plantes
2202 1344 2485 1395 secundum
2562 1348 2797 1399 eamdem
2836 1347 3118 1416 imaginem
3173 1348 3527 1415 transforma-

1942 1449 2061 1485 mur
2082 1436 2146 1486 de
2167 1435 2335 1503 gloria
2363 1437 2413 1488 in
2444 1437 2689 1506 glm'iam,
2727 1450 2981 1507 tauquam
3016 1457 3048 1492 α
3116 1439 3328 1493 Domini
3400 1439 3523 1507 Spi-

1942 1524 2050 1574 ritu
2080 1525 2121 1577 ¹.

2582 1706 2664 1762 Ea:
2685 1714 2887 1766 eadem.

2014 1796 2214 1854 Paulus
2241 1800 2304 1855 de
2340 1816 2397 1855 se
2427 1802 2544 1871 ipso
2580 1804 2825 1859 scribens
2849 1805 2899 1859 in
2930 1806 3192 1875 principio
3214 1809 3469 1877 Epistula:
3501 1827 3516 1864 :

1946 1885 2168 1955 Paulus,
2210 1889 2404 1959 inquit,
2435 1893 2706 1954 apostolus
2733 1893 2860 1947 Jesu
2894 1894 3093 1950 Christi
3126 1898 3164 1950 ³.
3200 1898 3403 1967 Aperte
3435 1901 3522 1951 vi-

1941 1980 2035 2035 des
2057 1981 2141 2037 hic
2168 1982 2407 2051 Apostoli
2436 2000 2629 2038 nomen
2682 1997 2735 2039 et
2772 2004 2964 2041 lltlllllts
2996 2004 3027 2043 a
3061 1989 3308 2053 Christo,
3335 2002 3388 2045 et
3428 2007 3525 2059 per

1941 2070 2134 2126 Filium
2161 2087 2220 2127 se
2256 2074 2385 2128 illud
2407 2075 2636 2129 allirmat
2657 2078 2919 2146 accipere.
2946 2081 3005 2134 In
3057 2083 3280 2136 Actibus
3332 2094 3513 2137 autem

1938 2168 2248 2215 sanctorum
2280 2164 2642 2231 apostolorum
2676 2166 2747 2219 ita
2808 2167 3069 2236 scriptum
3090 2179 3172 2223 est
3206 2187 3219 2224 :
3284 2169 3523 2237 Sacri/i-

1937 2251 2178 2303 cantibus
2200 2250 2309 2305 illis
2350 2250 2572 2306 Domino
2603 2265 2650 2307 et
2703 2254 3071 2324 jejunautibus
3115 2260 3250 2312 dixit
3298 2258 3522 2325 Spiritus

1934 2350 2147 2393 sanctus
2180 2355 2199 2393 .'
2234 2342 2521 2411 Segregate
2552 2345 2681 2397 mihi
2733 2347 2960 2400 Paulum
3016 2358 3065 2402 et
3113 2349 3415 2403 Barnabam
3467 2351 3520 2403 in

1935 2446 2085 2497 Opus,
2131 2433 2203 2486 ad
2233 2436 2371 2503 quod
2398 2437 2642 2491 advocavi
2672 2455 2757 2493 eos
2783 2440 2825 2494 δ.
2860 2439 2914 2494 Si
2943 2441 3105 2508 igitur
3139 2458 3262 2496 cmn
3317 2456 3347 2495 a
3397 2441 3521 2509 Spi-

1935 2524 2040 2576 ritu
2072 2533 2296 2579 vocatus
2320 2528 2409 2589 sit,
2436 2544 2463 2579 a
2493 2528 2710 2584 Christo
2735 2546 2794 2583 se
2821 2544 3073 2587 vocatum
3114 2534 3263 2596 dicit,
3292 2535 3469 2603 perspi
3489 2563 3515 2575 -

1934 2628 2031 2666 oue
2061 2617 2394 2670 demonstrat
2419 2636 2521 2673 non
2555 2622 2876 2676 alieuutnab
2902 2625 3139 2678 essentia
3186 2625 3303 2679 Filii
3345 2625 3521 2692 Spiri-

1937 2712 2048 2757 tum
2083 2718 2365 2760 sanctum.

2561 2975 2644 3028 Ea:
2668 2976 2871 3030 eadem.

2002 3060 2131 3125 Quis
2158 3063 2299 3114 enim
2330 3064 2602 3118 hominum
2634 3071 2772 3119 novit
2819 3084 2880 3119 ea
2901 3082 3016 3134 qua:
3071 3075 3193 3118 sunt
3267 3066 3515 3132 hominis,

1930 3154 2035 3208 nisi
2059 3156 2273 3225 spiritus
2293 3158 2543 3220 hominis,
2577 3159 2669 3227 qui
2708 3159 2764 3211 in
2798 3160 2911 3225 ipso
2969 3160 3087 3212 est?
3160 3158 3247 3212 Sic
3295 3170 3341 3212 et
3399 3175 3516 3227 qua:

1930 3259 2051 3302 sunt
2104 3247 2216 3312 Dei,
2268 3266 2417 3301 nemo
2462 3252 2620 3316 novit,
2671 3250 2773 3303 nisi
2826 3250 3054 3318 Spiritus
3117 3252 3211 3305 Dei
3254 3254 3295 3304 ⁵.
3348 3251 3515 3305 Nobis

1933 3342 2069 3395 enim
2126 3342 2367 3395 reuelauit
2429 3342 2565 3396 Deus
2620 3360 2711 3412 per
2758 3343 3017 3412 Spiritum
3062 3361 3236 3407 suum,
3282 3343 3514 3412 Spiritus

1934 3433 2068 3484 enim
2127 3435 2304 3485 omnia
2355 3442 2648 3497 scrutatur,
2702 3436 2859 3488 etiam
2908 3436 3171 3503 profunda
3224 3435 3316 3489 Dei
3355 3435 3397 3489 ⁸.
3459 3436 3515 3490 Si

1932 3523 2156 3591 Spiritus
2211 3525 2445 3578 hominis
2505 3527 2720 3579 neruine
2766 3528 3124 3594 patel'acieute
3186 3530 3356 3589 novit,
3394 3543 3515 3596 quae

1931 3624 2057 3667 sunt
2117 3617 2167 3667 in
2227 3617 2465 3680 homine,
2504 3632 2625 3670 cum
2666 3618 2935 3672 naturalis
2977 3619 3070 3679 sit,
3143 3628 3197 3673 et.
3258 3620 3514 3688 proprius

1930 3704 2097 3770 ipsius
2122 3745 2137 3770 ,
2176 3716 2230 3759 et
2266 3706 2499 3774 Spiritus
2531 3708 2622 3762 Dei
2657 3709 2735 3763 sic
2760 3710 2941 3762 omnia
2971 3702 3271 3773 scrutatur,
3333 3720 3388 3764 et
3417 3726 3512 3762 no-

1928 3797 2006 3852 vit
2034 3798 2196 3852 etiam
2230 3798 2495 3868 profunda
2523 3799 2638 3864 Dei,
2673 3801 2723 3853 in
2779 3800 2889 3854 Deo
2941 3802 3192 3854 nimirum
3242 3811 3297 3855 et
3350 3800 3510 3856 Patre

1927 3896 2013 3945 est
2046 3889 2278 3959 Spiritus
2318 3901 2560 3957 sanctus;
2609 3902 2663 3946 et
2719 3902 2926 3948 natura:
2954 3895 3148 3947 divinae
3182 3902 3286 3956 est.
3320 3909 3507 3963 quemn

1926 3980 2220 4036 admodum
2255 3983 2494 4037 hominis
2533 3983 2759 4053 spiritus
2818 3996 2903 4040 est
2962 3993 3171 4039 natura:
3238 3985 3506 4041 humanm.

2560 4184 2645 4237 Ex
2681 4184 2888 4238 eadem.

1996 4276 2073 4330 Ex
2098 4276 2493 4346 Deo-Spiritum
2522 4286 2769 4330 sanctum
2805 4292 2923 4331 esse
2956 4277 3208 4340 dicimus,
3231 4288 3392 4346 atque
3438 4279 3506 4330 ita

1922 4367 2219 4423 credimus.
2253 4367 2322 4420 At
2348 4367 2434 4419 isti
2468 4366 2559 4435 qui
2593 4368 2658 4419 ad
2689 4367 3131 4421 caluumiamlum
3167 4379 3501 4424 tantummo-

1922 4460 1988 4513 do
2013 4467 2137 4515 sunt
2172 4457 2525 4527 paratissimi,
2561 4458 2719 4512 etiam
2760 4459 2863 4511 alia
2882 4460 3060 4513 omnia
3092 4476 3159 4513 ex
3225 4462 3331 4514 Deo
3384 4478 3505 4515 esse

1921 4552 2125 4615 dicunt,
2154 4565 2278 4605 cum
2312 4549 2508 4605 Paulus
2534 4551 2742 4604 scribat
2780 4566 2794 4604 :
2836 4548 2980 4604 Unus
3013 4551 3149 4604 Deus
3206 4551 3393 4618 Pater,
3442 4571 3500 4605 ea

1920 4656 2022 4708 quo
2046 4638 2219 4693 omnia
2250 4639 2291 4694 ⁷.
2327 4639 2504 4707 Atque
2533 4637 2609 4691 ita
2641 4638 2869 4705 probare
2891 4654 2950 4692 se
3008 4650 3219 4707 putant,
3272 4657 3336 4695 ex
3398 4643 3503 4695 Pu~

1920 4732 2021 4786 tris
2052 4732 2288 4786 essentia
2327 4747 2433 4785 non
2464 4745 2585 4786 esse
2620 4729 2881 4798 Spiritum
2900 4740 3166 4795 sanctum,
3224 4734 3363 4801 quod
3410 4735 3498 4787 illa

1918 4838 2021 4878 vox
2056 4838 2165 4877 :ea:
2217 4840 2342 4893 quo,
2402 4825 2468 4876 ad
2527 4836 2614 4876 res
2643 4823 2808 4875 etiam
2852 4831 3161 4891 procreatas
3213 4823 3500 4878 referatur.

1919 4916 2048 4981 Qua:
2078 4914 2292 4983 quidem
2323 4929 2423 4969 vox
2447 4930 2565 4968 cum
2589 4914 2654 4969 de
2678 4912 2883 4983 Spiritu
2916 4925 3106 4968 sancto
3131 4916 3351 4979 dicitur,
3376 4933 3498 4971 emu

1917 5024 1983 5062 ex
2007 5008 2175 5077 ipsius
2204 5008 2439 5062 essentia
2494 5021 2614 5062 esse
2671 5005 2933 5061 declarat.
3004 5005 3199 5061 Verqu
3252 5009 3338 5062 sic
3379 5010 3497 5065 istis

1923 5114 2205 5167 possumus
2231 5096 2575 5166 respondere,
2602 5097 2668 5150 de
2700 5095 2835 5151 Filio
2869 5098 2997 5151 item
3035 5100 3251 5166 proprie
3299 5114 3489 5167 nomen

1923 5190 2025 5245 hoc
2051 5189 2222 5244 Filius
2248 5189 2377 5251 dici,
2411 5189 2555 5258 quod
2592 5201 2773 5245 tamen
2810 5192 3103 5259 improprie
3141 5196 3208 5244 de
3270 5193 3469 5246 homini

1920 5283 2194 5336 husetiam
2216 5282 2446 5335 dicatur.
2474 5279 2587 5336 Nec
2622 5282 2664 5335 si
2703 5297 2970 5337 concessu
3007 5293 3060 5337 et
3094 5285 3265 5352 gratia
3300 5287 3461 5352 aliqu.

1918 5375 2021 5429 bus
2076 5374 2368 5437 tribuatur,
2440 5386 2722 5441 propterea
2783 5375 3009 5440 tollitur,
3062 5377 3348 5445 quominus
3426 5378 3473 5431 si

1921 5466 2088 5533 ipsius
2112 5465 2372 5520 naturale.
2401 5464 2492 5519 Sic
2522 5467 2686 5519 etiam
2710 5465 2863 5532 illud,
2898 5481 2962 5520 ex
2986 5482 3115 5535 quo,
3153 5467 3280 5522 licet
3336 5470 3491 5521 rebus

1921 5572 2133 5627 quoque
2171 5558 2469 5627 procreatis
2501 5558 2828 5623 ascribatur,
2869 5558 3078 5613 idcirco
3116 5567 3291 5614 tamen
3322 5561 3461 5614 subl?

1918 5650 2022 5704 mis
2050 5657 2103 5703 et
2134 5648 2313 5702 divina
2344 5646 2576 5713 Spiritus
2598 5647 2830 5715 dignitas
2854 5664 2959 5703 non
2992 5649 3256 5715 aufertur,
3293 5666 3391 5705 nec
3426 5667 3487 5705 ea

1920 5755 1979 5796 re
2010 5742 2091 5805 lit,
2121 5739 2413 5809 quominus
2472 5740 2545 5794 sit
2588 5738 2831 5809 ejusdem
2887 5743 3156 5798 essentne.
3209 5742 3314 5797 Sed
3364 5760 3483 5797 cum

1990 5881 2009 5910 ⁸
2040 5881 2161 5935 Act.
2202 5896 2321 5946 snt,
2363 5880 2397 5931 2
2531 5882 2551 5912 ⁸
2587 5879 2601 5933 l
2640 5879 2766 5943 Cor.
2824 5895 2883 5949 tt,
2945 5882 3026 5936 ll.
3139 5884 3161 5915 °
3220 5882 3355 5939 Ibid.
3393 5858 3489 5939 £0.
