3968 6564
235 487 330 550 sm

1204 489 1581 550 PANOPLIA
1620 488 2079 550 DOGMATICA.
2113 514 2181 525 -
2221 490 2364 550 'l‘l'l‘.
2410 491 2543 554 ΧΗ.

3401 491 3506 556 862

235 597 335 650 ἀλλ
379 597 454 662 ὡς
482 597 739 668 ἐνέργεια
776 598 986 670 φυσική
1015 615 1074 651 τε
1110 598 1204 651 καὶ
1235 599 1526 668 ούσιώδης.
1583 599 1676 652 καὶ
1721 599 1803 660 sv,-

1918 614 2075 668 quam
2108 601 2187 654 vis
2220 602 2502 667 naturalis,
2527 615 2583 657 et
2605 618 2670 657 cx
2705 605 2946 661 essentia
2999 614 3278 669 constans,
3341 617 3505 675 atque

238 689 539 753 οιπόστατος
563 690 625 754 ἐξ
656 689 828 760 αὐτῆς
857 689 1148 761 προϊοῦσα,
1184 693 1276 746 καὶ
1303 692 1360 744 ὲν
1382 694 1520 760 αὐτῇ
1549 691 1807 761 μένουσα,

1918 682 2238 756 subsistens,
2273 705 2326 749 et
2357 711 2424 747 ex
2453 695 2566 764 ipsa
2583 698 2929 764 proveniens,
2949 713 3005 754 et
3037 699 3092 753 in
3139 699 3252 767 ipsa
3279 715 3504 756 tuaneus

235 783 412 836 πάντα
441 783 738 853 ἐργάζεται
762 784 833 837 τὰ
874 782 970 837 τοῦ
1000 782 1161 839 Θεοῦ.

770 876 873 930 Ἐκ
913 875 1033 931 τῶν
1057 877 1276 934 αὐτῶν.

315 967 627 1035 Ἀθηναίοις
661 969 688 1022 ὁ
716 968 929 1033 Παῦλος
963 969 1032 1022 τὰ
1055 969 1194 1041 πρὸς
1223 970 1508 1023 εὐσέϐειαν
1562 969 1814 1038 διαλεγό-

237 1078 418 1128 μενος,
471 1060 564 1112 καὶ
597 1061 687 1112 τὸν
742 1062 914 1132 ἀληθῆ
962 1064 1319 1131 καταγγέλων
1367 1063 1500 1116 Θεὸν
1547 1064 1810 1131 ἔφασκεν,

232 1154 312 1206 ὅτι
363 1151 465 1206 Ἕν
503 1151 664 1218 αὐτῷ
697 1151 905 1224 ζῶμεν.
939 1157 1038 1210 καὶ
1092 1157 1437 1225 κινούμεθα,
1469 1155 1569 1209 καὶ
1600 1154 1809 1225 ἐσμέν.

244 1245 302 1297 Ὀ
319 1246 375 1298 δέ
405 1263 468 1307 γε
500 1244 708 1315 Κύριος
740 1247 899 1316 ἡμῶν
929 1248 1138 1317 Ἰησοῦς
1161 1248 1396 1320 Χριστὸς
1430 1248 1530 1318 τὴν
1555 1247 1816 1316 τοιαύτην

231 1339 515 1408 ἐνέργειαν
561 1339 663 1410 τὴν
705 1340 1008 1412 γενομένην
1038 1342 1192 1409 παρὰ
1237 1341 1332 1394 τοῦ
1362 1341 1500 1394 Θεοῦ
1531 1340 1612 1411 τῷ
1669 1342 1814 1411 ἁγίῳ

229 1433 511 1499 Πνεύματι
543 1431 862 1505 περιτίθησι
903 1433 1078 1502 λέγων
1108 1450 1124 1466 ο
1169 1434 1241 1486 Τὸ
1297 1433 1546 1502 Πνεῦμα
1583 1433 1717 1488 ἐστι
1747 1431 1815 1487 τὸ

232 1525 576 1584 ζὶυοποιοῦν.
609 1525 742 1590 Θεὸς
792 1528 899 1598 ἄρα
947 1529 1009 1580 τὸ
1045 1525 1271 1594 Πνεῦμα
1319 1527 1380 1579 τὸ
1415 1528 1476 1580 ὲν
1503 1519 1548 1594 ᾧ
1604 1527 1814 1596 ζῶμεν,

230 1619 326 1670 καὶ
375 1619 698 1690 κινούμεθα,
734 1621 830 1673 καὶ
864 1619 1052 1689 ἐσμὲν,
1111 1621 1254 1673 κατά
1304 1619 1404 1690 τὴν
1437 1619 1533 1672 τοῦ
1596 1619 1814 1672 Παύλου

230 1711 438 1778 φωνὴν,
471 1712 565 1762 καὶ
593 1711 691 1781 τὴν
725 1712 820 1764 τοῦ
853 1711 1108 1780 Σωτῆρος
1140 1713 1296 1781 ἡμῶν
1335 1712 1672 1784 μαρτυρίαν.

739 1805 841 1857 Ἐκ
881 1803 1000 1858 τῶν
1031 1807 1160 1860 Ψαλ
1162 1803 1318 1874 μῶν.

300 1895 471 1962 Λέγει
506 1895 854 1966 πουῖψάλλων
905 1900 935 1952 ὀ
989 1899 1264 1970 μακάριος
1319 1897 1505 1961 Δαϐὶδ,
1553 1896 1650 1949 καὶ
1690 1897 1818 1957 τοὺς

229 1985 427 2052 λόγους
468 1987 766 2041 ἀνατείνων
814 1989 953 2059 πρὸς
998 1988 1131 2042 Θεὸν
1163 2006 1179 2022 °
1210 1989 1334 2042 Ποῦ
1371 1987 1647 2056 πορευθῶ
1695 1987 1813 2040 ἀπὸ

228 2078 336 2132 τοῦ
366 2079 714 2149 Πνεῦματός
741 2097 882 2142 σου.
921 2082 1020 2136 καὶ
1053 2081 1172 2138 ἀπὸ
1211 2083 1317 2136 τοῦ
1344 2081 1672 2150 προσώπου
1697 2095 1818 2134 σου

226 2170 348 2229 ποῦ
389 2172 597 2241 gari-rw;
652 2172 796 2227 Ἐὰν
842 2173 1042 2228 ἀναϐῶ
1097 2178 1184 2238 εὶς
1237 2175 1344 2226 τὸν
1389 2174 1674 2241 οὐρανὸν,
1723 2173 1806 2226 σὺ

227 2262 442 2316 etsist.
486 2266 621 2318 Ἐὰν
639 2267 874 2320 καταϐῶ
917 2269 1004 2330 είς
1032 2266 1139 2319 τὸν
1170 2266 1345 2335 ᾅδην,
1395 2266 1590 2332 πάρει.
1664 2265 1809 2319 Ἐὰν

226 2356 588 2425 ἀναλάϐοιμι
640 2359 746 2425 τὰς
789 2359 1086 2433 πτέρυγάς
1102 2378 1222 2429 μου
1275 2362 1406 2412 κατ’
1443 2360 1680 2427 ὄρθρον,
1715 2359 1814 2412 καί

225 2453 682 2517 κατασκηνώσω
702 2456 788 2519 εις
808 2455 880 2508 τὰ
903 2451 1272 2522 ἔσχατατῆς
1319 2451 1663 2520 θαλάσσης.
1703 2452 1816 2510 Καὶ

226 2542 340 2609 γὰρ
365 2543 494 2595 ἐκεῖ
515 2545 552 2608 ἡ
578 2545 707 2613 χειζο
739 2561 857 2600 σου
877 2546 1169 2615 ὁδηγήσει
1193 2564 1293 2614 με,
1333 2547 1433 2600 καὶ
1468 2545 1710 2609 καθέξει
1738 2563 1817 2614 με

225 2637 262 2702 ἡ
283 2635 459 2697 δεξιά
481 2653 620 2691 σου.
653 2638 782 2691 Ὅτε
810 2640 992 2692 τοίνυν
1029 2640 1090 2693 τὸ
1124 2639 1346 2709 Πνεῦμα
1377 2639 1474 2691 καὶ
1521 2638 1815 2701 πρόσωπον

224 2725 590 2780 ἁποκαλείται
641 2727 737 2779 τοῦ
791 2729 1026 2797 Πατρὸς,
1065 2729 1140 2793 ὡς
1197 2729 1533 2794 ἐξεικονίξον
1563 2727 1653 2781 διὰ
1709 2728 1814 2798 τῆς

226 2817 578 2886 θεοπρεποῦς
605 2822 884 2892 ἐνεργείας
913 2822 1014 2891 τὴν
1048 2821 1106 2886 ἐξ
1137 2817 1204 2894 ἦς
1233 2824 1380 2875 ἐστιν
1409 2821 1624 2887 οὐσίαν,
1676 2822 1812 2874 ἀπο-

226 2911 393 2964 καλεῖ
425 2911 490 2984 δὴ
545 2915 639 2968 καὶ
689 2918 848 2986 χεῖρα
917 2916 1006 2970 διὰ
1053 2916 1152 2986 τὴν
1207 2915 1626 2986 ἐνυπάρχουσαν
1660 2911 1811 2982 αὑτῷ

225 3005 572 3076 παντουργόν
595 3007 848 3075 δύναμιν,
874 3010 989 3072 πῶς
1022 3011 1122 3063 οὐκ
1155 3009 1220 3064 ἂν
1249 3009 1337 3077 εἴη
1370 3007 1525 3071 Θεὸς,
1570 3008 1664 3060 καὶ
1688 3006 1809 3059 κατ’

223 3097 420 3150 οὐσίαν
449 3097 526 3168 τῷ
568 3100 743 3172 Πατρὶ
784 3106 1161 3172 συνημμένον,
1201 3103 1259 3166 ἐξ
1290 3101 1459 3155 αὑτοῦ
1504 3119 1563 3155 τε
1599 3100 1682 3168 ὃν,
1714 3101 1809 3154 καὶ

222 3189 281 3241 ὲν
302 3189 497 3260 αὐτῷ;
533 3191 724 3262 ὥσπερ
755 3191 850 3248 οὖν
869 3194 962 3248 καὶ
985 3195 1018 3265 ἡ
1039 3195 1160 3266 χεὶρ
1177 3194 1274 3248 τοῦ
1309 3195 1658 3266 ἀνθρωπείου
1696 3193 1810 3247 σὼ-
1852 3231 1856 3234 -

224 3298 402 3351 ματος
459 3285 520 3338 οὐ
567 3287 924 3357 κεχώρισται,
969 3288 1178 3342 δέδεται
1209 3289 1267 3342 δὲ
1296 3290 1500 3359 μᾶλλον
1529 3291 1584 3342 ἐν
1635 3289 1807 3358 αὐτῷ,
1837 3291 1882 3353 C

220 3379 313 3429 καὶ
345 3378 643 3451 ἐρρίζωται
675 3379 944 3450 φυσικῶς.

606 3475 706 3528 Ἐκ
738 3476 848 3544 τῆς
887 3477 1038 3545 πρὸς
1066 3479 1440 3545 Κορινθίους.

300 3565 647 3619 Ἐπιστέλλει
673 3571 700 3620 ὁ
720 3569 927 3633 Παῦλος
956 3571 1180 3623 τοιῶσδε
1202 3589 1212 3601 ·
1247 3569 1520 3638 Γνωρίζω
1543 3570 1612 3623 δὲ
1639 3569 1803 3638 ὑμῖν,

217 3656 305 3709 ὅτι
324 3657 532 3724 οὐδεὶς
545 3659 615 3711 ἐν
633 3662 933 3730 Πνεὺματι
957 3663 1106 3717 Θεοῦ
1130 3663 1338 3717 λαλῶν
1355 3663 1520 3733 ,λέγει
1535 3663 1808 3733 ἀνάθεμα

225 3747 500 3816 Ἰησοῦν.
529 3752 660 3814 Καὶ,
709 3753 920 3820 Οὐδείς
957 3754 1206 3809 δύναται
1230 3755 1423 3810 εἰπεῖν
1453 3758 1671 3824 Κύριον
1699 3759 1803 3824 Ἰη-

216 3841 402 3908 σοῦν,
423 3842 574 3913 εἰμὴ
605 3845 988 3916 ἐνΠνεύματι
1027 3850 1190 3918 ἁγίῳ.
1225 3849 1495 3920 Πρόδηλον
1538 3845 1652 3916 οῦν,
1680 3851 1807 3902 ὅτιό

219 3935 471 4006 μετέχων
499 3936 592 3989 τοῦ
619 3937 776 4005 ἁγίου
801 3939 1116 4010 Πνεῦμα-τος
1139 3937 1280 3994 οἶδεν
1299 3941 1426 3994 ὄντα
1453 3941 1656 4011 Κύριον
1693 3944 1802 4012 Ἰη-

218 4027 594 4099 σοῦν.“Ωσπερ
610 4029 658 4081 οἱ
685 4029 900 4096 μέλιτος
927 4033 1364 4101 ἀπογευσάμενοι
1382 4033 1468 4084 διὰ
1491 4033 1592 4101 τῆς
1615 4033 1675 4098 ἐξ
1707 4035 1806 4086 αὐ-

212 4119 310 4170 τοῦ
337 4120 628 4188 ποιότητος
656 4119 882 4182 οἴδασιν,
908 4123 989 4174 ὅτι
1018 4121 1191 4188 γλυκὺ
1219 4124 1279 4174 τὸ
1313 4123 1462 4192 μέλι,
1488 4124 1634 4178 οὕτω
1657 4127 1750 4179 καὶ
1775 4127 1803 4178 ὁ

211 4207 305 4259 τοῦ
343 4206 666 4277 Πνεῦματος
691 4209 942 4278 μέτοχος.
978 4210 1195 4263 Οὐκοῦν
1231 4212 1297 4263 ἐκ
1348 4213 1450 4279 τῆς
1481 4211 1672 4273 οὐσίας
1704 4212 1800 4263 τοῦ

216 4299 350 4353 Υἱοῦ
384 4299 450 4352 τὸ
485 4300 715 4371 Πνεῦμα
766 4303 993 4372 ποιότης
1022 4320 1127 4368 τις,
1167 4302 1256 4356 ἵνα
1301 4302 1476 4367 οὕτως
1532 4304 1801 4372 εἴπωμεν,

210 4395 465 4463 ὑπάρχον
492 4392 587 4446 τοῦ
622 4394 971 4462 κυριεύοντος
1001 4395 1430 4450 ἁπάντωνΘεοῦ.
1453 4397 1518 4450 El
1539 4396 1596 4450 δὲ
1617 4397 1799 4463 τοῦτο,

207 4486 344 4549 Θεὸς
388 4489 517 4557 ἄρα,
551 4487 646 4540 καί⁷
687 4487 748 4540 οὐ
781 4489 1030 4560 γενητὸν,
1073 4489 1265 4560 ὥσπερ
1309 4492 1421 4554 τοῖς
1469 4491 1802 4563 ἐτεροδόξοις

205 4580 380 4635 δοκεῖ.

1917 782 2100 839 omnia
2125 785 2273 852 facit,
2298 799 2418 855 quae
2447 785 2540 839 Dei
2566 797 2713 843 sunt.

2452 876 2536 930 Ea:
2573 880 2753 932 eodem
2814 880 2971 935 libro.

1986 967 2190 1024 Paulus
2255 969 2320 1022 ad
2380 971 2742 1026 Athenienses
2792 974 2858 1026 de
2905 974 3165 1044 religione
3210 979 3370 1030 verba
3423 976 3529 1030 [ει--

1917 1063 2070 1119 ciens
2103 1078 2119 1119 :
2154 1061 2418 1127 Quoniam
2460 1063 2514 1116 in
2534 1065 2669 1131 ipso,
2699 1064 2895 1135 inquit,
2924 1067 3164 1134 vivimus,
3218 1078 3268 1122 et
3329 1085 3504 1122 inuoc-

1917 1173 2059 1220 mur,
2093 1165 2139 1209 et
2171 1154 2418 1208 sumus‘.
2451 1154 2524 1208 Αι.
2549 1155 2809 1211 Dominus
2833 1168 3020 1214 noster
3045 1157 3204 1216 Jesus
3256 1161 3502 1215 Christus

1918 1249 2058 1302 banc
2085 1247 2220 1310 vim,
2257 1262 2376 1314 quae
2413 1248 2567 1302 nobis
2608 1265 2639 1302 a
2699 1249 2958 1316 Deo,est,
3001 1252 3225 1306 ascribit
3277 1252 3502 1320 Spiritui

1917 1349 2158 1394 sancto:
2224 1331 2482 1404 Spiritus,
2541 1340 2816 1412 inquiens,
2867 1355 2985 1411 est,
3035 1346 3125 1415 qui
3181 1345 3408 1415 uiviﬁcat
3458 1348 3502 1400 '.

1918 1433 2061 1488 Deus
2089 1447 2221 1503 ergo
2251 1432 2489 1501 Spiritus
2519 1434 2629 1498 ille,
2664 1435 2844 1506 injquo
2884 1437 3143 1501 vivimus,
3196 1453 3499 1498 movemur.

1917 1539 1972 1582 et
1990 1543 2201 1593 sumus,
2241 1537 2301 1582 ut
2357 1527 2562 1584 Paulus
2591 1530 2743 1596 dicit,
2781 1539 2840 1586 et
2879 1529 3141 1586 Servator
3183 1539 3369 1586 uoster
3423 1541 3504 1587 te-

1917 1631 2108 1677 Statur.

2528 1806 2613 1862 Ex
2640 1807 2894 1863 Psalmis.

1989 1901 2207 1956 Canens
2230 1901 2464 1970 quodam
2483 1901 2606 1958 loco
2633 1903 2824 1958 beatus
2849 1902 3035 1967 David,
3064 1905 3335 1974 verbaque
3396 1919 3494 1959 sua

1921 1995 1988 2046 ad
2027 1993 2194 2047 Deum
2227 1993 2468 2062 dirigens
2501 1994 2678 2059 :Quo,
2714 1993 2910 2062 inquit,
2937 1995 3022 2048 ibo
3069 1992 3342 2063 a3Spiritu
3390 2003 3502 2055 tuo,

1921 2097 1967 2138 et
1991 2104 2092 2157 quo
2118 2105 2150 2140 a
2176 2087 2310 2156 facie
2334 2096 2422 2140 tua
2442 2087 2645 2156 fugiant
2667 2087 2693 2139 Ρ
2723 2087 2782 2141 Si
2805 2088 3086 2142 ascendero
3107 2088 3160 2140 in
3191 2089 3400 2147 emittm.
3447 2095 3504 2138 tu

1920 2178 2037 2231 illic
2067 2196 2142 2232 es.
2180 2176 2236 2233 Si
2266 2178 2586 2232 descendere
2615 2180 2667 2232 in
2683 2178 2972 2245 infernum,
3005 2178 3153 2232 ades.
3179 2176 3240 2234 Si
3271 2192 3506 2245 sumpse-

1921 2283 1977 2320 ro
2003 2284 2199 2336 pennas
2224 2284 2364 2321 meas
2387 2267 2644 2330 diluculo,
2681 2277 2727 2321 et
2752 2266 3068 2321 habitavere
3125 2268 3180 2320 in
3251 2267 3504 2320 extremis

1920 2359 2103 2410 maris.
2133 2357 2337 2412 Etenim
2364 2356 2492 2410 illac
2529 2373 2718 2411 manus
2753 2367 2842 2410 tua
2873 2357 3094 2410 deducet
3130 2365 3296 2419 me,“
3351 2366 3502 2406 tene-

1919 2449 1990 2503 bit
2031 2453 2252 2505 dextera
2277 2459 2368 2502 tua
2395 2450 2440 2504 ³.
2500 2450 2635 2503 Cum
2686 2448 2852 2517 igitur
2891 2447 3160 2516 Spiritum
3212 2453 3265 2501 et
3308 2445 3501 2500 {aciem

1918 2538 2093 2594 Patr-is
2121 2543 2386 2602 nominet,
2423 2551 2680 2610 tauquam
2706 2542 3107 2609 exprimentem
3143 2553 3236 2607 per
3263 2538 3501 2591 divinam

1918 2635 2188 2688 actionem
2225 2634 2537 2698 essentiam,
2563 2650 2627 2688 ex
2657 2649 2760 2702 qua
2781 2641 2881 2697 est,
2907 2632 3152 2686 nominet
3177 2631 3339 2684 etiam
3382 2645 3501 2682 ma-

1919 2744 2045 2780 num
2077 2739 2506 2796 propterrrerum
2562 2727 2803 2782 omnium
2871 2725 3224 2788 effectricem,
3265 2738 3384 2792 quae
3446 2722 3498 2775 is

1919 2823 2038 2890 ipso
2058 2830 2160 2885 est,
2188 2829 2527 2890 potestatem,
2568 2818 2839 2888 quomodo
2872 2817 3011 2870 Deus
3031 2832 3139 2870 non
3159 2825 3263 2876 cst.
3288 2824 3342 2868 et
3392 2815 3464 2866 Pa
3483 2843 3498 2854 -

1921 2915 1988 2968 Iri
2019 2930 2116 2984 per
2151 2915 2446 2970 essentiam
2491 2912 2811 2982 coniunctus
2831 2952 2846 2978 ,
2876 2925 2999 2966 cum
3020 2909 3304 2978 etexipso,
3336 2917 3393 2961 et
3450 2910 3504 2959 in

1915 3007 2144 3076 ipsolsit,
2176 3006 2625 3076 quernadumdum
2642 3015 2698 3058 et
2729 3019 2922 3057 manus
2961 3002 3030 3057 ab
3093 3003 3328 3058 humano
3382 3017 3505 3053 cor-

1916 3115 2045 3168 pore
2075 3114 2180 3152 uou
2203 3107 2288 3153 est
2310 3097 2578 3167 sejuncta,
2603 3098 2697 3152 sed
2728 3097 2916 3165 inipso
2965 3096 3144 3166 potius
3195 3095 3394 3160 vincta,
3446 3104 3506 3148 ct

1916 3191 2233 3246 naturaliter
2263 3187 2536 3244 iuba-ret?

2307 3479 2388 3532 Ea:
2413 3478 2654 3547 Epistola
2672 3476 2742 3531 ad
2769 3475 3093 3538 Corinthios.

1993 3573 2190 3629 Scribit
2218 3572 2416 3626 Paulus
2447 3573 2668 3625 adltuuc
2697 3572 2911 3625 modum
2935 3585 2947 3621 :
2973 3567 3171 3622 Nolunt
3193 3567 3335 3637 facio
3354 3565 3498 3621 vobis

1911 3671 2048 3739 quod
2086 3685 2232 3722 nemo
2253 3667 2307 3719 in
2349 3666 2555 3734 Spiritu
2585 3665 2677 3718 Dei
2742 3665 2954 3732 loquens
3012 3661 3142 3714 dicit
3217 3643 3494 3713 anathema

1911 3765 2114 3817 Jrsum.
2153 3763 2216 3816 Et
2239 3778 2256 3815 :
2284 3758 2454 3814 Nemo
2475 3769 2644 3827 potest
2667 3757 2838 3811 dicere
2853 3756 3134 3809 Dominum
3157 3752 3364 3815 Iesum,
3391 3749 3495 3804 nisi

1911 3860 1964 3910 in
2014 3857 2222 3920 Spiritu
2255 3854 2500 3906 sancto".
2537 3853 2745 3918 Quibus
2797 3868 2861 3905 ex
2896 3850 3072 3903 verbis
3134 3847 3290 3902 facile
3351 3861 3487 3898 con-

1910 3959 2038 4009 stat,
2067 3961 2214 4009 eum,
2247 3946 2338 4013 qui
2403 3946 2673 4014 particeps
2713 3943 2784 3996 sit
2839 3941 3072 4007 Spiritus
3111 3939 3305 4002 sancti,
3339 3951 3497 3989 nosse

1911 4039 2198 4092 Dominum
2231 4037 2438 4105 Jcsum;
2471 4038 2560 4106 qui
2595 4045 2775 4090 autem
2806 4034 2978 4090 sancti
3011 4031 3247 4100 Spiritus
3301 4046 3496 4095 enters

1908 4134 1999 4195 sit,
2032 4146 2153 4184 eum
2185 4132 2456 4200 ignorare.
2498 4130 2782 4197 Quomodo
2839 4128 3023 4196 igitur.
3069 4127 3160 4194 qui
3228 4123 3490 4190 Spiritum

1906 4231 2198 4276 assecutus
2226 4231 2333 4286 est,
2375 4223 2526 4277 novit
2556 4221 2843 4276 Dominum
2880 4233 3003 4274 esse
3027 4216 3251 4271 Jcsutu?
3285 4216 3492 4282 Quem-

1906 4315 2198 4369 admodum
2251 4315 2342 4383 qui
2410 4314 2516 4368 mel
2559 4316 2939 4384 degustarunt,
2995 4318 3216 4379 propter
3259 4307 3494 4376 ιιυιιιιιςι-

1908 4413 2014 4462 tem
2053 4408 2248 4475 ipsius,
2278 4415 2620 4475 c0gnoscunt
2643 4407 2750 4460 mel
2803 4419 2926 4460 esse
2982 4402 3162 4466 dulce,
3209 4402 3290 4454 sic
3329 4400 3490 4454 etiam

1907 4502 1998 4566 qui
2036 4497 2581 4567 Spiritusparticipes
2613 4498 2738 4552 facti
2771 4506 2919 4553 sunt.
2957 4495 3036 4548 Ex
3101 4493 3338 4547 essentia
3390 4491 3494 4558 igi-

1911 4601 1996 4646 tur
2017 4591 2138 4644 Filii
2179 4591 2416 4658 Spiritus
2455 4590 2691 4659 qualitas
2723 4588 2994 4658 quaedam,
3059 4597 3116 4638 ut
3164 4586 3236 4639 ita
3292 4584 3492 4644 dicant,

205 4681 428 4734 ms‘sut
459 4679 573 4746 Dei,
609 4680 701 4751 qui
727 4681 980 4737 omnibus
1019 4678 1348 4739 dominatur.
1388 4685 1541 4753 Quod
1597 4685 1641 4740 si
1703 4687 1776 4740 ita
1817 4697 1924 4750 est.
1962 4686 2100 4740 Deus
2125 4692 2232 4751 est,
2286 4674 2395 4737 non
2415 4693 2593 4738 autem
2631 4681 2827 4747 lactus,
2847 4689 2907 4735 ut
2955 4681 3114 4735 aliter
3130 4676 3493 4735 sentientibus

204 4777 454 4829 videtur.

765 4869 876 4925 Ἐκ
900 4872 1010 4940 τῆς
1039 4872 1254 4940 αὐτῆς.

280 4963 400 5026 Τὰς
438 4965 548 5016 τῶν
580 4964 742 5017 Θείων
773 4965 1136 5036 χαρισμάτων
1169 4965 1432 5036 διανομὰς
1462 4967 1490 5019 ὁ
1524 4965 1796 5038 μακάριος

207 5057 432 5120 Παῦλος
456 5059 522 5128 τῇ
541 5057 637 5111 τοῦ
675 5058 834 5126 ἁγίου
876 5058 1198 5128 Πνεῦματος
1231 5059 1508 5121 ἀνατιθεὶς
1539 5061 1796 5131 ἐνεργείᾳ

209 5152 422 5223 γράφει
445 5151 630 5204 uitium
661 5144 730 5222 ᾮ
758 5151 876 5220 μὲν
906 5151 1004 5205 διὰ
1034 5151 1143 5206 τοῦ
1173 5153 1524 5222 Πνεύματος
1563 5152 1798 5207 δίδοται

205 5248 400 5314 λόγος
423 5243 665 5311 σοφίας,
689 5236 737 5310 ᾧ
765 5243 832 5295 δὲ
851 5244 1037 5312 ,λόγος
1059 5244 1336 5312 γνώσεως
1369 5242 1521 5298 κατὰ
1548 5244 1616 5298 τὸ
1647 5245 1794 5299 αὐτὸ

207 5337 484 5406 Πνεῦμα,
507 5333 676 5400 ἄλλῳ
705 5333 773 5388 δὲ
812 5335 1022 5399 πίστις
1055 5335 1126 5388 ἐν
1152 5334 1233 5400 τῷ
1274 5335 1435 5400 αὐτῷ
1472 5337 1794 5405 Hreni/mct-

205 5427 385 5492 ἄλλῳ
406 5425 476 5479 δὲ
507 5425 845 5495 χαρίσματα
876 5425 1138 5493 ἰαμάτων
1155 5426 1226 5478 ἐν
1241 5423 1322 5490 τῷ
1356 5426 1448 5480 ἐνί
1473 5428 1795 5496 Πνεύματι·

205 5522 386 5586 ἄλλῳ
417 5517 484 5572 δὲ
505 5518 649 5587 γένη
677 5518 1001 5587 γλωσσῶν.
1026 5516 1221 5572 Ταῦτα
1257 5518 1327 5571 δὲ
1339 5518 1540 5573 πάντα
1569 5519 1807 5589 ἐνεργεῖ

207 5614 278 5667 τὸ
308 5612 384 5666 ἐν
415 5611 510 5665 καί
541 5609 609 5665 τὸ
629 5611 774 5666 αὐτό
798 5610 1064 5681 Πνεῦμα,
1106 5610 1378 5679 διαιροῦν
1403 5611 1523 5680 Ιδίᾳ
1538 5611 1800 5678 ἑκάστῳ,

212 5709 422 5770 καθὼς
446 5705 761 5768 βούλεται.
805 5703 948 5758 Ἀλλ’
975 5703 1156 5770 εἰδὼς,
1190 5704 1274 5758 ὅτι
1312 5706 1375 5756 τὸ
1399 5699 1628 5775 Πνεῦμα
1661 5704 1798 5768 Θεός

205 5802 386 5857 ἐστιν,
403 5799 455 5848 ἐν
481 5799 546 5868 τῇ
573 5798 708 5866 αὖτῇ
727 5798 886 5850 πάλιν
903 5796 1197 5868 Ἐπιστολῇ
1223 5815 1389 5868 φησιν
1408 5798 1540 5851 ’Καὶ
1555 5797 1662 5864 οὓς
1678 5797 1792 5867 μὲν

286 5980 299 6007 ¹
338 5980 458 6034 Act.
510 5996 640 6047 sui,
679 5982 767 6036 '28.
849 5986 866 6014 ³
892 5981 1050 6039 Joan.
1086 5996 1160 6048 vr,
1192 5979 1280 6036 δι.
1359 5983 1376 6012 ³
1412 5980 1556 6036 Psal.
1617 5995 1807 6034 ειυς]

1923 5978 2075 6034 7-10.
2153 5979 2173 6010 ³
2226 5978 2242 6032 I
2284 5978 2406 6036 Cor.
2441 5994 2540 6047 xu,
2571 5980 2622 6034 3.

1830 4878 1877 4935 ι)

2550 4871 2628 4924 Ea:
2647 4871 2848 4928 eadem.

1978 4971 2292 5025 Divinarum
2329 4983 2618 5023 uruueruru
2655 4965 3074 5022 distributiones
3120 4964 3314 5017 beatus
3346 4961 3490 5016 Pau-

1905 5064 1990 5118 lus
2017 5063 2190 5117 sancti
2217 5062 2454 5131 Spiritus
2481 5061 2764 5116 ascribens
2795 5060 2994 5115 actioni
3031 5071 3045 5110 :
3101 5056 3248 5119 Alii,
3291 5053 3487 5124 inquit,

1901 5171 1992 5222 per
2014 5153 2271 5222 Spiritum
2305 5156 2465 5207 datur
2487 5170 2658 5207 s-rmo
2691 5153 2986 5222 sapientia,
3018 5151 3114 5204 alii
3137 5158 3314 5202 autent
3371 5163 3487 5200 ser-

1905 5263 1988 5300 mo
2012 5248 2243 5301 scienlire
2275 5247 2563 5300 secundum
2601 5246 2840 5299 eumdem
2865 5242 3120 5306 Spiritum
3148 5255 3168 5303 ;
3197 5239 3291 5292 alii
3352 5237 3484 5306 ﬁdes

1900 5339 1956 5390 in
1982 5339 2162 5392 eodem
2187 5335 2424 5405 Spiritu;
2455 5337 2550 5390 alii
2583 5338 2762 5409 gratia
2787 5336 3076 5388 sanitatum
3123 5333 3179 5385 in
3214 5347 3318 5384 uno
3366 5330 3485 5397 Spi-

1897 5429 2002 5483 ritu
2027 5448 2047 5497 ;
2082 5431 2178 5486 alii
2209 5447 2400 5500 genera
2429 5431 2755 5500 linguarum.
2794 5426 2925 5482 Haec
2946 5435 3122 5480 autem
3149 5425 3329 5478 omnia
3359 5437 3483 5490 ope-

1897 5532 2054 5576 ratur
2107 5538 2244 5577 unus
2278 5532 2435 5592 atque
2463 5523 2600 5576 idem
2655 5520 2910 5592 Spiritus,
2945 5519 3178 5574 dividens
3201 5515 3480 5587 sigillatim

1894 5616 2205 5686 unicuique,
2234 5624 2392 5685 prout
2427 5614 2536 5672 uult
2562 5615 2608 5683 ⁵,
2641 5614 2786 5669 Idem
2813 5612 3108 5683 Apostolus
3138 5626 3264 5667 cum
3309 5609 3480 5665 sciret

1898 5708 2159 5775 Spiritum
2191 5723 2315 5765 esse
2350 5705 2542 5774 Deum,
2583 5709 2636 5763 in
2677 5708 2865 5762 eadem
2901 5705 3146 5777 Epistola
3189 5721 3203 5758 :
3238 5703 3307 5759 Et
3344 5702 3479 5756 alios

1897 5799 2130 5869 quidem,
2169 5798 2362 5867 inquit.
2410 5798 2619 5868 DeusZin
2652 5797 2891 5852 Ecclesia
2921 5795 3213 5859 constituit,
3250 5796 3476 5865 primum

2722 5977 2743 6008 ⁸
2773 5977 2906 6034 ibid.
2952 5979 3038 6034 8-1
3055 5978 3094 6036 ι.
