3968 6564
451 487 559 554 863

1676 495 2063 557 EUTHYMII
2103 495 2487 557 ZIGABENI.

3616 491 3725 555 8⁸4

453 602 736 669 apostolos,
777 603 963 657 deinde
989 605 1292 672 prophetas,
1332 607 1484 660 tertio
1535 609 1799 671 doctores,
1846 607 2033 660 deinde

2161 606 2306 659 ἔθετο
2335 607 2366 658 ό
2390 605 2537 671 Θεὸς
2572 603 2641 657 ἐν
2675 602 2749 671 τῇ
2793 602 3127 669 Ἐκκλησία
3155 601 3389 669 πρῶτον
3451 602 3720 655 ἀποστό-

451 692 688 758 virtutes,
747 706 924 758 postea
983 698 1185 766 gratias
1227 700 1579 765 curationum,
1640 698 2033 768 opitulationes,

452 787 875 856 gubernatioues,
904 805 1095 855 genera
1150 790 1454 861 linguarum
1498 794 1539 847 ί.
1576 792 1711 857 Quid
1746 792 1910 861 igitur
1934 791 2036 844 du-

452 880 646 943 bitant,
679 896 747 933 an
780 881 1019 947 Spiritus
1055 882 1127 936 sit
1164 884 1305 937 Deus
1335 899 1431 951 per
1450 885 1769 948 essentiam,
1798 886 1888 953 qui
1944 896 2037 936 so-

452 972 560 1025 lum
597 973 662 1024 ad
692 973 1137 1027 calumniaudum
1189 983 1313 1029 sunt
1346 974 1697 1044 paratissimi,
1730 987 1851 1027 cum
1889 972 2036 1029 Pan-

450 1064 535 1117 lus
569 1065 912 1133 apertissime
939 1065 1105 1129 dicat,
1145 1066 1408 1135 Spiritum
1435 1081 1557 1121 esse
1593 1066 1683 1136 qui
1725 1066 2025 1134 gratiarum

450 1172 651 1223 genera
684 1156 911 1223 dividat,
943 1159 1399 1225 quemadmodum
1443 1160 1591 1224 vult,
1652 1159 1850 1212 deimle
1909 1171 2037 1211 vero

450 1248 707 1317 Suhjiciat
734 1248 899 1303 Deum
933 1266 1077 1315 esse,
1104 1253 1193 1321 qui
1229 1257 1282 1305 in
1322 1252 1574 1308 ecclesiis
1600 1256 1722 1317 haec
1750 1252 1865 1320 ipsa
1921 1250 2039 1303 dis-

456 1341 696 1394 tribuat?
728 1340 917 1397 Nonne
945 1353 1126 1397 autem
1153 1345 1446 1398 absurdum
1488 1354 1591 1408 est,
1618 1358 1711 1398 eos
1765 1345 1855 1413 qui
1890 1352 2038 1395 recte

452 1433 641 1486 volunt
662 1434 884 1499 sentire,
921 1449 1024 1488 nou
1055 1435 1203 1489 Pauli
1230 1436 1435 1499 verbis,
1461 1437 1557 1492 sed
1580 1435 1765 1490 stultis
1795 1433 2029 1487 aliorum

452 1524 615 1579 dictis
649 1527 931 1581 attendere
952 1527 1128 1583 ‘lDeus
1151 1544 1281 1599 ergo
1316 1528 1550 1600 Spiritus
1570 1538 1673 1596 est,
1704 1528 1829 1582 licet
1849 1541 2036 1579 auten-

457 1628 538 1672 tes
572 1616 818 1675 homines
846 1620 1040 1675 nolint.

1094 1891 1179 1947 Ex
1196 1894 1397 1948 eadem.

522 1982 723 2037 Scribit
748 1997 939 2039 rursus
975 1984 1116 2038 idem
1142 1988 1430 2055 Aposmlus
1461 2004 1475 2044 :
1513 1984 1572 2041 Si
1614 2002 1728 2050 nos,
1763 1985 2037 2055 inquiens,

452 2075 594 2128 vobis
621 2077 919 2143 spiritualia
954 2078 1352 2141 seminavimus,
1385 2096 1635 2149 magnum
1681 2087 1781 2143 est,
1812 2080 1857 2132 si
1916 2094 2045 2131 car-

453 2168 599 2221 nalia
631 2177 802 2222 vestra
824 2179 1083 2223 uiolamus
1117 2173 1138 2203 ¹
1170 2171 1517 2239 ?spiritualia
1563 2172 1819 2225 nimirtnn
1851 2170 2043 2241 appel-

452 2258 526 2310 lat
552 2258 757 2324 divina,
782 2259 922 2313 sicut
952 2261 1211 2315 carnalia.
1248 2277 1368 2328 quae
1399 2263 1465 2314 ad
1490 2274 1709 2315 carnem
1740 2260 2042 2329 pertinent.

453 2350 819 2416 Quamobrem
847 2352 895 2407 si
919 2353 1126 2418 divina,
1173 2356 1273 2407 hoc
1301 2362 1404 2414 est.
1441 2353 1535 2408 Dei
1581 2356 1839 2423 mysteria
1897 2365 2046 2408 reCte

457 2440 753 2508 appellavit
789 2441 1123 2510 spiritualia,
1162 2443 1301 2497 Do-us
1354 2442 1602 2512 proiecto
1650 2441 1888 2511 Spiritus
1940 2450 2047 2509 est,

452 2531 611 2602 cujus
647 2533 1138 2604 mysteriavocavit
1165 2534 1504 2602 spiritualia.

922 2714 1007 2770 Ex
1027 2715 1254 2771 Joannis
1273 2717 1580 2786 Evangelia.

526 2807 770 2874 Quodam
799 2806 919 2862 loco
954 2811 1019 2862 de
1046 2810 1225 2879 seipso
1268 2810 1567 2879 loquensin
1592 2811 1900 2881 Evangeliis
1928 2811 2052 2867 Ser-

2137 700 2312 762 λους,
2340 696 2626 764 δεύτερον
2654 696 2989 764 προφήτας,
3044 694 3246 762 τρίτον
3283 692 3719 757 διδασκάλους,

2137 784 2265 844 εἶτα
2299 786 2607 855 δυνάμεις,
2635 784 2844 839 ἔπειτα
2868 785 3209 853 χαρίσματα
3232 782 3518 851 ἰαμάτων,
3558 784 3722 836 ἀντι-

2137 880 2383 948 λήψεις,
2413 882 2834 951 κυϐερνήσεις,
2865 880 3010 949 γένη
3058 876 3373 946 γλωσσῶν.
3410 877 3480 929 Τί
3540 875 3724 928 τοίνυν

2138 973 2598 1042 ἀμφισὰλλουσιν,
2651 976 2702 1027 ει
2764 973 2901 1035 Θεὸς
2954 972 3016 1024 τδ
3053 970 3281 1041 Πνεῦμα
3322 971 3567 1039 ὑπάρχει
3597 972 3723 1022 κατ’

2138 1068 2350 1133 οὐσίαν,
2388 1069 2435 1121 οἱ
2471 1067 2611 1137 πρὸς
2675 1067 2835 1138 μόνον
2881 1066 2942 1119 τὸ
2983 1066 3298 1136 δυσφημεῖν
3351 1063 3718 1131 ἑτοιμότατοι,

2140 1160 2358 1215 Παύλου
2392 1162 2712 1229 σαφέστατα
2763 1158 3069 1219 διειπὸντος
3126 1156 3247 1227 μὲν,
3292 1157 3369 1220 ὡς
3396 1156 3458 1209 τὸ
3491 1154 3724 1224 Πνεῦμά

2141 1255 2258 1306 ἔστι
2291 1253 2353 1306 τὸ
2383 1253 2656 1324 διαιροῦν,
2693 1251 2879 1315 καθὼς
2907 1250 2977 1304 ἂν
3021 1249 3155 1303 αὐτὸ
3187 1248 3471 1321 βούληται,
3508 1246 3578 1300 τὰ
3608 1247 3722 1300 τῶν

2140 1346 2499 1416 χαρισμάτων
2528 1346 2668 1415 εἴδη,
2728 1341 2849 1397 εἶτα
2885 1344 3052 1399 πάλιν
3080 1343 3218 1397 Θεὸν
3244 1340 3385 1397 εἶναι
3418 1341 3725 1411 φάσκοντος

2138 1440 2231 1493 τὸν
2268 1441 2326 1493 ἐν
2356 1442 2478 1501 ταῖς
2508 1438 2833 1507 ἐκκλησίαις
2862 1437 2931 1491 τὰ
2963 1437 3197 1491 τοιαῦτα
3230 1434 3578 1507 χορηγοῦντα
3609 1435 3727 1495 τοῖς

2140 1532 2347 1601 ἀγίοις;
2392 1531 2516 1593 Πῶς
2548 1531 2606 1584 δὲ
2645 1530 2745 1583 οὐκ
2773 1531 2979 1584 ἄτοπον
3020 1531 3149 1592 τοὺς
3204 1527 3383 1598 ὀρθῶς
3428 1526 3721 1587 ἐθέλοντας

2140 1625 2365 1692 φρονεῖν
2421 1623 2497 1692 μὴ
2556 1624 2675 1683 ταῖς
2710 1622 2808 1675 τοῦ
2860 1620 3079 1674 Παύλου
3134 1621 3363 1689 φωναῖς,
3423 1618 3562 1672 ἀλλά
3604 1620 3726 1678 ταῖς

2140 1716 2316 1771 ἄλλων
2351 1716 2645 1788 προσέχειν
2675 1714 2961 1777 ἀϐουλίαις
2989 1731 3006 1779 ;
3032 1712 3168 1776 Θεὸς
3218 1707 3314 1766 οὖν
3369 1714 3433 1765 τὸ
3473 1708 3725 1779 Πνεῦμα,

2140 1805 2243 1861 κᾶν
2271 1805 2325 1860 οἱ
2350 1807 2584 1877 ἀμαθεῖς
2622 1806 2697 1878 μὴ
2731 1805 3053 1875 βούλωνται.

2686 1898 2788 1951 Ἐκ
2830 1895 2942 1963 τῆς
2975 1893 3190 1962 αὐτῆς.

2226 1990 2565 2054 Ἐπιστέλλει
2591 1990 2754 2044 πάλιν
2779 1991 2807 2041 ὁ
2837 1988 3051 2048 Παῦλός
3079 2003 3223 2038 τισιν
3246 2000 3260 2015 ·
3292 1987 3359 2038 El
3384 1984 3558 2052 ἡμεῖς
3585 1984 3730 2052 ὑμῖν

2142 2082 2215 2136 τὰ
2245 2080 2624 2151 πνευματικὰ
2646 2080 3033 2147 ἐσπείραμεν,
3078 2077 3235 2145 μέγα
3265 2077 3315 2129 εἰ
3344 2073 3518 2142 ἡμεῖς
3560 2072 3733 2143 ὑμῶν

2143 2173 2217 2226 τὰ
2234 2171 2493 2240 σαρκικὰ
2526 2172 2889 2241 θερίσομεν]
2917 2167 3059 2221 Ἀλλ’
3086 2167 3205 2219 ἔστι
3236 2158 3416 2235 δῆλον,
3449 2166 3535 2218 ὅτι
3564 2181 3730 2217 πνευ-

2150 2264 2361 2335 ματικὰ
2397 2264 2469 2317 τὰ
2498 2263 2617 2316 θεῖα
2661 2262 2841 2315 πάντα
2868 2257 3013 2314 εἷναί
3056 2276 3248 2329 φησιν,
3279 2256 3473 2327 ὥσπερ
3498 2252 3592 2309 οῦν
3633 2258 3733 2308 καὶ

2145 2359 2215 2411 τὰ
2258 2355 2505 2426 σαρκικὰ
2550 2354 2623 2408 τὰ
2664 2355 2768 2423 τῆς
2812 2353 3037 2423 σαρκός.
3106 2352 3169 2404 Et
3222 2350 3406 2403 τοίνυν
3459 2350 3530 2403 τὰ
3586 2348 3733 2411 θεῖα,

2147 2450 2402 2503 τουτέστι
2441 2449 2511 2502 τὰ
2569 2448 2704 2518 περὶ
2738 2446 2876 2500 Θεοῦ
2938 2445 3238 2516 μυστήρια,
3278 2443 3463 2505 καλῶς
3493 2442 3559 2511 δὴ
3586 2440 3734 2511 μάλα

2148 2542 2319 2594 ποιῶν
2374 2538 2729 2610 ἀποκέκληκε
2792 2536 3169 2607 πνευματικὰ,
3233 2534 3368 2597 est;
3407 2533 3475 2587 ἂν
3538 2533 3627 2602 εῖη
3675 2533 3737 2585 τὸ

2148 2632 2401 2703 Πνεῦμα,
2458 2625 2519 2684 οῦ
2580 2632 2676 2683 καὶ
2729 2630 3018 2700 μυστήρια
3080 2628 3321 2695 κέκληκε
3360 2629 3733 2696 πνευματικὰ.

2373 2726 2467 2779 Ἐκ
2493 2724 2601 2778 τοῦ
2625 2722 2776 2777 κατὰ
2807 2721 3101 2785 Ἰωάννην
3130 2718 3521 2787 Εὐαγγελίου.

2238 2819 2461 2879 Ἐντοῖς
2518 2816 2883 2883 Εὑαγγελίοις
2940 2813 3043 2866 πού
3088 2828 3255 2882 φησιν
3302 2814 3331 2864 ὁ
3364 2810 3561 2880 Σωτὴρ
3604 2809 3739 2876 περὶ

458 2913 609 2954 νιιιοι
646 2918 659 2953 :
730 2898 863 2969 Ego,
905 2900 1101 2969 inquit,
1146 2918 1262 2954 sum
1309 2904 1504 2956 veritas
1540 2904 1582 2960 ³.
1615 2903 1813 2959 Beatus
1867 2914 2048 2957 autem

2161 2910 2401 2973 ι;‹ιιυτοῦ,ι
2427 2909 2568 2978 Ἐγώ
2590 2911 2707 2976 εἰμι
2726 2910 2759 2979 ἡ
2779 2907 3065 2978 ἀλήθεια.)
3090 2906 3150 2958 Ὀ
3179 2904 3234 2956 δὲ
3250 2903 3524 2974 μακάριος
3552 2901 3736 2955 Ἰωαν-

455 2991 717 3058 Joannes,
752 3005 818 3045 es
866 2990 1048 3046 Patris
1110 2995 1344 3047 essvntia
1395 3005 1557 3064 atque
1610 2995 1730 3050 Filii
1789 2997 2049 3066 Spiritum

2161 3022 2252 3075 νης
2286 3003 2350 3057 ἐκ
2373 3021 2434 3056 τε
2459 3005 2561 3072 τῆς
2605 3000 2700 3055 τοῦ
2736 3001 2951 3070 Πατρὸς
2982 2998 3172 3060 οὐσίας
3208 2997 3305 3051 καὶ
3364 2996 3461 3049 τοῦ
3496 2994 3630 3049 Υἱοῦ
3670 2994 3732 3047 τὸ

456 3100 580 3136 esse
602 3084 1005 3149 demonstrans,
1037 3082 1317 3152 Spiritum,
1357 3084 1557 3154 inquit,
1589 3087 1854 3152 veritatis,
1887 3104 1979 3158 qut
2019 3105 2049 3141 a

2161 3096 2382 3166 Πνεῦμα
2436 3093 2721 3157 δεικνύων,
2776 3094 2834 3145 ὲν
2897 3093 2995 3160 μὲν
3030 3094 3145 3153 τοῖς
3170 3088 3530 3157 Εὑαγγελίοις
3564 3085 3738 3156 φησί’

462 3175 626 3229 Putre
651 3176 883 3242 procedit
911 3177 951 3230 ⁵.
980 3174 1036 3229 In
1096 3174 1337 3246 Epistola
1375 3188 1557 3233 autem
1600 3196 1614 3233 :
1670 3178 1923 3246 Spiritus.
1968 3181 2049 3234 in~

2163 3186 2235 3239 Τὸ
2267 3184 2509 3253 Πνεῦμα
2532 3183 2645 3251 τῆς
2698 3182 3007 3248 ἀληθείας,
3051 3181 3084 3234 ὃ
3124 3178 3285 3247 παρὰ
3347 3177 3459 3230 τοῦ
3513 3177 3742 3243 Πατρός

459 3269 599 3334 quit,
630 3277 704 3320 est
751 3270 939 3322 veritas
969 3271 1011 3323 ⁸.
1049 3270 1331 3335 Quomodo
1385 3270 1571 3341 igitur,
1605 3285 1728 3326 cum
1760 3289 1826 3327 ex
1878 3272 2040 3327 Patre

2161 3277 2555 3344 ἐκπορεύεται·
2596 3277 2654 3328 ὲν
2701 3273 2756 3326 δὲ
2779 3275 2844 3342 τῇ
2873 3269 3133 3338 ἐπιστολῇ
3154 3288 3167 3303 ·
3194 3269 3269 3323 Τὸ
3303 3267 3547 3336 Πνεῦμὰ
3571 3268 3743 3321 ἐστιν

462 3358 746 3427 procedat,
771 3368 824 3413 et
863 3358 1102 3429 Spiritus
1138 3360 1384 3415 veritatis
1403 3361 1475 3415 sit
1503 3372 1726 3431 prepter
1786 3364 2046 3417 similitu-

461 3452 643 3505 dinem
674 3460 728 3506 et
759 3453 1004 3522 ejusdem
1029 3457 1289 3509 essentiae
1307 3462 1579 3518 naturam,
1615 3454 1773 3518 adeo,
1832 3465 1891 3508 ut
1936 3456 2052 3525 ipse

462 3560 679 3613 quoque
705 3545 907 3600 veritas
935 3546 1257 3615 appelletur,
1319 3545 1499 3602 factus
1551 3557 1606 3603 et
1660 3559 1879 3605 creatus
1937 3549 2054 3604 sit?

485 3622 795 3690 Absurdum
825 3636 878 3691 id
914 3638 1132 3708 quidem
1165 3647 1270 3693 est.
1297 3637 1485 3709 Itaque
1503 3638 1643 3695 Deus
1676 3649 1763 3695 est
1793 3638 2053 3710 Spiritus,

464 3728 732 3797 siquidem
760 3729 957 3785 veritas
981 3740 1084 3795 est,
1114 3737 1169 3786 et
1190 3744 1222 3784 a
1262 3729 1426 3787 Patre
1447 3730 1715 3801 procedit.

1110 4011 1196 4074 Ex
1217 4014 1419 4069 eodem.

544 4111 745 4162 Beatus
776 4106 1015 4162 Joannes
1039 4107 1107 4162 de
1136 4105 1314 4161 Verbo
1343 4108 1432 4163 Dei
1465 4106 1692 4178 laqueus
1734 4109 1910 4179 ipsum
1938 4125 2061 4167 esse

473 4206 610 4257 dixit
638 4205 812 4258 lucem
838 4217 1044 4265 veram,
1074 4216 1196 4270 quae
1230 4200 1497 4254 illuminat
1526 4216 1742 4255 omnem
1784 4202 2059 4257 hominem

472 4294 783 4348 seuientem
820 4294 870 4345 in
930 4292 1072 4345 hunc
1113 4291 1371 4346 mundum
1404 4291 1445 4344 ⁸.
1502 4288 1573 4343 At
1623 4290 2062 4360 sapientissimus

473 4385 678 4440 Paulus
729 4384 988 4453 Spiritum
1056 4391 1303 4436 sanctum
1358 4379 1648 4450 splendere
1697 4380 1749 4432 in
1807 4377 2063 4433 cordibus

477 4479 681 4533 nostris
723 4476 1010 4531 aliirniavit
1046 4475 1114 4529 ad
1176 4475 1597 4529 illustrationem
1647 4471 1836 4541 gloriae
1867 4471 1961 4526 Dei
2008 4470 2061 4525 in

2154 3370 2193 3437 ἡ
2224 3367 2503 3437 ἀλήθεια.
2541 3365 2667 3428 Πῶς
2698 3361 2792 3418 οὖν
2825 3362 2886 3415 τὸ
2920 3364 2988 3414 ὲκ
3022 3362 3120 3414 τοῦ
3178 3360 3394 3429 Πατρδς
3441 3357 3741 3428 ἐκπορευό-

2157 3477 2343 3531 μενον,
2376 3460 2471 3513 καὶ
2512 3458 2740 3525 Πνεῦμα
2789 3458 2889 3526 τῆς
2924 3453 3186 3523 ἀληθείας
3231 3451 3479 3520 ὑπάρχον
3513 3448 3601 3502 διὰ
3644 3448 3740 3516 τὴν

2156 3553 2483 3623 ἐμφέρειαν,
2512 3552 2609 3604 καλ.
2637 3550 2736 3620 τὴν
2790 3550 2892 3619 τῆς
2918 3546 3107 3608 οὐσίας
3137 3543 3472 3612 ταυτότητα,
3511 3541 3586 3603 ὡς
3608 3540 3737 3609 ἀλησ

2156 3647 2309 3701 θειαν
2337 3643 2650 3707 καλεῖσθαι,
2687 3643 2780 3696 καὶ
2808 3642 2942 3695 αὐτὸ
2970 3636 3202 3708 γενητὸν
3247 3635 3315 3689 ἂν
3368 3635 3457 3703 εἴη
3517 3632 3613 3685 καὶ
3645 3648 3738 3683 πε-

2156 3737 2452 3806 ποιημένον
2475 3752 2491 3801 ;
2523 3734 2687 3787 Ἀλλὰ
2712 3732 2873 3786 τοῦτο
2895 3730 3124 3784 ἄτοπον.
3180 3723 3396 3781 Οὐκοῦν
3421 3724 3483 3780 τὸ
3516 3723 3733 3792 Πνεῦμα

2157 3830 2314 3894 Θεὸς,
2344 3830 2467 3883 είπε
2477 3846 2508 3900 ρ
2531 3828 2701 3891 ὅντως
2725 3825 2980 3899 ἀλήθεια,
3007 3823 3101 3877 καὶ
3118 3823 3183 3874 ὲκ
3212 3819 3433 3891 Πατρὸς
3456 3816 3737 3887 ἐκπορεύε-

2158 3941 2271 3978 ται.

2702 4011 2806 4066 Ἐκ
2850 4011 2958 4065 τοῦ
2996 4007 3210 4063 αὑτοῦ.

2242 4109 2304 4165 Ὀ
2342 4107 2619 4178 μακάριος
2661 4106 2922 4174 Ἰωάννης
2956 4102 3085 4168 περὶ
3119 4099 3217 4154 τοῦ
3253 4099 3391 4153 Θεοῦ
3422 4100 3601 4166 Λόγου
3624 4097 3732 4149 δια-

2160 4203 2478 4273 λαμϐάνων,
2532 4199 2697 4255 αὐτὸν
2748 4194 2890 4252 εἷναί
2942 4214 3076 4267 φησι
3102 4194 3164 4248 τὸ
3194 4194 3310 4264 φῶς
3355 4192 3417 4246 τὸ
3476 4188 3734 4261 ἀληθινὸν,

2164 4296 2192 4349 δ
2221 4296 2449 4364 φωτίζει
2486 4294 2668 4350 πάντα
2709 4291 3003 4362 ἄνθρωπον
3036 4290 3339 4361 ἐρχόμενον
3373 4287 3457 4349 είς
3505 4285 3597 4339 τὸν
3655 4282 3736 4335 κό-

2167 4405 2328 4457 σμον.
2370 4388 2428 4442 Ὀ
2450 4386 2507 4439 δὲ
2533 4384 2847 4453 σοφώτατος
2890 4383 3099 4444 Παῦλος
3131 4382 3191 4434 τὺ
3220 4378 3450 4449 Πνεῦμα
3481 4380 3545 4433 τὸ
3599 4377 3739 4444 ἅγιον

2165 4479 2471 4548 ὲλλάμπειν
2501 4480 2559 4532 ὲν
2584 4479 2705 4541 ταῖς
2738 4476 2994 4546 καρδίαις
3024 4473 3181 4544 ἡμῶν
3201 4473 3585 4543 διισχυρίσατο
3618 4469 3738 4539 πρὸς

476 4585 705 4641 persona
768 4568 968 4624 Christi
1003 4567 1309 4622 ".Proinde
1365 4580 1485 4619 cum
1544 4563 1780 4620 Verbum
1842 4564 1915 4617 sit
1969 4561 2049 4616 lu)

2168 4570 2454 4642 φωτισμὸν
2509 4569 2611 4639 τῆς
2655 4568 2913 4637 γνώσεως
2937 4566 3039 4636 τῆς
3101 4565 3303 4627 δόσεως
3358 4562 3455 4616 τοῦ
3495 4562 3627 4616 Θεοῦ
3683 4561 3734 4613 ὲν

475 4678 629 4727 vera,
665 4662 950 4731 splendeat
984 4671 1165 4715 autem
1191 4660 1428 4729 Spiritus
1463 4667 1712 4721 sanctus,
1753 4654 2049 4713 necessarii

2172 4641 2453 4734 τεροσώπῳ
2491 4662 2666 4731 Ἰησοῦ
2707 4660 2968 4732 Χριστοῦ.
2991 4660 3158 4713 Ὅτου
3189 4658 3373 4711 τοίνυν
3404 4658 3435 4709 ὁ
3454 4657 3623 4722 Λόγος
3654 4653 3738 4723 μὲν

478 4757 751 4812 fatendum
774 4764 881 4818 est,
906 4769 937 4808 e
962 4755 1151 4809 sentiae
1201 4750 1363 4806 Verbi
1393 4765 1513 4805 esse
1568 4749 1734 4804 etiam
1794 4745 2060 4816 Spiritum

476 4863 746 4913 sanctum,
774 4864 869 4916 per
904 4863 1063 4916 quem
1090 4846 1362 4900 illuminat
1382 4858 1599 4900 omnem
1619 4842 1920 4907 hominem,
1940 4855 2061 4894 cum

481 4943 717 5011 Spiritus
752 4938 1291 5007 sanctisplendorem
1332 4948 1591 5007 tanquam
1648 4934 1900 4991 essentia:
1942 4947 2068 5002 pro-

481 5035 613 5105 priae
630 5033 846 5088 radium
878 5030 1171 5099 quemdam
1192 5029 1432 5084 emittat.

945 5227 1181 5297 Objectio
1218 5226 1613 5279 luereticorum.

559 5325 615 5381 Si
647 5333 984 5400 sanctorum,
1024 5320 1305 5391 inquiunt,
1360 5320 1572 5373 animos
1624 5315 1830 5386 Spiritu
1883 5325 2074 5371 sancto

2173 4757 2293 4811 ἐστι
2325 4756 2387 4809 τὸ
2411 4757 2526 4823 φῶς
2550 4754 2612 4807 τὸ
2641 4753 2919 4825 ἀληθινὸν,
2949 4751 3222 4820 ὲλλάμπει
3249 4749 3305 4802 δὲ
3359 4750 3421 4801 τὸ
3454 4746 3667 4816 Πνεῦμα
3686 4744 3739 4796 τὸ

2173 4851 2352 4917 ἅγιον,
2385 4848 2601 4917 ἀνάγκη
2629 4847 2781 4899 πᾶσα
2825 4846 2926 4909 τῆς
2974 4843 3165 4906 οὐσίας
3212 4843 3307 4895 τοῦ
3359 4841 3537 4909 Λόγου
3580 4834 3739 4891 καὶτὸ

2174 4941 2403 5010 Πνεῦμα
2435 4938 2848 5007 συνομολογεῖν,
2882 4936 2956 4989 δι’
2990 4929 3052 4990 οῦ
3082 4934 3309 5003 φωτίζει
3340 4935 3524 4987 πάντα
3550 4931 3737 4999 ἀνθρωσ

2177 5052 2301 5099 πον,
2336 5032 2528 5101 ὥσπερ
2544 5029 2666 5083 τινὰ
2685 5031 2786 5098 τῆς
2808 5027 3019 5091 οἰκείας
3050 5026 3272 5098 φύσεως
3301 5028 3502 5080 ἀκτῖνα
3544 5020 3738 5095 προτεί-

2181 5145 2292 5182 νων
2318 5125 2418 5191 τὴν
2440 5124 2527 5176 διὰ
2551 5124 2692 5176 Πνεῦ
2702 5138 2875 5192 ματος
2902 5119 3196 5189 ἕλλαμψιν.

2626 5215 2961 5276 Ἀντίθεσις
2987 5208 3318 5280 αἱρετικῶν.

2248 5312 2311 5366 Εἰ
2350 5310 2450 5372 τὰς
2489 5308 2599 5361 τῶν
2651 5306 2841 5373 ἁγίων,
2890 5304 3081 5374 φησὶν,
3134 5303 3313 5371 ψυχὰς
3367 5287 3738 5369 καταχρίεσθαί

488 5421 658 5475 ῡιιιιιιι
688 5396 896 5489 ungere
927 5415 1231 5478 atiirmatis,
1263 5411 1525 5482 unguenti
1586 5409 1769 5464 locum
1824 5416 1880 5461 et
1929 5406 2047 5462 ordi

2181 5421 2322 5473 φατε
2354 5402 2507 5471 παρὰ
2530 5399 2667 5453 Θεοῦ
2702 5399 2779 5466 τῷ
2811 5397 2954 5468 ἁγίῳ
2984 5395 3287 5465 Πνεῦματι,
3319 5395 3378 5445 ὲν
3406 5392 3555 5455 τάξει
3585 5387 3733 5455 μύρον

491 5529 615 5568 nem
642 5511 879 5580 Spiritus
911 5509 1202 5564 obtinebit.
1234 5496 1406 5561 Porro
1462 5503 1555 5574 qui
1590 5502 1706 5556 ﬁeri
1758 5510 1955 5571 potest,
2019 5516 2049 5552 ιι

2182 5497 2241 5550 τὸ
2276 5496 2499 5565 Πνεῦμα
2540 5492 2808 5547 κείσεται.
2842 5490 2954 5543 Kal
2984 5490 3101 5552 πῶς
3132 5488 3199 5540 ἂν
3233 5487 3316 5556 εῐη
3345 5486 3448 5551 τῆς
3479 5482 3635 5545 αὐτῆς
3658 5477 3735 5529 οὐ·

489 5606 731 5673 ejusdem
764 5603 1018 5659 essentia:
1044 5602 1116 5656 sit
1142 5607 1501 5669 unguentum,
1533 5606 1589 5652 et
1619 5595 1710 5649 ille
1758 5595 1847 5661 qui
1896 5593 2075 5661 ungit,

2188 5588 2306 5649 σίας
2340 5586 2418 5656 τῷ
2447 5583 2658 5656 χρίοντι
2684 5583 2744 5636 τὸ
2785 5582 2855 5651 μύ
2869 5597 2982 5651 ρον,
3022 5579 3159 5650 μηδὲ
3184 5578 3286 5647 τῆς
3315 5577 3436 5630 καθ’
3460 5576 3597 5645 ἡμᾶς
3626 5586 3732 5621 σνν-

494 5714 618 5752 cum
643 5697 981 5751 consuetudo
1037 5704 1225 5748 nostra
1261 5692 1312 5747 id
1373 5707 1478 5745 non
1534 5687 1809 5758 patiatur?
1846 5703 1879 5741 ο
1930 5700 2049 5738 omu

2186 5678 2379 5749 ηθείας
2401 5677 2463 5730 τὸ
2489 5676 2728 5730 τοιοῦτον
2758 5674 3185 5743 ὲπιδεχόμενονς
3217 5671 3262 5723 ὣ
3295 5670 3444 5740 πάσῃ
3479 5665 3733 5758 μεθύοντες

496 5787 725 5843 stultitia
746 5787 905 5852 ebrii,
932 5795 989 5843 et
1018 5784 1259 5840 omnium
1280 5779 1591 5850 turpissima
1628 5777 1768 5845 pleni
1805 5775 2083 5831 temerita-

576 5902 819 5971 ‘Eplies,
877 5919 949 5965 Iv,
990 5902 1074 5956 ll.
1154 5904 1173 5933 ³
1203 5901 1219 5953 ι
1248 5901 1375 5956 Cor.
1408 5916 1481 5963 ιχ,
1524 5899 1607 5953 il.

504 5977 522 6007 τ
553 5975 596 6029 ιι
638 5976 764 6031 (lor.
811 5992 889 6039 tv,
924 5976 977 6029 6.

1720 5898 1740 5928 ³
1780 5893 1936 5950 Joan.
1975 5908 2085 5957 xxv,
2114 5892 2167 5945 6.

2189 5748 2364 5841 ἀνοίᾳ,
2392 5769 2606 5838 καὶτῆς
2635 5766 2866 5822 ἁπασῶν
2890 5766 3178 5837 αἰσχίστης
3200 5761 3460 5824 ἀϐουλίας
3484 5748 3729 5817 manus!

2278 5890 2297 5919 ⁵
2328 5888 2484 5943 Joan.
2559 5902 2649 5954 XV,
2682 5886 2772 5941 9.6.
2852 5886 2872 5917 ³
2909 5883 3113 5940 lJoan.
3157 5898 3209 5947 γ,
3243 5880 3296 5934 6.
3403 5874 3587 5930 ‘Joan.
3626 5884 3659 5932 ι.
3684 5865 3727 5921 9ο
