3968 6576
243 382 357 446 865

1204 385 1581 447 PANOPLIA
1618 386 2071 448 DOGMATICA.
2098 411 2167 422 -
2207 386 2356 447 ΤΙΤ.
2402 386 2545 449 ΧΠ.

3405 390 3512 455 866

243 499 318 552 Οὐ
342 498 516 569 βραχὺ
539 497 922 569 διανήψαντες,
952 502 1048 553 καὶ
1075 498 1175 562 τὰς
1191 503 1321 572 περὶ
1353 502 1627 571 σωμάτων
1658 503 1823 569 ἀφέν-

1936 502 2009 555 te!
2049 502 2237 557 Nonne
2268 517 2561 573 parumper
2599 501 2953 571 rrsipiscctis,
2973 510 3026 556 et
3047 516 3338 571 rorporcas
3370 507 3515 572 cegio

242 608 335 654 τες
362 591 591 654 ἑννοίας,
618 591 974 645 ἀνελεύσεσθε
1007 592 1143 663 πρὸς
1174 593 1241 647 τὰ
1273 595 1489 663 μεγάλα
1514 595 1613 665 τῆς
1646 595 1826 647 θεολο-

242 682 368 751 γίας
411 683 704 752 ὑψώματα,
742 684 837 738 καὶ
878 685 1199 754 θεοπρεπῶς
1235 687 1302 740 τὰ
1348 687 1482 756 περὶ
1528 687 1628 755 τῆς
1673 687 1823 749 θείας

242 774 458 843 φύσεως
479 773 784 844 λαλούμενα
804 775 1150 845 διαλήψεσθε,
1182 776 1283 829 κᾶν
1304 777 1668 846 ἀνθρωπίνοις
1688 796 1825 850 προ-

245 869 481 939 φέρηται
511 867 744 939 ρήμασι,
778 868 869 920 καὶ
901 870 998 938 τῆς
1048 868 1184 937 πρὸς
1219 869 1365 939 ἡμᾶς
1400 869 1692 939 συνηθείας
1726 872 1824 942 οὐχ

245 960 556 1032 ὑπερδαίνῃ
600 960 662 1012 τὸ
714 961 922 1030 σχῆμα,
964 960 1052 1014 διὰ
1092 962 1152 1014 τὸ
1190 961 1346 1030 μόλις
1386 961 1530 1015 οὕτω
1564 962 1824 1016 δύνασθαι

241 1052 385 1105 νοεῖν
418 1052 544 1113 τοὺς
570 1051 957 1121 ἀκροωμένους
986 1067 1001 1116 ;
1043 1051 1163 1105 Ἵνα
1192 1051 1249 1105 δέ
1277 1070 1329 1105 τι
1354 1054 1474 1115 ταῖς
1513 1052 1665 1123 ὑμῶν
1692 1054 1825 1124 εὑη-

242 1144 418 1207 θείαις
479 1143 729 1213 εἴπωμεν
805 1145 1085 1213 συγγενὲς,
1141 1146 1190 1197 εἰ
1236 1147 1294 1199 ὲν
1343 1146 1493 1211 τάξει
1546 1145 1721 1217 μύρου
1766 1146 1827 1201 τὸ

242 1235 469 1303 Πνεῦμα
511 1236 754 1288 κείσεται
790 1236 914 1288 καθ’
958 1237 1125 1306 ὑμᾶς,
1157 1236 1345 1305 ἐπειδὴ
1381 1236 1442 1289 τὸ
1474 1237 1699 1307 ῖχρίσμα
1731 1238 1824 1291 τοῦ

240 1324 491 1394 χρίοντος
530 1326 612 1378 δεῖ
645 1327 862 1389 πάντως
898 1318 1040 1377 εἶναι
1075 1325 1449 1394 ἐτεροούσιον,
1486 1326 1701 1393 ἀνάγκη
1734 1325 1824 1375 λε·

239 1435 365 1485 γειν
385 1458 398 1481 ,
433 1418 622 1489 ἐπειδὴ
654 1418 716 1471 τὸ
756 1418 930 1490 μύρον
959 1419 1023 1470 ἐκ
1058 1417 1271 1470 πολλῶν
1307 1416 1643 1470 συντέθειται
1674 1416 1827 1487 παρὰ

242 1510 355 1560 τῶν
381 1513 461 1573 είς
487 1510 644 1564 τοῦτο
669 1513 870 1580 σοφῶν,
893 1509 1109 1579 ἀνάγκη
1136 1511 1229 1562 καὶ
1249 1509 1308 1561 τὸ
1336 1508 1562 1580 Πνεῦμα
1590 1508 1649 1561 τὸ
1672 1508 1826 1575 ἅγιον

239 1600 329 1653 διὰ
358 1602 566 1654 πολλῶν
586 1603 720 1673 ἡμῖν
740 1603 837 1656 καί⁸
858 1600 1121 1655 ποικίλων
1150 1601 1468 1667 συγκεῖσθαι
1494 1602 1697 1672 μερῶν.
1718 1601 1827 1655 Καὶ

241 1690 411 1745 πάλιν
445 1692 631 1762 ἐπειδὴ
671 1693 734 1744 τὸ
775 1691 948 1763 μύρον
976 1690 1173 1759 ἄλογον
1195 1732 1208 1755 ,
1238 1690 1433 1759 ἄλογον
1472 1691 1613 1743 ἔστω
1643 1693 1737 1745 καὶ
1766 1692 1827 1744 τὸ

242 1782 472 1852 Πνεῦμα
500 1786 560 1837 τὸ
595 1784 772 1853 ἆγιον.
827 1784 889 1839 ’Π
926 1786 1023 1855 μὲν
1054 1786 1147 1839 ἐπὶ
1179 1783 1353 1853 τούτῳ
1384 1784 1668 1855 δυσφημία
1699 1784 1830 1855 δρα-

245 1878 430 1943 μεῖται
476 1876 693 1940 πάντως
732 1878 810 1939 είς
846 1878 946 1941 τὰς
984 1878 1209 1931 ἐκείνων
1252 1876 1497 1945 κεφαλάς
1520 1878 1727 1947 ’ἡμεῖς
1768 1875 1828 1928 δὲ

240 1966 430 2028 αὐτοῖς
462 1967 955 2038 ἀντεπαγάγωμεν,
980 1969 1041 2022 Εἰ
1072 1970 1410 2038 ὲτεροούσιον
1435 1969 1497 2019 τὸ
1522 1968 1743 2038 Πνεῦμα
1767 1966 1829 2021 τὸ

240 2058 402 2126 ᾰγιον
439 2059 533 2112 τοῦ
560 2060 781 2130 ἦναύτῷ
824 2061 1070 2130 χρίοντος
1100 2061 1226 2122 τοὺς
1266 2060 1456 2127 ἁγίους
1485 2058 1645 2124 Θεοῦ,
1682 2061 1825 2126 πῶς,

242 2149 343 2203 τοῦ
391 2150 706 2220 Πνεύματος
758 2151 1036 2214 οἰκοῦντος
1081 2152 1137 2204 ὲν
1189 2152 1343 2220 ἡμῖν,
1387 2151 1622 2221 Χριστὸς
1665 2151 1829 2205 οίκῶν

246 2240 640 2294 ἀποδείκνυται
660 2243 687 2293 ὁ
716 2241 791 2311 τῷ
823 2242 994 2312 ﬂaret
1024 2242 1146 2295 κατ’
1167 2241 1351 2294 οὐσίαν
1374 2242 1471 2310 οὐχ
1496 2241 1684 2311 ἕτερον
1715 2241 1825 2311 ῶν;

244 2331 427 2400 Ὅπερ
456 2330 610 2394 εἰδὼς
634 2332 765 2385 καὶὸ
795 2332 1002 2395 Παῦλος
1023 2331 1348 2385 ἐπιστέλλει·
1368 2331 1505 2385 Ἵνα
1531 2333 1652 2400 δῴη
1683 2334 1829 2401 ἡμῖν

240 2424 396 2478 κατὰ
443 2424 551 2478 τὸν
601 2425 870 2480 πλοῦτον
925 2426 1033 2494 τῆς
1078 2425 1303 2490 δόσεως
1349 2426 1537 2479 αὐτοῦ
1578 2426 1829 2496 δυνάμει

242 2518 679 2586 κραταιωθῆναι
714 2519 810 2573 διὰ
840 2520 946 2573 τοῦ
975 2522 1319 2587 Πνεύματος
1350 2521 1561 2583 αὐτοῦ,
1602 2523 1688 2586 εἰς
1720 2521 1829 2574 τόν

242 2610 370 2662 ἔσω
406 2610 719 2677 ἄνθρωπον
748 2610 1106 2679 κατοικῆσαι
1145 2613 1250 2665 τόν
1288 2612 1548 2682 Χριστὸν
1586 2611 1682 2665 διὰ
1718 2610 1827 2680 τῆς

241 2701 506 2767 πίστεως
545 2702 615 2755 ἐν
645 2702 773 2767 ταῖς
815 2701 1083 2771 καρδίαις
1112 2704 1315 2771 (ἡμῶν.
1360 2705 1487 2757 Ὅτε
1522 2704 1700 2757 τοίνυν
1738 2702 1827 2755 διὰ

242 2792 339 2844 τοῦ
374 2792 690 2863 Πνεύματος
718 2796 795 2857 εἰς
824 2794 917 2846 τὸν
947 2794 1054 2847 ἔσω
1083 2794 1369 2866 ἄνθρωπον
1391 2798 1417 2849 ὁ
1438 2796 1670 2865 Χριστὸς
1690 2810 1827 2847 κατι

242 2890 409 2951 οικεῐ,
473 2887 735 2957 πρόδηλον
791 2887 1081 2957 δήπουθεν,
1124 2885 1197 2949 ὡς
1246 2888 1346 2940 οὐκ
1383 2887 1664 2957 ἀλλότριόν
1709 2889 1826 2939 ἐστι

242 2976 345 3044 τῆς
406 2975 594 3038 οὐσίας
656 2974 822 3028 αὐτοῦ
878 2976 940 3030 τὸ
988 2976 1056 3030 δι’
1111 2969 1173 3030 οὗ
1222 2978 1331 3039 τοῖς
1392 2978 1570 3046 ἁγίοις
1600 2978 1827 3031 ἐνοικῶν

246 3066 528 3133 φαίνεται.
1422 3046 1429 3053 δ

476 3162 576 3218 Ἐκ
606 3161 713 3215 τοῦ
736 3162 900 3216 κατὰ·
922 3162 1199 3229 Ἰωάννην
1224 3164 1614 3233 Εὐαγγελιόυ.
1851 3192 1898 3257 C

334 3250 396 3305 ’0
434 3252 638 3323 Κύριος
682 3253 840 3323 ἡμῶν
888 3252 1099 3322 Ἰησοῦς
1137 3254 1371 3319 Χριστὸς
1410 3253 1576 3325 τιμὴν
1607 3254 1826 3306 ἀποσώ-

248 3343 363 3407 ζων
387 3347 453 3413 τῇ
474 3344 592 3415 θείᾳ
615 3344 794 3413 φύσει,
818 3344 1190 3416 ἀφεθήσεσθαι
1218 3346 1316 3416 μὲν
1333 3345 1729 3417 διισχυρίζεται
1749 3347 1829 3417 τῷ

248 3435 463 3504 λέγοντι
489 3436 644 3503 λόγον
672 3437 811 3490 κατὰ
837 3437 927 3489 τοῦ
956 3437 1087 3490 Υίοῦ
1109 3437 1203 3489 τοῦ
1227 3437 1538 3508 ἀνθρώπου,
1565 3439 1641 3509 τῷ
1668 3438 1724 3491 δὲ
1747 3440 1829 3503 είς

247 3531 311 3581 τὸ
333 3520 487 3597 ἆγιον
518 3529 743 3599 Πνεῦμα
766 3531 1182 3602 δυσφημήσαντι
1206 3530 1307 3582 οὐκ
1338 3530 1672 3600 ἀφεθήσεται
1704 3530 1829 3585 οὔτε

250 3621 310 3671 ἐν
341 3619 421 3689 τῷ
458 3620 551 3673 νῦν
580 3623 767 3684 αἰῶνι,
808 3618 930 3672 οὕτε
964 3622 1021 3673 ἐν
1066 3621 1145 3691 τῷ
1177 3620 1446 3691 μέλλοντι.
1493 3621 1631 3674 Ἀλλ’
1670 3624 1829 3692 εἴπερ

248 3708 321 3781 ἦν
348 3713 561 3782 ποίημα
584 3715 642 3766 τὸ
676 3713 897 3782 Πνεῦμα
919 3715 980 3766 τὸ
1009 3712 1185 3782 ἅγιον,
1215 3713 1310 3767 καὶ
1343 3715 1416 3784 μὴ
1446 3714 1543 3785 τῆς
1567 3715 1714 3778 θείας
1738 3717 1830 3768 οὑ-

252 3804 379 3866 σίας
401 3806 613 3874 ὑπῆρχε
636 3807 811 3875 Πατρὶ
832 3804 1183 3874 συνθεολογού
1193 3822 1375 3876 μενον,
1406 3805 1525 3869 πῶς
1542 3807 1575 3876 ἡ
1595 3808 1675 3870 εἰς
1697 3807 1830 3860 αὐτὸ

246 3897 539 3965 δυσφημία
565 3897 833 3967 τοσαύτην
864 3896 978 3966 ἔχει
1015 3897 1114 3965 τὴν
1138 3897 1384 3962 κόλασιν,
1416 3898 1515 3967 ὅση
1549 3900 1693 3952 κατὰ
1718 3899 1829 3953 τῶν

250 3989 335 4049 εἰς
369 3987 502 4040 Θεὸν
530 3988 959 4059 δυσφημούντων
988 3989 1232 4059 ὁρίζεται
1256 4006 1272 4056 ;
1318 3990 1459 4044 Ἀλλ’
1490 3990 1609 4044 ἔστι
1638 3992 1827 4059 δῆλον”,

254 4085 334 4135 ὅτι
368 4084 500 4145 Θεὸς
529 4086 594 4137 ἐκ
616 4085 772 4151 Θεοῦ,
806 4087 900 4138 καὶ
923 4087 980 4138 ὲν
1005 4085 1123 4157 Θεῷ
1150 4086 1210 4139 τὸ
1238 4086 1484 4155 Πνεῦμα,
1513 4088 1574 4139 τὸ
1599 4085 1672 4149 ὠς
1698 4086 1831 4149 Θεὸς

251 4175 569 4245 τιμώμενον
617 4178 770 4247 παρὰ
816 4179 935 4242 ταῖς
984 4176 1157 4242 θείαις
1216 4178 1484 4249 Γραφαῐς,
1526 4178 1620 4231 καὶ
1658 4178 1831 4242 οὕτως

255 4270 505 4341 ὑπάρχον
534 4272 598 4341 τῇ
633 4271 815 4339 φύσει.

825 4362 919 4414 Ἐκ
953 4361 1057 4415 τοῦ
1093 4360 1304 4417 αὑτοῦ.

329 4454 681 4525 Εί,καθὰπερ
715 4454 1179 4524 mamma?”
1201 4454 1616 4522 Ὀγεννώμενος
1649 4456 1710 4506 ὲκ
1735 4453 1829 4508 τοῦ

1928 594 2165 648 lationes
2229 594 2564 656 amittentes,
2611 594 2676 646 ad
2708 594 2994 647 sublimem
3054 594 3341 663 theologia:
3395 613 3512 647 tua-

1928 687 2263 755 gnitudinem
2295 690 2700 748 conscendetis,
2732 696 2786 739 ct
2814 702 2933 755 qua:
2965 687 3030 738 de
3089 696 3279 739 natura
3329 687 3507 739 divina

1926 778 2067 831 dicta
2098 789 2246 842 sunt,
2304 777 2429 831 licet
2456 778 2705 831 humanis
2735 779 2915 830 verbis
2968 778 3342 836 enuntientur,
3412 792 3513 829 no-

1927 882 2159 943 straeque
2188 870 2602 925 consuetudinis
2643 869 2932 931 rationem,
2979 871 3120 937 quod
3156 871 3245 922 vix
3282 870 3350 921 ita
3388 884 3511 936 ptis-

1926 963 2035 1018 sint
2060 966 2127 1016 ab
2155 961 2503 1015 audientibus
2526 958 2751 1027 percipi,
2794 973 2899 1010 non
2930 969 3212 1026 superant,
3301 961 3511 1011 ratione

1929 1061 2108 1103 tamen
2154 1050 2260 1102 Deo
2306 1049 2667 1103 conveniente
2694 1046 3049 1115 intelligetis?
3082 1046 3279 1100 Verum
3327 1049 3509 1099 stulti-

1930 1141 2018 1194 tim
2050 1151 2241 1195 vestra:
2275 1154 2577 1206 congruens
2618 1138 2820 1206 aliquid
2845 1137 3294 1205 respondeamus.
3329 1135 3385 1190 Si
3416 1153 3512 1205 per

1929 1248 2027 1287 vos
2057 1234 2312 1302 unguenti
2344 1231 2521 1285 iocum
2557 1242 2719 1300 atque
2753 1228 2997 1283 ordinem
3028 1228 3263 1297 Spiritus
3296 1232 3512 1282 obtinu-

1929 1326 2029 1389 bit,
2059 1324 2314 1395 quoniam
2344 1332 2674 1393 unguentum
2709 1322 2777 1374 ab
2808 1336 2873 1375 eo
2917 1322 3008 1388 qui
3038 1322 3209 1387 ungit,
3244 1321 3509 1374 diversam

1931 1418 2132 1472 habere
2170 1425 2426 1470 naturam
2464 1427 2689 1467 necesse
2719 1423 2822 1478 est,
2853 1428 2978 1465 uum
3028 1413 3195 1466 etiam
3256 1413 3508 1480 quoniam

1932 1520 2271 1579 unguentum
2299 1508 2365 1561 ab
2398 1507 2699 1561 artiﬁcibus
2747 1520 2811 1560 ex
2850 1506 3035 1559 multis
3091 1504 3393 1567 conﬁcitur,
3422 1522 3514 1558 ne-

1931 1616 2083 1656 cesse
2106 1598 2390 1670 eritﬁvobis
2417 1605 2470 1653 et
2506 1596 2775 1666 Spiritum
2810 1606 3057 1651 sanctum
3091 1596 3271 1648 niuhis
3300 1612 3363 1648 ex
3385 1612 3511 1664 par-

1935 1693 2078 1747 tibus
2106 1706 2228 1746 esse
2253 1687 2660 1758 compositum?
2687 1688 2955 1742 Praeterea
2994 1704 3118 1741 cum
3176 1699 3508 1755 unguentum

1934 1785 2159 1839 ratiouis
2176 1785 2249 1838 sit
2279 1798 2498 1853 expers,
2530 1782 2759 1836 rationis
2809 1797 3002 1848 expers
3032 1782 3103 1833 sit
3125 1780 3289 1833 etiam
3342 1778 3512 1847 Spiri-

1935 1887 2019 1930 tus
2041 1886 2284 1930 sanctus.
2309 1874 2461 1941 Quod
2486 1876 2587 1928 hoc
2616 1874 2670 1927 in
2696 1889 2752 1927 re
2778 1872 2915 1926 male
2942 1872 3142 1926 dictum
3173 1878 3275 1933 est,
3330 1873 3381 1924 in
3419 1889 3512 1923 eo-

1933 1986 2050 2024 rum
2075 1971 2254 2037 capita
2291 1968 2515 2022 omninu
2538 1968 2811 2023 decurret.
2854 1965 2960 2019 Nos
2993 1975 3172 2020 autem
3198 1975 3383 2020 contra
3428 1968 3506 2018 sit:

1932 2062 2254 2129 objiciemus
2285 2080 2299 2117 :
2340 2062 2395 2115 Si
2436 2060 2647 2115 diversa
2681 2059 2918 2128 Spiritus
2953 2061 3187 2112 essentia
3208 2071 3289 2113 est
3320 2074 3345 2109 a
3379 2058 3508 2120 Dm,

1930 2154 2020 2222 qui
2052 2163 2274 2205 sanctos
2297 2152 2448 2221 ungit
2478 2152 2594 2217 ipso
2626 2150 2854 2220 Spiritu,
2889 2165 2986 2204 cur
3019 2149 3224 2218 Spiritu
3264 2150 3315 2202 in
3352 2152 3506 2202 nobis

1932 2243 2207 2297 habitante
2242 2242 2494 2297 Christus
2525 2242 2773 2296 habitare
2818 2242 3247 2302 demonstratur,
3272 2241 3361 2309 qui
3399 2258 3504 2293 non

1931 2347 2011 2390 est
2032 2339 2267 2390 essentia
2293 2337 2542 2390 diversus
2569 2352 2596 2388 a
2628 2334 2830 2389 Patre?
2874 2333 3029 2399 Quod
3086 2335 3299 2403 quidem
3367 2333 3505 2385 Pati-

1931 2428 2013 2481 lns
2046 2428 2352 2498 intelligens
2379 2426 2390 2481 ἐ
2422 2426 2487 2481 Ut
2537 2429 2646 2488 det.
2677 2426 2870 2496 inquit,
2891 2426 3350 2479 'uolrissecundum
3372 2426 3510 2478 diri-

1931 2523 2033 2574 tias
2066 2522 2247 2589 gloria:
2305 2537 2416 2573 sua:
2470 2522 2548 2573 vir
2570 2530 2655 2573 utc
2703 2519 3040 2572 corroborari
3109 2534 3201 2585 per
3252 2517 3505 2585 Spiritum

1929 2630 2103 2677 suum,
2138 2615 2190 2666 in
2223 2614 2474 2667 interiore
2528 2614 2754 2677 homine,
2818 2613 3061 2665 habitare
3113 2612 3375 2665 Christum
3418 2626 3508 2667 ver

1929 2705 2084 2771 ﬁdem
2118 2708 2172 2759 in
2226 2706 2471 2758 cordibus
2528 2707 2721 2759 nostris
2754 2708 2792 2759 ⁸.
2859 2706 2993 2759 Cum
3061 2704 3224 2773 igitur
3260 2704 3510 2757 Christus

1935 2811 2028 2864 per
2055 2796 2310 2863 Spiritum
2342 2797 2544 2848 habitet
2572 2797 2623 2848 in
2660 2796 2875 2848 [mittiue
2930 2796 3212 2859 interiore,
3289 2796 3502 2862 perSpi-

1929 2899 2089 2939 eumn
2132 2897 2239 2950 εει,
2284 2888 2457 2955 ipsum
2506 2888 2741 2941 essentia
2795 2902 2899 2940 non
2935 2886 3151 2940 diﬁ‘erre
3182 2889 3248 2939 ab
3290 2905 3353 2939 eo
3411 2902 3509 2956 per

1929 2994 2088 3049 quem
2124 2980 2175 3032 in
2211 2982 2418 3035 sauctis
2444 2979 2943 3035 videturhabitare.

2391 3157 2473 3210 Ex
2496 3156 2721 3211 Joannis
2743 3154 3044 3227 Evangelia.

2002 3251 2260 3307 Dominus
2317 3262 2500 3305 uoster
2552 3250 2709 3305 Iesus
2765 3250 3044 3314 Christus,
3101 3249 3295 3303 divina:
3353 3260 3511 3303 natu-

1933 3362 2006 3400 ra:
2055 3347 2314 3399 honorem
2344 3359 2587 3407 servans,
2617 3342 2664 3397 ei
2698 3344 2790 3413 qui
2841 3344 3063 3396 verbum
3114 3344 3375 3396 adversus
3423 3341 3509 3395 Fi-

1932 3440 2064 3493 lium
2102 3438 2346 3492 hominis
2386 3438 2606 3501 dixerit,
2639 3438 2847 3489 veniam
2881 3436 3108 3489 animat
3140 3435 3509 3487 datumiri.At

1931 3533 2023 3601 qui
2051 3535 2101 3585 in
2125 3531 2386 3599 Spiritum
2415 3542 2657 3584 sanctum
2689 3522 2970 3583 maledicta
2999 3530 3309 3598 ronjeccrit.
3340 3530 3387 3581 ei
3422 3546 3467 3579 tu
3486 3555 3514 3570 ο

1931 3641 2033 3696 que
2048 3627 2099 3680 in
2114 3627 2219 3680 hoc
2235 3626 2429 3679 Stertilo
2449 3625 2687 3692 ignotum
2711 3625 2983 3691 iri,ueque
3002 3623 3053 3674 in
3081 3622 3258 3674 futuro
3276 3623 3317 3673 ².
3349 3619 3498 3686 Quod

1931 3720 1974 3771 si
1995 3728 2209 3771 creatus
2221 3715 2548 3783 estSpiritus
2588 3728 2827 3783 sanctus,
2848 3714 2932 3768 cui
2959 3715 3243 3768 maledicta
3262 3715 3312 3765 in
3335 3715 3506 3779 ipsum

1931 3809 2241 3879 coujicienti
2298 3818 2505 3863 tantum
2573 3811 2893 3877 proponitur
2939 3807 3280 3881 supplicium,
3337 3822 3506 3874 quur.-

1934 3910 2045 3957 tum
2078 3902 2184 3956 Deo
2202 3889 2645 3956 maledicentib‘us
2665 3909 2747 3953 est
2765 3899 3041 3954 deﬁnitum
3062 3900 3085 3952 ?
3107 3898 3327 3953 Constat
3348 3899 3510 3965 igitur

1930 3993 2096 4048 Deum
2128 4010 2194 4048 ex
2214 3994 2321 4048 Deo
2342 4008 2460 4047 esse
2482 3993 2736 4062 Spiritum
2757 4002 3029 4061 sanctum,
3052 3993 3140 4061 qui
3166 4002 3224 4045 ut
3245 3992 3380 4046 Deus
3397 3994 3465 4045 ιι.»
3489 4021 3506 4030 ο

1931 4095 2157 4140 noratur
2188 4086 2244 4141 in
2270 4085 2574 4157 Scripturis
2613 4075 2847 4152 divinis,
2881 4095 3041 4156 atque
3078 4087 3147 4139 ita
3184 4094 3373 4138 natura
3428 4094 3507 4138 est

1930 4176 2093 4231 Deus.

2461 4351 2544 4404 Ea:
2562 4353 2761 4404 'eodem.

2007 4446 2086 4509 Si,
2110 4447 2559 4514 quemadmodum
2588 4445 2844 4497 Servator
2861 4444 2937 4498 ait
2967 4457 2982 4496 :
3013 4443 3118 4508 Qui
3159 4452 3314 4495 natus
3336 4456 3409 4496 est
3444 4460 3509 4497 ea:

258 4547 578 4617 Πνεύματος
611 4546 832 4616 πνεῦμά
860 4546 1009 4598 ἐστιν
1029 4559 1043 4573 ·
1076 4563 1096 4596 ι
1127 4547 1154 4597 ὁ
1182 4544 1238 4596 δὲ
1268 4544 1507 4607 τοιοῦτος
1537 4546 1638 4598 οὐκ
1659 4546 1717 4609 ἐξ
1747 4549 1829 4598 αἱ-

1939 4536 2160 4603 Spiritu,
2193 4536 2406 4603 spiritus
2437 4545 2510 4585 est
2548 4533 2590 4595 ³,
2629 4530 3132 4599 Imjusmodiautem
3151 4547 3260 4583 non
3279 4548 3345 4585 ex
3382 4550 3508 4584 san-

260 4642 473 4710 μάτων,
511 4640 631 4693 οὐδὲ
663 4641 727 4693 ὲκ
754 4640 1059 4709 θελήματος
1093 4637 1304 4707 ἀνδρὸς,
1343 4637 1374 4705 ἢ
1408 4638 1686 4705 γυναικὸς,
1717 4641 1831 4693 ἀλλ’

257 4738 322 4787 ἐκ
365 4732 500 4786 Θεοῦ
530 4732 791 4803 ἐγεννήθη
818 4748 831 4762 ·
865 4732 997 4794 Θεὸς
1027 4732 1136 4801 ἄρα
1171 4730 1231 4782 τὸ
1263 4728 1489 4798 Πνεῦμά
1531 4733 1644 4785 ἐστι
1693 4732 1834 4786 κατὰ

258 4827 425 4895 etiam
461 4826 518 4878 τὸ
549 4827 671 4887 τοὺς
702 4826 851 4885 υἱοὺς
884 4823 1194 4890 ἀναγεννῶν
1216 4822 1294 4884 είς
1327 4822 1554 4891 ἑνότητα
1576 4823 1674 4893 τὴν
1698 4827 1833 4895 πρὸς

258 4918 396 4969 Θεὸν
420 4916 508 4969 διὰ
532 4916 590 4968 τὸ
622 4916 893 4967 κατοικεῖν
917 4914 974 4965 ἐν
994 4914 1197 4975 αὐτοῖς,
1222 4911 1316 4963 καὶ
1337 4910 1436 4980 τῆς
1462 4911 1597 4975 ἰδίας
1621 4913 1834 4982 φύσεως

258 5006 595 5081 ἐργάζεσθαι
628 5005 945 5065 κοινωνούς.

332 5101 396 5153 Εἰ
428 5102 663 5154 θεοποιεῖ
690 5098 750 5150 τὸ
781 5097 1006 5166 Πνεῦμα
1035 5097 1163 5160 τοὺς
1194 5098 1251 5149 ὲν
1277 5092 1359 5162 οἷς
1385 5098 1453 5152 ἂν
1478 5098 1710 5161 γένοιτο.
1740 5095 1837 5147 καὶ

261 5193 525 5264 μετόχους
566 5191 713 5252 θείας
740 5188 1035 5258 ἐργάζεται
1065 5188 1312 5257 φύσεως,
1350 5190 1459 5259 ἄρα
1496 5189 1616 5243 ἐστὶ
1649 5188 1747 5242 καὶ
1774 5189 1838 5241 ὲκ

248 5286 360 5355 τῆς
395 5284 547 5345 Θείας
582 5282 770 5343 οὐσίας
804 5280 1048 5349 φυσικῶς
1089 5283 1156 5334 δι’
1188 5280 1319 5333 Υίοῦ
1349 5283 1416 5352 τῇ
1458 5280 1633 5333 κτίσει
1669 5295 1839 5347 χορη-

260 5374 561 5445 γούμενον,
602 5375 693 5425 καὶ
730 5372 1081 5441 ἀναμορφοῦν
1114 5372 1316 5442 αὐτὴν,
1357 5372 1433 5435 ὡς
1472 5371 1611 5443 πρὸς
1646 5369 1830 5423 ἑαυτό.

260 5470 480 5536 Ὠσπερ
513 5465 620 5533 γὰρ
655 5464 831 5532 φωτὸς
865 5464 1065 5515 οἰκεῖον
1097 5463 1255 5533 ἔργον
1293 5463 1411 5515 ἐστὶ
1443 5464 1503 5515 τὸ
1538 5462 1831 5532 φωτίζειν,

261 5566 354 5613 καὶ
381 5560 485 5612 οὐκ
518 5559 582 5612 ἄν
615 5575 665 5610 τι
692 5556 910 5610 δύναιτο
942 5555 1214 5623 φωτίζειν,
1246 5556 1293 5606 εί
1329 5554 1403 5625 μὴ
1433 5555 1665 5623 ὑπάρχει
1695 5555 1831 5622 φῶςο

260 5652 406 5706 οὕτω
436 5648 641 5703 καὶτοῦ
672 5649 815 5701 θείου
840 5646 1154 5714 Πνεῦματος
1183 5647 1340 5715 ἔργον
1369 5646 1427 5697 τὸ
1456 5645 1634 5706 θείους
1664 5647 1833 5715 ὲργὰι-

262 5745 455 5812 ζεσθαι
503 5744 626 5805 τοὺς
664 5740 988 5810 δεξαμένους
1034 5739 1184 5801 αὐτὸ,
1234 5738 1327 5789 καὶ
1369 5735 1477 5790 οὐδ’
1513 5736 1577 5790 ἂν
1618 5737 1857 5805 quasi»;

339 5864 353 5891 ⁸
402 5860 597 5931 Ephcs.
631 5874 710 5921 ιιι,
756 5856 841 5921 ιθ,
906 5855 991 5909 17.
1101 5854 1119 5884 ¹
1194 5852 1383 5905 Mittit.
1443 5867 1538 5913 xu,
1594 5852 1683 5905 5)..

1761 5850 1961 5905 ’Jmu.
1993 5866 2074 5910 tu,
2101 5850 2153 5904 li.

1932 4628 2185 4697 guiuibus
2216 4640 2390 4694 neque
2446 4639 2509 4677 ex
2545 4626 2824 4678 voluntate
2845 4624 2975 4689 viri,
3007 4631 3100 4677 aut
3128 4623 3360 4687 feminae,
3412 4623 3505 4674 sed

1931 4734 2001 4774 es
2034 4719 2305 4772 voluntate
2363 4716 2451 4770 hei
2482 4727 2637 4769 natus
2660 4725 2744 4770 est
2768 4718 2809 4779 ⁵,
2882 4715 3023 4770 Deus
3072 4715 3256 4783 utique
3317 4724 3506 4769 natura

1932 4818 2017 4867 est
2076 4809 2310 4878 Spiritus
2370 4818 2610 4873 sant-tus,
2643 4812 2732 4875 qui
2771 4808 2910 4861 lilios
2961 4814 3268 4877 regenerat,
3293 4815 3506 4860 nteant

1933 4904 2046 4958 Deo
2097 4902 2517 4971 conjungautur,
2566 4901 2706 4967 quod
2738 4902 2954 4969 quidem
3016 4908 3255 4970 praestat,
3277 4898 3404 4952 dum
3456 4899 3507 4951 ἱ)

1936 4996 2043 5050 illis
2098 4996 2326 5058 habitat,
2359 5004 2670 5061 naturaeque
2698 5008 2809 5047 sure
2867 4993 3158 5062 participes
3191 4990 3340 5045 facit.

2006 5087 2060 5141 Si
2094 5086 2327 5155 Spiritus
2354 5100 2449 5139 eos
2475 5086 2525 5137 in
2560 5086 2753 5153 quibus
2782 5096 2866 5139 est
2899 5087 3026 5139 deos
3057 5083 3255 5147 reddit,
3291 5081 3513 5134 divinar-

1937 5197 2041 5249 que
2076 5191 2283 5231 natura:
2342 5180 2635 5246 participes
2696 5178 2845 5238 facit,
2910 5190 2972 5229 ex
3018 5174 3199 5229 divina
3253 5174 3509 5226 nimirum

1936 5272 2173 5326 essentia
2212 5279 2296 5323 est
2348 5268 2689 5331 naturaliter,
2737 5279 2790 5321 et
2845 5269 3006 5321 rebus
3065 5265 3363 5334 procreatis
3416 5279 3513 5331 per

1941 5365 2138 5419 Filium
2168 5363 2347 5424 datus,
2377 5375 2468 5414 eas
2495 5370 2753 5428 tauquam
2785 5359 2888 5411 sibi
2924 5358 3024 5425 ipsi
3051 5357 3258 5408 similes
3323 5352 3508 5408 ellicit.

1942 5456 2403 5522 Quemadmodum
2441 5452 2714 5522 proprium
2751 5452 2958 5517 ltlciptts
2996 5465 3054 5500 os
3087 5456 3168 5500 est
3220 5446 3511 5509 illustrare,

1944 5565 2040 5602 nec
2082 5557 2263 5616 posset
2293 5548 2584 5615 quidquam
2621 5543 2914 5603 illustrare,
2952 5540 3052 5591 uisi
3083 5548 3226 5591 esset
3276 5537 3385 5599 lux,
3440 5538 3510 5589 ita

1943 5642 2116 5696 Sancti
2182 5640 2416 5708 Spiritus
2445 5652 2578 5705 Opus
2605 5643 2681 5689 est
2708 5634 2920 5685 divinos
2966 5636 3203 5689 eﬂlcere,
3263 5642 3291 5679 a
3319 5629 3513 5696 quibus

1945 5735 2057 5802 ipse
2087 5732 2400 5800 SuSt‘ip'itttt',
2440 5744 2536 5780 nec
2566 5742 2679 5783 eos.
2709 5726 2799 5793 qui
2869 5725 3039 5791 ipsum
3092 5719 3317 5783 habent,
3374 5721 3513 5772 dit-i-

2234 5848 2252 5877 "
2276 5847 2299 5899 .l
2327 5862 2434 5899 ian.
2465 5862 2501 5901 t.
2536 5845 2615 5895 18.
