3968 6552
472 387 578 452 867
1706 379 2020 440 ΕΠΤΠΥΜ
2037 377 2089 436 [ῐ

2198 369 2500 435 IGABENI
3645 365 3740 428 808

477 519 562 558 nae
581 499 787 555 natura
811 498 1109 571 participes
1132 496 1558 561 demonstraret,
1580 494 1683 548 nisi
1703 494 1901 549 divina:
1951 495 2066 563 ipse

2206 490 2321 550 είας
2355 486 2596 540 ἐδείκνυε
2633 481 2928 545 κοινωνοὺς
2973 481 3099 544 τοὺς
3136 479 3361 550 ἔχοντας
3395 478 3564 542 αὐτὸ,
3599 482 3646 532 εί
3681 482 3747 551 μὴ

472 609 617 652 εμειδι
651 605 878 649 ιιιιιιιτὲε.

2198 582 2274 652 γῆς
2307 579 2460 643 Θείας
2489 577 2680 638 οὐσίας
2715 576 2965 645 ὑπῆρχεν
2999 572 3152 627 αὑτό.

934 688 1166 756 Objectio
1187 687 1579 742 haereticorum.

552 785 836 854 Spiritum,
864 781 1134 849 inquiunt,
1168 780 1536 841 sanctiﬁcare,
1574 792 1670 831 vos
1697 791 1915 847 quoque
1936 791 2068 830 eon-

480 875 789 934 ﬁtehimiui.
830 876 1026 929 Verum
1057 873 1109 926 id
1163 873 1291 928 facit
1328 889 1433 927 non
1481 887 1580 941 per
1614 885 1696 936 se,
1728 872 1873 940 quod
1911 879 2072 922 natu-

488 988 546 1026 ra
569 973 640 1026 sit
670 969 959 1039 ejusmodi,
989 969 1082 1021 sed
1107 977 1165 1020 ut
1189 966 1607 1020 instrumentum
1637 980 1701 1019 ex
1729 962 1875 1018 ferro
1904 963 2076 1016 aliave

484 1062 790 1118 confectum
826 1059 1050 1114 materia
1088 1057 1155 1112 ab
1183 1058 1307 1128 igne
1355 1064 1571 1125 sumpta
1607 1054 1885 1107 caliditate
1933 1051 2074 1119 ignis

487 1170 708 1208 tnunere
750 1152 1016 1220 fungitur,
1054 1153 1133 1204 sic
1167 1151 1280 1219 ipse
1317 1160 1536 1216 accepta
1561 1163 1589 1199 a
1627 1147 1736 1200 Deo
1783 1145 2076 1199 sanctitate

487 1246 650 1299 rebus
673 1247 834 1298 etiam
861 1243 1166 1312 procreatis
1191 1240 1514 1308 impertitur.
1549 1237 1702 1302 Quod
1734 1237 1954 1305 quidem
2011 1236 2078 1289 de

487 1340 655 1403 illius,
682 1339 774 1406 qui
804 1335 1019 1391 mentiri
1055 1350 1160 1387 non
1195 1343 1395 1401 potest,
1435 1331 1754 1385 testimonio
1817 1344 2077 1400 compro-

489 1432 671 1492 batur,
711 1443 901 1496 nempe
931 1425 1239 1480 Servatoris
1279 1423 1454 1477 nostri
1491 1438 1504 1475 :
1547 1421 1653 1485 Qui
1679 1421 1744 1474 de
1773 1435 1925 1486 meo,
1991 1421 2076 1474 in-

491 1526 627 1592 qttit,
661 1523 885 1590 accipiet
915 1523 955 1575 ‘.
1360 1501 1371 1508 -

565 1617 708 1680 Non,
739 1614 812 1669 De
843 1630 980 1679 meo,
1003 1612 1197 1680 inquit,
1229 1610 1480 1680 accipiet,
1514 1618 1568 1663 et
1592 1607 1958 1664 sanctificabit
1989 1623 2082 1662 vos

494 1710 661 1779 (quod
709 1718 891 1761 tamen
924 1708 968 1761 si
1003 1707 1205 1760 dictum
1236 1714 1404 1770 esset,
1443 1702 1576 1757 nihil
1647 1703 1774 1756 inde
1822 1701 2083 1755 ollensioo

493 1807 581 1858 nis
635 1802 914 1855 auditores
945 1798 1335 1869 perciperent),
1378 1796 1469 1850 sed
1505 1813 1520 1850 :
1559 1795 1632 1849 De
1658 1811 1792 1858 meo,
1827 1793 2085 1849 Servatar

2627 669 2948 731 Ἀντίθεσις
2978 669 3039 718 αἱ
3039 663 3312 732 ρετικῶν.

2257 762 2606 834 ’Λγιαστιλιόν
2657 775 2822 828 φασιν
2873 751 3016 808 εἶναι
3067 754 3126 806 τὸ
3177 753 3420 822 Πνεῦμα,
3471 752 3570 804 καὶ
3614 754 3753 805 αὐτοὶ

2176 858 2664 928 συνομολογήσετε,
2699 853 2797 906 οὐκ
2827 849 2960 904 αὐτὸ
2990 847 3114 902 καθ’
3147 847 3309 900 ἑαυτὸ
3335 845 3496 914 φύσει
3524 846 3752 900 τοιοῦτον

2177 953 2443 1023 ὑπάρχον,
2479 947 2593 1001 ἀλλ’
2625 945 2813 1014 ὥσπερ
2848 960 2901 995 τι
2936 941 3150 1004 σκεῦος,
3185 941 3250 992 ὲκ
3285 939 3507 1010 σιδήρου
3547 939 3754 1010 τυχδνῆ

2177 1045 2272 1099 καὶ
2297 1044 2490 1112 ἑτέρας
2518 1040 2651 1111 ὕλης
2681 1038 2802 1108 τῆς,
2825 1038 2888 1089 ὲκ
2918 1035 3086 1104 πυρδς
3127 1033 3400 1104 μετασχὸν
3426 1031 3754 1101 θερμότητος

2177 1137 2247 1189 τὰ
2275 1135 2370 1189 τοῦ
2407 1133 2578 1205 πυρὸς
2607 1129 2989 1200 ἐξεργάζεται,
3025 1126 3167 1180 οῦτω
3193 1126 3288 1180 καὶ
3325 1124 3457 1179 αὐτὸ
3481 1125 3582 1193 τῆς
3616 1122 3753 1194 παρὰ

2179 1227 2316 1280 Θεοῦ
2363 1224 2743 1296 πληρούμενον
2771 1220 3063 1288 ἁγιότητος
3115 1217 3437 1289 μεταδίδωσι
3480 1217 3547 1284 τῇ
3593 1215 3755 1267 κτίσει

2180 1323 2274 1375 τοῦ
2306 1317 2602 1388 ἁγιασμοῦ,
2638 1317 2733 1368 καὶ
2762 1313 2852 1367 ἐπὶ
2880 1313 3090 1375 τούτοις
3116 1314 3250 1382 ἡμῖν
3286 1310 3528 1379 ἀψευδὴς
3552 1308 3755 1379 μάρτυς

2182 1420 2343 1480 αὐτὸς
2385 1419 2413 1470 ὁ
2458 1416 2645 1486 Σωτὴρ
2717 1413 3006 1482 γενήσεται
3052 1409 3228 1475 λέγων
3271 1407 3400 1477 περὶ
3445 1403 3640 1467 αὐτοῦ,
3683 1405 3755 1456 ὅτι

2196 1513 2290 1564 Ἐκ
2320 1510 2424 1564 τοῦ
2454 1510 2600 1577 ἑμου
2629 1506 2908 1576 λήψεται.

2256 1605 2391 1665 οὖκο
2411 1604 2506 1656 Ἕκ
2535 1601 2628 1656 τοῦ
2666 1599 2798 1670 ἐμοῦ
2822 1598 3175 1670 λήψεταιμαδ.
3206 1596 3425 1664 ἁγιάσει
3460 1593 3627 1662 ὑμᾶς,
3661 1609 3754 1660 φη-

2187 1699 2272 1751 σὶν
2302 1700 2330 1750 ὁ
2356 1695 2549 1767 Σωτὴρ
2581 1695 2650 1765 (εί
2680 1694 2776 1749 καὶ
2814 1694 2895 1746 ὅτι
2930 1692 3164 1761 μάλιστα
3195 1690 3290 1742 καὶ
3321 1689 3369 1741 εί
3400 1690 3543 1741 κατὰ
3583 1684 3755 1737 τοῦτον

2189 1795 2376 1866 εἴρητο
2397 1794 2484 1846 τὸν
2508 1793 2729 1864 τρόπον,
2753 1790 3011 1861 οὐδεμίαν
3040 1790 3153 1852 τοῖς
3178 1785 3555 1856 ἀκροωμένοις
3587 1781 3758 1848 ἐποίη-

495 1896 690 1963 iuqnil,
716 1894 958 1962 accipiet,
979 1902 1026 1943 et
1083 1890 1425 1944 annuutiabit
1456 1890 1620 1941 vobis.
1641 1886 1852 1957 Quippe
1875 1889 1963 1954 qui
2000 1887 2086 1940 ni-

2198 1905 2283 1940 σεν
2322 1887 2388 1940 ἂν
2417 1886 2515 1956 τὴν
2546 1885 2773 1956 ζημίαν)
2794 1901 2807 1914 ο
2842 1882 3002 1954 πλὴν,
3031 1883 3133 1936 Ἐκ
3152 1880 3258 1934 τοῦ
3288 1877 3436 1947 ἐμοῦ
3468 1877 3722 1944 ,λήψεται
3742 1913 3754 1933 ,

496 1987 572 2042 hil
610 2003 636 2041 a
667 2002 726 2041 se
769 1986 1044 2053 loquetur,
1081 1982 1173 2038 sed
1206 1999 1326 2052 qua:
1351 1980 1606 2042 audierit,
1640 1979 1915 2048 loquetur.
1943 1979 2089 2044 Quo-

503 2085 646 2137 niam
675 2089 897 2151 peracto
933 2079 986 2132 in
1024 2091 1190 2132 carne
1230 2074 1457 2130 humani
1509 2072 1728 2141 generis
1779 2071 2085 2127 redimendi

497 2173 728 2230 consilio
762 2173 830 2226 ad
854 2170 1074 2224 Patrem
1107 2178 1225 2222 erat
1258 2181 1617 2231 ascensurus,
1692 2175 1746 2220 et
1803 2165 2087 2234 discipulis

497 2268 612 2323 suis
639 2282 696 2322 se
741 2264 1076 2319 Paracletnm
1100 2277 1221 2316 esse
1251 2262 1542 2314 missurum
1609 2258 1956 2328 promiserat,
2017 2272 2090 2312 ne

502 2361 628 2431 quis
661 2358 926 2428 Spiritum
957 2367 1205 2410 sanctum
1242 2354 1446 2422 aliquid
1506 2361 1711 2426 prater
1759 2350 2085 2406 sententiam

499 2455 671 2524 Ipsius
701 2450 1080 2506 institutorum
1143 2449 1542 2516 suspicaretur,
1618 2455 1804 2516 aperte
1855 2439 2119 2499 demono‘

503 2557 666 2610 Strat,
695 2561 844 2609 eum,
869 2559 990 2596 cum
1018 2541 1254 2611 Spiritus
1281 2556 1412 2595 suns
1457 2541 1548 2605 sit,
1574 2556 1640 2596 ex
1669 2556 1726 2594 se
1751 2539 1878 2594 item
1922 2541 2086 2591 verba

505 2641 926 2694 nuntiaturum':
961 2636 1004 2689 Α
1030 2653 1082 2688 se
1111 2675 1126 2699 ,
1174 2635 1448 2704 inquiens.
1505 2652 1608 2687 non
1681 2632 1942 2703 loquetur,
1995 2630 2087 2684 sed

503 2747 824 2800 qna’cunque
857 2731 1062 2794 audiet,
1089 2728 1352 2796 loquetur,
1382 2727 1633 2796 quoniam.
1657 2728 1720 2779 de
1751 2742 1863 2778 meo
1931 2725 2087 2776 (rcci-

507 2826 610 2878 oiet
644 2825 688 2878 ⁸.
733 2822 850 2878 Non
897 2823 1077 2885 aliter,
1113 2836 1276 2889 quam
1313 2820 1358 2873 si
1407 2821 1512 2872 mel
1567 2820 1633 2873 de
1696 2818 1930 2871 naturali
1990 2831 2088 2870 sua

507 2918 792 2972 dulcedine
825 2917 1069 2984 loquens,
1105 2915 1312 2968 diceret
1343 2930 1359 2966 :
1393 2913 1538 2969 Nihil
1570 2929 1598 2965 a
1629 2927 1688 2967 se
1718 2913 1830 2982 ipsa
1859 2919 2088 2981 gustan-

508 3012 652 3064 tilms
688 3008 915 3076 injiciet,
949 3007 1043 3063 sed
1071 3009 1138 3062 de
1169 3023 1288 3061 meo
1317 3007 1584 3076 accipiet:
1642 3021 1764 3061 cum
1823 3001 2087 3058 naturali-

510 3115 589 3156 ter
609 3103 844 3171 qualitas
873 3117 936 3154 ex
977 3101 1254 3165 essentiis,
1285 3111 1342 3155 ιιι
1375 3103 1448 3154 ita
1501 3101 1700 3159 dicam,
1768 3098 1822 3151 in
1857 3113 1916 3151 ea
1967 3111 2088 3163 qnze

2191 1982 2356 2051 φησὶν
2379 1981 2406 2031 ὁ
2437 1979 2648 2049 Σωτὴρ,
2684 1978 2781 2032 καὶ
2805 1974 3132 2046 ἀναγγελεῖ
3155 1973 3317 2042 ἡμῖν,
3349 1972 3439 2024 ὅτι
3473 1972 3546 2024 οὺ
3580 1965 3756 2032 λαλή-

2189 2091 2284 2128 σει
2310 2073 2411 2142 ἀφ’
2438 2072 2657 2127 ἑαυτοῦ
2684 2069 2894 2131 οὐδὲν,
2921 2069 3084 2124 ἀλλὰ
3113 2067 3152 2120 ἆ
3173 2066 3447 2127 ἀκούσει,
3482 2059 3753 2124 λαλήσει.

2204 2166 2427 2237 Ἐπειδὴ
2464 2168 2574 2234 γὰρ
2608 2164 2800 2233 ἔμελλε
2832 2162 2930 2237 τῂν
2961 2161 3098 2230 μετὰ
3123 2159 3325 2227 σαρκὸς
3357 2155 3755 2224 ἀποπληρώσας

2190 2259 2505 2330 οἰκονομίαν
2537 2228 3014 2323 ἀναϐαίνειν’πρδς
3045 2254 3134 2307 τὸν
3162 2251 3402 2322 Πατέρα,
3439 2248 3679 2318 πέμψειν
3705 2261 3755 2298 τε

2192 2349 2461 2423 ὑπέσχετο
2489 2351 2581 2404 τὸν
2609 2349 2967 2421 Παράκλητον
2997 2349 3109 2409 τοῖς
3132 2344 3328 2400 ἑαυτοῦ
3362 2343 3660 2416 μαθηταῖς,
3682 2340 3756 2390 ἵνα

2194 2449 2269 2516 μή
2300 2464 2383 2508 τις
2418 2445 2665 2518 ὑπολάϐῃ
2696 2446 2763 2498 τὰ
2797 2445 2872 2515 μὴ
2912 2443 3054 2497 κατὰ
3083 2440 3314 2513 γνώμην
3337 2439 3487 2509 αὑτῴ
3524 2435 3758 2500 διατάξα-

2193 2539 2318 2593 σθαι
2349 2537 2409 2592 τὸ
2431 2539 2655 2608 Πνεῦμα
2676 2540 2735 2591 τὸ
2757 2538 2932 2606 ἅγιον,
2962 2534 3197 2588 δεικνύει
3222 2531 3407 2602 σαφῶς
3435 2532 3518 2584 ὅτι
3549 2529 3758 2596 Πνεῦμα

2191 2631 2358 2684 αὐτοῦ
2397 2633 2642 2702 ὑπάρχον
2684 2634 2752 2684 τὰ
2789 2632 2849 2692 ἐξ
2894 2629 3062 2683 αὐτοῦ
3108 2628 3269 2682 πάλιν
3313 2627 3626 2694 διακονήσει
3668 2623 3756 2694 ῥή-

2194 2741 2339 2794 ματα
2359 2740 2375 2756 ο
2399 2727 2480 2778 Ob
2517 2722 2811 2792 λαλήσει,
2846 2723 3030 2792 φησιν,
3071 2720 3171 2790 ἀφ’
3200 2717 3452 2781 ἑαυτοῦ,
3489 2716 3624 2772 ἀλλ’
3653 2717 3754 2768 ὅσα

2191 2817 2416 2883 ἀκούει,
2440 2816 2724 2886 λαλήσει,
2748 2815 2834 2869 ὅτι
2855 2817 2924 2870 ἐκ
2947 2814 3053 2869 τοῦ
3075 2813 3219 2884 ἐμοῦ
3238 2813 3523 2880 λήψεται.
3553 2814 3758 2878 Ὀμοινιν

2191 2912 2324 2984 γὰρ,
2352 2912 2428 2975 ὡς
2461 2913 2510 2966 εἰ
2536 2911 2630 2965 καὶ
2657 2911 2718 2964 τὸ
2749 2910 2872 2981 μέλι
2903 2909 3154 2978 περὶτῆς
3190 2907 3418 2976 ἐνούσης
3451 2905 3600 2976 αύτῷ
3624 2905 3758 2955 ποιέ-

2193 3024 2351 3076 τητος
2375 3008 2613 3077 φυσικῆς
2637 3005 2807 3073 λέγει,
2853 3005 2970 3056 Ούκ
3001 3001 3221 3070 ὲνθήσει
3251 3021 3302 3054 τι
3328 2999 3425 3069 ἀφ’
3450 3000 3643 3069 ἑαυτῆς
3658 3000 3757 3056 τοῖς

2194 3100 2648 3169 ἀπογενομένοις,
2677 3097 2794 3153 ἀλλ’
2832 3099 2895 3150 ἑκ
2926 3095 3019 3150 τοῦ
3059 3095 3196 3164 ἐμοῦ
3234 3094 3491 3165 λήψεται,
3535 3089 3759 3162 φυσικῶς

509 3210 577 3247 ex
602 3195 734 3261 ipsis
763 3201 912 3258 sunt,
949 3194 1350 3263 progrediatur,
1401 3201 1459 3243 ιιι
1517 3191 1768 3251 dulcedo,
1828 3189 2089 3258 quemad-

2198 3192 2600 3262 διαῦαινούσης.
2640 3192 2705 3245 ἵν’
2749 3189 2924 3253 οὕτως
2965 3190 3124 3254 είπω,
3171 3188 3270 3257 τῆς
3315 3193 3380 3240 ἐκ
3427 3188 3536 3240 τῶν
3577 3185 3755 3239 οὐσιῶν

509 3288 726 3342 modum
750 3287 1005 3352 diximus,
1034 3301 1096 3338 ex
1121 3286 1298 3348 melle,
1332 3297 1422 3338 aut
1449 3299 1514 3338 ex
1550 3270 1669 3353 igne
1701 3284 1973 3348 calidtas,
2000 3292 2094 3338 aut

507 3398 572 3435 ex
607 3396 742 3449 aqua
768 3379 1055 3448 lrigiditas.
1090 3378 1204 3431 Non
1257 3378 1421 3450 igitur
1450 3376 1677 3447 Spiritui
1712 3380 2094 3433 sanctitasim-

509 3473 762 3542 pertitur,
794 3472 886 3525 sed
921 3472 995 3524 illi
1026 3480 1109 3525 est
1137 3471 1404 3524 naturalis
1435 3481 1489 3525 et
1522 3487 1619 3540 per
1671 3473 1994 3526 essentiam.

2202 3287 2488 3354 ποιότητος
2517 3289 2610 3338 ἐπὶ
2639 3286 2710 3337 τὰ
2738 3286 2796 3352 ἐξ
2826 3284 3007 3337 αὐτῶν
3033 3283 3349 3353 ἀμερίστως
3379 3281 3752 3352 προερχόμενα·

2199 3373 2332 3441 οἷον,
2355 3376 2610 3445 καθάπερ
2643 3376 2743 3446 ήδη
2772 3374 3144 3445 προείπομεν,
3177 3377 3240 3427 ὲκ
3268 3374 3485 3444 μέλιτος
3513 3375 3546 3442 ἡ
3576 3371 3752 3438 γλυκύο

2197 3487 2342 3540 της,
2389 3473 2455 3524 ὲκ
2503 3470 2674 3536 πυρὸς
2723 3473 2756 3541 ἡ
2803 3469 3115 3540 θερμότης,
3175 3469 3234 3535 ἐξ
3290 3469 3486 3531 ὓδατος
3519 3473 3552 3540 ἡ
3595 3470 3752 3539 ψύξις.

510 3569 724 3623 Οὐκοῦν
782 3568 842 3622 οὐ
897 3567 1204 3639 μιτοχικῶς
1248 3568 1406 3637 ἇγιον
1451 3569 1511 3623 τὸ
1583 3567 1808 3639 Πνεῦμα
1870 3567 2012 3621 κατὰ
2048 3565 2142 3620 τὸν
2201 3568 2430 3619 ἐκείνων
2519 3567 2720 3635 λόγον,
2804 3566 3051 3634 φυσικῶς
3118 3566 3174 3620 δὲ
3247 3567 3448 3636 μᾶλλον
3532 3567 3621 3620 καὶ
3679 3566 3753 3618 οὐ·

508 3665 718 3727 σιωδῶς

579 3761 679 3818 Cui
711 3763 974 3817 sanctitas
991 3762 1566 3827 c0tnmunicatnr,eam
1589 3771 1842 3830 tanquam
1871 3778 2096 3814 vassus-

507 3855 662 3926 cipit,
716 3871 835 3909 eum
867 3865 1030 3908 antea
1058 3853 1112 3908 in
1147 3855 1364 3924 propria
1396 3863 1589 3907 natura
1619 3855 1966 3918 consisteret,
1999 3871 2097 3908 ςιιι-

508 3947 748 4014 jusmodi
772 3954 899 4000 sunt
930 3960 1044 4000 tum
1086 3946 1271 4008 homo,
1301 3955 1415 4000 tum
1444 3945 1688 4014 angelus.
1741 3957 1838 4000 aut
1883 3946 1928 4000 si
1988 3962 2094 4015 qua

511 4037 583 4091 sit
614 4036 717 4090 alia
744 4045 937 4088 natura
968 4034 1184 4088 ratione
1230 4035 1476 4103 praedita.
1523 4035 1716 4088 Dicant
1763 4035 1932 4104 igitur
1992 4052 2094 4090 no-

514 4131 621 4191 bis.
651 4129 740 4197 qui
765 4127 1026 4196 Spiritum
1059 4125 1133 4179 ita
1167 4138 1419 4180 sanetum
1450 4129 1650 4181 audent
1695 4127 1985 4192 aﬂirmare,
2039 4139 2098 4181 nt

513 4221 561 4276 ei
594 4221 860 4275 sanctitas
886 4233 917 4272 a
948 4217 1109 4272 Patre
1141 4227 1196 4272 et
1226 4216 1364 4272 Filio
1399 4217 1559 4273 fuerit
1595 4221 1897 4290 impertita,
1935 4223 2097 4290 quid-

515 4328 638 4368 nam
669 4313 783 4381 ipse
823 4327 916 4381 per
937 4325 997 4365 se
1031 4310 1284 4378 privatim
1315 4311 1405 4366 sit.
1445 4315 1518 4365 At
1558 4312 1694 4366 nihil
1723 4314 1866 4368 aliml
1912 4316 2088 4384 ipsum

522 4420 647 4461 ese
671 4419 737 4458 ex
766 4404 966 4460 divinis
997 4401 1298 4475 Scriptnris
1329 4405 1586 4461 dicimus.
1616 4405 1734 4462 Non
1807 4409 1972 4476 igitur
2027 4424 2092 4462 ex

2273 3760 2347 3814 Τὸ
2381 3761 2444 3813 ἐκ
2477 3761 2712 3830 μετοχῆς
2759 3761 2936 3829 ἅγιον,
2965 3759 3174 3828 δοχεῖον
3196 3758 3387 3828 ὥσπερ
3417 3761 3653 3829 ὑπάρχον
3674 3777 3699 3811 τ
3729 3758 3753 3809 ῦ

2201 3855 2595 3926 προγεγονότος
2618 3853 2915 3923 ἁγιασμοῦ,
2947 3853 3078 3907 αὐτὸ
3099 3853 3220 3907 καθ’
3252 3855 3416 3908 ἑαυτὸ
3442 3855 3756 3926 πρότερονέν

2204 3953 2312 4022 ἰδίᾳ
2360 3956 2520 4019 φύσει
2556 3951 2821 4013 κείσεται,
2858 3950 3049 4021 ὥσπερ
3085 3948 3178 4004 οῦν
3217 3952 3310 4004 καὶ
3345 3953 3374 4004 ὁ
3401 3950 3696 4020 ἄνθρωπος,
3727 3951 3754 4018 ἦ

2200 4046 2296 4100 καὶ
2333 4043 2561 4112 ἄγγελος
2599 4046 2782 4112 τυχὸν,
2827 4044 2862 4117 ἦ
2899 4043 2994 4097 καί
3030 4061 3112 4104 τις
3148 4045 3314 4112 ἑτέρα
3357 4047 3522 4113 φύσις
3567 4045 3754 4113 λογική.

2203 4136 2526 4204 Δεγέτωσαν
2557 4137 2739 4189 τοίνυν
2771 4139 2905 4205 ἡμῖν
2942 4137 2994 4189 oi
3026 4137 3089 4189 ὲκ
3122 4137 3360 4206 μετοχῆς
3396 4141 3501 4208 τῆς
3521 4139 3614 4193 τοῦ
3641 4137 3758 4191 Θεοῦ

2205 4233 2302 4284 καὶ
2330 4231 2541 4301 Πατρδς
2564 4230 2626 4282 τὸ
2651 4229 2875 4299 Πνεῦμα
2895 4231 3201 4302 τολμῶντες
3232 4232 3414 4301 λέγειν
3439 4234 3595 4303 ἅγιον
3615 4235 3760 4296 εἶναι,

2208 4324 2298 4377 καὶ
2344 4323 2407 4374 οὐ
2449 4321 2716 4389 φυσικῶς,
2758 4321 2810 4374 τί
2862 4339 2994 4375 ποτε
3029 4323 3136 4391 ἄρα
3168 4324 3298 4379 αὐτὸ
3333 4327 3458 4380 καθ’
3497 4328 3653 4381 ἑαυτὸ
3683 4329 3763 4380 καὶ

2206 4414 2517 4478 ἰδιαζόντως
2543 4413 2711 4479 ἐστί-η
2731 4413 2871 4466 Ἀλλ’
2895 4415 3050 4468 οὐδὲν
3078 4416 3269 4486 ἕτερον
3299 4419 3611 4490 ἠκούσαμεν
3632 4425 3764 4492 παρί

517 4499 922 4562 communione,
959 4513 1137 4567 neque
1169 4514 1239 4554 ex
1268 4501 1664 4569 compositione
1705 4514 1932 4556 sanctus
1993 4514 2089 4568 est;

2212 4509 2330 4569 ταῖς
2356 4505 2528 4567 θείαις
2561 4505 2830 4575 Γραφαῖς.
2870 4507 2985 4559 Οὐκ
3016 4506 3126 4579 ἄρα
3157 4511 3222 4562 ἐκ
3259 4511 3498 4581 μετοχῆς
3519 4553 3535 4576 .
3569 4514 3681 4567 οὐδὲ
3710 4516 3764 4566 ὲκ

515 4589 613 4648 sed
637 4599 723 4645 est
767 4590 1010 4644 essentia
1045 4599 1353 4659 naturaque
1376 4591 1750 4656 sanetiticans,
1782 4603 1838 4648 et
1887 4591 1986 4648 Dei
2036 4610 2101 4648 ac

517 4685 716 4749 Patris,
750 4693 809 4737 ut
837 4686 910 4738 ita
937 4684 1140 4748 dicam,
1171 4685 1433 4752 qualitas,
1457 4687 1917 4754 quemadmodum
1984 4688 2102 4740 dul-

515 4779 650 4833 cedo
671 4777 870 4839 mellis,
903 4785 956 4830 et
983 4773 1136 4831 lloria
1161 4779 1424 4832 suavitas.

590 4953 745 5019 Quod
771 4967 837 5006 ex
884 4954 1267 5007 communione
1320 4957 1552 5022 cuipiam
1619 4960 1831 5012 accedit
1885 4972 1941 5012 ιιι
1997 4961 2102 5014 do.

518 5061 675 5110 num,
719 5043 922 5100 auferri
943 5046 1108 5098 etiam
1140 5058 1340 5114 petest.
1375 5048 1448 5102 Ea
1483 5063 1718 5118 namque
1771 5053 1910 5114 sola,
1977 5069 2097 5122 quae

517 5154 615 5208 per
643 5137 935 5192 essentiam
955 5137 1244 5202 inhaerent,
1298 5150 1570 5208 nequeunt
1597 5146 1862 5210 separari.
1895 5144 2096 5212 Quatu-

515 5234 728 5299 θυι-θυι,
782 5232 829 5288 si
890 5233 1228 5299 accessione,
1259 5243 1312 5288 et
1333 5236 1614 5292 accidente
1682 5241 1872 5294 dicunt
1919 5246 2096 5295 inesse

519 5326 749 5398 Spiritui
776 5328 1147 5390 sanctitatem,
1168 5342 1266 5382 cur
1295 5343 1401 5383 non
1426 5331 1615 5384 eadem
1648 5332 1862 5388 ratione
1892 5342 1946 5386 et
1975 5336 2092 5390 sine

518 5420 810 5476 Sanctitate
839 5418 1104 5488 Spiritqu
1160 5422 1434 5476 aﬂirmant
1460 5436 1582 5478 esse
1615 5424 1816 5492 posse?
1871 5426 1938 5478 At
1991 5431 2094 5479 im—

518 5514 663 5576 pium
698 5509 752 5563 id
786 5509 880 5564 ait.
912 5508 1032 5563 Non
1066 5509 1232 5579 igitur
1257 5526 1325 5566 ex
1353 5515 1735 5568 communione
1755 5527 1980 5571 sanctus
2010 5527 2095 5572 est

519 5601 782 5671 Spiritus,
815 5601 912 5656 sed
939 5611 998 5655 ut
1029 5617 1099 5657 ex
1133 5603 1243 5656 Deo
1273 5603 1613 5658 naturaliter.

594 5865 788 5919 'Joau.
831 5869 1051 5934 M1,”.
1130 5871 1149 5900 ’
1178 5867 1309 5926 ibid.
1351 5870 1430 5946 l5,

2204 4597 2508 4658 συνθέσεως
2542 4595 2698 4664 ἅγιον
2721 4637 2736 4660 ,
2779 4596 2894 4648 ἀλλ’
2935 4599 3094 4651 οὐσία
3133 4601 3226 4653 καὶ
3257 4601 3421 4669 φύσις
3453 4603 3732 4671 ἀγιαστικὴ
3753 4643 3765 4661 .

2200 4691 2297 4742 καὶ.
2325 4689 2428 4759 τῆς
2463 4687 2556 4741 τοῦ
2589 4689 2726 4742 Θεοῦ
2755 4693 2849 4743 καὶ
2879 4691 3110 4760 Πατρὸς,
3148 4692 3215 4744 ἵν’
3241 4692 3417 4757 οὕτως
3448 4696 3607 4759 εἴπω,
3639 4695 3763 4747 ποιό-

2200 4799 2382 4853 τητος,
2415 4781 2603 4851 ὥσπερ
2637 4779 2732 4834 οὖν
2762 4784 2862 4835 καὶ
2881 4782 2911 4834 ὁ
2936 4783 3254 4854 γλυκασμὺς
3285 4785 3379 4838 τοῦ
3414 4787 3646 4855 μέλιτος,
3685 4788 3768 4838 χιιι

2203 4876 2236 4944 ἡ
2275 4874 2336 4937 ἐξ
2366 4873 2562 4936 ἄνθους
2600 4874 2823 4928 εὐωδία.

2281 4967 2354 5020 Τὸ
2380 4969 2444 5018 ἐκ
2477 4967 2711 5037 μετοχῆς
2734 4969 3164 5039 προσγινόμενόν
3182 4987 3327 5025 τισιν
3363 4973 3440 5035 ὡς
3460 4975 3612 5027 δοτὸν
3632 4974 3767 5028 ἔσται

2211 5056 2307 5108 καὶ
2333 5055 2649 5125 ἀφαιρετόν.
2676 5056 2832 5110 Μόνα
2856 5056 2966 5126 γὰρ
2986 5059 3057 5113 τὰ
3079 5059 3355 5126 οὐσιωδῶς
3375 5069 3644 5135 προσόντα
3668 5068 3766 5122 τοῖς

2208 5146 2422 5216 ἔχουσιν
2452 5148 2772 5219 ἁχωρίστως
2796 5155 3228 5221 προσπεφυκότα
3259 5160 3559 5224 φαίνονται.
3588 5162 3646 5214 Et
3671 5162 3765 5213 τοί-

2208 5255 2304 5292 νυν
2333 5238 2392 5290 ὲν
2427 5241 2746 5308 προσθήκης
2777 5240 2932 5306 τάξει
2978 5243 3074 5296 καὶ
3129 5246 3539 5318 συμϐεϐηκότος
3575 5249 3765 5303 κεῖσθαί

2210 5347 2374 5398 φασιν
2403 5330 2461 5382 ὲν
2497 5330 2575 5400 τῷ
2607 5331 2887 5400 Πνεύματι
2922 5335 3015 5387 τὸν
3053 5336 3348 5409 ἀγιασμὸν,
3390 5342 3764 5413 ὁμολογήσουσι

2207 5421 2446 5483 πάντως,
2471 5421 2556 5473 ὅτι
2578 5423 2671 5473 καὶ
2695 5424 3083 5496 ἀποσυμϐἦναι
3103 5428 3416 5500 δυνήσεται.
3443 5433 3583 5504 Ὦρα
3611 5433 3661 5486 δὲ
3682 5433 3762 5483 καὶ

2206 5514 2494 5582 ἁγιότητος
2548 5514 2673 5583 δίχα
2727 5515 2788 5568 τὸ
2840 5517 3065 5584 Πνεῦμα
3105 5520 3284 5590 λέγειν
3331 5521 3473 5580 εἶναι
3529 5525 3762 5580 δύνασθςί

2211 5622 2360 5668 ποτε,
2382 5605 2526 5659 κατὰ
2553 5607 2614 5658 τὸ
2647 5607 2874 5662 ἐκείνων
2903 5611 3263 5684 ἐπιχείρημα.
3286 5616 3448 5671 ’Δλλὰ
3474 5619 3623 5673 τοῦτο
3645 5619 3733 5672 δυσ

2212 5698 2388 5759 σεὸἐς.
2424 5698 2536 5751 Οὐκ
2575 5698 2685 5769 ἄρα
2727 5703 2790 5752 ἐκ
2829 5705 3065 5773 μετοχῆς
3108 5705 3265 5774 ἄτιον
3297 5709 3358 5762 τὸ
3393 5711 3625 5781 Πνεῦμα,
3656 5708 3755 5761 ἀλλ’

2211 5791 2284 5851 ὡς
2311 5791 2374 5841 ἐκ
2405 5790 2540 5844 Θεοῦ
2574 5794 2840 5858 φυσικῶς.
