3968 6560
299 410 404 477 877

1262 423 1635 484 PANOPLIA
1677 419 2127 482 DOGMATICA.
2169 442 2238 455 ·-
2267 419 2416 479 τιΤ.
2448 418 2594 481 XIV.

3444 411 3554 475 878

290 570 320 622 6
363 566 583 640 Κύριος.
644 571 1050 627 ΟΡΘΟΔΟΞΟΣ.
1095 573 1174 626 06
1212 573 1373 645 μόνον
1412 575 1742 648 εὐσεϐοὖμεν
1788 577 1870 632 λέ-

1979 558 2325 612 incarnatum
2387 561 2623 614 animam
2667 574 2886 631 quoque
2936 558 3199 615 habuisse
3256 556 3553 616 amrmetis.

288 675 497 727 γσντες,
536 660 618 714 ὅτι
659 661 942 732 όμοούσιός
986 664 1134 717 ἐστιν
1173 666 1201 718 6
1243 664 1371 729 Υἱὸς
1406 665 1485 736 τῷ
1529 666 1724 736 Πατρὶ,
1758 666 1871 721 ἀλλ’

287 752 371 805 ὅτι
405 752 500 806 καὶ⁵
534 752 712 823 ψυχὴν
733 750 843 824 εἶχε
885 755 1207 826 σαρκωθεῖς.
1243 756 1406 811 Οὐδὲν
1436 756 1492 810 δὲ
1529 757 1671 828 μέγα
1701 761 1872 824 ποιεῖς

289 844 622 914 ἀρνούμενος
647 846 710 899 τὸ
735 848 1037 917 ὀμοοὺσιον,
1067 851 1115 902 εὶ
1134 850 1311 919 ψυχὴν
1349 851 1512 905 αὑτὸν
1538 850 1680 922 ἔχειν
1711 852 1868 923 ἀρνῇ.

286 933 461 986 Τοῦτο
488 934 597 1005 γάρ
629 937 776 989 ἐστιν
807 934 937 990 ἴδιον
972 936 1081 991 τῶν
1115 938 1178 991 τὸ
1209 939 1515 1010 ὲτερούσιον
1553 940 1648 994 καὶ
1676 940 1737 993 τὺ
1781 942 1874 993 ἀν-

284 1024 475 1093 όμοιον
501 1024 787 1094 λεγόντων.
828 1029 943 1080 Ἵνα
988 1028 1096 1099 γὰρ
1134 1029 1384 1101 παθητὴν
1432 1031 1530 1103 τὴν
1561 1033 1749 1087 οὐσίαν
1776 1032 1871 1087 τοῦ

287 1115 630 1183 Μονογενοῦς
665 1116 911 1178 εἴπωσιν,
944 1118 1150 1189 ἄψυχον
1177 1119 1418 1187 λέγουσι,
1456 1124 1550 1176 καὶ
1586 1124 1651 1176 ὲκ
1681 1125 1871 1179 τοῦτου

286 1206 757 1271 κατασκευάζουσι
778 1209 838 1262 τὶ
869 1210 1139 1281 ἀνόμοιον.
1167 1213 1388 1267 Mam-x5.
1423 1214 1561 1267 Ἀλλ’
1594 1217 1753 1285 ἡμεῖς
1787 1219 1875 1270 ἀν-

282 1300 473 1368 όμοιον
499 1300 598 1371 μὲν
625 1302 686 1353 οὑ
704 1302 953 1373 λέγομεν,
977 1302 1180 1375 ἄψυχον
1207 1305 1261 1359 δὲ
1276 1306 1523 1377 λέγομεν.
1544 1308 1698 1376 Ὀρθ.
1716 1310 1874 1380 Ὁμο-

283 1391 487 1460 λογεῖς,
535 1394 616 1446 ὅτι
662 1395 811 1464 παρὰ
849 1395 926 1465 τῷ
969 1395 1184 1468 θανάτῳ
1226 1398 1427 1468 ἦρξατο
1464 1399 1746 1453 λυπεῖσθαι
1779 1403 1872 1454 καλ¹

283 1484 598 1554 ἀδημονεῖν,
640 1487 717 1550 ὡς
757 1490 814 1541 ὲν
845 1486 925 1558 τῷ
955 1489 1099 1542 κατὰ
1131 1489 1407 1544 Ματθαῖον
1438 1491 1753 1562 Εὑαγγελίῳ
1785 1492 1875 1561 γέ-

282 1590 557 1644 γραπται,
594 1575 688 1629 καὶ
731 1579 788 1631 ἐν
819 1577 899 1648 τῷ
936 1579 1077 1633 κατὰ
1101 1579 1347 1650 Μάρκον,
1382 1578 1619 1652 Ἤρξατο
1651 1581 1851 1652 θαμϐεῖ

283 1667 414 1721 σθαι
439 1696 443 1701 τ
470 1668 566 1721 καὶ
620 1668 958 1740 ἀδημονείν;
1007 1671 1229 1725 Maneo.
1287 1671 1413 1724 Ναί.
1494 1673 1641 1741 Ὀρθ.
1721 1676 1874 1748 Ἀδη-

285 1759 444 1828 μονεῖ
490 1757 549 1811 δὲ
586 1758 684 1813 καὶ
712 1757 1068 1830 ὲκθαμϐεἰται
1109 1761 1300 1832 θεότης
1337 1762 1428 1817 τὸν
1468 1762 1777 1838 θάνατον,ἢ
1809 1767 1872 1819 τὸ

285 1853 495 1925 ἄψυχον
524 1852 719 1925 σῶμας
749 1855 973 1909 Musa.
1001 1857 1252 1927 Δηλονότι
1284 1859 1318 1927 η
1361 1856 1549 1929 θεότης
1591 1875 1872 1930 σεσαρκω-

286 1945 452 2016 μὲν-η.
495 1946 639 2014 Ὀρθ.
700 1945 976 2019 Ἀνόμοιος
1030 1946 1136 2018 ἄρα
1178 1948 1213 2019 η
1275 1947 1367 2002 τοῦ
1403 1947 1535 2002 Υἱοῦ
1569 1948 1758 2020 θεότης
1800 1953 1867 2022 τῇ

285 2037 386 2091 τοῦ
433 2038 647 2115 Πμτρδς
689 2038 937 2110 θεότητι;
994 2040 1217 2096 Μακεδ.
1270 2041 1361 2113 Μὴ
1407 2041 1649 2110 γένοιτοι
1721 2043 1866 2113 Ὁρθ.

287 2129 357 2182 Εἰ
412 2131 669 2202 ἀδημονεῖ
722 2131 817 2186 καὶ⁸
873 2132 1227 2204 ὲκθαμϐεἰται
1282 2133 1375 2186 τδν
1445 2132 1699 2199 θάνατον,
1754 2134 1872 2200 πῶς

284 2220 514 2277 δύναται
562 2223 745 2294 ὅμοιος
798 2218 935 2279 εῖναι
987 2226 1081 2279 καὶ
1132 2226 1549 2298 ἀπαράλλακτος
1598 2226 1678 2297 τῷ
1738 2228 1874 2299 μήτε

288 2313 670 2385 ἀδημονοῦντι,
708 2318 845 2389 μήτε
870 2316 1215 2388 λυπουμένῳ,
1241 2319 1379 2389 μήτε
1407 2317 1870 2389 ὲκθαμϐουμὲνῳς

287 2407 519 2461 Haud.
555 2409 771 2478 Ἐπειδὴ
806 2409 966 2481 σῶμα
1007 2409 1345 2481 ἀνθρώπινον
1387 2402 1565 2479 (lxxiv,
1600 2409 1875 2481 ἁδημονεῖ.

292 2502 452 2570 “pd.
519 2500 690 2570 Σῶμα
724 2498 781 2552 δὲ
845 2498 1053 2569 ἄψυχον
1094 2497 1195 2551 οὐκ
1233 2496 1510 2567 ἀδημονετ,
1540 2494 1643 2549 οὐκ
1672 2496 1880 2569 ἐκθαμ-

279 2592 481 2656 ϐεῖται,
512 2592 572 2645 οὐ
606 2592 879 2644 λυπεῖται.
903 2587 1129 2643 Μακεδ.
1172 2587 1309 2641 Ἀλλ’
1334 2582 1449 2657 εἶχε
1480 2588 1713 2660 Θεότητα
1760 2589 1884 2646 ἀντὶ

280 2681 384 2750 τῆς
427 2680 626 2751 ψυχῆς.
696 2679 841 2745 Ὀρθ.
915 2678 988 2731 Τὸ
1067 2677 1227 2749 σῶμα
1288 2678 1462 2731 ἐποίει
1508 2678 1608 2749 τὴν
1651 2678 1881 2751 θεότητα

282 2771 702 2841 ἐκθαμϐεῖσθαι,
731 2770 764 2840 ἢ
800 2771 834 2839 ὴ
868 2768 1060 2840 θεότης
1106 2770 1165 2823 τὸ
1197 2770 1394 2840 σῶμα;
1428 2770 1650 2826 Μακεδ.
1677 2770 1775 2824 Διά
1818 2768 1881 2824 τδ

281 2861 448 2933 σῶμα
484 2865 518 2934 ἡ
558 2862 753 2934 θεότης
795 2861 1165 2933 ὲξεθαμϐεἰτο.
1202 2861 1417 2932 Ὀρθόδ.
1458 2862 1736 2917 Ἑθολοῦτο
1786 2858 1878 2918 οὖν

278 2957 313 3026 ὴ
354 2954 549 3027 θεότης
581 2955 688 3008 ὑπὸ
741 2953 1025 3026 σώματος,
1081 2956 1159 3019 ὼς
1201 2956 1264 3009 τὸ
1321 2955 1649 3026 ἡγεμονικὸν
1697 2954 1873 3027 ἡμῶν.

278 3045 503 3101 Μακεδ.
556 3045 647 3116 Μὴ
705 3046 916 3115 γένοιτο
970 3047 1179 3100 είπεῖνῖ
1264 3046 1413 3115 Ὀρθ.
1493 3046 1732 3118 Ἀνάγκη
1782 3042 1878 3101 οὖν

275 3140 461 3195 δοῦναι
491 3140 669 3212 ψυχὴν
715 3142 816 3212 τὴν
853 3140 1208 3213 θολουμένην.
1246 3141 1470 3197 Μακεδ.
1504 3142 1598 3214 Μὴ
1631 3142 1873 3210 γένοιτοί

1977 650 2471 709 ORTHODOXUS.
2508 651 2628 711 Non
2654 653 2817 708 modo
2839 652 3091 724 religiose
3118 653 3407 716 sentimus,
3431 667 3553 706 cum

1976 738 2125 796 Patri
2175 742 2697 797 consubstantialem
2743 756 2865 798 esse
2908 739 3144 797 Filium:
3198 740 3293 797 sed
3335 749 3389 796 et
3431 757 3556 795 cum

1977 848 2102 887 eum
2142 834 2489 887 iucarnatum
2520 835 2757 888 animam
2788 833 3047 889 habuisse
3080 833 3423 888 confitemur.
3451 831 3554 888 Nc-

1977 941 2085 996 que
2132 941 2262 981 vero
2300 926 2481 996 magni
2512 926 2646 996 quid
2693 925 2890 982 feceris
2929 928 3553 982 consubstantialitatem

1979 1033 2206 1088 negans,
2231 1019 2276 1073 si
2298 1020 2533 1072 animam
2566 1032 2689 1072 eum
2718 1016 2917 1072 habere
2939 1018 3241 1088 negaveris.
3272 1016 3385 1071 Hoc
3410 1018 3554 1071 enim

1978 1126 2168 1167 eorum
2211 1121 2295 1167 est
2333 1110 2635 1181 proprium,
2685 1109 2778 1180 qui
2824 1109 3146 1166 substantia:
3182 1109 3554 1165 diversitatem

1978 1212 2033 1257 et
2058 1202 2558 1258 dissimilitudinem
2594 1211 2865 1258 asserunt.
2899 1201 2970 1256 Ut
3015 1203 3158 1257 enim
3193 1202 3555 1257 substantiam

1979 1296 2250 1368 Uuigeniti
2275 1298 2458 1353 dicant
2482 1312 2604 1352 esse
2629 1295 2928 1366 patibilem,
2951 1294 3305 1349 inanimatam
3332 1309 3450 1349 eam
3476 1293 3558 1347 di-

1977 1396 2129 1454 cunt,
2158 1395 2323 1458 atque
2353 1388 2480 1442 inde
2506 1386 3011 1442 dissimilitudinem
3048 1386 3370 1441 substantia:
3404 1401 3558 1440 com-

1978 1480 2367 1535 miniscuntur.
2394 1478 2602 1535 Maced.
2627 1479 2739 1534 Nos
2760 1494 2889 1535 vero
2910 1478 3412 1534 dissimilitudinem
3434 1480 3559 1535 sub-

1975 1572 2193 1630 stantiae
2207 1588 2315 1628 non
2331 1574 2585 1638 dicimus,
2601 1572 2695 1629 sed
2714 1572 2895 1627 anima
2912 1587 3101 1627 carere
3117 1571 3367 1627 dicimus.
3399 1570 3554 1628 Orta.

1973 1667 2259 1724 F-aterisne
2286 1667 2568 1725 Christum
2595 1667 2647 1721 in
2668 1666 2860 1721 mortis
2885 1680 3057 1736 agone
3084 1665 3319 1734 ccepisse
3350 1665 3558 1720 contri-

1960 1761 2108 1818 ~stari
2217 1769 2273 1814 et
2381 1767 2610 1815 mmstus
2637 1774 2783 1823 esse,
2802 1758 2936 1813 utin
2960 1756 3252 1828 Evangelia
3272 1757 3555 1812 Matthazus

1971 1853 2155 1915 habet,
2192 1851 2371 1924 Coepit
2405 1852 2718 1908 contristari
2774 1861 2827 1907 et
2894 1862 3126 1905 maestus
3178 1866 3324 1915 esse,
3377 1858 3433 1905 et
3496 1858 3556 1903 ut

1973 1943 2213 2008 Marcus,
2245 1944 2425 2015 Cmpit
2470 1959 2670 2015 pavere
2727 1950 2783 1998 et
2834 1941 3067 1997 tendere?
3098 1940 3309 1999 Maced.
3352 1940 3550 1995 Etiam.

1976 2037 2130 2095 Orth.
2166 2036 2359 2093 Utrum
2388 2046 2583 2092 intesta
2606 2043 2690 2092 est
2722 2043 2775 2089 et
2801 2046 3031 2091 mortem
3075 2042 3235 2107 pavet
3264 2032 3548 2094 divinitas,

1974 2146 2043 2185 an
2079 2147 2278 2201 corpus
2306 2128 2866 2185 animatum?Maced.
2888 2129 3159 2184 Divinitas
3186 2135 3335 2182 certe
3363 2125 3549 2180 incarv

1976 2234 2126 2282 nata.
2161 2225 2313 2280 Orth.
2344 2223 2467 2279 Filii
2500 2225 2668 2294 igitur
2698 2221 2960 2284 divinitas
2997 2218 3287 2275 dissimilis
3314 2222 3400 2274 est
3430 2216 3550 2271 dei-

1976 2318 2070 2373 tati
2104 2316 2319 2371 Patris?
2358 2314 2566 2369 Maced.
2605 2311 2796 2369 Absitl
2833 2311 2987 2368 Orth.
3044 2309 3104 2366 Si
3145 2315 3342 2366 maesta
3377 2313 3463 2362 est
3495 2312 3553 2361 et

1978 2415 2139 2476 pavet
2170 2414 2424 2471 mortem,
2456 2406 2734 2478 quomodo
2761 2404 2959 2461 similis
2990 2378 3088 2475 per
3131 2401 3312 2458 omnia
3345 2399 3452 2455 erit
3498 2397 3550 2453 ei

1951 2488 2043 2556 qui
2088 2498 2191 2540 nec
2225 2485 2470 2555 angitur,
2503 2497 2611 2541 nec
2650 2484 3043 2551 contristatur,
3090 2499 3194 2539 nec
3242 2481 3509 2539 turbatur
3533 2487 3557 2534 ἰ

1953 2575 2163 2631 Maced.
2189 2576 2406 2646 Corpus
2427 2575 2711 2640 habuit,et
2739 2575 2948 2632 idcirco
2982 2576 3363 2633 contristatur.
3388 2576 3547 2633 Orth.

1952 2672 2022 2725 At
2041 2685 2242 2740 corpus
2262 2669 2381 2725 sine
2413 2668 2595 2724 anima
2616 2683 2724 2724 non
2759 2671 2998 2739 angitur,
3017 2684 3127 2724 non
3146 2668 3418 2732 turbatur,
3439 2684 3551 2725 non

1954 2762 2231 2818 tristatur?
2245 2759 2455 2827 Haud.
2484 2759 2589 2817 Sed
2621 2762 2741 2817 loco
2762 2761 2958 2817 anima:
2978 2760 3318 2816 divinitatem
3337 2760 3548 2816 habuit.

1953 2851 2107 2910 Orth.
2127 2854 2209 2909 An
2231 2867 2430 2922 corpus
2450 2853 2721 2907 divinitati
2742 2867 2996 2923 pavorem
3020 2853 3272 2916 incussit,
3291 2863 3385 2907 aut
3411 2852 3551 2907 divi-

1952 2947 2097 3003 nitas
2116 2945 2372 3017 corpori?
2403 2943 2613 3000 Haced.
2634 2945 2861 3017 Propter
2876 2962 3078 3015 corpus
3100 2946 3360 3002 divinitas
3376 2964 3548 3018 expa-

1954 3039 2226 3095 vescebat.
2246 3037 2400 3094 Orth.
2434 3037 2703 3093 Nimirum
2719 3049 2777 3094 ut
2804 3040 3145 3110 principatus
3164 3042 3328 3095 animi
3349 3041 3545 3103 nostri,

1953 3131 2027 3185 ita
2050 3138 2106 3185 et
2131 3130 2394 3186 divinitas
2418 3146 2448 3185 a
2481 3146 2712 3201 corpore
2746 3131 3097 3187 turbabatur.
3137 3130 3353 3186 Maced.
3390 3130 3549 3185 Absit

294 3233 443 3302 Ὀρθ.
511 3232 638 3297 Πῶς
710 3230 803 3288 οὖν
850 3233 1058 3305 ἀκούσῃ
1093 3233 1187 3288 τοῦ
1238 3234 1474 3304 ἀγγέλου
1518 3235 1767 3303 λέγοντος
1797 3233 1870 3307 τῷ

1965 3232 2013 3279 ut
2045 3225 2372 3282 hocdicaml
2404 3224 2858 3281 0rth.Concedas
2886 3224 3052 3292 igitur
3069 3233 3284 3294 oportet
3306 3225 3546 3278 animam

288 3322 522 3396 Ἰωσήφο
574 3343 592 3376 ι
619 3324 914 3396 Παρὰλαϐε
968 3326 1068 3397 τὴν
1127 3325 1339 3397 μητέρα
1390 3326 1485 3380 καὶ
1532 3326 1595 3380 τὸ
1640 3326 1872 3392 παιδίον,

276 3416 373 3470 καὶ
426 3415 596 3486 φεῦγε
653 3419 734 3481 είς
791 3416 1106 3487 Αἴγυπτονο
1161 3417 1345 3490 μέλλει
1413 3416 1521 3489 γὰρ
1562 3419 1593 3470 6
1631 3417 1875 3491 Ἡρώδης

273 3506 462 3578 ζητεῖν
489 3506 589 3578 τὴν
609 3507 787 3579 ψυχὴν
814 3507 911 3561 τοῦ
945 3510 1156 3563 παιδίου
1177 3526 1190 3539 ·
1214 3527 1233 3561 ι
1269 3510 1364 3563 καὶ
1396 3508 1589 3563 πάλιν⁸
1630 3527 1650 3561 ι
1692 3509 1877 3582 Ἐγερ-

272 3596 388 3660 θεὶς
436 3597 721 3668 παράλαϐε
752 3597 989 3669 Μαριὰμ
1021 3597 1121 3669 τὴν
1154 3598 1389 3667 γυναῖκά
1430 3614 1548 3661 σου,
1580 3598 1674 3651 καὶ
1715 3597 1875 3670 δεῦρο

270 3690 355 3752 είς
404 3689 512 3759 γῆν
557 3689 801 3762 Ἰσραήλ·
838 3689 1134 3761 τεθνήκασι
1185 3690 1297 3761 γὰρ
1344 3691 1396 3743 oi
1442 3689 1733 3760 ζητοῦντες
1775 3691 1875 3761 τὴν

268 3781 454 3852 ψυχὴν
498 3781 594 3834 τοῦ
640 3781 891 3835 παιδίου’
920 3800 940 3834 ι
995 3782 1113 3849 καὶ¹
1148 3782 1312 3847 αὐτὸς
1358 3783 1388 3835 6
1434 3781 1641 3854 Κύριος
1685 3781 1871 3850 λέγει’

275 3893 297 3926 ι
339 3872 483 3942 Ἑγὼ
521 3875 636 3944 εἰμι
668 3874 697 3926 6
745 3874 950 3945 ποιμὴν
1001 3874 1033 3928 6
1078 3873 1278 3937 καλός’
1330 3876 1360 3928 6
1398 3874 1605 3946 ποιμὴν
1639 3876 1668 3928 ό
1711 3872 1875 3939 καλὸς

268 3966 370 4036 τὴν
408 3966 585 4037 ψυχὴν
609 3964 774 4020 αὐτοῦ
813 3965 1028 4037 τίθησιν
1072 3966 1213 4038 ὑπὲρ
1245 3966 1357 4021 τῶν
1384 3966 1737 4038 προϐάτωνοι
1778 3966 1874 4021 καὶ

268 4057 468 4112 πάλινο
512 4076 532 4110 ι
566 4058 695 4111 Ὅτε
747 4058 908 4121 θέλω,
956 4057 1146 4128 τίθημι
1197 4057 1389 4129 αὐτὴν,
1426 4059 1522 4112 καὶ
1563 4059 1650 4111 ὅτε
1700 4057 1863 4123 θέλω,

268 4152 537 4223 λαμϐάνω
564 4152 774 4223 αὐτήν;
799 4169 817 4203 ι
852 4149 1076 4206 Μακεδ.
1116 4149 1331 4220 Ἐπειδὴ
1361 4150 1455 4203 καὶ
1487 4151 1515 4202 6
1550 4150 1739 4220 Πατὴρ
1786 4150 1873 4204 λέ-

1954 3317 2126 3374 fuisse
2139 3333 2259 3388 qua:
2275 3318 2493 3371 turbata
2510 3325 2616 3373 est.
2642 3314 2851 3371 Maced.
2870 3317 3027 3371 Absit
3050 3317 3062 3368 ι
3084 3314 3238 3371 Orth.
3259 3314 3549 3382 Quomodo

1953 3426 2087 3480 ergo
2130 3410 2384 3481 angelum
2430 3408 2625 3464 audies
2667 3407 2908 3478 Josepbo
2946 3408 3260 3463 dicentem:
3291 3426 3309 3458 ι
3344 3408 3549 3479 Accipe

1955 3518 2186 3573 puerum
2211 3514 2265 3557 et
2288 3510 2519 3555 matrem
2554 3501 2696 3570 ejus,
2733 3509 2789 3556 et
2820 3501 2945 3571 fuge
2985 3502 3040 3554 in
3087 3499 3420 3571 Egyptum:
3457 3499 3547 3554 {u-

1954 3604 2138 3649 turum
2156 3604 2241 3651 est
2261 3596 2405 3649 enim
2425 3603 2484 3645 ut
2500 3592 2744 3648 Herodes
2761 3604 2969 3663 quasrat
2988 3592 3227 3647 animam
3262 3592 3443 3663 pucri‘
3490 3610 3540 3658 ς»

1963 3699 2021 3743 et
2074 3688 2273 3743 iterum
2312 3706 2368 3741 τι
2421 3686 2597 3756 Surge
2634 3694 2686 3740 et
2729 3687 2918 3757 accipe
2969 3685 3194 3739 Mariam
3254 3684 3546 3754 conjugem

1956 3787 2128 3843 tuam,
2155 3788 2209 3834 et
2236 3778 2372 3834 vade
2402 3780 2458 3833 in
2483 3789 2686 3834 terram
2709 3777 2877 3833 Israel
2909 3795 2921 3830 :
2955 3777 3204 3831 defuncti
3227 3784 3353 3831 sunt
3374 3777 3543 3839 enim,

1956 3872 2047 3944 qui
2078 3874 2398 3943 quaerebant
2424 3872 2664 3927 animam
2700 3873 2852 3942 pueri
2881 3873 2900 3903 ²
2932 3888 2946 3937 ;
2978 3889 2996 3922 ι
3034 3876 3089 3925 et
3120 3868 3387 3924 Dominus
3426 3869 3546 3939 ipse

1956 3962 2074 4017 ait:
2112 3980 2132 4014 ι
2165 3960 2278 4033 Ego
2321 3977 2442 4017 sum
2493 3967 2685 4031 pastor
2724 3960 2903 4015 bonus
2940 3979 2952 4014 :
2988 3959 3166 4014 bonus
3200 3966 3389 4028 pastor
3426 3957 3545 4011 ani-

1956 4070 2101 4110 mam
2134 4070 2289 4111 suam
2319 4055 2474 4125 ponit
2504 4070 2604 4125 pro
2627 4053 2823 4109 ovibus
2854 4067 2908 4120 8;
2938 4072 2955 4104 ι
2998 4052 3281 4121 etitcrum
3309 4072 3322 4106 ;
3361 4069 3378 4101 ι
3405 4052 3545 4105 Cum

1956 4150 2101 4212 volo,
2130 4156 2496 4213 ponoeam,et
2518 4162 2643 4203 cum
2661 4147 2806 4209 volo,
2828 4161 3048 4201 resumo
3064 4160 3204 4199 eam
3228 4146 3265 4197 ⁸.
3292 4162 3310 4194 ι
3338 4142 3543 4198 Maced.

268 4260 393 4313 γει,
428 4261 447 4294 ι
476 4240 587 4306 Τὰς
614 4241 907 4315 νεομηνίας
964 4241 1120 4312 ὑμῶν
1146 4241 1239 4295 καὶ
1265 4240 1334 4293 τὰ
1373 4239 1625 4293 Σάϐϐατα
1656 4242 1806 4311 μισεῖ
1833 4243 1867 4311 ή

1965 4238 2188 4305 Quando
2216 4254 2347 4295 vero
2368 4250 2423 4294 et
2438 4238 2655 4294 Patrem
2681 4237 2937 4293 audimus
2965 4238 3300 4307 loquentem,
3368 4254 3385 4286 ‹
3411 4232 3549 4289 Sab-

267 4335 420 4407 ψυχή
460 4352 585 4407 μου,
615 4354 634 4387 ι
680 4331 791 4406 ἆρα
831 4334 921 4390 διὰ
961 4334 1120 4389 τοῦτο
1156 4334 1251 4387 καὶ
1290 4334 1383 4387 τὸν
1432 4333 1652 4401 Πατέρα
1690 4333 1870 4405 ψυχὴν

1965 4329 2083 4383 bata
2096 4336 2151 4383 et
2175 4329 2495 4384 neomenias
2517 4338 2729 4385 vestras
2746 4328 2860 4383 odit
2879 4329 3061 4381 anima
3082 4342 3203 4381 mea
3235 4338 3277 4393 δ,
3309 4346 3326 4376 ι
3354 4326 3548 4381 ideone

266 4427 417 4498 ἔχειν
463 4427 725 4499 λέξομενς
762 4428 914 4497 Ὀρθ.
961 4426 1187 4498 Πρῶτον
1255 4425 1284 4479 δ
1345 4426 1671 4496 παρήγαγες
1705 4425 1869 4497 ῥητὸν

1965 4426 2013 4475 et
2054 4420 2233 4491 ipsum
2264 4420 2482 4476 Patrem
2527 4423 2767 4475 animam
2814 4420 3013 4475 habere
3057 4419 3351 4475 dicemus?
3385 4418 3544 4475 ΟνεΙι.

266 4518 371 4572 οὐκ
399 4517 648 4588 ἐνόησας.
680 4518 757 4572 Οὐ
788 4517 899 4586 γὰρ
952 4515 1100 4587 ἔχεις
1134 4515 1340 4580 δεῖξαι,
1378 4515 1460 4569 ὅτι
1497 4516 1689 4586 Πατήρ
1718 4517 1869 4571 ἐστιν

1965 4509 2076 4567 Non
2093 4512 2454 4568 considerasti
2479 4528 2627 4575 eum,
2644 4528 2805 4583 quem
2832 4511 3113 4565 adduxisti
3143 4511 3341 4564 locum.
3361 4509 3550 4580 Neque

266 4611 299 4662 6
329 4609 525 4678 λέγων.
557 4608 782 4663 Μακεδ.
823 4608 986 4662 Ἀλλὰ
1028 4608 1174 4672 τίνος
1227 4609 1377 4661 ἐστὶν
1410 4608 1444 4677 η
1490 4608 1679 4677 (ptavi);
1717 4609 1862 4677 Ὀρθ.

1965 4607 2106 4662 enim
2145 4605 2532 4662 demonstrare
2567 4605 2775 4673 poteris
2806 4602 3019 4657 Patrem
3055 4616 3199 4667 esse,
3232 4600 3325 4671 qui
3362 4601 3551 4655 isthmc

267 4703 376 4756 Τοῦ
407 4701 533 4756 Υἱοῦ
564 4700 660 4756 τοῦ
690 4701 825 4755 Θεοῦ
867 4700 960 4754 τοῦ
992 4700 1277 4772 εἰρηκότος
1296 4717 1310 4730 ·
1350 4720 1367 4751 ι
1402 4700 1585 4768 Ἔγνω
1618 4698 1746 4769 βοῦς
1772 4699 1866 4755 τὸν

1965 4698 2238 4767 loquatur.
2274 4693 2484 4749 Maced.
2532 4694 2703 4764 Cujus
2753 4710 2885 4765 ergo
2923 4700 3008 4749 est
3050 4708 3158 4747 vox
3203 4692 3347 4750 ista?
3386 4691 3545 4747 θνιΙι.

266 4795 615 4866 κτησάμενον
644 4795 831 4857 αὑτὸν,
866 4793 961 4848 καὶ
988 4793 1109 4857 ὄνος
1150 4792 1248 4865 τὴν
1290 4793 1499 4865 φάτνην
1532 4792 1624 4847 τοῦ
1672 4792 1864 4867 κυρίου

1965 4790 2086 4845 Filii
2142 4788 2260 4853 Dei,
2306 4789 2401 4859 qui
2441 4787 2621 4842 dixit:
2654 4787 2965 4858 «Cognovit
3019 4786 3119 4842 bos
3170 4800 3546 4857 possessorem

266 4887 462 4941 αὐτοῦ·
503 4887 719 4959 Ἰσραὴλ
752 4887 813 4940 δέ
848 4904 915 4956 με
951 4886 1054 4939 οὐκ
1085 4885 1250 4954 ἔγνω,
1296 4886 1393 4939 καὶ
1423 4887 1452 4939 6
1482 4885 1609 4949 λαός
1654 4903 1758 4956 μου
1800 4886 1861 4941 οὐ

268 4979 493 5049 συνῆκε.
516 4997 536 5030 ι
570 4977 796 5033 Μακεδ.
844 4970 1014 5041 Οὗτος
1059 4972 1152 5031 οὖν
1205 4980 1352 5031 ἐστιν
1381 4978 1410 5031 6
1447 4977 1656 5046 λέγων·
1700 4996 1720 5029 ι
1750 4977 1864 5042 Τὰς

265 5071 559 5143 νεομηνίας
635 5069 792 5141 ὑμῶν
850 5070 945 5124 καὶ
994 5070 1066 5124 τὰ
1112 5070 1363 5124 Σάϐϐατα
1433 5072 1580 5140 μισεῖ
1628 5072 1660 5140 ἠ
1715 5071 1860 5145 ψυχή

272 5180 410 5234 μου;
441 5183 461 5216 ι
502 5164 655 5231 Ὀρθ.
718 5164 830 5217 Καὶ
887 5165 1048 5218 πάνυ.
1098 5164 1231 5216 Τότε
1260 5163 1368 5234 γὰρ
1408 5163 1549 5216 αὐτὰ
1578 5163 1859 5234 ἐμίσησεν,

268 5258 360 5311 ὅτε
390 5255 800 5328 ὲνηνθρώπησε,
832 5257 925 5309 καὶ
951 5257 1052 5327 τὴν
1087 5255 1294 5327 Καινὴν
1322 5257 1598 5326 Διαθήκην
1634 5255 1858 5311 διέθετο.

271 5347 497 5403 Μακεδ.
532 5348 643 5400 Καὶ
659 5343 772 5417 εἶχε
793 5347 993 5418 ψυχὴν,
1021 5350 1109 5402 ὅτε
1143 5348 1300 5419 ὤφθη
1320 5347 1397 5414 τῷ
1432 5350 1664 5419 ’ὶισαῖᾳ;
1706 5350 1857 5419 ’ορ6.

271 5441 483 5512 Ὥσπερ
515 5441 617 5492 οὐκ
650 5437 766 5511 εἶχε
801 5442 991 5511 χεῖρας
1019 5441 1115 5494 καὶ
1140 5441 1309 5504 πόδας
1343 5441 1708 5510 σωματικοὺς,
1736 5439 1861 5492 οὔτε

272 5534 379 5604 μὴν
412 5535 605 5605 ἱμάτια
649 5535 939 5604 σωματικὰ
980 5535 1088 5606 πρὸ
1118 5534 1227 5604 τῆς
1257 5534 1741 5605 ἐνανθρωπήσεως,
1771 5534 1859 5586 ὅτε

269 5627 457 5694 ἔλεγεν
479 5665 494 5689 ,
531 5644 551 5677 ι
583 5626 823 5695 Ὠρυξαν
868 5625 1059 5697 χεῖράς
1108 5643 1211 5695 μου
1262 5625 1356 5677 καὶ
1404 5625 1569 5688 πόδας
1607 5642 1729 5694 μου,
1767 5625 1861 5678 καὶ

269 5720 365 5773 ἐπὶ
411 5720 504 5772 τὸν
543 5718 835 5789 ἱματισμόν
878 5736 980 5785 μου
1027 5718 1218 5770 ἔϐαλον
1250 5717 1506 5788 κλήρους,
1536 5739 1553 5768 ι
1610 5718 1746 5770 ἀλλὰ
1791 5716 1859 5770 τὰ

373 5915 389 5944 ⁸
419 5916 610 5971 Matth.
646 5932 703 5979 ιι,
742 5914 826 5969 15.
900 5916 920 5947 ³
951 5915 1087 5972 ibid.
1119 5915 1209 5971 20.
1281 5915 1301 5945 ³
1339 5914 1494 5973 ιῑοιιιι.
1528 5934 1579 5983 x,
1628 5918 1704 5971 ll.

1786 5918 1803 5944 ‘
1844 5919 1975 5977 ibid.
2013 5923 2095 5977 18.
2170 5921 2188 5950 ⁸
2222 5920 2318 5975 La.
2355 5938 2392 5987 ι,
2432 5920 2512 5977 i3.

1964 4898 2148 4946 suum,
2178 4890 2233 4939 et
2268 4883 2461 4939 asinus
2486 4896 2731 4951 praesepe
2765 4881 2970 4935 domini
3006 4880 3091 4935 sui
3125 4879 3334 4936 :Israel
3367 4890 3547 4934 autem

1963 4992 2051 5031 me
2074 4990 2184 5031 non
2216 4974 2499 5045 cognovit,
2519 4982 2572 5029 et
2598 4974 2832 5044 populus
2853 4988 3007 5029 meus
3022 4989 3131 5028 non
3153 4971 3423 5027 intellexit
3456 4978 3491 5028 ⁸.
3526 4994 3544 5023 ι

1964 5067 2176 5123 Haced.
2214 5065 2442 5121 Hiccine
2471 5072 2557 5121 est
2588 5067 2679 5136 qui
2711 5067 2845 5121 dicit
2872 5086 2884 5122 :
2924 5085 2942 5117 ι
2966 5065 3297 5122 Neomenias
3336 5075 3551 5121 vestras

1963 5168 2020 5216 et
2047 5158 2287 5214 Sabbata
2327 5160 2442 5212 odit
2472 5158 2655 5212 anima
2695 5161 2850 5214 mea?
2875 5179 2892 5211 ι
2918 5158 3072 5214 ονιΙι.
3113 5157 3257 5213 Sane
3304 5158 3546 5228 quidem.

1966 5249 2104 5305 Tum
2140 5250 2287 5305 enim
2321 5249 2435 5303 odit
2466 5265 2552 5311 ca,
2595 5250 2816 5319 quando
2847 5250 3170 5306 incarnatus
3217 5259 3323 5311 est,
3357 5256 3411 5303 et
3452 5250 3555 5305 τωο

1967 5342 2072 5397 dus
2104 5356 2307 5396 novum
2348 5342 2604 5397 instituit.
2638 5341 2845 5396 Maced.
2884 5343 3045 5411 Atqui
3067 5344 3307 5396 animam
3341 5342 3551 5405 habuit,

1965 5449 2089 5489 cum
2124 5433 2277 5490 Isaia:
2305 5435 2455 5490 visus
2477 5435 2597 5490 est?
2623 5434 2779 5490 Orlh.
2808 5434 3280 5501 Quemadmodum
3305 5451 3405 5489 nec
3437 5451 3554 5489 ma-

1967 5543 2092 5589 nus,
2122 5543 2224 5584 nec
2256 5528 2420 5599 pedes
2448 5543 2766 5598 corporcos,
2803 5542 2979 5597 neque
3019 5528 3184 5582 etiam
3228 5528 3550 5583 vestimenta

1966 5635 2231 5690 corporea
2263 5622 2470 5684 habuit,
2492 5632 2617 5674 ante
2646 5620 3097 5683 incarnationem,
3127 5620 3349 5691 quando
3373 5619 3541 5679 dixit.

1972 5732 1989 5762 ι
2022 5710 2302 5767 Fuderunt
2328 5729 2521 5768 manus
2556 5727 2705 5765 nicas
2736 5721 2791 5766 et
2822 5710 2989 5782 pedes
3036 5726 3189 5769 meos
3225 5730 3238 5768 :
3287 5719 3341 5767 et
3386 5725 3550 5781 super

2590 5921 2607 5949 ⁰
2637 5919 2768 5975 ibid.
2806 5919 2856 5976 5.
