3968 6578
474 428 584 493 879

1718 430 2100 493 EUTHYMII
2142 428 2498 489 ZIGABENI

3598 421 3685 484 880

468 589 675 635 vestem
700 592 873 633 meam
905 575 1173 632 miserunt
1208 577 1441 631 sortcm‘
1476 618 1488 639 ,
1517 596 1532 628 ι
1576 578 1668 631 sed
1709 594 1830 645 qua!
1872 570 2053 630 futura

2158 587 2415 659 μέλλοντα
2445 579 2691 652 γίνεσθαι
2723 576 2909 647 ἔλεγεν
2929 592 2943 609 ⁸
2980 574 3125 629 οὓτω
3157 573 3251 627 καὶ
3277 571 3402 643 περὶ
3440 571 3600 643 ψυχῆς
3621 571 3690 627 λέ.

467 677 624 724 erant
652 667 1024 738 pronuntiavit
1061 685 1075 721 :
1113 668 1192 723 sic
1238 667 1381 721 etde
1424 670 1603 721 anima
1629 670 1861 737 l0quens
1878 667 2047 722 dixit:

474 780 492 812 ι
515 759 839 816 Oditanima
861 775 997 813 mea.
1032 780 1049 811 ι
1077 758 1285 814 Maced.
1323 759 1405 815 Sit
1439 777 1570 816 sane
1603 760 1722 815 Filii
1752 777 1854 815 vox
1891 762 2005 816 hzec
2034 779 2048 817 :

469 851 717 921 nunquid
749 861 802 906 et
840 862 950 904 tum
999 851 1168 907 Filius
1203 854 1466 923 loquitur,
1504 869 1625 906 cum
1657 853 1791 906 dicit
1827 872 1838 907 :
1880 851 2052 908 «Ecce

469 958 604 1014 puer
652 960 806 999 meus
859 944 1114 1007 dilec‘tus,
1154 946 1205 1000 in
1269 950 1425 1015 queiu
1485 945 1819 1014 complacuit
1868 948 2053 1001 anima

470 1050 611 1094 mea.
651 1049 848 1104 ponam
876 1032 1140 1103 Spiritum
1171 1051 1349 1089 meum
1388 1050 1553 1103 super
1585 1036 1734 1089 eum'
1777 1033 1799 1085 ?
1829 1053 1847 1087 ι
1893 1032 2049 1089 Orth.

467 1126 684 1182 Patrem
710 1127 823 1191 hic,
851 1143 956 1180 non
993 1127 1211 1191 Filium,
1248 1129 1397 1199 loqui
1441 1128 1496 1182 in
1529 1127 1785 1183 confesso
1816 1135 1900 1182 est
1931 1146 1944 1182 :
1972 1136 2051 1182 at-

468 1231 651 1276 tamen
688 1237 795 1275 non
837 1220 982 1291 quod
1021 1222 1257 1276 animam
1309 1223 1505 1277 habeat
1530 1222 1625 1278 'sic
1668 1221 1911 1291 loquitur
1952 1220 2053 1273 Pa-

468 1318 577 1374 ter,
609 1311 705 1366 sed
744 1310 1016 1379 cujusque
1058 1311 1234 1365 sancti
1281 1312 1541 1374 animam,
1596 1326 1753 1366 suam
1811 1311 2051 1364 animam

470 1403 628 1456 dicit.
662 1401 1012 1472 Qumcunque
1062 1403 1229 1473 igitur
1265 1404 1445 1457 anima
1496 1403 1599 1459 sibi
1652 1402 2052 1473 complacucrit

470 1493 527 1547 in
555 1491 711 1555 Filio,
763 1493 887 1559 ista,
934 1494 1131 1563 inquit,
1181 1504 1262 1549 est
1305 1495 1488 1549 anima
1537 1509 1679 1549 mea.
1726 1492 1941 1548 Etenim
1994 1499 2054 1546 ut

472 1586 637 1639 homo
663 1585 869 1653 justus,
908 1584 1001 1640 Dei
1040 1586 1201 1640 homo
1245 1586 1488 1641 dicitur:
1545 1585 1619 1639 ita
1657 1585 1839 1640 anima
1877 1585 2052 1655 iusta,

474 1677 567 1733 Dei
603 1678 783 1731 anima
830 1686 1179 1747 nuncupatur
1227 1687 1280 1732 et
1325 1686 1429 1733 est.
1473 1676 1683 1732 Maced.
1716 1676 1858 1744 Quid
1892 1676 2057 1747 igitur

470 1779 556 1827 est
579 1771 1022 1841 bencplacitum?
1047 1769 1201 1826 Orth.
1235 1770 1473 1826 Verbum
1521 1771 1863 1842 complacuit,
1925 1785 2055 1840 pro-

473 1866 637 1933 pheta
717 1863 889 1920 Isaias
935 1865 1331 1936 interpretatur
1384 1866 1633 1932 suscepit,
1670 1864 1762 1919 ubi
1818 1864 2048 1920 scribit:

477 1973 496 2007 ι
527 1953 696 2009 Jacob
727 1970 919 2011 servus
961 1972 1138 2020 meus,
1186 1957 1483 2026 suscipiam
1529 1972 1653 2011 eum
1692 1975 1703 2010 :
1734 1955 1904 2011 Israel
1937 1955 2050 2010 ele-

472 2057 594 2101 ctus
618 2063 793 2113 meus,
825 2064 987 2117 quem
1018 2049 1254 2120 benigne
1281 2049 1524 2118 suscepit
1554 2050 1739 2103 anima
1770 2062 1910 2104 mea.
1949 2046 2053 2103 Po-

471 2139 554 2193 sui
591 2138 857 2209 Spiritum
892 2156 1071 2195 meum
1100 2156 1265 2212 super
1289 2157 1438 2196 eum.
1470 2161 1488 2193 ›
1510 2140 1861 2212 Quaecunque
1885 2142 2053 2213 igitur

471 2227 655 2283 anima
688 2229 855 2293 hunc,
884 2246 1046 2301 quem
1089 2231 1341 2295 ostendo,
1379 2246 1599 2287 servum
1640 2246 1821 2287 meum
1860 2247 2053 2288 susce-

414 2332 415 2335 ‘
474 2319 573 2388 pit,
598 2334 659 2375 ea
695 2329 778 2375 est
809 2336 926 2377 mea
958 2322 1156 2377 anima.
1204 2320 1409 2377 Maced.
1446 2320 1555 2376 Nos
1604 2322 1903 2395 imprOprie
1948 2322 2052 2379 Pa-

481 2425 621 2471 trem
650 2416 751 2470 ista
789 2416 1028 2469 locutum
1062 2415 1236 2469 fuisse
1256 2414 1508 2468 dicimus.
1541 2412 1725 2482 Neque
1744 2411 1888 2466 enim
1913 2408 2060 2478 quod

474 2506 715 2561 animam
756 2505 997 2567 'baheat,
1047 2503 1217 2559 dicit:
1261 2523 1277 2555 ‹
1308 2502 1365 2557 In
1410 2518 1519 2573 quo
1566 2502 1671 2557 sibi
1732 2495 2060 2570 complacuit

476 2597 657 2652 anima
689 2613 847 2653 mea:
886 2615 904 2648 ι
932 2613 1107 2666 neque
1142 2596 1209 2652 de
1252 2597 1433 2649 anima
1476 2595 1759 2649 hominum
1794 2591 2058 2661 loquitur,

476 2700 615 2747 ultu
668 2691 886 2763 quidem
935 2690 1238 2745 existimas.
1280 2686 1434 2745 Orth.
1477 2687 1776 2759 lmproprie
1819 2685 2059 2739 animam

474 2782 622 2837 Patri
661 2783 824 2836 tribui
871 2781 1265 2841 concedamus,
1301 2780 1547 2850 nunquid
1578 2787 1632 2834 ct
1660 2780 1727 2833 de
1767 2776 1907 2833 Filio
1953 2776 2059 2829 im-

477 2874 735 2945 proprie?
766 2872 977 2927 Maced.‘
1002 2871 1201 2925 Etiam.
1236 2870 1389 2926 Orth.
1424 2868 1563 2935 Quid
1589 2870 1633 2925 si
1671 2877 1853 2924 autem
1896 2866 2060 2922 Pater

476 2971 637 3022 homo
661 2967 898 3031 dicatur,
933 2972 988 3020 et
1013 2966 1054 3020 si
1089 2963 1569 3035 improprie'Pater
1598 2964 1822 3023 dicitur,
1841 2976 1973 3015 num
2004 2966 2059 3015 et

476 3055 967 3126 Filiusimproprie
1004 3055 1176 3108 homo
1225 3054 1482 3107 dicetur?
1509 3051 1719 3107 Mured.
1758 3051 1865 3107 Ubi
1916 3049 2057 3105 scri-

476 3162 624 3217 ptum
650 3156 735 3201 cst
769 3144 987 3199 Patrem
1034 3144 1334 3214 imprOprie
1375 3159 1498 3199 esse
1544 3142 1856 3197 hominem?
1898 3140 2055 3198 Orth.

471 3239 637 3294 Filius

472 3332 582 3378 cat.
608 3322 816 3378 Μαῖρά.
860 3324 1064 3379 Locum
1111 3326 1247 3394 lege,
1282 3339 1391 3394 quo
1418 3323 1601 3394 ipsum
1644 3323 1920 3377 hominem
1963 3338 2055 3376 vo-

472 3424 580 3472 cat.
615 3416 1025 3485 Orth.'Quando
1079 3417 1233 3483 dicit,
1274 3417 1512 3472 rliomo
1539 3416 1759 3487 quidam
1788 3416 1919 3470 fecit
1948 3431 2056 3470 nu-

472 3511 614 3582 ptias
646 3510 754 3565 ﬁlio
786 3518 957 3575 suos,
984 3511 1243 3580 rqualem
1284 3508 1560 3563 hominem
1588 3507 1758 3563 dicit?
1791 3506 1856 3560 Et
1880 3522 2057 3578 quan-

470 3606 541 3660 do
598 3604 750 3668 dicit,
786 3603 1011 3659 rllomo
1035 3604 1259 3674 quidam
1299 3604 1566 3673 plantavit
1604 3604 1841 3665 vineam,
1876 3609 1927 3656 et
1974 3601 2057 3655 lo-

470 3699 747 3752 cavitcam
770 3696 1026 3768 agricolis
1056 3700 1098 3755 ⁵,
1133 3715 1151 3747 ι
1185 3697 1399 3766 qualem
1441 3695 1701 3764 intelligis
1734 3693 2058 3750 hominem?

469 3787 678 3843 Maced.
726 3789 783 3843 In
831 3785 1559 3859 parabola-Patrem.‘0rth.
1606 3786 1818 3857 Ergone
1864 3787 2052 3857 igitur,

467 3895 591 3934 cum
626 3883 683 3936 in
720 3883 1009 3951 parabolis’
1029 3880 1250 3934 Patrem
1296 3878 1443 3932 dicat
1475 3879 1849 3943 hominem,et
1882 3880 1937 3933 in
1971 3894 2058 3933 ea-

465 3975 589 4028 dem
621 3975 709 4027 illa
743 3975 1003 4044 parabola
1040 3974 1279 4044 seipsum
1317 3974 1463 4027 dicat
1487 3972 1761 4026 hominem
1790 3978 1911 4042 post
1936 3986 2056 4026 ser-

466 4080 564 4120 vos
588 4067 838 4129 missum,
866 4063 1066 4117 Filium
1091 4064 1269 4134 ipsum
1312 4063 1608 4132 improprie
1648 4062 1926 4115 hominem
1974 4060 2054 4115 fa-

466 4168 618 4213 ctum
676 4148 847 4211 luisse
907 4153 1251 4209 dixerimus?
1291 4153 1500 4209 Maced.
1564 4153 1739 4207 Absit.
1762 4152 1941 4208 "Orth.
1994 4154 2054 4208 Si

466 4266 597 4321 ergo
621 4248 958 4304 audierimus
978 4248 1170 4303 faciem
1202 4246 1403 4314 Patris,
1432 4262 1596 4317 quam
1625 4261 1918 4318 puerorum
1937 4261 2042 4298 an-

464 4343 570 4415 geli
605 4341 895 4397 videntzsi
933 4341 1061 4396 item
1107 4340 1450 4396 audierimus
1492 4340 1685 4396 faciem
1736 4338 1882 4404 Filii,
1931 4355 2053 4410 qum

466 4438 522 4491 in
552 4443 735 4491 monte
757 4434 1119 4505 resplenduit,
1160 4443 1214 4490 et
1253 4448 1418 4503 quam
1464 4433 1715 4489 minister
1760 4433 2048 4487 Pontiﬁcis

2153 658 2265 749 γων
2305 673 2459 731 εἶπε*
2497 694 2517 729 ι
2547 676 2776 745 Μισεϊὴ
2825 672 2972 743 ψυχή
3027 688 3151 742 μου.
3182 689 3203 720 ›
3254 668 3469 722 Μακεδ.
3514 669 3692 738 Δώμεν,
3741 658 3751 671 ’

2153 772 2300 842 ὄτιή
2351 768 2502 840 φωνὴ
2550 767 2644 820 τοῦ
2697 763 2827 819 ἴὶοὖ
2878 766 3027 817 ἐστι·
3083 761 3157 832 μὴ
3220 759 3315 813 καὶ
3373 760 3458 812 ὅτε
3508 759 3692 826 ἔλεγεν,

2160 882 2179 916 ι
2220 863 2349 915 Ἰδοὺ
2380 863 2409 915 6
2444 862 2585 925 Παῖς
2636 876 2737 931 μου
2778 859 2805 910 6
2848 853 3129 924 ἀγαπητός
3166 869 3303 923 μου,
3351 853 3427 916 εἰς
3469 852 3523 903 ὃν
3564 853 3696 921 ηὐδό-

2153 974 2322 1028 κησεν
2354 956 2387 1026 ἡ
2427 954 2572 1024 ψυχή
2619 968 2747 1023 μου·
2788 948 2941 1021 θήσω
2976 947 3040 1000 τὸ
3091 945 3317 1015 Πνεῦμα
3371 961 3468 1013 μου
3505 944 3580 995 ἐπ’
3618 944 3697 997 at»

2152 1048 2307 1108 16v,»
2354 1047 2384 1099 6
2432 1044 2560 1108 Υἱός
2611 1045 2757 1095 ἐστιν
2801 1043 2830 1094 6
2861 1040 3066 1108 λέγων;
3130 1037 3287 1103 Ὄρθ.
3351 1034 3460 1087 Οὐκ
3502 1034 3631 1087 ἔστιν
3673 1037 3698 1088 6

2155 1138 2283 1201 Υἱὸς
2311 1139 2340 1189 6
2375 1135 2571 1205 λέγων,
2596 1133 2711 1187 ἀλλ’
2735 1128 3186 1203 ὁμολογουμένως
3212 1129 3241 1181 ὁ
3270 1127 3475 1197 Πατήρ.
3510 1127 3578 1179 Οὐ
3610 1126 3698 1198 μὴν

2155 1231 2231 1294 ὡς
2272 1229 2437 1292 αὐτὸς
2481 1227 2659 1298 ψυχὴν
2702 1226 2841 1296 ἔχων
2891 1222 3068 1277 ταῦτα
3117 1218 3296 1273 λαλεῖ·
3377 1218 3507 1272 ἀλλὰ
3549 1221 3699 1272 πᾶσαν

2158 1321 2333 1393 ψυχὴν
2381 1319 2563 1389 ἁγίαν,
2593 1316 2787 1372 ἑαυτοῦ
2841 1315 3019 1386 ψυχὴν
3071 1312 3239 1380 λέγει.
3272 1311 3426 1373 "Hm;
3462 1306 3548 1364 οὖν
3578 1310 3699 1381 ψυχὴ

2157 1414 2238 1477 εἰς
2287 1412 2378 1465 τὸν
2406 1411 2535 1464 Υῐδν
2588 1409 2893 1479 ηὑδόκησε,
2926 1407 3063 1477 αὕτη
3118 1422 3241 1476 μου,
3290 1402 3471 1472 φησὶν,
3519 1402 3700 1472 ἔστινὴ

2156 1502 2323 1573 ψυχή.
2362 1502 2450 1565 Ὧς
2480 1500 2589 1571 γὰρ
2614 1502 2643 1554 ὁ
2673 1498 2878 1561 δίκαιος
2894 1496 3198 1568 ἅνθρωπος,
3231 1492 3323 1546 τοῦ
3357 1490 3487 1544 Θεοῦ
3516 1490 3700 1558 λέγεται

2160 1594 2464 1664 ἄνθρωπος’
2491 1591 2634 1645 οὕτω
2662 1591 2756 1645 xui.
2787 1591 2820 1661 ή
2849 1589 3035 1643 δικαία
3063 1586 3209 1658 ψυχὴ
3231 1583 3327 1638 τοῦ
3354 1581 3485 1637 Θεοῦ
3515 1582 3699 1650 λέγεται

2161 1686 2255 1739 καὶ
2283 1685 2397 1738 ἔστι
2435 1683 2604 1755 ψυχή.
2641 1681 2862 1737 Μακεδ.
2893 1680 2958 1734 Τί
2996 1674 3089 1734 οὖν
3122 1679 3270 1732 ἐστιν
3311 1674 3545 1737 efﬁcacia;
3576 1674 3694 1740 Ὀρθ.

2169 1775 2231 1827 '0
2254 1776 2540 1846 προφήτης
2574 1774 2801 1835 Ἡσαΐας
2829 1772 2889 1826 τὸ
2922 1771 3255 1839 ηὑδόκησε,
3302 1765 3692 1837 προσεδέξατα
3742 1794 3743 1797 η

2165 1860 2309 1932 εἷπε,
2350 1866 2549 1935 λέγων·
2597 1885 2617 1918 ι
2658 1864 2853 1919 Ἰακὼὸ
2883 1866 2912 1918 6
2937 1866 3064 1928 παῖς
3089 1861 3587 1935 μου,ηάντιλήψομαι
3619 1861 3698 1913 αὺ-

2156 1960 2285 2014 τοῦ’
2324 1958 2539 2032 Ἰσραὴλ
2568 1961 2596 2013 6
2641 1958 2895 2021 ἐκλεκτός
2948 1975 3069 2028 μου,
3119 1954 3480 2029 προσεδέξατο
3506 1952 3700 2023 αὐτὶ)νῂ

2156 2051 2304 2123 ψυχή
2336 2068 2458 2123 μουο
2486 2050 2663 2105 ἔδωκα
2695 2050 2754 2103 τὸ
2790 2048 3016 2120 Πνεῦμα
3060 2065 3161 2119 μου
3194 2047 3280 2100 ἐπ’
3305 2046 3487 2099 αὐτόν.
3511 2064 3529 2098 ι
3566 2045 3699 2106 Ἤτις

2156 2140 2251 2199 οὖν
2279 2144 2422 2217 ψυχὴ
2453 2146 2659 2210 τοῦτον,
2683 2145 2741 2199 ὃν
2768 2145 3013 2215 δείκνυμι
3043 2144 3170 2213 ὑμῖν
3213 2142 3381 2197 παῖδα
3409 2158 3523 2213 μου.
3562 2156 3700 2211 προσ-

2159 2237 2393 2301 εδέξατο,
2431 2238 2566 2309 αῦτη
2602 2257 2701 2309 μου
2739 2238 2856 2291 ἐστὶ
2890 2237 3056 2307 ψυχή.
3084 2234 3311 2289 Mazaca.
3344 2233 3527 2304 Ἡμεῖς
3562 2246 3701 2283 καταρ

2159 2327 2475 2395 χρηστικῶς
2516 2327 2608 2381 τὸν
2644 2329 2864 2399 Πατέρα
2906 2328 3135 2397 λέγομεν
3165 2323 3446 2396 εἰρηκέναι
3474 2322 3568 2393 τὴν
3607 2332 3700 2388 φυ-

2136 2416 2255 2487 νήν.
2304 2413 2442 2467 υῦτε
2487 2404 2595 2485 γ’ὰρ
2642 2413 2819 2482 ψυχὴν
2865 2409 3004 2481 ἔχων
3048 2411 3078 2463 6
3122 2411 3317 2481 Πατὴρ
3367 2411 3539 2478 λέγει*
3578 2422 3597 2459 ι
3621 2406 3699 2468 Et;

2135 2506 2195 2563 ὃν
2239 2506 2603 2578 ηὐδόκησεν-ἠ
2640 2504 2783 2574 ψυχή
2821 2520 2953 2573 μουο
2978 2522 2995 2553 ι
3037 2502 3185 2565 οὔτε,
3229 2503 3307 2566 ὡς
3342 2504 3407 2556 σὺ
3440 2502 3691 2573 νενόηκας,

2138 2599 2269 2669 περὶ
2299 2598 2400 2669 τῆς
2438 2595 2549 2649 τῶν
2591 2592 2892 2665 ἀνθρώπων
2918 2591 3095 2662 ψυχῆς
3128 2591 3297 2660 λέγει.
3339 2593 3481 2659 Ὀρθ.
3511 2592 3690 2662 Δῶμεν,

2138 2690 2219 2743 ὅτι
2264 2685 2715 2759 καταχρηστικῶς
2770 2683 2985 2755 εἴρηται
3033 2684 3162 2756 περὶ
3191 2683 3288 2736 τοῦ
3332 2684 3564 2755 Πατρός·
3603 2677 3693 2753 ἆρα

2138 2781 2235 2834 καὶ
2267 2780 2393 2852 περὶ
2420 2779 2514 2831 τοῦ
2550 2777 2677 2830 Υἱοῦ
2722 2776 3176 2847 καταχρηστικῶς
3215 2774 3467 2847 εἴρηται;
3501 2773 3689 2829 Mazaei.

2139 2871 2265 2925 Ναί.
2308 2871 2462 2937 Ὀρθ.
2502 2868 2627 2921 Ἐὰν
2680 2864 2779 2920 οὖν
2812 2868 2907 2920 καὶ
2974 2866 3259 2939 ἄνθρωπος
3291 2868 3513 2938 λέγηται
3542 2868 3570 2919 6
3604 2866 3693 2919 Πα-

2137 2966 2263 3036 τὴρ,
2306 2962 2760 3034 καταχρηστικῶς
2791 2960 3043 3034 εἴρηται*
3078 2960 3174 3013 καὶ
3218 2963 3267 3013 εἰ
3306 2963 3435 3032 περὶ
3472 2960 3560 3013 τοῦ
3598 2960 3699 3012 Πασ

2136 3057 2283 3128 τρὸς,
2322 3052 2430 3127 ἄρα
2483 3055 2577 3108 καὶ
2624 3055 2717 3107 τὸν
2756 3054 2885 3107 Υἱὸν
2933 3054 3395 3125 καταχρηστικῶς
3440 3052 3690 3123 ἀνορωπω

2137 3147 2391 3220 λέξομεν;
2436 3146 2656 3203 Μακεδ.
2702 3146 2815 3201 Ποῦ
2852 3147 3163 3217 γέγραπται
3209 3143 3694 3216 καταχρηστικῶςὸ

854 3236 969 3304 ipse
1004 3235 1055 3289 in
1095 3234 1409 3304 Evangeliis
1444 3235 1723 3288 hominem
1752 3234 1932 3303 ipsum
1966 3247 2058 3287 vo-

2144 3241 2328 3312 [Ιατὴρ
2400 3238 2721 3310 ἀνθρωποςς
2795 3240 2950 3307 Ὀρθ.
3026 3239 3199 3302 Αὐτὸς
3249 3240 3277 3291 6
3318 3238 3447 3299 Υἱὸς
3478 3237 3551 3288 .ὲν
3600 3237 3692 3296 τοῖς

2136 3332 2489 3401 Εὑαγγελίοις
2518 3332 2683 3400 λέγει
2731 3330 2892 3385 αὐτὸν
2945 3330 3251 3402 ἄνθρωπον.
3299 3332 3517 3385 Μακεδ.
3563 3330 3694 3382 Ἀνάς

2136 3425 2304 3494 γνωθί
2348 3420 2438 3497 μοι
2478 3424 2577 3478 ποῦ
2613 3424 2776 3478 αὑτὸν
2817 3424 2963 3493 λέγει
3003 3424 3321 3495 ἄνθρωπον.
3365 3426 3516 3492 Ὀρθ.
3552 3425 3691 3475 Ὅταν

2136 3518 2289 3589 λέγῃ,
2329 3536 2347 3567 ι
2381 3516 2702 3588 ’Ἄνθρωπός
2734 3533 2817 3579 τις
2869 3516 3094 3586 εποίησε
3130 3516 3347 3586 γάμους
3382 3516 3458 3586 τῷ
3492 3514 3586 3585 υιῷ
3616 3514 3694 3566 αὖ.

2126 3610 2250 3673 τοῦ,
2274 3627 2292 3660 ι
2327 3609 2476 3661 ποῖον
2503 3607 2649 3676 λέγει
2683 3608 3001 3679 ἄνθρωπονς
3039 3607 3151 3662 Καὶ
3178 3608 3309 3661 ὅταν
3340 3608 3504 3678 λέγετ’
3528 3624 3559 3657 α(
3589 3607 3692 3658 Ἀν-

2136 3699 2355 3771 θρωπός
2383 3716 2467 3762 τις
2495 3699 2795 3769 ἐφύτευσεν
2828 3699 3149 3769 ἀμπελῶνα,
3190 3700 3287 3752 καὶ
3320 3698 3526 3766 ἐξέδοτο
3558 3697 3691 3750 αὑτὸν

2136 3795 2433 3864 γεωργοῖς,
2473 3811 2491 3845 ι
2551 3797 2702 3847 ποῖον
2764 3796 2903 3857 νοεῖς
2973 3791 3301 3863 ἄνθρωπον;
3365 3789 3576 3845 Manet).
3622 3788 3693 3840 Ἐν

2135 3885 2421 3956 παραϐολῇ
2458 3885 2549 3937 τὸν
2588 3885 2839 3956 Πατέρα.
2907 3884 3062 3951 'opo.
3120 3881 3270 3955 'Apa
3301 3879 3417 3946 οὖν,
3450 3881 3619 3950 ἐπειδὴ
3645 3880 3691 3931 ἐν

2134 3980 2473 4052 παραϐολαῖς
2527 3978 2618 4032 τὸν
2669 3979 2892 4049 Πατέρα
2948 3978 3099 4047 λέγει
3152 3976 3465 4050 ἄνθρωπον,
3516 3975 3601 4029 καὶ
3645 3974 3691 4024 ἐν

2135 4072 2274 4142 αὐτῇ
2322 4074 2386 4142 τῇ
2439 4070 2723 4142 παραϐολῇ
2777 4071 2873 4124 καὶ
2915 4070 3107 4124 ἑαυτὸν
3158 4070 3398 4141 Χριστὸν
3443 4068 3692 4135 ἄνθρωπον

2140 4160 2280 4231 μετὰ
2324 4161 2451 4223 τοὺς
2483 4160 2706 4224 δούλους
2739 4160 3171 4231 ἀπεσταλμένον,
3221 4161 3473 4230 εἴποιμεν
3519 4157 3580 4210 ἂν
3617 4155 3692 4208 καὶ

2137 4250 2298 4304 αὐτὸν
2346 4250 2437 4304 τὸν
2496 4250 2624 4305 Υιὸν
2676 4251 3134 4323 καταχρηστικῶς
3202 4248 3691 4323 ἐνηνορωπηκέναις

2135 4340 2357 4394 Maia-:6.
2411 4343 2503 4412 Μὴ
2555 4340 2798 4409 γένοιτοι
2870 4342 3025 4410 Ὀρθ.
3104 4342 3231 4395 Ἐὰν
3291 4342 3349 4395 δὲ
3400 4340 3693 4409 ἀκούσωμεν

2137 4432 2429 4503 πρόσωπον
2454 4433 2685 4506 Πατρδς,
2708 4433 2738 4487 ὃ
2773 4434 3060 4505 βλέπουσιν
3085 4434 3306 4504 ἄγγελοι
3335 4434 3445 4487 τῶν
3475 4432 3691 4491 παιδίων.

470 4527 744 4598 percussit
770 4546 782 4581 :
818 4528 965 4581 itane
989 4526 1209 4597 propria
1244 4526 1537 4595 utrobique
1556 4524 1952 4595 signiﬁcatione
1973 4523 2051 4577 fa-

2144 4525 2212 4589 ὡς
2263 4528 2320 4580 ἐν
2354 4527 2710 4596 Εὐαγγελίοις
2755 4528 3100 4599 γέγραπται·
3152 4528 3475 4599 ἀκούσωμεν
3515 4526 3568 4579 δὲ
3617 4523 3693 4577 καὶ

465 4621 602 4674 ciem
633 4620 985 4688 accipiemus,
1018 4629 1112 4674 aut
1132 4619 1272 4674 hanc
1293 4617 1516 4689 quidem
1543 4617 1793 4687 corporis
1828 4615 2047 4681 faciem,

465 4713 612 4768 illam
645 4713 939 4783 improprie
969 4713 1365 4782 appellabimus
1400 4709 1616 4772 faciem,
1637 4725 1759 4779 qua:
1776 4708 2050 4780 esthypo-

466 4807 676 4862 stasis?
712 4804 920 4859 Maced.
949 4804 1207 4859 Omnium
1243 4817 1518 4858 consensu
1546 4801 1704 4856 aliter
1726 4800 1896 4862 Patri,
1941 4798 2048 4853 ali-

2140 4618 2435 4689 πρόσωπον
2474 4620 2625 4683 Υἱοῦ,
2673 4619 2701 4673 ὃ
2734 4620 2972 4690 ἔλαμψεν
3014 4621 3073 4673 ὲν
3122 4620 3200 4692 τῷ
3242 4620 3388 4690 ὄρει,
3422 4619 3515 4674 καὶ
3554 4616 3692 4689 wai-

2137 4731 2295 4767 πισεν
2329 4717 2357 4767 6
2386 4715 2664 4787 ὑπηρέτης
2685 4731 2700 4747 ο
2731 4714 2905 4778 οὕτως
2952 4712 3256 4785 ἁκούσομεν
3304 4715 3413 4767 τῶν
3459 4725 3694 4784 σημαινο-

2127 4804 2353 4874 ·μένων;
2382 4804 2414 4876 ἢ
2453 4805 2514 4858 τὸ
2549 4805 2648 4875 μὲν
2695 4804 2944 4875 σώματος
2994 4804 3318 4874 πρόσωπον,
3350 4805 3413 4857 τὸ
3448 4804 3503 4856 δὲ
3546 4814 3693 4854 κατα-

463 4906 547 4951 ter
592 4895 734 4949 Filio
779 4895 1060 4949 tribuitur.
1119 4892 1272 4949 Orth.
1307 4891 1425 4946 Non
1481 4907 1614 4961 ergo
1649 4892 1697 4946 si
1746 4890 2049 4960 improprie

2144 4895 2449 4967 χρηστικῶς
2469 4898 2807 4968 ὀνομάσομεν
2830 4897 3139 4968 πρόσωπον,
3166 4898 3194 4949 ὃ
3222 4898 3369 4949 ἐστιν
3390 4882 3691 4954 ὖπόστασιςς

465 4989 646 5042 anima
677 4987 847 5050 Patri,
881 4988 1145 5040 continuo
1171 4996 1223 5040 et
1247 4985 1383 5038 Filio
1415 4984 1715 5055 improprie
1761 4984 2044 5037 tribuitur.

465 5082 561 5136 Est
591 5081 704 5135 hare
725 5077 1149 5134 Manichaeorum
1187 5078 1403 5134 insania
1438 5118 1451 5140 ,
1486 5077 1683 5133 docere
1707 5077 1906 5131 Filiutn
1948 5076 2043 5131 Dei

463 5190 572 5229 non
606 5173 773 5228 fuisse
798 5172 1074 5227 hominem
1108 5171 1337 5226 factum.
1368 5169 1579 5225 Μαι-ρει.
1611 5170 2043 5225 llominemeum

460 5267 664 5320 factum
691 5264 1061 5327 confitemur;
1097 5263 1193 5319 sed
1231 5264 1472 5316 animam
1520 5261 1893 5330 assumpsisse
1935 5275 2044 5315 non

460 5359 611 5413 item.
651 5355 806 5411 Orlh.
852 5354 967 5409 Non
1025 5354 1302 5409 hominem
1337 5355 1513 5409 solum
1560 5354 1672 5416 dic,
1712 5353 1805 5407 sed
1840 5359 1893 5405 et
1923 5365 2048 5404 car-

459 5465 583 5507 nem
609 5449 835 5504 factum.
867 5448 1053 5519 Neque
1085 5449 1235 5503 enim
1280 5449 1442 5503 homo
1486 5446 1664 5501 factus
1698 5453 1801 5505 est,
1833 5443 1879 5496 si
1921 5456 2045 5495 cor-

459 5560 560 5613 pus
614 5544 915 5597 animatum
958 5558 1068 5596 non
1117 5542 1440 5612 assumpsit.
1485 5537 1694 5592 Maced.
1752 5536 1891 5603 Quid
1930 5534 2047 5589 ita?

462 5637 615 5692 Orth.
639 5637 777 5702 Quia
810 5651 1013 5705 corpus
1049 5637 1322 5696 exanime,
1356 5632 1500 5703 quod
1532 5630 1601 5684 ab
1633 5630 1830 5683 anima:
1870 5628 2045 5681 ratio-

460 5727 601 5783 nalis
632 5725 1018 5781 couimunione
1063 5723 1375 5792 sejunctqu
1413 5730 1517 5787 est,
1565 5736 1672 5773 non
1708 5726 1794 5773 est
1840 5733 2042 5786 cmpos

540 5940 555 5971 ί
600 5938 741 5995 Psal.
779 5958 887 6004 ut,
926 5939 985 5992 Π
1030 5939 1109 5992 19.

2139 4983 2360 5037 Μακεδ.
2398 4983 2875 5056 Ὀμολογουμένως
2902 4985 3077 5049 ἄλλως
3106 4986 3200 5039 ἐπὶ
3231 4986 3325 5039 τοῦ
3356 4984 3582 5057 Πατρδς,
3615 4979 3692 5035 καὶ

2139 5076 2314 5139 ἄλλως
2360 5077 2451 5129 ἐπὶ
2484 5075 2577 5129 τοῦ
2613 5076 2767 5135 Υἱοῢ.
2811 5078 2965 5145 Ὀρθ.
3011 5078 3124 5131 Οὐκ
3174 5077 3303 5149 ἄρα,
3337 5078 3432 5131 καὶ
3475 5078 3523 5129 εἰ
3582 5072 3689 5143 περὶ

2139 5167 2233 5220 τοῦ
2273 5167 2483 5238 Πατρὸς
2525 5168 2980 5240 καταχρηστικῶς
3030 5170 3244 5241 εἴρηται
3292 5169 3471 5240 ψυχὴ,
3502 5166 3688 5227 πάντως

2140 5260 2232 5312 καὶ
2270 5260 2396 5330 περὶ
2436 5258 2531 5313 τοῦ
2581 5260 2742 5315 Υιοῦ·
2788 5261 3105 5331 Μανιχαίων
3137 5262 3247 5334 γὰρ
3275 5262 3415 5333 αὕτη
3445 5262 3477 5331 ἡ
3519 5257 3686 5331 μανίαν

2140 5352 2201 5403 τὸ
2231 5349 2407 5418 λέγειν
2440 5349 2513 5422 μὴ
2566 5350 3049 5424 ὲνηνθρωπηκὲναι
3101 5350 3193 5404 τὸν
3247 5352 3375 5404 Υὲὸν
3416 5349 3508 5424 τοῦ
3554 5342 3685 5400 Θεοῦ.

2141 5443 2363 5498 Μακεδ.
2402 5422 2911 5515 Ἑνηνθρωπηκέναι
2950 5442 3210 5514 λέγομεψ
3245 5442 3355 5497 ἀλλ’
3381 5422 3505 5513 οὐχί
3536 5436 3686 5510 ψυχὴν

2142 5534 2439 5604 εἰληφέναι.
2480 5535 2634 5603 Ὀρθ.
2684 5534 2775 5607 Μὴ
2815 5533 2942 5604 λέγε
3004 5534 3477 5607 ὲνηνθρωπηκέναι
3529 5532 3682 5603 μόνων

2142 5628 2277 5684 ἀλλὰ
2318 5628 2412 5682 καὶ
2445 5628 2837 5701 σεσαρκῶσθαι.
2877 5630 2941 5684 Et
2974 5628 3082 5700 γὰρ
3112 5630 3212 5684 οὐκ
3242 5628 3428 5684 ἔλαϐεν
3473 5625 3685 5696 ἔμψυχον

2144 5721 2322 5789 σῶμα,
2358 5720 2480 5774 οὐδὲ
2525 5720 2931 5793 ἐνηνορώπησε.
2982 5721 3205 5777 Μακεδ.
3262 5720 3356 5775 Διὰ
3391 5718 3480 5785 si;
3550 5713 3681 5781 'OpB-

1193 5940 1209 5968 '
1241 5938 1340 5990 lsa.
1387 5950 1515 6004 aut,
1560 5937 1606 5988 l.
1679 5935 1700 5965 ³
1739 5933 1927 5990 Matth.
1966 5949 2097 5999 xxii,
2127 5932 2181 5987 2.
2254 5933 2272 5962 ⁵
2306 5931 2491 5988 Matth.
2528 5945 2640 5999 ut,
2668 5932 2752 5986 33.
