3968 6550
293 380 397 447 881

291 618 392 671 οὐκ
431 616 576 671 ἔστιν
616 617 951 689 ἀνθρώπινον
990 620 1168 692 σῶμα.
1209 624 1335 688 Πῶς
1382 625 1439 677 δὲ
1490 624 1565 688 ὼς
1601 643 1619 676 ι
1647 626 1872 690 ἀσπίδος

291 711 480 781 κωφῆς
524 710 618 764 καὶ
662 710 896 783 βυούσης
942 712 1012 766 τὰ
1058 709 1172 768 ὦτα
1223 715 1413 784 αὐτῆς,
1457 717 1578 786 ἣτις
1609 719 1709 770 οὐκ
1758 719 1871 771 είσ-

290 800 587 856 ἀκούσεται
620 804 802 874 φωνῆς
850 804 1164 875 ὲπᾲδοντος,
1211 826 1228 859 ι
1276 806 1447 871 οὕτως
1494 807 1721 861 ἀκούετε
1778 807 1870 861 τοῦ

291 893 503 963 Πέτρου
532 893 781 963 λέγοντος
804 897 859 949 ὲν
882 900 1001 961 ταῖς
1016 897 1254 969 Πράξεσι
1279 899 1387 951 τῶν
1421 899 1753 962 ἀποστόλων,
1790 901 1872 954 ὅτι

298 1006 315 1036 ι
336 984 517 1056 Οὕτεή
535 985 681 1057 ψυχὴ
703 987 867 1041 αὐτοῦ
902 989 1227 1061 κατελείφθη
1256 991 1334 1054 είς
1360 990 1509 1062 ᾅδου,
1537 991 1659 1045 οὔτε
1687 992 1872 1063 ησάρξ

288 1078 456 1132 αὑτοῦ
520 1074 629 1133 οἶδε
686 1080 1018 1152 διαφθοράν;
1076 1082 1185 1136 Καὶ
1241 1084 1269 1135 ὁ
1322 1087 1605 1155 προφήτης
1648 1086 1873 1150 Ἡσαΐας

288 1169 421 1240 βοᾷ’
470 1190 487 1222 ι
529 1170 654 1224 Ἑάν
696 1170 829 1224 δῶτε
862 1173 993 1244 περὶ
1028 1173 1299 1244 ἁμαρτίας
1338 1173 1436 1245 τὴν
1476 1173 1650 1246 ψυχὴν
1696 1176 1868 1245 ὑμῶν,

284 1261 483 1331 ὄψεσθε
516 1262 733 1332 σπέρμα
762 1263 1109 1335 μακρόϐιον.)
1146 1266 1256 1318 Kal.
1283 1265 1629 1337 βουλεύσεται
1666 1267 1871 1338 Κύριος

284 1355 345 1405 ἐν
380 1354 523 1425 χειρὶ
566 1354 727 1407 αὐτοῦ
763 1355 980 1425 ἀφελεῖν
1022 1357 1115 1410 τοῦ
1150 1357 1312 1411 πόνου
1347 1358 1445 1429 τῆς
1477 1358 1655 1429 ψυχῆς
1686 1359 1870 1421 αὐτοῦ,

284 1446 459 1512 δεῖξαι
485 1445 634 1517 αὐτῷ
665 1446 798 1515 φῶς,
836 1448 928 1501 καὶ
961 1449 1162 1503 πλάσαι
1209 1451 1275 1522 τῇ
1322 1450 1553 1515 συνέσει,
1584 1451 1872 1507 δικαιῶσαι

284 1528 496 1590 δίκαιον
529 1533 587 1590 εὖ
640 1537 954 1595 δουλεύοντα
1010 1542 1259 1606 πολλοῖς·
1312 1544 1408 1596 καὶ
1452 1543 1551 1607 τὰς
1598 1542 1875 1616 ἁμαρτίας

285 1628 465 1682 αὐτῶν
499 1630 659 1694 αὐτὸς
704 1630 926 1685 ἀνοίσει.
960 1633 1060 1687 Διά
1086 1634 1242 1687 τοῦτο
1271 1634 1432 1699 αὐτὸς
1476 1634 1872 1707 κληρονομήσει

286 1720 551 1787 πολλοὺς,
599 1723 694 1777 καὶ
737 1724 846 1777 τῶν
898 1725 1130 1798 ἰσχυρῶν
1168 1729 1348 1799 μεριεῖ
1400 1726 1592 1781 σκῦλα.
1632 1726 1770 1780 ’Λνθ’
1801 1720 1875 1780 ὧν

288 1812 563 1885 παρεδόθη
608 1815 688 1878 εἰς
741 1814 969 1869 θάνατον
1023 1819 1056 1888 ἡ
1109 1817 1256 1889 ψυχὴ
1311 1819 1499 1884 αὑτοῦ,
1531 1820 1622 1873 καὶ
1673 1820 1731 1872 ὲν
1762 1821 1875 1883 τοῖς

284 1900 510 1971 ἀνόμοις
556 1903 839 1977 ἐλογίσθη,
878 1908 970 1960 καὶ
1013 1908 1173 1971 αὐτὸς
1207 1910 1478 1981 ἁμαρτίας
1524 1910 1732 1964 πολλῶν
1776 1912 1873 1965 ἀν-

285 1993 508 2063 ήνεγκε,
556 1995 650 2049 καὶ
708 1997 796 2052 διὰ
846 1998 944 2070 τὴς
995 2000 1224 2071 ἀνομίας
1282 2002 1459 2056 αὐτῶν
1526 2003 1865 2076 παρεδόθη.»

283 2084 511 2138 Μακεδ.
553 2087 661 2139 Καὶ
694 2090 856 2159 ἡμεῖς
893 2089 1070 2160 ἴσμεν,
1117 2092 1197 2144 ὃτι
1242 2093 1506 2165 πολλαχοῦ
1554 2096 1767 2166 εἴρηται
1813 2096 1872 2148 ἐν

282 2180 351 2250 τῇ
396 2178 615 2250 Γραφῇ,
664 2181 747 2234 ὅτι
794 2181 973 2256 ψυχὴν
1019 2181 1193 2255 εἶχεν
1227 2186 1364 2240 ἀλλά
1417 2185 1873 2259 καταχρηστικῶς

288 2285 531 2357 εἴρηται,
594 2286 689 2338 καὶ
736 2285 836 2340 οὐκ
880 2283 1135 2355 ἀληθείᾳ.
1201 2282 1354 2350 Ὀρθ.
1400 2280 1585 2332 Πάντα
1630 2273 1722 2330 οὖν
1772 2277 1872 2328 ὅσα

284 2376 503 2448 εἴρηται
547 2376 671 2446 περὶ
703 2375 868 2431 αὐτοῦ
909 2374 1245 2447 ἀνθρώπινα,
1273 2368 1382 2426 οἷον
1426 2370 1604 2441 ἀκοὴ,
1656 2369 1869 2440 ὅρασις,

283 2466 575 2538 ὄσφρησις,
606 2468 777 2538 φωνὴ,
794 2466 1001 2535 γεῦσις,
1014 2465 1298 2536 ἐπιθυμία,
1313 2464 1477 2536 λύπη,
1494 2462 1719 2534 θάμϐος,
1752 2464 1869 2533 ἀδη-

286 2559 469 2629 μονία,
511 2559 833 2628 περίπατος,
872 2556 1330 2630 καταχρηστικῶς
1364 2556 1614 2627 εἴρηται,
1647 2554 1742 2608 καὶ
1774 2555 1871 2606 οὐκ

281 2648 544 2719 ἀληθείῃ
578 2650 800 2703 Μακεδ.
837 2650 1023 2704 Πάντα
1054 2649 1226 2702 ταῦτα
1253 2647 1321 2700 τά
1349 2646 1717 2717 προειρημένα
1750 2644 1875 2713 άλη-

283 2740 393 2803 θῶς
428 2742 661 2813 εῐρηται,
687 2741 832 2813 ψυχὴ
862 2742 917 2796 δὲ
954 2738 1428 2814 καταχρηστικῶς.
1484 2740 1637 2806 Ὀρθ.
1690 2736 1800 2791 Καὶ
1844 2735 1873 2788 ὁ

283 2830 628 2896 καταξιώσας
656 2833 915 2887 κοπιῶντι
942 2834 1018 2903 τῷ
1053 2832 1287 2903 σώματι,
1314 2832 1409 2886 καὶ
1434 2829 1492 2897 ἐξ
1525 2830 1747 2891 ὀστέων,
1782 2828 1875 2882 καὶ

283 2923 518 2994 νεύρων,
547 2925 643 2977 καὶ
675 2924 909 2993 φλεϐῶν,
935 2926 1029 2978 καὶ
1048 2923 1343 2996 ἀρτηριῶν,
1365 2923 1459 2975 καὶ
1497 2922 1670 2975 ἄλλων
1700 2919 1875 2991 μελῶν

282 3015 374 3069 τοῦ
400 3014 649 3086 σώματος
669 3016 761 3068 καὶ
783 3016 960 3086 μερῶν
982 3033 1045 3069 συ
1055 3014 1321 3086 μπαγέντι
1343 3013 1628 3083 ἑνωθῆναι,
1646 3013 1744 3065 οὐκ
1760 3007 1875 3082 εἶχε

280 3106 496 3177 ψυχήν;
532 3106 749 3161 Μακεδ.
774 3107 837 3159 Τί
870 3106 1057 3178 χρείαν
1094 3104 1204 3177 εἶχε
1236 3106 1413 3177 ψυχῆς
1444 3107 1476 3176 ἡ
1510 3106 1669 3174 Ζωής
1716 3104 1871 3170 Ὀρθ.

1240 390 1623 454 PANOPLIA
1660 388 2123 452 DOGMAI‘ICA.
2161 414 2230 427 --
2258 387 2412 453 ΤΙΤ.
2456 387 2610 447 XIV.

180 531 185 534 ·
295 525 415 581 ὀτι
446 524 605 597 σῶμα
632 524 860 598 ἄψυχον,
886 526 947 582 τὸ
981 527 1057 601 μὴ
1087 532 1423 604 κοινωνῆσαν
1464 534 1610 605 ψυχῇ
1655 534 1868 606 λογικῇ,

1980 537 2291 591 humanum.
2323 532 2435 587 Cur
2452 538 2632 587 autem
2653 530 2827 586 instar
2854 546 2876 581 ι
2901 526 3108 600 aspidis
3120 522 3303 582 surdae
3318 530 3370 579 et
3391 521 3552 578 obtu-

3444 380 3550 446 882

1972 628 2147 683 rantis
2168 642 2329 682 aures
2362 641 2515 690 suas,
2547 639 2667 696 qua:
2696 638 2805 677 non
2843 620 3101 687 exaudiet
3130 633 3319 674 vocem
3360 615 3553 670 incan-

1973 720 2141 776 tantis
2171 725 2214 781 ι,
2236 738 2253 771 ι
2291 719 2365 772 ita
2390 734 2489 773 vos
2521 724 2574 773 et
2600 715 2822 771 Petrum
2864 713 3090 777 auditis,
3133 712 3187 766 in
3220 710 3377 764 Actis
3423 722 3556 777 apo-

1973 812 2239 867 stolorum
2266 810 2575 867 dicentem:
2602 828 2620 860 ι
2652 808 2769 864 Νοιι
2800 808 3119 863 derelictam
3145 819 3268 860 esse
3298 802 3438 874 apud
3467 803 3555 856 iu-

1974 905 2119 963 feros
2146 905 2382 960 animam
2414 903 2553 974 ejus,
2582 918 2758 972 neque
2779 916 3000 957 carnem
3028 899 3149 970 ejus
3173 896 3418 953 sensisse
3440 908 3560 949 cor-

1973 999 2314 1068 ruptionem’
2345 997 2369 1050 ?
2401 1016 2419 1049 »
2461 1005 2516 1052 et
2562 995 2758 1050 Isaiam
2784 994 3119 1048 clamantem
3157 1006 3171 1044 :
3206 1008 3223 1042 ι
3259 988 3318 1044 Si
3349 987 3559 1043 dabitis

1973 1106 2073 1161 pro
2109 1097 2333 1160 peccato
2360 1087 2600 1141 animam
2636 1094 2893 1149 vestram,
2916 1082 3173 1138 videbitis
3209 1096 3403 1137 semen
3432 1080 3557 1132 lono

1975 1197 2208 1252 gaevum.
2243 1180 2309 1233 Et
2339 1181 2454 1235 vult
2477 1178 2743 1233 Dominus
2776 1177 2830 1231 in
2860 1190 3026 1232 manu
3048 1175 3171 1244 ejus
3192 1172 3411 1228 auferre
3460 1172 3557 1226 do-

1976 1275 2144 1329 larem
2177 1273 2373 1328 animae
2402 1272 2541 1343 ejus,
2573 1268 2864 1326 ostendere
2897 1269 2945 1322 ei
2980 1268 3182 1330 lucem,
3220 1271 3273 1319 et
3316 1263 3555 1317 formare

1975 1364 2411 1434 intelligentiam,
2455 1362 2803 1416 innocentem
2873 1358 3086 1413 eliicere
3137 1355 3370 1424 justum,
3418 1352 3559 1405 bene

1975 1454 2303 1510 servientem
2335 1453 2562 1518 multis;
2597 1459 2650 1506 et
2682 1457 2905 1522 peccata
2928 1463 3117 1503 eorum
3144 1445 3258 1516 ipse
3293 1442 3557 1514 portabit.

1976 1545 2321 1616 Quapropter
2352 1545 2469 1615 ipse
2500 1543 2802 1615 possidebit
2833 1541 3058 1603 multos,
3108 1548 3162 1594 et
3197 1536 3421 1592 fortium
3470 1535 3559 1590 di—

1976 1641 2126 1695 videt
2161 1640 2359 1711 spolia.
2395 1637 2503 1693 Pro
2523 1653 2589 1694 eo
2619 1643 2800 1692 autem
2834 1634 2979 1704 quod
3006 1634 3206 1688 tradita
3229 1631 3387 1687 estin
3410 1644 3560 1684 mor-
3599 1685 3605 1692 _

1977 1744 2083 1789 tem
2111 1733 2293 1787 anima
2337 1731 2482 1801 ejus,
2515 1738 2570 1785 et
2602 1730 2745 1783 inter
2787 1729 3008 1798 iniquos
3050 1732 3336 1797 reputatus
3375 1732 3478 1789 est,
3504 1732 3560 1778 et

1976 1822 2091 1892 ipse
2114 1830 2339 1892 peccata
2372 1821 2670 1875 multorum
2705 1820 2850 1881 tulit,
2888 1827 2941 1873 et
2981 1825 3203 1888 propter
3234 1815 3559 1887 iniquitates

1972 1931 2162 1972 eorum
2215 1913 2447 1969 traditus
2491 1922 2574 1970 est
2608 1918 2647 1968 ³.
2678 1932 2696 1966 ι
2748 1911 2958 1966 Maced.
3023 1910 3241 1965 Scimus
3294 1923 3438 1979 saepe
3500 1909 3557 1963 iu

1979 2008 2265 2079 Scriptura
2293 2008 2427 2073 dici,
2462 2007 2641 2077 ipsum
2676 2005 2877 2060 habere
2906 2004 3172 2069 animam,
3209 2001 3303 2059 sed
3350 2003 3558 2072 impro-

1978 2101 2115 2174 prie,
2189 2115 2301 2156 non
2366 2115 2514 2165 vere,
2569 2098 2774 2153 dictum
2824 2108 2929 2154 est.
2996 2096 3147 2153 Orth.
3206 2096 3557 2164 Quaecunque

1979 2194 2149 2265 igitur
2175 2193 2413 2247 humana
2443 2191 2511 2246 de
2541 2191 2662 2261 ipso
2697 2198 2829 2245 sunt
2858 2191 3027 2253 dicta,
3075 2190 3256 2260 qualia
3292 2196 3420 2243 sunt
3456 2200 3555 2241 au-

1980 2287 2157 2352 ditus,
2185 2286 2360 2350 visus,
2393 2282 2649 2344 olfactus,
2683 2297 2811 2341 vox,
2839 2290 3054 2348 gustus,
3084 2274 3557 2345 concupiscentia,

1978 2380 2155 2444 dolor,
2192 2386 2406 2447 stupor,
2438 2375 2706 2435 anxietas,
2738 2371 3129 2434 obambulatio,
3160 2369 3407 2433 ﬁgurate,
3442 2381 3555 2420 non

1979 2471 2220 2543 proprie,
2265 2469 2411 2524 dicta
2449 2466 2693 2521 fuerint?
2723 2462 2933 2518 Maced.
2981 2461 3094 2516 lmo
3138 2475 3199 2515 ea
3230 2475 3350 2529 qua:
3394 2457 3555 2512 modo

1979 2565 2257 2621 recensita
2287 2570 2438 2627 sunt,
2472 2560 2658 2616 omnia
2688 2558 2910 2630 proprie
2934 2556 3041 2626 ipsi
3065 2562 3382 2624 competunt
3416 2569 3430 2606 :
3457 2552 3555 2605 sed

1979 2664 2165 2718 anima
2186 2660 2508 2731 improprie.
2542 2656 2691 2713 Orth,
2729 2655 3000 2709 Nimirum
3026 2650 3119 2722 qui
3146 2650 3221 2704 illi
3257 2646 3552 2712 laboranti,

1981 2765 2157 2819 exque
2209 2730 2454 2811 ossibus,
2537 2742 2745 2802 nervis,
2807 2741 2983 2800 venis,
3039 2734 3256 2788 arteriis
3325 2730 3556 2798 aliisque

1980 2817 2243 2894 membris
2287 2843 2342 2891 et
2404 2831 2658 2903 partibus
2706 2835 2991 2896 compacto
3038 2820 3257 2891 corpori
3292 2834 3350 2875 se
3399 2817 3555 2871 unire

1980 2930 2240 3001 dignatus
2267 2936 2374 2991 est,
2410 2926 2458 2981 is
2477 2924 2717 2978 animam
2743 2935 2853 2975 non
2884 2914 3115 2972 habuit?
3142 2911 3196 2966 Μ
3205 2911 3349 2967 aced.
3377 2910 3556 2976 Quor-

1979 3039 2100 3081 sum
2119 3020 2243 3076 Vita
2268 3035 2406 3090 opus
2427 3012 2854 3072 habuitanima?
2886 3009 3036 3066 Orth.
3058 3007 3122 3061 Et
3144 3005 3273 3076 quid
3297 3001 3567 3059 carucilliv

1979 3129 2123 3186 opus
2148 3111 2270 3175 fuit,
2296 3109 2389 3180 qui
2431 3105 2679 3178 patribus
2719 3102 2927 3157 nostris
2951 3101 3111 3154 etiam
3141 3098 3348 3167 absque
3387 3108 3556 3148 carne

281 3200 345 3251 Τί
371 3200 640 3271 δὲχρείαν
679 3195 792 3270 εἶχε
835 3200 933 3270 τῆς
964 3199 1185 3272 σαρκὸς,
1229 3200 1256 3251 ὁ
1291 3199 1419 3252 ἄνευ
1455 3195 1656 3267 σαρκὸς
1688 3193 1873 3264 ὀφθεὶς

1980 3184 2133 3262 visus
2165 3203 2286 3260 est?
2310 3200 2523 3255 Maced.
2555 3197 2733 3253 Carne
2776 3210 2914 3265 opus
2952 3191 3166 3254 habuit,
3213 3195 3272 3242 ut
3306 3184 3555 3255 cruciﬁgi

281 3293 423 3366 πρὸς
468 3296 595 3358 τοὺς
628 3294 870 3365 πατέρας
898 3290 1091 3363 ⁴ίγμῶν;
1132 3288 1354 3345 Μακεδ.
1399 3288 1494 3351 Εἰς
1537 3286 1597 3340 τὸ
1632 3302 1878 3358 σταυρω-

281 3387 444 3457 θῆναι
468 3386 658 3457 χρείαν
697 3381 810 3455 είχε
845 3383 1068 3456 σαρκός.
1133 3384 1287 3449 Ὀρθ.
1340 3382 1449 3434 Καὶ
1483 3380 1561 3443 εἰς
1591 3379 1652 3431 τὸ
1703 3376 1877 3447 λυπη-

282 3483 467 3554 θῆναι,
504 3482 598 3535 καὶ
647 3480 1007 3551 ἀδημονῆσαι,
1056 3476 1151 3530 καὶ
1205 3473 1640 3544 ὲκθαμὸηθῆναι,
1674 3470 1769 3524 καὶ
1817 3470 1875 3523 ἐν

280 3572 414 3644 ᾅδου
461 3570 735 3642 γενέσθαι,
765 3570 953 3642 χρείαν
996 3563 1111 3638 εἶχε
1142 3566 1342 3637 ψυχῆς.
1392 3565 1561 3618 Τοῦτο
1599 3564 1708 3635 γάρ
1758 3565 1875 3616 ἐστι

286 3666 354 3720 τὸ
388 3663 640 3736 μορφὴν
654 3663 879 3717 δούλου
903 3659 1127 3727 λαϐὼν,
1158 3660 1219 3713 οὐ
1255 3659 1317 3712 τὸ
1349 3661 1407 3712 ὲν
1444 3657 1656 3728 σώματι
1699 3657 1874 3725 φανῆ-

280 3776 366 3812 ναι
401 3757 585 3829 μόνον,
613 3754 748 3810 ἀλλά
774 3754 868 3808 καὶ
891 3752 952 3806 τὸ
993 3752 1062 3806 τά
1088 3751 1235 3823 πάθη
1262 3752 1361 3821 τῆς
1386 3748 1630 3812 δουλείας
1658 3747 1866 3801 λαϐεῖν.

279 3851 509 3906 Haud.
555 3847 788 3919 Μορφὴν
817 3845 1002 3899 δούλου
1027 3843 1206 3908 ἔλαϐε,
1251 3842 1431 3914 σάρκα
1482 3838 1683 3895 λαϐών.
1719 3839 1873 3907 Ὀρθ.

288 3944 356 3996 Ἦ
379 3941 572 4014 μορφὴ
600 3940 693 3993 τοῦ
717 3938 850 3994 Θεοῦ
880 3938 1058 3993 τελεία
1092 3939 1207 3991 ἐστὶ
1232 3936 1413 4009 μορφὴ
1445 3935 1578 3988 Θεοῦ
1601 3952 1615 4001 ;
1648 3933 1873 3989 Mam-6.

289 4035 425 4089 Ναί.
486 4037 640 4102 Ὀρθ.
689 4033 801 4087 Καὶ
849 4034 882 4103 ἡ
952 4030 1133 4103 μορφὴ
1182 4029 1289 4100 ἀρα
1339 4027 1432 4082 τοῦ
1466 4027 1649 4081 δούλου
1698 4026 1879 4079 τελεία

284 4124 474 4199 μορφὴ
500 4125 592 4179 τοῦ
627 4125 813 4178 δούλου
853 4123 989 4176 ἐστί.
1021 4121 1119 4174 Διά
1165 4119 1325 4172 τοῦτο
1362 4117 1472 4189 γὰρ
1501 4118 1596 4171 καὶ
1645 4116 1875 4188 θάμϐος,

282 4219 377 4273 καὶ
433 4217 613 4288 λύπη,
660 4217 754 4269 καὶ
796 4212 1092 4286 ἀδημονία,
1134 4212 1223 4266 διὰ
1262 4212 1324 4265 τὸ
1361 4210 1569 4264 τελειαν
1609 4206 1748 4263 εἶναι
1780 4208 1877 4283 τὴν

280 4309 374 4363 τοῦ
426 4308 609 4362 δούλου
649 4307 881 4379 μορφήν.
929 4304 1039 4359 Καὶ
1091 4303 1252 4359 τοῦτό
1300 4304 1416 4356 ἐστι
1464 4302 1525 4355 τὸ
1578 4301 1873 4374 πρόϐατον,

279 4401 310 4457 ὃ
354 4402 600 4475 ζητήσας
649 4403 745 4456 καὶ
800 4399 997 4472 εὑρὼν,
1044 4398 1140 4453 ἐπὶ
1188 4398 1297 4452 τῶν
1329 4397 1494 4469 ῶμων
1543 4396 1729 4469 φέρει,
1778 4395 1879 4448 οὐκ

280 4495 455 4550 ἀσκὸν
484 4494 708 4565 ἄψυχον,
737 4493 850 4547 ἀλλ’
896 4492 1140 4564 ἔμψυχον
1172 4490 1331 4558 ζῶον,
1382 4489 1680 4562 συγχωρῶν
1727 4486 1878 4558 αὐτῷ

280 4587 432 4657 ἔχειν
472 4586 542 4640 τὰ
572 4585 719 4655 πάθη
740 4626 754 4651 ,
796 4584 857 4637 οὐ
890 4583 959 4636 τά
1003 4581 1105 4651 τῆς
1152 4581 1457 4654 ἁμαρτίας,
1505 4580 1639 4635 ἀλλά
1668 4579 1739 4634 τὰ
1778 4578 1877 4651 τῆς
1908 4595 1951 4652 D
1982 4592 2052 4650 de

1983 3304 2189 3370 posset.
2225 3293 2380 3351 Orth.
2432 3290 2523 3346 Sic
2568 3290 2749 3343 anima
2791 3302 2931 3357 opus
2980 3281 3194 3345 habuit,
3242 3288 3300 3334 ut
3348 3277 3561 3344 dolere,

1982 3388 2320 3453 contristari,
2355 3391 2417 3440 ut
2442 3395 2828 3453 expavescere,
2886 3386 2945 3431 ut
2984 3373 3127 3445 apud
3172 3372 3380 3428 inferos
3430 3382 3559 3423 esse

1984 3488 2187 3553 posset.
2225 3478 2341 3533 Hoc
2369 3483 2455 3533 est
2476 3476 2644 3538 enim,
2684 3473 2916 3543 formam
2948 3467 3080 3523 servi
3117 3464 3401 3533 accipiens,
3445 3476 3557 3515 non

1983 3575 2039 3629 in
2071 3586 2303 3642 corpore
2332 3570 2596 3624 duntaxat
2621 3578 2883 3635 apparere
2904 3601 2918 3625 ,
2951 3560 3043 3615 sed
3077 3555 3358 3611 servitutis
3388 3553 3555 3609 etiam

1982 3669 2269 3739 passiones
2300 3674 2603 3716 assumere.
2634 3656 2842 3711 Maced.
2884 3652 3135 3707 Formam
3166 3648 3306 3704 servi
3343 3660 3560 3700 assum-

1985 3736 2112 3831 psit,
2151 3755 2369 3827 quando
2395 3766 2616 3806 carnem
2657 3746 2977 3816 assumpsit.
3021 3738 3173 3797 Oft/t.
3216 3737 3413 3792 Forma
3466 3736 3559 3790 Dei

1982 3827 2140 3906 estne
2168 3847 2406 3918 perfecta
2424 3843 2516 3898 Dei
2538 3840 2750 3896 forma?
2784 3835 2993 3891 Maced.
3010 3834 3207 3888 Etiam.
3241 3829 3395 3886 Orth.
3418 3827 3561 3898 Ergo

1981 3953 2035 3999 et
2061 3944 2233 3997 forma
2273 3942 2436 4001 servi,
2455 3934 2691 4007 perfecta
2711 3931 2854 3989 servi
2876 3929 3045 3984 forma
3063 3934 3166 3981 est.
3184 3923 3322 3978 Hinc
3338 3921 3482 3976 enim
3506 3928 3561 3974 et

1983 4043 2175 4105 stupor
2192 4040 2244 4087 et
2258 4031 2411 4087 dolor
2427 4038 2481 4084 et
2498 4042 2689 4097 angor,
2707 4022 2851 4095 quod
2868 4020 3039 4075 forma
3054 4016 3195 4073 servi
3211 4012 3449 4086 perfecta
3464 4011 3557 4067 sit.

1981 4129 2160 4200 Atque
2178 4128 2292 4183 haec
2307 4132 2391 4181 est
2408 4123 2527 4179 ovis
2546 4121 2637 4176 illa
2653 4132 2817 4190 quam
2832 4116 2924 4187 qui
2939 4112 3131 4185 quaerit
3153 4117 3206 4166 et
3228 4106 3455 4173 invenit,
3474 4119 3561 4159 su-

1984 4197 2086 4292 per
2097 4220 2355 4273 humeros
2376 4216 2498 4278 fert,
2513 4228 2624 4268 non
2645 4219 2702 4265 ut
2720 4224 2833 4265 rem
2851 4208 3091 4269 inanem,
3111 4202 3206 4259 sed
3222 4199 3421 4256 animal
3443 4197 3562 4252 ani-

1983 4290 2212 4373 matum,
2236 4308 2557 4380 permittens
2573 4305 2649 4359 illi
2684 4310 2742 4357 ut
2770 4300 3053 4372 passiones
3068 4297 3291 4359 habeat,
3307 4307 3416 4347 non
3440 4290 3562 4345 illas

1982 4403 2202 4475 quidem
2218 4400 2449 4472 peccati,
2469 4398 2565 4454 sed
2586 4406 2819 4450 naturae:
2846 4408 2913 4448 ne
2934 4388 3219 4462 phantasia
3240 4400 3363 4442 esse
3379 4384 3565 4439 existi-

1983 4473 2183 4560 metur,
2212 4491 2521 4547 etinsaniat
2545 4485 2897 4541 Mauichaaus.
2934 4479 3142 4535 Maced.
3182 4473 3563 4532 Concedamus

2271 4582 2452 4637 anima
2476 4577 2700 4650 pulchre
2722 4583 2775 4630 te
2805 4573 3112 4636 disserere;
3145 4565 3243 4622 sed
3272 4564 3401 4634 quid
3432 4576 3565 4616 caa-

281 4652 541 4748 cpdsewc'
596 4652 820 4748 ἴνα-μὴ
885 4676 1155 4747 φαντασία
1196 4652 1484 4747 γνοίμισθῇ,
1532 4674 1627 4729 καὶ
1696 4674 1873 4728 Μανι-

1985 4694 2060 4736 sae
2088 4685 2174 4734 est
2223 4689 2323 4731 cur
2345 4666 2869 4729 consubstantialem
2916 4661 3111 4715 Filium
3142 4656 3292 4711 Patri
3325 4652 3565 4709 dicatis?

280 4772 441 4840 χαῖος
499 4769 662 4839 μανῇ.
692 4765 915 4821 Μακεδ.
945 4766 1155 4837 Δῶμεν,
1182 4766 1264 4818 ὅτι
1296 4766 1426 4837 περὶ
1468 4763 1645 4836 ψυχῆς
1692 4760 1877 4825 καλῶς

280 4861 500 4931 λέγεις,
553 4860 641 4913 διὰ
679 4859 731 4911 τί
774 4859 869 4912 καὶ
916 4857 1197 4929 ὁμοούσιον
1241 4856 1429 4927 λέγετε
1478 4856 1569 4909 τὸν
1616 4855 1745 4908 Υίὸν
1795 4855 1875 4926 τῷ

285 4952 500 5023 Πατρί;
568 4952 721 5020 Ὀρθ.
783 4951 905 5003 Ὅτι
942 4950 999 5003 ὃν
1032 4950 1125 5004 ἐὰν
1152 4949 1311 5021 εἴπης
1342 4949 1499 5018 λόγον
1544 4948 1645 5019 τῆς
1687 4946 1876 5012 οὐσίας

287 5043 384 5097 τοῦ
419 5042 651 5113 Πατρός,
686 5042 874 5103 τοῦτον
916 5042 1078 5096 αὐτὸν
1124 5042 1215 5095 τὸν
1256 5042 1412 5111 λόγον
1446 5037 1583 5095 εἶναι
1616 5039 1875 5111 τιθέμεθα

288 5134 385 5185 καὶ
445 5133 541 5202 τῆς
594 5132 687 5185 τοῦ
758 5131 888 5185 Υίοῦ
956 5132 1160 5196 οὐσίας.
1218 5131 1441 5186 Μακεδ.
1499 5130 1660 5185 Ἀλλά
1718 5130 1875 5184 τοῦτο

287 5226 389 5278 οὐκ
447 5224 593 5277 ἐστιν
654 5223 967 5295 ὁμοούσιον,
1016 5224 1151 5277 ἀλλά
1202 5222 1556 5295 ὁμοιοούσιον.
1603 5224 1757 5291 Ὀρθ.
1800 5223 1874 5277 Τὸ

288 5318 646 5390 ὁμοιοούσιον,
695 5319 759 5371 ἵν’
796 5317 966 5381 οὕτως
999 5318 1156 5380 εἴπω,
1189 5318 1444 5387 ἄγροικος
1491 5314 1651 5384 σοφία
1693 5313 1870 5367 ἐστίν’

287 5411 365 5475 ὡς
409 5412 502 5465 ἐὰν
530 5411 661 5484 λέγῃ
693 5429 776 5472 τις
819 5411 910 5465 τὸν
958 5411 1261 5481 ὁμότροπον
1293 5409 1667 5481 ὁμοιότροπον,
1718 5407 1751 5478 ἢ
1783 5406 1875 5461 τὸν

287 5504 524 5575 ὁμογενῆ
562 5504 873 5576 ὁμοιογενῆ,
904 5503 937 5575 ἢ
968 5504 1057 5557 τὸν
1085 5502 1337 5574 ὁμόδοξον
1367 5501 1695 5573 ὁμοιόδοξον,
1725 5499 1874 5571 ῆτὸν

287 5597 567 5670 ὁμόφρονα
600 5598 948 5670 ὁμοιὸφρονα.
969 5595 1191 5651 Μακεδ.
1215 5594 1345 5649 Οὔκ·
1367 5595 1501 5650 ἀλλά
1540 5595 1601 5648 τὺ
1616 5595 1872 5665 ὁμοιοού

286 5707 430 5745 mor
461 5691 553 5745 ἐπὶ
604 5691 714 5747 τῶν
745 5692 1081 5763 ἀσωμάτωνο
1112 5688 1173 5743 τὸ
1204 5688 1257 5742 δὲ
1293 5689 1615 5759 όμοούσιον
1647 5687 1739 5742 ὲπί
1767 5688 1874 5742 τῶν

1989 4771 2140 4829 Orth.
2172 4769 2310 4837 Quia
2340 4780 2504 4838 quam
2535 4760 2742 4817 dixeris
2781 4772 2904 4812 esse
2945 4752 3214 4807 rationem
3245 4744 3566 4804 substantiae

1984 4862 2181 4929 Patris,
2221 4875 2341 4916 eam
2397 4860 2569 4928 ipsam
2603 4859 2659 4908 et
2708 4848 3027 4906 substantiae
3056 4843 3178 4900 Filii
3210 4857 3333 4897 esse
3371 4838 3567 4896 statui-

1985 4974 2128 5014 mus.
2160 4952 2368 5010 Maced.
2405 4950 2512 5005 Sed
2546 4947 2675 5003 illud
2695 4960 2808 5000 non
2828 4951 2911 4999 est
2944 4934 3432 4997 consubstantiale,
3469 4931 3567 4989 sed

1986 5048 2291 5109 substantia
2337 5045 2535 5102 simile.
2589 5040 2743 5097 Orth.
2812 5035 3003 5092 Simile
3035 5031 3342 5091 substantia
3370 5037 3477 5095 est,
3508 5032 3569 5081 ut

1989 5146 2065 5200 ita
2096 5144 2297 5205 dicam,
2362 5137 2597 5209 agrestis
2646 5133 2913 5206 sapientia
2948 5150 2961 5186 :
3010 5137 3067 5183 ut
3104 5129 3150 5184 si
3181 5126 3305 5197 quis
3352 5120 3581 5187 dixerit,

1990 5231 2135 5305 quod
2166 5231 2308 5286 idem
2340 5229 2412 5283 sit
2442 5226 2605 5282 unius
2638 5224 2806 5278 moris
2852 5228 2905 5276 et
2939 5218 3132 5275 similis
3158 5216 3350 5279 moris,
3401 5212 3573 5266 idem-

1993 5302 2098 5395 que
2126 5319 2291 5375 unius
2327 5316 2545 5390 generis
2575 5325 2628 5370 et
2655 5312 2849 5369 similis
2900 5309 3135 5380 generis,
3192 5306 3355 5361 unius
3387 5302 3573 5374 gloria:

1988 5425 2044 5473 ct
2075 5416 2271 5471 similis
2301 5412 2508 5483 gloriae,
2547 5409 2711 5463 unius
2755 5402 3040 5461 sententiae
3094 5411 3147 5455 et
3199 5397 3393 5455 similis
3444 5410 3571 5451 sen—

1990 5511 2192 5564 tantine.
2228 5505 2437 5561 Maced.
2457 5503 2832 5574 Nequaquam,
2853 5496 2947 5554 sed
2966 5492 3267 5549 substantia
3300 5487 3475 5543 simile
3506 5486 3574 5542 de

1991 5601 2353 5670 incorporeis,
2386 5590 2837 5653 consubstantiale
2879 5589 2945 5645 de
2986 5583 3312 5656 corporibus
3345 5581 3568 5636 dicitur.

1995 5692 2148 5748 Ortlt.
2185 5689 2301 5744 Dixi
2324 5693 2591 5758 agrestem
2623 5697 2745 5739 esse
2776 5679 3097 5752 sapientiam
3124 5695 3137 5729 :
3172 5675 3353 5746 potius
3374 5672 3575 5743 quippe

374 5901 391 5933 ‘
420 5901 554 5958 Psal.
585 5918 721 5970 Lvn,
755 5902 807 5967 5,
830 5902 883 5958 6.
957 5902 977 5933 ¹
1012 5898 1134 5954 Act.
1170 5912 1228 5964 ιι,
1259 5894 1363 5965 51;
1422 5895 1571 5953 Psat.
1601 5914 1691 5962 xv,
1728 5894 1813 5951 l0.

1980 5910 2042 5951 sa.
2080 5896 2419 5966 nmio-1‘2.
