3968 6550
265 336 379 400 8‘35

271 454 481 517 ⁸ιτικίῖις·
521 453 716 520 θεῖκῶς
767 456 888 527 μὲν,
933 458 1013 512 ὅτι
1061 459 1233 529 χωρὶς
1290 458 1481 531 ἀνδριςς
1508 474 1523 488 .

268 548 385 611 κῶς
433 546 508 609 δὲ,
568 549 649 602 ὅτι
705 550 856 622 νόμῳ
921 552 1206 623 κυήσεως,
1267 553 1466 622 ὁμοίω;
1532 550 1713 616 ἄθεος.
1781 552 1848 607 Εἴ

265 656 357 701 τις
403 638 805 697 διαπεπλάσθαι
852 643 944 698 τὸν
981 644 1291 716 ἄνθρωπον,
1324 640 1425 697 εἷθ’
1461 644 1848 698 ὐποδεδυκὲναι

269 732 419 798 λέγοι
480 731 633 792 Θεὸν,
702 732 1047 803 κατάκριτος.
1111 736 1185 788 Οὐ
1256 737 1350 805 γὰρ
1409 736 1660 806 γέννησις
1715 736 1850 791 Θεοῦ

262 823 422 875 τοῦτό
462 825 638 886 ἐστιν,
684 824 817 876 ἀλλὰ
861 824 1005 895 φυγὴ
1051 828 1376 896 γεννήσεως.
1418 826 1485 879 Et
1520 844 1604 890 τις
1642 827 1853 896 εἰσάγει

261 916 359 969 δύο
394 916 575 979 Tia-3;,
604 917 698 970 Eva
730 917 826 987 μὲν
853 917 943 970 τὸν
977 918 1038 969 ὲκ
1066 918 1198 969 Θεοῦ
1225 919 1317 970 καὶ
1342 919 1574 989 Πατρὸς,
1602 919 1852 991 δεύτερον

261 1006 319 1058 δὲ
354 1006 443 1058 τὸν
484 1008 545 1058 ἐκ
586 1008 679 1076 τῆς
716 1007 947 1079 μητρὸς,
986 1007 1097 1060 ἀλλ’
1133 1008 1253 1079 οὐχ).
1285 1010 1381 1063 ἕνα
1415 1011 1508 1062 καὶ
1536 1010 1627 1064 τὸν
1666 1008 1847 1075 αὑτὸν,

261 1093 359 1146 καὶ
408 1094 506 1164 τῆς
555 1095 822 1158 υἱοθεσίας
869 1096 1091 1150 ἐκπέσοι
1132 1098 1230 1167 τῆς
1269 1099 1686 1170 ἐπηγγελμένης
1735 1103 1849 1164 τοῖς

259 1187 439 1257 ὀρθῶς
495 1186 825 1241 πιστεύουσι.
881 1187 1075 1252 Φύσεις
1123 1190 1220 1260 μὲν
1272 1190 1381 1261 γάρ
1430 1190 1525 1243 δύο
1571 1192 1702 1251 Θεὸς
1754 1192 1845 1245 καὶ

259 1278 571 1349 ἄνθρωπος,
604 1278 725 1331 ἐπεὶ
759 1279 851 1332 καὶ
882 1279 1025 1350 ψυχὴ
1070 1281 1162 1333 καὶ
1192 1280 1353 1351 σῶμα
1406 1294 1420 1311 ⁸
1558 1283 1662 1334 υἱοὶ
1700 1283 1757 1335 δὲ
1784 1283 1845 1336 οὐ

256 1368 373 1432 δύο,
415 1369 535 1421 οὐδὲ
569 1370 709 1425 Θεοί.
753 1371 885 1424 Οὐδὲ
920 1371 1028 1443 γάρ
1066 1371 1297 1425 ἐνταῦθα
1333 1373 1425 1425 δύο
1463 1373 1757 1445 ἄνθρωποι,
1799 1376 1848 1427 εί

258 1465 355 1516 καὶ
382 1462 559 1527 οὕτως
590 1466 617 1516 ὁ
651 1464 859 1527 Παῦλος
900 1465 959 1519 τὸ
986 1466 1135 1529 ἐντὸς
1176 1465 1267 1518 τοῦ
1317 1466 1621 1537 ἀνθρώπου,
1657 1470 1751 1519 καὶ
1787 1466 1850 1519 τὸ

258 1556 418 1619 ἐκτός
469 1558 912 1629 πιτροοησιγόρευσε.Δ
946 1558 1057 1611 Καὶ
1109 1559 1159 1611 εἰ
1203 1558 1282 1611 δεῖ
1329 1558 1609 1629 συντόμως
1645 1559 1840 1623 εἰπεῖν,

256 1645 388 1699 ἄλλο
414 1646 514 1717 μὲν
542 1648 633 1700 καὶ
664 1648 789 1701 ἄλλο
808 1643 875 1700 τά
901 1648 958 1715 ἐξ
983 1640 1056 1701 ὧν
1081 1651 1108 1702 ὁ
1136 1649 1327 1721 Σωτὴρ
1350 1648 1530 1721 (εἴπερ
1554 1648 1628 1720 μὴ
1653 1648 1845 1702 ταυτὸν

257 1738 319 1791 τὸ
345 1739 579 1809 ἀόρατον
607 1739 684 1810 τῷ
712 1739 915 1812 ὁρατῷ,
964 1741 1058 1794 καὶ
1094 1740 1153 1794 τὸ
1190 1742 1415 1813 ἄχρονον
1457 1740 1533 1812 τῷ
1575 1741 1679 1795 ὑπὸ
1719 1740 1847 1813 χρόο

258 1797 428 1897 νον),’
454 1832 550 1883 οὐκ
588 1797 754 1895 ἄλλος·
779 1832 835 1884 δὲ
861 1797 978 1887 ’έαι
1014 1833 1190 1897 ἄλλος·
1348 1797 1574 1901 γένοιτο.
1617 1833 1700 1885 Τὰ
1722 1797 1847 1904 ’ξὰρ
1889 1797 1925 1850 η

257 1923 548 1996 ἀμφότερα
578 1922 634 1976 ἒν
671 1927 735 1995 τῇ
781 1925 1078 1996 συγκράσει
1115 1960 1132 1985 .

259 2019 557 2085 στήσαντος,
610 2015 895 2086 ἀνθρώπου
941 2017 998 2070 δὲ
1041 2016 1352 2083 θεωθέντος,
1391 2017 1424 2089 ἢ
1477 2019 1624 2080 ὅπως
1662 2018 1727 2071 ἄν
1760 2034 1846 2079 τις

258 2106 571 2176 ὀνομάσειε.
615 2107 772 2175 Λέγω
811 2108 866 2161 δὲ
912 2108 1039 2163 ἄλλο
1076 2111 1166 2161 καὶ
1196 2109 1324 2161 ἄλλο
1374 2148 1390 2176 ,
1539 2107 1777 2179 ἔμπαλιν
1812 2108 1843 2178 ἦ

260 2197 353 2250 ἐπὶ
406 2198 508 2268 τῆς
557 2197 784 2269 Τριάδος
838 2198 969 2270 ἔχει.
1028 2200 1173 2253 Ἐκεῖ
1229 2201 1328 2271 μὲν
1376 2202 1484 2272 γὰρ
1540 2200 1698 2264 ἄλλος
1754 2200 1848 2253 καὶ

261 2290 455 2354 ἄλλος,
486 2290 571 2341 ἵνα
604 2288 677 2361 μὴ
710 2290 808 2353 τὰς
849 2292 1175 2354 ὑποστάσεις
1206 2291 1541 2361 συγχέωμεψ
1580 2292 1681 2344 οὐκ
1721 2290 1847 2345 άλλο

259 2382 316 2436 δὲ
349 2383 447 2436 καὶ
477 2383 623 2446 ἄλλο,
660 2383 715 2435 ἓν
740 2382 844 2453 γάρ
874 2382 939 2436 τὰ
971 2385 1096 2454 τρία
1126 2383 1219 2436 καὶ
1247 2383 1443 2436 ταυτὸν
1468 2386 1535 2454 τῇ
1562 2382 1793 2455 θεότητι.

1278 1925 1413 1979 Θεοῦ
1448 1926 1545 1995 μὲν
1578 1923 1845 1996 ὲνανθρω-

1233 342 1608 406 PANOPLIA
1649 342 2105 406 DOGMATICA.
2143 369 2209 379 -
2250 343 2394 405 ΤιΤ.
2439 346 2594 410 XIV.

3430 354 3544 418 eas

1568 459 1851 530 ἀνθρωπι-
1884 465 1929 522 Α
1958 460 2175 519 dixerit.
2209 459 2430 522 divino,
2474 462 2601 532 quia
2643 478 2846 535 absque
2887 464 2985 519 viri
3031 479 3232 535 opera;
3276 466 3541 535 humano,

1957 554 2077 622 quia
2134 552 2360 607 humani
2399 562 2697 627 conceptus
2728 557 2872 628 lege,
2907 573 3059 628 atque
3097 558 3290 614 atheus
3338 568 3444 616 est.
3482 558 3541 617 Si

1960 647 2081 717 quis
2109 644 2402 700 tenuatum
2458 647 2733 703 hominem
2786 649 2976 713 fuisse,
3028 651 3305 721 Deumque
3350 661 3539 723 postea

1966 732 2203 785 subiisse
2232 730 2400 794 dicat,
2432 733 2768 786 damnationi
2809 736 3081 789 obnoxius
3112 745 3216 790 cst.
3251 737 3362 790 Hoc
3392 738 3542 792 enim

1967 837 2075 876 non
2109 821 2201 877 Dei
2233 822 2511 891 generatio
2550 823 2735 887 fuerit,
2765 824 2860 880 sed
2893 828 3259 896 generationis
3298 828 3443 899 fuga.
3477 828 3537 885 Si

1966 915 2091 983 quis
2120 913 2259 969 duos
2295 912 2455 977 filios,
2486 914 2717 969 alterum
2753 930 2819 969 ex
2854 914 2966 970 Deo
3005 927 3057 971 et
3088 915 3268 982 Patre,
3305 920 3539 974 alterum

1965 1018 2029 1059 ex
2061 1010 2251 1063 matre.
2287 1018 2395 1056 non
2429 1010 2609 1058 autem
2643 1020 2811 1058 unum
2838 1011 3002 1075 atque
3030 1007 3280 1061 eumdem
3306 1008 3538 1063 induxe-

1968 1098 2061 1159 rit,
2098 1095 2146 1149 is
2175 1096 2242 1149 ab
2272 1110 2332 1149 ea
2377 1111 2597 1165 quoque
2634 1096 2867 1150 filiorum
2899 1097 3195 1168 adeptione
3234 1099 3250 1130 ¹
3297 1099 3536 1166 excidat,

1968 1203 2087 1258 quze
2116 1197 2265 1243 recte
2303 1187 2656 1243 credentibus
2689 1189 2959 1258 promissa
2978 1198 3079 1245 est.
3114 1190 3371 1255 Quamvis
3392 1192 3538 1245 enim

1966 1279 2089 1334 duze
2118 1287 2327 1333 natura:
2369 1281 2477 1333 sint
2517 1279 2657 1334 Deus
2702 1288 2755 1334 et
2785 1280 2969 1343 homo,
3002 1281 3201 1352 quippe
3228 1284 3317 1352 qui
3359 1282 3539 1336 anima

1970 1373 2038 1426 tit
2068 1379 2120 1425 et
2150 1386 2371 1439 corpus,
2410 1385 2517 1424 non
2555 1380 2735 1425 tamen
2772 1372 2882 1425 duo
2918 1371 3011 1425 filii
3047 1379 3101 1426 et
3131 1372 3202 1425 dii
3238 1392 3248 1425 :
3280 1375 3541 1440 quemad-

1975 1463 2189 1517 modum
2236 1479 2304 1517 ne
2340 1462 2427 1516 hic
2461 1462 2679 1532 quidem
2714 1464 2821 1518 duo
2855 1464 3130 1527 homines,
3154 1466 3369 1518 tametsi
3397 1463 3543 1519 Pau-

1969 1554 2053 1611 lus
2086 1558 2148 1610 ad
2182 1556 2327 1611 hunc
2358 1555 2577 1610 modum
2616 1556 2888 1609 internam
2915 1565 2967 1610 et
2990 1563 3271 1610 externam
3303 1557 3540 1611 hominis

1969 1656 2176 1717 partem
2213 1648 2565 1717 appellaverit
2616 1650 2657 1702 ‘.
2690 1649 2884 1717 Atque,
2924 1656 2982 1700 ut
3022 1647 3212 1718 paucis
3242 1662 3353 1701 rem
3385 1661 3540 1703 com-

1970 1740 2199 1811 plectar,
2234 1739 2381 1793 aliud
2410 1740 2628 1811 quidem
2674 1747 2837 1810 atque
2865 1739 3014 1794 aliud
3042 1740 3173 1794 sunt
3212 1754 3297 1806 ea,
3331 1753 3395 1794 ex
3421 1739 3557 1810 quio-

1970 1835 2073 1889 bus
2107 1836 2377 1898 Salvator,
2552 1835 2777 1905 (quippe
2815 1849 2939 1887 cum
2975 1848 3081 1887 non
3115 1833 3255 1887 idem
3288 1834 3357 1889 sit
3395 1835 3540 1905 quod

1969 1928 2122 1982 cerni
2154 1943 2263 1981 non
2295 1936 2498 1997 potest,
2540 1942 2663 1980 cum
2695 1942 2762 1981 eo
2792 1924 2936 1996 quod
2972 1926 3025 1979 in
3064 1933 3342 1996 aspectum
3372 1926 3543 1991 cadit;

1968 2028 2022 2076 et
2058 2019 2203 2091 quod
2250 2019 2511 2089 temporis
2564 2033 2760 2089 expers
2798 2028 2916 2080 est,
2957 2032 3082 2072 cum
3124 2032 3187 2071 eo
3220 2017 3365 2087 quod
3411 2025 3552 2072 tem-

1971 2111 2088 2183 pori
2120 2111 2341 2183 subest)
2379 2127 2392 2162 :
2456 2125 2564 2166 non
2589 2119 2772 2167 tamen
2798 2112 2939 2166 alius
2974 2118 3134 2181 atque
3158 2110 3337 2166 alius:
3374 2110 3540 2167 absit.

1970 2204 2146 2260 Ambo
2175 2202 2318 2259 enim
2351 2203 2465 2258 hate
2486 2204 2827 2260 connexione
2850 2220 3019 2258 unum
3046 2212 3195 2270 sunt,
3229 2203 3341 2260 Deo
3372 2204 3541 2259 nimii-

1970 2310 2089 2349 rum
2123 2294 2541 2357 humanitatem,
2565 2301 2729 2365 atque
2752 2293 2971 2350 homine
2995 2294 3330 2351 divinitatem
3362 2295 3543 2351 suscis

1971 2386 2177 2457 piente,
2231 2394 2324 2441 aut
2373 2400 2701 2455 quocunque
2745 2384 2961 2441 tandem
2998 2386 3217 2441 nomine
3262 2386 3541 2456 quispiam

270 2477 350 2529 uti
414 2475 586 2530 malit.
620 2475 788 2529 Porro
823 2475 968 2530 aliud
1004 2483 1056 2529 et
1087 2474 1233 2531 aliud
1263 2476 1406 2541 dico,
1443 2484 1637 2534 contra
1671 2494 1833 2549 quam
1873 2479 1923 2533 in
1955 2480 2222 2536 Trinitate
2249 2497 2337 2537 res
2374 2482 2554 2537 habet.
2587 2481 2700 2537 lllic
2731 2484 2876 2539 enim
2939 2482 3083 2539 alius
3139 2494 3301 2553 atque
3366 2484 3526 2546 alius)

268 2583 338 2622 ne
377 2583 640 2637 person-is
668 2565 1069 2623 confundamus
1098 2583 1245 2624 :non
1275 2576 1458 2624 autem
1495 2569 1644 2624 aliud
1711 2581 1872 2639 atque
1908 2572 2079 2635 aliud,
2160 2574 2417 2642 quoniam
2469 2575 2572 2627 tria
2627 2575 2804 2644 quoad
2860 2576 3201 2631 divinitatem
3250 2592 3421 2631 unum
3468 2584 3526 2631 et

269 2660 415 2716 idem
454 2671 600 2715 sunt.

345 2754 417 2806 Ei.’
440 2770 543 2816 τις,
575 2751 649 2816 ὡς
677 2752 735 2804 ἐν
768 2751 1020 2822 προφήτῃ
1042 2789 1056 2810 ,
1085 2750 1234 2819 λέγοι
1264 2748 1406 2802 κατὰ
1438 2747 1597 2819 χάριν
1628 2750 1858 2822 ἐνηργη-

2029 2744 2085 2800 Si
2114 2747 2236 2816 quis
2263 2745 2604 2804 divinitatem
2637 2748 2693 2805 in
2724 2765 2811 2815 eo,
2842 2750 2997 2806 velut
3020 2768 3074 2806 tn
3107 2752 3395 2825 propheta,
3435 2770 3534 2826 per

271 2846 462 2911 κέναι,
508 2842 644 2897 ἀλλὰ
705 2842 778 2914 μὴ
810 2843 930 2897 κατ’
975 2841 1159 2896 οὐσίαν
1200 2840 1471 2911 συνῆφθαί
1508 2857 1567 2893 τε
1603 2842 1697 2894 καλ⁵
1737 2859 1858 2895 συν-

1967 2838 2189 2910 gratiam
2246 2846 2523 2910 operatam
2572 2839 2764 2906 fuisse,
2816 2857 2927 2897 non
2986 2853 3167 2899 autem
3227 2844 3531 2901 secundum

192 2954 195 2955 '
271 2935 563 3001 ἅπτεσθαι,
597 2934 680 3005 εἴη
709 2933 860 2997 κενὸς
886 2934 983 3005 τῆς
1012 2932 1316 3005 κρείττονος
1337 2932 1631 3004 ἐνεργείας,
1665 2933 1858 3003 μᾶλλον

1967 2932 2248 2988 essentiam
2280 2933 2582 3003 copulatam
2618 2933 2786 2991 fuisse
2824 2944 2986 3007 atque
3020 2936 3261 3007 copulari
3312 2936 3529 3001 dixerit,

269 3030 327 3083 δὲ
374 3028 595 3100 πλήρης
642 3026 740 3096 τῆς
783 3026 1047 3089 ἐναντίας,
1098 3026 1166 3079 Et
1195 3042 1277 3089 τις
1317 3025 1391 3095 μὴ
1439 3027 1731 3097 προσκυνεῖ
1772 3022 1858 3077 τὸν

1967 3036 1990 3076 a
2028 3025 2394 3093 praestantiori
2459 3024 2647 3080 aftlatu
2686 3042 2897 3084 vacuus
2942 3030 3033 3091 sit,
3094 3030 3203 3084 imo
3249 3031 3532 3085 contrario

276 3119 713 3191 ἐσταυρωμένον,
767 3117 1015 3188 ἀνάθεμα
1060 3115 1223 3181 ἔστω,
1283 3118 1377 3170 καὶ
1425 3116 1670 3188 τετάχθω
1725 3116 1864 3187 μετά

276 3212 389 3266 τῶν
426 3210 743 3265 θεοκτόνων.

278 3305 313 3374 ἢ
348 3302 492 3375 μετά
529 3303 590 3356 τὸ
613 3302 913 3373 βάπτισμα,
940 3301 974 3372 ἦ
1009 3301 1146 3372 μετὰ
1172 3301 1270 3372 τὴν
1304 3302 1365 3353 ὲκ
1394 3301 1604 3373 νεκρῶν
1630 3302 1864 3355 ἀνάστα-

284 3413 368 3450 σιν
403 3396 676 3459 υἱοθεσίας
706 3394 967 3465 ἠξιῶσθαι
995 3394 1163 3462 λέγοι,
1202 3393 1451 3465 καθάπερ
1478 3394 1571 3457 οὓς
1604 3395 1864 3466 ’Έλληνες

277 3488 745 3559 παρεγγράπτους
781 3488 1089 3556 εἰσάγουσιν
1134 3523 1150 3547 ,
1304 3486 1553 3558 ἀνάθεμα
1594 3486 1751 3541 ἔστω.
1790 3488 1862 3541 Τὸ

274 3573 390 3646 γὰρ
451 3574 749 3646 ἠργμένον,
794 3575 828 3648 ἢ
884 3574 1221 3648 προκόπτον,
1276 3573 1310 3646 ἢ
1363 3575 1764 3643 τελειούμενον,
1809 3574 1868 3626 οὐ

276 3668 443 3734 Θεὸς,
498 3669 602 3723 κᾶν
657 3670 747 3724 διὰ
799 3671 901 3741 τὴν
952 3670 1096 3724 κατὰ
1151 3667 1351 3740 μικρὸν
1404 3668 1675 3733 ἀνάδειξιν
1733 3665 1873 3719 οὕτω

277 3763 536 3833 λέγηται.
569 3764 635 3817 Εἴ
662 3780 746 3826 τις
779 3761 1167 3816 ἀποτεθεῖσθαι
1211 3761 1311 3815 νῦν
1341 3761 1443 3831 τὴν
1492 3760 1655 3829 ἁγίαν
1692 3761 1875 3830 σάρκα

278 3856 457 3926 λέγοι,
496 3856 587 3909 καὶ
620 3857 835 3928 γυμνὴν
861 3851 999 3910 εἶναι
1036 3855 1135 3926 τὴν
1185 3854 1417 3925 θεότητα
1447 3852 1546 3908 τοῦ
1593 3854 1872 3924 σώματος,

281 3952 427 4005 ἀλλὰ
477 3950 552 4021 μὴ
604 3952 742 4021 μετά
797 3951 893 4005 τοῦ
938 3950 1372 4020 προσλήμματος
1426 3947 1524 4004 καὶ
1578 3946 1741 4013 εἶναι,
1780 3951 1875 4001 καὶ

281 4050 462 4119 ἥξειν,
506 4050 581 4118 μὴ
612 4049 709 4102 ἴδοι
745 4047 845 4119 τὴν
887 4046 1046 4111 δόξαν
1072 4046 1172 4116 τῆς
1198 4028 1528 4118 παρουσίαξ
1547 4044 1737 4098 αὑτοῦ.
1769 4042 1876 4097 Ποῦ

282 4144 401 4212 γὰρ
452 4141 512 4195 τὸ
547 4142 709 4211 σῶμα
760 4140 877 4207 νῦν,
908 4140 957 4192 εί
996 4139 1069 4209 μὴ
1107 4138 1245 4207 μετά
1293 4138 1388 4192 τοῦ
1437 4136 1873 4207 προσλαδόντοςῖ

282 4236 342 4289 οὐ
396 4234 507 4304 γὰρ
551 4233 615 4304 δὴ
655 4232 795 4286 κατά
834 4232 962 4294 τοὺς
1015 4230 1333 4301 Μανιχαίων
1375 4228 1579 4298 λήρους
1626 4228 1704 4297 τῷ
1740 4226 1879 4297 ἡλίῳ

284 4325 721 4389 ὲναποτέθειται,
790 4325 877 4378 ἵνα
944 4324 1154 4395 τιμηθῇ
1210 4323 1299 4377 διὰ
1363 4321 1464 4391 τῆς
1525 4321 1787 4392 ἀτιμίας’
1842 4320 1877 4391 ἢ

284 4420 367 4482 είς
420 4417 510 4470 τὸν
553 4417 692 4488 ἀέρα
734 4417 893 4487 ἐχέθη
945 4418 1041 4468 καὶ
1088 4414 1330 4483 διελύθη,
1364 4414 1439 4478 ὡς
1472 4414 1657 4483 φωνῆς
1694 4412 1880 4481 φύσις.

286 4479 384 4549 καὶ
417 4495 585 4566 ὀδμῆς
622 4479 797 4565 ῥύσις,
831 4479 921 4546 καὶ
955 4492 1242 4563 ἀστραπῆς
1273 4479 1858 4561 δρόμοςόὐχίσταμέ-

1967 4485 2120 4555 juxta
2155 4484 2572 4539 Manichaeorum
2609 4483 2797 4536 deliria

218 4618 223 4621 ι
286 4602 410 4656 νης.
454 4585 563 4638 Ποῦ
604 4584 659 4637 δὲ
708 4584 801 4638 καὶ
844 4583 904 4635 τὸ
952 4582 1337 4653 ψηλαφηθῆναι
1385 4579 1545 4633 αὐτὸν
1593 4579 1729 4649 μετὰ
1772 4578 1871 4650 τὴν

288 4677 605 4739 ἀνάστασιν,
636 4675 669 4745 ἢ
701 4674 1031 4745 ὀψθήσεσθαί
1067 4690 1196 4725 ποτε
1228 4672 1333 4724 ὑπὸ
1371 4670 1479 4724 τῶν
1508 4668 1871 4738 ὲκκεντησάν-

288 4787 430 4835 των;
466 4768 657 4839 θεότης
706 4768 812 4838 γὰρ
864 4766 985 4818 καθ’
1030 4764 1230 4829 ἑαυτὴν
1281 4764 1529 4834 ἀόρατος.
1576 4760 1712 4812 Ἀλλ’
1754 4760 1871 4830 ἣξει

294 4861 397 4932 μὲν
433 4860 570 4929 μετά
604 4859 697 4912 τοῦ
738 4856 1008 4928 σώματος,
1047 4856 1123 4920 ὡς
1154 4854 1285 4925 ἐμὸς
1321 4854 1497 4921 λόγος,
1541 4850 1779 4913 τοιοῦτος
1816 4850 1872 4903 δὲ

292 4947 404 5014 οἷος
430 4951 582 5021 ὤφθη
616 4952 728 5013 τοῖς
760 4948 1025 5019 μαθηταῖς
1062 4950 1116 5000 ὲν
1155 4945 1234 5016 τῷ
1265 4945 1401 5017 ὄρει,
1446 4944 1479 5015 ἢ
1518 4941 1866 5012 παρεδείχθη,

293 5041 673 5112 ὑπερνικώσης
716 5040 777 5092 τὸ
822 5040 1042 5110 σαρκίον
1090 5038 1187 5108 τῆς
1236 5036 1503 5105 θεότητος.
1554 5034 1764 5104 Ὥσπερ
1812 5034 1870 5085 δὲ

292 5132 468 5185 ταῦτα
496 5132 726 5202 λέγομεν
758 5128 1257 5200 ἀποσκευαζόμενοι
1290 5128 1386 5198 τὴν
1422 5127 1698 5188 ὑπόνοιαν,
1730 5124 1872 5177 οὕτω

295 5226 523 5278 κάκεῖνα
550 5228 832 5296 γράςςομεν
855 5224 1223 5297 διορθούμενοι
1245 5222 1343 5294 τὴν
1369 5218 1740 5290 καινοτομίαν.

1958 3110 2269 3183 impleatur.
2296 3113 2352 3170 Si
2377 3114 2501 3185 quis
2524 3115 2847 3171 crucifixum
2870 3133 2979 3171 non
3003 3117 3214 3182 adorat,
3239 3118 3529 3174 anathema

918 3210 985 3265 Εἴ
1010 3226 1092 3273 τις
1125 3210 1183 3274 ἐξ
1213 3209 1387 3278 ἔργων
1420 3209 1858 3280 τετελειωμένον,

1967 3205 2054 3269 sit,
2096 3214 2263 3276 atque
2316 3205 2370 3259 in
2414 3222 2604 3261 eorum
2640 3207 2731 3277 qui
2768 3207 2937 3263 Deum
2986 3208 3385 3265 interemerunt
3429 3225 3533 3263 nu-

1958 3313 2164 3352 merum
2194 3298 2526 3354 ascribatur.
2556 3298 2611 3353 Si
2637 3300 2760 3369 quis
2786 3316 2908 3355 eum
2951 3317 3015 3355 ex
3042 3301 3301 3373 operibus
3359 3300 3535 3373 perfe-

1958 3399 2105 3446 ctum
2125 3390 2316 3455 fuisse,
2338 3399 2431 3446 aut
2453 3399 2579 3463 post
2599 3391 2952 3463 baptismum,
2969 3394 3051 3448 vel
3076 3396 3541 3450 resurrectionem

1959 3499 1989 3538 a
2017 3484 2271 3545 mortuis,
2317 3485 2371 3539 in
2424 3484 2595 3538 filium
2630 3485 2945 3552 adeptatum
2994 3484 3231 3543 dixerit.
3271 3488 3537 3556 quemad-

1961 3577 2181 3632 modum
2215 3592 2352 3646 quos
2375 3574 2547 3630 Graeci
2573 3573 2913 3643 ascriptitios
2935 3572 3226 3634 inducunt,
3248 3571 3537 3625 anathema

1963 3669 2054 3722 sit.
2089 3667 2275 3737 Neque
2306 3670 2451 3721 enim
2484 3666 2561 3730 id,
2587 3666 2734 3736 quod
2775 3664 2989 3718 initium
3029 3662 3244 3726 habuit,
3288 3669 3383 3714 aut
3412 3676 3538 3730 pro-

1964 3756 2095 3819 ficit,
2138 3764 2228 3809 aut
2271 3754 2573 3825 perficitur,
2617 3752 2762 3809 Deus
2793 3760 2879 3807 est
2914 3767 2929 3803 ι
2982 3752 3202 3807 tametsi
3236 3751 3353 3805 hmo
3378 3749 3445 3804 de
3470 3765 3537 3806 eo

1963 3846 2173 3902 idcirco
2220 3846 2497 3909 dicantur,
2529 3844 2673 3915 quod
2721 3843 2983 3915 paulatim
3033 3857 3155 3898 sese
3195 3840 3534 3912 patefecerit.

1965 3939 2025 3994 Si
2071 3941 2195 4011 quis
2240 3946 2485 3993 sanctam
2544 3951 2769 3991 carnem
2827 3950 2977 3990 nunc
3022 3934 3327 4003 depositam
3387 3946 3535 3995 esse,

1966 4030 2279 4100 nudamque
2333 4043 2399 4082 ac
2452 4041 2687 4098 corpore
2737 4040 2969 4080 vacuam
3016 4024 3358 4079 divinitatem
3389 4036 3538 4088 esse,

1966 4138 2075 4179 non
2103 4130 2285 4176 autem
2332 4136 2457 4176 cum
2510 4125 2797 4189 assumpta
2829 4133 3018 4181 carne,
3053 4126 3107 4172 et
3140 4132 3285 4177 esse,
3322 4124 3375 4171 et
3404 4132 3540 4171 ven-

1967 4225 2143 4269 turam
2190 4227 2314 4267 esse
2364 4211 2587 4275 dixerit,
2635 4210 2904 4266 adventus
2955 4208 3103 4262 illius
3159 4207 3389 4278 gloriam
3427 4220 3539 4260 non

1968 4311 2177 4358 cernat.
2220 4301 2325 4356 Ubi
2354 4302 2499 4356 enim
2528 4316 2675 4356 nunc
2722 4315 2925 4370 corpus
2962 4298 3147 4362 fuerit,
3174 4297 3278 4354 nisi
3308 4311 3432 4352 cum
3474 4309 3539 4351 ea

1975 4402 2195 4455 natura,
2226 4409 2255 4446 a
2294 4408 2398 4463 qua
2428 4399 2770 4461 assumptum
2804 4390 2926 4445 est?
2971 4389 3085 4442 Non
3129 4389 3275 4442 enim
3329 4388 3542 4442 scilicet

2953 4480 3059 4535 soli
3096 4478 3409 4548 impositum
3432 4485 3538 4541 est,

1973 4585 2031 4632 ut
2062 4594 2156 4648 per
2192 4577 2433 4631 dedecus
2465 4576 2765 4628 honoretur
2796 4591 2810 4625 :
2847 4580 2937 4625 aut
2976 4572 3028 4624 in
3058 4586 3237 4625 aerem
3282 4570 3461 4624 fusum
3486 4576 3541 4622 et

1970 4670 2298 4724 dissolutum
2323 4676 2430 4733 cst,
2460 4677 2517 4721 ut
2548 4667 2696 4722 vocis
2727 4676 2944 4730 natura,
2975 4670 3030 4720 et
3053 4662 3241 4718 odoris
3270 4660 3457 4725 ﬂuxio,
3484 4668 3541 4715 et

1973 4760 2205 4831 fulguris
2259 4775 2457 4814 cursus
2510 4758 2737 4813 minime
2788 4753 3169 4812 consistentis.
3227 4751 3327 4807 Ubi
3370 4751 3538 4806 etiam

1972 4852 2105 4906 illud
2156 4866 2422 4921 ponemus
2493 4850 2639 4921 quod
2710 4850 2828 4920 ipse
2890 4839 3035 4919 post'
3080 4842 3539 4905 resurrectionem

1974 4952 2261 4999 contactus
2297 4943 2470 4999 fuisse
2510 4943 2776 4998 scribitur
2831 4949 2875 5005 ³,
2927 4949 3024 4997 aut
3056 4939 3124 4995 ab
3154 4939 3244 5001 iis,
3283 4951 3312 4991 a
3339 4935 3540 5007 quibus

1976 5030 2225 5085 conﬁxus
2241 5038 2325 5085 est
2352 5030 2373 5062 ⁸
2404 5072 2418 5094 ,
2444 5030 2741 5101 aliquando
2770 5028 3078 5085 videbitur?
3101 5027 3365 5082 Divinitas
3395 5025 3541 5079 enim

1972 5139 2068 5195 per
2104 5139 2161 5178 se
2198 5122 2483 5177 oculorum
2541 5123 2791 5177 obtutum
2840 5120 2996 5191 fugit.
3032 5117 3232 5174 Verum
3263 5131 3388 5170 cum
3419 5129 3543 5167 cor-

1974 5232 2106 5286 pore
2131 5215 2372 5285 quidem,
2411 5223 2471 5268 ut
2504 5214 2707 5281 sentio,
2743 5212 2956 5276 veniet;
2993 5211 3120 5266 talis
3165 5221 3368 5272 autem,
3402 5220 3540 5274 qua-

296 5316 366 5372 lis
393 5318 683 5389 discipulis
706 5320 761 5374 in
796 5328 981 5374 monte
1017 5319 1290 5389 apparuit,
1320 5324 1414 5371 aut
1454 5316 1631 5370 obiter
1656 5321 1914 5369 ostensus
1951 5320 2035 5367 est
2080 5319 2128 5375 ⁵,
2163 5310 2453 5367 divinitate
2483 5324 2703 5365 carnem
2734 5313 3049 5377 superante.
3074 5300 3541 5371 Quemadmodum

297 5419 477 5465 autem
508 5410 623 5466 hac
672 5411 991 5467 amolienda:
1038 5409 1374 5481 suspicionis
1421 5421 1590 5463 causa
1629 5406 1885 5471 dicimus,
1927 5404 2128 5463 sicilia
2162 5418 2383 5475 quoque
2416 5400 2727 5474 corrigendi
2759 5397 3133 5457 noricrruris
3177 5392 3359 5451 studio
3400 5393 3543 5449 scri-

298 5502 503 5562 bimus.

362 5784 380 5817 ¹
419 5785 616 5854 Ephes.
648 5804 687 5852 ι,
727 5795 774 5847 5.

290 5854 312 5885 ⁸
334 5854 522 5915 Matth.
555 5876 685 5928 xvii,
708 5868 765 5917 ‘2.

899 5793 919 5823 '
955 5790 972 5845 l
1004 5789 1130 5848 Cor.
1160 5805 1251 5857 xv,
1285 5790 1387 5856 45;
1428 5791 1470 5848 ll
1502 5793 1629 5851 Cor.
1658 5808 1737 5859 tv,
1781 5792 1881 5859 16;
1913 5792 2115 5865 Ephes.
2149 5812 2237 5863 ιιι,
2268 5795 2357 5851 16.

2467 5793 2485 5824 ³
2524 5792 2658 5849 Luc.
2689 5807 2837 5861 xxiv,
2869 5789 2961 5848 59.
3082 5792 3105 5826 δ
3136 5790 3308 5851 Zach.
3340 5804 3448 5857 xu,
3470 5788 3560 5844 ω.
