3770 6556
451 361 552 427 887

1685 362 2067 433 EUTIIYMII
2105 367 2469 432 ZlGABENlE

3524 382 3608 449 €88

518 505 580 566 Si
611 510 738 582 quis
766 520 992 565 carnem
1035 523 1069 563 a'
1111 502 1254 563 ωειιό
1287 505 1660 576 descendisse,
1693 522 1803 563 non
1837 517 2009 563 autem

2189 507 2256 564 Et
2272 528 2354 575 τις
2377 510 2524 580 λέγοι
2553 509 2654 582 τὴν
2681 506 2859 582 σάρκα
2888 509 2946 578 ἐξ
2973 507 3200 584 οὐρανοῦ
3238 513 3610 592 κατεληλυθέναι,

449 601 579 657 hinc
609 611 771 673 atque
806 617 835 655 a
867 600 1026 655 nobis
1052 614 1175 656 esse
1205 599 1428 667 dixerit,
1460 599 1672 655 etiamsi
1703 614 1870 670 supra
1898 615 2022 668 nos,

452 694 741 748 anathema
776 693 863 746 sit.
885 689 1024 744 lllud
1049 689 1220 758 enim,
1248 687 1516 744 Secundus
1541 689 1699 745 homo
1721 689 1934 745 decreto
1977 691 2019 758 ¹’,

451 795 527 847 et,
561 781 750 848 Qualis
796 783 1044 845 cwlcstis,
1095 780 1228 834 tales
1269 791 1320 836 et
1367 781 1594 836 caelestes
1647 791 1668 821 ²
1695 799 1712 850 ;
1741 789 1818 847 et,
1852 779 2020 836 Nemo

439 875 687 932 escendit
726 877 781 930 in
809 875 1018 938 calum,
1060 877 1169 930 nisi
1196 877 1288 946 qui
1309 875 1574 930 descendit
1597 875 1661 930 de
1689 875 1816 930 caelo
1843 873 2019 930 Filius

450 969 678 1025 hominis
725 975 779 1037 ⁸,
814 976 868 1024 et
901 969 948 1026 si
979 968 1116 1039 quid
1143 968 1292 1024 aliud
1336 968 1582 1038 ejusdem
1615 971 1855 1038 generis,
1892 983 2018 1039 pro.

453 1068 572 1132 pter
605 1060 864 1116 unionem
895 1075 1020 1116 eum
1053 1059 1263 1114 caelesti
1306 1058 1415 1114 dici
1451 1059 1872 1115 existimandum
1898 1067 2018 1115 est:

447 1149 912 1221 quemadmodum
955 1158 1009 1204 et
1031 1149 1187 1213 illud,
1211 1147 1316 1204 Per
1347 1149 1624 1204 Christum
1669 1151 1854 1204 omnia
1878 1150 2020 1206 facta

445 1258 570 1300 esse
614 1242 636 1273 ⁵
665 1281 682 1308 ,
714 1250 768 1298 et
799 1241 1066 1298 Christum
1103 1242 1156 1294 in
1184 1241 1429 1296 cordibus
1462 1243 1645 1296 vestris
1691 1242 1928 1297 habitare
1963 1256 2016 1309 I,

443 1349 556 1390 non
594 1332 901 1390 secundum
951 1333 1004 1386 id
1056 1332 1172 1399 Dei,
1220 1332 1365 1402 quod
1411 1331 1587 1386 oculis
1621 1333 1886 1398 cernitur,
1922 1333 2017 1388 sed

446 1425 748 1481 secundum
773 1425 848 1491 id,
873 1425 1017 1495 quod
1047 1425 1321 1479 intellectu
1355 1425 1677 1494 percipitur,
1716 1426 2018 1481 commistis

445 1515 720 1581 videlicet,
752 1524 812 1570 ut
865 1517 1102 1580 naturis,
1158 1515 1232 1568 ita
1267 1516 1432 1571 etiam
1482 1517 1816 1582 nominibus,
1854 1525 2019 1586 atque

445 1607 518 1661 ob
543 1607 911 1660 arctissimam
962 1605 1408 1672 eonjunctionem
1471 1605 1612 1660 inter
1661 1621 1720 1661 se
1767 1605 2009 1662 vicissim

442 1696 903 1752 commeantibus.

516 1787 573 1842 Si
625 1787 750 1856 quis
802 1788 857 1841 in
912 1787 1187 1842 hominem
1241 1796 1424 1844 mente
1486 1795 1760 1842 carentem
1811 1795 2014 1866 sperat,

440 1896 632 1935 aniens
666 1879 916 1950 profecto
956 1888 1063 1944 est,
1095 1897 1196 1937 uec
1225 1881 1447 1952 dignus,
1477 1881 1563 1934 cui
1599 1881 1744 1935 omni
1770 1897 1832 1936 ex
1866 1862 2009 1953 parte

2124 1881 2260 1945 ἐστὶ,
2313 1883 2406 1936 καὶ
2444 1884 2543 1936 οὐκ
2593 1881 2741 1948 ἄξιος
2787 1881 2922 1944 ὅλως

441 1973 597 2027 salus
649 1971 928 2028 alieratur.
978 1972 1113 2026 Nam
1170 1973 1316 2043 quod
1367 1984 1706 2042 assumptum
1767 1983 2012 2038 nonest,

436 2067 750 2125 curationis
799 2075 882 2122 est
917 2081 1166 2136 expers:
1201 2064 1347 2134 quod
1404 2072 1586 2118 autem
1646 2063 1757 2117 Deo
1803 2065 2016 2117 unitum

438 2167 546 2226 est,
592 2160 697 2214 hoc
739 2175 962 2230 quoque
1011 2159 1248 2214 salutem
1281 2149 1665 2226 Consequitur.
1701 2155 1759 2210 Si
1795 2156 2023 2210 dimidia

439 2263 654 2312 tantum
711 2268 779 2308 ex
817 2261 974 2323 parte
1023 2251 1270 2308 Adamus
1311 2252 1500 2321 lapsus
1529 2257 1636 2312 est,
1679 2250 2022 2304 dimidiatum

439 2361 662 2416 quoque
695 2346 769 2400 sit
807 2344 953 2414 quod
985 2350 1333 2414 assumptum
1381 2350 1500 2406 est,
1530 2351 1584 2397 et
1615 2343 1760 2412 quod
1792 2342 2024 2396 salutem

441 2437 681 2507 accipit;
723 2437 768 2492 si
822 2444 1006 2489 autem
1052 2442 1203 2490 totus
1238 2434 1508 2504 peccavit,
1547 2436 1646 2489 toti
1681 2449 1899 2503 quoque
1933 2447 2026 2502 ge-

439 2528 558 2583 nito
591 2527 781 2581 unitus
810 2534 916 2588 est,
954 2536 1118 2595 atque
1151 2526 1300 2580 omni
1333 2541 1399 2579 ex
1432 2534 1590 2594 parte
1621 2525 1857 2579 salutem
1891 2537 2024 2576 con-

438 2617 710 2685 sequitur.
738 2616 1007 2681 Quocirca
1041 2628 1110 2668 ne
1150 2612 1452 2683 perfectam
1479 2613 1710 2667 salutem
1737 2612 1827 2665 isti
1862 2611 2024 2664 nobis

437 2705 740 2771 invideant,
769 2716 862 2762 aut
897 2722 1034 2762 ossa-
1067 2707 1268 2768 solum,
1309 2713 1366 2759 et
1393 2721 1613 2767 nervos.
1648 2715 1811 2776 atque
1843 2705 2025 2759 homi-

437 2801 527 2856 nis
559 2801 829 2870 picturam
865 2797 1137 2854 Salvatori
1168 2798 1439 2852 tribuant.
1467 2797 1601 2852 Nam
1624 2798 1670 2852 si
1701 2798 1817 2869 ipse
1844 2797 2023 2852 inani-

438 2901 623 2947 matus
656 2892 820 2946 homo
849 2899 957 2954 est,
989 2891 1094 2945 hoc
1141 2890 1307 2946 etiam
1352 2891 1539 2946 Ariani
1591 2892 1768 2954 aiunt,
1804 2898 1861 2943 ut
1892 2906 2021 2960 pas-

437 2985 652 3040 sionem
685 2983 962 3040 divinitati
997 2983 1268 3048 tribuant,
1468 2992 1728 3054 tanquam
1767 2983 2021 3038 videlicet

433 3078 582 3148 quud
627 3092 831 3147 corpus
861 3089 1060 3143 movet,
1096 3078 1241 3133 idem
1280 3093 1502 3148 quoque
1533 3079 1794 3146 patiatur.
1838 3074 1892 3128 Si
1923 3090 2022 3128 au-

435 3179 546 3224 tem
602 3172 876 3224 animatus
907 3171 1152 3241 quidem,
1199 3186 1388 3226 verum
1424 3170 1630 3226 mentis
1657 3184 1876 3238 expers,
1911 3183 2021 3238 quo

2119 604 2254 659 ἀλλὰ
2302 605 2376 676 μὴ
2419 602 2664 656 ἐντεῦθεν
2699 598 2836 656 εἶναι
2863 603 2955 656 καὶ
2987 606 3113 674 παρ’
3142 605 3310 674 ἡμῶν,
3341 609 3383 660 εἰ
3411 612 3488 663 καὶ
3507 613 3613 687 ὑπὲρ

2120 697 2268 768 ἡμᾶς
2301 695 2430 765 (45),
2467 693 2714 765 ἀνάθεμα
2751 693 2910 748 ἔστω.
2949 693 3021 746 Τὸ
3055 693 3180 765 γὰρ,
3209 696 3260 747 Ὀ
3285 695 3519 768 δεύτερος
3538 704 3613 756 ἀν.

2119 792 2349 858 θρωπος
2371 787 2439 851 ἐξ
2459 785 2736 854 οὐρανοῦ,
2767 786 2861 839 καὶ
2884 776 3018 851 Οἶος
3039 789 3071 839 ό
3097 787 3450 856 ἐπουράνιος,
3471 796 3616 849 τοιοῦ-

2120 897 2208 935 τοι
2237 880 2331 933 καὶ
2358 881 2412 932 οι
2440 877 2801 946 ἐπουράνιοι,
2829 878 2940 939 καὶ,
2973 877 3180 944 Οὐδεὶς
3211 880 3533 948 ἀναϐέϐηκεν
3552 891 3617 952 εις

2120 970 2228 1024 τὸν
2258 968 2537 1039 οὐρανὸν,
2564 968 2618 1021 ει
2641 966 2728 1038 μὴ
2771 969 2803 1020 d
2832 968 2899 1020 ἐκ
2939 967 3044 1021 τοῦ
3081 967 3330 1036 οὐρανοῦ
3363 976 3572 1040 καταϐὰς
3594 982 3618 1031 ό

2129 1061 2262 1127 Υἱὸς
2309 1059 2416 1115 τοῦ
2458 1059 2792 1127 ἀνθρώπου,
2827 1059 2921 1112 καὶ
2965 1060 3018 1111 ετ
3061 1077 3114 1112 τι
3165 1058 3288 1113 ἄλλο
3329 1061 3524 1127 τοιοῦτο,
3558 1085 3619 1120 νο-

2125 1151 2344 1222 μιστέον
2385 1150 2639 1219 λέγεσθαι
2681 1150 2768 1204 διὰ
2807 1151 2905 1220 τὴν
2954 1150 3091 1221 πρὸς
3138 1150 3227 1203 τὸν
3271 1151 3489 1222 οὖράνιον
3522 1156 3620 1210 ἐνω.

2123 1261 2206 1297 σιν
2250 1277 2267 1304 .
2434 1243 2621 1314 ὥσπερ
2660 1245 2754 1297 κοιλ⁸
2796 1243 2856 1296 τὺ
2911 1243 2999 1296 διὰ
3045 1240 3277 1314 Χριστοῦ
3311 1246 3548 1312 γεγονέναι
3576 1254 3624 1303 τὰ

2121 1338 2331 1401 πάντα,
2387 1338 2485 1392 καὶ
2530 1336 2830 1390 κατοικεῖν
2888 1337 3145 1404 Χριστὸν
3172 1337 3241 1389 ἐν
3262 1335 3381 1402 ταῖς
3418 1339 3620 1406 καρδίαις

2121 1428 2307 1499 ὑμῶν,
2347 1430 2407 1483 οὐ
2447 1429 2587 1482 κατὰ
2620 1428 2680 1482 τὸ
2723 1429 3043 1498 φαινόμενον
3079 1427 3173 1480 τοῦ
3213 1428 3342 1480 Θεοῦ
3375 1467 3389 1489 ,
3529 1432 3626 1484 ἀλλὰ

2121 1517 2263 1572 κατὰ
2301 1518 2362 1570 τὸ
2392 1518 2700 1588 νοούμενον,
2735 1519 3078 1590 κιρναμένων
3111 1519 3295 1589 ῶσπερ
3320 1517 3418 1572 τῶν
3446 1519 3623 1588 φύσεων,

2121 1607 2261 1661 οῦτω
2299 1608 2364 1680 δὴ
2412 1608 2502 1660 καὶ
2542 1608 2651 1660 τῶν
2699 1607 2974 1679 κλήσεων,
3018 1607 3118 1660 καὶ
3154 1607 3535 1679 περιχωρουσῶν
3569 1613 3621 1674 εἰς

2121 1700 2354 1770 ἀλλήλας
2377 1699 2460 1770 τῷ
2482 1699 2623 1770 λόγῳ
2650 1699 2759 1768 τῆς,
2777 1699 3074 1770 συμφυΐας.

2191 1790 2357 1854 Eiet;
2384 1793 2462 1854 είς
2489 1791 2646 1844 ἄνουν
2679 1789 2962 1862 ἄνθρωπον
2993 1791 3251 1860 ἡλπικεν,
3285 1789 3486 1860 ἀνόητος
3503 1791 3624 1853 ὅντως

3138 1879 3413 1945 σώζεσθαι.
3455 1881 3516 1934 T6
3548 1882 3624 1954 γὰρ

2121 1970 2535 2042 ἀπρόσληπτον,
2583 1968 2974 2041 ἀθεράπευτον·
3013 1970 3041 2024 ὃ
3084 1970 3141 2023 δὲ
3177 1972 3373 2041 ἥνωται
3423 1970 3488 2041 τῷ
3523 1972 3623 2044 Θεῷ,

2117 2063 2274 2117 τοῦτο
2302 2066 2394 2116 καὶ
2427 2061 2678 2127 σώζεται.
2705 2065 2768 2116 Εἰ
2791 2064 2996 2134 ἥμισυς
3161 2065 3410 2116 ἔπταισεν
3436 2068 3461 2116 6
3487 2065 3627 2139 'Afdu,

2123 2155 2296 2224 ἥμισυ
2324 2154 2418 2208 καὶ
2451 2153 2512 2206 τὸ
2545 2153 3018 2224 προσειλημμένον
3048 2154 3143 2208 καὶ
3187 2155 3247 2207 τὸ
3282 2154 3560 2225 σωζόμενον.
3586 2155 3630 2214 ΕΙ

2124 2247 2178 2299 δὲ
2211 2246 2332 2310 ὅλος
2354 2288 2370 2314 ,
2555 2247 2660 2318 ὅλῳ
2699 2247 2776 2318 τῷ
2806 2245 3118 2317 γεννηθέντι
3155 2249 3385 2318 ἥνωται,
3425 2250 3504 2303 καὶ
3535 2249 3630 2316 ὅλως

2127 2337 2376 2402 σώζεται.
2583 2339 2676 2411 Μὴ
2723 2339 2898 2394 τοίνυν
2949 2339 3388 2410 βασκαινὲτωσαν
3429 2344 3535 2412 ἡμῖν
3563 2346 3631 2414 τῆς

2125 2430 2421 2494 παντελοῦς
2473 2432 2776 2502 σωτηρίας,
2825 2431 2958 2502 μηδὲ
2999 2433 3134 2484 ὀστᾶ
3178 2433 3364 2502 μόνον,
3404 2435 3484 2486 καὶ
3513 2434 3632 2505 νεῦρα

2123 2523 2218 2577 καὶ
2250 2523 2566 2594 ζωγραφίαν
2594 2523 2876 2595 ἀνθρώπου
2908 2524 2984 2594 τῷ
3014 2525 3228 2596 Σωτῆρι
3259 2526 3630 2596 περιτιϐέτωσεν.

2124 2615 2187 2668 Εἰ
2220 2614 2319 2685 μὲν
2352 2615 2460 2687 γὰρ
2489 2614 2694 2685 ἄψυχος
2727 2617 2755 2668 6
2787 2615 3092 2687 ἄνθρωπος,
3127 2615 3288 2669 τοῦτο
3324 2618 3410 2669 καὶ
3432 2618 3634 2688 Ἀρειανοὶ

2123 2707 2390 2777 λέγουσιν,
2423 2709 2488 2762 ἵν’
2513 2710 2605 2762 ἐπὶ
2628 2709 2727 2779 τὴν
2757 2709 2984 2780 Θεότητα
3014 2711 3075 2762 τὸ
3095 2710 3274 2775 πάθος
3298 2711 3632 2778 ὲνέγκωσιν,ὼς

2120 2798 2216 2852 τοῦ
2250 2796 2526 2862 κινοῦντος
2559 2797 2619 2851 τὸ
2656 2799 2848 2870 σῶμα,
2883 2799 3073 2852 τούτου
3109 2802 3208 2854 καὶ
3391 2815 3632 2868 πασχοντος.

2123 2889 2183 2944 Εἰ
2205 2891 2260 2943 δὲ
2294 2890 2555 2962 ἔμψυχος,
2587 2893 2635 2944 εί
2675 2891 2773 2962 μὲν
2798 2891 2859 2944 οὗ
2891 2891 3093 2963 νοερὸς,
3122 2893 3250 2958 πῶς’
3275 2895 3365 2947 καὶ
3390 2892 3632 2963 ἅνθρωπος

2120 2983 2183 3036 οὐ
2225 2981 2333 3054 γὰρ
2382 2981 2542 3037 ἄνουν
2597 2981 2735 3046 ζῶον
2789 2985 2817 3036 6
2874 2981 3184 3054 ἄνθρωπος.
3236 2983 3346 3038 Καὶ
3385 2985 3562 3051 ἀνάγκη
3595 2983 3635 3034 τὸ

2123 3075 2304 3145 σχῆμα
2333 3075 2430 3145 μὲν
2458 3073 2796 3148 ἀνθρώπειον
2823 3071 2960 3128 εἶναι
3121 3075 3222 3130 καὶ
3243 3076 3338 3148 τὴν
3363 3076 3550 3146 σκηνὴν,
3569 3076 3637 3142 τὴν

2119 3164 2174 3217 δὲ
2193 3165 2368 3237 ψυχὴν
2394 3167 2560 3219 ἵππου
2595 3165 2758 3232 τινὸς,
2793 3164 2826 3236 ἦ
2852 3163 3012 3236 ιβοὸς,
3036 3167 3068 3238 ἢ
3097 3166 3262 3220 ἄλλου
3300 3166 3402 3219 τῶν
3435 3167 3634 3234 ἀνοήτων.

435 3261 664 3316 tandem
714 3262 874 3316 modo
925 3262 1166 3318 hominis
1211 3278 1412 3318 nomen
1463 3261 1806 3318 sustinebit?
1838 3261 2009 3329 Neque

2124 3253 2292 3309 Τοῦτο
2320 3255 2451 3325 γοῦν
2490 3256 2644 3309 ἔσται
2679 3258 2772 3310 καὶ
2802 3256 2863 3310 τὸ
2902 3257 3232 3329 σωζόμενονδ
3269 3258 3359 3312 καὶ
3387 3255 3637 3324 διεψεύσθην

433 3351 579 3405 enim
637 3352 804 3406 homo
847 3353 1050 3406 animal
1079 3363 1162 3407 est
1215 3361 1396 3407 mente
1428 3369 1644 3408 carens.
1676 3354 1852 3422 Atque
1884 3350 2009 3405 illud

2124 3347 2232 3417 ἐγὼ
2252 3347 2403 3420 παρὰ
2437 3349 2532 3418 τῆς
2559 3348 2839 3420 ἀληθείας.
2873 3351 3032 3406 ἄλλου
3056 3350 3398 3421 τιμηθέντος,
3424 3348 3552 3410 ἄλλος
3573 3364 3637 3417 μευ

432 3459 662 3500 necesse
692 3453 796 3511 est,
825 3452 884 3499 ut
917 3445 1130 3516 species
1153 3445 1374 3514 quidem
1404 3453 1457 3500 et
1483 3445 1632 3499 larva
1660 3444 1897 3498 humana
1921 3443 2009 3506 sit,

2124 3439 2577 3512 ¹γαλαυχοῦμενος.
2608 3440 2668 3494 El
2688 3440 2745 3493 δὲ
2769 3443 2976 3515 νοερὸς,
2999 3442 3114 3496 ἀλλ’
3137 3444 3242 3496 οὐκ
3263 3443 3414 3506 ἄνους
3437 3442 3462 3492 6
3484 3441 3640 3511 ἄνθρωσ

431 3537 616 3592 anima
643 3545 825 3593 autem
859 3541 988 3608 equi
1027 3537 1360 3608 cuiuspiam,
1407 3546 1503 3591 aut
1529 3536 1708 3600 bovis,
1741 3545 1834 3590 aut
1872 3535 2009 3589 alius

2127 3550 2246 3598 πος,
2278 3533 2682 3596 παυσάσθωσαν
2719 3534 2887 3597 ὅντως
2924 3536 3354 3606 ἀνοηταίνοντεςο

431 3629 688 3688 animalis
723 3640 964 3687 mentem
1008 3647 1120 3688 non
1171 3631 1448 3689 habentis.
1493 3632 1574 3686 Ac
1615 3631 1848 3701 proinde
1879 3629 2012 3684 illud
2051 3643 2272 3700 quoque
2311 3633 2443 3694 erit,
2486 3629 2576 3684 cui
2625 3630 2780 3686 salus
2826 3628 3126 3685 aﬂ‘eratur:
3160 3641 3327 3700 atque
3363 3647 3453 3703 ego
3479 3631 3533 3684 ab
3557 3631 3640 3699 ipsa

431 3724 674 3784 Veritate
713 3725 942 3784 delusus
986 3743 1132 3791 sum.
1171 3738 1228 3784 ut
1259 3728 1374 3798 qui,
1413 3728 1522 3782 alio
1556 3729 1767 3783 honore
1808 3725 2025 3793 affecto,
2064 3727 2181 3796 ipse
2205 3725 2429 3796 glorier,
2461 3741 2657 3796 meque
2693 3726 2919 3797 jactem.
2952 3726 3011 3782 Si
3050 3737 3236 3784 autem
3290 3729 3472 3784 mentis
3517 3729 3637 3797 parti-

427 3835 580 3895 ceps,
609 3838 724 3879 non
757 3833 936 3879 autem
969 3830 1154 3879 mente
1184 3839 1382 3880 carens
1414 3825 1580 3880 homo
1611 3831 1720 3888 est,
1754 3823 2008 3893 desipere
2043 3837 2172 3878 vere
2194 3836 2258 3876 ac
2281 3823 2480 3878 mentis
2509 3822 2691 3894 inopia
2718 3823 2969 3880 laborare
2999 3825 3278 3881 desinant.

497 3916 587 3981 At,
653 3917 854 3986 inquit,
925 3917 1188 3973 divinitas
1243 3920 1448 3973 mentis
1510 3919 1632 3974 loco
1687 3915 2014 3974 sufﬁciebat.

429 4008 569 4074 Quid
604 4017 792 4063 autem
823 4009 931 4064 hoc
974 4010 1043 4064 ad
1082 4011 1208 4064 me?
1236 4009 1505 4066 Divinitas
1548 4009 1695 4066 enim
1728 4023 1855 4065 cum
1895 4009 2013 4065 sola

426 4113 596 4154 carne
624 4099 790 4153 homo
817 4114 930 4154 non
957 4108 1066 4161 est,
1094 4101 1206 4155 imo
1240 4117 1340 4156 nec
1370 4116 1496 4156 cum
1525 4102 1644 4157 sola
1679 4101 1884 4167 anima,
1908 4115 2010 4156 nec
2042 4129 2048 4134 -

425 4204 554 4244 eum
576 4197 832 4260 utraque,
858 4191 905 4247 si
931 4205 1083 4247 mens
1106 4193 1272 4260 absit,
1299 4209 1422 4264 qua:
1449 4195 1615 4250 etiam
1645 4195 1828 4266 magis
1844 4195 2007 4252 homo

421 4280 643 4336 eenseri
665 4277 849 4337 debet.
874 4281 1245 4348 Quamobrem
1277 4293 1454 4340 totum
1495 4286 1773 4345 hominem
1805 4289 2003 4351 retine,

427 4381 494 4422 ac
532 4369 882 4426 divinitatem
921 4373 1181 4446 adjunge,
1232 4385 1295 4431 ut
1325 4391 1412 4432 me
1454 4377 1614 4448 plene
1669 4393 1733 4432 ac
1766 4379 2011 4450 perfecte

423 4459 698 4516 beneficio
753 4462 991 4519 afﬁcias.

1066 4561 1152 4619 Ea:
1173 4567 1379 4619 eadem.

499 4659 591 4722 At,
624 4659 826 4730 inquis,
855 4657 965 4713 duo
991 4657 1232 4728 perfecta
1259 4674 1368 4714 non
1402 4660 1664 4728 capiebat.
1699 4661 1817 4712 Non
1841 4673 2010 4722 sane;
2048 4643 2090 4698 ο

419 4751 696 4823 siquidem
730 4767 998 4818 corporeo
1035 4751 1199 4806 modo
1249 4767 1362 4805 rem
1393 4752 1694 4821 expendus.
1731 4751 1837 4806 Vas
1866 4752 2011 4805 enim

428 4843 592 4899 tutius
619 4843 784 4899 modii
811 4858 983 4915 capax
1019 4846 1159 4898 duos
1181 4842 1394 4897 modios
1430 4842 1654 4896 minime
1682 4843 2010 4908 continebit,

427 4948 533 4988 nec
564 4935 811 5004 corporis
847 4935 1011 4989 unius
1059 4935 1211 4990 locus
1259 4935 1368 4990 duo
1418 4944 1515 4990 aut
1560 4935 1713 5004 plura
1755 4949 2006 5001 corpora.

427 5023 484 5078 Si
530 5035 712 5080 autem
767 5035 826 5079 ut
871 5025 1230 5098 intelﬁgibilia
1277 5036 1334 5082 et
1365 5027 1688 5095 incorporea
1720 5040 1782 5080 ea
1821 5026 2006 5081 consi-

424 5122 606 5188 tlercs,
659 5122 788 5179 illud
837 5125 1229 5194 animadverte.
1272 5126 1418 5195 quod
1459 5125 1600 5180 idem
1634 5124 1774 5194 ipse,
1806 5133 1860 5180 et
1886 5125 2008 5178 ani-

422 5230 594 5282 mum,
623 5225 678 5268 et
701 5217 988 5283 rationem,
1020 5227 1075 5272 et
1101 5228 1361 5284 mentem,
1387 5229 1442 5272 et
1467 5216 1731 5288 Spiritum
1755 5227 2005 5272 sanctum

421 5307 685 5374 continui,
712 5319 875 5378 atque
902 5312 1067 5364 etiam
1100 5318 1227 5364 ante
1260 5325 1345 5363 me
1375 5309 1612 5363 mundus
1643 5309 1732 5363 hic
1763 5310 1892 5380 (hoc
1921 5319 2005 5363 est

420 5397 568 5466 quod
604 5413 668 5452 ex
699 5399 842 5454 visib
867 5399 1014 5454 libus
1050 5407 1106 5454 et
1152 5399 1518 5454 invisibilibus
1547 5397 1708 5453 rebus
1739 5399 2001 5467 constat),

420 5487 662 5554 Patrem,
700 5489 897 5546 Filium
947 5501 1003 5546 et
1051 5491 1310 5561 Spiritum
1355 5500 1626 5546 sani-tum.
1671 5490 1798 5546 Hice
1850 5491 1996 5545 euim

422 5596 637 5648 eorum,
691 5600 812 5653 qua:
869 5585 920 5637 in
959 5584 1296 5639 intellectum
1324 5584 1558 5649 cadunt,
1588 5593 1780 5638 natura
1813 5596 1918 5648 est,
1945 5593 2001 5637 ut

418 5673 746 5744 incorporeo
787 5685 948 5746 atque
993 5676 1254 5731 invisibili
1297 5679 1496 5743 modo,
1547 5684 1604 5732 et
1644 5677 1787 5731 inter
1833 5692 1892 5731 se
1947 5688 2003 5732 et

419 5777 545 5821 cum
573 5768 900 5837 corporibus
935 5769 1293 5835 misceantur,
1331 5767 1776 5839 quandoquidem
1797 5780 1853 5824 et
1882 5771 2002 5840 plu-

493 5862 512 5896 ⁹
554 5865 731 5922 lCor.
771 5885 865 5936 xv,
907 5870 995 5924 47.
1110 5870 1130 5898 ¹
1179 5867 1312 5922 ibid.
1349 5866 1440 5920 48.
1553 5869 1757 5925 ’Joau.
1795 5885 1876 5938 ut,
1921 5869 2002 5926 l5.

2203 3914 2342 3967 Ἀλλ’
2371 3915 2560 3986 ήρκει,
2590 3917 2775 3985 φησὶν,
2808 3917 2847 3986 ἡ.
2871 3916 3066 3986 θεότης.
3091 3917 3217 3969 ἀντὶ
3246 3915 3338 3969 τοῦ
3374 3913 3473 3968 νοῦ.
3505 3912 3556 3965 Τί
3575 3906 3638 3965 οὖν

2119 4007 2254 4080 πρὸς
2281 4007 2380 4078 ἐμὲ
2413 4007 2598 4073 τοῦτο;
2635 4007 2839 4080 Θεότης
2869 4009 2978 4080 γὰρ
3007 4010 3145 4080 μετὰ
3188 4009 3389 4082 σαρκὸς
3419 4008 3556 4080 μόνης
3572 4005 3641 4058 οὐκ

2115 4101 2419 4172 ἄνθρωπος,
2455 4101 2570 4155 ἀλλ’
2606 4101 2727 4155 οὐδὲ
2759 4101 2937 4172 ψυχῆς
2982 4104 3180 4175 μόνης,
3224 4105 3347 4159 οὐδὲ
3383 4103 3642 4175 ἀμφοτέρων

2111 4197 2280 4268 χωρὶς
2316 4195 2410 4249 τοῦ
2445 4194 2560 4260 νοῦ,
2598 4195 2627 4248 ὃ
2659 4195 2754 4248 καὶ
2792 4193 2992 4265 μᾶλλον
3025 4195 3342 4269 ἄνθρωπος.
3519 4194 3643 4262 Τήρει

2113 4285 2206 4343 οῦν
2232 4287 2323 4340 τὸν
2360 4288 2645 4356 ἄνθρωπον
2671 4289 2822 4356 ὅλον,
2863 4290 2958 4342 καὶ
2988 4290 3141 4361 μίξον
3177 4291 3281 4362 τὴν
3323 4289 3552 4358 θεότητα,
3581 4285 3640 4336 ἵνα

2117 4399 2184 4454 με
2222 4381 2421 4446 τελέως
2458 4383 2778 4455 εὐεργετῇς,

2665 4564 2767 4620 Ἐκ
2808 4562 2918 4634 τῆς
2957 4565 3173 4633 αὐτῆς.

2201 4657 2342 4711 Ἀλλ’
2371 4661 2471 4712 οὐκ
2491 4658 2711 4728 ἐχώρει,
2735 4659 2891 4728 φησὶ,
2907 4659 3002 4712 δύο
3023 4662 3227 4714 τέλεια.
3245 4661 3379 4714 Οὐδὲ
3403 4660 3644 4732 γὰρ,είπερ

2123 4749 2453 4821 σωματικῶς
2516 4753 2767 4815 σκοπεῖς.
2819 4751 3070 4819 Ἀγγεῖον
3111 4752 3220 4822 γὰρ
3274 4753 3562 4822 μεδιμναῖον
3600 4750 3641 4801 oi

2121 4844 2362 4914 χωρήσει
2386 4842 2725 4912 διμὲδιμνον,
2757 4843 2879 4896 οὐδὲ
2916 4843 3168 4914 σώματος
3199 4845 3319 4908 ἑνὸς
3354 4847 3502 4907 τόπος
3525 4841 3640 4907 δὸοῆ

2118 4934 2288 4987 πλείω
2317 4933 2583 5002 σώματα⁶
2609 4935 2657 4987 εί
2683 4931 2741 4985 at
2769 4932 2845 4996 ὡς
2874 4935 3041 5004 νοητὰ
3066 4935 3160 4987 καὶ
3197 4934 3478 5005 ἀσώματα,
3499 4935 3643 4986 σκότει

2115 5028 2199 5079 ὅτι
2247 5027 2342 5080 καὶ
2378 5025 2582 5097 ψυχὴν,
2617 5026 2712 5080 καὶ
2761 5027 2942 5094 λόγον,
3003 5031 3099 5081 καὶ
3140 5026 3287 5095 νοῦν,
3337 5030 3428 5082 καὶ
3469 5025 3642 5091 Πνεῦμα

2117 5117 2274 5187 ἅγιον
2315 5120 2344 5172 6
2382 5120 2547 5182 αὐτὸς
2584 5121 2861 5192 ἐχώρησα,
2899 5121 2995 5174 καὶ
3029 5123 3134 5191 πρὸ
3174 5121 3310 5192 ἐμοῦ
3334 5122 3423 5174 τὸν
3453 5119 3641 5186 Πατέρα,

2116 5214 2211 5264 καὶ
2245 5213 2334 5266 τὸν
2368 5213 2519 5279 Υίὸν,
2548 5213 2642 5266 καὶ
2669 5214 2736 5267 τὸ
2763 5213 2923 5282 ἆγιον
2957 5213 3202 5284 Πνεῦμα,
3236 5216 3264 5268 ὁ
3292 5214 3486 5282 κόσμος
3505 5204 3639 5271 οὔτθ’,

2111 5306 2173 5360 τὸ
2209 5306 2272 5371 ἐξ
2299 5307 2514 5377 ὁρατῶν
2545 5307 2690 5377 λέγω
2719 5310 2815 5364 καὶ
2853 5311 3106 5380 ἀοράτων
3158 5311 3425 5381 σύστημα.
3452 5307 3639 5372 Τοιαύτη

2109 5403 2218 5470 γὰρ
2247 5402 2282 5471 ὴ
2309 5401 2420 5455 τῶν
2445 5403 2651 5472 νοητῶν
2691 5403 2874 5472 φύσις,
2904 5408 3212 5476 ἁσωμὰτως
3232 5405 3328 5460 καὶ
3356 5402 3635 5474 ἀμερίῐτωςο

2109 5498 2204 5549 καὶ
2242 5495 2516 5566 ἀλλήλοις,
2555 5501 2649 5550 καὶ
2681 5499 2896 5568 σώμασι
2931 5501 3244 5569 μίγνυσθαι.
3266 5500 3420 5553 Ἐπεὶ
3445 5497 3529 5550 καὶ
3557 5510 3637 5560 φωο

2106 5591 2195 5640 ναὶ
2229 5587 2446 5653 πλείους
2493 5591 2632 5660 ἀκοῇ
2685 5592 2784 5661 μιᾷ
2839 5593 3107 5663 χωρηταὶ,
3143 5593 3233 5646 καὶ
3279 5591 3430 5662 ὄψεις
3471 5583 3635 5640 πολλῶν

2105 5683 2220 5745 τοῖς
2253 5683 2439 5746 αὐτοῖς
2481 5687 2722 5754 ὁρατοῖς,
2758 5687 2852 5739 καὶ
2891 5688 3215 5759 ὀσφραντοίς
3241 5689 3516 5757 ὄσφρησις,
3542 5677 3633 5732 οὔτε

2108 5775 2218 5829 τῶν
2263 5777 2570 5848 αἰσθήσεων
2628 5783 3157 5851 στενοχωρουμένων
3207 5782 3296 5836 ὑπ’
3352 5770 3630 5849 ἀλλήλωνιθ

2116 5873 2134 5902 ⁸
2176 5871 2334 5929 Joan.
2371 5891 2408 5942 t,
2441 5878 2494 5930 5.
2606 5877 2626 5908 δ
2660 5875 2861 5948 Ephes.
2893 5895 2974 5947 ιιι,
3003 5882 3086 5946 l7,
