3968 6550
203 360 331 425 839⁸

1133 366 1508 431 ΡΛΝΟΡΙᾸᾹ
1543 370 1998 443 DOGMATICA,
2037 398 2106 413 -
2145 375 2275 436 ΤῘΤ
2338 374 2489 443 XIV.

3355 378 3477 444 890

204 477 635 545 ἐκολιεομένων,
666 478 789 533 οὔτε
833 482 939 536 τῶν
973 482 1246 554 αἰσθητῶν
1272 486 1678 558 ἐλαττουμένων
1712 492 1788 558 τῷ

1894 490 2090 544 rimum
2117 508 2309 548 vocum
2337 496 2484 550 auris
2511 512 2613 552 una
2645 512 2811 568 capax
2836 508 2940 563 est,
2963 509 3018 556 ει
3050 501 3340 558 multorum
3366 520 3462 559 ora

207 568 414 634 πλήθει
442 569 543 641 τῆς
575 572 935 641 ἀντιλήψεως.

1892 583 2083 639 iisdem
2126 590 2391 656 aspectari
2431 590 2604 644 oculis
2638 600 2893 659 possunt,
2929 596 3233 663 odoresque
3261 595 3462 651 olfactu

204 662 403 714 eodem
427 663 653 733 percipi,
684 665 753 719 ita
788 676 844 721 ut
877 683 978 723 nec
1011 684 1204 726 sensus
1232 680 1421 727 mutuo
1448 673 1898 744 comprimantur,
1933 676 2015 731 vel
2045 678 2405 734 extrudantur
2433 722 2446 747 ,
2479 698 2578 736 nec
2610 700 2694 738 res
2728 686 2955 741 sensiles
2995 689 3065 743 ob
3099 690 3466 758 perceptionis

202 754 424 821 copiam
458 757 870 816 imminuantur.

277 865 390 917 Ποῦ
436 866 493 919 δὲ
534 867 630 920 καὶ
679 866 884 930 τέλειος
935 868 1060 932 νοῦς
1118 870 1485 941 ἀνθρώπουῆ
1537 871 1789 940 ἀγγέλου,

198 955 491 1025 συγκρίσει
522 954 792 1026 θεότητος,
839 957 925 1009 ἴνα
954 958 1014 1010 τὸ
1042 958 1226 1030 ἕτερον
1259 959 1479 1030 ἐκθλιϐῇ
1518 961 1789 1032 παρουσίᾳ

198 1046 294 1098 τοῦ
333 1047 606 1117 μείζονος
630 1047 751 1100 οὐδὲ
782 1047 888 1119 γὰρ
911 1049 1052 1120 αὐγή
1082 1066 1132 1102 τι
1301 1050 1437 1121 πρὸς
1464 1051 1635 1120 ἥλιον,
1669 1052 1789 1104 οὐδὲ

197 1140 344 1201 νοτὶς
368 1138 524 1210 ὀλίγη
559 1138 693 1211 πρὸς
727 1140 997 1209 ποταμὸν,
1042 1141 1129 1194 ἵνα
1158 1140 1225 1195 τὰ
1267 1142 1440 1212 μικρὰ
1477 1143 1789 1213 προανέλω-

200 1247 305 1299 μεν
334 1269 349 1290 ,
498 1230 647 1283 οἴκου
686 1231 784 1301 μὲν
814 1232 1008 1302 αὐγὴν,
1044 1233 1147 1303 γῆς
1182 1233 1238 1286 δὲ
1280 1233 1480 1297 νοτίδα,
1515 1234 1611 1287 καὶ
1647 1232 1790 1287 οὕτω

198 1320 427 1391 χωρηθῇ
463 1321 529 1374 τὰ
564 1322 732 1392 μείζω
764 1322 859 1374 καὶ
895 1322 1216 1393 τελεώτερα.
1254 1323 1378 1389 Πῶς
1405 1324 1513 1396 γὰρ
1548 1327 1792 1397 χωρήσει

197 1412 295 1465 δύο
326 1412 528 1475 τέλεια,
562 1408 710 1477 οἶκος
742 1415 839 1485 μὲν
870 1417 1045 1486 αὐγὴν
1077 1418 1173 1470 καὶ
1207 1417 1379 1487 ἥλιον,
1416 1418 1489 1488 γῆ
1521 1418 1576 1472 δὲ
1611 1419 1791 1472 νοτίδα.

200 1506 298 1557 καὶ
334 1506 597 1577 ποταμὸν,
637 1507 793 1560 τοῦτο
834 1506 1271 1578 διασκεψώμεθα·
1311 1509 1406 1562 καὶ
1446 1509 1553 1581 γὰρ
1588 1509 1791 1581 πολλῆς

199 1598 374 1661 ὅπως
409 1598 470 1650 τὸ
501 1600 731 1669 πρᾶγμα
755 1600 1034 1670 φροντίδος
1062 1599 1227 1665 ἄξιον.
1262 1602 1333 1655 Ἢ
1366 1603 1680 1671 ἀγνοοῦσιν,
1708 1604 1791 1656 ὅτι

201 1688 265 1741 τὸ
302 1691 439 1760 πρός
480 1710 531 1743 τι
572 1691 774 1744 τέλειον
818 1692 953 1763 πρὸς
1005 1693 1190 1763 ἕτερον
1234 1695 1442 1759 ἀτελὲς,
1492 1696 1566 1759 ὠς
1603 1695 1790 1766 βουνὸς

203 1784 346 1850 πρὸς
382 1784 525 1853 ὅρος,
565 1786 659 1838 καὶ
699 1786 894 1850 κόκκος
942 1788 1145 1851 νάπυος
1197 1790 1332 1861 πρὸς
1378 1790 1610 1862 κύαμον,
1664 1793 1698 1862 ἦ
1735 1809 1789 1843 τι

200 1874 335 1927 ἄλλο
377 1876 483 1929 τῶν
528 1877 786 1947 μειζόνων
829 1881 1177 1950 σπερμάτων,
1225 1881 1327 1935 κᾶν
1366 1883 1474 1935 τῶν
1509 1884 1789 1953 ὁμογενῶν

202 1968 395 2037 μεῖζον
427 1966 673 2039 λέγηται·
707 1972 756 2022 εί
777 1970 835 2023 δὲ
863 1970 1061 2040 βούλει,
1095 1973 1189 2025 καὶ
1219 1972 1449 2042 ἄγγελος
1469 1975 1606 2038 πρὸς
1635 1976 1787 2043 Θεὸν,

199 2060 301 2112 καὶ
340 2060 477 2132 πρὸς
514 2060 743 2130 ἄγγελον
782 2062 1097 2132 ἄνθρωπος;
1139 2064 1351 2117 Τέλειον
1391 2061 1485 2118 οὖν
1528 2066 1791 2137 ἡμέτερος

197 2151 351 2217 νοῦς,
384 2153 476 2205 καὶ
499 2155 851 2224 ἡγεμονικὸν,
888 2155 1024 2209 ἀλλὰ
1053 2155 1231 2228 ψυχῆς
1265 2158 1358 2210 κα)⁵
1388 2156 1658 2228 σώματος,
1692 2159 1790 2229 οὐχ

1962 870 2081 926 Jam
2114 888 2244 927 vero
2272 888 2512 942 quonam
2549 883 2711 942 pacto
2758 888 2915 929 mens
2944 874 3201 938 hominis,
3242 882 3337 929 aut
3368 890 3479 930 an-r

1891 965 2016 1036 geli,
2052 966 2097 1020 si
2140 982 2266 1020 cum
2311 966 2598 1021 divinitate
2646 974 3019 1035 comparetur,
3074 966 3316 1037 perfeeta
3360 968 3470 1023 dici

1889 1066 2073 1127 queat,
2100 1068 2159 1111 ut
2189 1059 2417 1112 alterum
2450 1058 2572 1112 loco
2603 1057 2797 1111 cedere
2826 1067 3054 1125 cogatur
3086 1057 3308 1126 majoris
3332 1073 3472 1127 pra:-

1889 1149 2105 1205 Scntia?
2135 1146 2322 1219 Neque
2349 1150 2494 1203 enim
2542 1149 2799 1218 splendor
2841 1148 3073 1217 aliquid,
3116 1149 3160 1203 si
3197 1165 3320 1202 cum
3357 1150 3475 1204 sole

1888 1242 2226 1304 conferatur,
2260 1258 2360 1296 nec
2536 1240 2734 1294 humor
2763 1241 3016 1310 exiguus,
3052 1239 3098 1294 si
3129 1254 3251 1294 cum
3282 1240 3479 1305 ﬂuvio;

1891 1340 1949 1387 ut
1991 1347 2113 1401 qua
2154 1347 2319 1401 parva
2370 1337 2500 1387 sunt
2535 1332 2688 1401 prius
2738 1332 3187 1392 subnioveamus,
3237 1346 3267 1385 e
3308 1329 3473 1384 domo

1889 1422 2264 1494 splendorem,
2295 1439 2325 1478 e
2360 1432 2506 1477 terra
2539 1422 2848 1487 humorem,
2898 1429 3061 1490 atque
3103 1421 3175 1473 ita
3207 1436 3327 1490 qua:
3355 1434 3473 1472 nta-

1882 1520 2007 1591 jora
2045 1527 2175 1574 sunt
2209 1528 2260 1573 et
2305 1516 2632 1587 perfectiora
2686 1517 2998 1584 capiantur.
3039 1513 3285 1580 Quonam
3326 1512 3473 1566 enim

1890 1612 2053 1667 modo
2085 1614 2195 1666 duo
2218 1610 2456 1679 perfecta
2483 1609 2864 1673 continebant,
2902 1609 3027 1661 hinc
3055 1622 3247 1676 nempe.
3277 1606 3476 1661 domus

1889 1703 2237 1772 splendorem
2274 1709 2329 1756 et
2365 1701 2557 1761 solem,
2594 1701 2721 1753 hinc
2758 1715 2976 1753 rursum
3011 1709 3155 1752 terra
3186 1698 3474 1751 humorem

1888 1799 1943 1845 et
1986 1789 2233 1853 ﬂuvium,
2281 1790 2385 1844 hoc
2428 1788 2883 1852 consideremus;
2923 1803 3121 1856 magna
3169 1792 3312 1841 enim
3348 1801 3476 1855 pro-

1890 1880 2037 1937 fecto
2065 1897 2198 1935 cura
2228 1888 2282 1934 et
2318 1880 2797 1934 animadversione
2833 1894 2922 1933 res
2951 1878 3118 1948 digna
3162 1886 3269 1932 est.
3302 1878 3385 1929 An
3416 1876 3477 1930 il-

1890 1974 1983 2028 lud
2025 1988 2121 2027 eos
2162 1972 2318 2042 fugit,
2370 1971 2513 2041 quod
2569 1986 2654 2027 res
2705 1971 2919 2036 eadem,
2964 1986 3087 2040 qua:
3124 1985 3249 2024 cum
3291 1968 3477 2036 aliqua

1890 2066 2087 2119 collata
2112 2064 2355 2134 perfecta
2390 2074 2495 2125 est,
2526 2063 2753 2119 alterius
2783 2063 2995 2118 ratione
3026 2060 3345 2132 imperfecta
3379 2061 3473 2124 sit,

1891 2163 1953 2209 ut
1996 2155 2153 2210 collis
2195 2170 2319 2210 cum
2365 2164 2552 2209 monte
2595 2155 2852 2218 collatus,
2886 2162 2940 2207 et
2988 2167 3220 2223 granum
3263 2150 3477 2220 sinapis

200 2245 396 2307 ἁπλῶς
428 2246 656 2311 τέλειον,
697 2247 832 2300 Θεοῦ
867 2248 923 2301 δὲ
958 2248 1142 2302 δοῦλον
1177 2250 1271 2304 καὶ
1306 2250 1634 2322 ὑποχείριον,
1677 2252 1788 2304 ἀλλ’

1895 2263 2021 2301 cum
2055 2246 2196 2312 faba,
2228 2255 2318 2300 aut
2347 2247 2455 2299 alio
2485 2245 2743 2315 quopiam
2774 2245 2967 2315 majori
2999 2244 3231 2307 semine,
3256 2241 3473 2297 etiamsi

199 2336 264 2389 ού
292 2338 743 2408 συνηγεμονικδν,
771 2338 890 2391 οὐδὲ
918 2339 1201 2410 ὁμότιμον.
1233 2341 1385 2393 Ἐπεὶ
1412 2341 1505 2412 καὶ
1533 2342 1792 2412 Μωῦσῆς,

199 2426 405 2496 Φαραὼ
425 2428 521 2497 μὲν
545 2428 682 2491 θεὸς,
707 2427 842 2482 Θεοῦ
865 2429 918 2482 δὲ
944 2429 1216 2499 Θεράπων,
1252 2432 1328 2495 ὡς
1352 2431 1790 2502 ἀναγέγραπται·

201 2521 300 2571 καὶ
335 2520 564 2589 ἀστέρες
594 2520 763 2575 νύκτα
804 2523 903 2592 μὲν
942 2522 1377 2594 περιλάμπουσιν
1405 2562 1422 2585 .
1566 2525 1701 2596 ἡλίῳ
1737 2526 1795 2580 δὲ

202 2612 571 2679 κρύπτονται,
597 2612 700 2675 ὡς,
733 2612 853 2683 μηδ’
884 2614 966 2666 ὅτι
996 2614 1165 2677 εἰσὶν,
1198 2614 1379 2686 ἡμέρᾳ
1408 2615 1791 2686 γνωρίζεσθαι·

202 2701 303 2755 καὶ
342 2701 563 2773 λαμπὰς
590 2704 745 2774 ὀλίγη
793 2704 1005 2777 μεγάλῃ
1042 2707 1287 2776 πυρκαῖᾷ
1467 2709 1792 2778 προσχωρή-

204 2807 380 2855 casa,
412 2789 538 2844 οὔτε
574 2792 901 2854 ἀπόλλυται,
937 2792 1060 2845 οὔτε
1092 2793 1362 2861 φαίνεται,
1399 2794 1522 2847 οὒτε
1561 2795 1791 2867 χωρίζει

202 2899 296 2934 ται
360 2918 377 2944 ,
542 2884 657 2937 ἀλλ’
697 2884 817 2938 ὅλον
860 2886 976 2938 ἐστι⁸
1020 2885 1264 2956 πυρκαῖά
1313 2921 1329 2947 ,

199 2971 420 3040 ἔχοντος
453 2974 860 3045 ἐκνικήσαντος.

1488 2886 1582 2940 τοῦ
1622 2887 1791 2957 ὑπερ-

1893 2339 1984 2403 iis,
2016 2354 2136 2408 qua:
2162 2338 2409 2405 ejusdem
2450 2345 2578 2392 sunt
2603 2337 2843 2407 generis,
2880 2336 3059 2405 majus
3082 2334 3299 2390 dicatur
3327 2351 3339 2387 :
3374 2348 3473 2388 an-

1893 2433 2047 2503 gelus
2073 2430 2238 2486 etiam
2282 2432 2327 2485 si
2363 2431 2438 2483 ita
2480 2430 2657 2492 lubet,
2705 2444 2829 2482 cum
2869 2427 3001 2490 Dee,
3049 2436 3102 2481 et
3143 2427 3307 2480 homo
3349 2438 3474 2480 cum

1896 2521 2129 2590 angelo?
2151 2520 2423 2586 Quocirca
2448 2536 2602 2575 mens
2629 2528 2843 2581 nostra,
2872 2517 3113 2589 perfecta
3136 2516 3227 2569 illa
3253 2515 3475 2584 quidem

1895 2621 2002 2678 est,
2045 2620 2100 2667 et
2136 2613 2507 2682 principatum
2553 2619 2724 2676 tenet,
2771 2626 2962 2666 verum
3020 2610 3077 2664 in
3130 2609 3368 2663 animam
3420 2614 3475 2661 et

1897 2720 2135 2774 corpus;
2168 2720 2277 2759 non
2309 2712 2491 2760 autem
2540 2705 2863 2775 simpliciter
2894 2701 3173 2773 perfecta;
3211 2700 3302 2755 Dei
3344 2713 3478 2755 vero

1897 2811 2055 2853 serva
2094 2807 2149 2852 et
2199 2797 2418 2852 subdita
2467 2804 2573 2858 est,
2610 2812 2718 2848 non
2769 2793 3113 2865 principatus
3148 2793 3319 2854 socia,
3375 2805 3473 2846 nec

1897 2887 2015 2956 pari
2052 2886 2263 2942 honore
2299 2886 2548 2956 praedita.
2578 2883 3036 2954 Quandoquidem
3065 2883 3229 2937 etiam
3270 2879 3473 2942 Moses.

1898 2976 2200 3033 Pharaonis
2224 2978 2444 3048 quidem
2468 2977 2603 3032 deus
2649 2976 2805 3040 ',Dei
2832 2983 3014 3029 autem
3042 2972 3281 3028 famulus
3304 2979 3389 3027 est
3430 2978 3473 3036 ',

200 3071 265 3115 ut
317 3061 541 3118 Litteris
598 3066 774 3120 sacris
822 3066 1100 3135 proditum
1155 3065 1424 3131 habetur;
1467 3074 1522 3121 ει
1561 3067 1735 3121 stellae
1769 3077 1984 3123 noctem
2021 3070 2337 3135 illustrant,
2373 3085 2402 3123 a
2432 3070 2548 3124 sole
2580 3079 2760 3123 autem
2791 3068 3162 3134 occultantur,
3195 3069 3267 3121 ita
3300 3075 3358 3119 ut
3388 3066 3473 3119 in-

198 3158 383 3212 terdiu
425 3175 495 3215 ne
533 3176 626 3217 eas
683 3162 905 3231 quidem
955 3175 1078 3216 esse
1136 3161 1363 3231 agnosci
1416 3161 1630 3230 possit;
1685 3168 1740 3217 et
1793 3163 1989 3234 exigua
2035 3166 2261 3219 lucerna
2312 3179 2511 3234 magno
2561 3163 2832 3218 accedens
2887 3178 3120 3217 accenso
3174 3176 3328 3232 rogo,
3375 3175 3472 3215 nec

198 3251 594 3320 exstinguitur,
627 3269 729 3308 nec
758 3254 921 3319 lucet,
970 3268 1072 3306 nec
1111 3252 1473 3323 disjungitur,
1510 3253 1607 3307 sed
1649 3260 1827 3306 totum
1866 3268 2034 3325 rogus
2072 3264 2159 3311 est
2203 3269 2268 3309 ac
2298 3254 2539 3321 ﬂamma,
2583 3261 2882 3323 superante
2926 3252 3186 3307 nimirum
3223 3266 3288 3307 co
3328 3250 3471 3324 quod

200 3344 554 3411 praestantius
584 3351 685 3399 est.
1570 3414 1573 3417 ἰ

282 3435 447 3488 ’Λλλὰ
497 3437 843 3507 κατάκριτος,
895 3436 1080 3507 φησιν,
1131 3438 1160 3489 ὁ
1198 3435 1466 3507 ἡμέτερος
1512 3436 1655 3497 νοῦς.
1710 3435 1776 3487 Τί

1958 3434 2029 3486 At
2057 3449 2208 3489 mens
2237 3442 2445 3499 nostra,
2470 3432 2667 3503 inquit,
2699 3433 2957 3487 damnata
2978 3442 3082 3488 est.
3116 3432 3258 3499 Quid
3283 3445 3473 3494 autem»

198 3526 288 3578 δαὶ
322 3528 357 3595 ἡ
393 3527 561 3596 σάρξς
614 3528 674 3580 ού
728 3528 1097 3599 κατάκριτος;
1156 3528 1225 3579 Ἣ
1271 3526 1365 3579 καὶ⁵
1408 3526 1612 3596 ταύτην
1646 3528 1775 3605 άπο-

1894 3525 2053 3579 caro?
2104 3541 2288 3579 annon
2346 3524 2639 3580 damnata?
2691 3524 2875 3591 Quare
2933 3535 3028 3578 aut
3076 3526 3214 3580 hanc
3257 3543 3472 3599 quoque

203 3618 471 3671 σκεύασαι
501 3618 587 3671 διὰ
607 3620 707 3689 τὴν
737 3620 1029 3690 ἁμαρτίαν,
1065 3619 1097 3689 ἦ
1130 3619 1383 3672 κάκεῖνον
1551 3614 1790 3681 πρόσαγε

202 3707 292 3759 διὰ
324 3708 425 3777 τὴν
479 3711 773 3781 σωτηρίαν.
812 3711 876 3763 Et
909 3712 969 3763 τὸ
1017 3713 1200 3781 χεῖρον
1249 3707 1669 3780 προσείληπται,
1720 3705 1787 3759 ἵν’

202 3801 443 3872 ἁγιασῖιῇ
478 3800 566 3854 διὰ
596 3802 695 3871 τ’ἧς
728 3801 1077 3873 σαρκώσεως,
1126 3802 1189 3854 τὸ
1225 3803 1474 3873 κρεῖττον
1505 3798 1568 3852 οὐ
1616 3815 1787 3868 προσ-

200 3894 566 3963 ληφθήσεται,
600 3894 665 3946 ἵν’
702 3894 935 3966 ἁγιασθῇ
967 3894 1055 3947 διὰ
1083 3893 1184 3964 τῆς
1211 3893 1710 3964 ἐνανθρωπήσεως;
1740 3891 1790 3944 εί

202 3991 234 4040 6
264 3987 436 4056 πηλὸς
469 3987 725 4059 ἐζυμώθη
780 3988 873 4040 καὶ
902 3986 1020 4039 νέον
1060 3986 1292 4058 φύραμα
1333 3985 1578 4054 γέγονεν,
1621 3977 1666 4037 ὦ
1711 4000 1792 4036 σο-

203 4081 318 4147 φοι,
360 4080 395 4149 ἡ
431 4078 594 4132 είκὼν
636 4080 698 4133 οὑ
732 4079 1139 4149 ζυμωθήσεται,
1180 4078 1275 4131 καὶ
1308 4077 1446 4150 πρὸς
1487 4076 1621 4130 Θεὸν
1660 4076 1792 4129 ἀνα-

204 4169 542 4241 κραθήσεται
598 4206 615 4228 .
772 4169 1039 4224 θεωθεῖσα
1071 4168 1162 4222 διὰ
1211 4169 1311 4239 τῆς
1352 4167 1635 4238 θεότητοςς
1671 4167 1790 4220 Κά-

204 4263 355 4313 κεῖνο
392 4261 451 4315 δὲ
633 4262 1044 4332 προσθήσομεν·
1079 4262 1127 4313 εί
1157 4260 1475 4314 διέπτυσται
1515 4259 1734 4321 πάντως
1761 4258 1791 4312 ὁ

205 4351 329 4415 νοῦς
362 4354 439 4416 ὡς
471 4353 843 4424 ἀμαρτητικὸς
868 4353 964 4408 καὶ
994 4352 1346 4423 κατάκριτος,
1384 4350 1478 4404 καὶ
1505 4349 1595 4404 διὰ
1633 4348 1791 4402 τοῦτο

205 4445 368 4515 σῶμα
427 4446 526 4514 μὲν
575 4446 996 4516 προσείληπται,
1055 4444 1180 4509 νοῦς
1227 4444 1285 4497 δὲ
1338 4442 1787 4515 παραλέλειπται,

208 4535 509 4606 συγγνώμη
552 4540 666 4600 τοῖς
699 4536 950 4590 πταίουσι
989 4536 1117 4608 περὶ
1147 4535 1294 4590 νοῦν.
1343 4535 1634 4606 Μαρτυρία
1681 4535 1790 4607 γὰρ

204 4625 343 4678 Θεοῦ
391 4624 531 4678 κατὰ
576 4626 636 4678 σὲ
830 4627 1016 4696 σαφῶς
1049 4626 1217 4692 ἔδειξε
1248 4625 1311 4679 τὸ
1352 4626 1451 4697 τῆς
1493 4625 1790 4693 θεραπείας

202 4718 490 4770 ἀδύνατον.
524 4718 679 4771 Εἴπω
721 4718 782 4771 τὸ
831 4718 1048 4789 μεῖζον·
1099 4718 1164 4771 σὺ
1211 4718 1309 4789 μὲν
1354 4716 1443 4769 διὰ
1477 4715 1637 4769 τοῦτο
1669 4718 1788 4770 ἀτι-

1892 3622 2115 3684 propter
2161 3624 2444 3683 peceatum
2486 3615 2684 3683 abjice,
2740 3622 2836 3668 aut
2878 3616 3027 3669 illam
3063 3619 3227 3671 etiam
3253 3626 3470 3688 propter

1890 3706 2120 3760 salutem
2152 3707 2408 3775 adjunge.
2443 3706 2501 3760 Si
2540 3705 2688 3775 quod
2723 3705 2966 3760 deterius
2997 3715 3101 3770 est,
3128 3717 3470 3779 assumptum

1890 3804 1996 3860 est,
2050 3804 2111 3850 ut
2163 3812 2263 3867 per
2324 3796 2762 3852 incarnationem
2815 3796 3230 3865 sanctiticetur;
3263 3814 3470 3868 annon,

1890 3888 2036 3956 quod
2060 3888 2417 3958 praastantius
2443 3898 2548 3953 est,
2582 3896 2917 3952 assumetur,
2948 3896 3006 3942 ut
3025 3904 3121 3958 per
3159 3889 3469 3946 humanita-

1890 3980 1963 4034 tis
2017 3979 2423 4049 susceptionem
2481 3981 2775 4037 sanctitate
2839 3979 3152 4035 afficiatur?
3196 3980 3252 4037 Si
3297 3984 3471 4040 lutum

1891 4069 2275 4126 fermentatum
2320 4079 2425 4137 est,
2451 4087 2485 4128 ο
2524 4073 2803 4142 sapientes
2856 4072 2982 4138 viri,
3025 4088 3091 4128 ac
3143 4090 3285 4129 nova
3334 4092 3470 4132 con-

1891 4165 2105 4233 spersio
2131 4166 2343 4219 exstitit
2415 4163 2460 4233 ³,
2516 4165 2695 4236 imago
2732 4165 2850 4235 ipsa
2886 4180 2993 4219 non
3027 4164 3471 4237 fermentahitur,

1889 4266 1942 4310 et
1966 4271 2090 4310 cum
2116 4256 2228 4311 Deo
2257 4257 2672 4326 temperabitur,
2700 4272 2796 4325 per
2817 4256 3162 4314 divinitatem
3199 4260 3472 4319 deificatai

1889 4348 2033 4413 Quin
2064 4349 2169 4401 hoc
2222 4363 2439 4418 quoque
2477 4350 2805 4419 adjiciemus
2833 4367 2846 4402 :
2881 4353 2927 4405 si
2961 4368 3138 4415 mens,
3189 4360 3249 4406 ut
3277 4369 3467 4424 pecca-

1890 4441 1999 4495 trix
2034 4446 2089 4497 et
2119 4440 2396 4506 damnata,
2446 4442 2672 4496 omnino
2721 4450 2906 4512 spreta
2933 4452 2988 4497 et
3021 4444 3225 4514 rejecta
3264 4457 3369 4510 est,
3399 4445 3471 4503 ob

1889 4546 2120 4602 eamque
2149 4546 2373 4587 causam
2425 4532 2630 4587 omissa
2666 4542 2850 4589 mente
2881 4549 3085 4605 corpus
3122 4544 3469 4606 assumptum

1888 4631 1993 4688 est,
2027 4624 2237 4694 ignosci
2302 4624 2491 4694 utique
2532 4639 2630 4695 par
2668 4632 2749 4680 est
2779 4626 2868 4690 iis,
2910 4627 3003 4696 qui
3051 4626 3195 4682 circa
3231 4636 3468 4687 mentem

1889 4725 2135 4783 peccant.
2186 4712 2277 4768 Dei
2338 4714 2484 4769 enim
2535 4716 2877 4781 testimonio,
2922 4717 2990 4771 de
3040 4727 3131 4772 tua
3171 4720 3467 4786 sententia,

204 4810 425 4881 μάξεις,
494 4804 538 4864 ὦ
606 4810 871 4881 βέλτιστε,
936 4810 1028 4863 τὸν
1083 4809 1214 4881 ὲμδν
1254 4808 1381 4864 νοῦν
1443 4809 1537 4880 (ὡς
1588 4826 1788 4878 σαρκο-

1894 4816 2077 4877 aperte
2097 4808 2536 4863 demonstratum
2564 4820 2669 4874 est,
2698 4826 2817 4864 eam
2850 4812 3001 4866 nulla
3036 4812 3250 4865 ratione
3282 4813 3467 4868 curari

198 4901 431 4973 λᾶι-ρης,
452 4901 609 4974 εἴπερ
632 4901 1091 4973 ἀνθρωπολάτρης
1109 4900 1219 4970 ἐγώ
1266 4929 1282 4956 ς
1406 4900 1493 4955 ἴνα
1516 4901 1783 4973 συνδήσῃς

202 4999 338 5051 Θεὸν
365 4997 503 5071 πρὸς
532 4998 731 5070 σάρκα,
760 4996 833 5060 ὡς
866 4995 967 5049 οὐκ
1013 4995 1187 5059 ἄλλως
1212 4994 1433 5064 δεθῆναι
1467 4993 1784 5064 δυνάμενον,

201 5090 299 5141 καὶ
350 5090 437 5142 διὰ
482 5088 639 5142 τοῦτο
686 5087 922 5158 ὲξαιρεῖς
970 5086 1030 5138 τὸ
1079 5085 1409 5156 μεσότοιχον.
1464 5087 1521 5138 '0
1553 5086 1610 5137 δὲ
1654 5086 1785 5153 ἐμὸς

199 5179 362 5246 λόγος
405 5179 508 5243 τίς,
543 5178 635 5230 τοῦ
670 5176 999 5246 ἀφιλοσόφου
1034 5176 1126 5227 καὶ
1169 5174 1535 5239 ἀπαιδεύτους
1576 5176 1604 5227 ὁ
1660 5172 1783 5236 νοῦς

201 5272 281 5342 τῷ
311 5272 390 5324 νοῒ
421 5272 693 5341 μίγνυται,
740 5270 814 5332 ὡς
866 5270 1146 5340 ἐγγυτέρῳ
1191 5269 1284 5321 καὶ
1320 5266 1650 5338 οἰκειοτέρῳ,
1690 5266 1783 5317 καὶ

201 5366 292 5418 διὰ
326 5364 517 5418 τούτου
551 5366 711 5435 σαρκὶ
752 5362 1127 5435 μεσιτεύοντος
1306 5362 1519 5430 θεότητι
1554 5360 1647 5413 καὶ
1682 5377 1784 5414 ιτα-

203 5472 417 5527 χυτητι.

276 5721 373 5781 Τίς
417 5721 470 5771 δὲ
516 5718 610 5772 καὶ
654 5721 681 5773 ὁ
716 5718 882 5786 λόγος
929 5714 1111 5775 αὐτοῖς
1158 5714 1255 5781 τῆς
1301 5712 1781 5783 ὲνανθρωπήσεως,

783 5802 802 5825 ι

291 5897 305 5926 ⁸
335 5893 502 5949 Exod.
540 5910 629 5955 ιιι,
661 5896 703 5946 l.
820 5894 837 5918 ’
875 5903 988 5944 Jos.
1034 5906 1070 5953 t,
1109 5889 1190 5942 l5.
1306 5890 1323 5918 ³
1354 5890 1371 5943 1
1403 5891 1529 5945 Cur.
1560 5908 1613 5957 ν,
1648 5890 1700 5944 7.

1890 4917 2072 4971 posse.
2128 4900 2385 4957 Dicamne
2431 4903 2575 4972 quod
2618 4904 2795 4969 majus
2830 4906 2942 4959 est?
2965 4903 3045 4960 Tu
3087 4906 3327 4977 quidem,
3371 4922 3467 4976 op-

1883 4991 2011 5045 time
2041 4990 2125 5042 vir
2165 4990 2443 5059 (tanquam
2472 4990 2790 5058 sareolatra,
2813 4990 3078 5061 siquidem
3110 5007 3208 5061 ego
3239 4992 3467 5047 anthroc

1882 5080 2094 5150 polatra
2122 5083 2289 5148 sum),
2319 5080 2526 5135 idcirco
2558 5093 2792 5137 mentem
2829 5098 3003 5137 meam
3041 5085 3367 5144 contemnis.
3406 5092 3464 5139 ut

1885 5172 2053 5227 Deum
2081 5187 2203 5226 cum
2238 5187 2405 5227 carne
2429 5173 2708 5230 devincias
2872 5175 3096 5245 perinde
3120 5184 3284 5244 atque
3308 5176 3465 5229 aliter

1884 5265 2109 5333 astringi
2157 5273 2414 5335 nequeat,
2461 5268 2530 5321 ob
2557 5266 2719 5337 idque
2767 5267 3151 5321 intermedium
3201 5267 3461 5335 parietem

1885 5355 2030 5409 tollis
2076 5355 2248 5411 ’.Μεο
2268 5361 2447 5411 autem
2466 5357 2629 5421 ratio,
2649 5357 2749 5410 hoc
2762 5363 2867 5418 est,
2888 5355 3123 5410 hominis
3141 5355 3362 5409 minime
3383 5370 3466 5410 sa-

1886 5444 2081 5512 pientis
2111 5451 2165 5499 et
2180 5445 2403 5510 eruditi,
2443 5462 2689 5516 quaenam
2722 5446 2843 5500 est?
2865 5445 3220 5507 Mensmenti,
3246 5452 3302 5498 ut
3333 5461 3460 5515 pro~

1886 5533 2159 5602 pinquiori
2176 5540 2229 5589 et
2250 5534 2636 5604 conjunctiori,
2659 5534 2925 5603 jungitur,
2942 5548 3005 5587 ac
3033 5548 3128 5601 per
3144 5549 3262 5586 eam
3282 5533 3456 5595 carni,

1885 5620 2025 5676 inte'r
2048 5622 2385 5679 divinitatem
2417 5632 2471 5677 et
2498 5624 2680 5677 carnis
2713 5623 2907 5675 molem
2934 5662 2948 5684 ,
2984 5623 3456 5676 intervenientem.

1955 5713 2127 5768 Porro
2156 5724 2360 5780 autem,
2392 5730 2553 5785 quam
2593 5715 2948 5771 humanitatis
2992 5723 3312 5784 assumptae,
3350 5714 3460 5780 vel,

1808 5890 1830 5924 ⁸
1859 5888 2061 5961 Epirus.
2098 5906 2156 5956 ιι,
2194 5890 2274 5945 Η.
